|j|☆CrazyComet37
|j|☆mystabloom
|html|CrazyComet37mystabloom    
|uhtml|bestof|Game 1 of a best-of-3
|t:|1783537490
|gametype|doubles
|player|p1|CrazyComet37|flint|
|player|p2|mystabloom|101|
|gen|9
|tier|[Gen 9 Champions] VGC 2026 Reg M-B (Bo3)
|rule|Species Clause: Limit one of each Pokémon
|rule|Item Clause: Limit 1 of each item
|clearpoke
|poke|p1|Whimsicott, L50, F|
|poke|p1|Garchomp, L50, F|
|poke|p1|Charizard, L50, F|
|poke|p1|Floette-Eternal, L50, F|
|poke|p1|Kingambit, L50, F|
|poke|p1|Basculegion, L50, M|
|poke|p2|Sneasler, L50, M|
|poke|p2|Blastoise, L50, M|
|poke|p2|Kingambit, L50, M|
|poke|p2|Incineroar, L50, F|
|poke|p2|Delphox, L50, M|
|poke|p2|Sinistcha, L50|
|teampreview|4
|showteam|p1|Whimsicott||FocusSash|Prankster|Protect,Tailwind,Moonblast,Encore|Timid||F|||50|]Garchomp||LifeOrb|RoughSkin|Protect,Earthquake,DragonClaw,RockSlide|Jolly||F|||50|]Charizard||CharizarditeY|Blaze|Protect,HeatWave,WeatherBall,SolarBeam|Modest||F|||50|]Floette-Eternal||Floettite|FlowerVeil|Protect,LightofRuin,DazzlingGleam,Moonblast|Modest||F|||50|]Kingambit||ChopleBerry|Defiant|IronHead,SuckerPunch,KowtowCleave,LowKick|Adamant||F|||50|]Basculegion||MysticWater|Adaptability|Protect,AquaJet,LastRespects,WaveCrash|Adamant||M|||50|
|showteam|p2|Sneasler||FocusSash|PoisonTouch|CloseCombat,PoisonJab,FakeOut,QuickGuard|Jolly||M|||50|]Blastoise||Blastoisinite|RainDish|Protect,WaterSpout,DarkPulse,ShellSmash|Modest||M|||50|]Kingambit||BlackGlasses|Defiant|Protect,KowtowCleave,SuckerPunch,SwordsDance|Adamant||M|||50|]Incineroar||SitrusBerry|Intimidate|FlareBlitz,PartingShot,HelpingHand,FakeOut|Careful||F|||50|]Delphox||Delphoxite|Blaze|Protect,HeatWave,Psyshock,NastyPlot|Modest||M|||50|]Sinistcha||OccaBerry|Hospitality|Protect,MatchaGotcha,RagePowder,TrickRoom|Bold|||||50|
|c|☆CrazyComet37|Glhf!
|c|☆mystabloom|u2
|inactive|Battle timer is ON: inactive players will automatically lose when time's up. (requested by mystabloom)
|
|t:|1783537551
|teamsize|p1|4
|teamsize|p2|4
|start
|switch|p1a: Garchomp|Garchomp, L50, F|100/100
|switch|p1b: Charizard|Charizard, L50, F|100/100
|switch|p2a: Blastoise|Blastoise, L50, M|100/100
|switch|p2b: Sneasler|Sneasler, L50, M|100/100
|turn|1
|
|t:|1783537569
|detailschange|p1b: Charizard|Charizard-Mega-Y, L50, F
|-mega|p1b: Charizard|Charizard|Charizardite Y
|-weather|SunnyDay|[from] ability: Drought|[of] p1b: Charizard
|detailschange|p2a: Blastoise|Blastoise-Mega, L50, M
|-mega|p2a: Blastoise|Blastoise|Blastoisinite
|move|p2b: Sneasler|Fake Out|p1b: Charizard
|-damage|p1b: Charizard|81/100
|move|p1a: Garchomp|Earthquake|p2a: Blastoise|[spread] p2a,p2b
|-immune|p1b: Charizard
|-supereffective|p2b: Sneasler|1
|-damage|p2a: Blastoise|61/100
|-enditem|p2b: Sneasler|Focus Sash
|-damage|p2b: Sneasler|1/100
|-damage|p1a: Garchomp|90/100|[from] item: Life Orb
|cant|p1b: Charizard|flinch
|move|p2a: Blastoise|Shell Smash|p2a: Blastoise
|-unboost|p2a: Blastoise|def|1
|-unboost|p2a: Blastoise|spd|1
|-boost|p2a: Blastoise|atk|2
|-boost|p2a: Blastoise|spa|2
|-boost|p2a: Blastoise|spe|2
|
|-weather|SunnyDay|[upkeep]
|upkeep
|turn|2
|inactive|CrazyComet37 has 30 seconds left.
|inactive|mystabloom has 30 seconds left.
|inactive|CrazyComet37 has 20 seconds left.
|inactive|mystabloom has 20 seconds left.
|inactive|CrazyComet37 has 15 seconds left.
|inactive|mystabloom has 15 seconds left.
|inactive|CrazyComet37 has 10 seconds left.
|
|t:|1783537617
|move|p2a: Blastoise|Water Spout|p1b: Charizard|[spread] p1a,p1b
|-supereffective|p1b: Charizard|1
|-damage|p1a: Garchomp|49/100
|-damage|p1b: Charizard|0 fnt
|faint|p1b: Charizard
|move|p2b: Sneasler|Close Combat|p1a: Garchomp
|-damage|p1a: Garchomp|0 fnt
|-unboost|p2b: Sneasler|def|1
|-unboost|p2b: Sneasler|spd|1
|-damage|p2b: Sneasler|0 fnt|[from] ability: Rough Skin|[of] p1a: Garchomp
|faint|p1a: Garchomp
|faint|p2b: Sneasler
|
|-weather|SunnyDay|[upkeep]
|upkeep
|inactive|mystabloom has 30 seconds left.
|inactive|mystabloom has 20 seconds left.
|inactive|mystabloom has 15 seconds left.
|
|t:|1783537660
|switch|p2b: Kingambit|Kingambit, L50, M|100/100
|switch|p1a: Whimsicott|Whimsicott, L50, F|100/100
|switch|p1b: Basculegion|Basculegion, L50, M|100/100
|turn|3
|inactive|mystabloom has 30 seconds left.
|inactive|mystabloom has 20 seconds left.
|
|t:|1783537698
|move|p1a: Whimsicott|Encore|p2a: Blastoise
|-start|p2a: Blastoise|Encore
|move|p1b: Basculegion|Aqua Jet|p2a: Blastoise
|-resisted|p2a: Blastoise|1
|-damage|p2a: Blastoise|52/100
|move|p2b: Kingambit|Sucker Punch||[still]
|-fail|p2b: Kingambit
|move|p2a: Blastoise|Water Spout|p1a: Whimsicott|[spread] p1a,p1b
|-resisted|p1a: Whimsicott|1
|-resisted|p1b: Basculegion|1
|-damage|p1a: Whimsicott|73/100
|-damage|p1b: Basculegion|81/100
|
|-weather|SunnyDay|[upkeep]
|upkeep
|turn|4
|
|t:|1783537722
|switch|p2b: Incineroar|Incineroar, L50, F|100/100
|-ability|p2b: Incineroar|Intimidate|boost
|-unboost|p1a: Whimsicott|atk|1
|-unboost|p1b: Basculegion|atk|1
|move|p2a: Blastoise|Water Spout|p1a: Whimsicott|[spread] p1a,p1b
|-resisted|p1a: Whimsicott|1
|-resisted|p1b: Basculegion|1
|-damage|p1a: Whimsicott|48/100
|-damage|p1b: Basculegion|61/100
|move|p1a: Whimsicott|Moonblast|p2b: Incineroar
|-damage|p2b: Incineroar|72/100
|move|p1b: Basculegion|Wave Crash|p2b: Incineroar
|-supereffective|p2b: Incineroar|1
|-damage|p2b: Incineroar|17/100
|-enditem|p2b: Incineroar|Sitrus Berry|[eat]
|-heal|p2b: Incineroar|42/100|[from] item: Sitrus Berry
|-damage|p1b: Basculegion|42/100|[from] Recoil
|
|-weather|SunnyDay|[upkeep]
|upkeep
|turn|5
|inactive|mystabloom has 30 seconds left.
|inactive|mystabloom has 20 seconds left.
|inactive|mystabloom has 15 seconds left.
|
|t:|1783537764
|move|p1a: Whimsicott|Protect|p1a: Whimsicott
|-singleturn|p1a: Whimsicott|Protect
|move|p2a: Blastoise|Water Spout|p1a: Whimsicott|[spread] p1b
|-activate|p1a: Whimsicott|move: Protect
|-resisted|p1b: Basculegion|1
|-crit|p1b: Basculegion
|-damage|p1b: Basculegion|15/100
|move|p1b: Basculegion|Wave Crash|p2b: Incineroar
|-supereffective|p2b: Incineroar|1
|-damage|p2b: Incineroar|0 fnt
|faint|p2b: Incineroar
|-damage|p1b: Basculegion|1/100|[from] Recoil
|
|-weather|none
|-end|p2a: Blastoise|Encore
|upkeep
|
|t:|1783537777
|switch|p2b: Kingambit|Kingambit, L50, M|100/100
|turn|6
|
|t:|1783537799
|move|p1b: Basculegion|Protect|p1b: Basculegion
|-singleturn|p1b: Basculegion|Protect
|move|p2a: Blastoise|Dark Pulse|p1a: Whimsicott
|-resisted|p1a: Whimsicott|1
|-damage|p1a: Whimsicott|0 fnt
|faint|p1a: Whimsicott
|move|p2b: Kingambit|Kowtow Cleave|p1b: Basculegion
|-activate|p1b: Basculegion|move: Protect
|
|upkeep
|turn|7
|
|t:|1783537811
|move|p2b: Kingambit|Sucker Punch|p1b: Basculegion
|-supereffective|p1b: Basculegion|1
|-damage|p1b: Basculegion|0 fnt
|faint|p1b: Basculegion
|
|win|mystabloom
||CrazyComet37 is ready for game 2.
||mystabloom is ready for game 2.
|uhtml|next|Next: Game 2 of 3
