|j|☆That1Morpecko
|j|☆LuckGalicia
|html|That1MorpeckoLuckGalicia    
|uhtml|bestof|Game 2 of a best-of-3
|t:|1782653011
|gametype|doubles
|player|p1|That1Morpecko|hiker-gen4|1107
|player|p2|LuckGalicia|aaron|1165
|gen|9
|tier|[Gen 9 Champions] VGC 2026 Reg M-B (Bo3)
|rated|
|rule|Species Clause: Limit one of each Pokémon
|rule|Item Clause: Limit 1 of each item
|clearpoke
|poke|p1|Aerodactyl, L50, M|
|poke|p1|Garchomp, L50, M|
|poke|p1|Kingambit, L50, F|
|poke|p1|Charizard, L50, F|
|poke|p1|Sylveon, L50, F|
|poke|p1|Farigiraf, L50, F|
|poke|p2|Staraptor, L50, M, shiny|
|poke|p2|Liepard, L50, F|
|poke|p2|Sinistcha, L50|
|poke|p2|Sableye, L50, F|
|poke|p2|Grimmsnarl, L50, M|
|poke|p2|Scizor, L50, F|
|teampreview|4
|showteam|p1|Aerodactyl||Aerodactylite|Unnerve|IceFang,RockSlide,Tailwind,DualWingbeat|Jolly||M|||50|]Garchomp||LifeOrb|RoughSkin|DragonClaw,RockSlide,Earthquake,Protect|Jolly||M|||50|]Kingambit||FocusSash|Defiant|SuckerPunch,KowtowCleave,IronHead,LowKick|Adamant||F|||50|]Charizard||CharizarditeY|Blaze|Protect,WeatherBall,HeatWave,SolarBeam|Modest||F|||50|]Sylveon||FairyFeather|Pixilate|Protect,HyperVoice,HyperBeam,QuickAttack|Modest||F|||50|]Farigiraf||SitrusBerry|ArmorTail|TrickRoom,Thunderbolt,Roar,TwinBeam|Bold||F|||50|
|showteam|p2|Staraptor||Staraptite|Intimidate|CloseCombat,DualWingbeat,Roost,Protect|Adamant||M|||50|]Liepard||FocusSash|Prankster|FakeOut,ThunderWave,Charm,FakeTears|Careful||F|||50|]Sinistcha||Leftovers|Hospitality|MatchaGotcha,StrengthSap,RagePowder,Hex|Bold|||||50|]Sableye||MentalHerb|Prankster|Disable,Encore,SunnyDay,WillOWisp|Impish||F|||50|]Grimmsnarl||LightClay|Prankster|LightScreen,Reflect,ScaryFace,FakeTears|Careful||M|||50|]Scizor||LifeOrb|Technician|BulletPunch,KnockOff,Uturn,Protect|Adamant||F|||50|
|inactive|Battle timer is ON: inactive players will automatically lose when time's up. (requested by That1Morpecko)
|inactive|LuckGalicia also wants the timer to be on.
|
|t:|1782653030
|teamsize|p1|4
|teamsize|p2|4
|start
|switch|p1a: Farigiraf|Farigiraf, L50, F|100/100
|switch|p1b: Sylveon|Sylveon, L50, F|100/100
|switch|p2a: Scizor|Scizor, L50, F|100/100
|switch|p2b: Staraptor|Staraptor, L50, M, shiny|100/100
|-ability|p2b: Staraptor|Intimidate|boost
|-unboost|p1a: Farigiraf|atk|1
|-unboost|p1b: Sylveon|atk|1
|turn|1
|inactive|That1Morpecko has 30 seconds left.
|
|t:|1782653055
|detailschange|p2b: Staraptor|Staraptor-Mega, L50, M, shiny
|-mega|p2b: Staraptor|Staraptor|Staraptite
|move|p2b: Staraptor|Protect|p2b: Staraptor
|-singleturn|p2b: Staraptor|Protect
|move|p1b: Sylveon|Hyper Beam|p2b: Staraptor
|-activate|p2b: Staraptor|move: Protect
|move|p2a: Scizor|Knock Off|p1a: Farigiraf
|-supereffective|p1a: Farigiraf|1
|-damage|p1a: Farigiraf|27/100
|-enditem|p1a: Farigiraf|Sitrus Berry|[from] move: Knock Off|[of] p2a: Scizor
|-damage|p2a: Scizor|90/100|[from] item: Life Orb
|move|p1a: Farigiraf|Twin Beam|p2b: Staraptor
|-activate|p2b: Staraptor|move: Protect
|
|upkeep
|turn|2
|
|t:|1782653068
|switch|p2b: Eyeliner|Liepard, L50, F|100/100
|move|p2a: Scizor|U-turn|p1a: Farigiraf
|-supereffective|p1a: Farigiraf|1
|-damage|p1a: Farigiraf|0 fnt
|faint|p1a: Farigiraf
|-damage|p2a: Scizor|80/100|[from] item: Life Orb
|
|t:|1782653073
|switch|p2a: Staraptor|Staraptor-Mega, L50, M, shiny|100/100|[from] U-turn
|move|p1b: Sylveon|Hyper Voice|p2a: Staraptor|[spread] p2a,p2b
|-supereffective|p2a: Staraptor|1
|-supereffective|p2b: Eyeliner|1
|-damage|p2a: Staraptor|12/100
|-enditem|p2b: Eyeliner|Focus Sash
|-damage|p2b: Eyeliner|1/100
|
|upkeep
|
|t:|1782653079
|switch|p1a: Charizard|Charizard, L50, F|100/100
|turn|3
|
|t:|1782653086
|move|p1a: Charizard|Protect|p1a: Charizard
|-singleturn|p1a: Charizard|Protect
|move|p2b: Eyeliner|Fake Out|p1b: Sylveon
|-damage|p1b: Sylveon|90/100
|cant|p1b: Sylveon|flinch
|move|p2a: Staraptor|Roost|p2a: Staraptor
|-heal|p2a: Staraptor|62/100
|-singleturn|p2a: Staraptor|move: Roost
|
|upkeep
|turn|4
|
|t:|1782653097
|detailschange|p1a: Charizard|Charizard-Mega-Y, L50, F
|-mega|p1a: Charizard|Charizard|Charizardite Y
|-weather|SunnyDay|[from] ability: Drought|[of] p1a: Charizard
|move|p2a: Staraptor|Protect|p2a: Staraptor
|-singleturn|p2a: Staraptor|Protect
|move|p2b: Eyeliner|Thunder Wave|p1a: Charizard
|-status|p1a: Charizard|par
|move|p1b: Sylveon|Hyper Beam|p2a: Staraptor
|-activate|p2a: Staraptor|move: Protect
|move|p1a: Charizard|Heat Wave|p2a: Staraptor|[spread] p2b
|-activate|p2a: Staraptor|move: Protect
|-damage|p2b: Eyeliner|0 fnt
|faint|p2b: Eyeliner
|
|-weather|SunnyDay|[upkeep]
|upkeep
|
|t:|1782653101
|switch|p2b: Sinistcha|Sinistcha, L50|100/100
|-heal|p2a: Staraptor|87/100|[from] ability: Hospitality|[of] p2b: Sinistcha
|turn|5
|
|t:|1782653115
|switch|p1b: Garchomp|Garchomp, L50, M|100/100
|move|p2b: Sinistcha|Rage Powder|p2b: Sinistcha
|-singleturn|p2b: Sinistcha|move: Rage Powder
|move|p2a: Staraptor|Close Combat|p1b: Garchomp
|-damage|p1b: Garchomp|40/100
|-boost|p2a: Staraptor|def|1
|-boost|p2a: Staraptor|spd|1
|-damage|p2a: Staraptor|74/100|[from] ability: Rough Skin|[of] p1b: Garchomp
|move|p1a: Charizard|Weather Ball|p2b: Sinistcha
|-supereffective|p2b: Sinistcha|1
|-damage|p2b: Sinistcha|0 fnt
|faint|p2b: Sinistcha
|
|-weather|SunnyDay|[upkeep]
|upkeep
|
|t:|1782653118
|switch|p2b: Scizor|Scizor, L50, F|80/100
|turn|6
|
|t:|1782653129
|switch|p1b: Sylveon|Sylveon, L50, F|90/100
|cant|p1a: Charizard|par
|move|p2b: Scizor|Bullet Punch|p1a: Charizard
|-resisted|p1a: Charizard|1
|-damage|p1a: Charizard|77/100 par
|-damage|p2b: Scizor|71/100|[from] item: Life Orb
|move|p2a: Staraptor|Dual Wingbeat|p1a: Charizard
|-damage|p1a: Charizard|53/100 par
|-damage|p1a: Charizard|31/100 par
|-hitcount|p1a: Charizard|2
|
|-weather|SunnyDay|[upkeep]
|upkeep
|turn|7
|
|t:|1782653148
|move|p1b: Sylveon|Protect|p1b: Sylveon
|-singleturn|p1b: Sylveon|Protect
|move|p2b: Scizor|Bullet Punch|p1b: Sylveon
|-activate|p1b: Sylveon|move: Protect
|move|p2a: Staraptor|Dual Wingbeat|p1a: Charizard
|-damage|p1a: Charizard|10/100 par
|-damage|p1a: Charizard|0 fnt
|faint|p1a: Charizard
|-hitcount|p1: Charizard|2
|
|-weather|SunnyDay|[upkeep]
|upkeep
|
|t:|1782653155
|switch|p1a: Garchomp|Garchomp, L50, M|40/100
|turn|8
|
|t:|1782653161
|move|p2b: Scizor|Bullet Punch|p1b: Sylveon
|-supereffective|p1b: Sylveon|1
|-damage|p1b: Sylveon|0 fnt
|faint|p1b: Sylveon
|-damage|p2b: Scizor|61/100|[from] item: Life Orb
|move|p1a: Garchomp|Rock Slide|p2a: Staraptor|[spread] p2a
|-miss|p1a: Garchomp|p2b: Scizor
|-damage|p2a: Staraptor|58/100
|-damage|p1a: Garchomp|30/100|[from] item: Life Orb
|move|p2a: Staraptor|Close Combat|p1a: Garchomp
|-crit|p1a: Garchomp
|-damage|p1a: Garchomp|0 fnt
|-boost|p2a: Staraptor|def|1
|-boost|p2a: Staraptor|spd|1
|-damage|p2a: Staraptor|46/100|[from] ability: Rough Skin|[of] p1a: Garchomp
|faint|p1a: Garchomp
|
|win|LuckGalicia
||That1Morpecko is ready for game 3.
||LuckGalicia is ready for game 3.
|uhtml|next|Next: Game 3 of 3
|c|☆LuckGalicia|Wp
|l|☆LuckGalicia
|player|p2|
