|j|☆brnucu
|j|☆vilan333
|html|brnucuvilan333    
|uhtml|bestof|Game 1 of a best-of-3
|t:|1782409094
|gametype|doubles
|player|p1|brnucu|169|1106
|player|p2|vilan333|marshal|1219
|gen|9
|tier|[Gen 9 Champions] VGC 2026 Reg M-B (Bo3)
|rated|
|rule|Species Clause: Limit one of each Pokémon
|rule|Item Clause: Limit 1 of each item
|clearpoke
|poke|p1|Tyranitar, L50, F|
|poke|p1|Sinistcha-Masterpiece, L50|
|poke|p1|Rotom-Wash, L50, shiny|
|poke|p1|Excadrill, L50, F, shiny|
|poke|p1|Sneasler, L50, F|
|poke|p1|Espathra, L50, F, shiny|
|poke|p2|Kangaskhan, L50, F|
|poke|p2|Mawile, L50, M|
|poke|p2|Gallade, L50, M|
|poke|p2|Farigiraf, L50, F|
|poke|p2|Torkoal, L50, F|
|poke|p2|Pyroar, L50, F|
|teampreview|4
|showteam|p1|Tyranitar||Tyranitarite|SandStream|KnockOff,RockSlide,DragonDance,Protect|Adamant||F|||50|]Sinistcha-Masterpiece||KasibBerry|Hospitality|MatchaGotcha,LifeDew,RagePowder,TrickRoom|Bold|||||50|]Rotom-Wash||SitrusBerry|Levitate|VoltSwitch,HydroPump,WillOWisp,LightScreen|Timid|||||50|]Excadrill||FocusSash|SandRush|HighHorsepower,IronHead,RockSlide,Protect|Adamant||F|||50|]Sneasler||WhiteHerb|Unburden|DireClaw,CloseCombat,FakeOut,Protect|Adamant||F|||50|]Espathra||Leftovers|SpeedBoost|CalmMind,LuminaCrash,StoredPower,Protect|Modest||F|||50|
|showteam|p2|Kangaskhan||LifeOrb|Scrappy|FakeOut,DoubleEdge,HammerArm,IcePunch|Brave||F|||50|]Mawile||Mawilite|Intimidate|SuckerPunch,PlayRough,SwordsDance,Protect|Brave||M|||50|]Gallade||IronBall|Sharpness|SacredSword,PsychoCut,WideGuard,TrickRoom|Brave||M|||50|]Farigiraf||ColburBerry|ArmorTail|Thunderbolt,Psychic,TrickRoom,HelpingHand|Quiet||F|||50|]Torkoal||Charcoal|Drought|Eruption,WeatherBall,EarthPower,Protect|Quiet||F|||50|]Pyroar||Pyroarite|Unnerve|Protect,HeatWave,Overheat,SolarBeam|Timid||F|||50|
|inactive|Battle timer is ON: inactive players will automatically lose when time's up. (requested by vilan333)
|inactive|brnucu has 60 seconds left.
|
|t:|1782409192
|teamsize|p1|4
|teamsize|p2|4
|start
|switch|p1a: Rotom|Rotom-Wash, L50, shiny|100/100
|switch|p1b: Tyranitar|Tyranitar, L50, F|100/100
|switch|p2a: Farigiraf|Farigiraf, L50, F|100/100
|switch|p2b: Kangaskhan|Kangaskhan, L50, F|100/100
|-weather|Sandstorm|[from] ability: Sand Stream|[of] p1b: Tyranitar
|turn|1
|
|t:|1782409215
|detailschange|p1b: Tyranitar|Tyranitar-Mega, L50, F
|-mega|p1b: Tyranitar|Tyranitar|Tyranitarite
|move|p2b: Kangaskhan|Fake Out|p1a: Rotom
|-damage|p1a: Rotom|72/100
|-damage|p2b: Kangaskhan|90/100|[from] item: Life Orb
|cant|p1a: Rotom|flinch
|move|p1b: Tyranitar|Knock Off|p2a: Farigiraf
|-supereffective|p2a: Farigiraf|1
|-enditem|p2a: Farigiraf|Colbur Berry|[eat]
|-enditem|p2a: Farigiraf|Colbur Berry|[weaken]
|-damage|p2a: Farigiraf|47/100
|move|p2a: Farigiraf|Trick Room|p2a: Farigiraf
|-fieldstart|move: Trick Room|[of] p2a: Farigiraf
|
|-weather|Sandstorm|[upkeep]
|-damage|p2a: Farigiraf|41/100|[from] Sandstorm
|-damage|p2b: Kangaskhan|83/100|[from] Sandstorm
|-damage|p1a: Rotom|66/100|[from] Sandstorm
|upkeep
|turn|2
|inactive|brnucu has 30 seconds left.
|inactive|brnucu has 20 seconds left.
|inactive|brnucu has 15 seconds left.
|
|t:|1782409260
|switch|p1b: Sinistcha|Sinistcha-Masterpiece, L50|100/100
|-heal|p1a: Rotom|91/100|[from] ability: Hospitality|[of] p1b: Sinistcha
|move|p2a: Farigiraf|Psychic|p1a: Rotom
|-damage|p1a: Rotom|50/100g
|move|p2b: Kangaskhan|Hammer Arm|p1b: Sinistcha
|-damage|p1b: Sinistcha|65/100
|-unboost|p2b: Kangaskhan|spe|1
|-damage|p2b: Kangaskhan|73/100|[from] item: Life Orb
|move|p1a: Rotom|Will-O-Wisp|p2b: Kangaskhan
|-status|p2b: Kangaskhan|brn
|
|-weather|Sandstorm|[upkeep]
|-damage|p2b: Kangaskhan|67/100 brn|[from] Sandstorm
|-damage|p2a: Farigiraf|34/100|[from] Sandstorm
|-damage|p1b: Sinistcha|58/100|[from] Sandstorm
|-damage|p1a: Rotom|44/100|[from] Sandstorm
|-enditem|p1a: Rotom|Sitrus Berry|[eat]
|-heal|p1a: Rotom|69/100|[from] item: Sitrus Berry
|-damage|p2b: Kangaskhan|61/100 brn|[from] brn
|upkeep
|turn|3
|inactive|vilan333 has 30 seconds left.
|
|t:|1782409287
|move|p2b: Kangaskhan|Double-Edge|p1a: Rotom
|-damage|p1a: Rotom|32/100
|-damage|p2b: Kangaskhan|52/100 brn|[from] Recoil
|-damage|p2b: Kangaskhan|42/100 brn|[from] item: Life Orb
|move|p2a: Farigiraf|Psychic|p1a: Rotom
|-damage|p1a: Rotom|0 fnt
|faint|p1a: Rotom
|move|p1b: Sinistcha|Life Dew|p1b: Sinistcha
|-heal|p1b: Sinistcha|84/100
|
|-weather|Sandstorm|[upkeep]
|-damage|p2b: Kangaskhan|36/100 brn|[from] Sandstorm
|-damage|p2a: Farigiraf|28/100|[from] Sandstorm
|-damage|p1b: Sinistcha|78/100|[from] Sandstorm
|-damage|p2b: Kangaskhan|30/100 brn|[from] brn
|upkeep
|
|t:|1782409309
|switch|p1a: Tyranitar|Tyranitar-Mega, L50, F|100/100
|turn|4
|
|t:|1782409322
|move|p2a: Farigiraf|Helping Hand|p2b: Kangaskhan
|-singleturn|p2b: Kangaskhan|Helping Hand|[of] p2a: Farigiraf
|move|p2b: Kangaskhan|Ice Punch|p1b: Sinistcha
|-supereffective|p1b: Sinistcha|1
|-damage|p1b: Sinistcha|36/100
|-damage|p2b: Kangaskhan|20/100y brn|[from] item: Life Orb
|move|p1b: Sinistcha|Matcha Gotcha|p2b: Kangaskhan|[spread] p2a,p2b
|-damage|p2a: Farigiraf|4/100
|-heal|p1b: Sinistcha|51/100|[from] drain|[of] p2a: Farigiraf
|-damage|p2b: Kangaskhan|0 fnt
|-heal|p1b: Sinistcha|63/100|[from] drain|[of] p2b: Kangaskhan
|faint|p2b: Kangaskhan
|move|p1a: Tyranitar|Dragon Dance|p1a: Tyranitar
|-boost|p1a: Tyranitar|atk|1
|-boost|p1a: Tyranitar|spe|1
|
|-weather|Sandstorm|[upkeep]
|-damage|p2a: Farigiraf|0 fnt|[from] Sandstorm
|-damage|p1b: Sinistcha|57/100|[from] Sandstorm
|faint|p2a: Farigiraf
|upkeep
|
|t:|1782409343
|switch|p2a: Mawile|Mawile, L50, M|100/100
|switch|p2b: Torkoal|Torkoal, L50, F|100/100
|-weather|SunnyDay|[from] ability: Drought|[of] p2b: Torkoal
|-ability|p2a: Mawile|Intimidate|boost
|-unboost|p1a: Tyranitar|atk|1
|-unboost|p1b: Sinistcha|atk|1
|turn|5
|
|t:|1782409357
|detailschange|p2a: Mawile|Mawile-Mega, L50, M
|-mega|p2a: Mawile|Mawile|Mawilite
|move|p1a: Tyranitar|Protect|p1a: Tyranitar
|-singleturn|p1a: Tyranitar|Protect
|move|p2b: Torkoal|Eruption|p1b: Sinistcha|[spread] p1b
|-activate|p1a: Tyranitar|move: Protect
|-supereffective|p1b: Sinistcha|1
|-damage|p1b: Sinistcha|0 fnt
|faint|p1b: Sinistcha
|move|p2a: Mawile|Swords Dance|p2a: Mawile
|-boost|p2a: Mawile|atk|2
|
|-weather|SunnyDay|[upkeep]
|-fieldend|move: Trick Room
|upkeep
|
|t:|1782409364
|switch|p1b: Excadrill|Excadrill, L50, F, shiny|100/100
|turn|6
|
|t:|1782409382
|move|p1a: Tyranitar|Knock Off|p2b: Torkoal
|-damage|p2b: Torkoal|55/100
|-enditem|p2b: Torkoal|Charcoal|[from] move: Knock Off|[of] p1a: Tyranitar
|move|p1b: Excadrill|High Horsepower|p2a: Mawile
|-supereffective|p2a: Mawile|1
|-crit|p2a: Mawile
|-damage|p2a: Mawile|0 fnt
|faint|p2a: Mawile
|move|p2b: Torkoal|Weather Ball|p1b: Excadrill
|-supereffective|p1b: Excadrill|1
|-enditem|p1b: Excadrill|Focus Sash
|-damage|p1b: Excadrill|1/100
|
|-weather|SunnyDay|[upkeep]
|upkeep
|turn|7
|-message|vilan333 forfeited.
|
|win|brnucu
|l|☆vilan333
|player|p2|
||brnucu is ready for game 2.
|j|☆vilan333
|player|p2|vilan333|marshal|
