|j|☆latios66
|j|☆tizio20
|html|latios66tizio20    
|uhtml|bestof|Game 1 of a best-of-3
|t:|1785346718
|gametype|doubles
|player|p1|latios66|102|
|player|p2|tizio20|169|
|gen|9
|tier|[Gen 9 Champions] VGC 2026 Reg M-B (Bo3)
|rule|Species Clause: Limit one of each Pokémon
|rule|Item Clause: Limit 1 of each item
|clearpoke
|poke|p1|Ninetales-Alola, L50, F|
|poke|p1|Skeledirge, L50, M, shiny|
|poke|p1|Kingambit, L50, F|
|poke|p1|Aerodactyl, L50, M, shiny|
|poke|p1|Sneasler, L50, F|
|poke|p1|Basculegion, L50, M|
|poke|p2|Blastoise, L50, M|
|poke|p2|Delphox, L50, M|
|poke|p2|Incineroar, L50, M|
|poke|p2|Sneasler, L50, F|
|poke|p2|Sinistcha, L50|
|poke|p2|Kingambit, L50, M|
|teampreview|4
|showteam|p1|Ninetales-Alola||LightClay|SnowWarning|Blizzard,AuroraVeil,FreezeDry,Protect|Timid||F|||50|]Skeledirge||Leftovers|Unaware|TorchSong,EarthPower,WillOWisp,SlackOff|Calm||M|||50|]Kingambit||BlackGlasses|Defiant|KowtowCleave,SuckerPunch,SwordsDance,Protect|Adamant||F|||50|]Aerodactyl||Aerodactylite|Unnerve|Tailwind,IceFang,RockSlide,DualWingbeat|Jolly||M|||50|]Sneasler||FocusSash|PoisonTouch|FakeOut,DireClaw,CloseCombat,QuickGuard|Jolly||F|||50|]Basculegion||LifeOrb|Adaptability|WaveCrash,LastRespects,Protect,AquaJet|Adamant||M|||50|
|showteam|p2|Blastoise||Blastoisinite|RainDish|WaterSpout,DarkPulse,ShellSmash,Protect|Modest||M|||50|]Delphox||Delphoxite|Blaze|HeatWave,Psyshock,NastyPlot,Protect|Modest||M|||50|]Incineroar||SitrusBerry|Intimidate|FakeOut,FlareBlitz,HelpingHand,PartingShot|Careful||M|||50|]Sneasler||FocusSash|PoisonTouch|PoisonJab,CloseCombat,FakeOut,QuickGuard|Jolly||F|||50|]Sinistcha||KasibBerry|Hospitality|MatchaGotcha,RagePowder,TrickRoom,Protect|Bold|||||50|]Kingambit||BlackGlasses|Defiant|KowtowCleave,SuckerPunch,SwordsDance,Protect|Adamant||M|||50|
|c|☆tizio20|glhf
|inactive|Battle timer is ON: inactive players will automatically lose when time's up. (requested by tizio20)
|c|☆latios66|glhf
|inactive|latios66 has 60 seconds left.
|
|t:|1785346763
|teamsize|p1|4
|teamsize|p2|4
|start
|switch|p1a: Kingambit|Kingambit, L50, F|100/100
|switch|p1b: Sneasler|Sneasler, L50, F|100/100
|switch|p2a: Delphox|Delphox, L50, M|100/100
|switch|p2b: Incineroar|Incineroar, L50, M|100/100
|-ability|p2b: Incineroar|Intimidate|boost
|-unboost|p1a: Kingambit|atk|1
|-ability|p1a: Kingambit|Defiant|boost
|-boost|p1a: Kingambit|atk|2
|-unboost|p1b: Sneasler|atk|1
|turn|1
|
|t:|1785346785
|detailschange|p2a: Delphox|Delphox-Mega, L50, M
|-mega|p2a: Delphox|Delphox|Delphoxite
|move|p1b: Sneasler|Fake Out|p2b: Incineroar
|-damage|p2b: Incineroar|90/100
|cant|p2b: Incineroar|flinch
|move|p1a: Kingambit|Sucker Punch||[still]
|-fail|p1a: Kingambit
|move|p2a: Delphox|Nasty Plot|p2a: Delphox
|-boost|p2a: Delphox|spa|2
|
|upkeep
|turn|2
|
|t:|1785346809
|switch|p2b: Sinistcha|Sinistcha, L50|100/100
|move|p2a: Delphox|Protect|p2a: Delphox
|-singleturn|p2a: Delphox|Protect
|move|p1a: Kingambit|Sucker Punch||[still]
|-fail|p1a: Kingambit
|move|p1b: Sneasler|Close Combat|p2b: Sinistcha
|-immune|p2b: Sinistcha
|
|upkeep
|turn|3
|
|t:|1785346828
|move|p1a: Kingambit|Protect|p1a: Kingambit
|-singleturn|p1a: Kingambit|Protect
|move|p2b: Sinistcha|Rage Powder|p2b: Sinistcha
|-singleturn|p2b: Sinistcha|move: Rage Powder
|move|p1b: Sneasler|Dire Claw|p2b: Sinistcha
|-damage|p2b: Sinistcha|78/100
|move|p2a: Delphox|Heat Wave|p1b: Sneasler|[spread] p1b
|-activate|p1a: Kingambit|move: Protect
|-enditem|p1b: Sneasler|Focus Sash
|-damage|p1b: Sneasler|1/100
|
|upkeep
|turn|4
|inactive|latios66 has 30 seconds left.
|
|t:|1785346862
|switch|p1a: Basculegion|Basculegion, L50, M|100/100
|move|p2b: Sinistcha|Rage Powder|p2b: Sinistcha
|-singleturn|p2b: Sinistcha|move: Rage Powder
|move|p1b: Sneasler|Dire Claw|p2b: Sinistcha
|-damage|p2b: Sinistcha|52/100
|move|p2a: Delphox|Heat Wave|p1b: Sneasler|[spread] p1a,p1b
|-resisted|p1a: Basculegion|1
|-damage|p1a: Basculegion|54/100
|-damage|p1b: Sneasler|0 fnt
|faint|p1b: Sneasler
|
|upkeep
|
|t:|1785346876
|switch|p1b: Ninetales|Ninetales-Alola, L50, F|100/100
|-weather|Snowscape|[from] ability: Snow Warning|[of] p1b: Ninetales
|turn|5
|
|t:|1785346899
|move|p1a: Basculegion|Protect|p1a: Basculegion
|-singleturn|p1a: Basculegion|Protect
|move|p2b: Sinistcha|Rage Powder|p2b: Sinistcha
|-singleturn|p2b: Sinistcha|move: Rage Powder
|move|p2a: Delphox|Heat Wave|p1b: Ninetales|[spread] p1b
|-activate|p1a: Basculegion|move: Protect
|-supereffective|p1b: Ninetales|1
|-damage|p1b: Ninetales|0 fnt
|faint|p1b: Ninetales
|
|-weather|Snowscape|[upkeep]
|upkeep
|
|t:|1785346911
|switch|p1b: Kingambit|Kingambit, L50, F|100/100
|turn|6
|
|t:|1785346920
|move|p1b: Kingambit|Protect|p1b: Kingambit
|-singleturn|p1b: Kingambit|Protect
|move|p2b: Sinistcha|Rage Powder|p2b: Sinistcha
|-singleturn|p2b: Sinistcha|move: Rage Powder
|move|p2a: Delphox|Heat Wave|p1a: Basculegion|[spread] p1a
|-activate|p1b: Kingambit|move: Protect
|-resisted|p1a: Basculegion|1
|-damage|p1a: Basculegion|13/100
|move|p1a: Basculegion|Last Respects|p2b: Sinistcha
|-supereffective|p2b: Sinistcha|1
|-enditem|p2b: Sinistcha|Kasib Berry|[eat]
|-enditem|p2b: Sinistcha|Kasib Berry|[weaken]
|-damage|p2b: Sinistcha|0 fnt
|faint|p2b: Sinistcha
|-damage|p1a: Basculegion|3/100|[from] item: Life Orb
|
|-weather|Snowscape|[upkeep]
|upkeep
|
|t:|1785346930
|switch|p2b: Sneasler|Sneasler, L50, F|100/100
|turn|7
|inactive|latios66 has 30 seconds left.
|inactive|latios66 has 20 seconds left.
|
|t:|1785346970
|move|p2a: Delphox|Protect|p2a: Delphox
|-singleturn|p2a: Delphox|Protect
|move|p2b: Sneasler|Close Combat|p1b: Kingambit
|-supereffective|p1b: Kingambit|2
|-damage|p1b: Kingambit|0 fnt
|-unboost|p2b: Sneasler|def|1
|-unboost|p2b: Sneasler|spd|1
|faint|p1b: Kingambit
|move|p1a: Basculegion|Wave Crash|p2a: Delphox
|-activate|p2a: Delphox|move: Protect
|
|-weather|Snowscape|[upkeep]
|upkeep
|turn|8
|
|t:|1785346983
|switch|p2a: Incineroar|Incineroar, L50, M|90/100
|-ability|p2a: Incineroar|Intimidate|boost
|-unboost|p1a: Basculegion|atk|1
|move|p1a: Basculegion|Aqua Jet|p2a: Incineroar
|-supereffective|p2a: Incineroar|1
|-damage|p2a: Incineroar|46/100
|-enditem|p2a: Incineroar|Sitrus Berry|[eat]
|-heal|p2a: Incineroar|71/100|[from] item: Sitrus Berry
|-damage|p1a: Basculegion|0 fnt|[from] item: Life Orb
|faint|p1a: Basculegion
|
|win|tizio20
||latios66 is ready for game 2.
||tizio20 is ready for game 2.
|uhtml|next|Next: Game 2 of 3
