|j|☆cubeandcroc
|j|☆vuelve chusooo
|html|cubeandcrocvuelve chusooo    
|uhtml|bestof|Game 1 of a best-of-3
|t:|1784578548
|gametype|doubles
|player|p1|cubeandcroc|102|1191
|player|p2|vuelve chusooo|fisherman-gen4|1178
|gen|9
|tier|[Gen 9 Champions] VGC 2026 Reg M-B (Bo3)
|rated|
|rule|Species Clause: Limit one of each Pokémon
|rule|Item Clause: Limit 1 of each item
|clearpoke
|poke|p1|Farigiraf, L50, M|
|poke|p1|Milotic, L50, M|
|poke|p1|Aegislash, L50, M|
|poke|p1|Tyranitar, L50, M|
|poke|p1|Scrafty, L50, M|
|poke|p1|Rotom-Heat, L50|
|poke|p2|Swampert, L50, M|
|poke|p2|Pelipper, L50, M|
|poke|p2|Archaludon, L50, F|
|poke|p2|Floette-Eternal, L50, F|
|poke|p2|Basculegion, L50, M|
|poke|p2|Incineroar, L50, M|
|teampreview|4
|showteam|p1|Farigiraf||SitrusBerry|ArmorTail|Psychic,MirrorCoat,TrickRoom,Roar|Bold||M|||50|]Milotic||Leftovers|Competitive|MuddyWater,Hypnosis,Coil,Recover|Modest||M|||50|]Aegislash||LifeOrb|StanceChange|ShadowSneak,IronHead,SacredSword,KingsShield|Brave||M|||50|]Tyranitar||Tyranitarite|SandStream|KnockOff,RockSlide,LowKick,IcePunch|Adamant||M|||50|]Scrafty||Scraftinite|Intimidate|FakeOut,CloseCombat,KnockOff,Detect|Brave||M|||50|]Rotom-Heat||ChestoBerry|Levitate|Overheat,Thunderbolt,Rest,Protect|Modest|||||50|
|showteam|p2|Swampert||Swampertite|Torrent|WaveCrash,Earthquake,IcePunch,Protect|Adamant||M|||50|]Pelipper||FocusSash|Drizzle|WeatherBall,Hurricane,Tailwind,Protect|Modest||M|||50|]Archaludon||Leftovers|Stamina|DragonPulse,FlashCannon,ElectroShot,Protect|Modest||F|||50|]Floette-Eternal||Floettite|FlowerVeil|Moonblast,DazzlingGleam,LightofRuin,Protect|Modest||F|||50|]Basculegion||ChoiceScarf|Adaptability|WaveCrash,LastRespects,AquaJet,FlipTurn|Adamant||M|||50|]Incineroar||SitrusBerry|Intimidate|FakeOut,PartingShot,FlareBlitz,ThroatChop|Careful||M|||50|
|
|t:|1784578648
|teamsize|p1|4
|teamsize|p2|4
|start
|switch|p1a: Rotom|Rotom-Heat, L50|100/100
|switch|p1b: Farigiraf|Farigiraf, L50, M|100/100
|switch|p2a: Basculegion|Basculegion, L50, M|100/100
|switch|p2b: Floette|Floette-Eternal, L50, F|100/100
|turn|1
|
|t:|1784578681
|detailschange|p2b: Floette|Floette-Mega, L50, F
|-mega|p2b: Floette|Floette|Floettite
|-ability|p2b: Floette|Fairy Aura
|move|p2a: Basculegion|Flip Turn|p1b: Farigiraf
|-damage|p1b: Farigiraf|64/100
|
|t:|1784578688
|switch|p2a: Archaludon|Archaludon, L50, F|100/100|[from] Flip Turn
|move|p2b: Floette|Moonblast|p1b: Farigiraf
|-damage|p1b: Farigiraf|1/100
|-enditem|p1b: Farigiraf|Sitrus Berry|[eat]
|-heal|p1b: Farigiraf|25/100|[from] item: Sitrus Berry
|move|p1a: Rotom|Thunderbolt|p2a: Archaludon
|-resisted|p2a: Archaludon|1
|-damage|p2a: Archaludon|77/100
|-ability|p2a: Archaludon|Stamina|boost
|-boost|p2a: Archaludon|def|1
|move|p1b: Farigiraf|Mirror Coat|p2b: Floette
|-damage|p2b: Floette|0 fnt
|faint|p2b: Floette
|
|-heal|p2a: Archaludon|83/100|[from] item: Leftovers
|upkeep
|
|t:|1784578717
|switch|p2b: Basculegion|Basculegion, L50, M|100/100
|turn|2
|
|t:|1784578744
|switch|p1b: Scrafty|Scrafty, L50, M|100/100
|-ability|p1b: Scrafty|Intimidate|boost
|-unboost|p2a: Archaludon|atk|1
|-unboost|p2b: Basculegion|atk|1
|move|p1a: Rotom|Protect|p1a: Rotom
|-singleturn|p1a: Rotom|Protect
|move|p2b: Basculegion|Wave Crash|p1a: Rotom
|-activate|p1a: Rotom|move: Protect
|move|p2a: Archaludon|Electro Shot||[still]
|-prepare|p2a: Archaludon|Electro Shot
|-boost|p2a: Archaludon|spa|1
|
|-heal|p2a: Archaludon|89/100|[from] item: Leftovers
|upkeep
|turn|3
|
|t:|1784578775
|switch|p2b: Pelipper|Pelipper, L50, M|100/100
|-weather|RainDance|[from] ability: Drizzle|[of] p2b: Pelipper
|switch|p1a: Farigiraf|Farigiraf, L50, M|25/100
|detailschange|p1b: Scrafty|Scrafty-Mega, L50, M
|-mega|p1b: Scrafty|Scrafty|Scraftinite
|-ability|p1b: Scrafty|Intimidate|boost
|-unboost|p2a: Archaludon|atk|1
|-unboost|p2b: Pelipper|atk|1
|move|p2a: Archaludon|Electro Shot|p1b: Scrafty|[from] lockedmove
|-damage|p1b: Scrafty|56/100
|move|p1b: Scrafty|Knock Off|p2b: Pelipper
|-damage|p2b: Pelipper|33/100
|-enditem|p2b: Pelipper|Focus Sash|[from] move: Knock Off|[of] p1b: Scrafty
|
|-weather|RainDance|[upkeep]
|-heal|p2a: Archaludon|95/100|[from] item: Leftovers
|upkeep
|turn|4
|
|t:|1784578824
|switch|p1b: Tyranitar|Tyranitar, L50, M|100/100
|-weather|Sandstorm|[from] ability: Sand Stream|[of] p1b: Tyranitar
|move|p2b: Pelipper|Hurricane|p1a: Farigiraf
|-damage|p1a: Farigiraf|0 fnt
|faint|p1a: Farigiraf
|move|p2a: Archaludon|Electro Shot||[still]
|-prepare|p2a: Archaludon|Electro Shot
|-boost|p2a: Archaludon|spa|1
|
|-weather|Sandstorm|[upkeep]
|-damage|p2b: Pelipper|27/100|[from] Sandstorm
|-heal|p2a: Archaludon|100/100|[from] item: Leftovers
|upkeep
|
|t:|1784578841
|switch|p1a: Rotom|Rotom-Heat, L50|100/100
|turn|5
|
|t:|1784578849
|move|p2b: Pelipper|Protect|p2b: Pelipper
|-singleturn|p2b: Pelipper|Protect
|move|p2a: Archaludon|Electro Shot|p1b: Tyranitar|[from] lockedmove
|-damage|p1b: Tyranitar|57/100
|move|p1a: Rotom|Overheat|p2a: Archaludon
|-damage|p2a: Archaludon|35/100
|-unboost|p1a: Rotom|spa|2
|-ability|p2a: Archaludon|Stamina|boost
|-boost|p2a: Archaludon|def|1
|move|p1b: Tyranitar|Low Kick|p2a: Archaludon
|-supereffective|p2a: Archaludon|1
|-damage|p2a: Archaludon|11/100
|-ability|p2a: Archaludon|Stamina|boost
|-boost|p2a: Archaludon|def|1
|
|-weather|Sandstorm|[upkeep]
|-damage|p2b: Pelipper|21/100|[from] Sandstorm
|-damage|p1a: Rotom|94/100|[from] Sandstorm
|-heal|p2a: Archaludon|17/100|[from] item: Leftovers
|upkeep
|turn|6
|
|t:|1784578901
|move|p2b: Pelipper|Weather Ball|p1a: Rotom
|-supereffective|p1a: Rotom|1
|-damage|p1a: Rotom|29/100
|move|p2a: Archaludon|Flash Cannon|p1b: Tyranitar
|-supereffective|p1b: Tyranitar|1
|-damage|p1b: Tyranitar|0 fnt
|faint|p1b: Tyranitar
|move|p1a: Rotom|Overheat|p2a: Archaludon
|-damage|p2a: Archaludon|0 fnt
|-unboost|p1a: Rotom|spa|2
|faint|p2a: Archaludon
|
|-weather|Sandstorm|[upkeep]
|-damage|p2b: Pelipper|15/100|[from] Sandstorm
|-damage|p1a: Rotom|23/100|[from] Sandstorm
|upkeep
|
|t:|1784578911
|switch|p2a: Basculegion|Basculegion, L50, M|100/100
|switch|p1b: Scrafty|Scrafty-Mega, L50, M|56/100
|-ability|p1b: Scrafty|Intimidate|boost
|-unboost|p2a: Basculegion|atk|1
|-unboost|p2b: Pelipper|atk|1
|turn|7
|
|t:|1784578936
|move|p1b: Scrafty|Fake Out|p2b: Pelipper
|-damage|p2b: Pelipper|0 fnt
|faint|p2b: Pelipper
|move|p2a: Basculegion|Wave Crash|p1b: Scrafty
|-damage|p1b: Scrafty|9/100
|-damage|p2a: Basculegion|86/100|[from] Recoil
|move|p1a: Rotom|Rest|p1a: Rotom
|-status|p1a: Rotom|slp|[from] move: Rest
|-heal|p1a: Rotom|100/100 slp|[silent]
|-enditem|p1a: Rotom|Chesto Berry|[eat]
|-curestatus|p1a: Rotom|slp|[msg]
|
|-weather|Sandstorm|[upkeep]
|-damage|p2a: Basculegion|80/100|[from] Sandstorm
|-damage|p1a: Rotom|94/100|[from] Sandstorm
|-damage|p1b: Scrafty|3/100|[from] Sandstorm
|upkeep
|turn|8
|
|t:|1784578954
|move|p2a: Basculegion|Wave Crash|p1b: Scrafty
|-damage|p1b: Scrafty|0 fnt
|faint|p1b: Scrafty
|-damage|p2a: Basculegion|78/100|[from] Recoil
|move|p1a: Rotom|Thunderbolt|p2a: Basculegion
|-supereffective|p2a: Basculegion|1
|-damage|p2a: Basculegion|47/100
|
|-weather|none
|upkeep
|turn|9
|
|t:|1784578964
|move|p2a: Basculegion|Wave Crash|p1a: Rotom
|-supereffective|p1a: Rotom|1
|-damage|p1a: Rotom|0 fnt
|faint|p1a: Rotom
|-damage|p2a: Basculegion|22/100|[from] Recoil
|
|win|vuelve chusooo
||cubeandcroc is ready for game 2.
||vuelve chusooo is ready for game 2.
|uhtml|next|Next: Game 2 of 3
|l|☆cubeandcroc
|player|p1|
