|j|☆durugista
|j|☆bruGno
|html|durugistabruGno    
|uhtml|bestof|Game 1 of a best-of-3
|t:|1786140438
|gametype|doubles
|player|p1|durugista|102|1261
|player|p2|bruGno|ash-kalos|1360
|gen|9
|tier|[Gen 9 Champions] VGC 2026 Reg M-B (Bo3)
|rated|
|rule|Species Clause: Limit one of each Pokémon
|rule|Item Clause: Limit 1 of each item
|clearpoke
|poke|p1|Overqwil, L50, M|
|poke|p1|Zoroark-Hisui, L50, F|
|poke|p1|Audino, L50, M|
|poke|p1|Metagross, L50|
|poke|p1|Whimsicott, L50, M|
|poke|p1|Chandelure, L50, F|
|poke|p2|Charizard, L50, M|
|poke|p2|Garchomp, L50, F|
|poke|p2|Floette-Eternal, L50, F|
|poke|p2|Kingambit, L50, M|
|poke|p2|Basculegion, L50, M|
|poke|p2|Whimsicott, L50, F|
|teampreview|4
|showteam|p1|Overqwil||Leftovers|Intimidate|ThroatChop,Minimize,Stockpile,SwordsDance|Relaxed||M|||50|]Zoroark-Hisui||FocusSash|Illusion|Memento,WillOWisp,Protect,BitterMalice|Timid||F|||50|]Audino||MentalHerb|Regenerator|TrickRoom,SimpleBeam,HealPulse,HealingWish|Sassy||M|||50|]Metagross||Metagrossite|ClearBody|PsychUp,Protect,IronHead,PsychicFangs|Adamant|||||50|]Whimsicott||FairyFeather|Prankster|WorrySeed,Taunt,Moonblast,Encore|Modest||M|||50|]Chandelure||BrightPowder|FlashFire|AcidArmor,CalmMind,Minimize,Flamethrower|Quiet||F|||50|
|showteam|p2|Charizard||CharizarditeY|Blaze|HeatWave,SolarBeam,WeatherBall,Protect|Modest||M|||50|]Garchomp||SitrusBerry|RoughSkin|DragonClaw,StompingTantrum,RockSlide,Protect|Adamant||F|||50|]Floette-Eternal||Floettite|FlowerVeil|LightofRuin,Moonblast,DazzlingGleam,Protect|Timid||F|||50|]Kingambit||ChopleBerry|Defiant|KowtowCleave,IronHead,SuckerPunch,LowKick|Adamant||M|||50|]Basculegion||LifeOrb|Adaptability|WaveCrash,LastRespects,AquaJet,Protect|Adamant||M|||50|]Whimsicott||FocusSash|Prankster|Moonblast,Tailwind,Encore,Protect|Timid||F|||50|
|inactive|Battle timer is ON: inactive players will automatically lose when time's up. (requested by durugista)
|inactive|bruGno has 60 seconds left.
|
|t:|1786140494
|teamsize|p1|4
|teamsize|p2|4
|start
|switch|p1a: Overqwil|Overqwil, L50, M|100/100
|switch|p1b: Audino|Audino, L50, M|100/100
|switch|p2a: Kingambit|Kingambit, L50, M|100/100
|switch|p2b: Charizard|Charizard, L50, M|100/100
|turn|1
|inactive|bruGno has 30 seconds left.
|inactive|bruGno has 20 seconds left.
|inactive|bruGno has 15 seconds left.
|inactive|bruGno has 10 seconds left.
|
|t:|1786140544
|switch|p2a: Garchomp|Garchomp, L50, F|100/100
|detailschange|p2b: Charizard|Charizard-Mega-Y, L50, M
|-mega|p2b: Charizard|Charizard|Charizardite Y
|-weather|SunnyDay|[from] ability: Drought|[of] p2b: Charizard
|move|p1a: Overqwil|Memento|p2b: Charizard
|-unboost|p2b: Charizard|atk|2
|-unboost|p2b: Charizard|spa|2
|faint|p1a: Overqwil
|move|p2b: Charizard|Heat Wave|p1b: Audino
|-damage|p1b: Audino|74/100
|move|p1b: Audino|Trick Room|p1b: Audino
|-fieldstart|move: Trick Room|[of] p1b: Audino
|
|-weather|SunnyDay|[upkeep]
|upkeep
|
|t:|1786140560
|switch|p1a: Overqwil|Overqwil, L50, M|100/100
|-ability|p1a: Overqwil|Intimidate|boost
|-unboost|p2a: Garchomp|atk|1
|-unboost|p2b: Charizard|atk|1
|turn|2
|
|t:|1786140584
|switch|p2b: Kingambit|Kingambit, L50, M|100/100
|move|p1b: Audino|Simple Beam|p1a: Overqwil
|-ability|p1a: Overqwil|Simple|Intimidate|[from] move: Simple Beam
|move|p1a: Overqwil|Minimize|p1a: Overqwil
|-boost|p1a: Overqwil|evasion|4
|move|p2a: Garchomp|Stomping Tantrum|p1a: Overqwil
|-supereffective|p1a: Overqwil|1
|-damage|p1a: Overqwil|53/100
|
|-weather|SunnyDay|[upkeep]
|-heal|p1a: Overqwil|59/100|[from] item: Leftovers
|upkeep
|turn|3
|inactive|durugista has 30 seconds left.
|inactive|durugista has 20 seconds left.
|
|t:|1786140621
|move|p1b: Audino|Heal Pulse|p1a: Overqwil
|-heal|p1a: Overqwil|100/100
|move|p2b: Kingambit|Kowtow Cleave|p1a: Overqwil
|-resisted|p1a: Overqwil|1
|-damage|p1a: Overqwil|81/100
|move|p1a: Overqwil|Stockpile|p1a: Overqwil
|-start|p1a: Overqwil|stockpile1
|-boost|p1a: Overqwil|def|2
|-boost|p1a: Overqwil|spd|2
|move|p2a: Garchomp|Stomping Tantrum|p1a: Overqwil|[miss]
|-miss|p2a: Garchomp|p1a: Overqwil
|
|-weather|SunnyDay|[upkeep]
|-heal|p1a: Overqwil|87/100|[from] item: Leftovers
|upkeep
|turn|4
|inactive|durugista has 30 seconds left.
|inactive|bruGno has 30 seconds left.
|inactive|durugista has 20 seconds left.
|inactive|durugista has 15 seconds left.
|inactive|durugista has 10 seconds left.
|
|t:|1786140671
|move|p1b: Audino|Heal Pulse|p1a: Overqwil
|-heal|p1a: Overqwil|100/100
|move|p2b: Kingambit|Kowtow Cleave|p1a: Overqwil
|-resisted|p1a: Overqwil|1
|-damage|p1a: Overqwil|89/100
|move|p1a: Overqwil|Swords Dance|p1a: Overqwil
|-boost|p1a: Overqwil|atk|4
|move|p2a: Garchomp|Stomping Tantrum|p1b: Audino
|-damage|p1b: Audino|22/100
|
|-weather|SunnyDay|[upkeep]
|-heal|p1a: Overqwil|95/100|[from] item: Leftovers
|upkeep
|turn|5
|inactive|durugista has 30 seconds left.
|
|t:|1786140703
|move|p1b: Audino|Heal Pulse|p1a: Overqwil
|-heal|p1a: Overqwil|100/100
|move|p2b: Kingambit|Kowtow Cleave|p1a: Overqwil
|-resisted|p1a: Overqwil|1
|-damage|p1a: Overqwil|89/100
|move|p1a: Overqwil|Throat Chop|p2b: Kingambit
|-resisted|p2b: Kingambit|1
|-damage|p2b: Kingambit|67/100
|-start|p2b: Kingambit|Throat Chop|[silent]
|move|p2a: Garchomp|Stomping Tantrum|p1b: Audino
|-damage|p1b: Audino|0 fnt
|faint|p1b: Audino
|
|-weather|none
|-heal|p1a: Overqwil|95/100|[from] item: Leftovers
|-fieldend|move: Trick Room
|upkeep
|
|t:|1786140718
|switch|p1b: Metagross|Metagross, L50|100/100
|turn|6
|
|t:|1786140733
|detailschange|p1b: Metagross|Metagross-Mega, L50
|-mega|p1b: Metagross|Metagross|Metagrossite
|move|p2a: Garchomp|Stomping Tantrum|p1b: Metagross
|-supereffective|p1b: Metagross|1
|-damage|p1b: Metagross|66/100
|move|p1b: Metagross|Psych Up|p1a: Overqwil
|-copyboost|p1b: Metagross|p1a: Overqwil|[from] move: Psych Up
|move|p1a: Overqwil|Throat Chop|p2a: Garchomp
|-damage|p2a: Garchomp|21/100
|-start|p2a: Garchomp|Throat Chop|[silent]
|-damage|p1a: Overqwil|82/100|[from] ability: Rough Skin|[of] p2a: Garchomp
|-enditem|p2a: Garchomp|Sitrus Berry|[eat]
|-heal|p2a: Garchomp|46/100|[from] item: Sitrus Berry
|move|p2b: Kingambit|Kowtow Cleave|p1b: Metagross
|-supereffective|p1b: Metagross|1
|-damage|p1b: Metagross|37/100
|
|-heal|p1a: Overqwil|89/100|[from] item: Leftovers
|-end|p2b: Kingambit|Throat Chop|[silent]
|upkeep
|turn|7
|inactive|durugista has 30 seconds left.
|inactive|durugista has 20 seconds left.
|inactive|durugista has 15 seconds left.
|
|t:|1786140775
|move|p2a: Garchomp|Stomping Tantrum|p1b: Metagross
|-supereffective|p1b: Metagross|1
|-damage|p1b: Metagross|20/100y
|move|p1b: Metagross|Iron Head|p2b: Kingambit
|-resisted|p2b: Kingambit|1
|-damage|p2b: Kingambit|9/100
|move|p1a: Overqwil|Throat Chop|p2b: Kingambit
|-resisted|p2b: Kingambit|1
|-damage|p2b: Kingambit|0 fnt
|faint|p2b: Kingambit
|
|-heal|p1a: Overqwil|95/100|[from] item: Leftovers
|-end|p2a: Garchomp|Throat Chop|[silent]
|upkeep
|
|t:|1786140786
|switch|p2b: Charizard|Charizard-Mega-Y, L50, M|100/100
|-weather|SunnyDay|[from] ability: Drought|[of] p2b: Charizard
|turn|8
|inactive|durugista has 30 seconds left.
|
|t:|1786140816
|move|p2a: Garchomp|Stomping Tantrum|p1a: Overqwil|[miss]
|-miss|p2a: Garchomp|p1a: Overqwil
|move|p2b: Charizard|Heat Wave|p1b: Metagross|[spread] 
|-miss|p2b: Charizard|p1a: Overqwil
|-miss|p2b: Charizard|p1b: Metagross
|move|p1b: Metagross|Psychic Fangs|p2b: Charizard
|-damage|p2b: Charizard|0 fnt
|faint|p2b: Charizard
|move|p1a: Overqwil|Throat Chop|p2a: Garchomp
|-damage|p2a: Garchomp|0 fnt
|-damage|p1a: Overqwil|82/100|[from] ability: Rough Skin|[of] p2a: Garchomp
|faint|p2a: Garchomp
|
|-weather|SunnyDay|[upkeep]
|-heal|p1a: Overqwil|89/100|[from] item: Leftovers
|upkeep
|-message|bruGno forfeited.
|
|win|durugista
|l|☆bruGno
|player|p2|
|j|☆bruGno
|player|p2|bruGno|ash-kalos|
