|j|☆hungry hillo
|j|☆Dr.Bejan
|html|hungry hilloDr.Bejan    
|uhtml|bestof|Game 3 of a best-of-3
|t:|1756598940
|gametype|doubles
|player|p1|hungry hillo|n|1161
|player|p2|Dr.Bejan|ballguy|1103
|gen|9
|tier|[Gen 9] VGC 2025 Reg H (Bo3)
|rated|
|rule|Species Clause: Limit one of each Pokémon
|rule|Item Clause: Limit 1 of each item
|clearpoke
|poke|p1|Sneasler, L50, F|
|poke|p1|Clefable, L50, M|
|poke|p1|Gholdengo, L50|
|poke|p1|Rillaboom, L50, M|
|poke|p1|Dragapult, L50, F|
|poke|p1|Incineroar, L50, M|
|poke|p2|Archaludon, L50, F|
|poke|p2|Maushold, L50|
|poke|p2|Pelipper, L50, F|
|poke|p2|Basculegion, L50, M|
|poke|p2|Incineroar, L50, F|
|poke|p2|Sneasler, L50, M|
|teampreview|4
|showteam|p1|Sneasler||FocusSash|Unburden|CloseCombat,DireClaw,Protect,ThroatChop|||F|||50|,,,,,Dark]Clefable||RockyHelmet|Unaware|Moonblast,IcyWind,FollowMe,Protect|||M|||50|,,,,,Steel]Gholdengo||LifeOrb|GoodasGold|MakeItRain,ShadowBall,NastyPlot,Protect||||||50|,,,,,Water]Rillaboom||AssaultVest|GrassySurge|WoodHammer,GrassyGlide,HighHorsepower,FakeOut|||M|||50|,,,,,Fire]Dragapult||ChoiceSpecs|ClearBody|ShadowBall,Flamethrower,Thunderbolt,DracoMeteor|||F|||50|,,,,,Fire]Incineroar||SitrusBerry|Intimidate|FakeOut,KnockOff,PartingShot,FlareBlitz|||M|||50|,,,,,Bug
|showteam|p2|Archaludon||AssaultVest|Stamina|ElectroShot,DragonPulse,Snarl,BodyPress|||F|||50|,,,,,Bug]Maushold||WideLens|FriendGuard|Encore,FollowMe,PopulationBomb,Protect||||||50|,,,,,Ghost]Pelipper||FocusSash|Drizzle|WeatherBall,Hurricane,Tailwind,WideGuard|||F|||50|,,,,,Ghost]Basculegion||LifeOrb|SwiftSwim|WaveCrash,LastRespects,AquaJet,Protect|||M|||50|,,,,,Water]Incineroar||SafetyGoggles|Intimidate|FakeOut,KnockOff,PartingShot,Taunt|||F|||50|,,,,,Ghost]Sneasler||WhiteHerb|Unburden|DireClaw,CloseCombat,RainDance,Protect|||M|||50|,,,,,Stellar
|
|t:|1756598953
|teamsize|p1|4
|teamsize|p2|4
|start
|switch|p1a: Devil|Clefable, L50, M, shiny|100/100
|switch|p1b: Dragapult|Dragapult, L50, F|100/100
|switch|p2a: FEESH|Basculegion, L50, M, shiny|100/100
|switch|p2b: Big Gulp|Pelipper, L50, F|100/100
|-weather|RainDance|[from] ability: Drizzle|[of] p2b: Big Gulp
|turn|1
|
|t:|1756598964
|move|p1a: Devil|Follow Me|p1a: Devil
|-singleturn|p1a: Devil|move: Follow Me
|move|p2a: FEESH|Wave Crash|p1a: Devil
|-damage|p1a: Devil|2/100
|-damage|p2a: FEESH|84/100|[from] item: Rocky Helmet|[of] p1a: Devil
|-damage|p2a: FEESH|50/100|[from] Recoil
|-damage|p2a: FEESH|40/100|[from] item: Life Orb
|move|p1b: Dragapult|Thunderbolt|p2a: FEESH
|-supereffective|p2a: FEESH
|-damage|p2a: FEESH|0 fnt
|faint|p2a: FEESH
|move|p2b: Big Gulp|Tailwind|p2b: Big Gulp
|-sidestart|p2: Dr.Bejan|move: Tailwind
|
|-weather|RainDance|[upkeep]
|upkeep
|
|t:|1756598974
|switch|p2a: THE BRIDGE|Archaludon, L50, F, shiny|100/100
|turn|2
|inactive|Battle timer is ON: inactive players will automatically lose when time's up. (requested by Dr.Bejan)
|
|t:|1756598988
|switch|p1b: Incineroar|Incineroar, L50, M|100/100
|-ability|p1b: Incineroar|Intimidate|boost
|-unboost|p2a: THE BRIDGE|atk|1
|-unboost|p2b: Big Gulp|atk|1
|move|p2b: Big Gulp|Weather Ball|p1a: Devil
|-damage|p1a: Devil|0 fnt
|faint|p1a: Devil
|move|p2a: THE BRIDGE|Dragon Pulse|p1b: Incineroar
|-damage|p1b: Incineroar|57/100
|
|-weather|RainDance|[upkeep]
|upkeep
|
|t:|1756599008
|switch|p1a: Dragapult|Dragapult, L50, F|100/100
|turn|3
|
|t:|1756599015
|-terastallize|p2b: Big Gulp|Ghost
|move|p1b: Incineroar|Fake Out|p2a: THE BRIDGE
|-resisted|p2a: THE BRIDGE
|-damage|p2a: THE BRIDGE|96/100
|-ability|p2a: THE BRIDGE|Stamina|boost
|-boost|p2a: THE BRIDGE|def|1
|move|p2b: Big Gulp|Weather Ball|p1b: Incineroar
|-supereffective|p1b: Incineroar
|-damage|p1b: Incineroar|0 fnt
|faint|p1b: Incineroar
|cant|p2a: THE BRIDGE|flinch
|move|p1a: Dragapult|Draco Meteor|p2a: THE BRIDGE
|-damage|p2a: THE BRIDGE|12/100
|-unboost|p1a: Dragapult|spa|2
|-ability|p2a: THE BRIDGE|Stamina|boost
|-boost|p2a: THE BRIDGE|def|1
|
|-weather|RainDance|[upkeep]
|upkeep
|
|t:|1756599029
|switch|p1b: ƁºƁ|Sneasler, L50, F|100/100
|turn|4
|
|t:|1756599050
|-terastallize|p1a: Dragapult|Fire
|move|p1b: ƁºƁ|Protect|p1b: ƁºƁ
|-singleturn|p1b: ƁºƁ|Protect
|move|p2b: Big Gulp|Hurricane|p1b: ƁºƁ
|-activate|p1b: ƁºƁ|move: Protect
|move|p2a: THE BRIDGE|Dragon Pulse|p1a: Dragapult
|-damage|p1a: Dragapult|40/100
|move|p1a: Dragapult|Draco Meteor|p2b: Big Gulp
|-damage|p2b: Big Gulp|23/100
|-unboost|p1a: Dragapult|spa|2
|
|-weather|RainDance|[upkeep]
|-sideend|p2: Dr.Bejan|move: Tailwind
|upkeep
|turn|5
|
|t:|1756599069
|move|p1a: Dragapult|Draco Meteor|p2a: THE BRIDGE
|-damage|p2a: THE BRIDGE|0 fnt
|-unboost|p1a: Dragapult|spa|2
|faint|p2a: THE BRIDGE
|move|p1b: ƁºƁ|Throat Chop|p2b: Big Gulp
|-supereffective|p2b: Big Gulp
|-damage|p2b: Big Gulp|0 fnt
|faint|p2b: Big Gulp
|
|-weather|none
|upkeep
|
|t:|1756599072
|switch|p2b: I’m Scawey|Incineroar, L50, F, shiny|100/100
|-ability|p2b: I’m Scawey|Intimidate|boost
|-fail|p1a: Dragapult|unboost|[from] ability: Clear Body|[of] p1a: Dragapult
|-unboost|p1b: ƁºƁ|atk|1
|turn|6
|-message|Dr.Bejan forfeited.
|
|win|hungry hillo
|raw|hungry hillo's rating: 1161 → 1182(+21 for winning)
|raw|Dr.Bejan's rating: 1103 → 1082(-21 for losing)
|l|☆Dr.Bejan
|player|p2|
|c|☆hungry hillo|Gg
|l|☆hungry hillo
|player|p1|
|j|☆hungry hillo
|player|p1|hungry hillo|n|
