|j|☆spiritneko666
|j|☆roman_legend
|html|spiritneko666roman_legend    
|uhtml|bestof|Game 2 of a best-of-3
|t:|1756859931
|gametype|doubles
|player|p1|spiritneko666|psychic-gen4|1121
|player|p2|roman_legend|102|1101
|gen|9
|tier|[Gen 9] VGC 2025 Reg H (Bo3)
|rated|
|rule|Species Clause: Limit one of each Pokémon
|rule|Item Clause: Limit 1 of each item
|clearpoke
|poke|p1|Sneasler, L50, F|
|poke|p1|Indeedee, L50, M|
|poke|p1|Ursaluna-Bloodmoon, L50, M|
|poke|p1|Talonflame, L50, M|
|poke|p1|Incineroar, L50, F|
|poke|p1|Dragapult, L50, M|
|poke|p2|Gholdengo, L50|
|poke|p2|Sneasler, L50, M|
|poke|p2|Rillaboom, L50, M|
|poke|p2|Dragonite, L50, F|
|poke|p2|Ninetales-Alola, L50, M|
|poke|p2|Arcanine-Hisui, L50, M|
|teampreview|4
|showteam|p1|Sneasler||PsychicSeed|Unburden|CloseCombat,DireClaw,ThroatChop,Protect|||F|||50|,,,,,Dark]Indeedee||FocusSash|PsychicSurge|ExpandingForce,TrickRoom,HelpingHand,Protect|||M|||50|,,,,,Psychic]Ursaluna-Bloodmoon||LifeOrb|MindsEye|BloodMoon,HyperVoice,EarthPower,Protect|||M|||50|,,,,,Normal]Talonflame||CovertCloak|GaleWings|FlareBlitz,DualWingbeat,WillOWisp,Tailwind|||M|||50|,,,,,Fairy]Incineroar||SafetyGoggles|Intimidate|FlareBlitz,KnockOff,PartingShot,FakeOut|||F|||50|,,,,,Ghost]Dragapult||ChoiceBand|ClearBody|DragonDarts,Uturn,Outrage,PsychicFangs|||M|||50|,,,,,Dragon
|showteam|p2|Gholdengo||GrassySeed|GoodasGold|NastyPlot,MakeItRain,ShadowBall,Protect||||||50|,,,,,Water]Sneasler||WhiteHerb|Unburden|CloseCombat,DireClaw,Coaching,Protect|||M|||50|,,,,,Ghost]Rillaboom||AssaultVest|GrassySurge|FakeOut,GrassyGlide,DrumBeating,HighHorsepower|||M|||50|,,,,,Fire]Dragonite||LoadedDice|Multiscale|ScaleShot,StompingTantrum,Tailwind,Protect|||F|||50|,,,,,Ground]Ninetales-Alola||FocusSash|SnowWarning|Blizzard,IcyWind,Encore,AuroraVeil|||M|||50|,,,,,Ghost]Arcanine-Hisui||ClearAmulet|Intimidate|RockSlide,FlareBlitz,ExtremeSpeed,Protect|||M|||50|,,,,,Water
|inactive|Battle timer is ON: inactive players will automatically lose when time's up. (requested by spiritneko666)
|
|t:|1756859939
|teamsize|p1|4
|teamsize|p2|4
|start
|switch|p1a: Maple|Ursaluna-Bloodmoon, L50, M|100/100
|switch|p1b: Shrike|Talonflame, L50, M|100/100
|switch|p2a: Dragonite|Dragonite, L50, F|100/100
|switch|p2b: Ninetales|Ninetales-Alola, L50, M|100/100
|-weather|Snowscape|[from] ability: Snow Warning|[of] p2b: Ninetales
|turn|1
|
|t:|1756859957
|-terastallize|p1a: Maple|Normal
|move|p1b: Shrike|Tailwind|p1b: Shrike
|-sidestart|p1: spiritneko666|move: Tailwind
|move|p1a: Maple|Hyper Voice|p2a: Dragonite|[spread] p2a,p2b
|-damage|p2a: Dragonite|63/100
|-damage|p2b: Ninetales|10/100
|-damage|p1a: Maple|91/100|[from] item: Life Orb
|move|p2b: Ninetales|Aurora Veil|p2b: Ninetales
|-sidestart|p2: roman_legend|move: Aurora Veil
|move|p2a: Dragonite|Tailwind|p2a: Dragonite
|-sidestart|p2: roman_legend|move: Tailwind
|
|-weather|Snowscape|[upkeep]
|upkeep
|turn|2
|inactive|roman_legend has 30 seconds left.
|
|t:|1756859984
|switch|p2b: Gholdengo|Gholdengo, L50, shiny|100/100
|move|p1b: Shrike|Will-O-Wisp|p2a: Dragonite
|-status|p2a: Dragonite|brn
|move|p2a: Dragonite|Scale Shot|p1a: Maple
|-damage|p1a: Maple|85/100
|-damage|p1a: Maple|79/100
|-damage|p1a: Maple|74/100
|-damage|p1a: Maple|67/100
|-damage|p1a: Maple|61/100
|-hitcount|p1a: Maple|5
|-unboost|p2a: Dragonite|def|1
|-boost|p2a: Dragonite|spe|1
|move|p1a: Maple|Hyper Voice|p2a: Dragonite|[spread] p2a,p2b
|-resisted|p2b: Gholdengo
|-damage|p2a: Dragonite|12/100 brn
|-damage|p2b: Gholdengo|78/100
|-damage|p1a: Maple|52/100|[from] item: Life Orb
|
|-weather|Snowscape|[upkeep]
|-damage|p2a: Dragonite|6/100 brn|[from] brn
|upkeep
|turn|3
|inactive|roman_legend has 30 seconds left.
|inactive|roman_legend has 20 seconds left.
|
|t:|1756860022
|move|p2b: Gholdengo|Protect|p2b: Gholdengo
|-singleturn|p2b: Gholdengo|Protect
|move|p1a: Maple|Protect|p1a: Maple
|-singleturn|p1a: Maple|Protect
|move|p2a: Dragonite|Scale Shot|p1b: Shrike
|-damage|p1b: Shrike|89/100
|-damage|p1b: Shrike|78/100
|-damage|p1b: Shrike|67/100
|-damage|p1b: Shrike|56/100
|-hitcount|p1b: Shrike|4
|-unboost|p2a: Dragonite|def|1
|-boost|p2a: Dragonite|spe|1
|move|p1b: Shrike|Flare Blitz|p2b: Gholdengo
|-activate|p2b: Gholdengo|move: Protect
|
|-weather|Snowscape|[upkeep]
|-damage|p2a: Dragonite|0 fnt|[from] brn
|faint|p2a: Dragonite
|upkeep
|
|t:|1756860045
|switch|p2a: Ninetales|Ninetales-Alola, L50, M|10/100
|turn|4
|
|t:|1756860057
|switch|p1b: Sonya|Sneasler, L50, F|100/100
|switch|p1a: Alfred|Indeedee, L50, M|100/100
|-fieldstart|move: Psychic Terrain|[from] ability: Psychic Surge|[of] p1a: Alfred
|-enditem|p1b: Sonya|Psychic Seed
|-boost|p1b: Sonya|spd|1|[from] item: Psychic Seed
|move|p2a: Ninetales|Icy Wind|p1a: Alfred|[spread] p1a,p1b
|-crit|p1b: Sonya
|-damage|p1a: Alfred|81/100
|-damage|p1b: Sonya|70/100
|-unboost|p1a: Alfred|spe|1
|-unboost|p1b: Sonya|spe|1
|move|p2b: Gholdengo|Make It Rain|p1b: Sonya|[spread] p1a,p1b
|-damage|p1a: Alfred|19/100
|-damage|p1b: Sonya|27/100
|-unboost|p2b: Gholdengo|spa|1
|
|-weather|Snowscape|[upkeep]
|-sideend|p2: roman_legend|move: Tailwind
|-sideend|p1: spiritneko666|move: Tailwind
|upkeep
|turn|5
|inactive|roman_legend has 30 seconds left.
|
|t:|1756860084
|switch|p2a: Rillaboom|Rillaboom, L50, M|100/100
|-fieldstart|move: Grassy Terrain|[from] ability: Grassy Surge|[of] p2a: Rillaboom
|-enditem|p2b: Gholdengo|Grassy Seed
|-boost|p2b: Gholdengo|def|1|[from] item: Grassy Seed
|move|p1b: Sonya|Throat Chop|p2b: Gholdengo
|-supereffective|p2b: Gholdengo
|-damage|p2b: Gholdengo|51/100
|-start|p2b: Gholdengo|Throat Chop|[silent]
|move|p2b: Gholdengo|Nasty Plot|p2b: Gholdengo
|-boost|p2b: Gholdengo|spa|2
|move|p1a: Alfred|Expanding Force|p2a: Rillaboom
|-damage|p2a: Rillaboom|80/100
|
|-weather|none
|-heal|p1b: Sonya|33/100|[from] Grassy Terrain
|-heal|p2a: Rillaboom|86/100|[from] Grassy Terrain
|-heal|p2b: Gholdengo|57/100|[from] Grassy Terrain
|-heal|p1a: Alfred|25/100|[from] Grassy Terrain
|-sideend|p2: roman_legend|move: Aurora Veil
|upkeep
|turn|6
|inactive|roman_legend has 30 seconds left.
|
|t:|1756860111
|move|p1b: Sonya|Protect|p1b: Sonya
|-singleturn|p1b: Sonya|Protect
|move|p1a: Alfred|Protect|p1a: Alfred
|-singleturn|p1a: Alfred|Protect
|move|p2a: Rillaboom|Drum Beating|p1a: Alfred
|-activate|p1a: Alfred|move: Protect
|move|p2b: Gholdengo|Shadow Ball|p1b: Sonya
|-activate|p1b: Sonya|move: Protect
|
|-heal|p1b: Sonya|39/100|[from] Grassy Terrain
|-heal|p2a: Rillaboom|92/100|[from] Grassy Terrain
|-heal|p2b: Gholdengo|64/100|[from] Grassy Terrain
|-heal|p1a: Alfred|31/100|[from] Grassy Terrain
|-end|p2b: Gholdengo|Throat Chop|[silent]
|upkeep
|turn|7
|inactive|roman_legend has 30 seconds left.
|inactive|roman_legend has 20 seconds left.
|inactive|roman_legend has 15 seconds left.
|inactive|roman_legend has 10 seconds left.
|inactive|roman_legend has 5 seconds left.
|
|t:|1756860162
|move|p2a: Rillaboom|Grassy Glide|p1b: Sonya
|-resisted|p1b: Sonya
|-damage|p1b: Sonya|10/100
|move|p1b: Sonya|Throat Chop|p2b: Gholdengo
|-supereffective|p2b: Gholdengo
|-damage|p2b: Gholdengo|25/100
|-start|p2b: Gholdengo|Throat Chop|[silent]
|move|p2b: Gholdengo|Shadow Ball|p1b: Sonya
|-damage|p1b: Sonya|0 fnt
|faint|p1b: Sonya
|move|p1a: Alfred|Expanding Force|p2b: Gholdengo
|-resisted|p2b: Gholdengo
|-damage|p2b: Gholdengo|7/100
|
|-heal|p2a: Rillaboom|98/100|[from] Grassy Terrain
|-heal|p2b: Gholdengo|14/100|[from] Grassy Terrain
|-heal|p1a: Alfred|37/100|[from] Grassy Terrain
|upkeep
|
|t:|1756860172
|switch|p1b: Shrike|Talonflame, L50, M|56/100
|turn|8
|
|t:|1756860188
|-terastallize|p2a: Rillaboom|Fire
|move|p2b: Gholdengo|Protect|p2b: Gholdengo
|-singleturn|p2b: Gholdengo|Protect
|move|p1b: Shrike|Tailwind|p1b: Shrike
|-sidestart|p1: spiritneko666|move: Tailwind
|move|p1a: Alfred|Expanding Force|p2b: Gholdengo
|-activate|p2b: Gholdengo|move: Protect
|move|p2a: Rillaboom|Drum Beating|p1b: Shrike
|-resisted|p1b: Shrike
|-damage|p1b: Shrike|38/100
|
|-heal|p1a: Alfred|42/100|[from] Grassy Terrain
|-heal|p2a: Rillaboom|100/100|[from] Grassy Terrain
|-heal|p2b: Gholdengo|20/100|[from] Grassy Terrain
|-end|p2b: Gholdengo|Throat Chop|[silent]
|upkeep
|turn|9
|
|t:|1756860209
|move|p1b: Shrike|Flare Blitz|p2b: Gholdengo
|-supereffective|p2b: Gholdengo
|-damage|p2b: Gholdengo|0 fnt
|faint|p2b: Gholdengo
|-damage|p1b: Shrike|31/100|[from] Recoil
|move|p1a: Alfred|Expanding Force|p2a: Rillaboom
|-damage|p2a: Rillaboom|71/100
|move|p2a: Rillaboom|Drum Beating|p1a: Alfred
|-damage|p1a: Alfred|0 fnt
|faint|p1a: Alfred
|
|-heal|p2a: Rillaboom|77/100|[from] Grassy Terrain
|-fieldend|move: Grassy Terrain
|upkeep
|
|t:|1756860218
|switch|p1a: Maple|Ursaluna-Bloodmoon, L50, M, tera:Normal|52/100
|switch|p2b: Ninetales|Ninetales-Alola, L50, M|10/100
|-weather|Snowscape|[from] ability: Snow Warning|[of] p2b: Ninetales
|turn|10
|
|t:|1756860231
|move|p1b: Shrike|Flare Blitz|p2b: Ninetales
|-supereffective|p2b: Ninetales
|-damage|p2b: Ninetales|0 fnt
|faint|p2b: Ninetales
|-damage|p1b: Shrike|27/100|[from] Recoil
|move|p1a: Maple|Earth Power|p2a: Rillaboom
|-supereffective|p2a: Rillaboom
|-damage|p2a: Rillaboom|0 fnt
|faint|p2a: Rillaboom
|-damage|p1a: Maple|42/100|[from] item: Life Orb
|
|win|spiritneko666
|raw|spiritneko666's rating: 1121 → 1145(+24 for winning)
|raw|roman_legend's rating: 1101 → 1077(-24 for losing)
|l|☆spiritneko666
|player|p1|
