|j|☆alkittxn
|j|☆santigor
|html|alkittxnsantigor    
|uhtml|bestof|Game 2 of a best-of-3
|t:|1784272630
|gametype|doubles
|player|p1|alkittxn|aaron|1084
|player|p2|santigor|1|1088
|gen|9
|tier|[Gen 9 Champions] VGC 2026 Reg M-B (Bo3)
|rated|
|rule|Species Clause: Limit one of each Pokémon
|rule|Item Clause: Limit 1 of each item
|clearpoke
|poke|p1|Gallade, L50, M|
|poke|p1|Camerupt, L50, M|
|poke|p1|Farigiraf, L50, F|
|poke|p1|Talonflame, L50, M|
|poke|p1|Basculegion, L50, M|
|poke|p1|Kingambit, L50, M|
|poke|p2|Metagross, L50|
|poke|p2|Incineroar, L50, M|
|poke|p2|Garchomp, L50, M|
|poke|p2|Aerodactyl, L50, F|
|poke|p2|Sylveon, L50, M|
|poke|p2|Farigiraf, L50, F|
|teampreview|4
|showteam|p1|Gallade||FocusSash|Sharpness|SacredSword,TripleAxel,WideGuard,TrickRoom|Adamant||M|||50|]Camerupt||Cameruptite|SolidRock|AncientPower,HeatWave,EarthPower,Protect|Quiet||M|||50|]Farigiraf||ColburBerry|ArmorTail|HelpingHand,TrickRoom,Protect,Thunderbolt|Bold||F|||50|]Talonflame||ChartiBerry|GaleWings|DualWingbeat,Tailwind,FlareBlitz,Taunt|Relaxed||M|||50|]Basculegion||MysticWater|Adaptability|AquaJet,WaveCrash,LastRespects,FlipTurn|Adamant||M|||50|]Kingambit||ChopleBerry|Defiant|SuckerPunch,KowtowCleave,IronHead,Protect|Adamant||M|||50|
|showteam|p2|Metagross||Metagrossite|ClearBody|PsychicFangs,Protect,IronHead,BodyPress|Jolly|||||50|]Incineroar||Leftovers|Intimidate|PartingShot,FakeOut,DarkestLariat,FlareBlitz|Adamant||M|||50|]Garchomp||LifeOrb|RoughSkin|RockSlide,Earthquake,Protect,DragonClaw|Jolly||M|||50|]Aerodactyl||Aerodactylite|RockHead|Protect,Tailwind,RockSlide,DualWingbeat|Jolly||F|||50|]Sylveon||FairyFeather|Pixilate|Detect,HyperBeam,HyperVoice,QuickAttack|Modest||M|||50|]Farigiraf||SitrusBerry|ArmorTail|EnergyBall,HelpingHand,TrickRoom,Psychic|Bold||F|||50|
|
|t:|1784272678
|teamsize|p1|4
|teamsize|p2|4
|start
|switch|p1a: Talonflame|Talonflame, L50, M|100/100
|switch|p1b: Basculegion|Basculegion, L50, M|100/100
|switch|p2a: Aerodactyl|Aerodactyl, L50, F|100/100
|switch|p2b: Sylveon|Sylveon, L50, M|100/100
|turn|1
|
|t:|1784272719
|switch|p2b: Farigiraf|Farigiraf, L50, F|100/100
|detailschange|p2a: Aerodactyl|Aerodactyl-Mega, L50, F
|-mega|p2a: Aerodactyl|Aerodactyl|Aerodactylite
|move|p1a: Talonflame|Tailwind|p1a: Talonflame
|-sidestart|p1: alkittxn|move: Tailwind
|move|p2a: Aerodactyl|Tailwind|p2a: Aerodactyl
|-sidestart|p2: santigor|move: Tailwind
|move|p1b: Basculegion|Wave Crash|p2b: Farigiraf
|-damage|p2b: Farigiraf|15/100
|-enditem|p2b: Farigiraf|Sitrus Berry|[eat]
|-heal|p2b: Farigiraf|40/100|[from] item: Sitrus Berry
|-damage|p1b: Basculegion|69/100|[from] Recoil
|
|upkeep
|turn|2
|
|t:|1784272762
|move|p2a: Aerodactyl|Rock Slide|p1b: Basculegion|[spread] p1a,p1b
|-supereffective|p1a: Talonflame|2
|-crit|p1a: Talonflame
|-enditem|p1a: Talonflame|Charti Berry|[eat]
|-enditem|p1a: Talonflame|Charti Berry|[weaken]
|-damage|p1a: Talonflame|10/100
|-damage|p1b: Basculegion|29/100
|cant|p1a: Talonflame|flinch
|move|p1b: Basculegion|Wave Crash|p2a: Aerodactyl
|-supereffective|p2a: Aerodactyl|1
|-damage|p2a: Aerodactyl|0 fnt
|faint|p2a: Aerodactyl
|-damage|p1b: Basculegion|3/100|[from] Recoil
|move|p2b: Farigiraf|Energy Ball|p1b: Basculegion
|-supereffective|p1b: Basculegion|1
|-damage|p1b: Basculegion|0 fnt
|faint|p1b: Basculegion
|
|upkeep
|
|t:|1784272787
|switch|p2a: Sylveon|Sylveon, L50, M|100/100
|switch|p1b: Camerupt|Camerupt, L50, M|100/100
|turn|3
|
|t:|1784272804
|detailschange|p1b: Camerupt|Camerupt-Mega, L50, M
|-mega|p1b: Camerupt|Camerupt|Cameruptite
|move|p1a: Talonflame|Flare Blitz|p2a: Sylveon
|-damage|p2a: Sylveon|45/100
|-damage|p1a: Talonflame|0 fnt|[from] Recoil
|faint|p1a: Talonflame
|move|p2a: Sylveon|Hyper Voice|p1b: Camerupt
|-resisted|p1b: Camerupt|1
|-damage|p1b: Camerupt|69/100
|move|p2b: Farigiraf|Psychic|p1b: Camerupt
|-damage|p1b: Camerupt|32/100
|move|p1b: Camerupt|Heat Wave|p2a: Sylveon|[spread] p2a,p2b
|-damage|p2a: Sylveon|0 fnt
|-damage|p2b: Farigiraf|0 fnt
|faint|p2a: Sylveon
|faint|p2b: Farigiraf
|
|upkeep
|
|t:|1784272821
|switch|p1a: Gallade|Gallade, L50, M|100/100
|switch|p2b: Garchomp|Garchomp, L50, M|100/100
|turn|4
|inactive|Battle timer is ON: inactive players will automatically lose when time's up. (requested by santigor)
|
|t:|1784272838
|move|p2b: Garchomp|Protect|p2b: Garchomp
|-singleturn|p2b: Garchomp|Protect
|move|p1a: Gallade|Triple Axel|p2b: Garchomp
|-activate|p2b: Garchomp|move: Protect
|move|p1b: Camerupt|Earth Power|p2b: Garchomp
|-activate|p2b: Garchomp|move: Protect
|
|-sideend|p1: alkittxn|move: Tailwind
|-sideend|p2: santigor|move: Tailwind
|upkeep
|turn|5
|
|t:|1784272858
|move|p1a: Gallade|Wide Guard|p1a: Gallade
|-singleturn|p1a: Gallade|Wide Guard
|move|p2b: Garchomp|Earthquake|p1a: Gallade|[spread] 
|-activate|p1a: Gallade|move: Wide Guard
|-activate|p1b: Camerupt|move: Wide Guard
|move|p1b: Camerupt|Earth Power|p2b: Garchomp
|-damage|p2b: Garchomp|13/100
|
|upkeep
|turn|6
|-message|santigor forfeited.
|raw|alkittxn's rating: 1084 → 1112(+28 for winning)
|raw|santigor's rating: 1088 → 1065(-23 for losing)
|
|win|alkittxn
|l|☆santigor
|player|p2|
