|j|☆Killsbugsded
|j|☆JoshSketch
|html|KillsbugsdedJoshSketch    
|uhtml|bestof|Game 3 of a best-of-3
|t:|1757735278
|gametype|doubles
|player|p1|Killsbugsded|265|1097
|player|p2|JoshSketch|169|1035
|gen|9
|tier|[Gen 9] VGC 2025 Reg H (Bo3)
|rated|
|rule|Species Clause: Limit one of each Pokémon
|rule|Item Clause: Limit 1 of each item
|clearpoke
|poke|p1|Rillaboom, L50, M|
|poke|p1|Volcarona, L50, M|
|poke|p1|Maushold-Four, L50|
|poke|p1|Milotic, L50, F|
|poke|p1|Garganacl, L50, M|
|poke|p1|Tyranitar, L50, M|
|poke|p2|Gholdengo, L50|
|poke|p2|Archaludon, L50, F|
|poke|p2|Pelipper, L50, M|
|poke|p2|Sneasler, L50, F|
|poke|p2|Rillaboom, L50, M|
|poke|p2|Basculegion, L50, M|
|teampreview|4
|showteam|p1|Rillaboom||ChoiceScarf|GrassySurge|WoodHammer,Uturn,DrumBeating,HighHorsepower|||M|||50|,,,,,Grass]Volcarona||GrassySeed|FlameBody|Flamethrower,TeraBlast,QuiverDance,Protect|||M|||50|,,,,,Fairy]Maushold-Four||FocusSash|FriendGuard|SuperFang,FollowMe,Taunt,Protect||||||50|,,,,,Ghost]Milotic||CovertCloak|Competitive|Scald,IceBeam,LifeDew,Protect|||F|||50|,,,,,Grass]Garganacl||SitrusBerry|PurifyingSalt|SaltCure,Recover,WideGuard,Protect|||M|||50|,,,,,Ghost]Tyranitar||AssaultVest|SandStream|RockSlide,KnockOff,LowKick,HighHorsepower|||M|||50|,,,,,Bug
|showteam|p2|Gholdengo||LifeOrb|GoodasGold|Protect,NastyPlot,MakeItRain,ShadowBall||||||50|,,,,,Steel]Archaludon||AssaultVest|Stamina|BodyPress,ElectroShot,DracoMeteor,FlashCannon|||F|||50|,,,,,Bug]Pelipper||SafetyGoggles|Drizzle|Tailwind,Hurricane,WeatherBall,Protect|||M|||50|,,,,,Ghost]Sneasler||FocusSash|PoisonTouch|Protect,FakeOut,CloseCombat,DireClaw|||F|||50|,,,,,Stellar]Rillaboom||LoadedDice|GrassySurge|FakeOut,BulletSeed,HighHorsepower,GrassyGlide|||M|||50|,,,,,Fire]Basculegion||ChoiceBand|SwiftSwim|WaveCrash,AquaJet,LastRespects,FlipTurn|||M|||50|,,,,,Grass
|
|t:|1757735321
|teamsize|p1|4
|teamsize|p2|4
|start
|switch|p1a: Volcarona|Volcarona, L50, M|100/100
|switch|p1b: Rillaboom|Rillaboom, L50, M|100/100
|switch|p2a: Pelipper|Pelipper, L50, M|100/100
|switch|p2b: Jinsousen|Basculegion, L50, M, shiny|100/100
|-fieldstart|move: Grassy Terrain|[from] ability: Grassy Surge|[of] p1b: Rillaboom
|-enditem|p1a: Volcarona|Grassy Seed
|-boost|p1a: Volcarona|def|1|[from] item: Grassy Seed
|-weather|RainDance|[from] ability: Drizzle|[of] p2a: Pelipper
|turn|1
|inactive|Battle timer is ON: inactive players will automatically lose when time's up. (requested by Killsbugsded)
|
|t:|1757735353
|switch|p1b: Tyranitar|Tyranitar, L50, M|100/100
|-weather|Sandstorm|[from] ability: Sand Stream|[of] p1b: Tyranitar
|-terastallize|p2b: Jinsousen|Grass
|-terastallize|p1a: Volcarona|Fairy
|move|p1a: Volcarona|Quiver Dance|p1a: Volcarona
|-boost|p1a: Volcarona|spa|1
|-boost|p1a: Volcarona|spd|1
|-boost|p1a: Volcarona|spe|1
|move|p2b: Jinsousen|Flip Turn|p1b: Tyranitar
|-supereffective|p1b: Tyranitar
|-damage|p1b: Tyranitar|21/100
|
|t:|1757735366
|switch|p2b: Fruity Kong|Rillaboom, L50, M, shiny|100/100|[from] Flip Turn
|move|p2a: Pelipper|Weather Ball|p1a: Volcarona
|-damage|p1a: Volcarona|87/100
|
|-weather|Sandstorm|[upkeep]
|-damage|p1a: Volcarona|81/100|[from] Sandstorm
|-damage|p2b: Fruity Kong|95/100|[from] Sandstorm
|-heal|p1a: Volcarona|87/100|[from] Grassy Terrain
|-heal|p2b: Fruity Kong|100/100|[from] Grassy Terrain
|-heal|p1b: Tyranitar|28/100|[from] Grassy Terrain
|upkeep
|turn|2
|
|t:|1757735381
|switch|p2a: Suspencer|Archaludon, L50, F|100/100
|switch|p1b: Rillaboom|Rillaboom, L50, M|100/100
|move|p1a: Volcarona|Flamethrower|p2b: Fruity Kong
|-supereffective|p2b: Fruity Kong
|-damage|p2b: Fruity Kong|0 fnt
|faint|p2b: Fruity Kong
|
|-weather|Sandstorm|[upkeep]
|-damage|p1a: Volcarona|81/100|[from] Sandstorm
|-damage|p1b: Rillaboom|94/100|[from] Sandstorm
|-heal|p1a: Volcarona|87/100|[from] Grassy Terrain
|-heal|p1b: Rillaboom|100/100|[from] Grassy Terrain
|upkeep
|
|t:|1757735385
|switch|p2b: Pelipper|Pelipper, L50, M|100/100
|-weather|RainDance|[from] ability: Drizzle|[of] p2b: Pelipper
|turn|3
|inactive|Killsbugsded has 30 seconds left.
|inactive|Killsbugsded has 20 seconds left.
|
|t:|1757735423
|move|p1a: Volcarona|Tera Blast|p2b: Pelipper|[anim] Tera Blast Fairy
|-damage|p2b: Pelipper|9/100
|move|p1b: Rillaboom|Wood Hammer|p2b: Pelipper
|-damage|p2b: Pelipper|0 fnt
|faint|p2b: Pelipper
|-damage|p1b: Rillaboom|98/100|[from] Recoil
|move|p2a: Suspencer|Electro Shot||[still]
|-prepare|p2a: Suspencer|Electro Shot
|-boost|p2a: Suspencer|spa|1
|-anim|p2a: Suspencer|Electro Shot|p1a: Volcarona
|-damage|p1a: Volcarona|52/100
|
|-weather|RainDance|[upkeep]
|-heal|p1a: Volcarona|58/100|[from] Grassy Terrain
|-heal|p1b: Rillaboom|100/100|[from] Grassy Terrain
|upkeep
|
|t:|1757735429
|switch|p2b: Jinsousen|Basculegion, L50, M, shiny, tera:Grass|100/100
|turn|4
|inactive|JoshSketch has 30 seconds left.
|inactive|JoshSketch has 20 seconds left.
|inactive|Killsbugsded has 30 seconds left.
|inactive|JoshSketch has 15 seconds left.
|inactive|Killsbugsded has 20 seconds left.
|inactive|JoshSketch has 10 seconds left.
|
|t:|1757735491
|switch|p1b: Tyranitar|Tyranitar, L50, M|28/100
|-weather|Sandstorm|[from] ability: Sand Stream|[of] p1b: Tyranitar
|move|p1a: Volcarona|Flamethrower|p2b: Jinsousen
|-supereffective|p2b: Jinsousen
|-crit|p2b: Jinsousen
|-damage|p2b: Jinsousen|0 fnt
|faint|p2b: Jinsousen
|move|p2a: Suspencer|Flash Cannon|p1a: Volcarona
|-supereffective|p1a: Volcarona
|-damage|p1a: Volcarona|0 fnt
|faint|p1a: Volcarona
|
|-weather|Sandstorm|[upkeep]
|-heal|p1b: Tyranitar|34/100|[from] Grassy Terrain
|upkeep
|
|t:|1757735510
|switch|p1a: Garganacl|Garganacl, L50, M|100/100
|turn|5
|
|t:|1757735527
|move|p2a: Suspencer|Flash Cannon|p1a: Garganacl
|-supereffective|p1a: Garganacl
|-damage|p1a: Garganacl|33/100
|-enditem|p1a: Garganacl|Sitrus Berry|[eat]
|-heal|p1a: Garganacl|58/100|[from] item: Sitrus Berry
|move|p1b: Tyranitar|High Horsepower|p2a: Suspencer
|-supereffective|p2a: Suspencer
|-damage|p2a: Suspencer|49/100
|-ability|p2a: Suspencer|Stamina|boost
|-boost|p2a: Suspencer|def|1
|move|p1a: Garganacl|Salt Cure|p2a: Suspencer
|-resisted|p2a: Suspencer
|-damage|p2a: Suspencer|46/100
|-start|p2a: Suspencer|Salt Cure
|-ability|p2a: Suspencer|Stamina|boost
|-boost|p2a: Suspencer|def|1
|
|-weather|Sandstorm|[upkeep]
|-heal|p2a: Suspencer|52/100|[from] Grassy Terrain
|-heal|p1b: Tyranitar|40/100|[from] Grassy Terrain
|-heal|p1a: Garganacl|64/100|[from] Grassy Terrain
|-damage|p2a: Suspencer|27/100|[from] Salt Cure
|-fieldend|move: Grassy Terrain
|upkeep
|turn|6
|
|t:|1757735540
|move|p2a: Suspencer|Flash Cannon|p1b: Tyranitar
|-supereffective|p1b: Tyranitar
|-damage|p1b: Tyranitar|0 fnt
|faint|p1b: Tyranitar
|move|p1a: Garganacl|Recover|p1a: Garganacl
|-heal|p1a: Garganacl|100/100
|
|-weather|Sandstorm|[upkeep]
|-damage|p2a: Suspencer|2/100|[from] Salt Cure
|upkeep
|
|t:|1757735543
|switch|p1b: Rillaboom|Rillaboom, L50, M|100/100
|-fieldstart|move: Grassy Terrain|[from] ability: Grassy Surge|[of] p1b: Rillaboom
|turn|7
|c|☆Killsbugsded|gg
|
|t:|1757735551
|move|p1b: Rillaboom|Wood Hammer|p2a: Suspencer
|-resisted|p2a: Suspencer
|-damage|p2a: Suspencer|0 fnt
|faint|p2a: Suspencer
|-damage|p1b: Rillaboom|99/100|[from] Recoil
|
|win|Killsbugsded
|raw|Killsbugsded's rating: 1097 → 1118(+21 for winning)
|raw|JoshSketch's rating: 1035 → 1022(-13 for losing)
|l|☆Killsbugsded
|player|p1|
