|j|☆marcusquinn
|j|☆zh2
|html|marcusquinnzh2    
|uhtml|bestof|Game 3 of a best-of-3
|t:|1755223488
|gametype|doubles
|player|p1|marcusquinn|hilbert-wonderlauncher|1244
|player|p2|zh2|cyclist|1185
|gen|9
|tier|[Gen 9] VGC 2025 Reg H (Bo3)
|rated|
|rule|Species Clause: Limit one of each Pokémon
|rule|Item Clause: Limit 1 of each item
|clearpoke
|poke|p1|Whimsicott, L50, M|
|poke|p1|Archaludon, L50, M|
|poke|p1|Porygon2, L50|
|poke|p1|Incineroar, L50, F|
|poke|p1|Ursaluna, L50, M|
|poke|p1|Sneasler, L50, M|
|poke|p2|Gyarados, L50, M|
|poke|p2|Ursaluna-Bloodmoon, L50, M|
|poke|p2|Grimmsnarl, L50, M|
|poke|p2|Whimsicott, L50, F|
|poke|p2|Annihilape, L50, M|
|poke|p2|Archaludon, L50, F|
|teampreview|4
|showteam|p1|Whimsicott||CovertCloak|Prankster|Protect,Moonblast,Encore,Tailwind|||M|||50|,,,,,Water]Archaludon||PowerHerb|Sturdy|Protect,ElectroShot,DracoMeteor,FlashCannon|||M|||50|,,,,,Electric]Porygon2||Eviolite|Download|TeraBlast,IceBeam,Recover,TrickRoom||||||50|,,,,,Fighting]Incineroar||SitrusBerry|Intimidate|FlareBlitz,KnockOff,FakeOut,PartingShot|||F|||50|,,,,,Ghost]Ursaluna||FlameOrb|Guts|HeadlongRush,Facade,Earthquake,Protect|||M|||50|,,,,,Ghost]Sneasler||FocusSash|Unburden|Protect,CloseCombat,DireClaw,ThroatChop|||M|||50|,,,,,Stellar
|showteam|p2|Gyarados||SitrusBerry|Intimidate|Waterfall,ThunderWave,Taunt,Protect|||M|||50|,,,,,Steel]Ursaluna-Bloodmoon||LifeOrb|MindsEye|BloodMoon,HyperVoice,EarthPower,Protect|||M|||50|,,,,,Normal]Grimmsnarl||LightClay|Prankster|SpiritBreak,LightScreen,Reflect,ThunderWave|||M|||50|,,,,,Ghost]Whimsicott||FocusSash|Prankster|Tailwind,Moonblast,BeatUp,Taunt|||F|||50|,,,,,Ghost]Annihilape||ChoiceScarf|Defiant|CloseCombat,RageFist,FinalGambit,RockSlide|||M|||50|,,,,,Grass]Archaludon||AssaultVest|Stamina|DracoMeteor,FlashCannon,BodyPress,Snarl|||F|||50|,,,,,Steel
|inactive|Battle timer is ON: inactive players will automatically lose when time's up. (requested by marcusquinn)
|
|t:|1755223517
|teamsize|p1|4
|teamsize|p2|4
|start
|switch|p1a: Porygon2|Porygon2, L50, shiny|100/100
|switch|p1b: Archaludon|Archaludon, L50, M|100/100
|switch|p2a: Grimmsnarl|Grimmsnarl, L50, M|100/100
|switch|p2b: Archaludon|Archaludon, L50, F|100/100
|-ability|p1a: Porygon2|Download|boost
|-boost|p1a: Porygon2|spa|1
|turn|1
|inactive|marcusquinn has 30 seconds left.
|inactive|zh2 has 30 seconds left.
|inactive|marcusquinn has 20 seconds left.
|inactive|zh2 has 20 seconds left.
|inactive|marcusquinn has 15 seconds left.
|
|t:|1755223562
|-terastallize|p1a: Porygon2|Fighting
|move|p2a: Grimmsnarl|Light Screen|p2a: Grimmsnarl
|-sidestart|p2: zh2|move: Light Screen
|move|p1b: Archaludon|Electro Shot||[still]
|-prepare|p1b: Archaludon|Electro Shot
|-boost|p1b: Archaludon|spa|1
|-enditem|p1b: Archaludon|Power Herb
|-anim|p1b: Archaludon|Electro Shot|p2a: Grimmsnarl
|-damage|p2a: Grimmsnarl|53/100
|move|p2b: Archaludon|Snarl|p1a: Porygon2|[spread] p1a,p1b
|-resisted|p1a: Porygon2
|-damage|p1a: Porygon2|96/100
|-damage|p1b: Archaludon|81/100
|-unboost|p1a: Porygon2|spa|1
|-unboost|p1b: Archaludon|spa|1
|move|p1a: Porygon2|Tera Blast|p2b: Archaludon|[anim] Tera Blast Fighting
|-supereffective|p2b: Archaludon
|-damage|p2b: Archaludon|68/100
|-ability|p2b: Archaludon|Stamina|boost
|-boost|p2b: Archaludon|def|1
|
|upkeep
|turn|2
|
|t:|1755223586
|move|p1b: Archaludon|Draco Meteor|p2b: Archaludon
|-damage|p2b: Archaludon|41/100
|-unboost|p1b: Archaludon|spa|2
|-ability|p2b: Archaludon|Stamina|boost
|-boost|p2b: Archaludon|def|1
|move|p2b: Archaludon|Body Press|p1b: Archaludon
|-supereffective|p1b: Archaludon
|-damage|p1b: Archaludon|4/100
|move|p2a: Grimmsnarl|Spirit Break|p1b: Archaludon
|-damage|p1b: Archaludon|0 fnt
|faint|p1b: Archaludon
|move|p1a: Porygon2|Tera Blast|p2b: Archaludon|[anim] Tera Blast Fighting
|-supereffective|p2b: Archaludon
|-damage|p2b: Archaludon|6/100
|-ability|p2b: Archaludon|Stamina|boost
|-boost|p2b: Archaludon|def|1
|
|upkeep
|
|t:|1755223603
|switch|p1b: Whimsicott|Whimsicott, L50, M|100/100
|turn|3
|
|t:|1755223626
|move|p2a: Grimmsnarl|Thunder Wave|p1b: Whimsicott|[miss]
|-miss|p2a: Grimmsnarl|p1b: Whimsicott
|move|p1b: Whimsicott|Moonblast|p2b: Archaludon
|-damage|p2b: Archaludon|0 fnt
|faint|p2b: Archaludon
|move|p1a: Porygon2|Tera Blast|p2a: Grimmsnarl|[anim] Tera Blast Fighting
|-damage|p2a: Grimmsnarl|26/100
|
|upkeep
|
|t:|1755223641
|switch|p2b: Whimsicott|Whimsicott, L50, F|100/100
|turn|4
|
|t:|1755223655
|move|p2b: Whimsicott|Moonblast|p1a: Porygon2
|-supereffective|p1a: Porygon2
|-damage|p1a: Porygon2|46/100
|move|p1b: Whimsicott|Moonblast|p2b: Whimsicott
|-damage|p2b: Whimsicott|65/100
|move|p2a: Grimmsnarl|Spirit Break|p1a: Porygon2
|-supereffective|p1a: Porygon2
|-damage|p1a: Porygon2|2/100
|-unboost|p1a: Porygon2|spa|1
|move|p1a: Porygon2|Ice Beam|p2b: Whimsicott
|-supereffective|p2b: Whimsicott
|-damage|p2b: Whimsicott|27/100
|
|upkeep
|turn|5
|inactive|zh2 has 30 seconds left.
|
|t:|1755223684
|switch|p2a: Annihilape|Annihilape, L50, M|100/100
|move|p2b: Whimsicott|Beat Up|p2a: Annihilape
|-damage|p2a: Annihilape|98/100
|-damage|p2a: Annihilape|96/100
|-damage|p2a: Annihilape|93/100
|-hitcount|p2a: Annihilape|3
|move|p1b: Whimsicott|Moonblast|p2b: Whimsicott
|-damage|p2b: Whimsicott|0 fnt
|faint|p2b: Whimsicott
|move|p1a: Porygon2|Recover|p1a: Porygon2
|-heal|p1a: Porygon2|52/100
|
|upkeep
|
|t:|1755223689
|switch|p2b: Grimmsnarl|Grimmsnarl, L50, M|26/100
|turn|6
|inactive|marcusquinn has 30 seconds left.
|inactive|zh2 has 30 seconds left.
|inactive|marcusquinn has 20 seconds left.
|inactive|zh2 has 20 seconds left.
|inactive|zh2 has 15 seconds left.
|inactive|zh2 has 10 seconds left.
|
|t:|1755223734
|-terastallize|p2b: Grimmsnarl|Ghost
|move|p1b: Whimsicott|Protect|p1b: Whimsicott
|-singleturn|p1b: Whimsicott|Protect
|move|p2a: Annihilape|Rage Fist|p1a: Porygon2
|-damage|p1a: Porygon2|0 fnt
|faint|p1a: Porygon2
|move|p2b: Grimmsnarl|Spirit Break|p1b: Whimsicott
|-activate|p1b: Whimsicott|move: Protect
|
|upkeep
|
|t:|1755223747
|switch|p1a: Sneasler|Sneasler, L50, M|100/100
|turn|7
|inactive|marcusquinn has 30 seconds left.
|inactive|marcusquinn has 20 seconds left.
|
|t:|1755223783
|move|p1b: Whimsicott|Protect||[still]
|-fail|p1b: Whimsicott
|move|p2b: Grimmsnarl|Reflect|p2b: Grimmsnarl
|-sidestart|p2: zh2|Reflect
|move|p2a: Annihilape|Rage Fist|p1b: Whimsicott
|-damage|p1b: Whimsicott|0 fnt
|faint|p1b: Whimsicott
|move|p1a: Sneasler|Throat Chop|p2b: Grimmsnarl
|-supereffective|p2b: Grimmsnarl
|-damage|p2b: Grimmsnarl|0 fnt
|faint|p2b: Grimmsnarl
|
|upkeep
|turn|8
|
|t:|1755223795
|move|p2a: Annihilape|Rage Fist|p1a: Sneasler
|-enditem|p1a: Sneasler|Focus Sash
|-damage|p1a: Sneasler|1/100
|move|p1a: Sneasler|Dire Claw|p2a: Annihilape
|-resisted|p2a: Annihilape
|-damage|p2a: Annihilape|77/100
|-status|p2a: Annihilape|psn
|
|-damage|p2a: Annihilape|64/100 psn|[from] psn
|-sideend|p2: zh2|move: Light Screen
|upkeep
|turn|9
|
|t:|1755223807
|move|p1a: Sneasler|Protect|p1a: Sneasler
|-singleturn|p1a: Sneasler|Protect
|move|p2a: Annihilape|Rage Fist|p1a: Sneasler
|-activate|p1a: Sneasler|move: Protect
|
|-damage|p2a: Annihilape|52/100 psn|[from] psn
|upkeep
|turn|10
|
|t:|1755223819
|move|p1a: Sneasler|Protect||[still]
|-fail|p1a: Sneasler
|move|p2a: Annihilape|Rage Fist|p2: Grimmsnarl|[notarget]
|-fail|p2a: Annihilape
|
|-damage|p2a: Annihilape|40/100 psn|[from] psn
|upkeep
|turn|11
|
|t:|1755223838
|move|p1a: Sneasler|Protect|p1a: Sneasler
|-singleturn|p1a: Sneasler|Protect
|move|p2a: Annihilape|Rage Fist|p1a: Sneasler
|-activate|p1a: Sneasler|move: Protect
|
|-damage|p2a: Annihilape|28/100 psn|[from] psn
|upkeep
|turn|12
|c|☆marcusquinn|why did it fail?
|
|t:|1755223862
|move|p1a: Sneasler|Dire Claw|p2a: Annihilape
|-resisted|p2a: Annihilape
|-damage|p2a: Annihilape|12/100 psn
|move|p2a: Annihilape|Rage Fist|p1a: Sneasler
|-damage|p1a: Sneasler|0 fnt
|faint|p1a: Sneasler
|
|win|zh2
|raw|marcusquinn's rating: 1244 → 1215(-29 for losing)
|raw|zh2's rating: 1185 → 1214(+29 for winning)
|c|☆zh2|misclick
|c|☆zh2|clicked on my own lol
|l|☆marcusquinn
|player|p1|
