|j|☆CRWN RVM3
|j|☆Kiquemo
|html|CRWN RVM3Kiquemo    
|uhtml|bestof|Game 2 of a best-of-3
|t:|1785700798
|gametype|doubles
|player|p1|CRWN RVM3|hilbert|1000
|player|p2|Kiquemo|102|1151
|gen|9
|tier|[Gen 9 Champions] VGC 2026 Reg M-B (Bo3)
|rated|
|rule|Species Clause: Limit one of each Pokémon
|rule|Item Clause: Limit 1 of each item
|clearpoke
|poke|p1|Charizard, L50, F|
|poke|p1|Venusaur, L50, M|
|poke|p1|Pelipper, L50, M|
|poke|p1|Archaludon, L50, F|
|poke|p1|Grimmsnarl, L50, M|
|poke|p1|Garchomp, L50, M, shiny|
|poke|p2|Farigiraf, L50, F|
|poke|p2|Sylveon, L50, F|
|poke|p2|Kingambit, L50, F|
|poke|p2|Incineroar, L50, F|
|poke|p2|Charizard, L50, F|
|poke|p2|Eelektross, L50, F|
|teampreview|4
|showteam|p1|Charizard||CharizarditeY|Blaze|SolarBeam,WeatherBall,HeatWave,Protect|Modest||F|||50|]Venusaur||FocusSash|Chlorophyll|SleepPowder,EarthPower,Protect,SludgeBomb|Modest||M|||50|]Pelipper||SitrusBerry|Drizzle|WeatherBall,WideGuard,Hurricane,Tailwind|Modest||M|||50|]Archaludon||Leftovers|Stamina|ElectroShot,Protect,FlashCannon,DragonPulse|Calm||F|||50|]Grimmsnarl||LightClay|Prankster|SpiritBreak,LightScreen,Reflect,PartingShot|Sassy||M|||50|]Garchomp||LifeOrb|RoughSkin|StompingTantrum,Earthquake,DragonClaw,Protect|Jolly||M|||50|
|showteam|p2|Farigiraf||SitrusBerry|ArmorTail|TwinBeam,Thunderbolt,TrickRoom,Protect|Relaxed||F|||50|]Sylveon||FairyFeather|Pixilate|HyperVoice,Yawn,QuickAttack,Detect|Quiet||F|||50|]Kingambit||ChopleBerry|Defiant|KowtowCleave,IronHead,SuckerPunch,LowKick|Brave||F|||50|]Incineroar||Charcoal|Intimidate|ThroatChop,FlareBlitz,PartingShot,FakeOut|Adamant||F|||50|]Charizard||CharizarditeY|Blaze|HeatWave,SolarBeam,WeatherBall,Protect|Modest||F|||50|]Eelektross||Eelektrossite|Levitate|Superpower,SupercellSlam,RockSlide,Coil|Adamant||F|||50|
|inactive|Battle timer is ON: inactive players will automatically lose when time's up. (requested by CRWN RVM3)
|
|t:|1785700823
|teamsize|p1|4
|teamsize|p2|4
|start
|switch|p1a: Hyperion|Charizard, L50, F|100/100
|switch|p1b: Typhon|Garchomp, L50, M, shiny|100/100
|switch|p2a: Farigiraf|Farigiraf, L50, F|100/100
|switch|p2b: Incineroar|Incineroar, L50, F|100/100
|-ability|p2b: Incineroar|Intimidate|boost
|-unboost|p1a: Hyperion|atk|1
|-unboost|p1b: Typhon|atk|1
|turn|1
|
|t:|1785700837
|detailschange|p1a: Hyperion|Charizard-Mega-Y, L50, F
|-mega|p1a: Hyperion|Charizard|Charizardite Y
|-weather|SunnyDay|[from] ability: Drought|[of] p1a: Hyperion
|move|p2b: Incineroar|Fake Out|p1a: Hyperion
|-damage|p1a: Hyperion|83/100
|move|p1b: Typhon|Earthquake|p2a: Farigiraf|[spread] p2a,p2b
|-immune|p1a: Hyperion
|-supereffective|p2b: Incineroar|1
|-damage|p2a: Farigiraf|77/100
|-damage|p2b: Incineroar|33/100
|-damage|p1b: Typhon|90/100|[from] item: Life Orb
|cant|p1a: Hyperion|flinch
|move|p2a: Farigiraf|Trick Room|p2a: Farigiraf
|-fieldstart|move: Trick Room|[of] p2a: Farigiraf
|
|-weather|SunnyDay|[upkeep]
|upkeep
|turn|2
|
|t:|1785700855
|move|p2a: Farigiraf|Thunderbolt|p1a: Hyperion
|-supereffective|p1a: Hyperion|1
|-damage|p1a: Hyperion|38/100
|move|p2b: Incineroar|Parting Shot|p1a: Hyperion
|-unboost|p1a: Hyperion|atk|1
|-unboost|p1a: Hyperion|spa|1
|
|t:|1785700861
|switch|p2b: Eelektross|Eelektross, L50, F|100/100|[from] Parting Shot
|move|p1a: Hyperion|Heat Wave|p2a: Farigiraf|[spread] p2a,p2b
|-damage|p2a: Farigiraf|33/100
|-damage|p2b: Eelektross|55/100
|-enditem|p2a: Farigiraf|Sitrus Berry|[eat]
|-heal|p2a: Farigiraf|57/100|[from] item: Sitrus Berry
|move|p1b: Typhon|Earthquake|p2a: Farigiraf|[spread] p2a
|-immune|p1a: Hyperion
|-immune|p2b: Eelektross|[from] ability: Levitate
|-damage|p2a: Farigiraf|32/100
|-damage|p1b: Typhon|80/100|[from] item: Life Orb
|
|-weather|SunnyDay|[upkeep]
|upkeep
|turn|3
|inactive|CRWN RVM3 has 30 seconds left.
|
|t:|1785700888
|switch|p2a: Incineroar|Incineroar, L50, F|33/100
|-ability|p2a: Incineroar|Intimidate|boost
|-unboost|p1a: Hyperion|atk|1
|-unboost|p1b: Typhon|atk|1
|detailschange|p2b: Eelektross|Eelektross-Mega, L50, F
|-mega|p2b: Eelektross|Eelektross|Eelektrossite
|move|p1a: Hyperion|Protect|p1a: Hyperion
|-singleturn|p1a: Hyperion|Protect
|move|p2b: Eelektross|Coil|p2b: Eelektross
|-boost|p2b: Eelektross|atk|1
|-boost|p2b: Eelektross|def|1
|-boost|p2b: Eelektross|accuracy|1
|move|p1b: Typhon|Dragon Claw|p2b: Eelektross
|-damage|p2b: Eelektross|35/100
|-damage|p1b: Typhon|70/100|[from] item: Life Orb
|
|-weather|SunnyDay|[upkeep]
|upkeep
|turn|4
|
|t:|1785700908
|switch|p1a: Kronos|Archaludon, L50, F|100/100
|move|p1b: Typhon|Protect|p1b: Typhon
|-singleturn|p1b: Typhon|Protect
|move|p2a: Incineroar|Parting Shot|p1b: Typhon
|-activate|p1b: Typhon|move: Protect
|move|p2b: Eelektross|Rock Slide|p1a: Kronos|[spread] p1a
|-activate|p1b: Typhon|move: Protect
|-resisted|p1a: Kronos|1
|-damage|p1a: Kronos|86/100
|-ability|p1a: Kronos|Stamina|boost
|-boost|p1a: Kronos|def|1
|
|-weather|SunnyDay|[upkeep]
|-heal|p1a: Kronos|92/100|[from] item: Leftovers
|upkeep
|turn|5
|inactive|CRWN RVM3 has 30 seconds left.
|
|t:|1785700934
|move|p1a: Kronos|Protect|p1a: Kronos
|-singleturn|p1a: Kronos|Protect
|move|p2a: Incineroar|Parting Shot|p1a: Kronos
|-activate|p1a: Kronos|move: Protect
|move|p2b: Eelektross|Superpower|p1a: Kronos
|-activate|p1a: Kronos|move: Protect
|move|p1b: Typhon|Earthquake|p2b: Eelektross|[spread] p2a
|-activate|p1a: Kronos|move: Protect
|-immune|p2b: Eelektross|[from] ability: Eelevate
|-supereffective|p2a: Incineroar|1
|-damage|p2a: Incineroar|0 fnt
|faint|p2a: Incineroar
|-damage|p1b: Typhon|60/100|[from] item: Life Orb
|
|-weather|none
|-heal|p1a: Kronos|98/100|[from] item: Leftovers
|-fieldend|move: Trick Room
|upkeep
|
|t:|1785700944
|switch|p2a: Sylveon|Sylveon, L50, F|100/100
|turn|6
|
|t:|1785700961
|switch|p1b: Pushing P|Pelipper, L50, M|100/100
|-weather|RainDance|[from] ability: Drizzle|[of] p1b: Pushing P
|move|p1a: Kronos|Dragon Pulse|p2b: Eelektross
|-damage|p2b: Eelektross|1/100
|move|p2b: Eelektross|Superpower|p1a: Kronos
|-supereffective|p1a: Kronos|1
|-damage|p1a: Kronos|23/100
|-unboost|p2b: Eelektross|atk|1
|-unboost|p2b: Eelektross|def|1
|-ability|p1a: Kronos|Stamina|boost
|-boost|p1a: Kronos|def|1
|move|p2a: Sylveon|Hyper Voice|p1a: Kronos|[spread] p1a,p1b
|-damage|p1a: Kronos|0 fnt
|-damage|p1b: Pushing P|27/100
|-enditem|p1b: Pushing P|Sitrus Berry|[eat]
|-heal|p1b: Pushing P|52/100|[from] item: Sitrus Berry
|faint|p1a: Kronos
|
|-weather|RainDance|[upkeep]
|upkeep
|
|t:|1785700982
|switch|p1a: Typhon|Garchomp, L50, M, shiny|60/100
|turn|7
|
|t:|1785701000
|move|p2a: Sylveon|Quick Attack|p1a: Typhon
|-supereffective|p1a: Typhon|1
|-damage|p1a: Typhon|33/100
|-damage|p2a: Sylveon|87/100|[from] ability: Rough Skin|[of] p1a: Typhon
|move|p1a: Typhon|Earthquake|p2a: Sylveon|[spread] p2a
|-immune|p1b: Pushing P
|-immune|p2b: Eelektross|[from] ability: Eelevate
|-damage|p2a: Sylveon|35/100
|-damage|p1a: Typhon|23/100|[from] item: Life Orb
|move|p2b: Eelektross|Rock Slide|p1a: Typhon|[spread] p1a,p1b
|-resisted|p1a: Typhon|1
|-supereffective|p1b: Pushing P|1
|-crit|p1b: Pushing P
|-damage|p1a: Typhon|11/100
|-damage|p1b: Pushing P|0 fnt
|faint|p1b: Pushing P
|-ability|p2b: Eelektross|Eelevate|boost
|-boost|p2b: Eelektross|atk|1
|
|-weather|RainDance|[upkeep]
|upkeep
|
|t:|1785701013
|switch|p1b: Hyperion|Charizard-Mega-Y, L50, F|38/100
|-weather|SunnyDay|[from] ability: Drought|[of] p1b: Hyperion
|turn|8
|
|t:|1785701022
|move|p2a: Sylveon|Detect|p2a: Sylveon
|-singleturn|p2a: Sylveon|Protect
|move|p1a: Typhon|Earthquake|p2b: Eelektross|[spread] 
|-activate|p2a: Sylveon|move: Protect
|-immune|p1b: Hyperion
|-immune|p2b: Eelektross|[from] ability: Eelevate
|move|p1b: Hyperion|Heat Wave|p2a: Sylveon|[spread] p2b
|-activate|p2a: Sylveon|move: Protect
|-damage|p2b: Eelektross|0 fnt
|faint|p2b: Eelektross
|
|-weather|SunnyDay|[upkeep]
|upkeep
|
|t:|1785701031
|switch|p2b: Farigiraf|Farigiraf, L50, F|32/100
|turn|9
|
|t:|1785701036
|move|p2a: Sylveon|Quick Attack|p1a: Typhon
|-supereffective|p1a: Typhon|1
|-damage|p1a: Typhon|0 fnt
|-damage|p2a: Sylveon|23/100|[from] ability: Rough Skin|[of] p1a: Typhon
|faint|p1a: Typhon
|move|p1b: Hyperion|Heat Wave|p2a: Sylveon|[spread] p2a,p2b
|-damage|p2a: Sylveon|0 fnt
|-damage|p2b: Farigiraf|0 fnt
|faint|p2a: Sylveon
|faint|p2b: Farigiraf
|
|win|CRWN RVM3
|raw|CRWN RVM3's rating: 1000 → 1056(+56 for winning)
|raw|Kiquemo's rating: 1151 → 1116(-35 for losing)
|c|☆CRWN RVM3|ggs
|l|☆Kiquemo
|player|p2|
