|j|☆Npc red panther
|j|☆fsdewfgkijeeoki
|html|Npc red pantherfsdewfgkijeeoki    
|uhtml|bestof|Game 3 of a best-of-3
|t:|1757626032
|gametype|doubles
|player|p1|Npc red panther|102|1209
|player|p2|fsdewfgkijeeoki|lillie-masters|1313
|gen|9
|tier|[Gen 9] VGC 2025 Reg H (Bo3)
|rated|
|rule|Species Clause: Limit one of each Pokémon
|rule|Item Clause: Limit 1 of each item
|clearpoke
|poke|p1|Gholdengo, L50|
|poke|p1|Basculegion, L50, M|
|poke|p1|Electabuzz, L50, F|
|poke|p1|Incineroar, L50, M|
|poke|p1|Sneasler, L50, F|
|poke|p1|Talonflame, L50, M|
|poke|p2|Dondozo, L50, M|
|poke|p2|Tatsugiri, L50, M|
|poke|p2|Ursaluna-Bloodmoon, L50, M|
|poke|p2|Whimsicott, L50, F|
|poke|p2|Sneasler, L50, F|
|poke|p2|Indeedee, L50, M|
|teampreview|4
|showteam|p1|Gholdengo||LifeOrb|GoodasGold|MakeItRain,ShadowBall,NastyPlot,Protect||||||50|,,,,,Steel]Basculegion||ChoiceScarf|Adaptability|WaveCrash,AquaJet,FlipTurn,LastRespects|||M|||50|,,,,,Water]Electabuzz||Eviolite|VitalSpirit|FollowMe,Electroweb,VoltSwitch,Taunt|||F|||50|,,,,,Fairy]Incineroar||AssaultVest|Intimidate|FakeOut,FlareBlitz,KnockOff,Uturn|||M|||50|,,,,,Ghost]Sneasler||FocusSash|Unburden|DireClaw,CloseCombat,ThroatChop,Protect|||F|||50|,,,,,Dark]Talonflame||CovertCloak|GaleWings|Tailwind,BraveBird,WillOWisp,Taunt|||M|||50|,,,,,Ghost
|showteam|p2|Dondozo||Leftovers|Unaware|WaveCrash,OrderUp,Earthquake,Protect|||M|||50|,,,,,Grass]Tatsugiri||SafetyGoggles|Commander|DracoMeteor,MuddyWater,HelpingHand,Protect|||M|||50|,,,,,Steel]Ursaluna-Bloodmoon||SilkScarf|MindsEye|BloodMoon,HyperVoice,EarthPower,Protect|||M|||50|,,,,,Normal]Whimsicott||CovertCloak|Prankster|Moonblast,Encore,LightScreen,Tailwind|||F|||50|,,,,,Dark]Sneasler||PsychicSeed|Unburden|CloseCombat,DireClaw,ThroatChop,Protect|||F|||50|,,,,,Dark]Indeedee||FocusSash|PsychicSurge|ExpandingForce,TeraBlast,HelpingHand,Protect|||M|||50|,,,,,Psychic
|
|t:|1757626055
|teamsize|p1|4
|teamsize|p2|4
|start
|switch|p1a: Gholdengo|Gholdengo, L50|100/100
|switch|p1b: Incineroar|Incineroar, L50, M, shiny|100/100
|switch|p2a: boom!|Indeedee, L50, M, shiny|100/100
|switch|p2b: menacetosociety|Sneasler, L50, F, shiny|100/100
|-fieldstart|move: Psychic Terrain|[from] ability: Psychic Surge|[of] p2a: boom!
|-enditem|p2b: menacetosociety|Psychic Seed
|-boost|p2b: menacetosociety|spd|1|[from] item: Psychic Seed
|-ability|p1b: Incineroar|Intimidate|boost
|-unboost|p2a: boom!|atk|1
|-unboost|p2b: menacetosociety|atk|1
|turn|1
|
|t:|1757626084
|move|p2b: menacetosociety|Close Combat|p1a: Gholdengo
|-immune|p1a: Gholdengo
|move|p2a: boom!|Tera Blast|p1b: Incineroar
|-damage|p1b: Incineroar|78/100
|move|p1a: Gholdengo|Make It Rain|p2a: boom!|[spread] p2a,p2b
|-damage|p2a: boom!|23/100
|-damage|p2b: menacetosociety|43/100
|-unboost|p1a: Gholdengo|spa|1
|-damage|p1a: Gholdengo|91/100|[from] item: Life Orb
|move|p1b: Incineroar|Flare Blitz|p2a: boom!
|-damage|p2a: boom!|0 fnt
|faint|p2a: boom!
|-damage|p1b: Incineroar|73/100|[from] Recoil
|
|upkeep
|
|t:|1757626093
|switch|p2a: true leader.|Tatsugiri, L50, M|100/100
|turn|2
|
|t:|1757626120
|-terastallize|p1b: Incineroar|Ghost
|move|p2b: menacetosociety|Throat Chop|p1a: Gholdengo
|-supereffective|p1a: Gholdengo
|-damage|p1a: Gholdengo|42/100
|-start|p1a: Gholdengo|Throat Chop|[silent]
|move|p1a: Gholdengo|Make It Rain|p2b: menacetosociety|[spread] p2a,p2b
|-resisted|p2a: true leader.
|-damage|p2a: true leader.|77/100
|-damage|p2b: menacetosociety|7/100
|-unboost|p1a: Gholdengo|spa|1
|-damage|p1a: Gholdengo|32/100|[from] item: Life Orb
|move|p2a: true leader.|Muddy Water|p1b: Incineroar|[spread] p1a,p1b
|-damage|p1a: Gholdengo|0 fnt
|-damage|p1b: Incineroar|54/100
|faint|p1a: Gholdengo
|move|p1b: Incineroar|Knock Off|p2b: menacetosociety
|-resisted|p2b: menacetosociety
|-damage|p2b: menacetosociety|0 fnt
|faint|p2b: menacetosociety
|
|upkeep
|
|t:|1757626136
|switch|p2b: Figurehead|Dondozo, L50, M, shiny|100/100
|switch|p1a: Talonflame|Talonflame, L50, M, shiny|100/100
|-activate|p2a: true leader.|ability: Commander|[of] p2b: Figurehead
|-boost|p2b: Figurehead|atk|2
|-boost|p2b: Figurehead|spa|2
|-boost|p2b: Figurehead|spe|2
|-boost|p2b: Figurehead|def|2
|-boost|p2b: Figurehead|spd|2
|turn|3
|
|t:|1757626154
|move|p1a: Talonflame|Will-O-Wisp|p2b: Figurehead
|-status|p2b: Figurehead|brn
|move|p2b: Figurehead|Wave Crash|p1a: Talonflame
|-supereffective|p1a: Talonflame
|-damage|p1a: Talonflame|0 fnt
|faint|p1a: Talonflame
|-damage|p2b: Figurehead|74/100 brn|[from] Recoil
|move|p1b: Incineroar|Knock Off|p2b: Figurehead
|-damage|p2b: Figurehead|56/100 brn
|-enditem|p2b: Figurehead|Leftovers|[from] move: Knock Off|[of] p1b: Incineroar
|
|-damage|p2b: Figurehead|50/100 brn|[from] brn
|upkeep
|
|t:|1757626168
|switch|p1a: Sneasler|Sneasler, L50, F, shiny|100/100
|turn|4
|
|t:|1757626185
|move|p1a: Sneasler|Protect|p1a: Sneasler
|-singleturn|p1a: Sneasler|Protect
|move|p2b: Figurehead|Earthquake|p1a: Sneasler|[spread] p1b
|-miss|p2b: Figurehead|p2a: true leader.
|-activate|p1a: Sneasler|move: Protect
|-damage|p1b: Incineroar|37/100
|move|p1b: Incineroar|Knock Off|p2b: Figurehead
|-damage|p2b: Figurehead|39/100 brn
|
|-damage|p2b: Figurehead|33/100 brn|[from] brn
|upkeep
|turn|5
|
|t:|1757626202
|move|p2b: Figurehead|Earthquake|p1b: Incineroar|[spread] p1a,p1b
|-miss|p2b: Figurehead|p2a: true leader.
|-supereffective|p1a: Sneasler
|-damage|p1a: Sneasler|35/100
|-damage|p1b: Incineroar|18/100
|move|p1a: Sneasler|Close Combat|p2b: Figurehead
|-crit|p2b: Figurehead
|-damage|p2b: Figurehead|0 fnt
|-unboost|p1a: Sneasler|def|1
|-unboost|p1a: Sneasler|spd|1
|faint|p2b: Figurehead
|move|p1b: Incineroar|Knock Off|p2a: true leader.
|-damage|p2a: true leader.|0 fnt
|-enditem|p2a: true leader.|Safety Goggles|[from] move: Knock Off|[of] p1b: Incineroar
|faint|p2a: true leader.
|
|win|Npc red panther
|raw|Npc red panther's rating: 1209 → 1241(+32 for winning)
|raw|fsdewfgkijeeoki's rating: 1313 → 1287(-26 for losing)
