|j|☆galisto
|j|☆mael22
|html|galistomael22    
|uhtml|bestof|Game 1 of a best-of-3
|t:|1757660398
|gametype|doubles
|player|p1|galisto|cheryl|1191
|player|p2|mael22|lucas|1210
|gen|9
|tier|[Gen 9] VGC 2025 Reg H (Bo3)
|rated|
|rule|Species Clause: Limit one of each Pokémon
|rule|Item Clause: Limit 1 of each item
|clearpoke
|poke|p1|Amoonguss, L50, F|
|poke|p1|Dragonite, L50, F|
|poke|p1|Excadrill, L50, M|
|poke|p1|Gholdengo, L50|
|poke|p1|Gyarados, L50, M|
|poke|p1|Tyranitar, L50, M|
|poke|p2|Rillaboom, L50, F|
|poke|p2|Kingambit, L50, M|
|poke|p2|Farigiraf, L50, M|
|poke|p2|Dragapult, L50, M|
|poke|p2|Sneasler, L50, M|
|poke|p2|Maushold-Four, L50|
|teampreview|4
|showteam|p1|Amoonguss||SitrusBerry|Regenerator|RagePowder,Spore,SludgeBomb,Protect|||F|||50|,,,,,Water]Dragonite||LoadedDice|InnerFocus|ScaleShot,LowKick,Tailwind,Haze|||F|||50|,,,,,Fairy]Excadrill||ClearAmulet|SandRush|Protect,HighHorsepower,Earthquake,IronHead|||M|||50|,,,,,Ghost]Gholdengo||LifeOrb|GoodasGold|MakeItRain,NastyPlot,Protect,ShadowBall||||||50|,,,,,Dragon]Gyarados||SafetyGoggles|Intimidate|Waterfall,ThunderWave,Taunt,Protect|||M|||50|,,,,,Steel]Tyranitar||AssaultVest|SandStream|RockSlide,KnockOff,LowKick,TeraBlast|||M|||50|,,,,,Flying
|showteam|p2|Rillaboom||AssaultVest|GrassySurge|GrassyGlide,KnockOff,HighHorsepower,FakeOut|||F|||50|,,,,,Fire]Kingambit||Leftovers|Defiant|Substitute,SuckerPunch,KowtowCleave,IronHead|||M|||50|,,,,,Ghost]Farigiraf||ThroatSpray|ArmorTail|HyperVoice,DazzlingGleam,Psychic,Protect|||M|||50|,,,,,Fairy]Dragapult||ChoiceBand|ClearBody|PhantomForce,DragonDarts,TeraBlast,PsychicFangs|||M|||50|,,,,,Ghost]Sneasler||GrassySeed|Unburden|DireClaw,Protect,RockSlide,CloseCombat|||M|||50|,,,,,Stellar]Maushold-Four||WideLens|Technician|Taunt,Protect,PopulationBomb,Bite||||||50|,,,,,Ghost
|inactive|Battle timer is ON: inactive players will automatically lose when time's up. (requested by galisto)
|inactive|galisto has 60 seconds left.
|inactive|mael22 has 60 seconds left.
|
|t:|1757660444
|teamsize|p1|4
|teamsize|p2|4
|start
|switch|p1a: Excadrill|Excadrill, L50, M, shiny|100/100
|switch|p1b: Tyranitar|Tyranitar, L50, M|100/100
|switch|p2a: Dragapult|Dragapult, L50, M|100/100
|switch|p2b: Sneasler|Sneasler, L50, M|100/100
|-weather|Sandstorm|[from] ability: Sand Stream|[of] p1b: Tyranitar
|turn|1
|
|t:|1757660469
|switch|p2a: Rillaboom|Rillaboom, L50, F|100/100
|-fieldstart|move: Grassy Terrain|[from] ability: Grassy Surge|[of] p2a: Rillaboom
|-enditem|p2b: Sneasler|Grassy Seed
|-boost|p2b: Sneasler|def|1|[from] item: Grassy Seed
|switch|p1b: Gyarados|Gyarados, L50, M, shiny|100/100
|-ability|p1b: Gyarados|Intimidate|boost
|-unboost|p2a: Rillaboom|atk|1
|-unboost|p2b: Sneasler|atk|1
|-terastallize|p1a: Excadrill|Ghost
|-terastallize|p2b: Sneasler|Stellar
|move|p2b: Sneasler|Rock Slide|p1a: Excadrill|[spread] p1a
|-miss|p2b: Sneasler|p1b: Gyarados
|-damage|p1a: Excadrill|75/100
|move|p1a: Excadrill|High Horsepower|p2b: Sneasler
|-supereffective|p2b: Sneasler
|-damage|p2b: Sneasler|0 fnt
|faint|p2b: Sneasler
|
|-weather|Sandstorm|[upkeep]
|-damage|p2a: Rillaboom|94/100|[from] Sandstorm
|-heal|p1a: Excadrill|81/100|[from] Grassy Terrain
|-heal|p2a: Rillaboom|100/100|[from] Grassy Terrain
|upkeep
|c|☆galisto|im sorry sneasler learns ohat
|inactive|mael22 has 30 seconds left.
|
|t:|1757660497
|switch|p2b: Kingambit|Kingambit, L50, M|100/100
|turn|2
|
|t:|1757660511
|switch|p1a: Amoonguss|Amoonguss, L50, F|100/100
|move|p2a: Rillaboom|Fake Out|p1b: Gyarados
|-damage|p1b: Gyarados|90/100
|cant|p1b: Gyarados|flinch
|move|p2b: Kingambit|Substitute|p2b: Kingambit
|-start|p2b: Kingambit|Substitute
|-damage|p2b: Kingambit|76/100
|
|-weather|Sandstorm|[upkeep]
|-damage|p2a: Rillaboom|94/100|[from] Sandstorm
|-damage|p1a: Amoonguss|95/100|[from] Sandstorm
|-heal|p2a: Rillaboom|100/100|[from] Grassy Terrain
|-heal|p2b: Kingambit|82/100|[from] Grassy Terrain
|-heal|p2b: Kingambit|87/100|[from] item: Leftovers
|-heal|p1a: Amoonguss|100/100|[from] Grassy Terrain
|upkeep
|turn|3
|
|t:|1757660531
|move|p1b: Gyarados|Waterfall|p2b: Kingambit
|-end|p2b: Kingambit|Substitute
|move|p2a: Rillaboom|Knock Off|p1b: Gyarados
|-damage|p1b: Gyarados|67/100
|-enditem|p1b: Gyarados|Safety Goggles|[from] move: Knock Off|[of] p2a: Rillaboom
|move|p2b: Kingambit|Kowtow Cleave|p1b: Gyarados
|-damage|p1b: Gyarados|17/100
|move|p1a: Amoonguss|Sludge Bomb|p2a: Rillaboom
|-supereffective|p2a: Rillaboom
|-damage|p2a: Rillaboom|53/100
|
|-weather|Sandstorm|[upkeep]
|-damage|p1b: Gyarados|11/100|[from] Sandstorm
|-damage|p2a: Rillaboom|47/100|[from] Sandstorm
|-damage|p1a: Amoonguss|95/100|[from] Sandstorm
|-heal|p2a: Rillaboom|53/100|[from] Grassy Terrain
|-heal|p2b: Kingambit|93/100|[from] Grassy Terrain
|-heal|p2b: Kingambit|99/100|[from] item: Leftovers
|-heal|p1a: Amoonguss|100/100|[from] Grassy Terrain
|upkeep
|turn|4
|
|t:|1757660554
|switch|p1b: Excadrill|Excadrill, L50, M, shiny, tera:Ghost|81/100
|move|p2a: Rillaboom|Grassy Glide|p1b: Excadrill
|-damage|p1b: Excadrill|47/100
|move|p2b: Kingambit|Substitute|p2b: Kingambit
|-start|p2b: Kingambit|Substitute
|-damage|p2b: Kingambit|74/100
|move|p1a: Amoonguss|Sludge Bomb|p2a: Rillaboom
|-supereffective|p2a: Rillaboom
|-damage|p2a: Rillaboom|10/100
|
|-weather|Sandstorm|[upkeep]
|-damage|p2a: Rillaboom|4/100|[from] Sandstorm
|-damage|p1a: Amoonguss|95/100|[from] Sandstorm
|-heal|p1b: Excadrill|53/100|[from] Grassy Terrain
|-heal|p2a: Rillaboom|10/100|[from] Grassy Terrain
|-heal|p2b: Kingambit|80/100|[from] Grassy Terrain
|-heal|p2b: Kingambit|86/100|[from] item: Leftovers
|-heal|p1a: Amoonguss|100/100|[from] Grassy Terrain
|upkeep
|turn|5
|
|t:|1757660578
|switch|p2a: Dragapult|Dragapult, L50, M|100/100
|move|p1b: Excadrill|Protect|p1b: Excadrill
|-singleturn|p1b: Excadrill|Protect
|move|p2b: Kingambit|Kowtow Cleave|p1b: Excadrill
|-activate|p1b: Excadrill|move: Protect
|move|p1a: Amoonguss|Sludge Bomb|p2a: Dragapult
|-resisted|p2a: Dragapult
|-damage|p2a: Dragapult|82/100
|
|-weather|none
|-heal|p1b: Excadrill|59/100|[from] Grassy Terrain
|-heal|p2a: Dragapult|88/100|[from] Grassy Terrain
|-heal|p2b: Kingambit|92/100|[from] Grassy Terrain
|-heal|p2b: Kingambit|98/100|[from] item: Leftovers
|-fieldend|move: Grassy Terrain
|upkeep
|turn|6
|inactive|mael22 has 30 seconds left.
|
|t:|1757660604
|move|p1a: Amoonguss|Rage Powder|p1a: Amoonguss
|-singleturn|p1a: Amoonguss|move: Rage Powder
|move|p2b: Kingambit|Sucker Punch||[still]
|-fail|p2b: Kingambit
|move|p2a: Dragapult|Dragon Darts|p1a: Amoonguss
|-damage|p1a: Amoonguss|73/100
|-anim|p2a: Dragapult|Dragon Darts|p1a: Amoonguss
|-damage|p1a: Amoonguss|46/100
|-enditem|p1a: Amoonguss|Sitrus Berry|[eat]
|-heal|p1a: Amoonguss|71/100|[from] item: Sitrus Berry
|move|p1b: Excadrill|High Horsepower|p2b: Kingambit
|-supereffective|p2b: Kingambit
|-end|p2b: Kingambit|Substitute
|
|-heal|p2b: Kingambit|100/100|[from] item: Leftovers
|upkeep
|turn|7
|
|t:|1757660625
|switch|p2b: Rillaboom|Rillaboom, L50, F|10/100
|-fieldstart|move: Grassy Terrain|[from] ability: Grassy Surge|[of] p2b: Rillaboom
|switch|p1a: Tyranitar|Tyranitar, L50, M|100/100
|-weather|Sandstorm|[from] ability: Sand Stream|[of] p1a: Tyranitar
|move|p1b: Excadrill|High Horsepower|p2b: Rillaboom
|-resisted|p2b: Rillaboom
|-damage|p2b: Rillaboom|0 fnt
|faint|p2b: Rillaboom
|move|p2a: Dragapult|Dragon Darts|p1a: Tyranitar
|-damage|p1a: Tyranitar|75/100
|-anim|p2a: Dragapult|Dragon Darts|p1b: Excadrill
|-damage|p1b: Excadrill|10/100
|
|-weather|Sandstorm|[upkeep]
|-damage|p2a: Dragapult|82/100|[from] Sandstorm
|-heal|p1b: Excadrill|16/100|[from] Grassy Terrain
|-heal|p2a: Dragapult|88/100|[from] Grassy Terrain
|-heal|p1a: Tyranitar|81/100|[from] Grassy Terrain
|upkeep
|
|t:|1757660645
|switch|p2b: Kingambit|Kingambit, L50, M|100/100
|turn|8
|
|t:|1757660655
|switch|p1b: Amoonguss|Amoonguss, L50, F|100/100
|move|p2b: Kingambit|Sucker Punch||[still]
|-fail|p2b: Kingambit
|move|p2a: Dragapult|Dragon Darts|p1a: Tyranitar
|-damage|p1a: Tyranitar|53/100
|-anim|p2a: Dragapult|Dragon Darts|p1b: Amoonguss
|-damage|p1b: Amoonguss|75/100
|move|p1a: Tyranitar|Knock Off|p2a: Dragapult
|-supereffective|p2a: Dragapult
|-damage|p2a: Dragapult|0 fnt
|-enditem|p2a: Dragapult|Choice Band|[from] move: Knock Off|[of] p1a: Tyranitar
|faint|p2a: Dragapult
|
|-weather|Sandstorm|[upkeep]
|-damage|p1b: Amoonguss|69/100|[from] Sandstorm
|-heal|p1a: Tyranitar|59/100|[from] Grassy Terrain
|-heal|p1b: Amoonguss|75/100|[from] Grassy Terrain
|upkeep
|turn|9
|-message|mael22 forfeited.
|
|win|galisto
|l|☆mael22
|player|p2|
||galisto is ready for game 2.
|inactive|mael22 has 30 seconds to confirm battle start!
|inactive|mael22 has 20 seconds to confirm battle start!
|inactive|mael22 has 10 seconds to confirm battle start!
|uhtml|next|Next: Game 2 of 3
|l|☆galisto
|player|p1|
