|j|☆nutbuster151
|j|☆bassoonski
|html|nutbuster151bassoonski    
|uhtml|bestof|Game 2 of a best-of-3
|t:|1785680571
|gametype|doubles
|player|p1|nutbuster151|acetrainer|1241
|player|p2|bassoonski|biker|1112
|gen|9
|tier|[Gen 9 Champions] VGC 2026 Reg M-B (Bo3)
|rated|
|rule|Species Clause: Limit one of each Pokémon
|rule|Item Clause: Limit 1 of each item
|clearpoke
|poke|p1|Staraptor, L50, M|
|poke|p1|Garchomp, L50, M|
|poke|p1|Whimsicott, L50, M|
|poke|p1|Delphox, L50, M|
|poke|p1|Glimmora, L50, M|
|poke|p1|Kingambit, L50, M|
|poke|p2|Staraptor, L50, F|
|poke|p2|Whimsicott, L50, M|
|poke|p2|Garchomp, L50, M|
|poke|p2|Basculegion, L50, M|
|poke|p2|Incineroar, L50, F|
|poke|p2|Kingambit, L50, M|
|teampreview|4
|showteam|p1|Staraptor||Staraptite|Intimidate|Protect,Roost,CloseCombat,BraveBird|Jolly||M|||50|]Garchomp||LifeOrb|RoughSkin|Protect,RockSlide,Earthquake,DragonClaw|Jolly||M|||50|]Whimsicott||OccaBerry|Prankster|Moonblast,Tailwind,Charm,LightScreen|Timid||M|||50|]Delphox||Delphoxite|Magician|Protect,Psychic,HeatWave,Substitute|Timid||M|||50|]Glimmora||FocusSash|ToxicDebris|SpikyShield,SludgeBomb,EarthPower,PowerGem|Timid||M|||50|]Kingambit||ChopleBerry|Defiant|SuckerPunch,LowKick,IronHead,KowtowCleave|Adamant||M|||50|
|showteam|p2|Staraptor||Staraptite|Intimidate|CloseCombat,BraveBird,BlazeKick,Protect|Jolly||F|||50|]Whimsicott||FocusSash|Prankster|Moonblast,Tailwind,Charm,Encore|Modest||M|||50|]Garchomp||LifeOrb|RoughSkin|DragonClaw,StompingTantrum,RockSlide,Protect|Jolly||M|||50|]Basculegion||ChoiceScarf|Adaptability|WaveCrash,LastRespects,FlipTurn,IcyWind|Jolly||M|||50|]Incineroar||SitrusBerry|Intimidate|FlareBlitz,FakeOut,Taunt,PartingShot|Careful||F|||50|]Kingambit||ChopleBerry|Defiant|KowtowCleave,IronHead,SuckerPunch,Protect|Adamant||M|||50|
|inactive|Battle timer is ON: inactive players will automatically lose when time's up. (requested by bassoonski)
|
|t:|1785680637
|teamsize|p1|4
|teamsize|p2|4
|start
|switch|p1a: Kingambit|Kingambit, L50, M|100/100
|switch|p1b: Garchomp|Garchomp, L50, M|100/100
|switch|p2a: Kingambit|Kingambit, L50, M|100/100
|switch|p2b: Basculegion|Basculegion, L50, M|100/100
|turn|1
|inactive|nutbuster151 has 30 seconds left.
|inactive|bassoonski has 30 seconds left.
|inactive|nutbuster151 has 20 seconds left.
|inactive|nutbuster151 has 15 seconds left.
|
|t:|1785680682
|switch|p2b: Garchomp|Garchomp, L50, M|100/100
|switch|p2a: Staraptor|Staraptor, L50, F|100/100
|-ability|p2a: Staraptor|Intimidate|boost
|-unboost|p1a: Kingambit|atk|1
|-ability|p1a: Kingambit|Defiant|boost
|-boost|p1a: Kingambit|atk|2
|-unboost|p1b: Garchomp|atk|1
|move|p1b: Garchomp|Protect|p1b: Garchomp
|-singleturn|p1b: Garchomp|Protect
|move|p1a: Kingambit|Sucker Punch||[still]
|-fail|p1a: Kingambit
|
|upkeep
|turn|2
|inactive|nutbuster151 has 30 seconds left.
|inactive|bassoonski has 30 seconds left.
|inactive|nutbuster151 has 20 seconds left.
|inactive|nutbuster151 has 15 seconds left.
|inactive|bassoonski has 20 seconds left.
|inactive|nutbuster151 has 10 seconds left.
|inactive|bassoonski has 15 seconds left.
|inactive|nutbuster151 has 5 seconds left.
|
|t:|1785680733
|switch|p1b: Whimsicott|Whimsicott, L50, M|100/100
|detailschange|p2a: Staraptor|Staraptor-Mega, L50, F
|-mega|p2a: Staraptor|Staraptor|Staraptite
|move|p2a: Staraptor|Close Combat|p1a: Kingambit
|-supereffective|p1a: Kingambit|2
|-enditem|p1a: Kingambit|Chople Berry|[eat]
|-enditem|p1a: Kingambit|Chople Berry|[weaken]
|-damage|p1a: Kingambit|1/100
|-boost|p2a: Staraptor|def|1
|-boost|p2a: Staraptor|spd|1
|move|p2b: Garchomp|Dragon Claw|p1b: Whimsicott
|-immune|p1b: Whimsicott
|move|p1a: Kingambit|Kowtow Cleave|p2b: Garchomp
|-damage|p2b: Garchomp|31/100
|-damage|p1a: Kingambit|0 fnt|[from] ability: Rough Skin|[of] p2b: Garchomp
|faint|p1a: Kingambit
|
|upkeep
|
|t:|1785680751
|switch|p1a: Delphox|Delphox, L50, M|100/100
|turn|3
|
|t:|1785680774
|detailschange|p1a: Delphox|Delphox-Mega, L50, M
|-mega|p1a: Delphox|Delphox|Delphoxite
|move|p1a: Delphox|Substitute|p1a: Delphox
|-start|p1a: Delphox|Substitute
|-damage|p1a: Delphox|75/100
|move|p1b: Whimsicott|Moonblast|p2a: Staraptor
|-supereffective|p2a: Staraptor|1
|-damage|p2a: Staraptor|55/100
|move|p2a: Staraptor|Brave Bird|p1a: Delphox
|-end|p1a: Delphox|Substitute
|-damage|p2a: Staraptor|46/100|[from] Recoil
|move|p2b: Garchomp|Rock Slide|p1b: Whimsicott|[spread] p1a,p1b
|-supereffective|p1a: Delphox|1
|-damage|p1a: Delphox|11/100
|-damage|p1b: Whimsicott|64/100
|-damage|p2b: Garchomp|21/100|[from] item: Life Orb
|
|upkeep
|turn|4
|inactive|nutbuster151 has 30 seconds left.
|inactive|bassoonski has 30 seconds left.
|inactive|bassoonski has 20 seconds left.
|
|t:|1785680813
|move|p1a: Delphox|Heat Wave|p2a: Staraptor|[spread] p2a,p2b
|-resisted|p2b: Garchomp|1
|-damage|p2a: Staraptor|11/100
|-damage|p2b: Garchomp|1/100
|-status|p2a: Staraptor|brn
|move|p1b: Whimsicott|Moonblast|p2a: Staraptor
|-supereffective|p2a: Staraptor|1
|-damage|p2a: Staraptor|0 fnt
|faint|p2a: Staraptor
|move|p2b: Garchomp|Rock Slide|p1a: Delphox|[spread] p1a,p1b
|-supereffective|p1a: Delphox|1
|-damage|p1a: Delphox|0 fnt
|-damage|p1b: Whimsicott|33/100
|faint|p1a: Delphox
|-damage|p2b: Garchomp|0 fnt|[from] item: Life Orb
|faint|p2b: Garchomp
|
|upkeep
|
|t:|1785680832
|switch|p1a: Garchomp|Garchomp, L50, M|100/100
|switch|p2a: Kingambit|Kingambit, L50, M|100/100
|switch|p2b: Basculegion|Basculegion, L50, M|100/100
|turn|5
|inactive|nutbuster151 has 30 seconds left.
|
|t:|1785680861
|move|p1a: Garchomp|Protect|p1a: Garchomp
|-singleturn|p1a: Garchomp|Protect
|move|p1b: Whimsicott|Tailwind|p1b: Whimsicott
|-sidestart|p1: nutbuster151|move: Tailwind
|move|p2b: Basculegion|Last Respects|p1a: Garchomp
|-activate|p1a: Garchomp|move: Protect
|move|p2a: Kingambit|Iron Head|p1b: Whimsicott
|-supereffective|p1b: Whimsicott|1
|-damage|p1b: Whimsicott|0 fnt
|faint|p1b: Whimsicott
|
|upkeep
|turn|6
|
|t:|1785680878
|move|p2a: Kingambit|Protect|p2a: Kingambit
|-singleturn|p2a: Kingambit|Protect
|move|p1a: Garchomp|Earthquake|p2a: Kingambit|[spread] p2b
|-activate|p2a: Kingambit|move: Protect
|-damage|p2b: Basculegion|31/100
|-damage|p1a: Garchomp|90/100|[from] item: Life Orb
|move|p2b: Basculegion|Last Respects|p1a: Garchomp
|-damage|p1a: Garchomp|2/100
|
|upkeep
|turn|7
|
|t:|1785680894
|move|p2a: Kingambit|Sucker Punch|p1a: Garchomp
|-damage|p1a: Garchomp|0 fnt
|-damage|p2a: Kingambit|87/100|[from] ability: Rough Skin|[of] p1a: Garchomp
|faint|p1a: Garchomp
|
|win|bassoonski
|raw|nutbuster151's rating: 1241 → 1207(-34 for losing)
|raw|bassoonski's rating: 1112 → 1146(+34 for winning)
