|j|☆CometaMiedoso97
|j|☆Awesome Person III
|html|CometaMiedoso97Awesome Person III    
|uhtml|bestof|Game 3 of a best-of-3
|t:|1757718968
|gametype|doubles
|player|p1|CometaMiedoso97|102|1456
|player|p2|Awesome Person III|fisherman-gen4|1483
|gen|9
|tier|[Gen 9] VGC 2025 Reg H (Bo3)
|rated|
|rule|Species Clause: Limit one of each Pokémon
|rule|Item Clause: Limit 1 of each item
|clearpoke
|poke|p1|Pelipper, L50, M|
|poke|p1|Archaludon, L50, F|
|poke|p1|Sinistcha, L50|
|poke|p1|Ursaluna, L50, M|
|poke|p1|Dragonite, L50, M|
|poke|p1|Incineroar, L50, M|
|poke|p2|Dragonite, L50, M|
|poke|p2|Incineroar, L50, M|
|poke|p2|Rillaboom, L50, M|
|poke|p2|Sneasler, L50, F|
|poke|p2|Gholdengo, L50|
|poke|p2|Ursaluna-Bloodmoon, L50, M|
|teampreview|4
|showteam|p1|Pelipper||FocusSash|Drizzle|MuddyWater,Hurricane,Protect,Tailwind|||M|||50|,,,,,Ground]Archaludon||AssaultVest|Stamina|FlashCannon,BodyPress,ElectroShot,Snarl|||F|||50|,,,,,Fighting]Sinistcha||SitrusBerry|Hospitality|MatchaGotcha,LifeDew,RagePowder,TrickRoom||||||50|,,,,,Dark]Ursaluna||FlameOrb|Guts|Protect,Facade,HeadlongRush,Earthquake|||M|||50|,,,,,Ghost]Dragonite||LoadedDice|Multiscale|Protect,ScaleShot,Haze,Tailwind|||M|||50|,,,,,Fairy]Incineroar||SafetyGoggles|Intimidate|FakeOut,PartingShot,KnockOff,FlareBlitz|||M|||50|,,,,,Ghost
|showteam|p2|Dragonite||LoadedDice|Multiscale|ScaleShot,Tailwind,Protect,Haze|||M|||50|,,,,,Fairy]Incineroar||SafetyGoggles|Intimidate|FlareBlitz,KnockOff,FakeOut,PartingShot|||M|||50|,,,,,Ghost]Rillaboom||MiracleSeed|GrassySurge|WoodHammer,GrassyGlide,HighHorsepower,FakeOut|||M|||50|,,,,,Water]Sneasler||FocusSash|Unburden|CloseCombat,DireClaw,ThroatChop,Protect|||F|||50|,,,,,Stellar]Gholdengo||LifeOrb|GoodasGold|MakeItRain,ShadowBall,Protect,NastyPlot||||||50|,,,,,Water]Ursaluna-Bloodmoon||AssaultVest|MindsEye|BloodMoon,EarthPower,HyperVoice,VacuumWave|||M|||50|,,,,,Electric
|inactive|Battle timer is ON: inactive players will automatically lose when time's up. (requested by Awesome Person III)
|
|t:|1757718998
|teamsize|p1|4
|teamsize|p2|4
|start
|switch|p1a: Dragonite|Dragonite, L50, M|100/100
|switch|p1b: Incineroar|Incineroar, L50, M|100/100
|switch|p2a: Ursaluna|Ursaluna-Bloodmoon, L50, M|100/100
|switch|p2b: Incineroar|Incineroar, L50, M|100/100
|-ability|p2b: Incineroar|Intimidate|boost
|-unboost|p1a: Dragonite|atk|1
|-unboost|p1b: Incineroar|atk|1
|-ability|p1b: Incineroar|Intimidate|boost
|-unboost|p2a: Ursaluna|atk|1
|-unboost|p2b: Incineroar|atk|1
|turn|1
|
|t:|1757719022
|move|p2b: Incineroar|Fake Out|p1b: Incineroar
|-damage|p1b: Incineroar|93/100
|move|p1a: Dragonite|Scale Shot|p2a: Ursaluna
|-damage|p2a: Ursaluna|93/100
|-damage|p2a: Ursaluna|85/100
|-damage|p2a: Ursaluna|77/100
|-damage|p2a: Ursaluna|70/100
|-damage|p2a: Ursaluna|62/100
|-hitcount|p2a: Ursaluna|5
|-unboost|p1a: Dragonite|def|1
|-boost|p1a: Dragonite|spe|1
|move|p2a: Ursaluna|Hyper Voice|p1b: Incineroar|[spread] p1a,p1b
|-damage|p1a: Dragonite|82/100
|-damage|p1b: Incineroar|70/100
|cant|p1b: Incineroar|flinch
|
|upkeep
|turn|2
|
|t:|1757719046
|switch|p1b: Pelipper|Pelipper, L50, M|100/100
|-weather|RainDance|[from] ability: Drizzle|[of] p1b: Pelipper
|move|p1a: Dragonite|Tailwind|p1a: Dragonite
|-sidestart|p1: CometaMiedoso97|move: Tailwind
|move|p2b: Incineroar|Parting Shot|p1b: Pelipper
|-unboost|p1b: Pelipper|atk|1
|-unboost|p1b: Pelipper|spa|1
|
|t:|1757719051
|switch|p2b: Dragonite|Dragonite, L50, M|100/100|[from] Parting Shot
|move|p2a: Ursaluna|Blood Moon|p1b: Pelipper
|-enditem|p1b: Pelipper|Focus Sash
|-damage|p1b: Pelipper|1/100
|
|-weather|RainDance|[upkeep]
|upkeep
|turn|3
|inactive|Awesome Person III has 30 seconds left.
|
|t:|1757719084
|switch|p1b: Archaludon|Archaludon, L50, F|100/100
|switch|p2b: Incineroar|Incineroar, L50, M|100/100
|-ability|p2b: Incineroar|Intimidate|boost
|-unboost|p1a: Dragonite|atk|1
|-unboost|p1b: Archaludon|atk|1
|-terastallize|p1a: Dragonite|Fairy
|move|p2a: Ursaluna|Vacuum Wave|p1b: Archaludon
|-supereffective|p1b: Archaludon
|-damage|p1b: Archaludon|80/100
|-ability|p1b: Archaludon|Stamina|boost
|-boost|p1b: Archaludon|def|1
|move|p1a: Dragonite|Scale Shot|p2a: Ursaluna
|-damage|p2a: Ursaluna|57/100
|-damage|p2a: Ursaluna|52/100
|-damage|p2a: Ursaluna|47/100
|-damage|p2a: Ursaluna|42/100
|-hitcount|p2a: Ursaluna|4
|-unboost|p1a: Dragonite|def|1
|-boost|p1a: Dragonite|spe|1
|
|-weather|RainDance|[upkeep]
|upkeep
|turn|4
|inactive|CometaMiedoso97 has 30 seconds left.
|
|t:|1757719114
|move|p2b: Incineroar|Fake Out|p1b: Archaludon
|-resisted|p1b: Archaludon
|-damage|p1b: Archaludon|78/100
|-ability|p1b: Archaludon|Stamina|boost
|-boost|p1b: Archaludon|def|1
|move|p1a: Dragonite|Scale Shot|p2a: Ursaluna
|-damage|p2a: Ursaluna|37/100
|-damage|p2a: Ursaluna|31/100
|-damage|p2a: Ursaluna|25/100
|-damage|p2a: Ursaluna|20/100
|-hitcount|p2a: Ursaluna|4
|-unboost|p1a: Dragonite|def|1
|-boost|p1a: Dragonite|spe|1
|cant|p1b: Archaludon|flinch
|move|p2a: Ursaluna|Earth Power|p1b: Archaludon
|-supereffective|p1b: Archaludon
|-damage|p1b: Archaludon|6/100
|-ability|p1b: Archaludon|Stamina|boost
|-boost|p1b: Archaludon|def|1
|
|-weather|RainDance|[upkeep]
|upkeep
|turn|5
|
|t:|1757719128
|move|p2a: Ursaluna|Vacuum Wave|p1b: Archaludon
|-supereffective|p1b: Archaludon
|-damage|p1b: Archaludon|0 fnt
|faint|p1b: Archaludon
|move|p1a: Dragonite|Scale Shot|p2a: Ursaluna|[miss]
|-miss|p1a: Dragonite|p2a: Ursaluna
|move|p2b: Incineroar|Knock Off|p1a: Dragonite
|-resisted|p1a: Dragonite
|-damage|p1a: Dragonite|29/100
|-enditem|p1a: Dragonite|Loaded Dice|[from] move: Knock Off|[of] p2b: Incineroar
|
|-weather|RainDance|[upkeep]
|-sideend|p1: CometaMiedoso97|move: Tailwind
|upkeep
|
|t:|1757719132
|switch|p1b: Incineroar|Incineroar, L50, M|70/100
|-ability|p1b: Incineroar|Intimidate|boost
|-unboost|p2a: Ursaluna|atk|1
|-unboost|p2b: Incineroar|atk|1
|turn|6
|
|t:|1757719143
|move|p1a: Dragonite|Scale Shot|p2a: Ursaluna
|-damage|p2a: Ursaluna|14/100
|-damage|p2a: Ursaluna|8/100
|-hitcount|p2a: Ursaluna|2
|-unboost|p1a: Dragonite|def|1
|-boost|p1a: Dragonite|spe|1
|move|p2b: Incineroar|Flare Blitz|p1a: Dragonite
|-damage|p1a: Dragonite|0 fnt
|faint|p1a: Dragonite
|-damage|p2b: Incineroar|93/100|[from] Recoil
|move|p2a: Ursaluna|Earth Power|p1b: Incineroar
|-supereffective|p1b: Incineroar
|-damage|p1b: Incineroar|2/100
|move|p1b: Incineroar|Parting Shot|p2a: Ursaluna
|-unboost|p2a: Ursaluna|atk|1
|-unboost|p2a: Ursaluna|spa|1
|-message|CometaMiedoso97 forfeited.
|
|win|Awesome Person III
|raw|CometaMiedoso97's rating: 1456 → 1438(-18 for losing)
|raw|Awesome Person III's rating: 1483 → 1501(+18 for winning)
