|j|☆IshtarVGC26
|j|☆Llama_Llord
|html|IshtarVGC26Llama_Llord    
|uhtml|bestof|Game 2 of a best-of-3
|t:|1756885782
|gametype|doubles
|player|p1|IshtarVGC26|juan|1196
|player|p2|Llama_Llord|1|1189
|gen|9
|tier|[Gen 9] VGC 2025 Reg H (Bo3)
|rated|
|rule|Species Clause: Limit one of each Pokémon
|rule|Item Clause: Limit 1 of each item
|clearpoke
|poke|p1|Tyranitar, L50, F|
|poke|p1|Excadrill, L50, M|
|poke|p1|Sinistcha-Masterpiece, L50|
|poke|p1|Primarina, L50, M|
|poke|p1|Volcarona, L50, M|
|poke|p1|Braviary, L50, M|
|poke|p2|Talonflame, L50, F|
|poke|p2|Garchomp, L50, F|
|poke|p2|Gholdengo, L50|
|poke|p2|Tyranitar, L50, M|
|poke|p2|Amoonguss, L50, F|
|poke|p2|Milotic, L50, M|
|teampreview|4
|showteam|p1|Tyranitar||AssaultVest|SandStream|RockSlide,KnockOff,TeraBlast,BrickBreak|||F|||50|,,,,,Flying]Excadrill||FocusSash|SandRush|Protect,DrillRun,Earthquake,IronHead|||M|||50|,,,,,Dragon]Sinistcha-Masterpiece||RockyHelmet|Hospitality|LifeDew,RagePowder,MatchaGotcha,TrickRoom||||||50|,,,,,Water]Primarina||ThroatSpray|LiquidVoice|Protect,HyperVoice,Moonblast,Haze|||M|||50|,,,,,Water]Volcarona||SitrusBerry|FlameBody|Protect,FieryDance,GigaDrain,QuiverDance|||M|||50|,,,,,Dragon]Braviary||SafetyGoggles|Defiant|Protect,BraveBird,CloseCombat,Tailwind|||M|||50|,,,,,Ghost
|showteam|p2|Talonflame||CovertCloak|GaleWings|Tailwind,BraveBird,WillOWisp,Taunt|||F|||50|,,,,,Grass]Garchomp||LifeOrb|RoughSkin|Earthquake,DragonClaw,StompingTantrum,Protect|||F|||50|,,,,,Fairy]Gholdengo||ChoiceSpecs|GoodasGold|MakeItRain,ShadowBall,Thunderbolt,PowerGem||||||50|,,,,,Steel]Tyranitar||AssaultVest|SandStream|RockSlide,KnockOff,TeraBlast,LowKick|||M|||50|,,,,,Flying]Amoonguss||SitrusBerry|Regenerator|PollenPuff,Spore,RagePowder,Protect|||F|||50|,,,,,Water]Milotic||SafetyGoggles|Competitive|Scald,IcyWind,Haze,Protect|||M|||50|,,,,,Dragon
|inactive|Battle timer is ON: inactive players will automatically lose when time's up. (requested by Llama_Llord)
|
|t:|1756885806
|teamsize|p1|4
|teamsize|p2|4
|start
|switch|p1a: Braviary|Braviary, L50, M|100/100
|switch|p1b: Primarina|Primarina, L50, M|100/100
|switch|p2a: Gholdengo|Gholdengo, L50|100/100
|switch|p2b: Talonflame|Talonflame, L50, F|100/100
|turn|1
|inactive|Llama_Llord has 30 seconds left.
|
|t:|1756885834
|-terastallize|p1b: Primarina|Water
|move|p1a: Braviary|Protect|p1a: Braviary
|-singleturn|p1a: Braviary|Protect
|move|p2b: Talonflame|Taunt|p1a: Braviary
|-activate|p1a: Braviary|move: Protect
|move|p2a: Gholdengo|Thunderbolt|p1b: Primarina
|-supereffective|p1b: Primarina
|-damage|p1b: Primarina|19/100
|move|p1b: Primarina|Hyper Voice|p2a: Gholdengo|[spread] p2a,p2b
|-supereffective|p2b: Talonflame
|-damage|p2a: Gholdengo|42/100
|-damage|p2b: Talonflame|0 fnt
|faint|p2b: Talonflame
|-enditem|p1b: Primarina|Throat Spray
|-boost|p1b: Primarina|spa|1|[from] item: Throat Spray
|
|upkeep
|
|t:|1756885840
|switch|p2b: Milotic|Milotic, L50, M|100/100
|turn|2
|
|t:|1756885862
|move|p2a: Gholdengo|Thunderbolt|p1a: Braviary
|-supereffective|p1a: Braviary
|-damage|p1a: Braviary|0 fnt
|faint|p1a: Braviary
|move|p2b: Milotic|Scald|p1b: Primarina
|-resisted|p1b: Primarina
|-damage|p1b: Primarina|4/100
|move|p1b: Primarina|Hyper Voice|p2b: Milotic|[spread] p2a,p2b
|-resisted|p2b: Milotic
|-damage|p2a: Gholdengo|0 fnt
|-damage|p2b: Milotic|75/100
|faint|p2a: Gholdengo
|
|upkeep
|
|t:|1756885875
|switch|p2a: Garchomp|Garchomp, L50, F|100/100
|switch|p1a: Sinistcha|Sinistcha-Masterpiece, L50|100/100
|-heal|p1b: Primarina|29/100|[from] ability: Hospitality|[of] p1a: Sinistcha
|turn|3
|
|t:|1756885894
|move|p1b: Primarina|Protect|p1b: Primarina
|-singleturn|p1b: Primarina|Protect
|move|p2a: Garchomp|Dragon Claw|p1b: Primarina
|-activate|p1b: Primarina|move: Protect
|move|p2b: Milotic|Icy Wind|p1b: Primarina|[spread] p1a
|-activate|p1b: Primarina|move: Protect
|-supereffective|p1a: Sinistcha
|-damage|p1a: Sinistcha|78/100
|-unboost|p1a: Sinistcha|spe|1
|move|p1a: Sinistcha|Matcha Gotcha|p2a: Garchomp|[spread] p2a,p2b
|-supereffective|p2b: Milotic
|-damage|p2a: Garchomp|74/100
|-heal|p1a: Sinistcha|92/100|[from] drain|[of] p2a: Garchomp
|-damage|p2b: Milotic|40/100
|-heal|p1a: Sinistcha|100/100|[from] drain|[of] p2b: Milotic
|
|upkeep
|turn|4
|inactive|Llama_Llord has 30 seconds left.
|
|t:|1756885919
|move|p2b: Milotic|Protect|p2b: Milotic
|-singleturn|p2b: Milotic|Protect
|move|p2a: Garchomp|Earthquake|p1a: Sinistcha|[spread] p1a,p1b
|-activate|p2b: Milotic|move: Protect
|-resisted|p1a: Sinistcha
|-damage|p1a: Sinistcha|81/100
|-damage|p1b: Primarina|0 fnt
|faint|p1b: Primarina
|-damage|p2a: Garchomp|65/100|[from] item: Life Orb
|move|p1a: Sinistcha|Matcha Gotcha|p2a: Garchomp|[spread] p2a
|-activate|p2b: Milotic|move: Protect
|-damage|p2a: Garchomp|35/100
|-heal|p1a: Sinistcha|96/100|[from] drain|[of] p2a: Garchomp
|-status|p2a: Garchomp|brn
|
|-damage|p2a: Garchomp|29/100 brn|[from] brn
|upkeep
|
|t:|1756885936
|switch|p1b: Volcarona|Volcarona, L50, M|100/100
|turn|5
|inactive|Llama_Llord has 30 seconds left.
|
|t:|1756885968
|move|p2a: Garchomp|Earthquake|p1b: Volcarona|[spread] p2b,p1a,p1b
|-resisted|p1a: Sinistcha
|-damage|p2b: Milotic|11/100
|-damage|p1a: Sinistcha|84/100
|-damage|p1b: Volcarona|70/100
|-damage|p2a: Garchomp|20/100 brn|[from] item: Life Orb
|move|p1b: Volcarona|Quiver Dance|p1b: Volcarona
|-boost|p1b: Volcarona|spa|1
|-boost|p1b: Volcarona|spd|1
|-boost|p1b: Volcarona|spe|1
|move|p2b: Milotic|Icy Wind|p1b: Volcarona|[spread] p1a,p1b
|-supereffective|p1a: Sinistcha
|-resisted|p1b: Volcarona
|-damage|p1a: Sinistcha|63/100
|-damage|p1b: Volcarona|67/100
|-unboost|p1a: Sinistcha|spe|1
|-unboost|p1b: Volcarona|spe|1
|move|p1a: Sinistcha|Matcha Gotcha|p2b: Milotic|[spread] p2a,p2b
|-supereffective|p2b: Milotic
|-damage|p2a: Garchomp|0 fnt
|-heal|p1a: Sinistcha|73/100|[from] drain|[of] p2a: Garchomp
|-damage|p2b: Milotic|0 fnt
|-heal|p1a: Sinistcha|79/100|[from] drain|[of] p2b: Milotic
|faint|p2a: Garchomp
|faint|p2b: Milotic
|
|win|IshtarVGC26
|raw|IshtarVGC26's rating: 1196 → 1220(+24 for winning)
|raw|Llama_Llord's rating: 1189 → 1165(-24 for losing)
