|j|☆VenuDaAscoInRain
|j|☆megaurshifuplease
|html|VenuDaAscoInRainmegaurshifuplease    
|uhtml|bestof|Game 2 of a best-of-3
|t:|1783295515
|gametype|doubles
|player|p1|VenuDaAscoInRain|li|1280
|player|p2|megaurshifuplease|red|1235
|gen|9
|tier|[Gen 9 Champions] VGC 2026 Reg M-B (Bo3)
|rated|
|rule|Species Clause: Limit one of each Pokémon
|rule|Item Clause: Limit 1 of each item
|clearpoke
|poke|p1|Kingambit, L50, F, shiny|
|poke|p1|Charizard, L50, M, shiny|
|poke|p1|Floette-Eternal, L50, F|
|poke|p1|Whimsicott, L50, F|
|poke|p1|Garchomp, L50, F, shiny|
|poke|p1|Basculegion, L50, M|
|poke|p2|Mawile, L50, M|
|poke|p2|Sinistcha-Masterpiece, L50|
|poke|p2|Incineroar, L50, F|
|poke|p2|Grimmsnarl, L50, M|
|poke|p2|Garchomp, L50, M|
|poke|p2|Annihilape, L50, M|
|teampreview|4
|showteam|p1|Kingambit||ChopleBerry|Defiant|KowtowCleave,LowKick,SuckerPunch,Protect|Adamant||F|||50|]Charizard||CharizarditeY|SolarPower|HeatWave,WeatherBall,SolarBeam,Protect|Modest||M|||50|]Floette-Eternal||Floettite|FlowerVeil|Moonblast,DazzlingGleam,LightofRuin,Protect|Timid||F|||50|]Whimsicott||FocusSash|Prankster|Moonblast,Tailwind,Encore,Protect|Timid||F|||50|]Garchomp||LifeOrb|RoughSkin|Earthquake,DragonClaw,RockSlide,Protect|Jolly||F|||50|]Basculegion||MysticWater|Adaptability|WaveCrash,AquaJet,LastRespects,Protect|Adamant||M|||50|
|showteam|p2|Mawile||Mawilite|HyperCutter|PlayRough,SuckerPunch,SwordsDance,Protect|Adamant||M|||50|]Sinistcha-Masterpiece||KasibBerry|Hospitality|LifeDew,TrickRoom,RagePowder,MatchaGotcha|Relaxed|||||50|]Incineroar||PasshoBerry|Intimidate|FakeOut,ThroatChop,FlareBlitz,PartingShot|Adamant||F|||50|]Grimmsnarl||LightClay|Prankster|PartingShot,Reflect,LightScreen,SpiritBreak|Impish||M|||50|]Garchomp||ChoiceScarf|SandVeil|Earthquake,DragonClaw,RockTomb,StompingTantrum|Adamant||M|||50|]Annihilape||SitrusBerry|Defiant|RageFist,DrainPunch,BulkUp,Protect|Adamant||M|||50|
|inactive|Battle timer is ON: inactive players will automatically lose when time's up. (requested by megaurshifuplease)
|inactive|VenuDaAscoInRain also wants the timer to be on.
|inactive|VenuDaAscoInRain has 60 seconds left.
|inactive|megaurshifuplease has 60 seconds left.
|
|t:|1783295561
|teamsize|p1|4
|teamsize|p2|4
|start
|switch|p1a: Floette|Floette-Eternal, L50, F|100/100
|switch|p1b: Whimsicott|Whimsicott, L50, F|100/100
|switch|p2a: Annihilape|Annihilape, L50, M|100/100
|switch|p2b: Mawile|Mawile, L50, M|100/100
|turn|1
|
|t:|1783295579
|switch|p2a: Incineroar|Incineroar, L50, F|100/100
|-ability|p2a: Incineroar|Intimidate|boost
|-unboost|p1a: Floette|atk|1
|-block|p1b: Whimsicott|ability: Flower Veil|[of] p1a: Floette
|detailschange|p2b: Mawile|Mawile-Mega, L50, M
|-mega|p2b: Mawile|Mawile|Mawilite
|move|p1b: Whimsicott|Protect|p1b: Whimsicott
|-singleturn|p1b: Whimsicott|Protect
|move|p1a: Floette|Protect|p1a: Floette
|-singleturn|p1a: Floette|Protect
|move|p2b: Mawile|Play Rough|p1a: Floette
|-activate|p1a: Floette|move: Protect
|
|upkeep
|turn|2
|inactive|megaurshifuplease has 30 seconds left.
|
|t:|1783295611
|detailschange|p1a: Floette|Floette-Mega, L50, F
|-mega|p1a: Floette|Floette|Floettite
|-ability|p1a: Floette|Fairy Aura
|move|p2a: Incineroar|Fake Out|p1b: Whimsicott
|-damage|p1b: Whimsicott|81/100
|cant|p1b: Whimsicott|flinch
|move|p1a: Floette|Light of Ruin|p2a: Incineroar
|-damage|p2a: Incineroar|16/100
|-damage|p1a: Floette|43/100|[from] Recoil
|move|p2b: Mawile|Play Rough|p1a: Floette
|-damage|p1a: Floette|0 fnt
|faint|p1a: Floette
|
|upkeep
|
|t:|1783295623
|switch|p1a: Garchomp|Garchomp, L50, F, shiny|100/100
|turn|3
|inactive|megaurshifuplease has 30 seconds left.
|inactive|megaurshifuplease has 20 seconds left.
|inactive|megaurshifuplease has 15 seconds left.
|inactive|megaurshifuplease has 10 seconds left.
|
|t:|1783295672
|switch|p2a: Garchomp|Garchomp, L50, M|100/100
|move|p2b: Mawile|Protect|p2b: Mawile
|-singleturn|p2b: Mawile|Protect
|move|p1b: Whimsicott|Tailwind|p1b: Whimsicott
|-sidestart|p1: VenuDaAscoInRain|move: Tailwind
|move|p1a: Garchomp|Earthquake|p2b: Mawile|[spread] p1b,p2a
|-activate|p2b: Mawile|move: Protect
|-resisted|p1b: Whimsicott|1
|-damage|p1b: Whimsicott|47/100
|-damage|p2a: Garchomp|48/100
|-damage|p1a: Garchomp|90/100|[from] item: Life Orb
|
|upkeep
|turn|4
|
|t:|1783295695
|switch|p2b: Incineroar|Incineroar, L50, F|16/100
|-ability|p2b: Incineroar|Intimidate|boost
|-unboost|p1a: Garchomp|atk|1
|-unboost|p1b: Whimsicott|atk|1
|move|p1b: Whimsicott|Encore|p2b: Incineroar
|-hint|Since gen 7, Dark is immune to Prankster moves.
|-immune|p2b: Incineroar
|move|p1a: Garchomp|Dragon Claw|p2a: Garchomp
|-supereffective|p2a: Garchomp|1
|-damage|p2a: Garchomp|0 fnt
|faint|p2a: Garchomp
|-damage|p1a: Garchomp|80/100|[from] item: Life Orb
|
|upkeep
|
|t:|1783295705
|switch|p2a: Annihilape|Annihilape, L50, M|100/100
|turn|5
|
|t:|1783295724
|move|p1a: Garchomp|Protect|p1a: Garchomp
|-singleturn|p1a: Garchomp|Protect
|move|p2b: Incineroar|Fake Out|p1b: Whimsicott
|-damage|p1b: Whimsicott|28/100
|cant|p1b: Whimsicott|flinch
|move|p2a: Annihilape|Rage Fist|p1b: Whimsicott
|-damage|p1b: Whimsicott|0 fnt
|faint|p1b: Whimsicott
|
|upkeep
|
|t:|1783295727
|switch|p1b: Basculegion|Basculegion, L50, M|100/100
|turn|6
|
|t:|1783295751
|move|p2a: Annihilape|Protect|p2a: Annihilape
|-singleturn|p2a: Annihilape|Protect
|move|p1a: Garchomp|Dragon Claw|p2b: Incineroar
|-damage|p2b: Incineroar|0 fnt
|faint|p2b: Incineroar
|-damage|p1a: Garchomp|70/100|[from] item: Life Orb
|move|p1b: Basculegion|Last Respects|p2a: Annihilape
|-activate|p2a: Annihilape|move: Protect
|
|-sideend|p1: VenuDaAscoInRain|move: Tailwind
|upkeep
|
|t:|1783295762
|switch|p2b: Mawile|Mawile-Mega, L50, M|100/100
|turn|7
|
|t:|1783295781
|move|p1b: Basculegion|Aqua Jet|p2b: Mawile
|-damage|p2b: Mawile|70/100
|move|p2b: Mawile|Sucker Punch||[still]
|-fail|p2b: Mawile
|move|p1a: Garchomp|Earthquake|p2a: Annihilape|[spread] p1b,p2a,p2b
|-crit|p2a: Annihilape
|-supereffective|p2b: Mawile|1
|-damage|p1b: Basculegion|62/100
|-damage|p2a: Annihilape|38/100
|-damage|p2b: Mawile|10/100
|-enditem|p2a: Annihilape|Sitrus Berry|[eat]
|-heal|p2a: Annihilape|63/100|[from] item: Sitrus Berry
|-damage|p1a: Garchomp|60/100|[from] item: Life Orb
|move|p2a: Annihilape|Rage Fist|p1a: Garchomp
|-damage|p1a: Garchomp|14/100
|-damage|p2a: Annihilape|50/100g|[from] ability: Rough Skin|[of] p1a: Garchomp
|
|upkeep
|turn|8
|
|t:|1783295805
|move|p1a: Garchomp|Protect|p1a: Garchomp
|-singleturn|p1a: Garchomp|Protect
|move|p1b: Basculegion|Protect|p1b: Basculegion
|-singleturn|p1b: Basculegion|Protect
|move|p2a: Annihilape|Protect|p2a: Annihilape
|-singleturn|p2a: Annihilape|Protect
|move|p2b: Mawile|Protect||[still]
|-fail|p2b: Mawile
|
|upkeep
|turn|9
|inactive|megaurshifuplease has 30 seconds left.
|
|t:|1783295834
|move|p1b: Basculegion|Aqua Jet|p2a: Annihilape
|-damage|p2a: Annihilape|24/100
|move|p2b: Mawile|Sucker Punch|p1a: Garchomp
|-damage|p1a: Garchomp|0 fnt
|-damage|p2b: Mawile|0 fnt|[from] ability: Rough Skin|[of] p1a: Garchomp
|faint|p1a: Garchomp
|faint|p2b: Mawile
|move|p2a: Annihilape|Rage Fist|p1b: Basculegion
|-supereffective|p1b: Basculegion|1
|-damage|p1b: Basculegion|0 fnt
|faint|p1b: Basculegion
|
|win|megaurshifuplease
||VenuDaAscoInRain is ready for game 3.
|inactive|megaurshifuplease has 30 seconds to confirm battle start!
