|j|☆Hemz0 0
|j|☆dialghite
|html|Hemz0 0dialghite    
|uhtml|bestof|Game 2 of a best-of-3
|t:|1756368050
|gametype|doubles
|player|p1|Hemz0 0|depotagent|1313
|player|p2|dialghite|volkner|1433
|gen|9
|tier|[Gen 9] VGC 2025 Reg H (Bo3)
|rated|
|rule|Species Clause: Limit one of each Pokémon
|rule|Item Clause: Limit 1 of each item
|clearpoke
|poke|p1|Pelipper, L50, M|
|poke|p1|Archaludon, L50, F|
|poke|p1|Incineroar, L50, F|
|poke|p1|Sneasler, L50, F|
|poke|p1|Rillaboom, L50, M|
|poke|p1|Gholdengo, L50|
|poke|p2|Whimsicott, L50, F|
|poke|p2|Kingambit, L50, M|
|poke|p2|Indeedee, L50, M|
|poke|p2|Sneasler, L50, F|
|poke|p2|Ursaluna-Bloodmoon, L50, M|
|poke|p2|Archaludon, L50, M|
|teampreview|4
|showteam|p1|Pelipper||ChoiceScarf|Drizzle|WeatherBall,Hurricane,Tailwind,Uturn|||M|||50|,,,,,Ghost]Archaludon||PowerHerb|Sturdy|ElectroShot,DragonPulse,FlashCannon,Protect|||F|||50|,,,,,Electric]Incineroar||SafetyGoggles|Intimidate|Taunt,FakeOut,KnockOff,PartingShot|||F|||50|,,,,,Ghost]Sneasler||GrassySeed|Unburden|CloseCombat,DireClaw,ThroatChop,Protect|||F|||50|,,,,,Dark]Rillaboom||AssaultVest|GrassySurge|WoodHammer,GrassyGlide,FakeOut,HighHorsepower|||M|||50|,,,,,Fire]Gholdengo||MetalCoat|GoodasGold|ShadowBall,MakeItRain,NastyPlot,Protect||||||50|,,,,,Fighting
|showteam|p2|Whimsicott||CovertCloak|Prankster|Moonblast,Taunt,Tailwind,FakeTears|||F|||50|,,,,,Water]Kingambit||AssaultVest|Defiant|KowtowCleave,SuckerPunch,BrickBreak,TeraBlast|||M|||50|,,,,,Flying]Indeedee||FocusSash|PsychicSurge|ExpandingForce,TeraBlast,Imprison,TrickRoom|||M|||50|,,,,,Psychic]Sneasler||PsychicSeed|Unburden|CloseCombat,DireClaw,ThroatChop,Protect|||F|||50|,,,,,Dark]Ursaluna-Bloodmoon||LifeOrb|MindsEye|HyperVoice,BloodMoon,EarthPower,Protect|||M|||50|,,,,,Normal]Archaludon||PowerHerb|Stalwart|ElectroShot,DragonPulse,Thunderbolt,Protect|||M|||50|,,,,,Electric
|inactive|Battle timer is ON: inactive players will automatically lose when time's up. (requested by Hemz0 0)
|inactive|dialghite has 60 seconds left.
|
|t:|1756368130
|teamsize|p1|4
|teamsize|p2|4
|start
|switch|p1a: Pelipper|Pelipper, L50, M|100/100
|switch|p1b: Gholdengo|Gholdengo, L50|100/100
|switch|p2a: Kingambit|Kingambit, L50, M|100/100
|switch|p2b: Sneasler|Sneasler, L50, F|100/100
|-weather|RainDance|[from] ability: Drizzle|[of] p1a: Pelipper
|turn|1
|inactive|dialghite has 30 seconds left.
|inactive|dialghite has 20 seconds left.
|inactive|dialghite has 15 seconds left.
|inactive|dialghite has 10 seconds left.
|
|t:|1756368179
|-terastallize|p2b: Sneasler|Dark
|-terastallize|p1b: Gholdengo|Fighting
|move|p1a: Pelipper|Hurricane|p2b: Sneasler
|-crit|p2b: Sneasler
|-damage|p2b: Sneasler|6/100
|move|p2b: Sneasler|Dire Claw|p1a: Pelipper
|-damage|p1a: Pelipper|45/100
|move|p1b: Gholdengo|Nasty Plot|p1b: Gholdengo
|-boost|p1b: Gholdengo|spa|2
|move|p2a: Kingambit|Kowtow Cleave|p1a: Pelipper
|-damage|p1a: Pelipper|0 fnt
|faint|p1a: Pelipper
|
|-weather|RainDance|[upkeep]
|upkeep
|
|t:|1756368194
|switch|p1a: Sabzi Wala|Rillaboom, L50, M, shiny|100/100
|-fieldstart|move: Grassy Terrain|[from] ability: Grassy Surge|[of] p1a: Sabzi Wala
|turn|2
|
|t:|1756368207
|move|p2b: Sneasler|Protect|p2b: Sneasler
|-singleturn|p2b: Sneasler|Protect
|move|p1b: Gholdengo|Protect|p1b: Gholdengo
|-singleturn|p1b: Gholdengo|Protect
|move|p1a: Sabzi Wala|Grassy Glide|p2b: Sneasler
|-activate|p2b: Sneasler|move: Protect
|move|p2a: Kingambit|Kowtow Cleave|p1a: Sabzi Wala
|-damage|p1a: Sabzi Wala|52/100
|
|-weather|RainDance|[upkeep]
|-heal|p2b: Sneasler|12/100|[from] Grassy Terrain
|-heal|p1a: Sabzi Wala|58/100|[from] Grassy Terrain
|upkeep
|turn|3
|
|t:|1756368225
|switch|p1a: Sneasler|Sneasler, L50, F|100/100
|-enditem|p1a: Sneasler|Grassy Seed
|-boost|p1a: Sneasler|def|1|[from] item: Grassy Seed
|move|p2b: Sneasler|Dire Claw|p1a: Sneasler
|-resisted|p1a: Sneasler
|-damage|p1a: Sneasler|75/100
|-status|p1a: Sneasler|slp
|move|p1b: Gholdengo|Make It Rain|p2a: Kingambit|[spread] p2a,p2b
|-resisted|p2a: Kingambit
|-damage|p2a: Kingambit|67/100
|-damage|p2b: Sneasler|0 fnt
|-unboost|p1b: Gholdengo|spa|1
|faint|p2b: Sneasler
|move|p2a: Kingambit|Kowtow Cleave|p1a: Sneasler
|-resisted|p1a: Sneasler
|-damage|p1a: Sneasler|47/100 slp
|
|-weather|RainDance|[upkeep]
|-heal|p1a: Sneasler|52/100 slp|[from] Grassy Terrain
|-heal|p2a: Kingambit|73/100|[from] Grassy Terrain
|upkeep
|inactive|dialghite has 30 seconds left.
|inactive|dialghite has 20 seconds left.
|inactive|dialghite has 15 seconds left.
|
|t:|1756368266
|switch|p2b: Archaludon|Archaludon, L50, M|100/100
|turn|4
|
|t:|1756368279
|move|p1b: Gholdengo|Protect|p1b: Gholdengo
|-singleturn|p1b: Gholdengo|Protect
|cant|p1a: Sneasler|slp
|move|p2b: Archaludon|Electro Shot||[still]
|-prepare|p2b: Archaludon|Electro Shot
|-boost|p2b: Archaludon|spa|1
|-anim|p2b: Archaludon|Electro Shot|p1b: Gholdengo
|-activate|p1b: Gholdengo|move: Protect
|move|p2a: Kingambit|Kowtow Cleave|p1a: Sneasler
|-resisted|p1a: Sneasler
|-damage|p1a: Sneasler|24/100 slp
|
|-weather|RainDance|[upkeep]
|-heal|p1a: Sneasler|30/100 slp|[from] Grassy Terrain
|-heal|p2a: Kingambit|79/100|[from] Grassy Terrain
|upkeep
|turn|5
|
|t:|1756368296
|cant|p1a: Sneasler|slp
|move|p2b: Archaludon|Dragon Pulse|p1a: Sneasler
|-damage|p1a: Sneasler|0 fnt
|faint|p1a: Sneasler
|move|p1b: Gholdengo|Shadow Ball|p2b: Archaludon
|-damage|p2b: Archaludon|12/100
|move|p2a: Kingambit|Brick Break|p1b: Gholdengo
|-damage|p1b: Gholdengo|76/100
|
|-weather|none
|-heal|p2b: Archaludon|18/100|[from] Grassy Terrain
|-heal|p1b: Gholdengo|82/100|[from] Grassy Terrain
|-heal|p2a: Kingambit|85/100|[from] Grassy Terrain
|upkeep
|
|t:|1756368305
|switch|p1a: Sabzi Wala|Rillaboom, L50, M, shiny|58/100
|turn|6
|inactive|Hemz0 0 has 30 seconds left.
|inactive|dialghite has 30 seconds left.
|
|t:|1756368333
|move|p2b: Archaludon|Protect|p2b: Archaludon
|-singleturn|p2b: Archaludon|Protect
|move|p1b: Gholdengo|Protect|p1b: Gholdengo
|-singleturn|p1b: Gholdengo|Protect
|move|p1a: Sabzi Wala|High Horsepower|p2a: Kingambit
|-supereffective|p2a: Kingambit
|-damage|p2a: Kingambit|35/100
|move|p2a: Kingambit|Kowtow Cleave|p1a: Sabzi Wala
|-damage|p1a: Sabzi Wala|12/100
|
|-heal|p2b: Archaludon|24/100|[from] Grassy Terrain
|-heal|p1b: Gholdengo|89/100|[from] Grassy Terrain
|-heal|p1a: Sabzi Wala|17/100|[from] Grassy Terrain
|-heal|p2a: Kingambit|41/100|[from] Grassy Terrain
|-fieldend|move: Grassy Terrain
|upkeep
|turn|7
|inactive|Hemz0 0 has 30 seconds left.
|
|t:|1756368363
|move|p2a: Kingambit|Sucker Punch|p1a: Sabzi Wala
|-damage|p1a: Sabzi Wala|0 fnt
|faint|p1a: Sabzi Wala
|move|p2b: Archaludon|Dragon Pulse|p1b: Gholdengo
|-damage|p1b: Gholdengo|24/100
|move|p1b: Gholdengo|Make It Rain|p2a: Kingambit|[spread] p2a,p2b
|-resisted|p2a: Kingambit
|-resisted|p2b: Archaludon
|-damage|p2a: Kingambit|15/100
|-damage|p2b: Archaludon|0 fnt
|-unboost|p1b: Gholdengo|spa|1
|faint|p2b: Archaludon
|
|upkeep
|
|t:|1756368368
|switch|p2b: Whimsicott|Whimsicott, L50, F|100/100
|turn|8
|
|t:|1756368371
|move|p2b: Whimsicott|Moonblast|p1b: Gholdengo
|-supereffective|p1b: Gholdengo
|-damage|p1b: Gholdengo|0 fnt
|faint|p1b: Gholdengo
|
|win|dialghite
