|j|☆DellYDLive
|j|☆QueenB1991
|html|DellYDLiveQueenB1991    
|uhtml|bestof|Game 1 of a best-of-3
|t:|1782370560
|gametype|doubles
|player|p1|DellYDLive|265|1090
|player|p2|QueenB1991|102|1000
|gen|9
|tier|[Gen 9 Champions] VGC 2026 Reg M-B (Bo3)
|rated|
|rule|Species Clause: Limit one of each Pokémon
|rule|Item Clause: Limit 1 of each item
|clearpoke
|poke|p1|Gyarados, L50, M, shiny|
|poke|p1|Dragonite, L50, M|
|poke|p1|Absol, L50, F|
|poke|p1|Beedrill, L50, F|
|poke|p1|Barbaracle, L50, F|
|poke|p1|Salazzle, L50, F|
|poke|p2|Palafin, L50, M|
|poke|p2|Sneasler, L50, M|
|poke|p2|Raichu, L50, M|
|poke|p2|Kingambit, L50, F|
|poke|p2|Dragonite, L50, F|
|poke|p2|Hydreigon, L50, M|
|teampreview|4
|showteam|p1|Gyarados||Leftovers|Intimidate|Waterfall,DragonCheer,HelpingHand,Protect|Impish||M|||50|]Dragonite||Dragoninite|Multiscale|AirCutter,StoneEdge,DracoMeteor,Protect|Quiet||M|||50|]Absol||ScopeLens|SuperLuck|NightSlash,SuckerPunch,SwordsDance,Protect|Jolly||F|||50|]Beedrill||Beedrillite|Sniper|CrossPoison,FellStinger,Agility,Uturn|Jolly||F|||50|]Barbaracle||Barbaracite|Sniper|AquaCutter,CrossChop,ShellSmash,Protect|Jolly||F|||50|]Salazzle||FocusSash|Corrosion|FakeOut,SludgeBomb,FireBlast,DragonCheer|Hasty||F|||50|
|showteam|p2|Palafin||MysticWater|ZerotoHero|JetPunch,WaveCrash,FlipTurn,Protect|Jolly||M|||50|]Sneasler||FocusSash|Unburden|FakeOut,DireClaw,CloseCombat,Protect|Jolly||M|||50|]Raichu||SitrusBerry|LightningRod|FakeOut,Nuzzle,VoltSwitch,Protect|Jolly||M|||50|]Kingambit||BlackGlasses|SupremeOverlord|KowtowCleave,SuckerPunch,IronHead,Protect|Adamant||F|||50|]Dragonite||LumBerry|Multiscale|ExtremeSpeed,DragonClaw,Tailwind,Protect|Adamant||F|||50|]Hydreigon||LifeOrb|Levitate|DracoMeteor,DarkPulse,Flamethrower,Protect|Timid||M|||50|
|
|t:|1782370610
|teamsize|p1|4
|teamsize|p2|4
|start
|switch|p1a: Dragonite|Dragonite, L50, M|100/100
|switch|p1b: Salazzle|Salazzle, L50, F|100/100
|switch|p2a: Raichu|Raichu, L50, M|100/100
|switch|p2b: Palafin|Palafin, L50, M|100/100
|turn|1
|
|t:|1782370646
|detailschange|p1a: Dragonite|Dragonite-Mega, L50, M
|-mega|p1a: Dragonite|Dragonite|Dragoninite
|move|p2a: Raichu|Protect|p2a: Raichu
|-singleturn|p2a: Raichu|Protect
|move|p1b: Salazzle|Fake Out|p2b: Palafin
|-damage|p2b: Palafin|91/100
|cant|p2b: Palafin|flinch
|move|p1a: Dragonite|Draco Meteor|p2b: Palafin
|-damage|p2b: Palafin|0 fnt
|-unboost|p1a: Dragonite|spa|2
|faint|p2b: Palafin
|
|upkeep
|
|t:|1782370664
|switch|p2b: Hydreigon|Hydreigon, L50, M|100/100
|turn|2
|
|t:|1782370683
|move|p1b: Salazzle|Dragon Cheer|p1a: Dragonite
|-start|p1a: Dragonite|move: Dragon Cheer
|move|p2a: Raichu|Nuzzle|p1a: Dragonite
|-damage|p1a: Dragonite|96/100
|-status|p1a: Dragonite|par
|move|p2b: Hydreigon|Flamethrower|p1b: Salazzle
|-resisted|p1b: Salazzle|1
|-damage|p1b: Salazzle|65/100
|-damage|p2b: Hydreigon|90/100|[from] item: Life Orb
|cant|p1a: Dragonite|par
|
|upkeep
|turn|3
|
|t:|1782370717
|move|p1b: Salazzle|Dragon Cheer||[still]
|-fail|p1b: Salazzle
|move|p2a: Raichu|Nuzzle|p1b: Salazzle
|-damage|p1b: Salazzle|52/100
|-status|p1b: Salazzle|par
|move|p2b: Hydreigon|Draco Meteor|p1a: Dragonite
|-supereffective|p1a: Dragonite|1
|-damage|p1a: Dragonite|0 fnt
|-unboost|p2b: Hydreigon|spa|2
|faint|p1a: Dragonite
|-damage|p2b: Hydreigon|81/100|[from] item: Life Orb
|
|upkeep
|
|t:|1782370734
|switch|p1a: Barbaracle|Barbaracle, L50, F|100/100
|turn|4
|
|t:|1782370750
|move|p2a: Raichu|Nuzzle|p1a: Barbaracle
|-supereffective|p1a: Barbaracle|1
|-damage|p1a: Barbaracle|82/100
|-status|p1a: Barbaracle|par
|move|p2b: Hydreigon|Draco Meteor|p1b: Salazzle
|-damage|p1b: Salazzle|0 fnt
|-unboost|p2b: Hydreigon|spa|2
|faint|p1b: Salazzle
|-damage|p2b: Hydreigon|71/100|[from] item: Life Orb
|move|p1a: Barbaracle|Cross Chop|p2b: Hydreigon
|-supereffective|p2b: Hydreigon|1
|-damage|p2b: Hydreigon|4/100
|
|upkeep
|
|t:|1782370764
|switch|p1b: Gyarados|Gyarados, L50, M, shiny|100/100
|-ability|p1b: Gyarados|Intimidate|boost
|-unboost|p2a: Raichu|atk|1
|-unboost|p2b: Hydreigon|atk|1
|turn|5
|
|t:|1782370778
|move|p1b: Gyarados|Protect|p1b: Gyarados
|-singleturn|p1b: Gyarados|Protect
|move|p2a: Raichu|Nuzzle|p1b: Gyarados
|-activate|p1b: Gyarados|move: Protect
|move|p2b: Hydreigon|Draco Meteor|p1a: Barbaracle
|-damage|p1a: Barbaracle|42/100 par
|-unboost|p2b: Hydreigon|spa|2
|-damage|p2b: Hydreigon|0 fnt|[from] item: Life Orb
|faint|p2b: Hydreigon
|move|p1a: Barbaracle|Shell Smash|p1a: Barbaracle
|-unboost|p1a: Barbaracle|def|1
|-unboost|p1a: Barbaracle|spd|1
|-boost|p1a: Barbaracle|atk|2
|-boost|p1a: Barbaracle|spa|2
|-boost|p1a: Barbaracle|spe|2
|
|upkeep
|
|t:|1782370793
|switch|p2b: Kingambit|Kingambit, L50, F|100/100
|-activate|p2b: Kingambit|ability: Supreme Overlord
|-start|p2b: Kingambit|fallen2|[silent]
|turn|6
|
|t:|1782370811
|move|p2a: Raichu|Nuzzle|p1b: Gyarados
|-supereffective|p1b: Gyarados|2
|-damage|p1b: Gyarados|84/100
|-status|p1b: Gyarados|par
|move|p1a: Barbaracle|Shell Smash|p1a: Barbaracle
|-unboost|p1a: Barbaracle|def|1
|-unboost|p1a: Barbaracle|spd|1
|-boost|p1a: Barbaracle|atk|2
|-boost|p1a: Barbaracle|spa|2
|-boost|p1a: Barbaracle|spe|2
|move|p2b: Kingambit|Kowtow Cleave|p1b: Gyarados
|-damage|p1b: Gyarados|23/100 par
|move|p1b: Gyarados|Waterfall|p2b: Kingambit
|-damage|p2b: Kingambit|73/100
|
|-heal|p1b: Gyarados|30/100 par|[from] item: Leftovers
|upkeep
|turn|7
|
|t:|1782370837
|move|p2a: Raichu|Protect|p2a: Raichu
|-singleturn|p2a: Raichu|Protect
|move|p1b: Gyarados|Protect|p1b: Gyarados
|-singleturn|p1b: Gyarados|Protect
|move|p1a: Barbaracle|Aqua Cutter|p2b: Kingambit
|-damage|p2b: Kingambit|1/100
|move|p2b: Kingambit|Kowtow Cleave|p1a: Barbaracle
|-damage|p1a: Barbaracle|0 fnt
|faint|p1a: Barbaracle
|
|-heal|p1b: Gyarados|36/100 par|[from] item: Leftovers
|upkeep
|turn|8
|
|t:|1782370870
|move|p2a: Raichu|Protect|p2a: Raichu
|-singleturn|p2a: Raichu|Protect
|move|p2b: Kingambit|Kowtow Cleave|p1b: Gyarados
|-damage|p1b: Gyarados|0 fnt
|faint|p1b: Gyarados
|
|win|QueenB1991
||DellYDLive is ready for game 2.
|inactive|QueenB1991 has 30 seconds to confirm battle start!
|inactive|QueenB1991 has 20 seconds to confirm battle start!
|l|☆DellYDLive
|player|p1|
||QueenB1991 is ready for game 2.
|uhtml|next|Next: Game 2 of 3
