|j|☆Destinyherostratos
|j|☆Livnlarge27
|html|DestinyherostratosLivnlarge27    
|uhtml|bestof|Game 3 of a best-of-3
|t:|1754538280
|gametype|doubles
|player|p1|Destinyherostratos|101|1268
|player|p2|Livnlarge27|marlon|1386
|gen|9
|tier|[Gen 9] VGC 2025 Reg H (Bo3)
|rated|
|rule|Species Clause: Limit one of each Pokémon
|rule|Item Clause: Limit 1 of each item
|clearpoke
|poke|p1|Gothitelle, L50, F|
|poke|p1|Kingambit, L50, F|
|poke|p1|Politoed, L50, F|
|poke|p1|Kingdra, L50, M|
|poke|p1|Amoonguss, L50, M|
|poke|p1|Incineroar, L50, F|
|poke|p2|Blastoise, L50, M|
|poke|p2|Dragapult, L50, M|
|poke|p2|Indeedee-F, L50, F|
|poke|p2|Sneasler, L50, F|
|poke|p2|Armarouge, L50, F|
|poke|p2|Whimsicott, L50, F|
|teampreview|4
|showteam|p1|Gothitelle||SitrusBerry|ShadowTag|Protect,Psychic,FakeOut,TrickRoom|||F|||50|,,,,,Dark]Kingambit||BlackGlasses|Defiant|Protect,KowtowCleave,SuckerPunch,SwordsDance|||F|||50|,,,,,Fairy]Politoed||Leftovers|Drizzle|Protect,PerishSong,Encore,WeatherBall|||F|||50|,,,,,Grass]Kingdra||LifeOrb|SwiftSwim|Protect,WeatherBall,DracoMeteor,MuddyWater|||M|||50|,,,,,Water]Amoonguss||RockyHelmet|Regenerator|Protect,Spore,RagePowder,PollenPuff|||M|||50|,,,,,Fairy]Incineroar||SafetyGoggles|Intimidate|Protect,KnockOff,PartingShot,FakeOut|||F|||50|,,,,,Bug
|showteam|p2|Blastoise||MysticWater|Torrent|Protect,WaterSpout,HydroCannon,ShellSmash|||M|||50|,,,,,Water]Dragapult||ChoiceBand|ClearBody|DragonDarts,Uturn,PhantomForce,Outrage|||M|||50|,,,,,Dragon]Indeedee-F||RockyHelmet|PsychicSurge|Imprison,FollowMe,HelpingHand,TrickRoom|||F|||50|,,,,,Fairy]Sneasler||PsychicSeed|Unburden|FakeOut,CloseCombat,DireClaw,ThroatChop|||F|||50|,,,,,Dark]Armarouge||LifeOrb|FlashFire|ExpandingForce,ArmorCannon,ClearSmog,TrickRoom|||F|||50|,,,,,Grass]Whimsicott||CovertCloak|Prankster|Tailwind,Moonblast,Encore,FakeTears|||F|||50|,,,,,Dark
|inactive|Battle timer is ON: inactive players will automatically lose when time's up. (requested by Livnlarge27)
|inactive|Destinyherostratos has 60 seconds left.
|
|t:|1754538342
|teamsize|p1|4
|teamsize|p2|4
|start
|switch|p1a: Kingdra|Kingdra, L50, M|100/100
|switch|p1b: Amoonguss|Amoonguss, L50, M|100/100
|switch|p2a: Dragapult|Dragapult, L50, M|100/100
|switch|p2b: Sneasler|Sneasler, L50, F|100/100
|turn|1
|
|t:|1754538366
|move|p1a: Kingdra|Protect|p1a: Kingdra
|-singleturn|p1a: Kingdra|Protect
|move|p1b: Amoonguss|Protect|p1b: Amoonguss
|-singleturn|p1b: Amoonguss|Protect
|move|p2b: Sneasler|Fake Out|p1b: Amoonguss
|-activate|p1b: Amoonguss|move: Protect
|move|p2a: Dragapult|Dragon Darts|p1a: Kingdra
|-activate|p1b: Amoonguss|move: Protect
|
|upkeep
|turn|2
|inactive|Destinyherostratos has 30 seconds left.
|inactive|Livnlarge27 has 30 seconds left.
|inactive|Destinyherostratos has 20 seconds left.
|inactive|Destinyherostratos has 15 seconds left.
|
|t:|1754538410
|-terastallize|p2a: Dragapult|Dragon
|move|p1b: Amoonguss|Rage Powder|p1b: Amoonguss
|-singleturn|p1b: Amoonguss|move: Rage Powder
|move|p2a: Dragapult|Dragon Darts|p1b: Amoonguss
|-damage|p1b: Amoonguss|55/100
|-anim|p2a: Dragapult|Dragon Darts|p1b: Amoonguss
|-damage|p1b: Amoonguss|11/100
|move|p2b: Sneasler|Dire Claw|p1b: Amoonguss
|-damage|p1b: Amoonguss|0 fnt
|-damage|p2b: Sneasler|84/100|[from] item: Rocky Helmet|[of] p1b: Amoonguss
|faint|p1b: Amoonguss
|move|p1a: Kingdra|Draco Meteor|p2b: Sneasler
|-damage|p2b: Sneasler|0 fnt
|-unboost|p1a: Kingdra|spa|2
|faint|p2b: Sneasler
|-damage|p1a: Kingdra|91/100|[from] item: Life Orb
|
|upkeep
|inactive|Destinyherostratos has 30 seconds left.
|
|t:|1754538438
|switch|p2b: Armarouge|Armarouge, L50, F|100/100
|switch|p1b: Incineroar|Incineroar, L50, F|100/100
|-ability|p1b: Incineroar|Intimidate|boost
|-fail|p2a: Dragapult|unboost|[from] ability: Clear Body|[of] p2a: Dragapult
|-unboost|p2b: Armarouge|atk|1
|turn|3
|inactive|Destinyherostratos has 30 seconds left.
|
|t:|1754538465
|switch|p1a: Kingambit|Kingambit, L50, F|100/100
|move|p2a: Dragapult|Dragon Darts|p1a: Kingambit
|-resisted|p1a: Kingambit
|-damage|p1a: Kingambit|82/100
|-anim|p2a: Dragapult|Dragon Darts|p1b: Incineroar
|-damage|p1b: Incineroar|44/100
|move|p2b: Armarouge|Armor Cannon|p1a: Kingambit
|-supereffective|p1a: Kingambit
|-damage|p1a: Kingambit|0 fnt
|-unboost|p2b: Armarouge|def|1
|-unboost|p2b: Armarouge|spd|1
|faint|p1a: Kingambit
|-damage|p2b: Armarouge|91/100|[from] item: Life Orb
|move|p1b: Incineroar|Knock Off|p2b: Armarouge
|-supereffective|p2b: Armarouge
|-damage|p2b: Armarouge|0 fnt
|-enditem|p2b: Armarouge|Life Orb|[from] move: Knock Off|[of] p1b: Incineroar
|faint|p2b: Armarouge
|
|upkeep
|
|t:|1754538482
|switch|p2b: Indeedee|Indeedee-F, L50, F|100/100
|switch|p1a: Kingdra|Kingdra, L50, M|91/100
|-fieldstart|move: Psychic Terrain|[from] ability: Psychic Surge|[of] p2b: Indeedee
|turn|4
|inactive|Destinyherostratos has 30 seconds left.
|
|t:|1754538517
|-terastallize|p1a: Kingdra|Water
|move|p2b: Indeedee|Follow Me|p2b: Indeedee
|-singleturn|p2b: Indeedee|move: Follow Me
|move|p2a: Dragapult|Dragon Darts|p1a: Kingdra
|-damage|p1a: Kingdra|23/100
|-anim|p2a: Dragapult|Dragon Darts|p1b: Incineroar
|-damage|p1b: Incineroar|0 fnt
|faint|p1b: Incineroar
|move|p1a: Kingdra|Muddy Water|p2b: Indeedee|[spread] p2b
|-miss|p1a: Kingdra|p2a: Dragapult
|-damage|p2b: Indeedee|43/100
|-damage|p1a: Kingdra|13/100|[from] item: Life Orb
|
|upkeep
|turn|5
|c|☆Destinyherostratos|gg
|-message|Destinyherostratos forfeited.
|
|win|Livnlarge27
|raw|Destinyherostratos's rating: 1268 → 1251(-17 for losing)
|raw|Livnlarge27's rating: 1386 → 1399(+13 for winning)
|c|☆Livnlarge27|Ggwp!
|l|☆Destinyherostratos
|player|p1|
