|j|☆Vaccamad
|j|☆Lorido
|html|VaccamadLorido    
|uhtml|bestof|Game 1 of a best-of-3
|t:|1782474448
|gametype|doubles
|player|p1|Vaccamad|170|1049
|player|p2|Lorido|170|1155
|gen|9
|tier|[Gen 9 Champions] VGC 2026 Reg M-B (Bo3)
|rated|
|rule|Species Clause: Limit one of each Pokémon
|rule|Item Clause: Limit 1 of each item
|clearpoke
|poke|p1|Raichu, L50, M|
|poke|p1|Staraptor, L50, M|
|poke|p1|Incineroar, L50, M|
|poke|p1|Metagross, L50|
|poke|p1|Sinistcha, L50|
|poke|p1|Primarina, L50, F|
|poke|p2|Charizard, L50, M|
|poke|p2|Floette-Eternal, L50, F|
|poke|p2|Whimsicott, L50, F|
|poke|p2|Kingambit, L50, M|
|poke|p2|Garchomp, L50, F|
|poke|p2|Basculegion, L50, M|
|teampreview|4
|showteam|p1|Raichu||FocusSash|LightningRod|FakeOut,Nuzzle,EerieImpulse,Thunderbolt|Timid||M|||50|]Staraptor||Staraptite|Intimidate|BraveBird,Tailwind,CloseCombat,Protect|Jolly||M|||50|]Incineroar||SitrusBerry|Intimidate|FakeOut,FlareBlitz,ThroatChop,PartingShot|Impish||M|||50|]Metagross||Metagrossite|ClearBody|PsychicFangs,IronHead,StompingTantrum,Protect|Jolly|||||50|]Sinistcha||OccaBerry|Hospitality|MatchaGotcha,RagePowder,TrickRoom,Protect|Bold|||||50|]Primarina||LifeOrb|LiquidVoice|Protect,DazzlingGleam,IceBeam,HydroPump|Modest||F|||50|
|showteam|p2|Charizard||CharizarditeY|Blaze|HeatWave,WeatherBall,SolarBeam,Protect|Modest||M|||50|]Floette-Eternal||Floettite|FlowerVeil|DazzlingGleam,Protect,Moonblast,LightofRuin|Modest||F|||50|]Whimsicott||FocusSash|Prankster|Moonblast,Protect,Tailwind,Encore|Timid||F|||50|]Kingambit||ChopleBerry|Defiant|KowtowCleave,SuckerPunch,IronHead,LowKick|Adamant||M|||50|]Garchomp||LifeOrb|RoughSkin|DragonClaw,StompingTantrum,RockSlide,Protect|Jolly||F|||50|]Basculegion||MysticWater|Adaptability|WaveCrash,LastRespects,AquaJet,Protect|Adamant||M|||50|
|
|t:|1782474490
|teamsize|p1|4
|teamsize|p2|4
|start
|switch|p1a: Raichu|Raichu, L50, M|100/100
|switch|p1b: Primarina|Primarina, L50, F|100/100
|switch|p2a: Floette|Floette-Eternal, L50, F|100/100
|switch|p2b: Whimsicott|Whimsicott, L50, F|100/100
|turn|1
|
|t:|1782474516
|move|p2a: Floette|Protect|p2a: Floette
|-singleturn|p2a: Floette|Protect
|move|p2b: Whimsicott|Moonblast|p1a: Raichu
|-damage|p1a: Raichu|43/100
|move|p1a: Raichu|Eerie Impulse|p2a: Floette
|-activate|p2a: Floette|move: Protect
|move|p1b: Primarina|Dazzling Gleam|p2a: Floette|[spread] p2b
|-activate|p2a: Floette|move: Protect
|-damage|p2b: Whimsicott|36/100
|-damage|p1b: Primarina|90/100|[from] item: Life Orb
|
|upkeep
|turn|2
|inactive|Battle timer is ON: inactive players will automatically lose when time's up. (requested by Lorido)
|
|t:|1782474545
|switch|p1a: Sinistcha|Sinistcha, L50|100/100
|-heal|p1b: Primarina|100/100|[from] ability: Hospitality|[of] p1a: Sinistcha
|switch|p2a: Kingambit|Kingambit, L50, M|100/100
|move|p2b: Whimsicott|Encore||[still]
|-fail|p2b: Whimsicott
|move|p1b: Primarina|Dazzling Gleam|p2b: Whimsicott|[spread] p2a,p2b
|-damage|p2a: Kingambit|60/100
|-damage|p2b: Whimsicott|0 fnt
|faint|p2b: Whimsicott
|-damage|p1b: Primarina|90/100|[from] item: Life Orb
|
|upkeep
|
|t:|1782474556
|switch|p2b: Floette|Floette-Eternal, L50, F|100/100
|turn|3
|inactive|Lorido has 30 seconds left.
|
|t:|1782474594
|move|p2b: Floette|Protect|p2b: Floette
|-singleturn|p2b: Floette|Protect
|move|p1a: Sinistcha|Rage Powder|p1a: Sinistcha
|-singleturn|p1a: Sinistcha|move: Rage Powder
|move|p1b: Primarina|Dazzling Gleam|p2a: Kingambit|[spread] p2a
|-activate|p2b: Floette|move: Protect
|-damage|p2a: Kingambit|24/100
|-damage|p1b: Primarina|80/100|[from] item: Life Orb
|move|p2a: Kingambit|Kowtow Cleave|p1a: Sinistcha
|-supereffective|p1a: Sinistcha|1
|-damage|p1a: Sinistcha|24/100
|
|upkeep
|turn|4
|inactive|Lorido has 30 seconds left.
|
|t:|1782474624
|detailschange|p2b: Floette|Floette-Mega, L50, F
|-mega|p2b: Floette|Floette|Floettite
|-ability|p2b: Floette|Fairy Aura
|move|p1a: Sinistcha|Rage Powder|p1a: Sinistcha
|-singleturn|p1a: Sinistcha|move: Rage Powder
|move|p2b: Floette|Light of Ruin|p1a: Sinistcha
|-damage|p1a: Sinistcha|0 fnt
|faint|p1a: Sinistcha
|-damage|p2b: Floette|85/100|[from] Recoil
|move|p1b: Primarina|Dazzling Gleam|p2b: Floette|[spread] p2a,p2b
|-damage|p2a: Kingambit|0 fnt
|-damage|p2b: Floette|43/100
|faint|p2a: Kingambit
|-damage|p1b: Primarina|71/100|[from] item: Life Orb
|
|upkeep
|inactive|Vaccamad has 30 seconds left.
|
|t:|1782474652
|switch|p1a: Raichu|Raichu, L50, M|43/100
|switch|p2a: Basculegion|Basculegion, L50, M|100/100
|turn|5
|
|t:|1782474674
|move|p2b: Floette|Protect|p2b: Floette
|-singleturn|p2b: Floette|Protect
|move|p2a: Basculegion|Aqua Jet|p1a: Raichu
|-damage|p1a: Raichu|0 fnt
|faint|p1a: Raichu
|move|p1b: Primarina|Dazzling Gleam|p2a: Basculegion|[spread] p2a
|-activate|p2b: Floette|move: Protect
|-damage|p2a: Basculegion|37/100
|-damage|p1b: Primarina|61/100|[from] item: Life Orb
|
|upkeep
|
|t:|1782474679
|switch|p1a: Staraptor|Staraptor, L50, M|100/100
|-ability|p1a: Staraptor|Intimidate|boost
|-unboost|p2a: Basculegion|atk|1
|-unboost|p2b: Floette|atk|1
|turn|6
|
|t:|1782474706
|detailschange|p1a: Staraptor|Staraptor-Mega, L50, M
|-mega|p1a: Staraptor|Staraptor|Staraptite
|move|p2a: Basculegion|Aqua Jet|p1b: Primarina
|-resisted|p1b: Primarina|1
|-damage|p1b: Primarina|49/100
|move|p1a: Staraptor|Brave Bird|p2b: Floette
|-damage|p2b: Floette|0 fnt
|faint|p2b: Floette
|-damage|p1a: Staraptor|86/100|[from] Recoil
|move|p1b: Primarina|Dazzling Gleam|p2a: Basculegion
|-damage|p2a: Basculegion|0 fnt
|faint|p2a: Basculegion
|-damage|p1b: Primarina|39/100|[from] item: Life Orb
|
|win|Vaccamad
