|j|☆jayoticnl
|j|☆Gayangos
|html|jayoticnlGayangos    
|uhtml|bestof|Game 3 of a best-of-3
|t:|1757783703
|gametype|doubles
|player|p1|jayoticnl|preschooler|
|player|p2|Gayangos|169|
|gen|9
|tier|[Gen 9] VGC 2025 Reg H (Bo3)
|rule|Species Clause: Limit one of each Pokémon
|rule|Item Clause: Limit 1 of each item
|clearpoke
|poke|p1|Pelipper, L50, F|
|poke|p1|Basculegion, L50, M|
|poke|p1|Archaludon, L50, M|
|poke|p1|Rillaboom, L50, F|
|poke|p1|Comfey, L50, F|
|poke|p1|Annihilape, L50, M|
|poke|p2|Dragapult, L50, F|
|poke|p2|Sneasler, L50, M|
|poke|p2|Incineroar, L50, F|
|poke|p2|Volcarona, L50, F|
|poke|p2|Rillaboom, L50, F|
|poke|p2|Kingambit, L50, M|
|teampreview|4
|showteam|p1|Pelipper||FocusSash|Drizzle|Hurricane,WeatherBall,Tailwind,Protect|||F|||50|,,,,,Ghost]Basculegion||ChoiceBand|SwiftSwim|WaveCrash,FlipTurn,LastRespects,AquaJet|||M|||50|,,,,,Grass]Archaludon||AssaultVest|Stamina|ElectroShot,BodyPress,FlashCannon,Snarl|||M|||50|,,,,,Bug]Rillaboom||LoadedDice|GrassySurge|GrassyGlide,BulletSeed,FakeOut,HighHorsepower|||F|||50|,,,,,Poison]Comfey||SafetyGoggles|Triage|DrainingKiss,FloralHealing,LightScreen,Protect|||F|||50|,,,,,Steel]Annihilape||Leftovers|Defiant|DrainPunch,RageFist,BulkUp,Protect|||M|||50|,,,,,Fire
|showteam|p2|Dragapult||ChoiceBand|ClearBody|DragonDarts,Outrage,PhantomForce,Uturn|||F|||50|,,,,,Dragon]Sneasler||FocusSash|Unburden|DireClaw,CloseCombat,ThroatChop,Protect|||M|||50|,,,,,Stellar]Incineroar||SafetyGoggles|Intimidate|FakeOut,KnockOff,PartingShot,Taunt|||F|||50|,,,,,Ghost]Volcarona||GrassySeed|FlameBody|HeatWave,TeraBlast,QuiverDance,Protect|||F|||50|,,,,,Fairy]Rillaboom||AssaultVest|GrassySurge|FakeOut,WoodHammer,GrassyGlide,HighHorsepower|||F|||50|,,,,,Fire]Kingambit||BlackGlasses|Defiant|KowtowCleave,SuckerPunch,SwordsDance,Protect|||M|||50|,,,,,Dark
|
|t:|1757783729
|teamsize|p1|4
|teamsize|p2|4
|start
|switch|p1a: Pelipper|Pelipper, L50, F|100/100
|switch|p1b: Basculegion|Basculegion, L50, M|100/100
|switch|p2a: Dragapult|Dragapult, L50, F|100/100
|switch|p2b: Sneasler|Sneasler, L50, M|100/100
|-weather|RainDance|[from] ability: Drizzle|[of] p1a: Pelipper
|turn|1
|inactive|Battle timer is ON: inactive players will automatically lose when time's up. (requested by Gayangos)
|
|t:|1757783760
|-terastallize|p2a: Dragapult|Dragon
|move|p1a: Pelipper|Protect|p1a: Pelipper
|-singleturn|p1a: Pelipper|Protect
|move|p1b: Basculegion|Flip Turn|p2b: Sneasler
|-enditem|p2b: Sneasler|Focus Sash
|-damage|p2b: Sneasler|1/100
|
|t:|1757783766
|switch|p1b: Comfey|Comfey, L50, F|100/100|[from] Flip Turn
|move|p2b: Sneasler|Close Combat|p1a: Pelipper
|-activate|p1a: Pelipper|move: Protect
|move|p2a: Dragapult|Dragon Darts|p1b: Comfey
|-immune|p1b: Comfey
|
|-weather|RainDance|[upkeep]
|upkeep
|turn|2
|inactive|Gayangos has 30 seconds left.
|inactive|Gayangos has 20 seconds left.
|
|t:|1757783806
|switch|p2b: Rillaboom|Rillaboom, L50, F|100/100
|-fieldstart|move: Grassy Terrain|[from] ability: Grassy Surge|[of] p2b: Rillaboom
|switch|p2a: Volcarona|Volcarona, L50, F|100/100
|-enditem|p2a: Volcarona|Grassy Seed
|-boost|p2a: Volcarona|def|1|[from] item: Grassy Seed
|switch|p1a: Archaludon|Archaludon, L50, M|100/100
|move|p1b: Comfey|Draining Kiss|p2b: Rillaboom
|-damage|p2b: Rillaboom|92/100
|
|-weather|RainDance|[upkeep]
|-heal|p2b: Rillaboom|98/100|[from] Grassy Terrain
|upkeep
|turn|3
|
|t:|1757783821
|move|p2a: Volcarona|Quiver Dance|p2a: Volcarona
|-boost|p2a: Volcarona|spa|1
|-boost|p2a: Volcarona|spd|1
|-boost|p2a: Volcarona|spe|1
|move|p1b: Comfey|Light Screen|p1b: Comfey
|-sidestart|p1: jayoticnl|move: Light Screen
|move|p2b: Rillaboom|Wood Hammer|p1b: Comfey
|-damage|p1b: Comfey|8/100
|-damage|p2b: Rillaboom|74/100|[from] Recoil
|move|p1a: Archaludon|Electro Shot||[still]
|-prepare|p1a: Archaludon|Electro Shot
|-boost|p1a: Archaludon|spa|1
|-anim|p1a: Archaludon|Electro Shot|p2a: Volcarona
|-damage|p2a: Volcarona|64/100
|
|-weather|RainDance|[upkeep]
|-heal|p2a: Volcarona|71/100|[from] Grassy Terrain
|-heal|p1b: Comfey|14/100|[from] Grassy Terrain
|-heal|p2b: Rillaboom|80/100|[from] Grassy Terrain
|upkeep
|turn|4
|
|t:|1757783837
|move|p1b: Comfey|Protect|p1b: Comfey
|-singleturn|p1b: Comfey|Protect
|move|p2a: Volcarona|Quiver Dance|p2a: Volcarona
|-boost|p2a: Volcarona|spa|1
|-boost|p2a: Volcarona|spd|1
|-boost|p2a: Volcarona|spe|1
|move|p2b: Rillaboom|High Horsepower|p1a: Archaludon
|-supereffective|p1a: Archaludon
|-damage|p1a: Archaludon|64/100
|-ability|p1a: Archaludon|Stamina|boost
|-boost|p1a: Archaludon|def|1
|move|p1a: Archaludon|Electro Shot||[still]
|-prepare|p1a: Archaludon|Electro Shot
|-boost|p1a: Archaludon|spa|1
|-anim|p1a: Archaludon|Electro Shot|p2a: Volcarona
|-damage|p2a: Volcarona|35/100
|
|-weather|RainDance|[upkeep]
|-heal|p2a: Volcarona|41/100|[from] Grassy Terrain
|-heal|p1b: Comfey|20/100|[from] Grassy Terrain
|-heal|p2b: Rillaboom|86/100|[from] Grassy Terrain
|-heal|p1a: Archaludon|70/100|[from] Grassy Terrain
|upkeep
|turn|5
|inactive|Gayangos has 30 seconds left.
|
|t:|1757783868
|move|p1b: Comfey|Floral Healing|p1a: Archaludon
|-heal|p1a: Archaludon|100/100
|move|p2a: Volcarona|Quiver Dance|p2a: Volcarona
|-boost|p2a: Volcarona|spa|1
|-boost|p2a: Volcarona|spd|1
|-boost|p2a: Volcarona|spe|1
|move|p2b: Rillaboom|High Horsepower|p1a: Archaludon
|-supereffective|p1a: Archaludon
|-damage|p1a: Archaludon|76/100
|-ability|p1a: Archaludon|Stamina|boost
|-boost|p1a: Archaludon|def|1
|move|p1a: Archaludon|Electro Shot||[still]
|-prepare|p1a: Archaludon|Electro Shot
|-boost|p1a: Archaludon|spa|1
|-anim|p1a: Archaludon|Electro Shot|p2a: Volcarona
|-damage|p2a: Volcarona|7/100
|
|-weather|none
|-heal|p2a: Volcarona|13/100|[from] Grassy Terrain
|-heal|p1b: Comfey|25/100|[from] Grassy Terrain
|-heal|p2b: Rillaboom|92/100|[from] Grassy Terrain
|-heal|p1a: Archaludon|82/100|[from] Grassy Terrain
|upkeep
|turn|6
|
|t:|1757783883
|switch|p1b: Pelipper|Pelipper, L50, F|100/100
|-weather|RainDance|[from] ability: Drizzle|[of] p1b: Pelipper
|move|p2b: Rillaboom|Grassy Glide|p1b: Pelipper
|-damage|p1b: Pelipper|54/100
|move|p2a: Volcarona|Heat Wave|p1b: Pelipper|[spread] p1a,p1b
|-resisted|p1b: Pelipper
|-damage|p1a: Archaludon|64/100
|-damage|p1b: Pelipper|30/100
|-status|p1a: Archaludon|brn
|-ability|p1a: Archaludon|Stamina|boost
|-boost|p1a: Archaludon|def|1
|move|p1a: Archaludon|Electro Shot||[still]
|-prepare|p1a: Archaludon|Electro Shot
|-boost|p1a: Archaludon|spa|1
|-anim|p1a: Archaludon|Electro Shot|p2a: Volcarona
|-damage|p2a: Volcarona|0 fnt
|faint|p2a: Volcarona
|
|-weather|RainDance|[upkeep]
|-heal|p2b: Rillaboom|98/100|[from] Grassy Terrain
|-heal|p1a: Archaludon|70/100 brn|[from] Grassy Terrain
|-damage|p1a: Archaludon|64/100 brn|[from] brn
|-fieldend|move: Grassy Terrain
|upkeep
|
|t:|1757783896
|switch|p2a: Sneasler|Sneasler, L50, M|1/100
|turn|7
|
|t:|1757783914
|-terastallize|p1a: Archaludon|Bug
|move|p2a: Sneasler|Close Combat|p1a: Archaludon
|-resisted|p1a: Archaludon
|-damage|p1a: Archaludon|56/100 brn
|-unboost|p2a: Sneasler|def|1
|-unboost|p2a: Sneasler|spd|1
|-ability|p1a: Archaludon|Stamina|boost
|-boost|p1a: Archaludon|def|1
|move|p1b: Pelipper|Hurricane|p2b: Rillaboom
|-supereffective|p2b: Rillaboom
|-damage|p2b: Rillaboom|38/100
|move|p2b: Rillaboom|Grassy Glide|p1b: Pelipper
|-crit|p1b: Pelipper
|-damage|p1b: Pelipper|0 fnt
|faint|p1b: Pelipper
|move|p1a: Archaludon|Electro Shot||[still]
|-prepare|p1a: Archaludon|Electro Shot
|-boost|p1a: Archaludon|spa|1
|-anim|p1a: Archaludon|Electro Shot|p2a: Sneasler
|-damage|p2a: Sneasler|0 fnt
|faint|p2a: Sneasler
|
|-weather|RainDance|[upkeep]
|-damage|p1a: Archaludon|50/100 brn|[from] brn
|-sideend|p1: jayoticnl|move: Light Screen
|upkeep
|
|t:|1757783928
|switch|p2a: Dragapult|Dragapult, L50, F, tera:Dragon|100/100
|switch|p1b: Comfey|Comfey, L50, F|25/100
|turn|8
|
|t:|1757783941
|move|p1b: Comfey|Floral Healing|p1a: Archaludon
|-heal|p1a: Archaludon|99/100 brn
|move|p2a: Dragapult|Outrage|p1b: Comfey
|-immune|p1b: Comfey
|move|p2b: Rillaboom|Wood Hammer|p1b: Comfey
|-damage|p1b: Comfey|0 fnt
|faint|p1b: Comfey
|-damage|p2b: Rillaboom|31/100|[from] Recoil
|move|p1a: Archaludon|Flash Cannon|p2b: Rillaboom
|-damage|p2b: Rillaboom|0 fnt
|faint|p2b: Rillaboom
|
|-weather|RainDance|[upkeep]
|-damage|p1a: Archaludon|94/100 brn|[from] brn
|upkeep
|
|t:|1757783947
|switch|p1b: Basculegion|Basculegion, L50, M|100/100
|turn|9
|
|t:|1757783955
|move|p1b: Basculegion|Last Respects|p2a: Dragapult
|-damage|p2a: Dragapult|0 fnt
|faint|p2a: Dragapult
|
|win|jayoticnl
|c|☆jayoticnl|ggs
|c|☆Gayangos|gg
|l|☆Gayangos
|player|p2|
