|j|☆ancyor
|j|☆Harry Hard TR
|html|ancyorHarry Hard TR    
|uhtml|bestof|Game 2 of a best-of-3
|t:|1785473135
|gametype|doubles
|player|p1|ancyor|plasmagruntf|1079
|player|p2|Harry Hard TR|lass-gen8|1152
|gen|9
|tier|[Gen 9 Champions] VGC 2026 Reg M-B (Bo3)
|rated|
|rule|Species Clause: Limit one of each Pokémon
|rule|Item Clause: Limit 1 of each item
|clearpoke
|poke|p1|Eelektross, L50, M|
|poke|p1|Pelipper, L50, M|
|poke|p1|Metagross, L50|
|poke|p1|Espathra, L50, F, shiny|
|poke|p1|Corviknight, L50, F, shiny|
|poke|p1|Annihilape, L50, M, shiny|
|poke|p2|Gardevoir, L50, F|
|poke|p2|Meowstic, L50, M|
|poke|p2|Archaludon, L50, M|
|poke|p2|Pelipper, L50, M|
|poke|p2|Maushold, L50|
|poke|p2|Swampert, L50, F|
|teampreview|4
|showteam|p1|Eelektross||Eelektrossite|Levitate|Thunder,SupercellSlam,CloseCombat,Liquidation|Hasty||M|||50|]Pelipper||ExpertBelt|Drizzle|RainDance,Hurricane,Tailwind,MuddyWater|Bold||M|||50|]Metagross||Metagrossite|ClearBody|BulletPunch,ZenHeadbutt,BodyPress,Earthquake|Jolly|||||50|]Espathra||ColburBerry|SpeedBoost|Hypnosis,ConfuseRay,LightScreen,DazzlingGleam|Timid||F|||50|]Corviknight||Leftovers|MirrorArmor|IronHead,BodyPress,Roost,RainDance|Impish||F|||50|]Annihilape||FocusSash|Defiant|BrickBreak,LowKick,ShadowClaw,IcePunch|Hasty||M|||50|
|showteam|p2|Gardevoir||Gardevoirite|Synchronize|Protect,HyperVoice,ExpandingForce,AuraSphere|Modest||F|||50|]Meowstic||LightClay|Prankster|PsychicNoise,PsychicTerrain,LightScreen,Reflect|Bold||M|||50|]Archaludon||Leftovers|Stamina|Protect,DragonPulse,FlashCannon,ElectroShot|Calm||M|||50|]Pelipper||SitrusBerry|Drizzle|WideGuard,WeatherBall,Hurricane,Tailwind|Bold||M|||50|]Maushold||FocusSash|FriendGuard|Protect,SuperFang,Encore,FollowMe|Timid|||||50|]Swampert||Swampertite|Torrent|Protect,WaveCrash,Earthquake,IcePunch|Adamant||F|||50|
|
|t:|1785473160
|teamsize|p1|4
|teamsize|p2|4
|start
|switch|p1a: Espathra|Espathra, L50, F, shiny|100/100
|switch|p1b: Annihilape|Annihilape, L50, M, shiny|100/100
|switch|p2a: Maushold|Maushold, L50|100/100
|switch|p2b: Gardevoir|Gardevoir, L50, F|100/100
|turn|1
|
|t:|1785473187
|move|p2b: Gardevoir|Protect|p2b: Gardevoir
|-singleturn|p2b: Gardevoir|Protect
|move|p2a: Maushold|Super Fang|p1a: Espathra
|-damage|p1a: Espathra|50/100y
|move|p1a: Espathra|Hypnosis|p2a: Maushold
|-status|p2a: Maushold|slp|[from] move: Hypnosis
|move|p1b: Annihilape|Shadow Claw|p2b: Gardevoir
|-activate|p2b: Gardevoir|move: Protect
|
|-ability|p1a: Espathra|Speed Boost|boost
|-boost|p1a: Espathra|spe|1
|upkeep
|turn|2
|
|t:|1785473203
|switch|p2b: Archaludon|Archaludon, L50, M|100/100
|cant|p2a: Maushold|slp
|move|p1a: Espathra|Confuse Ray|p2b: Archaludon
|-start|p2b: Archaludon|confusion
|move|p1b: Annihilape|Brick Break|p2a: Maushold
|-supereffective|p2a: Maushold|1
|-crit|p2a: Maushold
|-enditem|p2a: Maushold|Focus Sash
|-damage|p2a: Maushold|1/100 slp
|
|-ability|p1a: Espathra|Speed Boost|boost
|-boost|p1a: Espathra|spe|1
|upkeep
|turn|3
|
|t:|1785473225
|switch|p2a: Pelipper|Pelipper, L50, M|100/100
|-weather|RainDance|[from] ability: Drizzle|[of] p2a: Pelipper
|move|p1a: Espathra|Dazzling Gleam|p2b: Archaludon|[spread] p2a,p2b
|-damage|p2a: Pelipper|83/100
|-damage|p2b: Archaludon|88/100
|-ability|p2b: Archaludon|Stamina|boost
|-boost|p2b: Archaludon|def|1
|move|p1b: Annihilape|Low Kick|p2b: Archaludon
|-supereffective|p2b: Archaludon|1
|-damage|p2b: Archaludon|53/100
|-ability|p2b: Archaludon|Stamina|boost
|-boost|p2b: Archaludon|def|1
|-activate|p2b: Archaludon|confusion
|move|p2b: Archaludon|Electro Shot||[still]
|-prepare|p2b: Archaludon|Electro Shot
|-boost|p2b: Archaludon|spa|1
|-anim|p2b: Archaludon|Electro Shot|p1a: Espathra
|-damage|p1a: Espathra|0 fnt
|faint|p1a: Espathra
|
|-weather|RainDance|[upkeep]
|-heal|p2b: Archaludon|59/100|[from] item: Leftovers
|upkeep
|
|t:|1785473245
|switch|p1a: Eelektross|Eelektross, L50, M|100/100
|turn|4
|
|t:|1785473264
|switch|p2a: Maushold|Maushold, L50|1/100 slp
|detailschange|p1a: Eelektross|Eelektross-Mega, L50, M
|-mega|p1a: Eelektross|Eelektross|Eelektrossite
|move|p1b: Annihilape|Low Kick|p2b: Archaludon
|-supereffective|p2b: Archaludon|1
|-damage|p2b: Archaludon|37/100
|-ability|p2b: Archaludon|Stamina|boost
|-boost|p2b: Archaludon|def|1
|move|p1a: Eelektross|Thunder|p2a: Maushold
|-damage|p2a: Maushold|0 fnt
|faint|p2a: Maushold
|-ability|p1a: Eelektross|Eelevate|boost
|-boost|p1a: Eelektross|atk|1
|-activate|p2b: Archaludon|confusion
|move|p2b: Archaludon|Dragon Pulse|p1a: Eelektross
|-damage|p1a: Eelektross|36/100
|
|-weather|RainDance|[upkeep]
|-heal|p2b: Archaludon|43/100|[from] item: Leftovers
|upkeep
|
|t:|1785473276
|switch|p2a: Gardevoir|Gardevoir, L50, F|100/100
|turn|5
|
|t:|1785473292
|detailschange|p2a: Gardevoir|Gardevoir-Mega, L50, F
|-mega|p2a: Gardevoir|Gardevoir|Gardevoirite
|move|p1b: Annihilape|Shadow Claw|p2a: Gardevoir
|-supereffective|p2a: Gardevoir|1
|-damage|p2a: Gardevoir|1/100
|move|p1a: Eelektross|Close Combat|p2b: Archaludon
|-supereffective|p2b: Archaludon|1
|-damage|p2b: Archaludon|3/100
|-unboost|p1a: Eelektross|def|1
|-unboost|p1a: Eelektross|spd|1
|-ability|p2b: Archaludon|Stamina|boost
|-boost|p2b: Archaludon|def|1
|move|p2a: Gardevoir|Hyper Voice|p1b: Annihilape|[spread] p1a,p1b
|-supereffective|p1b: Annihilape|1
|-damage|p1a: Eelektross|0 fnt
|-enditem|p1b: Annihilape|Focus Sash
|-damage|p1b: Annihilape|1/100
|faint|p1a: Eelektross
|-end|p2b: Archaludon|confusion
|move|p2b: Archaludon|Dragon Pulse|p1b: Annihilape
|-damage|p1b: Annihilape|0 fnt
|faint|p1b: Annihilape
|
|-weather|RainDance|[upkeep]
|-heal|p2b: Archaludon|9/100|[from] item: Leftovers
|upkeep
|
|t:|1785473317
|switch|p1b: Metagross|Metagross, L50|100/100
|turn|6
|
|t:|1785473338
|move|p2b: Archaludon|Protect|p2b: Archaludon
|-singleturn|p2b: Archaludon|Protect
|move|p1b: Metagross|Bullet Punch|p2a: Gardevoir
|-supereffective|p2a: Gardevoir|1
|-damage|p2a: Gardevoir|0 fnt
|faint|p2a: Gardevoir
|
|-weather|RainDance|[upkeep]
|-heal|p2b: Archaludon|15/100|[from] item: Leftovers
|upkeep
|
|t:|1785473342
|switch|p2a: Pelipper|Pelipper, L50, M|83/100
|turn|7
|
|t:|1785473353
|move|p1b: Metagross|Body Press|p2b: Archaludon
|-supereffective|p2b: Archaludon|1
|-damage|p2b: Archaludon|3/100
|-ability|p2b: Archaludon|Stamina|boost
|-boost|p2b: Archaludon|def|1
|move|p2b: Archaludon|Electro Shot||[still]
|-prepare|p2b: Archaludon|Electro Shot
|-boost|p2b: Archaludon|spa|1
|-anim|p2b: Archaludon|Electro Shot|p1b: Metagross
|-damage|p1b: Metagross|2/100
|move|p2a: Pelipper|Weather Ball|p1b: Metagross
|-damage|p1b: Metagross|0 fnt
|faint|p1b: Metagross
|
|win|Harry Hard TR
