|j|☆00diogo00*
|j|☆thedelybird
|html|00diogo00*thedelybird    
|uhtml|bestof|Game 2 of a best-of-3
|t:|1756672090
|gametype|doubles
|player|p1|00diogo00*|harlequin|1317
|player|p2|thedelybird|101|1326
|gen|9
|tier|[Gen 9] VGC 2025 Reg H (Bo3)
|rated|
|rule|Species Clause: Limit one of each Pokémon
|rule|Item Clause: Limit 1 of each item
|clearpoke
|poke|p1|Empoleon, L50, F|
|poke|p1|Reuniclus, L50, M|
|poke|p1|Tyranitar, L50, F|
|poke|p1|Whimsicott, L50, M|
|poke|p1|Typhlosion-Hisui, L50, F|
|poke|p1|Flamigo, L50, F|
|poke|p2|Basculegion, L50, M|
|poke|p2|Pelipper, L50, F|
|poke|p2|Archaludon, L50, M|
|poke|p2|Gholdengo, L50|
|poke|p2|Whimsicott, L50, M|
|poke|p2|Incineroar, L50, F|
|teampreview|4
|showteam|p1|Empoleon||Leftovers|Competitive|WaterPledge,Protect,FlashCannon,Haze|||F|||50|,,,,,Grass]Reuniclus||SitrusBerry|Overcoat|Psychic,TrickRoom,Protect,Thunder|||M|||50|,,,,,Dark]Tyranitar||AssaultVest|SandStream|TeraBlast,HighHorsepower,Snarl,RockSlide|||F|||50|,,,,,Flying]Whimsicott||CovertCloak|Prankster|Taunt,Moonblast,SunnyDay,Tailwind|||M|||50|,,,,,Water]Typhlosion-Hisui||ChoiceScarf|Blaze|Eruption,FirePledge,ShadowBall,HeatWave|||F|||50|,,,,,Fire]Flamigo||FocusSash|Scrappy|BraveBird,Protect,WideGuard,CloseCombat|||F|||50|,,,,,Ghost
|showteam|p2|Basculegion||MysticWater|SwiftSwim|LastRespects,WaveCrash,AquaJet,Protect|||M|||50|,,,,,Water]Pelipper||FocusSash|Drizzle|Hurricane,WeatherBall,WideGuard,Tailwind|||F|||50|,,,,,Ghost]Archaludon||AssaultVest|Stamina|ElectroShot,BodyPress,DracoMeteor,FlashCannon|||M|||50|,,,,,Fairy]Gholdengo||MetalCoat|GoodasGold|MakeItRain,ShadowBall,NastyPlot,Protect||||||50|,,,,,Water]Whimsicott||CovertCloak|Prankster|Moonblast,Taunt,BeatUp,Tailwind|||M|||50|,,,,,Steel]Incineroar||SafetyGoggles|Intimidate|FakeOut,FlareBlitz,KnockOff,PartingShot|||F|||50|,,,,,Ghost
|
|t:|1756672115
|teamsize|p1|4
|teamsize|p2|4
|start
|switch|p1a: Tyranitar|Tyranitar, L50, F|100/100
|switch|p1b: Whimsicott|Whimsicott, L50, M|100/100
|switch|p2a: Basculegion|Basculegion, L50, M|100/100
|switch|p2b: Pelipper|Pelipper, L50, F|100/100
|-weather|RainDance|[from] ability: Drizzle|[of] p2b: Pelipper
|-weather|Sandstorm|[from] ability: Sand Stream|[of] p1a: Tyranitar
|turn|1
|
|t:|1756672149
|switch|p2b: Archaludon|Archaludon, L50, M|100/100
|-terastallize|p2a: Basculegion|Water
|-terastallize|p1a: Tyranitar|Flying
|move|p1b: Whimsicott|Tailwind|p1b: Whimsicott
|-sidestart|p1: 00diogo00*|move: Tailwind
|move|p1a: Tyranitar|Rock Slide|p2b: Archaludon|[spread] p2a,p2b
|-resisted|p2b: Archaludon
|-damage|p2a: Basculegion|57/100
|-damage|p2b: Archaludon|90/100
|-ability|p2b: Archaludon|Stamina|boost
|-boost|p2b: Archaludon|def|1
|cant|p2a: Basculegion|flinch
|
|-weather|Sandstorm|[upkeep]
|-damage|p1b: Whimsicott|94/100|[from] Sandstorm
|-damage|p1a: Tyranitar|94/100|[from] Sandstorm
|-damage|p2a: Basculegion|51/100|[from] Sandstorm
|upkeep
|turn|2
|
|t:|1756672180
|switch|p1a: Flamigo|Flamigo, L50, F|100/100
|switch|p2a: Pelipper|Pelipper, L50, F|100/100
|-weather|RainDance|[from] ability: Drizzle|[of] p2a: Pelipper
|move|p1b: Whimsicott|Sunny Day|p1b: Whimsicott
|-weather|SunnyDay
|move|p2b: Archaludon|Electro Shot||[still]
|-prepare|p2b: Archaludon|Electro Shot
|-boost|p2b: Archaludon|spa|1
|
|-weather|SunnyDay|[upkeep]
|upkeep
|turn|3
|
|t:|1756672211
|move|p1b: Whimsicott|Moonblast|p2a: Pelipper
|-damage|p2a: Pelipper|49/100
|move|p1a: Flamigo|Close Combat|p2b: Archaludon
|-supereffective|p2b: Archaludon
|-damage|p2b: Archaludon|30/100
|-unboost|p1a: Flamigo|def|1
|-unboost|p1a: Flamigo|spd|1
|-ability|p2b: Archaludon|Stamina|boost
|-boost|p2b: Archaludon|def|1
|move|p2b: Archaludon|Electro Shot|p1a: Flamigo|[from] lockedmove
|-supereffective|p1a: Flamigo
|-enditem|p1a: Flamigo|Focus Sash
|-damage|p1a: Flamigo|1/100
|move|p2a: Pelipper|Hurricane|p1b: Whimsicott
|-supereffective|p1b: Whimsicott
|-damage|p1b: Whimsicott|0 fnt
|faint|p1b: Whimsicott
|
|-weather|SunnyDay|[upkeep]
|upkeep
|
|t:|1756672231
|switch|p1b: Tyranitar|Tyranitar, L50, F, tera:Flying|94/100
|-weather|Sandstorm|[from] ability: Sand Stream|[of] p1b: Tyranitar
|turn|4
|
|t:|1756672254
|switch|p1a: Empoleon|Empoleon, L50, F|100/100
|switch|p2a: Gholdengo|Gholdengo, L50|100/100
|move|p1b: Tyranitar|Tera Blast|p2a: Gholdengo|[anim] Tera Blast Flying
|-resisted|p2a: Gholdengo
|-damage|p2a: Gholdengo|76/100
|move|p2b: Archaludon|Draco Meteor|p1b: Tyranitar
|-damage|p1b: Tyranitar|38/100
|-unboost|p2b: Archaludon|spa|2
|
|-weather|Sandstorm|[upkeep]
|-damage|p1b: Tyranitar|32/100|[from] Sandstorm
|-sideend|p1: 00diogo00*|move: Tailwind
|upkeep
|turn|5
|
|t:|1756672275
|move|p2a: Gholdengo|Shadow Ball|p1b: Tyranitar
|-damage|p1b: Tyranitar|5/100
|move|p2b: Archaludon|Body Press|p1a: Empoleon
|-supereffective|p1a: Empoleon
|-damage|p1a: Empoleon|0 fnt
|faint|p1a: Empoleon
|move|p1b: Tyranitar|High Horsepower|p2a: Gholdengo
|-supereffective|p2a: Gholdengo
|-damage|p2a: Gholdengo|0 fnt
|faint|p2a: Gholdengo
|
|-weather|Sandstorm|[upkeep]
|-damage|p1b: Tyranitar|0 fnt|[from] Sandstorm
|faint|p1b: Tyranitar
|upkeep
|-message|00diogo00* forfeited.
|raw|00diogo00*'s rating: 1317 → 1298(-19 for losing)
|raw|thedelybird's rating: 1326 → 1345(+19 for winning)
|
|win|thedelybird
|l|☆00diogo00*
|player|p1|
