|j|☆wingblade33
|j|☆axolotlwooper
|html|wingblade33axolotlwooper    
|uhtml|bestof|Game 1 of a best-of-3
|t:|1784319443
|gametype|doubles
|player|p1|wingblade33|2|1193
|player|p2|axolotlwooper|linebacker|1213
|gen|9
|tier|[Gen 9 Champions] VGC 2026 Reg M-B (Bo3)
|rated|
|rule|Species Clause: Limit one of each Pokémon
|rule|Item Clause: Limit 1 of each item
|clearpoke
|poke|p1|Tyranitar, L50, M|
|poke|p1|Incineroar, L50, F|
|poke|p1|Sinistcha, L50|
|poke|p1|Gholdengo, L50|
|poke|p1|Excadrill, L50, F|
|poke|p1|Staraptor, L50, M|
|poke|p2|Gardevoir, L50, F, shiny|
|poke|p2|Maushold, L50|
|poke|p2|Kingambit, L50, M, shiny|
|poke|p2|Talonflame, L50, F, shiny|
|poke|p2|Basculegion, L50, M|
|poke|p2|Kommo-o, L50, F|
|teampreview|4
|showteam|p1|Tyranitar||Tyranitarite|SandStream|KnockOff,DragonDance,RockSlide,Protect|Adamant||M|||50|]Incineroar||SitrusBerry|Intimidate|FakeOut,PartingShot,DarkestLariat,FlareBlitz|Careful||F|||50|]Sinistcha||KasibBerry|Hospitality|MatchaGotcha,Protect,RagePowder,TrickRoom|Calm|||||50|]Gholdengo||LifeOrb|GoodasGold|MakeItRain,ShadowBall,NastyPlot,Protect|Modest|||||50|]Excadrill||FocusSash|SandRush|HighHorsepower,IronHead,RockSlide,Protect|Adamant||F|||50|]Staraptor||Staraptite|Intimidate|CloseCombat,BraveBird,Roost,Protect|Jolly||M|||50|
|showteam|p2|Gardevoir||Gardevoirite|Trace|HyperVoice,Psychic,Thunderbolt,Protect|Modest||F|||50|]Maushold||FocusSash|FriendGuard|SuperFang,Feint,FollowMe,Protect|Jolly|||||50|]Kingambit||ExpertBelt|Defiant|KowtowCleave,LowKick,SuckerPunch,IronHead|Adamant||M|||50|]Talonflame||SharpBeak|GaleWings|DualWingbeat,FlareBlitz,Tailwind,Protect|Jolly||F|||50|]Basculegion||ChoiceScarf|Adaptability|WaveCrash,AquaJet,FlipTurn,LastRespects|Jolly||M|||50|]Kommo-o||LifeOrb|Soundproof|ClangingScales,DracoMeteor,AuraSphere,Protect|Modest||F|||50|
|inactive|Battle timer is ON: inactive players will automatically lose when time's up. (requested by axolotlwooper)
|inactive|wingblade33 has 60 seconds left.
|inactive|axolotlwooper has 60 seconds left.
|inactive|axolotlwooper has 30 seconds left.
|inactive|axolotlwooper has 20 seconds left.
|inactive|axolotlwooper has 15 seconds left.
|
|t:|1784319522
|teamsize|p1|4
|teamsize|p2|4
|start
|switch|p1a: Tyranitar|Tyranitar, L50, M|100/100
|switch|p1b: Excadrill|Excadrill, L50, F|100/100
|switch|p2a: Kingambit|Kingambit, L50, M, shiny|100/100
|switch|p2b: Kommo-o|Kommo-o, L50, F|100/100
|-weather|Sandstorm|[from] ability: Sand Stream|[of] p1a: Tyranitar
|turn|1
|inactive|wingblade33 has 30 seconds left.
|
|t:|1784319551
|detailschange|p1a: Tyranitar|Tyranitar-Mega, L50, M
|-mega|p1a: Tyranitar|Tyranitar|Tyranitarite
|move|p1b: Excadrill|High Horsepower|p2a: Kingambit
|-supereffective|p2a: Kingambit|1
|-damage|p2a: Kingambit|10/100
|move|p2b: Kommo-o|Aura Sphere|p1b: Excadrill
|-supereffective|p1b: Excadrill|1
|-enditem|p1b: Excadrill|Focus Sash
|-damage|p1b: Excadrill|1/100
|-damage|p2b: Kommo-o|90/100|[from] item: Life Orb
|move|p1a: Tyranitar|Knock Off|p2b: Kommo-o
|-resisted|p2b: Kommo-o|1
|-damage|p2b: Kommo-o|60/100
|-enditem|p2b: Kommo-o|Life Orb|[from] move: Knock Off|[of] p1a: Tyranitar
|move|p2a: Kingambit|Low Kick|p1a: Tyranitar
|-supereffective|p1a: Tyranitar|2
|-damage|p1a: Tyranitar|0 fnt
|faint|p1a: Tyranitar
|
|-weather|Sandstorm|[upkeep]
|-damage|p2b: Kommo-o|54/100|[from] Sandstorm
|upkeep
|
|t:|1784319569
|switch|p1a: Sinistcha|Sinistcha, L50|100/100
|-heal|p1b: Excadrill|25/100|[from] ability: Hospitality|[of] p1a: Sinistcha
|turn|2
|
|t:|1784319590
|move|p1a: Sinistcha|Rage Powder|p1a: Sinistcha
|-singleturn|p1a: Sinistcha|move: Rage Powder
|move|p2a: Kingambit|Sucker Punch||[still]
|-fail|p2a: Kingambit
|move|p1b: Excadrill|High Horsepower|p2a: Kingambit
|-supereffective|p2a: Kingambit|1
|-damage|p2a: Kingambit|0 fnt
|faint|p2a: Kingambit
|move|p2b: Kommo-o|Clanging Scales|p1a: Sinistcha|[spread] p1a,p1b
|-resisted|p1b: Excadrill|1
|-damage|p1a: Sinistcha|64/100
|-damage|p1b: Excadrill|0 fnt
|faint|p1b: Excadrill
|-unboost|p2b: Kommo-o|def|1
|
|-weather|Sandstorm|[upkeep]
|-damage|p2b: Kommo-o|48/100|[from] Sandstorm
|-damage|p1a: Sinistcha|58/100|[from] Sandstorm
|upkeep
|
|t:|1784319604
|switch|p1b: Gholdengo|Gholdengo, L50|100/100
|switch|p2a: Gardevoir|Gardevoir, L50, F, shiny|100/100
|-ability|p2a: Gardevoir|Good as Gold|Trace|[from] ability: Trace|[of] p1b: Gholdengo
|turn|3
|inactive|axolotlwooper has 30 seconds left.
|
|t:|1784319632
|detailschange|p2a: Gardevoir|Gardevoir-Mega, L50, F, shiny
|-mega|p2a: Gardevoir|Gardevoir|Gardevoirite
|move|p2a: Gardevoir|Thunderbolt|p1b: Gholdengo
|-damage|p1b: Gholdengo|57/100
|-status|p1b: Gholdengo|par
|move|p2b: Kommo-o|Draco Meteor|p1a: Sinistcha
|-damage|p1a: Sinistcha|3/100
|-unboost|p2b: Kommo-o|spa|2
|cant|p1b: Gholdengo|par
|move|p1a: Sinistcha|Trick Room|p1a: Sinistcha
|-fieldstart|move: Trick Room|[of] p1a: Sinistcha
|
|-weather|Sandstorm|[upkeep]
|-damage|p1a: Sinistcha|0 fnt|[from] Sandstorm
|-damage|p2b: Kommo-o|42/100|[from] Sandstorm
|-damage|p2a: Gardevoir|93/100|[from] Sandstorm
|faint|p1a: Sinistcha
|upkeep
|turn|4
|inactive|axolotlwooper has 30 seconds left.
|
|t:|1784319657
|move|p1b: Gholdengo|Make It Rain|p2b: Kommo-o|[spread] p2a,p2b
|-supereffective|p2a: Gardevoir|1
|-damage|p2a: Gardevoir|0 fnt
|-damage|p2b: Kommo-o|0 fnt
|-unboost|p1b: Gholdengo|spa|2
|faint|p2a: Gardevoir
|faint|p2b: Kommo-o
|-damage|p1b: Gholdengo|47/100 par|[from] item: Life Orb
|
|-weather|Sandstorm|[upkeep]
|upkeep
|
|t:|1784319666
|switch|p2b: Basculegion|Basculegion, L50, M|100/100
|turn|5
|
|t:|1784319672
|cant|p1b: Gholdengo|par
|move|p2b: Basculegion|Last Respects|p1b: Gholdengo
|-supereffective|p1b: Gholdengo|1
|-damage|p1b: Gholdengo|0 fnt
|faint|p1b: Gholdengo
|
|win|axolotlwooper
||wingblade33 is ready for game 2.
||axolotlwooper is ready for game 2.
|uhtml|next|Next: Game 2 of 3
