|j|☆UndeadParadox
|j|☆trevasvgc
|html|UndeadParadoxtrevasvgc    
|uhtml|bestof|Game 1 of a best-of-3
|t:|1756696909
|gametype|doubles
|player|p1|UndeadParadox|guitarist|1046
|player|p2|trevasvgc|sabrina|1117
|gen|9
|tier|[Gen 9] VGC 2025 Reg H (Bo3)
|rated|
|rule|Species Clause: Limit one of each Pokémon
|rule|Item Clause: Limit 1 of each item
|clearpoke
|poke|p1|Sneasler, L50, F|
|poke|p1|Rillaboom, L50, M|
|poke|p1|Incineroar, L50, M|
|poke|p1|Gholdengo, L50|
|poke|p1|Hydreigon, L50, M|
|poke|p1|Gengar, L50, F|
|poke|p2|Archaludon, L50, F|
|poke|p2|Dondozo, L50, M|
|poke|p2|Pelipper, L50, F|
|poke|p2|Sneasler, L50, M|
|poke|p2|Indeedee, L50, M|
|poke|p2|Tatsugiri, L50, M|
|teampreview|4
|showteam|p1|Sneasler||GrassySeed|Unburden|CloseCombat,DireClaw,Acrobatics,Protect|||F|||50|,,,,,Flying]Rillaboom||AssaultVest|GrassySurge|WoodHammer,GrassyGlide,FakeOut,HighHorsepower|||M|||50|,,,,,Fire]Incineroar||SafetyGoggles|Intimidate|FlareBlitz,KnockOff,PartingShot,FakeOut|||M|||50|,,,,,Ghost]Gholdengo||MetalCoat|GoodasGold|Protect,MakeItRain,ShadowBall,NastyPlot||||||50|,,,,,Water]Hydreigon||LifeOrb|Levitate|Flamethrower,DracoMeteor,DarkPulse,Protect|||M|||50|,,,,,Fire]Gengar||FocusSash|CursedBody|ShadowBall,Haze,Taunt,IcyWind|||F|||50|,,,,,Ghost
|showteam|p2|Archaludon||AssaultVest|Stamina|BodyPress,FlashCannon,ElectroShot,DracoMeteor|||F|||50|,,,,,Grass]Dondozo||SafetyGoggles|Unaware|WaveCrash,Protect,OrderUp,Earthquake|||M|||50|,,,,,Bug]Pelipper||ChoiceScarf|Drizzle|WeatherBall,Hurricane,Tailwind,MuddyWater|||F|||50|,,,,,Ghost]Sneasler||PsychicSeed|Unburden|ThroatChop,CloseCombat,Coaching,FakeOut|||M|||50|,,,,,Fighting]Indeedee||FocusSash|PsychicSurge|DazzlingGleam,Protect,HelpingHand,ExpandingForce|||M|||50|,,,,,Psychic]Tatsugiri||AbilityShield|Commander|MuddyWater,DracoMeteor,Taunt,Protect|||M|||50|,,,,,Ghost
|inactive|Battle timer is ON: inactive players will automatically lose when time's up. (requested by trevasvgc)
|
|t:|1756696968
|teamsize|p1|4
|teamsize|p2|4
|start
|switch|p1a: Rillaboom|Rillaboom, L50, M|100/100
|switch|p1b: Sneasler|Sneasler, L50, F, shiny|100/100
|switch|p2a: Dondozo|Dondozo, L50, M, shiny|100/100
|switch|p2b: Pelipper|Pelipper, L50, F|100/100
|-weather|RainDance|[from] ability: Drizzle|[of] p2b: Pelipper
|-fieldstart|move: Grassy Terrain|[from] ability: Grassy Surge|[of] p1a: Rillaboom
|-enditem|p1b: Sneasler|Grassy Seed
|-boost|p1b: Sneasler|def|1|[from] item: Grassy Seed
|turn|1
|inactive|UndeadParadox has 30 seconds left.
|inactive|trevasvgc has 30 seconds left.
|inactive|UndeadParadox has 20 seconds left.
|inactive|trevasvgc has 20 seconds left.
|inactive|trevasvgc has 15 seconds left.
|
|t:|1756697011
|move|p2a: Dondozo|Protect|p2a: Dondozo
|-singleturn|p2a: Dondozo|Protect
|move|p1a: Rillaboom|Fake Out|p2b: Pelipper
|-damage|p2b: Pelipper|83/100
|move|p1b: Sneasler|Dire Claw|p2b: Pelipper
|-damage|p2b: Pelipper|27/100
|cant|p2b: Pelipper|flinch
|
|-weather|RainDance|[upkeep]
|upkeep
|turn|2
|inactive|UndeadParadox has 30 seconds left.
|inactive|trevasvgc has 30 seconds left.
|inactive|UndeadParadox has 20 seconds left.
|
|t:|1756697047
|switch|p2a: Archaludon|Archaludon, L50, F|100/100
|move|p1b: Sneasler|Close Combat|p2b: Pelipper
|-resisted|p2b: Pelipper
|-damage|p2b: Pelipper|0 fnt
|-unboost|p1b: Sneasler|def|1
|-unboost|p1b: Sneasler|spd|1
|faint|p2b: Pelipper
|move|p1a: Rillaboom|Wood Hammer|p2a: Archaludon
|-resisted|p2a: Archaludon
|-damage|p2a: Archaludon|86/100
|-ability|p2a: Archaludon|Stamina|boost
|-boost|p2a: Archaludon|def|1
|-damage|p1a: Rillaboom|96/100|[from] Recoil
|
|-weather|RainDance|[upkeep]
|-heal|p2a: Archaludon|93/100|[from] Grassy Terrain
|-heal|p1a: Rillaboom|100/100|[from] Grassy Terrain
|upkeep
|
|t:|1756697071
|switch|p2b: Dondozo|Dondozo, L50, M, shiny|100/100
|turn|3
|inactive|UndeadParadox has 30 seconds left.
|inactive|trevasvgc has 30 seconds left.
|inactive|trevasvgc has 20 seconds left.
|inactive|trevasvgc has 15 seconds left.
|
|t:|1756697113
|move|p1b: Sneasler|Protect|p1b: Sneasler
|-singleturn|p1b: Sneasler|Protect
|move|p2b: Dondozo|Protect|p2b: Dondozo
|-singleturn|p2b: Dondozo|Protect
|move|p1a: Rillaboom|Wood Hammer|p2b: Dondozo
|-activate|p2b: Dondozo|move: Protect
|move|p2a: Archaludon|Electro Shot||[still]
|-prepare|p2a: Archaludon|Electro Shot
|-boost|p2a: Archaludon|spa|1
|-anim|p2a: Archaludon|Electro Shot|p1b: Sneasler
|-activate|p1b: Sneasler|move: Protect
|
|-weather|RainDance|[upkeep]
|-heal|p2a: Archaludon|99/100|[from] Grassy Terrain
|upkeep
|turn|4
|inactive|trevasvgc has 30 seconds left.
|inactive|trevasvgc has 20 seconds left.
|inactive|trevasvgc has 15 seconds left.
|inactive|trevasvgc has 10 seconds left.
|inactive|trevasvgc has 5 seconds left.
|
|t:|1756697168
|move|p1b: Sneasler|Close Combat|p2a: Archaludon
|-supereffective|p2a: Archaludon
|-damage|p2a: Archaludon|36/100
|-unboost|p1b: Sneasler|def|1
|-unboost|p1b: Sneasler|spd|1
|-ability|p2a: Archaludon|Stamina|boost
|-boost|p2a: Archaludon|def|1
|move|p1a: Rillaboom|High Horsepower|p2a: Archaludon
|-supereffective|p2a: Archaludon
|-damage|p2a: Archaludon|11/100
|-ability|p2a: Archaludon|Stamina|boost
|-boost|p2a: Archaludon|def|1
|move|p2a: Archaludon|Body Press|p1b: Sneasler
|-resisted|p1b: Sneasler
|-damage|p1b: Sneasler|28/100
|move|p2b: Dondozo|Wave Crash|p1b: Sneasler
|-damage|p1b: Sneasler|0 fnt
|faint|p1b: Sneasler
|-damage|p2b: Dondozo|95/100|[from] Recoil
|
|-weather|RainDance|[upkeep]
|-heal|p2a: Archaludon|18/100|[from] Grassy Terrain
|-heal|p2b: Dondozo|100/100|[from] Grassy Terrain
|upkeep
|inactive|UndeadParadox has 30 seconds left.
|
|t:|1756697199
|switch|p1b: Gholdengo|Gholdengo, L50, shiny|100/100
|turn|5
|inactive|trevasvgc has 30 seconds left.
|
|t:|1756697227
|-terastallize|p2b: Dondozo|Bug
|move|p1b: Gholdengo|Make It Rain|p2b: Dondozo|[spread] p2a,p2b
|-resisted|p2a: Archaludon
|-damage|p2a: Archaludon|0 fnt
|-damage|p2b: Dondozo|38/100
|-unboost|p1b: Gholdengo|spa|1
|faint|p2a: Archaludon
|move|p1a: Rillaboom|Wood Hammer|p2b: Dondozo
|-resisted|p2b: Dondozo
|-damage|p2b: Dondozo|15/100
|-damage|p1a: Rillaboom|91/100|[from] Recoil
|move|p2b: Dondozo|Order Up|p1a: Rillaboom
|-damage|p1a: Rillaboom|72/100
|
|-weather|none
|-heal|p1a: Rillaboom|78/100|[from] Grassy Terrain
|-heal|p2b: Dondozo|22/100|[from] Grassy Terrain
|-fieldend|move: Grassy Terrain
|upkeep
|
|t:|1756697238
|switch|p2a: Tatsugiri|Tatsugiri, L50, M|100/100
|-activate|p2a: Tatsugiri|ability: Commander|[of] p2b: Dondozo
|-boost|p2b: Dondozo|atk|2
|-boost|p2b: Dondozo|spa|2
|-boost|p2b: Dondozo|spe|2
|-boost|p2b: Dondozo|def|2
|-boost|p2b: Dondozo|spd|2
|turn|6
|inactive|UndeadParadox has 30 seconds left.
|
|t:|1756697267
|switch|p1a: Gengar|Gengar, L50, F|100/100
|-terastallize|p1b: Gholdengo|Water
|move|p1b: Gholdengo|Make It Rain|p2a: Tatsugiri|[spread] p2b
|-miss|p1b: Gholdengo|p2a: Tatsugiri
|-damage|p2b: Dondozo|0 fnt
|-unboost|p1b: Gholdengo|spa|1
|faint|p2b: Dondozo
|
|upkeep
|turn|7
|
|t:|1756697287
|switch|p1b: Rillaboom|Rillaboom, L50, M|78/100
|-fieldstart|move: Grassy Terrain|[from] ability: Grassy Surge|[of] p1b: Rillaboom
|move|p1a: Gengar|Icy Wind|p2a: Tatsugiri
|-damage|p2a: Tatsugiri|79/100
|-unboost|p2a: Tatsugiri|spe|1
|move|p2a: Tatsugiri|Muddy Water|p1b: Rillaboom|[spread] p1a,p1b
|-crit|p1a: Gengar
|-resisted|p1b: Rillaboom
|-damage|p1a: Gengar|30/100
|-damage|p1b: Rillaboom|66/100
|-start|p2a: Tatsugiri|Disable|Muddy Water|[from] ability: Cursed Body|[of] p1a: Gengar
|
|-heal|p1a: Gengar|36/100|[from] Grassy Terrain
|-heal|p1b: Rillaboom|72/100|[from] Grassy Terrain
|-heal|p2a: Tatsugiri|85/100|[from] Grassy Terrain
|upkeep
|turn|8
|inactive|trevasvgc has 30 seconds left.
|inactive|trevasvgc has 20 seconds left.
|inactive|trevasvgc has 15 seconds left.
|inactive|trevasvgc has 10 seconds left.
|inactive|trevasvgc has 5 seconds left.
|
|t:|1756697342
|move|p1a: Gengar|Shadow Ball|p2a: Tatsugiri
|-damage|p2a: Tatsugiri|38/100
|move|p1b: Rillaboom|Wood Hammer|p2a: Tatsugiri
|-damage|p2a: Tatsugiri|0 fnt
|faint|p2a: Tatsugiri
|-damage|p1b: Rillaboom|62/100|[from] Recoil
|
|win|UndeadParadox
||UndeadParadox is ready for game 2.
|inactive|trevasvgc has 30 seconds to confirm battle start!
|inactive|trevasvgc has 20 seconds to confirm battle start!
|inactive|trevasvgc has 10 seconds to confirm battle start!
||trevasvgc is ready for game 2.
|uhtml|next|Next: Game 2 of 3
|l|☆trevasvgc
|player|p2|
