|j|☆ZZNap1
|j|☆testdigi
|html|ZZNap1testdigi    
|uhtml|bestof|Game 1 of a best-of-3
|t:|1785345366
|gametype|doubles
|player|p1|ZZNap1|266|1079
|player|p2|testdigi|169|1144
|gen|9
|tier|[Gen 9 Champions] VGC 2026 Reg M-B (Bo3)
|rated|
|rule|Species Clause: Limit one of each Pokémon
|rule|Item Clause: Limit 1 of each item
|clearpoke
|poke|p1|Raichu, L50, F|
|poke|p1|Staraptor, L50, M|
|poke|p1|Toxapex, L50, M|
|poke|p1|Garganacl, L50, M|
|poke|p1|Farigiraf, L50, F|
|poke|p1|Sinistcha, L50|
|poke|p2|Tyranitar, L50, F|
|poke|p2|Excadrill, L50, F|
|poke|p2|Gholdengo, L50, shiny|
|poke|p2|Milotic, L50, M, shiny|
|poke|p2|Sinistcha, L50|
|poke|p2|Staraptor, L50, F|
|teampreview|4
|showteam|p1|Raichu||RaichuniteY|Static|ZapCannon,FocusBlast,FakeOut,Protect|Modest||F|||50|]Staraptor||Staraptite|Intimidate|CloseCombat,BraveBird,Roost,Protect|Jolly||M|||50|]Toxapex||Leftovers|Regenerator|Infestation,Toxic,WideGuard,BanefulBunker|Sassy||M|||50|]Garganacl||SitrusBerry|PurifyingSalt|SaltCure,Sandstorm,Recover,Protect|Impish||M|||50|]Farigiraf||BrightPowder|ArmorTail|HyperVoice,StoredPower,CalmMind,Protect|Modest||F|||50|]Sinistcha||ShellBell|Hospitality|MatchaGotcha,Hex,LifeDew,Protect|Modest|||||50|
|showteam|p2|Tyranitar||Tyranitarite|SandStream|RockSlide,KnockOff,LowKick,Protect|Jolly||F|||50|]Excadrill||FocusSash|SandRush|HighHorsepower,IronHead,RockSlide,Protect|Adamant||F|||50|]Gholdengo||LifeOrb|GoodasGold|ShadowBall,MakeItRain,NastyPlot,Protect|Modest|||||50|]Milotic||Leftovers|Competitive|Scald,Recover,IcyWind,Protect|Calm||M|||50|]Sinistcha||ColburBerry|Hospitality|MatchaGotcha,EnergyBall,RagePowder,Protect|Bold|||||50|]Staraptor||Staraptite|Intimidate|CloseCombat,BraveBird,Tailwind,Protect|Jolly||F|||50|
|inactive|Battle timer is ON: inactive players will automatically lose when time's up. (requested by testdigi)
|
|t:|1785345447
|teamsize|p1|4
|teamsize|p2|4
|start
|switch|p1a: Raichu|Raichu, L50, F|100/100
|switch|p1b: Toxapex|Toxapex, L50, M|100/100
|switch|p2a: Gholdengo|Gholdengo, L50, shiny|100/100
|switch|p2b: Milotic|Milotic, L50, M, shiny|100/100
|turn|1
|inactive|ZZNap1 has 30 seconds left.
|inactive|ZZNap1 has 20 seconds left.
|inactive|ZZNap1 has 15 seconds left.
|inactive|ZZNap1 has 10 seconds left.
|
|t:|1785345495
|switch|p2a: Excadrill|Excadrill, L50, F|100/100
|detailschange|p1a: Raichu|Raichu-Mega-Y, L50, F
|-mega|p1a: Raichu|Raichu|Raichunite Y
|move|p2b: Milotic|Protect|p2b: Milotic
|-singleturn|p2b: Milotic|Protect
|move|p1a: Raichu|Fake Out|p2b: Milotic
|-activate|p2b: Milotic|move: Protect
|move|p1b: Toxapex|Infestation|p2a: Excadrill
|-resisted|p2a: Excadrill|1
|-damage|p2a: Excadrill|97/100
|-activate|p2a: Excadrill|move: Infestation|[of] p1b: Toxapex
|
|-damage|p2a: Excadrill|85/100|[from] move: Infestation|[partiallytrapped]
|upkeep
|turn|2
|inactive|ZZNap1 has 30 seconds left.
|inactive|ZZNap1 has 20 seconds left.
|inactive|ZZNap1 has 15 seconds left.
|
|t:|1785345536
|switch|p1a: Farigiraf|Farigiraf, L50, F|100/100
|switch|p2b: Tyranitar|Tyranitar, L50, F|100/100
|-weather|Sandstorm|[from] ability: Sand Stream|[of] p2b: Tyranitar
|move|p2a: Excadrill|High Horsepower|p1a: Farigiraf
|-damage|p1a: Farigiraf|36/100
|move|p1b: Toxapex|Toxic|p2b: Tyranitar
|-status|p2b: Tyranitar|tox
|
|-weather|Sandstorm|[upkeep]
|-damage|p1a: Farigiraf|29/100|[from] Sandstorm
|-damage|p1b: Toxapex|94/100|[from] Sandstorm
|-heal|p1b: Toxapex|100/100|[from] item: Leftovers
|-damage|p2b: Tyranitar|94/100 tox|[from] psn
|-damage|p2a: Excadrill|73/100|[from] move: Infestation|[partiallytrapped]
|upkeep
|turn|3
|
|t:|1785345559
|detailschange|p2b: Tyranitar|Tyranitar-Mega, L50, F
|-mega|p2b: Tyranitar|Tyranitar|Tyranitarite
|move|p1a: Farigiraf|Protect|p1a: Farigiraf
|-singleturn|p1a: Farigiraf|Protect
|move|p2a: Excadrill|High Horsepower|p1b: Toxapex
|-supereffective|p1b: Toxapex|1
|-crit|p1b: Toxapex
|-damage|p1b: Toxapex|0 fnt
|faint|p1b: Toxapex
|move|p2b: Tyranitar|Knock Off|p1a: Farigiraf
|-activate|p1a: Farigiraf|move: Protect
|
|-weather|Sandstorm|[upkeep]
|-damage|p1a: Farigiraf|23/100|[from] Sandstorm
|-damage|p2b: Tyranitar|82/100 tox|[from] psn
|-end|p2a: Excadrill|Infestation|[partiallytrapped]|[silent]
|upkeep
|
|t:|1785345572
|switch|p1b: Raichu|Raichu-Mega-Y, L50, F|100/100
|turn|4
|
|t:|1785345586
|move|p2b: Tyranitar|Protect|p2b: Tyranitar
|-singleturn|p2b: Tyranitar|Protect
|move|p2a: Excadrill|Rock Slide|p1b: Raichu|[spread] p1a,p1b
|-crit|p1b: Raichu
|-damage|p1a: Farigiraf|2/100
|-damage|p1b: Raichu|35/100
|move|p1b: Raichu|Focus Blast|p2a: Excadrill
|-supereffective|p2a: Excadrill|1
|-damage|p2a: Excadrill|0 fnt
|faint|p2a: Excadrill
|move|p1a: Farigiraf|Calm Mind|p1a: Farigiraf
|-boost|p1a: Farigiraf|spa|1
|-boost|p1a: Farigiraf|spd|1
|
|-weather|Sandstorm|[upkeep]
|-damage|p1b: Raichu|29/100|[from] Sandstorm
|-damage|p1a: Farigiraf|0 fnt|[from] Sandstorm
|faint|p1a: Farigiraf
|-damage|p2b: Tyranitar|64/100 tox|[from] psn
|upkeep
|
|t:|1785345603
|switch|p2a: Gholdengo|Gholdengo, L50, shiny|100/100
|switch|p1a: Sinistcha|Sinistcha, L50|100/100
|-heal|p1b: Raichu|54/100|[from] ability: Hospitality|[of] p1a: Sinistcha
|turn|5
|
|t:|1785345620
|move|p1b: Raichu|Protect|p1b: Raichu
|-singleturn|p1b: Raichu|Protect
|move|p2a: Gholdengo|Shadow Ball|p1b: Raichu
|-activate|p1b: Raichu|move: Protect
|move|p2b: Tyranitar|Knock Off|p1a: Sinistcha
|-supereffective|p1a: Sinistcha|1
|-damage|p1a: Sinistcha|0 fnt
|-enditem|p1a: Sinistcha|Shell Bell|[from] move: Knock Off|[of] p2b: Tyranitar
|faint|p1a: Sinistcha
|
|-weather|Sandstorm|[upkeep]
|-damage|p1b: Raichu|48/100|[from] Sandstorm
|-damage|p2b: Tyranitar|41/100 tox|[from] psn
|upkeep
|turn|6
|
|t:|1785345637
|move|p1b: Raichu|Zap Cannon|p2a: Gholdengo
|-damage|p2a: Gholdengo|13/100
|-status|p2a: Gholdengo|par
|move|p2b: Tyranitar|Rock Slide|p1b: Raichu
|-damage|p1b: Raichu|0 fnt
|faint|p1b: Raichu
|
|win|testdigi
||testdigi is ready for game 2.
|inactive|ZZNap1 has 30 seconds to confirm battle start!
||ZZNap1 is ready for game 2.
|uhtml|next|Next: Game 2 of 3
|l|☆ZZNap1
|player|p1|
