|j|☆Inushimi
|j|☆bopthehydropump
|html|Inushimibopthehydropump    
|uhtml|bestof|Game 2 of a best-of-3
|t:|1783192473
|gametype|doubles
|player|p1|Inushimi|265|1099
|player|p2|bopthehydropump|lucas|1096
|gen|9
|tier|[Gen 9 Champions] VGC 2026 Reg M-B (Bo3)
|rated|
|rule|Species Clause: Limit one of each Pokémon
|rule|Item Clause: Limit 1 of each item
|clearpoke
|poke|p1|Kingambit, L50, M|
|poke|p1|Charizard, L50, F|
|poke|p1|Aerodactyl, L50, M|
|poke|p1|Farigiraf, L50, M|
|poke|p1|Garchomp, L50, F|
|poke|p1|Sylveon, L50, M|
|poke|p2|Staraptor, L50, F|
|poke|p2|Clefable, L50, M|
|poke|p2|Garchomp, L50, M|
|poke|p2|Gholdengo, L50|
|poke|p2|Whimsicott, L50, M|
|poke|p2|Milotic, L50, F|
|teampreview|4
|showteam|p1|Kingambit||FocusSash|Defiant|KowtowCleave,IronHead,SuckerPunch,LowKick|Adamant||M|||50|]Charizard||CharizarditeY|Blaze|HeatWave,SolarBeam,WeatherBall,Protect|Timid||F|||50|]Aerodactyl||Aerodactylite|Unnerve|RockSlide,DualWingbeat,IceFang,Tailwind|Jolly||M|||50|]Farigiraf||SitrusBerry|ArmorTail|Psychic,Thunderbolt,TrickRoom,Protect|Bold||M|||50|]Garchomp||LifeOrb|RoughSkin|Earthquake,DragonClaw,StompingTantrum,Protect|Jolly||F|||50|]Sylveon||FairyFeather|Pixilate|HyperVoice,HyperBeam,QuickAttack,Protect|Modest||M|||50|
|showteam|p2|Staraptor||Staraptite|Intimidate|CloseCombat,Roost,DualWingbeat,Protect|Adamant||F|||50|]Clefable||SitrusBerry|Unaware|FollowMe,LifeDew,Moonblast,Protect|Bold||M|||50|]Garchomp||ChoiceScarf|RoughSkin|Earthquake,RockSlide,DragonClaw,Protect|Jolly||M|||50|]Gholdengo||LifeOrb|GoodasGold|MakeItRain,ShadowBall,NastyPlot,Protect|Modest|||||50|]Whimsicott||FocusBand|Prankster|Tailwind,Encore,Moonblast,Protect|Timid||M|||50|]Milotic||Leftovers|Competitive|Scald,IceBeam,Recover,Protect|Quiet||F|||50|
|inactive|Battle timer is ON: inactive players will automatically lose when time's up. (requested by Inushimi)
|inactive|bopthehydropump has 60 seconds left.
|
|t:|1783192508
|teamsize|p1|4
|teamsize|p2|4
|start
|switch|p1a: Aerodactyl|Aerodactyl, L50, M|100/100
|switch|p1b: Kingambit|Kingambit, L50, M|100/100
|switch|p2a: Garchomp|Garchomp, L50, M|100/100
|switch|p2b: Whimsicott|Whimsicott, L50, M|100/100
|-ability|p1a: Aerodactyl|Unnerve
|turn|1
|
|t:|1783192530
|detailschange|p1a: Aerodactyl|Aerodactyl-Mega, L50, M
|-mega|p1a: Aerodactyl|Aerodactyl|Aerodactylite
|move|p2b: Whimsicott|Tailwind|p2b: Whimsicott
|-sidestart|p2: bopthehydropump|move: Tailwind
|move|p2a: Garchomp|Earthquake|p1b: Kingambit|[spread] p2b,p1b
|-immune|p1a: Aerodactyl
|-resisted|p2b: Whimsicott|1
|-supereffective|p1b: Kingambit|1
|-damage|p2b: Whimsicott|73/100
|-damage|p1b: Kingambit|30/100
|move|p1a: Aerodactyl|Ice Fang|p2a: Garchomp
|-supereffective|p2a: Garchomp|2
|-damage|p2a: Garchomp|0 fnt
|-damage|p1a: Aerodactyl|87/100|[from] ability: Rough Skin|[of] p2a: Garchomp
|faint|p2a: Garchomp
|move|p1b: Kingambit|Iron Head|p2b: Whimsicott
|-supereffective|p2b: Whimsicott|1
|-activate|p2b: Whimsicott|item: Focus Band
|-damage|p2b: Whimsicott|1/100
|
|upkeep
|inactive|bopthehydropump has 30 seconds left.
|
|t:|1783192556
|switch|p2a: Staraptor|Staraptor, L50, F|100/100
|-ability|p2a: Staraptor|Intimidate|boost
|-unboost|p1a: Aerodactyl|atk|1
|-unboost|p1b: Kingambit|atk|1
|-ability|p1b: Kingambit|Defiant|boost
|-boost|p1b: Kingambit|atk|2
|turn|2
|inactive|Inushimi has 30 seconds left.
|
|t:|1783192583
|switch|p1b: Sylveon|Sylveon, L50, M|100/100
|detailschange|p2a: Staraptor|Staraptor-Mega, L50, F
|-mega|p2a: Staraptor|Staraptor|Staraptite
|move|p2b: Whimsicott|Moonblast|p1b: Sylveon
|-damage|p1b: Sylveon|69/100
|move|p2a: Staraptor|Close Combat|p1a: Aerodactyl
|-damage|p1a: Aerodactyl|3/100
|-boost|p2a: Staraptor|def|1
|-boost|p2a: Staraptor|spd|1
|move|p1a: Aerodactyl|Rock Slide|p2b: Whimsicott|[spread] p2a
|-miss|p1a: Aerodactyl|p2b: Whimsicott
|-damage|p2a: Staraptor|87/100
|
|upkeep
|turn|3
|inactive|bopthehydropump has 30 seconds left.
|
|t:|1783192616
|move|p2b: Whimsicott|Protect|p2b: Whimsicott
|-singleturn|p2b: Whimsicott|Protect
|move|p2a: Staraptor|Close Combat|p1a: Aerodactyl
|-damage|p1a: Aerodactyl|0 fnt
|-boost|p2a: Staraptor|def|1
|-boost|p2a: Staraptor|spd|1
|faint|p1a: Aerodactyl
|move|p1b: Sylveon|Hyper Voice|p2b: Whimsicott|[spread] p2a
|-activate|p2b: Whimsicott|move: Protect
|-supereffective|p2a: Staraptor|1
|-damage|p2a: Staraptor|45/100
|
|upkeep
|
|t:|1783192630
|switch|p1a: Garchomp|Garchomp, L50, F|100/100
|turn|4
|
|t:|1783192640
|move|p2b: Whimsicott|Moonblast|p1a: Garchomp
|-supereffective|p1a: Garchomp|1
|-damage|p1a: Garchomp|22/100
|move|p2a: Staraptor|Close Combat|p1a: Garchomp
|-damage|p1a: Garchomp|0 fnt
|-boost|p2a: Staraptor|def|1
|-boost|p2a: Staraptor|spd|1
|-damage|p2a: Staraptor|33/100|[from] ability: Rough Skin|[of] p1a: Garchomp
|faint|p1a: Garchomp
|move|p1b: Sylveon|Hyper Beam|p2a: Staraptor
|-supereffective|p2a: Staraptor|1
|-crit|p2a: Staraptor
|-damage|p2a: Staraptor|0 fnt
|-mustrecharge|p1b: Sylveon
|faint|p2a: Staraptor
|
|-sideend|p2: bopthehydropump|move: Tailwind
|upkeep
|
|t:|1783192654
|switch|p1a: Kingambit|Kingambit, L50, M|30/100
|switch|p2a: Gholdengo|Gholdengo, L50|100/100
|turn|5
|
|t:|1783192675
|move|p2b: Whimsicott|Moonblast|p1a: Kingambit
|-damage|p1a: Kingambit|0 fnt
|faint|p1a: Kingambit
|move|p2a: Gholdengo|Nasty Plot|p2a: Gholdengo
|-boost|p2a: Gholdengo|spa|2
|cant|p1b: Sylveon|recharge
|
|upkeep
|turn|6
|
|t:|1783192686
|move|p2b: Whimsicott|Tailwind|p2b: Whimsicott
|-sidestart|p2: bopthehydropump|move: Tailwind
|move|p2a: Gholdengo|Make It Rain|p1b: Sylveon
|-supereffective|p1b: Sylveon|1
|-damage|p1b: Sylveon|0 fnt
|-unboost|p2a: Gholdengo|spa|2
|faint|p1b: Sylveon
|-damage|p2a: Gholdengo|90/100|[from] item: Life Orb
|
|win|bopthehydropump
||bopthehydropump is ready for game 3.
||Inushimi is ready for game 3.
|uhtml|next|Next: Game 3 of 3
|l|☆bopthehydropump
|player|p2|
