|j|☆tgx4
|j|☆WASHINGTONGARGACHA
|html|tgx4WASHINGTONGARGACHA    
|uhtml|bestof|Game 2 of a best-of-3
|t:|1756638746
|gametype|doubles
|player|p1|tgx4|gardenia|1179
|player|p2|WASHINGTONGARGACHA|266|1141
|gen|9
|tier|[Gen 9] VGC 2025 Reg H (Bo3)
|rated|
|rule|Species Clause: Limit one of each Pokémon
|rule|Item Clause: Limit 1 of each item
|clearpoke
|poke|p1|Ursaluna, L50, M|
|poke|p1|Bronzong, L50|
|poke|p1|Pelipper, L50, F|
|poke|p1|Blastoise, L50, F|
|poke|p1|Archaludon, L50, M|
|poke|p1|Amoonguss, L50, M|
|poke|p2|Gholdengo, L50|
|poke|p2|Ursaluna, L50, M|
|poke|p2|Archaludon, L50, F|
|poke|p2|Murkrow, L50, M|
|poke|p2|Farigiraf, L50, F|
|poke|p2|Sneasler, L50, F|
|teampreview|4
|showteam|p1|Ursaluna||FlameOrb|Guts|HeadlongRush,Facade,Earthquake,Protect|||M|||50|,,,,,Ghost]Bronzong||MentalHerb|Levitate|BodyPress,TrickRoom,SkillSwap,HelpingHand||||||50|,,,,,Water]Pelipper||FocusSash|Drizzle|WeatherBall,Hurricane,Tailwind,Protect|||F|||50|,,,,,Ground]Blastoise||Leftovers|RainDish|WaterSpout,MuddyWater,FakeOut,Protect|||F|||50|,,,,,Water]Archaludon||AssaultVest|Stalwart|ElectroShot,FlashCannon,DragonPulse,DracoMeteor|||M|||50|,,,,,Electric]Amoonguss||SitrusBerry|Regenerator|Spore,RagePowder,PollenPuff,ClearSmog|||M|||50|,,,,,Water
|showteam|p2|Gholdengo||LifeOrb|GoodasGold|ShadowBall,MakeItRain,NastyPlot,Protect||||||50|,,,,,Water]Ursaluna||FlameOrb|Guts|Facade,Earthquake,Protect,HeadlongRush|||M|||50|,,,,,Ghost]Archaludon||PowerHerb|Stamina|ElectroShot,FlashCannon,DracoMeteor,Protect|||F|||50|,,,,,Grass]Murkrow||Eviolite|Prankster|Tailwind,RainDance,FoulPlay,Haze|||M|||50|,,,,,Dark]Farigiraf||ThroatSpray|ArmorTail|HyperVoice,TrickRoom,Psychic,Protect|||F|||50|,,,,,Fairy]Sneasler||FocusSash|Unburden|DireClaw,CloseCombat,Protect,ThroatChop|||F|||50|,,,,,Fighting
|
|t:|1756638797
|teamsize|p1|4
|teamsize|p2|4
|start
|switch|p1a: Bronzong|Bronzong, L50|100/100
|switch|p1b: Ursaluna|Ursaluna, L50, M|100/100
|switch|p2a: Ursaluna|Ursaluna, L50, M|100/100
|switch|p2b: Gholdengo|Gholdengo, L50|100/100
|turn|1
|
|t:|1756638837
|move|p2b: Gholdengo|Make It Rain|p1a: Bronzong|[spread] p1a,p1b
|-resisted|p1a: Bronzong
|-damage|p1a: Bronzong|73/100
|-damage|p1b: Ursaluna|41/100
|-unboost|p2b: Gholdengo|spa|1
|-damage|p2b: Gholdengo|91/100|[from] item: Life Orb
|move|p1b: Ursaluna|Headlong Rush|p2b: Gholdengo
|-supereffective|p2b: Gholdengo
|-damage|p2b: Gholdengo|0 fnt
|-unboost|p1b: Ursaluna|def|1
|-unboost|p1b: Ursaluna|spd|1
|faint|p2b: Gholdengo
|move|p2a: Ursaluna|Headlong Rush|p1a: Bronzong
|-immune|p1a: Bronzong|[from] ability: Levitate
|move|p1a: Bronzong|Skill Swap|p2a: Ursaluna
|-activate|p1a: Bronzong|move: Skill Swap|Guts|Levitate|[of] p2a: Ursaluna
|
|-status|p1b: Ursaluna|brn|[from] item: Flame Orb
|-status|p2a: Ursaluna|brn|[from] item: Flame Orb
|upkeep
|
|t:|1756638857
|switch|p2b: Sneasler|Sneasler, L50, F|100/100
|turn|2
|
|t:|1756638904
|-terastallize|p2b: Sneasler|Fighting
|move|p1b: Ursaluna|Protect|p1b: Ursaluna
|-singleturn|p1b: Ursaluna|Protect
|move|p2b: Sneasler|Close Combat|p1a: Bronzong
|-damage|p1a: Bronzong|16/100
|-unboost|p2b: Sneasler|def|1
|-unboost|p2b: Sneasler|spd|1
|move|p2a: Ursaluna|Headlong Rush|p1b: Ursaluna
|-activate|p1b: Ursaluna|move: Protect
|move|p1a: Bronzong|Body Press|p2b: Sneasler
|-damage|p2b: Sneasler|33/100
|
|-damage|p1b: Ursaluna|35/100 brn|[from] brn
|-damage|p2a: Ursaluna|94/100 brn|[from] brn
|upkeep
|turn|3
|
|t:|1756638935
|switch|p2b: Murkrow|Murkrow, L50, M|100/100
|move|p1b: Ursaluna|Protect||[still]
|-fail|p1b: Ursaluna
|move|p2a: Ursaluna|Earthquake|p1a: Bronzong|[spread] p1a,p1b
|-immune|p2b: Murkrow
|-supereffective|p1a: Bronzong
|-damage|p1a: Bronzong|0 fnt
|-damage|p1b: Ursaluna|9/100 brn
|faint|p1a: Bronzong
|
|-damage|p1b: Ursaluna|4/100 brn|[from] brn
|-damage|p2a: Ursaluna|88/100 brn|[from] brn
|upkeep
|
|t:|1756638946
|switch|p1a: Blastoise|Blastoise, L50, F|100/100
|turn|4
|
|t:|1756638970
|-terastallize|p1a: Blastoise|Water
|move|p2b: Murkrow|Tailwind|p2b: Murkrow
|-sidestart|p2: WASHINGTONGARGACHA|move: Tailwind
|move|p2a: Ursaluna|Earthquake|p1a: Blastoise|[spread] p1a,p1b
|-immune|p2b: Murkrow
|-damage|p1a: Blastoise|78/100
|-damage|p1b: Ursaluna|0 fnt
|faint|p1b: Ursaluna
|move|p1a: Blastoise|Muddy Water|p2a: Ursaluna|[spread] p2a,p2b
|-supereffective|p2a: Ursaluna
|-damage|p2a: Ursaluna|20/100 brn
|-damage|p2b: Murkrow|68/100
|-unboost|p2a: Ursaluna|accuracy|1
|
|-heal|p1a: Blastoise|84/100|[from] item: Leftovers
|-damage|p2a: Ursaluna|14/100 brn|[from] brn
|upkeep
|
|t:|1756638974
|switch|p1b: Amoonguss|Amoonguss, L50, M|100/100
|turn|5
|
|t:|1756639004
|move|p2a: Ursaluna|Protect|p2a: Ursaluna
|-singleturn|p2a: Ursaluna|Protect
|move|p2b: Murkrow|Foul Play|p1a: Blastoise
|-damage|p1a: Blastoise|59/100
|move|p1a: Blastoise|Muddy Water|p2a: Ursaluna|[spread] 
|-activate|p2a: Ursaluna|move: Protect
|-miss|p1a: Blastoise|p2b: Murkrow
|move|p1b: Amoonguss|Pollen Puff|p1a: Blastoise
|-heal|p1a: Blastoise|100/100
|
|-damage|p2a: Ursaluna|8/100 brn|[from] brn
|upkeep
|turn|6
|
|t:|1756639022
|move|p2b: Murkrow|Foul Play|p1a: Blastoise
|-damage|p1a: Blastoise|75/100
|move|p2a: Ursaluna|Facade|p1a: Blastoise|[miss]
|-miss|p2a: Ursaluna|p1a: Blastoise
|move|p1a: Blastoise|Water Spout|p2b: Murkrow|[spread] p2a,p2b
|-supereffective|p2a: Ursaluna
|-damage|p2a: Ursaluna|0 fnt
|-damage|p2b: Murkrow|27/100
|faint|p2a: Ursaluna
|move|p1b: Amoonguss|Spore|p2b: Murkrow
|-status|p2b: Murkrow|slp|[from] move: Spore
|
|-heal|p1a: Blastoise|81/100|[from] item: Leftovers
|upkeep
|
|t:|1756639035
|switch|p2a: Sneasler|Sneasler, L50, F, tera:Fighting|33/100
|turn|7
|
|t:|1756639052
|move|p1b: Amoonguss|Rage Powder|p1b: Amoonguss
|-singleturn|p1b: Amoonguss|move: Rage Powder
|move|p2a: Sneasler|Close Combat|p1b: Amoonguss
|-resisted|p1b: Amoonguss
|-damage|p1b: Amoonguss|64/100
|-unboost|p2a: Sneasler|def|1
|-unboost|p2a: Sneasler|spd|1
|cant|p2b: Murkrow|slp
|move|p1a: Blastoise|Water Spout|p2a: Sneasler|[spread] p2a,p2b
|-damage|p2a: Sneasler|0 fnt
|-damage|p2b: Murkrow|0 fnt
|faint|p2a: Sneasler
|faint|p2b: Murkrow
|
|win|tgx4
|raw|tgx4's rating: 1179 → 1201(+22 for winning)
|raw|WASHINGTONGARGACHA's rating: 1141 → 1119(-22 for losing)
