|j|☆Foffa
|j|☆Lego Darth Malgus
|html|FoffaLego Darth Malgus    
|uhtml|bestof|Game 2 of a best-of-3
|t:|1757004992
|gametype|doubles
|player|p1|Foffa|102|1218
|player|p2|Lego Darth Malgus|266|1281
|gen|9
|tier|[Gen 9] VGC 2025 Reg H (Bo3)
|rated|
|rule|Species Clause: Limit one of each Pokémon
|rule|Item Clause: Limit 1 of each item
|clearpoke
|poke|p1|Chesnaught, L50, M|
|poke|p1|Ninetales-Alola, L50, M|
|poke|p1|Incineroar, L50, F|
|poke|p1|Gholdengo, L50|
|poke|p1|Farigiraf, L50, F|
|poke|p1|Garchomp, L50, F|
|poke|p2|Kommo-o, L50, M|
|poke|p2|Tyranitar, L50, F|
|poke|p2|Excadrill, L50, M|
|poke|p2|Samurott-Hisui, L50, M|
|poke|p2|Rillaboom, L50, M|
|poke|p2|Volcarona, L50, M|
|teampreview|4
|showteam|p1|Chesnaught||Leftovers|Bulletproof|SpikyShield,IronDefense,BodyPress,LeechSeed|||M|||50|,,,,,Steel]Ninetales-Alola||LightClay|SnowWarning|Protect,AuroraVeil,Blizzard,IcyWind|||M|||50|,,,,,Fire]Incineroar||RockyHelmet|Intimidate|FlareBlitz,FakeOut,KnockOff,PartingShot|||F|||50|,,,,,Fairy]Gholdengo||ChoiceScarf|GoodasGold|MakeItRain,ShadowBall,Trick,PowerGem||||||50|,,,,,Steel]Farigiraf||SafetyGoggles|ArmorTail|TrickRoom,PsychicNoise,Imprison,HelpingHand|||F|||50|,,,,,Dark]Garchomp||ClearAmulet|RoughSkin|DragonClaw,Protect,StompingTantrum,Earthquake|||F|||50|,,,,,Fire
|showteam|p2|Kommo-o||GrassySeed|Overcoat|BodyPress,IronDefense,Protect,DragonPulse|||M|||50|,,,,,Fairy]Tyranitar||ChoiceScarf|SandStream|RockSlide,KnockOff,TeraBlast,LowKick|||F|||50|,,,,,Flying]Excadrill||FocusSash|SandRush|HighHorsepower,IronHead,Bulldoze,Protect|||M|||50|,,,,,Ghost]Samurott-Hisui||AssaultVest|Sharpness|NightSlash,AquaCutter,SacredSword,SuckerPunch|||M|||50|,,,,,Ghost]Rillaboom||MiracleSeed|GrassySurge|FakeOut,DrumBeating,GrassyGlide,Taunt|||M|||50|,,,,,Water]Volcarona||SitrusBerry|FlameBody|QuiverDance,HeatWave,TeraBlast,Protect|||M|||50|,,,,,Fairy
|inactive|Battle timer is ON: inactive players will automatically lose when time's up. (requested by Lego Darth Malgus)
|
|t:|1757005019
|teamsize|p1|4
|teamsize|p2|4
|start
|switch|p1a: Garchomp|Garchomp, L50, F|100/100
|switch|p1b: Chesnaught|Chesnaught, L50, M|100/100
|switch|p2a: Volcarona|Volcarona, L50, M, shiny|100/100
|switch|p2b: Rillaboom|Rillaboom, L50, M, shiny|100/100
|-fieldstart|move: Grassy Terrain|[from] ability: Grassy Surge|[of] p2b: Rillaboom
|turn|1
|inactive|Foffa has 30 seconds left.
|
|t:|1757005052
|-terastallize|p1a: Garchomp|Fire
|move|p2b: Rillaboom|Fake Out|p1a: Garchomp
|-damage|p1a: Garchomp|89/100
|-damage|p2b: Rillaboom|88/100|[from] ability: Rough Skin|[of] p1a: Garchomp
|move|p2a: Volcarona|Quiver Dance|p2a: Volcarona
|-boost|p2a: Volcarona|spa|1
|-boost|p2a: Volcarona|spd|1
|-boost|p2a: Volcarona|spe|1
|cant|p1a: Garchomp|flinch
|move|p1b: Chesnaught|Leech Seed|p2a: Volcarona
|-start|p2a: Volcarona|move: Leech Seed
|
|-heal|p2b: Rillaboom|94/100|[from] Grassy Terrain
|-heal|p1a: Garchomp|95/100|[from] Grassy Terrain
|-damage|p2a: Volcarona|88/100|[from] Leech Seed|[of] p1b: Chesnaught
|upkeep
|turn|2
|
|t:|1757005075
|switch|p1b: Incineroar|Incineroar, L50, F|100/100
|-ability|p1b: Incineroar|Intimidate|boost
|-unboost|p2a: Volcarona|atk|1
|-unboost|p2b: Rillaboom|atk|1
|move|p2a: Volcarona|Protect|p2a: Volcarona
|-singleturn|p2a: Volcarona|Protect
|move|p2b: Rillaboom|Drum Beating|p1a: Garchomp
|-resisted|p1a: Garchomp
|-damage|p1a: Garchomp|77/100
|move|p1a: Garchomp|Stomping Tantrum|p2a: Volcarona
|-activate|p2a: Volcarona|move: Protect
|
|-heal|p2a: Volcarona|94/100|[from] Grassy Terrain
|-heal|p2b: Rillaboom|99/100|[from] Grassy Terrain
|-heal|p1a: Garchomp|83/100|[from] Grassy Terrain
|-damage|p2a: Volcarona|82/100|[from] Leech Seed|[of] p1b: Incineroar
|upkeep
|turn|3
|
|t:|1757005087
|switch|p2b: Samurott|Samurott-Hisui, L50, M, shiny|100/100
|-terastallize|p2a: Volcarona|Fairy
|move|p1b: Incineroar|Fake Out|p2a: Volcarona
|-damage|p2a: Volcarona|66/100
|cant|p2a: Volcarona|flinch
|move|p1a: Garchomp|Stomping Tantrum|p2a: Volcarona
|-damage|p2a: Volcarona|19/100
|-enditem|p2a: Volcarona|Sitrus Berry|[eat]
|-heal|p2a: Volcarona|44/100|[from] item: Sitrus Berry
|
|-heal|p2a: Volcarona|49/100|[from] Grassy Terrain
|-heal|p1a: Garchomp|89/100|[from] Grassy Terrain
|-damage|p2a: Volcarona|37/100|[from] Leech Seed|[of] p1b: Incineroar
|upkeep
|turn|4
|inactive|Foffa has 30 seconds left.
|inactive|Foffa has 20 seconds left.
|inactive|Foffa has 15 seconds left.
|inactive|Foffa has 10 seconds left.
|
|t:|1757005134
|move|p2a: Volcarona|Heat Wave|p1b: Incineroar|[spread] p1a,p1b
|-resisted|p1a: Garchomp
|-resisted|p1b: Incineroar
|-damage|p1a: Garchomp|67/100
|-damage|p1b: Incineroar|78/100
|move|p1a: Garchomp|Dragon Claw|p2b: Samurott
|-damage|p2b: Samurott|45/100
|move|p2b: Samurott|Aqua Cutter|p1b: Incineroar
|-supereffective|p1b: Incineroar
|-crit|p1b: Incineroar
|-damage|p1b: Incineroar|0 fnt
|faint|p1b: Incineroar
|
|-heal|p2a: Volcarona|43/100|[from] Grassy Terrain
|-heal|p1a: Garchomp|73/100|[from] Grassy Terrain
|-heal|p2b: Samurott|51/100|[from] Grassy Terrain
|upkeep
|
|t:|1757005150
|switch|p1b: Chesnaught|Chesnaught, L50, M|100/100
|turn|5
|
|t:|1757005170
|move|p1b: Chesnaught|Spiky Shield|p1b: Chesnaught
|-singleturn|p1b: Chesnaught|move: Protect
|move|p2b: Samurott|Sucker Punch|p1a: Garchomp
|-damage|p1a: Garchomp|44/100
|-damage|p2b: Samurott|39/100|[from] ability: Rough Skin|[of] p1a: Garchomp
|move|p2a: Volcarona|Tera Blast|p1a: Garchomp|[anim] Tera Blast Fairy
|-resisted|p1a: Garchomp
|-damage|p1a: Garchomp|15/100
|move|p1a: Garchomp|Earthquake|p2a: Volcarona|[spread] p2a,p2b
|-activate|p1b: Chesnaught|move: Protect
|-damage|p2a: Volcarona|20/100
|-damage|p2b: Samurott|12/100
|
|-heal|p2a: Volcarona|26/100|[from] Grassy Terrain
|-heal|p1a: Garchomp|21/100|[from] Grassy Terrain
|-heal|p2b: Samurott|18/100|[from] Grassy Terrain
|-damage|p2a: Volcarona|14/100|[from] Leech Seed|[of] p1b: Chesnaught
|-fieldend|move: Grassy Terrain
|upkeep
|turn|6
|
|t:|1757005195
|switch|p1b: Ninetales|Ninetales-Alola, L50, M|100/100
|-weather|Snowscape|[from] ability: Snow Warning|[of] p1b: Ninetales
|move|p1a: Garchomp|Protect|p1a: Garchomp
|-singleturn|p1a: Garchomp|Protect
|move|p2b: Samurott|Sucker Punch||[still]
|-fail|p2b: Samurott
|move|p2a: Volcarona|Tera Blast|p1b: Ninetales|[anim] Tera Blast Fairy
|-damage|p1b: Ninetales|37/100
|
|-weather|Snowscape|[upkeep]
|-damage|p2a: Volcarona|2/100|[from] Leech Seed|[of] p1b: Ninetales
|-heal|p1b: Ninetales|51/100|[silent]
|upkeep
|turn|7
|inactive|Foffa has 30 seconds left.
|inactive|Foffa has 20 seconds left.
|
|t:|1757005231
|move|p1b: Ninetales|Protect|p1b: Ninetales
|-singleturn|p1b: Ninetales|Protect
|move|p1a: Garchomp|Protect|p1a: Garchomp
|-singleturn|p1a: Garchomp|Protect
|move|p2a: Volcarona|Heat Wave|p1b: Ninetales|[spread] 
|-activate|p1a: Garchomp|move: Protect
|-activate|p1b: Ninetales|move: Protect
|move|p2b: Samurott|Aqua Cutter|p1a: Garchomp
|-activate|p1a: Garchomp|move: Protect
|
|-weather|Snowscape|[upkeep]
|-damage|p2a: Volcarona|0 fnt|[from] Leech Seed|[of] p1b: Ninetales
|-heal|p1b: Ninetales|52/100|[silent]
|faint|p2a: Volcarona
|upkeep
|
|t:|1757005237
|switch|p2a: Excadrill|Excadrill, L50, M, shiny|100/100
|turn|8
|inactive|Lego Darth Malgus has 30 seconds left.
|inactive|Lego Darth Malgus has 20 seconds left.
|
|t:|1757005283
|move|p2b: Samurott|Sucker Punch|p1a: Garchomp
|-damage|p1a: Garchomp|0 fnt
|-damage|p2b: Samurott|6/100|[from] ability: Rough Skin|[of] p1a: Garchomp
|faint|p1a: Garchomp
|move|p1b: Ninetales|Aurora Veil|p1b: Ninetales
|-sidestart|p1: Foffa|move: Aurora Veil
|move|p2a: Excadrill|Iron Head|p1b: Ninetales
|-supereffective|p1b: Ninetales
|-damage|p1b: Ninetales|0 fnt
|faint|p1b: Ninetales
|
|-weather|Snowscape|[upkeep]
|upkeep
|
|t:|1757005292
|switch|p1b: Chesnaught|Chesnaught, L50, M|100/100
|turn|9
|
|t:|1757005311
|switch|p2b: Rillaboom|Rillaboom, L50, M, shiny|99/100
|-fieldstart|move: Grassy Terrain|[from] ability: Grassy Surge|[of] p2b: Rillaboom
|move|p1b: Chesnaught|Spiky Shield|p1b: Chesnaught
|-singleturn|p1b: Chesnaught|move: Protect
|move|p2a: Excadrill|Iron Head|p1b: Chesnaught
|-activate|p1b: Chesnaught|move: Protect
|-damage|p2a: Excadrill|88/100|[from] Spiky Shield|[of] p1b: Chesnaught
|
|-weather|Snowscape|[upkeep]
|-heal|p2a: Excadrill|94/100|[from] Grassy Terrain
|-heal|p2b: Rillaboom|100/100|[from] Grassy Terrain
|upkeep
|turn|10
|
|t:|1757005317
|move|p2a: Excadrill|Iron Head|p1b: Chesnaught
|-damage|p1b: Chesnaught|81/100
|move|p2b: Rillaboom|Taunt|p1b: Chesnaught
|-start|p1b: Chesnaught|move: Taunt
|cant|p1b: Chesnaught|move: Taunt|Iron Defense
|
|-weather|none
|-heal|p2a: Excadrill|99/100|[from] Grassy Terrain
|-heal|p1b: Chesnaught|87/100|[from] Grassy Terrain
|-heal|p1b: Chesnaught|93/100|[from] item: Leftovers
|upkeep
|turn|11
|
|t:|1757005322
|move|p2a: Excadrill|Iron Head|p1b: Chesnaught
|-damage|p1b: Chesnaught|73/100
|move|p2b: Rillaboom|Drum Beating|p1b: Chesnaught
|-resisted|p1b: Chesnaught
|-damage|p1b: Chesnaught|58/100
|-unboost|p1b: Chesnaught|spe|1
|move|p1b: Chesnaught|Body Press|p2a: Excadrill
|-supereffective|p2a: Excadrill
|-damage|p2a: Excadrill|0 fnt
|faint|p2a: Excadrill
|
|-heal|p1b: Chesnaught|65/100|[from] Grassy Terrain
|-heal|p1b: Chesnaught|71/100|[from] item: Leftovers
|upkeep
|
|t:|1757005324
|switch|p2a: Samurott|Samurott-Hisui, L50, M, shiny|6/100
|turn|12
|
|t:|1757005341
|move|p2b: Rillaboom|Drum Beating|p1b: Chesnaught
|-resisted|p1b: Chesnaught
|-damage|p1b: Chesnaught|57/100
|-unboost|p1b: Chesnaught|spe|1
|move|p2a: Samurott|Sacred Sword|p1b: Chesnaught
|-damage|p1b: Chesnaught|37/100
|move|p1b: Chesnaught|Body Press|p2a: Samurott
|-supereffective|p2a: Samurott
|-damage|p2a: Samurott|0 fnt
|faint|p2a: Samurott
|
|-heal|p1b: Chesnaught|43/100|[from] Grassy Terrain
|-heal|p1b: Chesnaught|49/100|[from] item: Leftovers
|-end|p1b: Chesnaught|move: Taunt
|upkeep
|turn|13
|
|t:|1757005347
|move|p1b: Chesnaught|Spiky Shield|p1b: Chesnaught
|-singleturn|p1b: Chesnaught|move: Protect
|move|p2b: Rillaboom|Taunt|p1b: Chesnaught
|-activate|p1b: Chesnaught|move: Protect
|
|-heal|p1b: Chesnaught|56/100|[from] Grassy Terrain
|-heal|p1b: Chesnaught|62/100|[from] item: Leftovers
|-fieldend|move: Grassy Terrain
|upkeep
|turn|14
|
|t:|1757005352
|move|p2b: Rillaboom|Taunt|p1b: Chesnaught
|-start|p1b: Chesnaught|move: Taunt
|move|p1b: Chesnaught|Body Press|p2b: Rillaboom
|-damage|p2b: Rillaboom|56/100
|
|-heal|p1b: Chesnaught|68/100|[from] item: Leftovers
|upkeep
|turn|15
|
|t:|1757005356
|move|p2b: Rillaboom|Drum Beating|p1b: Chesnaught
|-resisted|p1b: Chesnaught
|-damage|p1b: Chesnaught|58/100
|-unboost|p1b: Chesnaught|spe|1
|move|p1b: Chesnaught|Body Press|p2b: Rillaboom
|-damage|p2b: Rillaboom|11/100
|
|-heal|p1b: Chesnaught|64/100|[from] item: Leftovers
|-sideend|p1: Foffa|move: Aurora Veil
|upkeep
|turn|16
|
|t:|1757005358
|move|p2b: Rillaboom|Drum Beating|p1b: Chesnaught
|-resisted|p1b: Chesnaught
|-damage|p1b: Chesnaught|49/100
|-unboost|p1b: Chesnaught|spe|1
|move|p1b: Chesnaught|Body Press|p2b: Rillaboom
|-damage|p2b: Rillaboom|0 fnt
|faint|p2b: Rillaboom
|
|win|Foffa
||Lego Darth Malgus is ready for game 3.
||Foffa is ready for game 3.
|uhtml|next|Next: Game 3 of 3
|l|☆Foffa
|player|p1|
|l|☆Lego Darth Malgus
|player|p2|
|j|☆Lego Darth Malgus
|player|p2|Lego Darth Malgus|266|
