|badge|p1|bronze|gen9ou|100-6
|uhtml|medal-msg|Curious what those medals under the avatar are? PS now has Ladder Seasons! For more information, check out the thread on Smogon.
|j|☆JackRG1
|j|☆Clintoap
|html|JackRG1Clintoap    
|uhtml|bestof|Game 1 of a best-of-3
|t:|1757642697
|gametype|doubles
|player|p1|JackRG1|dawn-gen4pt|1245
|player|p2|Clintoap|169|1187
|gen|9
|tier|[Gen 9] VGC 2025 Reg H (Bo3)
|rated|
|rule|Species Clause: Limit one of each Pokémon
|rule|Item Clause: Limit 1 of each item
|clearpoke
|poke|p1|Tyranitar, L50, F|
|poke|p1|Excadrill, L50, F|
|poke|p1|Milotic, L50, F|
|poke|p1|Indeedee-F, L50, F|
|poke|p1|Volcarona, L50, M|
|poke|p1|Hatterene, L50, F|
|poke|p2|Umbreon, L50, M|
|poke|p2|Rotom-Heat, L50|
|poke|p2|Whimsicott, L50, F|
|poke|p2|Gholdengo, L50|
|poke|p2|Annihilape, L50, M|
|poke|p2|Torterra, L50, M|
|teampreview|4
|showteam|p1|Tyranitar||AssaultVest|SandStream|RockSlide,KnockOff,LowKick,TeraBlast|||F|||50|,,,,,Flying]Excadrill||FocusSash|SandRush|Earthquake,HighHorsepower,IronHead,Protect|||F|||50|,,,,,Stellar]Milotic||CovertCloak|Competitive|Scald,IcyWind,Haze,Protect|||F|||50|,,,,,Grass]Indeedee-F||SafetyGoggles|PsychicSurge|TrickRoom,Protect,Psychic,FollowMe|||F|||50|,,,,,Fairy]Volcarona||Leftovers|FlameBody|Protect,HeatWave,QuiverDance,GigaDrain|||M|||50|,,,,,Grass]Hatterene||LifeOrb|MagicBounce|DazzlingGleam,TrickRoom,ExpandingForce,Protect|||F|||50|,,,,,Fairy
|showteam|p2|Umbreon||AguavBerry|InnerFocus|Snarl,FoulPlay,Taunt,ThunderWave|||M|||50|,,,,,Ghost]Rotom-Heat||SitrusBerry|Levitate|WillOWisp,Overheat,Protect,Thunderbolt||||||50|,,,,,Electric]Whimsicott||FocusSash|Prankster|Moonblast,Encore,Tailwind,Protect|||F|||50|,,,,,Ghost]Gholdengo||LifeOrb|GoodasGold|MakeItRain,ShadowBall,Protect,NastyPlot||||||50|,,,,,Water]Annihilape||SafetyGoggles|Defiant|DrainPunch,RageFist,BulkUp,Protect|||M|||50|,,,,,Fire]Torterra||WhiteHerb|ShellArmor|ShellSmash,Protect,WoodHammer,HeadlongRush|||M|||50|,,,,,Grass
|inactive|Battle timer is ON: inactive players will automatically lose when time's up. (requested by JackRG1)
|inactive|Clintoap has 60 seconds left.
|inactive|Clintoap has 30 seconds left.
|
|t:|1757642765
|teamsize|p1|4
|teamsize|p2|4
|start
|switch|p1a: Hatterene|Hatterene, L50, F|100/100
|switch|p1b: Volcarona|Volcarona, L50, M|100/100
|switch|p2a: Gholdengo|Gholdengo, L50|100/100
|switch|p2b: Torterra|Torterra, L50, M|100/100
|turn|1
|inactive|JackRG1 has 30 seconds left.
|
|t:|1757642791
|move|p1a: Hatterene|Protect|p1a: Hatterene
|-singleturn|p1a: Hatterene|Protect
|move|p1b: Volcarona|Quiver Dance|p1b: Volcarona
|-boost|p1b: Volcarona|spa|1
|-boost|p1b: Volcarona|spd|1
|-boost|p1b: Volcarona|spe|1
|move|p2a: Gholdengo|Shadow Ball|p1a: Hatterene
|-activate|p1a: Hatterene|move: Protect
|move|p2b: Torterra|Shell Smash|p2b: Torterra
|-unboost|p2b: Torterra|def|1
|-unboost|p2b: Torterra|spd|1
|-boost|p2b: Torterra|atk|2
|-boost|p2b: Torterra|spa|2
|-boost|p2b: Torterra|spe|2
|-enditem|p2b: Torterra|White Herb
|-clearnegativeboost|p2b: Torterra|[silent]
|
|upkeep
|turn|2
|
|t:|1757642807
|switch|p1a: Indeedee|Indeedee-F, L50, F|100/100
|-fieldstart|move: Psychic Terrain|[from] ability: Psychic Surge|[of] p1a: Indeedee
|move|p1b: Volcarona|Protect|p1b: Volcarona
|-singleturn|p1b: Volcarona|Protect
|move|p2b: Torterra|Headlong Rush|p1b: Volcarona
|-activate|p1b: Volcarona|move: Protect
|move|p2a: Gholdengo|Make It Rain|p1a: Indeedee|[spread] p1a
|-activate|p1b: Volcarona|move: Protect
|-damage|p1a: Indeedee|43/100
|-unboost|p2a: Gholdengo|spa|1
|-damage|p2a: Gholdengo|91/100|[from] item: Life Orb
|
|upkeep
|turn|3
|inactive|Clintoap has 30 seconds left.
|inactive|Clintoap has 20 seconds left.
|inactive|Clintoap has 15 seconds left.
|inactive|Clintoap has 10 seconds left.
|
|t:|1757642855
|move|p2b: Torterra|Protect|p2b: Torterra
|-singleturn|p2b: Torterra|Protect
|move|p1a: Indeedee|Follow Me|p1a: Indeedee
|-singleturn|p1a: Indeedee|move: Follow Me
|move|p1b: Volcarona|Heat Wave|p2b: Torterra|[spread] p2a
|-activate|p2b: Torterra|move: Protect
|-supereffective|p2a: Gholdengo
|-damage|p2a: Gholdengo|0 fnt
|faint|p2a: Gholdengo
|
|upkeep
|
|t:|1757642870
|switch|p2a: Annihilape|Annihilape, L50, M|100/100
|turn|4
|inactive|JackRG1 has 30 seconds left.
|inactive|JackRG1 has 20 seconds left.
|inactive|JackRG1 has 15 seconds left.
|inactive|JackRG1 has 10 seconds left.
|inactive|JackRG1 has 5 seconds left.
|
|t:|1757642925
|-terastallize|p2a: Annihilape|Fire
|move|p1b: Volcarona|Protect|p1b: Volcarona
|-singleturn|p1b: Volcarona|Protect
|move|p2b: Torterra|Headlong Rush|p1b: Volcarona
|-activate|p1b: Volcarona|move: Protect
|move|p2a: Annihilape|Bulk Up|p2a: Annihilape
|-boost|p2a: Annihilape|atk|1
|-boost|p2a: Annihilape|def|1
|move|p1a: Indeedee|Trick Room|p1a: Indeedee
|-fieldstart|move: Trick Room|[of] p1a: Indeedee
|
|upkeep
|turn|5
|inactive|JackRG1 has 30 seconds left.
|inactive|Clintoap has 30 seconds left.
|inactive|JackRG1 has 20 seconds left.
|inactive|JackRG1 has 15 seconds left.
|inactive|Clintoap has 20 seconds left.
|inactive|JackRG1 has 10 seconds left.
|inactive|Clintoap has 15 seconds left.
|
|t:|1757642975
|move|p1a: Indeedee|Psychic|p2a: Annihilape
|-damage|p2a: Annihilape|60/100
|move|p2a: Annihilape|Drain Punch|p1a: Indeedee
|-crit|p1a: Indeedee
|-damage|p1a: Indeedee|0 fnt
|-heal|p2a: Annihilape|80/100|[from] drain|[of] p1a: Indeedee
|faint|p1a: Indeedee
|move|p2b: Torterra|Headlong Rush|p1b: Volcarona
|-damage|p1b: Volcarona|0 fnt
|-unboost|p2b: Torterra|def|1
|-unboost|p2b: Torterra|spd|1
|faint|p1b: Volcarona
|
|upkeep
|
|t:|1757642978
|switch|p1a: Hatterene|Hatterene, L50, F|100/100
|switch|p1b: Tyranitar|Tyranitar, L50, F|100/100
|-weather|Sandstorm|[from] ability: Sand Stream|[of] p1b: Tyranitar
|turn|6
|
|t:|1757642990
|move|p2a: Annihilape|Protect|p2a: Annihilape
|-singleturn|p2a: Annihilape|Protect
|move|p2b: Torterra|Protect|p2b: Torterra
|-singleturn|p2b: Torterra|Protect
|move|p1a: Hatterene|Expanding Force|p2a: Annihilape|[spread] 
|-activate|p2a: Annihilape|move: Protect
|-activate|p2b: Torterra|move: Protect
|move|p1b: Tyranitar|Rock Slide|p2b: Torterra|[spread] 
|-activate|p2a: Annihilape|move: Protect
|-activate|p2b: Torterra|move: Protect
|
|-weather|Sandstorm|[upkeep]
|-damage|p1a: Hatterene|94/100|[from] Sandstorm
|-fieldend|move: Psychic Terrain
|upkeep
|turn|7
|inactive|JackRG1 has 30 seconds left.
|inactive|Clintoap has 30 seconds left.
|
|t:|1757643018
|switch|p2b: Rotom|Rotom-Heat, L50|100/100
|move|p1a: Hatterene|Expanding Force|p2b: Rotom
|-damage|p2b: Rotom|35/100
|-enditem|p2b: Rotom|Sitrus Berry|[eat]
|-heal|p2b: Rotom|60/100|[from] item: Sitrus Berry
|-damage|p1a: Hatterene|85/100|[from] item: Life Orb
|move|p1b: Tyranitar|Rock Slide|p2b: Rotom|[spread] p2a
|-miss|p1b: Tyranitar|p2b: Rotom
|-supereffective|p2a: Annihilape
|-damage|p2a: Annihilape|34/100
|cant|p2a: Annihilape|flinch
|
|-weather|Sandstorm|[upkeep]
|-damage|p1a: Hatterene|79/100|[from] Sandstorm
|-damage|p2b: Rotom|54/100|[from] Sandstorm
|upkeep
|turn|8
|
|t:|1757643032
|-terastallize|p1a: Hatterene|Fairy
|move|p2b: Rotom|Protect|p2b: Rotom
|-singleturn|p2b: Rotom|Protect
|move|p2a: Annihilape|Protect|p2a: Annihilape
|-singleturn|p2a: Annihilape|Protect
|move|p1a: Hatterene|Dazzling Gleam|p2a: Annihilape|[spread] 
|-activate|p2a: Annihilape|move: Protect
|-activate|p2b: Rotom|move: Protect
|move|p1b: Tyranitar|Rock Slide|p2b: Rotom|[spread] 
|-activate|p2a: Annihilape|move: Protect
|-activate|p2b: Rotom|move: Protect
|
|-weather|Sandstorm|[upkeep]
|-damage|p1a: Hatterene|72/100|[from] Sandstorm
|-damage|p2b: Rotom|48/100|[from] Sandstorm
|-fieldend|move: Trick Room
|upkeep
|turn|9
|
|t:|1757643047
|move|p2a: Annihilape|Drain Punch|p1b: Tyranitar
|-supereffective|p1b: Tyranitar
|-damage|p1b: Tyranitar|0 fnt
|-heal|p2a: Annihilape|89/100|[from] drain|[of] p1b: Tyranitar
|faint|p1b: Tyranitar
|move|p2b: Rotom|Overheat|p1a: Hatterene
|-damage|p1a: Hatterene|8/100
|-unboost|p2b: Rotom|spa|2
|move|p1a: Hatterene|Dazzling Gleam|p2b: Rotom|[spread] p2a,p2b
|-resisted|p2a: Annihilape
|-resisted|p2b: Rotom
|-damage|p2a: Annihilape|60/100
|-damage|p2b: Rotom|20/100
|-damage|p1a: Hatterene|0 fnt|[from] item: Life Orb
|faint|p1a: Hatterene
|
|win|Clintoap
||Clintoap is ready for game 2.
|inactive|JackRG1 has 30 seconds to confirm battle start!
|inactive|JackRG1 has 20 seconds to confirm battle start!
|l|☆JackRG1
|player|p1|
||JackRG1 is ready for game 2.
|uhtml|next|Next: Game 2 of 3
