|j|☆pokemon man 32232
|j|☆Pfendy
|html|pokemon man 32232Pfendy    
|uhtml|bestof|Game 1 of a best-of-3
|t:|1784837851
|gametype|doubles
|player|p1|pokemon man 32232|blue|1000
|player|p2|Pfendy|birdkeeper|1040
|gen|9
|tier|[Gen 9 Champions] VGC 2026 Reg M-B (Bo3)
|rated|
|rule|Species Clause: Limit one of each Pokémon
|rule|Item Clause: Limit 1 of each item
|clearpoke
|poke|p1|Venusaur, L50, F, shiny|
|poke|p1|Torkoal, L50, F, shiny|
|poke|p1|Aegislash, L50, F, shiny|
|poke|p1|Whimsicott, L50, F, shiny|
|poke|p1|Rotom-Heat, L50, shiny|
|poke|p1|Garchomp, L50, F, shiny|
|poke|p2|Floette-Eternal, L50, F|
|poke|p2|Incineroar, L50, F, shiny|
|poke|p2|Sneasler, L50, F|
|poke|p2|Reuniclus, L50, F, shiny|
|poke|p2|Whimsicott, L50, M|
|poke|p2|Basculegion, L50, M|
|teampreview|4
|showteam|p1|Venusaur||Venusaurite|Chlorophyll|Protect,SludgeBomb,GigaDrain,EarthPower|Modest||F|||50|]Torkoal||Charcoal|Drought|Overheat,Eruption,SolarBeam,BodyPress|Relaxed||F|||50|]Aegislash||Leftovers|StanceChange|KingsShield,ShadowBall,FlashCannon,Substitute|Quiet||F|||50|]Whimsicott||FocusSash|Prankster|Moonblast,Tailwind,Taunt,HelpingHand|Timid||F|||50|]Rotom-Heat||SitrusBerry|Levitate|Overheat,VoltSwitch,WillOWisp,Protect|Modest|||||50|]Garchomp||LumBerry|RoughSkin|Earthquake,DragonClaw,RockSlide,Protect|Jolly||F|||50|
|showteam|p2|Floette-Eternal||Floettite|FlowerVeil|Moonblast,CalmMind,Protect,DazzlingGleam|Bold||F|||50|]Incineroar||PasshoBerry|Intimidate|FakeOut,FlareBlitz,ThroatChop,PartingShot|Adamant||F|||50|]Sneasler||WhiteHerb|Unburden|FakeOut,DireClaw,Protect,CloseCombat|Jolly||F|||50|]Reuniclus||SitrusBerry|Regenerator|TrickRoom,Psychic,FocusBlast,HelpingHand|Quiet||F|||50|]Whimsicott||FocusSash|Prankster|Protect,Tailwind,Moonblast,Encore|Timid||M|||50|]Basculegion||MysticWater|Adaptability|Protect,WaveCrash,LastRespects,AquaJet|Adamant||M|||50|
|
|t:|1784837951
|teamsize|p1|4
|teamsize|p2|4
|start
|switch|p1a: Whimsicott|Whimsicott, L50, F, shiny|100/100
|switch|p1b: Torkoal|Torkoal, L50, F, shiny|100/100
|switch|p2a: Incineroar|Incineroar, L50, F, shiny|100/100
|switch|p2b: Floette|Floette-Eternal, L50, F|100/100
|-ability|p2a: Incineroar|Intimidate|boost
|-unboost|p1a: Whimsicott|atk|1
|-unboost|p1b: Torkoal|atk|1
|-weather|SunnyDay|[from] ability: Drought|[of] p1b: Torkoal
|turn|1
|inactive|Battle timer is ON: inactive players will automatically lose when time's up. (requested by Pfendy)
|inactive|Pfendy has 60 seconds left.
|
|t:|1784837987
|detailschange|p2b: Floette|Floette-Mega, L50, F
|-mega|p2b: Floette|Floette|Floettite
|-ability|p2b: Floette|Fairy Aura
|move|p2a: Incineroar|Fake Out|p1b: Torkoal
|-damage|p1b: Torkoal|88/100
|move|p1a: Whimsicott|Tailwind|p1a: Whimsicott
|-sidestart|p1: pokemon man 32232|move: Tailwind
|move|p2b: Floette|Dazzling Gleam|p1b: Torkoal|[spread] p1a,p1b
|-resisted|p1b: Torkoal|1
|-damage|p1a: Whimsicott|32/100
|-damage|p1b: Torkoal|55/100
|cant|p1b: Torkoal|flinch
|
|-weather|SunnyDay|[upkeep]
|upkeep
|turn|2
|inactive|pokemon man 32232 has 30 seconds left.
|inactive|Pfendy has 30 seconds left.
|inactive|pokemon man 32232 has 20 seconds left.
|inactive|Pfendy has 20 seconds left.
|
|t:|1784838024
|move|p2b: Floette|Protect|p2b: Floette
|-singleturn|p2b: Floette|Protect
|move|p1a: Whimsicott|Moonblast|p2a: Incineroar
|-damage|p2a: Incineroar|64/100
|move|p2a: Incineroar|Flare Blitz|p1b: Torkoal
|-resisted|p1b: Torkoal|1
|-damage|p1b: Torkoal|20/100y
|-damage|p2a: Incineroar|55/100|[from] Recoil
|move|p1b: Torkoal|Body Press|p2a: Incineroar
|-supereffective|p2a: Incineroar|1
|-damage|p2a: Incineroar|4/100
|
|-weather|SunnyDay|[upkeep]
|upkeep
|turn|3
|
|t:|1784838045
|switch|p2a: Whimsicott|Whimsicott, L50, M|100/100
|move|p1a: Whimsicott|Moonblast|p2a: Whimsicott
|-damage|p2a: Whimsicott|43/100
|move|p2b: Floette|Dazzling Gleam|p1b: Torkoal|[spread] p1a,p1b
|-resisted|p1b: Torkoal|1
|-damage|p1a: Whimsicott|0 fnt
|-damage|p1b: Torkoal|0 fnt
|faint|p1a: Whimsicott
|faint|p1b: Torkoal
|
|-weather|SunnyDay|[upkeep]
|upkeep
|inactive|pokemon man 32232 has 30 seconds left.
|
|t:|1784838071
|switch|p1a: Venusaur|Venusaur, L50, F, shiny|100/100
|switch|p1b: Garchomp|Garchomp, L50, F, shiny|100/100
|turn|4
|
|t:|1784838085
|detailschange|p1a: Venusaur|Venusaur-Mega, L50, F, shiny
|-mega|p1a: Venusaur|Venusaur|Venusaurite
|move|p2a: Whimsicott|Protect|p2a: Whimsicott
|-singleturn|p2a: Whimsicott|Protect
|move|p2b: Floette|Protect|p2b: Floette
|-singleturn|p2b: Floette|Protect
|move|p1b: Garchomp|Rock Slide|p2a: Whimsicott|[spread] 
|-activate|p2a: Whimsicott|move: Protect
|-activate|p2b: Floette|move: Protect
|move|p1a: Venusaur|Sludge Bomb|p2b: Floette
|-activate|p2b: Floette|move: Protect
|
|-weather|SunnyDay|[upkeep]
|-sideend|p1: pokemon man 32232|move: Tailwind
|upkeep
|turn|5
|inactive|Pfendy has 30 seconds left.
|
|t:|1784838113
|move|p2a: Whimsicott|Tailwind|p2a: Whimsicott
|-sidestart|p2: Pfendy|move: Tailwind
|move|p2b: Floette|Moonblast|p1b: Garchomp
|-supereffective|p1b: Garchomp|1
|-damage|p1b: Garchomp|0 fnt
|faint|p1b: Garchomp
|move|p1a: Venusaur|Sludge Bomb|p2b: Floette
|-supereffective|p2b: Floette|1
|-damage|p2b: Floette|43/100
|
|-weather|none
|upkeep
|turn|6
|
|t:|1784838133
|move|p2b: Floette|Protect|p2b: Floette
|-singleturn|p2b: Floette|Protect
|move|p2a: Whimsicott|Encore|p1a: Venusaur
|-start|p1a: Venusaur|Encore
|move|p1a: Venusaur|Sludge Bomb|p2b: Floette
|-activate|p2b: Floette|move: Protect
|
|upkeep
|turn|7
|
|t:|1784838155
|move|p2a: Whimsicott|Moonblast|p1a: Venusaur
|-resisted|p1a: Venusaur|1
|-damage|p1a: Venusaur|76/100
|move|p2b: Floette|Moonblast|p1a: Venusaur
|-resisted|p1a: Venusaur|1
|-crit|p1a: Venusaur
|-damage|p1a: Venusaur|24/100
|move|p1a: Venusaur|Sludge Bomb|p2b: Floette
|-supereffective|p2b: Floette|1
|-damage|p2b: Floette|0 fnt
|faint|p2b: Floette
|
|upkeep
|c|☆Pfendy|gg
|
|t:|1784838167
|switch|p2b: Basculegion|Basculegion, L50, M|100/100
|turn|8
|
|t:|1784838172
|move|p2a: Whimsicott|Moonblast|p1a: Venusaur
|-resisted|p1a: Venusaur|1
|-damage|p1a: Venusaur|7/100
|move|p2b: Basculegion|Last Respects|p1a: Venusaur
|-damage|p1a: Venusaur|0 fnt
|faint|p1a: Venusaur
|
|win|Pfendy
|l|☆pokemon man 32232
|player|p1|
|raw|pokemon man 32232's rating: 1000 → 1000(+0 for losing)
|raw|Pfendy's rating: 1040 → 1070(+30 for winning)
