|j|☆Jehosh
|j|☆TurtleMicro
|html|JehoshTurtleMicro    
|uhtml|bestof|Game 2 of a best-of-3
|t:|1784609861
|gametype|doubles
|player|p1|Jehosh|firebreather|
|player|p2|TurtleMicro|pokemonbreederf-gen4|
|gen|9
|tier|[Gen 9 Champions] VGC 2026 Reg M-B (Bo3)
|rule|Species Clause: Limit one of each Pokémon
|rule|Item Clause: Limit 1 of each item
|clearpoke
|poke|p1|Garchomp, L50, F|
|poke|p1|Tyranitar, L50, F|
|poke|p1|Tsareena, L50, F|
|poke|p1|Samurott-Hisui, L50, M|
|poke|p1|Excadrill, L50, F|
|poke|p1|Jolteon, L50, F|
|poke|p2|Delphox, L50, M|
|poke|p2|Sinistcha-Masterpiece, L50|
|poke|p2|Vivillon, L50, F|
|poke|p2|Crabominable, L50, M|
|poke|p2|Ditto, L50|
|poke|p2|Toxapex, L50, F|
|teampreview|4
|showteam|p1|Garchomp||Garchompite|SandVeil|Protect,DragonClaw,StompingTantrum,RockSlide|Jolly||F|||50|]Tyranitar||Tyranitarite|SandStream|Protect,RockSlide,KnockOff,StealthRock|Careful||F|||50|]Tsareena||FocusSash|QueenlyMajesty|Protect,TropKick,TripleAxel,Taunt|Careful||F|||50|]Samurott-Hisui||ScopeLens|Sharpness|AquaCutter,NightSlash,AquaJet,Protect|Jolly||M|||50|]Excadrill||ChoiceScarf|SandRush|RockSlide,Earthquake,IronHead,ShadowClaw|Adamant||F|||50|]Jolteon||Magnet|VoltAbsorb|VoltSwitch,Detect,Thunderbolt,AlluringVoice|Timid||F|||50|
|showteam|p2|Delphox||Delphoxite|Blaze|HeatWave,Psychic,Substitute,Protect|Timid||M|||50|]Sinistcha-Masterpiece||ColburBerry|Hospitality|TrickRoom,MatchaGotcha,LifeDew,RagePowder|Bold|||||50|]Vivillon||FocusSash|CompoundEyes|Hurricane,SleepPowder,RagePowder,Protect|Timid||F|||50|]Crabominable||Crabominite|HyperCutter|IceHammer,DrainPunch,MachPunch,Protect|Brave||M|||50|]Ditto||ChoiceScarf|Imposter|Transform|Serious|||||50|]Toxapex||Leftovers|Regenerator|Infestation,Toxic,Recover,BanefulBunker|Impish||F|||50|
|inactive|Battle timer is ON: inactive players will automatically lose when time's up. (requested by Jehosh)
|inactive|TurtleMicro has 60 seconds left.
|
|t:|1784609902
|teamsize|p1|4
|teamsize|p2|4
|start
|switch|p1a: 8|Tsareena, L50, F|100/100
|switch|p1b: 14|Garchomp, L50, F|100/100
|switch|p2a: Sinistcha|Sinistcha-Masterpiece, L50|100/100
|switch|p2b: Toxapex|Toxapex, L50, F|100/100
|turn|1
|inactive|TurtleMicro has 30 seconds left.
|inactive|TurtleMicro has 20 seconds left.
|inactive|TurtleMicro has 15 seconds left.
|
|t:|1784609944
|switch|p2a: Ditto|Ditto, L50|100/100
|-transform|p2a: Ditto|p1b: 14|[from] ability: Imposter
|detailschange|p1b: 14|Garchomp-Mega, L50, F
|-mega|p1b: 14|Garchomp|Garchompite
|move|p1b: 14|Stomping Tantrum|p2b: Toxapex
|-supereffective|p2b: Toxapex|1
|-damage|p2b: Toxapex|35/100
|move|p1a: 8|Taunt|p2a: Ditto
|-start|p2a: Ditto|move: Taunt
|move|p2b: Toxapex|Infestation|p1a: 8
|-supereffective|p1a: 8|1
|-damage|p1a: 8|94/100
|-activate|p1a: 8|move: Infestation|[of] p2b: Toxapex
|
|-heal|p2b: Toxapex|40/100|[from] item: Leftovers
|-damage|p1a: 8|82/100|[from] move: Infestation|[partiallytrapped]
|upkeep
|turn|2
|
|t:|1784609969
|move|p2b: Toxapex|Baneful Bunker|p2b: Toxapex
|-singleturn|p2b: Toxapex|move: Protect
|move|p2a: Ditto|Dragon Claw|p1b: 14
|-supereffective|p1b: 14|1
|-damage|p1b: 14|34/100
|move|p1b: 14|Stomping Tantrum|p2b: Toxapex
|-activate|p2b: Toxapex|move: Protect
|-status|p1b: 14|psn
|move|p1a: 8|Triple Axel|p2a: Ditto
|-supereffective|p2a: Ditto|2
|-damage|p2a: Ditto|74/100
|-supereffective|p2a: Ditto|2
|-damage|p2a: Ditto|17/100
|-supereffective|p2a: Ditto|2
|-damage|p2a: Ditto|0 fnt
|faint|p2a: Ditto
|-hitcount|p2: Ditto|3
|
|-heal|p2b: Toxapex|46/100|[from] item: Leftovers
|-damage|p1b: 14|21/100 psn|[from] psn
|-damage|p1a: 8|69/100|[from] move: Infestation|[partiallytrapped]
|upkeep
|inactive|TurtleMicro has 30 seconds left.
|
|t:|1784609997
|switch|p2a: Sinistcha|Sinistcha-Masterpiece, L50|100/100
|-heal|p2b: Toxapex|71/100|[from] ability: Hospitality|[of] p2a: Sinistcha
|turn|3
|inactive|Jehosh has 30 seconds left.
|
|t:|1784610023
|-heal|p2b: Toxapex|100/100|[from] ability: Regenerator|[silent]
|switch|p2b: Crabominable|Crabominable, L50, M|100/100
|move|p1b: 14|Stomping Tantrum|p2b: Crabominable
|-damage|p2b: Crabominable|45/100
|move|p1a: 8|Taunt|p2a: Sinistcha
|-start|p2a: Sinistcha|move: Taunt
|cant|p2a: Sinistcha|move: Taunt|Trick Room
|
|-damage|p1b: 14|9/100 psn|[from] psn
|-end|p1a: 8|Infestation|[partiallytrapped]|[silent]
|upkeep
|turn|4
|inactive|Jehosh has 30 seconds left.
|inactive|TurtleMicro has 30 seconds left.
|
|t:|1784610049
|switch|p2a: Toxapex|Toxapex, L50, F|100/100
|detailschange|p2b: Crabominable|Crabominable-Mega, L50, M
|-mega|p2b: Crabominable|Crabominable|Crabominite
|move|p2b: Crabominable|Protect|p2b: Crabominable
|-singleturn|p2b: Crabominable|Protect
|move|p1b: 14|Dragon Claw|p2b: Crabominable
|-activate|p2b: Crabominable|move: Protect
|move|p1a: 8|Trop Kick|p2b: Crabominable
|-activate|p2b: Crabominable|move: Protect
|
|-damage|p1b: 14|0 fnt|[from] psn
|faint|p1b: 14
|upkeep
|
|t:|1784610065
|switch|p1b: 4|Jolteon, L50, F|100/100
|turn|5
|inactive|Jehosh has 30 seconds left.
|
|t:|1784610095
|switch|p2a: Sinistcha|Sinistcha-Masterpiece, L50|100/100
|-heal|p2b: Crabominable|70/100|[from] ability: Hospitality|[of] p2a: Sinistcha
|move|p2b: Crabominable|Protect|p2b: Crabominable
|-singleturn|p2b: Crabominable|Protect
|move|p1b: 4|Alluring Voice|p2b: Crabominable
|-activate|p2b: Crabominable|move: Protect
|move|p1a: 8|Trop Kick|p2b: Crabominable
|-activate|p2b: Crabominable|move: Protect
|
|upkeep
|turn|6
|inactive|TurtleMicro has 30 seconds left.
|
|t:|1784610122
|move|p2a: Sinistcha|Rage Powder|p2a: Sinistcha
|-singleturn|p2a: Sinistcha|move: Rage Powder
|move|p1b: 4|Alluring Voice|p2a: Sinistcha
|-damage|p2a: Sinistcha|75/100
|move|p1a: 8|Taunt|p2a: Sinistcha
|-start|p2a: Sinistcha|move: Taunt
|move|p2b: Crabominable|Ice Hammer|p1a: 8|[miss]
|-miss|p2b: Crabominable|p1a: 8
|
|upkeep
|turn|7
|inactive|TurtleMicro has 30 seconds left.
|
|t:|1784610147
|switch|p2b: Toxapex|Toxapex, L50, F|100/100
|move|p1b: 4|Volt Switch|p2b: Toxapex
|-supereffective|p2b: Toxapex|1
|-damage|p2b: Toxapex|38/100
|
|t:|1784610153
|switch|p1b: 17|Tyranitar, L50, F|100/100|[from] Volt Switch
|-weather|Sandstorm|[from] ability: Sand Stream|[of] p1b: 17
|move|p1a: 8|Trop Kick|p2b: Toxapex
|-damage|p2b: Toxapex|15/100
|-unboost|p2b: Toxapex|atk|1
|move|p2a: Sinistcha|Matcha Gotcha|p1b: 17|[spread] p1a,p1b
|-resisted|p1a: 8|1
|-crit|p1a: 8
|-supereffective|p1b: 17|1
|-damage|p1a: 8|51/100
|-heal|p2a: Sinistcha|84/100|[from] drain|[of] p1a: 8
|-damage|p1b: 17|78/100
|-heal|p2a: Sinistcha|97/100|[from] drain|[of] p1b: 17
|
|-weather|Sandstorm|[upkeep]
|-damage|p1a: 8|45/100|[from] Sandstorm
|-damage|p2a: Sinistcha|91/100|[from] Sandstorm
|-damage|p2b: Toxapex|10/100|[from] Sandstorm
|-heal|p2b: Toxapex|15/100|[from] item: Leftovers
|upkeep
|turn|8
|inactive|Jehosh has 30 seconds left.
|inactive|TurtleMicro has 30 seconds left.
|inactive|Jehosh has 20 seconds left.
|
|t:|1784610189
|move|p2b: Toxapex|Baneful Bunker|p2b: Toxapex
|-singleturn|p2b: Toxapex|move: Protect
|move|p1a: 8|Triple Axel|p2a: Sinistcha|[miss]
|-miss|p1a: 8|p2a: Sinistcha
|move|p2a: Sinistcha|Matcha Gotcha|p1a: 8|[spread] p1a,p1b
|-resisted|p1a: 8|1
|-supereffective|p1b: 17|1
|-damage|p1a: 8|33/100
|-heal|p2a: Sinistcha|97/100|[from] drain|[of] p1a: 8
|-damage|p1b: 17|58/100
|-heal|p2a: Sinistcha|100/100|[from] drain|[of] p1b: 17
|-status|p1b: 17|brn
|move|p1b: 17|Rock Slide|p2a: Sinistcha|[spread] 
|-activate|p2b: Toxapex|move: Protect
|-miss|p1b: 17|p2a: Sinistcha
|
|-weather|Sandstorm|[upkeep]
|-damage|p1a: 8|27/100|[from] Sandstorm
|-damage|p2a: Sinistcha|93/100|[from] Sandstorm
|-damage|p2b: Toxapex|10/100|[from] Sandstorm
|-heal|p2b: Toxapex|15/100|[from] item: Leftovers
|-damage|p1b: 17|52/100 brn|[from] brn
|upkeep
|turn|9
|inactive|Jehosh has 30 seconds left.
|inactive|TurtleMicro has 30 seconds left.
|inactive|TurtleMicro has 20 seconds left.
|
|t:|1784610224
|-heal|p2b: Toxapex|49/100|[from] ability: Regenerator|[silent]
|switch|p2b: Crabominable|Crabominable-Mega, L50, M|70/100
|move|p1a: 8|Triple Axel|p2a: Sinistcha
|-supereffective|p2a: Sinistcha|1
|-damage|p2a: Sinistcha|83/100
|-supereffective|p2a: Sinistcha|1
|-damage|p2a: Sinistcha|63/100
|-supereffective|p2a: Sinistcha|1
|-damage|p2a: Sinistcha|37/100
|-hitcount|p2a: Sinistcha|3
|move|p2a: Sinistcha|Matcha Gotcha|p1b: 17|[spread] p1a,p1b
|-resisted|p1a: 8|1
|-supereffective|p1b: 17|1
|-damage|p1a: 8|15/100
|-heal|p2a: Sinistcha|43/100|[from] drain|[of] p1a: 8
|-damage|p1b: 17|31/100 brn
|-heal|p2a: Sinistcha|56/100|[from] drain|[of] p1b: 17
|-status|p1a: 8|brn
|move|p1b: 17|Rock Slide|p2b: Crabominable|[spread] p2a,p2b
|-damage|p2a: Sinistcha|46/100
|-damage|p2b: Crabominable|61/100
|
|-weather|Sandstorm|[upkeep]
|-damage|p1a: 8|9/100 brn|[from] Sandstorm
|-damage|p2a: Sinistcha|40/100|[from] Sandstorm
|-damage|p2b: Crabominable|55/100|[from] Sandstorm
|-damage|p1a: 8|3/100 brn|[from] brn
|-damage|p1b: 17|25/100 brn|[from] brn
|-end|p2a: Sinistcha|move: Taunt
|upkeep
|turn|10
|inactive|Jehosh has 30 seconds left.
|inactive|TurtleMicro has 30 seconds left.
|inactive|Jehosh has 20 seconds left.
|inactive|TurtleMicro has 20 seconds left.
|inactive|TurtleMicro has 15 seconds left.
|
|t:|1784610268
|move|p1a: 8|Trop Kick|p2b: Crabominable
|-damage|p2b: Crabominable|42/100
|-unboost|p2b: Crabominable|atk|1
|move|p2a: Sinistcha|Matcha Gotcha|p1b: 17|[spread] p1a,p1b
|-resisted|p1a: 8|1
|-supereffective|p1b: 17|1
|-damage|p1a: 8|0 fnt
|-heal|p2a: Sinistcha|42/100|[from] drain|[of] p1a: 8
|-damage|p1b: 17|4/100 brn
|-heal|p2a: Sinistcha|54/100|[from] drain|[of] p1b: 17
|faint|p1a: 8
|move|p1b: 17|Rock Slide|p2a: Sinistcha|[spread] p2a,p2b
|-damage|p2a: Sinistcha|44/100
|-damage|p2b: Crabominable|33/100
|move|p2b: Crabominable|Drain Punch|p1b: 17
|-supereffective|p1b: 17|2
|-damage|p1b: 17|0 fnt
|-heal|p2b: Crabominable|35/100|[from] drain|[of] p1b: 17
|faint|p1b: 17
|
|-weather|Sandstorm|[upkeep]
|-damage|p2a: Sinistcha|38/100|[from] Sandstorm
|-damage|p2b: Crabominable|29/100|[from] Sandstorm
|upkeep
|
|t:|1784610276
|switch|p1a: 4|Jolteon, L50, F|100/100
|turn|11
|
|t:|1784610298
|switch|p2b: Toxapex|Toxapex, L50, F|49/100
|move|p1a: 4|Thunderbolt|p2b: Toxapex
|-supereffective|p2b: Toxapex|1
|-damage|p2b: Toxapex|0 fnt
|faint|p2b: Toxapex
|move|p2a: Sinistcha|Trick Room|p2a: Sinistcha
|-fieldstart|move: Trick Room|[of] p2a: Sinistcha
|
|-weather|none
|upkeep
|
|t:|1784610311
|switch|p2b: Crabominable|Crabominable-Mega, L50, M|29/100
|turn|12
|
|t:|1784610326
|move|p1a: 4|Detect|p1a: 4
|-singleturn|p1a: 4|Protect
|move|p2b: Crabominable|Drain Punch|p1a: 4
|-activate|p1a: 4|move: Protect
|move|p2a: Sinistcha|Life Dew|p2a: Sinistcha|[spread] p2a,p2b
|-heal|p2a: Sinistcha|64/100
|-heal|p2b: Crabominable|54/100
|
|upkeep
|turn|13
|
|t:|1784610334
|move|p1a: 4|Detect|p1a: 4
|-singleturn|p1a: 4|Protect
|move|p2b: Crabominable|Drain Punch|p1a: 4
|-activate|p1a: 4|move: Protect
|move|p2a: Sinistcha|Life Dew|p2a: Sinistcha|[spread] p2a,p2b
|-heal|p2a: Sinistcha|89/100
|-heal|p2b: Crabominable|79/100
|
|upkeep
|turn|14
|
|t:|1784610341
|move|p1a: 4|Detect||[still]
|-fail|p1a: 4
|move|p2b: Crabominable|Drain Punch|p1a: 4
|-damage|p1a: 4|0 fnt
|-heal|p2b: Crabominable|100/100|[from] drain|[of] p1a: 4
|faint|p1a: 4
|
|win|TurtleMicro
|l|☆Jehosh
|player|p1|
