|j|☆Aseguradoras Gomez
|j|☆JNEST
|html|Aseguradoras GomezJNEST    
|uhtml|bestof|Game 2 of a best-of-3
|t:|1756419495
|gametype|doubles
|player|p1|Aseguradoras Gomez|iono|1153
|player|p2|JNEST|veteran-gen4|1223
|gen|9
|tier|[Gen 9] VGC 2025 Reg H (Bo3)
|rated|
|rule|Species Clause: Limit one of each Pokémon
|rule|Item Clause: Limit 1 of each item
|clearpoke
|poke|p1|Stonjourner, L50, F|
|poke|p1|Dragonite, L50, F|
|poke|p1|Kingambit, L50, M|
|poke|p1|Rillaboom, L50, M|
|poke|p1|Kommo-o, L50, M|
|poke|p1|Electabuzz, L50, F|
|poke|p2|Weezing, L50, M|
|poke|p2|Indeedee, L50, M|
|poke|p2|Ursaluna-Bloodmoon, L50, M|
|poke|p2|Annihilape, L50, M|
|poke|p2|Tyranitar, L50, M|
|poke|p2|Corviknight, L50, F|
|teampreview|4
|showteam|p1|Stonjourner||FocusSash|PowerSpot|RockSlide,StealthRock,WideGuard,Protect|||F|||50|,,,,,Ghost]Dragonite||ChoiceBand|InnerFocus|ExtremeSpeed,Outrage,StompingTantrum,IronHead|||F|||50|,,,,,Normal]Kingambit||BlackGlasses|Defiant|Assurance,SuckerPunch,SwordsDance,Protect|||M|||50|,,,,,Dark]Rillaboom||AssaultVest|GrassySurge|GrassyGlide,WoodHammer,FakeOut,Uturn|||M|||50|,,,,,Fire]Kommo-o||ThroatSpray|Soundproof|ClangingScales,AuraSphere,ClangorousSoul,Protect|||M|||50|,,,,,Steel]Electabuzz||Eviolite|VitalSpirit|Electroweb,Taunt,FollowMe,Protect|||F|||50|,,,,,Ghost
|showteam|p2|Weezing||SitrusBerry|NeutralizingGas|Protect,Taunt,WillOWisp,SludgeBomb|||M|||50|,,,,,Ghost]Indeedee||ChoiceScarf|PsychicSurge|ExpandingForce,TeraBlast,Trick,HyperVoice|||M|||50|,,,,,Fighting]Ursaluna-Bloodmoon||LifeOrb|MindsEye|Protect,HyperVoice,EarthPower,BloodMoon|||M|||50|,,,,,Normal]Annihilape||SafetyGoggles|Defiant|Taunt,RageFist,CloseCombat,FinalGambit|||M|||50|,,,,,Fairy]Tyranitar||AssaultVest|SandStream|RockSlide,KnockOff,TeraBlast,LowKick|||M|||50|,,,,,Flying]Corviknight||Leftovers|MirrorArmor|BraveBird,Tailwind,Roost,BulkUp|||F|||50|,,,,,Dragon
|inactive|Battle timer is ON: inactive players will automatically lose when time's up. (requested by JNEST)
|
|t:|1756419522
|teamsize|p1|4
|teamsize|p2|4
|start
|switch|p1a: Electabuzz|Electabuzz, L50, F|100/100
|switch|p1b: Dragonite|Dragonite, L50, F|100/100
|switch|p2a: Annihilape|Annihilape, L50, M|100/100
|switch|p2b: Weezing|Weezing, L50, M|100/100
|-ability|p2b: Weezing|Neutralizing Gas
|turn|1
|inactive|Aseguradoras Gomez has 30 seconds left.
|
|t:|1756419555
|-end|p2b: Weezing|ability: Neutralizing Gas
|switch|p2b: Tyranitar|Tyranitar, L50, M|100/100
|-weather|Sandstorm|[from] ability: Sand Stream|[of] p2b: Tyranitar
|-terastallize|p2a: Annihilape|Fairy
|-terastallize|p1a: Electabuzz|Ghost
|move|p1a: Electabuzz|Follow Me|p1a: Electabuzz
|-singleturn|p1a: Electabuzz|move: Follow Me
|move|p2a: Annihilape|Taunt|p1a: Electabuzz
|-start|p1a: Electabuzz|move: Taunt
|move|p1b: Dragonite|Outrage|p2a: Annihilape
|-immune|p2a: Annihilape
|
|-weather|Sandstorm|[upkeep]
|-damage|p1b: Dragonite|94/100|[from] Sandstorm
|-damage|p1a: Electabuzz|94/100|[from] Sandstorm
|upkeep
|turn|2
|
|t:|1756419574
|switch|p1a: Rillaboom|Rillaboom, L50, M|100/100
|-fieldstart|move: Grassy Terrain|[from] ability: Grassy Surge|[of] p1a: Rillaboom
|move|p2a: Annihilape|Rage Fist|p1b: Dragonite
|-damage|p1b: Dragonite|72/100
|move|p1b: Dragonite|Outrage|p2b: Tyranitar
|-damage|p2b: Tyranitar|16/100
|move|p2b: Tyranitar|Knock Off|p1b: Dragonite
|-damage|p1b: Dragonite|14/100
|-enditem|p1b: Dragonite|Choice Band|[from] move: Knock Off|[of] p2b: Tyranitar
|
|-weather|Sandstorm|[upkeep]
|-damage|p1b: Dragonite|8/100|[from] Sandstorm
|-damage|p1a: Rillaboom|95/100|[from] Sandstorm
|-heal|p1a: Rillaboom|100/100|[from] Grassy Terrain
|-heal|p2b: Tyranitar|22/100|[from] Grassy Terrain
|upkeep
|turn|3
|
|t:|1756419596
|switch|p2b: Indeedee|Indeedee, L50, M|100/100
|-fieldstart|move: Psychic Terrain|[from] ability: Psychic Surge|[of] p2b: Indeedee
|move|p1a: Rillaboom|Fake Out|p2a: Annihilape
|-activate|p2a: Annihilape|move: Psychic Terrain
|move|p2a: Annihilape|Rage Fist|p1b: Dragonite
|-damage|p1b: Dragonite|0 fnt
|faint|p1b: Dragonite
|
|-weather|Sandstorm|[upkeep]
|-damage|p2b: Indeedee|95/100|[from] Sandstorm
|-damage|p1a: Rillaboom|95/100|[from] Sandstorm
|upkeep
|
|t:|1756419607
|switch|p1b: Willem Dafoe|Stonjourner, L50, F|100/100
|turn|4
|inactive|Aseguradoras Gomez has 30 seconds left.
|inactive|Aseguradoras Gomez has 20 seconds left.
|
|t:|1756419645
|move|p2b: Indeedee|Expanding Force|p1a: Rillaboom|[spread] p1a,p1b
|-damage|p1a: Rillaboom|57/100
|-enditem|p1b: Willem Dafoe|Focus Sash
|-damage|p1b: Willem Dafoe|1/100
|move|p2a: Annihilape|Rage Fist|p1a: Rillaboom
|-damage|p1a: Rillaboom|38/100
|move|p1b: Willem Dafoe|Rock Slide|p2a: Annihilape|[spread] p2a,p2b
|-damage|p2a: Annihilape|72/100
|-damage|p2b: Indeedee|33/100
|move|p1a: Rillaboom|Wood Hammer|p2a: Annihilape
|-damage|p2a: Annihilape|0 fnt
|faint|p2a: Annihilape
|-damage|p1a: Rillaboom|14/100|[from] Recoil
|
|-weather|Sandstorm|[upkeep]
|-damage|p2b: Indeedee|27/100|[from] Sandstorm
|-damage|p1a: Rillaboom|8/100|[from] Sandstorm
|upkeep
|
|t:|1756419660
|switch|p2a: Tyranitar|Tyranitar, L50, M|22/100
|turn|5
|
|t:|1756419671
|move|p1b: Willem Dafoe|Protect|p1b: Willem Dafoe
|-singleturn|p1b: Willem Dafoe|Protect
|move|p2b: Indeedee|Expanding Force|p1a: Rillaboom|[spread] p1a
|-activate|p1b: Willem Dafoe|move: Protect
|-damage|p1a: Rillaboom|0 fnt
|faint|p1a: Rillaboom
|move|p2a: Tyranitar|Knock Off|p1b: Willem Dafoe
|-activate|p1b: Willem Dafoe|move: Protect
|
|-weather|none
|upkeep
|
|t:|1756419678
|switch|p1a: Electabuzz|Electabuzz, L50, F, tera:Ghost|94/100
|turn|6
|
|t:|1756419690
|move|p2b: Indeedee|Expanding Force|p1a: Electabuzz|[spread] p1a,p1b
|-damage|p1a: Electabuzz|50/100
|-damage|p1b: Willem Dafoe|0 fnt
|faint|p1b: Willem Dafoe
|move|p1a: Electabuzz|Electroweb|p2b: Indeedee|[spread] p2a,p2b
|-damage|p2a: Tyranitar|13/100
|-damage|p2b: Indeedee|9/100
|-unboost|p2a: Tyranitar|spe|1
|-unboost|p2b: Indeedee|spe|1
|move|p2a: Tyranitar|Knock Off|p1a: Electabuzz
|-supereffective|p1a: Electabuzz
|-damage|p1a: Electabuzz|0 fnt
|-enditem|p1a: Electabuzz|Eviolite|[from] move: Knock Off|[of] p2a: Tyranitar
|faint|p1a: Electabuzz
|
|win|JNEST
|raw|Aseguradoras Gomez's rating: 1153 → 1133(-20 for losing)
|raw|JNEST's rating: 1223 → 1243(+20 for winning)
|l|☆Aseguradoras Gomez
|player|p1|
