|j|☆extreme90
|j|☆Lewis Hamilton Fan
|html|extreme90Lewis Hamilton Fan    
|uhtml|bestof|Game 1 of a best-of-3
|t:|1783551156
|gametype|doubles
|player|p1|extreme90|firebreather|1107
|player|p2|Lewis Hamilton Fan|benga|1135
|gen|9
|tier|[Gen 9 Champions] VGC 2026 Reg M-B (Bo3)
|rated|
|rule|Species Clause: Limit one of each Pokémon
|rule|Item Clause: Limit 1 of each item
|clearpoke
|poke|p1|Swampert, L50, M|
|poke|p1|Archaludon, L50, M|
|poke|p1|Pelipper, L50, M|
|poke|p1|Sinistcha-Masterpiece, L50|
|poke|p1|Sableye, L50, F|
|poke|p1|Metagross, L50|
|poke|p2|Blaziken, L50, F|
|poke|p2|Aerodactyl, L50, M|
|poke|p2|Kingambit, L50, F|
|poke|p2|Basculegion, L50, M|
|poke|p2|Sylveon, L50, M|
|poke|p2|Torkoal, L50, F|
|teampreview|4
|showteam|p1|Swampert||Swampertite|Torrent|WaveCrash,IcePunch,HighHorsepower,Protect|Adamant||M|||50|]Archaludon||Leftovers|Stamina|ElectroShot,AuraSphere,FlashCannon,Protect|Modest||M|||50|]Pelipper||FocusSash|Drizzle|Hurricane,WeatherBall,Tailwind,Protect|Modest||M|||50|]Sinistcha-Masterpiece||ColburBerry|Hospitality|MatchaGotcha,ShadowBall,RagePowder,Protect|Timid|||||50|]Sableye||RoseliBerry|Prankster|WillOWisp,RainDance,Quash,LightScreen|Bold||F|||50|]Metagross||Metagrossite|ClearBody|BodyPress,IronHead,PsychicFangs,Protect|Jolly|||||50|
|showteam|p2|Blaziken||Blazikenite|SpeedBoost|FlareBlitz,CloseCombat,Protect,RockSlide|Adamant||F|||50|]Aerodactyl||Aerodactylite|Unnerve|RockSlide,DualWingbeat,IceFang,Tailwind|Jolly||M|||50|]Kingambit||LifeOrb|Defiant|KowtowCleave,Protect,IronHead,SuckerPunch|Adamant||F|||50|]Basculegion||FocusSash|Adaptability|Liquidation,Protect,LastRespects,AquaJet|Adamant||M|||50|]Sylveon||FairyFeather|Pixilate|HyperVoice,Moonblast,QuickAttack,Protect|Modest||M|||50|]Torkoal||Leftovers|Drought|BurningJealousy,WeatherBall,Protect,Yawn|Relaxed||F|||50|
|inactive|Battle timer is ON: inactive players will automatically lose when time's up. (requested by Lewis Hamilton Fan)
|inactive|Lewis Hamilton Fan has 60 seconds left.
|
|t:|1783551258
|teamsize|p1|4
|teamsize|p2|4
|start
|switch|p1a: Sableye|Sableye, L50, F|100/100
|switch|p1b: Archaludon|Archaludon, L50, M|100/100
|switch|p2a: Blaziken|Blaziken, L50, F|100/100
|switch|p2b: Kingambit|Kingambit, L50, F|100/100
|turn|1
|inactive|Lewis Hamilton Fan has 30 seconds left.
|inactive|Lewis Hamilton Fan has 20 seconds left.
|
|t:|1783551293
|detailschange|p2a: Blaziken|Blaziken-Mega, L50, F
|-mega|p2a: Blaziken|Blaziken|Blazikenite
|move|p2a: Blaziken|Protect|p2a: Blaziken
|-singleturn|p2a: Blaziken|Protect
|move|p1b: Archaludon|Protect|p1b: Archaludon
|-singleturn|p1b: Archaludon|Protect
|move|p1a: Sableye|Rain Dance|p1a: Sableye
|-weather|RainDance
|move|p2b: Kingambit|Kowtow Cleave|p1a: Sableye
|-damage|p1a: Sableye|20/100y
|-damage|p2b: Kingambit|90/100|[from] item: Life Orb
|
|-weather|RainDance|[upkeep]
|-ability|p2a: Blaziken|Speed Boost|boost
|-boost|p2a: Blaziken|spe|1
|upkeep
|turn|2
|inactive|extreme90 has 30 seconds left.
|inactive|Lewis Hamilton Fan has 30 seconds left.
|
|t:|1783551327
|switch|p2b: Torkoal|Torkoal, L50, F|100/100
|-weather|SunnyDay|[from] ability: Drought|[of] p2b: Torkoal
|move|p1a: Sableye|Quash|p2a: Blaziken
|-activate|p2a: Blaziken|move: Quash
|move|p1b: Archaludon|Aura Sphere|p2b: Torkoal
|-damage|p2b: Torkoal|71/100
|move|p2a: Blaziken|Close Combat|p1b: Archaludon
|-supereffective|p1b: Archaludon|1
|-damage|p1b: Archaludon|0 fnt
|-unboost|p2a: Blaziken|def|1
|-unboost|p2a: Blaziken|spd|1
|faint|p1b: Archaludon
|
|-weather|SunnyDay|[upkeep]
|-heal|p2b: Torkoal|77/100|[from] item: Leftovers
|-ability|p2a: Blaziken|Speed Boost|boost
|-boost|p2a: Blaziken|spe|1
|upkeep
|
|t:|1783551343
|switch|p1b: Pelipper|Pelipper, L50, M|100/100
|-weather|RainDance|[from] ability: Drizzle|[of] p1b: Pelipper
|turn|3
|
|t:|1783551360
|move|p2a: Blaziken|Protect|p2a: Blaziken
|-singleturn|p2a: Blaziken|Protect
|move|p1a: Sableye|Quash|p2a: Blaziken
|-activate|p2a: Blaziken|move: Protect
|move|p1b: Pelipper|Weather Ball|p2a: Blaziken
|-activate|p2a: Blaziken|move: Protect
|move|p2b: Torkoal|Weather Ball|p1a: Sableye
|-damage|p1a: Sableye|0 fnt
|faint|p1a: Sableye
|
|-weather|RainDance|[upkeep]
|-heal|p2b: Torkoal|84/100|[from] item: Leftovers
|-ability|p2a: Blaziken|Speed Boost|boost
|-boost|p2a: Blaziken|spe|1
|upkeep
|
|t:|1783551372
|switch|p1a: Swampert|Swampert, L50, M|100/100
|turn|4
|
|t:|1783551382
|switch|p2b: Kingambit|Kingambit, L50, F|90/100
|move|p2a: Blaziken|Close Combat|p1a: Swampert
|-damage|p1a: Swampert|12/100
|-unboost|p2a: Blaziken|def|1
|-unboost|p2a: Blaziken|spd|1
|move|p1b: Pelipper|Weather Ball|p2a: Blaziken
|-supereffective|p2a: Blaziken|1
|-damage|p2a: Blaziken|0 fnt
|faint|p2a: Blaziken
|move|p1a: Swampert|Wave Crash|p2b: Kingambit
|-damage|p2b: Kingambit|0 fnt
|faint|p2b: Kingambit
|-damage|p1a: Swampert|0 fnt|[from] Recoil
|faint|p1a: Swampert
|
|-weather|RainDance|[upkeep]
|upkeep
|
|t:|1783551399
|switch|p2a: Torkoal|Torkoal, L50, F|84/100
|switch|p2b: Sylveon|Sylveon, L50, M|100/100
|-weather|SunnyDay|[from] ability: Drought|[of] p2a: Torkoal
|turn|5
|
|t:|1783551409
|move|p1b: Pelipper|Hurricane|p2a: Torkoal
|-damage|p2a: Torkoal|23/100
|move|p2b: Sylveon|Hyper Voice|p1b: Pelipper
|-enditem|p1b: Pelipper|Focus Sash
|-damage|p1b: Pelipper|1/100
|move|p2a: Torkoal|Yawn|p1b: Pelipper
|-start|p1b: Pelipper|move: Yawn|[of] p2a: Torkoal
|
|-weather|SunnyDay|[upkeep]
|-heal|p2a: Torkoal|30/100|[from] item: Leftovers
|upkeep
|turn|6
|
|t:|1783551428
|move|p2b: Sylveon|Quick Attack|p1b: Pelipper
|-damage|p1b: Pelipper|0 fnt
|faint|p1b: Pelipper
|
|win|Lewis Hamilton Fan
