|j|☆MinasDevilCrobats
|j|☆Imaginary Iris
|html|MinasDevilCrobatsImaginary Iris    
|uhtml|bestof|Game 2 of a best-of-3
|t:|1757715823
|gametype|doubles
|player|p1|MinasDevilCrobats|darach-caitlin|1157
|player|p2|Imaginary Iris|lady|1168
|gen|9
|tier|[Gen 9] VGC 2025 Reg H (Bo3)
|rated|
|rule|Species Clause: Limit one of each Pokémon
|rule|Item Clause: Limit 1 of each item
|clearpoke
|poke|p1|Indeedee, L50, M|
|poke|p1|Sneasler, L50, M|
|poke|p1|Dondozo, L50, M|
|poke|p1|Tatsugiri, L50, M|
|poke|p1|Talonflame, L50, M|
|poke|p1|Glimmora, L50, M|
|poke|p2|Ninetales-Alola, L50, F|
|poke|p2|Ursaluna-Bloodmoon, L50, M|
|poke|p2|Talonflame, L50, F|
|poke|p2|Gholdengo, L50|
|poke|p2|Amoonguss, L50, M|
|poke|p2|Tauros-Paldea-Aqua, L50, M|
|teampreview|4
|showteam|p1|Indeedee||ChoiceScarf|PsychicSurge|ExpandingForce,DazzlingGleam,Trick,Protect|||M|||50|,,,,,Fairy]Sneasler||PsychicSeed|Unburden|CloseCombat,DireClaw,ThroatChop,Protect|||M|||50|,,,,,Dark]Dondozo||Leftovers|Unaware|WaveCrash,OrderUp,Earthquake,Protect|||M|||50|,,,,,Grass]Tatsugiri||FocusSash|Commander|MuddyWater,DracoMeteor,DragonPulse,Protect|||M|||50|,,,,,Steel]Talonflame||CovertCloak|GaleWings|FlareBlitz,BraveBird,Tailwind,WillOWisp|||M|||50|,,,,,Grass]Glimmora||PowerHerb|ToxicDebris|MeteorBeam,SludgeBomb,EarthPower,SpikyShield|||M|||50|,,,,,Grass
|showteam|p2|Ninetales-Alola||ChoiceSpecs|SnowWarning|Blizzard,AuroraVeil,FreezeDry,Moonblast|||F|||50|,,,,,Ghost]Ursaluna-Bloodmoon||AssaultVest|MindsEye|HyperVoice,BloodMoon,EarthPower,HyperBeam|||M|||50|,,,,,Water]Talonflame||CovertCloak|GaleWings|BraveBird,FlareBlitz,Tailwind,Taunt|||F|||50|,,,,,Ghost]Gholdengo||LifeOrb|GoodasGold|Protect,MakeItRain,NastyPlot,ShadowBall||||||50|,,,,,Steel]Amoonguss||SitrusBerry|Regenerator|PollenPuff,ClearSmog,RagePowder,Spore|||M|||50|,,,,,Water]Tauros-Paldea-Aqua||MirrorHerb|Intimidate|Protect,AquaJet,CloseCombat,RagingBull|||M|||50|,,,,,Grass
|inactive|Battle timer is ON: inactive players will automatically lose when time's up. (requested by MinasDevilCrobats)
|
|t:|1757715884
|teamsize|p1|4
|teamsize|p2|4
|start
|switch|p1a: Indeedee|Indeedee, L50, M|100/100
|switch|p1b: Sneasler|Sneasler, L50, M|100/100
|switch|p2a: Talonflame|Talonflame, L50, F|100/100
|switch|p2b: Tauros|Tauros-Paldea-Aqua, L50, M|100/100
|-fieldstart|move: Psychic Terrain|[from] ability: Psychic Surge|[of] p1a: Indeedee
|-enditem|p1b: Sneasler|Psychic Seed
|-boost|p1b: Sneasler|spd|1|[from] item: Psychic Seed
|-ability|p2b: Tauros|Intimidate|boost
|-unboost|p1a: Indeedee|atk|1
|-unboost|p1b: Sneasler|atk|1
|-enditem|p2b: Tauros|Mirror Herb
|-boost|p2b: Tauros|spd|1|[from] item: Mirror Herb
|turn|1
|
|t:|1757715901
|-terastallize|p2b: Tauros|Grass
|move|p2a: Talonflame|Tailwind|p2a: Talonflame
|-sidestart|p2: Imaginary Iris|move: Tailwind
|move|p1b: Sneasler|Dire Claw|p2a: Talonflame
|-damage|p2a: Talonflame|56/100
|move|p2b: Tauros|Raging Bull|p1b: Sneasler
|-damage|p1b: Sneasler|17/100
|move|p1a: Indeedee|Expanding Force|p2a: Talonflame|[spread] p2a,p2b
|-damage|p2a: Talonflame|0 fnt
|-damage|p2b: Tauros|37/100
|faint|p2a: Talonflame
|
|upkeep
|
|t:|1757715916
|switch|p2a: Ursaluna|Ursaluna-Bloodmoon, L50, M|100/100
|turn|2
|
|t:|1757715935
|switch|p2a: Amoonguss|Amoonguss, L50, M|100/100
|move|p1b: Sneasler|Close Combat|p2a: Amoonguss
|-resisted|p2a: Amoonguss
|-damage|p2a: Amoonguss|81/100
|-unboost|p1b: Sneasler|def|1
|-unboost|p1b: Sneasler|spd|1
|move|p2b: Tauros|Close Combat|p1a: Indeedee
|-damage|p1a: Indeedee|0 fnt
|-unboost|p2b: Tauros|def|1
|-unboost|p2b: Tauros|spd|1
|faint|p1a: Indeedee
|
|upkeep
|
|t:|1757715944
|switch|p1a: Talonflame|Talonflame, L50, M|100/100
|turn|3
|inactive|Imaginary Iris has 30 seconds left.
|inactive|Imaginary Iris has 20 seconds left.
|inactive|Imaginary Iris has 15 seconds left.
|inactive|Imaginary Iris has 10 seconds left.
|
|t:|1757715991
|-terastallize|p1a: Talonflame|Grass
|move|p2a: Amoonguss|Rage Powder|p2a: Amoonguss
|-singleturn|p2a: Amoonguss|move: Rage Powder
|move|p1a: Talonflame|Tailwind|p1a: Talonflame
|-sidestart|p1: MinasDevilCrobats|move: Tailwind
|move|p1b: Sneasler|Close Combat|p2a: Amoonguss
|-resisted|p2a: Amoonguss
|-damage|p2a: Amoonguss|64/100
|-unboost|p1b: Sneasler|def|1
|-unboost|p1b: Sneasler|spd|1
|move|p2b: Tauros|Close Combat|p1a: Talonflame
|-damage|p1a: Talonflame|12/100
|-unboost|p2b: Tauros|def|1
|-unboost|p2b: Tauros|spd|1
|
|upkeep
|turn|4
|inactive|Imaginary Iris has 30 seconds left.
|
|t:|1757716019
|switch|p2b: Ursaluna|Ursaluna-Bloodmoon, L50, M|100/100
|move|p2a: Amoonguss|Rage Powder|p2a: Amoonguss
|-singleturn|p2a: Amoonguss|move: Rage Powder
|move|p1b: Sneasler|Dire Claw|p2a: Amoonguss
|-damage|p2a: Amoonguss|40/100
|-status|p2a: Amoonguss|slp
|-enditem|p2a: Amoonguss|Sitrus Berry|[eat]
|-heal|p2a: Amoonguss|65/100 slp|[from] item: Sitrus Berry
|move|p1a: Talonflame|Flare Blitz|p2b: Ursaluna
|-crit|p2b: Ursaluna
|-damage|p2b: Ursaluna|48/100
|-damage|p1a: Talonflame|0 fnt|[from] Recoil
|faint|p1a: Talonflame
|
|-sideend|p2: Imaginary Iris|move: Tailwind
|upkeep
|
|t:|1757716031
|switch|p1a: Glimmora|Glimmora, L50, M|100/100
|turn|5
|
|t:|1757716045
|switch|p2b: Tauros|Tauros-Paldea-Aqua, L50, M, tera:Grass|37/100
|-ability|p2b: Tauros|Intimidate|boost
|-unboost|p1a: Glimmora|atk|1
|-unboost|p1b: Sneasler|atk|1
|cant|p2a: Amoonguss|slp
|move|p1b: Sneasler|Close Combat|p2b: Tauros
|-damage|p2b: Tauros|0 fnt
|-unboost|p1b: Sneasler|def|1
|-unboost|p1b: Sneasler|spd|1
|faint|p2b: Tauros
|move|p1a: Glimmora|Meteor Beam||[still]
|-prepare|p1a: Glimmora|Meteor Beam
|-boost|p1a: Glimmora|spa|1
|-enditem|p1a: Glimmora|Power Herb
|-anim|p1a: Glimmora|Meteor Beam|p2a: Amoonguss
|-damage|p2a: Amoonguss|0 fnt
|faint|p2a: Amoonguss
|
|-fieldend|move: Psychic Terrain
|upkeep
|
|t:|1757716054
|switch|p2a: Ursaluna|Ursaluna-Bloodmoon, L50, M|48/100
|turn|6
|-message|Imaginary Iris forfeited.
|
|win|MinasDevilCrobats
||Imaginary Iris is ready for game 3.
||MinasDevilCrobats is ready for game 3.
|uhtml|next|Next: Game 3 of 3
|l|☆MinasDevilCrobats
|player|p1|
|l|☆Imaginary Iris
|player|p2|
|j|☆MinasDevilCrobats
|player|p1|MinasDevilCrobats|darach-caitlin|
