|j|☆billimagchili
|j|☆Aircross360
|html|billimagchiliAircross360    
|uhtml|bestof|Game 1 of a best-of-3
|t:|1756461404
|gametype|doubles
|player|p1|billimagchili|red|1048
|player|p2|Aircross360|170|1043
|gen|9
|tier|[Gen 9] VGC 2025 Reg H (Bo3)
|rated|
|rule|Species Clause: Limit one of each Pokémon
|rule|Item Clause: Limit 1 of each item
|clearpoke
|poke|p1|Incineroar, L50, M|
|poke|p1|Dragonite, L50, M|
|poke|p1|Whimsicott, L50, F|
|poke|p1|Sneasler, L50, F|
|poke|p1|Primarina, L50, F|
|poke|p1|Annihilape, L50, M|
|poke|p2|Gholdengo, L50|
|poke|p2|Dragonite, L50, F|
|poke|p2|Sneasler, L50, F|
|poke|p2|Incineroar, L50, M|
|poke|p2|Ursaluna-Bloodmoon, L50, M|
|poke|p2|Whimsicott, L50, F|
|teampreview|4
|showteam|p1|Incineroar||SafetyGoggles|Intimidate|FakeOut,KnockOff,PartingShot,Taunt|||M|||50|,,,,,Ghost]Dragonite||LoadedDice|InnerFocus|ScaleShot,ExtremeSpeed,Protect,Tailwind|||M|||50|,,,,,Fairy]Whimsicott||CovertCloak|Prankster|Tailwind,Encore,Moonblast,SunnyDay|||F|||50|,,,,,Poison]Sneasler||WhiteHerb|Unburden|DireClaw,CloseCombat,ThroatChop,Protect|||F|||50|,,,,,Stellar]Primarina||ThroatSpray|LiquidVoice|HyperVoice,Moonblast,DrainingKiss,Protect|||F|||50|,,,,,Poison]Annihilape||SitrusBerry|Defiant|RageFist,DrainPunch,Protect,BulkUp|||M|||50|,,,,,Fire
|showteam|p2|Gholdengo||LifeOrb|GoodasGold|MakeItRain,ShadowBall,NastyPlot,Protect||||||50|,,,,,Water]Dragonite||LoadedDice|Multiscale|ScaleShot,ExtremeSpeed,IceSpinner,Protect|||F|||50|,,,,,Fairy]Sneasler||FocusSash|Unburden|DireClaw,CloseCombat,FakeOut,Protect|||F|||50|,,,,,Ghost]Incineroar||SafetyGoggles|Intimidate|FakeOut,KnockOff,PartingShot,FlareBlitz|||M|||50|,,,,,Ghost]Ursaluna-Bloodmoon||AssaultVest|MindsEye|BloodMoon,HyperVoice,EarthPower,VacuumWave|||M|||50|,,,,,Water]Whimsicott||CovertCloak|Prankster|Tailwind,Moonblast,Encore,LightScreen|||F|||50|,,,,,Water
|
|t:|1756461499
|teamsize|p1|4
|teamsize|p2|4
|start
|switch|p1a: Aurra Sing|Sneasler, L50, F, shiny|100/100
|switch|p1b: Rajah|Incineroar, L50, M|100/100
|switch|p2a: Whimsicott|Whimsicott, L50, F|100/100
|switch|p2b: Ursaluna|Ursaluna-Bloodmoon, L50, M|100/100
|-ability|p1b: Rajah|Intimidate|boost
|-unboost|p2a: Whimsicott|atk|1
|-unboost|p2b: Ursaluna|atk|1
|turn|1
|
|t:|1756461526
|-terastallize|p2b: Ursaluna|Water
|move|p2a: Whimsicott|Tailwind|p2a: Whimsicott
|-sidestart|p2: Aircross360|move: Tailwind
|move|p1a: Aurra Sing|Dire Claw|p2a: Whimsicott
|-supereffective|p2a: Whimsicott
|-damage|p2a: Whimsicott|0 fnt
|faint|p2a: Whimsicott
|move|p2b: Ursaluna|Earth Power|p1b: Rajah
|-supereffective|p1b: Rajah
|-damage|p1b: Rajah|6/100
|move|p1b: Rajah|Taunt|p2b: Ursaluna
|-start|p2b: Ursaluna|move: Taunt
|
|upkeep
|
|t:|1756461549
|switch|p2a: Dragonite|Dragonite, L50, F|100/100
|turn|2
|
|t:|1756461591
|move|p1a: Aurra Sing|Protect|p1a: Aurra Sing
|-singleturn|p1a: Aurra Sing|Protect
|move|p2a: Dragonite|Scale Shot|p1a: Aurra Sing
|-activate|p1a: Aurra Sing|move: Protect
|move|p2b: Ursaluna|Hyper Voice|p1b: Rajah|[spread] p1b
|-activate|p1a: Aurra Sing|move: Protect
|-damage|p1b: Rajah|0 fnt
|faint|p1b: Rajah
|
|upkeep
|
|t:|1756461605
|switch|p1b: Ape-Bananza|Annihilape, L50, M, shiny|100/100
|turn|3
|
|t:|1756461633
|move|p2a: Dragonite|Scale Shot|p1b: Ape-Bananza
|-damage|p1b: Ape-Bananza|84/100
|-damage|p1b: Ape-Bananza|68/100
|-damage|p1b: Ape-Bananza|51/100
|-damage|p1b: Ape-Bananza|35/100
|-enditem|p1b: Ape-Bananza|Sitrus Berry|[eat]
|-heal|p1b: Ape-Bananza|60/100|[from] item: Sitrus Berry
|-hitcount|p1b: Ape-Bananza|4
|-unboost|p2a: Dragonite|def|1
|-boost|p2a: Dragonite|spe|1
|move|p1a: Aurra Sing|Throat Chop|p2b: Ursaluna
|-damage|p2b: Ursaluna|79/100
|-start|p2b: Ursaluna|Throat Chop|[silent]
|move|p1b: Ape-Bananza|Bulk Up|p1b: Ape-Bananza
|-boost|p1b: Ape-Bananza|atk|1
|-boost|p1b: Ape-Bananza|def|1
|cant|p2b: Ursaluna|move: Throat Chop
|
|upkeep
|turn|4
|
|t:|1756461673
|move|p1b: Ape-Bananza|Protect|p1b: Ape-Bananza
|-singleturn|p1b: Ape-Bananza|Protect
|move|p2a: Dragonite|Scale Shot|p1b: Ape-Bananza
|-activate|p1b: Ape-Bananza|move: Protect
|move|p1a: Aurra Sing|Dire Claw|p2a: Dragonite
|-damage|p2a: Dragonite|65/100
|move|p2b: Ursaluna|Earth Power|p1a: Aurra Sing
|-supereffective|p1a: Aurra Sing
|-damage|p1a: Aurra Sing|0 fnt
|faint|p1a: Aurra Sing
|
|-end|p2b: Ursaluna|move: Taunt
|-end|p2b: Ursaluna|Throat Chop|[silent]
|-sideend|p2: Aircross360|move: Tailwind
|upkeep
|
|t:|1756461682
|switch|p1a: Meatlug|Dragonite, L50, M|100/100
|turn|5
|
|t:|1756461701
|move|p1a: Meatlug|Protect|p1a: Meatlug
|-singleturn|p1a: Meatlug|Protect
|move|p2a: Dragonite|Scale Shot|p1b: Ape-Bananza|[miss]
|-miss|p2a: Dragonite|p1b: Ape-Bananza
|move|p1b: Ape-Bananza|Drain Punch|p2b: Ursaluna
|-damage|p2b: Ursaluna|38/100
|-heal|p1b: Ape-Bananza|82/100|[from] drain|[of] p2b: Ursaluna
|move|p2b: Ursaluna|Hyper Voice|p1b: Ape-Bananza|[spread] p1b
|-activate|p1a: Meatlug|move: Protect
|-damage|p1b: Ape-Bananza|40/100
|
|upkeep
|turn|6
|
|t:|1756461734
|move|p1a: Meatlug|Extreme Speed|p2a: Dragonite
|-damage|p2a: Dragonite|11/100
|move|p2a: Dragonite|Ice Spinner|p1a: Meatlug
|-supereffective|p1a: Meatlug
|-damage|p1a: Meatlug|0 fnt
|faint|p1a: Meatlug
|move|p1b: Ape-Bananza|Rage Fist|p2a: Dragonite
|-damage|p2a: Dragonite|0 fnt
|faint|p2a: Dragonite
|move|p2b: Ursaluna|Hyper Voice|p1b: Ape-Bananza
|-damage|p1b: Ape-Bananza|0 fnt
|faint|p1b: Ape-Bananza
|
|win|Aircross360
||billimagchili is ready for game 2.
||Aircross360 is ready for game 2.
|uhtml|next|Next: Game 2 of 3
