|j|Ōśålabubumechanics
|j|ŌśåProtectThyKing34
|html|labubumechanicsProtectThyKing34    
|uhtml|bestof|Game 2 of a best-of-3
|t:|1784766855
|gametype|doubles
|player|p1|labubumechanics|101|1040
|player|p2|ProtectThyKing34|rocketgrunt|1136
|gen|9
|tier|[Gen 9 Champions] VGC 2026 Reg M-B (Bo3)
|rated|
|rule|Species Clause: Limit one of each Pok├®mon
|rule|Item Clause: Limit 1 of each item
|clearpoke
|poke|p1|Kommo-o, L50, F, shiny|
|poke|p1|Excadrill, L50, F, shiny|
|poke|p1|Tyranitar, L50, M|
|poke|p1|Grimmsnarl, L50, M|
|poke|p1|Scovillain, L50, M|
|poke|p1|Basculegion, L50, M|
|poke|p2|Delphox, L50, M|
|poke|p2|Incineroar, L50, F|
|poke|p2|Sneasler, L50, F|
|poke|p2|Sinistcha, L50|
|poke|p2|Kingambit, L50, F|
|poke|p2|Blastoise, L50, F|
|teampreview|4
|showteam|p1|Kommo-o||Leftovers|Overcoat|ClangingScales,ClangorousSoul,AuraSphere,Protect|Modest||F|||50|]Excadrill||LifeOrb|SandRush|HighHorsepower,RockSlide,IronHead,Protect|Adamant||F|||50|]Tyranitar||Tyranitarite|SandStream|DragonDance,RockSlide,KnockOff,Protect|Jolly||M|||50|]Grimmsnarl||LightClay|Prankster|SpiritBreak,LightScreen,Reflect,FakeOut|Impish||M|||50|]Scovillain||Scovillainite|Moody|Protect,RagePowder,Overheat,EnergyBall|Bold||M|||50|]Basculegion||ChoiceScarf|Adaptability|WaveCrash,LastRespects,AquaJet,FlipTurn|Adamant||M|||50|
|showteam|p2|Delphox||Delphoxite|Blaze|NastyPlot,Protect,Psyshock,HeatWave|Timid||M|||50|]Incineroar||SitrusBerry|Intimidate|FakeOut,PartingShot,FlareBlitz,DarkestLariat|Impish||F|||50|]Sneasler||FocusSash|PoisonTouch|GunkShot,FakeOut,CloseCombat,QuickGuard|Jolly||F|||50|]Sinistcha||OccaBerry|Hospitality|MatchaGotcha,RagePowder,TrickRoom,Protect|Calm|||||50|]Kingambit||BlackGlasses|Defiant|SuckerPunch,KowtowCleave,LowKick,Protect|Adamant||F|||50|]Blastoise||Blastoisinite|RainDish|ShellSmash,WaterSpout,DarkPulse,Protect|Timid||F|||50|
|j| combee54
|
|t:|1784766867
|teamsize|p1|4
|teamsize|p2|4
|start
|switch|p1a: Scovillain|Scovillain, L50, M|100/100
|switch|p1b: Grimmsnarl|Grimmsnarl, L50, M|100/100
|switch|p2a: Delphox|Delphox, L50, M|100/100
|switch|p2b: Sneasler|Sneasler, L50, F|100/100
|turn|1
|inactive|Battle timer is ON: inactive players will automatically lose when time's up. (requested by ProtectThyKing34)
|
|t:|1784766900
|detailschange|p2a: Delphox|Delphox-Mega, L50, M
|-mega|p2a: Delphox|Delphox|Delphoxite
|detailschange|p1a: Scovillain|Scovillain-Mega, L50, M
|-mega|p1a: Scovillain|Scovillain|Scovillainite
|move|p1b: Grimmsnarl|Fake Out|p2a: Delphox
|-damage|p2a: Delphox|81/100
|cant|p2a: Delphox|flinch
|move|p2b: Sneasler|Gunk Shot|p1a: Scovillain
|-supereffective|p1a: Scovillain|1
|-damage|p1a: Scovillain|0 fnt
|-status|p2b: Sneasler|brn|[from] ability: Spicy Spray|[of] p1a: Scovillain
|faint|p1a: Scovillain
|
|-damage|p2b: Sneasler|94/100 brn|[from] brn
|upkeep
|
|t:|1784766913
|switch|p1a: Excadrill|Excadrill, L50, F, shiny|100/100
|turn|2
|c| combee54|gunk shot sneasler
|c| combee54|no fcking way
|c|ŌśåProtectThyKing34|?
|
|t:|1784766932
|switch|p2a: Incineroar|Incineroar, L50, F|100/100
|-ability|p2a: Incineroar|Intimidate|boost
|-unboost|p1a: Excadrill|atk|1
|-unboost|p1b: Grimmsnarl|atk|1
|move|p1a: Excadrill|Protect|p1a: Excadrill
|-singleturn|p1a: Excadrill|Protect
|move|p1b: Grimmsnarl|Light Screen|p1b: Grimmsnarl
|-sidestart|p1: labubumechanics|move: Light Screen
|move|p2b: Sneasler|Close Combat|p1a: Excadrill
|-activate|p1a: Excadrill|move: Protect
|
|-damage|p2b: Sneasler|88/100 brn|[from] brn
|upkeep
|turn|3
|c| combee54|no hate ive js never seen it before lmao
|
|t:|1784766949
|switch|p1a: Tyranitar|Tyranitar, L50, M|100/100
|-weather|Sandstorm|[from] ability: Sand Stream|[of] p1a: Tyranitar
|move|p2a: Incineroar|Fake Out|p1a: Tyranitar
|-resisted|p1a: Tyranitar|1
|-damage|p1a: Tyranitar|95/100
|move|p1b: Grimmsnarl|Reflect|p1b: Grimmsnarl
|-sidestart|p1: labubumechanics|Reflect
|move|p2b: Sneasler|Close Combat|p1a: Tyranitar
|-supereffective|p1a: Tyranitar|2
|-crit|p1a: Tyranitar
|-damage|p1a: Tyranitar|0 fnt
|-unboost|p2b: Sneasler|def|1
|-unboost|p2b: Sneasler|spd|1
|faint|p1a: Tyranitar
|
|-weather|Sandstorm|[upkeep]
|-damage|p2b: Sneasler|82/100 brn|[from] Sandstorm
|-damage|p1b: Grimmsnarl|94/100|[from] Sandstorm
|-damage|p2a: Incineroar|94/100|[from] Sandstorm
|-damage|p2b: Sneasler|77/100 brn|[from] brn
|upkeep
|
|t:|1784766959
|switch|p1a: Excadrill|Excadrill, L50, F, shiny|100/100
|turn|4
|c|ŌśåProtectThyKing34|its a tech for scovillain teams lmao
|c| combee54|i see
|c| combee54|does dire claw not ohko?
|c|ŌśåProtectThyKing34|No
|c| combee54|ah gotcha
|inactive|ProtectThyKing34 has 30 seconds left.
|
|t:|1784766987
|switch|p2a: Sinistcha|Sinistcha, L50|100/100
|-heal|p2b: Sneasler|100/100 brn|[from] ability: Hospitality|[of] p2a: Sinistcha
|move|p1a: Excadrill|High Horsepower|p2a: Sinistcha
|-resisted|p2a: Sinistcha|1
|-damage|p2a: Sinistcha|69/100
|-damage|p1a: Excadrill|90/100|[from] item: Life Orb
|move|p2b: Sneasler|Close Combat|p1a: Excadrill
|-supereffective|p1a: Excadrill|1
|-damage|p1a: Excadrill|27/100
|-unboost|p2b: Sneasler|def|1
|-unboost|p2b: Sneasler|spd|1
|move|p1b: Grimmsnarl|Spirit Break|p2a: Sinistcha
|-damage|p2a: Sinistcha|52/100
|-unboost|p2a: Sinistcha|spa|1
|
|-weather|Sandstorm|[upkeep]
|-damage|p2b: Sneasler|94/100 brn|[from] Sandstorm
|-damage|p2a: Sinistcha|46/100|[from] Sandstorm
|-damage|p1b: Grimmsnarl|88/100|[from] Sandstorm
|-damage|p2b: Sneasler|88/100 brn|[from] brn
|upkeep
|turn|5
|
|t:|1784767009
|switch|p2b: Incineroar|Incineroar, L50, F|94/100
|-ability|p2b: Incineroar|Intimidate|boost
|-unboost|p1a: Excadrill|atk|1
|-unboost|p1b: Grimmsnarl|atk|1
|move|p1a: Excadrill|Protect|p1a: Excadrill
|-singleturn|p1a: Excadrill|Protect
|move|p2a: Sinistcha|Protect|p2a: Sinistcha
|-singleturn|p2a: Sinistcha|Protect
|move|p1b: Grimmsnarl|Spirit Break|p2a: Sinistcha
|-activate|p2a: Sinistcha|move: Protect
|
|-weather|Sandstorm|[upkeep]
|-damage|p2a: Sinistcha|39/100|[from] Sandstorm
|-damage|p2b: Incineroar|88/100|[from] Sandstorm
|-damage|p1b: Grimmsnarl|82/100|[from] Sandstorm
|upkeep
|turn|6
|
|t:|1784767028
|move|p2b: Incineroar|Fake Out|p1a: Excadrill
|-resisted|p1a: Excadrill|1
|-damage|p1a: Excadrill|22/100
|cant|p1a: Excadrill|flinch
|move|p2a: Sinistcha|Matcha Gotcha|p1a: Excadrill|[spread] p1a,p1b
|-damage|p1a: Excadrill|8/100
|-heal|p2a: Sinistcha|47/100|[from] drain|[of] p1a: Excadrill
|-damage|p1b: Grimmsnarl|72/100
|-heal|p2a: Sinistcha|52/100|[from] drain|[of] p1b: Grimmsnarl
|-status|p1a: Excadrill|brn
|move|p1b: Grimmsnarl|Spirit Break|p2a: Sinistcha
|-damage|p2a: Sinistcha|39/100
|-unboost|p2a: Sinistcha|spa|1
|
|-weather|Sandstorm|[upkeep]
|-damage|p2a: Sinistcha|33/100|[from] Sandstorm
|-damage|p2b: Incineroar|82/100|[from] Sandstorm
|-damage|p1b: Grimmsnarl|66/100|[from] Sandstorm
|-damage|p1a: Excadrill|3/100 brn|[from] brn
|upkeep
|turn|7
|-message|labubumechanics forfeited.
|
|win|ProtectThyKing34
||labubumechanics is ready for game 3.
