|j|☆slinky redfoot
|j|☆Yiry
|html|slinky redfootYiry    
|uhtml|bestof|Game 1 of a best-of-3
|t:|1757715092
|gametype|doubles
|player|p1|slinky redfoot|hoopster|1070
|player|p2|Yiry|miku-ground|1063
|gen|9
|tier|[Gen 9] VGC 2025 Reg H (Bo3)
|rated|
|rule|Species Clause: Limit one of each Pokémon
|rule|Item Clause: Limit 1 of each item
|clearpoke
|poke|p1|Tyranitar, L50, F|
|poke|p1|Excadrill, L50, F|
|poke|p1|Annihilape, L50, F|
|poke|p1|Amoonguss, L50, F|
|poke|p1|Corviknight, L50, F|
|poke|p1|Basculegion, L50, M|
|poke|p2|Whimsicott, L50, M|
|poke|p2|Ninetales-Alola, L50, F|
|poke|p2|Volcarona, L50, F|
|poke|p2|Gholdengo, L50|
|poke|p2|Pawmot, L50, F|
|poke|p2|Rillaboom, L50, M|
|teampreview|4
|showteam|p1|Tyranitar||AssaultVest|SandStream|RockSlide,KnockOff,LowKick,TeraBlast|||F|||50|,,,,,Flying]Excadrill||FocusSash|SandRush|Protect,IronHead,HighHorsepower,Earthquake|||F|||50|,,,,,Ground]Annihilape||SafetyGoggles|Defiant|CloseCombat,RageFist,FinalGambit,Coaching|||F|||50|,,,,,Water]Amoonguss||SitrusBerry|Regenerator|Protect,ClearSmog,Spore,RagePowder|||F|||50|,,,,,Water]Corviknight||Leftovers|MirrorArmor|BraveBird,BulkUp,Tailwind,Roost|||F|||50|,,,,,Dragon]Basculegion||ChoiceScarf|Adaptability|WaveCrash,FlipTurn,LastRespects,HeadSmash|||M|||50|,,,,,Grass
|showteam|p2|Whimsicott||CovertCloak|Prankster|Moonblast,Tailwind,Encore,FakeTears|||M|||50|,,,,,Water]Ninetales-Alola||ChoiceSpecs|SnowWarning|Blizzard,DazzlingGleam,IcyWind,FreezeDry|||F|||50|,,,,,Fairy]Volcarona||SitrusBerry|FlameBody|HeatWave,QuiverDance,Overheat,Protect|||F|||50|,,,,,Water]Gholdengo||FocusSash|GoodasGold|MakeItRain,ShadowBall,NastyPlot,Protect||||||50|,,,,,Steel]Pawmot||ClearAmulet|VoltAbsorb|CloseCombat,DoubleShock,FakeOut,RevivalBlessing|||F|||50|,,,,,Electric]Rillaboom||AssaultVest|GrassySurge|WoodHammer,GrassyGlide,HighHorsepower,FakeOut|||M|||50|,,,,,Fire
|inactive|Battle timer is ON: inactive players will automatically lose when time's up. (requested by slinky redfoot)
|inactive|slinky redfoot has 60 seconds left.
|inactive|Yiry has 60 seconds left.
|inactive|slinky redfoot has 30 seconds left.
|
|t:|1757715159
|teamsize|p1|4
|teamsize|p2|4
|start
|switch|p1a: Excadrill|Excadrill, L50, F|100/100
|switch|p1b: Tyranitar|Tyranitar, L50, F|100/100
|switch|p2a: Whimsicott|Whimsicott, L50, M|100/100
|switch|p2b: Gholdengo|Gholdengo, L50|100/100
|-weather|Sandstorm|[from] ability: Sand Stream|[of] p1b: Tyranitar
|turn|1
|inactive|slinky redfoot has 30 seconds left.
|inactive|Yiry has 30 seconds left.
|inactive|slinky redfoot has 20 seconds left.
|
|t:|1757715197
|switch|p2a: Ninetales|Ninetales-Alola, L50, F|100/100
|-weather|Snowscape|[from] ability: Snow Warning|[of] p2a: Ninetales
|-terastallize|p1b: Tyranitar|Flying
|move|p1a: Excadrill|Earthquake|p2b: Gholdengo|[spread] p2a,p2b
|-immune|p1b: Tyranitar
|-supereffective|p2b: Gholdengo
|-damage|p2a: Ninetales|58/100
|-damage|p2b: Gholdengo|8/100
|move|p2b: Gholdengo|Nasty Plot|p2b: Gholdengo
|-boost|p2b: Gholdengo|spa|2
|move|p1b: Tyranitar|Knock Off|p2b: Gholdengo
|-supereffective|p2b: Gholdengo
|-damage|p2b: Gholdengo|0 fnt
|-enditem|p2b: Gholdengo|Focus Sash|[from] move: Knock Off|[of] p1b: Tyranitar
|faint|p2b: Gholdengo
|
|-weather|Snowscape|[upkeep]
|upkeep
|
|t:|1757715216
|switch|p2b: Whimsicott|Whimsicott, L50, M|100/100
|turn|2
|inactive|slinky redfoot has 30 seconds left.
|
|t:|1757715242
|switch|p1b: Annihilape|Annihilape, L50, F|100/100
|move|p2b: Whimsicott|Fake Tears|p1b: Annihilape
|-unboost|p1b: Annihilape|spd|2
|-ability|p1b: Annihilape|Defiant|boost
|-boost|p1b: Annihilape|atk|2
|move|p2a: Ninetales|Blizzard|p1b: Annihilape|[spread] p1a,p1b
|-damage|p1a: Excadrill|35/100
|-damage|p1b: Annihilape|13/100
|move|p1a: Excadrill|Iron Head|p2a: Ninetales
|-supereffective|p2a: Ninetales
|-damage|p2a: Ninetales|0 fnt
|faint|p2a: Ninetales
|
|-weather|Snowscape|[upkeep]
|upkeep
|
|t:|1757715253
|switch|p2a: Rillaboom|Rillaboom, L50, M|100/100
|-fieldstart|move: Grassy Terrain|[from] ability: Grassy Surge|[of] p2a: Rillaboom
|turn|3
|inactive|slinky redfoot has 30 seconds left.
|inactive|slinky redfoot has 20 seconds left.
|
|t:|1757715289
|move|p2a: Rillaboom|Grassy Glide|p1b: Annihilape
|-damage|p1b: Annihilape|0 fnt
|faint|p1b: Annihilape
|move|p2b: Whimsicott|Moonblast|p1a: Excadrill
|-resisted|p1a: Excadrill
|-damage|p1a: Excadrill|13/100
|move|p1a: Excadrill|Iron Head|p2a: Rillaboom
|-crit|p2a: Rillaboom
|-damage|p2a: Rillaboom|37/100
|
|-weather|Snowscape|[upkeep]
|-heal|p1a: Excadrill|19/100|[from] Grassy Terrain
|-heal|p2a: Rillaboom|43/100|[from] Grassy Terrain
|upkeep
|
|t:|1757715305
|switch|p1b: Tyranitar|Tyranitar, L50, F, tera:Flying|100/100
|-weather|Sandstorm|[from] ability: Sand Stream|[of] p1b: Tyranitar
|turn|4
|
|t:|1757715317
|-terastallize|p2b: Whimsicott|Water
|move|p2b: Whimsicott|Fake Tears|p1b: Tyranitar
|-unboost|p1b: Tyranitar|spd|2
|move|p2a: Rillaboom|Grassy Glide|p1a: Excadrill
|-damage|p1a: Excadrill|0 fnt
|faint|p1a: Excadrill
|move|p1b: Tyranitar|Tera Blast|p2b: Whimsicott|[anim] Tera Blast Flying
|-damage|p2b: Whimsicott|40/100
|
|-weather|Sandstorm|[upkeep]
|-damage|p2b: Whimsicott|34/100|[from] Sandstorm
|-damage|p2a: Rillaboom|37/100|[from] Sandstorm
|-damage|p1b: Tyranitar|94/100|[from] Sandstorm
|-heal|p2b: Whimsicott|40/100|[from] Grassy Terrain
|-heal|p2a: Rillaboom|43/100|[from] Grassy Terrain
|upkeep
|
|t:|1757715326
|switch|p1a: Basculegion|Basculegion, L50, M|100/100
|turn|5
|
|t:|1757715345
|move|p2a: Rillaboom|Grassy Glide|p1a: Basculegion
|-supereffective|p1a: Basculegion
|-damage|p1a: Basculegion|14/100
|move|p1a: Basculegion|Last Respects|p2a: Rillaboom
|-damage|p2a: Rillaboom|0 fnt
|faint|p2a: Rillaboom
|move|p2b: Whimsicott|Moonblast|p1b: Tyranitar
|-damage|p1b: Tyranitar|52/100
|move|p1b: Tyranitar|Tera Blast|p2b: Whimsicott|[anim] Tera Blast Flying
|-damage|p2b: Whimsicott|0 fnt
|faint|p2b: Whimsicott
|
|win|slinky redfoot
||Yiry is ready for game 2.
|inactive|slinky redfoot has 30 seconds to confirm battle start!
||slinky redfoot is ready for game 2.
|uhtml|next|Next: Game 2 of 3
|l|☆Yiry
|player|p2|
