|j|☆LuizVGC
|j|☆TRomo22
|html|LuizVGCTRomo22    
|uhtml|bestof|Game 3 of a best-of-3
|t:|1756769113
|gametype|doubles
|player|p1|LuizVGC|101|1063
|player|p2|TRomo22|lance|1148
|gen|9
|tier|[Gen 9] VGC 2025 Reg H (Bo3)
|rated|
|rule|Species Clause: Limit one of each Pokémon
|rule|Item Clause: Limit 1 of each item
|clearpoke
|poke|p1|Sneasler, L50, F|
|poke|p1|Indeedee, L50, M|
|poke|p1|Volcarona, L50, M|
|poke|p1|Ursaluna-Bloodmoon, L50, M|
|poke|p1|Annihilape, L50, M|
|poke|p1|Tyranitar, L50, M|
|poke|p2|Toedscruel, L50, M|
|poke|p2|Weezing-Galar, L50, F|
|poke|p2|Corviknight, L50, M|
|poke|p2|Garchomp, L50, F|
|poke|p2|Typhlosion-Hisui, L50, F|
|poke|p2|Kilowattrel, L50, M|
|teampreview|4
|showteam|p1|Sneasler||PsychicSeed|Unburden|CloseCombat,DireClaw,ThroatChop,Protect|||F|||50|,,,,,Dark]Indeedee||ChoiceScarf|PsychicSurge|ExpandingForce,TeraBlast,Trick,Protect|||M|||50|,,,,,Psychic]Volcarona||SitrusBerry|FlameBody|Overheat,StruggleBug,RagePowder,Tailwind|||M|||50|,,,,,Grass]Ursaluna-Bloodmoon||LifeOrb|MindsEye|BloodMoon,HyperVoice,EarthPower,Protect|||M|||50|,,,,,Normal]Annihilape||SafetyGoggles|Defiant|CloseCombat,RageFist,Taunt,FinalGambit|||M|||50|,,,,,Fairy]Tyranitar||AssaultVest|SandStream|RockSlide,KnockOff,TeraBlast,LowKick|||M|||50|,,,,,Flying
|showteam|p2|Toedscruel||CovertCloak|MyceliumMight|Spore,EarthPower,AcidSpray,RagePowder|||M|||50|,,,,,Water]Weezing-Galar||ChoiceSpecs|NeutralizingGas|DazzlingGleam,SludgeBomb,StrangeSteam,Flamethrower|||F|||50|,,,,,Flying]Corviknight||SitrusBerry|MirrorArmor|BulkUp,Tailwind,Roost,BraveBird|||M|||50|,,,,,Dragon]Garchomp||LifeOrb|RoughSkin|Protect,Earthquake,DragonClaw,StompingTantrum|||F|||50|,,,,,Ground]Typhlosion-Hisui||ChoiceScarf|Blaze|Eruption,WillOWisp,HeatWave,ShadowBall|||F|||50|,,,,,Fire]Kilowattrel||FocusSash|Competitive|Thunderbolt,AirSlash,Tailwind,Protect|||M|||50|,,,,,Ghost
|
|t:|1756769149
|teamsize|p1|4
|teamsize|p2|4
|start
|switch|p1a: Sneasler|Sneasler, L50, F|100/100
|switch|p1b: Annihilape|Annihilape, L50, M|100/100
|switch|p2a: Garchomp|Garchomp, L50, F|100/100
|switch|p2b: Typhlosion|Typhlosion-Hisui, L50, F|100/100
|turn|1
|inactive|Battle timer is ON: inactive players will automatically lose when time's up. (requested by LuizVGC)
|inactive|TRomo22 has 60 seconds left.
|
|t:|1756769182
|switch|p2b: Corviknight|Corviknight, L50, M|100/100
|move|p1a: Sneasler|Protect|p1a: Sneasler
|-singleturn|p1a: Sneasler|Protect
|move|p2a: Garchomp|Earthquake|p1b: Annihilape|[spread] p1b
|-activate|p1a: Sneasler|move: Protect
|-immune|p2b: Corviknight
|-damage|p1b: Annihilape|48/100
|-damage|p2a: Garchomp|91/100|[from] item: Life Orb
|move|p1b: Annihilape|Final Gambit|p2a: Garchomp
|-damage|p2a: Garchomp|36/100
|faint|p1b: Annihilape
|
|upkeep
|
|t:|1756769199
|switch|p1b: Indeedee|Indeedee, L50, M|100/100
|-fieldstart|move: Psychic Terrain|[from] ability: Psychic Surge|[of] p1b: Indeedee
|-enditem|p1a: Sneasler|Psychic Seed
|-boost|p1a: Sneasler|spd|1|[from] item: Psychic Seed
|turn|2
|
|t:|1756769215
|move|p2a: Garchomp|Protect|p2a: Garchomp
|-singleturn|p2a: Garchomp|Protect
|move|p1a: Sneasler|Close Combat|p2b: Corviknight
|-damage|p2b: Corviknight|43/100
|-unboost|p1a: Sneasler|def|1
|-unboost|p1a: Sneasler|spd|1
|-enditem|p2b: Corviknight|Sitrus Berry|[eat]
|-heal|p2b: Corviknight|68/100|[from] item: Sitrus Berry
|move|p1b: Indeedee|Expanding Force|p2b: Corviknight|[spread] p2b
|-activate|p2a: Garchomp|move: Protect
|-resisted|p2b: Corviknight
|-damage|p2b: Corviknight|41/100
|move|p2b: Corviknight|Brave Bird|p1b: Indeedee
|-damage|p1b: Indeedee|3/100
|-damage|p2b: Corviknight|20/100|[from] Recoil
|
|upkeep
|turn|3
|inactive|TRomo22 has 30 seconds left.
|
|t:|1756769244
|switch|p2b: Typhlosion|Typhlosion-Hisui, L50, F|100/100
|move|p1a: Sneasler|Close Combat|p2b: Typhlosion
|-immune|p2b: Typhlosion
|move|p1b: Indeedee|Expanding Force|p2b: Typhlosion|[spread] p2a,p2b
|-damage|p2a: Garchomp|0 fnt
|-damage|p2b: Typhlosion|28/100
|faint|p2a: Garchomp
|
|upkeep
|
|t:|1756769253
|switch|p2a: Weezing|Weezing-Galar, L50, F|100/100
|-ability|p2a: Weezing|Neutralizing Gas
|turn|4
|
|t:|1756769265
|-terastallize|p2a: Weezing|Flying
|move|p2b: Typhlosion|Heat Wave|p1b: Indeedee|[spread] p1a,p1b
|-damage|p1a: Sneasler|51/100
|-damage|p1b: Indeedee|0 fnt
|faint|p1b: Indeedee
|move|p1a: Sneasler|Throat Chop|p2b: Typhlosion
|-supereffective|p2b: Typhlosion
|-damage|p2b: Typhlosion|0 fnt
|faint|p2b: Typhlosion
|move|p2a: Weezing|Dazzling Gleam|p1a: Sneasler
|-damage|p1a: Sneasler|0 fnt
|faint|p1a: Sneasler
|
|upkeep
|
|t:|1756769280
|switch|p2b: Corviknight|Corviknight, L50, M|20/100
|switch|p1b: Tyranitar|Tyranitar, L50, M|100/100
|turn|5
|
|t:|1756769291
|move|p1b: Tyranitar|Rock Slide|p2a: Weezing|[spread] p2a,p2b
|-supereffective|p2a: Weezing
|-damage|p2a: Weezing|37/100
|-damage|p2b: Corviknight|0 fnt
|faint|p2b: Corviknight
|move|p2a: Weezing|Dazzling Gleam|p1b: Tyranitar
|-supereffective|p1b: Tyranitar
|-damage|p1b: Tyranitar|39/100
|
|upkeep
|turn|6
|
|t:|1756769315
|-terastallize|p1b: Tyranitar|Flying
|move|p1b: Tyranitar|Tera Blast|p2a: Weezing|[anim] Tera Blast Flying
|-damage|p2a: Weezing|0 fnt
|faint|p2a: Weezing
|-end|p2a: Weezing|ability: Neutralizing Gas
|-weather|Sandstorm|[from] ability: Sand Stream|[of] p1b: Tyranitar
|
|win|LuizVGC
|raw|LuizVGC's rating: 1063 → 1101(+38 for winning)
|raw|TRomo22's rating: 1148 → 1117(-31 for losing)
