|j|☆Ggttmmhh
|j|☆namboyVGC
|html|GgttmmhhnamboyVGC    
|uhtml|bestof|Game 3 of a best-of-3
|t:|1755904395
|gametype|doubles
|player|p1|Ggttmmhh|169|1408
|player|p2|namboyVGC|ethan|1403
|gen|9
|tier|[Gen 9] VGC 2025 Reg H (Bo3)
|rated|
|rule|Species Clause: Limit one of each Pokémon
|rule|Item Clause: Limit 1 of each item
|clearpoke
|poke|p1|Malamar, L50, F|
|poke|p1|Ursaluna-Bloodmoon, L50, M|
|poke|p1|Zoroark-Hisui, L50, M|
|poke|p1|Gholdengo, L50|
|poke|p1|Dragonite, L50, F|
|poke|p1|Amoonguss, L50, F|
|poke|p2|Sneasler, L50, F|
|poke|p2|Indeedee, L50, M|
|poke|p2|Tyranitar, L50, M|
|poke|p2|Excadrill, L50, F|
|poke|p2|Annihilape, L50, M|
|poke|p2|Hydreigon, L50, F|
|teampreview|4
|showteam|p1|Malamar||AguavBerry|Contrary|Superpower,Protect,TrickRoom,KnockOff|||F|||50|,,,,,Fire]Ursaluna-Bloodmoon||LifeOrb|MindsEye|Protect,HyperVoice,EarthPower,BloodMoon|||M|||50|,,,,,Normal]Zoroark-Hisui||FocusSash|Illusion|Taunt,FakeTears,HyperVoice,ShadowBall|||M|||50|,,,,,Stellar]Gholdengo||MetalCoat|GoodasGold|Protect,NastyPlot,MakeItRain,ShadowBall||||||50|,,,,,Water]Dragonite||LoadedDice|Multiscale|Protect,Encore,Tailwind,ScaleShot|||F|||50|,,,,,Fairy]Amoonguss||SitrusBerry|Regenerator|Protect,PollenPuff,RagePowder,Spore|||F|||50|,,,,,Electric
|showteam|p2|Sneasler||PsychicSeed|Unburden|CloseCombat,DireClaw,ThroatChop,Protect|||F|||50|,,,,,Dark]Indeedee||ChoiceScarf|PsychicSurge|ExpandingForce,TeraBlast,Trick,DazzlingGleam|||M|||50|,,,,,Fire]Tyranitar||AssaultVest|SandStream|RockSlide,KnockOff,TeraBlast,LowKick|||M|||50|,,,,,Flying]Excadrill||FocusSash|SandRush|HighHorsepower,Earthquake,IronHead,Protect|||F|||50|,,,,,Ground]Annihilape||SafetyGoggles|Defiant|CloseCombat,RageFist,Taunt,FinalGambit|||M|||50|,,,,,Psychic]Hydreigon||CovertCloak|Levitate|Snarl,Tailwind,DracoMeteor,Protect|||F|||50|,,,,,Poison
|inactive|Battle timer is ON: inactive players will automatically lose when time's up. (requested by namboyVGC)
|inactive|Ggttmmhh has 60 seconds left.
|inactive|namboyVGC has 60 seconds left.
|
|t:|1755904454
|teamsize|p1|4
|teamsize|p2|4
|start
|switch|p1a: Malamar|Malamar, L50, F|100/100
|switch|p1b: Amoonguss|Amoonguss, L50, F|100/100
|switch|p2a: Annihilape|Annihilape, L50, M|100/100
|switch|p2b: Tyranitar|Tyranitar, L50, M|100/100
|-weather|Sandstorm|[from] ability: Sand Stream|[of] p2b: Tyranitar
|turn|1
|inactive|Ggttmmhh has 30 seconds left.
|inactive|Ggttmmhh has 20 seconds left.
|inactive|Ggttmmhh has 15 seconds left.
|inactive|Ggttmmhh has 10 seconds left.
|
|t:|1755904501
|switch|p1b: Ursaluna|Ursaluna-Bloodmoon, L50, M|100/100
|-terastallize|p2b: Tyranitar|Flying
|move|p2a: Annihilape|Taunt|p1a: Malamar
|-start|p1a: Malamar|move: Taunt
|move|p2b: Tyranitar|Tera Blast|p1b: Ursaluna|[anim] Tera Blast Flying
|-damage|p1b: Ursaluna|66/100
|cant|p1a: Malamar|move: Taunt|Trick Room
|
|-weather|Sandstorm|[upkeep]
|-damage|p2b: Tyranitar|94/100|[from] Sandstorm
|-damage|p1a: Malamar|94/100|[from] Sandstorm
|upkeep
|turn|2
|inactive|Ggttmmhh has 30 seconds left.
|inactive|namboyVGC has 30 seconds left.
|inactive|Ggttmmhh has 20 seconds left.
|inactive|Ggttmmhh has 15 seconds left.
|
|t:|1755904542
|switch|p2a: Excadrill|Excadrill, L50, F|100/100
|switch|p1a: Amoonguss|Amoonguss, L50, F|100/100
|move|p1b: Ursaluna|Protect|p1b: Ursaluna
|-singleturn|p1b: Ursaluna|Protect
|move|p2b: Tyranitar|Low Kick|p1b: Ursaluna
|-activate|p1b: Ursaluna|move: Protect
|
|-weather|Sandstorm|[upkeep]
|-damage|p2b: Tyranitar|88/100|[from] Sandstorm
|-damage|p1a: Amoonguss|95/100|[from] Sandstorm
|upkeep
|turn|3
|inactive|Ggttmmhh has 30 seconds left.
|inactive|Ggttmmhh has 20 seconds left.
|inactive|Ggttmmhh has 15 seconds left.
|inactive|Ggttmmhh has 10 seconds left.
|
|t:|1755904589
|switch|p2a: Annihilape|Annihilape, L50, M|100/100
|move|p1a: Amoonguss|Protect|p1a: Amoonguss
|-singleturn|p1a: Amoonguss|Protect
|move|p2b: Tyranitar|Tera Blast|p1a: Amoonguss|[anim] Tera Blast Flying
|-activate|p1a: Amoonguss|move: Protect
|move|p1b: Ursaluna|Blood Moon|p2b: Tyranitar
|-crit|p2b: Tyranitar
|-damage|p2b: Tyranitar|0 fnt
|faint|p2b: Tyranitar
|-damage|p1b: Ursaluna|56/100|[from] item: Life Orb
|
|-weather|Sandstorm|[upkeep]
|-damage|p1a: Amoonguss|89/100|[from] Sandstorm
|upkeep
|
|t:|1755904604
|switch|p2b: Indeedee|Indeedee, L50, M|100/100
|-fieldstart|move: Psychic Terrain|[from] ability: Psychic Surge|[of] p2b: Indeedee
|turn|4
|inactive|Ggttmmhh has 30 seconds left.
|inactive|Ggttmmhh has 20 seconds left.
|inactive|Ggttmmhh has 15 seconds left.
|inactive|Ggttmmhh has 10 seconds left.
|inactive|Ggttmmhh has 5 seconds left.
|
|t:|1755904655
|switch|p1b: Malamar|Malamar, L50, F|94/100
|move|p2b: Indeedee|Expanding Force|p1a: Amoonguss|[spread] p1a
|-immune|p1b: Malamar
|-supereffective|p1a: Amoonguss
|-damage|p1a: Amoonguss|0 fnt
|faint|p1a: Amoonguss
|move|p2a: Annihilape|Taunt|p1b: Malamar
|-start|p1b: Malamar|move: Taunt
|
|-weather|Sandstorm|[upkeep]
|-damage|p2b: Indeedee|95/100|[from] Sandstorm
|-damage|p1b: Malamar|88/100|[from] Sandstorm
|upkeep
|
|t:|1755904668
|switch|p1a: Gholdengo|Gholdengo, L50|100/100
|turn|5
|inactive|Ggttmmhh has 30 seconds left.
|inactive|Ggttmmhh has 20 seconds left.
|inactive|Ggttmmhh has 15 seconds left.
|inactive|Ggttmmhh has 10 seconds left.
|inactive|namboyVGC has 30 seconds left.
|inactive|Ggttmmhh has 5 seconds left.
|
|t:|1755904722
|switch|p2b: Excadrill|Excadrill, L50, F|100/100
|move|p2a: Annihilape|Final Gambit|p1b: Malamar
|-damage|p1b: Malamar|0 fnt
|faint|p2a: Annihilape
|faint|p1b: Malamar
|move|p1a: Gholdengo|Shadow Ball|p2b: Excadrill
|-damage|p2b: Excadrill|37/100
|
|-weather|none
|upkeep
|
|t:|1755904732
|switch|p2a: Indeedee|Indeedee, L50, M|95/100
|switch|p1b: Ursaluna|Ursaluna-Bloodmoon, L50, M|56/100
|turn|6
|inactive|Ggttmmhh has 30 seconds left.
|inactive|Ggttmmhh has 20 seconds left.
|inactive|Ggttmmhh has 15 seconds left.
|inactive|Ggttmmhh has 10 seconds left.
|inactive|Ggttmmhh has 5 seconds left.
|
|t:|1755904784
|-terastallize|p1b: Ursaluna|Normal
|move|p1a: Gholdengo|Protect|p1a: Gholdengo
|-singleturn|p1a: Gholdengo|Protect
|move|p2a: Indeedee|Expanding Force|p1a: Gholdengo|[spread] p1b
|-activate|p1a: Gholdengo|move: Protect
|-damage|p1b: Ursaluna|0 fnt
|faint|p1b: Ursaluna
|move|p2b: Excadrill|High Horsepower|p1a: Gholdengo
|-activate|p1a: Gholdengo|move: Protect
|
|upkeep
|turn|7
|
|t:|1755904795
|move|p2b: Excadrill|Protect|p2b: Excadrill
|-singleturn|p2b: Excadrill|Protect
|move|p2a: Indeedee|Expanding Force|p1a: Gholdengo
|-resisted|p1a: Gholdengo
|-damage|p1a: Gholdengo|57/100
|move|p1a: Gholdengo|Make It Rain|p2a: Indeedee|[spread] p2a
|-activate|p2b: Excadrill|move: Protect
|-damage|p2a: Indeedee|9/100
|-unboost|p1a: Gholdengo|spa|1
|
|upkeep
|turn|8
|
|t:|1755904807
|move|p2a: Indeedee|Expanding Force|p1a: Gholdengo
|-resisted|p1a: Gholdengo
|-damage|p1a: Gholdengo|9/100
|move|p2b: Excadrill|Earthquake|p1a: Gholdengo|[spread] p2a,p1a
|-supereffective|p1a: Gholdengo
|-damage|p2a: Indeedee|0 fnt
|-damage|p1a: Gholdengo|0 fnt
|faint|p2a: Indeedee
|faint|p1a: Gholdengo
|
|win|namboyVGC
|raw|Ggttmmhh's rating: 1408 → 1388(-20 for losing)
|raw|namboyVGC's rating: 1403 → 1423(+20 for winning)
