|j|☆AuroraTime64
|j|☆waLooG
|html|AuroraTime64waLooG    
|uhtml|bestof|Game 2 of a best-of-3
|t:|1784590436
|gametype|doubles
|player|p1|AuroraTime64|dawn-gen4pt|1035
|player|p2|waLooG|brycenman|1091
|gen|9
|tier|[Gen 9 Champions] VGC 2026 Reg M-B (Bo3)
|rated|
|rule|Species Clause: Limit one of each Pokémon
|rule|Item Clause: Limit 1 of each item
|clearpoke
|poke|p1|Sceptile, L50, M|
|poke|p1|Manectric, L50, F|
|poke|p1|Gardevoir, L50, M|
|poke|p1|Azumarill, L50, F|
|poke|p1|Altaria, L50, F|
|poke|p1|Torkoal, L50, M|
|poke|p2|Hydrapple, L50, M|
|poke|p2|Farigiraf, L50, M|
|poke|p2|Incineroar, L50, F|
|poke|p2|Araquanid, L50, F|
|poke|p2|Mawile, L50, M|
|poke|p2|Sableye, L50, F|
|teampreview|4
|showteam|p1|Sceptile||Sceptilite|Overgrow|EarthPower,EnergyBall,DragonPulse,Detect|Timid||M|||50|]Manectric||FocusSash|Static|Discharge,VoltSwitch,Snarl,Protect|Timid||F|||50|]Gardevoir||Gardevoirite|Synchronize|HyperVoice,Psyshock,VacuumWave,TrickRoom|Quiet||M|||50|]Azumarill||SitrusBerry|HugePower|AquaJet,BellyDrum,PlayRough,IceSpinner|Adamant||F|||50|]Altaria||Leftovers|CloudNine|BreakingSwipe,FireBlast,Roost,CottonGuard|Careful||F|||50|]Torkoal||Charcoal|Drought|Eruption,HeatWave,EarthPower,Protect|Bold||M|||50|
|showteam|p2|Hydrapple||LifeOrb|Regenerator|Protect,EnergyBall,EarthPower,FickleBeam|Quiet||M|||50|]Farigiraf||SitrusBerry|ArmorTail|Protect,TwinBeam,Thunderbolt,TrickRoom|Bold||M|||50|]Incineroar||ChopleBerry|Intimidate|FakeOut,FlareBlitz,PartingShot,HelpingHand|Careful||F|||50|]Araquanid||MysticWater|WaterBubble|Protect,Liquidation,Lunge,WideGuard|Brave||F|||50|]Mawile||Mawilite|HyperCutter|Protect,IronHead,PlayRough,SuckerPunch|Brave||M|||50|]Sableye||RoseliBerry|Prankster|WillOWisp,Encore,RainDance,Reflect|Careful||F|||50|
|inactive|Battle timer is ON: inactive players will automatically lose when time's up. (requested by waLooG)
|
|t:|1784590488
|teamsize|p1|4
|teamsize|p2|4
|start
|switch|p1a: Manectric|Manectric, L50, F|100/100
|switch|p1b: Altaria|Altaria, L50, F|100/100
|switch|p2a: Incineroar|Incineroar, L50, F|100/100
|switch|p2b: Hydrapple|Hydrapple, L50, M|100/100
|-ability|p1b: Altaria|Cloud Nine
|-ability|p2a: Incineroar|Intimidate|boost
|-unboost|p1a: Manectric|atk|1
|-unboost|p1b: Altaria|atk|1
|turn|1
|
|t:|1784590509
|move|p1a: Manectric|Protect|p1a: Manectric
|-singleturn|p1a: Manectric|Protect
|move|p2a: Incineroar|Fake Out|p1b: Altaria
|-damage|p1b: Altaria|89/100
|cant|p1b: Altaria|flinch
|move|p2b: Hydrapple|Fickle Beam|p1b: Altaria|[anim] Fickle Beam All Out
|-activate|p2b: Hydrapple|move: Fickle Beam
|-supereffective|p1b: Altaria|1
|-damage|p1b: Altaria|0 fnt
|faint|p1b: Altaria
|-damage|p2b: Hydrapple|90/100|[from] item: Life Orb
|
|upkeep
|
|t:|1784590528
|switch|p1b: Azumarill|Azumarill, L50, F|100/100
|turn|2
|inactive|AuroraTime64 has 30 seconds left.
|
|t:|1784590560
|move|p1a: Manectric|Snarl|p2a: Incineroar|[spread] p2a,p2b
|-resisted|p2a: Incineroar|1
|-damage|p2a: Incineroar|96/100
|-damage|p2b: Hydrapple|77/100
|-unboost|p2a: Incineroar|spa|1
|-unboost|p2b: Hydrapple|spa|1
|move|p2a: Incineroar|Parting Shot|p1b: Azumarill
|-unboost|p1b: Azumarill|atk|1
|-unboost|p1b: Azumarill|spa|1
|
|t:|1784590574
|switch|p2a: Sableye|Sableye, L50, F|100/100|[from] Parting Shot
|move|p1b: Azumarill|Play Rough|p2b: Hydrapple
|-supereffective|p2b: Hydrapple|1
|-damage|p2b: Hydrapple|18/100
|move|p2b: Hydrapple|Energy Ball|p1b: Azumarill
|-supereffective|p1b: Azumarill|1
|-damage|p1b: Azumarill|15/100
|-enditem|p1b: Azumarill|Sitrus Berry|[eat]
|-heal|p1b: Azumarill|40/100|[from] item: Sitrus Berry
|-damage|p2b: Hydrapple|8/100|[from] item: Life Orb
|
|upkeep
|turn|3
|inactive|AuroraTime64 has 30 seconds left.
|inactive|waLooG has 30 seconds left.
|inactive|AuroraTime64 has 20 seconds left.
|inactive|AuroraTime64 has 15 seconds left.
|inactive|AuroraTime64 has 10 seconds left.
|inactive|AuroraTime64 has 5 seconds left.
|
|t:|1784590629
|move|p2b: Hydrapple|Protect|p2b: Hydrapple
|-singleturn|p2b: Hydrapple|Protect
|move|p1b: Azumarill|Aqua Jet|p2a: Sableye
|-damage|p2a: Sableye|77/100
|move|p2a: Sableye|Will-O-Wisp|p1b: Azumarill
|-status|p1b: Azumarill|brn
|move|p1a: Manectric|Discharge|p2a: Sableye|[spread] p1b,p2a
|-activate|p2b: Hydrapple|move: Protect
|-supereffective|p1b: Azumarill|1
|-damage|p1b: Azumarill|0 fnt
|-damage|p2a: Sableye|46/100
|faint|p1b: Azumarill
|
|upkeep
|
|t:|1784590650
|switch|p1b: Torkoal|Torkoal, L50, M|100/100
|-weather|SunnyDay|[from] ability: Drought|[of] p1b: Torkoal
|turn|4
|inactive|AuroraTime64 has 30 seconds left.
|inactive|waLooG has 30 seconds left.
|inactive|AuroraTime64 has 20 seconds left.
|inactive|AuroraTime64 has 15 seconds left.
|inactive|AuroraTime64 has 10 seconds left.
|
|t:|1784590696
|move|p2a: Sableye|Rain Dance|p2a: Sableye
|-weather|RainDance
|move|p1a: Manectric|Snarl|p2a: Sableye|[spread] p2a,p2b
|-damage|p2a: Sableye|33/100
|-damage|p2b: Hydrapple|0 fnt
|-unboost|p2a: Sableye|spa|1
|faint|p2b: Hydrapple
|move|p1b: Torkoal|Heat Wave|p2a: Sableye
|-damage|p2a: Sableye|9/100
|
|-weather|RainDance|[upkeep]
|upkeep
|
|t:|1784590704
|switch|p2b: Araquanid|Araquanid, L50, F|100/100
|turn|5
|inactive|AuroraTime64 has 30 seconds left.
|
|t:|1784590734
|move|p2b: Araquanid|Protect|p2b: Araquanid
|-singleturn|p2b: Araquanid|Protect
|move|p1b: Torkoal|Protect|p1b: Torkoal
|-singleturn|p1b: Torkoal|Protect
|move|p2a: Sableye|Will-O-Wisp|p1a: Manectric
|-status|p1a: Manectric|brn
|move|p1a: Manectric|Volt Switch|p2b: Araquanid
|-activate|p2b: Araquanid|move: Protect
|
|-weather|RainDance|[upkeep]
|-damage|p1a: Manectric|93/100 brn|[from] brn
|upkeep
|turn|6
|inactive|AuroraTime64 has 30 seconds left.
|inactive|AuroraTime64 has 20 seconds left.
|inactive|AuroraTime64 has 15 seconds left.
|inactive|AuroraTime64 has 10 seconds left.
|
|t:|1784590781
|move|p1b: Torkoal|Protect||[still]
|-fail|p1b: Torkoal
|move|p2a: Sableye|Encore|p1b: Torkoal
|-start|p1b: Torkoal|Encore
|move|p1a: Manectric|Volt Switch|p2b: Araquanid
|-supereffective|p2b: Araquanid|1
|-damage|p2b: Araquanid|48/100
|move|p2b: Araquanid|Liquidation|p1a: Manectric
|-damage|p1a: Manectric|0 fnt
|faint|p1a: Manectric
|
|-weather|RainDance|[upkeep]
|upkeep
|turn|7
|
|t:|1784590798
|switch|p2a: Incineroar|Incineroar, L50, F|96/100
|-ability|p2a: Incineroar|Intimidate|boost
|-unboost|p1b: Torkoal|atk|1
|move|p1b: Torkoal|Protect|p1b: Torkoal
|-singleturn|p1b: Torkoal|Protect
|move|p2b: Araquanid|Liquidation|p1b: Torkoal
|-activate|p1b: Torkoal|move: Protect
|
|-weather|RainDance|[upkeep]
|upkeep
|turn|8
|c|☆AuroraTime64|gg
|
|t:|1784590809
|move|p1b: Torkoal|Protect||[still]
|-fail|p1b: Torkoal
|move|p2a: Incineroar|Fake Out|p1b: Torkoal
|-damage|p1b: Torkoal|92/100
|move|p2b: Araquanid|Liquidation|p1b: Torkoal
|-supereffective|p1b: Torkoal|1
|-damage|p1b: Torkoal|0 fnt
|faint|p1b: Torkoal
|
|win|waLooG
|raw|AuroraTime64's rating: 1035 → 1022(-13 for losing)
|raw|waLooG's rating: 1091 → 1113(+22 for winning)
|c|☆waLooG|gg
|c|☆AuroraTime64|this is my Pokemon team from Pokemon Emerald.
