|j|☆RealRagingBolt
|j|☆Ribombees believer
|html|RealRagingBoltRibombees believer    
|uhtml|bestof|Game 1 of a best-of-3
|t:|1756332595
|gametype|doubles
|player|p1|RealRagingBolt|volkner|1265
|player|p2|Ribombees believer|skier|1358
|gen|9
|tier|[Gen 9] VGC 2025 Reg H (Bo3)
|rated|
|rule|Species Clause: Limit one of each Pokémon
|rule|Item Clause: Limit 1 of each item
|clearpoke
|poke|p1|Whimsicott, L50, M|
|poke|p1|Ursaluna-Bloodmoon, L50, M|
|poke|p1|Archaludon, L50, M|
|poke|p1|Typhlosion-Hisui, L50, F|
|poke|p1|Indeedee-F, L50, F|
|poke|p1|Gallade, L50, M|
|poke|p2|Dondozo, L50, M|
|poke|p2|Tatsugiri, L50, F|
|poke|p2|Indeedee, L50, M|
|poke|p2|Dragapult, L50, M|
|poke|p2|Hydreigon, L50, F|
|poke|p2|Ribombee, L50, M|
|teampreview|4
|showteam|p1|Whimsicott||CovertCloak|Prankster|Tailwind,Moonblast,SunnyDay,Encore|||M|||50|,,,,,Steel]Ursaluna-Bloodmoon||LifeOrb|MindsEye|BloodMoon,HyperVoice,EarthPower,Protect|||M|||50|,,,,,Normal]Archaludon||PowerHerb|Sturdy|ElectroShot,FlashCannon,Protect,DracoMeteor|||M|||50|,,,,,Stellar]Typhlosion-Hisui||ChoiceSpecs|Blaze|Eruption,HeatWave,ShadowBall,Overheat|||F|||50|,,,,,Fire]Indeedee-F||SafetyGoggles|PsychicSurge|TrickRoom,FollowMe,Imprison,Psychic|||F|||50|,,,,,Fairy]Gallade||ClearAmulet|Sharpness|SacredSword,PsychoCut,NightSlash,TrickRoom|||M|||50|,,,,,Stellar
|showteam|p2|Dondozo||Leftovers|Unaware|WaveCrash,Earthquake,OrderUp,Protect|||M|||50|,,,,,Grass]Tatsugiri||ChoiceScarf|Commander|MuddyWater,DracoMeteor,DragonPulse,TeraBlast|||F|||50|,,,,,Fairy]Indeedee||FocusSash|PsychicSurge|ExpandingForce,TeraBlast,HyperVoice,Protect|||M|||50|,,,,,Fighting]Dragapult||ChoiceBand|ClearBody|DragonDarts,Outrage,PhantomForce,Uturn|||M|||50|,,,,,Dragon]Hydreigon||AssaultVest|Levitate|EarthPower,Snarl,DarkPulse,DracoMeteor|||F|||50|,,,,,Steel]Ribombee||ChoiceSpecs|ShieldDust|Moonblast,PollenPuff,DazzlingGleam,TeraBlast|||M|||50|,,,,,Ground
|inactive|Battle timer is ON: inactive players will automatically lose when time's up. (requested by Ribombees believer)
|
|t:|1756332622
|teamsize|p1|4
|teamsize|p2|4
|start
|switch|p1a: Gallade|Gallade, L50, M|100/100
|switch|p1b: Indeedee|Indeedee-F, L50, F|100/100
|switch|p2a: Hydreigon|Hydreigon, L50, F|100/100
|switch|p2b: Indeedee|Indeedee, L50, M|100/100
|-fieldstart|move: Psychic Terrain|[from] ability: Psychic Surge|[of] p2b: Indeedee
|turn|1
|inactive|RealRagingBolt has 30 seconds left.
|
|t:|1756332651
|-terastallize|p1a: Gallade|Stellar
|move|p2b: Indeedee|Expanding Force|p1b: Indeedee|[spread] p1a,p1b
|-resisted|p1b: Indeedee
|-damage|p1a: Gallade|48/100
|-damage|p1b: Indeedee|76/100
|move|p2a: Hydreigon|Snarl|p1a: Gallade|[spread] p1a,p1b
|-supereffective|p1b: Indeedee
|-damage|p1a: Gallade|25/100
|-damage|p1b: Indeedee|38/100
|-unboost|p1b: Indeedee|spa|1
|move|p1a: Gallade|Sacred Sword|p2a: Hydreigon
|-supereffective|p2a: Hydreigon
|-damage|p2a: Hydreigon|0 fnt
|faint|p2a: Hydreigon
|move|p1b: Indeedee|Trick Room|p1b: Indeedee
|-fieldstart|move: Trick Room|[of] p1b: Indeedee
|
|upkeep
|
|t:|1756332666
|switch|p2a: Dondozo|Dondozo, L50, M|100/100
|turn|2
|inactive|Ribombees believer has 30 seconds left.
|
|t:|1756332695
|move|p2b: Indeedee|Protect|p2b: Indeedee
|-singleturn|p2b: Indeedee|Protect
|move|p2a: Dondozo|Earthquake|p1b: Indeedee|[spread] p1a,p1b
|-activate|p2b: Indeedee|move: Protect
|-damage|p1a: Gallade|0 fnt
|-damage|p1b: Indeedee|16/100
|faint|p1a: Gallade
|move|p1b: Indeedee|Psychic|p2b: Indeedee
|-activate|p2b: Indeedee|move: Protect
|
|upkeep
|
|t:|1756332704
|switch|p1a: Ursaluna|Ursaluna-Bloodmoon, L50, M|100/100
|turn|3
|
|t:|1756332713
|switch|p2b: Tatsugiri|Tatsugiri, L50, F|100/100
|-activate|p2b: Tatsugiri|ability: Commander|[of] p2a: Dondozo
|-boost|p2a: Dondozo|atk|2
|-boost|p2a: Dondozo|spa|2
|-boost|p2a: Dondozo|spe|2
|-boost|p2a: Dondozo|def|2
|-boost|p2a: Dondozo|spd|2
|move|p1b: Indeedee|Follow Me|p1b: Indeedee
|-singleturn|p1b: Indeedee|move: Follow Me
|move|p1a: Ursaluna|Hyper Voice|p2a: Dondozo|[spread] p2a
|-miss|p1a: Ursaluna|p2b: Tatsugiri
|-damage|p2a: Dondozo|73/100
|-damage|p1a: Ursaluna|91/100|[from] item: Life Orb
|move|p2a: Dondozo|Earthquake|p1b: Indeedee|[spread] p1a,p1b
|-miss|p2a: Dondozo|p2b: Tatsugiri
|-crit|p1a: Ursaluna
|-damage|p1a: Ursaluna|43/100
|-damage|p1b: Indeedee|0 fnt
|faint|p1b: Indeedee
|
|-heal|p2a: Dondozo|79/100|[from] item: Leftovers
|upkeep
|
|t:|1756332716
|switch|p1b: Archaludon|Archaludon, L50, M|100/100
|turn|4
|
|t:|1756332741
|move|p1b: Archaludon|Protect|p1b: Archaludon
|-singleturn|p1b: Archaludon|Protect
|move|p2a: Dondozo|Protect|p2a: Dondozo
|-singleturn|p2a: Dondozo|Protect
|move|p1a: Ursaluna|Hyper Voice|p2b: Tatsugiri|[spread] 
|-miss|p1a: Ursaluna|p2b: Tatsugiri
|-activate|p2a: Dondozo|move: Protect
|
|-heal|p2a: Dondozo|85/100|[from] item: Leftovers
|upkeep
|turn|5
|
|t:|1756332762
|-terastallize|p2a: Dondozo|Grass
|move|p1a: Ursaluna|Blood Moon|p2a: Dondozo
|-damage|p2a: Dondozo|30/100
|-damage|p1a: Ursaluna|33/100|[from] item: Life Orb
|move|p1b: Archaludon|Electro Shot||[still]
|-prepare|p1b: Archaludon|Electro Shot
|-boost|p1b: Archaludon|spa|1
|-enditem|p1b: Archaludon|Power Herb
|-anim|p1b: Archaludon|Electro Shot|p2a: Dondozo
|-resisted|p2a: Dondozo
|-damage|p2a: Dondozo|16/100
|move|p2a: Dondozo|Earthquake|p1a: Ursaluna|[spread] p1a,p1b
|-miss|p2a: Dondozo|p2b: Tatsugiri
|-supereffective|p1b: Archaludon
|-damage|p1a: Ursaluna|2/100
|-damage|p1b: Archaludon|19/100
|
|-heal|p2a: Dondozo|22/100|[from] item: Leftovers
|-fieldend|move: Trick Room
|-fieldend|move: Psychic Terrain
|upkeep
|turn|6
|-message|RealRagingBolt forfeited.
|
|win|Ribombees believer
||RealRagingBolt is ready for game 2.
|inactive|Ribombees believer has 30 seconds to confirm battle start!
