|j|☆vgc yung eezy
|j|☆zigistardust
|html|vgc yung eezyzigistardust    
|uhtml|bestof|Game 2 of a best-of-3
|t:|1785685919
|gametype|doubles
|player|p1|vgc yung eezy|lucas|
|player|p2|zigistardust|2|
|gen|9
|tier|[Gen 9 Champions] VGC 2026 Reg M-B (Bo3)
|rule|Species Clause: Limit one of each Pokémon
|rule|Item Clause: Limit 1 of each item
|clearpoke
|poke|p1|Staraptor, L50, M|
|poke|p1|Charizard, L50, F|
|poke|p1|Glimmora, L50, F|
|poke|p1|Whimsicott, L50, M|
|poke|p1|Basculegion, L50, M|
|poke|p1|Garchomp, L50, M|
|poke|p2|Garchomp, L50, M|
|poke|p2|Kingambit, L50, F|
|poke|p2|Staraptor, L50, M|
|poke|p2|Whimsicott, L50, M|
|poke|p2|Charizard, L50, M|
|poke|p2|Incineroar, L50, M|
|teampreview|4
|showteam|p1|Staraptor||Staraptite|Intimidate|DualWingbeat,CloseCombat,Roost,Protect|Jolly||M|||50|]Charizard||CharizarditeY|Blaze|HeatWave,SolarBeam,WeatherBall,Protect|Modest||F|||50|]Glimmora||FocusSash|ToxicDebris|PowerGem,SludgeBomb,EarthPower,SpikyShield|Modest||F|||50|]Whimsicott||LifeOrb|Prankster|Moonblast,GrassKnot,Tailwind,Protect|Modest||M|||50|]Basculegion||ChoiceScarf|Adaptability|WaveCrash,LastRespects,AquaJet,FlipTurn|Jolly||M|||50|]Garchomp||SitrusBerry|RoughSkin|Earthquake,RockSlide,PoisonJab,DragonTail|Adamant||M|||50|
|showteam|p2|Garchomp||LifeOrb|RoughSkin|Protect,DragonClaw,Earthquake,StompingTantrum|Jolly||M|||50|]Kingambit||BlackGlasses|Defiant|Protect,KowtowCleave,IronHead,SuckerPunch|Adamant||F|||50|]Staraptor||Staraptite|Intimidate|Protect,CloseCombat,BraveBird,Roost|Jolly||M|||50|]Whimsicott||FocusSash|Prankster|Tailwind,Moonblast,SunnyDay,Encore|Timid||M|||50|]Charizard||CharizarditeY|Blaze|Protect,HeatWave,SolarBeam,WeatherBall|Modest||M|||50|]Incineroar||ChopleBerry|Intimidate|FakeOut,FlareBlitz,ThroatChop,PartingShot|Serious||M|||50|
|c|☆vgc yung eezy|hf
|c|☆zigistardust|glhf
|
|t:|1785685958
|teamsize|p1|4
|teamsize|p2|4
|start
|switch|p1a: Charizard|Charizard, L50, F|100/100
|switch|p1b: Glimmora|Glimmora, L50, F|100/100
|switch|p2a: Incineroar|Incineroar, L50, M|100/100
|switch|p2b: Staraptor|Staraptor, L50, M|100/100
|-ability|p2b: Staraptor|Intimidate|boost
|-unboost|p1a: Charizard|atk|1
|-unboost|p1b: Glimmora|atk|1
|-ability|p2a: Incineroar|Intimidate|boost
|-unboost|p1a: Charizard|atk|1
|-unboost|p1b: Glimmora|atk|1
|turn|1
|
|t:|1785686002
|detailschange|p2b: Staraptor|Staraptor-Mega, L50, M
|-mega|p2b: Staraptor|Staraptor|Staraptite
|detailschange|p1a: Charizard|Charizard-Mega-Y, L50, F
|-mega|p1a: Charizard|Charizard|Charizardite Y
|-weather|SunnyDay|[from] ability: Drought|[of] p1a: Charizard
|move|p1a: Charizard|Protect|p1a: Charizard
|-singleturn|p1a: Charizard|Protect
|move|p2a: Incineroar|Fake Out|p1b: Glimmora
|-resisted|p1b: Glimmora|1
|-damage|p1b: Glimmora|93/100
|-activate|p1b: Glimmora|ability: Toxic Debris
|-sidestart|p2: zigistardust|move: Toxic Spikes
|move|p2b: Staraptor|Close Combat|p1a: Charizard
|-activate|p1a: Charizard|move: Protect
|cant|p1b: Glimmora|flinch
|
|-weather|SunnyDay|[upkeep]
|upkeep
|turn|2
|
|t:|1785686045
|move|p2b: Staraptor|Protect|p2b: Staraptor
|-singleturn|p2b: Staraptor|Protect
|move|p1a: Charizard|Heat Wave|p2a: Incineroar|[spread] p2a
|-activate|p2b: Staraptor|move: Protect
|-resisted|p2a: Incineroar|1
|-damage|p2a: Incineroar|65/100
|move|p1b: Glimmora|Sludge Bomb|p2b: Staraptor
|-activate|p2b: Staraptor|move: Protect
|move|p2a: Incineroar|Throat Chop|p1a: Charizard
|-damage|p1a: Charizard|57/100
|-start|p1a: Charizard|Throat Chop|[silent]
|
|-weather|SunnyDay|[upkeep]
|upkeep
|turn|3
|
|t:|1785686066
|move|p2b: Staraptor|Close Combat|p1b: Glimmora
|-damage|p1b: Glimmora|18/100
|-boost|p2b: Staraptor|def|1
|-boost|p2b: Staraptor|spd|1
|-activate|p1b: Glimmora|ability: Toxic Debris
|-sidestart|p2: zigistardust|move: Toxic Spikes
|move|p1a: Charizard|Heat Wave|p2b: Staraptor|[spread] p2a,p2b
|-resisted|p2a: Incineroar|1
|-damage|p2a: Incineroar|31/100
|-damage|p2b: Staraptor|53/100
|-status|p2b: Staraptor|brn
|move|p1b: Glimmora|Sludge Bomb|p2b: Staraptor
|-damage|p2b: Staraptor|21/100 brn
|move|p2a: Incineroar|Parting Shot|p2b: Staraptor
|-boost|p2b: Staraptor|atk|1
|-boost|p2b: Staraptor|spa|1
|
|t:|1785686088
|switch|p2a: Kingambit|Kingambit, L50, F|100/100|[from] Parting Shot
|
|-weather|SunnyDay|[upkeep]
|-damage|p2b: Staraptor|14/100 brn|[from] brn
|-end|p1a: Charizard|Throat Chop|[silent]
|upkeep
|turn|4
|
|t:|1785686134
|switch|p1a: Garchomp|Garchomp, L50, M|100/100
|move|p2a: Kingambit|Protect|p2a: Kingambit
|-singleturn|p2a: Kingambit|Protect
|move|p2b: Staraptor|Brave Bird|p1a: Garchomp
|-damage|p1a: Garchomp|62/100
|-damage|p2b: Staraptor|2/100 brn|[from] ability: Rough Skin|[of] p1a: Garchomp
|-damage|p2b: Staraptor|0 fnt|[from] Recoil
|faint|p2b: Staraptor
|move|p1b: Glimmora|Earth Power|p2a: Kingambit
|-activate|p2a: Kingambit|move: Protect
|
|-weather|SunnyDay|[upkeep]
|upkeep
|
|t:|1785686156
|switch|p2b: Whimsicott|Whimsicott, L50, M|100/100
|-status|p2b: Whimsicott|tox
|turn|5
|
|t:|1785686171
|switch|p1a: Charizard|Charizard-Mega-Y, L50, F|57/100
|move|p1b: Glimmora|Spiky Shield|p1b: Glimmora
|-singleturn|p1b: Glimmora|move: Protect
|move|p2a: Kingambit|Sucker Punch||[still]
|-fail|p2a: Kingambit
|move|p2b: Whimsicott|Moonblast|p1a: Charizard
|-resisted|p1a: Charizard|1
|-damage|p1a: Charizard|38/100
|
|-weather|none
|-damage|p2b: Whimsicott|94/100 tox|[from] psn
|upkeep
|turn|6
|
|t:|1785686218
|move|p2a: Kingambit|Sucker Punch|p1a: Charizard
|-damage|p1a: Charizard|0 fnt
|faint|p1a: Charizard
|move|p2b: Whimsicott|Moonblast|p1b: Glimmora
|-resisted|p1b: Glimmora|1
|-damage|p1b: Glimmora|0 fnt
|faint|p1b: Glimmora
|
|-damage|p2b: Whimsicott|82/100 tox|[from] psn
|upkeep
|
|t:|1785686226
|switch|p1a: Basculegion|Basculegion, L50, M|100/100
|switch|p1b: Garchomp|Garchomp, L50, M|62/100
|turn|7
|j| mikewwm8
|
|t:|1785686253
|switch|p2b: Incineroar|Incineroar, L50, M|31/100
|-status|p2b: Incineroar|tox
|-ability|p2b: Incineroar|Intimidate|boost
|-unboost|p1a: Basculegion|atk|1
|-unboost|p1b: Garchomp|atk|1
|move|p2a: Kingambit|Protect|p2a: Kingambit
|-singleturn|p2a: Kingambit|Protect
|move|p1a: Basculegion|Wave Crash|p2a: Kingambit
|-activate|p2a: Kingambit|move: Protect
|move|p1b: Garchomp|Poison Jab|p2b: Incineroar
|-damage|p2b: Incineroar|16/100 tox
|
|-damage|p2b: Incineroar|10/100 tox|[from] psn
|upkeep
|turn|8
|
|t:|1785686270
|move|p2b: Incineroar|Fake Out|p1b: Garchomp
|-damage|p1b: Garchomp|54/100
|-damage|p2b: Incineroar|0 fnt|[from] ability: Rough Skin|[of] p1b: Garchomp
|faint|p2b: Incineroar
|move|p2a: Kingambit|Sucker Punch|p1a: Basculegion
|-supereffective|p1a: Basculegion|1
|-damage|p1a: Basculegion|0 fnt
|faint|p1a: Basculegion
|cant|p1b: Garchomp|flinch
|
|upkeep
|
|t:|1785686278
|switch|p2b: Whimsicott|Whimsicott, L50, M|82/100 tox
|turn|9
|c|☆vgc yung eezy|ggs
|c|☆vgc yung eezy|gl in finals
|c|☆zigistardust|ggs
|c|☆zigistardust|thx <3
|
|t:|1785686289
|move|p2a: Kingambit|Sucker Punch|p1b: Garchomp
|-damage|p1b: Garchomp|11/100
|-damage|p2a: Kingambit|87/100|[from] ability: Rough Skin|[of] p1b: Garchomp
|-enditem|p1b: Garchomp|Sitrus Berry|[eat]
|-heal|p1b: Garchomp|35/100|[from] item: Sitrus Berry
|move|p2b: Whimsicott|Moonblast|p1b: Garchomp
|-supereffective|p1b: Garchomp|1
|-damage|p1b: Garchomp|0 fnt
|faint|p1b: Garchomp
|
|win|zigistardust
|c|☆zigistardust|nach all dene jahr
|l|☆vgc yung eezy
|player|p1|
|j| Leon000
|l| Leon000
