|j|☆weloveyoumurder
|j|☆dotKuro
|html|weloveyoumurderdotKuro    
|uhtml|bestof|Game 2 of a best-of-3
|t:|1755090371
|gametype|doubles
|player|p1|weloveyoumurder|169|1218
|player|p2|dotKuro|2|1240
|gen|9
|tier|[Gen 9] VGC 2025 Reg H (Bo3)
|rated|
|rule|Species Clause: Limit one of each Pokémon
|rule|Item Clause: Limit 1 of each item
|clearpoke
|poke|p1|Volcarona, L50, F|
|poke|p1|Sneasler, L50, M|
|poke|p1|Indeedee, L50, M|
|poke|p1|Annihilape, L50, M|
|poke|p1|Ursaluna-Bloodmoon, L50, M|
|poke|p1|Tyranitar, L50, M|
|poke|p2|Garchomp, L50, M|
|poke|p2|Gholdengo, L50|
|poke|p2|Tyranitar, L50, M|
|poke|p2|Incineroar, L50, F|
|poke|p2|Amoonguss, L50, M|
|poke|p2|Talonflame, L50, F|
|teampreview|4
|showteam|p1|Volcarona||SitrusBerry|FlameBody|Overheat,StruggleBug,RagePowder,Tailwind|||F|||50|,,,,,Grass]Sneasler||PsychicSeed|Unburden|DireClaw,CloseCombat,ThroatChop,Protect|||M|||50|,,,,,Dark]Indeedee||ChoiceScarf|PsychicSurge|ExpandingForce,TeraBlast,Trick,Protect|||M|||50|,,,,,Psychic]Annihilape||SafetyGoggles|Defiant|RageFist,CloseCombat,Taunt,FinalGambit|||M|||50|,,,,,Fairy]Ursaluna-Bloodmoon||LifeOrb|MindsEye|BloodMoon,HyperVoice,EarthPower,Protect|||M|||50|,,,,,Normal]Tyranitar||AssaultVest|SandStream|RockSlide,KnockOff,LowKick,TeraBlast|||M|||50|,,,,,Flying
|showteam|p2|Garchomp||LifeOrb|RoughSkin|DragonClaw,StompingTantrum,Earthquake,Protect|||M|||50|,,,,,Fire]Gholdengo||MetalCoat|GoodasGold|MakeItRain,ShadowBall,NastyPlot,Protect||||||50|,,,,,Flying]Tyranitar||AssaultVest|SandStream|KnockOff,RockSlide,TeraBlast,LowKick|||M|||50|,,,,,Flying]Incineroar||SafetyGoggles|Intimidate|FakeOut,KnockOff,FlareBlitz,PartingShot|||F|||50|,,,,,Grass]Amoonguss||SitrusBerry|Regenerator|PollenPuff,Spore,RagePowder,Protect|||M|||50|,,,,,Water]Talonflame||CovertCloak|GaleWings|WillOWisp,BraveBird,Tailwind,Protect|||F|||50|,,,,,Grass
|inactive|Battle timer is ON: inactive players will automatically lose when time's up. (requested by weloveyoumurder)
|
|t:|1755090392
|teamsize|p1|4
|teamsize|p2|4
|start
|switch|p1a: Volcarona|Volcarona, L50, F|100/100
|switch|p1b: Ursaluna|Ursaluna-Bloodmoon, L50, M|100/100
|switch|p2a: Gholdengo|Gholdengo, L50|100/100
|switch|p2b: Tyranitar|Tyranitar, L50, M|100/100
|-weather|Sandstorm|[from] ability: Sand Stream|[of] p2b: Tyranitar
|turn|1
|inactive|weloveyoumurder has 30 seconds left.
|inactive|dotKuro has 30 seconds left.
|
|t:|1755090423
|move|p2a: Gholdengo|Protect|p2a: Gholdengo
|-singleturn|p2a: Gholdengo|Protect
|move|p1b: Ursaluna|Protect|p1b: Ursaluna
|-singleturn|p1b: Ursaluna|Protect
|move|p1a: Volcarona|Tailwind|p1a: Volcarona
|-sidestart|p1: weloveyoumurder|move: Tailwind
|move|p2b: Tyranitar|Rock Slide|p1b: Ursaluna|[spread] p1a
|-activate|p1b: Ursaluna|move: Protect
|-supereffective|p1a: Volcarona
|-damage|p1a: Volcarona|0 fnt
|faint|p1a: Volcarona
|
|-weather|Sandstorm|[upkeep]
|upkeep
|
|t:|1755090436
|switch|p1a: Annihilape|Annihilape, L50, M|100/100
|turn|2
|
|t:|1755090458
|switch|p2b: Amoonguss|Amoonguss, L50, M|100/100
|-terastallize|p1b: Ursaluna|Normal
|-terastallize|p2a: Gholdengo|Flying
|move|p1a: Annihilape|Close Combat|p2b: Amoonguss
|-resisted|p2b: Amoonguss
|-damage|p2b: Amoonguss|81/100
|-unboost|p1a: Annihilape|def|1
|-unboost|p1a: Annihilape|spd|1
|move|p1b: Ursaluna|Blood Moon|p2a: Gholdengo
|-damage|p2a: Gholdengo|0 fnt
|faint|p2a: Gholdengo
|-damage|p1b: Ursaluna|91/100|[from] item: Life Orb
|
|-weather|Sandstorm|[upkeep]
|-damage|p1b: Ursaluna|85/100|[from] Sandstorm
|-damage|p2b: Amoonguss|75/100|[from] Sandstorm
|upkeep
|
|t:|1755090478
|switch|p2a: Garchomp|Garchomp, L50, M|100/100
|turn|3
|
|t:|1755090499
|move|p2a: Garchomp|Protect|p2a: Garchomp
|-singleturn|p2a: Garchomp|Protect
|move|p2b: Amoonguss|Protect|p2b: Amoonguss
|-singleturn|p2b: Amoonguss|Protect
|move|p1a: Annihilape|Final Gambit|p2a: Garchomp
|-activate|p2a: Garchomp|move: Protect
|move|p1b: Ursaluna|Hyper Voice|p2a: Garchomp|[spread] 
|-activate|p2a: Garchomp|move: Protect
|-activate|p2b: Amoonguss|move: Protect
|
|-weather|Sandstorm|[upkeep]
|-damage|p1b: Ursaluna|79/100|[from] Sandstorm
|-damage|p2b: Amoonguss|69/100|[from] Sandstorm
|upkeep
|turn|4
|
|t:|1755090520
|switch|p2a: Tyranitar|Tyranitar, L50, M|100/100
|move|p2b: Amoonguss|Rage Powder|p2b: Amoonguss
|-singleturn|p2b: Amoonguss|move: Rage Powder
|move|p1a: Annihilape|Final Gambit|p2a: Tyranitar
|-damage|p2a: Tyranitar|0 fnt
|faint|p1a: Annihilape
|faint|p2a: Tyranitar
|move|p1b: Ursaluna|Earth Power|p2b: Amoonguss
|-damage|p2b: Amoonguss|2/100
|-enditem|p2b: Amoonguss|Sitrus Berry|[eat]
|-heal|p2b: Amoonguss|27/100|[from] item: Sitrus Berry
|-damage|p1b: Ursaluna|70/100|[from] item: Life Orb
|
|-weather|Sandstorm|[upkeep]
|-damage|p1b: Ursaluna|64/100|[from] Sandstorm
|-damage|p2b: Amoonguss|21/100|[from] Sandstorm
|-sideend|p1: weloveyoumurder|move: Tailwind
|upkeep
|
|t:|1755090534
|switch|p1a: Sneasler|Sneasler, L50, M|100/100
|switch|p2a: Garchomp|Garchomp, L50, M|100/100
|turn|5
|inactive|dotKuro has 30 seconds left.
|
|t:|1755090561
|move|p1a: Sneasler|Protect|p1a: Sneasler
|-singleturn|p1a: Sneasler|Protect
|move|p1b: Ursaluna|Protect|p1b: Ursaluna
|-singleturn|p1b: Ursaluna|Protect
|move|p2a: Garchomp|Stomping Tantrum|p1a: Sneasler
|-activate|p1a: Sneasler|move: Protect
|move|p2b: Amoonguss|Spore|p1b: Ursaluna
|-activate|p1b: Ursaluna|move: Protect
|
|-weather|none
|upkeep
|turn|6
|
|t:|1755090577
|move|p2b: Amoonguss|Protect|p2b: Amoonguss
|-singleturn|p2b: Amoonguss|Protect
|move|p1a: Sneasler|Dire Claw|p2b: Amoonguss
|-activate|p2b: Amoonguss|move: Protect
|move|p2a: Garchomp|Earthquake|p1b: Ursaluna|[spread] p1a,p1b
|-activate|p2b: Amoonguss|move: Protect
|-supereffective|p1a: Sneasler
|-crit|p1b: Ursaluna
|-damage|p1a: Sneasler|0 fnt
|-damage|p1b: Ursaluna|0 fnt
|faint|p1a: Sneasler
|faint|p1b: Ursaluna
|-damage|p2a: Garchomp|91/100|[from] item: Life Orb
|
|win|dotKuro
|raw|weloveyoumurder's rating: 1218 → 1195(-23 for losing)
|raw|dotKuro's rating: 1240 → 1263(+23 for winning)
