|j|☆Jj18697
|j|☆NathanaelW19
|html|Jj18697NathanaelW19    
|uhtml|bestof|Game 1 of a best-of-3
|t:|1756718717
|gametype|doubles
|player|p1|Jj18697|2|1044
|player|p2|NathanaelW19|scientist|1073
|gen|9
|tier|[Gen 9] VGC 2025 Reg H (Bo3)
|rated|
|rule|Species Clause: Limit one of each Pokémon
|rule|Item Clause: Limit 1 of each item
|clearpoke
|poke|p1|Gholdengo, L50|
|poke|p1|Dragonite, L50, F|
|poke|p1|Ninetales-Alola, L50, F|
|poke|p1|Rillaboom, L50, F|
|poke|p1|Arcanine-Hisui, L50, F|
|poke|p1|Sneasler, L50, M|
|poke|p2|Amoonguss, L50, M|
|poke|p2|Politoed, L50, F|
|poke|p2|Gothitelle, L50, M|
|poke|p2|Archaludon, L50, M|
|poke|p2|Rillaboom, L50, F|
|poke|p2|Incineroar, L50, M|
|teampreview|4
|showteam|p1|Gholdengo||GrassySeed|GoodasGold|MakeItRain,ShadowBall,NastyPlot,Protect||||||50|,,,,,Water]Dragonite||LoadedDice|Multiscale|ScaleShot,Tailwind,Haze,Protect|||F|||50|,,,,,Fairy]Ninetales-Alola||FocusSash|SnowWarning|AuroraVeil,IcyWind,FreezeDry,Encore|||F|||50|,,,,,Ghost]Rillaboom||AssaultVest|GrassySurge|FakeOut,WoodHammer,GrassyGlide,Uturn|||F|||50|,,,,,Fire]Arcanine-Hisui||ClearAmulet|Intimidate|RockSlide,FlareBlitz,ExtremeSpeed,Protect|||F|||50|,,,,,Water]Sneasler||WhiteHerb|Unburden|DireClaw,CloseCombat,Coaching,Protect|||M|||50|,,,,,Stellar
|showteam|p2|Amoonguss||EjectButton|Regenerator|Spore,RagePowder,PollenPuff,Protect|||M|||50|,,,,,Dark]Politoed||Leftovers|Drizzle|PerishSong,WeatherBall,Encore,Protect|||F|||50|,,,,,Grass]Gothitelle||SitrusBerry|ShadowTag|FakeOut,Psychic,Protect,TrickRoom|||M|||50|,,,,,Water]Archaludon||PowerHerb|Sturdy|ElectroShot,Protect,FlashCannon,DragonPulse|||M|||50|,,,,,Electric]Rillaboom||AssaultVest|GrassySurge|FakeOut,Uturn,WoodHammer,KnockOff|||F|||50|,,,,,Poison]Incineroar||SafetyGoggles|Intimidate|FlareBlitz,Protect,PartingShot,FakeOut|||M|||50|,,,,,Ghost
|inactive|Battle timer is ON: inactive players will automatically lose when time's up. (requested by NathanaelW19)
|inactive|Jj18697 also wants the timer to be on.
|c|☆NathanaelW19|Glhf
|inactive|NathanaelW19 has 60 seconds left.
|
|t:|1756718753
|teamsize|p1|4
|teamsize|p2|4
|start
|switch|p1a: Sneasler|Sneasler, L50, M|100/100
|switch|p1b: Dragonite|Dragonite, L50, F|100/100
|switch|p2a: Boom? Boom. BOOM!|Rillaboom, L50, F, shiny|100/100
|switch|p2b: Jabłko|Politoed, L50, F, shiny|100/100
|-weather|RainDance|[from] ability: Drizzle|[of] p2b: Jabłko
|-fieldstart|move: Grassy Terrain|[from] ability: Grassy Surge|[of] p2a: Boom? Boom. BOOM!
|turn|1
|
|t:|1756718777
|switch|p1a: Ninetales|Ninetales-Alola, L50, F|100/100
|-weather|Snowscape|[from] ability: Snow Warning|[of] p1a: Ninetales
|move|p1b: Dragonite|Protect|p1b: Dragonite
|-singleturn|p1b: Dragonite|Protect
|move|p2a: Boom? Boom. BOOM!|Fake Out|p1a: Ninetales
|-damage|p1a: Ninetales|89/100
|move|p2b: Jabłko|Perish Song|p2b: Jabłko
|-start|p1a: Ninetales|perish3|[silent]
|-start|p1b: Dragonite|perish3|[silent]
|-start|p2a: Boom? Boom. BOOM!|perish3|[silent]
|-start|p2b: Jabłko|perish3|[silent]
|-fieldactivate|move: Perish Song
|
|-weather|Snowscape|[upkeep]
|-heal|p1a: Ninetales|96/100|[from] Grassy Terrain
|-start|p1a: Ninetales|perish3
|-start|p1b: Dragonite|perish3
|-start|p2b: Jabłko|perish3
|-start|p2a: Boom? Boom. BOOM!|perish3
|upkeep
|turn|2
|inactive|Jj18697 has 30 seconds left.
|
|t:|1756718804
|switch|p1a: Gholdengo|Gholdengo, L50|100/100
|-enditem|p1a: Gholdengo|Grassy Seed
|-boost|p1a: Gholdengo|def|1|[from] item: Grassy Seed
|switch|p1b: Sneasler|Sneasler, L50, M|100/100
|switch|p2a: Wednesday|Gothitelle, L50, M|100/100
|move|p2b: Jabłko|Weather Ball|p1b: Sneasler
|-damage|p1b: Sneasler|76/100
|
|-weather|Snowscape|[upkeep]
|-heal|p1b: Sneasler|82/100|[from] Grassy Terrain
|-start|p2b: Jabłko|perish2
|upkeep
|turn|3
|
|t:|1756718825
|switch|p2b: Rosarote Brille|Incineroar, L50, M, shiny|100/100
|-ability|p2b: Rosarote Brille|Intimidate|boost
|-unboost|p1a: Gholdengo|atk|1
|-unboost|p1b: Sneasler|atk|1
|-enditem|p1b: Sneasler|White Herb
|-clearnegativeboost|p1b: Sneasler|[silent]
|-terastallize|p2a: Wednesday|Water
|move|p1b: Sneasler|Protect|p1b: Sneasler
|-singleturn|p1b: Sneasler|Protect
|move|p1a: Gholdengo|Nasty Plot|p1a: Gholdengo
|-boost|p1a: Gholdengo|spa|2
|move|p2a: Wednesday|Psychic|p1b: Sneasler
|-activate|p1b: Sneasler|move: Protect
|
|-weather|Snowscape|[upkeep]
|-heal|p1b: Sneasler|89/100|[from] Grassy Terrain
|upkeep
|turn|4
|j| future wolfey
|inactive|Jj18697 has 30 seconds left.
|inactive|NathanaelW19 has 30 seconds left.
|
|t:|1756718858
|move|p1a: Gholdengo|Protect|p1a: Gholdengo
|-singleturn|p1a: Gholdengo|Protect
|move|p2b: Rosarote Brille|Protect|p2b: Rosarote Brille
|-singleturn|p2b: Rosarote Brille|Protect
|move|p1b: Sneasler|Dire Claw|p2a: Wednesday
|-damage|p2a: Wednesday|64/100
|-status|p2a: Wednesday|par
|move|p2a: Wednesday|Trick Room|p2a: Wednesday
|-fieldstart|move: Trick Room|[of] p2a: Wednesday
|
|-weather|Snowscape|[upkeep]
|-heal|p2a: Wednesday|70/100 par|[from] Grassy Terrain
|-heal|p1b: Sneasler|95/100|[from] Grassy Terrain
|upkeep
|turn|5
|
|t:|1756718881
|-terastallize|p1a: Gholdengo|Water
|move|p1b: Sneasler|Protect|p1b: Sneasler
|-singleturn|p1b: Sneasler|Protect
|move|p2a: Wednesday|Psychic|p1b: Sneasler
|-activate|p1b: Sneasler|move: Protect
|move|p2b: Rosarote Brille|Flare Blitz|p1a: Gholdengo
|-resisted|p1a: Gholdengo
|-crit|p1a: Gholdengo
|-damage|p1a: Gholdengo|63/100
|-damage|p2b: Rosarote Brille|90/100|[from] Recoil
|move|p1a: Gholdengo|Make It Rain|p2b: Rosarote Brille|[spread] p2a,p2b
|-resisted|p2a: Wednesday
|-resisted|p2b: Rosarote Brille
|-damage|p2a: Wednesday|31/100 par
|-damage|p2b: Rosarote Brille|50/100
|-unboost|p1a: Gholdengo|spa|1
|-enditem|p2a: Wednesday|Sitrus Berry|[eat]
|-heal|p2a: Wednesday|56/100 par|[from] item: Sitrus Berry
|
|-weather|none
|-heal|p2a: Wednesday|62/100 par|[from] Grassy Terrain
|-heal|p2b: Rosarote Brille|56/100|[from] Grassy Terrain
|-heal|p1a: Gholdengo|69/100|[from] Grassy Terrain
|-heal|p1b: Sneasler|100/100|[from] Grassy Terrain
|-fieldend|move: Grassy Terrain
|upkeep
|turn|6
|
|t:|1756718904
|move|p1a: Gholdengo|Protect|p1a: Gholdengo
|-singleturn|p1a: Gholdengo|Protect
|move|p2a: Wednesday|Psychic|p1b: Sneasler
|-supereffective|p1b: Sneasler
|-damage|p1b: Sneasler|0 fnt
|faint|p1b: Sneasler
|move|p2b: Rosarote Brille|Parting Shot|p1a: Gholdengo
|-activate|p1a: Gholdengo|move: Protect
|
|upkeep
|
|t:|1756718914
|switch|p1b: Ninetales|Ninetales-Alola, L50, F|96/100
|-weather|Snowscape|[from] ability: Snow Warning|[of] p1b: Ninetales
|turn|7
|
|t:|1756718931
|switch|p2a: Boom? Boom. BOOM!|Rillaboom, L50, F, shiny|100/100
|-fieldstart|move: Grassy Terrain|[from] ability: Grassy Surge|[of] p2a: Boom? Boom. BOOM!
|move|p2b: Rosarote Brille|Flare Blitz|p1b: Ninetales
|-supereffective|p1b: Ninetales
|-damage|p1b: Ninetales|23/100
|-damage|p2b: Rosarote Brille|38/100|[from] Recoil
|move|p1a: Gholdengo|Nasty Plot|p1a: Gholdengo
|-boost|p1a: Gholdengo|spa|2
|move|p1b: Ninetales|Aurora Veil|p1b: Ninetales
|-sidestart|p1: Jj18697|move: Aurora Veil
|
|-weather|Snowscape|[upkeep]
|-heal|p2b: Rosarote Brille|44/100|[from] Grassy Terrain
|-heal|p1a: Gholdengo|75/100|[from] Grassy Terrain
|-heal|p1b: Ninetales|30/100|[from] Grassy Terrain
|upkeep
|turn|8
|
|t:|1756718950
|move|p1a: Gholdengo|Protect|p1a: Gholdengo
|-singleturn|p1a: Gholdengo|Protect
|move|p2b: Rosarote Brille|Parting Shot|p1b: Ninetales
|-unboost|p1b: Ninetales|atk|1
|-unboost|p1b: Ninetales|spa|1
|
|t:|1756718954
|switch|p2b: Wednesday|Gothitelle, L50, M, tera:Water|62/100 par|[from] Parting Shot
|move|p2a: Boom? Boom. BOOM!|Wood Hammer|p1a: Gholdengo
|-activate|p1a: Gholdengo|move: Protect
|move|p1b: Ninetales|Icy Wind|p2a: Boom? Boom. BOOM!|[spread] p2a,p2b
|-supereffective|p2a: Boom? Boom. BOOM!
|-resisted|p2b: Wednesday
|-damage|p2a: Boom? Boom. BOOM!|88/100
|-damage|p2b: Wednesday|59/100 par
|-unboost|p2a: Boom? Boom. BOOM!|spe|1
|-unboost|p2b: Wednesday|spe|1
|
|-weather|Snowscape|[upkeep]
|-heal|p2b: Wednesday|65/100 par|[from] Grassy Terrain
|-heal|p2a: Boom? Boom. BOOM!|94/100|[from] Grassy Terrain
|-heal|p1a: Gholdengo|81/100|[from] Grassy Terrain
|-heal|p1b: Ninetales|36/100|[from] Grassy Terrain
|-fieldend|move: Trick Room
|upkeep
|turn|9
|inactive|Jj18697 has 30 seconds left.
|
|t:|1756718982
|move|p2b: Wednesday|Fake Out|p1a: Gholdengo
|-crit|p1a: Gholdengo
|-damage|p1a: Gholdengo|73/100
|move|p1b: Ninetales|Freeze-Dry|p2a: Boom? Boom. BOOM!
|-supereffective|p2a: Boom? Boom. BOOM!
|-damage|p2a: Boom? Boom. BOOM!|75/100
|cant|p1a: Gholdengo|flinch
|move|p2a: Boom? Boom. BOOM!|Wood Hammer|p1a: Gholdengo
|-supereffective|p1a: Gholdengo
|-damage|p1a: Gholdengo|0 fnt
|faint|p1a: Gholdengo
|-damage|p2a: Boom? Boom. BOOM!|55/100|[from] Recoil
|
|-weather|Snowscape|[upkeep]
|-heal|p1b: Ninetales|42/100|[from] Grassy Terrain
|-heal|p2a: Boom? Boom. BOOM!|61/100|[from] Grassy Terrain
|-heal|p2b: Wednesday|72/100 par|[from] Grassy Terrain
|upkeep
|
|t:|1756718986
|switch|p1a: Dragonite|Dragonite, L50, F|100/100
|turn|10
|
|t:|1756719003
|move|p1b: Ninetales|Encore|p2b: Wednesday
|-start|p2b: Wednesday|Encore
|move|p1a: Dragonite|Scale Shot|p2a: Boom? Boom. BOOM!
|-damage|p2a: Boom? Boom. BOOM!|46/100
|-damage|p2a: Boom? Boom. BOOM!|32/100
|-damage|p2a: Boom? Boom. BOOM!|17/100
|-damage|p2a: Boom? Boom. BOOM!|2/100
|-hitcount|p2a: Boom? Boom. BOOM!|4
|-unboost|p1a: Dragonite|def|1
|-boost|p1a: Dragonite|spe|1
|move|p2a: Boom? Boom. BOOM!|Knock Off|p1a: Dragonite
|-damage|p1a: Dragonite|81/100
|-enditem|p1a: Dragonite|Loaded Dice|[from] move: Knock Off|[of] p2a: Boom? Boom. BOOM!
|move|p2b: Wednesday|Fake Out||[still]
|-hint|Fake Out only works on your first turn out.
|-fail|p2b: Wednesday
|
|-weather|Snowscape|[upkeep]
|-heal|p1b: Ninetales|48/100|[from] Grassy Terrain
|-heal|p2a: Boom? Boom. BOOM!|8/100|[from] Grassy Terrain
|-heal|p2b: Wednesday|78/100 par|[from] Grassy Terrain
|upkeep
|turn|11
|inactive|Jj18697 has 30 seconds left.
|
|t:|1756719032
|switch|p2b: Rosarote Brille|Incineroar, L50, M, shiny|44/100
|-ability|p2b: Rosarote Brille|Intimidate|boost
|-unboost|p1a: Dragonite|atk|1
|-unboost|p1b: Ninetales|atk|1
|move|p1a: Dragonite|Scale Shot|p2b: Rosarote Brille
|-damage|p2b: Rosarote Brille|36/100
|-damage|p2b: Rosarote Brille|28/100
|-damage|p2b: Rosarote Brille|20/100
|-hitcount|p2b: Rosarote Brille|3
|-unboost|p1a: Dragonite|def|1
|-boost|p1a: Dragonite|spe|1
|move|p1b: Ninetales|Icy Wind|p2a: Boom? Boom. BOOM!|[spread] p2a,p2b
|-supereffective|p2a: Boom? Boom. BOOM!
|-resisted|p2b: Rosarote Brille
|-damage|p2a: Boom? Boom. BOOM!|0 fnt
|-damage|p2b: Rosarote Brille|17/100
|-unboost|p2b: Rosarote Brille|spe|1
|faint|p2a: Boom? Boom. BOOM!
|
|-weather|none
|-heal|p1b: Ninetales|55/100|[from] Grassy Terrain
|-heal|p2b: Rosarote Brille|23/100|[from] Grassy Terrain
|-sideend|p1: Jj18697|move: Aurora Veil
|-fieldend|move: Grassy Terrain
|upkeep
|
|t:|1756719051
|switch|p2a: Wednesday|Gothitelle, L50, M, tera:Water|78/100 par
|turn|12
|inactive|Jj18697 has 30 seconds left.
|
|t:|1756719078
|cant|p2a: Wednesday|par
|move|p1a: Dragonite|Haze|p1a: Dragonite
|-clearallboost
|move|p1b: Ninetales|Freeze-Dry|p2a: Wednesday
|-supereffective|p2a: Wednesday
|-damage|p2a: Wednesday|44/100 par
|move|p2b: Rosarote Brille|Flare Blitz|p1b: Ninetales
|-supereffective|p1b: Ninetales
|-damage|p1b: Ninetales|0 fnt
|faint|p1b: Ninetales
|-damage|p2b: Rosarote Brille|8/100|[from] Recoil
|
|upkeep
|turn|13
|
|t:|1756719098
|move|p2b: Rosarote Brille|Protect|p2b: Rosarote Brille
|-singleturn|p2b: Rosarote Brille|Protect
|move|p1a: Dragonite|Scale Shot|p2a: Wednesday
|-crit|p2a: Wednesday
|-damage|p2a: Wednesday|26/100 par
|-damage|p2a: Wednesday|12/100 par
|-damage|p2a: Wednesday|0 fnt
|faint|p2a: Wednesday
|-hitcount|p2: Wednesday|3
|-unboost|p1a: Dragonite|def|1
|-boost|p1a: Dragonite|spe|1
|
|upkeep
|
|t:|1756719100
|switch|p2a: Jabłko|Politoed, L50, F, shiny|100/100
|-weather|RainDance|[from] ability: Drizzle|[of] p2a: Jabłko
|turn|14
|
|t:|1756719118
|move|p2b: Rosarote Brille|Protect||[still]
|-fail|p2b: Rosarote Brille
|move|p1a: Dragonite|Scale Shot|p2a: Jabłko
|-damage|p2a: Jabłko|84/100
|-damage|p2a: Jabłko|68/100
|-damage|p2a: Jabłko|52/100
|-damage|p2a: Jabłko|35/100
|-hitcount|p2a: Jabłko|4
|-unboost|p1a: Dragonite|def|1
|-boost|p1a: Dragonite|spe|1
|move|p2a: Jabłko|Encore|p1a: Dragonite
|-start|p1a: Dragonite|Encore
|
|-weather|RainDance|[upkeep]
|-heal|p2a: Jabłko|41/100|[from] item: Leftovers
|upkeep
|turn|15
|
|t:|1756719133
|move|p1a: Dragonite|Scale Shot|p2b: Rosarote Brille
|-damage|p2b: Rosarote Brille|0 fnt
|faint|p2b: Rosarote Brille
|-hitcount|p2: Rosarote Brille|1
|-unboost|p1a: Dragonite|def|1
|-boost|p1a: Dragonite|spe|1
|move|p2a: Jabłko|Perish Song|p2a: Jabłko
|-start|p1a: Dragonite|perish3|[silent]
|-start|p2a: Jabłko|perish3|[silent]
|-fieldactivate|move: Perish Song
|
|-weather|RainDance|[upkeep]
|-heal|p2a: Jabłko|47/100|[from] item: Leftovers
|-start|p1a: Dragonite|perish3
|-start|p2a: Jabłko|perish3
|upkeep
|turn|16
|
|t:|1756719142
|move|p2a: Jabłko|Protect|p2a: Jabłko
|-singleturn|p2a: Jabłko|Protect
|move|p1a: Dragonite|Scale Shot|p2a: Jabłko
|-activate|p2a: Jabłko|move: Protect
|
|-weather|RainDance|[upkeep]
|-heal|p2a: Jabłko|53/100|[from] item: Leftovers
|-start|p1a: Dragonite|perish2
|-start|p2a: Jabłko|perish2
|upkeep
|turn|17
|
|t:|1756719146
|move|p1a: Dragonite|Scale Shot|p2a: Jabłko
|-damage|p2a: Jabłko|37/100
|-damage|p2a: Jabłko|20/100
|-damage|p2a: Jabłko|3/100
|-hitcount|p2a: Jabłko|3
|-unboost|p1a: Dragonite|def|1
|-boost|p1a: Dragonite|spe|1
|move|p2a: Jabłko|Weather Ball|p1a: Dragonite
|-resisted|p1a: Dragonite
|-damage|p1a: Dragonite|58/100
|
|-weather|RainDance|[upkeep]
|-heal|p2a: Jabłko|9/100|[from] item: Leftovers
|-end|p1a: Dragonite|Encore
|-start|p1a: Dragonite|perish1
|-start|p2a: Jabłko|perish1
|upkeep
|turn|18
|
|t:|1756719155
|move|p2a: Jabłko|Protect|p2a: Jabłko
|-singleturn|p2a: Jabłko|Protect
|move|p1a: Dragonite|Scale Shot|p2a: Jabłko
|-activate|p2a: Jabłko|move: Protect
|
|-weather|none
|-heal|p2a: Jabłko|14/100|[from] item: Leftovers
|-start|p1a: Dragonite|perish0
|-start|p2a: Jabłko|perish0
|faint|p1a: Dragonite
|faint|p2a: Jabłko
|
|win|NathanaelW19
|c|☆NathanaelW19|Ggs
||Jj18697 is ready for game 2.
|c|☆Jj18697|Gg
