|j|â˜†AxolatiletheSecond
|j|â˜†sparrow.d.ace
|html|AxolatiletheSecondsparrow.d.ace    
|uhtml|bestof|Game 3 of a best-of-3
|t:|1756993532
|gametype|doubles
|player|p1|AxolatiletheSecond|iris|1079
|player|p2|sparrow.d.ace|benga|1152
|gen|9
|tier|[Gen 9] VGC 2025 Reg H (Bo3)
|rated|
|rule|Species Clause: Limit one of each PokÃ©mon
|rule|Item Clause: Limit 1 of each item
|clearpoke
|poke|p1|Ceruledge, L50, M|
|poke|p1|Whimsicott, L50, M|
|poke|p1|Hydreigon, L50, F|
|poke|p1|Farigiraf, L50, M|
|poke|p1|Garchomp, L50, F|
|poke|p1|Talonflame, L50, F|
|poke|p2|Basculegion, L50, M|
|poke|p2|Pelipper, L50, M|
|poke|p2|Archaludon, L50, M|
|poke|p2|Sneasler, L50, F|
|poke|p2|Rillaboom, L50, M|
|poke|p2|Incineroar, L50, F|
|teampreview|4
|showteam|p1|Ceruledge||LifeOrb|FlashFire|CloseCombat,Poltergeist,FlareBlitz,Protect|||M|||50|,,,,,Fighting]Whimsicott||FocusSash|Prankster|Moonblast,Tailwind,Encore,SunnyDay|||M|||50|,,,,,Ghost]Hydreigon||ChoiceSpecs|Levitate|EarthPower,DarkPulse,DragonPulse,HeatWave|||F|||50|,,,,,Fire]Farigiraf||ThroatSpray|ArmorTail|HyperVoice,Psychic,TrickRoom,Imprison|||M|||50|,,,,,Fairy]Garchomp||ClearAmulet|RoughSkin|Earthquake,StompingTantrum,Protect,DragonClaw|||F|||50|,,,,,Ground]Talonflame||ChoiceBand|GaleWings|DualWingbeat,BraveBird,Uturn,FlareBlitz|||F|||50|,,,,,Ghost
|showteam|p2|Basculegion||ChoiceBand|SwiftSwim|WaveCrash,FlipTurn,LastRespects,AquaJet|||M|||50|,,,,,Water]Pelipper||CovertCloak|Drizzle|WeatherBall,Hurricane,Tailwind,Protect|||M|||50|,,,,,Stellar]Archaludon||AssaultVest|Stamina|ElectroShot,DragonPulse,FlashCannon,BodyPress|||M|||50|,,,,,Bug]Sneasler||FocusSash|PoisonTouch|DireClaw,CloseCombat,ThroatChop,Protect|||F|||50|,,,,,Ghost]Rillaboom||MiracleSeed|GrassySurge|WoodHammer,GrassyGlide,Uturn,FakeOut|||M|||50|,,,,,Fire]Incineroar||SafetyGoggles|Intimidate|Taunt,FakeOut,PartingShot,KnockOff|||F|||50|,,,,,Ghost
|inactive|Battle timer is ON: inactive players will automatically lose when time's up. (requested by sparrow.d.ace)
|
|t:|1756993557
|teamsize|p1|4
|teamsize|p2|4
|start
|switch|p1a: Garchomp|Garchomp, L50, F|100/100
|switch|p1b: Talonflame|Talonflame, L50, F|100/100
|switch|p2a: Sneasler|Sneasler, L50, F|100/100
|switch|p2b: Pelipper|Pelipper, L50, M, shiny|100/100
|-weather|RainDance|[from] ability: Drizzle|[of] p2b: Pelipper
|turn|1
|
|t:|1756993582
|-terastallize|p2a: Sneasler|Ghost
|move|p2a: Sneasler|Dire Claw|p1b: Talonflame
|-damage|p1b: Talonflame|40/100
|-status|p1b: Talonflame|par
|move|p1a: Garchomp|Stomping Tantrum|p2a: Sneasler
|-damage|p2a: Sneasler|38/100
|move|p2b: Pelipper|Weather Ball|p1a: Garchomp
|-damage|p1a: Garchomp|32/100
|cant|p1b: Talonflame|par
|
|-weather|RainDance|[upkeep]
|upkeep
|turn|2
|inactive|AxolatiletheSecond has 30 seconds left.
|
|t:|1756993609
|move|p1a: Garchomp|Protect|p1a: Garchomp
|-singleturn|p1a: Garchomp|Protect
|move|p2a: Sneasler|Close Combat|p1a: Garchomp
|-activate|p1a: Garchomp|move: Protect
|move|p2b: Pelipper|Weather Ball|p1b: Talonflame
|-supereffective|p1b: Talonflame
|-damage|p1b: Talonflame|0 fnt
|faint|p1b: Talonflame
|
|-weather|RainDance|[upkeep]
|upkeep
|
|t:|1756993617
|switch|p1b: Whimsicott|Whimsicott, L50, M|100/100
|turn|3
|
|t:|1756993628
|move|p2a: Sneasler|Protect|p2a: Sneasler
|-singleturn|p2a: Sneasler|Protect
|move|p1b: Whimsicott|Tailwind|p1b: Whimsicott
|-sidestart|p1: AxolatiletheSecond|move: Tailwind
|move|p1a: Garchomp|Stomping Tantrum|p2a: Sneasler
|-activate|p2a: Sneasler|move: Protect
|move|p2b: Pelipper|Tailwind|p2b: Pelipper
|-sidestart|p2: sparrow.d.ace|move: Tailwind
|
|-weather|RainDance|[upkeep]
|upkeep
|turn|4
|
|t:|1756993646
|switch|p2a: Incineroar|Incineroar, L50, F|100/100
|-ability|p2a: Incineroar|Intimidate|boost
|-fail|p1a: Garchomp|unboost|[from] item: Clear Amulet|[of] p1a: Garchomp
|-unboost|p1b: Whimsicott|atk|1
|move|p1a: Garchomp|Protect|p1a: Garchomp
|-singleturn|p1a: Garchomp|Protect
|move|p1b: Whimsicott|Encore|p2a: Incineroar
|-hint|Since gen 7, Dark is immune to Prankster moves.
|-immune|p2a: Incineroar
|move|p2b: Pelipper|Weather Ball|p1a: Garchomp
|-activate|p1a: Garchomp|move: Protect
|
|-weather|RainDance|[upkeep]
|upkeep
|turn|5
|inactive|sparrow.d.ace has 30 seconds left.
|
|t:|1756993680
|switch|p1a: Ceruledge|Ceruledge, L50, M|100/100
|-terastallize|p1b: Whimsicott|Ghost
|move|p2a: Incineroar|Fake Out|p1b: Whimsicott
|-immune|p1b: Whimsicott
|move|p1b: Whimsicott|Sunny Day|p1b: Whimsicott
|-weather|SunnyDay
|move|p2b: Pelipper|Hurricane|p1b: Whimsicott|[miss]
|-miss|p2b: Pelipper|p1b: Whimsicott
|
|-weather|SunnyDay|[upkeep]
|upkeep
|turn|6
|
|t:|1756993703
|move|p1b: Whimsicott|Moonblast|p2a: Incineroar
|-damage|p2a: Incineroar|66/100
|move|p1a: Ceruledge|Close Combat|p2a: Incineroar
|-supereffective|p2a: Incineroar
|-damage|p2a: Incineroar|0 fnt
|-unboost|p1a: Ceruledge|def|1
|-unboost|p1a: Ceruledge|spd|1
|faint|p2a: Incineroar
|-damage|p1a: Ceruledge|91/100|[from] item: Life Orb
|move|p2b: Pelipper|Weather Ball|p1b: Whimsicott
|-damage|p1b: Whimsicott|28/100
|
|-weather|SunnyDay|[upkeep]
|-sideend|p2: sparrow.d.ace|move: Tailwind
|-sideend|p1: AxolatiletheSecond|move: Tailwind
|upkeep
|
|t:|1756993721
|switch|p2a: Sneasler|Sneasler, L50, F, tera:Ghost|38/100
|turn|7
|
|t:|1756993740
|move|p2a: Sneasler|Protect|p2a: Sneasler
|-singleturn|p2a: Sneasler|Protect
|move|p1b: Whimsicott|Tailwind|p1b: Whimsicott
|-sidestart|p1: AxolatiletheSecond|move: Tailwind
|move|p1a: Ceruledge|Flare Blitz|p2a: Sneasler
|-activate|p2a: Sneasler|move: Protect
|move|p2b: Pelipper|Tailwind|p2b: Pelipper
|-sidestart|p2: sparrow.d.ace|move: Tailwind
|
|-weather|SunnyDay|[upkeep]
|upkeep
|turn|8
|inactive|sparrow.d.ace has 30 seconds left.
|
|t:|1756993766
|switch|p2a: Basculegion|Basculegion, L50, M, shiny|100/100
|move|p1b: Whimsicott|Encore||[still]
|-fail|p1b: Whimsicott
|move|p1a: Ceruledge|Poltergeist|p2a: Basculegion
|-activate|p2a: Basculegion|move: Poltergeist|Choice Band
|-supereffective|p2a: Basculegion
|-damage|p2a: Basculegion|0 fnt
|faint|p2a: Basculegion
|-damage|p1a: Ceruledge|81/100|[from] item: Life Orb
|move|p2b: Pelipper|Weather Ball|p1b: Whimsicott
|-crit|p1b: Whimsicott
|-damage|p1b: Whimsicott|0 fnt
|faint|p1b: Whimsicott
|
|-weather|SunnyDay|[upkeep]
|upkeep
|
|t:|1756993781
|switch|p1b: Garchomp|Garchomp, L50, F|32/100
|switch|p2a: Sneasler|Sneasler, L50, F, tera:Ghost|38/100
|turn|9
|
|t:|1756993795
|move|p2a: Sneasler|Close Combat|p1b: Garchomp
|-damage|p1b: Garchomp|0 fnt
|-unboost|p2a: Sneasler|def|1
|-unboost|p2a: Sneasler|spd|1
|-damage|p2a: Sneasler|26/100|[from] ability: Rough Skin|[of] p1b: Garchomp
|faint|p1b: Garchomp
|move|p1a: Ceruledge|Poltergeist|p2b: Pelipper
|-activate|p2b: Pelipper|move: Poltergeist|Covert Cloak
|-damage|p2b: Pelipper|6/100
|-damage|p1a: Ceruledge|71/100|[from] item: Life Orb
|move|p2b: Pelipper|Hurricane|p1a: Ceruledge|[miss]
|-miss|p2b: Pelipper|p1a: Ceruledge
|
|-weather|none
|upkeep
|turn|10
|-message|AxolatiletheSecond forfeited.
|
|win|sparrow.d.ace
|raw|AxolatiletheSecond's rating: 1079 → 1062(-17 for losing)
|raw|sparrow.d.ace's rating: 1152 → 1172(+20 for winning)
|l|â˜†AxolatiletheSecond
|player|p1|
|j|â˜†AxolatiletheSecond
|player|p1|AxolatiletheSecond|iris|
|l|â˜†AxolatiletheSecond
|player|p1|
