|j|☆Treit_3
|j|☆Javichicaino
|html|Treit_3Javichicaino    
|uhtml|bestof|Game 2 of a best-of-3
|t:|1783441678
|gametype|doubles
|player|p1|Treit_3|marshal|1114
|player|p2|Javichicaino|266|1181
|gen|9
|tier|[Gen 9 Champions] VGC 2026 Reg M-B (Bo3)
|rated|
|rule|Species Clause: Limit one of each Pokémon
|rule|Item Clause: Limit 1 of each item
|clearpoke
|poke|p1|Scrafty, L50, F|
|poke|p1|Blaziken, L50, F|
|poke|p1|Torterra, L50, F|
|poke|p1|Milotic, L50, M|
|poke|p1|Gholdengo, L50|
|poke|p1|Farigiraf, L50, M|
|poke|p2|Incineroar, L50, M|
|poke|p2|Swampert, L50, M|
|poke|p2|Pelipper, L50, F|
|poke|p2|Archaludon, L50, M|
|poke|p2|Farigiraf, L50, M|
|poke|p2|Venusaur, L50, F|
|teampreview|4
|showteam|p1|Scrafty||Scraftinite|Intimidate|FakeOut,Coaching,DrainPunch,ThroatChop|Adamant||F|||50|]Blaziken||Blazikenite|SpeedBoost|Detect,RockSlide,FlareBlitz,CloseCombat|Adamant||F|||50|]Torterra||Leftovers|ShellArmor|Protect,WideGuard,HeadlongRush,WoodHammer|Brave||F|||50|]Milotic||MysticWater|Competitive|Protect,Scald,MuddyWater,IceBeam|Modest||M|||50|]Gholdengo||LifeOrb|GoodasGold|Protect,NastyPlot,MakeItRain,ShadowBall|Modest|||||50|]Farigiraf||SitrusBerry|ArmorTail|Protect,TrickRoom,Thunderbolt,HyperVoice|Bold||M|||50|
|showteam|p2|Incineroar||WhiteHerb|Intimidate|PartingShot,DarkestLariat,FlareBlitz,FakeOut|Careful||M|||50|]Swampert||Swampertite|Torrent|WaveCrash,HighHorsepower,StealthRock,Protect|Adamant||M|||50|]Pelipper||LifeOrb|Drizzle|WeatherBall,Hurricane,Tailwind,WideGuard|Modest||F|||50|]Archaludon||Leftovers|Stamina|ElectroShot,DragonPulse,FlashCannon,Protect|Modest||M|||50|]Farigiraf||SitrusBerry|ArmorTail|Psychic,Thunderbolt,TrickRoom,Imprison|Bold||M|||50|]Venusaur||Venusaurite|Chlorophyll|GigaDrain,LeechSeed,SludgeBomb,Protect|Modest||F|||50|
|
|t:|1783441719
|teamsize|p1|4
|teamsize|p2|4
|start
|switch|p1a: Scrafty|Scrafty, L50, F|100/100
|switch|p1b: Farigiraf|Farigiraf, L50, M|100/100
|switch|p2a: Swampert|Swampert, L50, M|100/100
|switch|p2b: Pelipper|Pelipper, L50, F|100/100
|-weather|RainDance|[from] ability: Drizzle|[of] p2b: Pelipper
|-ability|p1a: Scrafty|Intimidate|boost
|-unboost|p2a: Swampert|atk|1
|-unboost|p2b: Pelipper|atk|1
|turn|1
|
|t:|1783441750
|switch|p2a: Farigiraf|Farigiraf, L50, M|100/100
|detailschange|p1a: Scrafty|Scrafty-Mega, L50, F
|-mega|p1a: Scrafty|Scrafty|Scraftinite
|-ability|p1a: Scrafty|Intimidate|boost
|-unboost|p2a: Farigiraf|atk|1
|-unboost|p2b: Pelipper|atk|1
|move|p1a: Scrafty|Fake Out||[still]
|cant|p2a: Farigiraf|ability: Armor Tail|Fake Out|[of] p1a: Scrafty
|move|p2b: Pelipper|Weather Ball|p1a: Scrafty
|-damage|p1a: Scrafty|24/100
|-damage|p2b: Pelipper|90/100|[from] item: Life Orb
|move|p1b: Farigiraf|Trick Room|p1b: Farigiraf
|-fieldstart|move: Trick Room|[of] p1b: Farigiraf
|
|-weather|RainDance|[upkeep]
|upkeep
|turn|2
|
|t:|1783441776
|switch|p2a: Incineroar|Incineroar, L50, M|100/100
|-ability|p2a: Incineroar|Intimidate|boost
|-unboost|p1a: Scrafty|atk|1
|-unboost|p1b: Farigiraf|atk|1
|move|p1b: Farigiraf|Thunderbolt|p2b: Pelipper
|-supereffective|p2b: Pelipper|2
|-damage|p2b: Pelipper|0 fnt
|faint|p2b: Pelipper
|move|p1a: Scrafty|Throat Chop|p2a: Incineroar
|-resisted|p2a: Incineroar|1
|-damage|p2a: Incineroar|85/100
|-start|p2a: Incineroar|Throat Chop|[silent]
|
|-weather|RainDance|[upkeep]
|upkeep
|
|t:|1783441791
|switch|p2b: Swampert|Swampert, L50, M|100/100
|turn|3
|
|t:|1783441810
|switch|p2a: Farigiraf|Farigiraf, L50, M|100/100
|switch|p1a: Gholdengo|Gholdengo, L50|100/100
|detailschange|p2b: Swampert|Swampert-Mega, L50, M
|-mega|p2b: Swampert|Swampert|Swampertite
|move|p1b: Farigiraf|Hyper Voice|p2a: Farigiraf|[spread] p2a,p2b
|-damage|p2a: Farigiraf|73/100
|-damage|p2b: Swampert|74/100
|move|p2b: Swampert|Wave Crash|p1b: Farigiraf
|-damage|p1b: Farigiraf|16/100
|-enditem|p1b: Farigiraf|Sitrus Berry|[eat]
|-heal|p1b: Farigiraf|40/100|[from] item: Sitrus Berry
|-damage|p2b: Swampert|41/100|[from] Recoil
|
|-weather|RainDance|[upkeep]
|upkeep
|turn|4
|
|t:|1783441838
|switch|p2a: Incineroar|Incineroar, L50, M|85/100
|-ability|p2a: Incineroar|Intimidate|boost
|-unboost|p1a: Gholdengo|atk|1
|-unboost|p1b: Farigiraf|atk|1
|move|p1b: Farigiraf|Hyper Voice|p2b: Swampert|[spread] p2a,p2b
|-damage|p2a: Incineroar|66/100
|-damage|p2b: Swampert|16/100
|move|p1a: Gholdengo|Shadow Ball|p2b: Swampert
|-damage|p2b: Swampert|0 fnt
|faint|p2b: Swampert
|-damage|p1a: Gholdengo|90/100|[from] item: Life Orb
|
|-weather|RainDance|[upkeep]
|upkeep
|
|t:|1783441848
|switch|p2b: Farigiraf|Farigiraf, L50, M|73/100
|turn|5
|
|t:|1783441860
|switch|p1b: Scrafty|Scrafty-Mega, L50, F|24/100
|-ability|p1b: Scrafty|Intimidate|boost
|-unboost|p2a: Incineroar|atk|1
|-unboost|p2b: Farigiraf|atk|1
|-enditem|p2a: Incineroar|White Herb
|-clearnegativeboost|p2a: Incineroar|[silent]
|move|p1a: Gholdengo|Protect|p1a: Gholdengo
|-singleturn|p1a: Gholdengo|Protect
|move|p2b: Farigiraf|Thunderbolt|p1b: Scrafty
|-damage|p1b: Scrafty|4/100
|move|p2a: Incineroar|Darkest Lariat|p1a: Gholdengo
|-activate|p1a: Gholdengo|move: Protect
|
|-weather|none
|-fieldend|move: Trick Room
|upkeep
|turn|6
|
|t:|1783441886
|move|p1a: Gholdengo|Make It Rain|p2a: Incineroar|[spread] p2a,p2b
|-resisted|p2a: Incineroar|1
|-damage|p2a: Incineroar|43/100
|-damage|p2b: Farigiraf|18/100
|-unboost|p1a: Gholdengo|spa|2
|-enditem|p2b: Farigiraf|Sitrus Berry|[eat]
|-heal|p2b: Farigiraf|42/100|[from] item: Sitrus Berry
|-damage|p1a: Gholdengo|80/100|[from] item: Life Orb
|move|p1b: Scrafty|Drain Punch|p2a: Incineroar
|-supereffective|p2a: Incineroar|1
|-damage|p2a: Incineroar|0 fnt
|-heal|p1b: Scrafty|30/100|[from] drain|[of] p2a: Incineroar
|faint|p2a: Incineroar
|move|p2b: Farigiraf|Thunderbolt|p1b: Scrafty
|-damage|p1b: Scrafty|11/100
|
|upkeep
|turn|7
|-message|Javichicaino forfeited.
|
|win|Treit_3
|raw|Treit_3's rating: 1114 → 1144(+30 for winning)
|raw|Javichicaino's rating: 1181 → 1151(-30 for losing)
|l|☆Javichicaino
|player|p2|
|j|☆Javichicaino
|player|p2|Javichicaino|266|
|l|☆Javichicaino
|player|p2|
