|j|☆ToastedArt
|j|☆VeraxVGC
|html|ToastedArtVeraxVGC    
|uhtml|bestof|Game 3 of a best-of-3
|t:|1785798788
|gametype|doubles
|player|p1|ToastedArt|101|1133
|player|p2|VeraxVGC|richboy-gen4|1171
|gen|9
|tier|[Gen 9 Champions] VGC 2026 Reg M-B (Bo3)
|rated|
|rule|Species Clause: Limit one of each Pokémon
|rule|Item Clause: Limit 1 of each item
|clearpoke
|poke|p1|Staraptor, L50, M|
|poke|p1|Whimsicott, L50, M|
|poke|p1|Gholdengo, L50|
|poke|p1|Incineroar, L50, M|
|poke|p1|Zoroark-Hisui, L50, M|
|poke|p1|Raichu, L50, M|
|poke|p2|Tyranitar, L50, M|
|poke|p2|Gallade, L50, M|
|poke|p2|Excadrill, L50, F|
|poke|p2|Milotic, L50, M|
|poke|p2|Scovillain, L50, F|
|poke|p2|Houndstone, L50, F|
|teampreview|4
|showteam|p1|Staraptor||Staraptite|Intimidate|CloseCombat,DualWingbeat,Roost,Protect|Jolly||M|||50|]Whimsicott||OccaBerry|Prankster|Encore,Tailwind,Charm,Moonblast|Timid||M|||50|]Gholdengo||LifeOrb|GoodasGold|MakeItRain,ShadowBall,NastyPlot,Protect|Modest|||||50|]Incineroar||SitrusBerry|Intimidate|PartingShot,FlareBlitz,ThroatChop,FakeOut|Careful||M|||50|]Zoroark-Hisui||FocusSash|Illusion|BitterMalice,IcyWind,Taunt,FakeTears|Timid||M|||50|]Raichu||RaichuniteX|Static|FakeOut,VoltTackle,Charm,Protect|Jolly||M|||50|
|showteam|p2|Tyranitar||Tyranitarite|SandStream|RockSlide,Crunch,DragonDance,Protect|Jolly||M|||50|]Gallade||ChoiceScarf|Sharpness|SacredSword,PsychoCut,Coaching,IcyWind|Jolly||M|||50|]Excadrill||FocusSash|SandRush|RockSlide,HighHorsepower,IronHead,Protect|Adamant||F|||50|]Milotic||Leftovers|Competitive|IceBeam,Coil,MuddyWater,Recover|Calm||M|||50|]Scovillain||Scovillainite|Moody|RagePowder,GigaDrain,Protect,Overheat|Bold||F|||50|]Houndstone||SitrusBerry|SandRush|LastRespects,Yawn,Snarl,Protect|Adamant||F|||50|
|inactive|Battle timer is ON: inactive players will automatically lose when time's up. (requested by ToastedArt)
|
|t:|1785798795
|teamsize|p1|4
|teamsize|p2|4
|start
|switch|p1a: Staraptor|Staraptor, L50, M|100/100
|switch|p1b: Whimsicott|Whimsicott, L50, M|100/100
|switch|p2a: Milotic|Milotic, L50, M|100/100
|switch|p2b: Scovillain|Scovillain, L50, F|100/100
|-ability|p1a: Staraptor|Intimidate|boost
|-unboost|p2a: Milotic|atk|1
|-ability|p2a: Milotic|Competitive|boost
|-boost|p2a: Milotic|spa|2
|-unboost|p2b: Scovillain|atk|1
|turn|1
|
|t:|1785798813
|detailschange|p1a: Staraptor|Staraptor-Mega, L50, M
|-mega|p1a: Staraptor|Staraptor|Staraptite
|detailschange|p2b: Scovillain|Scovillain-Mega, L50, F
|-mega|p2b: Scovillain|Scovillain|Scovillainite
|move|p2b: Scovillain|Rage Powder|p2b: Scovillain
|-singleturn|p2b: Scovillain|move: Rage Powder
|move|p1b: Whimsicott|Charm|p1a: Staraptor
|-boost|p1a: Staraptor|atk|2
|move|p1a: Staraptor|Close Combat|p2b: Scovillain
|-damage|p2b: Scovillain|0 fnt
|-boost|p1a: Staraptor|def|1
|-boost|p1a: Staraptor|spd|1
|-status|p1a: Staraptor|brn|[from] ability: Spicy Spray|[of] p2b: Scovillain
|faint|p2b: Scovillain
|move|p2a: Milotic|Ice Beam|p1a: Staraptor
|-supereffective|p1a: Staraptor|1
|-damage|p1a: Staraptor|35/100 brn
|
|-damage|p1a: Staraptor|29/100 brn|[from] brn
|upkeep
|inactive|VeraxVGC has 30 seconds left.
|inactive|VeraxVGC has 20 seconds left.
|inactive|VeraxVGC has 15 seconds left.
|
|t:|1785798854
|switch|p2b: Excadrill|Excadrill, L50, F|100/100
|turn|2
|
|t:|1785798869
|switch|p2a: Tyranitar|Tyranitar, L50, M|100/100
|-weather|Sandstorm|[from] ability: Sand Stream|[of] p2a: Tyranitar
|move|p1a: Staraptor|Protect|p1a: Staraptor
|-singleturn|p1a: Staraptor|Protect
|move|p1b: Whimsicott|Tailwind|p1b: Whimsicott
|-sidestart|p1: ToastedArt|move: Tailwind
|move|p2b: Excadrill|Rock Slide|p1a: Staraptor|[spread] p1b
|-activate|p1a: Staraptor|move: Protect
|-damage|p1b: Whimsicott|73/100
|
|-weather|Sandstorm|[upkeep]
|-damage|p1b: Whimsicott|67/100|[from] Sandstorm
|-damage|p1a: Staraptor|23/100 brn|[from] Sandstorm
|-damage|p1a: Staraptor|17/100 brn|[from] brn
|upkeep
|turn|3
|
|t:|1785798888
|move|p2a: Tyranitar|Protect|p2a: Tyranitar
|-singleturn|p2a: Tyranitar|Protect
|move|p1b: Whimsicott|Encore|p2b: Excadrill
|-start|p2b: Excadrill|Encore
|move|p1a: Staraptor|Roost|p1a: Staraptor
|-heal|p1a: Staraptor|67/100 brn
|-singleturn|p1a: Staraptor|move: Roost
|move|p2b: Excadrill|Rock Slide|p1b: Whimsicott|[spread] p1a
|-miss|p2b: Excadrill|p1b: Whimsicott
|-resisted|p1a: Staraptor|1
|-damage|p1a: Staraptor|60/100 brn
|
|-weather|Sandstorm|[upkeep]
|-damage|p1b: Whimsicott|61/100|[from] Sandstorm
|-damage|p1a: Staraptor|54/100 brn|[from] Sandstorm
|-damage|p1a: Staraptor|48/100 brn|[from] brn
|upkeep
|turn|4
|inactive|VeraxVGC has 30 seconds left.
|
|t:|1785798920
|move|p2a: Tyranitar|Protect|p2a: Tyranitar
|-singleturn|p2a: Tyranitar|Protect
|move|p1b: Whimsicott|Charm|p1a: Staraptor
|-boost|p1a: Staraptor|atk|2
|move|p1a: Staraptor|Close Combat|p2a: Tyranitar
|-activate|p2a: Tyranitar|move: Protect
|move|p2b: Excadrill|Rock Slide|p1a: Staraptor|[spread] p1a,p1b
|-crit|p1a: Staraptor
|-damage|p1a: Staraptor|18/100 brn
|-damage|p1b: Whimsicott|35/100
|
|-weather|Sandstorm|[upkeep]
|-damage|p1b: Whimsicott|29/100|[from] Sandstorm
|-damage|p1a: Staraptor|12/100 brn|[from] Sandstorm
|-damage|p1a: Staraptor|6/100 brn|[from] brn
|upkeep
|turn|5
|
|t:|1785798937
|switch|p2a: Milotic|Milotic, L50, M|100/100
|move|p1b: Whimsicott|Moonblast|p2a: Milotic
|-damage|p2a: Milotic|83/100
|move|p1a: Staraptor|Roost|p1a: Staraptor
|-heal|p1a: Staraptor|56/100 brn
|-singleturn|p1a: Staraptor|move: Roost
|move|p2b: Excadrill|Rock Slide|p1a: Staraptor|[spread] p1a
|-miss|p2b: Excadrill|p1b: Whimsicott
|-resisted|p1a: Staraptor|1
|-damage|p1a: Staraptor|50/100y brn
|
|-weather|Sandstorm|[upkeep]
|-damage|p1b: Whimsicott|23/100|[from] Sandstorm
|-damage|p1a: Staraptor|44/100 brn|[from] Sandstorm
|-damage|p2a: Milotic|77/100|[from] Sandstorm
|-heal|p2a: Milotic|83/100|[from] item: Leftovers
|-damage|p1a: Staraptor|38/100 brn|[from] brn
|-end|p2b: Excadrill|Encore
|-sideend|p1: ToastedArt|move: Tailwind
|upkeep
|turn|6
|inactive|ToastedArt has 30 seconds left.
|inactive|VeraxVGC has 30 seconds left.
|inactive|VeraxVGC has 20 seconds left.
|inactive|VeraxVGC has 15 seconds left.
|
|t:|1785798981
|move|p1b: Whimsicott|Encore|p2b: Excadrill
|-start|p2b: Excadrill|Encore
|move|p2b: Excadrill|Rock Slide|p1a: Staraptor|[spread] p1a,p1b
|-damage|p1a: Staraptor|22/100 brn
|-damage|p1b: Whimsicott|0 fnt
|faint|p1b: Whimsicott
|move|p1a: Staraptor|Roost|p1a: Staraptor
|-heal|p1a: Staraptor|72/100 brn
|-singleturn|p1a: Staraptor|move: Roost
|move|p2a: Milotic|Ice Beam|p1a: Staraptor
|-damage|p1a: Staraptor|58/100 brn
|
|-weather|none
|-heal|p2a: Milotic|89/100|[from] item: Leftovers
|-damage|p1a: Staraptor|52/100 brn|[from] brn
|upkeep
|inactive|ToastedArt has 30 seconds left.
|
|t:|1785799011
|switch|p1b: Gholdengo|Gholdengo, L50|100/100
|turn|7
|
|t:|1785799033
|move|p1a: Staraptor|Close Combat|p2b: Excadrill
|-supereffective|p2b: Excadrill|1
|-enditem|p2b: Excadrill|Focus Sash
|-damage|p2b: Excadrill|1/100
|-boost|p1a: Staraptor|def|1
|-boost|p1a: Staraptor|spd|1
|move|p2b: Excadrill|Rock Slide|p1b: Gholdengo|[spread] p1a,p1b
|-resisted|p1b: Gholdengo|1
|-damage|p1a: Staraptor|41/100 brn
|-damage|p1b: Gholdengo|88/100
|move|p1b: Gholdengo|Nasty Plot|p1b: Gholdengo
|-boost|p1b: Gholdengo|spa|2
|move|p2a: Milotic|Muddy Water|p1a: Staraptor|[spread] p1b
|-miss|p2a: Milotic|p1a: Staraptor
|-damage|p1b: Gholdengo|65/100
|
|-heal|p2a: Milotic|95/100|[from] item: Leftovers
|-damage|p1a: Staraptor|35/100 brn|[from] brn
|upkeep
|turn|8
|
|t:|1785799052
|move|p1a: Staraptor|Close Combat|p2a: Milotic
|-damage|p2a: Milotic|3/100
|-boost|p1a: Staraptor|def|1
|-boost|p1a: Staraptor|spd|1
|move|p2b: Excadrill|Rock Slide|p1a: Staraptor|[spread] p1a,p1b
|-resisted|p1b: Gholdengo|1
|-damage|p1a: Staraptor|27/100 brn
|-damage|p1b: Gholdengo|53/100
|move|p1b: Gholdengo|Shadow Ball|p2b: Excadrill
|-damage|p2b: Excadrill|0 fnt
|faint|p2b: Excadrill
|-damage|p1b: Gholdengo|44/100|[from] item: Life Orb
|move|p2a: Milotic|Muddy Water|p1a: Staraptor|[spread] p1a,p1b
|-damage|p1a: Staraptor|15/100 brn
|-damage|p1b: Gholdengo|20/100y
|
|-heal|p2a: Milotic|9/100|[from] item: Leftovers
|-damage|p1a: Staraptor|9/100 brn|[from] brn
|upkeep
|c|☆VeraxVGC|well that is not good
|
|t:|1785799071
|switch|p2b: Tyranitar|Tyranitar, L50, M|100/100
|-weather|Sandstorm|[from] ability: Sand Stream|[of] p2b: Tyranitar
|turn|9
|inactive|VeraxVGC has 30 seconds left.
|
|t:|1785799097
|move|p1a: Staraptor|Roost|p1a: Staraptor
|-heal|p1a: Staraptor|59/100 brn
|-singleturn|p1a: Staraptor|move: Roost
|move|p1b: Gholdengo|Shadow Ball|p2a: Milotic
|-damage|p2a: Milotic|0 fnt
|faint|p2a: Milotic
|-damage|p1b: Gholdengo|10/100|[from] item: Life Orb
|move|p2b: Tyranitar|Dragon Dance|p2b: Tyranitar
|-boost|p2b: Tyranitar|atk|1
|-boost|p2b: Tyranitar|spe|1
|
|-weather|Sandstorm|[upkeep]
|-damage|p1a: Staraptor|53/100 brn|[from] Sandstorm
|-damage|p1a: Staraptor|47/100 brn|[from] brn
|upkeep
|turn|10
|
|t:|1785799113
|move|p2b: Tyranitar|Rock Slide|p1b: Gholdengo|[spread] p1a,p1b
|-resisted|p1b: Gholdengo|1
|-damage|p1a: Staraptor|32/100 brn
|-damage|p1b: Gholdengo|0 fnt
|faint|p1b: Gholdengo
|cant|p1a: Staraptor|flinch
|
|-weather|Sandstorm|[upkeep]
|-damage|p1a: Staraptor|26/100 brn|[from] Sandstorm
|-damage|p1a: Staraptor|20/100y brn|[from] brn
|upkeep
|
|t:|1785799117
|switch|p1b: Zoroark|Zoroark-Hisui, L50, M|100/100
|turn|11
|
|t:|1785799138
|move|p2b: Tyranitar|Crunch|p1a: Staraptor
|-resisted|p1a: Staraptor|1
|-damage|p1a: Staraptor|10/100 brn
|-boost|p1a: Staraptor|def|1
|move|p1b: Zoroark|Bitter Malice|p2b: Tyranitar
|-resisted|p2b: Tyranitar|1
|-damage|p2b: Tyranitar|88/100
|-unboost|p2b: Tyranitar|atk|1
|move|p1a: Staraptor|Close Combat|p2b: Tyranitar
|-supereffective|p2b: Tyranitar|2
|-damage|p2b: Tyranitar|0 fnt
|-boost|p1a: Staraptor|def|1
|-boost|p1a: Staraptor|spd|1
|faint|p2b: Tyranitar
|
|win|ToastedArt
|raw|ToastedArt's rating: 1133 → 1161(+28 for winning)
|raw|VeraxVGC's rating: 1171 → 1143(-28 for losing)
