|j|☆regalac3
|j|☆pinkaiju
|html|regalac3pinkaiju    
|uhtml|bestof|Game 1 of a best-of-3
|t:|1783145476
|gametype|doubles
|player|p1|regalac3|n|1140
|player|p2|pinkaiju|265|1000
|gen|9
|tier|[Gen 9 Champions] VGC 2026 Reg M-B (Bo3)
|rated|
|rule|Species Clause: Limit one of each Pokémon
|rule|Item Clause: Limit 1 of each item
|clearpoke
|poke|p1|Aerodactyl, L50, F|
|poke|p1|Pyroar, L50, F|
|poke|p1|Farigiraf, L50, F|
|poke|p1|Mamoswine, L50, M|
|poke|p1|Venusaur, L50, M|
|poke|p1|Torkoal, L50, M|
|poke|p2|Tyranitar, L50, M|
|poke|p2|Hippowdon, L50, M|
|poke|p2|Sandaconda, L50, F, shiny|
|poke|p2|Cofagrigus, L50, M, shiny|
|poke|p2|Empoleon, L50, M|
|poke|p2|Sharpedo, L50, M|
|teampreview|4
|showteam|p1|Aerodactyl||Aerodactylite|Unnerve|RockSlide,DualWingbeat,IceFang,Tailwind|Jolly||F|||50|]Pyroar||Pyroarite|Unnerve|HeatWave,SolarBeam,Overheat,Protect|Timid||F|||50|]Farigiraf||SitrusBerry|ArmorTail|Psychic,Thunderbolt,HelpingHand,TrickRoom|Modest||F|||50|]Mamoswine||LifeOrb|Oblivious|IcicleCrash,HighHorsepower,IceShard,Protect|Adamant||M|||50|]Venusaur||FocusSash|Chlorophyll|LeafStorm,SludgeBomb,SleepPowder,Protect|Modest||M|||50|]Torkoal||Charcoal|Drought|Eruption,WeatherBall,HelpingHand,Protect|Quiet||M|||50|
|showteam|p2|Tyranitar||ChopleBerry|SandStream|Sandstorm,IceBeam,Protect,DarkPulse|Adamant||M|||50|]Hippowdon||SitrusBerry|SandForce|Yawn,StealthRock,Earthquake,Whirlwind|Impish||M|||50|]Sandaconda||BrightPowder|SandVeil|Coil,Minimize,BodyPress,IronHead|Careful||F|||50|]Cofagrigus||MentalHerb|Mummy|DestinyBond,TrickRoom,Substitute,WillOWisp|Sassy||M|||50|]Empoleon||ChoiceScarf|Torrent|Dive,Facade,FlipTurn,FlashCannon|Timid||M|||50|]Sharpedo||Leftovers|SpeedBoost|DarkPulse,AquaJet,DestinyBond,Protect|Jolly||M|||50|
|
|t:|1783145523
|teamsize|p1|4
|teamsize|p2|4
|start
|switch|p1a: Pyroar|Pyroar, L50, F|100/100
|switch|p1b: Farigiraf|Farigiraf, L50, F|100/100
|switch|p2a: Cofagrigus|Cofagrigus, L50, M, shiny|100/100
|switch|p2b: Tyranitar|Tyranitar, L50, M|100/100
|-ability|p1a: Pyroar|Unnerve
|-weather|Sandstorm|[from] ability: Sand Stream|[of] p2b: Tyranitar
|turn|1
|
|t:|1783145548
|detailschange|p1a: Pyroar|Pyroar-Mega, L50, F
|-mega|p1a: Pyroar|Pyroar|Pyroarite
|move|p1b: Farigiraf|Helping Hand|p1a: Pyroar
|-singleturn|p1a: Pyroar|Helping Hand|[of] p1b: Farigiraf
|move|p1a: Pyroar|Heat Wave|p2b: Tyranitar|[spread] p2a,p2b
|-resisted|p2b: Tyranitar|1
|-damage|p2a: Cofagrigus|21/100
|-damage|p2b: Tyranitar|76/100
|move|p2b: Tyranitar|Dark Pulse|p1b: Farigiraf
|-supereffective|p1b: Farigiraf|1
|-damage|p1b: Farigiraf|53/100
|move|p2a: Cofagrigus|Will-O-Wisp|p1b: Farigiraf
|-status|p1b: Farigiraf|brn
|
|-weather|Sandstorm|[upkeep]
|-damage|p1a: Pyroar|93/100|[from] Sandstorm
|-damage|p1b: Farigiraf|47/100 brn|[from] Sandstorm
|-damage|p2a: Cofagrigus|15/100|[from] Sandstorm
|-enditem|p1b: Farigiraf|Sitrus Berry|[eat]
|-heal|p1b: Farigiraf|72/100 brn|[from] item: Sitrus Berry
|-damage|p1b: Farigiraf|66/100 brn|[from] brn
|upkeep
|turn|2
|
|t:|1783145572
|switch|p1a: Torkoal|Torkoal, L50, M|100/100
|-weather|SunnyDay|[from] ability: Drought|[of] p1a: Torkoal
|move|p2b: Tyranitar|Protect|p2b: Tyranitar
|-singleturn|p2b: Tyranitar|Protect
|move|p2a: Cofagrigus|Destiny Bond|p2a: Cofagrigus
|-singlemove|p2a: Cofagrigus|Destiny Bond
|move|p1b: Farigiraf|Trick Room|p1b: Farigiraf
|-fieldstart|move: Trick Room|[of] p1b: Farigiraf
|
|-weather|SunnyDay|[upkeep]
|-damage|p1b: Farigiraf|60/100 brn|[from] brn
|upkeep
|turn|3
|
|t:|1783145598
|move|p1a: Torkoal|Weather Ball|p2b: Tyranitar
|-resisted|p2b: Tyranitar|1
|-damage|p2b: Tyranitar|38/100
|move|p2a: Cofagrigus|Destiny Bond||[still]
|-fail|p2a: Cofagrigus
|move|p1b: Farigiraf|Thunderbolt|p2b: Tyranitar
|-damage|p2b: Tyranitar|13/100
|move|p2b: Tyranitar|Sandstorm|p2b: Tyranitar
|-weather|Sandstorm
|
|-weather|Sandstorm|[upkeep]
|-damage|p1a: Torkoal|93/100|[from] Sandstorm
|-damage|p2a: Cofagrigus|9/100|[from] Sandstorm
|-damage|p1b: Farigiraf|55/100 brn|[from] Sandstorm
|-damage|p1b: Farigiraf|49/100 brn|[from] brn
|upkeep
|turn|4
|
|t:|1783145625
|move|p1b: Farigiraf|Helping Hand|p1a: Torkoal
|-singleturn|p1a: Torkoal|Helping Hand|[of] p1b: Farigiraf
|move|p2b: Tyranitar|Protect|p2b: Tyranitar
|-singleturn|p2b: Tyranitar|Protect
|move|p1a: Torkoal|Eruption|p2b: Tyranitar|[spread] p2a
|-activate|p2b: Tyranitar|move: Protect
|-damage|p2a: Cofagrigus|0 fnt
|faint|p2a: Cofagrigus
|
|-weather|Sandstorm|[upkeep]
|-damage|p1a: Torkoal|87/100|[from] Sandstorm
|-damage|p1b: Farigiraf|43/100 brn|[from] Sandstorm
|-damage|p1b: Farigiraf|37/100 brn|[from] brn
|upkeep
|
|t:|1783145639
|switch|p2a: Sandaconda|Sandaconda, L50, F, shiny|100/100
|turn|5
|
|t:|1783145663
|switch|p1a: Venusaur|Venusaur, L50, M|100/100
|switch|p2b: Hippowdon|Hippowdon, L50, M|100/100
|move|p1b: Farigiraf|Thunderbolt|p2b: Hippowdon
|-immune|p2b: Hippowdon
|move|p2a: Sandaconda|Minimize|p2a: Sandaconda
|-boost|p2a: Sandaconda|evasion|2
|
|-weather|Sandstorm|[upkeep]
|-damage|p1b: Farigiraf|31/100 brn|[from] Sandstorm
|-damage|p1a: Venusaur|94/100|[from] Sandstorm
|-damage|p1b: Farigiraf|25/100 brn|[from] brn
|upkeep
|turn|6
|
|t:|1783145691
|move|p1b: Farigiraf|Psychic|p2a: Sandaconda|[miss]
|-miss|p1b: Farigiraf|p2a: Sandaconda
|move|p2a: Sandaconda|Coil|p2a: Sandaconda
|-boost|p2a: Sandaconda|atk|1
|-boost|p2a: Sandaconda|def|1
|-boost|p2a: Sandaconda|accuracy|1
|move|p1a: Venusaur|Leaf Storm|p2b: Hippowdon|[miss]
|-miss|p1a: Venusaur|p2b: Hippowdon
|move|p2b: Hippowdon|Whirlwind|p1a: Venusaur
|drag|p1a: Torkoal|Torkoal, L50, M|87/100
|-weather|SunnyDay|[from] ability: Drought|[of] p1a: Torkoal
|
|-weather|SunnyDay|[upkeep]
|-damage|p1b: Farigiraf|19/100 brn|[from] brn
|-fieldend|move: Trick Room
|upkeep
|turn|7
|
|t:|1783145718
|switch|p1b: Venusaur|Venusaur, L50, M|94/100
|move|p1a: Torkoal|Protect|p1a: Torkoal
|-singleturn|p1a: Torkoal|Protect
|move|p2a: Sandaconda|Body Press|p1a: Torkoal
|-activate|p1a: Torkoal|move: Protect
|move|p2b: Hippowdon|Yawn|p1a: Torkoal
|-activate|p1a: Torkoal|move: Protect
|
|-weather|SunnyDay|[upkeep]
|upkeep
|turn|8
|
|t:|1783145740
|switch|p1a: Farigiraf|Farigiraf, L50, F|19/100 brn
|move|p1b: Venusaur|Leaf Storm|p2b: Hippowdon
|-supereffective|p2b: Hippowdon|1
|-damage|p2b: Hippowdon|0 fnt
|-unboost|p1b: Venusaur|spa|2
|faint|p2b: Hippowdon
|move|p2a: Sandaconda|Body Press|p1a: Farigiraf
|-damage|p1a: Farigiraf|0 fnt
|faint|p1a: Farigiraf
|
|-weather|SunnyDay|[upkeep]
|upkeep
|
|t:|1783145751
|switch|p1a: Pyroar|Pyroar-Mega, L50, F|93/100
|switch|p2b: Tyranitar|Tyranitar, L50, M|13/100
|-weather|Sandstorm|[from] ability: Sand Stream|[of] p2b: Tyranitar
|turn|9
|
|t:|1783145763
|switch|p1b: Torkoal|Torkoal, L50, M|87/100
|-weather|SunnyDay|[from] ability: Drought|[of] p1b: Torkoal
|move|p2b: Tyranitar|Protect|p2b: Tyranitar
|-singleturn|p2b: Tyranitar|Protect
|move|p1a: Pyroar|Heat Wave|p2a: Sandaconda|[spread] p2a
|-activate|p2b: Tyranitar|move: Protect
|-damage|p2a: Sandaconda|7/100
|move|p2a: Sandaconda|Minimize|p2a: Sandaconda
|-boost|p2a: Sandaconda|evasion|2
|
|-weather|SunnyDay|[upkeep]
|upkeep
|turn|10
|
|t:|1783145781
|switch|p1b: Venusaur|Venusaur, L50, M|94/100
|move|p1a: Pyroar|Heat Wave|p2a: Sandaconda|[spread] p2b
|-miss|p1a: Pyroar|p2a: Sandaconda
|-resisted|p2b: Tyranitar|1
|-damage|p2b: Tyranitar|0 fnt
|faint|p2b: Tyranitar
|move|p2a: Sandaconda|Body Press|p1a: Pyroar
|-supereffective|p1a: Pyroar|1
|-damage|p1a: Pyroar|4/100
|
|-weather|SunnyDay|[upkeep]
|upkeep
|turn|11
|
|t:|1783145813
|move|p1b: Venusaur|Sleep Powder|p2a: Sandaconda
|-status|p2a: Sandaconda|slp|[from] move: Sleep Powder
|move|p1a: Pyroar|Overheat|p2a: Sandaconda|[miss]
|-miss|p1a: Pyroar|p2a: Sandaconda
|cant|p2a: Sandaconda|slp
|
|-weather|SunnyDay|[upkeep]
|upkeep
|turn|12
|-message|pinkaiju forfeited.
|raw|regalac3's rating: 1140 → 1155(+15 for winning)
|raw|pinkaiju's rating: 1000 → 1000(+0 for losing)
|
|win|regalac3
|l|☆pinkaiju
|player|p2|
