|j|☆crosseczek
|j|☆guillelona
|html|crosseczekguillelona    
|uhtml|bestof|Game 1 of a best-of-3
|t:|1784995190
|gametype|doubles
|player|p1|crosseczek|maid|1306
|player|p2|guillelona|veteran|1206
|gen|9
|tier|[Gen 9 Champions] VGC 2026 Reg M-B (Bo3)
|rated|
|rule|Species Clause: Limit one of each Pokémon
|rule|Item Clause: Limit 1 of each item
|clearpoke
|poke|p1|Mawile, L50, M|
|poke|p1|Maushold, L50|
|poke|p1|Whimsicott, L50, F|
|poke|p1|Raichu, L50, M|
|poke|p1|Incineroar, L50, F|
|poke|p1|Farigiraf, L50, F|
|poke|p2|Vivillon-Tundra, L50, F|
|poke|p2|Mawile, L50, F|
|poke|p2|Torkoal, L50, M|
|poke|p2|Farigiraf, L50, F|
|poke|p2|Garchomp, L50, M|
|poke|p2|Raichu, L50, F|
|teampreview|4
|showteam|p1|Mawile||Mawilite|HyperCutter|PlayRough,SuckerPunch,SwordsDance,Protect|Brave||M|||50|]Maushold||WideLens|Technician|PopulationBomb,Taunt,FollowMe,Protect|Adamant|||||50|]Whimsicott||FocusSash|Prankster|Moonblast,Encore,Tailwind,HelpingHand|Modest||F|||50|]Raichu||RaichuniteY|LightningRod|ZapCannon,FocusBlast,GrassKnot,Protect|Modest||M|||50|]Incineroar||Charcoal|Intimidate|FlareBlitz,DarkestLariat,PartingShot,FakeOut|Adamant||F|||50|]Farigiraf||ColburBerry|ArmorTail|Psychic,Imprison,TrickRoom,Protect|Modest||F|||50|
|showteam|p2|Vivillon-Tundra||FocusSash|CompoundEyes|Hurricane,SleepPowder,RagePowder,Protect|Timid||F|||50|]Mawile||Mawilite|Intimidate|PlayRough,RockSlide,SuckerPunch,Protect|Adamant||F|||50|]Torkoal||Charcoal|Drought|Eruption,WeatherBall,Protect,EarthPower|Quiet||M|||50|]Farigiraf||SitrusBerry|ArmorTail|Psychic,Thunderbolt,TrickRoom,HelpingHand|Relaxed||F|||50|]Garchomp||LifeOrb|RoughSkin|DragonClaw,Earthquake,RockSlide,Protect|Jolly||M|||50|]Raichu||RaichuniteY|LightningRod|ZapCannon,FocusBlast,FakeOut,Protect|Timid||F|||50|
|c|☆crosseczek|gl hf
|c|☆guillelona|glhf
|inactive|Battle timer is ON: inactive players will automatically lose when time's up. (requested by guillelona)
|
|t:|1784995227
|teamsize|p1|4
|teamsize|p2|4
|start
|switch|p1a: Farigiraf|Farigiraf, L50, F|100/100
|switch|p1b: Raichu|Raichu, L50, M|100/100
|switch|p2a: Vivillon|Vivillon-Tundra, L50, F|100/100
|switch|p2b: Garchomp|Garchomp, L50, M|100/100
|turn|1
|
|t:|1784995244
|switch|p1a: Whimsicott|Whimsicott, L50, F|100/100
|move|p1b: Raichu|Protect|p1b: Raichu
|-singleturn|p1b: Raichu|Protect
|move|p2b: Garchomp|Earthquake|p1b: Raichu|[spread] p1a
|-activate|p1b: Raichu|move: Protect
|-immune|p2a: Vivillon
|-resisted|p1a: Whimsicott|1
|-damage|p1a: Whimsicott|69/100
|-damage|p2b: Garchomp|90/100|[from] item: Life Orb
|move|p2a: Vivillon|Sleep Powder|p1b: Raichu
|-activate|p1b: Raichu|move: Protect
|
|upkeep
|turn|2
|
|t:|1784995261
|detailschange|p1b: Raichu|Raichu-Mega-Y, L50, M
|-mega|p1b: Raichu|Raichu|Raichunite Y
|move|p2b: Garchomp|Protect|p2b: Garchomp
|-singleturn|p2b: Garchomp|Protect
|move|p1a: Whimsicott|Tailwind|p1a: Whimsicott
|-sidestart|p1: crosseczek|move: Tailwind
|move|p1b: Raichu|Zap Cannon|p2a: Vivillon
|-supereffective|p2a: Vivillon|1
|-enditem|p2a: Vivillon|Focus Sash
|-damage|p2a: Vivillon|1/100
|-status|p2a: Vivillon|par
|cant|p2a: Vivillon|par
|
|upkeep
|turn|3
|
|t:|1784995278
|move|p1b: Raichu|Focus Blast|p2a: Vivillon
|-resisted|p2a: Vivillon|2
|-damage|p2a: Vivillon|0 fnt
|faint|p2a: Vivillon
|move|p1a: Whimsicott|Moonblast|p2b: Garchomp
|-supereffective|p2b: Garchomp|1
|-damage|p2b: Garchomp|0 fnt
|faint|p2b: Garchomp
|
|upkeep
|
|t:|1784995285
|switch|p2b: Mawile|Mawile, L50, F|100/100
|switch|p2a: Torkoal|Torkoal, L50, M|100/100
|-ability|p2b: Mawile|Intimidate|boost
|-unboost|p1a: Whimsicott|atk|1
|-unboost|p1b: Raichu|atk|1
|-weather|SunnyDay|[from] ability: Drought|[of] p2a: Torkoal
|turn|4
|
|t:|1784995308
|detailschange|p2b: Mawile|Mawile-Mega, L50, F
|-mega|p2b: Mawile|Mawile|Mawilite
|move|p1a: Whimsicott|Helping Hand|p1b: Raichu
|-singleturn|p1b: Raichu|Helping Hand|[of] p1a: Whimsicott
|move|p2b: Mawile|Protect|p2b: Mawile
|-singleturn|p2b: Mawile|Protect
|move|p1b: Raichu|Zap Cannon|p2b: Mawile
|-activate|p2b: Mawile|move: Protect
|move|p2a: Torkoal|Eruption|p1b: Raichu|[spread] p1a,p1b
|-supereffective|p1a: Whimsicott|1
|-damage|p1a: Whimsicott|0 fnt
|-damage|p1b: Raichu|0 fnt
|faint|p1a: Whimsicott
|faint|p1b: Raichu
|
|-weather|SunnyDay|[upkeep]
|upkeep
|
|t:|1784995315
|switch|p1b: Farigiraf|Farigiraf, L50, F|100/100
|switch|p1a: Maushold|Maushold, L50|100/100
|turn|5
|
|t:|1784995327
|move|p1a: Maushold|Population Bomb|p2a: Torkoal
|-damage|p2a: Torkoal|89/100
|-damage|p2a: Torkoal|79/100
|-damage|p2a: Torkoal|69/100
|-damage|p2a: Torkoal|60/100
|-damage|p2a: Torkoal|49/100
|-damage|p2a: Torkoal|38/100
|-damage|p2a: Torkoal|29/100
|-damage|p2a: Torkoal|20/100y
|-damage|p2a: Torkoal|10/100
|-damage|p2a: Torkoal|0 fnt
|faint|p2a: Torkoal
|-hitcount|p2: Torkoal|10
|move|p1b: Farigiraf|Psychic|p2b: Mawile
|-resisted|p2b: Mawile|1
|-damage|p2b: Mawile|75/100
|move|p2b: Mawile|Play Rough|p1a: Maushold
|-damage|p1a: Maushold|0 fnt
|faint|p1a: Maushold
|
|-weather|SunnyDay|[upkeep]
|-sideend|p1: crosseczek|move: Tailwind
|upkeep
|turn|6
|
|t:|1784995351
|move|p1b: Farigiraf|Psychic|p2b: Mawile
|-resisted|p2b: Mawile|1
|-damage|p2b: Mawile|51/100
|move|p2b: Mawile|Play Rough|p1b: Farigiraf
|-damage|p1b: Farigiraf|20/100y
|
|-weather|SunnyDay|[upkeep]
|upkeep
|turn|7
|
|t:|1784995359
|move|p1b: Farigiraf|Psychic|p2b: Mawile
|-resisted|p2b: Mawile|1
|-damage|p2b: Mawile|26/100
|move|p2b: Mawile|Play Rough|p1b: Farigiraf
|-damage|p1b: Farigiraf|0 fnt
|faint|p1b: Farigiraf
|
|win|guillelona
||guillelona is ready for game 2.
||crosseczek is ready for game 2.
|uhtml|next|Next: Game 2 of 3
|l|☆crosseczek
|player|p1|
