|j|☆dracojackson
|j|☆Como Se Dice Ben
|html|dracojacksonComo Se Dice Ben    
|uhtml|bestof|Game 2 of a best-of-3
|t:|1756750317
|gametype|doubles
|player|p1|dracojackson|hilbert|
|player|p2|Como Se Dice Ben|toddsnap2|
|gen|9
|tier|[Gen 9] VGC 2025 Reg H (Bo3)
|rule|Species Clause: Limit one of each Pokémon
|rule|Item Clause: Limit 1 of each item
|clearpoke
|poke|p1|Porygon2, L50|
|poke|p1|Incineroar, L50, M|
|poke|p1|Ursaluna, L50, F|
|poke|p1|Amoonguss, L50, F|
|poke|p1|Gholdengo, L50|
|poke|p1|Dragonite, L50, M|
|poke|p2|Weezing-Galar, L50, F|
|poke|p2|Toedscruel, L50, M|
|poke|p2|Annihilape, L50, F|
|poke|p2|Typhlosion-Hisui, L50, M|
|poke|p2|Sneasler, L50, F|
|poke|p2|Corviknight, L50, F|
|teampreview|4
|showteam|p1|Porygon2||Eviolite|Download|TeraBlast,IceBeam,Recover,TrickRoom||||||50|,,,,,Fighting]Incineroar||SafetyGoggles|Intimidate|FakeOut,KnockOff,FlareBlitz,PartingShot|||M|||50|,,,,,Ghost]Ursaluna||FlameOrb|Guts|HeadlongRush,Facade,Earthquake,Protect|||F|||50|,,,,,Ghost]Amoonguss||SitrusBerry|Regenerator|PollenPuff,Spore,RagePowder,Protect|||F|||50|,,,,,Water]Gholdengo||LifeOrb|GoodasGold|MakeItRain,ShadowBall,NastyPlot,Protect||||||50|,,,,,Dragon]Dragonite||LoadedDice|Multiscale|ScaleShot,Haze,Tailwind,Protect|||M|||50|,,,,,Steel
|showteam|p2|Weezing-Galar||ChoiceSpecs|NeutralizingGas|DazzlingGleam,SludgeBomb,StrangeSteam,Flamethrower|||F|||50|,,,,,Flying]Toedscruel||CovertCloak|MyceliumMight|Spore,EarthPower,AcidSpray,BulletSeed|||M|||50|,,,,,Water]Annihilape||AssaultVest|Defiant|RageFist,DrainPunch,CloseCombat,FinalGambit|||F|||50|,,,,,Fire]Typhlosion-Hisui||ChoiceScarf|Frisk|Eruption,HeatWave,Overheat,InfernalParade|||M|||50|,,,,,Fire]Sneasler||LifeOrb|PoisonTouch|DireClaw,CloseCombat,ThroatChop,Protect|||F|||50|,,,,,Stellar]Corviknight||SitrusBerry|MirrorArmor|BraveBird,Tailwind,Roost,Protect|||F|||50|,,,,,Dragon
|
|t:|1756750368
|teamsize|p1|4
|teamsize|p2|4
|start
|switch|p1a: Tomato|Incineroar, L50, M|100/100
|switch|p1b: LaFawnduh|Amoonguss, L50, F, shiny|100/100
|switch|p2a: Typhlosion|Typhlosion-Hisui, L50, M, shiny|100/100
|switch|p2b: Annihilape|Annihilape, L50, F, shiny|100/100
|-item|p1a: Tomato|Safety Goggles|[from] ability: Frisk|[of] p2a: Typhlosion
|-item|p1b: LaFawnduh|Sitrus Berry|[from] ability: Frisk|[of] p2a: Typhlosion
|-ability|p1a: Tomato|Intimidate|boost
|-unboost|p2a: Typhlosion|atk|1
|-unboost|p2b: Annihilape|atk|1
|-ability|p2b: Annihilape|Defiant|boost
|-boost|p2b: Annihilape|atk|2
|turn|1
|
|t:|1756750404
|-terastallize|p1b: LaFawnduh|Water
|move|p1b: LaFawnduh|Rage Powder|p1b: LaFawnduh
|-singleturn|p1b: LaFawnduh|move: Rage Powder
|move|p2a: Typhlosion|Heat Wave|p1b: LaFawnduh|[spread] p1b
|-miss|p2a: Typhlosion|p1a: Tomato
|-resisted|p1b: LaFawnduh
|-damage|p1b: LaFawnduh|83/100
|move|p2b: Annihilape|Drain Punch|p1b: LaFawnduh
|-damage|p1b: LaFawnduh|43/100
|-enditem|p1b: LaFawnduh|Sitrus Berry|[eat]
|-heal|p1b: LaFawnduh|67/100|[from] item: Sitrus Berry
|move|p1a: Tomato|Knock Off|p2a: Typhlosion
|-supereffective|p2a: Typhlosion
|-damage|p2a: Typhlosion|0 fnt
|-enditem|p2a: Typhlosion|Choice Scarf|[from] move: Knock Off|[of] p1a: Tomato
|faint|p2a: Typhlosion
|
|upkeep
|
|t:|1756750425
|switch|p2a: Toedscruel|Toedscruel, L50, M|100/100
|turn|2
|
|t:|1756750447
|move|p1b: LaFawnduh|Protect|p1b: LaFawnduh
|-singleturn|p1b: LaFawnduh|Protect
|move|p2a: Toedscruel|Bullet Seed|p2b: Annihilape
|-damage|p2b: Annihilape|94/100
|-damage|p2b: Annihilape|87/100
|-damage|p2b: Annihilape|81/100
|-damage|p2b: Annihilape|74/100
|-hitcount|p2b: Annihilape|4
|move|p2b: Annihilape|Rage Fist|p1b: LaFawnduh
|-activate|p1b: LaFawnduh|move: Protect
|move|p1a: Tomato|Flare Blitz|p2a: Toedscruel
|-supereffective|p2a: Toedscruel
|-damage|p2a: Toedscruel|0 fnt
|faint|p2a: Toedscruel
|-damage|p1a: Tomato|70/100|[from] Recoil
|
|upkeep
|
|t:|1756750452
|switch|p2a: Sneasler|Sneasler, L50, F, shiny|100/100
|turn|3
|
|t:|1756750492
|move|p1b: LaFawnduh|Rage Powder|p1b: LaFawnduh
|-singleturn|p1b: LaFawnduh|move: Rage Powder
|move|p2a: Sneasler|Close Combat|p1b: LaFawnduh
|-damage|p1b: LaFawnduh|4/100
|-unboost|p2a: Sneasler|def|1
|-unboost|p2a: Sneasler|spd|1
|-status|p1b: LaFawnduh|psn|[from] ability: Poison Touch|[of] p2a: Sneasler
|-damage|p2a: Sneasler|91/100|[from] item: Life Orb
|move|p2b: Annihilape|Rage Fist|p1b: LaFawnduh
|-damage|p1b: LaFawnduh|0 fnt
|faint|p1b: LaFawnduh
|move|p1a: Tomato|Flare Blitz|p2a: Sneasler
|-damage|p2a: Sneasler|0 fnt
|faint|p2a: Sneasler
|-damage|p1a: Tomato|46/100|[from] Recoil
|
|upkeep
|c|☆Como Se Dice Ben|lmao dammit sneasler
|
|t:|1756750510
|switch|p1b: IGOR|Ursaluna, L50, F, shiny|100/100
|turn|4
|
|t:|1756750526
|move|p1b: IGOR|Protect|p1b: IGOR
|-singleturn|p1b: IGOR|Protect
|move|p2b: Annihilape|Rage Fist|p1a: Tomato
|-resisted|p1a: Tomato
|-damage|p1a: Tomato|0 fnt
|faint|p1a: Tomato
|
|-status|p1b: IGOR|brn|[from] item: Flame Orb
|upkeep
|
|t:|1756750529
|switch|p1a: Dingus|Gholdengo, L50, shiny|100/100
|turn|5
|
|t:|1756750546
|-terastallize|p2b: Annihilape|Fire
|move|p2b: Annihilape|Close Combat|p1b: IGOR
|-supereffective|p1b: IGOR
|-damage|p1b: IGOR|0 fnt
|-unboost|p2b: Annihilape|def|1
|-unboost|p2b: Annihilape|spd|1
|faint|p1b: IGOR
|move|p1a: Dingus|Shadow Ball|p2b: Annihilape
|-damage|p2b: Annihilape|23/100
|-damage|p1a: Dingus|91/100|[from] item: Life Orb
|
|upkeep
|turn|6
|
|t:|1756750554
|move|p2b: Annihilape|Rage Fist|p1a: Dingus
|-supereffective|p1a: Dingus
|-damage|p1a: Dingus|0 fnt
|faint|p1a: Dingus
|
|win|Como Se Dice Ben
||Como Se Dice Ben is ready for game 3.
||dracojackson is ready for game 3.
|uhtml|next|Next: Game 3 of 3
