|j|☆sadnessvgc
|j|☆palle synchro
|html|sadnessvgcpalle synchro    
|uhtml|bestof|Game 1 of a best-of-3
|t:|1785849928
|gametype|doubles
|player|p1|sadnessvgc|agatha-lgpe|1416
|player|p2|palle synchro|ethan|1436
|gen|9
|tier|[Gen 9 Champions] VGC 2026 Reg M-B (Bo3)
|rated|
|rule|Species Clause: Limit one of each Pokémon
|rule|Item Clause: Limit 1 of each item
|clearpoke
|poke|p1|Floette-Eternal, L50, F|
|poke|p1|Whimsicott, L50, F, shiny|
|poke|p1|Garchomp, L50, M, shiny|
|poke|p1|Kingambit, L50, F, shiny|
|poke|p1|Basculegion, L50, M, shiny|
|poke|p1|Charizard, L50, F, shiny|
|poke|p2|Whimsicott, L50, F|
|poke|p2|Basculegion, L50, M|
|poke|p2|Kingambit, L50, F|
|poke|p2|Floette-Eternal, L50, F|
|poke|p2|Garchomp, L50, M|
|poke|p2|Charizard, L50, M|
|teampreview|4
|showteam|p1|Floette-Eternal||Floettite|FlowerVeil|DazzlingGleam,Moonblast,Protect,LightofRuin|Timid||F|||50|]Whimsicott||FocusSash|Prankster|Moonblast,Protect,Encore,Tailwind|Timid||F|||50|]Garchomp||RoseliBerry|RoughSkin|Earthquake,DragonClaw,PoisonJab,RockSlide|Jolly||M|||50|]Kingambit||ChopleBerry|Defiant|KowtowCleave,LowKick,SuckerPunch,IronHead|Adamant||F|||50|]Basculegion||LifeOrb|Adaptability|LastRespects,WaveCrash,AquaJet,Protect|Adamant||M|||50|]Charizard||CharizarditeY|Blaze|HeatWave,WeatherBall,SolarBeam,Protect|Modest||F|||50|
|showteam|p2|Whimsicott||FocusSash|Prankster|Protect,Moonblast,Tailwind,Encore|Timid||F|||50|]Basculegion||MysticWater|Adaptability|WaveCrash,Protect,LastRespects,AquaJet|Adamant||M|||50|]Kingambit||ChopleBerry|Defiant|KowtowCleave,LowKick,SuckerPunch,IronHead|Adamant||F|||50|]Floette-Eternal||Floettite|FlowerVeil|Moonblast,DazzlingGleam,LightofRuin,Protect|Modest||F|||50|]Garchomp||LifeOrb|RoughSkin|Protect,StompingTantrum,DragonClaw,RockSlide|Jolly||M|||50|]Charizard||CharizarditeY|Blaze|HeatWave,SolarBeam,WeatherBall,Protect|Modest||M|||50|
|inactive|Battle timer is ON: inactive players will automatically lose when time's up. (requested by sadnessvgc)
|inactive|sadnessvgc has 60 seconds left.
|
|t:|1785849964
|teamsize|p1|4
|teamsize|p2|4
|start
|switch|p1a: Whimsicott|Whimsicott, L50, F, shiny|100/100
|switch|p1b: Garchomp|Garchomp, L50, M, shiny|100/100
|switch|p2a: Whimsicott|Whimsicott, L50, F|100/100
|switch|p2b: Charizard|Charizard, L50, M|100/100
|turn|1
|
|t:|1785849987
|detailschange|p2b: Charizard|Charizard-Mega-Y, L50, M
|-mega|p2b: Charizard|Charizard|Charizardite Y
|-weather|SunnyDay|[from] ability: Drought|[of] p2b: Charizard
|move|p1a: Whimsicott|Tailwind|p1a: Whimsicott
|-sidestart|p1: sadnessvgc|move: Tailwind
|move|p1b: Garchomp|Rock Slide|p2a: Whimsicott|[spread] p2a,p2b
|-supereffective|p2b: Charizard|2
|-damage|p2a: Whimsicott|73/100
|-damage|p2b: Charizard|30/100
|move|p2a: Whimsicott|Moonblast|p1b: Garchomp
|-supereffective|p1b: Garchomp|1
|-enditem|p1b: Garchomp|Roseli Berry|[eat]
|-enditem|p1b: Garchomp|Roseli Berry|[weaken]
|-damage|p1b: Garchomp|67/100
|move|p2b: Charizard|Heat Wave|p1b: Garchomp|[spread] p1b
|-miss|p2b: Charizard|p1a: Whimsicott
|-resisted|p1b: Garchomp|1
|-damage|p1b: Garchomp|35/100
|
|-weather|SunnyDay|[upkeep]
|upkeep
|turn|2
|inactive|sadnessvgc has 30 seconds left.
|inactive|palle synchro has 30 seconds left.
|inactive|palle synchro has 20 seconds left.
|
|t:|1785850023
|switch|p2b: Kingambit|Kingambit, L50, F|100/100
|move|p2a: Whimsicott|Protect|p2a: Whimsicott
|-singleturn|p2a: Whimsicott|Protect
|move|p1a: Whimsicott|Moonblast|p2a: Whimsicott
|-activate|p2a: Whimsicott|move: Protect
|move|p1b: Garchomp|Rock Slide|p2b: Kingambit|[spread] p2b
|-activate|p2a: Whimsicott|move: Protect
|-resisted|p2b: Kingambit|1
|-damage|p2b: Kingambit|93/100
|
|-weather|SunnyDay|[upkeep]
|upkeep
|turn|3
|inactive|sadnessvgc has 30 seconds left.
|inactive|palle synchro has 30 seconds left.
|inactive|sadnessvgc has 20 seconds left.
|
|t:|1785850062
|switch|p2a: Garchomp|Garchomp, L50, M|100/100
|move|p1a: Whimsicott|Encore||[still]
|-fail|p1a: Whimsicott
|move|p1b: Garchomp|Earthquake|p2a: Garchomp|[spread] p1a,p2a,p2b
|-resisted|p1a: Whimsicott|1
|-supereffective|p2b: Kingambit|1
|-damage|p1a: Whimsicott|71/100
|-damage|p2a: Garchomp|61/100
|-damage|p2b: Kingambit|35/100
|move|p2b: Kingambit|Iron Head|p1a: Whimsicott
|-supereffective|p1a: Whimsicott|1
|-damage|p1a: Whimsicott|0 fnt
|faint|p1a: Whimsicott
|
|-weather|SunnyDay|[upkeep]
|upkeep
|
|t:|1785850081
|switch|p1a: Floette|Floette-Eternal, L50, F|100/100
|turn|4
|
|t:|1785850089
|detailschange|p1a: Floette|Floette-Mega, L50, F
|-mega|p1a: Floette|Floette|Floettite
|-ability|p1a: Floette|Fairy Aura
|move|p2a: Garchomp|Protect|p2a: Garchomp
|-singleturn|p2a: Garchomp|Protect
|move|p2b: Kingambit|Sucker Punch|p1b: Garchomp
|-damage|p1b: Garchomp|0 fnt
|-damage|p2b: Kingambit|23/100|[from] ability: Rough Skin|[of] p1b: Garchomp
|faint|p1b: Garchomp
|move|p1a: Floette|Dazzling Gleam|p2b: Kingambit|[spread] p2b
|-activate|p2a: Garchomp|move: Protect
|-damage|p2b: Kingambit|0 fnt
|faint|p2b: Kingambit
|
|-weather|SunnyDay|[upkeep]
|-sideend|p1: sadnessvgc|move: Tailwind
|upkeep
|
|t:|1785850101
|switch|p1b: Kingambit|Kingambit, L50, F, shiny|100/100
|switch|p2b: Whimsicott|Whimsicott, L50, F|73/100
|turn|5
|inactive|sadnessvgc has 30 seconds left.
|inactive|sadnessvgc has 20 seconds left.
|
|t:|1785850141
|move|p1b: Kingambit|Sucker Punch|p2a: Garchomp
|-crit|p2a: Garchomp
|-damage|p2a: Garchomp|7/100
|-damage|p1b: Kingambit|87/100|[from] ability: Rough Skin|[of] p2a: Garchomp
|move|p2b: Whimsicott|Moonblast|p1b: Kingambit
|-crit|p1b: Kingambit
|-damage|p1b: Kingambit|25/100
|-unboost|p1b: Kingambit|spa|1
|-ability|p1b: Kingambit|Defiant|boost
|-boost|p1b: Kingambit|atk|2
|move|p1a: Floette|Dazzling Gleam|p2b: Whimsicott|[spread] p2a,p2b
|-supereffective|p2a: Garchomp|1
|-damage|p2a: Garchomp|0 fnt
|-damage|p2b: Whimsicott|0 fnt
|faint|p2a: Garchomp
|faint|p2b: Whimsicott
|
|-weather|none
|upkeep
|
|t:|1785850156
|switch|p2b: Charizard|Charizard-Mega-Y, L50, M|30/100
|-weather|SunnyDay|[from] ability: Drought|[of] p2b: Charizard
|turn|6
|-message|palle synchro forfeited.
|
|win|sadnessvgc
||palle synchro is ready for game 2.
||sadnessvgc is ready for game 2.
|uhtml|next|Next: Game 2 of 3
|l|☆palle synchro
|player|p2|
