|j|☆lolgz
|j|☆c sh h re sxxgh
|html|lolgzc sh h re sxxgh    
|uhtml|bestof|Game 1 of a best-of-3
|t:|1783300504
|gametype|doubles
|player|p1|lolgz|dawn|1036
|player|p2|c sh h re sxxgh|170|1070
|gen|9
|tier|[Gen 9 Champions] VGC 2026 Reg M-B (Bo3)
|rated|
|rule|Species Clause: Limit one of each Pokémon
|rule|Item Clause: Limit 1 of each item
|clearpoke
|poke|p1|Scrafty, L50, F|
|poke|p1|Vivillon, L50, F|
|poke|p1|Incineroar, L50, F|
|poke|p1|Sinistcha, L50|
|poke|p1|Espathra, L50, F|
|poke|p1|Floette-Eternal, L50, F|
|poke|p2|Charizard, L50, M|
|poke|p2|Sableye, L50, M|
|poke|p2|Leafeon, L50, M|
|poke|p2|Staraptor, L50, M|
|poke|p2|Dragapult, L50, M|
|poke|p2|Audino, L50, F|
|teampreview|4
|showteam|p1|Scrafty||Scraftinite|Intimidate|DrainPunch,KnockOff,Protect,DragonDance|Jolly||F|||50|]Vivillon||ChoiceScarf|CompoundEyes|SleepPowder,Hurricane,RagePowder,Tailwind|Timid||F|||50|]Incineroar||PasshoBerry|Intimidate|PartingShot,FakeOut,ThroatChop,FlareBlitz|Careful||F|||50|]Sinistcha||KasibBerry|Hospitality|MatchaGotcha,RagePowder,LifeDew,Protect|Serious|||||50|]Espathra||FocusSash|SpeedBoost|LuminaCrash,CalmMind,Protect,BatonPass|Serious||F|||50|]Floette-Eternal||Floettite|FlowerVeil|DrainingKiss,DazzlingGleam,CalmMind,Protect|Timid||F|||50|
|showteam|p2|Charizard||CharizarditeY|Blaze|HeatWave,Protect,ScorchingSands,SolarBeam|Timid||M|||50|]Sableye||LightClay|Prankster|SunnyDay,Reflect,LightScreen,Encore|Serious||M|||50|]Leafeon||Leftovers|Chlorophyll|GigaDrain,CalmMind,Synthesis,StoredPower|Bold||M|||50|]Staraptor||ChoiceScarf|Intimidate|FinalGambit,BraveBird,CloseCombat,Endeavor|Jolly||M|||50|]Dragapult||LifeOrb|ClearBody|DracoMeteor,FireBlast,Thunder,ShadowBall|Modest||M|||50|]Audino||Audinite|Regenerator|DrainingKiss,CalmMind,Wish,FireBlast|Bold||F|||50|
|inactive|Battle timer is ON: inactive players will automatically lose when time's up. (requested by lolgz)
|inactive|lolgz has 60 seconds left.
|
|t:|1783300562
|teamsize|p1|4
|teamsize|p2|4
|start
|switch|p1a: Vivillon|Vivillon, L50, F|100/100
|switch|p1b: Espathra|Espathra, L50, F|100/100
|switch|p2a: Staraptor|Staraptor, L50, M|100/100
|switch|p2b: Leafeon|Leafeon, L50, M|100/100
|-ability|p2a: Staraptor|Intimidate|boost
|-unboost|p1a: Vivillon|atk|1
|-unboost|p1b: Espathra|atk|1
|turn|1
|
|t:|1783300579
|move|p2a: Staraptor|Final Gambit|p1b: Espathra
|-damage|p1b: Espathra|4/100
|faint|p2a: Staraptor
|move|p1a: Vivillon|Sleep Powder|p2b: Leafeon
|-immune|p2b: Leafeon
|move|p1b: Espathra|Calm Mind|p1b: Espathra
|-boost|p1b: Espathra|spa|1
|-boost|p1b: Espathra|spd|1
|move|p2b: Leafeon|Giga Drain|p1b: Espathra
|-damage|p1b: Espathra|0 fnt
|faint|p1b: Espathra
|
|upkeep
|
|t:|1783300594
|switch|p2a: Charizard|Charizard, L50, M|100/100
|switch|p1b: Floette|Floette-Eternal, L50, F|100/100
|turn|2
|
|t:|1783300604
|detailschange|p2a: Charizard|Charizard-Mega-Y, L50, M
|-mega|p2a: Charizard|Charizard|Charizardite Y
|-weather|SunnyDay|[from] ability: Drought|[of] p2a: Charizard
|detailschange|p1b: Floette|Floette-Mega, L50, F
|-mega|p1b: Floette|Floette|Floettite
|-ability|p1b: Floette|Fairy Aura
|move|p1a: Vivillon|Sleep Powder|p2a: Charizard
|-status|p2a: Charizard|slp|[from] move: Sleep Powder
|move|p2b: Leafeon|Calm Mind|p2b: Leafeon
|-boost|p2b: Leafeon|spa|1
|-boost|p2b: Leafeon|spd|1
|move|p1b: Floette|Calm Mind|p1b: Floette
|-boost|p1b: Floette|spa|1
|-boost|p1b: Floette|spd|1
|cant|p2a: Charizard|slp
|
|-weather|SunnyDay|[upkeep]
|upkeep
|turn|3
|
|t:|1783300629
|switch|p1a: Incineroar|Incineroar, L50, F|100/100
|-ability|p1a: Incineroar|Intimidate|boost
|-unboost|p2a: Charizard|atk|1
|-unboost|p2b: Leafeon|atk|1
|switch|p2a: Sableye|Sableye, L50, M|100/100
|move|p2b: Leafeon|Calm Mind|p2b: Leafeon
|-boost|p2b: Leafeon|spa|1
|-boost|p2b: Leafeon|spd|1
|move|p1b: Floette|Dazzling Gleam|p2b: Leafeon|[spread] p2a,p2b
|-supereffective|p2a: Sableye|1
|-damage|p2a: Sableye|0 fnt
|-damage|p2b: Leafeon|58/100
|faint|p2a: Sableye
|
|-weather|SunnyDay|[upkeep]
|-heal|p2b: Leafeon|63/100|[from] item: Leftovers
|upkeep
|
|t:|1783300646
|switch|p2a: Charizard|Charizard-Mega-Y, L50, M|100/100 slp
|turn|4
|
|t:|1783300652
|move|p1a: Incineroar|Fake Out|p2b: Leafeon
|-damage|p2b: Leafeon|56/100
|cant|p2b: Leafeon|flinch
|move|p1b: Floette|Dazzling Gleam|p2b: Leafeon|[spread] p2a,p2b
|-resisted|p2a: Charizard|1
|-damage|p2a: Charizard|67/100 slp
|-damage|p2b: Leafeon|14/100
|-curestatus|p2a: Charizard|slp|[msg]
|move|p2a: Charizard|Heat Wave|p1a: Incineroar|[spread] p1a,p1b
|-resisted|p1a: Incineroar|1
|-damage|p1a: Incineroar|76/100
|-damage|p1b: Floette|64/100
|-status|p1b: Floette|brn
|
|-weather|SunnyDay|[upkeep]
|-heal|p2b: Leafeon|20/100y|[from] item: Leftovers
|-damage|p1b: Floette|58/100 brn|[from] brn
|upkeep
|turn|5
|
|t:|1783300673
|move|p1b: Floette|Protect|p1b: Floette
|-singleturn|p1b: Floette|Protect
|move|p2b: Leafeon|Synthesis|p2b: Leafeon
|-heal|p2b: Leafeon|87/100
|move|p2a: Charizard|Heat Wave|p1b: Floette|[spread] p1a
|-activate|p1b: Floette|move: Protect
|-resisted|p1a: Incineroar|1
|-damage|p1a: Incineroar|52/100
|move|p1a: Incineroar|Flare Blitz|p2b: Leafeon
|-supereffective|p2b: Leafeon|1
|-damage|p2b: Leafeon|0 fnt
|faint|p2b: Leafeon
|-damage|p1a: Incineroar|27/100|[from] Recoil
|
|-weather|SunnyDay|[upkeep]
|-damage|p1b: Floette|52/100 brn|[from] brn
|upkeep
|turn|6
|-message|c sh h re sxxgh forfeited.
|
|win|lolgz
