|j|☆sameered
|j|☆ariyanboy
|html|sameeredariyanboy    
|uhtml|bestof|Game 1 of a best-of-3
|t:|1757787565
|gametype|doubles
|player|p1|sameered|266|
|player|p2|ariyanboy|red|
|gen|9
|tier|[Gen 9] VGC 2025 Reg H (Bo3)
|rule|Species Clause: Limit one of each Pokémon
|rule|Item Clause: Limit 1 of each item
|clearpoke
|poke|p1|Pelipper, L50, M|
|poke|p1|Archaludon, L50, F|
|poke|p1|Annihilape, L50, F|
|poke|p1|Maushold, L50|
|poke|p1|Rillaboom, L50, M|
|poke|p1|Basculegion, L50, M|
|poke|p2|Incineroar, L50, F|
|poke|p2|Electabuzz, L50, F|
|poke|p2|Oricorio-Sensu, L50, F|
|poke|p2|Rillaboom, L50, F|
|poke|p2|Blastoise, L50, M|
|poke|p2|Volcarona, L50, F|
|teampreview|4
|showteam|p1|Pelipper||FocusSash|Drizzle|WeatherBall,Hurricane,WideGuard,Tailwind|||M|||50|,,,,,Ghost]Archaludon||AssaultVest|Stamina|ElectroShot,DracoMeteor,FlashCannon,BodyPress|||F|||50|,,,,,Grass]Annihilape||SafetyGoggles|Defiant|RageFist,DrainPunch,BulkUp,Protect|||F|||50|,,,,,Fire]Maushold||SitrusBerry|FriendGuard|BeatUp,FollowMe,Taunt,Protect||||||50|,,,,,Ghost]Rillaboom||MiracleSeed|GrassySurge|FakeOut,GrassyGlide,WoodHammer,Uturn|||M|||50|,,,,,Fire]Basculegion||ChoiceBand|SwiftSwim|WaveCrash,AquaJet,LastRespects,FlipTurn|||M|||50|,,,,,Water
|showteam|p2|Incineroar||SafetyGoggles|Intimidate|PartingShot,KnockOff,FlareBlitz,FakeOut|||F|||50|,,,,,Water]Electabuzz||Eviolite|VitalSpirit|FollowMe,Electroweb,HelpingHand,Taunt|||F|||50|,,,,,Flying]Oricorio-Sensu||AbilityShield|Dancer|Protect,RevelationDance,Safeguard,AirSlash|||F|||50|,,,,,Dark]Rillaboom||Leftovers|GrassySurge|GrassyGlide,DrainPunch,SwordsDance,GrassPledge|||F|||50|,,,,,Grass]Blastoise||WhiteHerb|Torrent|ShellSmash,WaterSpout,WaterPledge,IceBeam|||M|||50|,,,,,Water]Volcarona||CovertCloak|FlameBody|QuiverDance,FieryDance,BugBuzz,Protect|||F|||50|,,,,,Fairy
|
|t:|1757787631
|teamsize|p1|4
|teamsize|p2|4
|start
|switch|p1a: Pelipper|Pelipper, L50, M|100/100
|switch|p1b: Archaludon|Archaludon, L50, F, shiny|100/100
|switch|p2a: Blastoise|Blastoise, L50, M|100/100
|switch|p2b: Electabuzz|Electabuzz, L50, F, shiny|100/100
|-weather|RainDance|[from] ability: Drizzle|[of] p1a: Pelipper
|turn|1
|
|t:|1757787652
|move|p2b: Electabuzz|Follow Me|p2b: Electabuzz
|-singleturn|p2b: Electabuzz|move: Follow Me
|move|p2a: Blastoise|Shell Smash|p2a: Blastoise
|-unboost|p2a: Blastoise|def|1
|-unboost|p2a: Blastoise|spd|1
|-boost|p2a: Blastoise|atk|2
|-boost|p2a: Blastoise|spa|2
|-boost|p2a: Blastoise|spe|2
|-enditem|p2a: Blastoise|White Herb
|-clearnegativeboost|p2a: Blastoise|[silent]
|move|p1b: Archaludon|Electro Shot||[still]
|-prepare|p1b: Archaludon|Electro Shot
|-boost|p1b: Archaludon|spa|1
|-anim|p1b: Archaludon|Electro Shot|p2b: Electabuzz
|-resisted|p2b: Electabuzz
|-damage|p2b: Electabuzz|75/100
|move|p1a: Pelipper|Tailwind|p1a: Pelipper
|-sidestart|p1: sameered|move: Tailwind
|
|-weather|RainDance|[upkeep]
|upkeep
|turn|2
|
|t:|1757787682
|-terastallize|p2a: Blastoise|Water
|move|p2b: Electabuzz|Follow Me|p2b: Electabuzz
|-singleturn|p2b: Electabuzz|move: Follow Me
|move|p2a: Blastoise|Water Spout|p1a: Pelipper|[spread] p1a,p1b
|-resisted|p1a: Pelipper
|-crit|p1a: Pelipper
|-resisted|p1b: Archaludon
|-enditem|p1a: Pelipper|Focus Sash
|-damage|p1a: Pelipper|1/100
|-damage|p1b: Archaludon|27/100
|-ability|p1b: Archaludon|Stamina|boost
|-boost|p1b: Archaludon|def|1
|move|p1b: Archaludon|Electro Shot||[still]
|-prepare|p1b: Archaludon|Electro Shot
|-boost|p1b: Archaludon|spa|1
|-anim|p1b: Archaludon|Electro Shot|p2b: Electabuzz
|-resisted|p2b: Electabuzz
|-damage|p2b: Electabuzz|45/100
|move|p1a: Pelipper|Weather Ball|p2b: Electabuzz
|-damage|p2b: Electabuzz|0 fnt
|faint|p2b: Electabuzz
|
|-weather|RainDance|[upkeep]
|upkeep
|
|t:|1757787702
|switch|p2b: Oricorio|Oricorio-Sensu, L50, F, shiny|100/100
|turn|3
|
|t:|1757787732
|switch|p1a: Rillaboom|Rillaboom, L50, M|100/100
|-fieldstart|move: Grassy Terrain|[from] ability: Grassy Surge|[of] p1a: Rillaboom
|move|p2a: Blastoise|Water Spout|p1b: Archaludon|[spread] p1a,p1b
|-resisted|p1a: Rillaboom
|-resisted|p1b: Archaludon
|-damage|p1a: Rillaboom|7/100
|-damage|p1b: Archaludon|0 fnt
|faint|p1b: Archaludon
|move|p2b: Oricorio|Safeguard|p2b: Oricorio
|-sidestart|p2: ariyanboy|Safeguard
|
|-weather|RainDance|[upkeep]
|-heal|p1a: Rillaboom|13/100|[from] Grassy Terrain
|upkeep
|
|t:|1757787745
|switch|p1b: Basculegion|Basculegion, L50, M|100/100
|turn|4
|
|t:|1757787762
|move|p1b: Basculegion|Last Respects|p2a: Blastoise
|-damage|p2a: Blastoise|22/100
|move|p2a: Blastoise|Water Spout|p1a: Rillaboom|[spread] p1a,p1b
|-resisted|p1a: Rillaboom
|-crit|p1a: Rillaboom
|-resisted|p1b: Basculegion
|-damage|p1a: Rillaboom|0 fnt
|-damage|p1b: Basculegion|67/100
|faint|p1a: Rillaboom
|move|p2b: Oricorio|Revelation Dance|p1b: Basculegion
|-supereffective|p1b: Basculegion
|-damage|p1b: Basculegion|0 fnt
|faint|p1b: Basculegion
|
|-weather|RainDance|[upkeep]
|-heal|p2a: Blastoise|28/100|[from] Grassy Terrain
|-sideend|p1: sameered|move: Tailwind
|upkeep
|
|t:|1757787779
|switch|p1b: Pelipper|Pelipper, L50, M|1/100
|turn|5
|
|t:|1757787789
|move|p2a: Blastoise|Ice Beam|p1b: Pelipper
|-damage|p1b: Pelipper|0 fnt
|faint|p1b: Pelipper
|
|win|ariyanboy
||sameered is ready for game 2.
||ariyanboy is ready for game 2.
|uhtml|next|Next: Game 2 of 3
