|j|☆Pyos
|j|☆redemption22
|html|Pyosredemption22    
|uhtml|bestof|Game 1 of a best-of-3
|t:|1757813015
|gametype|doubles
|player|p1|Pyos|tulip|1321
|player|p2|redemption22|170|1425
|gen|9
|tier|[Gen 9] VGC 2025 Reg H (Bo3)
|rated|
|rule|Species Clause: Limit one of each Pokémon
|rule|Item Clause: Limit 1 of each item
|clearpoke
|poke|p1|Maushold, L50|
|poke|p1|Archaludon, L50, M|
|poke|p1|Incineroar, L50, M|
|poke|p1|Pelipper, L50, F|
|poke|p1|Rillaboom, L50, M|
|poke|p1|Sneasler, L50, F|
|poke|p2|Dondozo, L50, M|
|poke|p2|Tatsugiri-Droopy, L50, M|
|poke|p2|Gholdengo, L50|
|poke|p2|Dragonite, L50, M|
|poke|p2|Talonflame, L50, M|
|poke|p2|Sneasler, L50, M|
|teampreview|4
|showteam|p1|Maushold||WideLens|Technician|Protect,PopulationBomb,FollowMe,Taunt||||||50|,,,,,Ghost]Archaludon||AssaultVest|Stamina|BodyPress,ElectroShot,DragonPulse,FlashCannon|||M|||50|,,,,,Bug]Incineroar||SafetyGoggles|Intimidate|KnockOff,FakeOut,FlareBlitz,PartingShot|||M|||50|,,,,,Ghost]Pelipper||FocusSash|Drizzle|Tailwind,WeatherBall,Hurricane,Protect|||F|||50|,,,,,Ghost]Rillaboom||MiracleSeed|GrassySurge|GrassyGlide,WoodHammer,FakeOut,Uturn|||M|||50|,,,,,Fire]Sneasler||GrassySeed|Unburden|CloseCombat,DireClaw,ThroatChop,Protect|||F|||50|,,,,,Dark
|showteam|p2|Dondozo||Leftovers|Unaware|Protect,OrderUp,Earthquake,BodyPress|||M|||50|,,,,,Grass]Tatsugiri-Droopy||ChoiceScarf|Commander|DracoMeteor,MuddyWater,IcyWind,SleepTalk|||M|||50|,,,,,Steel]Gholdengo||ChoiceSpecs|GoodasGold|Thunderbolt,ShadowBall,MakeItRain,PowerGem||||||50|,,,,,Steel]Dragonite||ChoiceBand|InnerFocus|ExtremeSpeed,StompingTantrum,Outrage,IceSpinner|||M|||50|,,,,,Normal]Talonflame||CovertCloak|GaleWings|DualWingbeat,Tailwind,Taunt,FlareBlitz|||M|||50|,,,,,Ghost]Sneasler||FocusSash|PoisonTouch|CloseCombat,FakeOut,DireClaw,ThroatChop|||M|||50|,,,,,Fairy
|inactive|Battle timer is ON: inactive players will automatically lose when time's up. (requested by redemption22)
|
|t:|1757813050
|teamsize|p1|4
|teamsize|p2|4
|start
|switch|p1a: Pelipper|Pelipper, L50, F|100/100
|switch|p1b: Archaludon|Archaludon, L50, M|100/100
|switch|p2a: Talonflame|Talonflame, L50, M|100/100
|switch|p2b: Gholdengo|Gholdengo, L50|100/100
|-weather|RainDance|[from] ability: Drizzle|[of] p1a: Pelipper
|turn|1
|inactive|Pyos has 30 seconds left.
|inactive|redemption22 has 30 seconds left.
|
|t:|1757813080
|switch|p1a: Rillaboom|Rillaboom, L50, M|100/100
|-fieldstart|move: Grassy Terrain|[from] ability: Grassy Surge|[of] p1a: Rillaboom
|move|p2a: Talonflame|Dual Wingbeat|p1a: Rillaboom
|-supereffective|p1a: Rillaboom
|-damage|p1a: Rillaboom|66/100
|-supereffective|p1a: Rillaboom
|-damage|p1a: Rillaboom|34/100
|-hitcount|p1a: Rillaboom|2
|move|p2b: Gholdengo|Make It Rain|p1a: Rillaboom|[spread] p1a,p1b
|-resisted|p1b: Archaludon
|-damage|p1a: Rillaboom|0 fnt
|-damage|p1b: Archaludon|77/100
|-unboost|p2b: Gholdengo|spa|1
|-ability|p1b: Archaludon|Stamina|boost
|-boost|p1b: Archaludon|def|1
|faint|p1a: Rillaboom
|move|p1b: Archaludon|Electro Shot||[still]
|-prepare|p1b: Archaludon|Electro Shot
|-boost|p1b: Archaludon|spa|1
|-anim|p1b: Archaludon|Electro Shot|p2b: Gholdengo
|-damage|p2b: Gholdengo|45/100
|
|-weather|RainDance|[upkeep]
|-heal|p2b: Gholdengo|51/100|[from] Grassy Terrain
|-heal|p1b: Archaludon|84/100|[from] Grassy Terrain
|upkeep
|
|t:|1757813102
|switch|p1a: Sneasler|Sneasler, L50, F|100/100
|-enditem|p1a: Sneasler|Grassy Seed
|-boost|p1a: Sneasler|def|1|[from] item: Grassy Seed
|turn|2
|
|t:|1757813111
|move|p1a: Sneasler|Protect|p1a: Sneasler
|-singleturn|p1a: Sneasler|Protect
|move|p2a: Talonflame|Tailwind|p2a: Talonflame
|-sidestart|p2: redemption22|move: Tailwind
|move|p2b: Gholdengo|Make It Rain|p1a: Sneasler|[spread] p1b
|-activate|p1a: Sneasler|move: Protect
|-resisted|p1b: Archaludon
|-damage|p1b: Archaludon|68/100
|-unboost|p2b: Gholdengo|spa|1
|-ability|p1b: Archaludon|Stamina|boost
|-boost|p1b: Archaludon|def|1
|move|p1b: Archaludon|Electro Shot||[still]
|-prepare|p1b: Archaludon|Electro Shot
|-boost|p1b: Archaludon|spa|1
|-anim|p1b: Archaludon|Electro Shot|p2a: Talonflame
|-supereffective|p2a: Talonflame
|-damage|p2a: Talonflame|0 fnt
|faint|p2a: Talonflame
|
|-weather|RainDance|[upkeep]
|-heal|p2b: Gholdengo|57/100|[from] Grassy Terrain
|-heal|p1b: Archaludon|74/100|[from] Grassy Terrain
|upkeep
|
|t:|1757813125
|switch|p2a: Dondozo|Dondozo, L50, M|100/100
|turn|3
|
|t:|1757813139
|switch|p2b: Tatsugiri|Tatsugiri-Droopy, L50, M|100/100
|-activate|p2b: Tatsugiri|ability: Commander|[of] p2a: Dondozo
|-boost|p2a: Dondozo|atk|2
|-boost|p2a: Dondozo|spa|2
|-boost|p2a: Dondozo|spe|2
|-boost|p2a: Dondozo|def|2
|-boost|p2a: Dondozo|spd|2
|-terastallize|p2a: Dondozo|Grass
|move|p1a: Sneasler|Dire Claw|p2a: Dondozo
|-supereffective|p2a: Dondozo
|-damage|p2a: Dondozo|73/100
|move|p2a: Dondozo|Order Up|p1a: Sneasler
|-damage|p1a: Sneasler|39/100
|-boost|p2a: Dondozo|def|1
|move|p1b: Archaludon|Electro Shot||[still]
|-prepare|p1b: Archaludon|Electro Shot
|-boost|p1b: Archaludon|spa|1
|-anim|p1b: Archaludon|Electro Shot|p2a: Dondozo
|-resisted|p2a: Dondozo
|-damage|p2a: Dondozo|66/100
|
|-weather|RainDance|[upkeep]
|-heal|p1a: Sneasler|45/100|[from] Grassy Terrain
|-heal|p2a: Dondozo|72/100|[from] Grassy Terrain
|-heal|p2a: Dondozo|78/100|[from] item: Leftovers
|-heal|p1b: Archaludon|80/100|[from] Grassy Terrain
|upkeep
|turn|4
|inactive|redemption22 has 30 seconds left.
|
|t:|1757813165
|move|p1a: Sneasler|Dire Claw|p2a: Dondozo
|-supereffective|p2a: Dondozo
|-damage|p2a: Dondozo|54/100
|-status|p2a: Dondozo|par
|move|p2a: Dondozo|Earthquake|p1a: Sneasler|[spread] p1a,p1b
|-miss|p2a: Dondozo|p2b: Tatsugiri
|-supereffective|p1a: Sneasler
|-supereffective|p1b: Archaludon
|-damage|p1a: Sneasler|0 fnt
|-damage|p1b: Archaludon|56/100
|-ability|p1b: Archaludon|Stamina|boost
|-boost|p1b: Archaludon|def|1
|faint|p1a: Sneasler
|move|p1b: Archaludon|Dragon Pulse|p2a: Dondozo
|-damage|p2a: Dondozo|38/100 par
|
|-weather|RainDance|[upkeep]
|-heal|p2a: Dondozo|45/100 par|[from] Grassy Terrain
|-heal|p2a: Dondozo|51/100 par|[from] item: Leftovers
|-heal|p1b: Archaludon|62/100|[from] Grassy Terrain
|upkeep
|
|t:|1757813180
|switch|p1a: Pelipper|Pelipper, L50, F|100/100
|turn|5
|
|t:|1757813192
|cant|p2a: Dondozo|par
|move|p1a: Pelipper|Tailwind|p1a: Pelipper
|-sidestart|p1: Pyos|move: Tailwind
|move|p1b: Archaludon|Dragon Pulse|p2a: Dondozo
|-damage|p2a: Dondozo|36/100 par
|
|-weather|none
|-heal|p1b: Archaludon|68/100|[from] Grassy Terrain
|-heal|p2a: Dondozo|42/100 par|[from] Grassy Terrain
|-heal|p2a: Dondozo|48/100 par|[from] item: Leftovers
|-sideend|p2: redemption22|move: Tailwind
|-fieldend|move: Grassy Terrain
|upkeep
|turn|6
|
|t:|1757813204
|cant|p2a: Dondozo|par
|move|p1a: Pelipper|Hurricane|p2a: Dondozo
|-supereffective|p2a: Dondozo
|-damage|p2a: Dondozo|6/100 par
|move|p1b: Archaludon|Dragon Pulse|p2a: Dondozo
|-damage|p2a: Dondozo|0 fnt
|faint|p2a: Dondozo
|
|upkeep
|
|t:|1757813212
|switch|p2a: Gholdengo|Gholdengo, L50|57/100
|turn|7
|
|t:|1757813230
|move|p1a: Pelipper|Hurricane|p2b: Tatsugiri|[miss]
|-miss|p1a: Pelipper|p2b: Tatsugiri
|move|p1b: Archaludon|Dragon Pulse|p2a: Gholdengo
|-resisted|p2a: Gholdengo
|-damage|p2a: Gholdengo|10/100
|move|p2b: Tatsugiri|Icy Wind|p1b: Archaludon|[spread] p1a,p1b
|-damage|p1a: Pelipper|75/100
|-damage|p1b: Archaludon|60/100
|-unboost|p1a: Pelipper|spe|1
|-unboost|p1b: Archaludon|spe|1
|-ability|p1b: Archaludon|Stamina|boost
|-boost|p1b: Archaludon|def|1
|move|p2a: Gholdengo|Make It Rain|p1a: Pelipper|[spread] p1a,p1b
|-resisted|p1a: Pelipper
|-resisted|p1b: Archaludon
|-damage|p1a: Pelipper|13/100
|-damage|p1b: Archaludon|37/100
|-unboost|p2a: Gholdengo|spa|1
|-ability|p1b: Archaludon|Stamina|boost
|-boost|p1b: Archaludon|def|1
|
|upkeep
|turn|8
|
|t:|1757813251
|move|p2b: Tatsugiri|Icy Wind|p1a: Pelipper|[spread] p1a,p1b
|-damage|p1a: Pelipper|0 fnt
|-damage|p1b: Archaludon|30/100
|-unboost|p1b: Archaludon|spe|1
|-ability|p1b: Archaludon|Stamina|boost
|-boost|p1b: Archaludon|def|1
|faint|p1a: Pelipper
|move|p2a: Gholdengo|Make It Rain|p1b: Archaludon
|-resisted|p1b: Archaludon
|-damage|p1b: Archaludon|11/100
|-unboost|p2a: Gholdengo|spa|1
|move|p1b: Archaludon|Dragon Pulse|p2b: Tatsugiri
|-supereffective|p2b: Tatsugiri
|-damage|p2b: Tatsugiri|0 fnt
|faint|p2b: Tatsugiri
|
|-sideend|p1: Pyos|move: Tailwind
|upkeep
|turn|9
|
|t:|1757813264
|move|p2a: Gholdengo|Make It Rain|p1b: Archaludon
|-resisted|p1b: Archaludon
|-damage|p1b: Archaludon|0 fnt
|-unboost|p2a: Gholdengo|spa|1
|faint|p1b: Archaludon
|
|win|redemption22
||Pyos is ready for game 2.
||redemption22 is ready for game 2.
|uhtml|next|Next: Game 2 of 3
|l|☆Pyos
|player|p1|
