|j|☆Agf79
|j|☆nutbuster151
|html|Agf79nutbuster151    
|uhtml|bestof|Game 2 of a best-of-3
|t:|1784373275
|gametype|doubles
|player|p1|Agf79|101|1201
|player|p2|nutbuster151|acetrainer|1241
|gen|9
|tier|[Gen 9 Champions] VGC 2026 Reg M-B (Bo3)
|rated|
|rule|Species Clause: Limit one of each Pokémon
|rule|Item Clause: Limit 1 of each item
|clearpoke
|poke|p1|Staraptor, L50, M|
|poke|p1|Gholdengo, L50|
|poke|p1|Sylveon, L50, M|
|poke|p1|Garchomp, L50, F|
|poke|p1|Sinistcha, L50|
|poke|p1|Grimmsnarl, L50, M|
|poke|p2|Aerodactyl, L50, F, shiny|
|poke|p2|Kingambit, L50, M, shiny|
|poke|p2|Sylveon, L50, M, shiny|
|poke|p2|Garchomp, L50, F, shiny|
|poke|p2|Charizard, L50, F, shiny|
|poke|p2|Incineroar, L50, F, shiny|
|teampreview|4
|showteam|p1|Staraptor||Staraptite|Intimidate|CloseCombat,BraveBird,Tailwind,Protect|Jolly||M|||50|]Gholdengo||Leftovers|GoodasGold|MakeItRain,ShadowBall,NastyPlot,Protect|Modest|||||50|]Sylveon||FairyFeather|Pixilate|HyperVoice,Detect,HyperBeam,QuickAttack|Modest||M|||50|]Garchomp||LifeOrb|RoughSkin|Earthquake,Protect,DragonClaw,RockSlide|Adamant||F|||50|]Sinistcha||SitrusBerry|Hospitality|MatchaGotcha,RagePowder,TrickRoom,LifeDew|Calm|||||50|]Grimmsnarl||LightClay|Prankster|Reflect,LightScreen,PartingShot,FoulPlay|Calm||M|||50|
|showteam|p2|Aerodactyl||Aerodactylite|Unnerve|RockSlide,IceFang,Tailwind,WideGuard|Jolly||F|||50|]Kingambit||FocusSash|Defiant|KowtowCleave,SuckerPunch,IronHead,Protect|Adamant||M|||50|]Sylveon||FairyFeather|Pixilate|Detect,HyperVoice,HyperBeam,QuickAttack|Modest||M|||50|]Garchomp||LifeOrb|RoughSkin|Earthquake,DragonClaw,StompingTantrum,Protect|Jolly||F|||50|]Charizard||CharizarditeY|Blaze|Protect,HeatWave,SolarBeam,WeatherBall|Modest||F|||50|]Incineroar||SitrusBerry|Intimidate|DarkestLariat,FlareBlitz,FakeOut,PartingShot|Impish||F|||50|
|
|t:|1784373305
|teamsize|p1|4
|teamsize|p2|4
|start
|switch|p1a: Staraptor|Staraptor, L50, M|100/100
|switch|p1b: Garchomp|Garchomp, L50, F|100/100
|switch|p2a: Aerodactyl|Aerodactyl, L50, F, shiny|100/100
|switch|p2b: Garchomp|Garchomp, L50, F, shiny|100/100
|-ability|p2a: Aerodactyl|Unnerve
|-ability|p1a: Staraptor|Intimidate|boost
|-unboost|p2a: Aerodactyl|atk|1
|-unboost|p2b: Garchomp|atk|1
|turn|1
|inactive|Battle timer is ON: inactive players will automatically lose when time's up. (requested by Agf79)
|inactive|nutbuster151 has 60 seconds left.
|
|t:|1784373348
|switch|p2b: Sylveon|Sylveon, L50, M, shiny|100/100
|detailschange|p1a: Staraptor|Staraptor-Mega, L50, M
|-mega|p1a: Staraptor|Staraptor|Staraptite
|move|p1b: Garchomp|Protect|p1b: Garchomp
|-singleturn|p1b: Garchomp|Protect
|move|p2a: Aerodactyl|Tailwind|p2a: Aerodactyl
|-sidestart|p2: nutbuster151|move: Tailwind
|move|p1a: Staraptor|Tailwind|p1a: Staraptor
|-sidestart|p1: Agf79|move: Tailwind
|
|upkeep
|turn|2
|inactive|Agf79 has 30 seconds left.
|
|t:|1784373375
|switch|p1b: Sinistcha|Sinistcha, L50|100/100
|move|p2b: Sylveon|Detect|p2b: Sylveon
|-singleturn|p2b: Sylveon|Protect
|move|p2a: Aerodactyl|Ice Fang|p1b: Sinistcha
|-supereffective|p1b: Sinistcha|1
|-damage|p1b: Sinistcha|79/100
|-status|p1b: Sinistcha|frz
|move|p1a: Staraptor|Close Combat|p2a: Aerodactyl
|-damage|p2a: Aerodactyl|31/100
|-boost|p1a: Staraptor|def|1
|-boost|p1a: Staraptor|spd|1
|
|upkeep
|turn|3
|
|t:|1784373392
|switch|p2a: Charizard|Charizard, L50, F, shiny|100/100
|move|p1a: Staraptor|Close Combat|p2a: Charizard
|-resisted|p2a: Charizard|1
|-crit|p2a: Charizard
|-damage|p2a: Charizard|55/100
|-boost|p1a: Staraptor|def|1
|-boost|p1a: Staraptor|spd|1
|move|p2b: Sylveon|Hyper Voice|p1a: Staraptor|[spread] p1a,p1b
|-supereffective|p1a: Staraptor|1
|-damage|p1a: Staraptor|51/100
|-damage|p1b: Sinistcha|40/100 frz
|-enditem|p1b: Sinistcha|Sitrus Berry|[eat]
|-heal|p1b: Sinistcha|65/100 frz|[from] item: Sitrus Berry
|-curestatus|p1b: Sinistcha|frz|[from] move: Matcha Gotcha
|move|p1b: Sinistcha|Matcha Gotcha|p2a: Charizard|[spread] p2a,p2b
|-resisted|p2a: Charizard|2
|-damage|p2a: Charizard|48/100
|-heal|p1b: Sinistcha|69/100|[from] drain|[of] p2a: Charizard
|-damage|p2b: Sylveon|80/100
|-heal|p1b: Sinistcha|79/100|[from] drain|[of] p2b: Sylveon
|-status|p2b: Sylveon|brn
|
|-damage|p2b: Sylveon|75/100 brn|[from] brn
|upkeep
|turn|4
|inactive|nutbuster151 has 30 seconds left.
|
|t:|1784373419
|detailschange|p2a: Charizard|Charizard-Mega-Y, L50, F, shiny
|-mega|p2a: Charizard|Charizard|Charizardite Y
|-weather|SunnyDay|[from] ability: Drought|[of] p2a: Charizard
|move|p1a: Staraptor|Protect|p1a: Staraptor
|-singleturn|p1a: Staraptor|Protect
|move|p2a: Charizard|Heat Wave|p1b: Sinistcha|[spread] p1b
|-activate|p1a: Staraptor|move: Protect
|-supereffective|p1b: Sinistcha|1
|-damage|p1b: Sinistcha|0 fnt
|faint|p1b: Sinistcha
|move|p2b: Sylveon|Hyper Voice|p1a: Staraptor
|-activate|p1a: Staraptor|move: Protect
|
|-weather|SunnyDay|[upkeep]
|-damage|p2b: Sylveon|69/100 brn|[from] brn
|-sideend|p2: nutbuster151|move: Tailwind
|-sideend|p1: Agf79|move: Tailwind
|upkeep
|
|t:|1784373426
|switch|p1b: Garchomp|Garchomp, L50, F|100/100
|turn|5
|
|t:|1784373446
|switch|p2a: Aerodactyl|Aerodactyl, L50, F, shiny|31/100
|-ability|p2a: Aerodactyl|Unnerve
|move|p2b: Sylveon|Detect|p2b: Sylveon
|-singleturn|p2b: Sylveon|Protect
|move|p1a: Staraptor|Brave Bird|p2b: Sylveon
|-activate|p2b: Sylveon|move: Protect
|move|p1b: Garchomp|Rock Slide|p2b: Sylveon|[spread] p2a
|-activate|p2b: Sylveon|move: Protect
|-supereffective|p2a: Aerodactyl|1
|-damage|p2a: Aerodactyl|0 fnt
|faint|p2a: Aerodactyl
|-damage|p1b: Garchomp|90/100|[from] item: Life Orb
|
|-weather|SunnyDay|[upkeep]
|-damage|p2b: Sylveon|63/100 brn|[from] brn
|upkeep
|
|t:|1784373467
|switch|p2a: Garchomp|Garchomp, L50, F, shiny|100/100
|turn|6
|inactive|nutbuster151 has 30 seconds left.
|
|t:|1784373494
|move|p1b: Garchomp|Protect|p1b: Garchomp
|-singleturn|p1b: Garchomp|Protect
|move|p1a: Staraptor|Brave Bird|p2b: Sylveon
|-damage|p2b: Sylveon|0 fnt
|faint|p2b: Sylveon
|-damage|p1a: Staraptor|31/100|[from] Recoil
|move|p2a: Garchomp|Dragon Claw|p1a: Staraptor
|-damage|p1a: Staraptor|4/100
|-damage|p2a: Garchomp|90/100|[from] item: Life Orb
|
|-weather|SunnyDay|[upkeep]
|upkeep
|
|t:|1784373508
|switch|p2b: Charizard|Charizard-Mega-Y, L50, F, shiny|48/100
|turn|7
|inactive|nutbuster151 has 30 seconds left.
|inactive|nutbuster151 has 20 seconds left.
|inactive|nutbuster151 has 15 seconds left.
|
|t:|1784373548
|move|p1a: Staraptor|Tailwind|p1a: Staraptor
|-sidestart|p1: Agf79|move: Tailwind
|move|p1b: Garchomp|Rock Slide|p2b: Charizard|[spread] p2a
|-miss|p1b: Garchomp|p2b: Charizard
|-resisted|p2a: Garchomp|1
|-damage|p2a: Garchomp|75/100
|-damage|p1b: Garchomp|80/100|[from] item: Life Orb
|move|p2a: Garchomp|Earthquake|p1b: Garchomp|[spread] p1b
|-immune|p2b: Charizard
|-immune|p1a: Staraptor
|-crit|p1b: Garchomp
|-damage|p1b: Garchomp|0 fnt
|faint|p1b: Garchomp
|-damage|p2a: Garchomp|66/100|[from] item: Life Orb
|move|p2b: Charizard|Heat Wave|p1a: Staraptor|[miss]
|-miss|p2b: Charizard|p1a: Staraptor
|
|-weather|SunnyDay|[upkeep]
|upkeep
|
|t:|1784373563
|switch|p1b: Sylveon|Sylveon, L50, M|100/100
|turn|8
|
|t:|1784373574
|move|p1a: Staraptor|Brave Bird|p2b: Charizard
|-damage|p2b: Charizard|0 fnt
|faint|p2b: Charizard
|-damage|p1a: Staraptor|0 fnt|[from] Recoil
|faint|p1a: Staraptor
|move|p1b: Sylveon|Hyper Voice|p2a: Garchomp
|-supereffective|p2a: Garchomp|1
|-damage|p2a: Garchomp|0 fnt
|faint|p2a: Garchomp
|
|win|Agf79
||Agf79 is ready for game 3.
|inactive|nutbuster151 has 30 seconds to confirm battle start!
||nutbuster151 is ready for game 3.
|uhtml|next|Next: Game 3 of 3
