|j|☆Il Mule
|j|☆thelphox
|html|Il Mulethelphox    
|uhtml|bestof|Game 1 of a best-of-3
|t:|1756981293
|gametype|doubles
|player|p1|Il Mule|salvatore|1456
|player|p2|thelphox|hiker-gen4|1457
|gen|9
|tier|[Gen 9] VGC 2025 Reg H (Bo3)
|rated|
|rule|Species Clause: Limit one of each Pokémon
|rule|Item Clause: Limit 1 of each item
|clearpoke
|poke|p1|Corviknight, L50, M|
|poke|p1|Garchomp, L50, M|
|poke|p1|Tyranitar, L50, M|
|poke|p1|Gholdengo, L50|
|poke|p1|Sneasler, L50, M|
|poke|p1|Incineroar, L50, M|
|poke|p2|Archaludon, L50, M|
|poke|p2|Dragonite, L50, F|
|poke|p2|Pelipper, L50, F|
|poke|p2|Ursaluna, L50, F|
|poke|p2|Sinistcha, L50|
|poke|p2|Gholdengo, L50|
|teampreview|4
|showteam|p1|Corviknight||CovertCloak|MirrorArmor|BraveBird,Taunt,Roost,Tailwind|||M|||50|,,,,,Dragon]Garchomp||ClearAmulet|RoughSkin|Earthquake,DragonClaw,StompingTantrum,Protect|||M|||50|,,,,,Steel]Tyranitar||AssaultVest|SandStream|RockSlide,KnockOff,TeraBlast,LowKick|||M|||50|,,,,,Flying]Gholdengo||LifeOrb|GoodasGold|MakeItRain,ShadowBall,NastyPlot,Protect||||||50|,,,,,Flying]Sneasler||AirBalloon|Unburden|DireClaw,CloseCombat,Coaching,Protect|||M|||50|,,,,,Ghost]Incineroar||SafetyGoggles|Intimidate|FlareBlitz,WillOWisp,PartingShot,FakeOut|||M|||50|,,,,,Ghost
|showteam|p2|Archaludon||AssaultVest|Stamina|FlashCannon,BodyPress,ElectroShot,Snarl|||M|||50|,,,,,Fighting]Dragonite||LoadedDice|Multiscale|ScaleShot,Tailwind,Haze,Protect|||F|||50|,,,,,Fairy]Pelipper||FocusSash|Drizzle|MuddyWater,Hurricane,Tailwind,Protect|||F|||50|,,,,,Ghost]Ursaluna||FlameOrb|Guts|Facade,HeadlongRush,Earthquake,Protect|||F|||50|,,,,,Ghost]Sinistcha||SitrusBerry|Hospitality|MatchaGotcha,LifeDew,RagePowder,TrickRoom||||||50|,,,,,Dark]Gholdengo||ChoiceScarf|GoodasGold|MakeItRain,ShadowBall,Trick,Protect||||||50|,,,,,Flying
|inactive|Battle timer is ON: inactive players will automatically lose when time's up. (requested by Il Mule)
|
|t:|1756981344
|teamsize|p1|4
|teamsize|p2|4
|start
|switch|p1a: Incineroar|Incineroar, L50, M|100/100
|switch|p1b: Gholdengo|Gholdengo, L50|100/100
|switch|p2a: Gholdengo|Gholdengo, L50|100/100
|switch|p2b: Pelipper|Pelipper, L50, F|100/100
|-weather|RainDance|[from] ability: Drizzle|[of] p2b: Pelipper
|-ability|p1a: Incineroar|Intimidate|boost
|-unboost|p2a: Gholdengo|atk|1
|-unboost|p2b: Pelipper|atk|1
|turn|1
|inactive|thelphox has 30 seconds left.
|
|t:|1756981376
|move|p1b: Gholdengo|Protect|p1b: Gholdengo
|-singleturn|p1b: Gholdengo|Protect
|move|p2a: Gholdengo|Trick|p1a: Incineroar
|-activate|p2a: Gholdengo|move: Trick|[of] p1a: Incineroar
|-item|p1a: Incineroar|Choice Scarf|[from] move: Trick
|-item|p2a: Gholdengo|Safety Goggles|[from] move: Trick
|move|p1a: Incineroar|Parting Shot|p2b: Pelipper
|-unboost|p2b: Pelipper|atk|1
|-unboost|p2b: Pelipper|spa|1
|
|t:|1756981384
|switch|p1a: Tyranitar|Tyranitar, L50, M|100/100|[from] Parting Shot
|-weather|Sandstorm|[from] ability: Sand Stream|[of] p1a: Tyranitar
|move|p2b: Pelipper|Tailwind|p2b: Pelipper
|-sidestart|p2: thelphox|move: Tailwind
|
|-weather|Sandstorm|[upkeep]
|-damage|p2b: Pelipper|95/100|[from] Sandstorm
|upkeep
|turn|2
|inactive|thelphox has 30 seconds left.
|
|t:|1756981414
|switch|p1b: Corviknight|Corviknight, L50, M, shiny|100/100
|-terastallize|p2a: Gholdengo|Flying
|move|p2a: Gholdengo|Make It Rain|p1a: Tyranitar|[spread] p1a,p1b
|-supereffective|p1a: Tyranitar
|-resisted|p1b: Corviknight
|-damage|p1a: Tyranitar|53/100
|-damage|p1b: Corviknight|74/100
|-unboost|p2a: Gholdengo|spa|1
|move|p2b: Pelipper|Muddy Water|p1b: Corviknight|[spread] p1a
|-miss|p2b: Pelipper|p1b: Corviknight
|-supereffective|p1a: Tyranitar
|-damage|p1a: Tyranitar|36/100
|move|p1a: Tyranitar|Knock Off|p2a: Gholdengo
|-damage|p2a: Gholdengo|42/100
|-enditem|p2a: Gholdengo|Safety Goggles|[from] move: Knock Off|[of] p1a: Tyranitar
|
|-weather|Sandstorm|[upkeep]
|-damage|p2a: Gholdengo|35/100|[from] Sandstorm
|-damage|p2b: Pelipper|89/100|[from] Sandstorm
|upkeep
|turn|3
|inactive|thelphox has 30 seconds left.
|inactive|thelphox has 20 seconds left.
|inactive|thelphox has 15 seconds left.
|inactive|thelphox has 10 seconds left.
|inactive|thelphox has 5 seconds left.
|
|t:|1756981464
|switch|p2b: Ursaluna|Ursaluna, L50, F|100/100
|move|p2a: Gholdengo|Make It Rain|p1b: Corviknight|[spread] p1a,p1b
|-supereffective|p1a: Tyranitar
|-resisted|p1b: Corviknight
|-damage|p1a: Tyranitar|7/100
|-damage|p1b: Corviknight|59/100
|-unboost|p2a: Gholdengo|spa|1
|move|p1b: Corviknight|Tailwind|p1b: Corviknight
|-sidestart|p1: Il Mule|move: Tailwind
|move|p1a: Tyranitar|Rock Slide|p2a: Gholdengo|[spread] p2a,p2b
|-supereffective|p2a: Gholdengo
|-resisted|p2b: Ursaluna
|-damage|p2a: Gholdengo|0 fnt
|-damage|p2b: Ursaluna|88/100
|faint|p2a: Gholdengo
|
|-weather|Sandstorm|[upkeep]
|-status|p2b: Ursaluna|brn|[from] item: Flame Orb
|upkeep
|
|t:|1756981479
|switch|p2a: Pelipper|Pelipper, L50, F|89/100
|-weather|RainDance|[from] ability: Drizzle|[of] p2a: Pelipper
|turn|4
|inactive|Il Mule has 30 seconds left.
|
|t:|1756981505
|switch|p1a: Incineroar|Incineroar, L50, M|100/100
|-ability|p1a: Incineroar|Intimidate|boost
|-unboost|p2a: Pelipper|atk|1
|-unboost|p2b: Ursaluna|atk|1
|move|p2a: Pelipper|Muddy Water|p1b: Corviknight|[spread] 
|-miss|p2a: Pelipper|p1a: Incineroar
|-miss|p2a: Pelipper|p1b: Corviknight
|move|p1b: Corviknight|Taunt|p2a: Pelipper
|-start|p2a: Pelipper|move: Taunt
|move|p2b: Ursaluna|Facade|p1b: Corviknight
|-resisted|p1b: Corviknight
|-damage|p1b: Corviknight|22/100
|
|-weather|RainDance|[upkeep]
|-damage|p2b: Ursaluna|82/100 brn|[from] brn
|-sideend|p2: thelphox|move: Tailwind
|upkeep
|turn|5
|
|t:|1756981526
|switch|p2b: Sinistcha|Sinistcha, L50|100/100
|-heal|p2a: Pelipper|100/100|[from] ability: Hospitality|[of] p2b: Sinistcha
|move|p1a: Incineroar|Parting Shot|p2b: Sinistcha
|-unboost|p2b: Sinistcha|atk|1
|-unboost|p2b: Sinistcha|spa|1
|
|t:|1756981532
|switch|p1a: Tyranitar|Tyranitar, L50, M|7/100|[from] Parting Shot
|-weather|Sandstorm|[from] ability: Sand Stream|[of] p1a: Tyranitar
|move|p1b: Corviknight|Roost|p1b: Corviknight
|-heal|p1b: Corviknight|72/100
|-singleturn|p1b: Corviknight|move: Roost
|move|p2a: Pelipper|Muddy Water|p1a: Tyranitar|[spread] p1a,p1b
|-supereffective|p1a: Tyranitar
|-damage|p1a: Tyranitar|0 fnt
|-damage|p1b: Corviknight|42/100
|faint|p1a: Tyranitar
|
|-weather|Sandstorm|[upkeep]
|-damage|p2a: Pelipper|95/100|[from] Sandstorm
|-damage|p2b: Sinistcha|94/100|[from] Sandstorm
|upkeep
|
|t:|1756981544
|switch|p1a: Gholdengo|Gholdengo, L50|100/100
|turn|6
|
|t:|1756981564
|move|p1a: Gholdengo|Nasty Plot|p1a: Gholdengo
|-boost|p1a: Gholdengo|spa|2
|move|p1b: Corviknight|Taunt|p2b: Sinistcha
|-start|p2b: Sinistcha|move: Taunt
|move|p2a: Pelipper|Muddy Water|p1a: Gholdengo|[spread] p1a
|-miss|p2a: Pelipper|p1b: Corviknight
|-damage|p1a: Gholdengo|69/100
|move|p2b: Sinistcha|Matcha Gotcha|p1b: Corviknight|[spread] p1a,p1b
|-resisted|p1a: Gholdengo
|-resisted|p1b: Corviknight
|-damage|p1a: Gholdengo|59/100
|-heal|p2b: Sinistcha|99/100|[from] drain|[of] p1a: Gholdengo
|-damage|p1b: Corviknight|39/100
|-heal|p2b: Sinistcha|100/100|[from] drain|[of] p1b: Corviknight
|
|-weather|Sandstorm|[upkeep]
|-damage|p2a: Pelipper|89/100|[from] Sandstorm
|-damage|p2b: Sinistcha|94/100|[from] Sandstorm
|-sideend|p1: Il Mule|move: Tailwind
|upkeep
|turn|7
|
|t:|1756981586
|move|p1a: Gholdengo|Make It Rain|p2b: Sinistcha|[spread] p2a,p2b
|-resisted|p2a: Pelipper
|-damage|p2a: Pelipper|0 fnt
|-damage|p2b: Sinistcha|0 fnt
|-unboost|p1a: Gholdengo|spa|1
|faint|p2a: Pelipper
|faint|p2b: Sinistcha
|-damage|p1a: Gholdengo|50/100|[from] item: Life Orb
|move|p1b: Corviknight|Roost|p1b: Corviknight
|-heal|p1b: Corviknight|89/100
|-singleturn|p1b: Corviknight|move: Roost
|
|-weather|Sandstorm|[upkeep]
|upkeep
|
|t:|1756981592
|switch|p2b: Ursaluna|Ursaluna, L50, F|82/100 brn
|turn|8
|
|t:|1756981602
|move|p1a: Gholdengo|Make It Rain|p2b: Ursaluna
|-damage|p2b: Ursaluna|0 fnt
|-unboost|p1a: Gholdengo|spa|1
|faint|p2b: Ursaluna
|-damage|p1a: Gholdengo|40/100|[from] item: Life Orb
|
|win|Il Mule
||Il Mule is ready for game 2.
||thelphox is ready for game 2.
|uhtml|next|Next: Game 2 of 3
