|j|☆Phish With A PH
|j|☆huntr/x rumi
|html|Phish With A PHhuntr/x rumi    
|uhtml|bestof|Game 2 of a best-of-3
|t:|1757822495
|gametype|doubles
|player|p1|Phish With A PH|wallace|1106
|player|p2|huntr/x rumi|guitarist|1159
|gen|9
|tier|[Gen 9] VGC 2025 Reg H (Bo3)
|rated|
|rule|Species Clause: Limit one of each Pokémon
|rule|Item Clause: Limit 1 of each item
|clearpoke
|poke|p1|Sinistcha-Masterpiece, L50|
|poke|p1|Primarina, L50, M|
|poke|p1|Incineroar, L50, M|
|poke|p1|Porygon2, L50|
|poke|p1|Gliscor, L50, M|
|poke|p1|Archaludon, L50, F|
|poke|p2|Porygon2, L50|
|poke|p2|Ursaluna, L50, M|
|poke|p2|Incineroar, L50, M|
|poke|p2|Yanmega, L50, F|
|poke|p2|Sneasler, L50, M|
|poke|p2|Archaludon, L50, F|
|teampreview|4
|showteam|p1|Sinistcha-Masterpiece||MentalHerb|Hospitality|MatchaGotcha,ShadowBall,RagePowder,Protect||||||50|,,,,,Water]Primarina||AssaultVest|LiquidVoice|HyperVoice,Moonblast,IcyWind,Psychic|||M|||50|,,,,,Water]Incineroar||SafetyGoggles|Intimidate|KnockOff,FakeOut,PartingShot,Protect|||M|||50|,,,,,Ghost]Porygon2||Eviolite|Download|TeraBlast,IceBeam,TrickRoom,Protect||||||50|,,,,,Fighting]Gliscor||ToxicOrb|PoisonHeal|HighHorsepower,Tailwind,SwordsDance,Protect|||M|||50|,,,,,Water]Archaludon||PowerHerb|Sturdy|DracoMeteor,ElectroShot,Snarl,Protect|||F|||50|,,,,,Grass
|showteam|p2|Porygon2||Eviolite|Download|TrickRoom,IceBeam,Recover,TeraBlast||||||50|,,,,,Flying]Ursaluna||FlameOrb|Guts|Protect,Facade,HeadlongRush,Earthquake|||M|||50|,,,,,Ghost]Incineroar||SafetyGoggles|Intimidate|FakeOut,PartingShot,KnockOff,FlareBlitz|||M|||50|,,,,,Ghost]Yanmega||FocusSash|SpeedBoost|AirSlash,BugBuzz,Tailwind,Detect|||F|||50|,,,,,Ghost]Sneasler||WhiteHerb|Unburden|Protect,CloseCombat,DireClaw,ThroatChop|||M|||50|,,,,,Stellar]Archaludon||PowerHerb|Stalwart|DragonPulse,ElectroShot,Protect,Thunderbolt|||F|||50|,,,,,Electric
|
|t:|1757822535
|teamsize|p1|4
|teamsize|p2|4
|start
|switch|p1a: Incineroar|Incineroar, L50, M|100/100
|switch|p1b: Primarina|Primarina, L50, M|100/100
|switch|p2a: Porygon2|Porygon2, L50, shiny|100/100
|switch|p2b: Incineroar|Incineroar, L50, M, shiny|100/100
|-ability|p2b: Incineroar|Intimidate|boost
|-unboost|p1a: Incineroar|atk|1
|-unboost|p1b: Primarina|atk|1
|-ability|p2a: Porygon2|Download|boost
|-boost|p2a: Porygon2|atk|1
|-ability|p1a: Incineroar|Intimidate|boost
|-unboost|p2a: Porygon2|atk|1
|-unboost|p2b: Incineroar|atk|1
|turn|1
|
|t:|1757822563
|switch|p1b: Gliscor|Gliscor, L50, M|100/100
|move|p2b: Incineroar|Fake Out|p1b: Gliscor
|-crit|p1b: Gliscor
|-damage|p1b: Gliscor|85/100
|move|p1a: Incineroar|Fake Out|p2a: Porygon2
|-damage|p2a: Porygon2|95/100
|cant|p2a: Porygon2|flinch
|
|-status|p1b: Gliscor|tox|[from] item: Toxic Orb
|upkeep
|turn|2
|
|t:|1757822598
|-terastallize|p1b: Gliscor|Water
|move|p1b: Gliscor|Swords Dance|p1b: Gliscor
|-boost|p1b: Gliscor|atk|2
|move|p2b: Incineroar|Parting Shot|p1a: Incineroar
|-unboost|p1a: Incineroar|atk|1
|-unboost|p1a: Incineroar|spa|1
|
|t:|1757822604
|switch|p2b: Ursaluna|Ursaluna, L50, M, shiny|100/100|[from] Parting Shot
|move|p1a: Incineroar|Parting Shot|p2a: Porygon2
|-unboost|p2a: Porygon2|atk|1
|-unboost|p2a: Porygon2|spa|1
|
|t:|1757822612
|switch|p1a: Sinistcha|Sinistcha-Masterpiece, L50|100/100|[from] Parting Shot
|-heal|p1b: Gliscor|100/100 tox|[from] ability: Hospitality|[of] p1a: Sinistcha
|move|p2a: Porygon2|Trick Room|p2a: Porygon2
|-fieldstart|move: Trick Room|[of] p2a: Porygon2
|
|-status|p2b: Ursaluna|brn|[from] item: Flame Orb
|upkeep
|turn|3
|
|t:|1757822645
|move|p2b: Ursaluna|Protect|p2b: Ursaluna
|-singleturn|p2b: Ursaluna|Protect
|move|p1a: Sinistcha|Rage Powder|p1a: Sinistcha
|-singleturn|p1a: Sinistcha|move: Rage Powder
|move|p2a: Porygon2|Ice Beam|p1a: Sinistcha
|-supereffective|p1a: Sinistcha
|-damage|p1a: Sinistcha|63/100
|move|p1b: Gliscor|High Horsepower|p2a: Porygon2
|-damage|p2a: Porygon2|44/100
|
|-damage|p2b: Ursaluna|95/100 brn|[from] brn
|upkeep
|turn|4
|
|t:|1757822660
|switch|p1a: Incineroar|Incineroar, L50, M|100/100
|-ability|p1a: Incineroar|Intimidate|boost
|-unboost|p2a: Porygon2|atk|1
|-unboost|p2b: Ursaluna|atk|1
|-terastallize|p2a: Porygon2|Flying
|move|p2b: Ursaluna|Earthquake|p1a: Incineroar|[spread] p1a,p1b
|-immune|p2a: Porygon2
|-supereffective|p1a: Incineroar
|-damage|p1a: Incineroar|16/100
|-damage|p1b: Gliscor|67/100 tox
|move|p2a: Porygon2|Recover|p2a: Porygon2
|-heal|p2a: Porygon2|94/100
|move|p1b: Gliscor|High Horsepower|p2a: Porygon2
|-immune|p2a: Porygon2
|
|-heal|p1b: Gliscor|79/100 tox|[from] ability: Poison Heal
|-damage|p2b: Ursaluna|89/100 brn|[from] brn
|upkeep
|turn|5
|
|t:|1757822708
|switch|p2a: Incineroar|Incineroar, L50, M, shiny|100/100
|-ability|p2a: Incineroar|Intimidate|boost
|-unboost|p1a: Incineroar|atk|1
|-unboost|p1b: Gliscor|atk|1
|move|p2b: Ursaluna|Protect|p2b: Ursaluna
|-singleturn|p2b: Ursaluna|Protect
|move|p1b: Gliscor|Protect|p1b: Gliscor
|-singleturn|p1b: Gliscor|Protect
|move|p1a: Incineroar|Fake Out|p2b: Ursaluna
|-activate|p2b: Ursaluna|move: Protect
|
|-heal|p1b: Gliscor|92/100 tox|[from] ability: Poison Heal
|-damage|p2b: Ursaluna|83/100 brn|[from] brn
|upkeep
|turn|6
|
|t:|1757822727
|switch|p1a: Sinistcha|Sinistcha-Masterpiece, L50|63/100
|-heal|p1b: Gliscor|100/100 tox|[from] ability: Hospitality|[of] p1a: Sinistcha
|move|p2b: Ursaluna|Facade|p1a: Sinistcha
|-immune|p1a: Sinistcha
|move|p2a: Incineroar|Parting Shot|p1b: Gliscor
|-unboost|p1b: Gliscor|atk|1
|-unboost|p1b: Gliscor|spa|1
|
|t:|1757822729
|switch|p2a: Porygon2|Porygon2, L50, shiny, tera:Flying|94/100|[from] Parting Shot
|-ability|p2a: Porygon2|Download|boost
|-boost|p2a: Porygon2|spa|1
|move|p1b: Gliscor|Tailwind|p1b: Gliscor
|-sidestart|p1: Phish With A PH|move: Tailwind
|
|-damage|p2b: Ursaluna|77/100 brn|[from] brn
|-fieldend|move: Trick Room
|upkeep
|turn|7
|
|t:|1757822755
|switch|p2b: Incineroar|Incineroar, L50, M, shiny|100/100
|-ability|p2b: Incineroar|Intimidate|boost
|-unboost|p1a: Sinistcha|atk|1
|-unboost|p1b: Gliscor|atk|1
|move|p1b: Gliscor|High Horsepower|p2b: Incineroar
|-supereffective|p2b: Incineroar
|-damage|p2b: Incineroar|42/100
|move|p1a: Sinistcha|Matcha Gotcha|p2b: Incineroar|[spread] p2a
|-miss|p1a: Sinistcha|p2b: Incineroar
|-resisted|p2a: Porygon2
|-crit|p2a: Porygon2
|-damage|p2a: Porygon2|84/100
|-heal|p1a: Sinistcha|68/100|[from] drain|[of] p2a: Porygon2
|-status|p2a: Porygon2|brn
|move|p2a: Porygon2|Trick Room|p2a: Porygon2
|-fieldstart|move: Trick Room|[of] p2a: Porygon2
|
|-damage|p2a: Porygon2|78/100 brn|[from] brn
|upkeep
|turn|8
|
|t:|1757822778
|move|p1a: Sinistcha|Protect|p1a: Sinistcha
|-singleturn|p1a: Sinistcha|Protect
|move|p2a: Porygon2|Tera Blast|p1a: Sinistcha|[anim] Tera Blast Flying
|-activate|p1a: Sinistcha|move: Protect
|move|p2b: Incineroar|Knock Off|p1a: Sinistcha
|-activate|p1a: Sinistcha|move: Protect
|move|p1b: Gliscor|Swords Dance|p1b: Gliscor
|-boost|p1b: Gliscor|atk|2
|
|-damage|p2a: Porygon2|72/100 brn|[from] brn
|upkeep
|turn|9
|
|t:|1757822805
|switch|p1a: Incineroar|Incineroar, L50, M|16/100
|-ability|p1a: Incineroar|Intimidate|boost
|-unboost|p2a: Porygon2|atk|1
|-unboost|p2b: Incineroar|atk|1
|move|p1b: Gliscor|Protect|p1b: Gliscor
|-singleturn|p1b: Gliscor|Protect
|move|p2a: Porygon2|Tera Blast|p1a: Incineroar|[anim] Tera Blast Flying
|-damage|p1a: Incineroar|0 fnt
|faint|p1a: Incineroar
|move|p2b: Incineroar|Parting Shot|p1b: Gliscor
|-activate|p1b: Gliscor|move: Protect
|
|-damage|p2a: Porygon2|66/100 brn|[from] brn
|-sideend|p1: Phish With A PH|move: Tailwind
|upkeep
|
|t:|1757822816
|switch|p1a: Primarina|Primarina, L50, M|100/100
|turn|10
|
|t:|1757822833
|move|p1a: Primarina|Hyper Voice|p2b: Incineroar|[spread] p2a,p2b
|-supereffective|p2b: Incineroar
|-damage|p2a: Porygon2|48/100 brn
|-damage|p2b: Incineroar|0 fnt
|faint|p2b: Incineroar
|move|p2a: Porygon2|Recover|p2a: Porygon2
|-heal|p2a: Porygon2|98/100 brn
|move|p1b: Gliscor|Swords Dance|p1b: Gliscor
|-boost|p1b: Gliscor|atk|2
|
|-damage|p2a: Porygon2|92/100 brn|[from] brn
|upkeep
|
|t:|1757822836
|switch|p2b: Ursaluna|Ursaluna, L50, M, shiny|77/100 brn
|turn|11
|
|t:|1757822848
|move|p1b: Gliscor|Protect|p1b: Gliscor
|-singleturn|p1b: Gliscor|Protect
|move|p2b: Ursaluna|Facade|p1a: Primarina
|-damage|p1a: Primarina|0 fnt
|faint|p1a: Primarina
|move|p2a: Porygon2|Tera Blast|p1b: Gliscor|[anim] Tera Blast Flying
|-activate|p1b: Gliscor|move: Protect
|
|-damage|p2b: Ursaluna|71/100 brn|[from] brn
|-damage|p2a: Porygon2|85/100 brn|[from] brn
|-fieldend|move: Trick Room
|upkeep
|
|t:|1757822855
|switch|p1a: Sinistcha|Sinistcha-Masterpiece, L50|68/100
|turn|12
|
|t:|1757822861
|move|p2b: Ursaluna|Protect|p2b: Ursaluna
|-singleturn|p2b: Ursaluna|Protect
|move|p1b: Gliscor|High Horsepower|p2b: Ursaluna
|-activate|p2b: Ursaluna|move: Protect
|move|p1a: Sinistcha|Matcha Gotcha|p2b: Ursaluna|[spread] p2a
|-activate|p2b: Ursaluna|move: Protect
|-resisted|p2a: Porygon2
|-damage|p2a: Porygon2|79/100 brn
|-heal|p1a: Sinistcha|72/100|[from] drain|[of] p2a: Porygon2
|move|p2a: Porygon2|Trick Room|p2a: Porygon2
|-fieldstart|move: Trick Room|[of] p2a: Porygon2
|
|-damage|p2b: Ursaluna|65/100 brn|[from] brn
|-damage|p2a: Porygon2|73/100 brn|[from] brn
|upkeep
|turn|13
|
|t:|1757822868
|move|p2b: Ursaluna|Facade|p1b: Gliscor
|-damage|p1b: Gliscor|0 fnt
|faint|p1b: Gliscor
|move|p2a: Porygon2|Tera Blast|p1a: Sinistcha|[anim] Tera Blast Flying
|-supereffective|p1a: Sinistcha
|-damage|p1a: Sinistcha|0 fnt
|faint|p1a: Sinistcha
|
|win|huntr/x rumi
||huntr/x rumi is ready for game 3.
||Phish With A PH is ready for game 3.
|uhtml|next|Next: Game 3 of 3
