|j|☆caZISA
|j|☆Andrea Pirlo 2
|html|caZISAAndrea Pirlo 2    
|uhtml|bestof|Game 3 of a best-of-3
|t:|1782491419
|gametype|doubles
|player|p1|caZISA|red|1231
|player|p2|Andrea Pirlo 2|volkner|1475
|gen|9
|tier|[Gen 9 Champions] VGC 2026 Reg M-B (Bo3)
|rated|
|rule|Species Clause: Limit one of each Pokémon
|rule|Item Clause: Limit 1 of each item
|clearpoke
|poke|p1|Staraptor, L50, M|
|poke|p1|Froslass, L50, F|
|poke|p1|Whimsicott, L50, F|
|poke|p1|Arcanine-Hisui, L50, M|
|poke|p1|Milotic, L50, F|
|poke|p1|Garchomp, L50, M|
|poke|p2|Swampert, L50, M|
|poke|p2|Pelipper, L50, M|
|poke|p2|Archaludon, L50, F|
|poke|p2|Sneasler, L50, M|
|poke|p2|Gholdengo, L50|
|poke|p2|Sableye, L50, F|
|teampreview|4
|showteam|p1|Staraptor||Staraptite|Intimidate|BraveBird,CloseCombat,Roost,Protect|Jolly||M|||50|]Froslass||Froslassite|CursedBody|Blizzard,ShadowBall,AuroraVeil,Protect|Modest||F|||50|]Whimsicott||FairyFeather|Prankster|Moonblast,Charm,Tailwind,Protect|Timid||F|||50|]Arcanine-Hisui||FocusSash|RockHead|RockSlide,FlareBlitz,ExtremeSpeed,Protect|Jolly||M|||50|]Milotic||Leftovers|Competitive|Scald,IcyWind,Recover,Protect|Modest||F|||50|]Garchomp||LifeOrb|RoughSkin|DragonClaw,Earthquake,RockSlide,Protect|Jolly||M|||50|
|showteam|p2|Swampert||Swampertite|Torrent|HighHorsepower,WaveCrash,IcePunch,Protect|Adamant||M|||50|]Pelipper||LifeOrb|Drizzle|WeatherBall,Hurricane,Tailwind,Protect|Modest||M|||50|]Archaludon||Leftovers|Stamina|ElectroShot,DragonPulse,FlashCannon,Protect|Modest||F|||50|]Sneasler||FocusSash|Unburden|CloseCombat,DireClaw,FakeOut,Protect|Jolly||M|||50|]Gholdengo||MetalCoat|GoodasGold|MakeItRain,ShadowBall,NastyPlot,Protect|Timid|||||50|]Sableye||RoseliBerry|Prankster|Encore,WillOWisp,LightScreen,RainDance|Calm||F|||50|
|inactive|Battle timer is ON: inactive players will automatically lose when time's up. (requested by Andrea Pirlo 2)
|
|t:|1782491438
|teamsize|p1|4
|teamsize|p2|4
|start
|switch|p1a: Legolas|Whimsicott, L50, F|100/100
|switch|p1b: Staraptor|Staraptor, L50, M|100/100
|switch|p2a: Gholdengo|Gholdengo, L50|100/100
|switch|p2b: Swampert|Swampert, L50, M|100/100
|-ability|p1b: Staraptor|Intimidate|boost
|-unboost|p2a: Gholdengo|atk|1
|-unboost|p2b: Swampert|atk|1
|turn|1
|
|t:|1782491449
|detailschange|p1b: Staraptor|Staraptor-Mega, L50, M
|-mega|p1b: Staraptor|Staraptor|Staraptite
|detailschange|p2b: Swampert|Swampert-Mega, L50, M
|-mega|p2b: Swampert|Swampert|Swampertite
|move|p1a: Legolas|Charm|p1b: Staraptor
|-boost|p1b: Staraptor|atk|2
|move|p1b: Staraptor|Close Combat|p2b: Swampert
|-damage|p2b: Swampert|0 fnt
|-boost|p1b: Staraptor|def|1
|-boost|p1b: Staraptor|spd|1
|faint|p2b: Swampert
|move|p2a: Gholdengo|Nasty Plot|p2a: Gholdengo
|-boost|p2a: Gholdengo|spa|2
|
|upkeep
|
|t:|1782491456
|switch|p2b: Pelipper|Pelipper, L50, M|100/100
|-weather|RainDance|[from] ability: Drizzle|[of] p2b: Pelipper
|turn|2
|
|t:|1782491477
|move|p1b: Staraptor|Protect|p1b: Staraptor
|-singleturn|p1b: Staraptor|Protect
|move|p1a: Legolas|Tailwind|p1a: Legolas
|-sidestart|p1: caZISA|move: Tailwind
|move|p2a: Gholdengo|Nasty Plot|p2a: Gholdengo
|-boost|p2a: Gholdengo|spa|2
|move|p2b: Pelipper|Tailwind|p2b: Pelipper
|-sidestart|p2: Andrea Pirlo 2|move: Tailwind
|
|-weather|RainDance|[upkeep]
|upkeep
|turn|3
|
|t:|1782491494
|switch|p1b: Milotic|Milotic, L50, F|100/100
|move|p2b: Pelipper|Protect|p2b: Pelipper
|-singleturn|p2b: Pelipper|Protect
|move|p1a: Legolas|Moonblast|p2a: Gholdengo
|-resisted|p2a: Gholdengo|1
|-damage|p2a: Gholdengo|78/100
|move|p2a: Gholdengo|Make It Rain|p1a: Legolas|[spread] p1a,p1b
|-supereffective|p1a: Legolas|1
|-resisted|p1b: Milotic|1
|-damage|p1a: Legolas|0 fnt
|-damage|p1b: Milotic|47/100
|-unboost|p2a: Gholdengo|spa|2
|faint|p1a: Legolas
|
|-weather|RainDance|[upkeep]
|-heal|p1b: Milotic|53/100|[from] item: Leftovers
|upkeep
|
|t:|1782491505
|switch|p1a: Sharkboy|Garchomp, L50, M|100/100
|turn|4
|
|t:|1782491515
|move|p1a: Sharkboy|Protect|p1a: Sharkboy
|-singleturn|p1a: Sharkboy|Protect
|move|p2a: Gholdengo|Shadow Ball|p1b: Milotic
|-damage|p1b: Milotic|3/100
|move|p1b: Milotic|Icy Wind|p2b: Pelipper|[spread] p2a,p2b
|-resisted|p2a: Gholdengo|1
|-damage|p2a: Gholdengo|71/100
|-damage|p2b: Pelipper|84/100
|-unboost|p2a: Gholdengo|spe|1
|-unboost|p2b: Pelipper|spe|1
|move|p2b: Pelipper|Weather Ball|p1a: Sharkboy
|-activate|p1a: Sharkboy|move: Protect
|
|-weather|RainDance|[upkeep]
|-heal|p1b: Milotic|9/100|[from] item: Leftovers
|upkeep
|turn|5
|
|t:|1782491529
|switch|p1b: Staraptor|Staraptor-Mega, L50, M|100/100
|move|p2a: Gholdengo|Protect|p2a: Gholdengo
|-singleturn|p2a: Gholdengo|Protect
|move|p1a: Sharkboy|Earthquake|p2b: Pelipper|[spread] 
|-activate|p2a: Gholdengo|move: Protect
|-immune|p1b: Staraptor
|-immune|p2b: Pelipper
|move|p2b: Pelipper|Weather Ball|p1a: Sharkboy
|-damage|p1a: Sharkboy|18/100
|-damage|p2b: Pelipper|75/100|[from] item: Life Orb
|
|-weather|RainDance|[upkeep]
|-sideend|p2: Andrea Pirlo 2|move: Tailwind
|-sideend|p1: caZISA|move: Tailwind
|upkeep
|turn|6
|
|t:|1782491553
|switch|p2a: Archaludon|Archaludon, L50, F|100/100
|move|p1b: Staraptor|Brave Bird|p2b: Pelipper
|-damage|p2b: Pelipper|0 fnt
|faint|p2b: Pelipper
|-damage|p1b: Staraptor|76/100|[from] Recoil
|move|p1a: Sharkboy|Earthquake|p2a: Archaludon|[spread] p2a
|-immune|p1b: Staraptor
|-supereffective|p2a: Archaludon|1
|-damage|p2a: Archaludon|31/100
|-ability|p2a: Archaludon|Stamina|boost
|-boost|p2a: Archaludon|def|1
|-damage|p1a: Sharkboy|8/100|[from] item: Life Orb
|
|-weather|none
|-heal|p2a: Archaludon|37/100|[from] item: Leftovers
|upkeep
|
|t:|1782491560
|switch|p2b: Gholdengo|Gholdengo, L50|71/100
|turn|7
|-message|Andrea Pirlo 2 forfeited.
|
|win|caZISA
|raw|caZISA's rating: 1231 → 1271(+40 for winning)
|raw|Andrea Pirlo 2's rating: 1475 → 1443(-32 for losing)
