|j|☆erz123456
|j|☆syahrunn
|html|erz123456syahrunn    
|uhtml|bestof|Game 1 of a best-of-3
|t:|1783009408
|gametype|doubles
|player|p1|erz123456|2|1140
|player|p2|syahrunn|169|1000
|gen|9
|tier|[Gen 9 Champions] VGC 2026 Reg M-B (Bo3)
|rated|
|rule|Species Clause: Limit one of each Pokémon
|rule|Item Clause: Limit 1 of each item
|clearpoke
|poke|p1|Sneasler, L50, M|
|poke|p1|Blastoise, L50, M|
|poke|p1|Pelipper, L50, F|
|poke|p1|Sinistcha, L50|
|poke|p1|Kingambit, L50, M|
|poke|p1|Archaludon, L50, M|
|poke|p2|Staraptor, L50, F|
|poke|p2|Raichu, L50, F|
|poke|p2|Tinkaton, L50, F|
|poke|p2|Ninetales-Alola, L50, F|
|poke|p2|Talonflame, L50, M|
|poke|p2|Basculegion, L50, M|
|teampreview|4
|showteam|p1|Sneasler||WhiteHerb|Unburden|FakeOut,DireClaw,CloseCombat,RockTomb|Jolly||M|||50|]Blastoise||Blastoisinite|RainDish|WaterSpout,IceBeam,ShellSmash,Protect|Modest||M|||50|]Pelipper||FocusSash|Drizzle|Tailwind,HelpingHand,MuddyWater,Hurricane|Modest||F|||50|]Sinistcha||SitrusBerry|Hospitality|MatchaGotcha,ShadowBall,TrickRoom,RagePowder|Calm|||||50|]Kingambit||ChopleBerry|Defiant|KowtowCleave,IronHead,SuckerPunch,Protect|Adamant||M|||50|]Archaludon||Leftovers|Stamina|ElectroShot,FlashCannon,DragonPulse,Protect|Modest||M|||50|
|showteam|p2|Staraptor||Staraptite|Intimidate|CloseCombat,Protect,BraveBird,Roost|Adamant||F|||50|]Raichu||RaichuniteY|LightningRod|ZapCannon,FakeOut,VoltSwitch,DazzlingGleam|Modest||F|||50|]Tinkaton||OccaBerry|MoldBreaker|GigatonHammer,FakeOut,SwordsDance,PlayRough|Adamant||F|||50|]Ninetales-Alola||LightClay|SnowWarning|Blizzard,AuroraVeil,FreezeDry,Moonblast|Modest||F|||50|]Talonflame|||GaleWings|Acrobatics,Tailwind,FeatherDance,Taunt|Jolly||M|||50|]Basculegion||ChoiceScarf|Adaptability|FlipTurn,WaveCrash,LastRespects,AquaJet|Serious||M|||50|
|inactive|Battle timer is ON: inactive players will automatically lose when time's up. (requested by erz123456)
|
|t:|1783009482
|teamsize|p1|4
|teamsize|p2|4
|start
|switch|p1a: Sneasler|Sneasler, L50, M|100/100
|switch|p1b: Archaludon|Archaludon, L50, M|100/100
|switch|p2a: Raichu|Raichu, L50, F|100/100
|switch|p2b: Talonflame|Talonflame, L50, M|100/100
|turn|1
|inactive|syahrunn has 30 seconds left.
|
|t:|1783009509
|move|p1a: Sneasler|Fake Out|p2b: Talonflame
|-damage|p2b: Talonflame|80/100
|move|p2a: Raichu|Fake Out|p1b: Archaludon
|-resisted|p1b: Archaludon|1
|-crit|p1b: Archaludon
|-damage|p1b: Archaludon|95/100
|-ability|p1b: Archaludon|Stamina|boost
|-boost|p1b: Archaludon|def|1
|cant|p2b: Talonflame|flinch
|cant|p1b: Archaludon|flinch
|
|-heal|p1b: Archaludon|100/100|[from] item: Leftovers
|upkeep
|turn|2
|inactive|syahrunn has 30 seconds left.
|
|t:|1783009535
|move|p2b: Talonflame|Acrobatics|p1a: Sneasler
|-supereffective|p1a: Sneasler|1
|-damage|p1a: Sneasler|0 fnt
|faint|p1a: Sneasler
|move|p2a: Raichu|Dazzling Gleam|p1b: Archaludon
|-damage|p1b: Archaludon|77/100
|-ability|p1b: Archaludon|Stamina|boost
|-boost|p1b: Archaludon|def|1
|move|p1b: Archaludon|Dragon Pulse|p2b: Talonflame
|-damage|p2b: Talonflame|15/100
|
|-heal|p1b: Archaludon|83/100|[from] item: Leftovers
|upkeep
|
|t:|1783009559
|switch|p1a: Sinistcha|Sinistcha, L50|100/100
|-heal|p1b: Archaludon|100/100|[from] ability: Hospitality|[of] p1a: Sinistcha
|turn|3
|inactive|erz123456 has 30 seconds left.
|
|t:|1783009584
|switch|p1a: Pelipper|Pelipper, L50, F|100/100
|-weather|RainDance|[from] ability: Drizzle|[of] p1a: Pelipper
|move|p2b: Talonflame|Tailwind|p2b: Talonflame
|-sidestart|p2: syahrunn|move: Tailwind
|move|p2a: Raichu|Volt Switch|p1a: Pelipper
|-supereffective|p1a: Pelipper|2
|-enditem|p1a: Pelipper|Focus Sash
|-damage|p1a: Pelipper|1/100
|
|t:|1783009597
|switch|p2a: Staraptor|Staraptor, L50, F|100/100|[from] Volt Switch
|-ability|p2a: Staraptor|Intimidate|boost
|-unboost|p1a: Pelipper|atk|1
|-unboost|p1b: Archaludon|atk|1
|move|p1b: Archaludon|Dragon Pulse|p2b: Talonflame
|-damage|p2b: Talonflame|0 fnt
|faint|p2b: Talonflame
|
|-weather|RainDance|[upkeep]
|upkeep
|
|t:|1783009606
|switch|p2b: Ninetales|Ninetales-Alola, L50, F|100/100
|-weather|Snowscape|[from] ability: Snow Warning|[of] p2b: Ninetales
|turn|4
|
|t:|1783009635
|switch|p1a: Sinistcha|Sinistcha, L50|100/100
|detailschange|p2a: Staraptor|Staraptor-Mega, L50, F
|-mega|p2a: Staraptor|Staraptor|Staraptite
|move|p2a: Staraptor|Close Combat|p1b: Archaludon
|-supereffective|p1b: Archaludon|1
|-damage|p1b: Archaludon|40/100
|-boost|p2a: Staraptor|def|1
|-boost|p2a: Staraptor|spd|1
|-ability|p1b: Archaludon|Stamina|boost
|-boost|p1b: Archaludon|def|1
|move|p2b: Ninetales|Blizzard|p1b: Archaludon|[spread] p1a,p1b
|-supereffective|p1a: Sinistcha|1
|-damage|p1a: Sinistcha|46/100
|-damage|p1b: Archaludon|7/100
|-ability|p1b: Archaludon|Stamina|boost
|-boost|p1b: Archaludon|def|1
|-enditem|p1a: Sinistcha|Sitrus Berry|[eat]
|-heal|p1a: Sinistcha|70/100|[from] item: Sitrus Berry
|move|p1b: Archaludon|Flash Cannon|p2b: Ninetales
|-supereffective|p2b: Ninetales|2
|-damage|p2b: Ninetales|0 fnt
|faint|p2b: Ninetales
|
|-weather|Snowscape|[upkeep]
|-heal|p1b: Archaludon|13/100|[from] item: Leftovers
|upkeep
|
|t:|1783009655
|switch|p2b: Raichu|Raichu, L50, F|100/100
|turn|5
|inactive|erz123456 has 30 seconds left.
|
|t:|1783009687
|switch|p1a: Pelipper|Pelipper, L50, F|1/100
|-weather|RainDance|[from] ability: Drizzle|[of] p1a: Pelipper
|move|p1b: Archaludon|Protect|p1b: Archaludon
|-singleturn|p1b: Archaludon|Protect
|move|p2b: Raichu|Dazzling Gleam|p1b: Archaludon|[spread] p1a
|-activate|p1b: Archaludon|move: Protect
|-damage|p1a: Pelipper|0 fnt
|faint|p1a: Pelipper
|move|p2a: Staraptor|Brave Bird|p1b: Archaludon
|-activate|p1b: Archaludon|move: Protect
|
|-weather|RainDance|[upkeep]
|-heal|p1b: Archaludon|19/100|[from] item: Leftovers
|upkeep
|
|t:|1783009690
|switch|p1a: Sinistcha|Sinistcha, L50|70/100
|-heal|p1b: Archaludon|44/100|[from] ability: Hospitality|[of] p1a: Sinistcha
|turn|6
|inactive|erz123456 has 30 seconds left.
|inactive|erz123456 has 20 seconds left.
|inactive|erz123456 has 15 seconds left.
|
|t:|1783009731
|move|p2b: Raichu|Dazzling Gleam|p1a: Sinistcha|[spread] p1a,p1b
|-damage|p1a: Sinistcha|55/100
|-damage|p1b: Archaludon|27/100
|-ability|p1b: Archaludon|Stamina|boost
|-boost|p1b: Archaludon|def|1
|move|p2a: Staraptor|Brave Bird|p1a: Sinistcha
|-supereffective|p1a: Sinistcha|1
|-damage|p1a: Sinistcha|0 fnt
|faint|p1a: Sinistcha
|-damage|p2a: Staraptor|80/100|[from] Recoil
|move|p1b: Archaludon|Dragon Pulse|p2b: Raichu
|-damage|p2b: Raichu|38/100
|
|-weather|RainDance|[upkeep]
|-heal|p1b: Archaludon|33/100|[from] item: Leftovers
|-sideend|p2: syahrunn|move: Tailwind
|upkeep
|turn|7
|
|t:|1783009752
|move|p1b: Archaludon|Protect|p1b: Archaludon
|-singleturn|p1b: Archaludon|Protect
|move|p2b: Raichu|Zap Cannon|p1b: Archaludon
|-activate|p1b: Archaludon|move: Protect
|move|p2a: Staraptor|Close Combat|p1b: Archaludon
|-activate|p1b: Archaludon|move: Protect
|
|-weather|RainDance|[upkeep]
|-heal|p1b: Archaludon|39/100|[from] item: Leftovers
|upkeep
|turn|8
|
|t:|1783009761
|move|p2a: Staraptor|Close Combat|p1b: Archaludon
|-supereffective|p1b: Archaludon|1
|-damage|p1b: Archaludon|5/100
|-boost|p2a: Staraptor|def|1
|-boost|p2a: Staraptor|spd|1
|-ability|p1b: Archaludon|Stamina|boost
|-boost|p1b: Archaludon|def|1
|move|p2b: Raichu|Zap Cannon|p1b: Archaludon|[miss]
|-miss|p2b: Raichu|p1b: Archaludon
|move|p1b: Archaludon|Dragon Pulse|p2b: Raichu
|-damage|p2b: Raichu|0 fnt
|faint|p2b: Raichu
|
|-weather|RainDance|[upkeep]
|-heal|p1b: Archaludon|11/100|[from] item: Leftovers
|upkeep
|turn|9
|
|t:|1783009773
|move|p1b: Archaludon|Protect|p1b: Archaludon
|-singleturn|p1b: Archaludon|Protect
|move|p2a: Staraptor|Close Combat|p1b: Archaludon
|-activate|p1b: Archaludon|move: Protect
|
|-weather|none
|-heal|p1b: Archaludon|17/100|[from] item: Leftovers
|upkeep
|turn|10
|
|t:|1783009779
|move|p2a: Staraptor|Close Combat|p1b: Archaludon
|-supereffective|p1b: Archaludon|1
|-damage|p1b: Archaludon|0 fnt
|-boost|p2a: Staraptor|def|1
|-boost|p2a: Staraptor|spd|1
|faint|p1b: Archaludon
|
|win|syahrunn
||erz123456 is ready for game 2.
