|j|☆KingLordNiklas
|j|☆Pokeventurer
|html|KingLordNiklasPokeventurer    
|uhtml|bestof|Game 1 of a best-of-3
|t:|1757835290
|gametype|doubles
|player|p1|KingLordNiklas|lucas|1045
|player|p2|Pokeventurer|102|1122
|gen|9
|tier|[Gen 9] VGC 2025 Reg H (Bo3)
|rated|
|rule|Species Clause: Limit one of each Pokémon
|rule|Item Clause: Limit 1 of each item
|clearpoke
|poke|p1|Dragapult, L50, F|
|poke|p1|Kingambit, L50, M|
|poke|p1|Sneasler, L50, M|
|poke|p1|Rillaboom, L50, M|
|poke|p1|Magmar, L50, F|
|poke|p1|Primarina, L50, F|
|poke|p2|Incineroar, L50, F|
|poke|p2|Ursaluna-Bloodmoon, L50, M|
|poke|p2|Gholdengo, L50|
|poke|p2|Dragonite, L50, M|
|poke|p2|Sneasler, L50, M|
|poke|p2|Amoonguss, L50, M|
|teampreview|4
|showteam|p1|Dragapult||ChoiceBand|ClearBody|DragonDarts,Outrage,Uturn,PhantomForce|||F|||50|,,,,,Dragon]Kingambit||BlackGlasses|Defiant|KowtowCleave,SuckerPunch,SwordsDance,Protect|||M|||50|,,,,,Dark]Sneasler||FocusSash|PoisonTouch|CloseCombat,DireClaw,FakeOut,Protect|||M|||50|,,,,,Ghost]Rillaboom||AssaultVest|GrassySurge|FakeOut,WoodHammer,GrassyGlide,Uturn|||M|||50|,,,,,Fire]Magmar||Eviolite|VitalSpirit|Overheat,WillOWisp,Protect,FollowMe|||F|||50|,,,,,Ghost]Primarina||SitrusBerry|LiquidVoice|HyperVoice,Moonblast,Haze,Protect|||F|||50|,,,,,Poison
|showteam|p2|Incineroar||SafetyGoggles|Intimidate|FlareBlitz,KnockOff,PartingShot,FakeOut|||F|||50|,,,,,Ghost]Ursaluna-Bloodmoon||AssaultVest|MindsEye|HyperVoice,BloodMoon,EarthPower,VacuumWave|||M|||50|,,,,,Water]Gholdengo||LifeOrb|GoodasGold|MakeItRain,ShadowBall,NastyPlot,Protect||||||50|,,,,,Water]Dragonite||LoadedDice|InnerFocus|ScaleShot,Tailwind,Haze,ExtremeSpeed|||M|||50|,,,,,Fairy]Sneasler||FocusSash|Unburden|CloseCombat,DireClaw,FakeOut,Feint|||M|||50|,,,,,Stellar]Amoonguss||CovertCloak|Regenerator|PollenPuff,RagePowder,Spore,Protect|||M|||50|,,,,,Water
|inactive|Battle timer is ON: inactive players will automatically lose when time's up. (requested by KingLordNiklas)
|inactive|KingLordNiklas has 60 seconds left.
|inactive|Pokeventurer has 60 seconds left.
|inactive|Pokeventurer has 30 seconds left.
|inactive|Pokeventurer has 20 seconds left.
|inactive|Pokeventurer has 15 seconds left.
|inactive|Pokeventurer has 10 seconds left.
|
|t:|1757835372
|teamsize|p1|4
|teamsize|p2|4
|start
|switch|p1a: Dragapult|Dragapult, L50, F|100/100
|switch|p1b: Rillaboom|Rillaboom, L50, M|100/100
|switch|p2a: Incineroar|Incineroar, L50, F|100/100
|switch|p2b: Dragonite|Dragonite, L50, M|100/100
|-fieldstart|move: Grassy Terrain|[from] ability: Grassy Surge|[of] p1b: Rillaboom
|-ability|p2a: Incineroar|Intimidate|boost
|-fail|p1a: Dragapult|unboost|[from] ability: Clear Body|[of] p1a: Dragapult
|-unboost|p1b: Rillaboom|atk|1
|turn|1
|inactive|KingLordNiklas has 30 seconds left.
|
|t:|1757835399
|-terastallize|p2b: Dragonite|Fairy
|move|p1b: Rillaboom|Fake Out|p2a: Incineroar
|-damage|p2a: Incineroar|91/100
|move|p1a: Dragapult|U-turn|p2b: Dragonite
|-resisted|p2b: Dragonite
|-damage|p2b: Dragonite|80/100
|
|t:|1757835410
|switch|p1a: Magmar|Magmar, L50, F|100/100|[from] U-turn
|move|p2b: Dragonite|Scale Shot|p1a: Magmar
|-damage|p1a: Magmar|88/100
|-damage|p1a: Magmar|75/100
|-damage|p1a: Magmar|63/100
|-damage|p1a: Magmar|50/100
|-hitcount|p1a: Magmar|4
|-unboost|p2b: Dragonite|def|1
|-boost|p2b: Dragonite|spe|1
|cant|p2a: Incineroar|flinch
|
|-heal|p2b: Dragonite|86/100|[from] Grassy Terrain
|-heal|p1a: Magmar|56/100|[from] Grassy Terrain
|-heal|p2a: Incineroar|97/100|[from] Grassy Terrain
|upkeep
|turn|2
|inactive|KingLordNiklas has 30 seconds left.
|inactive|Pokeventurer has 30 seconds left.
|inactive|KingLordNiklas has 20 seconds left.
|inactive|Pokeventurer has 20 seconds left.
|inactive|KingLordNiklas has 15 seconds left.
|inactive|Pokeventurer has 15 seconds left.
|inactive|KingLordNiklas has 10 seconds left.
|inactive|KingLordNiklas has 5 seconds left.
|
|t:|1757835463
|move|p1a: Magmar|Protect|p1a: Magmar
|-singleturn|p1a: Magmar|Protect
|move|p2b: Dragonite|Tailwind|p2b: Dragonite
|-sidestart|p2: Pokeventurer|move: Tailwind
|move|p2a: Incineroar|Knock Off|p1a: Magmar
|-activate|p1a: Magmar|move: Protect
|move|p1b: Rillaboom|U-turn|p2a: Incineroar
|-damage|p2a: Incineroar|82/100
|
|t:|1757835477
|switch|p1b: Kingambit|Kingambit, L50, M|100/100|[from] U-turn
|
|-heal|p2b: Dragonite|92/100|[from] Grassy Terrain
|-heal|p2a: Incineroar|88/100|[from] Grassy Terrain
|-heal|p1a: Magmar|62/100|[from] Grassy Terrain
|upkeep
|turn|3
|inactive|KingLordNiklas has 30 seconds left.
|inactive|Pokeventurer has 30 seconds left.
|inactive|KingLordNiklas has 20 seconds left.
|
|t:|1757835513
|switch|p1a: Rillaboom|Rillaboom, L50, M|100/100
|move|p1b: Kingambit|Protect|p1b: Kingambit
|-singleturn|p1b: Kingambit|Protect
|move|p2b: Dragonite|Scale Shot|p1a: Rillaboom
|-damage|p1a: Rillaboom|86/100
|-damage|p1a: Rillaboom|71/100
|-damage|p1a: Rillaboom|58/100
|-damage|p1a: Rillaboom|41/100
|-hitcount|p1a: Rillaboom|4
|-unboost|p2b: Dragonite|def|1
|-boost|p2b: Dragonite|spe|1
|move|p2a: Incineroar|Knock Off|p1a: Rillaboom
|-damage|p1a: Rillaboom|3/100
|-enditem|p1a: Rillaboom|Assault Vest|[from] move: Knock Off|[of] p2a: Incineroar
|
|-heal|p2b: Dragonite|98/100|[from] Grassy Terrain
|-heal|p2a: Incineroar|94/100|[from] Grassy Terrain
|-heal|p1a: Rillaboom|9/100|[from] Grassy Terrain
|upkeep
|turn|4
|inactive|KingLordNiklas has 30 seconds left.
|
|t:|1757835546
|move|p1a: Rillaboom|Fake Out|p2a: Incineroar
|-damage|p2a: Incineroar|81/100
|move|p2b: Dragonite|Extreme Speed|p1a: Rillaboom
|-damage|p1a: Rillaboom|0 fnt
|faint|p1a: Rillaboom
|cant|p2a: Incineroar|flinch
|move|p1b: Kingambit|Kowtow Cleave|p2b: Dragonite
|-resisted|p2b: Dragonite
|-damage|p2b: Dragonite|27/100
|
|-heal|p2b: Dragonite|33/100|[from] Grassy Terrain
|-heal|p2a: Incineroar|87/100|[from] Grassy Terrain
|upkeep
|
|t:|1757835565
|switch|p1a: Magmar|Magmar, L50, F|62/100
|turn|5
|inactive|KingLordNiklas has 30 seconds left.
|
|t:|1757835593
|move|p2b: Dragonite|Extreme Speed|p1b: Kingambit
|-resisted|p1b: Kingambit
|-damage|p1b: Kingambit|88/100
|move|p2a: Incineroar|Flare Blitz|p1b: Kingambit
|-supereffective|p1b: Kingambit
|-damage|p1b: Kingambit|9/100
|-damage|p2a: Incineroar|60/100|[from] Recoil
|move|p1a: Magmar|Overheat|p2b: Dragonite
|-damage|p2b: Dragonite|0 fnt
|-unboost|p1a: Magmar|spa|2
|faint|p2b: Dragonite
|move|p1b: Kingambit|Swords Dance|p1b: Kingambit
|-boost|p1b: Kingambit|atk|2
|
|-heal|p2a: Incineroar|66/100|[from] Grassy Terrain
|-heal|p1a: Magmar|68/100|[from] Grassy Terrain
|-heal|p1b: Kingambit|15/100|[from] Grassy Terrain
|-sideend|p2: Pokeventurer|move: Tailwind
|-fieldend|move: Grassy Terrain
|upkeep
|
|t:|1757835606
|switch|p2b: Sneasler|Sneasler, L50, M|100/100
|turn|6
|inactive|KingLordNiklas has 30 seconds left.
|
|t:|1757835633
|move|p1b: Kingambit|Protect|p1b: Kingambit
|-singleturn|p1b: Kingambit|Protect
|move|p2b: Sneasler|Fake Out|p1b: Kingambit
|-activate|p1b: Kingambit|move: Protect
|move|p1a: Magmar|Will-O-Wisp|p2b: Sneasler
|-status|p2b: Sneasler|brn
|move|p2a: Incineroar|Knock Off|p1a: Magmar
|-damage|p1a: Magmar|34/100
|-enditem|p1a: Magmar|Eviolite|[from] move: Knock Off|[of] p2a: Incineroar
|
|-damage|p2b: Sneasler|95/100 brn|[from] brn
|upkeep
|turn|7
|inactive|KingLordNiklas has 30 seconds left.
|inactive|KingLordNiklas has 20 seconds left.
|inactive|KingLordNiklas has 15 seconds left.
|
|t:|1757835677
|switch|p1a: Dragapult|Dragapult, L50, F|100/100
|move|p1b: Kingambit|Sucker Punch|p2a: Incineroar
|-resisted|p2a: Incineroar
|-damage|p2a: Incineroar|19/100
|move|p2b: Sneasler|Close Combat|p1a: Dragapult
|-immune|p1a: Dragapult
|move|p2a: Incineroar|Flare Blitz|p1b: Kingambit
|-supereffective|p1b: Kingambit
|-damage|p1b: Kingambit|0 fnt
|faint|p1b: Kingambit
|-damage|p2a: Incineroar|14/100|[from] Recoil
|
|-damage|p2b: Sneasler|89/100 brn|[from] brn
|upkeep
|
|t:|1757835686
|switch|p1b: Magmar|Magmar, L50, F|34/100
|turn|8
|inactive|Pokeventurer has 30 seconds left.
|
|t:|1757835715
|-terastallize|p1a: Dragapult|Dragon
|move|p1b: Magmar|Protect|p1b: Magmar
|-singleturn|p1b: Magmar|Protect
|move|p1a: Dragapult|Dragon Darts|p2b: Sneasler
|-damage|p2b: Sneasler|2/100 brn
|-anim|p1a: Dragapult|Dragon Darts|p2a: Incineroar
|-damage|p2a: Incineroar|0 fnt
|faint|p2a: Incineroar
|move|p2b: Sneasler|Close Combat|p1b: Magmar
|-activate|p1b: Magmar|move: Protect
|
|-damage|p2b: Sneasler|0 fnt|[from] brn
|faint|p2b: Sneasler
|upkeep
|
|t:|1757835720
|switch|p2a: Ursaluna|Ursaluna-Bloodmoon, L50, M|100/100
|turn|9
|
|t:|1757835730
|move|p1a: Dragapult|Dragon Darts|p2a: Ursaluna
|-damage|p2a: Ursaluna|64/100
|-anim|p1a: Dragapult|Dragon Darts|p2a: Ursaluna
|-damage|p2a: Ursaluna|21/100
|move|p1b: Magmar|Overheat|p2a: Ursaluna
|-damage|p2a: Ursaluna|0 fnt
|-unboost|p1b: Magmar|spa|2
|faint|p2a: Ursaluna
|
|win|KingLordNiklas
||KingLordNiklas is ready for game 2.
|inactive|Pokeventurer has 30 seconds to confirm battle start!
||Pokeventurer is ready for game 2.
|uhtml|next|Next: Game 2 of 3
