|j|☆dentrolin
|j|☆AudaxVGC
|html|dentrolinAudaxVGC    
|uhtml|bestof|Game 1 of a best-of-3
|t:|1782249206
|gametype|doubles
|player|p1|dentrolin|cynthia|1091
|player|p2|AudaxVGC|102|1000
|gen|9
|tier|[Gen 9 Champions] VGC 2026 Reg M-B (Bo3)
|rated|
|rule|Species Clause: Limit one of each Pokémon
|rule|Item Clause: Limit 1 of each item
|clearpoke
|poke|p1|Charizard, L50, F|
|poke|p1|Garchomp, L50, M|
|poke|p1|Whimsicott, L50, M|
|poke|p1|Floette-Eternal, L50, F|
|poke|p1|Basculegion, L50, M|
|poke|p1|Incineroar, L50, F|
|poke|p2|Heracross, L50, M|
|poke|p2|Vanilluxe, L50, F|
|poke|p2|Incineroar, L50, F|
|poke|p2|Raichu, L50, F|
|poke|p2|Musharna, L50, F|
|poke|p2|Basculegion, L50, M|
|teampreview|4
|showteam|p1|Charizard||CharizarditeY|SolarPower|HeatWave,WeatherBall,SolarBeam,Protect|Timid||F|||50|]Garchomp||LifeOrb|RoughSkin|Earthquake,DragonClaw,RockSlide,Protect|Jolly||M|||50|]Whimsicott||FocusSash|Prankster|Moonblast,Tailwind,Encore,Protect|Timid||M|||50|]Floette-Eternal||Floettite|FlowerVeil|Moonblast,DazzlingGleam,LightofRuin,Protect|Timid||F|||50|]Basculegion||MysticWater|Adaptability|WaveCrash,LastRespects,AquaJet,Protect|Adamant||M|||50|]Incineroar||SitrusBerry|Intimidate|FlareBlitz,ThroatChop,FakeOut,PartingShot|Careful||F|||50|
|showteam|p2|Heracross||Heracronite|Guts|PinMissile,CloseCombat,RockBlast,Protect|Adamant||M|||50|]Vanilluxe||LightClay|SnowWarning|AuroraVeil,AllySwitch,IcyWind,Taunt|Calm||F|||50|]Incineroar||SitrusBerry|Intimidate|FakeOut,HelpingHand,PartingShot,ThroatChop|Careful||F|||50|]Raichu||Magnet|LightningRod|FakeOut,Nuzzle,VoltSwitch,Protect|Timid||F|||50|]Musharna||ColburBerry|Synchronize|TrickRoom,AllySwitch,FutureSight,Yawn|Sassy||F|||50|]Basculegion||MysticWater|Adaptability|AquaJet,WaveCrash,LastRespects,Soak|Adamant||M|||50|
|inactive|Battle timer is ON: inactive players will automatically lose when time's up. (requested by AudaxVGC)
|inactive|dentrolin has 60 seconds left.
|
|t:|1782249260
|teamsize|p1|4
|teamsize|p2|4
|start
|switch|p1a: Incineroar|Incineroar, L50, F|100/100
|switch|p1b: Floette|Floette-Eternal, L50, F|100/100
|switch|p2a: Musharna|Musharna, L50, F|100/100
|switch|p2b: Raichu|Raichu, L50, F|100/100
|-ability|p1a: Incineroar|Intimidate|boost
|-unboost|p2a: Musharna|atk|1
|-unboost|p2b: Raichu|atk|1
|turn|1
|inactive|dentrolin has 30 seconds left.
|inactive|AudaxVGC has 30 seconds left.
|
|t:|1782249286
|switch|p2a: Incineroar|Incineroar, L50, F|100/100
|-ability|p2a: Incineroar|Intimidate|boost
|-unboost|p1a: Incineroar|atk|1
|-unboost|p1b: Floette|atk|1
|move|p1b: Floette|Protect|p1b: Floette
|-singleturn|p1b: Floette|Protect
|move|p2b: Raichu|Nuzzle|p1b: Floette
|-activate|p1b: Floette|move: Protect
|move|p1a: Incineroar|Parting Shot|p2b: Raichu
|-unboost|p2b: Raichu|atk|1
|-unboost|p2b: Raichu|spa|1
|
|t:|1782249296
|switch|p1a: Garchomp|Garchomp, L50, M|100/100|[from] Parting Shot
|
|upkeep
|turn|2
|inactive|dentrolin has 30 seconds left.
|
|t:|1782249329
|switch|p1b: Incineroar|Incineroar, L50, F|100/100
|-ability|p1b: Incineroar|Intimidate|boost
|-unboost|p2a: Incineroar|atk|1
|-unboost|p2b: Raichu|atk|1
|move|p2a: Incineroar|Fake Out|p1a: Garchomp
|-damage|p1a: Garchomp|93/100
|-damage|p2a: Incineroar|87/100|[from] ability: Rough Skin|[of] p1a: Garchomp
|move|p2b: Raichu|Nuzzle|p1b: Incineroar
|-damage|p1b: Incineroar|97/100
|-status|p1b: Incineroar|par
|cant|p1a: Garchomp|flinch
|
|upkeep
|turn|3
|inactive|AudaxVGC has 30 seconds left.
|
|t:|1782249356
|switch|p2a: Musharna|Musharna, L50, F|100/100
|move|p1b: Incineroar|Fake Out|p2a: Musharna
|-crit|p2a: Musharna
|-damage|p2a: Musharna|84/100
|move|p2b: Raichu|Volt Switch|p1b: Incineroar
|-damage|p1b: Incineroar|77/100 par
|
|t:|1782249365
|switch|p2b: Incineroar|Incineroar, L50, F|87/100|[from] Volt Switch
|-ability|p2b: Incineroar|Intimidate|boost
|-unboost|p1a: Garchomp|atk|1
|-unboost|p1b: Incineroar|atk|1
|move|p1a: Garchomp|Earthquake|p2b: Incineroar|[spread] p1b,p2a,p2b
|-supereffective|p1b: Incineroar|1
|-supereffective|p2b: Incineroar|1
|-damage|p1b: Incineroar|23/100 par
|-damage|p2a: Musharna|57/100
|-damage|p2b: Incineroar|21/100
|-enditem|p2b: Incineroar|Sitrus Berry|[eat]
|-heal|p2b: Incineroar|46/100|[from] item: Sitrus Berry
|-enditem|p1b: Incineroar|Sitrus Berry|[eat]
|-heal|p1b: Incineroar|48/100 par|[from] item: Sitrus Berry
|-damage|p1a: Garchomp|83/100|[from] item: Life Orb
|
|upkeep
|turn|4
|inactive|AudaxVGC has 30 seconds left.
|inactive|AudaxVGC has 20 seconds left.
|
|t:|1782249401
|move|p1a: Garchomp|Protect|p1a: Garchomp
|-singleturn|p1a: Garchomp|Protect
|move|p2b: Incineroar|Fake Out|p1a: Garchomp
|-activate|p1a: Garchomp|move: Protect
|cant|p1b: Incineroar|par
|move|p2a: Musharna|Yawn|p1a: Garchomp
|-activate|p1a: Garchomp|move: Protect
|
|upkeep
|turn|5
|
|t:|1782249420
|move|p1a: Garchomp|Earthquake|p2a: Musharna|[spread] p1b,p2a,p2b
|-supereffective|p1b: Incineroar|1
|-supereffective|p2b: Incineroar|1
|-damage|p1b: Incineroar|0 fnt
|-damage|p2a: Musharna|26/100
|-damage|p2b: Incineroar|0 fnt
|faint|p1b: Incineroar
|faint|p2b: Incineroar
|-damage|p1a: Garchomp|73/100|[from] item: Life Orb
|move|p2a: Musharna|Future Sight|p1a: Garchomp
|-start|p2a: Musharna|move: Future Sight
|
|upkeep
|
|t:|1782249429
|switch|p1b: Whimsicott|Whimsicott, L50, M|100/100
|switch|p2b: Heracross|Heracross, L50, M|100/100
|turn|6
|
|t:|1782249446
|detailschange|p2b: Heracross|Heracross-Mega, L50, M
|-mega|p2b: Heracross|Heracross|Heracronite
|move|p1a: Garchomp|Protect|p1a: Garchomp
|-singleturn|p1a: Garchomp|Protect
|move|p2a: Musharna|Ally Switch|p2a: Musharna
|swap|p2a: Musharna|1|[from] move: Ally Switch
|move|p1b: Whimsicott|Moonblast|p2b: Musharna
|-damage|p2b: Musharna|4/100
|move|p2a: Heracross|Pin Missile|p1b: Whimsicott
|-damage|p1b: Whimsicott|71/100
|-damage|p1b: Whimsicott|42/100
|-damage|p1b: Whimsicott|11/100
|-damage|p1b: Whimsicott|0 fnt
|faint|p1b: Whimsicott
|-hitcount|p1: Whimsicott|4
|
|upkeep
|
|t:|1782249457
|switch|p1b: Floette|Floette-Eternal, L50, F|100/100
|turn|7
|
|t:|1782249482
|detailschange|p1b: Floette|Floette-Mega, L50, F
|-mega|p1b: Floette|Floette|Floettite
|-ability|p1b: Floette|Fairy Aura
|move|p1a: Garchomp|Rock Slide|p2a: Heracross|[spread] p2a,p2b
|-damage|p2a: Heracross|86/100
|-damage|p2b: Musharna|0 fnt
|faint|p2b: Musharna
|-damage|p1a: Garchomp|64/100|[from] item: Life Orb
|move|p1b: Floette|Dazzling Gleam|p2a: Heracross
|-supereffective|p2a: Heracross|1
|-damage|p2a: Heracross|0 fnt
|faint|p2a: Heracross
|
|-end|p1a: Garchomp|move: Future Sight
|-damage|p1a: Garchomp|19/100
|upkeep
|
|t:|1782249493
|switch|p2b: Raichu|Raichu, L50, F|100/100
|turn|8
|
|t:|1782249500
|move|p2b: Raichu|Protect|p2b: Raichu
|-singleturn|p2b: Raichu|Protect
|move|p1b: Floette|Protect|p1b: Floette
|-singleturn|p1b: Floette|Protect
|move|p1a: Garchomp|Protect||[still]
|-fail|p1a: Garchomp
|
|upkeep
|turn|9
|
|t:|1782249509
|move|p2b: Raichu|Nuzzle|p1b: Floette
|-damage|p1b: Floette|91/100
|-status|p1b: Floette|par
|move|p1a: Garchomp|Dragon Claw|p2b: Raichu
|-damage|p2b: Raichu|23/100
|-damage|p1a: Garchomp|10/100|[from] item: Life Orb
|move|p1b: Floette|Moonblast|p2b: Raichu
|-damage|p2b: Raichu|0 fnt
|faint|p2b: Raichu
|
|win|dentrolin
