|j|鈽唖nailboss
|j|鈽哃emonLimeScizor
|html|snailbossLemonLimeScizor    
|uhtml|bestof|Game 3 of a best-of-3
|t:|1756517047
|gametype|doubles
|player|p1|snailboss|102|1151
|player|p2|LemonLimeScizor|drayden|1000
|gen|9
|tier|[Gen 9] VGC 2025 Reg H (Bo3)
|rated|
|rule|Species Clause: Limit one of each Pok茅mon
|rule|Item Clause: Limit 1 of each item
|clearpoke
|poke|p1|Tyranitar, L50, F|
|poke|p1|Excadrill, L50, F|
|poke|p1|Indeedee-F, L50, F|
|poke|p1|Zoroark-Hisui, L50, F|
|poke|p1|Corviknight, L50, F|
|poke|p1|Amoonguss, L50, F|
|poke|p2|Serperior, L50, M|
|poke|p2|Incineroar, L50, F|
|poke|p2|Primarina, L50, M|
|poke|p2|Archaludon, L50, F|
|poke|p2|Murkrow, L50, M|
|poke|p2|Sneasler, L50, F|
|teampreview|4
|showteam|p1|Tyranitar||AssaultVest|SandStream|RockSlide,KnockOff,LowKick,TeraBlast|||F|||50|,,,,,Flying]Excadrill||FocusSash|SandRush|IronHead,Protect,SwordsDance,Earthquake|||F|||50|,,,,,Ground]Indeedee-F||SafetyGoggles|PsychicSurge|TrickRoom,FollowMe,Psychic,HelpingHand|||F|||50|,,,,,Fairy]Zoroark-Hisui||ChoiceSpecs|Illusion|HyperVoice,ShadowBall,HyperBeam,Flamethrower|||F|||50|,,,,,Normal]Corviknight||PsychicSeed|MirrorArmor|BraveBird,PowerTrip,BulkUp,Roost|||F|||50|,,,,,Dragon]Amoonguss||SitrusBerry|Regenerator|Spore,Protect,RagePowder,ClearSmog|||F|||50|,,,,,Grass
|showteam|p2|Serperior||LifeOrb|Contrary|LeafStorm,Protect,TeraBlast,Glare|||M|||50|,,,,,Stellar]Incineroar||SafetyGoggles|Intimidate|FakeOut,KnockOff,PartingShot,FlareBlitz|||F|||50|,,,,,Grass]Primarina||ThroatSpray|LiquidVoice|HyperVoice,Moonblast,Protect,IcyWind|||M|||50|,,,,,Steel]Archaludon||AssaultVest|Stamina|ElectroShot,FlashCannon,DracoMeteor,BodyPress|||F|||50|,,,,,Grass]Murkrow||Eviolite|Prankster|Tailwind,FoulPlay,Haze,RainDance|||M|||50|,,,,,Dark]Sneasler||WhiteHerb|Unburden|CloseCombat,DireClaw,Protect,ThroatChop|||F|||50|,,,,,Fairy
|c|鈽唖nailboss|did you read the exca switchin or did you think I would tera last game btw
|c|鈽唖nailboss|that was a raw asf body press
|c|鈽哃emonLimeScizor|oh i thought you would've tera
|
|t:|1756517089
|teamsize|p1|4
|teamsize|p2|4
|start
|switch|p1a: Indeedee|Indeedee-F, L50, F|100/100
|switch|p1b: Excadrill|Excadrill, L50, F|100/100
|switch|p2a: Incineroar|Incineroar, L50, F|100/100
|switch|p2b: Serperior|Serperior, L50, M|100/100
|-fieldstart|move: Psychic Terrain|[from] ability: Psychic Surge|[of] p1a: Indeedee
|-ability|p2a: Incineroar|Intimidate|boost
|-unboost|p1a: Indeedee|atk|1
|-unboost|p1b: Excadrill|atk|1
|turn|1
|
|t:|1756517110
|move|p1a: Indeedee|Follow Me|p1a: Indeedee
|-singleturn|p1a: Indeedee|move: Follow Me
|move|p2b: Serperior|Leaf Storm|p1a: Indeedee
|-damage|p1a: Indeedee|38/100
|-boost|p2b: Serperior|spa|2
|-damage|p2b: Serperior|91/100|[from] item: Life Orb
|move|p1b: Excadrill|Hyper Voice|p2a: Incineroar|[spread] p2a,p2b
|-damage|p2a: Incineroar|65/100
|-damage|p2b: Serperior|32/100
|move|p2a: Incineroar|Parting Shot|p1a: Indeedee
|-unboost|p1a: Indeedee|atk|1
|-unboost|p1a: Indeedee|spa|1
|
|t:|1756517121
|switch|p2a: Primarina|Primarina, L50, M|100/100|[from] Parting Shot
|
|upkeep
|turn|2
|
|t:|1756517138
|-terastallize|p1b: Excadrill|Normal
|move|p1a: Indeedee|Helping Hand|p1b: Excadrill
|-singleturn|p1b: Excadrill|Helping Hand|[of] p1a: Indeedee
|move|p2b: Serperior|Protect|p2b: Serperior
|-singleturn|p2b: Serperior|Protect
|move|p1b: Excadrill|Hyper Voice|p2b: Serperior|[spread] p2a
|-activate|p2b: Serperior|move: Protect
|-damage|p2a: Primarina|10/100
|move|p2a: Primarina|Hyper Voice|p1a: Indeedee|[spread] p1a,p1b
|-damage|p1a: Indeedee|8/100
|-damage|p1b: Excadrill|36/100
|replace|p1b: Zoroark|Zoroark-Hisui, L50, F
|-end|p1b: Zoroark|Illusion
|-enditem|p2a: Primarina|Throat Spray
|-boost|p2a: Primarina|spa|1|[from] item: Throat Spray
|
|upkeep
|turn|3
|
|t:|1756517161
|move|p2a: Primarina|Protect|p2a: Primarina
|-singleturn|p2a: Primarina|Protect
|move|p1a: Indeedee|Follow Me|p1a: Indeedee
|-singleturn|p1a: Indeedee|move: Follow Me
|move|p2b: Serperior|Leaf Storm|p1a: Indeedee
|-crit|p1a: Indeedee
|-damage|p1a: Indeedee|0 fnt
|-boost|p2b: Serperior|spa|2
|faint|p1a: Indeedee
|-damage|p2b: Serperior|22/100|[from] item: Life Orb
|move|p1b: Zoroark|Hyper Voice|p2b: Serperior|[spread] p2b
|-activate|p2a: Primarina|move: Protect
|-damage|p2b: Serperior|0 fnt
|faint|p2b: Serperior
|
|upkeep
|
|t:|1756517178
|switch|p2b: Sneasler|Sneasler, L50, F|100/100
|switch|p1a: Tyranitar|Tyranitar, L50, F|100/100
|-weather|Sandstorm|[from] ability: Sand Stream|[of] p1a: Tyranitar
|turn|4
|
|t:|1756517196
|-terastallize|p2b: Sneasler|Fairy
|move|p2b: Sneasler|Close Combat|p1a: Tyranitar
|-supereffective|p1a: Tyranitar
|-damage|p1a: Tyranitar|0 fnt
|-unboost|p2b: Sneasler|def|1
|-unboost|p2b: Sneasler|spd|1
|faint|p1a: Tyranitar
|-enditem|p2b: Sneasler|White Herb
|-clearnegativeboost|p2b: Sneasler|[silent]
|move|p1b: Zoroark|Hyper Voice|p2b: Sneasler|[spread] p2a,p2b
|-damage|p2a: Primarina|0 fnt
|-damage|p2b: Sneasler|4/100
|faint|p2a: Primarina
|
|-weather|Sandstorm|[upkeep]
|-damage|p2b: Sneasler|0 fnt|[from] Sandstorm
|-damage|p1b: Zoroark|30/100|[from] Sandstorm
|faint|p2b: Sneasler
|upkeep
|
|t:|1756517211
|switch|p2b: Incineroar|Incineroar, L50, F|65/100
|switch|p1a: Excadrill|Excadrill, L50, F|100/100
|-ability|p2b: Incineroar|Intimidate|boost
|-unboost|p1a: Excadrill|atk|1
|-unboost|p1b: Zoroark|atk|1
|turn|5
|
|t:|1756517219
|move|p1a: Excadrill|Swords Dance|p1a: Excadrill
|-boost|p1a: Excadrill|atk|2
|move|p1b: Zoroark|Hyper Voice|p2b: Incineroar
|-damage|p2b: Incineroar|2/100
|move|p2b: Incineroar|Flare Blitz|p1a: Excadrill
|-supereffective|p1a: Excadrill
|-enditem|p1a: Excadrill|Focus Sash
|-damage|p1a: Excadrill|1/100
|-damage|p2b: Incineroar|0 fnt|[from] Recoil
|faint|p2b: Incineroar
|
|win|snailboss
|raw|snailboss's rating: 1151 → 1166(+15 for winning)
|raw|LemonLimeScizor's rating: 1000 → 1000(+0 for losing)
|c|鈽哃emonLimeScizor|gg
|c|鈽唖nailboss|gg!
