|j|☆serbol03
|j|☆Aking2234
|html|serbol03Aking2234    
|uhtml|bestof|Game 1 of a best-of-3
|t:|1757234393
|gametype|doubles
|player|p1|serbol03|giovanni|1158
|player|p2|Aking2234|102|1099
|gen|9
|tier|[Gen 9] VGC 2025 Reg H (Bo3)
|rated|
|rule|Species Clause: Limit one of each Pokémon
|rule|Item Clause: Limit 1 of each item
|clearpoke
|poke|p1|Incineroar, L50, F|
|poke|p1|Gholdengo, L50|
|poke|p1|Amoonguss, L50, M|
|poke|p1|Pelipper, L50, M|
|poke|p1|Archaludon, L50, F|
|poke|p1|Basculegion, L50, M|
|poke|p2|Charizard, L50, F|
|poke|p2|Torkoal, L50, M|
|poke|p2|Porygon2, L50|
|poke|p2|Incineroar, L50, F|
|poke|p2|Jumpluff, L50, M|
|poke|p2|Ursaluna, L50, M|
|teampreview|4
|showteam|p1|Incineroar||SafetyGoggles|Intimidate|KnockOff,FlareBlitz,PartingShot,FakeOut|||F|||50|,,,,,Ghost]Gholdengo||LifeOrb|GoodasGold|MakeItRain,ShadowBall,NastyPlot,Protect||||||50|,,,,,Water]Amoonguss||SitrusBerry|Regenerator|PollenPuff,Spore,RagePowder,Protect|||M|||50|,,,,,Fairy]Pelipper||FocusSash|Drizzle|WeatherBall,Hurricane,Tailwind,Protect|||M|||50|,,,,,Ground]Archaludon||AssaultVest|Stamina|ElectroShot,DracoMeteor,FlashCannon,BodyPress|||F|||50|,,,,,Bug]Basculegion||ChoiceBand|SwiftSwim|WaveCrash,LastRespects,AquaJet,FlipTurn|||M|||50|,,,,,Water
|showteam|p2|Charizard||ChoiceSpecs|SolarPower|HeatWave,Overheat,WeatherBall,AirSlash|||F|||50|,,,,,Ghost]Torkoal||EjectPack|Drought|Eruption,Overheat,HelpingHand,Protect|||M|||50|,,,,,Fire]Porygon2||Eviolite|Download|IceBeam,TeraBlast,TrickRoom,Recover||||||50|,,,,,Fighting]Incineroar||SitrusBerry|Intimidate|FlareBlitz,KnockOff,FakeOut,PartingShot|||F|||50|,,,,,Ghost]Jumpluff||CovertCloak|Chlorophyll|SleepPowder,SunnyDay,RagePowder,Tailwind|||M|||50|,,,,,Water]Ursaluna||FlameOrb|Guts|HeadlongRush,Facade,Earthquake,Protect|||M|||50|,,,,,Ghost
|inactive|Battle timer is ON: inactive players will automatically lose when time's up. (requested by Aking2234)
|inactive|serbol03 has 60 seconds left.
|
|t:|1757234473
|teamsize|p1|4
|teamsize|p2|4
|start
|switch|p1a: Basculegion|Basculegion, L50, M|100/100
|switch|p1b: Archaludon|Archaludon, L50, F|100/100
|switch|p2a: Jumpluff|Jumpluff, L50, M|100/100
|switch|p2b: Porygon2|Porygon2, L50|100/100
|-ability|p2b: Porygon2|Download|boost
|-boost|p2b: Porygon2|spa|1
|turn|1
|inactive|serbol03 has 30 seconds left.
|inactive|Aking2234 has 30 seconds left.
|
|t:|1757234504
|switch|p1b: Pelipper|Pelipper, L50, M|100/100
|-weather|RainDance|[from] ability: Drizzle|[of] p1b: Pelipper
|move|p1a: Basculegion|Flip Turn|p2b: Porygon2
|-damage|p2b: Porygon2|50/100
|
|t:|1757234514
|switch|p1a: Incineroar|Incineroar, L50, F|100/100|[from] Flip Turn
|-ability|p1a: Incineroar|Intimidate|boost
|-unboost|p2a: Jumpluff|atk|1
|-unboost|p2b: Porygon2|atk|1
|move|p2a: Jumpluff|Sleep Powder|p1b: Pelipper|[miss]
|-miss|p2a: Jumpluff|p1b: Pelipper
|move|p2b: Porygon2|Ice Beam|p1a: Incineroar
|-resisted|p1a: Incineroar
|-damage|p1a: Incineroar|83/100
|
|-weather|RainDance|[upkeep]
|upkeep
|turn|2
|
|t:|1757234538
|-terastallize|p2a: Jumpluff|Water
|move|p1a: Incineroar|Fake Out|p2b: Porygon2
|-damage|p2b: Porygon2|44/100
|move|p2a: Jumpluff|Sunny Day|p2a: Jumpluff
|-weather|SunnyDay
|move|p1b: Pelipper|Hurricane|p2a: Jumpluff|[miss]
|-miss|p1b: Pelipper|p2a: Jumpluff
|cant|p2b: Porygon2|flinch
|
|-weather|SunnyDay|[upkeep]
|upkeep
|turn|3
|
|t:|1757234560
|switch|p1b: Archaludon|Archaludon, L50, F|100/100
|move|p2a: Jumpluff|Sleep Powder|p1b: Archaludon|[miss]
|-miss|p2a: Jumpluff|p1b: Archaludon
|move|p1a: Incineroar|Flare Blitz|p2b: Porygon2
|-damage|p2b: Porygon2|0 fnt
|faint|p2b: Porygon2
|-damage|p1a: Incineroar|70/100|[from] Recoil
|
|-weather|SunnyDay|[upkeep]
|upkeep
|
|t:|1757234584
|switch|p2b: Charizard|Charizard, L50, F, shiny|100/100
|turn|4
|
|t:|1757234598
|switch|p1b: Pelipper|Pelipper, L50, M|100/100
|-weather|RainDance|[from] ability: Drizzle|[of] p1b: Pelipper
|move|p2a: Jumpluff|Tailwind|p2a: Jumpluff
|-sidestart|p2: Aking2234|move: Tailwind
|move|p2b: Charizard|Air Slash|p1a: Incineroar
|-damage|p1a: Incineroar|29/100
|cant|p1a: Incineroar|flinch
|
|-weather|RainDance|[upkeep]
|upkeep
|turn|5
|
|t:|1757234622
|switch|p1a: Archaludon|Archaludon, L50, F|100/100
|move|p1b: Pelipper|Protect|p1b: Pelipper
|-singleturn|p1b: Pelipper|Protect
|move|p2a: Jumpluff|Sunny Day|p2a: Jumpluff
|-weather|SunnyDay
|move|p2b: Charizard|Air Slash|p1a: Archaludon
|-resisted|p1a: Archaludon
|-damage|p1a: Archaludon|70/100
|-ability|p1a: Archaludon|Stamina|boost
|-boost|p1a: Archaludon|def|1
|
|-weather|SunnyDay|[upkeep]
|-damage|p2b: Charizard|88/100|[from] ability: Solar Power|[of] p2b: Charizard
|upkeep
|turn|6
|inactive|serbol03 has 30 seconds left.
|inactive|serbol03 has 20 seconds left.
|inactive|serbol03 has 15 seconds left.
|inactive|serbol03 has 10 seconds left.
|inactive|serbol03 has 5 seconds left.
|
|t:|1757234674
|switch|p1b: Incineroar|Incineroar, L50, F|29/100
|-ability|p1b: Incineroar|Intimidate|boost
|-unboost|p2a: Jumpluff|atk|1
|-unboost|p2b: Charizard|atk|1
|switch|p1a: Basculegion|Basculegion, L50, M|100/100
|move|p2a: Jumpluff|Sleep Powder|p1a: Basculegion|[miss]
|-miss|p2a: Jumpluff|p1a: Basculegion
|move|p2b: Charizard|Air Slash|p1b: Incineroar
|-damage|p1b: Incineroar|0 fnt
|faint|p1b: Incineroar
|
|-weather|SunnyDay|[upkeep]
|-damage|p2b: Charizard|76/100|[from] ability: Solar Power|[of] p2b: Charizard
|upkeep
|
|t:|1757234691
|switch|p1b: Archaludon|Archaludon, L50, F|70/100
|turn|7
|
|t:|1757234698
|switch|p1b: Pelipper|Pelipper, L50, M|100/100
|-weather|RainDance|[from] ability: Drizzle|[of] p1b: Pelipper
|move|p2a: Jumpluff|Sleep Powder|p1b: Pelipper
|-status|p1b: Pelipper|slp|[from] move: Sleep Powder
|move|p2b: Charizard|Air Slash|p1a: Basculegion
|-damage|p1a: Basculegion|45/100
|move|p1a: Basculegion|Wave Crash|p2b: Charizard
|-supereffective|p2b: Charizard
|-damage|p2b: Charizard|0 fnt
|faint|p2b: Charizard
|-damage|p1a: Basculegion|25/100|[from] Recoil
|
|-weather|RainDance|[upkeep]
|-sideend|p2: Aking2234|move: Tailwind
|upkeep
|
|t:|1757234717
|switch|p2b: Torkoal|Torkoal, L50, M|100/100
|-weather|SunnyDay|[from] ability: Drought|[of] p2b: Torkoal
|turn|8
|inactive|serbol03 has 30 seconds left.
|
|t:|1757234746
|switch|p1b: Archaludon|Archaludon, L50, F|70/100
|move|p2a: Jumpluff|Rage Powder|p2a: Jumpluff
|-singleturn|p2a: Jumpluff|move: Rage Powder
|move|p1a: Basculegion|Wave Crash|p2a: Jumpluff
|-resisted|p2a: Jumpluff
|-damage|p2a: Jumpluff|76/100
|-damage|p1a: Basculegion|18/100|[from] Recoil
|move|p2b: Torkoal|Eruption|p1a: Basculegion|[spread] p1a,p1b
|-resisted|p1a: Basculegion
|-damage|p1a: Basculegion|0 fnt
|-damage|p1b: Archaludon|10/100
|-ability|p1b: Archaludon|Stamina|boost
|-boost|p1b: Archaludon|def|1
|faint|p1a: Basculegion
|
|-weather|SunnyDay|[upkeep]
|upkeep
|
|t:|1757234760
|switch|p1a: Pelipper|Pelipper, L50, M|100/100 slp
|-weather|RainDance|[from] ability: Drizzle|[of] p1a: Pelipper
|turn|9
|
|t:|1757234783
|move|p2a: Jumpluff|Sunny Day|p2a: Jumpluff
|-weather|SunnyDay
|cant|p1a: Pelipper|slp
|move|p1b: Archaludon|Draco Meteor|p2b: Torkoal
|-crit|p2b: Torkoal
|-damage|p2b: Torkoal|0 fnt
|-unboost|p1b: Archaludon|spa|2
|faint|p2b: Torkoal
|
|-weather|SunnyDay|[upkeep]
|upkeep
|turn|10
|-message|Aking2234 forfeited.
|
|win|serbol03
