|j|☆tumperino
|j|☆That1Morpecko
|html|tumperinoThat1Morpecko    
|uhtml|bestof|Game 1 of a best-of-3
|t:|1782506111
|gametype|doubles
|player|p1|tumperino|266|1000
|player|p2|That1Morpecko|hiker-gen4|1070
|gen|9
|tier|[Gen 9 Champions] VGC 2026 Reg M-B (Bo3)
|rated|
|rule|Species Clause: Limit one of each Pokémon
|rule|Item Clause: Limit 1 of each item
|clearpoke
|poke|p1|Garchomp, L50, M|
|poke|p1|Charizard, L50, M|
|poke|p1|Venusaur, L50, M|
|poke|p1|Metagross, L50|
|poke|p1|Incineroar, L50, M|
|poke|p1|Sylveon, L50, M|
|poke|p2|Sinistcha, L50|
|poke|p2|Incineroar, L50, M|
|poke|p2|Milotic, L50, F|
|poke|p2|Raichu, L50, F|
|poke|p2|Floette-Eternal, L50, F|
|poke|p2|Ceruledge, L50, M|
|teampreview|4
|showteam|p1|Garchomp||ChoiceScarf|RoughSkin|Earthquake,DragonClaw,StompingTantrum,RockSlide|Adamant||M|||50|]Charizard||CharizarditeY|Blaze|HeatWave,SolarBeam,WeatherBall,Protect|Modest||M|||50|]Venusaur||FocusSash|Chlorophyll|SleepPowder,SludgeBomb,EarthPower,Protect|Timid||M|||50|]Metagross||Metagrossite|ClearBody|IronHead,IcePunch,RockTomb,Protect|Jolly|||||50|]Incineroar||SitrusBerry|Intimidate|FlareBlitz,FakeOut,PartingShot,ThroatChop|Careful||M|||50|]Sylveon||FairyFeather|Pixilate|HyperVoice,QuickAttack,Yawn,Protect|Modest||M|||50|
|showteam|p2|Sinistcha||KasibBerry|Hospitality|MatchaGotcha,LifeDew,RagePowder,Protect|Relaxed|||||50|]Incineroar||SitrusBerry|Intimidate|FlareBlitz,ThroatChop,FakeOut,PartingShot|Impish||M|||50|]Milotic||Leftovers|Competitive|MuddyWater,Coil,Hypnosis,Protect|Calm||F|||50|]Raichu||RaichuniteY|LightningRod|ZapCannon,FocusBlast,FakeOut,Protect|Timid||F|||50|]Floette-Eternal||Floettite|FlowerVeil|DazzlingGleam,DrainingKiss,CalmMind,Protect|Timid||F|||50|]Ceruledge||ColburBerry|FlashFire|BitterBlade,ShadowSneak,BulkUp,Protect|Adamant||M|||50|
|inactive|Battle timer is ON: inactive players will automatically lose when time's up. (requested by tumperino)
|inactive|That1Morpecko also wants the timer to be on.
|inactive|tumperino has 60 seconds left.
|inactive|That1Morpecko has 60 seconds left.
|
|t:|1782506158
|teamsize|p1|4
|teamsize|p2|4
|start
|switch|p1a: Sylveon|Sylveon, L50, M|100/100
|switch|p1b: Garchomp|Garchomp, L50, M|100/100
|switch|p2a: Ceruledge|Ceruledge, L50, M|100/100
|switch|p2b: Incineroar|Incineroar, L50, M|100/100
|-ability|p2b: Incineroar|Intimidate|boost
|-unboost|p1a: Sylveon|atk|1
|-unboost|p1b: Garchomp|atk|1
|turn|1
|
|t:|1782506180
|move|p1a: Sylveon|Protect|p1a: Sylveon
|-singleturn|p1a: Sylveon|Protect
|move|p2b: Incineroar|Fake Out|p1b: Garchomp
|-damage|p1b: Garchomp|89/100
|-damage|p2b: Incineroar|87/100|[from] ability: Rough Skin|[of] p1b: Garchomp
|cant|p1b: Garchomp|flinch
|move|p2a: Ceruledge|Bulk Up|p2a: Ceruledge
|-boost|p2a: Ceruledge|atk|1
|-boost|p2a: Ceruledge|def|1
|
|upkeep
|turn|2
|
|t:|1782506205
|move|p2a: Ceruledge|Protect|p2a: Ceruledge
|-singleturn|p2a: Ceruledge|Protect
|move|p1b: Garchomp|Stomping Tantrum|p2a: Ceruledge
|-activate|p2a: Ceruledge|move: Protect
|move|p1a: Sylveon|Yawn|p2a: Ceruledge
|-activate|p2a: Ceruledge|move: Protect
|move|p2b: Incineroar|Parting Shot|p1b: Garchomp
|-unboost|p1b: Garchomp|atk|1
|-unboost|p1b: Garchomp|spa|1
|
|t:|1782506216
|switch|p2b: Sinistcha|Sinistcha, L50|100/100|[from] Parting Shot
|
|upkeep
|turn|3
|
|t:|1782506224
|switch|p1b: Incineroar|Incineroar, L50, M|100/100
|-ability|p1b: Incineroar|Intimidate|boost
|-unboost|p2a: Ceruledge|atk|1
|-unboost|p2b: Sinistcha|atk|1
|move|p2b: Sinistcha|Rage Powder|p2b: Sinistcha
|-singleturn|p2b: Sinistcha|move: Rage Powder
|move|p2a: Ceruledge|Shadow Sneak|p1b: Incineroar
|-resisted|p1b: Incineroar|1
|-damage|p1b: Incineroar|90/100
|move|p1a: Sylveon|Yawn|p2b: Sinistcha
|-start|p2b: Sinistcha|move: Yawn|[of] p1a: Sylveon
|
|upkeep
|turn|4
|inactive|tumperino has 30 seconds left.
|inactive|tumperino has 20 seconds left.
|
|t:|1782506259
|switch|p2b: Incineroar|Incineroar, L50, M|87/100
|-ability|p2b: Incineroar|Intimidate|boost
|-unboost|p1a: Sylveon|atk|1
|-unboost|p1b: Incineroar|atk|1
|move|p2a: Ceruledge|Bulk Up|p2a: Ceruledge
|-boost|p2a: Ceruledge|atk|1
|-boost|p2a: Ceruledge|def|1
|move|p1a: Sylveon|Hyper Voice|p2b: Incineroar|[spread] p2a,p2b
|-resisted|p2a: Ceruledge|1
|-damage|p2a: Ceruledge|75/100
|-damage|p2b: Incineroar|47/100
|-enditem|p2b: Incineroar|Sitrus Berry|[eat]
|-heal|p2b: Incineroar|71/100|[from] item: Sitrus Berry
|move|p1b: Incineroar|Throat Chop|p2b: Incineroar
|-resisted|p2b: Incineroar|1
|-damage|p2b: Incineroar|63/100
|-start|p2b: Incineroar|Throat Chop|[silent]
|
|upkeep
|turn|5
|inactive|That1Morpecko has 30 seconds left.
|
|t:|1782506290
|switch|p2b: Sinistcha|Sinistcha, L50|100/100
|-heal|p2a: Ceruledge|100/100|[from] ability: Hospitality|[of] p2b: Sinistcha
|move|p2a: Ceruledge|Bitter Blade|p1a: Sylveon
|-damage|p1a: Sylveon|21/100
|move|p1a: Sylveon|Hyper Voice|p2b: Sinistcha|[spread] p2a,p2b
|-resisted|p2a: Ceruledge|1
|-damage|p2a: Ceruledge|75/100
|-damage|p2b: Sinistcha|52/100
|move|p1b: Incineroar|Parting Shot|p2a: Ceruledge
|-unboost|p2a: Ceruledge|atk|1
|-unboost|p2a: Ceruledge|spa|1
|
|t:|1782506302
|switch|p1b: Garchomp|Garchomp, L50, M|89/100|[from] Parting Shot
|
|upkeep
|turn|6
|
|t:|1782506321
|move|p2a: Ceruledge|Protect|p2a: Ceruledge
|-singleturn|p2a: Ceruledge|Protect
|move|p1b: Garchomp|Earthquake|p2b: Sinistcha|[spread] p1a,p2b
|-activate|p2a: Ceruledge|move: Protect
|-crit|p1a: Sylveon
|-resisted|p2b: Sinistcha|1
|-damage|p1a: Sylveon|0 fnt
|-damage|p2b: Sinistcha|35/100
|faint|p1a: Sylveon
|move|p2b: Sinistcha|Matcha Gotcha|p1b: Garchomp
|-damage|p1b: Garchomp|50/100g
|-heal|p2b: Sinistcha|56/100|[from] drain|[of] p1b: Garchomp
|
|upkeep
|
|t:|1782506333
|switch|p1a: Incineroar|Incineroar, L50, M|90/100
|-ability|p1a: Incineroar|Intimidate|boost
|-unboost|p2a: Ceruledge|atk|1
|-unboost|p2b: Sinistcha|atk|1
|turn|7
|
|t:|1782506344
|switch|p2b: Incineroar|Incineroar, L50, M|63/100
|-ability|p2b: Incineroar|Intimidate|boost
|-unboost|p1a: Incineroar|atk|1
|-unboost|p1b: Garchomp|atk|1
|move|p1b: Garchomp|Earthquake|p2a: Ceruledge|[spread] p1a,p2a,p2b
|-supereffective|p1a: Incineroar|1
|-supereffective|p2a: Ceruledge|1
|-supereffective|p2b: Incineroar|1
|-damage|p1a: Incineroar|43/100
|-damage|p2a: Ceruledge|45/100
|-damage|p2b: Incineroar|21/100
|-enditem|p1a: Incineroar|Sitrus Berry|[eat]
|-heal|p1a: Incineroar|67/100|[from] item: Sitrus Berry
|move|p2a: Ceruledge|Bulk Up|p2a: Ceruledge
|-boost|p2a: Ceruledge|atk|1
|-boost|p2a: Ceruledge|def|1
|move|p1a: Incineroar|Throat Chop|p2a: Ceruledge
|-supereffective|p2a: Ceruledge|1
|-enditem|p2a: Ceruledge|Colbur Berry|[eat]
|-enditem|p2a: Ceruledge|Colbur Berry|[weaken]
|-damage|p2a: Ceruledge|36/100
|-start|p2a: Ceruledge|Throat Chop|[silent]
|
|upkeep
|turn|8
|inactive|tumperino has 30 seconds left.
|inactive|That1Morpecko has 30 seconds left.
|
|t:|1782506378
|move|p2a: Ceruledge|Protect|p2a: Ceruledge
|-singleturn|p2a: Ceruledge|Protect
|move|p1b: Garchomp|Earthquake|p2b: Incineroar|[spread] p1a,p2b
|-activate|p2a: Ceruledge|move: Protect
|-supereffective|p1a: Incineroar|1
|-supereffective|p2b: Incineroar|1
|-damage|p1a: Incineroar|14/100
|-damage|p2b: Incineroar|0 fnt
|faint|p2b: Incineroar
|move|p1a: Incineroar|Parting Shot|p2a: Ceruledge
|-activate|p2a: Ceruledge|move: Protect
|
|-end|p2a: Ceruledge|Throat Chop|[silent]
|upkeep
|
|t:|1782506381
|switch|p2b: Sinistcha|Sinistcha, L50|56/100
|-heal|p2a: Ceruledge|61/100|[from] ability: Hospitality|[of] p2b: Sinistcha
|turn|9
|
|t:|1782506394
|switch|p1b: Metagross|Metagross, L50|100/100
|move|p2a: Ceruledge|Shadow Sneak|p1b: Metagross
|-supereffective|p1b: Metagross|1
|-damage|p1b: Metagross|60/100
|move|p2b: Sinistcha|Life Dew|p2b: Sinistcha|[spread] p2a,p2b
|-heal|p2a: Ceruledge|86/100
|-heal|p2b: Sinistcha|81/100
|move|p1a: Incineroar|Flare Blitz|p2b: Sinistcha
|-supereffective|p2b: Sinistcha|1
|-damage|p2b: Sinistcha|29/100
|-damage|p1a: Incineroar|0 fnt|[from] Recoil
|faint|p1a: Incineroar
|
|upkeep
|
|t:|1782506406
|switch|p1a: Garchomp|Garchomp, L50, M|50/100g
|turn|10
|
|t:|1782506421
|detailschange|p1b: Metagross|Metagross-Mega, L50
|-mega|p1b: Metagross|Metagross|Metagrossite
|move|p2b: Sinistcha|Rage Powder|p2b: Sinistcha
|-singleturn|p2b: Sinistcha|move: Rage Powder
|move|p2a: Ceruledge|Shadow Sneak|p1a: Garchomp
|-damage|p1a: Garchomp|30/100
|-damage|p2a: Ceruledge|74/100|[from] ability: Rough Skin|[of] p1a: Garchomp
|move|p1a: Garchomp|Rock Slide|p2b: Sinistcha|[spread] p2a
|-miss|p1a: Garchomp|p2b: Sinistcha
|-supereffective|p2a: Ceruledge|1
|-damage|p2a: Ceruledge|56/100
|move|p1b: Metagross|Rock Tomb|p2b: Sinistcha
|-damage|p2b: Sinistcha|10/100
|-unboost|p2b: Sinistcha|spe|1
|
|upkeep
|turn|11
|
|t:|1782506437
|switch|p2b: Raichu|Raichu, L50, F|100/100
|move|p2a: Ceruledge|Protect|p2a: Ceruledge
|-singleturn|p2a: Ceruledge|Protect
|move|p1a: Garchomp|Rock Slide|p2a: Ceruledge|[spread] p2b
|-activate|p2a: Ceruledge|move: Protect
|-damage|p2b: Raichu|66/100
|move|p1b: Metagross|Rock Tomb|p2a: Ceruledge
|-activate|p2a: Ceruledge|move: Protect
|
|upkeep
|turn|12
|inactive|That1Morpecko has 30 seconds left.
|
|t:|1782506466
|detailschange|p2b: Raichu|Raichu-Mega-Y, L50, F
|-mega|p2b: Raichu|Raichu|Raichunite Y
|move|p1b: Metagross|Protect|p1b: Metagross
|-singleturn|p1b: Metagross|Protect
|move|p2b: Raichu|Fake Out|p1a: Garchomp
|-damage|p1a: Garchomp|21/100
|-damage|p2b: Raichu|53/100|[from] ability: Rough Skin|[of] p1a: Garchomp
|cant|p1a: Garchomp|flinch
|move|p2a: Ceruledge|Bitter Blade|p1b: Metagross
|-activate|p1b: Metagross|move: Protect
|
|upkeep
|turn|13
|
|t:|1782506482
|move|p2a: Ceruledge|Shadow Sneak|p1a: Garchomp
|-damage|p1a: Garchomp|0 fnt
|-damage|p2a: Ceruledge|44/100|[from] ability: Rough Skin|[of] p1a: Garchomp
|faint|p1a: Garchomp
|move|p2b: Raichu|Zap Cannon|p1b: Metagross
|-damage|p1b: Metagross|0 fnt
|faint|p1b: Metagross
|
|win|That1Morpecko
||That1Morpecko is ready for game 2.
|l|☆tumperino
|player|p1|
|inactive|tumperino has 30 seconds to confirm battle start!
|raw|tumperino's rating: 1000 → 1000(+0 for losing)
|raw|That1Morpecko's rating: 1070 → 1094(+24 for winning)
