|j|☆mumu2
|j|☆Suzette312
|html|mumu2Suzette312    
|uhtml|bestof|Game 3 of a best-of-3
|t:|1784918839
|gametype|doubles
|player|p1|mumu2|cyclistf|1123
|player|p2|Suzette312|169|1000
|gen|9
|tier|[Gen 9 Champions] VGC 2026 Reg M-B (Bo3)
|rated|
|rule|Species Clause: Limit one of each Pokémon
|rule|Item Clause: Limit 1 of each item
|clearpoke
|poke|p1|Charizard, L50, F|
|poke|p1|Venusaur, L50, M|
|poke|p1|Garchomp, L50, M|
|poke|p1|Annihilape, L50, F|
|poke|p1|Incineroar, L50, F|
|poke|p1|Toxapex, L50, F|
|poke|p2|Swampert, L50, F|
|poke|p2|Politoed, L50, F|
|poke|p2|Sinistcha, L50|
|poke|p2|Sneasler, L50, F|
|poke|p2|Lycanroc-Dusk, L50, M|
|poke|p2|Archaludon, L50, F|
|teampreview|4
|showteam|p1|Charizard||CharizarditeY|Blaze|HeatWave,WeatherBall,HelpingHand,Protect|Modest||F|||50|]Venusaur||LifeOrb|Chlorophyll|SludgeBomb,SolarBeam,EarthPower,Protect|Modest||M|||50|]Garchomp||ChoiceScarf|RoughSkin|DragonClaw,Earthquake,RockSlide,StompingTantrum|Adamant||M|||50|]Annihilape||FocusSash|Defiant|PhantomForce,CloseCombat,Protect,RockTomb|Jolly||F|||50|]Incineroar||SitrusBerry|Intimidate|FlareBlitz,ThroatChop,PartingShot,FakeOut|Impish||F|||50|]Toxapex||Leftovers|Regenerator|Toxic,Infestation,WideGuard,BanefulBunker|Bold||F|||50|
|showteam|p2|Swampert||Swampertite|Torrent|Protect,IcePunch,Earthquake,WaveCrash|Adamant||F|||50|]Politoed||SitrusBerry|Drizzle|WeatherBall,Protect,PerishSong,Encore|Calm||F|||50|]Sinistcha||OccaBerry|Hospitality|MatchaGotcha,ShadowBall,RagePowder,Protect|Bold|||||50|]Sneasler||WhiteHerb|Unburden|FakeOut,Acrobatics,CloseCombat,PoisonJab|Jolly||F|||50|]Lycanroc-Dusk||FocusSash|ToughClaws|Accelerock,RockSlide,PsychicFangs,Protect|Adamant||M|||50|]Archaludon||Leftovers|Stamina|DragonPulse,ElectroShot,FlashCannon,Protect|Modest||F|||50|
|inactive|Battle timer is ON: inactive players will automatically lose when time's up. (requested by mumu2)
|
|t:|1784918868
|teamsize|p1|4
|teamsize|p2|4
|start
|switch|p1a: Charizard|Charizard, L50, F|100/100
|switch|p1b: Incineroar|Incineroar, L50, F|100/100
|switch|p2a: Swampert|Swampert, L50, F|100/100
|switch|p2b: Politoed|Politoed, L50, F|100/100
|-weather|RainDance|[from] ability: Drizzle|[of] p2b: Politoed
|-ability|p1b: Incineroar|Intimidate|boost
|-unboost|p2a: Swampert|atk|1
|-unboost|p2b: Politoed|atk|1
|turn|1
|
|t:|1784918890
|detailschange|p1a: Charizard|Charizard-Mega-Y, L50, F
|-mega|p1a: Charizard|Charizard|Charizardite Y
|-weather|SunnyDay|[from] ability: Drought|[of] p1a: Charizard
|move|p1a: Charizard|Protect|p1a: Charizard
|-singleturn|p1a: Charizard|Protect
|move|p2a: Swampert|Protect|p2a: Swampert
|-singleturn|p2a: Swampert|Protect
|move|p2b: Politoed|Weather Ball|p1b: Incineroar
|-resisted|p1b: Incineroar|1
|-damage|p1b: Incineroar|87/100
|move|p1b: Incineroar|Parting Shot|p2a: Swampert
|-activate|p2a: Swampert|move: Protect
|
|-weather|SunnyDay|[upkeep]
|upkeep
|turn|2
|inactive|Suzette312 has 30 seconds left.
|
|t:|1784918918
|switch|p1a: Venusaur|Venusaur, L50, M|100/100
|detailschange|p2a: Swampert|Swampert-Mega, L50, F
|-mega|p2a: Swampert|Swampert|Swampertite
|move|p2b: Politoed|Protect|p2b: Politoed
|-singleturn|p2b: Politoed|Protect
|move|p2a: Swampert|Earthquake|p1a: Venusaur|[spread] p1a,p1b
|-activate|p2b: Politoed|move: Protect
|-supereffective|p1b: Incineroar|1
|-damage|p1a: Venusaur|63/100
|-damage|p1b: Incineroar|35/100
|-enditem|p1b: Incineroar|Sitrus Berry|[eat]
|-heal|p1b: Incineroar|60/100|[from] item: Sitrus Berry
|move|p1b: Incineroar|Parting Shot|p2a: Swampert
|-unboost|p2a: Swampert|atk|1
|-unboost|p2a: Swampert|spa|1
|
|t:|1784918931
|switch|p1b: Charizard|Charizard-Mega-Y, L50, F|100/100|[from] Parting Shot
|
|-weather|SunnyDay|[upkeep]
|upkeep
|turn|3
|inactive|mumu2 has 30 seconds left.
|
|t:|1784918963
|switch|p1b: Incineroar|Incineroar, L50, F|60/100
|-ability|p1b: Incineroar|Intimidate|boost
|-unboost|p2a: Swampert|atk|1
|-unboost|p2b: Politoed|atk|1
|switch|p2b: Lycanroc|Lycanroc-Dusk, L50, M|100/100
|move|p1a: Venusaur|Solar Beam||[still]
|-prepare|p1a: Venusaur|Solar Beam
|-anim|p1a: Venusaur|Solar Beam|p2b: Lycanroc
|-supereffective|p2b: Lycanroc|1
|-enditem|p2b: Lycanroc|Focus Sash
|-damage|p2b: Lycanroc|1/100
|-damage|p1a: Venusaur|54/100|[from] item: Life Orb
|move|p2a: Swampert|Ice Punch|p1a: Venusaur
|-supereffective|p1a: Venusaur|1
|-damage|p1a: Venusaur|25/100
|
|-weather|SunnyDay|[upkeep]
|upkeep
|turn|4
|inactive|Suzette312 has 30 seconds left.
|
|t:|1784918993
|switch|p2a: Politoed|Politoed, L50, F|100/100
|-weather|RainDance|[from] ability: Drizzle|[of] p2a: Politoed
|move|p1a: Venusaur|Protect|p1a: Venusaur
|-singleturn|p1a: Venusaur|Protect
|move|p2b: Lycanroc|Accelerock|p1b: Incineroar
|-supereffective|p1b: Incineroar|1
|-damage|p1b: Incineroar|21/100
|move|p1b: Incineroar|Parting Shot|p2a: Politoed
|-unboost|p2a: Politoed|atk|1
|-unboost|p2a: Politoed|spa|1
|
|t:|1784919011
|switch|p1b: Charizard|Charizard-Mega-Y, L50, F|100/100|[from] Parting Shot
|-weather|SunnyDay|[from] ability: Drought|[of] p1b: Charizard
|
|-weather|SunnyDay|[upkeep]
|upkeep
|turn|5
|
|t:|1784919032
|switch|p1b: Incineroar|Incineroar, L50, F|21/100
|-ability|p1b: Incineroar|Intimidate|boost
|-unboost|p2a: Politoed|atk|1
|-unboost|p2b: Lycanroc|atk|1
|move|p1a: Venusaur|Solar Beam||[still]
|-prepare|p1a: Venusaur|Solar Beam
|-anim|p1a: Venusaur|Solar Beam|p2a: Politoed
|-supereffective|p2a: Politoed|1
|-damage|p2a: Politoed|3/100
|-enditem|p2a: Politoed|Sitrus Berry|[eat]
|-heal|p2a: Politoed|28/100|[from] item: Sitrus Berry
|-damage|p1a: Venusaur|15/100|[from] item: Life Orb
|move|p2b: Lycanroc|Rock Slide|p1b: Incineroar|[spread] p1a,p1b
|-supereffective|p1b: Incineroar|1
|-damage|p1a: Venusaur|0 fnt
|-damage|p1b: Incineroar|0 fnt
|faint|p1a: Venusaur
|faint|p1b: Incineroar
|move|p2a: Politoed|Encore|p1: Venusaur|[notarget]
|-fail|p2a: Politoed
|
|-weather|SunnyDay|[upkeep]
|upkeep
|
|t:|1784919046
|switch|p1a: Charizard|Charizard-Mega-Y, L50, F|100/100
|switch|p1b: Toxapex|Toxapex, L50, F|100/100
|turn|6
|
|t:|1784919057
|move|p1a: Charizard|Protect|p1a: Charizard
|-singleturn|p1a: Charizard|Protect
|move|p2b: Lycanroc|Rock Slide|p1a: Charizard|[spread] p1b
|-activate|p1a: Charizard|move: Protect
|-damage|p1b: Toxapex|86/100
|move|p2a: Politoed|Perish Song|p2a: Politoed
|-start|p1a: Charizard|perish3|[silent]
|-start|p1b: Toxapex|perish3|[silent]
|-start|p2a: Politoed|perish3|[silent]
|-start|p2b: Lycanroc|perish3|[silent]
|-fieldactivate|move: Perish Song
|move|p1b: Toxapex|Infestation|p2b: Lycanroc
|-damage|p2b: Lycanroc|0 fnt
|faint|p2b: Lycanroc
|
|-weather|SunnyDay|[upkeep]
|-heal|p1b: Toxapex|92/100|[from] item: Leftovers
|-start|p1a: Charizard|perish3
|-start|p2a: Politoed|perish3
|-start|p1b: Toxapex|perish3
|upkeep
|
|t:|1784919068
|switch|p2b: Swampert|Swampert-Mega, L50, F|100/100
|turn|7
|
|t:|1784919076
|switch|p2a: Archaludon|Archaludon, L50, F|100/100
|move|p1a: Charizard|Weather Ball|p2b: Swampert
|-resisted|p2b: Swampert|1
|-damage|p2b: Swampert|66/100
|move|p2b: Swampert|Wave Crash|p1a: Charizard
|-supereffective|p1a: Charizard|1
|-damage|p1a: Charizard|27/100
|-damage|p2b: Swampert|45/100|[from] Recoil
|move|p1b: Toxapex|Infestation|p2b: Swampert
|-damage|p2b: Swampert|42/100
|-activate|p2b: Swampert|move: Infestation|[of] p1b: Toxapex
|
|-weather|SunnyDay|[upkeep]
|-heal|p1b: Toxapex|98/100|[from] item: Leftovers
|-damage|p2b: Swampert|30/100|[from] move: Infestation|[partiallytrapped]
|-start|p1a: Charizard|perish2
|-start|p1b: Toxapex|perish2
|upkeep
|turn|8
|inactive|Suzette312 has 30 seconds left.
|
|t:|1784919108
|move|p2b: Swampert|Protect|p2b: Swampert
|-singleturn|p2b: Swampert|Protect
|move|p2a: Archaludon|Electro Shot||[still]
|-prepare|p2a: Archaludon|Electro Shot
|-boost|p2a: Archaludon|spa|1
|move|p1a: Charizard|Weather Ball|p2a: Archaludon
|-damage|p2a: Archaludon|0 fnt
|faint|p2a: Archaludon
|move|p1b: Toxapex|Infestation|p2b: Swampert
|-activate|p2b: Swampert|move: Protect
|
|-weather|none
|-heal|p1b: Toxapex|100/100|[from] item: Leftovers
|-damage|p2b: Swampert|18/100|[from] move: Infestation|[partiallytrapped]
|-start|p1a: Charizard|perish1
|-start|p1b: Toxapex|perish1
|upkeep
|
|t:|1784919118
|switch|p2a: Politoed|Politoed, L50, F|28/100
|-weather|RainDance|[from] ability: Drizzle|[of] p2a: Politoed
|turn|9
|
|t:|1784919136
|move|p2a: Politoed|Protect|p2a: Politoed
|-singleturn|p2a: Politoed|Protect
|move|p2b: Swampert|Earthquake|p1b: Toxapex|[spread] p1b
|-activate|p2a: Politoed|move: Protect
|-immune|p1a: Charizard
|-supereffective|p1b: Toxapex|1
|-damage|p1b: Toxapex|33/100
|move|p1a: Charizard|Weather Ball|p2a: Politoed
|-activate|p2a: Politoed|move: Protect
|move|p1b: Toxapex|Toxic|p2b: Swampert
|-status|p2b: Swampert|tox
|
|-weather|RainDance|[upkeep]
|-heal|p1b: Toxapex|39/100|[from] item: Leftovers
|-damage|p2b: Swampert|12/100 tox|[from] psn
|-damage|p2b: Swampert|1/100 tox|[from] move: Infestation|[partiallytrapped]
|-start|p1a: Charizard|perish0
|-start|p1b: Toxapex|perish0
|faint|p1a: Charizard
|faint|p1b: Toxapex
|
|win|Suzette312
|raw|mumu2's rating: 1123 → 1090(-33 for losing)
|raw|Suzette312's rating: 1000 → 1054(+54 for winning)
|l|☆Suzette312
|player|p2|
