|j|☆Duyheeee
|j|☆Quyt_DZ
|html|DuyheeeeQuyt_DZ    
|uhtml|bestof|Game 1 of a best-of-3
|t:|1782574448
|gametype|doubles
|player|p1|Duyheeee|lass|
|player|p2|Quyt_DZ|pokefanf-gen4|
|gen|9
|tier|[Gen 9 Champions] VGC 2026 Reg M-B (Bo3)
|rule|Species Clause: Limit one of each Pokémon
|rule|Item Clause: Limit 1 of each item
|clearpoke
|poke|p1|Staraptor, L50, M|
|poke|p1|Camerupt, L50, F|
|poke|p1|Farigiraf, L50, F|
|poke|p1|Kingambit, L50, M|
|poke|p1|Hatterene, L50, F|
|poke|p1|Scrafty, L50, M|
|poke|p2|Tyranitar, L50, M, shiny|
|poke|p2|Excadrill, L50, M|
|poke|p2|Corviknight, L50, M|
|poke|p2|Sneasler, L50, M|
|poke|p2|Scovillain, L50, M|
|poke|p2|Houndstone, L50, M|
|teampreview|4
|showteam|p1|Staraptor||ChoiceScarf|Reckless|FinalGambit,Uturn,BraveBird,CloseCombat|Jolly||M|||50|]Camerupt||Cameruptite|SolidRock|Eruption,EarthPower,Protect,HeatWave|Quiet||F|||50|]Farigiraf||SitrusBerry|ArmorTail|Psychic,TrickRoom,HelpingHand,GrassKnot|Sassy||F|||50|]Kingambit||BlackGlasses|Defiant|KowtowCleave,IronHead,SuckerPunch,LowKick|Brave||M|||50|]Hatterene||LifeOrb|MagicBounce|Protect,Psychic,TrickRoom,DazzlingGleam|Quiet||F|||50|]Scrafty||Scraftinite|Intimidate|CloseCombat,KnockOff,FakeOut,Taunt|Brave||M|||50|
|showteam|p2|Tyranitar||Tyranitarite|SandStream|RockSlide,LowKick,KnockOff,Protect|Adamant||M|||50|]Excadrill||FocusSash|SandRush|IronHead,HighHorsepower,RockSlide,Protect|Adamant||M|||50|]Corviknight||Leftovers|MirrorArmor|Tailwind,BraveBird,BulkUp,IronHead|Adamant||M|||50|]Sneasler||WhiteHerb|Unburden|Coaching,FakeOut,DireClaw,CloseCombat|Jolly||M|||50|]Scovillain||Scovillainite|Moody|Overheat,GigaDrain,RagePowder,Protect|Modest||M|||50|]Houndstone||SpellTag|SandRush|LastRespects,ShadowSneak,Protect,BodyPress|Adamant||M|||50|
|j| Pixelites
|c|☆Duyheeee|Check mạng chút
|c| Pixelites|gửi link cho mọi người nhá
|c|☆Quyt_DZ|ok
|l| Pixelites
|c|☆Duyheeee|Ok
|j| Pixelites
|
|t:|1782574578
|teamsize|p1|4
|teamsize|p2|4
|start
|switch|p1a: Farigiraf|Farigiraf, L50, F|100/100
|switch|p1b: Scrafty|Scrafty, L50, M|100/100
|switch|p2a: Tyranitar|Tyranitar, L50, M, shiny|100/100
|switch|p2b: Scovillain|Scovillain, L50, M|100/100
|-weather|Sandstorm|[from] ability: Sand Stream|[of] p2a: Tyranitar
|-ability|p1b: Scrafty|Intimidate|boost
|-unboost|p2a: Tyranitar|atk|1
|-unboost|p2b: Scovillain|atk|1
|turn|1
|j| jakkudiamond
|j| zefhkb505
|j| Vitnon1
|l| Vitnon1
|
|t:|1782574598
|detailschange|p2b: Scovillain|Scovillain-Mega, L50, M
|-mega|p2b: Scovillain|Scovillain|Scovillainite
|detailschange|p1b: Scrafty|Scrafty-Mega, L50, M
|-mega|p1b: Scrafty|Scrafty|Scraftinite
|-ability|p1b: Scrafty|Intimidate|boost
|-unboost|p2a: Tyranitar|atk|1
|-unboost|p2b: Scovillain|atk|1
|move|p2b: Scovillain|Rage Powder|p2b: Scovillain
|-singleturn|p2b: Scovillain|move: Rage Powder
|move|p2a: Tyranitar|Knock Off|p1a: Farigiraf
|-supereffective|p1a: Farigiraf|1
|-damage|p1a: Farigiraf|51/100
|-enditem|p1a: Farigiraf|Sitrus Berry|[from] move: Knock Off|[of] p2a: Tyranitar
|move|p1b: Scrafty|Taunt|p2b: Scovillain
|-start|p2b: Scovillain|move: Taunt
|move|p1a: Farigiraf|Trick Room|p1a: Farigiraf
|-fieldstart|move: Trick Room|[of] p1a: Farigiraf
|
|-weather|Sandstorm|[upkeep]
|-damage|p1a: Farigiraf|45/100|[from] Sandstorm
|-damage|p1b: Scrafty|94/100|[from] Sandstorm
|-damage|p2b: Scovillain|94/100|[from] Sandstorm
|upkeep
|turn|2
|j| SweeperChu
|j| vitconmoino
|
|t:|1782574651
|switch|p1a: Camerupt|Camerupt, L50, F|100/100
|switch|p2a: Corviknight|Corviknight, L50, M|100/100
|move|p1b: Scrafty|Close Combat|p2a: Corviknight
|-damage|p2a: Corviknight|49/100
|-unboost|p1b: Scrafty|def|1
|-unboost|p1b: Scrafty|spd|1
|move|p2b: Scovillain|Giga Drain|p1a: Camerupt
|-damage|p1a: Camerupt|55/100
|-heal|p2b: Scovillain|100/100|[from] drain|[of] p1a: Camerupt
|
|-weather|Sandstorm|[upkeep]
|-damage|p1b: Scrafty|88/100|[from] Sandstorm
|-damage|p2b: Scovillain|94/100|[from] Sandstorm
|-heal|p2a: Corviknight|55/100|[from] item: Leftovers
|upkeep
|turn|3
|j| Moonlight Flutter
|j| Dungx showdown
|
|t:|1782574714
|move|p1a: Camerupt|Heat Wave|p2a: Corviknight|[spread] p2a,p2b
|-supereffective|p2a: Corviknight|1
|-damage|p2a: Corviknight|0 fnt
|-damage|p2b: Scovillain|51/100
|-immune|p1a: Camerupt
|faint|p2a: Corviknight
|move|p1b: Scrafty|Close Combat|p2b: Scovillain
|-damage|p2b: Scovillain|0 fnt
|-unboost|p1b: Scrafty|def|1
|-unboost|p1b: Scrafty|spd|1
|-status|p1b: Scrafty|brn|[from] ability: Spicy Spray|[of] p2b: Scovillain
|faint|p2b: Scovillain
|
|-weather|Sandstorm|[upkeep]
|-damage|p1b: Scrafty|82/100 brn|[from] Sandstorm
|-damage|p1b: Scrafty|76/100 brn|[from] brn
|upkeep
|
|t:|1782574730
|switch|p2a: Excadrill|Excadrill, L50, M|100/100
|switch|p2b: Tyranitar|Tyranitar, L50, M, shiny|100/100
|turn|4
|l| Dungx showdown
|
|t:|1782574766
|move|p1a: Camerupt|Earth Power|p2a: Excadrill
|-supereffective|p2a: Excadrill|1
|-enditem|p2a: Excadrill|Focus Sash
|-damage|p2a: Excadrill|1/100
|move|p1b: Scrafty|Close Combat|p2a: Excadrill
|-supereffective|p2a: Excadrill|1
|-damage|p2a: Excadrill|0 fnt
|-unboost|p1b: Scrafty|def|1
|-unboost|p1b: Scrafty|spd|1
|faint|p2a: Excadrill
|move|p2b: Tyranitar|Rock Slide|p1a: Camerupt|[spread] p1a,p1b
|-resisted|p1b: Scrafty|1
|-damage|p1a: Camerupt|13/100
|-damage|p1b: Scrafty|47/100 brn
|
|-weather|Sandstorm|[upkeep]
|-damage|p1b: Scrafty|41/100 brn|[from] Sandstorm
|-damage|p1b: Scrafty|36/100 brn|[from] brn
|upkeep
|turn|5
|
|t:|1782574783
|switch|p1b: Farigiraf|Farigiraf, L50, F|45/100
|move|p2b: Tyranitar|Protect|p2b: Tyranitar
|-singleturn|p2b: Tyranitar|Protect
|move|p1a: Camerupt|Earth Power|p2b: Tyranitar
|-activate|p2b: Tyranitar|move: Protect
|
|-weather|none
|-fieldend|move: Trick Room
|upkeep
|turn|6
|
|t:|1782574811
|switch|p1b: Scrafty|Scrafty-Mega, L50, M|36/100 brn
|-ability|p1b: Scrafty|Intimidate|boost
|-unboost|p2b: Tyranitar|atk|1
|move|p2b: Tyranitar|Rock Slide|p1b: Scrafty|[spread] p1a,p1b
|-resisted|p1b: Scrafty|1
|-damage|p1a: Camerupt|0 fnt
|-damage|p1b: Scrafty|26/100 brn
|faint|p1a: Camerupt
|
|-damage|p1b: Scrafty|20/100y brn|[from] brn
|upkeep
|
|t:|1782574818
|switch|p1a: Farigiraf|Farigiraf, L50, F|45/100
|turn|7
|
|t:|1782574827
|move|p1b: Scrafty|Fake Out|p2b: Tyranitar
|-resisted|p2b: Tyranitar|1
|-damage|p2b: Tyranitar|97/100
|cant|p2b: Tyranitar|flinch
|move|p1a: Farigiraf|Trick Room|p1a: Farigiraf
|-fieldstart|move: Trick Room|[of] p1a: Farigiraf
|
|-damage|p1b: Scrafty|15/100 brn|[from] brn
|upkeep
|turn|8
|
|t:|1782574834
|switch|p1a: Kingambit|Kingambit, L50, M|100/100
|move|p2b: Tyranitar|Protect|p2b: Tyranitar
|-singleturn|p2b: Tyranitar|Protect
|move|p1b: Scrafty|Close Combat|p2b: Tyranitar
|-activate|p2b: Tyranitar|move: Protect
|
|-damage|p1b: Scrafty|9/100 brn|[from] brn
|upkeep
|turn|9
|
|t:|1782574841
|move|p1a: Kingambit|Iron Head|p2b: Tyranitar
|-supereffective|p2b: Tyranitar|1
|-damage|p2b: Tyranitar|33/100
|move|p1b: Scrafty|Close Combat|p2b: Tyranitar
|-supereffective|p2b: Tyranitar|2
|-damage|p2b: Tyranitar|0 fnt
|-unboost|p1b: Scrafty|def|1
|-unboost|p1b: Scrafty|spd|1
|faint|p2b: Tyranitar
|
|win|Duyheeee
||Duyheeee is ready for game 2.
||Quyt_DZ is ready for game 2.
|uhtml|next|Next: Game 2 of 3
|l| Moonlight Flutter
|l| zefhkb505
|j| Dungx showdown
|j| nguyenduytuananh
|l| nguyenduytuananh
|l| Dungx showdown
|l| Pixelites
|l| vitconmoino
|l|☆Duyheeee
|player|p1|
|l| jakkudiamond
|l| SweeperChu
|l|☆Quyt_DZ
|player|p2|
