|j|☆trevyah
|j|☆eevee1ynn
|html|trevyaheevee1ynn    
|uhtml|bestof|Game 2 of a best-of-3
|t:|1785959081
|gametype|doubles
|player|p1|trevyah|trevor|
|player|p2|eevee1ynn|irida-masters2|
|gen|9
|tier|[Gen 9 Champions] VGC 2026 Reg M-B (Bo3)
|rule|Species Clause: Limit one of each Pokémon
|rule|Item Clause: Limit 1 of each item
|clearpoke
|poke|p1|Blaziken, L50, F, shiny|
|poke|p1|Kingambit, L50, F, shiny|
|poke|p1|Dragonite, L50, M, shiny|
|poke|p1|Ninetales-Alola, L50, M, shiny|
|poke|p1|Gengar, L50, F, shiny|
|poke|p1|Incineroar, L50, F, shiny|
|poke|p2|Raichu, L50, F|
|poke|p2|Talonflame, L50, F|
|poke|p2|Maushold, L50|
|poke|p2|Kommo-o, L50, F|
|poke|p2|Tsareena, L50, F|
|poke|p2|Delphox, L50, M|
|teampreview|4
|showteam|p1|Blaziken||Blazikenite|SpeedBoost|CloseCombat,RockSlide,FlareBlitz,Detect|Adamant||F|||50|]Kingambit||LifeOrb|Defiant|KowtowCleave,IronHead,SuckerPunch,Protect|Adamant||F|||50|]Dragonite||LumBerry|InnerFocus|DragonClaw,LowKick,ExtremeSpeed,Protect|Adamant||M|||50|]Ninetales-Alola||FocusSash|SnowWarning|Blizzard,FreezeDry,Encore,Protect|Timid||M|||50|]Gengar||Gengarite|CursedBody|ShadowBall,SludgeBomb,PerishSong,Protect|Modest||F|||50|]Incineroar||SitrusBerry|Intimidate|FlareBlitz,PartingShot,FakeOut,Protect|Relaxed||F|||50|
|showteam|p2|Raichu||RaichuniteY|LightningRod|Protect,ZapCannon,FocusBlast,FakeOut|Timid||F|||50|]Talonflame||SharpBeak|GaleWings|QuickGuard,DualWingbeat,Feint,Tailwind|Jolly||F|||50|]Maushold||FocusSash|FriendGuard|Protect,SuperFang,Encore,FollowMe|Timid|||||50|]Kommo-o||LifeOrb|Overcoat|Protect,AuraSphere,ClangingScales,VacuumWave|Modest||F|||50|]Tsareena||WideLens|QueenlyMajesty|Protect,PowerWhip,TripleAxel,Taunt|Adamant||F|||50|]Delphox||Delphoxite|Blaze|Protect,HeatWave,Psychic,Substitute|Timid||M|||50|
|inactive|Battle timer is ON: inactive players will automatically lose when time's up. (requested by trevyah)
|inactive|eevee1ynn has 60 seconds left.
|
|t:|1785959134
|teamsize|p1|4
|teamsize|p2|4
|start
|switch|p1a: The Cure|Ninetales-Alola, L50, M, shiny|100/100
|switch|p1b: less|Dragonite, L50, M, shiny|100/100
|switch|p2a: Delphox|Delphox, L50, M|100/100
|switch|p2b: Talonflame|Talonflame, L50, F|100/100
|-weather|Snowscape|[from] ability: Snow Warning|[of] p1a: The Cure
|turn|1
|inactive|eevee1ynn has 30 seconds left.
|
|t:|1785959165
|switch|p1a: Begged|Incineroar, L50, F, shiny|100/100
|-ability|p1a: Begged|Intimidate|boost
|-unboost|p2a: Delphox|atk|1
|-unboost|p2b: Talonflame|atk|1
|detailschange|p2a: Delphox|Delphox-Mega, L50, M
|-mega|p2a: Delphox|Delphox|Delphoxite
|move|p2b: Talonflame|Quick Guard|p2b: Talonflame
|-singleturn|p2b: Talonflame|Quick Guard
|move|p2a: Delphox|Substitute|p2a: Delphox
|-start|p2a: Delphox|Substitute
|-damage|p2a: Delphox|75/100
|move|p1b: less|Dragon Claw|p2a: Delphox
|-end|p2a: Delphox|Substitute
|
|-weather|Snowscape|[upkeep]
|upkeep
|turn|2
|
|t:|1785959184
|switch|p2b: Maushold|Maushold, L50|100/100
|move|p2a: Delphox|Protect|p2a: Delphox
|-singleturn|p2a: Delphox|Protect
|move|p1b: less|Dragon Claw|p2b: Maushold
|-damage|p2b: Maushold|41/100
|move|p1a: Begged|Parting Shot|p2a: Delphox
|-activate|p2a: Delphox|move: Protect
|
|-weather|Snowscape|[upkeep]
|upkeep
|turn|3
|inactive|trevyah has 30 seconds left.
|
|t:|1785959213
|switch|p2a: Kommo-o|Kommo-o, L50, F|100/100
|move|p2b: Maushold|Follow Me|p2b: Maushold
|-singleturn|p2b: Maushold|move: Follow Me
|move|p1b: less|Extreme Speed|p2b: Maushold
|-damage|p2b: Maushold|0 fnt
|faint|p2b: Maushold
|move|p1a: Begged|Parting Shot|p2a: Kommo-o
|-unboost|p2a: Kommo-o|atk|1
|-unboost|p2a: Kommo-o|spa|1
|
|t:|1785959221
|switch|p1a: The Cure|Ninetales-Alola, L50, M, shiny|100/100|[from] Parting Shot
|
|-weather|Snowscape|[upkeep]
|upkeep
|
|t:|1785959224
|switch|p2b: Delphox|Delphox-Mega, L50, M|75/100
|turn|4
|inactive|trevyah has 30 seconds left.
|
|t:|1785959252
|switch|p2a: Talonflame|Talonflame, L50, F|100/100
|move|p2b: Delphox|Heat Wave|p1a: The Cure|[spread] p1a,p1b
|-supereffective|p1a: The Cure|1
|-resisted|p1b: less|1
|-enditem|p1a: The Cure|Focus Sash
|-damage|p1a: The Cure|1/100
|-damage|p1b: less|81/100
|move|p1a: The Cure|Blizzard|p2b: Delphox|[spread] p2a,p2b
|-resisted|p2b: Delphox|1
|-damage|p2a: Talonflame|49/100
|-damage|p2b: Delphox|60/100
|move|p1b: less|Dragon Claw|p2b: Delphox
|-damage|p2b: Delphox|0 fnt
|faint|p2b: Delphox
|
|-weather|Snowscape|[upkeep]
|upkeep
|
|t:|1785959259
|switch|p2b: Kommo-o|Kommo-o, L50, F|100/100
|turn|5
|
|t:|1785959268
|move|p1b: less|Extreme Speed|p2a: Talonflame
|-damage|p2a: Talonflame|4/100
|move|p2a: Talonflame|Tailwind|p2a: Talonflame
|-sidestart|p2: eevee1ynn|move: Tailwind
|move|p2b: Kommo-o|Clanging Scales|p1a: The Cure|[spread] p1b
|-immune|p1a: The Cure
|-supereffective|p1b: less|1
|-damage|p1b: less|0 fnt
|faint|p1b: less
|-unboost|p2b: Kommo-o|def|1
|-damage|p2b: Kommo-o|90/100|[from] item: Life Orb
|move|p1a: The Cure|Blizzard|p2b: Kommo-o|[spread] p2a,p2b
|-supereffective|p2b: Kommo-o|1
|-damage|p2a: Talonflame|0 fnt
|-damage|p2b: Kommo-o|14/100
|-status|p2b: Kommo-o|frz
|faint|p2a: Talonflame
|
|-weather|none
|upkeep
|
|t:|1785959272
|switch|p1b: Begged|Incineroar, L50, F, shiny|100/100
|-ability|p1b: Begged|Intimidate|boost
|-unboost|p2b: Kommo-o|atk|1
|turn|6
|
|t:|1785959277
|move|p1b: Begged|Fake Out|p2b: Kommo-o
|-damage|p2b: Kommo-o|0 fnt
|faint|p2b: Kommo-o
|
|win|trevyah
