|j|☆Frakub
|j|☆bluezephyr7
|html|Frakubbluezephyr7    
|uhtml|bestof|Game 3 of a best-of-3
|t:|1784207193
|gametype|doubles
|player|p1|Frakub|acetrainer-gen4dp|1072
|player|p2|bluezephyr7|169|1017
|gen|9
|tier|[Gen 9 Champions] VGC 2026 Reg M-B (Bo3)
|rated|
|rule|Species Clause: Limit one of each Pokémon
|rule|Item Clause: Limit 1 of each item
|clearpoke
|poke|p1|Mawile, L50, M|
|poke|p1|Torkoal, L50, M|
|poke|p1|Farigiraf, L50, F|
|poke|p1|Incineroar, L50, M|
|poke|p1|Sinistcha, L50|
|poke|p1|Kingambit, L50, F|
|poke|p2|Starmie, L50|
|poke|p2|Noivern, L50, M|
|poke|p2|Liepard, L50, M|
|poke|p2|Scovillain, L50, F|
|poke|p2|Krookodile, L50, M|
|poke|p2|Falinks, L50, shiny|
|teampreview|4
|showteam|p1|Mawile||Mawilite|Intimidate|PlayRough,IronHead,RockSlide,Protect|Brave||M|||50|]Torkoal||Charcoal|Drought|Eruption,HeatWave,SolarBeam,Protect|Quiet||M|||50|]Farigiraf||SitrusBerry|ArmorTail|TwinBeam,Thunderbolt,HelpingHand,TrickRoom|Relaxed||F|||50|]Incineroar||PasshoBerry|Intimidate|FlareBlitz,ThroatChop,PartingShot,FakeOut|Relaxed||M|||50|]Sinistcha||OccaBerry|Hospitality|MatchaGotcha,RagePowder,TrickRoom,Protect|Bold|||||50|]Kingambit||BlackGlasses|Defiant|KowtowCleave,SuckerPunch,SwordsDance,Protect|Adamant||F|||50|
|showteam|p2|Starmie||Starminite|Illuminate|Liquidation,PsychoCut,AquaJet,Protect|Adamant|||||50|]Noivern||RoseliBerry|Infiltrator|SuperFang,Taunt,Tailwind,Protect|Timid||M|||50|]Liepard||FocusSash|Prankster|FakeOut,FoulPlay,Encore,Protect|Timid||M|||50|]Scovillain||ChoiceScarf|Chlorophyll|LeafStorm,Overheat,RagePowder,SpicyExtract|Timid||F|||50|]Krookodile||LifeOrb|Intimidate|HighHorsepower,LashOut,RockSlide,Protect|Jolly||M|||50|]Falinks||Falinksite|Defiant|CloseCombat,IronHead,RockSlide,Protect|Jolly|||||50|
|inactive|Battle timer is ON: inactive players will automatically lose when time's up. (requested by Frakub)
|inactive|bluezephyr7 has 60 seconds left.
|
|t:|1784207237
|teamsize|p1|4
|teamsize|p2|4
|start
|switch|p1a: Torkoal|Torkoal, L50, M|100/100
|switch|p1b: Farigiraf|Farigiraf, L50, F|100/100
|switch|p2a: Noivern|Noivern, L50, M|100/100
|switch|p2b: Krookodile|Krookodile, L50, M|100/100
|-ability|p2b: Krookodile|Intimidate|boost
|-unboost|p1a: Torkoal|atk|1
|-unboost|p1b: Farigiraf|atk|1
|-weather|SunnyDay|[from] ability: Drought|[of] p1a: Torkoal
|turn|1
|
|t:|1784207259
|move|p1a: Torkoal|Protect|p1a: Torkoal
|-singleturn|p1a: Torkoal|Protect
|move|p2a: Noivern|Taunt|p1b: Farigiraf
|-start|p1b: Farigiraf|move: Taunt
|move|p2b: Krookodile|High Horsepower|p1a: Torkoal
|-activate|p1a: Torkoal|move: Protect
|cant|p1b: Farigiraf|move: Taunt|Trick Room
|
|-weather|SunnyDay|[upkeep]
|upkeep
|turn|2
|
|t:|1784207280
|switch|p1b: Incineroar|Incineroar, L50, M|100/100
|-ability|p1b: Incineroar|Intimidate|boost
|-unboost|p2a: Noivern|atk|1
|-unboost|p2b: Krookodile|atk|1
|move|p2a: Noivern|Super Fang|p1b: Incineroar
|-damage|p1b: Incineroar|50/100g
|move|p2b: Krookodile|Lash Out|p1b: Incineroar
|-resisted|p1b: Incineroar|1
|-damage|p1b: Incineroar|28/100
|-damage|p2b: Krookodile|90/100|[from] item: Life Orb
|move|p1a: Torkoal|Solar Beam||[still]
|-prepare|p1a: Torkoal|Solar Beam
|-anim|p1a: Torkoal|Solar Beam|p2b: Krookodile
|-supereffective|p2b: Krookodile|1
|-damage|p2b: Krookodile|0 fnt
|faint|p2b: Krookodile
|
|-weather|SunnyDay|[upkeep]
|upkeep
|
|t:|1784207298
|switch|p2b: Falinks|Falinks, L50, shiny|100/100
|turn|3
|
|t:|1784207308
|detailschange|p2b: Falinks|Falinks-Mega, L50, shiny
|-mega|p2b: Falinks|Falinks|Falinksite
|move|p1b: Incineroar|Fake Out|p2a: Noivern
|-damage|p2a: Noivern|89/100
|cant|p2a: Noivern|flinch
|move|p2b: Falinks|Rock Slide|p1b: Incineroar|[spread] p1a,p1b
|-supereffective|p1a: Torkoal|1
|-supereffective|p1b: Incineroar|1
|-damage|p1a: Torkoal|67/100
|-damage|p1b: Incineroar|0 fnt
|faint|p1b: Incineroar
|cant|p1a: Torkoal|flinch
|
|-weather|SunnyDay|[upkeep]
|upkeep
|
|t:|1784207320
|switch|p1b: Farigiraf|Farigiraf, L50, F|100/100
|turn|4
|
|t:|1784207334
|move|p2a: Noivern|Taunt|p1b: Farigiraf
|-start|p1b: Farigiraf|move: Taunt
|move|p2b: Falinks|Rock Slide|p1b: Farigiraf|[spread] p1a,p1b
|-supereffective|p1a: Torkoal|1
|-damage|p1a: Torkoal|34/100
|-damage|p1b: Farigiraf|84/100
|move|p1b: Farigiraf|Twin Beam|p2b: Falinks
|-supereffective|p2b: Falinks|1
|-damage|p2b: Falinks|47/100
|-supereffective|p2b: Falinks|1
|-damage|p2b: Falinks|0 fnt
|faint|p2b: Falinks
|-hitcount|p2: Falinks|2
|move|p1a: Torkoal|Heat Wave|p2a: Noivern
|-resisted|p2a: Noivern|1
|-damage|p2a: Noivern|46/100
|
|-weather|SunnyDay|[upkeep]
|upkeep
|
|t:|1784207348
|switch|p2b: Scovillain|Scovillain, L50, F|100/100
|turn|5
|
|t:|1784207368
|move|p2b: Scovillain|Overheat|p1a: Torkoal
|-resisted|p1a: Torkoal|1
|-damage|p1a: Torkoal|0 fnt
|-unboost|p2b: Scovillain|spa|2
|faint|p1a: Torkoal
|move|p2a: Noivern|Super Fang|p1b: Farigiraf
|-damage|p1b: Farigiraf|42/100
|-enditem|p1b: Farigiraf|Sitrus Berry|[eat]
|-heal|p1b: Farigiraf|67/100|[from] item: Sitrus Berry
|move|p1b: Farigiraf|Twin Beam|p2b: Scovillain
|-damage|p2b: Scovillain|72/100
|-damage|p2b: Scovillain|45/100
|-hitcount|p2b: Scovillain|2
|
|-weather|none
|upkeep
|
|t:|1784207381
|switch|p1a: Mawile|Mawile, L50, M|100/100
|-ability|p1a: Mawile|Intimidate|boost
|-unboost|p2a: Noivern|atk|1
|-unboost|p2b: Scovillain|atk|1
|turn|6
|
|t:|1784207397
|detailschange|p1a: Mawile|Mawile-Mega, L50, M
|-mega|p1a: Mawile|Mawile|Mawilite
|move|p2b: Scovillain|Overheat|p1b: Farigiraf
|-damage|p1b: Farigiraf|40/100
|-unboost|p2b: Scovillain|spa|2
|move|p2a: Noivern|Super Fang|p1b: Farigiraf
|-damage|p1b: Farigiraf|20/100y
|move|p1b: Farigiraf|Twin Beam|p2b: Scovillain
|-damage|p2b: Scovillain|15/100
|-crit|p2b: Scovillain
|-damage|p2b: Scovillain|0 fnt
|faint|p2b: Scovillain
|-hitcount|p2: Scovillain|2
|move|p1a: Mawile|Rock Slide|p2a: Noivern
|-supereffective|p2a: Noivern|1
|-damage|p2a: Noivern|0 fnt
|faint|p2a: Noivern
|
|win|Frakub
|raw|Frakub's rating: 1072 → 1097(+25 for winning)
|raw|bluezephyr7's rating: 1017 → 1006(-11 for losing)
|l|☆bluezephyr7
|player|p2|
|c|☆Frakub|gg
