|j|вҳҶgohan92
|j|вҳҶPokefreak 92
|html|gohan92Pokefreak 92    
|uhtml|bestof|Game 1 of a best-of-3
|t:|1756856325
|gametype|doubles
|player|p1|gohan92|170|
|player|p2|Pokefreak 92|lance|
|gen|9
|tier|[Gen 9] VGC 2025 Reg H (Bo3)
|rule|Species Clause: Limit one of each PokГ©mon
|rule|Item Clause: Limit 1 of each item
|clearpoke
|poke|p1|Indeedee-F, L50, F|
|poke|p1|Hatterene, L50, F|
|poke|p1|Gallade, L50, M|
|poke|p1|Ursaluna, L50, M|
|poke|p1|Lilligant-Hisui, L50, F|
|poke|p1|Torkoal, L50, M|
|poke|p2|Rillaboom, L50, F|
|poke|p2|Kingambit, L50, M|
|poke|p2|Sneasler, L50, F|
|poke|p2|Dragonite, L50, M|
|poke|p2|Gastrodon-East, L50, M|
|poke|p2|Ceruledge, L50, F|
|teampreview|4
|showteam|p1|Indeedee-F||PsychicSeed|PsychicSurge|TrickRoom,FollowMe,HelpingHand,DazzlingGleam|||F|||50|,,,,,Fire]Hatterene||LifeOrb|MagicBounce|ExpandingForce,TrickRoom,DazzlingGleam,Protect|||F|||50|,,,,,Psychic]Gallade||ClearAmulet|Sharpness|PsychoCut,TrickRoom,SacredSword,WideGuard|||M|||50|,,,,,Grass]Ursaluna||FlameOrb|Guts|HeadlongRush,Facade,SwordsDance,Protect|||M|||50|,,,,,Ghost]Lilligant-Hisui||FocusSash|Chlorophyll|SolarBlade,SleepPowder,CloseCombat,AfterYou|||F|||50|,,,,,Ghost]Torkoal||ChoiceSpecs|Drought|Eruption,HeatWave,WeatherBall,EarthPower|||M|||50|,,,,,Fire
|showteam|p2|Rillaboom||MiracleSeed|GrassySurge|WoodHammer,GrassyGlide,FakeOut,HighHorsepower|||F|||50|,,,,,Fire]Kingambit||AssaultVest|Defiant|KowtowCleave,SuckerPunch,TeraBlast,IronHead|||M|||50|,,,,,Flying]Sneasler||FocusSash|Unburden|DireClaw,CloseCombat,Coaching,FakeOut|||F|||50|,,,,,Ghost]Dragonite||LoadedDice|Multiscale|ExtremeSpeed,ScaleShot,LowKick,Protect|||M|||50|,,,,,Fairy]Gastrodon-East||SitrusBerry|StormDrain|EarthPower,IceBeam,ClearSmog,Protect|||M|||50|,,,,,Poison]Ceruledge||Leftovers|FlashFire|BitterBlade,ShadowSneak,BulkUp,Protect|||F|||50|,,,,,Grass
|l|вҳҶPokefreak 92
|player|p2|
|j|вҳҶPokefreak 92
|player|p2|Pokefreak 92|lance|
|c|вҳҶPokefreak 92|Muss mal nach dem Voice gerade schauen glaub bin raus
|l|вҳҶPokefreak 92
|player|p2|
|j|вҳҶPokefreak 92
|player|p2|Pokefreak 92|lance|
|l|вҳҶPokefreak 92
|player|p2|
|j|вҳҶPokefreak 92
|player|p2|Pokefreak 92|lance|
|
|t:|1756856520
|teamsize|p1|4
|teamsize|p2|4
|start
|switch|p1a: зҙ«з«ҪеҘҪеҸҜж„ӣ|Lilligant-Hisui, L50, F, shiny|100/100
|switch|p1b: еӨӘжЁӮе·ҙжҲҲж–Ҝ|Torkoal, L50, M, shiny|100/100
|switch|p2a: Rillaboom|Rillaboom, L50, F|100/100
|switch|p2b: Ceruledge|Ceruledge, L50, F|100/100
|-fieldstart|move: Grassy Terrain|[from] ability: Grassy Surge|[of] p2a: Rillaboom
|-weather|SunnyDay|[from] ability: Drought|[of] p1b: еӨӘжЁӮе·ҙжҲҲж–Ҝ
|turn|1
|
|t:|1756856571
|switch|p1b: зҙ«з«Ҫи¶…еҸҜж„ӣ|Indeedee-F, L50, F, shiny|100/100
|-fieldstart|move: Psychic Terrain|[from] ability: Psychic Surge|[of] p1b: зҙ«з«Ҫи¶…еҸҜж„ӣ
|-enditem|p1b: зҙ«з«Ҫи¶…еҸҜж„ӣ|Psychic Seed
|-boost|p1b: зҙ«з«Ҫи¶…еҸҜж„ӣ|spd|1|[from] item: Psychic Seed
|move|p2a: Rillaboom|Fake Out|p1b: зҙ«з«Ҫи¶…еҸҜж„ӣ
|-activate|p1b: зҙ«з«Ҫи¶…еҸҜж„ӣ|move: Psychic Terrain
|move|p1a: зҙ«з«ҪеҘҪеҸҜж„ӣ|Sleep Powder|p2b: Ceruledge
|-status|p2b: Ceruledge|slp|[from] move: Sleep Powder
|cant|p2b: Ceruledge|slp
|
|-weather|SunnyDay|[upkeep]
|upkeep
|turn|2
|
|t:|1756856864
|move|p1b: зҙ«з«Ҫи¶…еҸҜж„ӣ|Helping Hand|p1a: зҙ«з«ҪеҘҪеҸҜж„ӣ
|-singleturn|p1a: зҙ«з«ҪеҘҪеҸҜж„ӣ|Helping Hand|[of] p1b: зҙ«з«Ҫи¶…еҸҜж„ӣ
|-curestatus|p2b: Ceruledge|slp|[msg]
|move|p2b: Ceruledge|Protect|p2b: Ceruledge
|-singleturn|p2b: Ceruledge|Protect
|move|p1a: зҙ«з«ҪеҘҪеҸҜж„ӣ|Close Combat|p2a: Rillaboom
|-damage|p2a: Rillaboom|27/100
|-unboost|p1a: зҙ«з«ҪеҘҪеҸҜж„ӣ|def|1
|-unboost|p1a: зҙ«з«ҪеҘҪеҸҜж„ӣ|spd|1
|move|p2a: Rillaboom|Wood Hammer|p1b: зҙ«з«Ҫи¶…еҸҜж„ӣ
|-damage|p1b: зҙ«з«Ҫи¶…еҸҜж„ӣ|28/100
|-damage|p2a: Rillaboom|6/100|[from] Recoil
|
|-weather|SunnyDay|[upkeep]
|upkeep
|turn|3
|
|t:|1756857102
|switch|p2a: Sneasler|Sneasler, L50, F|100/100
|move|p1b: зҙ«з«Ҫи¶…еҸҜж„ӣ|Helping Hand|p1a: зҙ«з«ҪеҘҪеҸҜж„ӣ
|-singleturn|p1a: зҙ«з«ҪеҘҪеҸҜж„ӣ|Helping Hand|[of] p1b: зҙ«з«Ҫи¶…еҸҜж„ӣ
|move|p1a: зҙ«з«ҪеҘҪеҸҜж„ӣ|Close Combat|p2b: Ceruledge
|-immune|p2b: Ceruledge
|move|p2b: Ceruledge|Bitter Blade|p1a: зҙ«з«ҪеҘҪеҸҜж„ӣ
|-supereffective|p1a: зҙ«з«ҪеҘҪеҸҜж„ӣ
|-enditem|p1a: зҙ«з«ҪеҘҪеҸҜж„ӣ|Focus Sash
|-damage|p1a: зҙ«з«ҪеҘҪеҸҜж„ӣ|1/100
|
|-weather|SunnyDay|[upkeep]
|upkeep
|turn|4
|
|t:|1756857597
|switch|p2a: Rillaboom|Rillaboom, L50, F|6/100
|-fieldstart|move: Grassy Terrain|[from] ability: Grassy Surge|[of] p2a: Rillaboom
|-terastallize|p1a: зҙ«з«ҪеҘҪеҸҜж„ӣ|Ghost
|move|p2b: Ceruledge|Shadow Sneak|p1a: зҙ«з«ҪеҘҪеҸҜж„ӣ
|-supereffective|p1a: зҙ«з«ҪеҘҪеҸҜж„ӣ
|-damage|p1a: зҙ«з«ҪеҘҪеҸҜж„ӣ|0 fnt
|faint|p1a: зҙ«з«ҪеҘҪеҸҜж„ӣ
|move|p1b: зҙ«з«Ҫи¶…еҸҜж„ӣ|Trick Room|p1b: зҙ«з«Ҫи¶…еҸҜж„ӣ
|-fieldstart|move: Trick Room|[of] p1b: зҙ«з«Ҫи¶…еҸҜж„ӣ
|
|-weather|SunnyDay|[upkeep]
|-heal|p1b: зҙ«з«Ҫи¶…еҸҜж„ӣ|34/100|[from] Grassy Terrain
|-heal|p2a: Rillaboom|12/100|[from] Grassy Terrain
|upkeep
|
|t:|1756857612
|switch|p1a: дёҖжӢіжңҲжңҲзҶҠ|Ursaluna, L50, M, shiny|100/100
|turn|5
|
|t:|1756857705
|switch|p1b: еӨӘжЁӮе·ҙжҲҲж–Ҝ|Torkoal, L50, M, shiny|100/100
|move|p1a: дёҖжӢіжңҲжңҲзҶҠ|Protect|p1a: дёҖжӢіжңҲжңҲзҶҠ
|-singleturn|p1a: дёҖжӢіжңҲжңҲзҶҠ|Protect
|move|p2a: Rillaboom|Fake Out|p1a: дёҖжӢіжңҲжңҲзҶҠ
|-activate|p1a: дёҖжӢіжңҲжңҲзҶҠ|move: Protect
|move|p2b: Ceruledge|Bitter Blade|p1b: еӨӘжЁӮе·ҙжҲҲж–Ҝ
|-resisted|p1b: еӨӘжЁӮе·ҙжҲҲж–Ҝ
|-damage|p1b: еӨӘжЁӮе·ҙжҲҲж–Ҝ|73/100
|
|-weather|none
|-heal|p1b: еӨӘжЁӮе·ҙжҲҲж–Ҝ|80/100|[from] Grassy Terrain
|-heal|p2a: Rillaboom|18/100|[from] Grassy Terrain
|-status|p1a: дёҖжӢіжңҲжңҲзҶҠ|brn|[from] item: Flame Orb
|upkeep
|turn|6
|
|t:|1756858067
|switch|p2a: Kingambit|Kingambit, L50, M|100/100
|-terastallize|p2b: Ceruledge|Grass
|move|p1b: еӨӘжЁӮе·ҙжҲҲж–Ҝ|Earth Power|p2a: Kingambit
|-supereffective|p2a: Kingambit
|-damage|p2a: Kingambit|47/100
|move|p1a: дёҖжӢіжңҲжңҲзҶҠ|Facade|p2a: Kingambit
|-resisted|p2a: Kingambit
|-damage|p2a: Kingambit|0 fnt
|faint|p2a: Kingambit
|move|p2b: Ceruledge|Bulk Up|p2b: Ceruledge
|-boost|p2b: Ceruledge|atk|1
|-boost|p2b: Ceruledge|def|1
|
|-heal|p1b: еӨӘжЁӮе·ҙжҲҲж–Ҝ|86/100|[from] Grassy Terrain
|-damage|p1a: дёҖжӢіжңҲжңҲзҶҠ|95/100 brn|[from] brn
|upkeep
|
|t:|1756858100
|switch|p2a: Sneasler|Sneasler, L50, F|100/100
|turn|7
|
|t:|1756858225
|switch|p1b: зҙ«з«Ҫи¶…еҸҜж„ӣ|Indeedee-F, L50, F, shiny|34/100
|-fieldstart|move: Psychic Terrain|[from] ability: Psychic Surge|[of] p1b: зҙ«з«Ҫи¶…еҸҜж„ӣ
|move|p2a: Sneasler|Fake Out|p1a: дёҖжӢіжңҲжңҲзҶҠ
|-activate|p1a: дёҖжӢіжңҲжңҲзҶҠ|move: Psychic Terrain
|move|p1a: дёҖжӢіжңҲжңҲзҶҠ|Facade|p2b: Ceruledge
|-damage|p2b: Ceruledge|2/100
|move|p2b: Ceruledge|Bitter Blade|p1a: дёҖжӢіжңҲжңҲзҶҠ
|-damage|p1a: дёҖжӢіжңҲжңҲзҶҠ|46/100 brn
|-heal|p2b: Ceruledge|33/100|[from] drain|[of] p1a: дёҖжӢіжңҲжңҲзҶҠ
|
|-heal|p2b: Ceruledge|40/100|[from] item: Leftovers
|-damage|p1a: дёҖжӢіжңҲжңҲзҶҠ|40/100 brn|[from] brn
|upkeep
|turn|8
|
|t:|1756858332
|move|p2b: Ceruledge|Protect|p2b: Ceruledge
|-singleturn|p2b: Ceruledge|Protect
|move|p1a: дёҖжӢіжңҲжңҲзҶҠ|Facade|p2a: Sneasler
|-enditem|p2a: Sneasler|Focus Sash
|-damage|p2a: Sneasler|1/100
|move|p1b: зҙ«з«Ҫи¶…еҸҜж„ӣ|Dazzling Gleam|p2b: Ceruledge|[spread] p2a
|-activate|p2b: Ceruledge|move: Protect
|-damage|p2a: Sneasler|0 fnt
|faint|p2a: Sneasler
|
|-heal|p2b: Ceruledge|46/100|[from] item: Leftovers
|-damage|p1a: дёҖжӢіжңҲжңҲзҶҠ|34/100 brn|[from] brn
|-fieldend|move: Trick Room
|upkeep
|
|t:|1756858350
|switch|p2a: Rillaboom|Rillaboom, L50, F|18/100
|-fieldstart|move: Grassy Terrain|[from] ability: Grassy Surge|[of] p2a: Rillaboom
|turn|9
|
|t:|1756858472
|move|p1b: зҙ«з«Ҫи¶…еҸҜж„ӣ|Follow Me|p1b: зҙ«з«Ҫи¶…еҸҜж„ӣ
|-singleturn|p1b: зҙ«з«Ҫи¶…еҸҜж„ӣ|move: Follow Me
|move|p2a: Rillaboom|Grassy Glide|p1b: зҙ«з«Ҫи¶…еҸҜж„ӣ
|-damage|p1b: зҙ«з«Ҫи¶…еҸҜж„ӣ|0 fnt
|faint|p1b: зҙ«з«Ҫи¶…еҸҜж„ӣ
|move|p2b: Ceruledge|Bitter Blade|p1a: дёҖжӢіжңҲжңҲзҶҠ
|-damage|p1a: дёҖжӢіжңҲжңҲзҶҠ|0 fnt
|-heal|p2b: Ceruledge|68/100|[from] drain|[of] p1a: дёҖжӢіжңҲжңҲзҶҠ
|faint|p1a: дёҖжӢіжңҲжңҲзҶҠ
|
|-heal|p2a: Rillaboom|23/100|[from] Grassy Terrain
|-heal|p2b: Ceruledge|74/100|[from] Grassy Terrain
|-heal|p2b: Ceruledge|80/100|[from] item: Leftovers
|upkeep
|
|t:|1756858485
|switch|p1b: еӨӘжЁӮе·ҙжҲҲж–Ҝ|Torkoal, L50, M, shiny|86/100
|-weather|SunnyDay|[from] ability: Drought|[of] p1b: еӨӘжЁӮе·ҙжҲҲж–Ҝ
|turn|10
|
|t:|1756858495
|move|p2a: Rillaboom|High Horsepower|p1b: еӨӘжЁӮе·ҙжҲҲж–Ҝ
|-supereffective|p1b: еӨӘжЁӮе·ҙжҲҲж–Ҝ
|-damage|p1b: еӨӘжЁӮе·ҙжҲҲж–Ҝ|33/100
|move|p2b: Ceruledge|Bitter Blade|p1b: еӨӘжЁӮе·ҙжҲҲж–Ҝ
|-resisted|p1b: еӨӘжЁӮе·ҙжҲҲж–Ҝ
|-damage|p1b: еӨӘжЁӮе·ҙжҲҲж–Ҝ|0 fnt
|-heal|p2b: Ceruledge|96/100|[from] drain|[of] p1b: еӨӘжЁӮе·ҙжҲҲж–Ҝ
|faint|p1b: еӨӘжЁӮе·ҙжҲҲж–Ҝ
|
|win|Pokefreak 92
||gohan92 is ready for game 2.
|inactive|Pokefreak 92 has 30 seconds to confirm battle start!
||Pokefreak 92 is ready for game 2.
|uhtml|next|Next: Game 2 of 3
|l|вҳҶgohan92
|player|p1|
|j|вҳҶgohan92
|player|p1|gohan92|170|
