|j|☆Bhjjggggggfghhgff
|j|☆falafamiredosidofa
|html|Bhjjggggggfghhgfffalafamiredosidofa    
|uhtml|bestof|Game 2 of a best-of-3
|t:|1785783483
|gametype|doubles
|player|p1|Bhjjggggggfghhgff|102|1076
|player|p2|falafamiredosidofa|steven|1089
|gen|9
|tier|[Gen 9 Champions] VGC 2026 Reg M-B (Bo3)
|rated|
|rule|Species Clause: Limit one of each Pokémon
|rule|Item Clause: Limit 1 of each item
|clearpoke
|poke|p1|Ninetales-Alola, L50, F|
|poke|p1|Kingambit, L50, M|
|poke|p1|Glimmora, L50, F|
|poke|p1|Kommo-o, L50, M|
|poke|p1|Whimsicott, L50, F|
|poke|p1|Basculegion, L50, M|
|poke|p2|Garchomp, L50, M|
|poke|p2|Venusaur, L50, F|
|poke|p2|Incineroar, L50, M|
|poke|p2|Charizard, L50, F|
|poke|p2|Toxapex, L50, M|
|poke|p2|Annihilape, L50, M|
|teampreview|4
|showteam|p1|Ninetales-Alola||NeverMeltIce|SnowWarning|Protect,Blizzard,FreezeDry,HelpingHand|Timid||F|||50|]Kingambit||ChopleBerry|Defiant|Protect,KowtowCleave,LowKick,SuckerPunch|Adamant||M|||50|]Glimmora||Glimmoranite|ToxicDebris|PowerGem,SludgeBomb,EarthPower,SpikyShield|Modest||F|||50|]Kommo-o||LifeOrb|Soundproof|AuraSphere,ClangingScales,VacuumWave,Protect|Modest||M|||50|]Whimsicott||FocusSash|Prankster|Protect,Moonblast,Tailwind,Encore|Timid||F|||50|]Basculegion||ChoiceScarf|Adaptability|WaveCrash,LastRespects,FlipTurn,AquaJet|Jolly||M|||50|
|showteam|p2|Garchomp||ChoiceScarf|RoughSkin|Earthquake,RockSlide,DragonClaw,StompingTantrum|Adamant||M|||50|]Venusaur||LifeOrb|Chlorophyll|SludgeBomb,SolarBeam,EarthPower,Protect|Modest||F|||50|]Incineroar||SitrusBerry|Intimidate|FakeOut,FlareBlitz,ThroatChop,PartingShot|Impish||M|||50|]Charizard||CharizarditeY|Blaze|HeatWave,WeatherBall,Protect,HelpingHand|Modest||F|||50|]Toxapex||Leftovers|Regenerator|Infestation,Toxic,WideGuard,BanefulBunker|Impish||M|||50|]Annihilape||FocusSash|Defiant|CloseCombat,PhantomForce,RockTomb,Protect|Jolly||M|||50|
|inactive|Battle timer is ON: inactive players will automatically lose when time's up. (requested by Bhjjggggggfghhgff)
|inactive|falafamiredosidofa has 60 seconds left.
|
|t:|1785783520
|teamsize|p1|4
|teamsize|p2|4
|start
|switch|p1a: Basculegion|Basculegion, L50, M|100/100
|switch|p1b: Glimmora|Glimmora, L50, F|100/100
|switch|p2a: Venusaur|Venusaur, L50, F|100/100
|switch|p2b: Charizard|Charizard, L50, F|100/100
|turn|1
|inactive|falafamiredosidofa has 30 seconds left.
|
|t:|1785783545
|switch|p1a: Ninetales|Ninetales-Alola, L50, F|100/100
|-weather|Snowscape|[from] ability: Snow Warning|[of] p1a: Ninetales
|switch|p2b: Toxapex|Toxapex, L50, M|100/100
|detailschange|p1b: Glimmora|Glimmora-Mega, L50, F
|-mega|p1b: Glimmora|Glimmora|Glimmoranite
|move|p1b: Glimmora|Power Gem|p2a: Venusaur
|-damage|p2a: Venusaur|23/100
|move|p2a: Venusaur|Earth Power|p1b: Glimmora
|-supereffective|p1b: Glimmora|2
|-damage|p1b: Glimmora|0 fnt
|faint|p1b: Glimmora
|-damage|p2a: Venusaur|13/100|[from] item: Life Orb
|
|-weather|Snowscape|[upkeep]
|upkeep
|
|t:|1785783563
|switch|p1b: Kommo-o|Kommo-o, L50, M|100/100
|turn|2
|inactive|falafamiredosidofa has 30 seconds left.
|inactive|falafamiredosidofa has 20 seconds left.
|
|t:|1785783600
|switch|p1b: Basculegion|Basculegion, L50, M|100/100
|switch|p2a: Garchomp|Garchomp, L50, M|100/100
|move|p1a: Ninetales|Freeze-Dry|p2a: Garchomp
|-supereffective|p2a: Garchomp|2
|-damage|p2a: Garchomp|0 fnt
|faint|p2a: Garchomp
|move|p2b: Toxapex|Toxic|p1b: Basculegion
|-status|p1b: Basculegion|tox
|
|-weather|Snowscape|[upkeep]
|-damage|p1b: Basculegion|93/100 tox|[from] psn
|upkeep
|
|t:|1785783609
|switch|p2a: Charizard|Charizard, L50, F|100/100
|turn|3
|inactive|falafamiredosidofa has 30 seconds left.
|
|t:|1785783636
|switch|p2b: Venusaur|Venusaur, L50, F|13/100
|move|p1a: Ninetales|Helping Hand|p1b: Basculegion
|-singleturn|p1b: Basculegion|Helping Hand|[of] p1a: Ninetales
|move|p2a: Charizard|Protect|p2a: Charizard
|-singleturn|p2a: Charizard|Protect
|move|p1b: Basculegion|Wave Crash|p2a: Charizard
|-activate|p2a: Charizard|move: Protect
|
|-weather|Snowscape|[upkeep]
|-damage|p1b: Basculegion|81/100 tox|[from] psn
|upkeep
|turn|4
|inactive|falafamiredosidofa has 30 seconds left.
|inactive|falafamiredosidofa has 20 seconds left.
|inactive|falafamiredosidofa has 15 seconds left.
|
|t:|1785783676
|detailschange|p2a: Charizard|Charizard-Mega-Y, L50, F
|-mega|p2a: Charizard|Charizard|Charizardite Y
|-weather|SunnyDay|[from] ability: Drought|[of] p2a: Charizard
|move|p2b: Venusaur|Solar Beam||[still]
|-prepare|p2b: Venusaur|Solar Beam
|-anim|p2b: Venusaur|Solar Beam|p1b: Basculegion
|-supereffective|p1b: Basculegion|1
|-damage|p1b: Basculegion|0 fnt
|faint|p1b: Basculegion
|-damage|p2b: Venusaur|4/100|[from] item: Life Orb
|move|p1a: Ninetales|Blizzard|p2b: Venusaur|[spread] 
|-miss|p1a: Ninetales|p2a: Charizard
|-miss|p1a: Ninetales|p2b: Venusaur
|move|p2a: Charizard|Heat Wave|p1a: Ninetales
|-supereffective|p1a: Ninetales|1
|-damage|p1a: Ninetales|0 fnt
|faint|p1a: Ninetales
|
|-weather|SunnyDay|[upkeep]
|upkeep
|
|t:|1785783683
|switch|p1b: Kommo-o|Kommo-o, L50, M|100/100
|turn|5
|
|t:|1785783697
|move|p2b: Venusaur|Earth Power|p1b: Kommo-o
|-damage|p1b: Kommo-o|53/100
|-damage|p2b: Venusaur|0 fnt|[from] item: Life Orb
|faint|p2b: Venusaur
|move|p1b: Kommo-o|Clanging Scales|p2a: Charizard
|-damage|p2a: Charizard|39/100
|-unboost|p1b: Kommo-o|def|1
|-damage|p1b: Kommo-o|44/100|[from] item: Life Orb
|move|p2a: Charizard|Weather Ball|p1b: Kommo-o
|-resisted|p1b: Kommo-o|1
|-damage|p1b: Kommo-o|0 fnt
|faint|p1b: Kommo-o
|
|win|falafamiredosidofa
|raw|Bhjjggggggfghhgff's rating: 1076 → 1055(-21 for losing)
|raw|falafamiredosidofa's rating: 1089 → 1115(+26 for winning)
