|j|â˜†damp682
|j|â˜†TheOneAndOnlyChat
|html|damp682TheOneAndOnlyChat    
|uhtml|bestof|Game 2 of a best-of-3
|t:|1783291614
|gametype|doubles
|player|p1|damp682|hilbert|1119
|player|p2|TheOneAndOnlyChat|iono-masters|1177
|gen|9
|tier|[Gen 9 Champions] VGC 2026 Reg M-B (Bo3)
|rated|
|rule|Species Clause: Limit one of each PokÃ©mon
|rule|Item Clause: Limit 1 of each item
|clearpoke
|poke|p1|Aerodactyl, L50, M|
|poke|p1|Metagross, L50|
|poke|p1|Sneasler, L50, M|
|poke|p1|Floette-Eternal, L50, F|
|poke|p1|Incineroar, L50, F|
|poke|p1|Garchomp, L50, F|
|poke|p2|Toxapex, L50, F|
|poke|p2|Garchomp, L50, F|
|poke|p2|Staraptor, L50, F|
|poke|p2|Grimmsnarl, L50, M|
|poke|p2|Sinistcha-Masterpiece, L50|
|poke|p2|Incineroar, L50, M|
|teampreview|4
|showteam|p1|Aerodactyl||FocusSash|Unnerve|RockSlide,Tailwind,Protect,WideGuard|Jolly||M|||50|]Metagross||Metagrossite|ClearBody|Protect,MeteorMash,PsychicFangs,BodyPress|Jolly|||||50|]Sneasler||WhiteHerb|Unburden|CloseCombat,DireClaw,FakeOut,Coaching|Jolly||M|||50|]Floette-Eternal||Floettite|FlowerVeil|Moonblast,DazzlingGleam,CalmMind,Protect|Modest||F|||50|]Incineroar||SitrusBerry|Intimidate|DarkestLariat,PartingShot,FakeOut,FlareBlitz|Adamant||F|||50|]Garchomp||LifeOrb|RoughSkin|DragonClaw,Earthquake,Protect,RockSlide|Jolly||F|||50|
|showteam|p2|Toxapex||Leftovers|Regenerator|BanefulBunker,Toxic,Infestation,WideGuard|Bold||F|||50|]Garchomp||LifeOrb|RoughSkin|Earthquake,DragonClaw,RockSlide,Protect|Jolly||F|||50|]Staraptor||Staraptite|Intimidate|CloseCombat,BraveBird,Roost,Protect|Jolly||F|||50|]Grimmsnarl||LightClay|Prankster|LightScreen,Reflect,PartingShot,SpiritBreak|Careful||M|||50|]Sinistcha-Masterpiece||ColburBerry|Hospitality|MatchaGotcha,TrickRoom,LifeDew,RagePowder|Calm|||||50|]Incineroar||SitrusBerry|Intimidate|FakeOut,ThroatChop,FlareBlitz,PartingShot|Impish||M|||50|
|j| liamj vgc!
|c|â˜†TheOneAndOnlyChat|glhf
|j| Dr. Bejan
|c|â˜†damp682|Timer saved youðŸ™ƒ
|inactive|Battle timer is ON: inactive players will automatically lose when time's up. (requested by damp682)
|c|â˜†TheOneAndOnlyChat|lol
|
|t:|1783291674
|teamsize|p1|4
|teamsize|p2|4
|start
|switch|p1a: Sneasler|Sneasler, L50, M|100/100
|switch|p1b: Floette|Floette-Eternal, L50, F|100/100
|switch|p2a: Toxapex|Toxapex, L50, F|100/100
|switch|p2b: Grimmsnarl|Grimmsnarl, L50, M|100/100
|turn|1
|inactive|damp682 has 30 seconds left.
|inactive|TheOneAndOnlyChat has 30 seconds left.
|
|t:|1783291702
|detailschange|p1b: Floette|Floette-Mega, L50, F
|-mega|p1b: Floette|Floette|Floettite
|-ability|p1b: Floette|Fairy Aura
|move|p1a: Sneasler|Fake Out|p2a: Toxapex
|-damage|p2a: Toxapex|91/100
|move|p2b: Grimmsnarl|Light Screen|p2b: Grimmsnarl
|-sidestart|p2: TheOneAndOnlyChat|move: Light Screen
|move|p1b: Floette|Calm Mind|p1b: Floette
|-boost|p1b: Floette|spa|1
|-boost|p1b: Floette|spd|1
|cant|p2a: Toxapex|flinch
|
|-heal|p2a: Toxapex|97/100|[from] item: Leftovers
|upkeep
|turn|2
|
|t:|1783291722
|switch|p1a: Incineroar|Incineroar, L50, F|100/100
|-ability|p1a: Incineroar|Intimidate|boost
|-unboost|p2a: Toxapex|atk|1
|-unboost|p2b: Grimmsnarl|atk|1
|move|p1b: Floette|Protect|p1b: Floette
|-singleturn|p1b: Floette|Protect
|move|p2b: Grimmsnarl|Reflect|p2b: Grimmsnarl
|-sidestart|p2: TheOneAndOnlyChat|Reflect
|move|p2a: Toxapex|Infestation|p1b: Floette
|-activate|p1b: Floette|move: Protect
|
|-heal|p2a: Toxapex|100/100|[from] item: Leftovers
|upkeep
|turn|3
|inactive|damp682 has 30 seconds left.
|inactive|damp682 has 20 seconds left.
|inactive|damp682 has 15 seconds left.
|c|â˜†damp682|I'm looked in this time ðŸ¥²
|inactive|damp682 has 10 seconds left.
|
|t:|1783291769
|move|p2a: Toxapex|Baneful Bunker|p2a: Toxapex
|-singleturn|p2a: Toxapex|move: Protect
|move|p1a: Incineroar|Fake Out|p2a: Toxapex
|-activate|p2a: Toxapex|move: Protect
|-status|p1a: Incineroar|psn
|move|p1b: Floette|Dazzling Gleam|p2b: Grimmsnarl|[spread] p2b
|-activate|p2a: Toxapex|move: Protect
|-supereffective|p2b: Grimmsnarl|1
|-damage|p2b: Grimmsnarl|14/100
|move|p2b: Grimmsnarl|Spirit Break|p1b: Floette
|-damage|p1b: Floette|68/100
|-unboost|p1b: Floette|spa|1
|
|-damage|p1a: Incineroar|87/100 psn|[from] psn
|upkeep
|turn|4
|
|t:|1783291791
|move|p2b: Grimmsnarl|Parting Shot|p1b: Floette
|-unboost|p1b: Floette|atk|1
|-unboost|p1b: Floette|spa|1
|
|t:|1783291800
|switch|p2b: Incineroar|Incineroar, L50, M|100/100|[from] Parting Shot
|-ability|p2b: Incineroar|Intimidate|boost
|-unboost|p1a: Incineroar|atk|1
|-unboost|p1b: Floette|atk|1
|move|p1b: Floette|Dazzling Gleam|p2a: Toxapex|[spread] p2a,p2b
|-resisted|p2a: Toxapex|1
|-crit|p2b: Incineroar
|-damage|p2a: Toxapex|91/100
|-damage|p2b: Incineroar|39/100
|-enditem|p2b: Incineroar|Sitrus Berry|[eat]
|-heal|p2b: Incineroar|63/100|[from] item: Sitrus Berry
|move|p1a: Incineroar|Darkest Lariat|p2a: Toxapex
|-damage|p2a: Toxapex|79/100
|move|p2a: Toxapex|Infestation|p1b: Floette
|-resisted|p1b: Floette|1
|-damage|p1b: Floette|68/100
|-activate|p1b: Floette|move: Infestation|[of] p2a: Toxapex
|
|-heal|p2a: Toxapex|85/100|[from] item: Leftovers
|-damage|p1a: Incineroar|75/100 psn|[from] psn
|-damage|p1b: Floette|56/100|[from] move: Infestation|[partiallytrapped]
|upkeep
|turn|5
|inactive|damp682 has 30 seconds left.
|
|t:|1783291834
|switch|p1a: Aerodactyl|Aerodactyl, L50, M|100/100
|-ability|p1a: Aerodactyl|Unnerve
|move|p2b: Incineroar|Fake Out|p1b: Floette
|-damage|p1b: Floette|42/100
|cant|p1b: Floette|flinch
|move|p2a: Toxapex|Toxic|p1b: Floette
|-status|p1b: Floette|tox
|
|-heal|p2a: Toxapex|91/100|[from] item: Leftovers
|-damage|p1b: Floette|36/100 tox|[from] psn
|-damage|p1b: Floette|24/100 tox|[from] move: Infestation|[partiallytrapped]
|upkeep
|turn|6
|
|t:|1783291859
|move|p2a: Toxapex|Wide Guard|p2a: Toxapex
|-singleturn|p2a: Toxapex|Wide Guard
|move|p1a: Aerodactyl|Tailwind|p1a: Aerodactyl
|-sidestart|p1: damp682|move: Tailwind
|move|p1b: Floette|Moonblast|p2b: Incineroar
|-damage|p2b: Incineroar|33/100
|move|p2b: Incineroar|Parting Shot|p1a: Aerodactyl
|-unboost|p1a: Aerodactyl|atk|1
|-unboost|p1a: Aerodactyl|spa|1
|
|t:|1783291873
|switch|p2b: Grimmsnarl|Grimmsnarl, L50, M|14/100|[from] Parting Shot
|
|-heal|p2a: Toxapex|96/100|[from] item: Leftovers
|-damage|p1b: Floette|12/100 tox|[from] psn
|-damage|p1b: Floette|0 fnt|[from] move: Infestation|[partiallytrapped]
|faint|p1b: Floette
|upkeep
|
|t:|1783291884
|switch|p1b: Sneasler|Sneasler, L50, M|100/100
|turn|7
|
|t:|1783291897
|move|p1b: Sneasler|Fake Out|p2a: Toxapex
|-damage|p2a: Toxapex|91/100
|move|p2b: Grimmsnarl|Parting Shot|p1a: Aerodactyl
|-unboost|p1a: Aerodactyl|atk|1
|-unboost|p1a: Aerodactyl|spa|1
|
|t:|1783291900
|switch|p2b: Incineroar|Incineroar, L50, M|33/100|[from] Parting Shot
|-ability|p2b: Incineroar|Intimidate|boost
|-unboost|p1a: Aerodactyl|atk|1
|-unboost|p1b: Sneasler|atk|1
|-enditem|p1b: Sneasler|White Herb
|-clearnegativeboost|p1b: Sneasler|[silent]
|move|p1a: Aerodactyl|Rock Slide|p2a: Toxapex|[spread] p2a,p2b
|-supereffective|p2b: Incineroar|1
|-damage|p2a: Toxapex|86/100
|-damage|p2b: Incineroar|22/100
|cant|p2a: Toxapex|flinch
|
|-heal|p2a: Toxapex|92/100|[from] item: Leftovers
|upkeep
|turn|8
|inactive|damp682 has 30 seconds left.
|
|t:|1783291935
|switch|p1a: Incineroar|Incineroar, L50, F|75/100 psn
|-ability|p1a: Incineroar|Intimidate|boost
|-unboost|p2a: Toxapex|atk|1
|-unboost|p2b: Incineroar|atk|1
|move|p2b: Incineroar|Fake Out|p1b: Sneasler
|-damage|p1b: Sneasler|89/100
|cant|p1b: Sneasler|flinch
|move|p2a: Toxapex|Infestation|p1a: Incineroar
|-damage|p1a: Incineroar|72/100 psn
|-activate|p1a: Incineroar|move: Infestation|[of] p2a: Toxapex
|
|-heal|p2a: Toxapex|98/100|[from] item: Leftovers
|-damage|p1a: Incineroar|60/100 psn|[from] psn
|-damage|p1a: Incineroar|48/100 psn|[from] move: Infestation|[partiallytrapped]
|-sideend|p2: TheOneAndOnlyChat|move: Light Screen
|upkeep
|-enditem|p1a: Incineroar|Sitrus Berry|[eat]
|-heal|p1a: Incineroar|73/100 psn|[from] item: Sitrus Berry
|turn|9
|inactive|damp682 has 30 seconds left.
|inactive|damp682 has 20 seconds left.
|inactive|damp682 has 15 seconds left.
|inactive|damp682 has 10 seconds left.
|inactive|damp682 has 5 seconds left.
|
|t:|1783291987
|move|p2a: Toxapex|Baneful Bunker|p2a: Toxapex
|-singleturn|p2a: Toxapex|move: Protect
|move|p1b: Sneasler|Close Combat|p2a: Toxapex
|-activate|p2a: Toxapex|move: Protect
|move|p1a: Incineroar|Darkest Lariat|p2a: Toxapex
|-activate|p2a: Toxapex|move: Protect
|move|p2b: Incineroar|Parting Shot|p1b: Sneasler
|-unboost|p1b: Sneasler|atk|1
|-unboost|p1b: Sneasler|spa|1
|
|t:|1783291998
|switch|p2b: Grimmsnarl|Grimmsnarl, L50, M|14/100|[from] Parting Shot
|
|-heal|p2a: Toxapex|100/100|[from] item: Leftovers
|-damage|p1a: Incineroar|61/100 psn|[from] psn
|-damage|p1a: Incineroar|49/100 psn|[from] move: Infestation|[partiallytrapped]
|-sideend|p2: TheOneAndOnlyChat|Reflect
|-sideend|p1: damp682|move: Tailwind
|upkeep
|turn|10
|inactive|damp682 has 30 seconds left.
|c|â˜†damp682|Low key you have meðŸ¤­
|inactive|damp682 has 20 seconds left.
|inactive|damp682 has 15 seconds left.
|
|t:|1783292041
|move|p2b: Grimmsnarl|Reflect|p2b: Grimmsnarl
|-sidestart|p2: TheOneAndOnlyChat|Reflect
|move|p1b: Sneasler|Dire Claw|p2b: Grimmsnarl
|-supereffective|p2b: Grimmsnarl|1
|-damage|p2b: Grimmsnarl|0 fnt
|faint|p2b: Grimmsnarl
|move|p1a: Incineroar|Parting Shot|p2a: Toxapex
|-unboost|p2a: Toxapex|atk|1
|-unboost|p2a: Toxapex|spa|1
|
|t:|1783292051
|switch|p1a: Aerodactyl|Aerodactyl, L50, M|100/100|[from] Parting Shot
|-ability|p1a: Aerodactyl|Unnerve
|move|p2a: Toxapex|Infestation|p1b: Sneasler
|-resisted|p1b: Sneasler|2
|-damage|p1b: Sneasler|89/100
|-activate|p1b: Sneasler|move: Infestation|[of] p2a: Toxapex
|
|-damage|p1b: Sneasler|77/100|[from] move: Infestation|[partiallytrapped]
|upkeep
|c|â˜†TheOneAndOnlyChat|Stall feels like it can be really strong in this format
|
|t:|1783292064
|switch|p2b: Incineroar|Incineroar, L50, M|22/100
|-ability|p2b: Incineroar|Intimidate|boost
|-unboost|p1a: Aerodactyl|atk|1
|-unboost|p1b: Sneasler|atk|1
|turn|11
|
|t:|1783292081
|switch|p1a: Incineroar|Incineroar, L50, F|49/100 psn
|-ability|p1a: Incineroar|Intimidate|boost
|-unboost|p2a: Toxapex|atk|1
|-unboost|p2b: Incineroar|atk|1
|move|p2b: Incineroar|Fake Out|p1b: Sneasler
|-damage|p1b: Sneasler|67/100
|cant|p1b: Sneasler|flinch
|move|p2a: Toxapex|Toxic||[still]
|-fail|p2a: Toxapex
|
|-damage|p1a: Incineroar|37/100 psn|[from] psn
|-damage|p1b: Sneasler|55/100|[from] move: Infestation|[partiallytrapped]
|upkeep
|turn|12
|
|t:|1783292104
|switch|p2b: Sinistcha|Sinistcha-Masterpiece, L50|100/100
|move|p1a: Incineroar|Fake Out|p2b: Sinistcha
|-immune|p2b: Sinistcha
|move|p1b: Sneasler|Dire Claw|p2b: Sinistcha
|-damage|p2b: Sinistcha|88/100
|move|p2a: Toxapex|Infestation|p1a: Incineroar
|-damage|p1a: Incineroar|35/100 psn
|-activate|p1a: Incineroar|move: Infestation|[of] p2a: Toxapex
|
|-damage|p1a: Incineroar|23/100 psn|[from] psn
|-damage|p1b: Sneasler|43/100|[from] move: Infestation|[partiallytrapped]
|-damage|p1a: Incineroar|10/100 psn|[from] move: Infestation|[partiallytrapped]
|upkeep
|turn|13
|l|â˜†damp682
|inactive|damp682 disconnected and has a minute to reconnect!
|player|p1|
|inactive|damp682 has 30 seconds left.
|inactive|TheOneAndOnlyChat has 30 seconds left.
|j|â˜†damp682
|inactive|damp682 reconnected and has 25 seconds left.
|player|p1|damp682|hilbert|
|inactive|damp682 has 20 seconds left.
|inactive|damp682 has 15 seconds left.
|inactive|damp682 has 10 seconds left.
|
|t:|1783292152
|switch|p2b: Incineroar|Incineroar, L50, M|22/100
|-ability|p2b: Incineroar|Intimidate|boost
|-unboost|p1a: Incineroar|atk|1
|-unboost|p1b: Sneasler|atk|1
|move|p1b: Sneasler|Dire Claw|p2a: Toxapex
|-resisted|p2a: Toxapex|1
|-damage|p2a: Toxapex|96/100
|move|p1a: Incineroar|Parting Shot|p2b: Incineroar
|-unboost|p2b: Incineroar|atk|1
|-unboost|p2b: Incineroar|spa|1
|inactive|damp682 has 30 seconds left.
|
|t:|1783292171
|switch|p1a: Aerodactyl|Aerodactyl, L50, M|100/100|[from] Parting Shot
|-ability|p1a: Aerodactyl|Unnerve
|move|p2a: Toxapex|Infestation|p1a: Aerodactyl
|-resisted|p1a: Aerodactyl|1
|-damage|p1a: Aerodactyl|98/100
|-activate|p1a: Aerodactyl|move: Infestation|[of] p2a: Toxapex
|
|-heal|p2a: Toxapex|100/100|[from] item: Leftovers
|-damage|p1b: Sneasler|31/100|[from] move: Infestation|[partiallytrapped]
|-damage|p1a: Aerodactyl|86/100|[from] move: Infestation|[partiallytrapped]
|upkeep
|turn|14
|inactive|damp682 has 30 seconds left this turn.
|inactive|damp682 has 20 seconds left.
|
|t:|1783292185
|move|p2b: Incineroar|Fake Out|p1b: Sneasler
|-damage|p1b: Sneasler|20/100y
|cant|p1b: Sneasler|flinch
|move|p1a: Aerodactyl|Rock Slide|p2b: Incineroar|[spread] p2a,p2b
|-supereffective|p2b: Incineroar|1
|-damage|p2a: Toxapex|89/100
|-damage|p2b: Incineroar|0 fnt
|faint|p2b: Incineroar
|move|p2a: Toxapex|Toxic|p1a: Aerodactyl
|-status|p1a: Aerodactyl|tox
|
|-heal|p2a: Toxapex|94/100|[from] item: Leftovers
|-damage|p1a: Aerodactyl|80/100 tox|[from] psn
|-end|p1b: Sneasler|Infestation|[partiallytrapped]
|-damage|p1a: Aerodactyl|68/100 tox|[from] move: Infestation|[partiallytrapped]
|upkeep
|
|t:|1783292193
|switch|p2b: Sinistcha|Sinistcha-Masterpiece, L50|88/100
|-heal|p2a: Toxapex|100/100|[from] ability: Hospitality|[of] p2b: Sinistcha
|turn|15
|inactive|damp682 has 20 seconds left this turn.
|inactive|damp682 has 15 seconds left.
|inactive|damp682 has 10 seconds left.
|
|t:|1783292207
|move|p1b: Sneasler|Close Combat|p2a: Toxapex
|-resisted|p2a: Toxapex|1
|-damage|p2a: Toxapex|94/100
|-unboost|p1b: Sneasler|def|1
|-unboost|p1b: Sneasler|spd|1
|move|p1a: Aerodactyl|Rock Slide|p2a: Toxapex|[spread] p2b
|-miss|p1a: Aerodactyl|p2a: Toxapex
|-damage|p2b: Sinistcha|73/100
|cant|p2b: Sinistcha|flinch
|move|p2a: Toxapex|Infestation|p1b: Sneasler
|-resisted|p1b: Sneasler|2
|-damage|p1b: Sneasler|20/100y
|-activate|p1b: Sneasler|move: Infestation|[of] p2a: Toxapex
|
|-heal|p2a: Toxapex|100/100|[from] item: Leftovers
|-damage|p1a: Aerodactyl|57/100 tox|[from] psn
|-damage|p1b: Sneasler|8/100|[from] move: Infestation|[partiallytrapped]
|-damage|p1a: Aerodactyl|45/100 tox|[from] move: Infestation|[partiallytrapped]
|upkeep
|turn|16
|inactive|damp682 has 10 seconds left this turn.
|inactive|damp682 has 5 seconds left.
|
|t:|1783292230
|move|p2a: Toxapex|Wide Guard|p2a: Toxapex
|-singleturn|p2a: Toxapex|Wide Guard
|move|p1b: Sneasler|Dire Claw|p2a: Toxapex
|-resisted|p2a: Toxapex|1
|-damage|p2a: Toxapex|96/100
|move|p1a: Aerodactyl|Rock Slide|p2b: Sinistcha|[spread] 
|-activate|p2a: Toxapex|move: Wide Guard
|-activate|p2b: Sinistcha|move: Wide Guard
|move|p2b: Sinistcha|Matcha Gotcha|p1a: Aerodactyl|[spread] 
|-miss|p2b: Sinistcha|p1a: Aerodactyl
|-miss|p2b: Sinistcha|p1b: Sneasler
|
|-heal|p2a: Toxapex|100/100|[from] item: Leftovers
|-damage|p1a: Aerodactyl|28/100 tox|[from] psn
|-damage|p1b: Sneasler|0 fnt|[from] move: Infestation|[partiallytrapped]
|faint|p1b: Sneasler
|-damage|p1a: Aerodactyl|15/100 tox|[from] move: Infestation|[partiallytrapped]
|upkeep
|inactive|damp682 has 5 seconds left this turn.
|
|t:|1783292235
|switch|p1b: Incineroar|Incineroar, L50, F|10/100 psn
|-ability|p1b: Incineroar|Intimidate|boost
|-unboost|p2a: Toxapex|atk|1
|-unboost|p2b: Sinistcha|atk|1
|turn|17
|inactive|damp682 has 5 seconds left this turn.
|-message|damp682 lost due to inactivity.
|
|win|TheOneAndOnlyChat
|raw|damp682's rating: 1119 → 1098(-21 for losing)
|raw|TheOneAndOnlyChat's rating: 1177 → 1198(+21 for winning)
|c|â˜†TheOneAndOnlyChat|ggwp
