|j|☆Chandeliere
|j|☆Farei Jr VGC
|html|ChandeliereFarei Jr VGC    
|uhtml|bestof|Game 2 of a best-of-3
|t:|1756514967
|gametype|doubles
|player|p1|Chandeliere|ethan|1220
|player|p2|Farei Jr VGC|hiker-gen7|1159
|gen|9
|tier|[Gen 9] VGC 2025 Reg H (Bo3)
|rated|
|rule|Species Clause: Limit one of each Pokémon
|rule|Item Clause: Limit 1 of each item
|clearpoke
|poke|p1|Incineroar, L50, M|
|poke|p1|Dragonite, L50, M|
|poke|p1|Porygon2, L50|
|poke|p1|Ursaluna-Bloodmoon, L50, M|
|poke|p1|Ninetales-Alola, L50, F|
|poke|p1|Annihilape, L50, F|
|poke|p2|Maushold-Four, L50|
|poke|p2|Annihilape, L50, F|
|poke|p2|Rillaboom, L50, M|
|poke|p2|Klefki, L50, M|
|poke|p2|Volcarona, L50, F|
|poke|p2|Tyranitar, L50, M|
|teampreview|4
|showteam|p1|Incineroar||ChopleBerry|Intimidate|FlareBlitz,KnockOff,FakeOut,PartingShot|||M|||50|,,,,,Grass]Dragonite||LoadedDice|Multiscale|ScaleShot,Tailwind,Haze,Protect|||M|||50|,,,,,Steel]Porygon2||Eviolite|Download|TeraBlast,IceBeam,Recover,TrickRoom||||||50|,,,,,Fighting]Ursaluna-Bloodmoon||AssaultVest|MindsEye|HyperVoice,BloodMoon,VacuumWave,EarthPower|||M|||50|,,,,,Water]Ninetales-Alola||LightClay|SnowWarning|IcicleSpear,Encore,IcyWind,AuroraVeil|||F|||50|,,,,,Ghost]Annihilape||SafetyGoggles|Defiant|DrainPunch,RageFist,BulkUp,Protect|||F|||50|,,,,,Fire
|showteam|p2|Maushold-Four||SafetyGoggles|FriendGuard|Protect,BeatUp,Taunt,FollowMe||||||50|,,,,,Ghost]Annihilape||Leftovers|Defiant|Protect,RageFist,BulkUp,DrainPunch|||F|||50|,,,,,Fire]Rillaboom||MeadowPlate|GrassySurge|FakeOut,WoodHammer,GrassyGlide,Uturn|||M|||50|,,,,,Fire]Klefki||LightClay|Prankster|Reflect,LightScreen,ThunderWave,DazzlingGleam|||M|||50|,,,,,Water]Volcarona||GrassySeed|FlameBody|Protect,GigaDrain,QuiverDance,HeatWave|||F|||50|,,,,,Grass]Tyranitar||AssaultVest|SandStream|TeraBlast,RockSlide,LowKick,KnockOff|||M|||50|,,,,,Flying
|inactive|Battle timer is ON: inactive players will automatically lose when time's up. (requested by Farei Jr VGC)
|
|t:|1756514995
|teamsize|p1|4
|teamsize|p2|4
|start
|switch|p1a: Ursaluna|Ursaluna-Bloodmoon, L50, M|100/100
|switch|p1b: Porygon2|Porygon2, L50|100/100
|switch|p2a: Klefki|Klefki, L50, M|100/100
|switch|p2b: Annihilape|Annihilape, L50, F|100/100
|-ability|p1b: Porygon2|Download|boost
|-boost|p1b: Porygon2|spa|1
|turn|1
|
|t:|1756515014
|-terastallize|p1a: Ursaluna|Water
|move|p2a: Klefki|Light Screen|p2a: Klefki
|-sidestart|p2: Farei Jr VGC|move: Light Screen
|move|p2b: Annihilape|Bulk Up|p2b: Annihilape
|-boost|p2b: Annihilape|atk|1
|-boost|p2b: Annihilape|def|1
|move|p1a: Ursaluna|Earth Power|p2a: Klefki
|-supereffective|p2a: Klefki
|-damage|p2a: Klefki|32/100
|move|p1b: Porygon2|Trick Room|p1b: Porygon2
|-fieldstart|move: Trick Room|[of] p1b: Porygon2
|
|upkeep
|turn|2
|
|t:|1756515035
|move|p2a: Klefki|Reflect|p2a: Klefki
|-sidestart|p2: Farei Jr VGC|Reflect
|move|p1b: Porygon2|Ice Beam|p2b: Annihilape
|-damage|p2b: Annihilape|76/100
|move|p1a: Ursaluna|Blood Moon|p2b: Annihilape
|-damage|p2b: Annihilape|35/100
|move|p2b: Annihilape|Bulk Up|p2b: Annihilape
|-boost|p2b: Annihilape|atk|1
|-boost|p2b: Annihilape|def|1
|
|-heal|p2b: Annihilape|41/100|[from] item: Leftovers
|upkeep
|turn|3
|
|t:|1756515050
|switch|p2a: Rillaboom|Rillaboom, L50, M|100/100
|-fieldstart|move: Grassy Terrain|[from] ability: Grassy Surge|[of] p2a: Rillaboom
|move|p2b: Annihilape|Protect|p2b: Annihilape
|-singleturn|p2b: Annihilape|Protect
|move|p1b: Porygon2|Ice Beam|p2b: Annihilape
|-activate|p2b: Annihilape|move: Protect
|move|p1a: Ursaluna|Hyper Voice|p2b: Annihilape|[spread] p2a
|-activate|p2b: Annihilape|move: Protect
|-damage|p2a: Rillaboom|73/100
|
|-heal|p2a: Rillaboom|79/100|[from] Grassy Terrain
|-heal|p2b: Annihilape|47/100|[from] Grassy Terrain
|-heal|p2b: Annihilape|53/100|[from] item: Leftovers
|upkeep
|turn|4
|inactive|Farei Jr VGC has 30 seconds left.
|
|t:|1756515075
|move|p2a: Rillaboom|Fake Out|p1b: Porygon2
|-damage|p1b: Porygon2|91/100
|cant|p1b: Porygon2|flinch
|move|p1a: Ursaluna|Blood Moon|p2b: Annihilape
|-damage|p2b: Annihilape|6/100
|move|p2b: Annihilape|Drain Punch|p1b: Porygon2
|-supereffective|p1b: Porygon2
|-damage|p1b: Porygon2|16/100
|-heal|p2b: Annihilape|40/100|[from] drain|[of] p1b: Porygon2
|
|-heal|p1b: Porygon2|22/100|[from] Grassy Terrain
|-heal|p2a: Rillaboom|85/100|[from] Grassy Terrain
|-heal|p2b: Annihilape|47/100|[from] Grassy Terrain
|-heal|p2b: Annihilape|53/100|[from] item: Leftovers
|upkeep
|turn|5
|inactive|Chandeliere has 30 seconds left.
|
|t:|1756515100
|move|p2a: Rillaboom|Grassy Glide|p1b: Porygon2
|-damage|p1b: Porygon2|0 fnt
|faint|p1b: Porygon2
|move|p1a: Ursaluna|Hyper Voice|p2b: Annihilape|[spread] p2a,p2b
|-damage|p2a: Rillaboom|60/100
|-damage|p2b: Annihilape|32/100
|move|p2b: Annihilape|Drain Punch|p1a: Ursaluna
|-damage|p1a: Ursaluna|61/100
|-heal|p2b: Annihilape|52/100|[from] drain|[of] p1a: Ursaluna
|
|-heal|p1a: Ursaluna|67/100|[from] Grassy Terrain
|-heal|p2a: Rillaboom|67/100|[from] Grassy Terrain
|-heal|p2b: Annihilape|58/100|[from] Grassy Terrain
|-heal|p2b: Annihilape|64/100|[from] item: Leftovers
|-fieldend|move: Trick Room
|upkeep
|
|t:|1756515114
|switch|p1b: Ninetales|Ninetales-Alola, L50, F|100/100
|-weather|Snowscape|[from] ability: Snow Warning|[of] p1b: Ninetales
|turn|6
|inactive|Chandeliere has 30 seconds left.
|
|t:|1756515143
|move|p2a: Rillaboom|Grassy Glide|p1a: Ursaluna
|-supereffective|p1a: Ursaluna
|-damage|p1a: Ursaluna|4/100
|move|p1b: Ninetales|Icy Wind|p2b: Annihilape|[spread] p2a,p2b
|-supereffective|p2a: Rillaboom
|-damage|p2a: Rillaboom|50/100
|-damage|p2b: Annihilape|56/100
|-unboost|p2a: Rillaboom|spe|1
|-unboost|p2b: Annihilape|spe|1
|-ability|p2b: Annihilape|Defiant|boost
|-boost|p2b: Annihilape|atk|2
|move|p2b: Annihilape|Rage Fist|p1a: Ursaluna
|-damage|p1a: Ursaluna|0 fnt
|faint|p1a: Ursaluna
|
|-weather|Snowscape|[upkeep]
|-heal|p2b: Annihilape|63/100|[from] Grassy Terrain
|-heal|p2b: Annihilape|69/100|[from] item: Leftovers
|-heal|p2a: Rillaboom|56/100|[from] Grassy Terrain
|upkeep
|
|t:|1756515160
|switch|p1a: Annihilape|Annihilape, L50, F|100/100
|turn|7
|
|t:|1756515174
|switch|p2a: Klefki|Klefki, L50, M|32/100
|-terastallize|p2b: Annihilape|Fire
|move|p1b: Ninetales|Icicle Spear|p1a: Annihilape
|-damage|p1a: Annihilape|93/100
|-damage|p1a: Annihilape|87/100
|-damage|p1a: Annihilape|81/100
|-hitcount|p1a: Annihilape|3
|move|p1a: Annihilape|Rage Fist|p2b: Annihilape
|-damage|p2b: Annihilape|39/100
|move|p2b: Annihilape|Rage Fist|p1a: Annihilape
|-supereffective|p1a: Annihilape
|-damage|p1a: Annihilape|0 fnt
|faint|p1a: Annihilape
|
|-weather|Snowscape|[upkeep]
|-heal|p2b: Annihilape|46/100|[from] Grassy Terrain
|-heal|p2b: Annihilape|52/100|[from] item: Leftovers
|-heal|p2a: Klefki|38/100|[from] Grassy Terrain
|-fieldend|move: Grassy Terrain
|upkeep
|turn|8
|-message|Chandeliere forfeited.
|
|win|Farei Jr VGC
|raw|Chandeliere's rating: 1220 → 1191(-29 for losing)
|raw|Farei Jr VGC's rating: 1159 → 1188(+29 for winning)
|l|☆Farei Jr VGC
|player|p2|
