|j|☆Legend_Solgaleo
|j|☆Luna_walking
|html|Legend_SolgaleoLuna_walking    
|uhtml|bestof|Game 2 of a best-of-3
|t:|1786105921
|gametype|doubles
|player|p1|Legend_Solgaleo|102|1015
|player|p2|Luna_walking|265|1054
|gen|9
|tier|[Gen 9 Champions] VGC 2026 Reg M-B (Bo3)
|rated|
|rule|Species Clause: Limit one of each Pokémon
|rule|Item Clause: Limit 1 of each item
|clearpoke
|poke|p1|Charizard, L50, M|
|poke|p1|Sableye, L50, M|
|poke|p1|Sinistcha, L50|
|poke|p1|Pelipper, L50, M|
|poke|p1|Metagross, L50|
|poke|p1|Medicham, L50, M|
|poke|p2|Charizard, L50, F|
|poke|p2|Floette-Eternal, L50, F|
|poke|p2|Whimsicott, L50, M|
|poke|p2|Incineroar, L50, F|
|poke|p2|Basculegion, L50, M|
|poke|p2|Garchomp, L50, M|
|teampreview|4
|showteam|p1|Charizard||CharizarditeX|Blaze|BellyDrum,Earthquake,BreakingSwipe,FlareBlitz|Jolly||M|||50|]Sableye||FocusSash|Prankster|FakeOut,Quash,Encore,WillOWisp|Careful||M|||50|]Sinistcha||SitrusBerry|Hospitality|MatchaGotcha,RagePowder,LifeDew,TrickRoom|Bold|||||50|]Pelipper||MysticWater|Drizzle|Hurricane,WideGuard,MuddyWater,HydroPump|Modest||M|||50|]Metagross||Metagrossite|ClearBody|BulletPunch,MeteorMash,PsychicFangs,Protect|Adamant|||||50|]Medicham||LifeOrb|PurePower|DrainPunch,ZenHeadbutt,CloseCombat,SkillSwap|Adamant||M|||50|
|showteam|p2|Charizard||CharizarditeY|Blaze|HeatWave,WeatherBall,SolarBeam,Protect|Modest||F|||50|]Floette-Eternal||Floettite|FlowerVeil|Moonblast,DazzlingGleam,LightofRuin,Protect|Modest||F|||50|]Whimsicott||FocusSash|Prankster|Moonblast,Encore,Tailwind,Protect|Timid||M|||50|]Incineroar||SitrusBerry|Intimidate|FlareBlitz,DarkestLariat,PartingShot,FakeOut|Adamant||F|||50|]Basculegion||MysticWater|Adaptability|WaveCrash,LastRespects,AquaJet,Protect|Adamant||M|||50|]Garchomp||LifeOrb|RoughSkin|DragonClaw,Earthquake,Protect,RockSlide|Jolly||M|||50|
|
|t:|1786105934
|teamsize|p1|4
|teamsize|p2|4
|start
|switch|p1a: Charizard|Charizard, L50, M|100/100
|switch|p1b: Sableye|Sableye, L50, M|100/100
|switch|p2a: Garchomp|Garchomp, L50, M|100/100
|switch|p2b: Whimsicott|Whimsicott, L50, M|100/100
|turn|1
|
|t:|1786105966
|detailschange|p1a: Charizard|Charizard-Mega-X, L50, M
|-mega|p1a: Charizard|Charizard|Charizardite X
|move|p1b: Sableye|Fake Out|p2a: Garchomp
|-damage|p2a: Garchomp|91/100
|-damage|p1b: Sableye|87/100|[from] ability: Rough Skin|[of] p2a: Garchomp
|move|p2b: Whimsicott|Moonblast|p1a: Charizard
|-damage|p1a: Charizard|50/100g
|cant|p2a: Garchomp|flinch
|move|p1a: Charizard|Breaking Swipe|p2a: Garchomp|[spread] p2a
|-immune|p2b: Whimsicott
|-supereffective|p2a: Garchomp|1
|-damage|p2a: Garchomp|28/100
|-unboost|p2a: Garchomp|atk|1
|-damage|p1a: Charizard|37/100|[from] ability: Rough Skin|[of] p2a: Garchomp
|
|upkeep
|turn|2
|inactive|Battle timer is ON: inactive players will automatically lose when time's up. (requested by Legend_Solgaleo)
|
|t:|1786105996
|switch|p2a: Floette|Floette-Eternal, L50, F|100/100
|move|p1b: Sableye|Quash||[still]
|-fail|p1b: Sableye
|move|p2b: Whimsicott|Moonblast|p1a: Charizard
|-damage|p1a: Charizard|0 fnt
|faint|p1a: Charizard
|
|upkeep
|
|t:|1786106005
|switch|p1a: Pelipper|Pelipper, L50, M|100/100
|-weather|RainDance|[from] ability: Drizzle|[of] p1a: Pelipper
|turn|3
|
|t:|1786106028
|detailschange|p2a: Floette|Floette-Mega, L50, F
|-mega|p2a: Floette|Floette|Floettite
|-ability|p2a: Floette|Fairy Aura
|move|p1b: Sableye|Quash|p2a: Floette
|-activate|p2a: Floette|move: Quash
|move|p2b: Whimsicott|Moonblast|p1b: Sableye
|-supereffective|p1b: Sableye|1
|-damage|p1b: Sableye|0 fnt
|faint|p1b: Sableye
|move|p1a: Pelipper|Hydro Pump|p2a: Floette
|-damage|p2a: Floette|27/100
|move|p2a: Floette|Dazzling Gleam|p1a: Pelipper
|-damage|p1a: Pelipper|2/100
|
|-weather|RainDance|[upkeep]
|upkeep
|
|t:|1786106040
|switch|p1b: Sinistcha|Sinistcha, L50|100/100
|-heal|p1a: Pelipper|26/100|[from] ability: Hospitality|[of] p1b: Sinistcha
|turn|4
|
|t:|1786106054
|move|p2b: Whimsicott|Moonblast|p1b: Sinistcha
|-damage|p1b: Sinistcha|57/100
|move|p2a: Floette|Dazzling Gleam|p1b: Sinistcha|[spread] p1a,p1b
|-damage|p1a: Pelipper|0 fnt
|-damage|p1b: Sinistcha|15/100
|-enditem|p1b: Sinistcha|Sitrus Berry|[eat]
|-heal|p1b: Sinistcha|39/100|[from] item: Sitrus Berry
|faint|p1a: Pelipper
|move|p1b: Sinistcha|Matcha Gotcha|p2b: Whimsicott|[spread] p2a,p2b
|-resisted|p2b: Whimsicott|1
|-damage|p2a: Floette|6/100
|-heal|p1b: Sinistcha|49/100|[from] drain|[of] p2a: Floette
|-damage|p2b: Whimsicott|81/100
|-heal|p1b: Sinistcha|56/100|[from] drain|[of] p2b: Whimsicott
|
|-weather|RainDance|[upkeep]
|upkeep
|turn|5
|inactiveoff|Battle timer is now OFF.
|-message|Legend_Solgaleo forfeited.
|
|win|Luna_walking
