|j|☆kaalaas7
|j|☆witlix
|html|kaalaas7witlix    
|uhtml|bestof|Game 2 of a best-of-3
|t:|1786050129
|gametype|doubles
|player|p1|kaalaas7|rocketgruntf|
|player|p2|witlix|benga|
|gen|9
|tier|[Gen 9 Champions] VGC 2026 Reg M-B (Bo3)
|rule|Species Clause: Limit one of each Pokémon
|rule|Item Clause: Limit 1 of each item
|clearpoke
|poke|p1|Charizard, L50, M|
|poke|p1|Incineroar, L50, M|
|poke|p1|Gyarados, L50, M|
|poke|p1|Torterra, L50, M|
|poke|p1|Skarmory, L50, M|
|poke|p1|Kangaskhan, L50, F|
|poke|p2|Floette-Eternal, L50, F|
|poke|p2|Maushold, L50|
|poke|p2|Victreebel, L50, M|
|poke|p2|Ninetales, L50, F|
|poke|p2|Meowstic, L50, M|
|poke|p2|Charizard, L50, M|
|teampreview|4
|showteam|p1|Charizard||CharizarditeY|Blaze|HeatWave,HelpingHand,Protect,WeatherBall|Modest||M|||50|]Incineroar||ShucaBerry|Intimidate|FakeOut,PartingShot,CloseCombat,FlareBlitz|Adamant||M|||50|]Gyarados||FocusSash|Intimidate|Protect,StoneEdge,Earthquake,DragonDance|Jolly||M|||50|]Torterra||WhiteHerb|Overgrow|ShellSmash,Protect,Earthquake,RockSlide|Relaxed||M|||50|]Skarmory||Leftovers|Sturdy|IronDefense,BodyPress,Protect,Tailwind|Impish||M|||50|]Kangaskhan||SilkScarf|InnerFocus|FakeOut,Earthquake,BodySlam,Protect|Jolly||F|||50|
|showteam|p2|Floette-Eternal||Floettite|FlowerVeil|DrainingKiss,CalmMind,DazzlingGleam,Protect|Timid||F|||50|]Maushold||ChopleBerry|FriendGuard|FollowMe,Encore,Protect,PopulationBomb|Impish|||||50|]Victreebel||FocusSash|Chlorophyll|SleepPowder,AcidSpray,LeafStorm,Protect|Modest||M|||50|]Ninetales||LifeOrb|Drought|ScorchingSands,Hypnosis,HeatWave,Protect|Timid||F|||50|]Meowstic||MentalHerb|Prankster|FakeOut,Gravity,RainDance,Thunderbolt|Timid||M|||50|]Charizard||CharizarditeX|Blaze|DragonDance,ThunderPunch,TemperFlare,Protect|Jolly||M|||50|
|inactive|Battle timer is ON: inactive players will automatically lose when time's up. (requested by witlix)
|j| Noir-Grey
|inactive|witlix has 60 seconds left.
|j| Tearamizuu
|
|t:|1786050182
|teamsize|p1|4
|teamsize|p2|4
|start
|switch|p1a: Charizard|Charizard, L50, M|100/100
|switch|p1b: Incineroar|Incineroar, L50, M|100/100
|switch|p2a: Meowstic|Meowstic, L50, M|100/100
|switch|p2b: Ninetales|Ninetales, L50, F|100/100
|-weather|SunnyDay|[from] ability: Drought|[of] p2b: Ninetales
|-ability|p1b: Incineroar|Intimidate|boost
|-unboost|p2a: Meowstic|atk|1
|-unboost|p2b: Ninetales|atk|1
|turn|1
|inactive|witlix has 30 seconds left.
|
|t:|1786050216
|detailschange|p1a: Charizard|Charizard-Mega-Y, L50, M
|-mega|p1a: Charizard|Charizard|Charizardite Y
|move|p2b: Ninetales|Protect|p2b: Ninetales
|-singleturn|p2b: Ninetales|Protect
|move|p2a: Meowstic|Fake Out|p1b: Incineroar
|-damage|p1b: Incineroar|96/100
|move|p1a: Charizard|Heat Wave|p2b: Ninetales|[spread] p2a
|-activate|p2b: Ninetales|move: Protect
|-damage|p2a: Meowstic|34/100
|cant|p1b: Incineroar|flinch
|
|-weather|SunnyDay|[upkeep]
|upkeep
|turn|2
|
|t:|1786050233
|move|p2a: Meowstic|Gravity|p2a: Meowstic
|-fieldstart|move: Gravity
|move|p2b: Ninetales|Hypnosis|p1b: Incineroar
|-status|p1b: Incineroar|slp|[from] move: Hypnosis
|move|p1a: Charizard|Heat Wave|p2a: Meowstic|[spread] p2a,p2b
|-resisted|p2b: Ninetales|1
|-damage|p2a: Meowstic|0 fnt
|-damage|p2b: Ninetales|64/100
|faint|p2a: Meowstic
|cant|p1b: Incineroar|slp
|
|-weather|SunnyDay|[upkeep]
|upkeep
|
|t:|1786050238
|switch|p2a: Floette|Floette-Eternal, L50, F|100/100
|turn|3
|
|t:|1786050252
|detailschange|p2a: Floette|Floette-Mega, L50, F
|-mega|p2a: Floette|Floette|Floettite
|-ability|p2a: Floette|Fairy Aura
|move|p2a: Floette|Calm Mind|p2a: Floette
|-boost|p2a: Floette|spa|1
|-boost|p2a: Floette|spd|1
|move|p2b: Ninetales|Hypnosis|p1a: Charizard
|-status|p1a: Charizard|slp|[from] move: Hypnosis
|cant|p1a: Charizard|slp
|cant|p1b: Incineroar|slp
|
|-weather|SunnyDay|[upkeep]
|upkeep
|turn|4
|
|t:|1786050272
|move|p2a: Floette|Dazzling Gleam|p1b: Incineroar|[spread] p1a,p1b
|-resisted|p1a: Charizard|1
|-damage|p1a: Charizard|72/100 slp
|-damage|p1b: Incineroar|32/100 slp
|move|p2b: Ninetales|Scorching Sands|p1b: Incineroar
|-supereffective|p1b: Incineroar|1
|-enditem|p1b: Incineroar|Shuca Berry|[eat]
|-enditem|p1b: Incineroar|Shuca Berry|[weaken]
|-damage|p1b: Incineroar|11/100 slp
|-damage|p2b: Ninetales|54/100|[from] item: Life Orb
|cant|p1a: Charizard|slp
|-curestatus|p1b: Incineroar|slp|[msg]
|move|p1b: Incineroar|Flare Blitz|p2a: Floette
|-damage|p2a: Floette|0 fnt
|faint|p2a: Floette
|-damage|p1b: Incineroar|0 fnt|[from] Recoil
|faint|p1b: Incineroar
|
|-weather|SunnyDay|[upkeep]
|upkeep
|
|t:|1786050284
|switch|p2a: Victreebel|Victreebel, L50, M|100/100
|switch|p1b: Torterra|Torterra, L50, M|100/100
|turn|5
|
|t:|1786050294
|move|p2a: Victreebel|Acid Spray|p1a: Charizard
|-damage|p1a: Charizard|55/100 slp
|-unboost|p1a: Charizard|spd|2
|move|p2b: Ninetales|Hypnosis|p1b: Torterra
|-status|p1b: Torterra|slp|[from] move: Hypnosis
|-curestatus|p1a: Charizard|slp|[msg]
|move|p1a: Charizard|Heat Wave|p2b: Ninetales|[spread] p2a,p2b
|-supereffective|p2a: Victreebel|1
|-resisted|p2b: Ninetales|1
|-enditem|p2a: Victreebel|Focus Sash
|-damage|p2a: Victreebel|1/100
|-damage|p2b: Ninetales|18/100
|cant|p1b: Torterra|slp
|
|-weather|none
|upkeep
|turn|6
|
|t:|1786050305
|move|p2b: Ninetales|Scorching Sands|p1a: Charizard
|-supereffective|p1a: Charizard|1
|-damage|p1a: Charizard|0 fnt
|faint|p1a: Charizard
|-damage|p2b: Ninetales|8/100|[from] item: Life Orb
|move|p2a: Victreebel|Acid Spray|p1b: Torterra
|-damage|p1b: Torterra|80/100 slp
|-unboost|p1b: Torterra|spd|2
|-enditem|p1b: Torterra|White Herb
|-clearnegativeboost|p1b: Torterra|[silent]
|cant|p1b: Torterra|slp
|
|-fieldend|move: Gravity
|upkeep
|
|t:|1786050308
|switch|p1a: Gyarados|Gyarados, L50, M|100/100
|-ability|p1a: Gyarados|Intimidate|boost
|-unboost|p2a: Victreebel|atk|1
|-unboost|p2b: Ninetales|atk|1
|turn|7
|inactive|witlix has 30 seconds left.
|
|t:|1786050336
|move|p2b: Ninetales|Hypnosis|p1a: Gyarados|[miss]
|-miss|p2b: Ninetales|p1a: Gyarados
|move|p1a: Gyarados|Earthquake|p2b: Ninetales|[spread] p1b,p2a,p2b
|-resisted|p1b: Torterra|1
|-supereffective|p2b: Ninetales|1
|-damage|p1b: Torterra|72/100 slp
|-damage|p2a: Victreebel|0 fnt
|-damage|p2b: Ninetales|0 fnt
|faint|p2a: Victreebel
|faint|p2b: Ninetales
|
|win|kaalaas7
|c|☆kaalaas7|GG
|c|☆witlix|gg
