|j|☆MaxUtrecht
|j|☆LorGhez
|html|MaxUtrechtLorGhez    
|uhtml|bestof|Game 1 of a best-of-3
|t:|1783189693
|gametype|doubles
|player|p1|MaxUtrecht|lucas|1163
|player|p2|LorGhez|265|1152
|gen|9
|tier|[Gen 9 Champions] VGC 2026 Reg M-B (Bo3)
|rated|
|rule|Species Clause: Limit one of each Pokémon
|rule|Item Clause: Limit 1 of each item
|clearpoke
|poke|p1|Floette-Eternal, L50, F|
|poke|p1|Aerodactyl, L50, F|
|poke|p1|Charizard, L50, F|
|poke|p1|Aegislash, L50, F|
|poke|p1|Maushold-Four, L50|
|poke|p1|Sinistcha-Masterpiece, L50|
|poke|p2|Venusaur, L50, M|
|poke|p2|Incineroar, L50, F|
|poke|p2|Primarina, L50, F|
|poke|p2|Aerodactyl, L50, F|
|poke|p2|Kingambit, L50, F|
|poke|p2|Farigiraf, L50, F|
|teampreview|4
|showteam|p1|Floette-Eternal||Floettite|FlowerVeil|Moonblast,DazzlingGleam,CalmMind,Protect|Timid||F|||50|]Aerodactyl||FocusSash|Unnerve|DualWingbeat,RockSlide,Tailwind,WideGuard|Jolly||F|||50|]Charizard||CharizarditeY|SolarPower|HeatWave,SolarBeam,AirSlash,Protect|Timid||F|||50|]Aegislash||Leftovers|StanceChange|Poltergeist,IronHead,ShadowSneak,KingsShield|Adamant||F|||50|]Maushold-Four||SitrusBerry|FriendGuard|SuperFang,FollowMe,Encore,Protect|Timid|||||50|]Sinistcha-Masterpiece||KasibBerry|Hospitality|MatchaGotcha,RagePowder,TrickRoom,ShadowBall|Relaxed|||||50|
|showteam|p2|Venusaur||Venusaurite|Chlorophyll|Protect,GigaDrain,SludgeBomb,EarthPower|Modest||M|||50|]Incineroar||Charcoal|Intimidate|FakeOut,PartingShot,CloseCombat,FlareBlitz|Adamant||F|||50|]Primarina||LifeOrb|LiquidVoice|Protect,CalmMind,HyperVoice,Moonblast|Modest||F|||50|]Aerodactyl||Aerodactylite|Unnerve|DualWingbeat,Tailwind,RockSlide,IceFang|Adamant||F|||50|]Kingambit||BlackGlasses|Defiant|Protect,SuckerPunch,KowtowCleave,SwordsDance|Adamant||F|||50|]Farigiraf||ColburBerry|ArmorTail|TwinBeam,TrickRoom,Thunderbolt,HelpingHand|Sassy||F|||50|
|inactive|Battle timer is ON: inactive players will automatically lose when time's up. (requested by LorGhez)
|inactive|LorGhez has 60 seconds left.
|inactive|LorGhez has 30 seconds left.
|inactive|LorGhez has 20 seconds left.
|
|t:|1783189777
|teamsize|p1|4
|teamsize|p2|4
|start
|switch|p1a: Floette|Floette-Eternal, L50, F|100/100
|switch|p1b: Maushold|Maushold-Four, L50|100/100
|switch|p2a: Incineroar|Incineroar, L50, F|100/100
|switch|p2b: Primarina|Primarina, L50, F|100/100
|-ability|p2a: Incineroar|Intimidate|boost
|-unboost|p1a: Floette|atk|1
|-unboost|p1b: Maushold|atk|1
|turn|1
|inactive|MaxUtrecht has 30 seconds left.
|inactive|LorGhez has 30 seconds left.
|inactive|MaxUtrecht has 20 seconds left.
|inactive|LorGhez has 20 seconds left.
|
|t:|1783189815
|move|p1a: Floette|Protect|p1a: Floette
|-singleturn|p1a: Floette|Protect
|move|p1b: Maushold|Super Fang|p2b: Primarina
|-damage|p2b: Primarina|50/100g
|move|p2b: Primarina|Hyper Voice|p1a: Floette|[spread] p1b
|-activate|p1a: Floette|move: Protect
|-damage|p1b: Maushold|43/100
|-enditem|p1b: Maushold|Sitrus Berry|[eat]
|-heal|p1b: Maushold|67/100|[from] item: Sitrus Berry
|-damage|p2b: Primarina|40/100|[from] item: Life Orb
|move|p2a: Incineroar|Close Combat|p1b: Maushold
|-supereffective|p1b: Maushold|1
|-damage|p1b: Maushold|0 fnt
|-unboost|p2a: Incineroar|def|1
|-unboost|p2a: Incineroar|spd|1
|faint|p1b: Maushold
|
|upkeep
|
|t:|1783189833
|switch|p1b: Aerodactyl|Aerodactyl, L50, F|100/100
|-ability|p1b: Aerodactyl|Unnerve
|turn|2
|
|t:|1783189856
|detailschange|p1a: Floette|Floette-Mega, L50, F
|-mega|p1a: Floette|Floette|Floettite
|-ability|p1a: Floette|Fairy Aura
|move|p2b: Primarina|Protect|p2b: Primarina
|-singleturn|p2b: Primarina|Protect
|move|p1b: Aerodactyl|Rock Slide|p2b: Primarina|[spread] p2a
|-activate|p2b: Primarina|move: Protect
|-supereffective|p2a: Incineroar|1
|-damage|p2a: Incineroar|29/100
|move|p1a: Floette|Dazzling Gleam|p2b: Primarina|[spread] p2a
|-activate|p2b: Primarina|move: Protect
|-damage|p2a: Incineroar|0 fnt
|faint|p2a: Incineroar
|
|upkeep
|
|t:|1783189879
|switch|p2a: Aerodactyl|Aerodactyl, L50, F|100/100
|-ability|p2a: Aerodactyl|Unnerve
|turn|3
|
|t:|1783189906
|detailschange|p2a: Aerodactyl|Aerodactyl-Mega, L50, F
|-mega|p2a: Aerodactyl|Aerodactyl|Aerodactylite
|move|p2a: Aerodactyl|Tailwind|p2a: Aerodactyl
|-sidestart|p2: LorGhez|move: Tailwind
|move|p1b: Aerodactyl|Tailwind|p1b: Aerodactyl
|-sidestart|p1: MaxUtrecht|move: Tailwind
|move|p1a: Floette|Dazzling Gleam|p2a: Aerodactyl|[spread] p2a,p2b
|-damage|p2a: Aerodactyl|44/100
|-damage|p2b: Primarina|0 fnt
|faint|p2b: Primarina
|
|upkeep
|
|t:|1783189916
|switch|p2b: Kingambit|Kingambit, L50, F|100/100
|turn|4
|inactive|LorGhez has 30 seconds left.
|inactive|LorGhez has 20 seconds left.
|inactive|LorGhez has 15 seconds left.
|
|t:|1783189959
|move|p1b: Aerodactyl|Wide Guard|p1b: Aerodactyl
|-singleturn|p1b: Aerodactyl|Wide Guard
|move|p2b: Kingambit|Sucker Punch||[still]
|-fail|p2b: Kingambit
|move|p2a: Aerodactyl|Ice Fang|p1b: Aerodactyl
|-supereffective|p1b: Aerodactyl|1
|-enditem|p1b: Aerodactyl|Focus Sash
|-damage|p1b: Aerodactyl|1/100
|move|p1a: Floette|Dazzling Gleam|p2b: Kingambit|[spread] p2a,p2b
|-damage|p2a: Aerodactyl|0 fnt
|-damage|p2b: Kingambit|58/100
|faint|p2a: Aerodactyl
|
|upkeep
|turn|5
|inactive|LorGhez has 30 seconds left.
|inactive|LorGhez has 20 seconds left.
|inactive|LorGhez has 15 seconds left.
|inactive|LorGhez has 10 seconds left.
|
|t:|1783190007
|move|p2b: Kingambit|Sucker Punch|p1a: Floette
|-resisted|p1a: Floette|1
|-damage|p1a: Floette|67/100
|move|p1b: Aerodactyl|Rock Slide|p2b: Kingambit
|-resisted|p2b: Kingambit|1
|-damage|p2b: Kingambit|44/100
|move|p1a: Floette|Moonblast|p2b: Kingambit
|-damage|p2b: Kingambit|0 fnt
|faint|p2b: Kingambit
|
|win|MaxUtrecht
||MaxUtrecht is ready for game 2.
|inactive|LorGhez has 30 seconds to confirm battle start!
||LorGhez is ready for game 2.
|uhtml|next|Next: Game 2 of 3
