|j|☆Octoputzi
|j|☆fantasminha8
|html|Octoputzifantasminha8    
|uhtml|bestof|Game 1 of a best-of-3
|t:|1756201261
|gametype|doubles
|player|p1|Octoputzi|hoopster|1142
|player|p2|fantasminha8|169|1193
|gen|9
|tier|[Gen 9] VGC 2025 Reg H (Bo3)
|rated|
|rule|Species Clause: Limit one of each Pokémon
|rule|Item Clause: Limit 1 of each item
|clearpoke
|poke|p1|Archaludon, L50, M|
|poke|p1|Basculegion, L50, M|
|poke|p1|Pelipper, L50, M|
|poke|p1|Amoonguss, L50, F|
|poke|p1|Incineroar, L50, F|
|poke|p1|Gholdengo, L50|
|poke|p2|Ursaluna, L50, F|
|poke|p2|Jumpluff, L50, F|
|poke|p2|Charizard, L50, F|
|poke|p2|Torkoal, L50, F|
|poke|p2|Incineroar, L50, M|
|poke|p2|Porygon2, L50|
|teampreview|4
|showteam|p1|Archaludon||AssaultVest|Stamina|DracoMeteor,ElectroShot,FlashCannon,BodyPress|||M|||50|,,,,,Grass]Basculegion||ChoiceBand|SwiftSwim|FlipTurn,WaveCrash,AquaJet,LastRespects|||M|||50|,,,,,Water]Pelipper||FocusSash|Drizzle|Hurricane,WeatherBall,Tailwind,Protect|||M|||50|,,,,,Stellar]Amoonguss||SitrusBerry|Regenerator|Spore,RagePowder,PollenPuff,Protect|||F|||50|,,,,,Fairy]Incineroar||SafetyGoggles|Intimidate|FakeOut,FlareBlitz,KnockOff,PartingShot|||F|||50|,,,,,Ghost]Gholdengo||LifeOrb|GoodasGold|NastyPlot,MakeItRain,ShadowBall,Protect||||||50|,,,,,Water
|showteam|p2|Ursaluna||FlameOrb|Guts|HeadlongRush,Facade,Earthquake,Protect|||F|||50|,,,,,Ghost]Jumpluff||CovertCloak|Chlorophyll|SleepPowder,SunnyDay,Tailwind,RagePowder|||F|||50|,,,,,Fire]Charizard||ChoiceSpecs|SolarPower|SolarBeam,HeatWave,Overheat,WeatherBall|||F|||50|,,,,,Ghost]Torkoal||EjectPack|Drought|ClearSmog,Eruption,Overheat,Protect|||F|||50|,,,,,Fire]Incineroar||AssaultVest|Intimidate|FakeOut,FlareBlitz,KnockOff,Uturn|||M|||50|,,,,,Water]Porygon2||Eviolite|Download|TeraBlast,IceBeam,Recover,TrickRoom||||||50|,,,,,Fighting
|inactive|Battle timer is ON: inactive players will automatically lose when time's up. (requested by Octoputzi)
|
|t:|1756201279
|teamsize|p1|4
|teamsize|p2|4
|start
|switch|p1a: Tobi|Gholdengo, L50|100/100
|switch|p1b: Incineroar|Incineroar, L50, F|100/100
|switch|p2a: Charizard|Charizard, L50, F, shiny|100/100
|switch|p2b: Porygon2|Porygon2, L50|100/100
|-ability|p2b: Porygon2|Download|boost
|-boost|p2b: Porygon2|atk|1
|-ability|p1b: Incineroar|Intimidate|boost
|-unboost|p2a: Charizard|atk|1
|-unboost|p2b: Porygon2|atk|1
|turn|1
|inactive|fantasminha8 has 30 seconds left.
|inactive|fantasminha8 has 20 seconds left.
|inactive|fantasminha8 has 15 seconds left.
|
|t:|1756201322
|switch|p2b: Torkoal|Torkoal, L50, F|100/100
|-weather|SunnyDay|[from] ability: Drought|[of] p2b: Torkoal
|-terastallize|p1a: Tobi|Water
|move|p1b: Incineroar|Fake Out|p2b: Torkoal
|-damage|p2b: Torkoal|92/100
|move|p2a: Charizard|Heat Wave|p1a: Tobi|[spread] p1a,p1b
|-resisted|p1a: Tobi
|-resisted|p1b: Incineroar
|-damage|p1a: Tobi|33/100
|-damage|p1b: Incineroar|66/100
|move|p1a: Tobi|Nasty Plot|p1a: Tobi
|-boost|p1a: Tobi|spa|2
|
|-weather|SunnyDay|[upkeep]
|-damage|p2a: Charizard|88/100|[from] ability: Solar Power|[of] p2a: Charizard
|upkeep
|turn|2
|inactive|Octoputzi has 30 seconds left.
|inactive|Octoputzi has 20 seconds left.
|inactive|Octoputzi has 15 seconds left.
|
|t:|1756201365
|switch|p1b: Pelipper|Pelipper, L50, M|100/100
|-weather|RainDance|[from] ability: Drizzle|[of] p1b: Pelipper
|move|p2a: Charizard|Heat Wave|p1b: Pelipper|[spread] p1a,p1b
|-resisted|p1a: Tobi
|-resisted|p1b: Pelipper
|-damage|p1a: Tobi|20/100
|-damage|p1b: Pelipper|78/100
|-status|p1b: Pelipper|brn
|move|p1a: Tobi|Make It Rain|p2b: Torkoal|[spread] p2a,p2b
|-resisted|p2a: Charizard
|-resisted|p2b: Torkoal
|-damage|p2a: Charizard|8/100
|-damage|p2b: Torkoal|16/100
|-unboost|p1a: Tobi|spa|1
|-damage|p1a: Tobi|10/100|[from] item: Life Orb
|move|p2b: Torkoal|Overheat|p1b: Pelipper
|-resisted|p1b: Pelipper
|-damage|p1b: Pelipper|53/100 brn
|-unboost|p2b: Torkoal|spa|2
|-enditem|p2b: Torkoal|Eject Pack
|
|t:|1756201387
|switch|p2b: Porygon2|Porygon2, L50|100/100
|-ability|p2b: Porygon2|Download|boost
|-boost|p2b: Porygon2|spa|1
|
|-weather|RainDance|[upkeep]
|-damage|p1b: Pelipper|47/100 brn|[from] brn
|upkeep
|turn|3
|inactive|Octoputzi has 30 seconds left.
|inactive|Octoputzi has 20 seconds left.
|inactive|Octoputzi has 15 seconds left.
|
|t:|1756201429
|switch|p1a: Incineroar|Incineroar, L50, F|66/100
|-ability|p1a: Incineroar|Intimidate|boost
|-unboost|p2a: Charizard|atk|1
|-unboost|p2b: Porygon2|atk|1
|move|p2a: Charizard|Heat Wave|p1a: Incineroar|[spread] p1a,p1b
|-resisted|p1a: Incineroar
|-resisted|p1b: Pelipper
|-damage|p1a: Incineroar|59/100
|-damage|p1b: Pelipper|27/100 brn
|move|p1b: Pelipper|Weather Ball|p2a: Charizard
|-supereffective|p2a: Charizard
|-damage|p2a: Charizard|0 fnt
|faint|p2a: Charizard
|move|p2b: Porygon2|Trick Room|p2b: Porygon2
|-fieldstart|move: Trick Room|[of] p2b: Porygon2
|
|-weather|RainDance|[upkeep]
|-damage|p1b: Pelipper|21/100 brn|[from] brn
|upkeep
|
|t:|1756201435
|switch|p2a: Torkoal|Torkoal, L50, F|16/100
|-weather|SunnyDay|[from] ability: Drought|[of] p2a: Torkoal
|turn|4
|inactive|Octoputzi has 30 seconds left.
|
|t:|1756201463
|switch|p2a: Ursaluna|Ursaluna, L50, F|100/100
|switch|p1b: Tobi|Gholdengo, L50, tera:Water|10/100
|-terastallize|p2b: Porygon2|Fighting
|move|p1a: Incineroar|Knock Off|p2a: Ursaluna
|-damage|p2a: Ursaluna|69/100
|-enditem|p2a: Ursaluna|Flame Orb|[from] move: Knock Off|[of] p1a: Incineroar
|move|p2b: Porygon2|Tera Blast|p1a: Incineroar|[anim] Tera Blast Fighting
|-supereffective|p1a: Incineroar
|-damage|p1a: Incineroar|0 fnt
|faint|p1a: Incineroar
|
|-weather|SunnyDay|[upkeep]
|upkeep
|
|t:|1756201477
|switch|p1a: Pelipper|Pelipper, L50, M|21/100 brn
|-weather|RainDance|[from] ability: Drizzle|[of] p1a: Pelipper
|turn|5
|
|t:|1756201488
|switch|p1a: Fisch|Basculegion, L50, M|100/100
|move|p1b: Tobi|Protect|p1b: Tobi
|-singleturn|p1b: Tobi|Protect
|move|p2b: Porygon2|Tera Blast|p1b: Tobi|[anim] Tera Blast Fighting
|-activate|p1b: Tobi|move: Protect
|move|p2a: Ursaluna|Facade|p1a: Fisch
|-immune|p1a: Fisch
|
|-weather|RainDance|[upkeep]
|upkeep
|turn|6
|
|t:|1756201506
|switch|p1b: Pelipper|Pelipper, L50, M|21/100 brn
|move|p1a: Fisch|Aqua Jet|p2a: Ursaluna
|-supereffective|p2a: Ursaluna
|-damage|p2a: Ursaluna|0 fnt
|faint|p2a: Ursaluna
|move|p2b: Porygon2|Ice Beam|p1a: Fisch
|-resisted|p1a: Fisch
|-damage|p1a: Fisch|75/100
|
|-weather|RainDance|[upkeep]
|-damage|p1b: Pelipper|15/100 brn|[from] brn
|upkeep
|
|t:|1756201512
|switch|p2a: Torkoal|Torkoal, L50, F|16/100
|-weather|SunnyDay|[from] ability: Drought|[of] p2a: Torkoal
|turn|7
|
|t:|1756201532
|switch|p1b: Tobi|Gholdengo, L50, tera:Water|10/100
|move|p2a: Torkoal|Protect|p2a: Torkoal
|-singleturn|p2a: Torkoal|Protect
|move|p1a: Fisch|Aqua Jet|p2a: Torkoal
|-activate|p2a: Torkoal|move: Protect
|move|p2b: Porygon2|Ice Beam|p1a: Fisch
|-resisted|p1a: Fisch
|-damage|p1a: Fisch|53/100
|
|-weather|SunnyDay|[upkeep]
|-fieldend|move: Trick Room
|upkeep
|turn|8
|inactive|Octoputzi has 30 seconds left.
|
|t:|1756201559
|switch|p1a: Pelipper|Pelipper, L50, M|15/100 brn
|-weather|RainDance|[from] ability: Drizzle|[of] p1a: Pelipper
|move|p2a: Torkoal|Protect|p2a: Torkoal
|-singleturn|p2a: Torkoal|Protect
|move|p1b: Tobi|Shadow Ball|p2a: Torkoal
|-activate|p2a: Torkoal|move: Protect
|move|p2b: Porygon2|Trick Room|p2b: Porygon2
|-fieldstart|move: Trick Room|[of] p2b: Porygon2
|
|-weather|RainDance|[upkeep]
|-damage|p1a: Pelipper|9/100 brn|[from] brn
|upkeep
|turn|9
|inactive|Octoputzi has 30 seconds left.
|
|t:|1756201588
|move|p1b: Tobi|Protect|p1b: Tobi
|-singleturn|p1b: Tobi|Protect
|move|p2a: Torkoal|Overheat|p1a: Pelipper
|-resisted|p1a: Pelipper
|-damage|p1a: Pelipper|0 fnt
|-unboost|p2a: Torkoal|spa|2
|faint|p1a: Pelipper
|move|p2b: Porygon2|Ice Beam|p1b: Tobi
|-activate|p1b: Tobi|move: Protect
|
|-weather|RainDance|[upkeep]
|upkeep
|
|t:|1756201591
|switch|p1a: Fisch|Basculegion, L50, M|53/100
|turn|10
|
|t:|1756201614
|move|p1a: Fisch|Aqua Jet|p2b: Porygon2
|-damage|p2b: Porygon2|70/100
|move|p2a: Torkoal|Overheat|p1a: Fisch
|-resisted|p1a: Fisch
|-damage|p1a: Fisch|46/100
|-unboost|p2a: Torkoal|spa|2
|move|p2b: Porygon2|Tera Blast|p1b: Tobi|[anim] Tera Blast Fighting
|-damage|p1b: Tobi|0 fnt
|faint|p1b: Tobi
|
|-weather|RainDance|[upkeep]
|upkeep
|turn|11
|j| Arkhept
|l| Arkhept
|
|t:|1756201628
|move|p1a: Fisch|Aqua Jet|p2a: Torkoal
|-supereffective|p2a: Torkoal
|-damage|p2a: Torkoal|0 fnt
|faint|p2a: Torkoal
|move|p2b: Porygon2|Ice Beam|p1a: Fisch
|-resisted|p1a: Fisch
|-damage|p1a: Fisch|21/100
|
|-weather|RainDance|[upkeep]
|upkeep
|turn|12
|
|t:|1756201633
|move|p1a: Fisch|Aqua Jet|p2b: Porygon2
|-damage|p2b: Porygon2|40/100
|move|p2b: Porygon2|Ice Beam|p1a: Fisch
|-resisted|p1a: Fisch
|-damage|p1a: Fisch|0 fnt
|faint|p1a: Fisch
|
|win|fantasminha8
||Octoputzi is ready for game 2.
||fantasminha8 is ready for game 2.
|uhtml|next|Next: Game 2 of 3
|l|☆fantasminha8
|player|p2|
