|j|☆ultrashxt
|j|☆PkSbm
|html|ultrashxtPkSbm    
|uhtml|bestof|Game 1 of a best-of-3
|t:|1756577875
|gametype|doubles
|player|p1|ultrashxt|sabrina|1170
|player|p2|PkSbm|102|1196
|gen|9
|tier|[Gen 9] VGC 2025 Reg H (Bo3)
|rated|
|rule|Species Clause: Limit one of each Pokémon
|rule|Item Clause: Limit 1 of each item
|clearpoke
|poke|p1|Excadrill, L50, F|
|poke|p1|Garchomp, L50, F|
|poke|p1|Tyranitar, L50, M|
|poke|p1|Rillaboom, L50, F|
|poke|p1|Bronzong, L50|
|poke|p1|Archaludon, L50, F|
|poke|p2|Gholdengo, L50|
|poke|p2|Dragonite, L50, F|
|poke|p2|Porygon2, L50|
|poke|p2|Ursaluna-Bloodmoon, L50, M|
|poke|p2|Primarina, L50, M|
|poke|p2|Incineroar, L50, M|
|teampreview|4
|showteam|p1|Excadrill||FocusSash|SandRush|HighHorsepower,IronHead,Protect,SwordsDance|||F|||50|,,,,,Grass]Garchomp||LifeOrb|SandVeil|Protect,Earthquake,PoisonJab,Outrage|||F|||50|,,,,,Poison]Tyranitar||ClearAmulet|SandStream|Protect,RockSlide,KnockOff,TeraBlast|||M|||50|,,,,,Flying]Rillaboom||AssaultVest|GrassySurge|FakeOut,GrassyGlide,Uturn,WoodHammer|||F|||50|,,,,,Water]Bronzong||MentalHerb|Levitate|TrickRoom,GyroBall,BodyPress,SkillSwap||||||50|,,,,,Fighting]Archaludon||PowerHerb|Stalwart|ElectroShot,Protect,FlashCannon,DracoMeteor|||F|||50|,,,,,Flying
|showteam|p2|Gholdengo||LifeOrb|GoodasGold|ShadowBall,MakeItRain,Reflect,LightScreen||||||50|,,,,,Steel]Dragonite||LoadedDice|Multiscale|Tailwind,ScaleShot,ExtremeSpeed,Haze|||F|||50|,,,,,Fairy]Porygon2||Eviolite|Download|Recover,IceBeam,TrickRoom,TeraBlast||||||50|,,,,,Fighting]Ursaluna-Bloodmoon||AssaultVest|MindsEye|VacuumWave,EarthPower,HyperVoice,BloodMoon|||M|||50|,,,,,Ghost]Primarina||SitrusBerry|LiquidVoice|HyperVoice,Haze,Moonblast,Protect|||M|||50|,,,,,Steel]Incineroar||SafetyGoggles|Intimidate|FakeOut,KnockOff,PartingShot,FlareBlitz|||M|||50|,,,,,Ghost
|
|t:|1756577936
|teamsize|p1|4
|teamsize|p2|4
|start
|switch|p1a: mr jawsum|Garchomp, L50, F|100/100
|switch|p1b: shin|Tyranitar, L50, M|100/100
|switch|p2a: Dragonite|Dragonite, L50, F|100/100
|switch|p2b: Ursaluna|Ursaluna-Bloodmoon, L50, M|100/100
|-weather|Sandstorm|[from] ability: Sand Stream|[of] p1b: shin
|turn|1
|inactive|Battle timer is ON: inactive players will automatically lose when time's up. (requested by ultrashxt)
|
|t:|1756577949
|-terastallize|p2a: Dragonite|Fairy
|move|p1b: shin|Protect|p1b: shin
|-singleturn|p1b: shin|Protect
|move|p1a: mr jawsum|Outrage|p2b: Ursaluna
|-damage|p2b: Ursaluna|38/100
|-damage|p1a: mr jawsum|91/100|[from] item: Life Orb
|move|p2a: Dragonite|Tailwind|p2a: Dragonite
|-sidestart|p2: PkSbm|move: Tailwind
|move|p2b: Ursaluna|Blood Moon|p1a: mr jawsum|[miss]
|-miss|p2b: Ursaluna|p1a: mr jawsum
|
|-weather|Sandstorm|[upkeep]
|-damage|p2a: Dragonite|95/100|[from] Sandstorm
|upkeep
|turn|2
|
|t:|1756577971
|-terastallize|p1b: shin|Flying
|move|p2a: Dragonite|Scale Shot|p1a: mr jawsum|[miss]
|-miss|p2a: Dragonite|p1a: mr jawsum
|move|p2b: Ursaluna|Earth Power|p1b: shin
|-immune|p1b: shin
|move|p1a: mr jawsum|Outrage|p2b: Ursaluna|[from] lockedmove
|-damage|p2b: Ursaluna|0 fnt
|faint|p2b: Ursaluna
|-damage|p1a: mr jawsum|81/100|[from] item: Life Orb
|move|p1b: shin|Tera Blast|p2a: Dragonite|[anim] Tera Blast Flying
|-damage|p2a: Dragonite|46/100
|
|-weather|Sandstorm|[upkeep]
|-damage|p2a: Dragonite|40/100|[from] Sandstorm
|-damage|p1b: shin|95/100|[from] Sandstorm
|upkeep
|inactive|PkSbm has 30 seconds left.
|
|t:|1756577997
|switch|p2b: Primarina|Primarina, L50, M|100/100
|turn|3
|
|t:|1756578005
|move|p2a: Dragonite|Scale Shot|p1a: mr jawsum|[miss]
|-miss|p2a: Dragonite|p1a: mr jawsum
|move|p2b: Primarina|Moonblast|p1b: shin
|-damage|p1b: shin|52/100
|move|p1a: mr jawsum|Outrage|p2b: Primarina|[from] lockedmove
|-immune|p2b: Primarina
|-start|p1a: mr jawsum|confusion|[fatigue]
|move|p1b: shin|Tera Blast|p2a: Dragonite|[anim] Tera Blast Flying
|-damage|p2a: Dragonite|0 fnt
|faint|p2a: Dragonite
|
|-weather|Sandstorm|[upkeep]
|-damage|p2b: Primarina|94/100|[from] Sandstorm
|-damage|p1b: shin|46/100|[from] Sandstorm
|upkeep
|
|t:|1756578020
|switch|p2a: Incineroar|Incineroar, L50, M|100/100
|-ability|p2a: Incineroar|Intimidate|boost
|-unboost|p1a: mr jawsum|atk|1
|-fail|p1b: shin|unboost|[from] item: Clear Amulet|[of] p1b: shin
|turn|4
|
|t:|1756578035
|switch|p1a: 5 Big Booms|Rillaboom, L50, F|100/100
|-fieldstart|move: Grassy Terrain|[from] ability: Grassy Surge|[of] p1a: 5 Big Booms
|move|p1b: shin|Protect|p1b: shin
|-singleturn|p1b: shin|Protect
|move|p2a: Incineroar|Flare Blitz|p1b: shin
|-activate|p1b: shin|move: Protect
|move|p2b: Primarina|Hyper Voice|p1b: shin|[spread] p1a
|-activate|p1b: shin|move: Protect
|-resisted|p1a: 5 Big Booms
|-damage|p1a: 5 Big Booms|89/100
|
|-weather|Sandstorm|[upkeep]
|-damage|p2b: Primarina|88/100|[from] Sandstorm
|-damage|p1a: 5 Big Booms|83/100|[from] Sandstorm
|-damage|p1b: shin|40/100|[from] Sandstorm
|-heal|p2b: Primarina|94/100|[from] Grassy Terrain
|-heal|p1a: 5 Big Booms|89/100|[from] Grassy Terrain
|-sideend|p2: PkSbm|move: Tailwind
|upkeep
|turn|5
|inactive|ultrashxt has 30 seconds left.
|inactive|ultrashxt has 20 seconds left.
|inactive|ultrashxt has 15 seconds left.
|inactive|ultrashxt has 10 seconds left.
|
|t:|1756578080
|move|p2b: Primarina|Protect|p2b: Primarina
|-singleturn|p2b: Primarina|Protect
|move|p1a: 5 Big Booms|Fake Out|p2a: Incineroar
|-damage|p2a: Incineroar|86/100
|cant|p2a: Incineroar|flinch
|move|p1b: shin|Knock Off|p2b: Primarina
|-activate|p2b: Primarina|move: Protect
|
|-weather|none
|-heal|p2a: Incineroar|92/100|[from] Grassy Terrain
|-heal|p1a: 5 Big Booms|95/100|[from] Grassy Terrain
|-heal|p2b: Primarina|100/100|[from] Grassy Terrain
|upkeep
|turn|6
|
|t:|1756578102
|switch|p1b: mr jawsum|Garchomp, L50, F|81/100
|move|p2a: Incineroar|Flare Blitz|p1a: 5 Big Booms
|-supereffective|p1a: 5 Big Booms
|-damage|p1a: 5 Big Booms|0 fnt
|faint|p1a: 5 Big Booms
|-damage|p2a: Incineroar|61/100|[from] Recoil
|move|p2b: Primarina|Moonblast|p1b: mr jawsum
|-supereffective|p1b: mr jawsum
|-damage|p1b: mr jawsum|0 fnt
|faint|p1b: mr jawsum
|
|-heal|p2a: Incineroar|67/100|[from] Grassy Terrain
|upkeep
|
|t:|1756578115
|switch|p1b: mole man|Excadrill, L50, F|100/100
|switch|p1a: shin|Tyranitar, L50, M, tera:Flying|40/100
|-weather|Sandstorm|[from] ability: Sand Stream|[of] p1a: shin
|turn|7
|inactive|ultrashxt has 30 seconds left.
|
|t:|1756578147
|move|p1b: mole man|High Horsepower|p2a: Incineroar
|-supereffective|p2a: Incineroar
|-damage|p2a: Incineroar|0 fnt
|faint|p2a: Incineroar
|move|p2b: Primarina|Hyper Voice|p1b: mole man|[spread] p1a,p1b
|-supereffective|p1b: mole man
|-damage|p1a: shin|9/100
|-enditem|p1b: mole man|Focus Sash
|-damage|p1b: mole man|1/100
|move|p1a: shin|Knock Off|p2b: Primarina
|-resisted|p2b: Primarina
|-damage|p2b: Primarina|65/100
|-enditem|p2b: Primarina|Sitrus Berry|[from] move: Knock Off|[of] p1a: shin
|
|-weather|Sandstorm|[upkeep]
|-damage|p2b: Primarina|59/100|[from] Sandstorm
|-damage|p1a: shin|3/100|[from] Sandstorm
|-heal|p1b: mole man|7/100|[from] Grassy Terrain
|-heal|p2b: Primarina|65/100|[from] Grassy Terrain
|upkeep
|turn|8
|
|t:|1756578166
|move|p1b: mole man|Iron Head|p2b: Primarina
|-damage|p2b: Primarina|9/100
|cant|p2b: Primarina|flinch
|move|p1a: shin|Tera Blast|p2b: Primarina|[anim] Tera Blast Flying
|-damage|p2b: Primarina|0 fnt
|faint|p2b: Primarina
|
|win|ultrashxt
||PkSbm is ready for game 2.
|inactive|ultrashxt has 30 seconds to confirm battle start!
||ultrashxt is ready for game 2.
|uhtml|next|Next: Game 2 of 3
