|j|☆Can I pet the dog?
|j|☆arapucavgc
|html|Can I pet the dog?arapucavgc    
|uhtml|bestof|Game 3 of a best-of-3
|t:|1785947026
|gametype|doubles
|player|p1|Can I pet the dog?|yancy|1458
|player|p2|arapucavgc|giovanni|1506
|gen|9
|tier|[Gen 9 Champions] VGC 2026 Reg M-B (Bo3)
|rated|
|rule|Species Clause: Limit one of each Pokémon
|rule|Item Clause: Limit 1 of each item
|clearpoke
|poke|p1|Froslass, L50, F|
|poke|p1|Glimmora, L50, M|
|poke|p1|Hydreigon, L50, M|
|poke|p1|Garchomp, L50, F|
|poke|p1|Talonflame, L50, M|
|poke|p1|Basculegion, L50, M|
|poke|p2|Charizard, L50, M|
|poke|p2|Floette-Eternal, L50, F|
|poke|p2|Whimsicott, L50, M|
|poke|p2|Kingambit, L50, M|
|poke|p2|Basculegion, L50, M|
|poke|p2|Garchomp, L50, F|
|teampreview|4
|showteam|p1|Froslass||Froslassite|CursedBody|Blizzard,ShadowBall,AuroraVeil,Protect|Timid||F|||50|]Glimmora||FocusSash|ToxicDebris|PowerGem,SludgeBomb,EarthPower,SpikyShield|Timid||M|||50|]Hydreigon||ChoiceScarf|Levitate|DarkPulse,Snarl,DracoMeteor,EarthPower|Modest||M|||50|]Garchomp||LifeOrb|RoughSkin|Earthquake,StompingTantrum,RockSlide,Protect|Jolly||F|||50|]Talonflame||SharpBeak|GaleWings|FlareBlitz,DualWingbeat,Tailwind,QuickGuard|Jolly||M|||50|]Basculegion||MysticWater|Adaptability|LastRespects,WaveCrash,AquaJet,Protect|Jolly||M|||50|
|showteam|p2|Charizard||CharizarditeY|Blaze|HeatWave,SolarBeam,WeatherBall,Protect|Modest||M|||50|]Floette-Eternal||Floettite|FlowerVeil|Protect,Moonblast,DazzlingGleam,CalmMind|Modest||F|||50|]Whimsicott||FocusSash|Prankster|Moonblast,Tailwind,Encore,Protect|Timid||M|||50|]Kingambit||ChopleBerry|Defiant|KowtowCleave,LowKick,SuckerPunch,IronHead|Adamant||M|||50|]Basculegion||MysticWater|Adaptability|WaveCrash,LastRespects,AquaJet,Protect|Adamant||M|||50|]Garchomp||LifeOrb|RoughSkin|DragonClaw,Earthquake,RockSlide,Protect|Jolly||F|||50|
|inactive|Battle timer is ON: inactive players will automatically lose when time's up. (requested by arapucavgc)
|inactive|Can I pet the dog? also wants the timer to be on.
|j| cillianvgc
|
|t:|1785947048
|teamsize|p1|4
|teamsize|p2|4
|start
|switch|p1a: Froslass|Froslass, L50, F|100/100
|switch|p1b: Talonflame|Talonflame, L50, M|100/100
|switch|p2a: Charizard|Charizard, L50, M|100/100
|switch|p2b: Whimsicott|Whimsicott, L50, M|100/100
|turn|1
|
|t:|1785947058
|switch|p1a: Glimmora|Glimmora, L50, M|100/100
|detailschange|p2a: Charizard|Charizard-Mega-Y, L50, M
|-mega|p2a: Charizard|Charizard|Charizardite Y
|-weather|SunnyDay|[from] ability: Drought|[of] p2a: Charizard
|move|p1b: Talonflame|Tailwind|p1b: Talonflame
|-sidestart|p1: Can I pet the dog?|move: Tailwind
|move|p2b: Whimsicott|Encore|p1b: Talonflame
|-start|p1b: Talonflame|Encore
|move|p2a: Charizard|Heat Wave|p1a: Glimmora|[spread] p1a,p1b
|-resisted|p1a: Glimmora|1
|-resisted|p1b: Talonflame|1
|-damage|p1a: Glimmora|59/100
|-damage|p1b: Talonflame|55/100
|
|-weather|SunnyDay|[upkeep]
|upkeep
|turn|2
|inactive|Can I pet the dog? has 30 seconds left.
|
|t:|1785947087
|switch|p1b: Froslass|Froslass, L50, F|100/100
|switch|p2a: Kingambit|Kingambit, L50, M|100/100
|move|p1a: Glimmora|Power Gem|p2a: Kingambit
|-resisted|p2a: Kingambit|1
|-crit|p2a: Kingambit
|-damage|p2a: Kingambit|66/100
|move|p2b: Whimsicott|Moonblast|p1b: Froslass
|-damage|p1b: Froslass|50/100g
|
|-weather|SunnyDay|[upkeep]
|upkeep
|turn|3
|
|t:|1785947105
|detailschange|p1b: Froslass|Froslass-Mega, L50, F
|-mega|p1b: Froslass|Froslass|Froslassite
|-weather|Snowscape|[from] ability: Snow Warning|[of] p1b: Froslass
|move|p2b: Whimsicott|Tailwind|p2b: Whimsicott
|-sidestart|p2: arapucavgc|move: Tailwind
|move|p2a: Kingambit|Sucker Punch|p1a: Glimmora
|-damage|p1a: Glimmora|10/100
|-activate|p1a: Glimmora|ability: Toxic Debris
|-sidestart|p2: arapucavgc|move: Toxic Spikes
|move|p1b: Froslass|Aurora Veil|p1b: Froslass
|-sidestart|p1: Can I pet the dog?|move: Aurora Veil
|move|p1a: Glimmora|Earth Power|p2a: Kingambit
|-supereffective|p2a: Kingambit|1
|-damage|p2a: Kingambit|0 fnt
|faint|p2a: Kingambit
|
|-weather|Snowscape|[upkeep]
|upkeep
|
|t:|1785947114
|switch|p2a: Charizard|Charizard-Mega-Y, L50, M|100/100
|-weather|SunnyDay|[from] ability: Drought|[of] p2a: Charizard
|turn|4
|
|t:|1785947128
|switch|p1b: Talonflame|Talonflame, L50, M|55/100
|move|p1a: Glimmora|Spiky Shield|p1a: Glimmora
|-singleturn|p1a: Glimmora|move: Protect
|move|p2b: Whimsicott|Moonblast|p1a: Glimmora
|-activate|p1a: Glimmora|move: Protect
|move|p2a: Charizard|Weather Ball|p1b: Talonflame
|-resisted|p1b: Talonflame|1
|-damage|p1b: Talonflame|11/100
|
|-weather|SunnyDay|[upkeep]
|-sideend|p1: Can I pet the dog?|move: Tailwind
|upkeep
|turn|5
|
|t:|1785947140
|switch|p1a: Basculegion|Basculegion, L50, M|100/100
|move|p2b: Whimsicott|Moonblast|p1a: Basculegion
|-damage|p1a: Basculegion|72/100
|move|p2a: Charizard|Heat Wave|p1a: Basculegion|[spread] p1a,p1b
|-resisted|p1a: Basculegion|1
|-crit|p1a: Basculegion
|-resisted|p1b: Talonflame|1
|-damage|p1a: Basculegion|20/100r
|-damage|p1b: Talonflame|0 fnt
|faint|p1b: Talonflame
|
|-weather|SunnyDay|[upkeep]
|upkeep
|
|t:|1785947150
|switch|p1b: Froslass|Froslass-Mega, L50, F|50/100g
|-weather|Snowscape|[from] ability: Snow Warning|[of] p1b: Froslass
|turn|6
|
|t:|1785947170
|move|p1b: Froslass|Protect|p1b: Froslass
|-singleturn|p1b: Froslass|Protect
|move|p1a: Basculegion|Protect|p1a: Basculegion
|-singleturn|p1a: Basculegion|Protect
|move|p2b: Whimsicott|Moonblast|p1a: Basculegion
|-activate|p1a: Basculegion|move: Protect
|move|p2a: Charizard|Heat Wave|p1b: Froslass|[spread] 
|-activate|p1a: Basculegion|move: Protect
|-activate|p1b: Froslass|move: Protect
|
|-weather|Snowscape|[upkeep]
|-sideend|p2: arapucavgc|move: Tailwind
|upkeep
|turn|7
|
|t:|1785947186
|switch|p1a: Glimmora|Glimmora, L50, M|10/100
|move|p2b: Whimsicott|Tailwind|p2b: Whimsicott
|-sidestart|p2: arapucavgc|move: Tailwind
|move|p2a: Charizard|Heat Wave|p1b: Froslass|[spread] p1a,p1b
|-resisted|p1a: Glimmora|1
|-supereffective|p1b: Froslass|1
|-damage|p1a: Glimmora|0 fnt
|-damage|p1b: Froslass|0 fnt
|faint|p1a: Glimmora
|faint|p1b: Froslass
|
|-weather|Snowscape|[upkeep]
|-sideend|p1: Can I pet the dog?|move: Aurora Veil
|upkeep
|
|t:|1785947192
|switch|p1b: Basculegion|Basculegion, L50, M|20/100r
|turn|8
|
|t:|1785947196
|move|p2b: Whimsicott|Moonblast|p1b: Basculegion
|-damage|p1b: Basculegion|0 fnt
|faint|p1b: Basculegion
|
|win|arapucavgc
