|j|☆tortlevgc
|j|☆MaxwellBaker
|html|tortlevgcMaxwellBaker    
|uhtml|bestof|Game 3 of a best-of-3
|t:|1785269551
|gametype|doubles
|player|p1|tortlevgc|swimmerf|1135
|player|p2|MaxwellBaker|102|1120
|gen|9
|tier|[Gen 9 Champions] VGC 2026 Reg M-B (Bo3)
|rated|
|rule|Species Clause: Limit one of each Pokémon
|rule|Item Clause: Limit 1 of each item
|clearpoke
|poke|p1|Whimsicott, L50, F|
|poke|p1|Floette-Eternal, L50, F|
|poke|p1|Maushold-Four, L50|
|poke|p1|Volcarona, L50, F|
|poke|p1|Basculegion, L50, M|
|poke|p1|Garchomp, L50, F|
|poke|p2|Decidueye-Hisui, L50, M|
|poke|p2|Florges, L50, F|
|poke|p2|Raichu, L50, F|
|poke|p2|Incineroar, L50, F|
|poke|p2|Aerodactyl, L50, F|
|poke|p2|Milotic, L50, F|
|teampreview|4
|showteam|p1|Whimsicott||FocusSash|Prankster|Tailwind,FakeTears,Encore,Moonblast|Timid||F|||50|]Floette-Eternal||Floettite|FlowerVeil|DazzlingGleam,DrainingKiss,CalmMind,Protect|Modest||F|||50|]Maushold-Four||ChopleBerry|FriendGuard|SuperFang,Thief,FollowMe,Protect|Jolly|||||50|]Volcarona||SitrusBerry|FlameBody|FieryDance,GigaDrain,QuiverDance,RagePowder|Modest||F|||50|]Basculegion||ChoiceScarf|Adaptability|WaveCrash,LastRespects,FlipTurn,AquaJet|Jolly||M|||50|]Garchomp||LifeOrb|RoughSkin|RockSlide,DragonClaw,StompingTantrum,Protect|Jolly||F|||50|
|showteam|p2|Decidueye-Hisui||ScopeLens|Scrappy|TripleArrows,LeafBlade,SuckerPunch,Protect|Adamant||M|||50|]Florges||LifeOrb|FlowerVeil|Moonblast,Psychic,PollenPuff,Protect|Modest||F|||50|]Raichu||RaichuniteY|LightningRod|FakeOut,ZapCannon,FocusBlast,Protect|Timid||F|||50|]Incineroar||SitrusBerry|Intimidate|FakeOut,FlareBlitz,ThroatChop,PartingShot|Careful||F|||50|]Aerodactyl||Aerodactylite|RockHead|RockSlide,DualWingbeat,Tailwind,WideGuard|Jolly||F|||50|]Milotic||Leftovers|Competitive|Scald,IceBeam,Haze,Protect|Bold||F|||50|
|inactive|Battle timer is ON: inactive players will automatically lose when time's up. (requested by tortlevgc)
|
|t:|1785269581
|teamsize|p1|4
|teamsize|p2|4
|start
|switch|p1a: Maushold|Maushold-Four, L50|100/100
|switch|p1b: Basculegion|Basculegion, L50, M|100/100
|switch|p2a: Raichu|Raichu, L50, F|100/100
|switch|p2b: Incineroar|Incineroar, L50, F|100/100
|-ability|p2b: Incineroar|Intimidate|boost
|-unboost|p1a: Maushold|atk|1
|-unboost|p1b: Basculegion|atk|1
|turn|1
|
|t:|1785269600
|detailschange|p2a: Raichu|Raichu-Mega-Y, L50, F
|-mega|p2a: Raichu|Raichu|Raichunite Y
|move|p1a: Maushold|Protect|p1a: Maushold
|-singleturn|p1a: Maushold|Protect
|move|p1b: Basculegion|Wave Crash|p2a: Raichu
|-damage|p2a: Raichu|21/100
|-damage|p1b: Basculegion|79/100|[from] Recoil
|move|p2a: Raichu|Focus Blast|p1a: Maushold
|-activate|p1a: Maushold|move: Protect
|move|p2b: Incineroar|Throat Chop|p1b: Basculegion
|-supereffective|p1b: Basculegion|1
|-damage|p1b: Basculegion|14/100
|-start|p1b: Basculegion|Throat Chop|[silent]
|
|upkeep
|turn|2
|inactive|MaxwellBaker has 30 seconds left.
|
|t:|1785269627
|move|p2a: Raichu|Protect|p2a: Raichu
|-singleturn|p2a: Raichu|Protect
|move|p1b: Basculegion|Wave Crash|p2a: Raichu
|-activate|p2a: Raichu|move: Protect
|move|p1a: Maushold|Super Fang|p2b: Incineroar
|-damage|p2b: Incineroar|50/100y
|-enditem|p2b: Incineroar|Sitrus Berry|[eat]
|-heal|p2b: Incineroar|74/100|[from] item: Sitrus Berry
|move|p2b: Incineroar|Flare Blitz|p1a: Maushold
|-damage|p1a: Maushold|37/100
|-damage|p2b: Incineroar|55/100|[from] Recoil
|
|-end|p1b: Basculegion|Throat Chop|[silent]
|upkeep
|turn|3
|inactive|MaxwellBaker has 30 seconds left.
|inactive|MaxwellBaker has 20 seconds left.
|inactive|MaxwellBaker has 15 seconds left.
|inactive|MaxwellBaker has 10 seconds left.
|
|t:|1785269673
|switch|p2a: Milotic|Milotic, L50, F|100/100
|move|p1b: Basculegion|Wave Crash|p2a: Milotic
|-resisted|p2a: Milotic|1
|-damage|p2a: Milotic|80/100
|-damage|p1b: Basculegion|8/100|[from] Recoil
|move|p1a: Maushold|Super Fang|p2b: Incineroar|[miss]
|-miss|p1a: Maushold|p2b: Incineroar
|move|p2b: Incineroar|Throat Chop|p1b: Basculegion
|-supereffective|p1b: Basculegion|1
|-crit|p1b: Basculegion
|-damage|p1b: Basculegion|0 fnt
|faint|p1b: Basculegion
|
|-heal|p2a: Milotic|86/100|[from] item: Leftovers
|upkeep
|
|t:|1785269690
|switch|p1b: Volcarona|Volcarona, L50, F|100/100
|turn|4
|
|t:|1785269703
|move|p1a: Maushold|Follow Me|p1a: Maushold
|-singleturn|p1a: Maushold|move: Follow Me
|move|p1b: Volcarona|Giga Drain|p2a: Milotic
|-supereffective|p2a: Milotic|1
|-damage|p2a: Milotic|41/100
|move|p2a: Milotic|Haze|p2a: Milotic
|-clearallboost
|move|p2b: Incineroar|Flare Blitz|p1a: Maushold
|-damage|p1a: Maushold|0 fnt
|faint|p1a: Maushold
|-damage|p2b: Incineroar|45/100|[from] Recoil
|
|-heal|p2a: Milotic|47/100|[from] item: Leftovers
|upkeep
|
|t:|1785269714
|switch|p1a: Floette|Floette-Eternal, L50, F|100/100
|turn|5
|
|t:|1785269729
|switch|p2b: Florges|Florges, L50, F|100/100
|detailschange|p1a: Floette|Floette-Mega, L50, F
|-mega|p1a: Floette|Floette|Floettite
|-ability|p1a: Floette|Fairy Aura
|move|p2a: Milotic|Protect|p2a: Milotic
|-singleturn|p2a: Milotic|Protect
|move|p1a: Floette|Dazzling Gleam|p2a: Milotic|[spread] p2b
|-activate|p2a: Milotic|move: Protect
|-damage|p2b: Florges|57/100
|move|p1b: Volcarona|Quiver Dance|p1b: Volcarona
|-boost|p1b: Volcarona|spa|1
|-boost|p1b: Volcarona|spd|1
|-boost|p1b: Volcarona|spe|1
|
|-heal|p2a: Milotic|52/100|[from] item: Leftovers
|upkeep
|turn|6
|inactive|tortlevgc has 30 seconds left.
|
|t:|1785269756
|switch|p2a: Incineroar|Incineroar, L50, F|45/100
|-ability|p2a: Incineroar|Intimidate|boost
|-unboost|p1a: Floette|atk|1
|-unboost|p1b: Volcarona|atk|1
|move|p2b: Florges|Protect|p2b: Florges
|-singleturn|p2b: Florges|Protect
|move|p1b: Volcarona|Giga Drain|p2a: Incineroar
|-resisted|p2a: Incineroar|1
|-damage|p2a: Incineroar|28/100
|move|p1a: Floette|Dazzling Gleam|p2a: Incineroar|[spread] p2a
|-activate|p2b: Florges|move: Protect
|-damage|p2a: Incineroar|0 fnt
|faint|p2a: Incineroar
|
|upkeep
|
|t:|1785269769
|switch|p2a: Raichu|Raichu-Mega-Y, L50, F|21/100
|turn|7
|
|t:|1785269781
|move|p2a: Raichu|Fake Out|p1b: Volcarona
|-damage|p1b: Volcarona|87/100
|-status|p2a: Raichu|brn|[from] ability: Flame Body|[of] p1b: Volcarona
|cant|p1b: Volcarona|flinch
|move|p1a: Floette|Dazzling Gleam|p2a: Raichu|[spread] p2a,p2b
|-damage|p2a: Raichu|0 fnt
|-damage|p2b: Florges|18/100
|faint|p2a: Raichu
|move|p2b: Florges|Moonblast|p1a: Floette
|-damage|p1a: Floette|30/100
|-damage|p2b: Florges|8/100|[from] item: Life Orb
|
|upkeep
|
|t:|1785269793
|switch|p2a: Milotic|Milotic, L50, F|52/100
|turn|8
|
|t:|1785269807
|move|p1b: Volcarona|Giga Drain|p2a: Milotic
|-supereffective|p2a: Milotic|1
|-damage|p2a: Milotic|0 fnt
|-heal|p1b: Volcarona|100/100|[from] drain|[of] p2a: Milotic
|faint|p2a: Milotic
|move|p1a: Floette|Dazzling Gleam|p2b: Florges
|-damage|p2b: Florges|0 fnt
|faint|p2b: Florges
|
|win|tortlevgc
|raw|tortlevgc's rating: 1135 → 1159(+24 for winning)
|raw|MaxwellBaker's rating: 1120 → 1096(-24 for losing)
