|j|☆IngeVGC
|j|☆beckybug
|html|IngeVGCbeckybug    
|uhtml|bestof|Game 3 of a best-of-3
|t:|1784067237
|gametype|doubles
|player|p1|IngeVGC|fisherman-gen4|1288
|player|p2|beckybug|briar|1329
|gen|9
|tier|[Gen 9 Champions] VGC 2026 Reg M-B (Bo3)
|rated|
|rule|Species Clause: Limit one of each Pokémon
|rule|Item Clause: Limit 1 of each item
|clearpoke
|poke|p1|Aerodactyl, L50, M|
|poke|p1|Kingambit, L50, M, shiny|
|poke|p1|Farigiraf, L50, M, shiny|
|poke|p1|Charizard, L50, F, shiny|
|poke|p1|Sylveon, L50, F, shiny|
|poke|p1|Garchomp, L50, F, shiny|
|poke|p2|Metagross, L50|
|poke|p2|Swampert, L50, F|
|poke|p2|Pelipper, L50, M|
|poke|p2|Archaludon, L50, F|
|poke|p2|Sinistcha-Masterpiece, L50|
|poke|p2|Grimmsnarl, L50, M|
|teampreview|4
|showteam|p1|Aerodactyl||Aerodactylite|Unnerve|IceFang,DualWingbeat,RockSlide,Tailwind|Jolly||M|||50|]Kingambit||FocusSash|Defiant|KowtowCleave,IronHead,SuckerPunch,LowKick|Adamant||M|||50|]Farigiraf||SitrusBerry|ArmorTail|TrickRoom,Psychic,Thunderbolt,Roar|Bold||M|||50|]Charizard||CharizarditeY|SolarPower|HeatWave,WeatherBall,SolarBeam,Protect|Modest||F|||50|]Sylveon||FairyFeather|Pixilate|Detect,HyperVoice,HyperBeam,QuickAttack|Modest||F|||50|]Garchomp||LifeOrb|RoughSkin|Protect,DragonClaw,Earthquake,StompingTantrum|Jolly||F|||50|
|showteam|p2|Metagross||Metagrossite|ClearBody|IronHead,PsychicFangs,BodyPress,Protect|Jolly|||||50|]Swampert||Swampertite|Torrent|WaveCrash,Earthquake,IcePunch,Protect|Adamant||F|||50|]Pelipper||SitrusBerry|Drizzle|WeatherBall,Hurricane,Tailwind,Protect|Modest||M|||50|]Archaludon||Leftovers|Stamina|FlashCannon,DragonPulse,ElectroShot,Protect|Modest||F|||50|]Sinistcha-Masterpiece||ColburBerry|Hospitality|MatchaGotcha,RagePowder,TrickRoom,Protect|Relaxed|||||50|]Grimmsnarl||LightClay|Prankster|FoulPlay,PartingShot,Reflect,LightScreen|Calm||M|||50|
|
|t:|1784067285
|teamsize|p1|4
|teamsize|p2|4
|start
|switch|p1a: Charizard|Charizard, L50, F, shiny|100/100
|switch|p1b: Kingambit|Kingambit, L50, M, shiny|100/100
|switch|p2a: Pelipper|Pelipper, L50, M|100/100
|switch|p2b: Archaludon|Archaludon, L50, F|100/100
|-weather|RainDance|[from] ability: Drizzle|[of] p2a: Pelipper
|turn|1
|
|t:|1784067315
|detailschange|p1a: Charizard|Charizard-Mega-Y, L50, F, shiny
|-mega|p1a: Charizard|Charizard|Charizardite Y
|-weather|SunnyDay|[from] ability: Drought|[of] p1a: Charizard
|move|p1a: Charizard|Solar Beam||[still]
|-prepare|p1a: Charizard|Solar Beam
|-anim|p1a: Charizard|Solar Beam|p2a: Pelipper
|-damage|p2a: Pelipper|41/100
|-enditem|p2a: Pelipper|Sitrus Berry|[eat]
|-heal|p2a: Pelipper|66/100|[from] item: Sitrus Berry
|move|p2b: Archaludon|Dragon Pulse|p1b: Kingambit
|-resisted|p1b: Kingambit|1
|-damage|p1b: Kingambit|76/100
|move|p1b: Kingambit|Low Kick|p2b: Archaludon
|-supereffective|p2b: Archaludon|1
|-damage|p2b: Archaludon|54/100
|-ability|p2b: Archaludon|Stamina|boost
|-boost|p2b: Archaludon|def|1
|move|p2a: Pelipper|Tailwind|p2a: Pelipper
|-sidestart|p2: beckybug|move: Tailwind
|
|-weather|SunnyDay|[upkeep]
|-heal|p2b: Archaludon|60/100|[from] item: Leftovers
|upkeep
|turn|2
|
|t:|1784067345
|move|p2b: Archaludon|Protect|p2b: Archaludon
|-singleturn|p2b: Archaludon|Protect
|move|p2a: Pelipper|Weather Ball|p1b: Kingambit
|-supereffective|p1b: Kingambit|1
|-damage|p1b: Kingambit|0 fnt
|faint|p1b: Kingambit
|move|p1a: Charizard|Solar Beam||[still]
|-prepare|p1a: Charizard|Solar Beam
|-anim|p1a: Charizard|Solar Beam|p2a: Pelipper
|-damage|p2a: Pelipper|16/100
|
|-weather|SunnyDay|[upkeep]
|-heal|p2b: Archaludon|66/100|[from] item: Leftovers
|upkeep
|
|t:|1784067350
|switch|p1b: Sylveon|Sylveon, L50, F, shiny|100/100
|turn|3
|
|t:|1784067370
|switch|p2a: Sinistcha|Sinistcha-Masterpiece, L50|100/100
|-heal|p2b: Archaludon|91/100|[from] ability: Hospitality|[of] p2a: Sinistcha
|move|p1b: Sylveon|Detect|p1b: Sylveon
|-singleturn|p1b: Sylveon|Protect
|move|p2b: Archaludon|Dragon Pulse|p1a: Charizard
|-damage|p1a: Charizard|67/100
|move|p1a: Charizard|Weather Ball|p2b: Archaludon
|-damage|p2b: Archaludon|7/100
|-ability|p2b: Archaludon|Stamina|boost
|-boost|p2b: Archaludon|def|1
|
|-weather|SunnyDay|[upkeep]
|-heal|p2b: Archaludon|13/100|[from] item: Leftovers
|upkeep
|turn|4
|
|t:|1784067386
|switch|p2a: Pelipper|Pelipper, L50, M|16/100
|-weather|RainDance|[from] ability: Drizzle|[of] p2a: Pelipper
|switch|p1a: Farigiraf|Farigiraf, L50, M, shiny|100/100
|move|p2b: Archaludon|Electro Shot||[still]
|-prepare|p2b: Archaludon|Electro Shot
|-boost|p2b: Archaludon|spa|1
|-anim|p2b: Archaludon|Electro Shot|p1a: Farigiraf
|-damage|p1a: Farigiraf|39/100
|-enditem|p1a: Farigiraf|Sitrus Berry|[eat]
|-heal|p1a: Farigiraf|64/100|[from] item: Sitrus Berry
|move|p1b: Sylveon|Hyper Voice|p2b: Archaludon|[spread] p2a,p2b
|-crit|p2a: Pelipper
|-crit|p2b: Archaludon
|-damage|p2a: Pelipper|0 fnt
|-damage|p2b: Archaludon|0 fnt
|faint|p2a: Pelipper
|faint|p2b: Archaludon
|
|-weather|RainDance|[upkeep]
|-sideend|p2: beckybug|move: Tailwind
|upkeep
|
|t:|1784067401
|switch|p2b: Sinistcha|Sinistcha-Masterpiece, L50|100/100
|switch|p2a: Metagross|Metagross, L50|100/100
|turn|5
|
|t:|1784067424
|detailschange|p2a: Metagross|Metagross-Mega, L50
|-mega|p2a: Metagross|Metagross|Metagrossite
|move|p1b: Sylveon|Detect|p1b: Sylveon
|-singleturn|p1b: Sylveon|Protect
|move|p2a: Metagross|Iron Head|p1b: Sylveon
|-activate|p1b: Sylveon|move: Protect
|move|p1a: Farigiraf|Roar|p1b: Sylveon
|drag|p1b: Charizard|Charizard-Mega-Y, L50, F, shiny|67/100
|-weather|SunnyDay|[from] ability: Drought|[of] p1b: Charizard
|move|p2b: Sinistcha|Trick Room|p2b: Sinistcha
|-fieldstart|move: Trick Room|[of] p2b: Sinistcha
|
|-weather|SunnyDay|[upkeep]
|upkeep
|turn|6
|
|t:|1784067449
|move|p1a: Farigiraf|Psychic|p2b: Sinistcha
|-damage|p2b: Sinistcha|70/100
|move|p1b: Charizard|Heat Wave|p2b: Sinistcha|[spread] p2a,p2b
|-supereffective|p2a: Metagross|1
|-supereffective|p2b: Sinistcha|1
|-damage|p2a: Metagross|0 fnt
|-damage|p2b: Sinistcha|0 fnt
|faint|p2a: Metagross
|faint|p2b: Sinistcha
|
|win|IngeVGC
|raw|IngeVGC's rating: 1288 → 1316(+28 for winning)
|raw|beckybug's rating: 1329 → 1307(-22 for losing)
