|j|☆SheIcyMyWind
|j|☆11880USERSONLINE
|html|SheIcyMyWind11880USERSONLINE    
|uhtml|bestof|Game 1 of a best-of-3
|t:|1756307974
|gametype|doubles
|player|p1|SheIcyMyWind|n|1160
|player|p2|11880USERSONLINE|101|1180
|gen|9
|tier|[Gen 9] VGC 2025 Reg H (Bo3)
|rated|
|rule|Species Clause: Limit one of each Pokémon
|rule|Item Clause: Limit 1 of each item
|clearpoke
|poke|p1|Annihilape, L50, M|
|poke|p1|Ninetales-Alola, L50, M|
|poke|p1|Garchomp, L50, F|
|poke|p1|Dragonite, L50, M|
|poke|p1|Sneasler, L50, M|
|poke|p1|Incineroar, L50, F|
|poke|p2|Rillaboom, L50, F|
|poke|p2|Kingambit, L50, M|
|poke|p2|Sneasler, L50, M|
|poke|p2|Dragonite, L50, M|
|poke|p2|Magmar, L50, F|
|poke|p2|Dondozo, L50, F|
|teampreview|4
|showteam|p1|Annihilape||AssaultVest|Defiant|RageFist,DrainPunch,RockTomb,FinalGambit|||M|||50|,,,,,Fire]Ninetales-Alola||ChoiceSpecs|SnowWarning|Blizzard,Moonblast,FreezeDry,IcyWind|||M|||50|,,,,,Ghost]Garchomp||LifeOrb|RoughSkin|Earthquake,StompingTantrum,DragonClaw,Protect|||F|||50|,,,,,Steel]Dragonite||LoadedDice|Multiscale|ScaleShot,Tailwind,Protect,Haze|||M|||50|,,,,,Fairy]Sneasler||FocusSash|Unburden|CloseCombat,DireClaw,FakeOut,Coaching|||M|||50|,,,,,Ghost]Incineroar||SafetyGoggles|Intimidate|KnockOff,Taunt,FakeOut,PartingShot|||F|||50|,,,,,Fairy
|showteam|p2|Rillaboom||AssaultVest|GrassySurge|WoodHammer,GrassyGlide,HighHorsepower,FakeOut|||F|||50|,,,,,Water]Kingambit||BlackGlasses|Defiant|KowtowCleave,SuckerPunch,SwordsDance,Protect|||M|||50|,,,,,Ghost]Sneasler||FocusSash|Unburden|DireClaw,CloseCombat,Coaching,Protect|||M|||50|,,,,,Stellar]Dragonite||LoadedDice|Multiscale|ScaleShot,StompingTantrum,Haze,Protect|||M|||50|,,,,,Fairy]Magmar||Eviolite|VitalSpirit|Overheat,WillOWisp,FollowMe,Protect|||F|||50|,,,,,Ghost]Dondozo||Leftovers|Unaware|Liquidation,Fissure,Yawn,Protect|||F|||50|,,,,,Bug
|
|t:|1756308004
|teamsize|p1|4
|teamsize|p2|4
|start
|switch|p1a: Ninetales|Ninetales-Alola, L50, M, shiny|100/100
|switch|p1b: Dragonite|Dragonite, L50, M, shiny|100/100
|switch|p2a: Dragonite|Dragonite, L50, M|100/100
|switch|p2b: Sneasler|Sneasler, L50, M|100/100
|-weather|Snowscape|[from] ability: Snow Warning|[of] p1a: Ninetales
|turn|1
|
|t:|1756308041
|-terastallize|p1b: Dragonite|Fairy
|-terastallize|p2a: Dragonite|Fairy
|move|p2b: Sneasler|Dire Claw|p1a: Ninetales
|-supereffective|p1a: Ninetales
|-damage|p1a: Ninetales|20/100
|move|p1a: Ninetales|Blizzard|p2a: Dragonite|[spread] p2a,p2b
|-damage|p2a: Dragonite|77/100
|-damage|p2b: Sneasler|34/100
|move|p1b: Dragonite|Tailwind|p1b: Dragonite
|-sidestart|p1: SheIcyMyWind|move: Tailwind
|move|p2a: Dragonite|Stomping Tantrum|p1a: Ninetales
|-damage|p1a: Ninetales|0 fnt
|faint|p1a: Ninetales
|
|-weather|Snowscape|[upkeep]
|upkeep
|
|t:|1756308063
|switch|p1a: Sneasler|Sneasler, L50, M, shiny|100/100
|turn|2
|
|t:|1756308068
|move|p2b: Sneasler|Protect|p2b: Sneasler
|-singleturn|p2b: Sneasler|Protect
|move|p2a: Dragonite|Protect|p2a: Dragonite
|-singleturn|p2a: Dragonite|Protect
|move|p1a: Sneasler|Dire Claw|p2a: Dragonite
|-activate|p2a: Dragonite|move: Protect
|move|p1b: Dragonite|Scale Shot|p2b: Sneasler
|-activate|p2b: Sneasler|move: Protect
|
|-weather|Snowscape|[upkeep]
|upkeep
|turn|3
|
|t:|1756308091
|switch|p2b: Rillaboom|Rillaboom, L50, F|100/100
|-fieldstart|move: Grassy Terrain|[from] ability: Grassy Surge|[of] p2b: Rillaboom
|switch|p2a: Kingambit|Kingambit, L50, M|100/100
|move|p1a: Sneasler|Close Combat|p2a: Kingambit
|-supereffective|p2a: Kingambit
|-damage|p2a: Kingambit|0 fnt
|-unboost|p1a: Sneasler|def|1
|-unboost|p1a: Sneasler|spd|1
|faint|p2a: Kingambit
|move|p1b: Dragonite|Scale Shot|p2b: Rillaboom
|-damage|p2b: Rillaboom|85/100
|-damage|p2b: Rillaboom|71/100
|-damage|p2b: Rillaboom|56/100
|-damage|p2b: Rillaboom|42/100
|-damage|p2b: Rillaboom|27/100
|-hitcount|p2b: Rillaboom|5
|-unboost|p1b: Dragonite|def|1
|-boost|p1b: Dragonite|spe|1
|
|-weather|Snowscape|[upkeep]
|-heal|p2b: Rillaboom|33/100|[from] Grassy Terrain
|upkeep
|
|t:|1756308103
|switch|p2a: Dragonite|Dragonite, L50, M, tera:Fairy|77/100
|turn|4
|
|t:|1756308120
|switch|p1a: Annihilape|Annihilape, L50, M, shiny|100/100
|move|p2b: Rillaboom|Fake Out|p1b: Dragonite
|-crit|p1b: Dragonite
|-damage|p1b: Dragonite|84/100
|cant|p1b: Dragonite|flinch
|move|p2a: Dragonite|Scale Shot|p1a: Annihilape
|-damage|p1a: Annihilape|86/100
|-damage|p1a: Annihilape|72/100
|-damage|p1a: Annihilape|57/100
|-damage|p1a: Annihilape|42/100
|-hitcount|p1a: Annihilape|4
|-unboost|p2a: Dragonite|def|1
|-boost|p2a: Dragonite|spe|1
|
|-weather|Snowscape|[upkeep]
|-heal|p1b: Dragonite|90/100|[from] Grassy Terrain
|-heal|p1a: Annihilape|48/100|[from] Grassy Terrain
|-heal|p2a: Dragonite|83/100|[from] Grassy Terrain
|-heal|p2b: Rillaboom|39/100|[from] Grassy Terrain
|-sideend|p1: SheIcyMyWind|move: Tailwind
|upkeep
|turn|5
|inactive|Battle timer is ON: inactive players will automatically lose when time's up. (requested by SheIcyMyWind)
|l|☆11880USERSONLINE
|inactive|11880USERSONLINE disconnected and has a minute to reconnect!
|player|p2|
|inactive|11880USERSONLINE has 30 seconds to reconnect!
|inactive|11880USERSONLINE has 20 seconds to reconnect!
|inactive|11880USERSONLINE has 15 seconds to reconnect!
|inactive|11880USERSONLINE has 10 seconds to reconnect!
|inactive|11880USERSONLINE has 5 seconds to reconnect!
|-message|11880USERSONLINE lost due to inactivity.
|
|win|SheIcyMyWind
|raw|SheIcyMyWind's rating: 1160 → 1186(+26 for winning)
|raw|11880USERSONLINE's rating: 1180 → 1154(-26 for losing)
