|j|☆Semiclever
|j|☆balance bro
|html|Semicleverbalance bro    
|uhtml|bestof|Game 2 of a best-of-3
|t:|1756850575
|gametype|doubles
|player|p1|Semiclever|blaine|1071
|player|p2|balance bro|buck|1120
|gen|9
|tier|[Gen 9] VGC 2025 Reg H (Bo3)
|rated|
|rule|Species Clause: Limit one of each Pokémon
|rule|Item Clause: Limit 1 of each item
|clearpoke
|poke|p1|Baxcalibur, L50, M|
|poke|p1|Ninetales-Alola, L50, F|
|poke|p1|Rillaboom, L50, F|
|poke|p1|Gholdengo, L50|
|poke|p1|Tauros-Paldea-Aqua, L50, M|
|poke|p1|Incineroar, L50, F|
|poke|p2|Porygon2, L50|
|poke|p2|Hydreigon, L50, M|
|poke|p2|Incineroar, L50, M|
|poke|p2|Garchomp, L50, F|
|poke|p2|Amoonguss, L50, M|
|poke|p2|Gholdengo, L50|
|teampreview|4
|showteam|p1|Baxcalibur||ClearAmulet|ThermalExchange|Protect,GlaiveRush,IceShard,IcicleCrash|||M|||50|,,,,,Water]Ninetales-Alola||LightClay|SnowWarning|AuroraVeil,DazzlingGleam,Protect,Blizzard|||F|||50|,,,,,Dark]Rillaboom||AssaultVest|GrassySurge|FakeOut,Uturn,GrassyGlide,WoodHammer|||F|||50|,,,,,Fire]Gholdengo||Leftovers|GoodasGold|MakeItRain,ShadowBall,NastyPlot,Protect||||||50|,,,,,Steel]Tauros-Paldea-Aqua||MirrorHerb|Intimidate|AquaJet,RagingBull,Protect,CloseCombat|||M|||50|,,,,,Fighting]Incineroar||SafetyGoggles|Intimidate|PartingShot,KnockOff,FlareBlitz,Taunt|||F|||50|,,,,,Fire
|showteam|p2|Porygon2||Eviolite|Download|TeraBlast,IceBeam,TrickRoom,Recover||||||50|,,,,,Fighting]Hydreigon||SafetyGoggles|Levitate|Snarl,DracoMeteor,Tailwind,Protect|||M|||50|,,,,,Ghost]Incineroar||SitrusBerry|Intimidate|FlareBlitz,KnockOff,PartingShot,FakeOut|||M|||50|,,,,,Grass]Garchomp||LoadedDice|RoughSkin|ScaleShot,Earthquake,StompingTantrum,Protect|||F|||50|,,,,,Fire]Amoonguss||CovertCloak|Regenerator|PollenPuff,Spore,RagePowder,Protect|||M|||50|,,,,,Fire]Gholdengo||MetalCoat|GoodasGold|MakeItRain,ShadowBall,NastyPlot,Protect||||||50|,,,,,Flying
|inactive|Battle timer is ON: inactive players will automatically lose when time's up. (requested by Semiclever)
|inactive|Semiclever has 60 seconds left.
|
|t:|1756850610
|teamsize|p1|4
|teamsize|p2|4
|start
|switch|p1a: Incineroar|Incineroar, L50, F|100/100
|switch|p1b: Ninetales|Ninetales-Alola, L50, F|100/100
|switch|p2a: Hydreigon|Hydreigon, L50, M, shiny|100/100
|switch|p2b: Incineroar|Incineroar, L50, M, shiny|100/100
|-weather|Snowscape|[from] ability: Snow Warning|[of] p1b: Ninetales
|-ability|p2b: Incineroar|Intimidate|boost
|-unboost|p1a: Incineroar|atk|1
|-unboost|p1b: Ninetales|atk|1
|-ability|p1a: Incineroar|Intimidate|boost
|-unboost|p2a: Hydreigon|atk|1
|-unboost|p2b: Incineroar|atk|1
|turn|1
|
|t:|1756850634
|move|p2b: Incineroar|Fake Out|p1b: Ninetales
|-damage|p1b: Ninetales|92/100
|cant|p1b: Ninetales|flinch
|move|p2a: Hydreigon|Tailwind|p2a: Hydreigon
|-sidestart|p2: balance bro|move: Tailwind
|move|p1a: Incineroar|Knock Off|p2a: Hydreigon
|-resisted|p2a: Hydreigon
|-damage|p2a: Hydreigon|87/100
|-enditem|p2a: Hydreigon|Safety Goggles|[from] move: Knock Off|[of] p1a: Incineroar
|
|-weather|Snowscape|[upkeep]
|upkeep
|turn|2
|inactive|Semiclever has 30 seconds left.
|
|t:|1756850661
|switch|p2a: Gholdengo|Gholdengo, L50, shiny|100/100
|move|p2b: Incineroar|Flare Blitz|p1b: Ninetales
|-supereffective|p1b: Ninetales
|-damage|p1b: Ninetales|19/100
|-damage|p2b: Incineroar|82/100|[from] Recoil
|move|p1b: Ninetales|Aurora Veil|p1b: Ninetales
|-sidestart|p1: Semiclever|move: Aurora Veil
|move|p1a: Incineroar|Flare Blitz|p2b: Incineroar
|-resisted|p2b: Incineroar
|-damage|p2b: Incineroar|68/100
|-damage|p1a: Incineroar|96/100|[from] Recoil
|
|-weather|Snowscape|[upkeep]
|upkeep
|turn|3
|
|t:|1756850682
|move|p1b: Ninetales|Protect|p1b: Ninetales
|-singleturn|p1b: Ninetales|Protect
|move|p2b: Incineroar|Parting Shot|p1a: Incineroar
|-unboost|p1a: Incineroar|atk|1
|-unboost|p1a: Incineroar|spa|1
|
|t:|1756850688
|switch|p2b: Garchomp|Garchomp, L50, F, shiny|100/100|[from] Parting Shot
|move|p2a: Gholdengo|Nasty Plot|p2a: Gholdengo
|-boost|p2a: Gholdengo|spa|2
|move|p1a: Incineroar|Flare Blitz|p2a: Gholdengo
|-supereffective|p2a: Gholdengo
|-damage|p2a: Gholdengo|60/100
|-damage|p1a: Incineroar|83/100|[from] Recoil
|
|-weather|Snowscape|[upkeep]
|upkeep
|turn|4
|
|t:|1756850705
|move|p2b: Garchomp|Stomping Tantrum|p1a: Incineroar
|-supereffective|p1a: Incineroar
|-damage|p1a: Incineroar|36/100
|move|p2a: Gholdengo|Make It Rain|p1b: Ninetales|[spread] p1a,p1b
|-resisted|p1a: Incineroar
|-supereffective|p1b: Ninetales
|-damage|p1a: Incineroar|2/100
|-damage|p1b: Ninetales|0 fnt
|-unboost|p2a: Gholdengo|spa|1
|faint|p1b: Ninetales
|move|p1a: Incineroar|Parting Shot|p2a: Gholdengo
|-immune|p2a: Gholdengo|[from] ability: Good as Gold
|
|-weather|Snowscape|[upkeep]
|-sideend|p2: balance bro|move: Tailwind
|upkeep
|
|t:|1756850714
|switch|p1b: Gholdengo|Gholdengo, L50|100/100
|turn|5
|
|t:|1756850733
|-terastallize|p1b: Gholdengo|Steel
|-terastallize|p2a: Gholdengo|Flying
|move|p2b: Garchomp|Earthquake|p1a: Incineroar|[spread] p1a,p1b
|-immune|p2a: Gholdengo
|-supereffective|p1a: Incineroar
|-supereffective|p1b: Gholdengo
|-damage|p1a: Incineroar|0 fnt
|-damage|p1b: Gholdengo|36/100
|faint|p1a: Incineroar
|move|p1b: Gholdengo|Make It Rain|p2b: Garchomp|[spread] p2a,p2b
|-crit|p2b: Garchomp
|-damage|p2a: Gholdengo|0 fnt
|-damage|p2b: Garchomp|0 fnt
|-unboost|p1b: Gholdengo|spa|1
|faint|p2a: Gholdengo
|faint|p2b: Garchomp
|
|-weather|none
|-heal|p1b: Gholdengo|42/100|[from] item: Leftovers
|upkeep
|
|t:|1756850744
|switch|p2b: Incineroar|Incineroar, L50, M, shiny|68/100
|switch|p2a: Hydreigon|Hydreigon, L50, M, shiny|87/100
|switch|p1a: Baxcalibur|Baxcalibur, L50, M|100/100
|-ability|p2b: Incineroar|Intimidate|boost
|-fail|p1a: Baxcalibur|unboost|[from] item: Clear Amulet|[of] p1a: Baxcalibur
|-unboost|p1b: Gholdengo|atk|1
|turn|6
|
|t:|1756850765
|move|p1a: Baxcalibur|Protect|p1a: Baxcalibur
|-singleturn|p1a: Baxcalibur|Protect
|move|p1b: Gholdengo|Protect|p1b: Gholdengo
|-singleturn|p1b: Gholdengo|Protect
|move|p2b: Incineroar|Fake Out|p1a: Baxcalibur
|-activate|p1a: Baxcalibur|move: Protect
|move|p2a: Hydreigon|Tailwind|p2a: Hydreigon
|-sidestart|p2: balance bro|move: Tailwind
|
|-heal|p1b: Gholdengo|48/100|[from] item: Leftovers
|upkeep
|turn|7
|
|t:|1756850783
|move|p1a: Baxcalibur|Ice Shard|p2a: Hydreigon
|-supereffective|p2a: Hydreigon
|-damage|p2a: Hydreigon|38/100
|move|p2a: Hydreigon|Draco Meteor|p1a: Baxcalibur
|-supereffective|p1a: Baxcalibur
|-damage|p1a: Baxcalibur|12/100
|-unboost|p2a: Hydreigon|spa|2
|move|p2b: Incineroar|Flare Blitz|p1b: Gholdengo
|-supereffective|p1b: Gholdengo
|-damage|p1b: Gholdengo|0 fnt
|faint|p1b: Gholdengo
|-damage|p2b: Incineroar|56/100|[from] Recoil
|
|upkeep
|turn|8
|
|t:|1756850795
|move|p1a: Baxcalibur|Ice Shard|p2a: Hydreigon
|-supereffective|p2a: Hydreigon
|-damage|p2a: Hydreigon|0 fnt
|faint|p2a: Hydreigon
|move|p2b: Incineroar|Knock Off|p1a: Baxcalibur
|-damage|p1a: Baxcalibur|0 fnt
|-enditem|p1a: Baxcalibur|Clear Amulet|[from] move: Knock Off|[of] p2b: Incineroar
|faint|p1a: Baxcalibur
|
|win|balance bro
|raw|Semiclever's rating: 1071 → 1053(-18 for losing)
|raw|balance bro's rating: 1120 → 1141(+21 for winning)
