|j|☆Slim reaper 69
|j|☆KodeBeast0526
|html|Slim reaper 69KodeBeast0526    
|uhtml|bestof|Game 1 of a best-of-3
|t:|1783390889
|gametype|doubles
|player|p1|Slim reaper 69|hiker-gen4|1025
|player|p2|KodeBeast0526|sailor|1124
|gen|9
|tier|[Gen 9 Champions] VGC 2026 Reg M-B (Bo3)
|rated|
|rule|Species Clause: Limit one of each Pokémon
|rule|Item Clause: Limit 1 of each item
|clearpoke
|poke|p1|Whimsicott, L50, F|
|poke|p1|Espathra, L50, F|
|poke|p1|Glimmora, L50, M|
|poke|p1|Pyroar, L50, M|
|poke|p1|Rotom-Wash, L50|
|poke|p1|Kingambit, L50, M|
|poke|p2|Gengar, L50, M, shiny|
|poke|p2|Swampert, L50, M, shiny|
|poke|p2|Incineroar, L50, M, shiny|
|poke|p2|Politoed, L50, F, shiny|
|poke|p2|Archaludon, L50, M|
|poke|p2|Vivillon-Ocean, L50, M|
|teampreview|4
|showteam|p1|Whimsicott||FocusSash|Prankster|Tailwind,Protect,Moonblast,Encore|Timid||F|||50|]Espathra||Leftovers|SpeedBoost|LuminaCrash,CalmMind,BatonPass,Protect|Timid||F|||50|]Glimmora||Glimmoranite|ToxicDebris|SludgeBomb,SpikyShield,EarthPower,PowerGem|Modest||M|||50|]Pyroar||Pyroarite|Unnerve|HeatWave,Overheat,HyperVoice,Protect|Modest||M|||50|]Rotom-Wash||SitrusBerry|Levitate|HydroPump,WillOWisp,Protect,Discharge|Bold|||||50|]Kingambit||BlackGlasses|Defiant|SuckerPunch,KowtowCleave,IronHead,Protect|Adamant||M|||50|
|showteam|p2|Gengar||Gengarite|CursedBody|ShadowBall,PerishSong,SludgeBomb,Protect|Timid||M|||50|]Swampert||Swampertite|Torrent|WaveCrash,Earthquake,IcePunch,Protect|Adamant||M|||50|]Incineroar||PasshoBerry|Intimidate|ThroatChop,PartingShot,FakeOut,Protect|Sassy||M|||50|]Politoed||SitrusBerry|Drizzle|WeatherBall,PerishSong,Encore,Protect|Calm||F|||50|]Archaludon||Leftovers|Stamina|DragonPulse,FlashCannon,ElectroShot,Protect|Bold||M|||50|]Vivillon-Ocean||FocusSash|CompoundEyes|Hurricane,SleepPowder,RagePowder,Protect|Timid||M|||50|
|inactive|Battle timer is ON: inactive players will automatically lose when time's up. (requested by KodeBeast0526)
|inactive|Slim reaper 69 has 60 seconds left.
|inactive|Slim reaper 69 has 30 seconds left.
|
|t:|1783391003
|teamsize|p1|4
|teamsize|p2|4
|start
|switch|p1a: Whimsicott|Whimsicott, L50, F|100/100
|switch|p1b: Espathra|Espathra, L50, F|100/100
|switch|p2a: Swampert|Swampert, L50, M, shiny|100/100
|switch|p2b: Politoed|Politoed, L50, F, shiny|100/100
|-weather|RainDance|[from] ability: Drizzle|[of] p2b: Politoed
|turn|1
|inactive|Slim reaper 69 has 30 seconds left.
|inactive|Slim reaper 69 has 20 seconds left.
|inactive|Slim reaper 69 has 15 seconds left.
|inactive|Slim reaper 69 has 10 seconds left.
|inactive|Slim reaper 69 has 5 seconds left.
|
|t:|1783391058
|detailschange|p2a: Swampert|Swampert-Mega, L50, M, shiny
|-mega|p2a: Swampert|Swampert|Swampertite
|move|p1a: Whimsicott|Tailwind|p1a: Whimsicott
|-sidestart|p1: Slim reaper 69|move: Tailwind
|move|p1b: Espathra|Lumina Crash|p2a: Swampert
|-damage|p2a: Swampert|75/100
|-unboost|p2a: Swampert|spd|2
|move|p2a: Swampert|Earthquake|p1a: Whimsicott|[spread] p2b,p1a,p1b
|-resisted|p1a: Whimsicott|1
|-crit|p1a: Whimsicott
|-damage|p2b: Politoed|58/100
|-damage|p1a: Whimsicott|50/100y
|-damage|p1b: Espathra|42/100
|move|p2b: Politoed|Weather Ball|p1a: Whimsicott
|-resisted|p1a: Whimsicott|1
|-damage|p1a: Whimsicott|15/100
|
|-weather|RainDance|[upkeep]
|-heal|p1b: Espathra|48/100|[from] item: Leftovers
|-ability|p1b: Espathra|Speed Boost|boost
|-boost|p1b: Espathra|spe|1
|upkeep
|turn|2
|inactive|Slim reaper 69 has 30 seconds left.
|inactive|KodeBeast0526 has 30 seconds left.
|
|t:|1783391084
|switch|p2a: Incineroar|Incineroar, L50, M, shiny|100/100
|-ability|p2a: Incineroar|Intimidate|boost
|-unboost|p1a: Whimsicott|atk|1
|-unboost|p1b: Espathra|atk|1
|move|p1b: Espathra|Calm Mind|p1b: Espathra
|-boost|p1b: Espathra|spa|1
|-boost|p1b: Espathra|spd|1
|move|p1a: Whimsicott|Moonblast|p2a: Incineroar
|-damage|p2a: Incineroar|75/100
|move|p2b: Politoed|Weather Ball|p1b: Espathra
|-damage|p1b: Espathra|5/100
|
|-weather|RainDance|[upkeep]
|-heal|p1b: Espathra|11/100|[from] item: Leftovers
|-ability|p1b: Espathra|Speed Boost|boost
|-boost|p1b: Espathra|spe|1
|upkeep
|turn|3
|
|t:|1783391102
|move|p1a: Whimsicott|Protect|p1a: Whimsicott
|-singleturn|p1a: Whimsicott|Protect
|move|p1b: Espathra|Protect|p1b: Espathra
|-singleturn|p1b: Espathra|Protect
|move|p2a: Incineroar|Fake Out|p1b: Espathra
|-activate|p1b: Espathra|move: Protect
|move|p2b: Politoed|Weather Ball|p1a: Whimsicott
|-activate|p1a: Whimsicott|move: Protect
|
|-weather|RainDance|[upkeep]
|-heal|p1b: Espathra|17/100|[from] item: Leftovers
|-ability|p1b: Espathra|Speed Boost|boost
|-boost|p1b: Espathra|spe|1
|upkeep
|turn|4
|
|t:|1783391120
|move|p1b: Espathra|Baton Pass|p1b: Espathra
|
|t:|1783391122
|switch|p1b: Glimmora|Glimmora, L50, M|100/100|[from] Baton Pass
|move|p1a: Whimsicott|Moonblast|p2b: Politoed
|-damage|p2b: Politoed|33/100
|-enditem|p2b: Politoed|Sitrus Berry|[eat]
|-heal|p2b: Politoed|58/100|[from] item: Sitrus Berry
|move|p2b: Politoed|Weather Ball|p1a: Whimsicott
|-resisted|p1a: Whimsicott|1
|-damage|p1a: Whimsicott|0 fnt
|faint|p1a: Whimsicott
|move|p2a: Incineroar|Throat Chop|p1b: Glimmora
|-damage|p1b: Glimmora|69/100
|-start|p1b: Glimmora|Throat Chop|[silent]
|-activate|p1b: Glimmora|ability: Toxic Debris
|-sidestart|p2: KodeBeast0526|move: Toxic Spikes
|
|-weather|RainDance|[upkeep]
|-sideend|p1: Slim reaper 69|move: Tailwind
|upkeep
|
|t:|1783391135
|switch|p1a: Rotom|Rotom-Wash, L50|100/100
|turn|5
|
|t:|1783391145
|switch|p2a: Archaludon|Archaludon, L50, M|100/100
|detailschange|p1b: Glimmora|Glimmora-Mega, L50, M
|-mega|p1b: Glimmora|Glimmora|Glimmoranite
|move|p1b: Glimmora|Spiky Shield|p1b: Glimmora
|-singleturn|p1b: Glimmora|move: Protect
|move|p1a: Rotom|Discharge|p2b: Politoed|[spread] p2a,p2b
|-activate|p1b: Glimmora|move: Protect
|-resisted|p2a: Archaludon|1
|-supereffective|p2b: Politoed|1
|-damage|p2a: Archaludon|87/100
|-damage|p2b: Politoed|26/100
|-status|p2a: Archaludon|par
|-ability|p2a: Archaludon|Stamina|boost
|-boost|p2a: Archaludon|def|1
|move|p2b: Politoed|Weather Ball|p1b: Glimmora
|-activate|p1b: Glimmora|move: Protect
|
|-weather|none
|-heal|p2a: Archaludon|93/100 par|[from] item: Leftovers
|-end|p1b: Glimmora|Throat Chop|[silent]
|upkeep
|turn|6
|
|t:|1783391170
|switch|p2b: Incineroar|Incineroar, L50, M, shiny|75/100
|-status|p2b: Incineroar|psn
|-ability|p2b: Incineroar|Intimidate|boost
|-unboost|p1a: Rotom|atk|1
|-unboost|p1b: Glimmora|atk|1
|move|p1b: Glimmora|Earth Power|p2a: Archaludon
|-supereffective|p2a: Archaludon|1
|-damage|p2a: Archaludon|0 fnt
|faint|p2a: Archaludon
|move|p1a: Rotom|Hydro Pump|p2b: Incineroar
|-supereffective|p2b: Incineroar|1
|-enditem|p2b: Incineroar|Passho Berry|[eat]
|-enditem|p2b: Incineroar|Passho Berry|[weaken]
|-damage|p2b: Incineroar|47/100 psn
|
|-damage|p2b: Incineroar|34/100 psn|[from] psn
|upkeep
|
|t:|1783391181
|switch|p2a: Politoed|Politoed, L50, F, shiny|26/100
|-status|p2a: Politoed|psn
|-weather|RainDance|[from] ability: Drizzle|[of] p2a: Politoed
|turn|7
|
|t:|1783391188
|move|p1b: Glimmora|Spiky Shield|p1b: Glimmora
|-singleturn|p1b: Glimmora|move: Protect
|move|p1a: Rotom|Discharge|p2b: Incineroar|[spread] p2a,p2b
|-activate|p1b: Glimmora|move: Protect
|-supereffective|p2a: Politoed|1
|-damage|p2a: Politoed|0 fnt
|-damage|p2b: Incineroar|18/100 psn
|faint|p2a: Politoed
|move|p2b: Incineroar|Parting Shot|p1a: Rotom
|-unboost|p1a: Rotom|atk|1
|-unboost|p1a: Rotom|spa|1
|
|t:|1783391194
|switch|p2b: Swampert|Swampert-Mega, L50, M, shiny|75/100|[from] Parting Shot
|-status|p2b: Swampert|psn
|
|-weather|RainDance|[upkeep]
|-damage|p2b: Swampert|63/100 psn|[from] psn
|upkeep
|
|t:|1783391196
|switch|p2a: Incineroar|Incineroar, L50, M, shiny|18/100 psn
|-ability|p2a: Incineroar|Intimidate|boost
|-unboost|p1a: Rotom|atk|1
|-unboost|p1b: Glimmora|atk|1
|turn|8
|
|t:|1783391205
|move|p2a: Incineroar|Fake Out|p1a: Rotom
|-damage|p1a: Rotom|91/100
|move|p1b: Glimmora|Earth Power|p2b: Swampert
|-damage|p2b: Swampert|14/100 psn
|move|p2b: Swampert|Earthquake|p1b: Glimmora|[spread] p2a,p1b
|-immune|p1a: Rotom|[from] ability: Levitate
|-supereffective|p2a: Incineroar|1
|-supereffective|p1b: Glimmora|2
|-damage|p2a: Incineroar|0 fnt
|-damage|p1b: Glimmora|0 fnt
|faint|p2a: Incineroar
|faint|p1b: Glimmora
|cant|p1a: Rotom|flinch
|
|-weather|RainDance|[upkeep]
|-damage|p2b: Swampert|2/100 psn|[from] psn
|upkeep
|
|t:|1783391210
|switch|p1b: Espathra|Espathra, L50, F|17/100
|turn|9
|
|t:|1783391214
|move|p1b: Espathra|Protect|p1b: Espathra
|-singleturn|p1b: Espathra|Protect
|move|p1a: Rotom|Protect|p1a: Rotom
|-singleturn|p1a: Rotom|Protect
|move|p2b: Swampert|Wave Crash|p1a: Rotom
|-activate|p1a: Rotom|move: Protect
|
|-weather|RainDance|[upkeep]
|-heal|p1b: Espathra|23/100|[from] item: Leftovers
|-damage|p2b: Swampert|0 fnt|[from] psn
|faint|p2b: Swampert
|
|win|Slim reaper 69
