|j|☆CretaceousDraconid
|j|☆jao9222
|html|CretaceousDraconidjao9222    
|uhtml|bestof|Game 2 of a best-of-3
|t:|1757843329
|gametype|doubles
|player|p1|CretaceousDraconid|zinnia-masters|1055
|player|p2|jao9222|170|1036
|gen|9
|tier|[Gen 9] VGC 2025 Reg H (Bo3)
|rated|
|rule|Species Clause: Limit one of each Pokémon
|rule|Item Clause: Limit 1 of each item
|clearpoke
|poke|p1|Rillaboom, L50, F|
|poke|p1|Incineroar, L50, M|
|poke|p1|Salamence, L50, F|
|poke|p1|Garchomp, L50, F|
|poke|p1|Sneasler, L50, M|
|poke|p1|Ninetales-Alola, L50, F|
|poke|p2|Gothitelle, L50, M|
|poke|p2|Politoed, L50, M|
|poke|p2|Primarina, L50, F|
|poke|p2|Archaludon, L50, F|
|poke|p2|Incineroar, L50, F|
|poke|p2|Amoonguss, L50, F|
|teampreview|4
|showteam|p1|Rillaboom||AssaultVest|GrassySurge|FakeOut,Uturn,GrassyGlide,WoodHammer|||F|||50|,,,,,Fire]Incineroar||SafetyGoggles|Intimidate|FakeOut,Taunt,PartingShot,KnockOff|||M|||50|,,,,,Ghost]Salamence||ChoiceSpecs|Intimidate|Hurricane,HeatWave,DracoMeteor,HydroPump|||F|||50|,,,,,Fire]Garchomp||LoadedDice|RoughSkin|StompingTantrum,Earthquake,ScaleShot,Protect|||F|||50|,,,,,Fairy]Sneasler||FocusSash|PoisonTouch|DireClaw,CloseCombat,Coaching,Protect|||M|||50|,,,,,Fairy]Ninetales-Alola||NeverMeltIce|SnowWarning|FreezeDry,Blizzard,AuroraVeil,Protect|||F|||50|,,,,,Ghost
|showteam|p2|Gothitelle||Leftovers|ShadowTag|FakeOut,Protect,TrickRoom,Psychic|||M|||50|,,,,,Steel]Politoed||SitrusBerry|Drizzle|PerishSong,IcyWind,WeatherBall,Protect|||M|||50|,,,,,Fire]Primarina||ThroatSpray|LiquidVoice|PerishSong,Protect,HyperVoice,Moonblast|||F|||50|,,,,,Grass]Archaludon||PowerHerb|Stamina|Protect,ElectroShot,IronDefense,BodyPress|||F|||50|,,,,,Electric]Incineroar||SafetyGoggles|Intimidate|FakeOut,PartingShot,KnockOff,Protect|||F|||50|,,,,,Bug]Amoonguss||EjectButton|Regenerator|Spore,Protect,RagePowder,PollenPuff|||F|||50|,,,,,Water
|
|t:|1757843357
|teamsize|p1|4
|teamsize|p2|4
|start
|switch|p1a: Rillaboom|Rillaboom, L50, F|100/100
|switch|p1b: Incineroar|Incineroar, L50, M|100/100
|switch|p2a: Incineroar|Incineroar, L50, F|100/100
|switch|p2b: Archaludon|Archaludon, L50, F|100/100
|-ability|p1b: Incineroar|Intimidate|boost
|-unboost|p2a: Incineroar|atk|1
|-unboost|p2b: Archaludon|atk|1
|-fieldstart|move: Grassy Terrain|[from] ability: Grassy Surge|[of] p1a: Rillaboom
|-ability|p2a: Incineroar|Intimidate|boost
|-unboost|p1a: Rillaboom|atk|1
|-unboost|p1b: Incineroar|atk|1
|turn|1
|
|t:|1757843365
|move|p2b: Archaludon|Protect|p2b: Archaludon
|-singleturn|p2b: Archaludon|Protect
|move|p2a: Incineroar|Protect|p2a: Incineroar
|-singleturn|p2a: Incineroar|Protect
|move|p1b: Incineroar|Fake Out|p2a: Incineroar
|-activate|p2a: Incineroar|move: Protect
|move|p1a: Rillaboom|U-turn|p2a: Incineroar
|-activate|p2a: Incineroar|move: Protect
|
|upkeep
|turn|2
|
|t:|1757843378
|move|p1b: Incineroar|Taunt|p2b: Archaludon
|-start|p2b: Archaludon|move: Taunt
|move|p1a: Rillaboom|U-turn|p2a: Incineroar
|-damage|p2a: Incineroar|88/100
|
|t:|1757843388
|switch|p1a: TheFuckYouGuy|Sneasler, L50, M|100/100|[from] U-turn
|cant|p2b: Archaludon|move: Taunt|Iron Defense
|move|p2a: Incineroar|Parting Shot|p1a: TheFuckYouGuy
|-unboost|p1a: TheFuckYouGuy|atk|1
|-unboost|p1a: TheFuckYouGuy|spa|1
|inactive|Battle timer is ON: inactive players will automatically lose when time's up. (requested by CretaceousDraconid)
|
|t:|1757843425
|switch|p2a: Politoed|Politoed, L50, M|100/100|[from] Parting Shot
|-weather|RainDance|[from] ability: Drizzle|[of] p2a: Politoed
|
|-weather|RainDance|[upkeep]
|upkeep
|turn|3
|
|t:|1757843440
|switch|p1a: Garchomp|Garchomp, L50, F|100/100
|switch|p2b: Gothitelle|Gothitelle, L50, M|100/100
|move|p1b: Incineroar|Taunt|p2a: Politoed
|-start|p2a: Politoed|move: Taunt
|cant|p2a: Politoed|move: Taunt|Perish Song
|
|-weather|RainDance|[upkeep]
|upkeep
|turn|4
|
|t:|1757843461
|-terastallize|p1b: Incineroar|Ghost
|move|p1a: Garchomp|Protect|p1a: Garchomp
|-singleturn|p1a: Garchomp|Protect
|move|p2b: Gothitelle|Fake Out|p1b: Incineroar
|-immune|p1b: Incineroar
|move|p1b: Incineroar|Parting Shot|p2a: Politoed
|-unboost|p2a: Politoed|atk|1
|-unboost|p2a: Politoed|spa|1
|
|t:|1757843470
|switch|p1b: Rillaboom|Rillaboom, L50, F|100/100|[from] Parting Shot
|move|p2a: Politoed|Weather Ball|p1a: Garchomp
|-activate|p1a: Garchomp|move: Protect
|
|-weather|RainDance|[upkeep]
|upkeep
|turn|5
|
|t:|1757843487
|switch|p2a: Incineroar|Incineroar, L50, F|88/100
|-ability|p2a: Incineroar|Intimidate|boost
|-unboost|p1a: Garchomp|atk|1
|-unboost|p1b: Rillaboom|atk|1
|move|p2b: Gothitelle|Protect|p2b: Gothitelle
|-singleturn|p2b: Gothitelle|Protect
|move|p1a: Garchomp|Stomping Tantrum|p2a: Incineroar
|-supereffective|p2a: Incineroar
|-damage|p2a: Incineroar|46/100
|move|p1b: Rillaboom|Wood Hammer|p2a: Incineroar
|-resisted|p2a: Incineroar
|-damage|p2a: Incineroar|25/100
|-damage|p1b: Rillaboom|94/100|[from] Recoil
|
|-weather|RainDance|[upkeep]
|-heal|p1b: Rillaboom|99/100|[from] Grassy Terrain
|-heal|p2a: Incineroar|31/100|[from] Grassy Terrain
|-fieldend|move: Grassy Terrain
|upkeep
|turn|6
|
|t:|1757843503
|move|p2a: Incineroar|Fake Out|p1a: Garchomp
|-damage|p1a: Garchomp|89/100
|-damage|p2a: Incineroar|19/100|[from] ability: Rough Skin|[of] p1a: Garchomp
|cant|p1a: Garchomp|flinch
|move|p1b: Rillaboom|U-turn|p2b: Gothitelle
|-supereffective|p2b: Gothitelle
|-damage|p2b: Gothitelle|70/100
|
|t:|1757843508
|switch|p1b: Incineroar|Incineroar, L50, M, tera:Ghost|100/100|[from] U-turn
|-ability|p1b: Incineroar|Intimidate|boost
|-unboost|p2a: Incineroar|atk|1
|-unboost|p2b: Gothitelle|atk|1
|move|p2b: Gothitelle|Trick Room|p2b: Gothitelle
|-fieldstart|move: Trick Room|[of] p2b: Gothitelle
|
|-weather|none
|-heal|p2b: Gothitelle|75/100|[from] item: Leftovers
|upkeep
|turn|7
|
|t:|1757843528
|move|p2b: Gothitelle|Protect|p2b: Gothitelle
|-singleturn|p2b: Gothitelle|Protect
|move|p2a: Incineroar|Parting Shot|p1b: Incineroar
|-unboost|p1b: Incineroar|atk|1
|-unboost|p1b: Incineroar|spa|1
|
|t:|1757843537
|switch|p2a: Archaludon|Archaludon, L50, F|100/100|[from] Parting Shot
|move|p1b: Incineroar|Knock Off|p2b: Gothitelle
|-activate|p2b: Gothitelle|move: Protect
|move|p1a: Garchomp|Stomping Tantrum|p2b: Gothitelle
|-activate|p2b: Gothitelle|move: Protect
|
|-heal|p2b: Gothitelle|81/100|[from] item: Leftovers
|upkeep
|turn|8
|
|t:|1757843555
|switch|p2b: Politoed|Politoed, L50, M|100/100
|-weather|RainDance|[from] ability: Drizzle|[of] p2b: Politoed
|move|p2a: Archaludon|Iron Defense|p2a: Archaludon
|-boost|p2a: Archaludon|def|2
|move|p1b: Incineroar|Knock Off|p2a: Archaludon
|-damage|p2a: Archaludon|92/100
|-ability|p2a: Archaludon|Stamina|boost
|-boost|p2a: Archaludon|def|1
|-enditem|p2a: Archaludon|Power Herb|[from] move: Knock Off|[of] p1b: Incineroar
|move|p1a: Garchomp|Stomping Tantrum|p2b: Politoed
|-crit|p2b: Politoed
|-damage|p2b: Politoed|41/100
|-enditem|p2b: Politoed|Sitrus Berry|[eat]
|-heal|p2b: Politoed|66/100|[from] item: Sitrus Berry
|
|-weather|RainDance|[upkeep]
|upkeep
|turn|9
|
|t:|1757843579
|switch|p1a: Rillaboom|Rillaboom, L50, F|99/100
|-fieldstart|move: Grassy Terrain|[from] ability: Grassy Surge|[of] p1a: Rillaboom
|move|p2b: Politoed|Perish Song|p2b: Politoed
|-start|p1a: Rillaboom|perish3|[silent]
|-start|p1b: Incineroar|perish3|[silent]
|-start|p2a: Archaludon|perish3|[silent]
|-start|p2b: Politoed|perish3|[silent]
|-fieldactivate|move: Perish Song
|move|p2a: Archaludon|Iron Defense|p2a: Archaludon
|-boost|p2a: Archaludon|def|2
|move|p1b: Incineroar|Knock Off|p2b: Politoed
|-damage|p2b: Politoed|50/100
|
|-weather|RainDance|[upkeep]
|-heal|p2b: Politoed|56/100|[from] Grassy Terrain
|-heal|p2a: Archaludon|98/100|[from] Grassy Terrain
|-heal|p1a: Rillaboom|100/100|[from] Grassy Terrain
|-start|p2b: Politoed|perish3
|-start|p2a: Archaludon|perish3
|-start|p1a: Rillaboom|perish3
|-start|p1b: Incineroar|perish3
|upkeep
|turn|10
|inactive|jao9222 has 30 seconds left.
|
|t:|1757843610
|move|p2b: Politoed|Protect|p2b: Politoed
|-singleturn|p2b: Politoed|Protect
|move|p2a: Archaludon|Protect|p2a: Archaludon
|-singleturn|p2a: Archaludon|Protect
|move|p1a: Rillaboom|U-turn|p2a: Archaludon
|-activate|p2a: Archaludon|move: Protect
|move|p1b: Incineroar|Parting Shot|p2a: Archaludon
|-activate|p2a: Archaludon|move: Protect
|
|-weather|RainDance|[upkeep]
|-heal|p2b: Politoed|62/100|[from] Grassy Terrain
|-heal|p2a: Archaludon|100/100|[from] Grassy Terrain
|-start|p2b: Politoed|perish2
|-start|p2a: Archaludon|perish2
|-start|p1a: Rillaboom|perish2
|-start|p1b: Incineroar|perish2
|-fieldend|move: Trick Room
|upkeep
|turn|11
|
|t:|1757843623
|move|p1b: Incineroar|Parting Shot|p2b: Politoed
|-unboost|p2b: Politoed|atk|1
|-unboost|p2b: Politoed|spa|1
|
|t:|1757843629
|switch|p1b: Garchomp|Garchomp, L50, F|89/100|[from] Parting Shot
|move|p1a: Rillaboom|U-turn|p2b: Politoed
|-damage|p2b: Politoed|39/100
|
|t:|1757843637
|switch|p1a: Incineroar|Incineroar, L50, M, tera:Ghost|100/100|[from] U-turn
|-ability|p1a: Incineroar|Intimidate|boost
|-unboost|p2a: Archaludon|atk|1
|-unboost|p2b: Politoed|atk|1
|move|p2a: Archaludon|Electro Shot||[still]
|-prepare|p2a: Archaludon|Electro Shot
|-boost|p2a: Archaludon|spa|1
|-anim|p2a: Archaludon|Electro Shot|p1b: Garchomp
|-immune|p1b: Garchomp
|move|p2b: Politoed|Icy Wind|p1a: Incineroar|[spread] 
|-miss|p2b: Politoed|p1a: Incineroar
|-miss|p2b: Politoed|p1b: Garchomp
|
|-weather|RainDance|[upkeep]
|-heal|p1b: Garchomp|95/100|[from] Grassy Terrain
|-heal|p2b: Politoed|45/100|[from] Grassy Terrain
|-start|p2a: Archaludon|perish1
|-start|p2b: Politoed|perish1
|upkeep
|turn|12
|inactive|CretaceousDraconid has 30 seconds left.
|
|t:|1757843669
|switch|p2a: Incineroar|Incineroar, L50, F|19/100
|-ability|p2a: Incineroar|Intimidate|boost
|-unboost|p1a: Incineroar|atk|1
|-unboost|p1b: Garchomp|atk|1
|switch|p2b: Gothitelle|Gothitelle, L50, M|81/100
|move|p1b: Garchomp|Stomping Tantrum|p2a: Incineroar
|-supereffective|p2a: Incineroar
|-damage|p2a: Incineroar|0 fnt
|faint|p2a: Incineroar
|move|p1a: Incineroar|Knock Off|p2b: Gothitelle
|-supereffective|p2b: Gothitelle
|-damage|p2b: Gothitelle|31/100
|-enditem|p2b: Gothitelle|Leftovers|[from] move: Knock Off|[of] p1a: Incineroar
|
|-weather|none
|-heal|p1b: Garchomp|100/100|[from] Grassy Terrain
|-heal|p2b: Gothitelle|37/100|[from] Grassy Terrain
|upkeep
|
|t:|1757843674
|switch|p2a: Archaludon|Archaludon, L50, F|100/100
|turn|13
|
|t:|1757843688
|move|p2b: Gothitelle|Fake Out|p1b: Garchomp
|-damage|p1b: Garchomp|94/100
|-damage|p2b: Gothitelle|25/100|[from] ability: Rough Skin|[of] p1b: Garchomp
|cant|p1b: Garchomp|flinch
|move|p1a: Incineroar|Taunt|p2a: Archaludon
|-start|p2a: Archaludon|move: Taunt
|cant|p2a: Archaludon|move: Taunt|Iron Defense
|
|-heal|p1b: Garchomp|99/100|[from] Grassy Terrain
|-heal|p2b: Gothitelle|31/100|[from] Grassy Terrain
|-fieldend|move: Grassy Terrain
|upkeep
|turn|14
|
|t:|1757843703
|switch|p2b: Politoed|Politoed, L50, M|45/100
|-weather|RainDance|[from] ability: Drizzle|[of] p2b: Politoed
|move|p1b: Garchomp|Stomping Tantrum|p2b: Politoed
|-damage|p2b: Politoed|0 fnt
|faint|p2b: Politoed
|move|p1a: Incineroar|Parting Shot|p2a: Archaludon
|-unboost|p2a: Archaludon|atk|1
|-unboost|p2a: Archaludon|spa|1
|
|t:|1757843711
|switch|p1a: Rillaboom|Rillaboom, L50, F|100/100|[from] Parting Shot
|-fieldstart|move: Grassy Terrain|[from] ability: Grassy Surge|[of] p1a: Rillaboom
|move|p2a: Archaludon|Electro Shot||[still]
|-prepare|p2a: Archaludon|Electro Shot
|-boost|p2a: Archaludon|spa|1
|-anim|p2a: Archaludon|Electro Shot|p1a: Rillaboom
|-resisted|p1a: Rillaboom
|-damage|p1a: Rillaboom|88/100
|
|-weather|RainDance|[upkeep]
|-heal|p1b: Garchomp|100/100|[from] Grassy Terrain
|-heal|p1a: Rillaboom|94/100|[from] Grassy Terrain
|upkeep
|
|t:|1757843714
|switch|p2b: Gothitelle|Gothitelle, L50, M|31/100
|turn|15
|-message|jao9222 forfeited.
|
|win|CretaceousDraconid
|raw|CretaceousDraconid's rating: 1055 → 1085(+30 for winning)
|raw|jao9222's rating: 1036 → 1021(-15 for losing)
|l|☆jao9222
|player|p2|
