|j|☆antanisblinda
|j|☆juan mex
|html|antanisblindajuan mex    
|uhtml|bestof|Game 2 of a best-of-3
|t:|1757026292
|gametype|doubles
|player|p1|antanisblinda|266|1144
|player|p2|juan mex|linebacker|1038
|gen|9
|tier|[Gen 9] VGC 2025 Reg H (Bo3)
|rated|
|rule|Species Clause: Limit one of each Pokémon
|rule|Item Clause: Limit 1 of each item
|clearpoke
|poke|p1|Sneasler, L50, M|
|poke|p1|Kingambit, L50, M|
|poke|p1|Dragonite, L50, F|
|poke|p1|Primarina, L50, F|
|poke|p1|Ninetales-Alola, L50, F|
|poke|p1|Ursaluna-Bloodmoon, L50, M|
|poke|p2|Dondozo, L50, F|
|poke|p2|Tatsugiri, L50, M|
|poke|p2|Dragonite, L50, M|
|poke|p2|Talonflame, L50, F|
|poke|p2|Glimmora, L50, M|
|poke|p2|Gholdengo, L50|
|teampreview|4
|showteam|p1|Sneasler||FocusSash|PoisonTouch|DireClaw,CloseCombat,Coaching,FakeOut|||M|||50|,,,,,Stellar]Kingambit||AssaultVest|Defiant|KowtowCleave,IronHead,SuckerPunch,LowKick|||M|||50|,,,,,Fairy]Dragonite||LoadedDice|Multiscale|ScaleShot,ExtremeSpeed,Tailwind,Protect|||F|||50|,,,,,Steel]Primarina||SitrusBerry|LiquidVoice|MistyTerrain,HyperVoice,Moonblast,Protect|||F|||50|,,,,,Ghost]Ninetales-Alola||LightClay|SnowWarning|FreezeDry,IcyWind,AuroraVeil,Protect|||F|||50|,,,,,Water]Ursaluna-Bloodmoon||LifeOrb|MindsEye|HyperVoice,BloodMoon,EarthPower,Protect|||M|||50|,,,,,Normal
|showteam|p2|Dondozo||Leftovers|Unaware|Protect,WaveCrash,Earthquake,OrderUp|||F|||50|,,,,,Grass]Tatsugiri||FocusSash|Commander|Protect,DracoMeteor,MuddyWater,DragonPulse|||M|||50|,,,,,Dragon]Dragonite||ChoiceBand|Multiscale|ExtremeSpeed,Earthquake,Outrage,IceSpinner|||M|||50|,,,,,Normal]Talonflame||CovertCloak|GaleWings|BraveBird,WillOWisp,Tailwind,Taunt|||F|||50|,,,,,Flying]Glimmora||AssaultVest|ToxicDebris|MortalSpin,PowerGem,SludgeBomb,EarthPower|||M|||50|,,,,,Grass]Gholdengo||ChoiceSpecs|GoodasGold|MakeItRain,ShadowBall,Thunder,PowerGem||||||50|,,,,,Steel
|
|t:|1757026345
|teamsize|p1|4
|teamsize|p2|4
|start
|switch|p1a: Kingambit|Kingambit, L50, M|100/100
|switch|p1b: Sneasler|Sneasler, L50, M|100/100
|switch|p2a: Gholdengo|Gholdengo, L50|100/100
|switch|p2b: Dragonite|Dragonite, L50, M|100/100
|turn|1
|
|t:|1757026373
|move|p1b: Sneasler|Fake Out|p2b: Dragonite
|-damage|p2b: Dragonite|94/100
|move|p2a: Gholdengo|Make It Rain|p1b: Sneasler|[spread] p1a,p1b
|-resisted|p1a: Kingambit
|-damage|p1a: Kingambit|79/100
|-damage|p1b: Sneasler|8/100
|-unboost|p2a: Gholdengo|spa|1
|cant|p2b: Dragonite|flinch
|move|p1a: Kingambit|Kowtow Cleave|p2a: Gholdengo
|-supereffective|p2a: Gholdengo
|-damage|p2a: Gholdengo|0 fnt
|faint|p2a: Gholdengo
|
|upkeep
|
|t:|1757026382
|switch|p2a: Dondozo|Dondozo, L50, F|100/100
|turn|2
|
|t:|1757026394
|switch|p1a: Dragonite|Dragonite, L50, F|100/100
|move|p2a: Dondozo|Protect|p2a: Dondozo
|-singleturn|p2a: Dondozo|Protect
|move|p1b: Sneasler|Coaching|p1a: Dragonite
|-boost|p1a: Dragonite|atk|1
|-boost|p1a: Dragonite|def|1
|move|p2b: Dragonite|Earthquake|p1a: Dragonite|[spread] p1b
|-activate|p2a: Dondozo|move: Protect
|-immune|p1a: Dragonite
|-supereffective|p1b: Sneasler
|-damage|p1b: Sneasler|0 fnt
|faint|p1b: Sneasler
|
|upkeep
|
|t:|1757026412
|switch|p1b: Primarina|Primarina, L50, F|100/100
|turn|3
|
|t:|1757026429
|switch|p2b: Tatsugiri|Tatsugiri, L50, M|100/100
|-activate|p2b: Tatsugiri|ability: Commander|[of] p2a: Dondozo
|-boost|p2a: Dondozo|atk|2
|-boost|p2a: Dondozo|spa|2
|-boost|p2a: Dondozo|spe|2
|-boost|p2a: Dondozo|def|2
|-boost|p2a: Dondozo|spd|2
|move|p2a: Dondozo|Order Up|p1a: Dragonite
|-supereffective|p1a: Dragonite
|-damage|p1a: Dragonite|43/100
|-boost|p2a: Dondozo|atk|1
|move|p1a: Dragonite|Scale Shot|p2a: Dondozo
|-damage|p2a: Dondozo|95/100
|-damage|p2a: Dondozo|89/100
|-damage|p2a: Dondozo|84/100
|-crit|p2a: Dondozo
|-damage|p2a: Dondozo|68/100
|-hitcount|p2a: Dondozo|4
|-unboost|p1a: Dragonite|def|1
|-boost|p1a: Dragonite|spe|1
|move|p1b: Primarina|Moonblast|p2a: Dondozo
|-damage|p2a: Dondozo|43/100
|
|-heal|p2a: Dondozo|50/100|[from] item: Leftovers
|upkeep
|turn|4
|
|t:|1757026471
|move|p1a: Dragonite|Protect|p1a: Dragonite
|-singleturn|p1a: Dragonite|Protect
|move|p2a: Dondozo|Wave Crash|p1a: Dragonite
|-activate|p1a: Dragonite|move: Protect
|move|p1b: Primarina|Moonblast|p2a: Dondozo
|-damage|p2a: Dondozo|24/100
|
|-heal|p2a: Dondozo|31/100|[from] item: Leftovers
|upkeep
|turn|5
|
|t:|1757026492
|switch|p1a: Kingambit|Kingambit, L50, M|79/100
|move|p2a: Dondozo|Order Up|p1a: Kingambit
|-resisted|p1a: Kingambit
|-damage|p1a: Kingambit|54/100
|-boost|p2a: Dondozo|atk|1
|move|p1b: Primarina|Moonblast|p2a: Dondozo
|-damage|p2a: Dondozo|6/100
|-unboost|p2a: Dondozo|spa|1
|
|-heal|p2a: Dondozo|12/100|[from] item: Leftovers
|upkeep
|turn|6
|
|t:|1757026510
|move|p1a: Kingambit|Sucker Punch|p2a: Dondozo
|-damage|p2a: Dondozo|0 fnt
|faint|p2a: Dondozo
|move|p1b: Primarina|Moonblast|p2b: Tatsugiri
|-supereffective|p2b: Tatsugiri
|-enditem|p2b: Tatsugiri|Focus Sash
|-damage|p2b: Tatsugiri|1/100
|
|upkeep
|
|t:|1757026516
|switch|p2a: Dragonite|Dragonite, L50, M|94/100
|turn|7
|
|t:|1757026535
|-terastallize|p2a: Dragonite|Normal
|-terastallize|p1a: Kingambit|Fairy
|move|p2a: Dragonite|Extreme Speed|p1a: Kingambit
|-damage|p1a: Kingambit|4/100
|move|p1a: Kingambit|Sucker Punch|p2b: Tatsugiri
|-damage|p2b: Tatsugiri|0 fnt
|faint|p2b: Tatsugiri
|move|p1b: Primarina|Moonblast|p2a: Dragonite
|-damage|p2a: Dragonite|49/100
|-unboost|p2a: Dragonite|spa|1
|
|upkeep
|turn|8
|
|t:|1757026549
|switch|p1a: Dragonite|Dragonite, L50, F|43/100
|move|p2a: Dragonite|Extreme Speed|p1a: Dragonite
|-damage|p1a: Dragonite|0 fnt
|faint|p1a: Dragonite
|move|p1b: Primarina|Moonblast|p2a: Dragonite
|-damage|p2a: Dragonite|4/100
|
|upkeep
|
|t:|1757026558
|switch|p1a: Kingambit|Kingambit, L50, M, tera:Fairy|4/100
|turn|9
|
|t:|1757026561
|move|p2a: Dragonite|Extreme Speed|p1a: Kingambit
|-damage|p1a: Kingambit|0 fnt
|faint|p1a: Kingambit
|move|p1b: Primarina|Misty Terrain|p1b: Primarina
|-fieldstart|move: Misty Terrain
|
|upkeep
|turn|10
|
|t:|1757026568
|move|p2a: Dragonite|Extreme Speed|p1b: Primarina
|-damage|p1b: Primarina|21/100
|-enditem|p1b: Primarina|Sitrus Berry|[eat]
|-heal|p1b: Primarina|45/100|[from] item: Sitrus Berry
|move|p1b: Primarina|Moonblast|p2a: Dragonite
|-damage|p2a: Dragonite|0 fnt
|faint|p2a: Dragonite
|
|win|antanisblinda
||antanisblinda is ready for game 3.
