|j|☆Mario3x
|j|☆LearningtoLearn
|html|Mario3xLearningtoLearn    
|uhtml|bestof|Game 1 of a best-of-3
|t:|1757751700
|gametype|doubles
|player|p1|Mario3x|266|1201
|player|p2|LearningtoLearn|101|1327
|gen|9
|tier|[Gen 9] VGC 2025 Reg H (Bo3)
|rated|
|rule|Species Clause: Limit one of each Pokémon
|rule|Item Clause: Limit 1 of each item
|clearpoke
|poke|p1|Whimsicott, L50, M|
|poke|p1|Ursaluna-Bloodmoon, L50, M|
|poke|p1|Annihilape, L50, M|
|poke|p1|Incineroar, L50, F|
|poke|p1|Charizard, L50, F|
|poke|p1|Rillaboom, L50, M|
|poke|p2|Smeargle, L50, F|
|poke|p2|Farigiraf, L50, M|
|poke|p2|Ursaluna, L50, F|
|poke|p2|Incineroar, L50, M|
|poke|p2|Torkoal, L50, M|
|poke|p2|Typhlosion-Hisui, L50, F|
|teampreview|4
|showteam|p1|Whimsicott||FocusSash|Prankster|Moonblast,Tailwind,Encore,SunnyDay|||M|||50|,,,,,Ghost]Ursaluna-Bloodmoon||LifeOrb|MindsEye|BloodMoon,HyperVoice,EarthPower,Protect|||M|||50|,,,,,Poison]Annihilape||Leftovers|Defiant|DrainPunch,RageFist,BulkUp,Protect|||M|||50|,,,,,Water]Incineroar||SafetyGoggles|Intimidate|FakeOut,FlareBlitz,KnockOff,PartingShot|||F|||50|,,,,,Ghost]Charizard||ChoiceSpecs|SolarPower|HeatWave,Overheat,AirSlash,DragonPulse|||F|||50|,,,,,Fire]Rillaboom||AssaultVest|GrassySurge|FakeOut,WoodHammer,HighHorsepower,GrassyGlide|||M|||50|,,,,,Water
|showteam|p2|Smeargle||FocusSash|Technician|FollowMe,Spore,Decorate,FakeOut|||F|||50|,,,,,Grass]Farigiraf||ThroatSpray|ArmorTail|HyperVoice,Psychic,TrickRoom,Protect|||M|||50|,,,,,Grass]Ursaluna||FlameOrb|Guts|Facade,Earthquake,HeadlongRush,Protect|||F|||50|,,,,,Poison]Incineroar||SafetyGoggles|Intimidate|FakeOut,FlareBlitz,PartingShot,KnockOff|||M|||50|,,,,,Ghost]Torkoal||Charcoal|Drought|Eruption,HeatWave,EarthPower,Protect|||M|||50|,,,,,Fire]Typhlosion-Hisui||ChoiceSpecs|Blaze|Eruption,HeatWave,Overheat,ShadowBall|||F|||50|,,,,,Fire
|inactive|Battle timer is ON: inactive players will automatically lose when time's up. (requested by LearningtoLearn)
|inactive|Mario3x has 60 seconds left.
|
|t:|1757751731
|teamsize|p1|4
|teamsize|p2|4
|start
|switch|p1a: Annihilape|Annihilape, L50, M|100/100
|switch|p1b: Incineroar|Incineroar, L50, F|100/100
|switch|p2a: Smeargle|Smeargle, L50, F|100/100
|switch|p2b: Farigiraf|Farigiraf, L50, M|100/100
|-ability|p1b: Incineroar|Intimidate|boost
|-unboost|p2a: Smeargle|atk|1
|-unboost|p2b: Farigiraf|atk|1
|turn|1
|inactive|Mario3x has 30 seconds left.
|
|t:|1757751761
|move|p1b: Incineroar|Fake Out||[still]
|cant|p2b: Farigiraf|ability: Armor Tail|Fake Out|[of] p1b: Incineroar
|move|p2a: Smeargle|Follow Me|p2a: Smeargle
|-singleturn|p2a: Smeargle|move: Follow Me
|move|p1a: Annihilape|Bulk Up|p1a: Annihilape
|-boost|p1a: Annihilape|atk|1
|-boost|p1a: Annihilape|def|1
|move|p2b: Farigiraf|Trick Room|p2b: Farigiraf
|-fieldstart|move: Trick Room|[of] p2b: Farigiraf
|
|upkeep
|turn|2
|
|t:|1757751775
|-terastallize|p2b: Farigiraf|Grass
|move|p1a: Annihilape|Protect|p1a: Annihilape
|-singleturn|p1a: Annihilape|Protect
|move|p2a: Smeargle|Spore|p1a: Annihilape
|-activate|p1a: Annihilape|move: Protect
|move|p2b: Farigiraf|Hyper Voice|p1a: Annihilape|[spread] p1b
|-activate|p1a: Annihilape|move: Protect
|-damage|p1b: Incineroar|72/100
|-enditem|p2b: Farigiraf|Throat Spray
|-boost|p2b: Farigiraf|spa|1|[from] item: Throat Spray
|move|p1b: Incineroar|Parting Shot|p2b: Farigiraf
|-unboost|p2b: Farigiraf|atk|1
|-unboost|p2b: Farigiraf|spa|1
|
|t:|1757751791
|switch|p1b: Rillaboom|Rillaboom, L50, M|100/100|[from] Parting Shot
|-fieldstart|move: Grassy Terrain|[from] ability: Grassy Surge|[of] p1b: Rillaboom
|
|upkeep
|turn|3
|
|t:|1757751803
|switch|p1a: Incineroar|Incineroar, L50, F|72/100
|-ability|p1a: Incineroar|Intimidate|boost
|-unboost|p2a: Smeargle|atk|1
|-unboost|p2b: Farigiraf|atk|1
|move|p2a: Smeargle|Decorate|p2b: Farigiraf
|-boost|p2b: Farigiraf|atk|2
|-boost|p2b: Farigiraf|spa|2
|move|p2b: Farigiraf|Hyper Voice|p1a: Incineroar|[spread] p1a,p1b
|-damage|p1a: Incineroar|12/100
|-damage|p1b: Rillaboom|56/100
|move|p1b: Rillaboom|Wood Hammer|p2a: Smeargle
|-enditem|p2a: Smeargle|Focus Sash
|-damage|p2a: Smeargle|1/100
|-damage|p1b: Rillaboom|29/100|[from] Recoil
|
|-heal|p2a: Smeargle|7/100|[from] Grassy Terrain
|-heal|p1a: Incineroar|18/100|[from] Grassy Terrain
|-heal|p1b: Rillaboom|35/100|[from] Grassy Terrain
|upkeep
|turn|4
|inactive|Mario3x has 30 seconds left.
|
|t:|1757751837
|switch|p1a: Annihilape|Annihilape, L50, M|100/100
|move|p2a: Smeargle|Decorate|p2b: Farigiraf
|-boost|p2b: Farigiraf|atk|2
|-boost|p2b: Farigiraf|spa|2
|move|p2b: Farigiraf|Hyper Voice|p1a: Annihilape|[spread] p1b
|-immune|p1a: Annihilape
|-damage|p1b: Rillaboom|0 fnt
|faint|p1b: Rillaboom
|
|-heal|p2a: Smeargle|13/100|[from] Grassy Terrain
|upkeep
|
|t:|1757751853
|switch|p1b: Incineroar|Incineroar, L50, F|18/100
|-ability|p1b: Incineroar|Intimidate|boost
|-unboost|p2a: Smeargle|atk|1
|-unboost|p2b: Farigiraf|atk|1
|turn|5
|
|t:|1757751875
|move|p1a: Annihilape|Protect|p1a: Annihilape
|-singleturn|p1a: Annihilape|Protect
|move|p2a: Smeargle|Spore|p1a: Annihilape
|-activate|p1a: Annihilape|move: Protect
|move|p2b: Farigiraf|Hyper Voice|p1a: Annihilape|[spread] p1b
|-activate|p1a: Annihilape|move: Protect
|-damage|p1b: Incineroar|0 fnt
|faint|p1b: Incineroar
|
|-heal|p2a: Smeargle|20/100|[from] Grassy Terrain
|-fieldend|move: Trick Room
|upkeep
|
|t:|1757751882
|switch|p1b: Ursaluna|Ursaluna-Bloodmoon, L50, M|100/100
|turn|6
|
|t:|1757751894
|move|p2a: Smeargle|Follow Me|p2a: Smeargle
|-singleturn|p2a: Smeargle|move: Follow Me
|move|p1a: Annihilape|Drain Punch|p2a: Smeargle
|-supereffective|p2a: Smeargle
|-damage|p2a: Smeargle|0 fnt
|faint|p2a: Smeargle
|move|p1b: Ursaluna|Hyper Voice|p2b: Farigiraf
|-damage|p2b: Farigiraf|44/100
|-damage|p1b: Ursaluna|91/100|[from] item: Life Orb
|move|p2b: Farigiraf|Trick Room|p2b: Farigiraf
|-fieldstart|move: Trick Room|[of] p2b: Farigiraf
|
|-heal|p2b: Farigiraf|50/100|[from] Grassy Terrain
|-heal|p1b: Ursaluna|97/100|[from] Grassy Terrain
|-fieldend|move: Grassy Terrain
|upkeep
|
|t:|1757751899
|switch|p2a: Ursaluna|Ursaluna, L50, F|100/100
|turn|7
|
|t:|1757751921
|move|p1b: Ursaluna|Protect|p1b: Ursaluna
|-singleturn|p1b: Ursaluna|Protect
|move|p2a: Ursaluna|Facade|p1b: Ursaluna
|-activate|p1b: Ursaluna|move: Protect
|move|p2b: Farigiraf|Psychic|p1a: Annihilape
|-supereffective|p1a: Annihilape
|-damage|p1a: Annihilape|0 fnt
|faint|p1a: Annihilape
|
|-status|p2a: Ursaluna|brn|[from] item: Flame Orb
|upkeep
|turn|8
|-message|Mario3x forfeited.
|
|win|LearningtoLearn
|l|☆Mario3x
|player|p1|
||LearningtoLearn is ready for game 2.
||Mario3x is ready for game 2.
|uhtml|next|Next: Game 2 of 3
|l|☆LearningtoLearn
|player|p2|
