|j|☆aqoursfan1
|j|☆Nameyoupenelope
|html|aqoursfan1Nameyoupenelope    
|uhtml|bestof|Game 2 of a best-of-3
|t:|1786087000
|gametype|doubles
|player|p1|aqoursfan1|anabel-gen7|1405
|player|p2|Nameyoupenelope|170|1265
|gen|9
|tier|[Gen 9 Champions] VGC 2026 Reg M-B (Bo3)
|rated|
|rule|Species Clause: Limit one of each Pokémon
|rule|Item Clause: Limit 1 of each item
|clearpoke
|poke|p1|Raichu, L50, F|
|poke|p1|Kingambit, L50, F|
|poke|p1|Whimsicott, L50, M|
|poke|p1|Basculegion, L50, M|
|poke|p1|Arcanine-Hisui, L50, M|
|poke|p1|Farigiraf, L50, F|
|poke|p2|Charizard, L50, M|
|poke|p2|Annihilape, L50, F, shiny|
|poke|p2|Toxapex, L50, M, shiny|
|poke|p2|Incineroar, L50, M|
|poke|p2|Venusaur, L50, M|
|poke|p2|Garchomp, L50, M|
|teampreview|4
|showteam|p1|Raichu||RaichuniteY|LightningRod|ZapCannon,FocusBlast,FakeOut,Protect|Timid||F|||50|]Kingambit||ChopleBerry|Defiant|KowtowCleave,SuckerPunch,IronHead,Protect|Adamant||F|||50|]Whimsicott||LifeOrb|Prankster|Moonblast,Encore,Tailwind,Protect|Timid||M|||50|]Basculegion||MysticWater|Adaptability|WaveCrash,LastRespects,AquaJet,Protect|Adamant||M|||50|]Arcanine-Hisui||FocusSash|RockHead|FlareBlitz,HeadSmash,ExtremeSpeed,Protect|Adamant||M|||50|]Farigiraf||SitrusBerry|ArmorTail|Psychic,GrassKnot,HelpingHand,TrickRoom|Modest||F|||50|
|showteam|p2|Charizard||CharizarditeY|Blaze|WeatherBall,HeatWave,HelpingHand,Protect|Modest||M|||50|]Annihilape||FocusSash|Defiant|CloseCombat,PhantomForce,RockTomb,Protect|Jolly||F|||50|]Toxapex||Leftovers|Regenerator|Infestation,Toxic,WideGuard,BanefulBunker|Relaxed||M|||50|]Incineroar||SitrusBerry|Intimidate|FlareBlitz,ThroatChop,PartingShot,FakeOut|Impish||M|||50|]Venusaur||LifeOrb|Chlorophyll|LeafStorm,SludgeBomb,EarthPower,Protect|Modest||M|||50|]Garchomp||ChoiceScarf|RoughSkin|Earthquake,DragonClaw,StompingTantrum,RockSlide|Adamant||M|||50|
|inactive|Battle timer is ON: inactive players will automatically lose when time's up. (requested by aqoursfan1)
|
|t:|1786087028
|teamsize|p1|4
|teamsize|p2|4
|start
|switch|p1a: Whimsicott|Whimsicott, L50, M|100/100
|switch|p1b: Arcanine|Arcanine-Hisui, L50, M|100/100
|switch|p2a: Toxapex|Toxapex, L50, M, shiny|100/100
|switch|p2b: Incineroar|Incineroar, L50, M|100/100
|-ability|p2b: Incineroar|Intimidate|boost
|-unboost|p1a: Whimsicott|atk|1
|-unboost|p1b: Arcanine|atk|1
|turn|1
|
|t:|1786087039
|switch|p1a: Raichu|Raichu, L50, F|100/100
|move|p2b: Incineroar|Fake Out|p1a: Raichu
|-damage|p1a: Raichu|84/100
|move|p1b: Arcanine|Head Smash|p2b: Incineroar|[miss]
|-miss|p1b: Arcanine|p2b: Incineroar
|move|p2a: Toxapex|Infestation|p1b: Arcanine
|-resisted|p1b: Arcanine|1
|-damage|p1b: Arcanine|97/100
|-activate|p1b: Arcanine|move: Infestation|[of] p2a: Toxapex
|
|-damage|p1b: Arcanine|85/100|[from] move: Infestation|[partiallytrapped]
|upkeep
|turn|2
|
|t:|1786087053
|switch|p1a: Whimsicott|Whimsicott, L50, M|100/100
|move|p2a: Toxapex|Baneful Bunker|p2a: Toxapex
|-singleturn|p2a: Toxapex|move: Protect
|move|p1b: Arcanine|Head Smash|p2b: Incineroar
|-supereffective|p2b: Incineroar|1
|-damage|p2b: Incineroar|22/100
|-enditem|p2b: Incineroar|Sitrus Berry|[eat]
|-heal|p2b: Incineroar|47/100|[from] item: Sitrus Berry
|move|p2b: Incineroar|Parting Shot|p1a: Whimsicott
|-unboost|p1a: Whimsicott|atk|1
|-unboost|p1a: Whimsicott|spa|1
|
|t:|1786087074
|switch|p2b: Venusaur|Venusaur, L50, M|100/100|[from] Parting Shot
|
|-damage|p1b: Arcanine|73/100|[from] move: Infestation|[partiallytrapped]
|upkeep
|turn|3
|
|t:|1786087086
|switch|p2b: Charizard|Charizard, L50, M|100/100
|move|p2a: Toxapex|Baneful Bunker||[still]
|-fail|p2a: Toxapex
|move|p1a: Whimsicott|Encore|p2a: Toxapex
|-start|p2a: Toxapex|Encore
|move|p1b: Arcanine|Flare Blitz|p2b: Charizard
|-resisted|p2b: Charizard|1
|-damage|p2b: Charizard|80/100
|
|-damage|p1b: Arcanine|60/100|[from] move: Infestation|[partiallytrapped]
|upkeep
|turn|4
|
|t:|1786087091
|switch|p2a: Incineroar|Incineroar, L50, M|47/100
|-ability|p2a: Incineroar|Intimidate|boost
|-unboost|p1a: Whimsicott|atk|1
|-unboost|p1b: Arcanine|atk|1
|detailschange|p2b: Charizard|Charizard-Mega-Y, L50, M
|-mega|p2b: Charizard|Charizard|Charizardite Y
|-weather|SunnyDay|[from] ability: Drought|[of] p2b: Charizard
|move|p1a: Whimsicott|Tailwind|p1a: Whimsicott
|-sidestart|p1: aqoursfan1|move: Tailwind
|move|p1b: Arcanine|Head Smash|p2b: Charizard|[miss]
|-miss|p1b: Arcanine|p2b: Charizard
|move|p2b: Charizard|Heat Wave|p1a: Whimsicott|[spread] p1a,p1b
|-supereffective|p1a: Whimsicott|1
|-resisted|p1b: Arcanine|2
|-damage|p1a: Whimsicott|0 fnt
|-damage|p1b: Arcanine|43/100
|faint|p1a: Whimsicott
|
|-weather|SunnyDay|[upkeep]
|-end|p1b: Arcanine|Infestation|[partiallytrapped]|[silent]
|upkeep
|
|t:|1786087097
|switch|p1a: Basculegion|Basculegion, L50, M|100/100
|turn|5
|inactive|Nameyoupenelope has 30 seconds left.
|
|t:|1786087124
|switch|p2b: Toxapex|Toxapex, L50, M, shiny|100/100
|move|p2a: Incineroar|Fake Out|p1b: Arcanine
|-resisted|p1b: Arcanine|1
|-damage|p1b: Arcanine|36/100
|cant|p1b: Arcanine|flinch
|move|p1a: Basculegion|Wave Crash|p2b: Toxapex
|-resisted|p2b: Toxapex|1
|-damage|p2b: Toxapex|85/100
|-damage|p1a: Basculegion|95/100|[from] Recoil
|
|-weather|SunnyDay|[upkeep]
|-heal|p2b: Toxapex|91/100|[from] item: Leftovers
|upkeep
|turn|6
|inactive|Nameyoupenelope has 30 seconds left.
|
|t:|1786087153
|switch|p1b: Raichu|Raichu, L50, F|84/100
|move|p1a: Basculegion|Wave Crash|p2a: Incineroar
|-supereffective|p2a: Incineroar|1
|-damage|p2a: Incineroar|0 fnt
|faint|p2a: Incineroar
|-damage|p1a: Basculegion|80/100|[from] Recoil
|move|p2b: Toxapex|Infestation|p1b: Raichu
|-damage|p1b: Raichu|80/100
|-activate|p1b: Raichu|move: Infestation|[of] p2b: Toxapex
|
|-weather|SunnyDay|[upkeep]
|-heal|p2b: Toxapex|96/100|[from] item: Leftovers
|-damage|p1b: Raichu|67/100|[from] move: Infestation|[partiallytrapped]
|upkeep
|
|t:|1786087168
|switch|p2a: Venusaur|Venusaur, L50, M|100/100
|turn|7
|
|t:|1786087189
|detailschange|p1b: Raichu|Raichu-Mega-Y, L50, F
|-mega|p1b: Raichu|Raichu|Raichunite Y
|move|p2a: Venusaur|Protect|p2a: Venusaur
|-singleturn|p2a: Venusaur|Protect
|move|p2b: Toxapex|Baneful Bunker|p2b: Toxapex
|-singleturn|p2b: Toxapex|move: Protect
|move|p1b: Raichu|Zap Cannon|p2b: Toxapex
|-activate|p2b: Toxapex|move: Protect
|move|p1a: Basculegion|Last Respects|p2a: Venusaur
|-activate|p2a: Venusaur|move: Protect
|
|-weather|SunnyDay|[upkeep]
|-heal|p2b: Toxapex|100/100|[from] item: Leftovers
|-damage|p1b: Raichu|55/100|[from] move: Infestation|[partiallytrapped]
|-sideend|p1: aqoursfan1|move: Tailwind
|upkeep
|turn|8
|
|t:|1786087200
|move|p2a: Venusaur|Leaf Storm|p1a: Basculegion
|-supereffective|p1a: Basculegion|1
|-damage|p1a: Basculegion|0 fnt
|-unboost|p2a: Venusaur|spa|2
|faint|p1a: Basculegion
|-damage|p2a: Venusaur|90/100|[from] item: Life Orb
|move|p1b: Raichu|Zap Cannon|p2a: Venusaur
|-resisted|p2a: Venusaur|1
|-damage|p2a: Venusaur|55/100
|-status|p2a: Venusaur|par
|move|p2b: Toxapex|Infestation|p1b: Raichu
|-damage|p1b: Raichu|51/100
|
|-weather|none
|-damage|p1b: Raichu|39/100|[from] move: Infestation|[partiallytrapped]
|upkeep
|
|t:|1786087203
|switch|p1a: Arcanine|Arcanine-Hisui, L50, M|36/100
|turn|9
|
|t:|1786087221
|move|p1b: Raichu|Zap Cannon|p2b: Toxapex
|-supereffective|p2b: Toxapex|1
|-damage|p2b: Toxapex|1/100
|-status|p2b: Toxapex|par
|move|p1a: Arcanine|Flare Blitz|p2a: Venusaur
|-supereffective|p2a: Venusaur|1
|-damage|p2a: Venusaur|0 fnt
|faint|p2a: Venusaur
|cant|p2b: Toxapex|par
|
|-heal|p2b: Toxapex|6/100 par|[from] item: Leftovers
|-damage|p1b: Raichu|27/100|[from] move: Infestation|[partiallytrapped]
|upkeep
|
|t:|1786087232
|switch|p2a: Charizard|Charizard-Mega-Y, L50, M|80/100
|-weather|SunnyDay|[from] ability: Drought|[of] p2a: Charizard
|turn|10
|
|t:|1786087248
|move|p2a: Charizard|Protect|p2a: Charizard
|-singleturn|p2a: Charizard|Protect
|move|p2b: Toxapex|Baneful Bunker|p2b: Toxapex
|-singleturn|p2b: Toxapex|move: Protect
|move|p1b: Raichu|Zap Cannon|p2a: Charizard
|-activate|p2a: Charizard|move: Protect
|move|p1a: Arcanine|Flare Blitz|p2b: Toxapex
|-activate|p2b: Toxapex|move: Protect
|-status|p1a: Arcanine|psn
|
|-weather|SunnyDay|[upkeep]
|-heal|p2b: Toxapex|12/100 par|[from] item: Leftovers
|-damage|p1a: Arcanine|24/100 psn|[from] psn
|-damage|p1b: Raichu|15/100|[from] move: Infestation|[partiallytrapped]
|upkeep
|turn|11
|
|t:|1786087252
|move|p2a: Charizard|Protect||[still]
|-fail|p2a: Charizard
|cant|p2b: Toxapex|par
|move|p1b: Raichu|Zap Cannon|p2a: Charizard
|-supereffective|p2a: Charizard|1
|-damage|p2a: Charizard|0 fnt
|faint|p2a: Charizard
|move|p1a: Arcanine|Flare Blitz|p2b: Toxapex
|-resisted|p2b: Toxapex|1
|-damage|p2b: Toxapex|0 fnt
|faint|p2b: Toxapex
|
|win|aqoursfan1
|raw|aqoursfan1's rating: 1405 → 1417(+12 for winning)
|raw|Nameyoupenelope's rating: 1265 → 1250(-15 for losing)
