|j|☆KodeBeast0526
|j|☆THESEES
|html|KodeBeast0526THESEES    
|uhtml|bestof|Game 3 of a best-of-3
|t:|1784075030
|gametype|doubles
|player|p1|KodeBeast0526|hiker|1100
|player|p2|THESEES|nate|1112
|gen|9
|tier|[Gen 9 Champions] VGC 2026 Reg M-B (Bo3)
|rated|
|rule|Species Clause: Limit one of each Pokémon
|rule|Item Clause: Limit 1 of each item
|clearpoke
|poke|p1|Venusaur, L50, M|
|poke|p1|Charizard, L50, M|
|poke|p1|Grimmsnarl, L50, M|
|poke|p1|Archaludon, L50, F|
|poke|p1|Basculegion, L50, M|
|poke|p1|Pelipper, L50, F|
|poke|p2|Rotom-Wash, L50|
|poke|p2|Pelipper, L50, M|
|poke|p2|Swampert, L50, F|
|poke|p2|Grimmsnarl, L50, M|
|poke|p2|Corviknight, L50, F|
|poke|p2|Archaludon, L50, M|
|teampreview|4
|showteam|p1|Venusaur||FocusSash|Chlorophyll|SludgeBomb,EarthPower,SleepPowder,Protect|Modest||M|||50|]Charizard||CharizarditeY|Blaze|Protect,HeatWave,SolarBeam,WeatherBall|Modest||M|||50|]Grimmsnarl||LightClay|Prankster|SpiritBreak,LightScreen,Reflect,PartingShot|Sassy||M|||50|]Archaludon||Leftovers|Stamina|ElectroShot,DragonPulse,FlashCannon,Protect|Calm||F|||50|]Basculegion||ChoiceScarf|Adaptability|WaveCrash,LastRespects,AquaJet,FlipTurn|Jolly||M|||50|]Pelipper||SitrusBerry|Drizzle|Hurricane,WeatherBall,Tailwind,WideGuard|Modest||F|||50|
|showteam|p2|Rotom-Wash||SitrusBerry|Levitate|Discharge,Electroweb,WillOWisp,RainDance|Timid|||||50|]Pelipper||DampRock|Drizzle|WeatherBall,Hurricane,WideGuard,Tailwind|Modest||M|||50|]Swampert||Swampertite|Torrent|IcePunch,WaveCrash,Earthquake,Protect|Adamant||F|||50|]Grimmsnarl||LightClay|Prankster|Reflect,LightScreen,PartingShot,SpiritBreak|Careful||M|||50|]Corviknight||LumBerry|MirrorArmor|BraveBird,BodyPress,IronHead,IronDefense|Adamant||F|||50|]Archaludon||Leftovers|Stamina|ElectroShot,Protect,DragonPulse,FlashCannon|Modest||M|||50|
|inactive|Battle timer is ON: inactive players will automatically lose when time's up. (requested by THESEES)
|inactive|THESEES has 60 seconds left.
|inactive|THESEES has 30 seconds left.
|inactive|THESEES has 20 seconds left.
|
|t:|1784075104
|teamsize|p1|4
|teamsize|p2|4
|start
|switch|p1a: Archaludon|Archaludon, L50, F|100/100
|switch|p1b: Grimmsnarl|Grimmsnarl, L50, M|100/100
|switch|p2a: Swampert|Swampert, L50, F|100/100
|switch|p2b: Grimmsnarl|Grimmsnarl, L50, M|100/100
|turn|1
|
|t:|1784075119
|detailschange|p2a: Swampert|Swampert-Mega, L50, F
|-mega|p2a: Swampert|Swampert|Swampertite
|move|p2b: Grimmsnarl|Parting Shot|p1a: Archaludon
|-unboost|p1a: Archaludon|atk|1
|-unboost|p1a: Archaludon|spa|1
|
|t:|1784075124
|switch|p2b: Pelipper|Pelipper, L50, M|100/100|[from] Parting Shot
|-weather|RainDance|[from] ability: Drizzle|[of] p2b: Pelipper
|move|p1b: Grimmsnarl|Parting Shot|p2a: Swampert
|-unboost|p2a: Swampert|atk|1
|-unboost|p2a: Swampert|spa|1
|
|t:|1784075133
|switch|p1b: Charizard|Charizard, L50, M|100/100|[from] Parting Shot
|move|p2a: Swampert|Earthquake|p1b: Charizard|[spread] p1a
|-immune|p2b: Pelipper
|-immune|p1b: Charizard
|-supereffective|p1a: Archaludon|1
|-damage|p1a: Archaludon|54/100
|-ability|p1a: Archaludon|Stamina|boost
|-boost|p1a: Archaludon|def|1
|move|p1a: Archaludon|Flash Cannon|p2b: Pelipper
|-resisted|p2b: Pelipper|1
|-damage|p2b: Pelipper|83/100
|
|-weather|RainDance|[upkeep]
|-heal|p1a: Archaludon|60/100|[from] item: Leftovers
|upkeep
|turn|2
|inactive|KodeBeast0526 has 30 seconds left.
|inactive|THESEES has 30 seconds left.
|inactive|KodeBeast0526 has 20 seconds left.
|inactive|THESEES has 20 seconds left.
|
|t:|1784075172
|switch|p2b: Grimmsnarl|Grimmsnarl, L50, M|100/100
|move|p2a: Swampert|Protect|p2a: Swampert
|-singleturn|p2a: Swampert|Protect
|move|p1b: Charizard|Protect|p1b: Charizard
|-singleturn|p1b: Charizard|Protect
|move|p1a: Archaludon|Electro Shot||[still]
|-prepare|p1a: Archaludon|Electro Shot
|-boost|p1a: Archaludon|spa|1
|-anim|p1a: Archaludon|Electro Shot|p2b: Grimmsnarl
|-damage|p2b: Grimmsnarl|70/100
|
|-weather|RainDance|[upkeep]
|-heal|p1a: Archaludon|66/100|[from] item: Leftovers
|upkeep
|turn|3
|
|t:|1784075192
|switch|p1b: Grimmsnarl|Grimmsnarl, L50, M|100/100
|move|p1a: Archaludon|Protect|p1a: Archaludon
|-singleturn|p1a: Archaludon|Protect
|move|p2b: Grimmsnarl|Light Screen|p2b: Grimmsnarl
|-sidestart|p2: THESEES|move: Light Screen
|move|p2a: Swampert|Wave Crash|p1b: Grimmsnarl
|-damage|p1b: Grimmsnarl|14/100
|-damage|p2a: Swampert|69/100|[from] Recoil
|
|-weather|RainDance|[upkeep]
|-heal|p1a: Archaludon|72/100|[from] item: Leftovers
|upkeep
|turn|4
|inactive|THESEES has 30 seconds left.
|
|t:|1784075225
|move|p2a: Swampert|Protect|p2a: Swampert
|-singleturn|p2a: Swampert|Protect
|move|p1a: Archaludon|Electro Shot||[still]
|-prepare|p1a: Archaludon|Electro Shot
|-boost|p1a: Archaludon|spa|1
|-anim|p1a: Archaludon|Electro Shot|p2b: Grimmsnarl
|-damage|p2b: Grimmsnarl|44/100
|move|p2b: Grimmsnarl|Spirit Break|p1b: Grimmsnarl
|-supereffective|p1b: Grimmsnarl|1
|-damage|p1b: Grimmsnarl|0 fnt
|faint|p1b: Grimmsnarl
|
|-weather|RainDance|[upkeep]
|-heal|p1a: Archaludon|78/100|[from] item: Leftovers
|upkeep
|
|t:|1784075238
|switch|p1b: Basculegion|Basculegion, L50, M|100/100
|turn|5
|inactive|THESEES has 30 seconds left.
|inactive|THESEES has 20 seconds left.
|inactive|THESEES has 15 seconds left.
|
|t:|1784075283
|switch|p2a: Archaludon|Archaludon, L50, M|100/100
|move|p2b: Grimmsnarl|Parting Shot|p1a: Archaludon
|-unboost|p1a: Archaludon|atk|1
|-unboost|p1a: Archaludon|spa|1
|
|t:|1784075289
|switch|p2b: Swampert|Swampert-Mega, L50, F|69/100|[from] Parting Shot
|move|p1b: Basculegion|Wave Crash|p2a: Archaludon
|-resisted|p2a: Archaludon|1
|-damage|p2a: Archaludon|59/100
|-ability|p2a: Archaludon|Stamina|boost
|-boost|p2a: Archaludon|def|1
|-damage|p1b: Basculegion|88/100|[from] Recoil
|move|p1a: Archaludon|Electro Shot||[still]
|-prepare|p1a: Archaludon|Electro Shot
|-boost|p1a: Archaludon|spa|1
|-anim|p1a: Archaludon|Electro Shot|p2b: Swampert
|-immune|p2b: Swampert
|
|-weather|RainDance|[upkeep]
|-heal|p1a: Archaludon|84/100|[from] item: Leftovers
|-heal|p2a: Archaludon|65/100|[from] item: Leftovers
|upkeep
|turn|6
|inactive|KodeBeast0526 has 30 seconds left.
|inactive|THESEES has 30 seconds left.
|inactive|THESEES has 20 seconds left.
|inactive|THESEES has 15 seconds left.
|
|t:|1784075334
|move|p2b: Swampert|Protect|p2b: Swampert
|-singleturn|p2b: Swampert|Protect
|move|p1b: Basculegion|Wave Crash|p2b: Swampert
|-activate|p2b: Swampert|move: Protect
|move|p1a: Archaludon|Dragon Pulse|p2a: Archaludon
|-damage|p2a: Archaludon|22/100
|-ability|p2a: Archaludon|Stamina|boost
|-boost|p2a: Archaludon|def|1
|move|p2a: Archaludon|Electro Shot||[still]
|-prepare|p2a: Archaludon|Electro Shot
|-boost|p2a: Archaludon|spa|1
|-anim|p2a: Archaludon|Electro Shot|p1b: Basculegion
|-supereffective|p1b: Basculegion|1
|-damage|p1b: Basculegion|0 fnt
|faint|p1b: Basculegion
|
|-weather|RainDance|[upkeep]
|-heal|p1a: Archaludon|90/100|[from] item: Leftovers
|-heal|p2a: Archaludon|28/100|[from] item: Leftovers
|upkeep
|
|t:|1784075343
|switch|p1b: Charizard|Charizard, L50, M|100/100
|turn|7
|inactive|THESEES has 30 seconds left.
|
|t:|1784075377
|switch|p2b: Grimmsnarl|Grimmsnarl, L50, M|44/100
|detailschange|p1b: Charizard|Charizard-Mega-Y, L50, M
|-mega|p1b: Charizard|Charizard|Charizardite Y
|-weather|SunnyDay|[from] ability: Drought|[of] p1b: Charizard
|move|p2a: Archaludon|Protect|p2a: Archaludon
|-singleturn|p2a: Archaludon|Protect
|move|p1b: Charizard|Heat Wave|p2b: Grimmsnarl|[spread] p2b
|-activate|p2a: Archaludon|move: Protect
|-damage|p2b: Grimmsnarl|10/100
|move|p1a: Archaludon|Electro Shot||[still]
|-prepare|p1a: Archaludon|Electro Shot
|-boost|p1a: Archaludon|spa|1
|
|-weather|SunnyDay|[upkeep]
|-heal|p1a: Archaludon|96/100|[from] item: Leftovers
|-heal|p2a: Archaludon|34/100|[from] item: Leftovers
|upkeep
|turn|8
|inactive|THESEES has 30 seconds left.
|inactive|THESEES has 20 seconds left.
|inactive|THESEES has 15 seconds left.
|
|t:|1784075421
|move|p2b: Grimmsnarl|Parting Shot|p1a: Archaludon
|-unboost|p1a: Archaludon|atk|1
|-unboost|p1a: Archaludon|spa|1
|
|t:|1784075424
|switch|p2b: Pelipper|Pelipper, L50, M|83/100|[from] Parting Shot
|-weather|RainDance|[from] ability: Drizzle|[of] p2b: Pelipper
|move|p1b: Charizard|Heat Wave|p2a: Archaludon|[spread] p2a,p2b
|-resisted|p2b: Pelipper|1
|-damage|p2a: Archaludon|16/100
|-damage|p2b: Pelipper|74/100
|-ability|p2a: Archaludon|Stamina|boost
|-boost|p2a: Archaludon|def|1
|move|p1a: Archaludon|Electro Shot|p2b: Pelipper|[from] lockedmove
|-supereffective|p2b: Pelipper|2
|-damage|p2b: Pelipper|0 fnt
|faint|p2b: Pelipper
|move|p2a: Archaludon|Electro Shot||[still]
|-prepare|p2a: Archaludon|Electro Shot
|-boost|p2a: Archaludon|spa|1
|-anim|p2a: Archaludon|Electro Shot|p1b: Charizard
|-supereffective|p1b: Charizard|1
|-damage|p1b: Charizard|0 fnt
|faint|p1b: Charizard
|
|-weather|RainDance|[upkeep]
|-heal|p1a: Archaludon|100/100|[from] item: Leftovers
|-heal|p2a: Archaludon|23/100|[from] item: Leftovers
|upkeep
|
|t:|1784075444
|switch|p2b: Swampert|Swampert-Mega, L50, F|69/100
|turn|9
|
|t:|1784075450
|move|p2a: Archaludon|Protect|p2a: Archaludon
|-singleturn|p2a: Archaludon|Protect
|move|p2b: Swampert|Earthquake|p1a: Archaludon|[spread] p1a
|-activate|p2a: Archaludon|move: Protect
|-supereffective|p1a: Archaludon|1
|-damage|p1a: Archaludon|53/100
|-ability|p1a: Archaludon|Stamina|boost
|-boost|p1a: Archaludon|def|1
|move|p1a: Archaludon|Electro Shot||[still]
|-prepare|p1a: Archaludon|Electro Shot
|-boost|p1a: Archaludon|spa|1
|-anim|p1a: Archaludon|Electro Shot|p2a: Archaludon
|-activate|p2a: Archaludon|move: Protect
|
|-weather|RainDance|[upkeep]
|-heal|p1a: Archaludon|59/100|[from] item: Leftovers
|-heal|p2a: Archaludon|29/100|[from] item: Leftovers
|upkeep
|turn|10
|
|t:|1784075469
|move|p2b: Swampert|Wave Crash|p1a: Archaludon
|-resisted|p1a: Archaludon|1
|-damage|p1a: Archaludon|38/100
|-ability|p1a: Archaludon|Stamina|boost
|-boost|p1a: Archaludon|def|1
|-damage|p2b: Swampert|62/100|[from] Recoil
|move|p1a: Archaludon|Flash Cannon|p2b: Swampert
|-resisted|p2b: Swampert|1
|-damage|p2b: Swampert|43/100
|move|p2a: Archaludon|Dragon Pulse|p1a: Archaludon
|-damage|p1a: Archaludon|0 fnt
|faint|p1a: Archaludon
|
|win|THESEES
|raw|KodeBeast0526's rating: 1100 → 1076(-24 for losing)
|raw|THESEES's rating: 1112 → 1136(+24 for winning)
