|j|☆NandoGTG
|j|☆Craser13
|html|NandoGTGCraser13    
|uhtml|bestof|Game 2 of a best-of-3
|t:|1785281036
|gametype|doubles
|player|p1|NandoGTG|cheren|
|player|p2|Craser13|265|
|gen|9
|tier|[Gen 9 Champions] VGC 2026 Reg M-B (Bo3)
|rule|Species Clause: Limit one of each Pokémon
|rule|Item Clause: Limit 1 of each item
|clearpoke
|poke|p1|Charizard, L50, M|
|poke|p1|Hydreigon, L50, M|
|poke|p1|Incineroar, L50, M|
|poke|p1|Toxapex, L50, F|
|poke|p1|Garchomp, L50, F|
|poke|p1|Venusaur, L50, F|
|poke|p2|Charizard, L50, M|
|poke|p2|Venusaur, L50, F|
|poke|p2|Archaludon, L50, M|
|poke|p2|Grimmsnarl, L50, M|
|poke|p2|Pelipper, L50, M|
|poke|p2|Basculegion, L50, M|
|teampreview|4
|showteam|p1|Charizard||CharizarditeY|Blaze|HeatWave,WeatherBall,SolarBeam,Protect|Modest||M|||50|]Hydreigon||ChoiceScarf|Levitate|DarkPulse,DracoMeteor,Snarl,EarthPower|Modest||M|||50|]Incineroar||SitrusBerry|Intimidate|FlareBlitz,ThroatChop,FakeOut,PartingShot|Impish||M|||50|]Toxapex||Leftovers|Regenerator|Infestation,Toxic,WideGuard,BanefulBunker|Bold||F|||50|]Garchomp||HabanBerry|RoughSkin|DragonClaw,Earthquake,RockTomb,Protect|Jolly||F|||50|]Venusaur||FocusSash|Chlorophyll|SludgeBomb,EarthPower,SleepPowder,Protect|Modest||F|||50|
|showteam|p2|Charizard||CharizarditeY|Blaze|HeatWave,WeatherBall,SolarBeam,Protect|Modest||M|||50|]Venusaur||FocusSash|Chlorophyll|SludgeBomb,EarthPower,SleepPowder,Protect|Modest||F|||50|]Archaludon||Leftovers|Stamina|DragonPulse,FlashCannon,ElectroShot,Protect|Modest||M|||50|]Grimmsnarl||LightClay|Prankster|SpiritBreak,Reflect,LightScreen,PartingShot|Sassy||M|||50|]Pelipper||SitrusBerry|Drizzle|WeatherBall,Hurricane,Tailwind,WideGuard|Modest||M|||50|]Basculegion||ChoiceScarf|SwiftSwim|WaveCrash,LastRespects,AquaJet,FlipTurn|Jolly||M|||50|
|inactive|Battle timer is ON: inactive players will automatically lose when time's up. (requested by NandoGTG)
|
|t:|1785281066
|teamsize|p1|4
|teamsize|p2|4
|start
|switch|p1a: Hydreigon|Hydreigon, L50, M|100/100
|switch|p1b: Charizard|Charizard, L50, M|100/100
|switch|p2a: Grimmsnarl|Grimmsnarl, L50, M|100/100
|switch|p2b: Venusaur|Venusaur, L50, F|100/100
|turn|1
|inactive|NandoGTG has 30 seconds left.
|inactive|Craser13 has 30 seconds left.
|inactive|NandoGTG has 20 seconds left.
|inactive|NandoGTG has 15 seconds left.
|
|t:|1785281107
|switch|p1a: Toxapex|Toxapex, L50, F|100/100
|move|p2b: Venusaur|Protect|p2b: Venusaur
|-singleturn|p2b: Venusaur|Protect
|move|p2a: Grimmsnarl|Light Screen|p2a: Grimmsnarl
|-sidestart|p2: Craser13|move: Light Screen
|move|p1b: Charizard|Heat Wave|p2a: Grimmsnarl|[spread] p2a
|-activate|p2b: Venusaur|move: Protect
|-damage|p2a: Grimmsnarl|82/100
|
|upkeep
|turn|2
|
|t:|1785281126
|move|p1b: Charizard|Protect|p1b: Charizard
|-singleturn|p1b: Charizard|Protect
|move|p2a: Grimmsnarl|Reflect|p2a: Grimmsnarl
|-sidestart|p2: Craser13|Reflect
|move|p2b: Venusaur|Earth Power|p1a: Toxapex
|-supereffective|p1a: Toxapex|1
|-damage|p1a: Toxapex|57/100
|move|p1a: Toxapex|Infestation|p2b: Venusaur
|-damage|p2b: Venusaur|97/100
|-activate|p2b: Venusaur|move: Infestation|[of] p1a: Toxapex
|
|-heal|p1a: Toxapex|63/100|[from] item: Leftovers
|-damage|p2b: Venusaur|85/100|[from] move: Infestation|[partiallytrapped]
|upkeep
|turn|3
|inactive|NandoGTG has 30 seconds left.
|inactive|Craser13 has 30 seconds left.
|inactive|Craser13 has 20 seconds left.
|inactive|Craser13 has 15 seconds left.
|inactive|Craser13 has 10 seconds left.
|
|t:|1785281175
|detailschange|p1b: Charizard|Charizard-Mega-Y, L50, M
|-mega|p1b: Charizard|Charizard|Charizardite Y
|-weather|SunnyDay|[from] ability: Drought|[of] p1b: Charizard
|move|p1a: Toxapex|Baneful Bunker|p1a: Toxapex
|-singleturn|p1a: Toxapex|move: Protect
|move|p2b: Venusaur|Sleep Powder|p1b: Charizard
|-status|p1b: Charizard|slp|[from] move: Sleep Powder
|cant|p1b: Charizard|slp
|move|p2a: Grimmsnarl|Spirit Break|p1b: Charizard
|-resisted|p1b: Charizard|1
|-damage|p1b: Charizard|84/100 slp
|-unboost|p1b: Charizard|spa|1
|
|-weather|SunnyDay|[upkeep]
|-heal|p1a: Toxapex|69/100|[from] item: Leftovers
|-damage|p2b: Venusaur|73/100|[from] move: Infestation|[partiallytrapped]
|upkeep
|turn|4
|inactive|NandoGTG has 30 seconds left.
|inactive|NandoGTG has 20 seconds left.
|inactive|NandoGTG has 15 seconds left.
|inactive|NandoGTG has 10 seconds left.
|
|t:|1785281224
|-heal|p1a: Toxapex|100/100|[from] ability: Regenerator|[silent]
|switch|p1a: Hydreigon|Hydreigon, L50, M|100/100
|cant|p1b: Charizard|slp
|move|p2a: Grimmsnarl|Parting Shot|p1b: Charizard
|-unboost|p1b: Charizard|atk|1
|-unboost|p1b: Charizard|spa|1
|
|t:|1785281233
|switch|p2a: Pelipper|Pelipper, L50, M|100/100|[from] Parting Shot
|-weather|RainDance|[from] ability: Drizzle|[of] p2a: Pelipper
|move|p2b: Venusaur|Earth Power|p1a: Hydreigon
|-immune|p1a: Hydreigon|[from] ability: Levitate
|
|-weather|RainDance|[upkeep]
|-end|p2b: Venusaur|Infestation|[partiallytrapped]|[silent]
|upkeep
|turn|5
|
|t:|1785281253
|switch|p1b: Toxapex|Toxapex, L50, F|100/100
|move|p1a: Hydreigon|Snarl|p2a: Pelipper|[spread] p2a,p2b
|-damage|p2a: Pelipper|83/100
|-damage|p2b: Venusaur|54/100
|-unboost|p2a: Pelipper|spa|1
|-unboost|p2b: Venusaur|spa|1
|move|p2b: Venusaur|Sludge Bomb|p1a: Hydreigon
|-damage|p1a: Hydreigon|69/100
|-status|p1a: Hydreigon|psn
|move|p2a: Pelipper|Tailwind|p2a: Pelipper
|-sidestart|p2: Craser13|move: Tailwind
|
|-weather|RainDance|[upkeep]
|-damage|p1a: Hydreigon|57/100 psn|[from] psn
|upkeep
|turn|6
|inactive|Craser13 has 30 seconds left.
|
|t:|1785281284
|switch|p1a: Charizard|Charizard-Mega-Y, L50, M|84/100 slp
|-weather|SunnyDay|[from] ability: Drought|[of] p1a: Charizard
|move|p2a: Pelipper|Wide Guard|p2a: Pelipper
|-singleturn|p2a: Pelipper|Wide Guard
|move|p2b: Venusaur|Earth Power|p1b: Toxapex
|-supereffective|p1b: Toxapex|1
|-damage|p1b: Toxapex|68/100
|move|p1b: Toxapex|Infestation|p2a: Pelipper
|-resisted|p2a: Pelipper|1
|-damage|p2a: Pelipper|82/100
|-activate|p2a: Pelipper|move: Infestation|[of] p1b: Toxapex
|
|-weather|SunnyDay|[upkeep]
|-heal|p1b: Toxapex|73/100|[from] item: Leftovers
|-damage|p2a: Pelipper|70/100|[from] move: Infestation|[partiallytrapped]
|upkeep
|turn|7
|inactive|NandoGTG has 30 seconds left.
|inactive|Craser13 has 30 seconds left.
|inactive|Craser13 has 20 seconds left.
|
|t:|1785281320
|move|p2b: Venusaur|Sleep Powder|p1a: Charizard|[miss]
|-miss|p2b: Venusaur|p1a: Charizard
|move|p2a: Pelipper|Hurricane|p1b: Toxapex
|-damage|p1b: Toxapex|52/100
|-curestatus|p1a: Charizard|slp|[msg]
|move|p1a: Charizard|Heat Wave|p2b: Venusaur|[spread] p2a,p2b
|-resisted|p2a: Pelipper|1
|-supereffective|p2b: Venusaur|1
|-damage|p2a: Pelipper|47/100
|-damage|p2b: Venusaur|0 fnt
|-enditem|p2a: Pelipper|Sitrus Berry|[eat]
|-heal|p2a: Pelipper|72/100|[from] item: Sitrus Berry
|faint|p2b: Venusaur
|move|p1b: Toxapex|Toxic|p2a: Pelipper
|-status|p2a: Pelipper|tox
|
|-weather|SunnyDay|[upkeep]
|-heal|p1b: Toxapex|57/100|[from] item: Leftovers
|-damage|p2a: Pelipper|66/100 tox|[from] psn
|-damage|p2a: Pelipper|54/100 tox|[from] move: Infestation|[partiallytrapped]
|upkeep
|
|t:|1785281330
|switch|p2b: Grimmsnarl|Grimmsnarl, L50, M|82/100
|turn|8
|
|t:|1785281345
|move|p2b: Grimmsnarl|Parting Shot|p1a: Charizard
|-unboost|p1a: Charizard|atk|1
|-unboost|p1a: Charizard|spa|1
|
|t:|1785281348
|switch|p2b: Basculegion|Basculegion, L50, M|100/100|[from] Parting Shot
|move|p2a: Pelipper|Hurricane|p1b: Toxapex
|-damage|p1b: Toxapex|36/100
|move|p1a: Charizard|Weather Ball|p2b: Basculegion
|-resisted|p2b: Basculegion|1
|-damage|p2b: Basculegion|75/100
|move|p1b: Toxapex|Toxic|p2b: Basculegion
|-status|p2b: Basculegion|tox
|
|-weather|SunnyDay|[upkeep]
|-heal|p1b: Toxapex|42/100|[from] item: Leftovers
|-damage|p2b: Basculegion|69/100 tox|[from] psn
|-damage|p2a: Pelipper|42/100 tox|[from] psn
|-damage|p2a: Pelipper|30/100 tox|[from] move: Infestation|[partiallytrapped]
|-sideend|p2: Craser13|move: Light Screen
|-sideend|p2: Craser13|move: Tailwind
|upkeep
|turn|9
|
|t:|1785281372
|switch|p1a: Garchomp|Garchomp, L50, F|100/100
|move|p1b: Toxapex|Baneful Bunker|p1b: Toxapex
|-singleturn|p1b: Toxapex|move: Protect
|move|p2b: Basculegion|Last Respects|p1b: Toxapex
|-activate|p1b: Toxapex|move: Protect
|move|p2a: Pelipper|Hurricane|p1b: Toxapex
|-activate|p1b: Toxapex|move: Protect
|
|-weather|SunnyDay|[upkeep]
|-heal|p1b: Toxapex|47/100|[from] item: Leftovers
|-damage|p2b: Basculegion|57/100 tox|[from] psn
|-damage|p2a: Pelipper|12/100 tox|[from] psn
|-damage|p2a: Pelipper|0 fnt|[from] move: Infestation|[partiallytrapped]
|faint|p2a: Pelipper
|-sideend|p2: Craser13|Reflect
|upkeep
|
|t:|1785281381
|switch|p2a: Grimmsnarl|Grimmsnarl, L50, M|82/100
|turn|10
|inactive|NandoGTG has 30 seconds left.
|
|t:|1785281407
|move|p1b: Toxapex|Wide Guard|p1b: Toxapex
|-singleturn|p1b: Toxapex|Wide Guard
|move|p2b: Basculegion|Last Respects|p1b: Toxapex
|-damage|p1b: Toxapex|0 fnt
|faint|p1b: Toxapex
|move|p1a: Garchomp|Earthquake|p2a: Grimmsnarl|[spread] p2a,p2b
|-damage|p2a: Grimmsnarl|44/100
|-damage|p2b: Basculegion|11/100 tox
|move|p2a: Grimmsnarl|Spirit Break|p1a: Garchomp
|-supereffective|p1a: Garchomp|1
|-damage|p1a: Garchomp|43/100
|-unboost|p1a: Garchomp|spa|1
|-damage|p2a: Grimmsnarl|32/100|[from] ability: Rough Skin|[of] p1a: Garchomp
|
|-weather|none
|-damage|p2b: Basculegion|0 fnt|[from] psn
|faint|p2b: Basculegion
|upkeep
|
|t:|1785281420
|switch|p1b: Hydreigon|Hydreigon, L50, M|57/100 psn
|turn|11
|
|t:|1785281431
|move|p1b: Hydreigon|Earth Power|p2a: Grimmsnarl
|-damage|p2a: Grimmsnarl|5/100
|move|p1a: Garchomp|Earthquake|p2a: Grimmsnarl|[spread] p2a
|-immune|p1b: Hydreigon|[from] ability: Levitate
|-damage|p2a: Grimmsnarl|0 fnt
|faint|p2a: Grimmsnarl
|
|win|NandoGTG
|l|☆Craser13
|player|p2|
