|j|☆Pelosis
|j|☆banbanan
|html|Pelosisbanbanan    
|uhtml|bestof|Game 1 of a best-of-3
|t:|1784728933
|gametype|doubles
|player|p1|Pelosis|266|1179
|player|p2|banbanan|1|1061
|gen|9
|tier|[Gen 9 Champions] VGC 2026 Reg M-B (Bo3)
|rated|
|rule|Species Clause: Limit one of each Pokémon
|rule|Item Clause: Limit 1 of each item
|clearpoke
|poke|p1|Mawile, L50, M|
|poke|p1|Farigiraf, L50, F|
|poke|p1|Incineroar, L50, M|
|poke|p1|Torkoal, L50, M|
|poke|p1|Venusaur, L50, F|
|poke|p1|Scrafty, L50, F|
|poke|p2|Sinistcha, L50|
|poke|p2|Steelix, L50, F|
|poke|p2|Hippowdon, L50, M|
|poke|p2|Heracross, L50, F|
|poke|p2|Whimsicott, L50, F|
|poke|p2|Sneasler, L50, M|
|teampreview|4
|showteam|p1|Mawile||Mawilite|HyperCutter|Protect,PlayRough,RockSlide,SuckerPunch|Brave||M|||50|]Farigiraf||SitrusBerry|ArmorTail|TrickRoom,TwinBeam,Thunderbolt,HelpingHand|Quiet||F|||50|]Incineroar||WhiteHerb|Intimidate|FakeOut,CloseCombat,FlareBlitz,DarkestLariat|Brave||M|||50|]Torkoal||Charcoal|Drought|Protect,Eruption,HeatWave,WeatherBall|Quiet||M|||50|]Venusaur||FocusSash|Chlorophyll|SleepPowder,EarthPower,EnergyBall,SludgeBomb|Modest||F|||50|]Scrafty||Scraftinite|Intimidate|FakeOut,CloseCombat,KnockOff,IcePunch|Brave||F|||50|
|showteam|p2|Sinistcha||KingsRock|Hospitality|MatchaGotcha,ShadowBall,StrengthSap,Protect|Timid|||||50|]Steelix||Steelixite|SheerForce|PsychicFangs,HeavySlam,HighHorsepower,BreakingSwipe|Impish||F|||50|]Hippowdon||Leftovers|SandStream|Protect,BodyPress,HighHorsepower,Rest|Impish||M|||50|]Heracross||Heracronite|Guts|BulletSeed,Lunge,CloseCombat,KnockOff|Adamant||F|||50|]Whimsicott||FocusSash|Chlorophyll|Moonblast,Tailwind,TrickRoom,Encore|Modest||F|||50|]Sneasler||WhiteHerb|Unburden|CloseCombat,DireClaw,FirePunch,FakeOut|Adamant||M|||50|
|inactive|Battle timer is ON: inactive players will automatically lose when time's up. (requested by Pelosis)
|
|t:|1784728988
|teamsize|p1|4
|teamsize|p2|4
|start
|switch|p1a: Farigiraf|Farigiraf, L50, F|100/100
|switch|p1b: Incineroar|Incineroar, L50, M|100/100
|switch|p2a: Steelix|Steelix, L50, F|100/100
|switch|p2b: Whimsicott|Whimsicott, L50, F|100/100
|-ability|p1b: Incineroar|Intimidate|boost
|-unboost|p2a: Steelix|atk|1
|-unboost|p2b: Whimsicott|atk|1
|turn|1
|inactive|Pelosis has 30 seconds left.
|inactive|banbanan has 30 seconds left.
|inactive|Pelosis has 20 seconds left.
|inactive|banbanan has 20 seconds left.
|
|t:|1784729024
|switch|p2b: Hippowdon|Hippowdon, L50, M|100/100
|-weather|Sandstorm|[from] ability: Sand Stream|[of] p2b: Hippowdon
|switch|p1a: Torkoal|Torkoal, L50, M|100/100
|-weather|SunnyDay|[from] ability: Drought|[of] p1a: Torkoal
|detailschange|p2a: Steelix|Steelix-Mega, L50, F
|-mega|p2a: Steelix|Steelix|Steelixite
|move|p1b: Incineroar|Flare Blitz|p2a: Steelix
|-supereffective|p2a: Steelix|1
|-damage|p2a: Steelix|26/100
|-damage|p1b: Incineroar|78/100|[from] Recoil
|move|p2a: Steelix|High Horsepower|p1b: Incineroar
|-supereffective|p1b: Incineroar|1
|-damage|p1b: Incineroar|21/100
|
|-weather|SunnyDay|[upkeep]
|upkeep
|turn|2
|inactive|Pelosis has 30 seconds left.
|
|t:|1784729056
|switch|p1a: Scrafty|Scrafty, L50, F|100/100
|-ability|p1a: Scrafty|Intimidate|boost
|-unboost|p2a: Steelix|atk|1
|-unboost|p2b: Hippowdon|atk|1
|move|p2b: Hippowdon|Protect|p2b: Hippowdon
|-singleturn|p2b: Hippowdon|Protect
|move|p1b: Incineroar|Flare Blitz|p2a: Steelix
|-supereffective|p2a: Steelix|1
|-damage|p2a: Steelix|0 fnt
|faint|p2a: Steelix
|-damage|p1b: Incineroar|13/100|[from] Recoil
|
|-weather|SunnyDay|[upkeep]
|upkeep
|
|t:|1784729073
|switch|p2a: Whimsicott|Whimsicott, L50, F|100/100
|turn|3
|
|t:|1784729083
|detailschange|p1a: Scrafty|Scrafty-Mega, L50, F
|-mega|p1a: Scrafty|Scrafty|Scraftinite
|-ability|p1a: Scrafty|Intimidate|boost
|-unboost|p2a: Whimsicott|atk|1
|-unboost|p2b: Hippowdon|atk|1
|move|p1a: Scrafty|Fake Out|p2a: Whimsicott
|-damage|p2a: Whimsicott|79/100
|cant|p2a: Whimsicott|flinch
|move|p1b: Incineroar|Flare Blitz|p2a: Whimsicott
|-supereffective|p2a: Whimsicott|1
|-damage|p2a: Whimsicott|0 fnt
|faint|p2a: Whimsicott
|-damage|p1b: Incineroar|0 fnt|[from] Recoil
|faint|p1b: Incineroar
|move|p2b: Hippowdon|Body Press|p1a: Scrafty
|-supereffective|p1a: Scrafty|1
|-damage|p1a: Scrafty|59/100
|
|-weather|SunnyDay|[upkeep]
|upkeep
|
|t:|1784729107
|switch|p2a: Sinistcha|Sinistcha, L50|100/100
|switch|p1b: Torkoal|Torkoal, L50, M|100/100
|turn|4
|
|t:|1784729131
|move|p2a: Sinistcha|Protect|p2a: Sinistcha
|-singleturn|p2a: Sinistcha|Protect
|move|p1a: Scrafty|Knock Off|p2a: Sinistcha
|-activate|p2a: Sinistcha|move: Protect
|move|p2b: Hippowdon|High Horsepower|p1b: Torkoal
|-supereffective|p1b: Torkoal|1
|-damage|p1b: Torkoal|69/100
|move|p1b: Torkoal|Eruption|p2a: Sinistcha|[spread] p2b
|-activate|p2a: Sinistcha|move: Protect
|-damage|p2b: Hippowdon|49/100
|
|-weather|SunnyDay|[upkeep]
|-heal|p2b: Hippowdon|55/100|[from] item: Leftovers
|upkeep
|turn|5
|inactive|banbanan has 30 seconds left.
|
|t:|1784729161
|move|p2a: Sinistcha|Matcha Gotcha|p1b: Torkoal|[spread] p1a,p1b
|-resisted|p1b: Torkoal|1
|-damage|p1a: Scrafty|38/100
|-damage|p1b: Torkoal|54/100
|-status|p1a: Scrafty|brn
|move|p1a: Scrafty|Knock Off|p2a: Sinistcha
|-supereffective|p2a: Sinistcha|1
|-damage|p2a: Sinistcha|48/100
|-enditem|p2a: Sinistcha|King's Rock|[from] move: Knock Off|[of] p1a: Scrafty
|move|p2b: Hippowdon|High Horsepower|p1b: Torkoal
|-supereffective|p1b: Torkoal|1
|-damage|p1b: Torkoal|26/100
|move|p1b: Torkoal|Heat Wave|p2a: Sinistcha|[spread] p2a,p2b
|-supereffective|p2a: Sinistcha|1
|-damage|p2a: Sinistcha|0 fnt
|-damage|p2b: Hippowdon|9/100
|faint|p2a: Sinistcha
|
|-weather|none
|-heal|p2b: Hippowdon|15/100|[from] item: Leftovers
|-damage|p1a: Scrafty|32/100 brn|[from] brn
|upkeep
|turn|6
|inactive|banbanan has 30 seconds left.
|inactive|banbanan has 20 seconds left.
|
|t:|1784729197
|move|p1a: Scrafty|Close Combat|p2b: Hippowdon
|-damage|p2b: Hippowdon|0 fnt
|-unboost|p1a: Scrafty|def|1
|-unboost|p1a: Scrafty|spd|1
|faint|p2b: Hippowdon
|
|win|Pelosis
||Pelosis is ready for game 2.
