|j|☆glotis
|j|☆KChiefs7
|html|glotisKChiefs7    
|uhtml|bestof|Game 1 of a best-of-3
|t:|1757797049
|gametype|doubles
|player|p1|glotis|linebacker|1068
|player|p2|KChiefs7|265|1116
|gen|9
|tier|[Gen 9] VGC 2025 Reg H (Bo3)
|rated|
|rule|Species Clause: Limit one of each Pokémon
|rule|Item Clause: Limit 1 of each item
|clearpoke
|poke|p1|Chesnaught, L50, M|
|poke|p1|Blaziken, L50, F|
|poke|p1|Swampert, L50, M|
|poke|p1|Salamence, L50, M|
|poke|p1|Incineroar, L50, M|
|poke|p1|Breloom, L50, M|
|poke|p2|Ursaluna, L50, F|
|poke|p2|Gholdengo, L50|
|poke|p2|Amoonguss, L50, F|
|poke|p2|Porygon2, L50|
|poke|p2|Incineroar, L50, F|
|poke|p2|Flamigo, L50, M|
|teampreview|4
|showteam|p1|Chesnaught||Leftovers|Bulletproof|LeechSeed,KnockOff,Coaching,WideGuard|||M|||50|,,,,,Fire]Blaziken||FocusSash|SpeedBoost|BlazeKick,Coaching,Protect,CloseCombat|||F|||50|,,,,,Dark]Swampert||AssaultVest|Torrent|Waterfall,BodyPress,Earthquake,FlipTurn|||M|||50|,,,,,Water]Salamence||ClearAmulet|Intimidate|Protect,DragonClaw,DualWingbeat,Tailwind|||M|||50|,,,,,Steel]Incineroar||SafetyGoggles|Intimidate|FakeOut,KnockOff,PartingShot,FirePunch|||M|||50|,,,,,Bug]Breloom||SitrusBerry|Technician|BulletSeed,Spore,Protect,SwordsDance|||M|||50|,,,,,Dark
|showteam|p2|Ursaluna||FlameOrb|Guts|Facade,Earthquake,Substitute,Protect|||F|||50|,,,,,Ghost]Gholdengo||ChoiceScarf|GoodasGold|MakeItRain,ShadowBall,DazzlingGleam,FocusBlast||||||50|,,,,,Steel]Amoonguss||SitrusBerry|Regenerator|RagePowder,Spore,PollenPuff,Protect|||F|||50|,,,,,Fairy]Porygon2||Eviolite|Download|Thunderbolt,IceBeam,Recover,TrickRoom||||||50|,,,,,Flying]Incineroar||AssaultVest|Intimidate|FlareBlitz,KnockOff,FakeOut,Uturn|||F|||50|,,,,,Grass]Flamigo||FocusSash|Scrappy|CloseCombat,BraveBird,WideGuard,Detect|||M|||50|,,,,,Stellar
|inactive|Battle timer is ON: inactive players will automatically lose when time's up. (requested by glotis)
|inactive|KChiefs7 also wants the timer to be on.
|inactive|KChiefs7 has 60 seconds left.
|
|t:|1757797082
|teamsize|p1|4
|teamsize|p2|4
|start
|switch|p1a: Incineroar|Incineroar, L50, M|100/100
|switch|p1b: Blaziken|Blaziken, L50, F|100/100
|switch|p2a: Gholdengo|Gholdengo, L50|100/100
|switch|p2b: Incineroar|Incineroar, L50, F, shiny|100/100
|-ability|p2b: Incineroar|Intimidate|boost
|-unboost|p1a: Incineroar|atk|1
|-unboost|p1b: Blaziken|atk|1
|-ability|p1a: Incineroar|Intimidate|boost
|-unboost|p2a: Gholdengo|atk|1
|-unboost|p2b: Incineroar|atk|1
|turn|1
|
|t:|1757797104
|move|p1b: Blaziken|Protect|p1b: Blaziken
|-singleturn|p1b: Blaziken|Protect
|move|p2b: Incineroar|Fake Out|p1b: Blaziken
|-activate|p1b: Blaziken|move: Protect
|move|p1a: Incineroar|Fake Out|p2b: Incineroar
|-damage|p2b: Incineroar|94/100
|move|p2a: Gholdengo|Focus Blast|p1a: Incineroar
|-supereffective|p1a: Incineroar
|-damage|p1a: Incineroar|34/100
|
|-ability|p1b: Blaziken|Speed Boost|boost
|-boost|p1b: Blaziken|spe|1
|upkeep
|turn|2
|inactive|KChiefs7 has 30 seconds left.
|
|t:|1757797136
|switch|p2b: Porygon2|Porygon2, L50|100/100
|-ability|p2b: Porygon2|Download|boost
|-boost|p2b: Porygon2|atk|1
|-terastallize|p1a: Incineroar|Bug
|move|p1b: Blaziken|Blaze Kick|p2a: Gholdengo
|-supereffective|p2a: Gholdengo
|-damage|p2a: Gholdengo|57/100
|-status|p2a: Gholdengo|brn
|move|p2a: Gholdengo|Focus Blast|p1a: Incineroar
|-resisted|p1a: Incineroar
|-damage|p1a: Incineroar|16/100
|move|p1a: Incineroar|Knock Off|p2a: Gholdengo
|-supereffective|p2a: Gholdengo
|-damage|p2a: Gholdengo|14/100 brn
|-enditem|p2a: Gholdengo|Choice Scarf|[from] move: Knock Off|[of] p1a: Incineroar
|
|-damage|p2a: Gholdengo|8/100 brn|[from] brn
|-ability|p1b: Blaziken|Speed Boost|boost
|-boost|p1b: Blaziken|spe|1
|upkeep
|turn|3
|inactive|glotis has 30 seconds left.
|inactive|KChiefs7 has 30 seconds left.
|
|t:|1757797169
|switch|p2a: Ursaluna|Ursaluna, L50, F|100/100
|move|p1b: Blaziken|Blaze Kick|p2a: Ursaluna
|-crit|p2a: Ursaluna
|-damage|p2a: Ursaluna|60/100
|move|p1a: Incineroar|Parting Shot|p2b: Porygon2
|-unboost|p2b: Porygon2|atk|1
|-unboost|p2b: Porygon2|spa|1
|
|t:|1757797177
|switch|p1a: Salamence|Salamence, L50, M|100/100|[from] Parting Shot
|-ability|p1a: Salamence|Intimidate|boost
|-unboost|p2a: Ursaluna|atk|1
|-unboost|p2b: Porygon2|atk|1
|move|p2b: Porygon2|Trick Room|p2b: Porygon2
|-fieldstart|move: Trick Room|[of] p2b: Porygon2
|
|-status|p2a: Ursaluna|brn|[from] item: Flame Orb
|-ability|p1b: Blaziken|Speed Boost|boost
|-boost|p1b: Blaziken|spe|1
|upkeep
|turn|4
|inactive|KChiefs7 has 30 seconds left.
|
|t:|1757797204
|switch|p2a: Incineroar|Incineroar, L50, F, shiny|94/100
|-ability|p2a: Incineroar|Intimidate|boost
|-fail|p1a: Salamence|unboost|[from] item: Clear Amulet|[of] p1a: Salamence
|-unboost|p1b: Blaziken|atk|1
|move|p1a: Salamence|Protect|p1a: Salamence
|-singleturn|p1a: Salamence|Protect
|move|p2b: Porygon2|Thunderbolt|p1b: Blaziken
|-crit|p1b: Blaziken
|-damage|p1b: Blaziken|45/100
|-status|p1b: Blaziken|par
|move|p1b: Blaziken|Coaching|p1a: Salamence
|-boost|p1a: Salamence|atk|1
|-boost|p1a: Salamence|def|1
|
|-ability|p1b: Blaziken|Speed Boost|boost
|-boost|p1b: Blaziken|spe|1
|upkeep
|turn|5
|inactive|glotis has 30 seconds left.
|inactive|KChiefs7 has 30 seconds left.
|
|t:|1757797243
|move|p1a: Salamence|Protect|p1a: Salamence
|-singleturn|p1a: Salamence|Protect
|move|p2b: Porygon2|Ice Beam|p1a: Salamence
|-activate|p1a: Salamence|move: Protect
|move|p2a: Incineroar|Knock Off|p1b: Blaziken
|-resisted|p1b: Blaziken
|-damage|p1b: Blaziken|15/100 par
|-enditem|p1b: Blaziken|Focus Sash|[from] move: Knock Off|[of] p2a: Incineroar
|cant|p1b: Blaziken|par
|
|-ability|p1b: Blaziken|Speed Boost|boost
|-boost|p1b: Blaziken|spe|1
|upkeep
|turn|6
|
|t:|1757797260
|switch|p1a: Incineroar|Incineroar, L50, M, tera:Bug|16/100
|-ability|p1a: Incineroar|Intimidate|boost
|-unboost|p2a: Incineroar|atk|1
|-unboost|p2b: Porygon2|atk|1
|move|p2b: Porygon2|Ice Beam|p1a: Incineroar
|-damage|p1a: Incineroar|0 fnt
|faint|p1a: Incineroar
|move|p2a: Incineroar|Knock Off|p1b: Blaziken
|-resisted|p1b: Blaziken
|-damage|p1b: Blaziken|0 fnt
|faint|p1b: Blaziken
|
|upkeep
|
|t:|1757797271
|switch|p1a: Chesnaught|Chesnaught, L50, M|100/100
|switch|p1b: Salamence|Salamence, L50, M|100/100
|-ability|p1b: Salamence|Intimidate|boost
|-unboost|p2a: Incineroar|atk|1
|-unboost|p2b: Porygon2|atk|1
|turn|7
|
|t:|1757797293
|move|p1b: Salamence|Protect|p1b: Salamence
|-singleturn|p1b: Salamence|Protect
|move|p2b: Porygon2|Ice Beam|p1a: Chesnaught
|-supereffective|p1a: Chesnaught
|-damage|p1a: Chesnaught|58/100
|-status|p1a: Chesnaught|frz
|move|p2a: Incineroar|Knock Off|p1a: Chesnaught
|-resisted|p1a: Chesnaught
|-damage|p1a: Chesnaught|52/100 frz
|-enditem|p1a: Chesnaught|Leftovers|[from] move: Knock Off|[of] p2a: Incineroar
|cant|p1a: Chesnaught|frz
|
|-fieldend|move: Trick Room
|upkeep
|turn|8
|-message|glotis forfeited.
|
|win|KChiefs7
|l|☆glotis
|player|p1|
||KChiefs7 is ready for game 2.
||glotis is ready for game 2.
|uhtml|next|Next: Game 2 of 3
