|j|☆daviisiiitoo
|j|☆1Manuel1410
|html|daviisiiitoo1Manuel1410    
|uhtml|bestof|Game 1 of a best-of-3
|t:|1784455730
|gametype|doubles
|player|p1|daviisiiitoo|101|1123
|player|p2|1Manuel1410|palmer|1171
|gen|9
|tier|[Gen 9 Champions] VGC 2026 Reg M-B (Bo3)
|rated|
|rule|Species Clause: Limit one of each Pokémon
|rule|Item Clause: Limit 1 of each item
|clearpoke
|poke|p1|Metagross, L50|
|poke|p1|Ninetales-Alola, L50, M|
|poke|p1|Sneasler, L50, M|
|poke|p1|Kingambit, L50, F|
|poke|p1|Aerodactyl, L50, F|
|poke|p1|Hydreigon, L50, F, shiny|
|poke|p2|Dragalge, L50, F|
|poke|p2|Sinistcha, L50|
|poke|p2|Incineroar, L50, F|
|poke|p2|Milotic, L50, F|
|poke|p2|Ninetales-Alola, L50, M|
|poke|p2|Kingambit, L50, M|
|teampreview|4
|showteam|p1|Metagross||Metagrossite|ClearBody|BulletPunch,PsychicFangs,StompingTantrum,Protect|Jolly|||||50|]Ninetales-Alola||FocusSash|SnowWarning|Blizzard,FreezeDry,Encore,Protect|Timid||M|||50|]Sneasler||WhiteHerb|Unburden|FakeOut,DireClaw,CloseCombat,Coaching|Adamant||M|||50|]Kingambit||OccaBerry|Defiant|KowtowCleave,LowKick,SuckerPunch,IronHead|Adamant||F|||50|]Aerodactyl||Aerodactylite|Pressure|RockSlide,DualWingbeat,Tailwind,IceFang|Jolly||F|||50|]Hydreigon||ChoiceScarf|Levitate|DracoMeteor,DarkPulse,HeatWave,EarthPower|Modest||F|||50|
|showteam|p2|Dragalge||Dragalgite|PoisonPoint|Protect,SludgeBomb,Toxic,DragonPulse|Bold||F|||50|]Sinistcha||ColburBerry|Hospitality|MatchaGotcha,RagePowder,TrickRoom,Hex|Modest|||||50|]Incineroar||Charcoal|Intimidate|FakeOut,FlareBlitz,DarkestLariat,PartingShot|Adamant||F|||50|]Milotic||Leftovers|Competitive|Recover,Coil,MuddyWater,Hypnosis|Calm||F|||50|]Ninetales-Alola||LightClay|SnowWarning|Protect,AuroraVeil,Blizzard,Moonblast|Timid||M|||50|]Kingambit||ChopleBerry|Defiant|SuckerPunch,KowtowCleave,IronHead,LowKick|Adamant||M|||50|
|inactive|Battle timer is ON: inactive players will automatically lose when time's up. (requested by 1Manuel1410)
|inactive|daviisiiitoo has 60 seconds left.
|
|t:|1784455787
|teamsize|p1|4
|teamsize|p2|4
|start
|switch|p1a: Kingambit|Kingambit, L50, F|100/100
|switch|p1b: Sneasler|Sneasler, L50, M|100/100
|switch|p2a: Milotic|Milotic, L50, F|100/100
|switch|p2b: Kingambit|Kingambit, L50, M|100/100
|turn|1
|inactive|daviisiiitoo has 30 seconds left.
|inactive|daviisiiitoo has 20 seconds left.
|inactive|daviisiiitoo has 15 seconds left.
|inactive|daviisiiitoo has 10 seconds left.
|
|t:|1784455833
|move|p1b: Sneasler|Fake Out|p2b: Kingambit
|-resisted|p2b: Kingambit|1
|-damage|p2b: Kingambit|93/100
|move|p2a: Milotic|Coil|p2a: Milotic
|-boost|p2a: Milotic|atk|1
|-boost|p2a: Milotic|def|1
|-boost|p2a: Milotic|accuracy|1
|move|p1a: Kingambit|Low Kick|p2b: Kingambit
|-supereffective|p2b: Kingambit|2
|-enditem|p2b: Kingambit|Chople Berry|[eat]
|-enditem|p2b: Kingambit|Chople Berry|[weaken]
|-damage|p2b: Kingambit|37/100
|cant|p2b: Kingambit|flinch
|
|upkeep
|turn|2
|inactive|daviisiiitoo has 30 seconds left.
|
|t:|1784455867
|switch|p2b: Ninetales|Ninetales-Alola, L50, M|100/100
|-weather|Snowscape|[from] ability: Snow Warning|[of] p2b: Ninetales
|move|p1b: Sneasler|Close Combat|p2b: Ninetales
|-damage|p2b: Ninetales|30/100
|-unboost|p1b: Sneasler|def|1
|-unboost|p1b: Sneasler|spd|1
|-enditem|p1b: Sneasler|White Herb
|-clearnegativeboost|p1b: Sneasler|[silent]
|move|p2a: Milotic|Coil|p2a: Milotic
|-boost|p2a: Milotic|atk|1
|-boost|p2a: Milotic|def|1
|-boost|p2a: Milotic|accuracy|1
|move|p1a: Kingambit|Kowtow Cleave|p2a: Milotic
|-damage|p2a: Milotic|78/100
|
|-weather|Snowscape|[upkeep]
|-heal|p2a: Milotic|84/100|[from] item: Leftovers
|upkeep
|turn|3
|inactive|daviisiiitoo has 30 seconds left.
|
|t:|1784455893
|move|p2b: Ninetales|Protect|p2b: Ninetales
|-singleturn|p2b: Ninetales|Protect
|move|p1b: Sneasler|Dire Claw|p2a: Milotic
|-damage|p2a: Milotic|65/100
|-status|p2a: Milotic|slp
|cant|p2a: Milotic|slp
|move|p1a: Kingambit|Iron Head|p2b: Ninetales
|-activate|p2b: Ninetales|move: Protect
|
|-weather|Snowscape|[upkeep]
|-heal|p2a: Milotic|71/100 slp|[from] item: Leftovers
|upkeep
|turn|4
|inactive|daviisiiitoo has 30 seconds left.
|
|t:|1784455927
|switch|p2b: Kingambit|Kingambit, L50, M|37/100
|move|p1b: Sneasler|Close Combat|p2b: Kingambit
|-supereffective|p2b: Kingambit|2
|-damage|p2b: Kingambit|0 fnt
|-unboost|p1b: Sneasler|def|1
|-unboost|p1b: Sneasler|spd|1
|faint|p2b: Kingambit
|cant|p2a: Milotic|slp
|move|p1a: Kingambit|Kowtow Cleave|p2a: Milotic
|-damage|p2a: Milotic|51/100 slp
|
|-weather|Snowscape|[upkeep]
|-heal|p2a: Milotic|57/100 slp|[from] item: Leftovers
|upkeep
|
|t:|1784455934
|switch|p2b: Ninetales|Ninetales-Alola, L50, M|30/100
|turn|5
|
|t:|1784455939
|move|p2b: Ninetales|Protect|p2b: Ninetales
|-singleturn|p2b: Ninetales|Protect
|move|p1b: Sneasler|Dire Claw|p2a: Milotic
|-damage|p2a: Milotic|37/100 slp
|-curestatus|p2a: Milotic|slp|[msg]
|move|p2a: Milotic|Hypnosis|p1b: Sneasler
|-status|p1b: Sneasler|slp|[from] move: Hypnosis
|move|p1a: Kingambit|Kowtow Cleave|p2a: Milotic
|-damage|p2a: Milotic|14/100
|
|-weather|Snowscape|[upkeep]
|-heal|p2a: Milotic|20/100y|[from] item: Leftovers
|upkeep
|turn|6
|inactive|daviisiiitoo has 30 seconds left.
|inactive|daviisiiitoo has 20 seconds left.
|
|t:|1784455974
|move|p1a: Kingambit|Sucker Punch||[still]
|-fail|p1a: Kingambit
|cant|p1b: Sneasler|slp
|move|p2b: Ninetales|Aurora Veil|p2b: Ninetales
|-sidestart|p2: 1Manuel1410|move: Aurora Veil
|move|p2a: Milotic|Recover|p2a: Milotic
|-heal|p2a: Milotic|70/100
|
|-weather|none
|-heal|p2a: Milotic|76/100|[from] item: Leftovers
|upkeep
|turn|7
|
|t:|1784455993
|cant|p1b: Sneasler|slp
|move|p2b: Ninetales|Moonblast|p1a: Kingambit
|-damage|p1a: Kingambit|61/100
|move|p2a: Milotic|Muddy Water|p1a: Kingambit|[spread] p1a,p1b
|-damage|p1a: Kingambit|33/100
|-damage|p1b: Sneasler|45/100 slp
|move|p1a: Kingambit|Iron Head|p2b: Ninetales
|-supereffective|p2b: Ninetales|2
|-damage|p2b: Ninetales|0 fnt
|faint|p2b: Ninetales
|
|-heal|p2a: Milotic|82/100|[from] item: Leftovers
|upkeep
|
|t:|1784456003
|switch|p2b: Incineroar|Incineroar, L50, F|100/100
|-ability|p2b: Incineroar|Intimidate|boost
|-unboost|p1a: Kingambit|atk|1
|-ability|p1a: Kingambit|Defiant|boost
|-boost|p1a: Kingambit|atk|2
|-unboost|p1b: Sneasler|atk|1
|turn|8
|
|t:|1784456012
|move|p2b: Incineroar|Fake Out|p1b: Sneasler
|-damage|p1b: Sneasler|10/100 slp
|-curestatus|p1b: Sneasler|slp|[msg]
|cant|p1b: Sneasler|flinch
|move|p2a: Milotic|Muddy Water|p1b: Sneasler|[spread] p1a,p1b
|-damage|p1a: Kingambit|5/100
|-damage|p1b: Sneasler|0 fnt
|-unboost|p1a: Kingambit|accuracy|1
|-ability|p1a: Kingambit|Defiant|boost
|-boost|p1a: Kingambit|atk|2
|faint|p1b: Sneasler
|move|p1a: Kingambit|Low Kick|p2b: Incineroar
|-supereffective|p2b: Incineroar|1
|-damage|p2b: Incineroar|0 fnt
|faint|p2b: Incineroar
|
|-heal|p2a: Milotic|89/100|[from] item: Leftovers
|upkeep
|inactive|daviisiiitoo has 30 seconds left.
|
|t:|1784456038
|switch|p1b: Metagross|Metagross, L50|100/100
|turn|9
|
|t:|1784456047
|detailschange|p1b: Metagross|Metagross-Mega, L50
|-mega|p1b: Metagross|Metagross|Metagrossite
|move|p1b: Metagross|Psychic Fangs|p2a: Milotic
|-sideend|p2: 1Manuel1410|move: Aurora Veil
|-damage|p2a: Milotic|60/100
|move|p2a: Milotic|Muddy Water|p1b: Metagross|[spread] p1a,p1b
|-damage|p1a: Kingambit|0 fnt
|-damage|p1b: Metagross|72/100
|faint|p1a: Kingambit
|
|-heal|p2a: Milotic|66/100|[from] item: Leftovers
|upkeep
|
|t:|1784456053
|switch|p1a: Hydreigon|Hydreigon, L50, F, shiny|100/100
|turn|10
|
|t:|1784456059
|move|p1a: Hydreigon|Dark Pulse|p2a: Milotic
|-damage|p2a: Milotic|33/100
|move|p1b: Metagross|Psychic Fangs|p2a: Milotic
|-damage|p2a: Milotic|5/100
|move|p2a: Milotic|Recover|p2a: Milotic
|-heal|p2a: Milotic|55/100
|
|-heal|p2a: Milotic|61/100|[from] item: Leftovers
|upkeep
|turn|11
|
|t:|1784456067
|move|p1a: Hydreigon|Dark Pulse|p2a: Milotic
|-damage|p2a: Milotic|30/100
|move|p1b: Metagross|Psychic Fangs|p2a: Milotic
|-damage|p2a: Milotic|2/100
|move|p2a: Milotic|Recover|p2a: Milotic
|-heal|p2a: Milotic|52/100
|
|-heal|p2a: Milotic|58/100|[from] item: Leftovers
|upkeep
|turn|12
|
|t:|1784456073
|move|p1a: Hydreigon|Dark Pulse|p2a: Milotic
|-damage|p2a: Milotic|26/100
|move|p1b: Metagross|Psychic Fangs|p2a: Milotic
|-damage|p2a: Milotic|0 fnt
|faint|p2a: Milotic
|
|win|daviisiiitoo
||daviisiiitoo is ready for game 2.
||1Manuel1410 is ready for game 2.
|uhtml|next|Next: Game 2 of 3
