|badge|p2|silver|gen9ou|30-6
|uhtml|medal-msg|Curious what those medals under the avatar are? PS now has Ladder Seasons! For more information, check out the thread on Smogon.
|j|☆washingtongargacha
|j|☆JackRG1
|html|washingtongargachaJackRG1    
|uhtml|bestof|Game 2 of a best-of-3
|t:|1757714450
|gametype|doubles
|player|p1|washingtongargacha|101|1198
|player|p2|JackRG1|dawn-gen4pt|1111
|gen|9
|tier|[Gen 9] VGC 2025 Reg H (Bo3)
|rated|
|rule|Species Clause: Limit one of each Pokémon
|rule|Item Clause: Limit 1 of each item
|clearpoke
|poke|p1|Talonflame, L50, M|
|poke|p1|Gholdengo, L50|
|poke|p1|Dragonite, L50, M|
|poke|p1|Archaludon, L50, F|
|poke|p1|Tyranitar, L50, F|
|poke|p1|Garchomp, L50, F|
|poke|p2|Dragonite, L50, F|
|poke|p2|Gholdengo, L50|
|poke|p2|Ursaluna-Bloodmoon, L50, M|
|poke|p2|Sneasler, L50, F|
|poke|p2|Incineroar, L50, F|
|poke|p2|Rillaboom, L50, F|
|teampreview|4
|showteam|p1|Talonflame||LifeOrb|GaleWings|Tailwind,DualWingbeat,Taunt,FlareBlitz|||M|||50|,,,,,Ghost]Gholdengo||ChoiceSpecs|GoodasGold|MakeItRain,SteelBeam,ShadowBall,PowerGem||||||50|,,,,,Flying]Dragonite||LoadedDice|Multiscale|ScaleShot,IceSpinner,Haze,Protect|||M|||50|,,,,,Steel]Archaludon||PowerHerb|Sturdy|FlashCannon,ElectroShot,DracoMeteor,Protect|||F|||50|,,,,,Flying]Tyranitar||AssaultVest|SandStream|KnockOff,RockSlide,TeraBlast,LowKick|||F|||50|,,,,,Flying]Garchomp||EarthPlate|RoughSkin|DragonClaw,StompingTantrum,Earthquake,Protect|||F|||50|,,,,,Steel
|showteam|p2|Dragonite||LoadedDice|Multiscale|Protect,ScaleShot,Tailwind,ExtremeSpeed|||F|||50|,,,,,Fairy]Gholdengo||ChoiceScarf|GoodasGold|Trick,MakeItRain,ShadowBall,Protect||||||50|,,,,,Steel]Ursaluna-Bloodmoon||Leftovers|MindsEye|Protect,EarthPower,BloodMoon,CalmMind|||M|||50|,,,,,Poison]Sneasler||FocusSash|Unburden|DireClaw,Protect,CloseCombat,FakeOut|||F|||50|,,,,,Stellar]Incineroar||SitrusBerry|Intimidate|FlareBlitz,KnockOff,PartingShot,FakeOut|||F|||50|,,,,,Ghost]Rillaboom||AssaultVest|GrassySurge|WoodHammer,Uturn,FakeOut,GrassyGlide|||F|||50|,,,,,Fire
|inactive|Battle timer is ON: inactive players will automatically lose when time's up. (requested by JackRG1)
|l|☆JackRG1
|inactive|JackRG1 disconnected and has a minute to reconnect!
|player|p2|
|inactive|JackRG1 has 30 seconds to reconnect!
|j|☆JackRG1
|inactive|JackRG1 reconnected and has 30 seconds left.
|player|p2|JackRG1|dawn-gen4pt|
|inactive|JackRG1 has 20 seconds left.
|inactive|JackRG1 has 15 seconds left.
|
|t:|1757714530
|teamsize|p1|4
|teamsize|p2|4
|start
|switch|p1a: Gholdengo|Gholdengo, L50|100/100
|switch|p1b: Garchomp|Garchomp, L50, F|100/100
|switch|p2a: Incineroar|Incineroar, L50, F|100/100
|switch|p2b: Ursaluna|Ursaluna-Bloodmoon, L50, M|100/100
|-ability|p2a: Incineroar|Intimidate|boost
|-unboost|p1a: Gholdengo|atk|1
|-unboost|p1b: Garchomp|atk|1
|turn|1
|inactive|washingtongargacha has 30 seconds left.
|
|t:|1757714562
|-terastallize|p2a: Incineroar|Ghost
|move|p1b: Garchomp|Protect|p1b: Garchomp
|-singleturn|p1b: Garchomp|Protect
|move|p2b: Ursaluna|Protect|p2b: Ursaluna
|-singleturn|p2b: Ursaluna|Protect
|move|p1a: Gholdengo|Steel Beam|p2b: Ursaluna
|-activate|p2b: Ursaluna|move: Protect
|-damage|p1a: Gholdengo|50/100|[from] steelbeam
|move|p2a: Incineroar|Knock Off|p1a: Gholdengo
|-supereffective|p1a: Gholdengo
|-damage|p1a: Gholdengo|0 fnt
|-enditem|p1a: Gholdengo|Choice Specs|[from] move: Knock Off|[of] p2a: Incineroar
|faint|p1a: Gholdengo
|
|upkeep
|
|t:|1757714577
|switch|p1a: Tyranitar|Tyranitar, L50, F|100/100
|-weather|Sandstorm|[from] ability: Sand Stream|[of] p1a: Tyranitar
|turn|2
|
|t:|1757714589
|switch|p2a: Sneasler|Sneasler, L50, F|100/100
|-terastallize|p1a: Tyranitar|Flying
|move|p1b: Garchomp|Stomping Tantrum|p2b: Ursaluna
|-damage|p2b: Ursaluna|78/100
|move|p1a: Tyranitar|Knock Off|p2b: Ursaluna
|-damage|p2b: Ursaluna|43/100
|-enditem|p2b: Ursaluna|Leftovers|[from] move: Knock Off|[of] p1a: Tyranitar
|move|p2b: Ursaluna|Calm Mind|p2b: Ursaluna
|-boost|p2b: Ursaluna|spa|1
|-boost|p2b: Ursaluna|spd|1
|
|-weather|Sandstorm|[upkeep]
|-damage|p2a: Sneasler|95/100|[from] Sandstorm
|-damage|p1a: Tyranitar|95/100|[from] Sandstorm
|upkeep
|turn|3
|
|t:|1757714606
|move|p2a: Sneasler|Fake Out|p1a: Tyranitar
|-damage|p1a: Tyranitar|82/100
|move|p1b: Garchomp|Earthquake|p2b: Ursaluna|[spread] p2a,p2b
|-immune|p1a: Tyranitar
|-supereffective|p2a: Sneasler
|-damage|p2a: Sneasler|0 fnt
|-damage|p2b: Ursaluna|18/100
|faint|p2a: Sneasler
|cant|p1a: Tyranitar|flinch
|move|p2b: Ursaluna|Blood Moon|p1b: Garchomp
|-damage|p1b: Garchomp|0 fnt
|faint|p1b: Garchomp
|
|-weather|Sandstorm|[upkeep]
|-damage|p1a: Tyranitar|76/100|[from] Sandstorm
|upkeep
|
|t:|1757714621
|switch|p2a: Incineroar|Incineroar, L50, F, tera:Ghost|100/100
|switch|p1b: Dragonite|Dragonite, L50, M|100/100
|-ability|p2a: Incineroar|Intimidate|boost
|-unboost|p1a: Tyranitar|atk|1
|-unboost|p1b: Dragonite|atk|1
|turn|4
|
|t:|1757714632
|move|p2b: Ursaluna|Protect|p2b: Ursaluna
|-singleturn|p2b: Ursaluna|Protect
|move|p1b: Dragonite|Scale Shot|p2b: Ursaluna
|-activate|p2b: Ursaluna|move: Protect
|move|p1a: Tyranitar|Low Kick|p2b: Ursaluna
|-activate|p2b: Ursaluna|move: Protect
|move|p2a: Incineroar|Knock Off|p1b: Dragonite
|-damage|p1b: Dragonite|80/100
|-enditem|p1b: Dragonite|Loaded Dice|[from] move: Knock Off|[of] p2a: Incineroar
|
|-weather|Sandstorm|[upkeep]
|-damage|p1b: Dragonite|74/100|[from] Sandstorm
|-damage|p1a: Tyranitar|71/100|[from] Sandstorm
|-damage|p2a: Incineroar|95/100|[from] Sandstorm
|upkeep
|turn|5
|
|t:|1757714655
|move|p1b: Dragonite|Scale Shot|p2b: Ursaluna
|-damage|p2b: Ursaluna|11/100
|-damage|p2b: Ursaluna|3/100
|-hitcount|p2b: Ursaluna|2
|-unboost|p1b: Dragonite|def|1
|-boost|p1b: Dragonite|spe|1
|move|p1a: Tyranitar|Low Kick|p2b: Ursaluna
|-supereffective|p2b: Ursaluna
|-damage|p2b: Ursaluna|0 fnt
|faint|p2b: Ursaluna
|move|p2a: Incineroar|Knock Off|p1a: Tyranitar
|-damage|p1a: Tyranitar|36/100
|-enditem|p1a: Tyranitar|Assault Vest|[from] move: Knock Off|[of] p2a: Incineroar
|
|-weather|Sandstorm|[upkeep]
|-damage|p1b: Dragonite|68/100|[from] Sandstorm
|-damage|p1a: Tyranitar|30/100|[from] Sandstorm
|-damage|p2a: Incineroar|89/100|[from] Sandstorm
|upkeep
|
|t:|1757714658
|switch|p2b: Rillaboom|Rillaboom, L50, F|100/100
|-fieldstart|move: Grassy Terrain|[from] ability: Grassy Surge|[of] p2b: Rillaboom
|turn|6
|inactive|washingtongargacha has 30 seconds left.
|
|t:|1757714686
|move|p2b: Rillaboom|Fake Out|p1a: Tyranitar
|-damage|p1a: Tyranitar|18/100
|move|p1b: Dragonite|Ice Spinner|p2b: Rillaboom
|-supereffective|p2b: Rillaboom
|-damage|p2b: Rillaboom|58/100
|-fieldend|move: Grassy Terrain
|cant|p1a: Tyranitar|flinch
|move|p2a: Incineroar|Knock Off|p1a: Tyranitar
|-damage|p1a: Tyranitar|0 fnt
|faint|p1a: Tyranitar
|
|-weather|none
|upkeep
|turn|7
|
|t:|1757714702
|move|p1b: Dragonite|Ice Spinner|p2b: Rillaboom
|-supereffective|p2b: Rillaboom
|-damage|p2b: Rillaboom|20/100
|move|p2b: Rillaboom|Wood Hammer|p1b: Dragonite
|-resisted|p1b: Dragonite
|-damage|p1b: Dragonite|42/100
|-damage|p2b: Rillaboom|12/100|[from] Recoil
|move|p2a: Incineroar|Knock Off|p1b: Dragonite
|-damage|p1b: Dragonite|0 fnt
|faint|p1b: Dragonite
|
|win|JackRG1
|raw|washingtongargacha's rating: 1198 → 1167(-31 for losing)
|raw|JackRG1's rating: 1111 → 1142(+31 for winning)
