|j|☆mysteriousmothman
|j|☆am i balanced
|html|mysteriousmothmanam i balanced    
|uhtml|bestof|Game 2 of a best-of-3
|t:|1755949982
|gametype|doubles
|player|p1|mysteriousmothman|skier|1272
|player|p2|am i balanced|102|1165
|gen|9
|tier|[Gen 9] VGC 2025 Reg H (Bo3)
|rated|
|rule|Species Clause: Limit one of each Pokémon
|rule|Item Clause: Limit 1 of each item
|clearpoke
|poke|p1|Porygon2, L50|
|poke|p1|Hydreigon, L50, F|
|poke|p1|Incineroar, L50, F|
|poke|p1|Garchomp, L50, M|
|poke|p1|Amoonguss, L50, M|
|poke|p1|Gholdengo, L50|
|poke|p2|Sneasler, L50, M|
|poke|p2|Electabuzz, L50, F|
|poke|p2|Kingambit, L50, M|
|poke|p2|Rillaboom, L50, F|
|poke|p2|Volcarona, L50, M|
|poke|p2|Incineroar, L50, F|
|teampreview|4
|showteam|p1|Porygon2||Eviolite|Download|TeraBlast,IceBeam,TrickRoom,Recover||||||50|,,,,,Fighting]Hydreigon||SafetyGoggles|Levitate|Snarl,DracoMeteor,Tailwind,Protect|||F|||50|,,,,,Ghost]Incineroar||SitrusBerry|Intimidate|FlareBlitz,KnockOff,PartingShot,FakeOut|||F|||50|,,,,,Grass]Garchomp||LoadedDice|RoughSkin|ScaleShot,Earthquake,StompingTantrum,Protect|||M|||50|,,,,,Fire]Amoonguss||CovertCloak|Regenerator|PollenPuff,Spore,RagePowder,Protect|||M|||50|,,,,,Fire]Gholdengo||MetalCoat|GoodasGold|MakeItRain,ShadowBall,NastyPlot,Protect||||||50|,,,,,Flying
|showteam|p2|Sneasler||FocusSash|PoisonTouch|DireClaw,Coaching,Protect,CloseCombat|||M|||50|,,,,,Stellar]Electabuzz||Eviolite|VitalSpirit|FollowMe,Thunderbolt,Taunt,Protect|||F|||50|,,,,,Ghost]Kingambit||BlackGlasses|Defiant|KowtowCleave,SwordsDance,SuckerPunch,Protect|||M|||50|,,,,,Dark]Rillaboom||AssaultVest|GrassySurge|WoodHammer,Uturn,GrassyGlide,FakeOut|||F|||50|,,,,,Water]Volcarona||CovertCloak|FlameBody|FieryDance,TeraBlast,QuiverDance,Protect|||M|||50|,,,,,Fairy]Incineroar||RockyHelmet|Intimidate|KnockOff,WillOWisp,FakeOut,PartingShot|||F|||50|,,,,,Ghost
|inactive|Battle timer is ON: inactive players will automatically lose when time's up. (requested by am i balanced)
|inactive|mysteriousmothman has 60 seconds left.
|
|t:|1755950051
|teamsize|p1|4
|teamsize|p2|4
|start
|switch|p1a: Garchomp|Garchomp, L50, M, shiny|100/100
|switch|p1b: Gholdengo|Gholdengo, L50, shiny|100/100
|switch|p2a: Volcarona|Volcarona, L50, M|100/100
|switch|p2b: Rillaboom|Rillaboom, L50, F|100/100
|-fieldstart|move: Grassy Terrain|[from] ability: Grassy Surge|[of] p2b: Rillaboom
|turn|1
|inactive|mysteriousmothman has 30 seconds left.
|inactive|mysteriousmothman has 20 seconds left.
|inactive|mysteriousmothman has 15 seconds left.
|
|t:|1755950092
|switch|p1a: Incineroar|Incineroar, L50, F, shiny|100/100
|-ability|p1a: Incineroar|Intimidate|boost
|-unboost|p2a: Volcarona|atk|1
|-unboost|p2b: Rillaboom|atk|1
|move|p2b: Rillaboom|Fake Out|p1a: Incineroar
|-damage|p1a: Incineroar|91/100
|move|p2a: Volcarona|Quiver Dance|p2a: Volcarona
|-boost|p2a: Volcarona|spa|1
|-boost|p2a: Volcarona|spd|1
|-boost|p2a: Volcarona|spe|1
|move|p1b: Gholdengo|Nasty Plot|p1b: Gholdengo
|-boost|p1b: Gholdengo|spa|2
|
|-heal|p1a: Incineroar|97/100|[from] Grassy Terrain
|upkeep
|turn|2
|inactive|mysteriousmothman has 30 seconds left.
|inactive|mysteriousmothman has 20 seconds left.
|
|t:|1755950128
|move|p2a: Volcarona|Protect|p2a: Volcarona
|-singleturn|p2a: Volcarona|Protect
|move|p2b: Rillaboom|U-turn|p1b: Gholdengo
|-resisted|p1b: Gholdengo
|-damage|p1b: Gholdengo|96/100
|
|t:|1755950133
|switch|p2b: Electabuzz|Electabuzz, L50, F|100/100|[from] U-turn
|move|p1a: Incineroar|Flare Blitz|p2a: Volcarona
|-activate|p2a: Volcarona|move: Protect
|move|p1b: Gholdengo|Shadow Ball|p2a: Volcarona
|-activate|p2a: Volcarona|move: Protect
|
|-heal|p1a: Incineroar|100/100|[from] Grassy Terrain
|-heal|p1b: Gholdengo|100/100|[from] Grassy Terrain
|upkeep
|turn|3
|
|t:|1755950149
|move|p1b: Gholdengo|Protect|p1b: Gholdengo
|-singleturn|p1b: Gholdengo|Protect
|move|p2b: Electabuzz|Follow Me|p2b: Electabuzz
|-singleturn|p2b: Electabuzz|move: Follow Me
|move|p2a: Volcarona|Fiery Dance|p1b: Gholdengo
|-activate|p1b: Gholdengo|move: Protect
|move|p1a: Incineroar|Parting Shot|p2b: Electabuzz
|-unboost|p2b: Electabuzz|atk|1
|-unboost|p2b: Electabuzz|spa|1
|
|t:|1755950157
|switch|p1a: Garchomp|Garchomp, L50, M, shiny|100/100|[from] Parting Shot
|
|upkeep
|turn|4
|inactive|mysteriousmothman has 30 seconds left.
|
|t:|1755950184
|-terastallize|p1b: Gholdengo|Flying
|move|p2b: Electabuzz|Follow Me|p2b: Electabuzz
|-singleturn|p2b: Electabuzz|move: Follow Me
|move|p2a: Volcarona|Fiery Dance|p1b: Gholdengo
|-damage|p1b: Gholdengo|40/100
|move|p1a: Garchomp|Scale Shot|p2b: Electabuzz
|-damage|p2b: Electabuzz|90/100
|-damage|p2b: Electabuzz|80/100
|-damage|p2b: Electabuzz|69/100
|-damage|p2b: Electabuzz|60/100
|-damage|p2b: Electabuzz|49/100
|-hitcount|p2b: Electabuzz|5
|-unboost|p1a: Garchomp|def|1
|-boost|p1a: Garchomp|spe|1
|move|p1b: Gholdengo|Make It Rain|p2b: Electabuzz|[spread] p2a,p2b
|-resisted|p2a: Volcarona
|-resisted|p2b: Electabuzz
|-damage|p2a: Volcarona|66/100
|-damage|p2b: Electabuzz|0 fnt
|-unboost|p1b: Gholdengo|spa|1
|faint|p2b: Electabuzz
|
|-heal|p2a: Volcarona|72/100|[from] Grassy Terrain
|upkeep
|
|t:|1755950191
|switch|p2b: Rillaboom|Rillaboom, L50, F|100/100
|turn|5
|inactive|mysteriousmothman has 30 seconds left.
|
|t:|1755950224
|-terastallize|p2a: Volcarona|Fairy
|move|p1a: Garchomp|Protect|p1a: Garchomp
|-singleturn|p1a: Garchomp|Protect
|move|p1b: Gholdengo|Protect|p1b: Gholdengo
|-singleturn|p1b: Gholdengo|Protect
|move|p2b: Rillaboom|Fake Out|p1b: Gholdengo
|-activate|p1b: Gholdengo|move: Protect
|move|p2a: Volcarona|Quiver Dance|p2a: Volcarona
|-boost|p2a: Volcarona|spa|1
|-boost|p2a: Volcarona|spd|1
|-boost|p2a: Volcarona|spe|1
|
|-heal|p2a: Volcarona|78/100|[from] Grassy Terrain
|-fieldend|move: Grassy Terrain
|upkeep
|turn|6
|
|t:|1755950243
|switch|p2b: Sneasler|Sneasler, L50, M|100/100
|move|p2a: Volcarona|Fiery Dance|p1b: Gholdengo
|-damage|p1b: Gholdengo|0 fnt
|faint|p1b: Gholdengo
|move|p1a: Garchomp|Earthquake|p2b: Sneasler|[spread] p2a,p2b
|-supereffective|p2b: Sneasler
|-damage|p2a: Volcarona|34/100
|-enditem|p2b: Sneasler|Focus Sash
|-damage|p2b: Sneasler|1/100
|
|upkeep
|
|t:|1755950254
|switch|p1b: Incineroar|Incineroar, L50, F, shiny|100/100
|-ability|p1b: Incineroar|Intimidate|boost
|-unboost|p2a: Volcarona|atk|1
|-unboost|p2b: Sneasler|atk|1
|turn|7
|
|t:|1755950274
|switch|p2b: Rillaboom|Rillaboom, L50, F|100/100
|-fieldstart|move: Grassy Terrain|[from] ability: Grassy Surge|[of] p2b: Rillaboom
|move|p2a: Volcarona|Protect|p2a: Volcarona
|-singleturn|p2a: Volcarona|Protect
|move|p1b: Incineroar|Fake Out|p2b: Rillaboom
|-damage|p2b: Rillaboom|88/100
|move|p1a: Garchomp|Stomping Tantrum|p2a: Volcarona
|-activate|p2a: Volcarona|move: Protect
|
|-heal|p2a: Volcarona|40/100|[from] Grassy Terrain
|-heal|p2b: Rillaboom|94/100|[from] Grassy Terrain
|upkeep
|turn|8
|
|t:|1755950298
|move|p2b: Rillaboom|Fake Out|p1b: Incineroar
|-damage|p1b: Incineroar|86/100
|move|p2a: Volcarona|Tera Blast|p1a: Garchomp|[anim] Tera Blast Fairy
|-supereffective|p1a: Garchomp
|-damage|p1a: Garchomp|0 fnt
|faint|p1a: Garchomp
|cant|p1b: Incineroar|flinch
|
|-heal|p2a: Volcarona|46/100|[from] Grassy Terrain
|-heal|p2b: Rillaboom|99/100|[from] Grassy Terrain
|-heal|p1b: Incineroar|92/100|[from] Grassy Terrain
|upkeep
|
|t:|1755950308
|switch|p1a: Amoonguss|Amoonguss, L50, M, shiny|100/100
|turn|9
|
|t:|1755950323
|move|p2a: Volcarona|Fiery Dance|p1a: Amoonguss
|-supereffective|p1a: Amoonguss
|-damage|p1a: Amoonguss|0 fnt
|-boost|p2a: Volcarona|spa|1
|faint|p1a: Amoonguss
|move|p2b: Rillaboom|Wood Hammer|p1b: Incineroar
|-resisted|p1b: Incineroar
|-damage|p1b: Incineroar|54/100
|-damage|p2b: Rillaboom|87/100|[from] Recoil
|move|p1b: Incineroar|Flare Blitz|p2a: Volcarona
|-damage|p2a: Volcarona|0 fnt
|faint|p2a: Volcarona
|-damage|p1b: Incineroar|40/100|[from] Recoil
|-enditem|p1b: Incineroar|Sitrus Berry|[eat]
|-heal|p1b: Incineroar|65/100|[from] item: Sitrus Berry
|
|-heal|p2b: Rillaboom|93/100|[from] Grassy Terrain
|-heal|p1b: Incineroar|71/100|[from] Grassy Terrain
|upkeep
|
|t:|1755950329
|switch|p2a: Sneasler|Sneasler, L50, M|1/100
|turn|10
|
|t:|1755950343
|move|p2a: Sneasler|Close Combat|p1b: Incineroar
|-supereffective|p1b: Incineroar
|-damage|p1b: Incineroar|0 fnt
|-unboost|p2a: Sneasler|def|1
|-unboost|p2a: Sneasler|spd|1
|faint|p1b: Incineroar
|
|win|am i balanced
|raw|mysteriousmothman's rating: 1272 → 1240(-32 for losing)
|raw|am i balanced's rating: 1165 → 1197(+32 for winning)
|l|☆mysteriousmothman
|player|p1|
