|j|☆Darkip_8
|j|☆icedoutobama
|html|Darkip_8icedoutobama    
|uhtml|bestof|Game 1 of a best-of-3
|t:|1757005185
|gametype|doubles
|player|p1|Darkip_8|101|1132
|player|p2|icedoutobama|skier|1082
|gen|9
|tier|[Gen 9] VGC 2025 Reg H (Bo3)
|rated|
|rule|Species Clause: Limit one of each Pokémon
|rule|Item Clause: Limit 1 of each item
|clearpoke
|poke|p1|Indeedee-F, L50, F|
|poke|p1|Lilligant-Hisui, L50, F|
|poke|p1|Hatterene, L50, F|
|poke|p1|Torkoal, L50, M|
|poke|p1|Gallade, L50, M|
|poke|p1|Ursaluna, L50, F|
|poke|p2|Murkrow, L50, M|
|poke|p2|Abomasnow, L50, M|
|poke|p2|Indeedee, L50, M|
|poke|p2|Sneasler, L50, M|
|poke|p2|Gholdengo, L50|
|poke|p2|Basculegion, L50, M|
|teampreview|4
|showteam|p1|Indeedee-F||RockyHelmet|PsychicSurge|Psychic,HelpingHand,FollowMe,TrickRoom|||F|||50|,,,,,Fairy]Lilligant-Hisui||FocusSash|Chlorophyll|CloseCombat,TripleAxel,AfterYou,SleepPowder|||F|||50|,,,,,Ghost]Hatterene||LifeOrb|MagicBounce|ExpandingForce,DazzlingGleam,Protect,TrickRoom|||F|||50|,,,,,Psychic]Torkoal||Charcoal|Drought|Eruption,HeatWave,WeatherBall,Protect|||M|||50|,,,,,Fire]Gallade||ScopeLens|Sharpness|SacredSword,PsychoCut,LeafBlade,TrickRoom|||M|||50|,,,,,Grass]Ursaluna||FlameOrb|Guts|Facade,HeadlongRush,Earthquake,Protect|||F|||50|,,,,,Ghost
|showteam|p2|Murkrow||Eviolite|Prankster|FoulPlay,Tailwind,Haze,Protect|||M|||50|,,,,,Ghost]Abomasnow||AssaultVest|SnowWarning|Blizzard,LeafStorm,EarthPower,WeatherBall|||M|||50|,,,,,Fire]Indeedee||FocusSash|PsychicSurge|ExpandingForce,TeraBlast,Imprison,TrickRoom|||M|||50|,,,,,Fighting]Sneasler||PsychicSeed|Unburden|DireClaw,CloseCombat,ThroatChop,Protect|||M|||50|,,,,,Dark]Gholdengo||LifeOrb|GoodasGold|MakeItRain,ShadowBall,NastyPlot,Protect||||||50|,,,,,Steel]Basculegion||ChoiceScarf|Adaptability|WaveCrash,LastRespects,AquaJet,FlipTurn|||M|||50|,,,,,Grass
|inactive|Battle timer is ON: inactive players will automatically lose when time's up. (requested by icedoutobama)
|l|☆Darkip_8
|inactive|Darkip_8 disconnected and has a minute to reconnect!
|player|p1|
|j|☆Darkip_8
|inactive|Darkip_8 reconnected and has 55 seconds left.
|player|p1|Darkip_8|101|
|
|t:|1757005242
|teamsize|p1|4
|teamsize|p2|4
|start
|switch|p1a: Lilligant|Lilligant-Hisui, L50, F|100/100
|switch|p1b: Torkoal|Torkoal, L50, M|100/100
|switch|p2a: Longclaw|Sneasler, L50, M, shiny|100/100
|switch|p2b: MDD|Indeedee, L50, M, shiny|100/100
|-fieldstart|move: Psychic Terrain|[from] ability: Psychic Surge|[of] p2b: MDD
|-enditem|p2a: Longclaw|Psychic Seed
|-boost|p2a: Longclaw|spd|1|[from] item: Psychic Seed
|-weather|SunnyDay|[from] ability: Drought|[of] p1b: Torkoal
|turn|1
|
|t:|1757005259
|-terastallize|p1b: Torkoal|Fire
|move|p1a: Lilligant|After You|p1b: Torkoal
|-activate|p1b: Torkoal|move: After You
|move|p1b: Torkoal|Eruption|p2b: MDD|[spread] p2a,p2b
|-damage|p2a: Longclaw|0 fnt
|-enditem|p2b: MDD|Focus Sash
|-damage|p2b: MDD|1/100
|faint|p2a: Longclaw
|move|p2b: MDD|Expanding Force|p1a: Lilligant|[spread] p1a,p1b
|-supereffective|p1a: Lilligant
|-enditem|p1a: Lilligant|Focus Sash
|-damage|p1a: Lilligant|1/100
|-damage|p1b: Torkoal|17/100
|
|-weather|SunnyDay|[upkeep]
|upkeep
|
|t:|1757005279
|switch|p2a: Houndfish|Basculegion, L50, M, shiny|100/100
|turn|2
|
|t:|1757005288
|switch|p2b: Evergreen|Abomasnow, L50, M|100/100
|-weather|Snowscape|[from] ability: Snow Warning|[of] p2b: Evergreen
|move|p2a: Houndfish|Flip Turn|p1b: Torkoal
|-supereffective|p1b: Torkoal
|-damage|p1b: Torkoal|0 fnt
|faint|p1b: Torkoal
|
|t:|1757005296
|switch|p2a: MDD|Indeedee, L50, M, shiny|1/100|[from] Flip Turn
|move|p1a: Lilligant|After You|p1: Torkoal|[notarget]
|-fail|p1a: Lilligant
|
|-weather|Snowscape|[upkeep]
|upkeep
|
|t:|1757005302
|switch|p1b: Hatterene|Hatterene, L50, F|100/100
|turn|3
|
|t:|1757005316
|move|p1a: Lilligant|After You|p1b: Hatterene
|-activate|p1b: Hatterene|move: After You
|move|p1b: Hatterene|Expanding Force|p2b: Evergreen|[spread] p2a,p2b
|-resisted|p2a: MDD
|-damage|p2a: MDD|0 fnt
|-damage|p2b: Evergreen|43/100
|faint|p2a: MDD
|-damage|p1b: Hatterene|91/100|[from] item: Life Orb
|move|p2b: Evergreen|Blizzard|p1a: Lilligant|[spread] p1a,p1b
|-supereffective|p1a: Lilligant
|-damage|p1a: Lilligant|0 fnt
|-damage|p1b: Hatterene|60/100
|faint|p1a: Lilligant
|
|-weather|Snowscape|[upkeep]
|upkeep
|
|t:|1757005331
|switch|p1a: Ursaluna|Ursaluna, L50, F|100/100
|switch|p2a: Houndfish|Basculegion, L50, M, shiny|100/100
|turn|4
|
|t:|1757005340
|move|p2a: Houndfish|Wave Crash|p1b: Hatterene
|-damage|p1b: Hatterene|0 fnt
|faint|p1b: Hatterene
|-damage|p2a: Houndfish|85/100|[from] Recoil
|move|p2b: Evergreen|Blizzard|p1a: Ursaluna
|-supereffective|p1a: Ursaluna
|-damage|p1a: Ursaluna|28/100
|move|p1a: Ursaluna|Headlong Rush|p2a: Houndfish
|-damage|p2a: Houndfish|0 fnt
|-unboost|p1a: Ursaluna|def|1
|-unboost|p1a: Ursaluna|spd|1
|faint|p2a: Houndfish
|
|-weather|Snowscape|[upkeep]
|-status|p1a: Ursaluna|brn|[from] item: Flame Orb
|upkeep
|turn|5
|
|t:|1757005356
|move|p1a: Ursaluna|Protect|p1a: Ursaluna
|-singleturn|p1a: Ursaluna|Protect
|move|p2b: Evergreen|Blizzard|p1a: Ursaluna
|-activate|p1a: Ursaluna|move: Protect
|
|-weather|Snowscape|[upkeep]
|-damage|p1a: Ursaluna|22/100 brn|[from] brn
|-fieldend|move: Psychic Terrain
|upkeep
|turn|6
|
|t:|1757005360
|move|p1a: Ursaluna|Protect||[still]
|-fail|p1a: Ursaluna
|move|p2b: Evergreen|Blizzard|p1a: Ursaluna
|-supereffective|p1a: Ursaluna
|-damage|p1a: Ursaluna|0 fnt
|faint|p1a: Ursaluna
|
|win|icedoutobama
