|j|☆KyleTampy
|j|☆Oldcow
|html|KyleTampyOldcow    
|uhtml|bestof|Game 1 of a best-of-3
|t:|1784564819
|gametype|doubles
|player|p1|KyleTampy|lucian|
|player|p2|Oldcow|shadowtriad|
|gen|9
|tier|[Gen 9 Champions] VGC 2026 Reg M-B (Bo3)
|rule|Species Clause: Limit one of each Pokémon
|rule|Item Clause: Limit 1 of each item
|clearpoke
|poke|p1|Charizard, L50, M|
|poke|p1|Pelipper, L50, F, shiny|
|poke|p1|Basculegion, L50, M|
|poke|p1|Archaludon, L50, M|
|poke|p1|Farigiraf, L50, M|
|poke|p1|Garchomp, L50, M|
|poke|p2|Raichu, L50, F|
|poke|p2|Staraptor, L50, F|
|poke|p2|Tyranitar, L50, F|
|poke|p2|Drampa, L50, F|
|poke|p2|Grimmsnarl, L50, M|
|poke|p2|Sinistcha, L50|
|teampreview|4
|showteam|p1|Charizard||CharizarditeY|Blaze|HeatWave,AncientPower,WeatherBall,Protect|Modest||M|||50|]Pelipper||FocusSash|Drizzle|HelpingHand,WeatherBall,Tailwind,Protect|Timid||F|||50|]Basculegion||ChoiceScarf|Adaptability|WaveCrash,AquaJet,LastRespects,FlipTurn|Jolly||M|||50|]Archaludon||Leftovers|Stamina|ElectroShot,DragonPulse,FlashCannon,Protect|Modest||M|||50|]Farigiraf||SitrusBerry|ArmorTail|TrickRoom,Thunderbolt,ThunderWave,HelpingHand|Relaxed||M|||50|]Garchomp||LifeOrb|RoughSkin|Earthquake,DragonClaw,IronHead,Protect|Jolly||M|||50|
|showteam|p2|Raichu||RaichuniteY|LightningRod|ZapCannon,FocusBlast,VoltSwitch,Protect|Timid||F|||50|]Staraptor||Staraptite|Intimidate|BraveBird,CloseCombat,Tailwind,Protect|Jolly||F|||50|]Tyranitar||PasshoBerry|SandStream|RockSlide,KnockOff,HighHorsepower,Protect|Adamant||F|||50|]Drampa||Leftovers|CloudNine|HyperVoice,DragonPulse,EarthPower,Protect|Quiet||F|||50|]Grimmsnarl||LightClay|Prankster|FoulPlay,Reflect,LightScreen,PartingShot|Calm||M|||50|]Sinistcha||CobaBerry|Hospitality|MatchaGotcha,RagePowder,TrickRoom,Imprison|Calm|||||50|
|c|☆KyleTampy|Hello
|c|☆KyleTampy|Kala ko offline na
|c|☆KyleTampy|Nakita ko kasi offline na eh kek
|l|☆Oldcow
|player|p2|
|j|☆Oldcow
|player|p2|Oldcow|shadowtriad|
|l|☆Oldcow
|player|p2|
|c|☆KyleTampy|Ah
|j|☆Oldcow
|player|p2|Oldcow|shadowtriad|
|
|t:|1784564924
|teamsize|p1|4
|teamsize|p2|4
|start
|switch|p1a: Charizard|Charizard, L50, M|100/100
|switch|p1b: Basculegion|Basculegion, L50, M|100/100
|switch|p2a: Staraptor|Staraptor, L50, F|100/100
|switch|p2b: Grimmsnarl|Grimmsnarl, L50, M|100/100
|-ability|p2a: Staraptor|Intimidate|boost
|-unboost|p1a: Charizard|atk|1
|-unboost|p1b: Basculegion|atk|1
|turn|1
|c|☆Oldcow|Daming dc hahaha wifi bad rin
|
|t:|1784564947
|detailschange|p1a: Charizard|Charizard-Mega-Y, L50, M
|-mega|p1a: Charizard|Charizard|Charizardite Y
|-weather|SunnyDay|[from] ability: Drought|[of] p1a: Charizard
|move|p2a: Staraptor|Protect|p2a: Staraptor
|-singleturn|p2a: Staraptor|Protect
|move|p1b: Basculegion|Flip Turn|p2b: Grimmsnarl
|-damage|p2b: Grimmsnarl|87/100
|
|t:|1784564952
|switch|p1b: Garchomp|Garchomp, L50, M|100/100|[from] Flip Turn
|move|p1a: Charizard|Heat Wave|p2a: Staraptor|[spread] p2b
|-activate|p2a: Staraptor|move: Protect
|-damage|p2b: Grimmsnarl|21/100
|move|p2b: Grimmsnarl|Foul Play|p1b: Garchomp
|-crit|p1b: Garchomp
|-damage|p1b: Garchomp|29/100
|-damage|p2b: Grimmsnarl|9/100|[from] ability: Rough Skin|[of] p1b: Garchomp
|
|-weather|SunnyDay|[upkeep]
|upkeep
|turn|2
|c|☆KyleTampy|F
|
|t:|1784564986
|switch|p2b: Drampa|Drampa, L50, F|100/100
|-ability|p2b: Drampa|Cloud Nine
|detailschange|p2a: Staraptor|Staraptor-Mega, L50, F
|-mega|p2a: Staraptor|Staraptor|Staraptite
|move|p1b: Garchomp|Dragon Claw|p2a: Staraptor
|-damage|p2a: Staraptor|45/100
|-damage|p1b: Garchomp|20/100r|[from] item: Life Orb
|move|p2a: Staraptor|Close Combat|p1b: Garchomp
|-damage|p1b: Garchomp|0 fnt
|-boost|p2a: Staraptor|def|1
|-boost|p2a: Staraptor|spd|1
|-damage|p2a: Staraptor|32/100|[from] ability: Rough Skin|[of] p1b: Garchomp
|faint|p1b: Garchomp
|move|p1a: Charizard|Heat Wave|p2a: Staraptor|[spread] p2a,p2b
|-resisted|p2b: Drampa|1
|-damage|p2a: Staraptor|0 fnt
|-damage|p2b: Drampa|78/100
|faint|p2a: Staraptor
|
|-weather|SunnyDay|[upkeep]
|-heal|p2b: Drampa|84/100|[from] item: Leftovers
|upkeep
|
|t:|1784565012
|switch|p1b: Basculegion|Basculegion, L50, M|100/100
|switch|p2a: Grimmsnarl|Grimmsnarl, L50, M|9/100
|turn|3
|
|t:|1784565046
|move|p2a: Grimmsnarl|Reflect|p2a: Grimmsnarl
|-sidestart|p2: Oldcow|Reflect
|move|p1b: Basculegion|Flip Turn|p2a: Grimmsnarl
|-damage|p2a: Grimmsnarl|0 fnt
|faint|p2a: Grimmsnarl
|
|t:|1784565049
|switch|p1b: Pelipper|Pelipper, L50, F, shiny|100/100|[from] Flip Turn
|-weather|RainDance|[from] ability: Drizzle|[of] p1b: Pelipper
|move|p1a: Charizard|Ancient Power|p2b: Drampa
|-damage|p2b: Drampa|59/100
|move|p2b: Drampa|Dragon Pulse|p1a: Charizard
|-damage|p1a: Charizard|58/100
|
|-weather|RainDance|[upkeep]
|-heal|p2b: Drampa|65/100|[from] item: Leftovers
|upkeep
|l|☆Oldcow
|player|p2|
|j|☆Oldcow
|player|p2|Oldcow|shadowtriad|
|
|t:|1784565111
|switch|p2a: Tyranitar|Tyranitar, L50, F|100/100
|-weather|Sandstorm|[from] ability: Sand Stream|[of] p2a: Tyranitar
|turn|4
|
|t:|1784565135
|move|p1b: Pelipper|Helping Hand|p1a: Charizard
|-singleturn|p1a: Charizard|Helping Hand|[of] p1b: Pelipper
|move|p2b: Drampa|Protect|p2b: Drampa
|-singleturn|p2b: Drampa|Protect
|move|p1a: Charizard|Ancient Power|p2b: Drampa
|-activate|p2b: Drampa|move: Protect
|move|p2a: Tyranitar|Knock Off|p1b: Pelipper
|-damage|p1b: Pelipper|43/100
|-enditem|p1b: Pelipper|Focus Sash|[from] move: Knock Off|[of] p2a: Tyranitar
|
|-weather|Sandstorm|[upkeep]
|-heal|p2b: Drampa|71/100|[from] item: Leftovers
|upkeep
|turn|5
|
|t:|1784565166
|move|p1b: Pelipper|Helping Hand|p1a: Charizard
|-singleturn|p1a: Charizard|Helping Hand|[of] p1b: Pelipper
|move|p1a: Charizard|Ancient Power|p2b: Drampa
|-damage|p2b: Drampa|32/100
|move|p2a: Tyranitar|Rock Slide|p1a: Charizard|[spread] p1a,p1b
|-supereffective|p1a: Charizard|2
|-supereffective|p1b: Pelipper|1
|-damage|p1a: Charizard|0 fnt
|-damage|p1b: Pelipper|0 fnt
|faint|p1a: Charizard
|faint|p1b: Pelipper
|move|p2b: Drampa|Dragon Pulse|p1: Charizard|[notarget]
|-fail|p2b: Drampa
|
|-weather|Sandstorm|[upkeep]
|-heal|p2b: Drampa|38/100|[from] item: Leftovers
|upkeep
|
|t:|1784565170
|switch|p1b: Basculegion|Basculegion, L50, M|100/100
|turn|6
|
|t:|1784565182
|move|p1b: Basculegion|Wave Crash|p2a: Tyranitar
|-supereffective|p2a: Tyranitar|1
|-enditem|p2a: Tyranitar|Passho Berry|[eat]
|-enditem|p2a: Tyranitar|Passho Berry|[weaken]
|-damage|p2a: Tyranitar|59/100
|-damage|p1b: Basculegion|86/100|[from] Recoil
|move|p2a: Tyranitar|Knock Off|p1b: Basculegion
|-supereffective|p1b: Basculegion|1
|-damage|p1b: Basculegion|0 fnt
|-enditem|p1b: Basculegion|Choice Scarf|[from] move: Knock Off|[of] p2a: Tyranitar
|faint|p1b: Basculegion
|
|win|Oldcow
||KyleTampy is ready for game 2.
|c|☆KyleTampy|Nice
|c|☆Oldcow|Nice gg
|inactive|Oldcow has 30 seconds to confirm battle start!
||Oldcow is ready for game 2.
|uhtml|next|Next: Game 2 of 3
