|j|☆Noyomi
|j|☆Darking81
|html|NoyomiDarking81    
|uhtml|bestof|Game 1 of a best-of-3
|t:|1785020780
|gametype|doubles
|player|p1|Noyomi|pokemonrangerf|
|player|p2|Darking81|170|
|gen|9
|tier|[Gen 9 Champions] VGC 2026 Reg M-B (Bo3)
|rule|Species Clause: Limit one of each Pokémon
|rule|Item Clause: Limit 1 of each item
|clearpoke
|poke|p1|Charizard, L50, M|
|poke|p1|Garchomp, L50, M|
|poke|p1|Sneasler, L50, F|
|poke|p1|Venusaur, L50, F|
|poke|p1|Milotic, L50, F|
|poke|p1|Ampharos, L50, F|
|poke|p2|Lucario, L50, F|
|poke|p2|Sableye, L50, M|
|poke|p2|Lycanroc-Dusk, L50, M|
|poke|p2|Luxray, L50, M|
|poke|p2|Hydreigon, L50, F|
|poke|p2|Talonflame, L50, M|
|teampreview|4
|showteam|p1|Charizard||CharizarditeY|Blaze|HeatWave,SolarBeam,Protect,ScorchingSands|Timid||M|||50|]Garchomp||SitrusBerry|RoughSkin|Earthquake,DragonClaw,Protect,RockSlide|Adamant||M|||50|]Sneasler||WhiteHerb|Unburden|CloseCombat,DireClaw,FakeOut,Protect|Adamant||F|||50|]Venusaur||FocusSash|Chlorophyll|SleepPowder,SludgeBomb,Protect,GigaDrain|Timid||F|||50|]Milotic||Leftovers|Competitive|Scald,IcyWind,Protect,LifeDew|Calm||F|||50|]Ampharos||Ampharosite|Static|DragonPulse,ParabolicCharge,Protect,HelpingHand|Modest||F|||50|
|showteam|p2|Lucario||Lucarionite|InnerFocus|AuraSphere,FlashCannon,Protect,DarkPulse|Timid||F|||50|]Sableye||SitrusBerry|Prankster|Reflect,KnockOff,Encore,LightScreen|Careful||M|||50|]Lycanroc-Dusk||LifeOrb|ToughClaws|RockSlide,Accelerock,CloseCombat,Protect|Jolly||M|||50|]Luxray||ExpertBelt|Intimidate|Crunch,HelpingHand,Protect,WildCharge|Adamant||M|||50|]Hydreigon||FocusSash|Levitate|EarthPower,DragonPulse,DarkPulse,Snarl|Serious||F|||50|]Talonflame|||GaleWings|Acrobatics,Tailwind,HeatWave,Uturn|Hasty||M|||50|
|l|☆Darking81
|player|p2|
|j|☆Darking81
|player|p2|Darking81|170|
|c|☆Darking81|Weo
|c|☆Darking81|Weo
|c|☆Noyomi|weo
|
|t:|1785021477
|teamsize|p1|4
|teamsize|p2|4
|start
|switch|p1a: Chi|Ampharos, L50, F|100/100
|switch|p1b: Uy temblaste|Garchomp, L50, M|100/100
|switch|p2a: FCKING PIGEON|Talonflame, L50, M|100/100
|switch|p2b: LUCYFA|Luxray, L50, M|100/100
|-ability|p2b: LUCYFA|Intimidate|boost
|-unboost|p1a: Chi|atk|1
|-unboost|p1b: Uy temblaste|atk|1
|turn|1
|
|t:|1785021581
|detailschange|p1a: Chi|Ampharos-Mega, L50, F
|-mega|p1a: Chi|Ampharos|Ampharosite
|-ability|p1a: Chi|Mold Breaker
|move|p1b: Uy temblaste|Protect|p1b: Uy temblaste
|-singleturn|p1b: Uy temblaste|Protect
|move|p2a: FCKING PIGEON|Acrobatics|p1b: Uy temblaste
|-activate|p1b: Uy temblaste|move: Protect
|move|p2b: LUCYFA|Crunch|p1a: Chi
|-damage|p1a: Chi|76/100
|move|p1a: Chi|Parabolic Charge|p2b: LUCYFA|[spread] p2a,p2b
|-activate|p1b: Uy temblaste|move: Protect
|-supereffective|p2a: FCKING PIGEON|1
|-resisted|p2b: LUCYFA|1
|-damage|p2a: FCKING PIGEON|3/100
|-heal|p1a: Chi|100/100|[from] drain|[of] p2a: FCKING PIGEON
|-damage|p2b: LUCYFA|83/100
|
|upkeep
|turn|2
|
|t:|1785021628
|move|p2a: FCKING PIGEON|Tailwind|p2a: FCKING PIGEON
|-sidestart|p2: Darking81|move: Tailwind
|move|p2b: LUCYFA|Crunch|p1a: Chi
|-damage|p1a: Chi|77/100
|move|p1b: Uy temblaste|Rock Slide|p2b: LUCYFA|[spread] p2a
|-miss|p1b: Uy temblaste|p2b: LUCYFA
|-supereffective|p2a: FCKING PIGEON|2
|-damage|p2a: FCKING PIGEON|0 fnt
|faint|p2a: FCKING PIGEON
|move|p1a: Chi|Dragon Pulse|p2b: LUCYFA
|-damage|p2b: LUCYFA|21/100
|
|upkeep
|
|t:|1785021641
|switch|p2a: negreiron|Hydreigon, L50, F|100/100
|turn|3
|
|t:|1785021668
|move|p2b: LUCYFA|Helping Hand|p2a: negreiron
|-singleturn|p2a: negreiron|Helping Hand|[of] p2b: LUCYFA
|move|p1b: Uy temblaste|Protect|p1b: Uy temblaste
|-singleturn|p1b: Uy temblaste|Protect
|move|p2a: negreiron|Earth Power|p1a: Chi
|-supereffective|p1a: Chi|1
|-damage|p1a: Chi|2/100
|move|p1a: Chi|Dragon Pulse|p2a: negreiron
|-supereffective|p2a: negreiron|1
|-enditem|p2a: negreiron|Focus Sash
|-damage|p2a: negreiron|1/100
|
|upkeep
|turn|4
|
|t:|1785021696
|move|p2b: LUCYFA|Helping Hand|p2a: negreiron
|-singleturn|p2a: negreiron|Helping Hand|[of] p2b: LUCYFA
|move|p1a: Chi|Protect|p1a: Chi
|-singleturn|p1a: Chi|Protect
|move|p2a: negreiron|Snarl|p1b: Uy temblaste|[spread] p1b
|-activate|p1a: Chi|move: Protect
|-damage|p1b: Uy temblaste|71/100
|-unboost|p1b: Uy temblaste|spa|1
|move|p1b: Uy temblaste|Earthquake|p2b: LUCYFA|[spread] p2b
|-activate|p1a: Chi|move: Protect
|-immune|p2a: negreiron|[from] ability: Levitate
|-supereffective|p2b: LUCYFA|1
|-damage|p2b: LUCYFA|0 fnt
|faint|p2b: LUCYFA
|
|upkeep
|
|t:|1785021716
|switch|p2b: Lucas|Lucario, L50, F|100/100
|turn|5
|
|t:|1785021746
|detailschange|p2b: Lucas|Lucario-Mega, L50, F
|-mega|p2b: Lucas|Lucario|Lucarionite
|move|p2b: Lucas|Protect|p2b: Lucas
|-singleturn|p2b: Lucas|Protect
|move|p1b: Uy temblaste|Protect|p1b: Uy temblaste
|-singleturn|p1b: Uy temblaste|Protect
|move|p2a: negreiron|Snarl|p1b: Uy temblaste|[spread] p1a
|-activate|p1b: Uy temblaste|move: Protect
|-damage|p1a: Chi|0 fnt
|faint|p1a: Chi
|
|-sideend|p2: Darking81|move: Tailwind
|upkeep
|
|t:|1785021759
|switch|p1a: ku-chau|Sneasler, L50, F|100/100
|turn|6
|
|t:|1785021806
|move|p2b: Lucas|Dark Pulse|p1a: ku-chau
|-resisted|p1a: ku-chau|1
|-damage|p1a: ku-chau|80/100
|move|p1a: ku-chau|Close Combat|p2b: Lucas
|-supereffective|p2b: Lucas|1
|-crit|p2b: Lucas
|-damage|p2b: Lucas|0 fnt
|-unboost|p1a: ku-chau|def|1
|-unboost|p1a: ku-chau|spd|1
|faint|p2b: Lucas
|-enditem|p1a: ku-chau|White Herb
|-clearnegativeboost|p1a: ku-chau|[silent]
|move|p1b: Uy temblaste|Dragon Claw|p2a: negreiron
|-supereffective|p2a: negreiron|1
|-damage|p2a: negreiron|0 fnt
|faint|p2a: negreiron
|
|win|Noyomi
|inactive|Noyomi has 29 seconds to confirm battle start!
|inactive|Darking81 has 29 seconds to confirm battle start!
|inactive|Noyomi has 19 seconds to confirm battle start!
|inactive|Darking81 has 19 seconds to confirm battle start!
