|j|☆CrazyyBoi
|j|☆Wikdchikn
|html|CrazyyBoiWikdchikn    
|uhtml|bestof|Game 1 of a best-of-3
|t:|1757765375
|gametype|doubles
|player|p1|CrazyyBoi|169|1132
|player|p2|Wikdchikn|cameraman|1200
|gen|9
|tier|[Gen 9] VGC 2025 Reg H (Bo3)
|rated|
|rule|Species Clause: Limit one of each Pokémon
|rule|Item Clause: Limit 1 of each item
|clearpoke
|poke|p1|Meowscarada, L50, M|
|poke|p1|Sableye, L50, F|
|poke|p1|Gothitelle, L50, F|
|poke|p1|Kommo-o, L50, F|
|poke|p1|Incineroar, L50, F|
|poke|p1|Primarina, L50, F|
|poke|p2|Arboliva, L50, F|
|poke|p2|Porygon2, L50|
|poke|p2|Primarina, L50, M|
|poke|p2|Ursaluna, L50, F|
|poke|p2|Amoonguss, L50, M|
|poke|p2|Armarouge, L50, M|
|teampreview|4
|showteam|p1|Meowscarada||ClearAmulet|Overgrow|FlowerTrick,SuckerPunch,ThroatChop,Protect|||M|||50|,,,,,Fire]Sableye||MentalHerb|Prankster|WillOWisp,Quash,Disable,Encore|||F|||50|,,,,,Grass]Gothitelle||SitrusBerry|ShadowTag|FakeOut,Psychic,TrickRoom,Protect|||F|||50|,,,,,Steel]Kommo-o||ThroatSpray|Overcoat|ClangorousSoul,ClangingScales,Protect,AuraSphere|||F|||50|,,,,,Steel]Incineroar||SafetyGoggles|Intimidate|FakeOut,PartingShot,KnockOff,Taunt|||F|||50|,,,,,Ghost]Primarina||LifeOrb|LiquidVoice|HyperVoice,Moonblast,PerishSong,Protect|||F|||50|,,,,,Dragon
|showteam|p2|Arboliva||ChoiceSpecs|SeedSower|DazzlingGleam,HyperVoice,EarthPower,GigaDrain|||F|||50|,,,,,Fairy]Porygon2||Eviolite|Trace|TeraBlast,ShadowBall,TrickRoom,Protect||||||50|,,,,,Fighting]Primarina||ThroatSpray|LiquidVoice|Moonblast,HyperVoice,Haze,Protect|||M|||50|,,,,,Water]Ursaluna||FlameOrb|Guts|Protect,Facade,HeadlongRush,Earthquake|||F|||50|,,,,,Ghost]Amoonguss||RockyHelmet|Regenerator|RagePowder,Spore,FoulPlay,Protect|||M|||50|,,,,,Dark]Armarouge||SitrusBerry|FlashFire|WideGuard,TrickRoom,HeatWave,HelpingHand|||M|||50|,,,,,Grass
|inactive|Battle timer is ON: inactive players will automatically lose when time's up. (requested by Wikdchikn)
|inactive|CrazyyBoi has 60 seconds left.
|inactive|CrazyyBoi has 30 seconds left.
|inactive|CrazyyBoi has 20 seconds left.
|
|t:|1757765446
|teamsize|p1|4
|teamsize|p2|4
|start
|switch|p1a: Meowscarada|Meowscarada, L50, M|100/100
|switch|p1b: Gothitelle|Gothitelle, L50, F|100/100
|switch|p2a: Bear with me|Ursaluna, L50, F|100/100
|switch|p2b: Undying Duck|Porygon2, L50, shiny|100/100
|-ability|p2b: Undying Duck|Shadow Tag|Trace|[from] ability: Trace|[of] p1b: Gothitelle
|turn|1
|inactive|Wikdchikn has 30 seconds left.
|inactive|CrazyyBoi has 30 seconds left.
|inactive|Wikdchikn has 20 seconds left.
|
|t:|1757765481
|move|p1b: Gothitelle|Fake Out|p2b: Undying Duck
|-damage|p2b: Undying Duck|97/100
|move|p1a: Meowscarada|Flower Trick|p2a: Bear with me
|-supereffective|p2a: Bear with me
|-crit|p2a: Bear with me
|-damage|p2a: Bear with me|36/100
|cant|p2b: Undying Duck|flinch
|move|p2a: Bear with me|Facade|p1b: Gothitelle
|-damage|p1b: Gothitelle|64/100
|
|-status|p2a: Bear with me|brn|[from] item: Flame Orb
|upkeep
|turn|2
|
|t:|1757765505
|move|p1a: Meowscarada|Protect|p1a: Meowscarada
|-singleturn|p1a: Meowscarada|Protect
|move|p1b: Gothitelle|Protect|p1b: Gothitelle
|-singleturn|p1b: Gothitelle|Protect
|move|p2a: Bear with me|Protect|p2a: Bear with me
|-singleturn|p2a: Bear with me|Protect
|move|p2b: Undying Duck|Trick Room|p2b: Undying Duck
|-fieldstart|move: Trick Room|[of] p2b: Undying Duck
|
|-damage|p2a: Bear with me|30/100 brn|[from] brn
|upkeep
|turn|3
|inactive|CrazyyBoi has 30 seconds left.
|inactive|Wikdchikn has 30 seconds left.
|inactive|CrazyyBoi has 20 seconds left.
|inactive|CrazyyBoi has 15 seconds left.
|
|t:|1757765547
|-terastallize|p2b: Undying Duck|Fighting
|move|p1a: Meowscarada|Sucker Punch|p2a: Bear with me
|-damage|p2a: Bear with me|5/100 brn
|move|p2a: Bear with me|Headlong Rush|p1b: Gothitelle
|-damage|p1b: Gothitelle|0 fnt
|-unboost|p2a: Bear with me|def|1
|-unboost|p2a: Bear with me|spd|1
|faint|p1b: Gothitelle
|move|p2b: Undying Duck|Tera Blast|p1a: Meowscarada|[anim] Tera Blast Fighting
|-supereffective|p1a: Meowscarada
|-damage|p1a: Meowscarada|16/100
|
|-damage|p2a: Bear with me|0 fnt|[from] brn
|faint|p2a: Bear with me
|upkeep
|
|t:|1757765564
|switch|p2a: Olive You|Arboliva, L50, F|100/100
|switch|p1b: Primarina|Primarina, L50, F|100/100
|turn|4
|inactive|Wikdchikn has 30 seconds left.
|inactive|Wikdchikn has 20 seconds left.
|
|t:|1757765601
|move|p1b: Primarina|Protect|p1b: Primarina
|-singleturn|p1b: Primarina|Protect
|move|p1a: Meowscarada|Protect|p1a: Meowscarada
|-singleturn|p1a: Meowscarada|Protect
|move|p2a: Olive You|Hyper Voice|p1b: Primarina|[spread] 
|-activate|p1a: Meowscarada|move: Protect
|-activate|p1b: Primarina|move: Protect
|move|p2b: Undying Duck|Tera Blast|p1b: Primarina|[anim] Tera Blast Fighting
|-activate|p1b: Primarina|move: Protect
|
|upkeep
|turn|5
|
|t:|1757765622
|move|p1a: Meowscarada|Sucker Punch|p2a: Olive You
|-damage|p2a: Olive You|70/100
|-fieldstart|move: Grassy Terrain|[from] ability: Seed Sower|[of] p2a: Olive You
|move|p2a: Olive You|Hyper Voice|p1a: Meowscarada|[spread] p1a,p1b
|-damage|p1a: Meowscarada|0 fnt
|-damage|p1b: Primarina|50/100
|faint|p1a: Meowscarada
|move|p2b: Undying Duck|Shadow Ball|p1b: Primarina
|-damage|p1b: Primarina|34/100
|move|p1b: Primarina|Moonblast|p2b: Undying Duck
|-supereffective|p2b: Undying Duck
|-damage|p2b: Undying Duck|22/100
|-damage|p1b: Primarina|25/100|[from] item: Life Orb
|
|-heal|p2a: Olive You|76/100|[from] Grassy Terrain
|-heal|p2b: Undying Duck|28/100|[from] Grassy Terrain
|-heal|p1b: Primarina|30/100|[from] Grassy Terrain
|upkeep
|
|t:|1757765637
|switch|p1a: Kommo-o|Kommo-o, L50, F|100/100
|turn|6
|
|t:|1757765653
|move|p1b: Primarina|Protect|p1b: Primarina
|-singleturn|p1b: Primarina|Protect
|move|p1a: Kommo-o|Protect|p1a: Kommo-o
|-singleturn|p1a: Kommo-o|Protect
|move|p2a: Olive You|Hyper Voice|p1b: Primarina|[spread] 
|-activate|p1a: Kommo-o|move: Protect
|-activate|p1b: Primarina|move: Protect
|move|p2b: Undying Duck|Tera Blast|p1a: Kommo-o|[anim] Tera Blast Fighting
|-activate|p1a: Kommo-o|move: Protect
|
|-heal|p2a: Olive You|82/100|[from] Grassy Terrain
|-heal|p2b: Undying Duck|33/100|[from] Grassy Terrain
|-heal|p1b: Primarina|36/100|[from] Grassy Terrain
|-fieldend|move: Trick Room
|upkeep
|turn|7
|
|t:|1757765677
|-terastallize|p1a: Kommo-o|Steel
|move|p2b: Undying Duck|Protect|p2b: Undying Duck
|-singleturn|p2b: Undying Duck|Protect
|move|p1a: Kommo-o|Clanging Scales|p2b: Undying Duck|[spread] p2a
|-activate|p2b: Undying Duck|move: Protect
|-damage|p2a: Olive You|44/100
|-unboost|p1a: Kommo-o|def|1
|-enditem|p1a: Kommo-o|Throat Spray
|-boost|p1a: Kommo-o|spa|1|[from] item: Throat Spray
|move|p1b: Primarina|Moonblast|p2b: Undying Duck
|-activate|p2b: Undying Duck|move: Protect
|move|p2a: Olive You|Hyper Voice|p1b: Primarina|[spread] p1a,p1b
|-resisted|p1a: Kommo-o
|-damage|p1a: Kommo-o|75/100
|-damage|p1b: Primarina|0 fnt
|faint|p1b: Primarina
|
|-heal|p1a: Kommo-o|81/100|[from] Grassy Terrain
|-heal|p2b: Undying Duck|39/100|[from] Grassy Terrain
|-heal|p2a: Olive You|50/100|[from] Grassy Terrain
|upkeep
|turn|8
|inactive|Wikdchikn has 30 seconds left.
|
|t:|1757765703
|move|p1a: Kommo-o|Clanging Scales|p2a: Olive You|[spread] p2a,p2b
|-damage|p2a: Olive You|0 fnt
|-damage|p2b: Undying Duck|10/100
|faint|p2a: Olive You
|-unboost|p1a: Kommo-o|def|1
|move|p2b: Undying Duck|Trick Room|p2b: Undying Duck
|-fieldstart|move: Trick Room|[of] p2b: Undying Duck
|
|-heal|p2b: Undying Duck|16/100|[from] Grassy Terrain
|-heal|p1a: Kommo-o|87/100|[from] Grassy Terrain
|upkeep
|
|t:|1757765710
|switch|p2a: Pest|Amoonguss, L50, M|100/100
|turn|9
|
|t:|1757765718
|move|p2a: Pest|Spore|p1a: Kommo-o
|-immune|p1a: Kommo-o|[from] ability: Overcoat
|move|p2b: Undying Duck|Tera Blast|p1a: Kommo-o|[anim] Tera Blast Fighting
|-supereffective|p1a: Kommo-o
|-crit|p1a: Kommo-o
|-damage|p1a: Kommo-o|1/100
|move|p1a: Kommo-o|Clanging Scales|p2b: Undying Duck|[spread] p2a,p2b
|-damage|p2a: Pest|52/100
|-damage|p2b: Undying Duck|0 fnt
|faint|p2b: Undying Duck
|-unboost|p1a: Kommo-o|def|1
|
|-heal|p2a: Pest|58/100|[from] Grassy Terrain
|-heal|p1a: Kommo-o|7/100|[from] Grassy Terrain
|-fieldend|move: Grassy Terrain
|upkeep
|turn|10
|inactive|CrazyyBoi has 30 seconds left.
|c|☆CrazyyBoi|The crit fucked me lol
|-message|CrazyyBoi forfeited.
|
|win|Wikdchikn
|l|☆CrazyyBoi
|player|p1|
||Wikdchikn is ready for game 2.
||CrazyyBoi is ready for game 2.
|uhtml|next|Next: Game 2 of 3
|l|☆Wikdchikn
|player|p2|
