|j|☆Pranag140
|j|☆Buddy_1193
|html|Pranag140Buddy_1193    
|uhtml|bestof|Game 1 of a best-of-3
|t:|1756712009
|gametype|doubles
|player|p1|Pranag140|2|1101
|player|p2|Buddy_1193|101|1002
|gen|9
|tier|[Gen 9] VGC 2025 Reg H (Bo3)
|rated|
|rule|Species Clause: Limit one of each Pokémon
|rule|Item Clause: Limit 1 of each item
|clearpoke
|poke|p1|Archaludon, L50, F|
|poke|p1|Kingdra, L50, M|
|poke|p1|Politoed, L50, M|
|poke|p1|Gothitelle, L50, F|
|poke|p1|Amoonguss, L50, F|
|poke|p1|Incineroar, L50, F|
|poke|p2|Gholdengo, L50|
|poke|p2|Basculegion, L50, M|
|poke|p2|Archaludon, L50, F|
|poke|p2|Pelipper, L50, M|
|poke|p2|Incineroar, L50, F|
|poke|p2|Amoonguss, L50, F|
|teampreview|4
|showteam|p1|Archaludon||PowerHerb|Sturdy|Protect,ElectroShot,FlashCannon,DragonPulse|||F|||50|,,,,,Electric]Kingdra||LifeOrb|SwiftSwim|Protect,DracoMeteor,WeatherBall,MuddyWater|||M|||50|,,,,,Stellar]Politoed||Leftovers|Drizzle|Protect,WeatherBall,PerishSong,Encore|||M|||50|,,,,,Grass]Gothitelle||SitrusBerry|ShadowTag|FakeOut,Protect,Psychic,TrickRoom|||F|||50|,,,,,Dark]Amoonguss||EjectButton|Regenerator|Protect,Spore,RagePowder,PollenPuff|||F|||50|,,,,,Fairy]Incineroar||SafetyGoggles|Intimidate|FakeOut,KnockOff,PartingShot,Protect|||F|||50|,,,,,Ghost
|showteam|p2|Gholdengo||LifeOrb|GoodasGold|MakeItRain,ShadowBall,NastyPlot,Protect||||||50|,,,,,Water]Basculegion||ChoiceBand|SwiftSwim|WaveCrash,FlipTurn,LastRespects,AquaJet|||M|||50|,,,,,Water]Archaludon||AssaultVest|Stamina|ElectroShot,FlashCannon,DracoMeteor,BodyPress|||F|||50|,,,,,Bug]Pelipper||FocusSash|Drizzle|WeatherBall,Hurricane,Tailwind,Protect|||M|||50|,,,,,Ground]Incineroar||SafetyGoggles|Intimidate|FlareBlitz,KnockOff,PartingShot,FakeOut|||F|||50|,,,,,Ghost]Amoonguss||SitrusBerry|Regenerator|Spore,RagePowder,PollenPuff,Protect|||F|||50|,,,,,Psychic
|c|☆Buddy_1193|no..
|c|☆Buddy_1193|wolfey...
|c|☆Buddy_1193|wolfey con perish...
|c|☆Pranag140|lmao
|c|☆Pranag140|i'm nowhere close to as good though
|
|t:|1756712060
|teamsize|p1|4
|teamsize|p2|4
|start
|switch|p1a: Archaludon|Archaludon, L50, F|100/100
|switch|p1b: Gothitelle|Gothitelle, L50, F|100/100
|switch|p2a: Pelipper|Pelipper, L50, M|100/100
|switch|p2b: Archaludon|Archaludon, L50, F|100/100
|-weather|RainDance|[from] ability: Drizzle|[of] p2a: Pelipper
|turn|1
|
|t:|1756712127
|switch|p1a: Politoed|Politoed, L50, M|100/100
|move|p2b: Archaludon|Draco Meteor|p1a: Politoed
|-damage|p1a: Politoed|50/100
|-unboost|p2b: Archaludon|spa|2
|move|p2a: Pelipper|Weather Ball|p1b: Gothitelle
|-damage|p1b: Gothitelle|50/100
|-enditem|p1b: Gothitelle|Sitrus Berry|[eat]
|-heal|p1b: Gothitelle|75/100|[from] item: Sitrus Berry
|move|p1b: Gothitelle|Trick Room|p1b: Gothitelle
|-fieldstart|move: Trick Room|[of] p1b: Gothitelle
|
|-weather|RainDance|[upkeep]
|-heal|p1a: Politoed|56/100|[from] item: Leftovers
|upkeep
|turn|2
|
|t:|1756712160
|-terastallize|p1a: Politoed|Grass
|move|p1b: Gothitelle|Psychic|p2a: Pelipper
|-damage|p2a: Pelipper|45/100
|move|p1a: Politoed|Perish Song|p1a: Politoed
|-start|p1a: Politoed|perish3|[silent]
|-start|p1b: Gothitelle|perish3|[silent]
|-start|p2a: Pelipper|perish3|[silent]
|-start|p2b: Archaludon|perish3|[silent]
|-fieldactivate|move: Perish Song
|move|p2a: Pelipper|Weather Ball|p1b: Gothitelle
|-damage|p1b: Gothitelle|24/100
|move|p2b: Archaludon|Electro Shot||[still]
|-prepare|p2b: Archaludon|Electro Shot
|-boost|p2b: Archaludon|spa|1
|-anim|p2b: Archaludon|Electro Shot|p1a: Politoed
|-resisted|p1a: Politoed
|-damage|p1a: Politoed|46/100
|
|-weather|RainDance|[upkeep]
|-heal|p1a: Politoed|52/100|[from] item: Leftovers
|-start|p1b: Gothitelle|perish3
|-start|p1a: Politoed|perish3
|-start|p2a: Pelipper|perish3
|-start|p2b: Archaludon|perish3
|upkeep
|turn|3
|
|t:|1756712181
|switch|p1a: Incineroar|Incineroar, L50, F|100/100
|-ability|p1a: Incineroar|Intimidate|boost
|-unboost|p2a: Pelipper|atk|1
|-unboost|p2b: Archaludon|atk|1
|move|p1b: Gothitelle|Protect|p1b: Gothitelle
|-singleturn|p1b: Gothitelle|Protect
|move|p2a: Pelipper|Hurricane|p1a: Incineroar
|-damage|p1a: Incineroar|68/100
|move|p2b: Archaludon|Electro Shot||[still]
|-prepare|p2b: Archaludon|Electro Shot
|-boost|p2b: Archaludon|spa|1
|-anim|p2b: Archaludon|Electro Shot|p1b: Gothitelle
|-activate|p1b: Gothitelle|move: Protect
|
|-weather|RainDance|[upkeep]
|-start|p1b: Gothitelle|perish2
|-start|p2a: Pelipper|perish2
|-start|p2b: Archaludon|perish2
|upkeep
|turn|4
|
|t:|1756712213
|switch|p1b: Archaludon|Archaludon, L50, F|100/100
|move|p1a: Incineroar|Parting Shot|p2a: Pelipper
|-unboost|p2a: Pelipper|atk|1
|-unboost|p2a: Pelipper|spa|1
|
|t:|1756712219
|switch|p1a: Gothitelle|Gothitelle, L50, F|24/100|[from] Parting Shot
|move|p2a: Pelipper|Weather Ball|p1b: Archaludon
|-resisted|p1b: Archaludon
|-damage|p1b: Archaludon|66/100
|move|p2b: Archaludon|Electro Shot||[still]
|-prepare|p2b: Archaludon|Electro Shot
|-boost|p2b: Archaludon|spa|1
|-anim|p2b: Archaludon|Electro Shot|p1b: Archaludon
|-resisted|p1b: Archaludon
|-damage|p1b: Archaludon|16/100
|
|-weather|RainDance|[upkeep]
|-start|p2a: Pelipper|perish1
|-start|p2b: Archaludon|perish1
|upkeep
|turn|5
|c|☆Buddy_1193|oh
|c|☆Buddy_1193|well
|
|t:|1756712238
|move|p1a: Gothitelle|Protect|p1a: Gothitelle
|-singleturn|p1a: Gothitelle|Protect
|move|p1b: Archaludon|Protect|p1b: Archaludon
|-singleturn|p1b: Archaludon|Protect
|move|p2a: Pelipper|Weather Ball|p1a: Gothitelle
|-activate|p1a: Gothitelle|move: Protect
|move|p2b: Archaludon|Electro Shot||[still]
|-prepare|p2b: Archaludon|Electro Shot
|-boost|p2b: Archaludon|spa|1
|-anim|p2b: Archaludon|Electro Shot|p1b: Archaludon
|-activate|p1b: Archaludon|move: Protect
|
|-weather|none
|-start|p2a: Pelipper|perish0
|-start|p2b: Archaludon|perish0
|-fieldend|move: Trick Room
|faint|p2a: Pelipper
|faint|p2b: Archaludon
|upkeep
|
|t:|1756712244
|switch|p2b: Amoonguss|Amoonguss, L50, F|100/100
|switch|p2a: Basculegion|Basculegion, L50, M|100/100
|turn|6
|
|t:|1756712275
|-terastallize|p2a: Basculegion|Water
|move|p2b: Amoonguss|Rage Powder|p2b: Amoonguss
|-singleturn|p2b: Amoonguss|move: Rage Powder
|move|p2a: Basculegion|Aqua Jet|p1b: Archaludon
|-resisted|p1b: Archaludon
|-damage|p1b: Archaludon|0 fnt
|faint|p1b: Archaludon
|move|p1a: Gothitelle|Psychic|p2b: Amoonguss
|-supereffective|p2b: Amoonguss
|-damage|p2b: Amoonguss|45/100
|-enditem|p2b: Amoonguss|Sitrus Berry|[eat]
|-heal|p2b: Amoonguss|70/100|[from] item: Sitrus Berry
|
|upkeep
|
|t:|1756712290
|switch|p1b: Incineroar|Incineroar, L50, F|68/100
|-ability|p1b: Incineroar|Intimidate|boost
|-unboost|p2a: Basculegion|atk|1
|-unboost|p2b: Amoonguss|atk|1
|turn|7
|
|t:|1756712306
|move|p1b: Incineroar|Fake Out|p2a: Basculegion
|-crit|p2a: Basculegion
|-damage|p2a: Basculegion|82/100
|move|p2b: Amoonguss|Rage Powder|p2b: Amoonguss
|-singleturn|p2b: Amoonguss|move: Rage Powder
|cant|p2a: Basculegion|flinch
|move|p1a: Gothitelle|Psychic|p2b: Amoonguss
|-supereffective|p2b: Amoonguss
|-damage|p2b: Amoonguss|20/100
|
|upkeep
|turn|8
|
|t:|1756712337
|move|p2b: Amoonguss|Rage Powder|p2b: Amoonguss
|-singleturn|p2b: Amoonguss|move: Rage Powder
|move|p2a: Basculegion|Aqua Jet|p1b: Incineroar
|-supereffective|p1b: Incineroar
|-damage|p1b: Incineroar|12/100
|move|p1a: Gothitelle|Psychic|p2b: Amoonguss
|-supereffective|p2b: Amoonguss
|-damage|p2b: Amoonguss|0 fnt
|faint|p2b: Amoonguss
|move|p1b: Incineroar|Knock Off|p2a: Basculegion
|-damage|p2a: Basculegion|36/100
|-enditem|p2a: Basculegion|Choice Band|[from] move: Knock Off|[of] p1b: Incineroar
|
|upkeep
|turn|9
|
|t:|1756712354
|move|p2a: Basculegion|Aqua Jet|p1b: Incineroar
|-supereffective|p1b: Incineroar
|-crit|p1b: Incineroar
|-damage|p1b: Incineroar|0 fnt
|faint|p1b: Incineroar
|move|p1a: Gothitelle|Psychic|p2a: Basculegion
|-damage|p2a: Basculegion|0 fnt
|faint|p2a: Basculegion
|
|win|Pranag140
||Buddy_1193 is ready for game 2.
||Pranag140 is ready for game 2.
|uhtml|next|Next: Game 2 of 3
|l|☆Buddy_1193
|player|p2|
