|j|☆busterbunner
|j|☆Theelvisboy1
|html|busterbunnerTheelvisboy1    
|uhtml|bestof|Game 3 of a best-of-3
|t:|1785112851
|gametype|doubles
|player|p1|busterbunner|clair|1160
|player|p2|Theelvisboy1|cynthia|1122
|gen|9
|tier|[Gen 9 Champions] VGC 2026 Reg M-B (Bo3)
|rated|
|rule|Species Clause: Limit one of each Pokémon
|rule|Item Clause: Limit 1 of each item
|clearpoke
|poke|p1|Metagross, L50|
|poke|p1|Whimsicott, L50, F|
|poke|p1|Kingambit, L50, M|
|poke|p1|Garchomp, L50, F|
|poke|p1|Politoed, L50, M|
|poke|p1|Charizard, L50, M|
|poke|p2|Lucario, L50, M|
|poke|p2|Chandelure, L50, F, shiny|
|poke|p2|Whimsicott, L50, M|
|poke|p2|Staraptor, L50, M|
|poke|p2|Dragonite, L50, F|
|poke|p2|Drampa, L50, M, shiny|
|teampreview|4
|showteam|p1|Metagross||Metagrossite|ClearBody|IronHead,PsychicFangs,StompingTantrum,Protect|Jolly|||||50|]Whimsicott||FocusSash|Prankster|Moonblast,Encore,Tailwind,Protect|Timid||F|||50|]Kingambit||BlackGlasses|Defiant|KowtowCleave,SuckerPunch,IronHead,Protect|Adamant||M|||50|]Garchomp||LifeOrb|RoughSkin|DragonClaw,Earthquake,RockSlide,Protect|Jolly||F|||50|]Politoed||MysticWater|Drizzle|WeatherBall,MuddyWater,IceBeam,Protect|Timid||M|||50|]Charizard||CharizarditeY|Blaze|HeatWave,WeatherBall,SolarBeam,Protect|Modest||M|||50|
|showteam|p2|Lucario||LifeOrb|InnerFocus|MeteorMash,ExtremeSpeed,CloseCombat,BrickBreak|Adamant||M|||50|]Chandelure||Chandelurite|FlashFire|HeatWave,Protect,ShadowBall,Overheat|Modest||F|||50|]Whimsicott||FocusSash|Prankster|Tailwind,Charm,FakeTears,Psychic|Bold||M|||50|]Staraptor||Staraptite|Intimidate|Roost,CloseCombat,BraveBird,Protect|Serious||M|||50|]Dragonite||ChoiceScarf|Multiscale|Earthquake,IronHead,ThunderPunch,DragonClaw|Adamant||F|||50|]Drampa||Leftovers|CloudNine|Thunderbolt,EarthPower,Flamethrower,EnergyBall|Quiet||M|||50|
|inactive|Battle timer is ON: inactive players will automatically lose when time's up. (requested by busterbunner)
|
|t:|1785112868
|teamsize|p1|4
|teamsize|p2|4
|start
|switch|p1a: Lil' Whimsy|Whimsicott, L50, F|100/100
|switch|p1b: Politoed|Politoed, L50, M|100/100
|switch|p2a: Whimsicott|Whimsicott, L50, M|100/100
|switch|p2b: Chandelure|Chandelure, L50, F, shiny|100/100
|-weather|RainDance|[from] ability: Drizzle|[of] p1b: Politoed
|turn|1
|
|t:|1785112884
|move|p2b: Chandelure|Protect|p2b: Chandelure
|-singleturn|p2b: Chandelure|Protect
|move|p1a: Lil' Whimsy|Tailwind|p1a: Lil' Whimsy
|-sidestart|p1: busterbunner|move: Tailwind
|move|p1b: Politoed|Muddy Water|p2b: Chandelure|[spread] p2a
|-activate|p2b: Chandelure|move: Protect
|-resisted|p2a: Whimsicott|1
|-damage|p2a: Whimsicott|73/100
|move|p2a: Whimsicott|Psychic|p1a: Lil' Whimsy
|-damage|p1a: Lil' Whimsy|74/100
|
|-weather|RainDance|[upkeep]
|upkeep
|turn|2
|
|t:|1785112899
|switch|p2b: Dragonite|Dragonite, L50, F|100/100
|move|p1a: Lil' Whimsy|Encore|p2a: Whimsicott
|-start|p2a: Whimsicott|Encore
|move|p1b: Politoed|Muddy Water|p2a: Whimsicott|[spread] p2a,p2b
|-resisted|p2a: Whimsicott|1
|-crit|p2a: Whimsicott
|-resisted|p2b: Dragonite|1
|-damage|p2a: Whimsicott|29/100
|-damage|p2b: Dragonite|89/100
|-unboost|p2a: Whimsicott|accuracy|1
|move|p2a: Whimsicott|Psychic|p1b: Politoed|[miss]
|-miss|p2a: Whimsicott|p1b: Politoed
|
|-weather|RainDance|[upkeep]
|upkeep
|turn|3
|inactive|Theelvisboy1 has 30 seconds left.
|
|t:|1785112926
|switch|p2a: Staraptor|Staraptor, L50, M|100/100
|-ability|p2a: Staraptor|Intimidate|boost
|-unboost|p1a: Lil' Whimsy|atk|1
|-unboost|p1b: Politoed|atk|1
|move|p1a: Lil' Whimsy|Moonblast|p2a: Staraptor
|-damage|p2a: Staraptor|54/100
|move|p1b: Politoed|Ice Beam|p2b: Dragonite
|-supereffective|p2b: Dragonite|2
|-damage|p2b: Dragonite|0 fnt
|faint|p2b: Dragonite
|
|-weather|RainDance|[upkeep]
|upkeep
|
|t:|1785112936
|switch|p2b: Whimsicott|Whimsicott, L50, M|29/100
|turn|4
|
|t:|1785112942
|move|p2a: Staraptor|Protect|p2a: Staraptor
|-singleturn|p2a: Staraptor|Protect
|move|p2b: Whimsicott|Tailwind|p2b: Whimsicott
|-sidestart|p2: Theelvisboy1|move: Tailwind
|move|p1a: Lil' Whimsy|Moonblast|p2b: Whimsicott
|-damage|p2b: Whimsicott|0 fnt
|faint|p2b: Whimsicott
|move|p1b: Politoed|Ice Beam|p2a: Staraptor
|-activate|p2a: Staraptor|move: Protect
|
|-weather|RainDance|[upkeep]
|-sideend|p1: busterbunner|move: Tailwind
|upkeep
|
|t:|1785112947
|switch|p2b: Chandelure|Chandelure, L50, F, shiny|100/100
|turn|5
|inactive|Theelvisboy1 has 30 seconds left.
|
|t:|1785112980
|detailschange|p2a: Staraptor|Staraptor-Mega, L50, M
|-mega|p2a: Staraptor|Staraptor|Staraptite
|move|p1a: Lil' Whimsy|Encore|p2a: Staraptor
|-start|p2a: Staraptor|Encore
|move|p2a: Staraptor|Protect|p2a: Staraptor
|-singleturn|p2a: Staraptor|Protect
|move|p2b: Chandelure|Shadow Ball|p1a: Lil' Whimsy
|-damage|p1a: Lil' Whimsy|0 fnt
|faint|p1a: Lil' Whimsy
|move|p1b: Politoed|Weather Ball|p2b: Chandelure
|-supereffective|p2b: Chandelure|1
|-damage|p2b: Chandelure|0 fnt
|faint|p2b: Chandelure
|
|-weather|none
|upkeep
|
|t:|1785112987
|switch|p1a: Megatron|Metagross, L50|100/100
|turn|6
|
|t:|1785112992
|detailschange|p1a: Megatron|Metagross-Mega, L50
|-mega|p1a: Megatron|Metagross|Metagrossite
|move|p2a: Staraptor|Protect||[still]
|-fail|p2a: Staraptor
|move|p1a: Megatron|Psychic Fangs|p2a: Staraptor
|-supereffective|p2a: Staraptor|1
|-damage|p2a: Staraptor|0 fnt
|faint|p2a: Staraptor
|
|win|busterbunner
|raw|busterbunner's rating: 1160 → 1182(+22 for winning)
|raw|Theelvisboy1's rating: 1122 → 1100(-22 for losing)
|c|☆busterbunner|Gg
|c|☆Theelvisboy1|gg
|l|☆Theelvisboy1
|player|p2|
|l|☆busterbunner
|player|p1|
|j|☆busterbunner
|player|p1|busterbunner|clair|
