|j|☆Baggead
|j|☆Jun RH
|html|BaggeadJun RH    
|uhtml|bestof|Game 3 of a best-of-3
|t:|1757693102
|gametype|doubles
|player|p1|Baggead|1|1092
|player|p2|Jun RH|burglar|1095
|gen|9
|tier|[Gen 9] VGC 2025 Reg H (Bo3)
|rated|
|rule|Species Clause: Limit one of each Pokémon
|rule|Item Clause: Limit 1 of each item
|clearpoke
|poke|p1|Vivillon-Fancy, L50, F|
|poke|p1|Garchomp, L50, F|
|poke|p1|Primarina, L50, F|
|poke|p1|Incineroar, L50, F|
|poke|p1|Gholdengo, L50|
|poke|p1|Porygon2, L50|
|poke|p2|Gholdengo, L50|
|poke|p2|Incineroar, L50, F|
|poke|p2|Amoonguss, L50, F|
|poke|p2|Dragonite, L50, M|
|poke|p2|Pelipper, L50, F|
|poke|p2|Archaludon, L50, M|
|teampreview|4
|showteam|p1|Vivillon-Fancy||FocusSash|CompoundEyes|Hurricane,SleepPowder,RagePowder,Protect|||F|||50|,,,,,Ghost]Garchomp||LifeOrb|RoughSkin|Earthquake,DragonClaw,StompingTantrum,Protect|||F|||50|,,,,,Water]Primarina||SitrusBerry|LiquidVoice|HyperVoice,Moonblast,Haze,Protect|||F|||50|,,,,,Grass]Incineroar||SafetyGoggles|Intimidate|FakeOut,FlareBlitz,PartingShot,KnockOff|||F|||50|,,,,,Ghost]Gholdengo||MetalCoat|GoodasGold|MakeItRain,ShadowBall,NastyPlot,Protect||||||50|,,,,,Dragon]Porygon2||Eviolite|Download|TeraBlast,IceBeam,Recover,TrickRoom||||||50|,,,,,Fighting
|showteam|p2|Gholdengo||LifeOrb|GoodasGold|MakeItRain,ShadowBall,NastyPlot,Protect||||||50|,,,,,Water]Incineroar||SafetyGoggles|Intimidate|KnockOff,FlareBlitz,FakeOut,PartingShot|||F|||50|,,,,,Ghost]Amoonguss||RockyHelmet|Regenerator|RagePowder,PollenPuff,Protect,Spore|||F|||50|,,,,,Fairy]Dragonite||LoadedDice|Multiscale|ScaleShot,Tailwind,Protect,Haze|||M|||50|,,,,,Fairy]Pelipper||FocusSash|Drizzle|Hurricane,WeatherBall,WideGuard,Protect|||F|||50|,,,,,Stellar]Archaludon||AssaultVest|Stamina|FlashCannon,DracoMeteor,ElectroShot,BodyPress|||M|||50|,,,,,Grass
|inactive|Battle timer is ON: inactive players will automatically lose when time's up. (requested by Baggead)
|inactive|Baggead has 30 seconds left.
|
|t:|1757693152
|teamsize|p1|4
|teamsize|p2|4
|start
|switch|p1a: Vivillon|Vivillon-Fancy, L50, F|100/100
|switch|p1b: Gholdengo|Gholdengo, L50|100/100
|switch|p2a: Archaludon|Archaludon, L50, M|100/100
|switch|p2b: Amoonguss|Amoonguss, L50, F|100/100
|turn|1
|inactive|Baggead has 30 seconds left.
|inactive|Jun RH has 30 seconds left.
|inactive|Baggead has 20 seconds left.
|
|t:|1757693189
|switch|p2b: Dragonite|Dragonite, L50, M|100/100
|move|p1a: Vivillon|Protect|p1a: Vivillon
|-singleturn|p1a: Vivillon|Protect
|move|p1b: Gholdengo|Nasty Plot|p1b: Gholdengo
|-boost|p1b: Gholdengo|spa|2
|move|p2a: Archaludon|Flash Cannon|p1a: Vivillon
|-activate|p1a: Vivillon|move: Protect
|
|upkeep
|turn|2
|inactive|Jun RH has 30 seconds left.
|
|t:|1757693214
|move|p1a: Vivillon|Sleep Powder|p2b: Dragonite
|-status|p2b: Dragonite|slp|[from] move: Sleep Powder
|move|p1b: Gholdengo|Shadow Ball|p2a: Archaludon
|-damage|p2a: Archaludon|40/100
|-ability|p2a: Archaludon|Stamina|boost
|-boost|p2a: Archaludon|def|1
|cant|p2b: Dragonite|slp
|move|p2a: Archaludon|Flash Cannon|p1a: Vivillon
|-damage|p1a: Vivillon|21/100
|
|upkeep
|turn|3
|inactive|Baggead has 30 seconds left.
|inactive|Jun RH has 30 seconds left.
|
|t:|1757693240
|switch|p1a: Garchomp|Garchomp, L50, F|100/100
|move|p1b: Gholdengo|Shadow Ball|p2b: Dragonite
|-damage|p2b: Dragonite|59/100 slp
|-unboost|p2b: Dragonite|spd|1
|-curestatus|p2b: Dragonite|slp|[msg]
|move|p2b: Dragonite|Haze|p2b: Dragonite
|-clearallboost
|move|p2a: Archaludon|Flash Cannon|p1a: Garchomp
|-damage|p1a: Garchomp|53/100
|
|upkeep
|turn|4
|inactive|Jun RH has 30 seconds left.
|inactive|Jun RH has 20 seconds left.
|inactive|Jun RH has 15 seconds left.
|
|t:|1757693283
|move|p1a: Garchomp|Stomping Tantrum|p2a: Archaludon
|-supereffective|p2a: Archaludon
|-damage|p2a: Archaludon|0 fnt
|faint|p2a: Archaludon
|-damage|p1a: Garchomp|43/100|[from] item: Life Orb
|move|p1b: Gholdengo|Make It Rain|p2b: Dragonite
|-damage|p2b: Dragonite|0 fnt
|-unboost|p1b: Gholdengo|spa|1
|faint|p2b: Dragonite
|
|upkeep
|
|t:|1757693296
|switch|p2b: Gholdengo|Gholdengo, L50|100/100
|switch|p2a: Amoonguss|Amoonguss, L50, F|100/100
|turn|5
|
|t:|1757693312
|-terastallize|p2b: Gholdengo|Water
|move|p1b: Gholdengo|Protect|p1b: Gholdengo
|-singleturn|p1b: Gholdengo|Protect
|move|p2a: Amoonguss|Rage Powder|p2a: Amoonguss
|-singleturn|p2a: Amoonguss|move: Rage Powder
|move|p1a: Garchomp|Earthquake|p2a: Amoonguss|[spread] p2a,p2b
|-activate|p1b: Gholdengo|move: Protect
|-damage|p2a: Amoonguss|61/100
|-damage|p2b: Gholdengo|50/100
|-damage|p1a: Garchomp|33/100|[from] item: Life Orb
|move|p2b: Gholdengo|Nasty Plot|p2b: Gholdengo
|-boost|p2b: Gholdengo|spa|2
|
|upkeep
|turn|6
|
|t:|1757693335
|switch|p1b: Vivillon|Vivillon-Fancy, L50, F|21/100
|move|p2b: Gholdengo|Protect|p2b: Gholdengo
|-singleturn|p2b: Gholdengo|Protect
|move|p1a: Garchomp|Earthquake|p2b: Gholdengo|[spread] p2a
|-activate|p2b: Gholdengo|move: Protect
|-immune|p1b: Vivillon
|-damage|p2a: Amoonguss|20/100
|-damage|p1a: Garchomp|23/100|[from] item: Life Orb
|move|p2a: Amoonguss|Spore|p1a: Garchomp
|-status|p1a: Garchomp|slp|[from] move: Spore
|
|upkeep
|turn|7
|inactive|Jun RH has 30 seconds left.
|
|t:|1757693366
|move|p2a: Amoonguss|Rage Powder|p2a: Amoonguss
|-singleturn|p2a: Amoonguss|move: Rage Powder
|cant|p1a: Garchomp|slp
|move|p1b: Vivillon|Hurricane|p2a: Amoonguss
|-supereffective|p2a: Amoonguss
|-damage|p2a: Amoonguss|0 fnt
|faint|p2a: Amoonguss
|move|p2b: Gholdengo|Make It Rain|p1b: Vivillon|[spread] p1a,p1b
|-damage|p1a: Garchomp|0 fnt
|-damage|p1b: Vivillon|0 fnt
|-unboost|p2b: Gholdengo|spa|1
|faint|p1a: Garchomp
|faint|p1b: Vivillon
|-damage|p2b: Gholdengo|40/100|[from] item: Life Orb
|
|upkeep
|
|t:|1757693372
|switch|p1a: Primarina|Primarina, L50, F|100/100
|switch|p1b: Gholdengo|Gholdengo, L50|100/100
|turn|8
|
|t:|1757693391
|-terastallize|p1b: Gholdengo|Dragon
|move|p1b: Gholdengo|Shadow Ball|p2b: Gholdengo
|-damage|p2b: Gholdengo|0 fnt
|faint|p2b: Gholdengo
|
|win|Baggead
|raw|Baggead's rating: 1092 → 1118(+26 for winning)
|raw|Jun RH's rating: 1095 → 1071(-24 for losing)
|l|☆Jun RH
|player|p2|
|l|☆Baggead
|player|p1|
