|j|☆Orion11Vgc
|j|☆glimmeraqua
|html|Orion11Vgcglimmeraqua    
|uhtml|bestof|Game 2 of a best-of-3
|t:|1782306769
|gametype|doubles
|player|p1|Orion11Vgc|lucas|1182
|player|p2|glimmeraqua|#ndplvgalarianphoenix|1210
|gen|9
|tier|[Gen 9 Champions] VGC 2026 Reg M-B (Bo3)
|rated|
|rule|Species Clause: Limit one of each Pokémon
|rule|Item Clause: Limit 1 of each item
|clearpoke
|poke|p1|Metagross, L50|
|poke|p1|Sneasler, L50, M|
|poke|p1|Incineroar, L50, M|
|poke|p1|Hydreigon, L50, M|
|poke|p1|Aerodactyl, L50, M|
|poke|p1|Floette-Eternal, L50, F|
|poke|p2|Floette-Eternal, L50, F|
|poke|p2|Sinistcha, L50|
|poke|p2|Aerodactyl, L50, F|
|poke|p2|Garchomp, L50, M|
|poke|p2|Incineroar, L50, M|
|poke|p2|Gholdengo, L50|
|teampreview|4
|showteam|p1|Metagross||Metagrossite|ClearBody|IronHead,PsychicFangs,BodyPress,Protect|Jolly|||||50|]Sneasler||WhiteHerb|Unburden|FakeOut,CloseCombat,DireClaw,Coaching|Jolly||M|||50|]Incineroar||PasshoBerry|Intimidate|FakeOut,FlareBlitz,ThroatChop,PartingShot|Careful||M|||50|]Hydreigon||ChoiceScarf|Levitate|DracoMeteor,DarkPulse,Snarl,Flamethrower|Modest||M|||50|]Aerodactyl||FocusSash|Unnerve|RockSlide,Tailwind,DualWingbeat,WideGuard|Jolly||M|||50|]Floette-Eternal||Floettite|FlowerVeil|DrainingKiss,DazzlingGleam,CalmMind,Protect|Modest||F|||50|
|showteam|p2|Floette-Eternal||Floettite|FlowerVeil|LightofRuin,DazzlingGleam,Moonblast,Protect|Timid||F|||50|]Sinistcha||SitrusBerry|Hospitality|RagePowder,TrickRoom,MatchaGotcha,Protect|Bold|||||50|]Aerodactyl||Aerodactylite|RockHead|IceFang,RockSlide,Tailwind,Protect|Jolly||F|||50|]Garchomp||RoseliBerry|RoughSkin|Earthquake,RockSlide,PoisonJab,DragonClaw|Jolly||M|||50|]Incineroar||ChopleBerry|Intimidate|FakeOut,FlareBlitz,ThroatChop,PartingShot|Impish||M|||50|]Gholdengo||LifeOrb|GoodasGold|MakeItRain,PowerGem,ShadowBall,Protect|Modest|||||50|
|inactive|Battle timer is ON: inactive players will automatically lose when time's up. (requested by Orion11Vgc)
|inactive|Orion11Vgc has 60 seconds left.
|
|t:|1782306810
|teamsize|p1|4
|teamsize|p2|4
|start
|switch|p1a: Incineroar|Incineroar, L50, M|100/100
|switch|p1b: Metagross|Metagross, L50|100/100
|switch|p2a: Black & Blue|Floette-Eternal, L50, F|100/100
|switch|p2b: Iron Maiden|Gholdengo, L50|100/100
|-ability|p1a: Incineroar|Intimidate|boost
|-unboost|p2a: Black & Blue|atk|1
|-unboost|p2b: Iron Maiden|atk|1
|turn|1
|inactive|Orion11Vgc has 30 seconds left.
|inactive|Orion11Vgc has 20 seconds left.
|
|t:|1782306848
|move|p2a: Black & Blue|Protect|p2a: Black & Blue
|-singleturn|p2a: Black & Blue|Protect
|move|p2b: Iron Maiden|Protect|p2b: Iron Maiden
|-singleturn|p2b: Iron Maiden|Protect
|move|p1b: Metagross|Body Press|p2a: Black & Blue
|-activate|p2a: Black & Blue|move: Protect
|move|p1a: Incineroar|Parting Shot|p2a: Black & Blue
|-activate|p2a: Black & Blue|move: Protect
|
|upkeep
|turn|2
|
|t:|1782306872
|switch|p2a: Chasing Ghosts|Incineroar, L50, M|100/100
|-ability|p2a: Chasing Ghosts|Intimidate|boost
|-unboost|p1a: Incineroar|atk|1
|-fail|p1b: Metagross|unboost|[from] ability: Clear Body|[of] p1b: Metagross
|move|p2b: Iron Maiden|Power Gem|p1a: Incineroar
|-supereffective|p1a: Incineroar|1
|-damage|p1a: Incineroar|39/100
|-damage|p2b: Iron Maiden|90/100|[from] item: Life Orb
|move|p1b: Metagross|Iron Head|p2a: Chasing Ghosts
|-resisted|p2a: Chasing Ghosts|1
|-damage|p2a: Chasing Ghosts|86/100
|move|p1a: Incineroar|Parting Shot|p2b: Iron Maiden
|-immune|p2b: Iron Maiden|[from] ability: Good as Gold
|
|upkeep
|turn|3
|inactive|Orion11Vgc has 30 seconds left.
|inactive|Orion11Vgc has 20 seconds left.
|inactive|Orion11Vgc has 15 seconds left.
|inactive|Orion11Vgc has 10 seconds left.
|
|t:|1782306921
|move|p2a: Chasing Ghosts|Fake Out|p1a: Incineroar
|-damage|p1a: Incineroar|30/100
|move|p2b: Iron Maiden|Shadow Ball|p1b: Metagross
|-supereffective|p1b: Metagross|1
|-damage|p1b: Metagross|0 fnt
|faint|p1b: Metagross
|-damage|p2b: Iron Maiden|80/100|[from] item: Life Orb
|cant|p1a: Incineroar|flinch
|
|upkeep
|
|t:|1782306932
|switch|p1b: Hydreigon|Hydreigon, L50, M|100/100
|turn|4
|
|t:|1782306941
|move|p2b: Iron Maiden|Protect|p2b: Iron Maiden
|-singleturn|p2b: Iron Maiden|Protect
|move|p1b: Hydreigon|Snarl|p2b: Iron Maiden|[spread] p2a
|-activate|p2b: Iron Maiden|move: Protect
|-resisted|p2a: Chasing Ghosts|1
|-damage|p2a: Chasing Ghosts|76/100
|-unboost|p2a: Chasing Ghosts|spa|1
|move|p1a: Incineroar|Parting Shot|p2a: Chasing Ghosts
|-unboost|p2a: Chasing Ghosts|atk|1
|-unboost|p2a: Chasing Ghosts|spa|1
|
|t:|1782306951
|switch|p1a: Sneasler|Sneasler, L50, M|100/100|[from] Parting Shot
|move|p2a: Chasing Ghosts|Parting Shot|p1b: Hydreigon
|-unboost|p1b: Hydreigon|atk|1
|-unboost|p1b: Hydreigon|spa|1
|
|t:|1782306957
|switch|p2a: Black & Blue|Floette-Eternal, L50, F|100/100|[from] Parting Shot
|
|upkeep
|turn|5
|
|t:|1782306968
|switch|p1b: Incineroar|Incineroar, L50, M|30/100
|-ability|p1b: Incineroar|Intimidate|boost
|-unboost|p2a: Black & Blue|atk|1
|-unboost|p2b: Iron Maiden|atk|1
|switch|p2b: Chasing Ghosts|Incineroar, L50, M|76/100
|-ability|p2b: Chasing Ghosts|Intimidate|boost
|-unboost|p1a: Sneasler|atk|1
|-unboost|p1b: Incineroar|atk|1
|-enditem|p1a: Sneasler|White Herb
|-clearnegativeboost|p1a: Sneasler|[silent]
|move|p2a: Black & Blue|Protect|p2a: Black & Blue
|-singleturn|p2a: Black & Blue|Protect
|move|p1a: Sneasler|Close Combat|p2a: Black & Blue
|-activate|p2a: Black & Blue|move: Protect
|
|upkeep
|turn|6
|inactive|Orion11Vgc has 30 seconds left.
|
|t:|1782306996
|detailschange|p2a: Black & Blue|Floette-Mega, L50, F
|-mega|p2a: Black & Blue|Floette|Floettite
|-ability|p2a: Black & Blue|Fairy Aura
|move|p2b: Chasing Ghosts|Fake Out|p1a: Sneasler
|-damage|p1a: Sneasler|84/100
|cant|p1a: Sneasler|flinch
|move|p2a: Black & Blue|Dazzling Gleam|p1b: Incineroar|[spread] p1a,p1b
|-damage|p1a: Sneasler|26/100
|-damage|p1b: Incineroar|0 fnt
|faint|p1b: Incineroar
|
|upkeep
|-message|Orion11Vgc forfeited.
|raw|Orion11Vgc's rating: 1182 → 1159(-23 for losing)
|raw|glimmeraqua's rating: 1210 → 1233(+23 for winning)
|
|win|glimmeraqua
|l|☆Orion11Vgc
|player|p1|
