|j|☆GrifoneFolleVGC
|j|☆mackerjuan
|html|GrifoneFolleVGCmackerjuan    
|uhtml|bestof|Game 1 of a best-of-3
|t:|1756406343
|gametype|doubles
|player|p1|GrifoneFolleVGC|cynthia|1252
|player|p2|mackerjuan|102|1335
|gen|9
|tier|[Gen 9] VGC 2025 Reg H (Bo3)
|rated|
|rule|Species Clause: Limit one of each Pokémon
|rule|Item Clause: Limit 1 of each item
|clearpoke
|poke|p1|Incineroar, L50, F|
|poke|p1|Amoonguss, L50, F|
|poke|p1|Primarina, L50, M|
|poke|p1|Ursaluna-Bloodmoon, L50, M|
|poke|p1|Dragonite, L50, M|
|poke|p1|Gholdengo, L50|
|poke|p2|Incineroar, L50, F|
|poke|p2|Gholdengo, L50|
|poke|p2|Porygon2, L50|
|poke|p2|Ursaluna, L50, F|
|poke|p2|Amoonguss, L50, M|
|poke|p2|Hydreigon, L50, F|
|teampreview|4
|showteam|p1|Incineroar||SafetyGoggles|Intimidate|FakeOut,PartingShot,FlareBlitz,KnockOff|||F|||50|,,,,,Ghost]Amoonguss||SitrusBerry|Regenerator|Protect,RagePowder,Spore,PollenPuff|||F|||50|,,,,,Fairy]Primarina||LifeOrb|LiquidVoice|Protect,HyperVoice,Moonblast,Haze|||M|||50|,,,,,Poison]Ursaluna-Bloodmoon||AssaultVest|MindsEye|VacuumWave,BloodMoon,HyperVoice,EarthPower|||M|||50|,,,,,Normal]Dragonite||LoadedDice|Multiscale|Protect,Tailwind,ScaleShot,IronHead|||M|||50|,,,,,Steel]Gholdengo||MetalCoat|GoodasGold|Protect,NastyPlot,MakeItRain,ShadowBall||||||50|,,,,,Water
|showteam|p2|Incineroar||SafetyGoggles|Intimidate|FlareBlitz,KnockOff,FakeOut,PartingShot|||F|||50|,,,,,Ghost]Gholdengo||LifeOrb|GoodasGold|MakeItRain,ShadowBall,NastyPlot,Protect||||||50|,,,,,Water]Porygon2||Eviolite|Download|TeraBlast,IceBeam,Recover,TrickRoom||||||50|,,,,,Fighting]Ursaluna||FlameOrb|Guts|Facade,HeadlongRush,Earthquake,Protect|||F|||50|,,,,,Ghost]Amoonguss||SitrusBerry|Regenerator|PollenPuff,Spore,RagePowder,Protect|||M|||50|,,,,,Water]Hydreigon||CovertCloak|Levitate|Taunt,Tailwind,DracoMeteor,Snarl|||F|||50|,,,,,Steel
|inactive|Battle timer is ON: inactive players will automatically lose when time's up. (requested by mackerjuan)
|inactive|GrifoneFolleVGC has 60 seconds left.
|inactive|mackerjuan has 60 seconds left.
|
|t:|1756406395
|teamsize|p1|4
|teamsize|p2|4
|start
|switch|p1a: Ursaluna|Ursaluna-Bloodmoon, L50, M|100/100
|switch|p1b: Incineroar|Incineroar, L50, F|100/100
|switch|p2a: Hydreigon|Hydreigon, L50, F|100/100
|switch|p2b: Gholdengo|Gholdengo, L50|100/100
|-ability|p1b: Incineroar|Intimidate|boost
|-unboost|p2a: Hydreigon|atk|1
|-unboost|p2b: Gholdengo|atk|1
|turn|1
|inactive|GrifoneFolleVGC has 30 seconds left.
|inactive|GrifoneFolleVGC has 20 seconds left.
|inactive|GrifoneFolleVGC has 15 seconds left.
|
|t:|1756406440
|-terastallize|p2b: Gholdengo|Water
|move|p2a: Hydreigon|Snarl|p1a: Ursaluna|[spread] p1a,p1b
|-resisted|p1b: Incineroar
|-damage|p1a: Ursaluna|86/100
|-damage|p1b: Incineroar|93/100
|-unboost|p1a: Ursaluna|spa|1
|-unboost|p1b: Incineroar|spa|1
|move|p2b: Gholdengo|Nasty Plot|p2b: Gholdengo
|-boost|p2b: Gholdengo|spa|2
|move|p1a: Ursaluna|Blood Moon|p2a: Hydreigon
|-damage|p2a: Hydreigon|43/100
|move|p1b: Incineroar|Flare Blitz|p2a: Hydreigon
|-resisted|p2a: Hydreigon
|-damage|p2a: Hydreigon|14/100
|-damage|p1b: Incineroar|84/100|[from] Recoil
|
|upkeep
|turn|2
|inactive|mackerjuan has 30 seconds left.
|inactive|mackerjuan has 20 seconds left.
|
|t:|1756406480
|switch|p2a: Incineroar|Incineroar, L50, F|100/100
|-ability|p2a: Incineroar|Intimidate|boost
|-unboost|p1a: Ursaluna|atk|1
|-unboost|p1b: Incineroar|atk|1
|move|p1a: Ursaluna|Vacuum Wave|p2a: Incineroar
|-supereffective|p2a: Incineroar
|-damage|p2a: Incineroar|81/100
|move|p2b: Gholdengo|Make It Rain|p1b: Incineroar|[spread] p1a,p1b
|-resisted|p1b: Incineroar
|-damage|p1a: Ursaluna|0 fnt
|-damage|p1b: Incineroar|38/100
|-unboost|p2b: Gholdengo|spa|1
|faint|p1a: Ursaluna
|-damage|p2b: Gholdengo|91/100|[from] item: Life Orb
|move|p1b: Incineroar|Knock Off|p2b: Gholdengo
|-damage|p2b: Gholdengo|64/100
|-enditem|p2b: Gholdengo|Life Orb|[from] move: Knock Off|[of] p1b: Incineroar
|
|upkeep
|
|t:|1756406499
|switch|p1a: Dragonite|Dragonite, L50, M|100/100
|turn|3
|
|t:|1756406524
|move|p1a: Dragonite|Protect|p1a: Dragonite
|-singleturn|p1a: Dragonite|Protect
|move|p2a: Incineroar|Fake Out|p1a: Dragonite
|-activate|p1a: Dragonite|move: Protect
|move|p2b: Gholdengo|Nasty Plot|p2b: Gholdengo
|-boost|p2b: Gholdengo|spa|2
|move|p1b: Incineroar|Parting Shot|p2a: Incineroar
|-unboost|p2a: Incineroar|atk|1
|-unboost|p2a: Incineroar|spa|1
|
|t:|1756406531
|switch|p1b: Amoonguss|Amoonguss, L50, F|100/100|[from] Parting Shot
|
|upkeep
|turn|4
|
|t:|1756406549
|move|p2b: Gholdengo|Protect|p2b: Gholdengo
|-singleturn|p2b: Gholdengo|Protect
|move|p1a: Dragonite|Scale Shot|p2b: Gholdengo
|-activate|p2b: Gholdengo|move: Protect
|move|p2a: Incineroar|Parting Shot|p1a: Dragonite
|-unboost|p1a: Dragonite|atk|1
|-unboost|p1a: Dragonite|spa|1
|
|t:|1756406559
|switch|p2a: Hydreigon|Hydreigon, L50, F|14/100|[from] Parting Shot
|move|p1b: Amoonguss|Pollen Puff|p1a: Dragonite
|
|upkeep
|turn|5
|
|t:|1756406573
|switch|p1a: Incineroar|Incineroar, L50, F|38/100
|-ability|p1a: Incineroar|Intimidate|boost
|-unboost|p2a: Hydreigon|atk|1
|-unboost|p2b: Gholdengo|atk|1
|move|p1b: Amoonguss|Protect|p1b: Amoonguss
|-singleturn|p1b: Amoonguss|Protect
|move|p2a: Hydreigon|Snarl|p1b: Amoonguss|[spread] p1a
|-activate|p1b: Amoonguss|move: Protect
|-resisted|p1a: Incineroar
|-damage|p1a: Incineroar|29/100
|-unboost|p1a: Incineroar|spa|1
|move|p2b: Gholdengo|Make It Rain|p1b: Amoonguss|[spread] p1a
|-activate|p1b: Amoonguss|move: Protect
|-resisted|p1a: Incineroar
|-damage|p1a: Incineroar|0 fnt
|-unboost|p2b: Gholdengo|spa|1
|faint|p1a: Incineroar
|
|upkeep
|
|t:|1756406576
|switch|p1a: Dragonite|Dragonite, L50, M|100/100
|turn|6
|inactive|GrifoneFolleVGC has 30 seconds left.
|
|t:|1756406609
|-terastallize|p1a: Dragonite|Steel
|move|p2a: Hydreigon|Snarl|p1a: Dragonite|[spread] p1a,p1b
|-damage|p1a: Dragonite|91/100
|-damage|p1b: Amoonguss|84/100
|-unboost|p1a: Dragonite|spa|1
|-unboost|p1b: Amoonguss|spa|1
|move|p2b: Gholdengo|Make It Rain|p1b: Amoonguss|[spread] p1a,p1b
|-resisted|p1a: Dragonite
|-damage|p1a: Dragonite|54/100
|-damage|p1b: Amoonguss|18/100
|-unboost|p2b: Gholdengo|spa|1
|-enditem|p1b: Amoonguss|Sitrus Berry|[eat]
|-heal|p1b: Amoonguss|43/100|[from] item: Sitrus Berry
|move|p1a: Dragonite|Scale Shot|p2b: Gholdengo
|-damage|p2b: Gholdengo|50/100
|-crit|p2b: Gholdengo
|-damage|p2b: Gholdengo|27/100
|-damage|p2b: Gholdengo|14/100
|-damage|p2b: Gholdengo|0 fnt
|faint|p2b: Gholdengo
|-hitcount|p2: Gholdengo|4
|-unboost|p1a: Dragonite|def|1
|-boost|p1a: Dragonite|spe|1
|move|p1b: Amoonguss|Pollen Puff|p1a: Dragonite
|-heal|p1a: Dragonite|100/100
|
|upkeep
|
|t:|1756406622
|switch|p2b: Incineroar|Incineroar, L50, F|81/100
|-ability|p2b: Incineroar|Intimidate|boost
|-unboost|p1a: Dragonite|atk|1
|-unboost|p1b: Amoonguss|atk|1
|turn|7
|
|t:|1756406635
|move|p1a: Dragonite|Protect|p1a: Dragonite
|-singleturn|p1a: Dragonite|Protect
|move|p1b: Amoonguss|Protect|p1b: Amoonguss
|-singleturn|p1b: Amoonguss|Protect
|move|p2b: Incineroar|Fake Out|p1a: Dragonite
|-activate|p1a: Dragonite|move: Protect
|move|p2a: Hydreigon|Draco Meteor|p1b: Amoonguss
|-activate|p1b: Amoonguss|move: Protect
|
|upkeep
|turn|8
|
|t:|1756406652
|switch|p2a: Amoonguss|Amoonguss, L50, M|100/100
|move|p1a: Dragonite|Scale Shot|p2a: Amoonguss
|-damage|p2a: Amoonguss|92/100
|-damage|p2a: Amoonguss|84/100
|-damage|p2a: Amoonguss|74/100
|-damage|p2a: Amoonguss|66/100
|-hitcount|p2a: Amoonguss|4
|-unboost|p1a: Dragonite|def|1
|-boost|p1a: Dragonite|spe|1
|move|p2b: Incineroar|Parting Shot|p1a: Dragonite
|-unboost|p1a: Dragonite|atk|1
|-unboost|p1a: Dragonite|spa|1
|
|t:|1756406658
|switch|p2b: Hydreigon|Hydreigon, L50, F|14/100|[from] Parting Shot
|move|p1b: Amoonguss|Pollen Puff|p1a: Dragonite
|
|upkeep
|turn|9
|
|t:|1756406676
|move|p2a: Amoonguss|Rage Powder|p2a: Amoonguss
|-singleturn|p2a: Amoonguss|move: Rage Powder
|move|p1a: Dragonite|Iron Head|p2a: Amoonguss
|-damage|p2a: Amoonguss|45/100
|-enditem|p2a: Amoonguss|Sitrus Berry|[eat]
|-heal|p2a: Amoonguss|70/100|[from] item: Sitrus Berry
|move|p2b: Hydreigon|Draco Meteor|p1b: Amoonguss
|-damage|p1b: Amoonguss|0 fnt
|-unboost|p2b: Hydreigon|spa|2
|faint|p1b: Amoonguss
|
|upkeep
|turn|10
|
|t:|1756406689
|switch|p2b: Incineroar|Incineroar, L50, F|81/100
|-ability|p2b: Incineroar|Intimidate|boost
|-unboost|p1a: Dragonite|atk|1
|move|p1a: Dragonite|Scale Shot|p2b: Incineroar
|-crit|p2b: Incineroar
|-damage|p2b: Incineroar|58/100
|-damage|p2b: Incineroar|52/100
|-crit|p2b: Incineroar
|-damage|p2b: Incineroar|33/100
|-damage|p2b: Incineroar|28/100
|-damage|p2b: Incineroar|22/100
|-hitcount|p2b: Incineroar|5
|-unboost|p1a: Dragonite|def|1
|-boost|p1a: Dragonite|spe|1
|move|p2a: Amoonguss|Spore|p1a: Dragonite
|-status|p1a: Dragonite|slp|[from] move: Spore
|
|upkeep
|turn|11
|
|t:|1756406700
|cant|p1a: Dragonite|slp
|move|p2b: Incineroar|Knock Off|p1a: Dragonite
|-damage|p1a: Dragonite|52/100 slp
|-enditem|p1a: Dragonite|Loaded Dice|[from] move: Knock Off|[of] p2b: Incineroar
|move|p2a: Amoonguss|Pollen Puff|p2b: Incineroar
|-heal|p2b: Incineroar|72/100
|
|upkeep
|turn|12
|-message|GrifoneFolleVGC forfeited.
|
|win|mackerjuan
||GrifoneFolleVGC is ready for game 2.
