|j|☆lil saac
|j|☆Tajinvgc3
|html|lil saacTajinvgc3    
|uhtml|bestof|Game 2 of a best-of-3
|t:|1784162893
|gametype|doubles
|player|p1|lil saac|265|1161
|player|p2|Tajinvgc3|265|1173
|gen|9
|tier|[Gen 9 Champions] VGC 2026 Reg M-B (Bo3)
|rated|
|rule|Species Clause: Limit one of each Pokémon
|rule|Item Clause: Limit 1 of each item
|clearpoke
|poke|p1|Meowstic-F, L50, F|
|poke|p1|Kingambit, L50, M|
|poke|p1|Whimsicott, L50, M|
|poke|p1|Basculegion, L50, M|
|poke|p1|Sneasler, L50, M|
|poke|p1|Incineroar, L50, F|
|poke|p2|Venusaur, L50, F, shiny|
|poke|p2|Charizard, L50, M, shiny|
|poke|p2|Pelipper, L50, M, shiny|
|poke|p2|Grimmsnarl, L50, M, shiny|
|poke|p2|Archaludon, L50, M, shiny|
|poke|p2|Basculegion, L50, M|
|teampreview|4
|showteam|p1|Meowstic-F||Meowsticite|Competitive|AlluringVoice,Psychic,Thunderbolt,Protect|Modest||F|||50|]Kingambit||BlackGlasses|Defiant|SuckerPunch,KowtowCleave,IronHead,Protect|Adamant||M|||50|]Whimsicott||FocusSash|Prankster|Moonblast,Tailwind,Encore,Protect|Timid||M|||50|]Basculegion||ChoiceScarf|Adaptability|LastRespects,AquaJet,WaveCrash,Protect|Adamant||M|||50|]Sneasler||MentalHerb|Unburden|CloseCombat,FakeOut,Protect,DireClaw|Jolly||M|||50|]Incineroar||SitrusBerry|Intimidate|FakeOut,PartingShot,FlareBlitz,DarkestLariat|Careful||F|||50|
|showteam|p2|Venusaur||FocusSash|Chlorophyll|Protect,SludgeBomb,EarthPower,SleepPowder|Modest||F|||50|]Charizard||CharizarditeY|Blaze|Protect,HeatWave,WeatherBall,SolarBeam|Modest||M|||50|]Pelipper||SitrusBerry|Drizzle|Hurricane,Tailwind,WeatherBall,WideGuard|Modest||M|||50|]Grimmsnarl||LightClay|Prankster|SpiritBreak,Reflect,LightScreen,PartingShot|Sassy||M|||50|]Archaludon||Leftovers|Stamina|ElectroShot,Protect,DragonPulse,FlashCannon|Calm||M|||50|]Basculegion||ChoiceScarf|Adaptability|WaveCrash,AquaJet,FlipTurn,LastRespects|Jolly||M|||50|
|
|t:|1784162935
|teamsize|p1|4
|teamsize|p2|4
|start
|switch|p1a: Meowstic|Meowstic-F, L50, F|100/100
|switch|p1b: Basculegion|Basculegion, L50, M|100/100
|switch|p2a: Pelipper|Pelipper, L50, M, shiny|100/100
|switch|p2b: Basculegion|Basculegion, L50, M|100/100
|-weather|RainDance|[from] ability: Drizzle|[of] p2a: Pelipper
|turn|1
|
|t:|1784162957
|switch|p2a: Archaludon|Archaludon, L50, M, shiny|100/100
|detailschange|p1a: Meowstic|Meowstic-F-Mega, L50, F
|-mega|p1a: Meowstic|Meowstic|Meowsticite
|-ability|p1a: Meowstic|Stamina|Trace|[from] ability: Trace|[of] p2a: Archaludon
|move|p2b: Basculegion|Flip Turn|p1b: Basculegion
|-resisted|p1b: Basculegion|1
|-damage|p1b: Basculegion|63/100
|
|t:|1784162968
|switch|p2b: Pelipper|Pelipper, L50, M, shiny|100/100|[from] Flip Turn
|move|p1b: Basculegion|Last Respects|p2b: Pelipper
|-damage|p2b: Pelipper|61/100
|move|p1a: Meowstic|Thunderbolt|p2a: Archaludon
|-resisted|p2a: Archaludon|1
|-damage|p2a: Archaludon|82/100
|-ability|p2a: Archaludon|Stamina|boost
|-boost|p2a: Archaludon|def|1
|
|-weather|RainDance|[upkeep]
|-heal|p2a: Archaludon|88/100|[from] item: Leftovers
|upkeep
|turn|2
|
|t:|1784162995
|switch|p1b: Whimsicott|Whimsicott, L50, M|100/100
|move|p1a: Meowstic|Alluring Voice|p2a: Archaludon
|-damage|p2a: Archaludon|60/100
|-ability|p2a: Archaludon|Stamina|boost
|-boost|p2a: Archaludon|def|1
|move|p2a: Archaludon|Electro Shot||[still]
|-prepare|p2a: Archaludon|Electro Shot
|-boost|p2a: Archaludon|spa|1
|-anim|p2a: Archaludon|Electro Shot|p1b: Whimsicott
|-resisted|p1b: Whimsicott|1
|-damage|p1b: Whimsicott|58/100
|move|p2b: Pelipper|Tailwind|p2b: Pelipper
|-sidestart|p2: Tajinvgc3|move: Tailwind
|
|-weather|RainDance|[upkeep]
|-heal|p2a: Archaludon|66/100|[from] item: Leftovers
|upkeep
|turn|3
|
|t:|1784163031
|move|p1b: Whimsicott|Tailwind|p1b: Whimsicott
|-sidestart|p1: lil saac|move: Tailwind
|move|p1a: Meowstic|Thunderbolt|p2b: Pelipper
|-supereffective|p2b: Pelipper|2
|-damage|p2b: Pelipper|0 fnt
|faint|p2b: Pelipper
|move|p2a: Archaludon|Electro Shot||[still]
|-prepare|p2a: Archaludon|Electro Shot
|-boost|p2a: Archaludon|spa|1
|-anim|p2a: Archaludon|Electro Shot|p1b: Whimsicott
|-resisted|p1b: Whimsicott|1
|-damage|p1b: Whimsicott|2/100
|
|-weather|RainDance|[upkeep]
|-heal|p2a: Archaludon|72/100|[from] item: Leftovers
|upkeep
|
|t:|1784163045
|switch|p2b: Basculegion|Basculegion, L50, M|100/100
|turn|4
|
|t:|1784163056
|move|p2b: Basculegion|Wave Crash|p1a: Meowstic
|-damage|p1a: Meowstic|0 fnt
|faint|p1a: Meowstic
|-damage|p2b: Basculegion|74/100|[from] Recoil
|move|p1b: Whimsicott|Moonblast|p2a: Archaludon
|-damage|p2a: Archaludon|43/100
|-ability|p2a: Archaludon|Stamina|boost
|-boost|p2a: Archaludon|def|1
|move|p2a: Archaludon|Electro Shot||[still]
|-prepare|p2a: Archaludon|Electro Shot
|-boost|p2a: Archaludon|spa|1
|-anim|p2a: Archaludon|Electro Shot|p1b: Whimsicott
|-resisted|p1b: Whimsicott|1
|-damage|p1b: Whimsicott|0 fnt
|faint|p1b: Whimsicott
|
|-weather|RainDance|[upkeep]
|-heal|p2a: Archaludon|49/100|[from] item: Leftovers
|upkeep
|
|t:|1784163073
|switch|p1b: Incineroar|Incineroar, L50, F|100/100
|switch|p1a: Basculegion|Basculegion, L50, M|63/100
|-ability|p1b: Incineroar|Intimidate|boost
|-unboost|p2a: Archaludon|atk|1
|-unboost|p2b: Basculegion|atk|1
|turn|5
|
|t:|1784163110
|switch|p2b: Charizard|Charizard, L50, M, shiny|100/100
|move|p2a: Archaludon|Protect|p2a: Archaludon
|-singleturn|p2a: Archaludon|Protect
|move|p1b: Incineroar|Fake Out|p2a: Archaludon
|-activate|p2a: Archaludon|move: Protect
|move|p1a: Basculegion|Last Respects|p2b: Charizard
|-damage|p2b: Charizard|3/100
|
|-weather|none
|-heal|p2a: Archaludon|55/100|[from] item: Leftovers
|-sideend|p2: Tajinvgc3|move: Tailwind
|upkeep
|turn|6
|
|t:|1784163157
|move|p2b: Charizard|Protect|p2b: Charizard
|-singleturn|p2b: Charizard|Protect
|move|p1a: Basculegion|Last Respects|p2a: Archaludon
|-crit|p2a: Archaludon
|-damage|p2a: Archaludon|0 fnt
|faint|p2a: Archaludon
|move|p1b: Incineroar|Darkest Lariat|p2b: Charizard
|-activate|p2b: Charizard|move: Protect
|
|-sideend|p1: lil saac|move: Tailwind
|upkeep
|
|t:|1784163168
|switch|p2a: Basculegion|Basculegion, L50, M|74/100
|turn|7
|
|t:|1784163181
|detailschange|p2b: Charizard|Charizard-Mega-Y, L50, M, shiny
|-mega|p2b: Charizard|Charizard|Charizardite Y
|-weather|SunnyDay|[from] ability: Drought|[of] p2b: Charizard
|move|p2a: Basculegion|Last Respects|p1a: Basculegion
|-supereffective|p1a: Basculegion|1
|-damage|p1a: Basculegion|0 fnt
|faint|p1a: Basculegion
|move|p2b: Charizard|Weather Ball|p1b: Incineroar
|-resisted|p1b: Incineroar|1
|-damage|p1b: Incineroar|68/100
|move|p1b: Incineroar|Darkest Lariat|p2b: Charizard
|-damage|p2b: Charizard|0 fnt
|faint|p2b: Charizard
|
|-weather|SunnyDay|[upkeep]
|upkeep
|turn|8
|
|t:|1784163199
|move|p2a: Basculegion|Last Respects|p1b: Incineroar
|-resisted|p1b: Incineroar|1
|-damage|p1b: Incineroar|18/100
|-enditem|p1b: Incineroar|Sitrus Berry|[eat]
|-heal|p1b: Incineroar|43/100|[from] item: Sitrus Berry
|move|p1b: Incineroar|Darkest Lariat|p2a: Basculegion
|-supereffective|p2a: Basculegion|1
|-damage|p2a: Basculegion|0 fnt
|faint|p2a: Basculegion
|
|win|lil saac
||lil saac is ready for game 3.
