|j|☆jogadorzero
|j|☆eriksp
|html|jogadorzeroeriksp    
|uhtml|bestof|Game 3 of a best-of-3
|t:|1757205862
|gametype|doubles
|player|p1|jogadorzero|brock|
|player|p2|eriksp|calem-masters|
|gen|9
|tier|[Gen 9] VGC 2025 Reg H (Bo3)
|rule|Species Clause: Limit one of each Pokémon
|rule|Item Clause: Limit 1 of each item
|clearpoke
|poke|p1|Delphox, L50, M|
|poke|p1|Indeedee, L50, M|
|poke|p1|Dragapult, L50, M|
|poke|p1|Sneasler, L50, F|
|poke|p1|Talonflame, L50, M|
|poke|p1|Ninetales-Alola, L50, F|
|poke|p2|Volcarona, L50, M|
|poke|p2|Kingambit, L50, F|
|poke|p2|Dragonite, L50, M|
|poke|p2|Sneasler, L50, M|
|poke|p2|Rillaboom, L50, M|
|poke|p2|Electabuzz, L50, M|
|teampreview|4
|showteam|p1|Delphox||LifeOrb|Blaze|ExpandingForce,HeatWave,TeraBlast,Protect|||M|||50|,,,,,Fighting]Indeedee||FocusSash|PsychicSurge|ExpandingForce,TrickRoom,Imprison,TeraBlast|||M|||50|,,,,,Fighting]Dragapult||ChoiceBand|ClearBody|DragonDarts,TeraBlast,Uturn,PhantomForce|||M|||50|,,,,,Fairy]Sneasler||PsychicSeed|Unburden|DireClaw,CloseCombat,Protect,ThroatChop|||F|||50|,,,,,Dark]Talonflame||CovertCloak|GaleWings|Tailwind,FlareBlitz,BraveBird,Protect|||M|||50|,,,,,Electric]Ninetales-Alola||LightClay|SnowWarning|FreezeDry,AuroraVeil,Moonblast,Protect|||F|||50|,,,,,Ice
|showteam|p2|Volcarona||Leftovers|FlameBody|HeatWave,TeraBlast,QuiverDance,Protect|||M|||50|,,,,,Fairy]Kingambit||BlackGlasses|Defiant|KowtowCleave,SuckerPunch,SwordsDance,Protect|||F|||50|,,,,,Ghost]Dragonite||LoadedDice|Multiscale|ScaleShot,ExtremeSpeed,Haze,Protect|||M|||50|,,,,,Normal]Sneasler||FocusSash|Unburden|CloseCombat,DireClaw,FakeOut,Coaching|||M|||50|,,,,,Stellar]Rillaboom||AssaultVest|GrassySurge|WoodHammer,GrassyGlide,HighHorsepower,FakeOut|||M|||50|,,,,,Fire]Electabuzz||Eviolite|VitalSpirit|Thunderbolt,Taunt,FollowMe,Protect|||M|||50|,,,,,Ghost
|inactive|Battle timer is ON: inactive players will automatically lose when time's up. (requested by jogadorzero)
|inactive|eriksp has 60 seconds left.
|
|t:|1757205925
|teamsize|p1|4
|teamsize|p2|4
|start
|switch|p1a: Talonflame|Talonflame, L50, M|100/100
|switch|p1b: Dragapult|Dragapult, L50, M|100/100
|switch|p2a: Dragonite|Dragonite, L50, M|100/100
|switch|p2b: Electabuzz|Electabuzz, L50, M|100/100
|turn|1
|inactive|jogadorzero has 30 seconds left.
|
|t:|1757205958
|-terastallize|p1b: Dragapult|Fairy
|move|p2b: Electabuzz|Protect|p2b: Electabuzz
|-singleturn|p2b: Electabuzz|Protect
|move|p2a: Dragonite|Protect|p2a: Dragonite
|-singleturn|p2a: Dragonite|Protect
|move|p1a: Talonflame|Tailwind|p1a: Talonflame
|-sidestart|p1: jogadorzero|move: Tailwind
|move|p1b: Dragapult|Dragon Darts|p2a: Dragonite
|-activate|p2b: Electabuzz|move: Protect
|
|upkeep
|turn|2
|
|t:|1757205970
|switch|p1a: Indeedee|Indeedee, L50, M|100/100
|-fieldstart|move: Psychic Terrain|[from] ability: Psychic Surge|[of] p1a: Indeedee
|move|p2b: Electabuzz|Follow Me|p2b: Electabuzz
|-singleturn|p2b: Electabuzz|move: Follow Me
|move|p1b: Dragapult|Dragon Darts|p2b: Electabuzz
|-damage|p2b: Electabuzz|72/100
|-anim|p1b: Dragapult|Dragon Darts|p2b: Electabuzz
|-damage|p2b: Electabuzz|47/100
|move|p2a: Dragonite|Scale Shot|p1a: Indeedee
|-damage|p1a: Indeedee|72/100
|-damage|p1a: Indeedee|42/100
|-damage|p1a: Indeedee|11/100
|-damage|p1a: Indeedee|0 fnt
|faint|p1a: Indeedee
|-hitcount|p1: Indeedee|4
|-unboost|p2a: Dragonite|def|1
|-boost|p2a: Dragonite|spe|1
|
|upkeep
|
|t:|1757205990
|switch|p1a: Sneasler|Sneasler, L50, F|100/100
|-enditem|p1a: Sneasler|Psychic Seed
|-boost|p1a: Sneasler|spd|1|[from] item: Psychic Seed
|turn|3
|inactive|eriksp has 30 seconds left.
|
|t:|1757206017
|move|p2a: Dragonite|Protect|p2a: Dragonite
|-singleturn|p2a: Dragonite|Protect
|move|p2b: Electabuzz|Follow Me|p2b: Electabuzz
|-singleturn|p2b: Electabuzz|move: Follow Me
|move|p1a: Sneasler|Dire Claw|p2b: Electabuzz
|-damage|p2b: Electabuzz|12/100
|move|p1b: Dragapult|Dragon Darts|p2b: Electabuzz
|-damage|p2b: Electabuzz|0 fnt
|faint|p2b: Electabuzz
|
|upkeep
|
|t:|1757206026
|switch|p2b: Rillaboom|Rillaboom, L50, M|100/100
|-fieldstart|move: Grassy Terrain|[from] ability: Grassy Surge|[of] p2b: Rillaboom
|turn|4
|
|t:|1757206045
|-terastallize|p2a: Dragonite|Normal
|move|p1a: Sneasler|Protect|p1a: Sneasler
|-singleturn|p1a: Sneasler|Protect
|move|p2a: Dragonite|Extreme Speed|p1b: Dragapult
|-damage|p1b: Dragapult|30/100
|move|p2b: Rillaboom|Grassy Glide|p1b: Dragapult
|-damage|p1b: Dragapult|0 fnt
|faint|p1b: Dragapult
|
|-sideend|p1: jogadorzero|move: Tailwind
|upkeep
|
|t:|1757206056
|switch|p1b: Talonflame|Talonflame, L50, M|100/100
|turn|5
|inactive|eriksp has 30 seconds left.
|
|t:|1757206085
|move|p2a: Dragonite|Extreme Speed|p1a: Sneasler
|-damage|p1a: Sneasler|21/100
|move|p1b: Talonflame|Brave Bird|p2b: Rillaboom
|-supereffective|p2b: Rillaboom
|-damage|p2b: Rillaboom|25/100
|-damage|p1b: Talonflame|68/100|[from] Recoil
|move|p2b: Rillaboom|Grassy Glide|p1a: Sneasler
|-resisted|p1a: Sneasler
|-damage|p1a: Sneasler|0 fnt
|faint|p1a: Sneasler
|
|-heal|p2b: Rillaboom|31/100|[from] Grassy Terrain
|upkeep
|turn|6
|
|t:|1757206098
|move|p2a: Dragonite|Extreme Speed|p1b: Talonflame
|-damage|p1b: Talonflame|4/100
|move|p1b: Talonflame|Brave Bird|p2a: Dragonite
|-damage|p2a: Dragonite|66/100
|-damage|p1b: Talonflame|0 fnt|[from] Recoil
|faint|p1b: Talonflame
|
|win|eriksp
|c|☆eriksp|ggwp
|c|☆jogadorzero|gg
