|j|☆parmesanlugubre206
|j|☆meikh_neiht
|html|parmesanlugubre206meikh_neiht    
|uhtml|bestof|Game 1 of a best-of-3
|t:|1783183476
|gametype|doubles
|player|p1|parmesanlugubre206|ethan|1203
|player|p2|meikh_neiht|lucas|1342
|gen|9
|tier|[Gen 9 Champions] VGC 2026 Reg M-B (Bo3)
|rated|
|rule|Species Clause: Limit one of each Pokémon
|rule|Item Clause: Limit 1 of each item
|clearpoke
|poke|p1|Raichu, L50, F|
|poke|p1|Mamoswine, L50, F|
|poke|p1|Tsareena, L50, F|
|poke|p1|Primarina, L50, F|
|poke|p1|Aerodactyl, L50, M|
|poke|p1|Typhlosion-Hisui, L50, F|
|poke|p2|Staraptor, L50, F|
|poke|p2|Sinistcha, L50|
|poke|p2|Maushold, L50|
|poke|p2|Kingambit, L50, M|
|poke|p2|Sneasler, L50, M|
|poke|p2|Delphox, L50, F|
|teampreview|4
|showteam|p1|Raichu||RaichuniteY|Static|FocusBlast,ZapCannon,DazzlingGleam,Protect|Timid||F|||50|]Mamoswine||FocusSash|Oblivious|IceShard,RockSlide,HighHorsepower,Protect|Adamant||F|||50|]Tsareena||SitrusBerry|QueenlyMajesty|TropKick,TripleAxel,Protect,LowKick|Adamant||F|||50|]Primarina||LifeOrb|LiquidVoice|HyperVoice,Moonblast,DazzlingGleam,Protect|Modest||F|||50|]Aerodactyl||Aerodactylite|RockHead|IceFang,DualWingbeat,RockSlide,Tailwind|Adamant||M|||50|]Typhlosion-Hisui||ChoiceScarf|Frisk|Eruption,Hex,HeatWave,Overheat|Modest||F|||50|
|showteam|p2|Staraptor||Staraptite|Intimidate|CloseCombat,BraveBird,Roost,Protect|Adamant||F|||50|]Sinistcha||SitrusBerry|Hospitality|RagePowder,MatchaGotcha,StrengthSap,LifeDew|Calm|||||50|]Maushold||ChopleBerry|FriendGuard|Encore,Charm,FollowMe,Protect|Timid|||||50|]Kingambit||OccaBerry|Defiant|KowtowCleave,SuckerPunch,SwordsDance,Protect|Adamant||M|||50|]Sneasler||WhiteHerb|Unburden|DireClaw,Protect,FakeOut,CloseCombat|Jolly||M|||50|]Delphox||Delphoxite|Blaze|HeatWave,Psyshock,NastyPlot,Protect|Timid||F|||50|
|inactive|Battle timer is ON: inactive players will automatically lose when time's up. (requested by parmesanlugubre206)
|inactive|meikh_neiht has 60 seconds left.
|
|t:|1783183510
|teamsize|p1|4
|teamsize|p2|4
|start
|switch|p1a: Typhlosion|Typhlosion-Hisui, L50, F|100/100
|switch|p1b: Aerodactyl|Aerodactyl, L50, M|100/100
|switch|p2a: Delphox|Delphox, L50, F|100/100
|switch|p2b: Maushold|Maushold, L50|100/100
|-item|p2a: Delphox|Delphoxite|[from] ability: Frisk|[of] p1a: Typhlosion
|-item|p2b: Maushold|Chople Berry|[from] ability: Frisk|[of] p1a: Typhlosion
|turn|1
|
|t:|1783183520
|detailschange|p1b: Aerodactyl|Aerodactyl-Mega, L50, M
|-mega|p1b: Aerodactyl|Aerodactyl|Aerodactylite
|detailschange|p2a: Delphox|Delphox-Mega, L50, F
|-mega|p2a: Delphox|Delphox|Delphoxite
|move|p2a: Delphox|Protect|p2a: Delphox
|-singleturn|p2a: Delphox|Protect
|move|p1a: Typhlosion|Eruption|p2b: Maushold|[spread] p2b
|-activate|p2a: Delphox|move: Protect
|-damage|p2b: Maushold|29/100
|move|p1b: Aerodactyl|Rock Slide|p2b: Maushold|[spread] p2b
|-activate|p2a: Delphox|move: Protect
|-damage|p2b: Maushold|0 fnt
|faint|p2b: Maushold
|
|upkeep
|
|t:|1783183533
|switch|p2b: Kingambit|Kingambit, L50, M|100/100
|turn|2
|
|t:|1783183539
|switch|p1b: Tsareena|Tsareena, L50, F|100/100
|move|p2b: Kingambit|Protect|p2b: Kingambit
|-singleturn|p2b: Kingambit|Protect
|move|p1a: Typhlosion|Eruption|p2b: Kingambit|[spread] p2a
|-activate|p2b: Kingambit|move: Protect
|-resisted|p2a: Delphox|1
|-damage|p2a: Delphox|73/100
|move|p2a: Delphox|Nasty Plot|p2a: Delphox
|-boost|p2a: Delphox|spa|2
|
|upkeep
|turn|3
|
|t:|1783183553
|switch|p1b: Primarina|Primarina, L50, F|100/100
|move|p1a: Typhlosion|Eruption|p2a: Delphox|[spread] p2a,p2b
|-resisted|p2a: Delphox|1
|-supereffective|p2b: Kingambit|1
|-enditem|p2b: Kingambit|Occa Berry|[eat]
|-enditem|p2b: Kingambit|Occa Berry|[weaken]
|-damage|p2a: Delphox|47/100
|-damage|p2b: Kingambit|38/100
|move|p2a: Delphox|Heat Wave|p1b: Primarina|[spread] p1a,p1b
|-resisted|p1a: Typhlosion|1
|-resisted|p1b: Primarina|1
|-damage|p1a: Typhlosion|48/100
|-damage|p1b: Primarina|60/100
|move|p2b: Kingambit|Swords Dance|p2b: Kingambit
|-boost|p2b: Kingambit|atk|2
|
|upkeep
|turn|4
|
|t:|1783183573
|switch|p1a: Tsareena|Tsareena, L50, F|100/100
|move|p2b: Kingambit|Protect|p2b: Kingambit
|-singleturn|p2b: Kingambit|Protect
|move|p2a: Delphox|Heat Wave|p1a: Tsareena|[spread] p1a,p1b
|-supereffective|p1a: Tsareena|1
|-resisted|p1b: Primarina|1
|-crit|p1b: Primarina
|-damage|p1a: Tsareena|0 fnt
|-damage|p1b: Primarina|2/100
|faint|p1a: Tsareena
|move|p1b: Primarina|Hyper Voice|p2a: Delphox|[spread] p2a
|-activate|p2b: Kingambit|move: Protect
|-supereffective|p2a: Delphox|1
|-damage|p2a: Delphox|0 fnt
|faint|p2a: Delphox
|-damage|p1b: Primarina|0 fnt|[from] item: Life Orb
|faint|p1b: Primarina
|
|upkeep
|
|t:|1783183581
|switch|p2a: Sneasler|Sneasler, L50, M|100/100
|switch|p1b: Typhlosion|Typhlosion-Hisui, L50, F|48/100
|switch|p1a: Aerodactyl|Aerodactyl-Mega, L50, M|100/100
|-item|p2a: Sneasler|White Herb|[from] ability: Frisk|[of] p1b: Typhlosion
|turn|5
|
|t:|1783183591
|move|p2a: Sneasler|Fake Out|p1a: Aerodactyl
|-resisted|p1a: Aerodactyl|1
|-damage|p1a: Aerodactyl|90/100
|move|p2b: Kingambit|Sucker Punch|p1b: Typhlosion
|-supereffective|p1b: Typhlosion|1
|-damage|p1b: Typhlosion|0 fnt
|faint|p1b: Typhlosion
|cant|p1a: Aerodactyl|flinch
|
|upkeep
|turn|6
|
|t:|1783183599
|move|p1a: Aerodactyl|Rock Slide|p2a: Sneasler|[spread] p2a,p2b
|-resisted|p2a: Sneasler|1
|-resisted|p2b: Kingambit|1
|-damage|p2a: Sneasler|73/100
|-damage|p2b: Kingambit|26/100
|move|p2a: Sneasler|Close Combat|p1a: Aerodactyl
|-damage|p1a: Aerodactyl|14/100
|-unboost|p2a: Sneasler|def|1
|-unboost|p2a: Sneasler|spd|1
|-enditem|p2a: Sneasler|White Herb
|-clearnegativeboost|p2a: Sneasler|[silent]
|move|p2b: Kingambit|Kowtow Cleave|p1a: Aerodactyl
|-damage|p1a: Aerodactyl|0 fnt
|faint|p1a: Aerodactyl
|
|win|meikh_neiht
||parmesanlugubre206 is ready for game 2.
||meikh_neiht is ready for game 2.
|uhtml|next|Next: Game 2 of 3
|l|☆parmesanlugubre206
|player|p1|
