|j|☆akakafalls
|j|☆TheDoomDraogn
|html|akakafallsTheDoomDraogn    
|uhtml|bestof|Game 2 of a best-of-3
|t:|1785223810
|gametype|doubles
|player|p1|akakafalls|2|1158
|player|p2|TheDoomDraogn|gentleman-gen4|1354
|gen|9
|tier|[Gen 9 Champions] VGC 2026 Reg M-B (Bo3)
|rated|
|rule|Species Clause: Limit one of each Pokémon
|rule|Item Clause: Limit 1 of each item
|clearpoke
|poke|p1|Venusaur, L50, M|
|poke|p1|Charizard, L50, M|
|poke|p1|Incineroar, L50, F|
|poke|p1|Garchomp, L50, F|
|poke|p1|Annihilape, L50, F|
|poke|p1|Toxapex, L50, M|
|poke|p2|Staraptor, L50, M|
|poke|p2|Sinistcha, L50|
|poke|p2|Arcanine-Hisui, L50, M|
|poke|p2|Ninetales-Alola, L50, F|
|poke|p2|Glaceon, L50, M|
|poke|p2|Milotic, L50, F|
|teampreview|4
|showteam|p1|Venusaur||LifeOrb|Chlorophyll|Protect,SolarBeam,EarthPower,SludgeBomb|Modest||M|||50|]Charizard||CharizarditeY|Blaze|Protect,HeatWave,WeatherBall,HelpingHand|Modest||M|||50|]Incineroar||SitrusBerry|Intimidate|FakeOut,PartingShot,FlareBlitz,ThroatChop|Impish||F|||50|]Garchomp||ChoiceScarf|RoughSkin|DragonClaw,Earthquake,RockSlide,StompingTantrum|Adamant||F|||50|]Annihilape||FocusSash|Defiant|Protect,PhantomForce,CloseCombat,ThunderPunch|Jolly||F|||50|]Toxapex||Leftovers|Regenerator|BanefulBunker,WideGuard,Toxic,Infestation|Bold||M|||50|
|showteam|p2|Staraptor||Staraptite|Intimidate|CloseCombat,DualWingbeat,Tailwind,Protect|Jolly||M|||50|]Sinistcha||ColburBerry|Hospitality|MatchaGotcha,RagePowder,TrickRoom,StrengthSap|Calm|||||50|]Arcanine-Hisui||FocusSash|RockHead|FlareBlitz,HeadSmash,ExtremeSpeed,Protect|Jolly||M|||50|]Ninetales-Alola||LightClay|SnowWarning|IcyWind,Moonblast,FakeTears,AuroraVeil|Timid||F|||50|]Glaceon||NeverMeltIce|SnowCloak|Blizzard,FreezeDry,Wish,Protect|Modest||M|||50|]Milotic||Leftovers|Competitive|Scald,IcyWind,LifeDew,Protect|Modest||F|||50|
|inactive|Battle timer is ON: inactive players will automatically lose when time's up. (requested by akakafalls)
|inactive|TheDoomDraogn has 60 seconds left.
|inactive|akakafalls has 30 seconds left.
|inactive|akakafalls has 20 seconds left.
|inactive|akakafalls has 15 seconds left.
|
|t:|1785223913
|teamsize|p1|4
|teamsize|p2|4
|start
|switch|p1a: Toxapex|Toxapex, L50, M|100/100
|switch|p1b: Garchomp|Garchomp, L50, F|100/100
|switch|p2a: Milotic|Milotic, L50, F|100/100
|switch|p2b: Arcanine|Arcanine-Hisui, L50, M|100/100
|turn|1
|inactive|akakafalls has 30 seconds left.
|inactive|akakafalls has 20 seconds left.
|inactive|TheDoomDraogn has 30 seconds left.
|
|t:|1785223953
|switch|p2b: Glaceon|Glaceon, L50, M|100/100
|switch|p2a: Ninetales|Ninetales-Alola, L50, F|100/100
|-weather|Snowscape|[from] ability: Snow Warning|[of] p2a: Ninetales
|move|p1b: Garchomp|Rock Slide|p2b: Glaceon|[spread] p2a
|-miss|p1b: Garchomp|p2b: Glaceon
|-supereffective|p2a: Ninetales|1
|-crit|p2a: Ninetales
|-damage|p2a: Ninetales|54/100
|move|p1a: Toxapex|Infestation|p2a: Ninetales
|-resisted|p2a: Ninetales|1
|-damage|p2a: Ninetales|52/100
|-activate|p2a: Ninetales|move: Infestation|[of] p1a: Toxapex
|
|-weather|Snowscape|[upkeep]
|-damage|p2a: Ninetales|40/100|[from] move: Infestation|[partiallytrapped]
|upkeep
|turn|2
|inactive|akakafalls has 30 seconds left.
|inactive|TheDoomDraogn has 30 seconds left.
|inactive|TheDoomDraogn has 20 seconds left.
|inactive|akakafalls has 20 seconds left.
|inactive|akakafalls has 15 seconds left.
|inactive|akakafalls has 10 seconds left.
|inactive|akakafalls has 5 seconds left.
|
|t:|1785224009
|move|p1b: Garchomp|Rock Slide|p2b: Glaceon|[spread] p2a,p2b
|-supereffective|p2a: Ninetales|1
|-supereffective|p2b: Glaceon|1
|-damage|p2a: Ninetales|7/100
|-damage|p2b: Glaceon|73/100
|move|p2a: Ninetales|Aurora Veil|p2a: Ninetales
|-sidestart|p2: TheDoomDraogn|move: Aurora Veil
|move|p2b: Glaceon|Freeze-Dry|p1a: Toxapex
|-supereffective|p1a: Toxapex|1
|-damage|p1a: Toxapex|31/100
|move|p1a: Toxapex|Infestation|p2b: Glaceon
|-damage|p2b: Glaceon|70/100
|-activate|p2b: Glaceon|move: Infestation|[of] p1a: Toxapex
|
|-weather|Snowscape|[upkeep]
|-heal|p1a: Toxapex|36/100|[from] item: Leftovers
|-damage|p2a: Ninetales|0 fnt|[from] move: Infestation|[partiallytrapped]
|faint|p2a: Ninetales
|-damage|p2b: Glaceon|58/100|[from] move: Infestation|[partiallytrapped]
|upkeep
|
|t:|1785224024
|switch|p2a: Milotic|Milotic, L50, F|100/100
|turn|3
|
|t:|1785224049
|move|p1a: Toxapex|Wide Guard|p1a: Toxapex
|-singleturn|p1a: Toxapex|Wide Guard
|move|p1b: Garchomp|Rock Slide|p2a: Milotic|[spread] p2a,p2b
|-supereffective|p2b: Glaceon|1
|-damage|p2a: Milotic|86/100
|-damage|p2b: Glaceon|40/100
|cant|p2a: Milotic|flinch
|move|p2b: Glaceon|Wish|p2b: Glaceon
|
|-weather|Snowscape|[upkeep]
|-heal|p2a: Milotic|92/100|[from] item: Leftovers
|-heal|p1a: Toxapex|42/100|[from] item: Leftovers
|-damage|p2b: Glaceon|28/100|[from] move: Infestation|[partiallytrapped]
|upkeep
|turn|4
|
|t:|1785224074
|move|p1b: Garchomp|Rock Slide|p2a: Milotic|[spread] p2a
|-miss|p1b: Garchomp|p2b: Glaceon
|-damage|p2a: Milotic|78/100
|move|p2a: Milotic|Life Dew|p2a: Milotic|[spread] p2a,p2b
|-heal|p2a: Milotic|100/100
|-heal|p2b: Glaceon|53/100
|move|p2b: Glaceon|Freeze-Dry|p1a: Toxapex
|-supereffective|p1a: Toxapex|1
|-damage|p1a: Toxapex|0 fnt
|faint|p1a: Toxapex
|
|-weather|Snowscape|[upkeep]
|-heal|p2b: Glaceon|100/100|[from] move: Wish|[wisher] Glaceon
|-end|p2b: Glaceon|Infestation|[partiallytrapped]|[silent]
|upkeep
|
|t:|1785224083
|switch|p1a: Charizard|Charizard, L50, M|100/100
|turn|5
|
|t:|1785224107
|detailschange|p1a: Charizard|Charizard-Mega-Y, L50, M
|-mega|p1a: Charizard|Charizard|Charizardite Y
|-weather|SunnyDay|[from] ability: Drought|[of] p1a: Charizard
|move|p1b: Garchomp|Rock Slide|p2b: Glaceon|[spread] p2a,p2b
|-supereffective|p2b: Glaceon|1
|-damage|p2a: Milotic|86/100
|-damage|p2b: Glaceon|75/100
|move|p1a: Charizard|Heat Wave|p2a: Milotic|[spread] p2a
|-miss|p1a: Charizard|p2b: Glaceon
|-resisted|p2a: Milotic|1
|-damage|p2a: Milotic|70/100
|cant|p2a: Milotic|flinch
|move|p2b: Glaceon|Freeze-Dry|p1b: Garchomp
|-supereffective|p1b: Garchomp|2
|-damage|p1b: Garchomp|0 fnt
|faint|p1b: Garchomp
|
|-weather|SunnyDay|[upkeep]
|-heal|p2a: Milotic|76/100|[from] item: Leftovers
|upkeep
|
|t:|1785224119
|switch|p1b: Venusaur|Venusaur, L50, M|100/100
|turn|6
|
|t:|1785224139
|move|p2a: Milotic|Protect|p2a: Milotic
|-singleturn|p2a: Milotic|Protect
|move|p1b: Venusaur|Solar Beam||[still]
|-prepare|p1b: Venusaur|Solar Beam
|-anim|p1b: Venusaur|Solar Beam|p2a: Milotic
|-activate|p2a: Milotic|move: Protect
|move|p1a: Charizard|Heat Wave|p2b: Glaceon|[spread] p2b
|-activate|p2a: Milotic|move: Protect
|-supereffective|p2b: Glaceon|1
|-damage|p2b: Glaceon|0 fnt
|faint|p2b: Glaceon
|
|-weather|SunnyDay|[upkeep]
|-heal|p2a: Milotic|82/100|[from] item: Leftovers
|upkeep
|
|t:|1785224151
|switch|p2b: Arcanine|Arcanine-Hisui, L50, M|100/100
|turn|7
|
|t:|1785224175
|move|p1a: Charizard|Protect|p1a: Charizard
|-singleturn|p1a: Charizard|Protect
|move|p1b: Venusaur|Earth Power|p2b: Arcanine
|-supereffective|p2b: Arcanine|2
|-enditem|p2b: Arcanine|Focus Sash
|-damage|p2b: Arcanine|1/100
|-damage|p1b: Venusaur|90/100|[from] item: Life Orb
|move|p2b: Arcanine|Flare Blitz|p1b: Venusaur
|-supereffective|p1b: Venusaur|1
|-damage|p1b: Venusaur|0 fnt
|faint|p1b: Venusaur
|move|p2a: Milotic|Scald|p1a: Charizard
|-activate|p1a: Charizard|move: Protect
|
|-weather|SunnyDay|[upkeep]
|-heal|p2a: Milotic|88/100|[from] item: Leftovers
|upkeep
|turn|8
|
|t:|1785224195
|move|p2b: Arcanine|Flare Blitz|p1a: Charizard
|-resisted|p1a: Charizard|1
|-damage|p1a: Charizard|58/100
|move|p1a: Charizard|Heat Wave|p2a: Milotic|[spread] p2a,p2b
|-resisted|p2a: Milotic|1
|-resisted|p2b: Arcanine|2
|-damage|p2a: Milotic|74/100
|-damage|p2b: Arcanine|0 fnt
|faint|p2b: Arcanine
|move|p2a: Milotic|Scald|p1a: Charizard
|-supereffective|p1a: Charizard|1
|-damage|p1a: Charizard|27/100
|
|-weather|SunnyDay|[upkeep]
|-heal|p2a: Milotic|80/100|[from] item: Leftovers
|upkeep
|turn|9
|
|t:|1785224204
|move|p1a: Charizard|Weather Ball|p2a: Milotic
|-resisted|p2a: Milotic|1
|-damage|p2a: Milotic|60/100
|move|p2a: Milotic|Scald|p1a: Charizard
|-supereffective|p1a: Charizard|1
|-damage|p1a: Charizard|0 fnt
|faint|p1a: Charizard
|
|win|TheDoomDraogn
|raw|akakafalls's rating: 1158 → 1146(-12 for losing)
|raw|TheDoomDraogn's rating: 1354 → 1364(+10 for winning)
