|j|☆palle synchro
|j|☆plsbringregi
|html|palle synchroplsbringregi    
|uhtml|bestof|Game 2 of a best-of-3
|t:|1785170416
|gametype|doubles
|player|p1|palle synchro|volkner|1444
|player|p2|plsbringregi|102|1484
|gen|9
|tier|[Gen 9 Champions] VGC 2026 Reg M-B (Bo3)
|rated|
|rule|Species Clause: Limit one of each Pokémon
|rule|Item Clause: Limit 1 of each item
|clearpoke
|poke|p1|Charizard, L50, M|
|poke|p1|Glimmora, L50, M|
|poke|p1|Whimsicott, L50, M|
|poke|p1|Ninetales-Alola, L50, F|
|poke|p1|Kingambit, L50, M|
|poke|p1|Kommo-o, L50, M|
|poke|p2|Garchomp, L50, F|
|poke|p2|Gholdengo, L50|
|poke|p2|Sinistcha, L50|
|poke|p2|Incineroar, L50, M|
|poke|p2|Charizard, L50, F|
|poke|p2|Floette-Eternal, L50, F|
|teampreview|4
|showteam|p1|Charizard||CharizarditeY|Blaze|HeatWave,WeatherBall,SolarBeam,Protect|Modest||M|||50|]Glimmora||Glimmoranite|ToxicDebris|SludgeBomb,PowerGem,EarthPower,SpikyShield|Modest||M|||50|]Whimsicott||FocusSash|Prankster|Moonblast,Tailwind,Encore,Protect|Timid||M|||50|]Ninetales-Alola||NeverMeltIce|SnowWarning|Blizzard,FreezeDry,Disable,Protect|Timid||F|||50|]Kingambit||BlackGlasses|Defiant|KowtowCleave,SuckerPunch,IronHead,Protect|Adamant||M|||50|]Kommo-o||LifeOrb|Overcoat|ClangingScales,AuraSphere,VacuumWave,Protect|Modest||M|||50|
|showteam|p2|Garchomp||ChoiceScarf|RoughSkin|RockSlide,DragonClaw,Earthquake,StompingTantrum|Adamant||F|||50|]Gholdengo||FocusSash|GoodasGold|Protect,PowerGem,MakeItRain,ShadowBall|Timid|||||50|]Sinistcha||KasibBerry|Hospitality|MatchaGotcha,RagePowder,TrickRoom,Protect|Bold|||||50|]Incineroar||SitrusBerry|Intimidate|FlareBlitz,ThroatChop,PartingShot,FakeOut|Careful||M|||50|]Charizard||CharizarditeY|Blaze|HeatWave,WeatherBall,SolarBeam,Protect|Modest||F|||50|]Floette-Eternal||Floettite|FlowerVeil|DazzlingGleam,DrainingKiss,CalmMind,Protect|Modest||F|||50|
|inactive|Battle timer is ON: inactive players will automatically lose when time's up. (requested by palle synchro)
|
|t:|1785170435
|teamsize|p1|4
|teamsize|p2|4
|start
|switch|p1a: Charizard|Charizard, L50, M|100/100
|switch|p1b: Whimsicott|Whimsicott, L50, M|100/100
|switch|p2a: Floette|Floette-Eternal, L50, F|100/100
|switch|p2b: Incineroar|Incineroar, L50, M|100/100
|-ability|p2b: Incineroar|Intimidate|boost
|-unboost|p1a: Charizard|atk|1
|-unboost|p1b: Whimsicott|atk|1
|turn|1
|
|t:|1785170450
|detailschange|p2a: Floette|Floette-Mega, L50, F
|-mega|p2a: Floette|Floette|Floettite
|-ability|p2a: Floette|Fairy Aura
|detailschange|p1a: Charizard|Charizard-Mega-Y, L50, M
|-mega|p1a: Charizard|Charizard|Charizardite Y
|-weather|SunnyDay|[from] ability: Drought|[of] p1a: Charizard
|move|p2b: Incineroar|Fake Out|p1a: Charizard
|-damage|p1a: Charizard|87/100
|move|p1b: Whimsicott|Moonblast|p2b: Incineroar
|-damage|p2b: Incineroar|64/100
|move|p2a: Floette|Calm Mind|p2a: Floette
|-boost|p2a: Floette|spa|1
|-boost|p2a: Floette|spd|1
|cant|p1a: Charizard|flinch
|
|-weather|SunnyDay|[upkeep]
|upkeep
|turn|2
|
|t:|1785170469
|move|p2a: Floette|Protect|p2a: Floette
|-singleturn|p2a: Floette|Protect
|move|p1b: Whimsicott|Encore|p2a: Floette
|-activate|p2a: Floette|move: Protect
|move|p1a: Charizard|Weather Ball|p2b: Incineroar
|-resisted|p2b: Incineroar|1
|-damage|p2b: Incineroar|28/100
|-enditem|p2b: Incineroar|Sitrus Berry|[eat]
|-heal|p2b: Incineroar|53/100|[from] item: Sitrus Berry
|move|p2b: Incineroar|Flare Blitz|p1b: Whimsicott
|-supereffective|p1b: Whimsicott|1
|-crit|p1b: Whimsicott
|-enditem|p1b: Whimsicott|Focus Sash
|-damage|p1b: Whimsicott|1/100
|-damage|p2b: Incineroar|31/100|[from] Recoil
|
|-weather|SunnyDay|[upkeep]
|upkeep
|turn|3
|
|t:|1785170490
|switch|p2a: WeCanMakeItBetter|Sinistcha, L50|100/100
|-heal|p2b: Incineroar|55/100|[from] ability: Hospitality|[of] p2a: WeCanMakeItBetter
|move|p1b: Whimsicott|Encore||[still]
|-fail|p1b: Whimsicott
|move|p1a: Charizard|Weather Ball|p2b: Incineroar
|-resisted|p2b: Incineroar|1
|-damage|p2b: Incineroar|22/100
|move|p2b: Incineroar|Flare Blitz|p1b: Whimsicott
|-supereffective|p1b: Whimsicott|1
|-damage|p1b: Whimsicott|0 fnt
|faint|p1b: Whimsicott
|-damage|p2b: Incineroar|21/100|[from] Recoil
|
|-weather|SunnyDay|[upkeep]
|upkeep
|
|t:|1785170502
|switch|p1b: Kingambit|Kingambit, L50, M|100/100
|turn|4
|inactive|plsbringregi has 30 seconds left.
|
|t:|1785170529
|move|p2a: WeCanMakeItBetter|Protect|p2a: WeCanMakeItBetter
|-singleturn|p2a: WeCanMakeItBetter|Protect
|move|p1a: Charizard|Heat Wave|p2a: WeCanMakeItBetter|[spread] p2b
|-activate|p2a: WeCanMakeItBetter|move: Protect
|-resisted|p2b: Incineroar|1
|-damage|p2b: Incineroar|0 fnt
|faint|p2b: Incineroar
|move|p1b: Kingambit|Kowtow Cleave|p2a: WeCanMakeItBetter
|-activate|p2a: WeCanMakeItBetter|move: Protect
|
|-weather|SunnyDay|[upkeep]
|upkeep
|
|t:|1785170538
|switch|p2b: Garchomp|Garchomp, L50, F|100/100
|turn|5
|
|t:|1785170551
|switch|p2a: Floette|Floette-Mega, L50, F|100/100
|-ability|p2a: Floette|Fairy Aura
|move|p1b: Kingambit|Protect|p1b: Kingambit
|-singleturn|p1b: Kingambit|Protect
|move|p2b: Garchomp|Stomping Tantrum|p1b: Kingambit
|-activate|p1b: Kingambit|move: Protect
|move|p1a: Charizard|Heat Wave|p2b: Garchomp|[spread] p2a,p2b
|-resisted|p2b: Garchomp|1
|-damage|p2a: Floette|47/100
|-damage|p2b: Garchomp|62/100
|
|-weather|none
|upkeep
|turn|6
|
|t:|1785170576
|switch|p1b: Ninetales|Ninetales-Alola, L50, F|100/100
|-weather|Snowscape|[from] ability: Snow Warning|[of] p1b: Ninetales
|move|p2b: Garchomp|Stomping Tantrum|p1b: Ninetales
|-damage|p1b: Ninetales|64/100
|move|p2a: Floette|Dazzling Gleam|p1b: Ninetales|[spread] p1a,p1b
|-resisted|p1a: Charizard|1
|-damage|p1a: Charizard|67/100
|-damage|p1b: Ninetales|17/100
|move|p1a: Charizard|Weather Ball|p2b: Garchomp
|-supereffective|p2b: Garchomp|2
|-damage|p2b: Garchomp|0 fnt
|faint|p2b: Garchomp
|
|-weather|Snowscape|[upkeep]
|upkeep
|
|t:|1785170583
|switch|p2b: WeCanMakeItBetter|Sinistcha, L50|100/100
|-heal|p2a: Floette|72/100|[from] ability: Hospitality|[of] p2b: WeCanMakeItBetter
|turn|7
|
|t:|1785170595
|move|p2b: WeCanMakeItBetter|Protect|p2b: WeCanMakeItBetter
|-singleturn|p2b: WeCanMakeItBetter|Protect
|move|p1b: Ninetales|Blizzard|p2b: WeCanMakeItBetter|[spread] p2a
|-activate|p2b: WeCanMakeItBetter|move: Protect
|-damage|p2a: Floette|49/100
|move|p2a: Floette|Calm Mind|p2a: Floette
|-boost|p2a: Floette|spa|1
|-boost|p2a: Floette|spd|1
|move|p1a: Charizard|Heat Wave|p2a: Floette|[spread] p2a
|-activate|p2b: WeCanMakeItBetter|move: Protect
|-damage|p2a: Floette|26/100
|
|-weather|Snowscape|[upkeep]
|upkeep
|turn|8
|
|t:|1785170613
|move|p1b: Ninetales|Blizzard|p2a: Floette|[spread] p2a,p2b
|-supereffective|p2b: WeCanMakeItBetter|1
|-damage|p2a: Floette|11/100
|-damage|p2b: WeCanMakeItBetter|38/100
|move|p2a: Floette|Draining Kiss|p1a: Charizard
|-resisted|p1a: Charizard|1
|-damage|p1a: Charizard|39/100
|-heal|p2a: Floette|33/100|[from] drain|[of] p1a: Charizard
|move|p1a: Charizard|Heat Wave|p2a: Floette|[spread] p2a,p2b
|-supereffective|p2b: WeCanMakeItBetter|1
|-damage|p2a: Floette|10/100
|-damage|p2b: WeCanMakeItBetter|0 fnt
|-status|p2a: Floette|brn
|faint|p2b: WeCanMakeItBetter
|
|-weather|Snowscape|[upkeep]
|-damage|p2a: Floette|4/100 brn|[from] brn
|upkeep
|turn|9
|-message|plsbringregi forfeited.
|
|win|palle synchro
|raw|palle synchro's rating: 1444 → 1466(+22 for winning)
|raw|plsbringregi's rating: 1484 → 1462(-22 for losing)
