|j|‚òÜSincubii
|j|‚òÜShabazXVGC
|html|SincubiiShabazXVGC    
|uhtml|bestof|Game 3 of a best-of-3
|t:|1756906692
|gametype|doubles
|player|p1|Sincubii|palmer|1036
|player|p2|ShabazXVGC|marlon|1108
|gen|9
|tier|[Gen 9] VGC 2025 Reg H (Bo3)
|rated|
|rule|Species Clause: Limit one of each Pok√©mon
|rule|Item Clause: Limit 1 of each item
|clearpoke
|poke|p1|Weavile, L50, M|
|poke|p1|Rillaboom, L50, M|
|poke|p1|Magnezone, L50|
|poke|p1|Dragonite, L50, F|
|poke|p1|Infernape, L50, M|
|poke|p1|Primarina, L50, M|
|poke|p2|Rillaboom, L50, M|
|poke|p2|Incineroar, L50, M|
|poke|p2|Weezing-Galar, L50, M|
|poke|p2|Dragapult, L50, F|
|poke|p2|Kingambit, L50, M|
|poke|p2|Porygon2, L50|
|teampreview|4
|showteam|p1|Weavile||LifeOrb|Pressure|IceSpinner,FakeOut,KnockOff,Protect|||M|||50|,,,,,Ghost]Rillaboom||MiracleSeed|GrassySurge|FakeOut,GrassyGlide,WoodHammer,Protect|||M|||50|,,,,,Grass]Magnezone||AssaultVest|Analytic|VoltSwitch,Electroweb,Thunderbolt,FlashCannon||||||50|,,,,,Grass]Dragonite||LoadedDice|Multiscale|Protect,ScaleShot,Tailwind,Haze|||F|||50|,,,,,Fairy]Infernape||FocusSash|Blaze|HeatWave,AuraSphere,NastyPlot,Protect|||M|||50|,,,,,Fire]Primarina||ThroatSpray|LiquidVoice|HyperVoice,Moonblast,Protect,CalmMind|||M|||50|,,,,,Steel
|showteam|p2|Rillaboom||GrassySeed|GrassySurge|FakeOut,HighHorsepower,GrassyGlide,WoodHammer|||M|||50|,,,,,Fire]Incineroar||AssaultVest|Intimidate|FlareBlitz,KnockOff,Uturn,FakeOut|||M|||50|,,,,,Ghost]Weezing-Galar||SitrusBerry|NeutralizingGas|Protect,PoisonGas,SludgeBomb,DazzlingGleam|||M|||50|,,,,,Water]Dragapult||LifeOrb|ClearBody|DragonDarts,PhantomForce,Uturn,Protect|||F|||50|,,,,,Dragon]Kingambit||SafetyGoggles|Defiant|SuckerPunch,KowtowCleave,Protect,SwordsDance|||M|||50|,,,,,Dragon]Porygon2||Eviolite|Download|TeraBlast,IceBeam,TrickRoom,Recover||||||50|,,,,,Poison
|l|‚òÜSincubii
|player|p1|
|j|‚òÜSincubii
|player|p1|Sincubii|palmer|
|inactive|Battle timer is ON: inactive players will automatically lose when time's up. (requested by ShabazXVGC)
|inactive|Sincubii has 60 seconds left.
|
|t:|1756906791
|teamsize|p1|4
|teamsize|p2|4
|start
|switch|p1a: Janice|Primarina, L50, M|100/100
|switch|p1b: Big Boss|Dragonite, L50, F, shiny|100/100
|switch|p2a: Kaido|Dragapult, L50, F|100/100
|switch|p2b: Ace|Incineroar, L50, M|100/100
|-ability|p2b: Ace|Intimidate|boost
|-unboost|p1a: Janice|atk|1
|-unboost|p1b: Big Boss|atk|1
|turn|1
|inactive|Sincubii has 30 seconds left.
|inactive|ShabazXVGC has 30 seconds left.
|inactive|Sincubii has 20 seconds left.
|inactive|ShabazXVGC has 20 seconds left.
|inactive|Sincubii has 15 seconds left.
|inactive|ShabazXVGC has 15 seconds left.
|inactive|Sincubii has 10 seconds left.
|inactive|ShabazXVGC has 10 seconds left.
|inactive|Sincubii has 5 seconds left.
|inactive|ShabazXVGC has 5 seconds left.
|
|t:|1756906846
|move|p1b: Big Boss|Protect|p1b: Big Boss
|-singleturn|p1b: Big Boss|Protect
|move|p2a: Kaido|U-turn|p1a: Janice
|-resisted|p1a: Janice
|-damage|p1a: Janice|84/100
|-damage|p2a: Kaido|91/100|[from] item: Life Orb
|
|t:|1756906852
|switch|p2a: Caesar|Weezing-Galar, L50, M|100/100|[from] U-turn
|-ability|p2a: Caesar|Neutralizing Gas
|move|p2b: Ace|Knock Off|p1a: Janice
|-resisted|p1a: Janice
|-damage|p1a: Janice|60/100
|-enditem|p1a: Janice|Throat Spray|[from] move: Knock Off|[of] p2b: Ace
|move|p1a: Janice|Hyper Voice|p2a: Caesar|[spread] p2a,p2b
|-damage|p2a: Caesar|71/100
|-damage|p2b: Ace|84/100
|
|upkeep
|turn|2
|l|‚òÜSincubii
|inactive|Sincubii disconnected and has a minute to reconnect!
|player|p1|
|inactive|Sincubii has 30 seconds left.
|inactive|Sincubii has 20 seconds left.
|j|‚òÜSincubii
|inactive|Sincubii reconnected and has 20 seconds left.
|player|p1|Sincubii|palmer|
|inactive|Sincubii has 15 seconds left.
|inactive|Sincubii has 10 seconds left.
|inactive|Sincubii has 5 seconds left.
|
|t:|1756906907
|move|p1b: Big Boss|Protect||[still]
|-fail|p1b: Big Boss
|move|p2b: Ace|Knock Off|p1b: Big Boss
|-damage|p1b: Big Boss|53/100
|-enditem|p1b: Big Boss|Loaded Dice|[from] move: Knock Off|[of] p2b: Ace
|move|p2a: Caesar|Poison Gas|p1b: Big Boss|[spread] 
|-miss|p2a: Caesar|p1a: Janice
|-miss|p2a: Caesar|p1b: Big Boss
|move|p1a: Janice|Hyper Voice|p2b: Ace|[spread] p2a,p2b
|-damage|p2a: Caesar|42/100
|-damage|p2b: Ace|67/100
|-enditem|p2a: Caesar|Sitrus Berry|[eat]
|-heal|p2a: Caesar|66/100|[from] item: Sitrus Berry
|
|upkeep
|turn|3
|inactive|Sincubii has 30 seconds left.
|inactive|Sincubii has 20 seconds left.
|
|t:|1756906944
|move|p2b: Ace|U-turn|p1a: Janice
|-resisted|p1a: Janice
|-damage|p1a: Janice|49/100
|
|t:|1756906949
|switch|p2b: Liberation|Rillaboom, L50, M, shiny|100/100|[from] U-turn
|move|p1b: Big Boss|Scale Shot|p2b: Liberation
|-damage|p2b: Liberation|89/100
|-damage|p2b: Liberation|78/100
|-damage|p2b: Liberation|66/100
|-damage|p2b: Liberation|54/100
|-hitcount|p2b: Liberation|4
|-unboost|p1b: Big Boss|def|1
|-boost|p1b: Big Boss|spe|1
|move|p2a: Caesar|Poison Gas|p1a: Janice|[spread] p1a,p1b
|-status|p1a: Janice|psn
|-status|p1b: Big Boss|psn
|move|p1a: Janice|Hyper Voice|p2a: Caesar|[spread] p2a,p2b
|-damage|p2a: Caesar|37/100
|-damage|p2b: Liberation|28/100
|
|-damage|p1b: Big Boss|41/100 psn|[from] psn
|-damage|p1a: Janice|36/100 psn|[from] psn
|upkeep
|turn|4
|inactive|Sincubii has 30 seconds left.
|
|t:|1756906977
|move|p2b: Liberation|Fake Out|p1b: Big Boss
|-damage|p1b: Big Boss|23/100 psn
|cant|p1b: Big Boss|flinch
|move|p2a: Caesar|Dazzling Gleam|p1a: Janice|[spread] p1a,p1b
|-supereffective|p1b: Big Boss
|-damage|p1a: Janice|19/100 psn
|-damage|p1b: Big Boss|0 fnt
|faint|p1b: Big Boss
|move|p1a: Janice|Hyper Voice|p2a: Caesar|[spread] p2a,p2b
|-damage|p2a: Caesar|10/100
|-damage|p2b: Liberation|2/100
|
|-damage|p1a: Janice|7/100 psn|[from] psn
|upkeep
|
|t:|1756906991
|switch|p1b: Furnace God|Infernape, L50, M|100/100
|turn|5
|
|t:|1756907002
|-end|p2a: Caesar|ability: Neutralizing Gas
|-fieldstart|move: Grassy Terrain|[from] ability: Grassy Surge|[of] p2b: Liberation
|-enditem|p2b: Liberation|Grassy Seed
|-boost|p2b: Liberation|def|1|[from] item: Grassy Seed
|switch|p2a: Ace|Incineroar, L50, M|67/100
|-ability|p2a: Ace|Intimidate|boost
|-unboost|p1a: Janice|atk|1
|-unboost|p1b: Furnace God|atk|1
|-terastallize|p1b: Furnace God|Fire
|move|p2b: Liberation|Grassy Glide|p1a: Janice
|-supereffective|p1a: Janice
|-damage|p1a: Janice|0 fnt
|faint|p1a: Janice
|move|p1b: Furnace God|Heat Wave|p2a: Ace|[spread] p2a,p2b
|-resisted|p2a: Ace
|-supereffective|p2b: Liberation
|-damage|p2a: Ace|51/100
|-damage|p2b: Liberation|0 fnt
|faint|p2b: Liberation
|
|-heal|p2a: Ace|57/100|[from] Grassy Terrain
|upkeep
|
|t:|1756907019
|switch|p2b: Kaido|Dragapult, L50, F|91/100
|switch|p1a: Mr. Electro|Magnezone, L50|100/100
|turn|6
|
|t:|1756907044
|move|p2b: Kaido|Protect|p2b: Kaido
|-singleturn|p2b: Kaido|Protect
|move|p1b: Furnace God|Protect|p1b: Furnace God
|-singleturn|p1b: Furnace God|Protect
|move|p2a: Ace|Flare Blitz|p1a: Mr. Electro
|-supereffective|p1a: Mr. Electro
|-damage|p1a: Mr. Electro|2/100
|-status|p1a: Mr. Electro|brn
|-damage|p2a: Ace|24/100|[from] Recoil
|move|p1a: Mr. Electro|Flash Cannon|p2b: Kaido
|-activate|p2b: Kaido|move: Protect
|
|-heal|p2b: Kaido|97/100|[from] Grassy Terrain
|-heal|p2a: Ace|30/100|[from] Grassy Terrain
|-heal|p1a: Mr. Electro|8/100 brn|[from] Grassy Terrain
|-damage|p1a: Mr. Electro|2/100 brn|[from] brn
|upkeep
|turn|7
|
|t:|1756907063
|switch|p2b: Caesar|Weezing-Galar, L50, M|10/100
|-ability|p2b: Caesar|Neutralizing Gas
|move|p1b: Furnace God|Heat Wave|p2b: Caesar|[spread] p2a,p2b
|-resisted|p2a: Ace
|-damage|p2a: Ace|15/100
|-damage|p2b: Caesar|0 fnt
|faint|p2b: Caesar
|-end|p2b: Caesar|ability: Neutralizing Gas
|-ability|p2a: Ace|Intimidate|boost
|-unboost|p1a: Mr. Electro|atk|1
|-unboost|p1b: Furnace God|atk|1
|move|p2a: Ace|Knock Off|p1b: Furnace God
|-damage|p1b: Furnace God|34/100
|-enditem|p1b: Furnace God|Focus Sash|[from] move: Knock Off|[of] p2a: Ace
|move|p1a: Mr. Electro|Flash Cannon|p2a: Ace
|-resisted|p2a: Ace
|-damage|p2a: Ace|0 fnt
|faint|p2a: Ace
|
|-heal|p1b: Furnace God|40/100|[from] Grassy Terrain
|-heal|p1a: Mr. Electro|8/100 brn|[from] Grassy Terrain
|-damage|p1a: Mr. Electro|2/100 brn|[from] brn
|upkeep
|
|t:|1756907083
|switch|p2b: Kaido|Dragapult, L50, F|97/100
|turn|8
|
|t:|1756907088
|-terastallize|p2b: Kaido|Dragon
|move|p2b: Kaido|Dragon Darts|p1a: Mr. Electro
|-resisted|p1a: Mr. Electro
|-damage|p1a: Mr. Electro|0 fnt
|-anim|p2b: Kaido|Dragon Darts|p1b: Furnace God
|-damage|p1b: Furnace God|0 fnt
|faint|p1a: Mr. Electro
|faint|p1b: Furnace God
|-damage|p2b: Kaido|87/100|[from] item: Life Orb
|
|win|ShabazXVGC
|raw|Sincubii's rating: 1036 → 1024(-12 for losing)
|raw|ShabazXVGC's rating: 1108 → 1128(+20 for winning)
|l|‚òÜSincubii
|player|p1|
|c|‚òÜShabazXVGC|gg
