|j|☆strikermohamud
|j|☆Pescragon 55
|html|strikermohamudPescragon 55    
|uhtml|bestof|Game 3 of a best-of-3
|t:|1757232584
|gametype|doubles
|player|p1|strikermohamud|unknown|1064
|player|p2|Pescragon 55|102|1040
|gen|9
|tier|[Gen 9] VGC 2025 Reg H (Bo3)
|rated|
|rule|Species Clause: Limit one of each Pokémon
|rule|Item Clause: Limit 1 of each item
|clearpoke
|poke|p1|Metagross, L50|
|poke|p1|Alcremie-Ruby-Swirl, L50, F|
|poke|p1|Incineroar, L50, F|
|poke|p1|Farigiraf, L50, M|
|poke|p1|Ursaluna-Bloodmoon, L50, M|
|poke|p1|Amoonguss, L50, F|
|poke|p2|Murkrow, L50, M|
|poke|p2|Gothitelle, L50, M|
|poke|p2|Incineroar, L50, F|
|poke|p2|Torkoal, L50, M|
|poke|p2|Venusaur, L50, F|
|poke|p2|Dragapult, L50, M|
|teampreview|4
|showteam|p1|Metagross||LifeOrb|ClearBody|PsychicFangs,HeavySlam,StompingTantrum,Protect||||||50|,,,,,Water]Alcremie-Ruby-Swirl||CovertCloak|SweetVeil|Decorate,HelpingHand,DazzlingGleam,Protect|||F|||50|,,,,,Fire]Incineroar||SafetyGoggles|Intimidate|FakeOut,KnockOff,FlareBlitz,PartingShot|||F|||50|,,,,,Bug]Farigiraf||ThroatSpray|ArmorTail|HyperVoice,Psychic,TrickRoom,Protect|||M|||50|,,,,,Fairy]Ursaluna-Bloodmoon||AssaultVest|MindsEye|HyperVoice,BloodMoon,EarthPower,VacuumWave|||M|||50|,,,,,Water]Amoonguss||MentalHerb|Regenerator|Spore,RagePowder,ClearSmog,Protect|||F|||50|,,,,,Fairy
|showteam|p2|Murkrow||Eviolite|Prankster|Protect,BraveBird,PerishSong,Tailwind|||M|||50|,,,,,Ground]Gothitelle||Leftovers|ShadowTag|Protect,FakeOut,Psychic,TrickRoom|||M|||50|,,,,,Dark]Incineroar||SafetyGoggles|Intimidate|Protect,FakeOut,FlareBlitz,PartingShot|||F|||50|,,,,,Bug]Torkoal||SitrusBerry|Drought|HeatWave,HelpingHand,EarthPower,Protect|||M|||50|,,,,,Fire]Venusaur||LifeOrb|Chlorophyll|Protect,SludgeBomb,EnergyBall,SleepPowder|||F|||50|,,,,,Dark]Dragapult||FocusSash|ClearBody|PhantomForce,TeraBlast,DragonDarts,Protect|||M|||50|,,,,,Ghost
|inactive|Battle timer is ON: inactive players will automatically lose when time's up. (requested by Pescragon 55)
|
|t:|1757232601
|teamsize|p1|4
|teamsize|p2|4
|start
|switch|p1a: Incineroar|Incineroar, L50, F|100/100
|switch|p1b: Alcremie|Alcremie-Ruby-Swirl, L50, F|100/100
|switch|p2a: Dragapult|Dragapult, L50, M|100/100
|switch|p2b: Incineroar|Incineroar, L50, F|100/100
|-ability|p1a: Incineroar|Intimidate|boost
|-fail|p2a: Dragapult|unboost|[from] ability: Clear Body|[of] p2a: Dragapult
|-unboost|p2b: Incineroar|atk|1
|-ability|p2b: Incineroar|Intimidate|boost
|-unboost|p1a: Incineroar|atk|1
|-unboost|p1b: Alcremie|atk|1
|turn|1
|inactive|Pescragon 55 has 30 seconds left.
|
|t:|1757232630
|-terastallize|p2a: Dragapult|Ghost
|move|p2a: Dragapult|Tera Blast|p1b: Alcremie|[anim] Tera Blast Ghost
|-damage|p1b: Alcremie|44/100
|move|p1a: Incineroar|Knock Off|p2a: Dragapult
|-supereffective|p2a: Dragapult
|-damage|p2a: Dragapult|31/100
|-enditem|p2a: Dragapult|Focus Sash|[from] move: Knock Off|[of] p1a: Incineroar
|move|p1b: Alcremie|Dazzling Gleam|p2a: Dragapult|[spread] p2a,p2b
|-crit|p2b: Incineroar
|-damage|p2a: Dragapult|2/100
|-damage|p2b: Incineroar|73/100
|move|p2b: Incineroar|Flare Blitz|p1b: Alcremie
|-damage|p1b: Alcremie|14/100
|-damage|p2b: Incineroar|65/100|[from] Recoil
|
|upkeep
|turn|2
|inactive|strikermohamud has 30 seconds left.
|
|t:|1757232659
|switch|p2a: Murkrow|Murkrow, L50, M|100/100
|move|p1b: Alcremie|Protect|p1b: Alcremie
|-singleturn|p1b: Alcremie|Protect
|move|p1a: Incineroar|Flare Blitz|p2a: Murkrow
|-damage|p2a: Murkrow|66/100
|-damage|p1a: Incineroar|91/100|[from] Recoil
|move|p2b: Incineroar|Flare Blitz|p1b: Alcremie
|-activate|p1b: Alcremie|move: Protect
|
|upkeep
|turn|3
|
|t:|1757232676
|switch|p1a: Ursaluna|Ursaluna-Bloodmoon, L50, M|100/100
|move|p2a: Murkrow|Protect|p2a: Murkrow
|-singleturn|p2a: Murkrow|Protect
|move|p1b: Alcremie|Decorate|p1a: Ursaluna
|-boost|p1a: Ursaluna|atk|2
|-boost|p1a: Ursaluna|spa|2
|move|p2b: Incineroar|Flare Blitz|p1b: Alcremie
|-damage|p1b: Alcremie|0 fnt
|faint|p1b: Alcremie
|-damage|p2b: Incineroar|61/100|[from] Recoil
|
|upkeep
|
|t:|1757232686
|switch|p1b: Incineroar|Incineroar, L50, F|91/100
|-ability|p1b: Incineroar|Intimidate|boost
|-unboost|p2a: Murkrow|atk|1
|-unboost|p2b: Incineroar|atk|1
|turn|4
|
|t:|1757232701
|move|p1b: Incineroar|Fake Out|p2a: Murkrow
|-crit|p2a: Murkrow
|-damage|p2a: Murkrow|50/100
|cant|p2a: Murkrow|flinch
|move|p2b: Incineroar|Parting Shot|p1a: Ursaluna
|-unboost|p1a: Ursaluna|atk|1
|-unboost|p1a: Ursaluna|spa|1
|
|t:|1757232710
|switch|p2b: Gothitelle|Gothitelle, L50, M|100/100|[from] Parting Shot
|move|p1a: Ursaluna|Hyper Voice|p2b: Gothitelle|[spread] p2a,p2b
|-damage|p2a: Murkrow|0 fnt
|-damage|p2b: Gothitelle|48/100
|faint|p2a: Murkrow
|
|-heal|p2b: Gothitelle|54/100|[from] item: Leftovers
|upkeep
|
|t:|1757232716
|switch|p2a: Dragapult|Dragapult, L50, M, tera:Ghost|2/100
|turn|5
|
|t:|1757232730
|move|p2b: Gothitelle|Fake Out|p1a: Ursaluna
|-damage|p1a: Ursaluna|96/100
|move|p2a: Dragapult|Dragon Darts|p1a: Ursaluna
|-damage|p1a: Ursaluna|76/100
|-anim|p2a: Dragapult|Dragon Darts|p1b: Incineroar
|-damage|p1b: Incineroar|66/100
|move|p1b: Incineroar|Knock Off|p2b: Gothitelle
|-supereffective|p2b: Gothitelle
|-damage|p2b: Gothitelle|0 fnt
|-enditem|p2b: Gothitelle|Leftovers|[from] move: Knock Off|[of] p1b: Incineroar
|faint|p2b: Gothitelle
|cant|p1a: Ursaluna|flinch
|
|upkeep
|
|t:|1757232743
|switch|p2b: Incineroar|Incineroar, L50, F|61/100
|-ability|p2b: Incineroar|Intimidate|boost
|-unboost|p1a: Ursaluna|atk|1
|-unboost|p1b: Incineroar|atk|1
|turn|6
|
|t:|1757232750
|move|p2b: Incineroar|Fake Out|p1a: Ursaluna
|-damage|p1a: Ursaluna|67/100
|cant|p1a: Ursaluna|flinch
|move|p2a: Dragapult|Dragon Darts|p1a: Ursaluna
|-damage|p1a: Ursaluna|47/100
|-anim|p2a: Dragapult|Dragon Darts|p1b: Incineroar
|-damage|p1b: Incineroar|42/100
|move|p1b: Incineroar|Knock Off|p2a: Dragapult
|-supereffective|p2a: Dragapult
|-damage|p2a: Dragapult|0 fnt
|faint|p2a: Dragapult
|
|upkeep
|turn|7
|-message|Pescragon 55 forfeited.
|raw|strikermohamud's rating: 1064 → 1092(+28 for winning)
|raw|Pescragon 55's rating: 1040 → 1025(-15 for losing)
|
|win|strikermohamud
