|j|☆Pop0_PP
|j|☆ToastedArt
|html|Pop0_PPToastedArt    
|uhtml|bestof|Game 1 of a best-of-3
|t:|1785968536
|gametype|doubles
|player|p1|Pop0_PP|265|1088
|player|p2|ToastedArt|iris|1054
|gen|9
|tier|[Gen 9 Champions] VGC 2026 Reg M-B (Bo3)
|rated|
|rule|Species Clause: Limit one of each Pokémon
|rule|Item Clause: Limit 1 of each item
|clearpoke
|poke|p1|Primarina, L50, F|
|poke|p1|Lucario, L50, M|
|poke|p1|Zoroark-Hisui, L50, F|
|poke|p1|Clefable, L50, M|
|poke|p1|Floette-Eternal, L50, F|
|poke|p1|Whimsicott, L50, F|
|poke|p2|Staraptor, L50, F|
|poke|p2|Whimsicott, L50, F|
|poke|p2|Gholdengo, L50|
|poke|p2|Sinistcha, L50|
|poke|p2|Arcanine-Hisui, L50, M|
|poke|p2|Zoroark-Hisui, L50, M|
|teampreview|4
|showteam|p1|Primarina||Leftovers|LiquidVoice|HyperVoice,Moonblast,CalmMind,Protect|Modest||F|||50|]Lucario||Lucarionite|InnerFocus|BulletPunch,CloseCombat,MeteorMash,Protect|Jolly||M|||50|]Zoroark-Hisui||FocusSash|Illusion|IcyWind,BitterMalice,Protect,HyperBeam|Timid||F|||50|]Clefable||SitrusBerry|Unaware|FollowMe,Moonblast,Protect,HelpingHand|Calm||M|||50|]Floette-Eternal||Floettite|Symbiosis|CalmMind,DazzlingGleam,Protect,Moonblast|Timid||F|||50|]Whimsicott||FairyFeather|Prankster|Tailwind,Protect,Moonblast,Encore|Bold||F|||50|
|showteam|p2|Staraptor||Staraptite|Intimidate|CloseCombat,BraveBird,Roost,Protect|Jolly||F|||50|]Whimsicott||OccaBerry|Prankster|Encore,Tailwind,Charm,Moonblast|Timid||F|||50|]Gholdengo||LifeOrb|GoodasGold|MakeItRain,ShadowBall,NastyPlot,Protect|Modest|||||50|]Sinistcha||ColburBerry|Hospitality|MatchaGotcha,RagePowder,TrickRoom,Protect|Relaxed|||||50|]Arcanine-Hisui||FocusSash|RockHead|FlareBlitz,HeadSmash,ExtremeSpeed,Protect|Jolly||M|||50|]Zoroark-Hisui||SpellTag|Illusion|ShadowBall,IcyWind,WillOWisp,FakeTears|Timid||M|||50|
|inactive|Battle timer is ON: inactive players will automatically lose when time's up. (requested by ToastedArt)
|
|t:|1785968567
|teamsize|p1|4
|teamsize|p2|4
|start
|switch|p1a: Lucario|Lucario, L50, M|100/100
|switch|p1b: Clefable|Clefable, L50, M|100/100
|switch|p2a: Gholdengo|Gholdengo, L50|100/100
|switch|p2b: Whimsicott|Whimsicott, L50, F|100/100
|turn|1
|inactive|Pop0_PP has 30 seconds left.
|inactive|Pop0_PP has 20 seconds left.
|inactive|Pop0_PP has 15 seconds left.
|inactive|Pop0_PP has 10 seconds left.
|
|t:|1785968614
|move|p2a: Gholdengo|Protect|p2a: Gholdengo
|-singleturn|p2a: Gholdengo|Protect
|move|p1b: Clefable|Protect|p1b: Clefable
|-singleturn|p1b: Clefable|Protect
|move|p2b: Whimsicott|Tailwind|p2b: Whimsicott
|-sidestart|p2: ToastedArt|move: Tailwind
|move|p1a: Lucario|Icy Wind|p2a: Gholdengo|[spread] p2b
|-activate|p2a: Gholdengo|move: Protect
|-supereffective|p2b: Whimsicott|1
|-damage|p2b: Whimsicott|61/100
|-unboost|p2b: Whimsicott|spe|1
|
|upkeep
|turn|2
|
|t:|1785968630
|switch|p2a: Staraptor|Staraptor, L50, F|100/100
|-ability|p2a: Staraptor|Intimidate|boost
|-unboost|p1a: Lucario|atk|1
|-unboost|p1b: Clefable|atk|1
|move|p2b: Whimsicott|Encore|p1b: Clefable
|-start|p1b: Clefable|Encore
|move|p1b: Clefable|Protect||[still]
|-fail|p1b: Clefable
|move|p1a: Lucario|Icy Wind|p2b: Whimsicott|[spread] p2a,p2b
|-supereffective|p2a: Staraptor|1
|-supereffective|p2b: Whimsicott|1
|-damage|p2a: Staraptor|57/100
|-damage|p2b: Whimsicott|22/100
|-unboost|p2a: Staraptor|spe|1
|-unboost|p2b: Whimsicott|spe|1
|
|upkeep
|turn|3
|inactive|Pop0_PP has 30 seconds left.
|inactive|ToastedArt has 30 seconds left.
|inactive|Pop0_PP has 20 seconds left.
|inactive|Pop0_PP has 15 seconds left.
|
|t:|1785968674
|detailschange|p2a: Staraptor|Staraptor-Mega, L50, F
|-mega|p2a: Staraptor|Staraptor|Staraptite
|move|p1b: Clefable|Protect|p1b: Clefable
|-singleturn|p1b: Clefable|Protect
|move|p2b: Whimsicott|Encore|p1a: Lucario
|-start|p1a: Lucario|Encore
|move|p2a: Staraptor|Roost|p2a: Staraptor
|-heal|p2a: Staraptor|100/100
|-singleturn|p2a: Staraptor|move: Roost
|move|p1a: Lucario|Icy Wind|p2a: Staraptor|[spread] p2a,p2b
|-supereffective|p2b: Whimsicott|1
|-damage|p2a: Staraptor|85/100
|-damage|p2b: Whimsicott|0 fnt
|-boost|p2a: Staraptor|spe|1
|faint|p2b: Whimsicott
|
|upkeep
|
|t:|1785968682
|switch|p2b: Gholdengo|Gholdengo, L50|100/100
|turn|4
|
|t:|1785968690
|switch|p1a: Primarina|Primarina, L50, F|100/100
|move|p1b: Clefable|Protect||[still]
|-fail|p1b: Clefable
|move|p2a: Staraptor|Close Combat|p1b: Clefable
|-resisted|p1b: Clefable|1
|-damage|p1b: Clefable|66/100
|-boost|p2a: Staraptor|def|1
|-boost|p2a: Staraptor|spd|1
|move|p2b: Gholdengo|Nasty Plot|p2b: Gholdengo
|-boost|p2b: Gholdengo|spa|2
|
|-end|p1b: Clefable|Encore
|-sideend|p2: ToastedArt|move: Tailwind
|upkeep
|turn|5
|
|t:|1785968704
|move|p1b: Clefable|Helping Hand|p1a: Primarina
|-singleturn|p1a: Primarina|Helping Hand|[of] p1b: Clefable
|move|p2a: Staraptor|Close Combat|p1b: Clefable
|-resisted|p1b: Clefable|1
|-damage|p1b: Clefable|35/100
|-boost|p2a: Staraptor|def|1
|-boost|p2a: Staraptor|spd|1
|-enditem|p1b: Clefable|Sitrus Berry|[eat]
|-heal|p1b: Clefable|59/100|[from] item: Sitrus Berry
|move|p2b: Gholdengo|Make It Rain|p1b: Clefable|[spread] p1a,p1b
|-supereffective|p1b: Clefable|1
|-damage|p1a: Primarina|0 fnt
|-damage|p1b: Clefable|0 fnt
|-unboost|p2b: Gholdengo|spa|2
|faint|p1a: Primarina
|faint|p1b: Clefable
|-damage|p2b: Gholdengo|90/100|[from] item: Life Orb
|
|upkeep
|
|t:|1785968714
|switch|p1a: Lucario|Lucario, L50, M|100/100
|switch|p1b: Zoroark|Zoroark-Hisui, L50, F|100/100
|turn|6
|
|t:|1785968737
|detailschange|p1a: Lucario|Lucario-Mega, L50, M
|-mega|p1a: Lucario|Lucario|Lucarionite
|move|p1a: Lucario|Meteor Mash|p2a: Staraptor
|-damage|p2a: Staraptor|51/100
|move|p1b: Zoroark|Hyper Beam|p2a: Staraptor
|-damage|p2a: Staraptor|10/100
|-mustrecharge|p1b: Zoroark
|move|p2a: Staraptor|Brave Bird|p1a: Lucario
|-damage|p1a: Lucario|18/100
|-damage|p2a: Staraptor|0 fnt|[from] Recoil
|faint|p2a: Staraptor
|move|p2b: Gholdengo|Make It Rain|p1a: Lucario|[spread] p1a,p1b
|-resisted|p1a: Lucario|1
|-damage|p1a: Lucario|0 fnt
|-enditem|p1b: Zoroark|Focus Sash
|-damage|p1b: Zoroark|1/100
|-unboost|p2b: Gholdengo|spa|2
|faint|p1a: Lucario
|-damage|p2b: Gholdengo|81/100|[from] item: Life Orb
|
|upkeep
|
|t:|1785968740
|switch|p2a: Pickle Cup|Sinistcha, L50|100/100
|-heal|p2b: Gholdengo|100/100|[from] ability: Hospitality|[of] p2a: Pickle Cup
|turn|7
|
|t:|1785968746
|cant|p1b: Zoroark|recharge
|move|p2b: Gholdengo|Make It Rain|p1b: Zoroark
|-damage|p1b: Zoroark|0 fnt
|-unboost|p2b: Gholdengo|spa|2
|faint|p1b: Zoroark
|-damage|p2b: Gholdengo|90/100|[from] item: Life Orb
|
|win|ToastedArt
