|j|☆Theelvisboy1
|j|☆ghjk09
|html|Theelvisboy1ghjk09    
|uhtml|bestof|Game 1 of a best-of-3
|t:|1785717699
|gametype|doubles
|player|p1|Theelvisboy1|cynthia|1000
|player|p2|ghjk09|hilbert|1034
|gen|9
|tier|[Gen 9 Champions] VGC 2026 Reg M-B (Bo3)
|rated|
|rule|Species Clause: Limit one of each Pokémon
|rule|Item Clause: Limit 1 of each item
|clearpoke
|poke|p1|Tsareena, L50, F, shiny|
|poke|p1|Mimikyu, L50, F, shiny|
|poke|p1|Kleavor, L50, M|
|poke|p1|Raichu-Alola, L50, F, shiny|
|poke|p1|Ampharos, L50, F, shiny|
|poke|p1|Sceptile, L50, M, shiny|
|poke|p2|Talonflame, L50, M, shiny|
|poke|p2|Garchomp, L50, M, shiny|
|poke|p2|Sneasler, L50, M|
|poke|p2|Floette-Eternal, L50, F|
|poke|p2|Metagross, L50, shiny|
|poke|p2|Rotom-Wash, L50|
|teampreview|4
|showteam|p1|Tsareena|||QueenlyMajesty|TripleAxel,Acrobatics,TropKick,HighJumpKick|Adamant||F|||50|]Mimikyu||LifeOrb|Disguise|TrickRoom,Taunt,WillOWisp,PlayRough|Adamant||F|||50|]Kleavor||ChoiceScarf|Sharpness|XScissor,StoneAxe,RockSlide,CloseCombat|Adamant||M|||50|]Raichu-Alola||ExpertBelt|SurgeSurfer|Surf,Thunderbolt,GrassKnot,Psychic|Modest||F|||50|]Ampharos||Leftovers|Plus|ParabolicCharge,MagneticFlux,DragonCheer,Protect|Quiet||F|||50|]Sceptile||Sceptilite|Overgrow|DragonPulse,EarthPower,LeafStorm,GigaDrain|Timid||M|||50|
|showteam|p2|Talonflame||SharpBeak|GaleWings|BraveBird,FlareBlitz,Protect,Tailwind|Adamant||M|||50|]Garchomp||LifeOrb|RoughSkin|DragonClaw,Earthquake,RockSlide,Protect|Jolly||M|||50|]Sneasler||WhiteHerb|Unburden|CloseCombat,DireClaw,Coaching,Protect|Adamant||M|||50|]Floette-Eternal||Floettite|FlowerVeil|LightofRuin,Moonblast,Protect,DazzlingGleam|Modest||F|||50|]Metagross||Metagrossite|ClearBody|PsychicFangs,BulletPunch,Earthquake,IcePunch|Jolly|||||50|]Rotom-Wash||Leftovers|Levitate|Thunderbolt,WillOWisp,HydroPump,HelpingHand|Calm|||||50|
|inactive|Battle timer is ON: inactive players will automatically lose when time's up. (requested by Theelvisboy1)
|
|t:|1785717741
|teamsize|p1|4
|teamsize|p2|4
|start
|switch|p1a: Tsareena|Tsareena, L50, F, shiny|100/100
|switch|p1b: Kleavor|Kleavor, L50, M|100/100
|switch|p2a: Talonflame|Talonflame, L50, M, shiny|100/100
|switch|p2b: Garchomp|Garchomp, L50, M, shiny|100/100
|turn|1
|inactive|ghjk09 has 30 seconds left.
|
|t:|1785717771
|move|p2a: Talonflame|Protect|p2a: Talonflame
|-singleturn|p2a: Talonflame|Protect
|move|p1b: Kleavor|Stone Axe|p2a: Talonflame
|-activate|p2a: Talonflame|move: Protect
|move|p2b: Garchomp|Rock Slide|p1a: Tsareena|[spread] p1b
|-miss|p2b: Garchomp|p1a: Tsareena
|-supereffective|p1b: Kleavor|1
|-damage|p1b: Kleavor|35/100
|-damage|p2b: Garchomp|90/100|[from] item: Life Orb
|move|p1a: Tsareena|Triple Axel|p2b: Garchomp
|-supereffective|p2b: Garchomp|2
|-damage|p2b: Garchomp|60/100
|-damage|p1a: Tsareena|87/100|[from] ability: Rough Skin|[of] p2b: Garchomp
|-supereffective|p2b: Garchomp|2
|-damage|p2b: Garchomp|0 fnt
|-damage|p1a: Tsareena|75/100|[from] ability: Rough Skin|[of] p2b: Garchomp
|faint|p2b: Garchomp
|-hitcount|p2: Garchomp|2
|
|upkeep
|inactive|ghjk09 has 30 seconds left.
|
|t:|1785717799
|switch|p2b: Sneasler|Sneasler, L50, M|100/100
|turn|2
|
|t:|1785717820
|move|p2a: Talonflame|Tailwind|p2a: Talonflame
|-sidestart|p2: ghjk09|move: Tailwind
|move|p2b: Sneasler|Close Combat|p1b: Kleavor
|-damage|p1b: Kleavor|0 fnt
|-unboost|p2b: Sneasler|def|1
|-unboost|p2b: Sneasler|spd|1
|faint|p1b: Kleavor
|-enditem|p2b: Sneasler|White Herb
|-clearnegativeboost|p2b: Sneasler|[silent]
|move|p1a: Tsareena|Acrobatics|p2b: Sneasler
|-supereffective|p2b: Sneasler|1
|-damage|p2b: Sneasler|0 fnt
|faint|p2b: Sneasler
|
|upkeep
|
|t:|1785717837
|switch|p2b: Floette|Floette-Eternal, L50, F|100/100
|switch|p1b: Mimikyu|Mimikyu, L50, F, shiny|100/100
|turn|3
|
|t:|1785717855
|detailschange|p2b: Floette|Floette-Mega, L50, F
|-mega|p2b: Floette|Floette|Floettite
|-ability|p2b: Floette|Fairy Aura
|move|p2a: Talonflame|Brave Bird||[still]
|cant|p1a: Tsareena|ability: Queenly Majesty|Brave Bird|[of] p2a: Talonflame
|move|p2b: Floette|Dazzling Gleam|p1b: Mimikyu|[spread] p1a,p1b
|-damage|p1a: Tsareena|30/100
|-activate|p1b: Mimikyu|ability: Disguise
|-damage|p1b: Mimikyu|100/100
|detailschange|p1b: Mimikyu|Mimikyu-Busted, L50, F, shiny
|-damage|p1b: Mimikyu|87/100|[from] pokemon: Mimikyu-Busted
|move|p1b: Mimikyu|Taunt|p2b: Floette
|-start|p2b: Floette|move: Taunt
|move|p1a: Tsareena|Trop Kick|p2b: Floette
|-damage|p2b: Floette|45/100
|-unboost|p2b: Floette|atk|1
|
|upkeep
|turn|4
|
|t:|1785717880
|move|p2a: Talonflame|Flare Blitz|p1a: Tsareena
|-supereffective|p1a: Tsareena|1
|-crit|p1a: Tsareena
|-damage|p1a: Tsareena|0 fnt
|faint|p1a: Tsareena
|-damage|p2a: Talonflame|88/100|[from] Recoil
|move|p2b: Floette|Moonblast|p1b: Mimikyu
|-crit|p1b: Mimikyu
|-damage|p1b: Mimikyu|0 fnt
|faint|p1b: Mimikyu
|
|upkeep
|
|t:|1785717888
|switch|p1b: Sceptile|Sceptile, L50, M, shiny|100/100
|turn|5
|
|t:|1785717908
|detailschange|p1b: Sceptile|Sceptile-Mega, L50, M, shiny
|-mega|p1b: Sceptile|Sceptile|Sceptilite
|move|p2a: Talonflame|Brave Bird|p1b: Sceptile
|-supereffective|p1b: Sceptile|1
|-damage|p1b: Sceptile|0 fnt
|faint|p1b: Sceptile
|-damage|p2a: Talonflame|57/100|[from] Recoil
|
|win|ghjk09
||Theelvisboy1 is ready for game 2.
