|j|☆balance bro
|j|☆eldannyboy510
|html|balance broeldannyboy510    
|uhtml|bestof|Game 2 of a best-of-3
|t:|1756850018
|gametype|doubles
|player|p1|balance bro|buck|1098
|player|p2|eldannyboy510|red|1054
|gen|9
|tier|[Gen 9] VGC 2025 Reg H (Bo3)
|rated|
|rule|Species Clause: Limit one of each Pokémon
|rule|Item Clause: Limit 1 of each item
|clearpoke
|poke|p1|Porygon2, L50|
|poke|p1|Hydreigon, L50, M|
|poke|p1|Incineroar, L50, M|
|poke|p1|Garchomp, L50, F|
|poke|p1|Amoonguss, L50, F|
|poke|p1|Gholdengo, L50|
|poke|p2|Vivillon-Pokeball, L50, M|
|poke|p2|Gholdengo, L50|
|poke|p2|Garchomp, L50, M|
|poke|p2|Talonflame, L50, M|
|poke|p2|Ninetales-Alola, L50, F|
|poke|p2|Annihilape, L50, M|
|teampreview|4
|showteam|p1|Porygon2||Eviolite|Download|TeraBlast,IceBeam,TrickRoom,Recover||||||50|,,,,,Fighting]Hydreigon||SafetyGoggles|Levitate|Snarl,DracoMeteor,Tailwind,Protect|||M|||50|,,,,,Ghost]Incineroar||SitrusBerry|Intimidate|FlareBlitz,KnockOff,PartingShot,FakeOut|||M|||50|,,,,,Grass]Garchomp||LoadedDice|RoughSkin|ScaleShot,Earthquake,StompingTantrum,Protect|||F|||50|,,,,,Fire]Amoonguss||CovertCloak|Regenerator|PollenPuff,Spore,RagePowder,Protect|||F|||50|,,,,,Fire]Gholdengo||MetalCoat|GoodasGold|MakeItRain,ShadowBall,NastyPlot,Protect||||||50|,,,,,Flying
|showteam|p2|Vivillon-Pokeball||FocusSash|CompoundEyes|RagePowder,SleepPowder,Hurricane,Protect|||M|||50|,,,,,Ghost]Gholdengo||IronPlate|GoodasGold|MakeItRain,NastyPlot,ShadowBall,Protect||||||50|,,,,,Steel]Garchomp||LifeOrb|RoughSkin|Earthquake,DragonClaw,StompingTantrum,Protect|||M|||50|,,,,,Steel]Talonflame||SharpBeak|GaleWings|DualWingbeat,Tailwind,WillOWisp,Protect|||M|||50|,,,,,Ghost]Ninetales-Alola||CovertCloak|SnowWarning|FreezeDry,Blizzard,AuroraVeil,Protect|||F|||50|,,,,,Ice]Annihilape||SafetyGoggles|Defiant|RageFist,DrainPunch,BulkUp,Protect|||M|||50|,,,,,Water
|
|t:|1756850062
|teamsize|p1|4
|teamsize|p2|4
|start
|switch|p1a: Porygon2|Porygon2, L50, shiny|100/100
|switch|p1b: Amoonguss|Amoonguss, L50, F, shiny|100/100
|switch|p2a: Megalodon|Garchomp, L50, M|100/100
|switch|p2b: Vivi|Vivillon-Pokeball, L50, M|100/100
|-ability|p1a: Porygon2|Download|boost
|-boost|p1a: Porygon2|spa|1
|turn|1
|
|t:|1756850102
|move|p2a: Megalodon|Protect|p2a: Megalodon
|-singleturn|p2a: Megalodon|Protect
|move|p2b: Vivi|Sleep Powder|p1a: Porygon2|[miss]
|-miss|p2b: Vivi|p1a: Porygon2
|move|p1b: Amoonguss|Spore|p2b: Vivi
|-status|p2b: Vivi|slp|[from] move: Spore
|move|p1a: Porygon2|Trick Room|p1a: Porygon2
|-fieldstart|move: Trick Room|[of] p1a: Porygon2
|
|upkeep
|turn|2
|
|t:|1756850130
|switch|p1b: Incineroar|Incineroar, L50, M, shiny|100/100
|-ability|p1b: Incineroar|Intimidate|boost
|-unboost|p2a: Megalodon|atk|1
|-unboost|p2b: Vivi|atk|1
|switch|p2a: Akuma|Annihilape, L50, M|100/100
|cant|p2b: Vivi|slp
|move|p1a: Porygon2|Ice Beam|p2a: Akuma
|-damage|p2a: Akuma|64/100
|
|upkeep
|turn|3
|
|t:|1756850159
|-curestatus|p2b: Vivi|slp|[msg]
|move|p2b: Vivi|Rage Powder|p2b: Vivi
|-singleturn|p2b: Vivi|move: Rage Powder
|move|p1a: Porygon2|Ice Beam|p2b: Vivi
|-supereffective|p2b: Vivi
|-enditem|p2b: Vivi|Focus Sash
|-damage|p2b: Vivi|1/100
|move|p1b: Incineroar|Knock Off|p2b: Vivi
|-damage|p2b: Vivi|0 fnt
|faint|p2b: Vivi
|move|p2a: Akuma|Drain Punch|p1a: Porygon2
|-supereffective|p1a: Porygon2
|-damage|p1a: Porygon2|62/100
|-heal|p2a: Akuma|81/100|[from] drain|[of] p1a: Porygon2
|
|upkeep
|
|t:|1756850180
|switch|p2b: Megalodon|Garchomp, L50, M|100/100
|turn|4
|
|t:|1756850194
|switch|p1a: Amoonguss|Amoonguss, L50, F, shiny|100/100
|-terastallize|p2b: Megalodon|Steel
|move|p2a: Akuma|Protect|p2a: Akuma
|-singleturn|p2a: Akuma|Protect
|move|p1b: Incineroar|Knock Off|p2a: Akuma
|-activate|p2a: Akuma|move: Protect
|move|p2b: Megalodon|Earthquake|p1b: Incineroar|[spread] p1a,p1b
|-activate|p2a: Akuma|move: Protect
|-supereffective|p1b: Incineroar
|-damage|p1a: Amoonguss|57/100
|-damage|p1b: Incineroar|1/100
|-enditem|p1b: Incineroar|Sitrus Berry|[eat]
|-heal|p1b: Incineroar|26/100|[from] item: Sitrus Berry
|-damage|p2b: Megalodon|91/100|[from] item: Life Orb
|
|upkeep
|turn|5
|
|t:|1756850230
|switch|p1b: Porygon2|Porygon2, L50, shiny|62/100
|-ability|p1b: Porygon2|Download|boost
|-boost|p1b: Porygon2|spa|1
|move|p2b: Megalodon|Protect|p2b: Megalodon
|-singleturn|p2b: Megalodon|Protect
|move|p1a: Amoonguss|Pollen Puff|p1b: Porygon2
|-heal|p1b: Porygon2|100/100
|move|p2a: Akuma|Drain Punch|p1b: Porygon2
|-supereffective|p1b: Porygon2
|-damage|p1b: Porygon2|62/100
|-heal|p2a: Akuma|98/100|[from] drain|[of] p1b: Porygon2
|
|-fieldend|move: Trick Room
|upkeep
|turn|6
|
|t:|1756850270
|move|p1a: Amoonguss|Rage Powder|p1a: Amoonguss
|-singleturn|p1a: Amoonguss|move: Rage Powder
|move|p2b: Megalodon|Dragon Claw|p1a: Amoonguss
|-damage|p1a: Amoonguss|6/100
|-damage|p2b: Megalodon|81/100|[from] item: Life Orb
|move|p2a: Akuma|Drain Punch|p1b: Porygon2
|-supereffective|p1b: Porygon2
|-crit|p1b: Porygon2
|-damage|p1b: Porygon2|2/100
|-heal|p2a: Akuma|100/100|[from] drain|[of] p1b: Porygon2
|move|p1b: Porygon2|Trick Room|p1b: Porygon2
|-fieldstart|move: Trick Room|[of] p1b: Porygon2
|
|upkeep
|turn|7
|
|t:|1756850294
|switch|p1a: Gholdengo|Gholdengo, L50, shiny|100/100
|move|p2a: Akuma|Protect|p2a: Akuma
|-singleturn|p2a: Akuma|Protect
|move|p1b: Porygon2|Recover|p1b: Porygon2
|-heal|p1b: Porygon2|52/100
|move|p2b: Megalodon|Earthquake|p1b: Porygon2|[spread] p1a,p1b
|-activate|p2a: Akuma|move: Protect
|-supereffective|p1a: Gholdengo
|-damage|p1a: Gholdengo|3/100
|-damage|p1b: Porygon2|18/100
|-damage|p2b: Megalodon|71/100|[from] item: Life Orb
|
|upkeep
|turn|8
|
|t:|1756850319
|move|p1b: Porygon2|Ice Beam|p2a: Akuma
|-damage|p2a: Akuma|65/100
|-status|p2a: Akuma|frz
|move|p1a: Gholdengo|Shadow Ball|p2a: Akuma
|-supereffective|p2a: Akuma
|-damage|p2a: Akuma|0 fnt
|faint|p2a: Akuma
|move|p2b: Megalodon|Earthquake|p1a: Gholdengo|[spread] p1a,p1b
|-supereffective|p1a: Gholdengo
|-damage|p1a: Gholdengo|0 fnt
|-damage|p1b: Porygon2|0 fnt
|faint|p1a: Gholdengo
|faint|p1b: Porygon2
|-damage|p2b: Megalodon|61/100|[from] item: Life Orb
|
|upkeep
|
|t:|1756850335
|switch|p1b: Incineroar|Incineroar, L50, M, shiny|26/100
|switch|p1a: Amoonguss|Amoonguss, L50, F, shiny|39/100
|switch|p2a: Réquiem|Gholdengo, L50|100/100
|-ability|p1b: Incineroar|Intimidate|boost
|-unboost|p2a: Réquiem|atk|1
|-unboost|p2b: Megalodon|atk|1
|turn|9
|
|t:|1756850371
|-terastallize|p1a: Amoonguss|Fire
|move|p1a: Amoonguss|Pollen Puff|p1b: Incineroar
|-heal|p1b: Incineroar|76/100
|move|p1b: Incineroar|Flare Blitz|p2b: Megalodon
|-supereffective|p2b: Megalodon
|-damage|p2b: Megalodon|0 fnt
|-damage|p1b: Incineroar|64/100|[from] ability: Rough Skin|[of] p2b: Megalodon
|faint|p2b: Megalodon
|-damage|p1b: Incineroar|45/100|[from] Recoil
|move|p2a: Réquiem|Nasty Plot|p2a: Réquiem
|-boost|p2a: Réquiem|spa|2
|
|upkeep
|turn|10
|
|t:|1756850391
|move|p2a: Réquiem|Protect|p2a: Réquiem
|-singleturn|p2a: Réquiem|Protect
|move|p1a: Amoonguss|Pollen Puff|p1b: Incineroar
|-heal|p1b: Incineroar|95/100
|move|p1b: Incineroar|Flare Blitz|p2a: Réquiem
|-activate|p2a: Réquiem|move: Protect
|
|-fieldend|move: Trick Room
|upkeep
|turn|11
|
|t:|1756850406
|move|p2a: Réquiem|Make It Rain|p1b: Incineroar|[spread] p1a,p1b
|-resisted|p1a: Amoonguss
|-resisted|p1b: Incineroar
|-damage|p1a: Amoonguss|0 fnt
|-damage|p1b: Incineroar|42/100
|-unboost|p2a: Réquiem|spa|1
|faint|p1a: Amoonguss
|move|p1b: Incineroar|Flare Blitz|p2a: Réquiem
|-supereffective|p2a: Réquiem
|-crit|p2a: Réquiem
|-damage|p2a: Réquiem|0 fnt
|faint|p2a: Réquiem
|-damage|p1b: Incineroar|15/100|[from] Recoil
|
|win|balance bro
|raw|balance bro's rating: 1098 → 1120(+22 for winning)
|raw|eldannyboy510's rating: 1054 → 1038(-16 for losing)
