|j|☆Prepucio Santos
|j|☆Kap2122
|html|Prepucio SantosKap2122    
|uhtml|bestof|Game 1 of a best-of-3
|t:|1783757018
|gametype|doubles
|player|p1|Prepucio Santos|striker|1299
|player|p2|Kap2122|hugh|1223
|gen|9
|tier|[Gen 9 Champions] VGC 2026 Reg M-B (Bo3)
|rated|
|rule|Species Clause: Limit one of each Pokémon
|rule|Item Clause: Limit 1 of each item
|clearpoke
|poke|p1|Incineroar, L50, F|
|poke|p1|Sinistcha-Masterpiece, L50, shiny|
|poke|p1|Floette-Eternal, L50, F|
|poke|p1|Kingambit, L50, F|
|poke|p1|Sneasler, L50, F|
|poke|p1|Delphox, L50, M, shiny|
|poke|p2|Garchomp, L50, F|
|poke|p2|Charizard, L50, M|
|poke|p2|Farigiraf, L50, M|
|poke|p2|Toxapex, L50, F|
|poke|p2|Incineroar, L50, F|
|poke|p2|Whimsicott, L50, F|
|teampreview|4
|showteam|p1|Incineroar||SitrusBerry|Intimidate|FakeOut,PartingShot,ThroatChop,FlareBlitz|Careful||F|||50|]Sinistcha-Masterpiece||KasibBerry|Hospitality|MatchaGotcha,LifeDew,RagePowder,TrickRoom|Bold|||||50|]Floette-Eternal||Floettite|FlowerVeil|Moonblast,DazzlingGleam,CalmMind,Protect|Modest||F|||50|]Kingambit||BlackGlasses|Defiant|KowtowCleave,SuckerPunch,SwordsDance,Protect|Adamant||F|||50|]Sneasler||FocusSash|PoisonTouch|FakeOut,CloseCombat,DireClaw,QuickGuard|Jolly||F|||50|]Delphox||Delphoxite|Blaze|HeatWave,Psyshock,NastyPlot,Protect|Timid||M|||50|
|showteam|p2|Garchomp||HabanBerry|RoughSkin|DragonClaw,Earthquake,RockSlide,Protect|Jolly||F|||50|]Charizard||CharizarditeY|Blaze|Overheat,HeatWave,SolarBeam,Protect|Timid||M|||50|]Farigiraf||ColburBerry|ArmorTail|TwinBeam,TrickRoom,LowKick,Roar|Sassy||M|||50|]Toxapex||Leftovers|Regenerator|Toxic,Infestation,WideGuard,BanefulBunker|Bold||F|||50|]Incineroar||SitrusBerry|Intimidate|FakeOut,PartingShot,ThroatChop,FlareBlitz|Impish||F|||50|]Whimsicott||FocusSash|Prankster|Moonblast,Encore,Tailwind,Protect|Timid||F|||50|
|inactive|Battle timer is ON: inactive players will automatically lose when time's up. (requested by Kap2122)
|inactive|Prepucio Santos has 60 seconds left.
|inactive|Kap2122 has 60 seconds left.
|
|t:|1783757060
|teamsize|p1|4
|teamsize|p2|4
|start
|switch|p1a: Sneasler|Sneasler, L50, F|100/100
|switch|p1b: Kingambit|Kingambit, L50, F|100/100
|switch|p2a: Charizard|Charizard, L50, M|100/100
|switch|p2b: Whimsicott|Whimsicott, L50, F|100/100
|turn|1
|inactive|Prepucio Santos has 30 seconds left.
|inactive|Prepucio Santos has 20 seconds left.
|inactive|Prepucio Santos has 15 seconds left.
|inactive|Prepucio Santos has 10 seconds left.
|inactive|Prepucio Santos has 5 seconds left.
|
|t:|1783757110
|switch|p2b: Farigiraf|Farigiraf, L50, M|100/100
|detailschange|p2a: Charizard|Charizard-Mega-Y, L50, M
|-mega|p2a: Charizard|Charizard|Charizardite Y
|-weather|SunnyDay|[from] ability: Drought|[of] p2a: Charizard
|move|p1a: Sneasler|Fake Out||[still]
|cant|p2b: Farigiraf|ability: Armor Tail|Fake Out|[of] p1a: Sneasler
|move|p2a: Charizard|Heat Wave|p1b: Kingambit|[spread] p1a,p1b
|-supereffective|p1b: Kingambit|1
|-damage|p1a: Sneasler|17/100
|-damage|p1b: Kingambit|0 fnt
|faint|p1b: Kingambit
|
|-weather|SunnyDay|[upkeep]
|upkeep
|
|t:|1783757117
|switch|p1b: Delphox|Delphox, L50, M, shiny|100/100
|turn|2
|
|t:|1783757125
|detailschange|p1b: Delphox|Delphox-Mega, L50, M, shiny
|-mega|p1b: Delphox|Delphox|Delphoxite
|move|p1b: Delphox|Heat Wave|p2b: Farigiraf|[spread] p2a
|-miss|p1b: Delphox|p2b: Farigiraf
|-resisted|p2a: Charizard|1
|-damage|p2a: Charizard|72/100
|move|p1a: Sneasler|Dire Claw|p2a: Charizard
|-damage|p2a: Charizard|19/100
|move|p2a: Charizard|Heat Wave|p1a: Sneasler|[spread] p1a,p1b
|-resisted|p1b: Delphox|1
|-damage|p1a: Sneasler|0 fnt
|-damage|p1b: Delphox|70/100
|faint|p1a: Sneasler
|move|p2b: Farigiraf|Trick Room|p2b: Farigiraf
|-fieldstart|move: Trick Room|[of] p2b: Farigiraf
|
|-weather|SunnyDay|[upkeep]
|upkeep
|
|t:|1783757134
|switch|p1a: Incineroar|Incineroar, L50, F|100/100
|-ability|p1a: Incineroar|Intimidate|boost
|-unboost|p2a: Charizard|atk|1
|-unboost|p2b: Farigiraf|atk|1
|turn|3
|
|t:|1783757152
|switch|p2a: Incineroar|Incineroar, L50, F|100/100
|-ability|p2a: Incineroar|Intimidate|boost
|-unboost|p1a: Incineroar|atk|1
|-unboost|p1b: Delphox|atk|1
|move|p2b: Farigiraf|Twin Beam|p1b: Delphox
|-resisted|p1b: Delphox|1
|-damage|p1b: Delphox|63/100
|-resisted|p1b: Delphox|1
|-damage|p1b: Delphox|57/100
|-hitcount|p1b: Delphox|2
|move|p1a: Incineroar|Throat Chop|p2a: Incineroar
|-resisted|p2a: Incineroar|1
|-damage|p2a: Incineroar|92/100
|-start|p2a: Incineroar|Throat Chop|[silent]
|move|p1b: Delphox|Heat Wave|p2b: Farigiraf|[spread] p2a,p2b
|-resisted|p2a: Incineroar|1
|-crit|p2a: Incineroar
|-damage|p2a: Incineroar|52/100
|-damage|p2b: Farigiraf|56/100
|
|-weather|SunnyDay|[upkeep]
|upkeep
|turn|4
|
|t:|1783757181
|move|p1b: Delphox|Protect|p1b: Delphox
|-singleturn|p1b: Delphox|Protect
|move|p2a: Incineroar|Fake Out|p1a: Incineroar
|-damage|p1a: Incineroar|89/100
|move|p2b: Farigiraf|Twin Beam|p1b: Delphox
|-activate|p1b: Delphox|move: Protect
|cant|p1a: Incineroar|flinch
|
|-weather|SunnyDay|[upkeep]
|-end|p2a: Incineroar|Throat Chop|[silent]
|upkeep
|turn|5
|
|t:|1783757194
|move|p2b: Farigiraf|Twin Beam|p1b: Delphox
|-resisted|p1b: Delphox|1
|-damage|p1b: Delphox|51/100
|-resisted|p1b: Delphox|1
|-damage|p1b: Delphox|45/100
|-hitcount|p1b: Delphox|2
|move|p2a: Incineroar|Throat Chop|p1b: Delphox
|-supereffective|p1b: Delphox|1
|-damage|p1b: Delphox|0 fnt
|faint|p1b: Delphox
|move|p1a: Incineroar|Throat Chop|p2b: Farigiraf
|-supereffective|p2b: Farigiraf|1
|-enditem|p2b: Farigiraf|Colbur Berry|[eat]
|-enditem|p2b: Farigiraf|Colbur Berry|[weaken]
|-damage|p2b: Farigiraf|37/100
|-start|p2b: Farigiraf|Throat Chop|[silent]
|
|-weather|none
|upkeep
|turn|6
|-message|Prepucio Santos forfeited.
|
|win|Kap2122
||Prepucio Santos is ready for game 2.
||Kap2122 is ready for game 2.
|uhtml|next|Next: Game 2 of 3
