|j|☆predatorssg
|j|☆NemoAK
|html|predatorssgNemoAK    
|uhtml|bestof|Game 1 of a best-of-3
|t:|1786112386
|gametype|doubles
|player|p1|predatorssg|101|1214
|player|p2|NemoAK|170|1255
|gen|9
|tier|[Gen 9 Champions] VGC 2026 Reg M-B (Bo3)
|rated|
|rule|Species Clause: Limit one of each Pokémon
|rule|Item Clause: Limit 1 of each item
|clearpoke
|poke|p1|Archaludon, L50, F|
|poke|p1|Pelipper, L50, M|
|poke|p1|Grimmsnarl, L50, M|
|poke|p1|Swampert, L50, M|
|poke|p1|Talonflame, L50, M|
|poke|p1|Floette-Eternal, L50, F|
|poke|p2|Staraptor, L50, M|
|poke|p2|Sylveon, L50, F|
|poke|p2|Basculegion, L50, M|
|poke|p2|Farigiraf, L50, M|
|poke|p2|Garchomp, L50, M|
|poke|p2|Camerupt, L50, M|
|teampreview|4
|showteam|p1|Archaludon||Leftovers|Stamina|ElectroShot,AuraSphere,FlashCannon,Protect|Modest||F|||50|]Pelipper||SitrusBerry|Drizzle|HelpingHand,WeatherBall,Hurricane,WideGuard|Modest||M|||50|]Grimmsnarl||LightClay|Prankster|PartingShot,SpiritBreak,Reflect,LightScreen|Calm||M|||50|]Swampert||Swampertite|Torrent|WaveCrash,Earthquake,IcePunch,Protect|Adamant||M|||50|]Talonflame||SharpBeak|GaleWings|Protect,Tailwind,RainDance,DualWingbeat|Jolly||M|||50|]Floette-Eternal||Floettite|FlowerVeil|DazzlingGleam,Moonblast,LightofRuin,Protect|Modest||F|||50|
|showteam|p2|Staraptor||Staraptite|Intimidate|CloseCombat,BraveBird,Tailwind,Protect|Jolly||M|||50|]Sylveon||FairyFeather|Pixilate|HyperVoice,QuickAttack,Yawn,Protect|Modest||F|||50|]Basculegion||ChoiceScarf|Adaptability|LastRespects,WaveCrash,AquaJet,FlipTurn|Adamant||M|||50|]Farigiraf||SitrusBerry|ArmorTail|Psychic,HyperVoice,TrickRoom,HelpingHand|Quiet||M|||50|]Garchomp||LifeOrb|RoughSkin|Earthquake,RockSlide,ScaleShot,Protect|Jolly||M|||50|]Camerupt||Cameruptite|MagmaArmor|HeatWave,EarthPower,AncientPower,Protect|Quiet||M|||50|
|inactive|Battle timer is ON: inactive players will automatically lose when time's up. (requested by NemoAK)
|
|t:|1786112407
|teamsize|p1|4
|teamsize|p2|4
|start
|switch|p1a: Grimmsnarl|Grimmsnarl, L50, M|100/100
|switch|p1b: Floette|Floette-Eternal, L50, F|100/100
|switch|p2a: The Biggest Bird|Staraptor, L50, M|100/100
|switch|p2b: Princess|Sylveon, L50, F|100/100
|-ability|p2a: The Biggest Bird|Intimidate|boost
|-unboost|p1a: Grimmsnarl|atk|1
|-unboost|p1b: Floette|atk|1
|turn|1
|inactive|predatorssg has 30 seconds left.
|
|t:|1786112436
|detailschange|p2a: The Biggest Bird|Staraptor-Mega, L50, M
|-mega|p2a: The Biggest Bird|Staraptor|Staraptite
|detailschange|p1b: Floette|Floette-Mega, L50, F
|-mega|p1b: Floette|Floette|Floettite
|-ability|p1b: Floette|Fairy Aura
|move|p1b: Floette|Protect|p1b: Floette
|-singleturn|p1b: Floette|Protect
|move|p1a: Grimmsnarl|Light Screen|p1a: Grimmsnarl
|-sidestart|p1: predatorssg|move: Light Screen
|move|p2a: The Biggest Bird|Brave Bird|p1b: Floette
|-activate|p1b: Floette|move: Protect
|move|p2b: Princess|Hyper Voice|p1a: Grimmsnarl|[spread] p1a
|-activate|p1b: Floette|move: Protect
|-supereffective|p1a: Grimmsnarl|1
|-crit|p1a: Grimmsnarl
|-damage|p1a: Grimmsnarl|0 fnt
|faint|p1a: Grimmsnarl
|
|upkeep
|
|t:|1786112449
|switch|p1a: Pelipper|Pelipper, L50, M|100/100
|-weather|RainDance|[from] ability: Drizzle|[of] p1a: Pelipper
|turn|2
|
|t:|1786112471
|move|p2a: The Biggest Bird|Tailwind|p2a: The Biggest Bird
|-sidestart|p2: NemoAK|move: Tailwind
|move|p2b: Princess|Yawn|p1b: Floette
|-start|p1b: Floette|move: Yawn|[of] p2b: Princess
|move|p1b: Floette|Dazzling Gleam|p2a: The Biggest Bird|[spread] p2a,p2b
|-supereffective|p2a: The Biggest Bird|1
|-damage|p2a: The Biggest Bird|0 fnt
|-damage|p2b: Princess|59/100
|faint|p2a: The Biggest Bird
|move|p1a: Pelipper|Weather Ball|p2b: Princess
|-damage|p2b: Princess|13/100
|
|-weather|RainDance|[upkeep]
|upkeep
|
|t:|1786112477
|switch|p2a: Gary’s Raticate|Basculegion, L50, M|100/100
|turn|3
|
|t:|1786112489
|switch|p1b: Archaludon|Archaludon, L50, F|100/100
|move|p2a: Gary’s Raticate|Wave Crash|p1a: Pelipper
|-resisted|p1a: Pelipper|1
|-damage|p1a: Pelipper|40/100
|-enditem|p1a: Pelipper|Sitrus Berry|[eat]
|-heal|p1a: Pelipper|65/100|[from] item: Sitrus Berry
|-damage|p2a: Gary’s Raticate|83/100|[from] Recoil
|move|p2b: Princess|Hyper Voice|p1b: Archaludon|[spread] p1a,p1b
|-damage|p1a: Pelipper|26/100
|-damage|p1b: Archaludon|62/100
|-ability|p1b: Archaludon|Stamina|boost
|-boost|p1b: Archaludon|def|1
|move|p1a: Pelipper|Hurricane|p2a: Gary’s Raticate
|-damage|p2a: Gary’s Raticate|37/100
|
|-weather|RainDance|[upkeep]
|-heal|p1b: Archaludon|68/100|[from] item: Leftovers
|upkeep
|turn|4
|
|t:|1786112503
|move|p1a: Pelipper|Wide Guard|p1a: Pelipper
|-singleturn|p1a: Pelipper|Wide Guard
|move|p2a: Gary’s Raticate|Wave Crash|p1a: Pelipper
|-resisted|p1a: Pelipper|1
|-damage|p1a: Pelipper|0 fnt
|faint|p1a: Pelipper
|-damage|p2a: Gary’s Raticate|30/100|[from] Recoil
|move|p2b: Princess|Yawn|p1b: Archaludon
|-start|p1b: Archaludon|move: Yawn|[of] p2b: Princess
|move|p1b: Archaludon|Electro Shot||[still]
|-prepare|p1b: Archaludon|Electro Shot
|-boost|p1b: Archaludon|spa|1
|-anim|p1b: Archaludon|Electro Shot|p2a: Gary’s Raticate
|-supereffective|p2a: Gary’s Raticate|1
|-damage|p2a: Gary’s Raticate|0 fnt
|faint|p2a: Gary’s Raticate
|
|-weather|RainDance|[upkeep]
|-heal|p1b: Archaludon|75/100|[from] item: Leftovers
|upkeep
|
|t:|1786112512
|switch|p2a: Toothless|Garchomp, L50, M|100/100
|switch|p1a: Floette|Floette-Mega, L50, F|100/100
|-ability|p1a: Floette|Fairy Aura
|turn|5
|
|t:|1786112529
|move|p2a: Toothless|Protect|p2a: Toothless
|-singleturn|p2a: Toothless|Protect
|move|p1a: Floette|Protect|p1a: Floette
|-singleturn|p1a: Floette|Protect
|move|p2b: Princess|Hyper Voice|p1a: Floette|[spread] p1b
|-activate|p1a: Floette|move: Protect
|-damage|p1b: Archaludon|23/100
|-ability|p1b: Archaludon|Stamina|boost
|-boost|p1b: Archaludon|def|1
|move|p1b: Archaludon|Flash Cannon|p2b: Princess
|-supereffective|p2b: Princess|1
|-damage|p2b: Princess|0 fnt
|faint|p2b: Princess
|
|-weather|RainDance|[upkeep]
|-heal|p1b: Archaludon|30/100|[from] item: Leftovers
|-end|p1b: Archaludon|move: Yawn|[silent]
|-status|p1b: Archaludon|slp
|-sideend|p2: NemoAK|move: Tailwind
|upkeep
|turn|6
|
|t:|1786112539
|move|p2a: Toothless|Earthquake|p1b: Archaludon|[spread] p1a,p1b
|-supereffective|p1b: Archaludon|1
|-damage|p1a: Floette|30/100
|-damage|p1b: Archaludon|0 fnt
|faint|p1b: Archaludon
|-damage|p2a: Toothless|90/100|[from] item: Life Orb
|move|p1a: Floette|Moonblast|p2a: Toothless
|-supereffective|p2a: Toothless|1
|-damage|p2a: Toothless|0 fnt
|faint|p2a: Toothless
|
|win|predatorssg
||predatorssg is ready for game 2.
||NemoAK is ready for game 2.
|uhtml|next|Next: Game 2 of 3
|l|☆NemoAK
|player|p2|
