|j|☆shmurkykrow
|j|☆strifesada
|html|shmurkykrowstrifesada    
|uhtml|bestof|Game 3 of a best-of-3
|t:|1783739551
|gametype|doubles
|player|p1|shmurkykrow|lebanne|
|player|p2|strifesada|piers|
|gen|9
|tier|[Gen 9 Champions] VGC 2026 Reg M-B (Bo3)
|rule|Species Clause: Limit one of each Pokémon
|rule|Item Clause: Limit 1 of each item
|clearpoke
|poke|p1|Ampharos, L50, F, shiny|
|poke|p1|Incineroar, L50, M|
|poke|p1|Ninetales-Alola, L50, F|
|poke|p1|Mimikyu, L50, F|
|poke|p1|Rhyperior, L50, M|
|poke|p1|Sinistcha, L50|
|poke|p2|Sneasler, L50, M|
|poke|p2|Blastoise, L50, M|
|poke|p2|Kingambit, L50, M|
|poke|p2|Incineroar, L50, M|
|poke|p2|Delphox, L50, F|
|poke|p2|Sinistcha, L50|
|teampreview|4
|showteam|p1|Ampharos||Ampharosite|Static|ParabolicCharge,Thunderbolt,DragonPulse,Protect|Quiet||F|||50|]Incineroar||SitrusBerry|Intimidate|FakeOut,FlareBlitz,ThroatChop,PartingShot|Adamant||M|||50|]Ninetales-Alola||LightClay|SnowWarning|AuroraVeil,Blizzard,Moonblast,Protect|Timid||F|||50|]Mimikyu||MentalHerb|Disguise|TrickRoom,SwordsDance,PlayRough,ShadowSneak|Sassy||F|||50|]Rhyperior||LifeOrb|SolidRock|HighHorsepower,RockSlide,IcePunch,Protect|Brave||M|||50|]Sinistcha||CobaBerry|Hospitality|TrickRoom,MatchaGotcha,LifeDew,StrengthSap|Relaxed|||||50|
|showteam|p2|Sneasler||FocusSash|PoisonTouch|PoisonJab,CloseCombat,FakeOut,QuickGuard|Jolly||M|||50|]Blastoise||Blastoisinite|RainDish|DarkPulse,WaterSpout,ShellSmash,Protect|Modest||M|||50|]Kingambit||BlackGlasses|Defiant|KowtowCleave,SuckerPunch,SwordsDance,Protect|Adamant||M|||50|]Incineroar||SitrusBerry|Intimidate|FlareBlitz,HelpingHand,PartingShot,FakeOut|Careful||M|||50|]Delphox||Delphoxite|Blaze|HeatWave,NastyPlot,Psyshock,Protect|Modest||F|||50|]Sinistcha||KasibBerry|Hospitality|MatchaGotcha,RagePowder,TrickRoom,Protect|Bold|||||50|
|
|t:|1783739607
|teamsize|p1|4
|teamsize|p2|4
|start
|switch|p1a: Sinistcha|Sinistcha, L50|100/100
|switch|p1b: Ampharos|Ampharos, L50, F, shiny|100/100
|switch|p2a: Sneasler|Sneasler, L50, M|100/100
|switch|p2b: Kingambit|Kingambit, L50, M|100/100
|turn|1
|
|t:|1783739638
|detailschange|p1b: Ampharos|Ampharos-Mega, L50, F, shiny
|-mega|p1b: Ampharos|Ampharos|Ampharosite
|-ability|p1b: Ampharos|Mold Breaker
|move|p2a: Sneasler|Fake Out|p1b: Ampharos
|-damage|p1b: Ampharos|87/100
|-status|p1b: Ampharos|psn|[from] ability: Poison Touch|[of] p2a: Sneasler
|move|p1a: Sinistcha|Matcha Gotcha|p2b: Kingambit|[spread] p2a,p2b
|-resisted|p2a: Sneasler|1
|-resisted|p2b: Kingambit|1
|-damage|p2a: Sneasler|82/100
|-damage|p2b: Kingambit|91/100
|move|p2b: Kingambit|Swords Dance|p2b: Kingambit
|-boost|p2b: Kingambit|atk|2
|cant|p1b: Ampharos|flinch
|
|-damage|p1b: Ampharos|75/100 psn|[from] psn
|upkeep
|turn|2
|
|t:|1783739671
|switch|p2a: Incineroar|Incineroar, L50, M|100/100
|-ability|p2a: Incineroar|Intimidate|boost
|-unboost|p1a: Sinistcha|atk|1
|-unboost|p1b: Ampharos|atk|1
|move|p1a: Sinistcha|Matcha Gotcha|p2b: Kingambit|[spread] p2a,p2b
|-resisted|p2a: Incineroar|1
|-resisted|p2b: Kingambit|1
|-damage|p2a: Incineroar|89/100
|-damage|p2b: Kingambit|82/100
|move|p2b: Kingambit|Kowtow Cleave|p1a: Sinistcha
|-supereffective|p1a: Sinistcha|1
|-damage|p1a: Sinistcha|0 fnt
|faint|p1a: Sinistcha
|move|p1b: Ampharos|Parabolic Charge|p2a: Incineroar|[spread] p2a,p2b
|-damage|p2a: Incineroar|62/100
|-heal|p1b: Ampharos|89/100 psn|[from] drain|[of] p2a: Incineroar
|-damage|p2b: Kingambit|57/100
|-heal|p1b: Ampharos|100/100 psn|[from] drain|[of] p2b: Kingambit
|
|-damage|p1b: Ampharos|87/100 psn|[from] psn
|upkeep
|
|t:|1783739682
|switch|p1a: Mimikyu|Mimikyu, L50, F|100/100
|turn|3
|
|t:|1783739701
|switch|p2a: Sinistcha|Sinistcha, L50|100/100
|-heal|p2b: Kingambit|81/100|[from] ability: Hospitality|[of] p2a: Sinistcha
|move|p1a: Mimikyu|Swords Dance|p1a: Mimikyu
|-boost|p1a: Mimikyu|atk|2
|move|p2b: Kingambit|Kowtow Cleave|p1b: Ampharos
|-damage|p1b: Ampharos|0 fnt
|faint|p1b: Ampharos
|
|upkeep
|
|t:|1783739706
|switch|p1b: Rhyperior|Rhyperior, L50, M|100/100
|turn|4
|
|t:|1783739715
|move|p1a: Mimikyu|Swords Dance|p1a: Mimikyu
|-boost|p1a: Mimikyu|atk|2
|move|p2a: Sinistcha|Matcha Gotcha|p1a: Mimikyu|[spread] p1a
|-miss|p2a: Sinistcha|p1b: Rhyperior
|-activate|p1a: Mimikyu|ability: Disguise
|-damage|p1a: Mimikyu|100/100
|detailschange|p1a: Mimikyu|Mimikyu-Busted, L50, F
|-damage|p1a: Mimikyu|87/100|[from] pokemon: Mimikyu-Busted
|move|p2b: Kingambit|Kowtow Cleave|p1b: Rhyperior
|-damage|p1b: Rhyperior|32/100
|move|p1b: Rhyperior|High Horsepower|p2a: Sinistcha
|-resisted|p2a: Sinistcha|1
|-damage|p2a: Sinistcha|70/100
|-damage|p1b: Rhyperior|22/100|[from] item: Life Orb
|
|upkeep
|turn|5
|
|t:|1783739735
|move|p2a: Sinistcha|Rage Powder|p2a: Sinistcha
|-singleturn|p2a: Sinistcha|move: Rage Powder
|move|p1a: Mimikyu|Play Rough|p2a: Sinistcha
|-damage|p2a: Sinistcha|0 fnt
|faint|p2a: Sinistcha
|move|p2b: Kingambit|Kowtow Cleave|p1a: Mimikyu
|-damage|p1a: Mimikyu|0 fnt
|faint|p1a: Mimikyu
|move|p1b: Rhyperior|High Horsepower|p2b: Kingambit
|-supereffective|p2b: Kingambit|1
|-damage|p2b: Kingambit|0 fnt
|faint|p2b: Kingambit
|-damage|p1b: Rhyperior|12/100|[from] item: Life Orb
|
|upkeep
|
|t:|1783739746
|switch|p2a: Sneasler|Sneasler, L50, M|82/100
|switch|p2b: Incineroar|Incineroar, L50, M|62/100
|-ability|p2b: Incineroar|Intimidate|boost
|-unboost|p1b: Rhyperior|atk|1
|turn|6
|
|t:|1783739751
|move|p2b: Incineroar|Fake Out|p1b: Rhyperior
|-resisted|p1b: Rhyperior|1
|-crit|p1b: Rhyperior
|-damage|p1b: Rhyperior|7/100
|move|p2a: Sneasler|Close Combat|p1b: Rhyperior
|-supereffective|p1b: Rhyperior|1
|-damage|p1b: Rhyperior|0 fnt
|-unboost|p2a: Sneasler|def|1
|-unboost|p2a: Sneasler|spd|1
|faint|p1b: Rhyperior
|
|win|strifesada
