|j|☆Alphonsgamin
|j|☆drillcurlsaresexy
|html|Alphonsgamindrillcurlsaresexy    
|uhtml|bestof|Game 1 of a best-of-3
|t:|1757692992
|gametype|doubles
|player|p1|Alphonsgamin|youngster-gen4dp|1102
|player|p2|drillcurlsaresexy|melony|1189
|gen|9
|tier|[Gen 9] VGC 2025 Reg H (Bo3)
|rated|
|rule|Species Clause: Limit one of each Pokémon
|rule|Item Clause: Limit 1 of each item
|clearpoke
|poke|p1|Rillaboom, L50, F|
|poke|p1|Gholdengo, L50|
|poke|p1|Basculegion, L50, M|
|poke|p1|Pelipper, L50, F|
|poke|p1|Sneasler, L50, M|
|poke|p1|Sneasel, L50, F|
|poke|p2|Gholdengo, L50|
|poke|p2|Clefable, L50, F|
|poke|p2|Ursaluna-Bloodmoon, L50, M|
|poke|p2|Sneasler, L50, M|
|poke|p2|Tauros-Paldea-Blaze, L50, M|
|poke|p2|Dragonite, L50, M|
|teampreview|4
|showteam|p1|Rillaboom||AssaultVest|GrassySurge|WoodHammer,GrassyGlide,FakeOut,Uturn|||F|||50|,,,,,Fire]Gholdengo||ChoiceSpecs|GoodasGold|MakeItRain,ShadowBall,PowerGem,Trick||||||50|,,,,,Steel]Basculegion||ChoiceBand|SwiftSwim|LastRespects,FlipTurn,WaveCrash,AquaJet|||M|||50|,,,,,Water]Pelipper||FocusSash|Drizzle|Hurricane,WeatherBall,Tailwind,Protect|||F|||50|,,,,,Stellar]Sneasler||GrassySeed|Unburden|CloseCombat,DireClaw,ThroatChop,FakeOut|||M|||50|,,,,,Dark]Sneasel||WideLens|InnerFocus|TripleAxel,FakeOut,IceShard,KnockOff|||F|||50|,,,,,Dark
|showteam|p2|Gholdengo||LifeOrb|GoodasGold|MakeItRain,ShadowBall,Protect,NastyPlot||||||50|,,,,,Dragon]Clefable||SitrusBerry|Unaware|Moonblast,Protect,FollowMe,HelpingHand|||F|||50|,,,,,Water]Ursaluna-Bloodmoon||AssaultVest|MindsEye|HyperVoice,BloodMoon,EarthPower,VacuumWave|||M|||50|,,,,,Water]Sneasler||FocusSash|PoisonTouch|CloseCombat,DireClaw,Protect,FakeOut|||M|||50|,,,,,Stellar]Tauros-Paldea-Blaze||MirrorHerb|Intimidate|CloseCombat,FlareBlitz,WillOWisp,Protect|||M|||50|,,,,,Dragon]Dragonite||LoadedDice|Multiscale|ScaleShot,Protect,Tailwind,Haze|||M|||50|,,,,,Steel
|inactive|Battle timer is ON: inactive players will automatically lose when time's up. (requested by Alphonsgamin)
|
|t:|1757693016
|teamsize|p1|4
|teamsize|p2|4
|start
|switch|p1a: Basculegion|Basculegion, L50, M|100/100
|switch|p1b: Sneasel|Sneasel, L50, F, shiny|100/100
|switch|p2a: Tauros|Tauros-Paldea-Blaze, L50, M|100/100
|switch|p2b: Dragonite|Dragonite, L50, M|100/100
|-ability|p2a: Tauros|Intimidate|boost
|-unboost|p1a: Basculegion|atk|1
|-fail|p1b: Sneasel|unboost|Attack|[from] ability: Inner Focus|[of] p1b: Sneasel
|turn|1
|
|t:|1757693038
|move|p1b: Sneasel|Triple Axel|p2b: Dragonite
|-supereffective|p2b: Dragonite
|-damage|p2b: Dragonite|80/100
|-supereffective|p2b: Dragonite
|-damage|p2b: Dragonite|2/100
|-supereffective|p2b: Dragonite
|-damage|p2b: Dragonite|0 fnt
|faint|p2b: Dragonite
|-hitcount|p2: Dragonite|3
|move|p2a: Tauros|Will-O-Wisp|p1b: Sneasel
|-status|p1b: Sneasel|brn
|move|p1a: Basculegion|Flip Turn|p2a: Tauros
|-supereffective|p2a: Tauros
|-damage|p2a: Tauros|43/100
|
|t:|1757693052
|switch|p1a: Pelipper|Pelipper, L50, F, shiny|100/100|[from] Flip Turn
|-weather|RainDance|[from] ability: Drizzle|[of] p1a: Pelipper
|
|-weather|RainDance|[upkeep]
|-damage|p1b: Sneasel|94/100 brn|[from] brn
|upkeep
|
|t:|1757693064
|switch|p2b: Ursaluna|Ursaluna-Bloodmoon, L50, M|100/100
|turn|2
|inactive|drillcurlsaresexy has 30 seconds left.
|
|t:|1757693089
|switch|p2a: Gholdengo|Gholdengo, L50|100/100
|-terastallize|p2b: Ursaluna|Water
|move|p1b: Sneasel|Triple Axel|p2b: Ursaluna
|-resisted|p2b: Ursaluna
|-damage|p2b: Ursaluna|99/100
|-resisted|p2b: Ursaluna
|-crit|p2b: Ursaluna
|-damage|p2b: Ursaluna|95/100
|-resisted|p2b: Ursaluna
|-damage|p2b: Ursaluna|90/100
|-hitcount|p2b: Ursaluna|3
|move|p1a: Pelipper|Hurricane|p2a: Gholdengo
|-resisted|p2a: Gholdengo
|-damage|p2a: Gholdengo|76/100
|move|p2b: Ursaluna|Blood Moon|p1b: Sneasel
|-damage|p1b: Sneasel|0 fnt
|faint|p1b: Sneasel
|
|-weather|RainDance|[upkeep]
|upkeep
|
|t:|1757693109
|switch|p1b: Sneasler|Sneasler, L50, M, shiny|100/100
|turn|3
|
|t:|1757693122
|-terastallize|p1b: Sneasler|Dark
|move|p1b: Sneasler|Throat Chop|p2a: Gholdengo
|-supereffective|p2a: Gholdengo
|-damage|p2a: Gholdengo|0 fnt
|faint|p2a: Gholdengo
|move|p1a: Pelipper|Hurricane|p2b: Ursaluna
|-damage|p2b: Ursaluna|57/100
|-start|p2b: Ursaluna|confusion
|-activate|p2b: Ursaluna|confusion
|move|p2b: Ursaluna|Hyper Voice|p1b: Sneasler|[spread] p1a,p1b
|-crit|p1a: Pelipper
|-damage|p1a: Pelipper|1/100
|-damage|p1b: Sneasler|48/100
|
|-weather|RainDance|[upkeep]
|upkeep
|
|t:|1757693127
|switch|p2a: Tauros|Tauros-Paldea-Blaze, L50, M|43/100
|-ability|p2a: Tauros|Intimidate|boost
|-unboost|p1a: Pelipper|atk|1
|-unboost|p1b: Sneasler|atk|1
|turn|4
|
|t:|1757693143
|move|p1b: Sneasler|Dire Claw|p2b: Ursaluna
|-damage|p2b: Ursaluna|35/100
|-status|p2b: Ursaluna|par
|move|p2a: Tauros|Flare Blitz|p1a: Pelipper
|-resisted|p1a: Pelipper
|-damage|p1a: Pelipper|0 fnt
|faint|p1a: Pelipper
|-damage|p2a: Tauros|43/100|[from] Recoil
|-activate|p2b: Ursaluna|confusion
|-damage|p2b: Ursaluna|31/100 par|[from] confusion
|
|-weather|RainDance|[upkeep]
|upkeep
|
|t:|1757693150
|switch|p1a: Basculegion|Basculegion, L50, M|100/100
|turn|5
|
|t:|1757693158
|move|p1a: Basculegion|Last Respects|p2a: Tauros
|-damage|p2a: Tauros|0 fnt
|faint|p2a: Tauros
|move|p1b: Sneasler|Dire Claw|p2b: Ursaluna
|-damage|p2b: Ursaluna|8/100 par
|-activate|p2b: Ursaluna|confusion
|-damage|p2b: Ursaluna|5/100 par|[from] confusion
|
|-weather|none
|upkeep
|turn|6
|-message|drillcurlsaresexy forfeited.
|
|win|Alphonsgamin
||drillcurlsaresexy is ready for game 2.
|inactive|Alphonsgamin has 30 seconds to confirm battle start!
||Alphonsgamin is ready for game 2.
|uhtml|next|Next: Game 2 of 3
