|j|вҳҶLucario Palworld
|j|вҳҶbcoffey1010
|html|Lucario Palworldbcoffey1010    
|uhtml|bestof|Game 3 of a best-of-3
|t:|1757737615
|gametype|doubles
|player|p1|Lucario Palworld|170|1367
|player|p2|bcoffey1010|169|1318
|gen|9
|tier|[Gen 9] VGC 2025 Reg H (Bo3)
|rated|
|rule|Species Clause: Limit one of each PokГ©mon
|rule|Item Clause: Limit 1 of each item
|clearpoke
|poke|p1|Whimsicott, L50, F|
|poke|p1|Pelipper, L50, F|
|poke|p1|Tatsugiri, L50, M|
|poke|p1|Dondozo, L50, F|
|poke|p1|Gholdengo, L50|
|poke|p1|Perrserker, L50, M|
|poke|p2|Indeedee-F, L50, F|
|poke|p2|Hatterene, L50, F|
|poke|p2|Gallade, L50, M|
|poke|p2|Ursaluna, L50, M|
|poke|p2|Lilligant-Hisui, L50, F|
|poke|p2|Torkoal, L50, M|
|teampreview|4
|showteam|p1|Whimsicott||CovertCloak|Prankster|Moonblast,LightScreen,Tailwind,Encore|||F|||50|,,,,,Fire]Pelipper||FocusSash|Drizzle|Hurricane,WeatherBall,Tailwind,WideGuard|||F|||50|,,,,,Ghost]Tatsugiri||ChoiceScarf|Commander|MuddyWater,DracoMeteor,DragonPulse,IcyWind|||M|||50|,,,,,Steel]Dondozo||ClearAmulet|Unaware|Earthquake,WaveCrash,OrderUp,Protect|||F|||50|,,,,,Grass]Gholdengo||ChoiceSpecs|GoodasGold|ShadowBall,MakeItRain,FocusBlast,Thunderbolt||||||50|,,,,,Steel]Perrserker||ChopleBerry|SteelySpirit|FakeOut,IronHead,Taunt,KnockOff|||M|||50|,,,,,Steel
|showteam|p2|Indeedee-F||PsychicSeed|PsychicSurge|TrickRoom,FollowMe,HelpingHand,DazzlingGleam|||F|||50|,,,,,Fire]Hatterene||LifeOrb|MagicBounce|ExpandingForce,TrickRoom,DazzlingGleam,Protect|||F|||50|,,,,,Psychic]Gallade||ClearAmulet|Sharpness|PsychoCut,TrickRoom,SacredSword,WideGuard|||M|||50|,,,,,Grass]Ursaluna||FlameOrb|Guts|HeadlongRush,Facade,SwordsDance,Protect|||M|||50|,,,,,Ghost]Lilligant-Hisui||FocusSash|Chlorophyll|SolarBlade,SleepPowder,CloseCombat,AfterYou|||F|||50|,,,,,Ghost]Torkoal||ChoiceSpecs|Drought|Eruption,HeatWave,WeatherBall,EarthPower|||M|||50|,,,,,Fire
|
|t:|1757737628
|teamsize|p1|4
|teamsize|p2|4
|start
|switch|p1a: Dondozo|Dondozo, L50, F|100/100
|switch|p1b: Gholdengo|Gholdengo, L50|100/100
|switch|p2a: зҙ«з«Ҫи¶…еҸҜж„ӣ|Indeedee-F, L50, F, shiny|100/100
|switch|p2b: зҙ«з«ҪиҰӘиЎӣйҡҠ|Gallade, L50, M, shiny|100/100
|-fieldstart|move: Psychic Terrain|[from] ability: Psychic Surge|[of] p2a: зҙ«з«Ҫи¶…еҸҜж„ӣ
|-enditem|p2a: зҙ«з«Ҫи¶…еҸҜж„ӣ|Psychic Seed
|-boost|p2a: зҙ«з«Ҫи¶…еҸҜж„ӣ|spd|1|[from] item: Psychic Seed
|turn|1
|j| SykeKo18
|inactive|Battle timer is ON: inactive players will automatically lose when time's up. (requested by bcoffey1010)
|
|t:|1757737648
|move|p2b: зҙ«з«ҪиҰӘиЎӣйҡҠ|Wide Guard|p2b: зҙ«з«ҪиҰӘиЎӣйҡҠ
|-singleturn|p2b: зҙ«з«ҪиҰӘиЎӣйҡҠ|Wide Guard
|move|p1b: Gholdengo|Make It Rain|p2a: зҙ«з«Ҫи¶…еҸҜж„ӣ|[spread] 
|-activate|p2a: зҙ«з«Ҫи¶…еҸҜж„ӣ|move: Wide Guard
|-activate|p2b: зҙ«з«ҪиҰӘиЎӣйҡҠ|move: Wide Guard
|move|p1a: Dondozo|Wave Crash|p2a: зҙ«з«Ҫи¶…еҸҜж„ӣ
|-damage|p2a: зҙ«з«Ҫи¶…еҸҜж„ӣ|44/100
|-damage|p1a: Dondozo|86/100|[from] Recoil
|move|p2a: зҙ«з«Ҫи¶…еҸҜж„ӣ|Trick Room|p2a: зҙ«з«Ҫи¶…еҸҜж„ӣ
|-fieldstart|move: Trick Room|[of] p2a: зҙ«з«Ҫи¶…еҸҜж„ӣ
|
|upkeep
|turn|2
|l| SykeKo18
|inactive|bcoffey1010 has 30 seconds left.
|
|t:|1757737679
|move|p2a: зҙ«з«Ҫи¶…еҸҜж„ӣ|Helping Hand|p2b: зҙ«з«ҪиҰӘиЎӣйҡҠ
|-singleturn|p2b: зҙ«з«ҪиҰӘиЎӣйҡҠ|Helping Hand|[of] p2a: зҙ«з«Ҫи¶…еҸҜж„ӣ
|move|p2b: зҙ«з«ҪиҰӘиЎӣйҡҠ|Psycho Cut|p1b: Gholdengo
|-resisted|p1b: Gholdengo
|-damage|p1b: Gholdengo|30/100
|move|p1a: Dondozo|Wave Crash|p2a: зҙ«з«Ҫи¶…еҸҜж„ӣ
|-damage|p2a: зҙ«з«Ҫи¶…еҸҜж„ӣ|0 fnt
|faint|p2a: зҙ«з«Ҫи¶…еҸҜж„ӣ
|-damage|p1a: Dondozo|75/100|[from] Recoil
|move|p1b: Gholdengo|Make It Rain|p2b: зҙ«з«ҪиҰӘиЎӣйҡҠ
|-damage|p2b: зҙ«з«ҪиҰӘиЎӣйҡҠ|4/100
|-unboost|p1b: Gholdengo|spa|1
|
|upkeep
|
|t:|1757737686
|switch|p2a: зҙ«з«Ҫж•ІеҸҜж„ӣ|Hatterene, L50, F, shiny|100/100
|turn|3
|
|t:|1757737710
|switch|p1b: Tatsugiri|Tatsugiri, L50, M|100/100
|-activate|p1b: Tatsugiri|ability: Commander|[of] p1a: Dondozo
|-boost|p1a: Dondozo|atk|2
|-boost|p1a: Dondozo|spa|2
|-boost|p1a: Dondozo|spe|2
|-boost|p1a: Dondozo|def|2
|-boost|p1a: Dondozo|spd|2
|-terastallize|p2a: зҙ«з«Ҫж•ІеҸҜж„ӣ|Psychic
|move|p1a: Dondozo|Protect|p1a: Dondozo
|-singleturn|p1a: Dondozo|Protect
|move|p2a: зҙ«з«Ҫж•ІеҸҜж„ӣ|Expanding Force|p1b: Tatsugiri|[spread] 
|-miss|p2a: зҙ«з«Ҫж•ІеҸҜж„ӣ|p1b: Tatsugiri
|-activate|p1a: Dondozo|move: Protect
|move|p2b: зҙ«з«ҪиҰӘиЎӣйҡҠ|Sacred Sword|p1a: Dondozo
|-activate|p1a: Dondozo|move: Protect
|
|upkeep
|turn|4
|
|t:|1757737725
|move|p2a: зҙ«з«Ҫж•ІеҸҜж„ӣ|Expanding Force|p1a: Dondozo|[spread] p1a
|-miss|p2a: зҙ«з«Ҫж•ІеҸҜж„ӣ|p1b: Tatsugiri
|-damage|p1a: Dondozo|10/100
|-damage|p2a: зҙ«з«Ҫж•ІеҸҜж„ӣ|91/100|[from] item: Life Orb
|move|p2b: зҙ«з«ҪиҰӘиЎӣйҡҠ|Sacred Sword|p1a: Dondozo
|-damage|p1a: Dondozo|0 fnt
|faint|p1a: Dondozo
|
|upkeep
|
|t:|1757737733
|switch|p1a: Pelipper|Pelipper, L50, F|100/100
|-weather|RainDance|[from] ability: Drizzle|[of] p1a: Pelipper
|turn|5
|inactive|bcoffey1010 has 30 seconds left.
|inactive|Lucario Palworld has 30 seconds left.
|inactive|bcoffey1010 has 20 seconds left.
|inactive|bcoffey1010 has 15 seconds left.
|inactive|bcoffey1010 has 10 seconds left.
|inactive|Lucario Palworld has 20 seconds left.
|inactive|bcoffey1010 has 5 seconds left.
|
|t:|1757737788
|-terastallize|p1b: Tatsugiri|Steel
|move|p1a: Pelipper|Wide Guard|p1a: Pelipper
|-singleturn|p1a: Pelipper|Wide Guard
|move|p2a: зҙ«з«Ҫж•ІеҸҜж„ӣ|Expanding Force|p1a: Pelipper|[spread] 
|-activate|p1a: Pelipper|move: Wide Guard
|-activate|p1b: Tatsugiri|move: Wide Guard
|move|p2b: зҙ«з«ҪиҰӘиЎӣйҡҠ|Psycho Cut|p1b: Tatsugiri
|-resisted|p1b: Tatsugiri
|-crit|p1b: Tatsugiri
|-damage|p1b: Tatsugiri|0 fnt
|faint|p1b: Tatsugiri
|
|-weather|RainDance|[upkeep]
|-fieldend|move: Trick Room
|-fieldend|move: Psychic Terrain
|upkeep
|
|t:|1757737798
|switch|p1b: Gholdengo|Gholdengo, L50|30/100
|turn|6
|inactive|Lucario Palworld has 30 seconds left.
|
|t:|1757737825
|switch|p2a: дёҖжӢіжңҲжңҲзҶҠ|Ursaluna, L50, M, shiny|100/100
|move|p1b: Gholdengo|Shadow Ball|p2a: дёҖжӢіжңҲжңҲзҶҠ
|-immune|p2a: дёҖжӢіжңҲжңҲзҶҠ
|move|p1a: Pelipper|Hurricane|p2a: дёҖжӢіжңҲжңҲзҶҠ
|-crit|p2a: дёҖжӢіжңҲжңҲзҶҠ
|-damage|p2a: дёҖжӢіжңҲжңҲзҶҠ|38/100
|move|p2b: зҙ«з«ҪиҰӘиЎӣйҡҠ|Psycho Cut|p1b: Gholdengo
|-resisted|p1b: Gholdengo
|-damage|p1b: Gholdengo|0 fnt
|faint|p1b: Gholdengo
|
|-weather|RainDance|[upkeep]
|-status|p2a: дёҖжӢіжңҲжңҲзҶҠ|brn|[from] item: Flame Orb
|upkeep
|turn|7
|
|t:|1757737839
|move|p1a: Pelipper|Weather Ball|p2b: зҙ«з«ҪиҰӘиЎӣйҡҠ
|-damage|p2b: зҙ«з«ҪиҰӘиЎӣйҡҠ|0 fnt
|faint|p2b: зҙ«з«ҪиҰӘиЎӣйҡҠ
|move|p2a: дёҖжӢіжңҲжңҲзҶҠ|Facade|p1a: Pelipper
|-enditem|p1a: Pelipper|Focus Sash
|-damage|p1a: Pelipper|1/100
|
|-weather|RainDance|[upkeep]
|-damage|p2a: дёҖжӢіжңҲжңҲзҶҠ|33/100 brn|[from] brn
|upkeep
|
|t:|1757737842
|switch|p2b: зҙ«з«Ҫж•ІеҸҜж„ӣ|Hatterene, L50, F, shiny, tera:Psychic|91/100
|turn|8
|
|t:|1757737846
|move|p1a: Pelipper|Weather Ball|p2b: зҙ«з«Ҫж•ІеҸҜж„ӣ
|-damage|p2b: зҙ«з«Ҫж•ІеҸҜж„ӣ|17/100
|move|p2a: дёҖжӢіжңҲжңҲзҶҠ|Facade|p1a: Pelipper
|-damage|p1a: Pelipper|0 fnt
|faint|p1a: Pelipper
|
|win|bcoffey1010
|raw|Lucario Palworld's rating: 1367 → 1344(-23 for losing)
|raw|bcoffey1010's rating: 1318 → 1341(+23 for winning)
|l|вҳҶLucario Palworld
|player|p1|
|l|вҳҶbcoffey1010
|player|p2|
