|j|☆MudkipBestp0kem0n
|j|☆MaxwellBaker
|html|MudkipBestp0kem0nMaxwellBaker    
|uhtml|bestof|Game 2 of a best-of-3
|t:|1785264793
|gametype|doubles
|player|p1|MudkipBestp0kem0n|2|1113
|player|p2|MaxwellBaker|102|1080
|gen|9
|tier|[Gen 9 Champions] VGC 2026 Reg M-B (Bo3)
|rated|
|rule|Species Clause: Limit one of each Pokémon
|rule|Item Clause: Limit 1 of each item
|clearpoke
|poke|p1|Raichu, L50, M|
|poke|p1|Manectric, L50, M, shiny|
|poke|p1|Orthworm, L50, M|
|poke|p1|Kingambit, L50, F, shiny|
|poke|p1|Sinistcha-Masterpiece, L50|
|poke|p1|Greninja, L50, F|
|poke|p2|Decidueye-Hisui, L50, M|
|poke|p2|Florges, L50, F|
|poke|p2|Raichu, L50, F|
|poke|p2|Incineroar, L50, M|
|poke|p2|Aerodactyl, L50, F|
|poke|p2|Milotic, L50, F|
|teampreview|4
|showteam|p1|Raichu||RaichuniteX|LightningRod|FakeOut,Protect,Encore,Discharge|Hasty||M|||50|]Manectric||FocusSash|LightningRod|RisingVoltage,VoltSwitch,Protect,Overheat|Timid||M|||50|]Orthworm||Leftovers|EarthEater|IronDefense,BodyPress,Protect,ShedTail|Calm||M|||50|]Kingambit||ChopleBerry|Defiant|KowtowCleave,IronHead,SuckerPunch,Taunt|Brave||F|||50|]Sinistcha-Masterpiece||SitrusBerry|Hospitality|MatchaGotcha,Protect,RagePowder,LifeDew|Bold|||||50|]Greninja||LifeOrb|Protean|IceBeam,MudShot,Protect,DarkPulse|Timid||F|||50|
|showteam|p2|Decidueye-Hisui||ScopeLens|Scrappy|TripleArrows,LeafBlade,SuckerPunch,Protect|Adamant||M|||50|]Florges||LifeOrb|FlowerVeil|Moonblast,Psychic,PollenPuff,Protect|Modest||F|||50|]Raichu||RaichuniteY|LightningRod|FakeOut,ZapCannon,FocusBlast,Protect|Timid||F|||50|]Incineroar||SitrusBerry|Intimidate|FakeOut,FlareBlitz,ThroatChop,PartingShot|Careful||M|||50|]Aerodactyl||Aerodactylite|RockHead|RockSlide,DualWingbeat,Tailwind,WideGuard|Jolly||F|||50|]Milotic||Leftovers|Competitive|Scald,IceBeam,Haze,Protect|Bold||F|||50|
|
|t:|1785264827
|teamsize|p1|4
|teamsize|p2|4
|start
|switch|p1a: Raichu|Raichu, L50, M|100/100
|switch|p1b: Greninja|Greninja, L50, F|100/100
|switch|p2a: Raichu|Raichu, L50, F|100/100
|switch|p2b: Florges|Florges, L50, F|100/100
|turn|1
|
|t:|1785264845
|detailschange|p1a: Raichu|Raichu-Mega-X, L50, M
|-mega|p1a: Raichu|Raichu|Raichunite X
|-fieldstart|move: Electric Terrain|[from] ability: Electric Surge|[of] p1a: Raichu
|detailschange|p2a: Raichu|Raichu-Mega-Y, L50, F
|-mega|p2a: Raichu|Raichu|Raichunite Y
|move|p2a: Raichu|Fake Out|p1a: Raichu
|-damage|p1a: Raichu|88/100
|cant|p1a: Raichu|flinch
|move|p1b: Greninja|Mud Shot|p2a: Raichu
|-start|p1b: Greninja|typechange|Ground|[from] ability: Protean
|-supereffective|p2a: Raichu|1
|-damage|p2a: Raichu|4/100
|-unboost|p2a: Raichu|spe|1
|-damage|p1b: Greninja|90/100|[from] item: Life Orb
|move|p2b: Florges|Moonblast|p1b: Greninja
|-damage|p1b: Greninja|0 fnt
|faint|p1b: Greninja
|-damage|p2b: Florges|90/100|[from] item: Life Orb
|
|upkeep
|
|t:|1785264862
|switch|p1b: Manectric|Manectric, L50, M, shiny|100/100
|turn|2
|
|t:|1785264876
|switch|p2a: Incineroar|Incineroar, L50, M|100/100
|-ability|p2a: Incineroar|Intimidate|boost
|-unboost|p1a: Raichu|atk|1
|-unboost|p1b: Manectric|atk|1
|move|p1a: Raichu|Discharge|p2b: Florges|[spread] p2a,p2b
|-ability|p1b: Manectric|Lightning Rod|boost
|-boost|p1b: Manectric|spa|1
|-crit|p2a: Incineroar
|-damage|p2a: Incineroar|73/100
|-damage|p2b: Florges|72/100
|-status|p2a: Incineroar|par
|-status|p2b: Florges|par
|move|p1b: Manectric|Rising Voltage|p2b: Florges
|-hint|Rising Voltage's BP doubled on grounded target.
|-damage|p2b: Florges|0 fnt
|faint|p2b: Florges
|
|upkeep
|
|t:|1785264894
|switch|p2b: Decidueye|Decidueye-Hisui, L50, M|100/100
|turn|3
|
|t:|1785264906
|move|p1a: Raichu|Protect|p1a: Raichu
|-singleturn|p1a: Raichu|Protect
|move|p1b: Manectric|Protect|p1b: Manectric
|-singleturn|p1b: Manectric|Protect
|move|p2a: Incineroar|Fake Out|p1b: Manectric
|-activate|p1b: Manectric|move: Protect
|move|p2b: Decidueye|Triple Arrows|p1a: Raichu
|-activate|p1a: Raichu|move: Protect
|
|upkeep
|turn|4
|
|t:|1785264933
|move|p2b: Decidueye|Protect|p2b: Decidueye
|-singleturn|p2b: Decidueye|Protect
|move|p1a: Raichu|Discharge|p2b: Decidueye|[spread] p2a
|-activate|p2b: Decidueye|move: Protect
|-ability|p1b: Manectric|Lightning Rod|boost
|-boost|p1b: Manectric|spa|1
|-damage|p2a: Incineroar|53/100 par
|move|p1b: Manectric|Rising Voltage|p2b: Decidueye
|-activate|p2b: Decidueye|move: Protect
|move|p2a: Incineroar|Flare Blitz|p1a: Raichu
|-damage|p1a: Raichu|25/100
|-damage|p2a: Incineroar|36/100 par|[from] Recoil
|-enditem|p2a: Incineroar|Sitrus Berry|[eat]
|-heal|p2a: Incineroar|60/100 par|[from] item: Sitrus Berry
|
|upkeep
|turn|5
|inactive|Battle timer is ON: inactive players will automatically lose when time's up. (requested by MudkipBestp0kem0n)
|
|t:|1785264956
|move|p2b: Decidueye|Sucker Punch|p1a: Raichu
|-damage|p1a: Raichu|0 fnt
|faint|p1a: Raichu
|move|p1b: Manectric|Overheat|p2b: Decidueye|[miss]
|-miss|p1b: Manectric|p2b: Decidueye
|move|p2a: Incineroar|Flare Blitz|p1b: Manectric
|-damage|p1b: Manectric|14/100
|-damage|p2a: Incineroar|40/100 par|[from] Recoil
|
|-fieldend|move: Electric Terrain
|upkeep
|
|t:|1785264959
|switch|p1a: Kingambit|Kingambit, L50, F, shiny|100/100
|turn|6
|inactive|MudkipBestp0kem0n has 30 seconds left.
|inactive|MudkipBestp0kem0n has 20 seconds left.
|
|t:|1785264997
|move|p2b: Decidueye|Sucker Punch|p1b: Manectric
|-crit|p1b: Manectric
|-damage|p1b: Manectric|0 fnt
|faint|p1b: Manectric
|move|p1a: Kingambit|Sucker Punch|p2a: Incineroar
|-resisted|p2a: Incineroar|1
|-damage|p2a: Incineroar|23/100 par
|move|p2a: Incineroar|Flare Blitz|p1a: Kingambit
|-supereffective|p1a: Kingambit|1
|-damage|p1a: Kingambit|27/100
|-damage|p2a: Incineroar|0 fnt|[from] Recoil
|faint|p2a: Incineroar
|
|upkeep
|-message|MudkipBestp0kem0n forfeited.
|
|win|MaxwellBaker
|raw|MudkipBestp0kem0n's rating: 1113 → 1086(-27 for losing)
|raw|MaxwellBaker's rating: 1080 → 1111(+31 for winning)
