|j|☆CavaliereIsSoPeak
|j|☆NaisonD
|html|CavaliereIsSoPeakNaisonD    
|uhtml|bestof|Game 2 of a best-of-3
|t:|1756928840
|gametype|doubles
|player|p1|CavaliereIsSoPeak|gambler|
|player|p2|NaisonD|cheren-gen5bw2|
|gen|9
|tier|[Gen 9] VGC 2025 Reg H (Bo3)
|rule|Species Clause: Limit one of each Pokémon
|rule|Item Clause: Limit 1 of each item
|clearpoke
|poke|p1|Volcarona, L50, M|
|poke|p1|Basculegion, L50, M|
|poke|p1|Sneasler, L50, F|
|poke|p1|Dragonite, L50, M|
|poke|p1|Ursaluna-Bloodmoon, L50, M|
|poke|p1|Whimsicott, L50, F|
|poke|p2|Annihilape, L50, M|
|poke|p2|Sinistcha, L50|
|poke|p2|Basculegion, L50, M|
|poke|p2|Archaludon, L50, M|
|poke|p2|Maushold, L50|
|poke|p2|Pelipper, L50, M|
|teampreview|4
|showteam|p1|Volcarona||SitrusBerry|FlameBody|HeatWave,TeraBlast,QuiverDance,Protect|||M|||50|,,,,,Fairy]Basculegion||ChoiceBand|Adaptability|WaveCrash,FlipTurn,AquaJet,LastRespects|||M|||50|,,,,,Water]Sneasler||FocusSash|Unburden|DireClaw,CloseCombat,ThroatChop,Protect|||F|||50|,,,,,Dark]Dragonite||LoadedDice|Multiscale|ScaleShot,ExtremeSpeed,Haze,Protect|||M|||50|,,,,,Steel]Ursaluna-Bloodmoon||LifeOrb|MindsEye|BloodMoon,HyperVoice,EarthPower,Protect|||M|||50|,,,,,Normal]Whimsicott||CovertCloak|Prankster|Moonblast,Tailwind,Encore,Taunt|||F|||50|,,,,,Poison
|showteam|p2|Annihilape||LumBerry|Defiant|RageFist,DrainPunch,BulkUp,Protect|||M|||50|,,,,,Fire]Sinistcha||SitrusBerry|Hospitality|MatchaGotcha,LifeDew,TrickRoom,RagePowder||||||50|,,,,,Water]Basculegion||LifeOrb|SwiftSwim|WaveCrash,LastRespects,AquaJet,Protect|||M|||50|,,,,,Water]Archaludon||AssaultVest|Stamina|ElectroShot,FlashCannon,Snarl,BodyPress|||M|||50|,,,,,Fairy]Maushold||SafetyGoggles|FriendGuard|FollowMe,Taunt,BeatUp,Protect||||||50|,,,,,Ghost]Pelipper||CovertCloak|Drizzle|Hurricane,WeatherBall,Tailwind,Protect|||M|||50|,,,,,Stellar
|inactive|Battle timer is ON: inactive players will automatically lose when time's up. (requested by CavaliereIsSoPeak)
|
|t:|1756928857
|teamsize|p1|4
|teamsize|p2|4
|start
|switch|p1a: Shāhmat|Ursaluna-Bloodmoon, L50, M|100/100
|switch|p1b: Mary|Whimsicott, L50, F|100/100
|switch|p2a: Wilhelm|Basculegion, L50, M|100/100
|switch|p2b: Pelipper|Pelipper, L50, M, shiny|100/100
|-weather|RainDance|[from] ability: Drizzle|[of] p2b: Pelipper
|turn|1
|
|t:|1756928877
|move|p2a: Wilhelm|Protect|p2a: Wilhelm
|-singleturn|p2a: Wilhelm|Protect
|move|p1a: Shāhmat|Protect|p1a: Shāhmat
|-singleturn|p1a: Shāhmat|Protect
|move|p1b: Mary|Tailwind|p1b: Mary
|-sidestart|p1: CavaliereIsSoPeak|move: Tailwind
|move|p2b: Pelipper|Tailwind|p2b: Pelipper
|-sidestart|p2: NaisonD|move: Tailwind
|
|-weather|RainDance|[upkeep]
|upkeep
|turn|2
|inactive|CavaliereIsSoPeak has 30 seconds left.
|
|t:|1756928908
|switch|p2b: Archaludon|Archaludon, L50, M, shiny|100/100
|-terastallize|p1a: Shāhmat|Normal
|move|p1b: Mary|Encore|p2a: Wilhelm
|-start|p2a: Wilhelm|Encore
|move|p2a: Wilhelm|Protect||[still]
|-fail|p2a: Wilhelm
|move|p1a: Shāhmat|Blood Moon|p2b: Archaludon
|-resisted|p2b: Archaludon
|-damage|p2b: Archaludon|46/100
|-ability|p2b: Archaludon|Stamina|boost
|-boost|p2b: Archaludon|def|1
|-damage|p1a: Shāhmat|91/100|[from] item: Life Orb
|
|-weather|RainDance|[upkeep]
|upkeep
|turn|3
|
|t:|1756928931
|switch|p2a: Mathilde|Sinistcha, L50, shiny|100/100
|-heal|p2b: Archaludon|71/100|[from] ability: Hospitality|[of] p2a: Mathilde
|-terastallize|p2b: Archaludon|Fairy
|move|p1b: Mary|Moonblast|p2b: Archaludon
|-damage|p2b: Archaludon|51/100
|-ability|p2b: Archaludon|Stamina|boost
|-boost|p2b: Archaludon|def|1
|move|p2b: Archaludon|Electro Shot||[still]
|-prepare|p2b: Archaludon|Electro Shot
|-boost|p2b: Archaludon|spa|1
|-anim|p2b: Archaludon|Electro Shot|p1a: Shāhmat
|-damage|p1a: Shāhmat|3/100
|move|p1a: Shāhmat|Hyper Voice|p2b: Archaludon|[spread] p2a,p2b
|-damage|p2a: Mathilde|25/100
|-damage|p2b: Archaludon|2/100
|-ability|p2b: Archaludon|Stamina|boost
|-boost|p2b: Archaludon|def|1
|-enditem|p2a: Mathilde|Sitrus Berry|[eat]
|-heal|p2a: Mathilde|49/100|[from] item: Sitrus Berry
|-damage|p1a: Shāhmat|0 fnt|[from] item: Life Orb
|faint|p1a: Shāhmat
|
|-weather|RainDance|[upkeep]
|upkeep
|
|t:|1756928950
|switch|p1a: D'oro|Sneasler, L50, F|100/100
|turn|4
|inactive|NaisonD has 30 seconds left.
|inactive|NaisonD has 20 seconds left.
|inactive|NaisonD has 15 seconds left.
|
|t:|1756928993
|switch|p2b: Pelipper|Pelipper, L50, M, shiny|100/100
|move|p1b: Mary|Moonblast|p2b: Pelipper
|-damage|p2b: Pelipper|59/100
|move|p1a: D'oro|Throat Chop|p2a: Mathilde
|-supereffective|p2a: Mathilde
|-damage|p2a: Mathilde|1/100
|-start|p2a: Mathilde|Throat Chop|[silent]
|move|p2a: Mathilde|Trick Room|p2a: Mathilde
|-fieldstart|move: Trick Room|[of] p2a: Mathilde
|
|-weather|RainDance|[upkeep]
|-sideend|p1: CavaliereIsSoPeak|move: Tailwind
|-sideend|p2: NaisonD|move: Tailwind
|upkeep
|turn|5
|inactive|CavaliereIsSoPeak has 30 seconds left.
|
|t:|1756929025
|move|p2a: Mathilde|Matcha Gotcha|p1a: D'oro|[spread] p1a,p1b
|-resisted|p1a: D'oro
|-resisted|p1b: Mary
|-damage|p1a: D'oro|83/100
|-heal|p2a: Mathilde|9/100|[from] drain|[of] p1a: D'oro
|-damage|p1b: Mary|84/100
|-heal|p2a: Mathilde|16/100|[from] drain|[of] p1b: Mary
|move|p2b: Pelipper|Weather Ball|p1a: D'oro
|-damage|p1a: D'oro|0 fnt
|faint|p1a: D'oro
|move|p1b: Mary|Moonblast|p2b: Pelipper
|-damage|p2b: Pelipper|18/100
|
|-weather|none
|-end|p2a: Mathilde|Throat Chop|[silent]
|upkeep
|
|t:|1756929027
|switch|p1a: Aqua|Basculegion, L50, M|100/100
|turn|6
|
|t:|1756929048
|move|p1a: Aqua|Aqua Jet|p2a: Mathilde
|-resisted|p2a: Mathilde
|-damage|p2a: Mathilde|0 fnt
|faint|p2a: Mathilde
|move|p1b: Mary|Encore|p2b: Pelipper
|-start|p2b: Pelipper|Encore
|move|p2b: Pelipper|Weather Ball|p1a: Aqua
|-immune|p1a: Aqua
|
|upkeep
|
|t:|1756929064
|switch|p2a: Wilhelm|Basculegion, L50, M|100/100
|turn|7
|
|t:|1756929073
|move|p1a: Aqua|Aqua Jet|p2a: Wilhelm
|-resisted|p2a: Wilhelm
|-damage|p2a: Wilhelm|78/100
|move|p2b: Pelipper|Weather Ball|p1b: Mary
|-damage|p1b: Mary|64/100
|move|p2a: Wilhelm|Last Respects|p1a: Aqua
|-supereffective|p1a: Aqua
|-damage|p1a: Aqua|0 fnt
|faint|p1a: Aqua
|-damage|p2a: Wilhelm|68/100|[from] item: Life Orb
|move|p1b: Mary|Moonblast|p2a: Wilhelm
|-damage|p2a: Wilhelm|35/100
|-unboost|p2a: Wilhelm|spa|1
|
|upkeep
|turn|8
|-message|CavaliereIsSoPeak forfeited.
|
|win|NaisonD
|l|☆CavaliereIsSoPeak
|player|p1|
||CavaliereIsSoPeak is ready for game 3.
|inactive|NaisonD has 30 seconds to confirm battle start!
||NaisonD is ready for game 3.
|uhtml|next|Next: Game 3 of 3
