|j|☆Rafax
|j|☆PigsPigsPigsPigs
|html|RafaxPigsPigsPigsPigs    
|uhtml|bestof|Game 2 of a best-of-3
|t:|1756598608
|gametype|doubles
|player|p1|Rafax|preschooler|1194
|player|p2|PigsPigsPigsPigs|marley|1164
|gen|9
|tier|[Gen 9] VGC 2025 Reg H (Bo3)
|rated|
|rule|Species Clause: Limit one of each Pokémon
|rule|Item Clause: Limit 1 of each item
|clearpoke
|poke|p1|Indeedee-F, L50, F|
|poke|p1|Delphox, L50, F|
|poke|p1|Mienshao, L50, F|
|poke|p1|Murkrow, L50, M|
|poke|p1|Basculegion, L50, M|
|poke|p1|Sneasler, L50, M|
|poke|p2|Garchomp, L50, F|
|poke|p2|Maushold-Four, L50|
|poke|p2|Grimmsnarl, L50, M|
|poke|p2|Volcarona, L50, F|
|poke|p2|Rillaboom, L50, M|
|poke|p2|Sneasler, L50, F|
|teampreview|4
|showteam|p1|Indeedee-F||SafetyGoggles|PsychicSurge|Imprison,FollowMe,HelpingHand,TrickRoom|||F|||50|,,,,,Fairy]Delphox||LifeOrb|Blaze|ExpandingForce,HeatWave,FocusBlast,Protect|||F|||50|,,,,,Psychic]Mienshao||FocusSash|InnerFocus|DrainPunch,KnockOff,Taunt,WideGuard|||F|||50|,,,,,Dark]Murkrow||Eviolite|Prankster|FoulPlay,Tailwind,Haze,SunnyDay|||M|||50|,,,,,Ghost]Basculegion||ChoiceScarf|Adaptability|WaveCrash,FlipTurn,LastRespects,TeraBlast|||M|||50|,,,,,Grass]Sneasler||PsychicSeed|Unburden|CloseCombat,DireClaw,Acrobatics,Protect|||M|||50|,,,,,Flying
|showteam|p2|Garchomp||LoadedDice|RoughSkin|ScaleShot,SwordsDance,StompingTantrum,Protect|||F|||50|,,,,,Fire]Maushold-Four||WideLens|Technician|PopulationBomb,Taunt,FollowMe,Protect||||||50|,,,,,Normal]Grimmsnarl||LightClay|Prankster|ThunderWave,LightScreen,Reflect,SpiritBreak|||M|||50|,,,,,Steel]Volcarona||SafetyGoggles|FlameBody|FieryDance,Protect,QuiverDance,GigaDrain|||F|||50|,,,,,Ground]Rillaboom||AssaultVest|GrassySurge|FakeOut,WoodHammer,Uturn,KnockOff|||M|||50|,,,,,Poison]Sneasler||GrassySeed|Unburden|DireClaw,CloseCombat,Acrobatics,Protect|||F|||50|,,,,,Flying
|inactive|Battle timer is ON: inactive players will automatically lose when time's up. (requested by Rafax)
|inactive|Rafax has 60 seconds left.
|inactive|Rafax has 30 seconds left.
|inactive|Rafax has 20 seconds left.
|
|t:|1756598687
|teamsize|p1|4
|teamsize|p2|4
|start
|switch|p1a: Indeedee|Indeedee-F, L50, F, shiny|100/100
|switch|p1b: Delphox|Delphox, L50, F|100/100
|switch|p2a: Grimmsnarl|Grimmsnarl, L50, M|100/100
|switch|p2b: Volcarona|Volcarona, L50, F|100/100
|-fieldstart|move: Psychic Terrain|[from] ability: Psychic Surge|[of] p1a: Indeedee
|turn|1
|inactive|Rafax has 30 seconds left.
|
|t:|1756598721
|switch|p2b: Rillaboom|Rillaboom, L50, M|100/100
|-fieldstart|move: Grassy Terrain|[from] ability: Grassy Surge|[of] p2b: Rillaboom
|move|p1a: Indeedee|Helping Hand|p1b: Delphox
|-singleturn|p1b: Delphox|Helping Hand|[of] p1a: Indeedee
|move|p2a: Grimmsnarl|Light Screen|p2a: Grimmsnarl
|-sidestart|p2: PigsPigsPigsPigs|move: Light Screen
|move|p1b: Delphox|Heat Wave|p2b: Rillaboom|[spread] p2a,p2b
|-supereffective|p2b: Rillaboom
|-damage|p2a: Grimmsnarl|70/100
|-damage|p2b: Rillaboom|43/100
|-damage|p1b: Delphox|90/100|[from] item: Life Orb
|
|-heal|p1b: Delphox|96/100|[from] Grassy Terrain
|-heal|p2b: Rillaboom|48/100|[from] Grassy Terrain
|-heal|p2a: Grimmsnarl|76/100|[from] Grassy Terrain
|upkeep
|turn|2
|
|t:|1756598740
|switch|p2b: Sneasler|Sneasler, L50, F|100/100
|-enditem|p2b: Sneasler|Grassy Seed
|-boost|p2b: Sneasler|def|1|[from] item: Grassy Seed
|switch|p1a: Murkrow|Murkrow, L50, M|100/100
|move|p1b: Delphox|Protect|p1b: Delphox
|-singleturn|p1b: Delphox|Protect
|move|p2a: Grimmsnarl|Thunder Wave|p1b: Delphox
|-activate|p1b: Delphox|move: Protect
|
|-heal|p1b: Delphox|100/100|[from] Grassy Terrain
|-heal|p2a: Grimmsnarl|82/100|[from] Grassy Terrain
|upkeep
|turn|3
|
|t:|1756598762
|switch|p1b: Indeedee|Indeedee-F, L50, F, shiny|100/100
|-fieldstart|move: Psychic Terrain|[from] ability: Psychic Surge|[of] p1b: Indeedee
|-terastallize|p2b: Sneasler|Flying
|move|p1a: Murkrow|Tailwind|p1a: Murkrow
|-sidestart|p1: Rafax|move: Tailwind
|move|p2b: Sneasler|Acrobatics|p1b: Indeedee
|-damage|p1b: Indeedee|44/100
|move|p2a: Grimmsnarl|Spirit Break|p1a: Murkrow
|-supereffective|p1a: Murkrow
|-damage|p1a: Murkrow|24/100
|-unboost|p1a: Murkrow|spa|1
|
|upkeep
|turn|4
|inactive|Rafax has 30 seconds left.
|inactive|Rafax has 20 seconds left.
|inactive|Rafax has 15 seconds left.
|inactive|Rafax has 10 seconds left.
|
|t:|1756598812
|switch|p1b: Sneasler|Sneasler, L50, M|100/100
|-enditem|p1b: Sneasler|Psychic Seed
|-boost|p1b: Sneasler|spd|1|[from] item: Psychic Seed
|move|p1a: Murkrow|Sunny Day|p1a: Murkrow
|-weather|SunnyDay
|move|p2b: Sneasler|Acrobatics|p1b: Sneasler
|-supereffective|p1b: Sneasler
|-damage|p1b: Sneasler|0 fnt
|faint|p1b: Sneasler
|move|p2a: Grimmsnarl|Spirit Break|p1a: Murkrow
|-supereffective|p1a: Murkrow
|-damage|p1a: Murkrow|0 fnt
|faint|p1a: Murkrow
|
|-weather|SunnyDay|[upkeep]
|upkeep
|
|t:|1756598815
|switch|p1b: Indeedee|Indeedee-F, L50, F, shiny|44/100
|switch|p1a: Delphox|Delphox, L50, F|100/100
|turn|5
|
|t:|1756598839
|move|p1b: Indeedee|Helping Hand|p1a: Delphox
|-singleturn|p1a: Delphox|Helping Hand|[of] p1b: Indeedee
|move|p2b: Sneasler|Acrobatics|p1b: Indeedee
|-damage|p1b: Indeedee|0 fnt
|faint|p1b: Indeedee
|move|p1a: Delphox|Heat Wave|p2a: Grimmsnarl|[spread] p2a,p2b
|-damage|p2a: Grimmsnarl|30/100
|-damage|p2b: Sneasler|10/100
|-damage|p1a: Delphox|90/100|[from] item: Life Orb
|move|p2a: Grimmsnarl|Spirit Break|p1a: Delphox
|-resisted|p1a: Delphox
|-damage|p1a: Delphox|68/100
|-unboost|p1a: Delphox|spa|1
|
|-weather|SunnyDay|[upkeep]
|upkeep
|turn|6
|
|t:|1756598859
|move|p2b: Sneasler|Acrobatics|p1a: Delphox
|-damage|p1a: Delphox|0 fnt
|faint|p1a: Delphox
|
|win|PigsPigsPigsPigs
|raw|Rafax's rating: 1194 → 1167(-27 for losing)
|raw|PigsPigsPigsPigs's rating: 1164 → 1191(+27 for winning)
