|j|☆Crystneel
|j|☆Swan Mobile
|html|CrystneelSwan Mobile    
|uhtml|bestof|Game 1 of a best-of-3
|t:|1757162388
|gametype|doubles
|player|p1|Crystneel|ethan|1230
|player|p2|Swan Mobile|roughneck-gen4|1121
|gen|9
|tier|[Gen 9] VGC 2025 Reg H (Bo3)
|rated|
|rule|Species Clause: Limit one of each Pokémon
|rule|Item Clause: Limit 1 of each item
|clearpoke
|poke|p1|Volcarona, L50, F|
|poke|p1|Electabuzz, L50, M|
|poke|p1|Sneasler, L50, M|
|poke|p1|Rillaboom, L50, M|
|poke|p1|Dragonite, L50, M|
|poke|p1|Ursaluna-Bloodmoon, L50, M|
|poke|p2|Gholdengo, L50|
|poke|p2|Incineroar, L50, F|
|poke|p2|Flamigo, L50, M|
|poke|p2|Ursaluna, L50, F|
|poke|p2|Porygon2, L50|
|poke|p2|Amoonguss, L50, M|
|teampreview|4
|showteam|p1|Volcarona||Leftovers|FlameBody|FieryDance,QuiverDance,GigaDrain,Protect|||F|||50|,,,,,Water]Electabuzz||Eviolite|Static|FollowMe,Electroweb,VoltSwitch,Taunt|||M|||50|,,,,,Fairy]Sneasler||GrassySeed|Unburden|DireClaw,CloseCombat,ThroatChop,Protect|||M|||50|,,,,,Dark]Rillaboom||AssaultVest|GrassySurge|FakeOut,GrassyGlide,WoodHammer,Uturn|||M|||50|,,,,,Fire]Dragonite||LoadedDice|Multiscale|ExtremeSpeed,ScaleShot,IceSpinner,LowKick|||M|||50|,,,,,Normal]Ursaluna-Bloodmoon||ThroatSpray|MindsEye|BloodMoon,HyperVoice,EarthPower,Protect|||M|||50|,,,,,Poison
|showteam|p2|Gholdengo||LifeOrb|GoodasGold|MakeItRain,ShadowBall,NastyPlot,Protect||||||50|,,,,,Dragon]Incineroar||SafetyGoggles|Intimidate|KnockOff,FlareBlitz,PartingShot,FakeOut|||F|||50|,,,,,Grass]Flamigo||FocusSash|Scrappy|CloseCombat,BraveBird,WideGuard,Protect|||M|||50|,,,,,Ghost]Ursaluna||FlameOrb|Guts|Facade,HeadlongRush,Earthquake,Protect|||F|||50|,,,,,Normal]Porygon2||Eviolite|Download|TeraBlast,IceBeam,TrickRoom,Recover||||||50|,,,,,Fighting]Amoonguss||CovertCloak|Regenerator|Spore,RagePowder,PollenPuff,SludgeBomb|||M|||50|,,,,,Water
|inactive|Battle timer is ON: inactive players will automatically lose when time's up. (requested by Swan Mobile)
|inactive|Crystneel has 60 seconds left.
|inactive|Swan Mobile has 60 seconds left.
|
|t:|1757162440
|teamsize|p1|4
|teamsize|p2|4
|start
|switch|p1a: Volcarona|Volcarona, L50, F|100/100
|switch|p1b: Ursaluna|Ursaluna-Bloodmoon, L50, M|100/100
|switch|p2a: Porygon2|Porygon2, L50|100/100
|switch|p2b: Incineroar|Incineroar, L50, F|100/100
|-ability|p2b: Incineroar|Intimidate|boost
|-unboost|p1a: Volcarona|atk|1
|-unboost|p1b: Ursaluna|atk|1
|-ability|p2a: Porygon2|Download|boost
|-boost|p2a: Porygon2|spa|1
|turn|1
|inactive|Crystneel has 30 seconds left.
|inactive|Swan Mobile has 30 seconds left.
|inactive|Crystneel has 20 seconds left.
|inactive|Swan Mobile has 20 seconds left.
|inactive|Swan Mobile has 15 seconds left.
|
|t:|1757162480
|move|p2b: Incineroar|Fake Out|p1b: Ursaluna
|-damage|p1b: Ursaluna|92/100
|move|p1a: Volcarona|Fiery Dance|p2a: Porygon2
|-damage|p2a: Porygon2|80/100
|-boost|p1a: Volcarona|spa|1
|cant|p1b: Ursaluna|flinch
|move|p2a: Porygon2|Trick Room|p2a: Porygon2
|-fieldstart|move: Trick Room|[of] p2a: Porygon2
|
|upkeep
|turn|2
|
|t:|1757162501
|move|p1b: Ursaluna|Hyper Voice|p2a: Porygon2|[spread] p2a,p2b
|-crit|p2b: Incineroar
|-damage|p2a: Porygon2|56/100
|-damage|p2b: Incineroar|45/100
|-enditem|p1b: Ursaluna|Throat Spray
|-boost|p1b: Ursaluna|spa|1|[from] item: Throat Spray
|move|p2a: Porygon2|Ice Beam|p1b: Ursaluna
|-supereffective|p1b: Ursaluna
|-damage|p1b: Ursaluna|0 fnt
|faint|p1b: Ursaluna
|move|p2b: Incineroar|Parting Shot|p1a: Volcarona
|-unboost|p1a: Volcarona|atk|1
|-unboost|p1a: Volcarona|spa|1
|
|t:|1757162514
|switch|p2b: Ursaluna|Ursaluna, L50, F|100/100|[from] Parting Shot
|move|p1a: Volcarona|Fiery Dance|p2a: Porygon2
|-damage|p2a: Porygon2|33/100
|
|-status|p2b: Ursaluna|brn|[from] item: Flame Orb
|upkeep
|
|t:|1757162525
|switch|p1b: Electabuzz|Electabuzz, L50, M|100/100
|turn|3
|inactive|Swan Mobile has 30 seconds left.
|
|t:|1757162551
|switch|p1b: Rillaboom|Rillaboom, L50, M|100/100
|-fieldstart|move: Grassy Terrain|[from] ability: Grassy Surge|[of] p1b: Rillaboom
|-terastallize|p2b: Ursaluna|Normal
|move|p2b: Ursaluna|Facade|p1b: Rillaboom
|-damage|p1b: Rillaboom|0 fnt
|faint|p1b: Rillaboom
|move|p2a: Porygon2|Recover|p2a: Porygon2
|-heal|p2a: Porygon2|83/100
|move|p1a: Volcarona|Giga Drain|p2b: Ursaluna
|-damage|p2b: Ursaluna|80/100 brn
|
|-heal|p2b: Ursaluna|86/100 brn|[from] Grassy Terrain
|-heal|p2a: Porygon2|89/100|[from] Grassy Terrain
|-damage|p2b: Ursaluna|80/100 brn|[from] brn
|upkeep
|
|t:|1757162565
|switch|p1b: Electabuzz|Electabuzz, L50, M|100/100
|turn|4
|
|t:|1757162583
|move|p1b: Electabuzz|Follow Me|p1b: Electabuzz
|-singleturn|p1b: Electabuzz|move: Follow Me
|move|p2b: Ursaluna|Facade|p1b: Electabuzz
|-damage|p1b: Electabuzz|0 fnt
|faint|p1b: Electabuzz
|move|p2a: Porygon2|Tera Blast|p1a: Volcarona
|-damage|p1a: Volcarona|55/100
|move|p1a: Volcarona|Fiery Dance|p2b: Ursaluna
|-damage|p2b: Ursaluna|54/100 brn
|-boost|p1a: Volcarona|spa|1
|
|-heal|p2b: Ursaluna|60/100 brn|[from] Grassy Terrain
|-heal|p2a: Porygon2|95/100|[from] Grassy Terrain
|-heal|p1a: Volcarona|61/100|[from] Grassy Terrain
|-heal|p1a: Volcarona|66/100|[from] item: Leftovers
|-damage|p2b: Ursaluna|54/100 brn|[from] brn
|upkeep
|turn|5
|
|t:|1757162607
|switch|p2b: Incineroar|Incineroar, L50, F|45/100
|-ability|p2b: Incineroar|Intimidate|boost
|-unboost|p1a: Volcarona|atk|1
|move|p1a: Volcarona|Protect|p1a: Volcarona
|-singleturn|p1a: Volcarona|Protect
|move|p2a: Porygon2|Tera Blast|p1a: Volcarona
|-activate|p1a: Volcarona|move: Protect
|
|-heal|p2a: Porygon2|100/100|[from] Grassy Terrain
|-heal|p2b: Incineroar|51/100|[from] Grassy Terrain
|-heal|p1a: Volcarona|72/100|[from] Grassy Terrain
|-heal|p1a: Volcarona|78/100|[from] item: Leftovers
|-fieldend|move: Trick Room
|upkeep
|turn|6
|
|t:|1757162617
|move|p2b: Incineroar|Fake Out|p1a: Volcarona
|-damage|p1a: Volcarona|65/100
|cant|p1a: Volcarona|flinch
|move|p2a: Porygon2|Trick Room|p2a: Porygon2
|-fieldstart|move: Trick Room|[of] p2a: Porygon2
|
|-heal|p2b: Incineroar|57/100|[from] Grassy Terrain
|-heal|p1a: Volcarona|71/100|[from] Grassy Terrain
|-heal|p1a: Volcarona|76/100|[from] item: Leftovers
|upkeep
|turn|7
|inactive|Swan Mobile has 30 seconds left.
|
|t:|1757162645
|move|p2a: Porygon2|Tera Blast|p1a: Volcarona
|-damage|p1a: Volcarona|33/100
|move|p2b: Incineroar|Parting Shot|p1a: Volcarona
|-unboost|p1a: Volcarona|atk|1
|-unboost|p1a: Volcarona|spa|1
|
|t:|1757162652
|switch|p2b: Ursaluna|Ursaluna, L50, F, tera:Normal|54/100 brn|[from] Parting Shot
|move|p1a: Volcarona|Fiery Dance|p2b: Ursaluna
|-damage|p2b: Ursaluna|27/100 brn
|
|-heal|p2b: Ursaluna|33/100 brn|[from] Grassy Terrain
|-heal|p1a: Volcarona|39/100|[from] Grassy Terrain
|-heal|p1a: Volcarona|45/100|[from] item: Leftovers
|-damage|p2b: Ursaluna|27/100 brn|[from] brn
|-fieldend|move: Grassy Terrain
|upkeep
|turn|8
|
|t:|1757162662
|move|p1a: Volcarona|Protect|p1a: Volcarona
|-singleturn|p1a: Volcarona|Protect
|move|p2b: Ursaluna|Facade|p1a: Volcarona
|-activate|p1a: Volcarona|move: Protect
|move|p2a: Porygon2|Tera Blast|p1a: Volcarona
|-activate|p1a: Volcarona|move: Protect
|
|-heal|p1a: Volcarona|51/100|[from] item: Leftovers
|-damage|p2b: Ursaluna|21/100 brn|[from] brn
|upkeep
|turn|9
|
|t:|1757162672
|move|p1a: Volcarona|Protect||[still]
|-fail|p1a: Volcarona
|move|p2b: Ursaluna|Facade|p1a: Volcarona
|-damage|p1a: Volcarona|0 fnt
|faint|p1a: Volcarona
|
|win|Swan Mobile
