|j|☆bluntmaster9000
|j|☆flubberbut
|html|bluntmaster9000flubberbut    
|uhtml|bestof|Game 1 of a best-of-3
|t:|1756945526
|gametype|doubles
|player|p1|bluntmaster9000|101|1196
|player|p2|flubberbut|benga|1305
|gen|9
|tier|[Gen 9] VGC 2025 Reg H (Bo3)
|rated|
|rule|Species Clause: Limit one of each Pokémon
|rule|Item Clause: Limit 1 of each item
|clearpoke
|poke|p1|Charizard, L50, F|
|poke|p1|Torkoal, L50, F|
|poke|p1|Porygon2, L50|
|poke|p1|Incineroar, L50, M|
|poke|p1|Jumpluff, L50, M|
|poke|p1|Ursaluna, L50, F|
|poke|p2|Gholdengo, L50|
|poke|p2|Dragonite, L50, M|
|poke|p2|Talonflame, L50, F|
|poke|p2|Ursaluna-Bloodmoon, L50, M|
|poke|p2|Dondozo, L50, M|
|poke|p2|Tatsugiri, L50, F|
|teampreview|4
|showteam|p1|Charizard||ChoiceSpecs|SolarPower|HeatWave,Overheat,WeatherBall,AirSlash|||F|||50|,,,,,Ghost]Torkoal||EjectPack|Drought|Eruption,Overheat,HelpingHand,Protect|||F|||50|,,,,,Fire]Porygon2||Eviolite|Download|IceBeam,TeraBlast,TrickRoom,Recover||||||50|,,,,,Fighting]Incineroar||SitrusBerry|Intimidate|FlareBlitz,KnockOff,FakeOut,PartingShot|||M|||50|,,,,,Ghost]Jumpluff||CovertCloak|Chlorophyll|SleepPowder,SunnyDay,RagePowder,Tailwind|||M|||50|,,,,,Poison]Ursaluna||FlameOrb|Guts|HeadlongRush,Facade,Earthquake,Protect|||F|||50|,,,,,Ghost
|showteam|p2|Gholdengo||ChoiceSpecs|GoodasGold|MakeItRain,PowerGem,ShadowBall,Trick||||||50|,,,,,Steel]Dragonite||ChoiceBand|InnerFocus|ExtremeSpeed,Outrage,LowKick,Earthquake|||M|||50|,,,,,Normal]Talonflame||ClearAmulet|GaleWings|Tailwind,FlareBlitz,BraveBird,WillOWisp|||F|||50|,,,,,Ghost]Ursaluna-Bloodmoon||AssaultVest|MindsEye|HyperVoice,EarthPower,BloodMoon,VacuumWave|||M|||50|,,,,,Ghost]Dondozo||SafetyGoggles|Unaware|Protect,WaveCrash,OrderUp,Earthquake|||M|||50|,,,,,Ghost]Tatsugiri||FocusSash|Commander|DracoMeteor,MuddyWater,Protect,MirrorCoat|||F|||50|,,,,,Fairy
|inactive|Battle timer is ON: inactive players will automatically lose when time's up. (requested by bluntmaster9000)
|inactive|bluntmaster9000 has 60 seconds left.
|inactive|bluntmaster9000 has 30 seconds left.
|
|t:|1756945591
|teamsize|p1|4
|teamsize|p2|4
|start
|switch|p1a: Jumpluff|Jumpluff, L50, M, shiny|100/100
|switch|p1b: Charizard|Charizard, L50, F, shiny|100/100
|switch|p2a: Talonflame|Talonflame, L50, F, shiny|100/100
|switch|p2b: Dragonite|Dragonite, L50, M, shiny|100/100
|turn|1
|inactive|bluntmaster9000 has 30 seconds left.
|inactive|bluntmaster9000 has 20 seconds left.
|inactive|bluntmaster9000 has 15 seconds left.
|
|t:|1756945631
|move|p2b: Dragonite|Extreme Speed|p1a: Jumpluff
|-damage|p1a: Jumpluff|48/100
|move|p2a: Talonflame|Brave Bird|p1a: Jumpluff
|-supereffective|p1a: Jumpluff
|-damage|p1a: Jumpluff|0 fnt
|faint|p1a: Jumpluff
|-damage|p2a: Talonflame|83/100|[from] Recoil
|move|p1b: Charizard|Air Slash|p2b: Dragonite
|-damage|p2b: Dragonite|46/100
|
|upkeep
|
|t:|1756945651
|switch|p1a: Porygon2|Porygon2, L50, shiny|100/100
|-ability|p1a: Porygon2|Download|boost
|-boost|p1a: Porygon2|spa|1
|turn|2
|
|t:|1756945662
|switch|p1b: Ursaluna|Ursaluna, L50, F, shiny|100/100
|-terastallize|p2b: Dragonite|Normal
|move|p2b: Dragonite|Extreme Speed|p1b: Ursaluna
|-damage|p1b: Ursaluna|47/100
|move|p2a: Talonflame|Brave Bird|p1b: Ursaluna
|-damage|p1b: Ursaluna|13/100
|-damage|p2a: Talonflame|67/100|[from] Recoil
|move|p1a: Porygon2|Trick Room|p1a: Porygon2
|-fieldstart|move: Trick Room|[of] p1a: Porygon2
|
|-status|p1b: Ursaluna|brn|[from] item: Flame Orb
|upkeep
|turn|3
|inactive|bluntmaster9000 has 30 seconds left.
|inactive|flubberbut has 30 seconds left.
|inactive|bluntmaster9000 has 20 seconds left.
|inactive|bluntmaster9000 has 15 seconds left.
|
|t:|1756945706
|-terastallize|p1b: Ursaluna|Ghost
|move|p2b: Dragonite|Extreme Speed|p1a: Porygon2
|-damage|p1a: Porygon2|56/100
|move|p1a: Porygon2|Tera Blast|p2a: Talonflame
|-damage|p2a: Talonflame|0 fnt
|faint|p2a: Talonflame
|move|p1b: Ursaluna|Facade|p2b: Dragonite
|-damage|p2b: Dragonite|0 fnt
|faint|p2b: Dragonite
|
|-damage|p1b: Ursaluna|7/100 brn|[from] brn
|upkeep
|
|t:|1756945716
|switch|p2b: Dondozo|Dondozo, L50, M|100/100
|switch|p2a: Tatsugiri|Tatsugiri, L50, F, shiny|100/100
|-activate|p2a: Tatsugiri|ability: Commander|[of] p2b: Dondozo
|-boost|p2b: Dondozo|atk|2
|-boost|p2b: Dondozo|spa|2
|-boost|p2b: Dondozo|spe|2
|-boost|p2b: Dondozo|def|2
|-boost|p2b: Dondozo|spd|2
|turn|4
|
|t:|1756945736
|switch|p1b: Charizard|Charizard, L50, F, shiny|100/100
|move|p1a: Porygon2|Recover|p1a: Porygon2
|-heal|p1a: Porygon2|100/100
|move|p2b: Dondozo|Wave Crash|p1a: Porygon2
|-damage|p1a: Porygon2|20/100
|-damage|p2b: Dondozo|78/100|[from] Recoil
|
|upkeep
|turn|5
|
|t:|1756945758
|move|p1a: Porygon2|Ice Beam|p2b: Dondozo
|-resisted|p2b: Dondozo
|-damage|p2b: Dondozo|71/100
|move|p2b: Dondozo|Wave Crash|p1a: Porygon2
|-damage|p1a: Porygon2|0 fnt
|faint|p1a: Porygon2
|-damage|p2b: Dondozo|65/100|[from] Recoil
|move|p1b: Charizard|Air Slash|p2b: Dondozo
|-damage|p2b: Dondozo|35/100
|
|upkeep
|
|t:|1756945764
|switch|p1a: Ursaluna|Ursaluna, L50, F, shiny, tera:Ghost|7/100 brn
|turn|6
|
|t:|1756945774
|move|p2b: Dondozo|Protect|p2b: Dondozo
|-singleturn|p2b: Dondozo|Protect
|move|p1a: Ursaluna|Facade|p2b: Dondozo
|-activate|p2b: Dondozo|move: Protect
|move|p1b: Charizard|Air Slash|p2b: Dondozo
|-activate|p2b: Dondozo|move: Protect
|
|-damage|p1a: Ursaluna|1/100 brn|[from] brn
|-fieldend|move: Trick Room
|upkeep
|turn|7
|
|t:|1756945792
|move|p1b: Charizard|Air Slash|p2b: Dondozo
|-damage|p2b: Dondozo|6/100
|cant|p2b: Dondozo|flinch
|move|p1a: Ursaluna|Facade|p2b: Dondozo
|-damage|p2b: Dondozo|0 fnt
|faint|p2b: Dondozo
|
|-damage|p1a: Ursaluna|0 fnt|[from] brn
|faint|p1a: Ursaluna
|upkeep
|turn|8
|
|t:|1756945804
|move|p1b: Charizard|Air Slash|p2a: Tatsugiri
|-damage|p2a: Tatsugiri|38/100
|cant|p2a: Tatsugiri|flinch
|
|upkeep
|turn|9
|
|t:|1756945807
|move|p1b: Charizard|Air Slash|p2a: Tatsugiri
|-damage|p2a: Tatsugiri|0 fnt
|faint|p2a: Tatsugiri
|
|win|bluntmaster9000
||flubberbut is ready for game 2.
||bluntmaster9000 is ready for game 2.
|uhtml|next|Next: Game 2 of 3
|l|☆flubberbut
|player|p2|
