|j|☆Mtcoc2
|j|☆merr123
|html|Mtcoc2merr123    
|uhtml|bestof|Game 2 of a best-of-3
|t:|1756970910
|gametype|doubles
|player|p1|Mtcoc2|266|1330
|player|p2|merr123|sisandbro|1390
|gen|9
|tier|[Gen 9] VGC 2025 Reg H (Bo3)
|rated|
|rule|Species Clause: Limit one of each Pokémon
|rule|Item Clause: Limit 1 of each item
|clearpoke
|poke|p1|Torkoal, L50, M|
|poke|p1|Typhlosion-Hisui, L50, F|
|poke|p1|Serperior, L50, F|
|poke|p1|Grimmsnarl, L50, M|
|poke|p1|Tyranitar, L50, F|
|poke|p1|Garchomp, L50, M|
|poke|p2|Sneasler, L50, F|
|poke|p2|Gholdengo, L50|
|poke|p2|Amoonguss, L50, F|
|poke|p2|Incineroar, L50, F|
|poke|p2|Ursaluna-Bloodmoon, L50, M|
|poke|p2|Farigiraf, L50, F|
|teampreview|4
|showteam|p1|Torkoal||SitrusBerry|Drought|HeatWave,Overheat,ClearSmog,Protect|||M|||50|,,,,,Fire]Typhlosion-Hisui||ChoiceScarf|Blaze|Eruption,Overheat,ShadowBall,HeatWave|||F|||50|,,,,,Fire]Serperior||CovertCloak|Contrary|LeafStorm,Glare,Taunt,Protect|||F|||50|,,,,,Fire]Grimmsnarl||LightClay|Prankster|Reflect,LightScreen,SpiritBreak,FakeOut|||M|||50|,,,,,Ghost]Tyranitar||AssaultVest|SandStream|TeraBlast,RockSlide,KnockOff,StompingTantrum|||F|||50|,,,,,Flying]Garchomp||BrightPowder|SandVeil|DragonClaw,StompingTantrum,Earthquake,Protect|||M|||50|,,,,,Steel
|showteam|p2|Sneasler||ClearAmulet|PoisonTouch|FakeOut,CloseCombat,DireClaw,Protect|||F|||50|,,,,,Water]Gholdengo||MetalCoat|GoodasGold|NastyPlot,MakeItRain,ShadowBall,Protect||||||50|,,,,,Water]Amoonguss||SitrusBerry|Regenerator|Spore,RagePowder,PollenPuff,Protect|||F|||50|,,,,,Water]Incineroar||SafetyGoggles|Intimidate|FakeOut,FlareBlitz,KnockOff,PartingShot|||F|||50|,,,,,Ghost]Ursaluna-Bloodmoon||LifeOrb|MindsEye|HyperVoice,EarthPower,BloodMoon,Protect|||M|||50|,,,,,Poison]Farigiraf||MentalHerb|ArmorTail|Psychic,HelpingHand,TrickRoom,Protect|||F|||50|,,,,,Dragon
|inactive|Battle timer is ON: inactive players will automatically lose when time's up. (requested by merr123)
|inactive|merr123 has 60 seconds left.
|
|t:|1756970952
|teamsize|p1|4
|teamsize|p2|4
|start
|switch|p1a: Serperior|Serperior, L50, F|100/100
|switch|p1b: Typhlosion|Typhlosion-Hisui, L50, F|100/100
|switch|p2a: Farigiraf|Farigiraf, L50, F|100/100
|switch|p2b: Incineroar|Incineroar, L50, F|100/100
|-ability|p2b: Incineroar|Intimidate|boost
|-boost|p1a: Serperior|atk|1
|-unboost|p1b: Typhlosion|atk|1
|turn|1
|inactive|Mtcoc2 has 30 seconds left.
|inactive|merr123 has 30 seconds left.
|
|t:|1756970984
|-terastallize|p2a: Farigiraf|Dragon
|move|p1b: Typhlosion|Eruption|p2b: Incineroar|[spread] p2a,p2b
|-resisted|p2a: Farigiraf
|-resisted|p2b: Incineroar
|-damage|p2a: Farigiraf|71/100
|-damage|p2b: Incineroar|75/100
|move|p1a: Serperior|Taunt|p2a: Farigiraf
|-start|p2a: Farigiraf|move: Taunt
|-enditem|p2a: Farigiraf|Mental Herb
|-end|p2a: Farigiraf|move: Taunt
|move|p2b: Incineroar|Flare Blitz|p1a: Serperior
|-supereffective|p1a: Serperior
|-damage|p1a: Serperior|0 fnt
|faint|p1a: Serperior
|-damage|p2b: Incineroar|46/100|[from] Recoil
|move|p2a: Farigiraf|Trick Room|p2a: Farigiraf
|-fieldstart|move: Trick Room|[of] p2a: Farigiraf
|
|upkeep
|
|t:|1756971001
|switch|p1a: Tyranitar|Tyranitar, L50, F|100/100
|-weather|Sandstorm|[from] ability: Sand Stream|[of] p1a: Tyranitar
|turn|2
|
|t:|1756971024
|switch|p1b: Garchomp|Garchomp, L50, M|100/100
|move|p2a: Farigiraf|Helping Hand|p2b: Incineroar
|-singleturn|p2b: Incineroar|Helping Hand|[of] p2a: Farigiraf
|move|p2b: Incineroar|Knock Off|p1b: Garchomp|[miss]
|-miss|p2b: Incineroar|p1b: Garchomp
|move|p1a: Tyranitar|Rock Slide|p2b: Incineroar|[spread] p2a,p2b
|-supereffective|p2b: Incineroar
|-damage|p2a: Farigiraf|48/100
|-damage|p2b: Incineroar|0 fnt
|faint|p2b: Incineroar
|
|-weather|Sandstorm|[upkeep]
|-damage|p2a: Farigiraf|41/100|[from] Sandstorm
|upkeep
|inactive|merr123 has 30 seconds left.
|
|t:|1756971050
|switch|p2b: Ursaluna|Ursaluna-Bloodmoon, L50, M|100/100
|turn|3
|
|t:|1756971068
|switch|p2a: Sneasler|Sneasler, L50, F|100/100
|switch|p1b: Typhlosion|Typhlosion-Hisui, L50, F|100/100
|-terastallize|p1a: Tyranitar|Flying
|move|p2b: Ursaluna|Blood Moon|p1b: Typhlosion
|-damage|p1b: Typhlosion|0 fnt
|faint|p1b: Typhlosion
|-damage|p2b: Ursaluna|91/100|[from] item: Life Orb
|move|p1a: Tyranitar|Knock Off|p2b: Ursaluna
|-damage|p2b: Ursaluna|52/100
|-enditem|p2b: Ursaluna|Life Orb|[from] move: Knock Off|[of] p1a: Tyranitar
|
|-weather|Sandstorm|[upkeep]
|-damage|p1a: Tyranitar|95/100|[from] Sandstorm
|-damage|p2a: Sneasler|94/100|[from] Sandstorm
|upkeep
|
|t:|1756971084
|switch|p1b: Garchomp|Garchomp, L50, M|100/100
|turn|4
|inactive|merr123 has 30 seconds left.
|
|t:|1756971116
|move|p1b: Garchomp|Protect|p1b: Garchomp
|-singleturn|p1b: Garchomp|Protect
|move|p2a: Sneasler|Protect|p2a: Sneasler
|-singleturn|p2a: Sneasler|Protect
|move|p2b: Ursaluna|Hyper Voice|p1b: Garchomp|[spread] p1a
|-activate|p1b: Garchomp|move: Protect
|-damage|p1a: Tyranitar|74/100
|move|p1a: Tyranitar|Tera Blast|p2b: Ursaluna|[anim] Tera Blast Flying
|-damage|p2b: Ursaluna|22/100
|
|-weather|Sandstorm|[upkeep]
|-damage|p1a: Tyranitar|68/100|[from] Sandstorm
|-damage|p2a: Sneasler|88/100|[from] Sandstorm
|upkeep
|turn|5
|
|t:|1756971132
|switch|p2a: Farigiraf|Farigiraf, L50, F, tera:Dragon|41/100
|move|p2b: Ursaluna|Blood Moon|p1b: Garchomp
|-damage|p1b: Garchomp|19/100
|move|p1a: Tyranitar|Tera Blast|p2b: Ursaluna|[anim] Tera Blast Flying
|-damage|p2b: Ursaluna|0 fnt
|faint|p2b: Ursaluna
|move|p1b: Garchomp|Earthquake|p2a: Farigiraf|[spread] p2a
|-immune|p1a: Tyranitar
|-damage|p2a: Farigiraf|10/100
|
|-weather|Sandstorm|[upkeep]
|-damage|p2a: Farigiraf|4/100|[from] Sandstorm
|-damage|p1a: Tyranitar|62/100|[from] Sandstorm
|-fieldend|move: Trick Room
|upkeep
|
|t:|1756971142
|switch|p2b: Sneasler|Sneasler, L50, F|88/100
|turn|6
|
|t:|1756971158
|move|p2a: Farigiraf|Helping Hand|p2b: Sneasler
|-singleturn|p2b: Sneasler|Helping Hand|[of] p2a: Farigiraf
|move|p2b: Sneasler|Dire Claw|p1a: Tyranitar
|-crit|p1a: Tyranitar
|-damage|p1a: Tyranitar|0 fnt
|faint|p1a: Tyranitar
|move|p1b: Garchomp|Earthquake|p2b: Sneasler|[spread] p2a,p2b
|-supereffective|p2b: Sneasler
|-damage|p2a: Farigiraf|0 fnt
|-damage|p2b: Sneasler|0 fnt
|faint|p2a: Farigiraf
|faint|p2b: Sneasler
|
|win|Mtcoc2
|raw|Mtcoc2's rating: 1330 → 1353(+23 for winning)
|raw|merr123's rating: 1390 → 1367(-23 for losing)
