|j|☆YungHurn1220
|j|☆workingmangarby
|html|YungHurn1220workingmangarby    
|uhtml|bestof|Game 1 of a best-of-3
|t:|1782218118
|gametype|doubles
|player|p1|YungHurn1220|rocketgrunt|1116
|player|p2|workingmangarby|gentleman-gen4dp|1169
|gen|9
|tier|[Gen 9 Champions] VGC 2026 Reg M-B (Bo3)
|rated|
|rule|Species Clause: Limit one of each Pokémon
|rule|Item Clause: Limit 1 of each item
|clearpoke
|poke|p1|Malamar, L50, M|
|poke|p1|Whimsicott, L50, F|
|poke|p1|Staraptor, L50, M|
|poke|p1|Wyrdeer, L50, M|
|poke|p1|Maushold, L50|
|poke|p1|Raichu, L50, M|
|poke|p2|Pyroar, L50, F|
|poke|p2|Torkoal, L50, F|
|poke|p2|Whimsicott, L50, M|
|poke|p2|Mawile, L50, F|
|poke|p2|Basculegion, L50, M|
|poke|p2|Farigiraf, L50, F|
|teampreview|4
|showteam|p1|Malamar||Malamarite|Contrary|Superpower,KnockOff,PsychoCut,Protect|Adamant||M|||50|]Whimsicott||FocusSash|Prankster|Tailwind,Encore,Moonblast,Endeavor|Timid||F|||50|]Staraptor||Staraptite|Intimidate|CloseCombat,BraveBird,Tailwind,Protect|Adamant||M|||50|]Wyrdeer||ExpertBelt|Intimidate|SkillSwap,BodySlam,Lunge,Protect|Adamant||M|||50|]Maushold||BrightPowder|FriendGuard|FollowMe,SuperFang,Taunt,Protect|Jolly|||||50|]Raichu||RaichuniteY|LightningRod|NastyPlot,ZapCannon,FocusBlast,Protect|Modest||M|||50|
|showteam|p2|Pyroar||Pyroarite|Unnerve|HeatWave,Overheat,SolarBeam,Protect|Timid||F|||50|]Torkoal||Charcoal|Drought|HeatWave,WeatherBall,HelpingHand,Protect|Modest||F|||50|]Whimsicott||FocusSash|Prankster|Moonblast,Tailwind,SunnyDay,Protect|Timid||M|||50|]Mawile||Mawilite|HyperCutter|PlayRough,RockSlide,SuckerPunch,Protect|Adamant||F|||50|]Basculegion||LifeOrb|Adaptability|WaveCrash,LastRespects,AquaJet,Protect|Adamant||M|||50|]Farigiraf||SitrusBerry|ArmorTail|Psychic,Thunderbolt,TrickRoom,HelpingHand|Bold||F|||50|
|inactive|Battle timer is ON: inactive players will automatically lose when time's up. (requested by YungHurn1220)
|inactive|workingmangarby has 60 seconds left.
|
|t:|1782218165
|teamsize|p1|4
|teamsize|p2|4
|start
|switch|p1a: Maushold|Maushold, L50|100/100
|switch|p1b: Wyrdeer|Wyrdeer, L50, M|100/100
|switch|p2a: Pyroar|Pyroar, L50, F|100/100
|switch|p2b: Whimsicott|Whimsicott, L50, M|100/100
|-ability|p2a: Pyroar|Unnerve
|-ability|p1b: Wyrdeer|Intimidate|boost
|-unboost|p2a: Pyroar|atk|1
|-unboost|p2b: Whimsicott|atk|1
|turn|1
|
|t:|1782218181
|detailschange|p2a: Pyroar|Pyroar-Mega, L50, F
|-mega|p2a: Pyroar|Pyroar|Pyroarite
|move|p2b: Whimsicott|Sunny Day|p2b: Whimsicott
|-weather|SunnyDay
|move|p2a: Pyroar|Heat Wave|p1a: Maushold|[spread] p1b
|-miss|p2a: Pyroar|p1a: Maushold
|-crit|p1b: Wyrdeer
|-damage|p1b: Wyrdeer|0 fnt
|faint|p1b: Wyrdeer
|move|p1a: Maushold|Taunt|p2b: Whimsicott
|-start|p2b: Whimsicott|move: Taunt
|
|-weather|SunnyDay|[upkeep]
|upkeep
|
|t:|1782218196
|switch|p1b: Whimsicott|Whimsicott, L50, F|100/100
|turn|2
|inactive|workingmangarby has 30 seconds left.
|
|t:|1782218227
|switch|p2b: Farigiraf|Farigiraf, L50, F|100/100
|move|p2a: Pyroar|Protect|p2a: Pyroar
|-singleturn|p2a: Pyroar|Protect
|move|p1b: Whimsicott|Tailwind|p1b: Whimsicott
|-sidestart|p1: YungHurn1220|move: Tailwind
|move|p1a: Maushold|Super Fang|p2a: Pyroar
|-activate|p2a: Pyroar|move: Protect
|
|-weather|SunnyDay|[upkeep]
|upkeep
|turn|3
|
|t:|1782218241
|move|p1b: Whimsicott|Encore||[still]
|cant|p2b: Farigiraf|ability: Armor Tail|Encore|[of] p1b: Whimsicott
|move|p1a: Maushold|Taunt|p2b: Farigiraf
|-start|p2b: Farigiraf|move: Taunt
|move|p2a: Pyroar|Heat Wave|p1b: Whimsicott|[spread] p1a,p1b
|-supereffective|p1b: Whimsicott|1
|-damage|p1a: Maushold|0 fnt
|-enditem|p1b: Whimsicott|Focus Sash
|-damage|p1b: Whimsicott|1/100
|faint|p1a: Maushold
|cant|p2b: Farigiraf|move: Taunt|Trick Room
|
|-weather|SunnyDay|[upkeep]
|upkeep
|
|t:|1782218246
|switch|p1a: Malamar|Malamar, L50, M|100/100
|turn|4
|
|t:|1782218253
|detailschange|p1a: Malamar|Malamar-Mega, L50, M
|-mega|p1a: Malamar|Malamar|Malamarite
|move|p1b: Whimsicott|Endeavor|p2a: Pyroar
|-damage|p2a: Pyroar|1/100
|move|p1a: Malamar|Superpower|p2a: Pyroar
|-supereffective|p2a: Pyroar|1
|-damage|p2a: Pyroar|0 fnt
|-boost|p1a: Malamar|atk|1
|-boost|p1a: Malamar|def|1
|faint|p2a: Pyroar
|move|p2b: Farigiraf|Psychic|p1b: Whimsicott
|-damage|p1b: Whimsicott|0 fnt
|faint|p1b: Whimsicott
|
|-weather|SunnyDay|[upkeep]
|upkeep
|
|t:|1782218264
|switch|p2a: Basculegion|Basculegion, L50, M|100/100
|turn|5
|
|t:|1782218270
|switch|p2b: Whimsicott|Whimsicott, L50, M|100/100
|move|p2a: Basculegion|Protect|p2a: Basculegion
|-singleturn|p2a: Basculegion|Protect
|move|p1a: Malamar|Knock Off|p2a: Basculegion
|-activate|p2a: Basculegion|move: Protect
|
|-weather|none
|-sideend|p1: YungHurn1220|move: Tailwind
|upkeep
|turn|6
|
|t:|1782218283
|move|p2b: Whimsicott|Tailwind|p2b: Whimsicott
|-sidestart|p2: workingmangarby|move: Tailwind
|move|p2a: Basculegion|Wave Crash|p1a: Malamar
|-damage|p1a: Malamar|20/100y
|-damage|p2a: Basculegion|76/100|[from] Recoil
|-damage|p2a: Basculegion|66/100|[from] item: Life Orb
|move|p1a: Malamar|Knock Off|p2a: Basculegion
|-supereffective|p2a: Basculegion|1
|-damage|p2a: Basculegion|0 fnt
|-enditem|p2a: Basculegion|Life Orb|[from] move: Knock Off|[of] p1a: Malamar
|faint|p2a: Basculegion
|
|upkeep
|
|t:|1782218288
|switch|p2a: Farigiraf|Farigiraf, L50, F|100/100
|turn|7
|
|t:|1782218292
|move|p2b: Whimsicott|Moonblast|p1a: Malamar
|-supereffective|p1a: Malamar|1
|-damage|p1a: Malamar|0 fnt
|faint|p1a: Malamar
|
|win|workingmangarby
||workingmangarby is ready for game 2.
|inactive|YungHurn1220 has 30 seconds to confirm battle start!
|inactive|YungHurn1220 has 20 seconds to confirm battle start!
||YungHurn1220 is ready for game 2.
|uhtml|next|Next: Game 2 of 3
|l|☆YungHurn1220
|player|p1|
