|j|☆Metal Legs Solid
|j|☆gentlemangarby
|html|Metal Legs Solidgentlemangarby    
|uhtml|bestof|Game 3 of a best-of-3
|t:|1785286871
|gametype|doubles
|player|p1|Metal Legs Solid|byron|
|player|p2|gentlemangarby|crasherwake|
|gen|9
|tier|[Gen 9 Champions] VGC 2026 Reg M-B (Bo3)
|rule|Species Clause: Limit one of each Pokémon
|rule|Item Clause: Limit 1 of each item
|clearpoke
|poke|p1|Venusaur, L50, M|
|poke|p1|Charizard, L50, F|
|poke|p1|Archaludon, L50, M|
|poke|p1|Pelipper, L50, F|
|poke|p1|Grimmsnarl, L50, M|
|poke|p1|Basculegion, L50, M|
|poke|p2|Sneasler, L50, M|
|poke|p2|Farigiraf, L50, M|
|poke|p2|Camerupt, L50, F|
|poke|p2|Primarina, L50, F|
|poke|p2|Sinistcha, L50|
|poke|p2|Kingambit, L50, M|
|teampreview|4
|showteam|p1|Venusaur||FocusSash|Chlorophyll|EarthPower,SludgeBomb,SleepPowder,Protect|Modest||M|||50|]Charizard||CharizarditeY|Blaze|WeatherBall,HeatWave,SolarBeam,Protect|Modest||F|||50|]Archaludon||Leftovers|Stamina|ElectroShot,DragonPulse,FlashCannon,Protect|Calm||M|||50|]Pelipper||SitrusBerry|Drizzle|WeatherBall,Tailwind,Hurricane,WideGuard|Modest||F|||50|]Grimmsnarl||LightClay|Prankster|PartingShot,LightScreen,Reflect,SpiritBreak|Sassy||M|||50|]Basculegion||ChoiceScarf|Adaptability|LastRespects,FlipTurn,AquaJet,WaveCrash|Jolly||M|||50|
|showteam|p2|Sneasler||IronBall|Unburden|CloseCombat,GunkShot,Fling,FakeOut|Adamant||M|||50|]Farigiraf||SitrusBerry|ArmorTail|Psychic,Thunderbolt,Protect,TrickRoom|Bold||M|||50|]Camerupt||Cameruptite|SolidRock|HeatWave,EarthPower,AncientPower,Protect|Quiet||F|||50|]Primarina||LifeOrb|LiquidVoice|HyperVoice,Moonblast,AquaJet,Protect|Quiet||F|||50|]Sinistcha||FocusSash|Hospitality|MatchaGotcha,ShadowBall,RagePowder,TrickRoom|Quiet|||||50|]Kingambit||BlackGlasses|Defiant|KowtowCleave,SuckerPunch,IronHead,SwordsDance|Brave||M|||50|
|
|t:|1785286922
|teamsize|p1|4
|teamsize|p2|4
|start
|switch|p1a: Venusaur|Venusaur, L50, M|100/100
|switch|p1b: Charizard|Charizard, L50, F|100/100
|switch|p2a: Sneasler|Sneasler, L50, M|100/100
|switch|p2b: Farigiraf|Farigiraf, L50, M|100/100
|turn|1
|
|t:|1785286940
|switch|p1a: Archaludon|Archaludon, L50, M|100/100
|detailschange|p1b: Charizard|Charizard-Mega-Y, L50, F
|-mega|p1b: Charizard|Charizard|Charizardite Y
|-weather|SunnyDay|[from] ability: Drought|[of] p1b: Charizard
|move|p2a: Sneasler|Fake Out|p1a: Archaludon
|-resisted|p1a: Archaludon|1
|-damage|p1a: Archaludon|94/100
|-ability|p1a: Archaludon|Stamina|boost
|-boost|p1a: Archaludon|def|1
|move|p1b: Charizard|Heat Wave|p2a: Sneasler|[spread] p2a
|-miss|p1b: Charizard|p2b: Farigiraf
|-damage|p2a: Sneasler|24/100
|move|p2b: Farigiraf|Trick Room|p2b: Farigiraf
|-fieldstart|move: Trick Room|[of] p2b: Farigiraf
|
|-weather|SunnyDay|[upkeep]
|-heal|p1a: Archaludon|100/100|[from] item: Leftovers
|upkeep
|turn|2
|j| Local_shinobi
|
|t:|1785286998
|move|p2a: Sneasler|Close Combat|p1a: Archaludon
|-supereffective|p1a: Archaludon|1
|-damage|p1a: Archaludon|35/100
|-unboost|p2a: Sneasler|def|1
|-unboost|p2a: Sneasler|spd|1
|-ability|p1a: Archaludon|Stamina|boost
|-boost|p1a: Archaludon|def|1
|move|p2b: Farigiraf|Thunderbolt|p1b: Charizard
|-supereffective|p1b: Charizard|1
|-damage|p1b: Charizard|57/100
|move|p1a: Archaludon|Dragon Pulse|p2b: Farigiraf
|-damage|p2b: Farigiraf|69/100
|move|p1b: Charizard|Heat Wave|p2a: Sneasler|[spread] p2a,p2b
|-damage|p2a: Sneasler|0 fnt
|-damage|p2b: Farigiraf|10/100
|-enditem|p2b: Farigiraf|Sitrus Berry|[eat]
|-heal|p2b: Farigiraf|34/100|[from] item: Sitrus Berry
|faint|p2a: Sneasler
|
|-weather|SunnyDay|[upkeep]
|-heal|p1a: Archaludon|41/100|[from] item: Leftovers
|upkeep
|
|t:|1785287007
|switch|p2a: Camerupt|Camerupt, L50, F|100/100
|turn|3
|l| Local_shinobi
|
|t:|1785287030
|detailschange|p2a: Camerupt|Camerupt-Mega, L50, F
|-mega|p2a: Camerupt|Camerupt|Cameruptite
|move|p1b: Charizard|Protect|p1b: Charizard
|-singleturn|p1b: Charizard|Protect
|move|p2a: Camerupt|Heat Wave|p1a: Archaludon|[spread] p1a
|-activate|p1b: Charizard|move: Protect
|-damage|p1a: Archaludon|0 fnt
|faint|p1a: Archaludon
|move|p2b: Farigiraf|Thunderbolt|p1b: Charizard
|-activate|p1b: Charizard|move: Protect
|
|-weather|SunnyDay|[upkeep]
|upkeep
|
|t:|1785287043
|switch|p1a: Pelipper|Pelipper, L50, F|100/100
|-weather|RainDance|[from] ability: Drizzle|[of] p1a: Pelipper
|turn|4
|
|t:|1785287084
|switch|p1a: Venusaur|Venusaur, L50, M|100/100
|move|p1b: Charizard|Protect||[still]
|-fail|p1b: Charizard
|move|p2a: Camerupt|Ancient Power|p1b: Charizard
|-supereffective|p1b: Charizard|2
|-damage|p1b: Charizard|0 fnt
|faint|p1b: Charizard
|move|p2b: Farigiraf|Thunderbolt|p1a: Venusaur
|-resisted|p1a: Venusaur|1
|-damage|p1a: Venusaur|87/100
|-status|p1a: Venusaur|par
|
|-weather|RainDance|[upkeep]
|upkeep
|
|t:|1785287096
|switch|p1b: Pelipper|Pelipper, L50, F|100/100
|turn|5
|
|t:|1785287111
|move|p2a: Camerupt|Ancient Power|p1b: Pelipper
|-supereffective|p1b: Pelipper|1
|-damage|p1b: Pelipper|1/100
|-enditem|p1b: Pelipper|Sitrus Berry|[eat]
|-heal|p1b: Pelipper|26/100|[from] item: Sitrus Berry
|move|p1a: Venusaur|Sleep Powder|p2b: Farigiraf
|-status|p2b: Farigiraf|slp|[from] move: Sleep Powder
|cant|p2b: Farigiraf|slp
|move|p1b: Pelipper|Weather Ball|p2a: Camerupt
|-supereffective|p2a: Camerupt|2
|-damage|p2a: Camerupt|0 fnt
|faint|p2a: Camerupt
|
|-weather|RainDance|[upkeep]
|-fieldend|move: Trick Room
|upkeep
|
|t:|1785287118
|switch|p2a: Sinistcha|Sinistcha, L50|100/100
|-heal|p2b: Farigiraf|59/100 slp|[from] ability: Hospitality|[of] p2a: Sinistcha
|turn|6
|
|t:|1785287153
|move|p1b: Pelipper|Hurricane|p2a: Sinistcha
|-supereffective|p2a: Sinistcha|1
|-enditem|p2a: Sinistcha|Focus Sash
|-damage|p2a: Sinistcha|1/100
|-start|p2a: Sinistcha|confusion
|-activate|p2a: Sinistcha|confusion
|move|p2a: Sinistcha|Shadow Ball|p1b: Pelipper
|-damage|p1b: Pelipper|0 fnt
|faint|p1b: Pelipper
|move|p1a: Venusaur|Sludge Bomb|p2a: Sinistcha
|-damage|p2a: Sinistcha|0 fnt
|faint|p2a: Sinistcha
|cant|p2b: Farigiraf|slp
|
|-weather|RainDance|[upkeep]
|upkeep
|turn|7
|
|t:|1785287179
|-curestatus|p2b: Farigiraf|slp|[msg]
|move|p2b: Farigiraf|Psychic|p1a: Venusaur
|-supereffective|p1a: Venusaur|1
|-crit|p1a: Venusaur
|-damage|p1a: Venusaur|0 fnt
|faint|p1a: Venusaur
|
|win|gentlemangarby
|c|☆Metal Legs Solid|gg!
|c|☆gentlemangarby|ggwp
|c|☆Metal Legs Solid|wp to you too
|l|☆Metal Legs Solid
|player|p1|
