|j|☆bunii on spotify
|j|☆Lab01JNEST
|html|bunii on spotifyLab01JNEST    
|uhtml|bestof|Game 1 of a best-of-3
|t:|1757701896
|gametype|doubles
|player|p1|bunii on spotify|cheryl|1278
|player|p2|Lab01JNEST|266|1349
|gen|9
|tier|[Gen 9] VGC 2025 Reg H (Bo3)
|rated|
|rule|Species Clause: Limit one of each Pokémon
|rule|Item Clause: Limit 1 of each item
|clearpoke
|poke|p1|Gholdengo, L50|
|poke|p1|Sneasler, L50, M|
|poke|p1|Rillaboom, L50, F|
|poke|p1|Dragonite, L50, M|
|poke|p1|Ninetales-Alola, L50, F|
|poke|p1|Arcanine-Hisui, L50, F|
|poke|p2|Tyranitar, L50, F|
|poke|p2|Garchomp, L50, F|
|poke|p2|Sinistcha, L50|
|poke|p2|Dragonite, L50, F|
|poke|p2|Corviknight, L50, F|
|poke|p2|Volcarona, L50, M|
|teampreview|4
|showteam|p1|Gholdengo||GrassySeed|GoodasGold|NastyPlot,MakeItRain,ShadowBall,Protect||||||50|,,,,,Water]Sneasler||WhiteHerb|Unburden|CloseCombat,DireClaw,Coaching,Protect|||M|||50|,,,,,Ghost]Rillaboom||AssaultVest|GrassySurge|FakeOut,GrassyGlide,DrumBeating,HighHorsepower|||F|||50|,,,,,Fire]Dragonite||LoadedDice|Multiscale|ScaleShot,StompingTantrum,Tailwind,Protect|||M|||50|,,,,,Ground]Ninetales-Alola||FocusSash|SnowWarning|Blizzard,IcyWind,Encore,AuroraVeil|||F|||50|,,,,,Ghost]Arcanine-Hisui||ClearAmulet|Intimidate|RockSlide,FlareBlitz,ExtremeSpeed,Protect|||F|||50|,,,,,Water
|showteam|p2|Tyranitar||AssaultVest|SandStream|RockSlide,KnockOff,TeraBlast,LowKick|||F|||50|,,,,,Flying]Garchomp||LifeOrb|RoughSkin|Protect,DragonClaw,StompingTantrum,Earthquake|||F|||50|,,,,,Ground]Sinistcha||RockyHelmet|Hospitality|MatchaGotcha,LifeDew,TrickRoom,RagePowder||||||50|,,,,,Dark]Dragonite||ChoiceBand|InnerFocus|Outrage,ExtremeSpeed,IceSpinner,AerialAce|||F|||50|,,,,,Normal]Corviknight||SitrusBerry|MirrorArmor|Tailwind,BulkUp,Roost,BraveBird|||F|||50|,,,,,Dragon]Volcarona||Leftovers|FlameBody|FieryDance,GigaDrain,QuiverDance,Protect|||M|||50|,,,,,Dragon
|inactive|Battle timer is ON: inactive players will automatically lose when time's up. (requested by Lab01JNEST)
|inactive|Lab01JNEST has 60 seconds left.
|
|t:|1757701930
|teamsize|p1|4
|teamsize|p2|4
|start
|switch|p1a: Gholdengo|Gholdengo, L50, shiny|100/100
|switch|p1b: Dragonite|Dragonite, L50, M|100/100
|switch|p2a: Dragonite|Dragonite, L50, F|100/100
|switch|p2b: Volcarona|Volcarona, L50, M|100/100
|turn|1
|
|t:|1757701944
|switch|p1a: Ninetales|Ninetales-Alola, L50, F|100/100
|-weather|Snowscape|[from] ability: Snow Warning|[of] p1a: Ninetales
|-terastallize|p2a: Dragonite|Normal
|move|p2b: Volcarona|Quiver Dance|p2b: Volcarona
|-boost|p2b: Volcarona|spa|1
|-boost|p2b: Volcarona|spd|1
|-boost|p2b: Volcarona|spe|1
|move|p1b: Dragonite|Tailwind|p1b: Dragonite
|-sidestart|p1: bunii on spotify|move: Tailwind
|move|p2a: Dragonite|Outrage|p1b: Dragonite
|-supereffective|p1b: Dragonite
|-damage|p1b: Dragonite|0 fnt
|faint|p1b: Dragonite
|
|-weather|Snowscape|[upkeep]
|upkeep
|
|t:|1757701959
|switch|p1b: Arcanine|Arcanine-Hisui, L50, F|100/100
|-ability|p1b: Arcanine|Intimidate|boost
|-fail|p2a: Dragonite|unboost|Attack|[from] ability: Inner Focus|[of] p2a: Dragonite
|-unboost|p2b: Volcarona|atk|1
|turn|2
|
|t:|1757701966
|move|p2b: Volcarona|Protect|p2b: Volcarona
|-singleturn|p2b: Volcarona|Protect
|move|p1a: Ninetales|Encore|p2b: Volcarona
|-activate|p2b: Volcarona|move: Protect
|move|p1b: Arcanine|Rock Slide|p2a: Dragonite|[spread] p2a
|-activate|p2b: Volcarona|move: Protect
|-damage|p2a: Dragonite|72/100
|move|p2a: Dragonite|Outrage|p1a: Ninetales|[from] lockedmove
|-immune|p1a: Ninetales
|
|-weather|Snowscape|[upkeep]
|upkeep
|turn|3
|
|t:|1757701978
|switch|p2b: Tyranitar|Tyranitar, L50, F|100/100
|-weather|Sandstorm|[from] ability: Sand Stream|[of] p2b: Tyranitar
|move|p1a: Ninetales|Encore||[still]
|-fail|p1a: Ninetales
|move|p1b: Arcanine|Rock Slide|p2b: Tyranitar|[spread] p2a
|-miss|p1b: Arcanine|p2b: Tyranitar
|-damage|p2a: Dragonite|41/100
|move|p2a: Dragonite|Outrage|p1b: Arcanine
|-damage|p1b: Arcanine|0 fnt
|faint|p1b: Arcanine
|
|-weather|Sandstorm|[upkeep]
|-damage|p1a: Ninetales|94/100|[from] Sandstorm
|-damage|p2a: Dragonite|35/100|[from] Sandstorm
|upkeep
|
|t:|1757701991
|switch|p1b: Gholdengo|Gholdengo, L50, shiny|100/100
|turn|4
|
|t:|1757701995
|-terastallize|p1b: Gholdengo|Water
|move|p1a: Ninetales|Icy Wind|p2a: Dragonite|[spread] p2a,p2b
|-damage|p2a: Dragonite|18/100
|-damage|p2b: Tyranitar|94/100
|-unboost|p2a: Dragonite|spe|1
|-unboost|p2b: Tyranitar|spe|1
|move|p1b: Gholdengo|Nasty Plot|p1b: Gholdengo
|-boost|p1b: Gholdengo|spa|2
|move|p2a: Dragonite|Outrage|p1a: Ninetales|[from] lockedmove
|-immune|p1a: Ninetales
|move|p2b: Tyranitar|Knock Off|p1b: Gholdengo
|-damage|p1b: Gholdengo|44/100
|-enditem|p1b: Gholdengo|Grassy Seed|[from] move: Knock Off|[of] p2b: Tyranitar
|
|-weather|Sandstorm|[upkeep]
|-damage|p1a: Ninetales|88/100|[from] Sandstorm
|-damage|p1b: Gholdengo|37/100|[from] Sandstorm
|-damage|p2a: Dragonite|12/100|[from] Sandstorm
|-sideend|p1: bunii on spotify|move: Tailwind
|upkeep
|turn|5
|-message|bunii on spotify forfeited.
|
|win|Lab01JNEST
|l|☆bunii on spotify
|player|p1|
||bunii on spotify is ready for game 2.
