|j|☆SitrusC
|j|☆MagicalArcher57
|html|SitrusCMagicalArcher57    
|uhtml|bestof|Game 1 of a best-of-3
|t:|1783860803
|gametype|doubles
|player|p1|SitrusC|lucas|
|player|p2|MagicalArcher57|diantha|
|gen|9
|tier|[Gen 9 Champions] VGC 2026 Reg M-B (Bo3)
|rule|Species Clause: Limit one of each Pokémon
|rule|Item Clause: Limit 1 of each item
|clearpoke
|poke|p1|Charizard, L50, M|
|poke|p1|Garchomp, L50, F|
|poke|p1|Kingambit, L50, M|
|poke|p1|Aerodactyl, L50, M|
|poke|p1|Farigiraf, L50, M|
|poke|p1|Sylveon, L50, F|
|poke|p2|Aerodactyl, L50, M|
|poke|p2|Kingambit, L50, F|
|poke|p2|Sylveon, L50, M|
|poke|p2|Garchomp, L50, M|
|poke|p2|Charizard, L50, M|
|poke|p2|Incineroar, L50, M|
|teampreview|4
|showteam|p1|Charizard||CharizarditeY|Blaze|Protect,HeatWave,SolarBeam,WeatherBall|Modest||M|||50|]Garchomp||LifeOrb|RoughSkin|Protect,Earthquake,DragonClaw,StompingTantrum|Jolly||F|||50|]Kingambit||FocusSash|Defiant|LowKick,IronHead,SuckerPunch,KowtowCleave|Adamant||M|||50|]Aerodactyl||Aerodactylite|Unnerve|Tailwind,IceFang,RockSlide,WideGuard|Jolly||M|||50|]Farigiraf||SitrusBerry|ArmorTail|TrickRoom,TwinBeam,Thunderbolt,HelpingHand|Bold||M|||50|]Sylveon||FairyFeather|Pixilate|Protect,HyperVoice,HyperBeam,QuickAttack|Modest||F|||50|
|showteam|p2|Aerodactyl||Aerodactylite|Unnerve|RockSlide,IceFang,Tailwind,WideGuard|Jolly||M|||50|]Kingambit||FocusSash|Defiant|KowtowCleave,SuckerPunch,IronHead,Protect|Adamant||F|||50|]Sylveon||FairyFeather|Pixilate|Detect,HyperVoice,HyperBeam,QuickAttack|Modest||M|||50|]Garchomp||LifeOrb|RoughSkin|Earthquake,DragonClaw,StompingTantrum,Protect|Jolly||M|||50|]Charizard||CharizarditeY|Blaze|Protect,HeatWave,SolarBeam,WeatherBall|Modest||M|||50|]Incineroar||SitrusBerry|Intimidate|DarkestLariat,FlareBlitz,FakeOut,PartingShot|Impish||M|||50|
|inactive|Battle timer is ON: inactive players will automatically lose when time's up. (requested by MagicalArcher57)
|inactive|SitrusC also wants the timer to be on.
|c|☆MagicalArcher57|glhf
|c|☆SitrusC|Glhf
|inactive|SitrusC has 60 seconds left.
|inactive|MagicalArcher57 has 60 seconds left.
|inactive|SitrusC has 30 seconds left.
|
|t:|1783860868
|teamsize|p1|4
|teamsize|p2|4
|start
|switch|p1a: Kingambit|Kingambit, L50, M|100/100
|switch|p1b: Aerodactyl|Aerodactyl, L50, M|100/100
|switch|p2a: Incineroar|Incineroar, L50, M|100/100
|switch|p2b: Kingambit|Kingambit, L50, F|100/100
|-ability|p1b: Aerodactyl|Unnerve
|-ability|p2a: Incineroar|Intimidate|boost
|-unboost|p1a: Kingambit|atk|1
|-ability|p1a: Kingambit|Defiant|boost
|-boost|p1a: Kingambit|atk|2
|-unboost|p1b: Aerodactyl|atk|1
|turn|1
|inactive|SitrusC has 30 seconds left.
|
|t:|1783860895
|switch|p1b: Garchomp|Garchomp, L50, F|100/100
|move|p1a: Kingambit|Low Kick|p2b: Kingambit
|-supereffective|p2b: Kingambit|2
|-enditem|p2b: Kingambit|Focus Sash
|-damage|p2b: Kingambit|1/100
|move|p2b: Kingambit|Iron Head|p1b: Garchomp
|-damage|p1b: Garchomp|57/100
|-damage|p2b: Kingambit|0 fnt|[from] ability: Rough Skin|[of] p1b: Garchomp
|faint|p2b: Kingambit
|move|p2a: Incineroar|Flare Blitz|p1a: Kingambit
|-supereffective|p1a: Kingambit|1
|-damage|p1a: Kingambit|16/100
|-damage|p2a: Incineroar|76/100|[from] Recoil
|
|upkeep
|
|t:|1783860906
|switch|p2b: Aerodactyl|Aerodactyl, L50, M|100/100
|-ability|p2b: Aerodactyl|Unnerve
|turn|2
|inactive|SitrusC has 30 seconds left.
|inactive|SitrusC has 20 seconds left.
|inactive|SitrusC has 15 seconds left.
|inactive|SitrusC has 10 seconds left.
|
|t:|1783860952
|detailschange|p2b: Aerodactyl|Aerodactyl-Mega, L50, M
|-mega|p2b: Aerodactyl|Aerodactyl|Aerodactylite
|move|p1a: Kingambit|Sucker Punch|p2a: Incineroar
|-resisted|p2a: Incineroar|1
|-damage|p2a: Incineroar|54/100
|move|p2b: Aerodactyl|Tailwind|p2b: Aerodactyl
|-sidestart|p2: MagicalArcher57|move: Tailwind
|move|p1b: Garchomp|Dragon Claw|p2b: Aerodactyl
|-damage|p2b: Aerodactyl|39/100
|-damage|p1b: Garchomp|47/100|[from] item: Life Orb
|move|p2a: Incineroar|Flare Blitz|p1a: Kingambit
|-supereffective|p1a: Kingambit|1
|-damage|p1a: Kingambit|0 fnt
|faint|p1a: Kingambit
|-damage|p2a: Incineroar|50/100y|[from] Recoil
|-enditem|p2a: Incineroar|Sitrus Berry|[eat]
|-heal|p2a: Incineroar|74/100|[from] item: Sitrus Berry
|
|upkeep
|
|t:|1783860971
|switch|p1a: Aerodactyl|Aerodactyl, L50, M|100/100
|-ability|p1a: Aerodactyl|Unnerve
|turn|3
|inactive|SitrusC has 30 seconds left.
|
|t:|1783861000
|switch|p1b: Sylveon|Sylveon, L50, F|100/100
|detailschange|p1a: Aerodactyl|Aerodactyl-Mega, L50, M
|-mega|p1a: Aerodactyl|Aerodactyl|Aerodactylite
|move|p2b: Aerodactyl|Ice Fang|p1b: Sylveon
|-damage|p1b: Sylveon|66/100
|move|p1a: Aerodactyl|Rock Slide|p2b: Aerodactyl|[spread] p2a,p2b
|-supereffective|p2a: Incineroar|1
|-supereffective|p2b: Aerodactyl|1
|-damage|p2a: Incineroar|36/100
|-damage|p2b: Aerodactyl|0 fnt
|faint|p2b: Aerodactyl
|cant|p2a: Incineroar|flinch
|
|upkeep
|
|t:|1783861008
|switch|p2b: Sylveon|Sylveon, L50, M|100/100
|turn|4
|c|☆MagicalArcher57|:sob:
|
|t:|1783861029
|move|p1a: Aerodactyl|Tailwind|p1a: Aerodactyl
|-sidestart|p1: SitrusC|move: Tailwind
|move|p2b: Sylveon|Hyper Voice|p1b: Sylveon|[spread] p1a,p1b
|-crit|p1b: Sylveon
|-damage|p1a: Aerodactyl|48/100
|-damage|p1b: Sylveon|6/100
|move|p1b: Sylveon|Hyper Voice|p2a: Incineroar|[spread] p2a,p2b
|-crit|p2a: Incineroar
|-damage|p2a: Incineroar|0 fnt
|-damage|p2b: Sylveon|64/100
|faint|p2a: Incineroar
|
|upkeep
|turn|5
|
|t:|1783861047
|move|p1a: Aerodactyl|Rock Slide|p2b: Sylveon
|-damage|p2b: Sylveon|20/100y
|move|p2b: Sylveon|Hyper Voice|p1a: Aerodactyl|[spread] p1a,p1b
|-damage|p1a: Aerodactyl|0 fnt
|-damage|p1b: Sylveon|0 fnt
|faint|p1a: Aerodactyl
|faint|p1b: Sylveon
|
|-sideend|p2: MagicalArcher57|move: Tailwind
|upkeep
|
|t:|1783861057
|switch|p1a: Garchomp|Garchomp, L50, F|47/100
|turn|6
|
|t:|1783861063
|move|p2b: Sylveon|Detect|p2b: Sylveon
|-singleturn|p2b: Sylveon|Protect
|move|p1a: Garchomp|Earthquake|p2b: Sylveon
|-activate|p2b: Sylveon|move: Protect
|
|upkeep
|turn|7
|
|t:|1783861070
|move|p2b: Sylveon|Quick Attack|p1a: Garchomp
|-supereffective|p1a: Garchomp|1
|-damage|p1a: Garchomp|23/100
|-damage|p2b: Sylveon|7/100|[from] ability: Rough Skin|[of] p1a: Garchomp
|move|p1a: Garchomp|Earthquake|p2b: Sylveon
|-damage|p2b: Sylveon|0 fnt
|faint|p2b: Sylveon
|-damage|p1a: Garchomp|14/100|[from] item: Life Orb
|
|win|SitrusC
