|j|☆GojiraFanBoy
|j|☆kyzito
|html|GojiraFanBoykyzito    
|uhtml|bestof|Game 2 of a best-of-3
|t:|1782270095
|gametype|doubles
|player|p1|GojiraFanBoy|169|1186
|player|p2|kyzito|byron|1161
|gen|9
|tier|[Gen 9 Champions] VGC 2026 Reg M-B (Bo3)
|rated|
|rule|Species Clause: Limit one of each Pokémon
|rule|Item Clause: Limit 1 of each item
|clearpoke
|poke|p1|Charizard, L50, F|
|poke|p1|Venusaur, L50, M|
|poke|p1|Garchomp, L50, F|
|poke|p1|Aerodactyl, L50, F|
|poke|p1|Farigiraf, L50, M|
|poke|p1|Incineroar, L50, M|
|poke|p2|Swampert, L50, M, shiny|
|poke|p2|Pelipper, L50, M|
|poke|p2|Archaludon, L50, F|
|poke|p2|Sinistcha-Masterpiece, L50|
|poke|p2|Gholdengo, L50|
|poke|p2|Maushold, L50|
|teampreview|4
|showteam|p1|Charizard||CharizarditeY|Blaze|HeatWave,WeatherBall,AirSlash,Protect|Modest||F|||50|]Venusaur||LifeOrb|Chlorophyll|SolarBeam,SludgeBomb,EarthPower,Protect|Modest||M|||50|]Garchomp||SoftSand|RoughSkin|Earthquake,StompingTantrum,DragonClaw,Protect|Adamant||F|||50|]Aerodactyl||FocusSash|Unnerve|RockSlide,SunnyDay,WideGuard,Tailwind|Jolly||F|||50|]Farigiraf||TwistedSpoon|ArmorTail|TrickRoom,TwinBeam,HyperVoice,HelpingHand|Quiet||M|||50|]Incineroar||SitrusBerry|Intimidate|FakeOut,FlareBlitz,ThroatChop,PartingShot|Adamant||M|||50|
|showteam|p2|Swampert||Swampertite|Torrent|WaveCrash,HighHorsepower,IcePunch,Protect|Serious||M|||50|]Pelipper||SitrusBerry|Drizzle|Tailwind,Hurricane,WideGuard,WeatherBall|Serious||M|||50|]Archaludon||Leftovers|Stamina|FlashCannon,DragonPulse,ElectroShot,Protect|Calm||F|||50|]Sinistcha-Masterpiece||KasibBerry|Hospitality|MatchaGotcha,TrickRoom,RagePowder,Protect|Bold|||||50|]Gholdengo||LifeOrb|GoodasGold|MakeItRain,ShadowBall,NastyPlot,Protect|Modest|||||50|]Maushold||FocusSash|FriendGuard|FollowMe,PopulationBomb,RainDance,Protect|Serious|||||50|
|
|t:|1782270109
|teamsize|p1|4
|teamsize|p2|4
|start
|switch|p1a: Aerodactyl|Aerodactyl, L50, F|100/100
|switch|p1b: Garchomp|Garchomp, L50, F|100/100
|switch|p2a: Archaludon|Archaludon, L50, F|100/100
|switch|p2b: Maushold|Maushold, L50|100/100
|-ability|p1a: Aerodactyl|Unnerve
|turn|1
|inactive|Battle timer is ON: inactive players will automatically lose when time's up. (requested by kyzito)
|
|t:|1782270123
|switch|p2b: Pelipper|Pelipper, L50, M|100/100
|-weather|RainDance|[from] ability: Drizzle|[of] p2b: Pelipper
|move|p1a: Aerodactyl|Tailwind|p1a: Aerodactyl
|-sidestart|p1: GojiraFanBoy|move: Tailwind
|move|p1b: Garchomp|Earthquake|p2a: Archaludon|[spread] p2a
|-immune|p1a: Aerodactyl
|-immune|p2b: Pelipper
|-supereffective|p2a: Archaludon|1
|-damage|p2a: Archaludon|22/100
|-ability|p2a: Archaludon|Stamina|boost
|-boost|p2a: Archaludon|def|1
|move|p2a: Archaludon|Electro Shot||[still]
|-prepare|p2a: Archaludon|Electro Shot
|-boost|p2a: Archaludon|spa|1
|-anim|p2a: Archaludon|Electro Shot|p1a: Aerodactyl
|-supereffective|p1a: Aerodactyl|1
|-enditem|p1a: Aerodactyl|Focus Sash
|-damage|p1a: Aerodactyl|1/100
|
|-weather|RainDance|[upkeep]
|-heal|p2a: Archaludon|28/100|[from] item: Leftovers
|upkeep
|turn|2
|inactive|GojiraFanBoy has 30 seconds left.
|inactive|kyzito has 30 seconds left.
|inactive|kyzito has 20 seconds left.
|inactive|kyzito has 15 seconds left.
|
|t:|1782270166
|move|p2a: Archaludon|Protect|p2a: Archaludon
|-singleturn|p2a: Archaludon|Protect
|move|p1a: Aerodactyl|Rock Slide|p2a: Archaludon|[spread] p2b
|-activate|p2a: Archaludon|move: Protect
|-supereffective|p2b: Pelipper|1
|-crit|p2b: Pelipper
|-damage|p2b: Pelipper|31/100
|move|p1b: Garchomp|Stomping Tantrum|p2a: Archaludon
|-activate|p2a: Archaludon|move: Protect
|cant|p2b: Pelipper|flinch
|
|-weather|RainDance|[upkeep]
|-heal|p2a: Archaludon|34/100|[from] item: Leftovers
|upkeep
|turn|3
|
|t:|1782270185
|move|p2b: Pelipper|Wide Guard|p2b: Pelipper
|-singleturn|p2b: Pelipper|Wide Guard
|move|p1a: Aerodactyl|Rock Slide|p2a: Archaludon|[spread] 
|-activate|p2a: Archaludon|move: Wide Guard
|-activate|p2b: Pelipper|move: Wide Guard
|move|p1b: Garchomp|Stomping Tantrum|p2a: Archaludon
|-supereffective|p2a: Archaludon|1
|-damage|p2a: Archaludon|0 fnt
|faint|p2a: Archaludon
|
|-weather|RainDance|[upkeep]
|upkeep
|
|t:|1782270196
|switch|p2a: Swampert|Swampert, L50, M, shiny|100/100
|turn|4
|
|t:|1782270215
|switch|p2b: Maushold|Maushold, L50|100/100
|detailschange|p2a: Swampert|Swampert-Mega, L50, M, shiny
|-mega|p2a: Swampert|Swampert|Swampertite
|move|p1b: Garchomp|Protect|p1b: Garchomp
|-singleturn|p1b: Garchomp|Protect
|move|p2a: Swampert|Protect|p2a: Swampert
|-singleturn|p2a: Swampert|Protect
|move|p1a: Aerodactyl|Sunny Day|p1a: Aerodactyl
|-weather|SunnyDay
|
|-weather|SunnyDay|[upkeep]
|-sideend|p1: GojiraFanBoy|move: Tailwind
|upkeep
|turn|5
|
|t:|1782270238
|move|p1a: Aerodactyl|Tailwind|p1a: Aerodactyl
|-sidestart|p1: GojiraFanBoy|move: Tailwind
|move|p1b: Garchomp|Earthquake|p2a: Swampert|[spread] p2a,p2b
|-immune|p1a: Aerodactyl
|-damage|p2a: Swampert|69/100
|-damage|p2b: Maushold|35/100
|move|p2b: Maushold|Rain Dance|p2b: Maushold
|-weather|RainDance
|move|p2a: Swampert|Ice Punch|p1b: Garchomp
|-supereffective|p1b: Garchomp|2
|-damage|p1b: Garchomp|0 fnt
|-damage|p2a: Swampert|57/100|[from] ability: Rough Skin|[of] p1b: Garchomp
|faint|p1b: Garchomp
|
|-weather|RainDance|[upkeep]
|upkeep
|
|t:|1782270250
|switch|p1b: Charizard|Charizard, L50, F|100/100
|turn|6
|
|t:|1782270274
|move|p1b: Charizard|Protect|p1b: Charizard
|-singleturn|p1b: Charizard|Protect
|move|p2a: Swampert|Protect|p2a: Swampert
|-singleturn|p2a: Swampert|Protect
|move|p2b: Maushold|Protect|p2b: Maushold
|-singleturn|p2b: Maushold|Protect
|move|p1a: Aerodactyl|Rock Slide|p2b: Maushold|[spread] 
|-activate|p2a: Swampert|move: Protect
|-activate|p2b: Maushold|move: Protect
|
|-weather|RainDance|[upkeep]
|upkeep
|turn|7
|
|t:|1782270291
|detailschange|p1b: Charizard|Charizard-Mega-Y, L50, F
|-mega|p1b: Charizard|Charizard|Charizardite Y
|-weather|SunnyDay|[from] ability: Drought|[of] p1b: Charizard
|move|p1a: Aerodactyl|Rock Slide|p2b: Maushold|[spread] p2a,p2b
|-resisted|p2a: Swampert|1
|-damage|p2a: Swampert|51/100
|-damage|p2b: Maushold|9/100
|move|p1b: Charizard|Weather Ball|p2a: Swampert
|-resisted|p2a: Swampert|1
|-damage|p2a: Swampert|24/100
|cant|p2b: Maushold|flinch
|cant|p2a: Swampert|flinch
|
|-weather|SunnyDay|[upkeep]
|upkeep
|turn|8
|
|t:|1782270310
|switch|p1b: Venusaur|Venusaur, L50, M|100/100
|move|p2b: Maushold|Protect|p2b: Maushold
|-singleturn|p2b: Maushold|Protect
|move|p2a: Swampert|Protect|p2a: Swampert
|-singleturn|p2a: Swampert|Protect
|move|p1a: Aerodactyl|Rock Slide|p2b: Maushold|[spread] 
|-activate|p2a: Swampert|move: Protect
|-activate|p2b: Maushold|move: Protect
|
|-weather|SunnyDay|[upkeep]
|-sideend|p1: GojiraFanBoy|move: Tailwind
|upkeep
|turn|9
|
|t:|1782270326
|move|p1b: Venusaur|Protect|p1b: Venusaur
|-singleturn|p1b: Venusaur|Protect
|move|p1a: Aerodactyl|Rock Slide|p2b: Maushold|[spread] p2a,p2b
|-resisted|p2a: Swampert|1
|-damage|p2a: Swampert|18/100
|-damage|p2b: Maushold|0 fnt
|faint|p2b: Maushold
|move|p2a: Swampert|Ice Punch|p1b: Venusaur
|-activate|p1b: Venusaur|move: Protect
|
|-weather|SunnyDay|[upkeep]
|upkeep
|
|t:|1782270337
|switch|p2b: Pelipper|Pelipper, L50, M|31/100
|-weather|RainDance|[from] ability: Drizzle|[of] p2b: Pelipper
|turn|10
|
|t:|1782270345
|switch|p1a: Charizard|Charizard-Mega-Y, L50, F|100/100
|-enditem|p2b: Pelipper|Sitrus Berry|[eat]
|-heal|p2b: Pelipper|56/100|[from] item: Sitrus Berry
|-weather|SunnyDay|[from] ability: Drought|[of] p1a: Charizard
|move|p1b: Venusaur|Solar Beam||[still]
|-prepare|p1b: Venusaur|Solar Beam
|-anim|p1b: Venusaur|Solar Beam|p2b: Pelipper
|-damage|p2b: Pelipper|0 fnt
|faint|p2b: Pelipper
|-damage|p1b: Venusaur|90/100|[from] item: Life Orb
|move|p2a: Swampert|Ice Punch|p1b: Venusaur
|-supereffective|p1b: Venusaur|1
|-damage|p1b: Venusaur|11/100
|
|-weather|SunnyDay|[upkeep]
|upkeep
|turn|11
|-message|kyzito forfeited.
|
|win|GojiraFanBoy
||GojiraFanBoy is ready for game 3.
||kyzito is ready for game 3.
|uhtml|next|Next: Game 3 of 3
|l|☆GojiraFanBoy
|player|p1|
