|j|☆pink spoon
|j|☆CrawlingKingSnake
|html|pink spoonCrawlingKingSnake    
|uhtml|bestof|Game 2 of a best-of-3
|t:|1784833490
|gametype|doubles
|player|p1|pink spoon|parasollady|1145
|player|p2|CrawlingKingSnake|kamado-armor|1000
|gen|9
|tier|[Gen 9 Champions] VGC 2026 Reg M-B (Bo3)
|rated|
|rule|Species Clause: Limit one of each Pokémon
|rule|Item Clause: Limit 1 of each item
|clearpoke
|poke|p1|Floette-Eternal, L50, F|
|poke|p1|Ceruledge, L50, F|
|poke|p1|Tsareena, L50, F|
|poke|p1|Samurott-Hisui, L50, F|
|poke|p1|Sneasler, L50, F|
|poke|p1|Raichu, L50, F|
|poke|p2|Floette-Eternal, L50, F|
|poke|p2|Palafin, L50, M, shiny|
|poke|p2|Incineroar, L50, F|
|poke|p2|Toxapex, L50, F|
|poke|p2|Delphox, L50, F|
|poke|p2|Kingambit, L50, M|
|teampreview|4
|showteam|p1|Floette-Eternal||Floettite|FlowerVeil|Moonblast,LightofRuin,DazzlingGleam,Protect|Timid||F|||50|]Ceruledge||LifeOrb|FlashFire|Poltergeist,BitterBlade,ShadowSneak,Protect|Adamant||F|||50|]Tsareena||WideLens|QueenlyMajesty|PowerWhip,TripleAxel,LowKick,Protect|Jolly||F|||50|]Samurott-Hisui||SitrusBerry|Sharpness|NightSlash,AquaCutter,SacredSword,Detect|Adamant||F|||50|]Sneasler||WhiteHerb|Unburden|CloseCombat,DireClaw,Coaching,Protect|Jolly||F|||50|]Raichu||RaichuniteY|Static|ZapCannon,FocusBlast,FakeOut,Protect|Hasty||F|||50|
|showteam|p2|Floette-Eternal||Floettite|FlowerVeil|DazzlingGleam,DrainingKiss,CalmMind,Protect|Modest||F|||50|]Palafin||LifeOrb|ZerotoHero|WaveCrash,JetPunch,CloseCombat,Protect|Adamant||M|||50|]Incineroar||SitrusBerry|Intimidate|FlareBlitz,FakeOut,DarkestLariat,PartingShot|Careful||F|||50|]Toxapex||Leftovers|Regenerator|Infestation,Toxic,WideGuard,BanefulBunker|Bold||F|||50|]Delphox||Delphoxite|Blaze|HeatWave,Psychic,NastyPlot,Protect|Timid||F|||50|]Kingambit||FocusSash|Defiant|KowtowCleave,SuckerPunch,IronHead,LowKick|Adamant||M|||50|
|inactive|Battle timer is ON: inactive players will automatically lose when time's up. (requested by CrawlingKingSnake)
|inactive|CrawlingKingSnake has 60 seconds left.
|
|t:|1784833529
|teamsize|p1|4
|teamsize|p2|4
|start
|switch|p1a: Ceruledge|Ceruledge, L50, F|100/100
|switch|p1b: Raichu|Raichu, L50, F|100/100
|switch|p2a: Palafin|Palafin, L50, M, shiny|100/100
|switch|p2b: Delphox|Delphox, L50, F|100/100
|turn|1
|inactive|CrawlingKingSnake has 30 seconds left.
|inactive|CrawlingKingSnake has 20 seconds left.
|inactive|CrawlingKingSnake has 15 seconds left.
|
|t:|1784833569
|detailschange|p2a: Palafin|Palafin-Hero, L50, M, shiny
|switch|p2a: Incineroar|Incineroar, L50, F|100/100
|-ability|p2a: Incineroar|Intimidate|boost
|-unboost|p1a: Ceruledge|atk|1
|-unboost|p1b: Raichu|atk|1
|detailschange|p1b: Raichu|Raichu-Mega-Y, L50, F
|-mega|p1b: Raichu|Raichu|Raichunite Y
|detailschange|p2b: Delphox|Delphox-Mega, L50, F
|-mega|p2b: Delphox|Delphox|Delphoxite
|move|p2b: Delphox|Psychic|p1a: Ceruledge
|-damage|p1a: Ceruledge|43/100
|-unboost|p1a: Ceruledge|spd|1
|move|p1b: Raichu|Zap Cannon|p2a: Incineroar
|-damage|p2a: Incineroar|41/100
|-status|p2a: Incineroar|par
|-enditem|p2a: Incineroar|Sitrus Berry|[eat]
|-heal|p2a: Incineroar|66/100 par|[from] item: Sitrus Berry
|move|p1a: Ceruledge|Poltergeist|p2b: Delphox
|-activate|p2b: Delphox|move: Poltergeist|Delphoxite
|-supereffective|p2b: Delphox|1
|-damage|p2b: Delphox|0 fnt
|faint|p2b: Delphox
|-damage|p1a: Ceruledge|33/100|[from] item: Life Orb
|
|upkeep
|
|t:|1784833591
|switch|p2b: Palafin|Palafin-Hero, L50, M, shiny|100/100
|-activate|p2b: Palafin|ability: Zero to Hero
|turn|2
|
|t:|1784833611
|switch|p1a: Samurott|Samurott-Hisui, L50, F|100/100
|move|p1b: Raichu|Protect|p1b: Raichu
|-singleturn|p1b: Raichu|Protect
|move|p2b: Palafin|Jet Punch|p1b: Raichu
|-activate|p1b: Raichu|move: Protect
|move|p2a: Incineroar|Darkest Lariat|p1a: Samurott
|-resisted|p1a: Samurott|1
|-damage|p1a: Samurott|81/100
|
|upkeep
|turn|3
|
|t:|1784833629
|switch|p1b: Ceruledge|Ceruledge, L50, F|33/100
|switch|p2a: Toxapex|Toxapex, L50, F|100/100
|move|p2b: Palafin|Jet Punch|p1b: Ceruledge
|-supereffective|p1b: Ceruledge|1
|-damage|p1b: Ceruledge|0 fnt
|faint|p1b: Ceruledge
|-damage|p2b: Palafin|90/100|[from] item: Life Orb
|move|p1a: Samurott|Aqua Cutter|p2a: Toxapex
|-resisted|p2a: Toxapex|1
|-damage|p2a: Toxapex|84/100
|
|-heal|p2a: Toxapex|90/100|[from] item: Leftovers
|upkeep
|
|t:|1784833639
|switch|p1b: Sneasler|Sneasler, L50, F|100/100
|turn|4
|
|t:|1784833653
|-heal|p2a: Toxapex|100/100|[from] ability: Regenerator|[silent]
|switch|p2a: Incineroar|Incineroar, L50, F|66/100 par
|-ability|p2a: Incineroar|Intimidate|boost
|-unboost|p1a: Samurott|atk|1
|-unboost|p1b: Sneasler|atk|1
|-enditem|p1b: Sneasler|White Herb
|-clearnegativeboost|p1b: Sneasler|[silent]
|move|p1a: Samurott|Detect|p1a: Samurott
|-singleturn|p1a: Samurott|Protect
|move|p1b: Sneasler|Close Combat|p2b: Palafin
|-damage|p2b: Palafin|22/100
|-unboost|p1b: Sneasler|def|1
|-unboost|p1b: Sneasler|spd|1
|move|p2b: Palafin|Close Combat|p1a: Samurott
|-activate|p1a: Samurott|move: Protect
|
|upkeep
|turn|5
|
|t:|1784833677
|move|p2a: Incineroar|Fake Out|p1b: Sneasler
|-damage|p1b: Sneasler|72/100
|cant|p1b: Sneasler|flinch
|move|p2b: Palafin|Close Combat|p1a: Samurott
|-supereffective|p1a: Samurott|1
|-damage|p1a: Samurott|0 fnt
|-unboost|p2b: Palafin|def|1
|-unboost|p2b: Palafin|spd|1
|faint|p1a: Samurott
|-damage|p2b: Palafin|12/100|[from] item: Life Orb
|
|upkeep
|
|t:|1784833680
|switch|p1a: Raichu|Raichu-Mega-Y, L50, F|100/100
|turn|6
|
|t:|1784833691
|switch|p2a: Toxapex|Toxapex, L50, F|100/100
|move|p2b: Palafin|Protect|p2b: Palafin
|-singleturn|p2b: Palafin|Protect
|move|p1a: Raichu|Fake Out|p2b: Palafin
|-activate|p2b: Palafin|move: Protect
|move|p1b: Sneasler|Close Combat|p2b: Palafin
|-activate|p2b: Palafin|move: Protect
|
|upkeep
|turn|7
|
|t:|1784833706
|move|p1a: Raichu|Protect|p1a: Raichu
|-singleturn|p1a: Raichu|Protect
|move|p2b: Palafin|Jet Punch|p1a: Raichu
|-activate|p1a: Raichu|move: Protect
|move|p1b: Sneasler|Close Combat|p2b: Palafin
|-damage|p2b: Palafin|0 fnt
|-unboost|p1b: Sneasler|def|1
|-unboost|p1b: Sneasler|spd|1
|faint|p2b: Palafin
|move|p2a: Toxapex|Infestation|p1b: Sneasler
|-resisted|p1b: Sneasler|2
|-damage|p1b: Sneasler|70/100
|-activate|p1b: Sneasler|move: Infestation|[of] p2a: Toxapex
|
|-damage|p1b: Sneasler|58/100|[from] move: Infestation|[partiallytrapped]
|upkeep
|
|t:|1784833708
|switch|p2b: Incineroar|Incineroar, L50, F|66/100 par
|-ability|p2b: Incineroar|Intimidate|boost
|-unboost|p1a: Raichu|atk|1
|-unboost|p1b: Sneasler|atk|1
|turn|8
|
|t:|1784833726
|move|p2b: Incineroar|Fake Out|p1a: Raichu
|-damage|p1a: Raichu|76/100
|move|p1b: Sneasler|Close Combat|p2b: Incineroar
|-supereffective|p2b: Incineroar|1
|-damage|p2b: Incineroar|0 fnt
|-unboost|p1b: Sneasler|def|1
|-unboost|p1b: Sneasler|spd|1
|faint|p2b: Incineroar
|cant|p1a: Raichu|flinch
|move|p2a: Toxapex|Toxic|p1a: Raichu
|-status|p1a: Raichu|tox
|
|-damage|p1a: Raichu|70/100 tox|[from] psn
|-damage|p1b: Sneasler|46/100|[from] move: Infestation|[partiallytrapped]
|upkeep
|turn|9
|
|t:|1784833739
|move|p2a: Toxapex|Baneful Bunker|p2a: Toxapex
|-singleturn|p2a: Toxapex|move: Protect
|move|p1b: Sneasler|Close Combat|p2a: Toxapex
|-activate|p2a: Toxapex|move: Protect
|move|p1a: Raichu|Zap Cannon|p2a: Toxapex
|-activate|p2a: Toxapex|move: Protect
|
|-damage|p1a: Raichu|58/100 tox|[from] psn
|-damage|p1b: Sneasler|34/100|[from] move: Infestation|[partiallytrapped]
|upkeep
|turn|10
|
|t:|1784833742
|move|p1b: Sneasler|Close Combat|p2a: Toxapex
|-resisted|p2a: Toxapex|1
|-damage|p2a: Toxapex|84/100
|-unboost|p1b: Sneasler|def|1
|-unboost|p1b: Sneasler|spd|1
|move|p1a: Raichu|Zap Cannon|p2a: Toxapex
|-supereffective|p2a: Toxapex|1
|-damage|p2a: Toxapex|0 fnt
|faint|p2a: Toxapex
|
|win|pink spoon
|raw|pink spoon's rating: 1145 → 1160(+15 for winning)
|raw|CrawlingKingSnake's rating: 1000 → 1000(+0 for losing)
