|j|☆fnlroia
|j|☆Zephrhills
|html|fnlroiaZephrhills    
|uhtml|bestof|Game 2 of a best-of-3
|t:|1783716751
|gametype|doubles
|player|p1|fnlroia|parasollady-gen4|
|player|p2|Zephrhills|miku-ghost|
|gen|9
|tier|[Gen 9 Champions] VGC 2026 Reg M-B (Bo3)
|rule|Species Clause: Limit one of each Pokémon
|rule|Item Clause: Limit 1 of each item
|clearpoke
|poke|p1|Sableye, L50, F|
|poke|p1|Arcanine-Hisui, L50, F|
|poke|p1|Delphox, L50, F|
|poke|p1|Samurott-Hisui, L50, M|
|poke|p1|Floette-Eternal, L50, F|
|poke|p1|Vivillon, L50, F|
|poke|p2|Blaziken, L50, M|
|poke|p2|Meowstic, L50, M|
|poke|p2|Rotom-Wash, L50, shiny|
|poke|p2|Greninja, L50, F, shiny|
|poke|p2|Gliscor, L50, F|
|poke|p2|Florges-White, L50, F, shiny|
|teampreview|4
|showteam|p1|Sableye||LightClay|Prankster|FakeOut,Encore,Reflect,LightScreen|Bold||F|||50|]Arcanine-Hisui||LifeOrb|RockHead|RockSlide,FlareBlitz,ExtremeSpeed,Protect|Jolly||F|||50|]Delphox||Delphoxite|Blaze|HeatWave,NastyPlot,Psyshock,Protect|Timid||F|||50|]Samurott-Hisui||BlackGlasses|Sharpness|CeaselessEdge,SuckerPunch,SacredSword,Protect|Jolly||M|||50|]Floette-Eternal||Floettite|FlowerVeil|CalmMind,DrainingKiss,LightofRuin,Protect|Modest||F|||50|]Vivillon||ChoiceScarf|CompoundEyes|RagePowder,SleepPowder,Hurricane,RainDance|Timid||F|||50|
|showteam|p2|Blaziken||Blazikenite|SpeedBoost|Detect,PoisonJab,RockSlide,CloseCombat|Jolly||M|||50|]Meowstic||Meowsticite|Prankster|FakeOut,BatonPass,ThunderWave,LightScreen|Calm||M|||50|]Rotom-Wash||LumBerry|Levitate|LightScreen,Electroweb,ShadowBall,Discharge|Modest|||||50|]Greninja||LifeOrb|Protean|DarkPulse,Surf,RockSlide,GunkShot|Naive||F|||50|]Gliscor||ExpertBelt|HyperCutter|RockSlide,PoisonJab,KnockOff,Tailwind|Adamant||F|||50|]Florges-White||ChestoBerry|Symbiosis|DazzlingGleam,PollenPuff,Safeguard,HelpingHand|Calm||F|||50|
|c|☆fnlroia|they said just do the custom
|
|t:|1783716946
|teamsize|p1|4
|teamsize|p2|4
|start
|switch|p1a: ggwp|Floette-Eternal, L50, F|100/100
|switch|p1b: KekW|Sableye, L50, F|100/100
|switch|p2a: Meowstic|Meowstic, L50, M|100/100
|switch|p2b: Rotom|Rotom-Wash, L50, shiny|100/100
|turn|1
|
|t:|1783716987
|switch|p1a: rock head merchant|Arcanine-Hisui, L50, F|100/100
|move|p2a: Meowstic|Fake Out|p1a: rock head merchant
|-resisted|p1a: rock head merchant|1
|-damage|p1a: rock head merchant|97/100
|move|p1b: KekW|Fake Out|p2b: Rotom
|-damage|p2b: Rotom|92/100
|cant|p2b: Rotom|flinch
|
|upkeep
|turn|2
|
|t:|1783717007
|move|p2a: Meowstic|Thunder Wave|p1a: rock head merchant
|-status|p1a: rock head merchant|par
|move|p1b: KekW|Light Screen|p1b: KekW
|-sidestart|p1: fnlroia|move: Light Screen
|move|p2b: Rotom|Light Screen|p2b: Rotom
|-sidestart|p2: Zephrhills|move: Light Screen
|move|p1a: rock head merchant|Rock Slide|p2a: Meowstic|[spread] p2a,p2b
|-damage|p2a: Meowstic|52/100
|-damage|p2b: Rotom|50/100g
|-damage|p1a: rock head merchant|87/100 par|[from] item: Life Orb
|
|upkeep
|turn|3
|
|t:|1783717026
|switch|p2a: Florges|Florges-White, L50, F, shiny|100/100
|move|p1b: KekW|Encore||[still]
|-fail|p1b: KekW
|move|p2b: Rotom|Electroweb|p1b: KekW|[spread] p1a,p1b
|-damage|p1a: rock head merchant|71/100 par
|-damage|p1b: KekW|80/100
|-unboost|p1a: rock head merchant|spe|1
|-unboost|p1b: KekW|spe|1
|cant|p1a: rock head merchant|par
|
|upkeep
|turn|4
|
|t:|1783717049
|move|p1b: KekW|Light Screen||[still]
|-fail|p1b: KekW
|move|p2b: Rotom|Shadow Ball|p1b: KekW
|-damage|p1b: KekW|52/100
|move|p2a: Florges|Safeguard|p2a: Florges
|-sidestart|p2: Zephrhills|Safeguard
|move|p1a: rock head merchant|Flare Blitz|p2a: Florges
|-damage|p2a: Florges|4/100
|-damage|p1a: rock head merchant|61/100 par|[from] item: Life Orb
|
|upkeep
|turn|5
|
|t:|1783717065
|move|p2a: Florges|Helping Hand|p2b: Rotom
|-singleturn|p2b: Rotom|Helping Hand|[of] p2a: Florges
|move|p1a: rock head merchant|Extreme Speed|p2a: Florges
|-damage|p2a: Florges|0 fnt
|faint|p2a: Florges
|-damage|p1a: rock head merchant|51/100 par|[from] item: Life Orb
|move|p1b: KekW|Reflect|p1b: KekW
|-sidestart|p1: fnlroia|Reflect
|move|p2b: Rotom|Discharge|p1a: rock head merchant|[spread] p1a,p1b
|-damage|p1a: rock head merchant|17/100 par
|-damage|p1b: KekW|12/100
|
|upkeep
|
|t:|1783717079
|switch|p2a: Blaziken|Blaziken, L50, M|100/100
|turn|6
|
|t:|1783717090
|switch|p1b: jop river otter|Samurott-Hisui, L50, M|100/100
|move|p2a: Blaziken|Rock Slide|p1a: rock head merchant|[spread] p1a,p1b
|-supereffective|p1a: rock head merchant|1
|-damage|p1a: rock head merchant|0 fnt
|-damage|p1b: jop river otter|87/100
|faint|p1a: rock head merchant
|move|p2b: Rotom|Electroweb|p1b: jop river otter
|-supereffective|p1b: jop river otter|1
|-damage|p1b: jop river otter|38/100
|-unboost|p1b: jop river otter|spe|1
|
|-sideend|p2: Zephrhills|move: Light Screen
|-ability|p2a: Blaziken|Speed Boost|boost
|-boost|p2a: Blaziken|spe|1
|upkeep
|
|t:|1783717106
|switch|p1a: ggwp|Floette-Eternal, L50, F|100/100
|turn|7
|
|t:|1783717127
|detailschange|p2a: Blaziken|Blaziken-Mega, L50, M
|-mega|p2a: Blaziken|Blaziken|Blazikenite
|detailschange|p1a: ggwp|Floette-Mega, L50, F
|-mega|p1a: ggwp|Floette|Floettite
|-ability|p1a: ggwp|Fairy Aura
|move|p2a: Blaziken|Detect|p2a: Blaziken
|-singleturn|p2a: Blaziken|Protect
|move|p1a: ggwp|Draining Kiss|p2b: Rotom
|-damage|p2b: Rotom|16/100
|move|p2b: Rotom|Discharge|p1a: ggwp|[spread] p1a,p1b
|-activate|p2a: Blaziken|move: Protect
|-supereffective|p1b: jop river otter|1
|-damage|p1a: ggwp|87/100
|-damage|p1b: jop river otter|0 fnt
|faint|p1b: jop river otter
|
|-ability|p2a: Blaziken|Speed Boost|boost
|-boost|p2a: Blaziken|spe|1
|upkeep
|
|t:|1783717142
|switch|p1b: KekW|Sableye, L50, F|12/100
|turn|8
|
|t:|1783717154
|switch|p2a: Meowstic|Meowstic, L50, M|52/100
|move|p1b: KekW|Encore|p2b: Rotom
|-start|p2b: Rotom|Encore
|move|p1a: ggwp|Light of Ruin|p2a: Meowstic
|-damage|p2a: Meowstic|0 fnt
|faint|p2a: Meowstic
|-damage|p1a: ggwp|61/100|[from] Recoil
|move|p2b: Rotom|Discharge|p1a: ggwp|[spread] p1a,p1b
|-damage|p1a: ggwp|48/100
|-damage|p1b: KekW|0 fnt
|faint|p1b: KekW
|
|-sideend|p2: Zephrhills|Safeguard
|upkeep
|
|t:|1783717167
|switch|p2a: Blaziken|Blaziken-Mega, L50, M|100/100
|turn|9
|
|t:|1783717178
|move|p2a: Blaziken|Detect|p2a: Blaziken
|-singleturn|p2a: Blaziken|Protect
|move|p1a: ggwp|Draining Kiss|p2a: Blaziken
|-activate|p2a: Blaziken|move: Protect
|move|p2b: Rotom|Discharge|p1a: ggwp|[spread] p1a
|-activate|p2a: Blaziken|move: Protect
|-damage|p1a: ggwp|34/100
|
|-sideend|p1: fnlroia|move: Light Screen
|-ability|p2a: Blaziken|Speed Boost|boost
|-boost|p2a: Blaziken|spe|1
|upkeep
|turn|10
|
|t:|1783717190
|move|p2a: Blaziken|Poison Jab|p1a: ggwp
|-supereffective|p1a: ggwp|1
|-damage|p1a: ggwp|0 fnt
|faint|p1a: ggwp
|
|win|Zephrhills
