|j|☆leafeon03
|j|☆Its Sushiii
|html|leafeon03Its Sushiii    
|uhtml|bestof|Game 1 of a best-of-3
|t:|1784930548
|gametype|doubles
|player|p1|leafeon03|erika|1363
|player|p2|Its Sushiii|101|1402
|gen|9
|tier|[Gen 9 Champions] VGC 2026 Reg M-B (Bo3)
|rated|
|rule|Species Clause: Limit one of each Pokémon
|rule|Item Clause: Limit 1 of each item
|clearpoke
|poke|p1|Garchomp, L50, F, shiny|
|poke|p1|Charizard, L50, F, shiny|
|poke|p1|Whimsicott, L50, F|
|poke|p1|Floette-Eternal, L50, F|
|poke|p1|Basculegion, L50, M|
|poke|p1|Kingambit, L50, M, shiny|
|poke|p2|Excadrill, L50, M, shiny|
|poke|p2|Tyranitar, L50, M|
|poke|p2|Farigiraf, L50, F|
|poke|p2|Sylveon, L50, M|
|poke|p2|Charizard, L50, F|
|poke|p2|Corviknight, L50, M|
|teampreview|4
|showteam|p1|Garchomp||LifeOrb|RoughSkin|Earthquake,RockSlide,DragonClaw,Protect|Jolly||F|||50|]Charizard||CharizarditeY|Blaze|HeatWave,WeatherBall,SolarBeam,Protect|Modest||F|||50|]Whimsicott||FocusSash|Prankster|Moonblast,Tailwind,Encore,Protect|Timid||F|||50|]Floette-Eternal||Floettite|FlowerVeil|Moonblast,DazzlingGleam,LightofRuin,Protect|Modest||F|||50|]Basculegion||MysticWater|Adaptability|WaveCrash,LastRespects,AquaJet,Protect|Adamant||M|||50|]Kingambit||ChopleBerry|Defiant|KowtowCleave,SuckerPunch,IronHead,LowKick|Adamant||M|||50|
|showteam|p2|Excadrill||FocusSash|SandRush|IronHead,HighHorsepower,RockSlide,Protect|Adamant||M|||50|]Tyranitar||Tyranitarite|SandStream|RockSlide,KnockOff,LowKick,Protect|Adamant||M|||50|]Farigiraf||SitrusBerry|ArmorTail|Psychic,Thunderbolt,TrickRoom,Protect|Relaxed||F|||50|]Sylveon||LifeOrb|Pixilate|HyperVoice,HyperBeam,QuickAttack,Detect|Modest||M|||50|]Charizard||CharizarditeY|Blaze|HeatWave,SolarBeam,WeatherBall,Protect|Modest||F|||50|]Corviknight||Leftovers|MirrorArmor|BraveBird,IronHead,Protect,Tailwind|Adamant||M|||50|
|inactive|Battle timer is ON: inactive players will automatically lose when time's up. (requested by Its Sushiii)
|inactive|leafeon03 has 60 seconds left.
|
|t:|1784930617
|teamsize|p1|4
|teamsize|p2|4
|start
|switch|p1a: Whimsicott|Whimsicott, L50, F|100/100
|switch|p1b: Basculegion|Basculegion, L50, M|100/100
|switch|p2a: Farigiraf|Farigiraf, L50, F|100/100
|switch|p2b: Sylveon|Sylveon, L50, M|100/100
|turn|1
|inactive|Its Sushiii has 30 seconds left.
|
|t:|1784930648
|move|p2a: Farigiraf|Protect|p2a: Farigiraf
|-singleturn|p2a: Farigiraf|Protect
|move|p1a: Whimsicott|Moonblast|p2a: Farigiraf
|-activate|p2a: Farigiraf|move: Protect
|move|p1b: Basculegion|Wave Crash|p2a: Farigiraf
|-activate|p2a: Farigiraf|move: Protect
|move|p2b: Sylveon|Hyper Voice|p1a: Whimsicott|[spread] p1a,p1b
|-crit|p1a: Whimsicott
|-enditem|p1a: Whimsicott|Focus Sash
|-damage|p1a: Whimsicott|1/100
|-damage|p1b: Basculegion|43/100
|-damage|p2b: Sylveon|90/100|[from] item: Life Orb
|
|upkeep
|turn|2
|inactive|leafeon03 has 30 seconds left.
|inactive|Its Sushiii has 30 seconds left.
|inactive|leafeon03 has 20 seconds left.
|inactive|leafeon03 has 15 seconds left.
|inactive|leafeon03 has 10 seconds left.
|inactive|leafeon03 has 5 seconds left.
|
|t:|1784930698
|switch|p1a: Kingambit|Kingambit, L50, M, shiny|100/100
|move|p1b: Basculegion|Protect|p1b: Basculegion
|-singleturn|p1b: Basculegion|Protect
|move|p2b: Sylveon|Quick Attack|p1a: Kingambit
|-damage|p1a: Kingambit|85/100
|-damage|p2b: Sylveon|80/100|[from] item: Life Orb
|move|p2a: Farigiraf|Thunderbolt|p1b: Basculegion
|-activate|p1b: Basculegion|move: Protect
|
|upkeep
|turn|3
|inactive|leafeon03 has 30 seconds left.
|inactive|Its Sushiii has 30 seconds left.
|inactive|leafeon03 has 20 seconds left.
|inactive|Its Sushiii has 20 seconds left.
|inactive|leafeon03 has 15 seconds left.
|inactive|leafeon03 has 10 seconds left.
|inactive|leafeon03 has 5 seconds left.
|
|t:|1784930750
|move|p2b: Sylveon|Detect|p2b: Sylveon
|-singleturn|p2b: Sylveon|Protect
|move|p1b: Basculegion|Wave Crash|p2a: Farigiraf
|-damage|p2a: Farigiraf|26/100
|-enditem|p2a: Farigiraf|Sitrus Berry|[eat]
|-heal|p2a: Farigiraf|50/100g|[from] item: Sitrus Berry
|-damage|p1b: Basculegion|15/100|[from] Recoil
|move|p1a: Kingambit|Iron Head|p2b: Sylveon
|-activate|p2b: Sylveon|move: Protect
|move|p2a: Farigiraf|Thunderbolt|p1b: Basculegion
|-supereffective|p1b: Basculegion|1
|-damage|p1b: Basculegion|0 fnt
|faint|p1b: Basculegion
|
|upkeep
|
|t:|1784930770
|switch|p1b: Charizard|Charizard, L50, F, shiny|100/100
|turn|4
|inactive|Its Sushiii has 30 seconds left.
|inactive|leafeon03 has 30 seconds left.
|inactive|Its Sushiii has 20 seconds left.
|
|t:|1784930809
|detailschange|p1b: Charizard|Charizard-Mega-Y, L50, F, shiny
|-mega|p1b: Charizard|Charizard|Charizardite Y
|-weather|SunnyDay|[from] ability: Drought|[of] p1b: Charizard
|move|p1b: Charizard|Heat Wave|p2a: Farigiraf|[spread] p2a,p2b
|-damage|p2a: Farigiraf|0 fnt
|-damage|p2b: Sylveon|32/100
|faint|p2a: Farigiraf
|move|p1a: Kingambit|Iron Head|p2b: Sylveon
|-supereffective|p2b: Sylveon|1
|-damage|p2b: Sylveon|0 fnt
|faint|p2b: Sylveon
|
|-weather|SunnyDay|[upkeep]
|upkeep
|
|t:|1784930820
|switch|p2b: Tyranitar|Tyranitar, L50, M|100/100
|switch|p2a: Excadrill|Excadrill, L50, M, shiny|100/100
|-weather|Sandstorm|[from] ability: Sand Stream|[of] p2b: Tyranitar
|turn|5
|inactive|leafeon03 has 30 seconds left.
|inactive|leafeon03 has 20 seconds left.
|
|t:|1784930859
|switch|p1b: Whimsicott|Whimsicott, L50, F|1/100
|move|p1a: Kingambit|Sucker Punch|p2a: Excadrill
|-damage|p2a: Excadrill|45/100
|move|p2a: Excadrill|High Horsepower|p1a: Kingambit
|-supereffective|p1a: Kingambit|1
|-damage|p1a: Kingambit|0 fnt
|faint|p1a: Kingambit
|move|p2b: Tyranitar|Rock Slide|p1b: Whimsicott
|-damage|p1b: Whimsicott|0 fnt
|faint|p1b: Whimsicott
|
|-weather|Sandstorm|[upkeep]
|upkeep
|
|t:|1784930869
|switch|p1b: Charizard|Charizard-Mega-Y, L50, F, shiny|100/100
|-weather|SunnyDay|[from] ability: Drought|[of] p1b: Charizard
|turn|6
|
|t:|1784930881
|detailschange|p2b: Tyranitar|Tyranitar-Mega, L50, M
|-mega|p2b: Tyranitar|Tyranitar|Tyranitarite
|-weather|Sandstorm|[from] ability: Sand Stream|[of] p2b: Tyranitar
|move|p2a: Excadrill|Rock Slide|p1b: Charizard
|-supereffective|p1b: Charizard|2
|-damage|p1b: Charizard|0 fnt
|faint|p1b: Charizard
|
|win|Its Sushiii
||leafeon03 is ready for game 2.
||Its Sushiii is ready for game 2.
|uhtml|next|Next: Game 2 of 3
