|j|☆homerj71
|j|☆xslasher14
|html|homerj71xslasher14    
|uhtml|bestof|Game 2 of a best-of-3
|t:|1784302373
|gametype|doubles
|player|p1|homerj71|266|1127
|player|p2|xslasher14|266|1043
|gen|9
|tier|[Gen 9 Champions] VGC 2026 Reg M-B (Bo3)
|rated|
|rule|Species Clause: Limit one of each Pokémon
|rule|Item Clause: Limit 1 of each item
|clearpoke
|poke|p1|Sneasler, L50, F|
|poke|p1|Sinistcha, L50|
|poke|p1|Incineroar, L50, F|
|poke|p1|Kingambit, L50, M|
|poke|p1|Delphox, L50, M|
|poke|p1|Blastoise, L50, M|
|poke|p2|Venusaur, L50, M|
|poke|p2|Charizard, L50, M|
|poke|p2|Grimmsnarl, L50, M|
|poke|p2|Archaludon, L50, F|
|poke|p2|Basculegion, L50, M|
|poke|p2|Pelipper, L50, F|
|teampreview|4
|showteam|p1|Sneasler||FocusSash|PoisonTouch|QuickGuard,FakeOut,DireClaw,CloseCombat|Jolly||F|||50|]Sinistcha||OccaBerry|Hospitality|Protect,RagePowder,MatchaGotcha,TrickRoom|Relaxed|||||50|]Incineroar||SitrusBerry|Intimidate|FakeOut,FlareBlitz,ThroatChop,PartingShot|Careful||F|||50|]Kingambit||BlackGlasses|Defiant|KowtowCleave,SwordsDance,SuckerPunch,Protect|Adamant||M|||50|]Delphox||Delphoxite|Blaze|Protect,NastyPlot,HeatWave,Psyshock|Timid||M|||50|]Blastoise||Blastoisinite|RainDish|WaterSpout,DarkPulse,ShellSmash,Protect|Modest||M|||50|
|showteam|p2|Venusaur||FocusSash|Chlorophyll|SludgeBomb,EarthPower,SleepPowder,Protect|Modest||M|||50|]Charizard||CharizarditeY|Blaze|Protect,HeatWave,SolarBeam,WeatherBall|Modest||M|||50|]Grimmsnarl||LightClay|Prankster|SpiritBreak,LightScreen,Reflect,PartingShot|Sassy||M|||50|]Archaludon||Leftovers|Stamina|ElectroShot,DragonPulse,FlashCannon,Protect|Calm||F|||50|]Basculegion||ChoiceScarf|Adaptability|WaveCrash,LastRespects,AquaJet,FlipTurn|Jolly||M|||50|]Pelipper||SitrusBerry|Drizzle|Hurricane,WeatherBall,Tailwind,WideGuard|Modest||F|||50|
|inactive|Battle timer is ON: inactive players will automatically lose when time's up. (requested by homerj71)
|inactive|xslasher14 also wants the timer to be on.
|
|t:|1784302385
|teamsize|p1|4
|teamsize|p2|4
|start
|switch|p1a: Delphox|Delphox, L50, M|100/100
|switch|p1b: Sneasler|Sneasler, L50, F|100/100
|switch|p2a: Venusaur|Venusaur, L50, M|100/100
|switch|p2b: Charizard|Charizard, L50, M|100/100
|turn|1
|inactive|xslasher14 has 30 seconds left.
|
|t:|1784302416
|detailschange|p1a: Delphox|Delphox-Mega, L50, M
|-mega|p1a: Delphox|Delphox|Delphoxite
|detailschange|p2b: Charizard|Charizard-Mega-Y, L50, M
|-mega|p2b: Charizard|Charizard|Charizardite Y
|-weather|SunnyDay|[from] ability: Drought|[of] p2b: Charizard
|move|p1b: Sneasler|Fake Out|p2a: Venusaur
|-damage|p2a: Venusaur|80/100
|cant|p2a: Venusaur|flinch
|move|p1a: Delphox|Nasty Plot|p1a: Delphox
|-boost|p1a: Delphox|spa|2
|move|p2b: Charizard|Heat Wave|p1b: Sneasler|[spread] p1a,p1b
|-resisted|p1a: Delphox|1
|-damage|p1a: Delphox|70/100
|-damage|p1b: Sneasler|9/100
|-status|p1b: Sneasler|brn
|
|-weather|SunnyDay|[upkeep]
|-damage|p1b: Sneasler|3/100 brn|[from] brn
|upkeep
|turn|2
|inactive|homerj71 has 30 seconds left.
|
|t:|1784302443
|switch|p2a: Pelipper|Pelipper, L50, F|100/100
|-weather|RainDance|[from] ability: Drizzle|[of] p2a: Pelipper
|switch|p1b: Incineroar|Incineroar, L50, F|100/100
|-ability|p1b: Incineroar|Intimidate|boost
|-unboost|p2a: Pelipper|atk|1
|-unboost|p2b: Charizard|atk|1
|move|p1a: Delphox|Protect|p1a: Delphox
|-singleturn|p1a: Delphox|Protect
|move|p2b: Charizard|Weather Ball|p1a: Delphox
|-activate|p1a: Delphox|move: Protect
|
|-weather|RainDance|[upkeep]
|upkeep
|turn|3
|
|t:|1784302459
|move|p2b: Charizard|Protect|p2b: Charizard
|-singleturn|p2b: Charizard|Protect
|move|p1b: Incineroar|Fake Out|p2a: Pelipper
|-damage|p2a: Pelipper|88/100
|move|p1a: Delphox|Psyshock|p2b: Charizard
|-activate|p2b: Charizard|move: Protect
|cant|p2a: Pelipper|flinch
|
|-weather|RainDance|[upkeep]
|upkeep
|turn|4
|
|t:|1784302477
|switch|p1b: Sinistcha|Sinistcha, L50|100/100
|-heal|p1a: Delphox|95/100|[from] ability: Hospitality|[of] p1b: Sinistcha
|move|p1a: Delphox|Psyshock|p2b: Charizard
|-crit|p2b: Charizard
|-damage|p2b: Charizard|0 fnt
|faint|p2b: Charizard
|move|p2a: Pelipper|Tailwind|p2a: Pelipper
|-sidestart|p2: xslasher14|move: Tailwind
|
|-weather|RainDance|[upkeep]
|upkeep
|
|t:|1784302491
|switch|p2b: Venusaur|Venusaur, L50, M|80/100
|turn|5
|
|t:|1784302499
|move|p1b: Sinistcha|Rage Powder|p1b: Sinistcha
|-singleturn|p1b: Sinistcha|move: Rage Powder
|move|p2b: Venusaur|Sleep Powder|p1a: Delphox|[miss]
|-miss|p2b: Venusaur|p1a: Delphox
|move|p1a: Delphox|Psyshock|p2b: Venusaur
|-supereffective|p2b: Venusaur|1
|-damage|p2b: Venusaur|0 fnt
|faint|p2b: Venusaur
|move|p2a: Pelipper|Hurricane|p1b: Sinistcha
|-supereffective|p1b: Sinistcha|1
|-damage|p1b: Sinistcha|10/100
|-start|p1b: Sinistcha|confusion
|
|-weather|RainDance|[upkeep]
|upkeep
|
|t:|1784302510
|switch|p2b: Basculegion|Basculegion, L50, M|100/100
|turn|6
|
|t:|1784302529
|-activate|p1b: Sinistcha|confusion
|move|p1b: Sinistcha|Rage Powder|p1b: Sinistcha
|-singleturn|p1b: Sinistcha|move: Rage Powder
|move|p2b: Basculegion|Last Respects|p1b: Sinistcha
|-supereffective|p1b: Sinistcha|1
|-damage|p1b: Sinistcha|0 fnt
|faint|p1b: Sinistcha
|move|p1a: Delphox|Psyshock|p2b: Basculegion
|-damage|p2b: Basculegion|1/100
|move|p2a: Pelipper|Weather Ball|p1a: Delphox
|-supereffective|p1a: Delphox|1
|-damage|p1a: Delphox|0 fnt
|faint|p1a: Delphox
|
|-weather|none
|upkeep
|
|t:|1784302538
|switch|p1a: Incineroar|Incineroar, L50, F|100/100
|switch|p1b: Sneasler|Sneasler, L50, F|3/100 brn
|-ability|p1a: Incineroar|Intimidate|boost
|-unboost|p2a: Pelipper|atk|1
|-unboost|p2b: Basculegion|atk|1
|turn|7
|
|t:|1784302560
|move|p1b: Sneasler|Fake Out|p2a: Pelipper
|-damage|p2a: Pelipper|80/100
|-status|p2a: Pelipper|psn|[from] ability: Poison Touch|[of] p1b: Sneasler
|move|p2b: Basculegion|Last Respects|p1b: Sneasler
|-damage|p1b: Sneasler|0 fnt
|faint|p1b: Sneasler
|cant|p2a: Pelipper|flinch
|move|p1a: Incineroar|Throat Chop|p2b: Basculegion
|-supereffective|p2b: Basculegion|1
|-damage|p2b: Basculegion|0 fnt
|faint|p2b: Basculegion
|
|-damage|p2a: Pelipper|68/100 psn|[from] psn
|-sideend|p2: xslasher14|move: Tailwind
|upkeep
|turn|8
|
|t:|1784302573
|move|p1a: Incineroar|Throat Chop|p2a: Pelipper
|-damage|p2a: Pelipper|37/100 psn
|-start|p2a: Pelipper|Throat Chop|[silent]
|-enditem|p2a: Pelipper|Sitrus Berry|[eat]
|-heal|p2a: Pelipper|62/100 psn|[from] item: Sitrus Berry
|move|p2a: Pelipper|Hurricane|p1a: Incineroar
|-damage|p1a: Incineroar|63/100
|-start|p1a: Incineroar|confusion
|
|-damage|p2a: Pelipper|50/100g psn|[from] psn
|upkeep
|turn|9
|
|t:|1784302583
|-activate|p1a: Incineroar|confusion
|-damage|p1a: Incineroar|53/100|[from] confusion
|move|p2a: Pelipper|Hurricane|p1a: Incineroar
|-crit|p1a: Incineroar
|-damage|p1a: Incineroar|0 fnt
|faint|p1a: Incineroar
|
|win|xslasher14
|raw|homerj71's rating: 1127 → 1096(-31 for losing)
|raw|xslasher14's rating: 1043 → 1085(+42 for winning)
