|j|☆OscarPikastri
|j|☆itsmako psoe
|html|OscarPikastriitsmako psoe    
|uhtml|bestof|Game 1 of a best-of-3
|t:|1782212874
|gametype|doubles
|player|p1|OscarPikastri|colress|1059
|player|p2|itsmako psoe|benga|1086
|gen|9
|tier|[Gen 9 Champions] VGC 2026 Reg M-B (Bo3)
|rated|
|rule|Species Clause: Limit one of each Pokémon
|rule|Item Clause: Limit 1 of each item
|clearpoke
|poke|p1|Archaludon, L50, F|
|poke|p1|Pelipper, L50, F|
|poke|p1|Grimmsnarl, L50, M|
|poke|p1|Metagross, L50|
|poke|p1|Sinistcha, L50|
|poke|p1|Swampert, L50, F|
|poke|p2|Staraptor, L50, M|
|poke|p2|Aegislash, L50, F|
|poke|p2|Farigiraf, L50, M|
|poke|p2|Grimmsnarl, L50, M|
|poke|p2|Whimsicott, L50, M|
|poke|p2|Garchomp, L50, M|
|teampreview|4
|showteam|p1|Archaludon||Leftovers|Stamina|Protect,ElectroShot,FlashCannon,DragonPulse|Modest||F|||50|]Pelipper||SitrusBerry|Drizzle|WideGuard,Tailwind,WeatherBall,Hurricane|Modest||F|||50|]Grimmsnarl||LightClay|Prankster|FoulPlay,PartingShot,LightScreen,Reflect|Calm||M|||50|]Metagross||Metagrossite|ClearBody|Protect,BodyPress,PsychicFangs,IronHead|Jolly|||||50|]Sinistcha||CobaBerry|Hospitality|Protect,TrickRoom,MatchaGotcha,RagePowder|Relaxed|||||50|]Swampert||Swampertite|Damp|Protect,IcePunch,WaveCrash,Earthquake|Adamant||F|||50|
|showteam|p2|Staraptor||Staraptite|Intimidate|CloseCombat,BraveBird,Whirlwind,Roost|Adamant||M|||50|]Aegislash||Leftovers|StanceChange|KingsShield,ShadowSneak,FlashCannon,ShadowBall|Calm||F|||50|]Farigiraf||SitrusBerry|ArmorTail|TwinBeam,Protect,TrickRoom,DazzlingGleam|Quiet||M|||50|]Grimmsnarl||LightClay|Prankster|FoulPlay,PartingShot,LightScreen,Reflect|Modest||M|||50|]Whimsicott||FocusSash|Prankster|Tailwind,Moonblast,Encore,Tickle|Bold||M|||50|]Garchomp||LifeOrb|RoughSkin|Earthquake,RockSlide,Protect,DragonClaw|Adamant||M|||50|
|inactive|Battle timer is ON: inactive players will automatically lose when time's up. (requested by OscarPikastri)
|inactive|itsmako psoe also wants the timer to be on.
|inactive|OscarPikastri has 60 seconds left.
|inactive|itsmako psoe has 60 seconds left.
|inactive|OscarPikastri has 30 seconds left.
|inactive|itsmako psoe has 30 seconds left.
|inactive|OscarPikastri has 20 seconds left.
|inactive|itsmako psoe has 20 seconds left.
|inactive|OscarPikastri has 15 seconds left.
|inactive|itsmako psoe has 15 seconds left.
|
|t:|1782212951
|teamsize|p1|4
|teamsize|p2|4
|start
|switch|p1a: Metagross|Metagross, L50|100/100
|switch|p1b: Grimmsnarl|Grimmsnarl, L50, M|100/100
|switch|p2a: Staraptor|Staraptor, L50, M|100/100
|switch|p2b: Garchomp|Garchomp, L50, M|100/100
|-ability|p2a: Staraptor|Intimidate|boost
|-fail|p1a: Metagross|unboost|[from] ability: Clear Body|[of] p1a: Metagross
|-unboost|p1b: Grimmsnarl|atk|1
|turn|1
|
|t:|1782212964
|detailschange|p1a: Metagross|Metagross-Mega, L50
|-mega|p1a: Metagross|Metagross|Metagrossite
|detailschange|p2a: Staraptor|Staraptor-Mega, L50, M
|-mega|p2a: Staraptor|Staraptor|Staraptite
|move|p1b: Grimmsnarl|Reflect|p1b: Grimmsnarl
|-sidestart|p1: OscarPikastri|Reflect
|move|p1a: Metagross|Psychic Fangs|p2a: Staraptor
|-supereffective|p2a: Staraptor|1
|-damage|p2a: Staraptor|0 fnt
|faint|p2a: Staraptor
|move|p2b: Garchomp|Earthquake|p1b: Grimmsnarl|[spread] p1a,p1b
|-supereffective|p1a: Metagross|1
|-crit|p1b: Grimmsnarl
|-damage|p1a: Metagross|49/100
|-damage|p1b: Grimmsnarl|16/100
|-damage|p2b: Garchomp|90/100|[from] item: Life Orb
|
|upkeep
|
|t:|1782212973
|switch|p2a: Grimmsnarl|Grimmsnarl, L50, M|100/100
|turn|2
|
|t:|1782212996
|move|p1b: Grimmsnarl|Reflect||[still]
|-fail|p1b: Grimmsnarl
|move|p1a: Metagross|Iron Head|p2a: Grimmsnarl
|-supereffective|p2a: Grimmsnarl|1
|-crit|p2a: Grimmsnarl
|-damage|p2a: Grimmsnarl|0 fnt
|faint|p2a: Grimmsnarl
|move|p2b: Garchomp|Rock Slide|p1b: Grimmsnarl|[spread] p1b
|-miss|p2b: Garchomp|p1a: Metagross
|-damage|p1b: Grimmsnarl|0 fnt
|faint|p1b: Grimmsnarl
|-damage|p2b: Garchomp|80/100|[from] item: Life Orb
|
|upkeep
|
|t:|1782213012
|switch|p2a: Farigiraf|Farigiraf, L50, M|100/100
|switch|p1b: Archaludon|Archaludon, L50, F|100/100
|turn|3
|
|t:|1782213025
|move|p2a: Farigiraf|Protect|p2a: Farigiraf
|-singleturn|p2a: Farigiraf|Protect
|move|p1a: Metagross|Iron Head|p2a: Farigiraf
|-activate|p2a: Farigiraf|move: Protect
|move|p2b: Garchomp|Earthquake|p1b: Archaludon|[spread] p1a,p1b
|-activate|p2a: Farigiraf|move: Protect
|-supereffective|p1a: Metagross|1
|-supereffective|p1b: Archaludon|1
|-damage|p1a: Metagross|1/100
|-damage|p1b: Archaludon|52/100
|-ability|p1b: Archaludon|Stamina|boost
|-boost|p1b: Archaludon|def|1
|-damage|p2b: Garchomp|70/100|[from] item: Life Orb
|move|p1b: Archaludon|Dragon Pulse|p2b: Garchomp
|-supereffective|p2b: Garchomp|1
|-damage|p2b: Garchomp|0 fnt
|faint|p2b: Garchomp
|
|-heal|p1b: Archaludon|58/100|[from] item: Leftovers
|upkeep
|turn|4
|
|t:|1782213039
|move|p1a: Metagross|Iron Head|p2a: Farigiraf
|-damage|p2a: Farigiraf|47/100
|-enditem|p2a: Farigiraf|Sitrus Berry|[eat]
|-heal|p2a: Farigiraf|71/100|[from] item: Sitrus Berry
|move|p1b: Archaludon|Dragon Pulse|p2a: Farigiraf
|-damage|p2a: Farigiraf|30/100
|move|p2a: Farigiraf|Dazzling Gleam|p1a: Metagross|[spread] p1a,p1b
|-resisted|p1a: Metagross|1
|-damage|p1a: Metagross|0 fnt
|-damage|p1b: Archaludon|40/100
|-ability|p1b: Archaludon|Stamina|boost
|-boost|p1b: Archaludon|def|1
|faint|p1a: Metagross
|
|-heal|p1b: Archaludon|46/100|[from] item: Leftovers
|upkeep
|
|t:|1782213045
|switch|p1a: Sinistcha|Sinistcha, L50|100/100
|-heal|p1b: Archaludon|71/100|[from] ability: Hospitality|[of] p1a: Sinistcha
|turn|5
|
|t:|1782213063
|move|p1b: Archaludon|Dragon Pulse|p2a: Farigiraf
|-damage|p2a: Farigiraf|0 fnt
|faint|p2a: Farigiraf
|
|win|OscarPikastri
||OscarPikastri is ready for game 2.
||itsmako psoe is ready for game 2.
|uhtml|next|Next: Game 2 of 3
