|j|☆Daniw9
|j|☆indigo dye
|html|Daniw9indigo dye    
|uhtml|bestof|Game 3 of a best-of-3
|t:|1755524742
|gametype|doubles
|player|p1|Daniw9|265|1179
|player|p2|indigo dye|lady|1222
|gen|9
|tier|[Gen 9] VGC 2025 Reg H (Bo3)
|rated|
|rule|Species Clause: Limit one of each Pokémon
|rule|Item Clause: Limit 1 of each item
|clearpoke
|poke|p1|Ninetales-Alola, L50, M|
|poke|p1|Sneasler, L50, M|
|poke|p1|Volcarona, L50, M|
|poke|p1|Dragonite, L50, M|
|poke|p1|Rillaboom, L50, M|
|poke|p1|Maushold, L50|
|poke|p2|Gholdengo, L50|
|poke|p2|Sneasler, L50, M|
|poke|p2|Rillaboom, L50, M|
|poke|p2|Dragonite, L50, M|
|poke|p2|Ninetales-Alola, L50, F|
|poke|p2|Arcanine-Hisui, L50, F|
|teampreview|4
|showteam|p1|Ninetales-Alola||LightClay|SnowWarning|AuroraVeil,Blizzard,Howl,IcyWind|||M|||50|,,,,,Ghost]Sneasler||FocusSash|PoisonTouch|CloseCombat,DireClaw,FakeOut,ThroatChop|||M|||50|,,,,,Dark]Volcarona||Leftovers|FlameBody|HeatWave,GigaDrain,QuiverDance,Protect|||M|||50|,,,,,Grass]Dragonite||LoadedDice|Multiscale|ScaleShot,Haze,Protect,StompingTantrum|||M|||50|,,,,,Fairy]Rillaboom||AssaultVest|GrassySurge|Uturn,WoodHammer,GrassyGlide,FakeOut|||M|||50|,,,,,Fire]Maushold||WideLens|Technician|PopulationBomb,Protect,FollowMe,Taunt||||||50|,,,,,Ghost
|showteam|p2|Gholdengo||GrassySeed|GoodasGold|NastyPlot,MakeItRain,ShadowBall,Protect||||||50|,,,,,Water]Sneasler||WhiteHerb|Unburden|CloseCombat,DireClaw,Coaching,Protect|||M|||50|,,,,,Ghost]Rillaboom||AssaultVest|GrassySurge|FakeOut,GrassyGlide,DrumBeating,HighHorsepower|||M|||50|,,,,,Fire]Dragonite||LoadedDice|Multiscale|ScaleShot,StompingTantrum,Tailwind,Protect|||M|||50|,,,,,Ground]Ninetales-Alola||FocusSash|SnowWarning|Blizzard,IcyWind,Encore,AuroraVeil|||F|||50|,,,,,Ghost]Arcanine-Hisui||ClearAmulet|Intimidate|RockSlide,FlareBlitz,ExtremeSpeed,Protect|||F|||50|,,,,,Water
|inactive|Battle timer is ON: inactive players will automatically lose when time's up. (requested by Daniw9)
|
|t:|1755524769
|teamsize|p1|4
|teamsize|p2|4
|start
|switch|p1a: Ninetales|Ninetales-Alola, L50, M, shiny|100/100
|switch|p1b: Sneasler|Sneasler, L50, M|100/100
|switch|p2a: Ninetales|Ninetales-Alola, L50, F|100/100
|switch|p2b: Arcanine|Arcanine-Hisui, L50, F|100/100
|-weather|Snowscape|[from] ability: Snow Warning|[of] p2a: Ninetales
|-ability|p2b: Arcanine|Intimidate|boost
|-unboost|p1a: Ninetales|atk|1
|-unboost|p1b: Sneasler|atk|1
|turn|1
|
|t:|1755524789
|-terastallize|p2a: Ninetales|Ghost
|-terastallize|p1a: Ninetales|Ghost
|move|p1b: Sneasler|Dire Claw|p2a: Ninetales
|-resisted|p2a: Ninetales
|-damage|p2a: Ninetales|81/100
|move|p2a: Ninetales|Aurora Veil|p2a: Ninetales
|-sidestart|p2: indigo dye|move: Aurora Veil
|move|p1a: Ninetales|Icy Wind|p2b: Arcanine|[spread] p2a,p2b
|-crit|p2a: Ninetales
|-resisted|p2b: Arcanine
|-damage|p2a: Ninetales|60/100
|-damage|p2b: Arcanine|96/100
|-unboost|p2a: Ninetales|spe|1
|move|p2b: Arcanine|Rock Slide|p1b: Sneasler|[spread] p1a,p1b
|-resisted|p1b: Sneasler
|-damage|p1a: Ninetales|67/100
|-damage|p1b: Sneasler|79/100
|
|-weather|Snowscape|[upkeep]
|upkeep
|turn|2
|
|t:|1755524807
|move|p2b: Arcanine|Protect|p2b: Arcanine
|-singleturn|p2b: Arcanine|Protect
|move|p1b: Sneasler|Close Combat|p2b: Arcanine
|-activate|p2b: Arcanine|move: Protect
|move|p1a: Ninetales|Aurora Veil|p1a: Ninetales
|-sidestart|p1: Daniw9|move: Aurora Veil
|move|p2a: Ninetales|Icy Wind|p1a: Ninetales|[spread] p1a,p1b
|-damage|p1a: Ninetales|58/100
|-damage|p1b: Sneasler|65/100
|-unboost|p1a: Ninetales|spe|1
|-unboost|p1b: Sneasler|spe|1
|
|-weather|Snowscape|[upkeep]
|upkeep
|turn|3
|
|t:|1755524828
|switch|p2b: Gholdengo|Gholdengo, L50|100/100
|move|p1b: Sneasler|Close Combat|p2b: Gholdengo
|-immune|p2b: Gholdengo
|move|p2a: Ninetales|Blizzard|p1b: Sneasler|[spread] p1a,p1b
|-damage|p1a: Ninetales|35/100
|-damage|p1b: Sneasler|38/100
|move|p1a: Ninetales|Howl|p1a: Ninetales|[spread] p1a,p1b
|-boost|p1a: Ninetales|atk|1
|-boost|p1b: Sneasler|atk|1
|
|-weather|Snowscape|[upkeep]
|upkeep
|turn|4
|
|t:|1755524846
|switch|p2a: Rillaboom|Rillaboom, L50, M|100/100
|-fieldstart|move: Grassy Terrain|[from] ability: Grassy Surge|[of] p2a: Rillaboom
|-enditem|p2b: Gholdengo|Grassy Seed
|-boost|p2b: Gholdengo|def|1|[from] item: Grassy Seed
|switch|p1a: Volcarona|Volcarona, L50, M|100/100
|move|p2b: Gholdengo|Make It Rain|p1b: Sneasler|[spread] p1a,p1b
|-resisted|p1a: Volcarona
|-damage|p1a: Volcarona|88/100
|-damage|p1b: Sneasler|0 fnt
|-unboost|p2b: Gholdengo|spa|1
|faint|p1b: Sneasler
|
|-weather|Snowscape|[upkeep]
|-heal|p1a: Volcarona|94/100|[from] Grassy Terrain
|-heal|p1a: Volcarona|99/100|[from] item: Leftovers
|upkeep
|
|t:|1755524859
|switch|p1b: Ninetales|Ninetales-Alola, L50, M, shiny, tera:Ghost|35/100
|turn|5
|
|t:|1755524877
|switch|p2b: Arcanine|Arcanine-Hisui, L50, F|96/100
|-ability|p2b: Arcanine|Intimidate|boost
|-unboost|p1a: Volcarona|atk|1
|-unboost|p1b: Ninetales|atk|1
|switch|p1a: Dragonite|Dragonite, L50, M|100/100
|move|p2a: Rillaboom|Fake Out|p1a: Dragonite
|-damage|p1a: Dragonite|96/100
|move|p1b: Ninetales|Howl|p1b: Ninetales|[spread] p1a,p1b
|-boost|p1a: Dragonite|atk|1
|-boost|p1b: Ninetales|atk|1
|
|-weather|none
|-heal|p1b: Ninetales|42/100|[from] Grassy Terrain
|-heal|p2b: Arcanine|100/100|[from] Grassy Terrain
|-sideend|p2: indigo dye|move: Aurora Veil
|upkeep
|turn|6
|
|t:|1755524896
|move|p2b: Arcanine|Protect|p2b: Arcanine
|-singleturn|p2b: Arcanine|Protect
|move|p1b: Ninetales|Icy Wind|p2a: Rillaboom|[spread] p2a
|-activate|p2b: Arcanine|move: Protect
|-supereffective|p2a: Rillaboom
|-crit|p2a: Rillaboom
|-damage|p2a: Rillaboom|68/100
|-unboost|p2a: Rillaboom|spe|1
|move|p1a: Dragonite|Stomping Tantrum|p2b: Arcanine
|-activate|p2b: Arcanine|move: Protect
|move|p2a: Rillaboom|Drum Beating|p1a: Dragonite
|-resisted|p1a: Dragonite
|-damage|p1a: Dragonite|87/100
|-unboost|p1a: Dragonite|spe|1
|
|-heal|p1b: Ninetales|48/100|[from] Grassy Terrain
|-heal|p2a: Rillaboom|74/100|[from] Grassy Terrain
|upkeep
|turn|7
|
|t:|1755524910
|move|p1b: Ninetales|Howl|p1b: Ninetales|[spread] p1a,p1b
|-boost|p1a: Dragonite|atk|1
|-boost|p1b: Ninetales|atk|1
|move|p2b: Arcanine|Rock Slide|p1b: Ninetales|[spread] p1a,p1b
|-supereffective|p1a: Dragonite
|-crit|p1a: Dragonite
|-damage|p1a: Dragonite|0 fnt
|-damage|p1b: Ninetales|25/100
|faint|p1a: Dragonite
|move|p2a: Rillaboom|Drum Beating|p1b: Ninetales
|-damage|p1b: Ninetales|0 fnt
|faint|p1b: Ninetales
|
|-heal|p2a: Rillaboom|79/100|[from] Grassy Terrain
|upkeep
|-message|Daniw9 forfeited.
|
|win|indigo dye
|raw|Daniw9's rating: 1179 → 1157(-22 for losing)
|raw|indigo dye's rating: 1222 → 1244(+22 for winning)
|l|☆Daniw9
|player|p1|
