|j|☆fnlroia
|j|☆Zephrhills
|html|fnlroiaZephrhills    
|uhtml|bestof|Game 1 of a best-of-3
|t:|1783716395
|gametype|doubles
|player|p1|fnlroia|parasollady-gen4|
|player|p2|Zephrhills|miku-ghost|
|gen|9
|tier|[Gen 9 Champions] VGC 2026 Reg M-B (Bo3)
|rule|Species Clause: Limit one of each Pokémon
|rule|Item Clause: Limit 1 of each item
|clearpoke
|poke|p1|Sableye, L50, M|
|poke|p1|Arcanine-Hisui, L50, M|
|poke|p1|Delphox, L50, F|
|poke|p1|Samurott-Hisui, L50, M|
|poke|p1|Floette-Eternal, L50, F|
|poke|p1|Vivillon, L50, F|
|poke|p2|Blaziken, L50, F|
|poke|p2|Meowstic, L50, M|
|poke|p2|Rotom-Wash, L50, shiny|
|poke|p2|Greninja, L50, F, shiny|
|poke|p2|Gliscor, L50, M|
|poke|p2|Florges-White, L50, F, shiny|
|teampreview|4
|showteam|p1|Sableye||LightClay|Prankster|FakeOut,Encore,Reflect,LightScreen|Bold||M|||50|]Arcanine-Hisui||LifeOrb|RockHead|RockSlide,FlareBlitz,ExtremeSpeed,Protect|Jolly||M|||50|]Delphox||Delphoxite|Blaze|HeatWave,NastyPlot,Psyshock,Protect|Timid||F|||50|]Samurott-Hisui||BlackGlasses|Sharpness|CeaselessEdge,SuckerPunch,SacredSword,Protect|Jolly||M|||50|]Floette-Eternal||Floettite|FlowerVeil|CalmMind,DrainingKiss,LightofRuin,Protect|Modest||F|||50|]Vivillon||ChoiceScarf|CompoundEyes|RagePowder,SleepPowder,Hurricane,RainDance|Timid||F|||50|
|showteam|p2|Blaziken||Blazikenite|SpeedBoost|Detect,PoisonJab,RockSlide,CloseCombat|Jolly||F|||50|]Meowstic||Meowsticite|Prankster|FakeOut,BatonPass,ThunderWave,LightScreen|Calm||M|||50|]Rotom-Wash||LumBerry|Levitate|LightScreen,Electroweb,ShadowBall,Discharge|Modest|||||50|]Greninja||LifeOrb|Protean|DarkPulse,Surf,RockSlide,GunkShot|Naive||F|||50|]Gliscor||ExpertBelt|HyperCutter|RockSlide,PoisonJab,KnockOff,Tailwind|Adamant||M|||50|]Florges-White||ChestoBerry|Symbiosis|DazzlingGleam,PollenPuff,Safeguard,HelpingHand|Calm||F|||50|
|
|t:|1783716446
|teamsize|p1|4
|teamsize|p2|4
|start
|switch|p1a: not floette|Delphox, L50, F|100/100
|switch|p1b: lol|Vivillon, L50, F|100/100
|switch|p2a: Florges|Florges-White, L50, F, shiny|100/100
|switch|p2b: Rotom|Rotom-Wash, L50, shiny|100/100
|turn|1
|
|t:|1783716479
|detailschange|p1a: not floette|Delphox-Mega, L50, F
|-mega|p1a: not floette|Delphox|Delphoxite
|move|p1b: lol|Sleep Powder|p2b: Rotom
|-status|p2b: Rotom|slp|[from] move: Sleep Powder
|-enditem|p2b: Rotom|Lum Berry|[eat]
|-curestatus|p2b: Rotom|slp|[msg]
|-activate|p2a: Florges|ability: Symbiosis|Chesto Berry|[of] p2b: Rotom
|move|p1a: not floette|Nasty Plot|p1a: not floette
|-boost|p1a: not floette|spa|2
|move|p2b: Rotom|Light Screen|p2b: Rotom
|-sidestart|p2: Zephrhills|move: Light Screen
|move|p2a: Florges|Safeguard|p2a: Florges
|-sidestart|p2: Zephrhills|Safeguard
|
|upkeep
|turn|2
|
|t:|1783716534
|move|p2a: Florges|Helping Hand|p2b: Rotom
|-singleturn|p2b: Rotom|Helping Hand|[of] p2a: Florges
|move|p1a: not floette|Protect|p1a: not floette
|-singleturn|p1a: not floette|Protect
|move|p1b: lol|Sleep Powder|p2b: Rotom
|-activate|p2b: Rotom|move: Safeguard
|move|p2b: Rotom|Shadow Ball|p1a: not floette
|-activate|p1a: not floette|move: Protect
|
|upkeep
|turn|3
|
|t:|1783716553
|switch|p1b: jop river otter|Samurott-Hisui, L50, M|100/100
|move|p2a: Florges|Helping Hand|p2b: Rotom
|-singleturn|p2b: Rotom|Helping Hand|[of] p2a: Florges
|move|p1a: not floette|Psyshock|p2b: Rotom
|-damage|p2b: Rotom|33/100
|move|p2b: Rotom|Shadow Ball|p1a: not floette
|-supereffective|p1a: not floette|1
|-damage|p1a: not floette|36/100
|
|upkeep
|turn|4
|
|t:|1783716583
|move|p1b: jop river otter|Sucker Punch|p2b: Rotom
|-damage|p2b: Rotom|0 fnt
|faint|p2b: Rotom
|move|p1a: not floette|Psyshock|p2a: Florges
|-damage|p2a: Florges|25/100
|move|p2a: Florges|Dazzling Gleam|p1b: jop river otter|[spread] p1a,p1b
|-resisted|p1a: not floette|1
|-supereffective|p1b: jop river otter|1
|-damage|p1a: not floette|25/100
|-damage|p1b: jop river otter|26/100
|
|upkeep
|
|t:|1783716592
|switch|p2b: Blaziken|Blaziken, L50, F|100/100
|turn|5
|
|t:|1783716606
|detailschange|p2b: Blaziken|Blaziken-Mega, L50, F
|-mega|p2b: Blaziken|Blaziken|Blazikenite
|move|p2b: Blaziken|Detect|p2b: Blaziken
|-singleturn|p2b: Blaziken|Protect
|move|p1a: not floette|Psyshock|p2b: Blaziken
|-activate|p2b: Blaziken|move: Protect
|move|p1b: jop river otter|Sacred Sword|p2b: Blaziken
|-activate|p2b: Blaziken|move: Protect
|move|p2a: Florges|Safeguard||[still]
|-fail|p2a: Florges
|
|-sideend|p2: Zephrhills|move: Light Screen
|-sideend|p2: Zephrhills|Safeguard
|-ability|p2b: Blaziken|Speed Boost|boost
|-boost|p2b: Blaziken|spe|1
|upkeep
|turn|6
|
|t:|1783716631
|switch|p1b: lol|Vivillon, L50, F|100/100
|move|p2a: Florges|Helping Hand|p2b: Blaziken
|-singleturn|p2b: Blaziken|Helping Hand|[of] p2a: Florges
|move|p1a: not floette|Protect|p1a: not floette
|-singleturn|p1a: not floette|Protect
|move|p2b: Blaziken|Rock Slide|p1b: lol|[spread] p1b
|-activate|p1a: not floette|move: Protect
|-supereffective|p1b: lol|2
|-damage|p1b: lol|0 fnt
|faint|p1b: lol
|
|-ability|p2b: Blaziken|Speed Boost|boost
|-boost|p2b: Blaziken|spe|1
|upkeep
|
|t:|1783716645
|switch|p1b: KekW|Sableye, L50, M|100/100
|turn|7
|
|t:|1783716653
|move|p2b: Blaziken|Detect|p2b: Blaziken
|-singleturn|p2b: Blaziken|Protect
|move|p1b: KekW|Fake Out|p2b: Blaziken
|-activate|p2b: Blaziken|move: Protect
|move|p1a: not floette|Psyshock|p2b: Blaziken
|-activate|p2b: Blaziken|move: Protect
|move|p2a: Florges|Dazzling Gleam|p1a: not floette|[spread] p1a,p1b
|-resisted|p1a: not floette|1
|-supereffective|p1b: KekW|1
|-damage|p1a: not floette|13/100
|-damage|p1b: KekW|15/100
|
|-ability|p2b: Blaziken|Speed Boost|boost
|-boost|p2b: Blaziken|spe|1
|upkeep
|turn|8
|
|t:|1783716676
|move|p1b: KekW|Encore|p2b: Blaziken
|-start|p2b: Blaziken|Encore
|move|p2b: Blaziken|Detect|p2b: Blaziken
|-singleturn|p2b: Blaziken|Protect
|move|p1a: not floette|Psyshock|p2b: Blaziken
|-activate|p2b: Blaziken|move: Protect
|move|p2a: Florges|Dazzling Gleam|p1b: KekW|[spread] p1a,p1b
|-resisted|p1a: not floette|1
|-supereffective|p1b: KekW|1
|-damage|p1a: not floette|2/100
|-damage|p1b: KekW|0 fnt
|faint|p1b: KekW
|
|-ability|p2b: Blaziken|Speed Boost|boost
|-boost|p2b: Blaziken|spe|1
|upkeep
|
|t:|1783716688
|switch|p1b: jop river otter|Samurott-Hisui, L50, M|26/100
|turn|9
|
|t:|1783716697
|switch|p2b: Meowstic|Meowstic, L50, M|100/100
|move|p1a: not floette|Psyshock|p2b: Meowstic
|-resisted|p2b: Meowstic|1
|-damage|p2b: Meowstic|44/100
|move|p1b: jop river otter|Ceaseless Edge|p2a: Florges
|-resisted|p2a: Florges|1
|-damage|p2a: Florges|0 fnt
|-sidestart|p2: Zephrhills|Spikes
|faint|p2a: Florges
|
|upkeep
|
|t:|1783716707
|switch|p2a: Blaziken|Blaziken-Mega, L50, F|100/100
|-damage|p2a: Blaziken|87/100|[from] Spikes
|turn|10
|
|t:|1783716728
|move|p2a: Blaziken|Detect|p2a: Blaziken
|-singleturn|p2a: Blaziken|Protect
|move|p2b: Meowstic|Fake Out|p1a: not floette
|-crit|p1a: not floette
|-damage|p1a: not floette|0 fnt
|faint|p1a: not floette
|move|p1b: jop river otter|Sucker Punch||[still]
|-fail|p1b: jop river otter
|
|-ability|p2a: Blaziken|Speed Boost|boost
|-boost|p2a: Blaziken|spe|1
|upkeep
|turn|11
|
|t:|1783716745
|move|p2b: Meowstic|Light Screen|p2b: Meowstic
|-sidestart|p2: Zephrhills|move: Light Screen
|move|p2a: Blaziken|Close Combat|p1b: jop river otter
|-supereffective|p1b: jop river otter|1
|-damage|p1b: jop river otter|0 fnt
|-unboost|p2a: Blaziken|def|1
|-unboost|p2a: Blaziken|spd|1
|faint|p1b: jop river otter
|
|win|Zephrhills
||Zephrhills is ready for game 2.
||fnlroia is ready for game 2.
|uhtml|next|Next: Game 2 of 3
