|j|☆PerishingSongVGC
|j|☆Ryan Hawkins
|html|PerishingSongVGCRyan Hawkins    
|uhtml|bestof|Game 1 of a best-of-3
|t:|1757737872
|gametype|doubles
|player|p1|PerishingSongVGC|169|1033
|player|p2|Ryan Hawkins|2|1009
|gen|9
|tier|[Gen 9] VGC 2025 Reg H (Bo3)
|rated|
|rule|Species Clause: Limit one of each Pokémon
|rule|Item Clause: Limit 1 of each item
|clearpoke
|poke|p1|Gothitelle, L50, F|
|poke|p1|Incineroar, L50, F|
|poke|p1|Amoonguss, L50, M|
|poke|p1|Archaludon, L50, M|
|poke|p1|Primarina, L50, F|
|poke|p1|Flamigo, L50, M|
|poke|p2|Farigiraf, L50, M|
|poke|p2|Ursaluna-Bloodmoon, L50, M|
|poke|p2|Whimsicott, L50, F|
|poke|p2|Kingambit, L50, M|
|poke|p2|Magmar, L50, F|
|poke|p2|Salamence, L50, M|
|teampreview|4
|showteam|p1|Gothitelle||SitrusBerry|ShadowTag|Psychic,Hypnosis,FakeOut,Protect|||F|||50|,,,,,Dragon]Incineroar||CovertCloak|Intimidate|FakeOut,PartingShot,KnockOff,FlareBlitz|||F|||50|,,,,,Ghost]Amoonguss||RockyHelmet|Regenerator|PollenPuff,Spore,RagePowder,Protect|||M|||50|,,,,,Dark]Archaludon||PowerHerb|Sturdy|ElectroShot,DracoMeteor,FlashCannon,Protect|||M|||50|,,,,,Steel]Primarina||ThroatSpray|LiquidVoice|HyperVoice,Moonblast,PerishSong,Protect|||F|||50|,,,,,Water]Flamigo||ChoiceScarf|Scrappy|CloseCombat,Uturn,BraveBird,ThroatChop|||M|||50|,,,,,Steel
|showteam|p2|Farigiraf||RoomService|ArmorTail|Protect,TeraBlast,TwinBeam,TrickRoom|||M|||50|,,,,,Fighting]Ursaluna-Bloodmoon||ThroatSpray|MindsEye|Protect,BloodMoon,EarthPower,HyperVoice|||M|||50|,,,,,Grass]Whimsicott||FocusSash|Prankster|Protect,Tailwind,DazzlingGleam,LeechSeed|||F|||50|,,,,,Ghost]Kingambit||BlackGlasses|Defiant|Protect,KowtowCleave,IronHead,SuckerPunch|||M|||50|,,,,,Flying]Magmar||Eviolite|VitalSpirit|WillOWisp,FollowMe,ClearSmog,HeatWave|||F|||50|,,,,,Water]Salamence||LifeOrb|Intimidate|Protect,DragonClaw,DualWingbeat,Roost|||M|||50|,,,,,Fairy
|
|t:|1757737985
|teamsize|p1|4
|teamsize|p2|4
|start
|switch|p1a: Primarina|Primarina, L50, F|100/100
|switch|p1b: Incineroar|Incineroar, L50, F|100/100
|switch|p2a: Farigiraf|Farigiraf, L50, M, shiny|100/100
|switch|p2b: Ursaluna|Ursaluna-Bloodmoon, L50, M|100/100
|-ability|p1b: Incineroar|Intimidate|boost
|-unboost|p2a: Farigiraf|atk|1
|-unboost|p2b: Ursaluna|atk|1
|turn|1
|inactive|Battle timer is ON: inactive players will automatically lose when time's up. (requested by Ryan Hawkins)
|
|t:|1757738032
|-terastallize|p2b: Ursaluna|Grass
|move|p2a: Farigiraf|Protect|p2a: Farigiraf
|-singleturn|p2a: Farigiraf|Protect
|move|p1a: Primarina|Hyper Voice|p2b: Ursaluna|[spread] p2b
|-activate|p2a: Farigiraf|move: Protect
|-resisted|p2b: Ursaluna
|-damage|p2b: Ursaluna|87/100
|-enditem|p1a: Primarina|Throat Spray
|-boost|p1a: Primarina|spa|1|[from] item: Throat Spray
|move|p2b: Ursaluna|Earth Power|p1b: Incineroar
|-supereffective|p1b: Incineroar
|-damage|p1b: Incineroar|37/100
|move|p1b: Incineroar|Flare Blitz|p2b: Ursaluna
|-supereffective|p2b: Ursaluna
|-damage|p2b: Ursaluna|6/100
|-damage|p1b: Incineroar|12/100|[from] Recoil
|
|upkeep
|turn|2
|inactive|PerishingSongVGC has 30 seconds left.
|
|t:|1757738062
|switch|p1b: Amoonguss|Amoonguss, L50, M|100/100
|move|p2b: Ursaluna|Protect|p2b: Ursaluna
|-singleturn|p2b: Ursaluna|Protect
|move|p1a: Primarina|Hyper Voice|p2a: Farigiraf|[spread] p2a
|-activate|p2b: Ursaluna|move: Protect
|-damage|p2a: Farigiraf|47/100
|move|p2a: Farigiraf|Trick Room|p2a: Farigiraf
|-fieldstart|move: Trick Room|[of] p2a: Farigiraf
|-enditem|p2a: Farigiraf|Room Service
|-unboost|p2a: Farigiraf|spe|1|[from] item: Room Service
|
|upkeep
|turn|3
|
|t:|1757738081
|switch|p2b: Kingambit|Kingambit, L50, M, shiny|100/100
|move|p1b: Amoonguss|Rage Powder|p1b: Amoonguss
|-singleturn|p1b: Amoonguss|move: Rage Powder
|move|p2a: Farigiraf|Twin Beam|p1b: Amoonguss
|-supereffective|p1b: Amoonguss
|-damage|p1b: Amoonguss|70/100
|-supereffective|p1b: Amoonguss
|-damage|p1b: Amoonguss|37/100
|-hitcount|p1b: Amoonguss|2
|move|p1a: Primarina|Hyper Voice|p2a: Farigiraf|[spread] p2a,p2b
|-damage|p2a: Farigiraf|0 fnt
|-damage|p2b: Kingambit|59/100
|faint|p2a: Farigiraf
|
|upkeep
|
|t:|1757738096
|switch|p2a: Whimsicott|Whimsicott, L50, F, shiny|100/100
|turn|4
|
|t:|1757738112
|move|p1b: Amoonguss|Spore|p2b: Kingambit
|-status|p2b: Kingambit|slp|[from] move: Spore
|cant|p2b: Kingambit|slp
|move|p1a: Primarina|Hyper Voice|p2a: Whimsicott|[spread] p2a,p2b
|-resisted|p2a: Whimsicott
|-damage|p2a: Whimsicott|62/100
|-damage|p2b: Kingambit|21/100 slp
|move|p2a: Whimsicott|Dazzling Gleam|p1b: Amoonguss|[spread] p1a,p1b
|-resisted|p1b: Amoonguss
|-crit|p1b: Amoonguss
|-damage|p1a: Primarina|81/100
|-damage|p1b: Amoonguss|23/100
|
|upkeep
|turn|5
|
|t:|1757738131
|switch|p1b: Incineroar|Incineroar, L50, F|12/100
|-ability|p1b: Incineroar|Intimidate|boost
|-unboost|p2a: Whimsicott|atk|1
|-unboost|p2b: Kingambit|atk|1
|-ability|p2b: Kingambit|Defiant|boost
|-boost|p2b: Kingambit|atk|2
|cant|p2b: Kingambit|slp
|move|p1a: Primarina|Hyper Voice|p2b: Kingambit|[spread] p2a,p2b
|-resisted|p2a: Whimsicott
|-damage|p2a: Whimsicott|25/100
|-damage|p2b: Kingambit|0 fnt
|faint|p2b: Kingambit
|move|p2a: Whimsicott|Dazzling Gleam|p1b: Incineroar|[spread] p1a,p1b
|-damage|p1a: Primarina|63/100
|-damage|p1b: Incineroar|0 fnt
|faint|p1b: Incineroar
|
|upkeep
|
|t:|1757738145
|switch|p2b: Ursaluna|Ursaluna-Bloodmoon, L50, M, tera:Grass|6/100
|switch|p1b: Amoonguss|Amoonguss, L50, M|56/100
|turn|6
|
|t:|1757738155
|move|p2a: Whimsicott|Protect|p2a: Whimsicott
|-singleturn|p2a: Whimsicott|Protect
|move|p1a: Primarina|Protect|p1a: Primarina
|-singleturn|p1a: Primarina|Protect
|move|p1b: Amoonguss|Pollen Puff|p2a: Whimsicott
|-activate|p2a: Whimsicott|move: Protect
|move|p2b: Ursaluna|Blood Moon|p1a: Primarina
|-activate|p1a: Primarina|move: Protect
|
|-fieldend|move: Trick Room
|upkeep
|turn|7
|
|t:|1757738173
|move|p2a: Whimsicott|Tailwind|p2a: Whimsicott
|-sidestart|p2: Ryan Hawkins|move: Tailwind
|move|p2b: Ursaluna|Hyper Voice|p1b: Amoonguss|[spread] p1a,p1b
|-damage|p1a: Primarina|38/100
|-damage|p1b: Amoonguss|30/100
|-enditem|p2b: Ursaluna|Throat Spray
|-boost|p2b: Ursaluna|spa|1|[from] item: Throat Spray
|move|p1a: Primarina|Hyper Voice|p2a: Whimsicott|[spread] p2a,p2b
|-resisted|p2a: Whimsicott
|-resisted|p2b: Ursaluna
|-damage|p2a: Whimsicott|0 fnt
|-damage|p2b: Ursaluna|0 fnt
|faint|p2a: Whimsicott
|faint|p2b: Ursaluna
|
|win|PerishingSongVGC
||PerishingSongVGC is ready for game 2.
||Ryan Hawkins is ready for game 2.
|uhtml|next|Next: Game 2 of 3
|l|☆Ryan Hawkins
|player|p2|
