|j|☆lilacq
|j|☆Tearamizuu
|html|lilacqTearamizuu    
|uhtml|bestof|Game 1 of a best-of-3
|t:|1784453966
|gametype|doubles
|player|p1|lilacq|shauntal|1127
|player|p2|Tearamizuu|flannery|1183
|gen|9
|tier|[Gen 9 Champions] VGC 2026 Reg M-B (Bo3)
|rated|
|rule|Species Clause: Limit one of each Pokémon
|rule|Item Clause: Limit 1 of each item
|clearpoke
|poke|p1|Whimsicott, L50, F|
|poke|p1|Eelektross, L50, F|
|poke|p1|Staraptor, L50, F|
|poke|p1|Sinistcha-Masterpiece, L50|
|poke|p1|Ceruledge, L50, F|
|poke|p1|Glimmora, L50, F|
|poke|p2|Kingambit, L50, F|
|poke|p2|Farigiraf, L50, F|
|poke|p2|Drampa, L50, M|
|poke|p2|Primarina, L50, F|
|poke|p2|Whimsicott, L50, F|
|poke|p2|Metagross, L50|
|teampreview|4
|showteam|p1|Whimsicott||FocusSash|Prankster|Tailwind,Moonblast,Tickle,Protect|Timid||F|||50|]Eelektross||Eelektrossite|Levitate|Flamethrower,Thunderbolt,GigaDrain,Protect|Timid||F|||50|]Staraptor||Staraptite|Intimidate|CloseCombat,BraveBird,Roost,Protect|Adamant||F|||50|]Sinistcha-Masterpiece||SitrusBerry|Hospitality|MatchaGotcha,RagePowder,TrickRoom,LifeDew|Calm|||||50|]Ceruledge||ColburBerry|FlashFire|BulkUp,BitterBlade,ShadowSneak,Poltergeist|Adamant||F|||50|]Glimmora||PoisonBarb|ToxicDebris|SludgeBomb,PowerGem,SpikyShield,EarthPower|Timid||F|||50|
|showteam|p2|Kingambit||FocusSash|Defiant|SuckerPunch,IronHead,KowtowCleave,LowKick|Brave||F|||50|]Farigiraf||ColburBerry|ArmorTail|Thunderbolt,Imprison,TwinBeam,TrickRoom|Modest||F|||50|]Drampa||Drampanite|CloudNine|Protect,HyperVoice,EarthPower,DragonPulse|Quiet||M|||50|]Primarina||LifeOrb|LiquidVoice|Moonblast,Haze,Protect,HyperVoice|Modest||F|||50|]Whimsicott||FairyFeather|Prankster|Encore,Moonblast,Tailwind,Protect|Modest||F|||50|]Metagross||Metagrossite|ClearBody|StompingTantrum,Protect,IronHead,PsychicFangs|Adamant|||||50|
|inactive|Battle timer is ON: inactive players will automatically lose when time's up. (requested by Tearamizuu)
|inactive|Tearamizuu has 60 seconds left.
|
|t:|1784453997
|teamsize|p1|4
|teamsize|p2|4
|start
|switch|p1a: Eelektross|Eelektross, L50, F|100/100
|switch|p1b: Sinistcha|Sinistcha-Masterpiece, L50|100/100
|switch|p2a: Farigiraf|Farigiraf, L50, F|100/100
|switch|p2b: Primarina|Primarina, L50, F|100/100
|turn|1
|inactive|lilacq has 30 seconds left.
|inactive|lilacq has 20 seconds left.
|
|t:|1784454034
|switch|p2b: Whimsicott|Whimsicott, L50, F|100/100
|detailschange|p1a: Eelektross|Eelektross-Mega, L50, F
|-mega|p1a: Eelektross|Eelektross|Eelektrossite
|move|p1a: Eelektross|Thunderbolt|p2a: Farigiraf
|-damage|p2a: Farigiraf|52/100
|move|p2a: Farigiraf|Twin Beam|p1a: Eelektross
|-crit|p1a: Eelektross
|-damage|p1a: Eelektross|68/100
|-damage|p1a: Eelektross|49/100
|-hitcount|p1a: Eelektross|2
|move|p1b: Sinistcha|Trick Room|p1b: Sinistcha
|-fieldstart|move: Trick Room|[of] p1b: Sinistcha
|
|upkeep
|turn|2
|inactive|lilacq has 30 seconds left.
|inactive|Tearamizuu has 30 seconds left.
|
|t:|1784454061
|move|p2b: Whimsicott|Protect|p2b: Whimsicott
|-singleturn|p2b: Whimsicott|Protect
|move|p1b: Sinistcha|Rage Powder|p1b: Sinistcha
|-singleturn|p1b: Sinistcha|move: Rage Powder
|move|p2a: Farigiraf|Imprison|p2a: Farigiraf
|-start|p2a: Farigiraf|move: Imprison
|cant|p1a: Eelektross|move: Imprison|Thunderbolt
|
|upkeep
|turn|3
|inactive|lilacq has 30 seconds left.
|inactive|lilacq has 20 seconds left.
|
|t:|1784454099
|switch|p1a: Ceruledge|Ceruledge, L50, F|100/100
|move|p2a: Farigiraf|Twin Beam|p1b: Sinistcha
|-damage|p1b: Sinistcha|84/100
|-damage|p1b: Sinistcha|67/100
|-hitcount|p1b: Sinistcha|2
|move|p1b: Sinistcha|Matcha Gotcha|p2a: Farigiraf|[spread] p2a,p2b
|-resisted|p2b: Whimsicott|1
|-damage|p2a: Farigiraf|29/100
|-heal|p1b: Sinistcha|82/100|[from] drain|[of] p2a: Farigiraf
|-damage|p2b: Whimsicott|83/100
|-heal|p1b: Sinistcha|89/100|[from] drain|[of] p2b: Whimsicott
|move|p2b: Whimsicott|Moonblast|p1a: Ceruledge
|-resisted|p1a: Ceruledge|1
|-damage|p1a: Ceruledge|76/100
|
|upkeep
|turn|4
|
|t:|1784454121
|move|p2b: Whimsicott|Protect|p2b: Whimsicott
|-singleturn|p2b: Whimsicott|Protect
|move|p2a: Farigiraf|Twin Beam|p1a: Ceruledge
|-damage|p1a: Ceruledge|60/100
|-crit|p1a: Ceruledge
|-damage|p1a: Ceruledge|35/100
|-hitcount|p1a: Ceruledge|2
|move|p1b: Sinistcha|Matcha Gotcha|p2b: Whimsicott|[spread] p2a
|-activate|p2b: Whimsicott|move: Protect
|-damage|p2a: Farigiraf|3/100
|-heal|p1b: Sinistcha|100/100|[from] drain|[of] p2a: Farigiraf
|move|p1a: Ceruledge|Bitter Blade|p2b: Whimsicott
|-activate|p2b: Whimsicott|move: Protect
|
|upkeep
|turn|5
|inactive|Tearamizuu has 30 seconds left.
|
|t:|1784454153
|switch|p2b: Primarina|Primarina, L50, F|100/100
|move|p1b: Sinistcha|Rage Powder|p1b: Sinistcha
|-singleturn|p1b: Sinistcha|move: Rage Powder
|move|p2a: Farigiraf|Twin Beam|p1b: Sinistcha
|-crit|p1b: Sinistcha
|-damage|p1b: Sinistcha|77/100
|-damage|p1b: Sinistcha|62/100
|-hitcount|p1b: Sinistcha|2
|move|p1a: Ceruledge|Bitter Blade|p2b: Primarina
|-resisted|p2b: Primarina|1
|-damage|p2b: Primarina|67/100
|-heal|p1a: Ceruledge|51/100|[from] drain|[of] p2b: Primarina
|
|-fieldend|move: Trick Room
|upkeep
|turn|6
|
|t:|1784454172
|move|p2b: Primarina|Protect|p2b: Primarina
|-singleturn|p2b: Primarina|Protect
|move|p1a: Ceruledge|Poltergeist|p2b: Primarina
|-activate|p2b: Primarina|move: Protect
|move|p1b: Sinistcha|Matcha Gotcha|p2a: Farigiraf|[spread] p2a
|-activate|p2b: Primarina|move: Protect
|-damage|p2a: Farigiraf|0 fnt
|-heal|p1b: Sinistcha|64/100|[from] drain|[of] p2a: Farigiraf
|faint|p2a: Farigiraf
|
|upkeep
|
|t:|1784454175
|switch|p2a: Whimsicott|Whimsicott, L50, F|83/100
|turn|7
|
|t:|1784454182
|move|p2a: Whimsicott|Tailwind|p2a: Whimsicott
|-sidestart|p2: Tearamizuu|move: Tailwind
|move|p2b: Primarina|Hyper Voice|p1b: Sinistcha|[spread] p1a,p1b
|-supereffective|p1a: Ceruledge|1
|-resisted|p1b: Sinistcha|1
|-damage|p1a: Ceruledge|0 fnt
|-damage|p1b: Sinistcha|44/100
|-enditem|p1b: Sinistcha|Sitrus Berry|[eat]
|-heal|p1b: Sinistcha|69/100|[from] item: Sitrus Berry
|faint|p1a: Ceruledge
|-damage|p2b: Primarina|58/100|[from] item: Life Orb
|move|p1b: Sinistcha|Matcha Gotcha|p2b: Primarina|[spread] p2b
|-miss|p1b: Sinistcha|p2a: Whimsicott
|-supereffective|p2b: Primarina|1
|-damage|p2b: Primarina|14/100
|-heal|p1b: Sinistcha|91/100|[from] drain|[of] p2b: Primarina
|
|upkeep
|
|t:|1784454192
|switch|p1a: Eelektross|Eelektross-Mega, L50, F|49/100
|turn|8
|
|t:|1784454202
|move|p2b: Primarina|Protect|p2b: Primarina
|-singleturn|p2b: Primarina|Protect
|move|p1a: Eelektross|Protect|p1a: Eelektross
|-singleturn|p1a: Eelektross|Protect
|move|p2a: Whimsicott|Moonblast|p1b: Sinistcha
|-damage|p1b: Sinistcha|43/100
|move|p1b: Sinistcha|Trick Room|p1b: Sinistcha
|-fieldstart|move: Trick Room|[of] p1b: Sinistcha
|
|upkeep
|turn|9
|
|t:|1784454229
|move|p2a: Whimsicott|Encore|p1a: Eelektross
|-start|p1a: Eelektross|Encore
|move|p1a: Eelektross|Protect|p1a: Eelektross
|-singleturn|p1a: Eelektross|Protect
|move|p1b: Sinistcha|Matcha Gotcha|p2a: Whimsicott|[spread] p2a,p2b
|-resisted|p2a: Whimsicott|1
|-supereffective|p2b: Primarina|1
|-damage|p2a: Whimsicott|67/100
|-heal|p1b: Sinistcha|51/100|[from] drain|[of] p2a: Whimsicott
|-damage|p2b: Primarina|0 fnt
|-heal|p1b: Sinistcha|58/100|[from] drain|[of] p2b: Primarina
|faint|p2b: Primarina
|
|upkeep
|
|t:|1784454233
|switch|p2b: Kingambit|Kingambit, L50, F|100/100
|turn|10
|
|t:|1784454247
|switch|p1a: Glimmora|Glimmora, L50, F|100/100
|move|p2b: Kingambit|Sucker Punch|p1b: Sinistcha
|-supereffective|p1b: Sinistcha|1
|-damage|p1b: Sinistcha|0 fnt
|faint|p1b: Sinistcha
|move|p2a: Whimsicott|Moonblast|p1a: Glimmora
|-resisted|p1a: Glimmora|1
|-damage|p1a: Glimmora|66/100
|
|-sideend|p2: Tearamizuu|move: Tailwind
|upkeep
|
|t:|1784454253
|switch|p1b: Eelektross|Eelektross-Mega, L50, F|49/100
|turn|11
|inactive|Tearamizuu has 30 seconds left.
|inactive|Tearamizuu has 20 seconds left.
|inactive|Tearamizuu has 15 seconds left.
|inactive|Tearamizuu has 10 seconds left.
|
|t:|1784454300
|move|p2a: Whimsicott|Protect|p2a: Whimsicott
|-singleturn|p2a: Whimsicott|Protect
|move|p2b: Kingambit|Iron Head|p1a: Glimmora
|-supereffective|p1a: Glimmora|1
|-damage|p1a: Glimmora|0 fnt
|-activate|p1a: Glimmora|ability: Toxic Debris
|-sidestart|p2: Tearamizuu|move: Toxic Spikes
|faint|p1a: Glimmora
|move|p1b: Eelektross|Flamethrower|p2b: Kingambit
|-supereffective|p2b: Kingambit|1
|-damage|p2b: Kingambit|28/100
|-status|p2b: Kingambit|brn
|
|-damage|p2b: Kingambit|22/100 brn|[from] brn
|upkeep
|turn|12
|
|t:|1784454319
|move|p2b: Kingambit|Kowtow Cleave|p1b: Eelektross
|-damage|p1b: Eelektross|13/100
|move|p2a: Whimsicott|Moonblast|p1b: Eelektross
|-damage|p1b: Eelektross|0 fnt
|faint|p1b: Eelektross
|
|win|Tearamizuu
|l|☆lilacq
|player|p1|
||lilacq is ready for game 2.
|inactive|Tearamizuu has 30 seconds to confirm battle start!
||Tearamizuu is ready for game 2.
|uhtml|next|Next: Game 2 of 3
