|j|☆Parchesin
|j|☆Ilia6566
|html|ParchesinIlia6566    
|uhtml|bestof|Game 1 of a best-of-3
|t:|1756701585
|gametype|doubles
|player|p1|Parchesin|102|1087
|player|p2|Ilia6566|1|1000
|gen|9
|tier|[Gen 9] VGC 2025 Reg H (Bo3)
|rated|
|rule|Species Clause: Limit one of each Pokémon
|rule|Item Clause: Limit 1 of each item
|clearpoke
|poke|p1|Weezing, L50, M|
|poke|p1|Tyranitar, L50, M|
|poke|p1|Garchomp, L50, F|
|poke|p1|Vivillon-Archipelago, L50, F|
|poke|p1|Primarina, L50, M|
|poke|p1|Incineroar, L50, F|
|poke|p2|Maushold, L50|
|poke|p2|Samurott-Hisui, L50, M|
|poke|p2|Scizor, L50, M|
|poke|p2|Dragapult, L50, M|
|poke|p2|Skeledirge, L50, F|
|poke|p2|Rillaboom, L50, F|
|teampreview|4
|showteam|p1|Weezing||SitrusBerry|NeutralizingGas|SludgeBomb,WillOWisp,Haze,Protect|||M|||50|,,,,,Grass]Tyranitar||AssaultVest|SandStream|RockSlide,LowKick,TeraBlast,KnockOff|||M|||50|,,,,,Flying]Garchomp||LifeOrb|SandVeil|Earthquake,RockSlide,StompingTantrum,Protect|||F|||50|,,,,,Ground]Vivillon-Archipelago||FocusSash|CompoundEyes|SleepPowder,Hurricane,Protect,Tailwind|||F|||50|,,,,,Ghost]Primarina||MysticWater|LiquidVoice|HyperVoice,Moonblast,Protect,CalmMind|||M|||50|,,,,,Grass]Incineroar||AbilityShield|Intimidate|FlareBlitz,FakeOut,PartingShot,KnockOff|||F|||50|,,,,,Grass
|showteam|p2|Maushold||SilkScarf|Technician|PopulationBomb,FollowMe,Encore,TidyUp||||||50|,,,,,Normal]Samurott-Hisui||LifeOrb|Sharpness|AquaCutter,CeaselessEdge,SuckerPunch,SwordsDance|||M|||50|,,,,,Water]Scizor||SalacBerry|Technician|BulletPunch,Lunge,Uturn,Protect|||M|||50|,,,,,Steel]Dragapult||WhiteHerb|CursedBody|DracoMeteor,Acrobatics,ShadowBall,ThunderWave|||M|||50|,,,,,Flying]Skeledirge||AssaultVest|Blaze|TorchSong,HeatWave,ShadowBall,TeraBlast|||F|||50|,,,,,Normal]Rillaboom||RockyHelmet|GrassySurge|FakeOut,GrassyGlide,WoodHammer,DoubleEdge|||F|||50|,,,,,Grass
|inactive|Battle timer is ON: inactive players will automatically lose when time's up. (requested by Parchesin)
|
|t:|1756701615
|teamsize|p1|4
|teamsize|p2|4
|start
|switch|p1a: Weezing|Weezing, L50, M, shiny|100/100
|switch|p1b: Incineroar|Incineroar, L50, F, shiny|100/100
|switch|p2a: Maushold|Maushold, L50|100/100
|switch|p2b: Rillaboom|Rillaboom, L50, F|100/100
|-ability|p1a: Weezing|Neutralizing Gas
|-block|p1b: Incineroar|item: Ability Shield
|-ability|p1b: Incineroar|Intimidate|boost
|-unboost|p2a: Maushold|atk|1
|-unboost|p2b: Rillaboom|atk|1
|turn|1
|inactive|Ilia6566 has 30 seconds left.
|inactive|Parchesin has 30 seconds left.
|inactive|Ilia6566 has 20 seconds left.
|inactive|Parchesin has 20 seconds left.
|
|t:|1756701656
|-terastallize|p2a: Maushold|Normal
|move|p2b: Rillaboom|Fake Out|p1b: Incineroar
|-damage|p1b: Incineroar|91/100
|cant|p1b: Incineroar|flinch
|move|p2a: Maushold|Population Bomb|p1a: Weezing
|-damage|p1a: Weezing|95/100
|-damage|p1a: Weezing|89/100
|-damage|p1a: Weezing|83/100
|-damage|p1a: Weezing|77/100
|-hitcount|p1a: Weezing|4
|move|p1a: Weezing|Will-O-Wisp|p2b: Rillaboom
|-status|p2b: Rillaboom|brn
|
|-damage|p2b: Rillaboom|95/100 brn|[from] brn
|upkeep
|turn|2
|inactive|Parchesin has 30 seconds left.
|inactive|Ilia6566 has 30 seconds left.
|inactive|Parchesin has 20 seconds left.
|inactive|Ilia6566 has 20 seconds left.
|
|t:|1756701695
|switch|p2b: Dragapult|Dragapult, L50, M|100/100
|move|p2a: Maushold|Encore|p1a: Weezing
|-start|p1a: Weezing|Encore
|move|p1a: Weezing|Will-O-Wisp|p2a: Maushold
|-status|p2a: Maushold|brn
|move|p1b: Incineroar|Knock Off|p2a: Maushold
|-damage|p2a: Maushold|37/100 brn
|-enditem|p2a: Maushold|Silk Scarf|[from] move: Knock Off|[of] p1b: Incineroar
|
|-damage|p2a: Maushold|30/100 brn|[from] brn
|upkeep
|turn|3
|
|t:|1756701716
|switch|p1b: Primarina|Primarina, L50, M, shiny|100/100
|move|p2a: Maushold|Population Bomb|p1a: Weezing
|-damage|p1a: Weezing|75/100
|-damage|p1a: Weezing|73/100
|-damage|p1a: Weezing|70/100
|-damage|p1a: Weezing|67/100
|-damage|p1a: Weezing|65/100
|-damage|p1a: Weezing|63/100
|-damage|p1a: Weezing|60/100
|-damage|p1a: Weezing|58/100
|-damage|p1a: Weezing|56/100
|-damage|p1a: Weezing|53/100
|-hitcount|p1a: Weezing|10
|move|p2b: Dragapult|Draco Meteor|p1b: Primarina
|-immune|p1b: Primarina
|move|p1a: Weezing|Will-O-Wisp|p2b: Dragapult
|-status|p2b: Dragapult|brn
|
|-damage|p2a: Maushold|24/100 brn|[from] brn
|-damage|p2b: Dragapult|94/100 brn|[from] brn
|upkeep
|turn|4
|inactive|Parchesin has 30 seconds left.
|inactive|Ilia6566 has 30 seconds left.
|inactive|Ilia6566 has 20 seconds left.
|
|t:|1756701756
|switch|p2a: Samurott|Samurott-Hisui, L50, M, shiny|100/100
|-end|p1a: Weezing|ability: Neutralizing Gas
|switch|p1a: Incineroar|Incineroar, L50, F, shiny|91/100
|-ability|p1a: Incineroar|Intimidate|boost
|-unboost|p2a: Samurott|atk|1
|-unboost|p2b: Dragapult|atk|1
|-enditem|p2b: Dragapult|White Herb
|-clearnegativeboost|p2b: Dragapult|[silent]
|move|p2b: Dragapult|Thunder Wave|p1b: Primarina
|-status|p1b: Primarina|par
|move|p1b: Primarina|Hyper Voice|p2b: Dragapult|[spread] p2a,p2b
|-resisted|p2a: Samurott
|-resisted|p2b: Dragapult
|-damage|p2a: Samurott|65/100
|-damage|p2b: Dragapult|70/100 brn
|
|-damage|p2b: Dragapult|64/100 brn|[from] brn
|upkeep
|turn|5
|inactive|Parchesin has 30 seconds left.
|inactive|Ilia6566 has 30 seconds left.
|inactive|Parchesin has 20 seconds left.
|
|t:|1756701792
|switch|p2b: Maushold|Maushold, L50, tera:Normal|24/100 brn
|move|p1a: Incineroar|Fake Out|p2a: Samurott
|-damage|p2a: Samurott|48/100
|cant|p2a: Samurott|flinch
|cant|p1b: Primarina|par
|
|-damage|p2b: Maushold|18/100 brn|[from] brn
|upkeep
|turn|6
|inactive|Parchesin has 30 seconds left.
|inactive|Ilia6566 has 30 seconds left.
|inactive|Ilia6566 has 20 seconds left.
|inactive|Ilia6566 has 15 seconds left.
|inactive|Ilia6566 has 10 seconds left.
|inactive|Ilia6566 has 5 seconds left.
|
|t:|1756701843
|move|p2b: Maushold|Follow Me|p2b: Maushold
|-singleturn|p2b: Maushold|move: Follow Me
|move|p2a: Samurott|Sucker Punch|p1b: Primarina
|-resisted|p1b: Primarina
|-damage|p1b: Primarina|84/100 par
|-damage|p2a: Samurott|39/100|[from] item: Life Orb
|move|p1a: Incineroar|Knock Off|p2b: Maushold
|-damage|p2b: Maushold|0 fnt
|faint|p2b: Maushold
|cant|p1b: Primarina|par
|
|upkeep
|
|t:|1756701856
|switch|p2b: Rillaboom|Rillaboom, L50, F|95/100 brn
|-fieldstart|move: Grassy Terrain|[from] ability: Grassy Surge|[of] p2b: Rillaboom
|turn|7
|
|t:|1756701866
|-terastallize|p1b: Primarina|Grass
|move|p2a: Samurott|Sucker Punch|p1b: Primarina
|-damage|p1b: Primarina|51/100 par
|-damage|p2a: Samurott|29/100|[from] item: Life Orb
|move|p2b: Rillaboom|Wood Hammer|p1b: Primarina
|-resisted|p1b: Primarina
|-damage|p1b: Primarina|29/100 par
|-damage|p2b: Rillaboom|87/100 brn|[from] Recoil
|move|p1a: Incineroar|Flare Blitz|p2b: Rillaboom
|-supereffective|p2b: Rillaboom
|-damage|p2b: Rillaboom|0 fnt
|-damage|p1a: Incineroar|75/100|[from] item: Rocky Helmet|[of] p2b: Rillaboom
|faint|p2b: Rillaboom
|-damage|p1a: Incineroar|49/100|[from] Recoil
|move|p1b: Primarina|Moonblast|p2a: Samurott
|-supereffective|p2a: Samurott
|-damage|p2a: Samurott|0 fnt
|faint|p2a: Samurott
|
|-heal|p1a: Incineroar|56/100|[from] Grassy Terrain
|-heal|p1b: Primarina|35/100 par|[from] Grassy Terrain
|upkeep
|
|t:|1756701890
|switch|p2a: Dragapult|Dragapult, L50, M|64/100 brn
|turn|8
|
|t:|1756701902
|move|p2a: Dragapult|Acrobatics|p1a: Incineroar
|-damage|p1a: Incineroar|43/100
|move|p1a: Incineroar|Knock Off|p2a: Dragapult
|-supereffective|p2a: Dragapult
|-damage|p2a: Dragapult|0 fnt
|-start|p1a: Incineroar|Disable|Knock Off|[from] ability: Cursed Body|[of] p2a: Dragapult
|faint|p2a: Dragapult
|
|win|Parchesin
|l|☆Ilia6566
|player|p2|
|inactive|Parchesin has 30 seconds to confirm battle start!
|inactive|Ilia6566 has 30 seconds to confirm battle start!
||Parchesin is ready for game 2.
||Ilia6566 is ready for game 2.
|uhtml|next|Next: Game 2 of 3
