|j|☆chatgptdraftduel
|j|☆rager88
|html|chatgptdraftduelrager88    
|uhtml|bestof|Game 2 of a best-of-3
|t:|1785344376
|gametype|doubles
|player|p1|chatgptdraftduel|169|
|player|p2|rager88|266|
|gen|9
|tier|[Gen 9 Champions] VGC 2026 Reg M-B (Bo3)
|rule|Species Clause: Limit one of each Pokémon
|rule|Item Clause: Limit 1 of each item
|clearpoke
|poke|p1|Pelipper, L50, F|
|poke|p1|Gholdengo, L50|
|poke|p1|Metagross, L50|
|poke|p1|Annihilape, L50, M|
|poke|p1|Grimmsnarl, L50, M|
|poke|p1|Volcarona, L50, M|
|poke|p2|Corviknight, L50, M|
|poke|p2|Tyranitar, L50, M|
|poke|p2|Excadrill, L50, F|
|poke|p2|Sinistcha, L50|
|poke|p2|Blastoise, L50, F|
|poke|p2|Tsareena, L50, F|
|teampreview|4
|showteam|p1|Pelipper||DampRock|Drizzle|Hurricane,WeatherBall,WideGuard,Protect|Modest||F|||50|]Gholdengo||ChoiceScarf|GoodasGold|MakeItRain,ShadowBall,FocusBlast,Trick|Timid|||||50|]Metagross||Metagrossite|ClearBody|MeteorMash,ZenHeadbutt,StompingTantrum,Protect|Adamant|||||50|]Annihilape||Leftovers|Defiant|RageFist,DrainPunch,BulkUp,Protect|Careful||M|||50|]Grimmsnarl||LightClay|Prankster|Reflect,LightScreen,SpiritBreak,PartingShot|Careful||M|||50|]Volcarona||SitrusBerry|FlameBody|HeatWave,GigaDrain,QuiverDance,Protect|Modest||M|||50|
|showteam|p2|Corviknight||Leftovers|MirrorArmor|BulkUp,Tailwind,Roost,BraveBird|Adamant||M|||50|]Tyranitar||Tyranitarite|SandStream|KnockOff,RockSlide,Protect,DragonDance|Adamant||M|||50|]Excadrill||FocusSash|SandRush|Protect,IronHead,Earthquake,RockSlide|Adamant||F|||50|]Sinistcha||SitrusBerry|Hospitality|MatchaGotcha,LifeDew,RagePowder,Protect|Calm|||||50|]Blastoise||Blastoisinite|RainDish|WaterSpout,FakeOut,Protect,DarkPulse|Modest||F|||50|]Tsareena||ChoiceScarf|QueenlyMajesty|TropKick,TripleAxel,PlayRough,Uturn|Jolly||F|||50|
|
|t:|1785344725
|teamsize|p1|4
|teamsize|p2|4
|start
|switch|p1a: Metagross|Metagross, L50|100/100
|switch|p1b: Gholdengo|Gholdengo, L50|100/100
|switch|p2a: Blastoise|Blastoise, L50, F|100/100
|switch|p2b: Corviknight|Corviknight, L50, M|100/100
|turn|1
|
|t:|1785344800
|detailschange|p1a: Metagross|Metagross-Mega, L50
|-mega|p1a: Metagross|Metagross|Metagrossite
|move|p1a: Metagross|Protect|p1a: Metagross
|-singleturn|p1a: Metagross|Protect
|move|p2a: Blastoise|Protect|p2a: Blastoise
|-singleturn|p2a: Blastoise|Protect
|move|p1b: Gholdengo|Shadow Ball|p2b: Corviknight
|-damage|p2b: Corviknight|60/100
|move|p2b: Corviknight|Tailwind|p2b: Corviknight
|-sidestart|p2: rager88|move: Tailwind
|
|-heal|p2b: Corviknight|66/100|[from] item: Leftovers
|upkeep
|turn|2
|
|t:|1785344917
|detailschange|p2a: Blastoise|Blastoise-Mega, L50, F
|-mega|p2a: Blastoise|Blastoise|Blastoisinite
|move|p2a: Blastoise|Water Spout|p1a: Metagross|[spread] p1a,p1b
|-damage|p1a: Metagross|43/100
|-damage|p1b: Gholdengo|24/100
|move|p1b: Gholdengo|Shadow Ball|p2a: Blastoise
|-damage|p2a: Blastoise|56/100
|move|p2b: Corviknight|Roost|p2b: Corviknight
|-heal|p2b: Corviknight|100/100
|-singleturn|p2b: Corviknight|move: Roost
|move|p1a: Metagross|Meteor Mash|p2b: Corviknight
|-resisted|p2b: Corviknight|1
|-damage|p2b: Corviknight|72/100
|-boost|p1a: Metagross|atk|1
|
|-heal|p2b: Corviknight|78/100|[from] item: Leftovers
|upkeep
|turn|3
|
|t:|1785345033
|switch|p2b: Sinistcha|Sinistcha, L50|100/100
|-heal|p2a: Blastoise|81/100|[from] ability: Hospitality|[of] p2b: Sinistcha
|move|p2a: Blastoise|Water Spout|p1a: Metagross|[spread] p1a,p1b
|-crit|p1a: Metagross
|-damage|p1a: Metagross|0 fnt
|-damage|p1b: Gholdengo|0 fnt
|faint|p1a: Metagross
|faint|p1b: Gholdengo
|
|upkeep
|
|t:|1785345045
|switch|p1b: Annihilape|Annihilape, L50, M|100/100
|switch|p1a: Volcarona|Volcarona, L50, M|100/100
|turn|4
|
|t:|1785345142
|move|p2a: Blastoise|Water Spout|p1b: Annihilape|[spread] p1a,p1b
|-supereffective|p1a: Volcarona|1
|-damage|p1a: Volcarona|5/100
|-damage|p1b: Annihilape|63/100
|-enditem|p1a: Volcarona|Sitrus Berry|[eat]
|-heal|p1a: Volcarona|30/100|[from] item: Sitrus Berry
|move|p2b: Sinistcha|Life Dew||[still]|[spread] p2a,p2b
|-heal|p2a: Blastoise|100/100
|-fail|p2b: Sinistcha|heal
|move|p1a: Volcarona|Quiver Dance|p1a: Volcarona
|-boost|p1a: Volcarona|spa|1
|-boost|p1a: Volcarona|spd|1
|-boost|p1a: Volcarona|spe|1
|move|p1b: Annihilape|Bulk Up|p1b: Annihilape
|-boost|p1b: Annihilape|atk|1
|-boost|p1b: Annihilape|def|1
|
|-heal|p1b: Annihilape|69/100|[from] item: Leftovers
|-sideend|p2: rager88|move: Tailwind
|upkeep
|turn|5
|
|t:|1785345289
|move|p2b: Sinistcha|Rage Powder|p2b: Sinistcha
|-singleturn|p2b: Sinistcha|move: Rage Powder
|move|p1a: Volcarona|Heat Wave|p2b: Sinistcha|[spread] p2a,p2b
|-resisted|p2a: Blastoise|1
|-supereffective|p2b: Sinistcha|1
|-damage|p2a: Blastoise|69/100
|-damage|p2b: Sinistcha|0 fnt
|faint|p2b: Sinistcha
|move|p2a: Blastoise|Water Spout|p1b: Annihilape|[spread] p1a,p1b
|-supereffective|p1a: Volcarona|1
|-damage|p1a: Volcarona|0 fnt
|-damage|p1b: Annihilape|35/100
|faint|p1a: Volcarona
|move|p1b: Annihilape|Rage Fist|p2a: Blastoise
|-damage|p2a: Blastoise|0 fnt
|faint|p2a: Blastoise
|
|-heal|p1b: Annihilape|41/100|[from] item: Leftovers
|upkeep
|
|t:|1785345345
|switch|p2a: Corviknight|Corviknight, L50, M|78/100
|switch|p2b: Tyranitar|Tyranitar, L50, M|100/100
|-weather|Sandstorm|[from] ability: Sand Stream|[of] p2b: Tyranitar
|turn|6
|
|t:|1785345498
|move|p2b: Tyranitar|Protect|p2b: Tyranitar
|-singleturn|p2b: Tyranitar|Protect
|move|p1b: Annihilape|Drain Punch|p2b: Tyranitar
|-activate|p2b: Tyranitar|move: Protect
|move|p2a: Corviknight|Tailwind|p2a: Corviknight
|-sidestart|p2: rager88|move: Tailwind
|
|-weather|Sandstorm|[upkeep]
|-damage|p1b: Annihilape|35/100|[from] Sandstorm
|-heal|p2a: Corviknight|84/100|[from] item: Leftovers
|-heal|p1b: Annihilape|41/100|[from] item: Leftovers
|upkeep
|turn|7
|
|t:|1785345563
|move|p2b: Tyranitar|Knock Off|p1b: Annihilape
|-damage|p1b: Annihilape|5/100
|-enditem|p1b: Annihilape|Leftovers|[from] move: Knock Off|[of] p2b: Tyranitar
|move|p2a: Corviknight|Brave Bird|p1b: Annihilape
|-supereffective|p1b: Annihilape|1
|-damage|p1b: Annihilape|0 fnt
|faint|p1b: Annihilape
|-damage|p2a: Corviknight|82/100|[from] Recoil
|
|win|rager88
