|j|☆ENDERTYTAR
|j|☆ilearnpkmnnow
|html|ENDERTYTARilearnpkmnnow    
|uhtml|bestof|Game 2 of a best-of-3
|t:|1785950863
|gametype|doubles
|player|p1|ENDERTYTAR|170|1165
|player|p2|ilearnpkmnnow|lucas|1180
|gen|9
|tier|[Gen 9 Champions] VGC 2026 Reg M-B (Bo3)
|rated|
|rule|Species Clause: Limit one of each Pokémon
|rule|Item Clause: Limit 1 of each item
|clearpoke
|poke|p1|Charizard, L50, F|
|poke|p1|Milotic, L50, F|
|poke|p1|Grimmsnarl, L50, M|
|poke|p1|Sinistcha, L50|
|poke|p1|Incineroar, L50, M|
|poke|p1|Floette-Eternal, L50, F|
|poke|p2|Raichu, L50, F|
|poke|p2|Staraptor, L50, F|
|poke|p2|Arcanine-Hisui, L50, M|
|poke|p2|Farigiraf, L50, M|
|poke|p2|Sylveon, L50, F|
|poke|p2|Kingambit, L50, M|
|teampreview|4
|showteam|p1|Charizard||CharizarditeX|Blaze|Protect,DragonRush,FlareBlitz,DragonDance|Adamant||F|||50|]Milotic||Leftovers|Competitive|Coil,MuddyWater,Hypnosis,Protect|Calm||F|||50|]Grimmsnarl||LightClay|Prankster|LightScreen,Reflect,SpiritBreak,PartingShot|Impish||M|||50|]Sinistcha||ColburBerry|Hospitality|MatchaGotcha,TrickRoom,RagePowder,Protect|Calm|||||50|]Incineroar||SitrusBerry|Intimidate|FakeOut,FlareBlitz,PartingShot,ThroatChop|Adamant||M|||50|]Floette-Eternal||Floettite|FlowerVeil|Protect,Moonblast,DazzlingGleam,CalmMind|Modest||F|||50|
|showteam|p2|Raichu||RaichuniteY|LightningRod|ZapCannon,FocusBlast,FakeOut,Protect|Timid||F|||50|]Staraptor||Staraptite|Intimidate|CloseCombat,DualWingbeat,Tailwind,Protect|Jolly||F|||50|]Arcanine-Hisui||FocusSash|RockHead|FlareBlitz,HeadSmash,ExtremeSpeed,Protect|Jolly||M|||50|]Farigiraf||SitrusBerry|ArmorTail|Psychic,HelpingHand,TrickRoom,Protect|Calm||M|||50|]Sylveon||FairyFeather|Pixilate|HyperVoice,QuickAttack,HyperBeam,Detect|Modest||F|||50|]Kingambit||LifeOrb|Defiant|KowtowCleave,SuckerPunch,SwordsDance,Protect|Adamant||M|||50|
|inactive|Battle timer is ON: inactive players will automatically lose when time's up. (requested by ENDERTYTAR)
|
|t:|1785950879
|teamsize|p1|4
|teamsize|p2|4
|start
|switch|p1a: Milotic|Milotic, L50, F|100/100
|switch|p1b: Grimmsnarl|Grimmsnarl, L50, M|100/100
|switch|p2a: Raichu|Raichu, L50, F|100/100
|switch|p2b: Arcanine|Arcanine-Hisui, L50, M|100/100
|turn|1
|inactive|ilearnpkmnnow has 30 seconds left.
|
|t:|1785950906
|move|p1b: Grimmsnarl|Light Screen|p1b: Grimmsnarl
|-sidestart|p1: ENDERTYTAR|move: Light Screen
|move|p2a: Raichu|Zap Cannon|p1a: Milotic|[miss]
|-miss|p2a: Raichu|p1a: Milotic
|move|p2b: Arcanine|Flare Blitz|p1b: Grimmsnarl
|-damage|p1b: Grimmsnarl|45/100
|-status|p1b: Grimmsnarl|brn
|move|p1a: Milotic|Muddy Water|p2b: Arcanine|[spread] p2a,p2b
|-supereffective|p2b: Arcanine|2
|-damage|p2a: Raichu|70/100
|-enditem|p2b: Arcanine|Focus Sash
|-damage|p2b: Arcanine|1/100
|-unboost|p2b: Arcanine|accuracy|1
|
|-damage|p1b: Grimmsnarl|39/100 brn|[from] brn
|upkeep
|turn|2
|inactive|ilearnpkmnnow has 30 seconds left.
|
|t:|1785950936
|detailschange|p2a: Raichu|Raichu-Mega-Y, L50, F
|-mega|p2a: Raichu|Raichu|Raichunite Y
|move|p2b: Arcanine|Protect|p2b: Arcanine
|-singleturn|p2b: Arcanine|Protect
|move|p1a: Milotic|Protect|p1a: Milotic
|-singleturn|p1a: Milotic|Protect
|move|p1b: Grimmsnarl|Reflect|p1b: Grimmsnarl
|-sidestart|p1: ENDERTYTAR|Reflect
|move|p2a: Raichu|Zap Cannon|p1a: Milotic
|-activate|p1a: Milotic|move: Protect
|
|-damage|p1b: Grimmsnarl|33/100 brn|[from] brn
|upkeep
|turn|3
|
|t:|1785950952
|move|p2b: Arcanine|Extreme Speed|p1b: Grimmsnarl|[miss]
|-miss|p2b: Arcanine|p1b: Grimmsnarl
|move|p1b: Grimmsnarl|Parting Shot|p2a: Raichu
|-unboost|p2a: Raichu|atk|1
|-unboost|p2a: Raichu|spa|1
|
|t:|1785950958
|switch|p1b: Sinistcha|Sinistcha, L50|100/100|[from] Parting Shot
|move|p2a: Raichu|Zap Cannon|p1a: Milotic
|-supereffective|p1a: Milotic|1
|-damage|p1a: Milotic|63/100
|-status|p1a: Milotic|par
|move|p1a: Milotic|Muddy Water|p2a: Raichu|[spread] p2a,p2b
|-crit|p2a: Raichu
|-supereffective|p2b: Arcanine|2
|-damage|p2a: Raichu|27/100
|-damage|p2b: Arcanine|0 fnt
|-unboost|p2a: Raichu|accuracy|1
|faint|p2b: Arcanine
|
|-heal|p1a: Milotic|69/100 par|[from] item: Leftovers
|upkeep
|
|t:|1785950964
|switch|p2b: Kingambit|Kingambit, L50, M|100/100
|turn|4
|
|t:|1785950977
|move|p2a: Raichu|Zap Cannon|p1a: Milotic
|-supereffective|p1a: Milotic|1
|-damage|p1a: Milotic|31/100 par
|move|p2b: Kingambit|Swords Dance|p2b: Kingambit
|-boost|p2b: Kingambit|atk|2
|move|p1a: Milotic|Coil|p1a: Milotic
|-boost|p1a: Milotic|atk|1
|-boost|p1a: Milotic|def|1
|-boost|p1a: Milotic|accuracy|1
|move|p1b: Sinistcha|Trick Room|p1b: Sinistcha
|-fieldstart|move: Trick Room|[of] p1b: Sinistcha
|
|-heal|p1a: Milotic|37/100 par|[from] item: Leftovers
|upkeep
|turn|5
|
|t:|1785951001
|switch|p1b: Grimmsnarl|Grimmsnarl, L50, M|33/100 brn
|switch|p2a: Sylveon|Sylveon, L50, F|100/100
|move|p1a: Milotic|Hypnosis|p2b: Kingambit
|-status|p2b: Kingambit|slp|[from] move: Hypnosis
|cant|p2b: Kingambit|slp
|
|-heal|p1a: Milotic|43/100 par|[from] item: Leftovers
|-damage|p1b: Grimmsnarl|27/100 brn|[from] brn
|upkeep
|turn|6
|
|t:|1785951019
|move|p1b: Grimmsnarl|Parting Shot|p2a: Sylveon
|-unboost|p2a: Sylveon|atk|1
|-unboost|p2a: Sylveon|spa|1
|
|t:|1785951023
|switch|p1b: Charizard|Charizard, L50, F|100/100|[from] Parting Shot
|move|p1a: Milotic|Muddy Water|p2a: Sylveon|[spread] p2a,p2b
|-damage|p2a: Sylveon|79/100
|-damage|p2b: Kingambit|76/100 slp
|-unboost|p2b: Kingambit|accuracy|1
|-ability|p2b: Kingambit|Defiant|boost
|-boost|p2b: Kingambit|atk|2
|cant|p2b: Kingambit|slp
|move|p2a: Sylveon|Hyper Voice|p1b: Charizard|[spread] p1a,p1b
|-resisted|p1b: Charizard|1
|-damage|p1a: Milotic|30/100 par
|-damage|p1b: Charizard|88/100
|
|-heal|p1a: Milotic|36/100 par|[from] item: Leftovers
|upkeep
|turn|7
|inactive|ilearnpkmnnow has 30 seconds left.
|inactive|ilearnpkmnnow has 20 seconds left.
|inactive|ilearnpkmnnow has 15 seconds left.
|
|t:|1785951065
|detailschange|p1b: Charizard|Charizard-Mega-X, L50, F
|-mega|p1b: Charizard|Charizard|Charizardite X
|-curestatus|p2b: Kingambit|slp|[msg]
|move|p2b: Kingambit|Sucker Punch|p1b: Charizard
|-damage|p1b: Charizard|0 fnt
|faint|p1b: Charizard
|-damage|p2b: Kingambit|66/100|[from] item: Life Orb
|move|p1a: Milotic|Hypnosis|p2a: Sylveon
|-status|p2a: Sylveon|slp|[from] move: Hypnosis
|cant|p2a: Sylveon|slp
|
|-heal|p1a: Milotic|42/100 par|[from] item: Leftovers
|upkeep
|
|t:|1785951072
|switch|p1b: Sinistcha|Sinistcha, L50|100/100
|-heal|p1a: Milotic|66/100 par|[from] ability: Hospitality|[of] p1b: Sinistcha
|turn|8
|inactive|ilearnpkmnnow has 30 seconds left.
|
|t:|1785951097
|switch|p1b: Grimmsnarl|Grimmsnarl, L50, M|27/100 brn
|move|p2b: Kingambit|Protect|p2b: Kingambit
|-singleturn|p2b: Kingambit|Protect
|move|p1a: Milotic|Hypnosis|p2b: Kingambit
|-activate|p2b: Kingambit|move: Protect
|-curestatus|p2a: Sylveon|slp|[msg]
|move|p2a: Sylveon|Hyper Voice|p1a: Milotic|[spread] p1a,p1b
|-supereffective|p1b: Grimmsnarl|1
|-damage|p1a: Milotic|52/100 par
|-damage|p1b: Grimmsnarl|0 fnt
|faint|p1b: Grimmsnarl
|
|-heal|p1a: Milotic|58/100 par|[from] item: Leftovers
|-sideend|p1: ENDERTYTAR|move: Light Screen
|-fieldend|move: Trick Room
|upkeep
|
|t:|1785951104
|switch|p1b: Sinistcha|Sinistcha, L50|100/100
|-heal|p1a: Milotic|83/100 par|[from] ability: Hospitality|[of] p1b: Sinistcha
|turn|9
|inactive|ilearnpkmnnow has 30 seconds left.
|
|t:|1785951137
|move|p1b: Sinistcha|Matcha Gotcha|p2a: Sylveon|[spread] p2a,p2b
|-resisted|p2b: Kingambit|1
|-damage|p2a: Sylveon|60/100
|-damage|p2b: Kingambit|55/100
|-status|p2a: Sylveon|brn
|move|p2a: Sylveon|Hyper Voice|p1a: Milotic|[spread] p1a,p1b
|-damage|p1a: Milotic|63/100 par
|-damage|p1b: Sinistcha|70/100
|move|p2b: Kingambit|Kowtow Cleave|p1b: Sinistcha
|-supereffective|p1b: Sinistcha|1
|-enditem|p1b: Sinistcha|Colbur Berry|[eat]
|-enditem|p1b: Sinistcha|Colbur Berry|[weaken]
|-damage|p1b: Sinistcha|0 fnt
|faint|p1b: Sinistcha
|-damage|p2b: Kingambit|45/100|[from] item: Life Orb
|move|p1a: Milotic|Hypnosis|p2b: Kingambit
|-status|p2b: Kingambit|slp|[from] move: Hypnosis
|
|-heal|p1a: Milotic|69/100 par|[from] item: Leftovers
|-damage|p2a: Sylveon|54/100 brn|[from] brn
|-sideend|p1: ENDERTYTAR|Reflect
|upkeep
|turn|10
|
|t:|1785951154
|move|p2a: Sylveon|Detect|p2a: Sylveon
|-singleturn|p2a: Sylveon|Protect
|cant|p2b: Kingambit|slp
|move|p1a: Milotic|Muddy Water|p2a: Sylveon|[spread] p2b
|-activate|p2a: Sylveon|move: Protect
|-damage|p2b: Kingambit|23/100 slp
|
|-heal|p1a: Milotic|75/100 par|[from] item: Leftovers
|-damage|p2a: Sylveon|48/100 brn|[from] brn
|upkeep
|turn|11
|
|t:|1785951175
|move|p2a: Sylveon|Quick Attack|p1a: Milotic
|-damage|p1a: Milotic|73/100 par
|-curestatus|p2b: Kingambit|slp|[msg]
|move|p2b: Kingambit|Sucker Punch|p1a: Milotic
|-crit|p1a: Milotic
|-damage|p1a: Milotic|0 fnt
|faint|p1a: Milotic
|-damage|p2b: Kingambit|13/100|[from] item: Life Orb
|
|win|ilearnpkmnnow
|raw|ENDERTYTAR's rating: 1165 → 1141(-24 for losing)
|raw|ilearnpkmnnow's rating: 1180 → 1204(+24 for winning)
|l|☆ilearnpkmnnow
|player|p2|
