|j|☆Nussloni
|j|☆AllHailCowMoo
|html|NussloniAllHailCowMoo    
|uhtml|bestof|Game 2 of a best-of-3
|t:|1757712442
|gametype|doubles
|player|p1|Nussloni|169|1463
|player|p2|AllHailCowMoo|lance|1591
|gen|9
|tier|[Gen 9] VGC 2025 Reg H (Bo3)
|rated|
|rule|Species Clause: Limit one of each Pokémon
|rule|Item Clause: Limit 1 of each item
|clearpoke
|poke|p1|Sneasler, L50, F|
|poke|p1|Indeedee, L50, M|
|poke|p1|Ursaluna-Bloodmoon, L50, M|
|poke|p1|Electabuzz, L50, F|
|poke|p1|Incineroar, L50, M|
|poke|p1|Talonflame, L50, F|
|poke|p2|Whimsicott, L50, F|
|poke|p2|Smeargle, L50, M|
|poke|p2|Arcanine-Hisui, L50, F|
|poke|p2|Gholdengo, L50|
|poke|p2|Rillaboom, L50, M|
|poke|p2|Kommo-o, L50, F|
|teampreview|4
|showteam|p1|Sneasler||PsychicSeed|Unburden|DireClaw,CloseCombat,ThroatChop,Protect|||F|||50|,,,,,Dark]Indeedee||FocusSash|PsychicSurge|ExpandingForce,HelpingHand,TrickRoom,Protect|||M|||50|,,,,,Psychic]Ursaluna-Bloodmoon||LifeOrb|MindsEye|BloodMoon,EarthPower,HyperVoice,Protect|||M|||50|,,,,,Normal]Electabuzz||Eviolite|VitalSpirit|FollowMe,Electroweb,Taunt,Protect|||F|||50|,,,,,Dragon]Incineroar||SafetyGoggles|Intimidate|FlareBlitz,KnockOff,FakeOut,PartingShot|||M|||50|,,,,,Fire]Talonflame||CovertCloak|GaleWings|DualWingbeat,FlareBlitz,Tailwind,WillOWisp|||F|||50|,,,,,Fairy
|showteam|p2|Whimsicott||CovertCloak|Prankster|Moonblast,Tailwind,Encore,FakeTears|||F|||50|,,,,,Electric]Smeargle||FocusSash|Moody|Spore,Decorate,FollowMe,SpikyShield|||M|||50|,,,,,Ghost]Arcanine-Hisui||ClearAmulet|Intimidate|FlareBlitz,RockSlide,ExtremeSpeed,Protect|||F|||50|,,,,,Ghost]Gholdengo||MetalCoat|GoodasGold|MakeItRain,ShadowBall,NastyPlot,Protect||||||50|,,,,,Water]Rillaboom||AssaultVest|GrassySurge|WoodHammer,GrassyGlide,HighHorsepower,FakeOut|||M|||50|,,,,,Ghost]Kommo-o||LifeOrb|Soundproof|ClangingScales,AuraSphere,Flamethrower,Protect|||F|||50|,,,,,Fire
|inactive|Battle timer is ON: inactive players will automatically lose when time's up. (requested by AllHailCowMoo)
|inactive|Nussloni has 60 seconds left.
|
|t:|1757712476
|teamsize|p1|4
|teamsize|p2|4
|start
|switch|p1a: Electabuzz|Electabuzz, L50, F|100/100
|switch|p1b: Ursaluna|Ursaluna-Bloodmoon, L50, M|100/100
|switch|p2a: Steely Dan|Gholdengo, L50|100/100
|switch|p2b: Monkey Gong|Rillaboom, L50, M|100/100
|-fieldstart|move: Grassy Terrain|[from] ability: Grassy Surge|[of] p2b: Monkey Gong
|turn|1
|
|t:|1757712494
|switch|p2b: Leonardo|Smeargle, L50, M|100/100
|-terastallize|p1b: Ursaluna|Normal
|move|p1a: Electabuzz|Electroweb|p2a: Steely Dan|[spread] p2a,p2b
|-crit|p2b: Leonardo
|-damage|p2a: Steely Dan|88/100
|-damage|p2b: Leonardo|57/100
|-unboost|p2a: Steely Dan|spe|1
|-unboost|p2b: Leonardo|spe|1
|move|p1b: Ursaluna|Blood Moon|p2b: Leonardo
|-crit|p2b: Leonardo
|-damage|p2b: Leonardo|0 fnt
|faint|p2b: Leonardo
|-damage|p1b: Ursaluna|91/100|[from] item: Life Orb
|move|p2a: Steely Dan|Nasty Plot|p2a: Steely Dan
|-boost|p2a: Steely Dan|spa|2
|
|-heal|p1b: Ursaluna|97/100|[from] Grassy Terrain
|-heal|p2a: Steely Dan|94/100|[from] Grassy Terrain
|upkeep
|
|t:|1757712500
|switch|p2b: Monkey Gong|Rillaboom, L50, M|100/100
|turn|2
|inactive|Nussloni has 30 seconds left.
|
|t:|1757712533
|move|p1a: Electabuzz|Protect|p1a: Electabuzz
|-singleturn|p1a: Electabuzz|Protect
|move|p1b: Ursaluna|Protect|p1b: Ursaluna
|-singleturn|p1b: Ursaluna|Protect
|move|p2b: Monkey Gong|Fake Out|p1b: Ursaluna
|-activate|p1b: Ursaluna|move: Protect
|move|p2a: Steely Dan|Shadow Ball|p1a: Electabuzz
|-activate|p1a: Electabuzz|move: Protect
|
|-heal|p1b: Ursaluna|100/100|[from] Grassy Terrain
|-heal|p2a: Steely Dan|99/100|[from] Grassy Terrain
|upkeep
|turn|3
|inactive|AllHailCowMoo has 30 seconds left.
|
|t:|1757712559
|move|p1a: Electabuzz|Electroweb|p2a: Steely Dan|[spread] p2a
|-miss|p1a: Electabuzz|p2b: Monkey Gong
|-damage|p2a: Steely Dan|87/100
|-unboost|p2a: Steely Dan|spe|1
|move|p2b: Monkey Gong|High Horsepower|p1a: Electabuzz
|-supereffective|p1a: Electabuzz
|-damage|p1a: Electabuzz|44/100
|move|p1b: Ursaluna|Blood Moon|p2b: Monkey Gong
|-damage|p2b: Monkey Gong|0 fnt
|faint|p2b: Monkey Gong
|-damage|p1b: Ursaluna|91/100|[from] item: Life Orb
|move|p2a: Steely Dan|Make It Rain|p1a: Electabuzz|[spread] p1a,p1b
|-resisted|p1a: Electabuzz
|-damage|p1a: Electabuzz|3/100
|-damage|p1b: Ursaluna|0 fnt
|-unboost|p2a: Steely Dan|spa|1
|faint|p1b: Ursaluna
|
|-heal|p1a: Electabuzz|9/100|[from] Grassy Terrain
|-heal|p2a: Steely Dan|93/100|[from] Grassy Terrain
|upkeep
|inactive|Nussloni has 30 seconds left.
|
|t:|1757712591
|switch|p2b: Kommodo-Moʻo|Kommo-o, L50, F, shiny|100/100
|switch|p1b: Indeedee|Indeedee, L50, M|100/100
|-fieldstart|move: Psychic Terrain|[from] ability: Psychic Surge|[of] p1b: Indeedee
|turn|4
|
|t:|1757712608
|-terastallize|p2b: Kommodo-Moʻo|Fire
|move|p1b: Indeedee|Protect|p1b: Indeedee
|-singleturn|p1b: Indeedee|Protect
|move|p1a: Electabuzz|Electroweb|p2a: Steely Dan|[spread] p2a,p2b
|-damage|p2a: Steely Dan|81/100
|-damage|p2b: Kommodo-Moʻo|84/100
|-unboost|p2a: Steely Dan|spe|1
|-unboost|p2b: Kommodo-Moʻo|spe|1
|move|p2b: Kommodo-Moʻo|Clanging Scales|p1a: Electabuzz|[spread] p1a
|-activate|p1b: Indeedee|move: Protect
|-damage|p1a: Electabuzz|0 fnt
|faint|p1a: Electabuzz
|-unboost|p2b: Kommodo-Moʻo|def|1
|-damage|p2b: Kommodo-Moʻo|75/100|[from] item: Life Orb
|move|p2a: Steely Dan|Make It Rain|p1b: Indeedee
|-activate|p1b: Indeedee|move: Protect
|
|upkeep
|
|t:|1757712625
|switch|p1a: Sneasler|Sneasler, L50, F|100/100
|-enditem|p1a: Sneasler|Psychic Seed
|-boost|p1a: Sneasler|spd|1|[from] item: Psychic Seed
|turn|5
|
|t:|1757712636
|move|p1a: Sneasler|Throat Chop|p2a: Steely Dan
|-supereffective|p2a: Steely Dan
|-damage|p2a: Steely Dan|20/100
|-start|p2a: Steely Dan|Throat Chop|[silent]
|move|p1b: Indeedee|Expanding Force|p2a: Steely Dan|[spread] p2a,p2b
|-resisted|p2a: Steely Dan
|-damage|p2a: Steely Dan|0 fnt
|-damage|p2b: Kommodo-Moʻo|15/100
|faint|p2a: Steely Dan
|move|p2b: Kommodo-Moʻo|Clanging Scales|p1a: Sneasler|[spread] p1a,p1b
|-damage|p1a: Sneasler|58/100
|-damage|p1b: Indeedee|37/100
|-unboost|p2b: Kommodo-Moʻo|def|1
|-damage|p2b: Kommodo-Moʻo|5/100|[from] item: Life Orb
|
|upkeep
|turn|6
|
|t:|1757712650
|move|p1a: Sneasler|Dire Claw|p2b: Kommodo-Moʻo
|-crit|p2b: Kommodo-Moʻo
|-damage|p2b: Kommodo-Moʻo|0 fnt
|faint|p2b: Kommodo-Moʻo
|
|win|Nussloni
|raw|Nussloni's rating: 1463 → 1490(+27 for winning)
|raw|AllHailCowMoo's rating: 1591 → 1564(-27 for losing)
|l|☆Nussloni
|player|p1|
