|j|â˜†bananatreeenjoyer
|j|â˜†spearow's nest
|html|bananatreeenjoyerspearow's nest    
|uhtml|bestof|Game 1 of a best-of-3
|t:|1756950137
|gametype|doubles
|player|p1|bananatreeenjoyer|silver|1160
|player|p2|spearow's nest|lance|1288
|gen|9
|tier|[Gen 9] VGC 2025 Reg H (Bo3)
|rated|
|rule|Species Clause: Limit one of each PokÃ©mon
|rule|Item Clause: Limit 1 of each item
|clearpoke
|poke|p1|Gyarados, L50, M|
|poke|p1|Indeedee, L50, M|
|poke|p1|Sneasler, L50, M|
|poke|p1|Tyranitar, L50, M|
|poke|p1|Ursaluna-Bloodmoon, L50, M|
|poke|p1|Volcarona, L50, F|
|poke|p2|Rillaboom, L50, M|
|poke|p2|Dragonite, L50, M|
|poke|p2|Sneasler, L50, M|
|poke|p2|Ninetales-Alola, L50, F|
|poke|p2|Kingambit, L50, M|
|poke|p2|Volcarona, L50, M|
|teampreview|4
|showteam|p1|Gyarados||SafetyGoggles|Intimidate|Taunt,ThunderWave,Waterfall,Protect|||M|||50|,,,,,Steel]Indeedee||ChoiceScarf|PsychicSurge|ExpandingForce,TeraBlast,Trick,Protect|||M|||50|,,,,,Psychic]Sneasler||PsychicSeed|Unburden|CloseCombat,DireClaw,ThroatChop,Protect|||M|||50|,,,,,Dark]Tyranitar||AssaultVest|SandStream|LowKick,TeraBlast,KnockOff,RockSlide|||M|||50|,,,,,Flying]Ursaluna-Bloodmoon||LifeOrb|MindsEye|HyperVoice,BloodMoon,EarthPower,Protect|||M|||50|,,,,,Normal]Volcarona||SitrusBerry|FlameBody|Overheat,StruggleBug,RagePowder,Tailwind|||F|||50|,,,,,Grass
|showteam|p2|Rillaboom||AssaultVest|GrassySurge|WoodHammer,GrassyGlide,HighHorsepower,FakeOut|||M|||50|,,,,,Fire]Dragonite||LoadedDice|Multiscale|Protect,ScaleShot,LowKick,Haze|||M|||50|,,,,,Fairy]Sneasler||WhiteHerb|Unburden|Protect,DireClaw,CloseCombat,Coaching|||M|||50|,,,,,Ghost]Ninetales-Alola||ChoiceSpecs|SnowWarning|Blizzard,IcyWind,Moonblast,FreezeDry|||F|||50|,,,,,Ghost]Kingambit||SafetyGoggles|Defiant|Protect,KowtowCleave,SuckerPunch,SwordsDance|||M|||50|,,,,,Dark]Volcarona||CovertCloak|FlameBody|StruggleBug,RagePowder,Overheat,WillOWisp|||M|||50|,,,,,Fairy
|j| teamthief420
|
|t:|1756950206
|teamsize|p1|4
|teamsize|p2|4
|start
|switch|p1a: Kalan|Volcarona, L50, F|100/100
|switch|p1b: Althair|Ursaluna-Bloodmoon, L50, M|100/100
|switch|p2a: Rillaboom|Rillaboom, L50, M|100/100
|switch|p2b: Sneasler|Sneasler, L50, M|100/100
|-fieldstart|move: Grassy Terrain|[from] ability: Grassy Surge|[of] p2a: Rillaboom
|turn|1
|
|t:|1756950251
|switch|p1b: Herod|Sneasler, L50, M|100/100
|move|p2a: Rillaboom|Fake Out|p1a: Kalan
|-damage|p1a: Kalan|85/100
|move|p2b: Sneasler|Close Combat|p1a: Kalan
|-resisted|p1a: Kalan
|-damage|p1a: Kalan|49/100
|-unboost|p2b: Sneasler|def|1
|-unboost|p2b: Sneasler|spd|1
|-status|p2b: Sneasler|brn|[from] ability: Flame Body|[of] p1a: Kalan
|-enditem|p1a: Kalan|Sitrus Berry|[eat]
|-heal|p1a: Kalan|74/100|[from] item: Sitrus Berry
|-enditem|p2b: Sneasler|White Herb
|-clearnegativeboost|p2b: Sneasler|[silent]
|cant|p1a: Kalan|flinch
|
|-heal|p1a: Kalan|80/100|[from] Grassy Terrain
|-damage|p2b: Sneasler|95/100 brn|[from] brn
|upkeep
|turn|2
|
|t:|1756950276
|-terastallize|p2a: Rillaboom|Fire
|move|p1b: Herod|Protect|p1b: Herod
|-singleturn|p1b: Herod|Protect
|move|p2b: Sneasler|Dire Claw|p1a: Kalan
|-damage|p1a: Kalan|57/100
|-status|p1a: Kalan|psn
|move|p1a: Kalan|Tailwind|p1a: Kalan
|-sidestart|p1: bananatreeenjoyer|move: Tailwind
|move|p2a: Rillaboom|High Horsepower|p1b: Herod
|-activate|p1b: Herod|move: Protect
|
|-heal|p2b: Sneasler|100/100 brn|[from] Grassy Terrain
|-heal|p1a: Kalan|63/100 psn|[from] Grassy Terrain
|-damage|p1a: Kalan|51/100 psn|[from] psn
|-damage|p2b: Sneasler|95/100 brn|[from] brn
|upkeep
|turn|3
|inactive|Battle timer is ON: inactive players will automatically lose when time's up. (requested by spearow's nest)
|
|t:|1756950319
|move|p2b: Sneasler|Coaching|p2a: Rillaboom
|-boost|p2a: Rillaboom|atk|1
|-boost|p2a: Rillaboom|def|1
|move|p1b: Herod|Dire Claw|p2b: Sneasler
|-resisted|p2b: Sneasler
|-damage|p2b: Sneasler|56/100 brn
|move|p1a: Kalan|Overheat|p2b: Sneasler
|-damage|p2b: Sneasler|0 fnt
|-unboost|p1a: Kalan|spa|2
|faint|p2b: Sneasler
|move|p2a: Rillaboom|High Horsepower|p1b: Herod
|-supereffective|p1b: Herod
|-damage|p1b: Herod|0 fnt
|faint|p1b: Herod
|
|-heal|p1a: Kalan|57/100 psn|[from] Grassy Terrain
|-damage|p1a: Kalan|45/100 psn|[from] psn
|upkeep
|
|t:|1756950343
|switch|p2b: Dragonite|Dragonite, L50, M|100/100
|switch|p1b: Althair|Ursaluna-Bloodmoon, L50, M|100/100
|turn|4
|
|t:|1756950363
|-terastallize|p1b: Althair|Normal
|move|p2a: Rillaboom|Grassy Glide|p1b: Althair
|-damage|p1b: Althair|56/100
|move|p1a: Kalan|Struggle Bug|p2b: Dragonite|[spread] p2a,p2b
|-resisted|p2a: Rillaboom
|-resisted|p2b: Dragonite
|-damage|p2a: Rillaboom|97/100
|-damage|p2b: Dragonite|98/100
|-unboost|p2a: Rillaboom|spa|1
|-unboost|p2b: Dragonite|spa|1
|move|p1b: Althair|Blood Moon|p2a: Rillaboom
|-crit|p2a: Rillaboom
|-damage|p2a: Rillaboom|0 fnt
|faint|p2a: Rillaboom
|-damage|p1b: Althair|46/100|[from] item: Life Orb
|move|p2b: Dragonite|Scale Shot|p1a: Kalan
|-damage|p1a: Kalan|28/100 psn
|-damage|p1a: Kalan|7/100 psn
|-damage|p1a: Kalan|0 fnt
|faint|p1a: Kalan
|-hitcount|p1: Kalan|3
|-unboost|p2b: Dragonite|def|1
|-boost|p2b: Dragonite|spe|1
|
|-heal|p1b: Althair|52/100|[from] Grassy Terrain
|upkeep
|
|t:|1756950387
|switch|p1a: Layton|Indeedee, L50, M|100/100
|switch|p2a: Ninetales|Ninetales-Alola, L50, F|100/100
|-fieldstart|move: Psychic Terrain|[from] ability: Psychic Surge|[of] p1a: Layton
|-weather|Snowscape|[from] ability: Snow Warning|[of] p2a: Ninetales
|turn|5
|inactive|spearow's nest has 30 seconds left.
|
|t:|1756950416
|move|p1a: Layton|Expanding Force|p2a: Ninetales|[spread] p2a,p2b
|-crit|p2b: Dragonite
|-damage|p2a: Ninetales|34/100
|-damage|p2b: Dragonite|0 fnt
|faint|p2b: Dragonite
|move|p1b: Althair|Hyper Voice|p2a: Ninetales
|-damage|p2a: Ninetales|0 fnt
|faint|p2a: Ninetales
|-damage|p1b: Althair|42/100|[from] item: Life Orb
|
|win|bananatreeenjoyer
||bananatreeenjoyer is ready for game 2.
||spearow's nest is ready for game 2.
|uhtml|next|Next: Game 2 of 3
|l| teamthief420
|l|â˜†bananatreeenjoyer
|player|p1|
