|j|☆lolgz
|j|☆aquid99
|html|lolgzaquid99    
|uhtml|bestof|Game 1 of a best-of-3
|t:|1782427140
|gametype|doubles
|player|p1|lolgz|dawn|1109
|player|p2|aquid99|266|1054
|gen|9
|tier|[Gen 9 Champions] VGC 2026 Reg M-B (Bo3)
|rated|
|rule|Species Clause: Limit one of each Pokémon
|rule|Item Clause: Limit 1 of each item
|clearpoke
|poke|p1|Mawile, L50, M|
|poke|p1|Sneasler, L50, F|
|poke|p1|Farigiraf, L50, F|
|poke|p1|Ampharos, L50, M|
|poke|p1|Vileplume, L50, M|
|poke|p1|Torkoal, L50, F|
|poke|p2|Swampert, L50, F|
|poke|p2|Incineroar, L50, F|
|poke|p2|Archaludon, L50, F|
|poke|p2|Pelipper, L50, M|
|poke|p2|Basculegion, L50, M|
|poke|p2|Kingambit, L50, F|
|teampreview|4
|showteam|p1|Mawile||Mawilite|HyperCutter|PlayRough,SuckerPunch,SwordsDance,Protect|Serious||M|||50|]Sneasler||IronBall|PoisonTouch|FakeOut,DireClaw,CloseCombat,RockTomb|Brave||F|||50|]Farigiraf||SitrusBerry|ArmorTail|TrickRoom,Thunderbolt,Psychic,HelpingHand|Bold||F|||50|]Ampharos||Ampharosite|Static|Thunderbolt,DragonPulse,Protect,FocusBlast|Brave||M|||50|]Vileplume||FocusSash|Chlorophyll|SleepPowder,SludgeBomb,EnergyBall,AfterYou|Timid||M|||50|]Torkoal||Charcoal|Drought|Eruption,WeatherBall,EarthPower,Protect|Quiet||F|||50|
|showteam|p2|Swampert||Swampertite|Damp|Protect,WaveCrash,BulkUp,Earthquake|Adamant||F|||50|]Incineroar||MentalHerb|Intimidate|FakeOut,FlareBlitz,PartingShot,Protect|Impish||F|||50|]Archaludon||Magnet|Stamina|ElectroShot,Protect,FlashCannon,Thunderbolt|Calm||F|||50|]Pelipper||DampRock|Drizzle|Uturn,WeatherBall,Tailwind,Protect|Bold||M|||50|]Basculegion||MysticWater|Adaptability|LastRespects,Waterfall,Protect,FlipTurn|Careful||M|||50|]Kingambit||LifeOrb|Defiant|KowtowCleave,SuckerPunch,Protect,IronHead|Serious||F|||50|
|inactive|Battle timer is ON: inactive players will automatically lose when time's up. (requested by lolgz)
|inactive|aquid99 has 60 seconds left.
|
|t:|1782427178
|teamsize|p1|4
|teamsize|p2|4
|start
|switch|p1a: Farigiraf|Farigiraf, L50, F|100/100
|switch|p1b: Sneasler|Sneasler, L50, F|100/100
|switch|p2a: Incineroar|Incineroar, L50, F|100/100
|switch|p2b: Basculegion|Basculegion, L50, M|100/100
|-ability|p2a: Incineroar|Intimidate|boost
|-unboost|p1a: Farigiraf|atk|1
|-unboost|p1b: Sneasler|atk|1
|turn|1
|inactive|aquid99 has 30 seconds left.
|inactive|aquid99 has 20 seconds left.
|
|t:|1782427216
|move|p1b: Sneasler|Fake Out|p2a: Incineroar
|-damage|p2a: Incineroar|90/100
|-status|p2a: Incineroar|psn|[from] ability: Poison Touch|[of] p1b: Sneasler
|move|p2b: Basculegion|Waterfall|p1b: Sneasler
|-damage|p1b: Sneasler|14/100
|cant|p2a: Incineroar|flinch
|move|p1a: Farigiraf|Trick Room|p1a: Farigiraf
|-fieldstart|move: Trick Room|[of] p1a: Farigiraf
|
|-damage|p2a: Incineroar|77/100 psn|[from] psn
|upkeep
|turn|2
|
|t:|1782427240
|move|p1b: Sneasler|Dire Claw|p2b: Basculegion
|-resisted|p2b: Basculegion|1
|-damage|p2b: Basculegion|86/100
|move|p1a: Farigiraf|Thunderbolt|p2b: Basculegion
|-supereffective|p2b: Basculegion|1
|-damage|p2b: Basculegion|40/100
|move|p2a: Incineroar|Flare Blitz|p1a: Farigiraf
|-damage|p1a: Farigiraf|56/100
|-damage|p2a: Incineroar|61/100 psn|[from] Recoil
|move|p2b: Basculegion|Waterfall|p1b: Sneasler
|-damage|p1b: Sneasler|0 fnt
|faint|p1b: Sneasler
|
|-damage|p2a: Incineroar|49/100 psn|[from] psn
|upkeep
|
|t:|1782427259
|switch|p1b: Ampharos|Ampharos, L50, M|100/100
|turn|3
|inactive|aquid99 has 30 seconds left.
|
|t:|1782427289
|switch|p2b: Kingambit|Kingambit, L50, F|100/100
|detailschange|p1b: Ampharos|Ampharos-Mega, L50, M
|-mega|p1b: Ampharos|Ampharos|Ampharosite
|-ability|p1b: Ampharos|Mold Breaker
|move|p1b: Ampharos|Focus Blast|p2a: Incineroar
|-supereffective|p2a: Incineroar|1
|-damage|p2a: Incineroar|0 fnt
|faint|p2a: Incineroar
|move|p1a: Farigiraf|Thunderbolt|p2b: Kingambit
|-damage|p2b: Kingambit|72/100
|
|upkeep
|
|t:|1782427303
|switch|p2a: Yuta|Archaludon, L50, F|100/100
|turn|4
|inactive|aquid99 has 30 seconds left.
|inactive|aquid99 has 20 seconds left.
|
|t:|1782427340
|switch|p1a: Torkoal|Torkoal, L50, F|100/100
|-weather|SunnyDay|[from] ability: Drought|[of] p1a: Torkoal
|move|p1b: Ampharos|Focus Blast|p2a: Yuta|[miss]
|-miss|p1b: Ampharos|p2a: Yuta
|move|p2b: Kingambit|Kowtow Cleave|p1a: Torkoal
|-damage|p1a: Torkoal|51/100
|-damage|p2b: Kingambit|62/100|[from] item: Life Orb
|move|p2a: Yuta|Flash Cannon|p1a: Torkoal
|-resisted|p1a: Torkoal|1
|-crit|p1a: Torkoal
|-damage|p1a: Torkoal|10/100
|
|-weather|SunnyDay|[upkeep]
|upkeep
|turn|5
|inactive|aquid99 has 30 seconds left.
|
|t:|1782427372
|switch|p1b: Farigiraf|Farigiraf, L50, F|56/100
|move|p2a: Yuta|Protect|p2a: Yuta
|-singleturn|p2a: Yuta|Protect
|move|p2b: Kingambit|Sucker Punch||[still]
|cant|p1b: Farigiraf|ability: Armor Tail|Sucker Punch|[of] p2b: Kingambit
|move|p1a: Torkoal|Weather Ball|p2b: Kingambit
|-supereffective|p2b: Kingambit|1
|-damage|p2b: Kingambit|0 fnt
|faint|p2b: Kingambit
|
|-weather|SunnyDay|[upkeep]
|-fieldend|move: Trick Room
|upkeep
|
|t:|1782427383
|switch|p2b: Basculegion|Basculegion, L50, M|40/100
|turn|6
|inactive|aquid99 has 30 seconds left.
|
|t:|1782427413
|switch|p1b: Ampharos|Ampharos-Mega, L50, M|100/100
|-ability|p1b: Ampharos|Mold Breaker
|move|p2a: Yuta|Thunderbolt|p1a: Torkoal
|-damage|p1a: Torkoal|0 fnt
|faint|p1a: Torkoal
|move|p2b: Basculegion|Waterfall|p1b: Ampharos
|-resisted|p1b: Ampharos|1
|-damage|p1b: Ampharos|87/100
|
|-weather|SunnyDay|[upkeep]
|upkeep
|
|t:|1782427419
|switch|p1a: Farigiraf|Farigiraf, L50, F|56/100
|turn|7
|inactive|aquid99 has 30 seconds left.
|inactive|aquid99 has 20 seconds left.
|
|t:|1782427459
|move|p2a: Yuta|Flash Cannon|p1b: Ampharos
|-resisted|p1b: Ampharos|1
|-damage|p1b: Ampharos|70/100
|move|p2b: Basculegion|Last Respects|p1b: Ampharos
|-damage|p1b: Ampharos|0 fnt
|faint|p1b: Ampharos
|move|p1a: Farigiraf|Trick Room|p1a: Farigiraf
|-fieldstart|move: Trick Room|[of] p1a: Farigiraf
|
|-weather|SunnyDay|[upkeep]
|upkeep
|turn|8
|-message|lolgz forfeited.
|
|win|aquid99
