|j|☆datrandomguy787
|j|☆Northgdh
|html|datrandomguy787Northgdh    
|uhtml|bestof|Game 2 of a best-of-3
|t:|1783731259
|gametype|doubles
|player|p1|datrandomguy787|2|1083
|player|p2|Northgdh|265|1069
|gen|9
|tier|[Gen 9 Champions] VGC 2026 Reg M-B (Bo3)
|rated|
|rule|Species Clause: Limit one of each Pokémon
|rule|Item Clause: Limit 1 of each item
|clearpoke
|poke|p1|Sneasler, L50, M|
|poke|p1|Blastoise, L50, M|
|poke|p1|Kingambit, L50, M|
|poke|p1|Incineroar, L50, M|
|poke|p1|Delphox, L50, F|
|poke|p1|Sinistcha, L50|
|poke|p2|Floette-Eternal, L50, F|
|poke|p2|Sinistcha, L50|
|poke|p2|Sneasler, L50, F|
|poke|p2|Incineroar, L50, F, shiny|
|poke|p2|Kingambit, L50, M, shiny|
|poke|p2|Blastoise, L50, F, shiny|
|teampreview|4
|showteam|p1|Sneasler||FocusSash|PoisonTouch|PoisonJab,CloseCombat,FakeOut,QuickGuard|Jolly||M|||50|]Blastoise||Blastoisinite|RainDish|DarkPulse,WaterSpout,ShellSmash,Protect|Modest||M|||50|]Kingambit||BlackGlasses|Defiant|KowtowCleave,SuckerPunch,SwordsDance,Protect|Adamant||M|||50|]Incineroar||SitrusBerry|Intimidate|FlareBlitz,HelpingHand,PartingShot,FakeOut|Careful||M|||50|]Delphox||Delphoxite|Blaze|HeatWave,NastyPlot,Psyshock,Protect|Modest||F|||50|]Sinistcha||KasibBerry|Hospitality|MatchaGotcha,RagePowder,TrickRoom,Protect|Bold|||||50|
|showteam|p2|Floette-Eternal||Floettite|FlowerVeil|Moonblast,DrainingKiss,CalmMind,Protect|Modest||F|||50|]Sinistcha||OccaBerry|Hospitality|MatchaGotcha,LifeDew,RagePowder,Protect|Calm|||||50|]Sneasler||FocusSash|PoisonTouch|CloseCombat,PoisonJab,FakeOut,QuickGuard|Jolly||F|||50|]Incineroar||SitrusBerry|Intimidate|FlareBlitz,FakeOut,HelpingHand,PartingShot|Impish||F|||50|]Kingambit||BlackGlasses|Defiant|KowtowCleave,SuckerPunch,SwordsDance,Protect|Adamant||M|||50|]Blastoise||Blastoisinite|RainDish|WaterSpout,DarkPulse,ShellSmash,Protect|Modest||F|||50|
|inactive|Battle timer is ON: inactive players will automatically lose when time's up. (requested by Northgdh)
|inactive|datrandomguy787 has 60 seconds left.
|
|t:|1783731309
|teamsize|p1|4
|teamsize|p2|4
|start
|switch|p1a: Blastoise|Blastoise, L50, M|100/100
|switch|p1b: Sinistcha|Sinistcha, L50|100/100
|switch|p2a: begged|Blastoise, L50, F, shiny|100/100
|switch|p2b: honeybee|Sneasler, L50, F|100/100
|turn|1
|
|t:|1783731321
|detailschange|p2a: begged|Blastoise-Mega, L50, F, shiny
|-mega|p2a: begged|Blastoise|Blastoisinite
|detailschange|p1a: Blastoise|Blastoise-Mega, L50, M
|-mega|p1a: Blastoise|Blastoise|Blastoisinite
|move|p2b: honeybee|Poison Jab|p1b: Sinistcha
|-damage|p1b: Sinistcha|64/100
|-status|p1b: Sinistcha|psn|[from] ability: Poison Touch|[of] p2b: honeybee
|move|p1a: Blastoise|Water Spout|p2a: begged|[spread] p2a,p2b
|-resisted|p2a: begged|1
|-damage|p2a: begged|65/100
|-damage|p2b: honeybee|6/100
|move|p2a: begged|Dark Pulse|p1b: Sinistcha
|-supereffective|p1b: Sinistcha|1
|-damage|p1b: Sinistcha|0 fnt
|faint|p1b: Sinistcha
|
|upkeep
|
|t:|1783731341
|switch|p1b: Sneasler|Sneasler, L50, M|100/100
|turn|2
|inactive|datrandomguy787 has 30 seconds left.
|
|t:|1783731376
|switch|p2b: the cure|Sinistcha, L50|100/100
|-heal|p2a: begged|89/100|[from] ability: Hospitality|[of] p2b: the cure
|move|p2a: begged|Protect|p2a: begged
|-singleturn|p2a: begged|Protect
|move|p1b: Sneasler|Poison Jab|p2b: the cure
|-damage|p2b: the cure|60/100
|-status|p2b: the cure|psn
|move|p1a: Blastoise|Dark Pulse|p2b: the cure
|-supereffective|p2b: the cure|1
|-damage|p2b: the cure|0 fnt
|faint|p2b: the cure
|
|upkeep
|
|t:|1783731389
|switch|p2b: honeybee|Sneasler, L50, F|6/100
|turn|3
|inactive|datrandomguy787 has 30 seconds left.
|inactive|datrandomguy787 has 20 seconds left.
|inactive|datrandomguy787 has 15 seconds left.
|inactive|datrandomguy787 has 10 seconds left.
|
|t:|1783731436
|switch|p1b: Incineroar|Incineroar, L50, M|100/100
|-ability|p1b: Incineroar|Intimidate|boost
|-unboost|p2a: begged|atk|1
|-unboost|p2b: honeybee|atk|1
|move|p2b: honeybee|Fake Out|p1b: Incineroar
|-damage|p1b: Incineroar|90/100
|-status|p1b: Incineroar|psn|[from] ability: Poison Touch|[of] p2b: honeybee
|move|p2a: begged|Water Spout|p1b: Incineroar|[spread] p1a,p1b
|-resisted|p1a: Blastoise|1
|-supereffective|p1b: Incineroar|1
|-damage|p1a: Blastoise|69/100
|-damage|p1b: Incineroar|0 fnt
|faint|p1b: Incineroar
|move|p1a: Blastoise|Dark Pulse|p2a: begged
|-damage|p2a: begged|39/100
|
|upkeep
|
|t:|1783731450
|switch|p1b: Sneasler|Sneasler, L50, M|100/100
|turn|4
|
|t:|1783731467
|move|p2b: honeybee|Poison Jab|p1a: Blastoise
|-damage|p1a: Blastoise|43/100
|-status|p1a: Blastoise|psn
|move|p1b: Sneasler|Poison Jab|p2b: honeybee
|-resisted|p2b: honeybee|1
|-damage|p2b: honeybee|0 fnt
|faint|p2b: honeybee
|move|p2a: begged|Dark Pulse|p1a: Blastoise
|-damage|p1a: Blastoise|0 fnt
|faint|p1a: Blastoise
|
|upkeep
|
|t:|1783731473
|switch|p2b: drop dead|Kingambit, L50, M, shiny|100/100
|turn|5
|
|t:|1783731493
|move|p2b: drop dead|Protect|p2b: drop dead
|-singleturn|p2b: drop dead|Protect
|move|p1b: Sneasler|Poison Jab|p2a: begged
|-damage|p2a: begged|0 fnt
|faint|p2a: begged
|
|upkeep
|turn|6
|
|t:|1783731505
|move|p1b: Sneasler|Close Combat|p2b: drop dead
|-supereffective|p2b: drop dead|2
|-damage|p2b: drop dead|0 fnt
|-unboost|p1b: Sneasler|def|1
|-unboost|p1b: Sneasler|spd|1
|faint|p2b: drop dead
|
|win|datrandomguy787
||datrandomguy787 is ready for game 3.
