|j|☆CrazyComet37
|j|☆Joe299
|html|CrazyComet37Joe299    
|uhtml|bestof|Game 2 of a best-of-3
|t:|1783390960
|gametype|doubles
|player|p1|CrazyComet37|flint|1217
|player|p2|Joe299|red|1040
|gen|9
|tier|[Gen 9 Champions] VGC 2026 Reg M-B (Bo3)
|rated|
|rule|Species Clause: Limit one of each Pokémon
|rule|Item Clause: Limit 1 of each item
|clearpoke
|poke|p1|Whimsicott, L50, M|
|poke|p1|Garchomp, L50, F|
|poke|p1|Charizard, L50, F|
|poke|p1|Floette-Eternal, L50, F|
|poke|p1|Kingambit, L50, M|
|poke|p1|Basculegion, L50, M|
|poke|p2|Froslass, L50, F|
|poke|p2|Rotom-Heat, L50|
|poke|p2|Sneasler, L50, M|
|poke|p2|Kingambit, L50, M|
|poke|p2|Garchomp, L50, F|
|poke|p2|Pelipper, L50, M|
|teampreview|4
|showteam|p1|Whimsicott||FocusSash|Prankster|Protect,Tailwind,Moonblast,Encore|Timid||M|||50|]Garchomp||LifeOrb|RoughSkin|Protect,Earthquake,DragonClaw,RockSlide|Jolly||F|||50|]Charizard||CharizarditeY|Blaze|Protect,HeatWave,WeatherBall,SolarBeam|Modest||F|||50|]Floette-Eternal||Floettite|FlowerVeil|Protect,LightofRuin,DazzlingGleam,Moonblast|Modest||F|||50|]Kingambit||ChopleBerry|Defiant|IronHead,SuckerPunch,KowtowCleave,LowKick|Adamant||M|||50|]Basculegion||MysticWater|Adaptability|Protect,AquaJet,LastRespects,WaveCrash|Adamant||M|||50|
|showteam|p2|Froslass||Froslassite|CursedBody|AuroraVeil,Blizzard,ShadowBall,Protect|Timid||F|||50|]Rotom-Heat||Leftovers|Levitate|Overheat,VoltSwitch,WillOWisp,Protect|Calm|||||50|]Sneasler||WhiteHerb|Unburden|FakeOut,DireClaw,Protect,CloseCombat|Adamant||M|||50|]Kingambit||FocusSash|Defiant|SwordsDance,SuckerPunch,LowKick,IronHead|Adamant||M|||50|]Garchomp||Garchompite|RoughSkin|Earthquake,RockSlide,SwordsDance,DragonClaw|Jolly||F|||50|]Pelipper||LifeOrb|Drizzle|WeatherBall,WideGuard,Hurricane,Tailwind|Modest||M|||50|
|inactive|Battle timer is ON: inactive players will automatically lose when time's up. (requested by CrazyComet37)
|
|t:|1783390994
|teamsize|p1|4
|teamsize|p2|4
|start
|switch|p1a: Whimsicott|Whimsicott, L50, M|100/100
|switch|p1b: Basculegion|Basculegion, L50, M|100/100
|switch|p2a: Sneasler|Sneasler, L50, M|100/100
|switch|p2b: Pelipper|Pelipper, L50, M|100/100
|-weather|RainDance|[from] ability: Drizzle|[of] p2b: Pelipper
|turn|1
|
|t:|1783391009
|switch|p2a: Kingambit|Kingambit, L50, M|100/100
|move|p1a: Whimsicott|Protect|p1a: Whimsicott
|-singleturn|p1a: Whimsicott|Protect
|move|p1b: Basculegion|Wave Crash|p2a: Kingambit
|-enditem|p2a: Kingambit|Focus Sash
|-damage|p2a: Kingambit|1/100
|-damage|p1b: Basculegion|65/100|[from] Recoil
|move|p2b: Pelipper|Tailwind|p2b: Pelipper
|-sidestart|p2: Joe299|move: Tailwind
|
|-weather|RainDance|[upkeep]
|upkeep
|turn|2
|inactive|Joe299 has 30 seconds left.
|inactive|CrazyComet37 has 30 seconds left.
|
|t:|1783391042
|switch|p2b: Sneasler|Sneasler, L50, M|100/100
|move|p1b: Basculegion|Protect|p1b: Basculegion
|-singleturn|p1b: Basculegion|Protect
|move|p1a: Whimsicott|Encore||[still]
|-fail|p1a: Whimsicott
|move|p2a: Kingambit|Sucker Punch||[still]
|-fail|p2a: Kingambit
|
|-weather|RainDance|[upkeep]
|upkeep
|turn|3
|inactive|CrazyComet37 has 30 seconds left.
|
|t:|1783391069
|switch|p1b: Garchomp|Garchomp, L50, F|100/100
|move|p1a: Whimsicott|Protect|p1a: Whimsicott
|-singleturn|p1a: Whimsicott|Protect
|move|p2a: Kingambit|Sucker Punch||[still]
|-fail|p2a: Kingambit
|move|p2b: Sneasler|Dire Claw|p1a: Whimsicott
|-activate|p1a: Whimsicott|move: Protect
|
|-weather|RainDance|[upkeep]
|upkeep
|turn|4
|
|t:|1783391092
|move|p1a: Whimsicott|Tailwind|p1a: Whimsicott
|-sidestart|p1: CrazyComet37|move: Tailwind
|move|p2b: Sneasler|Close Combat|p1b: Garchomp
|-damage|p1b: Garchomp|32/100
|-unboost|p2b: Sneasler|def|1
|-unboost|p2b: Sneasler|spd|1
|-damage|p2b: Sneasler|87/100|[from] ability: Rough Skin|[of] p1b: Garchomp
|-enditem|p2b: Sneasler|White Herb
|-clearnegativeboost|p2b: Sneasler|[silent]
|move|p1b: Garchomp|Rock Slide|p2b: Sneasler|[spread] p2a,p2b
|-resisted|p2a: Kingambit|1
|-resisted|p2b: Sneasler|1
|-damage|p2a: Kingambit|0 fnt
|-damage|p2b: Sneasler|64/100
|faint|p2a: Kingambit
|-damage|p1b: Garchomp|23/100|[from] item: Life Orb
|
|-weather|RainDance|[upkeep]
|-sideend|p2: Joe299|move: Tailwind
|upkeep
|
|t:|1783391105
|switch|p2a: Froslass|Froslass, L50, F|100/100
|turn|5
|
|t:|1783391123
|detailschange|p2a: Froslass|Froslass-Mega, L50, F
|-mega|p2a: Froslass|Froslass|Froslassite
|-weather|Snowscape|[from] ability: Snow Warning|[of] p2a: Froslass
|move|p1a: Whimsicott|Encore|p2b: Sneasler
|-start|p2b: Sneasler|Encore
|move|p2b: Sneasler|Close Combat|p1a: Whimsicott
|-resisted|p1a: Whimsicott|1
|-damage|p1a: Whimsicott|47/100
|-unboost|p2b: Sneasler|def|1
|-unboost|p2b: Sneasler|spd|1
|move|p1b: Garchomp|Rock Slide|p2b: Sneasler|[spread] p2a
|-miss|p1b: Garchomp|p2b: Sneasler
|-supereffective|p2a: Froslass|1
|-damage|p2a: Froslass|43/100
|-damage|p1b: Garchomp|13/100|[from] item: Life Orb
|move|p2a: Froslass|Blizzard|p1a: Whimsicott|[spread] p1a,p1b
|-supereffective|p1a: Whimsicott|1
|-supereffective|p1b: Garchomp|2
|-damage|p1a: Whimsicott|0 fnt
|-damage|p1b: Garchomp|0 fnt
|faint|p1a: Whimsicott
|faint|p1b: Garchomp
|
|-weather|Snowscape|[upkeep]
|upkeep
|
|t:|1783391136
|switch|p1a: Floette|Floette-Eternal, L50, F|100/100
|switch|p1b: Basculegion|Basculegion, L50, M|65/100
|turn|6
|inactive|CrazyComet37 has 30 seconds left.
|inactive|CrazyComet37 has 20 seconds left.
|inactive|CrazyComet37 has 15 seconds left.
|inactive|CrazyComet37 has 10 seconds left.
|inactive|CrazyComet37 has 5 seconds left.
|
|t:|1783391188
|switch|p2b: Pelipper|Pelipper, L50, M|100/100
|-weather|RainDance|[from] ability: Drizzle|[of] p2b: Pelipper
|detailschange|p1a: Floette|Floette-Mega, L50, F
|-mega|p1a: Floette|Floette|Floettite
|-ability|p1a: Floette|Fairy Aura
|move|p2a: Froslass|Protect|p2a: Froslass
|-singleturn|p2a: Froslass|Protect
|move|p1a: Floette|Moonblast|p2a: Froslass
|-activate|p2a: Froslass|move: Protect
|move|p1b: Basculegion|Last Respects|p2b: Pelipper
|-damage|p2b: Pelipper|0 fnt
|faint|p2b: Pelipper
|
|-weather|RainDance|[upkeep]
|upkeep
|
|t:|1783391203
|switch|p2b: Sneasler|Sneasler, L50, M|64/100
|turn|7
|
|t:|1783391213
|move|p1a: Floette|Protect|p1a: Floette
|-singleturn|p1a: Floette|Protect
|move|p1b: Basculegion|Last Respects|p2a: Froslass
|-supereffective|p2a: Froslass|1
|-damage|p2a: Froslass|0 fnt
|faint|p2a: Froslass
|move|p2b: Sneasler|Dire Claw|p1a: Floette
|-activate|p1a: Floette|move: Protect
|
|-weather|RainDance|[upkeep]
|-sideend|p1: CrazyComet37|move: Tailwind
|upkeep
|turn|8
|-message|Joe299 forfeited.
|raw|CrazyComet37's rating: 1217 → 1230(+13 for winning)
|raw|Joe299's rating: 1040 → 1032(-8 for losing)
|
|win|CrazyComet37
|l|☆Joe299
|player|p2|
