|j|☆exessvgc
|j|☆lunarknight69
|html|exessvgclunarknight69    
|uhtml|bestof|Game 1 of a best-of-3
|t:|1784135352
|gametype|doubles
|player|p1|exessvgc|lucas|1220
|player|p2|lunarknight69|mira|1161
|gen|9
|tier|[Gen 9 Champions] VGC 2026 Reg M-B (Bo3)
|rated|
|rule|Species Clause: Limit one of each Pokémon
|rule|Item Clause: Limit 1 of each item
|clearpoke
|poke|p1|Farigiraf, L50, F|
|poke|p1|Aerodactyl, L50, F|
|poke|p1|Sylveon, L50, F|
|poke|p1|Kingambit, L50, F|
|poke|p1|Garchomp, L50, F|
|poke|p1|Charizard, L50, F|
|poke|p2|Incineroar, L50, M|
|poke|p2|Annihilape, L50, F|
|poke|p2|Venusaur, L50, M|
|poke|p2|Toxapex, L50, F|
|poke|p2|Garchomp, L50, M|
|poke|p2|Charizard, L50, F|
|teampreview|4
|showteam|p1|Farigiraf||SitrusBerry|ArmorTail|TrickRoom,TwinBeam,HelpingHand,Thunderbolt|Bold||F|||50|]Aerodactyl||Aerodactylite|Unnerve|RockSlide,Protect,Tailwind,Taunt|Jolly||F|||50|]Sylveon||FairyFeather|Pixilate|HyperVoice,HyperBeam,Protect,ShadowBall|Modest||F|||50|]Kingambit||FocusSash|Defiant|KowtowCleave,SuckerPunch,SwordsDance,Protect|Adamant||F|||50|]Garchomp||LifeOrb|RoughSkin|DragonClaw,Earthquake,RockSlide,Protect|Adamant||F|||50|]Charizard||CharizarditeY|Blaze|WeatherBall,HeatWave,SolarBeam,Protect|Modest||F|||50|
|showteam|p2|Incineroar||SitrusBerry|Intimidate|FakeOut,FlareBlitz,PartingShot,ThroatChop|Impish||M|||50|]Annihilape||FocusSash|Defiant|PhantomForce,CloseCombat,RockTomb,Protect|Jolly||F|||50|]Venusaur||LifeOrb|Chlorophyll|SludgeBomb,EarthPower,SolarBeam,Protect|Modest||M|||50|]Toxapex||Leftovers|Regenerator|Infestation,Toxic,BanefulBunker,WideGuard|Impish||F|||50|]Garchomp||ChoiceScarf|RoughSkin|Earthquake,StompingTantrum,RockSlide,DragonClaw|Adamant||M|||50|]Charizard||CharizarditeY|Blaze|HeatWave,WeatherBall,Protect,HelpingHand|Modest||F|||50|
|inactive|Battle timer is ON: inactive players will automatically lose when time's up. (requested by exessvgc)
|inactive|exessvgc has 60 seconds left.
|inactive|lunarknight69 has 60 seconds left.
|inactive|exessvgc has 30 seconds left.
|inactive|exessvgc has 20 seconds left.
|inactive|exessvgc has 15 seconds left.
|inactive|exessvgc has 10 seconds left.
|inactive|exessvgc has 5 seconds left.
|
|t:|1784135443
|teamsize|p1|4
|teamsize|p2|4
|start
|switch|p1a: Charizard|Charizard, L50, F|100/100
|switch|p1b: Kingambit|Kingambit, L50, F|100/100
|switch|p2a: Annihilape|Annihilape, L50, F|100/100
|switch|p2b: Toxapex|Toxapex, L50, F|100/100
|turn|1
|inactive|exessvgc has 30 seconds left.
|inactive|exessvgc has 20 seconds left.
|
|t:|1784135482
|detailschange|p1a: Charizard|Charizard-Mega-Y, L50, F
|-mega|p1a: Charizard|Charizard|Charizardite Y
|-weather|SunnyDay|[from] ability: Drought|[of] p1a: Charizard
|move|p2a: Annihilape|Rock Tomb|p1a: Charizard
|-supereffective|p1a: Charizard|2
|-damage|p1a: Charizard|21/100
|-unboost|p1a: Charizard|spe|1
|move|p1a: Charizard|Weather Ball|p2a: Annihilape
|-damage|p2a: Annihilape|9/100
|move|p1b: Kingambit|Swords Dance|p1b: Kingambit
|-boost|p1b: Kingambit|atk|2
|move|p2b: Toxapex|Infestation|p1b: Kingambit
|-damage|p1b: Kingambit|96/100
|-activate|p1b: Kingambit|move: Infestation|[of] p2b: Toxapex
|
|-weather|SunnyDay|[upkeep]
|-damage|p1b: Kingambit|84/100|[from] move: Infestation|[partiallytrapped]
|upkeep
|turn|2
|inactive|exessvgc has 30 seconds left.
|inactive|lunarknight69 has 30 seconds left.
|
|t:|1784135520
|switch|p1a: Garchomp|Garchomp, L50, F|100/100
|move|p1b: Kingambit|Sucker Punch|p2a: Annihilape
|-damage|p2a: Annihilape|0 fnt
|faint|p2a: Annihilape
|move|p2b: Toxapex|Toxic|p1a: Garchomp
|-status|p1a: Garchomp|tox
|
|-weather|SunnyDay|[upkeep]
|-damage|p1a: Garchomp|94/100 tox|[from] psn
|-damage|p1b: Kingambit|71/100|[from] move: Infestation|[partiallytrapped]
|upkeep
|
|t:|1784135533
|switch|p2a: Garchomp|Garchomp, L50, M|100/100
|turn|3
|inactive|exessvgc has 30 seconds left.
|
|t:|1784135564
|move|p1a: Garchomp|Protect|p1a: Garchomp
|-singleturn|p1a: Garchomp|Protect
|move|p1b: Kingambit|Protect|p1b: Kingambit
|-singleturn|p1b: Kingambit|Protect
|move|p2b: Toxapex|Wide Guard|p2b: Toxapex
|-singleturn|p2b: Toxapex|Wide Guard
|move|p2a: Garchomp|Earthquake|p1a: Garchomp|[spread] 
|-activate|p2b: Toxapex|move: Wide Guard
|-activate|p1a: Garchomp|move: Protect
|-activate|p1b: Kingambit|move: Protect
|
|-weather|SunnyDay|[upkeep]
|-damage|p1a: Garchomp|82/100 tox|[from] psn
|-damage|p1b: Kingambit|59/100|[from] move: Infestation|[partiallytrapped]
|upkeep
|turn|4
|inactive|exessvgc has 30 seconds left.
|
|t:|1784135593
|switch|p2a: Charizard|Charizard, L50, F|100/100
|switch|p1a: Charizard|Charizard-Mega-Y, L50, F|21/100
|move|p1b: Kingambit|Sucker Punch||[still]
|-fail|p1b: Kingambit
|move|p2b: Toxapex|Infestation|p1a: Charizard
|-resisted|p1a: Charizard|2
|-crit|p1a: Charizard
|-damage|p1a: Charizard|20/100y
|-activate|p1a: Charizard|move: Infestation|[of] p2b: Toxapex
|
|-weather|SunnyDay|[upkeep]
|-damage|p1a: Charizard|8/100|[from] move: Infestation|[partiallytrapped]
|-damage|p1b: Kingambit|46/100|[from] move: Infestation|[partiallytrapped]
|upkeep
|turn|5
|inactive|exessvgc has 30 seconds left.
|
|t:|1784135621
|move|p2a: Charizard|Protect|p2a: Charizard
|-singleturn|p2a: Charizard|Protect
|move|p2b: Toxapex|Baneful Bunker|p2b: Toxapex
|-singleturn|p2b: Toxapex|move: Protect
|move|p1b: Kingambit|Sucker Punch||[still]
|-fail|p1b: Kingambit
|move|p1a: Charizard|Solar Beam||[still]
|-prepare|p1a: Charizard|Solar Beam
|-anim|p1a: Charizard|Solar Beam|p2b: Toxapex
|-activate|p2b: Toxapex|move: Protect
|
|-weather|none
|-damage|p1a: Charizard|0 fnt|[from] move: Infestation|[partiallytrapped]
|faint|p1a: Charizard
|-end|p1b: Kingambit|Infestation|[partiallytrapped]
|upkeep
|
|t:|1784135627
|switch|p1a: Garchomp|Garchomp, L50, F|82/100 tox
|turn|6
|
|t:|1784135648
|switch|p2a: Garchomp|Garchomp, L50, M|100/100
|move|p1b: Kingambit|Protect|p1b: Kingambit
|-singleturn|p1b: Kingambit|Protect
|move|p1a: Garchomp|Dragon Claw|p2a: Garchomp
|-supereffective|p2a: Garchomp|1
|-damage|p2a: Garchomp|0 fnt
|-damage|p1a: Garchomp|70/100 tox|[from] ability: Rough Skin|[of] p2a: Garchomp
|faint|p2a: Garchomp
|-damage|p1a: Garchomp|60/100 tox|[from] item: Life Orb
|move|p2b: Toxapex|Infestation|p1b: Kingambit
|-activate|p1b: Kingambit|move: Protect
|
|-damage|p1a: Garchomp|54/100 tox|[from] psn
|upkeep
|
|t:|1784135663
|switch|p2a: Charizard|Charizard, L50, F|100/100
|turn|7
|inactive|exessvgc has 30 seconds left.
|inactive|lunarknight69 has 30 seconds left.
|inactive|exessvgc has 20 seconds left.
|inactive|exessvgc has 15 seconds left.
|inactive|exessvgc has 10 seconds left.
|inactive|exessvgc has 5 seconds left.
|
|t:|1784135713
|detailschange|p2a: Charizard|Charizard-Mega-Y, L50, F
|-mega|p2a: Charizard|Charizard|Charizardite Y
|-weather|SunnyDay|[from] ability: Drought|[of] p2a: Charizard
|move|p2b: Toxapex|Wide Guard|p2b: Toxapex
|-singleturn|p2b: Toxapex|Wide Guard
|move|p1b: Kingambit|Sucker Punch|p2a: Charizard
|-damage|p2a: Charizard|9/100
|move|p2a: Charizard|Heat Wave|p1a: Garchomp|[spread] p1a,p1b
|-resisted|p1a: Garchomp|1
|-supereffective|p1b: Kingambit|1
|-damage|p1a: Garchomp|27/100 tox
|-damage|p1b: Kingambit|0 fnt
|faint|p1b: Kingambit
|move|p1a: Garchomp|Dragon Claw|p2a: Charizard
|-damage|p2a: Charizard|0 fnt
|faint|p2a: Charizard
|-damage|p1a: Garchomp|17/100 tox|[from] item: Life Orb
|
|-weather|SunnyDay|[upkeep]
|-damage|p1a: Garchomp|5/100 tox|[from] psn
|upkeep
|
|t:|1784135723
|switch|p1b: LA GIRAFFA|Farigiraf, L50, F|100/100
|turn|8
|inactive|exessvgc has 30 seconds left.
|inactive|lunarknight69 has 30 seconds left.
|inactive|exessvgc has 20 seconds left.
|inactive|lunarknight69 has 20 seconds left.
|inactive|lunarknight69 has 15 seconds left.
|
|t:|1784135769
|move|p1b: LA GIRAFFA|Helping Hand|p1a: Garchomp
|-singleturn|p1a: Garchomp|Helping Hand|[of] p1b: LA GIRAFFA
|move|p2b: Toxapex|Wide Guard|p2b: Toxapex
|-singleturn|p2b: Toxapex|Wide Guard
|move|p1a: Garchomp|Dragon Claw|p2b: Toxapex
|-damage|p2b: Toxapex|39/100
|-damage|p1a: Garchomp|0 fnt|[from] item: Life Orb
|faint|p1a: Garchomp
|
|-weather|SunnyDay|[upkeep]
|-heal|p2b: Toxapex|45/100|[from] item: Leftovers
|upkeep
|turn|9
|
|t:|1784135784
|move|p1b: LA GIRAFFA|Twin Beam|p2b: Toxapex
|-supereffective|p2b: Toxapex|1
|-damage|p2b: Toxapex|24/100
|-supereffective|p2b: Toxapex|1
|-damage|p2b: Toxapex|1/100
|-hitcount|p2b: Toxapex|2
|move|p2b: Toxapex|Infestation|p1b: LA GIRAFFA
|-supereffective|p1b: LA GIRAFFA|1
|-damage|p1b: LA GIRAFFA|94/100
|-activate|p1b: LA GIRAFFA|move: Infestation|[of] p2b: Toxapex
|
|-weather|SunnyDay|[upkeep]
|-heal|p2b: Toxapex|6/100|[from] item: Leftovers
|-damage|p1b: LA GIRAFFA|82/100|[from] move: Infestation|[partiallytrapped]
|upkeep
|turn|10
|
|t:|1784135796
|move|p2b: Toxapex|Baneful Bunker|p2b: Toxapex
|-singleturn|p2b: Toxapex|move: Protect
|move|p1b: LA GIRAFFA|Twin Beam|p2b: Toxapex
|-activate|p2b: Toxapex|move: Protect
|
|-weather|SunnyDay|[upkeep]
|-heal|p2b: Toxapex|12/100|[from] item: Leftovers
|-damage|p1b: LA GIRAFFA|69/100|[from] move: Infestation|[partiallytrapped]
|upkeep
|turn|11
|-message|lunarknight69 forfeited.
|
|win|exessvgc
|l|☆lunarknight69
|player|p2|
||lunarknight69 is ready for game 2.
||exessvgc is ready for game 2.
|uhtml|next|Next: Game 2 of 3
