|j|☆Casco Dentado
|j|☆Jun RH
|html|Casco DentadoJun RH    
|uhtml|bestof|Game 2 of a best-of-3
|t:|1755968408
|gametype|doubles
|player|p1|Casco Dentado|will|1316
|player|p2|Jun RH|burglar|1211
|gen|9
|tier|[Gen 9] VGC 2025 Reg H (Bo3)
|rated|
|rule|Species Clause: Limit one of each Pokémon
|rule|Item Clause: Limit 1 of each item
|clearpoke
|poke|p1|Maushold-Four, L50|
|poke|p1|Annihilape, L50, M|
|poke|p1|Klefki, L50, F|
|poke|p1|Ursaluna-Bloodmoon, L50, M|
|poke|p1|Sneasler, L50, F|
|poke|p1|Indeedee, L50, M|
|poke|p2|Gholdengo, L50|
|poke|p2|Incineroar, L50, M|
|poke|p2|Amoonguss, L50, F|
|poke|p2|Dragonite, L50, F|
|poke|p2|Pelipper, L50, M|
|poke|p2|Archaludon, L50, M|
|teampreview|4
|showteam|p1|Maushold-Four||SafetyGoggles|FriendGuard|Protect,FollowMe,Taunt,BeatUp||||||50|,,,,,Ghost]Annihilape||Leftovers|Defiant|Protect,BulkUp,RageFist,DrainPunch|||M|||50|,,,,,Fire]Klefki||LightClay|Prankster|Reflect,LightScreen,ThunderWave,DazzlingGleam|||F|||50|,,,,,Ghost]Ursaluna-Bloodmoon||AssaultVest|MindsEye|HyperVoice,BloodMoon,EarthPower,VacuumWave|||M|||50|,,,,,Ghost]Sneasler||PsychicSeed|Unburden|Protect,CloseCombat,DireClaw,ThroatChop|||F|||50|,,,,,Dark]Indeedee||FocusSash|PsychicSurge|TrickRoom,Encore,ExpandingForce,HelpingHand|||M|||50|,,,,,Psychic
|showteam|p2|Gholdengo||LifeOrb|GoodasGold|MakeItRain,ShadowBall,NastyPlot,Protect||||||50|,,,,,Water]Incineroar||SafetyGoggles|Intimidate|KnockOff,FlareBlitz,FakeOut,PartingShot|||M|||50|,,,,,Ghost]Amoonguss||RockyHelmet|Regenerator|RagePowder,PollenPuff,Protect,Spore|||F|||50|,,,,,Fairy]Dragonite||LoadedDice|Multiscale|ScaleShot,Tailwind,Protect,Haze|||F|||50|,,,,,Fairy]Pelipper||FocusSash|Drizzle|Hurricane,WeatherBall,WideGuard,Protect|||M|||50|,,,,,Stellar]Archaludon||AssaultVest|Stamina|FlashCannon,DracoMeteor,ElectroShot,BodyPress|||M|||50|,,,,,Grass
|j| guairenahai
|inactive|Battle timer is ON: inactive players will automatically lose when time's up. (requested by Casco Dentado)
|l| guairenahai
|inactive|Jun RH has 60 seconds left.
|
|t:|1755968461
|teamsize|p1|4
|teamsize|p2|4
|start
|switch|p1a: 雨景色|Annihilape, L50, M|100/100
|switch|p1b: Los Ramírez|Maushold-Four, L50|100/100
|switch|p2a: Gholdengo|Gholdengo, L50|100/100
|switch|p2b: Amoonguss|Amoonguss, L50, F|100/100
|turn|1
|inactive|Jun RH has 30 seconds left.
|
|t:|1755968488
|move|p2b: Amoonguss|Rage Powder|p2b: Amoonguss
|-singleturn|p2b: Amoonguss|move: Rage Powder
|move|p1b: Los Ramírez|Taunt|p2b: Amoonguss
|-start|p2b: Amoonguss|move: Taunt
|move|p1a: 雨景色|Bulk Up|p1a: 雨景色
|-boost|p1a: 雨景色|atk|1
|-boost|p1a: 雨景色|def|1
|move|p2a: Gholdengo|Nasty Plot|p2a: Gholdengo
|-boost|p2a: Gholdengo|spa|2
|
|upkeep
|turn|2
|inactive|Jun RH has 30 seconds left.
|inactive|Jun RH has 20 seconds left.
|inactive|Jun RH has 15 seconds left.
|inactive|Jun RH has 10 seconds left.
|
|t:|1755968537
|move|p1b: Los Ramírez|Beat Up|p1a: 雨景色
|-damage|p1a: 雨景色|99/100
|-damage|p1a: 雨景色|97/100
|-damage|p1a: 雨景色|95/100
|-damage|p1a: 雨景色|94/100
|-hitcount|p1a: 雨景色|4
|move|p1a: 雨景色|Rage Fist|p2a: Gholdengo
|-supereffective|p2a: Gholdengo
|-damage|p2a: Gholdengo|0 fnt
|faint|p2a: Gholdengo
|move|p2b: Amoonguss|Pollen Puff|p1a: 雨景色
|-resisted|p1a: 雨景色
|-damage|p1a: 雨景色|90/100
|
|-heal|p1a: 雨景色|97/100|[from] item: Leftovers
|upkeep
|
|t:|1755968556
|switch|p2a: Archaludon|Archaludon, L50, M|100/100
|turn|3
|
|t:|1755968572
|switch|p2b: Pelipper|Pelipper, L50, M|100/100
|-weather|RainDance|[from] ability: Drizzle|[of] p2b: Pelipper
|move|p1b: Los Ramírez|Follow Me|p1b: Los Ramírez
|-singleturn|p1b: Los Ramírez|move: Follow Me
|move|p1a: 雨景色|Rage Fist|p2b: Pelipper
|-enditem|p2b: Pelipper|Focus Sash
|-damage|p2b: Pelipper|1/100
|move|p2a: Archaludon|Electro Shot||[still]
|-prepare|p2a: Archaludon|Electro Shot
|-boost|p2a: Archaludon|spa|1
|-anim|p2a: Archaludon|Electro Shot|p1b: Los Ramírez
|-damage|p1b: Los Ramírez|18/100
|
|-weather|RainDance|[upkeep]
|-heal|p1a: 雨景色|100/100|[from] item: Leftovers
|upkeep
|turn|4
|
|t:|1755968595
|move|p2b: Pelipper|Protect|p2b: Pelipper
|-singleturn|p2b: Pelipper|Protect
|move|p1b: Los Ramírez|Beat Up|p2b: Pelipper
|-activate|p2b: Pelipper|move: Protect
|move|p1a: 雨景色|Rage Fist|p2a: Archaludon
|-damage|p2a: Archaludon|0 fnt
|faint|p2a: Archaludon
|
|-weather|RainDance|[upkeep]
|upkeep
|
|t:|1755968607
|switch|p2a: Amoonguss|Amoonguss, L50, F|100/100
|turn|5
|
|t:|1755968623
|-terastallize|p2b: Pelipper|Stellar
|move|p1b: Los Ramírez|Follow Me|p1b: Los Ramírez
|-singleturn|p1b: Los Ramírez|move: Follow Me
|move|p2a: Amoonguss|Rage Powder|p2a: Amoonguss
|-singleturn|p2a: Amoonguss|move: Rage Powder
|move|p1a: 雨景色|Rage Fist|p2a: Amoonguss
|-damage|p2a: Amoonguss|0 fnt
|-damage|p1a: 雨景色|84/100|[from] item: Rocky Helmet|[of] p2a: Amoonguss
|faint|p2a: Amoonguss
|move|p2b: Pelipper|Weather Ball|p1b: Los Ramírez
|-damage|p1b: Los Ramírez|0 fnt
|faint|p1b: Los Ramírez
|
|-weather|RainDance|[upkeep]
|-heal|p1a: 雨景色|90/100|[from] item: Leftovers
|upkeep
|
|t:|1755968634
|switch|p1b: アンコールダンス|Sneasler, L50, F|100/100
|turn|6
|
|t:|1755968644
|move|p1b: アンコールダンス|Throat Chop|p1a: 雨景色
|-damage|p1a: 雨景色|70/100
|-start|p1a: 雨景色|Throat Chop|[silent]
|move|p1a: 雨景色|Rage Fist|p2b: Pelipper
|-damage|p2b: Pelipper|0 fnt
|faint|p2b: Pelipper
|
|win|Casco Dentado
|raw|Casco Dentado's rating: 1316 → 1330(+14 for winning)
|raw|Jun RH's rating: 1211 → 1193(-18 for losing)
|l|☆Casco Dentado
|player|p1|
