|j|☆Dumb5163
|j|☆PatmonVGC
|html|Dumb5163PatmonVGC    
|uhtml|bestof|Game 1 of a best-of-3
|t:|1757861563
|gametype|doubles
|player|p1|Dumb5163|169|1140
|player|p2|PatmonVGC|grusha|1240
|gen|9
|tier|[Gen 9] VGC 2025 Reg H (Bo3)
|rated|
|rule|Species Clause: Limit one of each Pokémon
|rule|Item Clause: Limit 1 of each item
|clearpoke
|poke|p1|Gholdengo, L50|
|poke|p1|Murkrow, L50, M|
|poke|p1|Dondozo, L50, F|
|poke|p1|Tatsugiri, L50, M|
|poke|p1|Rillaboom, L50, M|
|poke|p1|Clefable, L50, M|
|poke|p2|Archaludon, L50, F|
|poke|p2|Pelipper, L50, M|
|poke|p2|Basculegion, L50, M|
|poke|p2|Amoonguss, L50, F|
|poke|p2|Incineroar, L50, F|
|poke|p2|Gholdengo, L50|
|teampreview|4
|showteam|p1|Gholdengo||ChoiceSpecs|GoodasGold|MakeItRain,ShadowBall,Trick,Thunderbolt||||||50|,,,,,Steel]Murkrow||Eviolite|Prankster|Tailwind,Haze,Taunt,FoulPlay|||M|||50|,,,,,Ghost]Dondozo||Leftovers|Unaware|WaveCrash,Earthquake,OrderUp,Protect|||F|||50|,,,,,Grass]Tatsugiri||FocusSash|Commander|DracoMeteor,MuddyWater,IcyWind,Protect|||M|||50|,,,,,Dragon]Rillaboom||AssaultVest|GrassySurge|FakeOut,GrassyGlide,WoodHammer,Uturn|||M|||50|,,,,,Fire]Clefable||SafetyGoggles|Unaware|FollowMe,Encore,Protect,Moonblast|||M|||50|,,,,,Steel
|showteam|p2|Archaludon||AssaultVest|Stamina|DragonPulse,ElectroShot,FlashCannon,BodyPress|||F|||50|,,,,,Bug]Pelipper||FocusSash|Drizzle|WeatherBall,Hurricane,Tailwind,Protect|||M|||50|,,,,,Ground]Basculegion||ChoiceBand|SwiftSwim|WaveCrash,LastRespects,AquaJet,FlipTurn|||M|||50|,,,,,Water]Amoonguss||CovertCloak|Regenerator|PollenPuff,RagePowder,Spore,Protect|||F|||50|,,,,,Water]Incineroar||SafetyGoggles|Intimidate|KnockOff,FakeOut,PartingShot,Taunt|||F|||50|,,,,,Ghost]Gholdengo||LifeOrb|GoodasGold|MakeItRain,ShadowBall,NastyPlot,Protect||||||50|,,,,,Water
|inactive|Battle timer is ON: inactive players will automatically lose when time's up. (requested by PatmonVGC)
|inactive|Dumb5163 also wants the timer to be on.
|inactive|PatmonVGC has 60 seconds left.
|
|t:|1757861596
|teamsize|p1|4
|teamsize|p2|4
|start
|switch|p1a: Gholdengo|Gholdengo, L50|100/100
|switch|p1b: Rillaboom|Rillaboom, L50, M|100/100
|switch|p2a: Pelipper|Pelipper, L50, M|100/100
|switch|p2b: Incineroar|Incineroar, L50, F|100/100
|-fieldstart|move: Grassy Terrain|[from] ability: Grassy Surge|[of] p1b: Rillaboom
|-weather|RainDance|[from] ability: Drizzle|[of] p2a: Pelipper
|-ability|p2b: Incineroar|Intimidate|boost
|-unboost|p1a: Gholdengo|atk|1
|-unboost|p1b: Rillaboom|atk|1
|turn|1
|
|t:|1757861609
|move|p2a: Pelipper|Protect|p2a: Pelipper
|-singleturn|p2a: Pelipper|Protect
|move|p1b: Rillaboom|Fake Out|p2b: Incineroar
|-damage|p2b: Incineroar|91/100
|move|p1a: Gholdengo|Trick|p2a: Pelipper
|-activate|p2a: Pelipper|move: Protect
|cant|p2b: Incineroar|flinch
|
|-weather|RainDance|[upkeep]
|-heal|p2b: Incineroar|97/100|[from] Grassy Terrain
|upkeep
|turn|2
|
|t:|1757861625
|move|p1b: Rillaboom|U-turn|p2a: Pelipper
|-resisted|p2a: Pelipper
|-damage|p2a: Pelipper|90/100
|
|t:|1757861628
|switch|p1b: Dondozo|Dondozo, L50, F|100/100|[from] U-turn
|move|p1a: Gholdengo|Trick|p2b: Incineroar
|-activate|p1a: Gholdengo|move: Trick|[of] p2b: Incineroar
|-item|p2b: Incineroar|Choice Specs|[from] move: Trick
|-item|p1a: Gholdengo|Safety Goggles|[from] move: Trick
|move|p2a: Pelipper|Weather Ball|p1a: Gholdengo
|-damage|p1a: Gholdengo|12/100
|move|p2b: Incineroar|Knock Off|p1a: Gholdengo
|-supereffective|p1a: Gholdengo
|-damage|p1a: Gholdengo|0 fnt
|-enditem|p1a: Gholdengo|Safety Goggles|[from] move: Knock Off|[of] p2b: Incineroar
|faint|p1a: Gholdengo
|
|-weather|RainDance|[upkeep]
|-heal|p2b: Incineroar|100/100|[from] Grassy Terrain
|upkeep
|
|t:|1757861634
|switch|p1a: Tatsugiri|Tatsugiri, L50, M|100/100
|-activate|p1a: Tatsugiri|ability: Commander|[of] p1b: Dondozo
|-boost|p1b: Dondozo|atk|2
|-boost|p1b: Dondozo|spa|2
|-boost|p1b: Dondozo|spe|2
|-boost|p1b: Dondozo|def|2
|-boost|p1b: Dondozo|spd|2
|turn|3
|
|t:|1757861643
|move|p1b: Dondozo|Wave Crash|p2b: Incineroar
|-supereffective|p2b: Incineroar
|-damage|p2b: Incineroar|0 fnt
|faint|p2b: Incineroar
|-damage|p1b: Dondozo|73/100|[from] Recoil
|move|p2a: Pelipper|Tailwind|p2a: Pelipper
|-sidestart|p2: PatmonVGC|move: Tailwind
|
|-weather|RainDance|[upkeep]
|-heal|p1b: Dondozo|79/100|[from] Grassy Terrain
|-heal|p1b: Dondozo|85/100|[from] item: Leftovers
|upkeep
|
|t:|1757861646
|switch|p2b: Gholdengo|Gholdengo, L50|100/100
|turn|4
|
|t:|1757861650
|-terastallize|p2b: Gholdengo|Water
|move|p2b: Gholdengo|Shadow Ball|p1b: Dondozo
|-damage|p1b: Dondozo|60/100
|-damage|p2b: Gholdengo|91/100|[from] item: Life Orb
|move|p2a: Pelipper|Hurricane|p1b: Dondozo
|-damage|p1b: Dondozo|36/100
|move|p1b: Dondozo|Earthquake|p2a: Pelipper|[spread] p2b
|-miss|p1b: Dondozo|p1a: Tatsugiri
|-immune|p2a: Pelipper
|-damage|p2b: Gholdengo|69/100
|
|-weather|RainDance|[upkeep]
|-heal|p2b: Gholdengo|75/100|[from] Grassy Terrain
|-heal|p1b: Dondozo|42/100|[from] Grassy Terrain
|-heal|p1b: Dondozo|48/100|[from] item: Leftovers
|upkeep
|turn|5
|
|t:|1757861663
|move|p1b: Dondozo|Protect|p1b: Dondozo
|-singleturn|p1b: Dondozo|Protect
|move|p2b: Gholdengo|Shadow Ball|p1b: Dondozo
|-activate|p1b: Dondozo|move: Protect
|move|p2a: Pelipper|Hurricane|p1b: Dondozo
|-activate|p1b: Dondozo|move: Protect
|
|-weather|none
|-heal|p2b: Gholdengo|81/100|[from] Grassy Terrain
|-heal|p1b: Dondozo|54/100|[from] Grassy Terrain
|-heal|p1b: Dondozo|60/100|[from] item: Leftovers
|-fieldend|move: Grassy Terrain
|upkeep
|turn|6
|
|t:|1757861673
|move|p2b: Gholdengo|Shadow Ball|p1b: Dondozo
|-damage|p1b: Dondozo|34/100
|-unboost|p1b: Dondozo|spd|1
|-damage|p2b: Gholdengo|72/100|[from] item: Life Orb
|move|p2a: Pelipper|Hurricane|p1b: Dondozo
|-damage|p1b: Dondozo|2/100
|move|p1b: Dondozo|Order Up|p2b: Gholdengo
|-damage|p2b: Gholdengo|22/100
|-boost|p1b: Dondozo|atk|1
|
|-heal|p1b: Dondozo|8/100|[from] item: Leftovers
|-sideend|p2: PatmonVGC|move: Tailwind
|upkeep
|turn|7
|
|t:|1757861684
|move|p2b: Gholdengo|Protect|p2b: Gholdengo
|-singleturn|p2b: Gholdengo|Protect
|move|p1b: Dondozo|Order Up|p2a: Pelipper
|-crit|p2a: Pelipper
|-damage|p2a: Pelipper|0 fnt
|faint|p2a: Pelipper
|-boost|p1b: Dondozo|atk|1
|
|-heal|p1b: Dondozo|14/100|[from] item: Leftovers
|upkeep
|
|t:|1757861689
|switch|p2a: Basculegion|Basculegion, L50, M|100/100
|turn|8
|
|t:|1757861694
|move|p2b: Gholdengo|Shadow Ball|p1b: Dondozo
|-damage|p1b: Dondozo|0 fnt
|faint|p1b: Dondozo
|-damage|p2b: Gholdengo|12/100|[from] item: Life Orb
|move|p2a: Basculegion|Last Respects|p1a: Tatsugiri
|-enditem|p1a: Tatsugiri|Focus Sash
|-damage|p1a: Tatsugiri|1/100
|
|upkeep
|
|t:|1757861696
|switch|p1b: Rillaboom|Rillaboom, L50, M|100/100
|-fieldstart|move: Grassy Terrain|[from] ability: Grassy Surge|[of] p1b: Rillaboom
|turn|9
|
|t:|1757861705
|move|p1b: Rillaboom|Grassy Glide|p2a: Basculegion
|-supereffective|p2a: Basculegion
|-damage|p2a: Basculegion|10/100
|move|p2b: Gholdengo|Make It Rain|p1b: Rillaboom|[spread] p1a,p1b
|-resisted|p1a: Tatsugiri
|-damage|p1a: Tatsugiri|0 fnt
|-damage|p1b: Rillaboom|44/100
|-unboost|p2b: Gholdengo|spa|1
|faint|p1a: Tatsugiri
|-damage|p2b: Gholdengo|3/100|[from] item: Life Orb
|move|p2a: Basculegion|Last Respects|p1b: Rillaboom
|-damage|p1b: Rillaboom|0 fnt
|faint|p1b: Rillaboom
|
|win|PatmonVGC
||PatmonVGC is ready for game 2.
|inactive|Dumb5163 has 30 seconds to confirm battle start!
||Dumb5163 is ready for game 2.
|uhtml|next|Next: Game 2 of 3
|l|☆PatmonVGC
|player|p2|
