|j|☆UndeadParadox
|j|☆tryson69
|html|UndeadParadoxtryson69    
|uhtml|bestof|Game 2 of a best-of-3
|t:|1756698221
|gametype|doubles
|player|p1|UndeadParadox|guitarist|1086
|player|p2|tryson69|crasherwake|1220
|gen|9
|tier|[Gen 9] VGC 2025 Reg H (Bo3)
|rated|
|rule|Species Clause: Limit one of each Pokémon
|rule|Item Clause: Limit 1 of each item
|clearpoke
|poke|p1|Sneasler, L50, F|
|poke|p1|Rillaboom, L50, M|
|poke|p1|Incineroar, L50, M|
|poke|p1|Gholdengo, L50|
|poke|p1|Hydreigon, L50, M|
|poke|p1|Gengar, L50, M|
|poke|p2|Typhlosion-Hisui, L50, M|
|poke|p2|Rillaboom, L50, F|
|poke|p2|Primarina, L50, F|
|poke|p2|Archaludon, L50, M|
|poke|p2|Whimsicott, L50, M|
|poke|p2|Pelipper, L50, M|
|teampreview|4
|showteam|p1|Sneasler||GrassySeed|Unburden|CloseCombat,DireClaw,Acrobatics,Protect|||F|||50|,,,,,Flying]Rillaboom||AssaultVest|GrassySurge|WoodHammer,GrassyGlide,FakeOut,HighHorsepower|||M|||50|,,,,,Fire]Incineroar||SafetyGoggles|Intimidate|FlareBlitz,KnockOff,PartingShot,FakeOut|||M|||50|,,,,,Ghost]Gholdengo||MetalCoat|GoodasGold|Protect,MakeItRain,ShadowBall,NastyPlot||||||50|,,,,,Water]Hydreigon||LifeOrb|Levitate|Flamethrower,DracoMeteor,DarkPulse,Protect|||M|||50|,,,,,Fire]Gengar||FocusSash|CursedBody|ShadowBall,Haze,Taunt,IcyWind|||M|||50|,,,,,Ghost
|showteam|p2|Typhlosion-Hisui||ChoiceScarf|Blaze|Eruption,HeatWave,Overheat,ShadowBall|||M|||50|,,,,,Fire]Rillaboom||AssaultVest|GrassySurge|WoodHammer,GrassyGlide,HighHorsepower,FakeOut|||F|||50|,,,,,Fire]Primarina||ThroatSpray|LiquidVoice|HyperVoice,Moonblast,Haze,Protect|||F|||50|,,,,,Poison]Archaludon||Leftovers|Stamina|ElectroShot,BodyPress,Protect,DracoMeteor|||M|||50|,,,,,Grass]Whimsicott||CovertCloak|Prankster|Tailwind,Taunt,Moonblast,SunnyDay|||M|||50|,,,,,Water]Pelipper||FocusSash|Drizzle|WeatherBall,Hurricane,WideGuard,Protect|||M|||50|,,,,,Ghost
|
|t:|1756698242
|teamsize|p1|4
|teamsize|p2|4
|start
|switch|p1a: Incineroar|Incineroar, L50, M, shiny|100/100
|switch|p1b: Gholdengo|Gholdengo, L50, shiny|100/100
|switch|p2a: Primarina|Primarina, L50, F|100/100
|switch|p2b: Archaludon|Archaludon, L50, M|100/100
|-ability|p1a: Incineroar|Intimidate|boost
|-unboost|p2a: Primarina|atk|1
|-unboost|p2b: Archaludon|atk|1
|turn|1
|
|t:|1756698267
|switch|p2b: Pelipper|Pelipper, L50, M|100/100
|-weather|RainDance|[from] ability: Drizzle|[of] p2b: Pelipper
|move|p1a: Incineroar|Fake Out|p2a: Primarina
|-damage|p2a: Primarina|84/100
|move|p1b: Gholdengo|Nasty Plot|p1b: Gholdengo
|-boost|p1b: Gholdengo|spa|2
|cant|p2a: Primarina|flinch
|
|-weather|RainDance|[upkeep]
|upkeep
|turn|2
|
|t:|1756698307
|switch|p1a: Rillaboom|Rillaboom, L50, M|100/100
|-fieldstart|move: Grassy Terrain|[from] ability: Grassy Surge|[of] p1a: Rillaboom
|move|p2b: Pelipper|Wide Guard|p2b: Pelipper
|-singleturn|p2b: Pelipper|Wide Guard
|move|p1b: Gholdengo|Make It Rain|p2a: Primarina|[spread] 
|-activate|p2a: Primarina|move: Wide Guard
|-activate|p2b: Pelipper|move: Wide Guard
|move|p2a: Primarina|Hyper Voice|p1b: Gholdengo|[spread] p1a,p1b
|-resisted|p1a: Rillaboom
|-damage|p1a: Rillaboom|82/100
|-damage|p1b: Gholdengo|41/100
|-enditem|p2a: Primarina|Throat Spray
|-boost|p2a: Primarina|spa|1|[from] item: Throat Spray
|
|-weather|RainDance|[upkeep]
|-heal|p1b: Gholdengo|47/100|[from] Grassy Terrain
|-heal|p1a: Rillaboom|88/100|[from] Grassy Terrain
|-heal|p2a: Primarina|90/100|[from] Grassy Terrain
|upkeep
|turn|3
|
|t:|1756698354
|-terastallize|p2a: Primarina|Poison
|move|p1a: Rillaboom|Fake Out|p2b: Pelipper
|-damage|p2b: Pelipper|84/100
|move|p1b: Gholdengo|Shadow Ball|p2a: Primarina
|-damage|p2a: Primarina|8/100
|-unboost|p2a: Primarina|spd|1
|cant|p2b: Pelipper|flinch
|move|p2a: Primarina|Hyper Voice|p1b: Gholdengo|[spread] p1a,p1b
|-resisted|p1a: Rillaboom
|-damage|p1a: Rillaboom|58/100
|-damage|p1b: Gholdengo|0 fnt
|faint|p1b: Gholdengo
|
|-weather|RainDance|[upkeep]
|-heal|p1a: Rillaboom|64/100|[from] Grassy Terrain
|-heal|p2a: Primarina|15/100|[from] Grassy Terrain
|upkeep
|
|t:|1756698369
|switch|p1b: Sneasler|Sneasler, L50, F, shiny|100/100
|-enditem|p1b: Sneasler|Grassy Seed
|-boost|p1b: Sneasler|def|1|[from] item: Grassy Seed
|turn|4
|
|t:|1756698397
|move|p1b: Sneasler|Protect|p1b: Sneasler
|-singleturn|p1b: Sneasler|Protect
|move|p2b: Pelipper|Protect|p2b: Pelipper
|-singleturn|p2b: Pelipper|Protect
|move|p1a: Rillaboom|Wood Hammer|p2b: Pelipper
|-activate|p2b: Pelipper|move: Protect
|move|p2a: Primarina|Hyper Voice|p1a: Rillaboom|[spread] p1a
|-activate|p1b: Sneasler|move: Protect
|-resisted|p1a: Rillaboom
|-crit|p1a: Rillaboom
|-damage|p1a: Rillaboom|21/100
|
|-weather|RainDance|[upkeep]
|-heal|p1a: Rillaboom|27/100|[from] Grassy Terrain
|-heal|p2a: Primarina|21/100|[from] Grassy Terrain
|upkeep
|turn|5
|
|t:|1756698425
|switch|p2b: Archaludon|Archaludon, L50, M|100/100
|-terastallize|p1b: Sneasler|Flying
|move|p1b: Sneasler|Acrobatics|p2b: Archaludon
|-resisted|p2b: Archaludon
|-damage|p2b: Archaludon|76/100
|-ability|p2b: Archaludon|Stamina|boost
|-boost|p2b: Archaludon|def|1
|move|p1a: Rillaboom|High Horsepower|p2a: Primarina
|-supereffective|p2a: Primarina
|-damage|p2a: Primarina|0 fnt
|faint|p2a: Primarina
|
|-weather|none
|-heal|p1a: Rillaboom|33/100|[from] Grassy Terrain
|-heal|p2b: Archaludon|82/100|[from] Grassy Terrain
|-heal|p2b: Archaludon|88/100|[from] item: Leftovers
|upkeep
|
|t:|1756698435
|switch|p2a: Pelipper|Pelipper, L50, M|84/100
|-weather|RainDance|[from] ability: Drizzle|[of] p2a: Pelipper
|turn|6
|
|t:|1756698454
|move|p1b: Sneasler|Close Combat|p2b: Archaludon
|-supereffective|p2b: Archaludon
|-damage|p2b: Archaludon|20/100
|-unboost|p1b: Sneasler|def|1
|-unboost|p1b: Sneasler|spd|1
|-ability|p2b: Archaludon|Stamina|boost
|-boost|p2b: Archaludon|def|1
|move|p2a: Pelipper|Hurricane|p1a: Rillaboom
|-supereffective|p1a: Rillaboom
|-damage|p1a: Rillaboom|0 fnt
|faint|p1a: Rillaboom
|move|p2b: Archaludon|Electro Shot||[still]
|-prepare|p2b: Archaludon|Electro Shot
|-boost|p2b: Archaludon|spa|1
|-anim|p2b: Archaludon|Electro Shot|p1b: Sneasler
|-supereffective|p1b: Sneasler
|-damage|p1b: Sneasler|0 fnt
|faint|p1b: Sneasler
|
|-weather|RainDance|[upkeep]
|-heal|p2b: Archaludon|26/100|[from] Grassy Terrain
|-heal|p2b: Archaludon|32/100|[from] item: Leftovers
|-fieldend|move: Grassy Terrain
|upkeep
|
|t:|1756698466
|switch|p1b: Incineroar|Incineroar, L50, M, shiny|100/100
|-ability|p1b: Incineroar|Intimidate|boost
|-unboost|p2a: Pelipper|atk|1
|-unboost|p2b: Archaludon|atk|1
|turn|7
|-message|UndeadParadox forfeited.
|
|win|tryson69
||tryson69 is ready for game 3.
||UndeadParadox is ready for game 3.
|uhtml|next|Next: Game 3 of 3
|l|☆tryson69
|player|p2|
