|j|☆lerry27
|j|☆Jiyaodengboss
|html|lerry27Jiyaodengboss    
|uhtml|bestof|Game 1 of a best-of-3
|t:|1783068503
|gametype|doubles
|player|p1|lerry27|266|1099
|player|p2|Jiyaodengboss|lucas|1000
|gen|9
|tier|[Gen 9 Champions] VGC 2026 Reg M-B (Bo3)
|rated|
|rule|Species Clause: Limit one of each Pokémon
|rule|Item Clause: Limit 1 of each item
|clearpoke
|poke|p1|Floette-Eternal, L50, F, shiny|
|poke|p1|Maushold-Four, L50|
|poke|p1|Gengar, L50, M, shiny|
|poke|p1|Politoed, L50, M|
|poke|p1|Grimmsnarl, L50, M|
|poke|p1|Incineroar, L50, M, shiny|
|poke|p2|Grimmsnarl, L50, M|
|poke|p2|Archaludon, L50, M|
|poke|p2|Pelipper, L50, M|
|poke|p2|Sinistcha, L50|
|poke|p2|Swampert, L50, F|
|poke|p2|Metagross, L50|
|teampreview|4
|showteam|p1|Floette-Eternal||Floettite|FlowerVeil|DrainingKiss,DazzlingGleam,CalmMind,Protect|Timid||F|||50|]Maushold-Four||ChopleBerry|FriendGuard|FollowMe,HelpingHand,Uturn,Protect|Impish|||||50|]Gengar||Gengarite|CursedBody|ShadowBall,PerishSong,Disable,Protect|Bold||M|||50|]Politoed||SitrusBerry|Drizzle|WeatherBall,IceBeam,PerishSong,Protect|Calm||M|||50|]Grimmsnarl||LightClay|Prankster|FakeOut,PartingShot,LightScreen,Reflect|Careful||M|||50|]Incineroar||PasshoBerry|Intimidate|FakeOut,ThroatChop,PartingShot,Protect|Careful||M|||50|
|showteam|p2|Grimmsnarl||LightClay|Prankster|SpiritBreak,PartingShot,Reflect,LightScreen|Calm||M|||50|]Archaludon||Leftovers|Stamina|ElectroShot,DragonPulse,FlashCannon,Protect|Modest||M|||50|]Pelipper||SitrusBerry|Drizzle|Hurricane,WeatherBall,Tailwind,WideGuard|Serious||M|||50|]Sinistcha||CobaBerry|Hospitality|MatchaGotcha,TrickRoom,RagePowder,Protect|Lax|||||50|]Swampert||Swampertite|Torrent|WaveCrash,Earthquake,IcePunch,Protect|Adamant||F|||50|]Metagross||Metagrossite|ClearBody|IronHead,PsychicFangs,BodyPress,Protect|Jolly|||||50|
|
|t:|1783068529
|teamsize|p1|4
|teamsize|p2|4
|start
|switch|p1a: Grimmsnarl|Grimmsnarl, L50, M|100/100
|switch|p1b: Gengar|Gengar, L50, M, shiny|100/100
|switch|p2a: Pelipper|Pelipper, L50, M|100/100
|switch|p2b: Archaludon|Archaludon, L50, M|100/100
|-weather|RainDance|[from] ability: Drizzle|[of] p2a: Pelipper
|turn|1
|
|t:|1783068565
|detailschange|p1b: Gengar|Gengar-Mega, L50, M, shiny
|-mega|p1b: Gengar|Gengar|Gengarite
|move|p1a: Grimmsnarl|Fake Out|p2b: Archaludon
|-resisted|p2b: Archaludon|1
|-damage|p2b: Archaludon|95/100
|-ability|p2b: Archaludon|Stamina|boost
|-boost|p2b: Archaludon|def|1
|move|p1b: Gengar|Perish Song|p1b: Gengar
|-start|p1a: Grimmsnarl|perish3|[silent]
|-start|p1b: Gengar|perish3|[silent]
|-start|p2a: Pelipper|perish3|[silent]
|-start|p2b: Archaludon|perish3|[silent]
|-fieldactivate|move: Perish Song
|move|p2a: Pelipper|Tailwind|p2a: Pelipper
|-sidestart|p2: Jiyaodengboss|move: Tailwind
|cant|p2b: Archaludon|flinch
|
|-weather|RainDance|[upkeep]
|-heal|p2b: Archaludon|100/100|[from] item: Leftovers
|-start|p2a: Pelipper|perish3
|-start|p2b: Archaludon|perish3
|-start|p1b: Gengar|perish3
|-start|p1a: Grimmsnarl|perish3
|upkeep
|turn|2
|
|t:|1783068587
|move|p1b: Gengar|Protect|p1b: Gengar
|-singleturn|p1b: Gengar|Protect
|move|p1a: Grimmsnarl|Light Screen|p1a: Grimmsnarl
|-sidestart|p1: lerry27|move: Light Screen
|move|p2a: Pelipper|Weather Ball|p1b: Gengar
|-activate|p1b: Gengar|move: Protect
|move|p2b: Archaludon|Electro Shot||[still]
|-prepare|p2b: Archaludon|Electro Shot
|-boost|p2b: Archaludon|spa|1
|-anim|p2b: Archaludon|Electro Shot|p1b: Gengar
|-activate|p1b: Gengar|move: Protect
|
|-weather|RainDance|[upkeep]
|-start|p2a: Pelipper|perish2
|-start|p2b: Archaludon|perish2
|-start|p1b: Gengar|perish2
|-start|p1a: Grimmsnarl|perish2
|upkeep
|turn|3
|
|t:|1783068610
|switch|p1b: Maushold|Maushold-Four, L50|100/100
|move|p1a: Grimmsnarl|Parting Shot|p2a: Pelipper
|-unboost|p2a: Pelipper|atk|1
|-unboost|p2a: Pelipper|spa|1
|
|t:|1783068615
|switch|p1a: Gengar|Gengar-Mega, L50, M, shiny|100/100|[from] Parting Shot
|move|p2a: Pelipper|Weather Ball|p1a: Gengar
|-damage|p1a: Gengar|80/100
|move|p2b: Archaludon|Electro Shot||[still]
|-prepare|p2b: Archaludon|Electro Shot
|-boost|p2b: Archaludon|spa|1
|-anim|p2b: Archaludon|Electro Shot|p1b: Maushold
|-damage|p1b: Maushold|37/100
|
|-weather|RainDance|[upkeep]
|-start|p2a: Pelipper|perish1
|-start|p2b: Archaludon|perish1
|upkeep
|turn|4
|
|t:|1783068636
|move|p1a: Gengar|Protect|p1a: Gengar
|-singleturn|p1a: Gengar|Protect
|move|p1b: Maushold|Protect|p1b: Maushold
|-singleturn|p1b: Maushold|Protect
|move|p2a: Pelipper|Weather Ball|p1b: Maushold
|-activate|p1b: Maushold|move: Protect
|move|p2b: Archaludon|Electro Shot||[still]
|-prepare|p2b: Archaludon|Electro Shot
|-boost|p2b: Archaludon|spa|1
|-anim|p2b: Archaludon|Electro Shot|p1a: Gengar
|-activate|p1a: Gengar|move: Protect
|
|-weather|RainDance|[upkeep]
|-start|p2a: Pelipper|perish0
|-start|p2b: Archaludon|perish0
|faint|p2a: Pelipper
|faint|p2b: Archaludon
|-sideend|p2: Jiyaodengboss|move: Tailwind
|upkeep
|
|t:|1783068654
|switch|p2a: Metagross|Metagross, L50|100/100
|switch|p2b: Grimmsnarl|Grimmsnarl, L50, M|100/100
|turn|5
|
|t:|1783068665
|detailschange|p2a: Metagross|Metagross-Mega, L50
|-mega|p2a: Metagross|Metagross|Metagrossite
|move|p1b: Maushold|Follow Me|p1b: Maushold
|-singleturn|p1b: Maushold|move: Follow Me
|move|p2b: Grimmsnarl|Reflect|p2b: Grimmsnarl
|-sidestart|p2: Jiyaodengboss|Reflect
|move|p2a: Metagross|Psychic Fangs|p1b: Maushold
|-sideend|p1: lerry27|move: Light Screen
|-damage|p1b: Maushold|0 fnt
|faint|p1b: Maushold
|move|p1a: Gengar|Perish Song|p1a: Gengar
|-start|p1a: Gengar|perish3|[silent]
|-start|p2a: Metagross|perish3|[silent]
|-start|p2b: Grimmsnarl|perish3|[silent]
|-fieldactivate|move: Perish Song
|
|-weather|none
|-start|p2a: Metagross|perish3
|-start|p1a: Gengar|perish3
|-start|p2b: Grimmsnarl|perish3
|upkeep
|
|t:|1783068685
|switch|p1b: Incineroar|Incineroar, L50, M, shiny|100/100
|-ability|p1b: Incineroar|Intimidate|boost
|-unboost|p2a: Metagross|atk|1
|-unboost|p2b: Grimmsnarl|atk|1
|turn|6
|
|t:|1783068695
|move|p1a: Gengar|Protect|p1a: Gengar
|-singleturn|p1a: Gengar|Protect
|move|p1b: Incineroar|Protect|p1b: Incineroar
|-singleturn|p1b: Incineroar|Protect
|move|p2a: Metagross|Body Press|p1b: Incineroar
|-activate|p1b: Incineroar|move: Protect
|move|p2b: Grimmsnarl|Spirit Break|p1a: Gengar
|-activate|p1a: Gengar|move: Protect
|
|-start|p2a: Metagross|perish2
|-start|p1a: Gengar|perish2
|-start|p2b: Grimmsnarl|perish2
|upkeep
|turn|7
|
|t:|1783068715
|switch|p1a: Grimmsnarl|Grimmsnarl, L50, M|100/100
|move|p2a: Metagross|Body Press|p1b: Incineroar
|-supereffective|p1b: Incineroar|1
|-damage|p1b: Incineroar|33/100
|move|p1b: Incineroar|Parting Shot|p2a: Metagross
|-unboost|p2a: Metagross|atk|1
|-unboost|p2a: Metagross|spa|1
|
|t:|1783068723
|switch|p1b: Gengar|Gengar-Mega, L50, M, shiny|80/100|[from] Parting Shot
|move|p2b: Grimmsnarl|Spirit Break|p1a: Grimmsnarl
|-supereffective|p1a: Grimmsnarl|1
|-damage|p1a: Grimmsnarl|64/100
|-unboost|p1a: Grimmsnarl|spa|1
|
|-start|p2a: Metagross|perish1
|-start|p2b: Grimmsnarl|perish1
|upkeep
|turn|8
|
|t:|1783068745
|move|p1b: Gengar|Protect|p1b: Gengar
|-singleturn|p1b: Gengar|Protect
|move|p1a: Grimmsnarl|Parting Shot|p2a: Metagross
|-unboost|p2a: Metagross|atk|1
|-unboost|p2a: Metagross|spa|1
|
|t:|1783068755
|switch|p1a: Incineroar|Incineroar, L50, M, shiny|33/100|[from] Parting Shot
|-ability|p1a: Incineroar|Intimidate|boost
|-unboost|p2a: Metagross|atk|1
|-unboost|p2b: Grimmsnarl|atk|1
|move|p2a: Metagross|Body Press|p1b: Gengar
|-activate|p1b: Gengar|move: Protect
|move|p2b: Grimmsnarl|Spirit Break|p1b: Gengar
|-activate|p1b: Gengar|move: Protect
|
|-start|p2a: Metagross|perish0
|-start|p2b: Grimmsnarl|perish0
|faint|p2a: Metagross
|faint|p2b: Grimmsnarl
|
|win|lerry27
|inactive|lerry27 has 30 seconds to confirm battle start!
|inactive|Jiyaodengboss has 30 seconds to confirm battle start!
||lerry27 is ready for game 2.
|inactive|Jiyaodengboss has 20 seconds to confirm battle start!
|inactive|Jiyaodengboss has 10 seconds to confirm battle start!
|uhtml|next|Next: Game 2 of 3
