|j|☆Deharo94vgc
|j|☆Gentlefish
|html|Deharo94vgcGentlefish    
|uhtml|bestof|Game 1 of a best-of-3
|t:|1756400119
|gametype|doubles
|player|p1|Deharo94vgc|lucas|1121
|player|p2|Gentlefish|burglar-gen1rb|1170
|gen|9
|tier|[Gen 9] VGC 2025 Reg H (Bo3)
|rated|
|rule|Species Clause: Limit one of each Pokémon
|rule|Item Clause: Limit 1 of each item
|clearpoke
|poke|p1|Talonflame, L50, F|
|poke|p1|Sneasler, L50, M|
|poke|p1|Indeedee, L50, M|
|poke|p1|Archaludon, L50, F|
|poke|p1|Sinistcha, L50|
|poke|p1|Pelipper, L50, F|
|poke|p2|Garchomp, L50, M|
|poke|p2|Weezing-Galar, L50, F|
|poke|p2|Archaludon, L50, F|
|poke|p2|Gholdengo, L50|
|poke|p2|Talonflame, L50, M|
|poke|p2|Annihilape, L50, M|
|teampreview|4
|showteam|p1|Talonflame||CovertCloak|GaleWings|BraveBird,WillOWisp,Tailwind,Taunt|||F|||50|,,,,,Ghost]Sneasler||PsychicSeed|Unburden|DireClaw,ThroatChop,CloseCombat,Protect|||M|||50|,,,,,Dark]Indeedee||ChoiceSpecs|PsychicSurge|ExpandingForce,DazzlingGleam,ShadowBall,TeraBlast|||M|||50|,,,,,Fighting]Archaludon||AssaultVest|Stamina|DracoMeteor,ElectroShot,Snarl,BodyPress|||F|||50|,,,,,Bug]Sinistcha||SitrusBerry|Hospitality|MatchaGotcha,RagePowder,LifeDew,Protect||||||50|,,,,,Water]Pelipper||FocusSash|Drizzle|Hurricane,MuddyWater,WideGuard,Protect|||F|||50|,,,,,Ghost
|showteam|p2|Garchomp||LifeOrb|RoughSkin|DragonClaw,Earthquake,StompingTantrum,Protect|||M|||50|,,,,,Ground]Weezing-Galar||FocusSash|NeutralizingGas|Protect,SludgeBomb,Taunt,StrangeSteam|||F|||50|,,,,,Flying]Archaludon||PowerHerb|Sturdy|ElectroShot,Thunderbolt,DracoMeteor,Protect|||F|||50|,,,,,Electric]Gholdengo||ChoiceSpecs|GoodasGold|ShadowBall,DazzlingGleam,PowerGem,MakeItRain||||||50|,,,,,Fairy]Talonflame||CovertCloak|GaleWings|Tailwind,DualWingbeat,Taunt,FlareBlitz|||M|||50|,,,,,Stellar]Annihilape||AssaultVest|Defiant|CloseCombat,RageFist,FinalGambit,IcePunch|||M|||50|,,,,,Grass
|inactive|Battle timer is ON: inactive players will automatically lose when time's up. (requested by Deharo94vgc)
|inactive|Deharo94vgc has 60 seconds left.
|inactive|Gentlefish has 60 seconds left.
|inactive|Deharo94vgc has 30 seconds left.
|inactive|Gentlefish has 30 seconds left.
|inactive|Deharo94vgc has 20 seconds left.
|inactive|Gentlefish has 20 seconds left.
|inactive|Gentlefish has 15 seconds left.
|inactive|Deharo94vgc has 15 seconds left.
|inactive|Gentlefish has 10 seconds left.
|inactive|Deharo94vgc has 10 seconds left.
|inactive|Gentlefish has 5 seconds left.
|
|t:|1756400208
|teamsize|p1|4
|teamsize|p2|4
|start
|switch|p1a: Indeedee|Indeedee, L50, M|100/100
|switch|p1b: Talonflame|Talonflame, L50, F|100/100
|switch|p2a: Weezing|Weezing-Galar, L50, F|100/100
|switch|p2b: Archaludon|Archaludon, L50, F|100/100
|-ability|p2a: Weezing|Neutralizing Gas
|turn|1
|inactive|Gentlefish has 30 seconds left.
|inactive|Gentlefish has 20 seconds left.
|inactive|Gentlefish has 15 seconds left.
|inactive|Gentlefish has 10 seconds left.
|
|t:|1756400253
|-terastallize|p1b: Talonflame|Ghost
|move|p1b: Talonflame|Tailwind|p1b: Talonflame
|-sidestart|p1: Deharo94vgc|move: Tailwind
|move|p1a: Indeedee|Expanding Force|p2a: Weezing
|-supereffective|p2a: Weezing
|-enditem|p2a: Weezing|Focus Sash
|-damage|p2a: Weezing|1/100
|move|p2b: Archaludon|Electro Shot||[still]
|-prepare|p2b: Archaludon|Electro Shot
|-boost|p2b: Archaludon|spa|1
|-enditem|p2b: Archaludon|Power Herb
|-anim|p2b: Archaludon|Electro Shot|p1a: Indeedee
|-damage|p1a: Indeedee|4/100
|move|p2a: Weezing|Sludge Bomb|p1b: Talonflame
|-resisted|p1b: Talonflame
|-damage|p1b: Talonflame|70/100
|
|upkeep
|turn|2
|inactive|Deharo94vgc has 30 seconds left.
|inactive|Gentlefish has 30 seconds left.
|inactive|Gentlefish has 20 seconds left.
|inactive|Gentlefish has 15 seconds left.
|
|t:|1756400298
|switch|p1a: Sinistcha|Sinistcha, L50|100/100
|move|p2a: Weezing|Protect|p2a: Weezing
|-singleturn|p2a: Weezing|Protect
|move|p1b: Talonflame|Will-O-Wisp|p2b: Archaludon
|-status|p2b: Archaludon|brn
|move|p2b: Archaludon|Thunderbolt|p1a: Sinistcha
|-resisted|p1a: Sinistcha
|-damage|p1a: Sinistcha|77/100
|
|-damage|p2b: Archaludon|94/100 brn|[from] brn
|upkeep
|turn|3
|inactive|Deharo94vgc has 30 seconds left.
|
|t:|1756400327
|-end|p2a: Weezing|ability: Neutralizing Gas
|-heal|p1b: Talonflame|94/100|[from] ability: Hospitality|[of] p1a: Sinistcha
|switch|p2a: Gholdengo|Gholdengo, L50|100/100
|move|p1b: Talonflame|Brave Bird|p2a: Gholdengo
|-resisted|p2a: Gholdengo
|-damage|p2a: Gholdengo|78/100
|-damage|p1b: Talonflame|86/100|[from] Recoil
|move|p1a: Sinistcha|Matcha Gotcha|p2a: Gholdengo|[spread] p2a
|-miss|p1a: Sinistcha|p2b: Archaludon
|-resisted|p2a: Gholdengo
|-damage|p2a: Gholdengo|66/100
|-heal|p1a: Sinistcha|83/100|[from] drain|[of] p2a: Gholdengo
|move|p2b: Archaludon|Thunderbolt|p1b: Talonflame
|-damage|p1b: Talonflame|18/100
|
|-damage|p2b: Archaludon|88/100 brn|[from] brn
|upkeep
|turn|4
|inactive|Deharo94vgc has 30 seconds left.
|inactive|Gentlefish has 30 seconds left.
|inactive|Gentlefish has 20 seconds left.
|inactive|Gentlefish has 15 seconds left.
|inactive|Gentlefish has 10 seconds left.
|inactive|Gentlefish has 5 seconds left.
|
|t:|1756400378
|switch|p1b: Sneasler|Sneasler, L50, M|100/100
|move|p1a: Sinistcha|Life Dew||[still]|[spread] p1a,p1b
|-heal|p1a: Sinistcha|100/100
|-fail|p1b: Sneasler|heal
|move|p2b: Archaludon|Thunderbolt|p1a: Sinistcha
|-resisted|p1a: Sinistcha
|-damage|p1a: Sinistcha|75/100
|move|p2a: Gholdengo|Make It Rain|p1a: Sinistcha|[spread] p1a,p1b
|-damage|p1a: Sinistcha|0 fnt
|-damage|p1b: Sneasler|3/100
|-unboost|p2a: Gholdengo|spa|1
|faint|p1a: Sinistcha
|
|-damage|p2b: Archaludon|82/100 brn|[from] brn
|-sideend|p1: Deharo94vgc|move: Tailwind
|upkeep
|
|t:|1756400396
|switch|p1a: Talonflame|Talonflame, L50, F, tera:Ghost|18/100
|turn|5
|
|t:|1756400411
|move|p1b: Sneasler|Protect|p1b: Sneasler
|-singleturn|p1b: Sneasler|Protect
|move|p2b: Archaludon|Protect|p2b: Archaludon
|-singleturn|p2b: Archaludon|Protect
|move|p1a: Talonflame|Tailwind|p1a: Talonflame
|-sidestart|p1: Deharo94vgc|move: Tailwind
|move|p2a: Gholdengo|Make It Rain|p1b: Sneasler|[spread] p1a
|-activate|p1b: Sneasler|move: Protect
|-damage|p1a: Talonflame|0 fnt
|-unboost|p2a: Gholdengo|spa|1
|faint|p1a: Talonflame
|
|-damage|p2b: Archaludon|76/100 brn|[from] brn
|upkeep
|
|t:|1756400421
|switch|p1a: Indeedee|Indeedee, L50, M|4/100
|-fieldstart|move: Psychic Terrain|[from] ability: Psychic Surge|[of] p1a: Indeedee
|-enditem|p1b: Sneasler|Psychic Seed
|-boost|p1b: Sneasler|spd|1|[from] item: Psychic Seed
|turn|6
|inactive|Gentlefish has 30 seconds left.
|inactive|Gentlefish has 20 seconds left.
|inactive|Gentlefish has 15 seconds left.
|inactive|Gentlefish has 10 seconds left.
|
|t:|1756400471
|switch|p2b: Weezing|Weezing-Galar, L50, F|1/100
|-ability|p2b: Weezing|Neutralizing Gas
|move|p1b: Sneasler|Throat Chop|p2a: Gholdengo
|-supereffective|p2a: Gholdengo
|-damage|p2a: Gholdengo|14/100
|-start|p2a: Gholdengo|Throat Chop|[silent]
|move|p1a: Indeedee|Expanding Force|p2b: Weezing|[spread] p2a,p2b
|-resisted|p2a: Gholdengo
|-supereffective|p2b: Weezing
|-damage|p2a: Gholdengo|0 fnt
|-damage|p2b: Weezing|0 fnt
|faint|p2a: Gholdengo
|faint|p2b: Weezing
|-end|p2b: Weezing|ability: Neutralizing Gas
|
|upkeep
|
|t:|1756400480
|switch|p2a: Talonflame|Talonflame, L50, M|100/100
|switch|p2b: Archaludon|Archaludon, L50, F|76/100 brn
|turn|7
|
|t:|1756400494
|-terastallize|p2b: Archaludon|Electric
|move|p2a: Talonflame|Tailwind|p2a: Talonflame
|-sidestart|p2: Gentlefish|move: Tailwind
|move|p1b: Sneasler|Dire Claw|p2a: Talonflame
|-damage|p2a: Talonflame|44/100
|move|p1a: Indeedee|Expanding Force|p2b: Archaludon|[spread] p2a,p2b
|-damage|p2a: Talonflame|0 fnt
|-damage|p2b: Archaludon|0 fnt
|faint|p2a: Talonflame
|faint|p2b: Archaludon
|
|win|Deharo94vgc
||Gentlefish is ready for game 2.
|inactive|Deharo94vgc has 30 seconds to confirm battle start!
||Deharo94vgc is ready for game 2.
|uhtml|next|Next: Game 2 of 3
