|j|☆exessvgc
|j|☆jomivgc
|html|exessvgcjomivgc    
|uhtml|bestof|Game 1 of a best-of-3
|t:|1784033938
|gametype|doubles
|player|p1|exessvgc|lucas|1201
|player|p2|jomivgc|falkner-gen2|1123
|gen|9
|tier|[Gen 9 Champions] VGC 2026 Reg M-B (Bo3)
|rated|
|rule|Species Clause: Limit one of each Pokémon
|rule|Item Clause: Limit 1 of each item
|clearpoke
|poke|p1|Farigiraf, L50, F|
|poke|p1|Aerodactyl, L50, F|
|poke|p1|Sylveon, L50, M|
|poke|p1|Kingambit, L50, F|
|poke|p1|Garchomp, L50, M|
|poke|p1|Charizard, L50, M|
|poke|p2|Sneasler, L50, F|
|poke|p2|Aerodactyl, L50, M|
|poke|p2|Garchomp, L50, M|
|poke|p2|Basculegion, L50, M|
|poke|p2|Arcanine-Hisui, L50, M|
|poke|p2|Charizard, L50, M|
|teampreview|4
|showteam|p1|Farigiraf||SitrusBerry|ArmorTail|TrickRoom,TwinBeam,HelpingHand,Thunderbolt|Bold||F|||50|]Aerodactyl||Aerodactylite|Unnerve|RockSlide,Protect,Tailwind,Taunt|Jolly||F|||50|]Sylveon||FairyFeather|Pixilate|HyperVoice,HyperBeam,Protect,ShadowBall|Modest||M|||50|]Kingambit||FocusSash|Defiant|KowtowCleave,SuckerPunch,SwordsDance,Protect|Adamant||F|||50|]Garchomp||LifeOrb|RoughSkin|DragonClaw,Earthquake,RockSlide,Protect|Adamant||M|||50|]Charizard||CharizarditeY|Blaze|WeatherBall,HeatWave,SolarBeam,Protect|Modest||M|||50|
|showteam|p2|Sneasler||WhiteHerb|Unburden|CloseCombat,DireClaw,FakeOut,Protect|Adamant||F|||50|]Aerodactyl||Aerodactylite|Unnerve|RockSlide,DualWingbeat,IceFang,Tailwind|Jolly||M|||50|]Garchomp||LifeOrb|RoughSkin|DragonClaw,StompingTantrum,RockSlide,Protect|Jolly||M|||50|]Basculegion||MysticWater|Adaptability|WaveCrash,LastRespects,AquaJet,Protect|Adamant||M|||50|]Arcanine-Hisui||FocusSash|RockHead|FlareBlitz,HeadSmash,ExtremeSpeed,Protect|Jolly||M|||50|]Charizard||CharizarditeY|Blaze|HeatWave,WeatherBall,SolarBeam,Protect|Modest||M|||50|
|inactive|Battle timer is ON: inactive players will automatically lose when time's up. (requested by jomivgc)
|l|☆exessvgc
|inactive|exessvgc disconnected and has a minute to reconnect!
|player|p1|
|j|☆exessvgc
|inactive|exessvgc reconnected and has 80 seconds left.
|player|p1|exessvgc|lucas|
|inactive|exessvgc has 60 seconds left.
|inactive|exessvgc has 30 seconds left.
|inactive|exessvgc has 20 seconds left.
|
|t:|1784034009
|teamsize|p1|4
|teamsize|p2|4
|start
|switch|p1a: DINOSAUVO|Aerodactyl, L50, F|100/100
|switch|p1b: LA GIRAFFA|Farigiraf, L50, F|100/100
|switch|p2a: Arcanine|Arcanine-Hisui, L50, M|100/100
|switch|p2b: Aerodactyl|Aerodactyl, L50, M|100/100
|-ability|p1a: DINOSAUVO|Unnerve
|-ability|p2b: Aerodactyl|Unnerve
|turn|1
|
|t:|1784034033
|detailschange|p1a: DINOSAUVO|Aerodactyl-Mega, L50, F
|-mega|p1a: DINOSAUVO|Aerodactyl|Aerodactylite
|move|p1a: DINOSAUVO|Rock Slide|p2a: Arcanine|[spread] p2a,p2b
|-supereffective|p2a: Arcanine|1
|-supereffective|p2b: Aerodactyl|1
|-damage|p2a: Arcanine|26/100
|-damage|p2b: Aerodactyl|4/100
|move|p2b: Aerodactyl|Tailwind|p2b: Aerodactyl
|-sidestart|p2: jomivgc|move: Tailwind
|move|p2a: Arcanine|Head Smash|p1a: DINOSAUVO
|-supereffective|p1a: DINOSAUVO|1
|-damage|p1a: DINOSAUVO|0 fnt
|faint|p1a: DINOSAUVO
|move|p1b: LA GIRAFFA|Thunderbolt|p2a: Arcanine
|-damage|p2a: Arcanine|0 fnt
|faint|p2a: Arcanine
|
|upkeep
|
|t:|1784034050
|switch|p1a: Kingambit|Kingambit, L50, F|100/100
|switch|p2a: Charizard|Charizard, L50, M|100/100
|turn|2
|
|t:|1784034071
|switch|p2b: Basculegion|Basculegion, L50, M|100/100
|detailschange|p2a: Charizard|Charizard-Mega-Y, L50, M
|-mega|p2a: Charizard|Charizard|Charizardite Y
|-weather|SunnyDay|[from] ability: Drought|[of] p2a: Charizard
|move|p1a: Kingambit|Sucker Punch||[still]
|-fail|p1a: Kingambit
|move|p2a: Charizard|Heat Wave|p1a: Kingambit|[spread] p1a,p1b
|-supereffective|p1a: Kingambit|1
|-enditem|p1a: Kingambit|Focus Sash
|-damage|p1a: Kingambit|1/100
|-damage|p1b: LA GIRAFFA|40/100
|-enditem|p1b: LA GIRAFFA|Sitrus Berry|[eat]
|-heal|p1b: LA GIRAFFA|65/100|[from] item: Sitrus Berry
|move|p1b: LA GIRAFFA|Trick Room|p1b: LA GIRAFFA
|-fieldstart|move: Trick Room|[of] p1b: LA GIRAFFA
|
|-weather|SunnyDay|[upkeep]
|upkeep
|turn|3
|inactive|exessvgc has 30 seconds left.
|inactive|jomivgc has 30 seconds left.
|
|t:|1784034103
|move|p1b: LA GIRAFFA|Helping Hand|p1a: Kingambit
|-singleturn|p1a: Kingambit|Helping Hand|[of] p1b: LA GIRAFFA
|move|p2a: Charizard|Protect|p2a: Charizard
|-singleturn|p2a: Charizard|Protect
|move|p1a: Kingambit|Sucker Punch||[still]
|-fail|p1a: Kingambit
|move|p2b: Basculegion|Last Respects|p1a: Kingambit
|-resisted|p1a: Kingambit|1
|-damage|p1a: Kingambit|0 fnt
|faint|p1a: Kingambit
|
|-weather|SunnyDay|[upkeep]
|upkeep
|
|t:|1784034112
|switch|p1a: Marianela|Sylveon, L50, M|100/100
|turn|4
|inactive|exessvgc has 30 seconds left.
|
|t:|1784034141
|move|p1a: Marianela|Protect|p1a: Marianela
|-singleturn|p1a: Marianela|Protect
|move|p2b: Basculegion|Protect|p2b: Basculegion
|-singleturn|p2b: Basculegion|Protect
|move|p2a: Charizard|Protect||[still]
|-fail|p2a: Charizard
|move|p1b: LA GIRAFFA|Thunderbolt|p2a: Charizard
|-supereffective|p2a: Charizard|1
|-damage|p2a: Charizard|58/100
|
|-weather|SunnyDay|[upkeep]
|-sideend|p2: jomivgc|move: Tailwind
|upkeep
|turn|5
|
|t:|1784034160
|switch|p2a: Aerodactyl|Aerodactyl, L50, M|4/100
|-ability|p2a: Aerodactyl|Unnerve
|move|p1b: LA GIRAFFA|Helping Hand|p1a: Marianela
|-singleturn|p1a: Marianela|Helping Hand|[of] p1b: LA GIRAFFA
|move|p1a: Marianela|Hyper Voice|p2a: Aerodactyl|[spread] p2a,p2b
|-damage|p2a: Aerodactyl|0 fnt
|-damage|p2b: Basculegion|13/100
|faint|p2a: Aerodactyl
|move|p2b: Basculegion|Last Respects|p1a: Marianela
|-damage|p1a: Marianela|0 fnt
|faint|p1a: Marianela
|
|-weather|SunnyDay|[upkeep]
|upkeep
|
|t:|1784034173
|switch|p2a: Charizard|Charizard-Mega-Y, L50, M|58/100
|turn|6
|-message|exessvgc forfeited.
|
|win|jomivgc
|l|☆exessvgc
|player|p1|
||exessvgc is ready for game 2.
||jomivgc is ready for game 2.
|uhtml|next|Next: Game 2 of 3
|l|☆jomivgc
|player|p2|
|j|☆exessvgc
|player|p1|exessvgc|lucas|
