|j|☆alccz0
|j|☆heatvw
|html|alccz0heatvw    
|uhtml|bestof|Game 1 of a best-of-3
|t:|1756946954
|gametype|doubles
|player|p1|alccz0|ethan|1118
|player|p2|heatvw|gambler|1185
|gen|9
|tier|[Gen 9] VGC 2025 Reg H (Bo3)
|rated|
|rule|Species Clause: Limit one of each Pokémon
|rule|Item Clause: Limit 1 of each item
|clearpoke
|poke|p1|Archaludon, L50, F|
|poke|p1|Pelipper, L50, M|
|poke|p1|Amoonguss, L50, M|
|poke|p1|Kingambit, L50, M|
|poke|p1|Sneasler, L50, F|
|poke|p1|Weezing-Galar, L50, M|
|poke|p2|Flamigo, L50, M|
|poke|p2|Ninetales-Alola, L50, M|
|poke|p2|Garchomp, L50, F|
|poke|p2|Incineroar, L50, F|
|poke|p2|Amoonguss, L50, M|
|poke|p2|Kingambit, L50, F|
|teampreview|4
|showteam|p1|Archaludon||PowerHerb|Stalwart|ElectroShot,DarkPulse,DragonPulse,Protect|||F|||50|,,,,,Grass]Pelipper||FocusSash|Drizzle|Hurricane,WeatherBall,Tailwind,Protect|||M|||50|,,,,,Stellar]Amoonguss||SitrusBerry|Regenerator|SludgeBomb,Protect,Spore,RagePowder|||M|||50|,,,,,Water]Kingambit||BlackGlasses|Defiant|KowtowCleave,SuckerPunch,LowKick,Protect|||M|||50|,,,,,Dark]Sneasler||WhiteHerb|Unburden|DireClaw,CloseCombat,FakeOut,Protect|||F|||50|,,,,,Stellar]Weezing-Galar||SafetyGoggles|NeutralizingGas|SludgeBomb,WillOWisp,DazzlingGleam,Protect|||M|||50|,,,,,Ghost
|showteam|p2|Flamigo||ChoiceBand|Scrappy|Uturn,CloseCombat,BraveBird,Facade|||M|||50|,,,,,Stellar]Ninetales-Alola||FocusSash|SnowWarning|Protect,Encore,IcyWind,Blizzard|||M|||50|,,,,,Ghost]Garchomp||LifeOrb|RoughSkin|DragonClaw,StompingTantrum,Earthquake,Protect|||F|||50|,,,,,Ground]Incineroar||SafetyGoggles|Intimidate|FakeOut,FlareBlitz,KnockOff,PartingShot|||F|||50|,,,,,Ghost]Amoonguss||SitrusBerry|Regenerator|Spore,RagePowder,PollenPuff,Protect|||M|||50|,,,,,Water]Kingambit||AssaultVest|Defiant|KowtowCleave,IronHead,LowKick,SuckerPunch|||F|||50|,,,,,Fire
|inactive|Battle timer is ON: inactive players will automatically lose when time's up. (requested by heatvw)
|inactive|alccz0 has 60 seconds left.
|inactive|heatvw has 60 seconds left.
|inactive|alccz0 has 30 seconds left.
|
|t:|1756947018
|teamsize|p1|4
|teamsize|p2|4
|start
|switch|p1a: Amoonguss|Amoonguss, L50, M|100/100
|switch|p1b: Sneasler|Sneasler, L50, F|100/100
|switch|p2a: Flamigo|Flamigo, L50, M, shiny|100/100
|switch|p2b: Garchomp|Garchomp, L50, F, shiny|100/100
|turn|1
|
|t:|1756947039
|move|p1b: Sneasler|Fake Out|p2a: Flamigo
|-damage|p2a: Flamigo|78/100
|move|p2b: Garchomp|Earthquake|p1a: Amoonguss|[spread] p1a,p1b
|-immune|p2a: Flamigo
|-supereffective|p1b: Sneasler
|-damage|p1a: Amoonguss|51/100
|-damage|p1b: Sneasler|0 fnt
|faint|p1b: Sneasler
|-damage|p2b: Garchomp|91/100|[from] item: Life Orb
|cant|p2a: Flamigo|flinch
|move|p1a: Amoonguss|Spore|p2b: Garchomp
|-status|p2b: Garchomp|slp|[from] move: Spore
|
|upkeep
|
|t:|1756947054
|switch|p1b: Archaludon|Archaludon, L50, F|100/100
|turn|2
|
|t:|1756947075
|-terastallize|p1a: Amoonguss|Water
|move|p1a: Amoonguss|Rage Powder|p1a: Amoonguss
|-singleturn|p1a: Amoonguss|move: Rage Powder
|cant|p2b: Garchomp|slp
|move|p2a: Flamigo|Brave Bird|p1a: Amoonguss
|-damage|p1a: Amoonguss|0 fnt
|faint|p1a: Amoonguss
|-damage|p2a: Flamigo|54/100|[from] Recoil
|move|p1b: Archaludon|Electro Shot||[still]
|-prepare|p1b: Archaludon|Electro Shot
|-boost|p1b: Archaludon|spa|1
|-enditem|p1b: Archaludon|Power Herb
|-anim|p1b: Archaludon|Electro Shot|p2a: Flamigo
|-supereffective|p2a: Flamigo
|-damage|p2a: Flamigo|0 fnt
|faint|p2a: Flamigo
|
|upkeep
|
|t:|1756947096
|switch|p2a: Amoonguss|Amoonguss, L50, M, shiny|100/100
|switch|p1a: Pelipper|Pelipper, L50, M|100/100
|-weather|RainDance|[from] ability: Drizzle|[of] p1a: Pelipper
|turn|3
|
|t:|1756947112
|switch|p2b: Ninetales|Ninetales-Alola, L50, M|100/100
|-weather|Snowscape|[from] ability: Snow Warning|[of] p2b: Ninetales
|move|p1a: Pelipper|Hurricane|p2a: Amoonguss
|-supereffective|p2a: Amoonguss
|-damage|p2a: Amoonguss|7/100
|-enditem|p2a: Amoonguss|Sitrus Berry|[eat]
|-heal|p2a: Amoonguss|32/100|[from] item: Sitrus Berry
|move|p1b: Archaludon|Dragon Pulse|p2b: Ninetales
|-immune|p2b: Ninetales
|move|p2a: Amoonguss|Spore|p1a: Pelipper
|-status|p1a: Pelipper|slp|[from] move: Spore
|
|-weather|Snowscape|[upkeep]
|upkeep
|turn|4
|inactive|alccz0 has 30 seconds left.
|
|t:|1756947140
|switch|p2a: Garchomp|Garchomp, L50, F, shiny|91/100 slp
|move|p2b: Ninetales|Blizzard|p1a: Pelipper|[spread] p1a,p1b
|-damage|p1a: Pelipper|45/100 slp
|-damage|p1b: Archaludon|69/100
|-status|p1b: Archaludon|frz
|cant|p1a: Pelipper|slp
|cant|p1b: Archaludon|frz
|
|-weather|Snowscape|[upkeep]
|upkeep
|turn|5
|inactive|alccz0 has 30 seconds left.
|
|t:|1756947166
|-terastallize|p2a: Garchomp|Ground
|cant|p1b: Archaludon|frz
|move|p2b: Ninetales|Blizzard|p1b: Archaludon|[spread] p1a,p1b
|-damage|p1a: Pelipper|0 fnt
|-damage|p1b: Archaludon|39/100 frz
|faint|p1a: Pelipper
|cant|p2a: Garchomp|slp
|
|-weather|Snowscape|[upkeep]
|upkeep
|turn|6
|
|t:|1756947179
|move|p2b: Ninetales|Blizzard|p1b: Archaludon
|-damage|p1b: Archaludon|0 fnt
|faint|p1b: Archaludon
|
|win|heatvw
||heatvw is ready for game 2.
||alccz0 is ready for game 2.
|uhtml|next|Next: Game 2 of 3
