|j|☆is_katabo
|j|☆leoscerni
|html|is_kataboleoscerni    
|uhtml|bestof|Game 3 of a best-of-3
|t:|1755320522
|gametype|doubles
|player|p1|is_katabo|caitlin|1205
|player|p2|leoscerni|169|1299
|gen|9
|tier|[Gen 9] VGC 2025 Reg H (Bo3)
|rated|
|rule|Species Clause: Limit one of each Pokémon
|rule|Item Clause: Limit 1 of each item
|clearpoke
|poke|p1|Dondozo, L50, F|
|poke|p1|Sneasler, L50, M|
|poke|p1|Incineroar, L50, F|
|poke|p1|Dragapult, L50, M|
|poke|p1|Kingambit, L50, F|
|poke|p1|Rillaboom, L50, F|
|poke|p2|Primarina, L50, M|
|poke|p2|Volcarona, L50, F|
|poke|p2|Rillaboom, L50, M|
|poke|p2|Electabuzz, L50, M|
|poke|p2|Sneasler, L50, M|
|poke|p2|Kingambit, L50, F|
|teampreview|4
|showteam|p1|Dondozo||Leftovers|Unaware|Liquidation,Fissure,Yawn,Protect|||F|||50|,,,,,Flying]Sneasler||FocusSash|Unburden|DireClaw,CloseCombat,Coaching,Protect|||M|||50|,,,,,Stellar]Incineroar||SafetyGoggles|Intimidate|FakeOut,KnockOff,FlareBlitz,PartingShot|||F|||50|,,,,,Ghost]Dragapult||ChoiceSpecs|Infiltrator|DracoMeteor,ShadowBall,Uturn,TeraBlast|||M|||50|,,,,,Fairy]Kingambit||DreadPlate|Defiant|KowtowCleave,SuckerPunch,SwordsDance,Protect|||F|||50|,,,,,Dark]Rillaboom||AssaultVest|GrassySurge|FakeOut,WoodHammer,GrassyGlide,HighHorsepower|||F|||50|,,,,,Fire
|showteam|p2|Primarina||SitrusBerry|LiquidVoice|Moonblast,HyperVoice,Haze,Protect|||M|||50|,,,,,Poison]Volcarona||GrassySeed|FlameBody|QuiverDance,GigaDrain,HeatWave,Protect|||F|||50|,,,,,Grass]Rillaboom||AssaultVest|GrassySurge|WoodHammer,GrassyGlide,FakeOut,HighHorsepower|||M|||50|,,,,,Fire]Electabuzz||Eviolite|VitalSpirit|FollowMe,Electroweb,Taunt,Protect|||M|||50|,,,,,Ghost]Sneasler||FocusSash|Pressure|CloseCombat,DireClaw,FakeOut,Protect|||M|||50|,,,,,Fighting]Kingambit||BlackGlasses|Defiant|SuckerPunch,KowtowCleave,SwordsDance,Protect|||F|||50|,,,,,Dark
|j| SupernovaSZ8
|inactive|Battle timer is ON: inactive players will automatically lose when time's up. (requested by leoscerni)
|inactive|is_katabo has 60 seconds left.
|inactive|leoscerni has 60 seconds left.
|inactive|is_katabo has 30 seconds left.
|inactive|is_katabo has 20 seconds left.
|
|t:|1755320599
|teamsize|p1|4
|teamsize|p2|4
|start
|switch|p1a: Rillaboom|Rillaboom, L50, F|100/100
|switch|p1b: Dragapult|Dragapult, L50, M|100/100
|switch|p2a: Volcarona|Volcarona, L50, F|100/100
|switch|p2b: Electabuzz|Electabuzz, L50, M|100/100
|-fieldstart|move: Grassy Terrain|[from] ability: Grassy Surge|[of] p1a: Rillaboom
|-enditem|p2a: Volcarona|Grassy Seed
|-boost|p2a: Volcarona|def|1|[from] item: Grassy Seed
|turn|1
|inactive|is_katabo has 30 seconds left.
|
|t:|1755320633
|move|p2a: Volcarona|Protect|p2a: Volcarona
|-singleturn|p2a: Volcarona|Protect
|move|p2b: Electabuzz|Protect|p2b: Electabuzz
|-singleturn|p2b: Electabuzz|Protect
|move|p1b: Dragapult|Shadow Ball|p2a: Volcarona
|-activate|p2a: Volcarona|move: Protect
|move|p1a: Rillaboom|High Horsepower|p2a: Volcarona
|-activate|p2a: Volcarona|move: Protect
|
|upkeep
|turn|2
|inactive|is_katabo has 30 seconds left.
|
|t:|1755320662
|move|p2b: Electabuzz|Follow Me|p2b: Electabuzz
|-singleturn|p2b: Electabuzz|move: Follow Me
|move|p1b: Dragapult|Shadow Ball|p2b: Electabuzz
|-damage|p2b: Electabuzz|66/100
|move|p2a: Volcarona|Quiver Dance|p2a: Volcarona
|-boost|p2a: Volcarona|spa|1
|-boost|p2a: Volcarona|spd|1
|-boost|p2a: Volcarona|spe|1
|move|p1a: Rillaboom|High Horsepower|p2b: Electabuzz
|-supereffective|p2b: Electabuzz
|-damage|p2b: Electabuzz|19/100
|
|-heal|p2b: Electabuzz|25/100|[from] Grassy Terrain
|upkeep
|turn|3
|inactive|is_katabo has 30 seconds left.
|
|t:|1755320690
|switch|p1a: Dondozo|Dondozo, L50, F|100/100
|move|p2b: Electabuzz|Protect|p2b: Electabuzz
|-singleturn|p2b: Electabuzz|Protect
|move|p2a: Volcarona|Quiver Dance|p2a: Volcarona
|-boost|p2a: Volcarona|spa|1
|-boost|p2a: Volcarona|spd|1
|-boost|p2a: Volcarona|spe|1
|move|p1b: Dragapult|Shadow Ball|p2a: Volcarona
|-damage|p2a: Volcarona|75/100
|-unboost|p2a: Volcarona|spd|1
|
|-heal|p2a: Volcarona|81/100|[from] Grassy Terrain
|-heal|p2b: Electabuzz|31/100|[from] Grassy Terrain
|upkeep
|turn|4
|inactive|leoscerni has 30 seconds left.
|inactive|is_katabo has 30 seconds left.
|inactive|leoscerni has 20 seconds left.
|inactive|leoscerni has 15 seconds left.
|inactive|leoscerni has 10 seconds left.
|
|t:|1755320737
|-terastallize|p1a: Dondozo|Flying
|move|p2a: Volcarona|Protect|p2a: Volcarona
|-singleturn|p2a: Volcarona|Protect
|move|p1b: Dragapult|Shadow Ball|p2b: Electabuzz
|-damage|p2b: Electabuzz|0 fnt
|faint|p2b: Electabuzz
|move|p1a: Dondozo|Yawn|p2a: Volcarona
|-activate|p2a: Volcarona|move: Protect
|
|-heal|p2a: Volcarona|87/100|[from] Grassy Terrain
|upkeep
|
|t:|1755320751
|switch|p2b: Rillaboom|Rillaboom, L50, M|100/100
|turn|5
|
|t:|1755320771
|move|p2b: Rillaboom|Fake Out|p1a: Dondozo
|-damage|p1a: Dondozo|93/100
|move|p2a: Volcarona|Quiver Dance|p2a: Volcarona
|-boost|p2a: Volcarona|spa|1
|-boost|p2a: Volcarona|spd|1
|-boost|p2a: Volcarona|spe|1
|move|p1b: Dragapult|Shadow Ball|p2a: Volcarona
|-damage|p2a: Volcarona|65/100
|cant|p1a: Dondozo|flinch
|
|-heal|p2a: Volcarona|71/100|[from] Grassy Terrain
|-heal|p1a: Dondozo|99/100|[from] item: Leftovers
|-fieldend|move: Grassy Terrain
|upkeep
|turn|6
|l| SupernovaSZ8
|
|t:|1755320796
|move|p2a: Volcarona|Heat Wave|p1a: Dondozo|[spread] p1a,p1b
|-resisted|p1b: Dragapult
|-damage|p1a: Dondozo|74/100
|-damage|p1b: Dragapult|41/100
|-status|p1a: Dondozo|brn
|move|p1b: Dragapult|Shadow Ball|p2a: Volcarona
|-damage|p2a: Volcarona|46/100
|-unboost|p2a: Volcarona|spd|1
|move|p2b: Rillaboom|Wood Hammer|p1a: Dondozo
|-resisted|p1a: Dondozo
|-damage|p1a: Dondozo|56/100 brn
|-damage|p2b: Rillaboom|94/100|[from] Recoil
|move|p1a: Dondozo|Yawn|p2a: Volcarona
|-start|p2a: Volcarona|move: Yawn|[of] p1a: Dondozo
|
|-heal|p1a: Dondozo|62/100 brn|[from] item: Leftovers
|-damage|p1a: Dondozo|56/100 brn|[from] brn
|upkeep
|turn|7
|inactive|is_katabo has 30 seconds left.
|inactive|is_katabo has 20 seconds left.
|inactive|is_katabo has 15 seconds left.
|
|t:|1755320838
|switch|p1b: Sneasler|Sneasler, L50, M|100/100
|switch|p2b: Primarina|Primarina, L50, M|100/100
|move|p2a: Volcarona|Giga Drain|p1b: Sneasler
|-resisted|p1b: Sneasler
|-damage|p1b: Sneasler|60/100
|-heal|p2a: Volcarona|63/100|[from] drain|[of] p1b: Sneasler
|move|p1a: Dondozo|Fissure|p2a: Volcarona|[miss]
|-miss|p1a: Dondozo|p2a: Volcarona
|
|-heal|p1a: Dondozo|62/100 brn|[from] item: Leftovers
|-damage|p1a: Dondozo|56/100 brn|[from] brn
|-end|p2a: Volcarona|move: Yawn|[silent]
|-status|p2a: Volcarona|slp
|upkeep
|turn|8
|inactive|leoscerni has 30 seconds left.
|inactive|is_katabo has 30 seconds left.
|
|t:|1755320873
|switch|p1b: Rillaboom|Rillaboom, L50, F|100/100
|-fieldstart|move: Grassy Terrain|[from] ability: Grassy Surge|[of] p1b: Rillaboom
|cant|p2a: Volcarona|slp
|move|p2b: Primarina|Hyper Voice|p1a: Dondozo|[spread] p1a,p1b
|-resisted|p1b: Rillaboom
|-damage|p1a: Dondozo|31/100 brn
|-damage|p1b: Rillaboom|89/100
|move|p1a: Dondozo|Fissure|p2a: Volcarona
|-damage|p2a: Volcarona|0 fnt
|faint|p2a: Volcarona
|-ohko
|
|-heal|p1b: Rillaboom|95/100|[from] Grassy Terrain
|-heal|p1a: Dondozo|38/100 brn|[from] item: Leftovers
|-damage|p1a: Dondozo|31/100 brn|[from] brn
|upkeep
|
|t:|1755320885
|switch|p2a: Rillaboom|Rillaboom, L50, M|94/100
|turn|9
|
|t:|1755320904
|-terastallize|p2b: Primarina|Poison
|move|p1b: Rillaboom|Fake Out|p2a: Rillaboom
|-damage|p2a: Rillaboom|82/100
|cant|p2a: Rillaboom|flinch
|move|p2b: Primarina|Hyper Voice|p1a: Dondozo|[spread] p1a,p1b
|-resisted|p1b: Rillaboom
|-damage|p1a: Dondozo|9/100 brn
|-damage|p1b: Rillaboom|84/100
|move|p1a: Dondozo|Yawn|p2b: Primarina
|-start|p2b: Primarina|move: Yawn|[of] p1a: Dondozo
|
|-heal|p1b: Rillaboom|90/100|[from] Grassy Terrain
|-heal|p2a: Rillaboom|88/100|[from] Grassy Terrain
|-heal|p1a: Dondozo|15/100 brn|[from] item: Leftovers
|-damage|p1a: Dondozo|9/100 brn|[from] brn
|upkeep
|turn|10
|inactive|leoscerni has 30 seconds left.
|inactive|leoscerni has 20 seconds left.
|
|t:|1755320939
|move|p1b: Rillaboom|High Horsepower|p2b: Primarina
|-supereffective|p2b: Primarina
|-damage|p2b: Primarina|42/100
|-enditem|p2b: Primarina|Sitrus Berry|[eat]
|-heal|p2b: Primarina|67/100|[from] item: Sitrus Berry
|move|p2a: Rillaboom|Wood Hammer|p1b: Rillaboom
|-resisted|p1b: Rillaboom
|-damage|p1b: Rillaboom|49/100
|-damage|p2a: Rillaboom|74/100|[from] Recoil
|move|p2b: Primarina|Moonblast|p1b: Rillaboom
|-damage|p1b: Rillaboom|17/100
|move|p1a: Dondozo|Yawn|p2a: Rillaboom
|-start|p2a: Rillaboom|move: Yawn|[of] p1a: Dondozo
|
|-heal|p1b: Rillaboom|23/100|[from] Grassy Terrain
|-heal|p2a: Rillaboom|80/100|[from] Grassy Terrain
|-heal|p2b: Primarina|73/100|[from] Grassy Terrain
|-heal|p1a: Dondozo|15/100 brn|[from] item: Leftovers
|-damage|p1a: Dondozo|9/100 brn|[from] brn
|-end|p2b: Primarina|move: Yawn|[silent]
|-status|p2b: Primarina|slp
|upkeep
|turn|11
|inactive|leoscerni has 30 seconds left.
|
|t:|1755320971
|move|p1b: Rillaboom|High Horsepower|p2b: Primarina
|-supereffective|p2b: Primarina
|-damage|p2b: Primarina|14/100 slp
|move|p2a: Rillaboom|High Horsepower|p1b: Rillaboom
|-resisted|p1b: Rillaboom
|-damage|p1b: Rillaboom|7/100
|cant|p2b: Primarina|slp
|move|p1a: Dondozo|Fissure|p2a: Rillaboom
|-damage|p2a: Rillaboom|0 fnt
|faint|p2a: Rillaboom
|-ohko
|
|-heal|p1b: Rillaboom|13/100|[from] Grassy Terrain
|-heal|p2b: Primarina|20/100 slp|[from] Grassy Terrain
|-heal|p1a: Dondozo|15/100 brn|[from] item: Leftovers
|-damage|p1a: Dondozo|9/100 brn|[from] brn
|upkeep
|turn|12
|-message|leoscerni forfeited.
|raw|is_katabo's rating: 1205 → 1237(+32 for winning)
|raw|leoscerni's rating: 1299 → 1267(-32 for losing)
|
|win|is_katabo
|l|☆leoscerni
|player|p2|
