|j|☆DeditoALaPanchita
|j|☆Stereofloveeee
|html|DeditoALaPanchitaStereofloveeee    
|uhtml|bestof|Game 1 of a best-of-3
|t:|1786038659
|gametype|doubles
|player|p1|DeditoALaPanchita|striker|1044
|player|p2|Stereofloveeee|102|1121
|gen|9
|tier|[Gen 9 Champions] VGC 2026 Reg M-B (Bo3)
|rated|
|rule|Species Clause: Limit one of each Pokémon
|rule|Item Clause: Limit 1 of each item
|clearpoke
|poke|p1|Floette-Eternal, L50, F|
|poke|p1|Incineroar, L50, M, shiny|
|poke|p1|Sinistcha-Masterpiece, L50, shiny|
|poke|p1|Milotic, L50, F|
|poke|p1|Raichu, L50, M|
|poke|p1|Ceruledge, L50, F|
|poke|p2|Excadrill, L50, M|
|poke|p2|Tyranitar, L50, M, shiny|
|poke|p2|Sinistcha, L50|
|poke|p2|Milotic, L50, F, shiny|
|poke|p2|Gholdengo, L50|
|poke|p2|Staraptor, L50, M, shiny|
|teampreview|4
|showteam|p1|Floette-Eternal||Floettite|FlowerVeil|Moonblast,DazzlingGleam,CalmMind,Protect|Modest||F|||50|]Incineroar||SitrusBerry|Intimidate|FakeOut,PartingShot,ThroatChop,FlareBlitz|Careful||M|||50|]Sinistcha-Masterpiece||KasibBerry|Hospitality|MatchaGotcha,LifeDew,RagePowder,TrickRoom|Bold|||||50|]Milotic||Leftovers|MarvelScale|MuddyWater,Coil,Hypnosis,Recover|Calm||F|||50|]Raichu||RaichuniteY|Static|FakeOut,ZapCannon,FocusBlast,Protect|Timid||M|||50|]Ceruledge||ColburBerry|FlashFire|BitterBlade,ShadowSneak,BulkUp,Protect|Adamant||F|||50|
|showteam|p2|Excadrill||FocusSash|SandRush|HighHorsepower,Protect,RockSlide,IronHead|Adamant||M|||50|]Tyranitar||Tyranitarite|SandStream|RockSlide,KnockOff,Protect,LowKick|Adamant||M|||50|]Sinistcha||SitrusBerry|Hospitality|MatchaGotcha,LifeDew,RagePowder,ShadowBall|Modest|||||50|]Milotic||Leftovers|Competitive|Scald,IceBeam,IcyWind,Protect|Quiet||F|||50|]Gholdengo||LifeOrb|GoodasGold|MakeItRain,NastyPlot,ShadowBall,Protect|Timid|||||50|]Staraptor||Staraptite|Intimidate|BraveBird,CloseCombat,Tailwind,Protect|Jolly||M|||50|
|inactive|Battle timer is ON: inactive players will automatically lose when time's up. (requested by Stereofloveeee)
|inactive|DeditoALaPanchita has 60 seconds left.
|inactive|DeditoALaPanchita has 30 seconds left.
|inactive|DeditoALaPanchita has 20 seconds left.
|inactive|DeditoALaPanchita has 15 seconds left.
|inactive|DeditoALaPanchita has 10 seconds left.
|inactive|DeditoALaPanchita has 5 seconds left.
|
|t:|1786038790
|teamsize|p1|4
|teamsize|p2|4
|start
|switch|p1a: Friends Take|Incineroar, L50, M, shiny|100/100
|switch|p1b: DON JULIO|Sinistcha-Masterpiece, L50, shiny|100/100
|switch|p2a: Sinistcha|Sinistcha, L50|100/100
|switch|p2b: Milotic|Milotic, L50, F, shiny|100/100
|-ability|p1a: Friends Take|Intimidate|boost
|-unboost|p2a: Sinistcha|atk|1
|-unboost|p2b: Milotic|atk|1
|-ability|p2b: Milotic|Competitive|boost
|-boost|p2b: Milotic|spa|2
|turn|1
|inactive|Stereofloveeee has 30 seconds left.
|inactive|Stereofloveeee has 20 seconds left.
|inactive|Stereofloveeee has 15 seconds left.
|
|t:|1786038832
|move|p1a: Friends Take|Fake Out|p2b: Milotic
|-damage|p2b: Milotic|88/100
|cant|p2b: Milotic|flinch
|move|p2a: Sinistcha|Shadow Ball|p1b: DON JULIO
|-supereffective|p1b: DON JULIO|1
|-enditem|p1b: DON JULIO|Kasib Berry|[eat]
|-enditem|p1b: DON JULIO|Kasib Berry|[weaken]
|-damage|p1b: DON JULIO|61/100
|move|p1b: DON JULIO|Matcha Gotcha|p2b: Milotic|[spread] p2a,p2b
|-resisted|p2a: Sinistcha|1
|-crit|p2a: Sinistcha
|-supereffective|p2b: Milotic|1
|-crit|p2b: Milotic
|-damage|p2a: Sinistcha|82/100
|-heal|p1b: DON JULIO|70/100|[from] drain|[of] p2a: Sinistcha
|-damage|p2b: Milotic|36/100
|-heal|p1b: DON JULIO|100/100|[from] drain|[of] p2b: Milotic
|
|-heal|p2b: Milotic|42/100|[from] item: Leftovers
|upkeep
|turn|2
|inactive|Stereofloveeee has 30 seconds left.
|
|t:|1786038859
|move|p2b: Milotic|Protect|p2b: Milotic
|-singleturn|p2b: Milotic|Protect
|move|p1a: Friends Take|Flare Blitz|p2a: Sinistcha
|-supereffective|p2a: Sinistcha|1
|-damage|p2a: Sinistcha|0 fnt
|faint|p2a: Sinistcha
|-damage|p1a: Friends Take|78/100|[from] Recoil
|move|p1b: DON JULIO|Matcha Gotcha|p2b: Milotic
|-activate|p2b: Milotic|move: Protect
|
|-heal|p2b: Milotic|48/100|[from] item: Leftovers
|upkeep
|
|t:|1786038869
|switch|p2a: Excadrill|Excadrill, L50, M|100/100
|turn|3
|
|t:|1786038876
|move|p2a: Excadrill|Protect|p2a: Excadrill
|-singleturn|p2a: Excadrill|Protect
|move|p1a: Friends Take|Parting Shot|p2a: Excadrill
|-activate|p2a: Excadrill|move: Protect
|move|p2b: Milotic|Ice Beam|p1b: DON JULIO
|-supereffective|p1b: DON JULIO|1
|-damage|p1b: DON JULIO|0 fnt
|faint|p1b: DON JULIO
|
|-heal|p2b: Milotic|54/100|[from] item: Leftovers
|upkeep
|
|t:|1786038883
|switch|p1b: Felicidad|Floette-Eternal, L50, F|100/100
|turn|4
|
|t:|1786038900
|detailschange|p1b: Felicidad|Floette-Mega, L50, F
|-mega|p1b: Felicidad|Floette|Floettite
|-ability|p1b: Felicidad|Fairy Aura
|move|p2a: Excadrill|Iron Head|p1b: Felicidad
|-supereffective|p1b: Felicidad|1
|-damage|p1b: Felicidad|16/100
|move|p1b: Felicidad|Moonblast|p2b: Milotic
|-damage|p2b: Milotic|2/100
|move|p1a: Friends Take|Parting Shot|p2a: Excadrill
|-unboost|p2a: Excadrill|atk|1
|-unboost|p2a: Excadrill|spa|1
|
|t:|1786038911
|switch|p1a: Milotic|Milotic, L50, F|100/100|[from] Parting Shot
|move|p2b: Milotic|Scald|p1a: Milotic
|-resisted|p1a: Milotic|1
|-damage|p1a: Milotic|75/100
|-status|p1a: Milotic|brn
|
|-heal|p1a: Milotic|81/100 brn|[from] item: Leftovers
|-heal|p2b: Milotic|8/100|[from] item: Leftovers
|-damage|p1a: Milotic|75/100 brn|[from] brn
|upkeep
|turn|5
|inactive|Stereofloveeee has 30 seconds left.
|inactive|Stereofloveeee has 20 seconds left.
|inactive|Stereofloveeee has 15 seconds left.
|inactive|Stereofloveeee has 10 seconds left.
|
|t:|1786038958
|move|p2a: Excadrill|Protect|p2a: Excadrill
|-singleturn|p2a: Excadrill|Protect
|move|p1b: Felicidad|Protect|p1b: Felicidad
|-singleturn|p1b: Felicidad|Protect
|move|p1a: Milotic|Muddy Water|p2b: Milotic|[spread] 
|-activate|p2a: Excadrill|move: Protect
|-miss|p1a: Milotic|p2b: Milotic
|move|p2b: Milotic|Scald|p1b: Felicidad
|-activate|p1b: Felicidad|move: Protect
|
|-heal|p1a: Milotic|81/100 brn|[from] item: Leftovers
|-heal|p2b: Milotic|14/100|[from] item: Leftovers
|-damage|p1a: Milotic|75/100 brn|[from] brn
|upkeep
|turn|6
|inactive|Stereofloveeee has 30 seconds left.
|
|t:|1786038985
|switch|p2a: Gholdengo|Gholdengo, L50|100/100
|switch|p1b: Friends Take|Incineroar, L50, M, shiny|78/100
|-ability|p1b: Friends Take|Intimidate|boost
|-unboost|p2a: Gholdengo|atk|1
|-unboost|p2b: Milotic|atk|1
|-ability|p2b: Milotic|Competitive|boost
|-boost|p2b: Milotic|spa|2
|move|p1a: Milotic|Muddy Water|p2a: Gholdengo|[spread] p2b
|-miss|p1a: Milotic|p2a: Gholdengo
|-resisted|p2b: Milotic|1
|-damage|p2b: Milotic|5/100
|move|p2b: Milotic|Scald|p1b: Friends Take
|-supereffective|p1b: Friends Take|1
|-damage|p1b: Friends Take|0 fnt
|faint|p1b: Friends Take
|
|-heal|p1a: Milotic|81/100 brn|[from] item: Leftovers
|-heal|p2b: Milotic|11/100|[from] item: Leftovers
|-damage|p1a: Milotic|75/100 brn|[from] brn
|upkeep
|
|t:|1786038992
|switch|p1b: Felicidad|Floette-Mega, L50, F|16/100
|-ability|p1b: Felicidad|Fairy Aura
|turn|7
|
|t:|1786039008
|move|p2a: Gholdengo|Protect|p2a: Gholdengo
|-singleturn|p2a: Gholdengo|Protect
|move|p1b: Felicidad|Protect|p1b: Felicidad
|-singleturn|p1b: Felicidad|Protect
|move|p1a: Milotic|Coil|p1a: Milotic
|-boost|p1a: Milotic|atk|1
|-boost|p1a: Milotic|def|1
|-boost|p1a: Milotic|accuracy|1
|move|p2b: Milotic|Scald|p1a: Milotic
|-resisted|p1a: Milotic|1
|-damage|p1a: Milotic|36/100 brn
|
|-heal|p1a: Milotic|42/100 brn|[from] item: Leftovers
|-heal|p2b: Milotic|17/100|[from] item: Leftovers
|-damage|p1a: Milotic|36/100 brn|[from] brn
|upkeep
|turn|8
|
|t:|1786039031
|move|p1b: Felicidad|Protect||[still]
|-fail|p1b: Felicidad
|move|p2a: Gholdengo|Make It Rain|p1a: Milotic|[spread] p1a,p1b
|-resisted|p1a: Milotic|1
|-supereffective|p1b: Felicidad|1
|-damage|p1a: Milotic|15/100 brn
|-damage|p1b: Felicidad|0 fnt
|-unboost|p2a: Gholdengo|spa|2
|faint|p1b: Felicidad
|-damage|p2a: Gholdengo|90/100|[from] item: Life Orb
|move|p1a: Milotic|Hypnosis|p2b: Milotic
|-status|p2b: Milotic|slp|[from] move: Hypnosis
|cant|p2b: Milotic|slp
|
|-heal|p1a: Milotic|21/100 brn|[from] item: Leftovers
|-heal|p2b: Milotic|23/100 slp|[from] item: Leftovers
|-damage|p1a: Milotic|15/100 brn|[from] brn
|upkeep
|turn|9
|-message|DeditoALaPanchita forfeited.
|
|win|Stereofloveeee
||DeditoALaPanchita is ready for game 2.
||Stereofloveeee is ready for game 2.
|uhtml|next|Next: Game 2 of 3
