|j|☆GoshDaKirby
|j|☆itmaybetime
|html|GoshDaKirbyitmaybetime    
|uhtml|bestof|Game 2 of a best-of-3
|t:|1782254174
|gametype|doubles
|player|p1|GoshDaKirby|102|1027
|player|p2|itmaybetime|101|1000
|gen|9
|tier|[Gen 9 Champions] VGC 2026 Reg M-B (Bo3)
|rated|
|rule|Species Clause: Limit one of each Pokémon
|rule|Item Clause: Limit 1 of each item
|clearpoke
|poke|p1|Aegislash, L50, M, shiny|
|poke|p1|Whimsicott, L50, F, shiny|
|poke|p1|Annihilape, L50, M, shiny|
|poke|p1|Ceruledge, L50, M, shiny|
|poke|p1|Staraptor, L50, M, shiny|
|poke|p1|Serperior, L50, M, shiny|
|poke|p2|Gholdengo, L50|
|poke|p2|Incineroar, L50, M|
|poke|p2|Garchomp, L50, M|
|poke|p2|Charizard, L50, M|
|poke|p2|Basculegion, L50, M|
|poke|p2|Whimsicott, L50, F|
|teampreview|4
|showteam|p1|Aegislash||Leftovers|StanceChange|KingsShield,Poltergeist,SwordsDance,GyroBall|Brave||M|||50|]Whimsicott||FocusSash|Prankster|Tailwind,Charm,WorrySeed,Memento|Sassy||F|||50|]Annihilape||ShellBell|Defiant|RageFist,CrossChop,Rest,SleepTalk|Adamant||M|||50|]Ceruledge||BigRoot|WeakArmor|BitterBlade,Poltergeist,SwordsDance,DestinyBond|Adamant||M|||50|]Staraptor||Staraptite|Intimidate|CloseCombat,BraveBird,Roost,DoubleEdge|Adamant||M|||50|]Serperior||MiracleSeed|Contrary|Synthesis,LeafStorm,GigaDrain,DragonPulse|Modest||M|||50|
|showteam|p2|Gholdengo||SpellTag|GoodasGold|MakeItRain,ShadowBall,NastyPlot,Protect|Modest|||||50|]Incineroar||SitrusBerry|Intimidate|PartingShot,FlareBlitz,ThroatChop,FakeOut|Impish||M|||50|]Garchomp||LifeOrb|RoughSkin|Earthquake,DragonClaw,RockSlide,Protect|Jolly||M|||50|]Charizard||CharizarditeY|Blaze|HeatWave,SolarBeam,WeatherBall,Protect|Modest||M|||50|]Basculegion||ChoiceScarf|Adaptability|WaveCrash,LastRespects,AquaJet,FlipTurn|Jolly||M|||50|]Whimsicott||FocusSash|Prankster|Tailwind,Encore,Moonblast,Protect|Timid||F|||50|
|
|t:|1782254207
|teamsize|p1|4
|teamsize|p2|4
|start
|switch|p1a: Staraptor|Staraptor, L50, M, shiny|100/100
|switch|p1b: Whimsicott|Whimsicott, L50, F, shiny|100/100
|switch|p2a: Incineroar|Incineroar, L50, M|100/100
|switch|p2b: Charizard|Charizard, L50, M|100/100
|-ability|p1a: Staraptor|Intimidate|boost
|-unboost|p2a: Incineroar|atk|1
|-unboost|p2b: Charizard|atk|1
|-ability|p2a: Incineroar|Intimidate|boost
|-unboost|p1a: Staraptor|atk|1
|-unboost|p1b: Whimsicott|atk|1
|turn|1
|inactive|Battle timer is ON: inactive players will automatically lose when time's up. (requested by GoshDaKirby)
|
|t:|1782254245
|detailschange|p1a: Staraptor|Staraptor-Mega, L50, M, shiny
|-mega|p1a: Staraptor|Staraptor|Staraptite
|detailschange|p2b: Charizard|Charizard-Mega-Y, L50, M
|-mega|p2b: Charizard|Charizard|Charizardite Y
|-weather|SunnyDay|[from] ability: Drought|[of] p2b: Charizard
|move|p2a: Incineroar|Fake Out|p1b: Whimsicott
|-damage|p1b: Whimsicott|91/100
|cant|p1b: Whimsicott|flinch
|move|p1a: Staraptor|Close Combat|p2a: Incineroar
|-supereffective|p2a: Incineroar|1
|-damage|p2a: Incineroar|28/100
|-boost|p1a: Staraptor|def|1
|-boost|p1a: Staraptor|spd|1
|-enditem|p2a: Incineroar|Sitrus Berry|[eat]
|-heal|p2a: Incineroar|53/100|[from] item: Sitrus Berry
|move|p2b: Charizard|Heat Wave|p1a: Staraptor|[spread] p1a
|-miss|p2b: Charizard|p1b: Whimsicott
|-damage|p1a: Staraptor|50/100y
|
|-weather|SunnyDay|[upkeep]
|upkeep
|turn|2
|inactive|GoshDaKirby has 30 seconds left.
|
|t:|1782254271
|switch|p2a: Garchomp|Garchomp, L50, M|100/100
|move|p1b: Whimsicott|Charm|p1a: Staraptor
|-boost|p1a: Staraptor|atk|2
|move|p1a: Staraptor|Close Combat|p2a: Garchomp
|-damage|p2a: Garchomp|0 fnt
|-boost|p1a: Staraptor|def|1
|-boost|p1a: Staraptor|spd|1
|-damage|p1a: Staraptor|37/100|[from] ability: Rough Skin|[of] p2a: Garchomp
|faint|p2a: Garchomp
|move|p2b: Charizard|Heat Wave|p1b: Whimsicott|[spread] p1a,p1b
|-supereffective|p1b: Whimsicott|1
|-damage|p1a: Staraptor|0 fnt
|-damage|p1b: Whimsicott|0 fnt
|faint|p1a: Staraptor
|faint|p1b: Whimsicott
|
|-weather|SunnyDay|[upkeep]
|upkeep
|
|t:|1782254291
|switch|p2a: Incineroar|Incineroar, L50, M|53/100
|switch|p1a: Ceruledge|Ceruledge, L50, M, shiny|100/100
|switch|p1b: Annihilape|Annihilape, L50, M, shiny|100/100
|-ability|p2a: Incineroar|Intimidate|boost
|-unboost|p1a: Ceruledge|atk|1
|-unboost|p1b: Annihilape|atk|1
|-ability|p1b: Annihilape|Defiant|boost
|-boost|p1b: Annihilape|atk|2
|turn|3
|inactive|itmaybetime has 30 seconds left.
|
|t:|1782254322
|move|p1b: Annihilape|Cross Chop|p2a: Incineroar
|-supereffective|p2a: Incineroar|1
|-damage|p2a: Incineroar|0 fnt
|faint|p2a: Incineroar
|move|p2b: Charizard|Weather Ball|p1b: Annihilape
|-damage|p1b: Annihilape|8/100
|move|p1a: Ceruledge|Swords Dance|p1a: Ceruledge
|-boost|p1a: Ceruledge|atk|2
|
|-weather|SunnyDay|[upkeep]
|upkeep
|
|t:|1782254332
|switch|p2a: Whimsicott|Whimsicott, L50, F|100/100
|turn|4
|
|t:|1782254346
|move|p2a: Whimsicott|Encore|p1a: Ceruledge
|-start|p1a: Ceruledge|Encore
|move|p1b: Annihilape|Rest|p1b: Annihilape
|-status|p1b: Annihilape|slp|[from] move: Rest
|-heal|p1b: Annihilape|100/100 slp|[silent]
|move|p2b: Charizard|Weather Ball|p1b: Annihilape
|-damage|p1b: Annihilape|12/100 slp
|move|p1a: Ceruledge|Swords Dance|p1a: Ceruledge
|-boost|p1a: Ceruledge|atk|2
|
|-weather|SunnyDay|[upkeep]
|upkeep
|turn|5
|
|t:|1782254363
|move|p2a: Whimsicott|Moonblast|p1a: Ceruledge
|-resisted|p1a: Ceruledge|1
|-damage|p1a: Ceruledge|78/100
|-unboost|p1a: Ceruledge|spa|1
|cant|p1b: Annihilape|slp
|move|p1b: Annihilape|Sleep Talk|p1b: Annihilape
|move|p1b: Annihilape|Rage Fist|p2b: Charizard|[from] move: Sleep Talk
|-damage|p2b: Charizard|0 fnt
|faint|p2b: Charizard
|-heal|p1b: Annihilape|24/100 slp|[from] item: Shell Bell|[of] p2: Charizard
|move|p1a: Ceruledge|Swords Dance|p1a: Ceruledge
|-boost|p1a: Ceruledge|atk|2
|
|-weather|none
|upkeep
|turn|6
|inactive|itmaybetime has 30 seconds left.
|inactive|itmaybetime has 20 seconds left.
|inactive|itmaybetime has 15 seconds left.
|inactive|itmaybetime has 10 seconds left.
|inactive|itmaybetime has 5 seconds left.
|
|t:|1782254418
|move|p2a: Whimsicott|Tailwind|p2a: Whimsicott
|-sidestart|p2: itmaybetime|move: Tailwind
|cant|p1b: Annihilape|slp
|move|p1b: Annihilape|Sleep Talk|p1b: Annihilape
|move|p1b: Annihilape|Rage Fist|p2a: Whimsicott|[from] move: Sleep Talk
|-enditem|p2a: Whimsicott|Focus Sash
|-damage|p2a: Whimsicott|1/100
|-heal|p1b: Annihilape|33/100 slp|[from] item: Shell Bell|[of] p2a: Whimsicott
|move|p1a: Ceruledge|Swords Dance|p1a: Ceruledge
|-boost|p1a: Ceruledge|atk|1
|
|-end|p1a: Ceruledge|Encore
|upkeep
|turn|7
|inactive|GoshDaKirby has 30 seconds left.
|
|t:|1782254445
|move|p2a: Whimsicott|Moonblast|p1b: Annihilape
|-supereffective|p1b: Annihilape|1
|-damage|p1b: Annihilape|0 fnt
|faint|p1b: Annihilape
|move|p1a: Ceruledge|Bitter Blade|p2a: Whimsicott
|-supereffective|p2a: Whimsicott|1
|-damage|p2a: Whimsicott|0 fnt
|-heal|p1a: Ceruledge|78/100|[from] drain|[of] p2a: Whimsicott
|faint|p2a: Whimsicott
|
|win|GoshDaKirby
