|j|☆lolgz
|j|☆Mr James Freak
|html|lolgzMr James Freak    
|uhtml|bestof|Game 2 of a best-of-3
|t:|1782344476
|gametype|doubles
|player|p1|lolgz|dawn|1236
|player|p2|Mr James Freak|scientist|1252
|gen|9
|tier|[Gen 9 Champions] VGC 2026 Reg M-B (Bo3)
|rated|
|rule|Species Clause: Limit one of each Pokémon
|rule|Item Clause: Limit 1 of each item
|clearpoke
|poke|p1|Torkoal, L50, M|
|poke|p1|Vileplume, L50, M|
|poke|p1|Farigiraf, L50, M|
|poke|p1|Scrafty, L50, M|
|poke|p1|Gallade, L50, M|
|poke|p1|Mawile, L50, M|
|poke|p2|Tyranitar, L50, M, shiny|
|poke|p2|Metagross, L50, shiny|
|poke|p2|Sinistcha-Masterpiece, L50|
|poke|p2|Rotom-Wash, L50, shiny|
|poke|p2|Garchomp, L50, F, shiny|
|poke|p2|Incineroar, L50, F, shiny|
|teampreview|4
|showteam|p1|Torkoal||Charcoal|Drought|Eruption,WeatherBall,EarthPower,Protect|Quiet||M|||50|]Vileplume||FocusSash|Chlorophyll|EnergyBall,SludgeBomb,SleepPowder,AfterYou|Timid||M|||50|]Farigiraf||SitrusBerry|ArmorTail|TrickRoom,Protect,Psychic,HelpingHand|Bold||M|||50|]Scrafty||Scraftinite|Intimidate|CloseCombat,KnockOff,FakeOut,RockSlide|Brave||M|||50|]Gallade||IronBall|Sharpness|SacredSword,PsychoCut,WideGuard,TrickRoom|Brave||M|||50|]Mawile||Mawilite|HyperCutter|SuckerPunch,PlayRough,SwordsDance,Protect|Brave||M|||50|
|showteam|p2|Tyranitar||Tyranitarite|SandStream|RockSlide,KnockOff,DragonDance,Protect|Adamant||M|||50|]Metagross||Metagrossite|ClearBody|IronHead,PsychicFangs,BodyPress,Protect|Jolly|||||50|]Sinistcha-Masterpiece||SitrusBerry|Hospitality|MatchaGotcha,RagePowder,LifeDew,Protect|Bold|||||50|]Rotom-Wash||Leftovers|Levitate|Electroweb,HydroPump,WillOWisp,Protect|Calm|||||50|]Garchomp||LifeOrb|RoughSkin|Earthquake,RockSlide,ScaleShot,Protect|Jolly||F|||50|]Incineroar||PasshoBerry|Intimidate|FakeOut,PartingShot,FlareBlitz,ThroatChop|Adamant||F|||50|
|inactive|Battle timer is ON: inactive players will automatically lose when time's up. (requested by lolgz)
|
|t:|1782344501
|teamsize|p1|4
|teamsize|p2|4
|start
|switch|p1a: Farigiraf|Farigiraf, L50, M|100/100
|switch|p1b: Scrafty|Scrafty, L50, M|100/100
|switch|p2a: Garchomp|Garchomp, L50, F, shiny|100/100
|switch|p2b: Incineroar|Incineroar, L50, F, shiny|100/100
|-ability|p2b: Incineroar|Intimidate|boost
|-unboost|p1a: Farigiraf|atk|1
|-unboost|p1b: Scrafty|atk|1
|-ability|p1b: Scrafty|Intimidate|boost
|-unboost|p2a: Garchomp|atk|1
|-unboost|p2b: Incineroar|atk|1
|turn|1
|
|t:|1782344513
|detailschange|p1b: Scrafty|Scrafty-Mega, L50, M
|-mega|p1b: Scrafty|Scrafty|Scraftinite
|-ability|p1b: Scrafty|Intimidate|boost
|-unboost|p2a: Garchomp|atk|1
|-unboost|p2b: Incineroar|atk|1
|move|p1b: Scrafty|Fake Out|p2a: Garchomp
|-damage|p2a: Garchomp|90/100
|-damage|p1b: Scrafty|87/100|[from] ability: Rough Skin|[of] p2a: Garchomp
|cant|p2a: Garchomp|flinch
|move|p2b: Incineroar|Throat Chop|p1a: Farigiraf
|-supereffective|p1a: Farigiraf|1
|-damage|p1a: Farigiraf|67/100
|-start|p1a: Farigiraf|Throat Chop|[silent]
|move|p1a: Farigiraf|Trick Room|p1a: Farigiraf
|-fieldstart|move: Trick Room|[of] p1a: Farigiraf
|
|upkeep
|turn|2
|
|t:|1782344538
|switch|p1a: Gallade|Gallade, L50, M|100/100
|move|p2a: Garchomp|Protect|p2a: Garchomp
|-singleturn|p2a: Garchomp|Protect
|move|p1b: Scrafty|Close Combat|p2b: Incineroar
|-supereffective|p2b: Incineroar|1
|-damage|p2b: Incineroar|16/100
|-unboost|p1b: Scrafty|def|1
|-unboost|p1b: Scrafty|spd|1
|move|p2b: Incineroar|Parting Shot|p1b: Scrafty
|-unboost|p1b: Scrafty|atk|1
|-unboost|p1b: Scrafty|spa|1
|
|t:|1782344548
|switch|p2b: Sinistcha|Sinistcha-Masterpiece, L50|100/100|[from] Parting Shot
|-heal|p2a: Garchomp|100/100|[from] ability: Hospitality|[of] p2b: Sinistcha
|
|upkeep
|turn|3
|
|t:|1782344553
|switch|p2a: Incineroar|Incineroar, L50, F, shiny|16/100
|-ability|p2a: Incineroar|Intimidate|boost
|-unboost|p1a: Gallade|atk|1
|-unboost|p1b: Scrafty|atk|1
|move|p1a: Gallade|Psycho Cut|p2b: Sinistcha
|-damage|p2b: Sinistcha|65/100
|move|p1b: Scrafty|Knock Off|p2b: Sinistcha
|-supereffective|p2b: Sinistcha|1
|-damage|p2b: Sinistcha|30/100
|-enditem|p2b: Sinistcha|Sitrus Berry|[from] move: Knock Off|[of] p1b: Scrafty
|move|p2b: Sinistcha|Matcha Gotcha|p1b: Scrafty|[spread] p1a,p1b
|-damage|p1a: Gallade|78/100
|-heal|p2b: Sinistcha|41/100|[from] drain|[of] p1a: Gallade
|-damage|p1b: Scrafty|58/100
|-heal|p2b: Sinistcha|56/100|[from] drain|[of] p1b: Scrafty
|
|upkeep
|turn|4
|
|t:|1782344576
|switch|p1b: Torkoal|Torkoal, L50, M|100/100
|-weather|SunnyDay|[from] ability: Drought|[of] p1b: Torkoal
|switch|p2a: Garchomp|Garchomp, L50, F, shiny|100/100
|move|p2b: Sinistcha|Protect|p2b: Sinistcha
|-singleturn|p2b: Sinistcha|Protect
|move|p1a: Gallade|Sacred Sword|p2a: Garchomp
|-damage|p2a: Garchomp|55/100
|-damage|p1a: Gallade|66/100|[from] ability: Rough Skin|[of] p2a: Garchomp
|
|-weather|SunnyDay|[upkeep]
|upkeep
|turn|5
|
|t:|1782344590
|switch|p1a: Farigiraf|Farigiraf, L50, M|67/100
|switch|p2b: Incineroar|Incineroar, L50, F, shiny|16/100
|-ability|p2b: Incineroar|Intimidate|boost
|-unboost|p1a: Farigiraf|atk|1
|-unboost|p1b: Torkoal|atk|1
|move|p2a: Garchomp|Protect|p2a: Garchomp
|-singleturn|p2a: Garchomp|Protect
|move|p1b: Torkoal|Eruption|p2a: Garchomp|[spread] p2b
|-activate|p2a: Garchomp|move: Protect
|-resisted|p2b: Incineroar|1
|-damage|p2b: Incineroar|0 fnt
|faint|p2b: Incineroar
|
|-weather|SunnyDay|[upkeep]
|-fieldend|move: Trick Room
|upkeep
|
|t:|1782344603
|switch|p2b: Tyranitar|Tyranitar, L50, M, shiny|100/100
|-weather|Sandstorm|[from] ability: Sand Stream|[of] p2b: Tyranitar
|turn|6
|
|t:|1782344610
|switch|p1b: Scrafty|Scrafty-Mega, L50, M|58/100
|-ability|p1b: Scrafty|Intimidate|boost
|-unboost|p2a: Garchomp|atk|1
|-unboost|p2b: Tyranitar|atk|1
|detailschange|p2b: Tyranitar|Tyranitar-Mega, L50, M, shiny
|-mega|p2b: Tyranitar|Tyranitar|Tyranitarite
|move|p1a: Farigiraf|Protect|p1a: Farigiraf
|-singleturn|p1a: Farigiraf|Protect
|move|p2a: Garchomp|Rock Slide|p1b: Scrafty|[spread] p1b
|-activate|p1a: Farigiraf|move: Protect
|-resisted|p1b: Scrafty|1
|-damage|p1b: Scrafty|52/100
|-damage|p2a: Garchomp|45/100|[from] item: Life Orb
|move|p2b: Tyranitar|Knock Off|p1a: Farigiraf
|-activate|p1a: Farigiraf|move: Protect
|
|-weather|Sandstorm|[upkeep]
|-damage|p1a: Farigiraf|61/100|[from] Sandstorm
|-damage|p1b: Scrafty|46/100|[from] Sandstorm
|upkeep
|turn|7
|
|t:|1782344620
|move|p1b: Scrafty|Fake Out|p2b: Tyranitar
|-resisted|p2b: Tyranitar|1
|-damage|p2b: Tyranitar|94/100
|move|p2a: Garchomp|Rock Slide|p1b: Scrafty|[spread] p1a,p1b
|-resisted|p1b: Scrafty|1
|-damage|p1a: Farigiraf|48/100
|-damage|p1b: Scrafty|41/100
|-enditem|p1a: Farigiraf|Sitrus Berry|[eat]
|-heal|p1a: Farigiraf|73/100|[from] item: Sitrus Berry
|-damage|p2a: Garchomp|35/100|[from] item: Life Orb
|cant|p2b: Tyranitar|flinch
|cant|p1a: Farigiraf|flinch
|
|-weather|Sandstorm|[upkeep]
|-damage|p1a: Farigiraf|66/100|[from] Sandstorm
|-damage|p1b: Scrafty|35/100|[from] Sandstorm
|upkeep
|turn|8
|
|t:|1782344629
|move|p1a: Farigiraf|Protect|p1a: Farigiraf
|-singleturn|p1a: Farigiraf|Protect
|move|p2a: Garchomp|Scale Shot|p1b: Scrafty
|-damage|p1b: Scrafty|25/100
|-damage|p1b: Scrafty|18/100
|-hitcount|p1b: Scrafty|2
|-unboost|p2a: Garchomp|def|1
|-boost|p2a: Garchomp|spe|1
|-damage|p2a: Garchomp|26/100|[from] item: Life Orb
|move|p2b: Tyranitar|Knock Off|p1a: Farigiraf
|-activate|p1a: Farigiraf|move: Protect
|move|p1b: Scrafty|Close Combat|p2b: Tyranitar
|-supereffective|p2b: Tyranitar|2
|-damage|p2b: Tyranitar|0 fnt
|-unboost|p1b: Scrafty|def|1
|-unboost|p1b: Scrafty|spd|1
|faint|p2b: Tyranitar
|
|-weather|Sandstorm|[upkeep]
|-damage|p1a: Farigiraf|60/100|[from] Sandstorm
|-damage|p1b: Scrafty|12/100|[from] Sandstorm
|upkeep
|
|t:|1782344636
|switch|p2b: Sinistcha|Sinistcha-Masterpiece, L50|56/100
|-heal|p2a: Garchomp|50/100g|[from] ability: Hospitality|[of] p2b: Sinistcha
|turn|9
|
|t:|1782344640
|switch|p1b: Gallade|Gallade, L50, M|66/100
|move|p2a: Garchomp|Rock Slide|p1b: Gallade|[spread] p1a,p1b
|-resisted|p1b: Gallade|1
|-damage|p1a: Farigiraf|48/100
|-damage|p1b: Gallade|56/100
|-damage|p2a: Garchomp|41/100|[from] item: Life Orb
|move|p2b: Sinistcha|Matcha Gotcha|p1a: Farigiraf|[spread] p1a,p1b
|-damage|p1a: Farigiraf|26/100
|-heal|p2b: Sinistcha|70/100|[from] drain|[of] p1a: Farigiraf
|-damage|p1b: Gallade|35/100
|-heal|p2b: Sinistcha|81/100|[from] drain|[of] p1b: Gallade
|-status|p1b: Gallade|brn
|move|p1a: Farigiraf|Trick Room|p1a: Farigiraf
|-fieldstart|move: Trick Room|[of] p1a: Farigiraf
|
|-weather|Sandstorm|[upkeep]
|-damage|p1b: Gallade|29/100 brn|[from] Sandstorm
|-damage|p1a: Farigiraf|20/100y|[from] Sandstorm
|-damage|p2b: Sinistcha|75/100|[from] Sandstorm
|-damage|p1b: Gallade|24/100 brn|[from] brn
|upkeep
|turn|10
|
|t:|1782344656
|move|p2b: Sinistcha|Rage Powder|p2b: Sinistcha
|-singleturn|p2b: Sinistcha|move: Rage Powder
|move|p1b: Gallade|Psycho Cut|p2b: Sinistcha
|-crit|p2b: Sinistcha
|-damage|p2b: Sinistcha|37/100
|move|p1a: Farigiraf|Psychic|p2b: Sinistcha
|-damage|p2b: Sinistcha|5/100
|move|p2a: Garchomp|Rock Slide|p1b: Gallade|[spread] p1a,p1b
|-resisted|p1b: Gallade|1
|-damage|p1a: Farigiraf|9/100
|-damage|p1b: Gallade|14/100 brn
|-damage|p2a: Garchomp|31/100|[from] item: Life Orb
|
|-weather|none
|-damage|p1b: Gallade|8/100 brn|[from] brn
|upkeep
|turn|11
|
|t:|1782344668
|move|p1b: Gallade|Psycho Cut|p2a: Garchomp
|-damage|p2a: Garchomp|0 fnt
|faint|p2a: Garchomp
|move|p1a: Farigiraf|Psychic|p2b: Sinistcha
|-damage|p2b: Sinistcha|0 fnt
|faint|p2b: Sinistcha
|
|win|lolgz
