|j|☆RiniRin
|j|☆SomeKidJon
|html|RiniRinSomeKidJon    
|uhtml|bestof|Game 2 of a best-of-3
|t:|1786201558
|gametype|doubles
|player|p1|RiniRin|lacey|1381
|player|p2|SomeKidJon|scientistf|1267
|gen|9
|tier|[Gen 9 Champions] VGC 2026 Reg M-B (Bo3)
|rated|
|rule|Species Clause: Limit one of each Pokémon
|rule|Item Clause: Limit 1 of each item
|clearpoke
|poke|p1|Charizard, L50, M|
|poke|p1|Garchomp, L50, F|
|poke|p1|Farigiraf, L50, F|
|poke|p1|Mawile, L50, M|
|poke|p1|Basculegion, L50, M|
|poke|p1|Whimsicott, L50, M|
|poke|p2|Swampert, L50, M|
|poke|p2|Pelipper, L50, F|
|poke|p2|Archaludon, L50, F|
|poke|p2|Grimmsnarl, L50, M|
|poke|p2|Metagross, L50|
|poke|p2|Palafin, L50, M|
|teampreview|4
|showteam|p1|Charizard||CharizarditeY|Blaze|HeatWave,WeatherBall,SolarBeam,Protect|Modest||M|||50|]Garchomp||ExpertBelt|RoughSkin|EarthPower,DracoMeteor,Protect,PowerGem|Modest||F|||50|]Farigiraf||ColburBerry|ArmorTail|TwinBeam,TrickRoom,Thunderbolt,HelpingHand|Modest||F|||50|]Mawile||Mawilite|HyperCutter|PlayRough,Protect,SuckerPunch,RockSlide|Adamant||M|||50|]Basculegion||SitrusBerry|Adaptability|WaveCrash,LastRespects,AquaJet,Protect|Adamant||M|||50|]Whimsicott||FocusSash|Prankster|Moonblast,Encore,Protect,Tailwind|Timid||M|||50|
|showteam|p2|Swampert||Swampertite|Damp|Liquidation,StompingTantrum,WaveCrash,Protect|Adamant||M|||50|]Pelipper||FocusSash|Drizzle|Protect,Tailwind,WeatherBall,Hurricane|Modest||F|||50|]Archaludon||Leftovers|Stamina|ElectroShot,FlashCannon,DracoMeteor,Protect|Timid||F|||50|]Grimmsnarl||LightClay|Prankster|Reflect,LightScreen,SpiritBreak,PartingShot|Adamant||M|||50|]Metagross||Metagrossite|ClearBody|HammerArm,IronHead,PsychicFangs,Protect|Adamant|||||50|]Palafin||LifeOrb|ZerotoHero|CloseCombat,Protect,WaveCrash,ThroatChop|Jolly||M|||50|
|
|t:|1786201574
|teamsize|p1|4
|teamsize|p2|4
|start
|switch|p1a: Charizard|Charizard, L50, M|100/100
|switch|p1b: Garchomp|Garchomp, L50, F|100/100
|switch|p2a: Archaludon|Archaludon, L50, F|100/100
|switch|p2b: Grimmsnarl|Grimmsnarl, L50, M|100/100
|turn|1
|
|t:|1786201593
|switch|p1b: Farigiraf|Farigiraf, L50, F|100/100
|detailschange|p1a: Charizard|Charizard-Mega-Y, L50, M
|-mega|p1a: Charizard|Charizard|Charizardite Y
|-weather|SunnyDay|[from] ability: Drought|[of] p1a: Charizard
|move|p2b: Grimmsnarl|Parting Shot||[still]
|cant|p1b: Farigiraf|ability: Armor Tail|Parting Shot|[of] p2b: Grimmsnarl
|move|p2a: Archaludon|Draco Meteor|p1b: Farigiraf
|-damage|p1b: Farigiraf|40/100
|-unboost|p2a: Archaludon|spa|2
|move|p1a: Charizard|Heat Wave|p2b: Grimmsnarl|[spread] p2a,p2b
|-damage|p2a: Archaludon|1/100
|-damage|p2b: Grimmsnarl|37/100
|-ability|p2a: Archaludon|Stamina|boost
|-boost|p2a: Archaludon|def|1
|
|-weather|SunnyDay|[upkeep]
|-heal|p2a: Archaludon|6/100|[from] item: Leftovers
|upkeep
|turn|2
|
|t:|1786201611
|switch|p2a: Pelipper|Pelipper, L50, F|100/100
|-weather|RainDance|[from] ability: Drizzle|[of] p2a: Pelipper
|switch|p1b: Garchomp|Garchomp, L50, F|100/100
|move|p2b: Grimmsnarl|Light Screen|p2b: Grimmsnarl
|-sidestart|p2: SomeKidJon|move: Light Screen
|move|p1a: Charizard|Heat Wave|p2b: Grimmsnarl|[spread] p2b
|-miss|p1a: Charizard|p2a: Pelipper
|-damage|p2b: Grimmsnarl|24/100
|
|-weather|RainDance|[upkeep]
|upkeep
|turn|3
|
|t:|1786201624
|switch|p1a: Farigiraf|Farigiraf, L50, F|40/100
|move|p2b: Grimmsnarl|Reflect|p2b: Grimmsnarl
|-sidestart|p2: SomeKidJon|Reflect
|move|p1b: Garchomp|Power Gem|p2a: Pelipper
|-supereffective|p2a: Pelipper|1
|-damage|p2a: Pelipper|40/100
|move|p2a: Pelipper|Tailwind|p2a: Pelipper
|-sidestart|p2: SomeKidJon|move: Tailwind
|
|-weather|RainDance|[upkeep]
|upkeep
|turn|4
|
|t:|1786201637
|switch|p2a: Archaludon|Archaludon, L50, F|6/100
|switch|p1b: Charizard|Charizard-Mega-Y, L50, M|100/100
|-weather|SunnyDay|[from] ability: Drought|[of] p1b: Charizard
|move|p2b: Grimmsnarl|Spirit Break|p1b: Charizard
|-resisted|p1b: Charizard|1
|-damage|p1b: Charizard|79/100
|-unboost|p1b: Charizard|spa|1
|move|p1a: Farigiraf|Trick Room|p1a: Farigiraf
|-fieldstart|move: Trick Room|[of] p1a: Farigiraf
|
|-weather|SunnyDay|[upkeep]
|-heal|p2a: Archaludon|12/100|[from] item: Leftovers
|upkeep
|turn|5
|
|t:|1786201653
|move|p2a: Archaludon|Protect|p2a: Archaludon
|-singleturn|p2a: Archaludon|Protect
|move|p1a: Farigiraf|Thunderbolt|p2b: Grimmsnarl
|-damage|p2b: Grimmsnarl|7/100
|move|p1b: Charizard|Heat Wave|p2b: Grimmsnarl|[spread] p2b
|-activate|p2a: Archaludon|move: Protect
|-crit|p2b: Grimmsnarl
|-damage|p2b: Grimmsnarl|0 fnt
|faint|p2b: Grimmsnarl
|
|-weather|SunnyDay|[upkeep]
|-heal|p2a: Archaludon|18/100|[from] item: Leftovers
|upkeep
|
|t:|1786201665
|switch|p2b: Swampert|Swampert, L50, M|100/100
|turn|6
|
|t:|1786201684
|switch|p1b: Basculegion|Basculegion, L50, M|100/100
|detailschange|p2b: Swampert|Swampert-Mega, L50, M
|-mega|p2b: Swampert|Swampert|Swampertite
|move|p2b: Swampert|Protect|p2b: Swampert
|-singleturn|p2b: Swampert|Protect
|move|p1a: Farigiraf|Thunderbolt|p2a: Archaludon
|-resisted|p2a: Archaludon|1
|-damage|p2a: Archaludon|4/100
|-status|p2a: Archaludon|par
|-ability|p2a: Archaludon|Stamina|boost
|-boost|p2a: Archaludon|def|1
|cant|p2a: Archaludon|par
|
|-weather|SunnyDay|[upkeep]
|-heal|p2a: Archaludon|10/100 par|[from] item: Leftovers
|-sideend|p2: SomeKidJon|move: Tailwind
|upkeep
|turn|7
|
|t:|1786201704
|switch|p2b: Pelipper|Pelipper, L50, F|40/100
|-weather|RainDance|[from] ability: Drizzle|[of] p2b: Pelipper
|move|p1b: Basculegion|Protect|p1b: Basculegion
|-singleturn|p1b: Basculegion|Protect
|move|p2a: Archaludon|Electro Shot||[still]
|-prepare|p2a: Archaludon|Electro Shot
|-boost|p2a: Archaludon|spa|1
|-anim|p2a: Archaludon|Electro Shot|p1b: Basculegion
|-activate|p1b: Basculegion|move: Protect
|move|p1a: Farigiraf|Twin Beam|p2a: Archaludon
|-resisted|p2a: Archaludon|1
|-damage|p2a: Archaludon|2/100 par
|-ability|p2a: Archaludon|Stamina|boost
|-boost|p2a: Archaludon|def|1
|-resisted|p2a: Archaludon|1
|-damage|p2a: Archaludon|0 fnt
|faint|p2a: Archaludon
|-hitcount|p2: Archaludon|2
|
|-weather|RainDance|[upkeep]
|upkeep
|
|t:|1786201711
|switch|p2a: Swampert|Swampert-Mega, L50, M|100/100
|turn|8
|
|t:|1786201730
|move|p1a: Farigiraf|Thunderbolt|p2b: Pelipper
|-supereffective|p2b: Pelipper|2
|-damage|p2b: Pelipper|0 fnt
|faint|p2b: Pelipper
|move|p1b: Basculegion|Wave Crash|p2a: Swampert
|-damage|p2a: Swampert|34/100
|-damage|p1b: Basculegion|80/100|[from] Recoil
|move|p2a: Swampert|Wave Crash|p1b: Basculegion
|-resisted|p1b: Basculegion|1
|-damage|p1b: Basculegion|24/100
|-enditem|p1b: Basculegion|Sitrus Berry|[eat]
|-heal|p1b: Basculegion|49/100|[from] item: Sitrus Berry
|-damage|p2a: Swampert|13/100|[from] Recoil
|
|-weather|RainDance|[upkeep]
|-fieldend|move: Trick Room
|upkeep
|turn|9
|-message|SomeKidJon forfeited.
|
|win|RiniRin
|raw|RiniRin's rating: 1381 → 1395(+14 for winning)
|raw|SomeKidJon's rating: 1267 → 1250(-17 for losing)
|l|☆SomeKidJon
|player|p2|
