|j|☆LostInCalabria
|j|☆awelaaa
|html|LostInCalabriaawelaaa    
|uhtml|bestof|Game 1 of a best-of-3
|t:|1786157826
|gametype|doubles
|player|p1|LostInCalabria|shadowtriad|1059
|player|p2|awelaaa|rancher|1065
|gen|9
|tier|[Gen 9 Champions] VGC 2026 Reg M-B (Bo3)
|rated|
|rule|Species Clause: Limit one of each Pokémon
|rule|Item Clause: Limit 1 of each item
|clearpoke
|poke|p1|Delphox, L50, F|
|poke|p1|Clefable, L50, F|
|poke|p1|Meowscarada, L50, M|
|poke|p1|Staraptor, L50, M|
|poke|p1|Araquanid, L50, F|
|poke|p1|Luxray, L50, M|
|poke|p2|Garchomp, L50, M|
|poke|p2|Tyranitar, L50, M, shiny|
|poke|p2|Sinistcha, L50, shiny|
|poke|p2|Corviknight, L50, M|
|poke|p2|Houndstone, L50, M|
|poke|p2|Grimmsnarl, L50, M|
|teampreview|4
|showteam|p1|Delphox||Delphoxite|Blaze|Psyshock,HeatWave,CalmMind,Protect|Timid||F|||50|]Clefable||SitrusBerry|Unaware|AlluringVoice,FollowMe,LifeDew,Protect|Bold||F|||50|]Meowscarada||ChoiceScarf|Protean|Uturn,FlowerTrick,LowKick,TripleAxel|Jolly||M|||50|]Staraptor||Staraptite|Intimidate|CloseCombat,BraveBird,Tailwind,Protect|Jolly||M|||50|]Araquanid||Leftovers|WaterBubble|Liquidation,Protect,IcyWind,WideGuard|Sassy||F|||50|]Luxray||ShucaBerry|Intimidate|WildCharge,HelpingHand,BabyDollEyes,Protect|Adamant||M|||50|
|showteam|p2|Garchomp||Garchompite|RoughSkin|DragonPulse,PowerGem,Protect,EarthPower|Modest||M|||50|]Tyranitar||ChopleBerry|SandStream|KnockOff,RockSlide,Protect,LowKick|Adamant||M|||50|]Sinistcha||SitrusBerry|Hospitality|RagePowder,TrickRoom,MatchaGotcha,StrengthSap|Bold|||||50|]Corviknight||Leftovers|MirrorArmor|IronHead,BraveBird,Roost,Tailwind|Careful||M|||50|]Houndstone||SpellTag|SandRush|LastRespects,WillOWisp,Protect,PhantomForce|Adamant||M|||50|]Grimmsnarl||LightClay|Prankster|Reflect,LightScreen,PartingShot,SpiritBreak|Careful||M|||50|
|inactive|Battle timer is ON: inactive players will automatically lose when time's up. (requested by awelaaa)
|inactive|LostInCalabria has 60 seconds left.
|inactive|LostInCalabria has 30 seconds left.
|inactive|LostInCalabria has 20 seconds left.
|
|t:|1786157948
|teamsize|p1|4
|teamsize|p2|4
|start
|switch|p1a: Delphox|Delphox, L50, F|100/100
|switch|p1b: Clefable|Clefable, L50, F|100/100
|switch|p2a: Tyranitar|Tyranitar, L50, M, shiny|100/100
|switch|p2b: Corviknight|Corviknight, L50, M|100/100
|-weather|Sandstorm|[from] ability: Sand Stream|[of] p2a: Tyranitar
|turn|1
|inactive|LostInCalabria has 30 seconds left.
|
|t:|1786157974
|detailschange|p1a: Delphox|Delphox-Mega, L50, F
|-mega|p1a: Delphox|Delphox|Delphoxite
|move|p1b: Clefable|Follow Me|p1b: Clefable
|-singleturn|p1b: Clefable|move: Follow Me
|move|p1a: Delphox|Calm Mind|p1a: Delphox
|-boost|p1a: Delphox|spa|1
|-boost|p1a: Delphox|spd|1
|move|p2b: Corviknight|Tailwind|p2b: Corviknight
|-sidestart|p2: awelaaa|move: Tailwind
|move|p2a: Tyranitar|Rock Slide|p1b: Clefable|[spread] p1a,p1b
|-supereffective|p1a: Delphox|1
|-damage|p1a: Delphox|30/100
|-damage|p1b: Clefable|76/100
|
|-weather|Sandstorm|[upkeep]
|-damage|p1a: Delphox|24/100|[from] Sandstorm
|-damage|p1b: Clefable|70/100|[from] Sandstorm
|upkeep
|turn|2
|inactive|LostInCalabria has 30 seconds left.
|inactive|awelaaa has 30 seconds left.
|inactive|LostInCalabria has 20 seconds left.
|inactive|LostInCalabria has 15 seconds left.
|inactive|LostInCalabria has 10 seconds left.
|inactive|LostInCalabria has 5 seconds left.
|
|t:|1786158029
|move|p1a: Delphox|Protect|p1a: Delphox
|-singleturn|p1a: Delphox|Protect
|move|p2b: Corviknight|Iron Head|p1b: Clefable
|-supereffective|p1b: Clefable|1
|-damage|p1b: Clefable|30/100
|-enditem|p1b: Clefable|Sitrus Berry|[eat]
|-heal|p1b: Clefable|55/100|[from] item: Sitrus Berry
|move|p2a: Tyranitar|Rock Slide|p1a: Delphox|[spread] p1b
|-activate|p1a: Delphox|move: Protect
|-damage|p1b: Clefable|32/100
|cant|p1b: Clefable|flinch
|
|-weather|Sandstorm|[upkeep]
|-damage|p1a: Delphox|18/100|[from] Sandstorm
|-damage|p1b: Clefable|26/100|[from] Sandstorm
|upkeep
|turn|3
|inactive|LostInCalabria has 30 seconds left.
|
|t:|1786158056
|move|p1b: Clefable|Protect|p1b: Clefable
|-singleturn|p1b: Clefable|Protect
|move|p1a: Delphox|Heat Wave|p2b: Corviknight|[spread] p2a,p2b
|-resisted|p2a: Tyranitar|1
|-supereffective|p2b: Corviknight|1
|-damage|p2a: Tyranitar|83/100
|-damage|p2b: Corviknight|12/100
|move|p2b: Corviknight|Iron Head|p1b: Clefable
|-activate|p1b: Clefable|move: Protect
|move|p2a: Tyranitar|Rock Slide|p1b: Clefable|[spread] p1a
|-activate|p1b: Clefable|move: Protect
|-supereffective|p1a: Delphox|1
|-damage|p1a: Delphox|0 fnt
|faint|p1a: Delphox
|
|-weather|Sandstorm|[upkeep]
|-damage|p1b: Clefable|19/100|[from] Sandstorm
|-heal|p2b: Corviknight|18/100|[from] item: Leftovers
|upkeep
|
|t:|1786158076
|switch|p1a: Meowscarada|Meowscarada, L50, M|100/100
|turn|4
|inactive|LostInCalabria has 30 seconds left.
|
|t:|1786158107
|switch|p2a: Sinistcha|Sinistcha, L50, shiny|100/100
|-heal|p2b: Corviknight|42/100|[from] ability: Hospitality|[of] p2a: Sinistcha
|move|p1b: Clefable|Follow Me|p1b: Clefable
|-singleturn|p1b: Clefable|move: Follow Me
|move|p1a: Meowscarada|Low Kick|p2a: Sinistcha
|-start|p1a: Meowscarada|typechange|Fighting|[from] ability: Protean
|-immune|p2a: Sinistcha
|move|p2b: Corviknight|Brave Bird|p1b: Clefable
|-damage|p1b: Clefable|0 fnt
|faint|p1b: Clefable
|-damage|p2b: Corviknight|36/100|[from] Recoil
|
|-weather|Sandstorm|[upkeep]
|-damage|p1a: Meowscarada|93/100|[from] Sandstorm
|-damage|p2a: Sinistcha|93/100|[from] Sandstorm
|-heal|p2b: Corviknight|42/100|[from] item: Leftovers
|-sideend|p2: awelaaa|move: Tailwind
|upkeep
|
|t:|1786158123
|switch|p1b: Luxray|Luxray, L50, M|100/100
|-ability|p1b: Luxray|Intimidate|boost
|-unboost|p2a: Sinistcha|atk|1
|-ability|p2b: Corviknight|Mirror Armor
|-unboost|p1b: Luxray|atk|1
|turn|5
|
|t:|1786158141
|move|p1b: Luxray|Helping Hand|p1a: Meowscarada
|-singleturn|p1a: Meowscarada|Helping Hand|[of] p1b: Luxray
|move|p2a: Sinistcha|Rage Powder|p2a: Sinistcha
|-singleturn|p2a: Sinistcha|move: Rage Powder
|move|p1a: Meowscarada|Low Kick|p2a: Sinistcha
|-immune|p2a: Sinistcha
|move|p2b: Corviknight|Brave Bird|p1a: Meowscarada
|-supereffective|p1a: Meowscarada|1
|-damage|p1a: Meowscarada|12/100
|-damage|p2b: Corviknight|19/100|[from] Recoil
|
|-weather|none
|-heal|p2b: Corviknight|24/100|[from] item: Leftovers
|upkeep
|turn|6
|-message|LostInCalabria forfeited.
|
|win|awelaaa
||awelaaa is ready for game 2.
