|j|☆Zacharykeith
|j|☆Aseguradoras Gomez
|html|ZacharykeithAseguradoras Gomez    
|uhtml|bestof|Game 1 of a best-of-3
|t:|1756331865
|gametype|doubles
|player|p1|Zacharykeith|fisherman-gen4|1152
|player|p2|Aseguradoras Gomez|iono|1053
|gen|9
|tier|[Gen 9] VGC 2025 Reg H (Bo3)
|rated|
|rule|Species Clause: Limit one of each Pokémon
|rule|Item Clause: Limit 1 of each item
|clearpoke
|poke|p1|Rillaboom, L50, M|
|poke|p1|Chandelure, L50, M|
|poke|p1|Electabuzz, L50, F|
|poke|p1|Kingambit, L50, F|
|poke|p1|Primarina, L50, F|
|poke|p1|Dragapult, L50, F|
|poke|p2|Stonjourner, L50, F|
|poke|p2|Dragonite, L50, F|
|poke|p2|Kingambit, L50, M|
|poke|p2|Rillaboom, L50, F|
|poke|p2|Kommo-o, L50, F|
|poke|p2|Electabuzz, L50, F|
|teampreview|4
|showteam|p1|Rillaboom||AssaultVest|GrassySurge|FakeOut,GrassyGlide,WoodHammer,HighHorsepower|||M|||50|,,,,,Fire]Chandelure||FocusSash|FlashFire|HeatWave,ShadowBall,TrickRoom,Protect|||M|||50|,,,,,Grass]Electabuzz||Eviolite|VitalSpirit|VoltSwitch,Electroweb,FollowMe,Taunt|||F|||50|,,,,,Ghost]Kingambit||BlackGlasses|Defiant|SuckerPunch,KowtowCleave,SwordsDance,Protect|||F|||50|,,,,,Dark]Primarina||ThroatSpray|LiquidVoice|HyperVoice,Moonblast,Haze,Protect|||F|||50|,,,,,Steel]Dragapult||ChoiceBand|ClearBody|DragonDarts,PhantomForce,Uturn,Outrage|||F|||50|,,,,,Dragon
|showteam|p2|Stonjourner||FocusSash|PowerSpot|RockSlide,Endeavor,WideGuard,Protect|||F|||50|,,,,,Ghost]Dragonite||ChoiceBand|InnerFocus|ExtremeSpeed,Outrage,StompingTantrum,IronHead|||F|||50|,,,,,Normal]Kingambit||BlackGlasses|Defiant|Assurance,SuckerPunch,SwordsDance,Protect|||M|||50|,,,,,Dark]Rillaboom||AssaultVest|GrassySurge|GrassyGlide,WoodHammer,FakeOut,Uturn|||F|||50|,,,,,Fire]Kommo-o||ThroatSpray|Soundproof|ClangingScales,AuraSphere,ClangorousSoul,Protect|||F|||50|,,,,,Steel]Electabuzz||Eviolite|VitalSpirit|Electroweb,Taunt,FollowMe,Protect|||F|||50|,,,,,Ghost
|inactive|Battle timer is ON: inactive players will automatically lose when time's up. (requested by Zacharykeith)
|
|t:|1756331935
|teamsize|p1|4
|teamsize|p2|4
|start
|switch|p1a: Rillaboom|Rillaboom, L50, M|100/100
|switch|p1b: Primarina|Primarina, L50, F|100/100
|switch|p2a: Electabuzz|Electabuzz, L50, F|100/100
|switch|p2b: Kingambit|Kingambit, L50, M|100/100
|-fieldstart|move: Grassy Terrain|[from] ability: Grassy Surge|[of] p1a: Rillaboom
|turn|1
|inactive|Zacharykeith has 30 seconds left.
|
|t:|1756331962
|move|p2b: Kingambit|Protect|p2b: Kingambit
|-singleturn|p2b: Kingambit|Protect
|move|p2a: Electabuzz|Electroweb|p1a: Rillaboom|[spread] p1a,p1b
|-resisted|p1a: Rillaboom
|-supereffective|p1b: Primarina
|-damage|p1a: Rillaboom|95/100
|-damage|p1b: Primarina|80/100
|-unboost|p1a: Rillaboom|spe|1
|-unboost|p1b: Primarina|spe|1
|move|p1a: Rillaboom|High Horsepower|p2a: Electabuzz
|-supereffective|p2a: Electabuzz
|-damage|p2a: Electabuzz|48/100
|move|p1b: Primarina|Hyper Voice|p2b: Kingambit|[spread] p2a
|-activate|p2b: Kingambit|move: Protect
|-damage|p2a: Electabuzz|25/100
|-enditem|p1b: Primarina|Throat Spray
|-boost|p1b: Primarina|spa|1|[from] item: Throat Spray
|
|-heal|p2a: Electabuzz|32/100|[from] Grassy Terrain
|-heal|p1a: Rillaboom|100/100|[from] Grassy Terrain
|-heal|p1b: Primarina|86/100|[from] Grassy Terrain
|upkeep
|turn|2
|inactive|Aseguradoras Gomez has 30 seconds left.
|inactive|Aseguradoras Gomez has 20 seconds left.
|
|t:|1756332000
|move|p2a: Electabuzz|Electroweb|p1b: Primarina|[spread] p1a,p1b
|-resisted|p1a: Rillaboom
|-supereffective|p1b: Primarina
|-damage|p1a: Rillaboom|96/100
|-damage|p1b: Primarina|65/100
|-unboost|p1a: Rillaboom|spe|1
|-unboost|p1b: Primarina|spe|1
|move|p2b: Kingambit|Assurance|p1a: Rillaboom
|-damage|p1a: Rillaboom|12/100
|move|p1a: Rillaboom|High Horsepower|p2a: Electabuzz
|-supereffective|p2a: Electabuzz
|-damage|p2a: Electabuzz|0 fnt
|faint|p2a: Electabuzz
|move|p1b: Primarina|Moonblast|p2b: Kingambit
|-damage|p2b: Kingambit|31/100
|
|-heal|p2b: Kingambit|37/100|[from] Grassy Terrain
|-heal|p1a: Rillaboom|17/100|[from] Grassy Terrain
|-heal|p1b: Primarina|71/100|[from] Grassy Terrain
|upkeep
|
|t:|1756332019
|switch|p2a: Dragonite|Dragonite, L50, F|100/100
|turn|3
|
|t:|1756332036
|switch|p1a: Electabuzz|Electabuzz, L50, F|100/100
|-terastallize|p2a: Dragonite|Normal
|-terastallize|p1b: Primarina|Steel
|move|p2a: Dragonite|Extreme Speed|p1b: Primarina
|-resisted|p1b: Primarina
|-damage|p1b: Primarina|37/100
|move|p2b: Kingambit|Assurance|p1a: Electabuzz
|-damage|p1a: Electabuzz|68/100
|move|p1b: Primarina|Hyper Voice|p2b: Kingambit|[spread] p2a,p2b
|-damage|p2a: Dragonite|49/100
|-damage|p2b: Kingambit|0 fnt
|faint|p2b: Kingambit
|
|-heal|p1a: Electabuzz|74/100|[from] Grassy Terrain
|-heal|p2a: Dragonite|55/100|[from] Grassy Terrain
|-heal|p1b: Primarina|43/100|[from] Grassy Terrain
|upkeep
|
|t:|1756332048
|switch|p2b: Stonjourner|Stonjourner, L50, F|100/100
|turn|4
|
|t:|1756332058
|move|p1a: Electabuzz|Follow Me|p1a: Electabuzz
|-singleturn|p1a: Electabuzz|move: Follow Me
|move|p2a: Dragonite|Extreme Speed|p1a: Electabuzz
|-damage|p1a: Electabuzz|9/100
|move|p2b: Stonjourner|Rock Slide|p1a: Electabuzz|[spread] p1a,p1b
|-crit|p1a: Electabuzz
|-resisted|p1b: Primarina
|-damage|p1a: Electabuzz|0 fnt
|-damage|p1b: Primarina|30/100
|faint|p1a: Electabuzz
|move|p1b: Primarina|Hyper Voice|p2a: Dragonite|[spread] p2a,p2b
|-supereffective|p2b: Stonjourner
|-damage|p2a: Dragonite|8/100
|-enditem|p2b: Stonjourner|Focus Sash
|-damage|p2b: Stonjourner|1/100
|
|-heal|p2b: Stonjourner|7/100|[from] Grassy Terrain
|-heal|p2a: Dragonite|14/100|[from] Grassy Terrain
|-heal|p1b: Primarina|36/100|[from] Grassy Terrain
|upkeep
|
|t:|1756332074
|switch|p1a: Dragapult|Dragapult, L50, F|100/100
|turn|5
|
|t:|1756332080
|move|p2a: Dragonite|Extreme Speed|p1b: Primarina
|-resisted|p1b: Primarina
|-damage|p1b: Primarina|0 fnt
|faint|p1b: Primarina
|move|p1a: Dragapult|Dragon Darts|p2b: Stonjourner
|-damage|p2b: Stonjourner|0 fnt
|-anim|p1a: Dragapult|Dragon Darts|p2a: Dragonite
|-damage|p2a: Dragonite|0 fnt
|faint|p2b: Stonjourner
|faint|p2a: Dragonite
|
|win|Zacharykeith
