|j|☆mirokartlivehc
|j|☆TheCrazyMonkey14
|html|mirokartlivehcTheCrazyMonkey14    
|uhtml|bestof|Game 1 of a best-of-3
|t:|1756330506
|gametype|doubles
|player|p1|mirokartlivehc|lucas|1079
|player|p2|TheCrazyMonkey14|benga|1000
|gen|9
|tier|[Gen 9] VGC 2025 Reg H (Bo3)
|rated|
|rule|Species Clause: Limit one of each Pokémon
|rule|Item Clause: Limit 1 of each item
|clearpoke
|poke|p1|Dragapult, L50, M|
|poke|p1|Volcarona, L50, F|
|poke|p1|Annihilape, L50, M|
|poke|p1|Clodsire, L50, F|
|poke|p1|Gastrodon-East, L50, F|
|poke|p1|Sinistcha, L50|
|poke|p2|Ursaluna-Bloodmoon, L50, M|
|poke|p2|Gholdengo, L50|
|poke|p2|Dragonite, L50, F|
|poke|p2|Sneasler, L50, M|
|poke|p2|Incineroar, L50, F|
|poke|p2|Amoonguss, L50, M|
|teampreview|4
|showteam|p1|Dragapult||SafetyGoggles|ClearBody|DragonDarts,PhantomForce,WillOWisp,Protect|||M|||50|,,,,,Steel]Volcarona||CovertCloak|FlameBody|FieryDance,StruggleBug,Tailwind,QuiverDance|||F|||50|,,,,,Water]Annihilape||ChoiceScarf|Defiant|FinalGambit,CloseCombat,RageFist,Coaching|||M|||50|,,,,,Stellar]Clodsire||Leftovers|WaterAbsorb|PoisonJab,StompingTantrum,Curse,Protect|||F|||50|,,,,,Fire]Gastrodon-East||SitrusBerry|StormDrain|EarthPower,IceBeam,Yawn,Protect|||F|||50|,,,,,Normal]Sinistcha||MentalHerb|Hospitality|MatchaGotcha,ShadowBall,RagePowder,TrickRoom||||||50|,,,,,Dark
|showteam|p2|Ursaluna-Bloodmoon||AssaultVest|MindsEye|BloodMoon,EarthPower,VacuumWave,HyperVoice|||M|||50|,,,,,Water]Gholdengo||LifeOrb|GoodasGold|Protect,MakeItRain,ShadowBall,NastyPlot||||||50|,,,,,Water]Dragonite||LoadedDice|Multiscale|ScaleShot,Tailwind,Haze,Protect|||F|||50|,,,,,Fairy]Sneasler||FocusSash|Unburden|Protect,DireClaw,CloseCombat,ThroatChop|||M|||50|,,,,,Stellar]Incineroar||SafetyGoggles|Intimidate|KnockOff,PartingShot,FlareBlitz,FakeOut|||F|||50|,,,,,Ghost]Amoonguss||SitrusBerry|Regenerator|RagePowder,Spore,PollenPuff,Protect|||M|||50|,,,,,Psychic
|inactive|Battle timer is ON: inactive players will automatically lose when time's up. (requested by TheCrazyMonkey14)
|
|t:|1756330579
|teamsize|p1|4
|teamsize|p2|4
|start
|switch|p1a: Annihilape|Annihilape, L50, M|100/100
|switch|p1b: Volcarona|Volcarona, L50, F|100/100
|switch|p2a: Incineroar|Incineroar, L50, F|100/100
|switch|p2b: Dragonite|Dragonite, L50, F|100/100
|-ability|p2a: Incineroar|Intimidate|boost
|-unboost|p1a: Annihilape|atk|1
|-ability|p1a: Annihilape|Defiant|boost
|-boost|p1a: Annihilape|atk|2
|-unboost|p1b: Volcarona|atk|1
|turn|1
|inactive|mirokartlivehc has 30 seconds left.
|
|t:|1756330612
|move|p1a: Annihilape|Final Gambit|p2b: Dragonite
|-damage|p2b: Dragonite|0 fnt
|faint|p1a: Annihilape
|faint|p2b: Dragonite
|move|p1b: Volcarona|Quiver Dance|p1b: Volcarona
|-boost|p1b: Volcarona|spa|1
|-boost|p1b: Volcarona|spd|1
|-boost|p1b: Volcarona|spe|1
|move|p2a: Incineroar|Parting Shot|p1b: Volcarona
|-unboost|p1b: Volcarona|atk|1
|-unboost|p1b: Volcarona|spa|1
|inactive|TheCrazyMonkey14 has 30 seconds left.
|inactive|TheCrazyMonkey14 has 20 seconds left.
|
|t:|1756330648
|switch|p2a: Sneasler|Sneasler, L50, M|100/100|[from] Parting Shot
|
|upkeep
|
|t:|1756330659
|switch|p1a: Gastrodon|Gastrodon-East, L50, F|100/100
|switch|p2b: Incineroar|Incineroar, L50, F|100/100
|-ability|p2b: Incineroar|Intimidate|boost
|-unboost|p1a: Gastrodon|atk|1
|-unboost|p1b: Volcarona|atk|1
|turn|2
|
|t:|1756330670
|move|p1a: Gastrodon|Protect|p1a: Gastrodon
|-singleturn|p1a: Gastrodon|Protect
|move|p2b: Incineroar|Fake Out|p1b: Volcarona
|-damage|p1b: Volcarona|87/100
|move|p1b: Volcarona|Struggle Bug|p2a: Sneasler|[spread] p2a,p2b
|-resisted|p2a: Sneasler
|-damage|p2a: Sneasler|94/100
|-damage|p2b: Incineroar|84/100
|-unboost|p2a: Sneasler|spa|1
|-unboost|p2b: Incineroar|spa|1
|move|p2a: Sneasler|Dire Claw|p1b: Volcarona
|-damage|p1b: Volcarona|39/100
|
|upkeep
|turn|3
|
|t:|1756330690
|move|p1b: Volcarona|Tailwind|p1b: Volcarona
|-sidestart|p1: mirokartlivehc|move: Tailwind
|move|p2a: Sneasler|Dire Claw|p1b: Volcarona
|-damage|p1b: Volcarona|0 fnt
|-status|p2a: Sneasler|brn|[from] ability: Flame Body|[of] p1b: Volcarona
|faint|p1b: Volcarona
|move|p2b: Incineroar|Knock Off|p1a: Gastrodon
|-crit|p1a: Gastrodon
|-damage|p1a: Gastrodon|37/100
|-enditem|p1a: Gastrodon|Sitrus Berry|[from] move: Knock Off|[of] p2b: Incineroar
|move|p1a: Gastrodon|Earth Power|p2a: Sneasler
|-supereffective|p2a: Sneasler
|-damage|p2a: Sneasler|0 fnt
|faint|p2a: Sneasler
|
|upkeep
|
|t:|1756330707
|switch|p2a: Ursaluna|Ursaluna-Bloodmoon, L50, M|100/100
|switch|p1b: Dragapult|Dragapult, L50, M|100/100
|turn|4
|
|t:|1756330720
|move|p1b: Dragapult|Dragon Darts|p2a: Ursaluna
|-damage|p2a: Ursaluna|84/100
|-anim|p1b: Dragapult|Dragon Darts|p2b: Incineroar
|-damage|p2b: Incineroar|62/100
|move|p2b: Incineroar|Knock Off|p1b: Dragapult
|-supereffective|p1b: Dragapult
|-damage|p1b: Dragapult|4/100
|-enditem|p1b: Dragapult|Safety Goggles|[from] move: Knock Off|[of] p2b: Incineroar
|move|p1a: Gastrodon|Earth Power|p2b: Incineroar
|-supereffective|p2b: Incineroar
|-damage|p2b: Incineroar|0 fnt
|faint|p2b: Incineroar
|move|p2a: Ursaluna|Hyper Voice|p1b: Dragapult|[spread] p1a,p1b
|-damage|p1a: Gastrodon|1/100
|-damage|p1b: Dragapult|0 fnt
|faint|p1b: Dragapult
|
|upkeep
|turn|5
|
|t:|1756330737
|move|p2a: Ursaluna|Vacuum Wave|p1a: Gastrodon
|-damage|p1a: Gastrodon|0 fnt
|faint|p1a: Gastrodon
|
|win|TheCrazyMonkey14
||mirokartlivehc is ready for game 2.
||TheCrazyMonkey14 is ready for game 2.
|uhtml|next|Next: Game 2 of 3
|l|☆mirokartlivehc
|player|p1|
