|j|☆spellbreakvgc
|j|☆Shinyhunting_Anny
|html|spellbreakvgcShinyhunting_Anny    
|uhtml|bestof|Game 2 of a best-of-3
|t:|1756751062
|gametype|doubles
|player|p1|spellbreakvgc|lance|1053
|player|p2|Shinyhunting_Anny|cheren-masters|1133
|gen|9
|tier|[Gen 9] VGC 2025 Reg H (Bo3)
|rated|
|rule|Species Clause: Limit one of each Pokémon
|rule|Item Clause: Limit 1 of each item
|clearpoke
|poke|p1|Tyranitar, L50, F|
|poke|p1|Excadrill, L50, F|
|poke|p1|Kommo-o, L50, M|
|poke|p1|Basculegion, L50, M|
|poke|p1|Amoonguss, L50, M|
|poke|p1|Incineroar, L50, M|
|poke|p2|Sneasler, L50, F|
|poke|p2|Zoroark-Hisui, L50, F|
|poke|p2|Primarina, L50, F|
|poke|p2|Electabuzz, L50, M|
|poke|p2|Dragonite, L50, M|
|poke|p2|Kingambit, L50, F|
|teampreview|4
|showteam|p1|Tyranitar||AssaultVest|SandStream|RockSlide,KnockOff,LowKick,TeraBlast|||F|||50|,,,,,Flying]Excadrill||FocusSash|SandRush|Earthquake,HighHorsepower,IronHead,Protect|||F|||50|,,,,,Ground]Kommo-o||ThroatSpray|Overcoat|ClangorousSoul,ClangingScales,AuraSphere,Protect|||M|||50|,,,,,Steel]Basculegion||ChoiceScarf|Adaptability|WaveCrash,LastRespects,FlipTurn,TeraBlast|||M|||50|,,,,,Grass]Amoonguss||SitrusBerry|Regenerator|Spore,PollenPuff,ClearSmog,RagePowder|||M|||50|,,,,,Water]Incineroar||SafetyGoggles|Intimidate|FlareBlitz,KnockOff,PartingShot,FakeOut|||M|||50|,,,,,Ghost
|showteam|p2|Sneasler||FocusSash|PoisonTouch|DireClaw,CloseCombat,Protect,FakeOut|||F|||50|,,,,,Stellar]Zoroark-Hisui||ChoiceSpecs|Illusion|ShadowBall,HyperVoice,TeraBlast,Trick|||F|||50|,,,,,Fighting]Primarina||SitrusBerry|LiquidVoice|HyperVoice,Moonblast,Haze,Protect|||F|||50|,,,,,Grass]Electabuzz||Eviolite|VitalSpirit|Electroweb,ThunderWave,FollowMe,VoltSwitch|||M|||50|,,,,,Electric]Dragonite||LoadedDice|Multiscale|ScaleShot,StompingTantrum,Tailwind,Protect|||M|||50|,,,,,Ground]Kingambit||AssaultVest|Defiant|SuckerPunch,KowtowCleave,IronHead,LowKick|||F|||50|,,,,,Dark
|inactive|Battle timer is ON: inactive players will automatically lose when time's up. (requested by Shinyhunting_Anny)
|inactive|spellbreakvgc has 60 seconds left.
|
|t:|1756751096
|teamsize|p1|4
|teamsize|p2|4
|start
|switch|p1a: Tyranitar|Tyranitar, L50, F|100/100
|switch|p1b: Excadrill|Excadrill, L50, F|100/100
|switch|p2a: Unfair|Sneasler, L50, F, shiny|100/100
|switch|p2b: Symphony|Primarina, L50, F, shiny|100/100
|-weather|Sandstorm|[from] ability: Sand Stream|[of] p1a: Tyranitar
|turn|1
|
|t:|1756751118
|-terastallize|p1a: Tyranitar|Flying
|move|p1b: Excadrill|Protect|p1b: Excadrill
|-singleturn|p1b: Excadrill|Protect
|move|p2a: Unfair|Fake Out|p1a: Tyranitar
|-damage|p1a: Tyranitar|88/100
|cant|p1a: Tyranitar|flinch
|move|p2b: Symphony|Hyper Voice|p1b: Excadrill|[spread] p1a
|-activate|p1b: Excadrill|move: Protect
|-damage|p1a: Tyranitar|69/100
|
|-weather|Sandstorm|[upkeep]
|-damage|p2a: Unfair|95/100|[from] Sandstorm
|-damage|p1a: Tyranitar|63/100|[from] Sandstorm
|-damage|p2b: Symphony|95/100|[from] Sandstorm
|upkeep
|turn|2
|inactive|Shinyhunting_Anny has 30 seconds left.
|
|t:|1756751149
|move|p2a: Unfair|Protect|p2a: Unfair
|-singleturn|p2a: Unfair|Protect
|move|p1b: Excadrill|Earthquake|p2a: Unfair|[spread] p2b
|-activate|p2a: Unfair|move: Protect
|-immune|p1a: Tyranitar
|-damage|p2b: Symphony|43/100
|-enditem|p2b: Symphony|Sitrus Berry|[eat]
|-heal|p2b: Symphony|67/100|[from] item: Sitrus Berry
|move|p1a: Tyranitar|Tera Blast|p2b: Symphony|[anim] Tera Blast Flying
|-damage|p2b: Symphony|10/100
|move|p2b: Symphony|Hyper Voice|p1b: Excadrill|[spread] p1a,p1b
|-supereffective|p1b: Excadrill
|-damage|p1a: Tyranitar|46/100
|-damage|p1b: Excadrill|19/100
|
|-weather|Sandstorm|[upkeep]
|-damage|p2a: Unfair|89/100|[from] Sandstorm
|-damage|p1a: Tyranitar|40/100|[from] Sandstorm
|-damage|p2b: Symphony|4/100|[from] Sandstorm
|upkeep
|turn|3
|inactive|spellbreakvgc has 30 seconds left.
|inactive|Shinyhunting_Anny has 30 seconds left.
|
|t:|1756751176
|switch|p2a: Tabaluga|Dragonite, L50, M, shiny|100/100
|move|p2b: Symphony|Protect|p2b: Symphony
|-singleturn|p2b: Symphony|Protect
|move|p1b: Excadrill|Earthquake|p2b: Symphony|[spread] 
|-activate|p2b: Symphony|move: Protect
|-immune|p1a: Tyranitar
|-immune|p2a: Tabaluga
|move|p1a: Tyranitar|Rock Slide|p2a: Tabaluga|[spread] p2a
|-activate|p2b: Symphony|move: Protect
|-supereffective|p2a: Tabaluga
|-damage|p2a: Tabaluga|62/100
|
|-weather|Sandstorm|[upkeep]
|-damage|p2a: Tabaluga|56/100|[from] Sandstorm
|-damage|p1a: Tyranitar|34/100|[from] Sandstorm
|-damage|p2b: Symphony|0 fnt|[from] Sandstorm
|faint|p2b: Symphony
|upkeep
|
|t:|1756751192
|switch|p2b: Unfair|Sneasler, L50, F, shiny|89/100
|turn|4
|
|t:|1756751201
|switch|p1a: Amoonguss|Amoonguss, L50, M|100/100
|-terastallize|p2a: Tabaluga|Ground
|move|p1b: Excadrill|Protect|p1b: Excadrill
|-singleturn|p1b: Excadrill|Protect
|move|p2b: Unfair|Fake Out|p1a: Amoonguss
|-damage|p1a: Amoonguss|89/100
|move|p2a: Tabaluga|Scale Shot|p1b: Excadrill
|-activate|p1b: Excadrill|move: Protect
|
|-weather|Sandstorm|[upkeep]
|-damage|p2b: Unfair|83/100|[from] Sandstorm
|-damage|p1a: Amoonguss|83/100|[from] Sandstorm
|upkeep
|turn|5
|inactive|spellbreakvgc has 30 seconds left.
|
|t:|1756751235
|move|p2b: Unfair|Protect|p2b: Unfair
|-singleturn|p2b: Unfair|Protect
|move|p2a: Tabaluga|Protect|p2a: Tabaluga
|-singleturn|p2a: Tabaluga|Protect
|move|p1a: Amoonguss|Rage Powder|p1a: Amoonguss
|-singleturn|p1a: Amoonguss|move: Rage Powder
|move|p1b: Excadrill|Earthquake|p2b: Unfair|[spread] p1a
|-activate|p2a: Tabaluga|move: Protect
|-activate|p2b: Unfair|move: Protect
|-damage|p1a: Amoonguss|51/100
|
|-weather|none
|upkeep
|turn|6
|
|t:|1756751255
|switch|p1a: Tyranitar|Tyranitar, L50, F, tera:Flying|34/100
|-weather|Sandstorm|[from] ability: Sand Stream|[of] p1a: Tyranitar
|move|p1b: Excadrill|Earthquake|p2a: Tabaluga|[spread] p2a,p2b
|-immune|p1a: Tyranitar
|-supereffective|p2b: Unfair
|-damage|p2a: Tabaluga|6/100
|-damage|p2b: Unfair|0 fnt
|faint|p2b: Unfair
|move|p2a: Tabaluga|Stomping Tantrum|p1a: Tyranitar
|-immune|p1a: Tyranitar
|
|-weather|Sandstorm|[upkeep]
|-damage|p1a: Tyranitar|29/100|[from] Sandstorm
|upkeep
|
|t:|1756751266
|switch|p2b: Queengambit|Kingambit, L50, F, shiny|100/100
|turn|7
|
|t:|1756751286
|move|p2b: Queengambit|Sucker Punch|p1a: Tyranitar
|-damage|p1a: Tyranitar|0 fnt
|faint|p1a: Tyranitar
|move|p1b: Excadrill|Earthquake|p2a: Tabaluga|[spread] p2a,p2b
|-supereffective|p2b: Queengambit
|-damage|p2a: Tabaluga|0 fnt
|-damage|p2b: Queengambit|37/100
|faint|p2a: Tabaluga
|
|-weather|Sandstorm|[upkeep]
|upkeep
|
|t:|1756751295
|switch|p1a: Amoonguss|Amoonguss, L50, M|84/100
|turn|8
|
|t:|1756751299
|move|p1b: Excadrill|Protect|p1b: Excadrill
|-singleturn|p1b: Excadrill|Protect
|move|p2b: Queengambit|Kowtow Cleave|p1b: Excadrill
|-activate|p1b: Excadrill|move: Protect
|move|p1a: Amoonguss|Spore|p2b: Queengambit
|-status|p2b: Queengambit|slp|[from] move: Spore
|
|-weather|Sandstorm|[upkeep]
|-damage|p1a: Amoonguss|78/100|[from] Sandstorm
|upkeep
|turn|9
|-message|Shinyhunting_Anny forfeited.
|
|win|spellbreakvgc
