|j|☆matteo2002
|j|☆mumu2
|html|matteo2002mumu2    
|uhtml|bestof|Game 3 of a best-of-3
|t:|1784767594
|gametype|doubles
|player|p1|matteo2002|170|1127
|player|p2|mumu2|cyclistf|1185
|gen|9
|tier|[Gen 9 Champions] VGC 2026 Reg M-B (Bo3)
|rated|
|rule|Species Clause: Limit one of each Pokémon
|rule|Item Clause: Limit 1 of each item
|clearpoke
|poke|p1|Hydreigon, L50, F|
|poke|p1|Metagross, L50, shiny|
|poke|p1|Charizard, L50, M|
|poke|p1|Toxapex, L50, F|
|poke|p1|Annihilape, L50, M|
|poke|p1|Incineroar, L50, M|
|poke|p2|Charizard, L50, F|
|poke|p2|Venusaur, L50, F|
|poke|p2|Garchomp, L50, M|
|poke|p2|Annihilape, L50, M|
|poke|p2|Incineroar, L50, M|
|poke|p2|Toxapex, L50, M|
|teampreview|4
|showteam|p1|Hydreigon||ChoiceScarf|Levitate|EarthPower,DarkPulse,DracoMeteor,Snarl|Modest||F|||50|]Metagross||Metagrossite|ClearBody|PsychicFangs,IcePunch,BulletPunch,Protect|Jolly|||||50|]Charizard||CharizarditeY|Blaze|Protect,HeatWave,SolarBeam,WeatherBall|Modest||M|||50|]Toxapex||Leftovers|Regenerator|Infestation,Toxic,BanefulBunker,WideGuard|Bold||F|||50|]Annihilape||FocusSash|Defiant|CloseCombat,PhantomForce,Protect,RockTomb|Jolly||M|||50|]Incineroar||SitrusBerry|Intimidate|FakeOut,FlareBlitz,ThroatChop,PartingShot|Impish||M|||50|
|showteam|p2|Charizard||CharizarditeY|Blaze|HeatWave,WeatherBall,HelpingHand,Protect|Modest||F|||50|]Venusaur||LifeOrb|Chlorophyll|SludgeBomb,SolarBeam,EarthPower,Protect|Modest||F|||50|]Garchomp||ChoiceScarf|RoughSkin|DragonClaw,Earthquake,RockSlide,StompingTantrum|Adamant||M|||50|]Annihilape||FocusSash|Defiant|PhantomForce,CloseCombat,Protect,RockTomb|Jolly||M|||50|]Incineroar||SitrusBerry|Intimidate|FlareBlitz,ThroatChop,PartingShot,FakeOut|Impish||M|||50|]Toxapex||Leftovers|Regenerator|Toxic,Infestation,WideGuard,BanefulBunker|Bold||M|||50|
|
|t:|1784767629
|teamsize|p1|4
|teamsize|p2|4
|start
|switch|p1a: Annihilape|Annihilape, L50, M|100/100
|switch|p1b: Hydreigon|Hydreigon, L50, F|100/100
|switch|p2a: Garchomp|Garchomp, L50, M|100/100
|switch|p2b: Charizard|Charizard, L50, F|100/100
|turn|1
|
|t:|1784767645
|detailschange|p2b: Charizard|Charizard-Mega-Y, L50, F
|-mega|p2b: Charizard|Charizard|Charizardite Y
|-weather|SunnyDay|[from] ability: Drought|[of] p2b: Charizard
|move|p2a: Garchomp|Dragon Claw|p1b: Hydreigon
|-supereffective|p1b: Hydreigon|1
|-damage|p1b: Hydreigon|7/100
|move|p1b: Hydreigon|Draco Meteor|p2a: Garchomp
|-supereffective|p2a: Garchomp|1
|-crit|p2a: Garchomp
|-damage|p2a: Garchomp|0 fnt
|-unboost|p1b: Hydreigon|spa|2
|faint|p2a: Garchomp
|move|p1a: Annihilape|Rock Tomb|p2b: Charizard
|-supereffective|p2b: Charizard|2
|-damage|p2b: Charizard|20/100y
|-unboost|p2b: Charizard|spe|1
|move|p2b: Charizard|Heat Wave|p1b: Hydreigon|[spread] p1a
|-miss|p2b: Charizard|p1b: Hydreigon
|-damage|p1a: Annihilape|31/100
|-status|p1a: Annihilape|brn
|
|-weather|SunnyDay|[upkeep]
|-damage|p1a: Annihilape|25/100 brn|[from] brn
|upkeep
|
|t:|1784767664
|switch|p2a: Venusaur|Venusaur, L50, F|100/100
|turn|2
|
|t:|1784767684
|switch|p1b: Toxapex|Toxapex, L50, F|100/100
|move|p2b: Charizard|Protect|p2b: Charizard
|-singleturn|p2b: Charizard|Protect
|move|p2a: Venusaur|Solar Beam||[still]
|-prepare|p2a: Venusaur|Solar Beam
|-anim|p2a: Venusaur|Solar Beam|p1a: Annihilape
|-damage|p1a: Annihilape|0 fnt
|faint|p1a: Annihilape
|-damage|p2a: Venusaur|90/100|[from] item: Life Orb
|
|-weather|SunnyDay|[upkeep]
|upkeep
|
|t:|1784767712
|switch|p1a: Metagross|Metagross, L50, shiny|100/100
|turn|3
|
|t:|1784767738
|detailschange|p1a: Metagross|Metagross-Mega, L50, shiny
|-mega|p1a: Metagross|Metagross|Metagrossite
|move|p2b: Charizard|Helping Hand|p2a: Venusaur
|-singleturn|p2a: Venusaur|Helping Hand|[of] p2b: Charizard
|move|p1a: Metagross|Protect|p1a: Metagross
|-singleturn|p1a: Metagross|Protect
|move|p2a: Venusaur|Earth Power|p1a: Metagross
|-activate|p1a: Metagross|move: Protect
|move|p1b: Toxapex|Infestation|p2b: Charizard
|-resisted|p2b: Charizard|2
|-damage|p2b: Charizard|19/100
|-activate|p2b: Charizard|move: Infestation|[of] p1b: Toxapex
|
|-weather|SunnyDay|[upkeep]
|-damage|p2b: Charizard|7/100|[from] move: Infestation|[partiallytrapped]
|upkeep
|turn|4
|
|t:|1784767784
|switch|p1a: Hydreigon|Hydreigon, L50, F|7/100
|move|p1b: Toxapex|Baneful Bunker|p1b: Toxapex
|-singleturn|p1b: Toxapex|move: Protect
|move|p2a: Venusaur|Sludge Bomb|p1a: Hydreigon
|-damage|p1a: Hydreigon|0 fnt
|faint|p1a: Hydreigon
|-damage|p2a: Venusaur|81/100|[from] item: Life Orb
|move|p2b: Charizard|Weather Ball|p1b: Toxapex
|-activate|p1b: Toxapex|move: Protect
|
|-weather|SunnyDay|[upkeep]
|-damage|p2b: Charizard|0 fnt|[from] move: Infestation|[partiallytrapped]
|faint|p2b: Charizard
|upkeep
|
|t:|1784767799
|switch|p1a: Metagross|Metagross-Mega, L50, shiny|100/100
|switch|p2b: Toxapex|Toxapex, L50, M|100/100
|turn|5
|
|t:|1784767809
|move|p1a: Metagross|Protect|p1a: Metagross
|-singleturn|p1a: Metagross|Protect
|move|p2a: Venusaur|Earth Power|p1a: Metagross
|-activate|p1a: Metagross|move: Protect
|move|p2b: Toxapex|Infestation|p1b: Toxapex
|-resisted|p1b: Toxapex|1
|-damage|p1b: Toxapex|98/100
|-activate|p1b: Toxapex|move: Infestation|[of] p2b: Toxapex
|move|p1b: Toxapex|Infestation|p2a: Venusaur
|-damage|p2a: Venusaur|77/100
|-activate|p2a: Venusaur|move: Infestation|[of] p1b: Toxapex
|
|-weather|none
|-heal|p1b: Toxapex|100/100|[from] item: Leftovers
|-damage|p2a: Venusaur|65/100|[from] move: Infestation|[partiallytrapped]
|-damage|p1b: Toxapex|87/100|[from] move: Infestation|[partiallytrapped]
|upkeep
|turn|6
|
|t:|1784767827
|move|p1a: Metagross|Psychic Fangs|p2a: Venusaur
|-supereffective|p2a: Venusaur|1
|-damage|p2a: Venusaur|0 fnt
|faint|p2a: Venusaur
|move|p2b: Toxapex|Infestation|p1a: Metagross
|-damage|p1a: Metagross|96/100
|-activate|p1a: Metagross|move: Infestation|[of] p2b: Toxapex
|move|p1b: Toxapex|Infestation|p2b: Toxapex
|-resisted|p2b: Toxapex|1
|-damage|p2b: Toxapex|98/100
|-activate|p2b: Toxapex|move: Infestation|[of] p1b: Toxapex
|
|-heal|p1b: Toxapex|93/100|[from] item: Leftovers
|-heal|p2b: Toxapex|100/100|[from] item: Leftovers
|-damage|p1a: Metagross|84/100|[from] move: Infestation|[partiallytrapped]
|-damage|p1b: Toxapex|81/100|[from] move: Infestation|[partiallytrapped]
|-damage|p2b: Toxapex|87/100|[from] move: Infestation|[partiallytrapped]
|upkeep
|turn|7
|-message|mumu2 forfeited.
|
|win|matteo2002
|raw|matteo2002's rating: 1127 → 1156(+29 for winning)
|raw|mumu2's rating: 1185 → 1156(-29 for losing)
