|j|☆wowzerslol
|j|☆Yankiken
|html|wowzerslolYankiken    
|uhtml|bestof|Game 1 of a best-of-3
|t:|1756640651
|gametype|doubles
|player|p1|wowzerslol|lady-gen4|
|player|p2|Yankiken|unknown|
|gen|9
|tier|[Gen 9] VGC 2025 Reg H (Bo3)
|rule|Species Clause: Limit one of each Pokémon
|rule|Item Clause: Limit 1 of each item
|clearpoke
|poke|p1|Ceruledge, L50, M|
|poke|p1|Rillaboom, L50, M|
|poke|p1|Sneasler, L50, M|
|poke|p1|Hydreigon, L50, F|
|poke|p1|Electabuzz, L50, M|
|poke|p1|Ninetales-Alola, L50, M|
|poke|p2|Indeedee, L50, M|
|poke|p2|Sneasler, L50, M|
|poke|p2|Murkrow, L50, F|
|poke|p2|Ursaluna-Bloodmoon, L50, M|
|poke|p2|Dondozo, L50, F|
|poke|p2|Tatsugiri, L50, F|
|teampreview|4
|showteam|p1|Ceruledge||ClearAmulet|FlashFire|BulkUp,BitterBlade,ShadowSneak,Protect|||M|||50|,,,,,Grass]Rillaboom||AssaultVest|GrassySurge|FakeOut,WoodHammer,GrassyGlide,HighHorsepower|||M|||50|,,,,,Fire]Sneasler||WhiteHerb|Unburden|DireClaw,CloseCombat,Coaching,Protect|||M|||50|,,,,,Stellar]Hydreigon||ChoiceSpecs|Levitate|DarkPulse,DracoMeteor,Snarl,EarthPower|||F|||50|,,,,,Ghost]Electabuzz||Eviolite|VitalSpirit|FollowMe,Electroweb,Taunt,Protect|||M|||50|,,,,,Dragon]Ninetales-Alola||FocusSash|SnowWarning|Blizzard,FreezeDry,AuroraVeil,Protect|||M|||50|,,,,,Ice
|showteam|p2|Indeedee||FocusSash|PsychicSurge|Imprison,TrickRoom,TeraBlast,ExpandingForce|||M|||50|,,,,,Grass]Sneasler||PsychicSeed|Unburden|Protect,DireClaw,CloseCombat,ThroatChop|||M|||50|,,,,,Dark]Murkrow||Eviolite|Prankster|Quash,FoulPlay,Tailwind,Haze|||F|||50|,,,,,Dark]Ursaluna-Bloodmoon||LifeOrb|MindsEye|HyperVoice,EarthPower,BloodMoon,Protect|||M|||50|,,,,,Normal]Dondozo||Leftovers|Unaware|Protect,OrderUp,WaveCrash,Earthquake|||F|||50|,,,,,Grass]Tatsugiri||ChoiceScarf|Commander|MuddyWater,DragonPulse,DracoMeteor,IcyWind|||F|||50|,,,,,Steel
|inactive|Battle timer is ON: inactive players will automatically lose when time's up. (requested by Yankiken)
|inactive|wowzerslol also wants the timer to be on.
|c|☆Yankiken|Sao ko chơi grassy seed
|inactive|wowzerslol has 60 seconds left.
|inactive|Yankiken has 60 seconds left.
|
|t:|1756640714
|teamsize|p1|4
|teamsize|p2|4
|start
|switch|p1a: Hydreigon|Hydreigon, L50, F|100/100
|switch|p1b: Ninetales|Ninetales-Alola, L50, M|100/100
|switch|p2a: Sneasler|Sneasler, L50, M|100/100
|switch|p2b: Indeedee|Indeedee, L50, M|100/100
|-weather|Snowscape|[from] ability: Snow Warning|[of] p1b: Ninetales
|-fieldstart|move: Psychic Terrain|[from] ability: Psychic Surge|[of] p2b: Indeedee
|-enditem|p2a: Sneasler|Psychic Seed
|-boost|p2a: Sneasler|spd|1|[from] item: Psychic Seed
|turn|1
|inactive|wowzerslol has 30 seconds left.
|inactive|wowzerslol has 20 seconds left.
|inactive|wowzerslol has 15 seconds left.
|inactive|wowzerslol has 10 seconds left.
|
|t:|1756640762
|-terastallize|p1a: Hydreigon|Ghost
|move|p2a: Sneasler|Dire Claw|p1b: Ninetales
|-supereffective|p1b: Ninetales
|-damage|p1b: Ninetales|23/100
|move|p1b: Ninetales|Aurora Veil|p1b: Ninetales
|-sidestart|p1: wowzerslol|move: Aurora Veil
|move|p2b: Indeedee|Expanding Force|p1b: Ninetales|[spread] p1a,p1b
|-damage|p1a: Hydreigon|61/100
|-damage|p1b: Ninetales|0 fnt
|faint|p1b: Ninetales
|move|p1a: Hydreigon|Earth Power|p2a: Sneasler
|-supereffective|p2a: Sneasler
|-damage|p2a: Sneasler|10/100
|
|-weather|Snowscape|[upkeep]
|upkeep
|
|t:|1756640773
|switch|p1b: Rillaboom|Rillaboom, L50, M|100/100
|-fieldstart|move: Grassy Terrain|[from] ability: Grassy Surge|[of] p1b: Rillaboom
|turn|2
|inactive|Yankiken has 30 seconds left.
|
|t:|1756640800
|switch|p2a: Dondozo|Dondozo, L50, F|100/100
|switch|p2b: Tatsugiri|Tatsugiri, L50, F|100/100
|-activate|p2b: Tatsugiri|ability: Commander|[of] p2a: Dondozo
|-boost|p2a: Dondozo|atk|2
|-boost|p2a: Dondozo|spa|2
|-boost|p2a: Dondozo|spe|2
|-boost|p2a: Dondozo|def|2
|-boost|p2a: Dondozo|spd|2
|move|p1b: Rillaboom|Grassy Glide|p2a: Dondozo
|-supereffective|p2a: Dondozo
|-damage|p2a: Dondozo|78/100
|move|p1a: Hydreigon|Earth Power|p2b: Tatsugiri|[miss]
|-miss|p1a: Hydreigon|p2b: Tatsugiri
|
|-weather|Snowscape|[upkeep]
|-heal|p2a: Dondozo|84/100|[from] Grassy Terrain
|-heal|p2a: Dondozo|91/100|[from] item: Leftovers
|upkeep
|turn|3
|inactive|wowzerslol has 30 seconds left.
|
|t:|1756640833
|switch|p1b: Sneasler|Sneasler, L50, M|100/100
|-terastallize|p2a: Dondozo|Grass
|move|p2a: Dondozo|Order Up|p1b: Sneasler
|-damage|p1b: Sneasler|44/100
|-boost|p2a: Dondozo|atk|1
|move|p1a: Hydreigon|Earth Power|p2a: Dondozo
|-resisted|p2a: Dondozo
|-damage|p2a: Dondozo|78/100
|-unboost|p2a: Dondozo|spd|1
|
|-weather|Snowscape|[upkeep]
|-heal|p1b: Sneasler|50/100|[from] Grassy Terrain
|-heal|p2a: Dondozo|84/100|[from] Grassy Terrain
|-heal|p2a: Dondozo|91/100|[from] item: Leftovers
|upkeep
|turn|4
|j| SpeShadow
|
|t:|1756640844
|switch|p1a: Rillaboom|Rillaboom, L50, M|100/100
|move|p1b: Sneasler|Protect|p1b: Sneasler
|-singleturn|p1b: Sneasler|Protect
|move|p2a: Dondozo|Wave Crash|p1a: Rillaboom
|-resisted|p1a: Rillaboom
|-damage|p1a: Rillaboom|57/100
|-damage|p2a: Dondozo|78/100|[from] Recoil
|
|-weather|Snowscape|[upkeep]
|-heal|p1b: Sneasler|55/100|[from] Grassy Terrain
|-heal|p2a: Dondozo|84/100|[from] Grassy Terrain
|-heal|p2a: Dondozo|91/100|[from] item: Leftovers
|-heal|p1a: Rillaboom|63/100|[from] Grassy Terrain
|upkeep
|turn|5
|
|t:|1756640861
|move|p2a: Dondozo|Protect|p2a: Dondozo
|-singleturn|p2a: Dondozo|Protect
|move|p1a: Rillaboom|Fake Out|p2a: Dondozo
|-activate|p2a: Dondozo|move: Protect
|move|p1b: Sneasler|Coaching|p1a: Rillaboom
|-boost|p1a: Rillaboom|atk|1
|-boost|p1a: Rillaboom|def|1
|
|-weather|none
|-heal|p1b: Sneasler|61/100|[from] Grassy Terrain
|-heal|p2a: Dondozo|97/100|[from] Grassy Terrain
|-heal|p2a: Dondozo|100/100|[from] item: Leftovers
|-heal|p1a: Rillaboom|69/100|[from] Grassy Terrain
|-sideend|p1: wowzerslol|move: Aurora Veil
|upkeep
|turn|6
|
|t:|1756640871
|move|p1b: Sneasler|Dire Claw|p2a: Dondozo
|-supereffective|p2a: Dondozo
|-damage|p2a: Dondozo|72/100
|move|p2a: Dondozo|Order Up|p1a: Rillaboom
|-damage|p1a: Rillaboom|15/100
|-boost|p2a: Dondozo|atk|1
|move|p1a: Rillaboom|Wood Hammer|p2a: Dondozo
|-resisted|p2a: Dondozo
|-damage|p2a: Dondozo|60/100
|-damage|p1a: Rillaboom|10/100|[from] Recoil
|
|-heal|p1b: Sneasler|67/100|[from] Grassy Terrain
|-heal|p2a: Dondozo|66/100|[from] Grassy Terrain
|-heal|p2a: Dondozo|72/100|[from] item: Leftovers
|-heal|p1a: Rillaboom|16/100|[from] Grassy Terrain
|-fieldend|move: Grassy Terrain
|upkeep
|turn|7
|
|t:|1756640883
|move|p1b: Sneasler|Dire Claw|p2a: Dondozo
|-supereffective|p2a: Dondozo
|-damage|p2a: Dondozo|40/100
|-status|p2a: Dondozo|psn
|move|p2a: Dondozo|Earthquake|p1b: Sneasler|[spread] p1a,p1b
|-miss|p2a: Dondozo|p2b: Tatsugiri
|-resisted|p1a: Rillaboom
|-supereffective|p1b: Sneasler
|-damage|p1a: Rillaboom|0 fnt
|-damage|p1b: Sneasler|0 fnt
|faint|p1a: Rillaboom
|faint|p1b: Sneasler
|
|-heal|p2a: Dondozo|46/100 psn|[from] item: Leftovers
|-damage|p2a: Dondozo|34/100 psn|[from] psn
|upkeep
|
|t:|1756640891
|switch|p1b: Hydreigon|Hydreigon, L50, F, tera:Ghost|61/100
|turn|8
|
|t:|1756640893
|move|p2a: Dondozo|Wave Crash|p1b: Hydreigon
|-damage|p1b: Hydreigon|0 fnt
|faint|p1b: Hydreigon
|-damage|p2a: Dondozo|20/100 psn|[from] Recoil
|
|win|Yankiken
||wowzerslol is ready for game 2.
||wowzerslol is ready for game 2.
||Yankiken is ready for game 2.
|uhtml|next|Next: Game 2 of 3
|l|☆wowzerslol
|player|p1|
