|j|☆avigdor
|j|☆marcoslegui
|html|avigdormarcoslegui    
|uhtml|bestof|Game 3 of a best-of-3
|t:|1756293538
|gametype|doubles
|player|p1|avigdor|sabrina|1070
|player|p2|marcoslegui|pokekid|1135
|gen|9
|tier|[Gen 9] VGC 2025 Reg H (Bo3)
|rated|
|rule|Species Clause: Limit one of each Pokémon
|rule|Item Clause: Limit 1 of each item
|clearpoke
|poke|p1|Charizard, L50, M|
|poke|p1|Torkoal, L50, F|
|poke|p1|Porygon2, L50|
|poke|p1|Incineroar, L50, M|
|poke|p1|Jumpluff, L50, M|
|poke|p1|Ursaluna, L50, M|
|poke|p2|Sneasler, L50, F|
|poke|p2|Volcarona, L50, M|
|poke|p2|Kingambit, L50, M|
|poke|p2|Baxcalibur, L50, F|
|poke|p2|Basculegion, L50, M|
|poke|p2|Rillaboom, L50, F|
|teampreview|4
|showteam|p1|Charizard||ChoiceSpecs|SolarPower|HeatWave,Overheat,WeatherBall,AirSlash|||M|||50|,,,,,Ghost]Torkoal||EjectPack|Drought|Eruption,Overheat,HelpingHand,Protect|||F|||50|,,,,,Fire]Porygon2||Eviolite|Download|TeraBlast,IceBeam,Recover,TrickRoom||||||50|,,,,,Fighting]Incineroar||SitrusBerry|Intimidate|FlareBlitz,KnockOff,FakeOut,PartingShot|||M|||50|,,,,,Ghost]Jumpluff||CovertCloak|Chlorophyll|SleepPowder,SunnyDay,RagePowder,Tailwind|||M|||50|,,,,,Water]Ursaluna||FlameOrb|Guts|HeadlongRush,Facade,Earthquake,Protect|||M|||50|,,,,,Ghost
|showteam|p2|Sneasler||FocusSash|Unburden|Protect,CloseCombat,DireClaw,Coaching|||F|||50|,,,,,Stellar]Volcarona||CovertCloak|FlameBody|HeatWave,TeraBlast,QuiverDance,Protect|||M|||50|,,,,,Fairy]Kingambit||AssaultVest|Defiant|KowtowCleave,SuckerPunch,IronHead,LowKick|||M|||50|,,,,,Ghost]Baxcalibur||LoadedDice|ThermalExchange|IcicleSpear,ScaleShot,IceShard,Protect|||F|||50|,,,,,Ghost]Basculegion||ChoiceScarf|Adaptability|WaveCrash,FlipTurn,LastRespects,TeraBlast|||M|||50|,,,,,Fairy]Rillaboom||MiracleSeed|GrassySurge|WoodHammer,GrassyGlide,HighHorsepower,FakeOut|||F|||50|,,,,,Fire
|inactive|Battle timer is ON: inactive players will automatically lose when time's up. (requested by avigdor)
|inactive|avigdor has 60 seconds left.
|
|t:|1756293587
|teamsize|p1|4
|teamsize|p2|4
|start
|switch|p1a: Charizard|Charizard, L50, M|100/100
|switch|p1b: Incineroar|Incineroar, L50, M|100/100
|switch|p2a: Kingambit|Kingambit, L50, M|100/100
|switch|p2b: Baxcalibur|Baxcalibur, L50, F|100/100
|-ability|p1b: Incineroar|Intimidate|boost
|-unboost|p2a: Kingambit|atk|1
|-ability|p2a: Kingambit|Defiant|boost
|-boost|p2a: Kingambit|atk|2
|-unboost|p2b: Baxcalibur|atk|1
|turn|1
|inactive|marcoslegui has 30 seconds left.
|
|t:|1756293616
|-terastallize|p2a: Kingambit|Ghost
|move|p1b: Incineroar|Fake Out|p2b: Baxcalibur
|-damage|p2b: Baxcalibur|89/100
|move|p1a: Charizard|Heat Wave|p2b: Baxcalibur|[spread] p2a,p2b
|-damage|p2a: Kingambit|68/100
|-damage|p2b: Baxcalibur|41/100
|-ability|p2b: Baxcalibur|Thermal Exchange|boost
|-boost|p2b: Baxcalibur|atk|1
|cant|p2b: Baxcalibur|flinch
|move|p2a: Kingambit|Kowtow Cleave|p1a: Charizard
|-damage|p1a: Charizard|4/100
|
|upkeep
|turn|2
|inactive|avigdor has 30 seconds left.
|
|t:|1756293644
|switch|p1a: Jumpluff|Jumpluff, L50, M|100/100
|move|p2a: Kingambit|Sucker Punch||[still]
|-fail|p2a: Kingambit
|move|p2b: Baxcalibur|Scale Shot|p1a: Jumpluff|[miss]
|-miss|p2b: Baxcalibur|p1a: Jumpluff
|move|p1b: Incineroar|Knock Off|p2a: Kingambit
|-supereffective|p2a: Kingambit
|-crit|p2a: Kingambit
|-damage|p2a: Kingambit|0 fnt
|-enditem|p2a: Kingambit|Assault Vest|[from] move: Knock Off|[of] p1b: Incineroar
|faint|p2a: Kingambit
|
|upkeep
|
|t:|1756293664
|switch|p2a: Sneasler|Sneasler, L50, F|100/100
|turn|3
|
|t:|1756293684
|-terastallize|p1a: Jumpluff|Water
|move|p2a: Sneasler|Dire Claw|p1a: Jumpluff
|-damage|p1a: Jumpluff|51/100
|move|p1a: Jumpluff|Sleep Powder|p2b: Baxcalibur
|-status|p2b: Baxcalibur|slp|[from] move: Sleep Powder
|cant|p2b: Baxcalibur|slp
|move|p1b: Incineroar|Knock Off|p2a: Sneasler
|-resisted|p2a: Sneasler
|-damage|p2a: Sneasler|66/100
|-enditem|p2a: Sneasler|Focus Sash|[from] move: Knock Off|[of] p1b: Incineroar
|
|upkeep
|turn|4
|
|t:|1756293705
|switch|p1a: Ursaluna|Ursaluna, L50, M|100/100
|switch|p2b: Basculegion|Basculegion, L50, M|100/100
|move|p2a: Sneasler|Close Combat|p1a: Ursaluna
|-supereffective|p1a: Ursaluna
|-damage|p1a: Ursaluna|12/100
|-unboost|p2a: Sneasler|def|1
|-unboost|p2a: Sneasler|spd|1
|move|p1b: Incineroar|Flare Blitz|p2a: Sneasler
|-damage|p2a: Sneasler|0 fnt
|faint|p2a: Sneasler
|-damage|p1b: Incineroar|84/100|[from] Recoil
|
|-status|p1a: Ursaluna|brn|[from] item: Flame Orb
|upkeep
|
|t:|1756293719
|switch|p2a: Baxcalibur|Baxcalibur, L50, F|41/100 slp
|turn|5
|
|t:|1756293735
|switch|p1b: Jumpluff|Jumpluff, L50, M, tera:Water|51/100
|-curestatus|p2a: Baxcalibur|slp|[msg]
|move|p2a: Baxcalibur|Ice Shard|p1a: Ursaluna
|-supereffective|p1a: Ursaluna
|-damage|p1a: Ursaluna|0 fnt
|faint|p1a: Ursaluna
|move|p2b: Basculegion|Wave Crash|p1b: Jumpluff
|-resisted|p1b: Jumpluff
|-damage|p1b: Jumpluff|4/100
|-damage|p2b: Basculegion|86/100|[from] Recoil
|
|upkeep
|
|t:|1756293748
|switch|p1a: Incineroar|Incineroar, L50, M|84/100
|-ability|p1a: Incineroar|Intimidate|boost
|-unboost|p2a: Baxcalibur|atk|1
|-unboost|p2b: Basculegion|atk|1
|turn|6
|
|t:|1756293764
|move|p2a: Baxcalibur|Protect|p2a: Baxcalibur
|-singleturn|p2a: Baxcalibur|Protect
|move|p2b: Basculegion|Wave Crash|p1a: Incineroar
|-supereffective|p1a: Incineroar
|-damage|p1a: Incineroar|0 fnt
|faint|p1a: Incineroar
|-damage|p2b: Basculegion|58/100|[from] Recoil
|move|p1b: Jumpluff|Sunny Day|p1b: Jumpluff
|-weather|SunnyDay
|
|-weather|SunnyDay|[upkeep]
|upkeep
|
|t:|1756293769
|switch|p1a: Charizard|Charizard, L50, M|4/100
|turn|7
|
|t:|1756293781
|move|p2a: Baxcalibur|Ice Shard|p1a: Charizard
|-damage|p1a: Charizard|0 fnt
|faint|p1a: Charizard
|move|p1b: Jumpluff|Sleep Powder|p2b: Basculegion
|-status|p2b: Basculegion|slp|[from] move: Sleep Powder
|cant|p2b: Basculegion|slp
|
|-weather|SunnyDay|[upkeep]
|upkeep
|turn|8
|-message|avigdor forfeited.
|
|win|marcoslegui
|raw|avigdor's rating: 1070 → 1053(-17 for losing)
|raw|marcoslegui's rating: 1135 → 1155(+20 for winning)
|l|☆avigdor
|player|p1|
