|j|☆galloway2001
|j|☆carolchanning
|html|galloway2001carolchanning    
|uhtml|bestof|Game 2 of a best-of-3
|t:|1785689689
|gametype|doubles
|player|p1|galloway2001|1|1187
|player|p2|carolchanning|169|1301
|gen|9
|tier|[Gen 9 Champions] VGC 2026 Reg M-B (Bo3)
|rated|
|rule|Species Clause: Limit one of each Pokémon
|rule|Item Clause: Limit 1 of each item
|clearpoke
|poke|p1|Whimsicott, L50, M|
|poke|p1|Basculegion, L50, M|
|poke|p1|Floette-Eternal, L50, F|
|poke|p1|Garchomp, L50, F|
|poke|p1|Kingambit, L50, M|
|poke|p1|Charizard, L50, M|
|poke|p2|Sinistcha, L50|
|poke|p2|Floette-Eternal, L50, F|
|poke|p2|Maushold, L50|
|poke|p2|Delphox, L50, F|
|poke|p2|Incineroar, L50, M|
|poke|p2|Kingambit, L50, M|
|teampreview|4
|showteam|p1|Whimsicott||FocusSash|Prankster|Protect,Tailwind,Moonblast,Encore|Timid||M|||50|]Basculegion||LifeOrb|Adaptability|Protect,WaveCrash,LastRespects,AquaJet|Adamant||M|||50|]Floette-Eternal||Floettite|FlowerVeil|Protect,HelpingHand,Moonblast,DazzlingGleam|Timid||F|||50|]Garchomp||SitrusBerry|RoughSkin|DragonClaw,Earthquake,PoisonJab,RockSlide|Adamant||F|||50|]Kingambit||ChopleBerry|Defiant|IronHead,KowtowCleave,SuckerPunch,LowKick|Adamant||M|||50|]Charizard||CharizarditeY|Blaze|Protect,HeatWave,WeatherBall,SolarBeam|Modest||M|||50|
|showteam|p2|Sinistcha||OccaBerry|Hospitality|MatchaGotcha,RagePowder,TrickRoom,Protect|Bold|||||50|]Floette-Eternal||Floettite|FlowerVeil|Moonblast,DazzlingGleam,CalmMind,Protect|Timid||F|||50|]Maushold||FocusSash|FriendGuard|Feint,HelpingHand,FollowMe,Protect|Impish|||||50|]Delphox||Delphoxite|Blaze|HeatWave,Psyshock,NastyPlot,Protect|Timid||F|||50|]Incineroar||SitrusBerry|Intimidate|FakeOut,FlareBlitz,ThroatChop,PartingShot|Impish||M|||50|]Kingambit||LifeOrb|Defiant|KowtowCleave,SuckerPunch,IronHead,LowKick|Adamant||M|||50|
|inactive|Battle timer is ON: inactive players will automatically lose when time's up. (requested by carolchanning)
|
|t:|1785689717
|teamsize|p1|4
|teamsize|p2|4
|start
|switch|p1a: Kingambit|Kingambit, L50, M|100/100
|switch|p1b: Basculegion|Basculegion, L50, M|100/100
|switch|p2a: Floette|Floette-Eternal, L50, F|100/100
|switch|p2b: Incineroar|Incineroar, L50, M|100/100
|-ability|p2b: Incineroar|Intimidate|boost
|-unboost|p1a: Kingambit|atk|1
|-ability|p1a: Kingambit|Defiant|boost
|-boost|p1a: Kingambit|atk|2
|-unboost|p1b: Basculegion|atk|1
|turn|1
|
|t:|1785689729
|detailschange|p2a: Floette|Floette-Mega, L50, F
|-mega|p2a: Floette|Floette|Floettite
|-ability|p2a: Floette|Fairy Aura
|move|p2a: Floette|Protect|p2a: Floette
|-singleturn|p2a: Floette|Protect
|move|p1b: Basculegion|Wave Crash|p2b: Incineroar
|-supereffective|p2b: Incineroar|1
|-damage|p2b: Incineroar|5/100
|-enditem|p2b: Incineroar|Sitrus Berry|[eat]
|-heal|p2b: Incineroar|30/100|[from] item: Sitrus Berry
|-damage|p1b: Basculegion|68/100|[from] Recoil
|-damage|p1b: Basculegion|58/100|[from] item: Life Orb
|move|p2b: Incineroar|Parting Shot|p1b: Basculegion
|-unboost|p1b: Basculegion|atk|1
|-unboost|p1b: Basculegion|spa|1
|
|t:|1785689745
|switch|p2b: Sinistcha|Sinistcha, L50|100/100|[from] Parting Shot
|move|p1a: Kingambit|Iron Head|p2a: Floette
|-activate|p2a: Floette|move: Protect
|
|upkeep
|turn|2
|
|t:|1785689765
|switch|p1b: Whimsicott|Whimsicott, L50, M|100/100
|move|p2b: Sinistcha|Rage Powder|p2b: Sinistcha
|-singleturn|p2b: Sinistcha|move: Rage Powder
|move|p2a: Floette|Calm Mind|p2a: Floette
|-boost|p2a: Floette|spa|1
|-boost|p2a: Floette|spd|1
|move|p1a: Kingambit|Kowtow Cleave|p2b: Sinistcha
|-supereffective|p2b: Sinistcha|1
|-damage|p2b: Sinistcha|0 fnt
|faint|p2b: Sinistcha
|
|upkeep
|
|t:|1785689775
|switch|p2b: Maushold|Maushold, L50|100/100
|turn|3
|
|t:|1785689788
|move|p2b: Maushold|Follow Me|p2b: Maushold
|-singleturn|p2b: Maushold|move: Follow Me
|move|p1b: Whimsicott|Tailwind|p1b: Whimsicott
|-sidestart|p1: galloway2001|move: Tailwind
|move|p2a: Floette|Dazzling Gleam|p1b: Whimsicott|[spread] p1a,p1b
|-damage|p1a: Kingambit|34/100
|-enditem|p1b: Whimsicott|Focus Sash
|-damage|p1b: Whimsicott|1/100
|move|p1a: Kingambit|Kowtow Cleave|p2b: Maushold
|-damage|p2b: Maushold|33/100
|
|upkeep
|turn|4
|inactive|galloway2001 has 30 seconds left.
|
|t:|1785689818
|move|p1b: Whimsicott|Protect|p1b: Whimsicott
|-singleturn|p1b: Whimsicott|Protect
|move|p2b: Maushold|Feint|p1b: Whimsicott
|-activate|p1b: Whimsicott|move: Feint
|-damage|p1b: Whimsicott|0 fnt
|faint|p1b: Whimsicott
|move|p2a: Floette|Dazzling Gleam|p1a: Kingambit
|-damage|p1a: Kingambit|0 fnt
|faint|p1a: Kingambit
|
|upkeep
|
|t:|1785689828
|switch|p1b: Garchomp|Garchomp, L50, F|100/100
|switch|p1a: Basculegion|Basculegion, L50, M|58/100
|turn|5
|
|t:|1785689837
|switch|p2b: Incineroar|Incineroar, L50, M|30/100
|-ability|p2b: Incineroar|Intimidate|boost
|-unboost|p1a: Basculegion|atk|1
|-unboost|p1b: Garchomp|atk|1
|move|p2a: Floette|Protect|p2a: Floette
|-singleturn|p2a: Floette|Protect
|move|p1b: Garchomp|Rock Slide|p2a: Floette|[spread] p2b
|-activate|p2a: Floette|move: Protect
|-supereffective|p2b: Incineroar|1
|-damage|p2b: Incineroar|10/100
|move|p1a: Basculegion|Last Respects|p2a: Floette
|-activate|p2a: Floette|move: Protect
|
|upkeep
|turn|6
|inactive|carolchanning has 30 seconds left.
|inactive|carolchanning has 20 seconds left.
|inactive|carolchanning has 15 seconds left.
|
|t:|1785689878
|switch|p2a: Maushold|Maushold, L50|33/100
|move|p1b: Garchomp|Poison Jab|p2a: Maushold
|-damage|p2a: Maushold|15/100
|-status|p2a: Maushold|psn
|move|p1a: Basculegion|Last Respects|p2a: Maushold
|-immune|p2a: Maushold
|move|p2b: Incineroar|Throat Chop|p1a: Basculegion
|-supereffective|p1a: Basculegion|1
|-damage|p1a: Basculegion|0 fnt
|faint|p1a: Basculegion
|
|-damage|p2a: Maushold|3/100 psn|[from] psn
|-sideend|p1: galloway2001|move: Tailwind
|upkeep
|turn|7
|
|t:|1785689896
|move|p2a: Maushold|Feint|p1b: Garchomp
|-damage|p1b: Garchomp|92/100
|move|p1b: Garchomp|Earthquake|p2b: Incineroar|[spread] p2a,p2b
|-supereffective|p2b: Incineroar|1
|-damage|p2a: Maushold|0 fnt
|-damage|p2b: Incineroar|0 fnt
|faint|p2a: Maushold
|faint|p2b: Incineroar
|
|upkeep
|
|t:|1785689902
|switch|p2b: Floette|Floette-Mega, L50, F|100/100
|-ability|p2b: Floette|Fairy Aura
|turn|8
|
|t:|1785689913
|move|p2b: Floette|Moonblast|p1b: Garchomp
|-supereffective|p1b: Garchomp|1
|-damage|p1b: Garchomp|0 fnt
|faint|p1b: Garchomp
|
|win|carolchanning
|raw|galloway2001's rating: 1187 → 1170(-17 for losing)
|raw|carolchanning's rating: 1301 → 1315(+14 for winning)
|l|☆carolchanning
|player|p2|
