|j|☆rmalhada
|j|☆Iamapokeeboy
|html|rmalhadaIamapokeeboy    
|uhtml|bestof|Game 1 of a best-of-3
|t:|1786030033
|gametype|doubles
|player|p1|rmalhada|170|1040
|player|p2|Iamapokeeboy|266|1056
|gen|9
|tier|[Gen 9 Champions] VGC 2026 Reg M-B (Bo3)
|rated|
|rule|Species Clause: Limit one of each Pokémon
|rule|Item Clause: Limit 1 of each item
|clearpoke
|poke|p1|Staraptor, L50, M|
|poke|p1|Garchomp, L50, M|
|poke|p1|Whimsicott, L50, M|
|poke|p1|Delphox, L50, M|
|poke|p1|Glimmora, L50, M|
|poke|p1|Kingambit, L50, M|
|poke|p2|Excadrill, L50, F, shiny|
|poke|p2|Tyranitar, L50, F, shiny|
|poke|p2|Charizard, L50, F, shiny|
|poke|p2|Sinistcha-Masterpiece, L50, shiny|
|poke|p2|Gyarados, L50, F, shiny|
|poke|p2|Sneasler, L50, F, shiny|
|teampreview|4
|showteam|p1|Staraptor||Staraptite|Intimidate|Protect,Roost,CloseCombat,BraveBird|Jolly||M|||50|]Garchomp||LifeOrb|RoughSkin|Protect,RockSlide,Earthquake,DragonClaw|Jolly||M|||50|]Whimsicott||OccaBerry|Prankster|Moonblast,Tailwind,Charm,LightScreen|Timid||M|||50|]Delphox||Delphoxite|Magician|Protect,Psychic,HeatWave,Substitute|Timid||M|||50|]Glimmora||FocusSash|ToxicDebris|SpikyShield,SludgeBomb,EarthPower,PowerGem|Timid||M|||50|]Kingambit||ChopleBerry|Defiant|SuckerPunch,LowKick,IronHead,KowtowCleave|Adamant||M|||50|
|showteam|p2|Excadrill||FocusSash|SandRush|Earthquake,IronHead,RockSlide,Protect|Adamant||F|||50|]Tyranitar||Tyranitarite|SandStream|RockSlide,Crunch,IcePunch,Protect|Adamant||F|||50|]Charizard||CharizarditeY|Blaze|HeatWave,WeatherBall,SolarBeam,Protect|Timid||F|||50|]Sinistcha-Masterpiece||SitrusBerry|Hospitality|MatchaGotcha,RagePowder,TrickRoom,LifeDew|Sassy|||||50|]Gyarados||Leftovers|Intimidate|Waterfall,Protect,ThunderWave,Crunch|Jolly||F|||50|]Sneasler||WhiteHerb|Unburden|CloseCombat,DireClaw,FakeOut,Protect|Jolly||F|||50|
|
|t:|1786030112
|teamsize|p1|4
|teamsize|p2|4
|start
|switch|p1a: Staraptor|Staraptor, L50, M|100/100
|switch|p1b: Whimsicott|Whimsicott, L50, M|100/100
|switch|p2a: Gyarados|Gyarados, L50, F, shiny|100/100
|switch|p2b: Charizard|Charizard, L50, F, shiny|100/100
|-ability|p1a: Staraptor|Intimidate|boost
|-unboost|p2a: Gyarados|atk|1
|-unboost|p2b: Charizard|atk|1
|-ability|p2a: Gyarados|Intimidate|boost
|-unboost|p1a: Staraptor|atk|1
|-unboost|p1b: Whimsicott|atk|1
|turn|1
|
|t:|1786030149
|switch|p1a: Garchomp|Garchomp, L50, M|100/100
|detailschange|p2b: Charizard|Charizard-Mega-Y, L50, F, shiny
|-mega|p2b: Charizard|Charizard|Charizardite Y
|-weather|SunnyDay|[from] ability: Drought|[of] p2b: Charizard
|move|p1b: Whimsicott|Light Screen|p1b: Whimsicott
|-sidestart|p1: rmalhada|move: Light Screen
|move|p2b: Charizard|Weather Ball|p1a: Garchomp
|-resisted|p1a: Garchomp|1
|-damage|p1a: Garchomp|66/100
|move|p2a: Gyarados|Thunder Wave|p1a: Garchomp
|-immune|p1a: Garchomp
|
|-weather|SunnyDay|[upkeep]
|upkeep
|turn|2
|
|t:|1786030174
|switch|p2a: Tyranitar|Tyranitar, L50, F, shiny|100/100
|-weather|Sandstorm|[from] ability: Sand Stream|[of] p2a: Tyranitar
|move|p2b: Charizard|Protect|p2b: Charizard
|-singleturn|p2b: Charizard|Protect
|move|p1b: Whimsicott|Tailwind|p1b: Whimsicott
|-sidestart|p1: rmalhada|move: Tailwind
|move|p1a: Garchomp|Rock Slide|p2b: Charizard|[spread] p2a
|-activate|p2b: Charizard|move: Protect
|-damage|p2a: Tyranitar|82/100
|-damage|p1a: Garchomp|56/100|[from] item: Life Orb
|
|-weather|Sandstorm|[upkeep]
|-damage|p1b: Whimsicott|94/100|[from] Sandstorm
|-damage|p2b: Charizard|94/100|[from] Sandstorm
|upkeep
|turn|3
|
|t:|1786030213
|switch|p2b: Gyarados|Gyarados, L50, F, shiny|100/100
|-ability|p2b: Gyarados|Intimidate|boost
|-unboost|p1a: Garchomp|atk|1
|-unboost|p1b: Whimsicott|atk|1
|move|p1b: Whimsicott|Charm|p2a: Tyranitar
|-hint|Since gen 7, Dark is immune to Prankster moves.
|-immune|p2a: Tyranitar
|move|p1a: Garchomp|Rock Slide|p2b: Gyarados|[spread] p2b
|-miss|p1a: Garchomp|p2a: Tyranitar
|-supereffective|p2b: Gyarados|1
|-damage|p2b: Gyarados|63/100
|-damage|p1a: Garchomp|46/100|[from] item: Life Orb
|move|p2a: Tyranitar|Ice Punch|p1a: Garchomp
|-supereffective|p1a: Garchomp|2
|-damage|p1a: Garchomp|0 fnt
|-damage|p2a: Tyranitar|70/100|[from] ability: Rough Skin|[of] p1a: Garchomp
|faint|p1a: Garchomp
|
|-weather|Sandstorm|[upkeep]
|-damage|p1b: Whimsicott|88/100|[from] Sandstorm
|-damage|p2b: Gyarados|57/100|[from] Sandstorm
|-heal|p2b: Gyarados|63/100|[from] item: Leftovers
|upkeep
|
|t:|1786030235
|switch|p1a: Staraptor|Staraptor, L50, M|100/100
|-ability|p1a: Staraptor|Intimidate|boost
|-unboost|p2a: Tyranitar|atk|1
|-unboost|p2b: Gyarados|atk|1
|turn|4
|
|t:|1786030272
|switch|p2a: Charizard|Charizard-Mega-Y, L50, F, shiny|94/100
|-weather|SunnyDay|[from] ability: Drought|[of] p2a: Charizard
|detailschange|p1a: Staraptor|Staraptor-Mega, L50, M
|-mega|p1a: Staraptor|Staraptor|Staraptite
|move|p1b: Whimsicott|Charm|p1a: Staraptor
|-boost|p1a: Staraptor|atk|2
|move|p1a: Staraptor|Close Combat|p2b: Gyarados
|-resisted|p2b: Gyarados|1
|-damage|p2b: Gyarados|0 fnt
|-boost|p1a: Staraptor|def|1
|-boost|p1a: Staraptor|spd|1
|faint|p2b: Gyarados
|
|-weather|SunnyDay|[upkeep]
|upkeep
|
|t:|1786030298
|switch|p2b: Excadrill|Excadrill, L50, F, shiny|100/100
|turn|5
|
|t:|1786030342
|switch|p1b: Glimmora|Glimmora, L50, M|100/100
|move|p1a: Staraptor|Close Combat|p2b: Excadrill
|-supereffective|p2b: Excadrill|1
|-enditem|p2b: Excadrill|Focus Sash
|-damage|p2b: Excadrill|1/100
|-boost|p1a: Staraptor|def|1
|-boost|p1a: Staraptor|spd|1
|move|p2a: Charizard|Weather Ball|p1a: Staraptor
|-damage|p1a: Staraptor|71/100
|move|p2b: Excadrill|Iron Head|p1a: Staraptor
|-damage|p1a: Staraptor|47/100
|
|-weather|SunnyDay|[upkeep]
|-sideend|p1: rmalhada|move: Light Screen
|-sideend|p1: rmalhada|move: Tailwind
|upkeep
|turn|6
|
|t:|1786030387
|move|p2b: Excadrill|Protect|p2b: Excadrill
|-singleturn|p2b: Excadrill|Protect
|move|p1a: Staraptor|Roost|p1a: Staraptor
|-heal|p1a: Staraptor|97/100
|-singleturn|p1a: Staraptor|move: Roost
|move|p2a: Charizard|Weather Ball|p1a: Staraptor
|-damage|p1a: Staraptor|55/100
|move|p1b: Glimmora|Power Gem|p2a: Charizard
|-supereffective|p2a: Charizard|2
|-crit|p2a: Charizard
|-damage|p2a: Charizard|0 fnt
|faint|p2a: Charizard
|
|-weather|SunnyDay|[upkeep]
|upkeep
|-message|Iamapokeeboy forfeited.
|
|win|rmalhada
|l|☆Iamapokeeboy
|player|p2|
|raw|rmalhada's rating: 1040 → 1076(+36 for winning)
|raw|Iamapokeeboy's rating: 1056 → 1037(-19 for losing)
