|j|☆benniOVY
|j|☆RulingWillB
|html|benniOVYRulingWillB    
|uhtml|bestof|Game 1 of a best-of-3
|t:|1783939229
|gametype|doubles
|player|p1|benniOVY|170|1271
|player|p2|RulingWillB|170|1258
|gen|9
|tier|[Gen 9 Champions] VGC 2026 Reg M-B (Bo3)
|rated|
|rule|Species Clause: Limit one of each Pokémon
|rule|Item Clause: Limit 1 of each item
|clearpoke
|poke|p1|Venusaur, L50, M|
|poke|p1|Grimmsnarl, L50, M|
|poke|p1|Pelipper, L50, F|
|poke|p1|Archaludon, L50, M|
|poke|p1|Swampert, L50, F|
|poke|p1|Basculegion, L50, M|
|poke|p2|Froslass, L50, F|
|poke|p2|Kingambit, L50, M|
|poke|p2|Sneasler, L50, M|
|poke|p2|Glaceon, L50, F|
|poke|p2|Talonflame, L50, M|
|poke|p2|Garchomp, L50, F|
|teampreview|4
|showteam|p1|Venusaur||Venusaurite|Chlorophyll|GigaDrain,SludgeBomb,EarthPower,Protect|Modest||M|||50|]Grimmsnarl||LightClay|Prankster|SpiritBreak,PartingShot,Reflect,LightScreen|Careful||M|||50|]Pelipper||SitrusBerry|Drizzle|WeatherBall,Hurricane,WideGuard,Tailwind|Bold||F|||50|]Archaludon||Leftovers|Stamina|ElectroShot,FlashCannon,DragonPulse,Protect|Bold||M|||50|]Swampert||Swampertite|Torrent|WaveCrash,Earthquake,IcePunch,Protect|Adamant||F|||50|]Basculegion||ChoiceScarf|Adaptability|WaveCrash,FlipTurn,AquaJet,LastRespects|Jolly||M|||50|
|showteam|p2|Froslass||Froslassite|SnowCloak|Blizzard,ShadowBall,Protect,AuroraVeil|Modest||F|||50|]Kingambit||BlackGlasses|Defiant|KowtowCleave,LowKick,Protect,SuckerPunch|Adamant||M|||50|]Sneasler||FocusSash|Unburden|CloseCombat,Protect,DireClaw,FakeOut|Jolly||M|||50|]Glaceon||NeverMeltIce|SnowCloak|Blizzard,FreezeDry,IceShard,Protect|Modest||F|||50|]Talonflame||SharpBeak|GaleWings|FlareBlitz,BraveBird,Tailwind,Protect|Jolly||M|||50|]Garchomp||LifeOrb|RoughSkin|DragonClaw,RockSlide,Earthquake,Protect|Jolly||F|||50|
|c|☆benniOVY|glhf
|
|t:|1783939267
|teamsize|p1|4
|teamsize|p2|4
|start
|switch|p1a: Venusaur|Venusaur, L50, M|100/100
|switch|p1b: Grimmsnarl|Grimmsnarl, L50, M|100/100
|switch|p2a: Froslass|Froslass, L50, F|100/100
|switch|p2b: Glaceon|Glaceon, L50, F|100/100
|turn|1
|
|t:|1783939286
|detailschange|p2a: Froslass|Froslass-Mega, L50, F
|-mega|p2a: Froslass|Froslass|Froslassite
|-weather|Snowscape|[from] ability: Snow Warning|[of] p2a: Froslass
|detailschange|p1a: Venusaur|Venusaur-Mega, L50, M
|-mega|p1a: Venusaur|Venusaur|Venusaurite
|move|p1b: Grimmsnarl|Light Screen|p1b: Grimmsnarl
|-sidestart|p1: benniOVY|move: Light Screen
|move|p2a: Froslass|Blizzard|p1a: Venusaur|[spread] p1a,p1b
|-supereffective|p1a: Venusaur|1
|-damage|p1a: Venusaur|72/100
|-damage|p1b: Grimmsnarl|74/100
|move|p1a: Venusaur|Sludge Bomb|p2b: Glaceon
|-damage|p2b: Glaceon|50/100g
|move|p2b: Glaceon|Blizzard|p1b: Grimmsnarl|[spread] p1a,p1b
|-supereffective|p1a: Venusaur|1
|-damage|p1a: Venusaur|43/100
|-damage|p1b: Grimmsnarl|42/100
|
|-weather|Snowscape|[upkeep]
|upkeep
|turn|2
|
|t:|1783939303
|switch|p2b: Kingambit|Kingambit, L50, M|100/100
|move|p1b: Grimmsnarl|Parting Shot|p2a: Froslass
|-unboost|p2a: Froslass|atk|1
|-unboost|p2a: Froslass|spa|1
|
|t:|1783939307
|switch|p1b: Pelipper|Pelipper, L50, F|100/100|[from] Parting Shot
|-weather|RainDance|[from] ability: Drizzle|[of] p1b: Pelipper
|move|p2a: Froslass|Blizzard|p1b: Pelipper|[spread] p1a,p1b
|-supereffective|p1a: Venusaur|1
|-damage|p1a: Venusaur|27/100
|-damage|p1b: Pelipper|71/100
|move|p1a: Venusaur|Sludge Bomb|p2b: Kingambit
|-immune|p2b: Kingambit
|
|-weather|RainDance|[upkeep]
|upkeep
|turn|3
|
|t:|1783939326
|switch|p2a: Sneasler|Sneasler, L50, M|100/100
|move|p1a: Venusaur|Protect|p1a: Venusaur
|-singleturn|p1a: Venusaur|Protect
|move|p2b: Kingambit|Sucker Punch|p1b: Pelipper
|-damage|p1b: Pelipper|30/100
|-enditem|p1b: Pelipper|Sitrus Berry|[eat]
|-heal|p1b: Pelipper|55/100|[from] item: Sitrus Berry
|move|p1b: Pelipper|Weather Ball|p2b: Kingambit
|-damage|p2b: Kingambit|47/100
|
|-weather|RainDance|[upkeep]
|upkeep
|turn|4
|
|t:|1783939353
|switch|p1a: Basculegion|Basculegion, L50, M|100/100
|move|p2a: Sneasler|Fake Out|p1a: Basculegion
|-immune|p1a: Basculegion
|move|p2b: Kingambit|Kowtow Cleave|p1b: Pelipper
|-damage|p1b: Pelipper|2/100
|move|p1b: Pelipper|Weather Ball|p2b: Kingambit
|-damage|p2b: Kingambit|0 fnt
|faint|p2b: Kingambit
|
|-weather|RainDance|[upkeep]
|upkeep
|
|t:|1783939368
|switch|p2b: Froslass|Froslass-Mega, L50, F|100/100
|-weather|Snowscape|[from] ability: Snow Warning|[of] p2b: Froslass
|turn|5
|c|☆benniOVY|thats one fast kingambit lmao
|
|t:|1783939393
|move|p1b: Pelipper|Wide Guard|p1b: Pelipper
|-singleturn|p1b: Pelipper|Wide Guard
|move|p1a: Basculegion|Flip Turn|p2a: Sneasler
|-damage|p2a: Sneasler|31/100
|
|t:|1783939397
|switch|p1a: Grimmsnarl|Grimmsnarl, L50, M|42/100|[from] Flip Turn
|move|p2a: Sneasler|Dire Claw|p1b: Pelipper
|-damage|p1b: Pelipper|0 fnt
|faint|p1b: Pelipper
|move|p2b: Froslass|Shadow Ball|p1a: Grimmsnarl
|-resisted|p1a: Grimmsnarl|1
|-damage|p1a: Grimmsnarl|29/100
|
|-weather|Snowscape|[upkeep]
|upkeep
|
|t:|1783939399
|switch|p1b: Basculegion|Basculegion, L50, M|100/100
|turn|6
|
|t:|1783939423
|move|p2b: Froslass|Protect|p2b: Froslass
|-singleturn|p2b: Froslass|Protect
|move|p1b: Basculegion|Last Respects|p2b: Froslass
|-activate|p2b: Froslass|move: Protect
|move|p2a: Sneasler|Dire Claw|p1b: Basculegion
|-resisted|p1b: Basculegion|1
|-damage|p1b: Basculegion|75/100
|-status|p1b: Basculegion|psn
|move|p1a: Grimmsnarl|Spirit Break|p2a: Sneasler
|-damage|p2a: Sneasler|0 fnt
|faint|p2a: Sneasler
|
|-weather|Snowscape|[upkeep]
|-damage|p1b: Basculegion|62/100 psn|[from] psn
|upkeep
|
|t:|1783939437
|switch|p2a: Glaceon|Glaceon, L50, F|50/100g
|turn|7
|
|t:|1783939461
|move|p2b: Froslass|Protect||[still]
|-fail|p2b: Froslass
|move|p1b: Basculegion|Last Respects|p2b: Froslass
|-supereffective|p2b: Froslass|1
|-damage|p2b: Froslass|0 fnt
|faint|p2b: Froslass
|move|p2a: Glaceon|Freeze-Dry|p1b: Basculegion
|-supereffective|p1b: Basculegion|1
|-damage|p1b: Basculegion|0 fnt
|faint|p1b: Basculegion
|move|p1a: Grimmsnarl|Spirit Break|p2a: Glaceon|[miss]
|-miss|p1a: Grimmsnarl|p2a: Glaceon
|
|-weather|Snowscape|[upkeep]
|upkeep
|
|t:|1783939471
|switch|p1b: Venusaur|Venusaur-Mega, L50, M|27/100
|turn|8
|c|☆benniOVY|this is actaully the one way i lose lmao
|
|t:|1783939489
|move|p2a: Glaceon|Ice Shard|p1b: Venusaur
|-supereffective|p1b: Venusaur|1
|-damage|p1b: Venusaur|18/100
|move|p1a: Grimmsnarl|Parting Shot|p2a: Glaceon
|-unboost|p2a: Glaceon|atk|1
|-unboost|p2a: Glaceon|spa|1
|move|p1b: Venusaur|Sludge Bomb|p2a: Glaceon
|-damage|p2a: Glaceon|1/100
|-status|p2a: Glaceon|psn
|
|-weather|Snowscape|[upkeep]
|-damage|p2a: Glaceon|0 fnt|[from] psn
|faint|p2a: Glaceon
|
|win|benniOVY
||RulingWillB is ready for game 2.
||benniOVY is ready for game 2.
|uhtml|next|Next: Game 2 of 3
|l|☆RulingWillB
|player|p2|
