|j|☆bartcr0987
|j|☆iori696
|html|bartcr0987iori696    
|uhtml|bestof|Game 1 of a best-of-3
|t:|1783391905
|gametype|doubles
|player|p1|bartcr0987|170|
|player|p2|iori696|169|
|gen|9
|tier|[Gen 9 Champions] VGC 2026 Reg M-B (Bo3)
|rule|Species Clause: Limit one of each Pokémon
|rule|Item Clause: Limit 1 of each item
|clearpoke
|poke|p1|Charizard, L50, M, shiny|
|poke|p1|Sneasler, L50, M, shiny|
|poke|p1|Floette-Eternal, L50, F|
|poke|p1|Kingambit, L50, F, shiny|
|poke|p1|Basculegion, L50, M|
|poke|p1|Farigiraf, L50, F|
|poke|p2|Swampert, L50, M|
|poke|p2|Pelipper, L50, F|
|poke|p2|Archaludon, L50, F|
|poke|p2|Grimmsnarl, L50, M|
|poke|p2|Metagross, L50|
|poke|p2|Sinistcha, L50|
|teampreview|4
|showteam|p1|Charizard||CharizarditeY|SolarPower|HeatWave,SolarBeam,WeatherBall,Protect|Timid||M|||50|]Sneasler||FocusSash|PoisonTouch|DireClaw,CloseCombat,Protect,FakeOut|Jolly||M|||50|]Floette-Eternal||Floettite|FlowerVeil|Moonblast,DazzlingGleam,LightofRuin,Protect|Modest||F|||50|]Kingambit||BlackGlasses|Defiant|KowtowCleave,SuckerPunch,SwordsDance,Protect|Adamant||F|||50|]Basculegion||ChoiceScarf|Adaptability|LastRespects,WaveCrash,AquaJet,FlipTurn|Jolly||M|||50|]Farigiraf||SitrusBerry|ArmorTail|TrickRoom,FoulPlay,Psychic,RainDance|Bold||F|||50|
|showteam|p2|Swampert||Swampertite|Torrent|WaveCrash,Earthquake,IcePunch,Protect|Adamant||M|||50|]Pelipper||FocusSash|Drizzle|WeatherBall,Hurricane,Tailwind,Protect|Modest||F|||50|]Archaludon||Leftovers|Stamina|ElectroShot,FlashCannon,DragonPulse,Protect|Modest||F|||50|]Grimmsnarl||LightClay|Prankster|SpiritBreak,LightScreen,Reflect,PartingShot|Careful||M|||50|]Metagross||Metagrossite|ClearBody|IronHead,PsychicFangs,StompingTantrum,Protect|Jolly|||||50|]Sinistcha||CobaBerry|Hospitality|MatchaGotcha,LifeDew,TrickRoom,RagePowder|Bold|||||50|
|inactive|Battle timer is ON: inactive players will automatically lose when time's up. (requested by bartcr0987)
|inactive|iori696 has 60 seconds left.
|
|t:|1783391967
|teamsize|p1|4
|teamsize|p2|4
|start
|switch|p1a: Sneasler|Sneasler, L50, M, shiny|100/100
|switch|p1b: Kingambit|Kingambit, L50, F, shiny|100/100
|switch|p2a: Grimmsnarl|Grimmsnarl, L50, M|100/100
|switch|p2b: Archaludon|Archaludon, L50, F|100/100
|turn|1
|inactive|iori696 has 30 seconds left.
|
|t:|1783391993
|move|p1a: Sneasler|Fake Out|p2a: Grimmsnarl
|-damage|p2a: Grimmsnarl|85/100
|cant|p2a: Grimmsnarl|flinch
|move|p2b: Archaludon|Flash Cannon|p1a: Sneasler
|-damage|p1a: Sneasler|42/100
|move|p1b: Kingambit|Swords Dance|p1b: Kingambit
|-boost|p1b: Kingambit|atk|2
|
|upkeep
|turn|2
|
|t:|1783392009
|move|p2b: Archaludon|Protect|p2b: Archaludon
|-singleturn|p2b: Archaludon|Protect
|move|p2a: Grimmsnarl|Reflect|p2a: Grimmsnarl
|-sidestart|p2: iori696|Reflect
|move|p1a: Sneasler|Close Combat|p2b: Archaludon
|-activate|p2b: Archaludon|move: Protect
|move|p1b: Kingambit|Kowtow Cleave|p2b: Archaludon
|-activate|p2b: Archaludon|move: Protect
|
|upkeep
|turn|3
|
|t:|1783392025
|move|p2a: Grimmsnarl|Parting Shot|p1a: Sneasler
|-unboost|p1a: Sneasler|atk|1
|-unboost|p1a: Sneasler|spa|1
|
|t:|1783392028
|switch|p2a: Pelipper|Pelipper, L50, F|100/100|[from] Parting Shot
|-weather|RainDance|[from] ability: Drizzle|[of] p2a: Pelipper
|move|p1a: Sneasler|Dire Claw|p2a: Pelipper
|-damage|p2a: Pelipper|72/100
|move|p2b: Archaludon|Electro Shot||[still]
|-prepare|p2b: Archaludon|Electro Shot
|-boost|p2b: Archaludon|spa|1
|-anim|p2b: Archaludon|Electro Shot|p1b: Kingambit
|-damage|p1b: Kingambit|39/100
|move|p1b: Kingambit|Kowtow Cleave|p2a: Pelipper
|-crit|p2a: Pelipper
|-damage|p2a: Pelipper|0 fnt
|faint|p2a: Pelipper
|
|-weather|RainDance|[upkeep]
|upkeep
|
|t:|1783392040
|switch|p2a: Swampert|Swampert, L50, M|100/100
|turn|4
|inactive|iori696 has 30 seconds left.
|inactive|iori696 has 20 seconds left.
|
|t:|1783392076
|switch|p2b: Grimmsnarl|Grimmsnarl, L50, M|85/100
|detailschange|p2a: Swampert|Swampert-Mega, L50, M
|-mega|p2a: Swampert|Swampert|Swampertite
|move|p1b: Kingambit|Protect|p1b: Kingambit
|-singleturn|p1b: Kingambit|Protect
|move|p2a: Swampert|Earthquake|p1a: Sneasler|[spread] p2b,p1a
|-activate|p1b: Kingambit|move: Protect
|-supereffective|p1a: Sneasler|1
|-damage|p2b: Grimmsnarl|54/100
|-damage|p1a: Sneasler|0 fnt
|faint|p1a: Sneasler
|
|-weather|RainDance|[upkeep]
|upkeep
|
|t:|1783392091
|switch|p1a: Floette|Floette-Eternal, L50, F|100/100
|turn|5
|
|t:|1783392102
|detailschange|p1a: Floette|Floette-Mega, L50, F
|-mega|p1a: Floette|Floette|Floettite
|-ability|p1a: Floette|Fairy Aura
|move|p2b: Grimmsnarl|Light Screen|p2b: Grimmsnarl
|-sidestart|p2: iori696|move: Light Screen
|move|p1b: Kingambit|Sucker Punch|p2a: Swampert
|-damage|p2a: Swampert|47/100
|move|p2a: Swampert|Wave Crash|p1a: Floette
|-damage|p1a: Floette|0 fnt
|faint|p1a: Floette
|-damage|p2a: Swampert|20/100y|[from] Recoil
|
|-weather|RainDance|[upkeep]
|upkeep
|
|t:|1783392110
|switch|p1a: Oscar|Basculegion, L50, M|100/100
|turn|6
|inactive|bartcr0987 has 30 seconds left.
|
|t:|1783392136
|move|p2a: Swampert|Protect|p2a: Swampert
|-singleturn|p2a: Swampert|Protect
|move|p2b: Grimmsnarl|Parting Shot|p1a: Oscar
|-unboost|p1a: Oscar|atk|1
|-unboost|p1a: Oscar|spa|1
|
|t:|1783392139
|switch|p2b: Archaludon|Archaludon, L50, F|100/100|[from] Parting Shot
|move|p1a: Oscar|Wave Crash|p2b: Archaludon
|-resisted|p2b: Archaludon|1
|-damage|p2b: Archaludon|82/100
|-ability|p2b: Archaludon|Stamina|boost
|-boost|p2b: Archaludon|def|1
|-damage|p1a: Oscar|93/100|[from] Recoil
|move|p1b: Kingambit|Swords Dance|p1b: Kingambit
|-boost|p1b: Kingambit|atk|2
|
|-weather|RainDance|[upkeep]
|-heal|p2b: Archaludon|88/100|[from] item: Leftovers
|upkeep
|turn|7
|
|t:|1783392159
|move|p1b: Kingambit|Protect|p1b: Kingambit
|-singleturn|p1b: Kingambit|Protect
|move|p2a: Swampert|Earthquake|p1b: Kingambit|[spread] p2b,p1a
|-activate|p1b: Kingambit|move: Protect
|-supereffective|p2b: Archaludon|1
|-damage|p2b: Archaludon|57/100
|-damage|p1a: Oscar|40/100
|-ability|p2b: Archaludon|Stamina|boost
|-boost|p2b: Archaludon|def|1
|move|p1a: Oscar|Wave Crash|p2a: Swampert
|-damage|p2a: Swampert|0 fnt
|faint|p2a: Swampert
|-damage|p1a: Oscar|33/100|[from] Recoil
|move|p2b: Archaludon|Electro Shot||[still]
|-prepare|p2b: Archaludon|Electro Shot
|-boost|p2b: Archaludon|spa|1
|-anim|p2b: Archaludon|Electro Shot|p1b: Kingambit
|-activate|p1b: Kingambit|move: Protect
|
|-weather|none
|-heal|p2b: Archaludon|63/100|[from] item: Leftovers
|upkeep
|
|t:|1783392168
|switch|p2a: Grimmsnarl|Grimmsnarl, L50, M|54/100
|turn|8
|
|t:|1783392191
|move|p1b: Kingambit|Sucker Punch|p2b: Archaludon
|-damage|p2b: Archaludon|27/100
|-ability|p2b: Archaludon|Stamina|boost
|-boost|p2b: Archaludon|def|1
|move|p1a: Oscar|Wave Crash|p2a: Grimmsnarl
|-damage|p2a: Grimmsnarl|23/100
|-damage|p1a: Oscar|22/100|[from] Recoil
|move|p2b: Archaludon|Dragon Pulse|p1b: Kingambit
|-resisted|p1b: Kingambit|1
|-damage|p1b: Kingambit|7/100
|move|p2a: Grimmsnarl|Spirit Break|p1a: Oscar
|-damage|p1a: Oscar|0 fnt
|faint|p1a: Oscar
|
|-heal|p2b: Archaludon|33/100|[from] item: Leftovers
|upkeep
|turn|9
|
|t:|1783392204
|move|p1b: Kingambit|Sucker Punch|p2b: Archaludon
|-damage|p2b: Archaludon|4/100
|-ability|p2b: Archaludon|Stamina|boost
|-boost|p2b: Archaludon|def|1
|move|p2b: Archaludon|Dragon Pulse|p1b: Kingambit
|-resisted|p1b: Kingambit|1
|-damage|p1b: Kingambit|0 fnt
|faint|p1b: Kingambit
|
|win|iori696
||bartcr0987 is ready for game 2.
||iori696 is ready for game 2.
|uhtml|next|Next: Game 2 of 3
