|j|☆lolgz
|j|☆MYSEEMBENTON
|html|lolgzMYSEEMBENTON    
|uhtml|bestof|Game 1 of a best-of-3
|t:|1783937131
|gametype|doubles
|player|p1|lolgz|dawn|1034
|player|p2|MYSEEMBENTON|265|1142
|gen|9
|tier|[Gen 9 Champions] VGC 2026 Reg M-B (Bo3)
|rated|
|rule|Species Clause: Limit one of each Pokémon
|rule|Item Clause: Limit 1 of each item
|clearpoke
|poke|p1|Kingambit, L50, M|
|poke|p1|Vivillon, L50, F|
|poke|p1|Incineroar, L50, F|
|poke|p1|Sinistcha, L50|
|poke|p1|Delphox, L50, F|
|poke|p1|Feraligatr, L50, M|
|poke|p2|Blaziken, L50, M|
|poke|p2|Charizard, L50, F|
|poke|p2|Garchomp, L50, F|
|poke|p2|Basculegion, L50, M|
|poke|p2|Kingambit, L50, F|
|poke|p2|Sinistcha-Masterpiece, L50|
|teampreview|4
|showteam|p1|Kingambit||BlackGlasses|Defiant|SuckerPunch,KowtowCleave,Protect,SwordsDance|Adamant||M|||50|]Vivillon||ChoiceScarf|CompoundEyes|SleepPowder,Hurricane,RagePowder,Tailwind|Timid||F|||50|]Incineroar||PasshoBerry|Intimidate|PartingShot,FakeOut,ThroatChop,FlareBlitz|Careful||F|||50|]Sinistcha||KasibBerry|Hospitality|MatchaGotcha,RagePowder,TrickRoom,Protect|Serious|||||50|]Delphox||Delphoxite|Blaze|HeatWave,Psychic,Protect,NastyPlot|Timid||F|||50|]Feraligatr||Feraligite|Torrent|Liquidation,BodySlam,Protect,DragonDance|Jolly||M|||50|
|showteam|p2|Blaziken||LifeOrb|SpeedBoost|FirePunch,Protect,FlareBlitz,CloseCombat|Adamant||M|||50|]Charizard||CharizarditeY|Blaze|SolarBeam,Protect,WeatherBall,HeatWave|Modest||F|||50|]Garchomp||SoftSand|SandVeil|Protect,StompingTantrum,RockSlide,DragonClaw|Adamant||F|||50|]Basculegion||ChoiceScarf|Adaptability|FlipTurn,IcyWind,WaveCrash,LastRespects|Adamant||M|||50|]Kingambit||BlackGlasses|Defiant|Protect,SuckerPunch,IronHead,KowtowCleave|Adamant||F|||50|]Sinistcha-Masterpiece||SitrusBerry|Hospitality|Protect,RagePowder,MatchaGotcha,LifeDew|Modest|||||50|
|inactive|Battle timer is ON: inactive players will automatically lose when time's up. (requested by lolgz)
|inactive|lolgz has 60 seconds left.
|inactive|MYSEEMBENTON has 60 seconds left.
|inactive|lolgz has 30 seconds left.
|inactive|lolgz has 20 seconds left.
|inactive|lolgz has 15 seconds left.
|inactive|lolgz has 10 seconds left.
|inactive|lolgz has 5 seconds left.
|
|t:|1783937219
|teamsize|p1|4
|teamsize|p2|4
|start
|switch|p1a: Vivillon|Vivillon, L50, F|100/100
|switch|p1b: Feraligatr|Feraligatr, L50, M|100/100
|switch|p2a: Blaziken|Blaziken, L50, M|100/100
|switch|p2b: Charizard|Charizard, L50, F|100/100
|turn|1
|inactive|lolgz has 30 seconds left.
|inactive|MYSEEMBENTON has 30 seconds left.
|inactive|lolgz has 20 seconds left.
|inactive|MYSEEMBENTON has 20 seconds left.
|inactive|MYSEEMBENTON has 15 seconds left.
|
|t:|1783937261
|switch|p2a: Sinistcha|Sinistcha-Masterpiece, L50|100/100
|detailschange|p2b: Charizard|Charizard-Mega-Y, L50, F
|-mega|p2b: Charizard|Charizard|Charizardite Y
|-weather|SunnyDay|[from] ability: Drought|[of] p2b: Charizard
|detailschange|p1b: Feraligatr|Feraligatr-Mega, L50, M
|-mega|p1b: Feraligatr|Feraligatr|Feraligite
|move|p1a: Vivillon|Sleep Powder|p2b: Charizard
|-status|p2b: Charizard|slp|[from] move: Sleep Powder
|cant|p2b: Charizard|slp
|move|p1b: Feraligatr|Dragon Dance|p1b: Feraligatr
|-boost|p1b: Feraligatr|atk|1
|-boost|p1b: Feraligatr|spe|1
|
|-weather|SunnyDay|[upkeep]
|upkeep
|turn|2
|inactive|MYSEEMBENTON has 30 seconds left.
|
|t:|1783937290
|switch|p1a: Incineroar|Incineroar, L50, F|100/100
|-ability|p1a: Incineroar|Intimidate|boost
|-unboost|p2a: Sinistcha|atk|1
|-unboost|p2b: Charizard|atk|1
|move|p1b: Feraligatr|Body Slam|p2a: Sinistcha
|-damage|p2a: Sinistcha|21/100
|-enditem|p2a: Sinistcha|Sitrus Berry|[eat]
|-heal|p2a: Sinistcha|45/100|[from] item: Sitrus Berry
|cant|p2b: Charizard|slp
|move|p2a: Sinistcha|Matcha Gotcha|p1b: Feraligatr|[spread] p1a,p1b
|-resisted|p1a: Incineroar|1
|-damage|p1a: Incineroar|88/100
|-heal|p2a: Sinistcha|54/100|[from] drain|[of] p1a: Incineroar
|-damage|p1b: Feraligatr|65/100
|-heal|p2a: Sinistcha|77/100|[from] drain|[of] p1b: Feraligatr
|
|-weather|SunnyDay|[upkeep]
|upkeep
|turn|3
|inactive|MYSEEMBENTON has 30 seconds left.
|
|t:|1783937322
|move|p2a: Sinistcha|Protect|p2a: Sinistcha
|-singleturn|p2a: Sinistcha|Protect
|move|p1b: Feraligatr|Body Slam|p2b: Charizard
|-damage|p2b: Charizard|0 fnt
|faint|p2b: Charizard
|move|p1a: Incineroar|Flare Blitz|p2a: Sinistcha
|-activate|p2a: Sinistcha|move: Protect
|
|-weather|SunnyDay|[upkeep]
|upkeep
|
|t:|1783937332
|switch|p2b: Blaziken|Blaziken, L50, M|100/100
|turn|4
|
|t:|1783937347
|switch|p2a: Basculegion|Basculegion, L50, M|100/100
|move|p2b: Blaziken|Protect|p2b: Blaziken
|-singleturn|p2b: Blaziken|Protect
|move|p1b: Feraligatr|Body Slam|p2b: Blaziken
|-activate|p2b: Blaziken|move: Protect
|move|p1a: Incineroar|Flare Blitz|p2a: Basculegion
|-resisted|p2a: Basculegion|1
|-damage|p2a: Basculegion|56/100
|-damage|p1a: Incineroar|74/100|[from] Recoil
|
|-weather|SunnyDay|[upkeep]
|-ability|p2b: Blaziken|Speed Boost|boost
|-boost|p2b: Blaziken|spe|1
|upkeep
|turn|5
|
|t:|1783937372
|move|p1b: Feraligatr|Protect|p1b: Feraligatr
|-singleturn|p1b: Feraligatr|Protect
|move|p2a: Basculegion|Last Respects|p1b: Feraligatr
|-activate|p1b: Feraligatr|move: Protect
|move|p2b: Blaziken|Close Combat|p1a: Incineroar
|-supereffective|p1a: Incineroar|1
|-damage|p1a: Incineroar|0 fnt
|-unboost|p2b: Blaziken|def|1
|-unboost|p2b: Blaziken|spd|1
|faint|p1a: Incineroar
|-damage|p2b: Blaziken|90/100|[from] item: Life Orb
|
|-weather|none
|-ability|p2b: Blaziken|Speed Boost|boost
|-boost|p2b: Blaziken|spe|1
|upkeep
|
|t:|1783937377
|switch|p1a: Sinistcha|Sinistcha, L50|100/100
|-heal|p1b: Feraligatr|90/100|[from] ability: Hospitality|[of] p1a: Sinistcha
|turn|6
|
|t:|1783937395
|move|p2b: Blaziken|Protect|p2b: Blaziken
|-singleturn|p2b: Blaziken|Protect
|move|p1a: Sinistcha|Rage Powder|p1a: Sinistcha
|-singleturn|p1a: Sinistcha|move: Rage Powder
|move|p1b: Feraligatr|Body Slam|p2a: Basculegion
|-damage|p2a: Basculegion|0 fnt
|faint|p2a: Basculegion
|
|-ability|p2b: Blaziken|Speed Boost|boost
|-boost|p2b: Blaziken|spe|1
|upkeep
|
|t:|1783937402
|switch|p2a: Sinistcha|Sinistcha-Masterpiece, L50|77/100
|-heal|p2b: Blaziken|100/100|[from] ability: Hospitality|[of] p2a: Sinistcha
|turn|7
|
|t:|1783937416
|move|p1a: Sinistcha|Rage Powder|p1a: Sinistcha
|-singleturn|p1a: Sinistcha|move: Rage Powder
|move|p2b: Blaziken|Flare Blitz|p1a: Sinistcha
|-supereffective|p1a: Sinistcha|1
|-damage|p1a: Sinistcha|0 fnt
|faint|p1a: Sinistcha
|-damage|p2b: Blaziken|61/100|[from] Recoil
|-damage|p2b: Blaziken|52/100|[from] item: Life Orb
|move|p1b: Feraligatr|Body Slam|p2a: Sinistcha
|-damage|p2a: Sinistcha|1/100
|move|p2a: Sinistcha|Matcha Gotcha|p1b: Feraligatr
|-damage|p1b: Feraligatr|43/100
|-heal|p2a: Sinistcha|32/100|[from] drain|[of] p1b: Feraligatr
|
|-ability|p2b: Blaziken|Speed Boost|boost
|-boost|p2b: Blaziken|spe|1
|upkeep
|
|t:|1783937426
|switch|p1a: Vivillon|Vivillon, L50, F|100/100
|turn|8
|inactive|MYSEEMBENTON has 30 seconds left.
|inactive|MYSEEMBENTON has 20 seconds left.
|inactive|MYSEEMBENTON has 15 seconds left.
|
|t:|1783937467
|move|p1a: Vivillon|Rage Powder|p1a: Vivillon
|-singleturn|p1a: Vivillon|move: Rage Powder
|move|p2b: Blaziken|Close Combat|p1a: Vivillon
|-resisted|p1a: Vivillon|2
|-damage|p1a: Vivillon|69/100
|-unboost|p2b: Blaziken|def|1
|-unboost|p2b: Blaziken|spd|1
|-damage|p2b: Blaziken|42/100|[from] item: Life Orb
|move|p1b: Feraligatr|Body Slam|p2b: Blaziken
|-damage|p2b: Blaziken|0 fnt
|faint|p2b: Blaziken
|move|p2a: Sinistcha|Life Dew|p2a: Sinistcha
|-heal|p2a: Sinistcha|57/100
|
|upkeep
|turn|9
|inactive|lolgz has 30 seconds left.
|
|t:|1783937500
|move|p1a: Vivillon|Rage Powder|p1a: Vivillon
|-singleturn|p1a: Vivillon|move: Rage Powder
|move|p1b: Feraligatr|Body Slam|p2a: Sinistcha
|-damage|p2a: Sinistcha|0 fnt
|faint|p2a: Sinistcha
|
|win|lolgz
