|j|☆r00mservice7
|j|☆Eneix1234
|html|r00mservice7Eneix1234    
|uhtml|bestof|Game 2 of a best-of-3
|t:|1784759306
|gametype|doubles
|player|p1|r00mservice7|266|1256
|player|p2|Eneix1234|170|1150
|gen|9
|tier|[Gen 9 Champions] VGC 2026 Reg M-B (Bo3)
|rated|
|rule|Species Clause: Limit one of each Pokémon
|rule|Item Clause: Limit 1 of each item
|clearpoke
|poke|p1|Staraptor, L50, M|
|poke|p1|Tyranitar, L50, F|
|poke|p1|Excadrill, L50, M|
|poke|p1|Gholdengo, L50|
|poke|p1|Milotic, L50, F|
|poke|p1|Tsareena, L50, F|
|poke|p2|Palafin, L50, F|
|poke|p2|Annihilape, L50, M|
|poke|p2|Metagross, L50|
|poke|p2|Whimsicott, L50, M|
|poke|p2|Incineroar, L50, M|
|poke|p2|Pelipper, L50, M|
|teampreview|4
|showteam|p1|Staraptor||Staraptite|Intimidate|BraveBird,CloseCombat,Tailwind,Protect|Jolly||M|||50|]Tyranitar||Tyranitarite|SandStream|RockSlide,KnockOff,DragonDance,Protect|Jolly||F|||50|]Excadrill||FocusSash|SandRush|HighHorsepower,IronHead,RockSlide,Protect|Adamant||M|||50|]Gholdengo||LifeOrb|GoodasGold|MakeItRain,ShadowBall,NastyPlot,Protect|Modest|||||50|]Milotic||SitrusBerry|Competitive|Scald,IcyWind,Haze,Protect|Calm||F|||50|]Tsareena||ExpertBelt|QueenlyMajesty|TropKick,LowKick,Taunt,Protect|Adamant||F|||50|
|showteam|p2|Palafin||MysticWater|ZerotoHero|Protect,JetPunch,DrainPunch,WaveCrash|Adamant||F|||50|]Annihilape||ShellBell|Defiant|RageFist,CloseCombat,Protect,IcePunch|Adamant||M|||50|]Metagross||Metagrossite|ClearBody|Protect,PsychicFangs,MeteorMash,Earthquake|Jolly|||||50|]Whimsicott||FocusSash|Prankster|Tailwind,Protect,Encore,Moonblast|Timid||M|||50|]Incineroar||SitrusBerry|Intimidate|FakeOut,PartingShot,FlareBlitz,DarkestLariat|Adamant||M|||50|]Pelipper||LifeOrb|Drizzle|Protect,Hurricane,WeatherBall,Tailwind|Modest||M|||50|
|inactive|Battle timer is ON: inactive players will automatically lose when time's up. (requested by r00mservice7)
|
|t:|1784759337
|teamsize|p1|4
|teamsize|p2|4
|start
|switch|p1a: Gholdengo|Gholdengo, L50|100/100
|switch|p1b: Milotic|Milotic, L50, F|100/100
|switch|p2a: Metagross|Metagross, L50|100/100
|switch|p2b: Whimsicott|Whimsicott, L50, M|100/100
|turn|1
|inactive|Eneix1234 has 30 seconds left.
|
|t:|1784759368
|detailschange|p2a: Metagross|Metagross-Mega, L50
|-mega|p2a: Metagross|Metagross|Metagrossite
|move|p1b: Milotic|Protect|p1b: Milotic
|-singleturn|p1b: Milotic|Protect
|move|p1a: Gholdengo|Protect|p1a: Gholdengo
|-singleturn|p1a: Gholdengo|Protect
|move|p2b: Whimsicott|Tailwind|p2b: Whimsicott
|-sidestart|p2: Eneix1234|move: Tailwind
|move|p2a: Metagross|Earthquake|p1a: Gholdengo|[spread] p2b
|-activate|p1a: Gholdengo|move: Protect
|-activate|p1b: Milotic|move: Protect
|-resisted|p2b: Whimsicott|1
|-damage|p2b: Whimsicott|78/100
|
|upkeep
|turn|2
|inactive|Eneix1234 has 30 seconds left.
|
|t:|1784759395
|switch|p2a: Incineroar|Incineroar, L50, M|100/100
|-ability|p2a: Incineroar|Intimidate|boost
|-unboost|p1a: Gholdengo|atk|1
|-unboost|p1b: Milotic|atk|1
|-ability|p1b: Milotic|Competitive|boost
|-boost|p1b: Milotic|spa|2
|switch|p1b: Staraptor|Staraptor, L50, M|100/100
|-ability|p1b: Staraptor|Intimidate|boost
|-unboost|p2a: Incineroar|atk|1
|-unboost|p2b: Whimsicott|atk|1
|move|p2b: Whimsicott|Encore||[still]
|-fail|p2b: Whimsicott
|move|p1a: Gholdengo|Shadow Ball|p2a: Incineroar
|-resisted|p2a: Incineroar|1
|-damage|p2a: Incineroar|78/100
|-damage|p1a: Gholdengo|90/100|[from] item: Life Orb
|
|upkeep
|turn|3
|inactive|Eneix1234 has 30 seconds left.
|
|t:|1784759420
|detailschange|p1b: Staraptor|Staraptor-Mega, L50, M
|-mega|p1b: Staraptor|Staraptor|Staraptite
|move|p2b: Whimsicott|Moonblast|p1b: Staraptor
|-supereffective|p1b: Staraptor|1
|-damage|p1b: Staraptor|25/100
|move|p1b: Staraptor|Close Combat|p2a: Incineroar
|-supereffective|p2a: Incineroar|1
|-damage|p2a: Incineroar|0 fnt
|-boost|p1b: Staraptor|def|1
|-boost|p1b: Staraptor|spd|1
|faint|p2a: Incineroar
|move|p1a: Gholdengo|Make It Rain|p2b: Whimsicott
|-supereffective|p2b: Whimsicott|1
|-damage|p2b: Whimsicott|0 fnt
|-unboost|p1a: Gholdengo|spa|2
|faint|p2b: Whimsicott
|-damage|p1a: Gholdengo|80/100|[from] item: Life Orb
|
|upkeep
|
|t:|1784759437
|switch|p2b: Annihilape|Annihilape, L50, M|100/100
|switch|p2a: Metagross|Metagross-Mega, L50|100/100
|turn|4
|
|t:|1784759459
|switch|p1a: Tyranitar|Tyranitar, L50, F|100/100
|-weather|Sandstorm|[from] ability: Sand Stream|[of] p1a: Tyranitar
|move|p1b: Staraptor|Protect|p1b: Staraptor
|-singleturn|p1b: Staraptor|Protect
|move|p2a: Metagross|Psychic Fangs|p1b: Staraptor
|-activate|p1b: Staraptor|move: Protect
|move|p2b: Annihilape|Rage Fist|p1a: Tyranitar
|-resisted|p1a: Tyranitar|1
|-damage|p1a: Tyranitar|88/100
|
|-weather|Sandstorm|[upkeep]
|-damage|p2b: Annihilape|94/100|[from] Sandstorm
|-damage|p1b: Staraptor|20/100y|[from] Sandstorm
|-sideend|p2: Eneix1234|move: Tailwind
|upkeep
|turn|5
|
|t:|1784759480
|move|p1b: Staraptor|Tailwind|p1b: Staraptor
|-sidestart|p1: r00mservice7|move: Tailwind
|move|p1a: Tyranitar|Dragon Dance|p1a: Tyranitar
|-boost|p1a: Tyranitar|atk|1
|-boost|p1a: Tyranitar|spe|1
|move|p2a: Metagross|Psychic Fangs|p1b: Staraptor
|-supereffective|p1b: Staraptor|1
|-damage|p1b: Staraptor|0 fnt
|faint|p1b: Staraptor
|move|p2b: Annihilape|Close Combat|p1a: Tyranitar
|-supereffective|p1a: Tyranitar|2
|-damage|p1a: Tyranitar|0 fnt
|-unboost|p2b: Annihilape|def|1
|-unboost|p2b: Annihilape|spd|1
|faint|p1a: Tyranitar
|-heal|p2b: Annihilape|100/100|[from] item: Shell Bell|[of] p1: Tyranitar
|
|-weather|Sandstorm|[upkeep]
|-damage|p2b: Annihilape|94/100|[from] Sandstorm
|upkeep
|
|t:|1784759497
|switch|p1b: Gholdengo|Gholdengo, L50|80/100
|switch|p1a: Milotic|Milotic, L50, F|100/100
|turn|6
|
|t:|1784759509
|move|p1a: Milotic|Protect|p1a: Milotic
|-singleturn|p1a: Milotic|Protect
|move|p2b: Annihilape|Protect|p2b: Annihilape
|-singleturn|p2b: Annihilape|Protect
|move|p1b: Gholdengo|Shadow Ball|p2a: Metagross
|-supereffective|p2a: Metagross|1
|-damage|p2a: Metagross|0 fnt
|faint|p2a: Metagross
|-damage|p1b: Gholdengo|71/100|[from] item: Life Orb
|
|-weather|Sandstorm|[upkeep]
|-damage|p1a: Milotic|94/100|[from] Sandstorm
|-damage|p2b: Annihilape|88/100|[from] Sandstorm
|upkeep
|turn|7
|-message|Eneix1234 forfeited.
|
|win|r00mservice7
|raw|r00mservice7's rating: 1256 → 1274(+18 for winning)
|raw|Eneix1234's rating: 1150 → 1132(-18 for losing)
|l|☆Eneix1234
|player|p2|
