|j|☆raphaelk1602
|j|☆Alecat
|html|raphaelk1602Alecat    
|uhtml|bestof|Game 1 of a best-of-3
|t:|1757690720
|gametype|doubles
|player|p1|raphaelk1602|169|1138
|player|p2|Alecat|scientistf|1139
|gen|9
|tier|[Gen 9] VGC 2025 Reg H (Bo3)
|rated|
|rule|Species Clause: Limit one of each Pokémon
|rule|Item Clause: Limit 1 of each item
|clearpoke
|poke|p1|Sneasler, L50, M|
|poke|p1|Tyranitar, L50, M|
|poke|p1|Excadrill, L50, F|
|poke|p1|Kilowattrel, L50, M|
|poke|p1|Magmar, L50, M|
|poke|p1|Indeedee, L50, M|
|poke|p2|Sneasler, L50, M|
|poke|p2|Magmar, L50, M|
|poke|p2|Rillaboom, L50, F|
|poke|p2|Espathra, L50, M|
|poke|p2|Kingambit, L50, F|
|poke|p2|Arcanine-Hisui, L50, M|
|teampreview|4
|showteam|p1|Sneasler||WhiteHerb|Unburden|Coaching,Protect,CloseCombat,DireClaw|||M|||50|,,,,,Flying]Tyranitar||FocusSash|SandStream|KnockOff,RockSlide,Protect,DragonDance|||M|||50|,,,,,Flying]Excadrill||ChoiceBand|SandRush|Earthquake,HighHorsepower,IronHead,RockSlide|||F|||50|,,,,,Ghost]Kilowattrel||ChoiceSpecs|Competitive|Discharge,VoltSwitch,AirSlash,Thunderbolt|||M|||50|,,,,,Ghost]Magmar||Eviolite|FlameBody|HeatWave,FollowMe,HelpingHand,Protect|||M|||50|,,,,,Flying]Indeedee||ChoiceScarf|PsychicSurge|ExpandingForce,HyperVoice,Trick,DazzlingGleam|||M|||50|,,,,,Fairy
|showteam|p2|Sneasler||FocusSash|Unburden|FakeOut,CloseCombat,DireClaw,Coaching|||M|||50|,,,,,Ghost]Magmar||Eviolite|VitalSpirit|FollowMe,HeatWave,Taunt,Protect|||M|||50|,,,,,Dragon]Rillaboom||AssaultVest|GrassySurge|FakeOut,WoodHammer,GrassyGlide,HighHorsepower|||F|||50|,,,,,Fire]Espathra||GrassySeed|SpeedBoost|StoredPower,TeraBlast,CalmMind,Protect|||M|||50|,,,,,Fighting]Kingambit||SafetyGoggles|Defiant|KowtowCleave,SuckerPunch,SwordsDance,Protect|||F|||50|,,,,,Dark]Arcanine-Hisui||LoadedDice|Intimidate|FlareBlitz,RockBlast,ExtremeSpeed,Protect|||M|||50|,,,,,Ghost
|inactive|Battle timer is ON: inactive players will automatically lose when time's up. (requested by Alecat)
|inactive|raphaelk1602 has 60 seconds left.
|
|t:|1757690768
|teamsize|p1|4
|teamsize|p2|4
|start
|switch|p1a: Excadrill|Excadrill, L50, F|100/100
|switch|p1b: Kilowattrel|Kilowattrel, L50, M|100/100
|switch|p2a: Magmar|Magmar, L50, M|100/100
|switch|p2b: Espathra|Espathra, L50, M, shiny|100/100
|turn|1
|
|t:|1757690792
|switch|p2b: Rillaboom|Rillaboom, L50, F|100/100
|-fieldstart|move: Grassy Terrain|[from] ability: Grassy Surge|[of] p2b: Rillaboom
|move|p1b: Kilowattrel|Discharge|p2a: Magmar|[spread] p2a,p2b
|-immune|p1a: Excadrill
|-resisted|p2b: Rillaboom
|-damage|p2a: Magmar|69/100
|-damage|p2b: Rillaboom|85/100
|-status|p2a: Magmar|par
|-status|p2b: Rillaboom|par
|move|p1a: Excadrill|High Horsepower|p2a: Magmar
|-supereffective|p2a: Magmar
|-damage|p2a: Magmar|0 fnt
|faint|p2a: Magmar
|
|-heal|p2b: Rillaboom|90/100 par|[from] Grassy Terrain
|upkeep
|inactive|Alecat has 30 seconds left.
|
|t:|1757690819
|switch|p2a: Espathra|Espathra, L50, M, shiny|100/100
|-enditem|p2a: Espathra|Grassy Seed
|-boost|p2a: Espathra|def|1|[from] item: Grassy Seed
|turn|2
|
|t:|1757690834
|move|p2a: Espathra|Protect|p2a: Espathra
|-singleturn|p2a: Espathra|Protect
|move|p1b: Kilowattrel|Discharge|p2a: Espathra|[spread] p2b
|-activate|p2a: Espathra|move: Protect
|-immune|p1a: Excadrill
|-resisted|p2b: Rillaboom
|-damage|p2b: Rillaboom|76/100 par
|move|p1a: Excadrill|High Horsepower|p2a: Espathra
|-activate|p2a: Espathra|move: Protect
|cant|p2b: Rillaboom|par
|
|-heal|p2b: Rillaboom|82/100 par|[from] Grassy Terrain
|-ability|p2a: Espathra|Speed Boost|boost
|-boost|p2a: Espathra|spe|1
|upkeep
|turn|3
|inactive|Alecat has 30 seconds left.
|
|t:|1757690869
|-terastallize|p2a: Espathra|Fighting
|move|p2b: Rillaboom|Grassy Glide|p1a: Excadrill
|-damage|p1a: Excadrill|49/100
|move|p2a: Espathra|Tera Blast|p1a: Excadrill|[anim] Tera Blast Fighting
|-supereffective|p1a: Excadrill
|-damage|p1a: Excadrill|0 fnt
|faint|p1a: Excadrill
|move|p1b: Kilowattrel|Discharge|p2b: Rillaboom|[spread] p2a,p2b
|-resisted|p2b: Rillaboom
|-damage|p2a: Espathra|46/100
|-damage|p2b: Rillaboom|65/100 par
|-status|p2a: Espathra|par
|
|-heal|p2a: Espathra|52/100 par|[from] Grassy Terrain
|-heal|p2b: Rillaboom|71/100 par|[from] Grassy Terrain
|-ability|p2a: Espathra|Speed Boost|boost
|-boost|p2a: Espathra|spe|1
|upkeep
|
|t:|1757690882
|switch|p1a: Indeedee|Indeedee, L50, M|100/100
|-fieldstart|move: Psychic Terrain|[from] ability: Psychic Surge|[of] p1a: Indeedee
|turn|4
|
|t:|1757690891
|switch|p2b: Kingambit|Kingambit, L50, F|100/100
|cant|p2a: Espathra|par
|move|p1a: Indeedee|Expanding Force|p2b: Kingambit|[spread] p2a
|-immune|p2b: Kingambit
|-supereffective|p2a: Espathra
|-damage|p2a: Espathra|0 fnt
|faint|p2a: Espathra
|move|p1b: Kilowattrel|Discharge|p2b: Kingambit|[spread] p1a,p2b
|-damage|p1a: Indeedee|54/100
|-damage|p2b: Kingambit|61/100
|-status|p1a: Indeedee|par
|
|upkeep
|
|t:|1757690904
|switch|p2a: Rillaboom|Rillaboom, L50, F|71/100 par
|-fieldstart|move: Grassy Terrain|[from] ability: Grassy Surge|[of] p2a: Rillaboom
|turn|5
|inactive|Alecat has 30 seconds left.
|
|t:|1757690938
|switch|p1b: Sneasler|Sneasler, L50, M|100/100
|cant|p2a: Rillaboom|par
|move|p1a: Indeedee|Expanding Force|p2a: Rillaboom
|-damage|p2a: Rillaboom|39/100 par
|move|p2b: Kingambit|Kowtow Cleave|p1a: Indeedee
|-supereffective|p1a: Indeedee
|-damage|p1a: Indeedee|0 fnt
|faint|p1a: Indeedee
|
|-heal|p2b: Kingambit|67/100|[from] Grassy Terrain
|-heal|p2a: Rillaboom|45/100 par|[from] Grassy Terrain
|upkeep
|
|t:|1757690945
|switch|p1a: Kilowattrel|Kilowattrel, L50, M|100/100
|turn|6
|
|t:|1757690956
|move|p2b: Kingambit|Sucker Punch|p1a: Kilowattrel
|-damage|p1a: Kilowattrel|24/100
|move|p1a: Kilowattrel|Air Slash|p2a: Rillaboom
|-supereffective|p2a: Rillaboom
|-damage|p2a: Rillaboom|0 fnt
|faint|p2a: Rillaboom
|move|p1b: Sneasler|Close Combat|p2b: Kingambit
|-supereffective|p2b: Kingambit
|-damage|p2b: Kingambit|0 fnt
|-unboost|p1b: Sneasler|def|1
|-unboost|p1b: Sneasler|spd|1
|faint|p2b: Kingambit
|-enditem|p1b: Sneasler|White Herb
|-clearnegativeboost|p1b: Sneasler|[silent]
|
|win|raphaelk1602
||raphaelk1602 is ready for game 2.
||Alecat is ready for game 2.
|uhtml|next|Next: Game 2 of 3
