|j|☆two rose
|j|☆TeyVgc
|html|two roseTeyVgc    
|uhtml|bestof|Game 2 of a best-of-3
|t:|1783971758
|gametype|doubles
|player|p1|two rose|2|1379
|player|p2|TeyVgc|rood|1286
|gen|9
|tier|[Gen 9 Champions] VGC 2026 Reg M-B (Bo3)
|rated|
|rule|Species Clause: Limit one of each Pokémon
|rule|Item Clause: Limit 1 of each item
|clearpoke
|poke|p1|Charizard, L50, M|
|poke|p1|Garchomp, L50, F|
|poke|p1|Annihilape, L50, M|
|poke|p1|Venusaur, L50, F|
|poke|p1|Incineroar, L50, M|
|poke|p1|Toxapex, L50, M|
|poke|p2|Raichu, L50, M|
|poke|p2|Sinistcha, L50|
|poke|p2|Ceruledge, L50, F|
|poke|p2|Milotic, L50, F|
|poke|p2|Incineroar, L50, M|
|poke|p2|Floette-Eternal, L50, F|
|teampreview|4
|showteam|p1|Charizard||CharizarditeY|Blaze|HeatWave,WeatherBall,HelpingHand,Protect|Modest||M|||50|]Garchomp||ChoiceScarf|RoughSkin|DragonClaw,Earthquake,StompingTantrum,RockSlide|Adamant||F|||50|]Annihilape||FocusSash|Defiant|CloseCombat,PhantomForce,RockTomb,Protect|Jolly||M|||50|]Venusaur||LifeOrb|Chlorophyll|LeafStorm,SludgeBomb,EarthPower,Protect|Modest||F|||50|]Incineroar||SitrusBerry|Intimidate|FlareBlitz,FakeOut,ThroatChop,PartingShot|Impish||M|||50|]Toxapex||Leftovers|Regenerator|Infestation,Toxic,WideGuard,BanefulBunker|Bold||M|||50|
|showteam|p2|Raichu||RaichuniteY|LightningRod|ZapCannon,FocusBlast,FakeOut,Protect|Timid||M|||50|]Sinistcha||KasibBerry|Hospitality|MatchaGotcha,Protect,RagePowder,TrickRoom|Relaxed|||||50|]Ceruledge||ColburBerry|FlashFire|BitterBlade,ShadowSneak,BulkUp,Protect|Adamant||F|||50|]Milotic||Leftovers|Competitive|MuddyWater,Coil,Hypnosis,Recover|Calm||F|||50|]Incineroar||SitrusBerry|Intimidate|FlareBlitz,ThroatChop,FakeOut,PartingShot|Impish||M|||50|]Floette-Eternal||Floettite|FlowerVeil|CalmMind,Protect,Moonblast,DazzlingGleam|Modest||F|||50|
|inactive|Battle timer is ON: inactive players will automatically lose when time's up. (requested by two rose)
|inactive|two rose has 60 seconds left.
|inactive|TeyVgc has 60 seconds left.
|inactive|TeyVgc has 30 seconds left.
|inactive|TeyVgc has 20 seconds left.
|inactive|TeyVgc has 15 seconds left.
|inactive|TeyVgc has 10 seconds left.
|inactive|TeyVgc has 5 seconds left.
|
|t:|1783971849
|teamsize|p1|4
|teamsize|p2|4
|start
|switch|p1a: Toxapex|Toxapex, L50, M|100/100
|switch|p1b: Incineroar|Incineroar, L50, M|100/100
|switch|p2a: Raichu|Raichu, L50, M|100/100
|switch|p2b: Sinistcha|Sinistcha, L50|100/100
|-ability|p1b: Incineroar|Intimidate|boost
|-unboost|p2a: Raichu|atk|1
|-unboost|p2b: Sinistcha|atk|1
|turn|1
|
|t:|1783971869
|switch|p2b: Milotic|Milotic, L50, F|100/100
|detailschange|p2a: Raichu|Raichu-Mega-Y, L50, M
|-mega|p2a: Raichu|Raichu|Raichunite Y
|move|p1b: Incineroar|Fake Out|p2a: Raichu
|-damage|p2a: Raichu|83/100
|cant|p2a: Raichu|flinch
|move|p1a: Toxapex|Toxic|p2b: Milotic
|-status|p2b: Milotic|tox
|
|-damage|p2b: Milotic|94/100 tox|[from] psn
|upkeep
|turn|2
|inactive|two rose has 30 seconds left.
|
|t:|1783971898
|switch|p1a: Garchomp|Garchomp, L50, F|100/100
|move|p2a: Raichu|Focus Blast|p1b: Incineroar
|-supereffective|p1b: Incineroar|1
|-damage|p1b: Incineroar|30/100
|-unboost|p1b: Incineroar|spd|1
|-enditem|p1b: Incineroar|Sitrus Berry|[eat]
|-heal|p1b: Incineroar|55/100|[from] item: Sitrus Berry
|move|p2b: Milotic|Coil|p2b: Milotic
|-boost|p2b: Milotic|atk|1
|-boost|p2b: Milotic|def|1
|-boost|p2b: Milotic|accuracy|1
|move|p1b: Incineroar|Flare Blitz|p2a: Raichu
|-damage|p2a: Raichu|18/100
|-damage|p1b: Incineroar|38/100|[from] Recoil
|
|-heal|p2b: Milotic|100/100 tox|[from] item: Leftovers
|-damage|p2b: Milotic|88/100 tox|[from] psn
|upkeep
|turn|3
|inactive|two rose has 30 seconds left.
|inactive|two rose has 20 seconds left.
|
|t:|1783971935
|switch|p2a: Sinistcha|Sinistcha, L50|100/100
|-heal|p2b: Milotic|100/100 tox|[from] ability: Hospitality|[of] p2a: Sinistcha
|switch|p1b: Toxapex|Toxapex, L50, M|100/100
|move|p1a: Garchomp|Dragon Claw|p2a: Sinistcha
|-damage|p2a: Sinistcha|61/100
|move|p2b: Milotic|Muddy Water|p1a: Garchomp|[spread] p1a,p1b
|-resisted|p1b: Toxapex|1
|-damage|p1a: Garchomp|75/100
|-damage|p1b: Toxapex|91/100
|-unboost|p1a: Garchomp|accuracy|1
|
|-heal|p1b: Toxapex|96/100|[from] item: Leftovers
|-damage|p2b: Milotic|82/100 tox|[from] psn
|upkeep
|turn|4
|inactive|two rose has 30 seconds left.
|
|t:|1783971963
|move|p1b: Toxapex|Wide Guard|p1b: Toxapex
|-singleturn|p1b: Toxapex|Wide Guard
|move|p1a: Garchomp|Dragon Claw|p2a: Sinistcha
|-damage|p2a: Sinistcha|25/100
|move|p2b: Milotic|Hypnosis|p1b: Toxapex
|-status|p1b: Toxapex|slp|[from] move: Hypnosis
|move|p2a: Sinistcha|Matcha Gotcha|p1a: Garchomp|[spread] 
|-activate|p1a: Garchomp|move: Wide Guard
|-activate|p1b: Toxapex|move: Wide Guard
|
|-heal|p2b: Milotic|88/100 tox|[from] item: Leftovers
|-heal|p1b: Toxapex|100/100 slp|[from] item: Leftovers
|-damage|p2b: Milotic|64/100 tox|[from] psn
|upkeep
|turn|5
|
|t:|1783971975
|switch|p2b: Ceruledge|Ceruledge, L50, F|100/100
|move|p1a: Garchomp|Dragon Claw|p2a: Sinistcha|[miss]
|-miss|p1a: Garchomp|p2a: Sinistcha
|move|p2a: Sinistcha|Matcha Gotcha|p1a: Garchomp|[spread] p1a,p1b
|-damage|p1a: Garchomp|51/100
|-heal|p2a: Sinistcha|38/100|[from] drain|[of] p1a: Garchomp
|-damage|p1b: Toxapex|80/100 slp
|-heal|p2a: Sinistcha|47/100|[from] drain|[of] p1b: Toxapex
|cant|p1b: Toxapex|slp
|
|-heal|p1b: Toxapex|85/100 slp|[from] item: Leftovers
|upkeep
|turn|6
|
|t:|1783971991
|switch|p1a: Incineroar|Incineroar, L50, M|38/100
|-ability|p1a: Incineroar|Intimidate|boost
|-unboost|p2a: Sinistcha|atk|1
|-unboost|p2b: Ceruledge|atk|1
|move|p2b: Ceruledge|Bulk Up|p2b: Ceruledge
|-boost|p2b: Ceruledge|atk|1
|-boost|p2b: Ceruledge|def|1
|move|p2a: Sinistcha|Matcha Gotcha|p1a: Incineroar|[spread] p1b
|-miss|p2a: Sinistcha|p1a: Incineroar
|-damage|p1b: Toxapex|66/100 slp
|-heal|p2a: Sinistcha|56/100|[from] drain|[of] p1b: Toxapex
|-curestatus|p1b: Toxapex|slp|[msg]
|move|p1b: Toxapex|Toxic|p2b: Ceruledge
|-status|p2b: Ceruledge|tox
|
|-heal|p1b: Toxapex|71/100|[from] item: Leftovers
|-damage|p2b: Ceruledge|93/100 tox|[from] psn
|upkeep
|turn|7
|
|t:|1783972014
|move|p2b: Ceruledge|Bulk Up|p2b: Ceruledge
|-boost|p2b: Ceruledge|atk|1
|-boost|p2b: Ceruledge|def|1
|move|p1a: Incineroar|Throat Chop|p2a: Sinistcha
|-supereffective|p2a: Sinistcha|1
|-damage|p2a: Sinistcha|2/100
|-start|p2a: Sinistcha|Throat Chop|[silent]
|move|p2a: Sinistcha|Matcha Gotcha|p1b: Toxapex|[spread] p1a,p1b
|-resisted|p1a: Incineroar|1
|-damage|p1a: Incineroar|27/100
|-heal|p2a: Sinistcha|8/100|[from] drain|[of] p1a: Incineroar
|-damage|p1b: Toxapex|52/100
|-heal|p2a: Sinistcha|17/100|[from] drain|[of] p1b: Toxapex
|move|p1b: Toxapex|Infestation|p2b: Ceruledge
|-resisted|p2b: Ceruledge|2
|-damage|p2b: Ceruledge|93/100 tox
|-activate|p2b: Ceruledge|move: Infestation|[of] p1b: Toxapex
|
|-heal|p1b: Toxapex|57/100|[from] item: Leftovers
|-damage|p2b: Ceruledge|81/100 tox|[from] psn
|-damage|p2b: Ceruledge|69/100 tox|[from] move: Infestation|[partiallytrapped]
|upkeep
|turn|8
|
|t:|1783972030
|switch|p2a: Milotic|Milotic, L50, F|64/100 tox
|move|p2b: Ceruledge|Bitter Blade|p1a: Incineroar
|-resisted|p1a: Incineroar|1
|-damage|p1a: Incineroar|1/100
|-heal|p2b: Ceruledge|83/100 tox|[from] drain|[of] p1a: Incineroar
|move|p1a: Incineroar|Parting Shot|p2b: Ceruledge
|-unboost|p2b: Ceruledge|atk|1
|-unboost|p2b: Ceruledge|spa|1
|
|t:|1783972041
|switch|p1a: Venusaur|Venusaur, L50, F|100/100|[from] Parting Shot
|move|p1b: Toxapex|Infestation|p2b: Ceruledge
|-resisted|p2b: Ceruledge|2
|-damage|p2b: Ceruledge|83/100 tox
|
|-heal|p2a: Milotic|70/100 tox|[from] item: Leftovers
|-heal|p1b: Toxapex|63/100|[from] item: Leftovers
|-damage|p2b: Ceruledge|65/100 tox|[from] psn
|-damage|p2a: Milotic|64/100 tox|[from] psn
|-damage|p2b: Ceruledge|53/100 tox|[from] move: Infestation|[partiallytrapped]
|upkeep
|turn|9
|
|t:|1783972056
|move|p2b: Ceruledge|Protect|p2b: Ceruledge
|-singleturn|p2b: Ceruledge|Protect
|move|p1a: Venusaur|Earth Power|p2b: Ceruledge
|-activate|p2b: Ceruledge|move: Protect
|move|p2a: Milotic|Hypnosis|p1a: Venusaur
|-status|p1a: Venusaur|slp|[from] move: Hypnosis
|move|p1b: Toxapex|Infestation|p2a: Milotic
|-damage|p2a: Milotic|62/100 tox
|-activate|p2a: Milotic|move: Infestation|[of] p1b: Toxapex
|
|-heal|p2a: Milotic|68/100 tox|[from] item: Leftovers
|-heal|p1b: Toxapex|69/100|[from] item: Leftovers
|-damage|p2b: Ceruledge|28/100 tox|[from] psn
|-damage|p2a: Milotic|56/100 tox|[from] psn
|-damage|p2b: Ceruledge|16/100 tox|[from] move: Infestation|[partiallytrapped]
|-damage|p2a: Milotic|44/100 tox|[from] move: Infestation|[partiallytrapped]
|upkeep
|turn|10
|inactive|two rose has 30 seconds left.
|
|t:|1783972083
|switch|p1a: Incineroar|Incineroar, L50, M|1/100
|-ability|p1a: Incineroar|Intimidate|boost
|-unboost|p2a: Milotic|atk|1
|-ability|p2a: Milotic|Competitive|boost
|-boost|p2a: Milotic|spa|2
|-unboost|p2b: Ceruledge|atk|1
|move|p1b: Toxapex|Baneful Bunker|p1b: Toxapex
|-singleturn|p1b: Toxapex|move: Protect
|move|p2b: Ceruledge|Bitter Blade|p1a: Incineroar
|-resisted|p1a: Incineroar|1
|-damage|p1a: Incineroar|0 fnt
|-heal|p2b: Ceruledge|17/100 tox|[from] drain|[of] p1a: Incineroar
|faint|p1a: Incineroar
|move|p2a: Milotic|Muddy Water|p1b: Toxapex
|-activate|p1b: Toxapex|move: Protect
|
|-heal|p2a: Milotic|50/100y tox|[from] item: Leftovers
|-heal|p1b: Toxapex|75/100|[from] item: Leftovers
|-damage|p2b: Ceruledge|0 fnt|[from] psn
|faint|p2b: Ceruledge
|-damage|p2a: Milotic|32/100 tox|[from] psn
|-damage|p2a: Milotic|19/100 tox|[from] move: Infestation|[partiallytrapped]
|upkeep
|
|t:|1783972107
|switch|p2b: Raichu|Raichu-Mega-Y, L50, M|18/100
|switch|p1a: Garchomp|Garchomp, L50, F|51/100
|turn|11
|
|t:|1783972123
|-heal|p1b: Toxapex|100/100|[from] ability: Regenerator|[silent]
|switch|p1b: Venusaur|Venusaur, L50, F|100/100 slp
|move|p2b: Raichu|Protect|p2b: Raichu
|-singleturn|p2b: Raichu|Protect
|move|p1a: Garchomp|Dragon Claw|p2b: Raichu
|-activate|p2b: Raichu|move: Protect
|move|p2a: Milotic|Hypnosis|p1a: Garchomp|[miss]
|-miss|p2a: Milotic|p1a: Garchomp
|
|-heal|p2a: Milotic|25/100 tox|[from] item: Leftovers
|-damage|p2a: Milotic|1/100 tox|[from] psn
|-end|p2a: Milotic|Infestation|[partiallytrapped]|[silent]
|upkeep
|turn|12
|
|t:|1783972141
|switch|p2b: Sinistcha|Sinistcha, L50|17/100
|-heal|p2a: Milotic|26/100 tox|[from] ability: Hospitality|[of] p2b: Sinistcha
|move|p1a: Garchomp|Dragon Claw|p2a: Milotic
|-damage|p2a: Milotic|0 fnt
|faint|p2a: Milotic
|cant|p1b: Venusaur|slp
|
|upkeep
|-message|TeyVgc forfeited.
|
|win|two rose
|raw|two rose's rating: 1379 → 1394(+15 for winning)
|raw|TeyVgc's rating: 1286 → 1268(-18 for losing)
