|j|☆Heils
|j|☆zace4life
|html|Heilszace4life    
|uhtml|bestof|Game 1 of a best-of-3
|t:|1785282794
|gametype|doubles
|player|p1|Heils|169|
|player|p2|zace4life|266|
|gen|9
|tier|[Gen 9 Champions] VGC 2026 Reg M-B (Bo3)
|rule|Species Clause: Limit one of each Pokémon
|rule|Item Clause: Limit 1 of each item
|clearpoke
|poke|p1|Gholdengo, L50|
|poke|p1|Politoed, L50, M|
|poke|p1|Sneasler, L50, F|
|poke|p1|Camerupt, L50, M|
|poke|p1|Banette, L50, M|
|poke|p1|Noivern, L50, M|
|poke|p2|Steelix, L50, M|
|poke|p2|Charizard, L50, M|
|poke|p2|Whimsicott, L50, M|
|poke|p2|Arcanine, L50, F|
|poke|p2|Cofagrigus, L50, F|
|poke|p2|Hippowdon, L50, M|
|teampreview|4
|showteam|p1|Gholdengo||FocusSash|GoodasGold|MakeItRain,NastyPlot,Protect,ShadowBall|Timid|||||50|]Politoed||SitrusBerry|Drizzle|Protect,Waterfall,PerishSong,Encore|Careful||M|||50|]Sneasler||WhiteHerb|Unburden|CloseCombat,FakeOut,DireClaw,Protect|Jolly||F|||50|]Camerupt||Cameruptite|MagmaArmor|Earthquake,EarthPower,HeatWave,Protect|Sassy||M|||50|]Banette||LifeOrb|Insomnia|Encore,SuckerPunch,Protect,DestinyBond|Impish||M|||50|]Noivern||Leftovers|Infiltrator|DracoMeteor,AirSlash,Protect,Taunt|Timid||M|||50|
|showteam|p2|Steelix||Steelixite|Sturdy|WideGuard,Earthquake,HighHorsepower,Protect|Careful||M|||50|]Charizard||CharizarditeY|Blaze|SolarBeam,HeatWave,Protect,AirSlash|Modest||M|||50|]Whimsicott||FocusSash|Prankster|SunnyDay,Tailwind,DazzlingGleam,TrickRoom|Timid||M|||50|]Arcanine||LifeOrb|Intimidate|PsychicFangs,PlayRough,FlareBlitz,ExtremeSpeed|Adamant||F|||50|]Cofagrigus||KasibBerry|Mummy|Protect,TrickRoom,ShadowBall,Psychic|Calm||F|||50|]Hippowdon||ExpertBelt|SandStream|IceFang,Curse,HighHorsepower,Yawn|Adamant||M|||50|
|c|☆zace4life|yuri
|inactive|Battle timer is ON: inactive players will automatically lose when time's up. (requested by Heils)
|
|t:|1785282872
|teamsize|p1|4
|teamsize|p2|4
|start
|switch|p1a: Politoed|Politoed, L50, M|100/100
|switch|p1b: Gholdengo|Gholdengo, L50|100/100
|switch|p2a: Whimsicott|Whimsicott, L50, M|100/100
|switch|p2b: Cofagrigus|Cofagrigus, L50, F|100/100
|-weather|RainDance|[from] ability: Drizzle|[of] p1a: Politoed
|turn|1
|inactive|zace4life has 60 seconds left.
|
|t:|1785282909
|move|p2b: Cofagrigus|Protect|p2b: Cofagrigus
|-singleturn|p2b: Cofagrigus|Protect
|move|p1b: Gholdengo|Nasty Plot|p1b: Gholdengo
|-boost|p1b: Gholdengo|spa|2
|move|p1a: Politoed|Perish Song|p1a: Politoed
|-start|p1a: Politoed|perish3|[silent]
|-immune|p1b: Gholdengo|[from] ability: Good as Gold
|-start|p2a: Whimsicott|perish3|[silent]
|-start|p2b: Cofagrigus|perish3|[silent]
|-fieldactivate|move: Perish Song
|move|p2a: Whimsicott|Trick Room|p2a: Whimsicott
|-fieldstart|move: Trick Room|[of] p2a: Whimsicott
|
|-weather|RainDance|[upkeep]
|-start|p2b: Cofagrigus|perish3
|-start|p1a: Politoed|perish3
|-start|p2a: Whimsicott|perish3
|upkeep
|turn|2
|inactive|Heils has 30 seconds left.
|inactive|zace4life has 30 seconds left.
|inactive|zace4life has 20 seconds left.
|
|t:|1785282944
|switch|p2a: Hippowdon|Hippowdon, L50, M|100/100
|-weather|Sandstorm|[from] ability: Sand Stream|[of] p2a: Hippowdon
|move|p1b: Gholdengo|Protect|p1b: Gholdengo
|-singleturn|p1b: Gholdengo|Protect
|move|p2b: Cofagrigus|Shadow Ball|p1b: Gholdengo
|-activate|p1b: Gholdengo|move: Protect
|move|p1a: Politoed|Encore||[still]
|-fail|p1a: Politoed
|
|-weather|Sandstorm|[upkeep]
|-damage|p2b: Cofagrigus|93/100|[from] Sandstorm
|-damage|p1a: Politoed|93/100|[from] Sandstorm
|-start|p2b: Cofagrigus|perish2
|-start|p1a: Politoed|perish2
|upkeep
|turn|3
|inactive|Heils has 30 seconds left.
|inactive|zace4life has 30 seconds left.
|
|t:|1785282972
|switch|p1b: Camerupt|Camerupt, L50, M|100/100
|move|p2b: Cofagrigus|Shadow Ball|p1b: Camerupt
|-damage|p1b: Camerupt|70/100
|move|p2a: Hippowdon|High Horsepower|p1b: Camerupt
|-supereffective|p1b: Camerupt|1
|-damage|p1b: Camerupt|0 fnt
|faint|p1b: Camerupt
|move|p1a: Politoed|Waterfall|p2a: Hippowdon
|-supereffective|p2a: Hippowdon|1
|-damage|p2a: Hippowdon|66/100
|
|-weather|Sandstorm|[upkeep]
|-damage|p2b: Cofagrigus|87/100|[from] Sandstorm
|-damage|p1a: Politoed|87/100|[from] Sandstorm
|-start|p2b: Cofagrigus|perish1
|-start|p1a: Politoed|perish1
|upkeep
|c|☆zace4life|im gay
|
|t:|1785282987
|switch|p1b: Banette|Banette, L50, M|100/100
|turn|4
|
|t:|1785283006
|switch|p2b: Steelix|Steelix, L50, M|100/100
|move|p2a: Hippowdon|Curse|p2a: Hippowdon
|-unboost|p2a: Hippowdon|spe|1
|-boost|p2a: Hippowdon|atk|1
|-boost|p2a: Hippowdon|def|1
|move|p1b: Banette|Destiny Bond|p1b: Banette
|-singlemove|p1b: Banette|Destiny Bond
|move|p1a: Politoed|Waterfall|p2a: Hippowdon
|-supereffective|p2a: Hippowdon|1
|-damage|p2a: Hippowdon|44/100
|
|-weather|Sandstorm|[upkeep]
|-damage|p1b: Banette|94/100|[from] Sandstorm
|-damage|p1a: Politoed|81/100|[from] Sandstorm
|-start|p1a: Politoed|perish0
|faint|p1a: Politoed
|upkeep
|
|t:|1785283020
|switch|p1a: Gholdengo|Gholdengo, L50|100/100
|turn|5
|inactive|zace4life has 30 seconds left.
|inactive|zace4life has 20 seconds left.
|inactive|zace4life has 15 seconds left.
|inactive|zace4life has 10 seconds left.
|inactive|zace4life has 5 seconds left.
|
|t:|1785283075
|move|p2b: Steelix|Wide Guard|p2b: Steelix
|-singleturn|p2b: Steelix|Wide Guard
|move|p1b: Banette|Sucker Punch||[still]
|-fail|p1b: Banette
|move|p2a: Hippowdon|Ice Fang|p1b: Banette
|-damage|p1b: Banette|59/100
|move|p1a: Gholdengo|Shadow Ball|p2a: Hippowdon
|-damage|p2a: Hippowdon|1/100
|
|-weather|Sandstorm|[upkeep]
|-damage|p1b: Banette|53/100|[from] Sandstorm
|-fieldend|move: Trick Room
|upkeep
|turn|6
|
|t:|1785283095
|detailschange|p2b: Steelix|Steelix-Mega, L50, M
|-mega|p2b: Steelix|Steelix|Steelixite
|move|p1a: Gholdengo|Shadow Ball|p2a: Hippowdon
|-damage|p2a: Hippowdon|0 fnt
|faint|p2a: Hippowdon
|move|p1b: Banette|Destiny Bond|p1b: Banette
|-singlemove|p1b: Banette|Destiny Bond
|move|p2b: Steelix|Earthquake|p1b: Banette|[spread] p1a,p1b
|-supereffective|p1a: Gholdengo|1
|-enditem|p1a: Gholdengo|Focus Sash
|-damage|p1a: Gholdengo|1/100
|-damage|p1b: Banette|4/100
|
|-weather|none
|upkeep
|
|t:|1785283109
|switch|p2a: Whimsicott|Whimsicott, L50, M|100/100
|turn|7
|
|t:|1785283120
|move|p2b: Steelix|Wide Guard|p2b: Steelix
|-singleturn|p2b: Steelix|Wide Guard
|move|p1b: Banette|Sucker Punch||[still]
|-fail|p1b: Banette
|move|p2a: Whimsicott|Dazzling Gleam|p1a: Gholdengo|[spread] p1a,p1b
|-resisted|p1a: Gholdengo|1
|-damage|p1a: Gholdengo|0 fnt
|-damage|p1b: Banette|0 fnt
|faint|p1a: Gholdengo
|faint|p1b: Banette
|
|win|zace4life
|inactive|Heils has 30 seconds to confirm battle start!
|inactive|zace4life has 30 seconds to confirm battle start!
