|j|☆Lorido
|j|☆junky00
|html|Loridojunky00    
|uhtml|bestof|Game 1 of a best-of-3
|t:|1784722238
|gametype|doubles
|player|p1|Lorido|169|1154
|player|p2|junky00|101|1240
|gen|9
|tier|[Gen 9 Champions] VGC 2026 Reg M-B (Bo3)
|rated|
|rule|Species Clause: Limit one of each Pokémon
|rule|Item Clause: Limit 1 of each item
|clearpoke
|poke|p1|Aerodactyl, L50, F|
|poke|p1|Kingambit, L50, F|
|poke|p1|Sylveon, L50, F|
|poke|p1|Charizard, L50, F|
|poke|p1|Garchomp, L50, M|
|poke|p1|Farigiraf, L50, M|
|poke|p2|Gholdengo, L50|
|poke|p2|Incineroar, L50, F|
|poke|p2|Sneasler, L50, F|
|poke|p2|Gengar, L50, F|
|poke|p2|Sinistcha, L50|
|poke|p2|Toxapex, L50, F|
|teampreview|4
|showteam|p1|Aerodactyl||Aerodactylite|Unnerve|RockSlide,DualWingbeat,IceFang,Tailwind|Jolly||F|||50|]Kingambit||BlackGlasses|Defiant|KowtowCleave,IronHead,SuckerPunch,LowKick|Jolly||F|||50|]Sylveon||FairyFeather|Pixilate|HyperVoice,QuickAttack,HyperBeam,Detect|Modest||F|||50|]Charizard||CharizarditeY|Blaze|HeatWave,WeatherBall,SolarBeam,Protect|Modest||F|||50|]Garchomp||LifeOrb|RoughSkin|DragonClaw,Earthquake,RockSlide,Protect|Jolly||M|||50|]Farigiraf||SitrusBerry|ArmorTail|TwinBeam,Thunderbolt,TrickRoom,HelpingHand|Relaxed||M|||50|
|showteam|p2|Gholdengo||MetalCoat|GoodasGold|MakeItRain,ShadowBall,NastyPlot,Protect|Calm|||||50|]Incineroar||SitrusBerry|Intimidate|FakeOut,FlareBlitz,PartingShot,Protect|Brave||F|||50|]Sneasler||FocusSash|PoisonTouch|FakeOut,CloseCombat,DireClaw,QuickGuard|Jolly||F|||50|]Gengar||Gengarite|CursedBody|ShadowBall,Disable,PerishSong,Protect|Calm||F|||50|]Sinistcha||ColburBerry|Hospitality|MatchaGotcha,RagePowder,Hex,TrickRoom|Calm|||||50|]Toxapex||Leftovers|Regenerator|Toxic,Infestation,WideGuard,BanefulBunker|Calm||F|||50|
|inactive|Battle timer is ON: inactive players will automatically lose when time's up. (requested by Lorido)
|inactive|Lorido has 60 seconds left.
|inactive|junky00 has 60 seconds left.
|inactive|junky00 has 30 seconds left.
|inactive|junky00 has 20 seconds left.
|inactive|junky00 has 15 seconds left.
|inactive|junky00 has 10 seconds left.
|
|t:|1784722319
|teamsize|p1|4
|teamsize|p2|4
|start
|switch|p1a: Farigiraf|Farigiraf, L50, M|100/100
|switch|p1b: Kingambit|Kingambit, L50, F|100/100
|switch|p2a: Incineroar|Incineroar, L50, F|100/100
|switch|p2b: Sneasler|Sneasler, L50, F|100/100
|-ability|p2a: Incineroar|Intimidate|boost
|-unboost|p1a: Farigiraf|atk|1
|-unboost|p1b: Kingambit|atk|1
|-ability|p1b: Kingambit|Defiant|boost
|-boost|p1b: Kingambit|atk|2
|turn|1
|
|t:|1784722343
|switch|p2b: Toxapex|Toxapex, L50, F|100/100
|move|p1b: Kingambit|Low Kick|p2a: Incineroar
|-supereffective|p2a: Incineroar|1
|-damage|p2a: Incineroar|27/100
|-enditem|p2a: Incineroar|Sitrus Berry|[eat]
|-heal|p2a: Incineroar|52/100|[from] item: Sitrus Berry
|move|p2a: Incineroar|Flare Blitz|p1b: Kingambit
|-supereffective|p1b: Kingambit|1
|-damage|p1b: Kingambit|11/100
|-damage|p2a: Incineroar|26/100|[from] Recoil
|move|p1a: Farigiraf|Twin Beam|p2b: Toxapex
|-supereffective|p2b: Toxapex|1
|-damage|p2b: Toxapex|79/100
|-supereffective|p2b: Toxapex|1
|-crit|p2b: Toxapex
|-damage|p2b: Toxapex|51/100
|-hitcount|p2b: Toxapex|2
|
|-heal|p2b: Toxapex|57/100|[from] item: Leftovers
|upkeep
|turn|2
|inactive|Lorido has 30 seconds left.
|
|t:|1784722371
|move|p2a: Incineroar|Protect|p2a: Incineroar
|-singleturn|p2a: Incineroar|Protect
|move|p1b: Kingambit|Low Kick|p2a: Incineroar
|-activate|p2a: Incineroar|move: Protect
|move|p1a: Farigiraf|Twin Beam|p2a: Incineroar
|-activate|p2a: Incineroar|move: Protect
|move|p2b: Toxapex|Infestation|p1b: Kingambit
|-damage|p1b: Kingambit|8/100
|-activate|p1b: Kingambit|move: Infestation|[of] p2b: Toxapex
|
|-heal|p2b: Toxapex|63/100|[from] item: Leftovers
|-damage|p1b: Kingambit|0 fnt|[from] move: Infestation|[partiallytrapped]
|faint|p1b: Kingambit
|upkeep
|
|t:|1784722384
|switch|p1b: Charizard|Charizard, L50, F|100/100
|turn|3
|
|t:|1784722400
|detailschange|p1b: Charizard|Charizard-Mega-Y, L50, F
|-mega|p1b: Charizard|Charizard|Charizardite Y
|-weather|SunnyDay|[from] ability: Drought|[of] p1b: Charizard
|move|p1b: Charizard|Weather Ball|p2a: Incineroar
|-resisted|p2a: Incineroar|1
|-damage|p2a: Incineroar|0 fnt
|faint|p2a: Incineroar
|move|p1a: Farigiraf|Twin Beam|p2b: Toxapex
|-supereffective|p2b: Toxapex|1
|-damage|p2b: Toxapex|43/100
|-supereffective|p2b: Toxapex|1
|-damage|p2b: Toxapex|23/100
|-hitcount|p2b: Toxapex|2
|move|p2b: Toxapex|Toxic|p1b: Charizard
|-status|p1b: Charizard|tox
|
|-weather|SunnyDay|[upkeep]
|-heal|p2b: Toxapex|29/100|[from] item: Leftovers
|-damage|p1b: Charizard|94/100 tox|[from] psn
|upkeep
|
|t:|1784722415
|switch|p2a: Gholdengo|Gholdengo, L50|100/100
|turn|4
|
|t:|1784722431
|move|p2a: Gholdengo|Protect|p2a: Gholdengo
|-singleturn|p2a: Gholdengo|Protect
|move|p2b: Toxapex|Baneful Bunker|p2b: Toxapex
|-singleturn|p2b: Toxapex|move: Protect
|move|p1b: Charizard|Weather Ball|p2a: Gholdengo
|-activate|p2a: Gholdengo|move: Protect
|move|p1a: Farigiraf|Twin Beam|p2b: Toxapex
|-activate|p2b: Toxapex|move: Protect
|
|-weather|SunnyDay|[upkeep]
|-heal|p2b: Toxapex|35/100|[from] item: Leftovers
|-damage|p1b: Charizard|82/100 tox|[from] psn
|upkeep
|turn|5
|
|t:|1784722455
|switch|p2a: Sneasler|Sneasler, L50, F|100/100
|move|p2b: Toxapex|Wide Guard|p2b: Toxapex
|-singleturn|p2b: Toxapex|Wide Guard
|move|p1b: Charizard|Weather Ball|p2a: Sneasler
|-enditem|p2a: Sneasler|Focus Sash
|-damage|p2a: Sneasler|1/100
|move|p1a: Farigiraf|Twin Beam|p2b: Toxapex
|-supereffective|p2b: Toxapex|1
|-damage|p2b: Toxapex|14/100
|-supereffective|p2b: Toxapex|1
|-damage|p2b: Toxapex|0 fnt
|faint|p2b: Toxapex
|-hitcount|p2: Toxapex|2
|
|-weather|SunnyDay|[upkeep]
|-damage|p1b: Charizard|65/100 tox|[from] psn
|upkeep
|
|t:|1784722464
|switch|p2b: Gholdengo|Gholdengo, L50|100/100
|turn|6
|
|t:|1784722482
|move|p2a: Sneasler|Dire Claw|p1b: Charizard
|-damage|p1b: Charizard|27/100 tox
|-fail|p1b: Charizard
|move|p1b: Charizard|Heat Wave|p2b: Gholdengo|[spread] p2a,p2b
|-supereffective|p2b: Gholdengo|1
|-damage|p2a: Sneasler|0 fnt
|-damage|p2b: Gholdengo|0 fnt
|faint|p2a: Sneasler
|faint|p2b: Gholdengo
|
|win|Lorido
