|j|☆indiofiero
|j|☆dont make me walk
|html|indiofierodont make me walk    
|uhtml|bestof|Game 2 of a best-of-3
|t:|1756062053
|gametype|doubles
|player|p1|indiofiero|2|1228
|player|p2|dont make me walk|red-masters3|1295
|gen|9
|tier|[Gen 9] VGC 2025 Reg H (Bo3)
|rated|
|rule|Species Clause: Limit one of each Pokémon
|rule|Item Clause: Limit 1 of each item
|clearpoke
|poke|p1|Porygon2, L50|
|poke|p1|Incineroar, L50, F|
|poke|p1|Gholdengo, L50|
|poke|p1|Amoonguss, L50, F|
|poke|p1|Dragonite, L50, F|
|poke|p1|Sneasler, L50, M|
|poke|p2|Murkrow, L50, F|
|poke|p2|Indeedee-F, L50, F|
|poke|p2|Ursaluna-Bloodmoon, L50, M|
|poke|p2|Armarouge, L50, F|
|poke|p2|Gholdengo, L50|
|poke|p2|Annihilape, L50, F|
|teampreview|4
|showteam|p1|Porygon2||Eviolite|Download|TeraBlast,IceBeam,TrickRoom,Recover||||||50|,,,,,Ground]Incineroar||SafetyGoggles|Intimidate|FakeOut,FlareBlitz,KnockOff,PartingShot|||F|||50|,,,,,Water]Gholdengo||LifeOrb|GoodasGold|MakeItRain,ShadowBall,NastyPlot,Protect||||||50|,,,,,Dragon]Amoonguss||SitrusBerry|Regenerator|Spore,RagePowder,PollenPuff,Protect|||F|||50|,,,,,Fairy]Dragonite||LoadedDice|Multiscale|ScaleShot,ExtremeSpeed,Haze,Protect|||F|||50|,,,,,Fairy]Sneasler||FocusSash|PoisonTouch|Coaching,CloseCombat,DireClaw,Protect|||M|||50|,,,,,Stellar
|showteam|p2|Murkrow||Eviolite|Prankster|Tailwind,FoulPlay,Haze,SunnyDay|||F|||50|,,,,,Ghost]Indeedee-F||RockyHelmet|PsychicSurge|FollowMe,TrickRoom,HelpingHand,Psychic|||F|||50|,,,,,Fairy]Ursaluna-Bloodmoon||LifeOrb|MindsEye|Protect,EarthPower,HyperVoice,BloodMoon|||M|||50|,,,,,Normal]Armarouge||PowerHerb|FlashFire|TrickRoom,MeteorBeam,ArmorCannon,ExpandingForce|||F|||50|,,,,,Grass]Gholdengo||ChoiceSpecs|GoodasGold|MakeItRain,ShadowBall,Thunderbolt,Trick||||||50|,,,,,Steel]Annihilape||SafetyGoggles|Defiant|FinalGambit,Protect,RageFist,CloseCombat|||F|||50|,,,,,Fire
|inactive|Battle timer is ON: inactive players will automatically lose when time's up. (requested by dont make me walk)
|
|t:|1756062074
|teamsize|p1|4
|teamsize|p2|4
|start
|switch|p1a: Sneasler|Sneasler, L50, M|100/100
|switch|p1b: Amoonguss|Amoonguss, L50, F|100/100
|switch|p2a: Murkrow|Murkrow, L50, F, shiny|100/100
|switch|p2b: Gholdengo|Gholdengo, L50|100/100
|turn|1
|inactive|dont make me walk has 30 seconds left.
|
|t:|1756062107
|-terastallize|p2b: Gholdengo|Steel
|move|p1a: Sneasler|Protect|p1a: Sneasler
|-singleturn|p1a: Sneasler|Protect
|move|p2b: Gholdengo|Make It Rain|p1b: Amoonguss|[spread] p1b
|-activate|p1a: Sneasler|move: Protect
|-damage|p1b: Amoonguss|18/100
|-unboost|p2b: Gholdengo|spa|1
|-enditem|p1b: Amoonguss|Sitrus Berry|[eat]
|-heal|p1b: Amoonguss|43/100|[from] item: Sitrus Berry
|move|p2a: Murkrow|Foul Play|p1a: Sneasler
|-activate|p1a: Sneasler|move: Protect
|move|p1b: Amoonguss|Spore|p2a: Murkrow
|-status|p2a: Murkrow|slp|[from] move: Spore
|
|upkeep
|turn|2
|
|t:|1756062129
|switch|p1a: Porygon2|Porygon2, L50|100/100
|-ability|p1a: Porygon2|Download|boost
|-boost|p1a: Porygon2|spa|1
|switch|p2b: Annihilape|Annihilape, L50, F, shiny|100/100
|switch|p1b: Incineroar|Incineroar, L50, F|100/100
|-ability|p1b: Incineroar|Intimidate|boost
|-unboost|p2a: Murkrow|atk|1
|-unboost|p2b: Annihilape|atk|1
|-ability|p2b: Annihilape|Defiant|boost
|-boost|p2b: Annihilape|atk|2
|cant|p2a: Murkrow|slp
|
|upkeep
|turn|3
|inactive|indiofiero has 30 seconds left.
|
|t:|1756062157
|-terastallize|p1a: Porygon2|Ground
|move|p2b: Annihilape|Close Combat|p1b: Incineroar
|-supereffective|p1b: Incineroar
|-crit|p1b: Incineroar
|-damage|p1b: Incineroar|0 fnt
|-unboost|p2b: Annihilape|def|1
|-unboost|p2b: Annihilape|spd|1
|faint|p1b: Incineroar
|-curestatus|p2a: Murkrow|slp|[msg]
|move|p2a: Murkrow|Foul Play|p1a: Porygon2
|-damage|p1a: Porygon2|82/100
|move|p1a: Porygon2|Trick Room|p1a: Porygon2
|-fieldstart|move: Trick Room|[of] p1a: Porygon2
|
|upkeep
|
|t:|1756062167
|switch|p1b: Amoonguss|Amoonguss, L50, F|76/100
|turn|4
|inactive|dont make me walk has 30 seconds left.
|
|t:|1756062195
|move|p1b: Amoonguss|Pollen Puff|p2b: Annihilape
|-resisted|p2b: Annihilape
|-damage|p2b: Annihilape|94/100
|move|p1a: Porygon2|Tera Blast|p2b: Annihilape|[anim] Tera Blast Ground
|-crit|p2b: Annihilape
|-damage|p2b: Annihilape|0 fnt
|faint|p2b: Annihilape
|move|p2a: Murkrow|Foul Play|p1b: Amoonguss
|-damage|p1b: Amoonguss|54/100
|
|upkeep
|
|t:|1756062214
|switch|p2b: Ursaluna|Ursaluna-Bloodmoon, L50, M|100/100
|turn|5
|
|t:|1756062226
|move|p2b: Ursaluna|Protect|p2b: Ursaluna
|-singleturn|p2b: Ursaluna|Protect
|move|p2a: Murkrow|Haze|p2a: Murkrow
|-clearallboost
|move|p1b: Amoonguss|Spore|p2b: Ursaluna
|-activate|p2b: Ursaluna|move: Protect
|move|p1a: Porygon2|Ice Beam|p2b: Ursaluna
|-activate|p2b: Ursaluna|move: Protect
|
|upkeep
|turn|6
|
|t:|1756062243
|switch|p2b: Gholdengo|Gholdengo, L50, tera:Steel|100/100
|move|p2a: Murkrow|Tailwind|p2a: Murkrow
|-sidestart|p2: dont make me walk|move: Tailwind
|move|p1b: Amoonguss|Spore|p2b: Gholdengo
|-immune|p2b: Gholdengo|[from] ability: Good as Gold
|move|p1a: Porygon2|Ice Beam|p2a: Murkrow
|-supereffective|p2a: Murkrow
|-damage|p2a: Murkrow|45/100
|
|upkeep
|turn|7
|
|t:|1756062261
|move|p1b: Amoonguss|Spore|p2a: Murkrow
|-status|p2a: Murkrow|slp|[from] move: Spore
|move|p1a: Porygon2|Tera Blast|p2b: Gholdengo|[anim] Tera Blast Ground
|-supereffective|p2b: Gholdengo
|-damage|p2b: Gholdengo|25/100
|cant|p2a: Murkrow|slp
|move|p2b: Gholdengo|Make It Rain|p1b: Amoonguss|[spread] p1a,p1b
|-damage|p1a: Porygon2|19/100
|-damage|p1b: Amoonguss|0 fnt
|-unboost|p2b: Gholdengo|spa|1
|faint|p1b: Amoonguss
|
|-fieldend|move: Trick Room
|upkeep
|
|t:|1756062272
|switch|p1b: Sneasler|Sneasler, L50, M|100/100
|turn|8
|
|t:|1756062277
|move|p2b: Gholdengo|Make It Rain|p1a: Porygon2|[spread] p1a,p1b
|-damage|p1a: Porygon2|0 fnt
|-damage|p1b: Sneasler|11/100
|-unboost|p2b: Gholdengo|spa|1
|faint|p1a: Porygon2
|-curestatus|p2a: Murkrow|slp|[msg]
|move|p2a: Murkrow|Foul Play|p1b: Sneasler
|-resisted|p1b: Sneasler
|-damage|p1b: Sneasler|0 fnt
|faint|p1b: Sneasler
|
|win|dont make me walk
|raw|indiofiero's rating: 1228 → 1208(-20 for losing)
|raw|dont make me walk's rating: 1295 → 1315(+20 for winning)
