|j|☆elitetweet
|j|☆standardamerican
|html|elitetweetstandardamerican    
|uhtml|bestof|Game 1 of a best-of-3
|t:|1784811240
|gametype|doubles
|player|p1|elitetweet|korrina|1323
|player|p2|standardamerican|169|1202
|gen|9
|tier|[Gen 9 Champions] VGC 2026 Reg M-B (Bo3)
|rated|
|rule|Species Clause: Limit one of each Pokémon
|rule|Item Clause: Limit 1 of each item
|clearpoke
|poke|p1|Aerodactyl, L50, M|
|poke|p1|Rotom-Wash, L50, shiny|
|poke|p1|Garchomp, L50, M|
|poke|p1|Sneasler, L50, F|
|poke|p1|Incineroar, L50, F|
|poke|p1|Floette-Eternal, L50, F|
|poke|p2|Sinistcha, L50|
|poke|p2|Incineroar, L50, F|
|poke|p2|Milotic, L50, F|
|poke|p2|Raichu, L50, M|
|poke|p2|Gardevoir, L50, M|
|poke|p2|Ceruledge, L50, F|
|teampreview|4
|showteam|p1|Aerodactyl||FocusSash|Unnerve|RockSlide,DualWingbeat,Taunt,Tailwind|Jolly||M|||50|]Rotom-Wash||ChoiceScarf|Levitate|HydroPump,Electroweb,WillOWisp,Thunderbolt|Timid|||||50|]Garchomp||LifeOrb|RoughSkin|StompingTantrum,DragonClaw,RockSlide,Protect|Jolly||M|||50|]Sneasler||WhiteHerb|Unburden|FakeOut,DireClaw,CloseCombat,Coaching|Adamant||F|||50|]Incineroar||SitrusBerry|Intimidate|FakeOut,FlareBlitz,DarkestLariat,PartingShot|Adamant||F|||50|]Floette-Eternal||Floettite|FlowerVeil|DazzlingGleam,CalmMind,DrainingKiss,Protect|Modest||F|||50|
|showteam|p2|Sinistcha||KasibBerry|Hospitality|MatchaGotcha,Imprison,RagePowder,Protect|Bold|||||50|]Incineroar||SitrusBerry|Intimidate|FlareBlitz,DarkestLariat,FakeOut,PartingShot|Careful||F|||50|]Milotic||Leftovers|Competitive|MuddyWater,Coil,Hypnosis,Protect|Calm||F|||50|]Raichu||RaichuniteY|LightningRod|ZapCannon,FocusBlast,FakeOut,Protect|Timid||M|||50|]Gardevoir||Gardevoirite|Trace|HyperVoice,Psyshock,TrickRoom,Protect|Modest||M|||50|]Ceruledge||ColburBerry|FlashFire|BitterBlade,ShadowSneak,BulkUp,Protect|Adamant||F|||50|
|inactive|Battle timer is ON: inactive players will automatically lose when time's up. (requested by elitetweet)
|inactive|elitetweet has 60 seconds left.
|inactive|standardamerican has 60 seconds left.
|
|t:|1784811291
|teamsize|p1|4
|teamsize|p2|4
|start
|switch|p1a: gesundheit|Sneasler, L50, F|100/100
|switch|p1b: Aerodactyl|Aerodactyl, L50, M|100/100
|switch|p2a: Milotic|Milotic, L50, F|100/100
|switch|p2b: Incineroar|Incineroar, L50, F|100/100
|-ability|p1b: Aerodactyl|Unnerve
|-ability|p2b: Incineroar|Intimidate|boost
|-unboost|p1a: gesundheit|atk|1
|-unboost|p1b: Aerodactyl|atk|1
|-enditem|p1a: gesundheit|White Herb
|-clearnegativeboost|p1a: gesundheit|[silent]
|turn|1
|
|t:|1784811307
|switch|p2b: Sinistcha|Sinistcha, L50|100/100
|move|p2a: Milotic|Protect|p2a: Milotic
|-singleturn|p2a: Milotic|Protect
|move|p1a: gesundheit|Fake Out|p2b: Sinistcha
|-immune|p2b: Sinistcha
|move|p1b: Aerodactyl|Taunt|p2a: Milotic
|-activate|p2a: Milotic|move: Protect
|
|upkeep
|turn|2
|inactive|standardamerican has 30 seconds left.
|inactive|standardamerican has 20 seconds left.
|inactive|standardamerican has 15 seconds left.
|
|t:|1784811349
|switch|p1a: Floette|Floette-Eternal, L50, F|100/100
|switch|p2b: Incineroar|Incineroar, L50, F|100/100
|-ability|p2b: Incineroar|Intimidate|boost
|-unboost|p1a: Floette|atk|1
|-unboost|p1b: Aerodactyl|atk|1
|move|p1b: Aerodactyl|Taunt|p2a: Milotic
|-start|p2a: Milotic|move: Taunt
|move|p2a: Milotic|Muddy Water|p1a: Floette|[spread] p1a,p1b
|-supereffective|p1b: Aerodactyl|1
|-damage|p1a: Floette|82/100
|-damage|p1b: Aerodactyl|27/100
|-unboost|p1b: Aerodactyl|accuracy|1
|
|upkeep
|turn|3
|inactive|standardamerican has 30 seconds left.
|
|t:|1784811377
|switch|p1b: john smogon|Rotom-Wash, L50, shiny|100/100
|detailschange|p1a: Floette|Floette-Mega, L50, F
|-mega|p1a: Floette|Floette|Floettite
|-ability|p1a: Floette|Fairy Aura
|move|p1a: Floette|Calm Mind|p1a: Floette
|-boost|p1a: Floette|spa|1
|-boost|p1a: Floette|spd|1
|move|p2a: Milotic|Muddy Water|p1a: Floette|[spread] p1b
|-miss|p2a: Milotic|p1a: Floette
|-resisted|p1b: john smogon|1
|-damage|p1b: john smogon|84/100
|-unboost|p1b: john smogon|accuracy|1
|move|p2b: Incineroar|Parting Shot|p1a: Floette
|-unboost|p1a: Floette|atk|1
|-unboost|p1a: Floette|spa|1
|inactive|standardamerican has 30 seconds left.
|
|t:|1784811403
|switch|p2b: Sinistcha|Sinistcha, L50|100/100|[from] Parting Shot
|
|upkeep
|turn|4
|
|t:|1784811411
|switch|p2b: Raichu|Raichu, L50, M|100/100
|move|p1b: john smogon|Thunderbolt|p2b: Raichu
|-activate|p2b: Raichu|ability: Lightning Rod
|-ability|p2b: Raichu|Lightning Rod|boost
|-boost|p2b: Raichu|spa|1
|move|p1a: Floette|Calm Mind|p1a: Floette
|-boost|p1a: Floette|spa|1
|-boost|p1a: Floette|spd|1
|move|p2a: Milotic|Muddy Water|p1b: john smogon|[spread] p1a,p1b
|-resisted|p1b: john smogon|1
|-damage|p1a: Floette|74/100
|-damage|p1b: john smogon|68/100
|-unboost|p1b: john smogon|accuracy|1
|
|-end|p2a: Milotic|move: Taunt
|upkeep
|turn|5
|inactive|standardamerican has 30 seconds left.
|
|t:|1784811441
|switch|p1b: Aerodactyl|Aerodactyl, L50, M|27/100
|-ability|p1b: Aerodactyl|Unnerve
|detailschange|p2b: Raichu|Raichu-Mega-Y, L50, M
|-mega|p2b: Raichu|Raichu|Raichunite Y
|move|p1a: Floette|Protect|p1a: Floette
|-singleturn|p1a: Floette|Protect
|move|p2b: Raichu|Zap Cannon|p1a: Floette
|-activate|p1a: Floette|move: Protect
|move|p2a: Milotic|Hypnosis|p1a: Floette
|-activate|p1a: Floette|move: Protect
|
|upkeep
|turn|6
|
|t:|1784811458
|move|p1b: Aerodactyl|Tailwind|p1b: Aerodactyl
|-sidestart|p1: elitetweet|move: Tailwind
|move|p1a: Floette|Dazzling Gleam|p2a: Milotic|[spread] p2a,p2b
|-damage|p2a: Milotic|51/100
|-damage|p2b: Raichu|3/100
|move|p2b: Raichu|Zap Cannon|p1a: Floette
|-damage|p1a: Floette|43/100
|-status|p1a: Floette|par
|move|p2a: Milotic|Muddy Water|p1b: Aerodactyl|[spread] p1a,p1b
|-supereffective|p1b: Aerodactyl|1
|-damage|p1a: Floette|35/100 par
|-damage|p1b: Aerodactyl|0 fnt
|faint|p1b: Aerodactyl
|
|-heal|p2a: Milotic|57/100|[from] item: Leftovers
|upkeep
|
|t:|1784811467
|switch|p1b: john smogon|Rotom-Wash, L50, shiny|68/100
|turn|7
|inactive|standardamerican has 30 seconds left.
|
|t:|1784811495
|switch|p2a: Sinistcha|Sinistcha, L50|100/100
|-heal|p2b: Raichu|28/100|[from] ability: Hospitality|[of] p2a: Sinistcha
|move|p2b: Raichu|Protect|p2b: Raichu
|-singleturn|p2b: Raichu|Protect
|move|p1b: john smogon|Thunderbolt|p2b: Raichu
|-activate|p2b: Raichu|move: Protect
|move|p1a: Floette|Draining Kiss|p2a: Sinistcha
|-damage|p2a: Sinistcha|39/100
|-heal|p1a: Floette|80/100 par|[from] drain|[of] p2a: Sinistcha
|
|upkeep
|turn|8
|inactive|standardamerican has 30 seconds left.
|
|t:|1784811523
|move|p2a: Sinistcha|Rage Powder|p2a: Sinistcha
|-singleturn|p2a: Sinistcha|move: Rage Powder
|move|p1b: john smogon|Thunderbolt|p2a: Sinistcha
|-resisted|p2a: Sinistcha|1
|-damage|p2a: Sinistcha|19/100
|move|p2b: Raichu|Zap Cannon|p1b: john smogon
|-damage|p1b: john smogon|0 fnt
|faint|p1b: john smogon
|move|p1a: Floette|Dazzling Gleam|p2a: Sinistcha|[spread] p2a,p2b
|-damage|p2a: Sinistcha|0 fnt
|-damage|p2b: Raichu|0 fnt
|faint|p2a: Sinistcha
|faint|p2b: Raichu
|
|upkeep
|
|t:|1784811533
|switch|p2b: Milotic|Milotic, L50, F|57/100
|switch|p1b: gesundheit|Sneasler, L50, F|100/100
|switch|p2a: Incineroar|Incineroar, L50, F|100/100
|-ability|p2a: Incineroar|Intimidate|boost
|-unboost|p1a: Floette|atk|1
|-unboost|p1b: gesundheit|atk|1
|turn|9
|
|t:|1784811555
|move|p1b: gesundheit|Fake Out|p2b: Milotic
|-damage|p2b: Milotic|48/100
|move|p2a: Incineroar|Fake Out|p1a: Floette
|-damage|p1a: Floette|69/100 par
|cant|p1a: Floette|flinch
|cant|p2b: Milotic|flinch
|
|-heal|p2b: Milotic|54/100|[from] item: Leftovers
|-sideend|p1: elitetweet|move: Tailwind
|upkeep
|turn|10
|
|t:|1784811579
|move|p1b: gesundheit|Coaching|p1a: Floette
|-boost|p1a: Floette|atk|1
|-boost|p1a: Floette|def|1
|move|p2b: Milotic|Muddy Water|p1a: Floette|[spread] p1a,p1b
|-damage|p1a: Floette|60/100 par
|-damage|p1b: gesundheit|67/100
|move|p2a: Incineroar|Parting Shot|p1a: Floette
|-unboost|p1a: Floette|atk|1
|-unboost|p1a: Floette|spa|1
|move|p1a: Floette|Dazzling Gleam|p2a: Incineroar|[spread] p2a,p2b
|-damage|p2a: Incineroar|65/100
|-damage|p2b: Milotic|21/100
|
|-heal|p2b: Milotic|27/100|[from] item: Leftovers
|upkeep
|turn|11
|
|t:|1784811604
|move|p2b: Milotic|Protect|p2b: Milotic
|-singleturn|p2b: Milotic|Protect
|move|p1b: gesundheit|Close Combat|p2b: Milotic
|-activate|p2b: Milotic|move: Protect
|move|p2a: Incineroar|Flare Blitz|p1b: gesundheit
|-damage|p1b: gesundheit|0 fnt
|faint|p1b: gesundheit
|-damage|p2a: Incineroar|48/100|[from] Recoil
|-enditem|p2a: Incineroar|Sitrus Berry|[eat]
|-heal|p2a: Incineroar|73/100|[from] item: Sitrus Berry
|move|p1a: Floette|Dazzling Gleam|p2a: Incineroar|[spread] p2a
|-activate|p2b: Milotic|move: Protect
|-damage|p2a: Incineroar|38/100
|
|-heal|p2b: Milotic|33/100|[from] item: Leftovers
|upkeep
|turn|12
|
|t:|1784811623
|move|p2b: Milotic|Muddy Water|p1a: Floette
|-damage|p1a: Floette|49/100 par
|move|p2a: Incineroar|Parting Shot|p1a: Floette
|-unboost|p1a: Floette|atk|1
|-unboost|p1a: Floette|spa|1
|move|p1a: Floette|Dazzling Gleam|p2b: Milotic|[spread] p2a,p2b
|-damage|p2a: Incineroar|13/100
|-damage|p2b: Milotic|10/100
|
|-heal|p2b: Milotic|16/100|[from] item: Leftovers
|upkeep
|turn|13
|
|t:|1784811643
|move|p2b: Milotic|Protect|p2b: Milotic
|-singleturn|p2b: Milotic|Protect
|move|p2a: Incineroar|Parting Shot|p1a: Floette
|-unboost|p1a: Floette|atk|1
|-unboost|p1a: Floette|spa|1
|move|p1a: Floette|Dazzling Gleam|p2a: Incineroar|[spread] p2a
|-activate|p2b: Milotic|move: Protect
|-damage|p2a: Incineroar|0 fnt
|faint|p2a: Incineroar
|
|-heal|p2b: Milotic|22/100|[from] item: Leftovers
|upkeep
|turn|14
|
|t:|1784811651
|move|p2b: Milotic|Muddy Water|p1a: Floette
|-damage|p1a: Floette|35/100 par
|move|p1a: Floette|Calm Mind|p1a: Floette
|-boost|p1a: Floette|spa|1
|-boost|p1a: Floette|spd|1
|
|-heal|p2b: Milotic|28/100|[from] item: Leftovers
|upkeep
|turn|15
|
|t:|1784811658
|move|p2b: Milotic|Protect|p2b: Milotic
|-singleturn|p2b: Milotic|Protect
|move|p1a: Floette|Draining Kiss|p2b: Milotic
|-activate|p2b: Milotic|move: Protect
|
|-heal|p2b: Milotic|34/100|[from] item: Leftovers
|upkeep
|turn|16
|
|t:|1784811664
|move|p2b: Milotic|Muddy Water|p1a: Floette
|-damage|p1a: Floette|25/100 par
|move|p1a: Floette|Draining Kiss|p2b: Milotic
|-damage|p2b: Milotic|16/100
|-heal|p1a: Floette|40/100 par|[from] drain|[of] p2b: Milotic
|
|-heal|p2b: Milotic|22/100|[from] item: Leftovers
|upkeep
|turn|17
|
|t:|1784811671
|move|p2b: Milotic|Muddy Water|p1a: Floette|[miss]
|-miss|p2b: Milotic|p1a: Floette
|move|p1a: Floette|Draining Kiss|p2b: Milotic
|-damage|p2b: Milotic|4/100
|-heal|p1a: Floette|55/100 par|[from] drain|[of] p2b: Milotic
|
|-heal|p2b: Milotic|10/100|[from] item: Leftovers
|upkeep
|turn|18
|
|t:|1784811678
|move|p2b: Milotic|Muddy Water|p1a: Floette
|-damage|p1a: Floette|46/100 par
|-unboost|p1a: Floette|accuracy|1
|move|p1a: Floette|Calm Mind|p1a: Floette
|-boost|p1a: Floette|spa|1
|-boost|p1a: Floette|spd|1
|
|-heal|p2b: Milotic|16/100|[from] item: Leftovers
|upkeep
|turn|19
|
|t:|1784811689
|move|p2b: Milotic|Protect|p2b: Milotic
|-singleturn|p2b: Milotic|Protect
|cant|p1a: Floette|par
|
|-heal|p2b: Milotic|22/100|[from] item: Leftovers
|upkeep
|turn|20
|
|t:|1784811695
|move|p2b: Milotic|Muddy Water|p1a: Floette
|-damage|p1a: Floette|38/100 par
|move|p1a: Floette|Dazzling Gleam|p2b: Milotic
|-damage|p2b: Milotic|0 fnt
|faint|p2b: Milotic
|
|win|elitetweet
||elitetweet is ready for game 2.
