|j|☆Captain No Reads
|j|☆SunDiazVGC
|html|Captain No ReadsSunDiazVGC    
|uhtml|bestof|Game 3 of a best-of-3
|t:|1756850164
|gametype|doubles
|player|p1|Captain No Reads|skier|1193
|player|p2|SunDiazVGC|marley|1129
|gen|9
|tier|[Gen 9] VGC 2025 Reg H (Bo3)
|rated|
|rule|Species Clause: Limit one of each Pokémon
|rule|Item Clause: Limit 1 of each item
|clearpoke
|poke|p1|Dragonite, L50, F|
|poke|p1|Archaludon, L50, F|
|poke|p1|Gholdengo, L50|
|poke|p1|Amoonguss, L50, F|
|poke|p1|Ursaluna-Bloodmoon, L50, M|
|poke|p1|Incineroar, L50, F|
|poke|p2|Politoed, L50, F|
|poke|p2|Gothitelle, L50, F|
|poke|p2|Archaludon, L50, F|
|poke|p2|Incineroar, L50, F|
|poke|p2|Amoonguss, L50, M|
|poke|p2|Kingdra, L50, F|
|teampreview|4
|showteam|p1|Dragonite||LoadedDice|Multiscale|Protect,ScaleShot,Haze,Tailwind|||F|||50|,,,,,Fairy]Archaludon||PowerHerb|Sturdy|Protect,ElectroShot,DracoMeteor,FlashCannon|||F|||50|,,,,,Electric]Gholdengo||LifeOrb|GoodasGold|Protect,MakeItRain,ShadowBall,NastyPlot||||||50|,,,,,Water]Amoonguss||CovertCloak|Regenerator|Protect,Spore,RagePowder,SludgeBomb|||F|||50|,,,,,Water]Ursaluna-Bloodmoon||AssaultVest|MindsEye|HyperVoice,BloodMoon,EarthPower,VacuumWave|||M|||50|,,,,,Ghost]Incineroar||SafetyGoggles|Intimidate|KnockOff,FakeOut,PartingShot,FlareBlitz|||F|||50|,,,,,Ghost
|showteam|p2|Politoed||Leftovers|Drizzle|PerishSong,Protect,WeatherBall,Encore|||F|||50|,,,,,Grass]Gothitelle||SitrusBerry|ShadowTag|FakeOut,Protect,TrickRoom,Psychic|||F|||50|,,,,,Dark]Archaludon||PowerHerb|Sturdy|Protect,ElectroShot,DragonPulse,FlashCannon|||F|||50|,,,,,Electric]Incineroar||SafetyGoggles|Intimidate|Protect,KnockOff,PartingShot,FakeOut|||F|||50|,,,,,Water]Amoonguss||EjectButton|Regenerator|Protect,RagePowder,Spore,PollenPuff|||M|||50|,,,,,Fairy]Kingdra||LifeOrb|SwiftSwim|Protect,DracoMeteor,WeatherBall,MuddyWater|||F|||50|,,,,,Stellar
|inactive|Battle timer is ON: inactive players will automatically lose when time's up. (requested by Captain No Reads)
|
|t:|1756850190
|teamsize|p1|4
|teamsize|p2|4
|start
|switch|p1a: Amoonguss|Amoonguss, L50, F|100/100
|switch|p1b: Incineroar|Incineroar, L50, F|100/100
|switch|p2a: Archaludon|Archaludon, L50, F|100/100
|switch|p2b: Politoed|Politoed, L50, F|100/100
|-weather|RainDance|[from] ability: Drizzle|[of] p2b: Politoed
|-ability|p1b: Incineroar|Intimidate|boost
|-unboost|p2a: Archaludon|atk|1
|-unboost|p2b: Politoed|atk|1
|turn|1
|j| subhamcheee
|inactive|SunDiazVGC has 30 seconds left.
|
|t:|1756850225
|switch|p2a: Incineroar|Incineroar, L50, F|100/100
|-ability|p2a: Incineroar|Intimidate|boost
|-unboost|p1a: Amoonguss|atk|1
|-unboost|p1b: Incineroar|atk|1
|-terastallize|p1b: Incineroar|Ghost
|move|p2b: Politoed|Weather Ball|p1b: Incineroar
|-damage|p1b: Incineroar|60/100
|move|p1b: Incineroar|Knock Off|p2b: Politoed
|-damage|p2b: Politoed|70/100
|-enditem|p2b: Politoed|Leftovers|[from] move: Knock Off|[of] p1b: Incineroar
|move|p1a: Amoonguss|Spore|p2b: Politoed
|-status|p2b: Politoed|slp|[from] move: Spore
|
|-weather|RainDance|[upkeep]
|upkeep
|turn|2
|
|t:|1756850248
|cant|p2b: Politoed|slp
|move|p1b: Incineroar|Knock Off|p2a: Incineroar
|-resisted|p2a: Incineroar
|-damage|p2a: Incineroar|87/100
|-enditem|p2a: Incineroar|Safety Goggles|[from] move: Knock Off|[of] p1b: Incineroar
|move|p2a: Incineroar|Knock Off|p1b: Incineroar
|-supereffective|p1b: Incineroar
|-damage|p1b: Incineroar|0 fnt
|-enditem|p1b: Incineroar|Safety Goggles|[from] move: Knock Off|[of] p2a: Incineroar
|faint|p1b: Incineroar
|move|p1a: Amoonguss|Spore|p2a: Incineroar
|-status|p2a: Incineroar|slp|[from] move: Spore
|
|-weather|RainDance|[upkeep]
|upkeep
|j| Hackervgc
|
|t:|1756850255
|switch|p1b: Gholdengo|Gholdengo, L50|100/100
|turn|3
|
|t:|1756850280
|move|p1a: Amoonguss|Rage Powder|p1a: Amoonguss
|-singleturn|p1a: Amoonguss|move: Rage Powder
|move|p1b: Gholdengo|Nasty Plot|p1b: Gholdengo
|-boost|p1b: Gholdengo|spa|2
|cant|p2b: Politoed|slp
|cant|p2a: Incineroar|slp
|
|-weather|RainDance|[upkeep]
|upkeep
|turn|4
|inactive|Captain No Reads has 30 seconds left.
|
|t:|1756850313
|move|p1b: Gholdengo|Protect|p1b: Gholdengo
|-singleturn|p1b: Gholdengo|Protect
|-curestatus|p2b: Politoed|slp|[msg]
|move|p2b: Politoed|Weather Ball|p1b: Gholdengo
|-activate|p1b: Gholdengo|move: Protect
|-curestatus|p2a: Incineroar|slp|[msg]
|move|p2a: Incineroar|Knock Off|p1b: Gholdengo
|-activate|p1b: Gholdengo|move: Protect
|move|p1a: Amoonguss|Sludge Bomb|p2a: Incineroar
|-damage|p2a: Incineroar|66/100
|
|-weather|RainDance|[upkeep]
|upkeep
|turn|5
|
|t:|1756850331
|move|p1a: Amoonguss|Rage Powder|p1a: Amoonguss
|-singleturn|p1a: Amoonguss|move: Rage Powder
|move|p1b: Gholdengo|Shadow Ball|p2a: Incineroar
|-resisted|p2a: Incineroar
|-damage|p2a: Incineroar|28/100
|-damage|p1b: Gholdengo|91/100|[from] item: Life Orb
|move|p2b: Politoed|Weather Ball|p1a: Amoonguss
|-resisted|p1a: Amoonguss
|-damage|p1a: Amoonguss|81/100
|move|p2a: Incineroar|Knock Off|p1a: Amoonguss
|-damage|p1a: Amoonguss|53/100
|-enditem|p1a: Amoonguss|Covert Cloak|[from] move: Knock Off|[of] p2a: Incineroar
|
|-weather|none
|upkeep
|turn|6
|inactive|SunDiazVGC has 30 seconds left.
|
|t:|1756850360
|switch|p2b: Kingdra|Kingdra, L50, F|100/100
|move|p1b: Gholdengo|Make It Rain|p2a: Incineroar|[spread] p2a,p2b
|-resisted|p2a: Incineroar
|-resisted|p2b: Kingdra
|-damage|p2a: Incineroar|0 fnt
|-damage|p2b: Kingdra|28/100
|-unboost|p1b: Gholdengo|spa|1
|faint|p2a: Incineroar
|-damage|p1b: Gholdengo|81/100|[from] item: Life Orb
|move|p1a: Amoonguss|Spore|p2b: Kingdra
|-status|p2b: Kingdra|slp|[from] move: Spore
|
|upkeep
|
|t:|1756850363
|switch|p2a: Politoed|Politoed, L50, F|70/100
|-weather|RainDance|[from] ability: Drizzle|[of] p2a: Politoed
|turn|7
|inactive|SunDiazVGC has 30 seconds left.
|l| subhamcheee
|inactive|Captain No Reads has 30 seconds left.
|inactive|SunDiazVGC has 20 seconds left.
|
|t:|1756850400
|switch|p1a: Dragonite|Dragonite, L50, F|100/100
|-terastallize|p2a: Politoed|Grass
|cant|p2b: Kingdra|slp
|move|p1b: Gholdengo|Shadow Ball|p2b: Kingdra
|-damage|p2b: Kingdra|0 fnt
|faint|p2b: Kingdra
|-damage|p1b: Gholdengo|71/100|[from] item: Life Orb
|move|p2a: Politoed|Weather Ball|p1b: Gholdengo
|-damage|p1b: Gholdengo|17/100
|
|-weather|RainDance|[upkeep]
|upkeep
|
|t:|1756850413
|switch|p2b: Archaludon|Archaludon, L50, F|100/100
|turn|8
|
|t:|1756850423
|move|p2b: Archaludon|Protect|p2b: Archaludon
|-singleturn|p2b: Archaludon|Protect
|move|p1b: Gholdengo|Protect|p1b: Gholdengo
|-singleturn|p1b: Gholdengo|Protect
|move|p1a: Dragonite|Tailwind|p1a: Dragonite
|-sidestart|p1: Captain No Reads|move: Tailwind
|move|p2a: Politoed|Weather Ball|p1b: Gholdengo
|-activate|p1b: Gholdengo|move: Protect
|
|-weather|RainDance|[upkeep]
|upkeep
|turn|9
|
|t:|1756850435
|move|p1b: Gholdengo|Make It Rain|p2a: Politoed|[spread] p2a,p2b
|-resisted|p2b: Archaludon
|-damage|p2a: Politoed|5/100
|-damage|p2b: Archaludon|30/100
|-unboost|p1b: Gholdengo|spa|1
|-damage|p1b: Gholdengo|7/100|[from] item: Life Orb
|move|p1a: Dragonite|Scale Shot|p2b: Archaludon
|-damage|p2b: Archaludon|17/100
|-damage|p2b: Archaludon|4/100
|-damage|p2b: Archaludon|0 fnt
|faint|p2b: Archaludon
|-hitcount|p2: Archaludon|3
|-unboost|p1a: Dragonite|def|1
|-boost|p1a: Dragonite|spe|1
|move|p2a: Politoed|Weather Ball|p1b: Gholdengo
|-damage|p1b: Gholdengo|0 fnt
|faint|p1b: Gholdengo
|
|-weather|RainDance|[upkeep]
|upkeep
|
|t:|1756850438
|switch|p1b: Amoonguss|Amoonguss, L50, F|86/100
|turn|10
|
|t:|1756850444
|move|p1a: Dragonite|Scale Shot|p2a: Politoed
|-damage|p2a: Politoed|0 fnt
|faint|p2a: Politoed
|-hitcount|p2: Politoed|1
|
|win|Captain No Reads
|raw|Captain No Reads's rating: 1193 → 1213(+20 for winning)
|raw|SunDiazVGC's rating: 1129 → 1109(-20 for losing)
|l|☆SunDiazVGC
|player|p2|
|l| Hackervgc
