|j|☆unluckyvgc
|j|☆x-3 demon
|html|unluckyvgcx-3 demon    
|uhtml|bestof|Game 2 of a best-of-3
|t:|1757203736
|gametype|doubles
|player|p1|unluckyvgc|169|1078
|player|p2|x-3 demon|boarder-gen2|1278
|gen|9
|tier|[Gen 9] VGC 2025 Reg H (Bo3)
|rated|
|rule|Species Clause: Limit one of each Pokémon
|rule|Item Clause: Limit 1 of each item
|clearpoke
|poke|p1|Dragapult, L50, F|
|poke|p1|Volcarona, L50, F|
|poke|p1|Archaludon, L50, F|
|poke|p1|Rillaboom, L50, F|
|poke|p1|Sneasler, L50, F|
|poke|p1|Electabuzz, L50, M|
|poke|p2|Dragonite, L50, F|
|poke|p2|Sinistcha, L50|
|poke|p2|Ursaluna, L50, F|
|poke|p2|Gholdengo, L50|
|poke|p2|Incineroar, L50, M|
|poke|p2|Ninetales-Alola, L50, M|
|teampreview|4
|showteam|p1|Dragapult||ChoiceBand|ClearBody|DragonDarts,Uturn,Outrage,PhantomForce|||F|||50|,,,,,Dragon]Volcarona||LifeOrb|FlameBody|HeatWave,TeraBlast,Tailwind,Protect|||F|||50|,,,,,Water]Archaludon||PowerHerb|Sturdy|DragonPulse,ElectroShot,AuraSphere,Protect|||F|||50|,,,,,Fairy]Rillaboom||AssaultVest|GrassySurge|WoodHammer,GrassyGlide,HighHorsepower,FakeOut|||F|||50|,,,,,Fire]Sneasler||FocusSash|PoisonTouch|DireClaw,CloseCombat,FakeOut,Protect|||F|||50|,,,,,Ghost]Electabuzz||Eviolite|VitalSpirit|Electroweb,Taunt,FollowMe,Protect|||M|||50|,,,,,Fairy
|showteam|p2|Dragonite||LoadedDice|Multiscale|ScaleShot,Haze,Tailwind,Protect|||F|||50|,,,,,Fairy]Sinistcha||SitrusBerry|Hospitality|MatchaGotcha,LifeDew,RagePowder,TrickRoom||||||50|,,,,,Dark]Ursaluna||FlameOrb|Guts|HeadlongRush,Earthquake,Facade,Protect|||F|||50|,,,,,Ghost]Gholdengo||LifeOrb|GoodasGold|MakeItRain,ShadowBall,NastyPlot,Protect||||||50|,,,,,Water]Incineroar||AssaultVest|Intimidate|FlareBlitz,KnockOff,FakeOut,Uturn|||M|||50|,,,,,Grass]Ninetales-Alola||FocusSash|SnowWarning|IcyWind,FreezeDry,Encore,AuroraVeil|||M|||50|,,,,,Ghost
|inactive|Battle timer is ON: inactive players will automatically lose when time's up. (requested by unluckyvgc)
|
|t:|1757203814
|teamsize|p1|4
|teamsize|p2|4
|start
|switch|p1a: weasley|Sneasler, L50, F|100/100
|switch|p1b: lightyear|Electabuzz, L50, M|100/100
|switch|p2a: Incineroar|Incineroar, L50, M|100/100
|switch|p2b: Sinistcha|Sinistcha, L50|100/100
|-ability|p2a: Incineroar|Intimidate|boost
|-unboost|p1a: weasley|atk|1
|-unboost|p1b: lightyear|atk|1
|turn|1
|inactive|x-3 demon has 30 seconds left.
|
|t:|1757203840
|switch|p2b: Gholdengo|Gholdengo, L50|100/100
|move|p1a: weasley|Fake Out|p2a: Incineroar
|-damage|p2a: Incineroar|91/100
|-status|p2a: Incineroar|psn|[from] ability: Poison Touch|[of] p1a: weasley
|move|p1b: lightyear|Taunt|p2b: Gholdengo
|-immune|p2b: Gholdengo|[from] ability: Good as Gold
|cant|p2a: Incineroar|flinch
|
|-damage|p2a: Incineroar|79/100 psn|[from] psn
|upkeep
|turn|2
|inactive|unluckyvgc has 30 seconds left.
|inactive|x-3 demon has 30 seconds left.
|
|t:|1757203868
|switch|p1b: alumulumu|Archaludon, L50, F|100/100
|move|p1a: weasley|Close Combat|p2a: Incineroar
|-supereffective|p2a: Incineroar
|-damage|p2a: Incineroar|0 fnt
|-unboost|p1a: weasley|def|1
|-unboost|p1a: weasley|spd|1
|faint|p2a: Incineroar
|move|p2b: Gholdengo|Nasty Plot|p2b: Gholdengo
|-boost|p2b: Gholdengo|spa|2
|
|upkeep
|
|t:|1757203879
|switch|p2a: Sinistcha|Sinistcha, L50|100/100
|turn|3
|
|t:|1757203901
|move|p2a: Sinistcha|Rage Powder|p2a: Sinistcha
|-singleturn|p2a: Sinistcha|move: Rage Powder
|move|p1a: weasley|Dire Claw|p2a: Sinistcha
|-damage|p2a: Sinistcha|79/100
|-status|p2a: Sinistcha|slp
|move|p1b: alumulumu|Electro Shot||[still]
|-prepare|p1b: alumulumu|Electro Shot
|-boost|p1b: alumulumu|spa|1
|-enditem|p1b: alumulumu|Power Herb
|-anim|p1b: alumulumu|Electro Shot|p2a: Sinistcha
|-resisted|p2a: Sinistcha
|-damage|p2a: Sinistcha|46/100 slp
|-enditem|p2a: Sinistcha|Sitrus Berry|[eat]
|-heal|p2a: Sinistcha|71/100 slp|[from] item: Sitrus Berry
|move|p2b: Gholdengo|Make It Rain|p1b: alumulumu|[spread] p1a,p1b
|-resisted|p1b: alumulumu
|-enditem|p1a: weasley|Focus Sash
|-damage|p1a: weasley|1/100
|-damage|p1b: alumulumu|19/100
|-unboost|p2b: Gholdengo|spa|1
|-damage|p2b: Gholdengo|91/100|[from] item: Life Orb
|
|upkeep
|turn|4
|inactive|unluckyvgc has 30 seconds left.
|inactive|x-3 demon has 30 seconds left.
|inactive|unluckyvgc has 20 seconds left.
|inactive|x-3 demon has 20 seconds left.
|inactive|unluckyvgc has 15 seconds left.
|inactive|unluckyvgc has 10 seconds left.
|
|t:|1757203950
|switch|p1a: return to monke|Rillaboom, L50, F|100/100
|-fieldstart|move: Grassy Terrain|[from] ability: Grassy Surge|[of] p1a: return to monke
|move|p1b: alumulumu|Protect|p1b: alumulumu
|-singleturn|p1b: alumulumu|Protect
|move|p2b: Gholdengo|Make It Rain|p1b: alumulumu|[spread] p1a
|-activate|p1b: alumulumu|move: Protect
|-damage|p1a: return to monke|37/100
|-unboost|p2b: Gholdengo|spa|1
|-damage|p2b: Gholdengo|81/100|[from] item: Life Orb
|cant|p2a: Sinistcha|slp
|
|-heal|p1b: alumulumu|25/100|[from] Grassy Terrain
|-heal|p2b: Gholdengo|87/100|[from] Grassy Terrain
|-heal|p1a: return to monke|43/100|[from] Grassy Terrain
|-heal|p2a: Sinistcha|77/100 slp|[from] Grassy Terrain
|upkeep
|turn|5
|inactive|x-3 demon has 30 seconds left.
|inactive|x-3 demon has 20 seconds left.
|
|t:|1757203990
|move|p1b: alumulumu|Dragon Pulse|p2b: Gholdengo
|-resisted|p2b: Gholdengo
|-damage|p2b: Gholdengo|56/100
|move|p2b: Gholdengo|Make It Rain|p1b: alumulumu|[spread] p1a,p1b
|-resisted|p1b: alumulumu
|-damage|p1a: return to monke|0 fnt
|-damage|p1b: alumulumu|0 fnt
|-unboost|p2b: Gholdengo|spa|1
|faint|p1a: return to monke
|faint|p1b: alumulumu
|-damage|p2b: Gholdengo|46/100|[from] item: Life Orb
|cant|p2a: Sinistcha|slp
|
|-heal|p2b: Gholdengo|53/100|[from] Grassy Terrain
|-heal|p2a: Sinistcha|83/100 slp|[from] Grassy Terrain
|upkeep
|
|t:|1757203998
|switch|p1b: weasley|Sneasler, L50, F|1/100
|switch|p1a: lightyear|Electabuzz, L50, M|100/100
|turn|6
|
|t:|1757204010
|move|p1b: weasley|Dire Claw|p2a: Sinistcha
|-damage|p2a: Sinistcha|49/100 slp
|move|p1a: lightyear|Electroweb|p2b: Gholdengo|[spread] p2b
|-miss|p1a: lightyear|p2a: Sinistcha
|-damage|p2b: Gholdengo|38/100
|-unboost|p2b: Gholdengo|spe|1
|move|p2b: Gholdengo|Make It Rain|p1b: weasley|[spread] p1a,p1b
|-resisted|p1a: lightyear
|-damage|p1a: lightyear|85/100
|-damage|p1b: weasley|0 fnt
|-unboost|p2b: Gholdengo|spa|1
|faint|p1b: weasley
|-damage|p2b: Gholdengo|28/100|[from] item: Life Orb
|cant|p2a: Sinistcha|slp
|
|-heal|p1a: lightyear|91/100|[from] Grassy Terrain
|-heal|p2b: Gholdengo|34/100|[from] Grassy Terrain
|-heal|p2a: Sinistcha|56/100 slp|[from] Grassy Terrain
|upkeep
|turn|7
|-message|unluckyvgc forfeited.
|
|win|x-3 demon
|raw|unluckyvgc's rating: 1078 → 1068(-10 for losing)
|raw|x-3 demon's rating: 1278 → 1290(+12 for winning)
|l|☆unluckyvgc
|player|p1|
|j|☆unluckyvgc
|player|p1|unluckyvgc|169|
|c|☆x-3 demon|ggwp
