|j|‽Yuste3_
|j|☆bleepbopboop
|html|Yuste3_bleepbopboop    
|uhtml|bestof|Game 3 of a best-of-3
|t:|1756500380
|gametype|doubles
|player|p1|Yuste3_|lucas|1085
|player|p2|bleepbopboop|ethan|1000
|gen|9
|tier|[Gen 9] VGC 2025 Reg H (Bo3)
|rated|
|rule|Species Clause: Limit one of each Pokémon
|rule|Item Clause: Limit 1 of each item
|clearpoke
|poke|p1|Talonflame, L50, F|
|poke|p1|Sneasler, L50, F|
|poke|p1|Indeedee, L50, M|
|poke|p1|Archaludon, L50, F|
|poke|p1|Sinistcha, L50|
|poke|p1|Pelipper, L50, F|
|poke|p2|Kingambit, L50, M|
|poke|p2|Garchomp, L50, M|
|poke|p2|Dragonite, L50, M|
|poke|p2|Typhlosion-Hisui, L50, M|
|poke|p2|Jumpluff, L50, M|
|poke|p2|Torkoal, L50, M|
|teampreview|4
|showteam|p1|Talonflame||CovertCloak|GaleWings|BraveBird,WillOWisp,Tailwind,Taunt|||F|||50|,,,,,Ghost]Sneasler||PsychicSeed|Unburden|DireClaw,ThroatChop,CloseCombat,Protect|||F|||50|,,,,,Dark]Indeedee||ChoiceSpecs|PsychicSurge|ExpandingForce,DazzlingGleam,ShadowBall,TeraBlast|||M|||50|,,,,,Fighting]Archaludon||AssaultVest|Stamina|DracoMeteor,ElectroShot,Snarl,BodyPress|||F|||50|,,,,,Bug]Sinistcha||SitrusBerry|Hospitality|MatchaGotcha,RagePowder,LifeDew,Protect||||||50|,,,,,Water]Pelipper||FocusSash|Drizzle|Hurricane,MuddyWater,WideGuard,Protect|||F|||50|,,,,,Ghost
|showteam|p2|Kingambit||AssaultVest|Defiant|IronHead,SuckerPunch,Assurance,LowKick|||M|||50|,,,,,Flying]Garchomp||LifeOrb|RoughSkin|DragonClaw,StompingTantrum,Earthquake,Protect|||M|||50|,,,,,Fire]Dragonite||LoadedDice|Multiscale|ScaleShot,ExtremeSpeed,IceSpinner,Protect|||M|||50|,,,,,Fairy]Typhlosion-Hisui||ChoiceSpecs|Blaze|Eruption,HeatWave,ShadowBall,Overheat|||M|||50|,,,,,Fire]Jumpluff||CovertCloak|Chlorophyll|LeafStorm,SleepPowder,Encore,Tailwind|||M|||50|,,,,,Poison]Torkoal||EjectPack|Drought|Overheat,BurningJealousy,HelpingHand,Protect|||M|||50|,,,,,Flying
|inactive|Battle timer is ON: inactive players will automatically lose when time's up. (requested by Yuste3_)
|inactive|bleepbopboop has 60 seconds left.
|
|t:|1756500414
|teamsize|p1|4
|teamsize|p2|4
|start
|switch|p1a: Archaludon|Archaludon, L50, F|100/100
|switch|p1b: Talonflame|Talonflame, L50, F|100/100
|switch|p2a: Jumpluff|Jumpluff, L50, M, shiny|100/100
|switch|p2b: Garchomp|Garchomp, L50, M, shiny|100/100
|turn|1
|
|t:|1756500432
|move|p1b: Talonflame|Taunt|p2a: Jumpluff
|-start|p2a: Jumpluff|move: Taunt
|cant|p2a: Jumpluff|move: Taunt|Tailwind
|move|p2b: Garchomp|Earthquake|p1b: Talonflame|[spread] p1a
|-immune|p2a: Jumpluff
|-immune|p1b: Talonflame
|-supereffective|p1a: Archaludon
|-damage|p1a: Archaludon|32/100
|-ability|p1a: Archaludon|Stamina|boost
|-boost|p1a: Archaludon|def|1
|-damage|p2b: Garchomp|91/100|[from] item: Life Orb
|move|p1a: Archaludon|Electro Shot||[still]
|-prepare|p1a: Archaludon|Electro Shot
|-boost|p1a: Archaludon|spa|1
|
|upkeep
|turn|2
|inactive|bleepbopboop has 30 seconds left.
|inactive|bleepbopboop has 20 seconds left.
|inactive|bleepbopboop has 15 seconds left.
|
|t:|1756500472
|move|p1b: Talonflame|Will-O-Wisp|p2b: Garchomp
|-status|p2b: Garchomp|brn
|move|p2a: Jumpluff|Leaf Storm|p1b: Talonflame
|-resisted|p1b: Talonflame
|-damage|p1b: Talonflame|91/100
|-unboost|p2a: Jumpluff|spa|2
|move|p2b: Garchomp|Earthquake|p1b: Talonflame|[spread] p1a
|-immune|p2a: Jumpluff
|-immune|p1b: Talonflame
|-supereffective|p1a: Archaludon
|-damage|p1a: Archaludon|7/100
|-ability|p1a: Archaludon|Stamina|boost
|-boost|p1a: Archaludon|def|1
|-damage|p2b: Garchomp|81/100 brn|[from] item: Life Orb
|move|p1a: Archaludon|Electro Shot|p2a: Jumpluff|[from] lockedmove
|-damage|p2a: Jumpluff|33/100
|
|-damage|p2b: Garchomp|75/100 brn|[from] brn
|upkeep
|turn|3
|inactive|bleepbopboop has 30 seconds left.
|inactive|bleepbopboop has 20 seconds left.
|inactive|bleepbopboop has 15 seconds left.
|inactive|Yuste3_ has 30 seconds left.
|inactive|bleepbopboop has 10 seconds left.
|
|t:|1756500521
|switch|p2a: Torkoal|Torkoal, L50, M, shiny|100/100
|-weather|SunnyDay|[from] ability: Drought|[of] p2a: Torkoal
|move|p1b: Talonflame|Tailwind|p1b: Talonflame
|-sidestart|p1: Yuste3_|move: Tailwind
|move|p1a: Archaludon|Draco Meteor|p2b: Garchomp
|-supereffective|p2b: Garchomp
|-damage|p2b: Garchomp|0 fnt
|-unboost|p1a: Archaludon|spa|2
|faint|p2b: Garchomp
|
|-weather|SunnyDay|[upkeep]
|upkeep
|
|t:|1756500539
|switch|p2b: Jumpluff|Jumpluff, L50, M, shiny|33/100
|turn|4
|
|t:|1756500548
|switch|p1b: Pelipper|Pelipper, L50, F|100/100
|-weather|RainDance|[from] ability: Drizzle|[of] p1b: Pelipper
|move|p1a: Archaludon|Electro Shot||[still]
|-prepare|p1a: Archaludon|Electro Shot
|-boost|p1a: Archaludon|spa|1
|-anim|p1a: Archaludon|Electro Shot|p2b: Jumpluff
|-damage|p2b: Jumpluff|0 fnt
|faint|p2b: Jumpluff
|move|p2a: Torkoal|Burning Jealousy|p1a: Archaludon|[spread] p1a,p1b
|-resisted|p1b: Pelipper
|-damage|p1a: Archaludon|0 fnt
|-damage|p1b: Pelipper|93/100
|faint|p1a: Archaludon
|
|-weather|RainDance|[upkeep]
|upkeep
|
|t:|1756500563
|switch|p2b: Typhlosion|Typhlosion-Hisui, L50, M, shiny|100/100
|switch|p1a: Talonflame|Talonflame, L50, F|91/100
|turn|5
|
|t:|1756500586
|move|p2a: Torkoal|Helping Hand|p2b: Typhlosion
|-singleturn|p2b: Typhlosion|Helping Hand|[of] p2a: Torkoal
|move|p1b: Pelipper|Wide Guard|p1b: Pelipper
|-singleturn|p1b: Pelipper|Wide Guard
|move|p1a: Talonflame|Brave Bird|p2b: Typhlosion
|-crit|p2b: Typhlosion
|-damage|p2b: Typhlosion|11/100
|-damage|p1a: Talonflame|64/100|[from] Recoil
|move|p2b: Typhlosion|Shadow Ball|p1b: Pelipper
|-damage|p1b: Pelipper|0 fnt
|faint|p1b: Pelipper
|
|-weather|RainDance|[upkeep]
|upkeep
|
|t:|1756500597
|switch|p1b: Indeedee|Indeedee, L50, M|100/100
|-fieldstart|move: Psychic Terrain|[from] ability: Psychic Surge|[of] p1b: Indeedee
|turn|6
|
|t:|1756500612
|move|p1a: Talonflame|Brave Bird|p2a: Torkoal
|-damage|p2a: Torkoal|69/100
|-damage|p1a: Talonflame|53/100|[from] Recoil
|move|p1b: Indeedee|Expanding Force|p2b: Typhlosion|[spread] p2a,p2b
|-damage|p2a: Torkoal|0 fnt
|-damage|p2b: Typhlosion|0 fnt
|faint|p2a: Torkoal
|faint|p2b: Typhlosion
|
|win|Yuste3_
|raw|Yuste3_'s rating: 1085 → 1106(+21 for winning)
|raw|bleepbopboop's rating: 1000 → 1000(+0 for losing)
