|j|☆yoonsonno
|j|☆ReggioVGC
|html|yoonsonnoReggioVGC    
|uhtml|bestof|Game 2 of a best-of-3
|t:|1756756190
|gametype|doubles
|player|p1|yoonsonno|169|1032
|player|p2|ReggioVGC|lucas|1137
|gen|9
|tier|[Gen 9] VGC 2025 Reg H (Bo3)
|rated|
|rule|Species Clause: Limit one of each Pokémon
|rule|Item Clause: Limit 1 of each item
|clearpoke
|poke|p1|Incineroar, L50, M|
|poke|p1|Amoonguss, L50, M|
|poke|p1|Ursaluna, L50, F|
|poke|p1|Pelipper, L50, M|
|poke|p1|Gholdengo, L50|
|poke|p1|Sneasler, L50, F|
|poke|p2|Ursaluna, L50, F|
|poke|p2|Kilowattrel, L50, F|
|poke|p2|Gholdengo, L50|
|poke|p2|Incineroar, L50, M|
|poke|p2|Amoonguss, L50, M|
|poke|p2|Porygon2, L50|
|teampreview|4
|showteam|p1|Incineroar||SafetyGoggles|Intimidate|FlareBlitz,FakeOut,PartingShot,CloseCombat|||M|||50|,,,,,Ghost]Amoonguss||RockyHelmet|Regenerator|Spore,RagePowder,Toxic,GigaDrain|||M|||50|,,,,,Grass]Ursaluna||FlameOrb|Guts|Earthquake,Protect,Facade,HeadlongRush|||F|||50|,,,,,Ghost]Pelipper||CovertCloak|KeenEye|Hurricane,Protect,Tailwind,WideGuard|||M|||50|,,,,,Grass]Gholdengo||QuickClaw|GoodasGold|MakeItRain,ShadowBall,FocusPunch,HyperBeam||||||50|,,,,,Steel]Sneasler||GrassySeed|PoisonTouch|CloseCombat,DireClaw,FakeOut,GigaImpact|||F|||50|,,,,,Fighting
|showteam|p2|Ursaluna||FlameOrb|Guts|Facade,HeadlongRush,Earthquake,Protect|||F|||50|,,,,,Fairy]Kilowattrel||FocusSash|Competitive|Thunderbolt,AirSlash,Tailwind,Protect|||F|||50|,,,,,Ghost]Gholdengo||LifeOrb|GoodasGold|MakeItRain,ShadowBall,NastyPlot,Protect||||||50|,,,,,Flying]Incineroar||AssaultVest|Intimidate|KnockOff,FlareBlitz,Uturn,FakeOut|||M|||50|,,,,,Grass]Amoonguss||SitrusBerry|Regenerator|Spore,RagePowder,SludgeBomb,Protect|||M|||50|,,,,,Water]Porygon2||Eviolite|Download|TeraBlast,IceBeam,Recover,TrickRoom||||||50|,,,,,Fighting
|
|t:|1756756215
|teamsize|p1|4
|teamsize|p2|4
|start
|switch|p1a: Incineroar|Incineroar, L50, M|100/100
|switch|p1b: Amoonguss|Amoonguss, L50, M|100/100
|switch|p2a: Big Bird|Kilowattrel, L50, F|100/100
|switch|p2b: Pumpy the Grumpy|Incineroar, L50, M, shiny|100/100
|-ability|p2b: Pumpy the Grumpy|Intimidate|boost
|-unboost|p1a: Incineroar|atk|1
|-unboost|p1b: Amoonguss|atk|1
|-ability|p1a: Incineroar|Intimidate|boost
|-unboost|p2a: Big Bird|atk|1
|-ability|p2a: Big Bird|Competitive|boost
|-boost|p2a: Big Bird|spa|2
|-unboost|p2b: Pumpy the Grumpy|atk|1
|turn|1
|
|t:|1756756262
|move|p2a: Big Bird|Protect|p2a: Big Bird
|-singleturn|p2a: Big Bird|Protect
|move|p2b: Pumpy the Grumpy|Fake Out|p1b: Amoonguss
|-damage|p1b: Amoonguss|91/100
|-damage|p2b: Pumpy the Grumpy|84/100|[from] item: Rocky Helmet|[of] p1b: Amoonguss
|move|p1a: Incineroar|Close Combat|p2b: Pumpy the Grumpy
|-supereffective|p2b: Pumpy the Grumpy
|-damage|p2b: Pumpy the Grumpy|39/100
|-unboost|p1a: Incineroar|def|1
|-unboost|p1a: Incineroar|spd|1
|cant|p1b: Amoonguss|flinch
|
|upkeep
|turn|2
|
|t:|1756756290
|move|p1a: Incineroar|Fake Out||[still]
|-hint|Fake Out only works on your first turn out.
|-fail|p1a: Incineroar
|move|p2a: Big Bird|Air Slash|p1b: Amoonguss
|-supereffective|p1b: Amoonguss
|-damage|p1b: Amoonguss|0 fnt
|faint|p1b: Amoonguss
|move|p2b: Pumpy the Grumpy|Flare Blitz|p1a: Incineroar
|-resisted|p1a: Incineroar
|-damage|p1a: Incineroar|73/100
|-damage|p2b: Pumpy the Grumpy|30/100|[from] Recoil
|
|upkeep
|
|t:|1756756303
|switch|p1b: Ursaluna|Ursaluna, L50, F|100/100
|turn|3
|
|t:|1756756329
|move|p1a: Incineroar|Fake Out||[still]
|-hint|Fake Out only works on your first turn out.
|-fail|p1a: Incineroar
|move|p2a: Big Bird|Tailwind|p2a: Big Bird
|-sidestart|p2: ReggioVGC|move: Tailwind
|move|p2b: Pumpy the Grumpy|Knock Off|p1b: Ursaluna
|-damage|p1b: Ursaluna|73/100
|-enditem|p1b: Ursaluna|Flame Orb|[from] move: Knock Off|[of] p2b: Pumpy the Grumpy
|move|p1b: Ursaluna|Headlong Rush|p2b: Pumpy the Grumpy
|-supereffective|p2b: Pumpy the Grumpy
|-damage|p2b: Pumpy the Grumpy|0 fnt
|-unboost|p1b: Ursaluna|def|1
|-unboost|p1b: Ursaluna|spd|1
|faint|p2b: Pumpy the Grumpy
|
|upkeep
|
|t:|1756756345
|switch|p2b: Mr Worldwide|Gholdengo, L50|100/100
|turn|4
|
|t:|1756756357
|move|p1b: Ursaluna|Protect|p1b: Ursaluna
|-singleturn|p1b: Ursaluna|Protect
|move|p2a: Big Bird|Thunderbolt|p1a: Incineroar
|-damage|p1a: Incineroar|0 fnt
|faint|p1a: Incineroar
|move|p2b: Mr Worldwide|Make It Rain|p1b: Ursaluna
|-activate|p1b: Ursaluna|move: Protect
|
|upkeep
|
|t:|1756756365
|switch|p1a: Gholdengo|Gholdengo, L50|100/100
|turn|5
|-message|yoonsonno forfeited.
|
|win|ReggioVGC
|raw|yoonsonno's rating: 1032 → 1022(-10 for losing)
|raw|ReggioVGC's rating: 1137 → 1155(+18 for winning)
