|j|☆Colonelpaco
|j|☆willypetez
|html|Colonelpacowillypetez    
|uhtml|bestof|Game 2 of a best-of-3
|t:|1757771965
|gametype|doubles
|player|p1|Colonelpaco|2|1094
|player|p2|willypetez|265|1000
|gen|9
|tier|[Gen 9] VGC 2025 Reg H (Bo3)
|rated|
|rule|Species Clause: Limit one of each Pokémon
|rule|Item Clause: Limit 1 of each item
|clearpoke
|poke|p1|Sneasler, L50, M|
|poke|p1|Dragapult, L50, F|
|poke|p1|Primarina, L50, F|
|poke|p1|Rillaboom, L50, M|
|poke|p1|Kingambit, L50, F|
|poke|p1|Magmar, L50, F|
|poke|p2|Arcanine-Hisui, L50, F|
|poke|p2|Whimsicott, L50, M|
|poke|p2|Sneasler, L50, F|
|poke|p2|Dragonite, L50, M|
|poke|p2|Kingambit, L50, F|
|poke|p2|Ursaluna-Bloodmoon, L50, M|
|teampreview|4
|showteam|p1|Sneasler||FocusSash|Unburden|CloseCombat,DireClaw,FakeOut,Protect|||M|||50|,,,,,Stellar]Dragapult||ChoiceBand|ClearBody|DragonDarts,TeraBlast,PhantomForce,Uturn|||F|||50|,,,,,Ghost]Primarina||SitrusBerry|LiquidVoice|HyperVoice,Moonblast,Haze,Protect|||F|||50|,,,,,Steel]Rillaboom||AssaultVest|GrassySurge|WoodHammer,GrassyGlide,HighHorsepower,FakeOut|||M|||50|,,,,,Fire]Kingambit||BlackGlasses|Defiant|KowtowCleave,SuckerPunch,SwordsDance,Protect|||F|||50|,,,,,Ghost]Magmar||Eviolite|VitalSpirit|Overheat,WillOWisp,FollowMe,Protect|||F|||50|,,,,,Ghost
|showteam|p2|Arcanine-Hisui||SitrusBerry|Intimidate|FlareBlitz,RockSlide,Howl,Protect|||F|||50|,,,,,Grass]Whimsicott||CovertCloak|Prankster|Tailwind,Moonblast,Encore,Protect|||M|||50|,,,,,Ghost]Sneasler||FocusSash|Unburden|DireClaw,CloseCombat,FakeOut,Protect|||F|||50|,,,,,Ghost]Dragonite||ChoiceBand|InnerFocus|Outrage,StompingTantrum,ExtremeSpeed,TeraBlast|||M|||50|,,,,,Flying]Kingambit||SafetyGoggles|Defiant|KowtowCleave,SuckerPunch,SwordsDance,Protect|||F|||50|,,,,,Dark]Ursaluna-Bloodmoon||LifeOrb|MindsEye|HyperVoice,EarthPower,BloodMoon,Protect|||M|||50|,,,,,Normal
|inactive|Battle timer is ON: inactive players will automatically lose when time's up. (requested by Colonelpaco)
|inactive|willypetez has 60 seconds left.
|inactive|willypetez has 30 seconds left.
|inactive|Colonelpaco has 60 seconds left.
|
|t:|1757772054
|teamsize|p1|4
|teamsize|p2|4
|start
|switch|p1a: Sneasler|Sneasler, L50, M|100/100
|switch|p1b: Dragapult|Dragapult, L50, F|100/100
|switch|p2a: Whimsicott|Whimsicott, L50, M|100/100
|switch|p2b: Ursaluna|Ursaluna-Bloodmoon, L50, M|100/100
|turn|1
|inactive|Colonelpaco has 30 seconds left.
|inactive|willypetez has 30 seconds left.
|inactive|Colonelpaco has 20 seconds left.
|inactive|willypetez has 20 seconds left.
|inactive|Colonelpaco has 15 seconds left.
|inactive|willypetez has 15 seconds left.
|inactive|Colonelpaco has 10 seconds left.
|inactive|willypetez has 10 seconds left.
|inactive|Colonelpaco has 5 seconds left.
|inactive|willypetez has 5 seconds left.
|
|t:|1757772108
|-terastallize|p2b: Ursaluna|Normal
|move|p1b: Dragapult|U-turn|p2b: Ursaluna
|-damage|p2b: Ursaluna|71/100
|
|t:|1757772114
|switch|p1b: Rillaboom|Rillaboom, L50, M|100/100|[from] U-turn
|-fieldstart|move: Grassy Terrain|[from] ability: Grassy Surge|[of] p1b: Rillaboom
|move|p1a: Sneasler|Dire Claw|p2a: Whimsicott
|-supereffective|p2a: Whimsicott
|-damage|p2a: Whimsicott|0 fnt
|faint|p2a: Whimsicott
|move|p2b: Ursaluna|Hyper Voice|p1b: Rillaboom|[spread] p1a,p1b
|-damage|p1a: Sneasler|15/100
|-damage|p1b: Rillaboom|53/100
|-damage|p2b: Ursaluna|62/100|[from] item: Life Orb
|
|-heal|p1a: Sneasler|20/100|[from] Grassy Terrain
|-heal|p1b: Rillaboom|59/100|[from] Grassy Terrain
|-heal|p2b: Ursaluna|68/100|[from] Grassy Terrain
|upkeep
|
|t:|1757772136
|switch|p2a: Dragonite|Dragonite, L50, M|100/100
|turn|2
|inactive|Colonelpaco has 30 seconds left.
|inactive|willypetez has 30 seconds left.
|inactive|Colonelpaco has 20 seconds left.
|inactive|Colonelpaco has 15 seconds left.
|
|t:|1757772177
|move|p1a: Sneasler|Protect|p1a: Sneasler
|-singleturn|p1a: Sneasler|Protect
|move|p2b: Ursaluna|Protect|p2b: Ursaluna
|-singleturn|p2b: Ursaluna|Protect
|move|p2a: Dragonite|Extreme Speed|p1a: Sneasler
|-activate|p1a: Sneasler|move: Protect
|move|p1b: Rillaboom|Grassy Glide|p2b: Ursaluna
|-activate|p2b: Ursaluna|move: Protect
|
|-heal|p1a: Sneasler|26/100|[from] Grassy Terrain
|-heal|p1b: Rillaboom|65/100|[from] Grassy Terrain
|-heal|p2b: Ursaluna|74/100|[from] Grassy Terrain
|upkeep
|turn|3
|
|t:|1757772199
|move|p2a: Dragonite|Extreme Speed|p1b: Rillaboom
|-damage|p1b: Rillaboom|23/100
|move|p1a: Sneasler|Close Combat|p2b: Ursaluna
|-supereffective|p2b: Ursaluna
|-damage|p2b: Ursaluna|0 fnt
|-unboost|p1a: Sneasler|def|1
|-unboost|p1a: Sneasler|spd|1
|faint|p2b: Ursaluna
|move|p1b: Rillaboom|Wood Hammer|p2a: Dragonite
|-resisted|p2a: Dragonite
|-damage|p2a: Dragonite|78/100
|-damage|p1b: Rillaboom|17/100|[from] Recoil
|
|-heal|p1a: Sneasler|32/100|[from] Grassy Terrain
|-heal|p1b: Rillaboom|23/100|[from] Grassy Terrain
|upkeep
|
|t:|1757772206
|switch|p2b: Kingambit|Kingambit, L50, F|100/100
|turn|4
|
|t:|1757772223
|switch|p1b: Kingambit|Kingambit, L50, F|100/100
|move|p1a: Sneasler|Protect|p1a: Sneasler
|-singleturn|p1a: Sneasler|Protect
|move|p2a: Dragonite|Extreme Speed|p1b: Kingambit
|-resisted|p1b: Kingambit
|-damage|p1b: Kingambit|83/100
|move|p2b: Kingambit|Swords Dance|p2b: Kingambit
|-boost|p2b: Kingambit|atk|2
|
|-heal|p1a: Sneasler|38/100|[from] Grassy Terrain
|-heal|p1b: Kingambit|89/100|[from] Grassy Terrain
|upkeep
|turn|5
|inactive|Colonelpaco has 30 seconds left.
|
|t:|1757772250
|move|p1b: Kingambit|Protect|p1b: Kingambit
|-singleturn|p1b: Kingambit|Protect
|move|p2a: Dragonite|Extreme Speed|p1a: Sneasler
|-damage|p1a: Sneasler|0 fnt
|faint|p1a: Sneasler
|move|p2b: Kingambit|Kowtow Cleave|p1b: Kingambit
|-activate|p1b: Kingambit|move: Protect
|
|-heal|p1b: Kingambit|95/100|[from] Grassy Terrain
|-fieldend|move: Grassy Terrain
|upkeep
|
|t:|1757772264
|switch|p1a: Dragapult|Dragapult, L50, F|100/100
|turn|6
|
|t:|1757772279
|move|p2a: Dragonite|Extreme Speed|p1b: Kingambit
|-resisted|p1b: Kingambit
|-damage|p1b: Kingambit|78/100
|move|p2b: Kingambit|Sucker Punch|p1a: Dragapult
|-supereffective|p1a: Dragapult
|-damage|p1a: Dragapult|0 fnt
|faint|p1a: Dragapult
|move|p1b: Kingambit|Swords Dance|p1b: Kingambit
|-boost|p1b: Kingambit|atk|2
|
|upkeep
|
|t:|1757772287
|switch|p1a: Rillaboom|Rillaboom, L50, M|23/100
|-fieldstart|move: Grassy Terrain|[from] ability: Grassy Surge|[of] p1a: Rillaboom
|turn|7
|
|t:|1757772304
|move|p1a: Rillaboom|Fake Out|p2b: Kingambit
|-resisted|p2b: Kingambit
|-damage|p2b: Kingambit|95/100
|move|p2a: Dragonite|Extreme Speed|p1a: Rillaboom
|-damage|p1a: Rillaboom|0 fnt
|faint|p1a: Rillaboom
|cant|p2b: Kingambit|flinch
|move|p1b: Kingambit|Kowtow Cleave|p2b: Kingambit
|-resisted|p2b: Kingambit
|-damage|p2b: Kingambit|52/100
|
|-heal|p2b: Kingambit|58/100|[from] Grassy Terrain
|-heal|p1b: Kingambit|84/100|[from] Grassy Terrain
|upkeep
|turn|8
|-message|Colonelpaco forfeited.
|
|win|willypetez
||Colonelpaco is ready for game 3.
||willypetez is ready for game 3.
|uhtml|next|Next: Game 3 of 3
|l|☆willypetez
|player|p2|
