|j|☆kingambitstan
|j|☆J4rda
|html|kingambitstanJ4rda    
|uhtml|bestof|Game 1 of a best-of-3
|t:|1783791231
|gametype|doubles
|player|p1|kingambitstan|rika|1090
|player|p2|J4rda|scientist|1121
|gen|9
|tier|[Gen 9 Champions] VGC 2026 Reg M-B (Bo3)
|rated|
|rule|Species Clause: Limit one of each Pokémon
|rule|Item Clause: Limit 1 of each item
|clearpoke
|poke|p1|Charizard, L50, M|
|poke|p1|Kangaskhan, L50, F|
|poke|p1|Basculegion, L50, M|
|poke|p1|Garchomp, L50, M|
|poke|p1|Whimsicott, L50, M|
|poke|p1|Farigiraf, L50, F|
|poke|p2|Charizard, L50, M|
|poke|p2|Garchomp, L50, M|
|poke|p2|Sylveon, L50, M|
|poke|p2|Farigiraf, L50, M|
|poke|p2|Kingambit, L50, F|
|poke|p2|Aerodactyl, L50, F|
|teampreview|4
|showteam|p1|Charizard||CharizarditeY|Blaze|HeatWave,WeatherBall,SolarBeam,Protect|Timid||M|||50|]Kangaskhan||Kangaskhanite|Scrappy|FakeOut,SuckerPunch,DoubleEdge,DrainPunch|Adamant||F|||50|]Basculegion||MysticWater|Adaptability|WaveCrash,LastRespects,AquaJet,Protect|Adamant||M|||50|]Garchomp||LifeOrb|RoughSkin|Earthquake,DragonClaw,RockSlide,Protect|Jolly||M|||50|]Whimsicott||FocusSash|Prankster|Moonblast,Encore,Tailwind,Protect|Timid||M|||50|]Farigiraf||SitrusBerry|ArmorTail|TwinBeam,Thunderbolt,TrickRoom,HelpingHand|Quiet||F|||50|
|showteam|p2|Charizard||CharizarditeY|Blaze|Protect,HeatWave,WeatherBall,SolarBeam|Timid||M|||50|]Garchomp||LifeOrb|RoughSkin|Protect,DragonClaw,StompingTantrum,Earthquake|Jolly||M|||50|]Sylveon||FairyFeather|Pixilate|Detect,QuickAttack,HyperVoice,HyperBeam|Modest||M|||50|]Farigiraf||SitrusBerry|ArmorTail|TwinBeam,Thunderbolt,SunnyDay,TrickRoom|Bold||M|||50|]Kingambit||FocusSash|Defiant|KowtowCleave,IronHead,SuckerPunch,LowKick|Adamant||F|||50|]Aerodactyl||Aerodactylite|RockHead|RockSlide,DualWingbeat,IceFang,Tailwind|Jolly||F|||50|
|inactive|Battle timer is ON: inactive players will automatically lose when time's up. (requested by kingambitstan)
|inactive|J4rda also wants the timer to be on.
|inactive|kingambitstan has 60 seconds left.
|inactive|J4rda has 60 seconds left.
|inactive|kingambitstan has 30 seconds left.
|
|t:|1783791295
|teamsize|p1|4
|teamsize|p2|4
|start
|switch|p1a: Kangaskhan|Kangaskhan, L50, F|100/100
|switch|p1b: Farigiraf|Farigiraf, L50, F|100/100
|switch|p2a: Aerodactyl|Aerodactyl, L50, F|100/100
|switch|p2b: Sylveon|Sylveon, L50, M|100/100
|turn|1
|inactive|J4rda has 30 seconds left.
|inactive|J4rda has 20 seconds left.
|
|t:|1783791331
|switch|p2a: Farigiraf|Farigiraf, L50, M|100/100
|detailschange|p1a: Kangaskhan|Kangaskhan-Mega, L50, F
|-mega|p1a: Kangaskhan|Kangaskhan|Kangaskhanite
|move|p1a: Kangaskhan|Fake Out||[still]
|cant|p2a: Farigiraf|ability: Armor Tail|Fake Out|[of] p1a: Kangaskhan
|move|p2b: Sylveon|Hyper Voice|p1a: Kangaskhan|[spread] p1a,p1b
|-damage|p1a: Kangaskhan|57/100
|-damage|p1b: Farigiraf|46/100
|-enditem|p1b: Farigiraf|Sitrus Berry|[eat]
|-heal|p1b: Farigiraf|71/100|[from] item: Sitrus Berry
|move|p1b: Farigiraf|Trick Room|p1b: Farigiraf
|-fieldstart|move: Trick Room|[of] p1b: Farigiraf
|
|upkeep
|turn|2
|inactive|kingambitstan has 30 seconds left.
|inactive|kingambitstan has 20 seconds left.
|
|t:|1783791367
|move|p1b: Farigiraf|Thunderbolt|p2a: Farigiraf
|-damage|p2a: Farigiraf|70/100
|move|p2b: Sylveon|Hyper Beam|p1a: Kangaskhan
|-crit|p1a: Kangaskhan
|-damage|p1a: Kangaskhan|0 fnt
|-mustrecharge|p2b: Sylveon
|faint|p1a: Kangaskhan
|move|p2a: Farigiraf|Trick Room|p2a: Farigiraf
|-fieldend|move: Trick Room
|
|upkeep
|
|t:|1783791378
|switch|p1a: Basculegion|Basculegion, L50, M|100/100
|turn|3
|
|t:|1783791384
|move|p1a: Basculegion|Wave Crash|p2a: Farigiraf
|-damage|p2a: Farigiraf|0 fnt
|faint|p2a: Farigiraf
|-damage|p1a: Basculegion|73/100|[from] Recoil
|cant|p2b: Sylveon|recharge
|move|p1b: Farigiraf|Twin Beam|p2b: Sylveon
|-damage|p2b: Sylveon|85/100
|-damage|p2b: Sylveon|71/100
|-hitcount|p2b: Sylveon|2
|
|upkeep
|
|t:|1783791397
|switch|p2a: Kingambit|Kingambit, L50, F|100/100
|turn|4
|inactive|kingambitstan has 30 seconds left.
|
|t:|1783791424
|move|p2a: Kingambit|Sucker Punch||[still]
|cant|p1b: Farigiraf|ability: Armor Tail|Sucker Punch|[of] p2a: Kingambit
|move|p1a: Basculegion|Wave Crash|p2a: Kingambit
|-damage|p2a: Kingambit|15/100
|-damage|p1a: Basculegion|46/100|[from] Recoil
|move|p2b: Sylveon|Hyper Beam|p1b: Farigiraf
|-damage|p1b: Farigiraf|0 fnt
|-mustrecharge|p2b: Sylveon
|faint|p1b: Farigiraf
|
|upkeep
|
|t:|1783791429
|switch|p1b: Garchomp|Garchomp, L50, M|100/100
|turn|5
|
|t:|1783791442
|move|p1a: Basculegion|Protect|p1a: Basculegion
|-singleturn|p1a: Basculegion|Protect
|move|p2a: Kingambit|Sucker Punch||[still]
|-fail|p2a: Kingambit
|move|p1b: Garchomp|Earthquake|p2a: Kingambit|[spread] p2a,p2b
|-activate|p1a: Basculegion|move: Protect
|-supereffective|p2a: Kingambit|1
|-damage|p2a: Kingambit|0 fnt
|-damage|p2b: Sylveon|7/100
|faint|p2a: Kingambit
|-damage|p1b: Garchomp|90/100|[from] item: Life Orb
|cant|p2b: Sylveon|recharge
|
|upkeep
|
|t:|1783791457
|switch|p2a: Aerodactyl|Aerodactyl, L50, F|100/100
|turn|6
|
|t:|1783791462
|detailschange|p2a: Aerodactyl|Aerodactyl-Mega, L50, F
|-mega|p2a: Aerodactyl|Aerodactyl|Aerodactylite
|move|p2b: Sylveon|Detect|p2b: Sylveon
|-singleturn|p2b: Sylveon|Protect
|move|p1a: Basculegion|Aqua Jet|p2b: Sylveon
|-activate|p2b: Sylveon|move: Protect
|move|p2a: Aerodactyl|Ice Fang|p1b: Garchomp
|-supereffective|p1b: Garchomp|2
|-damage|p1b: Garchomp|0 fnt
|-damage|p2a: Aerodactyl|87/100|[from] ability: Rough Skin|[of] p1b: Garchomp
|faint|p1b: Garchomp
|
|upkeep
|turn|7
|
|t:|1783791482
|move|p1a: Basculegion|Aqua Jet|p2b: Sylveon
|-damage|p2b: Sylveon|0 fnt
|faint|p2b: Sylveon
|move|p2a: Aerodactyl|Rock Slide|p1a: Basculegion
|-crit|p1a: Basculegion
|-damage|p1a: Basculegion|0 fnt
|faint|p1a: Basculegion
|
|win|J4rda
