|j|☆atrixmj
|j|☆MiroKart 8 deluxe
|html|atrixmjMiroKart 8 deluxe    
|uhtml|bestof|Game 2 of a best-of-3
|t:|1757074731
|gametype|doubles
|player|p1|atrixmj|miku-fire|1319
|player|p2|MiroKart 8 deluxe|265|1314
|gen|9
|tier|[Gen 9] VGC 2025 Reg H (Bo3)
|rated|
|rule|Species Clause: Limit one of each Pokémon
|rule|Item Clause: Limit 1 of each item
|clearpoke
|poke|p1|Sneasler, L50, F|
|poke|p1|Indeedee-F, L50, F|
|poke|p1|Incineroar, L50, M|
|poke|p1|Whimsicott, L50, M|
|poke|p1|Pelipper, L50, M|
|poke|p1|Archaludon, L50, M|
|poke|p2|Rillaboom, L50, M|
|poke|p2|Kingambit, L50, M|
|poke|p2|Dragapult, L50, F|
|poke|p2|Sneasler, L50, M|
|poke|p2|Primarina, L50, F|
|poke|p2|Electabuzz, L50, F|
|teampreview|4
|showteam|p1|Sneasler||PsychicSeed|Unburden|DireClaw,ThroatChop,CloseCombat,Protect|||F|||50|,,,,,Dark]Indeedee-F||SitrusBerry|PsychicSurge|Psychic,HelpingHand,FollowMe,TrickRoom|||F|||50|,,,,,Fairy]Incineroar||AssaultVest|Intimidate|FlareBlitz,KnockOff,Uturn,FakeOut|||M|||50|,,,,,Ghost]Whimsicott||CovertCloak|Prankster|Moonblast,Tailwind,Encore,LightScreen|||M|||50|,,,,,Dark]Pelipper||FocusSash|Drizzle|WeatherBall,Hurricane,WideGuard,Protect|||M|||50|,,,,,Water]Archaludon||PowerHerb|Stalwart|ElectroShot,DragonPulse,FlashCannon,Protect|||M|||50|,,,,,Electric
|showteam|p2|Rillaboom||AssaultVest|GrassySurge|FakeOut,GrassyGlide,WoodHammer,Uturn|||M|||50|,,,,,Fire]Kingambit||SafetyGoggles|Defiant|KowtowCleave,SuckerPunch,SwordsDance,Protect|||M|||50|,,,,,Dark]Dragapult||ChoiceBand|ClearBody|DragonDarts,Outrage,Uturn,PhantomForce|||F|||50|,,,,,Dragon]Sneasler||FocusSash|PoisonTouch|DireClaw,CloseCombat,FakeOut,Protect|||M|||50|,,,,,Stellar]Primarina||ThroatSpray|LiquidVoice|HyperVoice,Moonblast,Haze,Protect|||F|||50|,,,,,Poison]Electabuzz||Eviolite|VitalSpirit|FollowMe,Taunt,Electroweb,Protect|||F|||50|,,,,,Fairy
|
|t:|1757074765
|teamsize|p1|4
|teamsize|p2|4
|start
|switch|p1a: Sneasler|Sneasler, L50, F|100/100
|switch|p1b: Indeedee|Indeedee-F, L50, F|100/100
|switch|p2a: Dragapult|Dragapult, L50, F|100/100
|switch|p2b: Sneasler|Sneasler, L50, M|100/100
|-fieldstart|move: Psychic Terrain|[from] ability: Psychic Surge|[of] p1b: Indeedee
|-enditem|p1a: Sneasler|Psychic Seed
|-boost|p1a: Sneasler|spd|1|[from] item: Psychic Seed
|turn|1
|
|t:|1757074795
|-terastallize|p2a: Dragapult|Dragon
|move|p1b: Indeedee|Follow Me|p1b: Indeedee
|-singleturn|p1b: Indeedee|move: Follow Me
|move|p1a: Sneasler|Dire Claw|p2b: Sneasler
|-resisted|p2b: Sneasler
|-damage|p2b: Sneasler|60/100
|move|p2a: Dragapult|U-turn|p1b: Indeedee
|-supereffective|p1b: Indeedee
|-damage|p1b: Indeedee|34/100
|-enditem|p1b: Indeedee|Sitrus Berry|[eat]
|-heal|p1b: Indeedee|59/100|[from] item: Sitrus Berry
|
|t:|1757074807
|switch|p2a: Rillaboom|Rillaboom, L50, M|100/100|[from] U-turn
|-fieldstart|move: Grassy Terrain|[from] ability: Grassy Surge|[of] p2a: Rillaboom
|move|p2b: Sneasler|Dire Claw|p1b: Indeedee
|-crit|p1b: Indeedee
|-damage|p1b: Indeedee|0 fnt
|faint|p1b: Indeedee
|
|-heal|p2b: Sneasler|66/100|[from] Grassy Terrain
|upkeep
|
|t:|1757074814
|switch|p1b: Whimsicott|Whimsicott, L50, M|100/100
|turn|2
|
|t:|1757074826
|switch|p1b: Archaludon|Archaludon, L50, M|100/100
|move|p2a: Rillaboom|Fake Out|p1a: Sneasler
|-damage|p1a: Sneasler|77/100
|cant|p1a: Sneasler|flinch
|move|p2b: Sneasler|Dire Claw|p1b: Archaludon
|-immune|p1b: Archaludon
|
|-heal|p1a: Sneasler|82/100|[from] Grassy Terrain
|-heal|p2b: Sneasler|72/100|[from] Grassy Terrain
|upkeep
|turn|3
|inactive|Battle timer is ON: inactive players will automatically lose when time's up. (requested by MiroKart 8 deluxe)
|
|t:|1757074839
|switch|p2a: Electabuzz|Electabuzz, L50, F|100/100
|-terastallize|p1b: Archaludon|Electric
|move|p1a: Sneasler|Dire Claw|p2a: Electabuzz
|-damage|p2a: Electabuzz|64/100
|move|p2b: Sneasler|Close Combat|p1b: Archaludon
|-damage|p1b: Archaludon|44/100
|-unboost|p2b: Sneasler|def|1
|-unboost|p2b: Sneasler|spd|1
|move|p1b: Archaludon|Electro Shot||[still]
|-prepare|p1b: Archaludon|Electro Shot
|-boost|p1b: Archaludon|spa|1
|-enditem|p1b: Archaludon|Power Herb
|-anim|p1b: Archaludon|Electro Shot|p2b: Sneasler
|-damage|p2b: Sneasler|0 fnt
|faint|p2b: Sneasler
|
|-heal|p1a: Sneasler|88/100|[from] Grassy Terrain
|-heal|p1b: Archaludon|50/100|[from] Grassy Terrain
|-heal|p2a: Electabuzz|70/100|[from] Grassy Terrain
|upkeep
|
|t:|1757074856
|switch|p2b: Dragapult|Dragapult, L50, F, tera:Dragon|100/100
|turn|4
|inactive|atrixmj has 30 seconds left.
|inactive|atrixmj has 20 seconds left.
|
|t:|1757074894
|move|p1a: Sneasler|Dire Claw|p2b: Dragapult
|-damage|p2b: Dragapult|35/100
|-status|p2b: Dragapult|psn
|move|p2b: Dragapult|Phantom Force||[still]
|-prepare|p2b: Dragapult|Phantom Force
|move|p1b: Archaludon|Dragon Pulse|p2b: Dragapult|[miss]
|-miss|p1b: Archaludon|p2b: Dragapult
|move|p2a: Electabuzz|Electroweb|p1b: Archaludon|[spread] p1a,p1b
|-resisted|p1b: Archaludon
|-damage|p1a: Sneasler|74/100
|-damage|p1b: Archaludon|40/100
|-unboost|p1a: Sneasler|spe|1
|-unboost|p1b: Archaludon|spe|1
|
|-heal|p1a: Sneasler|80/100|[from] Grassy Terrain
|-heal|p2a: Electabuzz|75/100|[from] Grassy Terrain
|-heal|p1b: Archaludon|46/100|[from] Grassy Terrain
|-damage|p2b: Dragapult|23/100 psn|[from] psn
|upkeep
|turn|5
|
|t:|1757074910
|move|p1a: Sneasler|Dire Claw|p2a: Electabuzz
|-damage|p2a: Electabuzz|41/100
|move|p2b: Dragapult|Phantom Force|p1b: Archaludon|[from] lockedmove
|-damage|p1b: Archaludon|0 fnt
|faint|p1b: Archaludon
|move|p2a: Electabuzz|Electroweb|p1a: Sneasler
|-damage|p1a: Sneasler|62/100
|-unboost|p1a: Sneasler|spe|1
|
|-heal|p2b: Dragapult|29/100 psn|[from] Grassy Terrain
|-heal|p1a: Sneasler|68/100|[from] Grassy Terrain
|-heal|p2a: Electabuzz|46/100|[from] Grassy Terrain
|-damage|p2b: Dragapult|17/100 psn|[from] psn
|-fieldend|move: Grassy Terrain
|upkeep
|
|t:|1757074913
|switch|p1b: Whimsicott|Whimsicott, L50, M|100/100
|turn|6
|
|t:|1757074930
|move|p2a: Electabuzz|Follow Me|p2a: Electabuzz
|-singleturn|p2a: Electabuzz|move: Follow Me
|move|p2b: Dragapult|Phantom Force||[still]
|-prepare|p2b: Dragapult|Phantom Force
|move|p1a: Sneasler|Close Combat|p2a: Electabuzz
|-damage|p2a: Electabuzz|0 fnt
|-unboost|p1a: Sneasler|def|1
|-unboost|p1a: Sneasler|spd|1
|faint|p2a: Electabuzz
|move|p1b: Whimsicott|Moonblast|p2b: Dragapult|[miss]
|-miss|p1b: Whimsicott|p2b: Dragapult
|
|-damage|p2b: Dragapult|5/100 psn|[from] psn
|upkeep
|
|t:|1757074938
|switch|p2a: Rillaboom|Rillaboom, L50, M|100/100
|-fieldstart|move: Grassy Terrain|[from] ability: Grassy Surge|[of] p2a: Rillaboom
|turn|7
|
|t:|1757074951
|move|p1b: Whimsicott|Tailwind|p1b: Whimsicott
|-sidestart|p1: atrixmj|move: Tailwind
|move|p2a: Rillaboom|Grassy Glide|p1a: Sneasler
|-resisted|p1a: Sneasler
|-damage|p1a: Sneasler|13/100
|move|p1a: Sneasler|Dire Claw|p2a: Rillaboom
|-supereffective|p2a: Rillaboom
|-damage|p2a: Rillaboom|18/100
|move|p2b: Dragapult|Phantom Force|p1a: Sneasler|[from] lockedmove
|-damage|p1a: Sneasler|0 fnt
|faint|p1a: Sneasler
|
|-heal|p2b: Dragapult|11/100 psn|[from] Grassy Terrain
|-heal|p2a: Rillaboom|24/100|[from] Grassy Terrain
|-damage|p2b: Dragapult|0 fnt|[from] psn
|faint|p2b: Dragapult
|upkeep
|turn|8
|
|t:|1757074958
|move|p1b: Whimsicott|Moonblast|p2a: Rillaboom
|-damage|p2a: Rillaboom|0 fnt
|faint|p2a: Rillaboom
|
|win|atrixmj
|raw|atrixmj's rating: 1319 → 1339(+20 for winning)
|raw|MiroKart 8 deluxe's rating: 1314 → 1294(-20 for losing)
