|j|☆basedfortnitegamer
|j|☆shrekislove117
|html|basedfortnitegamershrekislove117    
|uhtml|bestof|Game 1 of a best-of-3
|t:|1756168712
|gametype|doubles
|player|p1|basedfortnitegamer|pokefan-gen4|1120
|player|p2|shrekislove117|169|1139
|gen|9
|tier|[Gen 9] VGC 2025 Reg H (Bo3)
|rated|
|rule|Species Clause: Limit one of each Pokémon
|rule|Item Clause: Limit 1 of each item
|clearpoke
|poke|p1|Incineroar, L50, F|
|poke|p1|Sinistcha-Masterpiece, L50|
|poke|p1|Ursaluna, L50, M|
|poke|p1|Annihilape, L50, M|
|poke|p1|Ninetales-Alola, L50, M|
|poke|p1|Dragonite, L50, M|
|poke|p2|Kingambit, L50, F|
|poke|p2|Amoonguss, L50, F|
|poke|p2|Archaludon, L50, M|
|poke|p2|Pelipper, L50, M|
|poke|p2|Basculegion, L50, M|
|poke|p2|Gallade, L50, M|
|teampreview|4
|showteam|p1|Incineroar||SafetyGoggles|Intimidate|FlareBlitz,KnockOff,FakeOut,PartingShot|||F|||50|,,,,,Ghost]Sinistcha-Masterpiece||SitrusBerry|Hospitality|MatchaGotcha,RagePowder,TrickRoom,LifeDew||||||50|,,,,,Water]Ursaluna||FlameOrb|Guts|Facade,HeadlongRush,Earthquake,Protect|||M|||50|,,,,,Ghost]Annihilape||FocusSash|Defiant|CloseCombat,RageFist,Coaching,Taunt|||M|||50|,,,,,Flying]Ninetales-Alola||NeverMeltIce|SnowWarning|Blizzard,FreezeDry,AuroraVeil,Protect|||M|||50|,,,,,Ghost]Dragonite||LoadedDice|Multiscale|ScaleShot,Tailwind,Haze,Protect|||M|||50|,,,,,Fairy
|showteam|p2|Kingambit||SafetyGoggles|Defiant|SuckerPunch,KowtowCleave,SwordsDance,Protect|||F|||50|,,,,,Dark]Amoonguss||SitrusBerry|Regenerator|Spore,RagePowder,ClearSmog,PollenPuff|||F|||50|,,,,,Water]Archaludon||AssaultVest|Stamina|ElectroShot,BodyPress,FlashCannon,DracoMeteor|||M|||50|,,,,,Grass]Pelipper||FocusSash|Drizzle|WeatherBall,Hurricane,Tailwind,Protect|||M|||50|,,,,,Ghost]Basculegion||MysticWater|SwiftSwim|WaveCrash,AquaJet,LastRespects,Protect|||M|||50|,,,,,Water]Gallade||ScopeLens|Sharpness|SacredSword,PsychoCut,WideGuard,Protect|||M|||50|,,,,,Steel
|inactive|Battle timer is ON: inactive players will automatically lose when time's up. (requested by basedfortnitegamer)
|inactive|shrekislove117 has 60 seconds left.
|
|t:|1756168753
|teamsize|p1|4
|teamsize|p2|4
|start
|switch|p1a: Annihilape|Annihilape, L50, M|100/100
|switch|p1b: Dragonite|Dragonite, L50, M|100/100
|switch|p2a: Basculegion|Basculegion, L50, M|100/100
|switch|p2b: Gallade|Gallade, L50, M|100/100
|turn|1
|
|t:|1756168769
|move|p2a: Basculegion|Protect|p2a: Basculegion
|-singleturn|p2a: Basculegion|Protect
|move|p1a: Annihilape|Coaching|p1b: Dragonite
|-boost|p1b: Dragonite|atk|1
|-boost|p1b: Dragonite|def|1
|move|p1b: Dragonite|Scale Shot|p2a: Basculegion
|-activate|p2a: Basculegion|move: Protect
|move|p2b: Gallade|Psycho Cut|p1a: Annihilape
|-supereffective|p1a: Annihilape
|-enditem|p1a: Annihilape|Focus Sash
|-damage|p1a: Annihilape|1/100
|
|upkeep
|turn|2
|
|t:|1756168787
|move|p2a: Basculegion|Aqua Jet|p1a: Annihilape
|-damage|p1a: Annihilape|0 fnt
|faint|p1a: Annihilape
|move|p1b: Dragonite|Scale Shot|p2a: Basculegion|[miss]
|-miss|p1b: Dragonite|p2a: Basculegion
|move|p2b: Gallade|Psycho Cut|p1b: Dragonite
|-crit|p1b: Dragonite
|-damage|p1b: Dragonite|52/100
|
|upkeep
|
|t:|1756168792
|switch|p1a: Sinistcha|Sinistcha-Masterpiece, L50|100/100
|-heal|p1b: Dragonite|76/100|[from] ability: Hospitality|[of] p1a: Sinistcha
|turn|3
|inactive|shrekislove117 has 30 seconds left.
|
|t:|1756168826
|switch|p2a: Amoonguss|Amoonguss, L50, F|100/100
|-terastallize|p2b: Gallade|Steel
|move|p1b: Dragonite|Scale Shot|p2a: Amoonguss
|-damage|p2a: Amoonguss|78/100
|-damage|p2a: Amoonguss|55/100
|-damage|p2a: Amoonguss|34/100
|-enditem|p2a: Amoonguss|Sitrus Berry|[eat]
|-heal|p2a: Amoonguss|59/100|[from] item: Sitrus Berry
|-damage|p2a: Amoonguss|37/100
|-hitcount|p2a: Amoonguss|4
|-unboost|p1b: Dragonite|def|1
|-boost|p1b: Dragonite|spe|1
|move|p2b: Gallade|Psycho Cut|p1b: Dragonite
|-damage|p1b: Dragonite|17/100
|move|p1a: Sinistcha|Life Dew||[still]|[spread] p1a,p1b
|-fail|p1a: Sinistcha|heal
|-heal|p1b: Dragonite|42/100
|
|upkeep
|turn|4
|inactive|shrekislove117 has 30 seconds left.
|
|t:|1756168853
|move|p1a: Sinistcha|Rage Powder|p1a: Sinistcha
|-singleturn|p1a: Sinistcha|move: Rage Powder
|move|p2a: Amoonguss|Rage Powder|p2a: Amoonguss
|-singleturn|p2a: Amoonguss|move: Rage Powder
|move|p1b: Dragonite|Scale Shot|p2a: Amoonguss|[miss]
|-miss|p1b: Dragonite|p2a: Amoonguss
|move|p2b: Gallade|Psycho Cut|p1a: Sinistcha
|-damage|p1a: Sinistcha|60/100
|
|upkeep
|turn|5
|
|t:|1756168866
|move|p1a: Sinistcha|Rage Powder|p1a: Sinistcha
|-singleturn|p1a: Sinistcha|move: Rage Powder
|move|p1b: Dragonite|Scale Shot|p2b: Gallade|[miss]
|-miss|p1b: Dragonite|p2b: Gallade
|move|p2b: Gallade|Psycho Cut|p1a: Sinistcha
|-crit|p1a: Sinistcha
|-damage|p1a: Sinistcha|0 fnt
|faint|p1a: Sinistcha
|move|p2a: Amoonguss|Clear Smog|p1b: Dragonite
|-damage|p1b: Dragonite|26/100
|-clearboost|p1b: Dragonite
|
|upkeep
|
|t:|1756168874
|switch|p1a: Ninetales|Ninetales-Alola, L50, M|100/100
|-weather|Snowscape|[from] ability: Snow Warning|[of] p1a: Ninetales
|turn|6
|-message|basedfortnitegamer forfeited.
|
|win|shrekislove117
||basedfortnitegamer is ready for game 2.
||shrekislove117 is ready for game 2.
|uhtml|next|Next: Game 2 of 3
