|j|☆Potatomonstr
|j|‽kurowasun
|html|Potatomonstrkurowasun    
|uhtml|bestof|Game 3 of a best-of-3
|t:|1786161049
|gametype|doubles
|player|p1|Potatomonstr|miku-flying|
|player|p2|kurowasun|102|
|gen|9
|tier|[Gen 9 Champions] VGC 2026 Reg M-B (Bo3)
|rule|Species Clause: Limit one of each Pokémon
|rule|Item Clause: Limit 1 of each item
|clearpoke
|poke|p1|Simisage, L50, M|
|poke|p1|Houndstone, L50, F|
|poke|p1|Klefki, L50, M|
|poke|p1|Floette-Eternal, L50, F|
|poke|p1|Primarina, L50, F|
|poke|p1|Typhlosion-Hisui, L50, F|
|poke|p2|Metagross, L50|
|poke|p2|Swampert, L50, F|
|poke|p2|Pelipper, L50, F|
|poke|p2|Sneasler, L50, F|
|poke|p2|Goodra-Hisui, L50, F|
|poke|p2|Tsareena, L50, F|
|teampreview|4
|showteam|p1|Simisage||SitrusBerry|Gluttony|FakeOut,Taunt,Protect,GrassKnot|Adamant||M|||50|]Houndstone||KasibBerry|Fluffy|LastRespects,WillOWisp,AllySwitch,PsychicFangs|Adamant||F|||50|]Klefki||LightClay|Prankster|Reflect,LightScreen,ThunderWave,SunnyDay|Bold||M|||50|]Floette-Eternal||Floettite|FlowerVeil|CalmMind,DrainingKiss,Protect,Moonblast|Bold||F|||50|]Primarina||LifeOrb|LiquidVoice|HyperVoice,Protect,Moonblast,Haze|Modest||F|||50|]Typhlosion-Hisui||ChoiceScarf|Frisk|Eruption,HeatWave,ShadowBall,Overheat|Timid||F|||50|
|showteam|p2|Metagross||Metagrossite|ClearBody|RockSlide,IronHead,BodyPress,Protect|Jolly|||||50|]Swampert||Swampertite|Torrent|WaveCrash,PoisonJab,Earthquake,Protect|Adamant||F|||50|]Pelipper||SitrusBerry|Drizzle|Hurricane,WeatherBall,Tailwind,WideGuard|Modest||F|||50|]Sneasler||FocusSash|Unburden|FakeOut,ThroatChop,DireClaw,Protect|Jolly||F|||50|]Goodra-Hisui||Leftovers|ShellArmor|BodyPress,HeavySlam,Shelter,LifeDew|Brave||F|||50|]Tsareena||WideLens|QueenlyMajesty|PowerWhip,LowKick,Taunt,Protect|Jolly||F|||50|
|j| andorite2
|j| PuffTheCutie
|j| tobyga
|j| BambooCyclone
|inactive|Battle timer is ON: inactive players will automatically lose when time's up. (requested by kurowasun)
|j| falba
|inactive|kurowasun has 60 seconds left.
|j| tempestuwumeow
|
|t:|1786161111
|teamsize|p1|4
|teamsize|p2|4
|start
|switch|p1a: my dead dog|Houndstone, L50, F|100/100
|switch|p1b: very hawt guy|Typhlosion-Hisui, L50, F|100/100
|switch|p2a: Swampert|Swampert, L50, F|100/100
|switch|p2b: Pelipper|Pelipper, L50, F|100/100
|-item|p2a: Swampert|Swampertite|[from] ability: Frisk|[of] p1b: very hawt guy
|-item|p2b: Pelipper|Sitrus Berry|[from] ability: Frisk|[of] p1b: very hawt guy
|-weather|RainDance|[from] ability: Drizzle|[of] p2b: Pelipper
|turn|1
|inactive|Potatomonstr has 30 seconds left.
|inactive|Potatomonstr has 20 seconds left.
|
|t:|1786161149
|detailschange|p2a: Swampert|Swampert-Mega, L50, F
|-mega|p2a: Swampert|Swampert|Swampertite
|move|p2a: Swampert|Earthquake|p1a: my dead dog|[spread] p1a,p1b
|-immune|p2b: Pelipper
|-supereffective|p1b: very hawt guy|1
|-damage|p1a: my dead dog|42/100
|-damage|p1b: very hawt guy|0 fnt
|faint|p1b: very hawt guy
|move|p1a: my dead dog|Will-O-Wisp|p2a: Swampert
|-status|p2a: Swampert|brn
|move|p2b: Pelipper|Tailwind|p2b: Pelipper
|-sidestart|p2: kurowasun|move: Tailwind
|
|-weather|RainDance|[upkeep]
|-damage|p2a: Swampert|93/100 brn|[from] brn
|upkeep
|
|t:|1786161154
|switch|p1b: flat keys|Klefki, L50, M|100/100
|turn|2
|
|t:|1786161170
|switch|p1a: Funeral flowers|Floette-Eternal, L50, F|100/100
|move|p1b: flat keys|Reflect|p1b: flat keys
|-sidestart|p1: Potatomonstr|Reflect
|move|p2a: Swampert|Earthquake|p1a: Funeral flowers|[spread] p1a,p1b
|-immune|p2b: Pelipper
|-supereffective|p1b: flat keys|1
|-damage|p1a: Funeral flowers|83/100
|-damage|p1b: flat keys|72/100
|move|p2b: Pelipper|Weather Ball|p1b: flat keys
|-damage|p1b: flat keys|10/100
|
|-weather|RainDance|[upkeep]
|-damage|p2a: Swampert|87/100 brn|[from] brn
|upkeep
|turn|3
|inactive|Potatomonstr has 30 seconds left.
|
|t:|1786161196
|detailschange|p1a: Funeral flowers|Floette-Mega, L50, F
|-mega|p1a: Funeral flowers|Floette|Floettite
|-ability|p1a: Funeral flowers|Fairy Aura
|move|p1b: flat keys|Thunder Wave|p2b: Pelipper
|-status|p2b: Pelipper|par
|move|p2a: Swampert|Poison Jab|p1a: Funeral flowers
|-supereffective|p1a: Funeral flowers|1
|-damage|p1a: Funeral flowers|65/100
|move|p1a: Funeral flowers|Calm Mind|p1a: Funeral flowers
|-boost|p1a: Funeral flowers|spa|1
|-boost|p1a: Funeral flowers|spd|1
|cant|p2b: Pelipper|par
|
|-weather|RainDance|[upkeep]
|-damage|p2a: Swampert|81/100 brn|[from] brn
|upkeep
|turn|4
|
|t:|1786161213
|move|p1b: flat keys|Sunny Day|p1b: flat keys
|-weather|SunnyDay
|move|p2a: Swampert|Earthquake|p1b: flat keys|[spread] p1a,p1b
|-immune|p2b: Pelipper
|-supereffective|p1b: flat keys|1
|-damage|p1a: Funeral flowers|52/100
|-damage|p1b: flat keys|0 fnt
|faint|p1b: flat keys
|move|p1a: Funeral flowers|Draining Kiss|p2a: Swampert
|-damage|p2a: Swampert|35/100 brn
|-heal|p1a: Funeral flowers|87/100|[from] drain|[of] p2a: Swampert
|move|p2b: Pelipper|Hurricane|p1a: Funeral flowers
|-damage|p1a: Funeral flowers|66/100
|-start|p1a: Funeral flowers|confusion
|
|-weather|SunnyDay|[upkeep]
|-damage|p2a: Swampert|29/100 brn|[from] brn
|-sideend|p2: kurowasun|move: Tailwind
|upkeep
|
|t:|1786161221
|switch|p1b: my dead dog|Houndstone, L50, F|42/100
|turn|5
|
|t:|1786161240
|switch|p2b: Sneasler|Sneasler, L50, F|100/100
|move|p2a: Swampert|Protect|p2a: Swampert
|-singleturn|p2a: Swampert|Protect
|-activate|p1a: Funeral flowers|confusion
|move|p1a: Funeral flowers|Moonblast|p2b: Sneasler
|-enditem|p2b: Sneasler|Focus Sash
|-damage|p2b: Sneasler|1/100
|move|p1b: my dead dog|Last Respects|p2a: Swampert
|-activate|p2a: Swampert|move: Protect
|
|-weather|SunnyDay|[upkeep]
|-damage|p2a: Swampert|23/100 brn|[from] brn
|upkeep
|turn|6
|
|t:|1786161262
|-activate|p1a: Funeral flowers|confusion
|-damage|p1a: Funeral flowers|59/100|[from] confusion
|move|p2b: Sneasler|Fake Out|p1a: Funeral flowers
|-damage|p1a: Funeral flowers|52/100
|move|p2a: Swampert|Wave Crash|p1b: my dead dog
|-damage|p1b: my dead dog|34/100
|-damage|p2a: Swampert|20/100y brn|[from] Recoil
|move|p1b: my dead dog|Last Respects|p2a: Swampert
|-damage|p2a: Swampert|0 fnt
|faint|p2a: Swampert
|
|-weather|SunnyDay|[upkeep]
|upkeep
|
|t:|1786161274
|switch|p2a: Pelipper|Pelipper, L50, F|100/100 par
|-weather|RainDance|[from] ability: Drizzle|[of] p2a: Pelipper
|turn|7
|
|t:|1786161290
|move|p1b: my dead dog|Ally Switch|p1b: my dead dog
|swap|p1b: my dead dog|0|[from] move: Ally Switch
|move|p2b: Sneasler|Throat Chop|p1b: Funeral flowers
|-resisted|p1b: Funeral flowers|1
|-crit|p1b: Funeral flowers
|-damage|p1b: Funeral flowers|34/100
|-start|p1b: Funeral flowers|Throat Chop|[silent]
|-activate|p1b: Funeral flowers|confusion
|move|p1b: Funeral flowers|Draining Kiss|p2b: Sneasler
|-damage|p2b: Sneasler|0 fnt
|-heal|p1b: Funeral flowers|35/100|[from] drain|[of] p2b: Sneasler
|faint|p2b: Sneasler
|move|p2a: Pelipper|Tailwind|p2a: Pelipper
|-sidestart|p2: kurowasun|move: Tailwind
|
|-weather|RainDance|[upkeep]
|upkeep
|
|t:|1786161297
|switch|p2b: Goodra|Goodra-Hisui, L50, F|100/100
|turn|8
|
|t:|1786161310
|move|p2b: Goodra|Heavy Slam|p1b: Funeral flowers
|-supereffective|p1b: Funeral flowers|1
|-damage|p1b: Funeral flowers|0 fnt
|faint|p1b: Funeral flowers
|move|p1a: my dead dog|Will-O-Wisp|p2b: Goodra
|-status|p2b: Goodra|brn
|move|p2a: Pelipper|Weather Ball|p1a: my dead dog
|-damage|p1a: my dead dog|0 fnt
|faint|p1a: my dead dog
|
|win|kurowasun
