|j|☆electrictopi
|j|☆ethnol1816
|html|electrictopiethnol1816    
|uhtml|bestof|Game 1 of a best-of-3
|t:|1757664820
|gametype|doubles
|player|p1|electrictopi|n|1071
|player|p2|ethnol1816|boarder|1123
|gen|9
|tier|[Gen 9] VGC 2025 Reg H (Bo3)
|rated|
|rule|Species Clause: Limit one of each Pokémon
|rule|Item Clause: Limit 1 of each item
|clearpoke
|poke|p1|Maushold-Four, L50|
|poke|p1|Annihilape, L50, F|
|poke|p1|Whimsicott, L50, F|
|poke|p1|Ursaluna-Bloodmoon, L50, M|
|poke|p1|Charizard, L50, F|
|poke|p1|Smeargle, L50, F|
|poke|p2|Gholdengo, L50|
|poke|p2|Samurott-Hisui, L50, F|
|poke|p2|Hydreigon, L50, M|
|poke|p2|Whimsicott, L50, F|
|poke|p2|Garchomp, L50, F|
|poke|p2|Clefable, L50, F|
|teampreview|4
|showteam|p1|Maushold-Four||SafetyGoggles|FriendGuard|SuperFang,FollowMe,Protect,BeatUp||||||50|,,,,,Ghost]Annihilape||AssaultVest|Defiant|FinalGambit,CloseCombat,RageFist,DrainPunch|||F|||50|,,,,,Fire]Whimsicott||CovertCloak|Prankster|Tailwind,Moonblast,HelpingHand,SunnyDay|||F|||50|,,,,,Water]Ursaluna-Bloodmoon||LifeOrb|MindsEye|Protect,EarthPower,BloodMoon,HyperVoice|||M|||50|,,,,,Normal]Charizard||ChoiceSpecs|SolarPower|WeatherBall,Overheat,HeatWave,SolarBeam|||F|||50|,,,,,Ghost]Smeargle||FocusSash|Moody|Spore,FollowMe,FakeOut,Decorate|||F|||50|,,,,,Ghost
|showteam|p2|Gholdengo||Leftovers|GoodasGold|NastyPlot,ShadowBall,MakeItRain,Protect||||||50|,,,,,Dragon]Samurott-Hisui||AssaultVest|Sharpness|CeaselessEdge,SuckerPunch,SacredSword,AquaCutter|||F|||50|,,,,,Ghost]Hydreigon||ChoiceSpecs|Levitate|DarkPulse,DracoMeteor,HeatWave,FlashCannon|||M|||50|,,,,,Fire]Whimsicott||FocusSash|Prankster|Moonblast,Tailwind,SunnyDay,Encore|||F|||50|,,,,,Ghost]Garchomp||LifeOrb|RoughSkin|Protect,StompingTantrum,Earthquake,DragonClaw|||F|||50|,,,,,Steel]Clefable||SitrusBerry|Unaware|Moonblast,MistyTerrain,FollowMe,Protect|||F|||50|,,,,,Water
|inactive|Battle timer is ON: inactive players will automatically lose when time's up. (requested by ethnol1816)
|inactive|electrictopi has 60 seconds left.
|inactive|electrictopi has 30 seconds left.
|
|t:|1757664887
|teamsize|p1|4
|teamsize|p2|4
|start
|switch|p1a: Annihilape|Annihilape, L50, F, shiny|100/100
|switch|p1b: Maushold|Maushold-Four, L50|100/100
|switch|p2a: scott|Whimsicott, L50, F|100/100
|switch|p2b: hyculese|Hydreigon, L50, M, shiny|100/100
|turn|1
|inactive|electrictopi has 30 seconds left.
|
|t:|1757664914
|-terastallize|p1a: Annihilape|Fire
|move|p2a: scott|Moonblast|p1b: Maushold
|-damage|p1b: Maushold|55/100
|move|p1b: Maushold|Super Fang|p2b: hyculese
|-damage|p2b: hyculese|51/100
|move|p1a: Annihilape|Rage Fist|p2a: scott
|-damage|p2a: scott|66/100
|move|p2b: hyculese|Heat Wave|p1b: Maushold|[spread] 
|-miss|p2b: hyculese|p1a: Annihilape
|-miss|p2b: hyculese|p1b: Maushold
|
|upkeep
|turn|2
|
|t:|1757664935
|move|p2a: scott|Tailwind|p2a: scott
|-sidestart|p2: ethnol1816|move: Tailwind
|move|p2b: hyculese|Heat Wave|p1a: Annihilape|[spread] p1a,p1b
|-resisted|p1a: Annihilape
|-damage|p1a: Annihilape|93/100
|-damage|p1b: Maushold|13/100
|move|p1b: Maushold|Beat Up|p1a: Annihilape
|-damage|p1a: Annihilape|90/100
|-crit|p1a: Annihilape
|-damage|p1a: Annihilape|87/100
|-damage|p1a: Annihilape|85/100
|-damage|p1a: Annihilape|83/100
|-hitcount|p1a: Annihilape|4
|move|p1a: Annihilape|Rage Fist|p2b: hyculese
|-resisted|p2b: hyculese
|-damage|p2b: hyculese|0 fnt
|faint|p2b: hyculese
|
|upkeep
|
|t:|1757664948
|switch|p2b: carson|Samurott-Hisui, L50, F|100/100
|turn|3
|
|t:|1757664967
|switch|p1a: Whimsicott|Whimsicott, L50, F, shiny|100/100
|move|p2a: scott|Moonblast|p1b: Maushold
|-damage|p1b: Maushold|0 fnt
|faint|p1b: Maushold
|move|p2b: carson|Aqua Cutter|p1a: Whimsicott
|-resisted|p1a: Whimsicott
|-damage|p1a: Whimsicott|66/100
|
|upkeep
|
|t:|1757664984
|switch|p1b: Annihilape|Annihilape, L50, F, shiny, tera:Fire|83/100
|turn|4
|inactive|ethnol1816 has 30 seconds left.
|
|t:|1757665014
|-terastallize|p2b: carson|Ghost
|move|p1a: Whimsicott|Tailwind|p1a: Whimsicott
|-sidestart|p1: electrictopi|move: Tailwind
|move|p2a: scott|Moonblast|p1a: Whimsicott
|-damage|p1a: Whimsicott|16/100
|move|p1b: Annihilape|Close Combat|p2b: carson
|-immune|p2b: carson
|move|p2b: carson|Ceaseless Edge|p1b: Annihilape
|-damage|p1b: Annihilape|37/100
|-sidestart|p1: electrictopi|Spikes
|
|upkeep
|turn|5
|
|t:|1757665033
|move|p1a: Whimsicott|Sunny Day|p1a: Whimsicott
|-weather|SunnyDay
|move|p2b: carson|Sucker Punch|p1b: Annihilape
|-damage|p1b: Annihilape|3/100
|move|p2a: scott|Moonblast|p1a: Whimsicott
|-damage|p1a: Whimsicott|0 fnt
|faint|p1a: Whimsicott
|move|p1b: Annihilape|Rage Fist|p2b: carson
|-supereffective|p2b: carson
|-damage|p2b: carson|0 fnt
|faint|p2b: carson
|
|-weather|SunnyDay|[upkeep]
|-sideend|p2: ethnol1816|move: Tailwind
|upkeep
|
|t:|1757665040
|switch|p1a: Charizard|Charizard, L50, F, shiny|100/100
|switch|p2b: chompy|Garchomp, L50, F|100/100
|turn|6
|
|t:|1757665056
|move|p2a: scott|Tailwind|p2a: scott
|-sidestart|p2: ethnol1816|move: Tailwind
|move|p2b: chompy|Stomping Tantrum|p1b: Annihilape
|-supereffective|p1b: Annihilape
|-damage|p1b: Annihilape|0 fnt
|faint|p1b: Annihilape
|-damage|p2b: chompy|91/100|[from] item: Life Orb
|move|p1a: Charizard|Weather Ball|p2b: chompy
|-resisted|p2b: chompy
|-damage|p2b: chompy|0 fnt
|faint|p2b: chompy
|
|-weather|SunnyDay|[upkeep]
|-damage|p1a: Charizard|88/100|[from] ability: Solar Power|[of] p1a: Charizard
|upkeep
|turn|7
|
|t:|1757665069
|move|p2a: scott|Moonblast|p1a: Charizard
|-resisted|p1a: Charizard
|-damage|p1a: Charizard|63/100
|-unboost|p1a: Charizard|spa|1
|move|p1a: Charizard|Weather Ball|p2a: scott
|-supereffective|p2a: scott
|-damage|p2a: scott|0 fnt
|faint|p2a: scott
|
|win|electrictopi
||ethnol1816 is ready for game 2.
||electrictopi is ready for game 2.
|uhtml|next|Next: Game 2 of 3
