|j|☆daikyh
|j|☆lettitripppp
|html|daikyhlettitripppp    
|uhtml|bestof|Game 1 of a best-of-3
|t:|1784058755
|gametype|doubles
|player|p1|daikyh|169|1246
|player|p2|lettitripppp|lucas|1321
|gen|9
|tier|[Gen 9 Champions] VGC 2026 Reg M-B (Bo3)
|rated|
|rule|Species Clause: Limit one of each Pokémon
|rule|Item Clause: Limit 1 of each item
|clearpoke
|poke|p1|Charizard, L50, F|
|poke|p1|Garchomp, L50, F, shiny|
|poke|p1|Incineroar, L50, F, shiny|
|poke|p1|Annihilape, L50, M|
|poke|p1|Toxapex, L50, F|
|poke|p1|Venusaur, L50, M|
|poke|p2|Charizard, L50, F|
|poke|p2|Basculegion, L50, M|
|poke|p2|Pelipper, L50, M|
|poke|p2|Venusaur, L50, F|
|poke|p2|Archaludon, L50, F|
|poke|p2|Grimmsnarl, L50, M|
|teampreview|4
|showteam|p1|Charizard||CharizarditeY|SolarPower|WeatherBall,HeatWave,Protect,HelpingHand|Modest||F|||50|]Garchomp||ChoiceScarf|RoughSkin|RockSlide,Earthquake,StompingTantrum,DragonClaw|Adamant||F|||50|]Incineroar||SitrusBerry|Intimidate|PartingShot,FakeOut,FlareBlitz,ThroatChop|Careful||F|||50|]Annihilape||FocusSash|Defiant|RageFist,Protect,CloseCombat,PhantomForce|Jolly||M|||50|]Toxapex||Leftovers|Regenerator|BanefulBunker,Infestation,Toxic,WideGuard|Bold||F|||50|]Venusaur||LifeOrb|Chlorophyll|SolarBeam,Protect,SludgeBomb,EarthPower|Modest||M|||50|
|showteam|p2|Charizard||CharizarditeY|Blaze|WeatherBall,SolarBeam,HeatWave,Protect|Modest||F|||50|]Basculegion||ChoiceScarf|Adaptability|LastRespects,WaveCrash,FlipTurn,AquaJet|Jolly||M|||50|]Pelipper||SitrusBerry|Drizzle|WeatherBall,WideGuard,Hurricane,Tailwind|Modest||M|||50|]Venusaur||FocusSash|Chlorophyll|SleepPowder,SludgeBomb,EarthPower,Protect|Modest||F|||50|]Archaludon||Leftovers|Stamina|FlashCannon,DragonPulse,ElectroShot,Protect|Calm||F|||50|]Grimmsnarl||LightClay|Prankster|PartingShot,LightScreen,SpiritBreak,Reflect|Relaxed||M|||50|
|inactive|Battle timer is ON: inactive players will automatically lose when time's up. (requested by lettitripppp)
|
|t:|1784058780
|teamsize|p1|4
|teamsize|p2|4
|start
|switch|p1a: Incineroar|Incineroar, L50, F, shiny|100/100
|switch|p1b: Toxapex|Toxapex, L50, F|100/100
|switch|p2a: AGNI|Charizard, L50, F|100/100
|switch|p2b: SOFT-SLEEP|Venusaur, L50, F|100/100
|-ability|p1a: Incineroar|Intimidate|boost
|-unboost|p2a: AGNI|atk|1
|-unboost|p2b: SOFT-SLEEP|atk|1
|turn|1
|
|t:|1784058800
|move|p2a: AGNI|Protect|p2a: AGNI
|-singleturn|p2a: AGNI|Protect
|move|p2b: SOFT-SLEEP|Protect|p2b: SOFT-SLEEP
|-singleturn|p2b: SOFT-SLEEP|Protect
|move|p1a: Incineroar|Fake Out|p2b: SOFT-SLEEP
|-activate|p2b: SOFT-SLEEP|move: Protect
|move|p1b: Toxapex|Toxic|p2a: AGNI
|-activate|p2a: AGNI|move: Protect
|
|upkeep
|turn|2
|
|t:|1784058812
|detailschange|p2a: AGNI|Charizard-Mega-Y, L50, F
|-mega|p2a: AGNI|Charizard|Charizardite Y
|-weather|SunnyDay|[from] ability: Drought|[of] p2a: AGNI
|move|p1b: Toxapex|Baneful Bunker|p1b: Toxapex
|-singleturn|p1b: Toxapex|move: Protect
|move|p2b: SOFT-SLEEP|Sleep Powder|p1b: Toxapex
|-activate|p1b: Toxapex|move: Protect
|move|p2a: AGNI|Heat Wave|p1a: Incineroar|[spread] p1a
|-activate|p1b: Toxapex|move: Protect
|-resisted|p1a: Incineroar|1
|-damage|p1a: Incineroar|77/100
|move|p1a: Incineroar|Flare Blitz|p2b: SOFT-SLEEP
|-supereffective|p2b: SOFT-SLEEP|1
|-enditem|p2b: SOFT-SLEEP|Focus Sash
|-damage|p2b: SOFT-SLEEP|1/100
|-damage|p1a: Incineroar|51/100|[from] Recoil
|
|-weather|SunnyDay|[upkeep]
|upkeep
|turn|3
|inactive|daikyh has 30 seconds left.
|
|t:|1784058838
|move|p2b: SOFT-SLEEP|Sleep Powder|p1b: Toxapex
|-status|p1b: Toxapex|slp|[from] move: Sleep Powder
|move|p2a: AGNI|Weather Ball|p1a: Incineroar
|-resisted|p1a: Incineroar|1
|-damage|p1a: Incineroar|19/100
|-enditem|p1a: Incineroar|Sitrus Berry|[eat]
|-heal|p1a: Incineroar|43/100|[from] item: Sitrus Berry
|move|p1a: Incineroar|Throat Chop|p2b: SOFT-SLEEP
|-damage|p2b: SOFT-SLEEP|0 fnt
|faint|p2b: SOFT-SLEEP
|cant|p1b: Toxapex|slp
|
|-weather|SunnyDay|[upkeep]
|upkeep
|
|t:|1784058850
|switch|p2b: GHOSTWAVE|Basculegion, L50, M|100/100
|turn|4
|
|t:|1784058871
|switch|p1a: Venusaur|Venusaur, L50, M|100/100
|move|p2b: GHOSTWAVE|Flip Turn|p1a: Venusaur
|-resisted|p1a: Venusaur|1
|-damage|p1a: Venusaur|87/100
|
|t:|1784058877
|switch|p2b: WET-BEAK|Pelipper, L50, M|100/100|[from] Flip Turn
|-weather|RainDance|[from] ability: Drizzle|[of] p2b: WET-BEAK
|move|p2a: AGNI|Weather Ball|p1a: Venusaur
|-resisted|p1a: Venusaur|1
|-damage|p1a: Venusaur|51/100
|cant|p1b: Toxapex|slp
|
|-weather|RainDance|[upkeep]
|upkeep
|turn|5
|
|t:|1784058892
|move|p1a: Venusaur|Protect|p1a: Venusaur
|-singleturn|p1a: Venusaur|Protect
|move|p2a: AGNI|Heat Wave|p1a: Venusaur|[spread] p1b
|-activate|p1a: Venusaur|move: Protect
|-resisted|p1b: Toxapex|1
|-damage|p1b: Toxapex|91/100 slp
|move|p2b: WET-BEAK|Tailwind|p2b: WET-BEAK
|-sidestart|p2: lettitripppp|move: Tailwind
|-curestatus|p1b: Toxapex|slp|[msg]
|move|p1b: Toxapex|Toxic|p2b: WET-BEAK
|-status|p2b: WET-BEAK|tox
|
|-weather|RainDance|[upkeep]
|-heal|p1b: Toxapex|97/100|[from] item: Leftovers
|-damage|p2b: WET-BEAK|94/100 tox|[from] psn
|upkeep
|turn|6
|
|t:|1784058910
|switch|p2b: GHOSTWAVE|Basculegion, L50, M|100/100
|switch|p1a: Incineroar|Incineroar, L50, F, shiny|43/100
|-ability|p1a: Incineroar|Intimidate|boost
|-unboost|p2a: AGNI|atk|1
|-unboost|p2b: GHOSTWAVE|atk|1
|move|p2a: AGNI|Protect|p2a: AGNI
|-singleturn|p2a: AGNI|Protect
|move|p1b: Toxapex|Toxic|p2a: AGNI
|-activate|p2a: AGNI|move: Protect
|
|-weather|RainDance|[upkeep]
|-heal|p1b: Toxapex|100/100|[from] item: Leftovers
|upkeep
|turn|7
|
|t:|1784058930
|move|p1a: Incineroar|Fake Out|p2a: AGNI
|-damage|p2a: AGNI|88/100
|move|p2b: GHOSTWAVE|Flip Turn|p1a: Incineroar
|-supereffective|p1a: Incineroar|1
|-damage|p1a: Incineroar|0 fnt
|faint|p1a: Incineroar
|
|t:|1784058937
|switch|p2b: WET-BEAK|Pelipper, L50, M|94/100 tox|[from] Flip Turn
|cant|p2a: AGNI|flinch
|move|p1b: Toxapex|Toxic|p2a: AGNI
|-status|p2a: AGNI|tox
|
|-weather|RainDance|[upkeep]
|-damage|p2a: AGNI|82/100 tox|[from] psn
|-damage|p2b: WET-BEAK|88/100 tox|[from] psn
|upkeep
|
|t:|1784058946
|switch|p1a: Charizard|Charizard, L50, F|100/100
|turn|8
|
|t:|1784058956
|detailschange|p1a: Charizard|Charizard-Mega-Y, L50, F
|-mega|p1a: Charizard|Charizard|Charizardite Y
|-weather|SunnyDay|[from] ability: Drought|[of] p1a: Charizard
|move|p2a: AGNI|Weather Ball|p1b: Toxapex
|-resisted|p1b: Toxapex|1
|-damage|p1b: Toxapex|63/100
|move|p2b: WET-BEAK|Weather Ball|p1b: Toxapex
|-resisted|p1b: Toxapex|1
|-damage|p1b: Toxapex|47/100
|move|p1a: Charizard|Weather Ball|p2b: WET-BEAK
|-resisted|p2b: WET-BEAK|1
|-damage|p2b: WET-BEAK|21/100 tox
|-enditem|p2b: WET-BEAK|Sitrus Berry|[eat]
|-heal|p2b: WET-BEAK|46/100 tox|[from] item: Sitrus Berry
|move|p1b: Toxapex|Infestation|p2a: AGNI
|-resisted|p2a: AGNI|2
|-damage|p2a: AGNI|82/100 tox
|-activate|p2a: AGNI|move: Infestation|[of] p1b: Toxapex
|
|-weather|SunnyDay|[upkeep]
|-heal|p1b: Toxapex|53/100|[from] item: Leftovers
|-damage|p2a: AGNI|70/100 tox|[from] psn
|-damage|p2b: WET-BEAK|34/100 tox|[from] psn
|-damage|p2a: AGNI|58/100 tox|[from] move: Infestation|[partiallytrapped]
|-sideend|p2: lettitripppp|move: Tailwind
|upkeep
|turn|9
|
|t:|1784058981
|move|p2a: AGNI|Weather Ball|p1b: Toxapex
|-resisted|p1b: Toxapex|1
|-damage|p1b: Toxapex|20/100y
|move|p1a: Charizard|Weather Ball|p2b: WET-BEAK
|-resisted|p2b: WET-BEAK|1
|-damage|p2b: WET-BEAK|0 fnt
|faint|p2b: WET-BEAK
|move|p1b: Toxapex|Infestation|p2a: AGNI
|-resisted|p2a: AGNI|2
|-damage|p2a: AGNI|57/100 tox
|
|-weather|SunnyDay|[upkeep]
|-heal|p1b: Toxapex|26/100|[from] item: Leftovers
|-damage|p2a: AGNI|40/100 tox|[from] psn
|-damage|p2a: AGNI|27/100 tox|[from] move: Infestation|[partiallytrapped]
|upkeep
|
|t:|1784058988
|switch|p2b: GHOSTWAVE|Basculegion, L50, M|100/100
|turn|10
|
|t:|1784059003
|move|p1a: Charizard|Protect|p1a: Charizard
|-singleturn|p1a: Charizard|Protect
|move|p1b: Toxapex|Baneful Bunker|p1b: Toxapex
|-singleturn|p1b: Toxapex|move: Protect
|move|p2b: GHOSTWAVE|Last Respects|p1a: Charizard
|-activate|p1a: Charizard|move: Protect
|move|p2a: AGNI|Weather Ball|p1b: Toxapex
|-activate|p1b: Toxapex|move: Protect
|
|-weather|SunnyDay|[upkeep]
|-heal|p1b: Toxapex|31/100|[from] item: Leftovers
|-damage|p2a: AGNI|4/100 tox|[from] psn
|-damage|p2a: AGNI|0 fnt|[from] move: Infestation|[partiallytrapped]
|faint|p2a: AGNI
|upkeep
|turn|11
|
|t:|1784059022
|move|p2b: GHOSTWAVE|Last Respects|p1b: Toxapex
|-damage|p1b: Toxapex|0 fnt
|faint|p1b: Toxapex
|move|p1a: Charizard|Weather Ball|p2b: GHOSTWAVE
|-resisted|p2b: GHOSTWAVE|1
|-damage|p2b: GHOSTWAVE|49/100
|
|-weather|SunnyDay|[upkeep]
|upkeep
|
|t:|1784059029
|switch|p1b: Venusaur|Venusaur, L50, M|51/100
|turn|12
|
|t:|1784059034
|move|p1b: Venusaur|Solar Beam||[still]
|-prepare|p1b: Venusaur|Solar Beam
|-anim|p1b: Venusaur|Solar Beam|p2b: GHOSTWAVE
|-supereffective|p2b: GHOSTWAVE|1
|-damage|p2b: GHOSTWAVE|0 fnt
|faint|p2b: GHOSTWAVE
|-damage|p1b: Venusaur|42/100|[from] item: Life Orb
|
|win|daikyh
||lettitripppp is ready for game 2.
|inactive|daikyh has 30 seconds to confirm battle start!
|l|☆daikyh
|player|p1|
|inactive|daikyh has 20 seconds to confirm battle start!
|inactive|daikyh has 10 seconds to confirm battle start!
|uhtml|next|Next: Game 2 of 3
