|j|☆bluntmaster9000
|j|☆flubberbut
|html|bluntmaster9000flubberbut    
|uhtml|bestof|Game 2 of a best-of-3
|t:|1756945811
|gametype|doubles
|player|p1|bluntmaster9000|101|1196
|player|p2|flubberbut|benga|1305
|gen|9
|tier|[Gen 9] VGC 2025 Reg H (Bo3)
|rated|
|rule|Species Clause: Limit one of each Pokémon
|rule|Item Clause: Limit 1 of each item
|clearpoke
|poke|p1|Charizard, L50, F|
|poke|p1|Torkoal, L50, F|
|poke|p1|Porygon2, L50|
|poke|p1|Incineroar, L50, M|
|poke|p1|Jumpluff, L50, M|
|poke|p1|Ursaluna, L50, F|
|poke|p2|Gholdengo, L50|
|poke|p2|Dragonite, L50, M|
|poke|p2|Talonflame, L50, F|
|poke|p2|Ursaluna-Bloodmoon, L50, M|
|poke|p2|Dondozo, L50, M|
|poke|p2|Tatsugiri, L50, F|
|teampreview|4
|showteam|p1|Charizard||ChoiceSpecs|SolarPower|HeatWave,Overheat,WeatherBall,AirSlash|||F|||50|,,,,,Ghost]Torkoal||EjectPack|Drought|Eruption,Overheat,HelpingHand,Protect|||F|||50|,,,,,Fire]Porygon2||Eviolite|Download|IceBeam,TeraBlast,TrickRoom,Recover||||||50|,,,,,Fighting]Incineroar||SitrusBerry|Intimidate|FlareBlitz,KnockOff,FakeOut,PartingShot|||M|||50|,,,,,Ghost]Jumpluff||CovertCloak|Chlorophyll|SleepPowder,SunnyDay,RagePowder,Tailwind|||M|||50|,,,,,Poison]Ursaluna||FlameOrb|Guts|HeadlongRush,Facade,Earthquake,Protect|||F|||50|,,,,,Ghost
|showteam|p2|Gholdengo||ChoiceSpecs|GoodasGold|MakeItRain,PowerGem,ShadowBall,Trick||||||50|,,,,,Steel]Dragonite||ChoiceBand|InnerFocus|ExtremeSpeed,Outrage,LowKick,Earthquake|||M|||50|,,,,,Normal]Talonflame||ClearAmulet|GaleWings|Tailwind,FlareBlitz,BraveBird,WillOWisp|||F|||50|,,,,,Ghost]Ursaluna-Bloodmoon||AssaultVest|MindsEye|HyperVoice,EarthPower,BloodMoon,VacuumWave|||M|||50|,,,,,Ghost]Dondozo||SafetyGoggles|Unaware|Protect,WaveCrash,OrderUp,Earthquake|||M|||50|,,,,,Ghost]Tatsugiri||FocusSash|Commander|DracoMeteor,MuddyWater,Protect,MirrorCoat|||F|||50|,,,,,Fairy
|inactive|Battle timer is ON: inactive players will automatically lose when time's up. (requested by bluntmaster9000)
|inactive|bluntmaster9000 has 60 seconds left.
|
|t:|1756945864
|teamsize|p1|4
|teamsize|p2|4
|start
|switch|p1a: Jumpluff|Jumpluff, L50, M, shiny|100/100
|switch|p1b: Porygon2|Porygon2, L50, shiny|100/100
|switch|p2a: Dragonite|Dragonite, L50, M, shiny|100/100
|switch|p2b: Talonflame|Talonflame, L50, F, shiny|100/100
|-ability|p1b: Porygon2|Download|boost
|-boost|p1b: Porygon2|spa|1
|turn|1
|inactive|flubberbut has 30 seconds left.
|inactive|flubberbut has 20 seconds left.
|
|t:|1756945904
|switch|p1a: Ursaluna|Ursaluna, L50, F, shiny|100/100
|-terastallize|p2a: Dragonite|Normal
|move|p2a: Dragonite|Extreme Speed|p1a: Ursaluna
|-damage|p1a: Ursaluna|53/100
|move|p2b: Talonflame|Brave Bird|p1a: Ursaluna
|-damage|p1a: Ursaluna|18/100
|-damage|p2b: Talonflame|84/100|[from] Recoil
|move|p1b: Porygon2|Trick Room|p1b: Porygon2
|-fieldstart|move: Trick Room|[of] p1b: Porygon2
|
|-status|p1a: Ursaluna|brn|[from] item: Flame Orb
|upkeep
|turn|2
|inactive|bluntmaster9000 has 30 seconds left.
|inactive|bluntmaster9000 has 20 seconds left.
|
|t:|1756945943
|switch|p2a: Tatsugiri|Tatsugiri, L50, F, shiny|100/100
|switch|p2b: Dondozo|Dondozo, L50, M|100/100
|-activate|p2a: Tatsugiri|ability: Commander|[of] p2b: Dondozo
|-boost|p2b: Dondozo|atk|2
|-boost|p2b: Dondozo|spa|2
|-boost|p2b: Dondozo|spe|2
|-boost|p2b: Dondozo|def|2
|-boost|p2b: Dondozo|spd|2
|-terastallize|p1a: Ursaluna|Ghost
|move|p1b: Porygon2|Ice Beam|p2a: Tatsugiri|[miss]
|-miss|p1b: Porygon2|p2a: Tatsugiri
|move|p1a: Ursaluna|Facade|p2b: Dondozo
|-damage|p2b: Dondozo|57/100
|
|-damage|p1a: Ursaluna|12/100 brn|[from] brn
|upkeep
|turn|3
|
|t:|1756945966
|move|p2b: Dondozo|Protect|p2b: Dondozo
|-singleturn|p2b: Dondozo|Protect
|move|p1b: Porygon2|Tera Blast|p2b: Dondozo
|-activate|p2b: Dondozo|move: Protect
|move|p1a: Ursaluna|Facade|p2b: Dondozo
|-activate|p2b: Dondozo|move: Protect
|
|-damage|p1a: Ursaluna|6/100 brn|[from] brn
|upkeep
|turn|4
|
|t:|1756945977
|move|p2b: Dondozo|Protect|p2b: Dondozo
|-singleturn|p2b: Dondozo|Protect
|move|p1b: Porygon2|Tera Blast|p2b: Dondozo
|-activate|p2b: Dondozo|move: Protect
|move|p1a: Ursaluna|Facade|p2b: Dondozo
|-activate|p2b: Dondozo|move: Protect
|
|-damage|p1a: Ursaluna|0 fnt|[from] brn
|faint|p1a: Ursaluna
|upkeep
|
|t:|1756945988
|switch|p1a: Jumpluff|Jumpluff, L50, M, shiny|100/100
|turn|5
|
|t:|1756945997
|move|p1b: Porygon2|Ice Beam|p2b: Dondozo
|-resisted|p2b: Dondozo
|-damage|p2b: Dondozo|50/100
|move|p2b: Dondozo|Order Up|p1a: Jumpluff
|-damage|p1a: Jumpluff|38/100
|-boost|p2b: Dondozo|atk|1
|move|p1a: Jumpluff|Sleep Powder|p2b: Dondozo
|-activate|p2b: Dondozo|item: Safety Goggles|Sleep Powder
|
|-fieldend|move: Trick Room
|upkeep
|turn|6
|
|t:|1756946018
|move|p1a: Jumpluff|Sunny Day|p1a: Jumpluff
|-weather|SunnyDay
|move|p2b: Dondozo|Order Up|p1a: Jumpluff
|-damage|p1a: Jumpluff|0 fnt
|faint|p1a: Jumpluff
|-boost|p2b: Dondozo|atk|1
|move|p1b: Porygon2|Tera Blast|p2b: Dondozo
|-damage|p2b: Dondozo|31/100
|
|-weather|SunnyDay|[upkeep]
|upkeep
|
|t:|1756946022
|switch|p1a: Charizard|Charizard, L50, F, shiny|100/100
|turn|7
|inactive|bluntmaster9000 has 30 seconds left.
|inactive|bluntmaster9000 has 20 seconds left.
|inactive|bluntmaster9000 has 15 seconds left.
|
|t:|1756946064
|move|p1a: Charizard|Weather Ball|p2b: Dondozo
|-resisted|p2b: Dondozo
|-damage|p2b: Dondozo|0 fnt
|faint|p2b: Dondozo
|move|p1b: Porygon2|Tera Blast|p2a: Tatsugiri
|-damage|p2a: Tatsugiri|21/100
|
|-weather|SunnyDay|[upkeep]
|-damage|p1a: Charizard|88/100|[from] ability: Solar Power|[of] p1a: Charizard
|upkeep
|
|t:|1756946070
|switch|p2b: Dragonite|Dragonite, L50, M, shiny, tera:Normal|100/100
|turn|8
|
|t:|1756946095
|move|p2b: Dragonite|Extreme Speed|p1a: Charizard
|-damage|p1a: Charizard|1/100
|move|p1a: Charizard|Weather Ball|p2b: Dragonite
|-crit|p2b: Dragonite
|-damage|p2b: Dragonite|0 fnt
|faint|p2b: Dragonite
|move|p2a: Tatsugiri|Muddy Water|p1a: Charizard|[spread] p1a
|-miss|p2a: Tatsugiri|p1b: Porygon2
|-supereffective|p1a: Charizard
|-damage|p1a: Charizard|0 fnt
|faint|p1a: Charizard
|move|p1b: Porygon2|Trick Room|p1b: Porygon2
|-fieldstart|move: Trick Room|[of] p1b: Porygon2
|
|-weather|SunnyDay|[upkeep]
|upkeep
|
|t:|1756946101
|switch|p2b: Talonflame|Talonflame, L50, F, shiny|84/100
|turn|9
|
|t:|1756946126
|move|p1b: Porygon2|Tera Blast|p2b: Talonflame
|-damage|p2b: Talonflame|0 fnt
|faint|p2b: Talonflame
|move|p2a: Tatsugiri|Muddy Water|p1b: Porygon2
|-damage|p1b: Porygon2|86/100
|
|-weather|SunnyDay|[upkeep]
|upkeep
|turn|10
|
|t:|1756946132
|move|p1b: Porygon2|Tera Blast|p2a: Tatsugiri
|-damage|p2a: Tatsugiri|0 fnt
|faint|p2a: Tatsugiri
|
|win|bluntmaster9000
|raw|bluntmaster9000's rating: 1196 → 1229(+33 for winning)
|raw|flubberbut's rating: 1305 → 1279(-26 for losing)
|l|☆flubberbut
|player|p2|
