|j|☆zubrowka
|j|☆Hntf
|html|zubrowkaHntf    
|uhtml|bestof|Game 1 of a best-of-3
|t:|1786105028
|gametype|doubles
|player|p1|zubrowka|265|1303
|player|p2|Hntf|2|1220
|gen|9
|tier|[Gen 9 Champions] VGC 2026 Reg M-B (Bo3)
|rated|
|rule|Species Clause: Limit one of each Pokémon
|rule|Item Clause: Limit 1 of each item
|clearpoke
|poke|p1|Floette-Eternal, L50, F|
|poke|p1|Sinistcha, L50|
|poke|p1|Incineroar, L50, M|
|poke|p1|Basculegion, L50, M|
|poke|p1|Glimmora, L50, F|
|poke|p1|Staraptor, L50, M|
|poke|p2|Tyranitar, L50, M|
|poke|p2|Excadrill, L50, M|
|poke|p2|Milotic, L50, M|
|poke|p2|Gholdengo, L50|
|poke|p2|Whimsicott, L50, M|
|poke|p2|Staraptor, L50, M|
|teampreview|4
|showteam|p1|Floette-Eternal||Floettite|FlowerVeil|DazzlingGleam,DrainingKiss,CalmMind,Protect|Modest||F|||50|]Sinistcha||ColburBerry|Hospitality|MatchaGotcha,LifeDew,RagePowder,Protect|Calm|||||50|]Incineroar||SitrusBerry|Intimidate|FlareBlitz,ThroatChop,PartingShot,FakeOut|Careful||M|||50|]Basculegion||ChoiceScarf|Adaptability|WaveCrash,FlipTurn,AquaJet,LastRespects|Jolly||M|||50|]Glimmora||FocusSash|ToxicDebris|PowerGem,SludgeBomb,EarthPower,SpikyShield|Modest||F|||50|]Staraptor||Staraptite|Intimidate|DualWingbeat,CloseCombat,Tailwind,Protect|Jolly||M|||50|
|showteam|p2|Tyranitar||Tyranitarite|SandStream|KnockOff,RockSlide,LowKick,Protect|Jolly||M|||50|]Excadrill||FocusSash|SandRush|HighHorsepower,IronHead,RockSlide,Protect|Adamant||M|||50|]Milotic||SitrusBerry|Competitive|Scald,IcyWind,IceBeam,Protect|Calm||M|||50|]Gholdengo||LifeOrb|GoodasGold|MakeItRain,ShadowBall,NastyPlot,Protect|Modest|||||50|]Whimsicott||FairyFeather|Prankster|Moonblast,Charm,Tailwind,Encore|Timid||M|||50|]Staraptor||Staraptite|Intimidate|CloseCombat,BraveBird,Roost,Protect|Jolly||M|||50|
|inactive|Battle timer is ON: inactive players will automatically lose when time's up. (requested by zubrowka)
|
|t:|1786105053
|teamsize|p1|4
|teamsize|p2|4
|start
|switch|p1a: Sinistcha|Sinistcha, L50|100/100
|switch|p1b: Glimmora|Glimmora, L50, F|100/100
|switch|p2a: Excadrill|Excadrill, L50, M|100/100
|switch|p2b: Staraptor|Staraptor, L50, M|100/100
|-ability|p2b: Staraptor|Intimidate|boost
|-unboost|p1a: Sinistcha|atk|1
|-unboost|p1b: Glimmora|atk|1
|turn|1
|inactive|zubrowka has 30 seconds left.
|inactive|Hntf has 30 seconds left.
|
|t:|1786105088
|switch|p2a: Whimsicott|Whimsicott, L50, M|100/100
|switch|p1a: Incineroar|Incineroar, L50, M|100/100
|-ability|p1a: Incineroar|Intimidate|boost
|-unboost|p2a: Whimsicott|atk|1
|-unboost|p2b: Staraptor|atk|1
|detailschange|p2b: Staraptor|Staraptor-Mega, L50, M
|-mega|p2b: Staraptor|Staraptor|Staraptite
|move|p2b: Staraptor|Protect|p2b: Staraptor
|-singleturn|p2b: Staraptor|Protect
|move|p1b: Glimmora|Earth Power|p2a: Whimsicott
|-resisted|p2a: Whimsicott|1
|-damage|p2a: Whimsicott|74/100
|
|upkeep
|turn|2
|inactive|zubrowka has 30 seconds left.
|
|t:|1786105120
|move|p1a: Incineroar|Fake Out|p2b: Staraptor
|-damage|p2b: Staraptor|89/100
|move|p2a: Whimsicott|Encore|p1b: Glimmora
|-start|p1b: Glimmora|Encore
|cant|p2b: Staraptor|flinch
|move|p1b: Glimmora|Earth Power|p2b: Staraptor
|-immune|p2b: Staraptor
|
|upkeep
|turn|3
|inactive|zubrowka has 30 seconds left.
|
|t:|1786105148
|switch|p1b: Staraptor|Staraptor, L50, M|100/100
|-ability|p1b: Staraptor|Intimidate|boost
|-unboost|p2a: Whimsicott|atk|1
|-boost|p2b: Staraptor|atk|1
|switch|p1a: Sinistcha|Sinistcha, L50|100/100
|move|p2a: Whimsicott|Charm|p2b: Staraptor
|-boost|p2b: Staraptor|atk|2
|move|p2b: Staraptor|Close Combat|p1a: Sinistcha
|-immune|p1a: Sinistcha
|
|upkeep
|turn|4
|
|t:|1786105170
|detailschange|p1b: Staraptor|Staraptor-Mega, L50, M
|-mega|p1b: Staraptor|Staraptor|Staraptite
|move|p2b: Staraptor|Protect|p2b: Staraptor
|-singleturn|p2b: Staraptor|Protect
|move|p1a: Sinistcha|Rage Powder|p1a: Sinistcha
|-singleturn|p1a: Sinistcha|move: Rage Powder
|move|p2a: Whimsicott|Tailwind|p2a: Whimsicott
|-sidestart|p2: Hntf|move: Tailwind
|move|p1b: Staraptor|Dual Wingbeat|p2b: Staraptor
|-activate|p2b: Staraptor|move: Protect
|
|upkeep
|turn|5
|
|t:|1786105194
|switch|p2b: Excadrill|Excadrill, L50, M|100/100
|move|p1a: Sinistcha|Rage Powder|p1a: Sinistcha
|-singleturn|p1a: Sinistcha|move: Rage Powder
|move|p2a: Whimsicott|Moonblast|p1b: Staraptor
|-supereffective|p1b: Staraptor|1
|-damage|p1b: Staraptor|41/100
|move|p1b: Staraptor|Dual Wingbeat|p2b: Excadrill
|-resisted|p2b: Excadrill|1
|-damage|p2b: Excadrill|85/100
|-resisted|p2b: Excadrill|1
|-damage|p2b: Excadrill|71/100
|-hitcount|p2b: Excadrill|2
|
|upkeep
|turn|6
|
|t:|1786105216
|switch|p2b: Staraptor|Staraptor-Mega, L50, M|89/100
|switch|p1b: Incineroar|Incineroar, L50, M|100/100
|-ability|p1b: Incineroar|Intimidate|boost
|-unboost|p2a: Whimsicott|atk|1
|-boost|p2b: Staraptor|atk|1
|move|p2a: Whimsicott|Moonblast|p1b: Incineroar
|-damage|p1b: Incineroar|75/100
|move|p1a: Sinistcha|Matcha Gotcha|p2a: Whimsicott|[spread] p2a,p2b
|-resisted|p2a: Whimsicott|1
|-resisted|p2b: Staraptor|1
|-damage|p2a: Whimsicott|58/100
|-damage|p2b: Staraptor|76/100
|-status|p2a: Whimsicott|brn
|-status|p2b: Staraptor|brn
|
|-damage|p2b: Staraptor|70/100 brn|[from] brn
|-damage|p2a: Whimsicott|52/100 brn|[from] brn
|upkeep
|turn|7
|inactive|zubrowka has 30 seconds left.
|inactive|Hntf has 30 seconds left.
|
|t:|1786105243
|move|p1a: Sinistcha|Rage Powder|p1a: Sinistcha
|-singleturn|p1a: Sinistcha|move: Rage Powder
|move|p2a: Whimsicott|Encore|p1a: Sinistcha
|-start|p1a: Sinistcha|Encore
|move|p2b: Staraptor|Close Combat|p1a: Sinistcha
|-immune|p1a: Sinistcha
|move|p1b: Incineroar|Flare Blitz|p2b: Staraptor
|-damage|p2b: Staraptor|23/100 brn
|-damage|p1b: Incineroar|60/100|[from] Recoil
|
|-damage|p2b: Staraptor|17/100 brn|[from] brn
|-damage|p2a: Whimsicott|46/100 brn|[from] brn
|-sideend|p2: Hntf|move: Tailwind
|upkeep
|turn|8
|inactive|Hntf has 30 seconds left.
|
|t:|1786105274
|switch|p1a: Glimmora|Glimmora, L50, F|100/100
|move|p2b: Staraptor|Roost|p2b: Staraptor
|-heal|p2b: Staraptor|68/100 brn
|-singleturn|p2b: Staraptor|move: Roost
|move|p2a: Whimsicott|Moonblast|p1a: Glimmora
|-resisted|p1a: Glimmora|1
|-damage|p1a: Glimmora|79/100
|move|p1b: Incineroar|Flare Blitz|p2b: Staraptor
|-crit|p2b: Staraptor
|-damage|p2b: Staraptor|2/100 brn
|-damage|p1b: Incineroar|40/100|[from] Recoil
|-enditem|p1b: Incineroar|Sitrus Berry|[eat]
|-heal|p1b: Incineroar|64/100|[from] item: Sitrus Berry
|
|-damage|p2b: Staraptor|0 fnt|[from] brn
|faint|p2b: Staraptor
|-damage|p2a: Whimsicott|40/100 brn|[from] brn
|upkeep
|-message|Hntf forfeited.
|
|win|zubrowka
|l|☆Hntf
|player|p2|
||Hntf is ready for game 2.
||zubrowka is ready for game 2.
|uhtml|next|Next: Game 2 of 3
