|j|☆purplepiglis13
|j|☆mariocansado
|html|purplepiglis13mariocansado    
|uhtml|bestof|Game 3 of a best-of-3
|t:|1757024752
|gametype|doubles
|player|p1|purplepiglis13|hilbert-wonderlauncher|1113
|player|p2|mariocansado|arven-s|1237
|gen|9
|tier|[Gen 9] VGC 2025 Reg H (Bo3)
|rated|
|rule|Species Clause: Limit one of each Pokémon
|rule|Item Clause: Limit 1 of each item
|clearpoke
|poke|p1|Excadrill, L50, M|
|poke|p1|Incineroar, L50, M|
|poke|p1|Tyranitar, L50, F|
|poke|p1|Amoonguss, L50, M|
|poke|p1|Kommo-o, L50, M|
|poke|p1|Reuniclus, L50, F|
|poke|p2|Rillaboom, L50, F|
|poke|p2|Dragapult, L50, F|
|poke|p2|Electabuzz, L50, M|
|poke|p2|Volcarona, L50, F|
|poke|p2|Whimsicott, L50, F|
|poke|p2|Arcanine-Hisui, L50, M|
|teampreview|4
|showteam|p1|Excadrill||FocusSash|SandRush|Protect,Earthquake,HighHorsepower,IronHead|||M|||50|,,,,,Ground]Incineroar||SafetyGoggles|Intimidate|FakeOut,KnockOff,FlareBlitz,PartingShot|||M|||50|,,,,,Ghost]Tyranitar||AssaultVest|SandStream|RockSlide,KnockOff,LowKick,TeraBlast|||F|||50|,,,,,Flying]Amoonguss||SitrusBerry|Regenerator|PollenPuff,RagePowder,ClearSmog,Spore|||M|||50|,,,,,Water]Kommo-o||ThroatSpray|Overcoat|Protect,ClangingScales,ClangorousSoul,AuraSphere|||M|||50|,,,,,Steel]Reuniclus||LifeOrb|MagicGuard|Protect,TrickRoom,ExpandingForce,FlashCannon|||F|||50|,,,,,Dark
|showteam|p2|Rillaboom||AssaultVest|GrassySurge|FakeOut,WoodHammer,Uturn,GrassyGlide|||F|||50|,,,,,Fire]Dragapult||ChoiceBand|ClearBody|DragonDarts,Outrage,PhantomForce,Uturn|||F|||50|,,,,,Dragon]Electabuzz||Eviolite|VitalSpirit|Thunderbolt,Taunt,FollowMe,Protect|||M|||50|,,,,,Ghost]Volcarona||Leftovers|FlameBody|HeatWave,QuiverDance,Protect,GigaDrain|||F|||50|,,,,,Grass]Whimsicott||CovertCloak|Prankster|SunnyDay,Moonblast,Encore,Tailwind|||F|||50|,,,,,Dark]Arcanine-Hisui||SafetyGoggles|Intimidate|RockSlide,FlareBlitz,ExtremeSpeed,Protect|||M|||50|,,,,,Fairy
|
|t:|1757024781
|teamsize|p1|4
|teamsize|p2|4
|start
|switch|p1a: Kommo-o|Kommo-o, L50, M|100/100
|switch|p1b: Incineroar|Incineroar, L50, M|100/100
|switch|p2a: Dragapult|Dragapult, L50, F|100/100
|switch|p2b: Arcanine|Arcanine-Hisui, L50, M|100/100
|-ability|p2b: Arcanine|Intimidate|boost
|-unboost|p1a: Kommo-o|atk|1
|-unboost|p1b: Incineroar|atk|1
|-ability|p1b: Incineroar|Intimidate|boost
|-fail|p2a: Dragapult|unboost|[from] ability: Clear Body|[of] p2a: Dragapult
|-unboost|p2b: Arcanine|atk|1
|turn|1
|
|t:|1757024809
|switch|p2b: Electabuzz|Electabuzz, L50, M|100/100
|-terastallize|p2a: Dragapult|Dragon
|move|p1b: Incineroar|Fake Out|p2b: Electabuzz
|-damage|p2b: Electabuzz|92/100
|move|p2a: Dragapult|Dragon Darts|p1b: Incineroar
|-damage|p1b: Incineroar|51/100
|-anim|p2a: Dragapult|Dragon Darts|p1a: Kommo-o
|-supereffective|p1a: Kommo-o
|-damage|p1a: Kommo-o|7/100
|move|p1a: Kommo-o|Clanging Scales|p2b: Electabuzz|[spread] p2a,p2b
|-supereffective|p2a: Dragapult
|-damage|p2a: Dragapult|8/100
|-damage|p2b: Electabuzz|65/100
|-unboost|p1a: Kommo-o|def|1
|-enditem|p1a: Kommo-o|Throat Spray
|-boost|p1a: Kommo-o|spa|1|[from] item: Throat Spray
|
|upkeep
|turn|2
|
|t:|1757024831
|move|p2b: Electabuzz|Follow Me|p2b: Electabuzz
|-singleturn|p2b: Electabuzz|move: Follow Me
|move|p2a: Dragapult|Dragon Darts|p1b: Incineroar
|-damage|p1b: Incineroar|0 fnt
|-anim|p2a: Dragapult|Dragon Darts|p1a: Kommo-o
|-supereffective|p1a: Kommo-o
|-damage|p1a: Kommo-o|0 fnt
|faint|p1b: Incineroar
|faint|p1a: Kommo-o
|
|upkeep
|
|t:|1757024835
|switch|p1a: Tyranitar|Tyranitar, L50, F|100/100
|switch|p1b: Excadrill|Excadrill, L50, M|100/100
|-weather|Sandstorm|[from] ability: Sand Stream|[of] p1a: Tyranitar
|turn|3
|
|t:|1757024849
|switch|p2a: Arcanine|Arcanine-Hisui, L50, M|100/100
|-ability|p2a: Arcanine|Intimidate|boost
|-unboost|p1a: Tyranitar|atk|1
|-unboost|p1b: Excadrill|atk|1
|-terastallize|p1a: Tyranitar|Flying
|move|p2b: Electabuzz|Protect|p2b: Electabuzz
|-singleturn|p2b: Electabuzz|Protect
|move|p1b: Excadrill|Earthquake|p2a: Arcanine|[spread] p2a
|-activate|p2b: Electabuzz|move: Protect
|-immune|p1a: Tyranitar
|-supereffective|p2a: Arcanine
|-damage|p2a: Arcanine|0 fnt
|faint|p2a: Arcanine
|move|p1a: Tyranitar|Knock Off|p2b: Electabuzz
|-activate|p2b: Electabuzz|move: Protect
|
|-weather|Sandstorm|[upkeep]
|-damage|p2b: Electabuzz|59/100|[from] Sandstorm
|-damage|p1a: Tyranitar|95/100|[from] Sandstorm
|upkeep
|
|t:|1757024860
|switch|p2a: Whimsicott|Whimsicott, L50, F|100/100
|turn|4
|
|t:|1757024869
|move|p2a: Whimsicott|Sunny Day|p2a: Whimsicott
|-weather|SunnyDay
|move|p2b: Electabuzz|Thunderbolt|p1a: Tyranitar
|-supereffective|p1a: Tyranitar
|-damage|p1a: Tyranitar|60/100
|move|p1b: Excadrill|High Horsepower|p2b: Electabuzz
|-supereffective|p2b: Electabuzz
|-damage|p2b: Electabuzz|0 fnt
|faint|p2b: Electabuzz
|move|p1a: Tyranitar|Tera Blast|p2a: Whimsicott|[anim] Tera Blast Flying
|-supereffective|p2a: Whimsicott
|-damage|p2a: Whimsicott|36/100
|
|-weather|SunnyDay|[upkeep]
|upkeep
|
|t:|1757024878
|switch|p2b: Dragapult|Dragapult, L50, F, tera:Dragon|8/100
|turn|5
|
|t:|1757024904
|move|p2b: Dragapult|Dragon Darts|p1a: Tyranitar
|-damage|p1a: Tyranitar|19/100
|-anim|p2b: Dragapult|Dragon Darts|p1b: Excadrill
|-resisted|p1b: Excadrill
|-damage|p1b: Excadrill|61/100
|move|p2a: Whimsicott|Moonblast|p1a: Tyranitar
|-damage|p1a: Tyranitar|2/100
|move|p1b: Excadrill|Iron Head|p2b: Dragapult
|-damage|p2b: Dragapult|0 fnt
|faint|p2b: Dragapult
|move|p1a: Tyranitar|Rock Slide|p2a: Whimsicott|[miss]
|-miss|p1a: Tyranitar|p2a: Whimsicott
|
|-weather|SunnyDay|[upkeep]
|upkeep
|turn|6
|-message|mariocansado forfeited.
|
|win|purplepiglis13
|raw|purplepiglis13's rating: 1113 → 1147(+34 for winning)
|raw|mariocansado's rating: 1237 → 1203(-34 for losing)
|l|☆purplepiglis13
|player|p1|
