|j|☆profanitycleared
|j|☆SaladofKale
|html|profanityclearedSaladofKale    
|uhtml|bestof|Game 1 of a best-of-3
|t:|1785427442
|gametype|doubles
|player|p1|profanitycleared|parasollady|
|player|p2|SaladofKale|101|
|gen|9
|tier|[Gen 9 Champions] VGC 2026 Reg M-B (Bo3)
|rule|Species Clause: Limit one of each Pokémon
|rule|Item Clause: Limit 1 of each item
|clearpoke
|poke|p1|Garchomp, L50, M|
|poke|p1|Falinks, L50|
|poke|p1|Gholdengo, L50|
|poke|p1|Ninetales-Alola, L50, F|
|poke|p1|Volcarona, L50, M|
|poke|p1|Blastoise, L50, F|
|poke|p2|Lycanroc-Dusk, L50, F|
|poke|p2|Scovillain, L50, F|
|poke|p2|Basculegion, L50, M|
|poke|p2|Froslass, L50, F|
|poke|p2|Primarina, L50, M|
|poke|p2|Stunfisk-Galar, L50, M|
|teampreview|4
|showteam|p1|Garchomp||LifeOrb|RoughSkin|RockSlide,StompingTantrum,DragonClaw,Protect|Adamant||M|||50|]Falinks||Falinksite|Defiant|CloseCombat,KnockOff,Protect,NoRetreat|Jolly|||||50|]Gholdengo||SitrusBerry|GoodasGold|Protect,NastyPlot,MakeItRain,ShadowBall|Timid|||||50|]Ninetales-Alola||LightClay|SnowWarning|Encore,AuroraVeil,Blizzard,Moonblast|Timid||F|||50|]Volcarona||Leftovers|FlameBody|HeatWave,GigaDrain,Tailwind,QuiverDance|Calm||M|||50|]Blastoise||Blastoisinite|Torrent|ShellSmash,WaterSpout,DarkPulse,FakeOut|Modest||F|||50|
|showteam|p2|Lycanroc-Dusk||FocusSash|ToughClaws|Accelerock,RockSlide,CloseCombat,Protect|Adamant||F|||50|]Scovillain||Scovillainite|Moody|Overheat,GigaDrain,RagePowder,Protect|Bold||F|||50|]Basculegion||SitrusBerry|Adaptability|WaveCrash,LastRespects,AquaJet,Protect|Adamant||M|||50|]Froslass||Froslassite|SnowCloak|Blizzard,ShadowBall,Protect,AuroraVeil|Modest||F|||50|]Primarina||MysticWater|LiquidVoice|HyperVoice,Moonblast,CalmMind,Protect|Modest||M|||50|]Stunfisk-Galar||BrightPowder|Mimicry|FoulPlay,MudSlap,SnapTrap,SuckerPunch|Impish||M|||50|
|
|t:|1785427465
|teamsize|p1|4
|teamsize|p2|4
|start
|switch|p1a: Ninetales|Ninetales-Alola, L50, F|100/100
|switch|p1b: Volcarona|Volcarona, L50, M|100/100
|switch|p2a: Scovillain|Scovillain, L50, F|100/100
|switch|p2b: Stunfisk|Stunfisk-Galar, L50, M|100/100
|-weather|Snowscape|[from] ability: Snow Warning|[of] p1a: Ninetales
|turn|1
|
|t:|1785427489
|move|p1a: Ninetales|Aurora Veil|p1a: Ninetales
|-sidestart|p1: profanitycleared|move: Aurora Veil
|move|p1b: Volcarona|Heat Wave|p2b: Stunfisk|[spread] p2a,p2b
|-supereffective|p2b: Stunfisk|1
|-damage|p2a: Scovillain|61/100
|-damage|p2b: Stunfisk|41/100
|move|p2a: Scovillain|Overheat|p1b: Volcarona
|-damage|p1b: Volcarona|78/100
|-unboost|p2a: Scovillain|spa|2
|move|p2b: Stunfisk|Snap Trap|p1a: Ninetales
|-supereffective|p1a: Ninetales|2
|-damage|p1a: Ninetales|66/100
|-activate|p1a: Ninetales|move: Snap Trap|[of] p2b: Stunfisk
|
|-weather|Snowscape|[upkeep]
|-heal|p1b: Volcarona|84/100|[from] item: Leftovers
|-damage|p1a: Ninetales|54/100|[from] move: Snap Trap|[partiallytrapped]
|-ability|p2a: Scovillain|Moody|boost
|-boost|p2a: Scovillain|spd|2
|-unboost|p2a: Scovillain|spe|1
|upkeep
|turn|2
|
|t:|1785427520
|move|p2b: Stunfisk|Sucker Punch||[still]
|-fail|p2b: Stunfisk
|move|p1a: Ninetales|Blizzard|p2a: Scovillain|[spread] p2a,p2b
|-damage|p2a: Scovillain|41/100
|-damage|p2b: Stunfisk|11/100
|move|p1b: Volcarona|Quiver Dance|p1b: Volcarona
|-boost|p1b: Volcarona|spa|1
|-boost|p1b: Volcarona|spd|1
|-boost|p1b: Volcarona|spe|1
|move|p2a: Scovillain|Overheat|p1b: Volcarona
|-damage|p1b: Volcarona|78/100
|-unboost|p2a: Scovillain|spa|2
|
|-weather|Snowscape|[upkeep]
|-heal|p1b: Volcarona|84/100|[from] item: Leftovers
|-damage|p1a: Ninetales|42/100|[from] move: Snap Trap|[partiallytrapped]
|-ability|p2a: Scovillain|Moody|boost
|-boost|p2a: Scovillain|spd|2
|-unboost|p2a: Scovillain|atk|1
|upkeep
|turn|3
|
|t:|1785427542
|move|p1b: Volcarona|Quiver Dance|p1b: Volcarona
|-boost|p1b: Volcarona|spa|1
|-boost|p1b: Volcarona|spd|1
|-boost|p1b: Volcarona|spe|1
|move|p1a: Ninetales|Blizzard|p2b: Stunfisk|[spread] p2a,p2b
|-damage|p2a: Scovillain|27/100
|-damage|p2b: Stunfisk|0 fnt
|faint|p2b: Stunfisk
|move|p2a: Scovillain|Giga Drain|p1a: Ninetales
|-damage|p1a: Ninetales|34/100
|-heal|p2a: Scovillain|31/100|[from] drain|[of] p1a: Ninetales
|
|-weather|Snowscape|[upkeep]
|-heal|p1b: Volcarona|90/100|[from] item: Leftovers
|-end|p1a: Ninetales|Snap Trap|[partiallytrapped]|[silent]
|-ability|p2a: Scovillain|Moody|boost
|-boost|p2a: Scovillain|spd|2
|-unboost|p2a: Scovillain|spa|1
|upkeep
|
|t:|1785427560
|switch|p2b: Primarina|Primarina, L50, M|100/100
|turn|4
|
|t:|1785427578
|move|p2a: Scovillain|Protect|p2a: Scovillain
|-singleturn|p2a: Scovillain|Protect
|move|p1b: Volcarona|Giga Drain|p2b: Primarina
|-supereffective|p2b: Primarina|1
|-damage|p2b: Primarina|13/100
|-heal|p1b: Volcarona|100/100|[from] drain|[of] p2b: Primarina
|move|p1a: Ninetales|Moonblast|p2b: Primarina
|-damage|p2b: Primarina|0 fnt
|faint|p2b: Primarina
|
|-weather|Snowscape|[upkeep]
|-ability|p2a: Scovillain|Moody|boost
|-boost|p2a: Scovillain|atk|2
|-unboost|p2a: Scovillain|def|1
|upkeep
|
|t:|1785427587
|switch|p2b: Lycanroc|Lycanroc-Dusk, L50, F|100/100
|turn|5
|
|t:|1785427608
|move|p2a: Scovillain|Rage Powder|p2a: Scovillain
|-singleturn|p2a: Scovillain|move: Rage Powder
|move|p1b: Volcarona|Giga Drain|p2a: Scovillain
|-resisted|p2a: Scovillain|2
|-damage|p2a: Scovillain|27/100
|move|p1a: Ninetales|Blizzard|p2a: Scovillain|[spread] p2a,p2b
|-damage|p2a: Scovillain|18/100
|-damage|p2b: Lycanroc|46/100
|move|p2b: Lycanroc|Rock Slide|p1b: Volcarona|[spread] p1a,p1b
|-supereffective|p1a: Ninetales|1
|-supereffective|p1b: Volcarona|2
|-damage|p1a: Ninetales|0 fnt
|-damage|p1b: Volcarona|2/100
|faint|p1a: Ninetales
|
|-weather|none
|-heal|p1b: Volcarona|8/100|[from] item: Leftovers
|-ability|p2a: Scovillain|Moody|boost
|-boost|p2a: Scovillain|def|2
|-unboost|p2a: Scovillain|spa|1
|upkeep
|
|t:|1785427630
|switch|p1a: Garchomp|Garchomp, L50, M|100/100
|turn|6
|
|t:|1785427644
|move|p2a: Scovillain|Protect|p2a: Scovillain
|-singleturn|p2a: Scovillain|Protect
|move|p2b: Lycanroc|Accelerock|p1b: Volcarona
|-supereffective|p1b: Volcarona|2
|-damage|p1b: Volcarona|0 fnt
|-status|p2b: Lycanroc|brn|[from] ability: Flame Body|[of] p1b: Volcarona
|faint|p1b: Volcarona
|move|p1a: Garchomp|Rock Slide|p2b: Lycanroc|[spread] p2b
|-activate|p2a: Scovillain|move: Protect
|-damage|p2b: Lycanroc|1/100 brn
|-damage|p1a: Garchomp|90/100|[from] item: Life Orb
|
|-damage|p2b: Lycanroc|0 fnt|[from] brn
|faint|p2b: Lycanroc
|-ability|p2a: Scovillain|Moody|boost
|-boost|p2a: Scovillain|spa|2
|-unboost|p2a: Scovillain|spe|1
|upkeep
|
|t:|1785427658
|switch|p1b: Blastoise|Blastoise, L50, F|100/100
|turn|7
|
|t:|1785427663
|detailschange|p2a: Scovillain|Scovillain-Mega, L50, F
|-mega|p2a: Scovillain|Scovillain|Scovillainite
|move|p1b: Blastoise|Fake Out|p2a: Scovillain
|-damage|p2a: Scovillain|14/100
|-status|p1b: Blastoise|brn|[from] ability: Spicy Spray|[of] p2a: Scovillain
|move|p1a: Garchomp|Stomping Tantrum|p2a: Scovillain
|-damage|p2a: Scovillain|0 fnt
|-status|p1a: Garchomp|brn|[from] ability: Spicy Spray|[of] p2a: Scovillain
|faint|p2a: Scovillain
|-damage|p1a: Garchomp|80/100 brn|[from] item: Life Orb
|
|win|profanitycleared
|j| Uaxvuaxbaiz
||SaladofKale is ready for game 2.
|inactive|profanitycleared has 30 seconds to confirm battle start!
