|j|☆Goodwyn
|j|☆MidoMidori
|html|GoodwynMidoMidori    
|uhtml|bestof|Game 3 of a best-of-3
|t:|1756040156
|gametype|doubles
|player|p1|Goodwyn|170|1246
|player|p2|MidoMidori|roxanne-gen6|1305
|gen|9
|tier|[Gen 9] VGC 2025 Reg H (Bo3)
|rated|
|rule|Species Clause: Limit one of each Pokémon
|rule|Item Clause: Limit 1 of each item
|clearpoke
|poke|p1|Indeedee, L50, M|
|poke|p1|Sneasler, L50, M|
|poke|p1|Archaludon, L50, M|
|poke|p1|Smeargle, L50, M|
|poke|p1|Volcarona, L50, F|
|poke|p1|Incineroar, L50, F|
|poke|p2|Sneasler, L50, F|
|poke|p2|Indeedee, L50, M|
|poke|p2|Volcarona, L50, F|
|poke|p2|Ursaluna-Bloodmoon, L50, M|
|poke|p2|Annihilape, L50, M|
|poke|p2|Tyranitar, L50, M|
|teampreview|4
|showteam|p1|Indeedee||ChoiceScarf|PsychicSurge|ExpandingForce,TeraBlast,Trick,Protect|||M|||50|,,,,,Psychic]Sneasler||PsychicSeed|Unburden|ThroatChop,DireClaw,CloseCombat,Protect|||M|||50|,,,,,Dark]Archaludon||PowerHerb|Sturdy|Thunderbolt,ElectroShot,DragonPulse,Protect|||M|||50|,,,,,Electric]Smeargle||FocusSash|Moody|FollowMe,Spore,SaltCure,SpikyShield|||M|||50|,,,,,Ghost]Volcarona||Leftovers|FlameBody|TeraBlast,HeatWave,QuiverDance,Protect|||F|||50|,,,,,Water]Incineroar||AssaultVest|Intimidate|FlareBlitz,KnockOff,FakeOut,Uturn|||F|||50|,,,,,Grass
|showteam|p2|Sneasler||PsychicSeed|Unburden|CloseCombat,DireClaw,ThroatChop,Protect|||F|||50|,,,,,Dark]Indeedee||ChoiceScarf|PsychicSurge|ExpandingForce,TeraBlast,Trick,Protect|||M|||50|,,,,,Psychic]Volcarona||SitrusBerry|FlameBody|Overheat,StruggleBug,RagePowder,Tailwind|||F|||50|,,,,,Grass]Ursaluna-Bloodmoon||LifeOrb|MindsEye|BloodMoon,HyperVoice,EarthPower,Protect|||M|||50|,,,,,Normal]Annihilape||SafetyGoggles|Defiant|CloseCombat,RageFist,Taunt,FinalGambit|||M|||50|,,,,,Fairy]Tyranitar||AssaultVest|SandStream|RockSlide,KnockOff,TeraBlast,LowKick|||M|||50|,,,,,Flying
|
|t:|1756040206
|teamsize|p1|4
|teamsize|p2|4
|start
|switch|p1a: Smeargle|Smeargle, L50, M|100/100
|switch|p1b: Indeedee|Indeedee, L50, M|100/100
|switch|p2a: Volcarona|Volcarona, L50, F|100/100
|switch|p2b: Sneasler|Sneasler, L50, F|100/100
|-fieldstart|move: Psychic Terrain|[from] ability: Psychic Surge|[of] p1b: Indeedee
|-enditem|p2b: Sneasler|Psychic Seed
|-boost|p2b: Sneasler|spd|1|[from] item: Psychic Seed
|turn|1
|
|t:|1756040225
|switch|p1b: Incineroar|Incineroar, L50, F|100/100
|-ability|p1b: Incineroar|Intimidate|boost
|-unboost|p2a: Volcarona|atk|1
|-unboost|p2b: Sneasler|atk|1
|-terastallize|p2b: Sneasler|Dark
|-terastallize|p1a: Smeargle|Ghost
|move|p2b: Sneasler|Throat Chop|p1b: Incineroar
|-resisted|p1b: Incineroar
|-damage|p1b: Incineroar|88/100
|-start|p1b: Incineroar|Throat Chop|[silent]
|move|p2a: Volcarona|Struggle Bug|p1a: Smeargle|[spread] p1a,p1b
|-resisted|p1a: Smeargle
|-damage|p1a: Smeargle|84/100
|-damage|p1b: Incineroar|77/100
|-unboost|p1a: Smeargle|spa|1
|-unboost|p1b: Incineroar|spa|1
|move|p1a: Smeargle|Spore|p2b: Sneasler
|-status|p2b: Sneasler|slp|[from] move: Spore
|
|-ability|p1a: Smeargle|Moody|boost
|-boost|p1a: Smeargle|atk|2
|-unboost|p1a: Smeargle|def|1
|upkeep
|turn|2
|
|t:|1756040252
|cant|p2b: Sneasler|slp
|move|p2a: Volcarona|Overheat|p1a: Smeargle
|-damage|p1a: Smeargle|0 fnt
|-unboost|p2a: Volcarona|spa|2
|faint|p1a: Smeargle
|move|p1b: Incineroar|U-turn|p2b: Sneasler
|-supereffective|p2b: Sneasler
|-damage|p2b: Sneasler|26/100 slp
|
|t:|1756040263
|switch|p1b: Sneasler|Sneasler, L50, M|100/100|[from] U-turn
|-enditem|p1b: Sneasler|Psychic Seed
|-boost|p1b: Sneasler|spd|1|[from] item: Psychic Seed
|
|upkeep
|
|t:|1756040269
|switch|p1a: Incineroar|Incineroar, L50, F|77/100
|-ability|p1a: Incineroar|Intimidate|boost
|-unboost|p2a: Volcarona|atk|1
|-unboost|p2b: Sneasler|atk|1
|turn|3
|
|t:|1756040284
|switch|p2b: Annihilape|Annihilape, L50, M|100/100
|move|p1b: Sneasler|Dire Claw|p2a: Volcarona
|-damage|p2a: Volcarona|40/100
|-enditem|p2a: Volcarona|Sitrus Berry|[eat]
|-heal|p2a: Volcarona|65/100|[from] item: Sitrus Berry
|move|p2a: Volcarona|Tailwind|p2a: Volcarona
|-sidestart|p2: MidoMidori|move: Tailwind
|move|p1a: Incineroar|U-turn|p2a: Volcarona
|-resisted|p2a: Volcarona
|-damage|p2a: Volcarona|50/100
|
|t:|1756040296
|switch|p1a: Indeedee|Indeedee, L50, M|100/100|[from] U-turn
|
|upkeep
|turn|4
|
|t:|1756040312
|move|p2a: Volcarona|Rage Powder|p2a: Volcarona
|-singleturn|p2a: Volcarona|move: Rage Powder
|move|p1b: Sneasler|Dire Claw|p2a: Volcarona
|-damage|p2a: Volcarona|0 fnt
|faint|p2a: Volcarona
|move|p2b: Annihilape|Final Gambit|p1a: Indeedee
|-damage|p1a: Indeedee|0 fnt
|faint|p2b: Annihilape
|faint|p1a: Indeedee
|
|upkeep
|
|t:|1756040324
|switch|p2a: Indeedee|Indeedee, L50, M|100/100
|switch|p1a: Incineroar|Incineroar, L50, F|77/100
|switch|p2b: Sneasler|Sneasler, L50, F, tera:Dark|26/100 slp
|-ability|p1a: Incineroar|Intimidate|boost
|-unboost|p2a: Indeedee|atk|1
|-unboost|p2b: Sneasler|atk|1
|turn|5
|
|t:|1756040335
|move|p1b: Sneasler|Protect|p1b: Sneasler
|-singleturn|p1b: Sneasler|Protect
|move|p2a: Indeedee|Expanding Force|p1b: Sneasler|[spread] 
|-activate|p1b: Sneasler|move: Protect
|-immune|p1a: Incineroar
|cant|p2b: Sneasler|slp
|move|p1a: Incineroar|Knock Off|p2a: Indeedee
|-supereffective|p2a: Indeedee
|-damage|p2a: Indeedee|0 fnt
|-enditem|p2a: Indeedee|Choice Scarf|[from] move: Knock Off|[of] p1a: Incineroar
|faint|p2a: Indeedee
|
|-fieldend|move: Psychic Terrain
|upkeep
|turn|6
|c|☆MidoMidori|Gg
|-message|MidoMidori forfeited.
|
|win|Goodwyn
|raw|Goodwyn's rating: 1246 → 1275(+29 for winning)
|raw|MidoMidori's rating: 1305 → 1282(-23 for losing)
|c|☆Goodwyn|Gg
