|j|☆chocokoala vgc
|j|☆lillyrosethedemon
|html|chocokoala vgclillyrosethedemon    
|uhtml|bestof|Game 2 of a best-of-3
|t:|1785091177
|gametype|doubles
|player|p1|chocokoala vgc|benga|1241
|player|p2|lillyrosethedemon|madame|1375
|gen|9
|tier|[Gen 9 Champions] VGC 2026 Reg M-B (Bo3)
|rated|
|rule|Species Clause: Limit one of each Pokémon
|rule|Item Clause: Limit 1 of each item
|clearpoke
|poke|p1|Scovillain, L50, F|
|poke|p1|Primarina, L50, M|
|poke|p1|Aerodactyl, L50, M|
|poke|p1|Garchomp, L50, F|
|poke|p1|Gholdengo, L50|
|poke|p1|Grimmsnarl, L50, M|
|poke|p2|Milotic, L50, M|
|poke|p2|Staraptor, L50, F|
|poke|p2|Gholdengo, L50|
|poke|p2|Sinistcha, L50|
|poke|p2|Grimmsnarl, L50, M|
|poke|p2|Arcanine-Hisui, L50, M|
|teampreview|4
|showteam|p1|Scovillain||Scovillainite|Moody|Flamethrower,GigaDrain,Protect,RagePowder|Bold||F|||50|]Primarina||Leftovers|LiquidVoice|HyperVoice,Moonblast,Protect,CalmMind|Modest||M|||50|]Aerodactyl||Aerodactylite|Unnerve|RockSlide,DualWingbeat,Protect,Tailwind|Jolly||M|||50|]Garchomp||SoftSand|RoughSkin|Earthquake,StompingTantrum,Protect,DragonClaw|Jolly||F|||50|]Gholdengo||LifeOrb|GoodasGold|MakeItRain,ShadowBall,Protect,NastyPlot|Modest|||||50|]Grimmsnarl||LightClay|Prankster|LightScreen,Reflect,FakeOut,FoulPlay|Calm||M|||50|
|showteam|p2|Milotic||Leftovers|Competitive|MuddyWater,Hypnosis,Coil,Protect|Calm||M|||50|]Staraptor||Staraptite|Intimidate|BraveBird,CloseCombat,Protect,Tailwind|Jolly||F|||50|]Gholdengo||SitrusBerry|GoodasGold|NastyPlot,ShadowBall,MakeItRain,Protect|Modest|||||50|]Sinistcha||KasibBerry|Hospitality|MatchaGotcha,TrickRoom,RagePowder,Protect|Relaxed|||||50|]Grimmsnarl||LightClay|Prankster|PartingShot,Reflect,LightScreen,SpiritBreak|Careful||M|||50|]Arcanine-Hisui||FocusSash|RockHead|FlareBlitz,RockSlide,HeadSmash,Protect|Jolly||M|||50|
|inactive|Battle timer is ON: inactive players will automatically lose when time's up. (requested by chocokoala vgc)
|inactive|chocokoala vgc has 60 seconds left.
|inactive|lillyrosethedemon has 60 seconds left.
|inactive|chocokoala vgc has 30 seconds left.
|
|t:|1785091245
|teamsize|p1|4
|teamsize|p2|4
|start
|switch|p1a: Scovillain|Scovillain, L50, F|100/100
|switch|p1b: Primarina|Primarina, L50, M|100/100
|switch|p2a: Gholdengo|Gholdengo, L50|100/100
|switch|p2b: Grimmsnarl|Grimmsnarl, L50, M|100/100
|turn|1
|
|t:|1785091263
|detailschange|p1a: Scovillain|Scovillain-Mega, L50, F
|-mega|p1a: Scovillain|Scovillain|Scovillainite
|move|p2b: Grimmsnarl|Light Screen|p2b: Grimmsnarl
|-sidestart|p2: lillyrosethedemon|move: Light Screen
|move|p2a: Gholdengo|Nasty Plot|p2a: Gholdengo
|-boost|p2a: Gholdengo|spa|2
|move|p1a: Scovillain|Flamethrower|p2a: Gholdengo
|-supereffective|p2a: Gholdengo|1
|-damage|p2a: Gholdengo|50/100y
|-enditem|p2a: Gholdengo|Sitrus Berry|[eat]
|-heal|p2a: Gholdengo|74/100|[from] item: Sitrus Berry
|move|p1b: Primarina|Calm Mind|p1b: Primarina
|-boost|p1b: Primarina|spa|1
|-boost|p1b: Primarina|spd|1
|
|upkeep
|turn|2
|
|t:|1785091280
|move|p2b: Grimmsnarl|Parting Shot|p1b: Primarina
|-unboost|p1b: Primarina|atk|1
|-unboost|p1b: Primarina|spa|1
|
|t:|1785091283
|switch|p2b: Sinistcha|Sinistcha, L50|100/100|[from] Parting Shot
|-heal|p2a: Gholdengo|99/100|[from] ability: Hospitality|[of] p2b: Sinistcha
|move|p2a: Gholdengo|Shadow Ball|p1b: Primarina
|-damage|p1b: Primarina|51/100
|move|p1a: Scovillain|Flamethrower|p2a: Gholdengo
|-supereffective|p2a: Gholdengo|1
|-damage|p2a: Gholdengo|47/100
|move|p1b: Primarina|Calm Mind|p1b: Primarina
|-boost|p1b: Primarina|spa|1
|-boost|p1b: Primarina|spd|1
|
|-heal|p1b: Primarina|57/100|[from] item: Leftovers
|upkeep
|turn|3
|inactive|chocokoala vgc has 30 seconds left.
|inactive|chocokoala vgc has 20 seconds left.
|
|t:|1785091320
|move|p2a: Gholdengo|Protect|p2a: Gholdengo
|-singleturn|p2a: Gholdengo|Protect
|move|p1a: Scovillain|Flamethrower|p2a: Gholdengo
|-activate|p2a: Gholdengo|move: Protect
|move|p1b: Primarina|Calm Mind|p1b: Primarina
|-boost|p1b: Primarina|spa|1
|-boost|p1b: Primarina|spd|1
|move|p2b: Sinistcha|Matcha Gotcha|p1b: Primarina|[spread] p1a,p1b
|-resisted|p1a: Scovillain|2
|-supereffective|p1b: Primarina|1
|-damage|p1a: Scovillain|93/100
|-damage|p1b: Primarina|39/100
|-status|p2b: Sinistcha|brn|[from] ability: Spicy Spray|[of] p1a: Scovillain
|
|-heal|p1b: Primarina|45/100|[from] item: Leftovers
|-damage|p2b: Sinistcha|93/100 brn|[from] brn
|upkeep
|turn|4
|inactive|chocokoala vgc has 30 seconds left.
|inactive|chocokoala vgc has 20 seconds left.
|inactive|chocokoala vgc has 15 seconds left.
|inactive|chocokoala vgc has 10 seconds left.
|inactive|chocokoala vgc has 5 seconds left.
|
|t:|1785091371
|move|p2a: Gholdengo|Shadow Ball|p1a: Scovillain
|-damage|p1a: Scovillain|12/100
|-unboost|p1a: Scovillain|spd|1
|-status|p2a: Gholdengo|brn|[from] ability: Spicy Spray|[of] p1a: Scovillain
|move|p1a: Scovillain|Flamethrower|p2b: Sinistcha
|-supereffective|p2b: Sinistcha|1
|-damage|p2b: Sinistcha|33/100 brn
|move|p1b: Primarina|Hyper Voice|p2b: Sinistcha|[spread] p2a,p2b
|-resisted|p2b: Sinistcha|1
|-damage|p2a: Gholdengo|3/100 brn
|-damage|p2b: Sinistcha|7/100 brn
|move|p2b: Sinistcha|Matcha Gotcha|p1b: Primarina|[spread] p1b
|-miss|p2b: Sinistcha|p1a: Scovillain
|-supereffective|p1b: Primarina|1
|-damage|p1b: Primarina|27/100
|-heal|p2b: Sinistcha|15/100 brn|[from] drain|[of] p1b: Primarina
|
|-heal|p1b: Primarina|33/100|[from] item: Leftovers
|-damage|p2a: Gholdengo|0 fnt|[from] brn
|faint|p2a: Gholdengo
|-damage|p2b: Sinistcha|9/100 brn|[from] brn
|upkeep
|inactive|lillyrosethedemon has 30 seconds left.
|
|t:|1785091398
|switch|p2a: Arcanine|Arcanine-Hisui, L50, M|100/100
|turn|5
|inactive|chocokoala vgc has 30 seconds left.
|
|t:|1785091425
|switch|p2b: Grimmsnarl|Grimmsnarl, L50, M|100/100
|move|p1b: Primarina|Protect|p1b: Primarina
|-singleturn|p1b: Primarina|Protect
|move|p2a: Arcanine|Rock Slide|p1b: Primarina|[spread] p1a
|-activate|p1b: Primarina|move: Protect
|-supereffective|p1a: Scovillain|1
|-damage|p1a: Scovillain|0 fnt
|-immune|p2a: Arcanine
|faint|p1a: Scovillain
|
|-heal|p1b: Primarina|39/100|[from] item: Leftovers
|upkeep
|
|t:|1785091437
|switch|p1a: Garchomp|Garchomp, L50, F|100/100
|turn|6
|
|t:|1785091457
|move|p1a: Garchomp|Stomping Tantrum|p2a: Arcanine
|-supereffective|p2a: Arcanine|2
|-enditem|p2a: Arcanine|Focus Sash
|-damage|p2a: Arcanine|1/100
|move|p2a: Arcanine|Head Smash|p1b: Primarina
|-damage|p1b: Primarina|0 fnt
|faint|p1b: Primarina
|move|p2b: Grimmsnarl|Spirit Break|p1a: Garchomp
|-supereffective|p1a: Garchomp|1
|-damage|p1a: Garchomp|41/100
|-unboost|p1a: Garchomp|spa|1
|-damage|p2b: Grimmsnarl|87/100|[from] ability: Rough Skin|[of] p1a: Garchomp
|
|upkeep
|
|t:|1785091472
|switch|p1b: Gholdengo|Gholdengo, L50|100/100
|turn|7
|
|t:|1785091493
|move|p1a: Garchomp|Protect|p1a: Garchomp
|-singleturn|p1a: Garchomp|Protect
|move|p2a: Arcanine|Protect|p2a: Arcanine
|-singleturn|p2a: Arcanine|Protect
|move|p1b: Gholdengo|Protect|p1b: Gholdengo
|-singleturn|p1b: Gholdengo|Protect
|move|p2b: Grimmsnarl|Spirit Break|p1a: Garchomp
|-activate|p1a: Garchomp|move: Protect
|
|upkeep
|turn|8
|inactive|chocokoala vgc has 30 seconds left.
|
|t:|1785091523
|move|p1a: Garchomp|Stomping Tantrum|p2a: Arcanine
|-supereffective|p2a: Arcanine|2
|-damage|p2a: Arcanine|0 fnt
|faint|p2a: Arcanine
|move|p1b: Gholdengo|Make It Rain|p2b: Grimmsnarl
|-supereffective|p2b: Grimmsnarl|1
|-damage|p2b: Grimmsnarl|0 fnt
|-unboost|p1b: Gholdengo|spa|2
|faint|p2b: Grimmsnarl
|-damage|p1b: Gholdengo|90/100|[from] item: Life Orb
|
|-sideend|p2: lillyrosethedemon|move: Light Screen
|upkeep
|-message|lillyrosethedemon forfeited.
|
|win|chocokoala vgc
|raw|chocokoala vgc's rating: 1241 → 1275(+34 for winning)
|raw|lillyrosethedemon's rating: 1375 → 1348(-27 for losing)
