|j|☆Frakub
|j|☆dr_sugus_vgc
|html|Frakubdr_sugus_vgc    
|uhtml|bestof|Game 2 of a best-of-3
|t:|1756379142
|gametype|doubles
|player|p1|Frakub|acetrainer-gen4dp|1212
|player|p2|dr_sugus_vgc|265|1176
|gen|9
|tier|[Gen 9] VGC 2025 Reg H (Bo3)
|rated|
|rule|Species Clause: Limit one of each Pokémon
|rule|Item Clause: Limit 1 of each item
|clearpoke
|poke|p1|Kingambit, L50, F|
|poke|p1|Rillaboom, L50, M|
|poke|p1|Ninetales-Alola, L50, F|
|poke|p1|Dragonite, L50, M|
|poke|p1|Magmar, L50, M|
|poke|p1|Sneasler, L50, F|
|poke|p2|Weezing-Galar, L50, M|
|poke|p2|Incineroar, L50, M|
|poke|p2|Sinistcha, L50|
|poke|p2|Corviknight, L50, F|
|poke|p2|Baxcalibur, L50, F|
|poke|p2|Swampert, L50, M|
|teampreview|4
|showteam|p1|Kingambit||BlackGlasses|Defiant|KowtowCleave,SuckerPunch,SwordsDance,Protect|||F|||50|,,,,,Dark]Rillaboom||AssaultVest|GrassySurge|WoodHammer,GrassyGlide,HighHorsepower,FakeOut|||M|||50|,,,,,Fire]Ninetales-Alola||LightClay|SnowWarning|Blizzard,FreezeDry,Protect,AuroraVeil|||F|||50|,,,,,Ghost]Dragonite||LoadedDice|Multiscale|ScaleShot,ExtremeSpeed,Haze,Protect|||M|||50|,,,,,Steel]Magmar||Eviolite|VitalSpirit|Taunt,Overheat,FollowMe,Protect|||M|||50|,,,,,Ghost]Sneasler||FocusSash|PoisonTouch|FakeOut,DireClaw,CloseCombat,Protect|||F|||50|,,,,,Ghost
|showteam|p2|Weezing-Galar||SitrusBerry|MistySurge|SludgeBomb,Flamethrower,Haze,Protect|||M|||50|,,,,,Steel]Incineroar||AssaultVest|Intimidate|FakeOut,FlareBlitz,KnockOff,Snarl|||M|||50|,,,,,Grass]Sinistcha||BigRoot|Hospitality|MatchaGotcha,StrengthSap,Scald,TrickRoom||||||50|,,,,,Fairy]Corviknight||CovertCloak|MirrorArmor|BodyPress,BraveBird,Tailwind,BulkUp|||F|||50|,,,,,Dragon]Baxcalibur||LoadedDice|ThermalExchange|IcicleSpear,HighHorsepower,SwordsDance,Protect|||F|||50|,,,,,Ground]Swampert||ClearAmulet|Damp|HighHorsepower,Liquidation,KnockOff,Protect|||M|||50|,,,,,Fire
|inactive|Battle timer is ON: inactive players will automatically lose when time's up. (requested by Frakub)
|j| famo sesso
|
|t:|1756379158
|teamsize|p1|4
|teamsize|p2|4
|start
|switch|p1a: Kingambit|Kingambit, L50, F|100/100
|switch|p1b: Magmar|Magmar, L50, M|100/100
|switch|p2a: Swampert|Swampert, L50, M|100/100
|switch|p2b: Sinistcha|Sinistcha, L50|100/100
|turn|1
|
|t:|1756379182
|switch|p2b: Weezing|Weezing-Galar, L50, M|100/100
|-fieldstart|move: Misty Terrain|[from] ability: Misty Surge|[of] p2b: Weezing
|-terastallize|p1a: Kingambit|Dark
|move|p1b: Magmar|Overheat|p2b: Weezing
|-damage|p2b: Weezing|46/100
|-unboost|p1b: Magmar|spa|2
|-enditem|p2b: Weezing|Sitrus Berry|[eat]
|-heal|p2b: Weezing|71/100|[from] item: Sitrus Berry
|move|p2a: Swampert|High Horsepower|p1a: Kingambit
|-damage|p1a: Kingambit|64/100
|move|p1a: Kingambit|Swords Dance|p1a: Kingambit
|-boost|p1a: Kingambit|atk|2
|
|upkeep
|turn|2
|inactive|dr_sugus_vgc has 30 seconds left.
|
|t:|1756379215
|move|p2a: Swampert|Protect|p2a: Swampert
|-singleturn|p2a: Swampert|Protect
|move|p1a: Kingambit|Protect|p1a: Kingambit
|-singleturn|p1a: Kingambit|Protect
|move|p1b: Magmar|Taunt|p2b: Weezing
|-start|p2b: Weezing|move: Taunt
|cant|p2b: Weezing|move: Taunt|Haze
|
|upkeep
|turn|3
|
|t:|1756379233
|switch|p2a: Sinistcha|Sinistcha, L50|100/100
|-heal|p2b: Weezing|96/100|[from] ability: Hospitality|[of] p2a: Sinistcha
|move|p1b: Magmar|Follow Me|p1b: Magmar
|-singleturn|p1b: Magmar|move: Follow Me
|move|p2b: Weezing|Sludge Bomb|p1b: Magmar
|-damage|p1b: Magmar|79/100
|move|p1a: Kingambit|Kowtow Cleave|p2a: Sinistcha
|-supereffective|p2a: Sinistcha
|-damage|p2a: Sinistcha|0 fnt
|faint|p2a: Sinistcha
|
|upkeep
|
|t:|1756379245
|switch|p2a: Swampert|Swampert, L50, M|100/100
|turn|4
|
|t:|1756379252
|move|p1b: Magmar|Follow Me|p1b: Magmar
|-singleturn|p1b: Magmar|move: Follow Me
|move|p2a: Swampert|High Horsepower|p1b: Magmar
|-supereffective|p1b: Magmar
|-damage|p1b: Magmar|1/100
|move|p2b: Weezing|Sludge Bomb|p1b: Magmar
|-damage|p1b: Magmar|0 fnt
|faint|p1b: Magmar
|move|p1a: Kingambit|Kowtow Cleave|p2a: Swampert
|-damage|p2a: Swampert|0 fnt
|faint|p2a: Swampert
|
|-end|p2b: Weezing|move: Taunt
|upkeep
|
|t:|1756379265
|switch|p1b: Sneasler|Sneasler, L50, F|100/100
|switch|p2a: Incineroar|Incineroar, L50, M|100/100
|-ability|p2a: Incineroar|Intimidate|boost
|-unboost|p1a: Kingambit|atk|1
|-ability|p1a: Kingambit|Defiant|boost
|-boost|p1a: Kingambit|atk|2
|-unboost|p1b: Sneasler|atk|1
|turn|5
|
|t:|1756379286
|move|p1a: Kingambit|Protect|p1a: Kingambit
|-singleturn|p1a: Kingambit|Protect
|move|p1b: Sneasler|Fake Out|p2b: Weezing
|-damage|p2b: Weezing|88/100
|move|p2a: Incineroar|Flare Blitz|p1a: Kingambit
|-activate|p1a: Kingambit|move: Protect
|cant|p2b: Weezing|flinch
|
|-fieldend|Misty Terrain
|upkeep
|turn|6
|
|t:|1756379310
|move|p1b: Sneasler|Dire Claw|p2b: Weezing
|-damage|p2b: Weezing|67/100
|-status|p2b: Weezing|par
|move|p2a: Incineroar|Flare Blitz|p1a: Kingambit
|-damage|p1a: Kingambit|23/100
|-damage|p2a: Incineroar|87/100|[from] Recoil
|move|p1a: Kingambit|Kowtow Cleave|p2b: Weezing
|-resisted|p2b: Weezing
|-damage|p2b: Weezing|0 fnt
|faint|p2b: Weezing
|
|upkeep
|turn|7
|
|t:|1756379326
|switch|p1b: Dragonite|Dragonite, L50, M|100/100
|move|p1a: Kingambit|Protect|p1a: Kingambit
|-singleturn|p1a: Kingambit|Protect
|move|p2a: Incineroar|Flare Blitz|p1a: Kingambit
|-activate|p1a: Kingambit|move: Protect
|
|upkeep
|turn|8
|-message|dr_sugus_vgc forfeited.
|
|win|Frakub
|raw|Frakub's rating: 1212 → 1234(+22 for winning)
|raw|dr_sugus_vgc's rating: 1176 → 1154(-22 for losing)
|l|☆dr_sugus_vgc
|player|p2|
|c|☆Frakub|gg
