|j|☆TheLeoj
|j|☆pandarsa
|html|TheLeojpandarsa    
|uhtml|bestof|Game 2 of a best-of-3
|t:|1784956275
|gametype|doubles
|player|p1|TheLeoj|hiker-gen4|1119
|player|p2|pandarsa|cynthia-gen4|1193
|gen|9
|tier|[Gen 9 Champions] VGC 2026 Reg M-B (Bo3)
|rated|
|rule|Species Clause: Limit one of each Pokémon
|rule|Item Clause: Limit 1 of each item
|clearpoke
|poke|p1|Gengar, L50, M, shiny|
|poke|p1|Grimmsnarl, L50, M, shiny|
|poke|p1|Incineroar, L50, M, shiny|
|poke|p1|Politoed, L50, M, shiny|
|poke|p1|Sinistcha, L50, shiny|
|poke|p1|Floette-Eternal, L50, F|
|poke|p2|Raichu, L50, M|
|poke|p2|Aerodactyl, L50, M|
|poke|p2|Sinistcha, L50|
|poke|p2|Sylveon, L50, F|
|poke|p2|Arcanine-Hisui, L50, M|
|poke|p2|Tsareena, L50, F|
|teampreview|4
|showteam|p1|Gengar||Gengarite|CursedBody|ShadowBall,PerishSong,Disable,Protect|Timid||M|||50|]Grimmsnarl||LightClay|Prankster|Reflect,LightScreen,FakeOut,PartingShot|Sassy||M|||50|]Incineroar||PasshoBerry|Intimidate|FakeOut,Snarl,Protect,PartingShot|Relaxed||M|||50|]Politoed||SitrusBerry|Drizzle|PerishSong,Encore,Protect,MuddyWater|Calm||M|||50|]Sinistcha||ColburBerry|Hospitality|StrengthSap,MatchaGotcha,Protect,RagePowder|Relaxed|||||50|]Floette-Eternal||Floettite|FlowerVeil|Moonblast,DrainingKiss,Protect,CalmMind|Timid||F|||50|
|showteam|p2|Raichu||RaichuniteY|LightningRod|ZapCannon,FocusBlast,FakeOut,Protect|Timid||M|||50|]Aerodactyl||LifeOrb|Unnerve|DualWingbeat,RockSlide,WideGuard,Tailwind|Jolly||M|||50|]Sinistcha||ColburBerry|Hospitality|MatchaGotcha,RagePowder,TrickRoom,Protect|Bold|||||50|]Sylveon||FairyFeather|Pixilate|HyperVoice,HyperBeam,CalmMind,Detect|Modest||F|||50|]Arcanine-Hisui||FocusSash|Intimidate|FlareBlitz,RockSlide,ExtremeSpeed,Protect|Jolly||M|||50|]Tsareena||WideLens|QueenlyMajesty|HighJumpKick,PowerWhip,TripleAxel,KnockOff|Adamant||F|||50|
|inactive|Battle timer is ON: inactive players will automatically lose when time's up. (requested by pandarsa)
|inactive|TheLeoj also wants the timer to be on.
|inactive|TheLeoj has 60 seconds left.
|
|t:|1784956317
|teamsize|p1|4
|teamsize|p2|4
|start
|switch|p1a: Floette|Floette-Eternal, L50, F|100/100
|switch|p1b: Grimmsnarl|Grimmsnarl, L50, M, shiny|100/100
|switch|p2a: Raichu|Raichu, L50, M|100/100
|switch|p2b: Tsareena|Tsareena, L50, F|100/100
|turn|1
|
|t:|1784956341
|detailschange|p2a: Raichu|Raichu-Mega-Y, L50, M
|-mega|p2a: Raichu|Raichu|Raichunite Y
|detailschange|p1a: Floette|Floette-Mega, L50, F
|-mega|p1a: Floette|Floette|Floettite
|-ability|p1a: Floette|Fairy Aura
|move|p1a: Floette|Protect|p1a: Floette
|-singleturn|p1a: Floette|Protect
|move|p2a: Raichu|Fake Out|p1b: Grimmsnarl
|-damage|p1b: Grimmsnarl|92/100
|cant|p1b: Grimmsnarl|flinch
|move|p2b: Tsareena|Power Whip|p1a: Floette
|-activate|p1a: Floette|move: Protect
|
|upkeep
|turn|2
|
|t:|1784956366
|switch|p1a: Sinistcha|Sinistcha, L50, shiny|100/100
|-heal|p1b: Grimmsnarl|100/100|[from] ability: Hospitality|[of] p1a: Sinistcha
|move|p1b: Grimmsnarl|Light Screen|p1b: Grimmsnarl
|-sidestart|p1: TheLeoj|move: Light Screen
|move|p2a: Raichu|Zap Cannon|p1a: Sinistcha
|-resisted|p1a: Sinistcha|1
|-damage|p1a: Sinistcha|78/100
|-status|p1a: Sinistcha|par
|move|p2b: Tsareena|Power Whip|p1a: Sinistcha
|-resisted|p1a: Sinistcha|1
|-damage|p1a: Sinistcha|55/100 par
|
|upkeep
|turn|3
|inactive|TheLeoj has 30 seconds left.
|
|t:|1784956396
|move|p1b: Grimmsnarl|Reflect|p1b: Grimmsnarl
|-sidestart|p1: TheLeoj|Reflect
|move|p2a: Raichu|Zap Cannon|p1b: Grimmsnarl
|-damage|p1b: Grimmsnarl|64/100
|-status|p1b: Grimmsnarl|par
|move|p2b: Tsareena|Triple Axel|p1a: Sinistcha
|-supereffective|p1a: Sinistcha|1
|-damage|p1a: Sinistcha|46/100 par
|-supereffective|p1a: Sinistcha|1
|-damage|p1a: Sinistcha|31/100 par
|-supereffective|p1a: Sinistcha|1
|-damage|p1a: Sinistcha|10/100 par
|-hitcount|p1a: Sinistcha|3
|move|p1a: Sinistcha|Strength Sap|p2b: Tsareena
|-unboost|p2b: Tsareena|atk|1
|-heal|p1a: Sinistcha|100/100 par
|
|upkeep
|turn|4
|inactive|pandarsa has 30 seconds left.
|
|t:|1784956425
|switch|p2b: Sylveon|Sylveon, L50, F|100/100
|move|p1b: Grimmsnarl|Parting Shot|p2a: Raichu
|-unboost|p2a: Raichu|atk|1
|-unboost|p2a: Raichu|spa|1
|
|t:|1784956431
|switch|p1b: Floette|Floette-Mega, L50, F|100/100|[from] Parting Shot
|-ability|p1b: Floette|Fairy Aura
|move|p2a: Raichu|Zap Cannon|p1b: Floette
|-damage|p1b: Floette|76/100
|-status|p1b: Floette|par
|move|p1a: Sinistcha|Strength Sap|p2b: Sylveon
|-unboost|p2b: Sylveon|atk|1
|
|upkeep
|turn|5
|
|t:|1784956452
|switch|p2a: Sinistcha|Sinistcha, L50|100/100
|move|p1a: Sinistcha|Rage Powder|p1a: Sinistcha
|-singleturn|p1a: Sinistcha|move: Rage Powder
|move|p1b: Floette|Calm Mind|p1b: Floette
|-boost|p1b: Floette|spa|1
|-boost|p1b: Floette|spd|1
|move|p2b: Sylveon|Calm Mind|p2b: Sylveon
|-boost|p2b: Sylveon|spa|1
|-boost|p2b: Sylveon|spd|1
|
|upkeep
|turn|6
|inactive|TheLeoj has 30 seconds left.
|inactive|pandarsa has 30 seconds left.
|
|t:|1784956485
|move|p1a: Sinistcha|Rage Powder|p1a: Sinistcha
|-singleturn|p1a: Sinistcha|move: Rage Powder
|move|p2a: Sinistcha|Matcha Gotcha|p1b: Floette|[spread] p1b
|-miss|p2a: Sinistcha|p1a: Sinistcha
|-damage|p1b: Floette|66/100 par
|move|p1b: Floette|Calm Mind|p1b: Floette
|-boost|p1b: Floette|spa|1
|-boost|p1b: Floette|spd|1
|move|p2b: Sylveon|Calm Mind|p2b: Sylveon
|-boost|p2b: Sylveon|spa|1
|-boost|p2b: Sylveon|spd|1
|
|upkeep
|turn|7
|
|t:|1784956502
|switch|p1a: Politoed|Politoed, L50, M, shiny|100/100
|-weather|RainDance|[from] ability: Drizzle|[of] p1a: Politoed
|move|p2a: Sinistcha|Matcha Gotcha|p1a: Politoed|[spread] p1a,p1b
|-supereffective|p1a: Politoed|1
|-damage|p1a: Politoed|75/100
|-damage|p1b: Floette|59/100 par
|move|p1b: Floette|Calm Mind|p1b: Floette
|-boost|p1b: Floette|spa|1
|-boost|p1b: Floette|spd|1
|move|p2b: Sylveon|Calm Mind|p2b: Sylveon
|-boost|p2b: Sylveon|spa|1
|-boost|p2b: Sylveon|spd|1
|
|-weather|RainDance|[upkeep]
|upkeep
|turn|8
|
|t:|1784956521
|switch|p2a: Tsareena|Tsareena, L50, F|100/100
|move|p1a: Politoed|Encore|p2b: Sylveon
|-start|p2b: Sylveon|Encore
|move|p1b: Floette|Calm Mind|p1b: Floette
|-boost|p1b: Floette|spa|1
|-boost|p1b: Floette|spd|1
|move|p2b: Sylveon|Calm Mind|p2b: Sylveon
|-boost|p2b: Sylveon|spa|1
|-boost|p2b: Sylveon|spd|1
|
|-weather|RainDance|[upkeep]
|upkeep
|turn|9
|
|t:|1784956534
|switch|p1a: Sinistcha|Sinistcha, L50, shiny|100/100 par
|-heal|p1b: Floette|84/100 par|[from] ability: Hospitality|[of] p1a: Sinistcha
|move|p1b: Floette|Protect|p1b: Floette
|-singleturn|p1b: Floette|Protect
|move|p2a: Tsareena|Power Whip|p1b: Floette
|-activate|p1b: Floette|move: Protect
|move|p2b: Sylveon|Calm Mind|p2b: Sylveon
|-boost|p2b: Sylveon|spa|1
|-boost|p2b: Sylveon|spd|1
|
|-weather|RainDance|[upkeep]
|-sideend|p1: TheLeoj|move: Light Screen
|upkeep
|turn|10
|inactive|pandarsa has 30 seconds left.
|inactive|pandarsa has 20 seconds left.
|
|t:|1784956573
|move|p1a: Sinistcha|Rage Powder|p1a: Sinistcha
|-singleturn|p1a: Sinistcha|move: Rage Powder
|move|p2a: Tsareena|Triple Axel|p1a: Sinistcha
|-supereffective|p1a: Sinistcha|1
|-damage|p1a: Sinistcha|91/100 par
|-supereffective|p1a: Sinistcha|1
|-damage|p1a: Sinistcha|75/100 par
|-supereffective|p1a: Sinistcha|1
|-damage|p1a: Sinistcha|53/100 par
|-hitcount|p1a: Sinistcha|3
|move|p1b: Floette|Draining Kiss|p2a: Tsareena
|-damage|p2a: Tsareena|0 fnt
|-heal|p1b: Floette|100/100 par|[from] drain|[of] p2a: Tsareena
|faint|p2a: Tsareena
|move|p2b: Sylveon|Calm Mind|p2b: Sylveon
|-boost|p2b: Sylveon|spa|1
|-boost|p2b: Sylveon|spd|1
|
|-weather|RainDance|[upkeep]
|-end|p2b: Sylveon|Encore
|-sideend|p1: TheLeoj|Reflect
|upkeep
|
|t:|1784956582
|switch|p2a: Raichu|Raichu-Mega-Y, L50, M|100/100
|turn|11
|
|t:|1784956603
|move|p1b: Floette|Protect|p1b: Floette
|-singleturn|p1b: Floette|Protect
|move|p2a: Raichu|Fake Out|p1b: Floette
|-activate|p1b: Floette|move: Protect
|move|p2b: Sylveon|Hyper Voice|p1b: Floette|[spread] p1a
|-activate|p1b: Floette|move: Protect
|-damage|p1a: Sinistcha|0 fnt
|faint|p1a: Sinistcha
|
|-weather|none
|upkeep
|
|t:|1784956613
|switch|p1a: Grimmsnarl|Grimmsnarl, L50, M, shiny|64/100 par
|turn|12
|
|t:|1784956634
|move|p2a: Raichu|Protect|p2a: Raichu
|-singleturn|p2a: Raichu|Protect
|move|p1a: Grimmsnarl|Fake Out|p2b: Sylveon
|-damage|p2b: Sylveon|86/100
|move|p1b: Floette|Draining Kiss|p2a: Raichu
|-activate|p2a: Raichu|move: Protect
|cant|p2b: Sylveon|flinch
|
|upkeep
|turn|13
|
|t:|1784956643
|switch|p2a: Sinistcha|Sinistcha, L50|100/100
|-heal|p2b: Sylveon|100/100|[from] ability: Hospitality|[of] p2a: Sinistcha
|move|p1a: Grimmsnarl|Parting Shot|p2b: Sylveon
|-unboost|p2b: Sylveon|atk|1
|-unboost|p2b: Sylveon|spa|1
|
|t:|1784956650
|switch|p1a: Politoed|Politoed, L50, M, shiny|75/100|[from] Parting Shot
|-weather|RainDance|[from] ability: Drizzle|[of] p1a: Politoed
|move|p1b: Floette|Draining Kiss|p2b: Sylveon
|-damage|p2b: Sylveon|79/100
|move|p2b: Sylveon|Hyper Voice|p1b: Floette|[spread] p1a,p1b
|-damage|p1a: Politoed|0 fnt
|-damage|p1b: Floette|38/100 par
|faint|p1a: Politoed
|
|-weather|RainDance|[upkeep]
|upkeep
|
|t:|1784956660
|switch|p1a: Grimmsnarl|Grimmsnarl, L50, M, shiny|64/100 par
|turn|14
|
|t:|1784956666
|move|p1a: Grimmsnarl|Fake Out|p2b: Sylveon
|-damage|p2b: Sylveon|66/100
|move|p2a: Sinistcha|Rage Powder|p2a: Sinistcha
|-singleturn|p2a: Sinistcha|move: Rage Powder
|move|p1b: Floette|Moonblast|p2a: Sinistcha
|-damage|p2a: Sinistcha|0 fnt
|faint|p2a: Sinistcha
|cant|p2b: Sylveon|flinch
|
|-weather|RainDance|[upkeep]
|upkeep
|
|t:|1784956669
|switch|p2a: Raichu|Raichu-Mega-Y, L50, M|100/100
|turn|15
|
|t:|1784956678
|move|p1b: Floette|Protect|p1b: Floette
|-singleturn|p1b: Floette|Protect
|move|p2a: Raichu|Fake Out|p1a: Grimmsnarl
|-damage|p1a: Grimmsnarl|55/100 par
|cant|p1a: Grimmsnarl|flinch
|move|p2b: Sylveon|Hyper Voice|p1a: Grimmsnarl|[spread] p1a
|-activate|p1b: Floette|move: Protect
|-supereffective|p1a: Grimmsnarl|1
|-damage|p1a: Grimmsnarl|0 fnt
|faint|p1a: Grimmsnarl
|
|-weather|RainDance|[upkeep]
|upkeep
|turn|16
|
|t:|1784956684
|move|p2a: Raichu|Zap Cannon|p1b: Floette
|-damage|p1b: Floette|21/100 par
|move|p1b: Floette|Moonblast|p2b: Sylveon
|-damage|p2b: Sylveon|22/100
|move|p2b: Sylveon|Hyper Voice|p1b: Floette
|-damage|p1b: Floette|0 fnt
|faint|p1b: Floette
|
|win|pandarsa
|raw|TheLeoj's rating: 1119 → 1099(-20 for losing)
|raw|pandarsa's rating: 1193 → 1213(+20 for winning)
