|j|☆spellbreakvgc
|j|☆SongokuVG Fr
|html|spellbreakvgcSongokuVG Fr    
|uhtml|bestof|Game 2 of a best-of-3
|t:|1756218440
|gametype|doubles
|player|p1|spellbreakvgc|lance|1217
|player|p2|SongokuVG Fr|lucian|1258
|gen|9
|tier|[Gen 9] VGC 2025 Reg H (Bo3)
|rated|
|rule|Species Clause: Limit one of each Pokémon
|rule|Item Clause: Limit 1 of each item
|clearpoke
|poke|p1|Whimsicott, L50, M|
|poke|p1|Typhlosion-Hisui, L50, M|
|poke|p1|Dragapult, L50, M|
|poke|p1|Electabuzz, L50, M|
|poke|p1|Torkoal, L50, F|
|poke|p1|Lilligant-Hisui, L50, F|
|poke|p2|Ursaluna, L50, F|
|poke|p2|Gholdengo, L50|
|poke|p2|Incineroar, L50, M|
|poke|p2|Porygon2, L50|
|poke|p2|Kilowattrel, L50, F|
|poke|p2|Amoonguss, L50, F|
|teampreview|4
|showteam|p1|Whimsicott||CovertCloak|Prankster|Tailwind,SunnyDay,Encore,Moonblast|||M|||50|,,,,,Ghost]Typhlosion-Hisui||ChoiceSpecs|Blaze|Eruption,HeatWave,ShadowBall,Overheat|||M|||50|,,,,,Fire]Dragapult||ChoiceBand|ClearBody|DragonDarts,Outrage,SuckerPunch,Uturn|||M|||50|,,,,,Dragon]Electabuzz||Eviolite|VitalSpirit|VoltSwitch,FollowMe,Feint,Protect|||M|||50|,,,,,Ghost]Torkoal||LifeOrb|Drought|Eruption,HeatWave,WeatherBall,Protect|||F|||50|,,,,,Fire]Lilligant-Hisui||FocusSash|Chlorophyll|CloseCombat,SleepPowder,AfterYou,LeafBlade|||F|||50|,,,,,Ghost
|showteam|p2|Ursaluna||FlameOrb|Guts|Earthquake,Facade,HeadlongRush,Protect|||F|||50|,,,,,Ghost]Gholdengo||MetalCoat|GoodasGold|MakeItRain,ShadowBall,NastyPlot,Protect||||||50|,,,,,Water]Incineroar||SafetyGoggles|Intimidate|FakeOut,FlareBlitz,KnockOff,PartingShot|||M|||50|,,,,,Ghost]Porygon2||Eviolite|Download|TeraBlast,TrickRoom,Recover,IceBeam||||||50|,,,,,Fighting]Kilowattrel||FocusSash|Competitive|Tailwind,Protect,Thunderbolt,AirSlash|||F|||50|,,,,,Ghost]Amoonguss||SitrusBerry|Regenerator|Spore,RagePowder,PollenPuff,Protect|||F|||50|,,,,,Water
|inactive|Battle timer is ON: inactive players will automatically lose when time's up. (requested by SongokuVG Fr)
|inactive|spellbreakvgc has 60 seconds left.
|
|t:|1756218501
|teamsize|p1|4
|teamsize|p2|4
|start
|switch|p1a: Typhlosion|Typhlosion-Hisui, L50, M|100/100
|switch|p1b: Dragapult|Dragapult, L50, M|100/100
|switch|p2a: Kilowattrel|Kilowattrel, L50, F|100/100
|switch|p2b: Gholdengo|Gholdengo, L50|100/100
|turn|1
|
|t:|1756218521
|-terastallize|p2b: Gholdengo|Water
|-terastallize|p1a: Typhlosion|Fire
|move|p1b: Dragapult|Dragon Darts|p2a: Kilowattrel
|-damage|p2a: Kilowattrel|34/100
|-anim|p1b: Dragapult|Dragon Darts|p2b: Gholdengo
|-damage|p2b: Gholdengo|61/100
|move|p2a: Kilowattrel|Tailwind|p2a: Kilowattrel
|-sidestart|p2: SongokuVG Fr|move: Tailwind
|move|p2b: Gholdengo|Shadow Ball|p1a: Typhlosion
|-damage|p1a: Typhlosion|44/100
|move|p1a: Typhlosion|Heat Wave|p2b: Gholdengo|[spread] p2a,p2b
|-resisted|p2b: Gholdengo
|-damage|p2a: Kilowattrel|0 fnt
|-damage|p2b: Gholdengo|15/100
|faint|p2a: Kilowattrel
|
|upkeep
|
|t:|1756218537
|switch|p2a: Incineroar|Incineroar, L50, M|100/100
|-ability|p2a: Incineroar|Intimidate|boost
|-unboost|p1a: Typhlosion|atk|1
|-fail|p1b: Dragapult|unboost|[from] ability: Clear Body|[of] p1b: Dragapult
|turn|2
|
|t:|1756218550
|switch|p1a: Torkoal|Torkoal, L50, F|100/100
|-weather|SunnyDay|[from] ability: Drought|[of] p1a: Torkoal
|move|p2b: Gholdengo|Shadow Ball|p1b: Dragapult
|-supereffective|p1b: Dragapult
|-damage|p1b: Dragapult|0 fnt
|faint|p1b: Dragapult
|move|p2a: Incineroar|Knock Off|p1a: Torkoal
|-damage|p1a: Torkoal|73/100
|-enditem|p1a: Torkoal|Life Orb|[from] move: Knock Off|[of] p2a: Incineroar
|
|-weather|SunnyDay|[upkeep]
|upkeep
|
|t:|1756218560
|switch|p1b: Lilligant|Lilligant-Hisui, L50, F|100/100
|turn|3
|
|t:|1756218582
|move|p2b: Gholdengo|Protect|p2b: Gholdengo
|-singleturn|p2b: Gholdengo|Protect
|move|p1b: Lilligant|Close Combat|p2a: Incineroar
|-supereffective|p2a: Incineroar
|-damage|p2a: Incineroar|17/100
|-unboost|p1b: Lilligant|def|1
|-unboost|p1b: Lilligant|spd|1
|move|p2a: Incineroar|Parting Shot|p1a: Torkoal
|-unboost|p1a: Torkoal|atk|1
|-unboost|p1a: Torkoal|spa|1
|
|t:|1756218593
|switch|p2a: Ursaluna|Ursaluna, L50, F|100/100|[from] Parting Shot
|move|p1a: Torkoal|Heat Wave|p2a: Ursaluna|[spread] p2a
|-activate|p2b: Gholdengo|move: Protect
|-damage|p2a: Ursaluna|71/100
|
|-weather|SunnyDay|[upkeep]
|-status|p2a: Ursaluna|brn|[from] item: Flame Orb
|upkeep
|turn|4
|
|t:|1756218616
|move|p1b: Lilligant|Leaf Blade|p2b: Gholdengo
|-supereffective|p2b: Gholdengo
|-damage|p2b: Gholdengo|0 fnt
|faint|p2b: Gholdengo
|move|p2a: Ursaluna|Earthquake|p1b: Lilligant|[spread] p1a,p1b
|-supereffective|p1a: Torkoal
|-resisted|p1b: Lilligant
|-damage|p1a: Torkoal|0 fnt
|-damage|p1b: Lilligant|25/100
|faint|p1a: Torkoal
|
|-weather|SunnyDay|[upkeep]
|-damage|p2a: Ursaluna|65/100 brn|[from] brn
|-sideend|p2: SongokuVG Fr|move: Tailwind
|upkeep
|
|t:|1756218627
|switch|p2b: Incineroar|Incineroar, L50, M|17/100
|switch|p1a: Typhlosion|Typhlosion-Hisui, L50, M, tera:Fire|44/100
|-ability|p2b: Incineroar|Intimidate|boost
|-unboost|p1a: Typhlosion|atk|1
|-unboost|p1b: Lilligant|atk|1
|turn|5
|
|t:|1756218644
|move|p2b: Incineroar|Fake Out|p1a: Typhlosion
|-damage|p1a: Typhlosion|29/100
|move|p1b: Lilligant|Close Combat|p2a: Ursaluna
|-supereffective|p2a: Ursaluna
|-damage|p2a: Ursaluna|13/100 brn
|-unboost|p1b: Lilligant|def|1
|-unboost|p1b: Lilligant|spd|1
|cant|p1a: Typhlosion|flinch
|move|p2a: Ursaluna|Earthquake|p1a: Typhlosion|[spread] p2b,p1a,p1b
|-supereffective|p2b: Incineroar
|-supereffective|p1a: Typhlosion
|-resisted|p1b: Lilligant
|-damage|p2b: Incineroar|0 fnt
|-damage|p1a: Typhlosion|0 fnt
|-damage|p1b: Lilligant|0 fnt
|faint|p2b: Incineroar
|faint|p1a: Typhlosion
|faint|p1b: Lilligant
|
|win|SongokuVG Fr
