|j|☆ultraclaw1
|j|☆r4ka
|html|ultraclaw1r4ka    
|uhtml|bestof|Game 1 of a best-of-3
|t:|1756149869
|gametype|doubles
|player|p1|ultraclaw1|alder|1091
|player|p2|r4ka|170|1096
|gen|9
|tier|[Gen 9] VGC 2025 Reg H (Bo3)
|rated|
|rule|Species Clause: Limit one of each Pokémon
|rule|Item Clause: Limit 1 of each item
|clearpoke
|poke|p1|Excadrill, L50, M|
|poke|p1|Tyranitar, L50, F|
|poke|p1|Sneasler, L50, F|
|poke|p1|Indeedee, L50, M|
|poke|p1|Corviknight, L50, M|
|poke|p1|Magmar, L50, F|
|poke|p2|Rillaboom, L50, F|
|poke|p2|Dragonite, L50, M|
|poke|p2|Sneasler, L50, M|
|poke|p2|Kingambit, L50, M|
|poke|p2|Electabuzz, L50, M|
|poke|p2|Volcarona, L50, F|
|teampreview|4
|showteam|p1|Excadrill||FocusSash|SandRush|IronHead,Earthquake,HighHorsepower,Protect|||M|||50|,,,,,Stellar]Tyranitar||AssaultVest|SandStream|RockSlide,KnockOff,TeraBlast,LowKick|||F|||50|,,,,,Flying]Sneasler||PsychicSeed|Unburden|DireClaw,CloseCombat,ThroatChop,Protect|||F|||50|,,,,,Dark]Indeedee||ChoiceScarf|PsychicSurge|ExpandingForce,TeraBlast,Trick,Protect|||M|||50|,,,,,Psychic]Corviknight||Leftovers|MirrorArmor|BraveBird,BulkUp,Roost,Tailwind|||M|||50|,,,,,Dragon]Magmar||Eviolite|VitalSpirit|HeatWave,FollowMe,WillOWisp,Protect|||F|||50|,,,,,Flying
|showteam|p2|Rillaboom||AssaultVest|GrassySurge|FakeOut,Uturn,WoodHammer,GrassyGlide|||F|||50|,,,,,Fire]Dragonite||LoadedDice|Multiscale|ExtremeSpeed,ScaleShot,Protect,Haze|||M|||50|,,,,,Fairy]Sneasler||FocusSash|PoisonTouch|DireClaw,CloseCombat,FakeOut,Coaching|||M|||50|,,,,,Stellar]Kingambit||BlackGlasses|Defiant|KowtowCleave,SuckerPunch,SwordsDance,Protect|||M|||50|,,,,,Dark]Electabuzz||Eviolite|VitalSpirit|Thunderbolt,Taunt,Protect,FollowMe|||M|||50|,,,,,Ghost]Volcarona||Leftovers|FlameBody|HeatWave,TeraBlast,QuiverDance,Protect|||F|||50|,,,,,Fairy
|inactive|Battle timer is ON: inactive players will automatically lose when time's up. (requested by ultraclaw1)
|j| Bridaine 31
|inactive|r4ka has 60 seconds left.
|
|t:|1756149903
|teamsize|p1|4
|teamsize|p2|4
|start
|switch|p1a: Sneasler|Sneasler, L50, F|100/100
|switch|p1b: Indeedee|Indeedee, L50, M|100/100
|switch|p2a: Rillaboom|Rillaboom, L50, F|100/100
|switch|p2b: Sneasler|Sneasler, L50, M|100/100
|-fieldstart|move: Psychic Terrain|[from] ability: Psychic Surge|[of] p1b: Indeedee
|-enditem|p1a: Sneasler|Psychic Seed
|-boost|p1a: Sneasler|spd|1|[from] item: Psychic Seed
|-fieldstart|move: Grassy Terrain|[from] ability: Grassy Surge|[of] p2a: Rillaboom
|turn|1
|inactive|ultraclaw1 has 30 seconds left.
|inactive|r4ka has 30 seconds left.
|
|t:|1756149936
|move|p1a: Sneasler|Protect|p1a: Sneasler
|-singleturn|p1a: Sneasler|Protect
|move|p1b: Indeedee|Protect|p1b: Indeedee
|-singleturn|p1b: Indeedee|Protect
|move|p2b: Sneasler|Fake Out|p1a: Sneasler
|-activate|p1a: Sneasler|move: Protect
|move|p2a: Rillaboom|U-turn|p1b: Indeedee
|-activate|p1b: Indeedee|move: Protect
|
|upkeep
|turn|2
|
|t:|1756149958
|switch|p1b: Tyranitar|Tyranitar, L50, F|100/100
|-weather|Sandstorm|[from] ability: Sand Stream|[of] p1b: Tyranitar
|switch|p2b: Kingambit|Kingambit, L50, M|100/100
|move|p1a: Sneasler|Dire Claw|p2a: Rillaboom
|-supereffective|p2a: Rillaboom
|-damage|p2a: Rillaboom|15/100
|-status|p2a: Rillaboom|psn
|move|p2a: Rillaboom|U-turn|p1b: Tyranitar
|-supereffective|p1b: Tyranitar
|-damage|p1b: Tyranitar|58/100
|
|t:|1756149970
|switch|p2a: Dragonite|Dragonite, L50, M|100/100|[from] U-turn
|
|-weather|Sandstorm|[upkeep]
|-damage|p1a: Sneasler|95/100|[from] Sandstorm
|-damage|p2a: Dragonite|95/100|[from] Sandstorm
|-heal|p1a: Sneasler|100/100|[from] Grassy Terrain
|-heal|p1b: Tyranitar|64/100|[from] Grassy Terrain
|upkeep
|turn|3
|
|t:|1756149990
|move|p2b: Kingambit|Protect|p2b: Kingambit
|-singleturn|p2b: Kingambit|Protect
|move|p1a: Sneasler|Close Combat|p2b: Kingambit
|-activate|p2b: Kingambit|move: Protect
|move|p2a: Dragonite|Scale Shot|p1a: Sneasler
|-damage|p1a: Sneasler|74/100
|-damage|p1a: Sneasler|49/100
|-damage|p1a: Sneasler|21/100
|-damage|p1a: Sneasler|0 fnt
|faint|p1a: Sneasler
|-hitcount|p1: Sneasler|4
|-unboost|p2a: Dragonite|def|1
|-boost|p2a: Dragonite|spe|1
|move|p1b: Tyranitar|Rock Slide|p2a: Dragonite|[spread] p2a
|-activate|p2b: Kingambit|move: Protect
|-supereffective|p2a: Dragonite
|-crit|p2a: Dragonite
|-damage|p2a: Dragonite|0 fnt
|faint|p2a: Dragonite
|
|-weather|Sandstorm|[upkeep]
|-heal|p1b: Tyranitar|70/100|[from] Grassy Terrain
|upkeep
|inactive|r4ka has 30 seconds left.
|inactive|r4ka has 20 seconds left.
|
|t:|1756150028
|switch|p1a: Excadrill|Excadrill, L50, M|100/100
|switch|p2a: Sneasler|Sneasler, L50, M|100/100
|turn|4
|inactive|r4ka has 30 seconds left.
|inactive|r4ka has 20 seconds left.
|inactive|r4ka has 15 seconds left.
|
|t:|1756150072
|-terastallize|p1b: Tyranitar|Flying
|move|p1a: Excadrill|Protect|p1a: Excadrill
|-singleturn|p1a: Excadrill|Protect
|move|p2b: Kingambit|Sucker Punch||[still]
|-fail|p2b: Kingambit
|move|p2a: Sneasler|Close Combat|p1a: Excadrill
|-activate|p1a: Excadrill|move: Protect
|move|p1b: Tyranitar|Rock Slide|p2a: Sneasler|[spread] p2a,p2b
|-resisted|p2a: Sneasler
|-resisted|p2b: Kingambit
|-damage|p2a: Sneasler|79/100
|-damage|p2b: Kingambit|90/100
|
|-weather|Sandstorm|[upkeep]
|-damage|p2a: Sneasler|73/100|[from] Sandstorm
|-damage|p1b: Tyranitar|64/100|[from] Sandstorm
|-heal|p2a: Sneasler|79/100|[from] Grassy Terrain
|-heal|p2b: Kingambit|96/100|[from] Grassy Terrain
|upkeep
|turn|5
|inactive|r4ka has 30 seconds left.
|
|t:|1756150098
|move|p2b: Kingambit|Sucker Punch|p1b: Tyranitar
|-damage|p1b: Tyranitar|22/100
|move|p1a: Excadrill|Earthquake|p2a: Sneasler|[spread] p2a,p2b
|-immune|p1b: Tyranitar
|-supereffective|p2a: Sneasler
|-supereffective|p2b: Kingambit
|-damage|p2a: Sneasler|13/100
|-damage|p2b: Kingambit|63/100
|move|p2a: Sneasler|Close Combat|p1a: Excadrill
|-supereffective|p1a: Excadrill
|-enditem|p1a: Excadrill|Focus Sash
|-damage|p1a: Excadrill|1/100
|-unboost|p2a: Sneasler|def|1
|-unboost|p2a: Sneasler|spd|1
|move|p1b: Tyranitar|Low Kick|p2b: Kingambit
|-supereffective|p2b: Kingambit
|-damage|p2b: Kingambit|0 fnt
|faint|p2b: Kingambit
|
|-weather|Sandstorm|[upkeep]
|-damage|p2a: Sneasler|7/100|[from] Sandstorm
|-damage|p1b: Tyranitar|16/100|[from] Sandstorm
|-heal|p1a: Excadrill|7/100|[from] Grassy Terrain
|-heal|p2a: Sneasler|13/100|[from] Grassy Terrain
|-fieldend|move: Grassy Terrain
|upkeep
|
|t:|1756150118
|switch|p2b: Rillaboom|Rillaboom, L50, F|15/100 psn
|-fieldstart|move: Grassy Terrain|[from] ability: Grassy Surge|[of] p2b: Rillaboom
|turn|6
|
|t:|1756150128
|switch|p1b: Indeedee|Indeedee, L50, M|100/100
|-fieldstart|move: Psychic Terrain|[from] ability: Psychic Surge|[of] p1b: Indeedee
|move|p2b: Rillaboom|Fake Out|p1a: Excadrill
|-activate|p1a: Excadrill|move: Psychic Terrain
|move|p1a: Excadrill|Iron Head|p2a: Sneasler
|-damage|p2a: Sneasler|0 fnt
|faint|p2a: Sneasler
|
|-weather|none
|-damage|p2b: Rillaboom|3/100 psn|[from] psn
|upkeep
|turn|7
|-message|r4ka forfeited.
|
|win|ultraclaw1
||r4ka is ready for game 2.
|l|☆ultraclaw1
|player|p1|
||ultraclaw1 is ready for game 2.
|uhtml|next|Next: Game 2 of 3
