|j|☆SmogonSupervillain
|j|☆Sunnymight
|html|SmogonSupervillainSunnymight    
|uhtml|bestof|Game 1 of a best-of-3
|t:|1756326913
|gametype|doubles
|player|p1|SmogonSupervillain|170|1036
|player|p2|Sunnymight|brawly|1067
|gen|9
|tier|[Gen 9] VGC 2025 Reg H (Bo3)
|rated|
|rule|Species Clause: Limit one of each Pokémon
|rule|Item Clause: Limit 1 of each item
|clearpoke
|poke|p1|Gholdengo, L50|
|poke|p1|Sneasler, L50, M|
|poke|p1|Incineroar, L50, M|
|poke|p1|Amoonguss, L50, M|
|poke|p1|Dragonite, L50, F|
|poke|p1|Ursaluna-Bloodmoon, L50, M|
|poke|p2|Garchomp, L50, M|
|poke|p2|Weezing-Galar, L50, F|
|poke|p2|Archaludon, L50, F|
|poke|p2|Gholdengo, L50|
|poke|p2|Talonflame, L50, F|
|poke|p2|Annihilape, L50, M|
|teampreview|4
|showteam|p1|Gholdengo||LifeOrb|GoodasGold|MakeItRain,ShadowBall,NastyPlot,Protect||||||50|,,,,,Water]Sneasler||FocusSash|PoisonTouch|FakeOut,CloseCombat,DireClaw,Protect|||M|||50|,,,,,Stellar]Incineroar||SafetyGoggles|Intimidate|FakeOut,FlareBlitz,KnockOff,PartingShot|||M|||50|,,,,,Ghost]Amoonguss||SitrusBerry|Regenerator|Spore,RagePowder,PollenPuff,Protect|||M|||50|,,,,,Water]Dragonite||LoadedDice|Multiscale|ScaleShot,Haze,Tailwind,ExtremeSpeed|||F|||50|,,,,,Fairy]Ursaluna-Bloodmoon||AssaultVest|MindsEye|HyperVoice,BloodMoon,EarthPower,VacuumWave|||M|||50|,,,,,Normal
|showteam|p2|Garchomp||LifeOrb|RoughSkin|DragonClaw,Earthquake,StompingTantrum,Protect|||M|||50|,,,,,Ground]Weezing-Galar||FocusSash|NeutralizingGas|Protect,SludgeBomb,Taunt,StrangeSteam|||F|||50|,,,,,Flying]Archaludon||PowerHerb|Sturdy|ElectroShot,Thunderbolt,DracoMeteor,Protect|||F|||50|,,,,,Electric]Gholdengo||ChoiceSpecs|GoodasGold|ShadowBall,DazzlingGleam,PowerGem,MakeItRain||||||50|,,,,,Fairy]Talonflame||CovertCloak|GaleWings|Tailwind,DualWingbeat,WillOWisp,FlareBlitz|||F|||50|,,,,,Stellar]Annihilape||AssaultVest|Defiant|CloseCombat,RageFist,FinalGambit,IcePunch|||M|||50|,,,,,Grass
|inactive|Battle timer is ON: inactive players will automatically lose when time's up. (requested by Sunnymight)
|
|t:|1756326995
|teamsize|p1|4
|teamsize|p2|4
|start
|switch|p1a: Amoonguss|Amoonguss, L50, M|100/100
|switch|p1b: Dragonite|Dragonite, L50, F|100/100
|switch|p2a: Weezing|Weezing-Galar, L50, F|100/100
|switch|p2b: Garchomp|Garchomp, L50, M|100/100
|-ability|p2a: Weezing|Neutralizing Gas
|turn|1
|inactive|Sunnymight has 30 seconds left.
|
|t:|1756327023
|move|p2b: Garchomp|Protect|p2b: Garchomp
|-singleturn|p2b: Garchomp|Protect
|move|p1a: Amoonguss|Rage Powder|p1a: Amoonguss
|-singleturn|p1a: Amoonguss|move: Rage Powder
|move|p1b: Dragonite|Tailwind|p1b: Dragonite
|-sidestart|p1: SmogonSupervillain|move: Tailwind
|move|p2a: Weezing|Taunt|p1a: Amoonguss
|-start|p1a: Amoonguss|move: Taunt
|
|upkeep
|turn|2
|inactive|Sunnymight has 30 seconds left.
|
|t:|1756327049
|-terastallize|p2b: Garchomp|Ground
|move|p1b: Dragonite|Scale Shot|p2b: Garchomp
|-damage|p2b: Garchomp|87/100
|-damage|p2b: Garchomp|71/100
|-damage|p2b: Garchomp|55/100
|-damage|p2b: Garchomp|39/100
|-crit|p2b: Garchomp
|-damage|p2b: Garchomp|18/100
|-hitcount|p2b: Garchomp|5
|-unboost|p1b: Dragonite|def|1
|-boost|p1b: Dragonite|spe|1
|move|p2b: Garchomp|Dragon Claw|p1b: Dragonite
|-supereffective|p1b: Dragonite
|-crit|p1b: Dragonite
|-damage|p1b: Dragonite|0 fnt
|faint|p1b: Dragonite
|-damage|p2b: Garchomp|8/100|[from] item: Life Orb
|move|p2a: Weezing|Sludge Bomb|p1a: Amoonguss
|-damage|p1a: Amoonguss|70/100
|move|p1a: Amoonguss|Pollen Puff|p2a: Weezing
|-resisted|p2a: Weezing
|-damage|p2a: Weezing|93/100
|
|upkeep
|
|t:|1756327064
|switch|p1b: Incineroar|Incineroar, L50, M, shiny|100/100
|turn|3
|
|t:|1756327086
|move|p2b: Garchomp|Protect|p2b: Garchomp
|-singleturn|p2b: Garchomp|Protect
|move|p2a: Weezing|Protect|p2a: Weezing
|-singleturn|p2a: Weezing|Protect
|move|p1b: Incineroar|Fake Out|p2a: Weezing
|-activate|p2a: Weezing|move: Protect
|move|p1a: Amoonguss|Pollen Puff|p2b: Garchomp
|-activate|p2b: Garchomp|move: Protect
|
|upkeep
|turn|4
|inactive|Sunnymight has 30 seconds left.
|inactive|Sunnymight has 20 seconds left.
|
|t:|1756327125
|move|p2b: Garchomp|Stomping Tantrum|p1b: Incineroar
|-supereffective|p1b: Incineroar
|-damage|p1b: Incineroar|0 fnt
|faint|p1b: Incineroar
|-damage|p2b: Garchomp|0 fnt|[from] item: Life Orb
|faint|p2b: Garchomp
|move|p2a: Weezing|Strange Steam|p1a: Amoonguss
|-resisted|p1a: Amoonguss
|-damage|p1a: Amoonguss|55/100
|move|p1a: Amoonguss|Pollen Puff|p2a: Weezing
|-resisted|p2a: Weezing
|-damage|p2a: Weezing|86/100
|
|-end|p1a: Amoonguss|move: Taunt
|-sideend|p1: SmogonSupervillain|move: Tailwind
|upkeep
|
|t:|1756327142
|switch|p2b: Talonflame|Talonflame, L50, F|100/100
|switch|p1b: Ursaluna|Ursaluna-Bloodmoon, L50, M|100/100
|turn|5
|
|t:|1756327162
|-terastallize|p1b: Ursaluna|Normal
|move|p2b: Talonflame|Dual Wingbeat|p1a: Amoonguss
|-supereffective|p1a: Amoonguss
|-damage|p1a: Amoonguss|30/100
|-enditem|p1a: Amoonguss|Sitrus Berry|[eat]
|-heal|p1a: Amoonguss|55/100|[from] item: Sitrus Berry
|-supereffective|p1a: Amoonguss
|-damage|p1a: Amoonguss|31/100
|-hitcount|p1a: Amoonguss|2
|move|p2a: Weezing|Taunt|p1a: Amoonguss
|-start|p1a: Amoonguss|move: Taunt
|move|p1b: Ursaluna|Blood Moon|p2b: Talonflame
|-damage|p2b: Talonflame|0 fnt
|faint|p2b: Talonflame
|cant|p1a: Amoonguss|move: Taunt|Spore
|
|upkeep
|
|t:|1756327176
|switch|p2b: Annihilape|Annihilape, L50, M|100/100
|turn|6
|
|t:|1756327187
|move|p2b: Annihilape|Close Combat|p1b: Ursaluna
|-supereffective|p1b: Ursaluna
|-damage|p1b: Ursaluna|15/100
|-unboost|p2b: Annihilape|def|1
|-unboost|p2b: Annihilape|spd|1
|move|p2a: Weezing|Sludge Bomb|p1b: Ursaluna
|-damage|p1b: Ursaluna|0 fnt
|faint|p1b: Ursaluna
|move|p1a: Amoonguss|Pollen Puff|p1: Ursaluna|[notarget]
|-fail|p1a: Amoonguss
|
|upkeep
|turn|7
|
|t:|1756327204
|move|p2b: Annihilape|Ice Punch|p1a: Amoonguss
|-supereffective|p1a: Amoonguss
|-damage|p1a: Amoonguss|0 fnt
|faint|p1a: Amoonguss
|
|win|Sunnymight
