|j|☆CooledThePubbers
|j|☆Diamondscyther
|html|CooledThePubbersDiamondscyther    
|uhtml|bestof|Game 3 of a best-of-3
|t:|1785420267
|gametype|doubles
|player|p1|CooledThePubbers|2|1337
|player|p2|Diamondscyther|larry|1294
|gen|9
|tier|[Gen 9 Champions] VGC 2026 Reg M-B (Bo3)
|rated|
|rule|Species Clause: Limit one of each Pokémon
|rule|Item Clause: Limit 1 of each item
|clearpoke
|poke|p1|Farigiraf, L50, M|
|poke|p1|Maushold, L50|
|poke|p1|Abomasnow, L50, M|
|poke|p1|Milotic, L50, F|
|poke|p1|Avalugg-Hisui, L50, F|
|poke|p1|Incineroar, L50, F|
|poke|p2|Floette-Eternal, L50, F|
|poke|p2|Kingambit, L50, F|
|poke|p2|Aerodactyl, L50, M|
|poke|p2|Garchomp, L50, F|
|poke|p2|Basculegion, L50, M|
|poke|p2|Arcanine-Hisui, L50, M|
|teampreview|4
|showteam|p1|Farigiraf||ColburBerry|ArmorTail|Thunderbolt,TrickRoom,HelpingHand,Psychic|Bold||M|||50|]Maushold||WideLens|Technician|PopulationBomb,FollowMe,SuperFang,Protect|Jolly|||||50|]Abomasnow||Abomasite|SnowWarning|Blizzard,EnergyBall,EarthPower,Protect|Quiet||M|||50|]Milotic||Leftovers|Competitive|MuddyWater,Coil,Hypnosis,Recover|Bold||F|||50|]Avalugg-Hisui||ExpertBelt|StrongJaw|IceSpinner,BodyPress,RockSlide,Protect|Brave||F|||50|]Incineroar||SitrusBerry|Intimidate|PartingShot,FakeOut,FlareBlitz,ThroatChop|Careful||F|||50|
|showteam|p2|Floette-Eternal||Floettite|FlowerVeil|Moonblast,DazzlingGleam,LightofRuin,Protect|Modest||F|||50|]Kingambit||FocusSash|Defiant|KowtowCleave,IronHead,SuckerPunch,LowKick|Adamant||F|||50|]Aerodactyl||Aerodactylite|Unnerve|RockSlide,DualWingbeat,Tailwind,IceFang|Jolly||M|||50|]Garchomp||LifeOrb|RoughSkin|StompingTantrum,DragonClaw,RockSlide,Protect|Jolly||F|||50|]Basculegion||MysticWater|Adaptability|WaveCrash,LastRespects,AquaJet,Protect|Adamant||M|||50|]Arcanine-Hisui||ChoiceScarf|RockHead|FlareBlitz,ExtremeSpeed,HeadSmash,RockSlide|Adamant||M|||50|
|inactive|Battle timer is ON: inactive players will automatically lose when time's up. (requested by CooledThePubbers)
|inactive|Diamondscyther also wants the timer to be on.
|inactive|CooledThePubbers has 60 seconds left.
|
|t:|1785420321
|teamsize|p1|4
|teamsize|p2|4
|start
|switch|p1a: Milotic|Milotic, L50, F|100/100
|switch|p1b: Maushold|Maushold, L50|100/100
|switch|p2a: Basculegion|Basculegion, L50, M|100/100
|switch|p2b: Arcanine|Arcanine-Hisui, L50, M|100/100
|turn|1
|inactive|Diamondscyther has 30 seconds left.
|
|t:|1785420349
|switch|p2b: Kingambit|Kingambit, L50, F|100/100
|move|p1b: Maushold|Protect|p1b: Maushold
|-singleturn|p1b: Maushold|Protect
|move|p2a: Basculegion|Wave Crash|p1b: Maushold
|-activate|p1b: Maushold|move: Protect
|move|p1a: Milotic|Coil|p1a: Milotic
|-boost|p1a: Milotic|atk|1
|-boost|p1a: Milotic|def|1
|-boost|p1a: Milotic|accuracy|1
|
|upkeep
|turn|2
|
|t:|1785420374
|switch|p1b: Abomasnow|Abomasnow, L50, M|100/100
|-weather|Snowscape|[from] ability: Snow Warning|[of] p1b: Abomasnow
|move|p2a: Basculegion|Wave Crash|p1b: Abomasnow
|-resisted|p1b: Abomasnow|1
|-damage|p1b: Abomasnow|63/100
|-damage|p2a: Basculegion|87/100|[from] Recoil
|move|p1a: Milotic|Hypnosis|p2b: Kingambit
|-status|p2b: Kingambit|slp|[from] move: Hypnosis
|cant|p2b: Kingambit|slp
|
|-weather|Snowscape|[upkeep]
|upkeep
|turn|3
|
|t:|1785420393
|detailschange|p1b: Abomasnow|Abomasnow-Mega, L50, M
|-mega|p1b: Abomasnow|Abomasnow|Abomasite
|move|p2a: Basculegion|Protect|p2a: Basculegion
|-singleturn|p2a: Basculegion|Protect
|move|p1a: Milotic|Coil|p1a: Milotic
|-boost|p1a: Milotic|atk|1
|-boost|p1a: Milotic|def|1
|-boost|p1a: Milotic|accuracy|1
|cant|p2b: Kingambit|slp
|move|p1b: Abomasnow|Blizzard|p2b: Kingambit|[spread] p2b
|-activate|p2a: Basculegion|move: Protect
|-resisted|p2b: Kingambit|1
|-damage|p2b: Kingambit|76/100 slp
|
|-weather|Snowscape|[upkeep]
|upkeep
|turn|4
|
|t:|1785420416
|switch|p2a: Arcanine|Arcanine-Hisui, L50, M|100/100
|switch|p1b: Farigiraf|Farigiraf, L50, M|100/100
|move|p1a: Milotic|Muddy Water|p2b: Kingambit|[spread] p2a,p2b
|-supereffective|p2a: Arcanine|2
|-damage|p2a: Arcanine|0 fnt
|-damage|p2b: Kingambit|55/100 slp
|faint|p2a: Arcanine
|-curestatus|p2b: Kingambit|slp|[msg]
|move|p2b: Kingambit|Iron Head|p1b: Farigiraf
|-damage|p1b: Farigiraf|61/100
|
|-weather|Snowscape|[upkeep]
|upkeep
|
|t:|1785420423
|switch|p2a: Floette|Floette-Eternal, L50, F|100/100
|turn|5
|inactive|CooledThePubbers has 30 seconds left.
|
|t:|1785420451
|switch|p1b: Maushold|Maushold, L50|100/100
|detailschange|p2a: Floette|Floette-Mega, L50, F
|-mega|p2a: Floette|Floette|Floettite
|-ability|p2a: Floette|Fairy Aura
|move|p2a: Floette|Moonblast|p1b: Maushold
|-damage|p1b: Maushold|0 fnt
|faint|p1b: Maushold
|move|p1a: Milotic|Hypnosis|p2b: Kingambit
|-status|p2b: Kingambit|slp|[from] move: Hypnosis
|cant|p2b: Kingambit|slp
|
|-weather|Snowscape|[upkeep]
|upkeep
|
|t:|1785420460
|switch|p1b: Farigiraf|Farigiraf, L50, M|61/100
|turn|6
|
|t:|1785420474
|move|p2a: Floette|Moonblast|p1b: Farigiraf
|-damage|p1b: Farigiraf|0 fnt
|faint|p1b: Farigiraf
|move|p1a: Milotic|Muddy Water|p2a: Floette|[spread] p2a,p2b
|-damage|p2a: Floette|80/100
|-damage|p2b: Kingambit|32/100 slp
|-unboost|p2a: Floette|accuracy|1
|cant|p2b: Kingambit|slp
|
|-weather|none
|upkeep
|
|t:|1785420477
|switch|p1b: Abomasnow|Abomasnow-Mega, L50, M|63/100
|-weather|Snowscape|[from] ability: Snow Warning|[of] p1b: Abomasnow
|turn|7
|
|t:|1785420502
|switch|p2a: Basculegion|Basculegion, L50, M|87/100
|move|p1a: Milotic|Muddy Water|p2b: Kingambit|[spread] p2a,p2b
|-resisted|p2a: Basculegion|1
|-damage|p2a: Basculegion|74/100
|-damage|p2b: Kingambit|10/100 slp
|-curestatus|p2b: Kingambit|slp|[msg]
|move|p2b: Kingambit|Iron Head|p1b: Abomasnow
|-supereffective|p1b: Abomasnow|1
|-damage|p1b: Abomasnow|10/100
|move|p1b: Abomasnow|Energy Ball|p2a: Basculegion
|-supereffective|p2a: Basculegion|1
|-damage|p2a: Basculegion|0 fnt
|faint|p2a: Basculegion
|
|-weather|Snowscape|[upkeep]
|upkeep
|
|t:|1785420511
|switch|p2a: Floette|Floette-Mega, L50, F|80/100
|-ability|p2a: Floette|Fairy Aura
|turn|8
|
|t:|1785420519
|move|p1b: Abomasnow|Protect|p1b: Abomasnow
|-singleturn|p1b: Abomasnow|Protect
|move|p2b: Kingambit|Sucker Punch||[still]
|-fail|p2b: Kingambit
|move|p2a: Floette|Dazzling Gleam|p1b: Abomasnow|[spread] p1a
|-activate|p1b: Abomasnow|move: Protect
|-damage|p1a: Milotic|65/100
|move|p1a: Milotic|Hypnosis|p2a: Floette
|-status|p2a: Floette|slp|[from] move: Hypnosis
|
|-weather|Snowscape|[upkeep]
|-heal|p1a: Milotic|71/100|[from] item: Leftovers
|upkeep
|turn|9
|
|t:|1785420531
|move|p1b: Abomasnow|Protect||[still]
|-fail|p1b: Abomasnow
|move|p2b: Kingambit|Sucker Punch||[still]
|-fail|p2b: Kingambit
|cant|p2a: Floette|slp
|move|p1a: Milotic|Muddy Water|p2b: Kingambit|[spread] p2a,p2b
|-damage|p2a: Floette|61/100 slp
|-damage|p2b: Kingambit|0 fnt
|faint|p2b: Kingambit
|
|-weather|Snowscape|[upkeep]
|-heal|p1a: Milotic|77/100|[from] item: Leftovers
|upkeep
|turn|10
|
|t:|1785420537
|cant|p2a: Floette|slp
|move|p1a: Milotic|Muddy Water|p2a: Floette
|-damage|p2a: Floette|35/100 slp
|move|p1b: Abomasnow|Blizzard|p2a: Floette
|-damage|p2a: Floette|0 fnt
|faint|p2a: Floette
|
|win|CooledThePubbers
|raw|CooledThePubbers's rating: 1337 → 1355(+18 for winning)
|raw|Diamondscyther's rating: 1294 → 1272(-22 for losing)
|l|☆Diamondscyther
|player|p2|
