|j|☆CrystalGem02
|j|☆arthur.ayms
|html|CrystalGem02arthur.ayms    
|uhtml|bestof|Game 2 of a best-of-3
|t:|1757856669
|gametype|doubles
|player|p1|CrystalGem02|valerie|1398
|player|p2|arthur.ayms|2|1267
|gen|9
|tier|[Gen 9] VGC 2025 Reg H (Bo3)
|rated|
|rule|Species Clause: Limit one of each Pokémon
|rule|Item Clause: Limit 1 of each item
|clearpoke
|poke|p1|Electabuzz, L50, M|
|poke|p1|Kingambit, L50, F|
|poke|p1|Volcarona, L50, M|
|poke|p1|Dragonite, L50, F|
|poke|p1|Sneasler, L50, M|
|poke|p1|Rillaboom, L50, M|
|poke|p2|Ursaluna-Bloodmoon, L50, M|
|poke|p2|Indeedee, L50, M|
|poke|p2|Decidueye-Hisui, L50, F|
|poke|p2|Talonflame, L50, F|
|poke|p2|Sneasler, L50, M|
|poke|p2|Electabuzz, L50, M|
|teampreview|4
|showteam|p1|Electabuzz||Eviolite|VitalSpirit|Thunderbolt,FollowMe,Taunt,Protect|||M|||50|,,,,,Ghost]Kingambit||BlackGlasses|Defiant|KowtowCleave,SuckerPunch,SwordsDance,Protect|||F|||50|,,,,,Dark]Volcarona||Leftovers|FlameBody|HeatWave,TeraBlast,QuiverDance,Protect|||M|||50|,,,,,Fairy]Dragonite||LoadedDice|Multiscale|ScaleShot,ExtremeSpeed,Haze,Protect|||F|||50|,,,,,Fairy]Sneasler||FocusSash|Unburden|DireClaw,CloseCombat,Coaching,FakeOut|||M|||50|,,,,,Stellar]Rillaboom||AssaultVest|GrassySurge|WoodHammer,GrassyGlide,HighHorsepower,FakeOut|||M|||50|,,,,,Fire
|showteam|p2|Ursaluna-Bloodmoon||LifeOrb|MindsEye|HyperVoice,EarthPower,BloodMoon,Protect|||M|||50|,,,,,Normal]Indeedee||FocusSash|PsychicSurge|ExpandingForce,Imprison,TrickRoom,DazzlingGleam|||M|||50|,,,,,Fairy]Decidueye-Hisui||RazorClaw|Scrappy|TripleArrows,LeafBlade,Haze,Protect|||F|||50|,,,,,Fire]Talonflame||CovertCloak|GaleWings|Tailwind,DualWingbeat,FlareBlitz,SunnyDay|||F|||50|,,,,,Steel]Sneasler||PsychicSeed|Unburden|ThroatChop,DireClaw,CloseCombat,Protect|||M|||50|,,,,,Dark]Electabuzz||Eviolite|VitalSpirit|FollowMe,Electroweb,Taunt,LightScreen|||M|||50|,,,,,Ghost
|inactive|Battle timer is ON: inactive players will automatically lose when time's up. (requested by CrystalGem02)
|inactive|CrystalGem02 has 60 seconds left.
|inactive|arthur.ayms has 60 seconds left.
|
|t:|1757856724
|teamsize|p1|4
|teamsize|p2|4
|start
|switch|p1a: Electabuzz|Electabuzz, L50, M, shiny|100/100
|switch|p1b: Volcarona|Volcarona, L50, M, shiny|100/100
|switch|p2a: Indeedee|Indeedee, L50, M|100/100
|switch|p2b: Ursaluna|Ursaluna-Bloodmoon, L50, M|100/100
|-fieldstart|move: Psychic Terrain|[from] ability: Psychic Surge|[of] p2a: Indeedee
|turn|1
|
|t:|1757856739
|move|p1b: Volcarona|Protect|p1b: Volcarona
|-singleturn|p1b: Volcarona|Protect
|move|p2a: Indeedee|Expanding Force|p1a: Electabuzz|[spread] p1a
|-activate|p1b: Volcarona|move: Protect
|-damage|p1a: Electabuzz|55/100
|move|p1a: Electabuzz|Thunderbolt|p2a: Indeedee
|-damage|p2a: Indeedee|60/100
|move|p2b: Ursaluna|Hyper Voice|p1b: Volcarona|[spread] p1a
|-activate|p1b: Volcarona|move: Protect
|-damage|p1a: Electabuzz|20/100
|-damage|p2b: Ursaluna|91/100|[from] item: Life Orb
|
|upkeep
|turn|2
|inactive|CrystalGem02 has 30 seconds left.
|inactive|CrystalGem02 has 20 seconds left.
|inactive|arthur.ayms has 30 seconds left.
|
|t:|1757856785
|switch|p1a: Rillaboom|Rillaboom, L50, M, shiny|100/100
|-fieldstart|move: Grassy Terrain|[from] ability: Grassy Surge|[of] p1a: Rillaboom
|move|p2a: Indeedee|Expanding Force|p1b: Volcarona
|-damage|p1b: Volcarona|66/100
|move|p1b: Volcarona|Quiver Dance|p1b: Volcarona
|-boost|p1b: Volcarona|spa|1
|-boost|p1b: Volcarona|spd|1
|-boost|p1b: Volcarona|spe|1
|move|p2b: Ursaluna|Blood Moon|p1b: Volcarona
|-damage|p1b: Volcarona|10/100
|-damage|p2b: Ursaluna|81/100|[from] item: Life Orb
|
|-heal|p1b: Volcarona|16/100|[from] Grassy Terrain
|-heal|p1b: Volcarona|22/100|[from] item: Leftovers
|-heal|p2a: Indeedee|66/100|[from] Grassy Terrain
|-heal|p2b: Ursaluna|87/100|[from] Grassy Terrain
|upkeep
|turn|3
|
|t:|1757856807
|switch|p2a: Talonflame|Talonflame, L50, F|100/100
|move|p2b: Ursaluna|Protect|p2b: Ursaluna
|-singleturn|p2b: Ursaluna|Protect
|move|p1b: Volcarona|Heat Wave|p2a: Talonflame|[spread] p2a
|-activate|p2b: Ursaluna|move: Protect
|-resisted|p2a: Talonflame
|-damage|p2a: Talonflame|56/100
|move|p1a: Rillaboom|Wood Hammer|p2b: Ursaluna
|-activate|p2b: Ursaluna|move: Protect
|
|-heal|p1b: Volcarona|29/100|[from] Grassy Terrain
|-heal|p1b: Volcarona|35/100|[from] item: Leftovers
|-heal|p2b: Ursaluna|93/100|[from] Grassy Terrain
|upkeep
|turn|4
|inactive|CrystalGem02 has 30 seconds left.
|
|t:|1757856836
|-terastallize|p2b: Ursaluna|Normal
|move|p1b: Volcarona|Heat Wave|p2a: Talonflame|[spread] p2a,p2b
|-resisted|p2a: Talonflame
|-damage|p2a: Talonflame|17/100
|-damage|p2b: Ursaluna|31/100
|move|p2a: Talonflame|Tailwind|p2a: Talonflame
|-sidestart|p2: arthur.ayms|move: Tailwind
|move|p2b: Ursaluna|Hyper Voice|p1b: Volcarona|[spread] p1a,p1b
|-crit|p1a: Rillaboom
|-damage|p1a: Rillaboom|25/100
|-damage|p1b: Volcarona|0 fnt
|faint|p1b: Volcarona
|-damage|p2b: Ursaluna|21/100|[from] item: Life Orb
|move|p1a: Rillaboom|Wood Hammer|p2b: Ursaluna
|-damage|p2b: Ursaluna|0 fnt
|faint|p2b: Ursaluna
|-damage|p1a: Rillaboom|18/100|[from] Recoil
|
|-heal|p1a: Rillaboom|24/100|[from] Grassy Terrain
|upkeep
|inactive|arthur.ayms has 30 seconds left.
|
|t:|1757856863
|switch|p1b: Dragonite|Dragonite, L50, F, shiny|100/100
|switch|p2b: Indeedee|Indeedee, L50, M|66/100
|-fieldstart|move: Psychic Terrain|[from] ability: Psychic Surge|[of] p2b: Indeedee
|turn|5
|
|t:|1757856878
|switch|p2a: Decidueye|Decidueye-Hisui, L50, F|100/100
|switch|p1a: Electabuzz|Electabuzz, L50, M, shiny|20/100
|move|p2b: Indeedee|Expanding Force|p1b: Dragonite|[spread] p1a,p1b
|-damage|p1a: Electabuzz|0 fnt
|-damage|p1b: Dragonite|72/100
|faint|p1a: Electabuzz
|move|p1b: Dragonite|Scale Shot|p2b: Indeedee
|-damage|p2b: Indeedee|37/100
|-damage|p2b: Indeedee|8/100
|-damage|p2b: Indeedee|0 fnt
|faint|p2b: Indeedee
|-hitcount|p2: Indeedee|3
|-unboost|p1b: Dragonite|def|1
|-boost|p1b: Dragonite|spe|1
|
|upkeep
|
|t:|1757856893
|switch|p2b: Talonflame|Talonflame, L50, F|17/100
|switch|p1a: Rillaboom|Rillaboom, L50, M, shiny|24/100
|-fieldstart|move: Grassy Terrain|[from] ability: Grassy Surge|[of] p1a: Rillaboom
|turn|6
|
|t:|1757856912
|move|p1a: Rillaboom|Fake Out|p2a: Decidueye
|-damage|p2a: Decidueye|85/100
|move|p1b: Dragonite|Extreme Speed|p2b: Talonflame
|-damage|p2b: Talonflame|0 fnt
|faint|p2b: Talonflame
|cant|p2a: Decidueye|flinch
|
|-heal|p2a: Decidueye|91/100|[from] Grassy Terrain
|-heal|p1a: Rillaboom|30/100|[from] Grassy Terrain
|upkeep
|turn|7
|
|t:|1757856927
|move|p2a: Decidueye|Triple Arrows|p1b: Dragonite
|-resisted|p1b: Dragonite
|-damage|p1b: Dragonite|32/100
|move|p1b: Dragonite|Scale Shot|p2a: Decidueye
|-damage|p2a: Decidueye|72/100
|-damage|p2a: Decidueye|54/100
|-damage|p2a: Decidueye|33/100
|-damage|p2a: Decidueye|15/100
|-hitcount|p2a: Decidueye|4
|-unboost|p1b: Dragonite|def|1
|-boost|p1b: Dragonite|spe|1
|move|p1a: Rillaboom|Wood Hammer|p2a: Decidueye
|-resisted|p2a: Decidueye
|-damage|p2a: Decidueye|0 fnt
|faint|p2a: Decidueye
|-damage|p1a: Rillaboom|26/100|[from] Recoil
|
|win|CrystalGem02
|raw|CrystalGem02's rating: 1398 → 1411(+13 for winning)
|raw|arthur.ayms's rating: 1267 → 1251(-16 for losing)
