|j|☆jonen
|j|☆nyakugan
|html|jonennyakugan    
|uhtml|bestof|Game 2 of a best-of-3
|t:|1756927316
|gametype|doubles
|player|p1|jonen|ruinmaniac-gen3|
|player|p2|nyakugan|psychic|
|gen|9
|tier|[Gen 9] VGC 2025 Reg H (Bo3)
|rule|Species Clause: Limit one of each Pokémon
|rule|Item Clause: Limit 1 of each item
|clearpoke
|poke|p1|Garchomp, L50, F|
|poke|p1|Weezing-Galar, L50, M|
|poke|p1|Archaludon, L50, F|
|poke|p1|Gholdengo, L50|
|poke|p1|Talonflame, L50, F|
|poke|p1|Annihilape, L50, F|
|poke|p2|Dragapult, L50, M|
|poke|p2|Sneasler, L50, M|
|poke|p2|Volcarona, L50, F|
|poke|p2|Incineroar, L50, M|
|poke|p2|Rillaboom, L50, M|
|poke|p2|Kingambit, L50, M|
|teampreview|4
|showteam|p1|Garchomp||LifeOrb|RoughSkin|DragonClaw,Earthquake,StompingTantrum,Protect|||F|||50|,,,,,Ground]Weezing-Galar||FocusSash|NeutralizingGas|Protect,SludgeBomb,Taunt,StrangeSteam|||M|||50|,,,,,Flying]Archaludon||PowerHerb|Sturdy|ElectroShot,Thunderbolt,DracoMeteor,Protect|||F|||50|,,,,,Electric]Gholdengo||ChoiceSpecs|GoodasGold|ShadowBall,DazzlingGleam,PowerGem,MakeItRain||||||50|,,,,,Fairy]Talonflame||CovertCloak|GaleWings|Tailwind,DualWingbeat,UpperHand,FlareBlitz|||F|||50|,,,,,Fairy]Annihilape||AssaultVest|Defiant|CloseCombat,RageFist,FinalGambit,IcePunch|||F|||50|,,,,,Grass
|showteam|p2|Dragapult||ChoiceBand|ClearBody|DragonDarts,Outrage,PhantomForce,Uturn|||M|||50|,,,,,Dragon]Sneasler||FocusSash|Unburden|CloseCombat,DireClaw,Coaching,Protect|||M|||50|,,,,,Stellar]Volcarona||GrassySeed|FlameBody|FieryDance,TeraBlast,QuiverDance,Protect|||F|||50|,,,,,Fairy]Incineroar||SafetyGoggles|Intimidate|KnockOff,FakeOut,Taunt,PartingShot|||M|||50|,,,,,Ghost]Rillaboom||AssaultVest|GrassySurge|WoodHammer,GrassyGlide,Uturn,FakeOut|||M|||50|,,,,,Fire]Kingambit||BlackGlasses|Defiant|KowtowCleave,SuckerPunch,SwordsDance,Protect|||M|||50|,,,,,Dark
|
|t:|1756927373
|teamsize|p1|4
|teamsize|p2|4
|start
|switch|p1a: Talonflame|Talonflame, L50, F|100/100
|switch|p1b: Annihilape|Annihilape, L50, F|100/100
|switch|p2a: Volcarona|Volcarona, L50, F|100/100
|switch|p2b: Sneasler|Sneasler, L50, M, shiny|100/100
|turn|1
|inactive|Battle timer is ON: inactive players will automatically lose when time's up. (requested by jonen)
|
|t:|1756927466
|switch|p2b: Dragapult|Dragapult, L50, M, shiny|100/100
|move|p1a: Talonflame|Dual Wingbeat|p2b: Dragapult
|-crit|p2b: Dragapult
|-damage|p2b: Dragapult|69/100
|-damage|p2b: Dragapult|44/100
|-hitcount|p2b: Dragapult|2
|move|p1b: Annihilape|Final Gambit|p2a: Volcarona
|-damage|p2a: Volcarona|0 fnt
|faint|p1b: Annihilape
|faint|p2a: Volcarona
|
|upkeep
|
|t:|1756927485
|switch|p1b: Garchomp|Garchomp, L50, F|100/100
|switch|p2a: Rillaboom|Rillaboom, L50, M|100/100
|-fieldstart|move: Grassy Terrain|[from] ability: Grassy Surge|[of] p2a: Rillaboom
|turn|2
|inactive|nyakugan has 30 seconds left.
|inactive|nyakugan has 20 seconds left.
|inactive|nyakugan has 15 seconds left.
|inactive|nyakugan has 10 seconds left.
|
|t:|1756927530
|-terastallize|p1a: Talonflame|Fairy
|move|p1b: Garchomp|Protect|p1b: Garchomp
|-singleturn|p1b: Garchomp|Protect
|move|p2a: Rillaboom|Fake Out|p1b: Garchomp
|-activate|p1b: Garchomp|move: Protect
|move|p1a: Talonflame|Tailwind|p1a: Talonflame
|-sidestart|p1: jonen|move: Tailwind
|move|p2b: Dragapult|Outrage|p1b: Garchomp
|-activate|p1b: Garchomp|move: Protect
|
|-heal|p2b: Dragapult|50/100|[from] Grassy Terrain
|upkeep
|turn|3
|inactive|nyakugan has 30 seconds left.
|inactive|nyakugan has 20 seconds left.
|
|t:|1756927566
|-terastallize|p2a: Rillaboom|Fire
|move|p1a: Talonflame|Flare Blitz|p2b: Dragapult
|-resisted|p2b: Dragapult
|-crit|p2b: Dragapult
|-damage|p2b: Dragapult|1/100
|-damage|p1a: Talonflame|83/100|[from] Recoil
|move|p1b: Garchomp|Dragon Claw|p2b: Dragapult
|-supereffective|p2b: Dragapult
|-damage|p2b: Dragapult|0 fnt
|faint|p2b: Dragapult
|-damage|p1b: Garchomp|91/100|[from] item: Life Orb
|move|p2a: Rillaboom|Wood Hammer|p1b: Garchomp
|-damage|p1b: Garchomp|10/100
|-damage|p2a: Rillaboom|88/100|[from] ability: Rough Skin|[of] p1b: Garchomp
|-damage|p2a: Rillaboom|63/100|[from] Recoil
|
|-heal|p1a: Talonflame|89/100|[from] Grassy Terrain
|-heal|p1b: Garchomp|16/100|[from] Grassy Terrain
|-heal|p2a: Rillaboom|69/100|[from] Grassy Terrain
|upkeep
|
|t:|1756927584
|switch|p2b: Sneasler|Sneasler, L50, M, shiny|100/100
|turn|4
|
|t:|1756927600
|move|p1a: Talonflame|Upper Hand|p2a: Rillaboom
|-damage|p2a: Rillaboom|51/100
|cant|p2a: Rillaboom|flinch
|move|p1b: Garchomp|Earthquake|p2a: Rillaboom|[spread] p1a,p2a,p2b
|-supereffective|p2a: Rillaboom
|-supereffective|p2b: Sneasler
|-damage|p1a: Talonflame|48/100
|-damage|p2a: Rillaboom|3/100
|-damage|p2b: Sneasler|20/100
|-damage|p1b: Garchomp|7/100|[from] item: Life Orb
|move|p2b: Sneasler|Dire Claw|p1a: Talonflame
|-supereffective|p1a: Talonflame
|-damage|p1a: Talonflame|0 fnt
|faint|p1a: Talonflame
|
|-heal|p1b: Garchomp|13/100|[from] Grassy Terrain
|-heal|p2b: Sneasler|26/100|[from] Grassy Terrain
|-heal|p2a: Rillaboom|9/100|[from] Grassy Terrain
|upkeep
|
|t:|1756927610
|switch|p1a: Gholdengo|Gholdengo, L50|100/100
|turn|5
|
|t:|1756927625
|move|p1b: Garchomp|Stomping Tantrum|p2b: Sneasler
|-supereffective|p2b: Sneasler
|-damage|p2b: Sneasler|0 fnt
|faint|p2b: Sneasler
|-damage|p1b: Garchomp|3/100|[from] item: Life Orb
|move|p1a: Gholdengo|Dazzling Gleam|p2a: Rillaboom
|-resisted|p2a: Rillaboom
|-damage|p2a: Rillaboom|0 fnt
|faint|p2a: Rillaboom
|
|win|jonen
|c|☆nyakugan|gg
|c|☆jonen|gg
