|j|☆Darlgardevoir
|j|☆discordjericho
|html|Darlgardevoirdiscordjericho    
|uhtml|bestof|Game 3 of a best-of-3
|t:|1783102707
|gametype|doubles
|player|p1|Darlgardevoir|cilan|1081
|player|p2|discordjericho|lady|1139
|gen|9
|tier|[Gen 9 Champions] VGC 2026 Reg M-B (Bo3)
|rated|
|rule|Species Clause: Limit one of each Pokémon
|rule|Item Clause: Limit 1 of each item
|clearpoke
|poke|p1|Blaziken, L50, M|
|poke|p1|Aerodactyl, L50, F|
|poke|p1|Kingambit, L50, F|
|poke|p1|Sylveon, L50, F|
|poke|p1|Basculegion, L50, M|
|poke|p1|Torkoal, L50, F|
|poke|p2|Garchomp, L50, F|
|poke|p2|Metagross, L50|
|poke|p2|Charizard, L50, M|
|poke|p2|Grimmsnarl, L50, M|
|poke|p2|Toxapex, L50, F|
|poke|p2|Kingambit, L50, M|
|teampreview|4
|showteam|p1|Blaziken||Blazikenite|SpeedBoost|FlareBlitz,CloseCombat,RockSlide,Protect|Adamant||M|||50|]Aerodactyl||Aerodactylite|Unnerve|RockSlide,DualWingbeat,Tailwind,IceFang|Jolly||F|||50|]Kingambit||LifeOrb|Defiant|Protect,SuckerPunch,KowtowCleave,IronHead|Adamant||F|||50|]Sylveon||FairyFeather|Pixilate|Protect,HyperVoice,QuickAttack,Moonblast|Modest||F|||50|]Basculegion||FocusSash|SwiftSwim|Protect,LastRespects,Liquidation,AquaJet|Adamant||M|||50|]Torkoal||Leftovers|Drought|Protect,WeatherBall,Yawn,BurningJealousy|Relaxed||F|||50|
|showteam|p2|Garchomp||SitrusBerry|RoughSkin|Earthquake,RockSlide,DragonClaw,Protect|Adamant||F|||50|]Metagross||Metagrossite|ClearBody|IronHead,HammerArm,BulletPunch,Protect|Adamant|||||50|]Charizard||CharizarditeY|Blaze|Protect,HeatWave,SolarBeam,WeatherBall|Timid||M|||50|]Grimmsnarl||RoseliBerry|Prankster|FakeOut,FoulPlay,Reflect,PartingShot|Sassy||M|||50|]Toxapex||Leftovers|Regenerator|Infestation,Toxic,BanefulBunker,WideGuard|Bold||F|||50|]Kingambit||ChopleBerry|Defiant|KowtowCleave,SuckerPunch,BrickBreak,Protect|Impish||M|||50|
|inactive|Battle timer is ON: inactive players will automatically lose when time's up. (requested by discordjericho)
|inactive|Darlgardevoir has 60 seconds left.
|
|t:|1783102745
|teamsize|p1|4
|teamsize|p2|4
|start
|switch|p1a: Sylveon|Sylveon, L50, F|100/100
|switch|p1b: Kingambit|Kingambit, L50, F|100/100
|switch|p2a: Grimmsnarl|Grimmsnarl, L50, M|100/100
|switch|p2b: Toxapex|Toxapex, L50, F|100/100
|turn|1
|
|t:|1783102765
|move|p2a: Grimmsnarl|Fake Out|p1b: Kingambit
|-resisted|p1b: Kingambit|1
|-damage|p1b: Kingambit|95/100
|move|p1a: Sylveon|Moonblast|p2a: Grimmsnarl
|-supereffective|p2a: Grimmsnarl|1
|-enditem|p2a: Grimmsnarl|Roseli Berry|[eat]
|-enditem|p2a: Grimmsnarl|Roseli Berry|[weaken]
|-damage|p2a: Grimmsnarl|47/100
|cant|p1b: Kingambit|flinch
|move|p2b: Toxapex|Infestation|p1b: Kingambit
|-damage|p1b: Kingambit|91/100
|-activate|p1b: Kingambit|move: Infestation|[of] p2b: Toxapex
|
|-damage|p1b: Kingambit|79/100|[from] move: Infestation|[partiallytrapped]
|upkeep
|turn|2
|
|t:|1783102787
|move|p2a: Grimmsnarl|Reflect|p2a: Grimmsnarl
|-sidestart|p2: discordjericho|Reflect
|move|p1a: Sylveon|Hyper Voice|p2a: Grimmsnarl|[spread] p2a,p2b
|-supereffective|p2a: Grimmsnarl|1
|-resisted|p2b: Toxapex|1
|-damage|p2a: Grimmsnarl|0 fnt
|-damage|p2b: Toxapex|81/100
|faint|p2a: Grimmsnarl
|move|p1b: Kingambit|Kowtow Cleave|p2b: Toxapex
|-damage|p2b: Toxapex|50/100g
|-damage|p1b: Kingambit|70/100|[from] item: Life Orb
|move|p2b: Toxapex|Infestation|p1a: Sylveon
|-resisted|p1a: Sylveon|1
|-damage|p1a: Sylveon|98/100
|-activate|p1a: Sylveon|move: Infestation|[of] p2b: Toxapex
|
|-heal|p2b: Toxapex|56/100|[from] item: Leftovers
|-damage|p1a: Sylveon|86/100|[from] move: Infestation|[partiallytrapped]
|-damage|p1b: Kingambit|58/100|[from] move: Infestation|[partiallytrapped]
|upkeep
|
|t:|1783102801
|switch|p2a: Charizard|Charizard, L50, M|100/100
|turn|3
|
|t:|1783102813
|detailschange|p2a: Charizard|Charizard-Mega-Y, L50, M
|-mega|p2a: Charizard|Charizard|Charizardite Y
|-weather|SunnyDay|[from] ability: Drought|[of] p2a: Charizard
|move|p2b: Toxapex|Baneful Bunker|p2b: Toxapex
|-singleturn|p2b: Toxapex|move: Protect
|move|p1b: Kingambit|Sucker Punch|p2a: Charizard
|-damage|p2a: Charizard|58/100
|-damage|p1b: Kingambit|48/100|[from] item: Life Orb
|move|p2a: Charizard|Heat Wave|p1a: Sylveon|[spread] p1a,p1b
|-supereffective|p1b: Kingambit|1
|-damage|p1a: Sylveon|41/100
|-damage|p1b: Kingambit|0 fnt
|faint|p1b: Kingambit
|move|p1a: Sylveon|Moonblast|p2a: Charizard
|-resisted|p2a: Charizard|1
|-damage|p2a: Charizard|31/100
|
|-weather|SunnyDay|[upkeep]
|-heal|p2b: Toxapex|62/100|[from] item: Leftovers
|-damage|p1a: Sylveon|29/100|[from] move: Infestation|[partiallytrapped]
|upkeep
|
|t:|1783102827
|switch|p1b: Torkoal|Torkoal, L50, F|100/100
|turn|4
|
|t:|1783102839
|move|p2a: Charizard|Protect|p2a: Charizard
|-singleturn|p2a: Charizard|Protect
|move|p1a: Sylveon|Protect|p1a: Sylveon
|-singleturn|p1a: Sylveon|Protect
|move|p2b: Toxapex|Toxic|p1b: Torkoal
|-status|p1b: Torkoal|tox
|move|p1b: Torkoal|Yawn|p2b: Toxapex
|-start|p2b: Toxapex|move: Yawn|[of] p1b: Torkoal
|
|-weather|SunnyDay|[upkeep]
|-heal|p2b: Toxapex|68/100|[from] item: Leftovers
|-damage|p1b: Torkoal|93/100 tox|[from] psn
|-damage|p1a: Sylveon|17/100|[from] move: Infestation|[partiallytrapped]
|upkeep
|turn|5
|
|t:|1783102860
|switch|p2a: Garchomp|Garchomp, L50, F|100/100
|move|p1b: Torkoal|Protect|p1b: Torkoal
|-singleturn|p1b: Torkoal|Protect
|move|p1a: Sylveon|Moonblast|p2a: Garchomp
|-supereffective|p2a: Garchomp|1
|-damage|p2a: Garchomp|1/100
|-enditem|p2a: Garchomp|Sitrus Berry|[eat]
|-heal|p2a: Garchomp|25/100|[from] item: Sitrus Berry
|move|p2b: Toxapex|Infestation|p1b: Torkoal
|-activate|p1b: Torkoal|move: Protect
|
|-weather|SunnyDay|[upkeep]
|-heal|p2b: Toxapex|73/100|[from] item: Leftovers
|-heal|p1b: Torkoal|100/100 tox|[from] item: Leftovers
|-damage|p1b: Torkoal|87/100 tox|[from] psn
|-damage|p1a: Sylveon|5/100|[from] move: Infestation|[partiallytrapped]
|-end|p2b: Toxapex|move: Yawn|[silent]
|-status|p2b: Toxapex|slp
|upkeep
|turn|6
|inactive|Darlgardevoir has 30 seconds left.
|
|t:|1783102887
|-heal|p2b: Toxapex|100/100 slp|[from] ability: Regenerator|[silent]
|switch|p2b: Charizard|Charizard-Mega-Y, L50, M|31/100
|move|p1a: Sylveon|Quick Attack|p2a: Garchomp
|-supereffective|p2a: Garchomp|1
|-damage|p2a: Garchomp|8/100
|-damage|p1a: Sylveon|0 fnt|[from] ability: Rough Skin|[of] p2a: Garchomp
|faint|p1a: Sylveon
|move|p2a: Garchomp|Earthquake|p1b: Torkoal|[spread] p1b
|-immune|p2b: Charizard
|-supereffective|p1b: Torkoal|1
|-damage|p1b: Torkoal|35/100 tox
|move|p1b: Torkoal|Weather Ball|p2a: Garchomp
|-resisted|p2a: Garchomp|1
|-damage|p2a: Garchomp|0 fnt
|faint|p2a: Garchomp
|
|-weather|SunnyDay|[upkeep]
|-heal|p1b: Torkoal|41/100 tox|[from] item: Leftovers
|-damage|p1b: Torkoal|22/100 tox|[from] psn
|-sideend|p2: discordjericho|Reflect
|upkeep
|
|t:|1783102906
|switch|p2a: Toxapex|Toxapex, L50, F|100/100 slp
|switch|p1a: Basculegion|Basculegion, L50, M|100/100
|turn|7
|
|t:|1783102915
|move|p1a: Basculegion|Protect|p1a: Basculegion
|-singleturn|p1a: Basculegion|Protect
|move|p2b: Charizard|Solar Beam||[still]
|-prepare|p2b: Charizard|Solar Beam
|-anim|p2b: Charizard|Solar Beam|p1a: Basculegion
|-activate|p1a: Basculegion|move: Protect
|cant|p2a: Toxapex|slp
|move|p1b: Torkoal|Weather Ball|p2b: Charizard
|-resisted|p2b: Charizard|1
|-damage|p2b: Charizard|6/100
|
|-weather|none
|-heal|p1b: Torkoal|28/100 tox|[from] item: Leftovers
|-damage|p1b: Torkoal|3/100 tox|[from] psn
|upkeep
|turn|8
|
|t:|1783102931
|move|p2b: Charizard|Protect|p2b: Charizard
|-singleturn|p2b: Charizard|Protect
|move|p1a: Basculegion|Last Respects|p2a: Toxapex
|-damage|p2a: Toxapex|48/100 slp
|-curestatus|p2a: Toxapex|slp|[msg]
|move|p2a: Toxapex|Toxic|p1a: Basculegion
|-status|p1a: Basculegion|tox
|move|p1b: Torkoal|Weather Ball|p2b: Charizard
|-activate|p2b: Charizard|move: Protect
|
|-heal|p2a: Toxapex|54/100|[from] item: Leftovers
|-heal|p1b: Torkoal|10/100 tox|[from] item: Leftovers
|-damage|p1a: Basculegion|93/100 tox|[from] psn
|-damage|p1b: Torkoal|0 fnt|[from] psn
|faint|p1b: Torkoal
|upkeep
|turn|9
|
|t:|1783102947
|move|p2b: Charizard|Protect|p2b: Charizard
|-singleturn|p2b: Charizard|Protect
|move|p1a: Basculegion|Aqua Jet|p2b: Charizard
|-activate|p2b: Charizard|move: Protect
|move|p2a: Toxapex|Infestation|p1a: Basculegion
|-resisted|p1a: Basculegion|1
|-damage|p1a: Basculegion|92/100 tox
|-activate|p1a: Basculegion|move: Infestation|[of] p2a: Toxapex
|
|-heal|p2a: Toxapex|59/100|[from] item: Leftovers
|-damage|p1a: Basculegion|80/100 tox|[from] psn
|-damage|p1a: Basculegion|67/100 tox|[from] move: Infestation|[partiallytrapped]
|upkeep
|turn|10
|c|☆Darlgardevoir|Lol
|c|☆Darlgardevoir|lucky
|
|t:|1783102961
|move|p2b: Charizard|Protect||[still]
|-fail|p2b: Charizard
|move|p1a: Basculegion|Last Respects|p2a: Toxapex
|-damage|p2a: Toxapex|0 fnt
|faint|p2a: Toxapex
|
|-damage|p1a: Basculegion|49/100 tox|[from] psn
|-end|p1a: Basculegion|Infestation|[partiallytrapped]|[silent]
|upkeep
|turn|11
|
|t:|1783102969
|move|p2b: Charizard|Protect|p2b: Charizard
|-singleturn|p2b: Charizard|Protect
|move|p1a: Basculegion|Aqua Jet|p2b: Charizard
|-activate|p2b: Charizard|move: Protect
|
|-damage|p1a: Basculegion|24/100 tox|[from] psn
|upkeep
|turn|12
|
|t:|1783102975
|move|p2b: Charizard|Protect|p2b: Charizard
|-singleturn|p2b: Charizard|Protect
|move|p1a: Basculegion|Aqua Jet|p2b: Charizard
|-activate|p2b: Charizard|move: Protect
|
|-damage|p1a: Basculegion|0 fnt|[from] psn
|faint|p1a: Basculegion
|
|win|discordjericho
|raw|Darlgardevoir's rating: 1081 → 1063(-18 for losing)
|raw|discordjericho's rating: 1139 → 1160(+21 for winning)
|c|☆Darlgardevoir|Ahahahah
|c|☆Darlgardevoir|0 skill
|c|☆discordjericho|LMAO
|c|☆discordjericho|gg
|c|☆Darlgardevoir|nice game
|c|☆Darlgardevoir|gg
|l|☆discordjericho
|player|p2|
