|j|☆ljwarrior
|j|☆GoshDaKirby
|html|ljwarriorGoshDaKirby    
|uhtml|bestof|Game 2 of a best-of-3
|t:|1782244156
|gametype|doubles
|player|p1|ljwarrior|n|1148
|player|p2|GoshDaKirby|102|1084
|gen|9
|tier|[Gen 9 Champions] VGC 2026 Reg M-B (Bo3)
|rated|
|rule|Species Clause: Limit one of each Pokémon
|rule|Item Clause: Limit 1 of each item
|clearpoke
|poke|p1|Swampert, L50, F|
|poke|p1|Pelipper, L50, F|
|poke|p1|Hydreigon, L50, F|
|poke|p1|Sinistcha, L50|
|poke|p1|Metagross, L50|
|poke|p1|Sneasler, L50, F|
|poke|p2|Aegislash, L50, M, shiny|
|poke|p2|Whimsicott, L50, F, shiny|
|poke|p2|Annihilape, L50, M, shiny|
|poke|p2|Ceruledge, L50, M, shiny|
|poke|p2|Staraptor, L50, M, shiny|
|poke|p2|Serperior, L50, M, shiny|
|teampreview|4
|showteam|p1|Swampert||Swampertite|Torrent|Protect,WaveCrash,Earthquake,IcePunch|Adamant||F|||50|]Pelipper||SitrusBerry|Drizzle|Protect,WeatherBall,Hurricane,Tailwind|Modest||F|||50|]Hydreigon||ChoiceScarf|Levitate|DracoMeteor,DarkPulse,Snarl,EarthPower|Modest||F|||50|]Sinistcha||OccaBerry|Hospitality|Protect,MatchaGotcha,TrickRoom,RagePowder|Bold|||||50|]Metagross||Metagrossite|ClearBody|Protect,MeteorMash,PsychicFangs,BulletPunch|Adamant|||||50|]Sneasler||FocusSash|Unburden|CloseCombat,DireClaw,QuickGuard,FakeOut|Jolly||F|||50|
|showteam|p2|Aegislash||Leftovers|StanceChange|KingsShield,Poltergeist,SwordsDance,GyroBall|Brave||M|||50|]Whimsicott||FocusSash|Prankster|Tailwind,Charm,WorrySeed,Memento|Sassy||F|||50|]Annihilape||ShellBell|Defiant|RageFist,CrossChop,Rest,SleepTalk|Adamant||M|||50|]Ceruledge||BigRoot|WeakArmor|BitterBlade,Poltergeist,SwordsDance,DestinyBond|Adamant||M|||50|]Staraptor||Staraptite|Intimidate|CloseCombat,BraveBird,Roost,DoubleEdge|Adamant||M|||50|]Serperior|||Overgrow|Synthesis,LeafStorm,GigaDrain,DragonPulse|Modest||M|||50|
|
|t:|1782244185
|teamsize|p1|4
|teamsize|p2|4
|start
|switch|p1a: Pelipper|Pelipper, L50, F|100/100
|switch|p1b: Metagross|Metagross, L50|100/100
|switch|p2a: Ceruledge|Ceruledge, L50, M, shiny|100/100
|switch|p2b: Aegislash|Aegislash, L50, M, shiny|100/100
|-weather|RainDance|[from] ability: Drizzle|[of] p1a: Pelipper
|turn|1
|
|t:|1782244207
|detailschange|p1b: Metagross|Metagross-Mega, L50
|-mega|p1b: Metagross|Metagross|Metagrossite
|move|p1b: Metagross|Meteor Mash|p2b: Aegislash
|-resisted|p2b: Aegislash|1
|-damage|p2b: Aegislash|73/100
|move|p2a: Ceruledge|Swords Dance|p2a: Ceruledge
|-boost|p2a: Ceruledge|atk|2
|move|p1a: Pelipper|Weather Ball|p2a: Ceruledge
|-supereffective|p2a: Ceruledge|1
|-damage|p2a: Ceruledge|0 fnt
|faint|p2a: Ceruledge
|move|p2b: Aegislash|Swords Dance|p2b: Aegislash
|-boost|p2b: Aegislash|atk|2
|
|-weather|RainDance|[upkeep]
|-heal|p2b: Aegislash|79/100|[from] item: Leftovers
|upkeep
|
|t:|1782244223
|switch|p2a: Whimsicott|Whimsicott, L50, F, shiny|100/100
|turn|2
|
|t:|1782244240
|move|p2a: Whimsicott|Charm|p1b: Metagross
|-unboost|p1b: Metagross|atk|2
|move|p1b: Metagross|Meteor Mash|p2a: Whimsicott
|-supereffective|p2a: Whimsicott|1
|-damage|p2a: Whimsicott|28/100
|move|p1a: Pelipper|Tailwind|p1a: Pelipper
|-sidestart|p1: ljwarrior|move: Tailwind
|-formechange|p2b: Aegislash|Aegislash-Blade|
|move|p2b: Aegislash|Poltergeist|p1b: Metagross
|-activate|p1b: Metagross|move: Poltergeist|Metagrossite
|-supereffective|p1b: Metagross|1
|-damage|p1b: Metagross|0 fnt
|faint|p1b: Metagross
|
|-weather|RainDance|[upkeep]
|-heal|p2b: Aegislash|85/100|[from] item: Leftovers
|upkeep
|
|t:|1782244248
|switch|p1b: Sinistcha|Sinistcha, L50|100/100
|turn|3
|
|t:|1782244263
|switch|p1a: Sneasler|Sneasler, L50, F|100/100
|-formechange|p2b: Aegislash|Aegislash|
|move|p2b: Aegislash|King's Shield|p2b: Aegislash
|-singleturn|p2b: Aegislash|Protect
|move|p2a: Whimsicott|Tailwind|p2a: Whimsicott
|-sidestart|p2: GoshDaKirby|move: Tailwind
|move|p1b: Sinistcha|Matcha Gotcha|p2b: Aegislash|[spread] p2a
|-activate|p2b: Aegislash|move: Protect
|-resisted|p2a: Whimsicott|1
|-damage|p2a: Whimsicott|15/100
|
|-weather|RainDance|[upkeep]
|-heal|p2b: Aegislash|91/100|[from] item: Leftovers
|upkeep
|turn|4
|
|t:|1782244284
|switch|p2a: Staraptor|Staraptor, L50, M, shiny|100/100
|-ability|p2a: Staraptor|Intimidate|boost
|-unboost|p1a: Sneasler|atk|1
|-unboost|p1b: Sinistcha|atk|1
|move|p1a: Sneasler|Dire Claw|p2a: Staraptor
|-damage|p2a: Staraptor|57/100
|move|p1b: Sinistcha|Matcha Gotcha|p2b: Aegislash|[spread] p2a,p2b
|-resisted|p2a: Staraptor|1
|-resisted|p2b: Aegislash|1
|-damage|p2a: Staraptor|37/100
|-damage|p2b: Aegislash|81/100
|-formechange|p2b: Aegislash|Aegislash-Blade|
|move|p2b: Aegislash|Poltergeist|p1b: Sinistcha
|-activate|p1b: Sinistcha|move: Poltergeist|Occa Berry
|-supereffective|p1b: Sinistcha|1
|-damage|p1b: Sinistcha|0 fnt
|faint|p1b: Sinistcha
|
|-weather|RainDance|[upkeep]
|-heal|p2b: Aegislash|87/100|[from] item: Leftovers
|upkeep
|
|t:|1782244300
|switch|p1b: Pelipper|Pelipper, L50, F|100/100
|turn|5
|
|t:|1782244309
|detailschange|p2a: Staraptor|Staraptor-Mega, L50, M, shiny
|-mega|p2a: Staraptor|Staraptor|Staraptite
|-formechange|p2b: Aegislash|Aegislash|
|move|p2b: Aegislash|King's Shield|p2b: Aegislash
|-singleturn|p2b: Aegislash|Protect
|move|p1a: Sneasler|Dire Claw|p2a: Staraptor
|-damage|p2a: Staraptor|4/100
|move|p2a: Staraptor|Roost|p2a: Staraptor
|-heal|p2a: Staraptor|54/100
|-singleturn|p2a: Staraptor|move: Roost
|move|p1b: Pelipper|Hurricane|p2b: Aegislash
|-activate|p2b: Aegislash|move: Protect
|
|-weather|none
|-heal|p2b: Aegislash|93/100|[from] item: Leftovers
|-sideend|p1: ljwarrior|move: Tailwind
|upkeep
|turn|6
|
|t:|1782244327
|move|p2a: Staraptor|Close Combat|p1a: Sneasler
|-resisted|p1a: Sneasler|1
|-damage|p1a: Sneasler|40/100
|-boost|p2a: Staraptor|def|1
|-boost|p2a: Staraptor|spd|1
|move|p1a: Sneasler|Dire Claw|p2a: Staraptor
|-damage|p2a: Staraptor|33/100
|-formechange|p2b: Aegislash|Aegislash-Blade|
|move|p2b: Aegislash|Poltergeist|p1a: Sneasler
|-activate|p1a: Sneasler|move: Poltergeist|Focus Sash
|-damage|p1a: Sneasler|0 fnt
|faint|p1a: Sneasler
|move|p1b: Pelipper|Hurricane|p2b: Aegislash
|-resisted|p2b: Aegislash|1
|-damage|p2b: Aegislash|46/100
|
|-heal|p2b: Aegislash|52/100|[from] item: Leftovers
|-sideend|p2: GoshDaKirby|move: Tailwind
|upkeep
|turn|7
|
|t:|1782244347
|move|p2a: Staraptor|Roost|p2a: Staraptor
|-heal|p2a: Staraptor|83/100
|-singleturn|p2a: Staraptor|move: Roost
|move|p1b: Pelipper|Hurricane|p2b: Aegislash
|-resisted|p2b: Aegislash|1
|-damage|p2b: Aegislash|5/100
|-start|p2b: Aegislash|confusion
|-activate|p2b: Aegislash|confusion
|-damage|p2b: Aegislash|0 fnt|[from] confusion
|faint|p2b: Aegislash
|
|upkeep
|
|t:|1782244355
|switch|p2b: Whimsicott|Whimsicott, L50, F, shiny|15/100
|turn|8
|
|t:|1782244366
|move|p2b: Whimsicott|Charm|p2a: Staraptor
|-boost|p2a: Staraptor|atk|2
|move|p2a: Staraptor|Close Combat|p1b: Pelipper
|-resisted|p1b: Pelipper|1
|-damage|p1b: Pelipper|27/100
|-boost|p2a: Staraptor|def|1
|-boost|p2a: Staraptor|spd|1
|-enditem|p1b: Pelipper|Sitrus Berry|[eat]
|-heal|p1b: Pelipper|51/100|[from] item: Sitrus Berry
|move|p1b: Pelipper|Hurricane|p2a: Staraptor
|-supereffective|p2a: Staraptor|1
|-damage|p2a: Staraptor|27/100
|
|upkeep
|turn|9
|
|t:|1782244389
|move|p2b: Whimsicott|Charm|p2a: Staraptor
|-boost|p2a: Staraptor|atk|2
|move|p2a: Staraptor|Roost|p2a: Staraptor
|-heal|p2a: Staraptor|77/100
|-singleturn|p2a: Staraptor|move: Roost
|move|p1b: Pelipper|Hurricane|p2a: Staraptor
|-supereffective|p2a: Staraptor|1
|-damage|p2a: Staraptor|21/100
|
|upkeep
|turn|10
|
|t:|1782244411
|move|p2b: Whimsicott|Charm|p2a: Staraptor
|-boost|p2a: Staraptor|atk|2
|move|p2a: Staraptor|Roost|p2a: Staraptor
|-heal|p2a: Staraptor|71/100
|-singleturn|p2a: Staraptor|move: Roost
|move|p1b: Pelipper|Hurricane|p2a: Staraptor
|-supereffective|p2a: Staraptor|1
|-damage|p2a: Staraptor|11/100
|-start|p2a: Staraptor|confusion
|
|upkeep
|turn|11
|
|t:|1782244424
|move|p2b: Whimsicott|Memento|p1b: Pelipper
|-unboost|p1b: Pelipper|atk|2
|-unboost|p1b: Pelipper|spa|2
|faint|p2b: Whimsicott
|-activate|p2a: Staraptor|confusion
|-damage|p2a: Staraptor|0 fnt|[from] confusion
|faint|p2a: Staraptor
|
|win|ljwarrior
||GoshDaKirby is ready for game 3.
|inactive|ljwarrior has 30 seconds to confirm battle start!
||ljwarrior is ready for game 3.
|uhtml|next|Next: Game 3 of 3
|l|☆GoshDaKirby
|player|p2|
