|j|☆corndog7
|j|☆minccino fan
|html|corndog7minccino fan    
|uhtml|bestof|Game 2 of a best-of-3
|t:|1756271266
|gametype|doubles
|player|p1|corndog7|roughneck|1166
|player|p2|minccino fan|170|1078
|gen|9
|tier|[Gen 9] VGC 2025 Reg H (Bo3)
|rated|
|rule|Species Clause: Limit one of each Pokémon
|rule|Item Clause: Limit 1 of each item
|clearpoke
|poke|p1|Sneasler, L50, F|
|poke|p1|Milotic, L50, F|
|poke|p1|Volcarona, L50, F|
|poke|p1|Dragapult, L50, F|
|poke|p1|Indeedee, L50, M|
|poke|p1|Clefable, L50, M|
|poke|p2|Charizard, L50, F|
|poke|p2|Torkoal, L50, F|
|poke|p2|Porygon2, L50|
|poke|p2|Incineroar, L50, F|
|poke|p2|Jumpluff, L50, F|
|poke|p2|Ursaluna, L50, F|
|teampreview|4
|showteam|p1|Sneasler||PsychicSeed|Unburden|DireClaw,CloseCombat,ThroatChop,Protect|||F|||50|,,,,,Dark]Milotic||Leftovers|Competitive|Scald,MuddyWater,IceBeam,Protect|||F|||50|,,,,,Dragon]Volcarona||CovertCloak|FlameBody|HeatWave,GigaDrain,QuiverDance,Protect|||F|||50|,,,,,Grass]Dragapult||ChoiceBand|ClearBody|DragonDarts,Outrage,PhantomForce,Uturn|||F|||50|,,,,,Dragon]Indeedee||FocusSash|PsychicSurge|ExpandingForce,TeraBlast,Encore,Protect|||M|||50|,,,,,Fighting]Clefable||SitrusBerry|Unaware|Moonblast,HelpingHand,FollowMe,Protect|||M|||50|,,,,,Steel
|showteam|p2|Charizard||ChoiceSpecs|SolarPower|HeatWave,Overheat,WeatherBall,AirSlash|||F|||50|,,,,,Ghost]Torkoal||EjectPack|Drought|Eruption,Overheat,HelpingHand,Protect|||F|||50|,,,,,Fire]Porygon2||Eviolite|Download|TeraBlast,IceBeam,Recover,TrickRoom||||||50|,,,,,Fighting]Incineroar||SitrusBerry|Intimidate|FlareBlitz,KnockOff,FakeOut,PartingShot|||F|||50|,,,,,Ghost]Jumpluff||CovertCloak|Chlorophyll|SleepPowder,SunnyDay,RagePowder,Tailwind|||F|||50|,,,,,Water]Ursaluna||FlameOrb|Guts|HeadlongRush,Facade,Earthquake,Protect|||F|||50|,,,,,Ghost
|inactive|Battle timer is ON: inactive players will automatically lose when time's up. (requested by minccino fan)
|inactive|corndog7 also wants the timer to be on.
|inactive|minccino fan has 60 seconds left.
|
|t:|1756271314
|teamsize|p1|4
|teamsize|p2|4
|start
|switch|p1a: Dragapult|Dragapult, L50, F|100/100
|switch|p1b: Milotic|Milotic, L50, F|100/100
|switch|p2a: Charizard|Charizard, L50, F|100/100
|switch|p2b: Porygon2|Porygon2, L50|100/100
|-ability|p2b: Porygon2|Download|boost
|-boost|p2b: Porygon2|atk|1
|turn|1
|inactive|minccino fan has 30 seconds left.
|inactive|minccino fan has 20 seconds left.
|inactive|minccino fan has 15 seconds left.
|
|t:|1756271357
|switch|p2a: Torkoal|Torkoal, L50, F|100/100
|-weather|SunnyDay|[from] ability: Drought|[of] p2a: Torkoal
|-terastallize|p1a: Dragapult|Dragon
|move|p1a: Dragapult|Dragon Darts|p2a: Torkoal
|-crit|p2a: Torkoal
|-damage|p2a: Torkoal|38/100
|-anim|p1a: Dragapult|Dragon Darts|p2b: Porygon2
|-damage|p2b: Porygon2|65/100
|move|p1b: Milotic|Muddy Water|p2a: Torkoal|[spread] p2a,p2b
|-supereffective|p2a: Torkoal
|-damage|p2a: Torkoal|0 fnt
|-damage|p2b: Porygon2|57/100
|faint|p2a: Torkoal
|move|p2b: Porygon2|Trick Room|p2b: Porygon2
|-fieldstart|move: Trick Room|[of] p2b: Porygon2
|
|-weather|SunnyDay|[upkeep]
|upkeep
|
|t:|1756271372
|switch|p2a: Ursaluna|Ursaluna, L50, F|100/100
|turn|2
|
|t:|1756271383
|move|p2a: Ursaluna|Protect|p2a: Ursaluna
|-singleturn|p2a: Ursaluna|Protect
|move|p2b: Porygon2|Ice Beam|p1a: Dragapult
|-supereffective|p1a: Dragapult
|-damage|p1a: Dragapult|24/100
|move|p1b: Milotic|Scald|p2a: Ursaluna
|-activate|p2a: Ursaluna|move: Protect
|move|p1a: Dragapult|Dragon Darts|p2b: Porygon2
|-damage|p2b: Porygon2|19/100
|-anim|p1a: Dragapult|Dragon Darts|p2b: Porygon2
|-damage|p2b: Porygon2|0 fnt
|faint|p2b: Porygon2
|
|-weather|SunnyDay|[upkeep]
|-status|p2a: Ursaluna|brn|[from] item: Flame Orb
|upkeep
|
|t:|1756271387
|switch|p2b: Charizard|Charizard, L50, F|100/100
|turn|3
|
|t:|1756271408
|-terastallize|p2b: Charizard|Ghost
|move|p1b: Milotic|Protect|p1b: Milotic
|-singleturn|p1b: Milotic|Protect
|move|p2a: Ursaluna|Earthquake|p1a: Dragapult|[spread] p2b,p1a
|-activate|p1b: Milotic|move: Protect
|-damage|p2b: Charizard|0 fnt
|-damage|p1a: Dragapult|0 fnt
|faint|p2b: Charizard
|faint|p1a: Dragapult
|
|-weather|SunnyDay|[upkeep]
|-damage|p2a: Ursaluna|95/100 brn|[from] brn
|upkeep
|
|t:|1756271419
|switch|p1a: Indeedee|Indeedee, L50, M|100/100
|-fieldstart|move: Psychic Terrain|[from] ability: Psychic Surge|[of] p1a: Indeedee
|turn|4
|
|t:|1756271423
|move|p1a: Indeedee|Protect|p1a: Indeedee
|-singleturn|p1a: Indeedee|Protect
|move|p2a: Ursaluna|Earthquake|p1b: Milotic|[spread] p1b
|-activate|p1a: Indeedee|move: Protect
|-damage|p1b: Milotic|35/100
|move|p1b: Milotic|Scald|p2a: Ursaluna
|-supereffective|p2a: Ursaluna
|-damage|p2a: Ursaluna|60/100 brn
|
|-weather|SunnyDay|[upkeep]
|-heal|p1b: Milotic|41/100|[from] item: Leftovers
|-damage|p2a: Ursaluna|54/100 brn|[from] brn
|upkeep
|turn|5
|
|t:|1756271428
|move|p2a: Ursaluna|Earthquake|p1b: Milotic|[spread] p1a,p1b
|-enditem|p1a: Indeedee|Focus Sash
|-damage|p1a: Indeedee|1/100
|-damage|p1b: Milotic|0 fnt
|faint|p1b: Milotic
|move|p1a: Indeedee|Expanding Force|p2a: Ursaluna
|-damage|p2a: Ursaluna|0 fnt
|faint|p2a: Ursaluna
|
|win|corndog7
||corndog7 is ready for game 3.
