|j|☆jamesyjaems
|j|☆MBW 2099
|html|jamesyjaemsMBW 2099    
|uhtml|bestof|Game 1 of a best-of-3
|t:|1757780245
|gametype|doubles
|player|p1|jamesyjaems|102|1058
|player|p2|MBW 2099|veteran|1091
|gen|9
|tier|[Gen 9] VGC 2025 Reg H (Bo3)
|rated|
|rule|Species Clause: Limit one of each Pokémon
|rule|Item Clause: Limit 1 of each item
|clearpoke
|poke|p1|Sneasler, L50, F|
|poke|p1|Palafin, L50, M|
|poke|p1|Amoonguss, L50, F|
|poke|p1|Indeedee, L50, M|
|poke|p1|Pelipper, L50, M|
|poke|p1|Archaludon, L50, M|
|poke|p2|Indeedee-F, L50, F|
|poke|p2|Sneasler, L50, F|
|poke|p2|Gholdengo, L50|
|poke|p2|Corviknight, L50, F|
|poke|p2|Incineroar, L50, F|
|poke|p2|Volcarona, L50, F|
|teampreview|4
|showteam|p1|Sneasler||PsychicSeed|Unburden|DireClaw,CloseCombat,ThroatChop,Protect|||F|||50|,,,,,Dark]Palafin||EjectPack|ZerotoHero|JetPunch,WaveCrash,CloseCombat,Acrobatics|||M|||50|,,,,,Stellar]Amoonguss||CovertCloak|Regenerator|PollenPuff,RagePowder,Spore,Protect|||F|||50|,,,,,Water]Indeedee||SafetyGoggles|PsychicSurge|ExpandingForce,HyperVoice,Imprison,Protect|||M|||50|,,,,,Psychic]Pelipper||FocusSash|Drizzle|Hurricane,WeatherBall,Tailwind,Protect|||M|||50|,,,,,Ghost]Archaludon||AssaultVest|Stamina|ElectroShot,FlashCannon,BodyPress,Snarl|||M|||50|,,,,,Fairy
|showteam|p2|Indeedee-F||SafetyGoggles|PsychicSurge|DazzlingGleam,Imprison,TrickRoom,FollowMe|||F|||50|,,,,,Fairy]Sneasler||PsychicSeed|Unburden|DireClaw,Protect,CloseCombat,ThroatChop|||F|||50|,,,,,Dark]Gholdengo||LifeOrb|GoodasGold|MakeItRain,NastyPlot,Protect,Thunderbolt||||||50|,,,,,Water]Corviknight||MentalHerb|MirrorArmor|BraveBird,IronDefense,BodyPress,Tailwind|||F|||50|,,,,,Flying]Incineroar||SitrusBerry|Intimidate|KnockOff,PartingShot,FakeOut,Taunt|||F|||50|,,,,,Water]Volcarona||Leftovers|FlameBody|StruggleBug,Protect,HeatWave,QuiverDance|||F|||50|,,,,,Flying
|inactive|Battle timer is ON: inactive players will automatically lose when time's up. (requested by MBW 2099)
|inactive|jamesyjaems has 60 seconds left.
|inactive|MBW 2099 has 60 seconds left.
|inactive|jamesyjaems has 30 seconds left.
|inactive|MBW 2099 has 30 seconds left.
|inactive|jamesyjaems has 20 seconds left.
|inactive|jamesyjaems has 15 seconds left.
|inactive|jamesyjaems has 10 seconds left.
|inactive|jamesyjaems has 5 seconds left.
|
|t:|1757780334
|teamsize|p1|4
|teamsize|p2|4
|start
|switch|p1a: Amoonguss|Amoonguss, L50, F|100/100
|switch|p1b: Indeedee|Indeedee, L50, M|100/100
|switch|p2a: Indeedee|Indeedee-F, L50, F|100/100
|switch|p2b: Sneasler|Sneasler, L50, F|100/100
|-fieldstart|move: Psychic Terrain|[from] ability: Psychic Surge|[of] p1b: Indeedee
|-enditem|p2b: Sneasler|Psychic Seed
|-boost|p2b: Sneasler|spd|1|[from] item: Psychic Seed
|turn|1
|inactive|jamesyjaems has 30 seconds left.
|inactive|MBW 2099 has 30 seconds left.
|inactive|jamesyjaems has 20 seconds left.
|inactive|MBW 2099 has 20 seconds left.
|inactive|jamesyjaems has 15 seconds left.
|inactive|jamesyjaems has 10 seconds left.
|inactive|jamesyjaems has 5 seconds left.
|
|t:|1757780388
|-terastallize|p2b: Sneasler|Dark
|move|p2a: Indeedee|Follow Me|p2a: Indeedee
|-singleturn|p2a: Indeedee|move: Follow Me
|move|p1a: Amoonguss|Rage Powder|p1a: Amoonguss
|-singleturn|p1a: Amoonguss|move: Rage Powder
|move|p2b: Sneasler|Throat Chop|p1a: Amoonguss
|-damage|p1a: Amoonguss|54/100
|move|p1b: Indeedee|Hyper Voice|p2a: Indeedee|[spread] p2a,p2b
|-damage|p2a: Indeedee|70/100
|-damage|p2b: Sneasler|72/100
|
|upkeep
|turn|2
|inactive|jamesyjaems has 30 seconds left.
|
|t:|1757780414
|move|p1b: Indeedee|Protect|p1b: Indeedee
|-singleturn|p1b: Indeedee|Protect
|move|p2a: Indeedee|Follow Me|p2a: Indeedee
|-singleturn|p2a: Indeedee|move: Follow Me
|move|p2b: Sneasler|Throat Chop|p1b: Indeedee
|-activate|p1b: Indeedee|move: Protect
|move|p1a: Amoonguss|Pollen Puff|p2a: Indeedee
|-supereffective|p2a: Indeedee
|-damage|p2a: Indeedee|37/100
|
|upkeep
|turn|3
|inactive|jamesyjaems has 30 seconds left.
|inactive|jamesyjaems has 20 seconds left.
|inactive|jamesyjaems has 15 seconds left.
|inactive|jamesyjaems has 10 seconds left.
|
|t:|1757780462
|move|p2a: Indeedee|Follow Me|p2a: Indeedee
|-singleturn|p2a: Indeedee|move: Follow Me
|move|p1a: Amoonguss|Rage Powder|p1a: Amoonguss
|-singleturn|p1a: Amoonguss|move: Rage Powder
|move|p2b: Sneasler|Throat Chop|p1a: Amoonguss
|-crit|p1a: Amoonguss
|-damage|p1a: Amoonguss|0 fnt
|faint|p1a: Amoonguss
|move|p1b: Indeedee|Hyper Voice|p2a: Indeedee|[spread] p2a,p2b
|-damage|p2a: Indeedee|10/100
|-damage|p2b: Sneasler|42/100
|
|upkeep
|
|t:|1757780482
|switch|p1a: Pelipper|Pelipper, L50, M|100/100
|-weather|RainDance|[from] ability: Drizzle|[of] p1a: Pelipper
|turn|4
|
|t:|1757780497
|switch|p1b: Archaludon|Archaludon, L50, M|100/100
|move|p2b: Sneasler|Throat Chop|p1a: Pelipper
|-damage|p1a: Pelipper|66/100
|-start|p1a: Pelipper|Throat Chop|[silent]
|move|p2a: Indeedee|Dazzling Gleam|p1a: Pelipper|[spread] p1a,p1b
|-damage|p1a: Pelipper|47/100
|-damage|p1b: Archaludon|87/100
|-ability|p1b: Archaludon|Stamina|boost
|-boost|p1b: Archaludon|def|1
|move|p1a: Pelipper|Hurricane|p2b: Sneasler
|-damage|p2b: Sneasler|8/100
|-start|p2b: Sneasler|confusion
|
|-weather|RainDance|[upkeep]
|upkeep
|turn|5
|inactive|jamesyjaems has 30 seconds left.
|
|t:|1757780523
|-terastallize|p1b: Archaludon|Fairy
|move|p2a: Indeedee|Follow Me|p2a: Indeedee
|-singleturn|p2a: Indeedee|move: Follow Me
|-activate|p2b: Sneasler|confusion
|move|p2b: Sneasler|Close Combat|p1b: Archaludon
|-resisted|p1b: Archaludon
|-damage|p1b: Archaludon|68/100
|-unboost|p2b: Sneasler|def|1
|-unboost|p2b: Sneasler|spd|1
|-ability|p1b: Archaludon|Stamina|boost
|-boost|p1b: Archaludon|def|1
|move|p1b: Archaludon|Electro Shot||[still]
|-prepare|p1b: Archaludon|Electro Shot
|-boost|p1b: Archaludon|spa|1
|-anim|p1b: Archaludon|Electro Shot|p2a: Indeedee
|-damage|p2a: Indeedee|0 fnt
|faint|p2a: Indeedee
|move|p1a: Pelipper|Tailwind|p1a: Pelipper
|-sidestart|p1: jamesyjaems|move: Tailwind
|
|-weather|RainDance|[upkeep]
|-end|p1a: Pelipper|Throat Chop|[silent]
|-fieldend|move: Psychic Terrain
|upkeep
|inactive|MBW 2099 has 30 seconds left.
|
|t:|1757780550
|switch|p2a: Corviknight|Corviknight, L50, F|100/100
|turn|6
|
|t:|1757780561
|-end|p2b: Sneasler|confusion
|move|p2b: Sneasler|Dire Claw|p1b: Archaludon
|-supereffective|p1b: Archaludon
|-damage|p1b: Archaludon|25/100
|-status|p1b: Archaludon|par
|-ability|p1b: Archaludon|Stamina|boost
|-boost|p1b: Archaludon|def|1
|move|p1a: Pelipper|Weather Ball|p2b: Sneasler
|-damage|p2b: Sneasler|0 fnt
|faint|p2b: Sneasler
|cant|p1b: Archaludon|par
|move|p2a: Corviknight|Tailwind|p2a: Corviknight
|-sidestart|p2: MBW 2099|move: Tailwind
|
|-weather|RainDance|[upkeep]
|upkeep
|
|t:|1757780578
|switch|p2b: Gholdengo|Gholdengo, L50|100/100
|turn|7
|
|t:|1757780592
|move|p2b: Gholdengo|Make It Rain|p1a: Pelipper|[spread] p1a,p1b
|-resisted|p1a: Pelipper
|-supereffective|p1b: Archaludon
|-damage|p1a: Pelipper|6/100
|-damage|p1b: Archaludon|0 fnt
|-unboost|p2b: Gholdengo|spa|1
|faint|p1b: Archaludon
|-damage|p2b: Gholdengo|91/100|[from] item: Life Orb
|move|p2a: Corviknight|Iron Defense|p2a: Corviknight
|-boost|p2a: Corviknight|def|2
|move|p1a: Pelipper|Weather Ball|p2b: Gholdengo
|-damage|p2b: Gholdengo|33/100
|
|-weather|RainDance|[upkeep]
|upkeep
|
|t:|1757780608
|switch|p1b: Indeedee|Indeedee, L50, M|100/100
|-fieldstart|move: Psychic Terrain|[from] ability: Psychic Surge|[of] p1b: Indeedee
|turn|8
|inactive|jamesyjaems has 30 seconds left.
|
|t:|1757780640
|move|p2b: Gholdengo|Protect|p2b: Gholdengo
|-singleturn|p2b: Gholdengo|Protect
|move|p1a: Pelipper|Protect|p1a: Pelipper
|-singleturn|p1a: Pelipper|Protect
|move|p1b: Indeedee|Expanding Force|p2a: Corviknight|[spread] p2a
|-activate|p2b: Gholdengo|move: Protect
|-resisted|p2a: Corviknight
|-damage|p2a: Corviknight|80/100
|move|p2a: Corviknight|Body Press|p1b: Indeedee
|-damage|p1b: Indeedee|20/100
|
|-weather|none
|-sideend|p1: jamesyjaems|move: Tailwind
|upkeep
|turn|9
|-message|jamesyjaems forfeited.
|
|win|MBW 2099
|l|☆jamesyjaems
|player|p1|
||jamesyjaems is ready for game 2.
