|j|☆mroreo328
|j|☆0201boss
|html|mroreo3280201boss    
|uhtml|bestof|Game 3 of a best-of-3
|t:|1783981415
|gametype|doubles
|player|p1|mroreo328|youngster-gen4dp|1126
|player|p2|0201boss|brawly|1044
|gen|9
|tier|[Gen 9 Champions] VGC 2026 Reg M-B (Bo3)
|rated|
|rule|Species Clause: Limit one of each Pokémon
|rule|Item Clause: Limit 1 of each item
|clearpoke
|poke|p1|Whimsicott, L50, M|
|poke|p1|Farigiraf, L50, F, shiny|
|poke|p1|Hatterene, L50, F|
|poke|p1|Malamar, L50, F, shiny|
|poke|p1|Kangaskhan, L50, F|
|poke|p1|Camerupt, L50, F|
|poke|p2|Aurorus, L50, M|
|poke|p2|Avalugg, L50, F|
|poke|p2|Palafin, L50, F|
|poke|p2|Florges, L50, F|
|poke|p2|Scovillain, L50, F|
|poke|p2|Kingambit, L50, F|
|teampreview|4
|showteam|p1|Whimsicott||FocusSash|Prankster|Moonblast,FakeTears,Tickle,Tailwind|Bold||M|||50|]Farigiraf||ColburBerry|ArmorTail|Psychic,LowKick,SunnyDay,TrickRoom|Relaxed||F|||50|]Hatterene||LifeOrb|MagicBounce|DazzlingGleam,Psychic,ShadowBall,TrickRoom|Quiet||F|||50|]Malamar||Malamarite|Contrary|Superpower,KnockOff,RockSlide,Protect|Careful||F|||50|]Kangaskhan||SilkScarf|Scrappy|LastResort,FakeOut|Brave||F|||50|]Camerupt||Cameruptite|SolidRock|Eruption,EarthPower,AncientPower,Protect|Quiet||F|||50|
|showteam|p2|Aurorus||IcyRock|SnowWarning|AuroraVeil,Blizzard,Haze,Protect|Relaxed||M|||50|]Avalugg||Leftovers|IceBody|IronDefense,Substitute,BodyPress,IceSpinner|Impish||F|||50|]Palafin||ChoiceScarf|ZerotoHero|FlipTurn,Liquidation,CloseCombat,IcePunch|Jolly||F|||50|]Florges||LumBerry|FlowerVeil|PollenPuff,PsychicNoise,Wish,Protect|Calm||F|||50|]Scovillain||Scovillainite|Chlorophyll|Flamethrower,GigaDrain,LeechSeed,Protect|Modest||F|||50|]Kingambit||LifeOrb|SupremeOverlord|SuckerPunch,Protect,KowtowCleave,IronHead|Adamant||F|||50|
|inactive|Battle timer is ON: inactive players will automatically lose when time's up. (requested by mroreo328)
|inactive|0201boss has 60 seconds left.
|
|t:|1783981454
|teamsize|p1|4
|teamsize|p2|4
|start
|switch|p1a: Kangaskhan|Kangaskhan, L50, F|100/100
|switch|p1b: Camerupt|Camerupt, L50, F|100/100
|switch|p2a: Barney|Aurorus, L50, M|100/100
|switch|p2b: Poblano|Scovillain, L50, F|100/100
|-weather|Snowscape|[from] ability: Snow Warning|[of] p2a: Barney
|turn|1
|inactive|mroreo328 has 30 seconds left.
|inactive|0201boss has 30 seconds left.
|
|t:|1783981480
|detailschange|p2b: Poblano|Scovillain-Mega, L50, F
|-mega|p2b: Poblano|Scovillain|Scovillainite
|detailschange|p1b: Camerupt|Camerupt-Mega, L50, F
|-mega|p1b: Camerupt|Camerupt|Cameruptite
|move|p2a: Barney|Protect|p2a: Barney
|-singleturn|p2a: Barney|Protect
|move|p1a: Kangaskhan|Fake Out|p2a: Barney
|-activate|p2a: Barney|move: Protect
|move|p2b: Poblano|Leech Seed|p1b: Camerupt
|-start|p1b: Camerupt|move: Leech Seed
|move|p1b: Camerupt|Eruption|p2b: Poblano|[spread] p2b
|-activate|p2a: Barney|move: Protect
|-damage|p2b: Poblano|23/100
|-immune|p1b: Camerupt
|
|-weather|Snowscape|[upkeep]
|-damage|p1b: Camerupt|87/100|[from] Leech Seed|[of] p2b: Poblano
|-heal|p2b: Poblano|36/100|[silent]
|upkeep
|turn|2
|
|t:|1783981499
|move|p2b: Poblano|Protect|p2b: Poblano
|-singleturn|p2b: Poblano|Protect
|move|p1a: Kangaskhan|Last Resort|p2b: Poblano
|-activate|p2b: Poblano|move: Protect
|move|p2a: Barney|Aurora Veil|p2a: Barney
|-sidestart|p2: 0201boss|move: Aurora Veil
|move|p1b: Camerupt|Earth Power|p2a: Barney
|-supereffective|p2a: Barney|1
|-damage|p2a: Barney|37/100
|
|-weather|Snowscape|[upkeep]
|-damage|p1b: Camerupt|75/100|[from] Leech Seed|[of] p2b: Poblano
|-heal|p2b: Poblano|48/100|[silent]
|upkeep
|turn|3
|inactive|0201boss has 30 seconds left.
|inactive|mroreo328 has 30 seconds left.
|
|t:|1783981529
|switch|p1a: Farigiraf|Farigiraf, L50, F, shiny|100/100
|move|p2b: Poblano|Giga Drain|p1a: Farigiraf
|-damage|p1a: Farigiraf|52/100
|-heal|p2b: Poblano|80/100|[from] drain|[of] p1a: Farigiraf
|move|p2a: Barney|Blizzard|p1a: Farigiraf|[spread] p1a,p1b
|-damage|p1a: Farigiraf|24/100
|-damage|p1b: Camerupt|46/100
|move|p1b: Camerupt|Earth Power|p2a: Barney
|-supereffective|p2a: Barney|1
|-crit|p2a: Barney
|-damage|p2a: Barney|0 fnt
|faint|p2a: Barney
|
|-weather|Snowscape|[upkeep]
|-damage|p1b: Camerupt|33/100|[from] Leech Seed|[of] p2b: Poblano
|-heal|p2b: Poblano|93/100|[silent]
|upkeep
|inactive|0201boss has 30 seconds left.
|
|t:|1783981561
|switch|p2a: Raphiel|Avalugg, L50, F|100/100
|turn|4
|
|t:|1783981573
|switch|p1b: Kangaskhan|Kangaskhan, L50, F|100/100
|move|p2b: Poblano|Giga Drain|p1b: Kangaskhan
|-damage|p1b: Kangaskhan|51/100
|-heal|p2b: Poblano|100/100|[from] drain|[of] p1b: Kangaskhan
|move|p2a: Raphiel|Substitute|p2a: Raphiel
|-start|p2a: Raphiel|Substitute
|-damage|p2a: Raphiel|75/100
|move|p1a: Farigiraf|Trick Room|p1a: Farigiraf
|-fieldstart|move: Trick Room|[of] p1a: Farigiraf
|
|-weather|Snowscape|[upkeep]
|-heal|p2a: Raphiel|81/100|[from] ability: Ice Body
|-heal|p2a: Raphiel|87/100|[from] item: Leftovers
|upkeep
|turn|5
|
|t:|1783981592
|switch|p1b: Hatterene|Hatterene, L50, F|100/100
|move|p2a: Raphiel|Iron Defense|p2a: Raphiel
|-boost|p2a: Raphiel|def|2
|move|p1a: Farigiraf|Psychic|p2b: Poblano
|-damage|p2b: Poblano|72/100
|-status|p1a: Farigiraf|brn|[from] ability: Spicy Spray|[of] p2b: Poblano
|move|p2b: Poblano|Flamethrower|p1a: Farigiraf
|-damage|p1a: Farigiraf|0 fnt
|faint|p1a: Farigiraf
|
|-weather|Snowscape|[upkeep]
|-heal|p2a: Raphiel|93/100|[from] ability: Ice Body
|-heal|p2a: Raphiel|99/100|[from] item: Leftovers
|upkeep
|
|t:|1783981602
|switch|p1a: Camerupt|Camerupt-Mega, L50, F|33/100
|turn|6
|inactive|0201boss has 30 seconds left.
|
|t:|1783981628
|move|p1a: Camerupt|Earth Power|p2a: Raphiel
|-end|p2a: Raphiel|Substitute
|move|p1b: Hatterene|Psychic|p2a: Raphiel
|-damage|p2a: Raphiel|36/100
|-damage|p1b: Hatterene|90/100|[from] item: Life Orb
|move|p2a: Raphiel|Iron Defense|p2a: Raphiel
|-boost|p2a: Raphiel|def|2
|move|p2b: Poblano|Giga Drain|p1a: Camerupt
|-damage|p1a: Camerupt|0 fnt
|-heal|p2b: Poblano|90/100|[from] drain|[of] p1a: Camerupt
|faint|p1a: Camerupt
|
|-weather|Snowscape|[upkeep]
|-heal|p2a: Raphiel|42/100|[from] ability: Ice Body
|-heal|p2a: Raphiel|48/100|[from] item: Leftovers
|-sideend|p2: 0201boss|move: Aurora Veil
|upkeep
|
|t:|1783981633
|switch|p1a: Kangaskhan|Kangaskhan, L50, F|51/100
|turn|7
|
|t:|1783981650
|move|p1a: Kangaskhan|Fake Out|p2a: Raphiel
|-damage|p2a: Raphiel|45/100
|move|p1b: Hatterene|Psychic|p2b: Poblano
|-damage|p2b: Poblano|12/100
|-status|p1b: Hatterene|brn|[from] ability: Spicy Spray|[of] p2b: Poblano
|-damage|p1b: Hatterene|80/100 brn|[from] item: Life Orb
|cant|p2a: Raphiel|flinch
|move|p2b: Poblano|Leech Seed|p1b: Hatterene
|move|p1b: Hatterene|Leech Seed|p2b: Poblano|[from] ability: Magic Bounce
|-immune|p2b: Poblano
|
|-weather|Snowscape|[upkeep]
|-heal|p2a: Raphiel|50/100g|[from] ability: Ice Body
|-heal|p2a: Raphiel|56/100|[from] item: Leftovers
|-damage|p1b: Hatterene|74/100 brn|[from] brn
|upkeep
|turn|8
|
|t:|1783981672
|move|p2b: Poblano|Protect|p2b: Poblano
|-singleturn|p2b: Poblano|Protect
|move|p1b: Hatterene|Psychic|p2a: Raphiel
|-damage|p2a: Raphiel|0 fnt
|faint|p2a: Raphiel
|-damage|p1b: Hatterene|64/100 brn|[from] item: Life Orb
|move|p1a: Kangaskhan|Last Resort|p2b: Poblano
|-activate|p2b: Poblano|move: Protect
|
|-weather|none
|-damage|p1b: Hatterene|58/100 brn|[from] brn
|-fieldend|move: Trick Room
|upkeep
|
|t:|1783981684
|switch|p2a: Shredder|Kingambit, L50, F|100/100
|-activate|p2a: Shredder|ability: Supreme Overlord
|-start|p2a: Shredder|fallen2|[silent]
|turn|9
|
|t:|1783981708
|move|p1a: Kangaskhan|Last Resort|p2a: Shredder
|-resisted|p2a: Shredder|1
|-crit|p2a: Shredder
|-damage|p2a: Shredder|57/100
|move|p2b: Poblano|Giga Drain|p1a: Kangaskhan
|-damage|p1a: Kangaskhan|8/100
|-heal|p2b: Poblano|39/100|[from] drain|[of] p1a: Kangaskhan
|move|p2a: Shredder|Kowtow Cleave|p1b: Hatterene
|-damage|p1b: Hatterene|0 fnt
|faint|p1b: Hatterene
|-damage|p2a: Shredder|48/100|[from] item: Life Orb
|
|upkeep
|turn|10
|-message|mroreo328 forfeited.
|raw|mroreo328's rating: 1126 → 1095(-31 for losing)
|raw|0201boss's rating: 1044 → 1085(+41 for winning)
|
|win|0201boss
|l|☆mroreo328
|player|p1|
|c|☆0201boss|gg
