|j|Ōśåcastoriceball
|j|ŌśåAxolVinie
|html|castoriceballAxolVinie    
|uhtml|bestof|Game 3 of a best-of-3
|t:|1785638816
|gametype|doubles
|player|p1|castoriceball|miku-flying|1243
|player|p2|AxolVinie|102|1161
|gen|9
|tier|[Gen 9 Champions] VGC 2026 Reg M-B (Bo3)
|rated|
|rule|Species Clause: Limit one of each Pok├®mon
|rule|Item Clause: Limit 1 of each item
|clearpoke
|poke|p1|Raichu, L50, M, shiny|
|poke|p1|Mamoswine, L50, F|
|poke|p1|Basculegion, L50, M, shiny|
|poke|p1|Farigiraf, L50, F|
|poke|p1|Sylveon, L50, M|
|poke|p1|Torkoal, L50, M|
|poke|p2|Aerodactyl, L50, M|
|poke|p2|Kingambit, L50, F|
|poke|p2|Sylveon, L50, M|
|poke|p2|Garchomp, L50, F|
|poke|p2|Charizard, L50, M|
|poke|p2|Incineroar, L50, M|
|teampreview|4
|showteam|p1|Raichu||RaichuniteY|LightningRod|ZapCannon,FocusBlast,FakeOut,Protect|Timid||M|||50|]Mamoswine||LifeOrb|Oblivious|IcicleCrash,HighHorsepower,IceShard,Protect|Adamant||F|||50|]Basculegion||ChoiceScarf|Adaptability|LastRespects,WaveCrash,AquaJet,FlipTurn|Jolly||M|||50|]Farigiraf||SitrusBerry|ArmorTail|Psychic,HelpingHand,TrickRoom,Protect|Bold||F|||50|]Sylveon||FairyFeather|Pixilate|HyperVoice,QuickAttack,HyperBeam,Detect|Modest||M|||50|]Torkoal||Charcoal|Drought|Eruption,WeatherBall,SolarBeam,Protect|Quiet||M|||50|
|showteam|p2|Aerodactyl||Aerodactylite|Unnerve|RockSlide,IceFang,Tailwind,WideGuard|Jolly||M|||50|]Kingambit||FocusSash|Defiant|KowtowCleave,SuckerPunch,IronHead,Protect|Adamant||F|||50|]Sylveon||FairyFeather|Pixilate|Detect,HyperVoice,HyperBeam,QuickAttack|Modest||M|||50|]Garchomp||LifeOrb|RoughSkin|Earthquake,DragonClaw,StompingTantrum,Protect|Jolly||F|||50|]Charizard||CharizarditeY|Blaze|Protect,HeatWave,SolarBeam,WeatherBall|Modest||M|||50|]Incineroar||SitrusBerry|Intimidate|DarkestLariat,FlareBlitz,FakeOut,PartingShot|Impish||M|||50|
|c|Ōśåcastoriceball|man I'm experimenting with teams and I've lost 200 elo
|c|Ōśåcastoriceball|sob
|
|t:|1785638850
|teamsize|p1|4
|teamsize|p2|4
|start
|switch|p1a: WHYYCHU|Raichu, L50, M, shiny|100/100
|switch|p1b: Farigiraf|Farigiraf, L50, F|100/100
|switch|p2a: Charizard|Charizard, L50, M|100/100
|switch|p2b: Sylveon|Sylveon, L50, M|100/100
|turn|1
|c|Ōśåcastoriceball|benn tryna make this yaichu mamo basc thing work for a week
|
|t:|1785638862
|detailschange|p1a: WHYYCHU|Raichu-Mega-Y, L50, M, shiny
|-mega|p1a: WHYYCHU|Raichu|Raichunite Y
|detailschange|p2a: Charizard|Charizard-Mega-Y, L50, M
|-mega|p2a: Charizard|Charizard|Charizardite Y
|-weather|SunnyDay|[from] ability: Drought|[of] p2a: Charizard
|move|p1a: WHYYCHU|Zap Cannon|p2a: Charizard
|-supereffective|p2a: Charizard|1
|-damage|p2a: Charizard|0 fnt
|faint|p2a: Charizard
|move|p2b: Sylveon|Hyper Voice|p1a: WHYYCHU|[spread] p1a,p1b
|-damage|p1a: WHYYCHU|34/100
|-damage|p1b: Farigiraf|53/100
|move|p1b: Farigiraf|Psychic|p2b: Sylveon
|-damage|p2b: Sylveon|73/100
|
|-weather|SunnyDay|[upkeep]
|upkeep
|
|t:|1785638871
|switch|p2a: Incineroar|Incineroar, L50, M|100/100
|-ability|p2a: Incineroar|Intimidate|boost
|-unboost|p1a: WHYYCHU|atk|1
|-unboost|p1b: Farigiraf|atk|1
|turn|2
|
|t:|1785638878
|move|p1b: Farigiraf|Helping Hand|p1a: WHYYCHU
|-singleturn|p1a: WHYYCHU|Helping Hand|[of] p1b: Farigiraf
|move|p2b: Sylveon|Detect|p2b: Sylveon
|-singleturn|p2b: Sylveon|Protect
|move|p1a: WHYYCHU|Zap Cannon|p2b: Sylveon
|-activate|p2b: Sylveon|move: Protect
|move|p2a: Incineroar|Flare Blitz|p1a: WHYYCHU
|-damage|p1a: WHYYCHU|0 fnt
|faint|p1a: WHYYCHU
|-damage|p2a: Incineroar|90/100|[from] Recoil
|
|-weather|SunnyDay|[upkeep]
|upkeep
|
|t:|1785638884
|switch|p1a: WolfeyFriend|Mamoswine, L50, F|100/100
|turn|3
|
|t:|1785638902
|switch|p2b: Garchomp|Garchomp, L50, F|100/100
|move|p1a: WolfeyFriend|High Horsepower|p2a: Incineroar
|-supereffective|p2a: Incineroar|1
|-damage|p2a: Incineroar|0 fnt
|faint|p2a: Incineroar
|-damage|p1a: WolfeyFriend|90/100|[from] item: Life Orb
|move|p1b: Farigiraf|Psychic|p2b: Garchomp
|-damage|p2b: Garchomp|60/100
|
|-weather|SunnyDay|[upkeep]
|upkeep
|
|t:|1785638907
|switch|p2a: Sylveon|Sylveon, L50, M|73/100
|turn|4
|
|t:|1785638927
|move|p1a: WolfeyFriend|Protect|p1a: WolfeyFriend
|-singleturn|p1a: WolfeyFriend|Protect
|move|p2b: Garchomp|Dragon Claw|p1a: WolfeyFriend
|-activate|p1a: WolfeyFriend|move: Protect
|move|p2a: Sylveon|Hyper Voice|p1b: Farigiraf|[spread] p1b
|-activate|p1a: WolfeyFriend|move: Protect
|-damage|p1b: Farigiraf|4/100
|-enditem|p1b: Farigiraf|Sitrus Berry|[eat]
|-heal|p1b: Farigiraf|29/100|[from] item: Sitrus Berry
|move|p1b: Farigiraf|Psychic|p2a: Sylveon
|-damage|p2a: Sylveon|46/100
|
|-weather|SunnyDay|[upkeep]
|upkeep
|turn|5
|c|ŌśåAxolVinie|nice nickname
|c|ŌśåAxolVinie|giraffe should be wolfey frind 2
|c|Ōśåcastoriceball|LMAO
|c|Ōśåcastoriceball|True
|
|t:|1785638949
|move|p2a: Sylveon|Detect|p2a: Sylveon
|-singleturn|p2a: Sylveon|Protect
|move|p1a: WolfeyFriend|Ice Shard|p2b: Garchomp
|-supereffective|p2b: Garchomp|2
|-damage|p2b: Garchomp|0 fnt
|faint|p2b: Garchomp
|-damage|p1a: WolfeyFriend|80/100|[from] item: Life Orb
|move|p1b: Farigiraf|Psychic|p2a: Sylveon
|-activate|p2a: Sylveon|move: Protect
|
|-weather|none
|upkeep
|turn|6
|
|t:|1785638956
|move|p1b: Farigiraf|Helping Hand|p1a: WolfeyFriend
|-singleturn|p1a: WolfeyFriend|Helping Hand|[of] p1b: Farigiraf
|move|p1a: WolfeyFriend|Ice Shard|p2a: Sylveon
|-damage|p2a: Sylveon|0 fnt
|faint|p2a: Sylveon
|-damage|p1a: WolfeyFriend|71/100|[from] item: Life Orb
|
|win|castoriceball
|raw|castoriceball's rating: 1243 → 1262(+19 for winning)
|raw|AxolVinie's rating: 1161 → 1142(-19 for losing)
|c|ŌśåAxolVinie|ggs
|l|ŌśåAxolVinie
|player|p2|
|c|Ōśåcastoriceball|tt
|c|Ōśåcastoriceball|gg
