|j|â˜†4prongedutsenil
|j|â˜†AustinMcballs
|html|4prongedutsenilAustinMcballs    
|uhtml|bestof|Game 2 of a best-of-3
|t:|1786121749
|gametype|doubles
|player|p1|4prongedutsenil|dawn|
|player|p2|AustinMcballs|ortega|
|gen|9
|tier|[Gen 9 Champions] VGC 2026 Reg M-B (Bo3)
|rule|Species Clause: Limit one of each PokÃ©mon
|rule|Item Clause: Limit 1 of each item
|clearpoke
|poke|p1|Whimsicott, L50, F|
|poke|p1|Charizard, L50, F|
|poke|p1|Garchomp, L50, M|
|poke|p1|Floette-Eternal, L50, F|
|poke|p1|Basculegion, L50, M|
|poke|p1|Kingambit, L50, M|
|poke|p2|Raichu, L50, M|
|poke|p2|Ninetales-Alola, L50, M|
|poke|p2|Kingambit, L50, F, shiny|
|poke|p2|Garchomp, L50, M|
|poke|p2|Sinistcha, L50|
|poke|p2|Aerodactyl, L50, F|
|teampreview|4
|showteam|p1|Whimsicott||FocusSash|Prankster|Moonblast,Tailwind,Encore,Protect|Timid||F|||50|]Charizard||CharizarditeY|Blaze|HeatWave,WeatherBall,SolarBeam,Protect|Modest||F|||50|]Garchomp||LifeOrb|RoughSkin|DragonClaw,StompingTantrum,RockSlide,Earthquake|Jolly||M|||50|]Floette-Eternal||Floettite|FlowerVeil|Moonblast,DazzlingGleam,LightofRuin,Protect|Timid||F|||50|]Basculegion||MysticWater|Adaptability|WaveCrash,AquaJet,LastRespects,Protect|Adamant||M|||50|]Kingambit||BlackGlasses|Defiant|SuckerPunch,KowtowCleave,IronHead,Protect|Adamant||M|||50|
|showteam|p2|Raichu||RaichuniteY|LightningRod|ZapCannon,FocusBlast,FakeOut,Protect|Timid||M|||50|]Ninetales-Alola||LifeOrb|SnowWarning|Moonblast,Blizzard,Encore,Protect|Timid||M|||50|]Kingambit||BlackGlasses|Defiant|KowtowCleave,SuckerPunch,IronHead,Protect|Adamant||F|||50|]Garchomp||SitrusBerry|RoughSkin|StompingTantrum,DragonClaw,SwordsDance,Protect|Adamant||M|||50|]Sinistcha||FocusSash|Hospitality|MatchaGotcha,ShadowBall,RagePowder,Protect|Modest|||||50|]Aerodactyl||Aerodactylite|Unnerve|RockSlide,DualWingbeat,Tailwind,Protect|Jolly||F|||50|
|inactive|Battle timer is ON: inactive players will automatically lose when time's up. (requested by AustinMcballs)
|
|t:|1786121774
|teamsize|p1|4
|teamsize|p2|4
|start
|switch|p1a: Whimsicott|Whimsicott, L50, F|100/100
|switch|p1b: Garchomp|Garchomp, L50, M|100/100
|switch|p2a: Garchomp|Garchomp, L50, M|100/100
|switch|p2b: Aerodactyl|Aerodactyl, L50, F|100/100
|-ability|p2b: Aerodactyl|Unnerve
|turn|1
|inactive|4prongedutsenil has 30 seconds left.
|inactive|AustinMcballs has 30 seconds left.
|inactive|4prongedutsenil has 20 seconds left.
|inactive|4prongedutsenil has 15 seconds left.
|inactive|4prongedutsenil has 10 seconds left.
|
|t:|1786121822
|detailschange|p2b: Aerodactyl|Aerodactyl-Mega, L50, F
|-mega|p2b: Aerodactyl|Aerodactyl|Aerodactylite
|move|p1a: Whimsicott|Tailwind|p1a: Whimsicott
|-sidestart|p1: 4prongedutsenil|move: Tailwind
|move|p1b: Garchomp|Dragon Claw|p2a: Garchomp
|-supereffective|p2a: Garchomp|1
|-damage|p2a: Garchomp|1/100
|-damage|p1b: Garchomp|87/100|[from] ability: Rough Skin|[of] p2a: Garchomp
|-enditem|p2a: Garchomp|Sitrus Berry|[eat]
|-heal|p2a: Garchomp|25/100|[from] item: Sitrus Berry
|-damage|p1b: Garchomp|77/100|[from] item: Life Orb
|move|p2b: Aerodactyl|Dual Wingbeat|p1a: Whimsicott
|-supereffective|p1a: Whimsicott|1
|-damage|p1a: Whimsicott|8/100
|-supereffective|p1a: Whimsicott|1
|-damage|p1a: Whimsicott|0 fnt
|faint|p1a: Whimsicott
|-hitcount|p1: Whimsicott|2
|move|p2a: Garchomp|Dragon Claw|p1b: Garchomp
|-supereffective|p1b: Garchomp|1
|-damage|p1b: Garchomp|0 fnt
|-damage|p2a: Garchomp|13/100|[from] ability: Rough Skin|[of] p1b: Garchomp
|faint|p1b: Garchomp
|
|upkeep
|
|t:|1786121830
|switch|p1a: Charizard|Charizard, L50, F|100/100
|switch|p1b: Kingambit|Kingambit, L50, M|100/100
|turn|2
|inactive|AustinMcballs has 30 seconds left.
|inactive|AustinMcballs has 20 seconds left.
|
|t:|1786121868
|detailschange|p1a: Charizard|Charizard-Mega-Y, L50, F
|-mega|p1a: Charizard|Charizard|Charizardite Y
|-weather|SunnyDay|[from] ability: Drought|[of] p1a: Charizard
|move|p2b: Aerodactyl|Protect|p2b: Aerodactyl
|-singleturn|p2b: Aerodactyl|Protect
|move|p1b: Kingambit|Sucker Punch||[still]
|-fail|p1b: Kingambit
|move|p1a: Charizard|Heat Wave|p2a: Garchomp|[spread] p2a
|-activate|p2b: Aerodactyl|move: Protect
|-resisted|p2a: Garchomp|1
|-damage|p2a: Garchomp|0 fnt
|faint|p2a: Garchomp
|
|-weather|SunnyDay|[upkeep]
|upkeep
|inactive|AustinMcballs has 30 seconds left.
|inactive|AustinMcballs has 20 seconds left.
|
|t:|1786121905
|switch|p2a: Sinistcha|Sinistcha, L50|100/100
|turn|3
|inactive|4prongedutsenil has 30 seconds left.
|
|t:|1786121937
|move|p1b: Kingambit|Protect|p1b: Kingambit
|-singleturn|p1b: Kingambit|Protect
|move|p2a: Sinistcha|Rage Powder|p2a: Sinistcha
|-singleturn|p2a: Sinistcha|move: Rage Powder
|move|p1a: Charizard|Heat Wave|p2a: Sinistcha|[spread] p2b
|-miss|p1a: Charizard|p2a: Sinistcha
|-resisted|p2b: Aerodactyl|1
|-damage|p2b: Aerodactyl|61/100
|move|p2b: Aerodactyl|Rock Slide|p1b: Kingambit|[spread] p1a
|-activate|p1b: Kingambit|move: Protect
|-supereffective|p1a: Charizard|2
|-damage|p1a: Charizard|0 fnt
|faint|p1a: Charizard
|
|-weather|SunnyDay|[upkeep]
|upkeep
|turn|4
|
|t:|1786121951
|move|p2b: Aerodactyl|Protect|p2b: Aerodactyl
|-singleturn|p2b: Aerodactyl|Protect
|move|p2a: Sinistcha|Protect|p2a: Sinistcha
|-singleturn|p2a: Sinistcha|Protect
|move|p1b: Kingambit|Iron Head|p2b: Aerodactyl
|-activate|p2b: Aerodactyl|move: Protect
|
|-weather|SunnyDay|[upkeep]
|-sideend|p1: 4prongedutsenil|move: Tailwind
|upkeep
|turn|5
|
|t:|1786121954
|move|p2b: Aerodactyl|Dual Wingbeat|p1b: Kingambit
|-resisted|p1b: Kingambit|1
|-damage|p1b: Kingambit|89/100
|-resisted|p1b: Kingambit|1
|-damage|p1b: Kingambit|78/100
|-hitcount|p1b: Kingambit|2
|move|p2a: Sinistcha|Matcha Gotcha|p1b: Kingambit|[miss]
|-miss|p2a: Sinistcha|p1b: Kingambit
|move|p1b: Kingambit|Iron Head|p2b: Aerodactyl
|-supereffective|p2b: Aerodactyl|1
|-damage|p2b: Aerodactyl|0 fnt
|faint|p2b: Aerodactyl
|
|-weather|SunnyDay|[upkeep]
|upkeep
|c|â˜†4prongedutsenil|Devious misclick n
|c|â˜†4prongedutsenil|Ngl
|
|t:|1786121963
|switch|p2b: Ninetales|Ninetales-Alola, L50, M|100/100
|-weather|Snowscape|[from] ability: Snow Warning|[of] p2b: Ninetales
|turn|6
|
|t:|1786121971
|move|p2a: Sinistcha|Rage Powder|p2a: Sinistcha
|-singleturn|p2a: Sinistcha|move: Rage Powder
|move|p2b: Ninetales|Moonblast|p1b: Kingambit
|-damage|p1b: Kingambit|28/100
|-damage|p2b: Ninetales|90/100|[from] item: Life Orb
|move|p1b: Kingambit|Iron Head|p2a: Sinistcha
|-damage|p2a: Sinistcha|52/100
|
|-weather|Snowscape|[upkeep]
|upkeep
|turn|7
|c|â˜†AustinMcballs|what did you misclick
|
|t:|1786121980
|move|p2a: Sinistcha|Rage Powder|p2a: Sinistcha
|-singleturn|p2a: Sinistcha|move: Rage Powder
|move|p2b: Ninetales|Moonblast|p1b: Kingambit
|-damage|p1b: Kingambit|0 fnt
|faint|p1b: Kingambit
|-damage|p2b: Ninetales|81/100|[from] item: Life Orb
|
|win|AustinMcballs
|inactive|4prongedutsenil has 30 seconds to confirm battle start!
|inactive|AustinMcballs has 30 seconds to confirm battle start!
||AustinMcballs is ready for game 3.
||4prongedutsenil is ready for game 3.
|uhtml|next|Next: Game 3 of 3
