|j|☆Missed Ledgedash
|j|☆plsbringregi
|html|Missed Ledgedashplsbringregi    
|uhtml|bestof|Game 1 of a best-of-3
|t:|1784583883
|gametype|doubles
|player|p1|Missed Ledgedash|juan-gen3|1223
|player|p2|plsbringregi|2|1467
|gen|9
|tier|[Gen 9 Champions] VGC 2026 Reg M-B (Bo3)
|rated|
|rule|Species Clause: Limit one of each Pokémon
|rule|Item Clause: Limit 1 of each item
|clearpoke
|poke|p1|Gengar, L50, F|
|poke|p1|Incineroar, L50, F|
|poke|p1|Swampert, L50, F|
|poke|p1|Politoed, L50, M|
|poke|p1|Archaludon, L50, M|
|poke|p1|Vivillon, L50, M|
|poke|p2|Staraptor, L50, M|
|poke|p2|Kleavor, L50, M|
|poke|p2|Gholdengo, L50|
|poke|p2|Primarina, L50, M|
|poke|p2|Talonflame, L50, M|
|poke|p2|Venusaur, L50, F|
|teampreview|4
|showteam|p1|Gengar||Gengarite|CursedBody|Protect,ShadowBall,SludgeBomb,PerishSong|Timid||F|||50|]Incineroar||PasshoBerry|Intimidate|Protect,DarkestLariat,PartingShot,FakeOut|Relaxed||F|||50|]Swampert||Swampertite|Torrent|Protect,WaveCrash,HighHorsepower,IcePunch|Adamant||F|||50|]Politoed||SitrusBerry|Drizzle|Protect,WeatherBall,PerishSong,Encore|Calm||M|||50|]Archaludon||Leftovers|Stamina|Protect,DragonPulse,FlashCannon,ElectroShot|Bold||M|||50|]Vivillon||FocusSash|CompoundEyes|Protect,Hurricane,SleepPowder,RagePowder|Timid||M|||50|
|showteam|p2|Staraptor||Staraptite|Intimidate|CloseCombat,BraveBird,Roost,Protect|Jolly||M|||50|]Kleavor||FocusSash|Sharpness|StoneAxe,XScissor,CloseCombat,Protect|Jolly||M|||50|]Gholdengo||LifeOrb|GoodasGold|ShadowBall,MakeItRain,NastyPlot,Protect|Modest|||||50|]Primarina||MysticWater|LiquidVoice|HyperVoice,Moonblast,HydroCannon,Protect|Modest||M|||50|]Talonflame||SharpBeak|GaleWings|BraveBird,FlareBlitz,Tailwind,Protect|Jolly||M|||50|]Venusaur||Venusaurite|Overgrow|GigaDrain,SludgeBomb,EarthPower,Protect|Modest||F|||50|
|
|t:|1784583958
|teamsize|p1|4
|teamsize|p2|4
|start
|switch|p1a: Gengar|Gengar, L50, F|100/100
|switch|p1b: Incineroar|Incineroar, L50, F|100/100
|switch|p2a: Talonflame|Talonflame, L50, M|100/100
|switch|p2b: Gholdengo|Gholdengo, L50|100/100
|-ability|p1b: Incineroar|Intimidate|boost
|-unboost|p2a: Talonflame|atk|1
|-unboost|p2b: Gholdengo|atk|1
|turn|1
|
|t:|1784583977
|detailschange|p1a: Gengar|Gengar-Mega, L50, F
|-mega|p1a: Gengar|Gengar|Gengarite
|move|p2a: Talonflame|Protect|p2a: Talonflame
|-singleturn|p2a: Talonflame|Protect
|move|p1a: Gengar|Protect|p1a: Gengar
|-singleturn|p1a: Gengar|Protect
|move|p2b: Gholdengo|Protect|p2b: Gholdengo
|-singleturn|p2b: Gholdengo|Protect
|move|p1b: Incineroar|Darkest Lariat|p2b: Gholdengo
|-activate|p2b: Gholdengo|move: Protect
|
|upkeep
|turn|2
|
|t:|1784584007
|switch|p1a: Politoed|Politoed, L50, M|100/100
|-weather|RainDance|[from] ability: Drizzle|[of] p1a: Politoed
|switch|p2b: Kleavor|Kleavor, L50, M|100/100
|move|p2a: Talonflame|Brave Bird|p1a: Politoed
|-damage|p1a: Politoed|66/100
|-damage|p2a: Talonflame|85/100|[from] Recoil
|move|p1b: Incineroar|Darkest Lariat|p2b: Kleavor
|-damage|p2b: Kleavor|57/100
|
|-weather|RainDance|[upkeep]
|upkeep
|turn|3
|
|t:|1784584023
|switch|p2a: Venusaur|Venusaur, L50, F|100/100
|move|p2b: Kleavor|Protect|p2b: Kleavor
|-singleturn|p2b: Kleavor|Protect
|move|p1a: Politoed|Weather Ball|p2b: Kleavor
|-activate|p2b: Kleavor|move: Protect
|move|p1b: Incineroar|Parting Shot|p2a: Venusaur
|-unboost|p2a: Venusaur|atk|1
|-unboost|p2a: Venusaur|spa|1
|
|t:|1784584033
|switch|p1b: Gengar|Gengar-Mega, L50, F|100/100|[from] Parting Shot
|
|-weather|RainDance|[upkeep]
|upkeep
|turn|4
|
|t:|1784584045
|switch|p1a: Incineroar|Incineroar, L50, F|100/100
|-ability|p1a: Incineroar|Intimidate|boost
|-unboost|p2a: Venusaur|atk|1
|-unboost|p2b: Kleavor|atk|1
|detailschange|p2a: Venusaur|Venusaur-Mega, L50, F
|-mega|p2a: Venusaur|Venusaur|Venusaurite
|move|p1b: Gengar|Protect|p1b: Gengar
|-singleturn|p1b: Gengar|Protect
|move|p2b: Kleavor|Stone Axe|p1b: Gengar
|-activate|p1b: Gengar|move: Protect
|move|p2a: Venusaur|Giga Drain|p1a: Incineroar
|-resisted|p1a: Incineroar|1
|-damage|p1a: Incineroar|89/100
|
|-weather|RainDance|[upkeep]
|upkeep
|turn|5
|
|t:|1784584060
|move|p1a: Incineroar|Fake Out|p2a: Venusaur
|-damage|p2a: Venusaur|90/100
|move|p1b: Gengar|Perish Song|p1b: Gengar
|-start|p1a: Incineroar|perish3|[silent]
|-start|p1b: Gengar|perish3|[silent]
|-start|p2a: Venusaur|perish3|[silent]
|-start|p2b: Kleavor|perish3|[silent]
|-fieldactivate|move: Perish Song
|move|p2b: Kleavor|Stone Axe|p1b: Gengar
|-damage|p1b: Gengar|57/100
|-sidestart|p1: Missed Ledgedash|move: Stealth Rock
|cant|p2a: Venusaur|flinch
|
|-weather|RainDance|[upkeep]
|-start|p1b: Gengar|perish3
|-start|p2b: Kleavor|perish3
|-start|p2a: Venusaur|perish3
|-start|p1a: Incineroar|perish3
|upkeep
|turn|6
|
|t:|1784584069
|move|p1b: Gengar|Protect|p1b: Gengar
|-singleturn|p1b: Gengar|Protect
|move|p1a: Incineroar|Protect|p1a: Incineroar
|-singleturn|p1a: Incineroar|Protect
|move|p2b: Kleavor|Stone Axe|p1b: Gengar
|-activate|p1b: Gengar|move: Protect
|move|p2a: Venusaur|Earth Power|p1b: Gengar
|-activate|p1b: Gengar|move: Protect
|
|-weather|none
|-start|p1b: Gengar|perish2
|-start|p2b: Kleavor|perish2
|-start|p2a: Venusaur|perish2
|-start|p1a: Incineroar|perish2
|upkeep
|turn|7
|
|t:|1784584080
|switch|p1b: Politoed|Politoed, L50, M|66/100
|-damage|p1b: Politoed|54/100|[from] Stealth Rock
|-weather|RainDance|[from] ability: Drizzle|[of] p1b: Politoed
|move|p2b: Kleavor|Stone Axe|p1a: Incineroar
|-supereffective|p1a: Incineroar|1
|-damage|p1a: Incineroar|40/100
|move|p2a: Venusaur|Earth Power|p1a: Incineroar
|-supereffective|p1a: Incineroar|1
|-damage|p1a: Incineroar|1/100
|-unboost|p1a: Incineroar|spd|1
|move|p1a: Incineroar|Parting Shot|p1b: Politoed
|-unboost|p1b: Politoed|atk|1
|-unboost|p1b: Politoed|spa|1
|
|t:|1784584103
|switch|p1a: Gengar|Gengar-Mega, L50, F|57/100|[from] Parting Shot
|-damage|p1a: Gengar|45/100|[from] Stealth Rock
|
|-weather|RainDance|[upkeep]
|-start|p2b: Kleavor|perish1
|-start|p2a: Venusaur|perish1
|upkeep
|turn|8
|
|t:|1784584110
|move|p1a: Gengar|Protect|p1a: Gengar
|-singleturn|p1a: Gengar|Protect
|move|p1b: Politoed|Protect|p1b: Politoed
|-singleturn|p1b: Politoed|Protect
|move|p2b: Kleavor|Stone Axe|p1a: Gengar
|-activate|p1a: Gengar|move: Protect
|move|p2a: Venusaur|Giga Drain|p1b: Politoed
|-activate|p1b: Politoed|move: Protect
|
|-weather|RainDance|[upkeep]
|-start|p2b: Kleavor|perish0
|-start|p2a: Venusaur|perish0
|faint|p2b: Kleavor
|faint|p2a: Venusaur
|upkeep
|
|t:|1784584112
|switch|p2b: Gholdengo|Gholdengo, L50|100/100
|switch|p2a: Talonflame|Talonflame, L50, M|85/100
|turn|9
|
|t:|1784584129
|switch|p1a: Incineroar|Incineroar, L50, F|1/100
|-damage|p1a: Incineroar|0 fnt|[from] Stealth Rock
|faint|p1a: Incineroar
|move|p2a: Talonflame|Tailwind|p2a: Talonflame
|-sidestart|p2: plsbringregi|move: Tailwind
|move|p2b: Gholdengo|Nasty Plot|p2b: Gholdengo
|-boost|p2b: Gholdengo|spa|2
|move|p1b: Politoed|Weather Ball|p2b: Gholdengo
|-damage|p2b: Gholdengo|68/100
|
|-weather|RainDance|[upkeep]
|upkeep
|
|t:|1784584145
|switch|p1a: Archaludon|Archaludon, L50, M|100/100
|-damage|p1a: Archaludon|93/100|[from] Stealth Rock
|turn|10
|
|t:|1784584171
|move|p2a: Talonflame|Protect|p2a: Talonflame
|-singleturn|p2a: Talonflame|Protect
|move|p2b: Gholdengo|Shadow Ball|p1a: Archaludon
|-damage|p1a: Archaludon|0 fnt
|faint|p1a: Archaludon
|-damage|p2b: Gholdengo|58/100|[from] item: Life Orb
|move|p1b: Politoed|Weather Ball|p2b: Gholdengo
|-damage|p2b: Gholdengo|24/100
|
|-weather|RainDance|[upkeep]
|upkeep
|
|t:|1784584181
|switch|p1a: Gengar|Gengar-Mega, L50, F|45/100
|-damage|p1a: Gengar|33/100|[from] Stealth Rock
|turn|11
|
|t:|1784584197
|move|p1a: Gengar|Protect|p1a: Gengar
|-singleturn|p1a: Gengar|Protect
|move|p2a: Talonflame|Brave Bird|p1a: Gengar
|-activate|p1a: Gengar|move: Protect
|move|p2b: Gholdengo|Shadow Ball|p1b: Politoed
|-damage|p1b: Politoed|0 fnt
|faint|p1b: Politoed
|-damage|p2b: Gholdengo|15/100|[from] item: Life Orb
|
|-weather|none
|upkeep
|turn|12
|
|t:|1784584208
|move|p1a: Gengar|Protect||[still]
|-fail|p1a: Gengar
|move|p2a: Talonflame|Brave Bird|p1a: Gengar
|-damage|p1a: Gengar|0 fnt
|faint|p1a: Gengar
|-damage|p2a: Talonflame|74/100|[from] Recoil
|
|win|plsbringregi
