|j|☆chocokoala vgc
|j|☆Purgatory12
|html|chocokoala vgcPurgatory12    
|uhtml|bestof|Game 1 of a best-of-3
|t:|1784478990
|gametype|doubles
|player|p1|chocokoala vgc|benga|1302
|player|p2|Purgatory12|170|1219
|gen|9
|tier|[Gen 9 Champions] VGC 2026 Reg M-B (Bo3)
|rated|
|rule|Species Clause: Limit one of each Pokémon
|rule|Item Clause: Limit 1 of each item
|clearpoke
|poke|p1|Scovillain, L50, F|
|poke|p1|Primarina, L50, F|
|poke|p1|Aerodactyl, L50, F|
|poke|p1|Garchomp, L50, F|
|poke|p1|Gholdengo, L50|
|poke|p1|Grimmsnarl, L50, M|
|poke|p2|Whimsicott, L50, M|
|poke|p2|Raichu, L50, M|
|poke|p2|Aerodactyl, L50, F|
|poke|p2|Farigiraf, L50, M|
|poke|p2|Basculegion, L50, M|
|poke|p2|Hydreigon, L50, F|
|teampreview|4
|showteam|p1|Scovillain||Scovillainite|Moody|Flamethrower,GigaDrain,Protect,RagePowder|Bold||F|||50|]Primarina||Leftovers|LiquidVoice|HyperVoice,Moonblast,Protect,CalmMind|Modest||F|||50|]Aerodactyl||Aerodactylite|Unnerve|RockSlide,DualWingbeat,Protect,Tailwind|Jolly||F|||50|]Garchomp||SoftSand|RoughSkin|Earthquake,StompingTantrum,Protect,DragonClaw|Jolly||F|||50|]Gholdengo||LifeOrb|GoodasGold|MakeItRain,ShadowBall,Protect,NastyPlot|Modest|||||50|]Grimmsnarl||LightClay|Prankster|LightScreen,Reflect,PartingShot,SpiritBreak|Sassy||M|||50|
|showteam|p2|Whimsicott||FocusSash|Prankster|Moonblast,Tailwind,Protect,Encore|Timid||M|||50|]Raichu||RaichuniteY|LightningRod|Protect,ZapCannon,FocusBlast,GrassKnot|Timid||M|||50|]Aerodactyl||Aerodactylite|Unnerve|Protect,RockSlide,IceFang,DualWingbeat|Jolly||F|||50|]Farigiraf||SitrusBerry|ArmorTail|TwinBeam,TrickRoom,HelpingHand,HyperVoice|Bold||M|||50|]Basculegion||LifeOrb|Adaptability|WaveCrash,LastRespects,Protect,AquaJet|Jolly||M|||50|]Hydreigon||ChoiceScarf|Levitate|DracoMeteor,DarkPulse,HeatWave,EarthPower|Modest||F|||50|
|inactive|Battle timer is ON: inactive players will automatically lose when time's up. (requested by chocokoala vgc)
|inactive|chocokoala vgc has 60 seconds left.
|inactive|Purgatory12 has 60 seconds left.
|inactive|Purgatory12 has 30 seconds left.
|inactive|Purgatory12 has 20 seconds left.
|inactive|Purgatory12 has 15 seconds left.
|inactive|Purgatory12 has 10 seconds left.
|inactive|Purgatory12 has 5 seconds left.
|
|t:|1784479078
|teamsize|p1|4
|teamsize|p2|4
|start
|switch|p1a: Grimmsnarl|Grimmsnarl, L50, M|100/100
|switch|p1b: Scovillain|Scovillain, L50, F|100/100
|switch|p2a: Farigiraf|Farigiraf, L50, M|100/100
|switch|p2b: Raichu|Raichu, L50, M|100/100
|turn|1
|
|t:|1784479100
|detailschange|p2b: Raichu|Raichu-Mega-Y, L50, M
|-mega|p2b: Raichu|Raichu|Raichunite Y
|move|p2a: Farigiraf|Helping Hand|p2b: Raichu
|-singleturn|p2b: Raichu|Helping Hand|[of] p2a: Farigiraf
|move|p1a: Grimmsnarl|Light Screen|p1a: Grimmsnarl
|-sidestart|p1: chocokoala vgc|move: Light Screen
|move|p2b: Raichu|Zap Cannon|p1a: Grimmsnarl
|-damage|p1a: Grimmsnarl|41/100
|-status|p1a: Grimmsnarl|par
|move|p1b: Scovillain|Giga Drain|p2a: Farigiraf
|-damage|p2a: Farigiraf|72/100
|
|-ability|p1b: Scovillain|Moody|boost
|-boost|p1b: Scovillain|def|2
|-unboost|p1b: Scovillain|spa|1
|upkeep
|turn|2
|inactive|Purgatory12 has 30 seconds left.
|
|t:|1784479129
|move|p2a: Farigiraf|Helping Hand|p2b: Raichu
|-singleturn|p2b: Raichu|Helping Hand|[of] p2a: Farigiraf
|move|p1a: Grimmsnarl|Reflect|p1a: Grimmsnarl
|-sidestart|p1: chocokoala vgc|Reflect
|move|p2b: Raichu|Zap Cannon|p1a: Grimmsnarl
|-damage|p1a: Grimmsnarl|0 fnt
|faint|p1a: Grimmsnarl
|move|p1b: Scovillain|Giga Drain|p2a: Farigiraf
|-damage|p2a: Farigiraf|53/100
|
|-ability|p1b: Scovillain|Moody|boost
|-boost|p1b: Scovillain|def|2
|-unboost|p1b: Scovillain|spe|1
|upkeep
|
|t:|1784479141
|switch|p1a: Garchomp|Garchomp, L50, F|100/100
|turn|3
|
|t:|1784479152
|switch|p2b: Hydreigon|Hydreigon, L50, F|100/100
|move|p1a: Garchomp|Earthquake|p2b: Hydreigon|[spread] p1b,p2a
|-immune|p2b: Hydreigon|[from] ability: Levitate
|-damage|p1b: Scovillain|88/100
|-damage|p2a: Farigiraf|13/100
|-enditem|p2a: Farigiraf|Sitrus Berry|[eat]
|-heal|p2a: Farigiraf|38/100|[from] item: Sitrus Berry
|move|p2a: Farigiraf|Hyper Voice|p1a: Garchomp|[spread] p1a,p1b
|-damage|p1a: Garchomp|81/100
|-damage|p1b: Scovillain|68/100
|move|p1b: Scovillain|Giga Drain|p2a: Farigiraf
|-damage|p2a: Farigiraf|17/100
|-heal|p1b: Scovillain|81/100|[from] drain|[of] p2a: Farigiraf
|
|-ability|p1b: Scovillain|Moody|boost
|-boost|p1b: Scovillain|def|2
|-unboost|p1b: Scovillain|spd|1
|upkeep
|turn|4
|
|t:|1784479175
|switch|p1a: Primarina|Primarina, L50, F|100/100
|move|p2a: Farigiraf|Helping Hand|p2b: Hydreigon
|-singleturn|p2b: Hydreigon|Helping Hand|[of] p2a: Farigiraf
|move|p1b: Scovillain|Protect|p1b: Scovillain
|-singleturn|p1b: Scovillain|Protect
|move|p2b: Hydreigon|Draco Meteor|p1a: Primarina
|-immune|p1a: Primarina
|
|-ability|p1b: Scovillain|Moody|boost
|-boost|p1b: Scovillain|spd|2
|-unboost|p1b: Scovillain|def|1
|upkeep
|turn|5
|
|t:|1784479190
|move|p2a: Farigiraf|Helping Hand|p2b: Hydreigon
|-singleturn|p2b: Hydreigon|Helping Hand|[of] p2a: Farigiraf
|move|p2b: Hydreigon|Draco Meteor|p1b: Scovillain
|-damage|p1b: Scovillain|23/100
|-unboost|p2b: Hydreigon|spa|2
|move|p1a: Primarina|Moonblast|p2b: Hydreigon
|-supereffective|p2b: Hydreigon|2
|-damage|p2b: Hydreigon|0 fnt
|faint|p2b: Hydreigon
|move|p1b: Scovillain|Giga Drain|p2a: Farigiraf
|-damage|p2a: Farigiraf|0 fnt
|-heal|p1b: Scovillain|34/100|[from] drain|[of] p2a: Farigiraf
|faint|p2a: Farigiraf
|
|-ability|p1b: Scovillain|Moody|boost
|-boost|p1b: Scovillain|def|1
|-unboost|p1b: Scovillain|spd|1
|upkeep
|
|t:|1784479202
|switch|p2b: Raichu|Raichu-Mega-Y, L50, M|100/100
|switch|p2a: Basculegion|Basculegion, L50, M|100/100
|turn|6
|inactive|Purgatory12 has 30 seconds left.
|inactive|Purgatory12 has 20 seconds left.
|inactive|Purgatory12 has 15 seconds left.
|inactive|Purgatory12 has 10 seconds left.
|
|t:|1784479250
|move|p1a: Primarina|Protect|p1a: Primarina
|-singleturn|p1a: Primarina|Protect
|move|p1b: Scovillain|Protect|p1b: Scovillain
|-singleturn|p1b: Scovillain|Protect
|move|p2b: Raichu|Focus Blast|p1b: Scovillain
|-activate|p1b: Scovillain|move: Protect
|move|p2a: Basculegion|Last Respects|p1a: Primarina
|-activate|p1a: Primarina|move: Protect
|
|-ability|p1b: Scovillain|Moody|boost
|-boost|p1b: Scovillain|spe|2
|-unboost|p1b: Scovillain|spd|1
|upkeep
|turn|7
|
|t:|1784479267
|detailschange|p1b: Scovillain|Scovillain-Mega, L50, F
|-mega|p1b: Scovillain|Scovillain|Scovillainite
|move|p2b: Raichu|Focus Blast|p1b: Scovillain
|-damage|p1b: Scovillain|0 fnt
|-status|p2b: Raichu|brn|[from] ability: Spicy Spray|[of] p1b: Scovillain
|faint|p1b: Scovillain
|move|p2a: Basculegion|Last Respects|p1a: Primarina
|-damage|p1a: Primarina|0 fnt
|faint|p1a: Primarina
|-damage|p2a: Basculegion|90/100|[from] item: Life Orb
|
|-damage|p2b: Raichu|94/100 brn|[from] brn
|upkeep
|
|t:|1784479277
|switch|p1b: Garchomp|Garchomp, L50, F|81/100
|turn|8
|
|t:|1784479290
|move|p2b: Raichu|Focus Blast|p1b: Garchomp
|-damage|p1b: Garchomp|44/100
|move|p1b: Garchomp|Stomping Tantrum|p2a: Basculegion
|-damage|p2a: Basculegion|32/100
|move|p2a: Basculegion|Last Respects|p1b: Garchomp
|-damage|p1b: Garchomp|0 fnt
|faint|p1b: Garchomp
|-damage|p2a: Basculegion|22/100|[from] item: Life Orb
|
|win|Purgatory12
