|j|☆IvoTerrone
|j|☆lox1sm
|html|IvoTerronelox1sm    
|uhtml|bestof|Game 1 of a best-of-3
|t:|1783002117
|gametype|doubles
|player|p1|IvoTerrone|gambler|1139
|player|p2|lox1sm|veteran|1242
|gen|9
|tier|[Gen 9 Champions] VGC 2026 Reg M-B (Bo3)
|rated|
|rule|Species Clause: Limit one of each Pokémon
|rule|Item Clause: Limit 1 of each item
|clearpoke
|poke|p1|Froslass, L50, F|
|poke|p1|Scovillain, L50, F, shiny|
|poke|p1|Basculegion, L50, M|
|poke|p1|Kingambit, L50, M|
|poke|p1|Sneasler, L50, F|
|poke|p1|Lycanroc-Dusk, L50, M|
|poke|p2|Charizard, L50, M|
|poke|p2|Aerodactyl, L50, M|
|poke|p2|Garchomp, L50, F|
|poke|p2|Kingambit, L50, F|
|poke|p2|Farigiraf, L50, M|
|poke|p2|Primarina, L50, M|
|teampreview|4
|showteam|p1|Froslass||Froslassite|CursedBody|Blizzard,ShadowBall,AuroraVeil,Protect|Modest||F|||50|]Scovillain||Scovillainite|Moody|GigaDrain,Overheat,RagePowder,Protect|Bold||F|||50|]Basculegion||SitrusBerry|Adaptability|WaveCrash,LastRespects,AquaJet,Protect|Adamant||M|||50|]Kingambit||BlackGlasses|Defiant|KowtowCleave,SuckerPunch,SwordsDance,Protect|Adamant||M|||50|]Sneasler||WhiteHerb|Unburden|CloseCombat,GunkShot,Protect,FakeOut|Adamant||F|||50|]Lycanroc-Dusk||FocusSash|ToughClaws|CloseCombat,Accelerock,RockSlide,Protect|Adamant||M|||50|
|showteam|p2|Charizard||CharizarditeY|Blaze|HeatWave,WeatherBall,SolarBeam,Protect|Modest||M|||50|]Aerodactyl||Aerodactylite|RockHead|RockSlide,IceFang,Tailwind,Protect|Jolly||M|||50|]Garchomp||LifeOrb|RoughSkin|DragonClaw,Earthquake,RockSlide,Protect|Jolly||F|||50|]Kingambit||FocusSash|Defiant|KowtowCleave,SuckerPunch,IronHead,LowKick|Adamant||F|||50|]Farigiraf||ExpertBelt|ArmorTail|Psychic,DazzlingGleam,Thunderbolt,TrickRoom|Modest||M|||50|]Primarina||MysticWater|LiquidVoice|HyperVoice,Moonblast,Haze,Protect|Modest||M|||50|
|
|t:|1783002204
|teamsize|p1|4
|teamsize|p2|4
|start
|switch|p1a: Lycanroc|Lycanroc-Dusk, L50, M|100/100
|switch|p1b: Scovillain|Scovillain, L50, F, shiny|100/100
|switch|p2a: Aerodactyl|Aerodactyl, L50, M|100/100
|switch|p2b: Charizard|Charizard, L50, M|100/100
|turn|1
|
|t:|1783002235
|detailschange|p1b: Scovillain|Scovillain-Mega, L50, F, shiny
|-mega|p1b: Scovillain|Scovillain|Scovillainite
|move|p2b: Charizard|Protect|p2b: Charizard
|-singleturn|p2b: Charizard|Protect
|move|p2a: Aerodactyl|Tailwind|p2a: Aerodactyl
|-sidestart|p2: lox1sm|move: Tailwind
|move|p1a: Lycanroc|Rock Slide|p2b: Charizard|[spread] p2a
|-activate|p2b: Charizard|move: Protect
|-supereffective|p2a: Aerodactyl|1
|-damage|p2a: Aerodactyl|15/100
|move|p1b: Scovillain|Giga Drain|p2a: Aerodactyl
|-damage|p2a: Aerodactyl|0 fnt
|faint|p2a: Aerodactyl
|
|upkeep
|
|t:|1783002254
|switch|p2a: Primarina|Primarina, L50, M|100/100
|turn|2
|
|t:|1783002306
|switch|p2a: Farigiraf|Farigiraf, L50, M|100/100
|detailschange|p2b: Charizard|Charizard-Mega-Y, L50, M
|-mega|p2b: Charizard|Charizard|Charizardite Y
|-weather|SunnyDay|[from] ability: Drought|[of] p2b: Charizard
|move|p1a: Lycanroc|Accelerock||[still]
|cant|p2a: Farigiraf|ability: Armor Tail|Accelerock|[of] p1a: Lycanroc
|move|p2b: Charizard|Heat Wave|p1a: Lycanroc|[spread] p1a,p1b
|-resisted|p1a: Lycanroc|1
|-crit|p1a: Lycanroc
|-crit|p1b: Scovillain
|-damage|p1a: Lycanroc|24/100
|-damage|p1b: Scovillain|3/100
|-immune|p2b: Charizard
|move|p1b: Scovillain|Giga Drain|p2a: Farigiraf
|-damage|p2a: Farigiraf|65/100
|-heal|p1b: Scovillain|25/100|[from] drain|[of] p2a: Farigiraf
|
|-weather|SunnyDay|[upkeep]
|upkeep
|turn|3
|
|t:|1783002360
|move|p1a: Lycanroc|Protect|p1a: Lycanroc
|-singleturn|p1a: Lycanroc|Protect
|move|p2b: Charizard|Heat Wave|p1b: Scovillain|[spread] p1b
|-activate|p1a: Lycanroc|move: Protect
|-damage|p1b: Scovillain|0 fnt
|-immune|p2b: Charizard
|faint|p1b: Scovillain
|move|p2a: Farigiraf|Thunderbolt|p1a: Lycanroc
|-activate|p1a: Lycanroc|move: Protect
|
|-weather|SunnyDay|[upkeep]
|upkeep
|
|t:|1783002375
|switch|p1b: Sneasler|Sneasler, L50, F|100/100
|turn|4
|
|t:|1783002399
|switch|p1a: Kingambit|Kingambit, L50, M|100/100
|move|p1b: Sneasler|Protect|p1b: Sneasler
|-singleturn|p1b: Sneasler|Protect
|move|p2b: Charizard|Heat Wave|p1b: Sneasler|[spread] p1a
|-activate|p1b: Sneasler|move: Protect
|-supereffective|p1a: Kingambit|1
|-damage|p1a: Kingambit|0 fnt
|faint|p1a: Kingambit
|move|p2a: Farigiraf|Trick Room|p2a: Farigiraf
|-fieldstart|move: Trick Room|[of] p2a: Farigiraf
|
|-weather|SunnyDay|[upkeep]
|-sideend|p2: lox1sm|move: Tailwind
|upkeep
|
|t:|1783002410
|switch|p1a: Lycanroc|Lycanroc-Dusk, L50, M|24/100
|turn|5
|
|t:|1783002422
|move|p2a: Farigiraf|Psychic|p1b: Sneasler
|-supereffective|p1b: Sneasler|2
|-damage|p1b: Sneasler|0 fnt
|faint|p1b: Sneasler
|move|p2b: Charizard|Weather Ball|p1a: Lycanroc
|-resisted|p1a: Lycanroc|1
|-damage|p1a: Lycanroc|0 fnt
|faint|p1a: Lycanroc
|
|win|lox1sm
||IvoTerrone is ready for game 2.
|inactive|lox1sm has 30 seconds to confirm battle start!
||lox1sm is ready for game 2.
|uhtml|next|Next: Game 2 of 3
|l|☆IvoTerrone
|player|p1|
