|j|☆beeetch
|j|☆natcentre
|html|beeetchnatcentre    
|uhtml|bestof|Game 1 of a best-of-3
|t:|1756155052
|gametype|doubles
|player|p1|beeetch|beauty-gen4dp|1322
|player|p2|natcentre|169|1301
|gen|9
|tier|[Gen 9] VGC 2025 Reg H (Bo3)
|rated|
|rule|Species Clause: Limit one of each Pokémon
|rule|Item Clause: Limit 1 of each item
|clearpoke
|poke|p1|Toedscruel, L50, M|
|poke|p1|Weezing-Galar, L50, M|
|poke|p1|Corviknight, L50, M|
|poke|p1|Pawmot, L50, M|
|poke|p1|Garchomp, L50, F|
|poke|p1|Typhlosion-Hisui, L50, F|
|poke|p2|Palafin, L50, M|
|poke|p2|Rillaboom, L50, F|
|poke|p2|Volcarona, L50, M|
|poke|p2|Sneasler, L50, M|
|poke|p2|Kingambit, L50, F|
|poke|p2|Dragapult, L50, F|
|teampreview|4
|showteam|p1|Toedscruel||CovertCloak|MyceliumMight|Spore,EarthPower,AcidSpray,RagePowder|||M|||50|,,,,,Water]Weezing-Galar||ChoiceSpecs|NeutralizingGas|DazzlingGleam,SludgeBomb,StrangeSteam,Flamethrower|||M|||50|,,,,,Flying]Corviknight||SitrusBerry|MirrorArmor|Protect,Tailwind,Roost,BraveBird|||M|||50|,,,,,Dragon]Pawmot||FocusSash|NaturalCure|Protect,CloseCombat,DoubleShock,FakeOut|||M|||50|,,,,,Electric]Garchomp||LifeOrb|RoughSkin|Protect,Earthquake,DragonClaw,StompingTantrum|||F|||50|,,,,,Ground]Typhlosion-Hisui||ChoiceScarf|Blaze|Eruption,SleepTalk,HeatWave,ShadowBall|||F|||50|,,,,,Fire
|showteam|p2|Palafin||MysticWater|ZerotoHero|Protect,WaveCrash,JetPunch,Haze|||M|||50|,,,,,Grass]Rillaboom||AssaultVest|GrassySurge|WoodHammer,Uturn,GrassyGlide,FakeOut|||F|||50|,,,,,Fire]Volcarona||SitrusBerry|FlameBody|Protect,HeatWave,Overheat,Tailwind|||M|||50|,,,,,Fairy]Sneasler||FocusSash|Unburden|Protect,FakeOut,DireClaw,CloseCombat|||M|||50|,,,,,Stellar]Kingambit||SafetyGoggles|Defiant|Protect,KowtowCleave,SuckerPunch,SwordsDance|||F|||50|,,,,,Ghost]Dragapult||ChoiceSpecs|ClearBody|DracoMeteor,ShadowBall,DragonPulse,TeraBlast|||F|||50|,,,,,Fairy
|
|t:|1756155085
|teamsize|p1|4
|teamsize|p2|4
|start
|switch|p1a: Weezing|Weezing-Galar, L50, M|100/100
|switch|p1b: Garchomp|Garchomp, L50, F|100/100
|switch|p2a: Palafin|Palafin, L50, M|100/100
|switch|p2b: Volcarona|Volcarona, L50, M|100/100
|-ability|p1a: Weezing|Neutralizing Gas
|turn|1
|
|t:|1756155157
|-terastallize|p1a: Weezing|Flying
|move|p2a: Palafin|Protect|p2a: Palafin
|-singleturn|p2a: Palafin|Protect
|move|p1b: Garchomp|Earthquake|p2a: Palafin|[spread] p2b
|-activate|p2a: Palafin|move: Protect
|-immune|p1a: Weezing
|-damage|p2b: Volcarona|31/100
|-enditem|p2b: Volcarona|Sitrus Berry|[eat]
|-heal|p2b: Volcarona|56/100|[from] item: Sitrus Berry
|-damage|p1b: Garchomp|91/100|[from] item: Life Orb
|move|p2b: Volcarona|Tailwind|p2b: Volcarona
|-sidestart|p2: natcentre|move: Tailwind
|move|p1a: Weezing|Sludge Bomb|p2b: Volcarona
|-damage|p2b: Volcarona|6/100
|
|upkeep
|turn|2
|
|t:|1756155174
|move|p2a: Palafin|Wave Crash|p1a: Weezing
|-damage|p1a: Weezing|46/100
|-damage|p2a: Palafin|86/100|[from] Recoil
|move|p2b: Volcarona|Overheat|p1a: Weezing
|-damage|p1a: Weezing|0 fnt
|-unboost|p2b: Volcarona|spa|2
|faint|p1a: Weezing
|-end|p1a: Weezing|ability: Neutralizing Gas
|move|p1b: Garchomp|Earthquake|p2b: Volcarona|[spread] p2a,p2b
|-damage|p2a: Palafin|28/100
|-damage|p2b: Volcarona|0 fnt
|faint|p2b: Volcarona
|-damage|p1b: Garchomp|81/100|[from] item: Life Orb
|
|upkeep
|
|t:|1756155187
|switch|p2b: Dragapult|Dragapult, L50, F|100/100
|switch|p1a: Pawmot|Pawmot, L50, M|100/100
|turn|3
|
|t:|1756155218
|detailschange|p2a: Palafin|Palafin-Hero, L50, M
|switch|p2a: Sneasler|Sneasler, L50, M|100/100
|switch|p1b: Corviknight|Corviknight, L50, M|100/100
|move|p2b: Dragapult|Draco Meteor|p1b: Corviknight
|-resisted|p1b: Corviknight
|-damage|p1b: Corviknight|65/100
|-unboost|p2b: Dragapult|spa|2
|move|p1a: Pawmot|Double Shock|p2b: Dragapult
|-resisted|p2b: Dragapult
|-damage|p2b: Dragapult|64/100
|-start|p1a: Pawmot|typechange|???/Fighting|[from] move: Double Shock
|
|upkeep
|turn|4
|
|t:|1756155235
|-terastallize|p2a: Sneasler|Stellar
|move|p1a: Pawmot|Protect|p1a: Pawmot
|-singleturn|p1a: Pawmot|Protect
|move|p2b: Dragapult|Draco Meteor|p1a: Pawmot
|-activate|p1a: Pawmot|move: Protect
|move|p2a: Sneasler|Close Combat|p1b: Corviknight
|-damage|p1b: Corviknight|0 fnt
|-unboost|p2a: Sneasler|def|1
|-unboost|p2a: Sneasler|spd|1
|faint|p1b: Corviknight
|
|-sideend|p2: natcentre|move: Tailwind
|upkeep
|
|t:|1756155244
|switch|p1b: Garchomp|Garchomp, L50, F|81/100
|turn|5
|
|t:|1756155253
|move|p2b: Dragapult|Draco Meteor|p1b: Garchomp
|-supereffective|p1b: Garchomp
|-damage|p1b: Garchomp|0 fnt
|-unboost|p2b: Dragapult|spa|2
|faint|p1b: Garchomp
|move|p2a: Sneasler|Close Combat|p1a: Pawmot
|-enditem|p1a: Pawmot|Focus Sash
|-damage|p1a: Pawmot|1/100
|-unboost|p2a: Sneasler|def|1
|-unboost|p2a: Sneasler|spd|1
|move|p1a: Pawmot|Close Combat|p2a: Sneasler
|-resisted|p2a: Sneasler
|-damage|p2a: Sneasler|7/100
|-unboost|p1a: Pawmot|def|1
|-unboost|p1a: Pawmot|spd|1
|
|upkeep
|turn|6
|
|t:|1756155269
|move|p2b: Dragapult|Draco Meteor|p1a: Pawmot
|-damage|p1a: Pawmot|0 fnt
|-unboost|p2b: Dragapult|spa|2
|faint|p1a: Pawmot
|
|win|natcentre
||natcentre is ready for game 2.
|l|☆natcentre
|player|p2|
