|j|☆azuredreamer vg
|j|☆royalpooppi
|html|azuredreamer vgroyalpooppi    
|uhtml|bestof|Game 2 of a best-of-3
|t:|1756257528
|gametype|doubles
|player|p1|azuredreamer vg|1|1160
|player|p2|royalpooppi|lucas|1172
|gen|9
|tier|[Gen 9] VGC 2025 Reg H (Bo3)
|rated|
|rule|Species Clause: Limit one of each Pokémon
|rule|Item Clause: Limit 1 of each item
|clearpoke
|poke|p1|Annihilape, L50, M|
|poke|p1|Archaludon, L50, M|
|poke|p1|Ursaluna-Bloodmoon, L50, M|
|poke|p1|Whimsicott, L50, M|
|poke|p1|Basculegion, L50, M|
|poke|p1|Pelipper, L50, M|
|poke|p2|Frosmoth, L50, F|
|poke|p2|Abomasnow, L50, M|
|poke|p2|Ninetales-Alola, L50, M|
|poke|p2|Baxcalibur, L50, F|
|poke|p2|Weavile, L50, F|
|poke|p2|Mamoswine, L50, M|
|teampreview|4
|showteam|p1|Annihilape||ChoiceScarf|Defiant|FinalGambit,RageFist,Uturn,CloseCombat|||M|||50|,,,,,Grass]Archaludon||AssaultVest|Stamina|BodyPress,FlashCannon,ElectroShot,DracoMeteor|||M|||50|,,,,,Water]Ursaluna-Bloodmoon||LifeOrb|MindsEye|EarthPower,BloodMoon,HyperVoice,Protect|||M|||50|,,,,,Normal]Whimsicott||FocusSash|Prankster|Moonblast,BeatUp,Tailwind,Taunt|||M|||50|,,,,,Ghost]Basculegion||ChoiceBand|SwiftSwim|WaveCrash,FlipTurn,LastRespects,AquaJet|||M|||50|,,,,,Water]Pelipper||CovertCloak|Drizzle|WeatherBall,Hurricane,Tailwind,Protect|||M|||50|,,,,,Ground
|showteam|p2|Frosmoth||CovertCloak|IceScales|IceBeam,Tailwind,WideGuard,HelpingHand|||F|||50|,,,,,Water]Abomasnow||LifeOrb|SnowWarning|Blizzard,EnergyBall,Protect,EarthPower|||M|||50|,,,,,Ice]Ninetales-Alola||LightClay|SnowWarning|Blizzard,IcyWind,AuroraVeil,Protect|||M|||50|,,,,,Ghost]Baxcalibur||ClearAmulet|IceBody|GlaiveRush,IceShard,SwordsDance,Protect|||F|||50|,,,,,Poison]Weavile||FocusSash|Pickpocket|TripleAxel,KnockOff,FakeOut,Protect|||F|||50|,,,,,Ice]Mamoswine||ChoiceBand|Oblivious|HighHorsepower,IcicleCrash,IceShard,RockSlide|||M|||50|,,,,,Ghost
|inactive|Battle timer is ON: inactive players will automatically lose when time's up. (requested by azuredreamer vg)
|
|t:|1756257551
|teamsize|p1|4
|teamsize|p2|4
|start
|switch|p1a: Annihilape|Annihilape, L50, M|100/100
|switch|p1b: Whimsicott|Whimsicott, L50, M|100/100
|switch|p2a: Frosmoth|Frosmoth, L50, F|100/100
|switch|p2b: Abomasnow|Abomasnow, L50, M|100/100
|-weather|Snowscape|[from] ability: Snow Warning|[of] p2b: Abomasnow
|turn|1
|
|t:|1756257566
|move|p1b: Whimsicott|Taunt|p2a: Frosmoth
|-start|p2a: Frosmoth|move: Taunt
|move|p1a: Annihilape|U-turn|p2b: Abomasnow
|-supereffective|p2b: Abomasnow
|-damage|p2b: Abomasnow|61/100
|
|t:|1756257571
|switch|p1a: Archaludon|Archaludon, L50, M, shiny|100/100|[from] U-turn
|move|p2b: Abomasnow|Blizzard|p1b: Whimsicott|[spread] p1a,p1b
|-supereffective|p1b: Whimsicott
|-damage|p1a: Archaludon|69/100
|-enditem|p1b: Whimsicott|Focus Sash
|-damage|p1b: Whimsicott|1/100
|-ability|p1a: Archaludon|Stamina|boost
|-boost|p1a: Archaludon|def|1
|-damage|p2b: Abomasnow|51/100|[from] item: Life Orb
|cant|p2a: Frosmoth|move: Taunt|Tailwind
|
|-weather|Snowscape|[upkeep]
|upkeep
|turn|2
|inactive|azuredreamer vg has 30 seconds left.
|inactive|azuredreamer vg has 20 seconds left.
|inactive|azuredreamer vg has 15 seconds left.
|inactive|azuredreamer vg has 10 seconds left.
|inactive|azuredreamer vg has 5 seconds left.
|
|t:|1756257622
|-terastallize|p1a: Archaludon|Water
|move|p2b: Abomasnow|Protect|p2b: Abomasnow
|-singleturn|p2b: Abomasnow|Protect
|move|p1b: Whimsicott|Tailwind|p1b: Whimsicott
|-sidestart|p1: azuredreamer vg|move: Tailwind
|move|p1a: Archaludon|Body Press|p2b: Abomasnow
|-activate|p2b: Abomasnow|move: Protect
|move|p2a: Frosmoth|Ice Beam|p1a: Archaludon
|-resisted|p1a: Archaludon
|-damage|p1a: Archaludon|54/100
|-ability|p1a: Archaludon|Stamina|boost
|-boost|p1a: Archaludon|def|1
|
|-weather|Snowscape|[upkeep]
|upkeep
|turn|3
|inactive|azuredreamer vg has 30 seconds left.
|inactive|azuredreamer vg has 20 seconds left.
|inactive|azuredreamer vg has 15 seconds left.
|inactive|azuredreamer vg has 10 seconds left.
|
|t:|1756257669
|switch|p1b: Pelipper|Pelipper, L50, M|100/100
|-weather|RainDance|[from] ability: Drizzle|[of] p1b: Pelipper
|switch|p2b: Weavile|Weavile, L50, F|100/100
|move|p1a: Archaludon|Flash Cannon|p2b: Weavile
|-supereffective|p2b: Weavile
|-enditem|p2b: Weavile|Focus Sash
|-damage|p2b: Weavile|1/100
|move|p2a: Frosmoth|Ice Beam|p1a: Archaludon
|-resisted|p1a: Archaludon
|-damage|p1a: Archaludon|41/100
|-status|p1a: Archaludon|frz
|-ability|p1a: Archaludon|Stamina|boost
|-boost|p1a: Archaludon|def|1
|
|-weather|RainDance|[upkeep]
|-end|p2a: Frosmoth|move: Taunt
|upkeep
|turn|4
|inactive|azuredreamer vg has 30 seconds left.
|
|t:|1756257703
|move|p2b: Weavile|Protect|p2b: Weavile
|-singleturn|p2b: Weavile|Protect
|move|p1b: Pelipper|Hurricane|p2a: Frosmoth
|-supereffective|p2a: Frosmoth
|-damage|p2a: Frosmoth|48/100
|cant|p1a: Archaludon|frz
|move|p2a: Frosmoth|Tailwind|p2a: Frosmoth
|-sidestart|p2: royalpooppi|move: Tailwind
|
|-weather|RainDance|[upkeep]
|upkeep
|turn|5
|
|t:|1756257722
|move|p2a: Frosmoth|Helping Hand|p2b: Weavile
|-singleturn|p2b: Weavile|Helping Hand|[of] p2a: Frosmoth
|move|p2b: Weavile|Triple Axel|p1b: Pelipper
|-damage|p1b: Pelipper|81/100
|-damage|p1b: Pelipper|40/100
|-damage|p1b: Pelipper|0 fnt
|faint|p1b: Pelipper
|-hitcount|p1: Pelipper|3
|cant|p1a: Archaludon|frz
|
|-weather|RainDance|[upkeep]
|-sideend|p1: azuredreamer vg|move: Tailwind
|upkeep
|
|t:|1756257733
|switch|p1b: Annihilape|Annihilape, L50, M|100/100
|turn|6
|
|t:|1756257747
|-terastallize|p2b: Weavile|Ice
|move|p2a: Frosmoth|Helping Hand|p2b: Weavile
|-singleturn|p2b: Weavile|Helping Hand|[of] p2a: Frosmoth
|move|p2b: Weavile|Triple Axel|p1b: Annihilape
|-damage|p1b: Annihilape|80/100
|-damage|p1b: Annihilape|36/100
|-damage|p1b: Annihilape|0 fnt
|faint|p1b: Annihilape
|-hitcount|p1: Annihilape|3
|cant|p1a: Archaludon|frz
|
|-weather|RainDance|[upkeep]
|upkeep
|
|t:|1756257755
|switch|p1b: Whimsicott|Whimsicott, L50, M|1/100
|turn|7
|
|t:|1756257764
|move|p1b: Whimsicott|Tailwind|p1b: Whimsicott
|-sidestart|p1: azuredreamer vg|move: Tailwind
|move|p2b: Weavile|Knock Off|p1a: Archaludon
|-damage|p1a: Archaludon|27/100 frz
|-ability|p1a: Archaludon|Stamina|boost
|-boost|p1a: Archaludon|def|1
|-enditem|p1a: Archaludon|Assault Vest|[from] move: Knock Off|[of] p2b: Weavile
|cant|p1a: Archaludon|frz
|move|p2a: Frosmoth|Ice Beam|p1b: Whimsicott
|-supereffective|p1b: Whimsicott
|-damage|p1b: Whimsicott|0 fnt
|faint|p1b: Whimsicott
|
|-weather|none
|-sideend|p2: royalpooppi|move: Tailwind
|upkeep
|turn|8
|
|t:|1756257773
|cant|p1a: Archaludon|frz
|move|p2b: Weavile|Knock Off|p1a: Archaludon
|-damage|p1a: Archaludon|19/100 frz
|-ability|p1a: Archaludon|Stamina|boost
|-boost|p1a: Archaludon|def|1
|move|p2a: Frosmoth|Ice Beam|p1a: Archaludon
|-resisted|p1a: Archaludon
|-damage|p1a: Archaludon|0 fnt
|faint|p1a: Archaludon
|
|win|royalpooppi
|l|☆royalpooppi
|player|p2|
||royalpooppi is ready for game 3.
|c|☆azuredreamer vg|rough
