|j|☆BoloinaBox
|j|☆GubGubFan
|html|BoloinaBoxGubGubFan    
|uhtml|bestof|Game 2 of a best-of-3
|t:|1757005100
|gametype|doubles
|player|p1|BoloinaBox|170|1089
|player|p2|GubGubFan|169|1112
|gen|9
|tier|[Gen 9] VGC 2025 Reg H (Bo3)
|rated|
|rule|Species Clause: Limit one of each Pokémon
|rule|Item Clause: Limit 1 of each item
|clearpoke
|poke|p1|Kingambit, L50, M|
|poke|p1|Electabuzz, L50, M|
|poke|p1|Primarina, L50, M|
|poke|p1|Rillaboom, L50, F|
|poke|p1|Sneasler, L50, M|
|poke|p1|Ceruledge, L50, M|
|poke|p2|Gholdengo, L50|
|poke|p2|Sneasler, L50, M|
|poke|p2|Rillaboom, L50, M|
|poke|p2|Dragonite, L50, F|
|poke|p2|Ninetales-Alola, L50, F|
|poke|p2|Arcanine-Hisui, L50, M|
|teampreview|4
|showteam|p1|Kingambit||DreadPlate|Defiant|KowtowCleave,SuckerPunch,SwordsDance,Protect|||M|||50|,,,,,Dark]Electabuzz||Eviolite|VitalSpirit|Electroweb,Taunt,FollowMe,Protect|||M|||50|,,,,,Dragon]Primarina||ThroatSpray|LiquidVoice|HyperVoice,Moonblast,Haze,Protect|||M|||50|,,,,,Poison]Rillaboom||AssaultVest|GrassySurge|GrassyGlide,DrumBeating,KnockOff,FakeOut|||F|||50|,,,,,Fire]Sneasler||FocusSash|Unburden|CloseCombat,DireClaw,Coaching,Protect|||M|||50|,,,,,Stellar]Ceruledge||GrassySeed|FlashFire|BitterBlade,Poltergeist,BulkUp,Protect|||M|||50|,,,,,Grass
|showteam|p2|Gholdengo||GrassySeed|GoodasGold|NastyPlot,MakeItRain,ShadowBall,Protect||||||50|,,,,,Water]Sneasler||WhiteHerb|Unburden|CloseCombat,DireClaw,Coaching,Protect|||M|||50|,,,,,Ghost]Rillaboom||AssaultVest|GrassySurge|FakeOut,GrassyGlide,DrumBeating,HighHorsepower|||M|||50|,,,,,Fire]Dragonite||LoadedDice|Multiscale|ScaleShot,StompingTantrum,Tailwind,Protect|||F|||50|,,,,,Ground]Ninetales-Alola||FocusSash|SnowWarning|Blizzard,IcyWind,Encore,AuroraVeil|||F|||50|,,,,,Ghost]Arcanine-Hisui||ClearAmulet|Intimidate|RockSlide,FlareBlitz,ExtremeSpeed,Protect|||M|||50|,,,,,Water
|inactive|Battle timer is ON: inactive players will automatically lose when time's up. (requested by BoloinaBox)
|inactive|BoloinaBox has 60 seconds left.
|
|t:|1757005142
|teamsize|p1|4
|teamsize|p2|4
|start
|switch|p1a: Electabuzz|Electabuzz, L50, M|100/100
|switch|p1b: Kingambit|Kingambit, L50, M|100/100
|switch|p2a: Arcanine|Arcanine-Hisui, L50, M|100/100
|switch|p2b: Gholdengo|Gholdengo, L50|100/100
|-ability|p2a: Arcanine|Intimidate|boost
|-unboost|p1a: Electabuzz|atk|1
|-unboost|p1b: Kingambit|atk|1
|-ability|p1b: Kingambit|Defiant|boost
|-boost|p1b: Kingambit|atk|2
|turn|1
|inactive|BoloinaBox has 30 seconds left.
|inactive|GubGubFan has 30 seconds left.
|inactive|BoloinaBox has 20 seconds left.
|inactive|GubGubFan has 20 seconds left.
|inactive|GubGubFan has 15 seconds left.
|inactive|GubGubFan has 10 seconds left.
|
|t:|1757005188
|switch|p2b: Rillaboom|Rillaboom, L50, M|100/100
|-fieldstart|move: Grassy Terrain|[from] ability: Grassy Surge|[of] p2b: Rillaboom
|-terastallize|p1b: Kingambit|Dark
|move|p2a: Arcanine|Rock Slide|p1b: Kingambit|[spread] p1a,p1b
|-damage|p1a: Electabuzz|76/100
|-damage|p1b: Kingambit|78/100
|move|p1a: Electabuzz|Electroweb|p2a: Arcanine|[spread] p2a,p2b
|-resisted|p2b: Rillaboom
|-damage|p2a: Arcanine|82/100
|-damage|p2b: Rillaboom|95/100
|-unboost|p2b: Rillaboom|spe|1
|cant|p1b: Kingambit|flinch
|
|-heal|p2a: Arcanine|88/100|[from] Grassy Terrain
|-heal|p1a: Electabuzz|82/100|[from] Grassy Terrain
|-heal|p2b: Rillaboom|100/100|[from] Grassy Terrain
|-heal|p1b: Kingambit|84/100|[from] Grassy Terrain
|upkeep
|turn|2
|inactive|GubGubFan has 30 seconds left.
|
|t:|1757005218
|move|p1a: Electabuzz|Protect|p1a: Electabuzz
|-singleturn|p1a: Electabuzz|Protect
|move|p1b: Kingambit|Protect|p1b: Kingambit
|-singleturn|p1b: Kingambit|Protect
|move|p2b: Rillaboom|Fake Out|p1a: Electabuzz
|-activate|p1a: Electabuzz|move: Protect
|move|p2a: Arcanine|Flare Blitz|p1b: Kingambit
|-activate|p1b: Kingambit|move: Protect
|
|-heal|p2a: Arcanine|94/100|[from] Grassy Terrain
|-heal|p1a: Electabuzz|89/100|[from] Grassy Terrain
|-heal|p1b: Kingambit|90/100|[from] Grassy Terrain
|upkeep
|turn|3
|c|☆BoloinaBox|im calling foul on the first game btw lol im at work rn
|
|t:|1757005241
|move|p1a: Electabuzz|Follow Me|p1a: Electabuzz
|-singleturn|p1a: Electabuzz|move: Follow Me
|move|p2b: Rillaboom|Grassy Glide|p1a: Electabuzz
|-damage|p1a: Electabuzz|59/100
|move|p2a: Arcanine|Rock Slide|p1a: Electabuzz|[spread] p1a
|-miss|p2a: Arcanine|p1b: Kingambit
|-damage|p1a: Electabuzz|35/100
|move|p1b: Kingambit|Kowtow Cleave|p2a: Arcanine
|-damage|p2a: Arcanine|0 fnt
|faint|p2a: Arcanine
|
|-heal|p1a: Electabuzz|42/100|[from] Grassy Terrain
|-heal|p1b: Kingambit|96/100|[from] Grassy Terrain
|upkeep
|
|t:|1757005257
|switch|p2a: Gholdengo|Gholdengo, L50|100/100
|-enditem|p2a: Gholdengo|Grassy Seed
|-boost|p2a: Gholdengo|def|1|[from] item: Grassy Seed
|turn|4
|inactive|BoloinaBox has 30 seconds left.
|
|t:|1757005291
|-terastallize|p2a: Gholdengo|Water
|move|p2b: Rillaboom|Grassy Glide|p1b: Kingambit
|-damage|p1b: Kingambit|70/100
|move|p1b: Kingambit|Sucker Punch|p2a: Gholdengo
|-damage|p2a: Gholdengo|35/100
|move|p1a: Electabuzz|Electroweb|p2b: Rillaboom|[spread] p2a,p2b
|-supereffective|p2a: Gholdengo
|-resisted|p2b: Rillaboom
|-damage|p2a: Gholdengo|6/100
|-damage|p2b: Rillaboom|95/100
|-unboost|p2a: Gholdengo|spe|1
|-unboost|p2b: Rillaboom|spe|1
|move|p2a: Gholdengo|Make It Rain|p1b: Kingambit|[spread] p1a,p1b
|-resisted|p1a: Electabuzz
|-damage|p1a: Electabuzz|22/100
|-damage|p1b: Kingambit|29/100
|-unboost|p2a: Gholdengo|spa|1
|
|-heal|p1a: Electabuzz|29/100|[from] Grassy Terrain
|-heal|p2a: Gholdengo|12/100|[from] Grassy Terrain
|-heal|p2b: Rillaboom|100/100|[from] Grassy Terrain
|-heal|p1b: Kingambit|35/100|[from] Grassy Terrain
|upkeep
|turn|5
|inactive|BoloinaBox has 30 seconds left.
|inactive|BoloinaBox has 20 seconds left.
|
|t:|1757005331
|move|p2a: Gholdengo|Protect|p2a: Gholdengo
|-singleturn|p2a: Gholdengo|Protect
|move|p1a: Electabuzz|Electroweb|p2b: Rillaboom|[spread] p2b
|-activate|p2a: Gholdengo|move: Protect
|-resisted|p2b: Rillaboom
|-damage|p2b: Rillaboom|95/100
|-unboost|p2b: Rillaboom|spe|1
|move|p1b: Kingambit|Swords Dance|p1b: Kingambit
|-boost|p1b: Kingambit|atk|2
|move|p2b: Rillaboom|Drum Beating|p1b: Kingambit
|-damage|p1b: Kingambit|0 fnt
|faint|p1b: Kingambit
|
|-heal|p1a: Electabuzz|35/100|[from] Grassy Terrain
|-heal|p2a: Gholdengo|18/100|[from] Grassy Terrain
|-heal|p2b: Rillaboom|100/100|[from] Grassy Terrain
|-fieldend|move: Grassy Terrain
|upkeep
|
|t:|1757005343
|switch|p1b: Ceruledge|Ceruledge, L50, M|100/100
|turn|6
|
|t:|1757005357
|move|p1a: Electabuzz|Electroweb|p2a: Gholdengo|[spread] p2a,p2b
|-supereffective|p2a: Gholdengo
|-resisted|p2b: Rillaboom
|-damage|p2a: Gholdengo|0 fnt
|-damage|p2b: Rillaboom|95/100
|-unboost|p2b: Rillaboom|spe|1
|faint|p2a: Gholdengo
|move|p1b: Ceruledge|Bitter Blade|p2b: Rillaboom
|-supereffective|p2b: Rillaboom
|-damage|p2b: Rillaboom|6/100
|move|p2b: Rillaboom|High Horsepower|p1a: Electabuzz
|-supereffective|p1a: Electabuzz
|-damage|p1a: Electabuzz|0 fnt
|faint|p1a: Electabuzz
|
|upkeep
|
|t:|1757005367
|switch|p1a: Primarina|Primarina, L50, M|100/100
|switch|p2a: Dragonite|Dragonite, L50, F|100/100
|turn|7
|inactive|GubGubFan has 30 seconds left.
|
|t:|1757005395
|move|p1b: Ceruledge|Protect|p1b: Ceruledge
|-singleturn|p1b: Ceruledge|Protect
|move|p2a: Dragonite|Scale Shot|p1b: Ceruledge
|-activate|p1b: Ceruledge|move: Protect
|move|p1a: Primarina|Hyper Voice|p2a: Dragonite|[spread] p2a,p2b
|-resisted|p2a: Dragonite
|-resisted|p2b: Rillaboom
|-damage|p2a: Dragonite|92/100
|-damage|p2b: Rillaboom|0 fnt
|faint|p2b: Rillaboom
|-enditem|p1a: Primarina|Throat Spray
|-boost|p1a: Primarina|spa|1|[from] item: Throat Spray
|
|upkeep
|turn|8
|-message|GubGubFan forfeited.
|
|win|BoloinaBox
||BoloinaBox is ready for game 3.
||GubGubFan is ready for game 3.
|uhtml|next|Next: Game 3 of 3
|l|☆GubGubFan
|player|p2|
|l|☆BoloinaBox
|player|p1|
|j|☆GubGubFan
|player|p2|GubGubFan|169|
