|j|☆bouledefeu
|j|☆cbninjask4uber
|html|bouledefeucbninjask4uber    
|uhtml|bestof|Game 1 of a best-of-3
|t:|1757773931
|gametype|doubles
|player|p1|bouledefeu|bugcatcher-gen4dp|1369
|player|p2|cbninjask4uber|falkner|1307
|gen|9
|tier|[Gen 9] VGC 2025 Reg H (Bo3)
|rated|
|rule|Species Clause: Limit one of each Pokémon
|rule|Item Clause: Limit 1 of each item
|clearpoke
|poke|p1|Incineroar, L50, F|
|poke|p1|Amoonguss, L50, F|
|poke|p1|Ursaluna-Bloodmoon, L50, M|
|poke|p1|Sneasler, L50, M|
|poke|p1|Gholdengo, L50|
|poke|p1|Dragonite, L50, M|
|poke|p2|Kingambit, L50, F|
|poke|p2|Dragonite, L50, M|
|poke|p2|Rillaboom, L50, F|
|poke|p2|Zoroark-Hisui, L50, M|
|poke|p2|Electabuzz, L50, F|
|poke|p2|Volcarona, L50, M|
|teampreview|4
|showteam|p1|Incineroar||SafetyGoggles|Intimidate|FlareBlitz,KnockOff,PartingShot,FakeOut|||F|||50|,,,,,Ghost]Amoonguss||SitrusBerry|Regenerator|Spore,RagePowder,PollenPuff,Protect|||F|||50|,,,,,Psychic]Ursaluna-Bloodmoon||AssaultVest|MindsEye|HyperVoice,BloodMoon,EarthPower,VacuumWave|||M|||50|,,,,,Water]Sneasler||FocusSash|Unburden|CloseCombat,DireClaw,ThroatChop,Protect|||M|||50|,,,,,Stellar]Gholdengo||LifeOrb|GoodasGold|MakeItRain,ShadowBall,NastyPlot,Protect||||||50|,,,,,Water]Dragonite||LoadedDice|Multiscale|ScaleShot,Tailwind,Haze,Protect|||M|||50|,,,,,Fairy
|showteam|p2|Kingambit||BlackGlasses|Defiant|KowtowCleave,SuckerPunch,SwordsDance,Protect|||F|||50|,,,,,Dark]Dragonite||LoadedDice|Multiscale|ExtremeSpeed,ScaleShot,Haze,Protect|||M|||50|,,,,,Fairy]Rillaboom||AssaultVest|GrassySurge|GrassyGlide,WoodHammer,HighHorsepower,FakeOut|||F|||50|,,,,,Fire]Zoroark-Hisui||FocusSash|Illusion|HyperVoice,ShadowBall,FocusBlast,Protect|||M|||50|,,,,,Normal]Electabuzz||Eviolite|VitalSpirit|FollowMe,Thunderbolt,Taunt,Protect|||F|||50|,,,,,Ghost]Volcarona||CovertCloak|FlameBody|HeatWave,QuiverDance,TeraBlast,Protect|||M|||50|,,,,,Fairy
|inactive|Battle timer is ON: inactive players will automatically lose when time's up. (requested by cbninjask4uber)
|inactive|cbninjask4uber has 60 seconds left.
|
|t:|1757773979
|teamsize|p1|4
|teamsize|p2|4
|start
|switch|p1a: Sneasler|Sneasler, L50, M|100/100
|switch|p1b: Dragonite|Dragonite, L50, M|100/100
|switch|p2a: Volcarona|Volcarona, L50, M|100/100
|switch|p2b: Rillaboom|Rillaboom, L50, F|100/100
|-fieldstart|move: Grassy Terrain|[from] ability: Grassy Surge|[of] p2b: Rillaboom
|turn|1
|inactive|bouledefeu has 30 seconds left.
|inactive|cbninjask4uber has 30 seconds left.
|inactive|cbninjask4uber has 20 seconds left.
|inactive|cbninjask4uber has 15 seconds left.
|
|t:|1757774024
|move|p2b: Rillaboom|Fake Out|p1b: Dragonite
|-damage|p1b: Dragonite|92/100
|move|p1a: Sneasler|Dire Claw|p2b: Rillaboom
|-supereffective|p2b: Rillaboom
|-crit|p2b: Rillaboom
|-damage|p2b: Rillaboom|0 fnt
|faint|p2b: Rillaboom
|move|p2a: Volcarona|Hyper Voice|p1a: Sneasler|[spread] p1a,p1b
|-damage|p1a: Sneasler|50/100
|-damage|p1b: Dragonite|55/100
|cant|p1b: Dragonite|flinch
|
|-heal|p1a: Sneasler|56/100|[from] Grassy Terrain
|upkeep
|
|t:|1757774041
|switch|p2b: Volcarona|Volcarona, L50, M|100/100
|turn|2
|
|t:|1757774053
|move|p1a: Sneasler|Dire Claw|p2a: Volcarona
|-resisted|p2a: Volcarona
|-damage|p2a: Volcarona|57/100
|-status|p2a: Volcarona|psn
|replace|p2a: Zoroark|Zoroark-Hisui, L50, M
|-end|p2a: Zoroark|Illusion
|move|p2a: Zoroark|Hyper Voice|p1a: Sneasler|[spread] p1a,p1b
|-damage|p1a: Sneasler|8/100
|-damage|p1b: Dragonite|21/100
|move|p2b: Volcarona|Quiver Dance|p2b: Volcarona
|-boost|p2b: Volcarona|spa|1
|-boost|p2b: Volcarona|spd|1
|-boost|p2b: Volcarona|spe|1
|move|p1b: Dragonite|Scale Shot|p2a: Zoroark
|-damage|p2a: Zoroark|26/100 psn
|-damage|p2a: Zoroark|0 fnt
|faint|p2a: Zoroark
|-hitcount|p2: Zoroark|2
|-unboost|p1b: Dragonite|def|1
|-boost|p1b: Dragonite|spe|1
|
|-heal|p1a: Sneasler|13/100|[from] Grassy Terrain
|upkeep
|
|t:|1757774073
|switch|p2a: Dragonite|Dragonite, L50, M|100/100
|turn|3
|inactive|cbninjask4uber has 30 seconds left.
|
|t:|1757774102
|move|p2a: Dragonite|Extreme Speed|p1b: Dragonite
|-damage|p1b: Dragonite|0 fnt
|faint|p1b: Dragonite
|move|p2b: Volcarona|Tera Blast|p1a: Sneasler
|-damage|p1a: Sneasler|0 fnt
|faint|p1a: Sneasler
|
|upkeep
|
|t:|1757774110
|switch|p1a: Ursaluna|Ursaluna-Bloodmoon, L50, M|100/100
|switch|p1b: Incineroar|Incineroar, L50, F|100/100
|-ability|p1b: Incineroar|Intimidate|boost
|-unboost|p2a: Dragonite|atk|1
|-unboost|p2b: Volcarona|atk|1
|turn|4
|inactive|bouledefeu has 30 seconds left.
|inactive|cbninjask4uber has 30 seconds left.
|
|t:|1757774142
|move|p1b: Incineroar|Fake Out|p2a: Dragonite
|-damage|p2a: Dragonite|94/100
|move|p2b: Volcarona|Heat Wave|p1b: Incineroar|[spread] p1a,p1b
|-resisted|p1b: Incineroar
|-damage|p1a: Ursaluna|64/100
|-damage|p1b: Incineroar|79/100
|cant|p2a: Dragonite|flinch
|move|p1a: Ursaluna|Blood Moon|p2a: Dragonite
|-crit|p2a: Dragonite
|-damage|p2a: Dragonite|0 fnt
|faint|p2a: Dragonite
|
|-heal|p1b: Incineroar|85/100|[from] Grassy Terrain
|-heal|p1a: Ursaluna|70/100|[from] Grassy Terrain
|upkeep
|turn|5
|
|t:|1757774160
|-terastallize|p2b: Volcarona|Fairy
|move|p2b: Volcarona|Heat Wave|p1b: Incineroar|[spread] p1a,p1b
|-resisted|p1b: Incineroar
|-damage|p1a: Ursaluna|33/100
|-damage|p1b: Incineroar|64/100
|move|p1b: Incineroar|Parting Shot|p2b: Volcarona
|-unboost|p2b: Volcarona|atk|1
|-unboost|p2b: Volcarona|spa|1
|move|p1a: Ursaluna|Earth Power|p2b: Volcarona
|-damage|p2b: Volcarona|72/100
|
|-heal|p2b: Volcarona|78/100|[from] Grassy Terrain
|-heal|p1b: Incineroar|70/100|[from] Grassy Terrain
|-heal|p1a: Ursaluna|39/100|[from] Grassy Terrain
|-fieldend|move: Grassy Terrain
|upkeep
|turn|6
|inactive|bouledefeu has 30 seconds left.
|inactive|cbninjask4uber has 30 seconds left.
|
|t:|1757774189
|move|p2b: Volcarona|Heat Wave|p1a: Ursaluna|[spread] p1a,p1b
|-resisted|p1b: Incineroar
|-damage|p1a: Ursaluna|15/100
|-damage|p1b: Incineroar|56/100
|move|p1b: Incineroar|Knock Off|p2b: Volcarona
|-resisted|p2b: Volcarona
|-damage|p2b: Volcarona|56/100
|-enditem|p2b: Volcarona|Covert Cloak|[from] move: Knock Off|[of] p1b: Incineroar
|move|p1a: Ursaluna|Hyper Voice|p2b: Volcarona
|-damage|p2b: Volcarona|30/100
|
|upkeep
|turn|7
|
|t:|1757774202
|move|p1a: Ursaluna|Vacuum Wave|p2b: Volcarona
|-resisted|p2b: Volcarona
|-damage|p2b: Volcarona|25/100
|move|p2b: Volcarona|Heat Wave|p1b: Incineroar|[spread] p1a,p1b
|-resisted|p1b: Incineroar
|-crit|p1b: Incineroar
|-damage|p1a: Ursaluna|0 fnt
|-damage|p1b: Incineroar|35/100
|faint|p1a: Ursaluna
|move|p1b: Incineroar|Flare Blitz|p2b: Volcarona
|-damage|p2b: Volcarona|0 fnt
|faint|p2b: Volcarona
|-damage|p1b: Incineroar|27/100|[from] Recoil
|
|win|bouledefeu
||bouledefeu is ready for game 2.
|inactive|cbninjask4uber has 30 seconds to confirm battle start!
||cbninjask4uber is ready for game 2.
|uhtml|next|Next: Game 2 of 3
