|j|☆drewqfan
|j|☆i miss wicked..
|html|drewqfani miss wicked..    
|uhtml|bestof|Game 2 of a best-of-3
|t:|1755511859
|gametype|doubles
|player|p1|drewqfan|preschooler|1370
|player|p2|i miss wicked..|clemont|1313
|gen|9
|tier|[Gen 9] VGC 2025 Reg H (Bo3)
|rated|
|rule|Species Clause: Limit one of each Pokémon
|rule|Item Clause: Limit 1 of each item
|clearpoke
|poke|p1|Volcarona, L50, M|
|poke|p1|Sneasler, L50, M|
|poke|p1|Rillaboom, L50, F|
|poke|p1|Kingambit, L50, F|
|poke|p1|Dragonite, L50, F|
|poke|p1|Electabuzz, L50, M|
|poke|p2|Gholdengo, L50|
|poke|p2|Sneasler, L50, M|
|poke|p2|Rillaboom, L50, F|
|poke|p2|Dragonite, L50, M|
|poke|p2|Ninetales-Alola, L50, M|
|poke|p2|Arcanine-Hisui, L50, M|
|teampreview|4
|showteam|p1|Volcarona||CovertCloak|FlameBody|HeatWave,TeraBlast,QuiverDance,Protect|||M|||50|,,,,,Fairy]Sneasler||FocusSash|Unburden|CloseCombat,DireClaw,FakeOut,Coaching|||M|||50|,,,,,Stellar]Rillaboom||AssaultVest|GrassySurge|WoodHammer,GrassyGlide,HighHorsepower,FakeOut|||F|||50|,,,,,Fire]Kingambit||SafetyGoggles|Defiant|KowtowCleave,SuckerPunch,SwordsDance,Protect|||F|||50|,,,,,Ghost]Dragonite||LoadedDice|Multiscale|ScaleShot,ExtremeSpeed,Haze,Protect|||F|||50|,,,,,Steel]Electabuzz||Eviolite|VitalSpirit|Thunderbolt,Taunt,FollowMe,Protect|||M|||50|,,,,,Ghost
|showteam|p2|Gholdengo||GrassySeed|GoodasGold|NastyPlot,MakeItRain,ShadowBall,Protect||||||50|,,,,,Water]Sneasler||WhiteHerb|Unburden|CloseCombat,DireClaw,Coaching,Protect|||M|||50|,,,,,Ghost]Rillaboom||AssaultVest|GrassySurge|FakeOut,GrassyGlide,DrumBeating,HighHorsepower|||F|||50|,,,,,Fire]Dragonite||LoadedDice|Multiscale|ScaleShot,Haze,StompingTantrum,Protect|||M|||50|,,,,,Ground]Ninetales-Alola||FocusSash|SnowWarning|Blizzard,IcyWind,Encore,AuroraVeil|||M|||50|,,,,,Ghost]Arcanine-Hisui||ClearAmulet|Intimidate|RockSlide,FlareBlitz,ExtremeSpeed,Protect|||M|||50|,,,,,Water
|inactive|Battle timer is ON: inactive players will automatically lose when time's up. (requested by i miss wicked..)
|inactive|drewqfan has 60 seconds left.
|
|t:|1755511892
|teamsize|p1|4
|teamsize|p2|4
|start
|switch|p1a: Volcarona|Volcarona, L50, M|100/100
|switch|p1b: Sneasler|Sneasler, L50, M|100/100
|switch|p2a: Sneasler|Sneasler, L50, M|100/100
|switch|p2b: Dragonite|Dragonite, L50, M|100/100
|turn|1
|
|t:|1755511901
|move|p1b: Sneasler|Fake Out|p2b: Dragonite
|-damage|p2b: Dragonite|93/100
|move|p2a: Sneasler|Close Combat|p1b: Sneasler
|-resisted|p1b: Sneasler
|-damage|p1b: Sneasler|51/100
|-unboost|p2a: Sneasler|def|1
|-unboost|p2a: Sneasler|spd|1
|-enditem|p2a: Sneasler|White Herb
|-clearnegativeboost|p2a: Sneasler|[silent]
|move|p1a: Volcarona|Quiver Dance|p1a: Volcarona
|-boost|p1a: Volcarona|spa|1
|-boost|p1a: Volcarona|spd|1
|-boost|p1a: Volcarona|spe|1
|cant|p2b: Dragonite|flinch
|
|upkeep
|turn|2
|
|t:|1755511916
|-terastallize|p2b: Dragonite|Ground
|move|p2a: Sneasler|Coaching|p2b: Dragonite
|-boost|p2b: Dragonite|atk|1
|-boost|p2b: Dragonite|def|1
|move|p1a: Volcarona|Heat Wave|p2a: Sneasler|[spread] p2a,p2b
|-damage|p2a: Sneasler|31/100
|-damage|p2b: Dragonite|35/100
|-status|p2a: Sneasler|brn
|move|p1b: Sneasler|Dire Claw|p2a: Sneasler
|-resisted|p2a: Sneasler
|-damage|p2a: Sneasler|1/100 brn
|move|p2b: Dragonite|Scale Shot|p1a: Volcarona
|-damage|p1a: Volcarona|77/100
|-damage|p1a: Volcarona|53/100
|-damage|p1a: Volcarona|29/100
|-damage|p1a: Volcarona|5/100
|-hitcount|p1a: Volcarona|4
|-unboost|p2b: Dragonite|def|1
|-boost|p2b: Dragonite|spe|1
|
|-damage|p2a: Sneasler|0 fnt|[from] brn
|faint|p2a: Sneasler
|upkeep
|
|t:|1755511930
|switch|p2a: Arcanine|Arcanine-Hisui, L50, M|100/100
|-ability|p2a: Arcanine|Intimidate|boost
|-unboost|p1a: Volcarona|atk|1
|-unboost|p1b: Sneasler|atk|1
|turn|3
|inactive|drewqfan has 30 seconds left.
|
|t:|1755511959
|switch|p1a: Rillaboom|Rillaboom, L50, F|100/100
|-fieldstart|move: Grassy Terrain|[from] ability: Grassy Surge|[of] p1a: Rillaboom
|move|p2a: Arcanine|Extreme Speed|p1a: Rillaboom
|-damage|p1a: Rillaboom|77/100
|move|p2b: Dragonite|Stomping Tantrum|p1b: Sneasler
|-supereffective|p1b: Sneasler
|-damage|p1b: Sneasler|0 fnt
|faint|p1b: Sneasler
|
|-heal|p2b: Dragonite|41/100|[from] Grassy Terrain
|-heal|p1a: Rillaboom|83/100|[from] Grassy Terrain
|upkeep
|
|t:|1755511968
|switch|p1b: Dragonite|Dragonite, L50, F|100/100
|turn|4
|
|t:|1755511985
|move|p1a: Rillaboom|Fake Out|p2b: Dragonite
|-damage|p2b: Dragonite|26/100
|cant|p2b: Dragonite|flinch
|move|p2a: Arcanine|Rock Slide|p1b: Dragonite|[spread] p1a,p1b
|-supereffective|p1b: Dragonite
|-damage|p1a: Rillaboom|59/100
|-damage|p1b: Dragonite|68/100
|move|p1b: Dragonite|Scale Shot|p2a: Arcanine
|-damage|p2a: Arcanine|81/100
|-damage|p2a: Arcanine|62/100
|-damage|p2a: Arcanine|43/100
|-crit|p2a: Arcanine
|-damage|p2a: Arcanine|12/100
|-hitcount|p2a: Arcanine|4
|-unboost|p1b: Dragonite|def|1
|-boost|p1b: Dragonite|spe|1
|
|-heal|p2b: Dragonite|32/100|[from] Grassy Terrain
|-heal|p2a: Arcanine|17/100|[from] Grassy Terrain
|-heal|p1a: Rillaboom|65/100|[from] Grassy Terrain
|upkeep
|turn|5
|
|t:|1755512010
|-terastallize|p1b: Dragonite|Steel
|move|p2b: Dragonite|Protect|p2b: Dragonite
|-singleturn|p2b: Dragonite|Protect
|move|p1b: Dragonite|Extreme Speed|p2a: Arcanine
|-resisted|p2a: Arcanine
|-damage|p2a: Arcanine|0 fnt
|faint|p2a: Arcanine
|move|p1a: Rillaboom|Grassy Glide|p2b: Dragonite
|-activate|p2b: Dragonite|move: Protect
|
|-heal|p1b: Dragonite|74/100|[from] Grassy Terrain
|-heal|p2b: Dragonite|38/100|[from] Grassy Terrain
|-heal|p1a: Rillaboom|71/100|[from] Grassy Terrain
|upkeep
|
|t:|1755512016
|switch|p2a: Ninetales|Ninetales-Alola, L50, M|100/100
|-weather|Snowscape|[from] ability: Snow Warning|[of] p2a: Ninetales
|turn|6
|
|t:|1755512024
|move|p2b: Dragonite|Protect||[still]
|-fail|p2b: Dragonite
|move|p1b: Dragonite|Extreme Speed|p2a: Ninetales
|-damage|p2a: Ninetales|69/100
|move|p1a: Rillaboom|Grassy Glide|p2b: Dragonite
|-supereffective|p2b: Dragonite
|-damage|p2b: Dragonite|0 fnt
|faint|p2b: Dragonite
|move|p2a: Ninetales|Blizzard|p1b: Dragonite|[spread] p1a,p1b
|-supereffective|p1a: Rillaboom
|-resisted|p1b: Dragonite
|-damage|p1a: Rillaboom|20/100
|-damage|p1b: Dragonite|57/100
|
|-weather|Snowscape|[upkeep]
|-heal|p1b: Dragonite|63/100|[from] Grassy Terrain
|-heal|p2a: Ninetales|75/100|[from] Grassy Terrain
|-heal|p1a: Rillaboom|26/100|[from] Grassy Terrain
|upkeep
|turn|7
|l|☆i miss wicked..
|inactive|i miss wicked.. disconnected and has a minute to reconnect!
|player|p2|
|inactive|i miss wicked.. has 30 seconds left.
|inactive|i miss wicked.. has 20 seconds left.
|inactive|i miss wicked.. has 15 seconds left.
|inactive|i miss wicked.. has 10 seconds left.
|inactive|i miss wicked.. has 5 seconds left.
|-message|i miss wicked.. lost due to inactivity.
|
|win|drewqfan
|raw|drewqfan's rating: 1370 → 1387(+17 for winning)
|raw|i miss wicked..'s rating: 1313 → 1296(-17 for losing)
