|j|☆PerishingSongVGC
|j|☆Susijwheh
|html|PerishingSongVGCSusijwheh    
|uhtml|bestof|Game 1 of a best-of-3
|t:|1757655453
|gametype|doubles
|player|p1|PerishingSongVGC|266|1031
|player|p2|Susijwheh|102|1040
|gen|9
|tier|[Gen 9] VGC 2025 Reg H (Bo3)
|rated|
|rule|Species Clause: Limit one of each Pokémon
|rule|Item Clause: Limit 1 of each item
|clearpoke
|poke|p1|Gothitelle, L50, M|
|poke|p1|Politoed, L50, F|
|poke|p1|Incineroar, L50, M|
|poke|p1|Flamigo, L50, M|
|poke|p1|Amoonguss, L50, M|
|poke|p1|Archaludon, L50, F|
|poke|p2|Weavile, L50, F|
|poke|p2|Coalossal, L50, M|
|poke|p2|Ninetales, L50, F|
|poke|p2|Lilligant-Hisui, L50, F|
|poke|p2|Grimmsnarl, L50, M|
|poke|p2|Gholdengo, L50|
|teampreview|4
|showteam|p1|Gothitelle||SitrusBerry|ShadowTag|Psychic,Hypnosis,FakeOut,Protect|||M|||50|,,,,,Dragon]Politoed||MentalHerb|Drizzle|MuddyWater,Haze,PerishSong,Protect|||F|||50|,,,,,Grass]Incineroar||SafetyGoggles|Intimidate|FakeOut,PartingShot,KnockOff,FlareBlitz|||M|||50|,,,,,Ghost]Flamigo||LifeOrb|Scrappy|CloseCombat,BraveBird,Tailwind,Protect|||M|||50|,,,,,Steel]Amoonguss||CovertCloak|Regenerator|PollenPuff,Spore,RagePowder,Protect|||M|||50|,,,,,Dark]Archaludon||ZapPlate|Sturdy|ElectroShot,DracoMeteor,FlashCannon,Protect|||F|||50|,,,,,Steel
|showteam|p2|Weavile||FocusSash|Pickpocket|Protect,Surf,FakeOut,IceSpinner|||F|||50|,,,,,Ice]Coalossal||WeaknessPolicy|SteamEngine|Protect,SolarBeam,FireBlast,HeatWave|||M|||50|,,,,,Fire]Ninetales||SitrusBerry|Drought|Protect,HeatWave,WillOWisp,Encore|||F|||50|,,,,,Water]Lilligant-Hisui||WideLens|Chlorophyll|Protect,SleepPowder,LeafBlade,CloseCombat|||F|||50|,,,,,Grass]Grimmsnarl||LightClay|Prankster|ThunderWave,LightScreen,Reflect,SpiritBreak|||M|||50|,,,,,Poison]Gholdengo||LifeOrb|GoodasGold|Protect,MakeItRain,DazzlingGleam,Thunderbolt||||||50|,,,,,Fire
|
|t:|1757655498
|teamsize|p1|4
|teamsize|p2|4
|start
|switch|p1a: Politoed|Politoed, L50, F|100/100
|switch|p1b: Gothitelle|Gothitelle, L50, M|100/100
|switch|p2a: Weavile|Weavile, L50, F|100/100
|switch|p2b: Gholdengo|Gholdengo, L50|100/100
|-weather|RainDance|[from] ability: Drizzle|[of] p1a: Politoed
|turn|1
|
|t:|1757655516
|move|p1a: Politoed|Protect|p1a: Politoed
|-singleturn|p1a: Politoed|Protect
|move|p1b: Gothitelle|Protect|p1b: Gothitelle
|-singleturn|p1b: Gothitelle|Protect
|move|p2a: Weavile|Fake Out|p1b: Gothitelle
|-activate|p1b: Gothitelle|move: Protect
|move|p2b: Gholdengo|Make It Rain|p1b: Gothitelle|[spread] 
|-activate|p1a: Politoed|move: Protect
|-activate|p1b: Gothitelle|move: Protect
|
|-weather|RainDance|[upkeep]
|upkeep
|turn|2
|
|t:|1757655539
|switch|p1b: Archaludon|Archaludon, L50, F|100/100
|move|p2a: Weavile|Ice Spinner|p1b: Archaludon
|-damage|p1b: Archaludon|71/100
|move|p2b: Gholdengo|Make It Rain|p1a: Politoed|[spread] p1a,p1b
|-resisted|p1a: Politoed
|-resisted|p1b: Archaludon
|-damage|p1a: Politoed|67/100
|-damage|p1b: Archaludon|19/100
|-unboost|p2b: Gholdengo|spa|1
|-damage|p2b: Gholdengo|91/100|[from] item: Life Orb
|move|p1a: Politoed|Muddy Water|p2a: Weavile|[spread] p2a,p2b
|-crit|p2b: Gholdengo
|-damage|p2a: Weavile|53/100
|-damage|p2b: Gholdengo|30/100
|-unboost|p2a: Weavile|accuracy|1
|-unboost|p2b: Gholdengo|accuracy|1
|
|-weather|RainDance|[upkeep]
|upkeep
|turn|3
|
|t:|1757655567
|switch|p2a: Ninetales|Ninetales, L50, F|100/100
|-weather|SunnyDay|[from] ability: Drought|[of] p2a: Ninetales
|move|p1b: Archaludon|Protect|p1b: Archaludon
|-singleturn|p1b: Archaludon|Protect
|move|p2b: Gholdengo|Dazzling Gleam|p1b: Archaludon|[spread] 
|-activate|p1b: Archaludon|move: Protect
|-miss|p2b: Gholdengo|p1a: Politoed
|move|p1a: Politoed|Muddy Water|p2b: Gholdengo|[spread] p2a,p2b
|-supereffective|p2a: Ninetales
|-damage|p2a: Ninetales|81/100
|-damage|p2b: Gholdengo|17/100
|-unboost|p2b: Gholdengo|accuracy|1
|
|-weather|SunnyDay|[upkeep]
|upkeep
|turn|4
|
|t:|1757655588
|switch|p2b: Lilligant|Lilligant-Hisui, L50, F|100/100
|switch|p1a: Gothitelle|Gothitelle, L50, M|100/100
|move|p2a: Ninetales|Heat Wave|p1a: Gothitelle|[spread] p1b
|-miss|p2a: Ninetales|p1a: Gothitelle
|-damage|p1b: Archaludon|0 fnt
|faint|p1b: Archaludon
|
|-weather|SunnyDay|[upkeep]
|upkeep
|
|t:|1757655597
|switch|p1b: Politoed|Politoed, L50, F|67/100
|-weather|RainDance|[from] ability: Drizzle|[of] p1b: Politoed
|turn|5
|
|t:|1757655615
|move|p2a: Ninetales|Protect|p2a: Ninetales
|-singleturn|p2a: Ninetales|Protect
|move|p2b: Lilligant|Sleep Powder|p1a: Gothitelle
|-status|p1a: Gothitelle|slp|[from] move: Sleep Powder
|move|p1b: Politoed|Muddy Water|p2a: Ninetales|[spread] p2b
|-activate|p2a: Ninetales|move: Protect
|-resisted|p2b: Lilligant
|-damage|p2b: Lilligant|77/100
|cant|p1a: Gothitelle|slp
|
|-weather|RainDance|[upkeep]
|upkeep
|turn|6
|
|t:|1757655636
|-terastallize|p1b: Politoed|Grass
|move|p2b: Lilligant|Leaf Blade|p1b: Politoed
|-resisted|p1b: Politoed
|-damage|p1b: Politoed|50/100
|move|p2a: Ninetales|Heat Wave|p1b: Politoed|[spread] p1a,p1b
|-supereffective|p1b: Politoed
|-damage|p1a: Gothitelle|91/100 slp
|-damage|p1b: Politoed|32/100
|move|p1b: Politoed|Muddy Water|p2b: Lilligant|[spread] p2a,p2b
|-supereffective|p2a: Ninetales
|-resisted|p2b: Lilligant
|-damage|p2a: Ninetales|18/100
|-damage|p2b: Lilligant|54/100
|-enditem|p2a: Ninetales|Sitrus Berry|[eat]
|-heal|p2a: Ninetales|42/100|[from] item: Sitrus Berry
|cant|p1a: Gothitelle|slp
|
|-weather|RainDance|[upkeep]
|upkeep
|turn|7
|
|t:|1757655662
|move|p1b: Politoed|Protect|p1b: Politoed
|-singleturn|p1b: Politoed|Protect
|move|p2b: Lilligant|Close Combat|p1b: Politoed
|-activate|p1b: Politoed|move: Protect
|move|p2a: Ninetales|Heat Wave|p1b: Politoed|[spread] p1a
|-activate|p1b: Politoed|move: Protect
|-damage|p1a: Gothitelle|81/100 slp
|-curestatus|p1a: Gothitelle|slp|[msg]
|move|p1a: Gothitelle|Psychic|p2b: Lilligant
|-supereffective|p2b: Lilligant
|-damage|p2b: Lilligant|0 fnt
|faint|p2b: Lilligant
|
|-weather|RainDance|[upkeep]
|upkeep
|
|t:|1757655680
|switch|p2b: Weavile|Weavile, L50, F|53/100
|turn|8
|
|t:|1757655688
|move|p1b: Politoed|Protect|p1b: Politoed
|-singleturn|p1b: Politoed|Protect
|move|p1a: Gothitelle|Protect|p1a: Gothitelle
|-singleturn|p1a: Gothitelle|Protect
|move|p2b: Weavile|Ice Spinner|p1b: Politoed
|-activate|p1b: Politoed|move: Protect
|move|p2a: Ninetales|Heat Wave|p1a: Gothitelle|[spread] 
|-activate|p1a: Gothitelle|move: Protect
|-activate|p1b: Politoed|move: Protect
|
|-weather|RainDance|[upkeep]
|upkeep
|turn|9
|
|t:|1757655704
|move|p2a: Ninetales|Protect|p2a: Ninetales
|-singleturn|p2a: Ninetales|Protect
|move|p2b: Weavile|Ice Spinner|p1b: Politoed
|-supereffective|p1b: Politoed
|-damage|p1b: Politoed|0 fnt
|faint|p1b: Politoed
|move|p1a: Gothitelle|Psychic|p2a: Ninetales
|-activate|p2a: Ninetales|move: Protect
|
|-weather|none
|upkeep
|
|t:|1757655711
|switch|p1b: Flamigo|Flamigo, L50, M|100/100
|turn|10
|
|t:|1757655725
|move|p1b: Flamigo|Protect|p1b: Flamigo
|-singleturn|p1b: Flamigo|Protect
|move|p2b: Weavile|Ice Spinner|p1b: Flamigo
|-activate|p1b: Flamigo|move: Protect
|move|p2a: Ninetales|Will-O-Wisp|p1b: Flamigo
|-activate|p1b: Flamigo|move: Protect
|move|p1a: Gothitelle|Hypnosis|p2b: Weavile
|-status|p2b: Weavile|slp|[from] move: Hypnosis
|
|upkeep
|turn|11
|
|t:|1757655750
|cant|p2b: Weavile|slp
|move|p2a: Ninetales|Encore|p1b: Flamigo
|-start|p1b: Flamigo|Encore
|move|p1b: Flamigo|Protect||[still]
|-fail|p1b: Flamigo
|move|p1a: Gothitelle|Psychic|p2a: Ninetales
|-damage|p2a: Ninetales|13/100
|
|upkeep
|turn|12
|
|t:|1757655765
|move|p1b: Flamigo|Protect|p1b: Flamigo
|-singleturn|p1b: Flamigo|Protect
|-curestatus|p2b: Weavile|slp|[msg]
|move|p2b: Weavile|Ice Spinner|p1b: Flamigo
|-activate|p1b: Flamigo|move: Protect
|move|p2a: Ninetales|Heat Wave|p1b: Flamigo|[spread] p1a
|-activate|p1b: Flamigo|move: Protect
|-damage|p1a: Gothitelle|62/100
|move|p1a: Gothitelle|Psychic|p2a: Ninetales
|-damage|p2a: Ninetales|0 fnt
|faint|p2a: Ninetales
|
|upkeep
|
|t:|1757655781
|switch|p2a: Gholdengo|Gholdengo, L50|17/100
|turn|13
|
|t:|1757655788
|move|p1b: Flamigo|Protect||[still]
|-fail|p1b: Flamigo
|move|p2b: Weavile|Ice Spinner|p1b: Flamigo
|-supereffective|p1b: Flamigo
|-damage|p1b: Flamigo|0 fnt
|faint|p1b: Flamigo
|move|p2a: Gholdengo|Make It Rain|p1a: Gothitelle
|-damage|p1a: Gothitelle|0 fnt
|-unboost|p2a: Gholdengo|spa|1
|faint|p1a: Gothitelle
|-damage|p2a: Gholdengo|7/100|[from] item: Life Orb
|
|win|Susijwheh
|raw|PerishingSongVGC's rating: 1031 → 1017(-14 for losing)
|raw|Susijwheh's rating: 1040 → 1073(+33 for winning)
|l|☆PerishingSongVGC
|player|p1|
|l|☆Susijwheh
|player|p2|
