|j|☆alexander1111
|j|☆lukashz
|html|alexander1111lukashz    
|uhtml|bestof|Game 2 of a best-of-3
|t:|1784266172
|gametype|doubles
|player|p1|alexander1111|preschooler|1380
|player|p2|lukashz|elesa|1331
|gen|9
|tier|[Gen 9 Champions] VGC 2026 Reg M-B (Bo3)
|rated|
|rule|Species Clause: Limit one of each Pokémon
|rule|Item Clause: Limit 1 of each item
|clearpoke
|poke|p1|Milotic, L50, M|
|poke|p1|Maushold-Four, L50|
|poke|p1|Charizard, L50, M, shiny|
|poke|p1|Whimsicott, L50, M, shiny|
|poke|p1|Kingambit, L50, F|
|poke|p1|Garchomp, L50, F|
|poke|p2|Charizard, L50, M|
|poke|p2|Incineroar, L50, F|
|poke|p2|Sylveon, L50, F|
|poke|p2|Farigiraf, L50, F|
|poke|p2|Garchomp, L50, M|
|poke|p2|Aerodactyl, L50, M|
|teampreview|4
|showteam|p1|Milotic||SitrusBerry|Competitive|Scald,IceBeam,HelpingHand,Protect|Modest||M|||50|]Maushold-Four||WideLens|Technician|PopulationBomb,FollowMe,Protect,SunnyDay|Jolly|||||50|]Charizard||CharizarditeY|Blaze|SolarBeam,HeatWave,WeatherBall,Protect|Timid||M|||50|]Whimsicott||FocusSash|Prankster|Tailwind,Moonblast,Protect,Encore|Timid||M|||50|]Kingambit||ChopleBerry|Defiant|KowtowCleave,SuckerPunch,IronHead,LowKick|Adamant||F|||50|]Garchomp||LifeOrb|RoughSkin|RockSlide,Earthquake,DragonClaw,Protect|Jolly||F|||50|
|showteam|p2|Charizard||CharizarditeY|Blaze|HeatWave,WeatherBall,SolarBeam,Protect|Modest||M|||50|]Incineroar||Charcoal|Intimidate|FlareBlitz,DarkestLariat,FakeOut,PartingShot|Brave||F|||50|]Sylveon||FairyFeather|Pixilate|HyperVoice,Yawn,QuickAttack,Protect|Modest||F|||50|]Farigiraf||SitrusBerry|ArmorTail|Psyshock,HelpingHand,TrickRoom,Protect|Calm||F|||50|]Garchomp||LifeOrb|RoughSkin|Earthquake,Protect,DragonClaw,StompingTantrum|Jolly||M|||50|]Aerodactyl||FocusSash|Unnerve|RockSlide,Tailwind,WideGuard,Protect|Jolly||M|||50|
|
|t:|1784266217
|teamsize|p1|4
|teamsize|p2|4
|start
|switch|p1a: Maushold|Maushold-Four, L50|100/100
|switch|p1b: Garchomp|Garchomp, L50, F|100/100
|switch|p2a: Sylveon|Sylveon, L50, F|100/100
|switch|p2b: Charizard|Charizard, L50, M|100/100
|turn|1
|inactive|Battle timer is ON: inactive players will automatically lose when time's up. (requested by alexander1111)
|
|t:|1784266254
|switch|p2b: Incineroar|Incineroar, L50, F|100/100
|-ability|p2b: Incineroar|Intimidate|boost
|-unboost|p1a: Maushold|atk|1
|-unboost|p1b: Garchomp|atk|1
|move|p2a: Sylveon|Protect|p2a: Sylveon
|-singleturn|p2a: Sylveon|Protect
|move|p1a: Maushold|Population Bomb|p2a: Sylveon
|-activate|p2a: Sylveon|move: Protect
|move|p1b: Garchomp|Rock Slide|p2a: Sylveon|[spread] p2b
|-activate|p2a: Sylveon|move: Protect
|-supereffective|p2b: Incineroar|1
|-damage|p2b: Incineroar|69/100
|-damage|p1b: Garchomp|90/100|[from] item: Life Orb
|
|upkeep
|turn|2
|inactive|alexander1111 has 30 seconds left.
|inactive|lukashz has 30 seconds left.
|
|t:|1784266290
|switch|p1a: Whimsicott|Whimsicott, L50, M, shiny|100/100
|move|p1b: Garchomp|Protect|p1b: Garchomp
|-singleturn|p1b: Garchomp|Protect
|move|p2a: Sylveon|Hyper Voice|p1a: Whimsicott|[spread] p1a
|-activate|p1b: Garchomp|move: Protect
|-damage|p1a: Whimsicott|12/100
|move|p2b: Incineroar|Flare Blitz|p1a: Whimsicott
|-supereffective|p1a: Whimsicott|1
|-damage|p1a: Whimsicott|0 fnt
|faint|p1a: Whimsicott
|-damage|p2b: Incineroar|66/100|[from] Recoil
|
|upkeep
|
|t:|1784266297
|switch|p1a: Maushold|Maushold-Four, L50|100/100
|turn|3
|
|t:|1784266303
|switch|p2b: Garchomp|Garchomp, L50, M|100/100
|move|p2a: Sylveon|Protect|p2a: Sylveon
|-singleturn|p2a: Sylveon|Protect
|move|p1a: Maushold|Population Bomb|p2a: Sylveon
|-activate|p2a: Sylveon|move: Protect
|move|p1b: Garchomp|Rock Slide|p2a: Sylveon|[spread] p2b
|-activate|p2a: Sylveon|move: Protect
|-resisted|p2b: Garchomp|1
|-damage|p2b: Garchomp|92/100
|-damage|p1b: Garchomp|80/100|[from] item: Life Orb
|
|upkeep
|turn|4
|
|t:|1784266325
|switch|p2b: Incineroar|Incineroar, L50, F|66/100
|-ability|p2b: Incineroar|Intimidate|boost
|-unboost|p1a: Maushold|atk|1
|-unboost|p1b: Garchomp|atk|1
|move|p1a: Maushold|Population Bomb|p2a: Sylveon
|-damage|p2a: Sylveon|89/100
|-damage|p2a: Sylveon|80/100
|-damage|p2a: Sylveon|69/100
|-damage|p2a: Sylveon|60/100
|-damage|p2a: Sylveon|51/100
|-damage|p2a: Sylveon|42/100
|-damage|p2a: Sylveon|33/100
|-damage|p2a: Sylveon|24/100
|-damage|p2a: Sylveon|14/100
|-damage|p2a: Sylveon|4/100
|-hitcount|p2a: Sylveon|10
|move|p1b: Garchomp|Dragon Claw|p2b: Incineroar
|-damage|p2b: Incineroar|44/100
|-damage|p1b: Garchomp|70/100|[from] item: Life Orb
|move|p2a: Sylveon|Hyper Voice|p1a: Maushold|[spread] p1a,p1b
|-supereffective|p1b: Garchomp|1
|-crit|p1b: Garchomp
|-damage|p1a: Maushold|22/100
|-damage|p1b: Garchomp|0 fnt
|faint|p1b: Garchomp
|
|upkeep
|
|t:|1784266343
|switch|p1b: Kingambit|Kingambit, L50, F|100/100
|turn|5
|
|t:|1784266362
|switch|p2a: Garchomp|Garchomp, L50, M|92/100
|move|p1b: Kingambit|Sucker Punch||[still]
|-fail|p1b: Kingambit
|move|p1a: Maushold|Population Bomb|p2b: Incineroar
|-damage|p2b: Incineroar|37/100
|-crit|p2b: Incineroar
|-damage|p2b: Incineroar|22/100
|-damage|p2b: Incineroar|14/100
|-damage|p2b: Incineroar|7/100
|-damage|p2b: Incineroar|0 fnt
|faint|p2b: Incineroar
|-hitcount|p2: Incineroar|5
|
|upkeep
|
|t:|1784266370
|switch|p2b: Charizard|Charizard, L50, M|100/100
|turn|6
|
|t:|1784266389
|detailschange|p2b: Charizard|Charizard-Mega-Y, L50, M
|-mega|p2b: Charizard|Charizard|Charizardite Y
|-weather|SunnyDay|[from] ability: Drought|[of] p2b: Charizard
|move|p1a: Maushold|Protect|p1a: Maushold
|-singleturn|p1a: Maushold|Protect
|move|p2a: Garchomp|Earthquake|p1b: Kingambit|[spread] p1b
|-activate|p1a: Maushold|move: Protect
|-immune|p2b: Charizard
|-supereffective|p1b: Kingambit|1
|-damage|p1b: Kingambit|28/100
|-damage|p2a: Garchomp|82/100|[from] item: Life Orb
|move|p2b: Charizard|Heat Wave|p1a: Maushold|[spread] p1b
|-activate|p1a: Maushold|move: Protect
|-supereffective|p1b: Kingambit|1
|-damage|p1b: Kingambit|0 fnt
|faint|p1b: Kingambit
|
|-weather|SunnyDay|[upkeep]
|upkeep
|turn|7
|-message|alexander1111 forfeited.
|
|win|lukashz
||alexander1111 is ready for game 3.
||lukashz is ready for game 3.
|uhtml|next|Next: Game 3 of 3
|l|☆lukashz
|player|p2|
