|j|☆TeyVgc
|j|☆Treit_3
|html|TeyVgcTreit_3    
|uhtml|bestof|Game 1 of a best-of-3
|t:|1783310869
|gametype|doubles
|player|p1|TeyVgc|rood|1296
|player|p2|Treit_3|marshal|1255
|gen|9
|tier|[Gen 9 Champions] VGC 2026 Reg M-B (Bo3)
|rated|
|rule|Species Clause: Limit one of each Pokémon
|rule|Item Clause: Limit 1 of each item
|clearpoke
|poke|p1|Sneasler, L50, M|
|poke|p1|Floette-Eternal, L50, F|
|poke|p1|Sinistcha, L50|
|poke|p1|Incineroar, L50, F|
|poke|p1|Kingambit, L50, F|
|poke|p1|Garchomp, L50, M|
|poke|p2|Scrafty, L50, F|
|poke|p2|Blaziken, L50, F|
|poke|p2|Torterra, L50, F|
|poke|p2|Milotic, L50, M|
|poke|p2|Gholdengo, L50|
|poke|p2|Farigiraf, L50, M|
|teampreview|4
|showteam|p1|Sneasler||WhiteHerb|Unburden|CloseCombat,GunkShot,Coaching,FakeOut|Jolly||M|||50|]Floette-Eternal||Floettite|FlowerVeil|CalmMind,Protect,Moonblast,DazzlingGleam|Modest||F|||50|]Sinistcha||ColburBerry|Hospitality|MatchaGotcha,Protect,RagePowder,TrickRoom|Bold|||||50|]Incineroar||SitrusBerry|Intimidate|FakeOut,FlareBlitz,ThroatChop,PartingShot|Impish||F|||50|]Kingambit||ChopleBerry|Defiant|KowtowCleave,SuckerPunch,IronHead,Protect|Adamant||F|||50|]Garchomp||Garchompite|RoughSkin|DragonClaw,Earthquake,SwordsDance,Protect|Adamant||M|||50|
|showteam|p2|Scrafty||Scraftinite|Intimidate|FakeOut,Coaching,DrainPunch,ThroatChop|Adamant||F|||50|]Blaziken||Blazikenite|SpeedBoost|Detect,RockSlide,FlareBlitz,CloseCombat|Jolly||F|||50|]Torterra||Leftovers|ShellArmor|Protect,WideGuard,HeadlongRush,WoodHammer|Brave||F|||50|]Milotic||MysticWater|Competitive|Protect,Scald,MuddyWater,IceBeam|Modest||M|||50|]Gholdengo||LifeOrb|GoodasGold|Protect,NastyPlot,MakeItRain,ShadowBall|Modest|||||50|]Farigiraf||SitrusBerry|ArmorTail|Protect,TrickRoom,Thunderbolt,HyperVoice|Bold||M|||50|
|
|t:|1783310910
|teamsize|p1|4
|teamsize|p2|4
|start
|switch|p1a: Incineroar|Incineroar, L50, F|100/100
|switch|p1b: Garchomp|Garchomp, L50, M|100/100
|switch|p2a: Milotic|Milotic, L50, M|100/100
|switch|p2b: Blaziken|Blaziken, L50, F|100/100
|-ability|p1a: Incineroar|Intimidate|boost
|-unboost|p2a: Milotic|atk|1
|-ability|p2a: Milotic|Competitive|boost
|-boost|p2a: Milotic|spa|2
|-unboost|p2b: Blaziken|atk|1
|turn|1
|inactive|Battle timer is ON: inactive players will automatically lose when time's up. (requested by Treit_3)
|
|t:|1783310948
|switch|p2b: Farigiraf|Farigiraf, L50, M|100/100
|detailschange|p1b: Garchomp|Garchomp-Mega, L50, M
|-mega|p1b: Garchomp|Garchomp|Garchompite
|move|p1a: Incineroar|Fake Out||[still]
|cant|p2b: Farigiraf|ability: Armor Tail|Fake Out|[of] p1a: Incineroar
|move|p1b: Garchomp|Swords Dance|p1b: Garchomp
|-boost|p1b: Garchomp|atk|2
|move|p2a: Milotic|Muddy Water|p1b: Garchomp|[spread] p1a,p1b
|-supereffective|p1a: Incineroar|1
|-crit|p1a: Incineroar
|-damage|p1a: Incineroar|0 fnt
|-damage|p1b: Garchomp|46/100
|-unboost|p1b: Garchomp|accuracy|1
|faint|p1a: Incineroar
|
|upkeep
|
|t:|1783310961
|switch|p1a: Sinistcha|Sinistcha, L50|100/100
|-heal|p1b: Garchomp|71/100|[from] ability: Hospitality|[of] p1a: Sinistcha
|turn|2
|inactive|Treit_3 has 30 seconds left.
|inactive|Treit_3 has 20 seconds left.
|inactive|Treit_3 has 15 seconds left.
|inactive|Treit_3 has 10 seconds left.
|
|t:|1783311007
|move|p1b: Garchomp|Dragon Claw|p2a: Milotic|[miss]
|-miss|p1b: Garchomp|p2a: Milotic
|move|p2a: Milotic|Muddy Water|p1b: Garchomp|[spread] p1a,p1b
|-resisted|p1a: Sinistcha|1
|-damage|p1a: Sinistcha|61/100
|-damage|p1b: Garchomp|14/100
|-unboost|p1a: Sinistcha|accuracy|1
|-unboost|p1b: Garchomp|accuracy|1
|move|p1a: Sinistcha|Matcha Gotcha|p2b: Farigiraf|[spread] p2b
|-miss|p1a: Sinistcha|p2a: Milotic
|-damage|p2b: Farigiraf|74/100
|-heal|p1a: Sinistcha|77/100|[from] drain|[of] p2b: Farigiraf
|move|p2b: Farigiraf|Hyper Voice|p1a: Sinistcha|[spread] p1b
|-immune|p1a: Sinistcha
|-damage|p1b: Garchomp|0 fnt
|faint|p1b: Garchomp
|
|upkeep
|
|t:|1783311023
|switch|p1b: Sneasler|Sneasler, L50, M|100/100
|turn|3
|inactive|Treit_3 has 30 seconds left.
|inactive|Treit_3 has 20 seconds left.
|inactive|Treit_3 has 15 seconds left.
|inactive|Treit_3 has 10 seconds left.
|
|t:|1783311069
|move|p2a: Milotic|Protect|p2a: Milotic
|-singleturn|p2a: Milotic|Protect
|move|p1b: Sneasler|Close Combat|p2b: Farigiraf
|-damage|p2b: Farigiraf|28/100
|-unboost|p1b: Sneasler|def|1
|-unboost|p1b: Sneasler|spd|1
|-enditem|p2b: Farigiraf|Sitrus Berry|[eat]
|-heal|p2b: Farigiraf|53/100|[from] item: Sitrus Berry
|-enditem|p1b: Sneasler|White Herb
|-clearnegativeboost|p1b: Sneasler|[silent]
|move|p1a: Sinistcha|Matcha Gotcha|p2b: Farigiraf|[spread] p2b
|-activate|p2a: Milotic|move: Protect
|-damage|p2b: Farigiraf|26/100
|-heal|p1a: Sinistcha|94/100|[from] drain|[of] p2b: Farigiraf
|move|p2b: Farigiraf|Trick Room|p2b: Farigiraf
|-fieldstart|move: Trick Room|[of] p2b: Farigiraf
|
|upkeep
|turn|4
|
|t:|1783311093
|move|p1a: Sinistcha|Rage Powder|p1a: Sinistcha
|-singleturn|p1a: Sinistcha|move: Rage Powder
|move|p2b: Farigiraf|Hyper Voice|p1a: Sinistcha|[spread] p1b
|-immune|p1a: Sinistcha
|-damage|p1b: Sneasler|61/100
|move|p2a: Milotic|Ice Beam|p1a: Sinistcha
|-supereffective|p1a: Sinistcha|1
|-damage|p1a: Sinistcha|0 fnt
|faint|p1a: Sinistcha
|move|p1b: Sneasler|Gunk Shot|p2a: Milotic
|-damage|p2a: Milotic|40/100
|
|upkeep
|turn|5
|-message|TeyVgc forfeited.
|
|win|Treit_3
