|j|☆useless0o0
|j|☆lolgz
|html|useless0o0lolgz    
|uhtml|bestof|Game 1 of a best-of-3
|t:|1782340293
|gametype|doubles
|player|p1|useless0o0|265|1087
|player|p2|lolgz|dawn|1109
|gen|9
|tier|[Gen 9 Champions] VGC 2026 Reg M-B (Bo3)
|rated|
|rule|Species Clause: Limit one of each Pokémon
|rule|Item Clause: Limit 1 of each item
|clearpoke
|poke|p1|Delphox, L50, F|
|poke|p1|Sceptile, L50, F|
|poke|p1|Clefable, L50, F|
|poke|p1|Incineroar, L50, M|
|poke|p1|Rotom-Wash, L50|
|poke|p1|Gholdengo, L50|
|poke|p2|Torkoal, L50, M|
|poke|p2|Vileplume, L50, F|
|poke|p2|Farigiraf, L50, M|
|poke|p2|Scrafty, L50, F|
|poke|p2|Gallade, L50, M|
|poke|p2|Mawile, L50, M|
|teampreview|4
|showteam|p1|Delphox||Delphoxite|Blaze|HeatWave,Psychic,NastyPlot,Protect|Timid||F|||50|]Sceptile||Sceptilite|Overgrow|EnergyBall,EarthPower,DragonPulse,Protect|Timid||F|||50|]Clefable||SitrusBerry|Unaware|FollowMe,Moonblast,LifeDew,Protect|Calm||F|||50|]Incineroar||ShucaBerry|Intimidate|FakeOut,FlareBlitz,ThroatChop,PartingShot|Impish||M|||50|]Rotom-Wash||Leftovers|Levitate|HydroPump,VoltSwitch,WillOWisp,LightScreen|Bold|||||50|]Gholdengo||ChoiceScarf|GoodasGold|MakeItRain,ShadowBall,PowerGem,DazzlingGleam|Timid|||||50|
|showteam|p2|Torkoal||Charcoal|Drought|Eruption,WeatherBall,EarthPower,Protect|Quiet||M|||50|]Vileplume||FocusSash|Chlorophyll|EnergyBall,SludgeBomb,SleepPowder,AfterYou|Timid||F|||50|]Farigiraf||SitrusBerry|ArmorTail|TrickRoom,Protect,Psychic,HelpingHand|Bold||M|||50|]Scrafty||Scraftinite|Intimidate|CloseCombat,KnockOff,FakeOut,RockSlide|Brave||F|||50|]Gallade||IronBall|Sharpness|SacredSword,PsychoCut,WideGuard,TrickRoom|Brave||M|||50|]Mawile||Mawilite|Intimidate|SuckerPunch,PlayRough,SwordsDance,Protect|Brave||M|||50|
|inactive|Battle timer is ON: inactive players will automatically lose when time's up. (requested by lolgz)
|inactive|useless0o0 also wants the timer to be on.
|inactive|useless0o0 has 60 seconds left.
|inactive|lolgz has 60 seconds left.
|
|t:|1782340333
|teamsize|p1|4
|teamsize|p2|4
|start
|switch|p1a: Sceptile|Sceptile, L50, F|100/100
|switch|p1b: Gholdengo|Gholdengo, L50|100/100
|switch|p2a: Farigiraf|Farigiraf, L50, M|100/100
|switch|p2b: Torkoal|Torkoal, L50, M|100/100
|-weather|SunnyDay|[from] ability: Drought|[of] p2b: Torkoal
|turn|1
|inactive|useless0o0 has 30 seconds left.
|inactive|lolgz has 30 seconds left.
|inactive|useless0o0 has 20 seconds left.
|inactive|lolgz has 20 seconds left.
|inactive|useless0o0 has 15 seconds left.
|inactive|lolgz has 15 seconds left.
|inactive|lolgz has 10 seconds left.
|inactive|useless0o0 has 10 seconds left.
|inactive|lolgz has 5 seconds left.
|
|t:|1782340386
|detailschange|p1a: Sceptile|Sceptile-Mega, L50, F
|-mega|p1a: Sceptile|Sceptile|Sceptilite
|move|p1b: Gholdengo|Make It Rain|p2a: Farigiraf|[spread] p2a,p2b
|-resisted|p2b: Torkoal|1
|-damage|p2a: Farigiraf|55/100
|-damage|p2b: Torkoal|69/100
|-unboost|p1b: Gholdengo|spa|2
|move|p1a: Sceptile|Energy Ball|p2a: Farigiraf
|-damage|p2a: Farigiraf|9/100
|-enditem|p2a: Farigiraf|Sitrus Berry|[eat]
|-heal|p2a: Farigiraf|34/100|[from] item: Sitrus Berry
|move|p2b: Torkoal|Weather Ball|p1b: Gholdengo
|-supereffective|p1b: Gholdengo|1
|-damage|p1b: Gholdengo|0 fnt
|faint|p1b: Gholdengo
|move|p2a: Farigiraf|Trick Room|p2a: Farigiraf
|-fieldstart|move: Trick Room|[of] p2a: Farigiraf
|
|-weather|SunnyDay|[upkeep]
|upkeep
|
|t:|1782340399
|switch|p1b: Rotom|Rotom-Wash, L50|100/100
|turn|2
|
|t:|1782340409
|switch|p1a: Incineroar|Incineroar, L50, M|100/100
|-ability|p1a: Incineroar|Intimidate|boost
|-unboost|p2a: Farigiraf|atk|1
|-unboost|p2b: Torkoal|atk|1
|move|p2b: Torkoal|Eruption|p1a: Incineroar|[spread] p1a,p1b
|-resisted|p1a: Incineroar|1
|-resisted|p1b: Rotom|1
|-damage|p1a: Incineroar|73/100
|-damage|p1b: Rotom|68/100
|move|p2a: Farigiraf|Psychic|p1b: Rotom
|-damage|p1b: Rotom|34/100
|move|p1b: Rotom|Light Screen|p1b: Rotom
|-sidestart|p1: useless0o0|move: Light Screen
|
|-weather|SunnyDay|[upkeep]
|-heal|p1b: Rotom|40/100|[from] item: Leftovers
|upkeep
|turn|3
|inactive|useless0o0 has 30 seconds left.
|
|t:|1782340438
|switch|p2b: Gallade|Gallade, L50, M|100/100
|move|p2a: Farigiraf|Psychic|p1b: Rotom
|-damage|p1b: Rotom|15/100
|move|p1a: Incineroar|Throat Chop|p2b: Gallade
|-damage|p2b: Gallade|57/100
|-start|p2b: Gallade|Throat Chop|[silent]
|move|p1b: Rotom|Volt Switch|p2a: Farigiraf
|-damage|p2a: Farigiraf|10/100
|
|t:|1782340448
|switch|p1b: Sceptile|Sceptile-Mega, L50, F|100/100|[from] Volt Switch
|
|-weather|SunnyDay|[upkeep]
|upkeep
|turn|4
|
|t:|1782340465
|switch|p1a: Rotom|Rotom-Wash, L50|15/100
|move|p2b: Gallade|Sacred Sword|p1a: Rotom
|-damage|p1a: Rotom|0 fnt
|faint|p1a: Rotom
|move|p2a: Farigiraf|Psychic|p1b: Sceptile
|-damage|p1b: Sceptile|68/100
|move|p1b: Sceptile|Energy Ball|p2b: Gallade
|-damage|p2b: Gallade|14/100
|
|-weather|SunnyDay|[upkeep]
|-end|p2b: Gallade|Throat Chop|[silent]
|upkeep
|
|t:|1782340472
|switch|p1a: Incineroar|Incineroar, L50, M|73/100
|-ability|p1a: Incineroar|Intimidate|boost
|-unboost|p2a: Farigiraf|atk|1
|-unboost|p2b: Gallade|atk|1
|turn|5
|
|t:|1782340497
|move|p2a: Farigiraf|Helping Hand|p2b: Gallade
|-singleturn|p2b: Gallade|Helping Hand|[of] p2a: Farigiraf
|move|p2b: Gallade|Sacred Sword|p1a: Incineroar
|-supereffective|p1a: Incineroar|1
|-damage|p1a: Incineroar|0 fnt
|faint|p1a: Incineroar
|move|p1b: Sceptile|Dragon Pulse|p2a: Farigiraf
|-damage|p2a: Farigiraf|0 fnt
|faint|p2a: Farigiraf
|
|-weather|none
|-fieldend|move: Trick Room
|upkeep
|
|t:|1782340503
|switch|p2a: Mawile|Mawile, L50, M|100/100
|-ability|p2a: Mawile|Intimidate|boost
|-unboost|p1b: Sceptile|atk|1
|turn|6
|
|t:|1782340511
|detailschange|p2a: Mawile|Mawile-Mega, L50, M
|-mega|p2a: Mawile|Mawile|Mawilite
|move|p1b: Sceptile|Earth Power|p2a: Mawile
|-supereffective|p2a: Mawile|1
|-damage|p2a: Mawile|17/100
|move|p2a: Mawile|Play Rough|p1b: Sceptile
|-supereffective|p1b: Sceptile|1
|-damage|p1b: Sceptile|0 fnt
|faint|p1b: Sceptile
|
|win|lolgz
