|j|☆megaurshifuplease
|j|☆MonkeyLucky
|html|megaurshifupleaseMonkeyLucky    
|uhtml|bestof|Game 3 of a best-of-3
|t:|1783050723
|gametype|doubles
|player|p1|megaurshifuplease|red|1059
|player|p2|MonkeyLucky|266|1079
|gen|9
|tier|[Gen 9 Champions] VGC 2026 Reg M-B (Bo3)
|rated|
|rule|Species Clause: Limit one of each Pokémon
|rule|Item Clause: Limit 1 of each item
|clearpoke
|poke|p1|Metagross, L50|
|poke|p1|Tyranitar, L50, M|
|poke|p1|Excadrill, L50, F|
|poke|p1|Grimmsnarl, L50, M|
|poke|p1|Sneasler, L50, F|
|poke|p1|Sinistcha, L50|
|poke|p2|Pyroar, L50, F|
|poke|p2|Torkoal, L50, F|
|poke|p2|Farigiraf, L50, M|
|poke|p2|Vileplume, L50, F|
|poke|p2|Incineroar, L50, F|
|poke|p2|Floette-Eternal, L50, F|
|teampreview|4
|showteam|p1|Metagross||Metagrossite|ClearBody|IronHead,BrickBreak,IcePunch,Protect|Jolly|||||50|]Tyranitar||Tyranitarite|SandStream|RockSlide,KnockOff,DragonDance,Protect|Jolly||M|||50|]Excadrill||FocusSash|SandRush|Earthquake,IronHead,RockSlide,Protect|Adamant||F|||50|]Grimmsnarl||RoseliBerry|Prankster|FoulPlay,PartingShot,LightScreen,Reflect|Careful||M|||50|]Sneasler||WhiteHerb|Unburden|FakeOut,CloseCombat,DireClaw,Protect|Adamant||F|||50|]Sinistcha||SitrusBerry|Hospitality|MatchaGotcha,Protect,RagePowder,LifeDew|Bold|||||50|
|showteam|p2|Pyroar||Pyroarite|Rivalry|Protect,Overheat,HeatWave,SolarBeam|Timid||F|||50|]Torkoal||Charcoal|Drought|Protect,HelpingHand,Eruption,WeatherBall|Quiet||F|||50|]Farigiraf||SitrusBerry|ArmorTail|HelpingHand,TrickRoom,Psychic,Thunderbolt|Relaxed||M|||50|]Vileplume||FocusSash|Chlorophyll|SleepPowder,AfterYou,SludgeBomb,SolarBeam|Timid||F|||50|]Incineroar||WhiteHerb|Intimidate|FakeOut,FlareBlitz,DarkestLariat,CloseCombat|Brave||F|||50|]Floette-Eternal||Floettite|FlowerVeil|Protect,CalmMind,Moonblast,DrainingKiss|Modest||F|||50|
|inactive|Battle timer is ON: inactive players will automatically lose when time's up. (requested by megaurshifuplease)
|c|☆MonkeyLucky|GL
|inactive|MonkeyLucky has 60 seconds left.
|
|t:|1783050784
|teamsize|p1|4
|teamsize|p2|4
|start
|switch|p1a: Sneasler|Sneasler, L50, F|100/100
|switch|p1b: Tyranitar|Tyranitar, L50, M|100/100
|switch|p2a: Farigiraf|Farigiraf, L50, M|100/100
|switch|p2b: Incineroar|Incineroar, L50, F|100/100
|-weather|Sandstorm|[from] ability: Sand Stream|[of] p1b: Tyranitar
|-ability|p2b: Incineroar|Intimidate|boost
|-unboost|p1a: Sneasler|atk|1
|-unboost|p1b: Tyranitar|atk|1
|-enditem|p1a: Sneasler|White Herb
|-clearnegativeboost|p1a: Sneasler|[silent]
|turn|1
|
|t:|1783050801
|move|p2b: Incineroar|Fake Out|p1b: Tyranitar
|-resisted|p1b: Tyranitar|1
|-damage|p1b: Tyranitar|94/100
|move|p1a: Sneasler|Close Combat|p2b: Incineroar
|-supereffective|p2b: Incineroar|1
|-damage|p2b: Incineroar|0 fnt
|-unboost|p1a: Sneasler|def|1
|-unboost|p1a: Sneasler|spd|1
|faint|p2b: Incineroar
|cant|p1b: Tyranitar|flinch
|move|p2a: Farigiraf|Trick Room|p2a: Farigiraf
|-fieldstart|move: Trick Room|[of] p2a: Farigiraf
|
|-weather|Sandstorm|[upkeep]
|-damage|p2a: Farigiraf|93/100|[from] Sandstorm
|-damage|p1a: Sneasler|94/100|[from] Sandstorm
|upkeep
|inactive|MonkeyLucky has 30 seconds left.
|inactive|MonkeyLucky has 20 seconds left.
|
|t:|1783050838
|switch|p2b: Floette|Floette-Eternal, L50, F|100/100
|turn|2
|
|t:|1783050858
|switch|p1a: Sinistcha|Sinistcha, L50|100/100
|-heal|p1b: Tyranitar|100/100|[from] ability: Hospitality|[of] p1a: Sinistcha
|detailschange|p1b: Tyranitar|Tyranitar-Mega, L50, M
|-mega|p1b: Tyranitar|Tyranitar|Tyranitarite
|detailschange|p2b: Floette|Floette-Mega, L50, F
|-mega|p2b: Floette|Floette|Floettite
|-ability|p2b: Floette|Fairy Aura
|move|p1b: Tyranitar|Protect|p1b: Tyranitar
|-singleturn|p1b: Tyranitar|Protect
|move|p2a: Farigiraf|Psychic|p1a: Sinistcha
|-damage|p1a: Sinistcha|60/100
|move|p2b: Floette|Calm Mind|p2b: Floette
|-boost|p2b: Floette|spa|1
|-boost|p2b: Floette|spd|1
|
|-weather|Sandstorm|[upkeep]
|-damage|p2a: Farigiraf|87/100|[from] Sandstorm
|-damage|p1a: Sinistcha|54/100|[from] Sandstorm
|-damage|p2b: Floette|94/100|[from] Sandstorm
|upkeep
|turn|3
|inactive|MonkeyLucky has 30 seconds left.
|inactive|MonkeyLucky has 20 seconds left.
|inactive|MonkeyLucky has 15 seconds left.
|
|t:|1783050900
|move|p2a: Farigiraf|Helping Hand|p2b: Floette
|-singleturn|p2b: Floette|Helping Hand|[of] p2a: Farigiraf
|move|p1a: Sinistcha|Rage Powder|p1a: Sinistcha
|-singleturn|p1a: Sinistcha|move: Rage Powder
|move|p1b: Tyranitar|Rock Slide|p2b: Floette|[spread] p2a,p2b
|-damage|p2a: Farigiraf|71/100
|-damage|p2b: Floette|68/100
|move|p2b: Floette|Moonblast|p1a: Sinistcha
|-damage|p1a: Sinistcha|0 fnt
|faint|p1a: Sinistcha
|
|-weather|Sandstorm|[upkeep]
|-damage|p2a: Farigiraf|65/100|[from] Sandstorm
|-damage|p2b: Floette|62/100|[from] Sandstorm
|upkeep
|
|t:|1783050916
|switch|p1a: Excadrill|Excadrill, L50, F|100/100
|turn|4
|inactive|MonkeyLucky has 30 seconds left.
|
|t:|1783050944
|move|p1b: Tyranitar|Protect|p1b: Tyranitar
|-singleturn|p1b: Tyranitar|Protect
|move|p2b: Floette|Protect|p2b: Floette
|-singleturn|p2b: Floette|Protect
|move|p1a: Excadrill|Protect|p1a: Excadrill
|-singleturn|p1a: Excadrill|Protect
|move|p2a: Farigiraf|Psychic|p1a: Excadrill
|-activate|p1a: Excadrill|move: Protect
|
|-weather|Sandstorm|[upkeep]
|-damage|p2a: Farigiraf|58/100|[from] Sandstorm
|-damage|p2b: Floette|56/100|[from] Sandstorm
|upkeep
|turn|5
|
|t:|1783050964
|switch|p1b: Sneasler|Sneasler, L50, F|94/100
|move|p2a: Farigiraf|Helping Hand|p2b: Floette
|-singleturn|p2b: Floette|Helping Hand|[of] p2a: Farigiraf
|move|p2b: Floette|Draining Kiss|p1b: Sneasler
|-damage|p1b: Sneasler|0 fnt
|-heal|p2b: Floette|100/100|[from] drain|[of] p1b: Sneasler
|faint|p1b: Sneasler
|move|p1a: Excadrill|Iron Head|p2b: Floette
|-supereffective|p2b: Floette|1
|-damage|p2b: Floette|0 fnt
|faint|p2b: Floette
|
|-weather|none
|-fieldend|move: Trick Room
|upkeep
|
|t:|1783050977
|switch|p1b: Tyranitar|Tyranitar-Mega, L50, M|100/100
|switch|p2b: Torkoal|Torkoal, L50, F|100/100
|-weather|Sandstorm|[from] ability: Sand Stream|[of] p1b: Tyranitar
|-weather|SunnyDay|[from] ability: Drought|[of] p2b: Torkoal
|turn|6
|inactive|MonkeyLucky has 30 seconds left.
|inactive|megaurshifuplease has 30 seconds left.
|inactive|MonkeyLucky has 20 seconds left.
|
|t:|1783051025
|move|p2a: Farigiraf|Helping Hand|p2b: Torkoal
|-singleturn|p2b: Torkoal|Helping Hand|[of] p2a: Farigiraf
|move|p1a: Excadrill|Rock Slide|p2b: Torkoal|[spread] p2a,p2b
|-supereffective|p2b: Torkoal|1
|-damage|p2a: Farigiraf|40/100
|-damage|p2b: Torkoal|66/100
|-enditem|p2a: Farigiraf|Sitrus Berry|[eat]
|-heal|p2a: Farigiraf|65/100|[from] item: Sitrus Berry
|move|p1b: Tyranitar|Knock Off|p2a: Farigiraf
|-supereffective|p2a: Farigiraf|1
|-damage|p2a: Farigiraf|14/100
|move|p2b: Torkoal|Eruption|p1b: Tyranitar|[spread] p1a,p1b
|-supereffective|p1a: Excadrill|1
|-resisted|p1b: Tyranitar|1
|-enditem|p1a: Excadrill|Focus Sash
|-damage|p1a: Excadrill|1/100
|-damage|p1b: Tyranitar|66/100
|
|-weather|SunnyDay|[upkeep]
|upkeep
|turn|7
|inactive|MonkeyLucky has 30 seconds left.
|
|t:|1783051056
|move|p1b: Tyranitar|Protect|p1b: Tyranitar
|-singleturn|p1b: Tyranitar|Protect
|move|p2b: Torkoal|Protect|p2b: Torkoal
|-singleturn|p2b: Torkoal|Protect
|move|p1a: Excadrill|Earthquake|p2b: Torkoal|[spread] p2a
|-activate|p1b: Tyranitar|move: Protect
|-activate|p2b: Torkoal|move: Protect
|-damage|p2a: Farigiraf|0 fnt
|faint|p2a: Farigiraf
|
|-weather|SunnyDay|[upkeep]
|upkeep
|turn|8
|
|t:|1783051073
|move|p1a: Excadrill|Iron Head|p2b: Torkoal
|-resisted|p2b: Torkoal|1
|-damage|p2b: Torkoal|48/100
|move|p1b: Tyranitar|Knock Off|p2b: Torkoal
|-damage|p2b: Torkoal|5/100
|-enditem|p2b: Torkoal|Charcoal|[from] move: Knock Off|[of] p1b: Tyranitar
|move|p2b: Torkoal|Weather Ball|p1a: Excadrill
|-supereffective|p1a: Excadrill|1
|-damage|p1a: Excadrill|0 fnt
|faint|p1a: Excadrill
|
|-weather|SunnyDay|[upkeep]
|upkeep
|turn|9
|
|t:|1783051091
|move|p2b: Torkoal|Protect|p2b: Torkoal
|-singleturn|p2b: Torkoal|Protect
|move|p1b: Tyranitar|Knock Off|p2b: Torkoal
|-activate|p2b: Torkoal|move: Protect
|
|-weather|SunnyDay|[upkeep]
|upkeep
|turn|10
|
|t:|1783051096
|move|p2b: Torkoal|Helping Hand|p2: Farigiraf|[notarget]
|-fail|p2b: Torkoal
|move|p1b: Tyranitar|Knock Off|p2b: Torkoal
|-damage|p2b: Torkoal|0 fnt
|faint|p2b: Torkoal
|
|win|megaurshifuplease
|raw|megaurshifuplease's rating: 1059 → 1092(+33 for winning)
|raw|MonkeyLucky's rating: 1079 → 1056(-23 for losing)
|l|☆MonkeyLucky
|player|p2|
