|j|☆regitron 21
|j|☆lucasmalt
|html|regitron 21lucasmalt    
|uhtml|bestof|Game 3 of a best-of-3
|t:|1785113655
|gametype|doubles
|player|p1|regitron 21|n|1199
|player|p2|lucasmalt|169|1338
|gen|9
|tier|[Gen 9 Champions] VGC 2026 Reg M-B (Bo3)
|rated|
|rule|Species Clause: Limit one of each Pokémon
|rule|Item Clause: Limit 1 of each item
|clearpoke
|poke|p1|Raichu, L50, M|
|poke|p1|Charizard, L50, F|
|poke|p1|Incineroar, L50, F|
|poke|p1|Farigiraf, L50, F|
|poke|p1|Sylveon, L50, M|
|poke|p1|Kingambit, L50, M|
|poke|p2|Blaziken, L50, M, shiny|
|poke|p2|Incineroar, L50, M, shiny|
|poke|p2|Sinistcha, L50|
|poke|p2|Milotic, L50, F, shiny|
|poke|p2|Hydreigon, L50, F|
|poke|p2|Gardevoir, L50, F, shiny|
|teampreview|4
|showteam|p1|Raichu||RaichuniteY|LightningRod|ZapCannon,FocusBlast,FakeOut,Protect|Timid||M|||50|]Charizard||CharizarditeY|Blaze|HeatWave,WeatherBall,SolarBeam,Protect|Modest||F|||50|]Incineroar||SitrusBerry|Intimidate|FakeOut,FlareBlitz,DarkestLariat,PartingShot|Impish||F|||50|]Farigiraf||ColburBerry|ArmorTail|TwinBeam,Thunderbolt,HelpingHand,TrickRoom|Modest||F|||50|]Sylveon||FairyFeather|Pixilate|HyperVoice,Moonblast,Detect,CalmMind|Modest||M|||50|]Kingambit||LifeOrb|Defiant|SuckerPunch,KowtowCleave,Protect,SwordsDance|Adamant||M|||50|
|showteam|p2|Blaziken||Blazikenite|SpeedBoost|FlareBlitz,CloseCombat,RockSlide,Detect|Adamant||M|||50|]Incineroar||SitrusBerry|Intimidate|FakeOut,FlareBlitz,DarkestLariat,PartingShot|Careful||M|||50|]Sinistcha||KasibBerry|Hospitality|MatchaGotcha,RagePowder,TrickRoom,Protect|Bold|||||50|]Milotic||Leftovers|Competitive|MuddyWater,Coil,Hypnosis,Recover|Calm||F|||50|]Hydreigon||ChoiceScarf|Levitate|Snarl,DracoMeteor,DarkPulse,EarthPower|Modest||F|||50|]Gardevoir||Gardevoirite|Trace|HyperVoice,Psyshock,TrickRoom,Protect|Modest||F|||50|
|
|t:|1785113679
|teamsize|p1|4
|teamsize|p2|4
|start
|switch|p1a: Graham|Raichu, L50, M|100/100
|switch|p1b: Soey|Farigiraf, L50, F|100/100
|switch|p2a: Hydreigon|Hydreigon, L50, F|100/100
|switch|p2b: Milotic|Milotic, L50, F, shiny|100/100
|turn|1
|
|t:|1785113724
|detailschange|p1a: Graham|Raichu-Mega-Y, L50, M
|-mega|p1a: Graham|Raichu|Raichunite Y
|move|p1b: Soey|Helping Hand|p1a: Graham
|-singleturn|p1a: Graham|Helping Hand|[of] p1b: Soey
|move|p2a: Hydreigon|Earth Power|p1a: Graham
|-supereffective|p1a: Graham|1
|-damage|p1a: Graham|11/100
|move|p1a: Graham|Zap Cannon|p2b: Milotic
|-supereffective|p2b: Milotic|1
|-damage|p2b: Milotic|0 fnt
|faint|p2b: Milotic
|
|upkeep
|
|t:|1785113747
|switch|p2b: Incineroar|Incineroar, L50, M, shiny|100/100
|-ability|p2b: Incineroar|Intimidate|boost
|-unboost|p1a: Graham|atk|1
|-unboost|p1b: Soey|atk|1
|turn|2
|
|t:|1785113765
|move|p2a: Hydreigon|Earth Power|p1a: Graham
|-supereffective|p1a: Graham|1
|-crit|p1a: Graham
|-damage|p1a: Graham|0 fnt
|faint|p1a: Graham
|move|p2b: Incineroar|Darkest Lariat|p1b: Soey
|-supereffective|p1b: Soey|1
|-enditem|p1b: Soey|Colbur Berry|[eat]
|-enditem|p1b: Soey|Colbur Berry|[weaken]
|-damage|p1b: Soey|70/100
|move|p1b: Soey|Trick Room|p1b: Soey
|-fieldstart|move: Trick Room|[of] p1b: Soey
|
|upkeep
|
|t:|1785113769
|switch|p1a: Ryan|Sylveon, L50, M|100/100
|turn|3
|
|t:|1785113786
|switch|p1b: Kinngler|Kingambit, L50, M|100/100
|move|p2b: Incineroar|Parting Shot|p1a: Ryan
|-unboost|p1a: Ryan|atk|1
|-unboost|p1a: Ryan|spa|1
|
|t:|1785113792
|switch|p2b: Blaziken|Blaziken, L50, M, shiny|100/100|[from] Parting Shot
|move|p1a: Ryan|Calm Mind|p1a: Ryan
|-boost|p1a: Ryan|spa|1
|-boost|p1a: Ryan|spd|1
|move|p2a: Hydreigon|Earth Power|p1a: Ryan
|-damage|p1a: Ryan|84/100
|
|upkeep
|turn|4
|
|t:|1785113813
|detailschange|p2b: Blaziken|Blaziken-Mega, L50, M, shiny
|-mega|p2b: Blaziken|Blaziken|Blazikenite
|move|p1b: Kinngler|Kowtow Cleave|p2a: Hydreigon
|-resisted|p2a: Hydreigon|1
|-damage|p2a: Hydreigon|69/100
|-damage|p1b: Kinngler|90/100|[from] item: Life Orb
|move|p1a: Ryan|Hyper Voice|p2b: Blaziken|[spread] p2a,p2b
|-supereffective|p2a: Hydreigon|2
|-crit|p2b: Blaziken
|-damage|p2a: Hydreigon|0 fnt
|-damage|p2b: Blaziken|11/100
|faint|p2a: Hydreigon
|move|p2b: Blaziken|Flare Blitz|p1a: Ryan
|-damage|p1a: Ryan|9/100
|-damage|p2b: Blaziken|0 fnt|[from] Recoil
|faint|p2b: Blaziken
|
|upkeep
|
|t:|1785113825
|switch|p2b: Incineroar|Incineroar, L50, M, shiny|100/100
|-ability|p2b: Incineroar|Intimidate|boost
|-unboost|p1a: Ryan|atk|1
|-unboost|p1b: Kinngler|atk|1
|-ability|p1b: Kinngler|Defiant|boost
|-boost|p1b: Kinngler|atk|2
|turn|5
|
|t:|1785113830
|switch|p1b: Soey|Farigiraf, L50, F|70/100
|move|p2b: Incineroar|Flare Blitz|p1b: Soey
|-damage|p1b: Soey|27/100
|-damage|p2b: Incineroar|84/100|[from] Recoil
|move|p1a: Ryan|Moonblast|p2b: Incineroar
|-damage|p2b: Incineroar|48/100
|-enditem|p2b: Incineroar|Sitrus Berry|[eat]
|-heal|p2b: Incineroar|73/100|[from] item: Sitrus Berry
|
|upkeep
|turn|6
|
|t:|1785113848
|move|p1b: Soey|Thunderbolt|p2b: Incineroar
|-damage|p2b: Incineroar|54/100
|move|p2b: Incineroar|Flare Blitz|p1a: Ryan
|-damage|p1a: Ryan|0 fnt
|faint|p1a: Ryan
|-damage|p2b: Incineroar|51/100|[from] Recoil
|
|-fieldend|move: Trick Room
|upkeep
|
|t:|1785113852
|switch|p1a: Kinngler|Kingambit, L50, M|90/100
|turn|7
|
|t:|1785113861
|move|p1b: Soey|Thunderbolt|p2b: Incineroar
|-damage|p2b: Incineroar|33/100
|move|p2b: Incineroar|Flare Blitz|p1a: Kinngler
|-supereffective|p1a: Kinngler|1
|-damage|p1a: Kinngler|20/100y
|-damage|p2b: Incineroar|9/100|[from] Recoil
|move|p1a: Kinngler|Kowtow Cleave|p2b: Incineroar
|-resisted|p2b: Incineroar|1
|-damage|p2b: Incineroar|0 fnt
|faint|p2b: Incineroar
|-damage|p1a: Kinngler|11/100|[from] item: Life Orb
|
|win|regitron 21
|raw|regitron 21's rating: 1199 → 1234(+35 for winning)
|raw|lucasmalt's rating: 1338 → 1310(-28 for losing)
|c|☆regitron 21|gg pal
|c|☆regitron 21|nice team
