|j|☆Imaginary Iris
|j|☆Skols
|html|Imaginary IrisSkols    
|uhtml|bestof|Game 3 of a best-of-3
|t:|1757634900
|gametype|doubles
|player|p1|Imaginary Iris|lady|1086
|player|p2|Skols|1|1179
|gen|9
|tier|[Gen 9] VGC 2025 Reg H (Bo3)
|rated|
|rule|Species Clause: Limit one of each Pokémon
|rule|Item Clause: Limit 1 of each item
|clearpoke
|poke|p1|Dachsbun, L50, F|
|poke|p1|Typhlosion-Hisui, L50, F|
|poke|p1|Kingambit, L50, M|
|poke|p1|Jumpluff, L50, F|
|poke|p1|Rillaboom, L50, F|
|poke|p1|Torkoal, L50, F|
|poke|p2|Tyranitar, L50, F|
|poke|p2|Garchomp, L50, M|
|poke|p2|Talonflame, L50, F|
|poke|p2|Gholdengo, L50|
|poke|p2|Porygon2, L50|
|poke|p2|Scrafty, L50, F|
|teampreview|4
|showteam|p1|Dachsbun||Leftovers|WellBakedBody|Protect,BodyPress,HelpingHand,Snarl|||F|||50|,,,,,Steel]Typhlosion-Hisui||ChoiceSpecs|Blaze|Eruption,LavaPlume,Overheat,ShadowBall|||F|||50|,,,,,Fire]Kingambit||SafetyGoggles|Defiant|Protect,KowtowCleave,SuckerPunch,SwordsDance|||M|||50|,,,,,Dark]Jumpluff||CovertCloak|Chlorophyll|LeafStorm,Encore,SleepPowder,Tailwind|||F|||50|,,,,,Water]Rillaboom||AssaultVest|GrassySurge|WoodHammer,FakeOut,GrassyGlide,HighHorsepower|||F|||50|,,,,,Fire]Torkoal||SitrusBerry|Drought|Protect,ClearSmog,HeatWave,LavaPlume|||F|||50|,,,,,Fairy
|showteam|p2|Tyranitar||AssaultVest|SandStream|RockSlide,LowKick,KnockOff,TeraBlast|||F|||50|,,,,,Flying]Garchomp||LifeOrb|SandVeil|StompingTantrum,DragonClaw,Earthquake,Protect|||M|||50|,,,,,Fire]Talonflame||SafetyGoggles|GaleWings|BraveBird,FlareBlitz,Taunt,Tailwind|||F|||50|,,,,,Ghost]Gholdengo||Leftovers|GoodasGold|MakeItRain,ShadowBall,NastyPlot,Protect||||||50|,,,,,Water]Porygon2||Eviolite|Download|TrickRoom,Recover,IceBeam,TeraBlast||||||50|,,,,,Fighting]Scrafty||CovertCloak|Intimidate|FakeOut,Crunch,CloseCombat,Coaching|||F|||50|,,,,,Fairy
|inactive|Battle timer is ON: inactive players will automatically lose when time's up. (requested by Skols)
|inactive|Imaginary Iris has 60 seconds left.
|
|t:|1757634942
|teamsize|p1|4
|teamsize|p2|4
|start
|switch|p1a: Jumpluff|Jumpluff, L50, F, shiny|100/100
|switch|p1b: Torkoal|Torkoal, L50, F|100/100
|switch|p2a: Talonflame|Talonflame, L50, F|100/100
|switch|p2b: Garchomp|Garchomp, L50, M|100/100
|-weather|SunnyDay|[from] ability: Drought|[of] p1b: Torkoal
|turn|1
|inactive|Imaginary Iris has 30 seconds left.
|inactive|Skols has 30 seconds left.
|inactive|Imaginary Iris has 20 seconds left.
|inactive|Imaginary Iris has 15 seconds left.
|inactive|Imaginary Iris has 10 seconds left.
|
|t:|1757634991
|switch|p2b: Tyranitar|Tyranitar, L50, F|100/100
|-weather|Sandstorm|[from] ability: Sand Stream|[of] p2b: Tyranitar
|-terastallize|p1a: Jumpluff|Water
|move|p1b: Torkoal|Protect|p1b: Torkoal
|-singleturn|p1b: Torkoal|Protect
|move|p2a: Talonflame|Taunt|p1a: Jumpluff
|-start|p1a: Jumpluff|move: Taunt
|cant|p1a: Jumpluff|move: Taunt|Tailwind
|
|-weather|Sandstorm|[upkeep]
|-damage|p1a: Jumpluff|94/100|[from] Sandstorm
|-damage|p1b: Torkoal|94/100|[from] Sandstorm
|upkeep
|turn|2
|inactive|Skols has 30 seconds left.
|
|t:|1757635017
|switch|p1a: Dachsbun|Dachsbun, L50, F, shiny|100/100
|move|p2a: Talonflame|Taunt|p1b: Torkoal
|-start|p1b: Torkoal|move: Taunt
|move|p2b: Tyranitar|Rock Slide|p1a: Dachsbun|[spread] p1a,p1b
|-supereffective|p1b: Torkoal
|-damage|p1a: Dachsbun|73/100
|-damage|p1b: Torkoal|49/100
|-enditem|p1b: Torkoal|Sitrus Berry|[eat]
|-heal|p1b: Torkoal|74/100|[from] item: Sitrus Berry
|move|p1b: Torkoal|Lava Plume|p2b: Tyranitar|[spread] p2a,p2b
|-ability|p1a: Dachsbun|Well-Baked Body|boost
|-boost|p1a: Dachsbun|def|2
|-resisted|p2a: Talonflame
|-resisted|p2b: Tyranitar
|-damage|p2a: Talonflame|79/100
|-damage|p2b: Tyranitar|96/100
|
|-weather|Sandstorm|[upkeep]
|-damage|p1a: Dachsbun|67/100|[from] Sandstorm
|-damage|p1b: Torkoal|68/100|[from] Sandstorm
|-heal|p1a: Dachsbun|73/100|[from] item: Leftovers
|upkeep
|turn|3
|inactive|Imaginary Iris has 30 seconds left.
|inactive|Skols has 30 seconds left.
|inactive|Imaginary Iris has 20 seconds left.
|inactive|Imaginary Iris has 15 seconds left.
|
|t:|1757635060
|switch|p2b: Gholdengo|Gholdengo, L50|100/100
|move|p2a: Talonflame|Brave Bird|p1b: Torkoal
|-damage|p1b: Torkoal|33/100
|-damage|p2a: Talonflame|66/100|[from] Recoil
|move|p1a: Dachsbun|Body Press|p2a: Talonflame
|-resisted|p2a: Talonflame
|-damage|p2a: Talonflame|34/100
|move|p1b: Torkoal|Lava Plume|p2a: Talonflame|[spread] p2a,p2b
|-ability|p1a: Dachsbun|Well-Baked Body|boost
|-boost|p1a: Dachsbun|def|2
|-resisted|p2a: Talonflame
|-supereffective|p2b: Gholdengo
|-damage|p2a: Talonflame|16/100
|-damage|p2b: Gholdengo|53/100
|
|-weather|Sandstorm|[upkeep]
|-damage|p1a: Dachsbun|67/100|[from] Sandstorm
|-damage|p1b: Torkoal|27/100|[from] Sandstorm
|-heal|p1a: Dachsbun|73/100|[from] item: Leftovers
|-heal|p2b: Gholdengo|59/100|[from] item: Leftovers
|upkeep
|turn|4
|inactive|Imaginary Iris has 30 seconds left.
|inactive|Skols has 30 seconds left.
|inactive|Imaginary Iris has 20 seconds left.
|
|t:|1757635098
|move|p1a: Dachsbun|Protect|p1a: Dachsbun
|-singleturn|p1a: Dachsbun|Protect
|move|p2b: Gholdengo|Protect|p2b: Gholdengo
|-singleturn|p2b: Gholdengo|Protect
|move|p2a: Talonflame|Tailwind|p2a: Talonflame
|-sidestart|p2: Skols|move: Tailwind
|move|p1b: Torkoal|Lava Plume|p2a: Talonflame|[spread] p2a
|-activate|p1a: Dachsbun|move: Protect
|-activate|p2b: Gholdengo|move: Protect
|-resisted|p2a: Talonflame
|-damage|p2a: Talonflame|0 fnt
|faint|p2a: Talonflame
|
|-weather|Sandstorm|[upkeep]
|-damage|p1a: Dachsbun|67/100|[from] Sandstorm
|-damage|p1b: Torkoal|21/100|[from] Sandstorm
|-heal|p2b: Gholdengo|65/100|[from] item: Leftovers
|-heal|p1a: Dachsbun|73/100|[from] item: Leftovers
|-end|p1b: Torkoal|move: Taunt
|upkeep
|
|t:|1757635115
|switch|p2a: Garchomp|Garchomp, L50, M|100/100
|turn|5
|
|t:|1757635126
|switch|p1b: Jumpluff|Jumpluff, L50, F, shiny, tera:Water|94/100
|move|p1a: Dachsbun|Protect|p1a: Dachsbun
|-singleturn|p1a: Dachsbun|Protect
|move|p2a: Garchomp|Stomping Tantrum|p1b: Jumpluff
|-damage|p1b: Jumpluff|25/100
|-damage|p2a: Garchomp|91/100|[from] item: Life Orb
|move|p2b: Gholdengo|Nasty Plot|p2b: Gholdengo
|-boost|p2b: Gholdengo|spa|2
|
|-weather|none
|-heal|p2b: Gholdengo|70/100|[from] item: Leftovers
|-heal|p1a: Dachsbun|79/100|[from] item: Leftovers
|upkeep
|turn|6
|
|t:|1757635150
|switch|p2a: Tyranitar|Tyranitar, L50, F|96/100
|-weather|Sandstorm|[from] ability: Sand Stream|[of] p2a: Tyranitar
|switch|p1a: Torkoal|Torkoal, L50, F|21/100
|-weather|SunnyDay|[from] ability: Drought|[of] p1a: Torkoal
|move|p1b: Jumpluff|Tailwind|p1b: Jumpluff
|-sidestart|p1: Imaginary Iris|move: Tailwind
|move|p2b: Gholdengo|Shadow Ball|p1b: Jumpluff
|-damage|p1b: Jumpluff|0 fnt
|faint|p1b: Jumpluff
|
|-weather|SunnyDay|[upkeep]
|-heal|p2b: Gholdengo|76/100|[from] item: Leftovers
|upkeep
|
|t:|1757635161
|switch|p1b: Typhlosion|Typhlosion-Hisui, L50, F|100/100
|turn|7
|inactive|Imaginary Iris has 30 seconds left.
|inactive|Imaginary Iris has 20 seconds left.
|
|t:|1757635199
|switch|p1a: Dachsbun|Dachsbun, L50, F, shiny|79/100
|move|p2b: Gholdengo|Protect|p2b: Gholdengo
|-singleturn|p2b: Gholdengo|Protect
|move|p1b: Typhlosion|Lava Plume|p2a: Tyranitar|[spread] p2a
|-activate|p2b: Gholdengo|move: Protect
|-ability|p1a: Dachsbun|Well-Baked Body|boost
|-boost|p1a: Dachsbun|def|2
|-resisted|p2a: Tyranitar
|-damage|p2a: Tyranitar|77/100
|move|p2a: Tyranitar|Rock Slide|p1a: Dachsbun|[spread] p1a
|-miss|p2a: Tyranitar|p1b: Typhlosion
|-damage|p1a: Dachsbun|65/100
|
|-weather|SunnyDay|[upkeep]
|-heal|p1a: Dachsbun|71/100|[from] item: Leftovers
|-heal|p2b: Gholdengo|82/100|[from] item: Leftovers
|-sideend|p2: Skols|move: Tailwind
|upkeep
|turn|8
|inactive|Skols has 30 seconds left.
|inactive|Skols has 20 seconds left.
|inactive|Skols has 15 seconds left.
|
|t:|1757635243
|switch|p2a: Garchomp|Garchomp, L50, M|91/100
|-terastallize|p2b: Gholdengo|Water
|move|p1b: Typhlosion|Lava Plume|p2b: Gholdengo|[spread] p2a,p2b
|-ability|p1a: Dachsbun|Well-Baked Body|boost
|-boost|p1a: Dachsbun|def|2
|-resisted|p2a: Garchomp
|-resisted|p2b: Gholdengo
|-damage|p2a: Garchomp|56/100
|-damage|p2b: Gholdengo|57/100
|-status|p2b: Gholdengo|brn
|move|p1a: Dachsbun|Snarl|p2a: Garchomp|[spread] p2a,p2b
|-damage|p2a: Garchomp|50/100
|-damage|p2b: Gholdengo|52/100 brn
|-unboost|p2a: Garchomp|spa|1
|-unboost|p2b: Gholdengo|spa|1
|move|p2b: Gholdengo|Shadow Ball|p1b: Typhlosion
|-supereffective|p1b: Typhlosion
|-damage|p1b: Typhlosion|0 fnt
|faint|p1b: Typhlosion
|
|-weather|SunnyDay|[upkeep]
|-heal|p1a: Dachsbun|77/100|[from] item: Leftovers
|-heal|p2b: Gholdengo|58/100 brn|[from] item: Leftovers
|-damage|p2b: Gholdengo|52/100 brn|[from] brn
|upkeep
|
|t:|1757635259
|switch|p1b: Torkoal|Torkoal, L50, F|21/100
|turn|9
|inactive|Imaginary Iris has 30 seconds left.
|
|t:|1757635287
|switch|p2a: Tyranitar|Tyranitar, L50, F|77/100
|-weather|Sandstorm|[from] ability: Sand Stream|[of] p2a: Tyranitar
|move|p2b: Gholdengo|Protect|p2b: Gholdengo
|-singleturn|p2b: Gholdengo|Protect
|move|p1a: Dachsbun|Body Press|p2b: Gholdengo
|-activate|p2b: Gholdengo|move: Protect
|move|p1b: Torkoal|Lava Plume|p2b: Gholdengo|[spread] p2a
|-activate|p2b: Gholdengo|move: Protect
|-ability|p1a: Dachsbun|Well-Baked Body|boost
|-boost|p1a: Dachsbun|def|2
|-resisted|p2a: Tyranitar
|-crit|p2a: Tyranitar
|-damage|p2a: Tyranitar|69/100
|-status|p2a: Tyranitar|brn
|
|-weather|Sandstorm|[upkeep]
|-damage|p1a: Dachsbun|71/100|[from] Sandstorm
|-damage|p2b: Gholdengo|46/100 brn|[from] Sandstorm
|-damage|p1b: Torkoal|15/100|[from] Sandstorm
|-heal|p1a: Dachsbun|77/100|[from] item: Leftovers
|-heal|p2b: Gholdengo|52/100 brn|[from] item: Leftovers
|-damage|p2b: Gholdengo|46/100 brn|[from] brn
|-damage|p2a: Tyranitar|63/100 brn|[from] brn
|-sideend|p1: Imaginary Iris|move: Tailwind
|upkeep
|turn|10
|inactive|Imaginary Iris has 30 seconds left.
|
|t:|1757635318
|move|p1a: Dachsbun|Body Press|p2b: Gholdengo
|-damage|p2b: Gholdengo|0 fnt
|faint|p2b: Gholdengo
|move|p2a: Tyranitar|Rock Slide|p1b: Torkoal|[spread] p1a,p1b
|-supereffective|p1b: Torkoal
|-damage|p1a: Dachsbun|73/100
|-damage|p1b: Torkoal|0 fnt
|faint|p1b: Torkoal
|
|-weather|Sandstorm|[upkeep]
|-damage|p1a: Dachsbun|67/100|[from] Sandstorm
|-heal|p1a: Dachsbun|73/100|[from] item: Leftovers
|-damage|p2a: Tyranitar|57/100 brn|[from] brn
|upkeep
|
|t:|1757635328
|switch|p2b: Garchomp|Garchomp, L50, M|50/100
|turn|11
|
|t:|1757635333
|move|p2b: Garchomp|Protect|p2b: Garchomp
|-singleturn|p2b: Garchomp|Protect
|move|p1a: Dachsbun|Body Press|p2a: Tyranitar
|-supereffective|p2a: Tyranitar
|-damage|p2a: Tyranitar|0 fnt
|faint|p2a: Tyranitar
|
|-weather|Sandstorm|[upkeep]
|-damage|p1a: Dachsbun|67/100|[from] Sandstorm
|-heal|p1a: Dachsbun|73/100|[from] item: Leftovers
|upkeep
|turn|12
|
|t:|1757635344
|move|p1a: Dachsbun|Protect|p1a: Dachsbun
|-singleturn|p1a: Dachsbun|Protect
|move|p2b: Garchomp|Earthquake|p1a: Dachsbun
|-activate|p1a: Dachsbun|move: Protect
|
|-weather|Sandstorm|[upkeep]
|-damage|p1a: Dachsbun|67/100|[from] Sandstorm
|-heal|p1a: Dachsbun|73/100|[from] item: Leftovers
|upkeep
|turn|13
|
|t:|1757635347
|move|p1a: Dachsbun|Body Press|p2b: Garchomp|[miss]
|-miss|p1a: Dachsbun|p2b: Garchomp
|move|p2b: Garchomp|Earthquake|p1a: Dachsbun
|-damage|p1a: Dachsbun|55/100
|-damage|p2b: Garchomp|40/100|[from] item: Life Orb
|
|-weather|none
|-heal|p1a: Dachsbun|61/100|[from] item: Leftovers
|upkeep
|turn|14
|
|t:|1757635355
|move|p1a: Dachsbun|Protect|p1a: Dachsbun
|-singleturn|p1a: Dachsbun|Protect
|move|p2b: Garchomp|Earthquake|p1a: Dachsbun
|-activate|p1a: Dachsbun|move: Protect
|
|-heal|p1a: Dachsbun|68/100|[from] item: Leftovers
|upkeep
|turn|15
|
|t:|1757635358
|move|p1a: Dachsbun|Body Press|p2b: Garchomp
|-damage|p2b: Garchomp|0 fnt
|faint|p2b: Garchomp
|
|win|Imaginary Iris
|raw|Imaginary Iris's rating: 1086 → 1120(+34 for winning)
|raw|Skols's rating: 1179 → 1147(-32 for losing)
