|j|☆arnau3kum
|j|☆PatmonVGC
|html|arnau3kumPatmonVGC    
|uhtml|bestof|Game 2 of a best-of-3
|t:|1757765958
|gametype|doubles
|player|p1|arnau3kum|101|1310
|player|p2|PatmonVGC|grusha|1214
|gen|9
|tier|[Gen 9] VGC 2025 Reg H (Bo3)
|rated|
|rule|Species Clause: Limit one of each Pokémon
|rule|Item Clause: Limit 1 of each item
|clearpoke
|poke|p1|Annihilape, L50, F|
|poke|p1|Klefki, L50, F|
|poke|p1|Maushold, L50|
|poke|p1|Ninetales-Alola, L50, M|
|poke|p1|Sinistcha-Masterpiece, L50|
|poke|p1|Ursaluna-Bloodmoon, L50, M|
|poke|p2|Maushold, L50|
|poke|p2|Annihilape, L50, M|
|poke|p2|Grimmsnarl, L50, M|
|poke|p2|Sinistcha, L50|
|poke|p2|Archaludon, L50, F|
|poke|p2|Pelipper, L50, M|
|teampreview|4
|showteam|p1|Annihilape||Leftovers|Defiant|RageFist,DrainPunch,BulkUp,Protect|||F|||50|,,,,,Fire]Klefki||LightClay|Prankster|DazzlingGleam,LightScreen,Reflect,MistyTerrain|||F|||50|,,,,,Ghost]Maushold||CovertCloak|FriendGuard|BeatUp,FollowMe,Taunt,Protect||||||50|,,,,,Grass]Ninetales-Alola||FocusSash|SnowWarning|FreezeDry,Blizzard,Encore,Protect|||M|||50|,,,,,Ghost]Sinistcha-Masterpiece||SitrusBerry|Hospitality|MatchaGotcha,LifeDew,RagePowder,TrickRoom||||||50|,,,,,Water]Ursaluna-Bloodmoon||AssaultVest|MindsEye|BloodMoon,HyperVoice,EarthPower,VacuumWave|||M|||50|,,,,,Water
|showteam|p2|Maushold||CovertCloak|FriendGuard|Taunt,BeatUp,Protect,FollowMe||||||50|,,,,,Ghost]Annihilape||Leftovers|Defiant|RageFist,DrainPunch,Protect,BulkUp|||M|||50|,,,,,Fire]Grimmsnarl||LightClay|Prankster|ThunderWave,LightScreen,SpiritBreak,Reflect|||M|||50|,,,,,Ghost]Sinistcha||SitrusBerry|Hospitality|MatchaGotcha,LifeDew,TrickRoom,RagePowder||||||50|,,,,,Water]Archaludon||AssaultVest|Stamina|ElectroShot,BodyPress,FlashCannon,DragonPulse|||F|||50|,,,,,Grass]Pelipper||FocusSash|Drizzle|Hurricane,MuddyWater,Tailwind,WideGuard|||M|||50|,,,,,Stellar
|inactive|Battle timer is ON: inactive players will automatically lose when time's up. (requested by PatmonVGC)
|
|t:|1757765968
|teamsize|p1|4
|teamsize|p2|4
|start
|switch|p1a: Maushold|Maushold, L50|100/100
|switch|p1b: Annihilape|Annihilape, L50, F|100/100
|switch|p2a: Annihilape|Annihilape, L50, M|100/100
|switch|p2b: Maushold|Maushold, L50|100/100
|turn|1
|
|t:|1757765982
|move|p1a: Maushold|Follow Me|p1a: Maushold
|-singleturn|p1a: Maushold|move: Follow Me
|move|p2b: Maushold|Taunt|p1a: Maushold
|-start|p1a: Maushold|move: Taunt
|move|p2a: Annihilape|Bulk Up|p2a: Annihilape
|-boost|p2a: Annihilape|atk|1
|-boost|p2a: Annihilape|def|1
|move|p1b: Annihilape|Bulk Up|p1b: Annihilape
|-boost|p1b: Annihilape|atk|1
|-boost|p1b: Annihilape|def|1
|
|upkeep
|turn|2
|
|t:|1757765995
|-terastallize|p1b: Annihilape|Fire
|move|p1a: Maushold|Beat Up|p1b: Annihilape
|-damage|p1b: Annihilape|99/100
|-damage|p1b: Annihilape|98/100
|-damage|p1b: Annihilape|97/100
|-damage|p1b: Annihilape|96/100
|-hitcount|p1b: Annihilape|4
|move|p2b: Maushold|Beat Up|p2a: Annihilape
|-damage|p2a: Annihilape|99/100
|-damage|p2a: Annihilape|97/100
|-damage|p2a: Annihilape|96/100
|-damage|p2a: Annihilape|95/100
|-hitcount|p2a: Annihilape|4
|move|p2a: Annihilape|Rage Fist|p1b: Annihilape
|-damage|p1b: Annihilape|27/100
|move|p1b: Annihilape|Drain Punch|p2b: Maushold
|-supereffective|p2b: Maushold
|-damage|p2b: Maushold|0 fnt
|-heal|p1b: Annihilape|69/100|[from] drain|[of] p2b: Maushold
|faint|p2b: Maushold
|
|-heal|p2a: Annihilape|100/100|[from] item: Leftovers
|-heal|p1b: Annihilape|75/100|[from] item: Leftovers
|upkeep
|
|t:|1757766006
|switch|p2b: Pelipper|Pelipper, L50, M|100/100
|-weather|RainDance|[from] ability: Drizzle|[of] p2b: Pelipper
|turn|3
|
|t:|1757766020
|switch|p1a: Sinistcha|Sinistcha-Masterpiece, L50|100/100
|-heal|p1b: Annihilape|99/100|[from] ability: Hospitality|[of] p1a: Sinistcha
|move|p1b: Annihilape|Protect|p1b: Annihilape
|-singleturn|p1b: Annihilape|Protect
|move|p2a: Annihilape|Rage Fist|p1b: Annihilape
|-activate|p1b: Annihilape|move: Protect
|move|p2b: Pelipper|Muddy Water|p1b: Annihilape|[spread] p1a
|-activate|p1b: Annihilape|move: Protect
|-resisted|p1a: Sinistcha
|-damage|p1a: Sinistcha|82/100
|-unboost|p1a: Sinistcha|accuracy|1
|
|-weather|RainDance|[upkeep]
|-heal|p1b: Annihilape|100/100|[from] item: Leftovers
|upkeep
|turn|4
|
|t:|1757766037
|switch|p1a: Maushold|Maushold, L50|100/100
|-terastallize|p2a: Annihilape|Fire
|move|p2a: Annihilape|Rage Fist|p1a: Maushold
|-immune|p1a: Maushold
|move|p2b: Pelipper|Muddy Water|p1b: Annihilape|[spread] p1b
|-miss|p2b: Pelipper|p1a: Maushold
|-supereffective|p1b: Annihilape
|-damage|p1b: Annihilape|54/100
|-unboost|p1b: Annihilape|accuracy|1
|-ability|p1b: Annihilape|Defiant|boost
|-boost|p1b: Annihilape|atk|2
|move|p1b: Annihilape|Rage Fist|p2a: Annihilape|[miss]
|-miss|p1b: Annihilape|p2a: Annihilape
|
|-weather|RainDance|[upkeep]
|-heal|p1b: Annihilape|60/100|[from] item: Leftovers
|upkeep
|turn|5
|
|t:|1757766060
|switch|p1a: Sinistcha|Sinistcha-Masterpiece, L50|82/100
|-heal|p1b: Annihilape|85/100|[from] ability: Hospitality|[of] p1a: Sinistcha
|move|p2a: Annihilape|Drain Punch|p1a: Sinistcha
|-immune|p1a: Sinistcha
|move|p2b: Pelipper|Muddy Water|p1a: Sinistcha|[spread] p1b
|-miss|p2b: Pelipper|p1a: Sinistcha
|-supereffective|p1b: Annihilape
|-damage|p1b: Annihilape|24/100
|-unboost|p1b: Annihilape|accuracy|1
|-ability|p1b: Annihilape|Defiant|boost
|-boost|p1b: Annihilape|atk|2
|move|p1b: Annihilape|Rage Fist|p2a: Annihilape
|-damage|p2a: Annihilape|0 fnt
|faint|p2a: Annihilape
|
|-weather|RainDance|[upkeep]
|-heal|p1b: Annihilape|30/100|[from] item: Leftovers
|upkeep
|
|t:|1757766066
|switch|p2a: Sinistcha|Sinistcha, L50|100/100
|turn|6
|
|t:|1757766074
|switch|p1a: Klefki|Klefki, L50, F|100/100
|move|p1b: Annihilape|Protect|p1b: Annihilape
|-singleturn|p1b: Annihilape|Protect
|move|p2b: Pelipper|Muddy Water|p1a: Klefki|[spread] p1a
|-activate|p1b: Annihilape|move: Protect
|-damage|p1a: Klefki|55/100
|-unboost|p1a: Klefki|accuracy|1
|move|p2a: Sinistcha|Matcha Gotcha|p1a: Klefki|[spread] p1a
|-activate|p1b: Annihilape|move: Protect
|-resisted|p1a: Klefki
|-damage|p1a: Klefki|42/100
|-status|p1a: Klefki|brn
|
|-weather|RainDance|[upkeep]
|-heal|p1b: Annihilape|36/100|[from] item: Leftovers
|-damage|p1a: Klefki|36/100 brn|[from] brn
|upkeep
|turn|7
|
|t:|1757766088
|move|p1a: Klefki|Light Screen|p1a: Klefki
|-sidestart|p1: arnau3kum|move: Light Screen
|move|p2b: Pelipper|Muddy Water|p1b: Annihilape|[spread] p1b
|-miss|p2b: Pelipper|p1a: Klefki
|-supereffective|p1b: Annihilape
|-damage|p1b: Annihilape|0 fnt
|faint|p1b: Annihilape
|move|p2a: Sinistcha|Matcha Gotcha|p1a: Klefki
|-resisted|p1a: Klefki
|-damage|p1a: Klefki|23/100 brn
|
|-weather|none
|-damage|p1a: Klefki|17/100 brn|[from] brn
|upkeep
|
|t:|1757766096
|switch|p1b: Maushold|Maushold, L50|100/100
|turn|8
|
|t:|1757766104
|move|p1b: Maushold|Beat Up|p2a: Sinistcha
|-supereffective|p2a: Sinistcha
|-damage|p2a: Sinistcha|97/100
|-supereffective|p2a: Sinistcha
|-damage|p2a: Sinistcha|94/100
|-hitcount|p2a: Sinistcha|2
|move|p2b: Pelipper|Muddy Water|p1a: Klefki|[spread] p1a
|-miss|p2b: Pelipper|p1b: Maushold
|-damage|p1a: Klefki|1/100 brn
|-unboost|p1a: Klefki|accuracy|1
|move|p1a: Klefki|Dazzling Gleam|p2b: Pelipper|[spread] p2a,p2b
|-damage|p2a: Sinistcha|76/100
|-damage|p2b: Pelipper|67/100
|move|p2a: Sinistcha|Life Dew|p2a: Sinistcha|[spread] p2a,p2b
|-heal|p2a: Sinistcha|100/100
|-heal|p2b: Pelipper|92/100
|
|-damage|p1a: Klefki|0 fnt|[from] brn
|faint|p1a: Klefki
|upkeep
|
|t:|1757766107
|switch|p1a: Sinistcha|Sinistcha-Masterpiece, L50|82/100
|turn|9
|
|t:|1757766117
|move|p1b: Maushold|Beat Up|p2b: Pelipper
|-damage|p2b: Pelipper|90/100
|-damage|p2b: Pelipper|87/100
|-hitcount|p2b: Pelipper|2
|move|p2b: Pelipper|Hurricane|p1a: Sinistcha
|-supereffective|p1a: Sinistcha
|-damage|p1a: Sinistcha|39/100
|-enditem|p1a: Sinistcha|Sitrus Berry|[eat]
|-heal|p1a: Sinistcha|64/100|[from] item: Sitrus Berry
|move|p2a: Sinistcha|Life Dew||[still]|[spread] p2a,p2b
|-fail|p2a: Sinistcha|heal
|-heal|p2b: Pelipper|100/100
|move|p1a: Sinistcha|Matcha Gotcha|p2b: Pelipper|[spread] p2a,p2b
|-resisted|p2a: Sinistcha
|-damage|p2a: Sinistcha|89/100
|-heal|p1a: Sinistcha|70/100|[from] drain|[of] p2a: Sinistcha
|-damage|p2b: Pelipper|61/100
|-heal|p1a: Sinistcha|85/100|[from] drain|[of] p2b: Pelipper
|
|upkeep
|turn|10
|-message|arnau3kum forfeited.
|raw|arnau3kum's rating: 1310 → 1285(-25 for losing)
|raw|PatmonVGC's rating: 1214 → 1246(+32 for winning)
|
|win|PatmonVGC
|l|☆arnau3kum
|player|p1|
|l|☆PatmonVGC
|player|p2|
