|j|☆Semiau
|j|☆bellytelevision
|html|Semiaubellytelevision    
|uhtml|bestof|Game 1 of a best-of-3
|t:|1785201432
|gametype|doubles
|player|p1|Semiau|101|1094
|player|p2|bellytelevision|dawn|1160
|gen|9
|tier|[Gen 9 Champions] VGC 2026 Reg M-B (Bo3)
|rated|
|rule|Species Clause: Limit one of each Pokémon
|rule|Item Clause: Limit 1 of each item
|clearpoke
|poke|p1|Basculegion, L50, M|
|poke|p1|Skarmory, L50, M|
|poke|p1|Delphox, L50, F|
|poke|p1|Sinistcha, L50|
|poke|p1|Garchomp, L50, M|
|poke|p1|Grimmsnarl, L50, M|
|poke|p2|Venusaur, L50, M, shiny|
|poke|p2|Sinistcha, L50|
|poke|p2|Pelipper, L50, F|
|poke|p2|Archaludon, L50, M, shiny|
|poke|p2|Sableye, L50, F, shiny|
|poke|p2|Kingambit, L50, M|
|teampreview|4
|showteam|p1|Basculegion||ChoiceScarf|Adaptability|WaveCrash,LastRespects,AquaJet,FlipTurn|Adamant||M|||50|]Skarmory||Skarmorite|WeakArmor|SwordsDance,BraveBird,IronHead,Protect|Jolly||M|||50|]Delphox||Delphoxite|Blaze|HeatWave,Psyshock,Protect,NastyPlot|Timid||F|||50|]Sinistcha||KasibBerry|Hospitality|MatchaGotcha,RagePowder,TrickRoom,Protect|Bold|||||50|]Garchomp||WhiteHerb|RoughSkin|RockSlide,SwordsDance,Protect,Earthquake|Jolly||M|||50|]Grimmsnarl||FocusSash|Prankster|Taunt,FakeOut,PartingShot,FoulPlay|Adamant||M|||50|
|showteam|p2|Venusaur||Venusaurite|Chlorophyll|GigaDrain,SludgeBomb,Protect,EarthPower|Modest||M|||50|]Sinistcha||ColburBerry|Hospitality|RagePowder,MatchaGotcha,LifeDew,TrickRoom|Sassy|||||50|]Pelipper||SitrusBerry|Drizzle|Tailwind,Hurricane,WeatherBall,WideGuard|Bold||F|||50|]Archaludon||Leftovers|Stamina|ElectroShot,FlashCannon,DragonPulse,Protect|Modest||M|||50|]Sableye||LightClay|Prankster|RainDance,Reflect,LightScreen,WillOWisp|Sassy||F|||50|]Kingambit||BlackGlasses|Defiant|SuckerPunch,KowtowCleave,IronHead,Protect|Adamant||M|||50|
|
|t:|1785201493
|teamsize|p1|4
|teamsize|p2|4
|start
|switch|p1a: Grimmsnarl|Grimmsnarl, L50, M|100/100
|switch|p1b: Garchomp|Garchomp, L50, M|100/100
|switch|p2a: Kingambit|Kingambit, L50, M|100/100
|switch|p2b: Sableye|Sableye, L50, F, shiny|100/100
|turn|1
|
|t:|1785201535
|switch|p2a: Archaludon|Archaludon, L50, M, shiny|100/100
|move|p2b: Sableye|Will-O-Wisp|p1b: Garchomp
|-status|p1b: Garchomp|brn
|move|p1b: Garchomp|Earthquake|p2b: Sableye|[spread] p1a,p2a,p2b
|-supereffective|p2a: Archaludon|1
|-crit|p2b: Sableye
|-damage|p1a: Grimmsnarl|75/100
|-damage|p2a: Archaludon|69/100
|-damage|p2b: Sableye|62/100
|-ability|p2a: Archaludon|Stamina|boost
|-boost|p2a: Archaludon|def|1
|move|p1a: Grimmsnarl|Foul Play|p2a: Archaludon
|-damage|p2a: Archaludon|53/100
|-ability|p2a: Archaludon|Stamina|boost
|-boost|p2a: Archaludon|def|1
|
|-heal|p2a: Archaludon|59/100|[from] item: Leftovers
|-damage|p1b: Garchomp|94/100 brn|[from] brn
|upkeep
|turn|2
|
|t:|1785201564
|move|p2a: Archaludon|Protect|p2a: Archaludon
|-singleturn|p2a: Archaludon|Protect
|move|p1a: Grimmsnarl|Parting Shot|p2a: Archaludon
|-activate|p2a: Archaludon|move: Protect
|move|p2b: Sableye|Reflect|p2b: Sableye
|-sidestart|p2: bellytelevision|Reflect
|move|p1b: Garchomp|Swords Dance|p1b: Garchomp
|-boost|p1b: Garchomp|atk|2
|
|-heal|p2a: Archaludon|66/100|[from] item: Leftovers
|-damage|p1b: Garchomp|88/100 brn|[from] brn
|upkeep
|turn|3
|
|t:|1785201593
|switch|p2b: Pelipper|Pelipper, L50, F|100/100
|-weather|RainDance|[from] ability: Drizzle|[of] p2b: Pelipper
|move|p1a: Grimmsnarl|Parting Shot|p2a: Archaludon
|-unboost|p2a: Archaludon|atk|1
|-unboost|p2a: Archaludon|spa|1
|
|t:|1785201602
|switch|p1a: Delphox|Delphox, L50, F|100/100|[from] Parting Shot
|move|p1b: Garchomp|Swords Dance|p1b: Garchomp
|-boost|p1b: Garchomp|atk|2
|move|p2a: Archaludon|Electro Shot||[still]
|-prepare|p2a: Archaludon|Electro Shot
|-boost|p2a: Archaludon|spa|1
|-anim|p2a: Archaludon|Electro Shot|p1a: Delphox
|-damage|p1a: Delphox|53/100
|
|-weather|RainDance|[upkeep]
|-heal|p2a: Archaludon|72/100|[from] item: Leftovers
|-damage|p1b: Garchomp|82/100 brn|[from] brn
|upkeep
|turn|4
|
|t:|1785201629
|detailschange|p1a: Delphox|Delphox-Mega, L50, F
|-mega|p1a: Delphox|Delphox|Delphoxite
|move|p2b: Pelipper|Wide Guard|p2b: Pelipper
|-singleturn|p2b: Pelipper|Wide Guard
|move|p1a: Delphox|Psyshock|p2b: Pelipper
|-damage|p2b: Pelipper|54/100
|move|p1b: Garchomp|Rock Slide|p2a: Archaludon|[spread] 
|-activate|p2a: Archaludon|move: Wide Guard
|-activate|p2b: Pelipper|move: Wide Guard
|move|p2a: Archaludon|Dragon Pulse|p1b: Garchomp
|-supereffective|p1b: Garchomp|1
|-damage|p1b: Garchomp|0 fnt
|faint|p1b: Garchomp
|
|-weather|RainDance|[upkeep]
|-heal|p2a: Archaludon|78/100|[from] item: Leftovers
|upkeep
|
|t:|1785201644
|switch|p1b: Basculegion|Basculegion, L50, M|100/100
|turn|5
|
|t:|1785201666
|switch|p2b: Sableye|Sableye, L50, F, shiny|62/100
|move|p1a: Delphox|Nasty Plot|p1a: Delphox
|-boost|p1a: Delphox|spa|2
|move|p1b: Basculegion|Last Respects|p2b: Sableye
|-damage|p2b: Sableye|3/100
|move|p2a: Archaludon|Electro Shot||[still]
|-prepare|p2a: Archaludon|Electro Shot
|-boost|p2a: Archaludon|spa|1
|-anim|p2a: Archaludon|Electro Shot|p1b: Basculegion
|-supereffective|p1b: Basculegion|1
|-damage|p1b: Basculegion|0 fnt
|faint|p1b: Basculegion
|
|-weather|RainDance|[upkeep]
|-heal|p2a: Archaludon|84/100|[from] item: Leftovers
|upkeep
|
|t:|1785201680
|switch|p1b: Grimmsnarl|Grimmsnarl, L50, M|75/100
|turn|6
|
|t:|1785201695
|move|p2b: Sableye|Light Screen|p2b: Sableye
|-sidestart|p2: bellytelevision|move: Light Screen
|move|p1a: Delphox|Psyshock|p2a: Archaludon
|-resisted|p2a: Archaludon|1
|-damage|p2a: Archaludon|72/100
|-ability|p2a: Archaludon|Stamina|boost
|-boost|p2a: Archaludon|def|1
|move|p2a: Archaludon|Electro Shot||[still]
|-prepare|p2a: Archaludon|Electro Shot
|-boost|p2a: Archaludon|spa|1
|-anim|p2a: Archaludon|Electro Shot|p1a: Delphox
|-damage|p1a: Delphox|0 fnt
|faint|p1a: Delphox
|move|p1b: Grimmsnarl|Foul Play|p2b: Sableye
|-damage|p2b: Sableye|0 fnt
|faint|p2b: Sableye
|
|-weather|RainDance|[upkeep]
|-heal|p2a: Archaludon|79/100|[from] item: Leftovers
|upkeep
|-message|Semiau forfeited.
|
|win|bellytelevision
|l|☆Semiau
|player|p1|
|raw|Semiau's rating: 1094 → 1074(-20 for losing)
|raw|bellytelevision's rating: 1160 → 1180(+20 for winning)
