|j|☆TJP195
|j|☆dambro222
|html|TJP195dambro222    
|uhtml|bestof|Game 2 of a best-of-3
|t:|1756712972
|gametype|doubles
|player|p1|TJP195|rocketgrunt|1091
|player|p2|dambro222|169|1114
|gen|9
|tier|[Gen 9] VGC 2025 Reg H (Bo3)
|rated|
|rule|Species Clause: Limit one of each Pokémon
|rule|Item Clause: Limit 1 of each item
|clearpoke
|poke|p1|Braviary-Hisui, L50, M|
|poke|p1|Ursaluna, L50, M|
|poke|p1|Indeedee-F, L50, F|
|poke|p1|Sneasler, L50, M|
|poke|p1|Incineroar, L50, M|
|poke|p1|Tyranitar, L50, M|
|poke|p2|Dragonite, L50, M|
|poke|p2|Volcarona, L50, F|
|poke|p2|Sneasler, L50, M|
|poke|p2|Rillaboom, L50, M|
|poke|p2|Electabuzz, L50, M|
|poke|p2|Kingambit, L50, M|
|teampreview|4
|showteam|p1|Braviary-Hisui||ChoiceSpecs|TintedLens|ExpandingForce,HeatWave,Snarl,Hurricane|||M|||50|,,,,,Psychic]Ursaluna||FlameOrb|Guts|Facade,Protect,HeadlongRush,Earthquake|||M|||50|,,,,,Ghost]Indeedee-F||SafetyGoggles|PsychicSurge|TrickRoom,FollowMe,HelpingHand,DazzlingGleam|||F|||50|,,,,,Fairy]Sneasler||PsychicSeed|Unburden|DireClaw,CloseCombat,ThroatChop,Protect|||M|||50|,,,,,Dark]Incineroar||AssaultVest|Intimidate|Uturn,FakeOut,KnockOff,FlareBlitz|||M|||50|,,,,,Grass]Tyranitar||ClearAmulet|SandStream|TeraBlast,RockSlide,KnockOff,Protect|||M|||50|,,,,,Flying
|showteam|p2|Dragonite||LoadedDice|Multiscale|ScaleShot,ExtremeSpeed,Haze,Protect|||M|||50|,,,,,Fairy]Volcarona||CovertCloak|FlameBody|HeatWave,TeraBlast,QuiverDance,Protect|||F|||50|,,,,,Fairy]Sneasler||FocusSash|Unburden|CloseCombat,DireClaw,RockSlide,Protect|||M|||50|,,,,,Stellar]Rillaboom||AssaultVest|GrassySurge|WoodHammer,GrassyGlide,HighHorsepower,FakeOut|||M|||50|,,,,,Water]Electabuzz||Eviolite|VitalSpirit|Electroweb,FollowMe,Taunt,Protect|||M|||50|,,,,,Ghost]Kingambit||BlackGlasses|Defiant|KowtowCleave,SuckerPunch,SwordsDance,Protect|||M|||50|,,,,,Dark
|inactive|Battle timer is ON: inactive players will automatically lose when time's up. (requested by dambro222)
|inactive|dambro222 has 60 seconds left.
|
|t:|1756713012
|teamsize|p1|4
|teamsize|p2|4
|start
|switch|p1a: Indeedee|Indeedee-F, L50, F, shiny|100/100
|switch|p1b: Sneasler|Sneasler, L50, M, shiny|100/100
|switch|p2a: Volcarona|Volcarona, L50, F|100/100
|switch|p2b: Electabuzz|Electabuzz, L50, M|100/100
|-fieldstart|move: Psychic Terrain|[from] ability: Psychic Surge|[of] p1a: Indeedee
|-enditem|p1b: Sneasler|Psychic Seed
|-boost|p1b: Sneasler|spd|1|[from] item: Psychic Seed
|turn|1
|
|t:|1756713028
|move|p2b: Electabuzz|Follow Me|p2b: Electabuzz
|-singleturn|p2b: Electabuzz|move: Follow Me
|move|p1b: Sneasler|Dire Claw|p2b: Electabuzz
|-damage|p2b: Electabuzz|67/100
|move|p2a: Volcarona|Quiver Dance|p2a: Volcarona
|-boost|p2a: Volcarona|spa|1
|-boost|p2a: Volcarona|spd|1
|-boost|p2a: Volcarona|spe|1
|move|p1a: Indeedee|Trick Room|p1a: Indeedee
|-fieldstart|move: Trick Room|[of] p1a: Indeedee
|
|upkeep
|turn|2
|
|t:|1756713057
|switch|p1a: Ursaluna|Ursaluna, L50, M, shiny|100/100
|move|p2b: Electabuzz|Taunt|p1a: Ursaluna
|-start|p1a: Ursaluna|move: Taunt
|move|p2a: Volcarona|Heat Wave|p1a: Ursaluna|[spread] p1a,p1b
|-crit|p1a: Ursaluna
|-damage|p1a: Ursaluna|35/100
|-damage|p1b: Sneasler|54/100
|move|p1b: Sneasler|Dire Claw|p2a: Volcarona
|-damage|p2a: Volcarona|40/100
|
|-status|p1a: Ursaluna|brn|[from] item: Flame Orb
|upkeep
|turn|3
|inactive|dambro222 has 30 seconds left.
|
|t:|1756713089
|switch|p2b: Rillaboom|Rillaboom, L50, M|100/100
|-fieldstart|move: Grassy Terrain|[from] ability: Grassy Surge|[of] p2b: Rillaboom
|switch|p1b: Indeedee|Indeedee-F, L50, F, shiny|100/100
|-fieldstart|move: Psychic Terrain|[from] ability: Psychic Surge|[of] p1b: Indeedee
|move|p2a: Volcarona|Protect|p2a: Volcarona
|-singleturn|p2a: Volcarona|Protect
|move|p1a: Ursaluna|Earthquake|p2a: Volcarona|[spread] p1b,p2b
|-activate|p2a: Volcarona|move: Protect
|-resisted|p2b: Rillaboom
|-damage|p1b: Indeedee|34/100
|-damage|p2b: Rillaboom|70/100
|
|-damage|p1a: Ursaluna|29/100 brn|[from] brn
|upkeep
|turn|4
|inactive|dambro222 has 30 seconds left.
|inactive|dambro222 has 20 seconds left.
|inactive|dambro222 has 15 seconds left.
|inactive|dambro222 has 10 seconds left.
|
|t:|1756713137
|switch|p1b: Braviary|Braviary-Hisui, L50, M, shiny|100/100
|switch|p2b: Electabuzz|Electabuzz, L50, M|67/100
|switch|p2a: Dragonite|Dragonite, L50, M|100/100
|move|p1a: Ursaluna|Earthquake|p2a: Dragonite|[spread] p2b
|-immune|p1b: Braviary
|-immune|p2a: Dragonite
|-supereffective|p2b: Electabuzz
|-damage|p2b: Electabuzz|0 fnt
|faint|p2b: Electabuzz
|
|-damage|p1a: Ursaluna|23/100 brn|[from] brn
|-end|p1a: Ursaluna|move: Taunt
|upkeep
|
|t:|1756713157
|switch|p2b: Volcarona|Volcarona, L50, F|40/100
|turn|5
|inactive|TJP195 has 30 seconds left.
|inactive|TJP195 has 20 seconds left.
|
|t:|1756713193
|switch|p1a: Sneasler|Sneasler, L50, M, shiny|54/100
|switch|p2b: Rillaboom|Rillaboom, L50, M|70/100
|-fieldstart|move: Grassy Terrain|[from] ability: Grassy Surge|[of] p2b: Rillaboom
|move|p2a: Dragonite|Extreme Speed|p1a: Sneasler
|-damage|p1a: Sneasler|2/100
|move|p1b: Braviary|Expanding Force|p2b: Rillaboom
|-damage|p2b: Rillaboom|21/100
|
|-heal|p2b: Rillaboom|27/100|[from] Grassy Terrain
|-heal|p1a: Sneasler|8/100|[from] Grassy Terrain
|-fieldend|move: Trick Room
|upkeep
|turn|6
|inactive|dambro222 has 30 seconds left.
|
|t:|1756713222
|switch|p1a: Indeedee|Indeedee-F, L50, F, shiny|34/100
|-fieldstart|move: Psychic Terrain|[from] ability: Psychic Surge|[of] p1a: Indeedee
|-terastallize|p1b: Braviary|Psychic
|move|p2a: Dragonite|Scale Shot|p1b: Braviary
|-damage|p1b: Braviary|86/100
|-damage|p1b: Braviary|70/100
|-damage|p1b: Braviary|55/100
|-damage|p1b: Braviary|41/100
|-hitcount|p1b: Braviary|4
|-unboost|p2a: Dragonite|def|1
|-boost|p2a: Dragonite|spe|1
|move|p2b: Rillaboom|Grassy Glide|p1a: Indeedee
|-damage|p1a: Indeedee|4/100
|move|p1b: Braviary|Expanding Force|p2b: Rillaboom|[spread] p2a,p2b
|-damage|p2a: Dragonite|41/100
|-damage|p2b: Rillaboom|0 fnt
|faint|p2b: Rillaboom
|
|upkeep
|
|t:|1756713240
|switch|p2b: Volcarona|Volcarona, L50, F|40/100
|turn|7
|
|t:|1756713254
|move|p1a: Indeedee|Follow Me|p1a: Indeedee
|-singleturn|p1a: Indeedee|move: Follow Me
|move|p2a: Dragonite|Scale Shot|p1a: Indeedee
|-damage|p1a: Indeedee|0 fnt
|faint|p1a: Indeedee
|-hitcount|p1: Indeedee|1
|-unboost|p2a: Dragonite|def|1
|-boost|p2a: Dragonite|spe|1
|move|p2b: Volcarona|Heat Wave|p1b: Braviary
|-damage|p1b: Braviary|0 fnt
|faint|p1b: Braviary
|
|upkeep
|
|t:|1756713259
|switch|p1a: Sneasler|Sneasler, L50, M, shiny|8/100
|switch|p1b: Ursaluna|Ursaluna, L50, M, shiny|23/100 brn
|turn|8
|
|t:|1756713278
|move|p2a: Dragonite|Scale Shot|p1a: Sneasler
|-damage|p1a: Sneasler|0 fnt
|faint|p1a: Sneasler
|-hitcount|p1: Sneasler|1
|-unboost|p2a: Dragonite|def|1
|-boost|p2a: Dragonite|spe|1
|move|p2b: Volcarona|Heat Wave|p1b: Ursaluna
|-damage|p1b: Ursaluna|0 fnt
|faint|p1b: Ursaluna
|
|win|dambro222
||TJP195 is ready for game 3.
||dambro222 is ready for game 3.
|uhtml|next|Next: Game 3 of 3
|l|☆TJP195
|player|p1|
