|j|☆raksbach
|j|☆EBnilla
|html|raksbachEBnilla    
|uhtml|bestof|Game 2 of a best-of-3
|t:|1782997698
|gametype|doubles
|player|p1|raksbach|2|1199
|player|p2|EBnilla|backpacker|1323
|gen|9
|tier|[Gen 9 Champions] VGC 2026 Reg M-B (Bo3)
|rated|
|rule|Species Clause: Limit one of each Pokémon
|rule|Item Clause: Limit 1 of each item
|clearpoke
|poke|p1|Incineroar, L50, F|
|poke|p1|Maushold, L50|
|poke|p1|Sinistcha, L50|
|poke|p1|Sneasler, L50, F|
|poke|p1|Blastoise, L50, M|
|poke|p1|Delphox, L50, F|
|poke|p2|Charizard, L50, M|
|poke|p2|Venusaur, L50, F|
|poke|p2|Annihilape, L50, F|
|poke|p2|Grimmsnarl, L50, M|
|poke|p2|Sinistcha, L50|
|poke|p2|Rotom-Wash, L50|
|teampreview|4
|showteam|p1|Incineroar||SitrusBerry|Intimidate|FakeOut,FlareBlitz,ThroatChop,PartingShot|Impish||F|||50|]Maushold||ChopleBerry|FriendGuard|SuperFang,Feint,FollowMe,Protect|Impish|||||50|]Sinistcha||KasibBerry|Hospitality|MatchaGotcha,LifeDew,RagePowder,Protect|Bold|||||50|]Sneasler||FocusSash|PoisonTouch|FakeOut,CloseCombat,DireClaw,QuickGuard|Jolly||F|||50|]Blastoise||Blastoisinite|RainDish|WaterSpout,DarkPulse,ShellSmash,Protect|Modest||M|||50|]Delphox||Delphoxite|Blaze|HeatWave,Psyshock,NastyPlot,Protect|Timid||F|||50|
|showteam|p2|Charizard||CharizarditeY|SolarPower|HeatWave,WeatherBall,SolarBeam,Protect|Timid||M|||50|]Venusaur||MiracleSeed|Chlorophyll|SludgeBomb,SolarBeam,SleepPowder,Protect|Modest||F|||50|]Annihilape||Leftovers|Defiant|RageFist,DrainPunch,BulkUp,Protect|Careful||F|||50|]Grimmsnarl||LightClay|Prankster|SpiritBreak,Reflect,LightScreen,PartingShot|Relaxed||M|||50|]Sinistcha||SitrusBerry|Hospitality|MatchaGotcha,RagePowder,GrassyTerrain,Protect|Calm|||||50|]Rotom-Wash||ChoiceScarf|Levitate|VoltSwitch,HydroPump,Thunderbolt,Electroweb|Timid|||||50|
|inactive|Battle timer is ON: inactive players will automatically lose when time's up. (requested by raksbach)
|inactive|raksbach has 60 seconds left.
|
|t:|1782997741
|teamsize|p1|4
|teamsize|p2|4
|start
|switch|p1a: Sneasler|Sneasler, L50, F|100/100
|switch|p1b: Delphox|Delphox, L50, F|100/100
|switch|p2a: Grimmsnarl|Grimmsnarl, L50, M|100/100
|switch|p2b: Rotom|Rotom-Wash, L50|100/100
|turn|1
|inactive|EBnilla has 30 seconds left.
|inactive|EBnilla has 20 seconds left.
|inactive|EBnilla has 15 seconds left.
|inactive|EBnilla has 10 seconds left.
|
|t:|1782997789
|detailschange|p1b: Delphox|Delphox-Mega, L50, F
|-mega|p1b: Delphox|Delphox|Delphoxite
|move|p1a: Sneasler|Fake Out|p2b: Rotom
|-damage|p2b: Rotom|80/100
|move|p2a: Grimmsnarl|Light Screen|p2a: Grimmsnarl
|-sidestart|p2: EBnilla|move: Light Screen
|cant|p2b: Rotom|flinch
|move|p1b: Delphox|Nasty Plot|p1b: Delphox
|-boost|p1b: Delphox|spa|2
|
|upkeep
|turn|2
|
|t:|1782997814
|switch|p1a: Maushold|Maushold, L50|100/100
|move|p1b: Delphox|Protect|p1b: Delphox
|-singleturn|p1b: Delphox|Protect
|move|p2a: Grimmsnarl|Reflect|p2a: Grimmsnarl
|-sidestart|p2: EBnilla|Reflect
|move|p2b: Rotom|Hydro Pump|p1b: Delphox
|-activate|p1b: Delphox|move: Protect
|
|upkeep
|turn|3
|
|t:|1782997833
|move|p1a: Maushold|Follow Me|p1a: Maushold
|-singleturn|p1a: Maushold|move: Follow Me
|move|p2b: Rotom|Hydro Pump|p1a: Maushold
|-damage|p1a: Maushold|46/100
|move|p1b: Delphox|Psyshock|p2b: Rotom
|-damage|p2b: Rotom|5/100
|move|p2a: Grimmsnarl|Spirit Break|p1a: Maushold
|-damage|p1a: Maushold|14/100
|-unboost|p1a: Maushold|spa|1
|
|upkeep
|turn|4
|
|t:|1782997849
|switch|p2b: Annihilape|Annihilape, L50, F|100/100
|move|p1a: Maushold|Follow Me|p1a: Maushold
|-singleturn|p1a: Maushold|move: Follow Me
|move|p1b: Delphox|Heat Wave|p2b: Annihilape|[spread] p2a,p2b
|-damage|p2a: Grimmsnarl|49/100
|-damage|p2b: Annihilape|66/100
|move|p2a: Grimmsnarl|Spirit Break|p1a: Maushold
|-damage|p1a: Maushold|0 fnt
|faint|p1a: Maushold
|
|-heal|p2b: Annihilape|72/100|[from] item: Leftovers
|upkeep
|
|t:|1782997859
|switch|p1a: Sinistcha|Sinistcha, L50|100/100
|turn|5
|
|t:|1782997868
|move|p2b: Annihilape|Protect|p2b: Annihilape
|-singleturn|p2b: Annihilape|Protect
|move|p1a: Sinistcha|Rage Powder|p1a: Sinistcha
|-singleturn|p1a: Sinistcha|move: Rage Powder
|move|p1b: Delphox|Heat Wave|p2a: Grimmsnarl|[spread] p2a
|-activate|p2b: Annihilape|move: Protect
|-damage|p2a: Grimmsnarl|0 fnt
|faint|p2a: Grimmsnarl
|
|-heal|p2b: Annihilape|78/100|[from] item: Leftovers
|upkeep
|
|t:|1782997873
|switch|p2a: Rotom|Rotom-Wash, L50|5/100
|turn|6
|
|t:|1782997878
|move|p1a: Sinistcha|Rage Powder|p1a: Sinistcha
|-singleturn|p1a: Sinistcha|move: Rage Powder
|move|p2a: Rotom|Electroweb|p1b: Delphox|[spread] p1a,p1b
|-resisted|p1a: Sinistcha|1
|-damage|p1a: Sinistcha|91/100
|-damage|p1b: Delphox|81/100
|-unboost|p1a: Sinistcha|spe|1
|-unboost|p1b: Delphox|spe|1
|move|p1b: Delphox|Heat Wave|p2b: Annihilape|[spread] p2a,p2b
|-resisted|p2a: Rotom|1
|-damage|p2a: Rotom|0 fnt
|-damage|p2b: Annihilape|50/100g
|faint|p2a: Rotom
|move|p2b: Annihilape|Rage Fist|p1a: Sinistcha
|-supereffective|p1a: Sinistcha|1
|-enditem|p1a: Sinistcha|Kasib Berry|[eat]
|-enditem|p1a: Sinistcha|Kasib Berry|[weaken]
|-damage|p1a: Sinistcha|44/100
|
|-heal|p2b: Annihilape|56/100|[from] item: Leftovers
|upkeep
|
|t:|1782997886
|switch|p2a: Sinistcha|Sinistcha, L50|100/100
|-heal|p2b: Annihilape|81/100|[from] ability: Hospitality|[of] p2a: Sinistcha
|turn|7
|inactive|raksbach has 30 seconds left.
|inactive|raksbach has 20 seconds left.
|
|t:|1782997924
|move|p1a: Sinistcha|Rage Powder|p1a: Sinistcha
|-singleturn|p1a: Sinistcha|move: Rage Powder
|move|p1b: Delphox|Psyshock|p2b: Annihilape
|-supereffective|p2b: Annihilape|1
|-damage|p2b: Annihilape|0 fnt
|faint|p2b: Annihilape
|move|p2a: Sinistcha|Grassy Terrain|p2a: Sinistcha
|-fieldstart|move: Grassy Terrain
|
|-heal|p1a: Sinistcha|51/100|[from] Grassy Terrain
|upkeep
|turn|8
|-message|EBnilla forfeited.
|
|win|raksbach
|raw|raksbach's rating: 1199 → 1233(+34 for winning)
|raw|EBnilla's rating: 1323 → 1296(-27 for losing)
