|j|☆Keeper08
|j|☆MrMaro
|html|Keeper08MrMaro    
|uhtml|bestof|Game 1 of a best-of-3
|t:|1757847675
|gametype|doubles
|player|p1|Keeper08|lance|1049
|player|p2|MrMaro|1|1143
|gen|9
|tier|[Gen 9] VGC 2025 Reg H (Bo3)
|rated|
|rule|Species Clause: Limit one of each Pokémon
|rule|Item Clause: Limit 1 of each item
|clearpoke
|poke|p1|Dusclops, L50, M|
|poke|p1|Hydreigon, L50, M|
|poke|p1|Rillaboom, L50, F|
|poke|p1|Klefki, L50, F|
|poke|p1|Electivire, L50, M|
|poke|p1|Volcarona, L50, M|
|poke|p2|Ninetales-Alola, L50, F|
|poke|p2|Ursaluna-Bloodmoon, L50, M|
|poke|p2|Sneasler, L50, F|
|poke|p2|Indeedee, L50, M|
|poke|p2|Dragonite, L50, F|
|poke|p2|Alcremie, L50, F|
|teampreview|4
|showteam|p1|Dusclops||Eviolite|Pressure|NightShade,Protect,IcyWind,WillOWisp|||M|||50|,,,,,Normal]Hydreigon||CovertCloak|Levitate|DracoMeteor,Snarl,Tailwind,DarkPulse|||M|||50|,,,,,Poison]Rillaboom||AssaultVest|GrassySurge|FakeOut,WoodHammer,GrassyGlide,HighHorsepower|||F|||50|,,,,,Ground]Klefki||Leftovers|Prankster|LightScreen,Reflect,ThunderWave,DazzlingGleam|||F|||50|,,,,,Water]Electivire||ChoiceBand|VitalSpirit|SupercellSlam,Earthquake,KnockOff,LowKick|||M|||50|,,,,,Flying]Volcarona||SitrusBerry|FlameBody|HeatWave,BugBuzz,QuiverDance,Protect|||M|||50|,,,,,Water
|showteam|p2|Ninetales-Alola||LightClay|SnowWarning|AuroraVeil,Blizzard,Encore,Disable|||F|||50|,,,,,Fire]Ursaluna-Bloodmoon||AssaultVest|MindsEye|HyperVoice,BloodMoon,EarthPower,Snarl|||M|||50|,,,,,Water]Sneasler||PsychicSeed|Unburden|DireClaw,CloseCombat,ThroatChop,Protect|||F|||50|,,,,,Dark]Indeedee||ChoiceScarf|PsychicSurge|ExpandingForce,Imprison,Trick,TrickRoom|||M|||50|,,,,,Fairy]Dragonite||Leftovers|Multiscale|DragonDance,IceSpinner,ExtremeSpeed,Protect|||F|||50|,,,,,Normal]Alcremie||KeeBerry|SweetVeil|Decorate,PsychUp,AlluringVoice,Protect|||F|||50|,,,,,Steel
|inactive|Battle timer is ON: inactive players will automatically lose when time's up. (requested by Keeper08)
|inactive|Keeper08 has 60 seconds left.
|inactive|MrMaro has 60 seconds left.
|
|t:|1757847718
|teamsize|p1|4
|teamsize|p2|4
|start
|switch|p1a: Klefki|Klefki, L50, F|100/100
|switch|p1b: Volcarona|Volcarona, L50, M, shiny|100/100
|switch|p2a: Sneasler|Sneasler, L50, F|100/100
|switch|p2b: Alcremie|Alcremie, L50, F|100/100
|turn|1
|
|t:|1757847737
|move|p1a: Klefki|Reflect|p1a: Klefki
|-sidestart|p1: Keeper08|Reflect
|move|p2a: Sneasler|Dire Claw|p1b: Volcarona
|-damage|p1b: Volcarona|62/100
|move|p1b: Volcarona|Quiver Dance|p1b: Volcarona
|-boost|p1b: Volcarona|spa|1
|-boost|p1b: Volcarona|spd|1
|-boost|p1b: Volcarona|spe|1
|move|p2b: Alcremie|Decorate|p2a: Sneasler
|-boost|p2a: Sneasler|atk|2
|-boost|p2a: Sneasler|spa|2
|
|upkeep
|turn|2
|inactive|Keeper08 has 30 seconds left.
|
|t:|1757847770
|switch|p2b: Indeedee|Indeedee, L50, M|100/100
|-fieldstart|move: Psychic Terrain|[from] ability: Psychic Surge|[of] p2b: Indeedee
|-enditem|p2a: Sneasler|Psychic Seed
|-boost|p2a: Sneasler|spd|1|[from] item: Psychic Seed
|move|p1a: Klefki|Thunder Wave|p2a: Sneasler
|-activate|p2a: Sneasler|move: Psychic Terrain
|move|p2a: Sneasler|Dire Claw|p1b: Volcarona
|-damage|p1b: Volcarona|0 fnt
|-status|p2a: Sneasler|brn|[from] ability: Flame Body|[of] p1b: Volcarona
|faint|p1b: Volcarona
|
|-damage|p2a: Sneasler|94/100 brn|[from] brn
|upkeep
|
|t:|1757847791
|switch|p1b: Electivire|Electivire, L50, M, shiny|100/100
|turn|3
|
|t:|1757847804
|move|p1a: Klefki|Light Screen|p1a: Klefki
|-sidestart|p1: Keeper08|move: Light Screen
|move|p2a: Sneasler|Dire Claw|p1b: Electivire
|-damage|p1b: Electivire|56/100
|-status|p1b: Electivire|psn
|move|p2b: Indeedee|Expanding Force|p1b: Electivire|[spread] p1a,p1b
|-resisted|p1a: Klefki
|-damage|p1a: Klefki|81/100
|-damage|p1b: Electivire|5/100 psn
|move|p1b: Electivire|Knock Off|p2b: Indeedee
|-supereffective|p2b: Indeedee
|-damage|p2b: Indeedee|0 fnt
|-enditem|p2b: Indeedee|Choice Scarf|[from] move: Knock Off|[of] p1b: Electivire
|faint|p2b: Indeedee
|
|-heal|p1a: Klefki|86/100|[from] item: Leftovers
|-damage|p1b: Electivire|0 fnt|[from] psn
|faint|p1b: Electivire
|-damage|p2a: Sneasler|88/100 brn|[from] brn
|upkeep
|inactive|MrMaro has 30 seconds left.
|
|t:|1757847831
|switch|p2b: Alcremie|Alcremie, L50, F|100/100
|switch|p1b: Dusclops|Dusclops, L50, M, shiny|100/100
|-ability|p1b: Dusclops|Pressure
|turn|4
|
|t:|1757847855
|-terastallize|p2a: Sneasler|Dark
|move|p2a: Sneasler|Throat Chop|p1b: Dusclops
|-supereffective|p1b: Dusclops
|-damage|p1b: Dusclops|69/100
|-start|p1b: Dusclops|Throat Chop|[silent]
|move|p1a: Klefki|Dazzling Gleam|p2a: Sneasler|[spread] p2a,p2b
|-supereffective|p2a: Sneasler
|-damage|p2a: Sneasler|58/100 brn
|-damage|p2b: Alcremie|85/100
|move|p2b: Alcremie|Decorate|p2a: Sneasler
|-boost|p2a: Sneasler|atk|2
|-boost|p2a: Sneasler|spa|2
|move|p1b: Dusclops|Night Shade|p2a: Sneasler
|-damage|p2a: Sneasler|27/100 brn
|
|-heal|p1a: Klefki|92/100|[from] item: Leftovers
|-damage|p2a: Sneasler|20/100 brn|[from] brn
|upkeep
|turn|5
|inactive|MrMaro has 30 seconds left.
|
|t:|1757847883
|move|p2a: Sneasler|Throat Chop|p1b: Dusclops
|-supereffective|p1b: Dusclops
|-damage|p1b: Dusclops|18/100
|move|p1a: Klefki|Dazzling Gleam|p2a: Sneasler|[spread] p2a,p2b
|-supereffective|p2a: Sneasler
|-damage|p2a: Sneasler|0 fnt
|-damage|p2b: Alcremie|69/100
|faint|p2a: Sneasler
|move|p2b: Alcremie|Psych Up|p2: Sneasler|[notarget]
|-fail|p2b: Alcremie
|move|p1b: Dusclops|Night Shade|p2b: Alcremie
|-damage|p2b: Alcremie|40/100
|
|-heal|p1a: Klefki|98/100|[from] item: Leftovers
|-end|p1b: Dusclops|Throat Chop|[silent]
|-sideend|p1: Keeper08|Reflect
|upkeep
|
|t:|1757847898
|switch|p2a: Dragonite|Dragonite, L50, F|100/100
|turn|6
|
|t:|1757847915
|move|p1b: Dusclops|Protect|p1b: Dusclops
|-singleturn|p1b: Dusclops|Protect
|move|p1a: Klefki|Reflect|p1a: Klefki
|-sidestart|p1: Keeper08|Reflect
|move|p2a: Dragonite|Ice Spinner|p1b: Dusclops
|-activate|p1b: Dusclops|move: Protect
|move|p2b: Alcremie|Decorate|p2a: Dragonite
|-boost|p2a: Dragonite|atk|2
|-boost|p2a: Dragonite|spa|2
|
|-heal|p1a: Klefki|100/100|[from] item: Leftovers
|-fieldend|move: Psychic Terrain
|upkeep
|turn|7
|
|t:|1757847939
|move|p2a: Dragonite|Ice Spinner|p1b: Dusclops
|-damage|p1b: Dusclops|0 fnt
|faint|p1b: Dusclops
|move|p1a: Klefki|Dazzling Gleam|p2a: Dragonite|[spread] p2a,p2b
|-supereffective|p2a: Dragonite
|-damage|p2a: Dragonite|82/100
|-damage|p2b: Alcremie|26/100
|move|p2b: Alcremie|Decorate|p2a: Dragonite
|-boost|p2a: Dragonite|atk|2
|-boost|p2a: Dragonite|spa|2
|
|-heal|p2a: Dragonite|88/100|[from] item: Leftovers
|-sideend|p1: Keeper08|move: Light Screen
|upkeep
|turn|8
|
|t:|1757847961
|move|p1a: Klefki|Thunder Wave|p2a: Dragonite
|-status|p2a: Dragonite|par
|move|p2b: Alcremie|Alluring Voice|p1a: Klefki
|-resisted|p1a: Klefki
|-damage|p1a: Klefki|83/100
|move|p2a: Dragonite|Ice Spinner|p1a: Klefki
|-resisted|p1a: Klefki
|-damage|p1a: Klefki|56/100
|
|-heal|p1a: Klefki|62/100|[from] item: Leftovers
|-heal|p2a: Dragonite|94/100 par|[from] item: Leftovers
|upkeep
|turn|9
|
|t:|1757847976
|move|p2a: Dragonite|Protect|p2a: Dragonite
|-singleturn|p2a: Dragonite|Protect
|move|p1a: Klefki|Dazzling Gleam|p2a: Dragonite|[spread] p2b
|-activate|p2a: Dragonite|move: Protect
|-damage|p2b: Alcremie|12/100
|move|p2b: Alcremie|Psych Up|p2a: Dragonite
|-copyboost|p2b: Alcremie|p2a: Dragonite|[from] move: Psych Up
|
|-heal|p1a: Klefki|67/100|[from] item: Leftovers
|-heal|p2a: Dragonite|100/100 par|[from] item: Leftovers
|upkeep
|turn|10
|
|t:|1757847993
|move|p1a: Klefki|Dazzling Gleam|p2b: Alcremie|[spread] p2a,p2b
|-supereffective|p2a: Dragonite
|-damage|p2a: Dragonite|81/100 par
|-damage|p2b: Alcremie|0 fnt
|faint|p2b: Alcremie
|cant|p2a: Dragonite|par
|
|-heal|p1a: Klefki|73/100|[from] item: Leftovers
|-heal|p2a: Dragonite|87/100 par|[from] item: Leftovers
|-sideend|p1: Keeper08|Reflect
|upkeep
|turn|11
|
|t:|1757848005
|move|p2a: Dragonite|Protect|p2a: Dragonite
|-singleturn|p2a: Dragonite|Protect
|move|p1a: Klefki|Reflect|p1a: Klefki
|-sidestart|p1: Keeper08|Reflect
|
|-heal|p1a: Klefki|79/100|[from] item: Leftovers
|-heal|p2a: Dragonite|93/100 par|[from] item: Leftovers
|upkeep
|turn|12
|
|t:|1757848014
|move|p1a: Klefki|Dazzling Gleam|p2a: Dragonite
|-supereffective|p2a: Dragonite
|-damage|p2a: Dragonite|44/100 par
|cant|p2a: Dragonite|par
|
|-heal|p1a: Klefki|85/100|[from] item: Leftovers
|-heal|p2a: Dragonite|50/100 par|[from] item: Leftovers
|upkeep
|turn|13
|
|t:|1757848025
|move|p1a: Klefki|Dazzling Gleam|p2a: Dragonite
|-supereffective|p2a: Dragonite
|-damage|p2a: Dragonite|0 fnt
|faint|p2a: Dragonite
|
|win|Keeper08
||Keeper08 is ready for game 2.
|l|☆Keeper08
|player|p1|
|inactive|MrMaro has 30 seconds to confirm battle start!
||MrMaro is ready for game 2.
|uhtml|next|Next: Game 2 of 3
