|j|☆dalanores
|j|☆DummyDowner
|html|dalanoresDummyDowner    
|uhtml|bestof|Game 2 of a best-of-3
|t:|1786142707
|gametype|doubles
|player|p1|dalanores|backers|
|player|p2|DummyDowner|proton|
|gen|9
|tier|[Gen 9 Champions] VGC 2026 Reg M-B (Bo3)
|rule|Species Clause: Limit one of each Pokémon
|rule|Item Clause: Limit 1 of each item
|clearpoke
|poke|p1|Froslass, L50, F, shiny|
|poke|p1|Sneasler, L50, M, shiny|
|poke|p1|Kingambit, L50, M|
|poke|p1|Dragonite, L50, M, shiny|
|poke|p1|Alcremie-Rainbow-Swirl, L50, F, shiny|
|poke|p1|Politoed, L50, M, shiny|
|poke|p2|Kangaskhan, L50, F|
|poke|p2|Oranguru, L50, M|
|poke|p2|Camerupt, L50, M, shiny|
|poke|p2|Malamar, L50, M|
|poke|p2|Tyranitar, L50, M|
|poke|p2|Steelix, L50, F, shiny|
|teampreview|4
|showteam|p1|Froslass||Froslassite|CursedBody|Blizzard,ShadowBall,AuroraVeil,Protect|Timid||F|||50|]Sneasler||LifeOrb|PoisonTouch|DireClaw,CloseCombat,FakeOut,QuickGuard|Jolly||M|||50|]Kingambit||ChopleBerry|SupremeOverlord|KowtowCleave,SuckerPunch,IronHead,Protect|Adamant||M|||50|]Dragonite||Dragoninite|InnerFocus|DracoMeteor,Surf,Agility,Whirlwind|Modest||M|||50|]Alcremie-Rainbow-Swirl||BrightPowder|AromaVeil|DazzlingGleam,HelpingHand,Decorate,Protect|Bold||F|||50|]Politoed||FocusSash|WaterAbsorb|Blizzard,MuddyWater,IcyWind,Protect|Modest||M|||50|
|showteam|p2|Kangaskhan||LifeOrb|Scrappy|FakeOut,LastResort|Brave||F|||50|]Oranguru||MentalHerb|InnerFocus|TrickRoom,Psychic,Protect,Instruct|Relaxed||M|||50|]Camerupt||Charcoal|SolidRock|Eruption,Protect,EarthPower,Flamethrower|Quiet||M|||50|]Malamar||Malamarite|Contrary|PsychoCut,Protect,KnockOff,Superpower|Adamant||M|||50|]Tyranitar||ChoiceScarf|SandStream|DarkPulse,IceBeam,Thunder,BodyPress|Modest||M|||50|]Steelix||Leftovers|Sturdy|WideGuard,Bulldoze,BodyPress,IronDefense|Careful||F|||50|
|
|t:|1786142739
|teamsize|p1|4
|teamsize|p2|4
|start
|switch|p1a: Esteem|Dragonite, L50, M, shiny|100/100
|switch|p1b: Memoria|Alcremie-Rainbow-Swirl, L50, F, shiny|100/100
|switch|p2a: Steelix|Steelix, L50, F, shiny|100/100
|switch|p2b: Malamar|Malamar, L50, M|100/100
|turn|1
|
|t:|1786142775
|detailschange|p1a: Esteem|Dragonite-Mega, L50, M, shiny
|-mega|p1a: Esteem|Dragonite|Dragoninite
|detailschange|p2b: Malamar|Malamar-Mega, L50, M
|-mega|p2b: Malamar|Malamar|Malamarite
|move|p1b: Memoria|Protect|p1b: Memoria
|-singleturn|p1b: Memoria|Protect
|move|p1a: Esteem|Surf|p2a: Steelix|[spread] p2a,p2b
|-activate|p1b: Memoria|move: Protect
|-supereffective|p2a: Steelix|1
|-damage|p2a: Steelix|48/100
|-damage|p2b: Malamar|82/100
|move|p2b: Malamar|Superpower|p1a: Esteem
|-resisted|p1a: Esteem|1
|-damage|p1a: Esteem|92/100
|-boost|p2b: Malamar|atk|1
|-boost|p2b: Malamar|def|1
|move|p2a: Steelix|Bulldoze|p1a: Esteem|[spread] p2b
|-activate|p1b: Memoria|move: Protect
|-immune|p1a: Esteem
|-damage|p2b: Malamar|73/100
|-boost|p2b: Malamar|spe|1
|
|-heal|p2a: Steelix|54/100|[from] item: Leftovers
|upkeep
|turn|2
|
|t:|1786142810
|move|p1b: Memoria|Helping Hand|p1a: Esteem
|-singleturn|p1a: Esteem|Helping Hand|[of] p1b: Memoria
|move|p2a: Steelix|Wide Guard|p2a: Steelix
|-singleturn|p2a: Steelix|Wide Guard
|move|p2b: Malamar|Superpower|p1a: Esteem
|-resisted|p1a: Esteem|1
|-damage|p1a: Esteem|71/100
|-boost|p2b: Malamar|atk|1
|-boost|p2b: Malamar|def|1
|move|p1a: Esteem|Draco Meteor|p2b: Malamar
|-damage|p2b: Malamar|0 fnt
|-unboost|p1a: Esteem|spa|2
|faint|p2b: Malamar
|
|-heal|p2a: Steelix|60/100|[from] item: Leftovers
|upkeep
|
|t:|1786142814
|switch|p2b: Tyranitar|Tyranitar, L50, M|100/100
|-weather|Sandstorm|[from] ability: Sand Stream|[of] p2b: Tyranitar
|turn|3
|
|t:|1786142879
|switch|p1a: Ateh|Politoed, L50, M, shiny|100/100
|move|p2b: Tyranitar|Ice Beam|p1a: Ateh
|-resisted|p1a: Ateh|1
|-damage|p1a: Ateh|88/100
|move|p1b: Memoria|Decorate|p1a: Ateh
|-boost|p1a: Ateh|atk|2
|-boost|p1a: Ateh|spa|2
|move|p2a: Steelix|Iron Defense|p2a: Steelix
|-boost|p2a: Steelix|def|2
|
|-weather|Sandstorm|[upkeep]
|-damage|p1a: Ateh|82/100|[from] Sandstorm
|-damage|p1b: Memoria|94/100|[from] Sandstorm
|-heal|p2a: Steelix|66/100|[from] item: Leftovers
|upkeep
|turn|4
|
|t:|1786142904
|switch|p2b: Kangaskhan|Kangaskhan, L50, F|100/100
|move|p1b: Memoria|Helping Hand|p1a: Ateh
|-singleturn|p1a: Ateh|Helping Hand|[of] p1b: Memoria
|move|p2a: Steelix|Wide Guard|p2a: Steelix
|-singleturn|p2a: Steelix|Wide Guard
|move|p1a: Ateh|Muddy Water|p2a: Steelix|[spread] 
|-activate|p2a: Steelix|move: Wide Guard
|-activate|p2b: Kangaskhan|move: Wide Guard
|
|-weather|Sandstorm|[upkeep]
|-damage|p2b: Kangaskhan|93/100|[from] Sandstorm
|-damage|p1a: Ateh|76/100|[from] Sandstorm
|-damage|p1b: Memoria|88/100|[from] Sandstorm
|-heal|p2a: Steelix|72/100|[from] item: Leftovers
|upkeep
|turn|5
|
|t:|1786142929
|move|p1a: Ateh|Protect|p1a: Ateh
|-singleturn|p1a: Ateh|Protect
|move|p2b: Kangaskhan|Fake Out|p1a: Ateh
|-activate|p1a: Ateh|move: Protect
|move|p1b: Memoria|Dazzling Gleam|p2b: Kangaskhan|[spread] p2a,p2b
|-resisted|p2a: Steelix|1
|-damage|p2a: Steelix|61/100
|-damage|p2b: Kangaskhan|71/100
|move|p2a: Steelix|Body Press|p1b: Memoria
|-resisted|p1b: Memoria|1
|-damage|p1b: Memoria|56/100
|
|-weather|Sandstorm|[upkeep]
|-damage|p2b: Kangaskhan|65/100|[from] Sandstorm
|-damage|p1a: Ateh|70/100|[from] Sandstorm
|-damage|p1b: Memoria|50/100g|[from] Sandstorm
|-heal|p2a: Steelix|67/100|[from] item: Leftovers
|upkeep
|turn|6
|
|t:|1786142975
|switch|p1a: Swoon|Kingambit, L50, M|100/100
|move|p2a: Steelix|Wide Guard|p2a: Steelix
|-singleturn|p2a: Steelix|Wide Guard
|move|p2b: Kangaskhan|Last Resort|p1a: Swoon
|-resisted|p1a: Swoon|1
|-damage|p1a: Swoon|69/100
|-damage|p2b: Kangaskhan|55/100|[from] item: Life Orb
|move|p1b: Memoria|Dazzling Gleam|p2b: Kangaskhan|[spread] 
|-activate|p2a: Steelix|move: Wide Guard
|-activate|p2b: Kangaskhan|move: Wide Guard
|
|-weather|Sandstorm|[upkeep]
|-damage|p2b: Kangaskhan|49/100|[from] Sandstorm
|-damage|p1b: Memoria|44/100|[from] Sandstorm
|-heal|p2a: Steelix|73/100|[from] item: Leftovers
|upkeep
|turn|7
|
|t:|1786143012
|switch|p2b: Tyranitar|Tyranitar, L50, M|100/100
|move|p1a: Swoon|Protect|p1a: Swoon
|-singleturn|p1a: Swoon|Protect
|move|p1b: Memoria|Dazzling Gleam|p2a: Steelix|[spread] p2a,p2b
|-resisted|p2a: Steelix|1
|-supereffective|p2b: Tyranitar|1
|-damage|p2a: Steelix|63/100
|-damage|p2b: Tyranitar|69/100
|move|p2a: Steelix|Body Press|p1a: Swoon
|-activate|p1a: Swoon|move: Protect
|
|-weather|none
|-heal|p2a: Steelix|69/100|[from] item: Leftovers
|upkeep
|turn|8
|
|t:|1786143046
|switch|p1b: Ateh|Politoed, L50, M, shiny|70/100
|-end|p1a: Swoon|fallenundefined|[silent]
|switch|p1a: Esteem|Dragonite-Mega, L50, M, shiny|71/100
|move|p2b: Tyranitar|Body Press|p1a: Esteem
|-resisted|p1a: Esteem|1
|-damage|p1a: Esteem|59/100
|move|p2a: Steelix|Body Press|p1b: Ateh
|-damage|p1b: Ateh|0 fnt
|faint|p1b: Ateh
|
|-heal|p2a: Steelix|75/100|[from] item: Leftovers
|upkeep
|
|t:|1786143059
|switch|p1b: Memoria|Alcremie-Rainbow-Swirl, L50, F, shiny|44/100
|turn|9
|
|t:|1786143079
|switch|p2b: Kangaskhan|Kangaskhan, L50, F|49/100
|move|p2a: Steelix|Wide Guard|p2a: Steelix
|-singleturn|p2a: Steelix|Wide Guard
|move|p1a: Esteem|Draco Meteor|p2b: Kangaskhan
|-damage|p2b: Kangaskhan|0 fnt
|-unboost|p1a: Esteem|spa|2
|faint|p2b: Kangaskhan
|move|p1b: Memoria|Decorate|p1a: Esteem
|-boost|p1a: Esteem|atk|2
|-boost|p1a: Esteem|spa|2
|
|-heal|p2a: Steelix|81/100|[from] item: Leftovers
|upkeep
|
|t:|1786143085
|switch|p2b: Tyranitar|Tyranitar, L50, M|69/100
|-weather|Sandstorm|[from] ability: Sand Stream|[of] p2b: Tyranitar
|turn|10
|
|t:|1786143101
|move|p1b: Memoria|Helping Hand|p1a: Esteem
|-singleturn|p1a: Esteem|Helping Hand|[of] p1b: Memoria
|move|p1a: Esteem|Surf|p2b: Tyranitar|[spread] p1b,p2a,p2b
|-crit|p1b: Memoria
|-supereffective|p2a: Steelix|1
|-supereffective|p2b: Tyranitar|1
|-damage|p1b: Memoria|0 fnt
|-damage|p2a: Steelix|6/100
|-damage|p2b: Tyranitar|9/100
|faint|p1b: Memoria
|move|p2b: Tyranitar|Ice Beam|p1a: Esteem
|-supereffective|p1a: Esteem|2
|-damage|p1a: Esteem|0 fnt
|faint|p1a: Esteem
|move|p2a: Steelix|Body Press|p1: Esteem|[notarget]
|-fail|p2a: Steelix
|
|-weather|Sandstorm|[upkeep]
|-heal|p2a: Steelix|12/100|[from] item: Leftovers
|upkeep
|
|t:|1786143117
|switch|p1b: Swoon|Kingambit, L50, M|69/100
|-activate|p1b: Swoon|ability: Supreme Overlord
|-start|p1b: Swoon|fallen3|[silent]
|turn|11
|
|t:|1786143126
|move|p1b: Swoon|Sucker Punch|p2a: Steelix
|-damage|p2a: Steelix|0 fnt
|faint|p2a: Steelix
|move|p2b: Tyranitar|Ice Beam|p1b: Swoon
|-resisted|p1b: Swoon|1
|-damage|p1b: Swoon|55/100
|
|-weather|Sandstorm|[upkeep]
|upkeep
|turn|12
|c|☆DummyDowner|Ah damn, ggs
|
|t:|1786143142
|move|p1b: Swoon|Sucker Punch|p2b: Tyranitar
|-resisted|p2b: Tyranitar|1
|-damage|p2b: Tyranitar|0 fnt
|faint|p2b: Tyranitar
|
|win|dalanores
|c|☆dalanores|ggs
