|j|☆Cucaro macaro
|j|☆AbadanRiyi92
|html|Cucaro macaroAbadanRiyi92    
|uhtml|bestof|Game 1 of a best-of-3
|t:|1784943976
|gametype|doubles
|player|p1|Cucaro macaro|giovanni|1133
|player|p2|AbadanRiyi92|colress|1215
|gen|9
|tier|[Gen 9 Champions] VGC 2026 Reg M-B (Bo3)
|rated|
|rule|Species Clause: Limit one of each Pokémon
|rule|Item Clause: Limit 1 of each item
|clearpoke
|poke|p1|Alakazam, L50, F|
|poke|p1|Corviknight, L50, M|
|poke|p1|Meowscarada, L50, M|
|poke|p1|Sneasler, L50, M, shiny|
|poke|p1|Arcanine-Hisui, L50, F|
|poke|p1|Primarina, L50, M, shiny|
|poke|p2|Gengar, L50, M, shiny|
|poke|p2|Maushold-Four, L50|
|poke|p2|Annihilape, L50, F|
|poke|p2|Incineroar, L50, F|
|poke|p2|Politoed, L50, M, shiny|
|poke|p2|Archaludon, L50, M|
|teampreview|4
|showteam|p1|Alakazam||Alakazite|InnerFocus|Psychic,NastyPlot,DazzlingGleam,Protect|Timid||F|||50|]Corviknight||Leftovers|Pressure|Tailwind,Protect,BraveBird,BodyPress|Impish||M|||50|]Meowscarada||FocusSash|Overgrow|Protect,FlowerTrick,KnockOff,SuckerPunch|Jolly||M|||50|]Sneasler||WhiteHerb|Unburden|Protect,FakeOut,DireClaw,CloseCombat|Adamant||M|||50|]Arcanine-Hisui||ChopleBerry|Intimidate|ExtremeSpeed,FlareBlitz,RockSlide,Protect|Jolly||F|||50|]Primarina||BrightPowder|LiquidVoice|HyperVoice,Moonblast,Protect,Amnesia|Calm||M|||50|
|showteam|p2|Gengar||Gengarite|CursedBody|ShadowBall,Disable,PerishSong,Protect|Timid||M|||50|]Maushold-Four||FocusSash|FriendGuard|FollowMe,Encore,BeatUp,Protect|Jolly|||||50|]Annihilape||RoseliBerry|Defiant|RageFist,CloseCombat,Encore,Protect|Jolly||F|||50|]Incineroar||PasshoBerry|Blaze|PartingShot,ThroatChop,Protect,FakeOut|Sassy||F|||50|]Politoed||SitrusBerry|Drizzle|WeatherBall,Encore,PerishSong,Protect|Calm||M|||50|]Archaludon||Leftovers|Stamina|DragonPulse,FlashCannon,ElectroShot,Protect|Bold||M|||50|
|
|t:|1784944021
|teamsize|p1|4
|teamsize|p2|4
|start
|switch|p1a: Alakazam|Alakazam, L50, F|100/100
|switch|p1b: Arcanine|Arcanine-Hisui, L50, F|100/100
|switch|p2a: Maushold|Maushold-Four, L50|100/100
|switch|p2b: Annihilape|Annihilape, L50, F|100/100
|-ability|p1b: Arcanine|Intimidate|boost
|-unboost|p2a: Maushold|atk|1
|-unboost|p2b: Annihilape|atk|1
|-ability|p2b: Annihilape|Defiant|boost
|-boost|p2b: Annihilape|atk|2
|turn|1
|
|t:|1784944064
|detailschange|p1a: Alakazam|Alakazam-Mega, L50, F
|-mega|p1a: Alakazam|Alakazam|Alakazite
|-ability|p1a: Alakazam|Friend Guard|Trace|[from] ability: Trace|[of] p2a: Maushold
|move|p2a: Maushold|Follow Me|p2a: Maushold
|-singleturn|p2a: Maushold|move: Follow Me
|move|p1a: Alakazam|Dazzling Gleam|p2b: Annihilape|[spread] p2a,p2b
|-supereffective|p2b: Annihilape|1
|-enditem|p2b: Annihilape|Roseli Berry|[eat]
|-enditem|p2b: Annihilape|Roseli Berry|[weaken]
|-damage|p2a: Maushold|73/100
|-damage|p2b: Annihilape|82/100
|move|p2b: Annihilape|Rage Fist|p1a: Alakazam
|-supereffective|p1a: Alakazam|1
|-damage|p1a: Alakazam|0 fnt
|faint|p1a: Alakazam
|move|p1b: Arcanine|Flare Blitz|p2a: Maushold
|-damage|p2a: Maushold|0 fnt
|faint|p2a: Maushold
|-damage|p1b: Arcanine|74/100|[from] Recoil
|
|upkeep
|
|t:|1784944086
|switch|p1a: Primarina|Primarina, L50, M, shiny|100/100
|switch|p2a: Politoed|Politoed, L50, M, shiny|100/100
|-weather|RainDance|[from] ability: Drizzle|[of] p2a: Politoed
|turn|2
|
|t:|1784944117
|move|p1b: Arcanine|Protect|p1b: Arcanine
|-singleturn|p1b: Arcanine|Protect
|move|p2b: Annihilape|Rage Fist|p1a: Primarina
|-damage|p1a: Primarina|8/100
|move|p2a: Politoed|Weather Ball|p1b: Arcanine
|-activate|p1b: Arcanine|move: Protect
|move|p1a: Primarina|Moonblast|p2b: Annihilape
|-supereffective|p2b: Annihilape|1
|-damage|p2b: Annihilape|0 fnt
|faint|p2b: Annihilape
|
|-weather|RainDance|[upkeep]
|upkeep
|
|t:|1784944130
|switch|p2b: Archaludon|Archaludon, L50, M|100/100
|turn|3
|
|t:|1784944147
|move|p1b: Arcanine|Extreme Speed|p2a: Politoed
|-damage|p2a: Politoed|76/100
|move|p2b: Archaludon|Electro Shot||[still]
|-prepare|p2b: Archaludon|Electro Shot
|-boost|p2b: Archaludon|spa|1
|-anim|p2b: Archaludon|Electro Shot|p1b: Arcanine
|-damage|p1b: Arcanine|11/100
|move|p2a: Politoed|Weather Ball|p1a: Primarina
|-resisted|p1a: Primarina|1
|-damage|p1a: Primarina|0 fnt
|faint|p1a: Primarina
|
|-weather|RainDance|[upkeep]
|upkeep
|
|t:|1784944162
|switch|p1a: Sneasler|Sneasler, L50, M, shiny|100/100
|turn|4
|
|t:|1784944191
|move|p1a: Sneasler|Close Combat|p2b: Archaludon
|-supereffective|p2b: Archaludon|1
|-damage|p2b: Archaludon|16/100
|-unboost|p1a: Sneasler|def|1
|-unboost|p1a: Sneasler|spd|1
|-ability|p2b: Archaludon|Stamina|boost
|-boost|p2b: Archaludon|def|1
|-enditem|p1a: Sneasler|White Herb
|-clearnegativeboost|p1a: Sneasler|[silent]
|move|p1b: Arcanine|Rock Slide|p2a: Politoed|[spread] p2a,p2b
|-resisted|p2b: Archaludon|1
|-damage|p2a: Politoed|49/100
|-damage|p2b: Archaludon|10/100
|-ability|p2b: Archaludon|Stamina|boost
|-boost|p2b: Archaludon|def|1
|-enditem|p2a: Politoed|Sitrus Berry|[eat]
|-heal|p2a: Politoed|74/100|[from] item: Sitrus Berry
|cant|p2b: Archaludon|flinch
|move|p2a: Politoed|Perish Song|p2a: Politoed
|-start|p1a: Sneasler|perish3|[silent]
|-start|p1b: Arcanine|perish3|[silent]
|-start|p2a: Politoed|perish3|[silent]
|-start|p2b: Archaludon|perish3|[silent]
|-fieldactivate|move: Perish Song
|
|-weather|RainDance|[upkeep]
|-heal|p2b: Archaludon|16/100|[from] item: Leftovers
|-start|p1a: Sneasler|perish3
|-start|p1b: Arcanine|perish3
|-start|p2b: Archaludon|perish3
|-start|p2a: Politoed|perish3
|upkeep
|turn|5
|l|☆Cucaro macaro
|player|p1|
|inactive|Battle timer is ON: inactive players will automatically lose when time's up. (requested by AbadanRiyi92)
|inactive|Cucaro macaro has 30 seconds to reconnect!
|inactive|Cucaro macaro has 20 seconds to reconnect!
|inactive|Cucaro macaro has 15 seconds to reconnect!
|inactive|Cucaro macaro has 10 seconds to reconnect!
|inactive|Cucaro macaro has 5 seconds to reconnect!
|j|☆Cucaro macaro
|inactive|Cucaro macaro reconnected and has 35 seconds left.
|player|p1|Cucaro macaro|giovanni|
|inactive|Cucaro macaro has 30 seconds left.
|
|t:|1784944305
|move|p2b: Archaludon|Protect|p2b: Archaludon
|-singleturn|p2b: Archaludon|Protect
|move|p2a: Politoed|Protect|p2a: Politoed
|-singleturn|p2a: Politoed|Protect
|move|p1a: Sneasler|Close Combat|p2b: Archaludon
|-activate|p2b: Archaludon|move: Protect
|move|p1b: Arcanine|Rock Slide|p2b: Archaludon|[spread] 
|-activate|p2a: Politoed|move: Protect
|-activate|p2b: Archaludon|move: Protect
|
|-weather|RainDance|[upkeep]
|-heal|p2b: Archaludon|22/100|[from] item: Leftovers
|-start|p1a: Sneasler|perish2
|-start|p1b: Arcanine|perish2
|-start|p2b: Archaludon|perish2
|-start|p2a: Politoed|perish2
|upkeep
|turn|6
|inactive|AbadanRiyi92 has 30 seconds left.
|
|t:|1784944337
|move|p1b: Arcanine|Extreme Speed|p2a: Politoed
|-damage|p2a: Politoed|51/100
|move|p1a: Sneasler|Close Combat|p2b: Archaludon
|-supereffective|p2b: Archaludon|1
|-crit|p2b: Archaludon
|-damage|p2b: Archaludon|0 fnt
|-unboost|p1a: Sneasler|def|1
|-unboost|p1a: Sneasler|spd|1
|faint|p2b: Archaludon
|move|p2a: Politoed|Weather Ball|p1b: Arcanine
|-supereffective|p1b: Arcanine|2
|-damage|p1b: Arcanine|0 fnt
|faint|p1b: Arcanine
|
|-weather|none
|-start|p1a: Sneasler|perish1
|-start|p2a: Politoed|perish1
|upkeep
|turn|7
|
|t:|1784944353
|move|p2a: Politoed|Protect|p2a: Politoed
|-singleturn|p2a: Politoed|Protect
|move|p1a: Sneasler|Close Combat|p2a: Politoed
|-activate|p2a: Politoed|move: Protect
|
|-start|p1a: Sneasler|perish0
|-start|p2a: Politoed|perish0
|faint|p1a: Sneasler
|faint|p2a: Politoed
|
|win|AbadanRiyi92
|l|☆Cucaro macaro
|player|p1|
|inactive|Cucaro macaro has 30 seconds to confirm battle start!
|inactive|AbadanRiyi92 has 30 seconds to confirm battle start!
||Cucaro macaro is ready for game 2.
|inactive|AbadanRiyi92 has 20 seconds to confirm battle start!
