|j|☆brigadeiro gelado
|j|☆escapadian
|html|brigadeiro geladoescapadian    
|uhtml|bestof|Game 2 of a best-of-3
|t:|1784593024
|gametype|doubles
|player|p1|brigadeiro gelado|ash|1241
|player|p2|escapadian|rocketgruntf|1243
|gen|9
|tier|[Gen 9 Champions] VGC 2026 Reg M-B (Bo3)
|rated|
|rule|Species Clause: Limit one of each Pokémon
|rule|Item Clause: Limit 1 of each item
|clearpoke
|poke|p1|Pyroar, L50, M|
|poke|p1|Torkoal, L50, F|
|poke|p1|Vileplume, L50, M|
|poke|p1|Farigiraf, L50, M, shiny|
|poke|p1|Scrafty, L50, F|
|poke|p1|Mamoswine, L50, F|
|poke|p2|Incineroar, L50, M, shiny|
|poke|p2|Sinistcha, L50, shiny|
|poke|p2|Floette-Eternal, L50, F|
|poke|p2|Delphox, L50, F, shiny|
|poke|p2|Sneasler, L50, M, shiny|
|poke|p2|Kingambit, L50, M, shiny|
|teampreview|4
|showteam|p1|Pyroar||Pyroarite|Unnerve|HeatWave,Overheat,SolarBeam,Protect|Timid||M|||50|]Torkoal||Charcoal|Drought|Eruption,WeatherBall,HelpingHand,Protect|Quiet||F|||50|]Vileplume||FocusSash|Chlorophyll|SludgeBomb,LeafStorm,AfterYou,SleepPowder|Timid||M|||50|]Farigiraf||SitrusBerry|ArmorTail|Psychic,Thunderbolt,TrickRoom,HelpingHand|Relaxed||M|||50|]Scrafty||Scraftinite|Intimidate|CloseCombat,KnockOff,RockSlide,FakeOut|Brave||F|||50|]Mamoswine||LifeOrb|Oblivious|IcicleCrash,IceShard,HighHorsepower,Protect|Jolly||F|||50|
|showteam|p2|Incineroar||SitrusBerry|Intimidate|FlareBlitz,DarkestLariat,PartingShot,FakeOut|Careful||M|||50|]Sinistcha||OccaBerry|Hospitality|MatchaGotcha,RagePowder,TrickRoom,Protect|Bold|||||50|]Floette-Eternal||Floettite|FlowerVeil|DazzlingGleam,DrainingKiss,CalmMind,Protect|Bold||F|||50|]Delphox||Delphoxite|Blaze|HeatWave,Psyshock,NastyPlot,Protect|Modest||F|||50|]Sneasler||FocusSash|PoisonTouch|CloseCombat,PoisonJab,Coaching,FakeOut|Jolly||M|||50|]Kingambit||BlackGlasses|Defiant|KowtowCleave,SuckerPunch,SwordsDance,Protect|Adamant||M|||50|
|inactive|Battle timer is ON: inactive players will automatically lose when time's up. (requested by brigadeiro gelado)
|inactive|escapadian has 60 seconds left.
|
|t:|1784593074
|teamsize|p1|4
|teamsize|p2|4
|start
|switch|p1a: Scrafty|Scrafty, L50, F|100/100
|switch|p1b: Farigiraf|Farigiraf, L50, M, shiny|100/100
|switch|p2a: Sinistcha|Sinistcha, L50, shiny|100/100
|switch|p2b: Kingambit|Kingambit, L50, M, shiny|100/100
|-ability|p1a: Scrafty|Intimidate|boost
|-unboost|p2a: Sinistcha|atk|1
|-unboost|p2b: Kingambit|atk|1
|-ability|p2b: Kingambit|Defiant|boost
|-boost|p2b: Kingambit|atk|2
|turn|1
|inactive|brigadeiro gelado has 30 seconds left.
|
|t:|1784593109
|switch|p1b: Vileplume|Vileplume, L50, M|100/100
|move|p2b: Kingambit|Protect|p2b: Kingambit
|-singleturn|p2b: Kingambit|Protect
|move|p1a: Scrafty|Fake Out|p2b: Kingambit
|-activate|p2b: Kingambit|move: Protect
|move|p2a: Sinistcha|Matcha Gotcha|p1a: Scrafty|[spread] p1a,p1b
|-resisted|p1b: Vileplume|2
|-damage|p1a: Scrafty|76/100
|-damage|p1b: Vileplume|92/100
|
|upkeep
|turn|2
|inactive|escapadian has 30 seconds left.
|inactive|escapadian has 20 seconds left.
|inactive|escapadian has 15 seconds left.
|
|t:|1784593149
|switch|p1a: Torkoal|Torkoal, L50, F|100/100
|-weather|SunnyDay|[from] ability: Drought|[of] p1a: Torkoal
|move|p2a: Sinistcha|Rage Powder|p2a: Sinistcha
|-singleturn|p2a: Sinistcha|move: Rage Powder
|move|p2b: Kingambit|Sucker Punch||[still]
|-fail|p2b: Kingambit
|move|p1b: Vileplume|Sleep Powder|p2b: Kingambit|[miss]
|-miss|p1b: Vileplume|p2b: Kingambit
|
|-weather|SunnyDay|[upkeep]
|upkeep
|turn|3
|
|t:|1784593172
|switch|p1b: Farigiraf|Farigiraf, L50, M, shiny|100/100
|switch|p2a: Incineroar|Incineroar, L50, M, shiny|100/100
|-ability|p2a: Incineroar|Intimidate|boost
|-unboost|p1a: Torkoal|atk|1
|-unboost|p1b: Farigiraf|atk|1
|move|p2b: Kingambit|Kowtow Cleave|p1b: Farigiraf
|-supereffective|p1b: Farigiraf|1
|-damage|p1b: Farigiraf|0 fnt
|faint|p1b: Farigiraf
|move|p1a: Torkoal|Eruption|p2a: Incineroar|[spread] p2a,p2b
|-resisted|p2a: Incineroar|1
|-supereffective|p2b: Kingambit|1
|-damage|p2a: Incineroar|67/100
|-damage|p2b: Kingambit|0 fnt
|faint|p2b: Kingambit
|
|-weather|SunnyDay|[upkeep]
|upkeep
|
|t:|1784593189
|switch|p2b: Delphox|Delphox, L50, F, shiny|100/100
|switch|p1b: Scrafty|Scrafty, L50, F|76/100
|-ability|p1b: Scrafty|Intimidate|boost
|-unboost|p2a: Incineroar|atk|1
|-unboost|p2b: Delphox|atk|1
|turn|4
|
|t:|1784593209
|switch|p1a: Vileplume|Vileplume, L50, M|92/100
|detailschange|p2b: Delphox|Delphox-Mega, L50, F, shiny
|-mega|p2b: Delphox|Delphox|Delphoxite
|detailschange|p1b: Scrafty|Scrafty-Mega, L50, F
|-mega|p1b: Scrafty|Scrafty|Scraftinite
|-ability|p1b: Scrafty|Intimidate|boost
|-unboost|p2a: Incineroar|atk|1
|-unboost|p2b: Delphox|atk|1
|move|p1b: Scrafty|Fake Out|p2b: Delphox
|-damage|p2b: Delphox|82/100
|cant|p2b: Delphox|flinch
|move|p2a: Incineroar|Parting Shot|p1a: Vileplume
|-unboost|p1a: Vileplume|atk|1
|-unboost|p1a: Vileplume|spa|1
|
|t:|1784593221
|switch|p2a: Sinistcha|Sinistcha, L50, shiny|100/100|[from] Parting Shot
|-heal|p2b: Delphox|100/100|[from] ability: Hospitality|[of] p2a: Sinistcha
|
|-weather|SunnyDay|[upkeep]
|upkeep
|turn|5
|
|t:|1784593230
|switch|p2a: Incineroar|Incineroar, L50, M, shiny|67/100
|-ability|p2a: Incineroar|Intimidate|boost
|-unboost|p1a: Vileplume|atk|1
|-unboost|p1b: Scrafty|atk|1
|move|p2b: Delphox|Protect|p2b: Delphox
|-singleturn|p2b: Delphox|Protect
|move|p1a: Vileplume|Sleep Powder|p2b: Delphox
|-activate|p2b: Delphox|move: Protect
|move|p1b: Scrafty|Knock Off|p2a: Incineroar
|-resisted|p2a: Incineroar|1
|-damage|p2a: Incineroar|50/100g
|-enditem|p2a: Incineroar|Sitrus Berry|[from] move: Knock Off|[of] p1b: Scrafty
|
|-weather|SunnyDay|[upkeep]
|upkeep
|turn|6
|
|t:|1784593247
|switch|p1a: Torkoal|Torkoal, L50, F|100/100
|move|p2a: Incineroar|Fake Out|p1a: Torkoal
|-damage|p1a: Torkoal|91/100
|move|p2b: Delphox|Heat Wave|p1b: Scrafty|[spread] p1a,p1b
|-resisted|p1a: Torkoal|1
|-damage|p1a: Torkoal|50/100g
|-damage|p1b: Scrafty|29/100
|move|p1b: Scrafty|Knock Off|p2b: Delphox
|-supereffective|p2b: Delphox|1
|-damage|p2b: Delphox|41/100
|
|-weather|none
|upkeep
|turn|7
|-message|brigadeiro gelado forfeited.
|
|win|escapadian
|raw|brigadeiro gelado's rating: 1241 → 1216(-25 for losing)
|raw|escapadian's rating: 1243 → 1268(+25 for winning)
|l|☆brigadeiro gelado
|player|p1|
|l|☆escapadian
|player|p2|
|j|☆escapadian
|player|p2|escapadian|rocketgruntf|
