|j|☆robinrambles
|j|‽Apfr
|html|robinramblesApfr    
|uhtml|bestof|Game 3 of a best-of-3
|t:|1785281761
|gametype|doubles
|player|p1|robinrambles|dawn-gen4pt|1162
|player|p2|Apfr|clown|1079
|gen|9
|tier|[Gen 9 Champions] VGC 2026 Reg M-B (Bo3)
|rated|
|rule|Species Clause: Limit one of each Pokémon
|rule|Item Clause: Limit 1 of each item
|clearpoke
|poke|p1|Staraptor, L50, M|
|poke|p1|Metagross, L50|
|poke|p1|Hydreigon, L50, F|
|poke|p1|Farigiraf, L50, M|
|poke|p1|Grimmsnarl, L50, M|
|poke|p1|Aerodactyl, L50, F|
|poke|p2|Drampa, L50, F|
|poke|p2|Diggersby, L50, F|
|poke|p2|Zoroark-Hisui, L50, F, shiny|
|poke|p2|Kangaskhan, L50, F|
|poke|p2|Lopunny, L50, F|
|poke|p2|Farigiraf, L50, M, shiny|
|teampreview|4
|showteam|p1|Staraptor||Staraptite|Intimidate|Roost,Protect,CloseCombat,BraveBird|Jolly||M|||50|]Metagross||Metagrossite|ClearBody|MeteorMash,PsychicFangs,StompingTantrum,Protect|Jolly|||||50|]Hydreigon||ChoiceScarf|Levitate|DracoMeteor,Snarl,EarthPower,DarkPulse|Modest||F|||50|]Farigiraf||SitrusBerry|ArmorTail|Thunderbolt,TwinBeam,Protect,HelpingHand|Calm||M|||50|]Grimmsnarl||RoseliBerry|Prankster|SpiritBreak,Taunt,PartingShot,FakeOut|Adamant||M|||50|]Aerodactyl||WideLens|Unnerve|DualWingbeat,RockSlide,Protect,Tailwind|Jolly||F|||50|
|showteam|p2|Drampa||SitrusBerry|Berserk|DragonPulse,HyperVoice,HeatWave,Protect|Quiet||F|||50|]Diggersby||ChopleBerry|HugePower|BodySlam,HighHorsepower,QuickAttack,Protect|Brave||F|||50|]Zoroark-Hisui||LifeOrb|Illusion|BitterMalice,Snarl,HyperVoice,Protect|Timid||F|||50|]Kangaskhan||Kangaskhanite|Scrappy|FakeOut,HammerArm,DoubleEdge,SuckerPunch|Adamant||F|||50|]Lopunny||Lopunnite|Limber|FakeOut,CloseCombat,TripleAxel,Protect|Jolly||F|||50|]Farigiraf||ColburBerry|ArmorTail|TrickRoom,Protect,Reflect,Psychic|Quiet||M|||50|
|
|t:|1785281789
|teamsize|p1|4
|teamsize|p2|4
|start
|switch|p1a: Aerodactyl|Aerodactyl, L50, F|100/100
|switch|p1b: Grimmsnarl|Grimmsnarl, L50, M|100/100
|switch|p2a: Kangaskhan|Kangaskhan, L50, F|100/100
|switch|p2b: Diggersby|Diggersby, L50, F|100/100
|-ability|p1a: Aerodactyl|Unnerve
|turn|1
|
|t:|1785281812
|detailschange|p2a: Kangaskhan|Kangaskhan-Mega, L50, F
|-mega|p2a: Kangaskhan|Kangaskhan|Kangaskhanite
|move|p1a: Aerodactyl|Protect|p1a: Aerodactyl
|-singleturn|p1a: Aerodactyl|Protect
|move|p2a: Kangaskhan|Fake Out|p1a: Aerodactyl
|-activate|p1a: Aerodactyl|move: Protect
|move|p1b: Grimmsnarl|Parting Shot|p2a: Kangaskhan
|-unboost|p2a: Kangaskhan|atk|1
|-unboost|p2a: Kangaskhan|spa|1
|
|t:|1785281821
|switch|p1b: Staraptor|Staraptor, L50, M|100/100|[from] Parting Shot
|-ability|p1b: Staraptor|Intimidate|boost
|-unboost|p2a: Kangaskhan|atk|1
|-unboost|p2b: Diggersby|atk|1
|move|p2b: Diggersby|Bitter Malice|p1a: Aerodactyl
|-activate|p1a: Aerodactyl|move: Protect
|
|upkeep
|turn|2
|
|t:|1785281840
|switch|p2a: Farigiraf|Farigiraf, L50, M, shiny|100/100
|detailschange|p1b: Staraptor|Staraptor-Mega, L50, M
|-mega|p1b: Staraptor|Staraptor|Staraptite
|move|p1a: Aerodactyl|Tailwind|p1a: Aerodactyl
|-sidestart|p1: robinrambles|move: Tailwind
|move|p1b: Staraptor|Close Combat|p2a: Farigiraf
|-damage|p2a: Farigiraf|44/100
|-boost|p1b: Staraptor|def|1
|-boost|p1b: Staraptor|spd|1
|move|p2b: Diggersby|Bitter Malice|p1b: Staraptor
|-damage|p1b: Staraptor|60/100
|-boost|p1b: Staraptor|atk|1
|-damage|p2b: Diggersby|90/100|[from] item: Life Orb
|
|upkeep
|turn|3
|
|t:|1785281859
|move|p1a: Aerodactyl|Rock Slide|p2a: Farigiraf|[spread] p2a,p2b
|-damage|p2a: Farigiraf|22/100
|-damage|p2b: Diggersby|39/100
|replace|p2b: Zoroark|Zoroark-Hisui, L50, F, shiny
|-end|p2b: Zoroark|Illusion
|move|p1b: Staraptor|Close Combat|p2a: Farigiraf
|-damage|p2a: Farigiraf|0 fnt
|-boost|p1b: Staraptor|def|1
|-boost|p1b: Staraptor|spd|1
|faint|p2a: Farigiraf
|cant|p2b: Zoroark|flinch
|
|upkeep
|
|t:|1785281869
|switch|p2a: Kangaskhan|Kangaskhan-Mega, L50, F|100/100
|turn|4
|
|t:|1785281878
|move|p1b: Staraptor|Protect|p1b: Staraptor
|-singleturn|p1b: Staraptor|Protect
|move|p2a: Kangaskhan|Fake Out|p1a: Aerodactyl
|-resisted|p1a: Aerodactyl|1
|-damage|p1a: Aerodactyl|82/100
|-resisted|p1a: Aerodactyl|1
|-damage|p1a: Aerodactyl|78/100
|-hitcount|p1a: Aerodactyl|2
|cant|p1a: Aerodactyl|flinch
|move|p2b: Zoroark|Hyper Voice|p1b: Staraptor|[spread] p1a
|-activate|p1b: Staraptor|move: Protect
|-resisted|p1a: Aerodactyl|1
|-damage|p1a: Aerodactyl|49/100
|-damage|p2b: Zoroark|29/100|[from] item: Life Orb
|
|upkeep
|turn|5
|
|t:|1785281898
|move|p1a: Aerodactyl|Protect|p1a: Aerodactyl
|-singleturn|p1a: Aerodactyl|Protect
|move|p2a: Kangaskhan|Sucker Punch||[still]
|-fail|p2a: Kangaskhan
|move|p1b: Staraptor|Close Combat|p2a: Kangaskhan
|-supereffective|p2a: Kangaskhan|1
|-damage|p2a: Kangaskhan|0 fnt
|-boost|p1b: Staraptor|def|1
|-boost|p1b: Staraptor|spd|1
|faint|p2a: Kangaskhan
|move|p2b: Zoroark|Hyper Voice|p1b: Staraptor|[spread] p1b
|-activate|p1a: Aerodactyl|move: Protect
|-damage|p1b: Staraptor|38/100
|-damage|p2b: Zoroark|19/100|[from] item: Life Orb
|
|-sideend|p1: robinrambles|move: Tailwind
|upkeep
|
|t:|1785281904
|switch|p2a: Diggersby|Diggersby, L50, F|100/100
|turn|6
|
|t:|1785281916
|move|p2b: Zoroark|Protect|p2b: Zoroark
|-singleturn|p2b: Zoroark|Protect
|move|p1a: Aerodactyl|Tailwind|p1a: Aerodactyl
|-sidestart|p1: robinrambles|move: Tailwind
|move|p1b: Staraptor|Roost|p1b: Staraptor
|-heal|p1b: Staraptor|88/100
|-singleturn|p1b: Staraptor|move: Roost
|move|p2a: Diggersby|Body Slam|p1b: Staraptor
|-damage|p1b: Staraptor|65/100
|
|upkeep
|turn|7
|
|t:|1785281929
|move|p1a: Aerodactyl|Rock Slide|p2a: Diggersby|[spread] p2a,p2b
|-resisted|p2a: Diggersby|1
|-damage|p2a: Diggersby|86/100
|-damage|p2b: Zoroark|0 fnt
|faint|p2b: Zoroark
|move|p1b: Staraptor|Close Combat|p2a: Diggersby
|-supereffective|p2a: Diggersby|1
|-damage|p2a: Diggersby|0 fnt
|-boost|p1b: Staraptor|def|1
|-boost|p1b: Staraptor|spd|1
|faint|p2a: Diggersby
|
|win|robinrambles
|raw|robinrambles's rating: 1162 → 1181(+19 for winning)
|raw|Apfr's rating: 1079 → 1062(-17 for losing)
|l|‽Apfr
|player|p2|
