|j|☆tmmc01
|j|☆jiaco5
|html|tmmc01jiaco5    
|uhtml|bestof|Game 1 of a best-of-3
|t:|1784303843
|gametype|doubles
|player|p1|tmmc01|artist-gen4|1169
|player|p2|jiaco5|101|1281
|gen|9
|tier|[Gen 9 Champions] VGC 2026 Reg M-B (Bo3)
|rated|
|rule|Species Clause: Limit one of each Pokémon
|rule|Item Clause: Limit 1 of each item
|clearpoke
|poke|p1|Vileplume, L50, F|
|poke|p1|Charizard, L50, M|
|poke|p1|Farigiraf, L50, F|
|poke|p1|Basculegion, L50, M|
|poke|p1|Kingambit, L50, M|
|poke|p1|Kangaskhan, L50, F|
|poke|p2|Blastoise, L50, M|
|poke|p2|Sinistcha, L50|
|poke|p2|Delphox, L50, F|
|poke|p2|Sneasler, L50, F|
|poke|p2|Incineroar, L50, F|
|poke|p2|Kingambit, L50, F|
|teampreview|4
|showteam|p1|Vileplume||FocusSash|Chlorophyll|Protect,SleepPowder,SludgeBomb,AfterYou|Timid||F|||50|]Charizard||CharizarditeY|Blaze|Protect,HeatWave,SolarBeam,WeatherBall|Modest||M|||50|]Farigiraf||SitrusBerry|ArmorTail|TrickRoom,HelpingHand,PsychicFangs,Thunderbolt|Relaxed||F|||50|]Basculegion||ChoiceScarf|Adaptability|LastRespects,WaveCrash,FlipTurn,Soak|Jolly||M|||50|]Kingambit||BlackGlasses|Defiant|SwordsDance,Protect,KowtowCleave,SuckerPunch|Brave||M|||50|]Kangaskhan||Kangaskhanite|Scrappy|FakeOut,HammerArm,DoubleEdge,SuckerPunch|Brave||F|||50|
|showteam|p2|Blastoise||Blastoisinite|RainDish|WaterSpout,DarkPulse,ShellSmash,Protect|Modest||M|||50|]Sinistcha||OccaBerry|Hospitality|MatchaGotcha,TrickRoom,RagePowder,Protect|Relaxed|||||50|]Delphox||Delphoxite|Blaze|HeatWave,Psychic,NastyPlot,Protect|Timid||F|||50|]Sneasler||FocusSash|PoisonTouch|CloseCombat,PoisonJab,FakeOut,QuickGuard|Jolly||F|||50|]Incineroar||SitrusBerry|Intimidate|FlareBlitz,FakeOut,Taunt,PartingShot|Impish||F|||50|]Kingambit||LifeOrb|Defiant|KowtowCleave,SuckerPunch,SwordsDance,Protect|Adamant||F|||50|
|inactive|Battle timer is ON: inactive players will automatically lose when time's up. (requested by tmmc01)
|inactive|jiaco5 has 60 seconds left.
|
|t:|1784303897
|teamsize|p1|4
|teamsize|p2|4
|start
|switch|p1a: Farigiraf|Farigiraf, L50, F|100/100
|switch|p1b: Kangaskhan|Kangaskhan, L50, F|100/100
|switch|p2a: Incineroar|Incineroar, L50, F|100/100
|switch|p2b: Sinistcha|Sinistcha, L50|100/100
|-ability|p2a: Incineroar|Intimidate|boost
|-unboost|p1a: Farigiraf|atk|1
|-fail|p1b: Kangaskhan|unboost|Attack|[from] ability: Scrappy|[of] p1b: Kangaskhan
|turn|1
|inactive|tmmc01 has 30 seconds left.
|inactive|tmmc01 has 20 seconds left.
|
|t:|1784303934
|move|p1a: Farigiraf|Helping Hand|p1b: Kangaskhan
|-singleturn|p1b: Kangaskhan|Helping Hand|[of] p1a: Farigiraf
|move|p1b: Kangaskhan|Hammer Arm|p2a: Incineroar
|-supereffective|p2a: Incineroar|1
|-damage|p2a: Incineroar|36/100
|-unboost|p1b: Kangaskhan|spe|1
|-enditem|p2a: Incineroar|Sitrus Berry|[eat]
|-heal|p2a: Incineroar|61/100|[from] item: Sitrus Berry
|move|p2a: Incineroar|Parting Shot|p1b: Kangaskhan
|-unboost|p1b: Kangaskhan|atk|1
|-unboost|p1b: Kangaskhan|spa|1
|
|t:|1784303948
|switch|p2a: Sneasler|Sneasler, L50, F|100/100|[from] Parting Shot
|move|p2b: Sinistcha|Matcha Gotcha|p1b: Kangaskhan|[spread] p1a,p1b
|-damage|p1a: Farigiraf|76/100
|-damage|p1b: Kangaskhan|74/100
|-status|p1b: Kangaskhan|brn
|
|-damage|p1b: Kangaskhan|67/100 brn|[from] brn
|upkeep
|turn|2
|
|t:|1784303966
|switch|p2b: Incineroar|Incineroar, L50, F|61/100
|-ability|p2b: Incineroar|Intimidate|boost
|-unboost|p1a: Farigiraf|atk|1
|-fail|p1b: Kangaskhan|unboost|Attack|[from] ability: Scrappy|[of] p1b: Kangaskhan
|switch|p1b: Basculegion|Basculegion, L50, M|100/100
|move|p2a: Sneasler|Poison Jab|p1a: Farigiraf
|-damage|p1a: Farigiraf|46/100
|-enditem|p1a: Farigiraf|Sitrus Berry|[eat]
|-heal|p1a: Farigiraf|71/100|[from] item: Sitrus Berry
|move|p1a: Farigiraf|Psychic Fangs|p2a: Sneasler
|-supereffective|p2a: Sneasler|2
|-enditem|p2a: Sneasler|Focus Sash
|-damage|p2a: Sneasler|1/100
|
|upkeep
|turn|3
|inactive|tmmc01 has 30 seconds left.
|inactive|jiaco5 has 30 seconds left.
|inactive|tmmc01 has 20 seconds left.
|inactive|jiaco5 has 20 seconds left.
|
|t:|1784304006
|switch|p2b: Sinistcha|Sinistcha, L50|100/100
|-heal|p2a: Sneasler|25/100|[from] ability: Hospitality|[of] p2b: Sinistcha
|move|p1b: Basculegion|Flip Turn|p2b: Sinistcha
|-resisted|p2b: Sinistcha|1
|-damage|p2b: Sinistcha|86/100
|
|t:|1784304014
|switch|p1b: Kangaskhan|Kangaskhan, L50, F|67/100 brn|[from] Flip Turn
|move|p2a: Sneasler|Poison Jab|p1a: Farigiraf
|-damage|p1a: Farigiraf|38/100
|move|p1a: Farigiraf|Psychic Fangs|p2a: Sneasler
|-supereffective|p2a: Sneasler|2
|-damage|p2a: Sneasler|0 fnt
|faint|p2a: Sneasler
|
|-damage|p1b: Kangaskhan|61/100 brn|[from] brn
|upkeep
|
|t:|1784304029
|switch|p2a: Delphox|Delphox, L50, F|100/100
|turn|4
|
|t:|1784304038
|detailschange|p2a: Delphox|Delphox-Mega, L50, F
|-mega|p2a: Delphox|Delphox|Delphoxite
|move|p1b: Kangaskhan|Fake Out|p2a: Delphox
|-damage|p2a: Delphox|87/100
|cant|p2a: Delphox|flinch
|move|p2b: Sinistcha|Matcha Gotcha|p1a: Farigiraf|[spread] p1a,p1b
|-crit|p1a: Farigiraf
|-damage|p1a: Farigiraf|5/100
|-heal|p2b: Sinistcha|100/100|[from] drain|[of] p1a: Farigiraf
|-damage|p1b: Kangaskhan|40/100 brn
|move|p1a: Farigiraf|Trick Room|p1a: Farigiraf
|-fieldstart|move: Trick Room|[of] p1a: Farigiraf
|
|-damage|p1b: Kangaskhan|33/100 brn|[from] brn
|upkeep
|turn|5
|
|t:|1784304061
|move|p1a: Farigiraf|Psychic Fangs|p2b: Sinistcha
|-damage|p2b: Sinistcha|88/100
|move|p1b: Kangaskhan|Double-Edge|p2b: Sinistcha
|-crit|p2b: Sinistcha
|-damage|p2b: Sinistcha|52/100
|-damage|p1b: Kangaskhan|24/100 brn|[from] Recoil
|move|p2a: Delphox|Nasty Plot|p2a: Delphox
|-boost|p2a: Delphox|spa|2
|move|p2b: Sinistcha|Trick Room|p2b: Sinistcha
|-fieldend|move: Trick Room
|
|-damage|p1b: Kangaskhan|17/100 brn|[from] brn
|upkeep
|turn|6
|-message|tmmc01 forfeited.
|
|win|jiaco5
|l|☆tmmc01
|player|p1|
||tmmc01 is ready for game 2.
||jiaco5 is ready for game 2.
|uhtml|next|Next: Game 2 of 3
