|j|☆DewosZz
|j|☆r4ka
|html|DewosZzr4ka    
|uhtml|bestof|Game 1 of a best-of-3
|t:|1757174191
|gametype|doubles
|player|p1|DewosZz|266|1241
|player|p2|r4ka|101|1273
|gen|9
|tier|[Gen 9] VGC 2025 Reg H (Bo3)
|rated|
|rule|Species Clause: Limit one of each Pokémon
|rule|Item Clause: Limit 1 of each item
|clearpoke
|poke|p1|Annihilape, L50, F|
|poke|p1|Sinistcha, L50|
|poke|p1|Maushold-Four, L50|
|poke|p1|Klefki, L50, M|
|poke|p1|Ursaluna-Bloodmoon, L50, M|
|poke|p1|Ninetales-Alola, L50, F|
|poke|p2|Rillaboom, L50, M|
|poke|p2|Dragonite, L50, F|
|poke|p2|Sneasler, L50, M|
|poke|p2|Kingambit, L50, F|
|poke|p2|Electabuzz, L50, M|
|poke|p2|Volcarona, L50, F|
|teampreview|4
|showteam|p1|Annihilape||Leftovers|Defiant|Protect,BulkUp,DrainPunch,RageFist|||F|||50|,,,,,Fire]Sinistcha||SitrusBerry|Hospitality|MatchaGotcha,TrickRoom,LifeDew,RagePowder||||||50|,,,,,Water]Maushold-Four||SafetyGoggles|FriendGuard|FollowMe,Taunt,BeatUp,Protect||||||50|,,,,,Ghost]Klefki||LightClay|Prankster|Reflect,LightScreen,MistyTerrain,DazzlingGleam|||M|||50|,,,,,Ghost]Ursaluna-Bloodmoon||AssaultVest|MindsEye|BloodMoon,HyperVoice,EarthPower,VacuumWave|||M|||50|,,,,,Water]Ninetales-Alola||FocusSash|SnowWarning|Protect,Encore,FreezeDry,Blizzard|||F|||50|,,,,,Ghost
|showteam|p2|Rillaboom||AssaultVest|GrassySurge|FakeOut,HighHorsepower,WoodHammer,GrassyGlide|||M|||50|,,,,,Fire]Dragonite||LoadedDice|Multiscale|ExtremeSpeed,ScaleShot,Protect,Haze|||F|||50|,,,,,Steel]Sneasler||FocusSash|PoisonTouch|DireClaw,CloseCombat,FakeOut,Coaching|||M|||50|,,,,,Stellar]Kingambit||BlackGlasses|Defiant|KowtowCleave,SuckerPunch,SwordsDance,Protect|||F|||50|,,,,,Ghost]Electabuzz||Eviolite|VitalSpirit|Thunderbolt,Taunt,Protect,FollowMe|||M|||50|,,,,,Ghost]Volcarona||Leftovers|FlameBody|HeatWave,TeraBlast,QuiverDance,Protect|||F|||50|,,,,,Fairy
|
|t:|1757174233
|teamsize|p1|4
|teamsize|p2|4
|start
|switch|p1a: Maushold|Maushold-Four, L50|100/100
|switch|p1b: Annihilape|Annihilape, L50, F, shiny|100/100
|switch|p2a: Sneasler|Sneasler, L50, M|100/100
|switch|p2b: Dragonite|Dragonite, L50, F, shiny|100/100
|turn|1
|
|t:|1757174274
|move|p2a: Sneasler|Close Combat|p1a: Maushold
|-supereffective|p1a: Maushold
|-damage|p1a: Maushold|0 fnt
|-unboost|p2a: Sneasler|def|1
|-unboost|p2a: Sneasler|spd|1
|faint|p1a: Maushold
|move|p1b: Annihilape|Bulk Up|p1b: Annihilape
|-boost|p1b: Annihilape|atk|1
|-boost|p1b: Annihilape|def|1
|move|p2b: Dragonite|Scale Shot|p1b: Annihilape
|-damage|p1b: Annihilape|90/100
|-crit|p1b: Annihilape
|-damage|p1b: Annihilape|65/100
|-damage|p1b: Annihilape|55/100
|-damage|p1b: Annihilape|46/100
|-damage|p1b: Annihilape|36/100
|-hitcount|p1b: Annihilape|5
|-unboost|p2b: Dragonite|def|1
|-boost|p2b: Dragonite|spe|1
|
|-heal|p1b: Annihilape|42/100|[from] item: Leftovers
|upkeep
|
|t:|1757174278
|switch|p1a: Sinistcha|Sinistcha, L50|100/100
|-heal|p1b: Annihilape|67/100|[from] ability: Hospitality|[of] p1a: Sinistcha
|turn|2
|
|t:|1757174305
|move|p2b: Dragonite|Protect|p2b: Dragonite
|-singleturn|p2b: Dragonite|Protect
|move|p1b: Annihilape|Protect|p1b: Annihilape
|-singleturn|p1b: Annihilape|Protect
|move|p2a: Sneasler|Coaching|p2b: Dragonite
|-boost|p2b: Dragonite|atk|1
|-boost|p2b: Dragonite|def|1
|move|p1a: Sinistcha|Trick Room|p1a: Sinistcha
|-fieldstart|move: Trick Room|[of] p1a: Sinistcha
|
|-heal|p1b: Annihilape|74/100|[from] item: Leftovers
|upkeep
|turn|3
|
|t:|1757174327
|move|p1a: Sinistcha|Life Dew||[still]|[spread] p1a,p1b
|-fail|p1a: Sinistcha|heal
|-heal|p1b: Annihilape|99/100
|move|p1b: Annihilape|Rage Fist|p2b: Dragonite
|-damage|p2b: Dragonite|0 fnt
|faint|p2b: Dragonite
|move|p2a: Sneasler|Dire Claw|p1b: Annihilape
|-resisted|p1b: Annihilape
|-damage|p1b: Annihilape|85/100
|-status|p1b: Annihilape|slp
|
|-heal|p1b: Annihilape|91/100 slp|[from] item: Leftovers
|upkeep
|
|t:|1757174342
|switch|p2b: Electabuzz|Electabuzz, L50, M|100/100
|turn|4
|
|t:|1757174355
|-terastallize|p2a: Sneasler|Stellar
|move|p1a: Sinistcha|Matcha Gotcha|p2b: Electabuzz|[spread] p2a,p2b
|-resisted|p2a: Sneasler
|-damage|p2a: Sneasler|73/100
|-damage|p2b: Electabuzz|79/100
|move|p2b: Electabuzz|Thunderbolt|p1b: Annihilape
|-damage|p1b: Annihilape|63/100 slp
|cant|p1b: Annihilape|slp
|move|p2a: Sneasler|Dire Claw|p1a: Sinistcha
|-damage|p1a: Sinistcha|57/100
|-status|p1a: Sinistcha|slp
|
|-heal|p1b: Annihilape|70/100 slp|[from] item: Leftovers
|upkeep
|turn|5
|
|t:|1757174370
|cant|p1a: Sinistcha|slp
|move|p2b: Electabuzz|Thunderbolt|p1b: Annihilape
|-damage|p1b: Annihilape|42/100 slp
|cant|p1b: Annihilape|slp
|move|p2a: Sneasler|Dire Claw|p1b: Annihilape
|-resisted|p1b: Annihilape
|-damage|p1b: Annihilape|27/100 slp
|
|-heal|p1b: Annihilape|33/100 slp|[from] item: Leftovers
|upkeep
|turn|6
|
|t:|1757174390
|move|p2b: Electabuzz|Protect|p2b: Electabuzz
|-singleturn|p2b: Electabuzz|Protect
|-curestatus|p1a: Sinistcha|slp|[msg]
|move|p1a: Sinistcha|Life Dew|p1a: Sinistcha|[spread] p1a,p1b
|-heal|p1a: Sinistcha|82/100
|-heal|p1b: Annihilape|58/100 slp
|-curestatus|p1b: Annihilape|slp|[msg]
|move|p1b: Annihilape|Rage Fist|p2b: Electabuzz
|-activate|p2b: Electabuzz|move: Protect
|move|p2a: Sneasler|Dire Claw|p1b: Annihilape
|-resisted|p1b: Annihilape
|-damage|p1b: Annihilape|43/100
|
|-heal|p1b: Annihilape|49/100|[from] item: Leftovers
|-fieldend|move: Trick Room
|upkeep
|turn|7
|
|t:|1757174409
|move|p1b: Annihilape|Protect|p1b: Annihilape
|-singleturn|p1b: Annihilape|Protect
|move|p2a: Sneasler|Dire Claw|p1a: Sinistcha
|-damage|p1a: Sinistcha|49/100
|-enditem|p1a: Sinistcha|Sitrus Berry|[eat]
|-heal|p1a: Sinistcha|74/100|[from] item: Sitrus Berry
|move|p2b: Electabuzz|Thunderbolt|p1b: Annihilape
|-activate|p1b: Annihilape|move: Protect
|move|p1a: Sinistcha|Trick Room|p1a: Sinistcha
|-fieldstart|move: Trick Room|[of] p1a: Sinistcha
|
|-heal|p1b: Annihilape|55/100|[from] item: Leftovers
|upkeep
|turn|8
|
|t:|1757174424
|move|p1a: Sinistcha|Life Dew|p1a: Sinistcha|[spread] p1a,p1b
|-heal|p1a: Sinistcha|99/100
|-heal|p1b: Annihilape|80/100
|move|p2b: Electabuzz|Thunderbolt|p1b: Annihilape
|-damage|p1b: Annihilape|51/100
|move|p1b: Annihilape|Rage Fist|p2a: Sneasler
|-damage|p2a: Sneasler|0 fnt
|faint|p2a: Sneasler
|
|-heal|p1b: Annihilape|57/100|[from] item: Leftovers
|upkeep
|
|t:|1757174436
|switch|p2a: Rillaboom|Rillaboom, L50, M|100/100
|-fieldstart|move: Grassy Terrain|[from] ability: Grassy Surge|[of] p2a: Rillaboom
|turn|9
|
|t:|1757174443
|move|p2b: Electabuzz|Protect|p2b: Electabuzz
|-singleturn|p2b: Electabuzz|Protect
|move|p1a: Sinistcha|Life Dew|p1a: Sinistcha|[spread] p1a,p1b
|-heal|p1a: Sinistcha|100/100
|-heal|p1b: Annihilape|82/100
|move|p2a: Rillaboom|Wood Hammer|p1b: Annihilape
|-damage|p1b: Annihilape|26/100
|-damage|p2a: Rillaboom|81/100|[from] Recoil
|move|p1b: Annihilape|Rage Fist|p2a: Rillaboom
|-damage|p2a: Rillaboom|0 fnt
|faint|p2a: Rillaboom
|
|-heal|p2b: Electabuzz|85/100|[from] Grassy Terrain
|-heal|p1b: Annihilape|32/100|[from] Grassy Terrain
|-heal|p1b: Annihilape|38/100|[from] item: Leftovers
|upkeep
|turn|10
|-message|r4ka forfeited.
|
|win|DewosZz
||DewosZz is ready for game 2.
||r4ka is ready for game 2.
|uhtml|next|Next: Game 2 of 3
