|j|☆Nimblefrog6
|j|☆dericos
|html|Nimblefrog6dericos    
|uhtml|bestof|Game 2 of a best-of-3
|t:|1757758546
|gametype|doubles
|player|p1|Nimblefrog6|medium-gen2jp|1173
|player|p2|dericos|101|1243
|gen|9
|tier|[Gen 9] VGC 2025 Reg H (Bo3)
|rated|
|rule|Species Clause: Limit one of each Pokémon
|rule|Item Clause: Limit 1 of each item
|clearpoke
|poke|p1|Gholdengo, L50|
|poke|p1|Sneasler, L50, M|
|poke|p1|Rillaboom, L50, F|
|poke|p1|Ninetales-Alola, L50, M|
|poke|p1|Ursaluna-Bloodmoon, L50, M|
|poke|p1|Incineroar, L50, F|
|poke|p2|Sneasler, L50, F|
|poke|p2|Indeedee, L50, M|
|poke|p2|Ursaluna-Bloodmoon, L50, M|
|poke|p2|Electabuzz, L50, M|
|poke|p2|Incineroar, L50, M|
|poke|p2|Talonflame, L50, F|
|teampreview|4
|showteam|p1|Gholdengo||GrassySeed|GoodasGold|NastyPlot,MakeItRain,ShadowBall,Protect||||||50|,,,,,Water]Sneasler||WhiteHerb|Unburden|CloseCombat,DireClaw,ThroatChop,Protect|||M|||50|,,,,,Ghost]Rillaboom||MiracleSeed|GrassySurge|FakeOut,GrassyGlide,DrumBeating,HighHorsepower|||F|||50|,,,,,Fire]Ninetales-Alola||FocusSash|SnowWarning|Blizzard,IcyWind,Encore,AuroraVeil|||M|||50|,,,,,Ghost]Ursaluna-Bloodmoon||AssaultVest|MindsEye|HyperVoice,BloodMoon,EarthPower,VacuumWave|||M|||50|,,,,,Ghost]Incineroar||SitrusBerry|Intimidate|FakeOut,KnockOff,PartingShot,FlareBlitz|||F|||50|,,,,,Ghost
|showteam|p2|Sneasler||PsychicSeed|Unburden|CloseCombat,DireClaw,ThroatChop,Protect|||F|||50|,,,,,Dark]Indeedee||FocusSash|PsychicSurge|ExpandingForce,TrickRoom,HelpingHand,Protect|||M|||50|,,,,,Psychic]Ursaluna-Bloodmoon||LifeOrb|MindsEye|BloodMoon,HyperVoice,EarthPower,Protect|||M|||50|,,,,,Normal]Electabuzz||Eviolite|VitalSpirit|Electroweb,FollowMe,Taunt,Protect|||M|||50|,,,,,Dragon]Incineroar||SafetyGoggles|Intimidate|FlareBlitz,KnockOff,PartingShot,FakeOut|||M|||50|,,,,,Ghost]Talonflame||CovertCloak|GaleWings|FlareBlitz,DualWingbeat,WillOWisp,Tailwind|||F|||50|,,,,,Fairy
|inactive|Battle timer is ON: inactive players will automatically lose when time's up. (requested by Nimblefrog6)
|inactive|dericos has 60 seconds left.
|
|t:|1757758589
|teamsize|p1|4
|teamsize|p2|4
|start
|switch|p1a: Fox|Ninetales-Alola, L50, M|100/100
|switch|p1b: Meow|Sneasler, L50, M|100/100
|switch|p2a: Talonflame|Talonflame, L50, F|100/100
|switch|p2b: Sneasler|Sneasler, L50, F|100/100
|-weather|Snowscape|[from] ability: Snow Warning|[of] p1a: Fox
|turn|1
|
|t:|1757758612
|switch|p1a: Cheese|Gholdengo, L50|100/100
|move|p2a: Talonflame|Tailwind|p2a: Talonflame
|-sidestart|p2: dericos|move: Tailwind
|move|p2b: Sneasler|Dire Claw|p1a: Cheese
|-immune|p1a: Cheese
|move|p1b: Meow|Dire Claw|p2a: Talonflame
|-damage|p2a: Talonflame|39/100
|
|-weather|Snowscape|[upkeep]
|upkeep
|turn|2
|inactive|Nimblefrog6 has 30 seconds left.
|inactive|Nimblefrog6 has 20 seconds left.
|
|t:|1757758649
|-terastallize|p1a: Cheese|Water
|move|p2a: Talonflame|Dual Wingbeat|p1b: Meow
|-supereffective|p1b: Meow
|-damage|p1b: Meow|60/100
|-supereffective|p1b: Meow
|-damage|p1b: Meow|21/100
|-hitcount|p1b: Meow|2
|move|p2b: Sneasler|Throat Chop|p1a: Cheese
|-damage|p1a: Cheese|73/100
|-start|p1a: Cheese|Throat Chop|[silent]
|move|p1b: Meow|Dire Claw|p2b: Sneasler
|-resisted|p2b: Sneasler
|-damage|p2b: Sneasler|64/100
|move|p1a: Cheese|Make It Rain|p2b: Sneasler|[spread] p2a,p2b
|-resisted|p2a: Talonflame
|-damage|p2a: Talonflame|7/100
|-damage|p2b: Sneasler|6/100
|-unboost|p1a: Cheese|spa|1
|
|-weather|Snowscape|[upkeep]
|upkeep
|turn|3
|inactive|dericos has 30 seconds left.
|
|t:|1757758676
|move|p2a: Talonflame|Dual Wingbeat|p1b: Meow
|-supereffective|p1b: Meow
|-damage|p1b: Meow|0 fnt
|faint|p1b: Meow
|-hitcount|p1: Meow|1
|move|p2b: Sneasler|Close Combat|p1a: Cheese
|-damage|p1a: Cheese|9/100
|-unboost|p2b: Sneasler|def|1
|-unboost|p2b: Sneasler|spd|1
|move|p1a: Cheese|Make It Rain|p2b: Sneasler|[spread] p2a,p2b
|-resisted|p2a: Talonflame
|-damage|p2a: Talonflame|0 fnt
|-damage|p2b: Sneasler|0 fnt
|-unboost|p1a: Cheese|spa|1
|faint|p2a: Talonflame
|faint|p2b: Sneasler
|
|-weather|Snowscape|[upkeep]
|-end|p1a: Cheese|Throat Chop|[silent]
|upkeep
|
|t:|1757758680
|switch|p2a: Ursaluna|Ursaluna-Bloodmoon, L50, M|100/100
|switch|p2b: Indeedee|Indeedee, L50, M|100/100
|switch|p1b: Monkey|Rillaboom, L50, F|100/100
|-fieldstart|move: Psychic Terrain|[from] ability: Psychic Surge|[of] p2b: Indeedee
|-fieldstart|move: Grassy Terrain|[from] ability: Grassy Surge|[of] p1b: Monkey
|-enditem|p1a: Cheese|Grassy Seed
|-boost|p1a: Cheese|def|1|[from] item: Grassy Seed
|turn|4
|
|t:|1757758703
|-terastallize|p2a: Ursaluna|Normal
|move|p1a: Cheese|Protect|p1a: Cheese
|-singleturn|p1a: Cheese|Protect
|move|p1b: Monkey|Fake Out|p2a: Ursaluna
|-damage|p2a: Ursaluna|89/100
|cant|p2a: Ursaluna|flinch
|move|p2b: Indeedee|Trick Room|p2b: Indeedee
|-fieldstart|move: Trick Room|[of] p2b: Indeedee
|
|-weather|Snowscape|[upkeep]
|-heal|p1a: Cheese|15/100|[from] Grassy Terrain
|-heal|p2a: Ursaluna|95/100|[from] Grassy Terrain
|-sideend|p2: dericos|move: Tailwind
|upkeep
|turn|5
|inactive|Nimblefrog6 has 30 seconds left.
|
|t:|1757758733
|switch|p1b: Fox|Ninetales-Alola, L50, M|100/100
|move|p2b: Indeedee|Helping Hand|p2a: Ursaluna
|-singleturn|p2a: Ursaluna|Helping Hand|[of] p2b: Indeedee
|move|p2a: Ursaluna|Hyper Voice|p1a: Cheese|[spread] p1a,p1b
|-damage|p1a: Cheese|0 fnt
|-enditem|p1b: Fox|Focus Sash
|-damage|p1b: Fox|1/100
|faint|p1a: Cheese
|-damage|p2a: Ursaluna|86/100|[from] item: Life Orb
|
|-weather|none
|-heal|p2a: Ursaluna|92/100|[from] Grassy Terrain
|-heal|p1b: Fox|7/100|[from] Grassy Terrain
|upkeep
|
|t:|1757758735
|switch|p1a: Monkey|Rillaboom, L50, F|100/100
|turn|6
|-message|Nimblefrog6 forfeited.
|
|win|dericos
|raw|Nimblefrog6's rating: 1173 → 1154(-19 for losing)
|raw|dericos's rating: 1258 → 1277(+19 for winning)
