|j|☆Ossi1590
|j|☆sille rovert
|html|Ossi1590sille rovert    
|uhtml|bestof|Game 3 of a best-of-3
|t:|1783524885
|gametype|doubles
|player|p1|Ossi1590|colress|1328
|player|p2|sille rovert|trevor|1344
|gen|9
|tier|[Gen 9 Champions] VGC 2026 Reg M-B (Bo3)
|rated|
|rule|Species Clause: Limit one of each Pokémon
|rule|Item Clause: Limit 1 of each item
|clearpoke
|poke|p1|Raichu, L50, M|
|poke|p1|Mawile, L50, M|
|poke|p1|Sinistcha, L50|
|poke|p1|Ceruledge, L50, F|
|poke|p1|Milotic, L50, M|
|poke|p1|Incineroar, L50, M|
|poke|p2|Sinistcha, L50|
|poke|p2|Incineroar, L50, F|
|poke|p2|Ninetales-Alola, L50, F|
|poke|p2|Raichu, L50, M|
|poke|p2|Blastoise, L50, M|
|poke|p2|Ceruledge, L50, F|
|teampreview|4
|showteam|p1|Raichu||RaichuniteY|LightningRod|ZapCannon,FocusBlast,FakeOut,Protect|Timid||M|||50|]Mawile||Mawilite|HyperCutter|PlayRough,SuckerPunch,SwordsDance,Protect|Adamant||M|||50|]Sinistcha||KasibBerry|Hospitality|MatchaGotcha,LifeDew,RagePowder,Protect|Relaxed|||||50|]Ceruledge||ColburBerry|FlashFire|BitterBlade,ShadowSneak,BulkUp,Protect|Adamant||F|||50|]Milotic||Leftovers|Competitive|MuddyWater,Coil,Hypnosis,Protect|Calm||M|||50|]Incineroar||SitrusBerry|Intimidate|FlareBlitz,ThroatChop,FakeOut,PartingShot|Impish||M|||50|
|showteam|p2|Sinistcha||KasibBerry|Hospitality|MatchaGotcha,LifeDew,RagePowder,Protect|Relaxed|||||50|]Incineroar||SitrusBerry|Intimidate|FlareBlitz,ThroatChop,FakeOut,PartingShot|Impish||F|||50|]Ninetales-Alola||NeverMeltIce|SnowWarning|Blizzard,FreezeDry,Encore,Protect|Timid||F|||50|]Raichu||RaichuniteY|LightningRod|ZapCannon,FocusBlast,FakeOut,Protect|Timid||M|||50|]Blastoise||Blastoisinite|RainDish|WaterSpout,DarkPulse,ShellSmash,Protect|Modest||M|||50|]Ceruledge||ColburBerry|FlashFire|BitterBlade,ShadowSneak,BulkUp,Protect|Adamant||F|||50|
|inactive|Battle timer is ON: inactive players will automatically lose when time's up. (requested by sille rovert)
|
|t:|1783524904
|teamsize|p1|4
|teamsize|p2|4
|start
|switch|p1a: Ceruledge|Ceruledge, L50, F|100/100
|switch|p1b: Raichu|Raichu, L50, M|100/100
|switch|p2a: Fox|Ninetales-Alola, L50, F|100/100
|switch|p2b: Tortuga|Blastoise, L50, M|100/100
|-weather|Snowscape|[from] ability: Snow Warning|[of] p2a: Fox
|turn|1
|
|t:|1783524919
|switch|p2a: Rat|Raichu, L50, M|100/100
|detailschange|p1b: Raichu|Raichu-Mega-Y, L50, M
|-mega|p1b: Raichu|Raichu|Raichunite Y
|detailschange|p2b: Tortuga|Blastoise-Mega, L50, M
|-mega|p2b: Tortuga|Blastoise|Blastoisinite
|move|p2b: Tortuga|Protect|p2b: Tortuga
|-singleturn|p2b: Tortuga|Protect
|move|p1b: Raichu|Zap Cannon|p2a: Rat
|-activate|p2a: Rat|ability: Lightning Rod
|-ability|p2a: Rat|Lightning Rod|boost
|-boost|p2a: Rat|spa|1
|move|p1a: Ceruledge|Bitter Blade|p2a: Rat
|-damage|p2a: Rat|33/100
|
|-weather|Snowscape|[upkeep]
|upkeep
|turn|2
|inactive|Ossi1590 has 30 seconds left.
|
|t:|1783524950
|switch|p1a: Sinistcha|Sinistcha, L50|100/100
|move|p1b: Raichu|Protect|p1b: Raichu
|-singleturn|p1b: Raichu|Protect
|move|p2a: Rat|Fake Out|p1b: Raichu
|-activate|p1b: Raichu|move: Protect
|move|p2b: Tortuga|Shell Smash|p2b: Tortuga
|-unboost|p2b: Tortuga|def|1
|-unboost|p2b: Tortuga|spd|1
|-boost|p2b: Tortuga|atk|2
|-boost|p2b: Tortuga|spa|2
|-boost|p2b: Tortuga|spe|2
|
|-weather|Snowscape|[upkeep]
|upkeep
|turn|3
|
|t:|1783524963
|switch|p2a: HowManyMatchas?|Sinistcha, L50|100/100
|move|p2b: Tortuga|Protect|p2b: Tortuga
|-singleturn|p2b: Tortuga|Protect
|move|p1b: Raichu|Focus Blast|p2b: Tortuga
|-activate|p2b: Tortuga|move: Protect
|move|p1a: Sinistcha|Matcha Gotcha|p2a: HowManyMatchas?|[spread] p2a
|-activate|p2b: Tortuga|move: Protect
|-resisted|p2a: HowManyMatchas?|1
|-damage|p2a: HowManyMatchas?|88/100
|
|-weather|Snowscape|[upkeep]
|upkeep
|turn|4
|
|t:|1783524974
|move|p2a: HowManyMatchas?|Rage Powder|p2a: HowManyMatchas?
|-singleturn|p2a: HowManyMatchas?|move: Rage Powder
|move|p2b: Tortuga|Dark Pulse|p1a: Sinistcha
|-supereffective|p1a: Sinistcha|1
|-damage|p1a: Sinistcha|0 fnt
|faint|p1a: Sinistcha
|move|p1b: Raichu|Zap Cannon|p2a: HowManyMatchas?
|-resisted|p2a: HowManyMatchas?|1
|-damage|p2a: HowManyMatchas?|57/100
|-status|p2a: HowManyMatchas?|par
|
|-weather|Snowscape|[upkeep]
|upkeep
|
|t:|1783524977
|switch|p1a: Ceruledge|Ceruledge, L50, F|100/100
|turn|5
|
|t:|1783524983
|switch|p1b: Milotic|Milotic, L50, M|100/100
|switch|p2a: Rat|Raichu, L50, M|33/100
|move|p1a: Ceruledge|Protect|p1a: Ceruledge
|-singleturn|p1a: Ceruledge|Protect
|move|p2b: Tortuga|Water Spout|p1a: Ceruledge|[spread] p1b
|-activate|p1a: Ceruledge|move: Protect
|-resisted|p1b: Milotic|1
|-damage|p1b: Milotic|56/100
|
|-weather|none
|-heal|p1b: Milotic|62/100|[from] item: Leftovers
|upkeep
|turn|6
|
|t:|1783525007
|switch|p1b: Raichu|Raichu-Mega-Y, L50, M|100/100
|move|p2a: Rat|Fake Out|p1b: Raichu
|-damage|p1b: Raichu|87/100
|move|p1a: Ceruledge|Shadow Sneak|p2b: Tortuga
|-damage|p2b: Tortuga|70/100
|move|p2b: Tortuga|Water Spout|p1b: Raichu|[spread] p1a,p1b
|-supereffective|p1a: Ceruledge|1
|-damage|p1a: Ceruledge|0 fnt
|-damage|p1b: Raichu|0 fnt
|faint|p1a: Ceruledge
|faint|p1b: Raichu
|
|upkeep
|
|t:|1783525011
|switch|p1b: Milotic|Milotic, L50, M|62/100
|turn|7
|
|t:|1783525014
|switch|p2a: HowManyMatchas?|Sinistcha, L50|57/100 par
|-heal|p2b: Tortuga|95/100|[from] ability: Hospitality|[of] p2a: HowManyMatchas?
|move|p2b: Tortuga|Dark Pulse|p1b: Milotic
|-damage|p1b: Milotic|0 fnt
|faint|p1b: Milotic
|
|win|sille rovert
|raw|Ossi1590's rating: 1328 → 1309(-19 for losing)
|raw|sille rovert's rating: 1344 → 1363(+19 for winning)
