|j|☆Jaylek
|j|☆messyboii
|html|Jaylekmessyboii    
|uhtml|bestof|Game 1 of a best-of-3
|t:|1785977290
|gametype|doubles
|player|p1|Jaylek|aaron|
|player|p2|messyboii|grimsley|
|gen|9
|tier|[Gen 9 Champions] VGC 2026 Reg M-B (Bo3)
|rule|Species Clause: Limit one of each Pokémon
|rule|Item Clause: Limit 1 of each item
|clearpoke
|poke|p1|Pelipper, L50, M|
|poke|p1|Archaludon, L50, F|
|poke|p1|Swampert, L50, F|
|poke|p1|Venusaur, L50, F|
|poke|p1|Toucannon, L50, F|
|poke|p1|Grimmsnarl, L50, M|
|poke|p2|Basculegion, L50, M|
|poke|p2|Scizor, L50, M|
|poke|p2|Simisear, L50, M, shiny|
|poke|p2|Garchomp, L50, F, shiny|
|poke|p2|Tyranitar, L50, M|
|poke|p2|Corviknight, L50, F, shiny|
|teampreview|4
|showteam|p1|Pelipper||FocusSash|Drizzle|WeatherBall,Hurricane,Tailwind,WideGuard|Timid||M|||50|]Archaludon||Leftovers|Stamina|ElectroShot,FlashCannon,DragonPulse,Protect|Modest||F|||50|]Swampert||Swampertite|Torrent|WaveCrash,Earthquake,IcePunch,Protect|Adamant||F|||50|]Venusaur||Venusaurite|Chlorophyll|GigaDrain,SludgeBomb,EarthPower,Protect|Modest||F|||50|]Toucannon||KingsRock|SkillLink|BraveBird,RockBlast,BulletSeed,Protect|Jolly||F|||50|]Grimmsnarl||LightClay|Prankster|Reflect,LightScreen,PartingShot,FoulPlay|Serious||M|||50|
|showteam|p2|Basculegion||SitrusBerry|Adaptability|WaveCrash,AquaJet,LastRespects,Protect|Jolly||M|||50|]Scizor||LifeOrb|Technician|BulletPunch,BugBite,SwordsDance,Protect|Adamant||M|||50|]Simisear||FocusSash|Blaze|FakeOut,WillOWisp,BlazeKick,RockSlide|Jolly||M|||50|]Garchomp||Garchompite|SandVeil|EarthPower,DracoMeteor,PowerGem,Protect|Modest||F|||50|]Tyranitar||ChoiceScarf|SandStream|RockSlide,KnockOff,IcePunch,Superpower|Jolly||M|||50|]Corviknight||Leftovers|MirrorArmor|IronHead,BraveBird,Tailwind,Protect|Impish||F|||50|
|j| LakeyWakey
|c| LakeyWakey|had to see my babies in action
|c|☆Jaylek|it's rain time
|
|t:|1785977355
|teamsize|p1|4
|teamsize|p2|4
|start
|switch|p1a: Seiun Sky|Grimmsnarl, L50, M|100/100
|switch|p1b: King Halo|Archaludon, L50, F|100/100
|switch|p2a: Tango|Basculegion, L50, M|100/100
|switch|p2b: Pinpoint|Simisear, L50, M, shiny|100/100
|turn|1
|
|t:|1785977372
|move|p1b: King Halo|Protect|p1b: King Halo
|-singleturn|p1b: King Halo|Protect
|move|p2b: Pinpoint|Fake Out|p1a: Seiun Sky
|-damage|p1a: Seiun Sky|88/100
|cant|p1a: Seiun Sky|flinch
|move|p2a: Tango|Wave Crash|p1a: Seiun Sky
|-damage|p1a: Seiun Sky|16/100
|-damage|p2a: Tango|75/100|[from] Recoil
|
|upkeep
|turn|2
|j| BigBeeGaming
|
|t:|1785977387
|move|p2a: Tango|Aqua Jet|p1a: Seiun Sky
|-damage|p1a: Seiun Sky|0 fnt
|faint|p1a: Seiun Sky
|move|p2b: Pinpoint|Blaze Kick|p1b: King Halo
|-damage|p1b: King Halo|71/100
|-status|p1b: King Halo|brn
|-ability|p1b: King Halo|Stamina|boost
|-boost|p1b: King Halo|def|1
|move|p1b: King Halo|Electro Shot||[still]
|-prepare|p1b: King Halo|Electro Shot
|-boost|p1b: King Halo|spa|1
|
|-heal|p1b: King Halo|77/100 brn|[from] item: Leftovers
|-damage|p1b: King Halo|71/100 brn|[from] brn
|upkeep
|
|t:|1785977393
|switch|p1a: Tsurumaru Tsuyoshi|Pelipper, L50, M|100/100
|-weather|RainDance|[from] ability: Drizzle|[of] p1a: Tsurumaru Tsuyoshi
|turn|3
|
|t:|1785977407
|switch|p2a: Crossclimb|Tyranitar, L50, M|100/100
|-weather|Sandstorm|[from] ability: Sand Stream|[of] p2a: Crossclimb
|move|p2b: Pinpoint|Rock Slide|p1b: King Halo|[spread] p1b
|-miss|p2b: Pinpoint|p1a: Tsurumaru Tsuyoshi
|-resisted|p1b: King Halo|1
|-damage|p1b: King Halo|67/100 brn
|-ability|p1b: King Halo|Stamina|boost
|-boost|p1b: King Halo|def|1
|move|p1a: Tsurumaru Tsuyoshi|Weather Ball|p2b: Pinpoint
|-supereffective|p2b: Pinpoint|1
|-crit|p2b: Pinpoint
|-enditem|p2b: Pinpoint|Focus Sash
|-damage|p2b: Pinpoint|1/100
|cant|p1b: King Halo|flinch
|
|-weather|Sandstorm|[upkeep]
|-damage|p2b: Pinpoint|0 fnt|[from] Sandstorm
|-damage|p1a: Tsurumaru Tsuyoshi|94/100|[from] Sandstorm
|faint|p2b: Pinpoint
|-heal|p1b: King Halo|73/100 brn|[from] item: Leftovers
|-damage|p1b: King Halo|67/100 brn|[from] brn
|upkeep
|
|t:|1785977421
|switch|p2b: Tango|Basculegion, L50, M|75/100
|turn|4
|
|t:|1785977441
|switch|p1a: Special Week|Swampert, L50, F|100/100
|move|p2a: Crossclimb|Superpower|p1b: King Halo
|-supereffective|p1b: King Halo|1
|-damage|p1b: King Halo|37/100 brn
|-unboost|p2a: Crossclimb|atk|1
|-unboost|p2a: Crossclimb|def|1
|-ability|p1b: King Halo|Stamina|boost
|-boost|p1b: King Halo|def|1
|move|p2b: Tango|Last Respects|p1a: Special Week
|-damage|p1a: Special Week|27/100
|move|p1b: King Halo|Dragon Pulse|p2b: Tango
|-damage|p2b: Tango|10/100
|-enditem|p2b: Tango|Sitrus Berry|[eat]
|-heal|p2b: Tango|35/100|[from] item: Sitrus Berry
|
|-weather|Sandstorm|[upkeep]
|-damage|p2b: Tango|29/100|[from] Sandstorm
|-heal|p1b: King Halo|43/100 brn|[from] item: Leftovers
|-damage|p1b: King Halo|37/100 brn|[from] brn
|upkeep
|turn|5
|
|t:|1785977465
|switch|p2a: Queens|Corviknight, L50, F, shiny|100/100
|switch|p1b: Tsurumaru Tsuyoshi|Pelipper, L50, M|94/100
|-weather|RainDance|[from] ability: Drizzle|[of] p1b: Tsurumaru Tsuyoshi
|detailschange|p1a: Special Week|Swampert-Mega, L50, F
|-mega|p1a: Special Week|Swampert|Swampertite
|move|p2b: Tango|Aqua Jet|p1a: Special Week
|-damage|p1a: Special Week|0 fnt
|faint|p1a: Special Week
|
|-weather|RainDance|[upkeep]
|upkeep
|
|t:|1785977469
|switch|p1a: King Halo|Archaludon, L50, F|37/100 brn
|turn|6
|
|t:|1785977489
|move|p2b: Tango|Last Respects|p1a: King Halo
|-damage|p1a: King Halo|0 fnt
|faint|p1a: King Halo
|move|p1b: Tsurumaru Tsuyoshi|Weather Ball|p2b: Tango
|-resisted|p2b: Tango|1
|-damage|p2b: Tango|0 fnt
|faint|p2b: Tango
|move|p2a: Queens|Brave Bird|p1b: Tsurumaru Tsuyoshi
|-damage|p1b: Tsurumaru Tsuyoshi|44/100
|-damage|p2a: Queens|89/100|[from] Recoil
|
|-weather|RainDance|[upkeep]
|-heal|p2a: Queens|95/100|[from] item: Leftovers
|upkeep
|
|t:|1785977495
|switch|p2b: Crossclimb|Tyranitar, L50, M|100/100
|-weather|Sandstorm|[from] ability: Sand Stream|[of] p2b: Crossclimb
|turn|7
|
|t:|1785977500
|move|p2b: Crossclimb|Rock Slide|p1b: Tsurumaru Tsuyoshi|[miss]
|-miss|p2b: Crossclimb|p1b: Tsurumaru Tsuyoshi
|move|p1b: Tsurumaru Tsuyoshi|Weather Ball|p2b: Crossclimb
|-damage|p2b: Crossclimb|80/100
|move|p2a: Queens|Brave Bird|p1b: Tsurumaru Tsuyoshi
|-damage|p1b: Tsurumaru Tsuyoshi|0 fnt
|faint|p1b: Tsurumaru Tsuyoshi
|-damage|p2a: Queens|85/100|[from] Recoil
|
|win|messyboii
||Jaylek is ready for game 2.
||messyboii is ready for game 2.
|uhtml|next|Next: Game 2 of 3
|l| LakeyWakey
