|j|☆magicalarcher57
|j|☆WhatIsBreadnaught
|html|magicalarcher57WhatIsBreadnaught    
|uhtml|bestof|Game 1 of a best-of-3
|t:|1783953482
|gametype|doubles
|player|p1|magicalarcher57|diantha|1211
|player|p2|WhatIsBreadnaught|volkner|1067
|gen|9
|tier|[Gen 9 Champions] VGC 2026 Reg M-B (Bo3)
|rated|
|rule|Species Clause: Limit one of each Pokémon
|rule|Item Clause: Limit 1 of each item
|clearpoke
|poke|p1|Basculegion, L50, M|
|poke|p1|Glimmora, L50, F|
|poke|p1|Garchomp, L50, F|
|poke|p1|Kingambit, L50, F|
|poke|p1|Whimsicott, L50, M|
|poke|p1|Staraptor, L50, M|
|poke|p2|Raichu, L50, F|
|poke|p2|Sableye, L50, M|
|poke|p2|Pelipper, L50, M|
|poke|p2|Tsareena, L50, F|
|poke|p2|Archaludon, L50, M|
|poke|p2|Swampert, L50, M|
|teampreview|4
|showteam|p1|Basculegion||ChoiceScarf|Adaptability|AquaJet,LastRespects,WaveCrash,FlipTurn|Jolly||M|||50|]Glimmora||LifeOrb|ToxicDebris|PowerGem,EarthPower,SpikyShield,SludgeBomb|Timid||F|||50|]Garchomp||SitrusBerry|RoughSkin|DragonClaw,RockSlide,Protect,Earthquake|Jolly||F|||50|]Kingambit||BlackGlasses|Defiant|SuckerPunch,KowtowCleave,Protect,IronHead|Adamant||F|||50|]Whimsicott||FocusSash|Prankster|Tailwind,Moonblast,Encore,Protect|Timid||M|||50|]Staraptor||Staraptite|Intimidate|CloseCombat,BraveBird,Roost,Protect|Jolly||M|||50|
|showteam|p2|Raichu||RaichuniteY|LightningRod|ZapCannon,FakeOut,FocusBlast,Protect|Hasty||F|||50|]Sableye||LightClay|Prankster|RainDance,WillOWisp,Reflect,LightScreen|Calm||M|||50|]Pelipper||DampRock|Drizzle|WideGuard,WeatherBall,Tailwind,Hurricane|Modest||M|||50|]Tsareena||ChoiceScarf|QueenlyMajesty|TripleAxel,TropKick,LowKick,Uturn|Jolly||F|||50|]Archaludon||Leftovers|Stamina|DragonPulse,ElectroShot,FlashCannon,Protect|Modest||M|||50|]Swampert||Swampertite|Torrent|IcePunch,WaveCrash,HighHorsepower,Protect|Adamant||M|||50|
|inactive|Battle timer is ON: inactive players will automatically lose when time's up. (requested by magicalarcher57)
|inactive|magicalarcher57 has 60 seconds left.
|inactive|WhatIsBreadnaught has 60 seconds left.
|inactive|WhatIsBreadnaught has 30 seconds left.
|
|t:|1783953551
|teamsize|p1|4
|teamsize|p2|4
|start
|switch|p1a: Garchomp|Garchomp, L50, F|100/100
|switch|p1b: Whimsicott|Whimsicott, L50, M|100/100
|switch|p2a: Pelipper|Pelipper, L50, M|100/100
|switch|p2b: Archaludon|Archaludon, L50, M|100/100
|-weather|RainDance|[from] ability: Drizzle|[of] p2a: Pelipper
|turn|1
|
|t:|1783953574
|move|p2b: Archaludon|Protect|p2b: Archaludon
|-singleturn|p2b: Archaludon|Protect
|move|p1b: Whimsicott|Tailwind|p1b: Whimsicott
|-sidestart|p1: magicalarcher57|move: Tailwind
|move|p1a: Garchomp|Dragon Claw|p2a: Pelipper
|-damage|p2a: Pelipper|53/100
|move|p2a: Pelipper|Tailwind|p2a: Pelipper
|-sidestart|p2: WhatIsBreadnaught|move: Tailwind
|
|-weather|RainDance|[upkeep]
|upkeep
|turn|2
|inactive|WhatIsBreadnaught has 30 seconds left.
|
|t:|1783953608
|move|p1b: Whimsicott|Moonblast|p2a: Pelipper
|-damage|p2a: Pelipper|4/100
|move|p1a: Garchomp|Dragon Claw|p2a: Pelipper
|-damage|p2a: Pelipper|0 fnt
|faint|p2a: Pelipper
|move|p2b: Archaludon|Dragon Pulse|p1a: Garchomp
|-supereffective|p1a: Garchomp|1
|-damage|p1a: Garchomp|17/100
|-enditem|p1a: Garchomp|Sitrus Berry|[eat]
|-heal|p1a: Garchomp|42/100|[from] item: Sitrus Berry
|
|-weather|RainDance|[upkeep]
|upkeep
|
|t:|1783953623
|switch|p2a: Tsareena|Tsareena, L50, F|100/100
|turn|3
|
|t:|1783953642
|move|p2a: Tsareena|Trop Kick|p1a: Garchomp
|-damage|p1a: Garchomp|1/100
|-unboost|p1a: Garchomp|atk|1
|-damage|p2a: Tsareena|87/100|[from] ability: Rough Skin|[of] p1a: Garchomp
|move|p1b: Whimsicott|Moonblast|p2a: Tsareena
|-damage|p2a: Tsareena|41/100
|-unboost|p2a: Tsareena|spa|1
|move|p1a: Garchomp|Dragon Claw|p2a: Tsareena
|-damage|p2a: Tsareena|4/100
|move|p2b: Archaludon|Flash Cannon|p1b: Whimsicott
|-supereffective|p1b: Whimsicott|1
|-crit|p1b: Whimsicott
|-enditem|p1b: Whimsicott|Focus Sash
|-damage|p1b: Whimsicott|1/100
|
|-weather|RainDance|[upkeep]
|upkeep
|turn|4
|
|t:|1783953666
|move|p1b: Whimsicott|Protect|p1b: Whimsicott
|-singleturn|p1b: Whimsicott|Protect
|move|p1a: Garchomp|Protect|p1a: Garchomp
|-singleturn|p1a: Garchomp|Protect
|move|p2a: Tsareena|Trop Kick|p1a: Garchomp
|-activate|p1a: Garchomp|move: Protect
|move|p2b: Archaludon|Electro Shot||[still]
|-prepare|p2b: Archaludon|Electro Shot
|-boost|p2b: Archaludon|spa|1
|-anim|p2b: Archaludon|Electro Shot|p1b: Whimsicott
|-activate|p1b: Whimsicott|move: Protect
|
|-weather|RainDance|[upkeep]
|-sideend|p1: magicalarcher57|move: Tailwind
|-sideend|p2: WhatIsBreadnaught|move: Tailwind
|upkeep
|turn|5
|
|t:|1783953677
|move|p1b: Whimsicott|Tailwind|p1b: Whimsicott
|-sidestart|p1: magicalarcher57|move: Tailwind
|move|p1a: Garchomp|Earthquake|p2a: Tsareena|[spread] p1b,p2a,p2b
|-resisted|p1b: Whimsicott|1
|-resisted|p2a: Tsareena|1
|-supereffective|p2b: Archaludon|1
|-damage|p1b: Whimsicott|0 fnt
|-damage|p2a: Tsareena|0 fnt
|-damage|p2b: Archaludon|59/100
|-ability|p2b: Archaludon|Stamina|boost
|-boost|p2b: Archaludon|def|1
|faint|p1b: Whimsicott
|faint|p2a: Tsareena
|move|p2b: Archaludon|Electro Shot||[still]
|-prepare|p2b: Archaludon|Electro Shot
|-boost|p2b: Archaludon|spa|1
|-anim|p2b: Archaludon|Electro Shot|p1a: Garchomp
|-immune|p1a: Garchomp
|
|-weather|RainDance|[upkeep]
|-heal|p2b: Archaludon|65/100|[from] item: Leftovers
|upkeep
|
|t:|1783953698
|switch|p1b: Staraptor|Staraptor, L50, M|100/100
|switch|p2a: Raichu|Raichu, L50, F|100/100
|-ability|p1b: Staraptor|Intimidate|boost
|-unboost|p2a: Raichu|atk|1
|-unboost|p2b: Archaludon|atk|1
|turn|6
|
|t:|1783953719
|detailschange|p1b: Staraptor|Staraptor-Mega, L50, M
|-mega|p1b: Staraptor|Staraptor|Staraptite
|move|p1b: Staraptor|Protect|p1b: Staraptor
|-singleturn|p1b: Staraptor|Protect
|move|p1a: Garchomp|Protect|p1a: Garchomp
|-singleturn|p1a: Garchomp|Protect
|move|p2a: Raichu|Fake Out|p1a: Garchomp
|-activate|p1a: Garchomp|move: Protect
|move|p2b: Archaludon|Electro Shot||[still]
|-activate|p2a: Raichu|ability: Lightning Rod
|-prepare|p2b: Archaludon|Electro Shot
|-boost|p2b: Archaludon|spa|1
|-anim|p2b: Archaludon|Electro Shot|p2a: Raichu
|-ability|p2a: Raichu|Lightning Rod|boost
|-boost|p2a: Raichu|spa|1
|
|-weather|RainDance|[upkeep]
|-heal|p2b: Archaludon|71/100|[from] item: Leftovers
|upkeep
|turn|7
|inactive|magicalarcher57 has 30 seconds left.
|inactive|WhatIsBreadnaught has 30 seconds left.
|inactive|WhatIsBreadnaught has 20 seconds left.
|
|t:|1783953755
|detailschange|p2a: Raichu|Raichu-Mega-Y, L50, F
|-mega|p2a: Raichu|Raichu|Raichunite Y
|move|p2a: Raichu|Protect|p2a: Raichu
|-singleturn|p2a: Raichu|Protect
|move|p2b: Archaludon|Protect|p2b: Archaludon
|-singleturn|p2b: Archaludon|Protect
|move|p1b: Staraptor|Close Combat|p2a: Raichu
|-activate|p2a: Raichu|move: Protect
|move|p1a: Garchomp|Earthquake|p2a: Raichu|[spread] 
|-activate|p2a: Raichu|move: Protect
|-activate|p2b: Archaludon|move: Protect
|-immune|p1b: Staraptor
|
|-weather|RainDance|[upkeep]
|-heal|p2b: Archaludon|77/100|[from] item: Leftovers
|upkeep
|turn|8
|inactive|WhatIsBreadnaught has 30 seconds left.
|
|t:|1783953781
|move|p1b: Staraptor|Close Combat|p2b: Archaludon
|-supereffective|p2b: Archaludon|1
|-damage|p2b: Archaludon|13/100
|-boost|p1b: Staraptor|def|1
|-boost|p1b: Staraptor|spd|1
|-ability|p2b: Archaludon|Stamina|boost
|-boost|p2b: Archaludon|def|1
|move|p1a: Garchomp|Earthquake|p2a: Raichu|[spread] p2a,p2b
|-immune|p1b: Staraptor
|-supereffective|p2a: Raichu|1
|-supereffective|p2b: Archaludon|1
|-damage|p2a: Raichu|0 fnt
|-damage|p2b: Archaludon|0 fnt
|faint|p2a: Raichu
|faint|p2b: Archaludon
|
|win|magicalarcher57
