|j|☆Pier (Champion)
|j|☆BenHonest
|html|Pier (Champion)BenHonest    
|uhtml|bestof|Game 1 of a best-of-3
|t:|1785972174
|gametype|doubles
|player|p1|Pier (Champion)|2|1085
|player|p2|BenHonest|palmer|1123
|gen|9
|tier|[Gen 9 Champions] VGC 2026 Reg M-B (Bo3)
|rated|
|rule|Species Clause: Limit one of each Pokémon
|rule|Item Clause: Limit 1 of each item
|clearpoke
|poke|p1|Charizard, L50, F, shiny|
|poke|p1|Whimsicott, L50, F|
|poke|p1|Basculegion, L50, M|
|poke|p1|Garchomp, L50, F|
|poke|p1|Kingambit, L50, F|
|poke|p1|Farigiraf, L50, F|
|poke|p2|Staraptor, L50, M|
|poke|p2|Gholdengo, L50|
|poke|p2|Whimsicott, L50, M, shiny|
|poke|p2|Glimmora, L50, M, shiny|
|poke|p2|Basculegion, L50, M|
|poke|p2|Metagross, L50, shiny|
|teampreview|4
|showteam|p1|Charizard||CharizarditeY|Blaze|HeatWave,SolarBeam,WeatherBall,Protect|Timid||F|||50|]Whimsicott||FocusSash|Prankster|Moonblast,Encore,Tailwind,Protect|Timid||F|||50|]Basculegion||ChoiceScarf|Adaptability|WaveCrash,FlipTurn,AquaJet,LastRespects|Jolly||M|||50|]Garchomp||LifeOrb|RoughSkin|DragonClaw,Earthquake,RockSlide,Protect|Jolly||F|||50|]Kingambit||BlackGlasses|Defiant|KowtowCleave,IronHead,SuckerPunch,Protect|Adamant||F|||50|]Farigiraf||SitrusBerry|CudChew|Psychic,Thunderbolt,HelpingHand,TrickRoom|Bold||F|||50|
|showteam|p2|Staraptor||Staraptite|Intimidate|CloseCombat,BraveBird,Roost,Protect|Careful||M|||50|]Gholdengo||LifeOrb|GoodasGold|MakeItRain,ShadowBall,Thunderbolt,Protect|Modest|||||50|]Whimsicott||MentalHerb|Prankster|Moonblast,Tailwind,Tickle,FakeTears|Bold||M|||50|]Glimmora||FocusSash|ToxicDebris|PowerGem,SludgeBomb,EarthPower,SpikyShield|Modest||M|||50|]Basculegion||ChoiceScarf|Adaptability|WaveCrash,LastRespects,FlipTurn,AquaJet|Jolly||M|||50|]Metagross||Metagrossite|ClearBody|IronHead,PsychicFangs,StompingTantrum,BulletPunch|Jolly|||||50|
|inactive|Battle timer is ON: inactive players will automatically lose when time's up. (requested by Pier (Champion))
|
|t:|1785972246
|teamsize|p1|4
|teamsize|p2|4
|start
|switch|p1a: Charizard|Charizard, L50, F, shiny|100/100
|switch|p1b: Whimsicott|Whimsicott, L50, F|100/100
|switch|p2a: Mahoraga|Whimsicott, L50, M, shiny|100/100
|switch|p2b: Glimmora|Glimmora, L50, M, shiny|100/100
|turn|1
|inactive|BenHonest has 30 seconds left.
|inactive|BenHonest has 20 seconds left.
|inactive|BenHonest has 15 seconds left.
|inactive|BenHonest has 10 seconds left.
|inactive|BenHonest has 5 seconds left.
|
|t:|1785972297
|switch|p1a: Kingambit|Kingambit, L50, F|100/100
|move|p1b: Whimsicott|Tailwind|p1b: Whimsicott
|-sidestart|p1: Pier (Champion)|move: Tailwind
|move|p2b: Glimmora|Sludge Bomb|p1b: Whimsicott
|-supereffective|p1b: Whimsicott|2
|-enditem|p1b: Whimsicott|Focus Sash
|-damage|p1b: Whimsicott|1/100
|move|p2a: Mahoraga|Moonblast|p1b: Whimsicott
|-damage|p1b: Whimsicott|0 fnt
|faint|p1b: Whimsicott
|
|upkeep
|
|t:|1785972311
|switch|p1b: Basculegion|Basculegion, L50, M|100/100
|turn|2
|inactive|BenHonest has 30 seconds left.
|
|t:|1785972341
|move|p2a: Mahoraga|Tickle|p1b: Basculegion
|-unboost|p1b: Basculegion|atk|1
|-unboost|p1b: Basculegion|def|1
|move|p1b: Basculegion|Flip Turn|p2b: Glimmora
|-supereffective|p2b: Glimmora|1
|-damage|p2b: Glimmora|35/100
|-activate|p2b: Glimmora|ability: Toxic Debris
|-sidestart|p1: Pier (Champion)|move: Toxic Spikes
|
|t:|1785972348
|switch|p1b: Charizard|Charizard, L50, F, shiny|100/100|[from] Flip Turn
|move|p1a: Kingambit|Iron Head|p2a: Mahoraga
|-supereffective|p2a: Mahoraga|1
|-damage|p2a: Mahoraga|19/100
|move|p2b: Glimmora|Earth Power|p1a: Kingambit
|-supereffective|p1a: Kingambit|1
|-damage|p1a: Kingambit|31/100
|
|upkeep
|turn|3
|
|t:|1785972369
|detailschange|p1b: Charizard|Charizard-Mega-Y, L50, F, shiny
|-mega|p1b: Charizard|Charizard|Charizardite Y
|-weather|SunnyDay|[from] ability: Drought|[of] p1b: Charizard
|move|p2b: Glimmora|Spiky Shield|p2b: Glimmora
|-singleturn|p2b: Glimmora|move: Protect
|move|p2a: Mahoraga|Tailwind|p2a: Mahoraga
|-sidestart|p2: BenHonest|move: Tailwind
|move|p1b: Charizard|Heat Wave|p2a: Mahoraga|[spread] 
|-activate|p2b: Glimmora|move: Protect
|-miss|p1b: Charizard|p2a: Mahoraga
|move|p1a: Kingambit|Kowtow Cleave|p2b: Glimmora
|-activate|p2b: Glimmora|move: Protect
|-damage|p1a: Kingambit|19/100|[from] Spiky Shield|[of] p2b: Glimmora
|
|-weather|SunnyDay|[upkeep]
|upkeep
|turn|4
|inactive|BenHonest has 30 seconds left.
|inactive|BenHonest has 20 seconds left.
|inactive|BenHonest has 15 seconds left.
|
|t:|1785972413
|move|p1a: Kingambit|Sucker Punch|p2a: Mahoraga
|-resisted|p2a: Mahoraga|1
|-damage|p2a: Mahoraga|0 fnt
|faint|p2a: Mahoraga
|move|p1b: Charizard|Weather Ball|p2b: Glimmora
|-resisted|p2b: Glimmora|1
|-damage|p2b: Glimmora|0 fnt
|faint|p2b: Glimmora
|
|-weather|SunnyDay|[upkeep]
|-sideend|p1: Pier (Champion)|move: Tailwind
|upkeep
|
|t:|1785972415
|switch|p2b: Gholdengo|Gholdengo, L50|100/100
|switch|p2a: Staraptor|Staraptor, L50, M|100/100
|-ability|p2a: Staraptor|Intimidate|boost
|-unboost|p1a: Kingambit|atk|1
|-ability|p1a: Kingambit|Defiant|boost
|-boost|p1a: Kingambit|atk|2
|-unboost|p1b: Charizard|atk|1
|turn|5
|inactive|BenHonest has 30 seconds left.
|
|t:|1785972441
|detailschange|p2a: Staraptor|Staraptor-Mega, L50, M
|-mega|p2a: Staraptor|Staraptor|Staraptite
|move|p1a: Kingambit|Sucker Punch|p2a: Staraptor
|-resisted|p2a: Staraptor|1
|-damage|p2a: Staraptor|64/100
|move|p2a: Staraptor|Close Combat|p1b: Charizard
|-resisted|p1b: Charizard|1
|-damage|p1b: Charizard|68/100
|-boost|p2a: Staraptor|def|1
|-boost|p2a: Staraptor|spd|1
|move|p2b: Gholdengo|Thunderbolt|p1b: Charizard
|-supereffective|p1b: Charizard|1
|-damage|p1b: Charizard|0 fnt
|faint|p1b: Charizard
|-damage|p2b: Gholdengo|90/100|[from] item: Life Orb
|
|-weather|SunnyDay|[upkeep]
|upkeep
|
|t:|1785972451
|switch|p1b: Basculegion|Basculegion, L50, M|100/100
|-status|p1b: Basculegion|psn
|turn|6
|
|t:|1785972461
|move|p2b: Gholdengo|Protect|p2b: Gholdengo
|-singleturn|p2b: Gholdengo|Protect
|move|p1a: Kingambit|Sucker Punch||[still]
|-fail|p1a: Kingambit
|move|p2a: Staraptor|Close Combat|p1a: Kingambit
|-supereffective|p1a: Kingambit|2
|-damage|p1a: Kingambit|0 fnt
|-boost|p2a: Staraptor|def|1
|-boost|p2a: Staraptor|spd|1
|faint|p1a: Kingambit
|move|p1b: Basculegion|Last Respects|p2a: Staraptor
|-damage|p2a: Staraptor|4/100
|
|-weather|SunnyDay|[upkeep]
|-damage|p1b: Basculegion|87/100 psn|[from] psn
|-sideend|p2: BenHonest|move: Tailwind
|upkeep
|turn|7
|
|t:|1785972485
|move|p1b: Basculegion|Last Respects|p2b: Gholdengo
|-supereffective|p2b: Gholdengo|1
|-damage|p2b: Gholdengo|0 fnt
|faint|p2b: Gholdengo
|move|p2a: Staraptor|Brave Bird|p1b: Basculegion
|-damage|p1b: Basculegion|20/100y psn
|-damage|p2a: Staraptor|0 fnt|[from] Recoil
|faint|p2a: Staraptor
|
|win|Pier (Champion)
