|j|☆huntr/x rumi
|j|☆Solanor
|html|huntr/x rumiSolanor    
|uhtml|bestof|Game 3 of a best-of-3
|t:|1755635946
|gametype|doubles
|player|p1|huntr/x rumi|acetrainerf|1293
|player|p2|Solanor|ltsurge|1210
|gen|9
|tier|[Gen 9] VGC 2025 Reg H (Bo3)
|rated|
|rule|Species Clause: Limit one of each Pokémon
|rule|Item Clause: Limit 1 of each item
|clearpoke
|poke|p1|Whimsicott, L50, M|
|poke|p1|Gholdengo, L50|
|poke|p1|Garchomp, L50, F|
|poke|p1|Ditto, L50|
|poke|p1|Incineroar, L50, F|
|poke|p1|Milotic, L50, F|
|poke|p2|Sneasler, L50, M|
|poke|p2|Dragapult, L50, M|
|poke|p2|Rillaboom, L50, F|
|poke|p2|Kingambit, L50, F|
|poke|p2|Magmar, L50, M|
|poke|p2|Primarina, L50, M|
|teampreview|4
|showteam|p1|Whimsicott||FocusSash|Prankster|Protect,Moonblast,Tailwind,Encore|||M|||50|,,,,,Ghost]Gholdengo||ChoiceSpecs|GoodasGold|MakeItRain,ShadowBall,Protect,Trick||||||50|,,,,,Steel]Garchomp||LifeOrb|RoughSkin|Protect,StompingTantrum,DragonClaw,Earthquake|||F|||50|,,,,,Ground]Ditto||CovertCloak|Imposter|Transform||||||50|,,,,,Grass]Incineroar||SafetyGoggles|Intimidate|FakeOut,FlareBlitz,KnockOff,PartingShot|||F|||50|,,,,,Ghost]Milotic||SitrusBerry|Competitive|IcyWind,Scald,Protect,Haze|||F|||50|,,,,,Grass
|showteam|p2|Sneasler||FocusSash|Unburden|CloseCombat,DireClaw,Protect,FakeOut|||M|||50|,,,,,Ghost]Dragapult||ChoiceBand|ClearBody|DragonDarts,TeraBlast,Uturn,PhantomForce|||M|||50|,,,,,Ghost]Rillaboom||AssaultVest|GrassySurge|FakeOut,HighHorsepower,WoodHammer,GrassyGlide|||F|||50|,,,,,Fire]Kingambit||BlackGlasses|Defiant|SwordsDance,SuckerPunch,KowtowCleave,Protect|||F|||50|,,,,,Dark]Magmar||Eviolite|VitalSpirit|FollowMe,HeatWave,WillOWisp,Protect|||M|||50|,,,,,Ghost]Primarina||SitrusBerry|LiquidVoice|HyperVoice,Moonblast,Haze,Protect|||M|||50|,,,,,Steel
|inactive|Battle timer is ON: inactive players will automatically lose when time's up. (requested by huntr/x rumi)
|
|t:|1755635995
|teamsize|p1|4
|teamsize|p2|4
|start
|switch|p1a: Whimsicott|Whimsicott, L50, M, shiny|100/100
|switch|p1b: Garchomp|Garchomp, L50, F|100/100
|switch|p2a: Magmar|Magmar, L50, M|100/100
|switch|p2b: Kingambit|Kingambit, L50, F|100/100
|turn|1
|
|t:|1755636017
|-terastallize|p2b: Kingambit|Dark
|move|p2b: Kingambit|Sucker Punch|p1b: Garchomp
|-damage|p1b: Garchomp|36/100
|-damage|p2b: Kingambit|88/100|[from] ability: Rough Skin|[of] p1b: Garchomp
|move|p1a: Whimsicott|Moonblast|p2a: Magmar
|-resisted|p2a: Magmar
|-damage|p2a: Magmar|87/100
|-unboost|p2a: Magmar|spa|1
|move|p1b: Garchomp|Dragon Claw|p2a: Magmar
|-damage|p2a: Magmar|48/100
|-damage|p1b: Garchomp|26/100|[from] item: Life Orb
|move|p2a: Magmar|Heat Wave|p1b: Garchomp|[spread] p1a,p1b
|-supereffective|p1a: Whimsicott
|-resisted|p1b: Garchomp
|-damage|p1a: Whimsicott|46/100
|-damage|p1b: Garchomp|18/100
|-status|p1b: Garchomp|brn
|
|-damage|p1b: Garchomp|12/100 brn|[from] brn
|upkeep
|turn|2
|inactive|Solanor has 30 seconds left.
|inactive|Solanor has 20 seconds left.
|
|t:|1755636054
|switch|p2a: Rillaboom|Rillaboom, L50, F|100/100
|-fieldstart|move: Grassy Terrain|[from] ability: Grassy Surge|[of] p2a: Rillaboom
|move|p1a: Whimsicott|Protect|p1a: Whimsicott
|-singleturn|p1a: Whimsicott|Protect
|move|p2b: Kingambit|Sucker Punch||[still]
|-fail|p2b: Kingambit
|move|p1b: Garchomp|Earthquake|p2a: Rillaboom|[spread] p2a,p2b
|-activate|p1a: Whimsicott|move: Protect
|-resisted|p2a: Rillaboom
|-damage|p2a: Rillaboom|94/100
|-damage|p2b: Kingambit|79/100
|-damage|p1b: Garchomp|2/100 brn|[from] item: Life Orb
|
|-heal|p1a: Whimsicott|52/100|[from] Grassy Terrain
|-heal|p1b: Garchomp|8/100 brn|[from] Grassy Terrain
|-heal|p2a: Rillaboom|99/100|[from] Grassy Terrain
|-heal|p2b: Kingambit|85/100|[from] Grassy Terrain
|-damage|p1b: Garchomp|2/100 brn|[from] brn
|upkeep
|turn|3
|inactive|Solanor has 30 seconds left.
|inactive|Solanor has 20 seconds left.
|
|t:|1755636095
|move|p2a: Rillaboom|Grassy Glide|p1b: Garchomp
|-damage|p1b: Garchomp|0 fnt
|-damage|p2a: Rillaboom|88/100|[from] ability: Rough Skin|[of] p1b: Garchomp
|faint|p1b: Garchomp
|move|p2b: Kingambit|Sucker Punch|p1a: Whimsicott
|-resisted|p1a: Whimsicott
|-damage|p1a: Whimsicott|6/100
|move|p1a: Whimsicott|Moonblast|p2b: Kingambit
|-supereffective|p2b: Kingambit
|-damage|p2b: Kingambit|12/100
|-unboost|p2b: Kingambit|spa|1
|-ability|p2b: Kingambit|Defiant|boost
|-boost|p2b: Kingambit|atk|2
|
|-heal|p1a: Whimsicott|12/100|[from] Grassy Terrain
|-heal|p2a: Rillaboom|94/100|[from] Grassy Terrain
|-heal|p2b: Kingambit|18/100|[from] Grassy Terrain
|upkeep
|
|t:|1755636106
|switch|p1b: Gholdengo|Gholdengo, L50|100/100
|turn|4
|l|☆Solanor
|inactive|Solanor disconnected and has a minute to reconnect!
|player|p2|
|inactive|Solanor has 30 seconds left.
|j|☆Solanor
|inactive|Solanor reconnected and has 25 seconds left.
|player|p2|Solanor|ltsurge|
|
|t:|1755636140
|switch|p1a: Ditto|Ditto, L50, shiny|100/100
|-transform|p1a: Ditto|p2b: Kingambit|[from] ability: Imposter
|-terastallize|p1b: Gholdengo|Steel
|move|p2a: Rillaboom|Grassy Glide|p1a: Ditto
|-resisted|p1a: Ditto
|-damage|p1a: Ditto|80/100
|move|p2b: Kingambit|Sucker Punch|p1b: Gholdengo
|-damage|p1b: Gholdengo|0 fnt
|faint|p1b: Gholdengo
|
|-heal|p2a: Rillaboom|99/100|[from] Grassy Terrain
|-heal|p1a: Ditto|86/100|[from] Grassy Terrain
|-heal|p2b: Kingambit|24/100|[from] Grassy Terrain
|upkeep
|
|t:|1755636151
|switch|p1b: Whimsicott|Whimsicott, L50, M, shiny|12/100
|-start|p1a: Ditto|typechange|Dark/Steel|[silent]
|turn|5
|
|t:|1755636168
|move|p1b: Whimsicott|Protect|p1b: Whimsicott
|-singleturn|p1b: Whimsicott|Protect
|move|p2a: Rillaboom|Grassy Glide|p1b: Whimsicott
|-activate|p1b: Whimsicott|move: Protect
|move|p1a: Ditto|Kowtow Cleave|p2a: Rillaboom
|-damage|p2a: Rillaboom|5/100
|move|p2b: Kingambit|Kowtow Cleave|p1b: Whimsicott
|-activate|p1b: Whimsicott|move: Protect
|
|-heal|p1b: Whimsicott|17/100|[from] Grassy Terrain
|-heal|p2a: Rillaboom|10/100|[from] Grassy Terrain
|-heal|p1a: Ditto|91/100|[from] Grassy Terrain
|-heal|p2b: Kingambit|30/100|[from] Grassy Terrain
|upkeep
|turn|6
|inactive|huntr/x rumi has 30 seconds left.
|
|t:|1755636197
|move|p1b: Whimsicott|Protect||[still]
|-fail|p1b: Whimsicott
|move|p2a: Rillaboom|Grassy Glide|p1b: Whimsicott
|-resisted|p1b: Whimsicott
|-damage|p1b: Whimsicott|0 fnt
|faint|p1b: Whimsicott
|move|p2b: Kingambit|Kowtow Cleave|p1a: Ditto
|-resisted|p1a: Ditto
|-damage|p1a: Ditto|11/100
|move|p1a: Ditto|Kowtow Cleave|p2a: Rillaboom
|-damage|p2a: Rillaboom|0 fnt
|faint|p2a: Rillaboom
|
|-heal|p2b: Kingambit|36/100|[from] Grassy Terrain
|-heal|p1a: Ditto|17/100|[from] Grassy Terrain
|-fieldend|move: Grassy Terrain
|upkeep
|
|t:|1755636202
|switch|p2a: Sneasler|Sneasler, L50, M|100/100
|turn|7
|-message|huntr/x rumi forfeited.
|
|win|Solanor
|raw|huntr/x rumi's rating: 1293 → 1262(-31 for losing)
|raw|Solanor's rating: 1210 → 1241(+31 for winning)
|l|☆Solanor
|player|p2|
