|j|☆helio list
|j|☆dtcha
|html|helio listdtcha    
|uhtml|bestof|Game 2 of a best-of-3
|t:|1785351530
|gametype|doubles
|player|p1|helio list|266|1393
|player|p2|dtcha|170|1357
|gen|9
|tier|[Gen 9 Champions] VGC 2026 Reg M-B (Bo3)
|rated|
|rule|Species Clause: Limit one of each Pokémon
|rule|Item Clause: Limit 1 of each item
|clearpoke
|poke|p1|Garchomp, L50, M|
|poke|p1|Talonflame, L50, M|
|poke|p1|Floette-Eternal, L50, F|
|poke|p1|Vivillon-Pokeball, L50, M|
|poke|p1|Kingambit, L50, F|
|poke|p1|Sneasler, L50, F|
|poke|p2|Staraptor, L50, M|
|poke|p2|Tyranitar, L50, M|
|poke|p2|Excadrill, L50, F|
|poke|p2|Milotic, L50, F|
|poke|p2|Sinistcha, L50|
|poke|p2|Gholdengo, L50|
|teampreview|4
|showteam|p1|Garchomp||LifeOrb|RoughSkin|Earthquake,RockSlide,DragonClaw,Protect|Jolly||M|||50|]Talonflame||SharpBeak|GaleWings|DualWingbeat,FlareBlitz,Tailwind,Protect|Jolly||M|||50|]Floette-Eternal||Floettite|FlowerVeil|CalmMind,Protect,LightofRuin,DazzlingGleam|Modest||F|||50|]Vivillon-Pokeball||ChoiceScarf|CompoundEyes|SleepPowder,Tailwind,RagePowder,Hurricane|Timid||M|||50|]Kingambit||OccaBerry|Defiant|SuckerPunch,KowtowCleave,IronHead,Protect|Adamant||F|||50|]Sneasler||FocusSash|PoisonTouch|FakeOut,CloseCombat,GunkShot,Protect|Jolly||F|||50|
|showteam|p2|Staraptor||Staraptite|Intimidate|CloseCombat,BraveBird,Tailwind,Protect|Jolly||M|||50|]Tyranitar||Tyranitarite|SandStream|KnockOff,RockSlide,HighHorsepower,Protect|Jolly||M|||50|]Excadrill||FocusSash|SandRush|Earthquake,IronHead,RockSlide,Protect|Adamant||F|||50|]Milotic||SitrusBerry|Competitive|Scald,IcyWind,Haze,Protect|Calm||F|||50|]Sinistcha||ColburBerry|Hospitality|MatchaGotcha,ShadowBall,Protect,RagePowder|Bold|||||50|]Gholdengo||LifeOrb|GoodasGold|MakeItRain,ShadowBall,NastyPlot,Protect|Modest|||||50|
|inactive|Battle timer is ON: inactive players will automatically lose when time's up. (requested by helio list)
|inactive|dtcha has 60 seconds left.
|
|t:|1785351585
|teamsize|p1|4
|teamsize|p2|4
|start
|switch|p1a: Sneasler|Sneasler, L50, F|100/100
|switch|p1b: Kingambit|Kingambit, L50, F|100/100
|switch|p2a: Tyranitar|Tyranitar, L50, M|100/100
|switch|p2b: Excadrill|Excadrill, L50, F|100/100
|-weather|Sandstorm|[from] ability: Sand Stream|[of] p2a: Tyranitar
|turn|1
|inactive|helio list has 30 seconds left.
|inactive|helio list has 20 seconds left.
|
|t:|1785351622
|switch|p1a: Garchomp|Garchomp, L50, M|100/100
|move|p2b: Excadrill|Protect|p2b: Excadrill
|-singleturn|p2b: Excadrill|Protect
|move|p2a: Tyranitar|Protect|p2a: Tyranitar
|-singleturn|p2a: Tyranitar|Protect
|move|p1b: Kingambit|Iron Head|p2a: Tyranitar
|-activate|p2a: Tyranitar|move: Protect
|
|-weather|Sandstorm|[upkeep]
|upkeep
|turn|2
|inactive|dtcha has 30 seconds left.
|inactive|dtcha has 20 seconds left.
|
|t:|1785351659
|switch|p2b: Milotic|Milotic, L50, F|100/100
|switch|p2a: Staraptor|Staraptor, L50, M|100/100
|-ability|p2a: Staraptor|Intimidate|boost
|-unboost|p1a: Garchomp|atk|1
|-unboost|p1b: Kingambit|atk|1
|-ability|p1b: Kingambit|Defiant|boost
|-boost|p1b: Kingambit|atk|2
|move|p1b: Kingambit|Protect|p1b: Kingambit
|-singleturn|p1b: Kingambit|Protect
|move|p1a: Garchomp|Earthquake|p2b: Milotic|[spread] p2b
|-activate|p1b: Kingambit|move: Protect
|-immune|p2a: Staraptor
|-damage|p2b: Milotic|66/100
|-damage|p1a: Garchomp|90/100|[from] item: Life Orb
|
|-weather|Sandstorm|[upkeep]
|-damage|p2a: Staraptor|94/100|[from] Sandstorm
|-damage|p2b: Milotic|60/100|[from] Sandstorm
|upkeep
|turn|3
|
|t:|1785351683
|detailschange|p2a: Staraptor|Staraptor-Mega, L50, M
|-mega|p2a: Staraptor|Staraptor|Staraptite
|move|p1b: Kingambit|Sucker Punch|p2b: Milotic
|-damage|p2b: Milotic|3/100
|-enditem|p2b: Milotic|Sitrus Berry|[eat]
|-heal|p2b: Milotic|27/100|[from] item: Sitrus Berry
|move|p2a: Staraptor|Close Combat|p1b: Kingambit
|-supereffective|p1b: Kingambit|2
|-damage|p1b: Kingambit|0 fnt
|-boost|p2a: Staraptor|def|1
|-boost|p2a: Staraptor|spd|1
|faint|p1b: Kingambit
|move|p1a: Garchomp|Rock Slide|p2b: Milotic|[spread] p2a,p2b
|-damage|p2a: Staraptor|83/100
|-damage|p2b: Milotic|11/100
|-damage|p1a: Garchomp|80/100|[from] item: Life Orb
|move|p2b: Milotic|Icy Wind|p1a: Garchomp
|-supereffective|p1a: Garchomp|2
|-damage|p1a: Garchomp|24/100
|-unboost|p1a: Garchomp|spe|1
|
|-weather|Sandstorm|[upkeep]
|-damage|p2a: Staraptor|77/100|[from] Sandstorm
|-damage|p2b: Milotic|5/100|[from] Sandstorm
|upkeep
|
|t:|1785351694
|switch|p1b: Talonflame|Talonflame, L50, M|100/100
|turn|4
|inactive|dtcha has 30 seconds left.
|
|t:|1785351722
|move|p1b: Talonflame|Tailwind|p1b: Talonflame
|-sidestart|p1: helio list|move: Tailwind
|move|p1a: Garchomp|Rock Slide|p2b: Milotic|[spread] p2a,p2b
|-damage|p2a: Staraptor|67/100
|-damage|p2b: Milotic|0 fnt
|faint|p2b: Milotic
|-damage|p1a: Garchomp|14/100|[from] item: Life Orb
|move|p2a: Staraptor|Brave Bird|p1a: Garchomp
|-damage|p1a: Garchomp|0 fnt
|-damage|p2a: Staraptor|55/100|[from] ability: Rough Skin|[of] p1a: Garchomp
|faint|p1a: Garchomp
|-damage|p2a: Staraptor|50/100g|[from] Recoil
|
|-weather|Sandstorm|[upkeep]
|-damage|p1b: Talonflame|94/100|[from] Sandstorm
|-damage|p2a: Staraptor|44/100|[from] Sandstorm
|upkeep
|
|t:|1785351746
|switch|p1a: Sneasler|Sneasler, L50, F|100/100
|switch|p2b: Excadrill|Excadrill, L50, F|100/100
|turn|5
|
|t:|1785351771
|move|p2b: Excadrill|Protect|p2b: Excadrill
|-singleturn|p2b: Excadrill|Protect
|move|p2a: Staraptor|Protect|p2a: Staraptor
|-singleturn|p2a: Staraptor|Protect
|move|p1a: Sneasler|Fake Out|p2b: Excadrill
|-activate|p2b: Excadrill|move: Protect
|move|p1b: Talonflame|Dual Wingbeat|p2a: Staraptor
|-activate|p2a: Staraptor|move: Protect
|
|-weather|none
|upkeep
|turn|6
|
|t:|1785351794
|move|p1b: Talonflame|Dual Wingbeat|p2a: Staraptor
|-supereffective|p2a: Staraptor|1
|-damage|p2a: Staraptor|22/100
|-supereffective|p2a: Staraptor|1
|-damage|p2a: Staraptor|0 fnt
|faint|p2a: Staraptor
|-hitcount|p2: Staraptor|2
|move|p1a: Sneasler|Close Combat|p2b: Excadrill
|-supereffective|p2b: Excadrill|1
|-enditem|p2b: Excadrill|Focus Sash
|-damage|p2b: Excadrill|1/100
|-unboost|p1a: Sneasler|def|1
|-unboost|p1a: Sneasler|spd|1
|move|p2b: Excadrill|Rock Slide|p1a: Sneasler|[spread] p1a,p1b
|-resisted|p1a: Sneasler|1
|-supereffective|p1b: Talonflame|2
|-damage|p1a: Sneasler|70/100
|-damage|p1b: Talonflame|0 fnt
|faint|p1b: Talonflame
|
|upkeep
|-message|helio list forfeited.
|
|win|dtcha
||helio list is ready for game 3.
|inactive|dtcha has 30 seconds to confirm battle start!
||dtcha is ready for game 3.
|uhtml|next|Next: Game 3 of 3
|l|☆helio list
|player|p1|
