|j|☆ScuffedMike
|j|☆Aaksu
|html|ScuffedMikeAaksu    
|uhtml|bestof|Game 2 of a best-of-3
|t:|1782530303
|gametype|doubles
|player|p1|ScuffedMike|hilbert-wonderlauncher|1034
|player|p2|Aaksu|skier|1056
|gen|9
|tier|[Gen 9 Champions] VGC 2026 Reg M-B (Bo3)
|rated|
|rule|Species Clause: Limit one of each Pokémon
|rule|Item Clause: Limit 1 of each item
|clearpoke
|poke|p1|Ninetales-Alola, L50, F|
|poke|p1|Eelektross, L50, F|
|poke|p1|Talonflame, L50, M|
|poke|p1|Tsareena, L50, F|
|poke|p1|Gholdengo, L50|
|poke|p1|Garchomp, L50, F|
|poke|p2|Sinistcha, L50|
|poke|p2|Pelipper, L50, F|
|poke|p2|Palafin, L50, F|
|poke|p2|Kingambit, L50, F|
|poke|p2|Basculegion, L50, M|
|poke|p2|Incineroar, L50, F|
|teampreview|4
|showteam|p1|Ninetales-Alola||LightClay|SnowWarning|AuroraVeil,Blizzard,DazzlingGleam,Protect|Timid||F|||50|]Eelektross||Eelektrossite|Levitate|Discharge,GigaDrain,Hex,Protect|Modest||F|||50|]Talonflame|||GaleWings|Tailwind,Acrobatics,TemperFlare,Protect|Jolly||M|||50|]Tsareena||OccaBerry|QueenlyMajesty|TropKick,LowKick,TripleAxel,Taunt|Adamant||F|||50|]Gholdengo||LifeOrb|GoodasGold|MakeItRain,ShadowBall,PowerGem,Protect|Timid|||||50|]Garchomp||SitrusBerry|RoughSkin|Earthquake,DragonClaw,RockTomb,Protect|Jolly||F|||50|
|showteam|p2|Sinistcha||KasibBerry|Hospitality|RagePowder,MatchaGotcha,LifeDew,Scald|Bold|||||50|]Pelipper||FocusSash|Drizzle|Hurricane,WeatherBall,Tailwind,WideGuard|Modest||F|||50|]Palafin||MysticWater|ZerotoHero|JetPunch,FlipTurn,Protect,CloseCombat|Jolly||F|||50|]Kingambit||BlackGlasses|Defiant|SuckerPunch,KowtowCleave,Protect,IronHead|Adamant||F|||50|]Basculegion||ChoiceScarf|Adaptability|LastRespects,WaveCrash,AquaJet,FlipTurn|Jolly||M|||50|]Incineroar||SitrusBerry|Intimidate|ThroatChop,PartingShot,FakeOut,FlareBlitz|Adamant||F|||50|
|inactive|Battle timer is ON: inactive players will automatically lose when time's up. (requested by Aaksu)
|
|t:|1782530323
|teamsize|p1|4
|teamsize|p2|4
|start
|switch|p1a: Talonflame|Talonflame, L50, M|100/100
|switch|p1b: Garchomp|Garchomp, L50, F|100/100
|switch|p2a: Palafin|Palafin, L50, F|100/100
|switch|p2b: Pelipper|Pelipper, L50, F|100/100
|-weather|RainDance|[from] ability: Drizzle|[of] p2b: Pelipper
|turn|1
|
|t:|1782530337
|move|p1a: Talonflame|Tailwind|p1a: Talonflame
|-sidestart|p1: ScuffedMike|move: Tailwind
|move|p1b: Garchomp|Rock Tomb|p2b: Pelipper
|-supereffective|p2b: Pelipper|1
|-damage|p2b: Pelipper|59/100
|-unboost|p2b: Pelipper|spe|1
|move|p2a: Palafin|Flip Turn|p1a: Talonflame
|-supereffective|p1a: Talonflame|1
|-crit|p1a: Talonflame
|-damage|p1a: Talonflame|0 fnt
|faint|p1a: Talonflame
|
|t:|1782530348
|detailschange|p2a: Palafin|Palafin-Hero, L50, F
|switch|p2a: Incineroar|Incineroar, L50, F|100/100|[from] Flip Turn
|-ability|p2a: Incineroar|Intimidate|boost
|-unboost|p1b: Garchomp|atk|1
|move|p2b: Pelipper|Tailwind|p2b: Pelipper
|-sidestart|p2: Aaksu|move: Tailwind
|
|-weather|RainDance|[upkeep]
|upkeep
|
|t:|1782530353
|switch|p1a: Eelektross|Eelektross, L50, F|100/100
|turn|2
|
|t:|1782530367
|detailschange|p1a: Eelektross|Eelektross-Mega, L50, F
|-mega|p1a: Eelektross|Eelektross|Eelektrossite
|move|p2a: Incineroar|Fake Out|p1a: Eelektross
|-damage|p1a: Eelektross|83/100
|move|p1b: Garchomp|Earthquake|p2b: Pelipper|[spread] p2a
|-immune|p1a: Eelektross|[from] ability: Levitate
|-immune|p2b: Pelipper
|-supereffective|p2a: Incineroar|1
|-damage|p2a: Incineroar|55/100
|cant|p1a: Eelektross|flinch
|move|p2b: Pelipper|Hurricane|p1b: Garchomp
|-crit|p1b: Garchomp
|-damage|p1b: Garchomp|21/100
|-enditem|p1b: Garchomp|Sitrus Berry|[eat]
|-heal|p1b: Garchomp|46/100|[from] item: Sitrus Berry
|
|-weather|RainDance|[upkeep]
|upkeep
|turn|3
|
|t:|1782530390
|move|p1b: Garchomp|Earthquake|p2a: Incineroar|[spread] p2a
|-immune|p1a: Eelektross|[from] ability: Levitate
|-immune|p2b: Pelipper
|-supereffective|p2a: Incineroar|1
|-damage|p2a: Incineroar|7/100
|-enditem|p2a: Incineroar|Sitrus Berry|[eat]
|-heal|p2a: Incineroar|32/100|[from] item: Sitrus Berry
|move|p1a: Eelektross|Discharge|p2a: Incineroar|[spread] p2a,p2b
|-immune|p1b: Garchomp
|-supereffective|p2b: Pelipper|2
|-damage|p2a: Incineroar|1/100
|-damage|p2b: Pelipper|0 fnt
|faint|p2b: Pelipper
|-ability|p1a: Eelektross|Eelevate|boost
|-boost|p1a: Eelektross|spa|1
|move|p2a: Incineroar|Flare Blitz|p1a: Eelektross
|-damage|p1a: Eelektross|48/100
|-status|p1a: Eelektross|brn
|-damage|p2a: Incineroar|0 fnt|[from] Recoil
|faint|p2a: Incineroar
|
|-weather|RainDance|[upkeep]
|-damage|p1a: Eelektross|42/100 brn|[from] brn
|upkeep
|
|t:|1782530403
|switch|p2b: Palafin|Palafin-Hero, L50, F|100/100
|switch|p2a: Sinistcha|Sinistcha, L50|100/100
|-activate|p2b: Palafin|ability: Zero to Hero
|turn|4
|inactive|Aaksu has 30 seconds left.
|
|t:|1782530428
|move|p1b: Garchomp|Earthquake|p2b: Palafin|[spread] p2a,p2b
|-immune|p1a: Eelektross|[from] ability: Levitate
|-resisted|p2a: Sinistcha|1
|-damage|p2a: Sinistcha|92/100
|-damage|p2b: Palafin|74/100
|move|p2b: Palafin|Close Combat|p1a: Eelektross
|-damage|p1a: Eelektross|0 fnt
|-unboost|p2b: Palafin|def|1
|-unboost|p2b: Palafin|spd|1
|faint|p1a: Eelektross
|move|p2a: Sinistcha|Matcha Gotcha|p1b: Garchomp
|-damage|p1b: Garchomp|14/100
|-heal|p2a: Sinistcha|100/100|[from] drain|[of] p1b: Garchomp
|
|-weather|RainDance|[upkeep]
|-sideend|p1: ScuffedMike|move: Tailwind
|-sideend|p2: Aaksu|move: Tailwind
|upkeep
|
|t:|1782530432
|switch|p1a: Tsareena|Tsareena, L50, F|100/100
|turn|5
|
|t:|1782530454
|move|p1b: Garchomp|Protect|p1b: Garchomp
|-singleturn|p1b: Garchomp|Protect
|move|p2a: Sinistcha|Rage Powder|p2a: Sinistcha
|-singleturn|p2a: Sinistcha|move: Rage Powder
|move|p2b: Palafin|Jet Punch||[still]
|cant|p1a: Tsareena|ability: Queenly Majesty|Jet Punch|[of] p2b: Palafin
|move|p1a: Tsareena|Trop Kick|p2b: Palafin
|-supereffective|p2b: Palafin|1
|-damage|p2b: Palafin|0 fnt
|faint|p2b: Palafin
|
|-weather|none
|upkeep
|turn|6
|
|t:|1782530459
|move|p1b: Garchomp|Dragon Claw|p2a: Sinistcha
|-damage|p2a: Sinistcha|80/100
|move|p1a: Tsareena|Triple Axel|p2a: Sinistcha
|-supereffective|p2a: Sinistcha|1
|-damage|p2a: Sinistcha|69/100
|-supereffective|p2a: Sinistcha|1
|-damage|p2a: Sinistcha|49/100
|-supereffective|p2a: Sinistcha|1
|-damage|p2a: Sinistcha|21/100
|-hitcount|p2a: Sinistcha|3
|move|p2a: Sinistcha|Matcha Gotcha|p1b: Garchomp|[spread] p1a,p1b
|-resisted|p1a: Tsareena|1
|-damage|p1a: Tsareena|87/100
|-heal|p2a: Sinistcha|27/100|[from] drain|[of] p1a: Tsareena
|-damage|p1b: Garchomp|0 fnt
|-heal|p2a: Sinistcha|35/100|[from] drain|[of] p1b: Garchomp
|faint|p1b: Garchomp
|
|upkeep
|turn|7
|
|t:|1782530481
|move|p1a: Tsareena|Triple Axel|p2a: Sinistcha
|-supereffective|p2a: Sinistcha|1
|-damage|p2a: Sinistcha|24/100
|-supereffective|p2a: Sinistcha|1
|-damage|p2a: Sinistcha|1/100
|-supereffective|p2a: Sinistcha|1
|-damage|p2a: Sinistcha|0 fnt
|faint|p2a: Sinistcha
|-hitcount|p2: Sinistcha|3
|
|win|ScuffedMike
|raw|ScuffedMike's rating: 1034 → 1071(+37 for winning)
|raw|Aaksu's rating: 1056 → 1036(-20 for losing)
|l|☆Aaksu
|player|p2|
