|j|☆predahound
|j|☆saboyita
|html|predahoundsaboyita    
|uhtml|bestof|Game 3 of a best-of-3
|t:|1756334425
|gametype|doubles
|player|p1|predahound|volkner|1181
|player|p2|saboyita|grimsley|1082
|gen|9
|tier|[Gen 9] VGC 2025 Reg H (Bo3)
|rated|
|rule|Species Clause: Limit one of each Pokémon
|rule|Item Clause: Limit 1 of each item
|clearpoke
|poke|p1|Ursaluna-Bloodmoon, L50, M|
|poke|p1|Rillaboom, L50, F|
|poke|p1|Incineroar, L50, F|
|poke|p1|Electabuzz, L50, F|
|poke|p1|Annihilape, L50, F|
|poke|p1|Pelipper, L50, M|
|poke|p2|Amoonguss, L50, M|
|poke|p2|Hydreigon, L50, F|
|poke|p2|Whimsicott, L50, F|
|poke|p2|Maushold-Four, L50|
|poke|p2|Annihilape, L50, F|
|poke|p2|Ursaluna-Bloodmoon, L50, M|
|teampreview|4
|showteam|p1|Ursaluna-Bloodmoon||Leftovers|MindsEye|HyperVoice,EarthPower,CalmMind,Protect|||M|||50|,,,,,Normal]Rillaboom||AssaultVest|GrassySurge|FakeOut,GrassyGlide,KnockOff,Uturn|||F|||50|,,,,,Fire]Incineroar||FigyBerry|Intimidate|FakeOut,KnockOff,PartingShot,WillOWisp|||F|||50|,,,,,Dragon]Electabuzz||Eviolite|VitalSpirit|Electroweb,FollowMe,EerieImpulse,Protect|||F|||50|,,,,,Ghost]Annihilape||SafetyGoggles|Defiant|DrainPunch,RageFist,BulkUp,Protect|||F|||50|,,,,,Poison]Pelipper||FocusSash|Drizzle|MuddyWater,Hurricane,Tailwind,Protect|||M|||50|,,,,,Ground
|showteam|p2|Amoonguss||MentalHerb|Regenerator|ClearSmog,Spore,RagePowder,Protect|||M|||50|,,,,,Water]Hydreigon||ChoiceSpecs|Levitate|Snarl,HeatWave,DarkPulse,DracoMeteor|||F|||50|,,,,,Ghost]Whimsicott||CovertCloak|Prankster|BeatUp,Encore,HelpingHand,Tailwind|||F|||50|,,,,,Dark]Maushold-Four||WideLens|Technician|PopulationBomb,Taunt,FollowMe,Protect||||||50|,,,,,Ghost]Annihilape||Leftovers|Defiant|RageFist,CloseCombat,FinalGambit,Protect|||F|||50|,,,,,Water]Ursaluna-Bloodmoon||LifeOrb|MindsEye|HyperVoice,EarthPower,BloodMoon,Protect|||M|||50|,,,,,Water
|inactive|Battle timer is ON: inactive players will automatically lose when time's up. (requested by saboyita)
|inactive|predahound has 60 seconds left.
|inactive|saboyita has 60 seconds left.
|inactive|saboyita has 30 seconds left.
|
|t:|1756334488
|teamsize|p1|4
|teamsize|p2|4
|start
|switch|p1a: Rillaboom|Rillaboom, L50, F|100/100
|switch|p1b: Electabuzz|Electabuzz, L50, F|100/100
|switch|p2a: Annihilape|Annihilape, L50, F|100/100
|switch|p2b: Ursaluna|Ursaluna-Bloodmoon, L50, M|100/100
|-fieldstart|move: Grassy Terrain|[from] ability: Grassy Surge|[of] p1a: Rillaboom
|turn|1
|inactive|predahound has 30 seconds left.
|inactive|saboyita has 30 seconds left.
|inactive|predahound has 20 seconds left.
|inactive|predahound has 15 seconds left.
|inactive|predahound has 10 seconds left.
|
|t:|1756334536
|switch|p2b: Maushold|Maushold-Four, L50|100/100
|move|p1a: Rillaboom|Grassy Glide|p2a: Annihilape
|-damage|p2a: Annihilape|58/100
|move|p2a: Annihilape|Final Gambit|p1b: Electabuzz
|-damage|p1b: Electabuzz|33/100
|faint|p2a: Annihilape
|move|p1b: Electabuzz|Eerie Impulse|p2b: Maushold
|-unboost|p2b: Maushold|spa|2
|
|-heal|p1b: Electabuzz|39/100|[from] Grassy Terrain
|upkeep
|
|t:|1756334555
|switch|p2a: Hydreigon|Hydreigon, L50, F|100/100
|turn|2
|
|t:|1756334575
|move|p2b: Maushold|Protect|p2b: Maushold
|-singleturn|p2b: Maushold|Protect
|move|p1b: Electabuzz|Protect|p1b: Electabuzz
|-singleturn|p1b: Electabuzz|Protect
|move|p2a: Hydreigon|Dark Pulse|p1b: Electabuzz
|-activate|p1b: Electabuzz|move: Protect
|move|p1a: Rillaboom|U-turn|p2b: Maushold
|-activate|p2b: Maushold|move: Protect
|
|-heal|p1b: Electabuzz|45/100|[from] Grassy Terrain
|upkeep
|turn|3
|inactive|saboyita has 30 seconds left.
|
|t:|1756334602
|switch|p2a: Ursaluna|Ursaluna-Bloodmoon, L50, M|100/100
|switch|p1b: Pelipper|Pelipper, L50, M|100/100
|-weather|RainDance|[from] ability: Drizzle|[of] p1b: Pelipper
|move|p2b: Maushold|Population Bomb|p1a: Rillaboom
|-damage|p1a: Rillaboom|90/100
|-damage|p1a: Rillaboom|80/100
|-damage|p1a: Rillaboom|69/100
|-damage|p1a: Rillaboom|59/100
|-damage|p1a: Rillaboom|48/100
|-damage|p1a: Rillaboom|39/100
|-damage|p1a: Rillaboom|28/100
|-damage|p1a: Rillaboom|18/100
|-damage|p1a: Rillaboom|7/100
|-crit|p1a: Rillaboom
|-damage|p1a: Rillaboom|0 fnt
|faint|p1a: Rillaboom
|-hitcount|p1: Rillaboom|10
|
|-weather|RainDance|[upkeep]
|upkeep
|
|t:|1756334616
|switch|p1a: Ursaluna|Ursaluna-Bloodmoon, L50, M|100/100
|turn|4
|inactive|predahound has 30 seconds left.
|inactive|saboyita has 30 seconds left.
|
|t:|1756334647
|-terastallize|p2a: Ursaluna|Water
|move|p2b: Maushold|Population Bomb|p1b: Pelipper
|-damage|p1b: Pelipper|85/100
|-damage|p1b: Pelipper|70/100
|-damage|p1b: Pelipper|56/100
|-damage|p1b: Pelipper|40/100
|-damage|p1b: Pelipper|25/100
|-damage|p1b: Pelipper|9/100
|-hitcount|p1b: Pelipper|6
|move|p1b: Pelipper|Tailwind|p1b: Pelipper
|-sidestart|p1: predahound|move: Tailwind
|move|p1a: Ursaluna|Calm Mind|p1a: Ursaluna
|-boost|p1a: Ursaluna|spa|1
|-boost|p1a: Ursaluna|spd|1
|move|p2a: Ursaluna|Hyper Voice|p1a: Ursaluna|[spread] p1a,p1b
|-damage|p1a: Ursaluna|67/100
|-damage|p1b: Pelipper|0 fnt
|faint|p1b: Pelipper
|-damage|p2a: Ursaluna|91/100|[from] item: Life Orb
|
|-weather|RainDance|[upkeep]
|-heal|p1a: Ursaluna|73/100|[from] Grassy Terrain
|-heal|p1a: Ursaluna|79/100|[from] item: Leftovers
|-heal|p2a: Ursaluna|97/100|[from] Grassy Terrain
|upkeep
|
|t:|1756334652
|switch|p1b: Electabuzz|Electabuzz, L50, F|45/100
|turn|5
|inactive|saboyita has 30 seconds left.
|inactive|saboyita has 20 seconds left.
|inactive|saboyita has 15 seconds left.
|
|t:|1756334694
|-terastallize|p1a: Ursaluna|Normal
|move|p1b: Electabuzz|Electroweb|p2a: Ursaluna|[spread] p2a,p2b
|-supereffective|p2a: Ursaluna
|-crit|p2b: Maushold
|-damage|p2a: Ursaluna|62/100
|-damage|p2b: Maushold|70/100
|-unboost|p2a: Ursaluna|spe|1
|-unboost|p2b: Maushold|spe|1
|move|p1a: Ursaluna|Hyper Voice|p2b: Maushold|[spread] p2a,p2b
|-damage|p2a: Ursaluna|0 fnt
|-damage|p2b: Maushold|0 fnt
|faint|p2a: Ursaluna
|faint|p2b: Maushold
|
|-weather|RainDance|[upkeep]
|-heal|p1b: Electabuzz|50/100|[from] Grassy Terrain
|-heal|p1a: Ursaluna|86/100|[from] Grassy Terrain
|-heal|p1a: Ursaluna|92/100|[from] item: Leftovers
|-fieldend|move: Grassy Terrain
|upkeep
|
|t:|1756334704
|switch|p2b: Hydreigon|Hydreigon, L50, F|100/100
|turn|6
|
|t:|1756334720
|move|p1b: Electabuzz|Eerie Impulse|p2b: Hydreigon
|-unboost|p2b: Hydreigon|spa|2
|move|p1a: Ursaluna|Hyper Voice|p2b: Hydreigon
|-damage|p2b: Hydreigon|0 fnt
|faint|p2b: Hydreigon
|
|win|predahound
|raw|predahound's rating: 1181 → 1199(+18 for winning)
|raw|saboyita's rating: 1082 → 1066(-16 for losing)
