|j|☆Pzdns99
|j|☆Urkin' Pincurchin
|html|Pzdns99Urkin' Pincurchin    
|uhtml|bestof|Game 1 of a best-of-3
|t:|1756693367
|gametype|doubles
|player|p1|Pzdns99|grimsley|1207
|player|p2|Urkin' Pincurchin|fisherman-gen4|1324
|gen|9
|tier|[Gen 9] VGC 2025 Reg H (Bo3)
|rated|
|rule|Species Clause: Limit one of each Pokémon
|rule|Item Clause: Limit 1 of each item
|clearpoke
|poke|p1|Lumineon, L50, F|
|poke|p1|Pelipper, L50, M|
|poke|p1|Archaludon, L50, F|
|poke|p1|Amoonguss, L50, F|
|poke|p1|Kingambit, L50, F|
|poke|p1|Weavile, L50, M|
|poke|p2|Ninetales-Alola, L50, F|
|poke|p2|Dragonite, L50, M|
|poke|p2|Incineroar, L50, M|
|poke|p2|Annihilape, L50, M|
|poke|p2|Gholdengo, L50|
|poke|p2|Ursaluna-Bloodmoon, L50, M|
|teampreview|4
|showteam|p1|Lumineon||CovertCloak|SwiftSwim|FlipTurn,Tailwind,Encore,RainDance|||F|||50|,,,,,Grass]Pelipper||ChoiceSpecs|Drizzle|Hurricane,MuddyWater,WeatherBall,Uturn|||M|||50|,,,,,Ghost]Archaludon||AssaultVest|Stamina|ElectroShot,BodyPress,Snarl,DracoMeteor|||F|||50|,,,,,Grass]Amoonguss||SitrusBerry|Regenerator|PollenPuff,Protect,RagePowder,Spore|||F|||50|,,,,,Psychic]Kingambit||SafetyGoggles|Defiant|KowtowCleave,SuckerPunch,SwordsDance,Protect|||F|||50|,,,,,Ghost]Weavile||FocusSash|Pickpocket|Taunt,TripleAxel,KnockOff,Protect|||M|||50|,,,,,Ghost
|showteam|p2|Ninetales-Alola||FocusSash|SnowWarning|Blizzard,IcyWind,Protect,Encore|||F|||50|,,,,,Ice]Dragonite||LoadedDice|Multiscale|ScaleShot,Tailwind,Protect,Haze|||M|||50|,,,,,Fairy]Incineroar||SafetyGoggles|Intimidate|FlareBlitz,KnockOff,FakeOut,PartingShot|||M|||50|,,,,,Ghost]Annihilape||SitrusBerry|Defiant|CloseCombat,RageFist,FinalGambit,Taunt|||M|||50|,,,,,Grass]Gholdengo||LifeOrb|GoodasGold|MakeItRain,ShadowBall,Protect,NastyPlot||||||50|,,,,,Water]Ursaluna-Bloodmoon||AssaultVest|MindsEye|BloodMoon,EarthPower,VacuumWave,HyperVoice|||M|||50|,,,,,Water
|inactive|Battle timer is ON: inactive players will automatically lose when time's up. (requested by Urkin' Pincurchin)
|j| GasCanner
|inactive|Pzdns99 has 60 seconds left.
|inactive|Urkin' Pincurchin has 60 seconds left.
|inactive|Urkin' Pincurchin has 30 seconds left.
|inactive|Urkin' Pincurchin has 20 seconds left.
|j| teamthief420
|inactive|Urkin' Pincurchin has 15 seconds left.
|l| GasCanner
|inactive|Urkin' Pincurchin has 10 seconds left.
|inactive|Urkin' Pincurchin has 5 seconds left.
|
|t:|1756693456
|teamsize|p1|4
|teamsize|p2|4
|start
|switch|p1a: Amoonguss|Amoonguss, L50, F|100/100
|switch|p1b: Kingambit|Kingambit, L50, F|100/100
|switch|p2a: Ninetales|Ninetales-Alola, L50, F|100/100
|switch|p2b: Ursaluna|Ursaluna-Bloodmoon, L50, M|100/100
|-weather|Snowscape|[from] ability: Snow Warning|[of] p2a: Ninetales
|turn|1
|
|t:|1756693478
|move|p1b: Kingambit|Protect|p1b: Kingambit
|-singleturn|p1b: Kingambit|Protect
|move|p2a: Ninetales|Blizzard|p1a: Amoonguss|[spread] p1a
|-activate|p1b: Kingambit|move: Protect
|-supereffective|p1a: Amoonguss
|-damage|p1a: Amoonguss|58/100
|move|p2b: Ursaluna|Blood Moon|p1a: Amoonguss
|-damage|p1a: Amoonguss|7/100
|-enditem|p1a: Amoonguss|Sitrus Berry|[eat]
|-heal|p1a: Amoonguss|32/100|[from] item: Sitrus Berry
|move|p1a: Amoonguss|Spore|p2b: Ursaluna
|-status|p2b: Ursaluna|slp|[from] move: Spore
|
|-weather|Snowscape|[upkeep]
|upkeep
|turn|2
|inactive|Pzdns99 has 30 seconds left.
|
|t:|1756693503
|switch|p1a: Lumineon|Lumineon, L50, F|100/100
|move|p1b: Kingambit|Sucker Punch||[still]
|-fail|p1b: Kingambit
|move|p2a: Ninetales|Encore|p1b: Kingambit
|-start|p1b: Kingambit|Encore
|cant|p2b: Ursaluna|slp
|
|-weather|Snowscape|[upkeep]
|upkeep
|turn|3
|
|t:|1756693524
|switch|p2a: Annihilape|Annihilape, L50, M|100/100
|switch|p1b: Pelipper|Pelipper, L50, M|100/100
|-weather|RainDance|[from] ability: Drizzle|[of] p1b: Pelipper
|cant|p2b: Ursaluna|slp
|move|p1a: Lumineon|Tailwind|p1a: Lumineon
|-sidestart|p1: Pzdns99|move: Tailwind
|
|-weather|RainDance|[upkeep]
|upkeep
|turn|4
|
|t:|1756693538
|switch|p2a: Ninetales|Ninetales-Alola, L50, F|100/100
|-weather|Snowscape|[from] ability: Snow Warning|[of] p2a: Ninetales
|-terastallize|p2b: Ursaluna|Water
|move|p1a: Lumineon|Rain Dance|p1a: Lumineon
|-weather|RainDance
|move|p1b: Pelipper|Hurricane|p2a: Ninetales
|-damage|p2a: Ninetales|8/100
|-curestatus|p2b: Ursaluna|slp|[msg]
|move|p2b: Ursaluna|Hyper Voice|p1a: Lumineon|[spread] p1a,p1b
|-damage|p1a: Lumineon|58/100
|-damage|p1b: Pelipper|37/100
|
|-weather|RainDance|[upkeep]
|upkeep
|turn|5
|
|t:|1756693557
|move|p2a: Ninetales|Protect|p2a: Ninetales
|-singleturn|p2a: Ninetales|Protect
|move|p1a: Lumineon|Flip Turn|p2a: Ninetales
|-activate|p2a: Ninetales|move: Protect
|move|p1b: Pelipper|Hurricane|p2b: Ursaluna
|-damage|p2b: Ursaluna|53/100
|move|p2b: Ursaluna|Hyper Voice|p1a: Lumineon|[spread] p1a,p1b
|-damage|p1a: Lumineon|18/100
|-damage|p1b: Pelipper|0 fnt
|faint|p1b: Pelipper
|
|-weather|RainDance|[upkeep]
|upkeep
|
|t:|1756693568
|switch|p1b: Kingambit|Kingambit, L50, F|100/100
|turn|6
|
|t:|1756693582
|switch|p2a: Annihilape|Annihilape, L50, M|100/100
|move|p2b: Ursaluna|Vacuum Wave|p1b: Kingambit
|-supereffective|p1b: Kingambit
|-damage|p1b: Kingambit|40/100
|move|p1a: Lumineon|Encore||[still]
|-fail|p1a: Lumineon
|move|p1b: Kingambit|Kowtow Cleave|p2b: Ursaluna
|-damage|p2b: Ursaluna|19/100
|
|-weather|RainDance|[upkeep]
|-sideend|p1: Pzdns99|move: Tailwind
|upkeep
|turn|7
|
|t:|1756693601
|-terastallize|p1b: Kingambit|Ghost
|move|p1b: Kingambit|Sucker Punch|p2b: Ursaluna
|-damage|p2b: Ursaluna|0 fnt
|faint|p2b: Ursaluna
|move|p1a: Lumineon|Tailwind|p1a: Lumineon
|-sidestart|p1: Pzdns99|move: Tailwind
|move|p2a: Annihilape|Rage Fist|p1a: Lumineon
|-damage|p1a: Lumineon|0 fnt
|faint|p1a: Lumineon
|
|-weather|RainDance|[upkeep]
|upkeep
|
|t:|1756693609
|switch|p1a: Amoonguss|Amoonguss, L50, F|65/100
|switch|p2b: Gholdengo|Gholdengo, L50|100/100
|turn|8
|
|t:|1756693626
|move|p1a: Amoonguss|Rage Powder|p1a: Amoonguss
|-singleturn|p1a: Amoonguss|move: Rage Powder
|move|p1b: Kingambit|Kowtow Cleave|p2a: Annihilape
|-damage|p2a: Annihilape|53/100
|move|p2a: Annihilape|Taunt|p1a: Amoonguss
|-start|p1a: Amoonguss|move: Taunt
|move|p2b: Gholdengo|Make It Rain|p1b: Kingambit|[spread] p1a,p1b
|-damage|p1a: Amoonguss|23/100
|-damage|p1b: Kingambit|0 fnt
|-unboost|p2b: Gholdengo|spa|1
|faint|p1b: Kingambit
|-damage|p2b: Gholdengo|91/100|[from] item: Life Orb
|
|-weather|none
|upkeep
|turn|9
|
|t:|1756693633
|move|p2a: Annihilape|Rage Fist|p1a: Amoonguss
|-damage|p1a: Amoonguss|0 fnt
|faint|p1a: Amoonguss
|
|win|Urkin' Pincurchin
||Pzdns99 is ready for game 2.
||Urkin' Pincurchin is ready for game 2.
|uhtml|next|Next: Game 2 of 3
|l|☆Urkin' Pincurchin
|player|p2|
|j|☆Urkin' Pincurchin
|player|p2|Urkin' Pincurchin|fisherman-gen4|
