|j|☆Plopy14
|j|☆Boomboombo0m
|html|Plopy14Boomboombo0m    
|uhtml|bestof|Game 2 of a best-of-3
|t:|1786062194
|gametype|doubles
|player|p1|Plopy14|bugcatcher|
|player|p2|Boomboombo0m|gwynn|
|gen|9
|tier|[Gen 9 Champions] VGC 2026 Reg M-B (Bo3)
|rule|Species Clause: Limit one of each Pokémon
|rule|Item Clause: Limit 1 of each item
|clearpoke
|poke|p1|Floette-Eternal, L50, F|
|poke|p1|Incineroar, L50, M|
|poke|p1|Sneasler, L50, F|
|poke|p1|Kingambit, L50, M|
|poke|p1|Sinistcha, L50|
|poke|p1|Delphox, L50, F|
|poke|p2|Starmie, L50|
|poke|p2|Annihilape, L50, M|
|poke|p2|Basculegion, L50, M|
|poke|p2|Whimsicott, L50, F|
|poke|p2|Garchomp, L50, M, shiny|
|poke|p2|Kingambit, L50, M|
|teampreview|4
|showteam|p1|Floette-Eternal||Floettite|FlowerVeil|Moonblast,DazzlingGleam,CalmMind,Protect|Modest||F|||50|]Incineroar||SitrusBerry|Intimidate|FakeOut,FlareBlitz,HelpingHand,PartingShot|Careful||M|||50|]Sneasler||FocusSash|PoisonTouch|FakeOut,PoisonJab,CloseCombat,QuickGuard|Jolly||F|||50|]Kingambit||BlackGlasses|Defiant|KowtowCleave,SuckerPunch,SwordsDance,Protect|Adamant||M|||50|]Sinistcha||OccaBerry|Hospitality|MatchaGotcha,RagePowder,TrickRoom,Protect|Bold|||||50|]Delphox||Delphoxite|Blaze|HeatWave,Psychic,NastyPlot,Protect|Timid||F|||50|
|showteam|p2|Starmie||Starminite|Illuminate|Liquidation,ZenHeadbutt,SelfDestruct,Protect|Adamant|||||50|]Annihilape||SitrusBerry|Defiant|HelpingHand,CloseCombat,Coaching,ShadowClaw|Jolly||M|||50|]Basculegion||FocusSash|Adaptability|LastRespects,Liquidation,AquaJet,Protect|Adamant||M|||50|]Whimsicott||CobaBerry|Prankster|Tailwind,Tickle,Moonblast,Encore|Timid||F|||50|]Garchomp||ChoiceScarf|RoughSkin|DragonClaw,StompingTantrum,RockSlide,PoisonJab|Jolly||M|||50|]Kingambit||BlackGlasses|Defiant|KowtowCleave,SuckerPunch,LowKick,Protect|Adamant||M|||50|
|
|t:|1786062222
|teamsize|p1|4
|teamsize|p2|4
|start
|switch|p1a: Kingambit|Kingambit, L50, M|100/100
|switch|p1b: Delphox|Delphox, L50, F|100/100
|switch|p2a: Starmie|Starmie, L50|100/100
|switch|p2b: Annihilape|Annihilape, L50, M|100/100
|turn|1
|
|t:|1786062256
|detailschange|p1b: Delphox|Delphox-Mega, L50, F
|-mega|p1b: Delphox|Delphox|Delphoxite
|move|p2a: Starmie|Protect|p2a: Starmie
|-singleturn|p2a: Starmie|Protect
|move|p1a: Kingambit|Sucker Punch||[still]
|-fail|p1a: Kingambit
|move|p1b: Delphox|Nasty Plot|p1b: Delphox
|-boost|p1b: Delphox|spa|2
|move|p2b: Annihilape|Coaching|p2a: Starmie
|-boost|p2a: Starmie|atk|1
|-boost|p2a: Starmie|def|1
|
|upkeep
|turn|2
|
|t:|1786062286
|detailschange|p2a: Starmie|Starmie-Mega, L50
|-mega|p2a: Starmie|Starmie|Starminite
|move|p2b: Annihilape|Helping Hand|p2a: Starmie
|-singleturn|p2a: Starmie|Helping Hand|[of] p2b: Annihilape
|move|p1a: Kingambit|Sucker Punch|p2a: Starmie
|-supereffective|p2a: Starmie|1
|-damage|p2a: Starmie|24/100
|move|p1b: Delphox|Heat Wave|p2a: Starmie|[spread] p2b
|-miss|p1b: Delphox|p2a: Starmie
|-damage|p2b: Annihilape|22/100
|-enditem|p2b: Annihilape|Sitrus Berry|[eat]
|-heal|p2b: Annihilape|47/100|[from] item: Sitrus Berry
|move|p2a: Starmie|Self-Destruct|p1a: Kingambit|[spread] p1a,p1b
|-immune|p2b: Annihilape
|-resisted|p1a: Kingambit|1
|-damage|p1a: Kingambit|20/100y
|-damage|p1b: Delphox|0 fnt
|faint|p2a: Starmie
|faint|p1b: Delphox
|
|upkeep
|c|☆Plopy14|THIS GAME
|
|t:|1786062306
|switch|p1b: Sinistcha|Sinistcha, L50|100/100
|switch|p2a: Garchomp|Garchomp, L50, M, shiny|100/100
|-heal|p1a: Kingambit|44/100|[from] ability: Hospitality|[of] p1b: Sinistcha
|turn|3
|c|☆Plopy14|like actually bro
|
|t:|1786062345
|move|p2a: Garchomp|Stomping Tantrum|p1a: Kingambit
|-supereffective|p1a: Kingambit|1
|-damage|p1a: Kingambit|0 fnt
|faint|p1a: Kingambit
|move|p2b: Annihilape|Coaching|p2a: Garchomp
|-boost|p2a: Garchomp|atk|1
|-boost|p2a: Garchomp|def|1
|move|p1b: Sinistcha|Trick Room|p1b: Sinistcha
|-fieldstart|move: Trick Room|[of] p1b: Sinistcha
|
|upkeep
|
|t:|1786062348
|switch|p1a: Sneasler|Sneasler, L50, F|100/100
|turn|4
|
|t:|1786062373
|move|p1a: Sneasler|Fake Out|p2a: Garchomp
|-damage|p2a: Garchomp|90/100
|-damage|p1a: Sneasler|87/100|[from] ability: Rough Skin|[of] p2a: Garchomp
|-status|p2a: Garchomp|psn|[from] ability: Poison Touch|[of] p1a: Sneasler
|move|p1b: Sinistcha|Matcha Gotcha|p2a: Garchomp|[spread] p2a,p2b
|-damage|p2a: Garchomp|63/100 psn
|-damage|p2b: Annihilape|26/100
|move|p2b: Annihilape|Shadow Claw|p1b: Sinistcha
|-supereffective|p1b: Sinistcha|1
|-damage|p1b: Sinistcha|50/100g
|cant|p2a: Garchomp|flinch
|
|-damage|p2a: Garchomp|51/100 psn|[from] psn
|upkeep
|turn|5
|c|☆Plopy14|actually it makes it 10x harder
|
|t:|1786062398
|switch|p2b: Whimsicott|Whimsicott, L50, F|100/100
|move|p1b: Sinistcha|Matcha Gotcha|p2b: Whimsicott|[spread] p2a,p2b
|-resisted|p2b: Whimsicott|1
|-damage|p2a: Garchomp|25/100 psn
|-heal|p1b: Sinistcha|64/100|[from] drain|[of] p2a: Garchomp
|-damage|p2b: Whimsicott|85/100
|-heal|p1b: Sinistcha|72/100|[from] drain|[of] p2b: Whimsicott
|move|p1a: Sneasler|Close Combat|p2a: Garchomp
|-damage|p2a: Garchomp|0 fnt
|-unboost|p1a: Sneasler|def|1
|-unboost|p1a: Sneasler|spd|1
|-damage|p1a: Sneasler|75/100|[from] ability: Rough Skin|[of] p2a: Garchomp
|faint|p2a: Garchomp
|
|upkeep
|
|t:|1786062410
|switch|p2a: Annihilape|Annihilape, L50, M|26/100
|turn|6
|
|t:|1786062428
|move|p1a: Sneasler|Quick Guard|p1a: Sneasler
|-singleturn|p1a: Sneasler|Quick Guard
|move|p2b: Whimsicott|Encore|p1a: Sneasler
|-activate|p1a: Sneasler|move: Quick Guard
|move|p1b: Sinistcha|Matcha Gotcha|p2b: Whimsicott|[spread] p2a,p2b
|-resisted|p2b: Whimsicott|1
|-damage|p2a: Annihilape|5/100
|-heal|p1b: Sinistcha|85/100|[from] drain|[of] p2a: Annihilape
|-damage|p2b: Whimsicott|68/100
|-heal|p1b: Sinistcha|93/100|[from] drain|[of] p2b: Whimsicott
|move|p2a: Annihilape|Shadow Claw|p1b: Sinistcha
|-supereffective|p1b: Sinistcha|1
|-damage|p1b: Sinistcha|45/100
|
|upkeep
|turn|7
|
|t:|1786062448
|move|p1b: Sinistcha|Matcha Gotcha|p2a: Annihilape|[spread] p2a,p2b
|-resisted|p2b: Whimsicott|1
|-crit|p2b: Whimsicott
|-damage|p2a: Annihilape|0 fnt
|-heal|p1b: Sinistcha|48/100|[from] drain|[of] p2a: Annihilape
|-damage|p2b: Whimsicott|46/100
|-heal|p1b: Sinistcha|59/100|[from] drain|[of] p2b: Whimsicott
|faint|p2a: Annihilape
|move|p2b: Whimsicott|Moonblast|p1a: Sneasler
|-damage|p1a: Sneasler|15/100
|move|p1a: Sneasler|Poison Jab|p2b: Whimsicott
|-supereffective|p2b: Whimsicott|2
|-damage|p2b: Whimsicott|0 fnt
|faint|p2b: Whimsicott
|
|win|Plopy14
||Boomboombo0m is ready for game 3.
||Plopy14 is ready for game 3.
|uhtml|next|Next: Game 3 of 3
|l|☆Boomboombo0m
|player|p2|
|j|☆Boomboombo0m
|player|p2|Boomboombo0m|gwynn|
