|j|☆wintradeofmanuel
|j|☆adjnorr
|html|wintradeofmanueladjnorr    
|uhtml|bestof|Game 2 of a best-of-3
|t:|1785337186
|gametype|doubles
|player|p1|wintradeofmanuel|170|1333
|player|p2|adjnorr|2|1263
|gen|9
|tier|[Gen 9 Champions] VGC 2026 Reg M-B (Bo3)
|rated|
|rule|Species Clause: Limit one of each Pokémon
|rule|Item Clause: Limit 1 of each item
|clearpoke
|poke|p1|Scovillain, L50, M|
|poke|p1|Sylveon, L50, F|
|poke|p1|Kingambit, L50, M|
|poke|p1|Lycanroc-Dusk, L50, F|
|poke|p1|Basculegion, L50, M|
|poke|p1|Metagross, L50|
|poke|p2|Staraptor, L50, F|
|poke|p2|Delphox, L50, F|
|poke|p2|Whimsicott, L50, F|
|poke|p2|Glimmora, L50, F|
|poke|p2|Garchomp, L50, M|
|poke|p2|Kingambit, L50, M|
|teampreview|4
|showteam|p1|Scovillain||Scovillainite|Moody|GigaDrain,Overheat,RagePowder,Protect|Bold||M|||50|]Sylveon||FairyFeather|Pixilate|HyperVoice,HyperBeam,QuickAttack,Detect|Modest||F|||50|]Kingambit||BlackGlasses|Defiant|KowtowCleave,SuckerPunch,SwordsDance,Protect|Adamant||M|||50|]Lycanroc-Dusk||FocusSash|ToughClaws|CloseCombat,Accelerock,RockSlide,Protect|Adamant||F|||50|]Basculegion||SitrusBerry|Adaptability|WaveCrash,LastRespects,AquaJet,Protect|Adamant||M|||50|]Metagross||Metagrossite|ClearBody|IronHead,PsychicFangs,IcePunch,Protect|Jolly|||||50|
|showteam|p2|Staraptor||Staraptite|Intimidate|BraveBird,CloseCombat,Roost,Protect|Jolly||F|||50|]Delphox||Delphoxite|Blaze|HeatWave,Psychic,Encore,Protect|Timid||F|||50|]Whimsicott||OccaBerry|Prankster|Moonblast,Tailwind,Charm,LightScreen|Timid||F|||50|]Glimmora||FocusSash|ToxicDebris|PowerGem,SludgeBomb,EarthPower,SpikyShield|Timid||F|||50|]Garchomp||LifeOrb|RoughSkin|DragonClaw,Earthquake,RockSlide,Protect|Jolly||M|||50|]Kingambit||ChopleBerry|Defiant|KowtowCleave,IronHead,SuckerPunch,LowKick|Adamant||M|||50|
|
|t:|1785337221
|teamsize|p1|4
|teamsize|p2|4
|start
|switch|p1a: Lycanroc|Lycanroc-Dusk, L50, F|100/100
|switch|p1b: Scovillain|Scovillain, L50, M|100/100
|switch|p2a: Whimsicott|Whimsicott, L50, F|100/100
|switch|p2b: Glimmora|Glimmora, L50, F|100/100
|turn|1
|
|t:|1785337243
|detailschange|p1b: Scovillain|Scovillain-Mega, L50, M
|-mega|p1b: Scovillain|Scovillain|Scovillainite
|move|p2a: Whimsicott|Tailwind|p2a: Whimsicott
|-sidestart|p2: adjnorr|move: Tailwind
|move|p2b: Glimmora|Power Gem|p1b: Scovillain
|-supereffective|p1b: Scovillain|1
|-damage|p1b: Scovillain|15/100
|-status|p2b: Glimmora|brn|[from] ability: Spicy Spray|[of] p1b: Scovillain
|move|p1a: Lycanroc|Rock Slide|p2a: Whimsicott|[spread] p2a,p2b
|-crit|p2a: Whimsicott
|-damage|p2a: Whimsicott|40/100
|-damage|p2b: Glimmora|63/100 brn
|-activate|p2b: Glimmora|ability: Toxic Debris
|-sidestart|p1: wintradeofmanuel|move: Toxic Spikes
|move|p1b: Scovillain|Giga Drain|p2b: Glimmora
|-damage|p2b: Glimmora|15/100 brn
|-heal|p1b: Scovillain|37/100|[from] drain|[of] p2b: Glimmora
|
|-damage|p2b: Glimmora|10/100 brn|[from] brn
|upkeep
|turn|2
|
|t:|1785337273
|move|p1a: Lycanroc|Protect|p1a: Lycanroc
|-singleturn|p1a: Lycanroc|Protect
|move|p1b: Scovillain|Protect|p1b: Scovillain
|-singleturn|p1b: Scovillain|Protect
|move|p2a: Whimsicott|Charm|p1a: Lycanroc
|-activate|p1a: Lycanroc|move: Protect
|move|p2b: Glimmora|Sludge Bomb|p1b: Scovillain
|-activate|p1b: Scovillain|move: Protect
|
|-damage|p2b: Glimmora|4/100 brn|[from] brn
|upkeep
|turn|3
|
|t:|1785337296
|switch|p2a: Delphox|Delphox, L50, F|100/100
|move|p2b: Glimmora|Spiky Shield|p2b: Glimmora
|-singleturn|p2b: Glimmora|move: Protect
|move|p1a: Lycanroc|Accelerock|p2b: Glimmora
|-activate|p2b: Glimmora|move: Protect
|-damage|p1a: Lycanroc|88/100|[from] Spiky Shield|[of] p2b: Glimmora
|move|p1b: Scovillain|Giga Drain|p2a: Delphox
|-resisted|p2a: Delphox|1
|-damage|p2a: Delphox|78/100
|-heal|p1b: Scovillain|47/100|[from] drain|[of] p2a: Delphox
|
|-damage|p2b: Glimmora|0 fnt|[from] brn
|faint|p2b: Glimmora
|upkeep
|
|t:|1785337311
|switch|p2b: Whimsicott|Whimsicott, L50, F|40/100
|turn|4
|
|t:|1785337320
|detailschange|p2a: Delphox|Delphox-Mega, L50, F
|-mega|p2a: Delphox|Delphox|Delphoxite
|move|p1b: Scovillain|Rage Powder|p1b: Scovillain
|-singleturn|p1b: Scovillain|move: Rage Powder
|move|p2b: Whimsicott|Charm|p1a: Lycanroc
|-unboost|p1a: Lycanroc|atk|2
|move|p2a: Delphox|Psychic|p1b: Scovillain
|-damage|p1b: Scovillain|0 fnt
|-immune|p2a: Delphox
|faint|p1b: Scovillain
|move|p1a: Lycanroc|Rock Slide|p2a: Delphox|[spread] p2a,p2b
|-supereffective|p2a: Delphox|1
|-damage|p2a: Delphox|40/100
|-damage|p2b: Whimsicott|22/100
|
|-sideend|p2: adjnorr|move: Tailwind
|upkeep
|
|t:|1785337331
|switch|p1b: Sylveon|Sylveon, L50, F|100/100
|-status|p1b: Sylveon|psn
|turn|5
|
|t:|1785337362
|move|p1a: Lycanroc|Protect|p1a: Lycanroc
|-singleturn|p1a: Lycanroc|Protect
|move|p1b: Sylveon|Detect|p1b: Sylveon
|-singleturn|p1b: Sylveon|Protect
|move|p2b: Whimsicott|Tailwind|p2b: Whimsicott
|-sidestart|p2: adjnorr|move: Tailwind
|move|p2a: Delphox|Psychic|p1a: Lycanroc
|-activate|p1a: Lycanroc|move: Protect
|
|-damage|p1b: Sylveon|87/100 psn|[from] psn
|upkeep
|turn|6
|
|t:|1785337380
|move|p1a: Lycanroc|Accelerock|p2a: Delphox
|-supereffective|p2a: Delphox|1
|-crit|p2a: Delphox
|-damage|p2a: Delphox|0 fnt
|faint|p2a: Delphox
|move|p2b: Whimsicott|Moonblast|p1a: Lycanroc
|-damage|p1a: Lycanroc|44/100
|-unboost|p1a: Lycanroc|spa|1
|move|p1b: Sylveon|Hyper Voice|p2b: Whimsicott
|-damage|p2b: Whimsicott|0 fnt
|faint|p2b: Whimsicott
|
|-damage|p1b: Sylveon|75/100 psn|[from] psn
|upkeep
|
|t:|1785337388
|switch|p2b: Kingambit|Kingambit, L50, M|100/100
|turn|7
|
|t:|1785337407
|move|p1a: Lycanroc|Close Combat|p2b: Kingambit
|-supereffective|p2b: Kingambit|2
|-enditem|p2b: Kingambit|Chople Berry|[eat]
|-enditem|p2b: Kingambit|Chople Berry|[weaken]
|-damage|p2b: Kingambit|60/100
|-unboost|p1a: Lycanroc|def|1
|-unboost|p1a: Lycanroc|spd|1
|move|p2b: Kingambit|Iron Head|p1b: Sylveon
|-supereffective|p1b: Sylveon|1
|-damage|p1b: Sylveon|0 fnt
|faint|p1b: Sylveon
|
|upkeep
|
|t:|1785337415
|switch|p1b: Basculegion|Basculegion, L50, M|100/100
|-status|p1b: Basculegion|psn
|turn|8
|
|t:|1785337422
|move|p2b: Kingambit|Sucker Punch|p1a: Lycanroc
|-damage|p1a: Lycanroc|0 fnt
|faint|p1a: Lycanroc
|move|p1b: Basculegion|Wave Crash|p2b: Kingambit
|-damage|p2b: Kingambit|3/100
|-damage|p1b: Basculegion|80/100 psn|[from] Recoil
|
|-damage|p1b: Basculegion|68/100 psn|[from] psn
|-sideend|p2: adjnorr|move: Tailwind
|upkeep
|turn|9
|
|t:|1785337429
|move|p1b: Basculegion|Aqua Jet|p2b: Kingambit
|-damage|p2b: Kingambit|0 fnt
|faint|p2b: Kingambit
|
|win|wintradeofmanuel
||adjnorr is ready for game 3.
||wintradeofmanuel is ready for game 3.
|uhtml|next|Next: Game 3 of 3
|l|☆adjnorr
|player|p2|
