|j|☆JCOdyssey
|j|☆cgsmores
|html|JCOdysseycgsmores    
|uhtml|bestof|Game 2 of a best-of-3
|t:|1783463070
|gametype|doubles
|player|p1|JCOdyssey|bianca|
|player|p2|cgsmores|parasollady-gen4|
|gen|9
|tier|[Gen 9 Champions] VGC 2026 Reg M-B (Bo3)
|rule|Species Clause: Limit one of each Pokémon
|rule|Item Clause: Limit 1 of each item
|clearpoke
|poke|p1|Crabominable, L50, M|
|poke|p1|Staraptor, L50, F|
|poke|p1|Farigiraf, L50, M|
|poke|p1|Primarina, L50, F|
|poke|p1|Tinkaton, L50, F|
|poke|p1|Gallade, L50, M|
|poke|p2|Incineroar, L50, F|
|poke|p2|Sinistcha, L50, shiny|
|poke|p2|Lucario, L50, M|
|poke|p2|Snorlax, L50, M|
|poke|p2|Slowking-Galar, L50, F|
|poke|p2|Azumarill, L50, F, shiny|
|teampreview|4
|showteam|p1|Crabominable||Crabominite|HyperCutter|Protect,IceHammer,DrainPunch,MachPunch|Brave||M|||50|]Staraptor||ChoiceScarf|Intimidate|Uturn,FinalGambit,BraveBird,CloseCombat|Jolly||F|||50|]Farigiraf||MentalHerb|ArmorTail|TrickRoom,Protect,HyperVoice,HelpingHand|Relaxed||M|||50|]Primarina||MysticWater|LiquidVoice|HyperVoice,Moonblast,CalmMind,Protect|Quiet||F|||50|]Tinkaton||Leftovers|OwnTempo|FakeOut,PlayRough,KnockOff,Encore|Impish||F|||50|]Gallade||SitrusBerry|Sharpness|NightSlash,SacredSword,TrickRoom,Protect|Sassy||M|||50|
|showteam|p2|Incineroar||ChopleBerry|Intimidate|PartingShot,FakeOut,FlareBlitz,ThroatChop|Brave||F|||50|]Sinistcha||ColburBerry|Hospitality|TrickRoom,Protect,MatchaGotcha,LifeDew|Relaxed|||||50|]Lucario||Lucarionite|InnerFocus|CloseCombat,Protect,ThunderPunch,MeteorMash|Adamant||M|||50|]Snorlax||Leftovers|ThickFat|HighHorsepower,BodySlam,Yawn,Protect|Brave||M|||50|]Slowking-Galar||MentalHerb|Regenerator|TrickRoom,SludgeBomb,Psychic,IceBeam|Quiet||F|||50|]Azumarill||SitrusBerry|HugePower|PlayRough,BellyDrum,Protect,Liquidation|Brave||F|||50|
|j| majinbuu22
|j| Bill Candy X
|j| SparksFitz
|c| SparksFitz|whats the over under for this one
|
|t:|1783463139
|teamsize|p1|4
|teamsize|p2|4
|start
|switch|p1a: normal for girls|Staraptor, L50, F|100/100
|switch|p1b: Grl w/the ♂ symbol|Gallade, L50, M|100/100
|switch|p2a: Super Meowzin|Incineroar, L50, F|100/100
|switch|p2b: Dog|Lucario, L50, M|100/100
|-ability|p1a: normal for girls|Intimidate|boost
|-unboost|p2a: Super Meowzin|atk|1
|-fail|p2b: Dog|unboost|Attack|[from] ability: Inner Focus|[of] p2b: Dog
|-ability|p2a: Super Meowzin|Intimidate|boost
|-unboost|p1a: normal for girls|atk|1
|-unboost|p1b: Grl w/the ♂ symbol|atk|1
|turn|1
|c| SparksFitz|i got fanduel open
|
|t:|1783463169
|detailschange|p2b: Dog|Lucario-Mega, L50, M
|-mega|p2b: Dog|Lucario|Lucarionite
|move|p1b: Grl w/the ♂ symbol|Protect|p1b: Grl w/the ♂ symbol
|-singleturn|p1b: Grl w/the ♂ symbol|Protect
|move|p1a: normal for girls|U-turn|p2a: Super Meowzin
|-damage|p2a: Super Meowzin|88/100
|
|t:|1783463176
|switch|p1a: boy w/the ♀ symbol|Primarina, L50, F|100/100|[from] U-turn
|move|p2b: Dog|Thunder Punch|p1a: boy w/the ♀ symbol
|-supereffective|p1a: boy w/the ♀ symbol|1
|-damage|p1a: boy w/the ♀ symbol|22/100
|-status|p1a: boy w/the ♀ symbol|par
|move|p2a: Super Meowzin|Parting Shot|p1b: Grl w/the ♂ symbol
|-activate|p1b: Grl w/the ♂ symbol|move: Protect
|
|upkeep
|turn|2
|
|t:|1783463263
|switch|p2b: Diva|Sinistcha, L50, shiny|100/100
|-heal|p2a: Super Meowzin|100/100|[from] ability: Hospitality|[of] p2b: Diva
|move|p1a: boy w/the ♀ symbol|Protect|p1a: boy w/the ♀ symbol
|-singleturn|p1a: boy w/the ♀ symbol|Protect
|move|p1b: Grl w/the ♂ symbol|Sacred Sword|p2a: Super Meowzin
|-supereffective|p2a: Super Meowzin|1
|-enditem|p2a: Super Meowzin|Chople Berry|[eat]
|-enditem|p2a: Super Meowzin|Chople Berry|[weaken]
|-damage|p2a: Super Meowzin|61/100
|move|p2a: Super Meowzin|Throat Chop|p1a: boy w/the ♀ symbol
|-activate|p1a: boy w/the ♀ symbol|move: Protect
|
|upkeep
|turn|3
|
|t:|1783463296
|move|p2b: Diva|Matcha Gotcha|p1a: boy w/the ♀ symbol|[spread] p1a,p1b
|-supereffective|p1a: boy w/the ♀ symbol|1
|-damage|p1a: boy w/the ♀ symbol|0 fnt
|-damage|p1b: Grl w/the ♂ symbol|82/100
|faint|p1a: boy w/the ♀ symbol
|move|p2a: Super Meowzin|Parting Shot|p1b: Grl w/the ♂ symbol
|-unboost|p1b: Grl w/the ♂ symbol|atk|1
|-unboost|p1b: Grl w/the ♂ symbol|spa|1
|
|t:|1783463305
|switch|p2a: Lemon Martini|Azumarill, L50, F, shiny|100/100|[from] Parting Shot
|move|p1b: Grl w/the ♂ symbol|Trick Room|p1b: Grl w/the ♂ symbol
|-fieldstart|move: Trick Room|[of] p1b: Grl w/the ♂ symbol
|
|upkeep
|
|t:|1783463310
|switch|p1a: crab dad|Crabominable, L50, M|100/100
|turn|4
|
|t:|1783463346
|switch|p2b: Dog|Lucario-Mega, L50, M|100/100
|detailschange|p1a: crab dad|Crabominable-Mega, L50, M
|-mega|p1a: crab dad|Crabominable|Crabominite
|move|p1a: crab dad|Ice Hammer|p2a: Lemon Martini
|-resisted|p2a: Lemon Martini|1
|-damage|p2a: Lemon Martini|62/100
|-unboost|p1a: crab dad|spe|1
|move|p2a: Lemon Martini|Play Rough|p1b: Grl w/the ♂ symbol|[miss]
|-miss|p2a: Lemon Martini|p1b: Grl w/the ♂ symbol
|move|p1b: Grl w/the ♂ symbol|Night Slash|p2b: Dog
|-resisted|p2b: Dog|1
|-damage|p2b: Dog|91/100
|
|upkeep
|turn|5
|
|t:|1783463385
|switch|p2a: Diva|Sinistcha, L50, shiny|100/100
|-heal|p2b: Dog|100/100|[from] ability: Hospitality|[of] p2a: Diva
|move|p1b: Grl w/the ♂ symbol|Protect|p1b: Grl w/the ♂ symbol
|-singleturn|p1b: Grl w/the ♂ symbol|Protect
|move|p2b: Dog|Protect|p2b: Dog
|-singleturn|p2b: Dog|Protect
|move|p1a: crab dad|Drain Punch|p2b: Dog
|-activate|p2b: Dog|move: Protect
|
|upkeep
|turn|6
|
|t:|1783463441
|switch|p2b: Lemon Martini|Azumarill, L50, F, shiny|62/100
|move|p1a: crab dad|Drain Punch|p2b: Lemon Martini
|-resisted|p2b: Lemon Martini|1
|-damage|p2b: Lemon Martini|33/100
|-enditem|p2b: Lemon Martini|Sitrus Berry|[eat]
|-heal|p2b: Lemon Martini|58/100|[from] item: Sitrus Berry
|move|p1b: Grl w/the ♂ symbol|Night Slash|p2a: Diva
|-supereffective|p2a: Diva|1
|-enditem|p2a: Diva|Colbur Berry|[eat]
|-enditem|p2a: Diva|Colbur Berry|[weaken]
|-damage|p2a: Diva|87/100
|move|p2a: Diva|Trick Room|p2a: Diva
|-fieldend|move: Trick Room
|
|upkeep
|turn|7
|
|t:|1783463470
|switch|p2a: Dog|Lucario-Mega, L50, M|100/100
|move|p1a: crab dad|Protect|p1a: crab dad
|-singleturn|p1a: crab dad|Protect
|move|p1b: Grl w/the ♂ symbol|Sacred Sword|p2b: Lemon Martini
|-resisted|p2b: Lemon Martini|1
|-damage|p2b: Lemon Martini|44/100
|move|p2b: Lemon Martini|Play Rough|p1b: Grl w/the ♂ symbol
|-supereffective|p1b: Grl w/the ♂ symbol|1
|-damage|p1b: Grl w/the ♂ symbol|0 fnt
|faint|p1b: Grl w/the ♂ symbol
|
|upkeep
|
|t:|1783463482
|switch|p1b: normal for girls|Staraptor, L50, F|100/100
|-ability|p1b: normal for girls|Intimidate|boost
|-unboost|p2a: Dog|atk|1
|-unboost|p2b: Lemon Martini|atk|1
|turn|8
|
|t:|1783463520
|move|p2b: Lemon Martini|Protect|p2b: Lemon Martini
|-singleturn|p2b: Lemon Martini|Protect
|move|p1b: normal for girls|Close Combat|p2a: Dog
|-supereffective|p2a: Dog|1
|-damage|p2a: Dog|28/100
|-unboost|p1b: normal for girls|def|1
|-unboost|p1b: normal for girls|spd|1
|move|p2a: Dog|Close Combat|p1a: crab dad
|-supereffective|p1a: crab dad|1
|-damage|p1a: crab dad|0 fnt
|-unboost|p2a: Dog|def|1
|-unboost|p2a: Dog|spd|1
|faint|p1a: crab dad
|
|upkeep
|turn|9
|
|t:|1783463540
|switch|p2a: Diva|Sinistcha, L50, shiny|87/100
|-heal|p2b: Lemon Martini|69/100|[from] ability: Hospitality|[of] p2a: Diva
|move|p1b: normal for girls|Close Combat|p2a: Diva
|-immune|p2a: Diva
|move|p2b: Lemon Martini|Liquidation|p1b: normal for girls
|-damage|p1b: normal for girls|37/100
|
|upkeep
|turn|10
|
|t:|1783463557
|move|p1b: normal for girls|Close Combat|p2b: Lemon Martini
|-resisted|p2b: Lemon Martini|1
|-damage|p2b: Lemon Martini|52/100
|-unboost|p1b: normal for girls|def|1
|-unboost|p1b: normal for girls|spd|1
|move|p2b: Lemon Martini|Liquidation|p1b: normal for girls
|-damage|p1b: normal for girls|0 fnt
|faint|p1b: normal for girls
|
|win|cgsmores
|inactive|JCOdyssey has 30 seconds to confirm battle start!
|inactive|cgsmores has 30 seconds to confirm battle start!
