|j|☆Metagrossissimo
|j|☆thisisaladderteam
|html|Metagrossissimothisisaladderteam    
|uhtml|bestof|Game 1 of a best-of-3
|t:|1782455260
|gametype|doubles
|player|p1|Metagrossissimo|roughneck-gen4|1196
|player|p2|thisisaladderteam|guzma|1154
|gen|9
|tier|[Gen 9 Champions] VGC 2026 Reg M-B (Bo3)
|rated|
|rule|Species Clause: Limit one of each Pokémon
|rule|Item Clause: Limit 1 of each item
|clearpoke
|poke|p1|Pyroar, L50, M|
|poke|p1|Whimsicott, L50, M|
|poke|p1|Ninetales, L50, F|
|poke|p1|Farigiraf, L50, M|
|poke|p1|Basculegion, L50, M|
|poke|p1|Floette-Eternal, L50, F|
|poke|p2|Sceptile, L50, M, shiny|
|poke|p2|Rotom-Heat, L50, shiny|
|poke|p2|Toxapex, L50, M, shiny|
|poke|p2|Incineroar, L50, M, shiny|
|poke|p2|Garchomp, L50, F|
|poke|p2|Gholdengo, L50|
|teampreview|4
|showteam|p1|Pyroar||Pyroarite|Unnerve|HeatWave,Overheat,SolarBeam,Protect|Timid||M|||50|]Whimsicott||FocusSash|Prankster|Moonblast,Tailwind,SunnyDay,Protect|Timid||M|||50|]Ninetales||ChoiceScarf|Drought|Overheat,HeatWave,SolarBeam,FakeTears|Modest||F|||50|]Farigiraf||SitrusBerry|ArmorTail|Thunderbolt,TwinBeam,TrickRoom,HelpingHand|Bold||M|||50|]Basculegion||LifeOrb|Adaptability|WaveCrash,LastRespects,AquaJet,Protect|Adamant||M|||50|]Floette-Eternal||Floettite|FlowerVeil|Moonblast,DazzlingGleam,LightofRuin,Protect|Timid||F|||50|
|showteam|p2|Sceptile||Sceptilite|Overgrow|Detect,EnergyBall,DragonPulse,EarthPower|Timid||M|||50|]Rotom-Heat||ChoiceScarf|Levitate|Discharge,Electroweb,Overheat,WillOWisp|Timid|||||50|]Toxapex||Leftovers|Regenerator|BanefulBunker,Infestation,Toxic,WideGuard|Bold||M|||50|]Incineroar||SitrusBerry|Intimidate|FakeOut,PartingShot,ThroatChop,FlareBlitz|Careful||M|||50|]Garchomp||LifeOrb|RoughSkin|Protect,RockSlide,Earthquake,DragonClaw|Jolly||F|||50|]Gholdengo||KasibBerry|GoodasGold|Protect,NastyPlot,ShadowBall,MakeItRain|Modest|||||50|
|inactive|Battle timer is ON: inactive players will automatically lose when time's up. (requested by thisisaladderteam)
|
|t:|1782455289
|teamsize|p1|4
|teamsize|p2|4
|start
|switch|p1a: Whimsicott|Whimsicott, L50, M|100/100
|switch|p1b: Pyroar|Pyroar, L50, M|100/100
|switch|p2a: Gholdengo|Gholdengo, L50|100/100
|switch|p2b: Toxapex|Toxapex, L50, M, shiny|100/100
|-ability|p1b: Pyroar|Unnerve
|turn|1
|
|t:|1782455304
|switch|p2a: Rotom|Rotom-Heat, L50, shiny|100/100
|detailschange|p1b: Pyroar|Pyroar-Mega, L50, M
|-mega|p1b: Pyroar|Pyroar|Pyroarite
|move|p1a: Whimsicott|Sunny Day|p1a: Whimsicott
|-weather|SunnyDay
|move|p1b: Pyroar|Overheat|p2a: Rotom|[miss]
|-miss|p1b: Pyroar|p2a: Rotom
|move|p2b: Toxapex|Infestation|p1a: Whimsicott
|-damage|p1a: Whimsicott|94/100
|-activate|p1a: Whimsicott|move: Infestation|[of] p2b: Toxapex
|
|-weather|SunnyDay|[upkeep]
|-damage|p1a: Whimsicott|82/100|[from] move: Infestation|[partiallytrapped]
|upkeep
|turn|2
|inactive|Metagrossissimo has 30 seconds left.
|
|t:|1782455330
|move|p2a: Rotom|Electroweb|p1b: Pyroar|[spread] p1a
|-miss|p2a: Rotom|p1b: Pyroar
|-resisted|p1a: Whimsicott|1
|-damage|p1a: Whimsicott|67/100
|-unboost|p1a: Whimsicott|spe|1
|move|p1b: Pyroar|Solar Beam||[still]
|-prepare|p1b: Pyroar|Solar Beam
|-anim|p1b: Pyroar|Solar Beam|p2b: Toxapex
|-damage|p2b: Toxapex|65/100
|move|p1a: Whimsicott|Moonblast|p2b: Toxapex
|-resisted|p2b: Toxapex|1
|-damage|p2b: Toxapex|50/100g
|move|p2b: Toxapex|Infestation|p1b: Pyroar
|-resisted|p1b: Pyroar|1
|-damage|p1b: Pyroar|98/100
|-activate|p1b: Pyroar|move: Infestation|[of] p2b: Toxapex
|
|-weather|SunnyDay|[upkeep]
|-heal|p2b: Toxapex|56/100|[from] item: Leftovers
|-damage|p1b: Pyroar|85/100|[from] move: Infestation|[partiallytrapped]
|-damage|p1a: Whimsicott|54/100|[from] move: Infestation|[partiallytrapped]
|upkeep
|turn|3
|
|t:|1782455347
|move|p2b: Toxapex|Baneful Bunker|p2b: Toxapex
|-singleturn|p2b: Toxapex|move: Protect
|move|p1a: Whimsicott|Tailwind|p1a: Whimsicott
|-sidestart|p1: Metagrossissimo|move: Tailwind
|move|p1b: Pyroar|Heat Wave|p2a: Rotom|[spread] p2a
|-activate|p2b: Toxapex|move: Protect
|-resisted|p2a: Rotom|1
|-damage|p2a: Rotom|47/100
|move|p2a: Rotom|Electroweb|p1b: Pyroar|[spread] p1a,p1b
|-resisted|p1a: Whimsicott|1
|-damage|p1a: Whimsicott|39/100
|-damage|p1b: Pyroar|63/100
|-unboost|p1a: Whimsicott|spe|1
|-unboost|p1b: Pyroar|spe|1
|
|-weather|SunnyDay|[upkeep]
|-heal|p2b: Toxapex|62/100|[from] item: Leftovers
|-damage|p1b: Pyroar|51/100|[from] move: Infestation|[partiallytrapped]
|-damage|p1a: Whimsicott|27/100|[from] move: Infestation|[partiallytrapped]
|upkeep
|turn|4
|
|t:|1782455362
|move|p2b: Toxapex|Wide Guard|p2b: Toxapex
|-singleturn|p2b: Toxapex|Wide Guard
|move|p1b: Pyroar|Heat Wave|p2a: Rotom|[spread] 
|-activate|p2a: Rotom|move: Wide Guard
|-activate|p2b: Toxapex|move: Wide Guard
|move|p2a: Rotom|Electroweb|p1a: Whimsicott|[spread] p1a,p1b
|-resisted|p1a: Whimsicott|1
|-damage|p1a: Whimsicott|11/100
|-damage|p1b: Pyroar|28/100
|-unboost|p1a: Whimsicott|spe|1
|-unboost|p1b: Pyroar|spe|1
|move|p1a: Whimsicott|Moonblast|p2b: Toxapex
|-resisted|p2b: Toxapex|1
|-damage|p2b: Toxapex|49/100
|
|-weather|SunnyDay|[upkeep]
|-heal|p2b: Toxapex|54/100|[from] item: Leftovers
|-damage|p1b: Pyroar|16/100|[from] move: Infestation|[partiallytrapped]
|-damage|p1a: Whimsicott|0 fnt|[from] move: Infestation|[partiallytrapped]
|faint|p1a: Whimsicott
|upkeep
|
|t:|1782455375
|switch|p1a: Basculegion|Basculegion, L50, M|100/100
|turn|5
|
|t:|1782455389
|move|p2b: Toxapex|Baneful Bunker||[still]
|-fail|p2b: Toxapex
|move|p1a: Basculegion|Last Respects|p2a: Rotom
|-damage|p2a: Rotom|0 fnt
|faint|p2a: Rotom
|-damage|p1a: Basculegion|90/100|[from] item: Life Orb
|move|p1b: Pyroar|Overheat|p2b: Toxapex
|-resisted|p2b: Toxapex|1
|-damage|p2b: Toxapex|0 fnt
|-unboost|p1b: Pyroar|spa|2
|faint|p2b: Toxapex
|
|-weather|none
|-end|p1b: Pyroar|Infestation|[partiallytrapped]|[silent]
|upkeep
|
|t:|1782455399
|switch|p2a: Gholdengo|Gholdengo, L50|100/100
|switch|p2b: Garchomp|Garchomp, L50, F|100/100
|turn|6
|
|t:|1782455416
|switch|p1b: Ninetales|Ninetales, L50, F|100/100
|-weather|SunnyDay|[from] ability: Drought|[of] p1b: Ninetales
|move|p2a: Gholdengo|Protect|p2a: Gholdengo
|-singleturn|p2a: Gholdengo|Protect
|move|p1a: Basculegion|Last Respects|p2a: Gholdengo
|-activate|p2a: Gholdengo|move: Protect
|move|p2b: Garchomp|Earthquake|p1b: Ninetales|[spread] p1a,p1b
|-activate|p2a: Gholdengo|move: Protect
|-supereffective|p1b: Ninetales|1
|-crit|p1b: Ninetales
|-damage|p1a: Basculegion|31/100
|-damage|p1b: Ninetales|0 fnt
|faint|p1b: Ninetales
|-damage|p2b: Garchomp|90/100|[from] item: Life Orb
|
|-weather|SunnyDay|[upkeep]
|-sideend|p1: Metagrossissimo|move: Tailwind
|upkeep
|
|t:|1782455427
|switch|p1b: Pyroar|Pyroar-Mega, L50, M|16/100
|turn|7
|
|t:|1782455447
|move|p1a: Basculegion|Aqua Jet|p2b: Garchomp
|-damage|p2b: Garchomp|73/100
|-damage|p1a: Basculegion|19/100|[from] ability: Rough Skin|[of] p2b: Garchomp
|-damage|p1a: Basculegion|10/100|[from] item: Life Orb
|move|p1b: Pyroar|Heat Wave|p2a: Gholdengo|[spread] p2a,p2b
|-supereffective|p2a: Gholdengo|1
|-resisted|p2b: Garchomp|1
|-crit|p2b: Garchomp
|-damage|p2a: Gholdengo|0 fnt
|-damage|p2b: Garchomp|7/100
|faint|p2a: Gholdengo
|move|p2b: Garchomp|Earthquake|p1a: Basculegion|[spread] p1a,p1b
|-crit|p1a: Basculegion
|-supereffective|p1b: Pyroar|1
|-damage|p1a: Basculegion|0 fnt
|-damage|p1b: Pyroar|0 fnt
|faint|p1a: Basculegion
|faint|p1b: Pyroar
|-damage|p2b: Garchomp|0 fnt|[from] item: Life Orb
|faint|p2b: Garchomp
|
|win|thisisaladderteam
