|j|☆15Hugs
|j|☆userover
|html|15Hugsuserover    
|uhtml|bestof|Game 3 of a best-of-3
|t:|1786035031
|gametype|doubles
|player|p1|15Hugs|ingo|1090
|player|p2|userover|102|1071
|gen|9
|tier|[Gen 9 Champions] VGC 2026 Reg M-B (Bo3)
|rated|
|rule|Species Clause: Limit one of each Pokémon
|rule|Item Clause: Limit 1 of each item
|clearpoke
|poke|p1|Mawile, L50, M|
|poke|p1|Sneasler, L50, M|
|poke|p1|Raichu, L50, F|
|poke|p1|Hydreigon, L50, F|
|poke|p1|Farigiraf, L50, M, shiny|
|poke|p1|Sinistcha, L50|
|poke|p2|Froslass, L50, F|
|poke|p2|Sneasler, L50, M|
|poke|p2|Kingambit, L50, M|
|poke|p2|Lycanroc-Dusk, L50, M|
|poke|p2|Milotic, L50, F|
|poke|p2|Tsareena, L50, F|
|teampreview|4
|showteam|p1|Mawile||Mawilite|Intimidate|Protect,PlayRough,IronHead,SuckerPunch|Brave||M|||50|]Sneasler||WhiteHerb|Unburden|FakeOut,RockTomb,CloseCombat,DireClaw|Jolly||M|||50|]Raichu||RaichuniteY|LightningRod|Protect,FakeOut,ZapCannon,FocusBlast|Timid||F|||50|]Hydreigon||ChoiceScarf|Levitate|DracoMeteor,Snarl,DarkPulse,EarthPower|Timid||F|||50|]Farigiraf||SitrusBerry|ArmorTail|TrickRoom,HelpingHand,FoulPlay,Psychic|Quiet||M|||50|]Sinistcha||KasibBerry|Hospitality|TrickRoom,Hex,MatchaGotcha,RagePowder|Modest|||||50|
|showteam|p2|Froslass||Froslassite|CursedBody|ShadowBall,Blizzard,Protect,NastyPlot|Timid||F|||50|]Sneasler||MentalHerb|Pressure|CloseCombat,Protect,FakeOut,DireClaw|Jolly||M|||50|]Kingambit||BlackGlasses|Defiant|KowtowCleave,SuckerPunch,Protect,SwordsDance|Adamant||M|||50|]Lycanroc-Dusk||FocusSash|ToughClaws|RockSlide,CloseCombat,Accelerock,Protect|Jolly||M|||50|]Milotic||Leftovers|Competitive|HydroPump,Coil,Hypnosis,Protect|Calm||F|||50|]Tsareena||WideLens|QueenlyMajesty|PowerWhip,HighJumpKick,TripleAxel,Protect|Adamant||F|||50|
|inactive|Battle timer is ON: inactive players will automatically lose when time's up. (requested by 15Hugs)
|
|t:|1786035056
|teamsize|p1|4
|teamsize|p2|4
|start
|switch|p1a: Hydreigon|Hydreigon, L50, F|100/100
|switch|p1b: Farigiraf|Farigiraf, L50, M, shiny|100/100
|switch|p2a: Sneasler|Sneasler, L50, M|100/100
|switch|p2b: Kingambit|Kingambit, L50, M|100/100
|-ability|p2a: Sneasler|Pressure
|turn|1
|inactive|userover has 30 seconds left.
|
|t:|1786035082
|switch|p1a: Sinistcha|Sinistcha, L50|100/100
|switch|p2b: Tsareena|Tsareena, L50, F|100/100
|move|p2a: Sneasler|Protect|p2a: Sneasler
|-singleturn|p2a: Sneasler|Protect
|move|p1b: Farigiraf|Psychic|p2a: Sneasler
|-activate|p2a: Sneasler|move: Protect
|
|upkeep
|turn|2
|inactive|15Hugs has 30 seconds left.
|
|t:|1786035111
|switch|p2a: Kingambit|Kingambit, L50, M|100/100
|move|p2b: Tsareena|Triple Axel|p1a: Sinistcha
|-supereffective|p1a: Sinistcha|1
|-crit|p1a: Sinistcha
|-damage|p1a: Sinistcha|76/100
|-supereffective|p1a: Sinistcha|1
|-damage|p1a: Sinistcha|49/100
|-supereffective|p1a: Sinistcha|1
|-damage|p1a: Sinistcha|8/100
|-hitcount|p1a: Sinistcha|3
|move|p1a: Sinistcha|Matcha Gotcha|p2b: Tsareena|[spread] p2b
|-miss|p1a: Sinistcha|p2a: Kingambit
|-resisted|p2b: Tsareena|1
|-damage|p2b: Tsareena|81/100
|-heal|p1a: Sinistcha|16/100|[from] drain|[of] p2b: Tsareena
|move|p1b: Farigiraf|Trick Room|p1b: Farigiraf
|-fieldstart|move: Trick Room|[of] p1b: Farigiraf
|
|upkeep
|turn|3
|inactive|15Hugs has 30 seconds left.
|inactive|userover has 30 seconds left.
|
|t:|1786035141
|move|p1a: Sinistcha|Rage Powder|p1a: Sinistcha
|-singleturn|p1a: Sinistcha|move: Rage Powder
|move|p2a: Kingambit|Swords Dance|p2a: Kingambit
|-boost|p2a: Kingambit|atk|2
|move|p1b: Farigiraf|Psychic|p2b: Tsareena
|-damage|p2b: Tsareena|37/100
|move|p2b: Tsareena|Triple Axel|p1a: Sinistcha
|-supereffective|p1a: Sinistcha|1
|-damage|p1a: Sinistcha|1/100
|-supereffective|p1a: Sinistcha|1
|-damage|p1a: Sinistcha|0 fnt
|faint|p1a: Sinistcha
|-hitcount|p1: Sinistcha|2
|
|upkeep
|
|t:|1786035158
|switch|p1a: Mawile|Mawile, L50, M|100/100
|-ability|p1a: Mawile|Intimidate|boost
|-unboost|p2a: Kingambit|atk|1
|-ability|p2a: Kingambit|Defiant|boost
|-boost|p2a: Kingambit|atk|2
|-unboost|p2b: Tsareena|atk|1
|turn|4
|
|t:|1786035172
|detailschange|p1a: Mawile|Mawile-Mega, L50, M
|-mega|p1a: Mawile|Mawile|Mawilite
|move|p1b: Farigiraf|Helping Hand|p1a: Mawile
|-singleturn|p1a: Mawile|Helping Hand|[of] p1b: Farigiraf
|move|p2a: Kingambit|Protect|p2a: Kingambit
|-singleturn|p2a: Kingambit|Protect
|move|p1a: Mawile|Play Rough|p2a: Kingambit
|-activate|p2a: Kingambit|move: Protect
|move|p2b: Tsareena|High Jump Kick|p1a: Mawile
|-damage|p1a: Mawile|67/100
|
|upkeep
|turn|5
|
|t:|1786035189
|move|p1b: Farigiraf|Helping Hand|p1a: Mawile
|-singleturn|p1a: Mawile|Helping Hand|[of] p1b: Farigiraf
|move|p1a: Mawile|Play Rough|p2a: Kingambit
|-damage|p2a: Kingambit|0 fnt
|faint|p2a: Kingambit
|move|p2b: Tsareena|High Jump Kick|p1a: Mawile
|-damage|p1a: Mawile|37/100
|
|upkeep
|
|t:|1786035204
|switch|p2a: Froslass|Froslass, L50, F|100/100
|turn|6
|
|t:|1786035223
|detailschange|p2a: Froslass|Froslass-Mega, L50, F
|-mega|p2a: Froslass|Froslass|Froslassite
|-weather|Snowscape|[from] ability: Snow Warning|[of] p2a: Froslass
|move|p2b: Tsareena|Protect|p2b: Tsareena
|-singleturn|p2b: Tsareena|Protect
|move|p2a: Froslass|Protect|p2a: Froslass
|-singleturn|p2a: Froslass|Protect
|move|p1a: Mawile|Iron Head|p2b: Tsareena
|-activate|p2b: Tsareena|move: Protect
|move|p1b: Farigiraf|Foul Play|p2a: Froslass
|-activate|p2a: Froslass|move: Protect
|
|-weather|Snowscape|[upkeep]
|-fieldend|move: Trick Room
|upkeep
|turn|7
|inactive|userover has 30 seconds left.
|
|t:|1786035253
|move|p1a: Mawile|Protect|p1a: Mawile
|-singleturn|p1a: Mawile|Protect
|move|p2a: Froslass|Blizzard|p1b: Farigiraf|[spread] p1b
|-activate|p1a: Mawile|move: Protect
|-damage|p1b: Farigiraf|62/100
|move|p2b: Tsareena|High Jump Kick|p1b: Farigiraf
|-damage|p1b: Farigiraf|34/100
|-enditem|p1b: Farigiraf|Sitrus Berry|[eat]
|-heal|p1b: Farigiraf|59/100|[from] item: Sitrus Berry
|move|p1b: Farigiraf|Trick Room|p1b: Farigiraf
|-fieldstart|move: Trick Room|[of] p1b: Farigiraf
|
|-weather|Snowscape|[upkeep]
|upkeep
|turn|8
|
|t:|1786035273
|move|p2a: Froslass|Protect|p2a: Froslass
|-singleturn|p2a: Froslass|Protect
|move|p1a: Mawile|Iron Head|p2a: Froslass
|-activate|p2a: Froslass|move: Protect
|move|p1b: Farigiraf|Psychic|p2b: Tsareena
|-damage|p2b: Tsareena|0 fnt
|faint|p2b: Tsareena
|
|-weather|Snowscape|[upkeep]
|upkeep
|-message|userover forfeited.
|
|win|15Hugs
|raw|15Hugs's rating: 1090 → 1115(+25 for winning)
|raw|userover's rating: 1071 → 1051(-20 for losing)
|l|☆userover
|player|p2|
