|j|Ōśåcastoriceball
|j|Ōśåtha worldo
|html|castoriceballtha worldo    
|uhtml|bestof|Game 1 of a best-of-3
|t:|1783716066
|gametype|doubles
|player|p1|castoriceball|miku-flying|1296
|player|p2|tha worldo|102|1213
|gen|9
|tier|[Gen 9 Champions] VGC 2026 Reg M-B (Bo3)
|rated|
|rule|Species Clause: Limit one of each Pok├®mon
|rule|Item Clause: Limit 1 of each item
|clearpoke
|poke|p1|Garchomp, L50, M|
|poke|p1|Floette-Eternal, L50, F|
|poke|p1|Talonflame, L50, F|
|poke|p1|Rotom-Wash, L50, shiny|
|poke|p1|Ceruledge, L50, F|
|poke|p1|Sneasler, L50, M|
|poke|p2|Garchomp, L50, M|
|poke|p2|Venusaur, L50, M|
|poke|p2|Incineroar, L50, F|
|poke|p2|Charizard, L50, F|
|poke|p2|Toxapex, L50, F|
|poke|p2|Annihilape, L50, M|
|teampreview|4
|showteam|p1|Garchomp||LifeOrb|RoughSkin|DragonClaw,Earthquake,RockSlide,Protect|Adamant||M|||50|]Floette-Eternal||Floettite|FlowerVeil|Moonblast,DazzlingGleam,LightofRuin,Protect|Modest||F|||50|]Talonflame||SharpBeak|GaleWings|Tailwind,DualWingbeat,WillOWisp,Protect|Jolly||F|||50|]Rotom-Wash||Magnet|Levitate|Thunderbolt,HydroPump,Electroweb,Protect|Modest|||||50|]Ceruledge||ColburBerry|FlashFire|Poltergeist,BitterBlade,ShadowSneak,Protect|Adamant||F|||50|]Sneasler||FocusSash|Unburden|FakeOut,DireClaw,CloseCombat,Taunt|Naughty||M|||50|
|showteam|p2|Garchomp||ChoiceScarf|RoughSkin|Earthquake,RockSlide,DragonClaw,StompingTantrum|Adamant||M|||50|]Venusaur||LifeOrb|Chlorophyll|SludgeBomb,SolarBeam,EarthPower,Protect|Modest||M|||50|]Incineroar||SitrusBerry|Intimidate|FakeOut,FlareBlitz,ThroatChop,PartingShot|Impish||F|||50|]Charizard||CharizarditeY|Blaze|HeatWave,WeatherBall,Protect,HelpingHand|Modest||F|||50|]Toxapex||Leftovers|Regenerator|Infestation,Toxic,WideGuard,BanefulBunker|Impish||F|||50|]Annihilape||FocusSash|Defiant|CloseCombat,PhantomForce,RockTomb,Protect|Jolly||M|||50|
|c|Ōśåtha worldo|why naughty?
|c|Ōśåcastoriceball|go down to sash
|c|Ōśåtha worldo|makes sense
|c|Ōśåcastoriceball|pairs with unburden
|c|Ōśåcastoriceball|means basically any strong neutral hit will double speed
|
|t:|1783716192
|teamsize|p1|4
|teamsize|p2|4
|start
|switch|p1a: BIRDD|Talonflame, L50, F|100/100
|switch|p1b: Laundry List|Rotom-Wash, L50, shiny|100/100
|switch|p2a: Charizard|Charizard, L50, F|100/100
|switch|p2b: Toxapex|Toxapex, L50, F|100/100
|turn|1
|
|t:|1783716225
|switch|p2a: Incineroar|Incineroar, L50, F|100/100
|-ability|p2a: Incineroar|Intimidate|boost
|-unboost|p1a: BIRDD|atk|1
|-unboost|p1b: Laundry List|atk|1
|move|p1a: BIRDD|Tailwind|p1a: BIRDD
|-sidestart|p1: castoriceball|move: Tailwind
|move|p1b: Laundry List|Thunderbolt|p2b: Toxapex
|-supereffective|p2b: Toxapex|1
|-damage|p2b: Toxapex|19/100
|move|p2b: Toxapex|Toxic|p1b: Laundry List
|-status|p1b: Laundry List|tox
|
|-heal|p2b: Toxapex|25/100|[from] item: Leftovers
|-damage|p1b: Laundry List|94/100 tox|[from] psn
|upkeep
|turn|2
|
|t:|1783716246
|switch|p1a: jarchomp|Garchomp, L50, M|100/100
|-heal|p2b: Toxapex|58/100|[from] ability: Regenerator|[silent]
|switch|p2b: Charizard|Charizard, L50, F|100/100
|move|p2a: Incineroar|Fake Out|p1b: Laundry List
|-damage|p1b: Laundry List|83/100 tox
|cant|p1b: Laundry List|flinch
|
|-damage|p1b: Laundry List|71/100 tox|[from] psn
|upkeep
|turn|3
|
|t:|1783716266
|detailschange|p2b: Charizard|Charizard-Mega-Y, L50, F
|-mega|p2b: Charizard|Charizard|Charizardite Y
|-weather|SunnyDay|[from] ability: Drought|[of] p2b: Charizard
|move|p2b: Charizard|Protect|p2b: Charizard
|-singleturn|p2b: Charizard|Protect
|move|p1a: jarchomp|Rock Slide|p2b: Charizard|[spread] p2a
|-activate|p2b: Charizard|move: Protect
|-supereffective|p2a: Incineroar|1
|-damage|p2a: Incineroar|57/100
|-damage|p1a: jarchomp|90/100|[from] item: Life Orb
|move|p1b: Laundry List|Thunderbolt|p2a: Incineroar
|-damage|p2a: Incineroar|15/100
|-enditem|p2a: Incineroar|Sitrus Berry|[eat]
|-heal|p2a: Incineroar|40/100|[from] item: Sitrus Berry
|move|p2a: Incineroar|Parting Shot|p1a: jarchomp
|-unboost|p1a: jarchomp|atk|1
|-unboost|p1a: jarchomp|spa|1
|
|t:|1783716288
|switch|p2a: Toxapex|Toxapex, L50, F|58/100|[from] Parting Shot
|
|-weather|SunnyDay|[upkeep]
|-heal|p2a: Toxapex|64/100|[from] item: Leftovers
|-damage|p1b: Laundry List|54/100 tox|[from] psn
|upkeep
|turn|4
|
|t:|1783716306
|switch|p2b: Incineroar|Incineroar, L50, F|40/100
|-ability|p2b: Incineroar|Intimidate|boost
|-unboost|p1a: jarchomp|atk|1
|-unboost|p1b: Laundry List|atk|1
|move|p2a: Toxapex|Wide Guard|p2a: Toxapex
|-singleturn|p2a: Toxapex|Wide Guard
|move|p1a: jarchomp|Dragon Claw|p2b: Incineroar
|-damage|p2b: Incineroar|19/100
|-damage|p1a: jarchomp|80/100|[from] item: Life Orb
|move|p1b: Laundry List|Thunderbolt|p2b: Incineroar
|-crit|p2b: Incineroar
|-damage|p2b: Incineroar|0 fnt
|faint|p2b: Incineroar
|
|-weather|SunnyDay|[upkeep]
|-heal|p2a: Toxapex|70/100|[from] item: Leftovers
|-damage|p1b: Laundry List|31/100 tox|[from] psn
|-sideend|p1: castoriceball|move: Tailwind
|upkeep
|
|t:|1783716320
|switch|p2b: Venusaur|Venusaur, L50, M|100/100
|turn|5
|
|t:|1783716352
|switch|p1a: BIRDD|Talonflame, L50, F|100/100
|move|p2b: Venusaur|Solar Beam||[still]
|-prepare|p2b: Venusaur|Solar Beam
|-anim|p2b: Venusaur|Solar Beam|p1b: Laundry List
|-supereffective|p1b: Laundry List|1
|-damage|p1b: Laundry List|0 fnt
|faint|p1b: Laundry List
|-damage|p2b: Venusaur|90/100|[from] item: Life Orb
|move|p2a: Toxapex|Infestation|p1a: BIRDD
|-resisted|p1a: BIRDD|2
|-damage|p1a: BIRDD|99/100
|-activate|p1a: BIRDD|move: Infestation|[of] p2a: Toxapex
|
|-weather|SunnyDay|[upkeep]
|-heal|p2a: Toxapex|75/100|[from] item: Leftovers
|-damage|p1a: BIRDD|87/100|[from] move: Infestation|[partiallytrapped]
|upkeep
|
|t:|1783716372
|switch|p1b: Swords4Hands|Ceruledge, L50, F|100/100
|turn|6
|
|t:|1783716382
|move|p2b: Venusaur|Protect|p2b: Venusaur
|-singleturn|p2b: Venusaur|Protect
|move|p1a: BIRDD|Tailwind|p1a: BIRDD
|-sidestart|p1: castoriceball|move: Tailwind
|move|p1b: Swords4Hands|Bitter Blade|p2b: Venusaur
|-activate|p2b: Venusaur|move: Protect
|move|p2a: Toxapex|Toxic|p1b: Swords4Hands
|-status|p1b: Swords4Hands|tox
|
|-weather|SunnyDay|[upkeep]
|-heal|p2a: Toxapex|81/100|[from] item: Leftovers
|-damage|p1b: Swords4Hands|93/100 tox|[from] psn
|-damage|p1a: BIRDD|74/100|[from] move: Infestation|[partiallytrapped]
|upkeep
|turn|7
|
|t:|1783716406
|switch|p2b: Charizard|Charizard-Mega-Y, L50, F|100/100
|move|p1a: BIRDD|Dual Wingbeat|p2b: Charizard
|-damage|p2b: Charizard|81/100
|-damage|p2b: Charizard|63/100
|-hitcount|p2b: Charizard|2
|move|p1b: Swords4Hands|Poltergeist|p2b: Charizard
|-activate|p2b: Charizard|move: Poltergeist|Charizardite Y
|-damage|p2b: Charizard|5/100
|move|p2a: Toxapex|Infestation|p1b: Swords4Hands
|-resisted|p1b: Swords4Hands|2
|-damage|p1b: Swords4Hands|93/100 tox
|-activate|p1b: Swords4Hands|move: Infestation|[of] p2a: Toxapex
|
|-weather|none
|-heal|p2a: Toxapex|87/100|[from] item: Leftovers
|-damage|p1b: Swords4Hands|81/100 tox|[from] psn
|-damage|p1a: BIRDD|62/100|[from] move: Infestation|[partiallytrapped]
|-damage|p1b: Swords4Hands|69/100 tox|[from] move: Infestation|[partiallytrapped]
|upkeep
|turn|8
|
|t:|1783716430
|-heal|p2a: Toxapex|100/100|[from] ability: Regenerator|[silent]
|switch|p2a: Venusaur|Venusaur, L50, M|90/100
|move|p2b: Charizard|Protect|p2b: Charizard
|-singleturn|p2b: Charizard|Protect
|move|p1a: BIRDD|Dual Wingbeat|p2a: Venusaur
|-supereffective|p2a: Venusaur|1
|-damage|p2a: Venusaur|41/100
|-supereffective|p2a: Venusaur|1
|-damage|p2a: Venusaur|0 fnt
|faint|p2a: Venusaur
|-hitcount|p2: Venusaur|2
|move|p1b: Swords4Hands|Poltergeist|p2b: Charizard
|-activate|p2b: Charizard|move: Protect
|
|-damage|p1b: Swords4Hands|51/100 tox|[from] psn
|-end|p1a: BIRDD|Infestation|[partiallytrapped]|[silent]
|-end|p1b: Swords4Hands|Infestation|[partiallytrapped]|[silent]
|upkeep
|
|t:|1783716434
|switch|p2a: Toxapex|Toxapex, L50, F|100/100
|turn|9
|
|t:|1783716459
|switch|p1b: jarchomp|Garchomp, L50, M|80/100
|move|p2b: Charizard|Helping Hand|p2a: Toxapex
|-singleturn|p2a: Toxapex|Helping Hand|[of] p2b: Charizard
|move|p1a: BIRDD|Dual Wingbeat|p2b: Charizard
|-damage|p2b: Charizard|0 fnt
|faint|p2b: Charizard
|-hitcount|p2: Charizard|1
|move|p2a: Toxapex|Toxic|p1a: BIRDD
|-status|p1a: BIRDD|tox
|
|-damage|p1a: BIRDD|56/100 tox|[from] psn
|-sideend|p1: castoriceball|move: Tailwind
|upkeep
|turn|10
|
|t:|1783716478
|move|p1a: BIRDD|Will-O-Wisp|p2a: Toxapex|[miss]
|-miss|p1a: BIRDD|p2a: Toxapex
|move|p1b: jarchomp|Earthquake|p2a: Toxapex|[spread] p2a
|-immune|p1a: BIRDD
|-supereffective|p2a: Toxapex|1
|-damage|p2a: Toxapex|25/100
|-damage|p1b: jarchomp|71/100|[from] item: Life Orb
|move|p2a: Toxapex|Toxic|p1b: jarchomp
|-status|p1b: jarchomp|tox
|
|-heal|p2a: Toxapex|31/100|[from] item: Leftovers
|-damage|p1a: BIRDD|45/100 tox|[from] psn
|-damage|p1b: jarchomp|65/100 tox|[from] psn
|upkeep
|turn|11
|
|t:|1783716501
|move|p2a: Toxapex|Wide Guard|p2a: Toxapex
|-singleturn|p2a: Toxapex|Wide Guard
|move|p1a: BIRDD|Will-O-Wisp|p2a: Toxapex|[miss]
|-miss|p1a: BIRDD|p2a: Toxapex
|move|p1b: jarchomp|Earthquake|p2a: Toxapex|[spread] 
|-activate|p2a: Toxapex|move: Wide Guard
|-immune|p1a: BIRDD
|
|-heal|p2a: Toxapex|36/100|[from] item: Leftovers
|-damage|p1a: BIRDD|27/100 tox|[from] psn
|-damage|p1b: jarchomp|53/100 tox|[from] psn
|upkeep
|turn|12
|
|t:|1783716510
|move|p2a: Toxapex|Baneful Bunker|p2a: Toxapex
|-singleturn|p2a: Toxapex|move: Protect
|move|p1a: BIRDD|Dual Wingbeat|p2a: Toxapex
|-activate|p2a: Toxapex|move: Protect
|move|p1b: jarchomp|Dragon Claw|p2a: Toxapex
|-activate|p2a: Toxapex|move: Protect
|
|-heal|p2a: Toxapex|42/100|[from] item: Leftovers
|-damage|p1a: BIRDD|4/100 tox|[from] psn
|-damage|p1b: jarchomp|35/100 tox|[from] psn
|upkeep
|turn|13
|
|t:|1783716520
|move|p2a: Toxapex|Baneful Bunker||[still]
|-fail|p2a: Toxapex
|move|p1a: BIRDD|Dual Wingbeat|p2a: Toxapex
|-damage|p2a: Toxapex|29/100
|-damage|p2a: Toxapex|15/100
|-hitcount|p2a: Toxapex|2
|move|p1b: jarchomp|Dragon Claw|p2a: Toxapex
|-damage|p2a: Toxapex|0 fnt
|faint|p2a: Toxapex
|-damage|p1b: jarchomp|26/100 tox|[from] item: Life Orb
|
|win|castoriceball
||tha worldo is ready for game 2.
