|j|☆Ionrain
|j|☆maniac916
|html|Ionrainmaniac916    
|uhtml|bestof|Game 2 of a best-of-3
|t:|1757742049
|gametype|doubles
|player|p1|Ionrain|skyla|1010
|player|p2|maniac916|1|1032
|gen|9
|tier|[Gen 9] VGC 2025 Reg H (Bo3)
|rated|
|rule|Species Clause: Limit one of each Pokémon
|rule|Item Clause: Limit 1 of each item
|clearpoke
|poke|p1|Lycanroc, L50, F|
|poke|p1|Tyranitar, L50, F|
|poke|p1|Slowbro, L50, F|
|poke|p1|Arcanine-Hisui, L50, M|
|poke|p1|Typhlosion-Hisui, L50, M|
|poke|p1|Amoonguss, L50, M|
|poke|p2|Gholdengo, L50|
|poke|p2|Kilowattrel, L50, M|
|poke|p2|Garchomp, L50, F|
|poke|p2|Incineroar, L50, F|
|poke|p2|Amoonguss, L50, M|
|poke|p2|Tyranitar, L50, F|
|teampreview|4
|showteam|p1|Lycanroc||ChoiceBand|SandRush|Accelerock,StoneEdge,CloseCombat,PsychicFangs|||F|||50|,,,,,Fighting]Tyranitar||ClearAmulet|SandStream|StoneEdge,RockSlide,Crunch,Protect|||F|||50|,,,,,Rock]Slowbro||Leftovers|Regenerator|HydroPump,Psychic,Protect,TrickRoom|||F|||50|,,,,,Ghost]Arcanine-Hisui||FocusSash|RockHead|FlareBlitz,HeadSmash,CloseCombat,ExtremeSpeed|||M|||50|,,,,,Rock]Typhlosion-Hisui||ChoiceSpecs|Blaze|Eruption,LavaPlume,ShadowBall,BlastBurn|||M|||50|,,,,,Fire]Amoonguss||RockyHelmet|Regenerator|SludgeBomb,Spore,RagePowder,Protect|||M|||50|,,,,,Grass
|showteam|p2|Gholdengo||MetalCoat|GoodasGold|MakeItRain,NastyPlot,ShadowBall,Protect||||||50|,,,,,Flying]Kilowattrel||CovertCloak|Competitive|AirSlash,Tailwind,Thunderbolt,Protect|||M|||50|,,,,,Fairy]Garchomp||LifeOrb|RoughSkin|StompingTantrum,DragonClaw,Earthquake,Protect|||F|||50|,,,,,Fire]Incineroar||SafetyGoggles|Intimidate|FakeOut,FlareBlitz,KnockOff,PartingShot|||F|||50|,,,,,Grass]Amoonguss||SitrusBerry|Regenerator|Spore,RagePowder,PollenPuff,Protect|||M|||50|,,,,,Water]Tyranitar||AssaultVest|SandStream|RockSlide,KnockOff,LowKick,TeraBlast|||F|||50|,,,,,Flying
|inactive|Battle timer is ON: inactive players will automatically lose when time's up. (requested by Ionrain)
|inactive|maniac916 has 60 seconds left.
|
|t:|1757742097
|teamsize|p1|4
|teamsize|p2|4
|start
|switch|p1a: Slowbro|Slowbro, L50, F|100/100
|switch|p1b: Amoonguss|Amoonguss, L50, M|100/100
|switch|p2a: Amoonguss|Amoonguss, L50, M|100/100
|switch|p2b: Gholdengo|Gholdengo, L50|100/100
|turn|1
|
|t:|1757742118
|move|p1a: Slowbro|Protect|p1a: Slowbro
|-singleturn|p1a: Slowbro|Protect
|move|p2b: Gholdengo|Nasty Plot|p2b: Gholdengo
|-boost|p2b: Gholdengo|spa|2
|move|p2a: Amoonguss|Spore|p1a: Slowbro
|-activate|p1a: Slowbro|move: Protect
|move|p1b: Amoonguss|Spore|p2b: Gholdengo
|-immune|p2b: Gholdengo|[from] ability: Good as Gold
|
|upkeep
|turn|2
|inactive|Ionrain has 30 seconds left.
|
|t:|1757742147
|move|p2b: Gholdengo|Nasty Plot|p2b: Gholdengo
|-boost|p2b: Gholdengo|spa|2
|move|p2a: Amoonguss|Spore|p1a: Slowbro
|-status|p1a: Slowbro|slp|[from] move: Spore
|move|p1b: Amoonguss|Sludge Bomb|p2a: Amoonguss
|-damage|p2a: Amoonguss|80/100
|cant|p1a: Slowbro|slp
|
|upkeep
|turn|3
|inactive|maniac916 has 30 seconds left.
|
|t:|1757742177
|move|p2b: Gholdengo|Make It Rain|p1a: Slowbro|[spread] p1a,p1b
|-resisted|p1a: Slowbro
|-crit|p1a: Slowbro
|-damage|p1a: Slowbro|0 fnt
|-damage|p1b: Amoonguss|0 fnt
|-unboost|p2b: Gholdengo|spa|1
|faint|p1a: Slowbro
|faint|p1b: Amoonguss
|move|p2a: Amoonguss|Pollen Puff|p1: Slowbro|[notarget]
|-fail|p2a: Amoonguss
|
|upkeep
|
|t:|1757742182
|switch|p1b: Arcanine|Arcanine-Hisui, L50, M|100/100
|switch|p1a: Typhlosion|Typhlosion-Hisui, L50, M|100/100
|turn|4
|
|t:|1757742204
|-terastallize|p2a: Amoonguss|Water
|move|p1b: Arcanine|Flare Blitz|p2b: Gholdengo
|-supereffective|p2b: Gholdengo
|-damage|p2b: Gholdengo|0 fnt
|faint|p2b: Gholdengo
|move|p1a: Typhlosion|Eruption|p2a: Amoonguss
|-resisted|p2a: Amoonguss
|-damage|p2a: Amoonguss|34/100
|-enditem|p2a: Amoonguss|Sitrus Berry|[eat]
|-heal|p2a: Amoonguss|59/100|[from] item: Sitrus Berry
|move|p2a: Amoonguss|Spore|p1a: Typhlosion
|-status|p1a: Typhlosion|slp|[from] move: Spore
|
|upkeep
|
|t:|1757742219
|switch|p2b: Garchomp|Garchomp, L50, F|100/100
|turn|5
|
|t:|1757742231
|-terastallize|p1b: Arcanine|Rock
|move|p2a: Amoonguss|Rage Powder|p2a: Amoonguss
|-singleturn|p2a: Amoonguss|move: Rage Powder
|move|p2b: Garchomp|Earthquake|p1a: Typhlosion|[spread] p2a,p1a,p1b
|-supereffective|p1a: Typhlosion
|-supereffective|p1b: Arcanine
|-damage|p2a: Amoonguss|14/100
|-damage|p1a: Typhlosion|0 fnt
|-enditem|p1b: Arcanine|Focus Sash
|-damage|p1b: Arcanine|1/100
|faint|p1a: Typhlosion
|-damage|p2b: Garchomp|91/100|[from] item: Life Orb
|move|p1b: Arcanine|Head Smash|p2a: Amoonguss
|-damage|p2a: Amoonguss|0 fnt
|faint|p2a: Amoonguss
|
|upkeep
|
|t:|1757742246
|switch|p2a: Incineroar|Incineroar, L50, F, shiny|100/100
|-ability|p2a: Incineroar|Intimidate|boost
|-unboost|p1b: Arcanine|atk|1
|turn|6
|
|t:|1757742253
|move|p2a: Incineroar|Fake Out|p1b: Arcanine
|-resisted|p1b: Arcanine
|-damage|p1b: Arcanine|0 fnt
|faint|p1b: Arcanine
|
|win|maniac916
||Ionrain is ready for game 3.
||maniac916 is ready for game 3.
|uhtml|next|Next: Game 3 of 3
|l|☆Ionrain
|player|p1|
