|j|☆KodeBeast0526
|j|☆SimioDyn
|html|KodeBeast0526SimioDyn    
|uhtml|bestof|Game 1 of a best-of-3
|t:|1783616773
|gametype|doubles
|player|p1|KodeBeast0526|hiker|1079
|player|p2|SimioDyn|2|1013
|gen|9
|tier|[Gen 9 Champions] VGC 2026 Reg M-B (Bo3)
|rated|
|rule|Species Clause: Limit one of each Pokémon
|rule|Item Clause: Limit 1 of each item
|clearpoke
|poke|p1|Aerodactyl, L50, M|
|poke|p1|Kingambit, L50, M|
|poke|p1|Sylveon, L50, M|
|poke|p1|Garchomp, L50, M|
|poke|p1|Charizard, L50, M|
|poke|p1|Incineroar, L50, M|
|poke|p2|Gengar, L50, F|
|poke|p2|Sableye, L50, F|
|poke|p2|Milotic, L50, F|
|poke|p2|Incineroar, L50, F|
|poke|p2|Ninetales-Alola, L50, F|
|poke|p2|Garchomp, L50, M|
|teampreview|4
|showteam|p1|Aerodactyl||Aerodactylite|Unnerve|RockSlide,IceFang,Tailwind,WideGuard|Jolly||M|||50|]Kingambit||FocusSash|Defiant|KowtowCleave,SuckerPunch,IronHead,Protect|Adamant||M|||50|]Sylveon||FairyFeather|Pixilate|Detect,HyperVoice,HyperBeam,QuickAttack|Modest||M|||50|]Garchomp||LifeOrb|RoughSkin|Earthquake,DragonClaw,StompingTantrum,Protect|Jolly||M|||50|]Charizard||CharizarditeY|Blaze|Protect,HeatWave,SolarBeam,WeatherBall|Modest||M|||50|]Incineroar||SitrusBerry|Intimidate|DarkestLariat,FlareBlitz,FakeOut,PartingShot|Impish||M|||50|
|showteam|p2|Gengar||Gengarite|CursedBody|Hypnosis,SludgeBomb,ShadowBall,Protect|Timid||F|||50|]Sableye||MentalHerb|Prankster|FakeOut,Gravity,Encore,FoulPlay|Relaxed||F|||50|]Milotic||Leftovers|Competitive|Hypnosis,Blizzard,MuddyWater,Coil|Timid||F|||50|]Incineroar||SitrusBerry|Intimidate|FakeOut,PartingShot,FlareBlitz,DarkestLariat|Adamant||F|||50|]Ninetales-Alola||FocusSash|SnowWarning|AuroraVeil,Blizzard,Encore,DazzlingGleam|Timid||F|||50|]Garchomp||ChoiceScarf|RoughSkin|RockSlide,Earthquake,DragonClaw,StompingTantrum|Jolly||M|||50|
|
|t:|1783616804
|teamsize|p1|4
|teamsize|p2|4
|start
|switch|p1a: Kingambit|Kingambit, L50, M|100/100
|switch|p1b: Incineroar|Incineroar, L50, M|100/100
|switch|p2a: Garchomp|Garchomp, L50, M|100/100
|switch|p2b: Sableye|Sableye, L50, F|100/100
|-ability|p1b: Incineroar|Intimidate|boost
|-unboost|p2a: Garchomp|atk|1
|-unboost|p2b: Sableye|atk|1
|turn|1
|
|t:|1783616835
|move|p1b: Incineroar|Fake Out|p2a: Garchomp
|-damage|p2a: Garchomp|88/100
|-damage|p1b: Incineroar|87/100|[from] ability: Rough Skin|[of] p2a: Garchomp
|move|p2b: Sableye|Fake Out|p1a: Kingambit
|-resisted|p1a: Kingambit|1
|-damage|p1a: Kingambit|97/100
|cant|p1a: Kingambit|flinch
|cant|p2a: Garchomp|flinch
|
|upkeep
|turn|2
|
|t:|1783616853
|move|p1a: Kingambit|Sucker Punch|p2a: Garchomp
|-damage|p2a: Garchomp|46/100
|-damage|p1a: Kingambit|85/100|[from] ability: Rough Skin|[of] p2a: Garchomp
|move|p2b: Sableye|Gravity|p2b: Sableye
|-fieldstart|move: Gravity
|move|p2a: Garchomp|Earthquake|p1b: Incineroar|[spread] p2b,p1a,p1b
|-supereffective|p1a: Kingambit|1
|-supereffective|p1b: Incineroar|1
|-damage|p2b: Sableye|65/100
|-damage|p1a: Kingambit|44/100
|-damage|p1b: Incineroar|51/100
|move|p1b: Incineroar|Parting Shot|p2a: Garchomp
|-unboost|p2a: Garchomp|atk|1
|-unboost|p2a: Garchomp|spa|1
|
|t:|1783616860
|switch|p1b: Charizard|Charizard, L50, M|100/100|[from] Parting Shot
|
|upkeep
|turn|3
|
|t:|1783616885
|detailschange|p1b: Charizard|Charizard-Mega-Y, L50, M
|-mega|p1b: Charizard|Charizard|Charizardite Y
|-weather|SunnyDay|[from] ability: Drought|[of] p1b: Charizard
|move|p1a: Kingambit|Sucker Punch|p2a: Garchomp
|-damage|p2a: Garchomp|5/100
|-damage|p1a: Kingambit|31/100|[from] ability: Rough Skin|[of] p2a: Garchomp
|move|p2a: Garchomp|Earthquake|p1b: Charizard|[spread] p2b,p1a,p1b
|-supereffective|p1a: Kingambit|1
|-supereffective|p1b: Charizard|1
|-damage|p2b: Sableye|42/100
|-damage|p1a: Kingambit|3/100
|-damage|p1b: Charizard|59/100
|move|p1b: Charizard|Heat Wave|p2a: Garchomp|[spread] p2a,p2b
|-resisted|p2a: Garchomp|1
|-damage|p2a: Garchomp|0 fnt
|-damage|p2b: Sableye|0 fnt
|faint|p2a: Garchomp
|faint|p2b: Sableye
|
|-weather|SunnyDay|[upkeep]
|upkeep
|
|t:|1783616906
|switch|p2a: Gengar|Gengar, L50, F|100/100
|switch|p2b: Ninetales|Ninetales-Alola, L50, F|100/100
|-weather|Snowscape|[from] ability: Snow Warning|[of] p2b: Ninetales
|turn|4
|
|t:|1783616932
|switch|p1b: Incineroar|Incineroar, L50, M|51/100
|-ability|p1b: Incineroar|Intimidate|boost
|-unboost|p2a: Gengar|atk|1
|-unboost|p2b: Ninetales|atk|1
|detailschange|p2a: Gengar|Gengar-Mega, L50, F
|-mega|p2a: Gengar|Gengar|Gengarite
|move|p2a: Gengar|Shadow Ball|p1b: Incineroar
|-resisted|p1b: Incineroar|1
|-damage|p1b: Incineroar|26/100
|-enditem|p1b: Incineroar|Sitrus Berry|[eat]
|-heal|p1b: Incineroar|51/100|[from] item: Sitrus Berry
|move|p2b: Ninetales|Blizzard|p1a: Kingambit|[spread] p1a,p1b
|-resisted|p1a: Kingambit|1
|-resisted|p1b: Incineroar|1
|-damage|p1a: Kingambit|0 fnt
|-damage|p1b: Incineroar|37/100
|-status|p1b: Incineroar|frz
|faint|p1a: Kingambit
|
|-weather|Snowscape|[upkeep]
|upkeep
|
|t:|1783616947
|switch|p1a: Charizard|Charizard-Mega-Y, L50, M|59/100
|-weather|SunnyDay|[from] ability: Drought|[of] p1a: Charizard
|turn|5
|
|t:|1783616969
|move|p2a: Gengar|Sludge Bomb|p1a: Charizard
|-damage|p1a: Charizard|9/100
|-status|p1a: Charizard|psn
|move|p2b: Ninetales|Aurora Veil||[still]
|-fail|p2b: Ninetales
|move|p1a: Charizard|Heat Wave|p2a: Gengar|[spread] p2a,p2b
|-supereffective|p2b: Ninetales|1
|-damage|p2a: Gengar|14/100
|-enditem|p2b: Ninetales|Focus Sash
|-damage|p2b: Ninetales|1/100
|-curestatus|p1b: Incineroar|frz|[from] move: Flare Blitz
|move|p1b: Incineroar|Flare Blitz|p2b: Ninetales
|-supereffective|p2b: Ninetales|1
|-damage|p2b: Ninetales|0 fnt
|faint|p2b: Ninetales
|-damage|p1b: Incineroar|36/100|[from] Recoil
|
|-weather|SunnyDay|[upkeep]
|-damage|p1a: Charizard|0 fnt|[from] psn
|faint|p1a: Charizard
|upkeep
|
|t:|1783616982
|switch|p1a: Garchomp|Garchomp, L50, M|100/100
|turn|6
|
|t:|1783616996
|move|p2a: Gengar|Sludge Bomb|p1b: Incineroar
|-damage|p1b: Incineroar|0 fnt
|faint|p1b: Incineroar
|move|p1a: Garchomp|Stomping Tantrum|p2a: Gengar
|-supereffective|p2a: Gengar|1
|-damage|p2a: Gengar|0 fnt
|faint|p2a: Gengar
|-damage|p1a: Garchomp|90/100|[from] item: Life Orb
|
|win|KodeBeast0526
