|j|☆Prepucio Santos
|j|☆diederik49
|html|Prepucio Santosdiederik49    
|uhtml|bestof|Game 2 of a best-of-3
|t:|1783462680
|gametype|doubles
|player|p1|Prepucio Santos|striker|1326
|player|p2|diederik49|iono|1395
|gen|9
|tier|[Gen 9 Champions] VGC 2026 Reg M-B (Bo3)
|rated|
|rule|Species Clause: Limit one of each Pokémon
|rule|Item Clause: Limit 1 of each item
|clearpoke
|poke|p1|Incineroar, L50, F|
|poke|p1|Sinistcha-Masterpiece, L50, shiny|
|poke|p1|Floette-Eternal, L50, F|
|poke|p1|Kingambit, L50, M|
|poke|p1|Sneasler, L50, M|
|poke|p1|Delphox, L50, M, shiny|
|poke|p2|Raichu, L50, M|
|poke|p2|Gengar, L50, F|
|poke|p2|Incineroar, L50, F|
|poke|p2|Kingambit, L50, F|
|poke|p2|Ninetales-Alola, L50, M|
|poke|p2|Primarina, L50, M|
|teampreview|4
|showteam|p1|Incineroar||SitrusBerry|Intimidate|FakeOut,PartingShot,ThroatChop,FlareBlitz|Careful||F|||50|]Sinistcha-Masterpiece||KasibBerry|Hospitality|MatchaGotcha,LifeDew,RagePowder,TrickRoom|Bold|||||50|]Floette-Eternal||Floettite|FlowerVeil|Moonblast,DazzlingGleam,CalmMind,Protect|Modest||F|||50|]Kingambit||BlackGlasses|Defiant|KowtowCleave,SuckerPunch,SwordsDance,Protect|Adamant||M|||50|]Sneasler||FocusSash|PoisonTouch|FakeOut,CloseCombat,DireClaw,QuickGuard|Jolly||M|||50|]Delphox||Delphoxite|Blaze|HeatWave,Psyshock,NastyPlot,Protect|Timid||M|||50|
|showteam|p2|Raichu||RaichuniteY|LightningRod|ZapCannon,FocusBlast,FakeOut,Protect|Timid||M|||50|]Gengar||Gengarite|CursedBody|ShadowBall,Disable,PerishSong,Protect|Timid||F|||50|]Incineroar||PasshoBerry|Intimidate|FlareBlitz,FakeOut,PartingShot,Protect|Relaxed||F|||50|]Kingambit||LifeOrb|Defiant|KowtowCleave,SuckerPunch,IronHead,Protect|Adamant||F|||50|]Ninetales-Alola||FocusSash|SnowWarning|Blizzard,FreezeDry,Encore,Protect|Timid||M|||50|]Primarina||Leftovers|LiquidVoice|HyperVoice,Moonblast,CalmMind,Protect|Modest||M|||50|
|inactive|Battle timer is ON: inactive players will automatically lose when time's up. (requested by Prepucio Santos)
|
|t:|1783462713
|teamsize|p1|4
|teamsize|p2|4
|start
|switch|p1a: Sneasler|Sneasler, L50, M|100/100
|switch|p1b: Kingambit|Kingambit, L50, M|100/100
|switch|p2a: Raichu|Raichu, L50, M|100/100
|switch|p2b: Primarina|Primarina, L50, M|100/100
|turn|1
|inactive|Prepucio Santos has 30 seconds left.
|inactive|diederik49 has 30 seconds left.
|inactive|diederik49 has 20 seconds left.
|
|t:|1783462752
|detailschange|p2a: Raichu|Raichu-Mega-Y, L50, M
|-mega|p2a: Raichu|Raichu|Raichunite Y
|move|p2a: Raichu|Fake Out|p1b: Kingambit
|-resisted|p1b: Kingambit|1
|-damage|p1b: Kingambit|97/100
|move|p1a: Sneasler|Fake Out|p2b: Primarina
|-damage|p2b: Primarina|83/100
|-status|p2b: Primarina|psn|[from] ability: Poison Touch|[of] p1a: Sneasler
|cant|p2b: Primarina|flinch
|cant|p1b: Kingambit|flinch
|
|-heal|p2b: Primarina|89/100 psn|[from] item: Leftovers
|-damage|p2b: Primarina|77/100 psn|[from] psn
|upkeep
|turn|2
|
|t:|1783462771
|move|p1b: Kingambit|Sucker Punch|p2a: Raichu
|-damage|p2a: Raichu|27/100
|move|p2a: Raichu|Zap Cannon|p1a: Sneasler
|-damage|p1a: Sneasler|21/100
|-status|p1a: Sneasler|par
|move|p2b: Primarina|Hyper Voice|p1b: Kingambit|[spread] p1a,p1b
|-damage|p1a: Sneasler|0 fnt
|-damage|p1b: Kingambit|64/100
|faint|p1a: Sneasler
|
|-heal|p2b: Primarina|83/100 psn|[from] item: Leftovers
|-damage|p2b: Primarina|71/100 psn|[from] psn
|upkeep
|
|t:|1783462787
|switch|p1a: Delphox|Delphox, L50, M, shiny|100/100
|turn|3
|
|t:|1783462796
|detailschange|p1a: Delphox|Delphox-Mega, L50, M, shiny
|-mega|p1a: Delphox|Delphox|Delphoxite
|move|p1b: Kingambit|Sucker Punch|p2b: Primarina
|-resisted|p2b: Primarina|1
|-damage|p2b: Primarina|42/100 psn
|move|p1a: Delphox|Heat Wave|p2b: Primarina|[spread] p2a,p2b
|-resisted|p2b: Primarina|1
|-damage|p2a: Raichu|0 fnt
|-damage|p2b: Primarina|25/100 psn
|faint|p2a: Raichu
|move|p2b: Primarina|Hyper Voice|p1b: Kingambit|[spread] p1a,p1b
|-supereffective|p1a: Delphox|1
|-crit|p1b: Kingambit
|-damage|p1a: Delphox|36/100
|-damage|p1b: Kingambit|12/100
|
|-heal|p2b: Primarina|31/100 psn|[from] item: Leftovers
|-damage|p2b: Primarina|18/100 psn|[from] psn
|upkeep
|
|t:|1783462808
|switch|p2a: Kingambit|Kingambit, L50, F|100/100
|turn|4
|
|t:|1783462824
|switch|p1a: Sinistcha|Sinistcha-Masterpiece, L50, shiny|100/100
|-heal|p1b: Kingambit|36/100|[from] ability: Hospitality|[of] p1a: Sinistcha
|switch|p2b: Incineroar|Incineroar, L50, F|100/100
|-ability|p2b: Incineroar|Intimidate|boost
|-unboost|p1a: Sinistcha|atk|1
|-unboost|p1b: Kingambit|atk|1
|-ability|p1b: Kingambit|Defiant|boost
|-boost|p1b: Kingambit|atk|2
|move|p2a: Kingambit|Sucker Punch|p1b: Kingambit
|-resisted|p1b: Kingambit|1
|-damage|p1b: Kingambit|15/100
|-damage|p2a: Kingambit|90/100|[from] item: Life Orb
|move|p1b: Kingambit|Sucker Punch||[still]
|-fail|p1b: Kingambit
|
|upkeep
|turn|5
|
|t:|1783462845
|move|p1b: Kingambit|Protect|p1b: Kingambit
|-singleturn|p1b: Kingambit|Protect
|move|p2a: Kingambit|Kowtow Cleave|p1a: Sinistcha
|-supereffective|p1a: Sinistcha|1
|-damage|p1a: Sinistcha|0 fnt
|faint|p1a: Sinistcha
|-damage|p2a: Kingambit|80/100|[from] item: Life Orb
|move|p2b: Incineroar|Flare Blitz|p1b: Kingambit
|-activate|p1b: Kingambit|move: Protect
|
|upkeep
|
|t:|1783462849
|switch|p1a: Delphox|Delphox-Mega, L50, M, shiny|36/100
|turn|6
|
|t:|1783462858
|move|p2a: Kingambit|Sucker Punch||[still]
|-fail|p2a: Kingambit
|move|p1a: Delphox|Nasty Plot|p1a: Delphox
|-boost|p1a: Delphox|spa|2
|move|p2b: Incineroar|Flare Blitz|p1b: Kingambit
|-supereffective|p1b: Kingambit|1
|-damage|p1b: Kingambit|0 fnt
|faint|p1b: Kingambit
|-damage|p2b: Incineroar|94/100|[from] Recoil
|
|upkeep
|turn|7
|-message|Prepucio Santos forfeited.
|
|win|diederik49
