|j|☆Ramalon
|j|☆marcoslegui
|html|Ramalonmarcoslegui    
|uhtml|bestof|Game 2 of a best-of-3
|t:|1756467900
|gametype|doubles
|player|p1|Ramalon|ingo|1075
|player|p2|marcoslegui|pokekid|1139
|gen|9
|tier|[Gen 9] VGC 2025 Reg H (Bo3)
|rated|
|rule|Species Clause: Limit one of each Pokémon
|rule|Item Clause: Limit 1 of each item
|clearpoke
|poke|p1|Pelipper, L50, F|
|poke|p1|Archaludon, L50, F|
|poke|p1|Amoonguss, L50, M|
|poke|p1|Gholdengo, L50|
|poke|p1|Basculegion, L50, M|
|poke|p1|Incineroar, L50, F|
|poke|p2|Sneasler, L50, F|
|poke|p2|Volcarona, L50, M|
|poke|p2|Kingambit, L50, M|
|poke|p2|Baxcalibur, L50, F|
|poke|p2|Basculegion, L50, M|
|poke|p2|Rillaboom, L50, M|
|teampreview|4
|showteam|p1|Pelipper||FocusSash|Drizzle|Protect,Tailwind,Hurricane,WeatherBall|||F|||50|,,,,,Stellar]Archaludon||AssaultVest|Stamina|BodyPress,FlashCannon,DragonPulse,ElectroShot|||F|||50|,,,,,Grass]Amoonguss||RockyHelmet|Regenerator|Spore,RagePowder,PollenPuff,Protect|||M|||50|,,,,,Water]Gholdengo||LifeOrb|GoodasGold|MakeItRain,ShadowBall,NastyPlot,Protect||||||50|,,,,,Water]Basculegion||ChoiceScarf|Adaptability|WaveCrash,AquaJet,LastRespects,FlipTurn|||M|||50|,,,,,Water]Incineroar||SafetyGoggles|Intimidate|KnockOff,FlareBlitz,PartingShot,FakeOut|||F|||50|,,,,,Ghost
|showteam|p2|Sneasler||FocusSash|Unburden|DireClaw,CloseCombat,Protect,Coaching|||F|||50|,,,,,Stellar]Volcarona||CovertCloak|FlameBody|HeatWave,TeraBlast,QuiverDance,Protect|||M|||50|,,,,,Fairy]Kingambit||AssaultVest|Defiant|KowtowCleave,SuckerPunch,IronHead,LowKick|||M|||50|,,,,,Ghost]Baxcalibur||LoadedDice|ThermalExchange|IcicleSpear,ScaleShot,IceShard,Protect|||F|||50|,,,,,Ghost]Basculegion||ChoiceScarf|Adaptability|WaveCrash,FlipTurn,LastRespects,TeraBlast|||M|||50|,,,,,Fairy]Rillaboom||MiracleSeed|GrassySurge|WoodHammer,GrassyGlide,HighHorsepower,FakeOut|||M|||50|,,,,,Fire
|
|t:|1756467918
|teamsize|p1|4
|teamsize|p2|4
|start
|switch|p1a: Incineroar|Incineroar, L50, F|100/100
|switch|p1b: Basculegion|Basculegion, L50, M|100/100
|switch|p2a: Volcarona|Volcarona, L50, M|100/100
|switch|p2b: Kingambit|Kingambit, L50, M|100/100
|-ability|p1a: Incineroar|Intimidate|boost
|-unboost|p2a: Volcarona|atk|1
|-unboost|p2b: Kingambit|atk|1
|-ability|p2b: Kingambit|Defiant|boost
|-boost|p2b: Kingambit|atk|2
|turn|1
|
|t:|1756467952
|-terastallize|p2b: Kingambit|Ghost
|move|p2b: Kingambit|Sucker Punch|p1b: Basculegion
|-supereffective|p1b: Basculegion
|-damage|p1b: Basculegion|0 fnt
|faint|p1b: Basculegion
|move|p2a: Volcarona|Quiver Dance|p2a: Volcarona
|-boost|p2a: Volcarona|spa|1
|-boost|p2a: Volcarona|spd|1
|-boost|p2a: Volcarona|spe|1
|move|p1a: Incineroar|Flare Blitz|p2b: Kingambit
|-damage|p2b: Kingambit|52/100
|-status|p2b: Kingambit|brn
|-damage|p1a: Incineroar|85/100|[from] Recoil
|
|-damage|p2b: Kingambit|46/100 brn|[from] brn
|upkeep
|
|t:|1756467966
|switch|p1b: Pelipper|Pelipper, L50, F|100/100
|-weather|RainDance|[from] ability: Drizzle|[of] p1b: Pelipper
|turn|2
|
|t:|1756467982
|move|p2a: Volcarona|Quiver Dance|p2a: Volcarona
|-boost|p2a: Volcarona|spa|1
|-boost|p2a: Volcarona|spd|1
|-boost|p2a: Volcarona|spe|1
|move|p1b: Pelipper|Weather Ball|p2a: Volcarona
|-supereffective|p2a: Volcarona
|-damage|p2a: Volcarona|56/100
|move|p2b: Kingambit|Low Kick|p1a: Incineroar
|-supereffective|p1a: Incineroar
|-damage|p1a: Incineroar|43/100
|move|p1a: Incineroar|Parting Shot|p2a: Volcarona
|-unboost|p2a: Volcarona|atk|1
|-unboost|p2a: Volcarona|spa|1
|
|t:|1756467996
|switch|p1a: Archaludon|Archaludon, L50, F|100/100|[from] Parting Shot
|
|-weather|RainDance|[upkeep]
|-damage|p2b: Kingambit|40/100 brn|[from] brn
|upkeep
|turn|3
|
|t:|1756468027
|-terastallize|p1a: Archaludon|Grass
|move|p2b: Kingambit|Sucker Punch|p1b: Pelipper
|-damage|p1b: Pelipper|70/100
|move|p2a: Volcarona|Tera Blast|p1b: Pelipper
|-damage|p1b: Pelipper|17/100
|move|p1b: Pelipper|Weather Ball|p2a: Volcarona
|-supereffective|p2a: Volcarona
|-damage|p2a: Volcarona|11/100
|move|p1a: Archaludon|Electro Shot||[still]
|-prepare|p1a: Archaludon|Electro Shot
|-boost|p1a: Archaludon|spa|1
|-anim|p1a: Archaludon|Electro Shot|p2b: Kingambit
|-damage|p2b: Kingambit|0 fnt
|faint|p2b: Kingambit
|
|-weather|RainDance|[upkeep]
|upkeep
|
|t:|1756468054
|switch|p2b: Baxcalibur|Baxcalibur, L50, F|100/100
|turn|4
|
|t:|1756468073
|move|p2b: Baxcalibur|Ice Shard|p1b: Pelipper
|-damage|p1b: Pelipper|0 fnt
|faint|p1b: Pelipper
|move|p2a: Volcarona|Heat Wave|p1a: Archaludon
|-supereffective|p1a: Archaludon
|-damage|p1a: Archaludon|42/100
|-ability|p1a: Archaludon|Stamina|boost
|-boost|p1a: Archaludon|def|1
|move|p1a: Archaludon|Electro Shot||[still]
|-prepare|p1a: Archaludon|Electro Shot
|-boost|p1a: Archaludon|spa|1
|-anim|p1a: Archaludon|Electro Shot|p2b: Baxcalibur
|-resisted|p2b: Baxcalibur
|-damage|p2b: Baxcalibur|57/100
|
|-weather|RainDance|[upkeep]
|upkeep
|
|t:|1756468086
|switch|p1b: Incineroar|Incineroar, L50, F|43/100
|-ability|p1b: Incineroar|Intimidate|boost
|-unboost|p2a: Volcarona|atk|1
|-unboost|p2b: Baxcalibur|atk|1
|turn|5
|
|t:|1756468116
|move|p2a: Volcarona|Protect|p2a: Volcarona
|-singleturn|p2a: Volcarona|Protect
|move|p2b: Baxcalibur|Protect|p2b: Baxcalibur
|-singleturn|p2b: Baxcalibur|Protect
|move|p1b: Incineroar|Fake Out|p2a: Volcarona
|-activate|p2a: Volcarona|move: Protect
|move|p1a: Archaludon|Electro Shot||[still]
|-prepare|p1a: Archaludon|Electro Shot
|-boost|p1a: Archaludon|spa|1
|-anim|p1a: Archaludon|Electro Shot|p2b: Baxcalibur
|-activate|p2b: Baxcalibur|move: Protect
|
|-weather|RainDance|[upkeep]
|upkeep
|turn|6
|
|t:|1756468168
|move|p2a: Volcarona|Tera Blast|p1b: Incineroar
|-damage|p1b: Incineroar|3/100
|move|p2b: Baxcalibur|Icicle Spear|p1a: Archaludon
|-supereffective|p1a: Archaludon
|-damage|p1a: Archaludon|31/100
|-ability|p1a: Archaludon|Stamina|boost
|-boost|p1a: Archaludon|def|1
|-supereffective|p1a: Archaludon
|-damage|p1a: Archaludon|22/100
|-ability|p1a: Archaludon|Stamina|boost
|-boost|p1a: Archaludon|def|1
|-supereffective|p1a: Archaludon
|-damage|p1a: Archaludon|15/100
|-ability|p1a: Archaludon|Stamina|boost
|-boost|p1a: Archaludon|def|1
|-supereffective|p1a: Archaludon
|-damage|p1a: Archaludon|9/100
|-ability|p1a: Archaludon|Stamina|boost
|-boost|p1a: Archaludon|def|1
|-hitcount|p1a: Archaludon|4
|move|p1a: Archaludon|Electro Shot||[still]
|-prepare|p1a: Archaludon|Electro Shot
|-boost|p1a: Archaludon|spa|1
|-anim|p1a: Archaludon|Electro Shot|p2a: Volcarona
|-damage|p2a: Volcarona|0 fnt
|faint|p2a: Volcarona
|move|p1b: Incineroar|Knock Off|p2b: Baxcalibur
|-damage|p2b: Baxcalibur|6/100
|-enditem|p2b: Baxcalibur|Loaded Dice|[from] move: Knock Off|[of] p1b: Incineroar
|
|-weather|none
|upkeep
|
|t:|1756468197
|switch|p2a: Sneasler|Sneasler, L50, F|100/100
|turn|7
|
|t:|1756468227
|move|p2a: Sneasler|Dire Claw|p1b: Incineroar
|-damage|p1b: Incineroar|0 fnt
|faint|p1b: Incineroar
|move|p2b: Baxcalibur|Icicle Spear|p1a: Archaludon
|-supereffective|p1a: Archaludon
|-damage|p1a: Archaludon|5/100
|-ability|p1a: Archaludon|Stamina|boost
|-boost|p1a: Archaludon|def|1
|-supereffective|p1a: Archaludon
|-damage|p1a: Archaludon|1/100
|-hitcount|p1a: Archaludon|2
|move|p1a: Archaludon|Flash Cannon|p2a: Sneasler
|-enditem|p2a: Sneasler|Focus Sash
|-damage|p2a: Sneasler|1/100
|
|upkeep
|turn|8
|
|t:|1756468244
|move|p2a: Sneasler|Dire Claw|p1a: Archaludon
|-supereffective|p1a: Archaludon
|-damage|p1a: Archaludon|0 fnt
|faint|p1a: Archaludon
|
|win|marcoslegui
||Ramalon is ready for game 3.
|inactive|marcoslegui has 30 seconds to confirm battle start!
|inactive|marcoslegui has 20 seconds to confirm battle start!
||marcoslegui is ready for game 3.
|uhtml|next|Next: Game 3 of 3
