|j|☆rokesaurio
|j|☆fralb14
|html|rokesauriofralb14    
|uhtml|bestof|Game 1 of a best-of-3
|t:|1756303266
|gametype|doubles
|player|p1|rokesaurio|266|1231
|player|p2|fralb14|2|1157
|gen|9
|tier|[Gen 9] VGC 2025 Reg H (Bo3)
|rated|
|rule|Species Clause: Limit one of each Pokémon
|rule|Item Clause: Limit 1 of each item
|clearpoke
|poke|p1|Archaludon, L50, F|
|poke|p1|Pelipper, L50, F|
|poke|p1|Ursaluna, L50, F|
|poke|p1|Sinistcha-Masterpiece, L50|
|poke|p1|Dragonite, L50, F|
|poke|p1|Incineroar, L50, M|
|poke|p2|Gholdengo, L50|
|poke|p2|Pelipper, L50, F|
|poke|p2|Archaludon, L50, M|
|poke|p2|Sinistcha, L50|
|poke|p2|Ursaluna, L50, M|
|poke|p2|Dragonite, L50, F|
|teampreview|4
|showteam|p1|Archaludon||AssaultVest|Stamina|ElectroShot,Snarl,FlashCannon,BodyPress|||F|||50|,,,,,Fighting]Pelipper||FocusSash|Drizzle|MuddyWater,Protect,WideGuard,Hurricane|||F|||50|,,,,,Ghost]Ursaluna||FlameOrb|Guts|Facade,HeadlongRush,Protect,Earthquake|||F|||50|,,,,,Ghost]Sinistcha-Masterpiece||SitrusBerry|Hospitality|MatchaGotcha,TrickRoom,RagePowder,LifeDew||||||50|,,,,,Water]Dragonite||LoadedDice|Multiscale|ScaleShot,Haze,Tailwind,Protect|||F|||50|,,,,,Fairy]Incineroar||SafetyGoggles|Intimidate|FlareBlitz,FakeOut,PartingShot,KnockOff|||M|||50|,,,,,Flying
|showteam|p2|Gholdengo||ChoiceScarf|GoodasGold|MakeItRain,ShadowBall,Trick,Protect||||||50|,,,,,Flying]Pelipper||FocusSash|Drizzle|WeatherBall,Hurricane,Tailwind,Protect|||F|||50|,,,,,Ghost]Archaludon||AssaultVest|Stamina|ElectroShot,FlashCannon,BodyPress,Snarl|||M|||50|,,,,,Fighting]Sinistcha||SitrusBerry|Hospitality|MatchaGotcha,LifeDew,RagePowder,TrickRoom||||||50|,,,,,Dark]Ursaluna||FlameOrb|Guts|HeadlongRush,Earthquake,Facade,Protect|||M|||50|,,,,,Ghost]Dragonite||LoadedDice|Multiscale|ScaleShot,Haze,Tailwind,Protect|||F|||50|,,,,,Fairy
|inactive|Battle timer is ON: inactive players will automatically lose when time's up. (requested by fralb14)
|inactive|rokesaurio also wants the timer to be on.
|inactive|rokesaurio has 60 seconds left.
|inactive|fralb14 has 60 seconds left.
|inactive|fralb14 has 30 seconds left.
|inactive|fralb14 has 20 seconds left.
|
|t:|1756303340
|teamsize|p1|4
|teamsize|p2|4
|start
|switch|p1a: Archaludon|Archaludon, L50, F|100/100
|switch|p1b: Dragonite|Dragonite, L50, F|100/100
|switch|p2a: Dragonite|Dragonite, L50, F|100/100
|switch|p2b: Gholdengo|Gholdengo, L50|100/100
|turn|1
|inactive|rokesaurio has 30 seconds left.
|inactive|fralb14 has 30 seconds left.
|inactive|fralb14 has 20 seconds left.
|
|t:|1756303375
|switch|p1b: Incineroar|Incineroar, L50, M|100/100
|-ability|p1b: Incineroar|Intimidate|boost
|-unboost|p2a: Dragonite|atk|1
|-unboost|p2b: Gholdengo|atk|1
|switch|p2a: Archaludon|Archaludon, L50, M|100/100
|move|p2b: Gholdengo|Trick|p1a: Archaludon
|-activate|p2b: Gholdengo|move: Trick|[of] p1a: Archaludon
|-item|p1a: Archaludon|Choice Scarf|[from] move: Trick
|-item|p2b: Gholdengo|Assault Vest|[from] move: Trick
|move|p1a: Archaludon|Flash Cannon|p2a: Archaludon
|-resisted|p2a: Archaludon
|-damage|p2a: Archaludon|88/100
|-ability|p2a: Archaludon|Stamina|boost
|-boost|p2a: Archaludon|def|1
|
|upkeep
|turn|2
|inactive|fralb14 has 30 seconds left.
|inactive|fralb14 has 20 seconds left.
|inactive|fralb14 has 15 seconds left.
|inactive|fralb14 has 10 seconds left.
|inactive|fralb14 has 5 seconds left.
|
|t:|1756303428
|switch|p1a: Dragonite|Dragonite, L50, F|100/100
|switch|p2b: Dragonite|Dragonite, L50, F|100/100
|move|p1b: Incineroar|Knock Off|p2b: Dragonite
|-damage|p2b: Dragonite|77/100
|-enditem|p2b: Dragonite|Loaded Dice|[from] move: Knock Off|[of] p1b: Incineroar
|move|p2a: Archaludon|Body Press|p1b: Incineroar
|-supereffective|p1b: Incineroar
|-crit|p1b: Incineroar
|-damage|p1b: Incineroar|0 fnt
|faint|p1b: Incineroar
|
|upkeep
|
|t:|1756303443
|switch|p1b: Archaludon|Archaludon, L50, F|100/100
|turn|3
|inactive|fralb14 has 30 seconds left.
|
|t:|1756303470
|-terastallize|p1a: Dragonite|Fairy
|move|p1b: Archaludon|Body Press|p2a: Archaludon
|-supereffective|p2a: Archaludon
|-damage|p2a: Archaludon|69/100
|-ability|p2a: Archaludon|Stamina|boost
|-boost|p2a: Archaludon|def|1
|move|p1a: Dragonite|Scale Shot|p1b: Archaludon
|-damage|p1b: Archaludon|91/100
|-ability|p1b: Archaludon|Stamina|boost
|-boost|p1b: Archaludon|def|1
|-damage|p1b: Archaludon|84/100
|-ability|p1b: Archaludon|Stamina|boost
|-boost|p1b: Archaludon|def|1
|-damage|p1b: Archaludon|79/100
|-ability|p1b: Archaludon|Stamina|boost
|-boost|p1b: Archaludon|def|1
|-damage|p1b: Archaludon|74/100
|-ability|p1b: Archaludon|Stamina|boost
|-boost|p1b: Archaludon|def|1
|-damage|p1b: Archaludon|70/100
|-ability|p1b: Archaludon|Stamina|boost
|-boost|p1b: Archaludon|def|1
|-hitcount|p1b: Archaludon|5
|-unboost|p1a: Dragonite|def|1
|-boost|p1a: Dragonite|spe|1
|move|p2b: Dragonite|Scale Shot|p2a: Archaludon|[miss]
|-miss|p2b: Dragonite|p2a: Archaludon
|move|p2a: Archaludon|Body Press|p1b: Archaludon
|-supereffective|p1b: Archaludon
|-damage|p1b: Archaludon|46/100
|-ability|p1b: Archaludon|Stamina|boost
|-boost|p1b: Archaludon|def|1
|
|upkeep
|turn|4
|inactive|fralb14 has 30 seconds left.
|inactive|fralb14 has 20 seconds left.
|
|t:|1756303507
|switch|p1a: Sinistcha|Sinistcha-Masterpiece, L50|100/100
|-heal|p1b: Archaludon|71/100|[from] ability: Hospitality|[of] p1a: Sinistcha
|switch|p2b: Sinistcha|Sinistcha, L50|100/100
|-heal|p2a: Archaludon|93/100|[from] ability: Hospitality|[of] p2b: Sinistcha
|move|p1b: Archaludon|Body Press|p2a: Archaludon
|-supereffective|p2a: Archaludon
|-damage|p2a: Archaludon|38/100
|-ability|p2a: Archaludon|Stamina|boost
|-boost|p2a: Archaludon|def|1
|move|p2a: Archaludon|Flash Cannon|p1a: Sinistcha
|-damage|p1a: Sinistcha|70/100
|
|upkeep
|turn|5
|inactive|rokesaurio has 30 seconds left.
|inactive|fralb14 has 30 seconds left.
|inactive|rokesaurio has 20 seconds left.
|inactive|rokesaurio has 15 seconds left.
|inactive|rokesaurio has 10 seconds left.
|
|t:|1756303553
|switch|p1b: Dragonite|Dragonite, L50, F, tera:Fairy|100/100
|move|p2b: Sinistcha|Rage Powder|p2b: Sinistcha
|-singleturn|p2b: Sinistcha|move: Rage Powder
|move|p2a: Archaludon|Flash Cannon|p1a: Sinistcha
|-damage|p1a: Sinistcha|36/100
|-enditem|p1a: Sinistcha|Sitrus Berry|[eat]
|-heal|p1a: Sinistcha|61/100|[from] item: Sitrus Berry
|move|p1a: Sinistcha|Matcha Gotcha|p2a: Archaludon|[spread] 
|-miss|p1a: Sinistcha|p2a: Archaludon
|-miss|p1a: Sinistcha|p2b: Sinistcha
|
|upkeep
|turn|6
|inactive|rokesaurio has 30 seconds left.
|inactive|fralb14 has 30 seconds left.
|inactive|fralb14 has 20 seconds left.
|
|t:|1756303590
|switch|p2b: Gholdengo|Gholdengo, L50|100/100
|move|p1b: Dragonite|Scale Shot|p2b: Gholdengo
|-resisted|p2b: Gholdengo
|-damage|p2b: Gholdengo|93/100
|-resisted|p2b: Gholdengo
|-damage|p2b: Gholdengo|85/100
|-resisted|p2b: Gholdengo
|-damage|p2b: Gholdengo|77/100
|-resisted|p2b: Gholdengo
|-damage|p2b: Gholdengo|70/100
|-hitcount|p2b: Gholdengo|4
|-unboost|p1b: Dragonite|def|1
|-boost|p1b: Dragonite|spe|1
|move|p2a: Archaludon|Snarl|p1b: Dragonite|[spread] p1a,p1b
|-supereffective|p1a: Sinistcha
|-resisted|p1b: Dragonite
|-damage|p1a: Sinistcha|39/100
|-damage|p1b: Dragonite|97/100
|-unboost|p1a: Sinistcha|spa|1
|-unboost|p1b: Dragonite|spa|1
|move|p1a: Sinistcha|Matcha Gotcha|p2b: Gholdengo|[spread] p2a,p2b
|-resisted|p2a: Archaludon
|-resisted|p2b: Gholdengo
|-damage|p2a: Archaludon|35/100
|-heal|p1a: Sinistcha|41/100|[from] drain|[of] p2a: Archaludon
|-damage|p2b: Gholdengo|64/100
|-heal|p1a: Sinistcha|44/100|[from] drain|[of] p2b: Gholdengo
|-status|p2a: Archaludon|brn
|-status|p2b: Gholdengo|brn
|-ability|p2a: Archaludon|Stamina|boost
|-boost|p2a: Archaludon|def|1
|
|-damage|p2b: Gholdengo|58/100 brn|[from] brn
|-damage|p2a: Archaludon|29/100 brn|[from] brn
|upkeep
|turn|7
|inactive|fralb14 has 30 seconds left.
|inactive|fralb14 has 20 seconds left.
|inactive|fralb14 has 15 seconds left.
|
|t:|1756303633
|switch|p1a: Archaludon|Archaludon, L50, F|71/100
|move|p1b: Dragonite|Protect|p1b: Dragonite
|-singleturn|p1b: Dragonite|Protect
|move|p2b: Gholdengo|Make It Rain|p1b: Dragonite|[spread] p1a
|-activate|p1b: Dragonite|move: Protect
|-resisted|p1a: Archaludon
|-damage|p1a: Archaludon|47/100
|-unboost|p2b: Gholdengo|spa|1
|-ability|p1a: Archaludon|Stamina|boost
|-boost|p1a: Archaludon|def|1
|move|p2a: Archaludon|Flash Cannon|p1b: Dragonite
|-activate|p1b: Dragonite|move: Protect
|
|-damage|p2b: Gholdengo|52/100 brn|[from] brn
|-damage|p2a: Archaludon|23/100 brn|[from] brn
|upkeep
|turn|8
|inactive|fralb14 has 30 seconds left.
|
|t:|1756303662
|switch|p1b: Sinistcha|Sinistcha-Masterpiece, L50|44/100
|-heal|p1a: Archaludon|72/100|[from] ability: Hospitality|[of] p1b: Sinistcha
|switch|p2a: Sinistcha|Sinistcha, L50|100/100
|-heal|p2b: Gholdengo|77/100 brn|[from] ability: Hospitality|[of] p2a: Sinistcha
|move|p1a: Archaludon|Snarl|p2b: Gholdengo|[spread] p2a,p2b
|-supereffective|p2a: Sinistcha
|-supereffective|p2b: Gholdengo
|-damage|p2a: Sinistcha|78/100
|-damage|p2b: Gholdengo|57/100 brn
|-unboost|p2a: Sinistcha|spa|1
|-unboost|p2b: Gholdengo|spa|1
|move|p2b: Gholdengo|Make It Rain|p1b: Sinistcha|[spread] p1a,p1b
|-resisted|p1a: Archaludon
|-damage|p1a: Archaludon|59/100
|-damage|p1b: Sinistcha|20/100
|-unboost|p2b: Gholdengo|spa|1
|-ability|p1a: Archaludon|Stamina|boost
|-boost|p1a: Archaludon|def|1
|
|-damage|p2b: Gholdengo|51/100 brn|[from] brn
|upkeep
|turn|9
|inactive|fralb14 has 30 seconds left.
|
|t:|1756303694
|switch|p1b: Dragonite|Dragonite, L50, F, tera:Fairy|97/100
|switch|p2a: Archaludon|Archaludon, L50, M|23/100 brn
|move|p1a: Archaludon|Snarl|p2a: Archaludon|[spread] p2a,p2b
|-supereffective|p2b: Gholdengo
|-damage|p2a: Archaludon|14/100 brn
|-damage|p2b: Gholdengo|32/100 brn
|-unboost|p2a: Archaludon|spa|1
|-unboost|p2b: Gholdengo|spa|1
|-ability|p2a: Archaludon|Stamina|boost
|-boost|p2a: Archaludon|def|1
|move|p2b: Gholdengo|Shadow Ball|p1b: Dragonite
|-damage|p1b: Dragonite|81/100
|
|-damage|p2b: Gholdengo|25/100 brn|[from] brn
|-damage|p2a: Archaludon|8/100 brn|[from] brn
|upkeep
|turn|10
|inactive|fralb14 has 30 seconds left.
|
|t:|1756303726
|switch|p2b: Sinistcha|Sinistcha, L50|78/100
|-heal|p2a: Archaludon|33/100 brn|[from] ability: Hospitality|[of] p2b: Sinistcha
|move|p1a: Archaludon|Snarl|p2a: Archaludon|[spread] p2a,p2b
|-supereffective|p2b: Sinistcha
|-damage|p2a: Archaludon|25/100 brn
|-damage|p2b: Sinistcha|53/100
|-unboost|p2a: Archaludon|spa|1
|-unboost|p2b: Sinistcha|spa|1
|-ability|p2a: Archaludon|Stamina|boost
|-boost|p2a: Archaludon|def|1
|move|p1b: Dragonite|Scale Shot|p2a: Archaludon|[miss]
|-miss|p1b: Dragonite|p2a: Archaludon
|move|p2a: Archaludon|Flash Cannon|p1b: Dragonite
|-supereffective|p1b: Dragonite
|-crit|p1b: Dragonite
|-damage|p1b: Dragonite|0 fnt
|faint|p1b: Dragonite
|
|-damage|p2a: Archaludon|19/100 brn|[from] brn
|upkeep
|
|t:|1756303738
|switch|p1b: Sinistcha|Sinistcha-Masterpiece, L50|20/100
|-heal|p1a: Archaludon|84/100|[from] ability: Hospitality|[of] p1b: Sinistcha
|turn|11
|inactive|fralb14 has 30 seconds left.
|inactive|fralb14 has 20 seconds left.
|inactive|fralb14 has 15 seconds left.
|inactive|fralb14 has 10 seconds left.
|inactive|fralb14 has 5 seconds left.
|
|t:|1756303788
|move|p1a: Archaludon|Snarl|p2b: Sinistcha|[spread] p2b
|-miss|p1a: Archaludon|p2a: Archaludon
|-supereffective|p2b: Sinistcha
|-damage|p2b: Sinistcha|31/100
|-unboost|p2b: Sinistcha|spa|1
|-enditem|p2b: Sinistcha|Sitrus Berry|[eat]
|-heal|p2b: Sinistcha|56/100|[from] item: Sitrus Berry
|move|p2a: Archaludon|Flash Cannon|p1b: Sinistcha
|-damage|p1b: Sinistcha|3/100
|move|p1b: Sinistcha|Life Dew|p1b: Sinistcha|[spread] p1a,p1b
|-heal|p1a: Archaludon|100/100
|-heal|p1b: Sinistcha|28/100
|move|p2b: Sinistcha|Life Dew|p2b: Sinistcha|[spread] p2a,p2b
|-heal|p2a: Archaludon|44/100 brn
|-heal|p2b: Sinistcha|81/100
|
|-damage|p2a: Archaludon|38/100 brn|[from] brn
|upkeep
|turn|12
|inactive|fralb14 has 30 seconds left.
|inactive|fralb14 has 20 seconds left.
|inactive|fralb14 has 15 seconds left.
|inactive|fralb14 has 10 seconds left.
|
|t:|1756303815
|switch|p2a: Dragonite|Dragonite, L50, F|77/100
|move|p1a: Archaludon|Snarl|p2b: Sinistcha|[spread] p2a
|-miss|p1a: Archaludon|p2b: Sinistcha
|-crit|p2a: Dragonite
|-damage|p2a: Dragonite|59/100
|-unboost|p2a: Dragonite|spa|1
|move|p1b: Sinistcha|Life Dew||[still]|[spread] p1a,p1b
|-fail|p1a: Archaludon|heal
|-heal|p1b: Sinistcha|53/100
|move|p2b: Sinistcha|Life Dew|p2b: Sinistcha|[spread] p2a,p2b
|-heal|p2a: Dragonite|84/100
|-heal|p2b: Sinistcha|100/100
|
|upkeep
|turn|13
|inactive|fralb14 has 10 seconds left this turn.
|inactive|fralb14 no longer wants the timer on, but the timer is staying on because rokesaurio still does.
|inactive|fralb14 has 5 seconds left.
|-message|fralb14 lost due to inactivity.
|
|win|rokesaurio
||rokesaurio is ready for game 2.
||fralb14 is ready for game 2.
|uhtml|next|Next: Game 2 of 3
