|j|☆MajinFlavio
|j|☆failandimprove3
|html|MajinFlaviofailandimprove3    
|uhtml|bestof|Game 2 of a best-of-3
|t:|1783982281
|gametype|doubles
|player|p1|MajinFlavio|palmer|1324
|player|p2|failandimprove3|1|1461
|gen|9
|tier|[Gen 9 Champions] VGC 2026 Reg M-B (Bo3)
|rated|
|rule|Species Clause: Limit one of each Pokémon
|rule|Item Clause: Limit 1 of each item
|clearpoke
|poke|p1|Malamar, L50, M|
|poke|p1|Grimmsnarl, L50, M|
|poke|p1|Ceruledge, L50, F|
|poke|p1|Sinistcha, L50|
|poke|p1|Incineroar, L50, F|
|poke|p1|Blastoise, L50, F|
|poke|p2|Charizard, L50, M|
|poke|p2|Floette-Eternal, L50, F|
|poke|p2|Garchomp, L50, M|
|poke|p2|Kingambit, L50, F|
|poke|p2|Basculegion, L50, M|
|poke|p2|Whimsicott, L50, M|
|teampreview|4
|showteam|p1|Malamar||Malamarite|Contrary|Superpower,KnockOff,BatonPass,Protect|Careful||M|||50|]Grimmsnarl||FocusSash|Prankster|FakeOut,PartingShot,FakeTears,ScaryFace|Impish||M|||50|]Ceruledge||ColburBerry|FlashFire|BitterBlade,ShadowSneak,BulkUp,Protect|Adamant||F|||50|]Sinistcha||KasibBerry|Hospitality|MatchaGotcha,RagePowder,LifeDew,Protect|Bold|||||50|]Incineroar||SitrusBerry|Intimidate|FakeOut,FlareBlitz,ThroatChop,PartingShot|Impish||F|||50|]Blastoise||Blastoisinite|Torrent|WaterSpout,DarkPulse,ShellSmash,Protect|Modest||F|||50|
|showteam|p2|Charizard||CharizarditeY|Blaze|HeatWave,WeatherBall,SolarBeam,Protect|Modest||M|||50|]Floette-Eternal||Floettite|FlowerVeil|Moonblast,DazzlingGleam,LightofRuin,Protect|Timid||F|||50|]Garchomp||LifeOrb|RoughSkin|Earthquake,DragonClaw,RockSlide,Protect|Jolly||M|||50|]Kingambit||OccaBerry|Defiant|KowtowCleave,SuckerPunch,IronHead,LowKick|Adamant||F|||50|]Basculegion||MysticWater|Adaptability|WaveCrash,LastRespects,AquaJet,Protect|Adamant||M|||50|]Whimsicott||FocusSash|Prankster|Moonblast,Tailwind,Encore,Protect|Timid||M|||50|
|inactive|Battle timer is ON: inactive players will automatically lose when time's up. (requested by failandimprove3)
|inactive|MajinFlavio has 60 seconds left.
|
|t:|1783982323
|teamsize|p1|4
|teamsize|p2|4
|start
|switch|p1a: Grimmsnarl|Grimmsnarl, L50, M|100/100
|switch|p1b: Malamar|Malamar, L50, M|100/100
|switch|p2a: Floette|Floette-Eternal, L50, F|100/100
|switch|p2b: Basculegion|Basculegion, L50, M|100/100
|turn|1
|inactive|MajinFlavio has 30 seconds left.
|inactive|failandimprove3 has 30 seconds left.
|
|t:|1783982357
|detailschange|p1b: Malamar|Malamar-Mega, L50, M
|-mega|p1b: Malamar|Malamar|Malamarite
|move|p2a: Floette|Protect|p2a: Floette
|-singleturn|p2a: Floette|Protect
|move|p1a: Grimmsnarl|Scary Face|p1b: Malamar
|-boost|p1b: Malamar|spe|2
|move|p1b: Malamar|Knock Off|p2b: Basculegion
|-supereffective|p2b: Basculegion|1
|-damage|p2b: Basculegion|21/100
|-enditem|p2b: Basculegion|Mystic Water|[from] move: Knock Off|[of] p1b: Malamar
|move|p2b: Basculegion|Wave Crash|p1b: Malamar
|-damage|p1b: Malamar|29/100
|-damage|p2b: Basculegion|0 fnt|[from] Recoil
|faint|p2b: Basculegion
|
|upkeep
|
|t:|1783982368
|switch|p2b: Whimsicott|Whimsicott, L50, M|100/100
|turn|2
|inactive|MajinFlavio has 30 seconds left.
|
|t:|1783982395
|detailschange|p2a: Floette|Floette-Mega, L50, F
|-mega|p2a: Floette|Floette|Floettite
|-ability|p2a: Floette|Fairy Aura
|move|p2b: Whimsicott|Tailwind|p2b: Whimsicott
|-sidestart|p2: failandimprove3|move: Tailwind
|move|p1a: Grimmsnarl|Scary Face|p1b: Malamar
|-boost|p1b: Malamar|spe|2
|move|p2a: Floette|Dazzling Gleam|p1a: Grimmsnarl|[spread] p1a,p1b
|-supereffective|p1a: Grimmsnarl|1
|-supereffective|p1b: Malamar|1
|-damage|p1a: Grimmsnarl|6/100
|-damage|p1b: Malamar|0 fnt
|faint|p1b: Malamar
|
|upkeep
|inactive|MajinFlavio has 30 seconds left.
|
|t:|1783982423
|switch|p1b: Ceruledge|Ceruledge, L50, F|100/100
|turn|3
|
|t:|1783982436
|switch|p2b: Garchomp|Garchomp, L50, M|100/100
|move|p1a: Grimmsnarl|Parting Shot|p2a: Floette
|-unboost|p2a: Floette|atk|1
|-unboost|p2a: Floette|spa|1
|
|t:|1783982442
|switch|p1a: Incineroar|Incineroar, L50, F|100/100|[from] Parting Shot
|-ability|p1a: Incineroar|Intimidate|boost
|-unboost|p2a: Floette|atk|1
|-unboost|p2b: Garchomp|atk|1
|move|p2a: Floette|Dazzling Gleam|p1b: Ceruledge|[spread] p1a,p1b
|-resisted|p1b: Ceruledge|1
|-damage|p1a: Incineroar|73/100
|-damage|p1b: Ceruledge|85/100
|move|p1b: Ceruledge|Bitter Blade|p2b: Garchomp
|-resisted|p2b: Garchomp|1
|-damage|p2b: Garchomp|74/100
|-heal|p1b: Ceruledge|98/100|[from] drain|[of] p2b: Garchomp
|-damage|p1b: Ceruledge|86/100|[from] ability: Rough Skin|[of] p2b: Garchomp
|
|upkeep
|turn|4
|inactive|MajinFlavio has 30 seconds left.
|
|t:|1783982474
|move|p2b: Garchomp|Protect|p2b: Garchomp
|-singleturn|p2b: Garchomp|Protect
|move|p1a: Incineroar|Fake Out|p2b: Garchomp
|-activate|p2b: Garchomp|move: Protect
|move|p2a: Floette|Moonblast|p1a: Incineroar
|-damage|p1a: Incineroar|31/100
|-enditem|p1a: Incineroar|Sitrus Berry|[eat]
|-heal|p1a: Incineroar|56/100|[from] item: Sitrus Berry
|move|p1b: Ceruledge|Bitter Blade|p2a: Floette
|-damage|p2a: Floette|34/100
|-heal|p1b: Ceruledge|100/100|[from] drain|[of] p2a: Floette
|
|upkeep
|turn|5
|
|t:|1783982494
|move|p2a: Floette|Protect|p2a: Floette
|-singleturn|p2a: Floette|Protect
|move|p1b: Ceruledge|Protect|p1b: Ceruledge
|-singleturn|p1b: Ceruledge|Protect
|move|p2b: Garchomp|Earthquake|p1b: Ceruledge|[spread] p1a
|-activate|p2a: Floette|move: Protect
|-activate|p1b: Ceruledge|move: Protect
|-supereffective|p1a: Incineroar|1
|-damage|p1a: Incineroar|6/100
|-damage|p2b: Garchomp|64/100|[from] item: Life Orb
|move|p1a: Incineroar|Parting Shot|p2b: Garchomp
|-unboost|p2b: Garchomp|atk|1
|-unboost|p2b: Garchomp|spa|1
|
|t:|1783982506
|switch|p1a: Grimmsnarl|Grimmsnarl, L50, M|6/100|[from] Parting Shot
|
|-sideend|p2: failandimprove3|move: Tailwind
|upkeep
|turn|6
|
|t:|1783982529
|switch|p2b: Whimsicott|Whimsicott, L50, M|100/100
|move|p1a: Grimmsnarl|Fake Out|p2b: Whimsicott
|-damage|p2b: Whimsicott|83/100
|move|p2a: Floette|Dazzling Gleam|p1b: Ceruledge|[spread] p1a,p1b
|-supereffective|p1a: Grimmsnarl|1
|-resisted|p1b: Ceruledge|1
|-damage|p1a: Grimmsnarl|0 fnt
|-damage|p1b: Ceruledge|85/100
|faint|p1a: Grimmsnarl
|move|p1b: Ceruledge|Bitter Blade|p2a: Floette
|-damage|p2a: Floette|0 fnt
|-heal|p1b: Ceruledge|99/100|[from] drain|[of] p2a: Floette
|faint|p2a: Floette
|
|upkeep
|
|t:|1783982542
|switch|p2a: Garchomp|Garchomp, L50, M|64/100
|switch|p1a: Incineroar|Incineroar, L50, F|6/100
|-ability|p1a: Incineroar|Intimidate|boost
|-unboost|p2a: Garchomp|atk|1
|-unboost|p2b: Whimsicott|atk|1
|turn|7
|
|t:|1783982554
|move|p1a: Incineroar|Fake Out|p2a: Garchomp
|-damage|p2a: Garchomp|53/100
|-damage|p1a: Incineroar|0 fnt|[from] ability: Rough Skin|[of] p2a: Garchomp
|faint|p1a: Incineroar
|move|p2b: Whimsicott|Moonblast|p1b: Ceruledge
|-resisted|p1b: Ceruledge|1
|-damage|p1b: Ceruledge|82/100
|cant|p2a: Garchomp|flinch
|move|p1b: Ceruledge|Bitter Blade|p2b: Whimsicott
|-supereffective|p2b: Whimsicott|1
|-damage|p2b: Whimsicott|0 fnt
|-heal|p1b: Ceruledge|100/100|[from] drain|[of] p2b: Whimsicott
|faint|p2b: Whimsicott
|
|upkeep
|turn|8
|
|t:|1783982578
|move|p2a: Garchomp|Earthquake|p1b: Ceruledge
|-supereffective|p1b: Ceruledge|1
|-damage|p1b: Ceruledge|0 fnt
|faint|p1b: Ceruledge
|-damage|p2a: Garchomp|43/100|[from] item: Life Orb
|
|win|failandimprove3
|raw|MajinFlavio's rating: 1324 → 1312(-12 for losing)
|raw|failandimprove3's rating: 1461 → 1473(+12 for winning)
