|j|☆Ian the blue fish
|j|☆Fell Blue
|html|Ian the blue fishFell Blue    
|uhtml|bestof|Game 2 of a best-of-3
|t:|1784171692
|gametype|doubles
|player|p1|Ian the blue fish|janitor|1346
|player|p2|Fell Blue|fantina|1246
|gen|9
|tier|[Gen 9 Champions] VGC 2026 Reg M-B (Bo3)
|rated|
|rule|Species Clause: Limit one of each Pokémon
|rule|Item Clause: Limit 1 of each item
|clearpoke
|poke|p1|Staraptor, L50, M|
|poke|p1|Vanilluxe, L50, M|
|poke|p1|Blastoise, L50, M|
|poke|p1|Farigiraf, L50, M|
|poke|p1|Kingambit, L50, F|
|poke|p1|Camerupt, L50, M|
|poke|p2|Mawile, L50, F|
|poke|p2|Farigiraf, L50, F|
|poke|p2|Drampa, L50, M|
|poke|p2|Kleavor, L50, F|
|poke|p2|Araquanid, L50, F|
|poke|p2|Incineroar, L50, M|
|teampreview|4
|showteam|p1|Staraptor||ChoiceScarf|Intimidate|FinalGambit,BraveBird,CloseCombat,Uturn|Jolly||M|||50|]Vanilluxe||NeverMeltIce|SnowWarning|Blizzard,FreezeDry,Protect,IceShard|Quiet||M|||50|]Blastoise||Blastoisinite|RainDish|WaterSpout,FakeOut,DarkPulse,AuraSphere|Quiet||M|||50|]Farigiraf||SitrusBerry|ArmorTail|PsychicFangs,HyperVoice,HelpingHand,TrickRoom|Relaxed||M|||50|]Kingambit||LifeOrb|Defiant|KowtowCleave,IronHead,Protect,SuckerPunch|Brave||F|||50|]Camerupt||Cameruptite|SolidRock|HeatWave,EarthPower,Protect,AncientPower|Quiet||M|||50|
|showteam|p2|Mawile||Mawilite|HyperCutter|RockSlide,PlayRough,SuckerPunch,BrickBreak|Brave||F|||50|]Farigiraf||SitrusBerry|ArmorTail|Thunderbolt,HelpingHand,Psychic,TrickRoom|Modest||F|||50|]Drampa||Drampanite|CloudNine|EarthPower,EnergyBall,Thunderbolt,Protect|Quiet||M|||50|]Kleavor||FocusSash|Sharpness|StoneAxe,CloseCombat,XScissor,NightSlash|Adamant||F|||50|]Araquanid||MysticWater|WaterBubble|Surf,HydroPump,MirrorCoat,Endeavor|Quiet||F|||50|]Incineroar||LifeOrb|Intimidate|CloseCombat,FlareBlitz,FakeOut,ThroatChop|Brave||M|||50|
|
|t:|1784171740
|teamsize|p1|4
|teamsize|p2|4
|start
|switch|p1a: Staraptor|Staraptor, L50, M|100/100
|switch|p1b: Camerupt|Camerupt, L50, M|100/100
|switch|p2a: Farigiraf|Farigiraf, L50, F|100/100
|switch|p2b: Kleavor|Kleavor, L50, F|100/100
|-ability|p1a: Staraptor|Intimidate|boost
|-unboost|p2a: Farigiraf|atk|1
|-unboost|p2b: Kleavor|atk|1
|turn|1
|
|t:|1784171761
|detailschange|p1b: Camerupt|Camerupt-Mega, L50, M
|-mega|p1b: Camerupt|Camerupt|Cameruptite
|move|p2a: Farigiraf|Helping Hand|p2b: Kleavor
|-singleturn|p2b: Kleavor|Helping Hand|[of] p2a: Farigiraf
|move|p1a: Staraptor|Brave Bird|p2b: Kleavor
|-damage|p2b: Kleavor|43/100
|-damage|p1a: Staraptor|82/100|[from] Recoil
|move|p2b: Kleavor|Stone Axe|p1b: Camerupt|[miss]
|-miss|p2b: Kleavor|p1b: Camerupt
|move|p1b: Camerupt|Heat Wave|p2a: Farigiraf|[spread] p2b
|-miss|p1b: Camerupt|p2a: Farigiraf
|-damage|p2b: Kleavor|0 fnt
|faint|p2b: Kleavor
|
|upkeep
|
|t:|1784171773
|switch|p2b: Drampa|Drampa, L50, M|100/100
|-ability|p2b: Drampa|Cloud Nine
|turn|2
|
|t:|1784171793
|move|p2a: Farigiraf|Helping Hand|p2b: Drampa
|-singleturn|p2b: Drampa|Helping Hand|[of] p2a: Farigiraf
|move|p1a: Staraptor|Brave Bird|p2a: Farigiraf
|-damage|p2a: Farigiraf|52/100
|-damage|p1a: Staraptor|64/100|[from] Recoil
|move|p2b: Drampa|Earth Power|p1b: Camerupt
|-supereffective|p1b: Camerupt|1
|-damage|p1b: Camerupt|10/100
|move|p1b: Camerupt|Heat Wave|p2b: Drampa|[spread] p2a,p2b
|-resisted|p2b: Drampa|1
|-damage|p2a: Farigiraf|3/100
|-damage|p2b: Drampa|76/100
|-enditem|p2a: Farigiraf|Sitrus Berry|[eat]
|-heal|p2a: Farigiraf|27/100|[from] item: Sitrus Berry
|
|upkeep
|turn|3
|
|t:|1784171820
|move|p1b: Camerupt|Protect|p1b: Camerupt
|-singleturn|p1b: Camerupt|Protect
|move|p1a: Staraptor|Brave Bird|p2a: Farigiraf
|-damage|p2a: Farigiraf|0 fnt
|faint|p2a: Farigiraf
|-damage|p1a: Staraptor|53/100|[from] Recoil
|move|p2b: Drampa|Thunderbolt|p1a: Staraptor
|-supereffective|p1a: Staraptor|1
|-crit|p1a: Staraptor
|-damage|p1a: Staraptor|0 fnt
|faint|p1a: Staraptor
|
|upkeep
|
|t:|1784171835
|switch|p1a: Vanilluxe|Vanilluxe, L50, M|100/100
|switch|p2a: Mawile|Mawile, L50, F|100/100
|-weather|Snowscape|[from] ability: Snow Warning|[of] p1a: Vanilluxe
|turn|4
|
|t:|1784171858
|detailschange|p2a: Mawile|Mawile-Mega, L50, F
|-mega|p2a: Mawile|Mawile|Mawilite
|move|p2b: Drampa|Protect|p2b: Drampa
|-singleturn|p2b: Drampa|Protect
|move|p1a: Vanilluxe|Freeze-Dry|p2b: Drampa
|-activate|p2b: Drampa|move: Protect
|move|p2a: Mawile|Rock Slide|p1b: Camerupt|[spread] p1a,p1b
|-supereffective|p1a: Vanilluxe|1
|-damage|p1a: Vanilluxe|11/100
|-damage|p1b: Camerupt|0 fnt
|faint|p1b: Camerupt
|
|-weather|Snowscape|[upkeep]
|upkeep
|
|t:|1784171867
|switch|p1b: Kingambit|Kingambit, L50, F|100/100
|turn|5
|
|t:|1784171885
|move|p1b: Kingambit|Protect|p1b: Kingambit
|-singleturn|p1b: Kingambit|Protect
|move|p1a: Vanilluxe|Freeze-Dry|p2b: Drampa
|-supereffective|p2b: Drampa|1
|-damage|p2b: Drampa|1/100
|move|p2a: Mawile|Brick Break|p1b: Kingambit
|-activate|p1b: Kingambit|move: Protect
|move|p2b: Drampa|Earth Power|p1a: Vanilluxe
|-damage|p1a: Vanilluxe|0 fnt
|faint|p1a: Vanilluxe
|
|-weather|Snowscape|[upkeep]
|upkeep
|turn|6
|
|t:|1784171899
|move|p1b: Kingambit|Kowtow Cleave|p2a: Mawile
|-resisted|p2a: Mawile|1
|-damage|p2a: Mawile|68/100
|-damage|p1b: Kingambit|90/100|[from] item: Life Orb
|move|p2a: Mawile|Brick Break|p1b: Kingambit
|-supereffective|p1b: Kingambit|2
|-damage|p1b: Kingambit|0 fnt
|faint|p1b: Kingambit
|
|win|Fell Blue
|raw|Ian the blue fish's rating: 1346 → 1320(-26 for losing)
|raw|Fell Blue's rating: 1246 → 1278(+32 for winning)
