|j|☆Lab01JNEST
|j|☆coalossal_idiot
|html|Lab01JNESTcoalossal_idiot    
|uhtml|bestof|Game 1 of a best-of-3
|t:|1757723440
|gametype|doubles
|player|p1|Lab01JNEST|266|1207
|player|p2|coalossal_idiot|birdkeeper|1307
|gen|9
|tier|[Gen 9] VGC 2025 Reg H (Bo3)
|rated|
|rule|Species Clause: Limit one of each Pokémon
|rule|Item Clause: Limit 1 of each item
|clearpoke
|poke|p1|Weezing, L50, F|
|poke|p1|Incineroar, L50, F|
|poke|p1|Garchomp, L50, M|
|poke|p1|Porygon2, L50|
|poke|p1|Annihilape, L50, M|
|poke|p1|Ursaluna, L50, M|
|poke|p2|Arcanine-Hisui, L50, M|
|poke|p2|Weezing, L50, F|
|poke|p2|Porygon2, L50|
|poke|p2|Weavile, L50, M|
|poke|p2|Pawmot, L50, F|
|poke|p2|Toedscruel, L50, M|
|teampreview|4
|showteam|p1|Weezing||Leftovers|NeutralizingGas|Protect,Taunt,WillOWisp,SludgeBomb|||F|||50|,,,,,Ghost]Incineroar||AbilityShield|Intimidate|FakeOut,FlareBlitz,Snarl,KnockOff|||F|||50|,,,,,Ghost]Garchomp||AssaultVest|RoughSkin|PoisonJab,ScaleShot,DragonClaw,Earthquake|||M|||50|,,,,,Fire]Porygon2||Eviolite|Download|Recover,TrickRoom,ShadowBall,TeraBlast||||||50|,,,,,Fighting]Annihilape||ChoiceScarf|VitalSpirit|Coaching,FinalGambit,CloseCombat,ShadowClaw|||M|||50|,,,,,Grass]Ursaluna||FlameOrb|Guts|Protect,Substitute,Facade,HeadlongRush|||M|||50|,,,,,Ghost
|showteam|p2|Arcanine-Hisui||AbilityShield|Intimidate|FlareBlitz,RockSlide,ExtremeSpeed,Protect|||M|||50|,,,,,Ghost]Weezing||SitrusBerry|NeutralizingGas|SludgeBomb,WillOWisp,Taunt,Protect|||F|||50|,,,,,Grass]Porygon2||Eviolite|Download|TeraBlast,IceBeam,Recover,TrickRoom||||||50|,,,,,Water]Weavile||WideLens|Pressure|KnockOff,TripleAxel,FakeOut,Protect|||M|||50|,,,,,Stellar]Pawmot||FocusSash|NaturalCure|DoubleShock,CloseCombat,RevivalBlessing,Protect|||F|||50|,,,,,Stellar]Toedscruel||LifeOrb|MyceliumMight|EarthPower,EnergyBall,Spore,RagePowder|||M|||50|,,,,,Water
|inactive|Battle timer is ON: inactive players will automatically lose when time's up. (requested by Lab01JNEST)
|inactive|coalossal_idiot has 60 seconds left.
|inactive|coalossal_idiot has 30 seconds left.
|
|t:|1757723507
|teamsize|p1|4
|teamsize|p2|4
|start
|switch|p1a: Annihilape|Annihilape, L50, M|100/100
|switch|p1b: Weezing|Weezing, L50, F|100/100
|switch|p2a: Speedwalker|Weavile, L50, M|100/100
|switch|p2b: Adr. & Adr.|Weezing, L50, F|100/100
|-ability|p1b: Weezing|Neutralizing Gas
|-ability|p2b: Adr. & Adr.|Neutralizing Gas
|turn|1
|inactive|Lab01JNEST has 30 seconds left.
|
|t:|1757723536
|switch|p1a: Incineroar|Incineroar, L50, F|100/100
|-ability|p1a: Incineroar|Intimidate|boost
|-unboost|p2a: Speedwalker|atk|1
|-unboost|p2b: Adr. & Adr.|atk|1
|move|p2b: Adr. & Adr.|Protect|p2b: Adr. & Adr.
|-singleturn|p2b: Adr. & Adr.|Protect
|move|p2a: Speedwalker|Knock Off|p1a: Incineroar
|-resisted|p1a: Incineroar
|-damage|p1a: Incineroar|85/100
|-enditem|p1a: Incineroar|Ability Shield|[from] move: Knock Off|[of] p2a: Speedwalker
|move|p1b: Weezing|Taunt|p2b: Adr. & Adr.
|-activate|p2b: Adr. & Adr.|move: Protect
|
|upkeep
|turn|2
|inactive|coalossal_idiot has 30 seconds left.
|
|t:|1757723562
|switch|p2a: Funky Duck|Porygon2, L50|100/100
|move|p1a: Incineroar|Flare Blitz|p2a: Funky Duck
|-damage|p2a: Funky Duck|68/100
|-damage|p1a: Incineroar|75/100|[from] Recoil
|move|p1b: Weezing|Taunt|p2b: Adr. & Adr.
|-start|p2b: Adr. & Adr.|move: Taunt
|move|p2b: Adr. & Adr.|Sludge Bomb|p1a: Incineroar
|-damage|p1a: Incineroar|49/100
|
|upkeep
|turn|3
|inactive|coalossal_idiot has 30 seconds left.
|
|t:|1757723593
|switch|p2a: Speedwalker|Weavile, L50, M|100/100
|move|p1a: Incineroar|Snarl|p2a: Speedwalker|[spread] p2a,p2b
|-resisted|p2a: Speedwalker
|-damage|p2a: Speedwalker|92/100
|-damage|p2b: Adr. & Adr.|88/100
|-unboost|p2a: Speedwalker|spa|1
|-unboost|p2b: Adr. & Adr.|spa|1
|move|p1b: Weezing|Taunt|p2a: Speedwalker
|-start|p2a: Speedwalker|move: Taunt
|move|p2b: Adr. & Adr.|Sludge Bomb|p1a: Incineroar
|-damage|p1a: Incineroar|31/100
|
|upkeep
|turn|4
|
|t:|1757723614
|move|p2a: Speedwalker|Fake Out|p1b: Weezing
|-damage|p1b: Weezing|89/100
|move|p1a: Incineroar|Flare Blitz|p2b: Adr. & Adr.
|-damage|p2b: Adr. & Adr.|45/100
|-status|p2b: Adr. & Adr.|brn
|-enditem|p2b: Adr. & Adr.|Sitrus Berry|[eat]
|-heal|p2b: Adr. & Adr.|70/100 brn|[from] item: Sitrus Berry
|-damage|p1a: Incineroar|19/100|[from] Recoil
|cant|p1b: Weezing|flinch
|move|p2b: Adr. & Adr.|Sludge Bomb|p1a: Incineroar
|-damage|p1a: Incineroar|2/100
|
|-heal|p1b: Weezing|95/100|[from] item: Leftovers
|-damage|p2b: Adr. & Adr.|64/100 brn|[from] brn
|-end|p2b: Adr. & Adr.|move: Taunt
|upkeep
|turn|5
|inactive|Lab01JNEST has 30 seconds left.
|
|t:|1757723643
|move|p2a: Speedwalker|Knock Off|p1b: Weezing
|-damage|p1b: Weezing|55/100
|-enditem|p1b: Weezing|Leftovers|[from] move: Knock Off|[of] p2a: Speedwalker
|move|p1a: Incineroar|Flare Blitz|p2a: Speedwalker
|-supereffective|p2a: Speedwalker
|-damage|p2a: Speedwalker|0 fnt
|faint|p2a: Speedwalker
|-damage|p1a: Incineroar|0 fnt|[from] Recoil
|faint|p1a: Incineroar
|move|p1b: Weezing|Taunt|p2b: Adr. & Adr.
|-start|p2b: Adr. & Adr.|move: Taunt
|cant|p2b: Adr. & Adr.|move: Taunt|Taunt
|
|-damage|p2b: Adr. & Adr.|58/100 brn|[from] brn
|upkeep
|
|t:|1757723662
|switch|p2a: Back Pocket|Pawmot, L50, F|100/100
|switch|p1a: Annihilape|Annihilape, L50, M|100/100
|turn|6
|
|t:|1757723682
|switch|p2b: Funky Duck|Porygon2, L50|68/100
|move|p2a: Back Pocket|Protect|p2a: Back Pocket
|-singleturn|p2a: Back Pocket|Protect
|move|p1a: Annihilape|Close Combat|p2a: Back Pocket
|-activate|p2a: Back Pocket|move: Protect
|move|p1b: Weezing|Will-O-Wisp|p2a: Back Pocket
|-activate|p2a: Back Pocket|move: Protect
|
|upkeep
|turn|7
|inactive|coalossal_idiot has 30 seconds left.
|
|t:|1757723713
|switch|p2a: Adr. & Adr.|Weezing, L50, F|58/100 brn
|-ability|p2a: Adr. & Adr.|Neutralizing Gas
|-terastallize|p2b: Funky Duck|Water
|move|p1a: Annihilape|Close Combat|p2a: Adr. & Adr.
|-resisted|p2a: Adr. & Adr.
|-damage|p2a: Adr. & Adr.|37/100 brn
|-unboost|p1a: Annihilape|def|1
|-unboost|p1a: Annihilape|spd|1
|move|p1b: Weezing|Taunt|p2b: Funky Duck
|-start|p2b: Funky Duck|move: Taunt
|move|p2b: Funky Duck|Tera Blast|p1b: Weezing|[anim] Tera Blast Water
|-damage|p1b: Weezing|20/100
|
|-damage|p2a: Adr. & Adr.|31/100 brn|[from] brn
|upkeep
|turn|8
|
|t:|1757723737
|move|p1a: Annihilape|Close Combat|p2b: Funky Duck
|-damage|p2b: Funky Duck|38/100
|-unboost|p1a: Annihilape|def|1
|-unboost|p1a: Annihilape|spd|1
|move|p1b: Weezing|Taunt|p2a: Adr. & Adr.
|-start|p2a: Adr. & Adr.|move: Taunt
|cant|p2a: Adr. & Adr.|move: Taunt|Will-O-Wisp
|move|p2b: Funky Duck|Tera Blast|p1a: Annihilape|[anim] Tera Blast Water
|-damage|p1a: Annihilape|42/100
|
|-damage|p2a: Adr. & Adr.|25/100 brn|[from] brn
|upkeep
|turn|9
|
|t:|1757723757
|move|p1a: Annihilape|Close Combat|p2b: Funky Duck
|-damage|p2b: Funky Duck|7/100
|-unboost|p1a: Annihilape|def|1
|-unboost|p1a: Annihilape|spd|1
|move|p1b: Weezing|Sludge Bomb|p2b: Funky Duck
|-damage|p2b: Funky Duck|0 fnt
|faint|p2b: Funky Duck
|move|p2a: Adr. & Adr.|Sludge Bomb|p1b: Weezing
|-resisted|p1b: Weezing
|-damage|p1b: Weezing|6/100
|
|-damage|p2a: Adr. & Adr.|19/100 brn|[from] brn
|upkeep
|
|t:|1757723760
|switch|p2b: Back Pocket|Pawmot, L50, F|100/100
|turn|10
|inactive|coalossal_idiot has 30 seconds left.
|
|t:|1757723788
|switch|p1a: Ursaluna|Ursaluna, L50, M|100/100
|move|p2b: Back Pocket|Protect|p2b: Back Pocket
|-singleturn|p2b: Back Pocket|Protect
|move|p1b: Weezing|Will-O-Wisp|p2b: Back Pocket
|-activate|p2b: Back Pocket|move: Protect
|move|p2a: Adr. & Adr.|Sludge Bomb|p1b: Weezing
|-resisted|p1b: Weezing
|-damage|p1b: Weezing|0 fnt
|faint|p1b: Weezing
|
|-damage|p2a: Adr. & Adr.|13/100 brn|[from] brn
|-end|p2a: Adr. & Adr.|move: Taunt
|-status|p1a: Ursaluna|brn|[from] item: Flame Orb
|upkeep
|
|t:|1757723796
|switch|p1b: Annihilape|Annihilape, L50, M|42/100
|turn|11
|inactive|coalossal_idiot has 30 seconds left.
|
|t:|1757723830
|-terastallize|p1a: Ursaluna|Ghost
|move|p1b: Annihilape|Shadow Claw|p2a: Adr. & Adr.
|-damage|p2a: Adr. & Adr.|0 fnt
|faint|p2a: Adr. & Adr.
|-end|p2a: Adr. & Adr.|ability: Neutralizing Gas
|move|p2b: Back Pocket|Revival Blessing|p2b: Back Pocket
|
|t:|1757723836
|-heal|p2: Speedwalker|50/100|[from] move: Revival Blessing
|move|p1a: Ursaluna|Facade|p2b: Back Pocket
|-crit|p2b: Back Pocket
|-enditem|p2b: Back Pocket|Focus Sash
|-damage|p2b: Back Pocket|1/100
|
|-damage|p1a: Ursaluna|95/100 brn|[from] brn
|upkeep
|
|t:|1757723838
|switch|p2a: Speedwalker|Weavile, L50, M|50/100
|-ability|p2a: Speedwalker|Pressure
|turn|12
|
|t:|1757723859
|move|p2b: Back Pocket|Protect|p2b: Back Pocket
|-singleturn|p2b: Back Pocket|Protect
|move|p1b: Annihilape|Shadow Claw|p2b: Back Pocket
|-activate|p2b: Back Pocket|move: Protect
|move|p2a: Speedwalker|Knock Off|p1a: Ursaluna
|-supereffective|p1a: Ursaluna
|-damage|p1a: Ursaluna|21/100 brn
|-enditem|p1a: Ursaluna|Flame Orb|[from] move: Knock Off|[of] p2a: Speedwalker
|move|p1a: Ursaluna|Facade|p2a: Speedwalker
|-damage|p2a: Speedwalker|0 fnt
|faint|p2a: Speedwalker
|
|-damage|p1a: Ursaluna|15/100 brn|[from] brn
|upkeep
|turn|13
|-message|coalossal_idiot forfeited.
|
|win|Lab01JNEST
|l|☆coalossal_idiot
|player|p2|
||coalossal_idiot is ready for game 2.
|inactive|Lab01JNEST has 30 seconds to confirm battle start!
|inactive|Lab01JNEST has 20 seconds to confirm battle start!
|inactive|Lab01JNEST has 10 seconds to confirm battle start!
|uhtml|next|Next: Game 2 of 3
|l|☆Lab01JNEST
|player|p1|
|j|☆coalossal_idiot
|player|p2|coalossal_idiot|birdkeeper|
