|j|☆Xeroxyx
|j|☆Sculked
|html|XeroxyxSculked    
|uhtml|bestof|Game 2 of a best-of-3
|t:|1783438686
|gametype|doubles
|player|p1|Xeroxyx|hilbert|
|player|p2|Sculked|will|
|gen|9
|tier|[Gen 9 Champions] VGC 2026 Reg M-B (Bo3)
|rule|Species Clause: Limit one of each Pokémon
|rule|Item Clause: Limit 1 of each item
|clearpoke
|poke|p1|Gholdengo, L50|
|poke|p1|Incineroar, L50, F|
|poke|p1|Basculegion, L50, M|
|poke|p1|Garchomp, L50, F|
|poke|p1|Charizard, L50, F|
|poke|p1|Whimsicott, L50, M|
|poke|p2|Blastoise, L50, M|
|poke|p2|Meowstic, L50, M|
|poke|p2|Raichu, L50, F|
|poke|p2|Dragonite, L50, F|
|poke|p2|Farigiraf, L50, M, shiny|
|poke|p2|Staraptor, L50, F, shiny|
|teampreview|4
|showteam|p1|Gholdengo||SpellTag|GoodasGold|MakeItRain,ShadowBall,NastyPlot,Protect|Modest|||||50|]Incineroar||SitrusBerry|Intimidate|PartingShot,FlareBlitz,ThroatChop,FakeOut|Impish||F|||50|]Basculegion||ChoiceScarf|Adaptability|WaveCrash,LastRespects,AquaJet,FlipTurn|Jolly||M|||50|]Garchomp||LifeOrb|RoughSkin|Earthquake,DragonClaw,RockSlide,Protect|Jolly||F|||50|]Charizard||CharizarditeY|Blaze|HeatWave,SolarBeam,WeatherBall,Protect|Modest||F|||50|]Whimsicott||FocusSash|Prankster|Tailwind,Encore,Moonblast,Protect|Timid||M|||50|
|showteam|p2|Blastoise||WhiteHerb|RainDish|ShellSmash,TerrainPulse,AuraSphere,Protect|Modest||M|||50|]Meowstic||BrightPowder|Prankster|PsychicTerrain,ExpandingForce,BatonPass,CalmMind|Modest||M|||50|]Raichu||RaichuniteY|LightningRod|ZapCannon,Discharge,Protect,FocusBlast|Bold||F|||50|]Dragonite||LifeOrb|Multiscale|IceSpinner,DragonDance,ExtremeSpeed,Earthquake|Jolly||F|||50|]Farigiraf||SitrusBerry|CudChew|PsychicTerrain,EnergyBall,ExpandingForce,Wish|Bold||M|||50|]Staraptor||BlackBelt|Intimidate|CloseCombat,Roost,SteelWing,BlazeKick|Jolly||F|||50|
|
|t:|1783438709
|teamsize|p1|4
|teamsize|p2|4
|start
|switch|p1a: Incineroar|Incineroar, L50, F|100/100
|switch|p1b: Charizard|Charizard, L50, F|100/100
|switch|p2a: Meowstic|Meowstic, L50, M|100/100
|switch|p2b: Mocha|Staraptor, L50, F, shiny|100/100
|-ability|p2b: Mocha|Intimidate|boost
|-unboost|p1a: Incineroar|atk|1
|-unboost|p1b: Charizard|atk|1
|-ability|p1a: Incineroar|Intimidate|boost
|-unboost|p2a: Meowstic|atk|1
|-unboost|p2b: Mocha|atk|1
|turn|1
|j| bonczy
|
|t:|1783438739
|detailschange|p1b: Charizard|Charizard-Mega-Y, L50, F
|-mega|p1b: Charizard|Charizard|Charizardite Y
|-weather|SunnyDay|[from] ability: Drought|[of] p1b: Charizard
|move|p1b: Charizard|Protect|p1b: Charizard
|-singleturn|p1b: Charizard|Protect
|move|p1a: Incineroar|Fake Out|p2a: Meowstic
|-damage|p2a: Meowstic|90/100
|cant|p2a: Meowstic|flinch
|move|p2b: Mocha|Close Combat|p1a: Incineroar
|-supereffective|p1a: Incineroar|1
|-damage|p1a: Incineroar|52/100
|-unboost|p2b: Mocha|def|1
|-unboost|p2b: Mocha|spd|1
|
|-weather|SunnyDay|[upkeep]
|upkeep
|turn|2
|
|t:|1783438774
|move|p2a: Meowstic|Calm Mind|p2a: Meowstic
|-boost|p2a: Meowstic|spa|1
|-boost|p2a: Meowstic|spd|1
|move|p2b: Mocha|Close Combat|p1a: Incineroar
|-supereffective|p1a: Incineroar|1
|-crit|p1a: Incineroar
|-damage|p1a: Incineroar|0 fnt
|-unboost|p2b: Mocha|def|1
|-unboost|p2b: Mocha|spd|1
|faint|p1a: Incineroar
|move|p1b: Charizard|Heat Wave|p2b: Mocha|[spread] p2a,p2b
|-damage|p2a: Meowstic|35/100
|-damage|p2b: Mocha|0 fnt
|faint|p2b: Mocha
|
|-weather|SunnyDay|[upkeep]
|upkeep
|
|t:|1783438790
|switch|p2b: Rhubarb|Farigiraf, L50, M, shiny|100/100
|switch|p1a: Basculegion|Basculegion, L50, M|100/100
|turn|3
|
|t:|1783438819
|move|p2a: Meowstic|Baton Pass|p2a: Meowstic
|
|t:|1783438821
|switch|p2a: Maple|Raichu, L50, F|100/100|[from] Baton Pass
|move|p1a: Basculegion|Wave Crash|p2b: Rhubarb
|-damage|p2b: Rhubarb|65/100
|-damage|p1a: Basculegion|86/100|[from] Recoil
|move|p1b: Charizard|Heat Wave|p2a: Maple|[spread] p2a,p2b
|-damage|p2a: Maple|42/100
|-damage|p2b: Rhubarb|13/100
|-status|p2b: Rhubarb|brn
|-enditem|p2b: Rhubarb|Sitrus Berry|[eat]
|-heal|p2b: Rhubarb|38/100 brn|[from] item: Sitrus Berry
|move|p2b: Rhubarb|Energy Ball|p1a: Basculegion
|-supereffective|p1a: Basculegion|1
|-damage|p1a: Basculegion|31/100
|
|-weather|SunnyDay|[upkeep]
|-damage|p2b: Rhubarb|32/100 brn|[from] brn
|upkeep
|turn|4
|
|t:|1783438848
|detailschange|p2a: Maple|Raichu-Mega-Y, L50, F
|-mega|p2a: Maple|Raichu|Raichunite Y
|move|p1a: Basculegion|Wave Crash|p2a: Maple
|-damage|p2a: Maple|5/100
|-damage|p1a: Basculegion|21/100|[from] Recoil
|move|p2a: Maple|Discharge|p1a: Basculegion|[spread] p2b,p1a,p1b
|-supereffective|p1a: Basculegion|1
|-supereffective|p1b: Charizard|1
|-damage|p2b: Rhubarb|0 fnt
|-damage|p1a: Basculegion|0 fnt
|-damage|p1b: Charizard|14/100
|faint|p2b: Rhubarb
|faint|p1a: Basculegion
|move|p1b: Charizard|Weather Ball|p2a: Maple
|-damage|p2a: Maple|0 fnt
|faint|p2a: Maple
|
|-weather|SunnyDay|[upkeep]
|upkeep
|
|t:|1783438866
|switch|p2a: Meowstic|Meowstic, L50, M|35/100
|switch|p1a: Garchomp|Garchomp, L50, F|100/100
|turn|5
|
|t:|1783438873
|move|p1a: Garchomp|Dragon Claw|p2a: Meowstic
|-damage|p2a: Meowstic|0 fnt
|faint|p2a: Meowstic
|-damage|p1a: Garchomp|90/100|[from] item: Life Orb
|
|win|Xeroxyx
|c|☆Xeroxyx|ggwp
