|j|☆caZISA
|j|☆epic17x
|html|caZISAepic17x    
|uhtml|bestof|Game 2 of a best-of-3
|t:|1756681850
|gametype|doubles
|player|p1|caZISA|red|1374
|player|p2|epic17x|steven|1301
|gen|9
|tier|[Gen 9] VGC 2025 Reg H (Bo3)
|rated|
|rule|Species Clause: Limit one of each Pokémon
|rule|Item Clause: Limit 1 of each item
|clearpoke
|poke|p1|Amoonguss, L50, F|
|poke|p1|Incineroar, L50, M|
|poke|p1|Pelipper, L50, M|
|poke|p1|Basculegion, L50, M|
|poke|p1|Archaludon, L50, F|
|poke|p1|Maushold-Four, L50|
|poke|p2|Ninetales-Alola, L50, M|
|poke|p2|Rillaboom, L50, F|
|poke|p2|Magmar, L50, F|
|poke|p2|Sneasler, L50, M|
|poke|p2|Kingambit, L50, F|
|poke|p2|Basculegion, L50, M|
|teampreview|4
|showteam|p1|Amoonguss||RockyHelmet|Regenerator|Spore,RagePowder,PollenPuff,Protect|||F|||50|,,,,,Water]Incineroar||SafetyGoggles|Intimidate|FakeOut,WillOWisp,KnockOff,PartingShot|||M|||50|,,,,,Ghost]Pelipper||FocusSash|Drizzle|Hurricane,WeatherBall,WideGuard,Tailwind|||M|||50|,,,,,Ghost]Basculegion||MysticWater|SwiftSwim|WaveCrash,LastRespects,AquaJet,Protect|||M|||50|,,,,,Grass]Archaludon||AssaultVest|Stamina|Snarl,DracoMeteor,ElectroShot,BodyPress|||F|||50|,,,,,Bug]Maushold-Four||WideLens|Technician|PopulationBomb,Taunt,FollowMe,Protect||||||50|,,,,,Ghost
|showteam|p2|Ninetales-Alola||NeverMeltIce|SnowWarning|Blizzard,FreezeDry,Encore,Protect|||M|||50|,,,,,Ghost]Rillaboom||AssaultVest|GrassySurge|WoodHammer,FakeOut,Uturn,GrassyGlide|||F|||50|,,,,,Ghost]Magmar||Eviolite|VitalSpirit|Protect,HeatWave,WillOWisp,FollowMe|||F|||50|,,,,,Ghost]Sneasler||FocusSash|PoisonTouch|FakeOut,DireClaw,CloseCombat,Protect|||M|||50|,,,,,Ghost]Kingambit||BlackGlasses|Defiant|KowtowCleave,SwordsDance,SuckerPunch,Protect|||F|||50|,,,,,Fire]Basculegion||ChoiceScarf|Adaptability|WaveCrash,FlipTurn,TeraBlast,LastRespects|||M|||50|,,,,,Fighting
|inactive|Battle timer is ON: inactive players will automatically lose when time's up. (requested by epic17x)
|
|t:|1756681858
|teamsize|p1|4
|teamsize|p2|4
|start
|switch|p1a: Golden Gate|Archaludon, L50, F|100/100
|switch|p1b: Maushold|Maushold-Four, L50|100/100
|switch|p2a: Sneasler|Sneasler, L50, M|100/100
|switch|p2b: Kingambit|Kingambit, L50, F|100/100
|turn|1
|
|t:|1756681869
|switch|p1a: E.R.M.A.C|Basculegion, L50, M|100/100
|move|p2b: Kingambit|Sucker Punch|p1b: Maushold
|-damage|p1b: Maushold|17/100
|move|p2a: Sneasler|Close Combat|p1b: Maushold
|-supereffective|p1b: Maushold
|-damage|p1b: Maushold|0 fnt
|-unboost|p2a: Sneasler|def|1
|-unboost|p2a: Sneasler|spd|1
|faint|p1b: Maushold
|
|upkeep
|
|t:|1756681876
|switch|p1b: Golden Gate|Archaludon, L50, F|100/100
|turn|2
|
|t:|1756681883
|-terastallize|p1b: Golden Gate|Bug
|move|p1a: E.R.M.A.C|Protect|p1a: E.R.M.A.C
|-singleturn|p1a: E.R.M.A.C|Protect
|move|p2b: Kingambit|Sucker Punch||[still]
|-fail|p2b: Kingambit
|move|p2a: Sneasler|Close Combat|p1b: Golden Gate
|-resisted|p1b: Golden Gate
|-damage|p1b: Golden Gate|82/100
|-unboost|p2a: Sneasler|def|1
|-unboost|p2a: Sneasler|spd|1
|-ability|p1b: Golden Gate|Stamina|boost
|-boost|p1b: Golden Gate|def|1
|move|p1b: Golden Gate|Body Press|p2b: Kingambit
|-supereffective|p2b: Kingambit
|-damage|p2b: Kingambit|0 fnt
|faint|p2b: Kingambit
|
|upkeep
|
|t:|1756681895
|switch|p2b: Basculegion|Basculegion, L50, M|100/100
|turn|3
|inactive|epic17x has 30 seconds left.
|
|t:|1756681928
|switch|p1b: Nigel|Pelipper, L50, M|100/100
|-weather|RainDance|[from] ability: Drizzle|[of] p1b: Nigel
|move|p1a: E.R.M.A.C|Last Respects|p2b: Basculegion
|-supereffective|p2b: Basculegion
|-damage|p2b: Basculegion|0 fnt
|faint|p2b: Basculegion
|move|p2a: Sneasler|Dire Claw|p1b: Nigel
|-damage|p1b: Nigel|48/100
|-status|p1b: Nigel|psn
|
|-weather|RainDance|[upkeep]
|-damage|p1b: Nigel|35/100 psn|[from] psn
|upkeep
|
|t:|1756681939
|switch|p2b: Ninetales|Ninetales-Alola, L50, M|100/100
|-weather|Snowscape|[from] ability: Snow Warning|[of] p2b: Ninetales
|turn|4
|
|t:|1756681946
|switch|p1b: Golden Gate|Archaludon, L50, F, tera:Bug|82/100
|move|p1a: E.R.M.A.C|Protect|p1a: E.R.M.A.C
|-singleturn|p1a: E.R.M.A.C|Protect
|move|p2a: Sneasler|Dire Claw|p1a: E.R.M.A.C
|-activate|p1a: E.R.M.A.C|move: Protect
|move|p2b: Ninetales|Blizzard|p1b: Golden Gate|[spread] p1b
|-activate|p1a: E.R.M.A.C|move: Protect
|-damage|p1b: Golden Gate|55/100
|-ability|p1b: Golden Gate|Stamina|boost
|-boost|p1b: Golden Gate|def|1
|
|-weather|Snowscape|[upkeep]
|upkeep
|turn|5
|
|t:|1756681955
|switch|p1b: Nigel|Pelipper, L50, M|35/100 psn
|-weather|RainDance|[from] ability: Drizzle|[of] p1b: Nigel
|move|p1a: E.R.M.A.C|Wave Crash|p2b: Ninetales
|-damage|p2b: Ninetales|0 fnt
|faint|p2b: Ninetales
|-damage|p1a: E.R.M.A.C|75/100|[from] Recoil
|move|p2a: Sneasler|Dire Claw|p1a: E.R.M.A.C
|-resisted|p1a: E.R.M.A.C
|-damage|p1a: E.R.M.A.C|50/100
|-status|p1a: E.R.M.A.C|par
|
|-weather|RainDance|[upkeep]
|-damage|p1b: Nigel|23/100 psn|[from] psn
|upkeep
|turn|6
|
|t:|1756681978
|move|p1a: E.R.M.A.C|Aqua Jet|p2a: Sneasler
|-enditem|p2a: Sneasler|Focus Sash
|-damage|p2a: Sneasler|1/100
|move|p2a: Sneasler|Dire Claw|p1a: E.R.M.A.C
|-resisted|p1a: E.R.M.A.C
|-damage|p1a: E.R.M.A.C|23/100 par
|move|p1b: Nigel|Hurricane|p2a: Sneasler
|-supereffective|p2a: Sneasler
|-damage|p2a: Sneasler|0 fnt
|faint|p2a: Sneasler
|
|win|caZISA
||caZISA is ready for game 3.
||epic17x is ready for game 3.
|uhtml|next|Next: Game 3 of 3
|l|☆caZISA
|player|p1|
