|j|☆edo ghira
|j|☆sybe123
|html|edo ghirasybe123    
|uhtml|bestof|Game 2 of a best-of-3
|t:|1785695507
|gametype|doubles
|player|p1|edo ghira|lance|1215
|player|p2|sybe123|101|1193
|gen|9
|tier|[Gen 9 Champions] VGC 2026 Reg M-B (Bo3)
|rated|
|rule|Species Clause: Limit one of each Pokémon
|rule|Item Clause: Limit 1 of each item
|clearpoke
|poke|p1|Venusaur, L50, F|
|poke|p1|Tyranitar, L50, F|
|poke|p1|Wyrdeer, L50, F|
|poke|p1|Excadrill, L50, F|
|poke|p1|Grimmsnarl, L50, M|
|poke|p1|Milotic, L50, M|
|poke|p2|Tyranitar, L50, F|
|poke|p2|Excadrill, L50, F|
|poke|p2|Milotic, L50, F|
|poke|p2|Sinistcha, L50|
|poke|p2|Staraptor, L50, F|
|poke|p2|Gholdengo, L50|
|teampreview|4
|showteam|p1|Venusaur||Venusaurite|Chlorophyll|GigaDrain,EarthPower,SludgeBomb,Protect|Modest||F|||50|]Tyranitar||Tyranitarite|SandStream|RockSlide,KnockOff,LowKick,Protect|Adamant||F|||50|]Wyrdeer||SitrusBerry|Intimidate|PsychicNoise,TrickRoom,Thunderbolt,SkillSwap|Modest||F|||50|]Excadrill||FocusSash|SandRush|HighHorsepower,IronHead,RockSlide,Protect|Adamant||F|||50|]Grimmsnarl||LightClay|Prankster|SpiritBreak,LightScreen,Reflect,PartingShot|Careful||M|||50|]Milotic||Leftovers|Competitive|Scald,IceBeam,Recover,Protect|Calm||M|||50|
|showteam|p2|Tyranitar||Tyranitarite|SandStream|KnockOff,RockSlide,HighHorsepower,Protect|Jolly||F|||50|]Excadrill||FocusSash|SandRush|Earthquake,IronHead,RockSlide,Protect|Adamant||F|||50|]Milotic||ExpertBelt|Competitive|Protect,Scald,IceBeam,IcyWind|Calm||F|||50|]Sinistcha||ColburBerry|Hospitality|MatchaGotcha,ShadowBall,Protect,RagePowder|Bold|||||50|]Staraptor||Staraptite|Intimidate|CloseCombat,BraveBird,Tailwind,Protect|Jolly||F|||50|]Gholdengo||LifeOrb|GoodasGold|MakeItRain,ShadowBall,NastyPlot,Protect|Modest|||||50|
|inactive|Battle timer is ON: inactive players will automatically lose when time's up. (requested by sybe123)
|
|t:|1785695546
|teamsize|p1|4
|teamsize|p2|4
|start
|switch|p1a: Milotic|Milotic, L50, M|100/100
|switch|p1b: Wyrdeer|Wyrdeer, L50, F|100/100
|switch|p2a: Sinistcha|Sinistcha, L50|100/100
|switch|p2b: Staraptor|Staraptor, L50, F|100/100
|-ability|p2b: Staraptor|Intimidate|boost
|-unboost|p1a: Milotic|atk|1
|-ability|p1a: Milotic|Competitive|boost
|-boost|p1a: Milotic|spa|2
|-unboost|p1b: Wyrdeer|atk|1
|-ability|p1b: Wyrdeer|Intimidate|boost
|-unboost|p2a: Sinistcha|atk|1
|-unboost|p2b: Staraptor|atk|1
|turn|1
|
|t:|1785695563
|detailschange|p2b: Staraptor|Staraptor-Mega, L50, F
|-mega|p2b: Staraptor|Staraptor|Staraptite
|move|p2b: Staraptor|Close Combat|p1a: Milotic
|-damage|p1a: Milotic|63/100
|-boost|p2b: Staraptor|def|1
|-boost|p2b: Staraptor|spd|1
|move|p1a: Milotic|Ice Beam|p2b: Staraptor
|-supereffective|p2b: Staraptor|1
|-damage|p2b: Staraptor|42/100
|move|p2a: Sinistcha|Matcha Gotcha|p1b: Wyrdeer|[spread] p1a,p1b
|-supereffective|p1a: Milotic|1
|-crit|p1b: Wyrdeer
|-damage|p1a: Milotic|33/100
|-damage|p1b: Wyrdeer|62/100
|-status|p1b: Wyrdeer|brn
|move|p1b: Wyrdeer|Psychic Noise|p2b: Staraptor
|-supereffective|p2b: Staraptor|1
|-damage|p2b: Staraptor|1/100
|-start|p2b: Staraptor|move: Heal Block
|
|-heal|p1a: Milotic|39/100|[from] item: Leftovers
|-damage|p1b: Wyrdeer|56/100 brn|[from] brn
|upkeep
|turn|2
|inactive|edo ghira has 30 seconds left.
|inactive|sybe123 has 30 seconds left.
|inactive|edo ghira has 20 seconds left.
|inactive|edo ghira has 15 seconds left.
|inactive|sybe123 has 20 seconds left.
|
|t:|1785695608
|move|p1a: Milotic|Protect|p1a: Milotic
|-singleturn|p1a: Milotic|Protect
|move|p2b: Staraptor|Tailwind|p2b: Staraptor
|-sidestart|p2: sybe123|move: Tailwind
|move|p2a: Sinistcha|Matcha Gotcha|p1b: Wyrdeer|[spread] p1b
|-activate|p1a: Milotic|move: Protect
|-damage|p1b: Wyrdeer|33/100 brn
|-enditem|p1b: Wyrdeer|Sitrus Berry|[eat]
|-heal|p1b: Wyrdeer|58/100 brn|[from] item: Sitrus Berry
|move|p1b: Wyrdeer|Skill Swap|p2a: Sinistcha
|-activate|p1b: Wyrdeer|Skill Swap|Hospitality|Intimidate|[of] p2a: Sinistcha
|-ability|p2a: Sinistcha|Intimidate|boost
|-unboost|p1a: Milotic|atk|1
|-ability|p1a: Milotic|Competitive|boost
|-boost|p1a: Milotic|spa|2
|-unboost|p1b: Wyrdeer|atk|1
|-heal|p1a: Milotic|63/100|[from] ability: Hospitality|[of] p1b: Wyrdeer
|
|-heal|p1a: Milotic|69/100|[from] item: Leftovers
|-damage|p1b: Wyrdeer|52/100 brn|[from] brn
|-end|p2b: Staraptor|move: Heal Block
|upkeep
|turn|3
|
|t:|1785695632
|move|p2b: Staraptor|Close Combat|p1a: Milotic
|-damage|p1a: Milotic|34/100
|-boost|p2b: Staraptor|def|1
|-boost|p2b: Staraptor|spd|1
|move|p2a: Sinistcha|Matcha Gotcha|p1a: Milotic|[spread] p1a,p1b
|-supereffective|p1a: Milotic|1
|-damage|p1a: Milotic|4/100
|-damage|p1b: Wyrdeer|29/100 brn
|-status|p1a: Milotic|brn
|move|p1a: Milotic|Ice Beam|p2a: Sinistcha
|-supereffective|p2a: Sinistcha|1
|-damage|p2a: Sinistcha|0 fnt
|faint|p2a: Sinistcha
|move|p1b: Wyrdeer|Trick Room|p1b: Wyrdeer
|-fieldstart|move: Trick Room|[of] p1b: Wyrdeer
|
|-heal|p1a: Milotic|10/100 brn|[from] item: Leftovers
|-damage|p1b: Wyrdeer|23/100 brn|[from] brn
|-damage|p1a: Milotic|4/100 brn|[from] brn
|upkeep
|
|t:|1785695646
|switch|p2a: Tyranitar|Tyranitar, L50, F|100/100
|-weather|Sandstorm|[from] ability: Sand Stream|[of] p2a: Tyranitar
|turn|4
|inactive|sybe123 has 30 seconds left.
|inactive|sybe123 has 20 seconds left.
|
|t:|1785695684
|move|p2a: Tyranitar|Protect|p2a: Tyranitar
|-singleturn|p2a: Tyranitar|Protect
|move|p1b: Wyrdeer|Skill Swap|p1a: Milotic
|-activate|p1b: Wyrdeer|Skill Swap|||[of] p1a: Milotic
|-heal|p1b: Wyrdeer|48/100 brn|[from] ability: Hospitality|[of] p1a: Milotic
|move|p1a: Milotic|Scald|p2a: Tyranitar
|-activate|p2a: Tyranitar|move: Protect
|move|p2b: Staraptor|Close Combat|p1a: Milotic
|-damage|p1a: Milotic|0 fnt
|-boost|p2b: Staraptor|def|1
|-boost|p2b: Staraptor|spd|1
|faint|p1a: Milotic
|
|-weather|Sandstorm|[upkeep]
|-damage|p1b: Wyrdeer|41/100 brn|[from] Sandstorm
|-damage|p2b: Staraptor|0 fnt|[from] Sandstorm
|faint|p2b: Staraptor
|-damage|p1b: Wyrdeer|35/100 brn|[from] brn
|upkeep
|
|t:|1785695697
|switch|p1a: Tyranitar|Tyranitar, L50, F|100/100
|switch|p2b: Excadrill|Excadrill, L50, F|100/100
|turn|5
|
|t:|1785695714
|move|p2b: Excadrill|Protect|p2b: Excadrill
|-singleturn|p2b: Excadrill|Protect
|move|p1a: Tyranitar|Low Kick|p2a: Tyranitar
|-supereffective|p2a: Tyranitar|2
|-damage|p2a: Tyranitar|0 fnt
|faint|p2a: Tyranitar
|move|p1b: Wyrdeer|Psychic Noise|p2b: Excadrill
|-activate|p2b: Excadrill|move: Protect
|
|-weather|Sandstorm|[upkeep]
|-damage|p1b: Wyrdeer|29/100 brn|[from] Sandstorm
|-damage|p1b: Wyrdeer|23/100 brn|[from] brn
|-sideend|p2: sybe123|move: Tailwind
|upkeep
|turn|6
|inactive|sybe123 has 30 seconds left.
|
|t:|1785695748
|detailschange|p1a: Tyranitar|Tyranitar-Mega, L50, F
|-mega|p1a: Tyranitar|Tyranitar|Tyranitarite
|move|p1b: Wyrdeer|Psychic Noise|p2b: Excadrill
|-resisted|p2b: Excadrill|1
|-damage|p2b: Excadrill|79/100
|-start|p2b: Excadrill|move: Heal Block
|move|p1a: Tyranitar|Low Kick|p2b: Excadrill
|-supereffective|p2b: Excadrill|1
|-damage|p2b: Excadrill|0 fnt
|faint|p2b: Excadrill
|
|win|edo ghira
|raw|edo ghira's rating: 1215 → 1238(+23 for winning)
|raw|sybe123's rating: 1193 → 1170(-23 for losing)
|l|☆sybe123
|player|p2|
