|j|☆wait for swarley
|j|☆icemonggs
|html|wait for swarleyicemonggs    
|uhtml|bestof|Game 1 of a best-of-3
|t:|1785010704
|gametype|doubles
|player|p1|wait for swarley|volo|1191
|player|p2|icemonggs|cilan|1345
|gen|9
|tier|[Gen 9 Champions] VGC 2026 Reg M-B (Bo3)
|rated|
|rule|Species Clause: Limit one of each Pokémon
|rule|Item Clause: Limit 1 of each item
|clearpoke
|poke|p1|Grimmsnarl, L50, M|
|poke|p1|Incineroar, L50, F|
|poke|p1|Maushold-Four, L50|
|poke|p1|Annihilape, L50, F|
|poke|p1|Floette-Eternal, L50, F|
|poke|p1|Raichu, L50, M|
|poke|p2|Dragonite, L50, M, shiny|
|poke|p2|Toxapex, L50, F, shiny|
|poke|p2|Sneasler, L50, M|
|poke|p2|Kingambit, L50, M, shiny|
|poke|p2|Charizard, L50, M, shiny|
|poke|p2|Froslass, L50, F, shiny|
|teampreview|4
|showteam|p1|Grimmsnarl||LightClay|Prankster|SpiritBreak,Reflect,LightScreen,PartingShot|Careful||M|||50|]Incineroar||SitrusBerry|Intimidate|FakeOut,FlareBlitz,ThroatChop,PartingShot|Careful||F|||50|]Maushold-Four||FocusSash|FriendGuard|FollowMe,SuperFang,Encore,Protect|Timid|||||50|]Annihilape||Leftovers|Defiant|RageFist,DrainPunch,BulkUp,Protect|Adamant||F|||50|]Floette-Eternal||Floettite|FlowerVeil|Moonblast,DrainingKiss,CalmMind,Protect|Modest||F|||50|]Raichu||RaichuniteY|LightningRod|ZapCannon,GrassKnot,FakeOut,Protect|Modest||M|||50|
|showteam|p2|Dragonite||LifeOrb|InnerFocus|DragonClaw,ExtremeSpeed,LowKick,Protect|Adamant||M|||50|]Toxapex||Leftovers|Regenerator|Infestation,Toxic,WideGuard,BanefulBunker|Bold||F|||50|]Sneasler||FocusSash|PoisonTouch|CloseCombat,PoisonJab,FakeOut,Protect|Jolly||M|||50|]Kingambit||BlackGlasses|Defiant|KowtowCleave,SwordsDance,SuckerPunch,Protect|Adamant||M|||50|]Charizard||CharizarditeY|Blaze|HeatWave,WeatherBall,SolarBeam,Protect|Modest||M|||50|]Froslass||Froslassite|CursedBody|Blizzard,ShadowBall,AuroraVeil,Protect|Modest||F|||50|
|inactive|Battle timer is ON: inactive players will automatically lose when time's up. (requested by wait for swarley)
|inactive|icemonggs has 60 seconds left.
|
|t:|1785010753
|teamsize|p1|4
|teamsize|p2|4
|start
|switch|p1a: Grimmsnarl|Grimmsnarl, L50, M|100/100
|switch|p1b: Incineroar|Incineroar, L50, F|100/100
|switch|p2a: Sneasler|Sneasler, L50, M|100/100
|switch|p2b: Froslass|Froslass, L50, F, shiny|100/100
|-ability|p1b: Incineroar|Intimidate|boost
|-unboost|p2a: Sneasler|atk|1
|-unboost|p2b: Froslass|atk|1
|turn|1
|
|t:|1785010773
|detailschange|p2b: Froslass|Froslass-Mega, L50, F, shiny
|-mega|p2b: Froslass|Froslass|Froslassite
|-weather|Snowscape|[from] ability: Snow Warning|[of] p2b: Froslass
|move|p2a: Sneasler|Fake Out|p1b: Incineroar
|-damage|p1b: Incineroar|88/100
|cant|p1b: Incineroar|flinch
|move|p1a: Grimmsnarl|Light Screen|p1a: Grimmsnarl
|-sidestart|p1: wait for swarley|move: Light Screen
|move|p2b: Froslass|Blizzard|p1a: Grimmsnarl|[spread] p1a,p1b
|-resisted|p1b: Incineroar|1
|-damage|p1a: Grimmsnarl|66/100
|-damage|p1b: Incineroar|73/100
|
|-weather|Snowscape|[upkeep]
|upkeep
|turn|2
|
|t:|1785010793
|switch|p1b: Annihilape|Annihilape, L50, F|100/100
|move|p1a: Grimmsnarl|Parting Shot|p2b: Froslass
|-unboost|p2b: Froslass|atk|1
|-unboost|p2b: Froslass|spa|1
|
|t:|1785010800
|switch|p1a: Raichu|Raichu, L50, M|100/100|[from] Parting Shot
|move|p2a: Sneasler|Close Combat|p1b: Annihilape
|-immune|p1b: Annihilape
|move|p2b: Froslass|Blizzard|p1b: Annihilape|[spread] p1a,p1b
|-damage|p1a: Raichu|74/100
|-damage|p1b: Annihilape|77/100
|
|-weather|Snowscape|[upkeep]
|-heal|p1b: Annihilape|83/100|[from] item: Leftovers
|upkeep
|turn|3
|
|t:|1785010816
|detailschange|p1a: Raichu|Raichu-Mega-Y, L50, M
|-mega|p1a: Raichu|Raichu|Raichunite Y
|move|p2a: Sneasler|Close Combat|p1a: Raichu
|-damage|p1a: Raichu|0 fnt
|-unboost|p2a: Sneasler|def|1
|-unboost|p2a: Sneasler|spd|1
|faint|p1a: Raichu
|move|p2b: Froslass|Aurora Veil|p2b: Froslass
|-sidestart|p2: icemonggs|move: Aurora Veil
|move|p1b: Annihilape|Bulk Up|p1b: Annihilape
|-boost|p1b: Annihilape|atk|1
|-boost|p1b: Annihilape|def|1
|
|-weather|Snowscape|[upkeep]
|-heal|p1b: Annihilape|89/100|[from] item: Leftovers
|upkeep
|inactive|wait for swarley has 30 seconds left.
|inactive|wait for swarley has 20 seconds left.
|
|t:|1785010855
|switch|p1a: Grimmsnarl|Grimmsnarl, L50, M|66/100
|turn|4
|
|t:|1785010861
|switch|p2b: Toxapex|Toxapex, L50, F, shiny|100/100
|move|p1a: Grimmsnarl|Parting Shot|p2b: Toxapex
|-unboost|p2b: Toxapex|atk|1
|-unboost|p2b: Toxapex|spa|1
|
|t:|1785010866
|switch|p1a: Incineroar|Incineroar, L50, F|73/100|[from] Parting Shot
|-ability|p1a: Incineroar|Intimidate|boost
|-unboost|p2a: Sneasler|atk|1
|-unboost|p2b: Toxapex|atk|1
|move|p2a: Sneasler|Poison Jab|p1a: Incineroar
|-damage|p1a: Incineroar|47/100
|-enditem|p1a: Incineroar|Sitrus Berry|[eat]
|-heal|p1a: Incineroar|71/100|[from] item: Sitrus Berry
|move|p1b: Annihilape|Rage Fist|p2b: Toxapex
|-crit|p2b: Toxapex
|-damage|p2b: Toxapex|42/100
|
|-weather|Snowscape|[upkeep]
|-heal|p1b: Annihilape|95/100|[from] item: Leftovers
|-heal|p2b: Toxapex|47/100|[from] item: Leftovers
|upkeep
|turn|5
|
|t:|1785010889
|switch|p2a: Kingambit|Kingambit, L50, M, shiny|100/100
|move|p1a: Incineroar|Fake Out|p2b: Toxapex
|-damage|p2b: Toxapex|42/100
|move|p1b: Annihilape|Rage Fist|p2a: Kingambit
|-resisted|p2a: Kingambit|1
|-damage|p2a: Kingambit|84/100
|cant|p2b: Toxapex|flinch
|
|-weather|none
|-heal|p1b: Annihilape|100/100|[from] item: Leftovers
|-heal|p2b: Toxapex|47/100|[from] item: Leftovers
|upkeep
|turn|6
|
|t:|1785010909
|move|p1b: Annihilape|Protect|p1b: Annihilape
|-singleturn|p1b: Annihilape|Protect
|move|p1a: Incineroar|Throat Chop|p2b: Toxapex
|-damage|p2b: Toxapex|33/100
|-start|p2b: Toxapex|Throat Chop|[silent]
|move|p2a: Kingambit|Swords Dance|p2a: Kingambit
|-boost|p2a: Kingambit|atk|2
|move|p2b: Toxapex|Toxic|p1b: Annihilape
|-activate|p1b: Annihilape|move: Protect
|
|-heal|p2b: Toxapex|38/100|[from] item: Leftovers
|upkeep
|turn|7
|
|t:|1785010921
|move|p2a: Kingambit|Sucker Punch|p1b: Annihilape
|-damage|p1b: Annihilape|27/100
|move|p1b: Annihilape|Rage Fist|p2b: Toxapex
|-damage|p2b: Toxapex|0 fnt
|faint|p2b: Toxapex
|move|p1a: Incineroar|Throat Chop|p2a: Kingambit
|-resisted|p2a: Kingambit|1
|-damage|p2a: Kingambit|76/100
|-start|p2a: Kingambit|Throat Chop|[silent]
|
|-heal|p1b: Annihilape|32/100|[from] item: Leftovers
|-sideend|p2: icemonggs|move: Aurora Veil
|upkeep
|
|t:|1785010926
|switch|p2b: Sneasler|Sneasler, L50, M|100/100
|turn|8
|
|t:|1785010936
|switch|p1a: Grimmsnarl|Grimmsnarl, L50, M|66/100
|move|p2a: Kingambit|Sucker Punch|p1b: Annihilape
|-damage|p1b: Annihilape|0 fnt
|faint|p1b: Annihilape
|move|p2b: Sneasler|Close Combat|p1a: Grimmsnarl
|-damage|p1a: Grimmsnarl|0 fnt
|-unboost|p2b: Sneasler|def|1
|-unboost|p2b: Sneasler|spd|1
|faint|p1a: Grimmsnarl
|
|-end|p2a: Kingambit|Throat Chop|[silent]
|-sideend|p1: wait for swarley|move: Light Screen
|upkeep
|-message|wait for swarley forfeited.
|
|win|icemonggs
