|j|☆ToastedArt
|j|☆beegmitch
|html|ToastedArtbeegmitch    
|uhtml|bestof|Game 2 of a best-of-3
|t:|1784479476
|gametype|doubles
|player|p1|ToastedArt|iris|1063
|player|p2|beegmitch|2|1014
|gen|9
|tier|[Gen 9 Champions] VGC 2026 Reg M-B (Bo3)
|rated|
|rule|Species Clause: Limit one of each Pokémon
|rule|Item Clause: Limit 1 of each item
|clearpoke
|poke|p1|Falinks, L50, shiny|
|poke|p1|Incineroar, L50, M|
|poke|p1|Vanilluxe, L50, M, shiny|
|poke|p1|Basculegion, L50, M, shiny|
|poke|p1|Sneasler, L50, F|
|poke|p1|Dragonite, L50, M, shiny|
|poke|p2|Metagross, L50|
|poke|p2|Politoed, L50, F|
|poke|p2|Aerodactyl, L50, F|
|poke|p2|Skeledirge, L50, M|
|poke|p2|Sableye, L50, F|
|poke|p2|Archaludon, L50, M|
|teampreview|4
|showteam|p1|Falinks||Falinksite|Defiant|NoRetreat,CloseCombat,RockSlide,Protect|Adamant|||||50|]Incineroar||Charcoal|Intimidate|FlareBlitz,ThroatChop,FakeOut,PartingShot|Adamant||M|||50|]Vanilluxe||ChoiceScarf|SnowWarning|Blizzard,FreezeDry,IcyWind,SheerCold|Modest||M|||50|]Basculegion||SitrusBerry|Adaptability|WaveCrash,LastRespects,AquaJet,Protect|Adamant||M|||50|]Sneasler||FocusSash|PoisonTouch|PoisonJab,CloseCombat,FakeOut,Coaching|Jolly||F|||50|]Dragonite||DragonFang|Multiscale|DragonClaw,ExtremeSpeed,LowKick,Tailwind|Adamant||M|||50|
|showteam|p2|Metagross||Metagrossite|ClearBody|MeteorMash,PsychicFangs,Protect,Agility|Adamant|||||50|]Politoed||SitrusBerry|Drizzle|PerishSong,WeatherBall,IceBeam,Encore|Calm||F|||50|]Aerodactyl||FocusSash|Unnerve|Tailwind,RockSlide,WideGuard,DualWingbeat|Jolly||F|||50|]Skeledirge||Leftovers|Unaware|TorchSong,ShadowBall,Yawn,Protect|Bold||M|||50|]Sableye||FairyFeather|Prankster|Quash,FakeOut,Encore,Disable|Impish||F|||50|]Archaludon||ChopleBerry|Stalwart|ElectroShot,FlashCannon,Protect,DragonPulse|Modest||M|||50|
|inactive|Battle timer is ON: inactive players will automatically lose when time's up. (requested by ToastedArt)
|
|t:|1784479498
|teamsize|p1|4
|teamsize|p2|4
|start
|switch|p1a: Basculegion|Basculegion, L50, M, shiny|100/100
|switch|p1b: Sneasler|Sneasler, L50, F|100/100
|switch|p2a: Aerodactyl|Aerodactyl, L50, F|100/100
|switch|p2b: Politoed|Politoed, L50, F|100/100
|-ability|p2a: Aerodactyl|Unnerve
|-weather|RainDance|[from] ability: Drizzle|[of] p2b: Politoed
|turn|1
|
|t:|1784479522
|move|p1b: Sneasler|Fake Out|p2a: Aerodactyl
|-resisted|p2a: Aerodactyl|1
|-damage|p2a: Aerodactyl|89/100
|-status|p2a: Aerodactyl|psn|[from] ability: Poison Touch|[of] p1b: Sneasler
|move|p1a: Basculegion|Aqua Jet|p2a: Aerodactyl
|-supereffective|p2a: Aerodactyl|1
|-damage|p2a: Aerodactyl|0 fnt
|faint|p2a: Aerodactyl
|move|p2b: Politoed|Weather Ball|p1b: Sneasler
|-damage|p1b: Sneasler|31/100
|
|-weather|RainDance|[upkeep]
|upkeep
|
|t:|1784479533
|switch|p2a: Archaludon|Archaludon, L50, M|100/100
|turn|2
|
|t:|1784479543
|move|p1b: Sneasler|Close Combat|p2a: Archaludon
|-supereffective|p2a: Archaludon|1
|-enditem|p2a: Archaludon|Chople Berry|[eat]
|-enditem|p2a: Archaludon|Chople Berry|[weaken]
|-damage|p2a: Archaludon|52/100
|-unboost|p1b: Sneasler|def|1
|-unboost|p1b: Sneasler|spd|1
|move|p2a: Archaludon|Electro Shot||[still]
|-prepare|p2a: Archaludon|Electro Shot
|-boost|p2a: Archaludon|spa|1
|-anim|p2a: Archaludon|Electro Shot|p1a: Basculegion
|-supereffective|p1a: Basculegion|1
|-damage|p1a: Basculegion|0 fnt
|faint|p1a: Basculegion
|move|p2b: Politoed|Weather Ball|p1b: Sneasler
|-damage|p1b: Sneasler|0 fnt
|faint|p1b: Sneasler
|
|-weather|RainDance|[upkeep]
|upkeep
|
|t:|1784479555
|switch|p1b: Incineroar|Incineroar, L50, M|100/100
|switch|p1a: Falinks|Falinks, L50, shiny|100/100
|-ability|p1b: Incineroar|Intimidate|boost
|-unboost|p2a: Archaludon|atk|1
|-unboost|p2b: Politoed|atk|1
|turn|3
|
|t:|1784479575
|detailschange|p1a: Falinks|Falinks-Mega, L50, shiny
|-mega|p1a: Falinks|Falinks|Falinksite
|move|p2a: Archaludon|Protect|p2a: Archaludon
|-singleturn|p2a: Archaludon|Protect
|move|p1b: Incineroar|Fake Out|p2a: Archaludon
|-activate|p2a: Archaludon|move: Protect
|move|p1a: Falinks|No Retreat|p1a: Falinks
|-boost|p1a: Falinks|atk|1
|-boost|p1a: Falinks|def|1
|-boost|p1a: Falinks|spa|1
|-boost|p1a: Falinks|spd|1
|-boost|p1a: Falinks|spe|1
|-start|p1a: Falinks|move: No Retreat
|move|p2b: Politoed|Perish Song|p2b: Politoed
|-start|p1a: Falinks|perish3|[silent]
|-start|p1b: Incineroar|perish3|[silent]
|-start|p2a: Archaludon|perish3|[silent]
|-start|p2b: Politoed|perish3|[silent]
|-fieldactivate|move: Perish Song
|
|-weather|RainDance|[upkeep]
|-start|p1a: Falinks|perish3
|-start|p2a: Archaludon|perish3
|-start|p2b: Politoed|perish3
|-start|p1b: Incineroar|perish3
|upkeep
|turn|4
|
|t:|1784479600
|move|p1a: Falinks|Close Combat|p2a: Archaludon
|-supereffective|p2a: Archaludon|1
|-damage|p2a: Archaludon|0 fnt
|-unboost|p1a: Falinks|def|1
|-unboost|p1a: Falinks|spd|1
|faint|p2a: Archaludon
|move|p2b: Politoed|Encore|p1a: Falinks
|-start|p1a: Falinks|Encore
|move|p1b: Incineroar|Flare Blitz|p2b: Politoed
|-resisted|p2b: Politoed|1
|-damage|p2b: Politoed|78/100
|-status|p2b: Politoed|brn
|-damage|p1b: Incineroar|92/100|[from] Recoil
|
|-weather|RainDance|[upkeep]
|-damage|p2b: Politoed|72/100 brn|[from] brn
|-start|p1a: Falinks|perish2
|-start|p2b: Politoed|perish2
|-start|p1b: Incineroar|perish2
|upkeep
|
|t:|1784479610
|switch|p2a: Metagross|Metagross, L50|100/100
|turn|5
|
|t:|1784479624
|detailschange|p2a: Metagross|Metagross-Mega, L50
|-mega|p2a: Metagross|Metagross|Metagrossite
|move|p2a: Metagross|Protect|p2a: Metagross
|-singleturn|p2a: Metagross|Protect
|move|p1a: Falinks|Close Combat|p2b: Politoed
|-damage|p2b: Politoed|0 fnt
|-unboost|p1a: Falinks|def|1
|-unboost|p1a: Falinks|spd|1
|faint|p2b: Politoed
|move|p1b: Incineroar|Flare Blitz|p2a: Metagross
|-activate|p2a: Metagross|move: Protect
|
|-weather|none
|-start|p1a: Falinks|perish1
|-start|p1b: Incineroar|perish1
|upkeep
|turn|6
|
|t:|1784479640
|move|p2a: Metagross|Protect||[still]
|-fail|p2a: Metagross
|move|p1a: Falinks|Close Combat|p2a: Metagross
|-damage|p2a: Metagross|30/100
|-unboost|p1a: Falinks|def|1
|-unboost|p1a: Falinks|spd|1
|move|p1b: Incineroar|Flare Blitz|p2a: Metagross
|-supereffective|p2a: Metagross|1
|-damage|p2a: Metagross|0 fnt
|faint|p2a: Metagross
|-damage|p1b: Incineroar|83/100|[from] Recoil
|
|win|ToastedArt
|raw|ToastedArt's rating: 1063 → 1089(+26 for winning)
|raw|beegmitch's rating: 1014 → 1004(-10 for losing)
