|j|☆xareu
|j|☆saboyita
|html|xareusaboyita    
|uhtml|bestof|Game 2 of a best-of-3
|t:|1756765369
|gametype|doubles
|player|p1|xareu|clay|1107
|player|p2|saboyita|grimsley|1152
|gen|9
|tier|[Gen 9] VGC 2025 Reg H (Bo3)
|rated|
|rule|Species Clause: Limit one of each Pokémon
|rule|Item Clause: Limit 1 of each item
|clearpoke
|poke|p1|Volcarona, L50, M|
|poke|p1|Rillaboom, L50, M|
|poke|p1|Electabuzz, L50, M|
|poke|p1|Dragonite, L50, F|
|poke|p1|Kingambit, L50, F|
|poke|p1|Sneasler, L50, M|
|poke|p2|Amoonguss, L50, M|
|poke|p2|Hydreigon, L50, M|
|poke|p2|Whimsicott, L50, M|
|poke|p2|Maushold-Four, L50|
|poke|p2|Annihilape, L50, M|
|poke|p2|Ursaluna-Bloodmoon, L50, M|
|teampreview|4
|showteam|p1|Volcarona||Leftovers|FlameBody|HeatWave,TeraBlast,QuiverDance,Protect|||M|||50|,,,,,Fairy]Rillaboom||AssaultVest|GrassySurge|WoodHammer,GrassyGlide,HighHorsepower,FakeOut|||M|||50|,,,,,Fire]Electabuzz||Eviolite|VitalSpirit|Thunderbolt,FollowMe,Taunt,Protect|||M|||50|,,,,,Ghost]Dragonite||LoadedDice|Multiscale|ScaleShot,ExtremeSpeed,Haze,Protect|||F|||50|,,,,,Steel]Kingambit||BlackGlasses|Defiant|KowtowCleave,SuckerPunch,SwordsDance,Protect|||F|||50|,,,,,Dark]Sneasler||FocusSash|Unburden|CloseCombat,DireClaw,Coaching,FakeOut|||M|||50|,,,,,Stellar
|showteam|p2|Amoonguss||MentalHerb|Regenerator|ClearSmog,Spore,RagePowder,Protect|||M|||50|,,,,,Water]Hydreigon||ChoiceSpecs|Levitate|Snarl,HeatWave,DarkPulse,DracoMeteor|||M|||50|,,,,,Ghost]Whimsicott||CovertCloak|Prankster|BeatUp,Encore,HelpingHand,Tailwind|||M|||50|,,,,,Dark]Maushold-Four||WideLens|Technician|PopulationBomb,Taunt,FollowMe,Protect||||||50|,,,,,Ghost]Annihilape||Leftovers|Defiant|RageFist,CloseCombat,FinalGambit,Protect|||M|||50|,,,,,Fire]Ursaluna-Bloodmoon||LifeOrb|MindsEye|HyperVoice,EarthPower,BloodMoon,Protect|||M|||50|,,,,,Water
|inactive|Battle timer is ON: inactive players will automatically lose when time's up. (requested by saboyita)
|inactive|saboyita has 60 seconds left.
|
|t:|1756765412
|teamsize|p1|4
|teamsize|p2|4
|start
|switch|p1a: Volcarona|Volcarona, L50, M|100/100
|switch|p1b: Electabuzz|Electabuzz, L50, M|100/100
|switch|p2a: Amoonguss|Amoonguss, L50, M|100/100
|switch|p2b: Maushold|Maushold-Four, L50|100/100
|turn|1
|
|t:|1756765437
|switch|p2a: Ursaluna|Ursaluna-Bloodmoon, L50, M|100/100
|move|p1b: Electabuzz|Follow Me|p1b: Electabuzz
|-singleturn|p1b: Electabuzz|move: Follow Me
|move|p2b: Maushold|Taunt|p1b: Electabuzz
|-start|p1b: Electabuzz|move: Taunt
|move|p1a: Volcarona|Quiver Dance|p1a: Volcarona
|-boost|p1a: Volcarona|spa|1
|-boost|p1a: Volcarona|spd|1
|-boost|p1a: Volcarona|spe|1
|
|upkeep
|turn|2
|
|t:|1756765460
|-terastallize|p1a: Volcarona|Fairy
|move|p1a: Volcarona|Quiver Dance|p1a: Volcarona
|-boost|p1a: Volcarona|spa|1
|-boost|p1a: Volcarona|spd|1
|-boost|p1a: Volcarona|spe|1
|move|p2b: Maushold|Population Bomb|p1b: Electabuzz
|-damage|p1b: Electabuzz|91/100
|-damage|p1b: Electabuzz|82/100
|-damage|p1b: Electabuzz|73/100
|-damage|p1b: Electabuzz|64/100
|-damage|p1b: Electabuzz|55/100
|-damage|p1b: Electabuzz|46/100
|-damage|p1b: Electabuzz|36/100
|-damage|p1b: Electabuzz|27/100
|-damage|p1b: Electabuzz|18/100
|-damage|p1b: Electabuzz|9/100
|-hitcount|p1b: Electabuzz|10
|move|p1b: Electabuzz|Thunderbolt|p2b: Maushold
|-damage|p2b: Maushold|54/100
|move|p2a: Ursaluna|Blood Moon|p1a: Volcarona
|-damage|p1a: Volcarona|47/100
|-damage|p2a: Ursaluna|91/100|[from] item: Life Orb
|
|-heal|p1a: Volcarona|54/100|[from] item: Leftovers
|upkeep
|turn|3
|inactive|xareu has 30 seconds left.
|inactive|saboyita has 30 seconds left.
|inactive|xareu has 20 seconds left.
|inactive|saboyita has 20 seconds left.
|inactive|xareu has 15 seconds left.
|
|t:|1756765505
|switch|p1b: Dragonite|Dragonite, L50, F|100/100
|move|p2a: Ursaluna|Protect|p2a: Ursaluna
|-singleturn|p2a: Ursaluna|Protect
|move|p1a: Volcarona|Heat Wave|p2a: Ursaluna|[spread] p2b
|-activate|p2a: Ursaluna|move: Protect
|-damage|p2b: Maushold|0 fnt
|faint|p2b: Maushold
|
|-heal|p1a: Volcarona|60/100|[from] item: Leftovers
|upkeep
|
|t:|1756765514
|switch|p2b: Amoonguss|Amoonguss, L50, M|100/100
|turn|4
|
|t:|1756765536
|-terastallize|p2b: Amoonguss|Water
|move|p1a: Volcarona|Heat Wave|p2a: Ursaluna|[spread] p2a,p2b
|-resisted|p2b: Amoonguss
|-damage|p2a: Ursaluna|1/100
|-damage|p2b: Amoonguss|75/100
|move|p1b: Dragonite|Scale Shot|p2b: Amoonguss
|-damage|p2b: Amoonguss|62/100
|-damage|p2b: Amoonguss|48/100
|-crit|p2b: Amoonguss
|-damage|p2b: Amoonguss|28/100
|-damage|p2b: Amoonguss|13/100
|-damage|p2b: Amoonguss|0 fnt
|faint|p2b: Amoonguss
|-hitcount|p2: Amoonguss|5
|-unboost|p1b: Dragonite|def|1
|-boost|p1b: Dragonite|spe|1
|move|p2a: Ursaluna|Hyper Voice|p1b: Dragonite|[spread] p1a,p1b
|-damage|p1a: Volcarona|36/100
|-damage|p1b: Dragonite|74/100
|-damage|p2a: Ursaluna|0 fnt|[from] item: Life Orb
|faint|p2a: Ursaluna
|
|-heal|p1a: Volcarona|42/100|[from] item: Leftovers
|upkeep
|
|t:|1756765549
|switch|p2b: Hydreigon|Hydreigon, L50, M|100/100
|turn|5
|
|t:|1756765558
|move|p1a: Volcarona|Tera Blast|p2b: Hydreigon|[anim] Tera Blast Fairy
|-supereffective|p2b: Hydreigon
|-crit|p2b: Hydreigon
|-damage|p2b: Hydreigon|0 fnt
|faint|p2b: Hydreigon
|
|win|xareu
||xareu is ready for game 3.
|inactive|saboyita has 30 seconds to confirm battle start!
