|j|☆gallium1005
|html|gallium1005ghjk09    
|uhtml|bestof|Game 2 of a best-of-3
|t:|1784250703
|gametype|doubles
|player|p1|gallium1005|hilbert|1136
|player|p2|ghjk09|hilbert|1037
|gen|9
|tier|[Gen 9 Champions] VGC 2026 Reg M-B (Bo3)
|rated|
|rule|Species Clause: Limit one of each Pokémon
|rule|Item Clause: Limit 1 of each item
|clearpoke
|poke|p1|Swampert, L50, F|
|poke|p1|Archaludon, L50, F|
|poke|p1|Pelipper, L50, F|
|poke|p1|Sneasler, L50, F|
|poke|p1|Floette-Eternal, L50, F|
|poke|p1|Sinistcha, L50|
|poke|p2|Tauros-Paldea-Blaze, L50, M|
|poke|p2|Meowscarada, L50, M|
|poke|p2|Glalie, L50, F|
|poke|p2|Whimsicott, L50, M|
|poke|p2|Pelipper, L50, F|
|poke|p2|Basculegion, L50, M|
|teampreview|4
|showteam|p1|Swampert||Swampertite|Torrent|WaveCrash,Earthquake,KnockOff,Protect|Adamant||F|||50|]Archaludon||Leftovers|Stamina|ElectroShot,DragonPulse,FlashCannon,Protect|Modest||F|||50|]Pelipper||FocusSash|Drizzle|Tailwind,Hurricane,WeatherBall,Protect|Timid||F|||50|]Sneasler||WhiteHerb|Unburden|FakeOut,DireClaw,CloseCombat,Protect|Jolly||F|||50|]Floette-Eternal||Floettite|FlowerVeil|DrainingKiss,DazzlingGleam,CalmMind,Protect|Modest||F|||50|]Sinistcha||SitrusBerry|Hospitality|MatchaGotcha,RagePowder,TrickRoom,Protect|Bold|||||50|
|showteam|p2|Tauros-Paldea-Blaze||ShucaBerry|AngerPoint|Earthquake,FlameCharge,RockSlide,Protect|Jolly||M|||50|]Meowscarada||ChoiceScarf|Protean|FlowerTrick,ThunderPunch,TripleAxel,Uturn|Timid||M|||50|]Glalie||Glalitite|InnerFocus|FrostBreath,Explosion,Protect,BodySlam|Adamant||F|||50|]Whimsicott||MentalHerb|Prankster|Moonblast,Tailwind,Encore,Protect|Bold||M|||50|]Pelipper||SitrusBerry|Drizzle|WeatherBall,Hurricane,Protect,Tailwind|Modest||F|||50|]Basculegion||FocusSash|Adaptability|AquaJet,FlipTurn,LastRespects,WaveCrash|Adamant||M|||50|
|j|☆ghjk09
|player|p2|ghjk09|hilbert|
|
|t:|1784250753
|teamsize|p1|4
|teamsize|p2|4
|start
|switch|p1a: Archaludon|Archaludon, L50, F|100/100
|switch|p1b: Sneasler|Sneasler, L50, F|100/100
|switch|p2a: Whimsicott|Whimsicott, L50, M|100/100
|switch|p2b: Glalie|Glalie, L50, F|100/100
|turn|1
|
|t:|1784250787
|detailschange|p2b: Glalie|Glalie-Mega, L50, F
|-mega|p2b: Glalie|Glalie|Glalitite
|move|p2b: Glalie|Protect|p2b: Glalie
|-singleturn|p2b: Glalie|Protect
|move|p1b: Sneasler|Fake Out|p2a: Whimsicott
|-damage|p2a: Whimsicott|88/100
|cant|p2a: Whimsicott|flinch
|move|p1a: Archaludon|Flash Cannon|p2a: Whimsicott
|-supereffective|p2a: Whimsicott|1
|-damage|p2a: Whimsicott|0 fnt
|faint|p2a: Whimsicott
|
|upkeep
|
|t:|1784250836
|switch|p2a: Basculegion|Basculegion, L50, M|100/100
|turn|2
|
|t:|1784250857
|move|p1b: Sneasler|Protect|p1b: Sneasler
|-singleturn|p1b: Sneasler|Protect
|move|p1a: Archaludon|Protect|p1a: Archaludon
|-singleturn|p1a: Archaludon|Protect
|move|p2b: Glalie|Body Slam|p1b: Sneasler
|-activate|p1b: Sneasler|move: Protect
|move|p2a: Basculegion|Wave Crash|p1b: Sneasler
|-activate|p1b: Sneasler|move: Protect
|
|upkeep
|turn|3
|l|☆ghjk09
|player|p2|
|j|☆ghjk09
|player|p2|ghjk09|hilbert|
|
|t:|1784250927
|switch|p2a: Tauros|Tauros-Paldea-Blaze, L50, M|100/100
|move|p2b: Glalie|Protect|p2b: Glalie
|-singleturn|p2b: Glalie|Protect
|move|p1b: Sneasler|Close Combat|p2b: Glalie
|-activate|p2b: Glalie|move: Protect
|move|p1a: Archaludon|Dragon Pulse|p2a: Tauros
|-damage|p2a: Tauros|34/100
|
|upkeep
|turn|4
|
|t:|1784250975
|switch|p2b: Basculegion|Basculegion, L50, M|100/100
|move|p2a: Tauros|Protect|p2a: Tauros
|-singleturn|p2a: Tauros|Protect
|move|p1b: Sneasler|Close Combat|p2a: Tauros
|-activate|p2a: Tauros|move: Protect
|move|p1a: Archaludon|Flash Cannon|p2b: Basculegion
|-resisted|p2b: Basculegion|1
|-damage|p2b: Basculegion|77/100
|
|upkeep
|turn|5
|
|t:|1784250998
|switch|p1b: Pelipper|Pelipper, L50, F|100/100
|-weather|RainDance|[from] ability: Drizzle|[of] p1b: Pelipper
|move|p2a: Tauros|Earthquake|p1a: Archaludon|[spread] p2b,p1a
|-immune|p1b: Pelipper
|-supereffective|p1a: Archaludon|1
|-damage|p2b: Basculegion|46/100
|-damage|p1a: Archaludon|65/100
|-ability|p1a: Archaludon|Stamina|boost
|-boost|p1a: Archaludon|def|1
|move|p2b: Basculegion|Wave Crash|p1b: Pelipper
|-resisted|p1b: Pelipper|1
|-damage|p1b: Pelipper|16/100
|-damage|p2b: Basculegion|27/100|[from] Recoil
|move|p1a: Archaludon|Electro Shot||[still]
|-prepare|p1a: Archaludon|Electro Shot
|-boost|p1a: Archaludon|spa|1
|-anim|p1a: Archaludon|Electro Shot|p2b: Basculegion
|-supereffective|p2b: Basculegion|1
|-damage|p2b: Basculegion|0 fnt
|faint|p2b: Basculegion
|
|-weather|RainDance|[upkeep]
|-heal|p1a: Archaludon|71/100|[from] item: Leftovers
|upkeep
|
|t:|1784251024
|switch|p2b: Glalie|Glalie-Mega, L50, F|100/100
|turn|6
|
|t:|1784251046
|move|p2a: Tauros|Rock Slide|p1a: Archaludon|[spread] p1b
|-miss|p2a: Tauros|p1a: Archaludon
|-supereffective|p1b: Pelipper|1
|-damage|p1b: Pelipper|0 fnt
|faint|p1b: Pelipper
|move|p2b: Glalie|Frost Breath|p2a: Tauros
|-resisted|p2a: Tauros|1
|-crit|p2a: Tauros
|-damage|p2a: Tauros|7/100
|-setboost|p2a: Tauros|atk|6|[from] ability: Anger Point
|move|p1a: Archaludon|Electro Shot||[still]
|-prepare|p1a: Archaludon|Electro Shot
|-boost|p1a: Archaludon|spa|1
|-anim|p1a: Archaludon|Electro Shot|p2b: Glalie
|-damage|p2b: Glalie|0 fnt
|faint|p2b: Glalie
|
|-weather|RainDance|[upkeep]
|-heal|p1a: Archaludon|77/100|[from] item: Leftovers
|upkeep
|
|t:|1784251062
|switch|p1b: Sneasler|Sneasler, L50, F|100/100
|turn|7
|
|t:|1784251071
|move|p2a: Tauros|Protect|p2a: Tauros
|-singleturn|p2a: Tauros|Protect
|move|p1b: Sneasler|Fake Out|p2a: Tauros
|-activate|p2a: Tauros|move: Protect
|move|p1a: Archaludon|Dragon Pulse|p2a: Tauros
|-activate|p2a: Tauros|move: Protect
|
|-weather|RainDance|[upkeep]
|-heal|p1a: Archaludon|83/100|[from] item: Leftovers
|upkeep
|turn|8
|
|t:|1784251084
|move|p1b: Sneasler|Close Combat|p2a: Tauros
|-damage|p2a: Tauros|0 fnt
|-unboost|p1b: Sneasler|def|1
|-unboost|p1b: Sneasler|spd|1
|faint|p2a: Tauros
|
|win|gallium1005
||gallium1005 is ready for game 3.
|l|☆ghjk09
|player|p2|
|inactive|ghjk09 has 30 seconds to confirm battle start!
|inactive|ghjk09 has 20 seconds to confirm battle start!
|inactive|ghjk09 has 10 seconds to confirm battle start!
|uhtml|next|Next: Game 3 of 3
