|j|☆Drunk express
|j|☆MrPhoenixGC
|html|Drunk expressMrPhoenixGC    
|uhtml|bestof|Game 2 of a best-of-3
|t:|1783548993
|gametype|doubles
|player|p1|Drunk express|265|1088
|player|p2|MrPhoenixGC|steven|1257
|gen|9
|tier|[Gen 9 Champions] VGC 2026 Reg M-B (Bo3)
|rated|
|rule|Species Clause: Limit one of each Pokémon
|rule|Item Clause: Limit 1 of each item
|clearpoke
|poke|p1|Farigiraf, L50, F|
|poke|p1|Sylveon, L50, F|
|poke|p1|Mawile, L50, M|
|poke|p1|Whimsicott, L50, F|
|poke|p1|Pyroar, L50, F|
|poke|p1|Sneasler, L50, F|
|poke|p2|Charizard, L50, M|
|poke|p2|Kingambit, L50, M|
|poke|p2|Sylveon, L50, F|
|poke|p2|Garchomp, L50, M|
|poke|p2|Aerodactyl, L50, M|
|poke|p2|Farigiraf, L50, F|
|teampreview|4
|showteam|p1|Farigiraf||SitrusBerry|ArmorTail|Psychic,Thunderbolt,TrickRoom,HelpingHand|Relaxed||F|||50|]Sylveon||FairyFeather|Pixilate|HyperVoice,HyperBeam,QuickAttack,Detect|Quiet||F|||50|]Mawile||Mawilite|Intimidate|SuckerPunch,RockSlide,PlayRough,Protect|Adamant||M|||50|]Whimsicott||FocusSash|Prankster|Tailwind,Encore,SunnyDay,Moonblast|Timid||F|||50|]Pyroar||Pyroarite|Unnerve|HeatWave,Snarl,Protect,FireBlast|Timid||F|||50|]Sneasler||WhiteHerb|Unburden|FakeOut,CloseCombat,DireClaw,AcidSpray|Lonely||F|||50|
|showteam|p2|Charizard||CharizarditeY|SolarPower|Protect,HeatWave,SolarBeam,WeatherBall|Modest||M|||50|]Kingambit||FocusSash|Defiant|IronHead,SuckerPunch,KowtowCleave,LowKick|Adamant||M|||50|]Sylveon||FairyFeather|Pixilate|Detect,HyperVoice,HyperBeam,QuickAttack|Modest||F|||50|]Garchomp||LifeOrb|RoughSkin|Protect,DragonClaw,Earthquake,RockSlide|Jolly||M|||50|]Aerodactyl||Aerodactylite|Unnerve|IceFang,RockSlide,Tailwind,DualWingbeat|Jolly||M|||50|]Farigiraf||SitrusBerry|ArmorTail|TrickRoom,Psychic,Thunderbolt,Protect|Bold||F|||50|
|
|t:|1783549050
|teamsize|p1|4
|teamsize|p2|4
|start
|switch|p1a: Pyroar|Pyroar, L50, F|100/100
|switch|p1b: Sneasler|Sneasler, L50, F|100/100
|switch|p2a: Aerodactyl|Aerodactyl, L50, M|100/100
|switch|p2b: Kingambit|Kingambit, L50, M|100/100
|-ability|p2a: Aerodactyl|Unnerve
|-ability|p1a: Pyroar|Unnerve
|turn|1
|
|t:|1783549080
|detailschange|p2a: Aerodactyl|Aerodactyl-Mega, L50, M
|-mega|p2a: Aerodactyl|Aerodactyl|Aerodactylite
|detailschange|p1a: Pyroar|Pyroar-Mega, L50, F
|-mega|p1a: Pyroar|Pyroar|Pyroarite
|move|p1b: Sneasler|Fake Out|p2a: Aerodactyl
|-resisted|p2a: Aerodactyl|1
|-damage|p2a: Aerodactyl|90/100
|cant|p2a: Aerodactyl|flinch
|move|p1a: Pyroar|Heat Wave|p2b: Kingambit|[spread] p2a,p2b
|-resisted|p2a: Aerodactyl|1
|-supereffective|p2b: Kingambit|1
|-damage|p2a: Aerodactyl|61/100
|-enditem|p2b: Kingambit|Focus Sash
|-damage|p2b: Kingambit|1/100
|move|p2b: Kingambit|Kowtow Cleave|p1a: Pyroar
|-damage|p1a: Pyroar|42/100
|
|upkeep
|turn|2
|
|t:|1783549109
|switch|p1b: Sylveon|Sylveon, L50, F|100/100
|move|p2b: Kingambit|Sucker Punch|p1a: Pyroar
|-damage|p1a: Pyroar|0 fnt
|faint|p1a: Pyroar
|move|p2a: Aerodactyl|Dual Wingbeat|p1b: Sylveon
|-damage|p1b: Sylveon|70/100
|-damage|p1b: Sylveon|37/100
|-hitcount|p1b: Sylveon|2
|
|upkeep
|
|t:|1783549117
|switch|p1a: Whimsicott|Whimsicott, L50, F|100/100
|turn|3
|
|t:|1783549127
|move|p1a: Whimsicott|Tailwind|p1a: Whimsicott
|-sidestart|p1: Drunk express|move: Tailwind
|move|p2a: Aerodactyl|Dual Wingbeat|p1a: Whimsicott
|-supereffective|p1a: Whimsicott|1
|-damage|p1a: Whimsicott|25/100
|-supereffective|p1a: Whimsicott|1
|-damage|p1a: Whimsicott|0 fnt
|faint|p1a: Whimsicott
|-hitcount|p1: Whimsicott|2
|move|p1b: Sylveon|Hyper Voice|p2a: Aerodactyl|[spread] p2a,p2b
|-damage|p2a: Aerodactyl|11/100
|-damage|p2b: Kingambit|0 fnt
|faint|p2b: Kingambit
|
|upkeep
|
|t:|1783549140
|switch|p1a: Sneasler|Sneasler, L50, F|100/100
|switch|p2b: Sylveon|Sylveon, L50, F|100/100
|turn|4
|
|t:|1783549166
|switch|p2a: Farigiraf|Farigiraf, L50, F|100/100
|move|p1b: Sylveon|Quick Attack||[still]
|cant|p2a: Farigiraf|ability: Armor Tail|Quick Attack|[of] p1b: Sylveon
|move|p1a: Sneasler|Dire Claw|p2b: Sylveon
|-supereffective|p2b: Sylveon|1
|-damage|p2b: Sylveon|1/100
|move|p2b: Sylveon|Hyper Voice|p1a: Sneasler|[spread] p1a,p1b
|-damage|p1a: Sneasler|37/100
|-damage|p1b: Sylveon|4/100
|
|upkeep
|turn|5
|
|t:|1783549188
|move|p2b: Sylveon|Quick Attack|p1b: Sylveon
|-damage|p1b: Sylveon|0 fnt
|faint|p1b: Sylveon
|move|p1a: Sneasler|Close Combat|p2a: Farigiraf
|-damage|p2a: Farigiraf|45/100
|-unboost|p1a: Sneasler|def|1
|-unboost|p1a: Sneasler|spd|1
|-enditem|p2a: Farigiraf|Sitrus Berry|[eat]
|-heal|p2a: Farigiraf|70/100|[from] item: Sitrus Berry
|-enditem|p1a: Sneasler|White Herb
|-clearnegativeboost|p1a: Sneasler|[silent]
|move|p2a: Farigiraf|Psychic|p1a: Sneasler
|-supereffective|p1a: Sneasler|2
|-damage|p1a: Sneasler|0 fnt
|faint|p1a: Sneasler
|
|win|MrPhoenixGC
|raw|Drunk express's rating: 1088 → 1075(-13 for losing)
|raw|MrPhoenixGC's rating: 1257 → 1271(+14 for winning)
|l|☆Drunk express
|player|p1|
