|j|☆monkeychese
|j|☆clutcheye_.
|html|monkeycheseclutcheye_.    
|uhtml|bestof|Game 2 of a best-of-3
|t:|1783474418
|gametype|doubles
|player|p1|monkeychese|lucas|
|player|p2|clutcheye_.|lance|
|gen|9
|tier|[Gen 9 Champions] VGC 2026 Reg M-B (Bo3)
|rule|Species Clause: Limit one of each Pokémon
|rule|Item Clause: Limit 1 of each item
|clearpoke
|poke|p1|Delphox, L50, M|
|poke|p1|Lycanroc-Dusk, L50, M|
|poke|p1|Sneasler, L50, F|
|poke|p1|Hydreigon, L50, M|
|poke|p1|Mamoswine, L50, M|
|poke|p1|Toxapex, L50, M|
|poke|p2|Swampert, L50, M|
|poke|p2|Grimmsnarl, L50, M|
|poke|p2|Metagross, L50|
|poke|p2|Pelipper, L50, F|
|poke|p2|Archaludon, L50, M|
|poke|p2|Sinistcha, L50|
|teampreview|4
|showteam|p1|Delphox||Delphoxite|Blaze|HeatWave,Psyshock,NastyPlot,Protect|Timid||M|||50|]Lycanroc-Dusk||FocusSash|ToughClaws|RockSlide,CloseCombat,Accelerock,Protect|Jolly||M|||50|]Sneasler||WhiteHerb|Unburden|DireClaw,CloseCombat,FakeOut,Protect|Jolly||F|||50|]Hydreigon||ChoiceScarf|Levitate|DracoMeteor,DarkPulse,Snarl,EarthPower|Modest||M|||50|]Mamoswine||LifeOrb|Oblivious|IceShard,IcicleCrash,Earthquake,Protect|Jolly||M|||50|]Toxapex||Leftovers|Regenerator|Infestation,BanefulBunker,Toxic,WideGuard|Bold||M|||50|
|showteam|p2|Swampert||Swampertite|Torrent|Earthquake,WaveCrash,IcePunch,Protect|Adamant||M|||50|]Grimmsnarl||LightClay|Prankster|LightScreen,Reflect,PartingShot,FoulPlay|Careful||M|||50|]Metagross||Metagrossite|ClearBody|PsychicFangs,RockSlide,IronHead,Protect|Jolly|||||50|]Pelipper||DampRock|Drizzle|WeatherBall,Hurricane,WideGuard,Tailwind|Modest||F|||50|]Archaludon||Leftovers|Stamina|ElectroShot,FlashCannon,DragonPulse,Protect|Modest||M|||50|]Sinistcha||SitrusBerry|Hospitality|RagePowder,MatchaGotcha,Protect,TrickRoom|Relaxed|||||50|
|
|t:|1783474457
|teamsize|p1|4
|teamsize|p2|4
|start
|switch|p1a: stallbending|Toxapex, L50, M|100/100
|switch|p1b: Sneasler|Sneasler, L50, F|100/100
|switch|p2a: Grimmsnarl|Grimmsnarl, L50, M|100/100
|switch|p2b: Metagross|Metagross, L50|100/100
|turn|1
|
|t:|1783474493
|switch|p1b: Mamoswine|Mamoswine, L50, M|100/100
|move|p2b: Metagross|Protect|p2b: Metagross
|-singleturn|p2b: Metagross|Protect
|move|p2a: Grimmsnarl|Reflect|p2a: Grimmsnarl
|-sidestart|p2: clutcheye_.|Reflect
|move|p1a: stallbending|Infestation|p2b: Metagross
|-activate|p2b: Metagross|move: Protect
|
|upkeep
|turn|2
|
|t:|1783474521
|switch|p1a: Sneasler|Sneasler, L50, F|100/100
|detailschange|p2b: Metagross|Metagross-Mega, L50
|-mega|p2b: Metagross|Metagross|Metagrossite
|move|p1b: Mamoswine|Protect|p1b: Mamoswine
|-singleturn|p1b: Mamoswine|Protect
|move|p2a: Grimmsnarl|Parting Shot|p1b: Mamoswine
|-activate|p1b: Mamoswine|move: Protect
|move|p2b: Metagross|Iron Head|p1b: Mamoswine
|-activate|p1b: Mamoswine|move: Protect
|
|upkeep
|turn|3
|
|t:|1783474547
|move|p1a: Sneasler|Protect|p1a: Sneasler
|-singleturn|p1a: Sneasler|Protect
|move|p2b: Metagross|Protect|p2b: Metagross
|-singleturn|p2b: Metagross|Protect
|move|p2a: Grimmsnarl|Parting Shot|p1b: Mamoswine
|-unboost|p1b: Mamoswine|atk|1
|-unboost|p1b: Mamoswine|spa|1
|
|t:|1783474556
|switch|p2a: Pelipper|Pelipper, L50, F|100/100|[from] Parting Shot
|-weather|RainDance|[from] ability: Drizzle|[of] p2a: Pelipper
|move|p1b: Mamoswine|Earthquake|p2a: Pelipper|[spread] 
|-activate|p1a: Sneasler|move: Protect
|-activate|p2b: Metagross|move: Protect
|-immune|p2a: Pelipper
|
|-weather|RainDance|[upkeep]
|upkeep
|turn|4
|c|☆monkeychese|good play
|c|☆clutcheye_.|ty
|
|t:|1783474579
|switch|p1b: stallbending|Toxapex, L50, M|100/100
|move|p1a: Sneasler|Close Combat|p2b: Metagross
|-damage|p2b: Metagross|69/100
|-unboost|p1a: Sneasler|def|1
|-unboost|p1a: Sneasler|spd|1
|-enditem|p1a: Sneasler|White Herb
|-clearnegativeboost|p1a: Sneasler|[silent]
|move|p2b: Metagross|Psychic Fangs|p1a: Sneasler
|-supereffective|p1a: Sneasler|2
|-damage|p1a: Sneasler|0 fnt
|faint|p1a: Sneasler
|move|p2a: Pelipper|Weather Ball|p1b: stallbending
|-resisted|p1b: stallbending|1
|-damage|p1b: stallbending|76/100
|
|-weather|RainDance|[upkeep]
|-heal|p1b: stallbending|82/100|[from] item: Leftovers
|upkeep
|
|t:|1783474606
|switch|p1a: Lycanroc|Lycanroc-Dusk, L50, M|100/100
|turn|5
|
|t:|1783474624
|move|p1a: Lycanroc|Accelerock|p2a: Pelipper
|-supereffective|p2a: Pelipper|1
|-crit|p2a: Pelipper
|-damage|p2a: Pelipper|8/100
|move|p2b: Metagross|Psychic Fangs|p1b: stallbending
|-supereffective|p1b: stallbending|1
|-damage|p1b: stallbending|12/100
|move|p2a: Pelipper|Weather Ball|p1a: Lycanroc
|-supereffective|p1a: Lycanroc|1
|-enditem|p1a: Lycanroc|Focus Sash
|-damage|p1a: Lycanroc|1/100
|move|p1b: stallbending|Infestation|p2a: Pelipper
|-resisted|p2a: Pelipper|1
|-damage|p2a: Pelipper|7/100
|-activate|p2a: Pelipper|move: Infestation|[of] p1b: stallbending
|
|-weather|RainDance|[upkeep]
|-heal|p1b: stallbending|17/100|[from] item: Leftovers
|-damage|p2a: Pelipper|0 fnt|[from] move: Infestation|[partiallytrapped]
|faint|p2a: Pelipper
|upkeep
|
|t:|1783474651
|switch|p2a: Grimmsnarl|Grimmsnarl, L50, M|100/100
|turn|6
|
|t:|1783474672
|move|p1a: Lycanroc|Rock Slide|p2a: Grimmsnarl|[spread] p2a,p2b
|-resisted|p2b: Metagross|1
|-damage|p2a: Grimmsnarl|81/100
|-damage|p2b: Metagross|62/100
|cant|p2b: Metagross|flinch
|move|p2a: Grimmsnarl|Foul Play|p1a: Lycanroc
|-damage|p1a: Lycanroc|0 fnt
|faint|p1a: Lycanroc
|move|p1b: stallbending|Infestation|p2b: Metagross
|-damage|p2b: Metagross|59/100
|-activate|p2b: Metagross|move: Infestation|[of] p1b: stallbending
|
|-weather|RainDance|[upkeep]
|-heal|p1b: stallbending|23/100|[from] item: Leftovers
|-damage|p2b: Metagross|46/100|[from] move: Infestation|[partiallytrapped]
|upkeep
|
|t:|1783474683
|switch|p1a: Mamoswine|Mamoswine, L50, M|100/100
|turn|7
|
|t:|1783474693
|move|p1b: stallbending|Baneful Bunker|p1b: stallbending
|-singleturn|p1b: stallbending|move: Protect
|move|p2b: Metagross|Iron Head|p1a: Mamoswine
|-supereffective|p1a: Mamoswine|1
|-damage|p1a: Mamoswine|0 fnt
|faint|p1a: Mamoswine
|move|p2a: Grimmsnarl|Foul Play|p1b: stallbending
|-activate|p1b: stallbending|move: Protect
|-status|p2a: Grimmsnarl|psn
|
|-weather|RainDance|[upkeep]
|-heal|p1b: stallbending|29/100|[from] item: Leftovers
|-damage|p2a: Grimmsnarl|69/100 psn|[from] psn
|-damage|p2b: Metagross|34/100|[from] move: Infestation|[partiallytrapped]
|upkeep
|turn|8
|c|☆monkeychese|damn
|c|☆clutcheye_.|gg
|c|☆monkeychese|gg
|
|t:|1783474720
|move|p2b: Metagross|Psychic Fangs|p1b: stallbending
|-supereffective|p1b: stallbending|1
|-damage|p1b: stallbending|0 fnt
|faint|p1b: stallbending
|
|win|clutcheye_.
|l|☆monkeychese
|player|p1|
|l|☆clutcheye_.
|player|p2|
|j|☆clutcheye_.
|player|p2|clutcheye_.|lance|
