|j|☆LovelyLuna
|j|☆sheepie_sheep
|html|LovelyLunasheepie_sheep    
|uhtml|bestof|Game 1 of a best-of-3
|t:|1757125305
|gametype|doubles
|player|p1|LovelyLuna|#lameliarleo|
|player|p2|sheepie_sheep|allister-unmasked|
|gen|9
|tier|[Gen 9] VGC 2025 Reg H (Bo3)
|rule|Species Clause: Limit one of each Pokémon
|rule|Item Clause: Limit 1 of each item
|clearpoke
|poke|p1|Delphox, L50, F|
|poke|p1|Meowstic, L50, M|
|poke|p1|Jumpluff, L50, F|
|poke|p1|Typhlosion-Hisui, L50, F|
|poke|p1|Decidueye-Hisui, L50, M|
|poke|p1|Gardevoir, L50, F|
|poke|p2|Scizor, L50, F|
|poke|p2|Politoed, L50, F|
|poke|p2|Salamence, L50, M|
|poke|p2|Glimmora, L50, F|
|poke|p2|Kingdra, L50, M|
|poke|p2|Brambleghast, L50, M|
|teampreview|4
|showteam|p1|Delphox||LifeOrb|Blaze|Flamethrower,ExpandingForce,Encore,Protect|||F|||50|,,,,,Dark]Meowstic||CovertCloak|Prankster|FakeOut,PsychicTerrain,SunnyDay,Psychic|||M|||50|,,,,,Dark]Jumpluff||FocusSash|Chlorophyll|SleepPowder,RagePowder,Tailwind,Encore|||F|||50|,,,,,Ghost]Typhlosion-Hisui||ChoiceSpecs|Blaze|Eruption,ShadowBall,HeatWave,FocusBlast|||F|||50|,,,,,Fire]Decidueye-Hisui||AssaultVest|Scrappy|TripleArrows,LeafBlade,SuckerPunch,RockTomb|||M|||50|,,,,,Poison]Gardevoir||PixiePlate|Trace|DazzlingGleam,ExpandingForce,TrickRoom,Protect|||F|||50|,,,,,Steel
|showteam|p2|Scizor||MetalCoat|Technician|SwordsDance,BulletPunch,Protect,BugBite|||F|||50|,,,,,Steel]Politoed||EjectButton|Drizzle|WeatherBall,Protect,HelpingHand,IcyWind|||F|||50|,,,,,Grass]Salamence||LumBerry|Intimidate|Tailwind,Hurricane,Protect,DracoMeteor|||M|||50|,,,,,Steel]Glimmora||PowerHerb|ToxicDebris|MeteorBeam,SludgeBomb,SpikyShield,EarthPower|||F|||50|,,,,,Grass]Kingdra||LifeOrb|SwiftSwim|MuddyWater,WeatherBall,DracoMeteor,Protect|||M|||50|,,,,,Water]Brambleghast||FocusSash|WindRider|PowerWhip,Poltergeist,Protect,ShadowSneak|||M|||50|,,,,,Stellar
|inactive|Battle timer is ON: inactive players will automatically lose when time's up. (requested by sheepie_sheep)
|inactive|LovelyLuna also wants the timer to be on.
|c|☆sheepie_sheep|glhf
|c|☆LovelyLuna|glhf
|inactive|LovelyLuna has 60 seconds left.
|inactive|LovelyLuna has 30 seconds left.
|inactive|sheepie_sheep has 60 seconds left.
|inactive|LovelyLuna has 20 seconds left.
|
|t:|1757125377
|teamsize|p1|4
|teamsize|p2|4
|start
|switch|p1a: Jumpluff|Jumpluff, L50, F|100/100
|switch|p1b: Meowstic|Meowstic, L50, M|100/100
|switch|p2a: Brambleghast|Brambleghast, L50, M|100/100
|switch|p2b: Scizor|Scizor, L50, F|100/100
|turn|1
|
|t:|1757125388
|move|p1b: Meowstic|Psychic Terrain|p1b: Meowstic
|-fieldstart|move: Psychic Terrain
|move|p1a: Jumpluff|Sleep Powder|p2b: Scizor
|-status|p2b: Scizor|slp|[from] move: Sleep Powder
|move|p2a: Brambleghast|Poltergeist|p1b: Meowstic
|-activate|p1b: Meowstic|move: Poltergeist|Covert Cloak
|-supereffective|p1b: Meowstic
|-damage|p1b: Meowstic|0 fnt
|faint|p1b: Meowstic
|cant|p2b: Scizor|slp
|
|upkeep
|
|t:|1757125400
|switch|p1b: Delphox|Delphox, L50, F|100/100
|turn|2
|
|t:|1757125410
|move|p2a: Brambleghast|Protect|p2a: Brambleghast
|-singleturn|p2a: Brambleghast|Protect
|move|p1a: Jumpluff|Tailwind|p1a: Jumpluff
|-sidestart|p1: LovelyLuna|move: Tailwind
|move|p1b: Delphox|Flamethrower|p2a: Brambleghast
|-activate|p2a: Brambleghast|move: Protect
|cant|p2b: Scizor|slp
|
|upkeep
|turn|3
|
|t:|1757125428
|switch|p2a: Politoed|Politoed, L50, F|100/100
|-weather|RainDance|[from] ability: Drizzle|[of] p2a: Politoed
|cant|p2b: Scizor|slp
|move|p1a: Jumpluff|Encore||[still]
|-fail|p1a: Jumpluff
|move|p1b: Delphox|Flamethrower|p2b: Scizor
|-supereffective|p2b: Scizor
|-damage|p2b: Scizor|0 fnt
|faint|p2b: Scizor
|-damage|p1b: Delphox|90/100|[from] item: Life Orb
|
|-weather|RainDance|[upkeep]
|upkeep
|
|t:|1757125441
|switch|p2b: Brambleghast|Brambleghast, L50, M|100/100
|turn|4
|
|t:|1757125456
|-terastallize|p2b: Brambleghast|Stellar
|move|p2a: Politoed|Helping Hand|p2b: Brambleghast
|-singleturn|p2b: Brambleghast|Helping Hand|[of] p2a: Politoed
|move|p1a: Jumpluff|Rage Powder|p1a: Jumpluff
|-singleturn|p1a: Jumpluff|move: Rage Powder
|move|p1b: Delphox|Expanding Force|p2b: Brambleghast|[spread] p2a,p2b
|-damage|p2a: Politoed|46/100
|-enditem|p2b: Brambleghast|Focus Sash
|-damage|p2b: Brambleghast|1/100
|-enditem|p2a: Politoed|Eject Button
|-damage|p1b: Delphox|80/100|[from] item: Life Orb
|
|t:|1757125464
|switch|p2a: Glimmora|Glimmora, L50, F|100/100
|move|p2b: Brambleghast|Power Whip|p1b: Delphox
|-resisted|p1b: Delphox
|-damage|p1b: Delphox|0 fnt
|faint|p1b: Delphox
|
|-weather|RainDance|[upkeep]
|upkeep
|c|☆LovelyLuna|I may be stupid
|
|t:|1757125479
|switch|p1b: Decidueye|Decidueye-Hisui, L50, M|100/100
|turn|5
|
|t:|1757125492
|move|p2b: Brambleghast|Protect|p2b: Brambleghast
|-singleturn|p2b: Brambleghast|Protect
|move|p2a: Glimmora|Spiky Shield|p2a: Glimmora
|-singleturn|p2a: Glimmora|move: Protect
|move|p1a: Jumpluff|Sleep Powder|p2a: Glimmora
|-activate|p2a: Glimmora|move: Protect
|move|p1b: Decidueye|Leaf Blade|p2b: Brambleghast
|-activate|p2b: Brambleghast|move: Protect
|
|-weather|RainDance|[upkeep]
|-sideend|p1: LovelyLuna|move: Tailwind
|-fieldend|move: Psychic Terrain
|upkeep
|turn|6
|
|t:|1757125500
|move|p1b: Decidueye|Sucker Punch|p2b: Brambleghast
|-supereffective|p2b: Brambleghast
|-damage|p2b: Brambleghast|0 fnt
|faint|p2b: Brambleghast
|move|p1a: Jumpluff|Sleep Powder|p2a: Glimmora
|-status|p2a: Glimmora|slp|[from] move: Sleep Powder
|cant|p2a: Glimmora|slp
|
|-weather|RainDance|[upkeep]
|upkeep
|
|t:|1757125503
|switch|p2b: Politoed|Politoed, L50, F|46/100
|turn|7
|
|t:|1757125513
|move|p2b: Politoed|Protect|p2b: Politoed
|-singleturn|p2b: Politoed|Protect
|move|p1a: Jumpluff|Tailwind|p1a: Jumpluff
|-sidestart|p1: LovelyLuna|move: Tailwind
|move|p1b: Decidueye|Triple Arrows|p2a: Glimmora
|-damage|p2a: Glimmora|45/100 slp
|-unboost|p2a: Glimmora|def|1
|-activate|p2a: Glimmora|ability: Toxic Debris
|-sidestart|p1: LovelyLuna|move: Toxic Spikes
|cant|p2a: Glimmora|slp
|
|-weather|none
|upkeep
|turn|8
|-message|sheepie_sheep forfeited.
|
|win|LovelyLuna
||sheepie_sheep is ready for game 2.
|c|☆sheepie_sheep|gg
||LovelyLuna is ready for game 2.
|uhtml|next|Next: Game 2 of 3
|l|☆sheepie_sheep
|player|p2|
