|j|☆Missed Ledgedash
|j|☆Rexar.Deco
|html|Missed LedgedashRexar.Deco    
|uhtml|bestof|Game 1 of a best-of-3
|t:|1782421447
|gametype|doubles
|player|p1|Missed Ledgedash|juan-gen3|1238
|player|p2|Rexar.Deco|102|1166
|gen|9
|tier|[Gen 9 Champions] VGC 2026 Reg M-B (Bo3)
|rated|
|rule|Species Clause: Limit one of each Pokémon
|rule|Item Clause: Limit 1 of each item
|clearpoke
|poke|p1|Incineroar, L50, M|
|poke|p1|Gengar, L50, F|
|poke|p1|Staraptor, L50, M|
|poke|p1|Basculegion, L50, M|
|poke|p1|Sneasler, L50, M|
|poke|p1|Kingambit, L50, M|
|poke|p2|Sneasler, L50, M|
|poke|p2|Ninetales-Alola, L50, M|
|poke|p2|Kingambit, L50, M|
|poke|p2|Meganium, L50, F|
|poke|p2|Arcanine-Hisui, L50, F|
|poke|p2|Froslass, L50, F|
|teampreview|4
|showteam|p1|Incineroar||SitrusBerry|Intimidate|Protect,FlareBlitz,PartingShot,FakeOut|Relaxed||M|||50|]Gengar||Gengarite|CursedBody|Protect,ShadowBall,SludgeBomb,PerishSong|Timid||F|||50|]Staraptor||Staraptite|Intimidate|Protect,CloseCombat,BraveBird,FinalGambit|Jolly||M|||50|]Basculegion||MysticWater|Adaptability|Protect,WaveCrash,LastRespects,AquaJet|Adamant||M|||50|]Sneasler||WhiteHerb|Unburden|Protect,CloseCombat,DireClaw,FakeOut|Adamant||M|||50|]Kingambit||ChopleBerry|Defiant|Protect,KowtowCleave,SuckerPunch,LowKick|Adamant||M|||50|
|showteam|p2|Sneasler||WhiteHerb|Unburden|CloseCombat,DireClaw,FakeOut,Protect|Jolly||M|||50|]Ninetales-Alola||ChoiceScarf|SnowWarning|IcyWind,Blizzard,Moonblast,FreezeDry|Timid||M|||50|]Kingambit||LifeOrb|Defiant|SuckerPunch,KowtowCleave,IronHead,LowKick|Adamant||M|||50|]Meganium||Meganiumite|Overgrow|SolarBeam,WeatherBall,DazzlingGleam,Protect|Modest||F|||50|]Arcanine-Hisui||FocusSash|RockHead|HeadSmash,FlareBlitz,ExtremeSpeed,CloseCombat|Adamant||F|||50|]Froslass||Froslassite|SnowCloak|Blizzard,ShadowBall,AuroraVeil,Protect|Modest||F|||50|
|inactive|Battle timer is ON: inactive players will automatically lose when time's up. (requested by Rexar.Deco)
|inactive|Missed Ledgedash has 60 seconds left.
|
|t:|1782421560
|teamsize|p1|4
|teamsize|p2|4
|start
|switch|p1a: Gengar|Gengar, L50, F|100/100
|switch|p1b: Incineroar|Incineroar, L50, M|100/100
|switch|p2a: Sneasler|Sneasler, L50, M|100/100
|switch|p2b: Arcanine|Arcanine-Hisui, L50, F|100/100
|-ability|p1b: Incineroar|Intimidate|boost
|-unboost|p2a: Sneasler|atk|1
|-unboost|p2b: Arcanine|atk|1
|-enditem|p2a: Sneasler|White Herb
|-clearnegativeboost|p2a: Sneasler|[silent]
|turn|1
|inactive|Missed Ledgedash has 30 seconds left.
|inactive|Rexar.Deco has 30 seconds left.
|inactive|Rexar.Deco has 20 seconds left.
|inactive|Missed Ledgedash has 20 seconds left.
|
|t:|1782421603
|detailschange|p1a: Gengar|Gengar-Mega, L50, F
|-mega|p1a: Gengar|Gengar|Gengarite
|move|p2a: Sneasler|Fake Out|p1b: Incineroar
|-damage|p1b: Incineroar|89/100
|cant|p1b: Incineroar|flinch
|move|p1a: Gengar|Perish Song|p1a: Gengar
|-start|p1a: Gengar|perish3|[silent]
|-start|p1b: Incineroar|perish3|[silent]
|-start|p2a: Sneasler|perish3|[silent]
|-start|p2b: Arcanine|perish3|[silent]
|-fieldactivate|move: Perish Song
|move|p2b: Arcanine|Flare Blitz|p1a: Gengar
|-damage|p1a: Gengar|49/100
|
|-start|p2a: Sneasler|perish3
|-start|p1a: Gengar|perish3
|-start|p2b: Arcanine|perish3
|-start|p1b: Incineroar|perish3
|upkeep
|turn|2
|inactive|Rexar.Deco has 30 seconds left.
|inactive|Rexar.Deco has 20 seconds left.
|
|t:|1782421640
|move|p1a: Gengar|Protect|p1a: Gengar
|-singleturn|p1a: Gengar|Protect
|move|p1b: Incineroar|Protect|p1b: Incineroar
|-singleturn|p1b: Incineroar|Protect
|move|p2a: Sneasler|Close Combat|p1b: Incineroar
|-activate|p1b: Incineroar|move: Protect
|move|p2b: Arcanine|Head Smash|p1b: Incineroar
|-activate|p1b: Incineroar|move: Protect
|
|-start|p2a: Sneasler|perish2
|-start|p1a: Gengar|perish2
|-start|p2b: Arcanine|perish2
|-start|p1b: Incineroar|perish2
|upkeep
|turn|3
|inactive|Rexar.Deco has 30 seconds left.
|inactive|Rexar.Deco has 20 seconds left.
|
|t:|1782421678
|switch|p1a: Sneasler|Sneasler, L50, M|100/100
|move|p2a: Sneasler|Close Combat|p1b: Incineroar
|-supereffective|p1b: Incineroar|1
|-damage|p1b: Incineroar|3/100
|-unboost|p2a: Sneasler|def|1
|-unboost|p2a: Sneasler|spd|1
|-enditem|p1b: Incineroar|Sitrus Berry|[eat]
|-heal|p1b: Incineroar|28/100|[from] item: Sitrus Berry
|move|p2b: Arcanine|Head Smash|p1a: Sneasler|[miss]
|-miss|p2b: Arcanine|p1a: Sneasler
|move|p1b: Incineroar|Parting Shot|p2b: Arcanine
|-unboost|p2b: Arcanine|atk|1
|-unboost|p2b: Arcanine|spa|1
|
|t:|1782421696
|switch|p1b: Gengar|Gengar-Mega, L50, F|49/100|[from] Parting Shot
|
|-start|p2a: Sneasler|perish1
|-start|p2b: Arcanine|perish1
|upkeep
|turn|4
|
|t:|1782421712
|move|p1b: Gengar|Protect|p1b: Gengar
|-singleturn|p1b: Gengar|Protect
|move|p1a: Sneasler|Protect|p1a: Sneasler
|-singleturn|p1a: Sneasler|Protect
|move|p2a: Sneasler|Close Combat|p1a: Sneasler
|-activate|p1a: Sneasler|move: Protect
|move|p2b: Arcanine|Flare Blitz|p1a: Sneasler
|-activate|p1a: Sneasler|move: Protect
|
|-start|p2a: Sneasler|perish0
|-start|p2b: Arcanine|perish0
|faint|p2a: Sneasler
|faint|p2b: Arcanine
|upkeep
|
|t:|1782421725
|switch|p2a: Meganium|Meganium, L50, F|100/100
|switch|p2b: Kingambit|Kingambit, L50, M|100/100
|turn|5
|inactive|Rexar.Deco has 30 seconds left.
|
|t:|1782421753
|switch|p1b: Kingambit|Kingambit, L50, M|100/100
|detailschange|p2a: Meganium|Meganium-Mega, L50, F
|-mega|p2a: Meganium|Meganium|Meganiumite
|move|p1a: Sneasler|Dire Claw|p2a: Meganium
|-supereffective|p2a: Meganium|2
|-damage|p2a: Meganium|0 fnt
|faint|p2a: Meganium
|move|p2b: Kingambit|Iron Head|p1a: Sneasler
|-damage|p1a: Sneasler|20/100y
|-damage|p2b: Kingambit|90/100|[from] item: Life Orb
|
|upkeep
|turn|6
|-message|Rexar.Deco forfeited.
|
|win|Missed Ledgedash
