|j|☆jirufell
|j|☆Freecko99
|html|jirufellFreecko99    
|uhtml|bestof|Game 1 of a best-of-3
|t:|1757937205
|gametype|doubles
|player|p1|jirufell|candice|1163
|player|p2|Freecko99|265|1196
|gen|9
|tier|[Gen 9] VGC 2025 Reg H (Bo3)
|rated|
|rule|Species Clause: Limit one of each Pokémon
|rule|Item Clause: Limit 1 of each item
|clearpoke
|poke|p1|Incineroar, L50, F|
|poke|p1|Ursaluna, L50, M|
|poke|p1|Pelipper, L50, M|
|poke|p1|Sinistcha, L50|
|poke|p1|Archaludon, L50, M|
|poke|p1|Dragonite, L50, F|
|poke|p2|Gholdengo, L50|
|poke|p2|Whimsicott, L50, M|
|poke|p2|Pelipper, L50, F|
|poke|p2|Archaludon, L50, F|
|poke|p2|Indeedee-F, L50, F|
|poke|p2|Annihilape, L50, M|
|teampreview|4
|showteam|p1|Incineroar||SafetyGoggles|Intimidate|FlareBlitz,KnockOff,FakeOut,PartingShot|||F|||50|,,,,,Ghost]Ursaluna||FlameOrb|Guts|Protect,Facade,HeadlongRush,Earthquake|||M|||50|,,,,,Ghost]Pelipper||FocusSash|Drizzle|Protect,MuddyWater,Hurricane,WideGuard|||M|||50|,,,,,Ground]Sinistcha||SitrusBerry|Hospitality|MatchaGotcha,LifeDew,RagePowder,TrickRoom||||||50|,,,,,Dark]Archaludon||AssaultVest|Stamina|FlashCannon,BodyPress,ElectroShot,Snarl|||M|||50|,,,,,Fighting]Dragonite||LoadedDice|Multiscale|Protect,ScaleShot,Tailwind,Haze|||F|||50|,,,,,Steel
|showteam|p2|Gholdengo||ChoiceScarf|GoodasGold|MakeItRain,ShadowBall,PowerGem,Trick||||||50|,,,,,Steel]Whimsicott||CovertCloak|Prankster|Moonblast,Tailwind,FakeTears,BeatUp|||M|||50|,,,,,Dark]Pelipper||SafetyGoggles|Drizzle|WeatherBall,Hurricane,Tailwind,Protect|||F|||50|,,,,,Ghost]Archaludon||AssaultVest|Stamina|DragonPulse,ElectroShot,BodyPress,FlashCannon|||F|||50|,,,,,Grass]Indeedee-F||PsychicSeed|PsychicSurge|Imprison,TrickRoom,FollowMe,Psychic|||F|||50|,,,,,Dark]Annihilape||SitrusBerry|Defiant|CloseCombat,DrainPunch,RageFist,Protect|||M|||50|,,,,,Fire
|
|t:|1757937291
|teamsize|p1|4
|teamsize|p2|4
|start
|switch|p1a: Ursaluna|Ursaluna, L50, M|100/100
|switch|p1b: Dragonite|Dragonite, L50, F|100/100
|switch|p2a: Whimsicott|Whimsicott, L50, M|100/100
|switch|p2b: Gholdengo|Gholdengo, L50|100/100
|turn|1
|
|t:|1757937351
|switch|p2b: Pelipper|Pelipper, L50, F|100/100
|-weather|RainDance|[from] ability: Drizzle|[of] p2b: Pelipper
|move|p1a: Ursaluna|Protect|p1a: Ursaluna
|-singleturn|p1a: Ursaluna|Protect
|move|p2a: Whimsicott|Tailwind|p2a: Whimsicott
|-sidestart|p2: Freecko99|move: Tailwind
|move|p1b: Dragonite|Tailwind|p1b: Dragonite
|-sidestart|p1: jirufell|move: Tailwind
|
|-weather|RainDance|[upkeep]
|-status|p1a: Ursaluna|brn|[from] item: Flame Orb
|upkeep
|turn|2
|
|t:|1757937430
|switch|p2b: Gholdengo|Gholdengo, L50|100/100
|switch|p1a: Archaludon|Archaludon, L50, M|100/100
|move|p2a: Whimsicott|Fake Tears|p1a: Archaludon
|-unboost|p1a: Archaludon|spd|2
|move|p1b: Dragonite|Scale Shot|p2b: Gholdengo
|-resisted|p2b: Gholdengo
|-damage|p2b: Gholdengo|92/100
|-resisted|p2b: Gholdengo
|-damage|p2b: Gholdengo|83/100
|-resisted|p2b: Gholdengo
|-damage|p2b: Gholdengo|75/100
|-resisted|p2b: Gholdengo
|-damage|p2b: Gholdengo|67/100
|-hitcount|p2b: Gholdengo|4
|-unboost|p1b: Dragonite|def|1
|-boost|p1b: Dragonite|spe|1
|
|-weather|RainDance|[upkeep]
|upkeep
|turn|3
|
|t:|1757937460
|switch|p1a: Pelipper|Pelipper, L50, M|100/100
|move|p1b: Dragonite|Scale Shot|p2b: Gholdengo
|-resisted|p2b: Gholdengo
|-damage|p2b: Gholdengo|58/100
|-resisted|p2b: Gholdengo
|-damage|p2b: Gholdengo|50/100
|-resisted|p2b: Gholdengo
|-damage|p2b: Gholdengo|42/100
|-resisted|p2b: Gholdengo
|-damage|p2b: Gholdengo|33/100
|-resisted|p2b: Gholdengo
|-damage|p2b: Gholdengo|25/100
|-hitcount|p2b: Gholdengo|5
|-unboost|p1b: Dragonite|def|1
|-boost|p1b: Dragonite|spe|1
|move|p2b: Gholdengo|Power Gem|p1b: Dragonite
|-supereffective|p1b: Dragonite
|-damage|p1b: Dragonite|69/100
|move|p2a: Whimsicott|Moonblast|p1b: Dragonite
|-supereffective|p1b: Dragonite
|-damage|p1b: Dragonite|4/100
|
|-weather|RainDance|[upkeep]
|upkeep
|turn|4
|
|t:|1757937524
|switch|p2b: Archaludon|Archaludon, L50, F|100/100
|-terastallize|p2a: Whimsicott|Dark
|move|p1b: Dragonite|Scale Shot|p2b: Archaludon
|-damage|p2b: Archaludon|88/100
|-ability|p2b: Archaludon|Stamina|boost
|-boost|p2b: Archaludon|def|1
|-damage|p2b: Archaludon|81/100
|-ability|p2b: Archaludon|Stamina|boost
|-boost|p2b: Archaludon|def|1
|-damage|p2b: Archaludon|75/100
|-ability|p2b: Archaludon|Stamina|boost
|-boost|p2b: Archaludon|def|1
|-damage|p2b: Archaludon|70/100
|-ability|p2b: Archaludon|Stamina|boost
|-boost|p2b: Archaludon|def|1
|-hitcount|p2b: Archaludon|4
|-unboost|p1b: Dragonite|def|1
|-boost|p1b: Dragonite|spe|1
|move|p2a: Whimsicott|Moonblast|p1b: Dragonite
|-supereffective|p1b: Dragonite
|-damage|p1b: Dragonite|0 fnt
|faint|p1b: Dragonite
|move|p1a: Pelipper|Hurricane|p2a: Whimsicott
|-damage|p2a: Whimsicott|39/100
|
|-weather|RainDance|[upkeep]
|-sideend|p1: jirufell|move: Tailwind
|-sideend|p2: Freecko99|move: Tailwind
|upkeep
|
|t:|1757937538
|switch|p1b: Archaludon|Archaludon, L50, M|100/100
|turn|5
|
|t:|1757937573
|move|p2a: Whimsicott|Tailwind|p2a: Whimsicott
|-sidestart|p2: Freecko99|move: Tailwind
|move|p2b: Archaludon|Body Press|p1b: Archaludon
|-supereffective|p1b: Archaludon
|-damage|p1b: Archaludon|14/100
|-ability|p1b: Archaludon|Stamina|boost
|-boost|p1b: Archaludon|def|1
|move|p1a: Pelipper|Muddy Water|p2b: Archaludon|[spread] p2b
|-miss|p1a: Pelipper|p2a: Whimsicott
|-resisted|p2b: Archaludon
|-damage|p2b: Archaludon|55/100
|-unboost|p2b: Archaludon|accuracy|1
|-ability|p2b: Archaludon|Stamina|boost
|-boost|p2b: Archaludon|def|1
|move|p1b: Archaludon|Electro Shot||[still]
|-prepare|p1b: Archaludon|Electro Shot
|-boost|p1b: Archaludon|spa|1
|-anim|p1b: Archaludon|Electro Shot|p2b: Archaludon
|-resisted|p2b: Archaludon
|-damage|p2b: Archaludon|36/100
|-ability|p2b: Archaludon|Stamina|boost
|-boost|p2b: Archaludon|def|1
|
|-weather|none
|upkeep
|turn|6
|
|t:|1757937616
|move|p2a: Whimsicott|Moonblast|p1b: Archaludon
|-damage|p1b: Archaludon|0 fnt
|faint|p1b: Archaludon
|move|p2b: Archaludon|Body Press|p1a: Pelipper
|-resisted|p1a: Pelipper
|-damage|p1a: Pelipper|45/100
|move|p1a: Pelipper|Muddy Water|p2a: Whimsicott|[spread] p2a,p2b
|-resisted|p2b: Archaludon
|-damage|p2a: Whimsicott|1/100
|-damage|p2b: Archaludon|26/100
|-unboost|p2b: Archaludon|accuracy|1
|
|upkeep
|
|t:|1757937619
|switch|p1b: Ursaluna|Ursaluna, L50, M|100/100 brn
|turn|7
|
|t:|1757937655
|move|p2a: Whimsicott|Fake Tears|p1b: Ursaluna
|-unboost|p1b: Ursaluna|spd|2
|move|p2b: Archaludon|Body Press|p1a: Pelipper
|-resisted|p1a: Pelipper
|-damage|p1a: Pelipper|0 fnt
|faint|p1a: Pelipper
|move|p1b: Ursaluna|Earthquake|p2b: Archaludon|[spread] p2a,p2b
|-supereffective|p2b: Archaludon
|-damage|p2a: Whimsicott|0 fnt
|-damage|p2b: Archaludon|2/100
|faint|p2a: Whimsicott
|
|-damage|p1b: Ursaluna|94/100 brn|[from] brn
|upkeep
|-message|jirufell forfeited.
|
|win|Freecko99
|l|☆jirufell
|player|p1|
||Freecko99 is ready for game 2.
||jirufell is ready for game 2.
|uhtml|next|Next: Game 2 of 3
