|j|☆castoriceball
|j|☆DrLuca935
|html|castoriceballDrLuca935    
|uhtml|bestof|Game 3 of a best-of-3
|t:|1785650746
|gametype|doubles
|player|p1|castoriceball|miku-flying|1262
|player|p2|DrLuca935|hilbert|1244
|gen|9
|tier|[Gen 9 Champions] VGC 2026 Reg M-B (Bo3)
|rated|
|rule|Species Clause: Limit one of each Pokémon
|rule|Item Clause: Limit 1 of each item
|clearpoke
|poke|p1|Raichu, L50, F, shiny|
|poke|p1|Mamoswine, L50, M|
|poke|p1|Basculegion, L50, M, shiny|
|poke|p1|Farigiraf, L50, M|
|poke|p1|Sylveon, L50, M|
|poke|p1|Torkoal, L50, M|
|poke|p2|Farigiraf, L50, F|
|poke|p2|Scovillain, L50, M|
|poke|p2|Annihilape, L50, M|
|poke|p2|Tyranitar, L50, F|
|poke|p2|Corviknight, L50, F|
|poke|p2|Sylveon, L50, M|
|teampreview|4
|showteam|p1|Raichu||RaichuniteY|LightningRod|ZapCannon,FocusBlast,FakeOut,Protect|Timid||F|||50|]Mamoswine||FocusSash|Oblivious|IcicleCrash,HighHorsepower,IceShard,Protect|Adamant||M|||50|]Basculegion||LifeOrb|Adaptability|LastRespects,WaveCrash,AquaJet,Protect|Adamant||M|||50|]Farigiraf||SitrusBerry|ArmorTail|Psychic,HelpingHand,TrickRoom,Protect|Bold||M|||50|]Sylveon||FairyFeather|Pixilate|HyperVoice,QuickAttack,HyperBeam,Detect|Modest||M|||50|]Torkoal||Charcoal|Drought|Eruption,WeatherBall,SolarBeam,Protect|Quiet||M|||50|
|showteam|p2|Farigiraf||SitrusBerry|ArmorTail|HelpingHand,Psychic,Thunderbolt,TrickRoom|Calm||F|||50|]Scovillain||Scovillainite|Chlorophyll|Protect,GigaDrain,Overheat,RagePowder|Bold||M|||50|]Annihilape||Leftovers|Defiant|Protect,BulkUp,RageFist,DrainPunch|Jolly||M|||50|]Tyranitar||ChopleBerry|SandStream|RockSlide,KnockOff,Protect,ThunderPunch|Brave||F|||50|]Corviknight||OccaBerry|MirrorArmor|IronHead,BraveBird,Tailwind,Protect|Adamant||F|||50|]Sylveon||LifeOrb|Pixilate|HyperVoice,Protect,QuickAttack,Psychic|Modest||M|||50|
|inactive|Battle timer is ON: inactive players will automatically lose when time's up. (requested by DrLuca935)
|inactive|DrLuca935 has 60 seconds left.
|
|t:|1785650795
|teamsize|p1|4
|teamsize|p2|4
|start
|switch|p1a: WHYYCHU|Raichu, L50, F, shiny|100/100
|switch|p1b: Basculegend|Basculegion, L50, M, shiny|100/100
|switch|p2a: Long Lady|Farigiraf, L50, F|100/100
|switch|p2b: Spicy Guy|Scovillain, L50, M|100/100
|turn|1
|inactive|castoriceball has 30 seconds left.
|inactive|castoriceball has 20 seconds left.
|inactive|castoriceball has 15 seconds left.
|inactive|castoriceball has 10 seconds left.
|inactive|castoriceball has 5 seconds left.
|
|t:|1785650846
|switch|p1b: budget floette|Sylveon, L50, M|100/100
|detailschange|p1a: WHYYCHU|Raichu-Mega-Y, L50, F, shiny
|-mega|p1a: WHYYCHU|Raichu|Raichunite Y
|detailschange|p2b: Spicy Guy|Scovillain-Mega, L50, M
|-mega|p2b: Spicy Guy|Scovillain|Scovillainite
|move|p1a: WHYYCHU|Zap Cannon|p2b: Spicy Guy
|-resisted|p2b: Spicy Guy|1
|-damage|p2b: Spicy Guy|70/100
|-status|p2b: Spicy Guy|par
|-status|p1a: WHYYCHU|brn|[from] ability: Spicy Spray|[of] p2b: Spicy Guy
|cant|p2b: Spicy Guy|par
|move|p2a: Long Lady|Trick Room|p2a: Long Lady
|-fieldstart|move: Trick Room|[of] p2a: Long Lady
|
|-damage|p1a: WHYYCHU|93/100 brn|[from] brn
|upkeep
|turn|2
|
|t:|1785650863
|move|p2b: Spicy Guy|Overheat|p1b: budget floette
|-damage|p1b: budget floette|52/100
|-unboost|p2b: Spicy Guy|spa|2
|move|p2a: Long Lady|Psychic|p1a: WHYYCHU
|-damage|p1a: WHYYCHU|47/100 brn
|move|p1b: budget floette|Hyper Voice|p2a: Long Lady|[spread] p2a,p2b
|-resisted|p2b: Spicy Guy|1
|-damage|p2a: Long Lady|57/100
|-damage|p2b: Spicy Guy|45/100 par
|-status|p1b: budget floette|brn|[from] ability: Spicy Spray|[of] p2b: Spicy Guy
|move|p1a: WHYYCHU|Zap Cannon|p2a: Long Lady
|-damage|p2a: Long Lady|10/100
|-status|p2a: Long Lady|par
|-enditem|p2a: Long Lady|Sitrus Berry|[eat]
|-heal|p2a: Long Lady|35/100 par|[from] item: Sitrus Berry
|
|-damage|p1b: budget floette|46/100 brn|[from] brn
|-damage|p1a: WHYYCHU|41/100 brn|[from] brn
|upkeep
|turn|3
|inactive|DrLuca935 has 30 seconds left.
|inactive|DrLuca935 has 20 seconds left.
|inactive|DrLuca935 has 15 seconds left.
|
|t:|1785650908
|switch|p2b: Tyranitar|Tyranitar, L50, F|100/100
|-weather|Sandstorm|[from] ability: Sand Stream|[of] p2b: Tyranitar
|move|p1a: WHYYCHU|Protect|p1a: WHYYCHU
|-singleturn|p1a: WHYYCHU|Protect
|move|p2a: Long Lady|Psychic|p1b: budget floette
|-damage|p1b: budget floette|20/100y brn
|move|p1b: budget floette|Hyper Voice|p2b: Tyranitar|[spread] p2a,p2b
|-supereffective|p2b: Tyranitar|1
|-damage|p2a: Long Lady|0 fnt
|-damage|p2b: Tyranitar|48/100
|faint|p2a: Long Lady
|
|-weather|Sandstorm|[upkeep]
|-damage|p1b: budget floette|14/100 brn|[from] Sandstorm
|-damage|p1a: WHYYCHU|34/100 brn|[from] Sandstorm
|-damage|p1b: budget floette|8/100 brn|[from] brn
|-damage|p1a: WHYYCHU|28/100 brn|[from] brn
|upkeep
|
|t:|1785650917
|switch|p2a: Corviknight|Corviknight, L50, F|100/100
|turn|4
|
|t:|1785650928
|switch|p1a: WolfeyFriend|Mamoswine, L50, M|100/100
|move|p1b: budget floette|Detect|p1b: budget floette
|-singleturn|p1b: budget floette|Protect
|move|p2b: Tyranitar|Rock Slide|p1a: WolfeyFriend|[spread] p1a
|-activate|p1b: budget floette|move: Protect
|-damage|p1a: WolfeyFriend|58/100
|move|p2a: Corviknight|Iron Head|p1a: WolfeyFriend
|-supereffective|p1a: WolfeyFriend|1
|-damage|p1a: WolfeyFriend|0 fnt
|faint|p1a: WolfeyFriend
|
|-weather|Sandstorm|[upkeep]
|-damage|p1b: budget floette|2/100 brn|[from] Sandstorm
|-damage|p1b: budget floette|0 fnt|[from] brn
|faint|p1b: budget floette
|upkeep
|
|t:|1785650941
|switch|p1b: Basculegend|Basculegion, L50, M, shiny|100/100
|switch|p1a: WHYYCHU|Raichu-Mega-Y, L50, F, shiny|28/100 brn
|turn|5
|
|t:|1785650950
|move|p1a: WHYYCHU|Fake Out|p2a: Corviknight
|-resisted|p2a: Corviknight|1
|-damage|p2a: Corviknight|97/100
|move|p1b: Basculegend|Aqua Jet|p2b: Tyranitar
|-supereffective|p2b: Tyranitar|1
|-damage|p2b: Tyranitar|0 fnt
|faint|p2b: Tyranitar
|-damage|p1b: Basculegend|90/100|[from] item: Life Orb
|cant|p2a: Corviknight|flinch
|
|-weather|Sandstorm|[upkeep]
|-damage|p1b: Basculegend|83/100|[from] Sandstorm
|-damage|p1a: WHYYCHU|22/100 brn|[from] Sandstorm
|-damage|p1a: WHYYCHU|16/100 brn|[from] brn
|-fieldend|move: Trick Room
|upkeep
|
|t:|1785650955
|switch|p2b: Spicy Guy|Scovillain-Mega, L50, M|45/100 par
|turn|6
|
|t:|1785650977
|move|p2a: Corviknight|Protect|p2a: Corviknight
|-singleturn|p2a: Corviknight|Protect
|move|p1a: WHYYCHU|Zap Cannon|p2a: Corviknight
|-activate|p2a: Corviknight|move: Protect
|move|p1b: Basculegend|Last Respects|p2b: Spicy Guy
|-damage|p2b: Spicy Guy|0 fnt
|-status|p1b: Basculegend|brn|[from] ability: Spicy Spray|[of] p2b: Spicy Guy
|faint|p2b: Spicy Guy
|-damage|p1b: Basculegend|74/100 brn|[from] item: Life Orb
|
|-weather|Sandstorm|[upkeep]
|-damage|p1a: WHYYCHU|10/100 brn|[from] Sandstorm
|-damage|p1b: Basculegend|67/100 brn|[from] Sandstorm
|-damage|p1a: WHYYCHU|4/100 brn|[from] brn
|-damage|p1b: Basculegend|61/100 brn|[from] brn
|upkeep
|turn|7
|
|t:|1785650991
|move|p2a: Corviknight|Protect||[still]
|-fail|p2a: Corviknight
|move|p1a: WHYYCHU|Zap Cannon|p2a: Corviknight
|-supereffective|p2a: Corviknight|1
|-damage|p2a: Corviknight|0 fnt
|faint|p2a: Corviknight
|
|win|castoriceball
|raw|castoriceball's rating: 1262 → 1286(+24 for winning)
|raw|DrLuca935's rating: 1244 → 1220(-24 for losing)
|l|☆DrLuca935
|player|p2|
