|j|☆Karissel
|j|☆yamamagames
|html|Karisselyamamagames    
|uhtml|bestof|Game 2 of a best-of-3
|t:|1784582890
|gametype|doubles
|player|p1|Karissel|burgh-masters|1321
|player|p2|yamamagames|red|1304
|gen|9
|tier|[Gen 9 Champions] VGC 2026 Reg M-B (Bo3)
|rated|
|rule|Species Clause: Limit one of each Pokémon
|rule|Item Clause: Limit 1 of each item
|clearpoke
|poke|p1|Charizard, L50, F|
|poke|p1|Glimmora, L50, F|
|poke|p1|Whimsicott, L50, M|
|poke|p1|Ninetales-Alola, L50, M|
|poke|p1|Kingambit, L50, F|
|poke|p1|Kommo-o, L50, F|
|poke|p2|Talonflame, L50, M|
|poke|p2|Gardevoir, L50, F|
|poke|p2|Maushold-Four, L50|
|poke|p2|Garchomp, L50, M|
|poke|p2|Aurorus, L50, F|
|poke|p2|Kingambit, L50, M|
|teampreview|4
|showteam|p1|Charizard||CharizarditeY|Blaze|HeatWave,WeatherBall,SolarBeam,Protect|Modest||F|||50|]Glimmora||Glimmoranite|ToxicDebris|SludgeBomb,PowerGem,EarthPower,SpikyShield|Timid||F|||50|]Whimsicott||FocusSash|Prankster|Moonblast,Tailwind,Encore,Protect|Timid||M|||50|]Ninetales-Alola||NeverMeltIce|SnowWarning|Blizzard,FreezeDry,Disable,Protect|Timid||M|||50|]Kingambit||ChopleBerry|Defiant|KowtowCleave,SuckerPunch,IronHead,Protect|Adamant||F|||50|]Kommo-o||LifeOrb|Overcoat|AuraSphere,VacuumWave,ClangingScales,Protect|Modest||F|||50|
|showteam|p2|Talonflame||FocusSash|GaleWings|FlareBlitz,BraveBird,Tailwind,Protect|Jolly||M|||50|]Gardevoir||Gardevoirite|Telepathy|Psychic,Moonblast,HyperVoice,Protect|Modest||F|||50|]Maushold-Four||ChopleBerry|FriendGuard|SuperFang,FollowMe,Taunt,Protect|Jolly|||||50|]Garchomp||LifeOrb|RoughSkin|Earthquake,DragonClaw,RockSlide,Protect|Adamant||M|||50|]Aurorus||ChoiceScarf|SnowWarning|Blizzard,FreezeDry,IcyWind,AncientPower|Timid||F|||50|]Kingambit||BlackGlasses|Defiant|KowtowCleave,SuckerPunch,IronHead,Protect|Adamant||M|||50|
|inactive|Battle timer is ON: inactive players will automatically lose when time's up. (requested by Karissel)
|inactive|yamamagames has 60 seconds left.
|
|t:|1784582931
|teamsize|p1|4
|teamsize|p2|4
|start
|switch|p1a: Charizard|Charizard, L50, F|100/100
|switch|p1b: Whimsicott|Whimsicott, L50, M|100/100
|switch|p2a: Garchomp|Garchomp, L50, M|100/100
|switch|p2b: Maushold|Maushold-Four, L50|100/100
|turn|1
|
|t:|1784582947
|move|p1a: Charizard|Protect|p1a: Charizard
|-singleturn|p1a: Charizard|Protect
|move|p1b: Whimsicott|Moonblast|p2a: Garchomp
|-supereffective|p2a: Garchomp|1
|-damage|p2a: Garchomp|40/100
|move|p2b: Maushold|Super Fang|p1b: Whimsicott
|-damage|p1b: Whimsicott|50/100g
|move|p2a: Garchomp|Rock Slide|p1b: Whimsicott|[spread] p1b
|-activate|p1a: Charizard|move: Protect
|-damage|p1b: Whimsicott|7/100
|-damage|p2a: Garchomp|31/100|[from] item: Life Orb
|
|upkeep
|turn|2
|
|t:|1784582963
|detailschange|p1a: Charizard|Charizard-Mega-Y, L50, F
|-mega|p1a: Charizard|Charizard|Charizardite Y
|-weather|SunnyDay|[from] ability: Drought|[of] p1a: Charizard
|move|p2b: Maushold|Follow Me|p2b: Maushold
|-singleturn|p2b: Maushold|move: Follow Me
|move|p1b: Whimsicott|Tailwind|p1b: Whimsicott
|-sidestart|p1: Karissel|move: Tailwind
|move|p1a: Charizard|Heat Wave|p2a: Garchomp|[spread] p2a,p2b
|-resisted|p2a: Garchomp|1
|-damage|p2a: Garchomp|7/100
|-damage|p2b: Maushold|24/100
|-status|p2a: Garchomp|brn
|-status|p2b: Maushold|brn
|move|p2a: Garchomp|Rock Slide|p1a: Charizard|[spread] p1a,p1b
|-supereffective|p1a: Charizard|2
|-damage|p1a: Charizard|43/100
|-damage|p1b: Whimsicott|0 fnt
|faint|p1b: Whimsicott
|-damage|p2a: Garchomp|0 fnt|[from] item: Life Orb
|faint|p2a: Garchomp
|
|-weather|SunnyDay|[upkeep]
|-damage|p2b: Maushold|18/100 brn|[from] brn
|upkeep
|c|☆yamamagames|Wow
|inactive|Karissel has 30 seconds left.
|
|t:|1784582995
|switch|p1b: Kommo-o|Kommo-o, L50, F|100/100
|switch|p2a: Talonflame|Talonflame, L50, M|100/100
|turn|3
|
|t:|1784583012
|move|p2a: Talonflame|Protect|p2a: Talonflame
|-singleturn|p2a: Talonflame|Protect
|move|p2b: Maushold|Protect|p2b: Maushold
|-singleturn|p2b: Maushold|Protect
|move|p1b: Kommo-o|Vacuum Wave|p2b: Maushold
|-activate|p2b: Maushold|move: Protect
|move|p1a: Charizard|Weather Ball|p2a: Talonflame
|-activate|p2a: Talonflame|move: Protect
|
|-weather|SunnyDay|[upkeep]
|-damage|p2b: Maushold|12/100 brn|[from] brn
|upkeep
|turn|4
|
|t:|1784583026
|move|p2a: Talonflame|Tailwind|p2a: Talonflame
|-sidestart|p2: yamamagames|move: Tailwind
|move|p2b: Maushold|Super Fang|p1a: Charizard
|-damage|p1a: Charizard|22/100
|move|p1b: Kommo-o|Clanging Scales|p2b: Maushold|[spread] p2a,p2b
|-damage|p2a: Talonflame|44/100
|-damage|p2b: Maushold|0 fnt
|faint|p2b: Maushold
|-unboost|p1b: Kommo-o|def|1
|-damage|p1b: Kommo-o|90/100|[from] item: Life Orb
|move|p1a: Charizard|Heat Wave|p2a: Talonflame
|-resisted|p2a: Talonflame|1
|-damage|p2a: Talonflame|0 fnt
|faint|p2a: Talonflame
|
|-weather|SunnyDay|[upkeep]
|upkeep
|
|t:|1784583032
|switch|p2b: Gardevoir|Gardevoir, L50, F|100/100
|turn|5
|inactive|Karissel has 30 seconds left.
|
|t:|1784583062
|detailschange|p2b: Gardevoir|Gardevoir-Mega, L50, F
|-mega|p2b: Gardevoir|Gardevoir|Gardevoirite
|move|p1b: Kommo-o|Vacuum Wave|p2b: Gardevoir
|-resisted|p2b: Gardevoir|2
|-damage|p2b: Gardevoir|95/100
|-damage|p1b: Kommo-o|80/100|[from] item: Life Orb
|move|p1a: Charizard|Weather Ball|p2b: Gardevoir
|-damage|p2b: Gardevoir|20/100r
|move|p2b: Gardevoir|Hyper Voice|p1b: Kommo-o|[spread] p1a,p1b
|-resisted|p1a: Charizard|1
|-supereffective|p1b: Kommo-o|2
|-damage|p1a: Charizard|0 fnt
|-damage|p1b: Kommo-o|0 fnt
|faint|p1a: Charizard
|faint|p1b: Kommo-o
|
|-weather|SunnyDay|[upkeep]
|-sideend|p1: Karissel|move: Tailwind
|upkeep
|
|t:|1784583073
|switch|p1a: Kingambit|Kingambit, L50, F|100/100
|turn|6
|
|t:|1784583077
|move|p2b: Gardevoir|Hyper Voice|p1a: Kingambit
|-damage|p1a: Kingambit|36/100
|move|p1a: Kingambit|Kowtow Cleave|p2b: Gardevoir
|-crit|p2b: Gardevoir
|-damage|p2b: Gardevoir|0 fnt
|faint|p2b: Gardevoir
|
|win|Karissel
||Karissel is ready for game 3.
||yamamagames is ready for game 3.
|uhtml|next|Next: Game 3 of 3
|l|☆yamamagames
|player|p2|
