|j|☆Qicide
|j|☆Pzdns99
|html|QicidePzdns99    
|uhtml|bestof|Game 1 of a best-of-3
|t:|1756845633
|gametype|doubles
|player|p1|Qicide|red|1255
|player|p2|Pzdns99|grimsley|1207
|gen|9
|tier|[Gen 9] VGC 2025 Reg H (Bo3)
|rated|
|rule|Species Clause: Limit one of each Pokémon
|rule|Item Clause: Limit 1 of each item
|clearpoke
|poke|p1|Porygon2, L50|
|poke|p1|Incineroar, L50, F|
|poke|p1|Ursaluna, L50, F|
|poke|p1|Jumpluff, L50, M|
|poke|p1|Charizard, L50, M|
|poke|p1|Torkoal, L50, F|
|poke|p2|Lumineon, L50, F|
|poke|p2|Pelipper, L50, F|
|poke|p2|Archaludon, L50, M|
|poke|p2|Amoonguss, L50, M|
|poke|p2|Kingambit, L50, F|
|poke|p2|Weavile, L50, M|
|teampreview|4
|showteam|p1|Porygon2||Eviolite|Download|TeraBlast,IceBeam,TrickRoom,Recover||||||50|,,,,,Fighting]Incineroar||SitrusBerry|Intimidate|FakeOut,KnockOff,FlareBlitz,PartingShot|||F|||50|,,,,,Ghost]Ursaluna||FlameOrb|Guts|HeadlongRush,Facade,Earthquake,Protect|||F|||50|,,,,,Ghost]Jumpluff||CovertCloak|Chlorophyll|RagePowder,PollenPuff,Tailwind,SleepPowder|||M|||50|,,,,,Water]Charizard||ChoiceSpecs|SolarPower|HeatWave,Overheat,WeatherBall,DragonPulse|||M|||50|,,,,,Ghost]Torkoal||EjectPack|Drought|Overheat,Eruption,HelpingHand,Protect|||F|||50|,,,,,Fire
|showteam|p2|Lumineon||CovertCloak|SwiftSwim|FlipTurn,Tailwind,Encore,RainDance|||F|||50|,,,,,Grass]Pelipper||ChoiceSpecs|Drizzle|Hurricane,MuddyWater,WeatherBall,Uturn|||F|||50|,,,,,Ghost]Archaludon||AssaultVest|Stamina|ElectroShot,BodyPress,Snarl,DracoMeteor|||M|||50|,,,,,Grass]Amoonguss||SitrusBerry|Regenerator|PollenPuff,Protect,RagePowder,Spore|||M|||50|,,,,,Psychic]Kingambit||SafetyGoggles|Defiant|KowtowCleave,SuckerPunch,SwordsDance,Protect|||F|||50|,,,,,Ghost]Weavile||FocusSash|Pickpocket|Taunt,TripleAxel,KnockOff,Protect|||M|||50|,,,,,Ghost
|inactive|Battle timer is ON: inactive players will automatically lose when time's up. (requested by Qicide)
|inactive|Qicide has 60 seconds left.
|inactive|Pzdns99 has 60 seconds left.
|
|t:|1756845671
|teamsize|p1|4
|teamsize|p2|4
|start
|switch|p1a: Jumpluff|Jumpluff, L50, M|100/100
|switch|p1b: Charizard|Charizard, L50, M, shiny|100/100
|switch|p2a: Lumineon|Lumineon, L50, F|100/100
|switch|p2b: Weavile|Weavile, L50, M|100/100
|turn|1
|
|t:|1756845695
|-terastallize|p1a: Jumpluff|Water
|move|p1a: Jumpluff|Rage Powder|p1a: Jumpluff
|-singleturn|p1a: Jumpluff|move: Rage Powder
|move|p2b: Weavile|Taunt|p1a: Jumpluff
|-start|p1a: Jumpluff|move: Taunt
|move|p1b: Charizard|Heat Wave|p2b: Weavile|[spread] p2a,p2b
|-resisted|p2a: Lumineon
|-supereffective|p2b: Weavile
|-damage|p2a: Lumineon|72/100
|-enditem|p2b: Weavile|Focus Sash
|-damage|p2b: Weavile|1/100
|move|p2a: Lumineon|Tailwind|p2a: Lumineon
|-sidestart|p2: Pzdns99|move: Tailwind
|
|upkeep
|turn|2
|inactive|Pzdns99 has 30 seconds left.
|
|t:|1756845724
|switch|p1a: Torkoal|Torkoal, L50, F|100/100
|-weather|SunnyDay|[from] ability: Drought|[of] p1a: Torkoal
|move|p2b: Weavile|Knock Off|p1b: Charizard
|-damage|p1b: Charizard|30/100
|-enditem|p1b: Charizard|Choice Specs|[from] move: Knock Off|[of] p2b: Weavile
|move|p2a: Lumineon|Encore||[still]
|-fail|p2a: Lumineon
|move|p1b: Charizard|Heat Wave|p2b: Weavile|[spread] p2a,p2b
|-resisted|p2a: Lumineon
|-supereffective|p2b: Weavile
|-damage|p2a: Lumineon|31/100
|-damage|p2b: Weavile|0 fnt
|faint|p2b: Weavile
|
|-weather|SunnyDay|[upkeep]
|-damage|p1b: Charizard|17/100|[from] ability: Solar Power|[of] p1b: Charizard
|upkeep
|
|t:|1756845734
|switch|p2b: Pelipper|Pelipper, L50, F|100/100
|-weather|RainDance|[from] ability: Drizzle|[of] p2b: Pelipper
|turn|3
|
|t:|1756845747
|switch|p1b: Ursaluna|Ursaluna, L50, F|100/100
|switch|p1a: Jumpluff|Jumpluff, L50, M, tera:Water|100/100
|move|p2a: Lumineon|Flip Turn|p1b: Ursaluna
|-supereffective|p1b: Ursaluna
|-damage|p1b: Ursaluna|65/100
|
|t:|1756845754
|switch|p2a: Archaludon|Archaludon, L50, M|100/100|[from] Flip Turn
|move|p2b: Pelipper|Hurricane|p1a: Jumpluff
|-damage|p1a: Jumpluff|30/100
|
|-weather|RainDance|[upkeep]
|-status|p1b: Ursaluna|brn|[from] item: Flame Orb
|upkeep
|turn|4
|
|t:|1756845766
|switch|p1b: Torkoal|Torkoal, L50, F|100/100
|-weather|SunnyDay|[from] ability: Drought|[of] p1b: Torkoal
|move|p1a: Jumpluff|Tailwind|p1a: Jumpluff
|-sidestart|p1: Qicide|move: Tailwind
|move|p2a: Archaludon|Electro Shot||[still]
|-prepare|p2a: Archaludon|Electro Shot
|-boost|p2a: Archaludon|spa|1
|move|p2b: Pelipper|Hurricane|p1b: Torkoal|[miss]
|-miss|p2b: Pelipper|p1b: Torkoal
|
|-weather|SunnyDay|[upkeep]
|-sideend|p2: Pzdns99|move: Tailwind
|upkeep
|turn|5
|
|t:|1756845785
|switch|p2b: Lumineon|Lumineon, L50, F|31/100
|move|p1a: Jumpluff|Sleep Powder|p2a: Archaludon
|-status|p2a: Archaludon|slp|[from] move: Sleep Powder
|cant|p2a: Archaludon|slp
|move|p1b: Torkoal|Overheat|p2a: Archaludon
|-damage|p2a: Archaludon|36/100 slp
|-unboost|p1b: Torkoal|spa|2
|-ability|p2a: Archaludon|Stamina|boost
|-boost|p2a: Archaludon|def|1
|-enditem|p1b: Torkoal|Eject Pack
|
|t:|1756845796
|switch|p1b: Charizard|Charizard, L50, M, shiny|17/100
|
|-weather|SunnyDay|[upkeep]
|-damage|p1b: Charizard|5/100|[from] ability: Solar Power|[of] p1b: Charizard
|upkeep
|turn|6
|
|t:|1756845819
|switch|p2b: Pelipper|Pelipper, L50, F|100/100
|-weather|RainDance|[from] ability: Drizzle|[of] p2b: Pelipper
|move|p1a: Jumpluff|Sleep Powder|p2b: Pelipper
|-status|p2b: Pelipper|slp|[from] move: Sleep Powder
|move|p1b: Charizard|Dragon Pulse|p2b: Pelipper
|-damage|p2b: Pelipper|53/100 slp
|cant|p2a: Archaludon|slp
|
|-weather|RainDance|[upkeep]
|upkeep
|turn|7
|
|t:|1756845836
|move|p1a: Jumpluff|Rage Powder|p1a: Jumpluff
|-singleturn|p1a: Jumpluff|move: Rage Powder
|move|p1b: Charizard|Dragon Pulse|p2a: Archaludon
|-crit|p2a: Archaludon
|-damage|p2a: Archaludon|5/100 slp
|-ability|p2a: Archaludon|Stamina|boost
|-boost|p2a: Archaludon|def|1
|-curestatus|p2a: Archaludon|slp|[msg]
|move|p2a: Archaludon|Snarl|p1b: Charizard|[spread] p1a,p1b
|-damage|p1a: Jumpluff|8/100
|-damage|p1b: Charizard|0 fnt
|faint|p1b: Charizard
|cant|p2b: Pelipper|slp
|
|-weather|RainDance|[upkeep]
|-sideend|p1: Qicide|move: Tailwind
|upkeep
|
|t:|1756845855
|switch|p1b: Torkoal|Torkoal, L50, F|100/100
|-weather|SunnyDay|[from] ability: Drought|[of] p1b: Torkoal
|turn|8
|
|t:|1756845874
|move|p1a: Jumpluff|Sleep Powder|p2a: Archaludon
|-status|p2a: Archaludon|slp|[from] move: Sleep Powder
|cant|p2a: Archaludon|slp
|cant|p2b: Pelipper|slp
|move|p1b: Torkoal|Eruption|p2a: Archaludon|[spread] p2a,p2b
|-resisted|p2b: Pelipper
|-damage|p2a: Archaludon|0 fnt
|-damage|p2b: Pelipper|0 fnt
|faint|p2a: Archaludon
|faint|p2b: Pelipper
|
|-weather|SunnyDay|[upkeep]
|upkeep
|
|t:|1756845877
|switch|p2a: Lumineon|Lumineon, L50, F|31/100
|turn|9
|
|t:|1756845886
|move|p1a: Jumpluff|Tailwind|p1a: Jumpluff
|-sidestart|p1: Qicide|move: Tailwind
|move|p2a: Lumineon|Flip Turn|p1a: Jumpluff
|-resisted|p1a: Jumpluff
|-damage|p1a: Jumpluff|4/100
|move|p1b: Torkoal|Eruption|p2a: Lumineon
|-resisted|p2a: Lumineon
|-damage|p2a: Lumineon|0 fnt
|faint|p2a: Lumineon
|
|win|Qicide
||Pzdns99 is ready for game 2.
