|j|☆irongiant9214
|j|☆Flatbread42
|html|irongiant9214Flatbread42    
|uhtml|bestof|Game 3 of a best-of-3
|t:|1785885567
|gametype|doubles
|player|p1|irongiant9214|1|1202
|player|p2|Flatbread42|2|1276
|gen|9
|tier|[Gen 9 Champions] VGC 2026 Reg M-B (Bo3)
|rated|
|rule|Species Clause: Limit one of each Pokémon
|rule|Item Clause: Limit 1 of each item
|clearpoke
|poke|p1|Whimsicott, L50, M, shiny|
|poke|p1|Kingambit, L50, F|
|poke|p1|Garchomp, L50, F, shiny|
|poke|p1|Charizard, L50, M|
|poke|p1|Floette-Eternal, L50, F|
|poke|p1|Basculegion, L50, M|
|poke|p2|Charizard, L50, M|
|poke|p2|Garchomp, L50, M|
|poke|p2|Kingambit, L50, F|
|poke|p2|Farigiraf, L50, M|
|poke|p2|Basculegion, L50, M|
|poke|p2|Whimsicott, L50, M|
|teampreview|4
|showteam|p1|Whimsicott||FocusSash|Prankster|Moonblast,Tailwind,Encore,Protect|Timid||M|||50|]Kingambit||ChopleBerry|Defiant|SuckerPunch,LowKick,IronHead,KowtowCleave|Adamant||F|||50|]Garchomp||LifeOrb|RoughSkin|RockSlide,DragonClaw,Earthquake,Protect|Jolly||F|||50|]Charizard||CharizarditeY|Blaze|HeatWave,WeatherBall,SolarBeam,Protect|Modest||M|||50|]Floette-Eternal||Floettite|FlowerVeil|DazzlingGleam,Moonblast,HelpingHand,Protect|Timid||F|||50|]Basculegion||MysticWater|Adaptability|AquaJet,WaveCrash,LastRespects,Protect|Adamant||M|||50|
|showteam|p2|Charizard||CharizarditeY|Blaze|Protect,SolarBeam,WeatherBall,HeatWave|Modest||M|||50|]Garchomp||LifeOrb|RoughSkin|Protect,RockSlide,StompingTantrum,DragonClaw|Jolly||M|||50|]Kingambit||ChopleBerry|Defiant|Protect,SuckerPunch,LowKick,KowtowCleave|Brave||F|||50|]Farigiraf||SitrusBerry|ArmorTail|Protect,TrickRoom,Thunderbolt,Psychic|Relaxed||M|||50|]Basculegion||MysticWater|Adaptability|Protect,AquaJet,LastRespects,WaveCrash|Adamant||M|||50|]Whimsicott||FocusSash|Prankster|Protect,Encore,Tailwind,Moonblast|Timid||M|||50|
|inactive|Battle timer is ON: inactive players will automatically lose when time's up. (requested by Flatbread42)
|inactive|Flatbread42 has 60 seconds left.
|
|t:|1785885624
|teamsize|p1|4
|teamsize|p2|4
|start
|switch|p1a: Whimsicott|Whimsicott, L50, M, shiny|100/100
|switch|p1b: Floette|Floette-Eternal, L50, F|100/100
|switch|p2a: Kingambit|Kingambit, L50, F|100/100
|switch|p2b: Charizard|Charizard, L50, M|100/100
|turn|1
|inactive|Flatbread42 has 30 seconds left.
|inactive|irongiant9214 has 30 seconds left.
|
|t:|1785885658
|detailschange|p1b: Floette|Floette-Mega, L50, F
|-mega|p1b: Floette|Floette|Floettite
|-ability|p1b: Floette|Fairy Aura
|detailschange|p2b: Charizard|Charizard-Mega-Y, L50, M
|-mega|p2b: Charizard|Charizard|Charizardite Y
|-weather|SunnyDay|[from] ability: Drought|[of] p2b: Charizard
|move|p1a: Whimsicott|Tailwind|p1a: Whimsicott
|-sidestart|p1: irongiant9214|move: Tailwind
|move|p1b: Floette|Dazzling Gleam|p2a: Kingambit|[spread] p2a,p2b
|-resisted|p2b: Charizard|1
|-damage|p2a: Kingambit|58/100
|-damage|p2b: Charizard|78/100
|move|p2b: Charizard|Heat Wave|p1a: Whimsicott|[spread] p1a,p1b
|-supereffective|p1a: Whimsicott|1
|-enditem|p1a: Whimsicott|Focus Sash
|-damage|p1a: Whimsicott|1/100
|-damage|p1b: Floette|50/100g
|-status|p1a: Whimsicott|brn
|move|p2a: Kingambit|Kowtow Cleave|p1b: Floette
|-resisted|p1b: Floette|1
|-damage|p1b: Floette|15/100
|
|-weather|SunnyDay|[upkeep]
|-damage|p1a: Whimsicott|0 fnt|[from] brn
|faint|p1a: Whimsicott
|upkeep
|
|t:|1785885668
|switch|p1a: Charizard|Charizard, L50, M|100/100
|turn|2
|inactive|Flatbread42 has 30 seconds left.
|inactive|Flatbread42 has 20 seconds left.
|inactive|Flatbread42 has 15 seconds left.
|inactive|Flatbread42 has 10 seconds left.
|inactive|Flatbread42 has 5 seconds left.
|
|t:|1785885718
|move|p1b: Floette|Helping Hand|p1a: Charizard
|-singleturn|p1a: Charizard|Helping Hand|[of] p1b: Floette
|move|p2a: Kingambit|Protect|p2a: Kingambit
|-singleturn|p2a: Kingambit|Protect
|move|p1a: Charizard|Heat Wave|p2b: Charizard|[spread] p2b
|-activate|p2a: Kingambit|move: Protect
|-resisted|p2b: Charizard|1
|-damage|p2b: Charizard|45/100
|move|p2b: Charizard|Heat Wave|p1a: Charizard|[spread] p1a,p1b
|-resisted|p1a: Charizard|1
|-damage|p1a: Charizard|58/100
|-damage|p1b: Floette|0 fnt
|faint|p1b: Floette
|
|-weather|SunnyDay|[upkeep]
|upkeep
|
|t:|1785885723
|switch|p1b: Garchomp|Garchomp, L50, F, shiny|100/100
|turn|3
|inactive|Flatbread42 has 30 seconds left.
|inactive|Flatbread42 has 20 seconds left.
|inactive|Flatbread42 has 15 seconds left.
|
|t:|1785885763
|switch|p2a: Garchomp|Garchomp, L50, M|100/100
|move|p1b: Garchomp|Rock Slide|p2a: Garchomp|[spread] p2a,p2b
|-resisted|p2a: Garchomp|1
|-supereffective|p2b: Charizard|2
|-damage|p2a: Garchomp|88/100
|-damage|p2b: Charizard|0 fnt
|faint|p2b: Charizard
|-damage|p1b: Garchomp|90/100|[from] item: Life Orb
|move|p1a: Charizard|Weather Ball|p2a: Garchomp
|-resisted|p2a: Garchomp|1
|-damage|p2a: Garchomp|51/100
|
|-weather|SunnyDay|[upkeep]
|upkeep
|
|t:|1785885786
|switch|p2b: Whimsicott|Whimsicott, L50, M|100/100
|turn|4
|inactive|irongiant9214 has 30 seconds left.
|inactive|irongiant9214 has 20 seconds left.
|
|t:|1785885824
|move|p2b: Whimsicott|Protect|p2b: Whimsicott
|-singleturn|p2b: Whimsicott|Protect
|move|p2a: Garchomp|Protect|p2a: Garchomp
|-singleturn|p2a: Garchomp|Protect
|move|p1b: Garchomp|Earthquake|p2b: Whimsicott|[spread] 
|-activate|p2a: Garchomp|move: Protect
|-activate|p2b: Whimsicott|move: Protect
|-immune|p1a: Charizard
|move|p1a: Charizard|Heat Wave|p2b: Whimsicott|[spread] 
|-activate|p2a: Garchomp|move: Protect
|-activate|p2b: Whimsicott|move: Protect
|
|-weather|SunnyDay|[upkeep]
|-sideend|p1: irongiant9214|move: Tailwind
|upkeep
|turn|5
|inactive|irongiant9214 has 30 seconds left.
|
|t:|1785885863
|move|p2b: Whimsicott|Tailwind|p2b: Whimsicott
|-sidestart|p2: Flatbread42|move: Tailwind
|move|p2a: Garchomp|Rock Slide|p1a: Charizard|[spread] p1a,p1b
|-supereffective|p1a: Charizard|2
|-resisted|p1b: Garchomp|1
|-damage|p1a: Charizard|0 fnt
|-damage|p1b: Garchomp|78/100
|faint|p1a: Charizard
|-damage|p2a: Garchomp|42/100|[from] item: Life Orb
|move|p1b: Garchomp|Earthquake|p2a: Garchomp|[spread] p2a,p2b
|-resisted|p2b: Whimsicott|1
|-damage|p2a: Garchomp|0 fnt
|-damage|p2b: Whimsicott|59/100
|faint|p2a: Garchomp
|-damage|p1b: Garchomp|68/100|[from] item: Life Orb
|
|-weather|none
|upkeep
|
|t:|1785885875
|switch|p2a: Kingambit|Kingambit, L50, F|58/100
|turn|6
|
|t:|1785885881
|move|p2a: Kingambit|Sucker Punch|p1b: Garchomp
|-damage|p1b: Garchomp|28/100
|-damage|p2a: Kingambit|46/100|[from] ability: Rough Skin|[of] p1b: Garchomp
|move|p2b: Whimsicott|Moonblast|p1b: Garchomp
|-supereffective|p1b: Garchomp|1
|-damage|p1b: Garchomp|0 fnt
|faint|p1b: Garchomp
|
|win|Flatbread42
|raw|irongiant9214's rating: 1202 → 1182(-20 for losing)
|raw|Flatbread42's rating: 1276 → 1296(+20 for winning)
|c|☆irongiant9214|"#$#%$
|l|☆Flatbread42
|player|p2|
|l|☆irongiant9214
|player|p1|
|j|☆irongiant9214
|player|p1|irongiant9214|1|
