|j|☆elytsujuw
|j|☆bahia ducati
|html|elytsujuwbahia ducati    
|uhtml|bestof|Game 2 of a best-of-3
|t:|1757848320
|gametype|doubles
|player|p1|elytsujuw|volo|1185
|player|p2|bahia ducati|skier|1187
|gen|9
|tier|[Gen 9] VGC 2025 Reg H (Bo3)
|rated|
|rule|Species Clause: Limit one of each Pokémon
|rule|Item Clause: Limit 1 of each item
|clearpoke
|poke|p1|Comfey, L50, F|
|poke|p1|Rillaboom, L50, M|
|poke|p1|Incineroar, L50, M|
|poke|p1|Politoed, L50, M|
|poke|p1|Archaludon, L50, M|
|poke|p1|Grimmsnarl, L50, M|
|poke|p2|Sneasler, L50, F|
|poke|p2|Indeedee, L50, M|
|poke|p2|Excadrill, L50, M|
|poke|p2|Corviknight, L50, M|
|poke|p2|Annihilape, L50, M|
|poke|p2|Tyranitar, L50, M|
|teampreview|4
|showteam|p1|Comfey||CovertCloak|Triage|FloralHealing,DrainingKiss,GigaDrain,Protect|||F|||50|,,,,,Grass]Rillaboom||LifeOrb|GrassySurge|FakeOut,WoodHammer,GrassyGlide,HighHorsepower|||M|||50|,,,,,Fire]Incineroar||MirrorHerb|Intimidate|FlareBlitz,KnockOff,FakeOut,PartingShot|||M|||50|,,,,,Ghost]Politoed||Leftovers|Drizzle|WeatherBall,MuddyWater,Haze,Protect|||M|||50|,,,,,Water]Archaludon||PowerHerb|Stamina|ElectroShot,FlashCannon,BodyPress,Protect|||M|||50|,,,,,Electric]Grimmsnarl||LightClay|Prankster|SpiritBreak,LightScreen,Reflect,ThunderWave|||M|||50|,,,,,Dark
|showteam|p2|Sneasler||PsychicSeed|Unburden|CloseCombat,DireClaw,ThroatChop,Protect|||F|||50|,,,,,Dark]Indeedee||ChoiceScarf|PsychicSurge|ExpandingForce,TeraBlast,Trick,Protect|||M|||50|,,,,,Psychic]Excadrill||FocusSash|SandRush|Earthquake,HighHorsepower,IronHead,Protect|||M|||50|,,,,,Ground]Corviknight||Leftovers|MirrorArmor|BraveBird,BodyPress,Roost,BulkUp|||M|||50|,,,,,Dragon]Annihilape||SafetyGoggles|Defiant|CloseCombat,RageFist,Taunt,FinalGambit|||M|||50|,,,,,Fairy]Tyranitar||AssaultVest|SandStream|RockSlide,KnockOff,TeraBlast,LowKick|||M|||50|,,,,,Flying
|inactive|Battle timer is ON: inactive players will automatically lose when time's up. (requested by bahia ducati)
|inactive|elytsujuw also wants the timer to be on.
|inactive|bahia ducati has 60 seconds left.
|
|t:|1757848364
|teamsize|p1|4
|teamsize|p2|4
|start
|switch|p1a: Rillaboom|Rillaboom, L50, M|100/100
|switch|p1b: Grimmsnarl|Grimmsnarl, L50, M|100/100
|switch|p2a: Trex|Tyranitar, L50, M|100/100
|switch|p2b: Diffed|Excadrill, L50, M|100/100
|-fieldstart|move: Grassy Terrain|[from] ability: Grassy Surge|[of] p1a: Rillaboom
|-weather|Sandstorm|[from] ability: Sand Stream|[of] p2a: Trex
|turn|1
|inactive|bahia ducati has 30 seconds left.
|
|t:|1757848396
|-terastallize|p2a: Trex|Flying
|move|p2b: Diffed|Protect|p2b: Diffed
|-singleturn|p2b: Diffed|Protect
|move|p1b: Grimmsnarl|Reflect|p1b: Grimmsnarl
|-sidestart|p1: elytsujuw|Reflect
|move|p1a: Rillaboom|Wood Hammer|p2a: Trex
|-resisted|p2a: Trex
|-damage|p2a: Trex|49/100
|-damage|p1a: Rillaboom|85/100|[from] Recoil
|-damage|p1a: Rillaboom|75/100|[from] item: Life Orb
|move|p2a: Trex|Tera Blast|p1a: Rillaboom|[anim] Tera Blast Flying
|-supereffective|p1a: Rillaboom
|-damage|p1a: Rillaboom|19/100
|
|-weather|Sandstorm|[upkeep]
|-damage|p1a: Rillaboom|13/100|[from] Sandstorm
|-damage|p2a: Trex|44/100|[from] Sandstorm
|-damage|p1b: Grimmsnarl|95/100|[from] Sandstorm
|-heal|p1a: Rillaboom|19/100|[from] Grassy Terrain
|-heal|p1b: Grimmsnarl|100/100|[from] Grassy Terrain
|upkeep
|turn|2
|inactive|elytsujuw has 30 seconds left.
|
|t:|1757848423
|switch|p1a: Archaludon|Archaludon, L50, M|100/100
|switch|p2a: LaGata|Indeedee, L50, M|100/100
|-fieldstart|move: Psychic Terrain|[from] ability: Psychic Surge|[of] p2a: LaGata
|move|p1b: Grimmsnarl|Thunder Wave|p2a: LaGata
|-activate|p2a: LaGata|move: Psychic Terrain
|move|p2b: Diffed|Iron Head|p1a: Archaludon
|-resisted|p1a: Archaludon
|-damage|p1a: Archaludon|88/100
|-ability|p1a: Archaludon|Stamina|boost
|-boost|p1a: Archaludon|def|1
|
|-weather|Sandstorm|[upkeep]
|-damage|p2a: LaGata|95/100|[from] Sandstorm
|-damage|p1b: Grimmsnarl|95/100|[from] Sandstorm
|upkeep
|turn|3
|
|t:|1757848443
|switch|p2a: Trex|Tyranitar, L50, M, tera:Flying|44/100
|move|p1a: Archaludon|Protect|p1a: Archaludon
|-singleturn|p1a: Archaludon|Protect
|move|p1b: Grimmsnarl|Light Screen|p1b: Grimmsnarl
|-sidestart|p1: elytsujuw|move: Light Screen
|move|p2b: Diffed|Earthquake|p1a: Archaludon|[spread] p1b
|-activate|p1a: Archaludon|move: Protect
|-immune|p2a: Trex
|-damage|p1b: Grimmsnarl|63/100
|
|-weather|Sandstorm|[upkeep]
|-damage|p2a: Trex|38/100|[from] Sandstorm
|-damage|p1b: Grimmsnarl|57/100|[from] Sandstorm
|upkeep
|turn|4
|
|t:|1757848465
|switch|p1b: Comfey|Comfey, L50, F|100/100
|move|p2b: Diffed|High Horsepower|p1a: Archaludon
|-supereffective|p1a: Archaludon
|-damage|p1a: Archaludon|47/100
|-ability|p1a: Archaludon|Stamina|boost
|-boost|p1a: Archaludon|def|1
|move|p1a: Archaludon|Electro Shot||[still]
|-prepare|p1a: Archaludon|Electro Shot
|-boost|p1a: Archaludon|spa|1
|-enditem|p1a: Archaludon|Power Herb
|-anim|p1a: Archaludon|Electro Shot|p2a: Trex
|-supereffective|p2a: Trex
|-damage|p2a: Trex|0 fnt
|faint|p2a: Trex
|
|-weather|Sandstorm|[upkeep]
|-damage|p1b: Comfey|95/100|[from] Sandstorm
|upkeep
|
|t:|1757848472
|switch|p2a: ElGato|Sneasler, L50, F|100/100
|-enditem|p2a: ElGato|Psychic Seed
|-boost|p2a: ElGato|spd|1|[from] item: Psychic Seed
|turn|5
|inactive|elytsujuw has 30 seconds left.
|
|t:|1757848498
|-terastallize|p1a: Archaludon|Electric
|move|p1b: Comfey|Floral Healing|p1a: Archaludon
|-heal|p1a: Archaludon|97/100
|move|p2a: ElGato|Dire Claw|p1b: Comfey
|-supereffective|p1b: Comfey
|-damage|p1b: Comfey|13/100
|move|p2b: Diffed|High Horsepower|p1a: Archaludon
|-supereffective|p1a: Archaludon
|-damage|p1a: Archaludon|67/100
|-ability|p1a: Archaludon|Stamina|boost
|-boost|p1a: Archaludon|def|1
|move|p1a: Archaludon|Body Press|p2b: Diffed
|-supereffective|p2b: Diffed
|-enditem|p2b: Diffed|Focus Sash
|-damage|p2b: Diffed|1/100
|
|-weather|none
|upkeep
|turn|6
|inactive|elytsujuw has 30 seconds left.
|inactive|elytsujuw has 20 seconds left.
|inactive|elytsujuw has 15 seconds left.
|inactive|bahia ducati has 30 seconds left.
|inactive|elytsujuw has 10 seconds left.
|inactive|elytsujuw has 5 seconds left.
|
|t:|1757848553
|move|p1b: Comfey|Floral Healing|p2a: ElGato
|-activate|p2a: ElGato|move: Psychic Terrain
|move|p2a: ElGato|Close Combat|p1a: Archaludon
|-damage|p1a: Archaludon|54/100
|-unboost|p2a: ElGato|def|1
|-unboost|p2a: ElGato|spd|1
|-ability|p1a: Archaludon|Stamina|boost
|-boost|p1a: Archaludon|def|1
|move|p2b: Diffed|High Horsepower|p1a: Archaludon
|-supereffective|p1a: Archaludon
|-damage|p1a: Archaludon|35/100
|-ability|p1a: Archaludon|Stamina|boost
|-boost|p1a: Archaludon|def|1
|move|p1a: Archaludon|Electro Shot||[still]
|-prepare|p1a: Archaludon|Electro Shot
|-boost|p1a: Archaludon|spa|1
|
|-fieldend|move: Psychic Terrain
|upkeep
|turn|7
|inactive|bahia ducati has 30 seconds left.
|inactive|bahia ducati has 20 seconds left.
|inactive|bahia ducati has 15 seconds left.
|inactive|bahia ducati has 10 seconds left.
|inactive|bahia ducati has 5 seconds left.
|
|t:|1757848606
|move|p2a: ElGato|Protect|p2a: ElGato
|-singleturn|p2a: ElGato|Protect
|move|p1b: Comfey|Floral Healing|p1a: Archaludon
|-heal|p1a: Archaludon|85/100
|move|p2b: Diffed|Earthquake|p1a: Archaludon|[spread] p1a,p1b
|-activate|p2a: ElGato|move: Protect
|-supereffective|p1a: Archaludon
|-damage|p1a: Archaludon|70/100
|-damage|p1b: Comfey|0 fnt
|-ability|p1a: Archaludon|Stamina|boost
|-boost|p1a: Archaludon|def|1
|faint|p1b: Comfey
|move|p1a: Archaludon|Electro Shot|p2b: Diffed|[from] lockedmove
|-immune|p2b: Diffed
|
|upkeep
|
|t:|1757848611
|switch|p1b: Rillaboom|Rillaboom, L50, M|19/100
|-fieldstart|move: Grassy Terrain|[from] ability: Grassy Surge|[of] p1b: Rillaboom
|turn|8
|
|t:|1757848627
|switch|p2b: LaGata|Indeedee, L50, M|95/100
|-fieldstart|move: Psychic Terrain|[from] ability: Psychic Surge|[of] p2b: LaGata
|move|p1b: Rillaboom|Fake Out|p2b: LaGata
|-activate|p2b: LaGata|move: Psychic Terrain
|move|p2a: ElGato|Dire Claw|p1b: Rillaboom
|-supereffective|p1b: Rillaboom
|-damage|p1b: Rillaboom|0 fnt
|faint|p1b: Rillaboom
|move|p1a: Archaludon|Flash Cannon|p2a: ElGato
|-damage|p2a: ElGato|0 fnt
|faint|p2a: ElGato
|
|-sideend|p1: elytsujuw|Reflect
|upkeep
|
|t:|1757848635
|switch|p2a: Diffed|Excadrill, L50, M|1/100
|switch|p1b: Grimmsnarl|Grimmsnarl, L50, M|57/100
|turn|9
|
|t:|1757848655
|move|p1b: Grimmsnarl|Reflect|p1b: Grimmsnarl
|-sidestart|p1: elytsujuw|Reflect
|move|p2b: LaGata|Expanding Force|p1a: Archaludon|[spread] p1a
|-immune|p1b: Grimmsnarl
|-damage|p1a: Archaludon|19/100
|move|p2a: Diffed|Iron Head|p1b: Grimmsnarl
|-supereffective|p1b: Grimmsnarl
|-damage|p1b: Grimmsnarl|0 fnt
|faint|p1b: Grimmsnarl
|move|p1a: Archaludon|Body Press|p2b: LaGata
|-damage|p2b: LaGata|0 fnt
|faint|p2b: LaGata
|
|upkeep
|turn|10
|
|t:|1757848666
|move|p2a: Diffed|High Horsepower|p1a: Archaludon
|-supereffective|p1a: Archaludon
|-damage|p1a: Archaludon|4/100
|move|p1a: Archaludon|Body Press|p2a: Diffed
|-supereffective|p2a: Diffed
|-damage|p2a: Diffed|0 fnt
|faint|p2a: Diffed
|
|win|elytsujuw
|raw|elytsujuw's rating: 1185 → 1210(+25 for winning)
|raw|bahia ducati's rating: 1187 → 1162(-25 for losing)
|l|☆bahia ducati
|player|p2|
