|j|☆breloomb01
|j|☆Theelvisboy1
|html|breloomb01Theelvisboy1    
|uhtml|bestof|Game 3 of a best-of-3
|t:|1785348338
|gametype|doubles
|player|p1|breloomb01|roughneck|1136
|player|p2|Theelvisboy1|cynthia|1100
|gen|9
|tier|[Gen 9 Champions] VGC 2026 Reg M-B (Bo3)
|rated|
|rule|Species Clause: Limit one of each Pokémon
|rule|Item Clause: Limit 1 of each item
|clearpoke
|poke|p1|Floette-Eternal, L50, F|
|poke|p1|Incineroar, L50, M|
|poke|p1|Sinistcha, L50|
|poke|p1|Garchomp, L50, M|
|poke|p1|Sneasler, L50, M|
|poke|p1|Rotom-Wash, L50|
|poke|p2|Lucario, L50, F|
|poke|p2|Chandelure, L50, F, shiny|
|poke|p2|Whimsicott, L50, M|
|poke|p2|Staraptor, L50, M|
|poke|p2|Dragonite, L50, F|
|poke|p2|Drampa, L50, F, shiny|
|teampreview|4
|showteam|p1|Floette-Eternal||Floettite|FlowerVeil|DrainingKiss,DazzlingGleam,CalmMind,Protect|Modest||F|||50|]Incineroar||SitrusBerry|Intimidate|FakeOut,FlareBlitz,ThroatChop,PartingShot|Careful||M|||50|]Sinistcha||KasibBerry|Hospitality|MatchaGotcha,RagePowder,LifeDew,TrickRoom|Calm|||||50|]Garchomp||LifeOrb|RoughSkin|Earthquake,DragonClaw,RockSlide,Protect|Jolly||M|||50|]Sneasler||FocusSash|PoisonTouch|FakeOut,DireClaw,CloseCombat,Protect|Jolly||M|||50|]Rotom-Wash||Leftovers|Levitate|HydroPump,VoltSwitch,WillOWisp,Electroweb|Modest|||||50|
|showteam|p2|Lucario||LifeOrb|InnerFocus|MeteorMash,ExtremeSpeed,CloseCombat,BrickBreak|Adamant||F|||50|]Chandelure||Chandelurite|FlashFire|HeatWave,Protect,ShadowBall,Overheat|Modest||F|||50|]Whimsicott||FocusSash|Prankster|Tailwind,Charm,FakeTears,Psychic|Bold||M|||50|]Staraptor||Staraptite|Intimidate|Roost,CloseCombat,BraveBird,Protect|Serious||M|||50|]Dragonite||ChoiceScarf|Multiscale|Earthquake,IronHead,ThunderPunch,DragonClaw|Adamant||F|||50|]Drampa||Leftovers|CloudNine|Thunderbolt,EarthPower,Flamethrower,EnergyBall|Quiet||F|||50|
|inactive|Battle timer is ON: inactive players will automatically lose when time's up. (requested by Theelvisboy1)
|
|t:|1785348393
|teamsize|p1|4
|teamsize|p2|4
|start
|switch|p1a: Floette|Floette-Eternal, L50, F|100/100
|switch|p1b: Incineroar|Incineroar, L50, M|100/100
|switch|p2a: Whimsicott|Whimsicott, L50, M|100/100
|switch|p2b: Staraptor|Staraptor, L50, M|100/100
|-ability|p2b: Staraptor|Intimidate|boost
|-unboost|p1a: Floette|atk|1
|-unboost|p1b: Incineroar|atk|1
|-ability|p1b: Incineroar|Intimidate|boost
|-unboost|p2a: Whimsicott|atk|1
|-unboost|p2b: Staraptor|atk|1
|turn|1
|
|t:|1785348418
|switch|p2b: Chandelure|Chandelure, L50, F, shiny|100/100
|detailschange|p1a: Floette|Floette-Mega, L50, F
|-mega|p1a: Floette|Floette|Floettite
|-ability|p1a: Floette|Fairy Aura
|move|p1b: Incineroar|Fake Out|p2b: Chandelure
|-immune|p2b: Chandelure
|move|p2a: Whimsicott|Tailwind|p2a: Whimsicott
|-sidestart|p2: Theelvisboy1|move: Tailwind
|move|p1a: Floette|Calm Mind|p1a: Floette
|-boost|p1a: Floette|spa|1
|-boost|p1a: Floette|spd|1
|
|upkeep
|turn|2
|
|t:|1785348435
|detailschange|p2b: Chandelure|Chandelure-Mega, L50, F, shiny
|-mega|p2b: Chandelure|Chandelure|Chandelurite
|move|p1a: Floette|Protect|p1a: Floette
|-singleturn|p1a: Floette|Protect
|move|p2a: Whimsicott|Fake Tears|p1a: Floette
|-activate|p1a: Floette|move: Protect
|move|p2b: Chandelure|Shadow Ball|p1a: Floette
|-activate|p1a: Floette|move: Protect
|move|p1b: Incineroar|Parting Shot|p2b: Chandelure
|-unboost|p2b: Chandelure|atk|1
|-unboost|p2b: Chandelure|spa|1
|inactive|breloomb01 has 30 seconds left.
|inactive|breloomb01 has 20 seconds left.
|inactive|breloomb01 has 15 seconds left.
|inactive|breloomb01 has 10 seconds left.
|
|t:|1785348482
|switch|p1b: Sinistcha|Sinistcha, L50|100/100|[from] Parting Shot
|
|upkeep
|turn|3
|
|t:|1785348491
|switch|p1b: Incineroar|Incineroar, L50, M|100/100
|-ability|p1b: Incineroar|Intimidate|boost
|-unboost|p2a: Whimsicott|atk|1
|-unboost|p2b: Chandelure|atk|1
|move|p2a: Whimsicott|Fake Tears|p1a: Floette
|-unboost|p1a: Floette|spd|2
|move|p2b: Chandelure|Shadow Ball|p1a: Floette
|-damage|p1a: Floette|58/100
|move|p1a: Floette|Dazzling Gleam|p2a: Whimsicott|[spread] p2a,p2b
|-resisted|p2b: Chandelure|1
|-damage|p2a: Whimsicott|2/100
|-damage|p2b: Chandelure|54/100
|
|upkeep
|turn|4
|
|t:|1785348512
|move|p1a: Floette|Protect|p1a: Floette
|-singleturn|p1a: Floette|Protect
|move|p2a: Whimsicott|Fake Tears|p1a: Floette
|-activate|p1a: Floette|move: Protect
|move|p2b: Chandelure|Heat Wave|p1b: Incineroar|[spread] p1b
|-activate|p1a: Floette|move: Protect
|-resisted|p1b: Incineroar|1
|-damage|p1b: Incineroar|87/100
|move|p1b: Incineroar|Throat Chop|p2b: Chandelure
|-supereffective|p2b: Chandelure|1
|-damage|p2b: Chandelure|0 fnt
|faint|p2b: Chandelure
|
|-sideend|p2: Theelvisboy1|move: Tailwind
|upkeep
|
|t:|1785348520
|switch|p2b: Staraptor|Staraptor, L50, M|100/100
|-ability|p2b: Staraptor|Intimidate|boost
|-unboost|p1a: Floette|atk|1
|-unboost|p1b: Incineroar|atk|1
|turn|5
|
|t:|1785348532
|switch|p1b: Sinistcha|Sinistcha, L50|100/100
|-heal|p1a: Floette|82/100|[from] ability: Hospitality|[of] p1b: Sinistcha
|move|p2a: Whimsicott|Tailwind|p2a: Whimsicott
|-sidestart|p2: Theelvisboy1|move: Tailwind
|move|p2b: Staraptor|Brave Bird|p1a: Floette
|-damage|p1a: Floette|13/100
|-damage|p2b: Staraptor|78/100|[from] Recoil
|move|p1a: Floette|Draining Kiss|p2b: Staraptor
|-crit|p2b: Staraptor
|-damage|p2b: Staraptor|0 fnt
|-heal|p1a: Floette|75/100|[from] drain|[of] p2b: Staraptor
|faint|p2b: Staraptor
|
|upkeep
|
|t:|1785348543
|switch|p2b: Drampa|Drampa, L50, F, shiny|100/100
|-ability|p2b: Drampa|Cloud Nine
|turn|6
|
|t:|1785348553
|move|p1b: Sinistcha|Rage Powder|p1b: Sinistcha
|-singleturn|p1b: Sinistcha|move: Rage Powder
|move|p2a: Whimsicott|Fake Tears|p1a: Floette
|-unboost|p1a: Floette|spd|2
|move|p1a: Floette|Dazzling Gleam|p2b: Drampa|[spread] p2a,p2b
|-supereffective|p2b: Drampa|1
|-damage|p2a: Whimsicott|0 fnt
|-damage|p2b: Drampa|0 fnt
|faint|p2a: Whimsicott
|faint|p2b: Drampa
|
|win|breloomb01
|raw|breloomb01's rating: 1136 → 1158(+22 for winning)
|raw|Theelvisboy1's rating: 1100 → 1078(-22 for losing)
|c|☆Theelvisboy1|gg
|l|☆Theelvisboy1
|player|p2|
|c|☆breloomb01|Ggs
