|j|☆nffhbcfe
|j|☆freudianbreath
|html|nffhbcfefreudianbreath    
|uhtml|bestof|Game 1 of a best-of-3
|t:|1786055426
|gametype|doubles
|player|p1|nffhbcfe|nate|1084
|player|p2|freudianbreath|266|1137
|gen|9
|tier|[Gen 9 Champions] VGC 2026 Reg M-B (Bo3)
|rated|
|rule|Species Clause: Limit one of each Pokémon
|rule|Item Clause: Limit 1 of each item
|clearpoke
|poke|p1|Charizard, L50, F|
|poke|p1|Kingambit, L50, M|
|poke|p1|Garchomp, L50, F|
|poke|p1|Grimmsnarl, L50, M|
|poke|p1|Volcarona, L50, F|
|poke|p1|Sneasler, L50, F|
|poke|p2|Gholdengo, L50|
|poke|p2|Whimsicott, L50, M|
|poke|p2|Sneasler, L50, M|
|poke|p2|Politoed, L50, F|
|poke|p2|Swampert, L50, F|
|poke|p2|Rotom-Wash, L50|
|teampreview|4
|showteam|p1|Charizard||CharizarditeY|SolarPower|Protect,WeatherBall,HeatWave,SolarBeam|Modest||F|||50|]Kingambit||ChopleBerry|Defiant|SuckerPunch,KowtowCleave,Protect,IronHead|Adamant||M|||50|]Garchomp||LifeOrb|RoughSkin|RockSlide,Protect,DragonClaw,Earthquake|Jolly||F|||50|]Grimmsnarl||LightClay|Prankster|LightScreen,Reflect,PartingShot,SpiritBreak|Careful||M|||50|]Volcarona||Leftovers|FlameBody|RagePowder,MysticalFire,Protect,Tailwind|Calm||F|||50|]Sneasler||WhiteHerb|Unburden|FakeOut,CloseCombat,DireClaw,Protect|Adamant||F|||50|
|showteam|p2|Gholdengo||LifeOrb|GoodasGold|NastyPlot,MakeItRain,Protect,ShadowBall|Timid|||||50|]Whimsicott||SitrusBerry|Prankster|Moonblast,Encore,Tailwind,Protect|Bold||M|||50|]Sneasler||FocusSash|Unburden|FakeOut,DireClaw,CloseCombat,ThroatChop|Jolly||M|||50|]Politoed||Leftovers|Drizzle|Whirlpool,Protect,EarthPower,WeatherBall|Modest||F|||50|]Swampert||Swampertite|Torrent|WaveCrash,Protect,HighHorsepower,IcePunch|Adamant||F|||50|]Rotom-Wash||RindoBerry|Levitate|WillOWisp,RainDance,Thunder,HydroPump|Modest|||||50|
|l|☆freudianbreath
|player|p2|
|j|☆freudianbreath
|player|p2|freudianbreath|266|
|inactive|Battle timer is ON: inactive players will automatically lose when time's up. (requested by nffhbcfe)
|inactive|freudianbreath has 60 seconds left.
|inactive|freudianbreath has 30 seconds left.
|
|t:|1786055526
|teamsize|p1|4
|teamsize|p2|4
|start
|switch|p1a: Grimmsnarl|Grimmsnarl, L50, M|100/100
|switch|p1b: Charizard|Charizard, L50, F|100/100
|switch|p2a: Sneasler|Sneasler, L50, M|100/100
|switch|p2b: Whimsicott|Whimsicott, L50, M|100/100
|turn|1
|inactive|nffhbcfe has 30 seconds left.
|inactive|freudianbreath has 30 seconds left.
|inactive|nffhbcfe has 20 seconds left.
|inactive|freudianbreath has 20 seconds left.
|inactive|freudianbreath has 15 seconds left.
|inactive|freudianbreath has 10 seconds left.
|inactive|freudianbreath has 5 seconds left.
|
|t:|1786055580
|detailschange|p1b: Charizard|Charizard-Mega-Y, L50, F
|-mega|p1b: Charizard|Charizard|Charizardite Y
|-weather|SunnyDay|[from] ability: Drought|[of] p1b: Charizard
|move|p1b: Charizard|Protect|p1b: Charizard
|-singleturn|p1b: Charizard|Protect
|move|p2a: Sneasler|Fake Out|p1b: Charizard
|-activate|p1b: Charizard|move: Protect
|move|p2b: Whimsicott|Tailwind|p2b: Whimsicott
|-sidestart|p2: freudianbreath|move: Tailwind
|move|p1a: Grimmsnarl|Reflect|p1a: Grimmsnarl
|-sidestart|p1: nffhbcfe|Reflect
|
|-weather|SunnyDay|[upkeep]
|upkeep
|turn|2
|inactive|nffhbcfe has 30 seconds left.
|inactive|freudianbreath has 30 seconds left.
|
|t:|1786055612
|move|p2b: Whimsicott|Encore|p1b: Charizard
|-start|p1b: Charizard|Encore
|move|p1b: Charizard|Protect||[still]
|-fail|p1b: Charizard
|move|p1a: Grimmsnarl|Parting Shot|p2a: Sneasler
|-unboost|p2a: Sneasler|atk|1
|-unboost|p2a: Sneasler|spa|1
|
|t:|1786055623
|switch|p1a: Volcarona|Volcarona, L50, F|100/100|[from] Parting Shot
|move|p2a: Sneasler|Throat Chop|p1a: Volcarona
|-damage|p1a: Volcarona|83/100
|-start|p1a: Volcarona|Throat Chop|[silent]
|
|-weather|SunnyDay|[upkeep]
|-heal|p1a: Volcarona|89/100|[from] item: Leftovers
|upkeep
|turn|3
|inactive|nffhbcfe has 30 seconds left.
|inactive|freudianbreath has 30 seconds left.
|inactive|freudianbreath has 20 seconds left.
|inactive|freudianbreath has 15 seconds left.
|
|t:|1786055666
|switch|p2a: Rotom|Rotom-Wash, L50|100/100
|switch|p1b: Grimmsnarl|Grimmsnarl, L50, M|100/100
|move|p2b: Whimsicott|Protect|p2b: Whimsicott
|-singleturn|p2b: Whimsicott|Protect
|move|p1a: Volcarona|Mystical Fire|p2b: Whimsicott
|-activate|p2b: Whimsicott|move: Protect
|
|-weather|SunnyDay|[upkeep]
|-heal|p1a: Volcarona|95/100|[from] item: Leftovers
|-end|p1a: Volcarona|Throat Chop|[silent]
|upkeep
|turn|4
|inactive|nffhbcfe has 30 seconds left.
|inactive|freudianbreath has 30 seconds left.
|inactive|nffhbcfe has 20 seconds left.
|inactive|freudianbreath has 20 seconds left.
|inactive|freudianbreath has 15 seconds left.
|inactive|freudianbreath has 10 seconds left.
|inactive|freudianbreath has 5 seconds left.
|
|t:|1786055719
|switch|p2b: Sneasler|Sneasler, L50, M|100/100
|move|p1b: Grimmsnarl|Light Screen|p1b: Grimmsnarl
|-sidestart|p1: nffhbcfe|move: Light Screen
|move|p2a: Rotom|Rain Dance|p2a: Rotom
|-weather|RainDance
|move|p1a: Volcarona|Mystical Fire|p2b: Sneasler
|-damage|p2b: Sneasler|76/100
|-unboost|p2b: Sneasler|spa|1
|
|-weather|RainDance|[upkeep]
|-heal|p1a: Volcarona|100/100|[from] item: Leftovers
|-sideend|p2: freudianbreath|move: Tailwind
|upkeep
|turn|5
|inactive|nffhbcfe has 30 seconds left.
|inactive|freudianbreath has 30 seconds left.
|inactive|freudianbreath has 20 seconds left.
|inactive|freudianbreath has 15 seconds left.
|inactive|freudianbreath has 10 seconds left.
|
|t:|1786055766
|move|p1a: Volcarona|Protect|p1a: Volcarona
|-singleturn|p1a: Volcarona|Protect
|move|p2b: Sneasler|Fake Out|p1a: Volcarona
|-activate|p1a: Volcarona|move: Protect
|move|p1b: Grimmsnarl|Parting Shot|p2a: Rotom
|-unboost|p2a: Rotom|atk|1
|-unboost|p2a: Rotom|spa|1
|
|t:|1786055776
|switch|p1b: Charizard|Charizard-Mega-Y, L50, F|100/100|[from] Parting Shot
|-weather|SunnyDay|[from] ability: Drought|[of] p1b: Charizard
|move|p2a: Rotom|Rain Dance|p2a: Rotom
|-weather|RainDance
|
|-weather|RainDance|[upkeep]
|upkeep
|turn|6
|inactive|nffhbcfe has 30 seconds left.
|inactive|freudianbreath has 30 seconds left.
|inactive|freudianbreath has 20 seconds left.
|inactive|freudianbreath has 15 seconds left.
|inactive|freudianbreath has 10 seconds left.
|inactive|freudianbreath has 5 seconds left.
|
|t:|1786055829
|move|p1b: Charizard|Protect|p1b: Charizard
|-singleturn|p1b: Charizard|Protect
|move|p2b: Sneasler|Dire Claw|p1a: Volcarona
|-damage|p1a: Volcarona|62/100
|-status|p1a: Volcarona|slp
|-status|p2b: Sneasler|brn|[from] ability: Flame Body|[of] p1a: Volcarona
|cant|p1a: Volcarona|slp
|move|p2a: Rotom|Hydro Pump|p1a: Volcarona
|-supereffective|p1a: Volcarona|1
|-damage|p1a: Volcarona|20/100y slp
|
|-weather|RainDance|[upkeep]
|-heal|p1a: Volcarona|27/100 slp|[from] item: Leftovers
|-damage|p2b: Sneasler|70/100 brn|[from] brn
|upkeep
|turn|7
|inactive|freudianbreath has 30 seconds left.
|inactive|nffhbcfe has 30 seconds left.
|inactive|freudianbreath has 20 seconds left.
|inactive|freudianbreath has 15 seconds left.
|inactive|freudianbreath has 10 seconds left.
|inactive|freudianbreath has 5 seconds left.
|
|t:|1786055879
|switch|p2b: Whimsicott|Whimsicott, L50, M|100/100
|switch|p1b: Grimmsnarl|Grimmsnarl, L50, M|100/100
|cant|p1a: Volcarona|slp
|move|p2a: Rotom|Hydro Pump|p1b: Grimmsnarl
|-damage|p1b: Grimmsnarl|71/100
|
|-weather|RainDance|[upkeep]
|-heal|p1a: Volcarona|33/100 slp|[from] item: Leftovers
|upkeep
|turn|8
|inactive|nffhbcfe has 30 seconds left.
|inactive|freudianbreath has 30 seconds left.
|
|t:|1786055907
|switch|p2a: Sneasler|Sneasler, L50, M|70/100 brn
|move|p2b: Whimsicott|Tailwind|p2b: Whimsicott
|-sidestart|p2: freudianbreath|move: Tailwind
|-curestatus|p1a: Volcarona|slp|[msg]
|move|p1a: Volcarona|Mystical Fire|p2b: Whimsicott
|-supereffective|p2b: Whimsicott|1
|-damage|p2b: Whimsicott|60/100
|-unboost|p2b: Whimsicott|spa|1
|move|p1b: Grimmsnarl|Spirit Break|p2a: Sneasler
|-damage|p2a: Sneasler|18/100 brn
|-unboost|p2a: Sneasler|spa|1
|
|-weather|RainDance|[upkeep]
|-heal|p1a: Volcarona|39/100|[from] item: Leftovers
|-damage|p2a: Sneasler|12/100 brn|[from] brn
|-sideend|p1: nffhbcfe|Reflect
|upkeep
|turn|9
|inactive|freudianbreath has 30 seconds left.
|inactive|freudianbreath has 20 seconds left.
|
|t:|1786055944
|switch|p2b: Swampert|Swampert, L50, F|100/100
|move|p1a: Volcarona|Protect|p1a: Volcarona
|-singleturn|p1a: Volcarona|Protect
|move|p2a: Sneasler|Fake Out|p1a: Volcarona
|-activate|p1a: Volcarona|move: Protect
|move|p1b: Grimmsnarl|Spirit Break|p2a: Sneasler
|-damage|p2a: Sneasler|0 fnt
|faint|p2a: Sneasler
|
|-weather|none
|-heal|p1a: Volcarona|45/100|[from] item: Leftovers
|upkeep
|
|t:|1786055949
|switch|p2a: Rotom|Rotom-Wash, L50|100/100
|turn|10
|inactive|freudianbreath has 30 seconds left.
|inactive|nffhbcfe has 30 seconds left.
|
|t:|1786055978
|detailschange|p2b: Swampert|Swampert-Mega, L50, F
|-mega|p2b: Swampert|Swampert|Swampertite
|move|p1b: Grimmsnarl|Reflect|p1b: Grimmsnarl
|-sidestart|p1: nffhbcfe|Reflect
|move|p2b: Swampert|Wave Crash|p1a: Volcarona
|-supereffective|p1a: Volcarona|1
|-damage|p1a: Volcarona|0 fnt
|faint|p1a: Volcarona
|-damage|p2b: Swampert|85/100|[from] Recoil
|move|p2a: Rotom|Rain Dance|p2a: Rotom
|-weather|RainDance
|
|-weather|RainDance|[upkeep]
|upkeep
|
|t:|1786055992
|switch|p1a: Kingambit|Kingambit, L50, M|100/100
|turn|11
|inactive|freudianbreath has 30 seconds left this turn.
|inactive|freudianbreath has 20 seconds left.
|inactive|freudianbreath has 15 seconds left.
|inactive|freudianbreath has 10 seconds left.
|
|t:|1786056014
|move|p2b: Swampert|Wave Crash|p1a: Kingambit
|-damage|p1a: Kingambit|55/100
|-damage|p2b: Swampert|72/100|[from] Recoil
|move|p2a: Rotom|Will-O-Wisp|p1a: Kingambit
|-status|p1a: Kingambit|brn
|move|p1b: Grimmsnarl|Spirit Break|p2a: Rotom
|-damage|p2a: Rotom|71/100
|-unboost|p2a: Rotom|spa|1
|move|p1a: Kingambit|Kowtow Cleave|p2a: Rotom
|-damage|p2a: Rotom|50/100g
|
|-weather|RainDance|[upkeep]
|-damage|p1a: Kingambit|49/100 brn|[from] brn
|-sideend|p1: nffhbcfe|move: Light Screen
|-sideend|p2: freudianbreath|move: Tailwind
|upkeep
|turn|12
|inactive|freudianbreath has 10 seconds left this turn.
|inactive|freudianbreath has 5 seconds left.
|
|t:|1786056038
|move|p2b: Swampert|Protect|p2b: Swampert
|-singleturn|p2b: Swampert|Protect
|move|p1a: Kingambit|Protect|p1a: Kingambit
|-singleturn|p1a: Kingambit|Protect
|move|p1b: Grimmsnarl|Parting Shot|p2b: Swampert
|-activate|p2b: Swampert|move: Protect
|move|p2a: Rotom|Hydro Pump|p1b: Grimmsnarl
|-damage|p1b: Grimmsnarl|23/100
|
|-weather|RainDance|[upkeep]
|-damage|p1a: Kingambit|43/100 brn|[from] brn
|upkeep
|turn|13
|inactive|freudianbreath has 5 seconds left this turn.
|
|t:|1786056056
|move|p2b: Swampert|Wave Crash|p1a: Kingambit
|-damage|p1a: Kingambit|1/100 brn
|-damage|p2b: Swampert|59/100|[from] Recoil
|move|p2a: Rotom|Rain Dance||[still]
|-fail|p2a: Rotom
|move|p1b: Grimmsnarl|Spirit Break|p2a: Rotom
|-damage|p2a: Rotom|19/100
|-unboost|p2a: Rotom|spa|1
|move|p1a: Kingambit|Kowtow Cleave|p2a: Rotom
|-damage|p2a: Rotom|0 fnt
|faint|p2a: Rotom
|
|-weather|RainDance|[upkeep]
|-damage|p1a: Kingambit|0 fnt|[from] brn
|faint|p1a: Kingambit
|upkeep
|inactive|freudianbreath has 5 seconds left this turn.
|
|t:|1786056070
|switch|p2a: Whimsicott|Whimsicott, L50, M|60/100
|switch|p1a: Charizard|Charizard-Mega-Y, L50, F|100/100
|-weather|SunnyDay|[from] ability: Drought|[of] p1a: Charizard
|turn|14
|inactive|freudianbreath has 5 seconds left this turn.
|
|t:|1786056093
|move|p2a: Whimsicott|Tailwind|p2a: Whimsicott
|-sidestart|p2: freudianbreath|move: Tailwind
|move|p1b: Grimmsnarl|Parting Shot|p2b: Swampert
|-unboost|p2b: Swampert|atk|1
|-unboost|p2b: Swampert|spa|1
|move|p2b: Swampert|Wave Crash|p1a: Charizard
|-supereffective|p1a: Charizard|1
|-damage|p1a: Charizard|61/100
|-damage|p2b: Swampert|49/100|[from] Recoil
|move|p1a: Charizard|Solar Beam||[still]
|-prepare|p1a: Charizard|Solar Beam
|-anim|p1a: Charizard|Solar Beam|p2b: Swampert
|-supereffective|p2b: Swampert|2
|-damage|p2b: Swampert|0 fnt
|faint|p2b: Swampert
|
|-weather|SunnyDay|[upkeep]
|upkeep
|turn|15
|inactive|freudianbreath has 5 seconds left this turn.
|
|t:|1786056107
|move|p2a: Whimsicott|Encore|p1a: Charizard
|-start|p1a: Charizard|Encore
|move|p1a: Charizard|Solar Beam||[still]
|-prepare|p1a: Charizard|Solar Beam
|-anim|p1a: Charizard|Solar Beam|p2a: Whimsicott
|-resisted|p2a: Whimsicott|1
|-damage|p2a: Whimsicott|26/100
|-enditem|p2a: Whimsicott|Sitrus Berry|[eat]
|-heal|p2a: Whimsicott|50/100g|[from] item: Sitrus Berry
|move|p1b: Grimmsnarl|Spirit Break|p2a: Whimsicott
|-damage|p2a: Whimsicott|19/100
|-unboost|p2a: Whimsicott|spa|1
|
|-weather|SunnyDay|[upkeep]
|upkeep
|turn|16
|inactive|freudianbreath has 5 seconds left this turn.
|inactive|nffhbcfe has 30 seconds left.
|
|t:|1786056117
|move|p2a: Whimsicott|Moonblast|p1b: Grimmsnarl
|-supereffective|p1b: Grimmsnarl|1
|-damage|p1b: Grimmsnarl|0 fnt
|faint|p1b: Grimmsnarl
|move|p1a: Charizard|Solar Beam||[still]
|-prepare|p1a: Charizard|Solar Beam
|-anim|p1a: Charizard|Solar Beam|p2a: Whimsicott
|-resisted|p2a: Whimsicott|1
|-damage|p2a: Whimsicott|0 fnt
|faint|p2a: Whimsicott
|
|win|nffhbcfe
