|j|☆prof.jirofales
|j|☆Jasondddd
|html|prof.jirofalesJasondddd    
|uhtml|bestof|Game 2 of a best-of-3
|t:|1754597766
|gametype|doubles
|player|p1|prof.jirofales|2|1250
|player|p2|Jasondddd|2|1271
|gen|9
|tier|[Gen 9] VGC 2025 Reg H (Bo3)
|rated|
|rule|Species Clause: Limit one of each Pokémon
|rule|Item Clause: Limit 1 of each item
|clearpoke
|poke|p1|Baxcalibur, L50, F|
|poke|p1|Basculegion, L50, M|
|poke|p1|Rillaboom, L50, M|
|poke|p1|Volcarona, L50, F|
|poke|p1|Sneasler, L50, F|
|poke|p1|Kingambit, L50, M|
|poke|p2|Volcarona, L50, F|
|poke|p2|Electabuzz, L50, F|
|poke|p2|Kingambit, L50, M|
|poke|p2|Sneasler, L50, F|
|poke|p2|Rillaboom, L50, F|
|poke|p2|Basculegion, L50, M|
|teampreview|4
|showteam|p1|Baxcalibur||LoadedDice|ThermalExchange|IcicleSpear,ScaleShot,IceShard,Protect|||F|||50|,,,,,Ghost]Basculegion||ChoiceScarf|Adaptability|FlipTurn,WaveCrash,LastRespects,TeraBlast|||M|||50|,,,,,Fairy]Rillaboom||MiracleSeed|GrassySurge|WoodHammer,GrassyGlide,FakeOut,Taunt|||M|||50|,,,,,Fire]Volcarona||CovertCloak|FlameBody|HeatWave,TeraBlast,QuiverDance,Protect|||F|||50|,,,,,Fairy]Sneasler||FocusSash|Unburden|FakeOut,DireClaw,CloseCombat,Coaching|||F|||50|,,,,,Stellar]Kingambit||AssaultVest|Defiant|KowtowCleave,SuckerPunch,IronHead,LowKick|||M|||50|,,,,,Ghost
|showteam|p2|Volcarona||CovertCloak|FlameBody|Protect,QuiverDance,HeatWave,TeraBlast|||F|||50|,,,,,Fairy]Electabuzz||Eviolite|VitalSpirit|Protect,Thunderbolt,Taunt,FollowMe|||F|||50|,,,,,Dragon]Kingambit||SafetyGoggles|Defiant|Protect,SwordsDance,SuckerPunch,KowtowCleave|||M|||50|,,,,,Dark]Sneasler||FocusSash|Unburden|FakeOut,DireClaw,Protect,CloseCombat|||F|||50|,,,,,Ghost]Rillaboom||AssaultVest|GrassySurge|FakeOut,GrassyGlide,WoodHammer,Uturn|||F|||50|,,,,,Fire]Basculegion||ChoiceScarf|Adaptability|FlipTurn,AquaJet,LastRespects,WaveCrash|||M|||50|,,,,,Fairy
|inactive|Battle timer is ON: inactive players will automatically lose when time's up. (requested by Jasondddd)
|
|t:|1754597873
|teamsize|p1|4
|teamsize|p2|4
|start
|switch|p1a: Baxcalibur|Baxcalibur, L50, F|100/100
|switch|p1b: Volcarona|Volcarona, L50, F|100/100
|switch|p2a: Basculegion|Basculegion, L50, M|100/100
|switch|p2b: Volcarona|Volcarona, L50, F|100/100
|turn|1
|c|☆prof.jirofales|How much speed did you invest on Volcarona?
|inactive|Jasondddd has 30 seconds left.
|inactive|prof.jirofales has 30 seconds left.
|
|t:|1754597907
|-terastallize|p2b: Volcarona|Fairy
|move|p1b: Volcarona|Protect|p1b: Volcarona
|-singleturn|p1b: Volcarona|Protect
|move|p2a: Basculegion|Wave Crash|p1b: Volcarona
|-activate|p1b: Volcarona|move: Protect
|move|p1a: Baxcalibur|Scale Shot|p2b: Volcarona
|-immune|p2b: Volcarona
|move|p2b: Volcarona|Quiver Dance|p2b: Volcarona
|-boost|p2b: Volcarona|spa|1
|-boost|p2b: Volcarona|spd|1
|-boost|p2b: Volcarona|spe|1
|
|upkeep
|turn|2
|inactive|Jasondddd has 30 seconds left.
|
|t:|1754597932
|move|p1a: Baxcalibur|Protect|p1a: Baxcalibur
|-singleturn|p1a: Baxcalibur|Protect
|move|p2b: Volcarona|Tera Blast|p1a: Baxcalibur|[anim] Tera Blast Fairy
|-activate|p1a: Baxcalibur|move: Protect
|move|p2a: Basculegion|Wave Crash|p1a: Baxcalibur
|-activate|p1a: Baxcalibur|move: Protect
|move|p1b: Volcarona|Heat Wave|p2a: Basculegion|[spread] p2a,p2b
|-resisted|p2a: Basculegion
|-damage|p2a: Basculegion|80/100
|-damage|p2b: Volcarona|75/100
|
|upkeep
|turn|3
|
|t:|1754597954
|switch|p1b: Sneasler|Sneasler, L50, F|100/100
|move|p2b: Volcarona|Heat Wave|p1b: Sneasler|[spread] p1b
|-miss|p2b: Volcarona|p1a: Baxcalibur
|-damage|p1b: Sneasler|5/100
|move|p2a: Basculegion|Wave Crash|p1a: Baxcalibur
|-resisted|p1a: Baxcalibur
|-damage|p1a: Baxcalibur|61/100
|-damage|p2a: Basculegion|67/100|[from] Recoil
|move|p1a: Baxcalibur|Scale Shot|p2a: Basculegion
|-damage|p2a: Basculegion|48/100
|-damage|p2a: Basculegion|30/100
|-damage|p2a: Basculegion|10/100
|-damage|p2a: Basculegion|0 fnt
|faint|p2a: Basculegion
|-hitcount|p2: Basculegion|4
|-unboost|p1a: Baxcalibur|def|1
|-boost|p1a: Baxcalibur|spe|1
|
|upkeep
|
|t:|1754597975
|switch|p2a: Electabuzz|Electabuzz, L50, F|100/100
|turn|4
|
|t:|1754597989
|move|p2b: Volcarona|Protect|p2b: Volcarona
|-singleturn|p2b: Volcarona|Protect
|move|p2a: Electabuzz|Protect|p2a: Electabuzz
|-singleturn|p2a: Electabuzz|Protect
|move|p1b: Sneasler|Fake Out|p2b: Volcarona
|-activate|p2b: Volcarona|move: Protect
|move|p1a: Baxcalibur|Scale Shot|p2a: Electabuzz
|-activate|p2a: Electabuzz|move: Protect
|
|upkeep
|turn|5
|inactive|Jasondddd has 30 seconds left.
|
|t:|1754598015
|move|p1a: Baxcalibur|Protect|p1a: Baxcalibur
|-singleturn|p1a: Baxcalibur|Protect
|move|p2a: Electabuzz|Follow Me|p2a: Electabuzz
|-singleturn|p2a: Electabuzz|move: Follow Me
|move|p2b: Volcarona|Heat Wave|p1b: Sneasler|[spread] p1b
|-activate|p1a: Baxcalibur|move: Protect
|-damage|p1b: Sneasler|0 fnt
|faint|p1b: Sneasler
|
|upkeep
|
|t:|1754598024
|switch|p1b: Basculegion|Basculegion, L50, M|100/100
|turn|6
|
|t:|1754598047
|-terastallize|p1a: Baxcalibur|Ghost
|move|p2a: Electabuzz|Follow Me|p2a: Electabuzz
|-singleturn|p2a: Electabuzz|move: Follow Me
|move|p1a: Baxcalibur|Scale Shot|p2a: Electabuzz
|-damage|p2a: Electabuzz|87/100
|-damage|p2a: Electabuzz|72/100
|-crit|p2a: Electabuzz
|-damage|p2a: Electabuzz|51/100
|-damage|p2a: Electabuzz|37/100
|-damage|p2a: Electabuzz|24/100
|-hitcount|p2a: Electabuzz|5
|-unboost|p1a: Baxcalibur|def|1
|-boost|p1a: Baxcalibur|spe|1
|move|p1b: Basculegion|Last Respects|p2a: Electabuzz
|-damage|p2a: Electabuzz|0 fnt
|faint|p2a: Electabuzz
|move|p2b: Volcarona|Quiver Dance|p2b: Volcarona
|-boost|p2b: Volcarona|spa|1
|-boost|p2b: Volcarona|spd|1
|-boost|p2b: Volcarona|spe|1
|
|upkeep
|
|t:|1754598067
|switch|p2a: Kingambit|Kingambit, L50, M|100/100
|turn|7
|inactive|Jasondddd has 30 seconds left.
|inactive|Jasondddd has 20 seconds left.
|
|t:|1754598107
|move|p2a: Kingambit|Sucker Punch|p1a: Baxcalibur
|-supereffective|p1a: Baxcalibur
|-crit|p1a: Baxcalibur
|-damage|p1a: Baxcalibur|0 fnt
|faint|p1a: Baxcalibur
|move|p2b: Volcarona|Quiver Dance|p2b: Volcarona
|-boost|p2b: Volcarona|spa|1
|-boost|p2b: Volcarona|spd|1
|-boost|p2b: Volcarona|spe|1
|move|p1b: Basculegion|Last Respects|p2b: Volcarona
|-damage|p2b: Volcarona|0 fnt
|faint|p2b: Volcarona
|
|upkeep
|
|t:|1754598117
|switch|p1a: Volcarona|Volcarona, L50, F|100/100
|turn|8
|-message|Jasondddd forfeited.
|raw|prof.jirofales's rating: 1250 → 1277(+27 for winning)
|raw|Jasondddd's rating: 1271 → 1244(-27 for losing)
|
|win|prof.jirofales
|c|☆Jasondddd|Gg
|c|☆prof.jirofales|ggs
