|j|☆floopf
|j|☆sergiovj
|html|floopfsergiovj    
|uhtml|bestof|Game 3 of a best-of-3
|t:|1756582469
|gametype|doubles
|player|p1|floopf|miku-fairy|1113
|player|p2|sergiovj|colress|1107
|gen|9
|tier|[Gen 9] VGC 2025 Reg H (Bo3)
|rated|
|rule|Species Clause: Limit one of each Pokémon
|rule|Item Clause: Limit 1 of each item
|clearpoke
|poke|p1|Vivillon-Fancy, L50, F|
|poke|p1|Garchomp, L50, F|
|poke|p1|Primarina, L50, F|
|poke|p1|Incineroar, L50, F|
|poke|p1|Gholdengo, L50|
|poke|p1|Porygon2, L50|
|poke|p2|Archaludon, L50, F|
|poke|p2|Basculegion, L50, M|
|poke|p2|Pelipper, L50, F|
|poke|p2|Amoonguss, L50, F|
|poke|p2|Incineroar, L50, F|
|poke|p2|Maushold, L50|
|teampreview|4
|showteam|p1|Vivillon-Fancy||FocusSash|CompoundEyes|Hurricane,SleepPowder,RagePowder,Protect|||F|||50|,,,,,Ghost]Garchomp||LifeOrb|RoughSkin|Earthquake,DragonClaw,StompingTantrum,Protect|||F|||50|,,,,,Water]Primarina||SitrusBerry|LiquidVoice|HyperVoice,Moonblast,Haze,Protect|||F|||50|,,,,,Grass]Incineroar||SafetyGoggles|Intimidate|FakeOut,FlareBlitz,PartingShot,KnockOff|||F|||50|,,,,,Ghost]Gholdengo||MetalCoat|GoodasGold|MakeItRain,ShadowBall,NastyPlot,Protect||||||50|,,,,,Dragon]Porygon2||Eviolite|Download|TeraBlast,IceBeam,Recover,TrickRoom||||||50|,,,,,Fighting
|showteam|p2|Archaludon||AssaultVest|Stamina|ElectroShot,DragonPulse,FlashCannon,BodyPress|||F|||50|,,,,,Grass]Basculegion||MysticWater|SwiftSwim|Protect,WaveCrash,AquaJet,LastRespects|||M|||50|,,,,,Water]Pelipper||FocusSash|Drizzle|Hurricane,WeatherBall,Tailwind,Protect|||F|||50|,,,,,Ghost]Amoonguss||SitrusBerry|Regenerator|Spore,RagePowder,PollenPuff,ClearSmog|||F|||50|,,,,,Water]Incineroar||SafetyGoggles|Intimidate|FakeOut,FlareBlitz,KnockOff,PartingShot|||F|||50|,,,,,Ghost]Maushold||WideLens|Technician|PopulationBomb,FollowMe,Taunt,Protect||||||50|,,,,,Grass
|inactive|Battle timer is ON: inactive players will automatically lose when time's up. (requested by sergiovj)
|inactive|floopf has 60 seconds left.
|inactive|sergiovj has 60 seconds left.
|
|t:|1756582515
|teamsize|p1|4
|teamsize|p2|4
|start
|switch|p1a: Sakura|Vivillon-Fancy, L50, F|100/100
|switch|p1b: Hinoka|Incineroar, L50, F|100/100
|switch|p2a: Basculegion|Basculegion, L50, M|100/100
|switch|p2b: Pelipper|Pelipper, L50, F|100/100
|-weather|RainDance|[from] ability: Drizzle|[of] p2b: Pelipper
|-ability|p1b: Hinoka|Intimidate|boost
|-unboost|p2a: Basculegion|atk|1
|-unboost|p2b: Pelipper|atk|1
|turn|1
|inactive|floopf has 30 seconds left.
|inactive|floopf has 20 seconds left.
|inactive|floopf has 15 seconds left.
|
|t:|1756582559
|move|p2b: Pelipper|Protect|p2b: Pelipper
|-singleturn|p2b: Pelipper|Protect
|move|p1b: Hinoka|Fake Out|p2b: Pelipper
|-activate|p2b: Pelipper|move: Protect
|move|p2a: Basculegion|Aqua Jet|p1a: Sakura
|-damage|p1a: Sakura|50/100
|move|p1a: Sakura|Sleep Powder|p2a: Basculegion
|-status|p2a: Basculegion|slp|[from] move: Sleep Powder
|
|-weather|RainDance|[upkeep]
|upkeep
|turn|2
|
|t:|1756582580
|switch|p2a: Incineroar|Incineroar, L50, F|100/100
|-ability|p2a: Incineroar|Intimidate|boost
|-unboost|p1a: Sakura|atk|1
|-unboost|p1b: Hinoka|atk|1
|move|p2b: Pelipper|Protect||[still]
|-fail|p2b: Pelipper
|move|p1a: Sakura|Sleep Powder|p2b: Pelipper
|-status|p2b: Pelipper|slp|[from] move: Sleep Powder
|move|p1b: Hinoka|Knock Off|p2a: Incineroar
|-resisted|p2a: Incineroar
|-damage|p2a: Incineroar|87/100
|-enditem|p2a: Incineroar|Safety Goggles|[from] move: Knock Off|[of] p1b: Hinoka
|
|-weather|RainDance|[upkeep]
|upkeep
|turn|3
|
|t:|1756582607
|switch|p2b: Archaludon|Archaludon, L50, F|100/100
|-terastallize|p1a: Sakura|Ghost
|move|p2a: Incineroar|Fake Out|p1a: Sakura
|-immune|p1a: Sakura
|move|p1a: Sakura|Sleep Powder|p2a: Incineroar
|-status|p2a: Incineroar|slp|[from] move: Sleep Powder
|move|p1b: Hinoka|Parting Shot|p2b: Archaludon
|-unboost|p2b: Archaludon|atk|1
|-unboost|p2b: Archaludon|spa|1
|
|t:|1756582613
|switch|p1b: Corrin|Garchomp, L50, F|100/100|[from] Parting Shot
|
|-weather|RainDance|[upkeep]
|upkeep
|turn|4
|
|t:|1756582636
|switch|p2a: Pelipper|Pelipper, L50, F|100/100 slp
|-terastallize|p2b: Archaludon|Grass
|move|p1b: Corrin|Dragon Claw|p2b: Archaludon
|-damage|p2b: Archaludon|60/100
|-ability|p2b: Archaludon|Stamina|boost
|-boost|p2b: Archaludon|def|1
|-damage|p1b: Corrin|91/100|[from] item: Life Orb
|move|p1a: Sakura|Hurricane|p2b: Archaludon
|-supereffective|p2b: Archaludon
|-damage|p2b: Archaludon|0 fnt
|faint|p2b: Archaludon
|
|-weather|RainDance|[upkeep]
|upkeep
|
|t:|1756582649
|switch|p2b: Incineroar|Incineroar, L50, F|87/100 slp
|-ability|p2b: Incineroar|Intimidate|boost
|-unboost|p1a: Sakura|atk|1
|-unboost|p1b: Corrin|atk|1
|turn|5
|
|t:|1756582669
|cant|p2b: Incineroar|slp
|move|p1b: Corrin|Stomping Tantrum|p2b: Incineroar
|-supereffective|p2b: Incineroar
|-damage|p2b: Incineroar|23/100 slp
|-damage|p1b: Corrin|81/100|[from] item: Life Orb
|move|p1a: Sakura|Hurricane|p2a: Pelipper
|-damage|p2a: Pelipper|20/100 slp
|-start|p2a: Pelipper|confusion
|cant|p2a: Pelipper|slp
|
|-weather|none
|upkeep
|turn|6
|
|t:|1756582688
|cant|p2a: Pelipper|slp
|move|p1b: Corrin|Stomping Tantrum|p2b: Incineroar
|-supereffective|p2b: Incineroar
|-damage|p2b: Incineroar|0 fnt
|faint|p2b: Incineroar
|-damage|p1b: Corrin|71/100|[from] item: Life Orb
|move|p1a: Sakura|Hurricane|p2a: Pelipper
|-damage|p2a: Pelipper|0 fnt
|faint|p2a: Pelipper
|
|upkeep
|
|t:|1756582694
|switch|p2b: Basculegion|Basculegion, L50, M|100/100 slp
|turn|7
|c|☆sergiovj|gg
|
|t:|1756582705
|switch|p1b: Hinoka|Incineroar, L50, F|100/100
|-ability|p1b: Hinoka|Intimidate|boost
|-unboost|p2b: Basculegion|atk|1
|cant|p2b: Basculegion|slp
|move|p1a: Sakura|Hurricane|p2b: Basculegion
|-damage|p2b: Basculegion|45/100 slp
|
|upkeep
|turn|8
|
|t:|1756582719
|cant|p2b: Basculegion|slp
|move|p1a: Sakura|Hurricane|p2b: Basculegion
|-crit|p2b: Basculegion
|-damage|p2b: Basculegion|0 fnt
|faint|p2b: Basculegion
|
|win|floopf
|raw|floopf's rating: 1113 → 1138(+25 for winning)
|raw|sergiovj's rating: 1107 → 1082(-25 for losing)
|c|☆floopf|gg
|l|☆sergiovj
|player|p2|
