|j|☆MatteoMabl
|j|☆mayor of clowntown
|html|MatteoMablmayor of clowntown    
|uhtml|bestof|Game 3 of a best-of-3
|t:|1785450882
|gametype|doubles
|player|p1|MatteoMabl|265|1164
|player|p2|mayor of clowntown|clown|1116
|gen|9
|tier|[Gen 9 Champions] VGC 2026 Reg M-B (Bo3)
|rated|
|rule|Species Clause: Limit one of each Pokémon
|rule|Item Clause: Limit 1 of each item
|clearpoke
|poke|p1|Tyranitar, L50, F|
|poke|p1|Staraptor, L50, F|
|poke|p1|Excadrill, L50, F|
|poke|p1|Gholdengo, L50|
|poke|p1|Sinistcha, L50|
|poke|p1|Milotic, L50, F|
|poke|p2|Garchomp, L50, M, shiny|
|poke|p2|Charizard, L50, F, shiny|
|poke|p2|Whimsicott, L50, M|
|poke|p2|Floette-Eternal, L50, F|
|poke|p2|Basculegion, L50, M|
|poke|p2|Kingambit, L50, F, shiny|
|teampreview|4
|showteam|p1|Tyranitar||Tyranitarite|SandStream|RockSlide,KnockOff,LowKick,Protect|Jolly||F|||50|]Staraptor||Staraptite|Intimidate|CloseCombat,BraveBird,Tailwind,Protect|Jolly||F|||50|]Excadrill||FocusSash|SandRush|HighHorsepower,IronHead,RockSlide,Protect|Adamant||F|||50|]Gholdengo||LifeOrb|GoodasGold|MakeItRain,ShadowBall,NastyPlot,Protect|Modest|||||50|]Sinistcha||ColburBerry|Hospitality|MatchaGotcha,ShadowBall,RagePowder,Protect|Bold|||||50|]Milotic||SitrusBerry|Competitive|Scald,IceBeam,IcyWind,Protect|Calm||F|||50|
|showteam|p2|Garchomp||LifeOrb|RoughSkin|Earthquake,RockSlide,DragonClaw,Protect|Jolly||M|||50|]Charizard||CharizarditeY|Blaze|HeatWave,WeatherBall,SolarBeam,Protect|Modest||F|||50|]Whimsicott||FocusSash|Prankster|Moonblast,Tailwind,Encore,Protect|Timid||M|||50|]Floette-Eternal||Floettite|FlowerVeil|Moonblast,DazzlingGleam,LightofRuin,Protect|Modest||F|||50|]Basculegion||MysticWater|Adaptability|WaveCrash,LastRespects,AquaJet,Protect|Adamant||M|||50|]Kingambit||ChopleBerry|Defiant|KowtowCleave,SuckerPunch,IronHead,LowKick|Adamant||F|||50|
|inactive|Battle timer is ON: inactive players will automatically lose when time's up. (requested by MatteoMabl)
|inactive|mayor of clowntown has 60 seconds left.
|
|t:|1785450972
|teamsize|p1|4
|teamsize|p2|4
|start
|switch|p1a: Excadrill|Excadrill, L50, F|100/100
|switch|p1b: Tyranitar|Tyranitar, L50, F|100/100
|switch|p2a: Whimsicott|Whimsicott, L50, M|100/100
|switch|p2b: Garchomp|Garchomp, L50, M, shiny|100/100
|-weather|Sandstorm|[from] ability: Sand Stream|[of] p1b: Tyranitar
|turn|1
|inactive|MatteoMabl has 30 seconds left.
|inactive|mayor of clowntown has 30 seconds left.
|inactive|MatteoMabl has 20 seconds left.
|inactive|MatteoMabl has 15 seconds left.
|inactive|MatteoMabl has 10 seconds left.
|inactive|MatteoMabl has 5 seconds left.
|
|t:|1785451022
|switch|p1a: Staraptor|Staraptor, L50, F|100/100
|-ability|p1a: Staraptor|Intimidate|boost
|-unboost|p2a: Whimsicott|atk|1
|-unboost|p2b: Garchomp|atk|1
|move|p2a: Whimsicott|Protect|p2a: Whimsicott
|-singleturn|p2a: Whimsicott|Protect
|move|p1b: Tyranitar|Protect|p1b: Tyranitar
|-singleturn|p1b: Tyranitar|Protect
|move|p2b: Garchomp|Earthquake|p1b: Tyranitar|[spread] 
|-activate|p2a: Whimsicott|move: Protect
|-activate|p1b: Tyranitar|move: Protect
|-immune|p1a: Staraptor
|
|-weather|Sandstorm|[upkeep]
|-damage|p2a: Whimsicott|94/100|[from] Sandstorm
|-damage|p1a: Staraptor|93/100|[from] Sandstorm
|upkeep
|turn|2
|inactive|MatteoMabl has 30 seconds left.
|inactive|mayor of clowntown has 30 seconds left.
|inactive|MatteoMabl has 20 seconds left.
|inactive|mayor of clowntown has 20 seconds left.
|inactive|mayor of clowntown has 15 seconds left.
|
|t:|1785451066
|switch|p1a: Excadrill|Excadrill, L50, F|100/100
|move|p2a: Whimsicott|Tailwind|p2a: Whimsicott
|-sidestart|p2: mayor of clowntown|move: Tailwind
|move|p2b: Garchomp|Dragon Claw|p1a: Excadrill
|-resisted|p1a: Excadrill|1
|-damage|p1a: Excadrill|74/100
|-damage|p2b: Garchomp|90/100|[from] item: Life Orb
|move|p1b: Tyranitar|Knock Off|p2b: Garchomp
|-damage|p2b: Garchomp|35/100
|-damage|p1b: Tyranitar|87/100|[from] ability: Rough Skin|[of] p2b: Garchomp
|-enditem|p2b: Garchomp|Life Orb|[from] move: Knock Off|[of] p1b: Tyranitar
|
|-weather|Sandstorm|[upkeep]
|-damage|p2a: Whimsicott|88/100|[from] Sandstorm
|upkeep
|turn|3
|inactive|MatteoMabl has 30 seconds left.
|inactive|mayor of clowntown has 30 seconds left.
|inactive|mayor of clowntown has 20 seconds left.
|
|t:|1785451105
|switch|p1b: Staraptor|Staraptor, L50, F|93/100
|-ability|p1b: Staraptor|Intimidate|boost
|-unboost|p2a: Whimsicott|atk|1
|-unboost|p2b: Garchomp|atk|1
|move|p2a: Whimsicott|Moonblast|p1a: Excadrill
|-resisted|p1a: Excadrill|1
|-damage|p1a: Excadrill|49/100
|move|p2b: Garchomp|Earthquake|p1b: Staraptor|[spread] p2a,p1a
|-immune|p1b: Staraptor
|-resisted|p2a: Whimsicott|1
|-supereffective|p1a: Excadrill|1
|-damage|p2a: Whimsicott|72/100
|-damage|p1a: Excadrill|0 fnt
|faint|p1a: Excadrill
|
|-weather|Sandstorm|[upkeep]
|-damage|p2a: Whimsicott|67/100|[from] Sandstorm
|-damage|p1b: Staraptor|87/100|[from] Sandstorm
|upkeep
|
|t:|1785451127
|switch|p1a: Gholdengo|Gholdengo, L50|100/100
|turn|4
|inactive|MatteoMabl has 30 seconds left.
|inactive|mayor of clowntown has 30 seconds left.
|
|t:|1785451162
|switch|p2b: Basculegion|Basculegion, L50, M|100/100
|detailschange|p1b: Staraptor|Staraptor-Mega, L50, F
|-mega|p1b: Staraptor|Staraptor|Staraptite
|move|p2a: Whimsicott|Protect|p2a: Whimsicott
|-singleturn|p2a: Whimsicott|Protect
|move|p1b: Staraptor|Close Combat|p2b: Basculegion
|-immune|p2b: Basculegion
|move|p1a: Gholdengo|Make It Rain|p2b: Basculegion|[spread] p2b
|-activate|p2a: Whimsicott|move: Protect
|-resisted|p2b: Basculegion|1
|-damage|p2b: Basculegion|63/100
|-unboost|p1a: Gholdengo|spa|2
|-damage|p1a: Gholdengo|90/100|[from] item: Life Orb
|
|-weather|Sandstorm|[upkeep]
|-damage|p2a: Whimsicott|61/100|[from] Sandstorm
|-damage|p2b: Basculegion|57/100|[from] Sandstorm
|-damage|p1b: Staraptor|81/100|[from] Sandstorm
|upkeep
|turn|5
|inactive|MatteoMabl has 30 seconds left.
|inactive|mayor of clowntown has 30 seconds left.
|inactive|MatteoMabl has 20 seconds left.
|inactive|mayor of clowntown has 20 seconds left.
|inactive|mayor of clowntown has 15 seconds left.
|inactive|mayor of clowntown has 10 seconds left.
|inactive|mayor of clowntown has 5 seconds left.
|
|t:|1785451214
|switch|p1a: Tyranitar|Tyranitar, L50, F|87/100
|move|p2a: Whimsicott|Moonblast|p1b: Staraptor
|-supereffective|p1b: Staraptor|1
|-damage|p1b: Staraptor|0 fnt
|faint|p1b: Staraptor
|move|p2b: Basculegion|Wave Crash|p1a: Tyranitar
|-supereffective|p1a: Tyranitar|1
|-damage|p1a: Tyranitar|0 fnt
|faint|p1a: Tyranitar
|-damage|p2b: Basculegion|31/100|[from] Recoil
|
|-weather|none
|-sideend|p2: mayor of clowntown|move: Tailwind
|upkeep
|
|t:|1785451224
|switch|p1b: Gholdengo|Gholdengo, L50|90/100
|turn|6
|
|t:|1785451234
|move|p2a: Whimsicott|Tailwind|p2a: Whimsicott
|-sidestart|p2: mayor of clowntown|move: Tailwind
|move|p2b: Basculegion|Wave Crash|p1b: Gholdengo
|-damage|p1b: Gholdengo|0 fnt
|faint|p1b: Gholdengo
|-damage|p2b: Basculegion|4/100|[from] Recoil
|
|win|mayor of clowntown
|raw|MatteoMabl's rating: 1164 → 1136(-28 for losing)
|raw|mayor of clowntown's rating: 1116 → 1144(+28 for winning)
|l|☆MatteoMabl
|player|p1|
