|j|☆Goobert998
|j|☆Northgdh
|html|Goobert998Northgdh    
|uhtml|bestof|Game 2 of a best-of-3
|t:|1783871625
|gametype|doubles
|player|p1|Goobert998|hilbert|1112
|player|p2|Northgdh|102|1225
|gen|9
|tier|[Gen 9 Champions] VGC 2026 Reg M-B (Bo3)
|rated|
|rule|Species Clause: Limit one of each Pokémon
|rule|Item Clause: Limit 1 of each item
|clearpoke
|poke|p1|Meowscarada, L50, M|
|poke|p1|Zoroark-Hisui, L50, M|
|poke|p1|Farigiraf, L50, M|
|poke|p1|Garchomp, L50, F|
|poke|p1|Glimmora, L50, F|
|poke|p1|Ninetales-Alola, L50, F|
|poke|p2|Sneasler, L50, F|
|poke|p2|Incineroar, L50, F, shiny|
|poke|p2|Kingambit, L50, M, shiny|
|poke|p2|Blastoise, L50, M, shiny|
|poke|p2|Delphox, L50, M, shiny|
|poke|p2|Sinistcha, L50|
|teampreview|4
|showteam|p1|Meowscarada||FocusSash|Protean|BrickBreak,FlowerTrick,KnockOff,SuckerPunch|Adamant||M|||50|]Zoroark-Hisui||ChoiceScarf|Illusion|WillOWisp,IcyWind,Snarl,Flamethrower|Timid||M|||50|]Farigiraf||SitrusBerry|ArmorTail|HelpingHand,TrickRoom,Imprison,Psychic|Bold||M|||50|]Garchomp||HabanBerry|RoughSkin|DragonClaw,StompingTantrum,RockSlide,Protect|Adamant||F|||50|]Glimmora||Glimmoranite|ToxicDebris|SludgeBomb,PowerGem,EarthPower,SpikyShield|Modest||F|||50|]Ninetales-Alola||LifeOrb|SnowWarning|Blizzard,FreezeDry,Moonblast,Protect|Modest||F|||50|
|showteam|p2|Sneasler||FocusSash|PoisonTouch|CloseCombat,PoisonJab,FakeOut,QuickGuard|Jolly||F|||50|]Incineroar||SitrusBerry|Intimidate|FlareBlitz,FakeOut,HelpingHand,PartingShot|Impish||F|||50|]Kingambit||BlackGlasses|Defiant|KowtowCleave,SuckerPunch,SwordsDance,Protect|Adamant||M|||50|]Blastoise||Blastoisinite|RainDish|WaterSpout,DarkPulse,ShellSmash,Protect|Modest||M|||50|]Delphox||Delphoxite|Blaze|HeatWave,Psychic,NastyPlot,Protect|Timid||M|||50|]Sinistcha||KasibBerry|Hospitality|MatchaGotcha,RagePowder,LifeDew,Protect|Bold|||||50|
|inactive|Battle timer is ON: inactive players will automatically lose when time's up. (requested by Northgdh)
|inactive|Goobert998 has 60 seconds left.
|inactive|Northgdh has 60 seconds left.
|
|t:|1783871669
|teamsize|p1|4
|teamsize|p2|4
|start
|switch|p1a: Meowscarada|Meowscarada, L50, M|100/100
|switch|p1b: Glimmora|Glimmora, L50, F|100/100
|switch|p2a: begged|Blastoise, L50, M, shiny|100/100
|switch|p2b: drop dead|Kingambit, L50, M, shiny|100/100
|turn|1
|inactive|Goobert998 has 30 seconds left.
|
|t:|1783871700
|switch|p1a: Meowscarada|Meowscarada, L50, M|100/100
|switch|p2a: stupid song|Incineroar, L50, F, shiny|100/100
|-ability|p2a: stupid song|Intimidate|boost
|-unboost|p1a: Meowscarada|atk|1
|-unboost|p1b: Glimmora|atk|1
|detailschange|p1b: Glimmora|Glimmora-Mega, L50, F
|-mega|p1b: Glimmora|Glimmora|Glimmoranite
|move|p1b: Glimmora|Sludge Bomb|p2a: stupid song
|-damage|p2a: stupid song|31/100
|-enditem|p2a: stupid song|Sitrus Berry|[eat]
|-heal|p2a: stupid song|56/100|[from] item: Sitrus Berry
|move|p2b: drop dead|Swords Dance|p2b: drop dead
|-boost|p2b: drop dead|atk|2
|
|upkeep
|turn|2
|inactive|Goobert998 has 30 seconds left.
|
|t:|1783871730
|switch|p1a: Meowscarada|Meowscarada, L50, M|100/100
|move|p2a: stupid song|Fake Out|p1a: Meowscarada
|-immune|p1a: Meowscarada
|move|p2b: drop dead|Sucker Punch|p1b: Glimmora
|-damage|p1b: Glimmora|0 fnt
|faint|p1b: Glimmora
|
|upkeep
|
|t:|1783871739
|switch|p1b: Meowscarada|Meowscarada, L50, M|100/100
|turn|3
|
|t:|1783871752
|move|p2b: drop dead|Protect|p2b: drop dead
|-singleturn|p2b: drop dead|Protect
|move|p1a: Meowscarada|Will-O-Wisp|p2b: drop dead
|-activate|p2b: drop dead|move: Protect
|move|p1b: Meowscarada|Brick Break|p2a: stupid song
|-start|p1b: Meowscarada|typechange|Fighting|[from] ability: Protean
|-supereffective|p2a: stupid song|1
|-damage|p2a: stupid song|0 fnt
|faint|p2a: stupid song
|
|upkeep
|
|t:|1783871764
|switch|p2a: the cure|Sinistcha, L50|100/100
|turn|4
|inactive|Goobert998 has 30 seconds left.
|
|t:|1783871795
|move|p2a: the cure|Rage Powder|p2a: the cure
|-singleturn|p2a: the cure|move: Rage Powder
|move|p1a: Meowscarada|Will-O-Wisp|p2a: the cure
|-status|p2a: the cure|brn
|move|p1b: Meowscarada|Brick Break|p2a: the cure
|-immune|p2a: the cure
|move|p2b: drop dead|Kowtow Cleave|p1a: Meowscarada
|-supereffective|p1a: Meowscarada|1
|-damage|p1a: Meowscarada|0 fnt
|replace|p1a: Zoroark|Zoroark-Hisui, L50, M
|-end|p1a: Zoroark|Illusion
|faint|p1a: Zoroark
|
|-damage|p2a: the cure|94/100 brn|[from] brn
|upkeep
|
|t:|1783871797
|switch|p1a: Garchomp|Garchomp, L50, F|100/100
|turn|5
|
|t:|1783871812
|move|p2a: the cure|Rage Powder|p2a: the cure
|-singleturn|p2a: the cure|move: Rage Powder
|move|p1b: Meowscarada|Knock Off|p2a: the cure
|-supereffective|p2a: the cure|1
|-damage|p2a: the cure|40/100 brn
|-enditem|p2a: the cure|Kasib Berry|[from] move: Knock Off|[of] p1b: Meowscarada
|move|p1a: Garchomp|Stomping Tantrum|p2a: the cure
|-resisted|p2a: the cure|1
|-damage|p2a: the cure|26/100 brn
|move|p2b: drop dead|Kowtow Cleave|p1a: Garchomp
|-damage|p1a: Garchomp|1/100
|-damage|p2b: drop dead|87/100|[from] ability: Rough Skin|[of] p1a: Garchomp
|
|-damage|p2a: the cure|20/100y brn|[from] brn
|upkeep
|turn|6
|
|t:|1783871832
|move|p2a: the cure|Rage Powder|p2a: the cure
|-singleturn|p2a: the cure|move: Rage Powder
|move|p1b: Meowscarada|Knock Off|p2a: the cure
|-supereffective|p2a: the cure|1
|-damage|p2a: the cure|0 fnt
|faint|p2a: the cure
|move|p1a: Garchomp|Rock Slide|p2b: drop dead
|-resisted|p2b: drop dead|1
|-damage|p2b: drop dead|77/100
|move|p2b: drop dead|Kowtow Cleave|p1b: Meowscarada
|-resisted|p1b: Meowscarada|1
|-damage|p1b: Meowscarada|13/100
|
|upkeep
|
|t:|1783871843
|switch|p2a: begged|Blastoise, L50, M, shiny|100/100
|turn|7
|c|☆Northgdh|ggwp
|
|t:|1783871860
|detailschange|p2a: begged|Blastoise-Mega, L50, M, shiny
|-mega|p2a: begged|Blastoise|Blastoisinite
|move|p1b: Meowscarada|Sucker Punch|p2a: begged
|-damage|p2a: begged|78/100
|move|p2b: drop dead|Sucker Punch||[still]
|-fail|p2b: drop dead
|move|p1a: Garchomp|Stomping Tantrum|p2b: drop dead
|-supereffective|p2b: drop dead|1
|-damage|p2b: drop dead|16/100
|move|p2a: begged|Dark Pulse|p1a: Garchomp
|-damage|p1a: Garchomp|0 fnt
|faint|p1a: Garchomp
|
|upkeep
|turn|8
|
|t:|1783871872
|move|p1b: Meowscarada|Sucker Punch|p2b: drop dead
|-resisted|p2b: drop dead|1
|-damage|p2b: drop dead|7/100
|move|p2a: begged|Dark Pulse|p1b: Meowscarada
|-resisted|p1b: Meowscarada|1
|-damage|p1b: Meowscarada|0 fnt
|faint|p1b: Meowscarada
|
|win|Northgdh
|raw|Goobert998's rating: 1112 → 1095(-17 for losing)
|raw|Northgdh's rating: 1225 → 1242(+17 for winning)
|l|☆Goobert998
|player|p1|
