|j|☆Professor_J93
|j|☆MEGA FRAUD
|html|Professor_J93MEGA FRAUD    
|uhtml|bestof|Game 2 of a best-of-3
|t:|1785430947
|gametype|doubles
|player|p1|Professor_J93|n|1376
|player|p2|MEGA FRAUD|1|1402
|gen|9
|tier|[Gen 9 Champions] VGC 2026 Reg M-B (Bo3)
|rated|
|rule|Species Clause: Limit one of each Pokémon
|rule|Item Clause: Limit 1 of each item
|clearpoke
|poke|p1|Staraptor, L50, F|
|poke|p1|Glimmora, L50, F|
|poke|p1|Whimsicott, L50, M|
|poke|p1|Chandelure, L50, F|
|poke|p1|Mamoswine, L50, M|
|poke|p1|Sylveon, L50, F, shiny|
|poke|p2|Tyranitar, L50, M|
|poke|p2|Excadrill, L50, F|
|poke|p2|Milotic, L50, F|
|poke|p2|Sinistcha, L50|
|poke|p2|Staraptor, L50, F|
|poke|p2|Gholdengo, L50|
|teampreview|4
|showteam|p1|Staraptor||Staraptite|Intimidate|CloseCombat,BraveBird,Roost,Protect|Jolly||F|||50|]Glimmora||FocusSash|ToxicDebris|PowerGem,SludgeBomb,EarthPower,SpikyShield|Timid||F|||50|]Whimsicott||OccaBerry|Prankster|Moonblast,Tailwind,Charm,LightScreen|Timid||M|||50|]Chandelure||Chandelurite|FlashFire|HeatWave,ShadowBall,TrickRoom,Protect|Timid||F|||50|]Mamoswine||LifeOrb|Oblivious|IcicleCrash,IceShard,Earthquake,Protect|Adamant||M|||50|]Sylveon||FairyFeather|Pixilate|HyperVoice,HyperBeam,QuickAttack,Protect|Modest||F|||50|
|showteam|p2|Tyranitar||Tyranitarite|SandStream|KnockOff,RockSlide,LowKick,Protect|Jolly||M|||50|]Excadrill||FocusSash|SandRush|HighHorsepower,IronHead,RockSlide,Protect|Adamant||F|||50|]Milotic||SitrusBerry|Competitive|Scald,IcyWind,IceBeam,Protect|Calm||F|||50|]Sinistcha||ColburBerry|Hospitality|MatchaGotcha,ShadowBall,Protect,RagePowder|Bold|||||50|]Staraptor||Staraptite|Intimidate|CloseCombat,BraveBird,Tailwind,Protect|Jolly||F|||50|]Gholdengo||LifeOrb|GoodasGold|MakeItRain,ShadowBall,NastyPlot,Protect|Modest|||||50|
|
|t:|1785430971
|teamsize|p1|4
|teamsize|p2|4
|start
|switch|p1a: Whimsicott|Whimsicott, L50, M|100/100
|switch|p1b: Pork|Mamoswine, L50, M|100/100
|switch|p2a: Milotic|Milotic, L50, F|100/100
|switch|p2b: Gholdengo|Gholdengo, L50|100/100
|turn|1
|
|t:|1785430986
|move|p2b: Gholdengo|Protect|p2b: Gholdengo
|-singleturn|p2b: Gholdengo|Protect
|move|p1a: Whimsicott|Light Screen|p1a: Whimsicott
|-sidestart|p1: Professor_J93|move: Light Screen
|move|p1b: Pork|Earthquake|p2a: Milotic|[spread] p1a,p2a
|-activate|p2b: Gholdengo|move: Protect
|-resisted|p1a: Whimsicott|1
|-damage|p1a: Whimsicott|67/100
|-damage|p2a: Milotic|46/100
|-enditem|p2a: Milotic|Sitrus Berry|[eat]
|-heal|p2a: Milotic|71/100|[from] item: Sitrus Berry
|-damage|p1b: Pork|90/100|[from] item: Life Orb
|move|p2a: Milotic|Scald|p1b: Pork
|-supereffective|p1b: Pork|1
|-damage|p1b: Pork|37/100
|
|upkeep
|turn|2
|inactive|Battle timer is ON: inactive players will automatically lose when time's up. (requested by MEGA FRAUD)
|
|t:|1785431005
|switch|p2b: Sinistcha|Sinistcha, L50|100/100
|-heal|p2a: Milotic|96/100|[from] ability: Hospitality|[of] p2b: Sinistcha
|move|p1a: Whimsicott|Moonblast|p2a: Milotic
|-damage|p2a: Milotic|78/100
|move|p1b: Pork|Earthquake|p2a: Milotic|[spread] p1a,p2a,p2b
|-resisted|p1a: Whimsicott|1
|-resisted|p2b: Sinistcha|1
|-damage|p1a: Whimsicott|34/100
|-damage|p2a: Milotic|27/100
|-damage|p2b: Sinistcha|77/100
|-damage|p1b: Pork|28/100|[from] item: Life Orb
|move|p2a: Milotic|Scald|p1b: Pork
|-supereffective|p1b: Pork|1
|-damage|p1b: Pork|0 fnt
|faint|p1b: Pork
|
|upkeep
|
|t:|1785431020
|switch|p1b: Sylveon|Sylveon, L50, F, shiny|100/100
|turn|3
|
|t:|1785431031
|switch|p2a: Gholdengo|Gholdengo, L50|100/100
|move|p2b: Sinistcha|Protect|p2b: Sinistcha
|-singleturn|p2b: Sinistcha|Protect
|move|p1a: Whimsicott|Moonblast|p2b: Sinistcha
|-activate|p2b: Sinistcha|move: Protect
|move|p1b: Sylveon|Hyper Voice|p2a: Gholdengo|[spread] p2a
|-activate|p2b: Sinistcha|move: Protect
|-resisted|p2a: Gholdengo|1
|-damage|p2a: Gholdengo|79/100
|
|upkeep
|turn|4
|
|t:|1785431046
|switch|p2b: Milotic|Milotic, L50, F|27/100
|move|p1b: Sylveon|Protect|p1b: Sylveon
|-singleturn|p1b: Sylveon|Protect
|move|p1a: Whimsicott|Tailwind|p1a: Whimsicott
|-sidestart|p1: Professor_J93|move: Tailwind
|move|p2a: Gholdengo|Nasty Plot|p2a: Gholdengo
|-boost|p2a: Gholdengo|spa|2
|
|upkeep
|turn|5
|
|t:|1785431059
|move|p2b: Milotic|Protect|p2b: Milotic
|-singleturn|p2b: Milotic|Protect
|move|p1a: Whimsicott|Moonblast|p2a: Gholdengo
|-resisted|p2a: Gholdengo|1
|-damage|p2a: Gholdengo|66/100
|move|p1b: Sylveon|Hyper Beam|p2a: Gholdengo
|-resisted|p2a: Gholdengo|1
|-damage|p2a: Gholdengo|22/100
|-mustrecharge|p1b: Sylveon
|move|p2a: Gholdengo|Make It Rain|p1a: Whimsicott|[spread] p1a,p1b
|-supereffective|p1a: Whimsicott|1
|-supereffective|p1b: Sylveon|1
|-damage|p1a: Whimsicott|0 fnt
|-damage|p1b: Sylveon|0 fnt
|-unboost|p2a: Gholdengo|spa|2
|faint|p1a: Whimsicott
|faint|p1b: Sylveon
|-damage|p2a: Gholdengo|12/100|[from] item: Life Orb
|
|-sideend|p1: Professor_J93|move: Light Screen
|upkeep
|
|t:|1785431068
|switch|p1b: Staraptor|Staraptor, L50, F|100/100
|-ability|p1b: Staraptor|Intimidate|boost
|-unboost|p2a: Gholdengo|atk|1
|-unboost|p2b: Milotic|atk|1
|-ability|p2b: Milotic|Competitive|boost
|-boost|p2b: Milotic|spa|2
|turn|6
|
|t:|1785431076
|detailschange|p1b: Staraptor|Staraptor-Mega, L50, F
|-mega|p1b: Staraptor|Staraptor|Staraptite
|move|p1b: Staraptor|Close Combat|p2b: Milotic
|-damage|p2b: Milotic|0 fnt
|-boost|p1b: Staraptor|def|1
|-boost|p1b: Staraptor|spd|1
|faint|p2b: Milotic
|move|p2a: Gholdengo|Nasty Plot|p2a: Gholdengo
|-boost|p2a: Gholdengo|spa|2
|
|upkeep
|
|t:|1785431078
|switch|p2b: Sinistcha|Sinistcha, L50|77/100
|-heal|p2a: Gholdengo|37/100|[from] ability: Hospitality|[of] p2b: Sinistcha
|turn|7
|
|t:|1785431088
|move|p2b: Sinistcha|Rage Powder|p2b: Sinistcha
|-singleturn|p2b: Sinistcha|move: Rage Powder
|move|p1b: Staraptor|Brave Bird|p2b: Sinistcha
|-supereffective|p2b: Sinistcha|1
|-damage|p2b: Sinistcha|0 fnt
|faint|p2b: Sinistcha
|-damage|p1b: Staraptor|74/100|[from] Recoil
|move|p2a: Gholdengo|Make It Rain|p1b: Staraptor
|-damage|p1b: Staraptor|0 fnt
|-unboost|p2a: Gholdengo|spa|2
|faint|p1b: Staraptor
|-damage|p2a: Gholdengo|28/100|[from] item: Life Orb
|
|win|MEGA FRAUD
|raw|Professor_J93's rating: 1376 → 1357(-19 for losing)
|raw|MEGA FRAUD's rating: 1402 → 1421(+19 for winning)
|l|☆Professor_J93
|player|p1|
