|j|☆balance bro
|j|☆capspungo
|html|balance brocapspungo    
|uhtml|bestof|Game 1 of a best-of-3
|t:|1756851454
|gametype|doubles
|player|p1|balance bro|buck|1167
|player|p2|capspungo|101|1257
|gen|9
|tier|[Gen 9] VGC 2025 Reg H (Bo3)
|rated|
|rule|Species Clause: Limit one of each Pokémon
|rule|Item Clause: Limit 1 of each item
|clearpoke
|poke|p1|Porygon2, L50|
|poke|p1|Hydreigon, L50, F|
|poke|p1|Incineroar, L50, F|
|poke|p1|Garchomp, L50, F|
|poke|p1|Amoonguss, L50, M|
|poke|p1|Gholdengo, L50|
|poke|p2|Toedscruel, L50, M|
|poke|p2|Weezing-Galar, L50, F|
|poke|p2|Pawmot, L50, F|
|poke|p2|Typhlosion-Hisui, L50, F|
|poke|p2|Corviknight, L50, F|
|poke|p2|Garchomp, L50, F|
|teampreview|4
|showteam|p1|Porygon2||Eviolite|Download|TeraBlast,IceBeam,TrickRoom,Recover||||||50|,,,,,Fighting]Hydreigon||SafetyGoggles|Levitate|Snarl,DracoMeteor,Tailwind,Protect|||F|||50|,,,,,Ghost]Incineroar||SitrusBerry|Intimidate|FlareBlitz,KnockOff,PartingShot,FakeOut|||F|||50|,,,,,Grass]Garchomp||LoadedDice|RoughSkin|ScaleShot,Earthquake,StompingTantrum,Protect|||F|||50|,,,,,Fire]Amoonguss||CovertCloak|Regenerator|PollenPuff,Spore,RagePowder,Protect|||M|||50|,,,,,Fire]Gholdengo||MetalCoat|GoodasGold|MakeItRain,ShadowBall,NastyPlot,Protect||||||50|,,,,,Flying
|showteam|p2|Toedscruel||CovertCloak|MyceliumMight|RagePowder,Spore,EarthPower,AcidSpray|||M|||50|,,,,,Water]Weezing-Galar||ChoiceSpecs|NeutralizingGas|DazzlingGleam,SludgeBomb,StrangeSteam,Flamethrower|||F|||50|,,,,,Fire]Pawmot||FocusSash|NaturalCure|FakeOut,CloseCombat,DoubleShock,Protect|||F|||50|,,,,,Electric]Typhlosion-Hisui||ChoiceScarf|Blaze|Eruption,ShadowBall,HeatWave,SleepTalk|||F|||50|,,,,,Fire]Corviknight||SitrusBerry|MirrorArmor|BraveBird,Tailwind,Protect,Roost|||F|||50|,,,,,Dragon]Garchomp||LifeOrb|RoughSkin|Earthquake,StompingTantrum,DragonClaw,Protect|||F|||50|,,,,,Ground
|inactive|Battle timer is ON: inactive players will automatically lose when time's up. (requested by capspungo)
|
|t:|1756851477
|teamsize|p1|4
|teamsize|p2|4
|start
|switch|p1a: Garchomp|Garchomp, L50, F, shiny|100/100
|switch|p1b: Hydreigon|Hydreigon, L50, F, shiny|100/100
|switch|p2a: Corviknight|Corviknight, L50, F|100/100
|switch|p2b: Garchomp|Garchomp, L50, F|100/100
|turn|1
|
|t:|1756851501
|-terastallize|p2b: Garchomp|Ground
|-terastallize|p1a: Garchomp|Fire
|move|p2b: Garchomp|Earthquake|p1a: Garchomp|[spread] p1a
|-immune|p2a: Corviknight
|-immune|p1b: Hydreigon|[from] ability: Levitate
|-supereffective|p1a: Garchomp
|-damage|p1a: Garchomp|0 fnt
|faint|p1a: Garchomp
|-damage|p2b: Garchomp|91/100|[from] item: Life Orb
|move|p1b: Hydreigon|Tailwind|p1b: Hydreigon
|-sidestart|p1: balance bro|move: Tailwind
|move|p2a: Corviknight|Tailwind|p2a: Corviknight
|-sidestart|p2: capspungo|move: Tailwind
|
|upkeep
|
|t:|1756851514
|switch|p1a: Porygon2|Porygon2, L50, shiny|100/100
|-ability|p1a: Porygon2|Download|boost
|-boost|p1a: Porygon2|spa|1
|turn|2
|
|t:|1756851533
|move|p1b: Hydreigon|Protect|p1b: Hydreigon
|-singleturn|p1b: Hydreigon|Protect
|move|p2b: Garchomp|Earthquake|p1a: Porygon2|[spread] p1a
|-activate|p1b: Hydreigon|move: Protect
|-immune|p2a: Corviknight
|-damage|p1a: Porygon2|58/100
|-damage|p2b: Garchomp|81/100|[from] item: Life Orb
|move|p2a: Corviknight|Brave Bird|p1a: Porygon2
|-damage|p1a: Porygon2|27/100
|-damage|p2a: Corviknight|91/100|[from] Recoil
|move|p1a: Porygon2|Ice Beam|p2b: Garchomp
|-supereffective|p2b: Garchomp
|-damage|p2b: Garchomp|0 fnt
|faint|p2b: Garchomp
|
|upkeep
|
|t:|1756851555
|switch|p2b: Pawmot|Pawmot, L50, F|100/100
|turn|3
|
|t:|1756851564
|switch|p1a: Gholdengo|Gholdengo, L50, shiny|100/100
|move|p2b: Pawmot|Close Combat|p1b: Hydreigon
|-supereffective|p1b: Hydreigon
|-damage|p1b: Hydreigon|0 fnt
|-unboost|p2b: Pawmot|def|1
|-unboost|p2b: Pawmot|spd|1
|faint|p1b: Hydreigon
|move|p2a: Corviknight|Brave Bird|p1a: Gholdengo
|-resisted|p1a: Gholdengo
|-damage|p1a: Gholdengo|82/100
|-damage|p2a: Corviknight|85/100|[from] Recoil
|
|upkeep
|
|t:|1756851569
|switch|p1b: Porygon2|Porygon2, L50, shiny|27/100
|-ability|p1b: Porygon2|Download|boost
|-boost|p1b: Porygon2|spa|1
|turn|4
|
|t:|1756851581
|move|p2b: Pawmot|Close Combat|p1b: Porygon2
|-supereffective|p1b: Porygon2
|-damage|p1b: Porygon2|0 fnt
|-unboost|p2b: Pawmot|def|1
|-unboost|p2b: Pawmot|spd|1
|faint|p1b: Porygon2
|move|p1a: Gholdengo|Nasty Plot|p1a: Gholdengo
|-boost|p1a: Gholdengo|spa|2
|move|p2a: Corviknight|Brave Bird|p1a: Gholdengo
|-resisted|p1a: Gholdengo
|-damage|p1a: Gholdengo|61/100
|-damage|p2a: Corviknight|79/100|[from] Recoil
|
|-sideend|p2: capspungo|move: Tailwind
|-sideend|p1: balance bro|move: Tailwind
|upkeep
|turn|5
|
|t:|1756851593
|move|p2b: Pawmot|Double Shock|p1a: Gholdengo
|-damage|p1a: Gholdengo|8/100
|-start|p2b: Pawmot|typechange|???/Fighting|[from] move: Double Shock
|move|p1a: Gholdengo|Shadow Ball|p2a: Corviknight
|-damage|p2a: Corviknight|0 fnt
|faint|p2a: Corviknight
|
|upkeep
|
|t:|1756851597
|switch|p2a: Typhlosion|Typhlosion-Hisui, L50, F|100/100
|turn|6
|
|t:|1756851605
|move|p2b: Pawmot|Protect|p2b: Pawmot
|-singleturn|p2b: Pawmot|Protect
|move|p2a: Typhlosion|Shadow Ball|p1a: Gholdengo
|-supereffective|p1a: Gholdengo
|-damage|p1a: Gholdengo|0 fnt
|faint|p1a: Gholdengo
|
|win|capspungo
