|j|☆Oiiiimambo
|j|☆Marauder1
|html|OiiiimamboMarauder1    
|uhtml|bestof|Game 1 of a best-of-3
|t:|1784438358
|gametype|doubles
|player|p1|Oiiiimambo|169|1000
|player|p2|Marauder1|170|1079
|gen|9
|tier|[Gen 9 Champions] VGC 2026 Reg M-B (Bo3)
|rated|
|rule|Species Clause: Limit one of each Pokémon
|rule|Item Clause: Limit 1 of each item
|clearpoke
|poke|p1|Basculegion, L50, M|
|poke|p1|Floette-Eternal, L50, F|
|poke|p1|Garchomp, L50, F|
|poke|p1|Kingambit, L50, F|
|poke|p1|Charizard, L50, F|
|poke|p1|Whimsicott, L50, M|
|poke|p2|Aerodactyl, L50, M|
|poke|p2|Gholdengo, L50|
|poke|p2|Tsareena, L50, F|
|poke|p2|Lopunny, L50, M|
|poke|p2|Basculegion, L50, M|
|poke|p2|Hydreigon, L50, F|
|teampreview|4
|showteam|p1|Basculegion||ChoiceScarf|Adaptability|WaveCrash,FlipTurn,LastRespects,AquaJet|Jolly||M|||50|]Floette-Eternal||Floettite|FlowerVeil|Moonblast,DazzlingGleam,CalmMind,Protect|Modest||F|||50|]Garchomp||SitrusBerry|RoughSkin|DragonClaw,Earthquake,RockSlide,Protect|Jolly||F|||50|]Kingambit||ChopleBerry|Defiant|KowtowCleave,SuckerPunch,IronHead,Protect|Adamant||F|||50|]Charizard||CharizarditeY|Blaze|WeatherBall,SolarBeam,HeatWave,Protect|Modest||F|||50|]Whimsicott||FocusSash|Prankster|Moonblast,Encore,Tailwind,Protect|Timid||M|||50|
|showteam|p2|Aerodactyl||FocusSash|Unnerve|RockSlide,DualWingbeat,Tailwind,Protect|Jolly||M|||50|]Gholdengo||LifeOrb|GoodasGold|MakeItRain,ShadowBall,PowerGem,Protect|Modest|||||50|]Tsareena||CobaBerry|QueenlyMajesty|TropKick,LowKick,Taunt,HelpingHand|Adamant||F|||50|]Lopunny||Lopunnite|Limber|FakeOut,CloseCombat,TripleAxel,Protect|Jolly||M|||50|]Basculegion||MysticWater|Adaptability|WaveCrash,LastRespects,AquaJet,Protect|Adamant||M|||50|]Hydreigon||ChoiceScarf|Levitate|DarkPulse,DracoMeteor,Flamethrower,EarthPower|Modest||F|||50|
|
|t:|1784438384
|teamsize|p1|4
|teamsize|p2|4
|start
|switch|p1a: Charizard|Charizard, L50, F|100/100
|switch|p1b: Garchomp|Garchomp, L50, F|100/100
|switch|p2a: Aerodactyl|Aerodactyl, L50, M|100/100
|switch|p2b: Lopunny|Lopunny, L50, M|100/100
|-ability|p2a: Aerodactyl|Unnerve
|turn|1
|
|t:|1784438412
|detailschange|p2b: Lopunny|Lopunny-Mega, L50, M
|-mega|p2b: Lopunny|Lopunny|Lopunnite
|move|p1a: Charizard|Protect|p1a: Charizard
|-singleturn|p1a: Charizard|Protect
|move|p2b: Lopunny|Triple Axel|p1b: Garchomp
|-supereffective|p1b: Garchomp|2
|-damage|p1b: Garchomp|70/100
|-damage|p2b: Lopunny|88/100|[from] ability: Rough Skin|[of] p1b: Garchomp
|-hitcount|p1b: Garchomp|1
|move|p2a: Aerodactyl|Tailwind|p2a: Aerodactyl
|-sidestart|p2: Marauder1|move: Tailwind
|move|p1b: Garchomp|Rock Slide|p2a: Aerodactyl|[spread] p2a,p2b
|-supereffective|p2a: Aerodactyl|1
|-crit|p2a: Aerodactyl
|-resisted|p2b: Lopunny|1
|-damage|p2a: Aerodactyl|12/100
|-damage|p2b: Lopunny|76/100
|
|upkeep
|turn|2
|
|t:|1784438433
|move|p2b: Lopunny|Triple Axel|p1b: Garchomp
|-supereffective|p1b: Garchomp|2
|-damage|p1b: Garchomp|44/100
|-damage|p2b: Lopunny|64/100|[from] ability: Rough Skin|[of] p1b: Garchomp
|-supereffective|p1b: Garchomp|2
|-damage|p1b: Garchomp|0 fnt
|-damage|p2b: Lopunny|52/100|[from] ability: Rough Skin|[of] p1b: Garchomp
|faint|p1b: Garchomp
|-hitcount|p1: Garchomp|2
|move|p2a: Aerodactyl|Rock Slide|p1a: Charizard
|-supereffective|p1a: Charizard|2
|-damage|p1a: Charizard|0 fnt
|faint|p1a: Charizard
|
|upkeep
|
|t:|1784438447
|switch|p1b: Basculegion|Basculegion, L50, M|100/100
|switch|p1a: Floette|Floette-Eternal, L50, F|100/100
|turn|3
|
|t:|1784438470
|move|p1b: Basculegion|Aqua Jet|p2a: Aerodactyl
|-supereffective|p2a: Aerodactyl|1
|-damage|p2a: Aerodactyl|0 fnt
|faint|p2a: Aerodactyl
|move|p2b: Lopunny|Close Combat|p1b: Basculegion
|-damage|p1b: Basculegion|16/100
|-unboost|p2b: Lopunny|def|1
|-unboost|p2b: Lopunny|spd|1
|move|p1a: Floette|Calm Mind|p1a: Floette
|-boost|p1a: Floette|spa|1
|-boost|p1a: Floette|spd|1
|
|upkeep
|
|t:|1784438490
|switch|p2a: Gholdengo|Gholdengo, L50|100/100
|turn|4
|
|t:|1784438504
|switch|p2b: Tsareena|Tsareena, L50, F|100/100
|detailschange|p1a: Floette|Floette-Mega, L50, F
|-mega|p1a: Floette|Floette|Floettite
|-ability|p1a: Floette|Fairy Aura
|move|p1b: Basculegion|Aqua Jet||[still]
|cant|p2b: Tsareena|ability: Queenly Majesty|Aqua Jet|[of] p1b: Basculegion
|move|p2a: Gholdengo|Make It Rain|p1a: Floette|[spread] p1a,p1b
|-supereffective|p1a: Floette|1
|-resisted|p1b: Basculegion|1
|-damage|p1a: Floette|30/100
|-damage|p1b: Basculegion|0 fnt
|-unboost|p2a: Gholdengo|spa|2
|faint|p1b: Basculegion
|-damage|p2a: Gholdengo|90/100|[from] item: Life Orb
|move|p1a: Floette|Dazzling Gleam|p2a: Gholdengo|[spread] p2a,p2b
|-resisted|p2a: Gholdengo|1
|-damage|p2a: Gholdengo|51/100
|-damage|p2b: Tsareena|21/100
|
|-sideend|p2: Marauder1|move: Tailwind
|upkeep
|turn|5
|
|t:|1784438528
|move|p2a: Gholdengo|Shadow Ball|p1a: Floette
|-damage|p1a: Floette|17/100
|-damage|p2a: Gholdengo|41/100|[from] item: Life Orb
|move|p1a: Floette|Dazzling Gleam|p2b: Tsareena|[spread] p2a,p2b
|-resisted|p2a: Gholdengo|1
|-damage|p2a: Gholdengo|0 fnt
|-damage|p2b: Tsareena|0 fnt
|faint|p2a: Gholdengo
|faint|p2b: Tsareena
|
|upkeep
|
|t:|1784438535
|switch|p2b: Lopunny|Lopunny-Mega, L50, M|52/100
|turn|6
|
|t:|1784438544
|move|p2b: Lopunny|Fake Out|p1a: Floette
|-damage|p1a: Floette|0 fnt
|faint|p1a: Floette
|
|win|Marauder1
||Marauder1 is ready for game 2.
|l|☆Oiiiimambo
|player|p1|
|inactive|Oiiiimambo has 30 seconds to confirm battle start!
|inactive|Oiiiimambo has 20 seconds to confirm battle start!
|inactive|Oiiiimambo has 10 seconds to confirm battle start!
|uhtml|next|Next: Game 2 of 3
