|j|☆leonsunp
|j|☆TheMismatcher
|html|leonsunpTheMismatcher    
|uhtml|bestof|Game 3 of a best-of-3
|t:|1756114760
|gametype|doubles
|player|p1|leonsunp|colress|1178
|player|p2|TheMismatcher|266|1257
|gen|9
|tier|[Gen 9] VGC 2025 Reg H (Bo3)
|rated|
|rule|Species Clause: Limit one of each Pokémon
|rule|Item Clause: Limit 1 of each item
|clearpoke
|poke|p1|Sneasler, L50, M|
|poke|p1|Rillaboom, L50, M|
|poke|p1|Kingambit, L50, M|
|poke|p1|Kilowattrel, L50, M|
|poke|p1|Salamence, L50, F|
|poke|p1|Volcarona, L50, F|
|poke|p2|Pelipper, L50, M|
|poke|p2|Basculegion, L50, M|
|poke|p2|Amoonguss, L50, F|
|poke|p2|Archaludon, L50, F|
|poke|p2|Greninja-*, L50, M|
|poke|p2|Annihilape, L50, F|
|teampreview|4
|showteam|p1|Sneasler||WhiteHerb|Unburden|CloseCombat,DireClaw,ThroatChop,Protect|||M|||50|,,,,,Stellar]Rillaboom||AssaultVest|GrassySurge|WoodHammer,GrassyGlide,HighHorsepower,FakeOut|||M|||50|,,,,,Water]Kingambit||BlackGlasses|Defiant|KowtowCleave,SuckerPunch,SwordsDance,Protect|||M|||50|,,,,,Dark]Kilowattrel||FocusSash|Competitive|Thunderbolt,AirSlash,Electroweb,Protect|||M|||50|,,,,,Electric]Salamence||SafetyGoggles|Intimidate|DualWingbeat,IronHead,Tailwind,Protect|||F|||50|,,,,,Steel]Volcarona||SitrusBerry|FlameBody|HeatWave,TeraBlast,QuiverDance,Protect|||F|||50|,,,,,Fairy
|showteam|p2|Pelipper||FocusSash|Drizzle|WeatherBall,Hurricane,Tailwind,WideGuard|||M|||50|,,,,,Stellar]Basculegion||ChoiceBand|SwiftSwim|WaveCrash,FlipTurn,LastRespects,AquaJet|||M|||50|,,,,,Grass]Amoonguss||SitrusBerry|Regenerator|Spore,RagePowder,PollenPuff,ClearSmog|||F|||50|,,,,,Dark]Archaludon||AssaultVest|Stamina|DragonPulse,FlashCannon,ElectroShot,BodyPress|||F|||50|,,,,,Grass]Greninja||LoadedDice|Torrent|WaterShuriken,Protect,Taunt,RainDance|||M|||50|,,,,,Ghost]Annihilape||ChoiceScarf|Defiant|CloseCombat,RageFist,Uturn,FinalGambit|||F|||50|,,,,,Grass
|inactive|Battle timer is ON: inactive players will automatically lose when time's up. (requested by leonsunp)
|inactive|leonsunp has 60 seconds left.
|inactive|TheMismatcher has 60 seconds left.
|
|t:|1756114815
|teamsize|p1|4
|teamsize|p2|4
|start
|switch|p1a: Kilowattrel|Kilowattrel, L50, M|100/100
|switch|p1b: Volcarona|Volcarona, L50, F|100/100
|switch|p2a: Basculegion|Basculegion, L50, M|100/100
|switch|p2b: Pelipper|Pelipper, L50, M|100/100
|-weather|RainDance|[from] ability: Drizzle|[of] p2b: Pelipper
|turn|1
|inactive|leonsunp has 30 seconds left.
|inactive|TheMismatcher has 30 seconds left.
|inactive|leonsunp has 20 seconds left.
|inactive|TheMismatcher has 20 seconds left.
|inactive|leonsunp has 15 seconds left.
|inactive|TheMismatcher has 15 seconds left.
|inactive|TheMismatcher has 10 seconds left.
|
|t:|1756114862
|switch|p1b: Rillaboom|Rillaboom, L50, M|100/100
|-fieldstart|move: Grassy Terrain|[from] ability: Grassy Surge|[of] p1b: Rillaboom
|move|p2a: Basculegion|Flip Turn|p1a: Kilowattrel
|-enditem|p1a: Kilowattrel|Focus Sash
|-damage|p1a: Kilowattrel|1/100
|
|t:|1756114868
|switch|p2a: Archaludon|Archaludon, L50, F|100/100|[from] Flip Turn
|move|p1a: Kilowattrel|Thunderbolt|p2b: Pelipper
|-supereffective|p2b: Pelipper
|-enditem|p2b: Pelipper|Focus Sash
|-damage|p2b: Pelipper|1/100
|move|p2b: Pelipper|Tailwind|p2b: Pelipper
|-sidestart|p2: TheMismatcher|move: Tailwind
|
|-weather|RainDance|[upkeep]
|upkeep
|turn|2
|inactive|leonsunp has 30 seconds left.
|inactive|TheMismatcher has 30 seconds left.
|inactive|leonsunp has 20 seconds left.
|inactive|TheMismatcher has 20 seconds left.
|
|t:|1756114909
|switch|p2b: Greninja|Greninja, L50, M|100/100
|move|p1b: Rillaboom|Fake Out|p2b: Greninja
|-crit|p2b: Greninja
|-damage|p2b: Greninja|70/100
|move|p2a: Archaludon|Electro Shot||[still]
|-prepare|p2a: Archaludon|Electro Shot
|-boost|p2a: Archaludon|spa|1
|-anim|p2a: Archaludon|Electro Shot|p1a: Kilowattrel
|-damage|p1a: Kilowattrel|0 fnt
|faint|p1a: Kilowattrel
|
|-weather|RainDance|[upkeep]
|-heal|p2b: Greninja|76/100|[from] Grassy Terrain
|upkeep
|
|t:|1756114927
|switch|p1a: Volcarona|Volcarona, L50, F|100/100
|turn|3
|
|t:|1756114951
|-terastallize|p1a: Volcarona|Fairy
|move|p1b: Rillaboom|Grassy Glide|p2b: Greninja
|-supereffective|p2b: Greninja
|-damage|p2b: Greninja|0 fnt
|faint|p2b: Greninja
|move|p2a: Archaludon|Electro Shot||[still]
|-prepare|p2a: Archaludon|Electro Shot
|-boost|p2a: Archaludon|spa|1
|-anim|p2a: Archaludon|Electro Shot|p1a: Volcarona
|-damage|p1a: Volcarona|25/100
|-enditem|p1a: Volcarona|Sitrus Berry|[eat]
|-heal|p1a: Volcarona|50/100|[from] item: Sitrus Berry
|move|p1a: Volcarona|Quiver Dance|p1a: Volcarona
|-boost|p1a: Volcarona|spa|1
|-boost|p1a: Volcarona|spd|1
|-boost|p1a: Volcarona|spe|1
|
|-weather|RainDance|[upkeep]
|-heal|p1a: Volcarona|57/100|[from] Grassy Terrain
|upkeep
|
|t:|1756114957
|switch|p2b: Basculegion|Basculegion, L50, M|100/100
|turn|4
|inactive|leonsunp has 30 seconds left.
|
|t:|1756114990
|-terastallize|p2b: Basculegion|Grass
|move|p1a: Volcarona|Protect|p1a: Volcarona
|-singleturn|p1a: Volcarona|Protect
|move|p2b: Basculegion|Wave Crash|p1a: Volcarona
|-activate|p1a: Volcarona|move: Protect
|move|p2a: Archaludon|Dragon Pulse|p1b: Rillaboom
|-damage|p1b: Rillaboom|37/100
|move|p1b: Rillaboom|Wood Hammer|p2b: Basculegion
|-resisted|p2b: Basculegion
|-damage|p2b: Basculegion|47/100
|-damage|p1b: Rillaboom|20/100|[from] Recoil
|
|-weather|RainDance|[upkeep]
|-heal|p2b: Basculegion|53/100|[from] Grassy Terrain
|-heal|p1a: Volcarona|63/100|[from] Grassy Terrain
|-heal|p1b: Rillaboom|26/100|[from] Grassy Terrain
|-sideend|p2: TheMismatcher|move: Tailwind
|upkeep
|turn|5
|inactive|leonsunp has 30 seconds left.
|inactive|leonsunp has 20 seconds left.
|
|t:|1756115029
|switch|p1a: Kingambit|Kingambit, L50, M|100/100
|move|p1b: Rillaboom|Grassy Glide|p2b: Basculegion
|-resisted|p2b: Basculegion
|-damage|p2b: Basculegion|30/100
|move|p2b: Basculegion|Wave Crash|p1a: Kingambit
|-damage|p1a: Kingambit|0 fnt
|faint|p1a: Kingambit
|-damage|p2b: Basculegion|0 fnt|[from] Recoil
|faint|p2b: Basculegion
|move|p2a: Archaludon|Dragon Pulse|p1b: Rillaboom
|-damage|p1b: Rillaboom|0 fnt
|faint|p1b: Rillaboom
|
|-weather|none
|-fieldend|move: Grassy Terrain
|upkeep
|
|t:|1756115048
|switch|p2b: Pelipper|Pelipper, L50, M|1/100
|switch|p1b: Volcarona|Volcarona, L50, F, tera:Fairy|63/100
|-weather|RainDance|[from] ability: Drizzle|[of] p2b: Pelipper
|turn|6
|
|t:|1756115055
|move|p1b: Volcarona|Heat Wave|p2b: Pelipper|[spread] p2a,p2b
|-resisted|p2b: Pelipper
|-damage|p2a: Archaludon|90/100
|-damage|p2b: Pelipper|0 fnt
|-ability|p2a: Archaludon|Stamina|boost
|-boost|p2a: Archaludon|def|1
|faint|p2b: Pelipper
|move|p2a: Archaludon|Flash Cannon|p1b: Volcarona
|-supereffective|p1b: Volcarona
|-damage|p1b: Volcarona|0 fnt
|faint|p1b: Volcarona
|
|win|TheMismatcher
|raw|leonsunp's rating: 1178 → 1159(-19 for losing)
|raw|TheMismatcher's rating: 1257 → 1276(+19 for winning)
|l|☆leonsunp
|player|p1|
