|j|☆randomguy1114s
|j|☆five_loko_gold
|html|randomguy1114sfive_loko_gold    
|uhtml|bestof|Game 1 of a best-of-3
|t:|1756245175
|gametype|doubles
|player|p1|randomguy1114s|lillie-masters|1112
|player|p2|five_loko_gold|102|1092
|gen|9
|tier|[Gen 9] VGC 2025 Reg H (Bo3)
|rated|
|rule|Species Clause: Limit one of each Pokémon
|rule|Item Clause: Limit 1 of each item
|clearpoke
|poke|p1|Volcarona, L50, F|
|poke|p1|Rillaboom, L50, F|
|poke|p1|Incineroar, L50, F|
|poke|p1|Sneasler, L50, F|
|poke|p1|Clefairy, L50, F|
|poke|p1|Torkoal, L50, M|
|poke|p2|Rillaboom, L50, F|
|poke|p2|Sneasler, L50, F|
|poke|p2|Dragonite, L50, F|
|poke|p2|Electabuzz, L50, F|
|poke|p2|Volcarona, L50, M|
|poke|p2|Kingambit, L50, F|
|teampreview|4
|showteam|p1|Volcarona||GrassySeed|FlameBody|QuiverDance,FieryDance,GigaDrain,Protect|||F|||50|,,,,,Grass]Rillaboom||AssaultVest|GrassySurge|FakeOut,GrassyGlide,WoodHammer,Uturn|||F|||50|,,,,,Fire]Incineroar||SafetyGoggles|Intimidate|FlareBlitz,KnockOff,FakeOut,PartingShot|||F|||50|,,,,,Ghost]Sneasler||FocusSash|Unburden|CloseCombat,DireClaw,ThroatChop,Protect|||F|||50|,,,,,Dark]Clefairy||Eviolite|FriendGuard|FollowMe,LifeDew,HelpingHand,Protect|||F|||50|,,,,,Water]Torkoal||EjectPack|Drought|Eruption,Overheat,HelpingHand,Protect|||M|||50|,,,,,Fire
|showteam|p2|Rillaboom||MiracleSeed|GrassySurge|WoodHammer,GrassyGlide,HighHorsepower,FakeOut|||F|||50|,,,,,Fire]Sneasler||FocusSash|Unburden|CloseCombat,DireClaw,Coaching,Protect|||F|||50|,,,,,Stellar]Dragonite||LoadedDice|Multiscale|ScaleShot,Haze,ExtremeSpeed,Protect|||F|||50|,,,,,Fairy]Electabuzz||Eviolite|VitalSpirit|Electroweb,FollowMe,Thunderbolt,Protect|||F|||50|,,,,,Ghost]Volcarona||Leftovers|FlameBody|Protect,HeatWave,TeraBlast,QuiverDance|||M|||50|,,,,,Fairy]Kingambit||AssaultVest|Defiant|KowtowCleave,LowKick,TeraBlast,SuckerPunch|||F|||50|,,,,,Flying
|inactive|Battle timer is ON: inactive players will automatically lose when time's up. (requested by five_loko_gold)
|
|t:|1756245216
|teamsize|p1|4
|teamsize|p2|4
|start
|switch|p1a: monkeh|Rillaboom, L50, F, shiny|100/100
|switch|p1b: Volcarona|Volcarona, L50, F, shiny|100/100
|switch|p2a: Rillaboom|Rillaboom, L50, F|100/100
|switch|p2b: Volcarona|Volcarona, L50, M, shiny|100/100
|-fieldstart|move: Grassy Terrain|[from] ability: Grassy Surge|[of] p1a: monkeh
|-enditem|p1b: Volcarona|Grassy Seed
|-boost|p1b: Volcarona|def|1|[from] item: Grassy Seed
|turn|1
|inactive|five_loko_gold has 30 seconds left.
|
|t:|1756245247
|move|p1a: monkeh|Fake Out|p2b: Volcarona
|-damage|p2b: Volcarona|83/100
|move|p2a: Rillaboom|Fake Out|p1b: Volcarona
|-damage|p1b: Volcarona|87/100
|-status|p2a: Rillaboom|brn|[from] ability: Flame Body|[of] p1b: Volcarona
|cant|p1b: Volcarona|flinch
|cant|p2b: Volcarona|flinch
|
|-heal|p1b: Volcarona|93/100|[from] Grassy Terrain
|-heal|p2b: Volcarona|90/100|[from] Grassy Terrain
|-heal|p2b: Volcarona|96/100|[from] item: Leftovers
|-damage|p2a: Rillaboom|95/100 brn|[from] brn
|upkeep
|turn|2
|inactive|randomguy1114s has 30 seconds left.
|
|t:|1756245273
|-terastallize|p2a: Rillaboom|Fire
|move|p1b: Volcarona|Quiver Dance|p1b: Volcarona
|-boost|p1b: Volcarona|spa|1
|-boost|p1b: Volcarona|spd|1
|-boost|p1b: Volcarona|spe|1
|move|p2b: Volcarona|Quiver Dance|p2b: Volcarona
|-boost|p2b: Volcarona|spa|1
|-boost|p2b: Volcarona|spd|1
|-boost|p2b: Volcarona|spe|1
|move|p1a: monkeh|U-turn|p2a: Rillaboom
|-resisted|p2a: Rillaboom
|-damage|p2a: Rillaboom|84/100 brn
|
|t:|1756245283
|switch|p1a: Incineroar|Incineroar, L50, F, shiny|100/100|[from] U-turn
|-ability|p1a: Incineroar|Intimidate|boost
|-unboost|p2a: Rillaboom|atk|1
|-unboost|p2b: Volcarona|atk|1
|move|p2a: Rillaboom|High Horsepower|p1b: Volcarona
|-damage|p1b: Volcarona|83/100
|
|-heal|p1b: Volcarona|89/100|[from] Grassy Terrain
|-heal|p2b: Volcarona|100/100|[from] Grassy Terrain
|-heal|p2a: Rillaboom|89/100 brn|[from] Grassy Terrain
|-damage|p2a: Rillaboom|84/100 brn|[from] brn
|upkeep
|turn|3
|
|t:|1756245306
|switch|p2a: Electabuzz|Electabuzz, L50, F|100/100
|move|p2b: Volcarona|Protect|p2b: Volcarona
|-singleturn|p2b: Volcarona|Protect
|move|p1a: Incineroar|Fake Out|p2b: Volcarona
|-activate|p2b: Volcarona|move: Protect
|move|p1b: Volcarona|Quiver Dance|p1b: Volcarona
|-boost|p1b: Volcarona|spa|1
|-boost|p1b: Volcarona|spd|1
|-boost|p1b: Volcarona|spe|1
|
|-heal|p1b: Volcarona|95/100|[from] Grassy Terrain
|upkeep
|turn|4
|
|t:|1756245327
|move|p2a: Electabuzz|Follow Me|p2a: Electabuzz
|-singleturn|p2a: Electabuzz|move: Follow Me
|move|p1b: Volcarona|Quiver Dance|p1b: Volcarona
|-boost|p1b: Volcarona|spa|1
|-boost|p1b: Volcarona|spd|1
|-boost|p1b: Volcarona|spe|1
|move|p2b: Volcarona|Quiver Dance|p2b: Volcarona
|-boost|p2b: Volcarona|spa|1
|-boost|p2b: Volcarona|spd|1
|-boost|p2b: Volcarona|spe|1
|move|p1a: Incineroar|Parting Shot|p2a: Electabuzz
|-unboost|p2a: Electabuzz|atk|1
|-unboost|p2a: Electabuzz|spa|1
|
|t:|1756245346
|switch|p1a: monkeh|Rillaboom, L50, F, shiny|100/100|[from] Parting Shot
|
|-heal|p1b: Volcarona|100/100|[from] Grassy Terrain
|upkeep
|turn|5
|
|t:|1756245354
|move|p2b: Volcarona|Protect|p2b: Volcarona
|-singleturn|p2b: Volcarona|Protect
|move|p1a: monkeh|Fake Out|p2b: Volcarona
|-activate|p2b: Volcarona|move: Protect
|move|p1b: Volcarona|Quiver Dance|p1b: Volcarona
|-boost|p1b: Volcarona|spa|1
|-boost|p1b: Volcarona|spd|1
|-boost|p1b: Volcarona|spe|1
|move|p2a: Electabuzz|Electroweb|p1b: Volcarona|[spread] p1a,p1b
|-resisted|p1a: monkeh
|-damage|p1a: monkeh|97/100
|-damage|p1b: Volcarona|97/100
|-unboost|p1a: monkeh|spe|1
|-unboost|p1b: Volcarona|spe|1
|
|-heal|p1b: Volcarona|100/100|[from] Grassy Terrain
|-heal|p1a: monkeh|100/100|[from] Grassy Terrain
|-fieldend|move: Grassy Terrain
|upkeep
|turn|6
|
|t:|1756245378
|switch|p1a: Incineroar|Incineroar, L50, F, shiny|100/100
|-ability|p1a: Incineroar|Intimidate|boost
|-unboost|p2a: Electabuzz|atk|1
|-unboost|p2b: Volcarona|atk|1
|move|p1b: Volcarona|Quiver Dance|p1b: Volcarona
|-boost|p1b: Volcarona|spa|1
|-boost|p1b: Volcarona|spd|1
|-boost|p1b: Volcarona|spe|1
|move|p2b: Volcarona|Quiver Dance|p2b: Volcarona
|-boost|p2b: Volcarona|spa|1
|-boost|p2b: Volcarona|spd|1
|-boost|p2b: Volcarona|spe|1
|move|p2a: Electabuzz|Electroweb|p1b: Volcarona|[spread] p1a,p1b
|-damage|p1a: Incineroar|92/100
|-damage|p1b: Volcarona|98/100
|-unboost|p1a: Incineroar|spe|1
|-unboost|p1b: Volcarona|spe|1
|
|upkeep
|turn|7
|
|t:|1756245398
|move|p2b: Volcarona|Protect|p2b: Volcarona
|-singleturn|p2b: Volcarona|Protect
|move|p1a: Incineroar|Fake Out|p2b: Volcarona
|-activate|p2b: Volcarona|move: Protect
|move|p1b: Volcarona|Quiver Dance|p1b: Volcarona
|-boost|p1b: Volcarona|spa|1
|-boost|p1b: Volcarona|spd|1
|-boost|p1b: Volcarona|spe|1
|move|p2a: Electabuzz|Electroweb|p1b: Volcarona|[spread] p1a,p1b
|-damage|p1a: Incineroar|83/100
|-damage|p1b: Volcarona|96/100
|-unboost|p1a: Incineroar|spe|1
|-unboost|p1b: Volcarona|spe|1
|
|upkeep
|turn|8
|
|t:|1756245415
|move|p2a: Electabuzz|Follow Me|p2a: Electabuzz
|-singleturn|p2a: Electabuzz|move: Follow Me
|move|p1b: Volcarona|Fiery Dance|p2a: Electabuzz
|-damage|p2a: Electabuzz|0 fnt
|faint|p2a: Electabuzz
|move|p2b: Volcarona|Quiver Dance|p2b: Volcarona
|-boost|p2b: Volcarona|spa|1
|-boost|p2b: Volcarona|spd|1
|-boost|p2b: Volcarona|spe|1
|move|p1a: Incineroar|Parting Shot|p2b: Volcarona
|-unboost|p2b: Volcarona|atk|1
|-unboost|p2b: Volcarona|spa|1
|
|t:|1756245428
|switch|p1a: monkeh|Rillaboom, L50, F, shiny|100/100|[from] Parting Shot
|-fieldstart|move: Grassy Terrain|[from] ability: Grassy Surge|[of] p1a: monkeh
|
|-heal|p1b: Volcarona|100/100|[from] Grassy Terrain
|upkeep
|
|t:|1756245439
|switch|p2a: Rillaboom|Rillaboom, L50, F, tera:Fire|84/100 brn
|turn|9
|
|t:|1756245446
|move|p2b: Volcarona|Protect|p2b: Volcarona
|-singleturn|p2b: Volcarona|Protect
|move|p1a: monkeh|Fake Out|p2a: Rillaboom
|-damage|p2a: Rillaboom|70/100 brn
|move|p1b: Volcarona|Fiery Dance|p2b: Volcarona
|-activate|p2b: Volcarona|move: Protect
|cant|p2a: Rillaboom|flinch
|
|-heal|p2a: Rillaboom|76/100 brn|[from] Grassy Terrain
|-damage|p2a: Rillaboom|70/100 brn|[from] brn
|upkeep
|turn|10
|
|t:|1756245465
|-terastallize|p1a: monkeh|Fire
|move|p2b: Volcarona|Heat Wave|p1a: monkeh|[spread] p1a,p1b
|-resisted|p1a: monkeh
|-damage|p1a: monkeh|69/100
|-damage|p1b: Volcarona|79/100
|move|p1b: Volcarona|Fiery Dance|p2b: Volcarona
|-damage|p2b: Volcarona|54/100
|move|p1a: monkeh|U-turn|p2b: Volcarona
|-resisted|p2b: Volcarona
|-damage|p2b: Volcarona|40/100
|inactive|randomguy1114s has 30 seconds left.
|
|t:|1756245490
|switch|p1a: Incineroar|Incineroar, L50, F, shiny|83/100|[from] U-turn
|-ability|p1a: Incineroar|Intimidate|boost
|-unboost|p2a: Rillaboom|atk|1
|-unboost|p2b: Volcarona|atk|1
|move|p2a: Rillaboom|High Horsepower|p1b: Volcarona
|-damage|p1b: Volcarona|70/100
|
|-heal|p2b: Volcarona|46/100|[from] Grassy Terrain
|-heal|p2b: Volcarona|52/100|[from] item: Leftovers
|-heal|p1b: Volcarona|76/100|[from] Grassy Terrain
|-heal|p2a: Rillaboom|76/100 brn|[from] Grassy Terrain
|-heal|p1a: Incineroar|89/100|[from] Grassy Terrain
|-damage|p2a: Rillaboom|70/100 brn|[from] brn
|upkeep
|turn|11
|
|t:|1756245510
|move|p2b: Volcarona|Protect|p2b: Volcarona
|-singleturn|p2b: Volcarona|Protect
|move|p1a: Incineroar|Fake Out|p2a: Rillaboom
|-crit|p2a: Rillaboom
|-damage|p2a: Rillaboom|54/100 brn
|move|p1b: Volcarona|Giga Drain|p2a: Rillaboom
|-resisted|p2a: Rillaboom
|-damage|p2a: Rillaboom|0 fnt
|-heal|p1b: Volcarona|100/100|[from] drain|[of] p2a: Rillaboom
|faint|p2a: Rillaboom
|
|-heal|p2b: Volcarona|58/100|[from] Grassy Terrain
|-heal|p2b: Volcarona|65/100|[from] item: Leftovers
|-heal|p1a: Incineroar|95/100|[from] Grassy Terrain
|upkeep
|
|t:|1756245526
|switch|p2a: Sneasler|Sneasler, L50, F|100/100
|turn|12
|
|t:|1756245548
|switch|p1a: Clefairy|Clefairy, L50, F|100/100
|move|p1b: Volcarona|Protect|p1b: Volcarona
|-singleturn|p1b: Volcarona|Protect
|move|p2b: Volcarona|Tera Blast|p1a: Clefairy
|-damage|p1a: Clefairy|40/100
|move|p2a: Sneasler|Dire Claw|p1b: Volcarona
|-activate|p1b: Volcarona|move: Protect
|
|-heal|p2b: Volcarona|71/100|[from] Grassy Terrain
|-heal|p2b: Volcarona|77/100|[from] item: Leftovers
|-heal|p1a: Clefairy|47/100|[from] Grassy Terrain
|-fieldend|move: Grassy Terrain
|upkeep
|turn|13
|inactive|randomguy1114s has 30 seconds left.
|inactive|five_loko_gold has 30 seconds left.
|inactive|five_loko_gold has 20 seconds left.
|
|t:|1756245586
|move|p1a: Clefairy|Helping Hand|p1b: Volcarona
|-singleturn|p1b: Volcarona|Helping Hand|[of] p1a: Clefairy
|move|p2b: Volcarona|Heat Wave|p1a: Clefairy|[spread] p1a,p1b
|-damage|p1a: Clefairy|0 fnt
|-damage|p1b: Volcarona|85/100
|faint|p1a: Clefairy
|move|p1b: Volcarona|Fiery Dance|p2b: Volcarona
|-crit|p2b: Volcarona
|-damage|p2b: Volcarona|0 fnt
|faint|p2b: Volcarona
|move|p2a: Sneasler|Dire Claw|p1b: Volcarona
|-damage|p1b: Volcarona|47/100
|-status|p1b: Volcarona|slp
|-status|p2a: Sneasler|brn|[from] ability: Flame Body|[of] p1b: Volcarona
|
|-damage|p2a: Sneasler|95/100 brn|[from] brn
|upkeep
|
|t:|1756245597
|switch|p1a: Incineroar|Incineroar, L50, F, shiny|95/100
|-ability|p1a: Incineroar|Intimidate|boost
|-unboost|p2a: Sneasler|atk|1
|turn|14
|
|t:|1756245604
|move|p2a: Sneasler|Protect|p2a: Sneasler
|-singleturn|p2a: Sneasler|Protect
|move|p1a: Incineroar|Fake Out|p2a: Sneasler
|-activate|p2a: Sneasler|move: Protect
|cant|p1b: Volcarona|slp
|
|-damage|p2a: Sneasler|89/100 brn|[from] brn
|upkeep
|turn|15
|
|t:|1756245616
|-curestatus|p1b: Volcarona|slp|[msg]
|move|p1b: Volcarona|Fiery Dance|p2a: Sneasler
|-damage|p2a: Sneasler|0 fnt
|faint|p2a: Sneasler
|
|win|randomguy1114s
||five_loko_gold is ready for game 2.
