|j|☆Baronismo
|j|☆raksbach
|html|Baronismoraksbach    
|uhtml|bestof|Game 3 of a best-of-3
|t:|1784195034
|gametype|doubles
|player|p1|Baronismo|depotagent|1333
|player|p2|raksbach|266|1308
|gen|9
|tier|[Gen 9 Champions] VGC 2026 Reg M-B (Bo3)
|rated|
|rule|Species Clause: Limit one of each Pokémon
|rule|Item Clause: Limit 1 of each item
|clearpoke
|poke|p1|Gardevoir, L50, M|
|poke|p1|Maushold, L50|
|poke|p1|Talonflame, L50, M|
|poke|p1|Kommo-o, L50, M|
|poke|p1|Basculegion, L50, M|
|poke|p1|Kingambit, L50, F|
|poke|p2|Incineroar, L50, F|
|poke|p2|Maushold, L50|
|poke|p2|Sinistcha, L50|
|poke|p2|Sneasler, L50, M|
|poke|p2|Blastoise, L50, F|
|poke|p2|Delphox, L50, F|
|teampreview|4
|showteam|p1|Gardevoir||Gardevoirite|Trace|HyperVoice,Psyshock,VacuumWave,Protect|Modest||M|||50|]Maushold||FocusSash|FriendGuard|SuperFang,FollowMe,Feint,Protect|Jolly|||||50|]Talonflame||SharpBeak|GaleWings|BraveBird,FlareBlitz,Tailwind,Protect|Jolly||M|||50|]Kommo-o||LifeOrb|Soundproof|DracoMeteor,ClangingScales,FocusBlast,Protect|Timid||M|||50|]Basculegion||ChoiceScarf|Adaptability|WaveCrash,LastRespects,AquaJet,FlipTurn|Jolly||M|||50|]Kingambit||BlackGlasses|Defiant|KowtowCleave,IronHead,SuckerPunch,Protect|Adamant||F|||50|
|showteam|p2|Incineroar||SitrusBerry|Intimidate|FakeOut,FlareBlitz,DarkestLariat,PartingShot|Impish||F|||50|]Maushold||ChopleBerry|FriendGuard|SuperFang,FollowMe,Protect,Feint|Impish|||||50|]Sinistcha||OccaBerry|Hospitality|MatchaGotcha,LifeDew,RagePowder,Protect|Bold|||||50|]Sneasler||FocusSash|PoisonTouch|FakeOut,CloseCombat,DireClaw,QuickGuard|Jolly||M|||50|]Blastoise||Blastoisinite|Torrent|WaterSpout,DarkPulse,ShellSmash,Protect|Modest||F|||50|]Delphox||Delphoxite|Blaze|HeatWave,Psychic,NastyPlot,Protect|Timid||F|||50|
|inactive|Battle timer is ON: inactive players will automatically lose when time's up. (requested by raksbach)
|
|t:|1784195056
|teamsize|p1|4
|teamsize|p2|4
|start
|switch|p1a: Talonflame|Talonflame, L50, M|100/100
|switch|p1b: Kommo-o|Kommo-o, L50, M|100/100
|switch|p2a: Incineroar|Incineroar, L50, F|100/100
|switch|p2b: Delphox|Delphox, L50, F|100/100
|-ability|p2a: Incineroar|Intimidate|boost
|-unboost|p1a: Talonflame|atk|1
|-unboost|p1b: Kommo-o|atk|1
|turn|1
|inactive|raksbach has 30 seconds left.
|
|t:|1784195084
|switch|p1a: Basculegion|Basculegion, L50, M|100/100
|detailschange|p2b: Delphox|Delphox-Mega, L50, F
|-mega|p2b: Delphox|Delphox|Delphoxite
|move|p2a: Incineroar|Fake Out|p1b: Kommo-o
|-crit|p1b: Kommo-o
|-damage|p1b: Kommo-o|84/100
|move|p2b: Delphox|Nasty Plot|p2b: Delphox
|-boost|p2b: Delphox|spa|2
|cant|p1b: Kommo-o|flinch
|
|upkeep
|turn|2
|
|t:|1784195104
|switch|p1b: Talonflame|Talonflame, L50, M|100/100
|move|p2b: Delphox|Protect|p2b: Delphox
|-singleturn|p2b: Delphox|Protect
|move|p1a: Basculegion|Wave Crash|p2b: Delphox
|-activate|p2b: Delphox|move: Protect
|move|p2a: Incineroar|Parting Shot|p1a: Basculegion
|-unboost|p1a: Basculegion|atk|1
|-unboost|p1a: Basculegion|spa|1
|
|t:|1784195113
|switch|p2a: Sinistcha|Sinistcha, L50|100/100|[from] Parting Shot
|
|upkeep
|turn|3
|inactive|raksbach has 30 seconds left.
|
|t:|1784195145
|switch|p2a: Incineroar|Incineroar, L50, F|100/100
|-ability|p2a: Incineroar|Intimidate|boost
|-unboost|p1a: Basculegion|atk|1
|-unboost|p1b: Talonflame|atk|1
|move|p1b: Talonflame|Brave Bird|p2b: Delphox
|-damage|p2b: Delphox|55/100
|-damage|p1b: Talonflame|84/100|[from] Recoil
|move|p1a: Basculegion|Wave Crash|p2b: Delphox
|-supereffective|p2b: Delphox|1
|-damage|p2b: Delphox|0 fnt
|faint|p2b: Delphox
|-damage|p1a: Basculegion|84/100|[from] Recoil
|
|upkeep
|
|t:|1784195161
|switch|p2b: Sinistcha|Sinistcha, L50|100/100
|turn|4
|
|t:|1784195170
|switch|p1a: Kommo-o|Kommo-o, L50, M|84/100
|move|p1b: Talonflame|Protect|p1b: Talonflame
|-singleturn|p1b: Talonflame|Protect
|move|p2b: Sinistcha|Matcha Gotcha|p1b: Talonflame|[spread] p1a
|-activate|p1b: Talonflame|move: Protect
|-resisted|p1a: Kommo-o|1
|-damage|p1a: Kommo-o|70/100
|move|p2a: Incineroar|Darkest Lariat|p1a: Kommo-o
|-resisted|p1a: Kommo-o|1
|-damage|p1a: Kommo-o|54/100
|
|upkeep
|turn|5
|
|t:|1784195193
|move|p1b: Talonflame|Brave Bird|p2b: Sinistcha
|-supereffective|p2b: Sinistcha|1
|-damage|p2b: Sinistcha|41/100
|-damage|p1b: Talonflame|62/100|[from] Recoil
|move|p1a: Kommo-o|Focus Blast|p2a: Incineroar
|-supereffective|p2a: Incineroar|1
|-damage|p2a: Incineroar|0 fnt
|faint|p2a: Incineroar
|-damage|p1a: Kommo-o|44/100|[from] item: Life Orb
|move|p2b: Sinistcha|Matcha Gotcha|p1a: Kommo-o|[spread] p1a,p1b
|-resisted|p1a: Kommo-o|1
|-resisted|p1b: Talonflame|2
|-damage|p1a: Kommo-o|31/100
|-heal|p2b: Sinistcha|47/100|[from] drain|[of] p1a: Kommo-o
|-damage|p1b: Talonflame|54/100
|-heal|p2b: Sinistcha|51/100|[from] drain|[of] p1b: Talonflame
|
|upkeep
|
|t:|1784195209
|switch|p2a: Sneasler|Sneasler, L50, M|100/100
|turn|6
|
|t:|1784195227
|move|p1a: Kommo-o|Protect|p1a: Kommo-o
|-singleturn|p1a: Kommo-o|Protect
|move|p1b: Talonflame|Tailwind|p1b: Talonflame
|-sidestart|p1: Baronismo|move: Tailwind
|move|p2a: Sneasler|Dire Claw|p1a: Kommo-o
|-activate|p1a: Kommo-o|move: Protect
|move|p2b: Sinistcha|Matcha Gotcha|p1a: Kommo-o|[spread] 
|-activate|p1a: Kommo-o|move: Protect
|-miss|p2b: Sinistcha|p1b: Talonflame
|
|upkeep
|turn|7
|-message|raksbach forfeited.
|
|win|Baronismo
|raw|Baronismo's rating: 1333 → 1352(+19 for winning)
|raw|raksbach's rating: 1308 → 1289(-19 for losing)
