|j|☆eklyst
|j|☆FatLittleChuddy
|html|eklystFatLittleChuddy    
|uhtml|bestof|Game 2 of a best-of-3
|t:|1785322611
|gametype|doubles
|player|p1|eklyst|pokemaniac|1182
|player|p2|FatLittleChuddy|1|1208
|gen|9
|tier|[Gen 9 Champions] VGC 2026 Reg M-B (Bo3)
|rated|
|rule|Species Clause: Limit one of each Pokémon
|rule|Item Clause: Limit 1 of each item
|clearpoke
|poke|p1|Metagross, L50|
|poke|p1|Floette-Eternal, L50, F|
|poke|p1|Garchomp, L50, M|
|poke|p1|Aerodactyl, L50, M|
|poke|p1|Sinistcha, L50|
|poke|p1|Incineroar, L50, F|
|poke|p2|Annihilape, L50, M|
|poke|p2|Charizard, L50, F|
|poke|p2|Toxapex, L50, M|
|poke|p2|Metagross, L50|
|poke|p2|Incineroar, L50, M|
|poke|p2|Hydreigon, L50, F|
|teampreview|4
|showteam|p1|Metagross||Metagrossite|ClearBody|PsychicFangs,IronHead,BulletPunch,Protect|Adamant|||||50|]Floette-Eternal||Floettite|FlowerVeil|DazzlingGleam,Moonblast,CalmMind,Protect|Modest||F|||50|]Garchomp||LifeOrb|RoughSkin|RockSlide,StompingTantrum,DragonClaw,Protect|Jolly||M|||50|]Aerodactyl||FocusSash|Unnerve|RockSlide,DualWingbeat,Tailwind,Protect|Jolly||M|||50|]Sinistcha||KasibBerry|Hospitality|MatchaGotcha,TrickRoom,RagePowder,Protect|Relaxed|||||50|]Incineroar||SitrusBerry|Intimidate|FakeOut,FlareBlitz,ThroatChop,PartingShot|Adamant||F|||50|
|showteam|p2|Annihilape||FocusSash|Defiant|PhantomForce,CloseCombat,Protect,RockTomb|Adamant||M|||50|]Charizard||CharizarditeY|Blaze|HeatWave,Protect,SolarBeam,WeatherBall|Modest||F|||50|]Toxapex||Leftovers|Regenerator|Toxic,Infestation,BanefulBunker,WideGuard|Bold||M|||50|]Metagross||Metagrossite|ClearBody|BulletPunch,PsychicFangs,StompingTantrum,Protect|Jolly|||||50|]Incineroar||SitrusBerry|Intimidate|FlareBlitz,ThroatChop,FakeOut,PartingShot|Impish||M|||50|]Hydreigon||ChoiceScarf|Levitate|DarkPulse,HeatWave,Snarl,DracoMeteor|Modest||F|||50|
|inactive|Battle timer is ON: inactive players will automatically lose when time's up. (requested by eklyst)
|inactive|FatLittleChuddy has 60 seconds left.
|
|t:|1785322660
|teamsize|p1|4
|teamsize|p2|4
|start
|switch|p1a: Aerodactyl|Aerodactyl, L50, M|100/100
|switch|p1b: Metagross|Metagross, L50|100/100
|switch|p2a: Metagross|Metagross, L50|100/100
|switch|p2b: Annihilape|Annihilape, L50, M|100/100
|-ability|p1a: Aerodactyl|Unnerve
|turn|1
|
|t:|1785322679
|switch|p2a: Hydreigon|Hydreigon, L50, F|100/100
|detailschange|p1b: Metagross|Metagross-Mega, L50
|-mega|p1b: Metagross|Metagross|Metagrossite
|move|p1a: Aerodactyl|Tailwind|p1a: Aerodactyl
|-sidestart|p1: eklyst|move: Tailwind
|move|p1b: Metagross|Psychic Fangs|p2b: Annihilape
|-supereffective|p2b: Annihilape|1
|-enditem|p2b: Annihilape|Focus Sash
|-damage|p2b: Annihilape|1/100
|move|p2b: Annihilape|Rock Tomb|p1a: Aerodactyl
|-supereffective|p1a: Aerodactyl|1
|-damage|p1a: Aerodactyl|27/100
|-unboost|p1a: Aerodactyl|spe|1
|
|upkeep
|turn|2
|
|t:|1785322700
|switch|p1b: Incineroar|Incineroar, L50, F|100/100
|-ability|p1b: Incineroar|Intimidate|boost
|-unboost|p2a: Hydreigon|atk|1
|-unboost|p2b: Annihilape|atk|1
|-ability|p2b: Annihilape|Defiant|boost
|-boost|p2b: Annihilape|atk|2
|switch|p2b: Metagross|Metagross, L50|100/100
|move|p1a: Aerodactyl|Rock Slide|p2b: Metagross|[spread] p2a,p2b
|-resisted|p2b: Metagross|1
|-damage|p2a: Hydreigon|73/100
|-damage|p2b: Metagross|88/100
|cant|p2a: Hydreigon|flinch
|
|upkeep
|turn|3
|
|t:|1785322720
|switch|p1a: Garchomp|Garchomp, L50, M|100/100
|switch|p2a: Incineroar|Incineroar, L50, M|100/100
|-ability|p2a: Incineroar|Intimidate|boost
|-unboost|p1a: Garchomp|atk|1
|-unboost|p1b: Incineroar|atk|1
|detailschange|p2b: Metagross|Metagross-Mega, L50
|-mega|p2b: Metagross|Metagross|Metagrossite
|move|p2b: Metagross|Stomping Tantrum|p1b: Incineroar
|-supereffective|p1b: Incineroar|1
|-damage|p1b: Incineroar|22/100
|-enditem|p1b: Incineroar|Sitrus Berry|[eat]
|-heal|p1b: Incineroar|47/100|[from] item: Sitrus Berry
|move|p1b: Incineroar|Flare Blitz|p2b: Metagross
|-supereffective|p2b: Metagross|1
|-damage|p2b: Metagross|29/100
|-status|p2b: Metagross|brn
|-damage|p1b: Incineroar|31/100|[from] Recoil
|
|-damage|p2b: Metagross|23/100 brn|[from] brn
|upkeep
|turn|4
|
|t:|1785322743
|move|p2a: Incineroar|Fake Out|p1a: Garchomp
|-damage|p1a: Garchomp|89/100
|-damage|p2a: Incineroar|87/100|[from] ability: Rough Skin|[of] p1a: Garchomp
|cant|p1a: Garchomp|flinch
|move|p2b: Metagross|Stomping Tantrum|p1b: Incineroar
|-supereffective|p1b: Incineroar|1
|-damage|p1b: Incineroar|0 fnt
|faint|p1b: Incineroar
|
|-damage|p2b: Metagross|17/100 brn|[from] brn
|-sideend|p1: eklyst|move: Tailwind
|upkeep
|
|t:|1785322752
|switch|p1b: Aerodactyl|Aerodactyl, L50, M|27/100
|-ability|p1b: Aerodactyl|Unnerve
|turn|5
|
|t:|1785322758
|switch|p2a: Hydreigon|Hydreigon, L50, F|73/100
|move|p2b: Metagross|Bullet Punch|p1b: Aerodactyl
|-supereffective|p1b: Aerodactyl|1
|-damage|p1b: Aerodactyl|0 fnt
|faint|p1b: Aerodactyl
|move|p1a: Garchomp|Stomping Tantrum|p2a: Hydreigon
|-immune|p2a: Hydreigon|[from] ability: Levitate
|
|-damage|p2b: Metagross|11/100 brn|[from] brn
|upkeep
|
|t:|1785322764
|switch|p1b: Metagross|Metagross-Mega, L50|100/100
|turn|6
|
|t:|1785322770
|switch|p2b: Incineroar|Incineroar, L50, M|87/100
|-ability|p2b: Incineroar|Intimidate|boost
|-unboost|p1a: Garchomp|atk|1
|-unboost|p1b: Metagross|atk|1
|move|p1b: Metagross|Protect|p1b: Metagross
|-singleturn|p1b: Metagross|Protect
|move|p2a: Hydreigon|Draco Meteor|p1a: Garchomp
|-supereffective|p1a: Garchomp|1
|-damage|p1a: Garchomp|0 fnt
|-unboost|p2a: Hydreigon|spa|2
|faint|p1a: Garchomp
|
|upkeep
|turn|7
|
|t:|1785322783
|switch|p2a: Annihilape|Annihilape, L50, M|1/100
|move|p1b: Metagross|Iron Head|p2a: Annihilape
|-damage|p2a: Annihilape|0 fnt
|faint|p2a: Annihilape
|move|p2b: Incineroar|Flare Blitz|p1b: Metagross
|-supereffective|p1b: Metagross|1
|-damage|p1b: Metagross|32/100
|-damage|p2b: Incineroar|68/100|[from] Recoil
|
|upkeep
|
|t:|1785322787
|switch|p2a: Hydreigon|Hydreigon, L50, F|73/100
|turn|8
|
|t:|1785322792
|move|p1b: Metagross|Bullet Punch|p2a: Hydreigon
|-damage|p2a: Hydreigon|50/100g
|move|p2a: Hydreigon|Dark Pulse|p1b: Metagross
|-supereffective|p1b: Metagross|1
|-damage|p1b: Metagross|0 fnt
|faint|p1b: Metagross
|
|win|FatLittleChuddy
|raw|eklyst's rating: 1182 → 1159(-23 for losing)
|raw|FatLittleChuddy's rating: 1208 → 1231(+23 for winning)
|l|☆FatLittleChuddy
|player|p2|
