|j|☆edwarthdf
|j|☆chamoy-pt2
|html|edwarthdfchamoy-pt2    
|uhtml|bestof|Game 1 of a best-of-3
|t:|1756520026
|gametype|doubles
|player|p1|edwarthdf|acetrainer-gen4dp|1110
|player|p2|chamoy-pt2|riley|1138
|gen|9
|tier|[Gen 9] VGC 2025 Reg H (Bo3)
|rated|
|rule|Species Clause: Limit one of each Pokémon
|rule|Item Clause: Limit 1 of each item
|clearpoke
|poke|p1|Gholdengo, L50|
|poke|p1|Sneasler, L50, F|
|poke|p1|Rillaboom, L50, M|
|poke|p1|Ninetales-Alola, L50, F|
|poke|p1|Dragonite, L50, M|
|poke|p1|Arcanine-Hisui, L50, M|
|poke|p2|Incineroar, L50, F|
|poke|p2|Dragapult, L50, F|
|poke|p2|Whimsicott, L50, F|
|poke|p2|Typhlosion-Hisui, L50, F|
|poke|p2|Annihilape, L50, M|
|poke|p2|Indeedee, L50, M|
|teampreview|4
|showteam|p1|Gholdengo||GrassySeed|GoodasGold|NastyPlot,MakeItRain,ShadowBall,Protect||||||50|,,,,,Water]Sneasler||WhiteHerb|Unburden|CloseCombat,DireClaw,Coaching,Protect|||F|||50|,,,,,Ghost]Rillaboom||AssaultVest|GrassySurge|FakeOut,GrassyGlide,DrumBeating,HighHorsepower|||M|||50|,,,,,Fire]Ninetales-Alola||FocusSash|SnowWarning|Blizzard,IcyWind,Encore,AuroraVeil|||F|||50|,,,,,Ghost]Dragonite||LoadedDice|Multiscale|ScaleShot,StompingTantrum,Tailwind,Protect|||M|||50|,,,,,Ground]Arcanine-Hisui||ClearAmulet|Intimidate|RockSlide,FlareBlitz,ExtremeSpeed,Protect|||M|||50|,,,,,Water
|showteam|p2|Incineroar||SafetyGoggles|Intimidate|FakeOut,PartingShot,KnockOff,HelpingHand|||F|||50|,,,,,Water]Dragapult||ChoiceBand|ClearBody|DragonDarts,PhantomForce,SuckerPunch,Uturn|||F|||50|,,,,,Dragon]Whimsicott||CovertCloak|Prankster|Tailwind,Moonblast,SunnyDay,BeatUp|||F|||50|,,,,,Water]Typhlosion-Hisui||ChoiceSpecs|Blaze|Eruption,HeatWave,ShadowBall,Overheat|||F|||50|,,,,,Fire]Annihilape||SitrusBerry|Defiant|RageFist,DrainPunch,BulkUp,Protect|||M|||50|,,,,,Fire]Indeedee||FocusSash|PsychicSurge|ExpandingForce,TrickRoom,Imprison,Protect|||M|||50|,,,,,Psychic
|
|t:|1756520076
|teamsize|p1|4
|teamsize|p2|4
|start
|switch|p1a: Gholdengo|Gholdengo, L50|100/100
|switch|p1b: Ninetales|Ninetales-Alola, L50, F, shiny|100/100
|switch|p2a: Incineroar|Incineroar, L50, F|100/100
|switch|p2b: Annihilape|Annihilape, L50, M|100/100
|-weather|Snowscape|[from] ability: Snow Warning|[of] p1b: Ninetales
|-ability|p2a: Incineroar|Intimidate|boost
|-unboost|p1a: Gholdengo|atk|1
|-unboost|p1b: Ninetales|atk|1
|turn|1
|
|t:|1756520101
|-terastallize|p2b: Annihilape|Fire
|move|p1b: Ninetales|Aurora Veil|p1b: Ninetales
|-sidestart|p1: edwarthdf|move: Aurora Veil
|move|p1a: Gholdengo|Nasty Plot|p1a: Gholdengo
|-boost|p1a: Gholdengo|spa|2
|move|p2b: Annihilape|Bulk Up|p2b: Annihilape
|-boost|p2b: Annihilape|atk|1
|-boost|p2b: Annihilape|def|1
|move|p2a: Incineroar|Parting Shot|p1b: Ninetales
|-unboost|p1b: Ninetales|atk|1
|-unboost|p1b: Ninetales|spa|1
|
|t:|1756520110
|switch|p2a: Dragapult|Dragapult, L50, F|100/100|[from] Parting Shot
|
|-weather|Snowscape|[upkeep]
|upkeep
|turn|2
|
|t:|1756520136
|-terastallize|p1a: Gholdengo|Water
|move|p2a: Dragapult|Phantom Force||[still]
|-prepare|p2a: Dragapult|Phantom Force
|move|p1b: Ninetales|Icy Wind|p2a: Dragapult|[spread] p2b
|-miss|p1b: Ninetales|p2a: Dragapult
|-resisted|p2b: Annihilape
|-damage|p2b: Annihilape|96/100
|-unboost|p2b: Annihilape|spe|1
|-ability|p2b: Annihilape|Defiant|boost
|-boost|p2b: Annihilape|atk|2
|move|p1a: Gholdengo|Shadow Ball|p2b: Annihilape
|-damage|p2b: Annihilape|36/100
|-unboost|p2b: Annihilape|spd|1
|-ability|p2b: Annihilape|Defiant|boost
|-boost|p2b: Annihilape|atk|2
|-enditem|p2b: Annihilape|Sitrus Berry|[eat]
|-heal|p2b: Annihilape|61/100|[from] item: Sitrus Berry
|move|p2b: Annihilape|Drain Punch|p1b: Ninetales
|-damage|p1b: Ninetales|21/100
|-heal|p2b: Annihilape|88/100|[from] drain|[of] p1b: Ninetales
|
|-weather|Snowscape|[upkeep]
|upkeep
|turn|3
|
|t:|1756520164
|switch|p1b: Rillaboom|Rillaboom, L50, M, shiny|100/100
|-fieldstart|move: Grassy Terrain|[from] ability: Grassy Surge|[of] p1b: Rillaboom
|-enditem|p1a: Gholdengo|Grassy Seed
|-boost|p1a: Gholdengo|def|1|[from] item: Grassy Seed
|move|p2a: Dragapult|Phantom Force|p1a: Gholdengo|[from] lockedmove
|-damage|p1a: Gholdengo|70/100
|move|p1a: Gholdengo|Nasty Plot|p1a: Gholdengo
|-boost|p1a: Gholdengo|spa|2
|move|p2b: Annihilape|Drain Punch|p1a: Gholdengo
|-damage|p1a: Gholdengo|19/100
|-heal|p2b: Annihilape|100/100|[from] drain|[of] p1a: Gholdengo
|
|-weather|Snowscape|[upkeep]
|-heal|p1a: Gholdengo|25/100|[from] Grassy Terrain
|upkeep
|turn|4
|
|t:|1756520204
|switch|p1b: Ninetales|Ninetales-Alola, L50, F, shiny|21/100
|move|p2b: Annihilape|Protect|p2b: Annihilape
|-singleturn|p2b: Annihilape|Protect
|move|p2a: Dragapult|Phantom Force||[still]
|-prepare|p2a: Dragapult|Phantom Force
|move|p1a: Gholdengo|Shadow Ball|p2b: Annihilape
|-activate|p2b: Annihilape|move: Protect
|
|-weather|Snowscape|[upkeep]
|-heal|p1b: Ninetales|27/100|[from] Grassy Terrain
|-heal|p1a: Gholdengo|31/100|[from] Grassy Terrain
|upkeep
|turn|5
|
|t:|1756520248
|move|p2a: Dragapult|Phantom Force|p1a: Gholdengo|[from] lockedmove
|-damage|p1a: Gholdengo|0 fnt
|faint|p1a: Gholdengo
|move|p1b: Ninetales|Encore|p2b: Annihilape
|-start|p2b: Annihilape|Encore
|move|p2b: Annihilape|Protect||[still]
|-fail|p2b: Annihilape
|
|-weather|none
|-heal|p1b: Ninetales|33/100|[from] Grassy Terrain
|-sideend|p1: edwarthdf|move: Aurora Veil
|upkeep
|
|t:|1756520262
|switch|p1a: Rillaboom|Rillaboom, L50, M, shiny|100/100
|turn|6
|
|t:|1756520278
|switch|p1b: Arcanine|Arcanine-Hisui, L50, M, shiny|100/100
|-ability|p1b: Arcanine|Intimidate|boost
|-fail|p2a: Dragapult|unboost|[from] ability: Clear Body|[of] p2a: Dragapult
|-unboost|p2b: Annihilape|atk|1
|-ability|p2b: Annihilape|Defiant|boost
|-boost|p2b: Annihilape|atk|2
|move|p2b: Annihilape|Protect|p2b: Annihilape
|-singleturn|p2b: Annihilape|Protect
|move|p2a: Dragapult|Phantom Force||[still]
|-prepare|p2a: Dragapult|Phantom Force
|move|p1a: Rillaboom|High Horsepower|p2b: Annihilape
|-activate|p2b: Annihilape|move: Protect
|
|upkeep
|turn|7
|
|t:|1756520297
|switch|p2b: Indeedee|Indeedee, L50, M|100/100
|-fieldstart|move: Psychic Terrain|[from] ability: Psychic Surge|[of] p2b: Indeedee
|move|p2a: Dragapult|Phantom Force|p1b: Arcanine|[from] lockedmove
|-crit|p1b: Arcanine
|-damage|p1b: Arcanine|0 fnt
|faint|p1b: Arcanine
|move|p1a: Rillaboom|High Horsepower|p2b: Indeedee
|-damage|p2b: Indeedee|39/100
|
|upkeep
|
|t:|1756520309
|switch|p1b: Ninetales|Ninetales-Alola, L50, F, shiny|33/100
|-weather|Snowscape|[from] ability: Snow Warning|[of] p1b: Ninetales
|turn|8
|
|t:|1756520321
|move|p2a: Dragapult|Phantom Force||[still]
|-prepare|p2a: Dragapult|Phantom Force
|move|p1b: Ninetales|Aurora Veil|p1b: Ninetales
|-sidestart|p1: edwarthdf|move: Aurora Veil
|move|p2b: Indeedee|Expanding Force|p1b: Ninetales|[spread] p1a,p1b
|-damage|p1a: Rillaboom|72/100
|-damage|p1b: Ninetales|0 fnt
|faint|p1b: Ninetales
|move|p1a: Rillaboom|Drum Beating|p2b: Indeedee
|-damage|p2b: Indeedee|0 fnt
|faint|p2b: Indeedee
|
|-weather|Snowscape|[upkeep]
|upkeep
|
|t:|1756520326
|switch|p2b: Annihilape|Annihilape, L50, M, tera:Fire|100/100
|turn|9
|
|t:|1756520339
|move|p2a: Dragapult|Phantom Force|p1a: Rillaboom|[from] lockedmove
|-damage|p1a: Rillaboom|22/100
|move|p1a: Rillaboom|High Horsepower|p2b: Annihilape
|-supereffective|p2b: Annihilape
|-damage|p2b: Annihilape|47/100
|move|p2b: Annihilape|Rage Fist|p1a: Rillaboom
|-damage|p1a: Rillaboom|0 fnt
|faint|p1a: Rillaboom
|
|win|chamoy-pt2
||chamoy-pt2 is ready for game 2.
|inactive|edwarthdf has 30 seconds to confirm battle start!
|l|☆chamoy-pt2
|player|p2|
||edwarthdf is ready for game 2.
|uhtml|next|Next: Game 2 of 3
