|j|☆new mental
|j|☆just_jim19
|html|new mentaljust_jim19    
|uhtml|bestof|Game 2 of a best-of-3
|t:|1784827703
|gametype|doubles
|player|p1|new mental|volkner|1221
|player|p2|just_jim19|n|1119
|gen|9
|tier|[Gen 9 Champions] VGC 2026 Reg M-B (Bo3)
|rated|
|rule|Species Clause: Limit one of each Pokémon
|rule|Item Clause: Limit 1 of each item
|clearpoke
|poke|p1|Charizard, L50, F|
|poke|p1|Garchomp, L50, M|
|poke|p1|Incineroar, L50, M|
|poke|p1|Venusaur, L50, M|
|poke|p1|Toxapex, L50, F|
|poke|p1|Sylveon, L50, F|
|poke|p2|Tyranitar, L50, F|
|poke|p2|Excadrill, L50, F|
|poke|p2|Staraptor, L50, F|
|poke|p2|Whimsicott, L50, F|
|poke|p2|Kommo-o, L50, M|
|poke|p2|Sinistcha, L50|
|teampreview|4
|showteam|p1|Charizard||CharizarditeY|SolarPower|WeatherBall,HeatWave,AncientPower,Protect|Modest||F|||50|]Garchomp||ChoiceScarf|RoughSkin|RockSlide,DragonClaw,Earthquake,StompingTantrum|Adamant||M|||50|]Incineroar||SitrusBerry|Intimidate|FlareBlitz,FakeOut,DarkestLariat,PartingShot|Impish||M|||50|]Venusaur||LifeOrb|Chlorophyll|SludgeBomb,LeafStorm,EarthPower,Protect|Modest||M|||50|]Toxapex||Leftovers|Regenerator|Infestation,Toxic,WideGuard,BanefulBunker|Bold||F|||50|]Sylveon||FairyFeather|Pixilate|HyperVoice,QuickAttack,Yawn,Detect|Modest||F|||50|
|showteam|p2|Tyranitar||Tyranitarite|SandStream|RockSlide,KnockOff,DragonDance,Protect|Adamant||F|||50|]Excadrill||FocusSash|SandRush|HighHorsepower,IronHead,SwordsDance,Protect|Jolly||F|||50|]Staraptor||Staraptite|Intimidate|CloseCombat,BraveBird,Roost,Protect|Jolly||F|||50|]Whimsicott||FairyFeather|Prankster|Moonblast,Tailwind,Encore,Charm|Serious||F|||50|]Kommo-o||ChoiceScarf|Bulletproof|ClangingScales,AuraSphere,FlashCannon,Flamethrower|Modest||M|||50|]Sinistcha||Leftovers|Hospitality|MatchaGotcha,ShadowBall,LifeDew,RagePowder|Quiet|||||50|
|
|t:|1784827737
|teamsize|p1|4
|teamsize|p2|4
|start
|switch|p1a: Charizard|Charizard, L50, F|100/100
|switch|p1b: Garchomp|Garchomp, L50, M|100/100
|switch|p2a: Staraptor|Staraptor, L50, F|100/100
|switch|p2b: Whimsicott|Whimsicott, L50, F|100/100
|-ability|p2a: Staraptor|Intimidate|boost
|-unboost|p1a: Charizard|atk|1
|-unboost|p1b: Garchomp|atk|1
|turn|1
|inactive|Battle timer is ON: inactive players will automatically lose when time's up. (requested by new mental)
|
|t:|1784827757
|switch|p1b: Incineroar|Incineroar, L50, M|100/100
|-ability|p1b: Incineroar|Intimidate|boost
|-unboost|p2a: Staraptor|atk|1
|-unboost|p2b: Whimsicott|atk|1
|detailschange|p2a: Staraptor|Staraptor-Mega, L50, F
|-mega|p2a: Staraptor|Staraptor|Staraptite
|detailschange|p1a: Charizard|Charizard-Mega-Y, L50, F
|-mega|p1a: Charizard|Charizard|Charizardite Y
|-weather|SunnyDay|[from] ability: Drought|[of] p1a: Charizard
|move|p2b: Whimsicott|Charm|p2a: Staraptor
|-boost|p2a: Staraptor|atk|2
|move|p2a: Staraptor|Close Combat|p1b: Incineroar
|-supereffective|p1b: Incineroar|1
|-damage|p1b: Incineroar|0 fnt
|-boost|p2a: Staraptor|def|1
|-boost|p2a: Staraptor|spd|1
|faint|p1b: Incineroar
|move|p1a: Charizard|Heat Wave|p2a: Staraptor|[spread] p2a,p2b
|-supereffective|p2b: Whimsicott|1
|-damage|p2a: Staraptor|51/100
|-damage|p2b: Whimsicott|0 fnt
|faint|p2b: Whimsicott
|
|-weather|SunnyDay|[upkeep]
|upkeep
|
|t:|1784827781
|switch|p2b: Sinistcha|Sinistcha, L50|100/100
|switch|p1b: Toxapex|Toxapex, L50, F|100/100
|-heal|p2a: Staraptor|76/100|[from] ability: Hospitality|[of] p2b: Sinistcha
|turn|2
|
|t:|1784827796
|switch|p2b: Kommo-o|Kommo-o, L50, M|100/100
|move|p2a: Staraptor|Close Combat|p1a: Charizard
|-resisted|p1a: Charizard|1
|-damage|p1a: Charizard|56/100
|-boost|p2a: Staraptor|def|1
|-boost|p2a: Staraptor|spd|1
|move|p1a: Charizard|Heat Wave|p2a: Staraptor|[spread] p2a,p2b
|-resisted|p2b: Kommo-o|1
|-damage|p2a: Staraptor|41/100
|-damage|p2b: Kommo-o|73/100
|move|p1b: Toxapex|Toxic|p2a: Staraptor
|-status|p2a: Staraptor|tox
|
|-weather|SunnyDay|[upkeep]
|-damage|p2a: Staraptor|35/100 tox|[from] psn
|upkeep
|turn|3
|
|t:|1784827817
|move|p2a: Staraptor|Roost|p2a: Staraptor
|-heal|p2a: Staraptor|85/100 tox
|-singleturn|p2a: Staraptor|move: Roost
|move|p2b: Kommo-o|Clanging Scales|p1b: Toxapex|[spread] p1a,p1b
|-damage|p1a: Charizard|22/100
|-damage|p1b: Toxapex|66/100
|-unboost|p2b: Kommo-o|def|1
|move|p1a: Charizard|Weather Ball|p2a: Staraptor
|-damage|p2a: Staraptor|29/100 tox
|move|p1b: Toxapex|Infestation|p2a: Staraptor
|-resisted|p2a: Staraptor|1
|-damage|p2a: Staraptor|28/100 tox
|-activate|p2a: Staraptor|move: Infestation|[of] p1b: Toxapex
|
|-weather|SunnyDay|[upkeep]
|-heal|p1b: Toxapex|72/100|[from] item: Leftovers
|-damage|p2a: Staraptor|16/100 tox|[from] psn
|-damage|p2a: Staraptor|3/100 tox|[from] move: Infestation|[partiallytrapped]
|upkeep
|turn|4
|inactive|just_jim19 has 30 seconds left.
|
|t:|1784827843
|move|p1a: Charizard|Protect|p1a: Charizard
|-singleturn|p1a: Charizard|Protect
|move|p2a: Staraptor|Close Combat|p1b: Toxapex
|-resisted|p1b: Toxapex|1
|-crit|p1b: Toxapex
|-damage|p1b: Toxapex|23/100
|-boost|p2a: Staraptor|def|1
|-boost|p2a: Staraptor|spd|1
|move|p2b: Kommo-o|Clanging Scales|p1b: Toxapex|[spread] p1b
|-activate|p1a: Charizard|move: Protect
|-damage|p1b: Toxapex|0 fnt
|faint|p1b: Toxapex
|-unboost|p2b: Kommo-o|def|1
|
|-weather|SunnyDay|[upkeep]
|-damage|p2a: Staraptor|0 fnt|[from] psn
|faint|p2a: Staraptor
|upkeep
|
|t:|1784827861
|switch|p2a: Sinistcha|Sinistcha, L50|100/100
|switch|p1b: Garchomp|Garchomp, L50, M|100/100
|-heal|p2b: Kommo-o|98/100|[from] ability: Hospitality|[of] p2a: Sinistcha
|turn|5
|
|t:|1784827872
|move|p2a: Sinistcha|Rage Powder|p2a: Sinistcha
|-singleturn|p2a: Sinistcha|move: Rage Powder
|move|p1b: Garchomp|Dragon Claw|p2a: Sinistcha
|-damage|p2a: Sinistcha|59/100
|move|p2b: Kommo-o|Clanging Scales|p1b: Garchomp|[spread] p1a,p1b
|-supereffective|p1b: Garchomp|1
|-damage|p1a: Charizard|0 fnt
|-damage|p1b: Garchomp|11/100
|faint|p1a: Charizard
|-unboost|p2b: Kommo-o|def|1
|
|-weather|none
|-heal|p2a: Sinistcha|65/100|[from] item: Leftovers
|upkeep
|turn|6
|
|t:|1784827888
|move|p2a: Sinistcha|Rage Powder|p2a: Sinistcha
|-singleturn|p2a: Sinistcha|move: Rage Powder
|move|p1b: Garchomp|Dragon Claw|p2a: Sinistcha
|-damage|p2a: Sinistcha|24/100
|move|p2b: Kommo-o|Clanging Scales|p1b: Garchomp
|-supereffective|p1b: Garchomp|1
|-damage|p1b: Garchomp|0 fnt
|faint|p1b: Garchomp
|
|win|just_jim19
