|j|☆Wooperdooperpooper
|j|☆Frakub
|html|WooperdooperpooperFrakub    
|uhtml|bestof|Game 2 of a best-of-3
|t:|1784825337
|gametype|doubles
|player|p1|Wooperdooperpooper|ninjaboy|1345
|player|p2|Frakub|acetrainer-gen4dp|1322
|gen|9
|tier|[Gen 9 Champions] VGC 2026 Reg M-B (Bo3)
|rated|
|rule|Species Clause: Limit one of each Pokémon
|rule|Item Clause: Limit 1 of each item
|clearpoke
|poke|p1|Hatterene, L50, F|
|poke|p1|Sneasler, L50, M|
|poke|p1|Torkoal, L50, F|
|poke|p1|Crabominable, L50, F|
|poke|p1|Sinistcha, L50|
|poke|p1|Tyranitar, L50, F|
|poke|p2|Mawile, L50, M|
|poke|p2|Farigiraf, L50, M|
|poke|p2|Torkoal, L50, F|
|poke|p2|Incineroar, L50, M|
|poke|p2|Gallade, L50, M|
|poke|p2|Vivillon, L50, F|
|teampreview|4
|showteam|p1|Hatterene||LifeOrb|MagicBounce|DazzlingGleam,Psychic,TrickRoom,Protect|Quiet||F|||50|]Sneasler||WhiteHerb|PoisonTouch|CloseCombat,DireClaw,FakeOut,ThroatChop|Adamant||M|||50|]Torkoal||Charcoal|Drought|Eruption,WeatherBall,HelpingHand,Protect|Quiet||F|||50|]Crabominable||Crabominite|HyperCutter|DrainPunch,IcePunch,ThunderPunch,Protect|Brave||F|||50|]Sinistcha||KasibBerry|Hospitality|MatchaGotcha,RagePowder,TrickRoom,Protect|Quiet|||||50|]Tyranitar||Tyranitarite|SandStream|RockSlide,KnockOff,DragonDance,Protect|Adamant||F|||50|
|showteam|p2|Mawile||Mawilite|HyperCutter|PlayRough,SuckerPunch,RockSlide,Protect|Brave||M|||50|]Farigiraf||SitrusBerry|ArmorTail|Psychic,Thunderbolt,TrickRoom,Protect|Quiet||M|||50|]Torkoal||Charcoal|Drought|Eruption,WeatherBall,HelpingHand,Protect|Quiet||F|||50|]Incineroar||LifeOrb|Intimidate|FlareBlitz,DarkestLariat,CloseCombat,FakeOut|Brave||M|||50|]Gallade||IronBall|Sharpness|SacredSword,PsychoCut,LeafBlade,TrickRoom|Brave||M|||50|]Vivillon||FocusSash|CompoundEyes|Hurricane,SleepPowder,RagePowder,Protect|Timid||F|||50|
|inactive|Battle timer is ON: inactive players will automatically lose when time's up. (requested by Wooperdooperpooper)
|inactive|Frakub also wants the timer to be on.
|
|t:|1784825347
|teamsize|p1|4
|teamsize|p2|4
|start
|switch|p1a: Tyranitar|Tyranitar, L50, F|100/100
|switch|p1b: Sneasler|Sneasler, L50, M|100/100
|switch|p2a: Farigiraf|Farigiraf, L50, M|100/100
|switch|p2b: Incineroar|Incineroar, L50, M|100/100
|-weather|Sandstorm|[from] ability: Sand Stream|[of] p1a: Tyranitar
|-ability|p2b: Incineroar|Intimidate|boost
|-unboost|p1a: Tyranitar|atk|1
|-unboost|p1b: Sneasler|atk|1
|-enditem|p1b: Sneasler|White Herb
|-clearnegativeboost|p1b: Sneasler|[silent]
|turn|1
|
|t:|1784825361
|move|p2b: Incineroar|Fake Out|p1b: Sneasler
|-damage|p1b: Sneasler|66/100
|-damage|p2b: Incineroar|90/100|[from] item: Life Orb
|cant|p1b: Sneasler|flinch
|move|p1a: Tyranitar|Dragon Dance|p1a: Tyranitar
|-boost|p1a: Tyranitar|atk|1
|-boost|p1a: Tyranitar|spe|1
|move|p2a: Farigiraf|Trick Room|p2a: Farigiraf
|-fieldstart|move: Trick Room|[of] p2a: Farigiraf
|
|-weather|Sandstorm|[upkeep]
|-damage|p2a: Farigiraf|93/100|[from] Sandstorm
|-damage|p2b: Incineroar|84/100|[from] Sandstorm
|-damage|p1b: Sneasler|60/100|[from] Sandstorm
|upkeep
|turn|2
|
|t:|1784825369
|switch|p1b: Sinistcha|Sinistcha, L50|100/100
|move|p1a: Tyranitar|Protect|p1a: Tyranitar
|-singleturn|p1a: Tyranitar|Protect
|move|p2a: Farigiraf|Psychic|p1b: Sinistcha
|-damage|p1b: Sinistcha|54/100
|move|p2b: Incineroar|Close Combat|p1a: Tyranitar
|-activate|p1a: Tyranitar|move: Protect
|
|-weather|Sandstorm|[upkeep]
|-damage|p2a: Farigiraf|87/100|[from] Sandstorm
|-damage|p2b: Incineroar|78/100|[from] Sandstorm
|-damage|p1b: Sinistcha|48/100|[from] Sandstorm
|upkeep
|turn|3
|
|t:|1784825381
|move|p1b: Sinistcha|Rage Powder|p1b: Sinistcha
|-singleturn|p1b: Sinistcha|move: Rage Powder
|move|p2a: Farigiraf|Psychic|p1b: Sinistcha
|-damage|p1b: Sinistcha|3/100
|move|p2b: Incineroar|Close Combat|p1b: Sinistcha
|-immune|p1b: Sinistcha
|move|p1a: Tyranitar|Dragon Dance|p1a: Tyranitar
|-boost|p1a: Tyranitar|atk|1
|-boost|p1a: Tyranitar|spe|1
|
|-weather|Sandstorm|[upkeep]
|-damage|p2a: Farigiraf|81/100|[from] Sandstorm
|-damage|p2b: Incineroar|72/100|[from] Sandstorm
|-damage|p1b: Sinistcha|0 fnt|[from] Sandstorm
|faint|p1b: Sinistcha
|upkeep
|
|t:|1784825391
|switch|p1b: Hatterene|Hatterene, L50, F|100/100
|turn|4
|
|t:|1784825404
|move|p1a: Tyranitar|Protect|p1a: Tyranitar
|-singleturn|p1a: Tyranitar|Protect
|move|p1b: Hatterene|Dazzling Gleam|p2b: Incineroar|[spread] p2a,p2b
|-damage|p2a: Farigiraf|39/100
|-damage|p2b: Incineroar|25/100
|-enditem|p2a: Farigiraf|Sitrus Berry|[eat]
|-heal|p2a: Farigiraf|64/100|[from] item: Sitrus Berry
|-damage|p1b: Hatterene|90/100|[from] item: Life Orb
|move|p2a: Farigiraf|Thunderbolt|p1b: Hatterene
|-damage|p1b: Hatterene|63/100
|-status|p1b: Hatterene|par
|move|p2b: Incineroar|Close Combat|p1a: Tyranitar
|-activate|p1a: Tyranitar|move: Protect
|
|-weather|Sandstorm|[upkeep]
|-damage|p1b: Hatterene|57/100 par|[from] Sandstorm
|-damage|p2a: Farigiraf|58/100|[from] Sandstorm
|-damage|p2b: Incineroar|19/100|[from] Sandstorm
|upkeep
|turn|5
|
|t:|1784825417
|move|p1b: Hatterene|Dazzling Gleam|p2b: Incineroar|[spread] p2a,p2b
|-damage|p2a: Farigiraf|12/100
|-damage|p2b: Incineroar|0 fnt
|faint|p2b: Incineroar
|-damage|p1b: Hatterene|47/100 par|[from] item: Life Orb
|move|p2a: Farigiraf|Thunderbolt|p1b: Hatterene
|-damage|p1b: Hatterene|21/100 par
|move|p1a: Tyranitar|Dragon Dance|p1a: Tyranitar
|-boost|p1a: Tyranitar|atk|1
|-boost|p1a: Tyranitar|spe|1
|
|-weather|none
|-fieldend|move: Trick Room
|upkeep
|
|t:|1784825422
|switch|p2b: Mawile|Mawile, L50, M|100/100
|turn|6
|
|t:|1784825434
|detailschange|p1a: Tyranitar|Tyranitar-Mega, L50, F
|-mega|p1a: Tyranitar|Tyranitar|Tyranitarite
|-weather|Sandstorm|[from] ability: Sand Stream|[of] p1a: Tyranitar
|detailschange|p2b: Mawile|Mawile-Mega, L50, M
|-mega|p2b: Mawile|Mawile|Mawilite
|move|p1a: Tyranitar|Rock Slide|p2b: Mawile|[spread] p2a,p2b
|-resisted|p2b: Mawile|1
|-damage|p2a: Farigiraf|0 fnt
|-damage|p2b: Mawile|61/100
|faint|p2a: Farigiraf
|move|p2b: Mawile|Play Rough|p1a: Tyranitar
|-supereffective|p1a: Tyranitar|1
|-damage|p1a: Tyranitar|0 fnt
|faint|p1a: Tyranitar
|move|p1b: Hatterene|Psychic|p2b: Mawile
|-resisted|p2b: Mawile|1
|-damage|p2b: Mawile|22/100
|-damage|p1b: Hatterene|11/100 par|[from] item: Life Orb
|
|-weather|Sandstorm|[upkeep]
|-damage|p1b: Hatterene|5/100 par|[from] Sandstorm
|upkeep
|
|t:|1784825447
|switch|p1a: Sneasler|Sneasler, L50, M|60/100
|switch|p2a: Torkoal|Torkoal, L50, F|100/100
|-weather|SunnyDay|[from] ability: Drought|[of] p2a: Torkoal
|turn|7
|
|t:|1784825455
|move|p2b: Mawile|Protect|p2b: Mawile
|-singleturn|p2b: Mawile|Protect
|move|p2a: Torkoal|Protect|p2a: Torkoal
|-singleturn|p2a: Torkoal|Protect
|move|p1b: Hatterene|Protect|p1b: Hatterene
|-singleturn|p1b: Hatterene|Protect
|move|p1a: Sneasler|Close Combat|p2b: Mawile
|-activate|p2b: Mawile|move: Protect
|
|-weather|SunnyDay|[upkeep]
|upkeep
|turn|8
|
|t:|1784825466
|move|p1b: Hatterene|Protect||[still]
|-fail|p1b: Hatterene
|move|p2b: Mawile|Sucker Punch|p1a: Sneasler
|-resisted|p1a: Sneasler|1
|-damage|p1a: Sneasler|18/100
|move|p1a: Sneasler|Close Combat|p2b: Mawile
|-damage|p2b: Mawile|0 fnt
|-unboost|p1a: Sneasler|def|1
|-unboost|p1a: Sneasler|spd|1
|faint|p2b: Mawile
|move|p2a: Torkoal|Eruption|p1b: Hatterene|[spread] p1a,p1b
|-damage|p1a: Sneasler|0 fnt
|-damage|p1b: Hatterene|0 fnt
|faint|p1a: Sneasler
|faint|p1b: Hatterene
|
|win|Frakub
|raw|Wooperdooperpooper's rating: 1345 → 1324(-21 for losing)
|raw|Frakub's rating: 1322 → 1343(+21 for winning)
|l|☆Wooperdooperpooper
|player|p1|
