|j|☆WildTamer
|j|☆Senli
|html|WildTamerSenli    
|uhtml|bestof|Game 2 of a best-of-3
|t:|1785925253
|gametype|doubles
|player|p1|WildTamer|102|1034
|player|p2|Senli|florian-bb|1089
|gen|9
|tier|[Gen 9 Champions] VGC 2026 Reg M-B (Bo3)
|rated|
|rule|Species Clause: Limit one of each Pokémon
|rule|Item Clause: Limit 1 of each item
|clearpoke
|poke|p1|Greninja, L50, M|
|poke|p1|Ninetales-Alola, L50, M|
|poke|p1|Sneasler, L50, M|
|poke|p1|Scizor, L50, F|
|poke|p1|Glimmora, L50, M|
|poke|p1|Incineroar, L50, M|
|poke|p2|Raichu, L50, M, shiny|
|poke|p2|Staraptor, L50, M|
|poke|p2|Arcanine-Hisui, L50, M, shiny|
|poke|p2|Farigiraf, L50, F, shiny|
|poke|p2|Sylveon, L50, F|
|poke|p2|Kingambit, L50, M|
|teampreview|4
|showteam|p1|Greninja||Greninjite|Protean|Blizzard,Surf,DarkPulse,Protect|Naive||M|||50|]Ninetales-Alola||OccaBerry|SnowWarning|AuroraVeil,FreezeDry,Protect,Blizzard|Timid||M|||50|]Sneasler||WhiteHerb|Unburden|DireClaw,CloseCombat,Protect,FakeOut|Adamant||M|||50|]Scizor||Scizorite|Technician|BulletPunch,SwordsDance,BugBite,Protect|Adamant||F|||50|]Glimmora||FocusSash|ToxicDebris|EnergyBall,PowerGem,SludgeBomb,EarthPower|Modest||M|||50|]Incineroar||SitrusBerry|Intimidate|FakeOut,FlareBlitz,ThroatChop,PartingShot|Impish||M|||50|
|showteam|p2|Raichu||RaichuniteY|LightningRod|ZapCannon,FocusBlast,FakeOut,Protect|Timid||M|||50|]Staraptor||Staraptite|Intimidate|CloseCombat,DualWingbeat,Tailwind,Protect|Jolly||M|||50|]Arcanine-Hisui||FocusSash|RockHead|FlareBlitz,HeadSmash,ExtremeSpeed,Protect|Jolly||M|||50|]Farigiraf||SitrusBerry|ArmorTail|Psychic,HelpingHand,TrickRoom,Protect|Calm||F|||50|]Sylveon||FairyFeather|Pixilate|HyperVoice,QuickAttack,HyperBeam,Detect|Modest||F|||50|]Kingambit||LifeOrb|Defiant|KowtowCleave,SuckerPunch,SwordsDance,Protect|Adamant||M|||50|
|inactive|Battle timer is ON: inactive players will automatically lose when time's up. (requested by Senli)
|inactive|WildTamer has 60 seconds left.
|inactive|Senli has 60 seconds left.
|
|t:|1785925311
|teamsize|p1|4
|teamsize|p2|4
|start
|switch|p1a: Sneasler|Sneasler, L50, M|100/100
|switch|p1b: Scizor|Scizor, L50, F|100/100
|switch|p2a: Raichu|Raichu, L50, M, shiny|100/100
|switch|p2b: Arcanine|Arcanine-Hisui, L50, M, shiny|100/100
|turn|1
|
|t:|1785925331
|switch|p2a: Farigiraf|Farigiraf, L50, F, shiny|100/100
|detailschange|p1b: Scizor|Scizor-Mega, L50, F
|-mega|p1b: Scizor|Scizor|Scizorite
|move|p1a: Sneasler|Fake Out||[still]
|cant|p2a: Farigiraf|ability: Armor Tail|Fake Out|[of] p1a: Sneasler
|move|p2b: Arcanine|Flare Blitz|p1b: Scizor
|-supereffective|p1b: Scizor|2
|-damage|p1b: Scizor|0 fnt
|faint|p1b: Scizor
|
|upkeep
|
|t:|1785925344
|switch|p1b: Glimmora|Glimmora, L50, M|100/100
|turn|2
|inactive|WildTamer has 30 seconds left.
|inactive|Senli has 30 seconds left.
|inactive|WildTamer has 20 seconds left.
|inactive|Senli has 20 seconds left.
|inactive|WildTamer has 15 seconds left.
|
|t:|1785925384
|move|p2b: Arcanine|Protect|p2b: Arcanine
|-singleturn|p2b: Arcanine|Protect
|move|p1a: Sneasler|Close Combat|p2a: Farigiraf
|-damage|p2a: Farigiraf|41/100
|-unboost|p1a: Sneasler|def|1
|-unboost|p1a: Sneasler|spd|1
|-enditem|p2a: Farigiraf|Sitrus Berry|[eat]
|-heal|p2a: Farigiraf|66/100|[from] item: Sitrus Berry
|-enditem|p1a: Sneasler|White Herb
|-clearnegativeboost|p1a: Sneasler|[silent]
|move|p1b: Glimmora|Power Gem|p2a: Farigiraf
|-damage|p2a: Farigiraf|26/100
|move|p2a: Farigiraf|Trick Room|p2a: Farigiraf
|-fieldstart|move: Trick Room|[of] p2a: Farigiraf
|
|upkeep
|turn|3
|inactive|WildTamer has 30 seconds left.
|
|t:|1785925414
|switch|p2b: Kingambit|Kingambit, L50, M|100/100
|move|p1a: Sneasler|Protect|p1a: Sneasler
|-singleturn|p1a: Sneasler|Protect
|move|p2a: Farigiraf|Psychic|p1a: Sneasler
|-activate|p1a: Sneasler|move: Protect
|move|p1b: Glimmora|Earth Power|p2b: Kingambit
|-supereffective|p2b: Kingambit|1
|-damage|p2b: Kingambit|31/100
|
|upkeep
|turn|4
|inactive|WildTamer has 30 seconds left.
|
|t:|1785925440
|switch|p1a: Incineroar|Incineroar, L50, M|100/100
|-ability|p1a: Incineroar|Intimidate|boost
|-unboost|p2a: Farigiraf|atk|1
|-unboost|p2b: Kingambit|atk|1
|-ability|p2b: Kingambit|Defiant|boost
|-boost|p2b: Kingambit|atk|2
|move|p2b: Kingambit|Sucker Punch|p1b: Glimmora
|-crit|p1b: Glimmora
|-enditem|p1b: Glimmora|Focus Sash
|-damage|p1b: Glimmora|1/100
|-activate|p1b: Glimmora|ability: Toxic Debris
|-sidestart|p2: Senli|move: Toxic Spikes
|-damage|p2b: Kingambit|21/100|[from] item: Life Orb
|move|p2a: Farigiraf|Psychic|p1a: Incineroar
|-immune|p1a: Incineroar
|move|p1b: Glimmora|Power Gem|p2a: Farigiraf
|-damage|p2a: Farigiraf|0 fnt
|faint|p2a: Farigiraf
|
|upkeep
|
|t:|1785925463
|switch|p2a: Raichu|Raichu, L50, M, shiny|100/100
|-status|p2a: Raichu|psn
|turn|5
|
|t:|1785925479
|move|p1a: Incineroar|Fake Out|p2b: Kingambit
|-resisted|p2b: Kingambit|1
|-damage|p2b: Kingambit|17/100
|move|p2a: Raichu|Fake Out|p1b: Glimmora
|-resisted|p1b: Glimmora|1
|-damage|p1b: Glimmora|0 fnt
|-activate|p1b: Glimmora|ability: Toxic Debris
|-sidestart|p2: Senli|move: Toxic Spikes
|faint|p1b: Glimmora
|cant|p2b: Kingambit|flinch
|
|-damage|p2a: Raichu|88/100 psn|[from] psn
|upkeep
|
|t:|1785925489
|switch|p1b: Sneasler|Sneasler, L50, M|100/100
|turn|6
|
|t:|1785925520
|move|p2b: Kingambit|Protect|p2b: Kingambit
|-singleturn|p2b: Kingambit|Protect
|move|p2a: Raichu|Protect|p2a: Raichu
|-singleturn|p2a: Raichu|Protect
|move|p1b: Sneasler|Fake Out|p2b: Kingambit
|-activate|p2b: Kingambit|move: Protect
|move|p1a: Incineroar|Flare Blitz|p2a: Raichu
|-activate|p2a: Raichu|move: Protect
|
|-damage|p2a: Raichu|76/100 psn|[from] psn
|-fieldend|move: Trick Room
|upkeep
|turn|7
|inactive|Senli has 30 seconds left.
|
|t:|1785925553
|detailschange|p2a: Raichu|Raichu-Mega-Y, L50, M, shiny
|-mega|p2a: Raichu|Raichu|Raichunite Y
|move|p2b: Kingambit|Sucker Punch|p1b: Sneasler
|-resisted|p1b: Sneasler|1
|-damage|p1b: Sneasler|47/100
|-damage|p2b: Kingambit|7/100|[from] item: Life Orb
|move|p2a: Raichu|Focus Blast|p1a: Incineroar
|-supereffective|p1a: Incineroar|1
|-damage|p1a: Incineroar|22/100
|-enditem|p1a: Incineroar|Sitrus Berry|[eat]
|-heal|p1a: Incineroar|47/100|[from] item: Sitrus Berry
|move|p1b: Sneasler|Close Combat|p2b: Kingambit
|-supereffective|p2b: Kingambit|2
|-damage|p2b: Kingambit|0 fnt
|-unboost|p1b: Sneasler|def|1
|-unboost|p1b: Sneasler|spd|1
|faint|p2b: Kingambit
|move|p1a: Incineroar|Flare Blitz|p2a: Raichu
|-damage|p2a: Raichu|1/100 psn
|-damage|p1a: Incineroar|27/100|[from] Recoil
|
|-damage|p2a: Raichu|0 fnt|[from] psn
|faint|p2a: Raichu
|upkeep
|
|t:|1785925572
|switch|p2b: Arcanine|Arcanine-Hisui, L50, M, shiny|100/100
|-status|p2b: Arcanine|tox
|turn|8
|
|t:|1785925589
|move|p1b: Sneasler|Protect|p1b: Sneasler
|-singleturn|p1b: Sneasler|Protect
|move|p2b: Arcanine|Flare Blitz|p1b: Sneasler
|-activate|p1b: Sneasler|move: Protect
|move|p1a: Incineroar|Throat Chop|p2b: Arcanine
|-damage|p2b: Arcanine|58/100 tox
|-start|p2b: Arcanine|Throat Chop|[silent]
|
|-damage|p2b: Arcanine|52/100 tox|[from] psn
|upkeep
|turn|9
|
|t:|1785925607
|move|p2b: Arcanine|Flare Blitz|p1b: Sneasler
|-damage|p1b: Sneasler|0 fnt
|faint|p1b: Sneasler
|move|p1a: Incineroar|Throat Chop|p2b: Arcanine
|-damage|p2b: Arcanine|12/100 tox
|
|-damage|p2b: Arcanine|1/100 tox|[from] psn
|-end|p2b: Arcanine|Throat Chop|[silent]
|upkeep
|turn|10
|
|t:|1785925617
|move|p2b: Arcanine|Head Smash|p1a: Incineroar
|-supereffective|p1a: Incineroar|1
|-crit|p1a: Incineroar
|-damage|p1a: Incineroar|0 fnt
|faint|p1a: Incineroar
|
|win|Senli
||WildTamer is ready for game 3.
||Senli is ready for game 3.
|uhtml|next|Next: Game 3 of 3
|l|☆WildTamer
|player|p1|
