|j|☆Ducke1512
|j|☆JakAttack626
|html|Ducke1512JakAttack626    
|uhtml|bestof|Game 1 of a best-of-3
|t:|1756347741
|gametype|doubles
|player|p1|Ducke1512|1|1008
|player|p2|JakAttack626|blue|1079
|gen|9
|tier|[Gen 9] VGC 2025 Reg H (Bo3)
|rated|
|rule|Species Clause: Limit one of each Pokémon
|rule|Item Clause: Limit 1 of each item
|clearpoke
|poke|p1|Dragonite, L50, M|
|poke|p1|Flamigo, L50, F|
|poke|p1|Grimmsnarl, L50, M|
|poke|p1|Armarouge, L50, F|
|poke|p1|Indeedee-F, L50, F|
|poke|p1|Amoonguss, L50, M|
|poke|p2|Annihilape, L50, M|
|poke|p2|Ninetales-Alola, L50, M|
|poke|p2|Garchomp, L50, F|
|poke|p2|Dragonite, L50, M|
|poke|p2|Sneasler, L50, M|
|poke|p2|Incineroar, L50, F|
|teampreview|4
|showteam|p1|Dragonite||ChoiceBand|InnerFocus|Outrage,TeraBlast,ExtremeSpeed,StompingTantrum|||M|||50|,,,,,Flying]Flamigo||FocusSash|Scrappy|CloseCombat,DualWingbeat,WideGuard,Protect|||F|||50|,,,,,Steel]Grimmsnarl||LightClay|Prankster|FakeOut,Reflect,LightScreen,PartingShot|||M|||50|,,,,,Ghost]Armarouge||AssaultVest|FlashFire|ArmorCannon,HeatWave,ExpandingForce,EnergyBall|||F|||50|,,,,,Grass]Indeedee-F||PsychicSeed|PsychicSurge|FollowMe,HelpingHand,Psychic,TrickRoom|||F|||50|,,,,,Fairy]Amoonguss||SitrusBerry|Regenerator|Spore,RagePowder,PollenPuff,SludgeBomb|||M|||50|,,,,,Water
|showteam|p2|Annihilape||AssaultVest|Defiant|RageFist,DrainPunch,RockTomb,FinalGambit|||M|||50|,,,,,Fire]Ninetales-Alola||ChoiceSpecs|SnowWarning|Blizzard,Moonblast,FreezeDry,IcyWind|||M|||50|,,,,,Ghost]Garchomp||LifeOrb|RoughSkin|Earthquake,StompingTantrum,DragonClaw,Protect|||F|||50|,,,,,Steel]Dragonite||LoadedDice|Multiscale|ScaleShot,Tailwind,Protect,Haze|||M|||50|,,,,,Fairy]Sneasler||FocusSash|Unburden|CloseCombat,DireClaw,FakeOut,Coaching|||M|||50|,,,,,Ghost]Incineroar||SafetyGoggles|Intimidate|KnockOff,Taunt,FakeOut,PartingShot|||F|||50|,,,,,Fairy
|inactive|Battle timer is ON: inactive players will automatically lose when time's up. (requested by JakAttack626)
|
|t:|1756347808
|teamsize|p1|4
|teamsize|p2|4
|start
|switch|p1a: Dragonite|Dragonite, L50, M|100/100
|switch|p1b: Grimmsnarl|Grimmsnarl, L50, M|100/100
|switch|p2a: Ninetales|Ninetales-Alola, L50, M, shiny|100/100
|switch|p2b: Incineroar|Incineroar, L50, F, shiny|100/100
|-weather|Snowscape|[from] ability: Snow Warning|[of] p2a: Ninetales
|-ability|p2b: Incineroar|Intimidate|boost
|-fail|p1a: Dragonite|unboost|Attack|[from] ability: Inner Focus|[of] p1a: Dragonite
|-unboost|p1b: Grimmsnarl|atk|1
|turn|1
|
|t:|1756347827
|switch|p1a: Armarouge|Armarouge, L50, F|100/100
|-terastallize|p2a: Ninetales|Ghost
|move|p1b: Grimmsnarl|Light Screen|p1b: Grimmsnarl
|-sidestart|p1: Ducke1512|move: Light Screen
|move|p2a: Ninetales|Blizzard|p1b: Grimmsnarl|[spread] p1a,p1b
|-resisted|p1a: Armarouge
|-damage|p1a: Armarouge|89/100
|-damage|p1b: Grimmsnarl|74/100
|move|p2b: Incineroar|Knock Off|p1a: Armarouge
|-supereffective|p1a: Armarouge
|-damage|p1a: Armarouge|19/100
|-enditem|p1a: Armarouge|Assault Vest|[from] move: Knock Off|[of] p2b: Incineroar
|
|-weather|Snowscape|[upkeep]
|upkeep
|turn|2
|inactive|Ducke1512 has 30 seconds left.
|inactive|Ducke1512 has 20 seconds left.
|inactive|Ducke1512 has 15 seconds left.
|
|t:|1756347870
|move|p1b: Grimmsnarl|Parting Shot|p2a: Ninetales
|-unboost|p2a: Ninetales|atk|1
|-unboost|p2a: Ninetales|spa|1
|
|t:|1756347872
|switch|p1b: Indeedee|Indeedee-F, L50, F|100/100|[from] Parting Shot
|-fieldstart|move: Psychic Terrain|[from] ability: Psychic Surge|[of] p1b: Indeedee
|-enditem|p1b: Indeedee|Psychic Seed
|-boost|p1b: Indeedee|spd|1|[from] item: Psychic Seed
|move|p2a: Ninetales|Blizzard|p1a: Armarouge|[spread] p1a,p1b
|-resisted|p1a: Armarouge
|-damage|p1a: Armarouge|8/100
|-damage|p1b: Indeedee|91/100
|move|p1a: Armarouge|Armor Cannon|p2a: Ninetales
|-damage|p2a: Ninetales|18/100
|-unboost|p1a: Armarouge|def|1
|-unboost|p1a: Armarouge|spd|1
|move|p2b: Incineroar|Knock Off|p1a: Armarouge
|-supereffective|p1a: Armarouge
|-damage|p1a: Armarouge|0 fnt
|faint|p1a: Armarouge
|
|-weather|Snowscape|[upkeep]
|upkeep
|
|t:|1756347883
|switch|p1a: Grimmsnarl|Grimmsnarl, L50, M|74/100
|turn|3
|
|t:|1756347906
|move|p1a: Grimmsnarl|Fake Out|p2b: Incineroar
|-activate|p2b: Incineroar|move: Psychic Terrain
|move|p2a: Ninetales|Blizzard|p1b: Indeedee|[spread] p1a,p1b
|-damage|p1a: Grimmsnarl|54/100
|-damage|p1b: Indeedee|82/100
|move|p2b: Incineroar|Knock Off|p1b: Indeedee
|-supereffective|p1b: Indeedee
|-damage|p1b: Indeedee|0 fnt
|faint|p1b: Indeedee
|
|-weather|Snowscape|[upkeep]
|upkeep
|
|t:|1756347917
|switch|p1b: Dragonite|Dragonite, L50, M|100/100
|turn|4
|
|t:|1756347934
|-terastallize|p1b: Dragonite|Flying
|move|p1a: Grimmsnarl|Parting Shot|p2a: Ninetales
|-activate|p2a: Ninetales|move: Psychic Terrain
|move|p2a: Ninetales|Blizzard|p1b: Dragonite|[spread] p1a,p1b
|-supereffective|p1b: Dragonite
|-damage|p1a: Grimmsnarl|36/100
|-damage|p1b: Dragonite|64/100
|move|p1b: Dragonite|Tera Blast|p2a: Ninetales|[anim] Tera Blast Flying
|-damage|p2a: Ninetales|0 fnt
|faint|p2a: Ninetales
|move|p2b: Incineroar|Knock Off|p1b: Dragonite
|-damage|p1b: Dragonite|26/100
|-enditem|p1b: Dragonite|Choice Band|[from] move: Knock Off|[of] p2b: Incineroar
|
|-weather|Snowscape|[upkeep]
|upkeep
|
|t:|1756347943
|switch|p2a: Dragonite|Dragonite, L50, M, shiny|100/100
|turn|5
|
|t:|1756347952
|move|p1a: Grimmsnarl|Reflect|p1a: Grimmsnarl
|-sidestart|p1: Ducke1512|Reflect
|move|p2a: Dragonite|Scale Shot|p1b: Dragonite|[miss]
|-miss|p2a: Dragonite|p1b: Dragonite
|move|p1b: Dragonite|Outrage|p2b: Incineroar
|-damage|p2b: Incineroar|34/100
|move|p2b: Incineroar|Knock Off|p1a: Grimmsnarl
|-resisted|p1a: Grimmsnarl
|-damage|p1a: Grimmsnarl|30/100
|-enditem|p1a: Grimmsnarl|Light Clay|[from] move: Knock Off|[of] p2b: Incineroar
|
|-weather|none
|upkeep
|turn|6
|inactive|JakAttack626 has 30 seconds left.
|
|t:|1756347979
|move|p1a: Grimmsnarl|Parting Shot|p2a: Dragonite
|-unboost|p2a: Dragonite|atk|1
|-unboost|p2a: Dragonite|spa|1
|move|p2a: Dragonite|Scale Shot|p1b: Dragonite
|-damage|p1b: Dragonite|20/100
|-damage|p1b: Dragonite|14/100
|-damage|p1b: Dragonite|7/100
|-damage|p1b: Dragonite|1/100
|-hitcount|p1b: Dragonite|4
|-unboost|p2a: Dragonite|def|1
|-boost|p2a: Dragonite|spe|1
|move|p1b: Dragonite|Outrage|p2b: Incineroar|[from] lockedmove
|-damage|p2b: Incineroar|0 fnt
|faint|p2b: Incineroar
|
|-fieldend|move: Psychic Terrain
|upkeep
|
|t:|1756347983
|switch|p2b: Garchomp|Garchomp, L50, F|100/100
|turn|7
|
|t:|1756347998
|move|p1a: Grimmsnarl|Parting Shot|p2b: Garchomp
|-unboost|p2b: Garchomp|atk|1
|-unboost|p2b: Garchomp|spa|1
|move|p2a: Dragonite|Scale Shot|p1b: Dragonite|[miss]
|-miss|p2a: Dragonite|p1b: Dragonite
|move|p2b: Garchomp|Stomping Tantrum|p1a: Grimmsnarl
|-damage|p1a: Grimmsnarl|9/100
|-damage|p2b: Garchomp|91/100|[from] item: Life Orb
|move|p1b: Dragonite|Outrage|p2b: Garchomp|[from] lockedmove
|-supereffective|p2b: Garchomp
|-damage|p2b: Garchomp|0 fnt
|-damage|p1b: Dragonite|0 fnt|[from] ability: Rough Skin|[of] p2b: Garchomp
|faint|p2b: Garchomp
|faint|p1b: Dragonite
|
|upkeep
|turn|8
|-message|Ducke1512 forfeited.
|
|win|JakAttack626
|l|☆Ducke1512
|player|p1|
||Ducke1512 is ready for game 2.
