|j|☆regitron 21
|j|‽jfaria97
|html|regitron 21jfaria97    
|uhtml|bestof|Game 2 of a best-of-3
|t:|1756427827
|gametype|doubles
|player|p1|regitron 21|shauntal|1082
|player|p2|jfaria97|red|1050
|gen|9
|tier|[Gen 9] VGC 2025 Reg H (Bo3)
|rated|
|rule|Species Clause: Limit one of each Pokémon
|rule|Item Clause: Limit 1 of each item
|clearpoke
|poke|p1|Slaking, L50, M|
|poke|p1|Meowstic, L50, M|
|poke|p1|Volcarona, L50, M|
|poke|p1|Delphox, L50, F|
|poke|p1|Indeedee-F, L50, F|
|poke|p1|Garchomp, L50, M|
|poke|p2|Gholdengo, L50|
|poke|p2|Incineroar, L50, F|
|poke|p2|Garchomp, L50, F|
|poke|p2|Dragonite, L50, F|
|poke|p2|Weezing, L50, M|
|poke|p2|Ursaluna-Bloodmoon, L50, M|
|teampreview|4
|showteam|p1|Slaking||ClearAmulet|Truant|Protect,HighHorsepower,DoubleEdge,BulkUp|||M|||50|,,,,,Fire]Meowstic||CovertCloak|Prankster|SkillSwap,Psychic,ThunderWave,SunnyDay|||M|||50|,,,,,Dark]Volcarona||FocusSash|FlameBody|Tailwind,QuiverDance,BugBuzz,HeatWave|||M|||50|,,,,,Grass]Delphox||LifeOrb|Blaze|HeatWave,ExpandingForce,ShadowBall,Protect|||F|||50|,,,,,Dark]Indeedee-F||PsychicSeed|PsychicSurge|FollowMe,Imprison,TrickRoom,Psychic|||F|||50|,,,,,Fairy]Garchomp||EjectPack|RoughSkin|StompingTantrum,Earthquake,DragonClaw,Protect|||M|||50|,,,,,Flying
|showteam|p2|Gholdengo||LifeOrb|GoodasGold|MakeItRain,ShadowBall,NastyPlot,Protect||||||50|,,,,,Water]Incineroar||AbilityShield|Intimidate|FlareBlitz,KnockOff,FakeOut,PartingShot|||F|||50|,,,,,Ghost]Garchomp||SafetyGoggles|RoughSkin|Earthquake,StompingTantrum,RockSlide,Protect|||F|||50|,,,,,Ground]Dragonite||LoadedDice|Multiscale|ScaleShot,ExtremeSpeed,Tailwind,Protect|||F|||50|,,,,,Steel]Weezing||SitrusBerry|NeutralizingGas|SludgeBomb,WillOWisp,Taunt,Protect|||M|||50|,,,,,Flying]Ursaluna-Bloodmoon||AssaultVest|MindsEye|HyperVoice,EarthPower,BloodMoon,VacuumWave|||M|||50|,,,,,Water
|c|☆regitron 21|hey good luck again
|c|☆regitron 21|good match before!
|inactive|Battle timer is ON: inactive players will automatically lose when time's up. (requested by jfaria97)
|c|☆regitron 21|uh you don't want to say nothing?
|inactive|regitron 21 has 60 seconds left.
|inactive|jfaria97 has 60 seconds left.
|inactive|regitron 21 has 30 seconds left.
|inactive|jfaria97 has 30 seconds left.
|
|t:|1756427905
|teamsize|p1|4
|teamsize|p2|4
|start
|switch|p1a: Delphox|Delphox, L50, F|100/100
|switch|p1b: Chonkydee|Indeedee-F, L50, F|100/100
|switch|p2a: Weezing|Weezing, L50, M|100/100
|switch|p2b: Incineroar|Incineroar, L50, F|100/100
|-ability|p2a: Weezing|Neutralizing Gas
|-block|p2b: Incineroar|item: Ability Shield
|-ability|p2b: Incineroar|Intimidate|boost
|-unboost|p1a: Delphox|atk|1
|-unboost|p1b: Chonkydee|atk|1
|turn|1
|
|t:|1756427926
|switch|p1b: Volcarona|Volcarona, L50, M|100/100
|move|p1a: Delphox|Protect|p1a: Delphox
|-singleturn|p1a: Delphox|Protect
|move|p2a: Weezing|Protect|p2a: Weezing
|-singleturn|p2a: Weezing|Protect
|move|p2b: Incineroar|Knock Off|p1a: Delphox
|-activate|p1a: Delphox|move: Protect
|
|upkeep
|turn|2
|inactive|regitron 21 has 30 seconds left.
|
|t:|1756427954
|switch|p1a: Garchomp|Garchomp, L50, M|100/100
|-end|p2a: Weezing|ability: Neutralizing Gas
|switch|p2a: Garchomp|Garchomp, L50, F|100/100
|move|p1b: Volcarona|Quiver Dance|p1b: Volcarona
|-boost|p1b: Volcarona|spa|1
|-boost|p1b: Volcarona|spd|1
|-boost|p1b: Volcarona|spe|1
|move|p2b: Incineroar|Knock Off|p1a: Garchomp
|-damage|p1a: Garchomp|63/100
|-damage|p2b: Incineroar|88/100|[from] ability: Rough Skin|[of] p1a: Garchomp
|-enditem|p1a: Garchomp|Eject Pack|[from] move: Knock Off|[of] p2b: Incineroar
|
|upkeep
|turn|3
|inactive|jfaria97 has 30 seconds left.
|inactive|jfaria97 has 20 seconds left.
|inactive|jfaria97 has 15 seconds left.
|inactive|regitron 21 has 30 seconds left.
|inactive|jfaria97 has 10 seconds left.
|inactive|jfaria97 has 5 seconds left.
|
|t:|1756428006
|switch|p2b: Weezing|Weezing, L50, M|100/100
|-ability|p2b: Weezing|Neutralizing Gas
|-terastallize|p2a: Garchomp|Ground
|move|p1a: Garchomp|Protect|p1a: Garchomp
|-singleturn|p1a: Garchomp|Protect
|move|p1b: Volcarona|Tailwind|p1b: Volcarona
|-sidestart|p1: regitron 21|move: Tailwind
|move|p2a: Garchomp|Rock Slide|p1b: Volcarona|[spread] p1b
|-activate|p1a: Garchomp|move: Protect
|-supereffective|p1b: Volcarona
|-enditem|p1b: Volcarona|Focus Sash
|-damage|p1b: Volcarona|1/100
|
|upkeep
|turn|4
|
|t:|1756428031
|move|p2b: Weezing|Protect|p2b: Weezing
|-singleturn|p2b: Weezing|Protect
|move|p1b: Volcarona|Heat Wave|p2b: Weezing|[spread] p2a
|-activate|p2b: Weezing|move: Protect
|-damage|p2a: Garchomp|41/100
|move|p1a: Garchomp|Stomping Tantrum|p2a: Garchomp
|-damage|p2a: Garchomp|2/100
|move|p2a: Garchomp|Earthquake|p1b: Volcarona|[spread] p1a,p1b
|-activate|p2b: Weezing|move: Protect
|-damage|p1a: Garchomp|5/100
|-damage|p1b: Volcarona|0 fnt
|faint|p1b: Volcarona
|
|upkeep
|
|t:|1756428047
|switch|p1b: Delphox|Delphox, L50, F|100/100
|turn|5
|
|t:|1756428068
|-end|p2b: Weezing|ability: Neutralizing Gas
|switch|p2b: Incineroar|Incineroar, L50, F|88/100
|-ability|p2b: Incineroar|Intimidate|boost
|-unboost|p1a: Garchomp|atk|1
|-unboost|p1b: Delphox|atk|1
|move|p1b: Delphox|Protect|p1b: Delphox
|-singleturn|p1b: Delphox|Protect
|move|p1a: Garchomp|Earthquake|p2b: Incineroar|[spread] p2a,p2b
|-activate|p1b: Delphox|move: Protect
|-supereffective|p2b: Incineroar
|-damage|p2a: Garchomp|0 fnt
|-damage|p2b: Incineroar|36/100
|faint|p2a: Garchomp
|
|upkeep
|
|t:|1756428072
|switch|p2a: Weezing|Weezing, L50, M|100/100
|-ability|p2a: Weezing|Neutralizing Gas
|-block|p2b: Incineroar|item: Ability Shield
|turn|6
|inactive|regitron 21 has 30 seconds left.
|
|t:|1756428104
|switch|p1a: Chonkydee|Indeedee-F, L50, F|100/100
|-end|p2a: Weezing|ability: Neutralizing Gas
|-fieldstart|move: Psychic Terrain|[from] ability: Psychic Surge|[of] p1a: Chonkydee
|-enditem|p1a: Chonkydee|Psychic Seed
|-boost|p1a: Chonkydee|spd|1|[from] item: Psychic Seed
|switch|p2a: Dragonite|Dragonite, L50, F|100/100
|move|p2b: Incineroar|Fake Out|p1b: Delphox
|-activate|p1b: Delphox|move: Psychic Terrain
|move|p1b: Delphox|Expanding Force|p2b: Incineroar|[spread] p2a
|-immune|p2b: Incineroar
|-damage|p2a: Dragonite|69/100
|-damage|p1b: Delphox|90/100|[from] item: Life Orb
|
|-sideend|p1: regitron 21|move: Tailwind
|upkeep
|turn|7
|inactive|regitron 21 has 30 seconds left.
|
|t:|1756428131
|move|p1a: Chonkydee|Follow Me|p1a: Chonkydee
|-singleturn|p1a: Chonkydee|move: Follow Me
|move|p1b: Delphox|Expanding Force|p2a: Dragonite|[spread] p2a
|-immune|p2b: Incineroar
|-damage|p2a: Dragonite|4/100
|-damage|p1b: Delphox|80/100|[from] item: Life Orb
|move|p2a: Dragonite|Tailwind|p2a: Dragonite
|-sidestart|p2: jfaria97|move: Tailwind
|move|p2b: Incineroar|Knock Off|p1a: Chonkydee
|-supereffective|p1a: Chonkydee
|-damage|p1a: Chonkydee|50/100
|
|upkeep
|turn|8
|
|t:|1756428146
|move|p2a: Dragonite|Protect|p2a: Dragonite
|-singleturn|p2a: Dragonite|Protect
|move|p1b: Delphox|Heat Wave|p2b: Incineroar|[spread] p2b
|-activate|p2a: Dragonite|move: Protect
|-resisted|p2b: Incineroar
|-damage|p2b: Incineroar|17/100
|-damage|p1b: Delphox|70/100|[from] item: Life Orb
|move|p2b: Incineroar|Flare Blitz|p1a: Chonkydee
|-damage|p1a: Chonkydee|0 fnt
|faint|p1a: Chonkydee
|-damage|p2b: Incineroar|1/100|[from] Recoil
|
|upkeep
|
|t:|1756428158
|switch|p1a: Garchomp|Garchomp, L50, M|5/100
|turn|9
|inactive|regitron 21 has 30 seconds left.
|
|t:|1756428185
|-terastallize|p1b: Delphox|Dark
|move|p1a: Garchomp|Protect|p1a: Garchomp
|-singleturn|p1a: Garchomp|Protect
|move|p2a: Dragonite|Scale Shot|p1b: Delphox
|-damage|p1b: Delphox|48/100
|-damage|p1b: Delphox|28/100
|-damage|p1b: Delphox|8/100
|-damage|p1b: Delphox|0 fnt
|faint|p1b: Delphox
|-hitcount|p1: Delphox|4
|-unboost|p2a: Dragonite|def|1
|-boost|p2a: Dragonite|spe|1
|move|p2b: Incineroar|Knock Off|p1a: Garchomp
|-activate|p1a: Garchomp|move: Protect
|
|upkeep
|turn|10
|c|☆regitron 21|gg
|
|t:|1756428202
|move|p2a: Dragonite|Scale Shot|p1a: Garchomp
|-supereffective|p1a: Garchomp
|-damage|p1a: Garchomp|0 fnt
|faint|p1a: Garchomp
|-hitcount|p1: Garchomp|1
|
|win|jfaria97
|raw|regitron 21's rating: 1082 → 1058(-24 for losing)
|raw|jfaria97's rating: 1050 → 1085(+35 for winning)
