|j|☆PokePiova
|j|☆pakaan64
|html|PokePiovapakaan64    
|uhtml|bestof|Game 1 of a best-of-3
|t:|1757680029
|gametype|doubles
|player|p1|PokePiova|n|1198
|player|p2|pakaan64|1|1112
|gen|9
|tier|[Gen 9] VGC 2025 Reg H (Bo3)
|rated|
|rule|Species Clause: Limit one of each Pokémon
|rule|Item Clause: Limit 1 of each item
|clearpoke
|poke|p1|Pelipper, L50, M|
|poke|p1|Basculegion, L50, M|
|poke|p1|Archaludon, L50, M|
|poke|p1|Rillaboom, L50, M|
|poke|p1|Sinistcha, L50|
|poke|p1|Gholdengo, L50|
|poke|p2|Tatsugiri, L50, M|
|poke|p2|Arcanine, L50, M|
|poke|p2|Rillaboom, L50, F|
|poke|p2|Corviknight, L50, M|
|poke|p2|Goodra-Hisui, L50, F|
|poke|p2|Pawmot, L50, F|
|teampreview|4
|showteam|p1|Pelipper||FocusSash|Drizzle|Hurricane,WeatherBall,Tailwind,Protect|||M|||50|,,,,,Stellar]Basculegion||ChoiceBand|SwiftSwim|WaveCrash,FlipTurn,AquaJet,LastRespects|||M|||50|,,,,,Water]Archaludon||AssaultVest|Stamina|ElectroShot,DracoMeteor,FlashCannon,BodyPress|||M|||50|,,,,,Bug]Rillaboom||LoadedDice|GrassySurge|FakeOut,GrassyGlide,BulletSeed,Uturn|||M|||50|,,,,,Fire]Sinistcha||SitrusBerry|Hospitality|MatchaGotcha,RagePowder,LifeDew,Protect||||||50|,,,,,Fire]Gholdengo||LifeOrb|GoodasGold|MakeItRain,ShadowBall,Protect,NastyPlot||||||50|,,,,,Water
|showteam|p2|Tatsugiri||FocusSash|StormDrain|Protect,IcyWind,Taunt,HydroPump|||M|||50|,,,,,Flying]Arcanine||Leftovers|Intimidate|FlareBlitz,ExtremeSpeed,Protect,WillOWisp|||M|||50|,,,,,Grass]Rillaboom||AssaultVest|GrassySurge|FakeOut,WoodHammer,GrassyGlide,Uturn|||F|||50|,,,,,Ghost]Corviknight||RockyHelmet|MirrorArmor|BulkUp,Tailwind,Roost,BraveBird|||M|||50|,,,,,Fire]Goodra-Hisui||SafetyGoggles|ShellArmor|Curse,Protect,HeavySlam,DragonClaw|||F|||50|,,,,,Ghost]Pawmot||ClearAmulet|IronFist|MachPunch,ThunderPunch,Protect,FakeOut|||F|||50|,,,,,Electric
|inactive|Battle timer is ON: inactive players will automatically lose when time's up. (requested by pakaan64)
|
|t:|1757680111
|teamsize|p1|4
|teamsize|p2|4
|start
|switch|p1a: Rillaboom|Rillaboom, L50, M|100/100
|switch|p1b: Archaludon|Archaludon, L50, M|100/100
|switch|p2a: Rillaboom|Rillaboom, L50, F|100/100
|switch|p2b: Corviknight|Corviknight, L50, M|100/100
|-fieldstart|move: Grassy Terrain|[from] ability: Grassy Surge|[of] p2a: Rillaboom
|turn|1
|
|t:|1757680133
|move|p1a: Rillaboom|Fake Out|p2b: Corviknight
|-resisted|p2b: Corviknight
|-damage|p2b: Corviknight|95/100
|-damage|p1a: Rillaboom|84/100|[from] item: Rocky Helmet|[of] p2b: Corviknight
|move|p2a: Rillaboom|U-turn|p1a: Rillaboom
|-supereffective|p1a: Rillaboom
|-damage|p1a: Rillaboom|36/100
|
|t:|1757680142
|switch|p2a: Pawmot|Pawmot, L50, F|100/100|[from] U-turn
|move|p1b: Archaludon|Body Press|p2b: Corviknight
|-damage|p2b: Corviknight|74/100
|-damage|p1b: Archaludon|84/100|[from] item: Rocky Helmet|[of] p2b: Corviknight
|cant|p2b: Corviknight|flinch
|
|-heal|p1a: Rillaboom|42/100|[from] Grassy Terrain
|-heal|p1b: Archaludon|90/100|[from] Grassy Terrain
|upkeep
|turn|2
|
|t:|1757680163
|-terastallize|p1b: Archaludon|Bug
|move|p2a: Pawmot|Fake Out|p1a: Rillaboom
|-crit|p1a: Rillaboom
|-damage|p1a: Rillaboom|21/100
|cant|p1a: Rillaboom|flinch
|move|p1b: Archaludon|Electro Shot||[still]
|-prepare|p1b: Archaludon|Electro Shot
|-boost|p1b: Archaludon|spa|1
|move|p2b: Corviknight|Tailwind|p2b: Corviknight
|-sidestart|p2: pakaan64|move: Tailwind
|
|-heal|p1a: Rillaboom|27/100|[from] Grassy Terrain
|-heal|p1b: Archaludon|96/100|[from] Grassy Terrain
|upkeep
|turn|3
|inactive|PokePiova has 30 seconds left.
|
|t:|1757680191
|move|p2a: Pawmot|Mach Punch|p1a: Rillaboom
|-damage|p1a: Rillaboom|7/100
|move|p1a: Rillaboom|Grassy Glide|p2a: Pawmot
|-damage|p2a: Pawmot|36/100
|move|p2b: Corviknight|Brave Bird|p1b: Archaludon
|-supereffective|p1b: Archaludon
|-damage|p1b: Archaludon|31/100
|-ability|p1b: Archaludon|Stamina|boost
|-boost|p1b: Archaludon|def|1
|-damage|p2b: Corviknight|54/100|[from] Recoil
|move|p1b: Archaludon|Electro Shot|p2b: Corviknight|[from] lockedmove
|-supereffective|p2b: Corviknight
|-damage|p2b: Corviknight|0 fnt
|faint|p2b: Corviknight
|
|-heal|p2a: Pawmot|43/100|[from] Grassy Terrain
|-heal|p1a: Rillaboom|13/100|[from] Grassy Terrain
|-heal|p1b: Archaludon|38/100|[from] Grassy Terrain
|upkeep
|
|t:|1757680204
|switch|p2b: Tatsugiri|Tatsugiri, L50, M|100/100
|turn|4
|
|t:|1757680216
|switch|p1a: Sinistcha|Sinistcha, L50|100/100
|-heal|p1b: Archaludon|62/100|[from] ability: Hospitality|[of] p1a: Sinistcha
|move|p2a: Pawmot|Mach Punch|p1a: Sinistcha
|-immune|p1a: Sinistcha
|move|p2b: Tatsugiri|Hydro Pump|p1b: Archaludon
|-damage|p1b: Archaludon|29/100
|-ability|p1b: Archaludon|Stamina|boost
|-boost|p1b: Archaludon|def|1
|move|p1b: Archaludon|Body Press|p2a: Pawmot
|-damage|p2a: Pawmot|0 fnt
|faint|p2a: Pawmot
|
|-heal|p1b: Archaludon|35/100|[from] Grassy Terrain
|upkeep
|
|t:|1757680229
|switch|p2a: Rillaboom|Rillaboom, L50, F|100/100
|turn|5
|
|t:|1757680248
|move|p2a: Rillaboom|Fake Out|p1b: Archaludon
|-damage|p1b: Archaludon|29/100
|-ability|p1b: Archaludon|Stamina|boost
|-boost|p1b: Archaludon|def|1
|move|p1a: Sinistcha|Rage Powder|p1a: Sinistcha
|-singleturn|p1a: Sinistcha|move: Rage Powder
|move|p2b: Tatsugiri|Taunt|p1a: Sinistcha
|-start|p1a: Sinistcha|move: Taunt
|cant|p1b: Archaludon|flinch
|
|-heal|p1b: Archaludon|36/100|[from] Grassy Terrain
|-sideend|p2: pakaan64|move: Tailwind
|-fieldend|move: Grassy Terrain
|upkeep
|turn|6
|
|t:|1757680267
|move|p2a: Rillaboom|U-turn|p1a: Sinistcha
|-damage|p1a: Sinistcha|78/100
|move|p2b: Tatsugiri|Hydro Pump|p1b: Archaludon
|-damage|p1b: Archaludon|0 fnt
|faint|p1b: Archaludon
|move|p1a: Sinistcha|Matcha Gotcha|p2b: Tatsugiri|[spread] p2b
|-miss|p1a: Sinistcha|p2a: Rillaboom
|-damage|p2b: Tatsugiri|65/100
|-heal|p1a: Sinistcha|93/100|[from] drain|[of] p2b: Tatsugiri
|
|upkeep
|
|t:|1757680282
|switch|p1b: Rillaboom|Rillaboom, L50, M|13/100
|-fieldstart|move: Grassy Terrain|[from] ability: Grassy Surge|[of] p1b: Rillaboom
|turn|7
|
|t:|1757680295
|move|p1b: Rillaboom|Fake Out|p2a: Rillaboom
|-damage|p2a: Rillaboom|84/100
|cant|p2a: Rillaboom|flinch
|move|p2b: Tatsugiri|Icy Wind|p1a: Sinistcha|[spread] p1a,p1b
|-supereffective|p1a: Sinistcha
|-supereffective|p1b: Rillaboom
|-damage|p1a: Sinistcha|63/100
|-damage|p1b: Rillaboom|0 fnt
|-unboost|p1a: Sinistcha|spe|1
|faint|p1b: Rillaboom
|move|p1a: Sinistcha|Matcha Gotcha|p2a: Rillaboom|[spread] p2a,p2b
|-resisted|p2a: Rillaboom
|-damage|p2a: Rillaboom|68/100
|-heal|p1a: Sinistcha|71/100|[from] drain|[of] p2a: Rillaboom
|-damage|p2b: Tatsugiri|20/100
|-heal|p1a: Sinistcha|89/100|[from] drain|[of] p2b: Tatsugiri
|
|-heal|p2a: Rillaboom|74/100|[from] Grassy Terrain
|-heal|p2b: Tatsugiri|26/100|[from] Grassy Terrain
|-heal|p1a: Sinistcha|95/100|[from] Grassy Terrain
|upkeep
|
|t:|1757680314
|switch|p1b: Pelipper|Pelipper, L50, M|100/100
|-weather|RainDance|[from] ability: Drizzle|[of] p1b: Pelipper
|turn|8
|
|t:|1757680330
|move|p2a: Rillaboom|Wood Hammer|p1b: Pelipper
|-enditem|p1b: Pelipper|Focus Sash
|-damage|p1b: Pelipper|1/100
|-damage|p2a: Rillaboom|48/100|[from] Recoil
|move|p2b: Tatsugiri|Icy Wind|p1a: Sinistcha|[spread] p1a,p1b
|-supereffective|p1a: Sinistcha
|-damage|p1a: Sinistcha|70/100
|-damage|p1b: Pelipper|0 fnt
|-unboost|p1a: Sinistcha|spe|1
|faint|p1b: Pelipper
|move|p1a: Sinistcha|Matcha Gotcha|p2b: Tatsugiri|[spread] p2a,p2b
|-resisted|p2a: Rillaboom
|-damage|p2a: Rillaboom|32/100
|-heal|p1a: Sinistcha|78/100|[from] drain|[of] p2a: Rillaboom
|-damage|p2b: Tatsugiri|0 fnt
|-heal|p1a: Sinistcha|88/100|[from] drain|[of] p2b: Tatsugiri
|faint|p2b: Tatsugiri
|
|-weather|RainDance|[upkeep]
|-heal|p2a: Rillaboom|38/100|[from] Grassy Terrain
|-heal|p1a: Sinistcha|94/100|[from] Grassy Terrain
|-end|p1a: Sinistcha|move: Taunt
|upkeep
|turn|9
|inactive|PokePiova has 30 seconds left.
|
|t:|1757680355
|move|p2a: Rillaboom|U-turn|p1a: Sinistcha
|-damage|p1a: Sinistcha|70/100
|move|p1a: Sinistcha|Matcha Gotcha|p2a: Rillaboom
|-resisted|p2a: Rillaboom
|-damage|p2a: Rillaboom|17/100
|-heal|p1a: Sinistcha|80/100|[from] drain|[of] p2a: Rillaboom
|
|-weather|RainDance|[upkeep]
|-heal|p2a: Rillaboom|23/100|[from] Grassy Terrain
|-heal|p1a: Sinistcha|86/100|[from] Grassy Terrain
|upkeep
|turn|10
|
|t:|1757680366
|move|p2a: Rillaboom|Wood Hammer|p1a: Sinistcha
|-resisted|p1a: Sinistcha
|-damage|p1a: Sinistcha|45/100
|-enditem|p1a: Sinistcha|Sitrus Berry|[eat]
|-heal|p1a: Sinistcha|70/100|[from] item: Sitrus Berry
|-damage|p2a: Rillaboom|9/100|[from] Recoil
|move|p1a: Sinistcha|Matcha Gotcha|p2a: Rillaboom
|-resisted|p2a: Rillaboom
|-damage|p2a: Rillaboom|0 fnt
|-heal|p1a: Sinistcha|75/100|[from] drain|[of] p2a: Rillaboom
|faint|p2a: Rillaboom
|
|win|PokePiova
||PokePiova is ready for game 2.
|inactive|pakaan64 has 30 seconds to confirm battle start!
||pakaan64 is ready for game 2.
|uhtml|next|Next: Game 2 of 3
|l|☆PokePiova
|player|p1|
