|j|☆Alakazam511
|j|☆illaares
|html|Alakazam511illaares    
|uhtml|bestof|Game 1 of a best-of-3
|t:|1785680786
|gametype|doubles
|player|p1|Alakazam511|2|
|player|p2|illaares|psychicf-gen4|
|gen|9
|tier|[Gen 9 Champions] VGC 2026 Reg M-B (Bo3)
|rule|Species Clause: Limit one of each Pokémon
|rule|Item Clause: Limit 1 of each item
|clearpoke
|poke|p1|Pidgeot, L50, F|
|poke|p1|Tauros-Paldea-Aqua, L50, M|
|poke|p1|Rotom-Mow, L50|
|poke|p1|Mamoswine, L50, F|
|poke|p1|Slowbro-Galar, L50, M|
|poke|p1|Spiritomb, L50, M|
|poke|p2|Clefable, L50, F|
|poke|p2|Mamoswine, L50, M|
|poke|p2|Musharna, L50, F|
|poke|p2|Empoleon, L50, M|
|poke|p2|Rotom-Heat, L50|
|poke|p2|Meganium, L50, F|
|teampreview|4
|showteam|p1|Pidgeot||Pidgeotite|KeenEye|Hurricane,HeatWave,Tailwind,Protect|Timid||F|||50|]Tauros-Paldea-Aqua||WhiteHerb|Intimidate|WaveCrash,CloseCombat,AquaJet,Protect|Jolly||M|||50|]Rotom-Mow||SitrusBerry|Levitate|Thunderbolt,LeafStorm,WillOWisp,HelpingHand|Modest|||||50|]Mamoswine||LifeOrb|Oblivious|IcicleCrash,HighHorsepower,IceShard,Protect|Jolly||F|||50|]Slowbro-Galar||QuickClaw|QuickDraw|ShellSideArm,Psychic,NastyPlot,Protect|Quiet||M|||50|]Spiritomb||RoseliBerry|Infiltrator|TrickRoom,WillOWisp,Snarl,NightShade|Sassy||M|||50|
|showteam|p2|Clefable||Clefablite|CuteCharm|Moonblast,FollowMe,Protect,AirSlash|Quiet||F|||50|]Mamoswine||NeverMeltIce|Oblivious|IceShard,Protect,Earthquake,IcicleCrash|Brave||M|||50|]Musharna||MentalHerb|Telepathy|TrickRoom,HelpingHand,Yawn,Protect|Sassy||F|||50|]Empoleon||ChopleBerry|Competitive|Protect,FlashCannon,Surf,VacuumWave|Quiet||M|||50|]Rotom-Heat||Charcoal|Levitate|Overheat,Thunderbolt,VoltSwitch,WillOWisp|Quiet|||||50|]Meganium||Meganiumite|Overgrow|SolarBeam,DazzlingGleam,WeatherBall,Protect|Quiet||F|||50|
|j| GLUFTOD
|l| GLUFTOD
|inactive|Battle timer is ON: inactive players will automatically lose when time's up. (requested by illaares)
|inactiveoff|Battle timer is now OFF.
|
|t:|1785681293
|teamsize|p1|4
|teamsize|p2|4
|start
|switch|p1a: Pidgeot|Pidgeot, L50, F|100/100
|switch|p1b: Tauros|Tauros-Paldea-Aqua, L50, M|100/100
|switch|p2a: Clefable|Clefable, L50, F|100/100
|switch|p2b: Musharna|Musharna, L50, F|100/100
|-ability|p1b: Tauros|Intimidate|boost
|-unboost|p2a: Clefable|atk|1
|-unboost|p2b: Musharna|atk|1
|turn|1
|
|t:|1785681340
|detailschange|p2a: Clefable|Clefable-Mega, L50, F
|-mega|p2a: Clefable|Clefable|Clefablite
|move|p1a: Pidgeot|Tailwind|p1a: Pidgeot
|-sidestart|p1: Alakazam511|move: Tailwind
|move|p1b: Tauros|Wave Crash|p2b: Musharna
|-damage|p2b: Musharna|57/100
|-damage|p1b: Tauros|79/100|[from] Recoil
|move|p2a: Clefable|Moonblast|p1b: Tauros
|-supereffective|p1b: Tauros|1
|-damage|p1b: Tauros|0 fnt
|faint|p1b: Tauros
|move|p2b: Musharna|Yawn|p1a: Pidgeot
|-start|p1a: Pidgeot|move: Yawn|[of] p2b: Musharna
|
|upkeep
|
|t:|1785681360
|switch|p1b: Slowbro|Slowbro-Galar, L50, M|100/100
|turn|2
|-activate|p1b: Slowbro|item: Quick Claw
|
|t:|1785681381
|detailschange|p1a: Pidgeot|Pidgeot-Mega, L50, F
|-mega|p1a: Pidgeot|Pidgeot|Pidgeotite
|move|p1a: Pidgeot|Protect|p1a: Pidgeot
|-singleturn|p1a: Pidgeot|Protect
|move|p2a: Clefable|Protect|p2a: Clefable
|-singleturn|p2a: Clefable|Protect
|move|p1b: Slowbro|Shell Side Arm|p2a: Clefable|[anim] Shell Side Arm Special
|-activate|p2a: Clefable|move: Protect
|move|p2b: Musharna|Trick Room|p2b: Musharna
|-fieldstart|move: Trick Room|[of] p2b: Musharna
|
|-end|p1a: Pidgeot|move: Yawn|[silent]
|-status|p1a: Pidgeot|slp
|upkeep
|turn|3
|
|t:|1785681420
|switch|p2a: Mamoswine|Mamoswine, L50, M|100/100
|switch|p1a: Mamoswine|Mamoswine, L50, F|100/100
|move|p1b: Slowbro|Protect|p1b: Slowbro
|-singleturn|p1b: Slowbro|Protect
|move|p2b: Musharna|Yawn|p1b: Slowbro
|-activate|p1b: Slowbro|move: Protect
|
|upkeep
|turn|4
|
|t:|1785681455
|switch|p1b: Pidgeot|Pidgeot-Mega, L50, F|100/100 slp
|move|p2b: Musharna|Helping Hand|p2a: Mamoswine
|-singleturn|p2a: Mamoswine|Helping Hand|[of] p2b: Musharna
|move|p1a: Mamoswine|Protect|p1a: Mamoswine
|-singleturn|p1a: Mamoswine|Protect
|move|p2a: Mamoswine|Earthquake|p1b: Pidgeot|[spread] 
|-activate|p1a: Mamoswine|move: Protect
|-activate|p2b: Musharna|ability: Telepathy
|-immune|p1b: Pidgeot
|
|-sideend|p1: Alakazam511|move: Tailwind
|upkeep
|turn|5
|
|t:|1785681502
|move|p2b: Musharna|Yawn|p1a: Mamoswine
|-start|p1a: Mamoswine|move: Yawn|[of] p2b: Musharna
|move|p2a: Mamoswine|Icicle Crash|p1b: Pidgeot
|-supereffective|p1b: Pidgeot|1
|-damage|p1b: Pidgeot|0 fnt
|faint|p1b: Pidgeot
|move|p1a: Mamoswine|High Horsepower|p2b: Musharna
|-damage|p2b: Musharna|8/100
|-damage|p1a: Mamoswine|90/100|[from] item: Life Orb
|
|upkeep
|
|t:|1785681512
|switch|p1b: Slowbro|Slowbro-Galar, L50, M|100/100
|turn|6
|-activate|p1b: Slowbro|ability: Quick Draw
|
|t:|1785681538
|move|p2b: Musharna|Helping Hand|p2a: Mamoswine
|-singleturn|p2a: Mamoswine|Helping Hand|[of] p2b: Musharna
|move|p1a: Mamoswine|Protect|p1a: Mamoswine
|-singleturn|p1a: Mamoswine|Protect
|move|p1b: Slowbro|Shell Side Arm|p2b: Musharna|[anim] Shell Side Arm Special
|-damage|p2b: Musharna|0 fnt
|-hint|Special Shell Side Arm
|faint|p2b: Musharna
|move|p2a: Mamoswine|Earthquake|p1b: Slowbro|[spread] p1b
|-activate|p1a: Mamoswine|move: Protect
|-supereffective|p1b: Slowbro|1
|-damage|p1b: Slowbro|0 fnt
|faint|p1b: Slowbro
|
|-end|p1a: Mamoswine|move: Yawn|[silent]
|-status|p1a: Mamoswine|slp
|-fieldend|move: Trick Room
|upkeep
|
|t:|1785681553
|switch|p2b: Rotom|Rotom-Heat, L50|100/100
|turn|7
|
|t:|1785681581
|cant|p1a: Mamoswine|slp
|move|p2b: Rotom|Overheat|p1a: Mamoswine
|-supereffective|p1a: Mamoswine|1
|-damage|p1a: Mamoswine|0 fnt
|-unboost|p2b: Rotom|spa|2
|faint|p1a: Mamoswine
|
|win|illaares
|inactive|Alakazam511 has 30 seconds to confirm battle start!
|inactive|illaares has 30 seconds to confirm battle start!
|l|☆Alakazam511
|player|p1|
|inactive|Alakazam511 has 20 seconds to confirm battle start!
|inactive|illaares has 20 seconds to confirm battle start!
||Alakazam511 is ready for game 2.
|inactive|illaares has 10 seconds to confirm battle start!
|uhtml|next|Next: Game 2 of 3
