|j|☆CavaliereIsSoPeak
|j|☆NaisonD
|html|CavaliereIsSoPeakNaisonD    
|uhtml|bestof|Game 3 of a best-of-3
|t:|1756929100
|gametype|doubles
|player|p1|CavaliereIsSoPeak|gambler|
|player|p2|NaisonD|cheren-gen5bw2|
|gen|9
|tier|[Gen 9] VGC 2025 Reg H (Bo3)
|rule|Species Clause: Limit one of each Pokémon
|rule|Item Clause: Limit 1 of each item
|clearpoke
|poke|p1|Volcarona, L50, M|
|poke|p1|Basculegion, L50, M|
|poke|p1|Sneasler, L50, F|
|poke|p1|Dragonite, L50, M|
|poke|p1|Ursaluna-Bloodmoon, L50, M|
|poke|p1|Whimsicott, L50, F|
|poke|p2|Annihilape, L50, M|
|poke|p2|Sinistcha, L50|
|poke|p2|Basculegion, L50, M|
|poke|p2|Archaludon, L50, M|
|poke|p2|Maushold, L50|
|poke|p2|Pelipper, L50, M|
|teampreview|4
|showteam|p1|Volcarona||SitrusBerry|FlameBody|HeatWave,TeraBlast,QuiverDance,Protect|||M|||50|,,,,,Fairy]Basculegion||ChoiceBand|Adaptability|WaveCrash,FlipTurn,AquaJet,LastRespects|||M|||50|,,,,,Water]Sneasler||FocusSash|Unburden|DireClaw,CloseCombat,ThroatChop,Protect|||F|||50|,,,,,Dark]Dragonite||LoadedDice|Multiscale|ScaleShot,ExtremeSpeed,Haze,Protect|||M|||50|,,,,,Steel]Ursaluna-Bloodmoon||LifeOrb|MindsEye|BloodMoon,HyperVoice,EarthPower,Protect|||M|||50|,,,,,Normal]Whimsicott||CovertCloak|Prankster|Moonblast,Tailwind,Encore,Taunt|||F|||50|,,,,,Poison
|showteam|p2|Annihilape||LumBerry|Defiant|RageFist,DrainPunch,BulkUp,Protect|||M|||50|,,,,,Fire]Sinistcha||SitrusBerry|Hospitality|MatchaGotcha,LifeDew,TrickRoom,RagePowder||||||50|,,,,,Water]Basculegion||LifeOrb|SwiftSwim|WaveCrash,LastRespects,AquaJet,Protect|||M|||50|,,,,,Water]Archaludon||AssaultVest|Stamina|ElectroShot,FlashCannon,Snarl,BodyPress|||M|||50|,,,,,Fairy]Maushold||SafetyGoggles|FriendGuard|FollowMe,Taunt,BeatUp,Protect||||||50|,,,,,Ghost]Pelipper||CovertCloak|Drizzle|Hurricane,WeatherBall,Tailwind,Protect|||M|||50|,,,,,Stellar
|
|t:|1756929124
|teamsize|p1|4
|teamsize|p2|4
|start
|switch|p1a: Aqua|Basculegion, L50, M|100/100
|switch|p1b: Mary|Whimsicott, L50, F|100/100
|switch|p2a: Pelipper|Pelipper, L50, M, shiny|100/100
|switch|p2b: Archaludon|Archaludon, L50, M, shiny|100/100
|-weather|RainDance|[from] ability: Drizzle|[of] p2a: Pelipper
|turn|1
|
|t:|1756929163
|-terastallize|p1a: Aqua|Water
|move|p1b: Mary|Tailwind|p1b: Mary
|-sidestart|p1: CavaliereIsSoPeak|move: Tailwind
|move|p1a: Aqua|Flip Turn|p2b: Archaludon
|-resisted|p2b: Archaludon
|-damage|p2b: Archaludon|66/100
|-ability|p2b: Archaludon|Stamina|boost
|-boost|p2b: Archaludon|def|1
|
|t:|1756929170
|switch|p1a: Shāhmat|Ursaluna-Bloodmoon, L50, M|100/100|[from] Flip Turn
|move|p2b: Archaludon|Electro Shot||[still]
|-prepare|p2b: Archaludon|Electro Shot
|-boost|p2b: Archaludon|spa|1
|-anim|p2b: Archaludon|Electro Shot|p1a: Shāhmat
|-immune|p1a: Shāhmat
|move|p2a: Pelipper|Weather Ball|p1a: Shāhmat
|-supereffective|p1a: Shāhmat
|-damage|p1a: Shāhmat|0 fnt
|faint|p1a: Shāhmat
|
|-weather|RainDance|[upkeep]
|upkeep
|
|t:|1756929184
|switch|p1a: Aqua|Basculegion, L50, M, tera:Water|100/100
|turn|2
|inactive|Battle timer is ON: inactive players will automatically lose when time's up. (requested by CavaliereIsSoPeak)
|
|t:|1756929214
|move|p2a: Pelipper|Protect|p2a: Pelipper
|-singleturn|p2a: Pelipper|Protect
|move|p1b: Mary|Moonblast|p2b: Archaludon
|-damage|p2b: Archaludon|48/100
|-ability|p2b: Archaludon|Stamina|boost
|-boost|p2b: Archaludon|def|1
|move|p1a: Aqua|Wave Crash|p2b: Archaludon
|-resisted|p2b: Archaludon
|-damage|p2b: Archaludon|10/100
|-ability|p2b: Archaludon|Stamina|boost
|-boost|p2b: Archaludon|def|1
|-damage|p1a: Aqua|88/100|[from] Recoil
|move|p2b: Archaludon|Flash Cannon|p1b: Mary
|-supereffective|p1b: Mary
|-damage|p1b: Mary|0 fnt
|faint|p1b: Mary
|
|-weather|RainDance|[upkeep]
|upkeep
|
|t:|1756929222
|switch|p1b: D'oro|Sneasler, L50, F|100/100
|turn|3
|
|t:|1756929243
|move|p1b: D'oro|Close Combat|p2b: Archaludon
|-supereffective|p2b: Archaludon
|-damage|p2b: Archaludon|0 fnt
|-unboost|p1b: D'oro|def|1
|-unboost|p1b: D'oro|spd|1
|faint|p2b: Archaludon
|move|p1a: Aqua|Wave Crash|p2a: Pelipper
|-resisted|p2a: Pelipper
|-crit|p2a: Pelipper
|-damage|p2a: Pelipper|0 fnt
|faint|p2a: Pelipper
|-damage|p1a: Aqua|63/100|[from] Recoil
|
|-weather|RainDance|[upkeep]
|upkeep
|
|t:|1756929256
|switch|p2b: Wilhelm|Basculegion, L50, M|100/100
|switch|p2a: Mathilde|Sinistcha, L50, shiny|100/100
|turn|4
|inactive|NaisonD has 30 seconds left.
|inactive|NaisonD has 20 seconds left.
|
|t:|1756929294
|move|p1b: D'oro|Throat Chop|p2a: Mathilde
|-supereffective|p2a: Mathilde
|-damage|p2a: Mathilde|53/100
|-start|p2a: Mathilde|Throat Chop|[silent]
|move|p1a: Aqua|Wave Crash|p2a: Mathilde
|-resisted|p2a: Mathilde
|-damage|p2a: Mathilde|0 fnt
|faint|p2a: Mathilde
|-damage|p1a: Aqua|47/100|[from] Recoil
|move|p2b: Wilhelm|Last Respects|p1a: Aqua
|-damage|p1a: Aqua|0 fnt
|faint|p1a: Aqua
|-damage|p2b: Wilhelm|91/100|[from] item: Life Orb
|
|-weather|RainDance|[upkeep]
|-sideend|p1: CavaliereIsSoPeak|move: Tailwind
|upkeep
|turn|5
|
|t:|1756929310
|move|p1b: D'oro|Protect|p1b: D'oro
|-singleturn|p1b: D'oro|Protect
|move|p2b: Wilhelm|Last Respects|p1b: D'oro
|-activate|p1b: D'oro|move: Protect
|
|-weather|none
|upkeep
|turn|6
|
|t:|1756929321
|-terastallize|p2b: Wilhelm|Water
|move|p1b: D'oro|Throat Chop|p2b: Wilhelm
|-damage|p2b: Wilhelm|50/100
|-start|p2b: Wilhelm|Throat Chop|[silent]
|move|p2b: Wilhelm|Last Respects|p1b: D'oro
|-enditem|p1b: D'oro|Focus Sash
|-damage|p1b: D'oro|1/100
|-damage|p2b: Wilhelm|41/100|[from] item: Life Orb
|
|upkeep
|turn|7
|-message|CavaliereIsSoPeak forfeited.
|
|win|NaisonD
|l|☆CavaliereIsSoPeak
|player|p1|
|c|☆NaisonD|gg
