|j|☆master 792
|j|☆Icebender
|html|master 792Icebender    
|uhtml|bestof|Game 2 of a best-of-3
|t:|1784252152
|gametype|doubles
|player|p1|master 792|red|1237
|player|p2|Icebender|birdkeeper-gen4dp|1260
|gen|9
|tier|[Gen 9 Champions] VGC 2026 Reg M-B (Bo3)
|rated|
|rule|Species Clause: Limit one of each Pokémon
|rule|Item Clause: Limit 1 of each item
|clearpoke
|poke|p1|Blastoise, L50, F|
|poke|p1|Delphox, L50, F|
|poke|p1|Incineroar, L50, M|
|poke|p1|Sneasler, L50, M|
|poke|p1|Sinistcha, L50, shiny|
|poke|p1|Maushold-Four, L50|
|poke|p2|Ceruledge, L50, M|
|poke|p2|Milotic, L50, F|
|poke|p2|Incineroar, L50, M|
|poke|p2|Sinistcha, L50|
|poke|p2|Raichu, L50, M|
|poke|p2|Scizor, L50, F|
|teampreview|4
|showteam|p1|Blastoise||Blastoisinite|RainDish|WaterSpout,DarkPulse,ShellSmash,Protect|Modest||F|||50|]Delphox||Delphoxite|Blaze|HeatWave,Psychic,NastyPlot,Protect|Timid||F|||50|]Incineroar||SitrusBerry|Intimidate|FakeOut,PartingShot,FlareBlitz,ThroatChop|Bold||M|||50|]Sneasler||FocusSash|PoisonTouch|FakeOut,DireClaw,CloseCombat,QuickGuard|Jolly||M|||50|]Sinistcha||OccaBerry|Hospitality|MatchaGotcha,LifeDew,RagePowder,Protect|Bold|||||50|]Maushold-Four||ChopleBerry|FriendGuard|FollowMe,SuperFang,Protect,Taunt|Bold|||||50|
|showteam|p2|Ceruledge||ColburBerry|FlashFire|BitterBlade,ShadowSneak,BulkUp,Protect|Adamant||M|||50|]Milotic||Leftovers|Competitive|MuddyWater,Coil,Hypnosis,Protect|Calm||F|||50|]Incineroar||SitrusBerry|Intimidate|FakeOut,FlareBlitz,ThroatChop,PartingShot|Impish||M|||50|]Sinistcha||KasibBerry|Hospitality|MatchaGotcha,Protect,RagePowder,LifeDew|Relaxed|||||50|]Raichu||RaichuniteY|LightningRod|FakeOut,ZapCannon,FocusBlast,Protect|Timid||M|||50|]Scizor||Scizorite|Technician|BulletPunch,BugBite,SwordsDance,CloseCombat|Adamant||F|||50|
|
|t:|1784252207
|teamsize|p1|4
|teamsize|p2|4
|start
|switch|p1a: Sneasler|Sneasler, L50, M|100/100
|switch|p1b: Delphox|Delphox, L50, F|100/100
|switch|p2a: Raichu|Raichu, L50, M|100/100
|switch|p2b: Milotic|Milotic, L50, F|100/100
|turn|1
|
|t:|1784252237
|detailschange|p2a: Raichu|Raichu-Mega-Y, L50, M
|-mega|p2a: Raichu|Raichu|Raichunite Y
|detailschange|p1b: Delphox|Delphox-Mega, L50, F
|-mega|p1b: Delphox|Delphox|Delphoxite
|move|p2a: Raichu|Fake Out|p1a: Sneasler
|-damage|p1a: Sneasler|85/100
|move|p1b: Delphox|Nasty Plot|p1b: Delphox
|-boost|p1b: Delphox|spa|2
|cant|p1a: Sneasler|flinch
|move|p2b: Milotic|Coil|p2b: Milotic
|-boost|p2b: Milotic|atk|1
|-boost|p2b: Milotic|def|1
|-boost|p2b: Milotic|accuracy|1
|
|upkeep
|turn|2
|
|t:|1784252265
|switch|p2a: Ceruledge|Ceruledge, L50, M|100/100
|move|p1b: Delphox|Psychic|p2b: Milotic
|-damage|p2b: Milotic|31/100
|move|p1a: Sneasler|Close Combat|p2a: Ceruledge
|-immune|p2a: Ceruledge
|move|p2b: Milotic|Hypnosis|p1b: Delphox
|-status|p1b: Delphox|slp|[from] move: Hypnosis
|
|-heal|p2b: Milotic|37/100|[from] item: Leftovers
|upkeep
|turn|3
|
|t:|1784252280
|cant|p1b: Delphox|slp
|move|p1a: Sneasler|Close Combat|p2b: Milotic
|-damage|p2b: Milotic|1/100
|-unboost|p1a: Sneasler|def|1
|-unboost|p1a: Sneasler|spd|1
|-status|p2b: Milotic|psn|[from] ability: Poison Touch|[of] p1a: Sneasler
|move|p2a: Ceruledge|Bulk Up|p2a: Ceruledge
|-boost|p2a: Ceruledge|atk|1
|-boost|p2a: Ceruledge|def|1
|move|p2b: Milotic|Hypnosis|p1a: Sneasler|[miss]
|-miss|p2b: Milotic|p1a: Sneasler
|
|-heal|p2b: Milotic|6/100 psn|[from] item: Leftovers
|-damage|p2b: Milotic|0 fnt|[from] psn
|faint|p2b: Milotic
|upkeep
|
|t:|1784252294
|switch|p2b: Raichu|Raichu-Mega-Y, L50, M|100/100
|turn|4
|
|t:|1784252304
|switch|p1a: Incineroar|Incineroar, L50, M|100/100
|-ability|p1a: Incineroar|Intimidate|boost
|-unboost|p2a: Ceruledge|atk|1
|-unboost|p2b: Raichu|atk|1
|move|p2a: Ceruledge|Shadow Sneak|p1b: Delphox
|-supereffective|p1b: Delphox|1
|-damage|p1b: Delphox|44/100 slp
|cant|p1b: Delphox|slp
|move|p2b: Raichu|Zap Cannon|p1a: Incineroar
|-damage|p1a: Incineroar|43/100
|-status|p1a: Incineroar|par
|-enditem|p1a: Incineroar|Sitrus Berry|[eat]
|-heal|p1a: Incineroar|68/100 par|[from] item: Sitrus Berry
|
|upkeep
|turn|5
|
|t:|1784252330
|switch|p1a: Sinistcha|Sinistcha, L50, shiny|100/100
|-heal|p1b: Delphox|69/100 slp|[from] ability: Hospitality|[of] p1a: Sinistcha
|move|p2a: Ceruledge|Shadow Sneak|p1b: Delphox
|-supereffective|p1b: Delphox|1
|-damage|p1b: Delphox|16/100 slp
|-curestatus|p1b: Delphox|slp|[msg]
|move|p1b: Delphox|Psychic|p2b: Raichu
|-damage|p2b: Raichu|0 fnt
|faint|p2b: Raichu
|
|upkeep
|
|t:|1784252340
|switch|p2b: Sinistcha|Sinistcha, L50|100/100
|turn|6
|
|t:|1784252358
|move|p1a: Sinistcha|Rage Powder|p1a: Sinistcha
|-singleturn|p1a: Sinistcha|move: Rage Powder
|move|p2a: Ceruledge|Shadow Sneak|p1a: Sinistcha
|-supereffective|p1a: Sinistcha|1
|-damage|p1a: Sinistcha|66/100
|move|p1b: Delphox|Heat Wave|p2a: Ceruledge|[spread] p2b
|-start|p2a: Ceruledge|ability: Flash Fire
|-supereffective|p2b: Sinistcha|1
|-damage|p2b: Sinistcha|0 fnt
|faint|p2b: Sinistcha
|
|upkeep
|turn|7
|
|t:|1784252369
|move|p1a: Sinistcha|Rage Powder|p1a: Sinistcha
|-singleturn|p1a: Sinistcha|move: Rage Powder
|move|p1b: Delphox|Psychic|p2a: Ceruledge
|-damage|p2a: Ceruledge|0 fnt
|faint|p2a: Ceruledge
|
|win|master 792
|raw|master 792's rating: 1237 → 1264(+27 for winning)
|raw|Icebender's rating: 1260 → 1233(-27 for losing)
|l|☆Icebender
|player|p2|
