|j|☆Hayz27727282828
|j|☆Refanner
|html|Hayz27727282828Refanner    
|uhtml|bestof|Game 1 of a best-of-3
|t:|1756744790
|gametype|doubles
|player|p1|Hayz27727282828|102|1182
|player|p2|Refanner|102|1191
|gen|9
|tier|[Gen 9] VGC 2025 Reg H (Bo3)
|rated|
|rule|Species Clause: Limit one of each Pokémon
|rule|Item Clause: Limit 1 of each item
|clearpoke
|poke|p1|Tyranitar, L50, M|
|poke|p1|Rillaboom, L50, M|
|poke|p1|Volcarona, L50, F|
|poke|p1|Primarina, L50, M|
|poke|p1|Sneasler, L50, M|
|poke|p1|Baxcalibur, L50, M|
|poke|p2|Garchomp, L50, M|
|poke|p2|Incineroar, L50, F|
|poke|p2|Hydreigon, L50, M|
|poke|p2|Gholdengo, L50|
|poke|p2|Milotic, L50, F|
|poke|p2|Amoonguss, L50, F|
|teampreview|4
|showteam|p1|Tyranitar||FocusSash|SandStream|RockSlide,KnockOff,Taunt,Protect|||M|||50|,,,,,Ghost]Rillaboom||AssaultVest|GrassySurge|HighHorsepower,Uturn,GrassyGlide,FakeOut|||M|||50|,,,,,Fire]Volcarona||Leftovers|FlameBody|FieryDance,QuiverDance,GigaDrain,Protect|||F|||50|,,,,,Dragon]Primarina||ThroatSpray|LiquidVoice|Moonblast,HyperVoice,Haze,Protect|||M|||50|,,,,,Ground]Sneasler||GrassySeed|Unburden|CloseCombat,DireClaw,Acrobatics,Protect|||M|||50|,,,,,Dark]Baxcalibur||ClearAmulet|ThermalExchange|IceShard,GlaiveRush,Protect,IcicleCrash|||M|||50|,,,,,Water
|showteam|p2|Garchomp||LoadedDice|RoughSkin|ScaleShot,Earthquake,StompingTantrum,Protect|||M|||50|,,,,,Fire]Incineroar||SitrusBerry|Intimidate|FlareBlitz,KnockOff,PartingShot,FakeOut|||F|||50|,,,,,Grass]Hydreigon||SafetyGoggles|Levitate|Snarl,DracoMeteor,Tailwind,Protect|||M|||50|,,,,,Ghost]Gholdengo||MetalCoat|GoodasGold|MakeItRain,ShadowBall,NastyPlot,Protect||||||50|,,,,,Flying]Milotic||Leftovers|Competitive|IcyWind,Scald,Haze,Protect|||F|||50|,,,,,Grass]Amoonguss||CovertCloak|Regenerator|PollenPuff,Spore,RagePowder,Protect|||F|||50|,,,,,Fire
|inactive|Battle timer is ON: inactive players will automatically lose when time's up. (requested by Hayz27727282828)
|inactive|Hayz27727282828 has 60 seconds left.
|inactive|Refanner has 60 seconds left.
|
|t:|1756744843
|teamsize|p1|4
|teamsize|p2|4
|start
|switch|p1a: Rillaboom|Rillaboom, L50, M|100/100
|switch|p1b: Sneasler|Sneasler, L50, M|100/100
|switch|p2a: Gholdengo|Gholdengo, L50|100/100
|switch|p2b: Incineroar|Incineroar, L50, F|100/100
|-fieldstart|move: Grassy Terrain|[from] ability: Grassy Surge|[of] p1a: Rillaboom
|-enditem|p1b: Sneasler|Grassy Seed
|-boost|p1b: Sneasler|def|1|[from] item: Grassy Seed
|-ability|p2b: Incineroar|Intimidate|boost
|-unboost|p1a: Rillaboom|atk|1
|-unboost|p1b: Sneasler|atk|1
|turn|1
|
|t:|1756744866
|move|p1a: Rillaboom|Fake Out|p2b: Incineroar
|-damage|p2b: Incineroar|91/100
|cant|p2b: Incineroar|flinch
|move|p1b: Sneasler|Close Combat|p2b: Incineroar
|-supereffective|p2b: Incineroar
|-damage|p2b: Incineroar|13/100
|-unboost|p1b: Sneasler|def|1
|-unboost|p1b: Sneasler|spd|1
|-enditem|p2b: Incineroar|Sitrus Berry|[eat]
|-heal|p2b: Incineroar|38/100|[from] item: Sitrus Berry
|move|p2a: Gholdengo|Nasty Plot|p2a: Gholdengo
|-boost|p2a: Gholdengo|spa|2
|
|-heal|p2b: Incineroar|44/100|[from] Grassy Terrain
|upkeep
|turn|2
|inactive|Refanner has 30 seconds left.
|inactive|Refanner has 20 seconds left.
|inactive|Refanner has 15 seconds left.
|
|t:|1756744907
|switch|p1a: Volcarona|Volcarona, L50, F|100/100
|switch|p2b: Amoonguss|Amoonguss, L50, F|100/100
|move|p2a: Gholdengo|Protect|p2a: Gholdengo
|-singleturn|p2a: Gholdengo|Protect
|move|p1b: Sneasler|Close Combat|p2b: Amoonguss
|-resisted|p2b: Amoonguss
|-damage|p2b: Amoonguss|82/100
|-unboost|p1b: Sneasler|def|1
|-unboost|p1b: Sneasler|spd|1
|
|-heal|p2b: Amoonguss|88/100|[from] Grassy Terrain
|upkeep
|turn|3
|inactive|Refanner has 30 seconds left.
|inactive|Refanner has 20 seconds left.
|inactive|Refanner has 15 seconds left.
|inactive|Refanner has 10 seconds left.
|
|t:|1756744954
|-terastallize|p2b: Amoonguss|Fire
|move|p1b: Sneasler|Acrobatics|p2b: Amoonguss
|-damage|p2b: Amoonguss|64/100
|move|p1a: Volcarona|Quiver Dance|p1a: Volcarona
|-boost|p1a: Volcarona|spa|1
|-boost|p1a: Volcarona|spd|1
|-boost|p1a: Volcarona|spe|1
|move|p2a: Gholdengo|Make It Rain|p1a: Volcarona|[spread] p1a,p1b
|-resisted|p1a: Volcarona
|-damage|p1a: Volcarona|69/100
|-damage|p1b: Sneasler|0 fnt
|-unboost|p2a: Gholdengo|spa|1
|faint|p1b: Sneasler
|move|p2b: Amoonguss|Spore|p1a: Volcarona
|-status|p1a: Volcarona|slp|[from] move: Spore
|
|-heal|p1a: Volcarona|75/100 slp|[from] Grassy Terrain
|-heal|p1a: Volcarona|82/100 slp|[from] item: Leftovers
|-heal|p2b: Amoonguss|70/100|[from] Grassy Terrain
|upkeep
|
|t:|1756744985
|switch|p1b: Tyranitar|Tyranitar, L50, M|100/100
|-weather|Sandstorm|[from] ability: Sand Stream|[of] p1b: Tyranitar
|turn|4
|inactive|Hayz27727282828 has 30 seconds left.
|inactive|Refanner has 30 seconds left.
|inactive|Hayz27727282828 has 20 seconds left.
|inactive|Hayz27727282828 has 15 seconds left.
|inactive|Hayz27727282828 has 10 seconds left.
|inactive|Hayz27727282828 has 5 seconds left.
|
|t:|1756745041
|switch|p2b: Hydreigon|Hydreigon, L50, M|100/100
|cant|p1a: Volcarona|slp
|move|p2a: Gholdengo|Shadow Ball|p1a: Volcarona
|-damage|p1a: Volcarona|46/100 slp
|move|p1b: Tyranitar|Rock Slide|p2b: Hydreigon|[spread] p2a,p2b
|-resisted|p2a: Gholdengo
|-damage|p2a: Gholdengo|84/100
|-damage|p2b: Hydreigon|65/100
|
|-weather|Sandstorm|[upkeep]
|-damage|p1a: Volcarona|40/100 slp|[from] Sandstorm
|-heal|p1a: Volcarona|46/100 slp|[from] Grassy Terrain
|-heal|p1a: Volcarona|52/100 slp|[from] item: Leftovers
|-heal|p2a: Gholdengo|90/100|[from] Grassy Terrain
|upkeep
|turn|5
|inactive|Refanner has 30 seconds left.
|inactive|Refanner has 20 seconds left.
|
|t:|1756745079
|cant|p1a: Volcarona|slp
|move|p2b: Hydreigon|Snarl|p1a: Volcarona|[spread] p1a,p1b
|-resisted|p1b: Tyranitar
|-damage|p1a: Volcarona|41/100 slp
|-damage|p1b: Tyranitar|94/100
|-unboost|p1a: Volcarona|spa|1
|-unboost|p1b: Tyranitar|spa|1
|move|p2a: Gholdengo|Shadow Ball|p1a: Volcarona
|-damage|p1a: Volcarona|7/100 slp
|move|p1b: Tyranitar|Knock Off|p2a: Gholdengo
|-supereffective|p2a: Gholdengo
|-damage|p2a: Gholdengo|0 fnt
|-enditem|p2a: Gholdengo|Metal Coat|[from] move: Knock Off|[of] p1b: Tyranitar
|faint|p2a: Gholdengo
|
|-weather|Sandstorm|[upkeep]
|-damage|p1a: Volcarona|0 fnt|[from] Sandstorm
|faint|p1a: Volcarona
|-heal|p1b: Tyranitar|100/100|[from] Grassy Terrain
|-fieldend|move: Grassy Terrain
|upkeep
|
|t:|1756745100
|switch|p1a: Rillaboom|Rillaboom, L50, M|100/100
|switch|p2a: Incineroar|Incineroar, L50, F|44/100
|-fieldstart|move: Grassy Terrain|[from] ability: Grassy Surge|[of] p1a: Rillaboom
|-ability|p2a: Incineroar|Intimidate|boost
|-unboost|p1a: Rillaboom|atk|1
|-unboost|p1b: Tyranitar|atk|1
|turn|6
|inactive|Refanner has 30 seconds left.
|
|t:|1756745134
|move|p1a: Rillaboom|Fake Out|p2a: Incineroar
|-damage|p2a: Incineroar|35/100
|move|p2b: Hydreigon|Draco Meteor|p1a: Rillaboom
|-damage|p1a: Rillaboom|54/100
|-unboost|p2b: Hydreigon|spa|2
|move|p1b: Tyranitar|Rock Slide|p2a: Incineroar|[spread] p2a,p2b
|-supereffective|p2a: Incineroar
|-damage|p2a: Incineroar|0 fnt
|-damage|p2b: Hydreigon|39/100
|faint|p2a: Incineroar
|
|-weather|Sandstorm|[upkeep]
|-damage|p1a: Rillaboom|47/100|[from] Sandstorm
|-heal|p1a: Rillaboom|54/100|[from] Grassy Terrain
|upkeep
|
|t:|1756745142
|switch|p2a: Amoonguss|Amoonguss, L50, F, tera:Fire|100/100
|turn|7
|
|t:|1756745162
|move|p2b: Hydreigon|Draco Meteor|p1a: Rillaboom
|-damage|p1a: Rillaboom|31/100
|-unboost|p2b: Hydreigon|spa|2
|move|p1a: Rillaboom|U-turn|p2b: Hydreigon
|-supereffective|p2b: Hydreigon
|-damage|p2b: Hydreigon|2/100
|move|p1b: Tyranitar|Rock Slide|p2a: Amoonguss|[spread] p2a,p2b
|-supereffective|p2a: Amoonguss
|-damage|p2a: Amoonguss|59/100
|-damage|p2b: Hydreigon|0 fnt
|faint|p2b: Hydreigon
|move|p2a: Amoonguss|Pollen Puff|p2: Hydreigon|[notarget]
|-fail|p2a: Amoonguss
|
|-weather|Sandstorm|[upkeep]
|-damage|p1a: Rillaboom|25/100|[from] Sandstorm
|-damage|p2a: Amoonguss|53/100|[from] Sandstorm
|-heal|p1a: Rillaboom|31/100|[from] Grassy Terrain
|-heal|p2a: Amoonguss|59/100|[from] Grassy Terrain
|upkeep
|turn|8
|-message|Refanner forfeited.
|
|win|Hayz27727282828
||Refanner is ready for game 2.
|inactive|Hayz27727282828 has 30 seconds to confirm battle start!
||Hayz27727282828 is ready for game 2.
|uhtml|next|Next: Game 2 of 3
|l|☆Hayz27727282828
|player|p1|
