|j|☆Mobu0_0
|j|☆JoltSmash
|html|Mobu0_0JoltSmash    
|uhtml|bestof|Game 3 of a best-of-3
|t:|1784922878
|gametype|doubles
|player|p1|Mobu0_0|miku-psychic|
|player|p2|JoltSmash|harlequin|
|gen|9
|tier|[Gen 9 Champions] VGC 2026 Reg M-B (Bo3)
|rule|Species Clause: Limit one of each Pokémon
|rule|Item Clause: Limit 1 of each item
|clearpoke
|poke|p1|Houndoom, L50, M|
|poke|p1|Chandelure, L50, F|
|poke|p1|Vileplume, L50, F|
|poke|p1|Maushold, L50|
|poke|p1|Armarouge, L50, F|
|poke|p1|Torkoal, L50, M|
|poke|p2|Falinks, L50|
|poke|p2|Audino, L50, F|
|poke|p2|Maushold-Four, L50, shiny|
|poke|p2|Scrafty, L50, F, shiny|
|poke|p2|Archaludon, L50, F|
|poke|p2|Staraptor, L50, F|
|teampreview|4
|showteam|p1|Houndoom||Houndoominite|EarlyBird|Snarl,HelpingHand,SuperFang,WillOWisp|Timid||M|||50|]Chandelure||Chandelurite|FlashFire|HeatWave,Protect,ShadowBall,EnergyBall|Quiet||F|||50|]Vileplume||FocusSash|Chlorophyll|SleepPowder,AfterYou,LeafStorm,StrengthSap|Timid||F|||50|]Maushold||KingsRock|FriendGuard|PopulationBomb,FollowMe,PlayRough,BulletSeed|Jolly|||||50|]Armarouge||ColburBerry|FlashFire|HeatWave,Psychic,WideGuard,TrickRoom|Quiet||F|||50|]Torkoal||HeatRock|Drought|WeatherBall,Eruption,Protect,SolarBeam|Modest||M|||50|
|showteam|p2|Falinks||Falinksite|Defiant|NoRetreat,Protect,RockSlide,HighHorsepower|Adamant|||||50|]Audino||ChoiceScarf|Healer|SimpleBeam,HealPulse,AfterYou,Encore|Timid||F|||50|]Maushold-Four||WideLens|Technician|PopulationBomb,FollowMe,Protect,TidyUp|Jolly|||||50|]Scrafty||Scraftinite|Intimidate|FakeOut,Coaching,KnockOff,DrainPunch|Careful||F|||50|]Archaludon||SitrusBerry|Stamina|ElectroShot,DragonPulse,FlashCannon,AuraSphere|Modest||F|||50|]Staraptor||FocusSash|Intimidate|Tailwind,Uturn,RainDance,GigaImpact|Jolly||F|||50|
|inactive|Battle timer is ON: inactive players will automatically lose when time's up. (requested by Mobu0_0)
|
|t:|1784922905
|teamsize|p1|4
|teamsize|p2|4
|start
|switch|p1a: Maushold|Maushold, L50|100/100
|switch|p1b: Chandelure|Chandelure, L50, F|100/100
|switch|p2a: Dumb idiot|Scrafty, L50, F, shiny|100/100
|switch|p2b: Maushold-Six-Seven|Maushold-Four, L50, shiny|100/100
|-ability|p2a: Dumb idiot|Intimidate|boost
|-unboost|p1a: Maushold|atk|1
|-unboost|p1b: Chandelure|atk|1
|turn|1
|
|t:|1784922927
|detailschange|p1b: Chandelure|Chandelure-Mega, L50, F
|-mega|p1b: Chandelure|Chandelure|Chandelurite
|detailschange|p2a: Dumb idiot|Scrafty-Mega, L50, F, shiny
|-mega|p2a: Dumb idiot|Scrafty|Scraftinite
|-ability|p2a: Dumb idiot|Intimidate|boost
|-unboost|p1a: Maushold|atk|1
|-unboost|p1b: Chandelure|atk|1
|move|p1a: Maushold|Follow Me|p1a: Maushold
|-singleturn|p1a: Maushold|move: Follow Me
|move|p2b: Maushold-Six-Seven|Population Bomb|p1a: Maushold
|-damage|p1a: Maushold|88/100
|-crit|p1a: Maushold
|-damage|p1a: Maushold|70/100
|-damage|p1a: Maushold|59/100
|-damage|p1a: Maushold|47/100
|-damage|p1a: Maushold|35/100
|-damage|p1a: Maushold|23/100
|-damage|p1a: Maushold|12/100
|-damage|p1a: Maushold|1/100
|-crit|p1a: Maushold
|-damage|p1a: Maushold|0 fnt
|faint|p1a: Maushold
|-hitcount|p1: Maushold|9
|move|p1b: Chandelure|Heat Wave|p2a: Dumb idiot|[spread] p2a,p2b
|-damage|p2a: Dumb idiot|68/100
|-damage|p2b: Maushold-Six-Seven|33/100
|move|p2a: Dumb idiot|Knock Off|p1b: Chandelure
|-supereffective|p1b: Chandelure|1
|-damage|p1b: Chandelure|44/100
|
|upkeep
|inactive|Mobu0_0 has 30 seconds left.
|
|t:|1784922953
|switch|p1a: Torkoal|Torkoal, L50, M|100/100
|-weather|SunnyDay|[from] ability: Drought|[of] p1a: Torkoal
|turn|2
|
|t:|1784922968
|move|p1a: Torkoal|Protect|p1a: Torkoal
|-singleturn|p1a: Torkoal|Protect
|move|p2b: Maushold-Six-Seven|Population Bomb|p1a: Torkoal
|-activate|p1a: Torkoal|move: Protect
|move|p1b: Chandelure|Heat Wave|p2b: Maushold-Six-Seven|[spread] p2a,p2b
|-crit|p2a: Dumb idiot
|-damage|p2a: Dumb idiot|0 fnt
|-damage|p2b: Maushold-Six-Seven|0 fnt
|faint|p2a: Dumb idiot
|faint|p2b: Maushold-Six-Seven
|
|-weather|SunnyDay|[upkeep]
|upkeep
|
|t:|1784922972
|switch|p2b: That bridge i hate|Archaludon, L50, F|100/100
|switch|p2a: why|Staraptor, L50, F|100/100
|-ability|p2a: why|Intimidate|boost
|-unboost|p1a: Torkoal|atk|1
|-unboost|p1b: Chandelure|atk|1
|turn|3
|
|t:|1784922992
|move|p2a: why|Rain Dance|p2a: why
|-weather|RainDance
|move|p2b: That bridge i hate|Electro Shot||[still]
|-prepare|p2b: That bridge i hate|Electro Shot
|-boost|p2b: That bridge i hate|spa|1
|-anim|p2b: That bridge i hate|Electro Shot|p1b: Chandelure
|-damage|p1b: Chandelure|0 fnt
|faint|p1b: Chandelure
|move|p1a: Torkoal|Weather Ball|p2b: That bridge i hate
|-resisted|p2b: That bridge i hate|1
|-damage|p2b: That bridge i hate|76/100
|-ability|p2b: That bridge i hate|Stamina|boost
|-boost|p2b: That bridge i hate|def|1
|
|-weather|RainDance|[upkeep]
|upkeep
|
|t:|1784923003
|switch|p1b: Armarouge|Armarouge, L50, F|100/100
|turn|4
|
|t:|1784923019
|move|p1a: Torkoal|Protect|p1a: Torkoal
|-singleturn|p1a: Torkoal|Protect
|move|p2a: why|Giga Impact|p1b: Armarouge
|-damage|p1b: Armarouge|31/100
|-mustrecharge|p2a: why
|move|p2b: That bridge i hate|Electro Shot||[still]
|-prepare|p2b: That bridge i hate|Electro Shot
|-boost|p2b: That bridge i hate|spa|1
|-anim|p2b: That bridge i hate|Electro Shot|p1a: Torkoal
|-activate|p1a: Torkoal|move: Protect
|move|p1b: Armarouge|Trick Room|p1b: Armarouge
|-fieldstart|move: Trick Room|[of] p1b: Armarouge
|
|-weather|RainDance|[upkeep]
|upkeep
|turn|5
|
|t:|1784923039
|move|p1a: Torkoal|Eruption|p2a: why|[spread] p2a,p2b
|-damage|p2a: why|62/100
|-damage|p2b: That bridge i hate|49/100
|-ability|p2b: That bridge i hate|Stamina|boost
|-boost|p2b: That bridge i hate|def|1
|-enditem|p2b: That bridge i hate|Sitrus Berry|[eat]
|-heal|p2b: That bridge i hate|73/100|[from] item: Sitrus Berry
|move|p1b: Armarouge|Heat Wave|p2a: why|[spread] p2a,p2b
|-damage|p2a: why|29/100
|-damage|p2b: That bridge i hate|53/100
|-ability|p2b: That bridge i hate|Stamina|boost
|-boost|p2b: That bridge i hate|def|1
|move|p2b: That bridge i hate|Electro Shot||[still]
|-prepare|p2b: That bridge i hate|Electro Shot
|-boost|p2b: That bridge i hate|spa|1
|-anim|p2b: That bridge i hate|Electro Shot|p1a: Torkoal
|-damage|p1a: Torkoal|0 fnt
|faint|p1a: Torkoal
|cant|p2a: why|recharge
|
|-weather|RainDance|[upkeep]
|upkeep
|turn|6
|
|t:|1784923059
|move|p1b: Armarouge|Psychic|p2b: That bridge i hate
|-resisted|p2b: That bridge i hate|1
|-damage|p2b: That bridge i hate|25/100
|-ability|p2b: That bridge i hate|Stamina|boost
|-boost|p2b: That bridge i hate|def|1
|move|p2b: That bridge i hate|Dragon Pulse|p1b: Armarouge
|-damage|p1b: Armarouge|0 fnt
|faint|p1b: Armarouge
|
|win|JoltSmash
|c|☆JoltSmash|ggwp
|c|☆Mobu0_0|Welp
