|j|☆VenuDaAsco
|j|☆ronzthebonz
|html|VenuDaAscoronzthebonz    
|uhtml|bestof|Game 3 of a best-of-3
|t:|1782418234
|gametype|doubles
|player|p1|VenuDaAsco|169|1319
|player|p2|ronzthebonz|2|1325
|gen|9
|tier|[Gen 9 Champions] VGC 2026 Reg M-B (Bo3)
|rated|
|rule|Species Clause: Limit one of each Pokémon
|rule|Item Clause: Limit 1 of each item
|clearpoke
|poke|p1|Pelipper, L50, M, shiny|
|poke|p1|Swampert, L50, M|
|poke|p1|Sinistcha, L50|
|poke|p1|Archaludon, L50, M, shiny|
|poke|p1|Sableye, L50, M, shiny|
|poke|p1|Mawile, L50, M, shiny|
|poke|p2|Metagross, L50|
|poke|p2|Aerodactyl, L50, F|
|poke|p2|Ninetales-Alola, L50, M|
|poke|p2|Sneasler, L50, M|
|poke|p2|Hydreigon, L50, F|
|poke|p2|Maushold, L50|
|teampreview|4
|showteam|p1|Pelipper||FocusSash|Drizzle|WeatherBall,Hurricane,Tailwind,WideGuard|Modest||M|||50|]Swampert||Swampertite|Damp|WaveCrash,IcePunch,HighHorsepower,Protect|Adamant||M|||50|]Sinistcha||KasibBerry|Hospitality|MatchaGotcha,RagePowder,LifeDew,TrickRoom|Bold|||||50|]Archaludon||Leftovers|Stamina|ElectroShot,FlashCannon,DragonPulse,Protect|Modest||M|||50|]Sableye||RoseliBerry|Prankster|Encore,Reflect,LightScreen,RainDance|Sassy||M|||50|]Mawile||Mawilite|Intimidate|PlayRough,SuckerPunch,SwordsDance,Protect|Brave||M|||50|
|showteam|p2|Metagross||Metagrossite|ClearBody|MeteorMash,BodyPress,ThunderPunch,Protect|Adamant|||||50|]Aerodactyl||Aerodactylite|Unnerve|RockSlide,DualWingbeat,Tailwind,WideGuard|Jolly||F|||50|]Ninetales-Alola||FocusSash|SnowWarning|Blizzard,AuroraVeil,Encore,Protect|Timid||M|||50|]Sneasler||WhiteHerb|Unburden|FakeOut,CloseCombat,DireClaw,Coaching|Jolly||M|||50|]Hydreigon||LifeOrb|Levitate|DragonPulse,NastyPlot,DarkPulse,Protect|Modest||F|||50|]Maushold||SitrusBerry|FriendGuard|Taunt,FollowMe,HelpingHand,Protect|Calm|||||50|
|inactive|Battle timer is ON: inactive players will automatically lose when time's up. (requested by VenuDaAsco)
|
|t:|1782418246
|teamsize|p1|4
|teamsize|p2|4
|start
|switch|p1a: Mawile|Mawile, L50, M, shiny|100/100
|switch|p1b: Sableye|Sableye, L50, M, shiny|100/100
|switch|p2a: Sneasler|Sneasler, L50, M|100/100
|switch|p2b: Hydreigon|Hydreigon, L50, F|100/100
|-ability|p1a: Mawile|Intimidate|boost
|-unboost|p2a: Sneasler|atk|1
|-unboost|p2b: Hydreigon|atk|1
|-enditem|p2a: Sneasler|White Herb
|-clearnegativeboost|p2a: Sneasler|[silent]
|turn|1
|inactive|ronzthebonz has 30 seconds left.
|
|t:|1782418279
|move|p1a: Mawile|Protect|p1a: Mawile
|-singleturn|p1a: Mawile|Protect
|move|p1b: Sableye|Light Screen|p1b: Sableye
|-sidestart|p1: VenuDaAsco|move: Light Screen
|move|p2a: Sneasler|Close Combat|p1a: Mawile
|-activate|p1a: Mawile|move: Protect
|move|p2b: Hydreigon|Dark Pulse|p1a: Mawile
|-activate|p1a: Mawile|move: Protect
|
|upkeep
|turn|2
|
|t:|1782418297
|switch|p2b: Metagross|Metagross, L50|100/100
|detailschange|p1a: Mawile|Mawile-Mega, L50, M, shiny
|-mega|p1a: Mawile|Mawile|Mawilite
|move|p1b: Sableye|Reflect|p1b: Sableye
|-sidestart|p1: VenuDaAsco|Reflect
|move|p2a: Sneasler|Coaching|p2b: Metagross
|-boost|p2b: Metagross|atk|1
|-boost|p2b: Metagross|def|1
|move|p1a: Mawile|Swords Dance|p1a: Mawile
|-boost|p1a: Mawile|atk|2
|
|upkeep
|turn|3
|
|t:|1782418318
|detailschange|p2b: Metagross|Metagross-Mega, L50
|-mega|p2b: Metagross|Metagross|Metagrossite
|move|p1a: Mawile|Sucker Punch|p2b: Metagross
|-supereffective|p2b: Metagross|1
|-damage|p2b: Metagross|21/100
|move|p1b: Sableye|Encore|p2a: Sneasler
|-start|p2a: Sneasler|Encore
|move|p2a: Sneasler|Coaching|p2b: Metagross
|-boost|p2b: Metagross|atk|1
|-boost|p2b: Metagross|def|1
|move|p2b: Metagross|Meteor Mash|p1b: Sableye
|-damage|p1b: Sableye|0 fnt
|-boost|p2b: Metagross|atk|1
|faint|p1b: Sableye
|
|upkeep
|
|t:|1782418324
|switch|p1b: Archaludon|Archaludon, L50, M, shiny|100/100
|turn|4
|
|t:|1782418335
|switch|p2a: Hydreigon|Hydreigon, L50, F|100/100
|move|p2b: Metagross|Protect|p2b: Metagross
|-singleturn|p2b: Metagross|Protect
|move|p1a: Mawile|Sucker Punch||[still]
|-fail|p1a: Mawile
|move|p1b: Archaludon|Electro Shot||[still]
|-prepare|p1b: Archaludon|Electro Shot
|-boost|p1b: Archaludon|spa|1
|
|upkeep
|turn|5
|
|t:|1782418360
|switch|p2b: Ninetales|Ninetales-Alola, L50, M|100/100
|-weather|Snowscape|[from] ability: Snow Warning|[of] p2b: Ninetales
|move|p1a: Mawile|Sucker Punch||[still]
|-fail|p1a: Mawile
|move|p2a: Hydreigon|Nasty Plot|p2a: Hydreigon
|-boost|p2a: Hydreigon|spa|2
|move|p1b: Archaludon|Electro Shot|p2a: Hydreigon|[from] lockedmove
|-resisted|p2a: Hydreigon|1
|-damage|p2a: Hydreigon|62/100
|
|-weather|Snowscape|[upkeep]
|-sideend|p1: VenuDaAsco|move: Light Screen
|upkeep
|turn|6
|inactive|ronzthebonz has 30 seconds left.
|inactive|VenuDaAsco has 30 seconds left.
|inactive|ronzthebonz has 20 seconds left.
|
|t:|1782418396
|move|p1a: Mawile|Protect|p1a: Mawile
|-singleturn|p1a: Mawile|Protect
|move|p2b: Ninetales|Encore|p1a: Mawile
|-activate|p1a: Mawile|move: Protect
|move|p2a: Hydreigon|Dragon Pulse|p1b: Archaludon
|-damage|p1b: Archaludon|0 fnt
|faint|p1b: Archaludon
|-damage|p2a: Hydreigon|53/100|[from] item: Life Orb
|
|-weather|Snowscape|[upkeep]
|-sideend|p1: VenuDaAsco|Reflect
|upkeep
|
|t:|1782418400
|switch|p1b: Sinistcha|Sinistcha, L50|100/100
|turn|7
|-message|VenuDaAsco forfeited.
|
|win|ronzthebonz
|raw|VenuDaAsco's rating: 1319 → 1299(-20 for losing)
|raw|ronzthebonz's rating: 1325 → 1345(+20 for winning)
