|j|☆TheDark69420
|j|☆naibot2814
|html|TheDark69420naibot2814    
|uhtml|bestof|Game 2 of a best-of-3
|t:|1782568107
|gametype|doubles
|player|p1|TheDark69420|ghetsis-gen5bw|1212
|player|p2|naibot2814|ghetsis|1356
|gen|9
|tier|[Gen 9 Champions] VGC 2026 Reg M-B (Bo3)
|rated|
|rule|Species Clause: Limit one of each Pokémon
|rule|Item Clause: Limit 1 of each item
|clearpoke
|poke|p1|Feraligatr, L50, F|
|poke|p1|Clefable, L50, F|
|poke|p1|Archaludon, L50, M|
|poke|p1|Pelipper, L50, M|
|poke|p1|Scizor, L50, M|
|poke|p1|Rotom-Wash, L50|
|poke|p2|Metagross, L50, shiny|
|poke|p2|Sneasler, L50, M|
|poke|p2|Hydreigon, L50, M|
|poke|p2|Incineroar, L50, M|
|poke|p2|Aerodactyl, L50, M|
|poke|p2|Floette-Eternal, L50, F|
|teampreview|4
|showteam|p1|Feraligatr||Feraligite|Torrent|BodySlam,Waterfall,DragonDance,Protect|Jolly||F|||50|]Clefable||SitrusBerry|Unaware|FollowMe,HealPulse,Moonblast,Protect|Modest||F|||50|]Archaludon||Leftovers|Stamina|ElectroShot,DragonPulse,Protect,FlashCannon|Modest||M|||50|]Pelipper||LifeOrb|Drizzle|WeatherBall,Tailwind,Hurricane,Protect|Modest||M|||50|]Scizor||Scizorite|Technician|BulletPunch,SwordsDance,BugBite,Protect|Adamant||M|||50|]Rotom-Wash||ChoiceScarf|Levitate|WillOWisp,Thunder,HydroPump,Electroweb|Modest|||||50|
|showteam|p2|Metagross||Metagrossite|ClearBody|PsychicFangs,BodyPress,IronHead,Protect|Jolly|||||50|]Sneasler||WhiteHerb|Unburden|FakeOut,Coaching,CloseCombat,DireClaw|Jolly||M|||50|]Hydreigon||ChoiceScarf|Levitate|DracoMeteor,Snarl,DarkPulse,Flamethrower|Modest||M|||50|]Incineroar||PasshoBerry|Intimidate|FakeOut,DarkestLariat,FlareBlitz,PartingShot|Careful||M|||50|]Aerodactyl||FocusSash|Unnerve|DualWingbeat,RockSlide,WideGuard,Tailwind|Jolly||M|||50|]Floette-Eternal||Floettite|FlowerVeil|DrainingKiss,DazzlingGleam,CalmMind,Protect|Modest||F|||50|
|inactive|Battle timer is ON: inactive players will automatically lose when time's up. (requested by TheDark69420)
|inactive|naibot2814 has 60 seconds left.
|
|t:|1782568143
|teamsize|p1|4
|teamsize|p2|4
|start
|switch|p1a: Scizor|Scizor, L50, M|100/100
|switch|p1b: Rotom|Rotom-Wash, L50|100/100
|switch|p2a: Metron|Metagross, L50, shiny|100/100
|switch|p2b: Nagatoro|Sneasler, L50, M|100/100
|turn|1
|
|t:|1782568158
|detailschange|p2a: Metron|Metagross-Mega, L50, shiny
|-mega|p2a: Metron|Metagross|Metagrossite
|move|p1a: Scizor|Protect|p1a: Scizor
|-singleturn|p1a: Scizor|Protect
|move|p2b: Nagatoro|Fake Out|p1b: Rotom
|-damage|p1b: Rotom|82/100
|cant|p1b: Rotom|flinch
|move|p2a: Metron|Psychic Fangs|p1b: Rotom
|-damage|p1b: Rotom|0 fnt
|faint|p1b: Rotom
|
|upkeep
|
|t:|1782568176
|switch|p1b: Archaludon|Archaludon, L50, M|100/100
|turn|2
|
|t:|1782568197
|detailschange|p1a: Scizor|Scizor-Mega, L50, M
|-mega|p1a: Scizor|Scizor|Scizorite
|move|p1b: Archaludon|Protect|p1b: Archaludon
|-singleturn|p1b: Archaludon|Protect
|move|p2b: Nagatoro|Close Combat|p1b: Archaludon
|-activate|p1b: Archaludon|move: Protect
|move|p2a: Metron|Body Press|p1b: Archaludon
|-activate|p1b: Archaludon|move: Protect
|move|p1a: Scizor|Swords Dance|p1a: Scizor
|-boost|p1a: Scizor|atk|2
|
|upkeep
|turn|3
|inactive|naibot2814 has 30 seconds left.
|
|t:|1782568224
|switch|p2a: Gumball|Incineroar, L50, M|100/100
|-ability|p2a: Gumball|Intimidate|boost
|-unboost|p1a: Scizor|atk|1
|-unboost|p1b: Archaludon|atk|1
|move|p1a: Scizor|Bullet Punch|p2b: Nagatoro
|-damage|p2b: Nagatoro|27/100
|move|p2b: Nagatoro|Close Combat|p1b: Archaludon
|-supereffective|p1b: Archaludon|1
|-damage|p1b: Archaludon|8/100
|-unboost|p2b: Nagatoro|def|1
|-unboost|p2b: Nagatoro|spd|1
|-ability|p1b: Archaludon|Stamina|boost
|-boost|p1b: Archaludon|def|1
|-enditem|p2b: Nagatoro|White Herb
|-clearnegativeboost|p2b: Nagatoro|[silent]
|move|p1b: Archaludon|Dragon Pulse|p2a: Gumball
|-damage|p2a: Gumball|70/100
|
|-heal|p1b: Archaludon|14/100|[from] item: Leftovers
|upkeep
|turn|4
|
|t:|1782568247
|switch|p1b: Pelipper|Pelipper, L50, M|100/100
|-weather|RainDance|[from] ability: Drizzle|[of] p1b: Pelipper
|switch|p2a: Metron|Metagross-Mega, L50, shiny|100/100
|move|p2b: Nagatoro|Coaching|p2a: Metron
|-boost|p2a: Metron|atk|1
|-boost|p2a: Metron|def|1
|move|p1a: Scizor|Swords Dance|p1a: Scizor
|-boost|p1a: Scizor|atk|2
|
|-weather|RainDance|[upkeep]
|upkeep
|turn|5
|
|t:|1782568267
|switch|p2b: Gumball|Incineroar, L50, M|70/100
|-ability|p2b: Gumball|Intimidate|boost
|-unboost|p1a: Scizor|atk|1
|-unboost|p1b: Pelipper|atk|1
|move|p2a: Metron|Psychic Fangs|p1b: Pelipper
|-damage|p1b: Pelipper|0 fnt
|faint|p1b: Pelipper
|move|p1a: Scizor|Swords Dance|p1a: Scizor
|-boost|p1a: Scizor|atk|2
|
|-weather|RainDance|[upkeep]
|upkeep
|
|t:|1782568278
|switch|p1b: Archaludon|Archaludon, L50, M|14/100
|turn|6
|
|t:|1782568286
|move|p1a: Scizor|Protect|p1a: Scizor
|-singleturn|p1a: Scizor|Protect
|move|p2b: Gumball|Fake Out|p1a: Scizor
|-activate|p1a: Scizor|move: Protect
|move|p2a: Metron|Body Press|p1b: Archaludon
|-supereffective|p1b: Archaludon|1
|-damage|p1b: Archaludon|0 fnt
|faint|p1b: Archaludon
|
|-weather|RainDance|[upkeep]
|upkeep
|turn|7
|
|t:|1782568302
|move|p2a: Metron|Body Press|p1a: Scizor
|-damage|p1a: Scizor|57/100
|move|p1a: Scizor|Bug Bite|p2b: Gumball
|-damage|p2b: Gumball|0 fnt
|-enditem|p2b: Gumball|Passho Berry|[from] stealeat|[move] Bug Bite|[of] p1a: Scizor
|faint|p2b: Gumball
|
|-weather|RainDance|[upkeep]
|upkeep
|
|t:|1782568310
|switch|p2b: Nagatoro|Sneasler, L50, M|27/100
|turn|8
|
|t:|1782568315
|move|p1a: Scizor|Bullet Punch|p2b: Nagatoro
|-damage|p2b: Nagatoro|0 fnt
|faint|p2b: Nagatoro
|move|p2a: Metron|Body Press|p1a: Scizor
|-damage|p1a: Scizor|16/100
|
|-weather|none
|upkeep
|
|t:|1782568318
|switch|p2b: HAIL HYDRA|Hydreigon, L50, M|100/100
|turn|9
|
|t:|1782568329
|move|p1a: Scizor|Bullet Punch|p2b: HAIL HYDRA
|-damage|p2b: HAIL HYDRA|0 fnt
|faint|p2b: HAIL HYDRA
|move|p2a: Metron|Body Press|p1a: Scizor
|-damage|p1a: Scizor|0 fnt
|faint|p1a: Scizor
|
|win|naibot2814
|raw|TheDark69420's rating: 1212 → 1197(-15 for losing)
|raw|naibot2814's rating: 1356 → 1368(+12 for winning)
|l|☆TheDark69420
|player|p1|
