|j|☆efwefwefwefweifier
|j|☆the rainy mouse
|html|efwefwefwefweifierthe rainy mouse    
|uhtml|bestof|Game 2 of a best-of-3
|t:|1786179047
|gametype|doubles
|player|p1|efwefwefwefweifier|clown|1415
|player|p2|the rainy mouse|1|1350
|gen|9
|tier|[Gen 9 Champions] VGC 2026 Reg M-B (Bo3)
|rated|
|rule|Species Clause: Limit one of each Pokémon
|rule|Item Clause: Limit 1 of each item
|clearpoke
|poke|p1|Blastoise, L50, F, shiny|
|poke|p1|Sinistcha, L50|
|poke|p1|Incineroar, L50, M, shiny|
|poke|p1|Sneasler, L50, M|
|poke|p1|Hydreigon, L50, M, shiny|
|poke|p1|Delphox, L50, M|
|poke|p2|Charizard, L50, M|
|poke|p2|Garchomp, L50, F|
|poke|p2|Incineroar, L50, F|
|poke|p2|Venusaur, L50, M|
|poke|p2|Toxapex, L50, F|
|poke|p2|Sylveon, L50, M|
|teampreview|4
|showteam|p1|Blastoise||Blastoisinite|RainDish|WaterSpout,DarkPulse,ShellSmash,Protect|Modest||F|||50|]Sinistcha||KasibBerry|Hospitality|MatchaGotcha,RagePowder,TrickRoom,LifeDew|Calm|||||50|]Incineroar||SitrusBerry|Intimidate|FlareBlitz,DarkestLariat,FakeOut,PartingShot|Careful||M|||50|]Sneasler||FocusSash|PoisonTouch|CloseCombat,PoisonJab,FakeOut,QuickGuard|Jolly||M|||50|]Hydreigon||ChoiceScarf|Levitate|DracoMeteor,DarkPulse,Snarl,EarthPower|Modest||M|||50|]Delphox||Delphoxite|Blaze|HeatWave,Psyshock,NastyPlot,Protect|Timid||M|||50|
|showteam|p2|Charizard||CharizarditeY|Blaze|WeatherBall,HeatWave,AncientPower,Protect|Modest||M|||50|]Garchomp||ChoiceScarf|RoughSkin|RockSlide,DragonClaw,Earthquake,StompingTantrum|Adamant||F|||50|]Incineroar||SitrusBerry|Intimidate|FlareBlitz,FakeOut,DarkestLariat,PartingShot|Impish||F|||50|]Venusaur||LifeOrb|Chlorophyll|SludgeBomb,LeafStorm,EarthPower,Protect|Modest||M|||50|]Toxapex||Leftovers|Regenerator|Infestation,Toxic,WideGuard,BanefulBunker|Bold||F|||50|]Sylveon||FairyFeather|Pixilate|HyperVoice,QuickAttack,Yawn,Detect|Modest||M|||50|
|inactive|Battle timer is ON: inactive players will automatically lose when time's up. (requested by efwefwefwefweifier)
|inactive|efwefwefwefweifier has 60 seconds left.
|inactive|efwefwefwefweifier has 30 seconds left.
|inactive|efwefwefwefweifier has 20 seconds left.
|inactive|efwefwefwefweifier has 15 seconds left.
|inactive|efwefwefwefweifier has 10 seconds left.
|inactive|efwefwefwefweifier has 5 seconds left.
|
|t:|1786179133
|teamsize|p1|4
|teamsize|p2|4
|start
|switch|p1a: Merry Berry|Incineroar, L50, M, shiny|100/100
|switch|p1b: Macho Nacho|Delphox, L50, M|100/100
|switch|p2a: Charizard|Charizard, L50, M|100/100
|switch|p2b: Venusaur|Venusaur, L50, M|100/100
|-ability|p1a: Merry Berry|Intimidate|boost
|-unboost|p2a: Charizard|atk|1
|-unboost|p2b: Venusaur|atk|1
|turn|1
|
|t:|1786179149
|switch|p2b: Incineroar|Incineroar, L50, F|100/100
|-ability|p2b: Incineroar|Intimidate|boost
|-unboost|p1a: Merry Berry|atk|1
|-unboost|p1b: Macho Nacho|atk|1
|detailschange|p1b: Macho Nacho|Delphox-Mega, L50, M
|-mega|p1b: Macho Nacho|Delphox|Delphoxite
|detailschange|p2a: Charizard|Charizard-Mega-Y, L50, M
|-mega|p2a: Charizard|Charizard|Charizardite Y
|-weather|SunnyDay|[from] ability: Drought|[of] p2a: Charizard
|move|p1b: Macho Nacho|Protect|p1b: Macho Nacho
|-singleturn|p1b: Macho Nacho|Protect
|move|p2a: Charizard|Ancient Power|p1b: Macho Nacho
|-activate|p1b: Macho Nacho|move: Protect
|move|p1a: Merry Berry|Flare Blitz|p2b: Incineroar
|-resisted|p2b: Incineroar|1
|-damage|p2b: Incineroar|82/100
|-damage|p1a: Merry Berry|94/100|[from] Recoil
|
|-weather|SunnyDay|[upkeep]
|upkeep
|turn|2
|
|t:|1786179165
|switch|p1b: Bartholomews|Hydreigon, L50, M, shiny|100/100
|move|p2a: Charizard|Ancient Power|p1b: Bartholomews
|-crit|p1b: Bartholomews
|-damage|p1b: Bartholomews|58/100
|move|p1a: Merry Berry|Parting Shot|p2a: Charizard
|-unboost|p2a: Charizard|atk|1
|-unboost|p2a: Charizard|spa|1
|
|t:|1786179175
|switch|p1a: Macho Nacho|Delphox-Mega, L50, M|100/100|[from] Parting Shot
|move|p2b: Incineroar|Darkest Lariat|p1b: Bartholomews
|-resisted|p1b: Bartholomews|1
|-damage|p1b: Bartholomews|38/100
|
|-weather|SunnyDay|[upkeep]
|upkeep
|turn|3
|inactive|efwefwefwefweifier has 30 seconds left.
|
|t:|1786179201
|switch|p1b: Merry Berry|Incineroar, L50, M, shiny|94/100
|-ability|p1b: Merry Berry|Intimidate|boost
|-unboost|p2a: Charizard|atk|1
|-unboost|p2b: Incineroar|atk|1
|move|p1a: Macho Nacho|Nasty Plot|p1a: Macho Nacho
|-boost|p1a: Macho Nacho|spa|2
|move|p2a: Charizard|Ancient Power|p1b: Merry Berry
|-supereffective|p1b: Merry Berry|1
|-damage|p1b: Merry Berry|68/100
|move|p2b: Incineroar|Darkest Lariat|p1a: Macho Nacho
|-supereffective|p1a: Macho Nacho|1
|-damage|p1a: Macho Nacho|40/100
|
|-weather|SunnyDay|[upkeep]
|upkeep
|turn|4
|inactive|efwefwefwefweifier has 30 seconds left.
|inactive|efwefwefwefweifier has 20 seconds left.
|inactive|efwefwefwefweifier has 15 seconds left.
|inactive|efwefwefwefweifier has 10 seconds left.
|
|t:|1786179247
|move|p2a: Charizard|Protect|p2a: Charizard
|-singleturn|p2a: Charizard|Protect
|move|p1b: Merry Berry|Fake Out|p2b: Incineroar
|-damage|p2b: Incineroar|74/100
|move|p1a: Macho Nacho|Psyshock|p2a: Charizard
|-activate|p2a: Charizard|move: Protect
|cant|p2b: Incineroar|flinch
|
|-weather|SunnyDay|[upkeep]
|upkeep
|turn|5
|
|t:|1786179265
|switch|p2a: Garchomp|Garchomp, L50, F|100/100
|move|p1a: Macho Nacho|Protect|p1a: Macho Nacho
|-singleturn|p1a: Macho Nacho|Protect
|move|p1b: Merry Berry|Parting Shot|p2b: Incineroar
|-unboost|p2b: Incineroar|atk|1
|-unboost|p2b: Incineroar|spa|1
|
|t:|1786179273
|switch|p1b: Poison Foison|Sneasler, L50, M|100/100|[from] Parting Shot
|move|p2b: Incineroar|Darkest Lariat|p1a: Macho Nacho
|-activate|p1a: Macho Nacho|move: Protect
|
|-weather|none
|upkeep
|turn|6
|
|t:|1786179282
|move|p1b: Poison Foison|Fake Out|p2a: Garchomp
|-damage|p2a: Garchomp|85/100
|-damage|p1b: Poison Foison|87/100|[from] ability: Rough Skin|[of] p2a: Garchomp
|-status|p2a: Garchomp|psn|[from] ability: Poison Touch|[of] p1b: Poison Foison
|cant|p2a: Garchomp|flinch
|move|p1a: Macho Nacho|Psyshock|p2a: Garchomp
|-damage|p2a: Garchomp|0 fnt
|faint|p2a: Garchomp
|move|p2b: Incineroar|Darkest Lariat|p1a: Macho Nacho
|-supereffective|p1a: Macho Nacho|1
|-damage|p1a: Macho Nacho|0 fnt
|faint|p1a: Macho Nacho
|
|upkeep
|
|t:|1786179303
|switch|p1a: Merry Berry|Incineroar, L50, M, shiny|68/100
|switch|p2a: Venusaur|Venusaur, L50, M|100/100
|-ability|p1a: Merry Berry|Intimidate|boost
|-unboost|p2a: Venusaur|atk|1
|-unboost|p2b: Incineroar|atk|1
|turn|7
|inactive|the rainy mouse has 30 seconds left.
|
|t:|1786179332
|move|p2a: Venusaur|Protect|p2a: Venusaur
|-singleturn|p2a: Venusaur|Protect
|move|p1b: Poison Foison|Close Combat|p2b: Incineroar
|-supereffective|p2b: Incineroar|1
|-damage|p2b: Incineroar|0 fnt
|-unboost|p1b: Poison Foison|def|1
|-unboost|p1b: Poison Foison|spd|1
|faint|p2b: Incineroar
|move|p1a: Merry Berry|Flare Blitz|p2a: Venusaur
|-activate|p2a: Venusaur|move: Protect
|
|upkeep
|
|t:|1786179336
|switch|p2b: Charizard|Charizard-Mega-Y, L50, M|100/100
|-weather|SunnyDay|[from] ability: Drought|[of] p2b: Charizard
|turn|8
|inactive|efwefwefwefweifier has 30 seconds left.
|inactive|efwefwefwefweifier has 20 seconds left.
|
|t:|1786179374
|switch|p1b: Bartholomews|Hydreigon, L50, M, shiny|38/100
|move|p2a: Venusaur|Earth Power|p1a: Merry Berry
|-supereffective|p1a: Merry Berry|1
|-damage|p1a: Merry Berry|12/100
|-enditem|p1a: Merry Berry|Sitrus Berry|[eat]
|-heal|p1a: Merry Berry|37/100|[from] item: Sitrus Berry
|-damage|p2a: Venusaur|90/100|[from] item: Life Orb
|move|p2b: Charizard|Heat Wave|p1b: Bartholomews|[spread] p1a,p1b
|-resisted|p1a: Merry Berry|1
|-resisted|p1b: Bartholomews|1
|-crit|p1b: Bartholomews
|-damage|p1a: Merry Berry|12/100
|-damage|p1b: Bartholomews|0 fnt
|faint|p1b: Bartholomews
|move|p1a: Merry Berry|Flare Blitz|p2a: Venusaur
|-supereffective|p2a: Venusaur|1
|-damage|p2a: Venusaur|0 fnt
|faint|p2a: Venusaur
|-damage|p1a: Merry Berry|0 fnt|[from] Recoil
|faint|p1a: Merry Berry
|
|-weather|SunnyDay|[upkeep]
|upkeep
|
|t:|1786179388
|switch|p1b: Poison Foison|Sneasler, L50, M|87/100
|turn|9
|
|t:|1786179392
|move|p2b: Charizard|Protect|p2b: Charizard
|-singleturn|p2b: Charizard|Protect
|move|p1b: Poison Foison|Fake Out|p2b: Charizard
|-activate|p2b: Charizard|move: Protect
|
|-weather|SunnyDay|[upkeep]
|upkeep
|turn|10
|
|t:|1786179395
|move|p1b: Poison Foison|Poison Jab|p2b: Charizard
|-damage|p2b: Charizard|53/100
|-status|p2b: Charizard|psn
|move|p2b: Charizard|Weather Ball|p1b: Poison Foison
|-damage|p1b: Poison Foison|0 fnt
|faint|p1b: Poison Foison
|
|win|the rainy mouse
|raw|efwefwefwefweifier's rating: 1415 → 1391(-24 for losing)
|raw|the rainy mouse's rating: 1350 → 1374(+24 for winning)
