|j|‽BellsproutFanWill
|j|☆FortniteTuesday
|html|BellsproutFanWillFortniteTuesday    
|uhtml|bestof|Game 1 of a best-of-3
|t:|1757700749
|gametype|doubles
|player|p1|BellsproutFanWill|266|1408
|player|p2|FortniteTuesday|burgh-masters|1371
|gen|9
|tier|[Gen 9] VGC 2025 Reg H (Bo3)
|rated|
|rule|Species Clause: Limit one of each Pokémon
|rule|Item Clause: Limit 1 of each item
|clearpoke
|poke|p1|Oranguru, L50, F|
|poke|p1|Torkoal, L50, M|
|poke|p1|Hariyama, L50, M|
|poke|p1|Ursaluna-Bloodmoon, L50, M|
|poke|p1|Sinistcha-Masterpiece, L50|
|poke|p1|Annihilape, L50, M|
|poke|p2|Sinistcha, L50|
|poke|p2|Ursaluna, L50, M|
|poke|p2|Incineroar, L50, M|
|poke|p2|Archaludon, L50, M|
|poke|p2|Pelipper, L50, M|
|poke|p2|Basculegion, L50, M|
|teampreview|4
|showteam|p1|Oranguru||MentalHerb|InnerFocus|Taunt,Instruct,TrickRoom,Encore|||F|||50|,,,,,Fairy]Torkoal||Charcoal|Drought|HeatWave,Eruption,BodyPress,Protect|||M|||50|,,,,,Fire]Hariyama||FlameOrb|Guts|DrainPunch,BulkUp,FakeOut,ThunderPunch|||M|||50|,,,,,Electric]Ursaluna-Bloodmoon||ThroatSpray|MindsEye|HyperVoice,BloodMoon,EarthPower,Protect|||M|||50|,,,,,Ghost]Sinistcha-Masterpiece||FocusSash|Hospitality|MatchaGotcha,ShadowBall,RagePowder,TrickRoom||||||50|,,,,,Normal]Annihilape||ChoiceScarf|Defiant|RageFist,FinalGambit,Uturn,Taunt|||M|||50|,,,,,Grass
|showteam|p2|Sinistcha||SitrusBerry|Hospitality|MatchaGotcha,RagePowder,TrickRoom,LifeDew||||||50|,,,,,Water]Ursaluna||FlameOrb|Guts|Facade,HeadlongRush,Earthquake,Protect|||M|||50|,,,,,Ghost]Incineroar||RockyHelmet|Intimidate|FlareBlitz,KnockOff,PartingShot,FakeOut|||M|||50|,,,,,Grass]Archaludon||AssaultVest|Stamina|ElectroShot,BodyPress,Snarl,DragonPulse|||M|||50|,,,,,Grass]Pelipper||CovertCloak|Drizzle|Hurricane,WeatherBall,Tailwind,Protect|||M|||50|,,,,,Grass]Basculegion||ChoiceScarf|Adaptability|LastRespects,AquaJet,WaveCrash,FlipTurn|||M|||50|,,,,,Water
|inactive|Battle timer is ON: inactive players will automatically lose when time's up. (requested by FortniteTuesday)
|inactive|FortniteTuesday has 60 seconds left.
|
|t:|1757700875
|teamsize|p1|4
|teamsize|p2|4
|start
|switch|p1a: Oranguru|Oranguru, L50, F|100/100
|switch|p1b: Annihilape|Annihilape, L50, M|100/100
|switch|p2a: Biff|Basculegion, L50, M|100/100
|switch|p2b: Jim Bob|Incineroar, L50, M|100/100
|-ability|p2b: Jim Bob|Intimidate|boost
|-fail|p1a: Oranguru|unboost|Attack|[from] ability: Inner Focus|[of] p1a: Oranguru
|-unboost|p1b: Annihilape|atk|1
|-ability|p1b: Annihilape|Defiant|boost
|-boost|p1b: Annihilape|atk|2
|turn|1
|inactive|BellsproutFanWill has 30 seconds left.
|inactive|FortniteTuesday has 30 seconds left.
|inactive|BellsproutFanWill has 20 seconds left.
|inactive|FortniteTuesday has 20 seconds left.
|inactive|BellsproutFanWill has 15 seconds left.
|inactive|BellsproutFanWill has 10 seconds left.
|
|t:|1757700921
|switch|p2b: Jorgie|Pelipper, L50, M|100/100
|-weather|RainDance|[from] ability: Drizzle|[of] p2b: Jorgie
|-terastallize|p2a: Biff|Water
|move|p1b: Annihilape|Final Gambit|p2b: Jorgie
|-damage|p2b: Jorgie|0 fnt
|faint|p1b: Annihilape
|faint|p2b: Jorgie
|move|p2a: Biff|Wave Crash|p1a: Oranguru
|-damage|p1a: Oranguru|0 fnt
|faint|p1a: Oranguru
|-damage|p2a: Biff|67/100|[from] Recoil
|
|-weather|RainDance|[upkeep]
|upkeep
|
|t:|1757700937
|switch|p1b: Sinistcha|Sinistcha-Masterpiece, L50|100/100
|switch|p2b: Jim Bob|Incineroar, L50, M|100/100
|switch|p1a: Torkoal|Torkoal, L50, M|100/100
|-ability|p2b: Jim Bob|Intimidate|boost
|-unboost|p1a: Torkoal|atk|1
|-unboost|p1b: Sinistcha|atk|1
|-weather|SunnyDay|[from] ability: Drought|[of] p1a: Torkoal
|turn|2
|
|t:|1757700957
|switch|p2a: Edward|Archaludon, L50, M|100/100
|-terastallize|p1b: Sinistcha|Normal
|move|p1a: Torkoal|Protect|p1a: Torkoal
|-singleturn|p1a: Torkoal|Protect
|move|p2b: Jim Bob|Fake Out|p1a: Torkoal
|-activate|p1a: Torkoal|move: Protect
|move|p1b: Sinistcha|Trick Room|p1b: Sinistcha
|-fieldstart|move: Trick Room|[of] p1b: Sinistcha
|
|-weather|SunnyDay|[upkeep]
|upkeep
|turn|3
|
|t:|1757700972
|move|p1a: Torkoal|Eruption|p2b: Jim Bob|[spread] p2a,p2b
|-resisted|p2b: Jim Bob
|-damage|p2a: Edward|36/100
|-damage|p2b: Jim Bob|65/100
|-ability|p2a: Edward|Stamina|boost
|-boost|p2a: Edward|def|1
|move|p1b: Sinistcha|Shadow Ball|p2a: Edward
|-damage|p2a: Edward|3/100
|-ability|p2a: Edward|Stamina|boost
|-boost|p2a: Edward|def|1
|move|p2b: Jim Bob|Parting Shot|p1a: Torkoal
|-unboost|p1a: Torkoal|atk|1
|-unboost|p1a: Torkoal|spa|1
|
|t:|1757700982
|switch|p2b: Biff|Basculegion, L50, M, tera:Water|67/100|[from] Parting Shot
|move|p2a: Edward|Body Press|p1b: Sinistcha
|-supereffective|p1b: Sinistcha
|-damage|p1b: Sinistcha|11/100
|
|-weather|SunnyDay|[upkeep]
|upkeep
|turn|4
|inactive|FortniteTuesday has 30 seconds left.
|inactive|FortniteTuesday has 20 seconds left.
|inactive|FortniteTuesday has 15 seconds left.
|
|t:|1757701023
|move|p2b: Biff|Aqua Jet|p1b: Sinistcha
|-damage|p1b: Sinistcha|0 fnt
|faint|p1b: Sinistcha
|move|p1a: Torkoal|Eruption|p2b: Biff|[spread] p2a,p2b
|-resisted|p2b: Biff
|-damage|p2a: Edward|0 fnt
|-damage|p2b: Biff|34/100
|faint|p2a: Edward
|
|-weather|SunnyDay|[upkeep]
|upkeep
|
|t:|1757701028
|switch|p2a: Jim Bob|Incineroar, L50, M|65/100
|-ability|p2a: Jim Bob|Intimidate|boost
|-unboost|p1a: Torkoal|atk|1
|turn|5
|inactive|BellsproutFanWill has 30 seconds left.
|inactive|BellsproutFanWill has 20 seconds left.
|inactive|BellsproutFanWill has 15 seconds left.
|inactive|BellsproutFanWill has 10 seconds left.
|inactive|BellsproutFanWill has 5 seconds left.
|
|t:|1757701083
|move|p2a: Jim Bob|Fake Out|p1a: Torkoal
|-damage|p1a: Torkoal|93/100
|move|p2b: Biff|Aqua Jet|p1a: Torkoal
|-supereffective|p1a: Torkoal
|-damage|p1a: Torkoal|72/100
|cant|p1a: Torkoal|flinch
|
|-weather|SunnyDay|[upkeep]
|upkeep
|turn|6
|
|t:|1757701107
|move|p2b: Biff|Aqua Jet|p1a: Torkoal
|-supereffective|p1a: Torkoal
|-damage|p1a: Torkoal|50/100
|move|p1a: Torkoal|Eruption|p2a: Jim Bob|[spread] p2a,p2b
|-resisted|p2a: Jim Bob
|-resisted|p2b: Biff
|-damage|p2a: Jim Bob|54/100
|-damage|p2b: Biff|17/100
|move|p2a: Jim Bob|Knock Off|p1a: Torkoal
|-damage|p1a: Torkoal|22/100
|-enditem|p1a: Torkoal|Charcoal|[from] move: Knock Off|[of] p2a: Jim Bob
|
|-weather|none
|-fieldend|move: Trick Room
|upkeep
|turn|7
|-message|BellsproutFanWill forfeited.
|
|win|FortniteTuesday
|l|‽BellsproutFanWill
|player|p1|
||BellsproutFanWill is ready for game 2.
||FortniteTuesday is ready for game 2.
|uhtml|next|Next: Game 2 of 3
