|j|☆7019Q_Q
|j|☆satoranbo
|html|7019Q_Qsatoranbo    
|uhtml|bestof|Game 2 of a best-of-3
|t:|1786027054
|gametype|doubles
|player|p1|7019Q_Q|elesa|
|player|p2|satoranbo|2|
|gen|9
|tier|[Gen 9 Champions] VGC 2026 Reg M-B (Bo3)
|rule|Species Clause: Limit one of each Pokémon
|rule|Item Clause: Limit 1 of each item
|clearpoke
|poke|p1|Charizard, L50, M, shiny|
|poke|p1|Grimmsnarl, L50, M|
|poke|p1|Venusaur, L50, M|
|poke|p1|Pelipper, L50, F|
|poke|p1|Archaludon, L50, F|
|poke|p1|Annihilape, L50, M|
|poke|p2|Tyranitar, L50, F, shiny|
|poke|p2|Gholdengo, L50|
|poke|p2|Excadrill, L50, F|
|poke|p2|Milotic, L50, F|
|poke|p2|Staraptor, L50, M|
|poke|p2|Sinistcha, L50|
|teampreview|4
|showteam|p1|Charizard||CharizarditeY|Blaze|HeatWave,WeatherBall,HelpingHand,Protect|Modest||M|||50|]Grimmsnarl||LightClay|Prankster|SpiritBreak,Reflect,LightScreen,PartingShot|Careful||M|||50|]Venusaur||LifeOrb|Chlorophyll|SolarBeam,SludgeBomb,EarthPower,Protect|Modest||M|||50|]Pelipper||FocusSash|Drizzle|WeatherBall,Hurricane,Tailwind,Protect|Timid||F|||50|]Archaludon||Leftovers|Stamina|FlashCannon,DragonPulse,ElectroShot,Protect|Modest||F|||50|]Annihilape||ChoiceScarf|Defiant|PhantomForce,CloseCombat,IcePunch,RockTomb|Adamant||M|||50|
|showteam|p2|Tyranitar||Tyranitarite|SandStream|KnockOff,Protect,HighHorsepower,RockSlide|Jolly||F|||50|]Gholdengo||LifeOrb|GoodasGold|MakeItRain,NastyPlot,ShadowBall,Protect|Modest|||||50|]Excadrill||FocusSash|SandRush|HighHorsepower,IronHead,RockSlide,Protect|Jolly||F|||50|]Milotic||SitrusBerry|Competitive|IcyWind,Haze,Scald,Protect|Bold||F|||50|]Staraptor||Staraptite|Intimidate|BraveBird,CloseCombat,Tailwind,Protect|Jolly||M|||50|]Sinistcha||ColburBerry|Hospitality|MatchaGotcha,RagePowder,ShadowBall,Protect|Bold|||||50|
|j| r13974682
|j| tocookie0129
|j| KKCWind
|j| cubesugar
|j| MarillRag1
|j| wl02437056
|
|t:|1786027142
|teamsize|p1|4
|teamsize|p2|4
|start
|switch|p1a: Annihilape|Annihilape, L50, M|100/100
|switch|p1b: 圖書館守護龍|Charizard, L50, M, shiny|100/100
|switch|p2a: Tyranitar|Tyranitar, L50, F, shiny|100/100
|switch|p2b: Milotic|Milotic, L50, F|100/100
|-weather|Sandstorm|[from] ability: Sand Stream|[of] p2a: Tyranitar
|turn|1
|
|t:|1786027182
|move|p1b: 圖書館守護龍|Protect|p1b: 圖書館守護龍
|-singleturn|p1b: 圖書館守護龍|Protect
|move|p2a: Tyranitar|Protect|p2a: Tyranitar
|-singleturn|p2a: Tyranitar|Protect
|move|p1a: Annihilape|Close Combat|p2a: Tyranitar
|-activate|p2a: Tyranitar|move: Protect
|move|p2b: Milotic|Scald|p1b: 圖書館守護龍
|-activate|p1b: 圖書館守護龍|move: Protect
|
|-weather|Sandstorm|[upkeep]
|-damage|p1a: Annihilape|94/100|[from] Sandstorm
|-damage|p1b: 圖書館守護龍|94/100|[from] Sandstorm
|-damage|p2b: Milotic|94/100|[from] Sandstorm
|upkeep
|turn|2
|
|t:|1786027202
|switch|p2a: Sinistcha|Sinistcha, L50|100/100
|-heal|p2b: Milotic|100/100|[from] ability: Hospitality|[of] p2a: Sinistcha
|detailschange|p1b: 圖書館守護龍|Charizard-Mega-Y, L50, M, shiny
|-mega|p1b: 圖書館守護龍|Charizard|Charizardite Y
|-weather|SunnyDay|[from] ability: Drought|[of] p1b: 圖書館守護龍
|move|p2b: Milotic|Protect|p2b: Milotic
|-singleturn|p2b: Milotic|Protect
|move|p1a: Annihilape|Close Combat|p2a: Sinistcha
|-immune|p2a: Sinistcha
|move|p1b: 圖書館守護龍|Heat Wave|p2a: Sinistcha|[spread] p2a
|-activate|p2b: Milotic|move: Protect
|-supereffective|p2a: Sinistcha|1
|-damage|p2a: Sinistcha|0 fnt
|faint|p2a: Sinistcha
|
|-weather|SunnyDay|[upkeep]
|upkeep
|
|t:|1786027217
|switch|p2a: Tyranitar|Tyranitar, L50, F, shiny|100/100
|-weather|Sandstorm|[from] ability: Sand Stream|[of] p2a: Tyranitar
|turn|3
|
|t:|1786027237
|switch|p1b: 庫式礦業財產|Archaludon, L50, F|100/100
|move|p2a: Tyranitar|Protect|p2a: Tyranitar
|-singleturn|p2a: Tyranitar|Protect
|move|p1a: Annihilape|Close Combat|p2a: Tyranitar
|-activate|p2a: Tyranitar|move: Protect
|move|p2b: Milotic|Scald|p1a: Annihilape
|-damage|p1a: Annihilape|64/100
|-status|p1a: Annihilape|brn
|
|-weather|Sandstorm|[upkeep]
|-damage|p1a: Annihilape|58/100 brn|[from] Sandstorm
|-damage|p2b: Milotic|94/100|[from] Sandstorm
|-damage|p1a: Annihilape|52/100 brn|[from] brn
|upkeep
|turn|4
|
|t:|1786027267
|detailschange|p2a: Tyranitar|Tyranitar-Mega, L50, F, shiny
|-mega|p2a: Tyranitar|Tyranitar|Tyranitarite
|move|p1a: Annihilape|Close Combat|p2a: Tyranitar
|-supereffective|p2a: Tyranitar|2
|-damage|p2a: Tyranitar|18/100
|-unboost|p1a: Annihilape|def|1
|-unboost|p1a: Annihilape|spd|1
|move|p2a: Tyranitar|Knock Off|p1a: Annihilape
|-damage|p1a: Annihilape|0 fnt
|-enditem|p1a: Annihilape|Choice Scarf|[from] move: Knock Off|[of] p2a: Tyranitar
|faint|p1a: Annihilape
|move|p2b: Milotic|Scald|p1b: 庫式礦業財產
|-resisted|p1b: 庫式礦業財產|1
|-damage|p1b: 庫式礦業財產|85/100
|-status|p1b: 庫式礦業財產|brn
|-ability|p1b: 庫式礦業財產|Stamina|boost
|-boost|p1b: 庫式礦業財產|def|1
|move|p1b: 庫式礦業財產|Flash Cannon|p2a: Tyranitar
|-supereffective|p2a: Tyranitar|1
|-crit|p2a: Tyranitar
|-damage|p2a: Tyranitar|0 fnt
|faint|p2a: Tyranitar
|
|-weather|Sandstorm|[upkeep]
|-damage|p2b: Milotic|88/100|[from] Sandstorm
|-heal|p1b: 庫式礦業財產|91/100 brn|[from] item: Leftovers
|-damage|p1b: 庫式礦業財產|85/100 brn|[from] brn
|upkeep
|
|t:|1786027287
|switch|p1a: 礦物運送中|Pelipper, L50, F|100/100
|switch|p2a: Staraptor|Staraptor, L50, M|100/100
|-ability|p2a: Staraptor|Intimidate|boost
|-unboost|p1a: 礦物運送中|atk|1
|-unboost|p1b: 庫式礦業財產|atk|1
|-weather|RainDance|[from] ability: Drizzle|[of] p1a: 礦物運送中
|turn|5
|
|t:|1786027321
|move|p2a: Staraptor|Close Combat|p1b: 庫式礦業財產
|-supereffective|p1b: 庫式礦業財產|1
|-damage|p1b: 庫式礦業財產|51/100 brn
|-unboost|p2a: Staraptor|def|1
|-unboost|p2a: Staraptor|spd|1
|-ability|p1b: 庫式礦業財產|Stamina|boost
|-boost|p1b: 庫式礦業財產|def|1
|move|p1a: 礦物運送中|Tailwind|p1a: 礦物運送中
|-sidestart|p1: 7019Q_Q|move: Tailwind
|move|p1b: 庫式礦業財產|Electro Shot||[still]
|-prepare|p1b: 庫式礦業財產|Electro Shot
|-boost|p1b: 庫式礦業財產|spa|1
|-anim|p1b: 庫式礦業財產|Electro Shot|p2b: Milotic
|-supereffective|p2b: Milotic|1
|-damage|p2b: Milotic|0 fnt
|faint|p2b: Milotic
|
|-weather|RainDance|[upkeep]
|-heal|p1b: 庫式礦業財產|57/100 brn|[from] item: Leftovers
|-damage|p1b: 庫式礦業財產|51/100 brn|[from] brn
|upkeep
|turn|6
|
|t:|1786027349
|move|p1a: 礦物運送中|Hurricane|p2a: Staraptor
|-damage|p2a: Staraptor|7/100
|move|p1b: 庫式礦業財產|Electro Shot||[still]
|-prepare|p1b: 庫式礦業財產|Electro Shot
|-boost|p1b: 庫式礦業財產|spa|1
|-anim|p1b: 庫式礦業財產|Electro Shot|p2a: Staraptor
|-supereffective|p2a: Staraptor|1
|-damage|p2a: Staraptor|0 fnt
|faint|p2a: Staraptor
|
|win|7019Q_Q
||7019Q_Q is ready for game 3.
|inactive|satoranbo has 30 seconds to confirm battle start!
||satoranbo is ready for game 3.
|uhtml|next|Next: Game 3 of 3
|l| cubesugar
|l| KKCWind
|l| tocookie0129
|l|☆satoranbo
|player|p2|
|l| wl02437056
|j| fujishimamegumi
