|j|☆MurQrow
|j|☆Fransan12
|html|MurQrowFransan12    
|uhtml|bestof|Game 1 of a best-of-3
|t:|1756849331
|gametype|doubles
|player|p1|MurQrow|101|1004
|player|p2|Fransan12|2|1000
|gen|9
|tier|[Gen 9] VGC 2025 Reg H (Bo3)
|rated|
|rule|Species Clause: Limit one of each Pokémon
|rule|Item Clause: Limit 1 of each item
|clearpoke
|poke|p1|Ninetales-Alola, L50, F|
|poke|p1|Baxcalibur, L50, M|
|poke|p1|Gholdengo, L50|
|poke|p1|Magmar, L50, M|
|poke|p1|Rillaboom, L50, M|
|poke|p1|Flamigo, L50, F|
|poke|p2|Incineroar, L50, F|
|poke|p2|Slowbro-Galar, L50, F|
|poke|p2|Decidueye-Hisui, L50, F|
|poke|p2|Talonflame, L50, F|
|poke|p2|Dragapult, L50, M|
|poke|p2|Sinistcha, L50|
|teampreview|4
|showteam|p1|Ninetales-Alola||CovertCloak|SnowWarning|Blizzard,IcyWind,Encore,AuroraVeil|||F|||50|,,,,,Fire]Baxcalibur||LoadedDice|ThermalExchange|Protect,IceShard,IcicleSpear,ScaleShot|||M|||50|,,,,,Water]Gholdengo||LifeOrb|GoodasGold|NastyPlot,Protect,MakeItRain,ShadowBall||||||50|,,,,,Water]Magmar||Eviolite|VitalSpirit|ClearSmog,FollowMe,Protect,Flamethrower|||M|||50|,,,,,Ghost]Rillaboom||AssaultVest|GrassySurge|FakeOut,GrassyGlide,WoodHammer,HighHorsepower|||M|||50|,,,,,Fire]Flamigo||ChoiceScarf|Scrappy|CloseCombat,BraveBird,DualWingbeat,Tailwind|||F|||50|,,,,,Ghost
|showteam|p2|Incineroar||EjectButton|Intimidate|FakeOut,PartingShot,KnockOff,Bulldoze|||F|||50|,,,,,Fire]Slowbro-Galar||ExpertBelt|OwnTempo|PoisonJab,ZenHeadbutt,DrainPunch,Protect|||F|||50|,,,,,Poison]Decidueye-Hisui||CovertCloak|Scrappy|Coaching,CloseCombat,TripleArrows,LightScreen|||F|||50|,,,,,Poison]Talonflame||FocusSash|GaleWings|Tailwind,BraveBird,Protect,DualWingbeat|||F|||50|,,,,,Fire]Dragapult||LifeOrb|ClearBody|PsychicFangs,DragonDarts,SuckerPunch,WillOWisp|||M|||50|,,,,,Dragon]Sinistcha||RockyHelmet|Hospitality|MatchaGotcha,TrickRoom,RagePowder,LifeDew||||||50|,,,,,Grass
|inactive|Battle timer is ON: inactive players will automatically lose when time's up. (requested by MurQrow)
|inactive|Fransan12 also wants the timer to be on.
|inactive|MurQrow has 60 seconds left.
|inactive|Fransan12 has 60 seconds left.
|
|t:|1756849395
|teamsize|p1|4
|teamsize|p2|4
|start
|switch|p1a: Rillaboom|Rillaboom, L50, M|100/100
|switch|p1b: Ninetales|Ninetales-Alola, L50, F|100/100
|switch|p2a: Incineroar|Incineroar, L50, F|100/100
|switch|p2b: Sinistcha|Sinistcha, L50|100/100
|-weather|Snowscape|[from] ability: Snow Warning|[of] p1b: Ninetales
|-fieldstart|move: Grassy Terrain|[from] ability: Grassy Surge|[of] p1a: Rillaboom
|-ability|p2a: Incineroar|Intimidate|boost
|-unboost|p1a: Rillaboom|atk|1
|-unboost|p1b: Ninetales|atk|1
|turn|1
|inactive|MurQrow has 30 seconds left.
|inactive|MurQrow has 20 seconds left.
|inactive|MurQrow has 15 seconds left.
|inactive|MurQrow has 10 seconds left.
|inactive|MurQrow has 5 seconds left.
|
|t:|1756849447
|switch|p2a: Slowbro|Slowbro-Galar, L50, F|100/100
|move|p1b: Ninetales|Blizzard|p2b: Sinistcha|[spread] p2a,p2b
|-supereffective|p2b: Sinistcha
|-damage|p2a: Slowbro|72/100
|-damage|p2b: Sinistcha|59/100
|-status|p2b: Sinistcha|frz
|move|p1a: Rillaboom|High Horsepower|p2a: Slowbro
|-supereffective|p2a: Slowbro
|-damage|p2a: Slowbro|32/100
|-curestatus|p2b: Sinistcha|frz|[msg]
|move|p2b: Sinistcha|Trick Room|p2b: Sinistcha
|-fieldstart|move: Trick Room|[of] p2b: Sinistcha
|
|-weather|Snowscape|[upkeep]
|-heal|p2a: Slowbro|38/100|[from] Grassy Terrain
|-heal|p2b: Sinistcha|65/100|[from] Grassy Terrain
|upkeep
|turn|2
|inactive|MurQrow has 30 seconds left.
|
|t:|1756849475
|switch|p1a: Flush five|Baxcalibur, L50, M|100/100
|move|p2a: Slowbro|Poison Jab|p1b: Ninetales
|-supereffective|p1b: Ninetales
|-damage|p1b: Ninetales|29/100
|move|p2b: Sinistcha|Life Dew|p2b: Sinistcha|[spread] p2a,p2b
|-heal|p2a: Slowbro|63/100
|-heal|p2b: Sinistcha|90/100
|move|p1b: Ninetales|Blizzard|p2b: Sinistcha|[spread] p2a,p2b
|-supereffective|p2b: Sinistcha
|-damage|p2a: Slowbro|35/100
|-damage|p2b: Sinistcha|52/100
|
|-weather|Snowscape|[upkeep]
|-heal|p2a: Slowbro|41/100|[from] Grassy Terrain
|-heal|p2b: Sinistcha|58/100|[from] Grassy Terrain
|-heal|p1b: Ninetales|35/100|[from] Grassy Terrain
|upkeep
|turn|3
|inactive|MurQrow has 30 seconds left.
|
|t:|1756849508
|move|p1a: Flush five|Ice Shard|p2b: Sinistcha
|-supereffective|p2b: Sinistcha
|-crit|p2b: Sinistcha
|-damage|p2b: Sinistcha|0 fnt
|faint|p2b: Sinistcha
|move|p2a: Slowbro|Drain Punch|p1a: Flush five
|-supereffective|p1a: Flush five
|-damage|p1a: Flush five|66/100
|-heal|p2a: Slowbro|58/100|[from] drain|[of] p1a: Flush five
|move|p1b: Ninetales|Blizzard|p2a: Slowbro
|-damage|p2a: Slowbro|22/100
|
|-weather|Snowscape|[upkeep]
|-heal|p2a: Slowbro|28/100|[from] Grassy Terrain
|-heal|p1a: Flush five|72/100|[from] Grassy Terrain
|-heal|p1b: Ninetales|40/100|[from] Grassy Terrain
|upkeep
|
|t:|1756849511
|switch|p2b: Incineroar|Incineroar, L50, F|100/100
|-ability|p2b: Incineroar|Intimidate|boost
|-unboost|p1a: Flush five|atk|1
|-unboost|p1b: Ninetales|atk|1
|turn|4
|inactive|MurQrow has 30 seconds left.
|inactive|MurQrow has 20 seconds left.
|inactive|MurQrow has 15 seconds left.
|inactive|MurQrow has 10 seconds left.
|
|t:|1756849560
|move|p1a: Flush five|Protect|p1a: Flush five
|-singleturn|p1a: Flush five|Protect
|move|p2b: Incineroar|Fake Out|p1b: Ninetales
|-damage|p1b: Ninetales|28/100
|move|p2a: Slowbro|Drain Punch|p1a: Flush five
|-activate|p1a: Flush five|move: Protect
|move|p1b: Ninetales|Blizzard|p2b: Incineroar|[spread] p2a,p2b
|-resisted|p2b: Incineroar
|-crit|p2b: Incineroar
|-damage|p2a: Slowbro|0 fnt
|-damage|p2b: Incineroar|83/100
|faint|p2a: Slowbro
|-enditem|p2b: Incineroar|Eject Button
|
|t:|1756849568
|switch|p2b: Decidueye|Decidueye-Hisui, L50, F|100/100
|
|-weather|Snowscape|[upkeep]
|-heal|p1a: Flush five|79/100|[from] Grassy Terrain
|-heal|p1b: Ninetales|34/100|[from] Grassy Terrain
|upkeep
|
|t:|1756849569
|switch|p2a: Incineroar|Incineroar, L50, F|83/100
|-ability|p2a: Incineroar|Intimidate|boost
|-unboost|p1a: Flush five|atk|1
|-unboost|p1b: Ninetales|atk|1
|turn|5
|inactive|MurQrow has 30 seconds left.
|inactive|Fransan12 has 30 seconds left.
|
|t:|1756849599
|switch|p1b: Rillaboom|Rillaboom, L50, M|100/100
|move|p2b: Decidueye|Coaching|p2a: Incineroar
|-boost|p2a: Incineroar|atk|1
|-boost|p2a: Incineroar|def|1
|move|p2a: Incineroar|Knock Off|p1b: Rillaboom
|-damage|p1b: Rillaboom|22/100
|-enditem|p1b: Rillaboom|Assault Vest|[from] move: Knock Off|[of] p2a: Incineroar
|move|p1a: Flush five|Icicle Spear|p2b: Decidueye
|-supereffective|p2b: Decidueye
|-damage|p2b: Decidueye|85/100
|-supereffective|p2b: Decidueye
|-damage|p2b: Decidueye|72/100
|-supereffective|p2b: Decidueye
|-damage|p2b: Decidueye|58/100
|-supereffective|p2b: Decidueye
|-damage|p2b: Decidueye|43/100
|-supereffective|p2b: Decidueye
|-damage|p2b: Decidueye|28/100
|-hitcount|p2b: Decidueye|5
|
|-weather|none
|-heal|p2b: Decidueye|34/100|[from] Grassy Terrain
|-heal|p2a: Incineroar|89/100|[from] Grassy Terrain
|-heal|p1b: Rillaboom|28/100|[from] Grassy Terrain
|-heal|p1a: Flush five|85/100|[from] Grassy Terrain
|-fieldend|move: Trick Room
|-fieldend|move: Grassy Terrain
|upkeep
|turn|6
|inactive|MurQrow has 30 seconds left.
|inactive|MurQrow has 20 seconds left.
|
|t:|1756849638
|move|p1b: Rillaboom|Fake Out|p2a: Incineroar
|-damage|p2a: Incineroar|80/100
|move|p1a: Flush five|Icicle Spear|p2b: Decidueye
|-supereffective|p2b: Decidueye
|-damage|p2b: Decidueye|20/100
|-supereffective|p2b: Decidueye
|-damage|p2b: Decidueye|7/100
|-supereffective|p2b: Decidueye
|-damage|p2b: Decidueye|0 fnt
|faint|p2b: Decidueye
|-hitcount|p2: Decidueye|3
|cant|p2a: Incineroar|flinch
|
|upkeep
|turn|7
|
|t:|1756849653
|move|p1a: Flush five|Scale Shot|p2a: Incineroar|[miss]
|-miss|p1a: Flush five|p2a: Incineroar
|move|p1b: Rillaboom|High Horsepower|p2a: Incineroar
|-supereffective|p2a: Incineroar
|-damage|p2a: Incineroar|40/100
|move|p2a: Incineroar|Knock Off|p1a: Flush five
|-damage|p1a: Flush five|7/100
|-enditem|p1a: Flush five|Loaded Dice|[from] move: Knock Off|[of] p2a: Incineroar
|
|upkeep
|turn|8
|
|t:|1756849667
|move|p1a: Flush five|Ice Shard|p2a: Incineroar
|-resisted|p2a: Incineroar
|-damage|p2a: Incineroar|36/100
|move|p1b: Rillaboom|High Horsepower|p2a: Incineroar
|-supereffective|p2a: Incineroar
|-damage|p2a: Incineroar|0 fnt
|faint|p2a: Incineroar
|
|win|MurQrow
