|j|☆nale581
|j|☆Pelosis
|html|nale581Pelosis    
|uhtml|bestof|Game 3 of a best-of-3
|t:|1784120036
|gametype|doubles
|player|p1|nale581|n|1075
|player|p2|Pelosis|101|1138
|gen|9
|tier|[Gen 9 Champions] VGC 2026 Reg M-B (Bo3)
|rated|
|rule|Species Clause: Limit one of each Pokémon
|rule|Item Clause: Limit 1 of each item
|clearpoke
|poke|p1|Mawile, L50, M|
|poke|p1|Farigiraf, L50, M|
|poke|p1|Torkoal, L50, M|
|poke|p1|Hatterene, L50, F|
|poke|p1|Malamar, L50, F|
|poke|p1|Staraptor, L50, F|
|poke|p2|Staraptor, L50, M|
|poke|p2|Grimmsnarl, L50, M|
|poke|p2|Sinistcha-Masterpiece, L50|
|poke|p2|Sylveon, L50, F|
|poke|p2|Garchomp, L50, M|
|poke|p2|Raichu, L50, M|
|teampreview|4
|showteam|p1|Mawile||Mawilite|Intimidate|SuckerPunch,IronHead,PlayRough,Protect|Brave||M|||50|]Farigiraf||SitrusBerry|ArmorTail|TrickRoom,HelpingHand,Psychic,Protect|Quiet||M|||50|]Torkoal||Charcoal|Drought|Eruption,Overheat,SolarBeam,Protect|Quiet||M|||50|]Hatterene||LifeOrb|MagicBounce|DazzlingGleam,Psyshock,TrickRoom,Protect|Quiet||F|||50|]Malamar||Leftovers|Contrary|Superpower,TrickRoom,SkillSwap,Protect|Brave||F|||50|]Staraptor||ChoiceScarf|Intimidate|FinalGambit,Uturn|Jolly||F|||50|
|showteam|p2|Staraptor||Staraptite|Intimidate|Protect,Roost,CloseCombat,BraveBird|Jolly||M|||50|]Grimmsnarl||LightClay|Prankster|PartingShot,SpiritBreak,SuckerPunch,ScaryFace|Careful||M|||50|]Sinistcha-Masterpiece||KasibBerry|Hospitality|RagePowder,MatchaGotcha,ShadowBall,TrickRoom|Bold|||||50|]Sylveon||FairyFeather|Pixilate|Protect,CalmMind,DrainingKiss,HyperVoice|Modest||F|||50|]Garchomp||ChoiceScarf|RoughSkin|RockSlide,Earthquake,DragonClaw,PoisonJab|Adamant||M|||50|]Raichu||FocusSash|LightningRod|FakeOut,Encore,Charm,Nuzzle|Timid||M|||50|
|inactive|Battle timer is ON: inactive players will automatically lose when time's up. (requested by nale581)
|
|t:|1784120051
|teamsize|p1|4
|teamsize|p2|4
|start
|switch|p1a: Staraptor|Staraptor, L50, F|100/100
|switch|p1b: Farigiraf|Farigiraf, L50, M|100/100
|switch|p2a: Raichu|Raichu, L50, M|100/100
|switch|p2b: Garchomp|Garchomp, L50, M|100/100
|-ability|p1a: Staraptor|Intimidate|boost
|-unboost|p2a: Raichu|atk|1
|-unboost|p2b: Garchomp|atk|1
|turn|1
|
|t:|1784120064
|switch|p2b: Sinistcha|Sinistcha-Masterpiece, L50|100/100
|move|p1a: Staraptor|Final Gambit|p2b: Sinistcha
|-immune|p2b: Sinistcha
|move|p2a: Raichu|Nuzzle|p1a: Staraptor
|-supereffective|p1a: Staraptor|1
|-damage|p1a: Staraptor|89/100
|-status|p1a: Staraptor|par
|move|p1b: Farigiraf|Trick Room|p1b: Farigiraf
|-fieldstart|move: Trick Room|[of] p1b: Farigiraf
|
|upkeep
|turn|2
|inactive|Pelosis has 30 seconds left.
|
|t:|1784120089
|move|p2b: Sinistcha|Rage Powder|p2b: Sinistcha
|-singleturn|p2b: Sinistcha|move: Rage Powder
|move|p1b: Farigiraf|Psychic|p2b: Sinistcha
|-damage|p2b: Sinistcha|60/100
|move|p1a: Staraptor|Final Gambit|p2b: Sinistcha
|-immune|p2b: Sinistcha
|move|p2a: Raichu|Nuzzle|p1a: Staraptor
|-supereffective|p1a: Staraptor|1
|-damage|p1a: Staraptor|79/100 par
|
|upkeep
|turn|3
|inactive|Pelosis has 30 seconds left.
|
|t:|1784120115
|switch|p1a: Mawile|Mawile, L50, M|100/100
|-ability|p1a: Mawile|Intimidate|boost
|-unboost|p2a: Raichu|atk|1
|-unboost|p2b: Sinistcha|atk|1
|switch|p2a: Sylveon|Sylveon, L50, F|100/100
|move|p2b: Sinistcha|Rage Powder|p2b: Sinistcha
|-singleturn|p2b: Sinistcha|move: Rage Powder
|move|p1b: Farigiraf|Psychic|p2b: Sinistcha
|-damage|p2b: Sinistcha|15/100
|
|upkeep
|turn|4
|inactive|Pelosis has 30 seconds left.
|
|t:|1784120141
|detailschange|p1a: Mawile|Mawile-Mega, L50, M
|-mega|p1a: Mawile|Mawile|Mawilite
|move|p2b: Sinistcha|Rage Powder|p2b: Sinistcha
|-singleturn|p2b: Sinistcha|move: Rage Powder
|move|p1a: Mawile|Iron Head|p2b: Sinistcha
|-damage|p2b: Sinistcha|0 fnt
|faint|p2b: Sinistcha
|move|p1b: Farigiraf|Psychic|p2a: Sylveon
|-damage|p2a: Sylveon|68/100
|move|p2a: Sylveon|Calm Mind|p2a: Sylveon
|-boost|p2a: Sylveon|spa|1
|-boost|p2a: Sylveon|spd|1
|
|upkeep
|inactive|Pelosis has 30 seconds left.
|
|t:|1784120168
|switch|p2b: Raichu|Raichu, L50, M|100/100
|turn|5
|
|t:|1784120183
|switch|p1a: Staraptor|Staraptor, L50, F|79/100 par
|-ability|p1a: Staraptor|Intimidate|boost
|-unboost|p2a: Sylveon|atk|1
|-unboost|p2b: Raichu|atk|1
|move|p2a: Sylveon|Protect|p2a: Sylveon
|-singleturn|p2a: Sylveon|Protect
|move|p1b: Farigiraf|Psychic|p2b: Raichu
|-damage|p2b: Raichu|35/100
|move|p2b: Raichu|Charm|p1a: Staraptor
|-unboost|p1a: Staraptor|atk|2
|
|-fieldend|move: Trick Room
|upkeep
|turn|6
|
|t:|1784120207
|move|p2b: Raichu|Encore|p1b: Farigiraf
|-start|p1b: Farigiraf|Encore
|move|p1a: Staraptor|Final Gambit|p2a: Sylveon
|-damage|p2a: Sylveon|0 fnt
|faint|p1a: Staraptor
|faint|p2a: Sylveon
|move|p1b: Farigiraf|Psychic|p2b: Raichu
|-damage|p2b: Raichu|0 fnt
|faint|p2b: Raichu
|
|upkeep
|
|t:|1784120218
|switch|p2b: Garchomp|Garchomp, L50, M|100/100
|switch|p1a: Mawile|Mawile-Mega, L50, M|100/100
|turn|7
|
|t:|1784120223
|switch|p1b: Torkoal|Torkoal, L50, M|100/100
|-weather|SunnyDay|[from] ability: Drought|[of] p1b: Torkoal
|move|p1a: Mawile|Protect|p1a: Mawile
|-singleturn|p1a: Mawile|Protect
|move|p2b: Garchomp|Earthquake|p1b: Torkoal|[spread] p1b
|-activate|p1a: Mawile|move: Protect
|-supereffective|p1b: Torkoal|1
|-crit|p1b: Torkoal
|-damage|p1b: Torkoal|3/100
|
|-weather|SunnyDay|[upkeep]
|upkeep
|turn|8
|
|t:|1784120239
|move|p1b: Torkoal|Protect|p1b: Torkoal
|-singleturn|p1b: Torkoal|Protect
|move|p2b: Garchomp|Earthquake|p1a: Mawile|[spread] p1a
|-activate|p1b: Torkoal|move: Protect
|-supereffective|p1a: Mawile|1
|-damage|p1a: Mawile|8/100
|move|p1a: Mawile|Play Rough|p2b: Garchomp
|-supereffective|p2b: Garchomp|1
|-damage|p2b: Garchomp|0 fnt
|-damage|p1a: Mawile|0 fnt|[from] ability: Rough Skin|[of] p2b: Garchomp
|faint|p2b: Garchomp
|faint|p1a: Mawile
|
|win|nale581
|raw|nale581's rating: 1075 → 1109(+34 for winning)
|raw|Pelosis's rating: 1138 → 1109(-29 for losing)
|l|☆nale581
|player|p1|
