|j|☆master 792
|j|☆teyvgc
|html|master 792teyvgc    
|uhtml|bestof|Game 1 of a best-of-3
|t:|1757255701
|gametype|doubles
|player|p1|master 792|red|1286
|player|p2|teyvgc|benga|1279
|gen|9
|tier|[Gen 9] VGC 2025 Reg H (Bo3)
|rated|
|rule|Species Clause: Limit one of each Pokémon
|rule|Item Clause: Limit 1 of each item
|clearpoke
|poke|p1|Tyranitar, L50, M|
|poke|p1|Talonflame, L50, M|
|poke|p1|Indeedee, L50, M|
|poke|p1|Sneasler, L50, F|
|poke|p1|Ursaluna-Bloodmoon, L50, M|
|poke|p1|Electabuzz, L50, F|
|poke|p2|Gholdengo, L50|
|poke|p2|Dragonite, L50, F|
|poke|p2|Sneasler, L50, F|
|poke|p2|Incineroar, L50, M|
|poke|p2|Indeedee, L50, M|
|poke|p2|Ninetales-Alola, L50, F|
|teampreview|4
|showteam|p1|Tyranitar||AssaultVest|SandStream|RockSlide,KnockOff,LowKick,TeraBlast|||M|||50|,,,,,Flying]Talonflame||CovertCloak|FlameBody|DualWingbeat,FlareBlitz,Tailwind,WillOWisp|||M|||50|,,,,,Fairy]Indeedee||FocusSash|PsychicSurge|ExpandingForce,TeraBlast,Imprison,TrickRoom|||M|||50|,,,,,Fighting]Sneasler||PsychicSeed|Unburden|DireClaw,CloseCombat,ThroatChop,Protect|||F|||50|,,,,,Dark]Ursaluna-Bloodmoon||LifeOrb|MindsEye|BloodMoon,HyperVoice,EarthPower,Protect|||M|||50|,,,,,Normal]Electabuzz||Eviolite|VitalSpirit|FollowMe,Taunt,Electroweb,Protect|||F|||50|,,,,,Ghost
|showteam|p2|Gholdengo||LifeOrb|GoodasGold|Protect,MakeItRain,ShadowBall,NastyPlot||||||50|,,,,,Water]Dragonite||LoadedDice|Multiscale|ScaleShot,Tailwind,Haze,Protect|||F|||50|,,,,,Fairy]Sneasler||PsychicSeed|Unburden|Protect,DireClaw,CloseCombat,ThroatChop|||F|||50|,,,,,Dark]Incineroar||SafetyGoggles|Intimidate|KnockOff,PartingShot,FlareBlitz,FakeOut|||M|||50|,,,,,Ghost]Indeedee||ChoiceScarf|PsychicSurge|Protect,Trick,TeraBlast,ExpandingForce|||M|||50|,,,,,Psychic]Ninetales-Alola||FocusSash|SnowWarning|Blizzard,IcyWind,Encore,AuroraVeil|||F|||50|,,,,,Ghost
|c|☆master 792|Cómo te odio reg h
|c|☆master 792|La peor regulación del juego
|
|t:|1757255732
|teamsize|p1|4
|teamsize|p2|4
|start
|switch|p1a: Jonny|Talonflame, L50, M|100/100
|switch|p1b: Ursaluna|Ursaluna-Bloodmoon, L50, M|100/100
|switch|p2a: Gholdengo|Gholdengo, L50|100/100
|switch|p2b: Sneasler|Sneasler, L50, F|100/100
|turn|1
|inactive|Battle timer is ON: inactive players will automatically lose when time's up. (requested by master 792)
|
|t:|1757255753
|move|p2b: Sneasler|Protect|p2b: Sneasler
|-singleturn|p2b: Sneasler|Protect
|move|p2a: Gholdengo|Protect|p2a: Gholdengo
|-singleturn|p2a: Gholdengo|Protect
|move|p1b: Ursaluna|Protect|p1b: Ursaluna
|-singleturn|p1b: Ursaluna|Protect
|move|p1a: Jonny|Tailwind|p1a: Jonny
|-sidestart|p1: master 792|move: Tailwind
|
|upkeep
|turn|2
|
|t:|1757255775
|switch|p2a: Indeedee|Indeedee, L50, M|100/100
|-fieldstart|move: Psychic Terrain|[from] ability: Psychic Surge|[of] p2a: Indeedee
|-enditem|p2b: Sneasler|Psychic Seed
|-boost|p2b: Sneasler|spd|1|[from] item: Psychic Seed
|-terastallize|p1b: Ursaluna|Normal
|move|p1a: Jonny|Flare Blitz|p2a: Indeedee
|-damage|p2a: Indeedee|1/100
|-damage|p1a: Jonny|71/100|[from] Recoil
|move|p2b: Sneasler|Close Combat|p1b: Ursaluna
|-supereffective|p1b: Ursaluna
|-crit|p1b: Ursaluna
|-damage|p1b: Ursaluna|0 fnt
|-unboost|p2b: Sneasler|def|1
|-unboost|p2b: Sneasler|spd|1
|faint|p1b: Ursaluna
|
|upkeep
|
|t:|1757255785
|switch|p1b: Strange|Indeedee, L50, M|100/100
|turn|3
|c|☆master 792|Jajajaja
|c|☆master 792|Que absurdo
|
|t:|1757255806
|move|p2b: Sneasler|Protect|p2b: Sneasler
|-singleturn|p2b: Sneasler|Protect
|move|p1a: Jonny|Dual Wingbeat|p2b: Sneasler
|-activate|p2b: Sneasler|move: Protect
|move|p1b: Strange|Expanding Force|p2a: Indeedee|[spread] p2a
|-activate|p2b: Sneasler|move: Protect
|-resisted|p2a: Indeedee
|-damage|p2a: Indeedee|0 fnt
|faint|p2a: Indeedee
|
|upkeep
|
|t:|1757255820
|switch|p2a: Dragonite|Dragonite, L50, F|100/100
|turn|4
|
|t:|1757255834
|switch|p2b: Gholdengo|Gholdengo, L50|100/100
|move|p1a: Jonny|Dual Wingbeat|p2a: Dragonite
|-damage|p2a: Dragonite|91/100
|-damage|p2a: Dragonite|75/100
|-hitcount|p2a: Dragonite|2
|move|p1b: Strange|Expanding Force|p2b: Gholdengo|[spread] p2a,p2b
|-resisted|p2b: Gholdengo
|-damage|p2a: Dragonite|23/100
|-damage|p2b: Gholdengo|73/100
|move|p2a: Dragonite|Scale Shot|p1b: Strange
|-crit|p1b: Strange
|-damage|p1b: Strange|49/100
|-damage|p1b: Strange|15/100
|-damage|p1b: Strange|0 fnt
|faint|p1b: Strange
|-hitcount|p1: Strange|3
|-unboost|p2a: Dragonite|def|1
|-boost|p2a: Dragonite|spe|1
|
|-sideend|p1: master 792|move: Tailwind
|upkeep
|
|t:|1757255840
|switch|p1b: Everest|Sneasler, L50, F, shiny|100/100
|-enditem|p1b: Everest|Psychic Seed
|-boost|p1b: Everest|spd|1|[from] item: Psychic Seed
|turn|5
|inactive|teyvgc has 30 seconds left.
|
|t:|1757255866
|move|p1b: Everest|Dire Claw|p2a: Dragonite
|-damage|p2a: Dragonite|0 fnt
|faint|p2a: Dragonite
|move|p1a: Jonny|Flare Blitz|p2b: Gholdengo
|-supereffective|p2b: Gholdengo
|-damage|p2b: Gholdengo|0 fnt
|faint|p2b: Gholdengo
|-damage|p1a: Jonny|43/100|[from] Recoil
|
|upkeep
|
|t:|1757255874
|switch|p2a: Sneasler|Sneasler, L50, F|100/100
|turn|6
|
|t:|1757255887
|-terastallize|p2a: Sneasler|Dark
|move|p1b: Everest|Dire Claw|p2a: Sneasler
|-damage|p2a: Sneasler|17/100
|-status|p2a: Sneasler|par
|move|p1a: Jonny|Dual Wingbeat|p2a: Sneasler
|-damage|p2a: Sneasler|0 fnt
|faint|p2a: Sneasler
|-hitcount|p2: Sneasler|1
|
|win|master 792
