|j|☆Sincubii
|j|☆WASHINGTONGARGACHA
|html|SincubiiWASHINGTONGARGACHA    
|uhtml|bestof|Game 2 of a best-of-3
|t:|1756677448
|gametype|doubles
|player|p1|Sincubii|palmer|1067
|player|p2|WASHINGTONGARGACHA|2|1067
|gen|9
|tier|[Gen 9] VGC 2025 Reg H (Bo3)
|rated|
|rule|Species Clause: Limit one of each Pokémon
|rule|Item Clause: Limit 1 of each item
|clearpoke
|poke|p1|Weavile, L50, F|
|poke|p1|Rillaboom, L50, F|
|poke|p1|Magnezone, L50|
|poke|p1|Dragonite, L50, M|
|poke|p1|Infernape, L50, M|
|poke|p1|Primarina, L50, M|
|poke|p2|Gholdengo, L50|
|poke|p2|Ursaluna, L50, M|
|poke|p2|Archaludon, L50, M|
|poke|p2|Murkrow, L50, F|
|poke|p2|Farigiraf, L50, M|
|poke|p2|Sneasler, L50, M|
|teampreview|4
|showteam|p1|Weavile||FocusSash|Pressure|IceSpinner,FakeOut,KnockOff,Taunt|||F|||50|,,,,,Ghost]Rillaboom||MiracleSeed|GrassySurge|FakeOut,GrassyGlide,WoodHammer,Protect|||F|||50|,,,,,Grass]Magnezone||ChoiceScarf|Sturdy|VoltSwitch,Electroweb,Thunderbolt,FlashCannon||||||50|,,,,,Electric]Dragonite||LoadedDice|Multiscale|Protect,ScaleShot,Tailwind,Haze|||M|||50|,,,,,Fairy]Infernape||LifeOrb|Blaze|HeatWave,Protect,AuraSphere,ScorchingSands|||M|||50|,,,,,Stellar]Primarina||ThroatSpray|LiquidVoice|HyperVoice,Moonblast,Protect,CalmMind|||M|||50|,,,,,Grass
|showteam|p2|Gholdengo||LifeOrb|GoodasGold|ShadowBall,MakeItRain,NastyPlot,Protect||||||50|,,,,,Water]Ursaluna||FlameOrb|Guts|Facade,Earthquake,Protect,HeadlongRush|||M|||50|,,,,,Ghost]Archaludon||PowerHerb|Sturdy|ElectroShot,FlashCannon,DracoMeteor,Protect|||M|||50|,,,,,Grass]Murkrow||Eviolite|Prankster|Tailwind,RainDance,FoulPlay,Haze|||F|||50|,,,,,Dark]Farigiraf||ThroatSpray|ArmorTail|HyperVoice,TrickRoom,Psychic,Protect|||M|||50|,,,,,Fairy]Sneasler||WhiteHerb|Unburden|DireClaw,CloseCombat,Protect,Acrobatics|||M|||50|,,,,,Flying
|
|t:|1756677478
|teamsize|p1|4
|teamsize|p2|4
|start
|switch|p1a: Mr. Cool|Weavile, L50, F|100/100
|switch|p1b: Mr. Electro|Magnezone, L50|100/100
|switch|p2a: Ursaluna|Ursaluna, L50, M|100/100
|switch|p2b: Archaludon|Archaludon, L50, M|100/100
|-ability|p1a: Mr. Cool|Pressure
|turn|1
|inactive|Battle timer is ON: inactive players will automatically lose when time's up. (requested by Sincubii)
|
|t:|1756677503
|-terastallize|p2a: Ursaluna|Ghost
|move|p1a: Mr. Cool|Ice Spinner|p2a: Ursaluna
|-damage|p2a: Ursaluna|74/100
|move|p1b: Mr. Electro|Volt Switch|p2b: Archaludon
|-resisted|p2b: Archaludon
|-damage|p2b: Archaludon|73/100
|
|t:|1756677509
|switch|p1b: Big Boss|Dragonite, L50, M, shiny|100/100|[from] Volt Switch
|move|p2b: Archaludon|Flash Cannon|p1a: Mr. Cool
|-supereffective|p1a: Mr. Cool
|-enditem|p1a: Mr. Cool|Focus Sash
|-damage|p1a: Mr. Cool|1/100
|move|p2a: Ursaluna|Earthquake|p1b: Big Boss|[spread] p2b,p1a
|-immune|p1b: Big Boss
|-supereffective|p2b: Archaludon
|-damage|p2b: Archaludon|0 fnt
|-damage|p1a: Mr. Cool|0 fnt
|faint|p2b: Archaludon
|faint|p1a: Mr. Cool
|
|-status|p2a: Ursaluna|brn|[from] item: Flame Orb
|upkeep
|
|t:|1756677523
|switch|p1a: Mr. Electro|Magnezone, L50|100/100
|switch|p2b: Farigiraf|Farigiraf, L50, M|100/100
|turn|2
|
|t:|1756677540
|-terastallize|p1a: Mr. Electro|Electric
|move|p1a: Mr. Electro|Thunderbolt|p2b: Farigiraf
|-damage|p2b: Farigiraf|47/100
|move|p1b: Big Boss|Scale Shot|p2b: Farigiraf
|-damage|p2b: Farigiraf|31/100
|-damage|p2b: Farigiraf|14/100
|-damage|p2b: Farigiraf|0 fnt
|faint|p2b: Farigiraf
|-hitcount|p2: Farigiraf|3
|-unboost|p1b: Big Boss|def|1
|-boost|p1b: Big Boss|spe|1
|move|p2a: Ursaluna|Facade|p1b: Big Boss
|-damage|p1b: Big Boss|9/100
|
|-damage|p2a: Ursaluna|68/100 brn|[from] brn
|upkeep
|
|t:|1756677555
|switch|p2b: Sneasler|Sneasler, L50, M|100/100
|turn|3
|
|t:|1756677571
|move|p2b: Sneasler|Protect|p2b: Sneasler
|-singleturn|p2b: Sneasler|Protect
|move|p1a: Mr. Electro|Thunderbolt|p2b: Sneasler
|-activate|p2b: Sneasler|move: Protect
|move|p1b: Big Boss|Scale Shot|p2b: Sneasler
|-activate|p2b: Sneasler|move: Protect
|move|p2a: Ursaluna|Facade|p1b: Big Boss
|-crit|p1b: Big Boss
|-damage|p1b: Big Boss|0 fnt
|faint|p1b: Big Boss
|
|-damage|p2a: Ursaluna|62/100 brn|[from] brn
|upkeep
|
|t:|1756677575
|switch|p1b: Furnace God|Infernape, L50, M|100/100
|turn|4
|inactive|Sincubii has 30 seconds left.
|inactive|WASHINGTONGARGACHA has 30 seconds left.
|inactive|WASHINGTONGARGACHA has 20 seconds left.
|inactive|WASHINGTONGARGACHA has 15 seconds left.
|
|t:|1756677617
|move|p2a: Ursaluna|Protect|p2a: Ursaluna
|-singleturn|p2a: Ursaluna|Protect
|move|p1a: Mr. Electro|Thunderbolt|p2a: Ursaluna
|-activate|p2a: Ursaluna|move: Protect
|move|p2b: Sneasler|Close Combat|p1b: Furnace God
|-damage|p1b: Furnace God|0 fnt
|-unboost|p2b: Sneasler|def|1
|-unboost|p2b: Sneasler|spd|1
|faint|p1b: Furnace God
|-enditem|p2b: Sneasler|White Herb
|-clearnegativeboost|p2b: Sneasler|[silent]
|
|-damage|p2a: Ursaluna|56/100 brn|[from] brn
|upkeep
|turn|5
|-message|Sincubii forfeited.
|
|win|WASHINGTONGARGACHA
