|j|☆keqinamu
|j|☆higigig
|html|keqinamuhigigig    
|uhtml|bestof|Game 1 of a best-of-3
|t:|1756688988
|gametype|doubles
|player|p1|keqinamu|elesa|1000
|player|p2|higigig|sisandbro|1163
|gen|9
|tier|[Gen 9] VGC 2025 Reg H (Bo3)
|rated|
|rule|Species Clause: Limit one of each Pokémon
|rule|Item Clause: Limit 1 of each item
|clearpoke
|poke|p1|Gardevoir, L50, F|
|poke|p1|Indeedee-F, L50, F|
|poke|p1|Sneasler, L50, F|
|poke|p1|Incineroar, L50, F|
|poke|p1|Kingambit, L50, F|
|poke|p1|Whimsicott, L50, M|
|poke|p2|Sneasler, L50, M|
|poke|p2|Gholdengo, L50|
|poke|p2|Amoonguss, L50, F|
|poke|p2|Incineroar, L50, M|
|poke|p2|Ursaluna-Bloodmoon, L50, M|
|poke|p2|Altaria, L50, M|
|teampreview|4
|showteam|p1|Gardevoir||LifeOrb|Trace|Protect,ExpandingForce,TrickRoom,Moonblast|||F|||50|,,,,,Grass]Indeedee-F||SafetyGoggles|PsychicSurge|HealPulse,FollowMe,TrickRoom,Psyshock|||F|||50|,,,,,Steel]Sneasler||PsychicSeed|Unburden|FakeOut,DireClaw,CloseCombat,Coaching|||F|||50|,,,,,Flying]Incineroar||CovertCloak|Intimidate|FlareBlitz,FakeOut,PartingShot,KnockOff|||F|||50|,,,,,Grass]Kingambit||BlackGlasses|Defiant|SuckerPunch,KowtowCleave,IronHead,ZenHeadbutt|||F|||50|,,,,,Ghost]Whimsicott||MentalHerb|Prankster|SunnyDay,FakeTears,Tailwind,EnergyBall|||M|||50|,,,,,Ghost
|showteam|p2|Sneasler||ClearAmulet|PoisonTouch|FakeOut,CloseCombat,DireClaw,Protect|||M|||50|,,,,,Water]Gholdengo||MetalCoat|GoodasGold|NastyPlot,MakeItRain,ShadowBall,Protect||||||50|,,,,,Water]Amoonguss||MentalHerb|Regenerator|Spore,RagePowder,PollenPuff,Protect|||F|||50|,,,,,Water]Incineroar||SafetyGoggles|Intimidate|FakeOut,FlareBlitz,KnockOff,PartingShot|||M|||50|,,,,,Ghost]Ursaluna-Bloodmoon||LifeOrb|MindsEye|HyperVoice,EarthPower,BloodMoon,Protect|||M|||50|,,,,,Poison]Altaria||CovertCloak|CloudNine|BreakingSwipe,Haze,Tailwind,Protect|||M|||50|,,,,,Fairy
|inactive|Battle timer is ON: inactive players will automatically lose when time's up. (requested by higigig)
|inactive|keqinamu also wants the timer to be on.
|inactive|keqinamu has 60 seconds left.
|inactive|higigig has 60 seconds left.
|inactive|keqinamu has 30 seconds left.
|inactive|higigig has 30 seconds left.
|inactive|higigig has 20 seconds left.
|inactive|higigig has 15 seconds left.
|inactive|higigig has 10 seconds left.
|inactive|higigig has 5 seconds left.
|
|t:|1756689075
|teamsize|p1|4
|teamsize|p2|4
|start
|switch|p1a: Kingambit|Kingambit, L50, F|100/100
|switch|p1b: Whimsicott|Whimsicott, L50, M|100/100
|switch|p2a: Incineroar|Incineroar, L50, M|100/100
|switch|p2b: Gholdengo|Gholdengo, L50|100/100
|-ability|p2a: Incineroar|Intimidate|boost
|-unboost|p1a: Kingambit|atk|1
|-ability|p1a: Kingambit|Defiant|boost
|-boost|p1a: Kingambit|atk|2
|-unboost|p1b: Whimsicott|atk|1
|turn|1
|inactive|keqinamu has 30 seconds left.
|
|t:|1756689102
|switch|p1a: Incineroar|Incineroar, L50, F|100/100
|-ability|p1a: Incineroar|Intimidate|boost
|-unboost|p2a: Incineroar|atk|1
|-unboost|p2b: Gholdengo|atk|1
|-terastallize|p2b: Gholdengo|Water
|move|p1b: Whimsicott|Tailwind|p1b: Whimsicott
|-sidestart|p1: keqinamu|move: Tailwind
|move|p2b: Gholdengo|Make It Rain|p1a: Incineroar|[spread] p1a,p1b
|-resisted|p1a: Incineroar
|-supereffective|p1b: Whimsicott
|-damage|p1a: Incineroar|73/100
|-damage|p1b: Whimsicott|0 fnt
|-unboost|p2b: Gholdengo|spa|1
|faint|p1b: Whimsicott
|move|p2a: Incineroar|Flare Blitz|p1a: Incineroar
|-resisted|p1a: Incineroar
|-damage|p1a: Incineroar|57/100
|-damage|p2a: Incineroar|95/100|[from] Recoil
|
|upkeep
|inactive|keqinamu has 30 seconds left.
|
|t:|1756689129
|switch|p1b: Gardevoir|Gardevoir, L50, F|100/100
|-ability|p1b: Gardevoir|Good as Gold|Trace|[from] ability: Trace|[of] p2b: Gholdengo
|turn|2
|inactive|higigig has 30 seconds left.
|
|t:|1756689157
|move|p2b: Gholdengo|Protect|p2b: Gholdengo
|-singleturn|p2b: Gholdengo|Protect
|move|p1a: Incineroar|Fake Out|p2a: Incineroar
|-damage|p2a: Incineroar|83/100
|move|p1b: Gardevoir|Moonblast|p2a: Incineroar
|-damage|p2a: Incineroar|28/100
|-unboost|p2a: Incineroar|spa|1
|-damage|p1b: Gardevoir|91/100|[from] item: Life Orb
|cant|p2a: Incineroar|flinch
|
|upkeep
|turn|3
|inactive|keqinamu has 30 seconds left.
|
|t:|1756689188
|move|p1b: Gardevoir|Moonblast|p2b: Gholdengo
|-damage|p2b: Gholdengo|16/100
|-damage|p1b: Gardevoir|81/100|[from] item: Life Orb
|move|p1a: Incineroar|Knock Off|p2b: Gholdengo
|-damage|p2b: Gholdengo|0 fnt
|-enditem|p2b: Gholdengo|Metal Coat|[from] move: Knock Off|[of] p1a: Incineroar
|faint|p2b: Gholdengo
|move|p2a: Incineroar|Knock Off|p1b: Gardevoir
|-damage|p1b: Gardevoir|39/100
|-enditem|p1b: Gardevoir|Life Orb|[from] move: Knock Off|[of] p2a: Incineroar
|
|upkeep
|inactive|higigig has 30 seconds left.
|inactive|higigig has 20 seconds left.
|
|t:|1756689224
|switch|p2b: Sneasler|Sneasler, L50, M|100/100
|turn|4
|
|t:|1756689246
|switch|p2a: Ursaluna|Ursaluna-Bloodmoon, L50, M|100/100
|move|p1b: Gardevoir|Protect|p1b: Gardevoir
|-singleturn|p1b: Gardevoir|Protect
|move|p2b: Sneasler|Protect|p2b: Sneasler
|-singleturn|p2b: Sneasler|Protect
|move|p1a: Incineroar|Flare Blitz|p2b: Sneasler
|-activate|p2b: Sneasler|move: Protect
|
|-sideend|p1: keqinamu|move: Tailwind
|upkeep
|turn|5
|inactive|higigig has 30 seconds left.
|inactive|keqinamu has 30 seconds left.
|
|t:|1756689287
|move|p2b: Sneasler|Dire Claw|p1b: Gardevoir
|-supereffective|p1b: Gardevoir
|-damage|p1b: Gardevoir|0 fnt
|faint|p1b: Gardevoir
|move|p1a: Incineroar|Flare Blitz|p2a: Ursaluna
|-damage|p2a: Ursaluna|63/100
|-damage|p1a: Incineroar|44/100|[from] Recoil
|move|p2a: Ursaluna|Earth Power|p1a: Incineroar
|-supereffective|p1a: Incineroar
|-damage|p1a: Incineroar|0 fnt
|faint|p1a: Incineroar
|-damage|p2a: Ursaluna|53/100|[from] item: Life Orb
|
|upkeep
|
|t:|1756689290
|switch|p1b: Kingambit|Kingambit, L50, F|100/100
|turn|6
|
|t:|1756689305
|-terastallize|p1b: Kingambit|Ghost
|move|p1b: Kingambit|Sucker Punch|p2a: Ursaluna
|-crit|p2a: Ursaluna
|-damage|p2a: Ursaluna|1/100
|move|p2b: Sneasler|Close Combat|p1b: Kingambit
|-immune|p1b: Kingambit
|move|p2a: Ursaluna|Blood Moon|p1b: Kingambit
|-crit|p1b: Kingambit
|-damage|p1b: Kingambit|0 fnt
|faint|p1b: Kingambit
|-damage|p2a: Ursaluna|0 fnt|[from] item: Life Orb
|faint|p2a: Ursaluna
|
|win|higigig
