|j|☆sbhaga34
|j|☆Casco Dentado
|html|sbhaga34Casco Dentado    
|uhtml|bestof|Game 2 of a best-of-3
|t:|1756047074
|gametype|doubles
|player|p1|sbhaga34|hugh|1391
|player|p2|Casco Dentado|will|1428
|gen|9
|tier|[Gen 9] VGC 2025 Reg H (Bo3)
|rated|
|rule|Species Clause: Limit one of each Pokémon
|rule|Item Clause: Limit 1 of each item
|clearpoke
|poke|p1|Indeedee-F, L50, F|
|poke|p1|Talonflame, L50, F|
|poke|p1|Tyranitar, L50, M|
|poke|p1|Excadrill, L50, F|
|poke|p1|Gardevoir, L50, F|
|poke|p1|Annihilape, L50, M|
|poke|p2|Maushold-Four, L50|
|poke|p2|Annihilape, L50, F|
|poke|p2|Klefki, L50, F|
|poke|p2|Sneasler, L50, F|
|poke|p2|Indeedee, L50, M|
|poke|p2|Meowscarada, L50, M|
|teampreview|4
|showteam|p1|Indeedee-F||SafetyGoggles|PsychicSurge|FollowMe,TrickRoom,Imprison,Psychic|||F|||50|,,,,,Water]Talonflame||CovertCloak|GaleWings|Tailwind,Taunt,BraveBird,Uturn|||F|||50|,,,,,Dark]Tyranitar||WeaknessPolicy|SandStream|RockSlide,KnockOff,LowKick,Protect|||M|||50|,,,,,Flying]Excadrill||FocusSash|SandRush|Earthquake,IronHead,SwordsDance,Protect|||F|||50|,,,,,Ground]Gardevoir||ChoiceScarf|Telepathy|ExpandingForce,DazzlingGleam,Moonblast,IcyWind|||F|||50|,,,,,Psychic]Annihilape||Leftovers|Defiant|FinalGambit,CloseCombat,RageFist,Protect|||M|||50|,,,,,Stellar
|showteam|p2|Maushold-Four||SafetyGoggles|FriendGuard|Protect,FollowMe,Taunt,BeatUp||||||50|,,,,,Ghost]Annihilape||Leftovers|Defiant|Protect,BulkUp,RageFist,DrainPunch|||F|||50|,,,,,Fire]Klefki||LightClay|Prankster|Reflect,LightScreen,ThunderWave,DazzlingGleam|||F|||50|,,,,,Ghost]Sneasler||PsychicSeed|Unburden|Protect,CloseCombat,DireClaw,ThroatChop|||F|||50|,,,,,Dark]Indeedee||FocusSash|PsychicSurge|TrickRoom,Imprison,ExpandingForce,HelpingHand|||M|||50|,,,,,Psychic]Meowscarada||ChoiceBand|Protean|FlowerTrick,TripleAxel,KnockOff,Uturn|||M|||50|,,,,,Grass
|inactive|Battle timer is ON: inactive players will automatically lose when time's up. (requested by Casco Dentado)
|
|t:|1756047083
|teamsize|p1|4
|teamsize|p2|4
|start
|switch|p1a: Indeedee|Indeedee-F, L50, F|100/100
|switch|p1b: Excadrill|Excadrill, L50, F, shiny|100/100
|switch|p2a: 沁み込む|Klefki, L50, F|100/100
|switch|p2b: 雨景色|Annihilape, L50, F|100/100
|-fieldstart|move: Psychic Terrain|[from] ability: Psychic Surge|[of] p1a: Indeedee
|turn|1
|
|t:|1756047096
|move|p1a: Indeedee|Follow Me|p1a: Indeedee
|-singleturn|p1a: Indeedee|move: Follow Me
|move|p2a: 沁み込む|Light Screen|p2a: 沁み込む
|-sidestart|p2: Casco Dentado|move: Light Screen
|move|p2b: 雨景色|Bulk Up|p2b: 雨景色
|-boost|p2b: 雨景色|atk|1
|-boost|p2b: 雨景色|def|1
|move|p1b: Excadrill|Swords Dance|p1b: Excadrill
|-boost|p1b: Excadrill|atk|2
|
|upkeep
|turn|2
|
|t:|1756047107
|move|p1a: Indeedee|Follow Me|p1a: Indeedee
|-singleturn|p1a: Indeedee|move: Follow Me
|move|p2a: 沁み込む|Reflect|p2a: 沁み込む
|-sidestart|p2: Casco Dentado|Reflect
|move|p2b: 雨景色|Drain Punch|p1a: Indeedee
|-damage|p1a: Indeedee|51/100
|move|p1b: Excadrill|Swords Dance|p1b: Excadrill
|-boost|p1b: Excadrill|atk|2
|
|upkeep
|turn|3
|
|t:|1756047118
|move|p1a: Indeedee|Follow Me|p1a: Indeedee
|-singleturn|p1a: Indeedee|move: Follow Me
|move|p2b: 雨景色|Drain Punch|p1a: Indeedee
|-damage|p1a: Indeedee|5/100
|move|p1b: Excadrill|Iron Head|p2b: 雨景色
|-damage|p2b: 雨景色|37/100
|move|p2a: 沁み込む|Dazzling Gleam|p1b: Excadrill|[spread] p1a,p1b
|-crit|p1a: Indeedee
|-resisted|p1b: Excadrill
|-damage|p1a: Indeedee|0 fnt
|-damage|p1b: Excadrill|89/100
|faint|p1a: Indeedee
|
|-heal|p2b: 雨景色|43/100|[from] item: Leftovers
|upkeep
|
|t:|1756047141
|switch|p1a: Gardevoir|Gardevoir, L50, F, shiny|100/100
|turn|4
|
|t:|1756047163
|switch|p2a: アンコールダンス|Sneasler, L50, F|100/100
|-enditem|p2a: アンコールダンス|Psychic Seed
|-boost|p2a: アンコールダンス|spd|1|[from] item: Psychic Seed
|move|p2b: 雨景色|Protect|p2b: 雨景色
|-singleturn|p2b: 雨景色|Protect
|move|p1a: Gardevoir|Icy Wind|p2b: 雨景色|[spread] p2a
|-activate|p2b: 雨景色|move: Protect
|-damage|p2a: アンコールダンス|92/100
|-unboost|p2a: アンコールダンス|spe|1
|move|p1b: Excadrill|Earthquake|p2a: アンコールダンス|[spread] p2a
|-activate|p2b: 雨景色|move: Protect
|-activate|p1a: Gardevoir|ability: Telepathy
|-supereffective|p2a: アンコールダンス
|-damage|p2a: アンコールダンス|0 fnt
|faint|p2a: アンコールダンス
|
|-heal|p2b: 雨景色|49/100|[from] item: Leftovers
|upkeep
|
|t:|1756047182
|switch|p2a: くになる|Indeedee, L50, M|100/100
|turn|5
|
|t:|1756047192
|switch|p1a: Tyranitar|Tyranitar, L50, M|100/100
|-weather|Sandstorm|[from] ability: Sand Stream|[of] p1a: Tyranitar
|move|p1b: Excadrill|Protect|p1b: Excadrill
|-singleturn|p1b: Excadrill|Protect
|move|p2b: 雨景色|Drain Punch|p1b: Excadrill
|-activate|p1b: Excadrill|move: Protect
|move|p2a: くになる|Trick Room|p2a: くになる
|-fieldstart|move: Trick Room|[of] p2a: くになる
|
|-weather|Sandstorm|[upkeep]
|-damage|p2b: 雨景色|43/100|[from] Sandstorm
|-damage|p2a: くになる|95/100|[from] Sandstorm
|-heal|p2b: 雨景色|49/100|[from] item: Leftovers
|-fieldend|move: Psychic Terrain
|upkeep
|turn|6
|
|t:|1756047216
|switch|p2a: 沁み込む|Klefki, L50, F|100/100
|switch|p1b: Gardevoir|Gardevoir, L50, F, shiny|100/100
|move|p1a: Tyranitar|Knock Off|p2b: 雨景色
|-damage|p2b: 雨景色|25/100
|-enditem|p2b: 雨景色|Leftovers|[from] move: Knock Off|[of] p1a: Tyranitar
|move|p2b: 雨景色|Rage Fist|p1b: Gardevoir
|-supereffective|p1b: Gardevoir
|-damage|p1b: Gardevoir|0 fnt
|faint|p1b: Gardevoir
|
|-weather|Sandstorm|[upkeep]
|-damage|p2b: 雨景色|19/100|[from] Sandstorm
|upkeep
|
|t:|1756047230
|switch|p1b: Excadrill|Excadrill, L50, F, shiny|89/100
|turn|7
|
|t:|1756047239
|-terastallize|p1a: Tyranitar|Flying
|move|p1b: Excadrill|Protect|p1b: Excadrill
|-singleturn|p1b: Excadrill|Protect
|move|p2a: 沁み込む|Dazzling Gleam|p1b: Excadrill|[spread] p1a
|-activate|p1b: Excadrill|move: Protect
|-damage|p1a: Tyranitar|83/100
|move|p1a: Tyranitar|Knock Off|p2b: 雨景色
|-damage|p2b: 雨景色|2/100
|move|p2b: 雨景色|Drain Punch|p1a: Tyranitar
|-resisted|p1a: Tyranitar
|-damage|p1a: Tyranitar|66/100
|-heal|p2b: 雨景色|10/100|[from] drain|[of] p1a: Tyranitar
|
|-weather|Sandstorm|[upkeep]
|-damage|p1a: Tyranitar|60/100|[from] Sandstorm
|-damage|p2b: 雨景色|4/100|[from] Sandstorm
|upkeep
|turn|8
|
|t:|1756047260
|move|p2a: 沁み込む|Thunder Wave|p2b: 雨景色
|-status|p2b: 雨景色|par
|move|p2b: 雨景色|Rage Fist|p1b: Excadrill
|-crit|p1b: Excadrill
|-damage|p1b: Excadrill|0 fnt
|faint|p1b: Excadrill
|move|p1a: Tyranitar|Knock Off|p2b: 雨景色
|-damage|p2b: 雨景色|0 fnt
|faint|p2b: 雨景色
|
|-weather|Sandstorm|[upkeep]
|-damage|p1a: Tyranitar|54/100|[from] Sandstorm
|-sideend|p2: Casco Dentado|move: Light Screen
|upkeep
|
|t:|1756047269
|switch|p2b: くになる|Indeedee, L50, M|95/100
|-fieldstart|move: Psychic Terrain|[from] ability: Psychic Surge|[of] p2b: くになる
|turn|9
|
|t:|1756047277
|move|p2b: くになる|Helping Hand|p2a: 沁み込む
|-singleturn|p2a: 沁み込む|Helping Hand|[of] p2b: くになる
|move|p2a: 沁み込む|Dazzling Gleam|p1a: Tyranitar
|-damage|p1a: Tyranitar|19/100
|move|p1a: Tyranitar|Knock Off|p2b: くになる
|-supereffective|p2b: くになる
|-damage|p2b: くになる|0 fnt
|-enditem|p2b: くになる|Focus Sash|[from] move: Knock Off|[of] p1a: Tyranitar
|faint|p2b: くになる
|
|-weather|none
|-sideend|p2: Casco Dentado|Reflect
|-fieldend|move: Trick Room
|upkeep
|turn|10
|
|t:|1756047290
|move|p1a: Tyranitar|Rock Slide|p2a: 沁み込む
|-resisted|p2a: 沁み込む
|-damage|p2a: 沁み込む|81/100
|move|p2a: 沁み込む|Dazzling Gleam|p1a: Tyranitar
|-damage|p1a: Tyranitar|0 fnt
|faint|p1a: Tyranitar
|
|win|Casco Dentado
|raw|sbhaga34's rating: 1391 → 1373(-18 for losing)
|raw|Casco Dentado's rating: 1428 → 1446(+18 for winning)
