|j|☆Gengh1s
|j|☆Splat24
|html|Gengh1sSplat24    
|uhtml|bestof|Game 2 of a best-of-3
|t:|1783030160
|gametype|doubles
|player|p1|Gengh1s|1|
|player|p2|Splat24|265|
|gen|9
|tier|[Gen 9 Champions] VGC 2026 Reg M-B (Bo3)
|rule|Species Clause: Limit one of each Pokémon
|rule|Item Clause: Limit 1 of each item
|clearpoke
|poke|p1|Snorlax, L50, F|
|poke|p1|Aerodactyl, L50, F|
|poke|p1|Farigiraf, L50, M|
|poke|p1|Hawlucha, L50, M|
|poke|p1|Drampa, L50, F|
|poke|p1|Sinistcha, L50|
|poke|p2|Charizard, L50, M, shiny|
|poke|p2|Venusaur, L50, M|
|poke|p2|Garchomp, L50, M, shiny|
|poke|p2|Hydreigon, L50, F|
|poke|p2|Meowstic, L50, M, shiny|
|poke|p2|Zoroark-Hisui, L50, M|
|teampreview|4
|showteam|p1|Snorlax||ChestoBerry|ThickFat|RockSlide,IcePunch,Protect,Crunch|Brave||F|||50|]Aerodactyl||LifeOrb|Unnerve|RockSlide,IceFang,DualWingbeat,WideGuard|Jolly||F|||50|]Farigiraf||LumBerry|SapSipper|TrickRoom,Protect,DazzlingGleam,Psychic|Quiet||M|||50|]Hawlucha||Hawluchanite|Limber|Entrainment,ThroatChop,Protect,BraveBird|Brave||M|||50|]Drampa||ChopleBerry|CloudNine|EarthPower,Protect,HyperVoice,DracoMeteor|Quiet||F|||50|]Sinistcha||MentalHerb|Hospitality|Protect,MatchaGotcha,TrickRoom,Imprison|Calm|||||50|
|showteam|p2|Charizard||CharizarditeY|Blaze|Protect,HeatWave,SolarBeam,WeatherBall|Modest||M|||50|]Venusaur||FocusSash|Chlorophyll|Protect,SludgeBomb,EnergyBall,SleepPowder|Modest||M|||50|]Garchomp||LifeOrb|RoughSkin|Protect,RockSlide,DragonClaw,Earthquake|Adamant||M|||50|]Hydreigon||WhiteHerb|Levitate|Protect,DracoMeteor,DarkPulse,Tailwind|Modest||F|||50|]Meowstic||MentalHerb|Prankster|Imprison,SkillSwap,TrickRoom,Thunderbolt|Modest||M|||50|]Zoroark-Hisui||ChoiceScarf|Illusion|IcyWind,Uturn,DarkPulse,Trick|Modest||M|||50|
|
|t:|1783030176
|teamsize|p1|4
|teamsize|p2|4
|start
|switch|p1a: Long Kirk|Farigiraf, L50, M|100/100
|switch|p1b: Honk Shoo|Snorlax, L50, F|100/100
|switch|p2a: Yamamoto|Charizard, L50, M, shiny|100/100
|switch|p2b: Gin|Venusaur, L50, M|100/100
|turn|1
|j| Swoocetron
|
|t:|1783030244
|detailschange|p2a: Yamamoto|Charizard-Mega-Y, L50, M, shiny
|-mega|p2a: Yamamoto|Charizard|Charizardite Y
|-weather|SunnyDay|[from] ability: Drought|[of] p2a: Yamamoto
|move|p2a: Yamamoto|Protect|p2a: Yamamoto
|-singleturn|p2a: Yamamoto|Protect
|move|p2b: Gin|Sleep Powder|p1a: Long Kirk
|-ability|p1a: Long Kirk|Sap Sipper|boost
|-boost|p1a: Long Kirk|atk|1
|move|p1b: Honk Shoo|Rock Slide|p2b: Gin|[spread] p2b
|-activate|p2a: Yamamoto|move: Protect
|-damage|p2b: Gin|78/100
|move|p1a: Long Kirk|Trick Room|p1a: Long Kirk
|-fieldstart|move: Trick Room|[of] p1a: Long Kirk
|
|-weather|SunnyDay|[upkeep]
|upkeep
|turn|2
|inactive|Battle timer is ON: inactive players will automatically lose when time's up. (requested by Splat24)
|
|t:|1783030333
|move|p1b: Honk Shoo|Ice Punch|p2a: Yamamoto
|-damage|p2a: Yamamoto|65/100
|move|p1a: Long Kirk|Dazzling Gleam|p2b: Gin|[spread] p2a,p2b
|-resisted|p2a: Yamamoto|1
|-resisted|p2b: Gin|1
|-damage|p2a: Yamamoto|54/100
|-damage|p2b: Gin|68/100
|move|p2a: Yamamoto|Weather Ball|p1a: Long Kirk
|-damage|p1a: Long Kirk|12/100
|move|p2b: Gin|Sleep Powder|p1b: Honk Shoo
|-status|p1b: Honk Shoo|slp|[from] move: Sleep Powder
|-enditem|p1b: Honk Shoo|Chesto Berry|[eat]
|-curestatus|p1b: Honk Shoo|slp|[msg]
|
|-weather|SunnyDay|[upkeep]
|upkeep
|turn|3
|inactive|Gengh1s has 30 seconds left.
|inactive|Splat24 has 30 seconds left.
|
|t:|1783030366
|move|p1a: Long Kirk|Protect|p1a: Long Kirk
|-singleturn|p1a: Long Kirk|Protect
|move|p1b: Honk Shoo|Ice Punch|p2b: Gin
|-supereffective|p2b: Gin|1
|-damage|p2b: Gin|10/100
|move|p2a: Yamamoto|Heat Wave|p1b: Honk Shoo|[spread] p1b
|-activate|p1a: Long Kirk|move: Protect
|-damage|p1b: Honk Shoo|79/100
|move|p2b: Gin|Sludge Bomb|p1b: Honk Shoo
|-damage|p1b: Honk Shoo|55/100
|
|-weather|SunnyDay|[upkeep]
|upkeep
|turn|4
|
|t:|1783030384
|move|p2a: Yamamoto|Protect|p2a: Yamamoto
|-singleturn|p2a: Yamamoto|Protect
|move|p2b: Gin|Protect|p2b: Gin
|-singleturn|p2b: Gin|Protect
|move|p1b: Honk Shoo|Rock Slide|p2a: Yamamoto|[spread] 
|-activate|p2a: Yamamoto|move: Protect
|-activate|p2b: Gin|move: Protect
|move|p1a: Long Kirk|Psychic|p2b: Gin
|-activate|p2b: Gin|move: Protect
|
|-weather|SunnyDay|[upkeep]
|upkeep
|turn|5
|inactive|Splat24 has 30 seconds left.
|
|t:|1783030414
|move|p1b: Honk Shoo|Rock Slide|p2a: Yamamoto|[spread] p2a,p2b
|-supereffective|p2a: Yamamoto|2
|-damage|p2a: Yamamoto|0 fnt
|-damage|p2b: Gin|0 fnt
|faint|p2a: Yamamoto
|faint|p2b: Gin
|move|p1a: Long Kirk|Trick Room|p1a: Long Kirk
|-fieldend|move: Trick Room
|
|-weather|none
|upkeep
|
|t:|1783030421
|switch|p2a: Kenpachi|Garchomp, L50, M, shiny|100/100
|switch|p2b: Unohana|Hydreigon, L50, F|100/100
|turn|6
|inactive|Gengh1s has 30 seconds left.
|inactive|Splat24 has 30 seconds left.
|inactive|Gengh1s has 20 seconds left.
|inactive|Splat24 has 20 seconds left.
|inactive|Gengh1s has 15 seconds left.
|
|t:|1783030462
|move|p1a: Long Kirk|Protect|p1a: Long Kirk
|-singleturn|p1a: Long Kirk|Protect
|move|p1b: Honk Shoo|Protect|p1b: Honk Shoo
|-singleturn|p1b: Honk Shoo|Protect
|move|p2b: Unohana|Tailwind|p2b: Unohana
|-sidestart|p2: Splat24|move: Tailwind
|move|p2a: Kenpachi|Earthquake|p1b: Honk Shoo|[spread] 
|-activate|p1a: Long Kirk|move: Protect
|-activate|p1b: Honk Shoo|move: Protect
|-immune|p2b: Unohana|[from] ability: Levitate
|
|upkeep
|turn|7
|j| PBreath
|inactive|Gengh1s has 30 seconds left.
|
|t:|1783030491
|move|p2b: Unohana|Dark Pulse|p1b: Honk Shoo
|-crit|p1b: Honk Shoo
|-damage|p1b: Honk Shoo|17/100
|move|p2a: Kenpachi|Earthquake|p1b: Honk Shoo|[spread] p1a,p1b
|-immune|p2b: Unohana|[from] ability: Levitate
|-damage|p1a: Long Kirk|0 fnt
|-damage|p1b: Honk Shoo|0 fnt
|faint|p1a: Long Kirk
|faint|p1b: Honk Shoo
|-damage|p2a: Kenpachi|90/100|[from] item: Life Orb
|
|upkeep
|
|t:|1783030501
|switch|p1a: Rolex|Aerodactyl, L50, F|100/100
|switch|p1b: Jack Black|Hawlucha, L50, M|100/100
|-ability|p1a: Rolex|Unnerve
|turn|8
|inactive|Gengh1s has 30 seconds left.
|inactive|Gengh1s has 20 seconds left.
|inactive|Gengh1s has 15 seconds left.
|
|t:|1783030544
|detailschange|p1b: Jack Black|Hawlucha-Mega, L50, M
|-mega|p1b: Jack Black|Hawlucha|Hawluchanite
|move|p1b: Jack Black|Protect|p1b: Jack Black
|-singleturn|p1b: Jack Black|Protect
|move|p2b: Unohana|Draco Meteor|p1a: Rolex|[miss]
|-miss|p2b: Unohana|p1a: Rolex
|move|p2a: Kenpachi|Rock Slide|p1b: Jack Black|[spread] p1a
|-activate|p1b: Jack Black|move: Protect
|-supereffective|p1a: Rolex|1
|-damage|p1a: Rolex|10/100
|-damage|p2a: Kenpachi|80/100|[from] item: Life Orb
|cant|p1a: Rolex|flinch
|
|upkeep
|turn|9
|inactive|Gengh1s has 30 seconds left.
|
|t:|1783030573
|move|p2b: Unohana|Draco Meteor|p1b: Jack Black
|-damage|p1b: Jack Black|25/100
|-unboost|p2b: Unohana|spa|2
|-enditem|p2b: Unohana|White Herb
|-clearnegativeboost|p2b: Unohana|[silent]
|move|p2a: Kenpachi|Rock Slide|p1b: Jack Black|[spread] p1b
|-miss|p2a: Kenpachi|p1a: Rolex
|-damage|p1b: Jack Black|0 fnt
|faint|p1b: Jack Black
|-damage|p2a: Kenpachi|70/100|[from] item: Life Orb
|move|p1a: Rolex|Ice Fang|p2a: Kenpachi
|-supereffective|p2a: Kenpachi|2
|-damage|p2a: Kenpachi|0 fnt
|-damage|p1a: Rolex|0 fnt|[from] ability: Rough Skin|[of] p2a: Kenpachi
|faint|p2a: Kenpachi
|faint|p1a: Rolex
|
|win|Splat24
|inactive|Gengh1s has 30 seconds to confirm battle start!
|inactive|Splat24 has 30 seconds to confirm battle start!
|l|☆Gengh1s
|player|p1|
|inactive|Gengh1s has 20 seconds to confirm battle start!
|inactive|Splat24 has 20 seconds to confirm battle start!
|inactive|Gengh1s has 10 seconds to confirm battle start!
|inactive|Splat24 has 10 seconds to confirm battle start!
|uhtml|next|Next: Game 3 of 3
|l|☆Splat24
|player|p2|
|j|☆Gengh1s
|player|p1|Gengh1s|1|
