|j|☆calamardude
|j|☆limestone7276
|html|calamardudelimestone7276    
|uhtml|bestof|Game 1 of a best-of-3
|t:|1756396559
|gametype|doubles
|player|p1|calamardude|bugcatcher-gen4dp|1000
|player|p2|limestone7276|2|1000
|gen|9
|tier|[Gen 9] VGC 2025 Reg H (Bo3)
|rated|
|rule|Species Clause: Limit one of each Pokémon
|rule|Item Clause: Limit 1 of each item
|clearpoke
|poke|p1|Indeedee, L50, M|
|poke|p1|Hawlucha, L50, F|
|poke|p1|Abomasnow, L50, M|
|poke|p1|Arcanine-Hisui, L50, M|
|poke|p1|Eiscue, L50, M|
|poke|p1|Ditto, L50|
|poke|p2|Porygon-Z, L50|
|poke|p2|Palafin, L50, F|
|poke|p2|Volcarona, L50, M|
|poke|p2|Rillaboom, L50, F|
|poke|p2|Ursaluna, L50, M|
|poke|p2|Whimsicott, L50, F|
|teampreview|4
|showteam|p1|Indeedee||FocusSash|PsychicSurge|ExpandingForce,DazzlingGleam,Protect,ShadowBall|||M|||50|,,,,,Dark]Hawlucha||PsychicSeed|Unburden|CloseCombat,Acrobatics,Detect,ThroatChop|||F|||50|,,,,,Dark]Abomasnow||Leftovers|SnowWarning|LeechSeed,AuroraVeil,GigaDrain,Blizzard|||M|||50|,,,,,Fire]Arcanine-Hisui||SafetyGoggles|Intimidate|ExtremeSpeed,FlareBlitz,Protect,RockSlide|||M|||50|,,,,,Grass]Eiscue||SitrusBerry|IceFace|BellyDrum,IceSpinner,Liquidation,Protect|||M|||50|,,,,,Ice]Ditto||ClearAmulet|Imposter|Transform||||||50|,,,,,Normal
|showteam|p2|Porygon-Z||LifeOrb|Adaptability|DarkPulse,HyperBeam,Protect,TriAttack||||||50|,,,,,Normal]Palafin||MysticWater|ZerotoHero|DrainPunch,FlipTurn,JetPunch,WaveCrash|||F|||50|,,,,,Water]Volcarona||RockyHelmet|FlameBody|FieryDance,Protect,RagePowder,StruggleBug|||M|||50|,,,,,Grass]Rillaboom||AssaultVest|GrassySurge|FakeOut,GrassyGlide,Uturn,WoodHammer|||F|||50|,,,,,Fire]Ursaluna||FlameOrb|Guts|Earthquake,Facade,HeadlongRush,Protect|||M|||50|,,,,,Ghost]Whimsicott||CovertCloak|Prankster|Encore,LightScreen,Moonblast,Tailwind|||F|||50|,,,,,Dark
|
|t:|1756396610
|teamsize|p1|4
|teamsize|p2|4
|start
|switch|p1a: Indeedee|Indeedee, L50, M|100/100
|switch|p1b: Hawlucha|Hawlucha, L50, F|100/100
|switch|p2a: Palafin|Palafin, L50, F|100/100
|switch|p2b: Rillaboom|Rillaboom, L50, F|100/100
|-fieldstart|move: Psychic Terrain|[from] ability: Psychic Surge|[of] p1a: Indeedee
|-enditem|p1b: Hawlucha|Psychic Seed
|-boost|p1b: Hawlucha|spd|1|[from] item: Psychic Seed
|-fieldstart|move: Grassy Terrain|[from] ability: Grassy Surge|[of] p2b: Rillaboom
|turn|1
|
|t:|1756396646
|move|p1b: Hawlucha|Detect|p1b: Hawlucha
|-singleturn|p1b: Hawlucha|Protect
|move|p2b: Rillaboom|Fake Out|p1b: Hawlucha
|-activate|p1b: Hawlucha|move: Protect
|move|p1a: Indeedee|Expanding Force|p2a: Palafin
|-damage|p2a: Palafin|49/100
|move|p2a: Palafin|Flip Turn|p1b: Hawlucha
|-activate|p1b: Hawlucha|move: Protect
|
|-heal|p2a: Palafin|56/100|[from] Grassy Terrain
|upkeep
|turn|2
|
|t:|1756396673
|switch|p1a: Eiscue|Eiscue, L50, M|100/100
|detailschange|p2a: Palafin|Palafin-Hero, L50, F
|switch|p2a: Ursaluna|Ursaluna, L50, M|100/100
|move|p1b: Hawlucha|Acrobatics|p2b: Rillaboom
|-supereffective|p2b: Rillaboom
|-damage|p2b: Rillaboom|4/100
|move|p2b: Rillaboom|U-turn|p1a: Eiscue
|-activate|p1a: Eiscue|ability: Ice Face
|-damage|p1a: Eiscue|100/100
|detailschange|p1a: Eiscue|Eiscue-Noice, L50, M
|
|t:|1756396687
|switch|p2b: Palafin|Palafin-Hero, L50, F|56/100|[from] U-turn
|-activate|p2b: Palafin|ability: Zero to Hero
|
|-heal|p2b: Palafin|62/100|[from] Grassy Terrain
|-status|p2a: Ursaluna|brn|[from] item: Flame Orb
|upkeep
|turn|3
|
|t:|1756396712
|switch|p1a: Indeedee|Indeedee, L50, M|100/100
|-fieldstart|move: Psychic Terrain|[from] ability: Psychic Surge|[of] p1a: Indeedee
|move|p2a: Ursaluna|Protect|p2a: Ursaluna
|-singleturn|p2a: Ursaluna|Protect
|move|p1b: Hawlucha|Close Combat|p2a: Ursaluna
|-activate|p2a: Ursaluna|move: Protect
|move|p2b: Palafin|Drain Punch|p1a: Indeedee
|-damage|p1a: Indeedee|23/100
|-heal|p2b: Palafin|91/100|[from] drain|[of] p1a: Indeedee
|
|-damage|p2a: Ursaluna|94/100 brn|[from] brn
|upkeep
|turn|4
|
|t:|1756396733
|switch|p2a: Rillaboom|Rillaboom, L50, F|4/100
|-fieldstart|move: Grassy Terrain|[from] ability: Grassy Surge|[of] p2a: Rillaboom
|move|p2b: Palafin|Jet Punch|p1a: Indeedee
|-damage|p1a: Indeedee|0 fnt
|faint|p1a: Indeedee
|move|p1b: Hawlucha|Close Combat|p2a: Rillaboom
|-damage|p2a: Rillaboom|0 fnt
|-unboost|p1b: Hawlucha|def|1
|-unboost|p1b: Hawlucha|spd|1
|faint|p2a: Rillaboom
|
|-heal|p2b: Palafin|98/100|[from] Grassy Terrain
|upkeep
|
|t:|1756396751
|switch|p1a: Arcanine|Arcanine-Hisui, L50, M|100/100
|switch|p2a: Ursaluna|Ursaluna, L50, M|94/100 brn
|-ability|p1a: Arcanine|Intimidate|boost
|-unboost|p2a: Ursaluna|atk|1
|-unboost|p2b: Palafin|atk|1
|turn|5
|
|t:|1756396770
|-terastallize|p1a: Arcanine|Grass
|move|p2b: Palafin|Jet Punch|p1b: Hawlucha
|-damage|p1b: Hawlucha|30/100
|move|p1b: Hawlucha|Close Combat|p2a: Ursaluna
|-supereffective|p2a: Ursaluna
|-damage|p2a: Ursaluna|10/100 brn
|-unboost|p1b: Hawlucha|def|1
|-unboost|p1b: Hawlucha|spd|1
|move|p1a: Arcanine|Rock Slide|p2a: Ursaluna|[spread] p2a,p2b
|-resisted|p2a: Ursaluna
|-damage|p2a: Ursaluna|1/100 brn
|-damage|p2b: Palafin|69/100
|move|p2a: Ursaluna|Facade|p1b: Hawlucha
|-damage|p1b: Hawlucha|0 fnt
|faint|p1b: Hawlucha
|
|-heal|p2b: Palafin|75/100|[from] Grassy Terrain
|-heal|p2a: Ursaluna|7/100 brn|[from] Grassy Terrain
|-damage|p2a: Ursaluna|1/100 brn|[from] brn
|upkeep
|
|t:|1756396791
|switch|p1b: Eiscue|Eiscue-Noice, L50, M|100/100
|turn|6
|
|t:|1756396809
|move|p1b: Eiscue|Protect|p1b: Eiscue
|-singleturn|p1b: Eiscue|Protect
|move|p1a: Arcanine|Extreme Speed|p2b: Palafin
|-damage|p2b: Palafin|47/100
|move|p2b: Palafin|Drain Punch|p1b: Eiscue
|-activate|p1b: Eiscue|move: Protect
|move|p2a: Ursaluna|Facade|p1a: Arcanine
|-damage|p1a: Arcanine|0 fnt
|faint|p1a: Arcanine
|
|-heal|p2b: Palafin|53/100|[from] Grassy Terrain
|-heal|p2a: Ursaluna|7/100 brn|[from] Grassy Terrain
|-damage|p2a: Ursaluna|1/100 brn|[from] brn
|upkeep
|turn|7
|
|t:|1756396832
|move|p2b: Palafin|Drain Punch|p1b: Eiscue
|-supereffective|p1b: Eiscue
|-damage|p1b: Eiscue|47/100
|-heal|p2b: Palafin|81/100|[from] drain|[of] p1b: Eiscue
|-enditem|p1b: Eiscue|Sitrus Berry|[eat]
|-heal|p1b: Eiscue|71/100|[from] item: Sitrus Berry
|move|p1b: Eiscue|Liquidation|p2a: Ursaluna
|-supereffective|p2a: Ursaluna
|-damage|p2a: Ursaluna|0 fnt
|faint|p2a: Ursaluna
|
|-heal|p2b: Palafin|87/100|[from] Grassy Terrain
|-heal|p1b: Eiscue|77/100|[from] Grassy Terrain
|upkeep
|
|t:|1756396839
|switch|p2a: Porygon-Z|Porygon-Z, L50|100/100
|turn|8
|
|t:|1756396855
|-terastallize|p2a: Porygon-Z|Normal
|move|p2b: Palafin|Drain Punch|p1b: Eiscue
|-supereffective|p1b: Eiscue
|-damage|p1b: Eiscue|17/100
|-heal|p2b: Palafin|100/100|[from] drain|[of] p1b: Eiscue
|move|p1b: Eiscue|Ice Spinner|p2a: Porygon-Z
|-damage|p2a: Porygon-Z|59/100
|-fieldend|move: Grassy Terrain
|move|p2a: Porygon-Z|Tri Attack|p1b: Eiscue
|-damage|p1b: Eiscue|0 fnt
|faint|p1b: Eiscue
|-damage|p2a: Porygon-Z|49/100|[from] item: Life Orb
|
|win|limestone7276
|inactive|calamardude has 30 seconds to confirm battle start!
|inactive|limestone7276 has 30 seconds to confirm battle start!
||limestone7276 is ready for game 2.
||calamardude is ready for game 2.
|uhtml|next|Next: Game 2 of 3
|l|☆calamardude
|player|p1|
