|j|☆patchspitzy
|j|☆5NitesAtTrickRoom
|html|patchspitzy5NitesAtTrickRoom    
|uhtml|bestof|Game 2 of a best-of-3
|t:|1757807558
|gametype|doubles
|player|p1|patchspitzy|roark|
|player|p2|5NitesAtTrickRoom|hilbert|
|gen|9
|tier|[Gen 9] VGC 2025 Reg H (Bo3)
|rule|Species Clause: Limit one of each Pokémon
|rule|Item Clause: Limit 1 of each item
|clearpoke
|poke|p1|Sneasler, L50, F|
|poke|p1|Dragapult, L50, F|
|poke|p1|Primarina, L50, F|
|poke|p1|Rillaboom, L50, F|
|poke|p1|Kingambit, L50, F|
|poke|p1|Electabuzz, L50, M|
|poke|p2|Dragonite, L50, M|
|poke|p2|Gholdengo, L50|
|poke|p2|Ursaluna-Bloodmoon, L50, M|
|poke|p2|Annihilape, L50, M|
|poke|p2|Maushold-Four, L50|
|poke|p2|Rillaboom, L50, F|
|teampreview|4
|showteam|p1|Sneasler||FocusSash|PoisonTouch|CloseCombat,DireClaw,FakeOut,Protect|||F|||50|,,,,,Stellar]Dragapult||ChoiceBand|ClearBody|DragonDarts,Outrage,PhantomForce,Uturn|||F|||50|,,,,,Dragon]Primarina||LifeOrb|LiquidVoice|HyperVoice,Moonblast,Haze,Protect|||F|||50|,,,,,Grass]Rillaboom||AssaultVest|GrassySurge|WoodHammer,GrassyGlide,HighHorsepower,FakeOut|||F|||50|,,,,,Fire]Kingambit||BlackGlasses|Defiant|KowtowCleave,SuckerPunch,SwordsDance,Protect|||F|||50|,,,,,Ghost]Electabuzz||Eviolite|VitalSpirit|Thunderbolt,FollowMe,HelpingHand,Protect|||M|||50|,,,,,Ghost
|showteam|p2|Dragonite||LoadedDice|Multiscale|ScaleShot,Tailwind,Haze,Protect|||M|||50|,,,,,Fairy]Gholdengo||LifeOrb|GoodasGold|MakeItRain,ShadowBall,NastyPlot,Protect||||||50|,,,,,Water]Ursaluna-Bloodmoon||AssaultVest|MindsEye|BloodMoon,EarthPower,HyperVoice,VacuumWave|||M|||50|,,,,,Water]Annihilape||SitrusBerry|Defiant|DrainPunch,RageFist,BulkUp,Protect|||M|||50|,,,,,Fire]Maushold-Four||FocusSash|FriendGuard|SuperFang,BeatUp,FollowMe,Protect||||||50|,,,,,Ghost]Rillaboom||MiracleSeed|GrassySurge|WoodHammer,GrassyGlide,HighHorsepower,FakeOut|||F|||50|,,,,,Fire
|
|t:|1757807596
|teamsize|p1|4
|teamsize|p2|4
|start
|switch|p1a: Slayyy|Primarina, L50, F|100/100
|switch|p1b: Laa-Laa|Electabuzz, L50, M|100/100
|switch|p2a: Maushold|Maushold-Four, L50|100/100
|switch|p2b: Annihilape|Annihilape, L50, M|100/100
|turn|1
|
|t:|1757807626
|move|p1b: Laa-Laa|Follow Me|p1b: Laa-Laa
|-singleturn|p1b: Laa-Laa|move: Follow Me
|move|p2a: Maushold|Beat Up|p1b: Laa-Laa
|-damage|p1b: Laa-Laa|98/100
|-damage|p1b: Laa-Laa|95/100
|-damage|p1b: Laa-Laa|93/100
|-damage|p1b: Laa-Laa|90/100
|-hitcount|p1b: Laa-Laa|4
|move|p2b: Annihilape|Rage Fist|p1b: Laa-Laa
|-damage|p1b: Laa-Laa|72/100
|move|p1a: Slayyy|Moonblast|p2b: Annihilape
|-supereffective|p2b: Annihilape
|-damage|p2b: Annihilape|27/100
|-unboost|p2b: Annihilape|spa|1
|-ability|p2b: Annihilape|Defiant|boost
|-boost|p2b: Annihilape|atk|2
|-enditem|p2b: Annihilape|Sitrus Berry|[eat]
|-heal|p2b: Annihilape|52/100|[from] item: Sitrus Berry
|-damage|p1a: Slayyy|91/100|[from] item: Life Orb
|
|upkeep
|turn|2
|
|t:|1757807652
|move|p2a: Maushold|Follow Me|p2a: Maushold
|-singleturn|p2a: Maushold|move: Follow Me
|move|p1b: Laa-Laa|Follow Me|p1b: Laa-Laa
|-singleturn|p1b: Laa-Laa|move: Follow Me
|move|p2b: Annihilape|Rage Fist|p1b: Laa-Laa
|-damage|p1b: Laa-Laa|12/100
|move|p1a: Slayyy|Moonblast|p2a: Maushold
|-damage|p2a: Maushold|35/100
|-damage|p1a: Slayyy|82/100|[from] item: Life Orb
|
|upkeep
|turn|3
|
|t:|1757807675
|move|p1b: Laa-Laa|Follow Me|p1b: Laa-Laa
|-singleturn|p1b: Laa-Laa|move: Follow Me
|move|p2a: Maushold|Beat Up|p1b: Laa-Laa
|-damage|p1b: Laa-Laa|9/100
|-damage|p1b: Laa-Laa|6/100
|-damage|p1b: Laa-Laa|4/100
|-damage|p1b: Laa-Laa|1/100
|-hitcount|p1b: Laa-Laa|4
|move|p2b: Annihilape|Rage Fist|p1b: Laa-Laa
|-damage|p1b: Laa-Laa|0 fnt
|faint|p1b: Laa-Laa
|move|p1a: Slayyy|Hyper Voice|p2b: Annihilape|[spread] p2a,p2b
|-damage|p2a: Maushold|0 fnt
|-damage|p2b: Annihilape|27/100
|faint|p2a: Maushold
|-damage|p1a: Slayyy|72/100|[from] item: Life Orb
|
|upkeep
|
|t:|1757807697
|switch|p2a: Dragonite|Dragonite, L50, M|100/100
|switch|p1b: B-2|Dragapult, L50, F|100/100
|turn|4
|
|t:|1757807732
|switch|p2b: Ursaluna|Ursaluna-Bloodmoon, L50, M|100/100
|move|p1b: B-2|Phantom Force||[still]
|-prepare|p1b: B-2|Phantom Force
|move|p2a: Dragonite|Scale Shot|p1b: B-2|[miss]
|-miss|p2a: Dragonite|p1b: B-2
|move|p1a: Slayyy|Moonblast|p2a: Dragonite
|-supereffective|p2a: Dragonite
|-damage|p2a: Dragonite|44/100
|-unboost|p2a: Dragonite|spa|1
|-damage|p1a: Slayyy|63/100|[from] item: Life Orb
|
|upkeep
|turn|5
|
|t:|1757807756
|move|p1b: B-2|Phantom Force|p2b: Ursaluna|[from] lockedmove
|-immune|p2b: Ursaluna
|move|p2a: Dragonite|Scale Shot|p1b: B-2
|-supereffective|p1b: B-2
|-damage|p1b: B-2|60/100
|-supereffective|p1b: B-2
|-damage|p1b: B-2|20/100
|-supereffective|p1b: B-2
|-damage|p1b: B-2|0 fnt
|faint|p1b: B-2
|-hitcount|p1: B-2|3
|-unboost|p2a: Dragonite|def|1
|-boost|p2a: Dragonite|spe|1
|move|p1a: Slayyy|Moonblast|p2a: Dragonite
|-supereffective|p2a: Dragonite
|-damage|p2a: Dragonite|0 fnt
|faint|p2a: Dragonite
|-damage|p1a: Slayyy|53/100|[from] item: Life Orb
|move|p2b: Ursaluna|Blood Moon|p1a: Slayyy
|-damage|p1a: Slayyy|0 fnt
|faint|p1a: Slayyy
|
|upkeep
|
|t:|1757807776
|switch|p1b: Grassy Kong|Rillaboom, L50, F|100/100
|switch|p2a: Annihilape|Annihilape, L50, M|27/100
|-fieldstart|move: Grassy Terrain|[from] ability: Grassy Surge|[of] p1b: Grassy Kong
|turn|6
|
|t:|1757807803
|-terastallize|p2a: Annihilape|Fire
|move|p2a: Annihilape|Rage Fist|p1b: Grassy Kong
|-damage|p1b: Grassy Kong|38/100
|move|p1b: Grassy Kong|High Horsepower|p2a: Annihilape
|-supereffective|p2a: Annihilape
|-damage|p2a: Annihilape|0 fnt
|faint|p2a: Annihilape
|move|p2b: Ursaluna|Hyper Voice|p1b: Grassy Kong
|-damage|p1b: Grassy Kong|0 fnt
|faint|p1b: Grassy Kong
|
|win|5NitesAtTrickRoom
|inactive|patchspitzy has 30 seconds to confirm battle start!
|inactive|5NitesAtTrickRoom has 30 seconds to confirm battle start!
||patchspitzy is ready for game 3.
|inactive|5NitesAtTrickRoom has 20 seconds to confirm battle start!
|inactive|5NitesAtTrickRoom has 10 seconds to confirm battle start!
||5NitesAtTrickRoom is ready for game 3.
|uhtml|next|Next: Game 3 of 3
|l|☆patchspitzy
|player|p1|
|j|☆patchspitzy
|player|p1|patchspitzy|roark|
