|j|鈽哛egionalModeSlow
|j|鈽哃uke693VGC
|html|RegionalModeSlowLuke693VGC    
|uhtml|bestof|Game 1 of a best-of-3
|t:|1756314416
|gametype|doubles
|player|p1|RegionalModeSlow|steven|1052
|player|p2|Luke693VGC|cyclist-gen4|1073
|gen|9
|tier|[Gen 9] VGC 2025 Reg H (Bo3)
|rated|
|rule|Species Clause: Limit one of each Pok茅mon
|rule|Item Clause: Limit 1 of each item
|clearpoke
|poke|p1|Noivern, L50, M|
|poke|p1|Weezing-Galar, L50, M|
|poke|p1|Gholdengo, L50|
|poke|p1|Garchomp, L50, M|
|poke|p1|Annihilape, L50, M|
|poke|p1|Magmar, L50, F|
|poke|p2|Pelipper, L50, M|
|poke|p2|Archaludon, L50, M|
|poke|p2|Sinistcha, L50|
|poke|p2|Ursaluna, L50, M|
|poke|p2|Dragonite, L50, F|
|poke|p2|Incineroar, L50, M|
|teampreview|4
|showteam|p1|Noivern||CovertCloak|Telepathy|AirSlash,SuperFang,Tailwind,Taunt|||M|||50|,,,,,Steel]Weezing-Galar||ChoiceSpecs|NeutralizingGas|DazzlingGleam,SludgeBomb,StrangeSteam,Flamethrower|||M|||50|,,,,,Flying]Gholdengo||MetalCoat|GoodasGold|MakeItRain,ShadowBall,NastyPlot,Protect||||||50|,,,,,Flying]Garchomp||LifeOrb|RoughSkin|DragonClaw,Earthquake,StompingTantrum,Protect|||M|||50|,,,,,Ground]Annihilape||AssaultVest|Defiant|CloseCombat,ShadowClaw,FinalGambit,Uturn|||M|||50|,,,,,Stellar]Magmar||Eviolite|VitalSpirit|HeatWave,WillOWisp,FollowMe,Protect|||F|||50|,,,,,Ghost
|showteam|p2|Pelipper||FocusSash|Drizzle|MuddyWater,Hurricane,WideGuard,Tailwind|||M|||50|,,,,,Ghost]Archaludon||AssaultVest|Stamina|FlashCannon,BodyPress,ElectroShot,Snarl|||M|||50|,,,,,Fighting]Sinistcha||SitrusBerry|Hospitality|MatchaGotcha,LifeDew,RagePowder,TrickRoom||||||50|,,,,,Dark]Ursaluna||FlameOrb|Guts|Protect,Facade,HeadlongRush,Earthquake|||M|||50|,,,,,Ghost]Dragonite||LoadedDice|Multiscale|Protect,ScaleShot,Haze,Tailwind|||F|||50|,,,,,Fairy]Incineroar||SafetyGoggles|Intimidate|FlareBlitz,KnockOff,FakeOut,PartingShot|||M|||50|,,,,,Ghost
|inactive|Battle timer is ON: inactive players will automatically lose when time's up. (requested by RegionalModeSlow)
|inactive|Luke693VGC has 60 seconds left.
|
|t:|1756314453
|teamsize|p1|4
|teamsize|p2|4
|start
|switch|p1a: Ozzy|Noivern, L50, M|100/100
|switch|p1b: Purple馃挏Haze|Weezing-Galar, L50, M|100/100
|switch|p2a: Dragonite|Dragonite, L50, F|100/100
|switch|p2b: Incineroar|Incineroar, L50, M|100/100
|-ability|p1b: Purple馃挏Haze|Neutralizing Gas
|turn|1
|inactive|RegionalModeSlow has 30 seconds left.
|inactive|Luke693VGC has 30 seconds left.
|
|t:|1756314487
|-terastallize|p2a: Dragonite|Fairy
|move|p2b: Incineroar|Fake Out|p1a: Ozzy
|-damage|p1a: Ozzy|90/100
|move|p1a: Ozzy|Tailwind|p1a: Ozzy
|-sidestart|p1: RegionalModeSlow|move: Tailwind
|move|p1b: Purple馃挏Haze|Dazzling Gleam|p2a: Dragonite|[spread] p2a,p2b
|-damage|p2a: Dragonite|64/100
|-damage|p2b: Incineroar|75/100
|move|p2a: Dragonite|Tailwind|p2a: Dragonite
|-sidestart|p2: Luke693VGC|move: Tailwind
|
|upkeep
|turn|2
|inactive|Luke693VGC has 30 seconds left.
|
|t:|1756314517
|move|p1a: Ozzy|Super Fang|p2a: Dragonite
|-damage|p2a: Dragonite|32/100
|move|p2a: Dragonite|Scale Shot|p1a: Ozzy
|-supereffective|p1a: Ozzy
|-damage|p1a: Ozzy|61/100
|-supereffective|p1a: Ozzy
|-damage|p1a: Ozzy|31/100
|-supereffective|p1a: Ozzy
|-damage|p1a: Ozzy|0 fnt
|faint|p1a: Ozzy
|-hitcount|p1: Ozzy|3
|-unboost|p2a: Dragonite|def|1
|-boost|p2a: Dragonite|spe|1
|move|p1b: Purple馃挏Haze|Dazzling Gleam|p2a: Dragonite|[spread] p2a,p2b
|-damage|p2a: Dragonite|0 fnt
|-damage|p2b: Incineroar|48/100
|faint|p2a: Dragonite
|move|p2b: Incineroar|Parting Shot|p1b: Purple馃挏Haze
|-unboost|p1b: Purple馃挏Haze|atk|1
|-unboost|p1b: Purple馃挏Haze|spa|1
|
|t:|1756314534
|switch|p2b: Ursaluna|Ursaluna, L50, M|100/100|[from] Parting Shot
|
|-status|p2b: Ursaluna|brn|[from] item: Flame Orb
|upkeep
|
|t:|1756314546
|switch|p1a: V盲in盲m枚inen|Annihilape, L50, M, shiny|100/100
|switch|p2a: Sinistcha|Sinistcha, L50|100/100
|turn|3
|inactive|Luke693VGC has 30 seconds left.
|
|t:|1756314574
|-terastallize|p1b: Purple馃挏Haze|Flying
|move|p2a: Sinistcha|Rage Powder|p2a: Sinistcha
|-singleturn|p2a: Sinistcha|move: Rage Powder
|move|p1a: V盲in盲m枚inen|Shadow Claw|p2a: Sinistcha
|-supereffective|p2a: Sinistcha
|-damage|p2a: Sinistcha|41/100
|-enditem|p2a: Sinistcha|Sitrus Berry|[eat]
|-heal|p2a: Sinistcha|66/100|[from] item: Sitrus Berry
|move|p2b: Ursaluna|Earthquake|p1a: V盲in盲m枚inen|[spread] p2a,p1a
|-immune|p1b: Purple馃挏Haze
|-resisted|p2a: Sinistcha
|-damage|p2a: Sinistcha|57/100
|-damage|p1a: V盲in盲m枚inen|78/100
|move|p1b: Purple馃挏Haze|Dazzling Gleam|p2a: Sinistcha|[spread] p2a,p2b
|-damage|p2a: Sinistcha|36/100
|-damage|p2b: Ursaluna|78/100 brn
|
|-damage|p2b: Ursaluna|72/100 brn|[from] brn
|upkeep
|turn|4
|inactive|Luke693VGC has 30 seconds left.
|inactive|Luke693VGC has 20 seconds left.
|
|t:|1756314609
|move|p1a: V盲in盲m枚inen|Shadow Claw|p2a: Sinistcha
|-supereffective|p2a: Sinistcha
|-damage|p2a: Sinistcha|0 fnt
|faint|p2a: Sinistcha
|move|p2b: Ursaluna|Facade|p1b: Purple馃挏Haze
|-damage|p1b: Purple馃挏Haze|14/100
|move|p1b: Purple馃挏Haze|Dazzling Gleam|p2b: Ursaluna
|-damage|p2b: Ursaluna|39/100 brn
|
|-damage|p2b: Ursaluna|33/100 brn|[from] brn
|-sideend|p1: RegionalModeSlow|move: Tailwind
|-sideend|p2: Luke693VGC|move: Tailwind
|upkeep
|
|t:|1756314620
|switch|p2a: Incineroar|Incineroar, L50, M|48/100
|turn|5
|
|t:|1756314631
|-end|p1b: Purple馃挏Haze|ability: Neutralizing Gas
|-ability|p2a: Incineroar|Intimidate|boost
|-unboost|p1a: V盲in盲m枚inen|atk|1
|-ability|p1a: V盲in盲m枚inen|Defiant|boost
|-boost|p1a: V盲in盲m枚inen|atk|2
|-unboost|p1b: Purple馃挏Haze|atk|1
|switch|p1b: Steely Dan|Gholdengo, L50, shiny|100/100
|move|p1a: V盲in盲m枚inen|Close Combat|p2b: Ursaluna
|-supereffective|p2b: Ursaluna
|-damage|p2b: Ursaluna|0 fnt
|-unboost|p1a: V盲in盲m枚inen|def|1
|-unboost|p1a: V盲in盲m枚inen|spd|1
|faint|p2b: Ursaluna
|move|p2a: Incineroar|Knock Off|p1a: V盲in盲m枚inen
|-damage|p1a: V盲in盲m枚inen|15/100
|-enditem|p1a: V盲in盲m枚inen|Assault Vest|[from] move: Knock Off|[of] p2a: Incineroar
|
|upkeep
|turn|6
|
|t:|1756314651
|move|p1a: V盲in盲m枚inen|Close Combat|p2a: Incineroar
|-supereffective|p2a: Incineroar
|-damage|p2a: Incineroar|0 fnt
|-unboost|p1a: V盲in盲m枚inen|def|1
|-unboost|p1a: V盲in盲m枚inen|spd|1
|faint|p2a: Incineroar
|
|win|RegionalModeSlow
