|j|â˜†eternatusgaming
|j|â˜†Midnight Crimsonn
|html|eternatusgamingMidnight Crimsonn    
|uhtml|bestof|Game 3 of a best-of-3
|t:|1783089021
|gametype|doubles
|player|p1|eternatusgaming|iono|
|player|p2|Midnight Crimsonn|acetrainerf-gen4dp|
|gen|9
|tier|[Gen 9 Champions] VGC 2026 Reg M-B (Bo3)
|rule|Species Clause: Limit one of each PokÃ©mon
|rule|Item Clause: Limit 1 of each item
|clearpoke
|poke|p1|Whimsicott, L50, F|
|poke|p1|Garchomp, L50, M|
|poke|p1|Kingambit, L50, M|
|poke|p1|Charizard, L50, F|
|poke|p1|Basculegion, L50, M|
|poke|p1|Floette-Eternal, L50, F|
|poke|p2|Metagross, L50, shiny|
|poke|p2|Charizard, L50, F|
|poke|p2|Incineroar, L50, M, shiny|
|poke|p2|Garchomp, L50, M, shiny|
|poke|p2|Hydreigon, L50, M|
|poke|p2|Toxapex, L50, F, shiny|
|teampreview|4
|showteam|p1|Whimsicott||FocusSash|Prankster|Moonblast,Tailwind,Encore,Protect|Timid||F|||50|]Garchomp||LifeOrb|RoughSkin|Earthquake,DragonClaw,RockSlide,Protect|Jolly||M|||50|]Kingambit||OccaBerry|Defiant|KowtowCleave,SuckerPunch,IronHead,LowKick|Adamant||M|||50|]Charizard||CharizarditeY|Blaze|HeatWave,WeatherBall,SolarBeam,Protect|Modest||F|||50|]Basculegion||MysticWater|Adaptability|WaveCrash,AquaJet,LastRespects,Protect|Adamant||M|||50|]Floette-Eternal||Floettite|FlowerVeil|Moonblast,DazzlingGleam,LightofRuin,Protect|Modest||F|||50|
|showteam|p2|Metagross||Metagrossite|ClearBody|IronHead,PsychicFangs,BodyPress,Protect|Jolly|||||50|]Charizard||CharizarditeY|Blaze|HeatWave,WeatherBall,SolarBeam,Protect|Timid||F|||50|]Incineroar||SitrusBerry|Intimidate|FlareBlitz,ThroatChop,FakeOut,PartingShot|Impish||M|||50|]Garchomp||LifeOrb|RoughSkin|Earthquake,DragonClaw,RockSlide,Protect|Jolly||M|||50|]Hydreigon||ChoiceScarf|Levitate|DracoMeteor,DarkPulse,Snarl,HeatWave|Modest||M|||50|]Toxapex||Leftovers|Regenerator|Infestation,WideGuard,Toxic,BanefulBunker|Bold||F|||50|
|inactive|Battle timer is ON: inactive players will automatically lose when time's up. (requested by Midnight Crimsonn)
|inactiveoff|Battle timer is now OFF.
|
|t:|1783089072
|teamsize|p1|4
|teamsize|p2|4
|start
|switch|p1a: Whimsicott|Whimsicott, L50, F|100/100
|switch|p1b: Garchomp|Garchomp, L50, M|100/100
|switch|p2a: Charizard|Charizard, L50, F|100/100
|switch|p2b: Incineroar|Incineroar, L50, M, shiny|100/100
|-ability|p2b: Incineroar|Intimidate|boost
|-unboost|p1a: Whimsicott|atk|1
|-unboost|p1b: Garchomp|atk|1
|turn|1
|
|t:|1783089091
|detailschange|p2a: Charizard|Charizard-Mega-Y, L50, F
|-mega|p2a: Charizard|Charizard|Charizardite Y
|-weather|SunnyDay|[from] ability: Drought|[of] p2a: Charizard
|move|p1a: Whimsicott|Protect|p1a: Whimsicott
|-singleturn|p1a: Whimsicott|Protect
|move|p1b: Garchomp|Protect|p1b: Garchomp
|-singleturn|p1b: Garchomp|Protect
|move|p2b: Incineroar|Fake Out|p1b: Garchomp
|-activate|p1b: Garchomp|move: Protect
|move|p2a: Charizard|Heat Wave|p1b: Garchomp|[spread] 
|-activate|p1a: Whimsicott|move: Protect
|-activate|p1b: Garchomp|move: Protect
|
|-weather|SunnyDay|[upkeep]
|upkeep
|turn|2
|
|t:|1783089107
|move|p2a: Charizard|Protect|p2a: Charizard
|-singleturn|p2a: Charizard|Protect
|move|p1a: Whimsicott|Moonblast|p2b: Incineroar
|-damage|p2b: Incineroar|69/100
|move|p1b: Garchomp|Rock Slide|p2a: Charizard|[spread] p2b
|-activate|p2a: Charizard|move: Protect
|-supereffective|p2b: Incineroar|1
|-damage|p2b: Incineroar|40/100
|-enditem|p2b: Incineroar|Sitrus Berry|[eat]
|-heal|p2b: Incineroar|64/100|[from] item: Sitrus Berry
|-damage|p1b: Garchomp|90/100|[from] item: Life Orb
|move|p2b: Incineroar|Parting Shot|p1b: Garchomp
|-unboost|p1b: Garchomp|atk|1
|-unboost|p1b: Garchomp|spa|1
|
|t:|1783089115
|switch|p2b: Toxapex|Toxapex, L50, F, shiny|100/100|[from] Parting Shot
|
|-weather|SunnyDay|[upkeep]
|upkeep
|turn|3
|
|t:|1783089126
|switch|p1b: Kingambit|Kingambit, L50, M|100/100
|switch|p2a: Incineroar|Incineroar, L50, M, shiny|64/100
|-ability|p2a: Incineroar|Intimidate|boost
|-unboost|p1a: Whimsicott|atk|1
|-unboost|p1b: Kingambit|atk|1
|-ability|p1b: Kingambit|Defiant|boost
|-boost|p1b: Kingambit|atk|2
|move|p1a: Whimsicott|Encore|p2a: Incineroar
|-hint|Since gen 7, Dark is immune to Prankster moves.
|-immune|p2a: Incineroar
|move|p2b: Toxapex|Infestation|p1a: Whimsicott
|-damage|p1a: Whimsicott|94/100
|-activate|p1a: Whimsicott|move: Infestation|[of] p2b: Toxapex
|
|-weather|SunnyDay|[upkeep]
|-damage|p1a: Whimsicott|82/100|[from] move: Infestation|[partiallytrapped]
|upkeep
|turn|4
|
|t:|1783089141
|move|p2a: Incineroar|Fake Out|p1b: Kingambit
|-resisted|p1b: Kingambit|1
|-damage|p1b: Kingambit|96/100
|move|p1a: Whimsicott|Tailwind|p1a: Whimsicott
|-sidestart|p1: eternatusgaming|move: Tailwind
|cant|p1b: Kingambit|flinch
|move|p2b: Toxapex|Infestation|p1b: Kingambit
|-damage|p1b: Kingambit|93/100
|-activate|p1b: Kingambit|move: Infestation|[of] p2b: Toxapex
|
|-weather|SunnyDay|[upkeep]
|-damage|p1a: Whimsicott|70/100|[from] move: Infestation|[partiallytrapped]
|-damage|p1b: Kingambit|81/100|[from] move: Infestation|[partiallytrapped]
|upkeep
|turn|5
|
|t:|1783089170
|move|p1a: Whimsicott|Moonblast|p2a: Incineroar
|-damage|p2a: Incineroar|36/100
|move|p1b: Kingambit|Kowtow Cleave|p2a: Incineroar
|-resisted|p2a: Incineroar|1
|-damage|p2a: Incineroar|5/100
|move|p2a: Incineroar|Parting Shot|p1a: Whimsicott
|-unboost|p1a: Whimsicott|atk|1
|-unboost|p1a: Whimsicott|spa|1
|
|t:|1783089178
|switch|p2a: Charizard|Charizard-Mega-Y, L50, F|100/100|[from] Parting Shot
|move|p2b: Toxapex|Toxic|p1a: Whimsicott
|-status|p1a: Whimsicott|tox
|
|-weather|none
|-damage|p1a: Whimsicott|64/100 tox|[from] psn
|-damage|p1a: Whimsicott|51/100 tox|[from] move: Infestation|[partiallytrapped]
|-damage|p1b: Kingambit|69/100|[from] move: Infestation|[partiallytrapped]
|upkeep
|turn|6
|
|t:|1783089193
|move|p1a: Whimsicott|Encore|p2b: Toxapex
|-start|p2b: Toxapex|Encore
|move|p2a: Charizard|Heat Wave|p1a: Whimsicott|[spread] p1a
|-miss|p2a: Charizard|p1b: Kingambit
|-supereffective|p1a: Whimsicott|1
|-damage|p1a: Whimsicott|0 fnt
|faint|p1a: Whimsicott
|move|p1b: Kingambit|Kowtow Cleave|p2a: Charizard
|-damage|p2a: Charizard|22/100
|move|p2b: Toxapex|Toxic|p1b: Kingambit
|-immune|p1b: Kingambit
|
|-damage|p1b: Kingambit|57/100|[from] move: Infestation|[partiallytrapped]
|upkeep
|c|â˜†eternatusgaming|oof
|
|t:|1783089208
|switch|p1a: Garchomp|Garchomp, L50, M|90/100
|turn|7
|c|â˜†Midnight Crimsonn|damm
|c|â˜†eternatusgaming|I know I'd live this + a little extra infestation damage because occa berry
|c|â˜†eternatusgaming|but that extra damage is exactly what tox needed
|c|â˜†Midnight Crimsonn|yee tho its just nice to have you like 10%
|c|â˜†eternatusgaming|(I think)
|c|â˜†Midnight Crimsonn|cause 33 from heat wave i think at least
|
|t:|1783089267
|switch|p2b: Incineroar|Incineroar, L50, M, shiny|5/100
|-ability|p2b: Incineroar|Intimidate|boost
|-unboost|p1a: Garchomp|atk|1
|-unboost|p1b: Kingambit|atk|1
|-ability|p1b: Kingambit|Defiant|boost
|-boost|p1b: Kingambit|atk|2
|move|p2a: Charizard|Protect|p2a: Charizard
|-singleturn|p2a: Charizard|Protect
|move|p1a: Garchomp|Rock Slide|p2b: Incineroar|[spread] p2b
|-activate|p2a: Charizard|move: Protect
|-supereffective|p2b: Incineroar|1
|-damage|p2b: Incineroar|0 fnt
|faint|p2b: Incineroar
|-damage|p1a: Garchomp|80/100|[from] item: Life Orb
|move|p1b: Kingambit|Kowtow Cleave|p2a: Charizard
|-activate|p2a: Charizard|move: Protect
|
|-end|p1b: Kingambit|Infestation|[partiallytrapped]|[silent]
|-sideend|p1: eternatusgaming|move: Tailwind
|upkeep
|
|t:|1783089273
|switch|p2b: Garchomp|Garchomp, L50, M, shiny|100/100
|turn|8
|c|â˜†eternatusgaming|should be less, I should survive heat wave in sun
|c|â˜†Midnight Crimsonn|oh no the 33% is with the occa berry
|c|â˜†eternatusgaming|wait yeah sorry I'm stupid
|c|â˜†eternatusgaming|saying nonsense
|c|â˜†Midnight Crimsonn|tho i think this might be a lose if its basc in the back
|
|t:|1783089350
|move|p2a: Charizard|Protect||[still]
|-fail|p2a: Charizard
|move|p1b: Kingambit|Sucker Punch|p2b: Garchomp
|-damage|p2b: Garchomp|25/100
|-damage|p1b: Kingambit|44/100|[from] ability: Rough Skin|[of] p2b: Garchomp
|move|p1a: Garchomp|Dragon Claw|p2b: Garchomp
|-supereffective|p2b: Garchomp|1
|-damage|p2b: Garchomp|0 fnt
|-damage|p1a: Garchomp|68/100|[from] ability: Rough Skin|[of] p2b: Garchomp
|faint|p2b: Garchomp
|-damage|p1a: Garchomp|58/100|[from] item: Life Orb
|
|upkeep
|c|â˜†Midnight Crimsonn|well if i lose the speed tie then yeah
|c|â˜†Midnight Crimsonn|lmao
|c|â˜†Midnight Crimsonn|ahhh
|c|â˜†eternatusgaming|yeah
|c|â˜†eternatusgaming|rip
|
|t:|1783089395
|switch|p2b: Toxapex|Toxapex, L50, F, shiny|100/100
|turn|9
|c|â˜†Midnight Crimsonn|yeah go next
|
|t:|1783089422
|move|p2a: Charizard|Protect|p2a: Charizard
|-singleturn|p2a: Charizard|Protect
|move|p1a: Garchomp|Dragon Claw|p2a: Charizard
|-activate|p2a: Charizard|move: Protect
|move|p1b: Kingambit|Kowtow Cleave|p2b: Toxapex
|-crit|p2b: Toxapex
|-damage|p2b: Toxapex|15/100
|move|p2b: Toxapex|Infestation|p1a: Garchomp
|-damage|p1a: Garchomp|54/100
|-activate|p1a: Garchomp|move: Infestation|[of] p2b: Toxapex
|-damage|p2b: Toxapex|3/100|[from] ability: Rough Skin|[of] p1a: Garchomp
|
|-heal|p2b: Toxapex|8/100|[from] item: Leftovers
|-damage|p1a: Garchomp|42/100|[from] move: Infestation|[partiallytrapped]
|upkeep
|turn|10
|c|â˜†Midnight Crimsonn|right XD
|
|t:|1783089464
|move|p2b: Toxapex|Wide Guard|p2b: Toxapex
|-singleturn|p2b: Toxapex|Wide Guard
|move|p1a: Garchomp|Dragon Claw|p2a: Charizard
|-damage|p2a: Charizard|0 fnt
|faint|p2a: Charizard
|-damage|p1a: Garchomp|32/100|[from] item: Life Orb
|move|p1b: Kingambit|Kowtow Cleave|p2b: Toxapex
|-damage|p2b: Toxapex|0 fnt
|faint|p2b: Toxapex
|
|win|eternatusgaming
