|j|☆Trestkon
|j|☆Bread248
|html|TrestkonBread248    
|uhtml|bestof|Game 1 of a best-of-3
|t:|1756608245
|gametype|doubles
|player|p1|Trestkon|265|1247
|player|p2|Bread248|170|1384
|gen|9
|tier|[Gen 9] VGC 2025 Reg H (Bo3)
|rated|
|rule|Species Clause: Limit one of each Pokémon
|rule|Item Clause: Limit 1 of each item
|clearpoke
|poke|p1|Indeedee-F, L50, F|
|poke|p1|Gallade, L50, M|
|poke|p1|Torkoal, L50, F|
|poke|p1|Ursaluna-Bloodmoon, L50, M|
|poke|p1|Armarouge, L50, M|
|poke|p1|Incineroar, L50, M|
|poke|p2|Ursaluna-Bloodmoon, L50, M|
|poke|p2|Incineroar, L50, F|
|poke|p2|Dragonite, L50, M|
|poke|p2|Rillaboom, L50, M|
|poke|p2|Gholdengo, L50|
|poke|p2|Annihilape, L50, F|
|teampreview|4
|showteam|p1|Indeedee-F||SafetyGoggles|PsychicSurge|FollowMe,Psychic,HelpingHand,TrickRoom|||F|||50|,,,,,Fairy]Gallade||ClearAmulet|Sharpness|PsychoCut,SacredSword,WideGuard,TrickRoom|||M|||50|,,,,,Steel]Torkoal||Charcoal|Drought|Eruption,WeatherBall,ClearSmog,Protect|||F|||50|,,,,,Fire]Ursaluna-Bloodmoon||ThroatSpray|MindsEye|EarthPower,HyperVoice,BloodMoon,Protect|||M|||50|,,,,,Normal]Armarouge||PowerHerb|FlashFire|ArmorCannon,ExpandingForce,MeteorBeam,TrickRoom|||M|||50|,,,,,Grass]Incineroar||RockyHelmet|Intimidate|FakeOut,FlareBlitz,KnockOff,PartingShot|||M|||50|,,,,,Ghost
|showteam|p2|Ursaluna-Bloodmoon||FocusSash|MindsEye|BloodMoon,HyperVoice,EarthPower,Protect|||M|||50|,,,,,Normal]Incineroar||SafetyGoggles|Intimidate|FlareBlitz,KnockOff,PartingShot,FakeOut|||F|||50|,,,,,Ghost]Dragonite||LoadedDice|Multiscale|ScaleShot,Tailwind,Protect,Haze|||M|||50|,,,,,Fairy]Rillaboom||AssaultVest|GrassySurge|WoodHammer,FakeOut,GrassyGlide,HighHorsepower|||M|||50|,,,,,Fire]Gholdengo||LifeOrb|GoodasGold|MakeItRain,ShadowBall,NastyPlot,Protect||||||50|,,,,,Water]Annihilape||LumBerry|Defiant|CloseCombat,RageFist,Taunt,Coaching|||F|||50|,,,,,Fire
|inactive|Battle timer is ON: inactive players will automatically lose when time's up. (requested by Bread248)
|inactive|Trestkon has 60 seconds left.
|inactive|Bread248 has 60 seconds left.
|inactive|Trestkon has 30 seconds left.
|inactive|Trestkon has 20 seconds left.
|
|t:|1756608335
|teamsize|p1|4
|teamsize|p2|4
|start
|switch|p1a: Dermezel|Indeedee-F, L50, F|100/100
|switch|p1b: Rockman.EXE|Armarouge, L50, M|100/100
|switch|p2a: Ursaluna|Ursaluna-Bloodmoon, L50, M|100/100
|switch|p2b: Incineroar|Incineroar, L50, F|100/100
|-ability|p2b: Incineroar|Intimidate|boost
|-unboost|p1a: Dermezel|atk|1
|-unboost|p1b: Rockman.EXE|atk|1
|-fieldstart|move: Psychic Terrain|[from] ability: Psychic Surge|[of] p1a: Dermezel
|turn|1
|
|t:|1756608355
|switch|p2a: Rillaboom|Rillaboom, L50, M|100/100
|-fieldstart|move: Grassy Terrain|[from] ability: Grassy Surge|[of] p2a: Rillaboom
|-terastallize|p1b: Rockman.EXE|Grass
|move|p2b: Incineroar|Fake Out|p1b: Rockman.EXE
|-damage|p1b: Rockman.EXE|89/100
|move|p1a: Dermezel|Follow Me|p1a: Dermezel
|-singleturn|p1a: Dermezel|move: Follow Me
|cant|p1b: Rockman.EXE|flinch
|
|-heal|p1b: Rockman.EXE|95/100|[from] Grassy Terrain
|upkeep
|turn|2
|
|t:|1756608373
|move|p2a: Rillaboom|Fake Out|p1b: Rockman.EXE
|-damage|p1b: Rockman.EXE|82/100
|move|p2b: Incineroar|Parting Shot|p1b: Rockman.EXE
|-unboost|p1b: Rockman.EXE|atk|1
|-unboost|p1b: Rockman.EXE|spa|1
|
|t:|1756608381
|switch|p2b: Gholdengo|Gholdengo, L50|100/100|[from] Parting Shot
|cant|p1b: Rockman.EXE|flinch
|move|p1a: Dermezel|Trick Room|p1a: Dermezel
|-fieldstart|move: Trick Room|[of] p1a: Dermezel
|
|-heal|p1b: Rockman.EXE|88/100|[from] Grassy Terrain
|upkeep
|turn|3
|
|t:|1756608403
|switch|p1a: Incineroar|Incineroar, L50, M|100/100
|-ability|p1a: Incineroar|Intimidate|boost
|-unboost|p2a: Rillaboom|atk|1
|-unboost|p2b: Gholdengo|atk|1
|-terastallize|p2b: Gholdengo|Water
|move|p1b: Rockman.EXE|Armor Cannon|p2b: Gholdengo
|-resisted|p2b: Gholdengo
|-damage|p2b: Gholdengo|79/100
|-unboost|p1b: Rockman.EXE|def|1
|-unboost|p1b: Rockman.EXE|spd|1
|move|p2a: Rillaboom|High Horsepower|p1a: Incineroar
|-supereffective|p1a: Incineroar
|-damage|p1a: Incineroar|56/100
|-damage|p2a: Rillaboom|84/100|[from] item: Rocky Helmet|[of] p1a: Incineroar
|move|p2b: Gholdengo|Make It Rain|p1a: Incineroar|[spread] p1a,p1b
|-resisted|p1a: Incineroar
|-damage|p1a: Incineroar|32/100
|-damage|p1b: Rockman.EXE|0 fnt
|-unboost|p2b: Gholdengo|spa|1
|faint|p1b: Rockman.EXE
|-damage|p2b: Gholdengo|69/100|[from] item: Life Orb
|
|-heal|p1a: Incineroar|38/100|[from] Grassy Terrain
|-heal|p2a: Rillaboom|90/100|[from] Grassy Terrain
|-heal|p2b: Gholdengo|75/100|[from] Grassy Terrain
|upkeep
|inactive|Trestkon has 30 seconds left.
|
|t:|1756608434
|switch|p1b: Dermezel|Indeedee-F, L50, F|100/100
|-fieldstart|move: Psychic Terrain|[from] ability: Psychic Surge|[of] p1b: Dermezel
|turn|4
|inactive|Trestkon has 30 seconds left.
|
|t:|1756608460
|switch|p2a: Incineroar|Incineroar, L50, F|100/100
|-ability|p2a: Incineroar|Intimidate|boost
|-unboost|p1a: Incineroar|atk|1
|-unboost|p1b: Dermezel|atk|1
|move|p1b: Dermezel|Psychic|p2b: Gholdengo
|-damage|p2b: Gholdengo|37/100
|move|p1a: Incineroar|Knock Off|p2b: Gholdengo
|-damage|p2b: Gholdengo|7/100
|-enditem|p2b: Gholdengo|Life Orb|[from] move: Knock Off|[of] p1a: Incineroar
|move|p2b: Gholdengo|Make It Rain|p1b: Dermezel|[spread] p1a,p1b
|-resisted|p1a: Incineroar
|-crit|p1b: Dermezel
|-damage|p1a: Incineroar|26/100
|-damage|p1b: Dermezel|36/100
|-unboost|p2b: Gholdengo|spa|1
|
|upkeep
|turn|5
|
|t:|1756608480
|switch|p1b: Ursaluna|Ursaluna-Bloodmoon, L50, M|100/100
|switch|p2b: Rillaboom|Rillaboom, L50, M|90/100
|-fieldstart|move: Grassy Terrain|[from] ability: Grassy Surge|[of] p2b: Rillaboom
|move|p1a: Incineroar|Flare Blitz|p2b: Rillaboom
|-supereffective|p2b: Rillaboom
|-damage|p2b: Rillaboom|20/100
|-damage|p1a: Incineroar|1/100|[from] Recoil
|move|p2a: Incineroar|Knock Off|p1b: Ursaluna
|-damage|p1b: Ursaluna|73/100
|-enditem|p1b: Ursaluna|Throat Spray|[from] move: Knock Off|[of] p2a: Incineroar
|
|-heal|p1b: Ursaluna|79/100|[from] Grassy Terrain
|-heal|p1a: Incineroar|7/100|[from] Grassy Terrain
|-heal|p2b: Rillaboom|26/100|[from] Grassy Terrain
|upkeep
|turn|6
|inactive|Trestkon has 30 seconds left.
|
|t:|1756608508
|switch|p1b: Dermezel|Indeedee-F, L50, F|36/100
|-fieldstart|move: Psychic Terrain|[from] ability: Psychic Surge|[of] p1b: Dermezel
|move|p1a: Incineroar|Flare Blitz|p2b: Rillaboom
|-supereffective|p2b: Rillaboom
|-damage|p2b: Rillaboom|0 fnt
|faint|p2b: Rillaboom
|-damage|p1a: Incineroar|0 fnt|[from] Recoil
|faint|p1a: Incineroar
|move|p2a: Incineroar|Parting Shot|p1b: Dermezel
|-unboost|p1b: Dermezel|atk|1
|-unboost|p1b: Dermezel|spa|1
|
|t:|1756608513
|switch|p2a: Ursaluna|Ursaluna-Bloodmoon, L50, M|100/100|[from] Parting Shot
|
|-fieldend|move: Trick Room
|upkeep
|
|t:|1756608519
|switch|p2b: Gholdengo|Gholdengo, L50, tera:Water|7/100
|switch|p1a: Ursaluna|Ursaluna-Bloodmoon, L50, M|79/100
|turn|7
|
|t:|1756608529
|move|p1b: Dermezel|Helping Hand|p1a: Ursaluna
|-singleturn|p1a: Ursaluna|Helping Hand|[of] p1b: Dermezel
|move|p2b: Gholdengo|Make It Rain|p1b: Dermezel|[spread] p1a,p1b
|-damage|p1a: Ursaluna|31/100
|-damage|p1b: Dermezel|0 fnt
|-unboost|p2b: Gholdengo|spa|1
|faint|p1b: Dermezel
|move|p2a: Ursaluna|Hyper Voice|p1a: Ursaluna
|-damage|p1a: Ursaluna|0 fnt
|faint|p1a: Ursaluna
|
|win|Bread248
||Bread248 is ready for game 2.
||Trestkon is ready for game 2.
|uhtml|next|Next: Game 2 of 3
