|j|☆duggan1000
|j|☆wade connects
|html|duggan1000wade connects    
|uhtml|bestof|Game 2 of a best-of-3
|t:|1785649243
|gametype|doubles
|player|p1|duggan1000|2|1000
|player|p2|wade connects|101|1236
|gen|9
|tier|[Gen 9 Champions] VGC 2026 Reg M-B (Bo3)
|rated|
|rule|Species Clause: Limit one of each Pokémon
|rule|Item Clause: Limit 1 of each item
|clearpoke
|poke|p1|Hatterene, L50, F|
|poke|p1|Meowstic, L50, M|
|poke|p1|Incineroar, L50, F|
|poke|p1|Drampa, L50, M|
|poke|p1|Sneasler, L50, M|
|poke|p1|Tyranitar, L50, F|
|poke|p2|Gholdengo, L50|
|poke|p2|Clefable, L50, M|
|poke|p2|Blaziken, L50, M, shiny|
|poke|p2|Sceptile, L50, M|
|poke|p2|Gyarados, L50, F, shiny|
|poke|p2|Aerodactyl, L50, M|
|teampreview|4
|showteam|p1|Hatterene||TwistedSpoon|MagicBounce|ExpandingForce,DazzlingGleam,TrickRoom,Psychic|Quiet||F|||50|]Meowstic||LightClay|Prankster|ExpandingForce,PsychicTerrain,Reflect,LightScreen|Bold||M|||50|]Incineroar||SitrusBerry|Intimidate|FakeOut,DarkestLariat,FlareBlitz,PartingShot|Relaxed||F|||50|]Drampa||Drampanite|CloudNine|HyperVoice,DracoMeteor,EnergyBall,HeatWave|Quiet||M|||50|]Sneasler||MentalHerb|Unburden|FakeOut,DireClaw,CloseCombat,Protect|Jolly||M|||50|]Tyranitar||Tyranitarite|SandStream|RockSlide,KnockOff,Protect,LowKick|Adamant||F|||50|
|showteam|p2|Gholdengo||MetalCoat|GoodasGold|Protect,NastyPlot,ShadowBall,MakeItRain|Modest|||||50|]Clefable||Leftovers|Unaware|Protect,FollowMe,LifeDew,Moonblast|Bold||M|||50|]Blaziken||LifeOrb|SpeedBoost|Detect,CloseCombat,FlareBlitz,RockSlide|Adamant||M|||50|]Sceptile||Sceptilite|Overgrow|Detect,EnergyBall,DragonPulse,EarthPower|Timid||M|||50|]Gyarados||Gyaradosite|Intimidate|Protect,DragonDance,Waterfall,Crunch|Adamant||F|||50|]Aerodactyl||FocusSash|Unnerve|Protect,Tailwind,DualWingbeat,RockSlide|Jolly||M|||50|
|inactive|Battle timer is ON: inactive players will automatically lose when time's up. (requested by duggan1000)
|
|t:|1785649259
|teamsize|p1|4
|teamsize|p2|4
|start
|switch|p1a: Sneasler|Sneasler, L50, M|100/100
|switch|p1b: Incineroar|Incineroar, L50, F|100/100
|switch|p2a: Gholdengo|Gholdengo, L50|100/100
|switch|p2b: Sceptile|Sceptile, L50, M|100/100
|-ability|p1b: Incineroar|Intimidate|boost
|-unboost|p2a: Gholdengo|atk|1
|-unboost|p2b: Sceptile|atk|1
|turn|1
|
|t:|1785649280
|move|p2b: Sceptile|Detect|p2b: Sceptile
|-singleturn|p2b: Sceptile|Protect
|move|p1a: Sneasler|Dire Claw|p2b: Sceptile
|-activate|p2b: Sceptile|move: Protect
|move|p2a: Gholdengo|Make It Rain|p1b: Incineroar|[spread] p1a,p1b
|-resisted|p1b: Incineroar|1
|-damage|p1a: Sneasler|14/100
|-damage|p1b: Incineroar|68/100
|-unboost|p2a: Gholdengo|spa|2
|move|p1b: Incineroar|Flare Blitz|p2a: Gholdengo
|-supereffective|p2a: Gholdengo|1
|-damage|p2a: Gholdengo|0 fnt
|faint|p2a: Gholdengo
|-damage|p1b: Incineroar|37/100|[from] Recoil
|-enditem|p1b: Incineroar|Sitrus Berry|[eat]
|-heal|p1b: Incineroar|61/100|[from] item: Sitrus Berry
|
|upkeep
|
|t:|1785649300
|switch|p2a: Blaziken|Blaziken, L50, M, shiny|100/100
|turn|2
|
|t:|1785649317
|switch|p1b: Meowstic|Meowstic, L50, M|100/100
|detailschange|p2b: Sceptile|Sceptile-Mega, L50, M
|-mega|p2b: Sceptile|Sceptile|Sceptilite
|move|p2b: Sceptile|Earth Power|p1a: Sneasler
|-supereffective|p1a: Sneasler|1
|-damage|p1a: Sneasler|0 fnt
|faint|p1a: Sneasler
|move|p2a: Blaziken|Close Combat|p1b: Meowstic
|-resisted|p1b: Meowstic|1
|-damage|p1b: Meowstic|63/100
|-unboost|p2a: Blaziken|def|1
|-unboost|p2a: Blaziken|spd|1
|-damage|p2a: Blaziken|90/100|[from] item: Life Orb
|
|-ability|p2a: Blaziken|Speed Boost|boost
|-boost|p2a: Blaziken|spe|1
|upkeep
|
|t:|1785649337
|switch|p1a: Incineroar|Incineroar, L50, F|61/100
|-ability|p1a: Incineroar|Intimidate|boost
|-unboost|p2a: Blaziken|atk|1
|-unboost|p2b: Sceptile|atk|1
|turn|3
|
|t:|1785649353
|move|p1a: Incineroar|Fake Out|p2b: Sceptile
|-damage|p2b: Sceptile|79/100
|move|p1b: Meowstic|Psychic Terrain|p1b: Meowstic
|-fieldstart|move: Psychic Terrain
|cant|p2b: Sceptile|flinch
|move|p2a: Blaziken|Flare Blitz|p1b: Meowstic
|-crit|p1b: Meowstic
|-damage|p1b: Meowstic|0 fnt
|faint|p1b: Meowstic
|-damage|p2a: Blaziken|66/100|[from] Recoil
|-damage|p2a: Blaziken|56/100|[from] item: Life Orb
|
|-ability|p2a: Blaziken|Speed Boost|boost
|-boost|p2a: Blaziken|spe|1
|upkeep
|
|t:|1785649362
|switch|p1b: Hatterene|Hatterene, L50, F|100/100
|turn|4
|
|t:|1785649378
|move|p2a: Blaziken|Flare Blitz|p1b: Hatterene
|-damage|p1b: Hatterene|39/100
|-damage|p2a: Blaziken|35/100|[from] Recoil
|-damage|p2a: Blaziken|26/100|[from] item: Life Orb
|move|p2b: Sceptile|Energy Ball|p1b: Hatterene
|-damage|p1b: Hatterene|0 fnt
|faint|p1b: Hatterene
|move|p1a: Incineroar|Flare Blitz|p2b: Sceptile
|-crit|p2b: Sceptile
|-damage|p2b: Sceptile|0 fnt
|faint|p2b: Sceptile
|-damage|p1a: Incineroar|42/100|[from] Recoil
|
|-ability|p2a: Blaziken|Speed Boost|boost
|-boost|p2a: Blaziken|spe|1
|upkeep
|
|t:|1785649395
|switch|p2b: Clefable|Clefable, L50, M|100/100
|turn|5
|
|t:|1785649399
|move|p2b: Clefable|Follow Me|p2b: Clefable
|-singleturn|p2b: Clefable|move: Follow Me
|move|p2a: Blaziken|Close Combat|p1a: Incineroar
|-supereffective|p1a: Incineroar|1
|-damage|p1a: Incineroar|0 fnt
|-unboost|p2a: Blaziken|def|1
|-unboost|p2a: Blaziken|spd|1
|faint|p1a: Incineroar
|-damage|p2a: Blaziken|16/100|[from] item: Life Orb
|
|win|wade connects
|raw|duggan1000's rating: 1000 → 1000(+0 for losing)
|raw|wade connects's rating: 1236 → 1246(+10 for winning)
|c|☆wade connects|Gg
|c|☆duggan1000|Gg, back to drawing board
|l|☆duggan1000
|player|p1|
|l|☆wade connects
|player|p2|
|j|☆duggan1000
|player|p1|duggan1000|2|
|j|☆wade connects
|player|p2|wade connects|101|
