|j|☆waz00
|j|☆A Regu1ar Guy
|html|waz00A Regu1ar Guy    
|uhtml|bestof|Game 1 of a best-of-3
|t:|1783530343
|gametype|doubles
|player|p1|waz00|dawn|
|player|p2|A Regu1ar Guy|265|
|gen|9
|tier|[Gen 9 Champions] VGC 2026 Reg M-B (Bo3)
|rule|Species Clause: Limit one of each Pokémon
|rule|Item Clause: Limit 1 of each item
|clearpoke
|poke|p1|Swampert, L50, M|
|poke|p1|Sableye, L50, M|
|poke|p1|Pelipper, L50, F|
|poke|p1|Archaludon, L50, F|
|poke|p1|Sinistcha, L50|
|poke|p1|Sneasler, L50, F|
|poke|p2|Garchomp, L50, M|
|poke|p2|Venusaur, L50, M|
|poke|p2|Incineroar, L50, F|
|poke|p2|Charizard, L50, F|
|poke|p2|Toxapex, L50, F|
|poke|p2|Annihilape, L50, M|
|teampreview|4
|showteam|p1|Swampert||Swampertite|Torrent|WaveCrash,Earthquake,IcePunch,FlipTurn|Adamant||M|||50|]Sableye||LightClay|Prankster|Reflect,LightScreen,WillOWisp,RainDance|Careful||M|||50|]Pelipper||SitrusBerry|Drizzle|Hurricane,WideGuard,WeatherBall,Tailwind|Calm||F|||50|]Archaludon||Leftovers|Stamina|Protect,ElectroShot,DragonPulse,FlashCannon|Modest||F|||50|]Sinistcha||KasibBerry|Hospitality|MatchaGotcha,TrickRoom,RagePowder,LifeDew|Bold|||||50|]Sneasler||FocusSash|Unburden|Protect,FakeOut,CloseCombat,DireClaw|Jolly||F|||50|
|showteam|p2|Garchomp||ChoiceScarf|RoughSkin|Earthquake,RockSlide,DragonClaw,StompingTantrum|Adamant||M|||50|]Venusaur||LifeOrb|Chlorophyll|SludgeBomb,SolarBeam,EarthPower,Protect|Modest||M|||50|]Incineroar||SitrusBerry|Intimidate|FakeOut,FlareBlitz,ThroatChop,PartingShot|Impish||F|||50|]Charizard||CharizarditeY|Blaze|HeatWave,WeatherBall,Protect,HelpingHand|Modest||F|||50|]Toxapex||Leftovers|Regenerator|Infestation,Toxic,WideGuard,BanefulBunker|Impish||F|||50|]Annihilape||FocusSash|Defiant|CloseCombat,PhantomForce,RockTomb,Protect|Jolly||M|||50|
|inactive|Battle timer is ON: inactive players will automatically lose when time's up. (requested by A Regu1ar Guy)
|c|☆A Regu1ar Guy|glhf
|c|☆waz00|gl
|inactive|waz00 has 60 seconds left.
|inactive|A Regu1ar Guy has 60 seconds left.
|inactive|A Regu1ar Guy has 30 seconds left.
|
|t:|1783530405
|teamsize|p1|4
|teamsize|p2|4
|start
|switch|p1a: Swampert|Swampert, L50, M|100/100
|switch|p1b: Pelipper|Pelipper, L50, F|100/100
|switch|p2a: Incineroar|Incineroar, L50, F|100/100
|switch|p2b: Toxapex|Toxapex, L50, F|100/100
|-weather|RainDance|[from] ability: Drizzle|[of] p1b: Pelipper
|-ability|p2a: Incineroar|Intimidate|boost
|-unboost|p1a: Swampert|atk|1
|-unboost|p1b: Pelipper|atk|1
|turn|1
|inactive|waz00 has 30 seconds left.
|
|t:|1783530435
|move|p2a: Incineroar|Fake Out|p1a: Swampert
|-damage|p1a: Swampert|87/100
|cant|p1a: Swampert|flinch
|move|p1b: Pelipper|Weather Ball|p2a: Incineroar
|-supereffective|p2a: Incineroar|1
|-damage|p2a: Incineroar|0 fnt
|faint|p2a: Incineroar
|move|p2b: Toxapex|Infestation|p1b: Pelipper
|-resisted|p1b: Pelipper|1
|-damage|p1b: Pelipper|98/100
|-activate|p1b: Pelipper|move: Infestation|[of] p2b: Toxapex
|
|-weather|RainDance|[upkeep]
|-damage|p1b: Pelipper|86/100|[from] move: Infestation|[partiallytrapped]
|upkeep
|
|t:|1783530438
|switch|p2a: Charizard|Charizard, L50, F|100/100
|turn|2
|
|t:|1783530460
|detailschange|p2a: Charizard|Charizard-Mega-Y, L50, F
|-mega|p2a: Charizard|Charizard|Charizardite Y
|-weather|SunnyDay|[from] ability: Drought|[of] p2a: Charizard
|detailschange|p1a: Swampert|Swampert-Mega, L50, M
|-mega|p1a: Swampert|Swampert|Swampertite
|move|p2a: Charizard|Heat Wave|p1a: Swampert|[spread] p1a,p1b
|-resisted|p1a: Swampert|1
|-resisted|p1b: Pelipper|1
|-damage|p1a: Swampert|61/100
|-damage|p1b: Pelipper|58/100
|move|p1a: Swampert|Wave Crash|p2a: Charizard
|-supereffective|p2a: Charizard|1
|-damage|p2a: Charizard|46/100
|-damage|p1a: Swampert|44/100|[from] Recoil
|move|p1b: Pelipper|Tailwind|p1b: Pelipper
|-sidestart|p1: waz00|move: Tailwind
|move|p2b: Toxapex|Toxic|p1b: Pelipper
|-status|p1b: Pelipper|tox
|
|-weather|SunnyDay|[upkeep]
|-damage|p1b: Pelipper|52/100 tox|[from] psn
|-damage|p1b: Pelipper|40/100 tox|[from] move: Infestation|[partiallytrapped]
|upkeep
|-enditem|p1b: Pelipper|Sitrus Berry|[eat]
|-heal|p1b: Pelipper|65/100 tox|[from] item: Sitrus Berry
|turn|3
|
|t:|1783530484
|move|p2a: Charizard|Protect|p2a: Charizard
|-singleturn|p2a: Charizard|Protect
|move|p1a: Swampert|Wave Crash|p2a: Charizard
|-activate|p2a: Charizard|move: Protect
|move|p1b: Pelipper|Hurricane|p2a: Charizard
|-activate|p2a: Charizard|move: Protect
|move|p2b: Toxapex|Infestation|p1a: Swampert
|-damage|p1a: Swampert|41/100
|-activate|p1a: Swampert|move: Infestation|[of] p2b: Toxapex
|
|-weather|SunnyDay|[upkeep]
|-damage|p1b: Pelipper|53/100 tox|[from] psn
|-damage|p1a: Swampert|29/100|[from] move: Infestation|[partiallytrapped]
|-damage|p1b: Pelipper|40/100 tox|[from] move: Infestation|[partiallytrapped]
|upkeep
|turn|4
|
|t:|1783530492
|move|p1a: Swampert|Wave Crash|p2a: Charizard
|-supereffective|p2a: Charizard|1
|-damage|p2a: Charizard|1/100
|-damage|p1a: Swampert|14/100|[from] Recoil
|move|p1b: Pelipper|Hurricane|p2b: Toxapex
|-damage|p2b: Toxapex|69/100
|-start|p2b: Toxapex|confusion
|move|p2a: Charizard|Heat Wave|p1a: Swampert|[spread] p1a,p1b
|-resisted|p1a: Swampert|1
|-resisted|p1b: Pelipper|1
|-damage|p1a: Swampert|0 fnt
|-damage|p1b: Pelipper|9/100 tox
|faint|p1a: Swampert
|-activate|p2b: Toxapex|confusion
|move|p2b: Toxapex|Toxic|p1b: Pelipper
|-fail|p1b: Pelipper|tox
|
|-weather|SunnyDay|[upkeep]
|-heal|p2b: Toxapex|75/100|[from] item: Leftovers
|-damage|p1b: Pelipper|0 fnt|[from] psn
|faint|p1b: Pelipper
|upkeep
|
|t:|1783530510
|switch|p1a: Archaludon|Archaludon, L50, F|100/100
|switch|p1b: Sinistcha|Sinistcha, L50|100/100
|turn|5
|
|t:|1783530524
|switch|p2a: Venusaur|Venusaur, L50, M|100/100
|move|p1a: Archaludon|Electro Shot||[still]
|-prepare|p1a: Archaludon|Electro Shot
|-boost|p1a: Archaludon|spa|1
|move|p1b: Sinistcha|Matcha Gotcha|p2b: Toxapex|[spread] p2a,p2b
|-resisted|p2a: Venusaur|2
|-damage|p2a: Venusaur|93/100
|-damage|p2b: Toxapex|55/100
|-status|p2a: Venusaur|brn
|-status|p2b: Toxapex|brn
|-end|p2b: Toxapex|confusion
|move|p2b: Toxapex|Toxic|p1b: Sinistcha
|-status|p1b: Sinistcha|tox
|
|-weather|SunnyDay|[upkeep]
|-heal|p2b: Toxapex|61/100 brn|[from] item: Leftovers
|-damage|p1b: Sinistcha|93/100 tox|[from] psn
|-damage|p2a: Venusaur|88/100 brn|[from] brn
|-damage|p2b: Toxapex|55/100 brn|[from] brn
|-sideend|p1: waz00|move: Tailwind
|upkeep
|turn|6
|
|t:|1783530541
|move|p2b: Toxapex|Baneful Bunker|p2b: Toxapex
|-singleturn|p2b: Toxapex|move: Protect
|move|p2a: Venusaur|Earth Power|p1a: Archaludon
|-supereffective|p1a: Archaludon|1
|-damage|p1a: Archaludon|28/100
|-ability|p1a: Archaludon|Stamina|boost
|-boost|p1a: Archaludon|def|1
|-damage|p2a: Venusaur|78/100 brn|[from] item: Life Orb
|move|p1a: Archaludon|Electro Shot|p2b: Toxapex|[from] lockedmove
|-activate|p2b: Toxapex|move: Protect
|move|p1b: Sinistcha|Matcha Gotcha|p2b: Toxapex|[spread] p2a
|-activate|p2b: Toxapex|move: Protect
|-resisted|p2a: Venusaur|2
|-damage|p2a: Venusaur|72/100 brn
|-heal|p1b: Sinistcha|96/100 tox|[from] drain|[of] p2a: Venusaur
|
|-weather|none
|-heal|p1a: Archaludon|35/100|[from] item: Leftovers
|-heal|p2b: Toxapex|61/100 brn|[from] item: Leftovers
|-damage|p1b: Sinistcha|84/100 tox|[from] psn
|-damage|p2a: Venusaur|66/100 brn|[from] brn
|-damage|p2b: Toxapex|55/100 brn|[from] brn
|upkeep
|turn|7
|
|t:|1783530551
|move|p2a: Venusaur|Earth Power|p1a: Archaludon
|-supereffective|p1a: Archaludon|1
|-damage|p1a: Archaludon|0 fnt
|faint|p1a: Archaludon
|-damage|p2a: Venusaur|57/100 brn|[from] item: Life Orb
|move|p1b: Sinistcha|Matcha Gotcha|p2a: Venusaur|[spread] p2b
|-miss|p1b: Sinistcha|p2a: Venusaur
|-damage|p2b: Toxapex|35/100 brn
|-heal|p1b: Sinistcha|93/100 tox|[from] drain|[of] p2b: Toxapex
|move|p2b: Toxapex|Infestation|p1b: Sinistcha
|-damage|p1b: Sinistcha|89/100 tox
|-activate|p1b: Sinistcha|move: Infestation|[of] p2b: Toxapex
|
|-heal|p2b: Toxapex|41/100 brn|[from] item: Leftovers
|-damage|p1b: Sinistcha|71/100 tox|[from] psn
|-damage|p2a: Venusaur|51/100 brn|[from] brn
|-damage|p2b: Toxapex|35/100 brn|[from] brn
|-damage|p1b: Sinistcha|58/100 tox|[from] move: Infestation|[partiallytrapped]
|upkeep
|turn|8
|
|t:|1783530570
|move|p2b: Toxapex|Baneful Bunker|p2b: Toxapex
|-singleturn|p2b: Toxapex|move: Protect
|move|p2a: Venusaur|Sludge Bomb|p1b: Sinistcha
|-damage|p1b: Sinistcha|5/100 tox
|-damage|p2a: Venusaur|42/100 brn|[from] item: Life Orb
|move|p1b: Sinistcha|Matcha Gotcha|p2b: Toxapex|[spread] p2a
|-activate|p2b: Toxapex|move: Protect
|-resisted|p2a: Venusaur|2
|-damage|p2a: Venusaur|35/100 brn
|-heal|p1b: Sinistcha|8/100 tox|[from] drain|[of] p2a: Venusaur
|
|-heal|p2b: Toxapex|41/100 brn|[from] item: Leftovers
|-damage|p1b: Sinistcha|0 fnt|[from] psn
|faint|p1b: Sinistcha
|
|win|A Regu1ar Guy
