|j|☆capspungo
|j|☆Lego Darth Malgus
|html|capspungoLego Darth Malgus    
|uhtml|bestof|Game 3 of a best-of-3
|t:|1756990512
|gametype|doubles
|player|p1|capspungo|266|1287
|player|p2|Lego Darth Malgus|1|1301
|gen|9
|tier|[Gen 9] VGC 2025 Reg H (Bo3)
|rated|
|rule|Species Clause: Limit one of each Pokémon
|rule|Item Clause: Limit 1 of each item
|clearpoke
|poke|p1|Ursaluna, L50, M|
|poke|p1|Indeedee-F, L50, F|
|poke|p1|Exeggutor, L50, F|
|poke|p1|Torkoal, L50, F|
|poke|p1|Gallade, L50, M|
|poke|p1|Annihilape, L50, M|
|poke|p2|Kommo-o, L50, F|
|poke|p2|Tyranitar, L50, M|
|poke|p2|Excadrill, L50, M|
|poke|p2|Samurott-Hisui, L50, F|
|poke|p2|Rillaboom, L50, F|
|poke|p2|Volcarona, L50, M|
|teampreview|4
|showteam|p1|Ursaluna||FlameOrb|Guts|Protect,Facade,Earthquake,HeadlongRush|||M|||50|,,,,,Ghost]Indeedee-F||PsychicSeed|PsychicSurge|TrickRoom,DazzlingGleam,FollowMe,HelpingHand|||F|||50|,,,,,Grass]Exeggutor||FocusSash|Chlorophyll|TrickRoom,ExpandingForce,LeafStorm,SleepPowder|||F|||50|,,,,,Psychic]Torkoal||Charcoal|Drought|Eruption,HeatWave,Protect,WeatherBall|||F|||50|,,,,,Fire]Gallade||ClearAmulet|Sharpness|PsychoCut,TrickRoom,WideGuard,SacredSword|||M|||50|,,,,,Fire]Annihilape||ChoiceScarf|Defiant|FinalGambit,CloseCombat,ShadowClaw,Uturn|||M|||50|,,,,,Stellar
|showteam|p2|Kommo-o||GrassySeed|Overcoat|BodyPress,IronDefense,Protect,DragonPulse|||F|||50|,,,,,Fairy]Tyranitar||ChoiceScarf|SandStream|RockSlide,KnockOff,TeraBlast,LowKick|||M|||50|,,,,,Flying]Excadrill||FocusSash|SandRush|HighHorsepower,IronHead,Bulldoze,Protect|||M|||50|,,,,,Ghost]Samurott-Hisui||AssaultVest|Sharpness|NightSlash,AquaCutter,SacredSword,SuckerPunch|||F|||50|,,,,,Ghost]Rillaboom||MiracleSeed|GrassySurge|FakeOut,DrumBeating,GrassyGlide,Taunt|||F|||50|,,,,,Water]Volcarona||SitrusBerry|FlameBody|QuiverDance,HeatWave,TeraBlast,Protect|||M|||50|,,,,,Fairy
|inactive|Battle timer is ON: inactive players will automatically lose when time's up. (requested by Lego Darth Malgus)
|inactive|Lego Darth Malgus has 60 seconds left.
|
|t:|1756990543
|teamsize|p1|4
|teamsize|p2|4
|start
|switch|p1a: Torkoal|Torkoal, L50, F|100/100
|switch|p1b: Exeggutor|Exeggutor, L50, F|100/100
|switch|p2a: Tyranitar|Tyranitar, L50, M|100/100
|switch|p2b: Excadrill|Excadrill, L50, M, shiny|100/100
|-weather|Sandstorm|[from] ability: Sand Stream|[of] p2a: Tyranitar
|-weather|SunnyDay|[from] ability: Drought|[of] p1a: Torkoal
|turn|1
|inactive|capspungo has 30 seconds left.
|
|t:|1756990570
|switch|p2a: Samurott|Samurott-Hisui, L50, F, shiny|100/100
|switch|p1a: Indeedee|Indeedee-F, L50, F|100/100
|-fieldstart|move: Psychic Terrain|[from] ability: Psychic Surge|[of] p1a: Indeedee
|-enditem|p1a: Indeedee|Psychic Seed
|-boost|p1a: Indeedee|spd|1|[from] item: Psychic Seed
|-terastallize|p1b: Exeggutor|Psychic
|move|p1b: Exeggutor|Expanding Force|p2a: Samurott|[spread] p2b
|-immune|p2a: Samurott
|-resisted|p2b: Excadrill
|-damage|p2b: Excadrill|42/100
|move|p2b: Excadrill|High Horsepower|p1a: Indeedee
|-damage|p1a: Indeedee|49/100
|
|-weather|SunnyDay|[upkeep]
|upkeep
|turn|2
|inactive|capspungo has 30 seconds left.
|inactive|Lego Darth Malgus has 30 seconds left.
|
|t:|1756990604
|move|p1a: Indeedee|Follow Me|p1a: Indeedee
|-singleturn|p1a: Indeedee|move: Follow Me
|move|p1b: Exeggutor|Leaf Storm|p2a: Samurott
|-supereffective|p2a: Samurott
|-damage|p2a: Samurott|0 fnt
|-unboost|p1b: Exeggutor|spa|2
|faint|p2a: Samurott
|move|p2b: Excadrill|High Horsepower|p1a: Indeedee
|-damage|p1a: Indeedee|0 fnt
|faint|p1a: Indeedee
|
|-weather|SunnyDay|[upkeep]
|upkeep
|
|t:|1756990616
|switch|p2a: Volcarona|Volcarona, L50, M, shiny|100/100
|switch|p1a: Annihilape|Annihilape, L50, M, shiny|100/100
|turn|3
|
|t:|1756990639
|switch|p1b: Torkoal|Torkoal, L50, F|100/100
|move|p2a: Volcarona|Protect|p2a: Volcarona
|-singleturn|p2a: Volcarona|Protect
|move|p1a: Annihilape|Close Combat|p2b: Excadrill
|-supereffective|p2b: Excadrill
|-damage|p2b: Excadrill|0 fnt
|-unboost|p1a: Annihilape|def|1
|-unboost|p1a: Annihilape|spd|1
|faint|p2b: Excadrill
|
|-weather|SunnyDay|[upkeep]
|upkeep
|
|t:|1756990641
|switch|p2b: Tyranitar|Tyranitar, L50, M|100/100
|-weather|Sandstorm|[from] ability: Sand Stream|[of] p2b: Tyranitar
|turn|4
|inactive|capspungo has 30 seconds left.
|inactive|capspungo has 20 seconds left.
|
|t:|1756990684
|switch|p1a: Exeggutor|Exeggutor, L50, F, tera:Psychic|100/100
|-terastallize|p2b: Tyranitar|Flying
|move|p2b: Tyranitar|Knock Off|p1a: Exeggutor
|-supereffective|p1a: Exeggutor
|-enditem|p1a: Exeggutor|Focus Sash
|-damage|p1a: Exeggutor|1/100
|move|p2a: Volcarona|Quiver Dance|p2a: Volcarona
|-boost|p2a: Volcarona|spa|1
|-boost|p2a: Volcarona|spd|1
|-boost|p2a: Volcarona|spe|1
|move|p1b: Torkoal|Weather Ball|p2a: Volcarona
|-supereffective|p2a: Volcarona
|-damage|p2a: Volcarona|26/100
|-enditem|p2a: Volcarona|Sitrus Berry|[eat]
|-heal|p2a: Volcarona|51/100|[from] item: Sitrus Berry
|
|-weather|Sandstorm|[upkeep]
|-damage|p2a: Volcarona|45/100|[from] Sandstorm
|-damage|p2b: Tyranitar|95/100|[from] Sandstorm
|-damage|p1a: Exeggutor|0 fnt|[from] Sandstorm
|-damage|p1b: Torkoal|94/100|[from] Sandstorm
|faint|p1a: Exeggutor
|upkeep
|
|t:|1756990698
|switch|p1a: Annihilape|Annihilape, L50, M, shiny|100/100
|turn|5
|
|t:|1756990708
|move|p2a: Volcarona|Protect|p2a: Volcarona
|-singleturn|p2a: Volcarona|Protect
|move|p1a: Annihilape|Final Gambit|p2b: Tyranitar
|-damage|p2b: Tyranitar|0 fnt
|faint|p1a: Annihilape
|faint|p2b: Tyranitar
|move|p1b: Torkoal|Weather Ball|p2a: Volcarona
|-activate|p2a: Volcarona|move: Protect
|
|-weather|Sandstorm|[upkeep]
|-damage|p2a: Volcarona|39/100|[from] Sandstorm
|-damage|p1b: Torkoal|88/100|[from] Sandstorm
|-fieldend|move: Psychic Terrain
|upkeep
|turn|6
|
|t:|1756990725
|move|p2a: Volcarona|Tera Blast|p1b: Torkoal
|-damage|p1b: Torkoal|36/100
|move|p1b: Torkoal|Weather Ball|p2a: Volcarona
|-supereffective|p2a: Volcarona
|-damage|p2a: Volcarona|0 fnt
|faint|p2a: Volcarona
|
|win|capspungo
|raw|capspungo's rating: 1287 → 1313(+26 for winning)
|raw|Lego Darth Malgus's rating: 1301 → 1280(-21 for losing)
|l|☆capspungo
|player|p1|
