|j|☆TMJS01
|j|☆tmmc01
|html|TMJS01tmmc01    
|uhtml|bestof|Game 2 of a best-of-3
|t:|1785511877
|gametype|doubles
|player|p1|TMJS01|unknown|
|player|p2|tmmc01|artist|
|gen|9
|tier|[Gen 9 Champions] VGC 2026 Reg M-B (Bo3)
|rule|Species Clause: Limit one of each Pokémon
|rule|Item Clause: Limit 1 of each item
|clearpoke
|poke|p1|Staraptor, L50, M|
|poke|p1|Garchomp, L50, M|
|poke|p1|Whimsicott, L50, M|
|poke|p1|Delphox, L50, M|
|poke|p1|Glimmora, L50, M|
|poke|p1|Kingambit, L50, M|
|poke|p2|Charizard, L50, M, shiny|
|poke|p2|Incineroar, L50, M, shiny|
|poke|p2|Aerodactyl, L50, F|
|poke|p2|Sylveon, L50, M|
|poke|p2|Garchomp, L50, M|
|poke|p2|Farigiraf, L50, M|
|teampreview|4
|showteam|p1|Staraptor||Staraptite|Intimidate|Protect,Roost,CloseCombat,BraveBird|Jolly||M|||50|]Garchomp||LifeOrb|RoughSkin|Protect,RockSlide,Earthquake,DragonClaw|Jolly||M|||50|]Whimsicott||OccaBerry|Prankster|Moonblast,Tailwind,Charm,LightScreen|Timid||M|||50|]Delphox||Delphoxite|Magician|Protect,Psychic,HeatWave,Substitute|Timid||M|||50|]Glimmora||FocusSash|ToxicDebris|SpikyShield,SludgeBomb,EarthPower,PowerGem|Timid||M|||50|]Kingambit||ChopleBerry|Defiant|SuckerPunch,LowKick,IronHead,KowtowCleave|Adamant||M|||50|
|showteam|p2|Charizard||CharizarditeY|Blaze|Protect,HeatWave,SolarBeam,WeatherBall|Modest||M|||50|]Incineroar||PasshoBerry|Intimidate|FlareBlitz,DarkestLariat,PartingShot,FakeOut|Adamant||M|||50|]Aerodactyl||FocusSash|Unnerve|Tailwind,Protect,RockSlide,SunnyDay|Jolly||F|||50|]Sylveon||FairyFeather|Pixilate|HyperVoice,Detect,QuickAttack,Moonblast|Modest||M|||50|]Garchomp||Garchompite|RoughSkin|Protect,Earthquake,StompingTantrum,DragonClaw|Adamant||M|||50|]Farigiraf||TwistedSpoon|ArmorTail|TrickRoom,TwinBeam,Thunderbolt,HelpingHand|Quiet||M|||50|
|inactive|Battle timer is ON: inactive players will automatically lose when time's up. (requested by TMJS01)
|inactive|tmmc01 has 60 seconds left.
|inactive|TMJS01 has 60 seconds left.
|
|t:|1785511928
|teamsize|p1|4
|teamsize|p2|4
|start
|switch|p1a: Glimmora|Glimmora, L50, M|100/100
|switch|p1b: Kingambit|Kingambit, L50, M|100/100
|switch|p2a: Aerodactyl|Aerodactyl, L50, F|100/100
|switch|p2b: Garchomp|Garchomp, L50, M|100/100
|-ability|p2a: Aerodactyl|Unnerve
|turn|1
|
|t:|1785511940
|switch|p1a: Staraptor|Staraptor, L50, M|100/100
|-ability|p1a: Staraptor|Intimidate|boost
|-unboost|p2a: Aerodactyl|atk|1
|-unboost|p2b: Garchomp|atk|1
|detailschange|p2b: Garchomp|Garchomp-Mega, L50, M
|-mega|p2b: Garchomp|Garchomp|Garchompite
|move|p2a: Aerodactyl|Tailwind|p2a: Aerodactyl
|-sidestart|p2: tmmc01|move: Tailwind
|move|p2b: Garchomp|Earthquake|p1a: Staraptor|[spread] p1b
|-immune|p2a: Aerodactyl
|-immune|p1a: Staraptor
|-supereffective|p1b: Kingambit|1
|-damage|p1b: Kingambit|44/100
|move|p1b: Kingambit|Iron Head|p2a: Aerodactyl
|-supereffective|p2a: Aerodactyl|1
|-enditem|p2a: Aerodactyl|Focus Sash
|-damage|p2a: Aerodactyl|1/100
|
|upkeep
|turn|2
|
|t:|1785511954
|switch|p1b: Glimmora|Glimmora, L50, M|100/100
|detailschange|p1a: Staraptor|Staraptor-Mega, L50, M
|-mega|p1a: Staraptor|Staraptor|Staraptite
|move|p2a: Aerodactyl|Protect|p2a: Aerodactyl
|-singleturn|p2a: Aerodactyl|Protect
|move|p2b: Garchomp|Earthquake|p1b: Glimmora|[spread] p1b
|-activate|p2a: Aerodactyl|move: Protect
|-immune|p1a: Staraptor
|-supereffective|p1b: Glimmora|2
|-enditem|p1b: Glimmora|Focus Sash
|-damage|p1b: Glimmora|1/100
|-activate|p1b: Glimmora|ability: Toxic Debris
|-sidestart|p2: tmmc01|move: Toxic Spikes
|move|p1a: Staraptor|Close Combat|p2b: Garchomp
|-damage|p2b: Garchomp|55/100
|-boost|p1a: Staraptor|def|1
|-boost|p1a: Staraptor|spd|1
|
|upkeep
|turn|3
|j| rillaroar
|inactive|TMJS01 has 30 seconds left.
|
|t:|1785511986
|switch|p2b: Sylveon|Sylveon, L50, M|100/100
|-status|p2b: Sylveon|psn
|move|p2a: Aerodactyl|Rock Slide|p1b: Glimmora|[spread] p1a,p1b
|-crit|p1b: Glimmora
|-damage|p1a: Staraptor|88/100
|-damage|p1b: Glimmora|0 fnt
|-activate|p1b: Glimmora|ability: Toxic Debris
|-sidestart|p2: tmmc01|move: Toxic Spikes
|faint|p1b: Glimmora
|move|p1a: Staraptor|Close Combat|p2a: Aerodactyl
|-damage|p2a: Aerodactyl|0 fnt
|-boost|p1a: Staraptor|def|1
|-boost|p1a: Staraptor|spd|1
|faint|p2a: Aerodactyl
|
|-damage|p2b: Sylveon|87/100 psn|[from] psn
|upkeep
|
|t:|1785512001
|switch|p2a: Garchomp|Garchomp-Mega, L50, M|55/100
|switch|p1b: Garchomp|Garchomp, L50, M|100/100
|-status|p2a: Garchomp|tox
|turn|4
|
|t:|1785512012
|switch|p2a: Incineroar|Incineroar, L50, M, shiny|100/100
|-status|p2a: Incineroar|tox
|-ability|p2a: Incineroar|Intimidate|boost
|-boost|p1a: Staraptor|atk|1
|-unboost|p1b: Garchomp|atk|1
|move|p1a: Staraptor|Protect|p1a: Staraptor
|-singleturn|p1a: Staraptor|Protect
|move|p1b: Garchomp|Protect|p1b: Garchomp
|-singleturn|p1b: Garchomp|Protect
|move|p2b: Sylveon|Hyper Voice|p1b: Garchomp|[spread] 
|-activate|p1a: Staraptor|move: Protect
|-activate|p1b: Garchomp|move: Protect
|
|-damage|p2b: Sylveon|75/100 psn|[from] psn
|-damage|p2a: Incineroar|94/100 tox|[from] psn
|-sideend|p2: tmmc01|move: Tailwind
|upkeep
|turn|5
|
|t:|1785512028
|switch|p1b: Kingambit|Kingambit, L50, M|44/100
|move|p2a: Incineroar|Fake Out|p1a: Staraptor
|-damage|p1a: Staraptor|81/100
|cant|p1a: Staraptor|flinch
|move|p2b: Sylveon|Moonblast|p1a: Staraptor
|-supereffective|p1a: Staraptor|1
|-damage|p1a: Staraptor|17/100
|
|-damage|p2b: Sylveon|63/100 psn|[from] psn
|-damage|p2a: Incineroar|82/100 tox|[from] psn
|upkeep
|turn|6
|
|t:|1785512053
|move|p2b: Sylveon|Detect|p2b: Sylveon
|-singleturn|p2b: Sylveon|Protect
|move|p1a: Staraptor|Close Combat|p2a: Incineroar
|-supereffective|p2a: Incineroar|1
|-damage|p2a: Incineroar|0 fnt
|-boost|p1a: Staraptor|def|1
|-boost|p1a: Staraptor|spd|1
|faint|p2a: Incineroar
|move|p1b: Kingambit|Iron Head|p2b: Sylveon
|-activate|p2b: Sylveon|move: Protect
|
|-damage|p2b: Sylveon|51/100 psn|[from] psn
|upkeep
|
|t:|1785512061
|switch|p2a: Garchomp|Garchomp-Mega, L50, M|55/100 tox
|turn|7
|l| rillaroar
|
|t:|1785512086
|move|p1b: Kingambit|Sucker Punch|p2a: Garchomp
|-damage|p2a: Garchomp|25/100 tox
|move|p1a: Staraptor|Brave Bird|p2b: Sylveon
|-damage|p2b: Sylveon|0 fnt
|faint|p2b: Sylveon
|-damage|p1a: Staraptor|2/100|[from] Recoil
|move|p2a: Garchomp|Dragon Claw|p1a: Staraptor
|-damage|p1a: Staraptor|0 fnt
|faint|p1a: Staraptor
|
|-damage|p2a: Garchomp|19/100 tox|[from] psn
|upkeep
|
|t:|1785512089
|switch|p1a: Garchomp|Garchomp, L50, M|100/100
|turn|8
|c|☆TMJS01|Ggs
|c|☆tmmc01|Fue p
|
|t:|1785512105
|move|p1b: Kingambit|Sucker Punch|p2a: Garchomp
|-damage|p2a: Garchomp|0 fnt
|faint|p2a: Garchomp
|
|win|TMJS01
|l|☆tmmc01
|player|p2|
|l|☆TMJS01
|player|p1|
|j|☆TMJS01
|player|p1|TMJS01|unknown|
