|j|☆Fifth Ideal
|j|☆cubox11n
|html|Fifth Idealcubox11n    
|uhtml|bestof|Game 1 of a best-of-3
|t:|1757696144
|gametype|doubles
|player|p1|Fifth Ideal|miku-ground|1296
|player|p2|cubox11n|266|1415
|gen|9
|tier|[Gen 9] VGC 2025 Reg H (Bo3)
|rated|
|rule|Species Clause: Limit one of each Pokémon
|rule|Item Clause: Limit 1 of each item
|clearpoke
|poke|p1|Pelipper, L50, F|
|poke|p1|Archaludon, L50, M|
|poke|p1|Sinistcha-Masterpiece, L50|
|poke|p1|Maushold, L50|
|poke|p1|Basculegion, L50, M|
|poke|p1|Kingambit, L50, F|
|poke|p2|Tyranitar, L50, M|
|poke|p2|Garchomp, L50, M|
|poke|p2|Basculegion, L50, M|
|poke|p2|Volcarona, L50, F|
|poke|p2|Amoonguss, L50, M|
|poke|p2|Grimmsnarl, L50, M|
|teampreview|4
|showteam|p1|Pelipper||FocusSash|Drizzle|WeatherBall,Hurricane,Tailwind,Protect|||F|||50|,,,,,Grass]Archaludon||AssaultVest|Stamina|FlashCannon,BodyPress,ElectroShot,Snarl|||M|||50|,,,,,Fighting]Sinistcha-Masterpiece||SitrusBerry|Hospitality|RagePowder,MatchaGotcha,TrickRoom,LifeDew||||||50|,,,,,Water]Maushold||WideLens|Technician|Protect,PopulationBomb,FollowMe,Taunt||||||50|,,,,,Ghost]Basculegion||ChoiceScarf|Adaptability|WaveCrash,LastRespects,AquaJet,FlipTurn|||M|||50|,,,,,Water]Kingambit||SafetyGoggles|Defiant|KowtowCleave,SuckerPunch,SwordsDance,Protect|||F|||50|,,,,,Dark
|showteam|p2|Tyranitar||AssaultVest|SandStream|LowKick,TeraBlast,RockSlide,KnockOff|||M|||50|,,,,,Flying]Garchomp||BrightPowder|SandVeil|StompingTantrum,DragonClaw,SwordsDance,Protect|||M|||50|,,,,,Poison]Basculegion||ChoiceScarf|Adaptability|LastRespects,WaveCrash,FlipTurn,AquaJet|||M|||50|,,,,,Water]Volcarona||Leftovers|FlameBody|HeatWave,GigaDrain,QuiverDance,Protect|||F|||50|,,,,,Grass]Amoonguss||SitrusBerry|Regenerator|Spore,RagePowder,LeafStorm,ClearSmog|||M|||50|,,,,,Steel]Grimmsnarl||LightClay|Prankster|ThunderWave,LightScreen,Reflect,SpiritBreak|||M|||50|,,,,,Water
|inactive|Battle timer is ON: inactive players will automatically lose when time's up. (requested by cubox11n)
|inactive|Fifth Ideal has 60 seconds left.
|inactive|Fifth Ideal has 30 seconds left.
|inactive|Fifth Ideal has 20 seconds left.
|inactive|Fifth Ideal has 15 seconds left.
|inactive|Fifth Ideal has 10 seconds left.
|inactive|Fifth Ideal has 5 seconds left.
|
|t:|1757696245
|teamsize|p1|4
|teamsize|p2|4
|start
|switch|p1a: Pelipper|Pelipper, L50, F|100/100
|switch|p1b: Archaludon|Archaludon, L50, M|100/100
|switch|p2a: Grimmsnarl|Grimmsnarl, L50, M, shiny|100/100
|switch|p2b: Volcarona|Volcarona, L50, F|100/100
|-weather|RainDance|[from] ability: Drizzle|[of] p1a: Pelipper
|turn|1
|inactive|Fifth Ideal has 30 seconds left.
|inactive|Fifth Ideal has 20 seconds left.
|inactive|Fifth Ideal has 15 seconds left.
|inactive|Fifth Ideal has 10 seconds left.
|inactive|Fifth Ideal has 5 seconds left.
|
|t:|1757696300
|move|p2a: Grimmsnarl|Light Screen|p2a: Grimmsnarl
|-sidestart|p2: cubox11n|move: Light Screen
|move|p2b: Volcarona|Quiver Dance|p2b: Volcarona
|-boost|p2b: Volcarona|spa|1
|-boost|p2b: Volcarona|spd|1
|-boost|p2b: Volcarona|spe|1
|move|p1a: Pelipper|Weather Ball|p2a: Grimmsnarl
|-damage|p2a: Grimmsnarl|56/100
|move|p1b: Archaludon|Flash Cannon|p2a: Grimmsnarl
|-supereffective|p2a: Grimmsnarl
|-damage|p2a: Grimmsnarl|16/100
|
|-weather|RainDance|[upkeep]
|upkeep
|turn|2
|inactive|Fifth Ideal has 30 seconds left.
|inactive|Fifth Ideal has 20 seconds left.
|inactive|Fifth Ideal has 15 seconds left.
|inactive|Fifth Ideal has 10 seconds left.
|inactive|Fifth Ideal has 5 seconds left.
|
|t:|1757696355
|switch|p2a: Tyranitar|Tyranitar, L50, M|100/100
|-weather|Sandstorm|[from] ability: Sand Stream|[of] p2a: Tyranitar
|move|p2b: Volcarona|Heat Wave|p1b: Archaludon|[spread] p1b
|-miss|p2b: Volcarona|p1a: Pelipper
|-damage|p1b: Archaludon|60/100
|-ability|p1b: Archaludon|Stamina|boost
|-boost|p1b: Archaludon|def|1
|move|p1a: Pelipper|Weather Ball|p2a: Tyranitar
|-crit|p2a: Tyranitar
|-damage|p2a: Tyranitar|83/100
|move|p1b: Archaludon|Flash Cannon|p2a: Tyranitar
|-supereffective|p2a: Tyranitar
|-damage|p2a: Tyranitar|65/100
|
|-weather|Sandstorm|[upkeep]
|-damage|p2b: Volcarona|94/100|[from] Sandstorm
|-damage|p1a: Pelipper|95/100|[from] Sandstorm
|-heal|p2b: Volcarona|100/100|[from] item: Leftovers
|upkeep
|turn|3
|inactive|Fifth Ideal has 30 seconds left.
|inactive|Fifth Ideal has 20 seconds left.
|inactive|Fifth Ideal has 15 seconds left.
|inactive|Fifth Ideal has 10 seconds left.
|inactive|Fifth Ideal has 5 seconds left.
|inactive|cubox11n has 30 seconds left.
|
|t:|1757696412
|switch|p2a: Grimmsnarl|Grimmsnarl, L50, M, shiny|16/100
|-terastallize|p2b: Volcarona|Grass
|move|p2b: Volcarona|Heat Wave|p1b: Archaludon|[spread] p1a
|-miss|p2b: Volcarona|p1b: Archaludon
|-resisted|p1a: Pelipper
|-damage|p1a: Pelipper|50/100
|move|p1a: Pelipper|Weather Ball|p2b: Volcarona
|-damage|p2b: Volcarona|89/100
|move|p1b: Archaludon|Flash Cannon|p2a: Grimmsnarl
|-supereffective|p2a: Grimmsnarl
|-damage|p2a: Grimmsnarl|0 fnt
|faint|p2a: Grimmsnarl
|
|-weather|Sandstorm|[upkeep]
|-damage|p2b: Volcarona|83/100|[from] Sandstorm
|-damage|p1a: Pelipper|44/100|[from] Sandstorm
|-heal|p2b: Volcarona|89/100|[from] item: Leftovers
|upkeep
|
|t:|1757696426
|switch|p2a: Garchomp|Garchomp, L50, M|100/100
|turn|4
|inactive|Fifth Ideal has 30 seconds left.
|inactive|Fifth Ideal has 20 seconds left.
|inactive|Fifth Ideal has 15 seconds left.
|inactive|Fifth Ideal has 10 seconds left.
|inactive|Fifth Ideal has 5 seconds left.
|
|t:|1757696481
|move|p2b: Volcarona|Heat Wave|p1a: Pelipper|[spread] p1a,p1b
|-resisted|p1a: Pelipper
|-damage|p1a: Pelipper|0 fnt
|-damage|p1b: Archaludon|25/100
|-ability|p1b: Archaludon|Stamina|boost
|-boost|p1b: Archaludon|def|1
|faint|p1a: Pelipper
|move|p2a: Garchomp|Dragon Claw|p1b: Archaludon
|-damage|p1b: Archaludon|12/100
|-ability|p1b: Archaludon|Stamina|boost
|-boost|p1b: Archaludon|def|1
|move|p1b: Archaludon|Flash Cannon|p2b: Volcarona
|-damage|p2b: Volcarona|77/100
|
|-weather|Sandstorm|[upkeep]
|-damage|p2b: Volcarona|70/100|[from] Sandstorm
|-heal|p2b: Volcarona|77/100|[from] item: Leftovers
|upkeep
|inactive|Fifth Ideal has 30 seconds left.
|inactive|Fifth Ideal has 20 seconds left.
|c|☆Fifth Ideal|oh shit mb
|c|☆Fifth Ideal|forgot i queued
|inactive|Fifth Ideal has 15 seconds left.
|
|t:|1757696525
|switch|p1a: Sinistcha|Sinistcha-Masterpiece, L50|100/100
|-heal|p1b: Archaludon|37/100|[from] ability: Hospitality|[of] p1a: Sinistcha
|turn|5
|
|t:|1757696546
|-terastallize|p1a: Sinistcha|Water
|move|p2b: Volcarona|Heat Wave|p1a: Sinistcha|[spread] p1a,p1b
|-resisted|p1a: Sinistcha
|-damage|p1a: Sinistcha|77/100
|-damage|p1b: Archaludon|1/100
|-status|p1a: Sinistcha|brn
|-ability|p1b: Archaludon|Stamina|boost
|-boost|p1b: Archaludon|def|1
|move|p2a: Garchomp|Dragon Claw|p1a: Sinistcha
|-damage|p1a: Sinistcha|41/100 brn
|-enditem|p1a: Sinistcha|Sitrus Berry|[eat]
|-heal|p1a: Sinistcha|66/100 brn|[from] item: Sitrus Berry
|move|p1b: Archaludon|Body Press|p2b: Volcarona
|-damage|p2b: Volcarona|0 fnt
|-status|p1b: Archaludon|brn|[from] ability: Flame Body|[of] p2b: Volcarona
|faint|p2b: Volcarona
|move|p1a: Sinistcha|Life Dew|p1a: Sinistcha|[spread] p1a,p1b
|-heal|p1a: Sinistcha|91/100 brn
|-heal|p1b: Archaludon|26/100 brn
|
|-weather|Sandstorm|[upkeep]
|-damage|p1a: Sinistcha|85/100 brn|[from] Sandstorm
|-damage|p1b: Archaludon|20/100 brn|[from] brn
|-damage|p1a: Sinistcha|79/100 brn|[from] brn
|upkeep
|
|t:|1757696564
|switch|p2b: Tyranitar|Tyranitar, L50, M|65/100
|turn|6
|
|t:|1757696582
|move|p1a: Sinistcha|Rage Powder|p1a: Sinistcha
|-singleturn|p1a: Sinistcha|move: Rage Powder
|move|p2a: Garchomp|Stomping Tantrum|p1a: Sinistcha
|-damage|p1a: Sinistcha|47/100 brn
|move|p1b: Archaludon|Body Press|p2b: Tyranitar
|-supereffective|p2b: Tyranitar
|-damage|p2b: Tyranitar|0 fnt
|faint|p2b: Tyranitar
|
|-weather|none
|-damage|p1b: Archaludon|14/100 brn|[from] brn
|-damage|p1a: Sinistcha|40/100 brn|[from] brn
|upkeep
|turn|7
|inactive|Fifth Ideal has 30 seconds left.
|
|t:|1757696609
|move|p1a: Sinistcha|Rage Powder|p1a: Sinistcha
|-singleturn|p1a: Sinistcha|move: Rage Powder
|move|p2a: Garchomp|Stomping Tantrum|p1a: Sinistcha
|-damage|p1a: Sinistcha|10/100 brn
|move|p1b: Archaludon|Body Press|p2a: Garchomp
|-damage|p2a: Garchomp|65/100
|
|-damage|p1b: Archaludon|7/100 brn|[from] brn
|-damage|p1a: Sinistcha|4/100 brn|[from] brn
|upkeep
|turn|8
|
|t:|1757696622
|move|p2a: Garchomp|Swords Dance|p2a: Garchomp
|-boost|p2a: Garchomp|atk|2
|move|p1b: Archaludon|Body Press|p2a: Garchomp
|-damage|p2a: Garchomp|27/100
|move|p1a: Sinistcha|Life Dew|p1a: Sinistcha|[spread] p1a,p1b
|-heal|p1a: Sinistcha|29/100 brn
|-heal|p1b: Archaludon|32/100 brn
|
|-damage|p1b: Archaludon|26/100 brn|[from] brn
|-damage|p1a: Sinistcha|23/100 brn|[from] brn
|-sideend|p2: cubox11n|move: Light Screen
|upkeep
|turn|9
|
|t:|1757696628
|move|p1a: Sinistcha|Rage Powder|p1a: Sinistcha
|-singleturn|p1a: Sinistcha|move: Rage Powder
|move|p2a: Garchomp|Stomping Tantrum|p1a: Sinistcha
|-damage|p1a: Sinistcha|0 fnt
|faint|p1a: Sinistcha
|move|p1b: Archaludon|Body Press|p2a: Garchomp
|-damage|p2a: Garchomp|0 fnt
|faint|p2a: Garchomp
|
|win|Fifth Ideal
