|j|☆Loris41086
|j|☆spellbreakvgc
|html|Loris41086spellbreakvgc    
|uhtml|bestof|Game 1 of a best-of-3
|t:|1756722383
|gametype|doubles
|player|p1|Loris41086|101|1105
|player|p2|spellbreakvgc|lance|1200
|gen|9
|tier|[Gen 9] VGC 2025 Reg H (Bo3)
|rated|
|rule|Species Clause: Limit one of each Pokémon
|rule|Item Clause: Limit 1 of each item
|clearpoke
|poke|p1|Charizard, L50, F|
|poke|p1|Torkoal, L50, M|
|poke|p1|Porygon2, L50|
|poke|p1|Incineroar, L50, F|
|poke|p1|Jumpluff, L50, F|
|poke|p1|Ursaluna, L50, M|
|poke|p2|Whimsicott, L50, M|
|poke|p2|Gholdengo, L50|
|poke|p2|Pelipper, L50, F|
|poke|p2|Archaludon, L50, F|
|poke|p2|Basculegion, L50, M|
|poke|p2|Dragonite, L50, M|
|teampreview|4
|showteam|p1|Charizard||ChoiceSpecs|SolarPower|HeatWave,Overheat,WeatherBall,AirSlash|||F|||50|,,,,,Ghost]Torkoal||EjectPack|Drought|Eruption,Overheat,HelpingHand,Protect|||M|||50|,,,,,Fire]Porygon2||Eviolite|Download|IceBeam,TeraBlast,TrickRoom,Recover||||||50|,,,,,Fighting]Incineroar||SitrusBerry|Intimidate|FlareBlitz,KnockOff,FakeOut,PartingShot|||F|||50|,,,,,Ghost]Jumpluff||CovertCloak|Chlorophyll|SleepPowder,SunnyDay,RagePowder,Tailwind|||F|||50|,,,,,Water]Ursaluna||FlameOrb|Guts|HeadlongRush,Facade,Earthquake,Protect|||M|||50|,,,,,Ghost
|showteam|p2|Whimsicott||CovertCloak|Prankster|Moonblast,Taunt,FakeTears,Tailwind|||M|||50|,,,,,Steel]Gholdengo||SitrusBerry|GoodasGold|MakeItRain,ShadowBall,NastyPlot,Protect||||||50|,,,,,Water]Pelipper||FocusSash|Drizzle|WeatherBall,Hurricane,MuddyWater,WideGuard|||F|||50|,,,,,Ground]Archaludon||AssaultVest|Stamina|ElectroShot,DracoMeteor,FlashCannon,Snarl|||F|||50|,,,,,Grass]Basculegion||LifeOrb|Adaptability|WaveCrash,LastRespects,AquaJet,Protect|||M|||50|,,,,,Ghost]Dragonite||LoadedDice|Multiscale|ScaleShot,Haze,Encore,Protect|||M|||50|,,,,,Steel
|inactive|Battle timer is ON: inactive players will automatically lose when time's up. (requested by spellbreakvgc)
|inactive|Loris41086 has 60 seconds left.
|inactive|spellbreakvgc has 60 seconds left.
|
|t:|1756722438
|teamsize|p1|4
|teamsize|p2|4
|start
|switch|p1a: Jumpluff|Jumpluff, L50, F|100/100
|switch|p1b: Porygon2|Porygon2, L50|100/100
|switch|p2a: Dragonite|Dragonite, L50, M|100/100
|switch|p2b: Gholdengo|Gholdengo, L50|100/100
|-ability|p1b: Porygon2|Download|boost
|-boost|p1b: Porygon2|spa|1
|turn|1
|inactive|Loris41086 has 30 seconds left.
|
|t:|1756722465
|switch|p1a: Ursaluna|Ursaluna, L50, M|100/100
|move|p2a: Dragonite|Scale Shot|p1a: Ursaluna
|-damage|p1a: Ursaluna|92/100
|-damage|p1a: Ursaluna|84/100
|-damage|p1a: Ursaluna|75/100
|-damage|p1a: Ursaluna|66/100
|-hitcount|p1a: Ursaluna|4
|-unboost|p2a: Dragonite|def|1
|-boost|p2a: Dragonite|spe|1
|move|p2b: Gholdengo|Nasty Plot|p2b: Gholdengo
|-boost|p2b: Gholdengo|spa|2
|move|p1b: Porygon2|Ice Beam|p2a: Dragonite
|-supereffective|p2a: Dragonite
|-damage|p2a: Dragonite|28/100
|
|-status|p1a: Ursaluna|brn|[from] item: Flame Orb
|upkeep
|turn|2
|inactive|Loris41086 has 30 seconds left.
|inactive|spellbreakvgc has 30 seconds left.
|inactive|spellbreakvgc has 20 seconds left.
|
|t:|1756722502
|-terastallize|p2b: Gholdengo|Water
|-terastallize|p1b: Porygon2|Fighting
|move|p1a: Ursaluna|Protect|p1a: Ursaluna
|-singleturn|p1a: Ursaluna|Protect
|move|p2a: Dragonite|Scale Shot|p1b: Porygon2
|-damage|p1b: Porygon2|92/100
|-damage|p1b: Porygon2|84/100
|-damage|p1b: Porygon2|77/100
|-damage|p1b: Porygon2|69/100
|-hitcount|p1b: Porygon2|4
|-unboost|p2a: Dragonite|def|1
|-boost|p2a: Dragonite|spe|1
|move|p2b: Gholdengo|Make It Rain|p1b: Porygon2|[spread] p1b
|-activate|p1a: Ursaluna|move: Protect
|-damage|p1b: Porygon2|8/100
|-unboost|p2b: Gholdengo|spa|1
|move|p1b: Porygon2|Trick Room|p1b: Porygon2
|-fieldstart|move: Trick Room|[of] p1b: Porygon2
|
|-damage|p1a: Ursaluna|60/100 brn|[from] brn
|upkeep
|turn|3
|inactive|Loris41086 has 30 seconds left.
|inactive|spellbreakvgc has 30 seconds left.
|inactive|Loris41086 has 20 seconds left.
|inactive|spellbreakvgc has 20 seconds left.
|inactive|spellbreakvgc has 15 seconds left.
|inactive|spellbreakvgc has 10 seconds left.
|
|t:|1756722553
|switch|p2a: Archaludon|Archaludon, L50, F|100/100
|move|p2b: Gholdengo|Protect|p2b: Gholdengo
|-singleturn|p2b: Gholdengo|Protect
|move|p1b: Porygon2|Ice Beam|p2a: Archaludon
|-damage|p2a: Archaludon|75/100
|-ability|p2a: Archaludon|Stamina|boost
|-boost|p2a: Archaludon|def|1
|move|p1a: Ursaluna|Facade|p2b: Gholdengo
|-activate|p2b: Gholdengo|move: Protect
|
|-damage|p1a: Ursaluna|54/100 brn|[from] brn
|upkeep
|turn|4
|
|t:|1756722571
|switch|p1b: Jumpluff|Jumpluff, L50, F|100/100
|switch|p2a: Pelipper|Pelipper, L50, F|100/100
|-weather|RainDance|[from] ability: Drizzle|[of] p2a: Pelipper
|move|p1a: Ursaluna|Earthquake|p2a: Pelipper|[spread] p2b
|-immune|p1b: Jumpluff
|-immune|p2a: Pelipper
|-damage|p2b: Gholdengo|31/100
|-enditem|p2b: Gholdengo|Sitrus Berry|[eat]
|-heal|p2b: Gholdengo|56/100|[from] item: Sitrus Berry
|move|p2b: Gholdengo|Make It Rain|p1b: Jumpluff|[spread] p1a,p1b
|-damage|p1a: Ursaluna|0 fnt
|-damage|p1b: Jumpluff|11/100
|-unboost|p2b: Gholdengo|spa|1
|faint|p1a: Ursaluna
|
|-weather|RainDance|[upkeep]
|upkeep
|
|t:|1756722595
|switch|p1a: Porygon2|Porygon2, L50, tera:Fighting|8/100
|-ability|p1a: Porygon2|Download|boost
|-boost|p1a: Porygon2|spa|1
|turn|5
|
|t:|1756722609
|move|p1a: Porygon2|Recover|p1a: Porygon2
|-heal|p1a: Porygon2|58/100
|move|p2b: Gholdengo|Shadow Ball|p1b: Jumpluff
|-damage|p1b: Jumpluff|0 fnt
|faint|p1b: Jumpluff
|move|p2a: Pelipper|Hurricane|p1a: Porygon2
|-supereffective|p1a: Porygon2
|-damage|p1a: Porygon2|4/100
|-start|p1a: Porygon2|confusion
|
|-weather|RainDance|[upkeep]
|upkeep
|-message|Loris41086 forfeited.
|
|win|spellbreakvgc
|l|☆Loris41086
|player|p1|
||Loris41086 is ready for game 2.
||spellbreakvgc is ready for game 2.
|uhtml|next|Next: Game 2 of 3
