|j|☆AceSama(YT)
|j|☆Il Mule
|html|AceSama(YT)Il Mule    
|uhtml|bestof|Game 3 of a best-of-3
|t:|1784641106
|gametype|doubles
|player|p1|AceSama(YT)|102|1388
|player|p2|Il Mule|salvatore|1473
|gen|9
|tier|[Gen 9 Champions] VGC 2026 Reg M-B (Bo3)
|rated|
|rule|Species Clause: Limit one of each Pokémon
|rule|Item Clause: Limit 1 of each item
|clearpoke
|poke|p1|Delphox, L50, F|
|poke|p1|Sneasler, L50, F|
|poke|p1|Whimsicott, L50, M|
|poke|p1|Meowscarada, L50, F|
|poke|p1|Milotic, L50, M|
|poke|p1|Farigiraf, L50, F|
|poke|p2|Excadrill, L50, M|
|poke|p2|Tyranitar, L50, F|
|poke|p2|Sneasler, L50, F|
|poke|p2|Incineroar, L50, F|
|poke|p2|Froslass, L50, F|
|poke|p2|Sinistcha, L50|
|teampreview|4
|showteam|p1|Delphox||Delphoxite|Blaze|HeatWave,Psychic,GrassKnot,Protect|Timid||F|||50|]Sneasler||WhiteHerb|Unburden|DireClaw,CloseCombat,RockSlide,FakeOut|Jolly||F|||50|]Whimsicott||FocusSash|Prankster|SunnyDay,Tailwind,Encore,Moonblast|Timid||M|||50|]Meowscarada||ChoiceScarf|Protean|FlowerTrick,TripleAxel,KnockOff,LowKick|Jolly||F|||50|]Milotic||Leftovers|Competitive|Scald,LifeDew,Protect,IcyWind|Bold||M|||50|]Farigiraf||ColburBerry|ArmorTail|Psychic,Imprison,TrickRoom,HelpingHand|Bold||F|||50|
|showteam|p2|Excadrill||FocusSash|SandRush|HighHorsepower,RockSlide,IronHead,Protect|Adamant||M|||50|]Tyranitar||Tyranitarite|SandStream|KnockOff,RockSlide,DragonDance,Protect|Adamant||F|||50|]Sneasler||WhiteHerb|Unburden|CloseCombat,DireClaw,Coaching,FakeOut|Jolly||F|||50|]Incineroar||SitrusBerry|Intimidate|FlareBlitz,HelpingHand,PartingShot,FakeOut|Impish||F|||50|]Froslass||Froslassite|CursedBody|Blizzard,ShadowBall,NastyPlot,Protect|Timid||F|||50|]Sinistcha||ColburBerry|Hospitality|ShadowBall,LeafStorm,RagePowder,Protect|Bold|||||50|
|j| chef orte
|j| Tridello
|j| il brule
|c| Tridello|william the phone
|c|☆Il Mule|me soooo mbriacato
|c| chef orte|edgar allan phone
|inactive|Battle timer is ON: inactive players will automatically lose when time's up. (requested by Il Mule)
|
|t:|1784641133
|teamsize|p1|4
|teamsize|p2|4
|start
|switch|p1a: Whimsicott|Whimsicott, L50, M|100/100
|switch|p1b: Sneasler|Sneasler, L50, F|100/100
|switch|p2a: Gervasoni|Excadrill, L50, M|100/100
|switch|p2b: Quando provo|Tyranitar, L50, F|100/100
|-weather|Sandstorm|[from] ability: Sand Stream|[of] p2b: Quando provo
|turn|1
|inactive|AceSama(YT) has 30 seconds left.
|
|t:|1784641159
|switch|p2b: Sidy|Incineroar, L50, F|100/100
|-ability|p2b: Sidy|Intimidate|boost
|-unboost|p1a: Whimsicott|atk|1
|-unboost|p1b: Sneasler|atk|1
|-enditem|p1b: Sneasler|White Herb
|-clearnegativeboost|p1b: Sneasler|[silent]
|move|p2a: Gervasoni|Protect|p2a: Gervasoni
|-singleturn|p2a: Gervasoni|Protect
|move|p1b: Sneasler|Fake Out|p2a: Gervasoni
|-activate|p2a: Gervasoni|move: Protect
|move|p1a: Whimsicott|Sunny Day|p1a: Whimsicott
|-weather|SunnyDay
|
|-weather|SunnyDay|[upkeep]
|upkeep
|turn|2
|
|t:|1784641179
|switch|p2a: Quando provo|Tyranitar, L50, F|100/100
|-weather|Sandstorm|[from] ability: Sand Stream|[of] p2a: Quando provo
|move|p2b: Sidy|Fake Out|p1b: Sneasler
|-damage|p1b: Sneasler|81/100
|move|p1a: Whimsicott|Encore|p2a: Quando provo
|-hint|Since gen 7, Dark is immune to Prankster moves.
|-immune|p2a: Quando provo
|cant|p1b: Sneasler|flinch
|
|-weather|Sandstorm|[upkeep]
|-damage|p1b: Sneasler|75/100|[from] Sandstorm
|-damage|p1a: Whimsicott|94/100|[from] Sandstorm
|-damage|p2b: Sidy|94/100|[from] Sandstorm
|upkeep
|turn|3
|inactive|AceSama(YT) has 30 seconds left.
|
|t:|1784641205
|switch|p2a: Las brulè|Sinistcha, L50|100/100
|-heal|p2b: Sidy|100/100|[from] ability: Hospitality|[of] p2a: Las brulè
|move|p1b: Sneasler|Dire Claw|p2b: Sidy
|-damage|p2b: Sidy|67/100
|-status|p2b: Sidy|slp
|move|p1a: Whimsicott|Moonblast|p2b: Sidy
|-damage|p2b: Sidy|34/100 slp
|-enditem|p2b: Sidy|Sitrus Berry|[eat]
|-heal|p2b: Sidy|59/100 slp|[from] item: Sitrus Berry
|cant|p2b: Sidy|slp
|
|-weather|Sandstorm|[upkeep]
|-damage|p1b: Sneasler|70/100|[from] Sandstorm
|-damage|p1a: Whimsicott|88/100|[from] Sandstorm
|-damage|p2a: Las brulè|93/100|[from] Sandstorm
|-damage|p2b: Sidy|53/100 slp|[from] Sandstorm
|upkeep
|turn|4
|c|☆Il Mule|dclaw a uomare a sculare
|c| chef orte|pesca
|c|☆Il Mule|Mai visto questo callo
|c|☆Il Mule|e vabbè gg
|inactive|Il Mule has 30 seconds left.
|
|t:|1784641232
|switch|p1b: Delphox|Delphox, L50, F|100/100
|move|p1a: Whimsicott|Sunny Day|p1a: Whimsicott
|-weather|SunnyDay
|move|p2a: Las brulè|Shadow Ball|p1b: Delphox
|-supereffective|p1b: Delphox|1
|-damage|p1b: Delphox|27/100
|cant|p2b: Sidy|slp
|
|-weather|SunnyDay|[upkeep]
|upkeep
|turn|5
|c| il brule|salire in cattedra dai
|c|☆Il Mule|e due turni
|c|☆Il Mule|altrimenti la volpe era morta
|inactive|Il Mule has 30 seconds left.
|
|t:|1784641258
|detailschange|p1b: Delphox|Delphox-Mega, L50, F
|-mega|p1b: Delphox|Delphox|Delphoxite
|move|p2a: Las brulè|Protect|p2a: Las brulè
|-singleturn|p2a: Las brulè|Protect
|move|p1b: Delphox|Heat Wave|p2a: Las brulè|[spread] p2b
|-activate|p2a: Las brulè|move: Protect
|-resisted|p2b: Sidy|1
|-damage|p2b: Sidy|22/100 slp
|move|p1a: Whimsicott|Moonblast|p2b: Sidy
|-damage|p2b: Sidy|0 fnt
|faint|p2b: Sidy
|
|-weather|SunnyDay|[upkeep]
|upkeep
|c|☆Il Mule|dove devo salire
|c|☆Il Mule|a persopoli
|c|☆Il Mule|a persepoli
|
|t:|1784641278
|switch|p2b: Quando provo|Tyranitar, L50, F|100/100
|-weather|Sandstorm|[from] ability: Sand Stream|[of] p2b: Quando provo
|turn|6
|
|t:|1784641291
|switch|p2a: Gervasoni|Excadrill, L50, M|100/100
|detailschange|p2b: Quando provo|Tyranitar-Mega, L50, F
|-mega|p2b: Quando provo|Tyranitar|Tyranitarite
|move|p1b: Delphox|Protect|p1b: Delphox
|-singleturn|p1b: Delphox|Protect
|move|p1a: Whimsicott|Sunny Day|p1a: Whimsicott
|-weather|SunnyDay
|move|p2b: Quando provo|Rock Slide|p1a: Whimsicott|[spread] p1a
|-activate|p1b: Delphox|move: Protect
|-damage|p1a: Whimsicott|37/100
|
|-weather|SunnyDay|[upkeep]
|upkeep
|turn|7
|
|t:|1784641315
|move|p2a: Gervasoni|Protect|p2a: Gervasoni
|-singleturn|p2a: Gervasoni|Protect
|move|p1b: Delphox|Grass Knot|p2b: Quando provo
|-supereffective|p2b: Quando provo|1
|-damage|p2b: Quando provo|29/100
|move|p1a: Whimsicott|Moonblast|p2b: Quando provo
|-supereffective|p2b: Quando provo|1
|-damage|p2b: Quando provo|0 fnt
|faint|p2b: Quando provo
|
|-weather|SunnyDay|[upkeep]
|upkeep
|c|☆Il Mule|ma SE L'è cheattato
|c|☆Il Mule|non è possibile
|c| chef orte|me la sentivo questa mossa
|c| il brule|e non ci sali su sta cattedra però
|c|☆Il Mule|ma dove l'ha tirato fuori
|c| chef orte|ma quando impari a leggere diocane
|c|☆Il Mule|DA DOVE CAZZO l'ha tirato fuori
|inactive|Il Mule has 30 seconds left.
|c|☆Il Mule|DA DOVE CAZZO L'ha tirato fuori
|
|t:|1784641344
|switch|p2b: Las brulè|Sinistcha, L50|93/100
|turn|8
|c|☆Il Mule|vabbè era persa anche con mosse normali
|c|☆Il Mule|però non mi sembra onesto barare
|c|☆Il Mule|segnalerò
|inactive|Il Mule has 30 seconds left.
|c| chef orte|magari detergendo il tiranno no
|
|t:|1784641370
|move|p2b: Las brulè|Protect|p2b: Las brulè
|-singleturn|p2b: Las brulè|Protect
|move|p1a: Whimsicott|Encore|p2a: Gervasoni
|-start|p2a: Gervasoni|Encore
|move|p2a: Gervasoni|Protect|p2a: Gervasoni
|-singleturn|p2a: Gervasoni|Protect
|move|p1b: Delphox|Heat Wave|p2b: Las brulè|[spread] 
|-activate|p2a: Gervasoni|move: Protect
|-activate|p2b: Las brulè|move: Protect
|
|-weather|SunnyDay|[upkeep]
|upkeep
|turn|9
|c| chef orte|però
|
|t:|1784641380
|move|p2a: Gervasoni|Protect||[still]
|-fail|p2a: Gervasoni
|move|p2b: Las brulè|Protect|p2b: Las brulè
|-singleturn|p2b: Las brulè|Protect
|move|p1a: Whimsicott|Encore|p2b: Las brulè
|-activate|p2b: Las brulè|move: Protect
|move|p1b: Delphox|Heat Wave|p2a: Gervasoni|[spread] p2a
|-activate|p2b: Las brulè|move: Protect
|-supereffective|p2a: Gervasoni|1
|-enditem|p2a: Gervasoni|Focus Sash
|-damage|p2a: Gervasoni|1/100
|
|-weather|SunnyDay|[upkeep]
|upkeep
|turn|10
|-message|Il Mule forfeited.
|
|win|AceSama(YT)
|raw|AceSama(YT)'s rating: 1388 → 1413(+25 for winning)
|raw|Il Mule's rating: 1473 → 1448(-25 for losing)
|l|☆Il Mule
|player|p2|
|l| chef orte
|c|☆AceSama(YT)|gg\
|j| rovesciaporci
|l| il brule
|l| rovesciaporci
|l| Tridello
