|j|☆nillythekid
|j|☆talos2b a.g.
|html|nillythekidtalos2b a.g.    
|uhtml|bestof|Game 1 of a best-of-3
|t:|1786024697
|gametype|doubles
|player|p1|nillythekid|hiker-gen4|1172
|player|p2|talos2b a.g.|miku-water|1126
|gen|9
|tier|[Gen 9 Champions] VGC 2026 Reg M-B (Bo3)
|rated|
|rule|Species Clause: Limit one of each Pokémon
|rule|Item Clause: Limit 1 of each item
|clearpoke
|poke|p1|Whimsicott, L50, M|
|poke|p1|Garchomp, L50, F|
|poke|p1|Basculegion, L50, M|
|poke|p1|Kingambit, L50, F|
|poke|p1|Floette-Eternal, L50, F|
|poke|p1|Charizard, L50, M|
|poke|p2|Gengar, L50, M|
|poke|p2|Archaludon, L50, F|
|poke|p2|Politoed, L50, M|
|poke|p2|Swampert, L50, F|
|poke|p2|Vivillon-Fancy, L50, F|
|poke|p2|Incineroar, L50, M|
|teampreview|4
|showteam|p1|Whimsicott||FocusSash|Prankster|Moonblast,Tailwind,Encore,Protect|Timid||M|||50|]Garchomp||SitrusBerry|RoughSkin|DragonClaw,StompingTantrum,RockSlide,Protect|Adamant||F|||50|]Basculegion||LifeOrb|Adaptability|WaveCrash,LastRespects,AquaJet,Protect|Adamant||M|||50|]Kingambit||ChopleBerry|Defiant|KowtowCleave,IronHead,LowKick,SuckerPunch|Adamant||F|||50|]Floette-Eternal||Floettite|FlowerVeil|Moonblast,DazzlingGleam,LightofRuin,Protect|Timid||F|||50|]Charizard||CharizarditeY|Blaze|HeatWave,SolarBeam,WeatherBall,Protect|Bold||M|||50|
|showteam|p2|Gengar||Gengarite|CursedBody|ShadowBall,SludgeBomb,PerishSong,Protect|Modest||M|||50|]Archaludon||Leftovers|Stamina|ElectroShot,DragonPulse,FlashCannon,Protect|Bold||F|||50|]Politoed||SitrusBerry|Drizzle|WeatherBall,Encore,PerishSong,Protect|Calm||M|||50|]Swampert||Swampertite|Torrent|WaveCrash,Earthquake,IcePunch,Protect|Adamant||F|||50|]Vivillon-Fancy||FocusSash|CompoundEyes|Hurricane,SleepPowder,RagePowder,Protect|Timid||F|||50|]Incineroar||PasshoBerry|Intimidate|ThroatChop,FakeOut,PartingShot,Protect|Impish||M|||50|
|inactive|Battle timer is ON: inactive players will automatically lose when time's up. (requested by talos2b a.g.)
|
|t:|1786024742
|teamsize|p1|4
|teamsize|p2|4
|start
|switch|p1a: Basculegion|Basculegion, L50, M|100/100
|switch|p1b: Kingambit|Kingambit, L50, F|100/100
|switch|p2a: Megatron|Gengar, L50, M|100/100
|switch|p2b: The Villain|Vivillon-Fancy, L50, F|100/100
|turn|1
|
|t:|1786024755
|switch|p1b: Whimsicott|Whimsicott, L50, M|100/100
|detailschange|p2a: Megatron|Gengar-Mega, L50, M
|-mega|p2a: Megatron|Gengar|Gengarite
|move|p1a: Basculegion|Protect|p1a: Basculegion
|-singleturn|p1a: Basculegion|Protect
|move|p2a: Megatron|Shadow Ball|p1a: Basculegion
|-activate|p1a: Basculegion|move: Protect
|move|p2b: The Villain|Sleep Powder|p1b: Whimsicott
|-immune|p1b: Whimsicott
|
|upkeep
|turn|2
|inactive|nillythekid has 30 seconds left.
|
|t:|1786024781
|move|p1b: Whimsicott|Tailwind|p1b: Whimsicott
|-sidestart|p1: nillythekid|move: Tailwind
|move|p1a: Basculegion|Wave Crash|p2b: The Villain
|-enditem|p2b: The Villain|Focus Sash
|-damage|p2b: The Villain|1/100
|-damage|p1a: Basculegion|74/100|[from] Recoil
|-damage|p1a: Basculegion|64/100|[from] item: Life Orb
|move|p2a: Megatron|Sludge Bomb|p1b: Whimsicott
|-supereffective|p1b: Whimsicott|2
|-enditem|p1b: Whimsicott|Focus Sash
|-damage|p1b: Whimsicott|1/100
|move|p2b: The Villain|Hurricane|p1b: Whimsicott
|-supereffective|p1b: Whimsicott|1
|-damage|p1b: Whimsicott|0 fnt
|faint|p1b: Whimsicott
|
|upkeep
|
|t:|1786024799
|switch|p1b: Charizard|Charizard, L50, M|100/100
|turn|3
|
|t:|1786024808
|detailschange|p1b: Charizard|Charizard-Mega-Y, L50, M
|-mega|p1b: Charizard|Charizard|Charizardite Y
|-weather|SunnyDay|[from] ability: Drought|[of] p1b: Charizard
|move|p2a: Megatron|Protect|p2a: Megatron
|-singleturn|p2a: Megatron|Protect
|move|p2b: The Villain|Protect|p2b: The Villain
|-singleturn|p2b: The Villain|Protect
|move|p1b: Charizard|Heat Wave|p2b: The Villain|[spread] 
|-activate|p2a: Megatron|move: Protect
|-activate|p2b: The Villain|move: Protect
|move|p1a: Basculegion|Last Respects|p2a: Megatron
|-activate|p2a: Megatron|move: Protect
|
|-weather|SunnyDay|[upkeep]
|upkeep
|turn|4
|
|t:|1786024829
|switch|p2b: Kermit|Politoed, L50, M|100/100
|-weather|RainDance|[from] ability: Drizzle|[of] p2b: Kermit
|move|p1b: Charizard|Protect|p1b: Charizard
|-singleturn|p1b: Charizard|Protect
|move|p1a: Basculegion|Last Respects|p2a: Megatron
|-supereffective|p2a: Megatron|1
|-damage|p2a: Megatron|0 fnt
|faint|p2a: Megatron
|-damage|p1a: Basculegion|55/100|[from] item: Life Orb
|
|-weather|RainDance|[upkeep]
|upkeep
|
|t:|1786024839
|switch|p2a: Bridget|Archaludon, L50, F|100/100
|turn|5
|
|t:|1786024850
|switch|p1b: Kingambit|Kingambit, L50, F|100/100
|move|p1a: Basculegion|Last Respects|p2a: Bridget
|-damage|p2a: Bridget|42/100
|-ability|p2a: Bridget|Stamina|boost
|-boost|p2a: Bridget|def|1
|-damage|p1a: Basculegion|45/100|[from] item: Life Orb
|move|p2a: Bridget|Electro Shot||[still]
|-prepare|p2a: Bridget|Electro Shot
|-boost|p2a: Bridget|spa|1
|-anim|p2a: Bridget|Electro Shot|p1a: Basculegion
|-supereffective|p1a: Basculegion|1
|-damage|p1a: Basculegion|0 fnt
|faint|p1a: Basculegion
|move|p2b: Kermit|Perish Song|p2b: Kermit
|-start|p1b: Kingambit|perish3|[silent]
|-start|p2a: Bridget|perish3|[silent]
|-start|p2b: Kermit|perish3|[silent]
|-fieldactivate|move: Perish Song
|
|-weather|RainDance|[upkeep]
|-heal|p2a: Bridget|48/100|[from] item: Leftovers
|-start|p1b: Kingambit|perish3
|-start|p2a: Bridget|perish3
|-start|p2b: Kermit|perish3
|-sideend|p1: nillythekid|move: Tailwind
|upkeep
|
|t:|1786024864
|switch|p1a: Charizard|Charizard-Mega-Y, L50, M|100/100
|-weather|SunnyDay|[from] ability: Drought|[of] p1a: Charizard
|turn|6
|inactive|talos2b a.g. has 30 seconds left.
|
|t:|1786024889
|switch|p2b: The Villain|Vivillon-Fancy, L50, F|1/100
|move|p2a: Bridget|Protect|p2a: Bridget
|-singleturn|p2a: Bridget|Protect
|move|p1a: Charizard|Weather Ball|p2a: Bridget
|-activate|p2a: Bridget|move: Protect
|move|p1b: Kingambit|Kowtow Cleave|p2b: The Villain
|-damage|p2b: The Villain|0 fnt
|faint|p2b: The Villain
|
|-weather|SunnyDay|[upkeep]
|-heal|p2a: Bridget|54/100|[from] item: Leftovers
|-start|p2a: Bridget|perish2
|-start|p1b: Kingambit|perish2
|upkeep
|
|t:|1786024899
|switch|p2b: Kermit|Politoed, L50, M|100/100
|-weather|RainDance|[from] ability: Drizzle|[of] p2b: Kermit
|turn|7
|
|t:|1786024906
|move|p1a: Charizard|Weather Ball|p2b: Kermit
|-resisted|p2b: Kermit|1
|-damage|p2b: Kermit|79/100
|move|p2a: Bridget|Electro Shot||[still]
|-prepare|p2a: Bridget|Electro Shot
|-boost|p2a: Bridget|spa|1
|-anim|p2a: Bridget|Electro Shot|p1b: Kingambit
|-damage|p1b: Kingambit|41/100
|move|p2b: Kermit|Weather Ball|p1a: Charizard
|-supereffective|p1a: Charizard|1
|-damage|p1a: Charizard|7/100
|move|p1b: Kingambit|Low Kick|p2a: Bridget
|-supereffective|p2a: Bridget|1
|-damage|p2a: Bridget|28/100
|-ability|p2a: Bridget|Stamina|boost
|-boost|p2a: Bridget|def|1
|
|-weather|RainDance|[upkeep]
|-heal|p2a: Bridget|35/100|[from] item: Leftovers
|-start|p2a: Bridget|perish1
|-start|p1b: Kingambit|perish1
|upkeep
|turn|8
|
|t:|1786024926
|move|p1a: Charizard|Protect|p1a: Charizard
|-singleturn|p1a: Charizard|Protect
|move|p2b: Kermit|Protect|p2b: Kermit
|-singleturn|p2b: Kermit|Protect
|move|p1b: Kingambit|Sucker Punch||[still]
|-fail|p1b: Kingambit
|move|p2a: Bridget|Electro Shot||[still]
|-prepare|p2a: Bridget|Electro Shot
|-boost|p2a: Bridget|spa|1
|-anim|p2a: Bridget|Electro Shot|p1a: Charizard
|-activate|p1a: Charizard|move: Protect
|
|-weather|RainDance|[upkeep]
|-heal|p2a: Bridget|41/100|[from] item: Leftovers
|-start|p2a: Bridget|perish0
|-start|p1b: Kingambit|perish0
|faint|p2a: Bridget
|faint|p1b: Kingambit
|upkeep
|turn|9
|
|t:|1786024934
|move|p1a: Charizard|Weather Ball|p2b: Kermit
|-resisted|p2b: Kermit|1
|-damage|p2b: Kermit|59/100
|move|p2b: Kermit|Weather Ball|p1a: Charizard
|-supereffective|p1a: Charizard|1
|-damage|p1a: Charizard|0 fnt
|faint|p1a: Charizard
|
|win|talos2b a.g.
||nillythekid is ready for game 2.
|c|☆talos2b a.g.|the toad!
||talos2b a.g. is ready for game 2.
|uhtml|next|Next: Game 2 of 3
|l|☆nillythekid
|player|p1|
