|j|☆Silverized
|j|☆eevee1ynn
|html|Silverizedeevee1ynn    
|uhtml|bestof|Game 1 of a best-of-3
|t:|1783904256
|gametype|doubles
|player|p1|Silverized|paxton|
|player|p2|eevee1ynn|serena-masters3|
|gen|9
|tier|[Gen 9 Champions] VGC 2026 Reg M-B (Bo3)
|rule|Species Clause: Limit one of each Pokémon
|rule|Item Clause: Limit 1 of each item
|clearpoke
|poke|p1|Raichu, L50, F|
|poke|p1|Grimmsnarl, L50, M|
|poke|p1|Pelipper, L50, M, shiny|
|poke|p1|Archaludon, L50, M|
|poke|p1|Gholdengo, L50|
|poke|p1|Maushold, L50|
|poke|p2|Kangaskhan, L50, F|
|poke|p2|Ceruledge, L50, M|
|poke|p2|Ninetales-Alola, L50, F|
|poke|p2|Sinistcha, L50|
|poke|p2|Dragonite, L50, M|
|poke|p2|Raichu, L50, F|
|teampreview|4
|showteam|p1|Raichu||RaichuniteX|LightningRod|FakeOut,RisingVoltage,Nuzzle,Protect|Timid||F|||50|]Grimmsnarl||LightClay|Prankster|SpiritBreak,LightScreen,Reflect,PartingShot|Careful||M|||50|]Pelipper||SitrusBerry|Drizzle|WeatherBall,Hurricane,Protect,WideGuard|Bold||M|||50|]Archaludon||Leftovers|Stamina|ElectroShot,DragonPulse,FlashCannon,Protect|Modest||M|||50|]Gholdengo||LifeOrb|GoodasGold|MakeItRain,ShadowBall,NastyPlot,Protect|Modest|||||50|]Maushold||WideLens|Technician|PopulationBomb,Feint,FollowMe,Protect|Jolly|||||50|
|showteam|p2|Kangaskhan||Kangaskhanite|Scrappy|DoubleEdge,DrainPunch,SuckerPunch,FakeOut|Adamant||F|||50|]Ceruledge||ColburBerry|FlashFire|Protect,BitterBlade,ShadowSneak,BulkUp|Adamant||M|||50|]Ninetales-Alola||NeverMeltIce|SnowWarning|Protect,FreezeDry,IcyWind,Encore|Timid||F|||50|]Sinistcha||FocusSash|Hospitality|Protect,MatchaGotcha,Hex,RagePowder|Modest|||||50|]Dragonite||LifeOrb|InnerFocus|Protect,DragonClaw,RockSlide,ExtremeSpeed|Adamant||M|||50|]Raichu||RaichuniteY|LightningRod|Protect,ZapCannon,FocusBlast,FakeOut|Timid||F|||50|
|c|☆eevee1ynn|glhf
|j| Autin Mago
|j| TemporalDonut
|j| Bbob415
|j| X2Muz
|
|t:|1783904351
|teamsize|p1|4
|teamsize|p2|4
|start
|switch|p1a: Raichu|Raichu, L50, F|100/100
|switch|p1b: Maushold|Maushold, L50|100/100
|switch|p2a: Ceruledge|Ceruledge, L50, M|100/100
|switch|p2b: Raichu|Raichu, L50, F|100/100
|turn|1
|inactive|Battle timer is ON: inactive players will automatically lose when time's up. (requested by Silverized)
|j| monsieur tongue
|l| X2Muz
|
|t:|1783904376
|move|p2b: Raichu|Fake Out|p1b: Maushold
|-damage|p1b: Maushold|89/100
|cant|p1b: Maushold|flinch
|move|p1a: Raichu|Nuzzle|p2b: Raichu
|-activate|p2b: Raichu|ability: Lightning Rod
|-ability|p2b: Raichu|Lightning Rod|boost
|-boost|p2b: Raichu|spa|1
|move|p2a: Ceruledge|Bulk Up|p2a: Ceruledge
|-boost|p2a: Ceruledge|atk|1
|-boost|p2a: Ceruledge|def|1
|
|upkeep
|turn|2
|j| ZardiCharVGC
|c| ZardiCharVGC|gl!
|inactive|Silverized has 30 seconds left.
|
|t:|1783904402
|switch|p1a: Grimmsnarl|Grimmsnarl, L50, M|100/100
|move|p1b: Maushold|Population Bomb|p2a: Ceruledge
|-immune|p2a: Ceruledge
|move|p2b: Raichu|Focus Blast|p1b: Maushold|[miss]
|-miss|p2b: Raichu|p1b: Maushold
|move|p2a: Ceruledge|Bitter Blade|p1a: Grimmsnarl
|-damage|p1a: Grimmsnarl|26/100
|
|upkeep
|turn|3
|l| monsieur tongue
|j| VioletVeiledQueen
|inactive|eevee1ynn has 30 seconds left.
|
|t:|1783904430
|switch|p2b: Sinistcha|Sinistcha, L50|100/100
|move|p1b: Maushold|Population Bomb|p2b: Sinistcha
|-immune|p2b: Sinistcha
|move|p2a: Ceruledge|Bulk Up|p2a: Ceruledge
|-boost|p2a: Ceruledge|atk|1
|-boost|p2a: Ceruledge|def|1
|move|p1a: Grimmsnarl|Spirit Break|p2a: Ceruledge
|-resisted|p2a: Ceruledge|1
|-damage|p2a: Ceruledge|93/100
|-unboost|p2a: Ceruledge|spa|1
|
|upkeep
|turn|4
|
|t:|1783904455
|move|p1b: Maushold|Follow Me|p1b: Maushold
|-singleturn|p1b: Maushold|move: Follow Me
|move|p1a: Grimmsnarl|Parting Shot|p2b: Sinistcha
|-unboost|p2b: Sinistcha|atk|1
|-unboost|p2b: Sinistcha|spa|1
|
|t:|1783904460
|switch|p1a: Gholdengo|Gholdengo, L50|100/100|[from] Parting Shot
|move|p2b: Sinistcha|Matcha Gotcha|p1a: Gholdengo|[spread] p1b
|-miss|p2b: Sinistcha|p1a: Gholdengo
|-crit|p1b: Maushold
|-damage|p1b: Maushold|26/100
|move|p2a: Ceruledge|Bitter Blade|p1b: Maushold
|-damage|p1b: Maushold|0 fnt
|-heal|p2a: Ceruledge|100/100|[from] drain|[of] p1b: Maushold
|faint|p1b: Maushold
|
|upkeep
|
|t:|1783904473
|switch|p1b: Raichu|Raichu, L50, F|100/100
|turn|5
|
|t:|1783904491
|move|p2b: Sinistcha|Rage Powder|p2b: Sinistcha
|-singleturn|p2b: Sinistcha|move: Rage Powder
|move|p1b: Raichu|Nuzzle|p2b: Sinistcha
|-resisted|p2b: Sinistcha|1
|-damage|p2b: Sinistcha|96/100
|-status|p2b: Sinistcha|par
|move|p1a: Gholdengo|Shadow Ball|p2b: Sinistcha
|-supereffective|p2b: Sinistcha|1
|-damage|p2b: Sinistcha|0 fnt
|faint|p2b: Sinistcha
|-damage|p1a: Gholdengo|90/100|[from] item: Life Orb
|move|p2a: Ceruledge|Bitter Blade|p1a: Gholdengo
|-supereffective|p1a: Gholdengo|1
|-damage|p1a: Gholdengo|0 fnt
|faint|p1a: Gholdengo
|
|upkeep
|
|t:|1783904505
|switch|p1a: Grimmsnarl|Grimmsnarl, L50, M|26/100
|switch|p2b: Raichu|Raichu, L50, F|100/100
|turn|6
|
|t:|1783904519
|detailschange|p1b: Raichu|Raichu-Mega-X, L50, F
|-mega|p1b: Raichu|Raichu|Raichunite X
|-fieldstart|move: Electric Terrain|[from] ability: Electric Surge|[of] p1b: Raichu
|move|p1b: Raichu|Protect|p1b: Raichu
|-singleturn|p1b: Raichu|Protect
|move|p2b: Raichu|Fake Out|p1a: Grimmsnarl
|-damage|p1a: Grimmsnarl|17/100
|move|p2a: Ceruledge|Bitter Blade|p1a: Grimmsnarl
|-damage|p1a: Grimmsnarl|0 fnt
|faint|p1a: Grimmsnarl
|
|upkeep
|turn|7
|-message|Silverized forfeited.
|
|win|eevee1ynn
||eevee1ynn is ready for game 2.
