|j|☆NoiceDynamite
|j|☆rpr1020
|html|NoiceDynamiterpr1020    
|uhtml|bestof|Game 2 of a best-of-3
|t:|1757774131
|gametype|doubles
|player|p1|NoiceDynamite|cynthia|1075
|player|p2|rpr1020|265|1064
|gen|9
|tier|[Gen 9] VGC 2025 Reg H (Bo3)
|rated|
|rule|Species Clause: Limit one of each Pokémon
|rule|Item Clause: Limit 1 of each item
|clearpoke
|poke|p1|Archaludon, L50, M|
|poke|p1|Pelipper, L50, M|
|poke|p1|Sinistcha, L50|
|poke|p1|Ursaluna, L50, F|
|poke|p1|Dragonite, L50, F|
|poke|p1|Gholdengo, L50|
|poke|p2|Charizard, L50, F|
|poke|p2|Torkoal, L50, F|
|poke|p2|Porygon2, L50|
|poke|p2|Incineroar, L50, M|
|poke|p2|Jumpluff, L50, F|
|poke|p2|Ursaluna, L50, F|
|teampreview|4
|showteam|p1|Archaludon||AssaultVest|Stamina|Snarl,ElectroShot,FlashCannon,BodyPress|||M|||50|,,,,,Fighting]Pelipper||FocusSash|Drizzle|WeatherBall,MuddyWater,Tailwind,WideGuard|||M|||50|,,,,,Ghost]Sinistcha||SitrusBerry|Hospitality|MatchaGotcha,RagePowder,LifeDew,TrickRoom||||||50|,,,,,Dark]Ursaluna||FlameOrb|Guts|Facade,HeadlongRush,Earthquake,Protect|||F|||50|,,,,,Ghost]Dragonite||LoadedDice|Multiscale|Tailwind,Haze,ScaleShot,Protect|||F|||50|,,,,,Fairy]Gholdengo||ChoiceScarf|GoodasGold|MakeItRain,ShadowBall,TeraBlast,Trick||||||50|,,,,,Water
|showteam|p2|Charizard||ChoiceSpecs|SolarPower|HeatWave,Overheat,WeatherBall,AirSlash|||F|||50|,,,,,Ghost]Torkoal||EjectPack|Drought|Eruption,Overheat,HelpingHand,Protect|||F|||50|,,,,,Fire]Porygon2||Eviolite|Download|TeraBlast,IceBeam,Recover,TrickRoom||||||50|,,,,,Fighting]Incineroar||SitrusBerry|Intimidate|FlareBlitz,KnockOff,FakeOut,PartingShot|||M|||50|,,,,,Ghost]Jumpluff||CovertCloak|Chlorophyll|SleepPowder,SunnyDay,RagePowder,Tailwind|||F|||50|,,,,,Water]Ursaluna||FlameOrb|Guts|HeadlongRush,Facade,Earthquake,Protect|||F|||50|,,,,,Ghost
|
|t:|1757774168
|teamsize|p1|4
|teamsize|p2|4
|start
|switch|p1a: Dragonite|Dragonite, L50, F|100/100
|switch|p1b: Gholdengo|Gholdengo, L50|100/100
|switch|p2a: Jumpluff|Jumpluff, L50, F|100/100
|switch|p2b: Torkoal|Torkoal, L50, F|100/100
|-weather|SunnyDay|[from] ability: Drought|[of] p2b: Torkoal
|turn|1
|
|t:|1757774188
|switch|p1a: Pelipper|Pelipper, L50, M|100/100
|-weather|RainDance|[from] ability: Drizzle|[of] p1a: Pelipper
|-terastallize|p1b: Gholdengo|Water
|move|p1b: Gholdengo|Make It Rain|p2b: Torkoal|[spread] p2a,p2b
|-resisted|p2b: Torkoal
|-damage|p2a: Jumpluff|44/100
|-damage|p2b: Torkoal|67/100
|-unboost|p1b: Gholdengo|spa|1
|move|p2a: Jumpluff|Sleep Powder|p1a: Pelipper|[miss]
|-miss|p2a: Jumpluff|p1a: Pelipper
|move|p2b: Torkoal|Overheat|p1b: Gholdengo
|-resisted|p1b: Gholdengo
|-damage|p1b: Gholdengo|86/100
|-unboost|p2b: Torkoal|spa|2
|-enditem|p2b: Torkoal|Eject Pack
|
|t:|1757774207
|switch|p2b: Ursaluna|Ursaluna, L50, F|100/100
|
|-weather|RainDance|[upkeep]
|-status|p2b: Ursaluna|brn|[from] item: Flame Orb
|upkeep
|turn|2
|
|t:|1757774233
|switch|p1b: Sinistcha|Sinistcha, L50|100/100
|switch|p2a: Torkoal|Torkoal, L50, F|67/100
|-weather|SunnyDay|[from] ability: Drought|[of] p2a: Torkoal
|move|p2b: Ursaluna|Protect|p2b: Ursaluna
|-singleturn|p2b: Ursaluna|Protect
|move|p1a: Pelipper|Tailwind|p1a: Pelipper
|-sidestart|p1: NoiceDynamite|move: Tailwind
|
|-weather|SunnyDay|[upkeep]
|-damage|p2b: Ursaluna|95/100 brn|[from] brn
|upkeep
|turn|3
|
|t:|1757774255
|switch|p2b: Porygon2|Porygon2, L50|100/100
|-ability|p2b: Porygon2|Download|boost
|-boost|p2b: Porygon2|spa|1
|move|p1a: Pelipper|Muddy Water|p2b: Porygon2|[spread] p2a,p2b
|-supereffective|p2a: Torkoal
|-damage|p2a: Torkoal|29/100
|-damage|p2b: Porygon2|91/100
|move|p1b: Sinistcha|Matcha Gotcha|p2a: Torkoal|[spread] p2a,p2b
|-resisted|p2a: Torkoal
|-damage|p2a: Torkoal|14/100
|-damage|p2b: Porygon2|76/100
|move|p2a: Torkoal|Eruption|p1a: Pelipper|[spread] p1a,p1b
|-resisted|p1a: Pelipper
|-supereffective|p1b: Sinistcha
|-damage|p1a: Pelipper|92/100
|-damage|p1b: Sinistcha|82/100
|
|-weather|SunnyDay|[upkeep]
|upkeep
|turn|4
|
|t:|1757774295
|move|p1b: Sinistcha|Rage Powder|p1b: Sinistcha
|-singleturn|p1b: Sinistcha|move: Rage Powder
|move|p1a: Pelipper|Weather Ball|p2b: Porygon2
|-damage|p2b: Porygon2|46/100
|move|p2b: Porygon2|Recover|p2b: Porygon2
|-heal|p2b: Porygon2|96/100
|move|p2a: Torkoal|Overheat|p1b: Sinistcha
|-supereffective|p1b: Sinistcha
|-damage|p1b: Sinistcha|0 fnt
|-unboost|p2a: Torkoal|spa|2
|faint|p1b: Sinistcha
|
|-weather|SunnyDay|[upkeep]
|upkeep
|
|t:|1757774309
|switch|p1b: Gholdengo|Gholdengo, L50, tera:Water|86/100
|turn|5
|
|t:|1757774332
|switch|p2b: Ursaluna|Ursaluna, L50, F|95/100 brn
|move|p1b: Gholdengo|Trick|p2b: Ursaluna
|-activate|p1b: Gholdengo|move: Trick|[of] p2b: Ursaluna
|-item|p2b: Ursaluna|Choice Scarf|[from] move: Trick
|-item|p1b: Gholdengo|Flame Orb|[from] move: Trick
|move|p1a: Pelipper|Muddy Water|p2b: Ursaluna|[spread] p2a
|-miss|p1a: Pelipper|p2b: Ursaluna
|-supereffective|p2a: Torkoal
|-damage|p2a: Torkoal|0 fnt
|faint|p2a: Torkoal
|
|-weather|SunnyDay|[upkeep]
|-damage|p2b: Ursaluna|89/100 brn|[from] brn
|-sideend|p1: NoiceDynamite|move: Tailwind
|-status|p1b: Gholdengo|brn|[from] item: Flame Orb
|upkeep
|
|t:|1757774349
|switch|p2a: Jumpluff|Jumpluff, L50, F|44/100
|turn|6
|
|t:|1757774362
|switch|p1a: Dragonite|Dragonite, L50, F|100/100
|move|p2a: Jumpluff|Sleep Powder|p1a: Dragonite
|-status|p1a: Dragonite|slp|[from] move: Sleep Powder
|move|p1b: Gholdengo|Tera Blast|p2b: Ursaluna|[anim] Tera Blast Water
|-supereffective|p2b: Ursaluna
|-crit|p2b: Ursaluna
|-damage|p2b: Ursaluna|22/100 brn
|move|p2b: Ursaluna|Facade|p1b: Gholdengo
|-damage|p1b: Gholdengo|0 fnt
|faint|p1b: Gholdengo
|
|-weather|none
|-damage|p2b: Ursaluna|16/100 brn|[from] brn
|upkeep
|
|t:|1757774374
|switch|p1b: Pelipper|Pelipper, L50, M|92/100
|-weather|RainDance|[from] ability: Drizzle|[of] p1b: Pelipper
|turn|7
|
|t:|1757774383
|cant|p1a: Dragonite|slp
|move|p2a: Jumpluff|Tailwind|p2a: Jumpluff
|-sidestart|p2: rpr1020|move: Tailwind
|move|p2b: Ursaluna|Facade|p1b: Pelipper
|-damage|p1b: Pelipper|0 fnt
|faint|p1b: Pelipper
|
|-weather|RainDance|[upkeep]
|-damage|p2b: Ursaluna|10/100 brn|[from] brn
|upkeep
|turn|8
|
|t:|1757774394
|move|p2a: Jumpluff|Rage Powder|p2a: Jumpluff
|-singleturn|p2a: Jumpluff|move: Rage Powder
|move|p2b: Ursaluna|Facade|p1a: Dragonite
|-damage|p1a: Dragonite|31/100 slp
|cant|p1a: Dragonite|slp
|
|-weather|RainDance|[upkeep]
|-damage|p2b: Ursaluna|4/100 brn|[from] brn
|upkeep
|turn|9
|
|t:|1757774403
|move|p2a: Jumpluff|Rage Powder|p2a: Jumpluff
|-singleturn|p2a: Jumpluff|move: Rage Powder
|move|p2b: Ursaluna|Facade|p1a: Dragonite
|-damage|p1a: Dragonite|0 fnt
|faint|p1a: Dragonite
|
|win|rpr1020
|raw|NoiceDynamite's rating: 1075 → 1053(-22 for losing)
|raw|rpr1020's rating: 1064 → 1095(+31 for winning)
|c|☆NoiceDynamite|gg
|c|☆rpr1020|gg
