|j|â˜†is_katabo
|j|â˜†FastForwardMyGame
|html|is_kataboFastForwardMyGame    
|uhtml|bestof|Game 1 of a best-of-3
|t:|1757636632
|gametype|doubles
|player|p1|is_katabo|1|1125
|player|p2|FastForwardMyGame|cyclist|1180
|gen|9
|tier|[Gen 9] VGC 2025 Reg H (Bo3)
|rated|
|rule|Species Clause: Limit one of each PokÃ©mon
|rule|Item Clause: Limit 1 of each item
|clearpoke
|poke|p1|Incineroar, L50, F|
|poke|p1|Sneasler, L50, F|
|poke|p1|Amoonguss, L50, F|
|poke|p1|Pelipper, L50, M|
|poke|p1|Archaludon, L50, M|
|poke|p1|Dragonite, L50, F|
|poke|p2|Hatterene, L50, F|
|poke|p2|Sunflora, L50, M|
|poke|p2|Indeedee-F, L50, F|
|poke|p2|Torkoal, L50, F|
|poke|p2|Gallade, L50, M|
|poke|p2|Ursaluna, L50, M|
|teampreview|4
|showteam|p1|Incineroar||SafetyGoggles|Intimidate|FakeOut,KnockOff,FlareBlitz,PartingShot|||F|||50|,,,,,Ghost]Sneasler||WhiteHerb|Unburden|DireClaw,CloseCombat,ThroatChop,Protect|||F|||50|,,,,,Stellar]Amoonguss||SitrusBerry|Regenerator|PollenPuff,RagePowder,Spore,Protect|||F|||50|,,,,,Psychic]Pelipper||FocusSash|Drizzle|WeatherBall,Hurricane,Tailwind,Protect|||M|||50|,,,,,Ghost]Archaludon||AssaultVest|Stamina|ElectroShot,FlashCannon,DracoMeteor,BodyPress|||M|||50|,,,,,Bug]Dragonite||LoadedDice|Multiscale|ScaleShot,Tailwind,Haze,Protect|||F|||50|,,,,,Steel
|showteam|p2|Hatterene||CovertCloak|MagicBounce|TrickRoom,ExpandingForce,DazzlingGleam,Protect|||F|||50|,,,,,Water]Sunflora||LifeOrb|SolarPower|EarthPower,WeatherBall,EnergyBall,Protect|||M|||50|,,,,,Fire]Indeedee-F||EjectButton|PsychicSurge|FollowMe,HelpingHand,TrickRoom,TeraBlast|||F|||50|,,,,,Dark]Torkoal||EjectPack|Drought|Eruption,HelpingHand,SunnyDay,Overheat|||F|||50|,,,,,Grass]Gallade||PsychicSeed|Sharpness|TrickRoom,SacredSword,PsychoCut,WideGuard|||M|||50|,,,,,Fire]Ursaluna||FlameOrb|Guts|Facade,HeadlongRush,Protect,Crunch|||M|||50|,,,,,Ghost
|inactive|Battle timer is ON: inactive players will automatically lose when time's up. (requested by FastForwardMyGame)
|
|t:|1757636663
|teamsize|p1|4
|teamsize|p2|4
|start
|switch|p1a: Wallsocket|Archaludon, L50, M, shiny|100/100
|switch|p1b: moneymachine|Incineroar, L50, F, shiny|100/100
|switch|p2a: Queen Virgo|Hatterene, L50, F, shiny|100/100
|switch|p2b: Amiable|Indeedee-F, L50, F|100/100
|-ability|p1b: moneymachine|Intimidate|boost
|-unboost|p2a: Queen Virgo|atk|1
|-unboost|p2b: Amiable|atk|1
|-fieldstart|move: Psychic Terrain|[from] ability: Psychic Surge|[of] p2b: Amiable
|turn|1
|
|t:|1757636687
|move|p2b: Amiable|Follow Me|p2b: Amiable
|-singleturn|p2b: Amiable|move: Follow Me
|move|p1b: moneymachine|Parting Shot|p2b: Amiable
|-unboost|p2b: Amiable|atk|1
|-unboost|p2b: Amiable|spa|1
|
|t:|1757636692
|switch|p1b: Immaterial|Amoonguss, L50, F, shiny|100/100|[from] Parting Shot
|move|p1a: Wallsocket|Flash Cannon|p2b: Amiable
|-damage|p2b: Amiable|66/100
|-enditem|p2b: Amiable|Eject Button
|
|t:|1757636697
|switch|p2b: Anger|Torkoal, L50, F|100/100
|-weather|SunnyDay|[from] ability: Drought|[of] p2b: Anger
|move|p2a: Queen Virgo|Trick Room|p2a: Queen Virgo
|-fieldstart|move: Trick Room|[of] p2a: Queen Virgo
|
|-weather|SunnyDay|[upkeep]
|upkeep
|turn|2
|inactive|is_katabo has 30 seconds left.
|
|t:|1757636724
|switch|p1a: moneymachine|Incineroar, L50, F, shiny|100/100
|-ability|p1a: moneymachine|Intimidate|boost
|-unboost|p2a: Queen Virgo|atk|1
|-unboost|p2b: Anger|atk|1
|-enditem|p2b: Anger|Eject Pack
|
|t:|1757636730
|switch|p2b: Goatflora|Sunflora, L50, M|100/100
|-terastallize|p1b: Immaterial|Psychic
|move|p2a: Queen Virgo|Expanding Force|p1b: Immaterial|[spread] p1b
|-immune|p1a: moneymachine
|-resisted|p1b: Immaterial
|-damage|p1b: Immaterial|75/100
|move|p1b: Immaterial|Pollen Puff|p2a: Queen Virgo
|-damage|p2a: Queen Virgo|85/100
|
|-weather|SunnyDay|[upkeep]
|-damage|p2b: Goatflora|88/100|[from] ability: Solar Power|[of] p2b: Goatflora
|upkeep
|turn|3
|
|t:|1757636751
|switch|p2a: Anger|Torkoal, L50, F|100/100
|switch|p1a: Fishmonger|Pelipper, L50, M, shiny|100/100
|-weather|RainDance|[from] ability: Drizzle|[of] p1a: Fishmonger
|move|p2b: Goatflora|Earth Power|p1a: Fishmonger
|-immune|p1a: Fishmonger
|move|p1b: Immaterial|Pollen Puff|p1a: Fishmonger
|
|-weather|RainDance|[upkeep]
|upkeep
|turn|4
|inactive|FastForwardMyGame has 30 seconds left.
|
|t:|1757636777
|move|p2a: Anger|Sunny Day|p2a: Anger
|-weather|SunnyDay
|move|p2b: Goatflora|Energy Ball|p1b: Immaterial
|-damage|p1b: Immaterial|0 fnt
|faint|p1b: Immaterial
|-damage|p2b: Goatflora|79/100|[from] item: Life Orb
|move|p1a: Fishmonger|Weather Ball|p2a: Anger
|-resisted|p2a: Anger
|-damage|p2a: Anger|74/100
|
|-weather|SunnyDay|[upkeep]
|-damage|p2b: Goatflora|66/100|[from] ability: Solar Power|[of] p2b: Goatflora
|upkeep
|
|t:|1757636802
|switch|p1b: moneymachine|Incineroar, L50, F, shiny|100/100
|-ability|p1b: moneymachine|Intimidate|boost
|-unboost|p2a: Anger|atk|1
|-unboost|p2b: Goatflora|atk|1
|turn|5
|inactive|is_katabo has 30 seconds left.
|inactive|is_katabo has 20 seconds left.
|
|t:|1757636838
|switch|p1a: Wallsocket|Archaludon, L50, M, shiny|100/100
|-terastallize|p2b: Goatflora|Fire
|move|p2a: Anger|Helping Hand|p2b: Goatflora
|-singleturn|p2b: Goatflora|Helping Hand|[of] p2a: Anger
|move|p2b: Goatflora|Earth Power|p1b: moneymachine
|-supereffective|p1b: moneymachine
|-damage|p1b: moneymachine|0 fnt
|faint|p1b: moneymachine
|-damage|p2b: Goatflora|57/100|[from] item: Life Orb
|
|-weather|SunnyDay|[upkeep]
|-damage|p2b: Goatflora|44/100|[from] ability: Solar Power|[of] p2b: Goatflora
|-fieldend|move: Trick Room
|-fieldend|move: Psychic Terrain
|upkeep
|
|t:|1757636853
|switch|p1b: Fishmonger|Pelipper, L50, M, shiny|100/100
|-weather|RainDance|[from] ability: Drizzle|[of] p1b: Fishmonger
|turn|6
|inactive|FastForwardMyGame has 30 seconds left.
|
|t:|1757636884
|switch|p2a: Amiable|Indeedee-F, L50, F|66/100
|-fieldstart|move: Psychic Terrain|[from] ability: Psychic Surge|[of] p2a: Amiable
|move|p2b: Goatflora|Protect|p2b: Goatflora
|-singleturn|p2b: Goatflora|Protect
|move|p1b: Fishmonger|Weather Ball|p2b: Goatflora
|-activate|p2b: Goatflora|move: Protect
|move|p1a: Wallsocket|Electro Shot||[still]
|-prepare|p1a: Wallsocket|Electro Shot
|-boost|p1a: Wallsocket|spa|1
|-anim|p1a: Wallsocket|Electro Shot|p2a: Amiable
|-damage|p2a: Amiable|10/100
|
|-weather|RainDance|[upkeep]
|upkeep
|turn|7
|inactive|is_katabo has 30 seconds left.
|c|â˜†FastForwardMyGame|lovely nicknames btw
|
|t:|1757636919
|switch|p2b: Anger|Torkoal, L50, F|74/100
|-weather|SunnyDay|[from] ability: Drought|[of] p2b: Anger
|move|p1b: Fishmonger|Weather Ball|p2b: Anger
|-resisted|p2b: Anger
|-damage|p2b: Anger|46/100
|move|p1a: Wallsocket|Flash Cannon|p2a: Amiable
|-damage|p2a: Amiable|0 fnt
|faint|p2a: Amiable
|
|-weather|SunnyDay|[upkeep]
|upkeep
|
|t:|1757636930
|switch|p2a: Queen Virgo|Hatterene, L50, F, shiny|85/100
|turn|8
|inactive|FastForwardMyGame has 30 seconds left.
|inactive|FastForwardMyGame has 20 seconds left.
|inactive|FastForwardMyGame has 15 seconds left.
|
|t:|1757636972
|move|p1b: Fishmonger|Weather Ball|p2b: Anger
|-resisted|p2b: Anger
|-damage|p2b: Anger|16/100
|move|p1a: Wallsocket|Flash Cannon|p2a: Queen Virgo
|-supereffective|p2a: Queen Virgo
|-damage|p2a: Queen Virgo|0 fnt
|faint|p2a: Queen Virgo
|move|p2b: Anger|Overheat|p1a: Wallsocket|[miss]
|-miss|p2b: Anger|p1a: Wallsocket
|
|-weather|SunnyDay|[upkeep]
|upkeep
|
|t:|1757636980
|switch|p2a: Goatflora|Sunflora, L50, M, tera:Fire|44/100
|turn|9
|
|t:|1757636990
|move|p1b: Fishmonger|Weather Ball|p2b: Anger
|-resisted|p2b: Anger
|-damage|p2b: Anger|0 fnt
|faint|p2b: Anger
|move|p1a: Wallsocket|Draco Meteor|p2a: Goatflora
|-damage|p2a: Goatflora|0 fnt
|-unboost|p1a: Wallsocket|spa|2
|faint|p2a: Goatflora
|
|win|is_katabo
||FastForwardMyGame is ready for game 2.
|inactive|is_katabo has 30 seconds to confirm battle start!
||is_katabo is ready for game 2.
|uhtml|next|Next: Game 2 of 3
