|j|☆mesias707
|j|☆chocokoala vgc
|html|mesias707chocokoala vgc    
|uhtml|bestof|Game 1 of a best-of-3
|t:|1784730257
|gametype|doubles
|player|p1|mesias707|harlequin|1233
|player|p2|chocokoala vgc|benga|1249
|gen|9
|tier|[Gen 9 Champions] VGC 2026 Reg M-B (Bo3)
|rated|
|rule|Species Clause: Limit one of each Pokémon
|rule|Item Clause: Limit 1 of each item
|clearpoke
|poke|p1|Blastoise, L50, F, shiny|
|poke|p1|Delphox, L50, F, shiny|
|poke|p1|Sinistcha, L50|
|poke|p1|Maushold-Four, L50, shiny|
|poke|p1|Incineroar, L50, M, shiny|
|poke|p1|Sneasler, L50, M|
|poke|p2|Scovillain, L50, M|
|poke|p2|Primarina, L50, M|
|poke|p2|Aerodactyl, L50, F|
|poke|p2|Garchomp, L50, F|
|poke|p2|Gholdengo, L50|
|poke|p2|Grimmsnarl, L50, M|
|teampreview|4
|showteam|p1|Blastoise||Blastoisinite|Torrent|WaterSpout,DarkPulse,ShellSmash,Protect|Serious||F|||50|]Delphox||Delphoxite|Blaze|HeatWave,Psychic,NastyPlot,Protect|Timid||F|||50|]Sinistcha||OccaBerry|Hospitality|MatchaGotcha,RagePowder,TrickRoom,Protect|Bold|||||50|]Maushold-Four||ChopleBerry|FriendGuard|Feint,FollowMe,Taunt,Protect|Impish|||||50|]Incineroar||SitrusBerry|Intimidate|FlareBlitz,FakeOut,HelpingHand,PartingShot|Impish||M|||50|]Sneasler||FocusSash|PoisonTouch|CloseCombat,DireClaw,FakeOut,QuickGuard|Jolly||M|||50|
|showteam|p2|Scovillain||Scovillainite|Moody|Flamethrower,GigaDrain,Protect,RagePowder|Bold||M|||50|]Primarina||Leftovers|LiquidVoice|HyperVoice,Moonblast,Protect,CalmMind|Modest||M|||50|]Aerodactyl||Aerodactylite|Unnerve|RockSlide,DualWingbeat,Protect,Tailwind|Jolly||F|||50|]Garchomp||SoftSand|RoughSkin|Earthquake,StompingTantrum,Protect,DragonClaw|Jolly||F|||50|]Gholdengo||LifeOrb|GoodasGold|MakeItRain,ShadowBall,Protect,NastyPlot|Modest|||||50|]Grimmsnarl||LightClay|Prankster|LightScreen,Reflect,PartingShot,SpiritBreak|Sassy||M|||50|
|inactive|Battle timer is ON: inactive players will automatically lose when time's up. (requested by chocokoala vgc)
|
|t:|1784730284
|teamsize|p1|4
|teamsize|p2|4
|start
|switch|p1a: Blastoise|Blastoise, L50, F, shiny|100/100
|switch|p1b: Incineroar|Incineroar, L50, M, shiny|100/100
|switch|p2a: Primarina|Primarina, L50, M|100/100
|switch|p2b: Grimmsnarl|Grimmsnarl, L50, M|100/100
|-ability|p1b: Incineroar|Intimidate|boost
|-unboost|p2a: Primarina|atk|1
|-unboost|p2b: Grimmsnarl|atk|1
|turn|1
|
|t:|1784730299
|detailschange|p1a: Blastoise|Blastoise-Mega, L50, F, shiny
|-mega|p1a: Blastoise|Blastoise|Blastoisinite
|move|p1b: Incineroar|Fake Out|p2a: Primarina
|-damage|p2a: Primarina|86/100
|move|p2b: Grimmsnarl|Light Screen|p2b: Grimmsnarl
|-sidestart|p2: chocokoala vgc|move: Light Screen
|move|p1a: Blastoise|Shell Smash|p1a: Blastoise
|-unboost|p1a: Blastoise|def|1
|-unboost|p1a: Blastoise|spd|1
|-boost|p1a: Blastoise|atk|2
|-boost|p1a: Blastoise|spa|2
|-boost|p1a: Blastoise|spe|2
|cant|p2a: Primarina|flinch
|
|-heal|p2a: Primarina|92/100|[from] item: Leftovers
|upkeep
|turn|2
|
|t:|1784730313
|move|p2b: Grimmsnarl|Parting Shot|p1a: Blastoise
|-unboost|p1a: Blastoise|atk|1
|-unboost|p1a: Blastoise|spa|1
|
|t:|1784730316
|switch|p2b: Garchomp|Garchomp, L50, F|100/100|[from] Parting Shot
|move|p1a: Blastoise|Water Spout|p2a: Primarina|[spread] p2a,p2b
|-resisted|p2a: Primarina|1
|-damage|p2a: Primarina|64/100
|-damage|p2b: Garchomp|31/100
|move|p1b: Incineroar|Parting Shot|p2a: Primarina
|-unboost|p2a: Primarina|atk|1
|-unboost|p2a: Primarina|spa|1
|
|t:|1784730322
|switch|p1b: Maushold|Maushold-Four, L50, shiny|100/100|[from] Parting Shot
|move|p2a: Primarina|Calm Mind|p2a: Primarina
|-boost|p2a: Primarina|spa|1
|-boost|p2a: Primarina|spd|1
|
|-heal|p2a: Primarina|70/100|[from] item: Leftovers
|upkeep
|turn|3
|
|t:|1784730334
|move|p1a: Blastoise|Water Spout|p2a: Primarina|[spread] p2a,p2b
|-resisted|p2a: Primarina|1
|-damage|p2a: Primarina|52/100
|-damage|p2b: Garchomp|0 fnt
|faint|p2b: Garchomp
|move|p1b: Maushold|Taunt|p2a: Primarina
|-start|p2a: Primarina|move: Taunt
|cant|p2a: Primarina|move: Taunt|Calm Mind
|
|-heal|p2a: Primarina|58/100|[from] item: Leftovers
|upkeep
|
|t:|1784730342
|switch|p2b: Scovillain|Scovillain, L50, M|100/100
|turn|4
|
|t:|1784730350
|detailschange|p2b: Scovillain|Scovillain-Mega, L50, M
|-mega|p2b: Scovillain|Scovillain|Scovillainite
|move|p1b: Maushold|Follow Me|p1b: Maushold
|-singleturn|p1b: Maushold|move: Follow Me
|move|p1a: Blastoise|Water Spout|p2a: Primarina|[spread] p2a,p2b
|-resisted|p2a: Primarina|1
|-crit|p2a: Primarina
|-damage|p2a: Primarina|0 fnt
|-damage|p2b: Scovillain|46/100
|-status|p1a: Blastoise|brn|[from] ability: Spicy Spray|[of] p2b: Scovillain
|faint|p2a: Primarina
|move|p2b: Scovillain|Giga Drain|p1b: Maushold
|-damage|p1b: Maushold|61/100
|-heal|p2b: Scovillain|66/100|[from] drain|[of] p1b: Maushold
|
|-damage|p1a: Blastoise|94/100 brn|[from] brn
|upkeep
|
|t:|1784730357
|switch|p2a: Grimmsnarl|Grimmsnarl, L50, M|100/100
|turn|5
|-message|chocokoala vgc forfeited.
|
|win|mesias707
