|j|☆brigadeiro gelado
|j|☆escapadian
|html|brigadeiro geladoescapadian    
|uhtml|bestof|Game 1 of a best-of-3
|t:|1784592774
|gametype|doubles
|player|p1|brigadeiro gelado|ash|1241
|player|p2|escapadian|rocketgruntf|1243
|gen|9
|tier|[Gen 9 Champions] VGC 2026 Reg M-B (Bo3)
|rated|
|rule|Species Clause: Limit one of each Pokémon
|rule|Item Clause: Limit 1 of each item
|clearpoke
|poke|p1|Pyroar, L50, M|
|poke|p1|Torkoal, L50, M|
|poke|p1|Vileplume, L50, M|
|poke|p1|Farigiraf, L50, M, shiny|
|poke|p1|Scrafty, L50, F|
|poke|p1|Mamoswine, L50, F|
|poke|p2|Incineroar, L50, M, shiny|
|poke|p2|Sinistcha, L50, shiny|
|poke|p2|Floette-Eternal, L50, F|
|poke|p2|Delphox, L50, F, shiny|
|poke|p2|Sneasler, L50, M, shiny|
|poke|p2|Kingambit, L50, M, shiny|
|teampreview|4
|showteam|p1|Pyroar||Pyroarite|Unnerve|HeatWave,Overheat,SolarBeam,Protect|Timid||M|||50|]Torkoal||Charcoal|Drought|Eruption,WeatherBall,HelpingHand,Protect|Quiet||M|||50|]Vileplume||FocusSash|Chlorophyll|SludgeBomb,LeafStorm,AfterYou,SleepPowder|Timid||M|||50|]Farigiraf||SitrusBerry|ArmorTail|Psychic,Thunderbolt,TrickRoom,HelpingHand|Relaxed||M|||50|]Scrafty||Scraftinite|Intimidate|CloseCombat,KnockOff,RockSlide,FakeOut|Brave||F|||50|]Mamoswine||LifeOrb|Oblivious|IcicleCrash,IceShard,HighHorsepower,Protect|Jolly||F|||50|
|showteam|p2|Incineroar||SitrusBerry|Intimidate|FlareBlitz,DarkestLariat,PartingShot,FakeOut|Careful||M|||50|]Sinistcha||OccaBerry|Hospitality|MatchaGotcha,RagePowder,TrickRoom,Protect|Bold|||||50|]Floette-Eternal||Floettite|FlowerVeil|DazzlingGleam,DrainingKiss,CalmMind,Protect|Bold||F|||50|]Delphox||Delphoxite|Blaze|HeatWave,Psyshock,NastyPlot,Protect|Modest||F|||50|]Sneasler||FocusSash|PoisonTouch|CloseCombat,PoisonJab,Coaching,FakeOut|Jolly||M|||50|]Kingambit||BlackGlasses|Defiant|KowtowCleave,SuckerPunch,SwordsDance,Protect|Adamant||M|||50|
|inactive|Battle timer is ON: inactive players will automatically lose when time's up. (requested by brigadeiro gelado)
|inactive|brigadeiro gelado has 60 seconds left.
|inactive|escapadian has 60 seconds left.
|
|t:|1784592829
|teamsize|p1|4
|teamsize|p2|4
|start
|switch|p1a: Scrafty|Scrafty, L50, F|100/100
|switch|p1b: Farigiraf|Farigiraf, L50, M, shiny|100/100
|switch|p2a: Incineroar|Incineroar, L50, M, shiny|100/100
|switch|p2b: Delphox|Delphox, L50, F, shiny|100/100
|-ability|p2a: Incineroar|Intimidate|boost
|-unboost|p1a: Scrafty|atk|1
|-unboost|p1b: Farigiraf|atk|1
|-ability|p1a: Scrafty|Intimidate|boost
|-unboost|p2a: Incineroar|atk|1
|-unboost|p2b: Delphox|atk|1
|turn|1
|inactive|brigadeiro gelado has 30 seconds left.
|inactive|escapadian has 30 seconds left.
|inactive|brigadeiro gelado has 20 seconds left.
|inactive|brigadeiro gelado has 15 seconds left.
|inactive|brigadeiro gelado has 10 seconds left.
|
|t:|1784592874
|switch|p2a: Sinistcha|Sinistcha, L50, shiny|100/100
|detailschange|p2b: Delphox|Delphox-Mega, L50, F, shiny
|-mega|p2b: Delphox|Delphox|Delphoxite
|detailschange|p1a: Scrafty|Scrafty-Mega, L50, F
|-mega|p1a: Scrafty|Scrafty|Scraftinite
|-ability|p1a: Scrafty|Intimidate|boost
|-unboost|p2a: Sinistcha|atk|1
|-unboost|p2b: Delphox|atk|1
|move|p2b: Delphox|Nasty Plot|p2b: Delphox
|-boost|p2b: Delphox|spa|2
|move|p1a: Scrafty|Close Combat|p2b: Delphox
|-resisted|p2b: Delphox|1
|-damage|p2b: Delphox|74/100
|-unboost|p1a: Scrafty|def|1
|-unboost|p1a: Scrafty|spd|1
|move|p1b: Farigiraf|Trick Room|p1b: Farigiraf
|-fieldstart|move: Trick Room|[of] p1b: Farigiraf
|
|upkeep
|turn|2
|
|t:|1784592896
|switch|p2a: Incineroar|Incineroar, L50, M, shiny|100/100
|-ability|p2a: Incineroar|Intimidate|boost
|-unboost|p1a: Scrafty|atk|1
|-unboost|p1b: Farigiraf|atk|1
|move|p1b: Farigiraf|Helping Hand|p1a: Scrafty
|-singleturn|p1a: Scrafty|Helping Hand|[of] p1b: Farigiraf
|move|p1a: Scrafty|Rock Slide|p2b: Delphox|[spread] p2a,p2b
|-supereffective|p2a: Incineroar|1
|-supereffective|p2b: Delphox|1
|-damage|p2a: Incineroar|74/100
|-damage|p2b: Delphox|37/100
|move|p2b: Delphox|Heat Wave|p1a: Scrafty|[spread] p1a,p1b
|-damage|p1a: Scrafty|0 fnt
|-damage|p1b: Farigiraf|18/100
|-enditem|p1b: Farigiraf|Sitrus Berry|[eat]
|-heal|p1b: Farigiraf|43/100|[from] item: Sitrus Berry
|faint|p1a: Scrafty
|
|upkeep
|
|t:|1784592901
|switch|p1a: Torkoal|Torkoal, L50, M|100/100
|-weather|SunnyDay|[from] ability: Drought|[of] p1a: Torkoal
|turn|3
|inactive|escapadian has 30 seconds left.
|inactive|brigadeiro gelado has 30 seconds left.
|
|t:|1784592935
|move|p1b: Farigiraf|Helping Hand|p1a: Torkoal
|-singleturn|p1a: Torkoal|Helping Hand|[of] p1b: Farigiraf
|move|p2b: Delphox|Protect|p2b: Delphox
|-singleturn|p2b: Delphox|Protect
|move|p1a: Torkoal|Eruption|p2a: Incineroar|[spread] p2a
|-activate|p2b: Delphox|move: Protect
|-resisted|p2a: Incineroar|1
|-damage|p2a: Incineroar|27/100
|-enditem|p2a: Incineroar|Sitrus Berry|[eat]
|-heal|p2a: Incineroar|52/100|[from] item: Sitrus Berry
|move|p2a: Incineroar|Flare Blitz|p1b: Farigiraf
|-damage|p1b: Farigiraf|0 fnt
|faint|p1b: Farigiraf
|-damage|p2a: Incineroar|37/100|[from] Recoil
|
|-weather|SunnyDay|[upkeep]
|upkeep
|
|t:|1784592940
|switch|p1b: Vileplume|Vileplume, L50, M|100/100
|turn|4
|
|t:|1784592961
|switch|p2a: Sinistcha|Sinistcha, L50, shiny|100/100
|-heal|p2b: Delphox|62/100|[from] ability: Hospitality|[of] p2a: Sinistcha
|move|p1a: Torkoal|Eruption|p2a: Sinistcha|[spread] p2a,p2b
|-supereffective|p2a: Sinistcha|1
|-enditem|p2a: Sinistcha|Occa Berry|[eat]
|-enditem|p2a: Sinistcha|Occa Berry|[weaken]
|-resisted|p2b: Delphox|1
|-damage|p2a: Sinistcha|10/100
|-damage|p2b: Delphox|24/100
|move|p2b: Delphox|Psyshock|p1b: Vileplume
|-supereffective|p1b: Vileplume|1
|-enditem|p1b: Vileplume|Focus Sash
|-damage|p1b: Vileplume|1/100
|move|p1b: Vileplume|Sleep Powder|p2b: Delphox
|-status|p2b: Delphox|slp|[from] move: Sleep Powder
|
|-weather|SunnyDay|[upkeep]
|upkeep
|turn|5
|inactive|brigadeiro gelado has 30 seconds left.
|
|t:|1784592986
|switch|p2b: Incineroar|Incineroar, L50, M, shiny|37/100
|-ability|p2b: Incineroar|Intimidate|boost
|-unboost|p1a: Torkoal|atk|1
|-unboost|p1b: Vileplume|atk|1
|move|p2a: Sinistcha|Protect|p2a: Sinistcha
|-singleturn|p2a: Sinistcha|Protect
|move|p1a: Torkoal|Eruption|p2b: Incineroar|[spread] p2b
|-activate|p2a: Sinistcha|move: Protect
|-resisted|p2b: Incineroar|1
|-damage|p2b: Incineroar|3/100
|move|p1b: Vileplume|Sleep Powder|p2a: Sinistcha
|-activate|p2a: Sinistcha|move: Protect
|
|-weather|SunnyDay|[upkeep]
|-fieldend|move: Trick Room
|upkeep
|turn|6
|inactive|escapadian has 30 seconds left.
|
|t:|1784593014
|move|p2b: Incineroar|Fake Out|p1a: Torkoal
|-damage|p1a: Torkoal|91/100
|move|p1b: Vileplume|Sleep Powder|p2b: Incineroar
|-status|p2b: Incineroar|slp|[from] move: Sleep Powder
|move|p2a: Sinistcha|Matcha Gotcha|p1a: Torkoal|[spread] p1a,p1b
|-resisted|p1a: Torkoal|1
|-resisted|p1b: Vileplume|2
|-damage|p1a: Torkoal|76/100
|-heal|p2a: Sinistcha|17/100|[from] drain|[of] p1a: Torkoal
|-damage|p1b: Vileplume|0 fnt
|-heal|p2a: Sinistcha|18/100|[from] drain|[of] p1b: Vileplume
|faint|p1b: Vileplume
|cant|p1a: Torkoal|flinch
|
|-weather|SunnyDay|[upkeep]
|upkeep
|turn|7
|-message|brigadeiro gelado forfeited.
|
|win|escapadian
||escapadian is ready for game 2.
||brigadeiro gelado is ready for game 2.
|uhtml|next|Next: Game 2 of 3
|l|☆brigadeiro gelado
|player|p1|
|l|☆escapadian
|player|p2|
|j|☆escapadian
|player|p2|escapadian|rocketgruntf|
