|j|☆AmpedHer01
|j|☆iloveships
|html|AmpedHer01iloveships    
|uhtml|bestof|Game 1 of a best-of-3
|t:|1785338864
|gametype|doubles
|player|p1|AmpedHer01|nate|1103
|player|p2|iloveships|emmet|1136
|gen|9
|tier|[Gen 9 Champions] VGC 2026 Reg M-B (Bo3)
|rated|
|rule|Species Clause: Limit one of each Pokémon
|rule|Item Clause: Limit 1 of each item
|clearpoke
|poke|p1|Whimsicott, L50, F|
|poke|p1|Dragapult, L50, M, shiny|
|poke|p1|Overqwil, L50, M|
|poke|p1|Grimmsnarl, L50, M|
|poke|p1|Staraptor, L50, M, shiny|
|poke|p1|Sinistcha, L50|
|poke|p2|Charizard, L50, F, shiny|
|poke|p2|Garchomp, L50, M|
|poke|p2|Incineroar, L50, M|
|poke|p2|Sylveon, L50, F, shiny|
|poke|p2|Aerodactyl, L50, M|
|poke|p2|Farigiraf, L50, F|
|teampreview|4
|showteam|p1|Whimsicott||MentalHerb|Prankster|Tailwind,Charm,DazzlingGleam,GigaDrain|Timid||F|||50|]Dragapult||LifeOrb|Infiltrator|ThunderWave,SuckerPunch,DragonClaw,PhantomForce|Jolly||M|||50|]Overqwil||SitrusBerry|Intimidate|Haze,Toxic,Crunch,BarbBarrage|Careful||M|||50|]Grimmsnarl||WhiteHerb|Prankster|PartingShot,ScaryFace,FirePunch,SpiritBreak|Adamant||M|||50|]Staraptor||Staraptite|Intimidate|Protect,CloseCombat,DualWingbeat,Uturn|Adamant||M|||50|]Sinistcha||Leftovers|Hospitality|StrengthSap,RagePowder,MatchaGotcha,Scald|Modest|||||50|
|showteam|p2|Charizard||CharizarditeY|Blaze|HeatWave,WeatherBall,SolarBeam,Protect|Modest||F|||50|]Garchomp||LifeOrb|RoughSkin|Earthquake,StompingTantrum,DragonClaw,Protect|Jolly||M|||50|]Incineroar||SitrusBerry|Intimidate|FakeOut,FlareBlitz,ThroatChop,PartingShot|Careful||M|||50|]Sylveon||FairyFeather|Pixilate|HyperVoice,QuickAttack,Moonblast,Detect|Modest||F|||50|]Aerodactyl||FocusSash|Unnerve|RockSlide,Protect,Tailwind,WideGuard|Jolly||M|||50|]Farigiraf||ColburBerry|ArmorTail|TwinBeam,Thunderbolt,TrickRoom,HelpingHand|Relaxed||F|||50|
|inactive|Battle timer is ON: inactive players will automatically lose when time's up. (requested by iloveships)
|inactive|AmpedHer01 has 60 seconds left.
|inactive|iloveships has 60 seconds left.
|inactive|AmpedHer01 has 30 seconds left.
|inactive|iloveships has 30 seconds left.
|inactive|AmpedHer01 has 20 seconds left.
|inactive|iloveships has 20 seconds left.
|inactive|AmpedHer01 has 15 seconds left.
|inactive|iloveships has 15 seconds left.
|
|t:|1785338944
|teamsize|p1|4
|teamsize|p2|4
|start
|switch|p1a: Whimsicott|Whimsicott, L50, F|100/100
|switch|p1b: Overqwil|Overqwil, L50, M|100/100
|switch|p2a: Sylveon|Sylveon, L50, F, shiny|100/100
|switch|p2b: Aerodactyl|Aerodactyl, L50, M|100/100
|-ability|p2b: Aerodactyl|Unnerve
|-ability|p1b: Overqwil|Intimidate|boost
|-unboost|p2a: Sylveon|atk|1
|-unboost|p2b: Aerodactyl|atk|1
|turn|1
|inactive|AmpedHer01 has 30 seconds left.
|inactive|iloveships has 30 seconds left.
|inactive|iloveships has 20 seconds left.
|
|t:|1785338981
|move|p2a: Sylveon|Detect|p2a: Sylveon
|-singleturn|p2a: Sylveon|Protect
|move|p1a: Whimsicott|Tailwind|p1a: Whimsicott
|-sidestart|p1: AmpedHer01|move: Tailwind
|move|p1b: Overqwil|Barb Barrage|p2a: Sylveon
|-activate|p2a: Sylveon|move: Protect
|move|p2b: Aerodactyl|Rock Slide|p1a: Whimsicott|[spread] p1a,p1b
|-damage|p1a: Whimsicott|77/100
|-damage|p1b: Overqwil|82/100
|
|upkeep
|turn|2
|
|t:|1785338997
|switch|p2a: Incineroar|Incineroar, L50, M|100/100
|-ability|p2a: Incineroar|Intimidate|boost
|-unboost|p1a: Whimsicott|atk|1
|-unboost|p1b: Overqwil|atk|1
|move|p1a: Whimsicott|Giga Drain|p2b: Aerodactyl
|-damage|p2b: Aerodactyl|63/100
|-heal|p1a: Whimsicott|98/100|[from] drain|[of] p2b: Aerodactyl
|move|p1b: Overqwil|Barb Barrage|p2a: Incineroar
|-damage|p2a: Incineroar|83/100
|-status|p2a: Incineroar|psn
|move|p2b: Aerodactyl|Tailwind|p2b: Aerodactyl
|-sidestart|p2: iloveships|move: Tailwind
|
|-damage|p2a: Incineroar|70/100 psn|[from] psn
|upkeep
|turn|3
|inactive|AmpedHer01 has 30 seconds left.
|inactive|iloveships has 30 seconds left.
|
|t:|1785339028
|switch|p2b: Charizard|Charizard, L50, F, shiny|100/100
|move|p1a: Whimsicott|Charm|p2b: Charizard
|-unboost|p2b: Charizard|atk|2
|move|p1b: Overqwil|Barb Barrage|p2a: Incineroar
|-damage|p2a: Incineroar|36/100 psn
|-enditem|p2a: Incineroar|Sitrus Berry|[eat]
|-heal|p2a: Incineroar|60/100 psn|[from] item: Sitrus Berry
|move|p2a: Incineroar|Flare Blitz|p1a: Whimsicott
|-supereffective|p1a: Whimsicott|1
|-damage|p1a: Whimsicott|0 fnt
|faint|p1a: Whimsicott
|-damage|p2a: Incineroar|38/100 psn|[from] Recoil
|
|-damage|p2a: Incineroar|26/100 psn|[from] psn
|upkeep
|
|t:|1785339049
|switch|p1a: Staraptor|Staraptor, L50, M, shiny|100/100
|-ability|p1a: Staraptor|Intimidate|boost
|-unboost|p2a: Incineroar|atk|1
|-unboost|p2b: Charizard|atk|1
|turn|4
|
|t:|1785339073
|switch|p2a: Aerodactyl|Aerodactyl, L50, M|63/100
|-ability|p2a: Aerodactyl|Unnerve
|detailschange|p1a: Staraptor|Staraptor-Mega, L50, M, shiny
|-mega|p1a: Staraptor|Staraptor|Staraptite
|detailschange|p2b: Charizard|Charizard-Mega-Y, L50, F, shiny
|-mega|p2b: Charizard|Charizard|Charizardite Y
|-weather|SunnyDay|[from] ability: Drought|[of] p2b: Charizard
|move|p1a: Staraptor|Dual Wingbeat|p2b: Charizard
|-damage|p2b: Charizard|72/100
|-damage|p2b: Charizard|46/100
|-hitcount|p2b: Charizard|2
|move|p2b: Charizard|Heat Wave|p1a: Staraptor|[spread] p1b
|-miss|p2b: Charizard|p1a: Staraptor
|-damage|p1b: Overqwil|4/100
|move|p1b: Overqwil|Toxic|p2b: Charizard
|-status|p2b: Charizard|tox
|
|-weather|SunnyDay|[upkeep]
|-damage|p2b: Charizard|40/100 tox|[from] psn
|-sideend|p1: AmpedHer01|move: Tailwind
|upkeep
|turn|5
|inactive|AmpedHer01 has 30 seconds left.
|inactive|AmpedHer01 has 20 seconds left.
|
|t:|1785339112
|move|p2a: Aerodactyl|Rock Slide|p1b: Overqwil|[spread] p1a,p1b
|-damage|p1a: Staraptor|73/100
|-damage|p1b: Overqwil|0 fnt
|faint|p1b: Overqwil
|move|p2b: Charizard|Heat Wave|p1a: Staraptor
|-damage|p1a: Staraptor|0 fnt
|faint|p1a: Staraptor
|
|-weather|SunnyDay|[upkeep]
|-damage|p2b: Charizard|27/100 tox|[from] psn
|-sideend|p2: iloveships|move: Tailwind
|upkeep
|-message|AmpedHer01 forfeited.
|
|win|iloveships
