|j|☆CaratroncoSun
|j|☆pablittoo
|html|CaratroncoSunpablittoo    
|uhtml|bestof|Game 2 of a best-of-3
|t:|1782401359
|gametype|doubles
|player|p1|CaratroncoSun|juan|1246
|player|p2|pablittoo|170|1337
|gen|9
|tier|[Gen 9 Champions] VGC 2026 Reg M-B (Bo3)
|rated|
|rule|Species Clause: Limit one of each Pokémon
|rule|Item Clause: Limit 1 of each item
|clearpoke
|poke|p1|Overqwil, L50, M, shiny|
|poke|p1|Swampert, L50, F|
|poke|p1|Pelipper, L50, M|
|poke|p1|Metagross, L50, shiny|
|poke|p1|Sneasler, L50, M|
|poke|p1|Sinistcha-Masterpiece, L50|
|poke|p2|Incineroar, L50, M|
|poke|p2|Sneasler, L50, F|
|poke|p2|Kingambit, L50, F|
|poke|p2|Gengar, L50, F|
|poke|p2|Sinistcha, L50|
|poke|p2|Floette-Eternal, L50, F|
|teampreview|4
|showteam|p1|Overqwil||LifeOrb|SwiftSwim|Protect,PoisonJab,ThroatChop,Liquidation|Adamant||M|||50|]Swampert||Swampertite|Damp|Protect,WaveCrash,HighHorsepower,IcePunch|Adamant||F|||50|]Pelipper||FocusSash|Drizzle|RainDance,Tailwind,Hurricane,WeatherBall|Modest||M|||50|]Metagross||Metagrossite|ClearBody|Protect,PsychicFangs,IronHead,IcePunch|Jolly|||||50|]Sneasler||WhiteHerb|Unburden|Coaching,FakeOut,DireClaw,CloseCombat|Jolly||M|||50|]Sinistcha-Masterpiece||SitrusBerry|Hospitality|MatchaGotcha,TrickRoom,LifeDew,RagePowder|Bold|||||50|
|showteam|p2|Incineroar||PasshoBerry|Intimidate|Protect,FlareBlitz,FakeOut,PartingShot|Relaxed||M|||50|]Sneasler||WhiteHerb|Unburden|DireClaw,FakeOut,CloseCombat,Protect|Jolly||F|||50|]Kingambit||BlackGlasses|Defiant|KowtowCleave,SwordsDance,SuckerPunch,Protect|Adamant||F|||50|]Gengar||Gengarite|CursedBody|ShadowBall,PerishSong,Protect,Disable|Modest||F|||50|]Sinistcha||SitrusBerry|Hospitality|StrengthSap,RagePowder,MatchaGotcha,Protect|Bold|||||50|]Floette-Eternal||Floettite|FlowerVeil|Protect,CalmMind,Moonblast,DazzlingGleam|Modest||F|||50|
|
|t:|1782401389
|teamsize|p1|4
|teamsize|p2|4
|start
|switch|p1a: Pelipper|Pelipper, L50, M|100/100
|switch|p1b: Sneasler|Sneasler, L50, M|100/100
|switch|p2a: Incineroar|Incineroar, L50, M|100/100
|switch|p2b: Floette|Floette-Eternal, L50, F|100/100
|-weather|RainDance|[from] ability: Drizzle|[of] p1a: Pelipper
|-ability|p2a: Incineroar|Intimidate|boost
|-unboost|p1a: Pelipper|atk|1
|-unboost|p1b: Sneasler|atk|1
|-enditem|p1b: Sneasler|White Herb
|-clearnegativeboost|p1b: Sneasler|[silent]
|turn|1
|
|t:|1782401412
|detailschange|p2b: Floette|Floette-Mega, L50, F
|-mega|p2b: Floette|Floette|Floettite
|-ability|p2b: Floette|Fairy Aura
|move|p1b: Sneasler|Fake Out|p2a: Incineroar
|-damage|p2a: Incineroar|89/100
|cant|p2a: Incineroar|flinch
|move|p2b: Floette|Dazzling Gleam|p1a: Pelipper|[spread] p1a,p1b
|-damage|p1a: Pelipper|18/100
|-damage|p1b: Sneasler|43/100
|move|p1a: Pelipper|Weather Ball|p2b: Floette
|-damage|p2b: Floette|52/100
|
|-weather|RainDance|[upkeep]
|upkeep
|turn|2
|
|t:|1782401446
|switch|p2b: Sinistcha|Sinistcha, L50|100/100
|-heal|p2a: Incineroar|100/100|[from] ability: Hospitality|[of] p2b: Sinistcha
|move|p1b: Sneasler|Dire Claw|p2b: Sinistcha
|-damage|p2b: Sinistcha|70/100
|move|p1a: Pelipper|Weather Ball|p2a: Incineroar
|-supereffective|p2a: Incineroar|1
|-enditem|p2a: Incineroar|Passho Berry|[eat]
|-enditem|p2a: Incineroar|Passho Berry|[weaken]
|-damage|p2a: Incineroar|39/100
|move|p2a: Incineroar|Parting Shot|p1b: Sneasler
|-unboost|p1b: Sneasler|atk|1
|-unboost|p1b: Sneasler|spa|1
|
|t:|1782401465
|switch|p2a: Floette|Floette-Mega, L50, F|52/100|[from] Parting Shot
|-ability|p2a: Floette|Fairy Aura
|
|-weather|RainDance|[upkeep]
|upkeep
|turn|3
|
|t:|1782401486
|switch|p2b: Incineroar|Incineroar, L50, M|39/100
|-ability|p2b: Incineroar|Intimidate|boost
|-unboost|p1a: Pelipper|atk|1
|-unboost|p1b: Sneasler|atk|1
|move|p1b: Sneasler|Dire Claw|p2a: Floette
|-supereffective|p2a: Floette|1
|-damage|p2a: Floette|10/100
|move|p2a: Floette|Dazzling Gleam|p1b: Sneasler|[spread] p1a,p1b
|-damage|p1a: Pelipper|0 fnt
|-damage|p1b: Sneasler|0 fnt
|faint|p1a: Pelipper
|faint|p1b: Sneasler
|
|-weather|RainDance|[upkeep]
|upkeep
|
|t:|1782401498
|switch|p1b: Overqwil|Overqwil, L50, M, shiny|100/100
|switch|p1a: Swampert|Swampert, L50, F|100/100
|turn|4
|
|t:|1782401527
|switch|p2b: Sinistcha|Sinistcha, L50|70/100
|-heal|p2a: Floette|35/100|[from] ability: Hospitality|[of] p2b: Sinistcha
|detailschange|p1a: Swampert|Swampert-Mega, L50, F
|-mega|p1a: Swampert|Swampert|Swampertite
|move|p2a: Floette|Protect|p2a: Floette
|-singleturn|p2a: Floette|Protect
|move|p1b: Overqwil|Throat Chop|p2a: Floette
|-activate|p2a: Floette|move: Protect
|move|p1a: Swampert|Ice Punch|p2a: Floette
|-activate|p2a: Floette|move: Protect
|
|-weather|RainDance|[upkeep]
|upkeep
|turn|5
|
|t:|1782401555
|switch|p2a: Incineroar|Incineroar, L50, M|39/100
|-ability|p2a: Incineroar|Intimidate|boost
|-unboost|p1a: Swampert|atk|1
|-unboost|p1b: Overqwil|atk|1
|move|p2b: Sinistcha|Protect|p2b: Sinistcha
|-singleturn|p2b: Sinistcha|Protect
|move|p1b: Overqwil|Liquidation|p2b: Sinistcha
|-activate|p2b: Sinistcha|move: Protect
|move|p1a: Swampert|Wave Crash|p2a: Incineroar
|-supereffective|p2a: Incineroar|1
|-damage|p2a: Incineroar|0 fnt
|faint|p2a: Incineroar
|-damage|p1a: Swampert|85/100|[from] Recoil
|
|-weather|none
|upkeep
|
|t:|1782401586
|switch|p2a: Floette|Floette-Mega, L50, F|35/100
|-ability|p2a: Floette|Fairy Aura
|turn|6
|
|t:|1782401599
|move|p2a: Floette|Moonblast|p1a: Swampert
|-damage|p1a: Swampert|16/100
|move|p1b: Overqwil|Throat Chop|p2b: Sinistcha
|-supereffective|p2b: Sinistcha|1
|-damage|p2b: Sinistcha|17/100
|-start|p2b: Sinistcha|Throat Chop|[silent]
|-enditem|p2b: Sinistcha|Sitrus Berry|[eat]
|-heal|p2b: Sinistcha|42/100|[from] item: Sitrus Berry
|-damage|p1b: Overqwil|90/100|[from] item: Life Orb
|move|p1a: Swampert|Wave Crash|p2a: Floette
|-damage|p2a: Floette|0 fnt
|faint|p2a: Floette
|-damage|p1a: Swampert|4/100|[from] Recoil
|move|p2b: Sinistcha|Matcha Gotcha|p1a: Swampert|[spread] p1b
|-miss|p2b: Sinistcha|p1a: Swampert
|-resisted|p1b: Overqwil|1
|-damage|p1b: Overqwil|73/100
|-heal|p2b: Sinistcha|49/100|[from] drain|[of] p1b: Overqwil
|-status|p1b: Overqwil|brn
|
|-damage|p1b: Overqwil|67/100 brn|[from] brn
|upkeep
|
|t:|1782401609
|switch|p2a: Kingambit|Kingambit, L50, F|100/100
|turn|7
|
|t:|1782401626
|move|p2a: Kingambit|Sucker Punch|p1a: Swampert
|-damage|p1a: Swampert|0 fnt
|faint|p1a: Swampert
|move|p1b: Overqwil|Throat Chop|p2b: Sinistcha
|-supereffective|p2b: Sinistcha|1
|-damage|p2b: Sinistcha|22/100
|-damage|p1b: Overqwil|57/100 brn|[from] item: Life Orb
|move|p2b: Sinistcha|Strength Sap|p1b: Overqwil
|-unboost|p1b: Overqwil|atk|1
|-heal|p2b: Sinistcha|90/100
|
|-damage|p1b: Overqwil|51/100 brn|[from] brn
|-end|p2b: Sinistcha|Throat Chop|[silent]
|upkeep
|turn|8
|-message|CaratroncoSun forfeited.
|raw|CaratroncoSun's rating: 1246 → 1227(-19 for losing)
|raw|pablittoo's rating: 1337 → 1352(+15 for winning)
|
|win|pablittoo
