|j|☆Barri Deagol
|j|☆Boomyy
|html|Barri DeagolBoomyy    
|uhtml|bestof|Game 2 of a best-of-3
|t:|1756560890
|gametype|doubles
|player|p1|Barri Deagol|collector|1102
|player|p2|Boomyy|brawly|1148
|gen|9
|tier|[Gen 9] VGC 2025 Reg H (Bo3)
|rated|
|rule|Species Clause: Limit one of each Pokémon
|rule|Item Clause: Limit 1 of each item
|clearpoke
|poke|p1|Archaludon, L50, F|
|poke|p1|Dragonite, L50, M|
|poke|p1|Pelipper, L50, F|
|poke|p1|Ursaluna, L50, F|
|poke|p1|Sinistcha, L50|
|poke|p1|Gholdengo, L50|
|poke|p2|Indeedee-F, L50, F|
|poke|p2|Exeggutor, L50, M|
|poke|p2|Torkoal, L50, M|
|poke|p2|Ursaluna, L50, M|
|poke|p2|Gallade, L50, M|
|poke|p2|Zoroark-Hisui, L50, M|
|teampreview|4
|showteam|p1|Archaludon||AssaultVest|Stamina|FlashCannon,BodyPress,ElectroShot,Snarl|||F|||50|,,,,,Fighting]Dragonite||LoadedDice|Multiscale|ScaleShot,Tailwind,Haze,Protect|||M|||50|,,,,,Fairy]Pelipper||FocusSash|Drizzle|MuddyWater,Hurricane,Tailwind,Protect|||F|||50|,,,,,Ghost]Ursaluna||FlameOrb|Guts|Facade,HeadlongRush,Earthquake,Protect|||F|||50|,,,,,Ghost]Sinistcha||SitrusBerry|Hospitality|MatchaGotcha,LifeDew,RagePowder,TrickRoom||||||50|,,,,,Dark]Gholdengo||ChoiceScarf|GoodasGold|MakeItRain,ShadowBall,Trick,Protect||||||50|,,,,,Flying
|showteam|p2|Indeedee-F||PsychicSeed|PsychicSurge|FollowMe,Psychic,HelpingHand,TrickRoom|||F|||50|,,,,,Grass]Exeggutor||FocusSash|Chlorophyll|ExpandingForce,EnergyBall,SleepPowder,TrickRoom|||M|||50|,,,,,Psychic]Torkoal||Charcoal|Drought|Eruption,WeatherBall,ClearSmog,Protect|||M|||50|,,,,,Fire]Ursaluna||FlameOrb|Guts|Facade,HeadlongRush,Earthquake,Protect|||M|||50|,,,,,Ghost]Gallade||ClearAmulet|Sharpness|PsychoCut,SacredSword,WideGuard,TrickRoom|||M|||50|,,,,,Fire]Zoroark-Hisui||ChoiceSpecs|Illusion|HyperVoice,ShadowBall,Flamethrower,HyperBeam|||M|||50|,,,,,Stellar
|inactive|Battle timer is ON: inactive players will automatically lose when time's up. (requested by Boomyy)
|inactive|Barri Deagol also wants the timer to be on.
|inactive|Barri Deagol has 60 seconds left.
|
|t:|1756560936
|teamsize|p1|4
|teamsize|p2|4
|start
|switch|p1a: Ursaluna|Ursaluna, L50, F|100/100
|switch|p1b: Sinistcha|Sinistcha, L50|100/100
|switch|p2a: Indeedee|Indeedee-F, L50, F|100/100
|switch|p2b: Gallade|Gallade, L50, M|100/100
|-fieldstart|move: Psychic Terrain|[from] ability: Psychic Surge|[of] p2a: Indeedee
|-enditem|p2a: Indeedee|Psychic Seed
|-boost|p2a: Indeedee|spd|1|[from] item: Psychic Seed
|turn|1
|inactive|Boomyy has 30 seconds left.
|inactive|Boomyy has 20 seconds left.
|inactive|Boomyy has 15 seconds left.
|
|t:|1756560980
|move|p2a: Indeedee|Helping Hand|p2b: Gallade
|-singleturn|p2b: Gallade|Helping Hand|[of] p2a: Indeedee
|move|p1a: Ursaluna|Protect|p1a: Ursaluna
|-singleturn|p1a: Ursaluna|Protect
|move|p2b: Gallade|Psycho Cut|p1b: Sinistcha
|-crit|p1b: Sinistcha
|-damage|p1b: Sinistcha|0 fnt
|faint|p1b: Sinistcha
|
|-status|p1a: Ursaluna|brn|[from] item: Flame Orb
|upkeep
|
|t:|1756560992
|switch|p1b: Pelipper|Pelipper, L50, F|100/100
|-weather|RainDance|[from] ability: Drizzle|[of] p1b: Pelipper
|turn|2
|inactive|Barri Deagol has 30 seconds left.
|
|t:|1756561023
|switch|p1b: Archaludon|Archaludon, L50, F|100/100
|move|p2a: Indeedee|Follow Me|p2a: Indeedee
|-singleturn|p2a: Indeedee|move: Follow Me
|move|p1a: Ursaluna|Facade|p2a: Indeedee
|-damage|p2a: Indeedee|0 fnt
|faint|p2a: Indeedee
|move|p2b: Gallade|Psycho Cut|p1a: Ursaluna
|-damage|p1a: Ursaluna|35/100 brn
|
|-weather|RainDance|[upkeep]
|-damage|p1a: Ursaluna|29/100 brn|[from] brn
|upkeep
|
|t:|1756561036
|switch|p2a: Ursaluna|Ursaluna, L50, M|100/100
|turn|3
|inactive|Boomyy has 30 seconds left.
|inactive|Boomyy has 20 seconds left.
|inactive|Boomyy has 15 seconds left.
|
|t:|1756561080
|switch|p1b: Pelipper|Pelipper, L50, F|100/100
|move|p1a: Ursaluna|Protect|p1a: Ursaluna
|-singleturn|p1a: Ursaluna|Protect
|move|p2b: Gallade|Psycho Cut|p1a: Ursaluna
|-activate|p1a: Ursaluna|move: Protect
|move|p2a: Ursaluna|Headlong Rush|p1b: Pelipper
|-immune|p1b: Pelipper
|
|-weather|RainDance|[upkeep]
|-damage|p1a: Ursaluna|23/100 brn|[from] brn
|-status|p2a: Ursaluna|brn|[from] item: Flame Orb
|upkeep
|turn|4
|
|t:|1756561105
|-terastallize|p2a: Ursaluna|Ghost
|move|p1b: Pelipper|Tailwind|p1b: Pelipper
|-sidestart|p1: Barri Deagol|move: Tailwind
|move|p1a: Ursaluna|Earthquake|p2b: Gallade|[spread] p2a,p2b
|-immune|p1b: Pelipper
|-damage|p2a: Ursaluna|55/100 brn
|-damage|p2b: Gallade|0 fnt
|faint|p2b: Gallade
|move|p2a: Ursaluna|Facade|p1b: Pelipper
|-enditem|p1b: Pelipper|Focus Sash
|-damage|p1b: Pelipper|1/100
|
|-weather|RainDance|[upkeep]
|-damage|p1a: Ursaluna|17/100 brn|[from] brn
|-damage|p2a: Ursaluna|49/100 brn|[from] brn
|upkeep
|
|t:|1756561124
|switch|p2b: Torkoal|Torkoal, L50, M|100/100
|-weather|SunnyDay|[from] ability: Drought|[of] p2b: Torkoal
|turn|5
|
|t:|1756561134
|move|p2b: Torkoal|Protect|p2b: Torkoal
|-singleturn|p2b: Torkoal|Protect
|move|p1b: Pelipper|Muddy Water|p2b: Torkoal|[spread] p2a
|-activate|p2b: Torkoal|move: Protect
|-damage|p2a: Ursaluna|35/100 brn
|move|p1a: Ursaluna|Earthquake|p2b: Torkoal|[spread] p2a
|-activate|p2b: Torkoal|move: Protect
|-immune|p1b: Pelipper
|-damage|p2a: Ursaluna|0 fnt
|faint|p2a: Ursaluna
|
|-weather|SunnyDay|[upkeep]
|-damage|p1a: Ursaluna|11/100 brn|[from] brn
|-fieldend|move: Psychic Terrain
|upkeep
|turn|6
|-message|Boomyy forfeited.
|
|win|Barri Deagol
|l|☆Boomyy
|player|p2|
||Boomyy is ready for game 3.
