|j|☆AbadanRiyi92
|j|☆moggg
|html|AbadanRiyi92moggg    
|uhtml|bestof|Game 1 of a best-of-3
|t:|1785119026
|gametype|doubles
|player|p1|AbadanRiyi92|colress|1070
|player|p2|moggg|170|1111
|gen|9
|tier|[Gen 9 Champions] VGC 2026 Reg M-B (Bo3)
|rated|
|rule|Species Clause: Limit one of each Pokémon
|rule|Item Clause: Limit 1 of each item
|clearpoke
|poke|p1|Gengar, L50, M, shiny|
|poke|p1|Maushold-Four, L50|
|poke|p1|Annihilape, L50, F|
|poke|p1|Incineroar, L50, F|
|poke|p1|Politoed, L50, M, shiny|
|poke|p1|Archaludon, L50, M|
|poke|p2|Incineroar, L50, M|
|poke|p2|Talonflame, L50, F|
|poke|p2|Gholdengo, L50|
|poke|p2|Meganium, L50, M|
|poke|p2|Kangaskhan, L50, F|
|poke|p2|Venusaur, L50, M|
|teampreview|4
|showteam|p1|Gengar||Gengarite|CursedBody|ShadowBall,Disable,PerishSong,Protect|Timid||M|||50|]Maushold-Four||FocusSash|FriendGuard|FollowMe,Encore,BeatUp,Protect|Jolly|||||50|]Annihilape||RoseliBerry|Defiant|RageFist,DrainPunch,BulkUp,Protect|Adamant||F|||50|]Incineroar||PasshoBerry|Intimidate|PartingShot,ThroatChop,Protect,FakeOut|Sassy||F|||50|]Politoed||SitrusBerry|Drizzle|WeatherBall,Encore,PerishSong,Protect|Calm||M|||50|]Archaludon||Leftovers|Stamina|DragonPulse,FlashCannon,ElectroShot,Protect|Bold||M|||50|
|showteam|p2|Incineroar||PasshoBerry|Intimidate|FakeOut,Taunt,ThroatChop,CloseCombat|Adamant||M|||50|]Talonflame||FocusSash|GaleWings|DualWingbeat,Protect,Tailwind,FlareBlitz|Adamant||F|||50|]Gholdengo||ChoiceScarf|GoodasGold|Psychic,ShadowBall,MakeItRain,PowerGem|Modest|||||50|]Meganium||Meganiumite|Overgrow|SolarBeam,WeatherBall,DazzlingGleam,Protect|Timid||M|||50|]Kangaskhan||Kangaskhanite|InnerFocus|FakeOut,Substitute,DoubleEdge,IcePunch|Adamant||F|||50|]Venusaur||LifeOrb|Chlorophyll|SleepPowder,SolarBeam,SludgeBomb,WeatherBall|Modest||M|||50|
|inactive|Battle timer is ON: inactive players will automatically lose when time's up. (requested by moggg)
|inactive|AbadanRiyi92 has 60 seconds left.
|inactive|moggg has 60 seconds left.
|
|t:|1785119097
|teamsize|p1|4
|teamsize|p2|4
|start
|switch|p1a: Annihilape|Annihilape, L50, F|100/100
|switch|p1b: Maushold|Maushold-Four, L50|100/100
|switch|p2a: Incineroar|Incineroar, L50, M|100/100
|switch|p2b: Gholdengo|Gholdengo, L50|100/100
|-ability|p2a: Incineroar|Intimidate|boost
|-unboost|p1a: Annihilape|atk|1
|-ability|p1a: Annihilape|Defiant|boost
|-boost|p1a: Annihilape|atk|2
|-unboost|p1b: Maushold|atk|1
|turn|1
|inactive|moggg has 30 seconds left.
|inactive|moggg has 20 seconds left.
|inactive|moggg has 15 seconds left.
|inactive|moggg has 10 seconds left.
|
|t:|1785119147
|move|p1b: Maushold|Follow Me|p1b: Maushold
|-singleturn|p1b: Maushold|move: Follow Me
|move|p2b: Gholdengo|Make It Rain|p1b: Maushold|[spread] p1a,p1b
|-damage|p1a: Annihilape|65/100
|-damage|p1b: Maushold|29/100
|-unboost|p2b: Gholdengo|spa|2
|move|p1a: Annihilape|Rage Fist|p2b: Gholdengo
|-supereffective|p2b: Gholdengo|1
|-damage|p2b: Gholdengo|0 fnt
|faint|p2b: Gholdengo
|move|p2a: Incineroar|Taunt|p1b: Maushold
|-start|p1b: Maushold|move: Taunt
|
|upkeep
|
|t:|1785119162
|switch|p2b: Talonflame|Talonflame, L50, F|100/100
|turn|2
|
|t:|1785119174
|move|p1a: Annihilape|Protect|p1a: Annihilape
|-singleturn|p1a: Annihilape|Protect
|move|p2b: Talonflame|Dual Wingbeat|p1a: Annihilape
|-activate|p1a: Annihilape|move: Protect
|move|p1b: Maushold|Beat Up|p2b: Talonflame
|-damage|p2b: Talonflame|96/100
|-damage|p2b: Talonflame|94/100
|-damage|p2b: Talonflame|91/100
|-damage|p2b: Talonflame|88/100
|-hitcount|p2b: Talonflame|4
|move|p2a: Incineroar|Throat Chop|p1b: Maushold
|-damage|p1b: Maushold|0 fnt
|faint|p1b: Maushold
|
|upkeep
|
|t:|1785119190
|switch|p1b: Archaludon|Archaludon, L50, M|100/100
|turn|3
|inactive|AbadanRiyi92 has 30 seconds left.
|inactive|moggg has 30 seconds left.
|inactive|moggg has 20 seconds left.
|
|t:|1785119237
|switch|p1a: Politoed|Politoed, L50, M, shiny|100/100
|-weather|RainDance|[from] ability: Drizzle|[of] p1a: Politoed
|move|p2b: Talonflame|Tailwind|p2b: Talonflame
|-sidestart|p2: moggg|move: Tailwind
|move|p2a: Incineroar|Throat Chop|p1a: Politoed
|-damage|p1a: Politoed|61/100
|-start|p1a: Politoed|Throat Chop|[silent]
|move|p1b: Archaludon|Electro Shot||[still]
|-prepare|p1b: Archaludon|Electro Shot
|-boost|p1b: Archaludon|spa|1
|-anim|p1b: Archaludon|Electro Shot|p2b: Talonflame
|-supereffective|p2b: Talonflame|1
|-damage|p2b: Talonflame|0 fnt
|faint|p2b: Talonflame
|
|-weather|RainDance|[upkeep]
|upkeep
|
|t:|1785119251
|switch|p2b: Meganium|Meganium, L50, M|100/100
|turn|4
|
|t:|1785119267
|detailschange|p2b: Meganium|Meganium-Mega, L50, M
|-mega|p2b: Meganium|Meganium|Meganiumite
|move|p2b: Meganium|Solar Beam||[still]
|-prepare|p2b: Meganium|Solar Beam
|-activate|p2b: Meganium|ability: Mega Sol
|-anim|p2b: Meganium|Solar Beam|p1a: Politoed
|-supereffective|p1a: Politoed|1
|-damage|p1a: Politoed|0 fnt
|faint|p1a: Politoed
|move|p2a: Incineroar|Close Combat|p1b: Archaludon
|-supereffective|p1b: Archaludon|1
|-damage|p1b: Archaludon|46/100
|-unboost|p2a: Incineroar|def|1
|-unboost|p2a: Incineroar|spd|1
|-ability|p1b: Archaludon|Stamina|boost
|-boost|p1b: Archaludon|def|1
|move|p1b: Archaludon|Flash Cannon|p2b: Meganium
|-supereffective|p2b: Meganium|1
|-damage|p2b: Meganium|0 fnt
|faint|p2b: Meganium
|
|-weather|RainDance|[upkeep]
|-heal|p1b: Archaludon|52/100|[from] item: Leftovers
|upkeep
|
|t:|1785119285
|switch|p1a: Annihilape|Annihilape, L50, F|65/100
|turn|5
|-message|moggg forfeited.
|
|win|AbadanRiyi92
|l|☆moggg
|player|p2|
