|j|☆AquaShymon
|j|☆TheKuchai
|html|AquaShymonTheKuchai    
|uhtml|bestof|Game 2 of a best-of-3
|t:|1786201363
|gametype|doubles
|player|p1|AquaShymon|dawn|1005
|player|p2|TheKuchai|viola-masters|1047
|gen|9
|tier|[Gen 9 Champions] VGC 2026 Reg M-B (Bo3)
|rated|
|rule|Species Clause: Limit one of each Pokémon
|rule|Item Clause: Limit 1 of each item
|clearpoke
|poke|p1|Scrafty, L50, M|
|poke|p1|Mawile, L50, M|
|poke|p1|Farigiraf, L50, F|
|poke|p1|Torkoal, L50, M|
|poke|p1|Sylveon, L50, F|
|poke|p1|Venusaur, L50, M|
|poke|p2|Froslass, L50, F, shiny|
|poke|p2|Sneasler, L50, F|
|poke|p2|Basculegion, L50, M, shiny|
|poke|p2|Dragonite, L50, F, shiny|
|poke|p2|Kingambit, L50, F, shiny|
|poke|p2|Incineroar, L50, M|
|teampreview|4
|showteam|p1|Scrafty||Scraftinite|Intimidate|DrainPunch,KnockOff,FakeOut,Detect|Adamant||M|||50|]Mawile||Mawilite|HyperCutter|IronHead,PlayRough,SuckerPunch,SwordsDance|Brave||M|||50|]Farigiraf||ColburBerry|ArmorTail|Psychic,HelpingHand,TrickRoom,Protect|Bold||F|||50|]Torkoal||Charcoal|Drought|Eruption,WeatherBall,EarthPower,Protect|Modest||M|||50|]Sylveon||FairyFeather|Pixilate|HyperVoice,HyperBeam,QuickAttack,Detect|Modest||F|||50|]Venusaur||LifeOrb|Chlorophyll|SludgeBomb,EarthPower,SleepPowder,Protect|Modest||M|||50|
|showteam|p2|Froslass||Froslassite|CursedBody|Blizzard,ShadowBall,AuroraVeil,Protect|Modest||F|||50|]Sneasler||FocusSash|Unburden|FakeOut,CloseCombat,DireClaw,Feint|Jolly||F|||50|]Basculegion||MysticWater|Adaptability|WaveCrash,AquaJet,LastRespects,Protect|Adamant||M|||50|]Dragonite||Dragoninite|Multiscale|DragonPulse,HeatWave,Tailwind,Protect|Modest||F|||50|]Kingambit||ChopleBerry|Defiant|KowtowCleave,SuckerPunch,IronHead,LowKick|Adamant||F|||50|]Incineroar||SitrusBerry|Intimidate|FakeOut,FlareBlitz,ThroatChop,PartingShot|Adamant||M|||50|
|inactive|Battle timer is ON: inactive players will automatically lose when time's up. (requested by AquaShymon)
|inactive|TheKuchai has 60 seconds left.
|
|t:|1786201415
|teamsize|p1|4
|teamsize|p2|4
|start
|switch|p1a: Scrafty|Scrafty, L50, M|100/100
|switch|p1b: Farigiraf|Farigiraf, L50, F|100/100
|switch|p2a: Frozen(2013 film)|Froslass, L50, F, shiny|100/100
|switch|p2b: It Says Sucker|Kingambit, L50, F, shiny|100/100
|-ability|p1a: Scrafty|Intimidate|boost
|-unboost|p2a: Frozen(2013 film)|atk|1
|-unboost|p2b: It Says Sucker|atk|1
|-ability|p2b: It Says Sucker|Defiant|boost
|-boost|p2b: It Says Sucker|atk|2
|turn|1
|inactive|TheKuchai has 30 seconds left.
|inactive|TheKuchai has 20 seconds left.
|inactive|TheKuchai has 15 seconds left.
|inactive|AquaShymon has 30 seconds left.
|
|t:|1786201474
|detailschange|p2a: Frozen(2013 film)|Froslass-Mega, L50, F, shiny
|-mega|p2a: Frozen(2013 film)|Froslass|Froslassite
|-weather|Snowscape|[from] ability: Snow Warning|[of] p2a: Frozen(2013 film)
|move|p1a: Scrafty|Fake Out|p2b: It Says Sucker
|-resisted|p2b: It Says Sucker|1
|-damage|p2b: It Says Sucker|95/100
|move|p2a: Frozen(2013 film)|Aurora Veil|p2a: Frozen(2013 film)
|-sidestart|p2: TheKuchai|move: Aurora Veil
|cant|p2b: It Says Sucker|flinch
|move|p1b: Farigiraf|Trick Room|p1b: Farigiraf
|-fieldstart|move: Trick Room|[of] p1b: Farigiraf
|
|-weather|Snowscape|[upkeep]
|upkeep
|turn|2
|inactive|AquaShymon has 30 seconds left.
|inactive|TheKuchai has 30 seconds left.
|
|t:|1786201505
|switch|p1b: Torkoal|Torkoal, L50, M|100/100
|-weather|SunnyDay|[from] ability: Drought|[of] p1b: Torkoal
|move|p1a: Scrafty|Drain Punch|p2b: It Says Sucker
|-supereffective|p2b: It Says Sucker|2
|-enditem|p2b: It Says Sucker|Chople Berry|[eat]
|-enditem|p2b: It Says Sucker|Chople Berry|[weaken]
|-damage|p2b: It Says Sucker|61/100
|move|p2b: It Says Sucker|Low Kick|p1a: Scrafty
|-supereffective|p1a: Scrafty|1
|-damage|p1a: Scrafty|33/100
|move|p2a: Frozen(2013 film)|Blizzard|p1a: Scrafty|[spread] 
|-miss|p2a: Frozen(2013 film)|p1a: Scrafty
|-miss|p2a: Frozen(2013 film)|p1b: Torkoal
|
|-weather|SunnyDay|[upkeep]
|upkeep
|turn|3
|inactive|TheKuchai has 30 seconds left.
|
|t:|1786201537
|switch|p1a: Farigiraf|Farigiraf, L50, F|100/100
|switch|p2a: Vee Jay Sea Cat|Incineroar, L50, M|100/100
|-ability|p2a: Vee Jay Sea Cat|Intimidate|boost
|-unboost|p1a: Farigiraf|atk|1
|-unboost|p1b: Torkoal|atk|1
|move|p2b: It Says Sucker|Sucker Punch||[still]
|cant|p1a: Farigiraf|ability: Armor Tail|Sucker Punch|[of] p2b: It Says Sucker
|move|p1b: Torkoal|Eruption|p2a: Vee Jay Sea Cat|[spread] p2a,p2b
|-resisted|p2a: Vee Jay Sea Cat|1
|-supereffective|p2b: It Says Sucker|1
|-damage|p2a: Vee Jay Sea Cat|75/100
|-damage|p2b: It Says Sucker|0 fnt
|faint|p2b: It Says Sucker
|
|-weather|SunnyDay|[upkeep]
|upkeep
|
|t:|1786201546
|switch|p2b: Frozen(2013 film)|Froslass-Mega, L50, F, shiny|100/100
|-weather|Snowscape|[from] ability: Snow Warning|[of] p2b: Frozen(2013 film)
|turn|4
|inactive|AquaShymon has 30 seconds left.
|inactive|TheKuchai has 30 seconds left.
|inactive|TheKuchai has 20 seconds left.
|inactive|TheKuchai has 15 seconds left.
|inactive|TheKuchai has 10 seconds left.
|
|t:|1786201597
|switch|p1b: Sylveon|Sylveon, L50, F|100/100
|move|p1a: Farigiraf|Protect|p1a: Farigiraf
|-singleturn|p1a: Farigiraf|Protect
|move|p2a: Vee Jay Sea Cat|Flare Blitz|p1b: Sylveon
|-damage|p1b: Sylveon|45/100
|-damage|p2a: Vee Jay Sea Cat|59/100|[from] Recoil
|move|p2b: Frozen(2013 film)|Blizzard|p1a: Farigiraf|[spread] p1b
|-activate|p1a: Farigiraf|move: Protect
|-damage|p1b: Sylveon|10/100
|
|-weather|Snowscape|[upkeep]
|upkeep
|turn|5
|inactive|AquaShymon has 30 seconds left.
|inactive|TheKuchai has 30 seconds left.
|inactive|TheKuchai has 20 seconds left.
|inactive|TheKuchai has 15 seconds left.
|inactive|TheKuchai has 10 seconds left.
|
|t:|1786201646
|switch|p2b: last respect is bs|Basculegion, L50, M, shiny|100/100
|move|p1a: Farigiraf|Helping Hand|p1b: Sylveon
|-singleturn|p1b: Sylveon|Helping Hand|[of] p1a: Farigiraf
|move|p2a: Vee Jay Sea Cat|Flare Blitz|p1b: Sylveon
|-damage|p1b: Sylveon|0 fnt
|faint|p1b: Sylveon
|-damage|p2a: Vee Jay Sea Cat|55/100|[from] Recoil
|
|-weather|Snowscape|[upkeep]
|-sideend|p2: TheKuchai|move: Aurora Veil
|-fieldend|move: Trick Room
|upkeep
|
|t:|1786201658
|switch|p1b: Scrafty|Scrafty, L50, M|33/100
|-ability|p1b: Scrafty|Intimidate|boost
|-unboost|p2a: Vee Jay Sea Cat|atk|1
|-unboost|p2b: last respect is bs|atk|1
|turn|6
|inactive|TheKuchai has 30 seconds left.
|inactive|TheKuchai has 20 seconds left.
|
|t:|1786201695
|switch|p2a: Frozen(2013 film)|Froslass-Mega, L50, F, shiny|100/100
|detailschange|p1b: Scrafty|Scrafty-Mega, L50, M
|-mega|p1b: Scrafty|Scrafty|Scraftinite
|-ability|p1b: Scrafty|Intimidate|boost
|-unboost|p2a: Frozen(2013 film)|atk|1
|-unboost|p2b: last respect is bs|atk|1
|move|p2b: last respect is bs|Wave Crash|p1b: Scrafty
|-damage|p1b: Scrafty|0 fnt
|faint|p1b: Scrafty
|-damage|p2b: last respect is bs|90/100|[from] Recoil
|move|p1a: Farigiraf|Trick Room|p1a: Farigiraf
|-fieldstart|move: Trick Room|[of] p1a: Farigiraf
|
|-weather|Snowscape|[upkeep]
|upkeep
|
|t:|1786201706
|switch|p1b: Torkoal|Torkoal, L50, M|100/100
|-weather|SunnyDay|[from] ability: Drought|[of] p1b: Torkoal
|turn|7
|inactive|AquaShymon has 30 seconds left.
|inactive|AquaShymon has 20 seconds left.
|inactive|TheKuchai has 30 seconds left.
|inactive|AquaShymon has 15 seconds left.
|inactive|TheKuchai has 20 seconds left.
|
|t:|1786201751
|switch|p2a: Vee Jay Sea Cat|Incineroar, L50, M|55/100
|-ability|p2a: Vee Jay Sea Cat|Intimidate|boost
|-unboost|p1a: Farigiraf|atk|1
|-unboost|p1b: Torkoal|atk|1
|move|p2b: last respect is bs|Protect|p2b: last respect is bs
|-singleturn|p2b: last respect is bs|Protect
|move|p1b: Torkoal|Eruption|p2a: Vee Jay Sea Cat|[spread] p2a
|-activate|p2b: last respect is bs|move: Protect
|-resisted|p2a: Vee Jay Sea Cat|1
|-damage|p2a: Vee Jay Sea Cat|19/100
|-enditem|p2a: Vee Jay Sea Cat|Sitrus Berry|[eat]
|-heal|p2a: Vee Jay Sea Cat|44/100|[from] item: Sitrus Berry
|move|p1a: Farigiraf|Psychic|p2b: last respect is bs
|-activate|p2b: last respect is bs|move: Protect
|
|-weather|SunnyDay|[upkeep]
|upkeep
|turn|8
|inactive|TheKuchai has 30 seconds left.
|inactive|TheKuchai has 20 seconds left.
|inactive|TheKuchai has 15 seconds left.
|
|t:|1786201793
|move|p1b: Torkoal|Protect|p1b: Torkoal
|-singleturn|p1b: Torkoal|Protect
|move|p1a: Farigiraf|Psychic|p2b: last respect is bs
|-damage|p2b: last respect is bs|59/100
|move|p2a: Vee Jay Sea Cat|Throat Chop|p1b: Torkoal
|-activate|p1b: Torkoal|move: Protect
|move|p2b: last respect is bs|Last Respects|p1b: Torkoal
|-activate|p1b: Torkoal|move: Protect
|
|-weather|SunnyDay|[upkeep]
|upkeep
|turn|9
|inactive|TheKuchai has 30 seconds left.
|
|t:|1786201819
|move|p1b: Torkoal|Eruption|p2a: Vee Jay Sea Cat|[spread] p2a,p2b
|-resisted|p2a: Vee Jay Sea Cat|1
|-resisted|p2b: last respect is bs|1
|-damage|p2a: Vee Jay Sea Cat|10/100
|-damage|p2b: last respect is bs|14/100
|move|p2a: Vee Jay Sea Cat|Throat Chop|p1b: Torkoal
|-damage|p1b: Torkoal|75/100
|-start|p1b: Torkoal|Throat Chop|[silent]
|move|p1a: Farigiraf|Psychic|p2b: last respect is bs
|-damage|p2b: last respect is bs|0 fnt
|faint|p2b: last respect is bs
|
|-weather|SunnyDay|[upkeep]
|upkeep
|
|t:|1786201827
|switch|p2b: Frozen(2013 film)|Froslass-Mega, L50, F, shiny|100/100
|-weather|Snowscape|[from] ability: Snow Warning|[of] p2b: Frozen(2013 film)
|turn|10
|
|t:|1786201848
|move|p1a: Farigiraf|Helping Hand|p1b: Torkoal
|-singleturn|p1b: Torkoal|Helping Hand|[of] p1a: Farigiraf
|move|p2b: Frozen(2013 film)|Protect|p2b: Frozen(2013 film)
|-singleturn|p2b: Frozen(2013 film)|Protect
|move|p1b: Torkoal|Eruption|p2b: Frozen(2013 film)|[spread] p2a
|-activate|p2b: Frozen(2013 film)|move: Protect
|-resisted|p2a: Vee Jay Sea Cat|1
|-damage|p2a: Vee Jay Sea Cat|0 fnt
|faint|p2a: Vee Jay Sea Cat
|
|-weather|Snowscape|[upkeep]
|-end|p1b: Torkoal|Throat Chop|[silent]
|-fieldend|move: Trick Room
|upkeep
|turn|11
|
|t:|1786201866
|move|p1b: Torkoal|Protect|p1b: Torkoal
|-singleturn|p1b: Torkoal|Protect
|move|p2b: Frozen(2013 film)|Blizzard|p1b: Torkoal|[spread] p1a
|-activate|p1b: Torkoal|move: Protect
|-damage|p1a: Farigiraf|61/100
|move|p1a: Farigiraf|Trick Room|p1a: Farigiraf
|-fieldstart|move: Trick Room|[of] p1a: Farigiraf
|
|-weather|Snowscape|[upkeep]
|upkeep
|turn|12
|
|t:|1786201876
|move|p1a: Farigiraf|Helping Hand|p1b: Torkoal
|-singleturn|p1b: Torkoal|Helping Hand|[of] p1a: Farigiraf
|move|p1b: Torkoal|Eruption|p2b: Frozen(2013 film)
|-supereffective|p2b: Frozen(2013 film)|1
|-damage|p2b: Frozen(2013 film)|0 fnt
|faint|p2b: Frozen(2013 film)
|
|win|AquaShymon
|l|☆AquaShymon
|player|p1|
||TheKuchai is ready for game 3.
|inactive|AquaShymon has 30 seconds to confirm battle start!
|j|☆AquaShymon
|player|p1|AquaShymon|dawn|
