|j|☆felasmiguel
|j|☆JuanGuerrero09
|html|felasmiguelJuanGuerrero09    
|uhtml|bestof|Game 1 of a best-of-3
|t:|1756241951
|gametype|doubles
|player|p1|felasmiguel|scientist|1086
|player|p2|JuanGuerrero09|1|1169
|gen|9
|tier|[Gen 9] VGC 2025 Reg H (Bo3)
|rated|
|rule|Species Clause: Limit one of each Pokémon
|rule|Item Clause: Limit 1 of each item
|clearpoke
|poke|p1|Kingambit, L50, F|
|poke|p1|Mienshao, L50, F|
|poke|p1|Comfey, L50, M|
|poke|p1|Frosmoth, L50, M|
|poke|p1|Glimmora, L50, M|
|poke|p1|Ninetales-Alola, L50, F|
|poke|p2|Sneasler, L50, M|
|poke|p2|Indeedee, L50, M|
|poke|p2|Tyranitar, L50, M|
|poke|p2|Excadrill, L50, M|
|poke|p2|Annihilape, L50, M|
|poke|p2|Hydreigon, L50, F|
|teampreview|4
|showteam|p1|Kingambit||AssaultVest|Defiant|IronHead,KowtowCleave,SuckerPunch,ZenHeadbutt|||F|||50|,,,,,Dragon]Mienshao||FocusSash|InnerFocus|CloseCombat,FakeOut,Taunt,Coaching|||F|||50|,,,,,Fighting]Comfey||RockyHelmet|Triage|FloralHealing,DrainingKiss,Synthesis,HelpingHand|||M|||50|,,,,,Steel]Frosmoth||SafetyGoggles|IceScales|QuiverDance,IceBeam,GigaDrain,Protect|||M|||50|,,,,,Electric]Glimmora||PowerHerb|Corrosion|MeteorBeam,Toxic,SpikyShield,EarthPower|||M|||50|,,,,,Grass]Ninetales-Alola||LightClay|SnowWarning|AuroraVeil,FreezeDry,DazzlingGleam,Protect|||F|||50|,,,,,Ghost
|showteam|p2|Sneasler||PsychicSeed|Unburden|CloseCombat,DireClaw,ThroatChop,Protect|||M|||50|,,,,,Dark]Indeedee||ChoiceScarf|PsychicSurge|ExpandingForce,TeraBlast,Trick,DazzlingGleam|||M|||50|,,,,,Fire]Tyranitar||AssaultVest|SandStream|RockSlide,KnockOff,TeraBlast,LowKick|||M|||50|,,,,,Flying]Excadrill||FocusSash|SandRush|HighHorsepower,Earthquake,IronHead,Protect|||M|||50|,,,,,Ground]Annihilape||SafetyGoggles|Defiant|CloseCombat,RageFist,Taunt,FinalGambit|||M|||50|,,,,,Psychic]Hydreigon||CovertCloak|Levitate|Snarl,Tailwind,DracoMeteor,Protect|||F|||50|,,,,,Poison
|
|t:|1756241994
|teamsize|p1|4
|teamsize|p2|4
|start
|switch|p1a: Kingambit|Kingambit, L50, F|100/100
|switch|p1b: Mienshao|Mienshao, L50, F|100/100
|switch|p2a: Tyranitar|Tyranitar, L50, M|100/100
|switch|p2b: Excadrill|Excadrill, L50, M|100/100
|-weather|Sandstorm|[from] ability: Sand Stream|[of] p2a: Tyranitar
|turn|1
|inactive|Battle timer is ON: inactive players will automatically lose when time's up. (requested by JuanGuerrero09)
|
|t:|1756242075
|switch|p2a: Indeedee|Indeedee, L50, M|100/100
|-fieldstart|move: Psychic Terrain|[from] ability: Psychic Surge|[of] p2a: Indeedee
|-terastallize|p1a: Kingambit|Dragon
|move|p2b: Excadrill|High Horsepower|p1a: Kingambit
|-damage|p1a: Kingambit|53/100
|move|p1b: Mienshao|Coaching|p1a: Kingambit
|-boost|p1a: Kingambit|atk|1
|-boost|p1a: Kingambit|def|1
|move|p1a: Kingambit|Iron Head|p2a: Indeedee
|-damage|p2a: Indeedee|0 fnt
|faint|p2a: Indeedee
|
|-weather|Sandstorm|[upkeep]
|-damage|p1b: Mienshao|95/100|[from] Sandstorm
|-damage|p1a: Kingambit|47/100|[from] Sandstorm
|upkeep
|
|t:|1756242093
|switch|p2a: Tyranitar|Tyranitar, L50, M|100/100
|turn|2
|
|t:|1756242107
|switch|p1b: Comfey|Comfey, L50, M|100/100
|-terastallize|p2a: Tyranitar|Flying
|move|p2b: Excadrill|Earthquake|p1a: Kingambit|[spread] p1a,p1b
|-immune|p2a: Tyranitar
|-damage|p1a: Kingambit|24/100
|-damage|p1b: Comfey|66/100
|move|p2a: Tyranitar|Tera Blast|p1b: Comfey|[anim] Tera Blast Flying
|-damage|p1b: Comfey|28/100
|move|p1a: Kingambit|Kowtow Cleave|p2b: Excadrill
|-enditem|p2b: Excadrill|Focus Sash
|-damage|p2b: Excadrill|1/100
|
|-weather|Sandstorm|[upkeep]
|-damage|p1b: Comfey|22/100|[from] Sandstorm
|-damage|p2a: Tyranitar|95/100|[from] Sandstorm
|-damage|p1a: Kingambit|18/100|[from] Sandstorm
|upkeep
|turn|3
|inactive|felasmiguel has 30 seconds left.
|
|t:|1756242137
|move|p1b: Comfey|Floral Healing|p1a: Kingambit
|-heal|p1a: Kingambit|68/100
|move|p1a: Kingambit|Sucker Punch|p2a: Tyranitar
|-hint|Psychic Terrain doesn't affect Pokémon immune to Ground.
|-damage|p2a: Tyranitar|48/100
|move|p2b: Excadrill|High Horsepower|p1a: Kingambit
|-damage|p1a: Kingambit|41/100
|move|p2a: Tyranitar|Knock Off|p1a: Kingambit
|-damage|p1a: Kingambit|9/100
|-enditem|p1a: Kingambit|Assault Vest|[from] move: Knock Off|[of] p2a: Tyranitar
|
|-weather|Sandstorm|[upkeep]
|-damage|p1b: Comfey|16/100|[from] Sandstorm
|-damage|p2a: Tyranitar|42/100|[from] Sandstorm
|-damage|p1a: Kingambit|3/100|[from] Sandstorm
|upkeep
|turn|4
|
|t:|1756242160
|move|p2b: Excadrill|Protect|p2b: Excadrill
|-singleturn|p2b: Excadrill|Protect
|move|p1b: Comfey|Floral Healing|p1a: Kingambit
|-heal|p1a: Kingambit|53/100
|move|p2a: Tyranitar|Rock Slide|p1a: Kingambit|[spread] p1b
|-miss|p2a: Tyranitar|p1a: Kingambit
|-damage|p1b: Comfey|0 fnt
|faint|p1b: Comfey
|move|p1a: Kingambit|Iron Head|p2b: Excadrill
|-activate|p2b: Excadrill|move: Protect
|
|-weather|Sandstorm|[upkeep]
|-damage|p2a: Tyranitar|36/100|[from] Sandstorm
|-damage|p1a: Kingambit|47/100|[from] Sandstorm
|upkeep
|
|t:|1756242170
|switch|p1b: Mienshao|Mienshao, L50, F|95/100
|turn|5
|inactive|JuanGuerrero09 has 30 seconds left.
|inactive|JuanGuerrero09 has 20 seconds left.
|inactive|JuanGuerrero09 has 15 seconds left.
|inactive|JuanGuerrero09 has 10 seconds left.
|
|t:|1756242217
|move|p1b: Mienshao|Fake Out|p2a: Tyranitar
|-hint|Psychic Terrain doesn't affect Pokémon immune to Ground.
|-damage|p2a: Tyranitar|25/100
|move|p2b: Excadrill|High Horsepower|p1b: Mienshao
|-damage|p1b: Mienshao|0 fnt
|faint|p1b: Mienshao
|cant|p2a: Tyranitar|flinch
|move|p1a: Kingambit|Zen Headbutt|p2a: Tyranitar
|-damage|p2a: Tyranitar|0 fnt
|faint|p2a: Tyranitar
|
|-weather|none
|-fieldend|move: Psychic Terrain
|upkeep
|
|t:|1756242228
|switch|p1b: Glimmora|Glimmora, L50, M|100/100
|switch|p2a: Sneasler|Sneasler, L50, M|100/100
|turn|6
|
|t:|1756242247
|move|p2b: Excadrill|Protect|p2b: Excadrill
|-singleturn|p2b: Excadrill|Protect
|move|p2a: Sneasler|Close Combat|p1b: Glimmora
|-damage|p1b: Glimmora|9/100
|-unboost|p2a: Sneasler|def|1
|-unboost|p2a: Sneasler|spd|1
|move|p1b: Glimmora|Earth Power|p2b: Excadrill
|-activate|p2b: Excadrill|move: Protect
|move|p1a: Kingambit|Zen Headbutt|p2a: Sneasler
|-supereffective|p2a: Sneasler
|-damage|p2a: Sneasler|0 fnt
|faint|p2a: Sneasler
|
|upkeep
|turn|7
|
|t:|1756242263
|move|p1a: Kingambit|Sucker Punch|p2b: Excadrill
|-damage|p2b: Excadrill|0 fnt
|faint|p2b: Excadrill
|
|win|felasmiguel
||felasmiguel is ready for game 2.
|l|☆JuanGuerrero09
|player|p2|
|inactive|JuanGuerrero09 has 30 seconds to confirm battle start!
||JuanGuerrero09 is ready for game 2.
|uhtml|next|Next: Game 2 of 3
|l|☆felasmiguel
|player|p1|
|j|☆JuanGuerrero09
|player|p2|JuanGuerrero09|1|
