|j|☆erporros
|j|☆dysaghost
|html|erporrosdysaghost    
|uhtml|bestof|Game 3 of a best-of-3
|t:|1757655353
|gametype|doubles
|player|p1|erporros|blackbelt-gen4dp|1238
|player|p2|dysaghost|170|1170
|gen|9
|tier|[Gen 9] VGC 2025 Reg H (Bo3)
|rated|
|rule|Species Clause: Limit one of each Pokémon
|rule|Item Clause: Limit 1 of each item
|clearpoke
|poke|p1|Murkrow, L50, F|
|poke|p1|Dragapult, L50, M|
|poke|p1|Sneasler, L50, M|
|poke|p1|Maushold-Four, L50|
|poke|p1|Clefable, L50, F|
|poke|p1|Incineroar, L50, M|
|poke|p2|Garchomp, L50, M|
|poke|p2|Tyranitar, L50, M|
|poke|p2|Infernape, L50, M|
|poke|p2|Murkrow, L50, M|
|poke|p2|Rotom-Wash, L50|
|poke|p2|Chandelure, L50, F|
|teampreview|4
|showteam|p1|Murkrow||Eviolite|Prankster|Tailwind,Haze,SunnyDay,FoulPlay|||F|||50|,,,,,Ghost]Dragapult||ChoiceBand|ClearBody|Outrage,DragonDarts,PhantomForce,Uturn|||M|||50|,,,,,Dragon]Sneasler||FocusSash|Unburden|FakeOut,Protect,DireClaw,CloseCombat|||M|||50|,,,,,Ghost]Maushold-Four||WideLens|Technician|PopulationBomb,Protect,FollowMe,Taunt||||||50|,,,,,Ghost]Clefable||SitrusBerry|Unaware|FollowMe,Protect,Moonblast,MistyTerrain|||F|||50|,,,,,Water]Incineroar||SafetyGoggles|Intimidate|FlareBlitz,KnockOff,FakeOut,PartingShot|||M|||50|,,,,,Ghost
|showteam|p2|Garchomp||LifeOrb|RoughSkin|Earthquake,IronHead,DragonClaw,Protect|||M|||50|,,,,,Steel]Tyranitar||ClearAmulet|SandStream|KnockOff,RockSlide,TeraBlast,Protect|||M|||50|,,,,,Flying]Infernape||EjectPack|Blaze|FakeOut,AuraSphere,Overheat,Protect|||M|||50|,,,,,Stellar]Murkrow||Eviolite|Prankster|FoulPlay,Haze,Whirlwind,Tailwind|||M|||50|,,,,,Dark]Rotom-Wash||SitrusBerry|Levitate|TeraBlast,Thunderbolt,HydroPump,Protect||||||50|,,,,,Fire]Chandelure||SafetyGoggles|FlashFire|HeatWave,ShadowBall,TrickRoom,Protect|||F|||50|,,,,,Dark
|inactive|Battle timer is ON: inactive players will automatically lose when time's up. (requested by dysaghost)
|inactive|erporros has 60 seconds left.
|inactive|dysaghost has 60 seconds left.
|
|t:|1757655391
|teamsize|p1|4
|teamsize|p2|4
|start
|switch|p1a: Maushold|Maushold-Four, L50|100/100
|switch|p1b: Dragapult|Dragapult, L50, M|100/100
|switch|p2a: Garchomp|Garchomp, L50, M|100/100
|switch|p2b: Murkrow|Murkrow, L50, M|100/100
|turn|1
|
|t:|1757655414
|switch|p1b: Murkrow|Murkrow, L50, F|100/100
|-terastallize|p2a: Garchomp|Steel
|move|p2b: Murkrow|Tailwind|p2b: Murkrow
|-sidestart|p2: dysaghost|move: Tailwind
|move|p2a: Garchomp|Earthquake|p1a: Maushold|[spread] p1a
|-immune|p2b: Murkrow
|-immune|p1b: Murkrow
|-damage|p1a: Maushold|22/100
|-damage|p2a: Garchomp|91/100|[from] item: Life Orb
|move|p1a: Maushold|Population Bomb|p2b: Murkrow
|-damage|p2b: Murkrow|85/100
|-damage|p2b: Murkrow|72/100
|-damage|p2b: Murkrow|58/100
|-damage|p2b: Murkrow|44/100
|-damage|p2b: Murkrow|31/100
|-damage|p2b: Murkrow|17/100
|-damage|p2b: Murkrow|4/100
|-damage|p2b: Murkrow|0 fnt
|faint|p2b: Murkrow
|-hitcount|p2: Murkrow|8
|
|upkeep
|
|t:|1757655422
|switch|p2b: Tyranitar|Tyranitar, L50, M|100/100
|-weather|Sandstorm|[from] ability: Sand Stream|[of] p2b: Tyranitar
|turn|2
|inactive|erporros has 30 seconds left.
|inactive|erporros has 20 seconds left.
|inactive|erporros has 15 seconds left.
|
|t:|1757655467
|move|p1a: Maushold|Protect|p1a: Maushold
|-singleturn|p1a: Maushold|Protect
|move|p1b: Murkrow|Tailwind|p1b: Murkrow
|-sidestart|p1: erporros|move: Tailwind
|move|p2a: Garchomp|Iron Head|p1b: Murkrow
|-damage|p1b: Murkrow|44/100
|-damage|p2a: Garchomp|81/100|[from] item: Life Orb
|move|p2b: Tyranitar|Rock Slide|p1b: Murkrow|[spread] p1b
|-activate|p1a: Maushold|move: Protect
|-supereffective|p1b: Murkrow
|-damage|p1b: Murkrow|0 fnt
|faint|p1b: Murkrow
|
|-weather|Sandstorm|[upkeep]
|-damage|p1a: Maushold|16/100|[from] Sandstorm
|upkeep
|
|t:|1757655485
|switch|p1b: Dragapult|Dragapult, L50, M|100/100
|turn|3
|
|t:|1757655505
|move|p1b: Dragapult|Phantom Force||[still]
|-prepare|p1b: Dragapult|Phantom Force
|move|p2a: Garchomp|Iron Head|p1a: Maushold
|-damage|p1a: Maushold|0 fnt
|faint|p1a: Maushold
|-damage|p2a: Garchomp|71/100|[from] item: Life Orb
|move|p2b: Tyranitar|Knock Off|p1b: Dragapult|[miss]
|-miss|p2b: Tyranitar|p1b: Dragapult
|
|-weather|Sandstorm|[upkeep]
|-damage|p1b: Dragapult|94/100|[from] Sandstorm
|upkeep
|
|t:|1757655514
|switch|p1a: Clefable|Clefable, L50, F|100/100
|turn|4
|
|t:|1757655523
|move|p1a: Clefable|Follow Me|p1a: Clefable
|-singleturn|p1a: Clefable|move: Follow Me
|move|p1b: Dragapult|Phantom Force|p2a: Garchomp|[from] lockedmove
|-damage|p2a: Garchomp|0 fnt
|-damage|p1b: Dragapult|82/100|[from] ability: Rough Skin|[of] p2a: Garchomp
|faint|p2a: Garchomp
|move|p2b: Tyranitar|Rock Slide|p1a: Clefable|[spread] p1a,p1b
|-damage|p1a: Clefable|73/100
|-damage|p1b: Dragapult|35/100
|
|-weather|Sandstorm|[upkeep]
|-damage|p1b: Dragapult|29/100|[from] Sandstorm
|-damage|p1a: Clefable|67/100|[from] Sandstorm
|-sideend|p2: dysaghost|move: Tailwind
|upkeep
|
|t:|1757655535
|switch|p2a: Infernape|Infernape, L50, M|100/100
|turn|5
|
|t:|1757655550
|move|p1a: Clefable|Protect|p1a: Clefable
|-singleturn|p1a: Clefable|Protect
|move|p1b: Dragapult|Phantom Force||[still]
|-prepare|p1b: Dragapult|Phantom Force
|move|p2a: Infernape|Overheat|p1a: Clefable
|-activate|p1a: Clefable|move: Protect
|move|p2b: Tyranitar|Rock Slide|p1a: Clefable|[spread] 
|-miss|p2b: Tyranitar|p1b: Dragapult
|-activate|p1a: Clefable|move: Protect
|
|-weather|Sandstorm|[upkeep]
|-damage|p1b: Dragapult|22/100|[from] Sandstorm
|-damage|p2a: Infernape|95/100|[from] Sandstorm
|-damage|p1a: Clefable|61/100|[from] Sandstorm
|-sideend|p1: erporros|move: Tailwind
|upkeep
|turn|6
|
|t:|1757655570
|move|p1b: Dragapult|Phantom Force|p2a: Infernape|[from] lockedmove
|-damage|p2a: Infernape|0 fnt
|faint|p2a: Infernape
|move|p2b: Tyranitar|Rock Slide|p1a: Clefable|[spread] p1a,p1b
|-damage|p1a: Clefable|34/100
|-damage|p1b: Dragapult|0 fnt
|-enditem|p1a: Clefable|Sitrus Berry|[eat]
|-heal|p1a: Clefable|59/100|[from] item: Sitrus Berry
|faint|p1b: Dragapult
|cant|p1a: Clefable|flinch
|
|-weather|none
|upkeep
|turn|7
|c|☆erporros|Noway
|
|t:|1757655589
|move|p2b: Tyranitar|Rock Slide|p1a: Clefable
|-damage|p1a: Clefable|24/100
|move|p1a: Clefable|Moonblast|p2b: Tyranitar
|-supereffective|p2b: Tyranitar
|-damage|p2b: Tyranitar|44/100
|
|upkeep
|turn|8
|
|t:|1757655606
|move|p2b: Tyranitar|Rock Slide|p1a: Clefable
|-damage|p1a: Clefable|0 fnt
|faint|p1a: Clefable
|
|win|dysaghost
|raw|erporros's rating: 1238 → 1208(-30 for losing)
|raw|dysaghost's rating: 1170 → 1200(+30 for winning)
|l|☆dysaghost
|player|p2|
