|j|☆Oreo_Stars
|j|☆chestnot
|html|Oreo_Starschestnot    
|uhtml|bestof|Game 1 of a best-of-3
|t:|1757823819
|gametype|doubles
|player|p1|Oreo_Stars|102|1154
|player|p2|chestnot|collector|1024
|gen|9
|tier|[Gen 9] VGC 2025 Reg H (Bo3)
|rated|
|rule|Species Clause: Limit one of each Pokémon
|rule|Item Clause: Limit 1 of each item
|clearpoke
|poke|p1|Dondozo, L50, F|
|poke|p1|Rillaboom, L50, M|
|poke|p1|Ursaluna-Bloodmoon, L50, M|
|poke|p1|Sneasler, L50, M|
|poke|p1|Electabuzz, L50, M|
|poke|p1|Gholdengo, L50|
|poke|p2|Dragapult, L50, M|
|poke|p2|Sableye, L50, F|
|poke|p2|Volcarona, L50, M|
|poke|p2|Oranguru, L50, M|
|poke|p2|Rillaboom, L50, M|
|poke|p2|Primarina, L50, F|
|teampreview|4
|showteam|p1|Dondozo||Leftovers|Unaware|Protect,Yawn,WaveCrash,Fissure|||F|||50|,,,,,Poison]Rillaboom||MiracleSeed|GrassySurge|FakeOut,WoodHammer,GrassyGlide,HighHorsepower|||M|||50|,,,,,Fire]Ursaluna-Bloodmoon||ChoiceSpecs|MindsEye|BloodMoon,EarthPower,HyperVoice,Snarl|||M|||50|,,,,,Ghost]Sneasler||GrassySeed|Unburden|Protect,Acrobatics,CloseCombat,DireClaw|||M|||50|,,,,,Flying]Electabuzz||Eviolite|VitalSpirit|Protect,Electroweb,Thunderbolt,FollowMe|||M|||50|,,,,,Fairy]Gholdengo||LifeOrb|GoodasGold|Protect,MakeItRain,ShadowBall,NastyPlot||||||50|,,,,,Water
|showteam|p2|Dragapult||LifeOrb|ClearBody|TeraBlast,DragonDance,DragonDarts,Protect|||M|||50|,,,,,Ghost]Sableye||LightClay|Prankster|WillOWisp,Snarl,LightScreen,Reflect|||F|||50|,,,,,Dark]Volcarona||GrassySeed|FlameBody|StruggleBug,FieryDance,QuiverDance,Protect|||M|||50|,,,,,Bug]Oranguru||SafetyGoggles|InnerFocus|Instruct,Yawn,Taunt,FutureSight|||M|||50|,,,,,Dark]Rillaboom||MiracleSeed|GrassySurge|GrassyGlide,WoodHammer,FakeOut,HighHorsepower|||M|||50|,,,,,Grass]Primarina||AssaultVest|LiquidVoice|HyperVoice,Moonblast,EnergyBall,IceBeam|||F|||50|,,,,,Poison
|inactive|Battle timer is ON: inactive players will automatically lose when time's up. (requested by chestnot)
|inactive|Oreo_Stars also wants the timer to be on.
|inactive|Oreo_Stars has 60 seconds left.
|inactive|chestnot has 60 seconds left.
|
|t:|1757823865
|teamsize|p1|4
|teamsize|p2|4
|start
|switch|p1a: Electabuzz|Electabuzz, L50, M|100/100
|switch|p1b: Gholdengo|Gholdengo, L50|100/100
|switch|p2a: Rillaboom|Rillaboom, L50, M|100/100
|switch|p2b: Primarina|Primarina, L50, F|100/100
|-fieldstart|move: Grassy Terrain|[from] ability: Grassy Surge|[of] p2a: Rillaboom
|turn|1
|inactive|chestnot has 30 seconds left.
|inactive|chestnot has 20 seconds left.
|inactive|chestnot has 15 seconds left.
|inactive|chestnot has 10 seconds left.
|
|t:|1757823911
|move|p1a: Electabuzz|Electroweb|p2b: Primarina|[spread] p2a,p2b
|-resisted|p2a: Rillaboom
|-supereffective|p2b: Primarina
|-damage|p2a: Rillaboom|91/100
|-damage|p2b: Primarina|84/100
|-unboost|p2a: Rillaboom|spe|1
|-unboost|p2b: Primarina|spe|1
|move|p1b: Gholdengo|Nasty Plot|p1b: Gholdengo
|-boost|p1b: Gholdengo|spa|2
|move|p2a: Rillaboom|High Horsepower|p1a: Electabuzz
|-supereffective|p1a: Electabuzz
|-damage|p1a: Electabuzz|45/100
|move|p2b: Primarina|Moonblast|p1b: Gholdengo
|-resisted|p1b: Gholdengo
|-damage|p1b: Gholdengo|75/100
|
|-heal|p1a: Electabuzz|51/100|[from] Grassy Terrain
|-heal|p1b: Gholdengo|82/100|[from] Grassy Terrain
|-heal|p2a: Rillaboom|96/100|[from] Grassy Terrain
|-heal|p2b: Primarina|90/100|[from] Grassy Terrain
|upkeep
|turn|2
|
|t:|1757823931
|move|p1a: Electabuzz|Follow Me|p1a: Electabuzz
|-singleturn|p1a: Electabuzz|move: Follow Me
|move|p1b: Gholdengo|Shadow Ball|p2a: Rillaboom
|-damage|p2a: Rillaboom|0 fnt
|faint|p2a: Rillaboom
|-damage|p1b: Gholdengo|72/100|[from] item: Life Orb
|move|p2b: Primarina|Hyper Voice|p1b: Gholdengo|[spread] p1a,p1b
|-damage|p1a: Electabuzz|20/100
|-damage|p1b: Gholdengo|36/100
|
|-heal|p1a: Electabuzz|26/100|[from] Grassy Terrain
|-heal|p1b: Gholdengo|42/100|[from] Grassy Terrain
|-heal|p2b: Primarina|96/100|[from] Grassy Terrain
|upkeep
|
|t:|1757823951
|switch|p2a: Oranguru|Oranguru, L50, M|100/100
|turn|3
|
|t:|1757823970
|-terastallize|p2b: Primarina|Poison
|move|p1a: Electabuzz|Thunderbolt|p2b: Primarina
|-damage|p2b: Primarina|79/100
|move|p1b: Gholdengo|Shadow Ball|p2b: Primarina
|-damage|p2b: Primarina|22/100
|-damage|p1b: Gholdengo|32/100|[from] item: Life Orb
|move|p2a: Oranguru|Taunt|p1a: Electabuzz
|-start|p1a: Electabuzz|move: Taunt
|move|p2b: Primarina|Hyper Voice|p1b: Gholdengo|[spread] p1a,p1b
|-damage|p1a: Electabuzz|0 fnt
|-damage|p1b: Gholdengo|0 fnt
|faint|p1a: Electabuzz
|faint|p1b: Gholdengo
|
|-heal|p2b: Primarina|28/100|[from] Grassy Terrain
|upkeep
|
|t:|1757823975
|switch|p1a: Rillaboom|Rillaboom, L50, M|100/100
|switch|p1b: Sneasler|Sneasler, L50, M|100/100
|-enditem|p1b: Sneasler|Grassy Seed
|-boost|p1b: Sneasler|def|1|[from] item: Grassy Seed
|turn|4
|inactive|chestnot has 30 seconds left.
|
|t:|1757824006
|-terastallize|p1b: Sneasler|Flying
|move|p1b: Sneasler|Acrobatics|p2b: Primarina
|-damage|p2b: Primarina|0 fnt
|faint|p2b: Primarina
|move|p1a: Rillaboom|Wood Hammer|p2a: Oranguru
|-damage|p2a: Oranguru|0 fnt
|faint|p2a: Oranguru
|-damage|p1a: Rillaboom|67/100|[from] Recoil
|
|-heal|p1a: Rillaboom|73/100|[from] Grassy Terrain
|upkeep
|
|t:|1757824023
|switch|p2b: Dragapult|Dragapult, L50, M|100/100
|turn|5
|
|t:|1757824029
|move|p1b: Sneasler|Dire Claw|p2b: Dragapult
|-resisted|p2b: Dragapult
|-damage|p2b: Dragapult|65/100
|-status|p2b: Dragapult|par
|move|p1a: Rillaboom|High Horsepower|p2b: Dragapult
|-damage|p2b: Dragapult|16/100 par
|move|p2b: Dragapult|Dragon Darts|p1a: Rillaboom
|-damage|p1a: Rillaboom|36/100
|-anim|p2b: Dragapult|Dragon Darts|p1b: Sneasler
|-damage|p1b: Sneasler|68/100
|-damage|p2b: Dragapult|7/100 par|[from] item: Life Orb
|
|-heal|p1a: Rillaboom|43/100|[from] Grassy Terrain
|-heal|p2b: Dragapult|13/100 par|[from] Grassy Terrain
|-fieldend|move: Grassy Terrain
|upkeep
|turn|6
|
|t:|1757824044
|move|p1b: Sneasler|Acrobatics|p2b: Dragapult
|-damage|p2b: Dragapult|0 fnt
|faint|p2b: Dragapult
|
|win|Oreo_Stars
||Oreo_Stars is ready for game 2.
||chestnot is ready for game 2.
|uhtml|next|Next: Game 2 of 3
