|j|☆555jjjhjhjhj
|j|☆sarkysays
|html|555jjjhjhjhjsarkysays    
|uhtml|bestof|Game 2 of a best-of-3
|t:|1783410142
|gametype|doubles
|player|p1|555jjjhjhjhj|2|1107
|player|p2|sarkysays|101|1106
|gen|9
|tier|[Gen 9 Champions] VGC 2026 Reg M-B (Bo3)
|rated|
|rule|Species Clause: Limit one of each Pokémon
|rule|Item Clause: Limit 1 of each item
|clearpoke
|poke|p1|Eelektross, L50, M|
|poke|p1|Garchomp, L50, M|
|poke|p1|Staraptor, L50, M|
|poke|p1|Whimsicott, L50, M|
|poke|p1|Sinistcha, L50|
|poke|p1|Incineroar, L50, M|
|poke|p2|Meganium, L50, M|
|poke|p2|Volcarona, L50, M|
|poke|p2|Metagross, L50|
|poke|p2|Overqwil, L50, M|
|poke|p2|Pelipper, L50, F|
|poke|p2|Garchomp, L50, F|
|teampreview|4
|showteam|p1|Eelektross||Eelektrossite|Levitate|Thunderbolt,Protect,GigaDrain,FlashCannon|Timid||M|||50|]Garchomp||LifeOrb|RoughSkin|Earthquake,IronHead,RockSlide,StompingTantrum|Jolly||M|||50|]Staraptor||Staraptite|Intimidate|Protect,BraveBird,CloseCombat,Roost|Adamant||M|||50|]Whimsicott||FocusSash|Prankster|Encore,Tailwind,Tickle,Moonblast|Bold||M|||50|]Sinistcha||CobaBerry|Hospitality|Protect,RagePowder,MatchaGotcha,StrengthSap|Bold|||||50|]Incineroar||SitrusBerry|Intimidate|FakeOut,PartingShot,FlareBlitz,ThroatChop|Adamant||M|||50|
|showteam|p2|Meganium||Meganiumite|Overgrow|DazzlingGleam,SolarBeam,Protect,WeatherBall|Modest||M|||50|]Volcarona||FocusSash|FlameBody|RagePowder,Tailwind,HeatWave,LightScreen|Modest||M|||50|]Metagross||Metagrossite|ClearBody|PsychicFangs,Earthquake,IronHead,Protect|Jolly|||||50|]Overqwil||ExpertBelt|Intimidate|Crunch,Taunt,BarbBarrage,Protect|Adamant||M|||50|]Pelipper||MysticWater|Drizzle|Hurricane,WeatherBall,IceBeam,WideGuard|Modest||F|||50|]Garchomp||Leftovers|RoughSkin|StompingTantrum,DragonClaw,RockSlide,Protect|Jolly||F|||50|
|inactive|Battle timer is ON: inactive players will automatically lose when time's up. (requested by sarkysays)
|inactive|sarkysays has 60 seconds left.
|
|t:|1783410180
|teamsize|p1|4
|teamsize|p2|4
|start
|switch|p1a: Garchomp|Garchomp, L50, M|100/100
|switch|p1b: Whimsicott|Whimsicott, L50, M|100/100
|switch|p2a: Meganium|Meganium, L50, M|100/100
|switch|p2b: Volcarona|Volcarona, L50, M|100/100
|turn|1
|
|t:|1783410205
|detailschange|p2a: Meganium|Meganium-Mega, L50, M
|-mega|p2a: Meganium|Meganium|Meganiumite
|move|p1b: Whimsicott|Tickle|p2a: Meganium
|-unboost|p2a: Meganium|atk|1
|-unboost|p2a: Meganium|def|1
|move|p1a: Garchomp|Iron Head|p2a: Meganium
|-supereffective|p2a: Meganium|1
|-damage|p2a: Meganium|0 fnt
|faint|p2a: Meganium
|-damage|p1a: Garchomp|90/100|[from] item: Life Orb
|move|p2b: Volcarona|Heat Wave|p1a: Garchomp|[spread] p1a,p1b
|-resisted|p1a: Garchomp|1
|-supereffective|p1b: Whimsicott|1
|-damage|p1a: Garchomp|65/100
|-enditem|p1b: Whimsicott|Focus Sash
|-damage|p1b: Whimsicott|1/100
|-status|p1a: Garchomp|brn
|-status|p1b: Whimsicott|brn
|
|-damage|p1a: Garchomp|60/100 brn|[from] brn
|-damage|p1b: Whimsicott|0 fnt|[from] brn
|faint|p1b: Whimsicott
|upkeep
|
|t:|1783410224
|switch|p1b: Incineroar|Incineroar, L50, M|100/100
|switch|p2a: Garchomp|Garchomp, L50, F|100/100
|-ability|p1b: Incineroar|Intimidate|boost
|-unboost|p2a: Garchomp|atk|1
|-unboost|p2b: Volcarona|atk|1
|turn|2
|
|t:|1783410236
|move|p2a: Garchomp|Protect|p2a: Garchomp
|-singleturn|p2a: Garchomp|Protect
|move|p1b: Incineroar|Fake Out|p2a: Garchomp
|-activate|p2a: Garchomp|move: Protect
|move|p1a: Garchomp|Rock Slide|p2a: Garchomp|[spread] p2b
|-activate|p2a: Garchomp|move: Protect
|-supereffective|p2b: Volcarona|2
|-damage|p2b: Volcarona|25/100
|-damage|p1a: Garchomp|50/100g brn|[from] item: Life Orb
|move|p2b: Volcarona|Tailwind|p2b: Volcarona
|-sidestart|p2: sarkysays|move: Tailwind
|
|-damage|p1a: Garchomp|44/100 brn|[from] brn
|upkeep
|turn|3
|
|t:|1783410258
|move|p2b: Volcarona|Rage Powder|p2b: Volcarona
|-singleturn|p2b: Volcarona|move: Rage Powder
|move|p2a: Garchomp|Stomping Tantrum|p1b: Incineroar
|-supereffective|p1b: Incineroar|1
|-damage|p1b: Incineroar|48/100
|-enditem|p1b: Incineroar|Sitrus Berry|[eat]
|-heal|p1b: Incineroar|73/100|[from] item: Sitrus Berry
|move|p1a: Garchomp|Rock Slide|p2a: Garchomp|[spread] p2a
|-miss|p1a: Garchomp|p2b: Volcarona
|-resisted|p2a: Garchomp|1
|-damage|p2a: Garchomp|94/100
|-damage|p1a: Garchomp|34/100 brn|[from] item: Life Orb
|move|p1b: Incineroar|Parting Shot|p2b: Volcarona
|-unboost|p2b: Volcarona|atk|1
|-unboost|p2b: Volcarona|spa|1
|
|t:|1783410274
|switch|p1b: Staraptor|Staraptor, L50, M|100/100|[from] Parting Shot
|-ability|p1b: Staraptor|Intimidate|boost
|-unboost|p2a: Garchomp|atk|1
|-unboost|p2b: Volcarona|atk|1
|
|-heal|p2a: Garchomp|100/100|[from] item: Leftovers
|-damage|p1a: Garchomp|28/100 brn|[from] brn
|upkeep
|turn|4
|
|t:|1783410284
|switch|p1b: Incineroar|Incineroar, L50, M|73/100
|-ability|p1b: Incineroar|Intimidate|boost
|-unboost|p2a: Garchomp|atk|1
|-unboost|p2b: Volcarona|atk|1
|move|p2a: Garchomp|Rock Slide|p1a: Garchomp|[spread] p1a,p1b
|-resisted|p1a: Garchomp|1
|-supereffective|p1b: Incineroar|1
|-damage|p1a: Garchomp|24/100 brn
|-damage|p1b: Incineroar|58/100
|move|p2b: Volcarona|Heat Wave|p1b: Incineroar|[spread] p1a,p1b
|-resisted|p1a: Garchomp|1
|-resisted|p1b: Incineroar|1
|-damage|p1a: Garchomp|8/100 brn
|-damage|p1b: Incineroar|44/100
|move|p1a: Garchomp|Rock Slide|p2b: Volcarona|[spread] p2a,p2b
|-resisted|p2a: Garchomp|1
|-supereffective|p2b: Volcarona|2
|-damage|p2a: Garchomp|93/100
|-damage|p2b: Volcarona|0 fnt
|faint|p2b: Volcarona
|-damage|p1a: Garchomp|0 fnt|[from] item: Life Orb
|faint|p1a: Garchomp
|
|-heal|p2a: Garchomp|99/100|[from] item: Leftovers
|upkeep
|
|t:|1783410303
|switch|p1a: Staraptor|Staraptor, L50, M|100/100
|switch|p2b: Overqwil|Overqwil, L50, M|100/100
|-ability|p2b: Overqwil|Intimidate|boost
|-unboost|p1a: Staraptor|atk|1
|-unboost|p1b: Incineroar|atk|1
|-ability|p1a: Staraptor|Intimidate|boost
|-unboost|p2a: Garchomp|atk|1
|-unboost|p2b: Overqwil|atk|1
|turn|5
|
|t:|1783410326
|detailschange|p1a: Staraptor|Staraptor-Mega, L50, M
|-mega|p1a: Staraptor|Staraptor|Staraptite
|move|p1b: Incineroar|Fake Out|p2b: Overqwil
|-damage|p2b: Overqwil|89/100
|move|p2a: Garchomp|Rock Slide|p1b: Incineroar|[spread] p1b
|-miss|p2a: Garchomp|p1a: Staraptor
|-supereffective|p1b: Incineroar|1
|-damage|p1b: Incineroar|31/100
|cant|p2b: Overqwil|flinch
|move|p1a: Staraptor|Close Combat|p2b: Overqwil
|-damage|p2b: Overqwil|33/100
|-boost|p1a: Staraptor|def|1
|-boost|p1a: Staraptor|spd|1
|
|-heal|p2a: Garchomp|100/100|[from] item: Leftovers
|-sideend|p2: sarkysays|move: Tailwind
|upkeep
|turn|6
|
|t:|1783410346
|move|p1a: Staraptor|Protect|p1a: Staraptor
|-singleturn|p1a: Staraptor|Protect
|move|p2a: Garchomp|Rock Slide|p1a: Staraptor|[spread] p1b
|-activate|p1a: Staraptor|move: Protect
|-supereffective|p1b: Incineroar|1
|-damage|p1b: Incineroar|17/100
|move|p2b: Overqwil|Barb Barrage|p1a: Staraptor
|-activate|p1a: Staraptor|move: Protect
|cant|p1b: Incineroar|flinch
|
|upkeep
|turn|7
|
|t:|1783410368
|move|p2a: Garchomp|Rock Slide|p1b: Incineroar|[spread] p1a,p1b
|-crit|p1a: Staraptor
|-supereffective|p1b: Incineroar|1
|-damage|p1a: Staraptor|69/100
|-damage|p1b: Incineroar|2/100
|move|p1a: Staraptor|Close Combat|p2b: Overqwil
|-damage|p2b: Overqwil|0 fnt
|-boost|p1a: Staraptor|def|1
|-boost|p1a: Staraptor|spd|1
|faint|p2b: Overqwil
|move|p1b: Incineroar|Flare Blitz|p2a: Garchomp
|-resisted|p2a: Garchomp|1
|-damage|p2a: Garchomp|77/100
|-damage|p1b: Incineroar|0 fnt|[from] ability: Rough Skin|[of] p2a: Garchomp
|faint|p1b: Incineroar
|
|-heal|p2a: Garchomp|83/100|[from] item: Leftovers
|upkeep
|turn|8
|
|t:|1783410385
|move|p2a: Garchomp|Dragon Claw|p1a: Staraptor
|-damage|p1a: Staraptor|62/100
|move|p1a: Staraptor|Close Combat|p2a: Garchomp
|-crit|p2a: Garchomp
|-damage|p2a: Garchomp|0 fnt
|-boost|p1a: Staraptor|def|1
|-boost|p1a: Staraptor|spd|1
|-damage|p1a: Staraptor|50/100g|[from] ability: Rough Skin|[of] p2a: Garchomp
|faint|p2a: Garchomp
|
|win|555jjjhjhjhj
