|j|☆owly009
|j|☆SirNeru
|html|owly009SirNeru    
|uhtml|bestof|Game 1 of a best-of-3
|t:|1757860588
|gametype|doubles
|player|p1|owly009|101|1055
|player|p2|SirNeru|2|1100
|gen|9
|tier|[Gen 9] VGC 2025 Reg H (Bo3)
|rated|
|rule|Species Clause: Limit one of each Pokémon
|rule|Item Clause: Limit 1 of each item
|clearpoke
|poke|p1|Armarouge, L50, M|
|poke|p1|Primarina, L50, F|
|poke|p1|Indeedee-F, L50, F|
|poke|p1|Sneasler, L50, M|
|poke|p1|Decidueye-Hisui, L50, F|
|poke|p1|Pelipper, L50, M|
|poke|p2|Tyranitar, L50, M|
|poke|p2|Excadrill, L50, M|
|poke|p2|Gholdengo, L50|
|poke|p2|Salamence, L50, F|
|poke|p2|Maushold-Four, L50|
|poke|p2|Annihilape, L50, F|
|teampreview|4
|showteam|p1|Armarouge||WeaknessPolicy|WeakArmor|HeatWave,ExpandingForce,TrickRoom,Protect|||M|||50|,,,,,Fire]Primarina||AssaultVest|LiquidVoice|HyperVoice,DazzlingGleam,EnergyBall,AquaJet|||F|||50|,,,,,Poison]Indeedee-F||SafetyGoggles|PsychicSurge|DazzlingGleam,HelpingHand,FollowMe,TrickRoom|||F|||50|,,,,,Fairy]Sneasler||PsychicSeed|Unburden|CloseCombat,SwordsDance,Acrobatics,Protect|||M|||50|,,,,,Flying]Decidueye-Hisui||ScopeLens|Scrappy|TripleArrows,LeafBlade,Haze,Protect|||F|||50|,,,,,Fire]Pelipper||CovertCloak|Drizzle|Hurricane,Tailwind,WeatherBall,WideGuard|||M|||50|,,,,,Water
|showteam|p2|Tyranitar||AssaultVest|SandStream|RockSlide,LowKick,KnockOff,TeraBlast|||M|||50|,,,,,Flying]Excadrill||FocusSash|SandRush|Earthquake,RockSlide,Protect,SwordsDance|||M|||50|,,,,,Stellar]Gholdengo||LifeOrb|GoodasGold|MakeItRain,Protect,NastyPlot,ShadowBall||||||50|,,,,,Dragon]Salamence||CovertCloak|Intimidate|Tailwind,HeatWave,DracoMeteor,AirSlash|||F|||50|,,,,,Fire]Maushold-Four||SafetyGoggles|FriendGuard|Taunt,FollowMe,BeatUp,Encore||||||50|,,,,,Ghost]Annihilape||Leftovers|Defiant|DrainPunch,BulkUp,RageFist,Protect|||F|||50|,,,,,Water
|inactive|Battle timer is ON: inactive players will automatically lose when time's up. (requested by owly009)
|inactive|owly009 has 60 seconds left.
|
|t:|1757860668
|teamsize|p1|4
|teamsize|p2|4
|start
|switch|p1a: Primarina|Primarina, L50, F|100/100
|switch|p1b: Indeedee|Indeedee-F, L50, F, shiny|100/100
|switch|p2a: Gholdengo|Gholdengo, L50|100/100
|switch|p2b: Tyranitar|Tyranitar, L50, M, shiny|100/100
|-fieldstart|move: Psychic Terrain|[from] ability: Psychic Surge|[of] p1b: Indeedee
|-weather|Sandstorm|[from] ability: Sand Stream|[of] p2b: Tyranitar
|turn|1
|
|t:|1757860688
|move|p2a: Gholdengo|Make It Rain|p1a: Primarina|[spread] p1a,p1b
|-damage|p1a: Primarina|66/100
|-damage|p1b: Indeedee|46/100
|-unboost|p2a: Gholdengo|spa|1
|-damage|p2a: Gholdengo|91/100|[from] item: Life Orb
|move|p1a: Primarina|Hyper Voice|p2b: Tyranitar|[spread] p2a,p2b
|-supereffective|p2b: Tyranitar
|-damage|p2a: Gholdengo|48/100
|-damage|p2b: Tyranitar|71/100
|move|p2b: Tyranitar|Rock Slide|p1b: Indeedee|[spread] p1a,p1b
|-damage|p1a: Primarina|28/100
|-damage|p1b: Indeedee|13/100
|move|p1b: Indeedee|Trick Room|p1b: Indeedee
|-fieldstart|move: Trick Room|[of] p1b: Indeedee
|
|-weather|Sandstorm|[upkeep]
|-damage|p1a: Primarina|22/100|[from] Sandstorm
|upkeep
|turn|2
|
|t:|1757860712
|switch|p1a: Decidueye|Decidueye-Hisui, L50, F|100/100
|move|p2b: Tyranitar|Rock Slide|p1a: Decidueye|[spread] p1a
|-miss|p2b: Tyranitar|p1b: Indeedee
|-resisted|p1a: Decidueye
|-damage|p1a: Decidueye|82/100
|move|p1b: Indeedee|Dazzling Gleam|p2a: Gholdengo|[spread] p2a,p2b
|-resisted|p2a: Gholdengo
|-supereffective|p2b: Tyranitar
|-damage|p2a: Gholdengo|40/100
|-damage|p2b: Tyranitar|61/100
|move|p2a: Gholdengo|Nasty Plot|p2a: Gholdengo
|-boost|p2a: Gholdengo|spa|2
|
|-weather|Sandstorm|[upkeep]
|-damage|p1a: Decidueye|76/100|[from] Sandstorm
|upkeep
|turn|3
|inactive|owly009 has 30 seconds left.
|inactive|owly009 has 20 seconds left.
|
|t:|1757860747
|-terastallize|p2b: Tyranitar|Flying
|move|p1a: Decidueye|Protect|p1a: Decidueye
|-singleturn|p1a: Decidueye|Protect
|move|p2a: Gholdengo|Protect|p2a: Gholdengo
|-singleturn|p2a: Gholdengo|Protect
|move|p2b: Tyranitar|Tera Blast|p1a: Decidueye|[anim] Tera Blast Flying
|-activate|p1a: Decidueye|move: Protect
|move|p1b: Indeedee|Trick Room|p1b: Indeedee
|-fieldend|move: Trick Room
|
|-weather|Sandstorm|[upkeep]
|-damage|p1a: Decidueye|70/100|[from] Sandstorm
|-damage|p2b: Tyranitar|55/100|[from] Sandstorm
|upkeep
|turn|4
|inactive|owly009 has 30 seconds left.
|
|t:|1757860781
|move|p2a: Gholdengo|Shadow Ball|p1a: Decidueye
|-damage|p1a: Decidueye|0 fnt
|faint|p1a: Decidueye
|-damage|p2a: Gholdengo|31/100|[from] item: Life Orb
|move|p1b: Indeedee|Dazzling Gleam|p2b: Tyranitar|[spread] p2a,p2b
|-resisted|p2a: Gholdengo
|-damage|p2a: Gholdengo|22/100
|-damage|p2b: Tyranitar|47/100
|move|p2b: Tyranitar|Knock Off|p1b: Indeedee
|-supereffective|p1b: Indeedee
|-damage|p1b: Indeedee|0 fnt
|-enditem|p1b: Indeedee|Safety Goggles|[from] move: Knock Off|[of] p2b: Tyranitar
|faint|p1b: Indeedee
|
|-weather|Sandstorm|[upkeep]
|-damage|p2b: Tyranitar|41/100|[from] Sandstorm
|upkeep
|
|t:|1757860796
|switch|p1a: Primarina|Primarina, L50, F|22/100
|switch|p1b: Armarouge|Armarouge, L50, M|100/100
|turn|5
|
|t:|1757860809
|-terastallize|p1b: Armarouge|Fire
|move|p1a: Primarina|Aqua Jet|p1b: Armarouge
|-supereffective|p1b: Armarouge
|-damage|p1b: Armarouge|77/100
|-ability|p1b: Armarouge|Weak Armor|boost
|-unboost|p1b: Armarouge|def|1
|-boost|p1b: Armarouge|spe|2
|-enditem|p1b: Armarouge|Weakness Policy
|-boost|p1b: Armarouge|atk|2|[from] item: Weakness Policy
|-boost|p1b: Armarouge|spa|2|[from] item: Weakness Policy
|move|p1b: Armarouge|Heat Wave|p2b: Tyranitar|[spread] p2a,p2b
|-supereffective|p2a: Gholdengo
|-damage|p2a: Gholdengo|0 fnt
|-damage|p2b: Tyranitar|0 fnt
|faint|p2a: Gholdengo
|faint|p2b: Tyranitar
|
|-weather|none
|-fieldend|move: Psychic Terrain
|upkeep
|
|t:|1757860814
|switch|p2a: Excadrill|Excadrill, L50, M|100/100
|switch|p2b: Annihilape|Annihilape, L50, F|100/100
|turn|6
|
|t:|1757860839
|move|p2a: Excadrill|Protect|p2a: Excadrill
|-singleturn|p2a: Excadrill|Protect
|move|p1a: Primarina|Aqua Jet|p2a: Excadrill
|-activate|p2a: Excadrill|move: Protect
|move|p1b: Armarouge|Heat Wave|p2b: Annihilape|[spread] p2b
|-activate|p2a: Excadrill|move: Protect
|-damage|p2b: Annihilape|6/100
|move|p2b: Annihilape|Rage Fist|p1a: Primarina
|-damage|p1a: Primarina|0 fnt
|faint|p1a: Primarina
|
|-heal|p2b: Annihilape|12/100|[from] item: Leftovers
|upkeep
|turn|7
|
|t:|1757860854
|move|p2b: Annihilape|Protect|p2b: Annihilape
|-singleturn|p2b: Annihilape|Protect
|move|p1b: Armarouge|Heat Wave|p2a: Excadrill|[spread] p2a
|-activate|p2b: Annihilape|move: Protect
|-supereffective|p2a: Excadrill
|-enditem|p2a: Excadrill|Focus Sash
|-damage|p2a: Excadrill|1/100
|move|p2a: Excadrill|Earthquake|p1b: Armarouge|[spread] p1b
|-activate|p2b: Annihilape|move: Protect
|-supereffective|p1b: Armarouge
|-damage|p1b: Armarouge|0 fnt
|faint|p1b: Armarouge
|
|win|SirNeru
||owly009 is ready for game 2.
|inactive|SirNeru has 30 seconds to confirm battle start!
||SirNeru is ready for game 2.
|uhtml|next|Next: Game 2 of 3
|l|☆owly009
|player|p1|
