|j|☆weed smonkington
|j|☆lettitripppp
|html|weed smonkingtonlettitripppp    
|uhtml|bestof|Game 2 of a best-of-3
|t:|1783033824
|gametype|doubles
|player|p1|weed smonkington|karen|1258
|player|p2|lettitripppp|lucas|1221
|gen|9
|tier|[Gen 9 Champions] VGC 2026 Reg M-B (Bo3)
|rated|
|rule|Species Clause: Limit one of each Pokémon
|rule|Item Clause: Limit 1 of each item
|clearpoke
|poke|p1|Torkoal, L50, F|
|poke|p1|Mawile, L50, F|
|poke|p1|Vileplume, L50, M|
|poke|p1|Farigiraf, L50, M|
|poke|p1|Dragalge, L50, F|
|poke|p1|Toxapex, L50, F|
|poke|p2|Scovillain, L50, M|
|poke|p2|Swampert, L50, M|
|poke|p2|Archaludon, L50, M|
|poke|p2|Grimmsnarl, L50, M|
|poke|p2|Pelipper, L50, F|
|poke|p2|Weavile, L50, F|
|teampreview|4
|showteam|p1|Torkoal||Charcoal|Drought|Eruption,WeatherBall,EarthPower,Protect|Quiet||F|||50|]Mawile||Mawilite|Intimidate|IronHead,KnockOff,RockTomb,Protect|Brave||F|||50|]Vileplume||WideLens|EffectSpore|SolarBeam,SleepPowder,Protect,WeatherBall|Quiet||M|||50|]Farigiraf||SitrusBerry|ArmorTail|TrickRoom,Psyshock,HelpingHand,Protect|Relaxed||M|||50|]Dragalge||Dragalgite|Adaptability|DracoMeteor,SludgeBomb,DragonPulse,Protect|Quiet||F|||50|]Toxapex||Leftovers|Regenerator|ChillingWater,Haze,BanefulBunker,LightScreen|Relaxed||F|||50|
|showteam|p2|Scovillain||Scovillainite|Chlorophyll|RagePowder,GigaDrain,Overheat,Protect|Bold||M|||50|]Swampert||Swampertite|Torrent|WaveCrash,Earthquake,IcePunch,Protect|Adamant||M|||50|]Archaludon||Leftovers|Stamina|FlashCannon,DragonPulse,ElectroShot,Protect|Calm||M|||50|]Grimmsnarl||LightClay|Prankster|LightScreen,PartingShot,FoulPlay,Reflect|Bold||M|||50|]Pelipper||LifeOrb|Drizzle|WeatherBall,WideGuard,Hurricane,Tailwind|Timid||F|||50|]Weavile||FocusSash|Pressure|UpperHand,IceSpinner,RainDance,FakeOut|Jolly||F|||50|
|inactive|Battle timer is ON: inactive players will automatically lose when time's up. (requested by lettitripppp)
|
|t:|1783033841
|teamsize|p1|4
|teamsize|p2|4
|start
|switch|p1a: Farigiraf|Farigiraf, L50, M|100/100
|switch|p1b: Mawile|Mawile, L50, F|100/100
|switch|p2a: JESTER WALL|Grimmsnarl, L50, M|100/100
|switch|p2b: BIG BRIDGE|Archaludon, L50, M|100/100
|-ability|p1b: Mawile|Intimidate|boost
|-unboost|p2a: JESTER WALL|atk|1
|-unboost|p2b: BIG BRIDGE|atk|1
|turn|1
|
|t:|1783033857
|detailschange|p1b: Mawile|Mawile-Mega, L50, F
|-mega|p1b: Mawile|Mawile|Mawilite
|move|p2a: JESTER WALL|Reflect|p2a: JESTER WALL
|-sidestart|p2: lettitripppp|Reflect
|move|p2b: BIG BRIDGE|Flash Cannon|p1b: Mawile
|-damage|p1b: Mawile|57/100
|move|p1b: Mawile|Iron Head|p2a: JESTER WALL
|-supereffective|p2a: JESTER WALL|1
|-damage|p2a: JESTER WALL|0 fnt
|faint|p2a: JESTER WALL
|move|p1a: Farigiraf|Trick Room|p1a: Farigiraf
|-fieldstart|move: Trick Room|[of] p1a: Farigiraf
|
|upkeep
|
|t:|1783033865
|switch|p2a: ROID SPEED|Swampert, L50, M|100/100
|turn|2
|
|t:|1783033882
|switch|p1b: Vileplume|Vileplume, L50, M|100/100
|detailschange|p2a: ROID SPEED|Swampert-Mega, L50, M
|-mega|p2a: ROID SPEED|Swampert|Swampertite
|move|p1a: Farigiraf|Psyshock|p2a: ROID SPEED
|-damage|p2a: ROID SPEED|72/100
|move|p2b: BIG BRIDGE|Dragon Pulse|p1a: Farigiraf
|-damage|p1a: Farigiraf|67/100
|move|p2a: ROID SPEED|Earthquake|p1a: Farigiraf|[spread] p2b,p1a,p1b
|-supereffective|p2b: BIG BRIDGE|1
|-crit|p1a: Farigiraf
|-damage|p2b: BIG BRIDGE|54/100
|-damage|p1a: Farigiraf|16/100
|-damage|p1b: Vileplume|50/100g
|-ability|p2b: BIG BRIDGE|Stamina|boost
|-boost|p2b: BIG BRIDGE|def|1
|-enditem|p1a: Farigiraf|Sitrus Berry|[eat]
|-heal|p1a: Farigiraf|41/100|[from] item: Sitrus Berry
|
|-heal|p2b: BIG BRIDGE|60/100|[from] item: Leftovers
|upkeep
|turn|3
|
|t:|1783033896
|switch|p1a: Torkoal|Torkoal, L50, F|100/100
|-weather|SunnyDay|[from] ability: Drought|[of] p1a: Torkoal
|move|p1b: Vileplume|Solar Beam||[still]
|-prepare|p1b: Vileplume|Solar Beam
|-anim|p1b: Vileplume|Solar Beam|p2a: ROID SPEED
|-supereffective|p2a: ROID SPEED|2
|-damage|p2a: ROID SPEED|0 fnt
|faint|p2a: ROID SPEED
|move|p2b: BIG BRIDGE|Dragon Pulse|p1a: Torkoal
|-damage|p1a: Torkoal|55/100
|
|-weather|SunnyDay|[upkeep]
|-heal|p2b: BIG BRIDGE|67/100|[from] item: Leftovers
|upkeep
|
|t:|1783033906
|switch|p2a: PELI-RAIN|Pelipper, L50, F|100/100
|-weather|RainDance|[from] ability: Drizzle|[of] p2a: PELI-RAIN
|turn|4
|
|t:|1783033919
|switch|p1a: Farigiraf|Farigiraf, L50, M|41/100
|move|p1b: Vileplume|Sleep Powder|p2a: PELI-RAIN
|-status|p2a: PELI-RAIN|slp|[from] move: Sleep Powder
|move|p2b: BIG BRIDGE|Flash Cannon|p1b: Vileplume
|-damage|p1b: Vileplume|17/100
|-unboost|p1b: Vileplume|spd|1
|cant|p2a: PELI-RAIN|slp
|
|-weather|RainDance|[upkeep]
|-heal|p2b: BIG BRIDGE|73/100|[from] item: Leftovers
|upkeep
|turn|5
|
|t:|1783033930
|switch|p1a: Torkoal|Torkoal, L50, F|55/100
|-weather|SunnyDay|[from] ability: Drought|[of] p1a: Torkoal
|move|p1b: Vileplume|Sleep Powder|p2b: BIG BRIDGE
|-status|p2b: BIG BRIDGE|slp|[from] move: Sleep Powder
|cant|p2b: BIG BRIDGE|slp
|cant|p2a: PELI-RAIN|slp
|
|-weather|SunnyDay|[upkeep]
|-heal|p2b: BIG BRIDGE|79/100 slp|[from] item: Leftovers
|-fieldend|move: Trick Room
|upkeep
|turn|6
|
|t:|1783033945
|-curestatus|p2a: PELI-RAIN|slp|[msg]
|move|p2a: PELI-RAIN|Weather Ball|p1b: Vileplume
|-supereffective|p1b: Vileplume|1
|-damage|p1b: Vileplume|0 fnt
|faint|p1b: Vileplume
|-damage|p2a: PELI-RAIN|90/100|[from] item: Life Orb
|-curestatus|p2b: BIG BRIDGE|slp|[msg]
|move|p2b: BIG BRIDGE|Dragon Pulse|p1a: Torkoal
|-damage|p1a: Torkoal|6/100
|move|p1a: Torkoal|Eruption|p2b: BIG BRIDGE|[spread] p2a,p2b
|-resisted|p2a: PELI-RAIN|1
|-damage|p2a: PELI-RAIN|86/100
|-damage|p2b: BIG BRIDGE|74/100
|-ability|p2b: BIG BRIDGE|Stamina|boost
|-boost|p2b: BIG BRIDGE|def|1
|
|-weather|SunnyDay|[upkeep]
|-heal|p2b: BIG BRIDGE|80/100|[from] item: Leftovers
|upkeep
|
|t:|1783033962
|switch|p1b: Farigiraf|Farigiraf, L50, M|41/100
|turn|7
|
|t:|1783033967
|move|p1a: Torkoal|Protect|p1a: Torkoal
|-singleturn|p1a: Torkoal|Protect
|move|p2a: PELI-RAIN|Weather Ball|p1a: Torkoal
|-activate|p1a: Torkoal|move: Protect
|move|p2b: BIG BRIDGE|Dragon Pulse|p1b: Farigiraf
|-damage|p1b: Farigiraf|7/100
|move|p1b: Farigiraf|Trick Room|p1b: Farigiraf
|-fieldstart|move: Trick Room|[of] p1b: Farigiraf
|
|-weather|SunnyDay|[upkeep]
|-heal|p2b: BIG BRIDGE|86/100|[from] item: Leftovers
|upkeep
|turn|8
|
|t:|1783033978
|move|p1a: Torkoal|Weather Ball|p2b: BIG BRIDGE
|-damage|p2b: BIG BRIDGE|19/100
|-ability|p2b: BIG BRIDGE|Stamina|boost
|-boost|p2b: BIG BRIDGE|def|1
|move|p1b: Farigiraf|Psyshock|p2a: PELI-RAIN
|-crit|p2a: PELI-RAIN
|-damage|p2a: PELI-RAIN|37/100
|move|p2b: BIG BRIDGE|Dragon Pulse|p1b: Farigiraf
|-damage|p1b: Farigiraf|0 fnt
|faint|p1b: Farigiraf
|move|p2a: PELI-RAIN|Weather Ball|p1a: Torkoal
|-resisted|p1a: Torkoal|1
|-damage|p1a: Torkoal|0 fnt
|faint|p1a: Torkoal
|-damage|p2a: PELI-RAIN|28/100|[from] item: Life Orb
|
|-weather|SunnyDay|[upkeep]
|-heal|p2b: BIG BRIDGE|25/100|[from] item: Leftovers
|-sideend|p2: lettitripppp|Reflect
|upkeep
|
|t:|1783033987
|switch|p1b: Mawile|Mawile-Mega, L50, F|57/100
|turn|9
|
|t:|1783033998
|move|p1b: Mawile|Rock Tomb|p2a: PELI-RAIN
|-supereffective|p2a: PELI-RAIN|1
|-damage|p2a: PELI-RAIN|0 fnt
|faint|p2a: PELI-RAIN
|move|p2b: BIG BRIDGE|Flash Cannon|p1b: Mawile
|-damage|p1b: Mawile|20/100y
|
|-weather|none
|-heal|p2b: BIG BRIDGE|31/100|[from] item: Leftovers
|upkeep
|turn|10
|-message|weed smonkington forfeited.
|
|win|lettitripppp
|raw|weed smonkington's rating: 1258 → 1230(-28 for losing)
|raw|lettitripppp's rating: 1221 → 1249(+28 for winning)
|l|☆weed smonkington
|player|p1|
