|j|☆pengu
|j|☆Daravones Soup
|html|penguDaravones Soup    
|uhtml|bestof|Game 2 of a best-of-3
|t:|1784984827
|gametype|doubles
|player|p1|pengu|rosa-masters2|
|player|p2|Daravones Soup|2|
|gen|9
|tier|[Gen 9 Champions] VGC 2026 Reg M-B (Bo3)
|rule|Species Clause: Limit one of each Pokémon
|rule|Item Clause: Limit 1 of each item
|clearpoke
|poke|p1|Tyranitar, L50, M|
|poke|p1|Gengar, L50, F|
|poke|p1|Kommo-o, L50, M|
|poke|p1|Rotom-Wash, L50|
|poke|p1|Tinkaton, L50, F|
|poke|p1|Arcanine, L50, M|
|poke|p2|Gengar, L50, M|
|poke|p2|Blastoise, L50, M|
|poke|p2|Scrafty, L50, F|
|poke|p2|Clefable, L50, M|
|poke|p2|Meowscarada, L50, F|
|poke|p2|Volcarona, L50, F|
|teampreview|4
|showteam|p1|Tyranitar||Tyranitarite|SandStream|RockSlide,KnockOff,LowKick,Protect|Adamant||M|||50|]Gengar||Gengarite|CursedBody|SludgeBomb,ShadowBall,Substitute,Protect|Timid||F|||50|]Kommo-o||Leftovers|Soundproof|ClangingScales,ClangorousSoul,AuraSphere,Protect|Modest||M|||50|]Rotom-Wash||ChoiceScarf|Levitate|HydroPump,Thunderbolt,VoltSwitch,Electroweb|Modest|||||50|]Tinkaton||MetalCoat|OwnTempo|FakeOut,GigatonHammer,PlayRough,Protect|Jolly||F|||50|]Arcanine||SitrusBerry|Intimidate|FlareBlitz,ExtremeSpeed,Howl,Protect|Adamant||M|||50|
|showteam|p2|Gengar||Gengarite|CursedBody|ShadowBall,Substitute,PerishSong,Protect|Timid||M|||50|]Blastoise||Blastoisinite|RainDish|WaterSpout,DarkPulse,ShellSmash,Protect|Timid||M|||50|]Scrafty||RoseliBerry|Intimidate|FakeOut,CloseCombat,KnockOff,Detect|Careful||F|||50|]Clefable||SitrusBerry|CuteCharm|FollowMe,LifeDew,DazzlingGleam,Protect|Calm||M|||50|]Meowscarada||ChoiceScarf|Protean|Uturn,FlowerTrick,TripleAxel,PollenPuff|Jolly||F|||50|]Volcarona||Leftovers|FlameBody|StruggleBug,QuiverDance,HeatWave,Protect|Modest||F|||50|
|inactive|Battle timer is ON: inactive players will automatically lose when time's up. (requested by pengu)
|c|☆pengu|hf
|c|☆Daravones Soup|U2
|inactive|Daravones Soup has 60 seconds left.
|j| thebusinesspiggy2
|
|t:|1784984882
|teamsize|p1|4
|teamsize|p2|4
|start
|switch|p1a: Rewind|Tinkaton, L50, F|100/100
|switch|p1b: Hard Candy|Rotom-Wash, L50|100/100
|switch|p2a: Gengar|Gengar, L50, M|100/100
|switch|p2b: Volcarona|Volcarona, L50, F|100/100
|turn|1
|inactive|Daravones Soup has 30 seconds left.
|inactive|Daravones Soup has 20 seconds left.
|inactive|Daravones Soup has 15 seconds left.
|
|t:|1784984926
|switch|p2b: Scrafty|Scrafty, L50, F|100/100
|-ability|p2b: Scrafty|Intimidate|boost
|-fail|p1a: Rewind|unboost|Attack|[from] ability: Own Tempo|[of] p1a: Rewind
|-unboost|p1b: Hard Candy|atk|1
|detailschange|p2a: Gengar|Gengar-Mega, L50, M
|-mega|p2a: Gengar|Gengar|Gengarite
|move|p1b: Hard Candy|Hydro Pump|p2b: Scrafty
|-damage|p2b: Scrafty|62/100
|move|p2a: Gengar|Substitute|p2a: Gengar
|-start|p2a: Gengar|Substitute
|-damage|p2a: Gengar|75/100
|move|p1a: Rewind|Gigaton Hammer|p2b: Scrafty
|-damage|p2b: Scrafty|4/100
|
|upkeep
|turn|2
|inactive|Daravones Soup has 30 seconds left.
|
|t:|1784984957
|move|p2b: Scrafty|Fake Out|p1b: Hard Candy
|-damage|p1b: Hard Candy|88/100
|cant|p1b: Hard Candy|flinch
|move|p2a: Gengar|Shadow Ball|p1b: Hard Candy
|-damage|p1b: Hard Candy|26/100
|move|p1a: Rewind|Play Rough|p2b: Scrafty
|-supereffective|p2b: Scrafty|2
|-enditem|p2b: Scrafty|Roseli Berry|[eat]
|-enditem|p2b: Scrafty|Roseli Berry|[weaken]
|-damage|p2b: Scrafty|0 fnt
|faint|p2b: Scrafty
|
|upkeep
|
|t:|1784984969
|switch|p2b: Clefable|Clefable, L50, M|100/100
|turn|3
|
|t:|1784984982
|move|p2b: Clefable|Protect|p2b: Clefable
|-singleturn|p2b: Clefable|Protect
|move|p1b: Hard Candy|Hydro Pump|p2a: Gengar
|-end|p2a: Gengar|Substitute
|move|p2a: Gengar|Shadow Ball|p1b: Hard Candy
|-damage|p1b: Hard Candy|0 fnt
|faint|p1b: Hard Candy
|move|p1a: Rewind|Gigaton Hammer|p2b: Clefable
|-activate|p2b: Clefable|move: Protect
|
|upkeep
|
|t:|1784984989
|switch|p1b: All Eyes On Me|Tyranitar, L50, M|100/100
|-weather|Sandstorm|[from] ability: Sand Stream|[of] p1b: All Eyes On Me
|turn|4
|inactive|Daravones Soup has 30 seconds left.
|
|t:|1784985019
|switch|p2b: Volcarona|Volcarona, L50, F|100/100
|detailschange|p1b: All Eyes On Me|Tyranitar-Mega, L50, M
|-mega|p1b: All Eyes On Me|Tyranitar|Tyranitarite
|move|p2a: Gengar|Protect|p2a: Gengar
|-singleturn|p2a: Gengar|Protect
|move|p1a: Rewind|Protect|p1a: Rewind
|-singleturn|p1a: Rewind|Protect
|move|p1b: All Eyes On Me|Knock Off|p2a: Gengar
|-activate|p2a: Gengar|move: Protect
|
|-weather|Sandstorm|[upkeep]
|-damage|p2a: Gengar|69/100|[from] Sandstorm
|-damage|p2b: Volcarona|93/100|[from] Sandstorm
|-heal|p2b: Volcarona|100/100|[from] item: Leftovers
|upkeep
|turn|5
|inactive|Daravones Soup has 30 seconds left.
|inactive|Daravones Soup has 20 seconds left.
|inactive|Daravones Soup has 15 seconds left.
|inactive|Daravones Soup has 10 seconds left.
|
|t:|1784985067
|move|p2a: Gengar|Substitute|p2a: Gengar
|-start|p2a: Gengar|Substitute
|-damage|p2a: Gengar|44/100
|move|p2b: Volcarona|Heat Wave|p1b: All Eyes On Me|[spread] p1a,p1b
|-supereffective|p1a: Rewind|1
|-resisted|p1b: All Eyes On Me|1
|-damage|p1a: Rewind|36/100
|-damage|p1b: All Eyes On Me|89/100
|-status|p1a: Rewind|brn
|move|p1a: Rewind|Gigaton Hammer|p2a: Gengar
|-end|p2a: Gengar|Substitute
|move|p1b: All Eyes On Me|Rock Slide|p2a: Gengar|[spread] p2a,p2b
|-supereffective|p2b: Volcarona|2
|-damage|p2a: Gengar|0 fnt
|-damage|p2b: Volcarona|0 fnt
|faint|p2a: Gengar
|faint|p2b: Volcarona
|
|-weather|Sandstorm|[upkeep]
|-damage|p1a: Rewind|30/100 brn|[from] brn
|upkeep
|
|t:|1784985082
|switch|p2b: Clefable|Clefable, L50, M|100/100
|turn|6
|-message|Daravones Soup forfeited.
|
|win|pengu
||Daravones Soup is ready for game 3.
|c|☆pengu|gg
||pengu is ready for game 3.
|uhtml|next|Next: Game 3 of 3
|l|☆Daravones Soup
|player|p2|
