|j|☆endertytar
|j|☆El Dexter
|html|endertytarEl Dexter    
|uhtml|bestof|Game 1 of a best-of-3
|t:|1756228487
|gametype|doubles
|player|p1|endertytar|266|
|player|p2|El Dexter|hilbert-wonderlauncher|
|gen|9
|tier|[Gen 9] VGC 2025 Reg H (Bo3)
|rule|Species Clause: Limit one of each Pokémon
|rule|Item Clause: Limit 1 of each item
|clearpoke
|poke|p1|Tyranitar, L50, M|
|poke|p1|Dondozo, L50, F|
|poke|p1|Sneasler, L50, M|
|poke|p1|Gholdengo, L50|
|poke|p1|Indeedee, L50, M|
|poke|p1|Volcarona, L50, F|
|poke|p2|Electabuzz, L50, M|
|poke|p2|Pelipper, L50, M|
|poke|p2|Rillaboom, L50, M|
|poke|p2|Basculegion, L50, M|
|poke|p2|Kingambit, L50, M|
|poke|p2|Archaludon, L50, M|
|teampreview|4
|showteam|p1|Tyranitar||ClearAmulet|SandStream|Protect,DragonDance,RockSlide,KnockOff|||M|||50|,,,,,Ghost]Dondozo||Leftovers|Unaware|Protect,Yawn,Liquidation,Substitute|||F|||50|,,,,,Grass]Sneasler||PsychicSeed|Unburden|CloseCombat,DireClaw,Coaching,Protect|||M|||50|,,,,,Dark]Gholdengo||MetalCoat|GoodasGold|Protect,NastyPlot,ShadowBall,MakeItRain||||||50|,,,,,Steel]Indeedee||ChoiceScarf|PsychicSurge|Trick,ExpandingForce,TrickRoom,Protect|||M|||50|,,,,,Psychic]Volcarona||SitrusBerry|FlameBody|Tailwind,FieryDance,StruggleBug,RagePowder|||F|||50|,,,,,Grass
|showteam|p2|Electabuzz||Eviolite|VitalSpirit|Electroweb,Taunt,FollowMe,Protect|||M|||50|,,,,,Ghost]Pelipper||FocusSash|Drizzle|WeatherBall,Hurricane,Tailwind,Protect|||M|||50|,,,,,Ghost]Rillaboom||LoadedDice|GrassySurge|BulletSeed,GrassyGlide,FakeOut,HighHorsepower|||M|||50|,,,,,Fire]Basculegion||ChoiceBand|SwiftSwim|WaveCrash,AquaJet,FlipTurn,LastRespects|||M|||50|,,,,,Grass]Kingambit||BlackGlasses|Defiant|KowtowCleave,SuckerPunch,SwordsDance,Protect|||M|||50|,,,,,Dark]Archaludon||AssaultVest|Stamina|FlashCannon,DragonPulse,ElectroShot,BodyPress|||M|||50|,,,,,Fairy
|c|☆El Dexter|Joto si me ganas
|inactive|Battle timer is ON: inactive players will automatically lose when time's up. (requested by endertytar)
|c|☆endertytar|JAJAJA HAY SE ME CAYO EL LAPIZ
|c|☆El Dexter|Jajajaja
|inactive|endertytar has 60 seconds left.
|inactive|El Dexter has 60 seconds left.
|
|t:|1756228538
|teamsize|p1|4
|teamsize|p2|4
|start
|switch|p1a: Sneasler|Sneasler, L50, M|100/100
|switch|p1b: Dondozo|Dondozo, L50, F|100/100
|switch|p2a: Masiosare|Kingambit, L50, M, shiny|100/100
|switch|p2b: Mojo Jojo|Rillaboom, L50, M, shiny|100/100
|-fieldstart|move: Grassy Terrain|[from] ability: Grassy Surge|[of] p2b: Mojo Jojo
|turn|1
|
|t:|1756228560
|switch|p1b: Indeedee|Indeedee, L50, M|100/100
|-fieldstart|move: Psychic Terrain|[from] ability: Psychic Surge|[of] p1b: Indeedee
|-enditem|p1a: Sneasler|Psychic Seed
|-boost|p1a: Sneasler|spd|1|[from] item: Psychic Seed
|move|p2a: Masiosare|Protect|p2a: Masiosare
|-singleturn|p2a: Masiosare|Protect
|move|p1a: Sneasler|Dire Claw|p2b: Mojo Jojo
|-supereffective|p2b: Mojo Jojo
|-damage|p2b: Mojo Jojo|23/100
|move|p2b: Mojo Jojo|Bullet Seed|p1b: Indeedee
|-damage|p1b: Indeedee|74/100
|-damage|p1b: Indeedee|50/100
|-damage|p1b: Indeedee|23/100
|-damage|p1b: Indeedee|0 fnt
|faint|p1b: Indeedee
|-hitcount|p1: Indeedee|4
|
|upkeep
|
|t:|1756228578
|switch|p1b: Dondozo|Dondozo, L50, F|100/100
|turn|2
|
|t:|1756228584
|switch|p2b: Richa|Pelipper, L50, M|100/100
|-weather|RainDance|[from] ability: Drizzle|[of] p2b: Richa
|switch|p2a: Basculegion|Basculegion, L50, M|100/100
|move|p1a: Sneasler|Dire Claw|p2b: Richa
|-damage|p2b: Richa|48/100
|-status|p2b: Richa|psn
|move|p1b: Dondozo|Yawn|p2a: Basculegion
|-start|p2a: Basculegion|move: Yawn|[of] p1b: Dondozo
|
|-weather|RainDance|[upkeep]
|-damage|p2b: Richa|35/100 psn|[from] psn
|upkeep
|turn|3
|
|t:|1756228608
|switch|p2a: Masiosare|Kingambit, L50, M, shiny|100/100
|switch|p2b: Mojo Jojo|Rillaboom, L50, M, shiny|23/100
|-fieldstart|move: Grassy Terrain|[from] ability: Grassy Surge|[of] p2b: Mojo Jojo
|move|p1a: Sneasler|Protect|p1a: Sneasler
|-singleturn|p1a: Sneasler|Protect
|move|p1b: Dondozo|Yawn|p2a: Masiosare
|-start|p2a: Masiosare|move: Yawn|[of] p1b: Dondozo
|
|-weather|RainDance|[upkeep]
|-heal|p2b: Mojo Jojo|29/100|[from] Grassy Terrain
|upkeep
|turn|4
|
|t:|1756228632
|-terastallize|p2a: Masiosare|Dark
|-terastallize|p1b: Dondozo|Grass
|move|p2b: Mojo Jojo|Fake Out|p1a: Sneasler
|-damage|p1a: Sneasler|77/100
|cant|p1a: Sneasler|flinch
|move|p2a: Masiosare|Kowtow Cleave|p1a: Sneasler
|-resisted|p1a: Sneasler
|-damage|p1a: Sneasler|10/100
|move|p1b: Dondozo|Liquidation|p2a: Masiosare
|-damage|p2a: Masiosare|64/100
|
|-weather|RainDance|[upkeep]
|-heal|p1a: Sneasler|16/100|[from] Grassy Terrain
|-heal|p2b: Mojo Jojo|35/100|[from] Grassy Terrain
|-heal|p2a: Masiosare|70/100|[from] Grassy Terrain
|-end|p2a: Masiosare|move: Yawn|[silent]
|-status|p2a: Masiosare|slp
|upkeep
|turn|5
|
|t:|1756228656
|move|p1a: Sneasler|Protect|p1a: Sneasler
|-singleturn|p1a: Sneasler|Protect
|cant|p2a: Masiosare|slp
|move|p2b: Mojo Jojo|Grassy Glide|p1a: Sneasler
|-activate|p1a: Sneasler|move: Protect
|move|p1b: Dondozo|Yawn|p2b: Mojo Jojo
|-start|p2b: Mojo Jojo|move: Yawn|[of] p1b: Dondozo
|
|-weather|RainDance|[upkeep]
|-heal|p1a: Sneasler|22/100|[from] Grassy Terrain
|-heal|p2b: Mojo Jojo|41/100|[from] Grassy Terrain
|-heal|p2a: Masiosare|76/100 slp|[from] Grassy Terrain
|upkeep
|turn|6
|
|t:|1756228670
|switch|p2b: Richa|Pelipper, L50, M|35/100 psn
|switch|p2a: Basculegion|Basculegion, L50, M|100/100
|move|p1a: Sneasler|Coaching|p1b: Dondozo
|-boost|p1b: Dondozo|atk|1
|-boost|p1b: Dondozo|def|1
|move|p1b: Dondozo|Liquidation|p2a: Basculegion
|-resisted|p2a: Basculegion
|-damage|p2a: Basculegion|56/100
|-unboost|p2a: Basculegion|def|1
|
|-weather|none
|-heal|p1a: Sneasler|27/100|[from] Grassy Terrain
|-heal|p2a: Basculegion|62/100|[from] Grassy Terrain
|-damage|p2b: Richa|23/100 psn|[from] psn
|upkeep
|turn|7
|inactive|El Dexter has 30 seconds left.
|
|t:|1756228700
|switch|p2a: Masiosare|Kingambit, L50, M, shiny, tera:Dark|76/100 slp
|move|p1a: Sneasler|Dire Claw|p2b: Richa
|-damage|p2b: Richa|0 fnt
|faint|p2b: Richa
|move|p1b: Dondozo|Liquidation|p2a: Masiosare
|-damage|p2a: Masiosare|39/100 slp
|
|-heal|p1a: Sneasler|33/100|[from] Grassy Terrain
|-heal|p2a: Masiosare|45/100 slp|[from] Grassy Terrain
|-fieldend|move: Grassy Terrain
|upkeep
|
|t:|1756228710
|switch|p2b: Mojo Jojo|Rillaboom, L50, M, shiny|41/100
|-fieldstart|move: Grassy Terrain|[from] ability: Grassy Surge|[of] p2b: Mojo Jojo
|turn|8
|
|t:|1756228722
|-curestatus|p2a: Masiosare|slp|[msg]
|move|p2a: Masiosare|Protect|p2a: Masiosare
|-singleturn|p2a: Masiosare|Protect
|move|p2b: Mojo Jojo|Grassy Glide|p1a: Sneasler
|-resisted|p1a: Sneasler
|-damage|p1a: Sneasler|2/100
|move|p1a: Sneasler|Dire Claw|p2b: Mojo Jojo
|-supereffective|p2b: Mojo Jojo
|-damage|p2b: Mojo Jojo|0 fnt
|faint|p2b: Mojo Jojo
|move|p1b: Dondozo|Yawn|p2a: Masiosare
|-activate|p2a: Masiosare|move: Protect
|
|-heal|p1a: Sneasler|8/100|[from] Grassy Terrain
|-heal|p2a: Masiosare|51/100|[from] Grassy Terrain
|upkeep
|
|t:|1756228737
|switch|p2b: Basculegion|Basculegion, L50, M|62/100
|turn|9
|
|t:|1756228749
|move|p1a: Sneasler|Coaching|p1b: Dondozo
|-boost|p1b: Dondozo|atk|1
|-boost|p1b: Dondozo|def|1
|move|p2b: Basculegion|Last Respects|p1b: Dondozo
|-damage|p1b: Dondozo|65/100
|move|p2a: Masiosare|Kowtow Cleave|p1b: Dondozo
|-damage|p1b: Dondozo|40/100
|move|p1b: Dondozo|Yawn|p2a: Masiosare
|-start|p2a: Masiosare|move: Yawn|[of] p1b: Dondozo
|
|-heal|p1a: Sneasler|14/100|[from] Grassy Terrain
|-heal|p2b: Basculegion|68/100|[from] Grassy Terrain
|-heal|p2a: Masiosare|57/100|[from] Grassy Terrain
|-heal|p1b: Dondozo|46/100|[from] Grassy Terrain
|-heal|p1b: Dondozo|52/100|[from] item: Leftovers
|upkeep
|turn|10
|
|t:|1756228772
|move|p1b: Dondozo|Protect|p1b: Dondozo
|-singleturn|p1b: Dondozo|Protect
|move|p2a: Masiosare|Sucker Punch|p1a: Sneasler
|-resisted|p1a: Sneasler
|-damage|p1a: Sneasler|0 fnt
|faint|p1a: Sneasler
|move|p2b: Basculegion|Last Respects|p1b: Dondozo
|-activate|p1b: Dondozo|move: Protect
|
|-heal|p2b: Basculegion|74/100|[from] Grassy Terrain
|-heal|p2a: Masiosare|62/100|[from] Grassy Terrain
|-heal|p1b: Dondozo|58/100|[from] Grassy Terrain
|-heal|p1b: Dondozo|63/100|[from] item: Leftovers
|-end|p2a: Masiosare|move: Yawn|[silent]
|-status|p2a: Masiosare|slp
|upkeep
|
|t:|1756228785
|switch|p1a: Tyranitar|Tyranitar, L50, M|100/100
|-weather|Sandstorm|[from] ability: Sand Stream|[of] p1a: Tyranitar
|turn|11
|
|t:|1756228798
|cant|p2a: Masiosare|slp
|move|p2b: Basculegion|Last Respects|p1b: Dondozo
|-damage|p1b: Dondozo|23/100
|move|p1a: Tyranitar|Knock Off|p2b: Basculegion
|-supereffective|p2b: Basculegion
|-damage|p2b: Basculegion|0 fnt
|-enditem|p2b: Basculegion|Choice Band|[from] move: Knock Off|[of] p1a: Tyranitar
|faint|p2b: Basculegion
|move|p1b: Dondozo|Liquidation|p2a: Masiosare
|-damage|p2a: Masiosare|17/100 slp
|
|-weather|Sandstorm|[upkeep]
|-damage|p2a: Masiosare|11/100 slp|[from] Sandstorm
|-damage|p1b: Dondozo|17/100|[from] Sandstorm
|-heal|p2a: Masiosare|17/100 slp|[from] Grassy Terrain
|-heal|p1b: Dondozo|23/100|[from] Grassy Terrain
|-heal|p1b: Dondozo|29/100|[from] item: Leftovers
|upkeep
|turn|12
|
|t:|1756228816
|cant|p2a: Masiosare|slp
|move|p1a: Tyranitar|Knock Off|p2a: Masiosare
|-resisted|p2a: Masiosare
|-damage|p2a: Masiosare|0 fnt
|-enditem|p2a: Masiosare|Black Glasses|[from] move: Knock Off|[of] p1a: Tyranitar
|faint|p2a: Masiosare
|
|win|endertytar
||El Dexter is ready for game 2.
||endertytar is ready for game 2.
|uhtml|next|Next: Game 2 of 3
|l|☆endertytar
|player|p1|
