|j|☆naibot2814
|j|☆i miss my miraidon
|html|naibot2814i miss my miraidon    
|uhtml|bestof|Game 3 of a best-of-3
|t:|1783720639
|gametype|doubles
|player|p1|naibot2814|ghetsis|1333
|player|p2|i miss my miraidon|170|1473
|gen|9
|tier|[Gen 9 Champions] VGC 2026 Reg M-B (Bo3)
|rated|
|rule|Species Clause: Limit one of each Pokémon
|rule|Item Clause: Limit 1 of each item
|clearpoke
|poke|p1|Blastoise, L50, M|
|poke|p1|Incineroar, L50, M|
|poke|p1|Sneasler, L50, M|
|poke|p1|Sinistcha, L50|
|poke|p1|Kingambit, L50, M, shiny|
|poke|p1|Floette-Eternal, L50, F|
|poke|p2|Venusaur, L50, F|
|poke|p2|Mamoswine, L50, M|
|poke|p2|Charizard, L50, F|
|poke|p2|Garchomp, L50, M|
|poke|p2|Incineroar, L50, F|
|poke|p2|Toxapex, L50, F|
|teampreview|4
|showteam|p1|Blastoise||Blastoisinite|Torrent|WaterSpout,DarkPulse,ShellSmash,Protect|Modest||M|||50|]Incineroar||SitrusBerry|Intimidate|FakeOut,FlareBlitz,DarkestLariat,PartingShot|Careful||M|||50|]Sneasler||FocusSash|PoisonTouch|FakeOut,CloseCombat,PoisonJab,RockTomb|Jolly||M|||50|]Sinistcha||KasibBerry|Hospitality|MatchaGotcha,TrickRoom,RagePowder,Protect|Bold|||||50|]Kingambit||BlackGlasses|Defiant|KowtowCleave,SuckerPunch,SwordsDance,Protect|Adamant||M|||50|]Floette-Eternal||Floettite|FlowerVeil|DrainingKiss,DazzlingGleam,CalmMind,Protect|Modest||F|||50|
|showteam|p2|Venusaur||LifeOrb|Chlorophyll|SolarBeam,SludgeBomb,EarthPower,Protect|Modest||F|||50|]Mamoswine||FocusSash|Oblivious|HighHorsepower,RockTomb,IceShard,Protect|Jolly||M|||50|]Charizard||CharizarditeY|Blaze|HeatWave,WeatherBall,HelpingHand,Protect|Modest||F|||50|]Garchomp||ChoiceScarf|RoughSkin|Earthquake,DragonClaw,RockSlide,IronHead|Adamant||M|||50|]Incineroar||SitrusBerry|Intimidate|FlareBlitz,DarkestLariat,FakeOut,PartingShot|Careful||F|||50|]Toxapex||Leftovers|Regenerator|Infestation,Toxic,BanefulBunker,WideGuard|Bold||F|||50|
|
|t:|1783720657
|teamsize|p1|4
|teamsize|p2|4
|start
|switch|p1a: Blastoise|Blastoise, L50, M|100/100
|switch|p1b: Incineroar|Incineroar, L50, M|100/100
|switch|p2a: Charizard|Charizard, L50, F|100/100
|switch|p2b: Garchomp|Garchomp, L50, M|100/100
|-ability|p1b: Incineroar|Intimidate|boost
|-unboost|p2a: Charizard|atk|1
|-unboost|p2b: Garchomp|atk|1
|turn|1
|
|t:|1783720699
|detailschange|p1a: Blastoise|Blastoise-Mega, L50, M
|-mega|p1a: Blastoise|Blastoise|Blastoisinite
|detailschange|p2a: Charizard|Charizard-Mega-Y, L50, F
|-mega|p2a: Charizard|Charizard|Charizardite Y
|-weather|SunnyDay|[from] ability: Drought|[of] p2a: Charizard
|move|p1b: Incineroar|Fake Out|p2a: Charizard
|-damage|p2a: Charizard|89/100
|move|p2b: Garchomp|Earthquake|p1a: Blastoise|[spread] p1a,p1b
|-immune|p2a: Charizard
|-supereffective|p1b: Incineroar|1
|-damage|p1a: Blastoise|72/100
|-damage|p1b: Incineroar|55/100
|move|p1a: Blastoise|Shell Smash|p1a: Blastoise
|-unboost|p1a: Blastoise|def|1
|-unboost|p1a: Blastoise|spd|1
|-boost|p1a: Blastoise|atk|2
|-boost|p1a: Blastoise|spa|2
|-boost|p1a: Blastoise|spe|2
|cant|p2a: Charizard|flinch
|
|-weather|SunnyDay|[upkeep]
|upkeep
|turn|2
|
|t:|1783720721
|move|p2a: Charizard|Helping Hand|p2b: Garchomp
|-singleturn|p2b: Garchomp|Helping Hand|[of] p2a: Charizard
|move|p1a: Blastoise|Protect|p1a: Blastoise
|-singleturn|p1a: Blastoise|Protect
|move|p2b: Garchomp|Earthquake|p1b: Incineroar|[spread] p1b
|-activate|p1a: Blastoise|move: Protect
|-immune|p2a: Charizard
|-supereffective|p1b: Incineroar|1
|-damage|p1b: Incineroar|0 fnt
|faint|p1b: Incineroar
|
|-weather|SunnyDay|[upkeep]
|upkeep
|
|t:|1783720731
|switch|p1b: Sneasler|Sneasler, L50, M|100/100
|turn|3
|
|t:|1783720735
|move|p1b: Sneasler|Fake Out|p2b: Garchomp
|-damage|p2b: Garchomp|85/100
|-damage|p1b: Sneasler|87/100|[from] ability: Rough Skin|[of] p2b: Garchomp
|-status|p2b: Garchomp|psn|[from] ability: Poison Touch|[of] p1b: Sneasler
|move|p1a: Blastoise|Water Spout|p2a: Charizard|[spread] p2a,p2b
|-supereffective|p2a: Charizard|1
|-damage|p2a: Charizard|6/100
|-damage|p2b: Garchomp|31/100 psn
|cant|p2b: Garchomp|flinch
|move|p2a: Charizard|Heat Wave|p1a: Blastoise|[spread] p1a,p1b
|-resisted|p1a: Blastoise|1
|-damage|p1a: Blastoise|28/100
|-damage|p1b: Sneasler|6/100
|
|-weather|SunnyDay|[upkeep]
|-damage|p2b: Garchomp|18/100 psn|[from] psn
|upkeep
|turn|4
|
|t:|1783720756
|switch|p2b: Toxapex|Toxapex, L50, F|100/100
|move|p2a: Charizard|Protect|p2a: Charizard
|-singleturn|p2a: Charizard|Protect
|move|p1a: Blastoise|Dark Pulse|p2b: Toxapex
|-damage|p2b: Toxapex|24/100
|move|p1b: Sneasler|Poison Jab|p2a: Charizard
|-activate|p2a: Charizard|move: Protect
|
|-weather|SunnyDay|[upkeep]
|-heal|p2b: Toxapex|30/100|[from] item: Leftovers
|upkeep
|turn|5
|
|t:|1783720767
|switch|p2a: Garchomp|Garchomp, L50, M|18/100 psn
|move|p2b: Toxapex|Baneful Bunker|p2b: Toxapex
|-singleturn|p2b: Toxapex|move: Protect
|move|p1a: Blastoise|Dark Pulse|p2b: Toxapex
|-activate|p2b: Toxapex|move: Protect
|move|p1b: Sneasler|Rock Tomb|p2a: Garchomp
|-resisted|p2a: Garchomp|1
|-damage|p2a: Garchomp|9/100 psn
|-unboost|p2a: Garchomp|spe|1
|
|-weather|none
|-heal|p2b: Toxapex|36/100|[from] item: Leftovers
|-damage|p2a: Garchomp|0 fnt|[from] psn
|faint|p2a: Garchomp
|upkeep
|
|t:|1783720774
|switch|p2a: Venusaur|Venusaur, L50, F|100/100
|turn|6
|
|t:|1783720779
|-heal|p2b: Toxapex|69/100|[from] ability: Regenerator|[silent]
|switch|p2b: Charizard|Charizard-Mega-Y, L50, F|6/100
|-weather|SunnyDay|[from] ability: Drought|[of] p2b: Charizard
|move|p1a: Blastoise|Protect|p1a: Blastoise
|-singleturn|p1a: Blastoise|Protect
|move|p2a: Venusaur|Solar Beam||[still]
|-prepare|p2a: Venusaur|Solar Beam
|-anim|p2a: Venusaur|Solar Beam|p1a: Blastoise
|-activate|p1a: Blastoise|move: Protect
|move|p1b: Sneasler|Rock Tomb|p2a: Venusaur
|-damage|p2a: Venusaur|70/100
|-unboost|p2a: Venusaur|spe|1
|
|-weather|SunnyDay|[upkeep]
|upkeep
|turn|7
|
|t:|1783720797
|switch|p2a: Toxapex|Toxapex, L50, F|69/100
|move|p2b: Charizard|Protect|p2b: Charizard
|-singleturn|p2b: Charizard|Protect
|move|p1a: Blastoise|Dark Pulse|p2a: Toxapex
|-damage|p2a: Toxapex|3/100
|move|p1b: Sneasler|Poison Jab|p2b: Charizard
|-activate|p2b: Charizard|move: Protect
|
|-weather|SunnyDay|[upkeep]
|-heal|p2a: Toxapex|8/100|[from] item: Leftovers
|upkeep
|turn|8
|
|t:|1783720819
|move|p2a: Toxapex|Baneful Bunker|p2a: Toxapex
|-singleturn|p2a: Toxapex|move: Protect
|move|p1a: Blastoise|Dark Pulse|p2b: Charizard
|-damage|p2b: Charizard|0 fnt
|faint|p2b: Charizard
|move|p1b: Sneasler|Poison Jab|p2a: Toxapex
|-activate|p2a: Toxapex|move: Protect
|
|-weather|SunnyDay|[upkeep]
|-heal|p2a: Toxapex|14/100|[from] item: Leftovers
|upkeep
|
|t:|1783720821
|switch|p2b: Venusaur|Venusaur, L50, F|70/100
|turn|9
|
|t:|1783720835
|move|p1a: Blastoise|Protect|p1a: Blastoise
|-singleturn|p1a: Blastoise|Protect
|move|p2b: Venusaur|Sludge Bomb|p1b: Sneasler
|-resisted|p1b: Sneasler|1
|-damage|p1b: Sneasler|0 fnt
|faint|p1b: Sneasler
|-damage|p2b: Venusaur|61/100|[from] item: Life Orb
|move|p2a: Toxapex|Toxic|p1a: Blastoise
|-activate|p1a: Blastoise|move: Protect
|
|-weather|SunnyDay|[upkeep]
|-heal|p2a: Toxapex|20/100y|[from] item: Leftovers
|upkeep
|
|t:|1783720839
|switch|p1b: Sinistcha|Sinistcha, L50|100/100
|-heal|p1a: Blastoise|53/100|[from] ability: Hospitality|[of] p1b: Sinistcha
|turn|10
|
|t:|1783720845
|move|p1a: Blastoise|Protect||[still]
|-fail|p1a: Blastoise
|move|p2a: Toxapex|Wide Guard|p2a: Toxapex
|-singleturn|p2a: Toxapex|Wide Guard
|move|p2b: Venusaur|Solar Beam||[still]
|-prepare|p2b: Venusaur|Solar Beam
|-anim|p2b: Venusaur|Solar Beam|p1a: Blastoise
|-supereffective|p1a: Blastoise|1
|-damage|p1a: Blastoise|0 fnt
|faint|p1a: Blastoise
|-damage|p2b: Venusaur|51/100|[from] item: Life Orb
|move|p1b: Sinistcha|Matcha Gotcha|p2a: Toxapex|[spread] 
|-activate|p2a: Toxapex|move: Wide Guard
|-activate|p2b: Venusaur|move: Wide Guard
|
|-weather|none
|-heal|p2a: Toxapex|26/100|[from] item: Leftovers
|upkeep
|turn|11
|-message|naibot2814 forfeited.
|
|win|i miss my miraidon
|raw|naibot2814's rating: 1333 → 1321(-12 for losing)
|raw|i miss my miraidon's rating: 1473 → 1485(+12 for winning)
|l|☆naibot2814
|player|p1|
|c|☆i miss my miraidon|ggs
|l|☆i miss my miraidon
|player|p2|
|j|☆naibot2814
|player|p1|naibot2814|ghetsis|
