|j|☆palle synchro
|j|☆Chochito Pelao
|html|palle synchroChochito Pelao    
|uhtml|bestof|Game 1 of a best-of-3
|t:|1785184249
|gametype|doubles
|player|p1|palle synchro|volkner|1386
|player|p2|Chochito Pelao|striker|1287
|gen|9
|tier|[Gen 9 Champions] VGC 2026 Reg M-B (Bo3)
|rated|
|rule|Species Clause: Limit one of each Pokémon
|rule|Item Clause: Limit 1 of each item
|clearpoke
|poke|p1|Charizard, L50, M|
|poke|p1|Glimmora, L50, M|
|poke|p1|Whimsicott, L50, M|
|poke|p1|Ninetales-Alola, L50, M|
|poke|p1|Kingambit, L50, F|
|poke|p1|Kommo-o, L50, M|
|poke|p2|Tyranitar, L50, F|
|poke|p2|Excadrill, L50, F|
|poke|p2|Milotic, L50, F|
|poke|p2|Sinistcha, L50|
|poke|p2|Staraptor, L50, F|
|poke|p2|Gholdengo, L50|
|teampreview|4
|showteam|p1|Charizard||CharizarditeY|Blaze|HeatWave,WeatherBall,SolarBeam,Protect|Modest||M|||50|]Glimmora||Glimmoranite|ToxicDebris|SludgeBomb,PowerGem,EarthPower,SpikyShield|Modest||M|||50|]Whimsicott||FocusSash|Prankster|Moonblast,Tailwind,Encore,Protect|Timid||M|||50|]Ninetales-Alola||NeverMeltIce|SnowWarning|Blizzard,FreezeDry,Disable,Protect|Timid||M|||50|]Kingambit||BlackGlasses|Defiant|KowtowCleave,SuckerPunch,IronHead,Protect|Adamant||F|||50|]Kommo-o||LifeOrb|Overcoat|ClangingScales,AuraSphere,VacuumWave,Protect|Modest||M|||50|
|showteam|p2|Tyranitar||Tyranitarite|SandStream|KnockOff,RockSlide,HighHorsepower,Protect|Jolly||F|||50|]Excadrill||FocusSash|SandRush|Earthquake,IronHead,RockSlide,Protect|Adamant||F|||50|]Milotic||SitrusBerry|Competitive|Scald,IcyWind,IceBeam,Protect|Calm||F|||50|]Sinistcha||ColburBerry|Hospitality|MatchaGotcha,ShadowBall,Protect,RagePowder|Bold|||||50|]Staraptor||Staraptite|Intimidate|CloseCombat,BraveBird,Tailwind,Protect|Jolly||F|||50|]Gholdengo||LifeOrb|GoodasGold|MakeItRain,ShadowBall,NastyPlot,Protect|Modest|||||50|
|inactive|Battle timer is ON: inactive players will automatically lose when time's up. (requested by palle synchro)
|inactive|Chochito Pelao has 60 seconds left.
|
|t:|1785184287
|teamsize|p1|4
|teamsize|p2|4
|start
|switch|p1a: Kommo-o|Kommo-o, L50, M|100/100
|switch|p1b: Whimsicott|Whimsicott, L50, M|100/100
|switch|p2a: Staraptor|Staraptor, L50, F|100/100
|switch|p2b: Excadrill|Excadrill, L50, F|100/100
|-ability|p2a: Staraptor|Intimidate|boost
|-unboost|p1a: Kommo-o|atk|1
|-unboost|p1b: Whimsicott|atk|1
|turn|1
|
|t:|1785184301
|switch|p2a: Tyranitar|Tyranitar, L50, F|100/100
|-weather|Sandstorm|[from] ability: Sand Stream|[of] p2a: Tyranitar
|move|p1b: Whimsicott|Tailwind|p1b: Whimsicott
|-sidestart|p1: palle synchro|move: Tailwind
|move|p2b: Excadrill|Iron Head|p1b: Whimsicott
|-supereffective|p1b: Whimsicott|1
|-enditem|p1b: Whimsicott|Focus Sash
|-damage|p1b: Whimsicott|1/100
|move|p1a: Kommo-o|Clanging Scales|p2b: Excadrill|[spread] p2a,p2b
|-resisted|p2b: Excadrill|1
|-damage|p2a: Tyranitar|67/100
|-damage|p2b: Excadrill|63/100
|-unboost|p1a: Kommo-o|def|1
|-damage|p1a: Kommo-o|90/100|[from] item: Life Orb
|
|-weather|Sandstorm|[upkeep]
|-damage|p1b: Whimsicott|0 fnt|[from] Sandstorm
|faint|p1b: Whimsicott
|upkeep
|
|t:|1785184315
|switch|p1b: Kingambit|Kingambit, L50, F|100/100
|turn|2
|
|t:|1785184328
|switch|p2a: Sinistcha|Sinistcha, L50|100/100
|-heal|p2b: Excadrill|87/100|[from] ability: Hospitality|[of] p2a: Sinistcha
|move|p1a: Kommo-o|Vacuum Wave|p2b: Excadrill
|-supereffective|p2b: Excadrill|1
|-damage|p2b: Excadrill|15/100
|-damage|p1a: Kommo-o|80/100|[from] item: Life Orb
|move|p2b: Excadrill|Earthquake|p1a: Kommo-o|[spread] p2a,p1a,p1b
|-resisted|p2a: Sinistcha|1
|-supereffective|p1b: Kingambit|1
|-damage|p2a: Sinistcha|83/100
|-damage|p1a: Kommo-o|11/100
|-damage|p1b: Kingambit|32/100
|move|p1b: Kingambit|Iron Head|p2a: Sinistcha
|-damage|p2a: Sinistcha|43/100
|
|-weather|Sandstorm|[upkeep]
|-damage|p2a: Sinistcha|37/100|[from] Sandstorm
|upkeep
|turn|3
|
|t:|1785184351
|switch|p1a: Charizard|Charizard, L50, M|100/100
|move|p2b: Excadrill|Protect|p2b: Excadrill
|-singleturn|p2b: Excadrill|Protect
|move|p1b: Kingambit|Protect|p1b: Kingambit
|-singleturn|p1b: Kingambit|Protect
|move|p2a: Sinistcha|Matcha Gotcha|p1a: Charizard|[spread] p1a
|-activate|p1b: Kingambit|move: Protect
|-resisted|p1a: Charizard|2
|-crit|p1a: Charizard
|-damage|p1a: Charizard|88/100
|-heal|p2a: Sinistcha|43/100|[from] drain|[of] p1a: Charizard
|
|-weather|Sandstorm|[upkeep]
|-damage|p1a: Charizard|83/100|[from] Sandstorm
|-damage|p2a: Sinistcha|37/100|[from] Sandstorm
|upkeep
|turn|4
|inactive|Chochito Pelao has 30 seconds left.
|
|t:|1785184379
|detailschange|p1a: Charizard|Charizard-Mega-Y, L50, M
|-mega|p1a: Charizard|Charizard|Charizardite Y
|-weather|SunnyDay|[from] ability: Drought|[of] p1a: Charizard
|move|p1a: Charizard|Heat Wave|p2a: Sinistcha|[spread] p2a,p2b
|-supereffective|p2a: Sinistcha|1
|-supereffective|p2b: Excadrill|1
|-damage|p2a: Sinistcha|0 fnt
|-damage|p2b: Excadrill|0 fnt
|faint|p2a: Sinistcha
|faint|p2b: Excadrill
|move|p1b: Kingambit|Iron Head|p2: Sinistcha|[notarget]
|-fail|p1b: Kingambit
|
|-weather|SunnyDay|[upkeep]
|-sideend|p1: palle synchro|move: Tailwind
|upkeep
|
|t:|1785184382
|switch|p2b: Tyranitar|Tyranitar, L50, F|67/100
|switch|p2a: Staraptor|Staraptor, L50, F|100/100
|-ability|p2a: Staraptor|Intimidate|boost
|-unboost|p1a: Charizard|atk|1
|-unboost|p1b: Kingambit|atk|1
|-ability|p1b: Kingambit|Defiant|boost
|-boost|p1b: Kingambit|atk|2
|-weather|Sandstorm|[from] ability: Sand Stream|[of] p2b: Tyranitar
|turn|5
|inactive|palle synchro has 30 seconds left.
|inactive|palle synchro has 20 seconds left.
|inactive|palle synchro has 15 seconds left.
|inactive|palle synchro has 10 seconds left.
|inactive|palle synchro has 5 seconds left.
|
|t:|1785184435
|detailschange|p2a: Staraptor|Staraptor-Mega, L50, F
|-mega|p2a: Staraptor|Staraptor|Staraptite
|move|p1b: Kingambit|Protect|p1b: Kingambit
|-singleturn|p1b: Kingambit|Protect
|move|p2a: Staraptor|Close Combat|p1b: Kingambit
|-activate|p1b: Kingambit|move: Protect
|move|p1a: Charizard|Weather Ball|p2a: Staraptor
|-damage|p2a: Staraptor|61/100
|move|p2b: Tyranitar|Rock Slide|p1a: Charizard|[spread] p1a
|-activate|p1b: Kingambit|move: Protect
|-supereffective|p1a: Charizard|2
|-damage|p1a: Charizard|0 fnt
|faint|p1a: Charizard
|
|-weather|Sandstorm|[upkeep]
|-damage|p2a: Staraptor|55/100|[from] Sandstorm
|upkeep
|
|t:|1785184451
|switch|p1a: Kommo-o|Kommo-o, L50, M|11/100
|turn|6
|
|t:|1785184456
|move|p1a: Kommo-o|Vacuum Wave|p2a: Staraptor
|-resisted|p2a: Staraptor|1
|-damage|p2a: Staraptor|42/100
|-damage|p1a: Kommo-o|1/100|[from] item: Life Orb
|move|p1b: Kingambit|Sucker Punch|p2a: Staraptor
|-resisted|p2a: Staraptor|1
|-damage|p2a: Staraptor|7/100
|move|p2a: Staraptor|Close Combat|p1b: Kingambit
|-supereffective|p1b: Kingambit|2
|-damage|p1b: Kingambit|0 fnt
|-boost|p2a: Staraptor|def|1
|-boost|p2a: Staraptor|spd|1
|faint|p1b: Kingambit
|move|p2b: Tyranitar|Knock Off|p1a: Kommo-o
|-resisted|p1a: Kommo-o|1
|-damage|p1a: Kommo-o|0 fnt
|-enditem|p1a: Kommo-o|Life Orb|[from] move: Knock Off|[of] p2b: Tyranitar
|faint|p1a: Kommo-o
|
|win|Chochito Pelao
||palle synchro is ready for game 2.
||Chochito Pelao is ready for game 2.
|uhtml|next|Next: Game 2 of 3
