|j|☆lordtentacle69
|j|☆dmb3r
|html|lordtentacle69dmb3r    
|uhtml|bestof|Game 1 of a best-of-3
|t:|1784880785
|gametype|doubles
|player|p1|lordtentacle69|corbeau|1338
|player|p2|dmb3r|170|1256
|gen|9
|tier|[Gen 9 Champions] VGC 2026 Reg M-B (Bo3)
|rated|
|rule|Species Clause: Limit one of each Pokémon
|rule|Item Clause: Limit 1 of each item
|clearpoke
|poke|p1|Delphox, L50, M|
|poke|p1|Incineroar, L50, M|
|poke|p1|Maushold-Four, L50|
|poke|p1|Sinistcha, L50|
|poke|p1|Sneasler, L50, F|
|poke|p1|Blastoise, L50, M|
|poke|p2|Tyranitar, L50, F|
|poke|p2|Excadrill, L50, M|
|poke|p2|Milotic, L50, F|
|poke|p2|Sinistcha, L50|
|poke|p2|Eelektross, L50, F|
|poke|p2|Corviknight, L50, F|
|teampreview|4
|showteam|p1|Delphox||Delphoxite|Blaze|HeatWave,Psychic,NastyPlot,Protect|Timid||M|||50|]Incineroar||SitrusBerry|Intimidate|FakeOut,PartingShot,FlareBlitz,ThroatChop|Impish||M|||50|]Maushold-Four||ChopleBerry|FriendGuard|Feint,HelpingHand,Protect,FollowMe|Impish|||||50|]Sinistcha||ColburBerry|Hospitality|Protect,MatchaGotcha,TrickRoom,RagePowder|Bold|||||50|]Sneasler||FocusSash|PoisonTouch|CloseCombat,PoisonJab,QuickGuard,FakeOut|Adamant||F|||50|]Blastoise||Blastoisinite|RainDish|Protect,WaterSpout,DarkPulse,ShellSmash|Timid||M|||50|
|showteam|p2|Tyranitar||Tyranitarite|SandStream|RockSlide,KnockOff,LowKick,Protect|Jolly||F|||50|]Excadrill||FocusSash|SandRush|IronHead,Earthquake,RockSlide,Protect|Adamant||M|||50|]Milotic||SitrusBerry|Competitive|Scald,IcyWind,Haze,Protect|Calm||F|||50|]Sinistcha||ColburBerry|Hospitality|MatchaGotcha,ShadowBall,Protect,RagePowder|Serious|||||50|]Eelektross||Eelektrossite|Levitate|Thunderbolt,GigaDrain,Flamethrower,Protect|Serious||F|||50|]Corviknight||Leftovers|MirrorArmor|Tailwind,IronDefense,BodyPress,DualWingbeat|Impish||F|||50|
|inactive|Battle timer is ON: inactive players will automatically lose when time's up. (requested by dmb3r)
|
|t:|1784880822
|teamsize|p1|4
|teamsize|p2|4
|start
|switch|p1a: Mbappe|Blastoise, L50, M|100/100
|switch|p1b: Green Day|Sinistcha, L50|100/100
|switch|p2a: Milotic|Milotic, L50, F|100/100
|switch|p2b: Tyranitar|Tyranitar, L50, F|100/100
|-weather|Sandstorm|[from] ability: Sand Stream|[of] p2b: Tyranitar
|turn|1
|
|t:|1784880838
|detailschange|p1a: Mbappe|Blastoise-Mega, L50, M
|-mega|p1a: Mbappe|Blastoise|Blastoisinite
|detailschange|p2b: Tyranitar|Tyranitar-Mega, L50, F
|-mega|p2b: Tyranitar|Tyranitar|Tyranitarite
|move|p1a: Mbappe|Water Spout|p2b: Tyranitar|[spread] p2a,p2b
|-resisted|p2a: Milotic|1
|-supereffective|p2b: Tyranitar|1
|-damage|p2a: Milotic|79/100
|-damage|p2b: Tyranitar|31/100
|move|p2b: Tyranitar|Knock Off|p1b: Green Day
|-supereffective|p1b: Green Day|1
|-enditem|p1b: Green Day|Colbur Berry|[eat]
|-enditem|p1b: Green Day|Colbur Berry|[weaken]
|-damage|p1b: Green Day|53/100
|move|p2a: Milotic|Icy Wind|p1a: Mbappe|[spread] p1a
|-miss|p2a: Milotic|p1b: Green Day
|-resisted|p1a: Mbappe|1
|-damage|p1a: Mbappe|94/100
|-unboost|p1a: Mbappe|spe|1
|move|p1b: Green Day|Matcha Gotcha|p2b: Tyranitar|[spread] p2a,p2b
|-supereffective|p2a: Milotic|1
|-supereffective|p2b: Tyranitar|1
|-damage|p2a: Milotic|47/100
|-heal|p1b: Green Day|70/100|[from] drain|[of] p2a: Milotic
|-damage|p2b: Tyranitar|6/100
|-heal|p1b: Green Day|84/100|[from] drain|[of] p2b: Tyranitar
|-enditem|p2a: Milotic|Sitrus Berry|[eat]
|-heal|p2a: Milotic|72/100|[from] item: Sitrus Berry
|
|-weather|Sandstorm|[upkeep]
|-damage|p2a: Milotic|66/100|[from] Sandstorm
|-damage|p1a: Mbappe|89/100|[from] Sandstorm
|-damage|p1b: Green Day|77/100|[from] Sandstorm
|upkeep
|turn|2
|inactive|lordtentacle69 has 30 seconds left.
|
|t:|1784880868
|switch|p2b: Sinistcha|Sinistcha, L50|100/100
|-heal|p2a: Milotic|91/100|[from] ability: Hospitality|[of] p2b: Sinistcha
|switch|p1a: MMCH|Maushold-Four, L50|100/100
|move|p2a: Milotic|Icy Wind|p1b: Green Day|[spread] p1a,p1b
|-supereffective|p1b: Green Day|1
|-damage|p1a: MMCH|90/100
|-damage|p1b: Green Day|64/100
|-unboost|p1a: MMCH|spe|1
|-unboost|p1b: Green Day|spe|1
|move|p1b: Green Day|Matcha Gotcha|p2a: Milotic|[spread] 
|-miss|p1b: Green Day|p2a: Milotic
|-miss|p1b: Green Day|p2b: Sinistcha
|
|-weather|Sandstorm|[upkeep]
|-damage|p2a: Milotic|85/100|[from] Sandstorm
|-damage|p2b: Sinistcha|94/100|[from] Sandstorm
|-damage|p1a: MMCH|83/100|[from] Sandstorm
|-damage|p1b: Green Day|58/100|[from] Sandstorm
|upkeep
|turn|3
|
|t:|1784880892
|move|p1a: MMCH|Follow Me|p1a: MMCH
|-singleturn|p1a: MMCH|move: Follow Me
|move|p2a: Milotic|Icy Wind|p1b: Green Day|[spread] p1a,p1b
|-supereffective|p1b: Green Day|1
|-damage|p1a: MMCH|73/100
|-damage|p1b: Green Day|42/100
|-unboost|p1a: MMCH|spe|1
|-unboost|p1b: Green Day|spe|1
|move|p2b: Sinistcha|Matcha Gotcha|p1b: Green Day|[spread] p1a,p1b
|-resisted|p1b: Green Day|1
|-damage|p1a: MMCH|46/100
|-heal|p2b: Sinistcha|100/100|[from] drain|[of] p1a: MMCH
|-damage|p1b: Green Day|33/100
|move|p1b: Green Day|Matcha Gotcha|p2b: Sinistcha|[spread] p2b
|-miss|p1b: Green Day|p2a: Milotic
|-resisted|p2b: Sinistcha|1
|-damage|p2b: Sinistcha|89/100
|-heal|p1b: Green Day|38/100|[from] drain|[of] p2b: Sinistcha
|
|-weather|Sandstorm|[upkeep]
|-damage|p2a: Milotic|80/100|[from] Sandstorm
|-damage|p2b: Sinistcha|83/100|[from] Sandstorm
|-damage|p1a: MMCH|40/100|[from] Sandstorm
|-damage|p1b: Green Day|32/100|[from] Sandstorm
|upkeep
|turn|4
|inactive|dmb3r has 30 seconds left.
|
|t:|1784880924
|move|p2a: Milotic|Protect|p2a: Milotic
|-singleturn|p2a: Milotic|Protect
|move|p2b: Sinistcha|Protect|p2b: Sinistcha
|-singleturn|p2b: Sinistcha|Protect
|move|p1a: MMCH|Protect|p1a: MMCH
|-singleturn|p1a: MMCH|Protect
|move|p1b: Green Day|Matcha Gotcha|p2a: Milotic|[spread] 
|-activate|p2a: Milotic|move: Protect
|-activate|p2b: Sinistcha|move: Protect
|
|-weather|Sandstorm|[upkeep]
|-damage|p2a: Milotic|74/100|[from] Sandstorm
|-damage|p2b: Sinistcha|77/100|[from] Sandstorm
|-damage|p1a: MMCH|34/100|[from] Sandstorm
|-damage|p1b: Green Day|26/100|[from] Sandstorm
|upkeep
|turn|5
|
|t:|1784880940
|move|p1a: MMCH|Helping Hand|p1b: Green Day
|-singleturn|p1b: Green Day|Helping Hand|[of] p1a: MMCH
|move|p2a: Milotic|Icy Wind|p1a: MMCH|[spread] p1a,p1b
|-supereffective|p1b: Green Day|1
|-damage|p1a: MMCH|22/100
|-damage|p1b: Green Day|12/100
|-unboost|p1a: MMCH|spe|1
|-unboost|p1b: Green Day|spe|1
|move|p2b: Sinistcha|Matcha Gotcha|p1b: Green Day|[spread] p1a,p1b
|-resisted|p1b: Green Day|1
|-crit|p1b: Green Day
|-damage|p1a: MMCH|0 fnt
|-heal|p2b: Sinistcha|89/100|[from] drain|[of] p1a: MMCH
|-damage|p1b: Green Day|1/100
|-heal|p2b: Sinistcha|96/100|[from] drain|[of] p1b: Green Day
|faint|p1a: MMCH
|move|p1b: Green Day|Matcha Gotcha|p2a: Milotic|[spread] p2a,p2b
|-supereffective|p2a: Milotic|1
|-resisted|p2b: Sinistcha|1
|-damage|p2a: Milotic|22/100
|-heal|p1b: Green Day|28/100|[from] drain|[of] p2a: Milotic
|-damage|p2b: Sinistcha|78/100
|-heal|p1b: Green Day|36/100|[from] drain|[of] p2b: Sinistcha
|
|-weather|none
|upkeep
|
|t:|1784880964
|switch|p1a: Gochujang|Incineroar, L50, M|100/100
|-ability|p1a: Gochujang|Intimidate|boost
|-unboost|p2a: Milotic|atk|1
|-ability|p2a: Milotic|Competitive|boost
|-boost|p2a: Milotic|spa|2
|-unboost|p2b: Sinistcha|atk|1
|turn|6
|
|t:|1784880978
|switch|p1b: Mbappe|Blastoise-Mega, L50, M|89/100
|move|p1a: Gochujang|Fake Out|p2a: Milotic
|-damage|p2a: Milotic|11/100
|cant|p2a: Milotic|flinch
|move|p2b: Sinistcha|Shadow Ball|p1b: Mbappe
|-damage|p1b: Mbappe|53/100
|
|upkeep
|turn|7
|
|t:|1784881001
|switch|p1a: Green Day|Sinistcha, L50|36/100
|-heal|p1b: Mbappe|78/100|[from] ability: Hospitality|[of] p1a: Green Day
|move|p1b: Mbappe|Water Spout|p2b: Sinistcha|[spread] p2a,p2b
|-resisted|p2a: Milotic|1
|-resisted|p2b: Sinistcha|1
|-damage|p2a: Milotic|0 fnt
|-damage|p2b: Sinistcha|56/100
|faint|p2a: Milotic
|move|p2b: Sinistcha|Matcha Gotcha|p1a: Green Day|[spread] p1a,p1b
|-resisted|p1a: Green Day|1
|-supereffective|p1b: Mbappe|1
|-damage|p1a: Green Day|25/100
|-heal|p2b: Sinistcha|61/100|[from] drain|[of] p1a: Green Day
|-damage|p1b: Mbappe|27/100
|-heal|p2b: Sinistcha|84/100|[from] drain|[of] p1b: Mbappe
|
|upkeep
|
|t:|1784881017
|switch|p2a: Excadrill|Excadrill, L50, M|100/100
|turn|8
|
|t:|1784881026
|move|p2a: Excadrill|Protect|p2a: Excadrill
|-singleturn|p2a: Excadrill|Protect
|move|p1a: Green Day|Protect|p1a: Green Day
|-singleturn|p1a: Green Day|Protect
|move|p1b: Mbappe|Dark Pulse|p2b: Sinistcha
|-supereffective|p2b: Sinistcha|1
|-enditem|p2b: Sinistcha|Colbur Berry|[eat]
|-enditem|p2b: Sinistcha|Colbur Berry|[weaken]
|-damage|p2b: Sinistcha|41/100
|move|p2b: Sinistcha|Matcha Gotcha|p1b: Mbappe|[spread] p1b
|-activate|p1a: Green Day|move: Protect
|-supereffective|p1b: Mbappe|1
|-damage|p1b: Mbappe|0 fnt
|-heal|p2b: Sinistcha|54/100|[from] drain|[of] p1b: Mbappe
|faint|p1b: Mbappe
|
|upkeep
|
|t:|1784881041
|switch|p1b: Gochujang|Incineroar, L50, M|100/100
|-ability|p1b: Gochujang|Intimidate|boost
|-unboost|p2a: Excadrill|atk|1
|-unboost|p2b: Sinistcha|atk|1
|turn|9
|
|t:|1784881062
|switch|p2a: Tyranitar|Tyranitar-Mega, L50, F|6/100
|-weather|Sandstorm|[from] ability: Sand Stream|[of] p2a: Tyranitar
|move|p1a: Green Day|Protect|p1a: Green Day
|-singleturn|p1a: Green Day|Protect
|move|p2b: Sinistcha|Shadow Ball|p1a: Green Day
|-activate|p1a: Green Day|move: Protect
|move|p1b: Gochujang|Throat Chop|p2b: Sinistcha
|-supereffective|p2b: Sinistcha|1
|-damage|p2b: Sinistcha|1/100
|-start|p2b: Sinistcha|Throat Chop|[silent]
|
|-weather|Sandstorm|[upkeep]
|-damage|p2b: Sinistcha|0 fnt|[from] Sandstorm
|-damage|p1a: Green Day|19/100|[from] Sandstorm
|-damage|p1b: Gochujang|94/100|[from] Sandstorm
|faint|p2b: Sinistcha
|upkeep
|
|t:|1784881079
|switch|p2b: Excadrill|Excadrill, L50, M|100/100
|turn|10
|
|t:|1784881084
|move|p2b: Excadrill|Rock Slide|p1b: Gochujang|[spread] p1a,p1b
|-supereffective|p1b: Gochujang|1
|-damage|p1a: Green Day|3/100
|-damage|p1b: Gochujang|61/100
|move|p2a: Tyranitar|Rock Slide|p1b: Gochujang|[spread] p1a,p1b
|-supereffective|p1b: Gochujang|1
|-damage|p1a: Green Day|0 fnt
|-damage|p1b: Gochujang|6/100
|-enditem|p1b: Gochujang|Sitrus Berry|[eat]
|-heal|p1b: Gochujang|31/100|[from] item: Sitrus Berry
|faint|p1a: Green Day
|cant|p1b: Gochujang|flinch
|
|-weather|Sandstorm|[upkeep]
|-damage|p1b: Gochujang|25/100|[from] Sandstorm
|upkeep
|turn|11
|-message|lordtentacle69 forfeited.
|
|win|dmb3r
||lordtentacle69 is ready for game 2.
