|j|☆impno
|j|☆abadanriyi92
|html|impnoabadanriyi92    
|uhtml|bestof|Game 3 of a best-of-3
|t:|1785783419
|gametype|doubles
|player|p1|impno|ethan|1124
|player|p2|abadanriyi92|colress|1247
|gen|9
|tier|[Gen 9 Champions] VGC 2026 Reg M-B (Bo3)
|rated|
|rule|Species Clause: Limit one of each Pokémon
|rule|Item Clause: Limit 1 of each item
|clearpoke
|poke|p1|Blaziken, L50, F, shiny|
|poke|p1|Whimsicott, L50, F, shiny|
|poke|p1|Ninetales-Alola, L50, M, shiny|
|poke|p1|Kingambit, L50, F, shiny|
|poke|p1|Basculegion, L50, M, shiny|
|poke|p1|Raichu, L50, M, shiny|
|poke|p2|Tyranitar, L50, F|
|poke|p2|Excadrill, L50, M|
|poke|p2|Milotic, L50, F|
|poke|p2|Sinistcha, L50|
|poke|p2|Staraptor, L50, M|
|poke|p2|Gholdengo, L50|
|teampreview|4
|showteam|p1|Blaziken||Blazikenite|SpeedBoost|FlareBlitz,CloseCombat,RockSlide,Detect|Adamant||F|||50|]Whimsicott||FocusSash|Prankster|Tailwind,Encore,Moonblast,Protect|Bold||F|||50|]Ninetales-Alola||MentalHerb|SnowWarning|Blizzard,AuroraVeil,Encore,DazzlingGleam|Timid||M|||50|]Kingambit||ChopleBerry|Defiant|KowtowCleave,IronHead,SuckerPunch,Protect|Brave||F|||50|]Basculegion||ChoiceScarf|Adaptability|WaveCrash,LastRespects,FlipTurn,AquaJet|Jolly||M|||50|]Raichu||RaichuniteY|Static|ZapCannon,Discharge,FocusBlast,Protect|Timid||M|||50|
|showteam|p2|Tyranitar||Tyranitarite|SandStream|KnockOff,RockSlide,HighHorsepower,Protect|Jolly||F|||50|]Excadrill||FocusSash|SandRush|Earthquake,IronHead,RockSlide,Protect|Adamant||M|||50|]Milotic||SitrusBerry|Competitive|Scald,IcyWind,Haze,Protect|Calm||F|||50|]Sinistcha||ColburBerry|Hospitality|MatchaGotcha,ShadowBall,Protect,RagePowder|Bold|||||50|]Staraptor||Staraptite|Intimidate|CloseCombat,BraveBird,Tailwind,Protect|Jolly||M|||50|]Gholdengo||LifeOrb|GoodasGold|MakeItRain,ShadowBall,NastyPlot,Protect|Modest|||||50|
|inactive|Battle timer is ON: inactive players will automatically lose when time's up. (requested by abadanriyi92)
|inactive|abadanriyi92 has 60 seconds left.
|
|t:|1785783476
|teamsize|p1|4
|teamsize|p2|4
|start
|switch|p1a: Blaziken|Blaziken, L50, F, shiny|100/100
|switch|p1b: Whimsicott|Whimsicott, L50, F, shiny|100/100
|switch|p2a: Staraptor|Staraptor, L50, M|100/100
|switch|p2b: Excadrill|Excadrill, L50, M|100/100
|-ability|p2a: Staraptor|Intimidate|boost
|-unboost|p1a: Blaziken|atk|1
|-unboost|p1b: Whimsicott|atk|1
|turn|1
|
|t:|1785783490
|detailschange|p2a: Staraptor|Staraptor-Mega, L50, M
|-mega|p2a: Staraptor|Staraptor|Staraptite
|detailschange|p1a: Blaziken|Blaziken-Mega, L50, F, shiny
|-mega|p1a: Blaziken|Blaziken|Blazikenite
|move|p1a: Blaziken|Detect|p1a: Blaziken
|-singleturn|p1a: Blaziken|Protect
|move|p1b: Whimsicott|Tailwind|p1b: Whimsicott
|-sidestart|p1: impno|move: Tailwind
|move|p2a: Staraptor|Brave Bird|p1a: Blaziken
|-activate|p1a: Blaziken|move: Protect
|move|p2b: Excadrill|Iron Head|p1b: Whimsicott
|-supereffective|p1b: Whimsicott|1
|-damage|p1b: Whimsicott|17/100
|
|-ability|p1a: Blaziken|Speed Boost|boost
|-boost|p1a: Blaziken|spe|1
|upkeep
|turn|2
|inactive|impno has 30 seconds left.
|inactive|abadanriyi92 has 30 seconds left.
|
|t:|1785783525
|move|p2b: Excadrill|Protect|p2b: Excadrill
|-singleturn|p2b: Excadrill|Protect
|move|p1a: Blaziken|Rock Slide|p2b: Excadrill|[spread] p2a
|-activate|p2b: Excadrill|move: Protect
|-damage|p2a: Staraptor|84/100
|move|p1b: Whimsicott|Moonblast|p2a: Staraptor
|-supereffective|p2a: Staraptor|1
|-damage|p2a: Staraptor|32/100
|cant|p2a: Staraptor|flinch
|
|-ability|p1a: Blaziken|Speed Boost|boost
|-boost|p1a: Blaziken|spe|1
|upkeep
|turn|3
|c|☆abadanriyi92|fu off flinch lamao
|inactive|impno has 30 seconds left.
|inactive|impno has 20 seconds left.
|inactive|impno has 15 seconds left.
|inactive|impno has 10 seconds left.
|
|t:|1785783571
|switch|p2b: Sinistcha|Sinistcha, L50|100/100
|-heal|p2a: Staraptor|57/100|[from] ability: Hospitality|[of] p2b: Sinistcha
|move|p1b: Whimsicott|Encore||[still]
|-fail|p1b: Whimsicott
|move|p1a: Blaziken|Flare Blitz|p2a: Staraptor
|-damage|p2a: Staraptor|4/100
|-damage|p1a: Blaziken|82/100|[from] Recoil
|move|p2a: Staraptor|Brave Bird|p1a: Blaziken
|-supereffective|p1a: Blaziken|1
|-damage|p1a: Blaziken|0 fnt
|faint|p1a: Blaziken
|-damage|p2a: Staraptor|0 fnt|[from] Recoil
|faint|p2a: Staraptor
|
|upkeep
|
|t:|1785783587
|switch|p2a: Excadrill|Excadrill, L50, M|100/100
|switch|p1a: Basculegion|Basculegion, L50, M, shiny|100/100
|turn|4
|inactive|abadanriyi92 has 30 seconds left.
|
|t:|1785783613
|switch|p2b: Tyranitar|Tyranitar, L50, F|100/100
|-weather|Sandstorm|[from] ability: Sand Stream|[of] p2b: Tyranitar
|move|p1b: Whimsicott|Protect|p1b: Whimsicott
|-singleturn|p1b: Whimsicott|Protect
|move|p1a: Basculegion|Last Respects|p2b: Tyranitar
|-resisted|p2b: Tyranitar|1
|-damage|p2b: Tyranitar|72/100
|move|p2a: Excadrill|Rock Slide|p1b: Whimsicott|[spread] 
|-activate|p1b: Whimsicott|move: Protect
|-miss|p2a: Excadrill|p1a: Basculegion
|
|-weather|Sandstorm|[upkeep]
|-damage|p1a: Basculegion|93/100|[from] Sandstorm
|-damage|p1b: Whimsicott|11/100|[from] Sandstorm
|-sideend|p1: impno|move: Tailwind
|upkeep
|turn|5
|inactive|impno has 30 seconds left.
|inactive|abadanriyi92 has 30 seconds left.
|inactive|impno has 20 seconds left.
|
|t:|1785783653
|move|p1b: Whimsicott|Tailwind|p1b: Whimsicott
|-sidestart|p1: impno|move: Tailwind
|move|p1a: Basculegion|Last Respects|p2b: Tyranitar
|-resisted|p2b: Tyranitar|1
|-crit|p2b: Tyranitar
|-damage|p2b: Tyranitar|28/100
|move|p2a: Excadrill|Iron Head|p1b: Whimsicott
|-supereffective|p1b: Whimsicott|1
|-damage|p1b: Whimsicott|0 fnt
|faint|p1b: Whimsicott
|move|p2b: Tyranitar|Knock Off|p1a: Basculegion
|-supereffective|p1a: Basculegion|1
|-damage|p1a: Basculegion|0 fnt
|-enditem|p1a: Basculegion|Choice Scarf|[from] move: Knock Off|[of] p2b: Tyranitar
|faint|p1a: Basculegion
|
|-weather|Sandstorm|[upkeep]
|upkeep
|-message|impno forfeited.
|
|win|abadanriyi92
|raw|impno's rating: 1124 → 1107(-17 for losing)
|raw|abadanriyi92's rating: 1247 → 1264(+17 for winning)
|l|☆impno
|player|p1|
|j|☆impno
|player|p1|impno|ethan|
|l|☆impno
|player|p1|
