|j|☆Pokemonkey25
|j|☆sbhaga34
|html|Pokemonkey25sbhaga34    
|uhtml|bestof|Game 3 of a best-of-3
|t:|1784816025
|gametype|doubles
|player|p1|Pokemonkey25|swimmerf|1272
|player|p2|sbhaga34|hugh|1330
|gen|9
|tier|[Gen 9 Champions] VGC 2026 Reg M-B (Bo3)
|rated|
|rule|Species Clause: Limit one of each Pokémon
|rule|Item Clause: Limit 1 of each item
|clearpoke
|poke|p1|Sinistcha, L50|
|poke|p1|Pelipper, L50, F|
|poke|p1|Grimmsnarl, L50, M|
|poke|p1|Maushold-Four, L50|
|poke|p1|Lucario, L50, M, shiny|
|poke|p1|Blastoise, L50, F|
|poke|p2|Excadrill, L50, F|
|poke|p2|Tyranitar, L50, F|
|poke|p2|Corviknight, L50, M|
|poke|p2|Rotom-Wash, L50|
|poke|p2|Chandelure, L50, F|
|poke|p2|Scovillain, L50, M|
|teampreview|4
|showteam|p1|Sinistcha||BrightPowder|Hospitality|RagePowder,MatchaGotcha,LifeDew,ShadowBall|Calm|||||50|]Pelipper||LifeOrb|Drizzle|WideGuard,MuddyWater,Hurricane,Tailwind|Modest||F|||50|]Grimmsnarl||LightClay|Prankster|LightScreen,Reflect,Taunt,PartingShot|Careful||M|||50|]Maushold-Four||ChopleBerry|FriendGuard|FollowMe,BeatUp,SuperFang,Protect|Impish|||||50|]Lucario||Lucarionite|Justified|ExtremeSpeed,Detect,DrainPunch,MeteorMash|Careful||M|||50|]Blastoise||Blastoisinite|RainDish|ShellSmash,DarkPulse,WaterSpout,Protect|Modest||F|||50|
|showteam|p2|Excadrill||FocusSash|SandRush|Earthquake,IronHead,SwordsDance,Protect|Adamant||F|||50|]Tyranitar||Tyranitarite|SandStream|RockSlide,KnockOff,LowKick,Protect|Adamant||F|||50|]Corviknight||SharpBeak|MirrorArmor|BraveBird,Tailwind,BulkUp,Roost|Careful||M|||50|]Rotom-Wash||ChoiceScarf|Levitate|VoltSwitch,Thunderbolt,Electroweb,HydroPump|Timid|||||50|]Chandelure||ShucaBerry|FlashFire|HeatWave,ShadowBall,TrickRoom,Protect|Modest||F|||50|]Scovillain||Scovillainite|Chlorophyll|RagePowder,Overheat,GigaDrain,Protect|Calm||M|||50|
|inactive|Battle timer is ON: inactive players will automatically lose when time's up. (requested by sbhaga34)
|
|t:|1784816060
|teamsize|p1|4
|teamsize|p2|4
|start
|switch|p1a: imp or tint|Grimmsnarl, L50, M|100/100
|switch|p1b: Family Hug|Maushold-Four, L50|100/100
|switch|p2a: Rotom|Rotom-Wash, L50|100/100
|switch|p2b: Corviknight|Corviknight, L50, M|100/100
|turn|1
|inactive|Pokemonkey25 has 30 seconds left.
|inactive|sbhaga34 has 30 seconds left.
|inactive|sbhaga34 has 20 seconds left.
|inactive|Pokemonkey25 has 20 seconds left.
|inactive|sbhaga34 has 15 seconds left.
|inactive|Pokemonkey25 has 15 seconds left.
|inactive|sbhaga34 has 10 seconds left.
|
|t:|1784816106
|move|p1a: imp or tint|Taunt|p2b: Corviknight
|-start|p2b: Corviknight|move: Taunt
|move|p2a: Rotom|Thunderbolt|p1a: imp or tint
|-damage|p1a: imp or tint|73/100
|move|p1b: Family Hug|Super Fang|p2b: Corviknight
|-damage|p2b: Corviknight|50/100y
|move|p2b: Corviknight|Brave Bird|p1a: imp or tint
|-damage|p1a: imp or tint|36/100
|-damage|p2b: Corviknight|38/100|[from] Recoil
|
|upkeep
|turn|2
|inactive|sbhaga34 has 30 seconds left.
|inactive|sbhaga34 has 20 seconds left.
|inactive|sbhaga34 has 15 seconds left.
|
|t:|1784816146
|switch|p2a: Excadrill|Excadrill, L50, F|100/100
|move|p1b: Family Hug|Protect|p1b: Family Hug
|-singleturn|p1b: Family Hug|Protect
|move|p1a: imp or tint|Reflect|p1a: imp or tint
|-sidestart|p1: Pokemonkey25|Reflect
|move|p2b: Corviknight|Brave Bird|p1b: Family Hug
|-activate|p1b: Family Hug|move: Protect
|
|upkeep
|turn|3
|
|t:|1784816165
|move|p1a: imp or tint|Parting Shot|p2a: Excadrill
|-unboost|p2a: Excadrill|atk|1
|-unboost|p2a: Excadrill|spa|1
|
|t:|1784816169
|switch|p1a: Zero Fox|Lucario, L50, M, shiny|100/100|[from] Parting Shot
|move|p2a: Excadrill|Swords Dance|p2a: Excadrill
|-boost|p2a: Excadrill|atk|2
|move|p1b: Family Hug|Beat Up|p1a: Zero Fox
|-resisted|p1a: Zero Fox|1
|-damage|p1a: Zero Fox|98/100
|-ability|p1a: Zero Fox|Justified|boost
|-boost|p1a: Zero Fox|atk|1
|-resisted|p1a: Zero Fox|1
|-damage|p1a: Zero Fox|97/100
|-ability|p1a: Zero Fox|Justified|boost
|-boost|p1a: Zero Fox|atk|1
|-resisted|p1a: Zero Fox|1
|-damage|p1a: Zero Fox|96/100
|-ability|p1a: Zero Fox|Justified|boost
|-boost|p1a: Zero Fox|atk|1
|-resisted|p1a: Zero Fox|1
|-damage|p1a: Zero Fox|95/100
|-ability|p1a: Zero Fox|Justified|boost
|-boost|p1a: Zero Fox|atk|1
|-hitcount|p1a: Zero Fox|4
|move|p2b: Corviknight|Brave Bird|p1a: Zero Fox
|-damage|p1a: Zero Fox|56/100
|-damage|p2b: Corviknight|27/100|[from] Recoil
|
|-end|p2b: Corviknight|move: Taunt
|upkeep
|turn|4
|inactive|Pokemonkey25 has 30 seconds left.
|inactive|sbhaga34 has 30 seconds left.
|
|t:|1784816197
|switch|p2b: Tyranitar|Tyranitar, L50, F|100/100
|-weather|Sandstorm|[from] ability: Sand Stream|[of] p2b: Tyranitar
|detailschange|p1a: Zero Fox|Lucario-Mega, L50, M, shiny
|-mega|p1a: Zero Fox|Lucario|Lucarionite
|move|p2a: Excadrill|Protect|p2a: Excadrill
|-singleturn|p2a: Excadrill|Protect
|move|p1b: Family Hug|Follow Me|p1b: Family Hug
|-singleturn|p1b: Family Hug|move: Follow Me
|move|p1a: Zero Fox|Drain Punch|p2a: Excadrill
|-activate|p2a: Excadrill|move: Protect
|
|-weather|Sandstorm|[upkeep]
|-damage|p1b: Family Hug|93/100|[from] Sandstorm
|upkeep
|turn|5
|inactive|Pokemonkey25 has 30 seconds left.
|
|t:|1784816229
|switch|p1b: mine|Pelipper, L50, F|100/100
|-weather|RainDance|[from] ability: Drizzle|[of] p1b: mine
|switch|p2b: Rotom|Rotom-Wash, L50|100/100
|move|p2a: Excadrill|Earthquake|p1a: Zero Fox|[spread] p1a
|-immune|p2b: Rotom|[from] ability: Levitate
|-immune|p1b: mine
|-supereffective|p1a: Zero Fox|1
|-damage|p1a: Zero Fox|0 fnt
|faint|p1a: Zero Fox
|
|-weather|RainDance|[upkeep]
|upkeep
|
|t:|1784816248
|switch|p1a: Family Hug|Maushold-Four, L50|93/100
|turn|6
|
|t:|1784816257
|move|p2a: Excadrill|Protect|p2a: Excadrill
|-singleturn|p2a: Excadrill|Protect
|move|p1b: mine|Wide Guard|p1b: mine
|-singleturn|p1b: mine|Wide Guard
|move|p2b: Rotom|Volt Switch|p1b: mine
|-supereffective|p1b: mine|2
|-damage|p1b: mine|0 fnt
|faint|p1b: mine
|
|t:|1784816264
|switch|p2b: Tyranitar|Tyranitar, L50, F|100/100|[from] Volt Switch
|-weather|Sandstorm|[from] ability: Sand Stream|[of] p2b: Tyranitar
|move|p1a: Family Hug|Super Fang|p2a: Excadrill
|-activate|p2a: Excadrill|move: Protect
|
|-weather|Sandstorm|[upkeep]
|-damage|p1a: Family Hug|87/100|[from] Sandstorm
|upkeep
|-message|Pokemonkey25 forfeited.
|
|win|sbhaga34
|raw|Pokemonkey25's rating: 1272 → 1251(-21 for losing)
|raw|sbhaga34's rating: 1330 → 1347(+17 for winning)
