|j|☆torie123
|j|☆noLifeNL
|html|torie123noLifeNL    
|uhtml|bestof|Game 3 of a best-of-3
|t:|1783280618
|gametype|doubles
|player|p1|torie123|swimmer|
|player|p2|noLifeNL|serena|
|gen|9
|tier|[Gen 9 Champions] VGC 2026 Reg M-B (Bo3)
|rule|Species Clause: Limit one of each Pokémon
|rule|Item Clause: Limit 1 of each item
|clearpoke
|poke|p1|Charizard, L50, F|
|poke|p1|Gholdengo, L50|
|poke|p1|Aerodactyl, L50, F|
|poke|p1|Garchomp, L50, F|
|poke|p1|Sneasler, L50, F|
|poke|p1|Mawile, L50, F|
|poke|p2|Glimmora, L50, F|
|poke|p2|Maushold-Four, L50|
|poke|p2|Gengar, L50, M|
|poke|p2|Salazzle, L50, F|
|poke|p2|Toxapex, L50, M|
|poke|p2|Staraptor, L50, M|
|teampreview|4
|showteam|p1|Charizard||CharizarditeY|Blaze|HeatWave,WeatherBall,SolarBeam,Protect|Modest||F|||50|]Gholdengo||LifeOrb|GoodasGold|MakeItRain,ShadowBall,NastyPlot,Protect|Modest|||||50|]Aerodactyl||FocusSash|Unnerve|RockSlide,DualWingbeat,Tailwind,Protect|Jolly||F|||50|]Garchomp||RoseliBerry|RoughSkin|Earthquake,DragonClaw,RockSlide,Protect|Jolly||F|||50|]Sneasler||WhiteHerb|Unburden|DireClaw,CloseCombat,FakeOut,Protect|Adamant||F|||50|]Mawile||Mawilite|Intimidate|PlayRough,IronHead,SuckerPunch,Protect|Adamant||F|||50|
|showteam|p2|Glimmora||ExpertBelt|ToxicDebris|SpikyShield,Toxic,SludgeBomb,PowerGem|Timid||F|||50|]Maushold-Four||WideLens|Technician|PopulationBomb,BeatUp,Charm,Protect|Jolly|||||50|]Gengar||Gengarite|CursedBody|Protect,ShadowBall,Disable,SkillSwap|Timid||M|||50|]Salazzle||FocusSash|Corrosion|Toxic,Protect,Overheat,Encore|Timid||F|||50|]Toxapex||Leftovers|Regenerator|Toxic,Protect,Infestation,WideGuard|Bold||M|||50|]Staraptor||Staraptite|Intimidate|Protect,DualWingbeat,CloseCombat,Roost|Jolly||M|||50|
|inactive|Battle timer is ON: inactive players will automatically lose when time's up. (requested by torie123)
|j| Ome Henk
|j| pietplezier7
|j| 000aj
|j| LaraTheGamer
|j| Jorijn
|j| Bomduif
|inactive|torie123 has 60 seconds left.
|inactive|noLifeNL has 60 seconds left.
|inactive|noLifeNL has 30 seconds left.
|
|t:|1783280687
|teamsize|p1|4
|teamsize|p2|4
|start
|switch|p1a: Charizard|Charizard, L50, F|100/100
|switch|p1b: Aerodactyl|Aerodactyl, L50, F|100/100
|switch|p2a: Maushold|Maushold-Four, L50|100/100
|switch|p2b: Toxapex|Toxapex, L50, M|100/100
|-ability|p1b: Aerodactyl|Unnerve
|turn|1
|inactive|torie123 has 30 seconds left.
|inactive|noLifeNL has 30 seconds left.
|
|t:|1783280720
|detailschange|p1a: Charizard|Charizard-Mega-Y, L50, F
|-mega|p1a: Charizard|Charizard|Charizardite Y
|-weather|SunnyDay|[from] ability: Drought|[of] p1a: Charizard
|move|p1b: Aerodactyl|Rock Slide|p2b: Toxapex|[spread] p2a,p2b
|-damage|p2a: Maushold|58/100
|-damage|p2b: Toxapex|84/100
|move|p2a: Maushold|Population Bomb|p1a: Charizard
|-damage|p1a: Charizard|89/100
|-crit|p1a: Charizard
|-damage|p1a: Charizard|72/100
|-damage|p1a: Charizard|62/100
|-damage|p1a: Charizard|52/100
|-damage|p1a: Charizard|39/100
|-damage|p1a: Charizard|28/100
|-damage|p1a: Charizard|18/100
|-damage|p1a: Charizard|9/100
|-damage|p1a: Charizard|0 fnt
|faint|p1a: Charizard
|-hitcount|p1: Charizard|9
|cant|p2b: Toxapex|flinch
|
|-weather|SunnyDay|[upkeep]
|-heal|p2b: Toxapex|89/100|[from] item: Leftovers
|upkeep
|
|t:|1783280743
|switch|p1a: Garchomp|Garchomp, L50, F|100/100
|turn|2
|inactive|noLifeNL has 30 seconds left.
|
|t:|1783280770
|move|p1b: Aerodactyl|Dual Wingbeat|p2a: Maushold
|-damage|p2a: Maushold|29/100
|-damage|p2a: Maushold|1/100
|-hitcount|p2a: Maushold|2
|move|p2a: Maushold|Population Bomb|p1a: Garchomp
|-damage|p1a: Garchomp|87/100
|-damage|p2a: Maushold|0 fnt|[from] ability: Rough Skin|[of] p1a: Garchomp
|faint|p2a: Maushold
|-hitcount|p1a: Garchomp|1
|move|p1a: Garchomp|Earthquake|p2b: Toxapex|[spread] p2b
|-immune|p1b: Aerodactyl
|-supereffective|p2b: Toxapex|1
|-damage|p2b: Toxapex|35/100
|move|p2b: Toxapex|Toxic|p1a: Garchomp
|-status|p1a: Garchomp|tox
|
|-weather|SunnyDay|[upkeep]
|-heal|p2b: Toxapex|40/100|[from] item: Leftovers
|-damage|p1a: Garchomp|81/100 tox|[from] psn
|upkeep
|inactive|noLifeNL has 30 seconds left.
|inactive|noLifeNL has 20 seconds left.
|inactive|noLifeNL has 15 seconds left.
|inactive|noLifeNL has 10 seconds left.
|
|t:|1783280818
|switch|p2a: Gengar|Gengar, L50, M|100/100
|turn|3
|inactive|noLifeNL has 30 seconds left.
|inactive|noLifeNL has 20 seconds left.
|
|t:|1783280854
|switch|p1a: Gholdengo|Gholdengo, L50|100/100
|detailschange|p2a: Gengar|Gengar-Mega, L50, M
|-mega|p2a: Gengar|Gengar|Gengarite
|move|p2b: Toxapex|Wide Guard|p2b: Toxapex
|-singleturn|p2b: Toxapex|Wide Guard
|move|p1b: Aerodactyl|Tailwind|p1b: Aerodactyl
|-sidestart|p1: torie123|move: Tailwind
|move|p2a: Gengar|Shadow Ball|p1a: Gholdengo
|-supereffective|p1a: Gholdengo|1
|-damage|p1a: Gholdengo|19/100
|-unboost|p1a: Gholdengo|spd|1
|
|-weather|SunnyDay|[upkeep]
|-heal|p2b: Toxapex|46/100|[from] item: Leftovers
|upkeep
|turn|4
|inactive|torie123 has 30 seconds left.
|inactive|noLifeNL has 30 seconds left.
|inactive|torie123 has 20 seconds left.
|inactive|noLifeNL has 20 seconds left.
|inactive|torie123 has 15 seconds left.
|inactive|noLifeNL has 15 seconds left.
|j| LivioVGC
|inactive|torie123 has 10 seconds left.
|
|t:|1783280902
|-heal|p2b: Toxapex|79/100|[from] ability: Regenerator|[silent]
|switch|p2b: Salazzle|Salazzle, L50, F|100/100
|move|p1b: Aerodactyl|Dual Wingbeat|p2b: Salazzle
|-damage|p2b: Salazzle|64/100
|-damage|p2b: Salazzle|32/100
|-hitcount|p2b: Salazzle|2
|move|p1a: Gholdengo|Shadow Ball|p2a: Gengar
|-supereffective|p2a: Gengar|1
|-damage|p2a: Gengar|1/100
|-damage|p1a: Gholdengo|9/100|[from] item: Life Orb
|move|p2a: Gengar|Shadow Ball|p1a: Gholdengo
|-supereffective|p1a: Gholdengo|1
|-damage|p1a: Gholdengo|0 fnt
|faint|p1a: Gholdengo
|
|-weather|SunnyDay|[upkeep]
|upkeep
|l| LivioVGC
|
|t:|1783280924
|switch|p1a: Garchomp|Garchomp, L50, F|81/100 tox
|turn|5
|inactive|noLifeNL has 30 seconds left.
|
|t:|1783280955
|move|p2a: Gengar|Protect|p2a: Gengar
|-singleturn|p2a: Gengar|Protect
|move|p1b: Aerodactyl|Rock Slide|p2a: Gengar|[spread] p2b
|-activate|p2a: Gengar|move: Protect
|-supereffective|p2b: Salazzle|1
|-damage|p2b: Salazzle|0 fnt
|faint|p2b: Salazzle
|move|p1a: Garchomp|Earthquake|p2a: Gengar|[spread] 
|-activate|p2a: Gengar|move: Protect
|-immune|p1b: Aerodactyl
|
|-weather|none
|-damage|p1a: Garchomp|75/100 tox|[from] psn
|upkeep
|
|t:|1783280956
|switch|p2b: Toxapex|Toxapex, L50, M|79/100
|turn|6
|inactive|torie123 has 30 seconds left.
|
|t:|1783280984
|move|p2a: Gengar|Protect||[still]
|-fail|p2a: Gengar
|move|p1b: Aerodactyl|Tailwind||[still]
|-fail|p1b: Aerodactyl
|move|p1a: Garchomp|Dragon Claw|p2a: Gengar
|-damage|p2a: Gengar|0 fnt
|faint|p2a: Gengar
|move|p2b: Toxapex|Infestation|p1a: Garchomp
|-damage|p1a: Garchomp|72/100 tox
|-activate|p1a: Garchomp|move: Infestation|[of] p2b: Toxapex
|-damage|p2b: Toxapex|67/100|[from] ability: Rough Skin|[of] p1a: Garchomp
|
|-heal|p2b: Toxapex|73/100|[from] item: Leftovers
|-damage|p1a: Garchomp|60/100 tox|[from] psn
|-damage|p1a: Garchomp|48/100 tox|[from] move: Infestation|[partiallytrapped]
|-sideend|p1: torie123|move: Tailwind
|upkeep
|turn|7
|
|t:|1783281008
|move|p2b: Toxapex|Protect|p2b: Toxapex
|-singleturn|p2b: Toxapex|Protect
|move|p1b: Aerodactyl|Dual Wingbeat|p2b: Toxapex
|-activate|p2b: Toxapex|move: Protect
|move|p1a: Garchomp|Earthquake|p2b: Toxapex|[spread] 
|-activate|p2b: Toxapex|move: Protect
|-immune|p1b: Aerodactyl
|
|-heal|p2b: Toxapex|78/100|[from] item: Leftovers
|-damage|p1a: Garchomp|30/100 tox|[from] psn
|-damage|p1a: Garchomp|18/100 tox|[from] move: Infestation|[partiallytrapped]
|upkeep
|turn|8
|inactive|torie123 has 30 seconds left.
|inactive|noLifeNL has 30 seconds left.
|
|t:|1783281043
|move|p2b: Toxapex|Wide Guard|p2b: Toxapex
|-singleturn|p2b: Toxapex|Wide Guard
|move|p1b: Aerodactyl|Dual Wingbeat|p2b: Toxapex
|-damage|p2b: Toxapex|66/100
|-damage|p2b: Toxapex|53/100
|-hitcount|p2b: Toxapex|2
|move|p1a: Garchomp|Dragon Claw|p2b: Toxapex
|-damage|p2b: Toxapex|22/100
|
|-heal|p2b: Toxapex|28/100|[from] item: Leftovers
|-damage|p1a: Garchomp|0 fnt|[from] psn
|faint|p1a: Garchomp
|upkeep
|turn|9
|
|t:|1783281057
|move|p1b: Aerodactyl|Dual Wingbeat|p2b: Toxapex
|-damage|p2b: Toxapex|16/100
|-damage|p2b: Toxapex|3/100
|-hitcount|p2b: Toxapex|2
|move|p2b: Toxapex|Toxic|p1b: Aerodactyl
|-status|p1b: Aerodactyl|tox
|
|-heal|p2b: Toxapex|8/100|[from] item: Leftovers
|-damage|p1b: Aerodactyl|94/100 tox|[from] psn
|upkeep
|turn|10
|
|t:|1783281069
|move|p2b: Toxapex|Protect|p2b: Toxapex
|-singleturn|p2b: Toxapex|Protect
|move|p1b: Aerodactyl|Dual Wingbeat|p2b: Toxapex
|-activate|p2b: Toxapex|move: Protect
|
|-heal|p2b: Toxapex|14/100|[from] item: Leftovers
|-damage|p1b: Aerodactyl|82/100 tox|[from] psn
|upkeep
|turn|11
|
|t:|1783281078
|move|p2b: Toxapex|Protect||[still]
|-fail|p2b: Toxapex
|move|p1b: Aerodactyl|Dual Wingbeat|p2b: Toxapex
|-crit|p2b: Toxapex
|-damage|p2b: Toxapex|0 fnt
|faint|p2b: Toxapex
|-hitcount|p2: Toxapex|1
|
|win|torie123
|c|☆noLifeNL|Hgs
|c|☆noLifeNL|Ggs
|l| Bomduif
|c|☆torie123|ggs
|l| 000aj
|l|☆torie123
|player|p1|
|l| Ome Henk
|j| LivioVGC
|l| LivioVGC
