|j|鈽咾Chiefs7
|j|鈽咹unterOnShowdown
|html|KChiefs7HunterOnShowdown    
|uhtml|bestof|Game 1 of a best-of-3
|t:|1757204028
|gametype|doubles
|player|p1|KChiefs7|swimmer-gen4|1025
|player|p2|HunterOnShowdown|hilbert-masters2|1022
|gen|9
|tier|[Gen 9] VGC 2025 Reg H (Bo3)
|rated|
|rule|Species Clause: Limit one of each Pok茅mon
|rule|Item Clause: Limit 1 of each item
|clearpoke
|poke|p1|Ursaluna, L50, F|
|poke|p1|Gholdengo, L50|
|poke|p1|Flamigo, L50, M|
|poke|p1|Amoonguss, L50, F|
|poke|p1|Porygon2, L50|
|poke|p1|Incineroar, L50, M|
|poke|p2|Volcarona, L50, F|
|poke|p2|Dragonite, L50, M|
|poke|p2|Sneasler, L50, M|
|poke|p2|Rillaboom, L50, F|
|poke|p2|Kingambit, L50, M|
|poke|p2|Electabuzz, L50, F|
|teampreview|4
|showteam|p1|Ursaluna||FlameOrb|Guts|Facade,HeadlongRush,Earthquake,Protect|||F|||50|,,,,,Ghost]Gholdengo||LifeOrb|GoodasGold|MakeItRain,ShadowBall,NastyPlot,Protect||||||50|,,,,,Water]Flamigo||FocusSash|Scrappy|Detect,CloseCombat,WideGuard,DualWingbeat|||M|||50|,,,,,Ghost]Amoonguss||CovertCloak|Regenerator|RagePowder,Spore,PollenPuff,ClearSmog|||F|||50|,,,,,Fairy]Porygon2||Eviolite|Download|TeraBlast,IceBeam,Recover,TrickRoom||||||50|,,,,,Flying]Incineroar||SafetyGoggles|Intimidate|FlareBlitz,KnockOff,FakeOut,PartingShot|||M|||50|,,,,,Ghost
|showteam|p2|Volcarona||CovertCloak|FlameBody|FieryDance,QuiverDance,TeraBlast,Protect|||F|||50|,,,,,Fairy]Dragonite||LoadedDice|Multiscale|Haze,ScaleShot,StompingTantrum,Protect|||M|||50|,,,,,Fairy]Sneasler||FocusSash|Unburden|Coaching,CloseCombat,DireClaw,FakeOut|||M|||50|,,,,,Ghost]Rillaboom||AssaultVest|GrassySurge|KnockOff,GrassyGlide,WoodHammer,FakeOut|||F|||50|,,,,,Fire]Kingambit||BlackGlasses|Defiant|SuckerPunch,KowtowCleave,SwordsDance,Protect|||M|||50|,,,,,Dark]Electabuzz||Eviolite|VitalSpirit|Taunt,Electroweb,FollowMe,Protect|||F|||50|,,,,,Ghost
|inactive|Battle timer is ON: inactive players will automatically lose when time's up. (requested by HunterOnShowdown)
|inactive|KChiefs7 also wants the timer to be on.
|inactive|KChiefs7 has 60 seconds left.
|inactive|HunterOnShowdown has 60 seconds left.
|inactive|KChiefs7 has 30 seconds left.
|inactive|HunterOnShowdown has 30 seconds left.
|inactive|KChiefs7 has 20 seconds left.
|inactive|HunterOnShowdown has 20 seconds left.
|inactive|HunterOnShowdown has 15 seconds left.
|inactive|HunterOnShowdown has 10 seconds left.
|inactive|HunterOnShowdown has 5 seconds left.
|
|t:|1757204116
|teamsize|p1|4
|teamsize|p2|4
|start
|switch|p1a: Gholdengo|Gholdengo, L50|100/100
|switch|p1b: Flamigo|Flamigo, L50, M, shiny|100/100
|switch|p2a: Volcarona|Volcarona, L50, F|100/100
|switch|p2b: Electabuzz|Electabuzz, L50, F|100/100
|turn|1
|inactive|KChiefs7 has 30 seconds left.
|inactive|KChiefs7 has 20 seconds left.
|
|t:|1757204155
|switch|p1b: Ursaluna|Ursaluna, L50, F|100/100
|move|p2a: Volcarona|Protect|p2a: Volcarona
|-singleturn|p2a: Volcarona|Protect
|move|p1a: Gholdengo|Nasty Plot|p1a: Gholdengo
|-boost|p1a: Gholdengo|spa|2
|move|p2b: Electabuzz|Electroweb|p1b: Ursaluna|[spread] p1a
|-immune|p1b: Ursaluna
|-crit|p1a: Gholdengo
|-damage|p1a: Gholdengo|75/100
|-unboost|p1a: Gholdengo|spe|1
|
|-status|p1b: Ursaluna|brn|[from] item: Flame Orb
|upkeep
|turn|2
|inactive|KChiefs7 has 30 seconds left.
|
|t:|1757204190
|switch|p2a: Dragonite|Dragonite, L50, M|100/100
|move|p1a: Gholdengo|Protect|p1a: Gholdengo
|-singleturn|p1a: Gholdengo|Protect
|move|p2b: Electabuzz|Electroweb|p1a: Gholdengo|[spread] 
|-activate|p1a: Gholdengo|move: Protect
|-immune|p1b: Ursaluna
|move|p1b: Ursaluna|Earthquake|p2b: Electabuzz|[spread] p2b
|-activate|p1a: Gholdengo|move: Protect
|-immune|p2a: Dragonite
|-supereffective|p2b: Electabuzz
|-damage|p2b: Electabuzz|0 fnt
|faint|p2b: Electabuzz
|
|-damage|p1b: Ursaluna|95/100 brn|[from] brn
|upkeep
|
|t:|1757204194
|switch|p2b: Sneasler|Sneasler, L50, M|100/100
|turn|3
|inactive|KChiefs7 has 30 seconds left.
|
|t:|1757204225
|-terastallize|p1b: Ursaluna|Ghost
|move|p2b: Sneasler|Coaching|p2a: Dragonite
|-boost|p2a: Dragonite|atk|1
|-boost|p2a: Dragonite|def|1
|move|p2a: Dragonite|Stomping Tantrum|p1a: Gholdengo
|-supereffective|p1a: Gholdengo
|-damage|p1a: Gholdengo|0 fnt
|faint|p1a: Gholdengo
|move|p1b: Ursaluna|Facade|p2a: Dragonite
|-damage|p2a: Dragonite|56/100
|
|-damage|p1b: Ursaluna|89/100 brn|[from] brn
|upkeep
|
|t:|1757204249
|switch|p1a: Porygon2|Porygon2, L50|100/100
|-ability|p1a: Porygon2|Download|boost
|-boost|p1a: Porygon2|spa|1
|turn|4
|inactive|KChiefs7 has 30 seconds left.
|inactive|KChiefs7 has 20 seconds left.
|
|t:|1757204288
|move|p2b: Sneasler|Close Combat|p1a: Porygon2
|-supereffective|p1a: Porygon2
|-damage|p1a: Porygon2|24/100
|-unboost|p2b: Sneasler|def|1
|-unboost|p2b: Sneasler|spd|1
|move|p2a: Dragonite|Scale Shot|p1a: Porygon2
|-damage|p1a: Porygon2|9/100
|-damage|p1a: Porygon2|0 fnt
|faint|p1a: Porygon2
|-hitcount|p1: Porygon2|2
|-unboost|p2a: Dragonite|def|1
|-boost|p2a: Dragonite|spe|1
|move|p1b: Ursaluna|Facade|p2a: Dragonite
|-damage|p2a: Dragonite|0 fnt
|faint|p2a: Dragonite
|
|-damage|p1b: Ursaluna|83/100 brn|[from] brn
|upkeep
|
|t:|1757204302
|switch|p2a: Volcarona|Volcarona, L50, F|100/100
|switch|p1a: Flamigo|Flamigo, L50, M, shiny|100/100
|turn|5
|inactive|KChiefs7 has 30 seconds left.
|
|t:|1757204335
|move|p2a: Volcarona|Protect|p2a: Volcarona
|-singleturn|p2a: Volcarona|Protect
|move|p2b: Sneasler|Dire Claw|p1a: Flamigo
|-crit|p1a: Flamigo
|-damage|p1a: Flamigo|9/100
|-status|p1a: Flamigo|psn
|move|p1a: Flamigo|Dual Wingbeat|p2a: Volcarona
|-activate|p2a: Volcarona|move: Protect
|move|p1b: Ursaluna|Earthquake|p2a: Volcarona|[spread] p2b
|-activate|p2a: Volcarona|move: Protect
|-immune|p1a: Flamigo
|-supereffective|p2b: Sneasler
|-enditem|p2b: Sneasler|Focus Sash
|-damage|p2b: Sneasler|1/100
|
|-damage|p1a: Flamigo|0 fnt|[from] psn
|faint|p1a: Flamigo
|-damage|p1b: Ursaluna|77/100 brn|[from] brn
|upkeep
|turn|6
|inactive|KChiefs7 has 30 seconds left.
|inactive|HunterOnShowdown has 30 seconds left.
|inactive|HunterOnShowdown has 20 seconds left.
|
|t:|1757204381
|move|p2b: Sneasler|Coaching|p2a: Volcarona
|-boost|p2a: Volcarona|atk|1
|-boost|p2a: Volcarona|def|1
|move|p2a: Volcarona|Quiver Dance|p2a: Volcarona
|-boost|p2a: Volcarona|spa|1
|-boost|p2a: Volcarona|spd|1
|-boost|p2a: Volcarona|spe|1
|move|p1b: Ursaluna|Earthquake|p2b: Sneasler|[spread] p2a,p2b
|-supereffective|p2b: Sneasler
|-damage|p2a: Volcarona|49/100
|-damage|p2b: Sneasler|0 fnt
|faint|p2b: Sneasler
|
|-damage|p1b: Ursaluna|71/100 brn|[from] brn
|upkeep
|turn|7
|inactive|KChiefs7 has 30 seconds left.
|
|t:|1757204416
|move|p2a: Volcarona|Protect|p2a: Volcarona
|-singleturn|p2a: Volcarona|Protect
|move|p1b: Ursaluna|Facade|p2a: Volcarona
|-activate|p2a: Volcarona|move: Protect
|
|-damage|p1b: Ursaluna|66/100 brn|[from] brn
|upkeep
|turn|8
|
|t:|1757204423
|-terastallize|p2a: Volcarona|Fairy
|move|p2a: Volcarona|Fiery Dance|p1b: Ursaluna
|-damage|p1b: Ursaluna|16/100 brn
|-boost|p2a: Volcarona|spa|1
|move|p1b: Ursaluna|Facade|p2a: Volcarona
|-damage|p2a: Volcarona|0 fnt
|faint|p2a: Volcarona
|
|win|KChiefs7
||HunterOnShowdown is ready for game 2.
