|j|☆Drti7
|j|☆jxnh
|html|Drti7jxnh    
|uhtml|bestof|Game 3 of a best-of-3
|t:|1756508948
|gametype|doubles
|player|p1|Drti7|brycenman|1102
|player|p2|jxnh|102|1193
|gen|9
|tier|[Gen 9] VGC 2025 Reg H (Bo3)
|rated|
|rule|Species Clause: Limit one of each Pokémon
|rule|Item Clause: Limit 1 of each item
|clearpoke
|poke|p1|Tyranitar, L50, F|
|poke|p1|Ursaluna-Bloodmoon, L50, M|
|poke|p1|Electabuzz, L50, F|
|poke|p1|Annihilape, L50, F|
|poke|p1|Talonflame, L50, M|
|poke|p1|Primarina, L50, M|
|poke|p2|Corviknight, L50, F|
|poke|p2|Sneasler, L50, F|
|poke|p2|Garchomp, L50, F|
|poke|p2|Incineroar, L50, F|
|poke|p2|Araquanid, L50, F|
|poke|p2|Ursaluna-Bloodmoon, L50, M|
|teampreview|4
|showteam|p1|Tyranitar||AssaultVest|SandStream|RockSlide,KnockOff,TeraBlast,LowKick|||F|||50|,,,,,Flying]Ursaluna-Bloodmoon||LifeOrb|MindsEye|HyperVoice,BloodMoon,EarthPower,Protect|||M|||50|,,,,,Water]Electabuzz||Eviolite|VitalSpirit|Electroweb,FollowMe,LightScreen,Protect|||F|||50|,,,,,Ghost]Annihilape||SafetyGoggles|Defiant|DrainPunch,RageFist,BulkUp,Protect|||F|||50|,,,,,Water]Talonflame||CovertCloak|GaleWings|DualWingbeat,FlareBlitz,Tailwind,Taunt|||M|||50|,,,,,Flying]Primarina||ThroatSpray|LiquidVoice|HyperVoice,Moonblast,IcyWind,Protect|||M|||50|,,,,,Water
|showteam|p2|Corviknight||Leftovers|MirrorArmor|DualWingbeat,BodyPress,IronDefense,Protect|||F|||50|,,,,,Fire]Sneasler||FocusSash|Unburden|DireClaw,CloseCombat,Coaching,Protect|||F|||50|,,,,,Ghost]Garchomp||LoadedDice|RoughSkin|StompingTantrum,Earthquake,ScaleShot,Protect|||F|||50|,,,,,Fairy]Incineroar||SitrusBerry|Intimidate|FakeOut,KnockOff,PartingShot,FlareBlitz|||F|||50|,,,,,Ghost]Araquanid||RoomService|WaterBubble|Liquidation,LeechLife,WideGuard,Protect|||F|||50|,,,,,Grass]Ursaluna-Bloodmoon||AssaultVest|MindsEye|HyperVoice,EarthPower,BloodMoon,Snarl|||M|||50|,,,,,Grass
|inactive|Battle timer is ON: inactive players will automatically lose when time's up. (requested by Drti7)
|
|t:|1756508989
|teamsize|p1|4
|teamsize|p2|4
|start
|switch|p1a: Talonflame|Talonflame, L50, M|100/100
|switch|p1b: Annihilape|Annihilape, L50, F|100/100
|switch|p2a: Sneasler|Sneasler, L50, F|100/100
|switch|p2b: Garchomp|Garchomp, L50, F|100/100
|turn|1
|
|t:|1756509005
|move|p1a: Talonflame|Dual Wingbeat|p2a: Sneasler
|-supereffective|p2a: Sneasler
|-damage|p2a: Sneasler|50/100
|-supereffective|p2a: Sneasler
|-damage|p2a: Sneasler|0 fnt
|faint|p2a: Sneasler
|-hitcount|p2: Sneasler|2
|move|p2b: Garchomp|Scale Shot|p1a: Talonflame
|-damage|p1a: Talonflame|78/100
|-damage|p1a: Talonflame|58/100
|-crit|p1a: Talonflame
|-damage|p1a: Talonflame|25/100
|-damage|p1a: Talonflame|5/100
|-hitcount|p1a: Talonflame|4
|-unboost|p2b: Garchomp|def|1
|-boost|p2b: Garchomp|spe|1
|move|p1b: Annihilape|Bulk Up|p1b: Annihilape
|-boost|p1b: Annihilape|atk|1
|-boost|p1b: Annihilape|def|1
|
|upkeep
|
|t:|1756509023
|switch|p2a: Ursaluna|Ursaluna-Bloodmoon, L50, M|100/100
|turn|2
|inactive|Drti7 has 30 seconds left.
|inactive|Drti7 has 20 seconds left.
|
|t:|1756509059
|switch|p1a: Primarina|Primarina, L50, M|100/100
|move|p2b: Garchomp|Scale Shot|p1a: Primarina
|-immune|p1a: Primarina
|move|p1b: Annihilape|Bulk Up|p1b: Annihilape
|-boost|p1b: Annihilape|atk|1
|-boost|p1b: Annihilape|def|1
|move|p2a: Ursaluna|Blood Moon|p1b: Annihilape
|-damage|p1b: Annihilape|26/100
|
|upkeep
|turn|3
|inactive|jxnh has 30 seconds left.
|inactive|jxnh has 20 seconds left.
|inactive|jxnh has 15 seconds left.
|
|t:|1756509101
|-terastallize|p2b: Garchomp|Fairy
|move|p1b: Annihilape|Protect|p1b: Annihilape
|-singleturn|p1b: Annihilape|Protect
|move|p2b: Garchomp|Earthquake|p1b: Annihilape|[spread] p2a,p1a
|-activate|p1b: Annihilape|move: Protect
|-damage|p2a: Ursaluna|74/100
|-damage|p1a: Primarina|54/100
|move|p1a: Primarina|Icy Wind|p2b: Garchomp|[spread] p2a,p2b
|-supereffective|p2a: Ursaluna
|-damage|p2a: Ursaluna|54/100
|-damage|p2b: Garchomp|85/100
|-unboost|p2a: Ursaluna|spe|1
|-unboost|p2b: Garchomp|spe|1
|move|p2a: Ursaluna|Hyper Voice|p1a: Primarina|[spread] p1a
|-activate|p1b: Annihilape|move: Protect
|-damage|p1a: Primarina|18/100
|
|upkeep
|turn|4
|inactive|Drti7 has 30 seconds left.
|
|t:|1756509131
|switch|p2a: Araquanid|Araquanid, L50, F|100/100
|move|p2b: Garchomp|Earthquake|p1b: Annihilape|[spread] p2a,p1a,p1b
|-resisted|p2a: Araquanid
|-damage|p2a: Araquanid|79/100
|-damage|p1a: Primarina|0 fnt
|-damage|p1b: Annihilape|7/100
|faint|p1a: Primarina
|move|p1b: Annihilape|Drain Punch|p2a: Araquanid
|-resisted|p2a: Araquanid
|-damage|p2a: Araquanid|44/100
|-heal|p1b: Annihilape|21/100|[from] drain|[of] p2a: Araquanid
|
|upkeep
|
|t:|1756509143
|switch|p1a: Talonflame|Talonflame, L50, M|5/100
|turn|5
|inactive|Drti7 has 30 seconds left.
|
|t:|1756509171
|move|p1a: Talonflame|Tailwind|p1a: Talonflame
|-sidestart|p1: Drti7|move: Tailwind
|move|p1b: Annihilape|Rage Fist|p2a: Araquanid
|-damage|p2a: Araquanid|0 fnt
|faint|p2a: Araquanid
|move|p2b: Garchomp|Scale Shot|p1b: Annihilape|[miss]
|-miss|p2b: Garchomp|p1b: Annihilape
|
|upkeep
|
|t:|1756509180
|switch|p2a: Ursaluna|Ursaluna-Bloodmoon, L50, M|54/100
|turn|6
|
|t:|1756509195
|move|p2b: Garchomp|Protect|p2b: Garchomp
|-singleturn|p2b: Garchomp|Protect
|move|p1a: Talonflame|Flare Blitz|p2b: Garchomp
|-activate|p2b: Garchomp|move: Protect
|move|p1b: Annihilape|Rage Fist|p2a: Ursaluna
|-immune|p2a: Ursaluna
|move|p2a: Ursaluna|Hyper Voice|p1a: Talonflame|[spread] p1a,p1b
|-crit|p1b: Annihilape
|-damage|p1a: Talonflame|0 fnt
|-damage|p1b: Annihilape|0 fnt
|faint|p1a: Talonflame
|faint|p1b: Annihilape
|
|upkeep
|
|t:|1756509211
|switch|p1b: Tara|Tyranitar, L50, F|100/100
|-weather|Sandstorm|[from] ability: Sand Stream|[of] p1b: Tara
|turn|7
|
|t:|1756509234
|-terastallize|p1b: Tara|Flying
|move|p1b: Tara|Low Kick|p2a: Ursaluna
|-supereffective|p2a: Ursaluna
|-damage|p2a: Ursaluna|0 fnt
|faint|p2a: Ursaluna
|move|p2b: Garchomp|Scale Shot|p1b: Tara
|-damage|p1b: Tara|89/100
|-damage|p1b: Tara|77/100
|-damage|p1b: Tara|65/100
|-damage|p1b: Tara|53/100
|-damage|p1b: Tara|40/100
|-hitcount|p1b: Tara|5
|-unboost|p2b: Garchomp|def|1
|-boost|p2b: Garchomp|spe|1
|
|-weather|Sandstorm|[upkeep]
|-damage|p2b: Garchomp|79/100|[from] Sandstorm
|-damage|p1b: Tara|33/100|[from] Sandstorm
|upkeep
|turn|8
|
|t:|1756509256
|move|p2b: Garchomp|Protect|p2b: Garchomp
|-singleturn|p2b: Garchomp|Protect
|move|p1b: Tara|Tera Blast|p2b: Garchomp|[anim] Tera Blast Flying
|-activate|p2b: Garchomp|move: Protect
|
|-weather|Sandstorm|[upkeep]
|-damage|p2b: Garchomp|73/100|[from] Sandstorm
|-damage|p1b: Tara|27/100|[from] Sandstorm
|-sideend|p1: Drti7|move: Tailwind
|upkeep
|turn|9
|
|t:|1756509267
|move|p2b: Garchomp|Scale Shot|p1b: Tara
|-damage|p1b: Tara|16/100
|-damage|p1b: Tara|3/100
|-damage|p1b: Tara|0 fnt
|faint|p1b: Tara
|-hitcount|p1: Tara|3
|
|win|jxnh
|raw|Drti7's rating: 1102 → 1083(-19 for losing)
|raw|jxnh's rating: 1193 → 1212(+19 for winning)
