|j|☆o0zy4
|j|☆hkings234
|html|o0zy4hkings234    
|uhtml|bestof|Game 3 of a best-of-3
|t:|1785598474
|gametype|doubles
|player|p1|o0zy4|fisherman-gen4|1063
|player|p2|hkings234|102|1160
|gen|9
|tier|[Gen 9 Champions] VGC 2026 Reg M-B (Bo3)
|rated|
|rule|Species Clause: Limit one of each Pokémon
|rule|Item Clause: Limit 1 of each item
|clearpoke
|poke|p1|Blastoise, L50, M, shiny|
|poke|p1|Vileplume, L50, M|
|poke|p1|Sylveon, L50, M, shiny|
|poke|p1|Farigiraf, L50, M|
|poke|p1|Kingambit, L50, M|
|poke|p1|Torkoal, L50, F|
|poke|p2|Raichu, L50, M|
|poke|p2|Rotom-Heat, L50|
|poke|p2|Garchomp, L50, M|
|poke|p2|Tyranitar, L50, M|
|poke|p2|Whimsicott, L50, M|
|poke|p2|Corviknight, L50, F|
|teampreview|4
|showteam|p1|Blastoise||Blastoisinite|Torrent|AuraSphere,WaterSpout,DarkPulse,FakeOut|Quiet||M|||50|]Vileplume||FocusSash|Chlorophyll|GigaDrain,SludgeBomb,SleepPowder,AfterYou|Modest||M|||50|]Sylveon||FairyFeather|Pixilate|QuickAttack,HyperVoice,HyperBeam,Protect|Modest||M|||50|]Farigiraf||ColburBerry|ArmorTail|PsychicFangs,HyperVoice,HelpingHand,TrickRoom|Relaxed||M|||50|]Kingambit||BlackGlasses|Defiant|IronHead,KowtowCleave,SuckerPunch,Protect|Adamant||M|||50|]Torkoal||Charcoal|Drought|Eruption,WeatherBall,EarthPower,Protect|Modest||F|||50|
|showteam|p2|Raichu||RaichuniteY|LightningRod|ZapCannon,FakeOut,FocusBlast,Protect|Hasty||M|||50|]Rotom-Heat||Leftovers|Levitate|WillOWisp,Overheat,Thunderbolt,LightScreen|Calm|||||50|]Garchomp||Garchompite|RoughSkin|DragonClaw,Protect,RockSlide,Earthquake|Jolly||M|||50|]Tyranitar||RoseliBerry|SandStream|DragonDance,KnockOff,RockSlide,Protect|Adamant||M|||50|]Whimsicott||FairyFeather|Prankster|Tailwind,Encore,Moonblast,FakeTears|Bold||M|||50|]Corviknight||OccaBerry|MirrorArmor|BulkUp,BodyPress,Roost,IronHead|Careful||F|||50|
|
|t:|1785598513
|teamsize|p1|4
|teamsize|p2|4
|start
|switch|p1a: Vileplume|Vileplume, L50, M|100/100
|switch|p1b: Torkoal|Torkoal, L50, F|100/100
|switch|p2a: Rotom|Rotom-Heat, L50|100/100
|switch|p2b: Garchomp|Garchomp, L50, M|100/100
|-weather|SunnyDay|[from] ability: Drought|[of] p1b: Torkoal
|turn|1
|
|t:|1785598562
|switch|p2a: Tyranitar|Tyranitar, L50, M|100/100
|-weather|Sandstorm|[from] ability: Sand Stream|[of] p2a: Tyranitar
|detailschange|p2b: Garchomp|Garchomp-Mega, L50, M
|-mega|p2b: Garchomp|Garchomp|Garchompite
|move|p2b: Garchomp|Rock Slide|p1a: Vileplume|[spread] p1a,p1b
|-supereffective|p1b: Torkoal|1
|-damage|p1a: Vileplume|58/100
|-damage|p1b: Torkoal|45/100
|cant|p1a: Vileplume|flinch
|move|p1b: Torkoal|Eruption|p2b: Garchomp|[spread] p2a,p2b
|-resisted|p2a: Tyranitar|1
|-resisted|p2b: Garchomp|1
|-damage|p2a: Tyranitar|91/100
|-damage|p2b: Garchomp|87/100
|
|-weather|Sandstorm|[upkeep]
|-damage|p1a: Vileplume|52/100|[from] Sandstorm
|-damage|p1b: Torkoal|39/100|[from] Sandstorm
|upkeep
|turn|2
|
|t:|1785598591
|switch|p1b: Blastoise|Blastoise, L50, M, shiny|100/100
|move|p2b: Garchomp|Rock Slide|p1a: Vileplume|[spread] p1a,p1b
|-damage|p1a: Vileplume|12/100
|-damage|p1b: Blastoise|71/100
|move|p2a: Tyranitar|Knock Off|p1a: Vileplume
|-damage|p1a: Vileplume|0 fnt
|-enditem|p1a: Vileplume|Focus Sash|[from] move: Knock Off|[of] p2a: Tyranitar
|faint|p1a: Vileplume
|
|-weather|Sandstorm|[upkeep]
|-damage|p1b: Blastoise|65/100|[from] Sandstorm
|upkeep
|
|t:|1785598602
|switch|p1a: Farigiraf|Farigiraf, L50, M|100/100
|turn|3
|
|t:|1785598618
|detailschange|p1b: Blastoise|Blastoise-Mega, L50, M, shiny
|-mega|p1b: Blastoise|Blastoise|Blastoisinite
|move|p1b: Blastoise|Fake Out|p2b: Garchomp
|-damage|p2b: Garchomp|78/100
|cant|p2b: Garchomp|flinch
|move|p2a: Tyranitar|Rock Slide|p1b: Blastoise|[spread] p1a,p1b
|-damage|p1a: Farigiraf|72/100
|-damage|p1b: Blastoise|37/100
|cant|p1a: Farigiraf|flinch
|
|-weather|Sandstorm|[upkeep]
|-damage|p1b: Blastoise|31/100|[from] Sandstorm
|-damage|p1a: Farigiraf|66/100|[from] Sandstorm
|upkeep
|turn|4
|
|t:|1785598640
|switch|p1b: Torkoal|Torkoal, L50, F|39/100
|-weather|SunnyDay|[from] ability: Drought|[of] p1b: Torkoal
|move|p2a: Tyranitar|Protect|p2a: Tyranitar
|-singleturn|p2a: Tyranitar|Protect
|move|p2b: Garchomp|Earthquake|p1b: Torkoal|[spread] p1a,p1b
|-activate|p2a: Tyranitar|move: Protect
|-supereffective|p1b: Torkoal|1
|-damage|p1a: Farigiraf|31/100
|-damage|p1b: Torkoal|0 fnt
|faint|p1b: Torkoal
|move|p1a: Farigiraf|Trick Room|p1a: Farigiraf
|-fieldstart|move: Trick Room|[of] p1a: Farigiraf
|
|-weather|SunnyDay|[upkeep]
|upkeep
|
|t:|1785598652
|switch|p1b: Blastoise|Blastoise-Mega, L50, M, shiny|31/100
|turn|5
|
|t:|1785598669
|switch|p2a: Rotom|Rotom-Heat, L50|100/100
|move|p2b: Garchomp|Protect|p2b: Garchomp
|-singleturn|p2b: Garchomp|Protect
|move|p1a: Farigiraf|Hyper Voice|p2a: Rotom|[spread] p2a
|-activate|p2b: Garchomp|move: Protect
|-damage|p2a: Rotom|80/100
|move|p1b: Blastoise|Aura Sphere|p2b: Garchomp
|-activate|p2b: Garchomp|move: Protect
|
|-weather|SunnyDay|[upkeep]
|-heal|p2a: Rotom|86/100|[from] item: Leftovers
|upkeep
|turn|6
|
|t:|1785598689
|move|p1a: Farigiraf|Hyper Voice|p2a: Rotom|[spread] p2a,p2b
|-damage|p2a: Rotom|67/100
|-damage|p2b: Garchomp|50/100g
|move|p1b: Blastoise|Aura Sphere|p2a: Rotom
|-damage|p2a: Rotom|29/100
|move|p2a: Rotom|Thunderbolt|p1b: Blastoise
|-supereffective|p1b: Blastoise|1
|-damage|p1b: Blastoise|0 fnt
|faint|p1b: Blastoise
|move|p2b: Garchomp|Rock Slide|p1a: Farigiraf
|-damage|p1a: Farigiraf|5/100
|
|-weather|SunnyDay|[upkeep]
|-heal|p2a: Rotom|35/100|[from] item: Leftovers
|upkeep
|turn|7
|-message|o0zy4 forfeited.
|
|win|hkings234
|raw|o0zy4's rating: 1063 → 1049(-14 for losing)
|raw|hkings234's rating: 1160 → 1178(+18 for winning)
|l|☆o0zy4
|player|p1|
