|j|☆Kari-Hime
|j|☆RokketRonnie
|html|Kari-HimeRokketRonnie    
|uhtml|bestof|Game 1 of a best-of-3
|t:|1784512477
|gametype|doubles
|player|p1|Kari-Hime|heroine2-conquest|
|player|p2|RokketRonnie|steven|
|gen|9
|tier|[Gen 9 Champions] VGC 2026 Reg M-B (Bo3)
|rule|Species Clause: Limit one of each Pokémon
|rule|Item Clause: Limit 1 of each item
|clearpoke
|poke|p1|Arcanine, L50, M|
|poke|p1|Dragonite, L50, F|
|poke|p1|Aggron, L50, F|
|poke|p1|Audino, L50, F|
|poke|p1|Primarina, L50, F|
|poke|p1|Mimikyu, L50, F|
|poke|p2|Sceptile, L50, M, shiny|
|poke|p2|Weavile, L50, F|
|poke|p2|Grimmsnarl, L50, M|
|poke|p2|Basculegion, L50, M|
|poke|p2|Aegislash, L50, M, shiny|
|poke|p2|Rotom-Heat, L50|
|teampreview|4
|showteam|p1|Arcanine||Leftovers|Intimidate|FlareBlitz,MorningSun,ExtremeSpeed,Snarl|Relaxed||M|||50|]Dragonite||SilkScarf|InnerFocus|ExtremeSpeed,BrickBreak,BreakingSwipe,Protect|Brave||F|||50|]Aggron||Aggronite|Sturdy|HeavySlam,ThunderPunch,BodyPress,Protect|Brave||F|||50|]Audino||Audinite|Klutz|SkillSwap,TrickRoom,HealPulse,HelpingHand|Relaxed||F|||50|]Primarina||ExpertBelt|LiquidVoice|HyperVoice,Moonblast,Protect,FlipTurn|Quiet||F|||50|]Mimikyu||MentalHerb|Disguise|SwordsDance,ShadowSneak,PlayRough,TrickRoom|Brave||F|||50|
|showteam|p2|Sceptile||Sceptilite|Overgrow|EarthPower,ShedTail,DragonPulse,Protect|Modest||M|||50|]Weavile||NeverMeltIce|Pressure|FakeOut,KnockOff,Protect,TripleAxel|Adamant||F|||50|]Grimmsnarl||LightClay|Prankster|SuckerPunch,Reflect,LightScreen,WonderRoom|Careful||M|||50|]Basculegion||SitrusBerry|Adaptability|WaveCrash,AquaJet,LastRespects,Protect|Adamant||M|||50|]Aegislash||LifeOrb|StanceChange|IronHead,ShadowSneak,Poltergeist,KingsShield|Adamant||M|||50|]Rotom-Heat||ChoiceScarf|Levitate|Discharge,Overheat,Electroweb,VoltSwitch|Modest|||||50|
|c|☆RokketRonnie|alr fr this time
|c|☆RokketRonnie|gl hf
|
|t:|1784512518
|teamsize|p1|4
|teamsize|p2|4
|start
|switch|p1a: Arcanine|Arcanine, L50, M|100/100
|switch|p1b: Mimikyu|Mimikyu, L50, F|100/100
|switch|p2a: Anaxagoras|Sceptile, L50, M, shiny|100/100
|switch|p2b: IRONTOMB|Rotom-Heat, L50|100/100
|-ability|p1a: Arcanine|Intimidate|boost
|-unboost|p2a: Anaxagoras|atk|1
|-unboost|p2b: IRONTOMB|atk|1
|turn|1
|
|t:|1784512545
|detailschange|p2a: Anaxagoras|Sceptile-Mega, L50, M, shiny
|-mega|p2a: Anaxagoras|Sceptile|Sceptilite
|move|p2b: IRONTOMB|Discharge|p1b: Mimikyu|[spread] p1a,p1b
|-ability|p2a: Anaxagoras|Lightning Rod|boost
|-boost|p2a: Anaxagoras|spa|1
|-damage|p1a: Arcanine|70/100
|-activate|p1b: Mimikyu|ability: Disguise
|-damage|p1b: Mimikyu|100/100
|-status|p1b: Mimikyu|par
|detailschange|p1b: Mimikyu|Mimikyu-Busted, L50, F
|-damage|p1b: Mimikyu|87/100 par|[from] pokemon: Mimikyu-Busted
|move|p2a: Anaxagoras|Shed Tail|p2a: Anaxagoras
|-start|p2a: Anaxagoras|Substitute|[from] move: Shed Tail
|-damage|p2a: Anaxagoras|50/100y
|
|t:|1784512559
|switch|p2a: Phagousa|Basculegion, L50, M|100/100|[from] Shed Tail
|move|p1a: Arcanine|Snarl|p2a: Phagousa|[spread] p2a,p2b
|-supereffective|p2a: Phagousa|1
|-damage|p2a: Phagousa|85/100
|-damage|p2b: IRONTOMB|89/100
|-unboost|p2a: Phagousa|spa|1
|-unboost|p2b: IRONTOMB|spa|1
|move|p1b: Mimikyu|Trick Room|p1b: Mimikyu
|-fieldstart|move: Trick Room|[of] p1b: Mimikyu
|
|-heal|p1a: Arcanine|76/100|[from] item: Leftovers
|upkeep
|turn|2
|
|t:|1784512600
|switch|p2b: Dawnmaker|Aegislash, L50, M, shiny|100/100
|move|p1b: Mimikyu|Play Rough|p2a: Phagousa
|-end|p2a: Phagousa|Substitute
|move|p2a: Phagousa|Wave Crash|p1a: Arcanine
|-supereffective|p1a: Arcanine|1
|-damage|p1a: Arcanine|0 fnt
|faint|p1a: Arcanine
|-damage|p2a: Phagousa|62/100|[from] Recoil
|
|upkeep
|
|t:|1784512610
|switch|p1a: Aggron|Aggron, L50, F|100/100
|turn|3
|
|t:|1784512639
|detailschange|p1a: Aggron|Aggron-Mega, L50, F
|-mega|p1a: Aggron|Aggron|Aggronite
|move|p2a: Phagousa|Protect|p2a: Phagousa
|-singleturn|p2a: Phagousa|Protect
|move|p1b: Mimikyu|Play Rough|p2a: Phagousa
|-activate|p2a: Phagousa|move: Protect
|move|p1a: Aggron|Heavy Slam|p2a: Phagousa
|-activate|p2a: Phagousa|move: Protect
|-formechange|p2b: Dawnmaker|Aegislash-Blade|
|move|p2b: Dawnmaker|Iron Head|p1b: Mimikyu
|-supereffective|p1b: Mimikyu|1
|-damage|p1b: Mimikyu|0 fnt
|faint|p1b: Mimikyu
|-damage|p2b: Dawnmaker|90/100|[from] item: Life Orb
|
|upkeep
|
|t:|1784512644
|switch|p1b: Primarina|Primarina, L50, F|100/100
|turn|4
|
|t:|1784512666
|-formechange|p2b: Dawnmaker|Aegislash|
|move|p2b: Dawnmaker|King's Shield|p2b: Dawnmaker
|-singleturn|p2b: Dawnmaker|Protect
|move|p1a: Aggron|Heavy Slam|p2a: Phagousa
|-resisted|p2a: Phagousa|1
|-damage|p2a: Phagousa|35/100
|-enditem|p2a: Phagousa|Sitrus Berry|[eat]
|-heal|p2a: Phagousa|60/100|[from] item: Sitrus Berry
|move|p1b: Primarina|Hyper Voice|p2b: Dawnmaker|[spread] p2a
|-activate|p2b: Dawnmaker|move: Protect
|-resisted|p2a: Phagousa|1
|-damage|p2a: Phagousa|44/100
|move|p2a: Phagousa|Wave Crash|p1a: Aggron
|-damage|p1a: Aggron|58/100
|-damage|p2a: Phagousa|34/100|[from] Recoil
|
|upkeep
|turn|5
|
|t:|1784512691
|move|p2a: Phagousa|Protect|p2a: Phagousa
|-singleturn|p2a: Phagousa|Protect
|move|p1a: Aggron|Thunder Punch|p2a: Phagousa
|-activate|p2a: Phagousa|move: Protect
|move|p1b: Primarina|Moonblast|p2b: Dawnmaker
|-resisted|p2b: Dawnmaker|1
|-crit|p2b: Dawnmaker
|-damage|p2b: Dawnmaker|56/100
|-formechange|p2b: Dawnmaker|Aegislash-Blade|
|move|p2b: Dawnmaker|Poltergeist|p1b: Primarina
|-activate|p1b: Primarina|move: Poltergeist|Expert Belt
|-damage|p1b: Primarina|0 fnt
|faint|p1b: Primarina
|-damage|p2b: Dawnmaker|47/100|[from] item: Life Orb
|
|-fieldend|move: Trick Room
|upkeep
|turn|6
|
|t:|1784512709
|move|p2a: Phagousa|Wave Crash|p1a: Aggron
|-damage|p1a: Aggron|21/100
|-damage|p2a: Phagousa|26/100|[from] Recoil
|move|p2b: Dawnmaker|Poltergeist|p1a: Aggron
|-activate|p1a: Aggron|move: Poltergeist|Aggronite
|-damage|p1a: Aggron|0 fnt
|faint|p1a: Aggron
|-damage|p2b: Dawnmaker|37/100|[from] item: Life Orb
|
|win|RokketRonnie
||Kari-Hime is ready for game 2.
|inactive|RokketRonnie has 30 seconds to confirm battle start!
||RokketRonnie is ready for game 2.
|uhtml|next|Next: Game 2 of 3
