|j|☆GS Barnabe
|j|☆pizzawing
|html|GS Barnabepizzawing    
|uhtml|bestof|Game 2 of a best-of-3
|t:|1785719990
|gametype|doubles
|player|p1|GS Barnabe|265|1278
|player|p2|pizzawing|169|1366
|gen|9
|tier|[Gen 9 Champions] VGC 2026 Reg M-B (Bo3)
|rated|
|rule|Species Clause: Limit one of each Pokémon
|rule|Item Clause: Limit 1 of each item
|clearpoke
|poke|p1|Clefable, L50, F|
|poke|p1|Tyranitar, L50, F|
|poke|p1|Garchomp, L50, F|
|poke|p1|Gholdengo, L50|
|poke|p1|Rotom-Wash, L50|
|poke|p1|Aerodactyl, L50, M|
|poke|p2|Charizard, L50, M|
|poke|p2|Farigiraf, L50, F|
|poke|p2|Conkeldurr, L50, F|
|poke|p2|Venusaur, L50, M|
|poke|p2|Sylveon, L50, M|
|poke|p2|Aerodactyl, L50, F|
|teampreview|4
|showteam|p1|Clefable||SitrusBerry|Unaware|Moonblast,HelpingHand,FollowMe,Protect|Bold||F|||50|]Tyranitar||ChoiceScarf|SandStream|RockSlide,KnockOff,IcePunch,Superpower|Jolly||F|||50|]Garchomp||Garchompite|SandVeil|DracoMeteor,EarthPower,PowerGem,Protect|Modest||F|||50|]Gholdengo||LifeOrb|GoodasGold|MakeItRain,ShadowBall,NastyPlot,Protect|Modest|||||50|]Rotom-Wash||Leftovers|Levitate|HydroPump,VoltSwitch,WillOWisp,Protect|Calm|||||50|]Aerodactyl||Aerodactylite|RockHead|RockSlide,DualWingbeat,Tailwind,Protect|Jolly||M|||50|
|showteam|p2|Charizard||CharizarditeY|SolarPower|HeatWave,WeatherBall,Protect,AncientPower|Timid||M|||50|]Farigiraf||SitrusBerry|ArmorTail|HyperVoice,Psychic,TrickRoom,Protect|Modest||F|||50|]Conkeldurr||BlackBelt|IronFist|DrainPunch,IcePunch,MachPunch,ThunderPunch|Adamant||F|||50|]Venusaur||LifeOrb|Chlorophyll|EnergyBall,SludgeBomb,EarthPower,Protect|Modest||M|||50|]Sylveon||FairyFeather|Pixilate|HyperVoice,HyperBeam,QuickAttack,Detect|Modest||M|||50|]Aerodactyl||Aerodactylite|Unnerve|RockSlide,DualWingbeat,IceFang,Tailwind|Jolly||F|||50|
|inactive|Battle timer is ON: inactive players will automatically lose when time's up. (requested by pizzawing)
|
|t:|1785720024
|teamsize|p1|4
|teamsize|p2|4
|start
|switch|p1a: Aerodactyl|Aerodactyl, L50, M|100/100
|switch|p1b: Gholdengo|Gholdengo, L50|100/100
|switch|p2a: Sylveon|Sylveon, L50, M|100/100
|switch|p2b: Farigiraf|Farigiraf, L50, F|100/100
|turn|1
|
|t:|1785720039
|detailschange|p1a: Aerodactyl|Aerodactyl-Mega, L50, M
|-mega|p1a: Aerodactyl|Aerodactyl|Aerodactylite
|move|p1a: Aerodactyl|Rock Slide|p2a: Sylveon|[spread] p2a,p2b
|-damage|p2a: Sylveon|65/100
|-damage|p2b: Farigiraf|71/100
|move|p1b: Gholdengo|Nasty Plot|p1b: Gholdengo
|-boost|p1b: Gholdengo|spa|2
|move|p2a: Sylveon|Hyper Voice|p1b: Gholdengo|[spread] p1a,p1b
|-resisted|p1b: Gholdengo|1
|-damage|p1a: Aerodactyl|50/100g
|-damage|p1b: Gholdengo|77/100
|move|p2b: Farigiraf|Psychic|p1a: Aerodactyl
|-damage|p1a: Aerodactyl|1/100
|
|upkeep
|turn|2
|
|t:|1785720061
|move|p2a: Sylveon|Detect|p2a: Sylveon
|-singleturn|p2a: Sylveon|Protect
|move|p1a: Aerodactyl|Rock Slide|p2a: Sylveon|[spread] p2b
|-activate|p2a: Sylveon|move: Protect
|-damage|p2b: Farigiraf|43/100
|-enditem|p2b: Farigiraf|Sitrus Berry|[eat]
|-heal|p2b: Farigiraf|68/100|[from] item: Sitrus Berry
|move|p1b: Gholdengo|Make It Rain|p2b: Farigiraf|[spread] p2b
|-activate|p2a: Sylveon|move: Protect
|-damage|p2b: Farigiraf|0 fnt
|-unboost|p1b: Gholdengo|spa|2
|faint|p2b: Farigiraf
|-damage|p1b: Gholdengo|68/100|[from] item: Life Orb
|
|upkeep
|
|t:|1785720065
|switch|p2b: Charizard|Charizard, L50, M|100/100
|turn|3
|inactive|GS Barnabe has 30 seconds left.
|inactive|GS Barnabe has 20 seconds left.
|inactive|GS Barnabe has 15 seconds left.
|
|t:|1785720105
|switch|p1b: Rotom|Rotom-Wash, L50|100/100
|detailschange|p2b: Charizard|Charizard-Mega-Y, L50, M
|-mega|p2b: Charizard|Charizard|Charizardite Y
|-weather|SunnyDay|[from] ability: Drought|[of] p2b: Charizard
|move|p1a: Aerodactyl|Protect|p1a: Aerodactyl
|-singleturn|p1a: Aerodactyl|Protect
|move|p2a: Sylveon|Quick Attack|p1a: Aerodactyl
|-activate|p1a: Aerodactyl|move: Protect
|move|p2b: Charizard|Heat Wave|p1b: Rotom|[spread] p1b
|-activate|p1a: Aerodactyl|move: Protect
|-resisted|p1b: Rotom|1
|-damage|p1b: Rotom|73/100
|
|-weather|SunnyDay|[upkeep]
|-heal|p1b: Rotom|78/100|[from] item: Leftovers
|upkeep
|turn|4
|inactive|GS Barnabe has 30 seconds left.
|
|t:|1785720134
|switch|p1a: Tyranitar|Tyranitar, L50, F|100/100
|-weather|Sandstorm|[from] ability: Sand Stream|[of] p1a: Tyranitar
|switch|p2b: Venusaur|Venusaur, L50, M|100/100
|move|p2a: Sylveon|Quick Attack|p1a: Tyranitar
|-supereffective|p1a: Tyranitar|1
|-damage|p1a: Tyranitar|74/100
|move|p1b: Rotom|Volt Switch|p2b: Venusaur
|-resisted|p2b: Venusaur|1
|-damage|p2b: Venusaur|84/100
|
|t:|1785720150
|switch|p1b: Gholdengo|Gholdengo, L50|68/100|[from] Volt Switch
|
|-weather|Sandstorm|[upkeep]
|-damage|p2b: Venusaur|78/100|[from] Sandstorm
|-damage|p2a: Sylveon|59/100|[from] Sandstorm
|upkeep
|turn|5
|inactive|GS Barnabe has 30 seconds left.
|inactive|pizzawing has 30 seconds left.
|
|t:|1785720187
|switch|p1a: Rotom|Rotom-Wash, L50|78/100
|switch|p2a: Charizard|Charizard-Mega-Y, L50, M|100/100
|-weather|SunnyDay|[from] ability: Drought|[of] p2a: Charizard
|move|p2b: Venusaur|Energy Ball|p1a: Rotom
|-supereffective|p1a: Rotom|1
|-damage|p1a: Rotom|0 fnt
|faint|p1a: Rotom
|-damage|p2b: Venusaur|68/100|[from] item: Life Orb
|move|p1b: Gholdengo|Make It Rain|p2b: Venusaur|[spread] p2a,p2b
|-resisted|p2a: Charizard|1
|-damage|p2a: Charizard|71/100
|-damage|p2b: Venusaur|7/100
|-unboost|p1b: Gholdengo|spa|2
|-damage|p1b: Gholdengo|58/100|[from] item: Life Orb
|
|-weather|SunnyDay|[upkeep]
|upkeep
|inactive|GS Barnabe has 30 seconds left.
|
|t:|1785720214
|switch|p1a: Tyranitar|Tyranitar, L50, F|74/100
|-weather|Sandstorm|[from] ability: Sand Stream|[of] p1a: Tyranitar
|turn|6
|
|t:|1785720228
|switch|p2a: Sylveon|Sylveon, L50, M|59/100
|move|p2b: Venusaur|Protect|p2b: Venusaur
|-singleturn|p2b: Venusaur|Protect
|move|p1a: Tyranitar|Rock Slide|p2b: Venusaur|[spread] p2a
|-activate|p2b: Venusaur|move: Protect
|-crit|p2a: Sylveon
|-damage|p2a: Sylveon|3/100
|move|p1b: Gholdengo|Nasty Plot|p1b: Gholdengo
|-boost|p1b: Gholdengo|spa|2
|
|-weather|Sandstorm|[upkeep]
|-damage|p2b: Venusaur|1/100|[from] Sandstorm
|-damage|p2a: Sylveon|0 fnt|[from] Sandstorm
|faint|p2a: Sylveon
|upkeep
|
|t:|1785720236
|switch|p2a: Charizard|Charizard-Mega-Y, L50, M|71/100
|-weather|SunnyDay|[from] ability: Drought|[of] p2a: Charizard
|turn|7
|inactive|GS Barnabe has 30 seconds left.
|
|t:|1785720263
|switch|p1a: Aerodactyl|Aerodactyl-Mega, L50, M|1/100
|move|p1b: Gholdengo|Protect|p1b: Gholdengo
|-singleturn|p1b: Gholdengo|Protect
|move|p2b: Venusaur|Energy Ball|p1a: Aerodactyl
|-damage|p1a: Aerodactyl|0 fnt
|faint|p1a: Aerodactyl
|-damage|p2b: Venusaur|0 fnt|[from] item: Life Orb
|faint|p2b: Venusaur
|move|p2a: Charizard|Heat Wave|p1b: Gholdengo
|-activate|p1b: Gholdengo|move: Protect
|
|-weather|SunnyDay|[upkeep]
|upkeep
|-message|pizzawing forfeited.
|raw|GS Barnabe's rating: 1278 → 1309(+31 for winning)
|raw|pizzawing's rating: 1366 → 1341(-25 for losing)
|
|win|GS Barnabe
|l|☆pizzawing
|player|p2|
