|j|☆llamatruama
|j|☆AnriVGC
|html|llamatruamaAnriVGC    
|uhtml|bestof|Game 1 of a best-of-3
|t:|1756231673
|gametype|doubles
|player|p1|llamatruama|101|1028
|player|p2|AnriVGC|hilda-masters3|1101
|gen|9
|tier|[Gen 9] VGC 2025 Reg H (Bo3)
|rated|
|rule|Species Clause: Limit one of each Pokémon
|rule|Item Clause: Limit 1 of each item
|clearpoke
|poke|p1|Meowscarada, L50, M|
|poke|p1|Sylveon, L50, M|
|poke|p1|Scyther, L50, F|
|poke|p1|Snorlax, L50, F|
|poke|p1|Tauros-Paldea-Blaze, L50, M|
|poke|p1|Primarina, L50, M|
|poke|p2|Gholdengo, L50|
|poke|p2|Sneasler, L50, F|
|poke|p2|Rillaboom, L50, F|
|poke|p2|Dragonite, L50, F|
|poke|p2|Ninetales-Alola, L50, F|
|poke|p2|Arcanine-Hisui, L50, M|
|teampreview|4
|showteam|p1|Meowscarada||FocusSash|Overgrow|FlowerTrick,KnockOff,SuckerPunch,Protect|||M|||50|,,,,,Stellar]Sylveon||FairyFeather|Pixilate|HyperVoice,Protect,QuickAttack,TeraBlast|||M|||50|,,,,,Fire]Scyther||Eviolite|Technician|Protect,DualWingbeat,Thief,CloseCombat|||F|||50|,,,,,Dragon]Snorlax||AssaultVest|ThickFat|HeatCrash,DoubleEdge,HighHorsepower,HammerArm|||F|||50|,,,,,Psychic]Tauros-Paldea-Blaze||WhiteHerb|Intimidate|CloseCombat,FlareBlitz,WildCharge,Protect|||M|||50|,,,,,Grass]Primarina||SitrusBerry|LiquidVoice|HyperVoice,Moonblast,IceBeam,Protect|||M|||50|,,,,,Poison
|showteam|p2|Gholdengo||GrassySeed|GoodasGold|NastyPlot,MakeItRain,ShadowBall,Protect||||||50|,,,,,Water]Sneasler||FocusSash|Unburden|CloseCombat,DireClaw,Coaching,FakeOut|||F|||50|,,,,,Ghost]Rillaboom||AssaultVest|GrassySurge|FakeOut,GrassyGlide,DrumBeating,HighHorsepower|||F|||50|,,,,,Fire]Dragonite||LoadedDice|Multiscale|ScaleShot,StompingTantrum,Haze,Protect|||F|||50|,,,,,Steel]Ninetales-Alola||CovertCloak|SnowWarning|IcyWind,Blizzard,Encore,AuroraVeil|||F|||50|,,,,,Ice]Arcanine-Hisui||ClearAmulet|Intimidate|RockSlide,FlareBlitz,ExtremeSpeed,Protect|||M|||50|,,,,,Water
|inactive|Battle timer is ON: inactive players will automatically lose when time's up. (requested by llamatruama)
|
|t:|1756231720
|teamsize|p1|4
|teamsize|p2|4
|start
|switch|p1a: Scyther|Scyther, L50, F|100/100
|switch|p1b: Tauros|Tauros-Paldea-Blaze, L50, M|100/100
|switch|p2a: Rillaboom|Rillaboom, L50, F|100/100
|switch|p2b: Gholdengo|Gholdengo, L50|100/100
|-fieldstart|move: Grassy Terrain|[from] ability: Grassy Surge|[of] p2a: Rillaboom
|-enditem|p2b: Gholdengo|Grassy Seed
|-boost|p2b: Gholdengo|def|1|[from] item: Grassy Seed
|-ability|p1b: Tauros|Intimidate|boost
|-unboost|p2a: Rillaboom|atk|1
|-unboost|p2b: Gholdengo|atk|1
|turn|1
|inactive|AnriVGC has 30 seconds left.
|inactive|AnriVGC has 20 seconds left.
|
|t:|1756231756
|switch|p2a: Arcanine|Arcanine-Hisui, L50, M|100/100
|-ability|p2a: Arcanine|Intimidate|boost
|-unboost|p1a: Scyther|atk|1
|-unboost|p1b: Tauros|atk|1
|-enditem|p1b: Tauros|White Herb
|-clearnegativeboost|p1b: Tauros|[silent]
|-terastallize|p2b: Gholdengo|Water
|move|p1a: Scyther|Dual Wingbeat|p2a: Arcanine
|-resisted|p2a: Arcanine
|-damage|p2a: Arcanine|91/100
|-resisted|p2a: Arcanine
|-damage|p2a: Arcanine|81/100
|-hitcount|p2a: Arcanine|2
|move|p1b: Tauros|Flare Blitz|p2a: Arcanine
|-resisted|p2a: Arcanine
|-damage|p2a: Arcanine|65/100
|-damage|p1b: Tauros|95/100|[from] Recoil
|move|p2b: Gholdengo|Nasty Plot|p2b: Gholdengo
|-boost|p2b: Gholdengo|spa|2
|
|-heal|p2a: Arcanine|71/100|[from] Grassy Terrain
|-heal|p1b: Tauros|100/100|[from] Grassy Terrain
|upkeep
|turn|2
|inactive|llamatruama has 30 seconds left.
|inactive|AnriVGC has 30 seconds left.
|inactive|AnriVGC has 20 seconds left.
|inactive|AnriVGC has 15 seconds left.
|inactive|AnriVGC has 10 seconds left.
|
|t:|1756231805
|switch|p1a: Meowscarada|Meowscarada, L50, M|100/100
|move|p2b: Gholdengo|Protect|p2b: Gholdengo
|-singleturn|p2b: Gholdengo|Protect
|move|p2a: Arcanine|Flare Blitz|p1a: Meowscarada
|-supereffective|p1a: Meowscarada
|-enditem|p1a: Meowscarada|Focus Sash
|-damage|p1a: Meowscarada|1/100
|-damage|p2a: Arcanine|44/100|[from] Recoil
|move|p1b: Tauros|Wild Charge|p2b: Gholdengo
|-activate|p2b: Gholdengo|move: Protect
|
|-heal|p1a: Meowscarada|7/100|[from] Grassy Terrain
|-heal|p2a: Arcanine|50/100|[from] Grassy Terrain
|upkeep
|turn|3
|
|t:|1756231825
|move|p2a: Arcanine|Extreme Speed|p1a: Meowscarada
|-damage|p1a: Meowscarada|0 fnt
|faint|p1a: Meowscarada
|move|p1b: Tauros|Wild Charge|p2b: Gholdengo
|-supereffective|p2b: Gholdengo
|-damage|p2b: Gholdengo|59/100
|-damage|p1b: Tauros|91/100|[from] Recoil
|move|p2b: Gholdengo|Shadow Ball|p1b: Tauros
|-damage|p1b: Tauros|0 fnt
|faint|p1b: Tauros
|
|-heal|p2a: Arcanine|56/100|[from] Grassy Terrain
|-heal|p2b: Gholdengo|65/100|[from] Grassy Terrain
|upkeep
|
|t:|1756231836
|switch|p1a: Scyther|Scyther, L50, F|100/100
|switch|p1b: Sylveon|Sylveon, L50, M|100/100
|turn|4
|
|t:|1756231859
|-terastallize|p1b: Sylveon|Fire
|move|p1a: Scyther|Protect|p1a: Scyther
|-singleturn|p1a: Scyther|Protect
|move|p2a: Arcanine|Flare Blitz|p1a: Scyther
|-activate|p1a: Scyther|move: Protect
|move|p2b: Gholdengo|Make It Rain|p1a: Scyther|[spread] p1b
|-activate|p1a: Scyther|move: Protect
|-resisted|p1b: Sylveon
|-damage|p1b: Sylveon|62/100
|-unboost|p2b: Gholdengo|spa|1
|move|p1b: Sylveon|Hyper Voice|p2b: Gholdengo|[spread] p2a,p2b
|-resisted|p2a: Arcanine
|-damage|p2a: Arcanine|28/100
|-damage|p2b: Gholdengo|14/100
|
|-heal|p2a: Arcanine|34/100|[from] Grassy Terrain
|-heal|p2b: Gholdengo|20/100|[from] Grassy Terrain
|-heal|p1b: Sylveon|67/100|[from] Grassy Terrain
|upkeep
|turn|5
|inactive|llamatruama has 30 seconds left.
|
|t:|1756231887
|move|p1a: Scyther|Close Combat|p2b: Gholdengo
|-damage|p2b: Gholdengo|0 fnt
|-unboost|p1a: Scyther|def|1
|-unboost|p1a: Scyther|spd|1
|faint|p2b: Gholdengo
|move|p2a: Arcanine|Rock Slide|p1a: Scyther|[spread] p1a,p1b
|-supereffective|p1a: Scyther
|-supereffective|p1b: Sylveon
|-damage|p1a: Scyther|0 fnt
|-damage|p1b: Sylveon|0 fnt
|faint|p1a: Scyther
|faint|p1b: Sylveon
|
|win|AnriVGC
