|j|☆reginaldgtest
|j|☆dxmxim
|html|reginaldgtestdxmxim    
|uhtml|bestof|Game 1 of a best-of-3
|t:|1757846659
|gametype|doubles
|player|p1|reginaldgtest|169|1155
|player|p2|dxmxim|265|1099
|gen|9
|tier|[Gen 9] VGC 2025 Reg H (Bo3)
|rated|
|rule|Species Clause: Limit one of each Pokémon
|rule|Item Clause: Limit 1 of each item
|clearpoke
|poke|p1|Annihilape, L50, F|
|poke|p1|Maushold, L50|
|poke|p1|Dragonite, L50, M|
|poke|p1|Sneasler, L50, M|
|poke|p1|Rillaboom, L50, F|
|poke|p1|Ursaluna-Bloodmoon, L50, M|
|poke|p2|Incineroar, L50, F|
|poke|p2|Rotom-Wash, L50|
|poke|p2|Rillaboom, L50, M|
|poke|p2|Venonat, L50, F|
|poke|p2|Gholdengo, L50|
|poke|p2|Dragonite, L50, F|
|teampreview|4
|showteam|p1|Annihilape||SitrusBerry|Defiant|Protect,BulkUp,RageFist,DrainPunch|||F|||50|,,,,,Fire]Maushold||FocusSash|FriendGuard|Protect,BeatUp,FollowMe,Taunt||||||50|,,,,,Ghost]Dragonite||LoadedDice|Multiscale|Protect,Tailwind,ScaleShot,BreakingSwipe|||M|||50|,,,,,Steel]Sneasler||ChoiceScarf|PoisonTouch|Coaching,DireClaw,CloseCombat,Uturn|||M|||50|,,,,,Ghost]Rillaboom||AssaultVest|GrassySurge|FakeOut,Uturn,GrassyGlide,DrumBeating|||F|||50|,,,,,Fire]Ursaluna-Bloodmoon||LifeOrb|MindsEye|Protect,BloodMoon,HyperVoice,EarthPower|||M|||50|,,,,,Normal
|showteam|p2|Incineroar||SafetyGoggles|Intimidate|FakeOut,PartingShot,FlareBlitz,Protect|||F|||50|,,,,,Ghost]Rotom-Wash||AssaultVest|Levitate|HydroPump,VoltSwitch,Thunderbolt,Electroweb||||||50|,,,,,Dragon]Rillaboom||MiracleSeed|GrassySurge|Protect,GrassyGlide,WoodHammer,FakeOut|||M|||50|,,,,,Fire]Venonat||Eviolite|CompoundEyes|RagePowder,SleepPowder,Toxic,MorningSun|||F|||50|,,,,,Grass]Gholdengo||LifeOrb|GoodasGold|ShadowBall,Protect,NastyPlot,MakeItRain||||||50|,,,,,Water]Dragonite||LoadedDice|Multiscale|ExtremeSpeed,ScaleShot,Haze,Tailwind|||F|||50|,,,,,Normal
|inactive|Battle timer is ON: inactive players will automatically lose when time's up. (requested by reginaldgtest)
|
|t:|1757846683
|teamsize|p1|4
|teamsize|p2|4
|start
|switch|p1a: Dragonite|Dragonite, L50, M|100/100
|switch|p1b: Ursaluna|Ursaluna-Bloodmoon, L50, M|100/100
|switch|p2a: Dragonite|Dragonite, L50, F|100/100
|switch|p2b: Rotom|Rotom-Wash, L50|100/100
|turn|1
|inactive|reginaldgtest has 30 seconds left.
|
|t:|1757846713
|-terastallize|p1b: Ursaluna|Normal
|move|p2a: Dragonite|Scale Shot|p1a: Dragonite
|-supereffective|p1a: Dragonite
|-damage|p1a: Dragonite|90/100
|-supereffective|p1a: Dragonite
|-damage|p1a: Dragonite|66/100
|-supereffective|p1a: Dragonite
|-damage|p1a: Dragonite|44/100
|-supereffective|p1a: Dragonite
|-damage|p1a: Dragonite|23/100
|-supereffective|p1a: Dragonite
|-damage|p1a: Dragonite|4/100
|-hitcount|p1a: Dragonite|5
|-unboost|p2a: Dragonite|def|1
|-boost|p2a: Dragonite|spe|1
|move|p2b: Rotom|Hydro Pump|p1b: Ursaluna|[miss]
|-miss|p2b: Rotom|p1b: Ursaluna
|move|p1a: Dragonite|Breaking Swipe|p2b: Rotom|[spread] p2a,p2b
|-supereffective|p2a: Dragonite
|-damage|p2a: Dragonite|65/100
|-damage|p2b: Rotom|77/100
|-unboost|p2a: Dragonite|atk|1
|-unboost|p2b: Rotom|atk|1
|move|p1b: Ursaluna|Blood Moon|p2b: Rotom
|-damage|p2b: Rotom|0 fnt
|faint|p2b: Rotom
|-damage|p1b: Ursaluna|91/100|[from] item: Life Orb
|
|upkeep
|inactive|dxmxim has 30 seconds left.
|
|t:|1757846742
|switch|p2b: Gholdengo|Gholdengo, L50|100/100
|turn|2
|
|t:|1757846759
|move|p2b: Gholdengo|Protect|p2b: Gholdengo
|-singleturn|p2b: Gholdengo|Protect
|move|p2a: Dragonite|Tailwind|p2a: Dragonite
|-sidestart|p2: dxmxim|move: Tailwind
|move|p1a: Dragonite|Tailwind|p1a: Dragonite
|-sidestart|p1: reginaldgtest|move: Tailwind
|move|p1b: Ursaluna|Earth Power|p2b: Gholdengo
|-activate|p2b: Gholdengo|move: Protect
|
|upkeep
|turn|3
|
|t:|1757846782
|-terastallize|p2b: Gholdengo|Water
|move|p2a: Dragonite|Scale Shot|p1a: Dragonite|[miss]
|-miss|p2a: Dragonite|p1a: Dragonite
|move|p2b: Gholdengo|Make It Rain|p1b: Ursaluna|[spread] p1a,p1b
|-damage|p1a: Dragonite|0 fnt
|-damage|p1b: Ursaluna|6/100
|-unboost|p2b: Gholdengo|spa|1
|faint|p1a: Dragonite
|-damage|p2b: Gholdengo|91/100|[from] item: Life Orb
|move|p1b: Ursaluna|Hyper Voice|p2b: Gholdengo|[spread] p2a,p2b
|-damage|p2a: Dragonite|10/100
|-damage|p2b: Gholdengo|25/100
|-damage|p1b: Ursaluna|0 fnt|[from] item: Life Orb
|faint|p1b: Ursaluna
|
|upkeep
|
|t:|1757846791
|switch|p1a: Annihilape|Annihilape, L50, F|100/100
|switch|p1b: Maushold|Maushold, L50|100/100
|turn|4
|inactive|dxmxim has 30 seconds left.
|
|t:|1757846819
|move|p2b: Gholdengo|Protect|p2b: Gholdengo
|-singleturn|p2b: Gholdengo|Protect
|move|p1b: Maushold|Follow Me|p1b: Maushold
|-singleturn|p1b: Maushold|move: Follow Me
|move|p2a: Dragonite|Scale Shot|p1b: Maushold
|-damage|p1b: Maushold|88/100
|-damage|p1b: Maushold|75/100
|-damage|p1b: Maushold|62/100
|-damage|p1b: Maushold|50/100
|-damage|p1b: Maushold|38/100
|-hitcount|p1b: Maushold|5
|-unboost|p2a: Dragonite|def|1
|-boost|p2a: Dragonite|spe|1
|move|p1a: Annihilape|Drain Punch|p2b: Gholdengo
|-activate|p2b: Gholdengo|move: Protect
|
|upkeep
|turn|5
|inactive|reginaldgtest has 30 seconds left.
|
|t:|1757846850
|move|p1b: Maushold|Follow Me|p1b: Maushold
|-singleturn|p1b: Maushold|move: Follow Me
|move|p2a: Dragonite|Haze|p2a: Dragonite
|-clearallboost
|move|p1a: Annihilape|Rage Fist|p2b: Gholdengo
|-damage|p2b: Gholdengo|4/100
|move|p2b: Gholdengo|Make It Rain|p1a: Annihilape|[spread] p1a,p1b
|-damage|p1a: Annihilape|67/100
|-damage|p1b: Maushold|0 fnt
|-unboost|p2b: Gholdengo|spa|1
|faint|p1b: Maushold
|-damage|p2b: Gholdengo|0 fnt|[from] item: Life Orb
|faint|p2b: Gholdengo
|
|-sideend|p1: reginaldgtest|move: Tailwind
|-sideend|p2: dxmxim|move: Tailwind
|upkeep
|
|t:|1757846862
|switch|p2b: Furry Bait|Incineroar, L50, F, shiny|100/100
|-ability|p2b: Furry Bait|Intimidate|boost
|-unboost|p1a: Annihilape|atk|1
|-ability|p1a: Annihilape|Defiant|boost
|-boost|p1a: Annihilape|atk|2
|turn|6
|
|t:|1757846873
|move|p2b: Furry Bait|Protect|p2b: Furry Bait
|-singleturn|p2b: Furry Bait|Protect
|move|p1a: Annihilape|Drain Punch|p2b: Furry Bait
|-activate|p2b: Furry Bait|move: Protect
|move|p2a: Dragonite|Scale Shot|p1a: Annihilape|[miss]
|-miss|p2a: Dragonite|p1a: Annihilape
|
|upkeep
|turn|7
|
|t:|1757846883
|move|p1a: Annihilape|Rage Fist|p2a: Dragonite
|-damage|p2a: Dragonite|0 fnt
|faint|p2a: Dragonite
|move|p2b: Furry Bait|Flare Blitz|p1a: Annihilape
|-damage|p1a: Annihilape|0 fnt
|faint|p1a: Annihilape
|-damage|p2b: Furry Bait|76/100|[from] Recoil
|
|win|dxmxim
||reginaldgtest is ready for game 2.
|inactive|dxmxim has 30 seconds to confirm battle start!
|l|☆dxmxim
|player|p2|
|inactive|dxmxim has 20 seconds to confirm battle start!
|inactive|dxmxim has 10 seconds to confirm battle start!
|uhtml|next|Next: Game 2 of 3
|j|☆dxmxim
|player|p2|dxmxim|265|
