|j|☆Lord_of_Ewoks
|j|☆SelvesterTheYAK
|html|Lord_of_EwoksSelvesterTheYAK    
|uhtml|bestof|Game 2 of a best-of-3
|t:|1756870811
|gametype|doubles
|player|p1|Lord_of_Ewoks|101|1208
|player|p2|SelvesterTheYAK|170|1169
|gen|9
|tier|[Gen 9] VGC 2025 Reg H (Bo3)
|rated|
|rule|Species Clause: Limit one of each Pokémon
|rule|Item Clause: Limit 1 of each item
|clearpoke
|poke|p1|Blaziken, L50, F|
|poke|p1|Primarina, L50, F|
|poke|p1|Serperior, L50, M|
|poke|p1|Incineroar, L50, F|
|poke|p1|Indeedee-F, L50, F|
|poke|p1|Dragapult, L50, M|
|poke|p2|Tyranitar, L50, M|
|poke|p2|Arcanine-Hisui, L50, M|
|poke|p2|Kommo-o, L50, F|
|poke|p2|Gholdengo, L50|
|poke|p2|Rillaboom, L50, M|
|poke|p2|Electabuzz, L50, F|
|teampreview|4
|showteam|p1|Blaziken||ClearAmulet|SpeedBoost|FirePledge,CloseCombat,RockSlide,Protect|||F|||50|,,,,,Ghost]Primarina||LifeOrb|LiquidVoice|HyperVoice,Moonblast,WaterPledge,Protect|||F|||50|,,,,,Poison]Serperior||FocusSash|Contrary|LeafStorm,TeraBlast,GrassPledge,Protect|||M|||50|,,,,,Stellar]Incineroar||SitrusBerry|Intimidate|FakeOut,PartingShot,KnockOff,WillOWisp|||F|||50|,,,,,Ghost]Indeedee-F||SafetyGoggles|PsychicSurge|FollowMe,Protect,TrickRoom,Psychic|||F|||50|,,,,,Dark]Dragapult||ChoiceBand|ClearBody|DragonDarts,PhantomForce,Uturn,PsychicFangs|||M|||50|,,,,,Dragon
|showteam|p2|Tyranitar||AssaultVest|SandStream|RockSlide,KnockOff,TeraBlast,LowKick|||M|||50|,,,,,Flying]Arcanine-Hisui||SitrusBerry|Intimidate|RockSlide,FlareBlitz,WillOWisp,Howl|||M|||50|,,,,,Water]Kommo-o||Leftovers|Overcoat|IronDefense,BodyPress,Protect,DragonClaw|||F|||50|,,,,,Steel]Gholdengo||LifeOrb|GoodasGold|MakeItRain,ShadowBall,NastyPlot,Protect||||||50|,,,,,Steel]Rillaboom||MiracleSeed|GrassySurge|FakeOut,GrassyGlide,WoodHammer,Protect|||M|||50|,,,,,Grass]Electabuzz||Eviolite|VitalSpirit|Taunt,Protect,Electroweb,FollowMe|||F|||50|,,,,,Ghost
|inactive|Battle timer is ON: inactive players will automatically lose when time's up. (requested by Lord_of_Ewoks)
|inactive|SelvesterTheYAK has 60 seconds left.
|
|t:|1756870860
|teamsize|p1|4
|teamsize|p2|4
|start
|switch|p1a: Primarina|Primarina, L50, F|100/100
|switch|p1b: Serperior|Serperior, L50, M|100/100
|switch|p2a: Gholdengo|Gholdengo, L50|100/100
|switch|p2b: Rillaboom|Rillaboom, L50, M|100/100
|-fieldstart|move: Grassy Terrain|[from] ability: Grassy Surge|[of] p2b: Rillaboom
|turn|1
|inactive|SelvesterTheYAK has 30 seconds left.
|
|t:|1756870886
|switch|p1a: Incineroar|Incineroar, L50, F|100/100
|-ability|p1a: Incineroar|Intimidate|boost
|-unboost|p2a: Gholdengo|atk|1
|-unboost|p2b: Rillaboom|atk|1
|move|p2b: Rillaboom|Fake Out|p1a: Incineroar
|-damage|p1a: Incineroar|91/100
|move|p1b: Serperior|Leaf Storm|p2a: Gholdengo
|-resisted|p2a: Gholdengo
|-damage|p2a: Gholdengo|62/100
|-boost|p1b: Serperior|spa|2
|move|p2a: Gholdengo|Nasty Plot|p2a: Gholdengo
|-boost|p2a: Gholdengo|spa|2
|
|-heal|p2a: Gholdengo|68/100|[from] Grassy Terrain
|-heal|p1a: Incineroar|97/100|[from] Grassy Terrain
|upkeep
|turn|2
|
|t:|1756870908
|switch|p2b: Arcanine|Arcanine-Hisui, L50, M|100/100
|-ability|p2b: Arcanine|Intimidate|boost
|-unboost|p1a: Incineroar|atk|1
|-boost|p1b: Serperior|atk|1
|switch|p1a: Indeedee|Indeedee-F, L50, F|100/100
|-fieldstart|move: Psychic Terrain|[from] ability: Psychic Surge|[of] p1a: Indeedee
|-terastallize|p1b: Serperior|Stellar
|move|p2a: Gholdengo|Protect|p2a: Gholdengo
|-singleturn|p2a: Gholdengo|Protect
|move|p1b: Serperior|Tera Blast|p2a: Gholdengo|[anim] Tera Blast Stellar
|-activate|p2a: Gholdengo|move: Protect
|
|upkeep
|turn|3
|inactive|SelvesterTheYAK has 30 seconds left.
|
|t:|1756870935
|move|p1a: Indeedee|Follow Me|p1a: Indeedee
|-singleturn|p1a: Indeedee|move: Follow Me
|move|p1b: Serperior|Tera Blast|p2a: Gholdengo|[anim] Tera Blast Stellar
|-damage|p2a: Gholdengo|4/100
|-boost|p1b: Serperior|atk|1
|-boost|p1b: Serperior|spa|1
|move|p2b: Arcanine|Flare Blitz|p1a: Indeedee
|-damage|p1a: Indeedee|38/100
|-damage|p2b: Arcanine|82/100|[from] Recoil
|move|p2a: Gholdengo|Make It Rain|p1b: Serperior|[spread] p1a,p1b
|-damage|p1a: Indeedee|0 fnt
|-enditem|p1b: Serperior|Focus Sash
|-damage|p1b: Serperior|1/100
|-unboost|p2a: Gholdengo|spa|1
|faint|p1a: Indeedee
|-damage|p2a: Gholdengo|0 fnt|[from] item: Life Orb
|faint|p2a: Gholdengo
|
|upkeep
|inactive|SelvesterTheYAK has 30 seconds left.
|
|t:|1756870966
|switch|p2a: Rillaboom|Rillaboom, L50, M|100/100
|switch|p1a: Primarina|Primarina, L50, F|100/100
|-fieldstart|move: Grassy Terrain|[from] ability: Grassy Surge|[of] p2a: Rillaboom
|turn|4
|
|t:|1756870980
|switch|p2b: Tyranitar|Tyranitar, L50, M|100/100
|-weather|Sandstorm|[from] ability: Sand Stream|[of] p2b: Tyranitar
|switch|p1a: Incineroar|Incineroar, L50, F|97/100
|-ability|p1a: Incineroar|Intimidate|boost
|-unboost|p2a: Rillaboom|atk|1
|-unboost|p2b: Tyranitar|atk|1
|move|p1b: Serperior|Protect|p1b: Serperior
|-singleturn|p1b: Serperior|Protect
|move|p2a: Rillaboom|Fake Out|p1b: Serperior
|-activate|p1b: Serperior|move: Protect
|
|-weather|Sandstorm|[upkeep]
|-damage|p1b: Serperior|0 fnt|[from] Sandstorm
|-damage|p2a: Rillaboom|95/100|[from] Sandstorm
|-damage|p1a: Incineroar|91/100|[from] Sandstorm
|faint|p1b: Serperior
|-heal|p2a: Rillaboom|100/100|[from] Grassy Terrain
|-heal|p1a: Incineroar|97/100|[from] Grassy Terrain
|upkeep
|
|t:|1756870992
|switch|p1b: Primarina|Primarina, L50, F|100/100
|turn|5
|
|t:|1756871016
|-terastallize|p2a: Rillaboom|Grass
|move|p1a: Incineroar|Fake Out|p2a: Rillaboom
|-damage|p2a: Rillaboom|90/100
|cant|p2a: Rillaboom|flinch
|move|p2b: Tyranitar|Rock Slide|p1b: Primarina|[spread] p1a,p1b
|-supereffective|p1a: Incineroar
|-damage|p1a: Incineroar|57/100
|-damage|p1b: Primarina|77/100
|move|p1b: Primarina|Hyper Voice|p2a: Rillaboom|[spread] p2a,p2b
|-resisted|p2a: Rillaboom
|-crit|p2a: Rillaboom
|-supereffective|p2b: Tyranitar
|-damage|p2a: Rillaboom|49/100
|-damage|p2b: Tyranitar|58/100
|-damage|p1b: Primarina|68/100|[from] item: Life Orb
|
|-weather|Sandstorm|[upkeep]
|-damage|p2a: Rillaboom|43/100|[from] Sandstorm
|-damage|p1a: Incineroar|51/100|[from] Sandstorm
|-damage|p1b: Primarina|61/100|[from] Sandstorm
|-heal|p2a: Rillaboom|49/100|[from] Grassy Terrain
|-heal|p2b: Tyranitar|64/100|[from] Grassy Terrain
|-heal|p1a: Incineroar|57/100|[from] Grassy Terrain
|-heal|p1b: Primarina|68/100|[from] Grassy Terrain
|upkeep
|turn|6
|inactive|SelvesterTheYAK has 30 seconds left.
|
|t:|1756871046
|move|p2a: Rillaboom|Protect|p2a: Rillaboom
|-singleturn|p2a: Rillaboom|Protect
|move|p1b: Primarina|Protect|p1b: Primarina
|-singleturn|p1b: Primarina|Protect
|move|p2b: Tyranitar|Rock Slide|p1b: Primarina|[spread] p1a
|-activate|p1b: Primarina|move: Protect
|-supereffective|p1a: Incineroar
|-damage|p1a: Incineroar|16/100
|-enditem|p1a: Incineroar|Sitrus Berry|[eat]
|-heal|p1a: Incineroar|41/100|[from] item: Sitrus Berry
|move|p1a: Incineroar|Knock Off|p2a: Rillaboom
|-activate|p2a: Rillaboom|move: Protect
|
|-weather|Sandstorm|[upkeep]
|-damage|p2a: Rillaboom|43/100|[from] Sandstorm
|-damage|p1a: Incineroar|35/100|[from] Sandstorm
|-damage|p1b: Primarina|61/100|[from] Sandstorm
|-heal|p2a: Rillaboom|49/100|[from] Grassy Terrain
|-heal|p2b: Tyranitar|70/100|[from] Grassy Terrain
|-heal|p1a: Incineroar|41/100|[from] Grassy Terrain
|-heal|p1b: Primarina|68/100|[from] Grassy Terrain
|upkeep
|turn|7
|
|t:|1756871065
|move|p1b: Primarina|Protect||[still]
|-fail|p1b: Primarina
|move|p2a: Rillaboom|Wood Hammer|p1b: Primarina
|-supereffective|p1b: Primarina
|-damage|p1b: Primarina|0 fnt
|faint|p1b: Primarina
|-damage|p2a: Rillaboom|29/100|[from] Recoil
|move|p2b: Tyranitar|Rock Slide|p1a: Incineroar
|-supereffective|p1a: Incineroar
|-damage|p1a: Incineroar|0 fnt
|faint|p1a: Incineroar
|
|win|SelvesterTheYAK
||Lord_of_Ewoks is ready for game 3.
|inactive|SelvesterTheYAK has 30 seconds to confirm battle start!
|inactive|SelvesterTheYAK has 20 seconds to confirm battle start!
||SelvesterTheYAK is ready for game 3.
|uhtml|next|Next: Game 3 of 3
|l|☆Lord_of_Ewoks
|player|p1|
