|j|☆danicruz.music
|j|☆Tapu Lisa
|html|danicruz.musicTapu Lisa    
|uhtml|bestof|Game 1 of a best-of-3
|t:|1757725231
|gametype|doubles
|player|p1|danicruz.music|whitney|1253
|player|p2|Tapu Lisa|265|1315
|gen|9
|tier|[Gen 9] VGC 2025 Reg H (Bo3)
|rated|
|rule|Species Clause: Limit one of each Pokémon
|rule|Item Clause: Limit 1 of each item
|clearpoke
|poke|p1|Dondozo, L50, M|
|poke|p1|Tatsugiri-Stretchy, L50, F|
|poke|p1|Pelipper, L50, F|
|poke|p1|Archaludon, L50, M|
|poke|p1|Weezing-Galar, L50, F|
|poke|p1|Dragapult, L50, F|
|poke|p2|Politoed, L50, M|
|poke|p2|Gothitelle, L50, F|
|poke|p2|Incineroar, L50, M|
|poke|p2|Amoonguss, L50, F|
|poke|p2|Archaludon, L50, M|
|poke|p2|Kingdra, L50, M|
|teampreview|4
|showteam|p1|Dondozo||Leftovers|Unaware|WaveCrash,Earthquake,OrderUp,Protect|||M|||50|,,,,,Ground]Tatsugiri-Stretchy||FocusSash|Commander|DragonPulse,MirrorCoat,MuddyWater,IcyWind|||F|||50|,,,,,Fairy]Pelipper||CovertCloak|Drizzle|Hurricane,WeatherBall,WideGuard,Tailwind|||F|||50|,,,,,Fire]Archaludon||PowerHerb|Stalwart|ElectroShot,FlashCannon,DracoMeteor,Protect|||M|||50|,,,,,Electric]Weezing-Galar||RockyHelmet|NeutralizingGas|DazzlingGleam,PoisonGas,SludgeBomb,Protect|||F|||50|,,,,,Flying]Dragapult||LifeOrb|ClearBody|DragonDarts,Protect,PhantomForce,TeraBlast|||F|||50|,,,,,Fighting
|showteam|p2|Politoed||Leftovers|Drizzle|WeatherBall,PerishSong,Encore,Protect|||M|||50|,,,,,Grass]Gothitelle||SitrusBerry|ShadowTag|Psychic,FakeOut,TrickRoom,Protect|||F|||50|,,,,,Dark]Incineroar||SafetyGoggles|Intimidate|KnockOff,Protect,PartingShot,FakeOut|||M|||50|,,,,,Ghost]Amoonguss||EjectButton|Regenerator|PollenPuff,Spore,RagePowder,Protect|||F|||50|,,,,,Fairy]Archaludon||PowerHerb|Sturdy|ElectroShot,DracoMeteor,FlashCannon,Protect|||M|||50|,,,,,Electric]Kingdra||LifeOrb|SwiftSwim|MuddyWater,DracoMeteor,WeatherBall,Protect|||M|||50|,,,,,Stellar
|inactive|Battle timer is ON: inactive players will automatically lose when time's up. (requested by danicruz.music)
|inactive|Tapu Lisa has 60 seconds left.
|inactive|Tapu Lisa has 30 seconds left.
|
|t:|1757725300
|teamsize|p1|4
|teamsize|p2|4
|start
|switch|p1a: Weezing|Weezing-Galar, L50, F|100/100
|switch|p1b: Dragapult|Dragapult, L50, F|100/100
|switch|p2a: Gothitelle|Gothitelle, L50, F|100/100
|switch|p2b: Archaludon|Archaludon, L50, M|100/100
|-ability|p1a: Weezing|Neutralizing Gas
|turn|1
|
|t:|1757725322
|move|p1b: Dragapult|Protect|p1b: Dragapult
|-singleturn|p1b: Dragapult|Protect
|move|p2b: Archaludon|Protect|p2b: Archaludon
|-singleturn|p2b: Archaludon|Protect
|move|p1a: Weezing|Dazzling Gleam|p2a: Gothitelle|[spread] p2a
|-activate|p2b: Archaludon|move: Protect
|-crit|p2a: Gothitelle
|-damage|p2a: Gothitelle|72/100
|move|p2a: Gothitelle|Psychic|p1a: Weezing
|-supereffective|p1a: Weezing
|-damage|p1a: Weezing|19/100
|
|upkeep
|turn|2
|inactive|Tapu Lisa has 30 seconds left.
|
|t:|1757725349
|-terastallize|p1b: Dragapult|Fighting
|move|p1b: Dragapult|Tera Blast|p2b: Archaludon|[anim] Tera Blast Fighting
|-supereffective|p2b: Archaludon
|-crit|p2b: Archaludon
|-damage|p2b: Archaludon|0 fnt
|faint|p2b: Archaludon
|-damage|p1b: Dragapult|91/100|[from] item: Life Orb
|move|p1a: Weezing|Dazzling Gleam|p2a: Gothitelle
|-damage|p2a: Gothitelle|45/100
|-enditem|p2a: Gothitelle|Sitrus Berry|[eat]
|-heal|p2a: Gothitelle|69/100|[from] item: Sitrus Berry
|move|p2a: Gothitelle|Psychic|p1a: Weezing
|-supereffective|p1a: Weezing
|-damage|p1a: Weezing|0 fnt
|faint|p1a: Weezing
|-end|p1a: Weezing|ability: Neutralizing Gas
|
|upkeep
|
|t:|1757725365
|switch|p2b: Politoed|Politoed, L50, M, shiny|100/100
|switch|p1a: Dondozo|Dondozo, L50, M|100/100
|-weather|RainDance|[from] ability: Drizzle|[of] p2b: Politoed
|turn|3
|
|t:|1757725379
|move|p2a: Gothitelle|Protect|p2a: Gothitelle
|-singleturn|p2a: Gothitelle|Protect
|move|p1b: Dragapult|Dragon Darts|p2b: Politoed
|-damage|p2b: Politoed|68/100
|-anim|p1b: Dragapult|Dragon Darts|p2b: Politoed
|-damage|p2b: Politoed|33/100
|-damage|p1b: Dragapult|81/100|[from] item: Life Orb
|move|p2b: Politoed|Perish Song|p2b: Politoed
|-start|p1a: Dondozo|perish3|[silent]
|-start|p1b: Dragapult|perish3|[silent]
|-start|p2a: Gothitelle|perish3|[silent]
|-start|p2b: Politoed|perish3|[silent]
|-fieldactivate|move: Perish Song
|move|p1a: Dondozo|Wave Crash|p2a: Gothitelle
|-activate|p2a: Gothitelle|move: Protect
|
|-weather|RainDance|[upkeep]
|-heal|p2b: Politoed|40/100|[from] item: Leftovers
|-start|p1b: Dragapult|perish3
|-start|p2b: Politoed|perish3
|-start|p2a: Gothitelle|perish3
|-start|p1a: Dondozo|perish3
|upkeep
|turn|4
|inactive|danicruz.music has 30 seconds left.
|inactive|Tapu Lisa has 30 seconds left.
|inactive|danicruz.music has 20 seconds left.
|inactive|danicruz.music has 15 seconds left.
|inactive|Tapu Lisa has 20 seconds left.
|inactive|danicruz.music has 10 seconds left.
|inactive|Tapu Lisa has 15 seconds left.
|inactive|Tapu Lisa has 10 seconds left.
|
|t:|1757725432
|switch|p2a: Amoonguss|Amoonguss, L50, F, shiny|100/100
|move|p2b: Politoed|Protect|p2b: Politoed
|-singleturn|p2b: Politoed|Protect
|move|p1b: Dragapult|Dragon Darts|p2a: Amoonguss
|-damage|p2a: Amoonguss|75/100
|-anim|p1b: Dragapult|Dragon Darts|p2a: Amoonguss
|-damage|p2a: Amoonguss|47/100
|-enditem|p2a: Amoonguss|Eject Button
|-damage|p1b: Dragapult|71/100|[from] item: Life Orb
|
|t:|1757725442
|switch|p2a: Gothitelle|Gothitelle, L50, F|69/100
|move|p1a: Dondozo|Wave Crash|p2a: Gothitelle
|-damage|p2a: Gothitelle|0 fnt
|faint|p2a: Gothitelle
|-damage|p1a: Dondozo|85/100|[from] Recoil
|
|-weather|RainDance|[upkeep]
|-heal|p2b: Politoed|46/100|[from] item: Leftovers
|-heal|p1a: Dondozo|91/100|[from] item: Leftovers
|-start|p1b: Dragapult|perish2
|-start|p2b: Politoed|perish2
|-start|p1a: Dondozo|perish2
|upkeep
|
|t:|1757725444
|switch|p2a: Amoonguss|Amoonguss, L50, F, shiny|80/100
|turn|5
|
|t:|1757725458
|move|p2b: Politoed|Protect||[still]
|-fail|p2b: Politoed
|move|p1b: Dragapult|Dragon Darts|p2b: Politoed
|-damage|p2b: Politoed|10/100
|-anim|p1b: Dragapult|Dragon Darts|p2a: Amoonguss
|-damage|p2a: Amoonguss|52/100
|-damage|p1b: Dragapult|61/100|[from] item: Life Orb
|move|p1a: Dondozo|Wave Crash|p2b: Politoed
|-resisted|p2b: Politoed
|-crit|p2b: Politoed
|-damage|p2b: Politoed|0 fnt
|faint|p2b: Politoed
|-damage|p1a: Dondozo|89/100|[from] Recoil
|move|p2a: Amoonguss|Spore|p1a: Dondozo
|-status|p1a: Dondozo|slp|[from] move: Spore
|
|-weather|RainDance|[upkeep]
|-heal|p1a: Dondozo|95/100 slp|[from] item: Leftovers
|-start|p1b: Dragapult|perish1
|-start|p1a: Dondozo|perish1
|upkeep
|turn|6
|
|t:|1757725470
|move|p1b: Dragapult|Dragon Darts|p2a: Amoonguss
|-damage|p2a: Amoonguss|27/100
|-anim|p1b: Dragapult|Dragon Darts|p2a: Amoonguss
|-damage|p2a: Amoonguss|0 fnt
|faint|p2a: Amoonguss
|-damage|p1b: Dragapult|51/100|[from] item: Life Orb
|
|win|danicruz.music
|l|☆danicruz.music
|player|p1|
||Tapu Lisa is ready for game 2.
||danicruz.music is ready for game 2.
|uhtml|next|Next: Game 2 of 3
