|j|☆renkinex
|j|☆JuancitoA
|html|renkinexJuancitoA    
|uhtml|bestof|Game 3 of a best-of-3
|t:|1757719748
|gametype|doubles
|player|p1|renkinex|skyla|
|player|p2|JuancitoA|steven|
|gen|9
|tier|[Gen 9] VGC 2025 Reg H (Bo3)
|rule|Species Clause: Limit one of each Pokémon
|rule|Item Clause: Limit 1 of each item
|clearpoke
|poke|p1|Ceruledge, L50, M|
|poke|p1|Gastrodon-East, L50, M|
|poke|p1|Sneasler, L50, M|
|poke|p1|Dragonite, L50, F|
|poke|p1|Rillaboom, L50, F|
|poke|p1|Kingambit, L50, F|
|poke|p2|Ursaluna, L50, F|
|poke|p2|Gholdengo, L50|
|poke|p2|Porygon2, L50|
|poke|p2|Amoonguss, L50, F|
|poke|p2|Incineroar, L50, F|
|poke|p2|Hydreigon, L50, F|
|teampreview|4
|showteam|p1|Ceruledge||Leftovers|FlashFire|BitterBlade,Protect,BulkUp,ShadowSneak|||M|||50|,,,,,Grass]Gastrodon-East||SitrusBerry|StormDrain|EarthPower,Protect,ClearSmog,IceBeam|||M|||50|,,,,,Poison]Sneasler||FocusSash|Unburden|DireClaw,CloseCombat,FakeOut,Coaching|||M|||50|,,,,,Ghost]Dragonite||LoadedDice|Multiscale|ExtremeSpeed,ScaleShot,Protect,LowKick|||F|||50|,,,,,Fairy]Rillaboom||MiracleSeed|GrassySurge|WoodHammer,GrassyGlide,HighHorsepower,FakeOut|||F|||50|,,,,,Fire]Kingambit||AssaultVest|Defiant|KowtowCleave,SuckerPunch,IronHead,TeraBlast|||F|||50|,,,,,Flying
|showteam|p2|Ursaluna||FlameOrb|Guts|HeadlongRush,EarthPower,Facade,Protect|||F|||50|,,,,,Ghost]Gholdengo||MetalCoat|GoodasGold|MakeItRain,ShadowBall,NastyPlot,Protect||||||50|,,,,,Water]Porygon2||Eviolite|Download|TeraBlast,IceBeam,Recover,TrickRoom||||||50|,,,,,Fighting]Amoonguss||CovertCloak|Regenerator|PollenPuff,Spore,RagePowder,Protect|||F|||50|,,,,,Psychic]Incineroar||SitrusBerry|Intimidate|FlareBlitz,KnockOff,PartingShot,FakeOut|||F|||50|,,,,,Ghost]Hydreigon||SafetyGoggles|Levitate|Snarl,DragonPulse,Tailwind,Protect|||F|||50|,,,,,Ghost
|j| ziriux
|j| LiebesleidVGC
|j| cocoralladoquemado
|j| The Mighty Tofu
|
|t:|1757719814
|teamsize|p1|4
|teamsize|p2|4
|start
|switch|p1a: Sneasler|Sneasler, L50, M|100/100
|switch|p1b: Ceruledge|Ceruledge, L50, M|100/100
|switch|p2a: Gholdengo|Gholdengo, L50|100/100
|switch|p2b: Porygon2|Porygon2, L50|100/100
|-ability|p2b: Porygon2|Download|boost
|-boost|p2b: Porygon2|atk|1
|turn|1
|j| ekeif
|
|t:|1757719858
|switch|p1b: Kingambit|Kingambit, L50, F|100/100
|move|p1a: Sneasler|Fake Out|p2b: Porygon2
|-damage|p2b: Porygon2|93/100
|move|p2a: Gholdengo|Nasty Plot|p2a: Gholdengo
|-boost|p2a: Gholdengo|spa|2
|cant|p2b: Porygon2|flinch
|
|upkeep
|turn|2
|
|t:|1757719895
|-terastallize|p2b: Porygon2|Fighting
|move|p2a: Gholdengo|Protect|p2a: Gholdengo
|-singleturn|p2a: Gholdengo|Protect
|move|p1b: Kingambit|Sucker Punch||[still]
|-fail|p1b: Kingambit
|move|p1a: Sneasler|Close Combat|p2b: Porygon2
|-damage|p2b: Porygon2|53/100
|-unboost|p1a: Sneasler|def|1
|-unboost|p1a: Sneasler|spd|1
|move|p2b: Porygon2|Tera Blast|p1b: Kingambit|[anim] Tera Blast Fighting
|-supereffective|p1b: Kingambit
|-damage|p1b: Kingambit|11/100
|
|upkeep
|turn|3
|j| pipoqueiroz
|l|☆renkinex
|player|p1|
|j|☆renkinex
|player|p1|renkinex|skyla|
|
|t:|1757719971
|move|p1b: Kingambit|Sucker Punch|p2a: Gholdengo
|-supereffective|p2a: Gholdengo
|-damage|p2a: Gholdengo|17/100
|move|p1a: Sneasler|Dire Claw|p2b: Porygon2
|-damage|p2b: Porygon2|28/100
|move|p2a: Gholdengo|Make It Rain|p1a: Sneasler|[spread] p1a,p1b
|-resisted|p1b: Kingambit
|-enditem|p1a: Sneasler|Focus Sash
|-damage|p1a: Sneasler|1/100
|-damage|p1b: Kingambit|0 fnt
|-unboost|p2a: Gholdengo|spa|1
|faint|p1b: Kingambit
|move|p2b: Porygon2|Recover|p2b: Porygon2
|-heal|p2b: Porygon2|78/100
|
|upkeep
|
|t:|1757719992
|switch|p1b: Ceruledge|Ceruledge, L50, M|100/100
|turn|4
|
|t:|1757720016
|move|p1b: Ceruledge|Shadow Sneak|p2a: Gholdengo
|-supereffective|p2a: Gholdengo
|-damage|p2a: Gholdengo|0 fnt
|faint|p2a: Gholdengo
|move|p1a: Sneasler|Coaching|p1b: Ceruledge
|-boost|p1b: Ceruledge|atk|1
|-boost|p1b: Ceruledge|def|1
|move|p2b: Porygon2|Trick Room|p2b: Porygon2
|-fieldstart|move: Trick Room|[of] p2b: Porygon2
|
|upkeep
|
|t:|1757720028
|switch|p2a: Amoonguss|Amoonguss, L50, F|100/100
|turn|5
|
|t:|1757720056
|switch|p1a: Rillaboom|Rillaboom, L50, F|100/100
|-fieldstart|move: Grassy Terrain|[from] ability: Grassy Surge|[of] p1a: Rillaboom
|move|p2a: Amoonguss|Protect|p2a: Amoonguss
|-singleturn|p2a: Amoonguss|Protect
|move|p1b: Ceruledge|Protect|p1b: Ceruledge
|-singleturn|p1b: Ceruledge|Protect
|move|p2b: Porygon2|Ice Beam|p1a: Rillaboom
|-supereffective|p1a: Rillaboom
|-damage|p1a: Rillaboom|39/100
|
|-heal|p2b: Porygon2|84/100|[from] Grassy Terrain
|-heal|p1a: Rillaboom|45/100|[from] Grassy Terrain
|upkeep
|turn|6
|
|t:|1757720092
|switch|p2a: Ursaluna|Ursaluna, L50, F|100/100
|-terastallize|p1b: Ceruledge|Grass
|move|p1a: Rillaboom|Fake Out|p2b: Porygon2
|-damage|p2b: Porygon2|75/100
|cant|p2b: Porygon2|flinch
|move|p1b: Ceruledge|Bitter Blade|p2a: Ursaluna
|-damage|p2a: Ursaluna|52/100
|
|-heal|p2a: Ursaluna|58/100|[from] Grassy Terrain
|-heal|p2b: Porygon2|81/100|[from] Grassy Terrain
|-heal|p1a: Rillaboom|51/100|[from] Grassy Terrain
|-status|p2a: Ursaluna|brn|[from] item: Flame Orb
|upkeep
|turn|7
|
|t:|1757720132
|switch|p1a: Sneasler|Sneasler, L50, M|1/100
|move|p2a: Ursaluna|Facade|p1b: Ceruledge
|-damage|p1b: Ceruledge|8/100
|move|p2b: Porygon2|Ice Beam|p1a: Sneasler
|-damage|p1a: Sneasler|0 fnt
|faint|p1a: Sneasler
|move|p1b: Ceruledge|Bitter Blade|p2b: Porygon2
|-damage|p2b: Porygon2|42/100
|-heal|p1b: Ceruledge|29/100|[from] drain|[of] p2b: Porygon2
|
|-heal|p2a: Ursaluna|64/100 brn|[from] Grassy Terrain
|-heal|p2b: Porygon2|48/100|[from] Grassy Terrain
|-heal|p1b: Ceruledge|35/100|[from] Grassy Terrain
|-heal|p1b: Ceruledge|41/100|[from] item: Leftovers
|-damage|p2a: Ursaluna|58/100 brn|[from] brn
|upkeep
|
|t:|1757720147
|switch|p1a: Rillaboom|Rillaboom, L50, F|51/100
|turn|8
|
|t:|1757720171
|move|p1b: Ceruledge|Protect|p1b: Ceruledge
|-singleturn|p1b: Ceruledge|Protect
|move|p1a: Rillaboom|Grassy Glide|p2a: Ursaluna
|-supereffective|p2a: Ursaluna
|-damage|p2a: Ursaluna|0 fnt
|faint|p2a: Ursaluna
|move|p2b: Porygon2|Ice Beam|p1a: Rillaboom
|-supereffective|p1a: Rillaboom
|-damage|p1a: Rillaboom|0 fnt
|faint|p1a: Rillaboom
|
|-heal|p2b: Porygon2|54/100|[from] Grassy Terrain
|-heal|p1b: Ceruledge|47/100|[from] Grassy Terrain
|-heal|p1b: Ceruledge|53/100|[from] item: Leftovers
|-fieldend|move: Trick Room
|upkeep
|
|t:|1757720179
|switch|p2a: Amoonguss|Amoonguss, L50, F|100/100
|turn|9
|
|t:|1757720190
|move|p1b: Ceruledge|Bitter Blade|p2b: Porygon2
|-damage|p2b: Porygon2|17/100
|-heal|p1b: Ceruledge|72/100|[from] drain|[of] p2b: Porygon2
|move|p2b: Porygon2|Ice Beam|p1b: Ceruledge
|-supereffective|p1b: Ceruledge
|-damage|p1b: Ceruledge|26/100
|move|p2a: Amoonguss|Pollen Puff|p1b: Ceruledge
|-supereffective|p1b: Ceruledge
|-damage|p1b: Ceruledge|0 fnt
|faint|p1b: Ceruledge
|
|win|JuancitoA
|c|☆renkinex|ggs
|c|☆JuancitoA|ggs
|l| cocoralladoquemado
|l| ekeif
|l| LiebesleidVGC
|l| ziriux
|l| The Mighty Tofu
