|j|☆guga2
|j|☆Olciax34
|html|guga2Olciax34    
|uhtml|bestof|Game 2 of a best-of-3
|t:|1784921153
|gametype|doubles
|player|p1|guga2|170|1340
|player|p2|Olciax34|169|1343
|gen|9
|tier|[Gen 9 Champions] VGC 2026 Reg M-B (Bo3)
|rated|
|rule|Species Clause: Limit one of each Pokémon
|rule|Item Clause: Limit 1 of each item
|clearpoke
|poke|p1|Tyranitar, L50, F|
|poke|p1|Excadrill, L50, F|
|poke|p1|Milotic, L50, M|
|poke|p1|Sinistcha, L50|
|poke|p1|Staraptor, L50, F|
|poke|p1|Gholdengo, L50|
|poke|p2|Charizard, L50, M|
|poke|p2|Whimsicott, L50, F|
|poke|p2|Garchomp, L50, M|
|poke|p2|Basculegion, L50, M|
|poke|p2|Metagross, L50|
|poke|p2|Sylveon, L50, M|
|teampreview|4
|showteam|p1|Tyranitar||Tyranitarite|SandStream|KnockOff,RockSlide,HighHorsepower,Protect|Jolly||F|||50|]Excadrill||FocusSash|SandRush|Earthquake,IronHead,RockSlide,Protect|Adamant||F|||50|]Milotic||SitrusBerry|Competitive|Scald,IcyWind,Haze,Protect|Calm||M|||50|]Sinistcha||ColburBerry|Hospitality|MatchaGotcha,ShadowBall,Protect,RagePowder|Bold|||||50|]Staraptor||Staraptite|Intimidate|CloseCombat,BraveBird,Tailwind,Protect|Jolly||F|||50|]Gholdengo||LifeOrb|GoodasGold|MakeItRain,ShadowBall,NastyPlot,Protect|Modest|||||50|
|showteam|p2|Charizard||CharizarditeY|SolarPower|HeatWave,WeatherBall,SolarBeam,Protect|Modest||M|||50|]Whimsicott||FocusSash|Prankster|Moonblast,Tailwind,Encore,Protect|Timid||F|||50|]Garchomp||LifeOrb|RoughSkin|Earthquake,DragonClaw,RockSlide,Protect|Jolly||M|||50|]Basculegion||ChoiceScarf|Adaptability|WaveCrash,FlipTurn,LastRespects,AquaJet|Jolly||M|||50|]Metagross||Metagrossite|ClearBody|IronHead,PsychicFangs,BodyPress,Protect|Jolly|||||50|]Sylveon||FairyFeather|Pixilate|HyperVoice,HyperBeam,Yawn,Protect|Modest||M|||50|
|inactive|Battle timer is ON: inactive players will automatically lose when time's up. (requested by Olciax34)
|
|t:|1784921171
|teamsize|p1|4
|teamsize|p2|4
|start
|switch|p1a: Staraptor|Staraptor, L50, F|100/100
|switch|p1b: Gholdengo|Gholdengo, L50|100/100
|switch|p2a: Whimsicott|Whimsicott, L50, F|100/100
|switch|p2b: Basculegion|Basculegion, L50, M|100/100
|-ability|p1a: Staraptor|Intimidate|boost
|-unboost|p2a: Whimsicott|atk|1
|-unboost|p2b: Basculegion|atk|1
|turn|1
|
|t:|1784921186
|detailschange|p1a: Staraptor|Staraptor-Mega, L50, F
|-mega|p1a: Staraptor|Staraptor|Staraptite
|move|p2a: Whimsicott|Protect|p2a: Whimsicott
|-singleturn|p2a: Whimsicott|Protect
|move|p2b: Basculegion|Flip Turn|p1b: Gholdengo
|-damage|p1b: Gholdengo|78/100
|
|t:|1784921202
|switch|p2b: Sylveon|Sylveon, L50, M|100/100|[from] Flip Turn
|move|p1a: Staraptor|Tailwind|p1a: Staraptor
|-sidestart|p1: guga2|move: Tailwind
|move|p1b: Gholdengo|Shadow Ball|p2b: Sylveon
|-damage|p2b: Sylveon|60/100
|-damage|p1b: Gholdengo|69/100|[from] item: Life Orb
|
|upkeep
|turn|2
|inactive|Olciax34 has 30 seconds left.
|
|t:|1784921231
|switch|p1a: Sinistcha|Sinistcha, L50|100/100
|-heal|p1b: Gholdengo|94/100|[from] ability: Hospitality|[of] p1a: Sinistcha
|switch|p2a: Metagross|Metagross, L50|100/100
|move|p1b: Gholdengo|Shadow Ball|p2a: Metagross
|-supereffective|p2a: Metagross|1
|-damage|p2a: Metagross|0 fnt
|faint|p2a: Metagross
|-damage|p1b: Gholdengo|84/100|[from] item: Life Orb
|move|p2b: Sylveon|Hyper Beam|p1a: Sinistcha
|-damage|p1a: Sinistcha|0 fnt
|-mustrecharge|p2b: Sylveon
|faint|p1a: Sinistcha
|
|upkeep
|
|t:|1784921250
|switch|p2a: Whimsicott|Whimsicott, L50, F|100/100
|switch|p1a: Staraptor|Staraptor-Mega, L50, F|100/100
|turn|3
|inactive|guga2 has 30 seconds left.
|
|t:|1784921279
|move|p2a: Whimsicott|Protect|p2a: Whimsicott
|-singleturn|p2a: Whimsicott|Protect
|move|p1a: Staraptor|Brave Bird|p2a: Whimsicott
|-activate|p2a: Whimsicott|move: Protect
|move|p1b: Gholdengo|Shadow Ball|p2a: Whimsicott
|-activate|p2a: Whimsicott|move: Protect
|cant|p2b: Sylveon|recharge
|
|upkeep
|turn|4
|
|t:|1784921299
|move|p1a: Staraptor|Protect|p1a: Staraptor
|-singleturn|p1a: Staraptor|Protect
|move|p2b: Sylveon|Protect|p2b: Sylveon
|-singleturn|p2b: Sylveon|Protect
|move|p2a: Whimsicott|Tailwind|p2a: Whimsicott
|-sidestart|p2: Olciax34|move: Tailwind
|move|p1b: Gholdengo|Shadow Ball|p2a: Whimsicott
|-damage|p2a: Whimsicott|19/100
|-damage|p1b: Gholdengo|75/100|[from] item: Life Orb
|
|-sideend|p1: guga2|move: Tailwind
|upkeep
|turn|5
|inactive|guga2 has 30 seconds left.
|
|t:|1784921325
|move|p1a: Staraptor|Protect||[still]
|-fail|p1a: Staraptor
|move|p2a: Whimsicott|Moonblast|p1a: Staraptor
|-supereffective|p1a: Staraptor|1
|-damage|p1a: Staraptor|33/100
|-boost|p1a: Staraptor|spa|1
|move|p2b: Sylveon|Hyper Voice|p1a: Staraptor|[spread] p1a,p1b
|-supereffective|p1a: Staraptor|1
|-resisted|p1b: Gholdengo|1
|-damage|p1a: Staraptor|0 fnt
|-damage|p1b: Gholdengo|54/100
|faint|p1a: Staraptor
|move|p1b: Gholdengo|Nasty Plot|p1b: Gholdengo
|-boost|p1b: Gholdengo|spa|2
|
|upkeep
|
|t:|1784921337
|switch|p1a: Tyranitar|Tyranitar, L50, F|100/100
|-weather|Sandstorm|[from] ability: Sand Stream|[of] p1a: Tyranitar
|turn|6
|
|t:|1784921357
|move|p1a: Tyranitar|Protect|p1a: Tyranitar
|-singleturn|p1a: Tyranitar|Protect
|move|p2a: Whimsicott|Moonblast|p1b: Gholdengo
|-resisted|p1b: Gholdengo|1
|-damage|p1b: Gholdengo|38/100
|move|p2b: Sylveon|Hyper Beam|p1b: Gholdengo
|-resisted|p1b: Gholdengo|1
|-damage|p1b: Gholdengo|0 fnt
|-mustrecharge|p2b: Sylveon
|faint|p1b: Gholdengo
|
|-weather|Sandstorm|[upkeep]
|-damage|p2a: Whimsicott|13/100|[from] Sandstorm
|-damage|p2b: Sylveon|54/100|[from] Sandstorm
|upkeep
|turn|7
|
|t:|1784921372
|move|p2a: Whimsicott|Protect|p2a: Whimsicott
|-singleturn|p2a: Whimsicott|Protect
|cant|p2b: Sylveon|recharge
|move|p1a: Tyranitar|Rock Slide|p2b: Sylveon|[spread] p2b
|-activate|p2a: Whimsicott|move: Protect
|-damage|p2b: Sylveon|22/100
|
|-weather|Sandstorm|[upkeep]
|-damage|p2a: Whimsicott|7/100|[from] Sandstorm
|-damage|p2b: Sylveon|16/100|[from] Sandstorm
|-sideend|p2: Olciax34|move: Tailwind
|upkeep
|turn|8
|
|t:|1784921385
|move|p2a: Whimsicott|Tailwind|p2a: Whimsicott
|-sidestart|p2: Olciax34|move: Tailwind
|move|p2b: Sylveon|Hyper Beam|p1a: Tyranitar
|-supereffective|p1a: Tyranitar|1
|-damage|p1a: Tyranitar|0 fnt
|-mustrecharge|p2b: Sylveon
|faint|p1a: Tyranitar
|
|win|Olciax34
|raw|guga2's rating: 1340 → 1320(-20 for losing)
|raw|Olciax34's rating: 1343 → 1363(+20 for winning)
|l|☆guga2
|player|p1|
