|j|☆Oriozz
|j|☆Produkktions
|html|OriozzProdukktions    
|uhtml|bestof|Game 1 of a best-of-3
|t:|1783577305
|gametype|doubles
|player|p1|Oriozz|169|1140
|player|p2|Produkktions|sabrina|1073
|gen|9
|tier|[Gen 9 Champions] VGC 2026 Reg M-B (Bo3)
|rated|
|rule|Species Clause: Limit one of each Pokémon
|rule|Item Clause: Limit 1 of each item
|clearpoke
|poke|p1|Kingambit, L50, F|
|poke|p1|Floette-Eternal, L50, F|
|poke|p1|Sneasler, L50, M|
|poke|p1|Incineroar, L50, M|
|poke|p1|Garchomp, L50, F|
|poke|p1|Sinistcha, L50|
|poke|p2|Charizard, L50, F|
|poke|p2|Whimsicott, L50, M|
|poke|p2|Basculegion, L50, M|
|poke|p2|Weavile, L50, F|
|poke|p2|Excadrill, L50, M|
|poke|p2|Altaria, L50, M|
|teampreview|4
|showteam|p1|Kingambit||ChopleBerry|Defiant|KowtowCleave,Protect,SuckerPunch,IronHead|Adamant||F|||50|]Floette-Eternal||Floettite|FlowerVeil|DazzlingGleam,DrainingKiss,Protect,CalmMind|Bold||F|||50|]Sneasler||FocusSash|Unburden|FakeOut,DireClaw,CloseCombat,Coaching|Jolly||M|||50|]Incineroar||Leftovers|Intimidate|FakeOut,FlareBlitz,PartingShot,HelpingHand|Careful||M|||50|]Garchomp||Garchompite|RoughSkin|Earthquake,StompingTantrum,RockSlide,Protect|Adamant||F|||50|]Sinistcha||SitrusBerry|Hospitality|Protect,MatchaGotcha,TrickRoom,RagePowder|Bold|||||50|
|showteam|p2|Charizard||CharizarditeY|SolarPower|HeatWave,SolarBeam,AncientPower,AirSlash|Timid||F|||50|]Whimsicott||FocusSash|Prankster|DazzlingGleam,Tailwind,Encore,LeechSeed|Bold||M|||50|]Basculegion||LifeOrb|Adaptability|AquaJet,LastRespects,WaveCrash,FlipTurn|Jolly||M|||50|]Weavile||ChilanBerry|Pickpocket|LowKick,IceShard,TripleAxel,KnockOff|Jolly||F|||50|]Excadrill||Excadrite|MoldBreaker|Earthquake,IronHead,RockSlide,Fissure|Jolly||M|||50|]Altaria||ExpertBelt|CloudNine|AlluringVoice,DragonPulse,PerishSong,FireSpin|Timid||M|||50|
|inactive|Battle timer is ON: inactive players will automatically lose when time's up. (requested by Oriozz)
|inactive|Oriozz has 60 seconds left.
|inactive|Oriozz has 30 seconds left.
|inactive|Oriozz has 20 seconds left.
|
|t:|1783577376
|teamsize|p1|4
|teamsize|p2|4
|start
|switch|p1a: Incineroar|Incineroar, L50, M|100/100
|switch|p1b: Garchomp|Garchomp, L50, F|100/100
|switch|p2a: Charizard|Charizard, L50, F|100/100
|switch|p2b: Whimsicott|Whimsicott, L50, M|100/100
|-ability|p1a: Incineroar|Intimidate|boost
|-unboost|p2a: Charizard|atk|1
|-unboost|p2b: Whimsicott|atk|1
|turn|1
|inactive|Oriozz has 30 seconds left.
|inactive|Oriozz has 20 seconds left.
|
|t:|1783577413
|detailschange|p2a: Charizard|Charizard-Mega-Y, L50, F
|-mega|p2a: Charizard|Charizard|Charizardite Y
|-weather|SunnyDay|[from] ability: Drought|[of] p2a: Charizard
|move|p2b: Whimsicott|Tailwind|p2b: Whimsicott
|-sidestart|p2: Produkktions|move: Tailwind
|move|p2a: Charizard|Ancient Power|p1a: Incineroar
|-supereffective|p1a: Incineroar|1
|-damage|p1a: Incineroar|61/100
|move|p1b: Garchomp|Rock Slide|p2a: Charizard|[spread] p2b
|-miss|p1b: Garchomp|p2a: Charizard
|-damage|p2b: Whimsicott|82/100
|move|p1a: Incineroar|Flare Blitz|p2b: Whimsicott
|-supereffective|p2b: Whimsicott|1
|-damage|p2b: Whimsicott|0 fnt
|faint|p2b: Whimsicott
|-damage|p1a: Incineroar|39/100|[from] Recoil
|
|-weather|SunnyDay|[upkeep]
|-heal|p1a: Incineroar|45/100|[from] item: Leftovers
|upkeep
|inactive|Produkktions has 30 seconds left.
|inactive|Produkktions has 20 seconds left.
|
|t:|1783577450
|switch|p2b: Excadrill|Excadrill, L50, M|100/100
|-ability|p2b: Excadrill|Mold Breaker
|turn|2
|
|t:|1783577468
|detailschange|p1b: Garchomp|Garchomp-Mega, L50, F
|-mega|p1b: Garchomp|Garchomp|Garchompite
|move|p2a: Charizard|Solar Beam||[still]
|-prepare|p2a: Charizard|Solar Beam
|-anim|p2a: Charizard|Solar Beam|p1b: Garchomp
|-damage|p1b: Garchomp|46/100
|move|p2b: Excadrill|Earthquake|p1b: Garchomp|[spread] p1a,p1b
|-immune|p2a: Charizard
|-supereffective|p1a: Incineroar|1
|-damage|p1a: Incineroar|0 fnt
|-damage|p1b: Garchomp|10/100
|faint|p1a: Incineroar
|move|p1b: Garchomp|Rock Slide|p2b: Excadrill|[spread] p2a,p2b
|-supereffective|p2a: Charizard|2
|-resisted|p2b: Excadrill|2
|-damage|p2a: Charizard|0 fnt
|-damage|p2b: Excadrill|90/100
|faint|p2a: Charizard
|
|-weather|SunnyDay|[upkeep]
|upkeep
|inactive|Oriozz has 30 seconds left.
|
|t:|1783577501
|switch|p2a: Weavile|Weavile, L50, F|100/100
|switch|p1a: Sinistcha|Sinistcha, L50|100/100
|-heal|p1b: Garchomp|35/100|[from] ability: Hospitality|[of] p1a: Sinistcha
|turn|3
|
|t:|1783577519
|move|p1b: Garchomp|Protect|p1b: Garchomp
|-singleturn|p1b: Garchomp|Protect
|move|p2a: Weavile|Ice Shard|p1b: Garchomp
|-activate|p1b: Garchomp|move: Protect
|move|p2b: Excadrill|Iron Head|p1a: Sinistcha
|-damage|p1a: Sinistcha|66/100
|move|p1a: Sinistcha|Trick Room|p1a: Sinistcha
|-fieldstart|move: Trick Room|[of] p1a: Sinistcha
|
|-weather|SunnyDay|[upkeep]
|upkeep
|turn|4
|inactive|Produkktions has 30 seconds left.
|
|t:|1783577545
|move|p2a: Weavile|Ice Shard|p1b: Garchomp
|-supereffective|p1b: Garchomp|2
|-damage|p1b: Garchomp|0 fnt
|faint|p1b: Garchomp
|move|p1a: Sinistcha|Matcha Gotcha|p2b: Excadrill|[spread] p2a,p2b
|-damage|p2a: Weavile|66/100
|-heal|p1a: Sinistcha|80/100|[from] drain|[of] p2a: Weavile
|-damage|p2b: Excadrill|55/100
|-heal|p1a: Sinistcha|98/100|[from] drain|[of] p2b: Excadrill
|move|p2b: Excadrill|Iron Head|p1a: Sinistcha
|-damage|p1a: Sinistcha|65/100
|
|-weather|SunnyDay|[upkeep]
|-sideend|p2: Produkktions|move: Tailwind
|upkeep
|
|t:|1783577558
|switch|p1b: Kingambit|Kingambit, L50, F|100/100
|turn|5
|
|t:|1783577576
|move|p1b: Kingambit|Kowtow Cleave|p2b: Excadrill
|-damage|p2b: Excadrill|0 fnt
|faint|p2b: Excadrill
|move|p1a: Sinistcha|Matcha Gotcha|p2a: Weavile
|-damage|p2a: Weavile|25/100
|-heal|p1a: Sinistcha|82/100|[from] drain|[of] p2a: Weavile
|move|p2a: Weavile|Low Kick|p1b: Kingambit
|-supereffective|p1b: Kingambit|2
|-enditem|p1b: Kingambit|Chople Berry|[eat]
|-enditem|p1b: Kingambit|Chople Berry|[weaken]
|-damage|p1b: Kingambit|51/100
|
|-weather|none
|upkeep
|turn|6
|
|t:|1783577595
|move|p1b: Kingambit|Iron Head|p2a: Weavile
|-supereffective|p2a: Weavile|1
|-damage|p2a: Weavile|0 fnt
|faint|p2a: Weavile
|
|win|Oriozz
||Produkktions is ready for game 2.
||Oriozz is ready for game 2.
|uhtml|next|Next: Game 2 of 3
|l|☆Oriozz
|player|p1|
|j|☆Oriozz
|player|p1|Oriozz|169|
