|j|☆defaulttesting
|j|☆Pranag140
|html|defaulttestingPranag140    
|uhtml|bestof|Game 2 of a best-of-3
|t:|1757228492
|gametype|doubles
|player|p1|defaulttesting|plasmagrunt-gen5bw|1133
|player|p2|Pranag140|101|1196
|gen|9
|tier|[Gen 9] VGC 2025 Reg H (Bo3)
|rated|
|rule|Species Clause: Limit one of each Pokémon
|rule|Item Clause: Limit 1 of each item
|clearpoke
|poke|p1|Talonflame, L50, M|
|poke|p1|Hitmontop, L50, M|
|poke|p1|Primarina, L50, M|
|poke|p1|Tyranitar, L50, M|
|poke|p1|Amoonguss, L50, F|
|poke|p1|Garchomp, L50, F|
|poke|p2|Archaludon, L50, M|
|poke|p2|Kingdra, L50, F|
|poke|p2|Politoed, L50, F|
|poke|p2|Gothitelle, L50, M|
|poke|p2|Amoonguss, L50, F|
|poke|p2|Incineroar, L50, M|
|teampreview|4
|showteam|p1|Talonflame||SafetyGoggles|GaleWings|FlareBlitz,BraveBird,Tailwind,Protect|||M|||50|,,,,,Ghost]Hitmontop||EjectButton|Intimidate|CloseCombat,WideGuard,FakeOut,Feint|||M|||50|,,,,,Steel]Primarina||ThroatSpray|LiquidVoice|HyperVoice,Moonblast,IcyWind,Protect|||M|||50|,,,,,Poison]Tyranitar||ClearAmulet|SandStream|RockSlide,TeraBlast,KnockOff,Protect|||M|||50|,,,,,Flying]Amoonguss||RockyHelmet|Regenerator|RagePowder,PollenPuff,Spore,Protect|||F|||50|,,,,,Fire]Garchomp||LifeOrb|SandVeil|StompingTantrum,DragonClaw,Earthquake,Protect|||F|||50|,,,,,Ground
|showteam|p2|Archaludon||PowerHerb|Sturdy|Protect,ElectroShot,FlashCannon,DragonPulse|||M|||50|,,,,,Electric]Kingdra||LifeOrb|SwiftSwim|Protect,DracoMeteor,WeatherBall,MuddyWater|||F|||50|,,,,,Stellar]Politoed||Leftovers|Drizzle|Protect,WeatherBall,PerishSong,Encore|||F|||50|,,,,,Grass]Gothitelle||SitrusBerry|ShadowTag|FakeOut,Protect,Psychic,TrickRoom|||M|||50|,,,,,Dark]Amoonguss||EjectButton|Regenerator|Protect,Spore,RagePowder,PollenPuff|||F|||50|,,,,,Fairy]Incineroar||SafetyGoggles|Intimidate|FakeOut,KnockOff,PartingShot,Protect|||M|||50|,,,,,Ghost
|inactive|Battle timer is ON: inactive players will automatically lose when time's up. (requested by defaulttesting)
|
|t:|1757228522
|teamsize|p1|4
|teamsize|p2|4
|start
|switch|p1a: Tyranitar|Tyranitar, L50, M|100/100
|switch|p1b: Primarina|Primarina, L50, M|100/100
|switch|p2a: Kingdra|Kingdra, L50, F|100/100
|switch|p2b: Gothitelle|Gothitelle, L50, M|100/100
|-weather|Sandstorm|[from] ability: Sand Stream|[of] p1a: Tyranitar
|turn|1
|inactive|Pranag140 has 30 seconds left.
|
|t:|1757228558
|switch|p2b: Politoed|Politoed, L50, F|100/100
|-weather|RainDance|[from] ability: Drizzle|[of] p2b: Politoed
|move|p1a: Tyranitar|Protect|p1a: Tyranitar
|-singleturn|p1a: Tyranitar|Protect
|move|p2a: Kingdra|Weather Ball|p1a: Tyranitar
|-activate|p1a: Tyranitar|move: Protect
|move|p1b: Primarina|Hyper Voice|p2a: Kingdra|[spread] p2a,p2b
|-resisted|p2a: Kingdra
|-crit|p2a: Kingdra
|-resisted|p2b: Politoed
|-damage|p2a: Kingdra|77/100
|-damage|p2b: Politoed|83/100
|-enditem|p1b: Primarina|Throat Spray
|-boost|p1b: Primarina|spa|1|[from] item: Throat Spray
|
|-weather|RainDance|[upkeep]
|-heal|p2b: Politoed|89/100|[from] item: Leftovers
|upkeep
|turn|2
|inactive|Pranag140 has 30 seconds left.
|inactive|defaulttesting has 30 seconds left.
|inactive|Pranag140 has 20 seconds left.
|inactive|defaulttesting has 20 seconds left.
|inactive|defaulttesting has 15 seconds left.
|
|t:|1757228605
|-terastallize|p1a: Tyranitar|Flying
|move|p2a: Kingdra|Weather Ball|p1a: Tyranitar
|-damage|p1a: Tyranitar|20/100
|-damage|p2a: Kingdra|67/100|[from] item: Life Orb
|move|p2b: Politoed|Encore|p1b: Primarina
|-start|p1b: Primarina|Encore
|move|p1a: Tyranitar|Rock Slide|p2b: Politoed|[spread] p2a,p2b
|-damage|p2a: Kingdra|29/100
|-damage|p2b: Politoed|55/100
|move|p1b: Primarina|Hyper Voice|p2b: Politoed|[spread] p2a,p2b
|-resisted|p2a: Kingdra
|-resisted|p2b: Politoed
|-damage|p2a: Kingdra|7/100
|-damage|p2b: Politoed|28/100
|
|-weather|RainDance|[upkeep]
|-heal|p2b: Politoed|34/100|[from] item: Leftovers
|upkeep
|turn|3
|
|t:|1757228625
|switch|p2a: Incineroar|Incineroar, L50, M|100/100
|-ability|p2a: Incineroar|Intimidate|boost
|-fail|p1a: Tyranitar|unboost|[from] item: Clear Amulet|[of] p1a: Tyranitar
|-unboost|p1b: Primarina|atk|1
|switch|p1a: Hitmontop|Hitmontop, L50, M|100/100
|-ability|p1a: Hitmontop|Intimidate|boost
|-unboost|p2a: Incineroar|atk|1
|-unboost|p2b: Politoed|atk|1
|move|p2b: Politoed|Weather Ball|p1a: Hitmontop
|-damage|p1a: Hitmontop|50/100
|-enditem|p1a: Hitmontop|Eject Button
|
|t:|1757228638
|switch|p1a: Tyranitar|Tyranitar, L50, M, tera:Flying|20/100
|-weather|Sandstorm|[from] ability: Sand Stream|[of] p1a: Tyranitar
|move|p1b: Primarina|Hyper Voice|p2a: Incineroar|[spread] p2a,p2b
|-supereffective|p2a: Incineroar
|-resisted|p2b: Politoed
|-damage|p2a: Incineroar|37/100
|-damage|p2b: Politoed|14/100
|
|-weather|Sandstorm|[upkeep]
|-damage|p2b: Politoed|8/100|[from] Sandstorm
|-damage|p1a: Tyranitar|15/100|[from] Sandstorm
|-damage|p1b: Primarina|95/100|[from] Sandstorm
|-heal|p2b: Politoed|14/100|[from] item: Leftovers
|upkeep
|turn|4
|
|t:|1757228658
|move|p2a: Incineroar|Fake Out|p1b: Primarina
|-damage|p1b: Primarina|87/100
|move|p2b: Politoed|Weather Ball|p1a: Tyranitar
|-supereffective|p1a: Tyranitar
|-damage|p1a: Tyranitar|0 fnt
|faint|p1a: Tyranitar
|cant|p1b: Primarina|flinch
|
|-weather|Sandstorm|[upkeep]
|-damage|p2b: Politoed|8/100|[from] Sandstorm
|-damage|p1b: Primarina|81/100|[from] Sandstorm
|-heal|p2b: Politoed|14/100|[from] item: Leftovers
|-end|p1b: Primarina|Encore
|upkeep
|
|t:|1757228664
|switch|p1a: Garchomp|Garchomp, L50, F|100/100
|turn|5
|
|t:|1757228677
|switch|p2b: Gothitelle|Gothitelle, L50, M|100/100
|move|p2a: Incineroar|Protect|p2a: Incineroar
|-singleturn|p2a: Incineroar|Protect
|move|p1a: Garchomp|Stomping Tantrum|p2b: Gothitelle
|-damage|p2b: Gothitelle|49/100
|-enditem|p2b: Gothitelle|Sitrus Berry|[eat]
|-heal|p2b: Gothitelle|74/100|[from] item: Sitrus Berry
|-damage|p1a: Garchomp|91/100|[from] item: Life Orb
|move|p1b: Primarina|Hyper Voice|p2a: Incineroar|[spread] p2b
|-activate|p2a: Incineroar|move: Protect
|-damage|p2b: Gothitelle|37/100
|
|-weather|Sandstorm|[upkeep]
|-damage|p1b: Primarina|75/100|[from] Sandstorm
|-damage|p2b: Gothitelle|30/100|[from] Sandstorm
|upkeep
|turn|6
|
|t:|1757228700
|move|p1b: Primarina|Protect|p1b: Primarina
|-singleturn|p1b: Primarina|Protect
|move|p2b: Gothitelle|Fake Out|p1b: Primarina
|-activate|p1b: Primarina|move: Protect
|move|p1a: Garchomp|Earthquake|p2b: Gothitelle|[spread] p2a,p2b
|-activate|p1b: Primarina|move: Protect
|-supereffective|p2a: Incineroar
|-damage|p2a: Incineroar|0 fnt
|-damage|p2b: Gothitelle|0 fnt
|faint|p2a: Incineroar
|faint|p2b: Gothitelle
|-damage|p1a: Garchomp|81/100|[from] item: Life Orb
|
|-weather|Sandstorm|[upkeep]
|-damage|p1b: Primarina|69/100|[from] Sandstorm
|upkeep
|
|t:|1757228713
|switch|p2b: Kingdra|Kingdra, L50, F|7/100
|switch|p2a: Politoed|Politoed, L50, F|14/100
|-weather|RainDance|[from] ability: Drizzle|[of] p2a: Politoed
|turn|7
|
|t:|1757228726
|move|p2b: Kingdra|Draco Meteor|p1a: Garchomp
|-supereffective|p1a: Garchomp
|-damage|p1a: Garchomp|0 fnt
|-unboost|p2b: Kingdra|spa|2
|faint|p1a: Garchomp
|-damage|p2b: Kingdra|0 fnt|[from] item: Life Orb
|faint|p2b: Kingdra
|move|p2a: Politoed|Encore|p1b: Primarina
|-start|p1b: Primarina|Encore
|move|p1b: Primarina|Protect||[still]
|-fail|p1b: Primarina
|
|-weather|RainDance|[upkeep]
|-heal|p2a: Politoed|20/100|[from] item: Leftovers
|upkeep
|
|t:|1757228736
|switch|p1a: Hitmontop|Hitmontop, L50, M|50/100
|-ability|p1a: Hitmontop|Intimidate|boost
|-unboost|p2a: Politoed|atk|1
|turn|8
|
|t:|1757228747
|move|p1b: Primarina|Protect|p1b: Primarina
|-singleturn|p1b: Primarina|Protect
|move|p1a: Hitmontop|Fake Out|p2a: Politoed
|-damage|p2a: Politoed|10/100
|cant|p2a: Politoed|flinch
|
|-weather|RainDance|[upkeep]
|-heal|p2a: Politoed|16/100|[from] item: Leftovers
|upkeep
|turn|9
|
|t:|1757228757
|move|p1b: Primarina|Protect||[still]
|-fail|p1b: Primarina
|move|p2a: Politoed|Weather Ball|p1a: Hitmontop
|-damage|p1a: Hitmontop|4/100
|move|p1a: Hitmontop|Close Combat|p2a: Politoed
|-damage|p2a: Politoed|0 fnt
|-unboost|p1a: Hitmontop|def|1
|-unboost|p1a: Hitmontop|spd|1
|faint|p2a: Politoed
|
|win|defaulttesting
||defaulttesting is ready for game 3.
||Pranag140 is ready for game 3.
|uhtml|next|Next: Game 3 of 3
