|j|☆Northgdh
|j|☆ovalboi
|html|Northgdhovalboi    
|uhtml|bestof|Game 1 of a best-of-3
|t:|1783880304
|gametype|doubles
|player|p1|Northgdh|102|1242
|player|p2|ovalboi|101|1268
|gen|9
|tier|[Gen 9 Champions] VGC 2026 Reg M-B (Bo3)
|rated|
|rule|Species Clause: Limit one of each Pokémon
|rule|Item Clause: Limit 1 of each item
|clearpoke
|poke|p1|Incineroar, L50, M, shiny|
|poke|p1|Delphox, L50, F, shiny|
|poke|p1|Sinistcha, L50|
|poke|p1|Kingambit, L50, M, shiny|
|poke|p1|Blastoise, L50, M, shiny|
|poke|p1|Sneasler, L50, M|
|poke|p2|Incineroar, L50, M|
|poke|p2|Toxapex, L50, F|
|poke|p2|Sinistcha, L50|
|poke|p2|Froslass, L50, F|
|poke|p2|Eelektross, L50, M|
|poke|p2|Hydreigon, L50, F|
|teampreview|4
|showteam|p1|Incineroar||SitrusBerry|Intimidate|FlareBlitz,FakeOut,HelpingHand,PartingShot|Impish||M|||50|]Delphox||Delphoxite|Blaze|HeatWave,Psychic,NastyPlot,Protect|Timid||F|||50|]Sinistcha||KasibBerry|Hospitality|MatchaGotcha,RagePowder,LifeDew,Protect|Bold|||||50|]Kingambit||BlackGlasses|Defiant|KowtowCleave,SuckerPunch,SwordsDance,Protect|Adamant||M|||50|]Blastoise||Blastoisinite|RainDish|WaterSpout,DarkPulse,ShellSmash,Protect|Modest||M|||50|]Sneasler||FocusSash|PoisonTouch|CloseCombat,PoisonJab,FakeOut,QuickGuard|Jolly||M|||50|
|showteam|p2|Incineroar||SitrusBerry|Intimidate|FlareBlitz,ThroatChop,FakeOut,PartingShot|Adamant||M|||50|]Toxapex||Leftovers|Regenerator|Toxic,Infestation,Recover,BanefulBunker|Calm||F|||50|]Sinistcha||KasibBerry|Hospitality|MatchaGotcha,RagePowder,TrickRoom,Protect|Calm|||||50|]Froslass||Froslassite|CursedBody|AuroraVeil,Blizzard,ShadowBall,Protect|Timid||F|||50|]Eelektross||Eelektrossite|Levitate|Thunderbolt,DragonPulse,Flamethrower,Protect|Modest||M|||50|]Hydreigon|||Levitate|Snarl,DarkPulse,DracoMeteor,Tailwind|Timid||F|||50|
|inactive|Battle timer is ON: inactive players will automatically lose when time's up. (requested by Northgdh)
|inactive|Northgdh has 60 seconds left.
|
|t:|1783880341
|teamsize|p1|4
|teamsize|p2|4
|start
|switch|p1a: drop dead|Kingambit, L50, M, shiny|100/100
|switch|p1b: honeybee|Sneasler, L50, M|100/100
|switch|p2a: Incineroar|Incineroar, L50, M|100/100
|switch|p2b: Froslass|Froslass, L50, F|100/100
|-ability|p2a: Incineroar|Intimidate|boost
|-unboost|p1a: drop dead|atk|1
|-ability|p1a: drop dead|Defiant|boost
|-boost|p1a: drop dead|atk|2
|-unboost|p1b: honeybee|atk|1
|turn|1
|
|t:|1783880364
|detailschange|p2b: Froslass|Froslass-Mega, L50, F
|-mega|p2b: Froslass|Froslass|Froslassite
|-weather|Snowscape|[from] ability: Snow Warning|[of] p2b: Froslass
|move|p1b: honeybee|Fake Out|p2a: Incineroar
|-damage|p2a: Incineroar|90/100
|-status|p2a: Incineroar|psn|[from] ability: Poison Touch|[of] p1b: honeybee
|move|p2b: Froslass|Aurora Veil|p2b: Froslass
|-sidestart|p2: ovalboi|move: Aurora Veil
|cant|p2a: Incineroar|flinch
|move|p1a: drop dead|Swords Dance|p1a: drop dead
|-boost|p1a: drop dead|atk|2
|
|-weather|Snowscape|[upkeep]
|-damage|p2a: Incineroar|77/100 psn|[from] psn
|upkeep
|turn|2
|
|t:|1783880385
|move|p1a: drop dead|Protect|p1a: drop dead
|-singleturn|p1a: drop dead|Protect
|move|p2b: Froslass|Blizzard|p1a: drop dead|[spread] p1b
|-activate|p1a: drop dead|move: Protect
|-damage|p1b: honeybee|37/100
|move|p1b: honeybee|Close Combat|p2a: Incineroar
|-supereffective|p2a: Incineroar|1
|-damage|p2a: Incineroar|26/100 psn
|-unboost|p1b: honeybee|def|1
|-unboost|p1b: honeybee|spd|1
|-enditem|p2a: Incineroar|Sitrus Berry|[eat]
|-heal|p2a: Incineroar|50/100g psn|[from] item: Sitrus Berry
|move|p2a: Incineroar|Flare Blitz|p1a: drop dead
|-activate|p1a: drop dead|move: Protect
|
|-weather|Snowscape|[upkeep]
|-damage|p2a: Incineroar|38/100 psn|[from] psn
|upkeep
|turn|3
|
|t:|1783880403
|switch|p2a: Sinistcha|Sinistcha, L50|100/100
|move|p2b: Froslass|Protect|p2b: Froslass
|-singleturn|p2b: Froslass|Protect
|move|p1a: drop dead|Sucker Punch||[still]
|-fail|p1a: drop dead
|move|p1b: honeybee|Close Combat|p2a: Sinistcha
|-immune|p2a: Sinistcha
|
|-weather|Snowscape|[upkeep]
|upkeep
|turn|4
|
|t:|1783880416
|switch|p1b: purple|Delphox, L50, F, shiny|100/100
|move|p2a: Sinistcha|Rage Powder|p2a: Sinistcha
|-singleturn|p2a: Sinistcha|move: Rage Powder
|move|p2b: Froslass|Blizzard|p1b: purple|[spread] p1a,p1b
|-resisted|p1a: drop dead|1
|-resisted|p1b: purple|1
|-damage|p1a: drop dead|79/100
|-damage|p1b: purple|75/100
|-status|p1b: purple|frz
|move|p1a: drop dead|Kowtow Cleave|p2a: Sinistcha
|-supereffective|p2a: Sinistcha|1
|-damage|p2a: Sinistcha|0 fnt
|faint|p2a: Sinistcha
|
|-weather|Snowscape|[upkeep]
|upkeep
|
|t:|1783880429
|switch|p2a: Toxapex|Toxapex, L50, F|100/100
|turn|5
|
|t:|1783880441
|detailschange|p1b: purple|Delphox-Mega, L50, F, shiny
|-mega|p1b: purple|Delphox|Delphoxite
|move|p1a: drop dead|Sucker Punch|p2b: Froslass
|-supereffective|p2b: Froslass|1
|-damage|p2b: Froslass|0 fnt
|faint|p2b: Froslass
|cant|p1b: purple|frz
|move|p2a: Toxapex|Infestation|p1a: drop dead
|-damage|p1a: drop dead|75/100
|-activate|p1a: drop dead|move: Infestation|[of] p2a: Toxapex
|
|-weather|none
|-damage|p1a: drop dead|63/100|[from] move: Infestation|[partiallytrapped]
|-sideend|p2: ovalboi|move: Aurora Veil
|upkeep
|
|t:|1783880446
|switch|p2b: Incineroar|Incineroar, L50, M|38/100 psn
|-ability|p2b: Incineroar|Intimidate|boost
|-unboost|p1a: drop dead|atk|1
|-ability|p1a: drop dead|Defiant|boost
|-boost|p1a: drop dead|atk|2
|-unboost|p1b: purple|atk|1
|turn|6
|
|t:|1783880462
|switch|p1b: the cure|Sinistcha, L50|100/100
|-heal|p1a: drop dead|88/100|[from] ability: Hospitality|[of] p1b: the cure
|move|p1a: drop dead|Protect|p1a: drop dead
|-singleturn|p1a: drop dead|Protect
|move|p2b: Incineroar|Fake Out|p1a: drop dead
|-activate|p1a: drop dead|move: Protect
|move|p2a: Toxapex|Infestation|p1b: the cure
|-damage|p1b: the cure|96/100
|-activate|p1b: the cure|move: Infestation|[of] p2a: Toxapex
|
|-damage|p2b: Incineroar|26/100 psn|[from] psn
|-damage|p1b: the cure|84/100|[from] move: Infestation|[partiallytrapped]
|-damage|p1a: drop dead|76/100|[from] move: Infestation|[partiallytrapped]
|upkeep
|turn|7
|
|t:|1783880477
|move|p2a: Toxapex|Baneful Bunker|p2a: Toxapex
|-singleturn|p2a: Toxapex|move: Protect
|move|p1a: drop dead|Sucker Punch|p2b: Incineroar
|-resisted|p2b: Incineroar|1
|-damage|p2b: Incineroar|0 fnt
|faint|p2b: Incineroar
|move|p1b: the cure|Life Dew|p1b: the cure|[spread] p1a,p1b
|-heal|p1a: drop dead|100/100
|-heal|p1b: the cure|100/100
|
|-damage|p1b: the cure|87/100|[from] move: Infestation|[partiallytrapped]
|-damage|p1a: drop dead|87/100|[from] move: Infestation|[partiallytrapped]
|upkeep
|turn|8
|-message|ovalboi forfeited.
|raw|Northgdh's rating: 1242 → 1269(+27 for winning)
|raw|ovalboi's rating: 1268 → 1241(-27 for losing)
|
|win|Northgdh
|l|☆ovalboi
|player|p2|
