|j|☆abadanriyi92
|j|☆AyushXD
|html|abadanriyi92AyushXD    
|uhtml|bestof|Game 3 of a best-of-3
|t:|1785902843
|gametype|doubles
|player|p1|abadanriyi92|colress|1277
|player|p2|AyushXD|lucas|1337
|gen|9
|tier|[Gen 9 Champions] VGC 2026 Reg M-B (Bo3)
|rated|
|rule|Species Clause: Limit one of each Pokémon
|rule|Item Clause: Limit 1 of each item
|clearpoke
|poke|p1|Tyranitar, L50, M|
|poke|p1|Excadrill, L50, F|
|poke|p1|Milotic, L50, M|
|poke|p1|Sinistcha, L50|
|poke|p1|Staraptor, L50, F|
|poke|p1|Gholdengo, L50|
|poke|p2|Gengar, L50, F, shiny|
|poke|p2|Archaludon, L50, F|
|poke|p2|Politoed, L50, M|
|poke|p2|Swampert, L50, M|
|poke|p2|Vivillon, L50, F|
|poke|p2|Incineroar, L50, F|
|teampreview|4
|showteam|p1|Tyranitar||Tyranitarite|SandStream|KnockOff,RockSlide,HighHorsepower,Protect|Jolly||M|||50|]Excadrill||FocusSash|SandRush|Earthquake,IronHead,RockSlide,Protect|Adamant||F|||50|]Milotic||SitrusBerry|Competitive|Scald,IcyWind,Haze,Protect|Calm||M|||50|]Sinistcha||ColburBerry|Hospitality|MatchaGotcha,ShadowBall,Protect,RagePowder|Bold|||||50|]Staraptor||Staraptite|Intimidate|CloseCombat,BraveBird,Tailwind,Protect|Jolly||F|||50|]Gholdengo||LifeOrb|GoodasGold|MakeItRain,ShadowBall,NastyPlot,Protect|Modest|||||50|
|showteam|p2|Gengar||Gengarite|CursedBody|ShadowBall,SludgeBomb,PerishSong,Protect|Modest||F|||50|]Archaludon||Leftovers|Stamina|ElectroShot,DragonPulse,FlashCannon,Protect|Bold||F|||50|]Politoed||SitrusBerry|Drizzle|WeatherBall,Hypnosis,PerishSong,Protect|Calm||M|||50|]Swampert||Swampertite|Torrent|WaveCrash,Earthquake,IcePunch,Protect|Adamant||M|||50|]Vivillon||FocusSash|CompoundEyes|Hurricane,SleepPowder,RagePowder,Protect|Timid||F|||50|]Incineroar||PasshoBerry|Intimidate|ThroatChop,FakeOut,PartingShot,Protect|Impish||F|||50|
|inactive|Battle timer is ON: inactive players will automatically lose when time's up. (requested by abadanriyi92)
|
|t:|1785902903
|teamsize|p1|4
|teamsize|p2|4
|start
|switch|p1a: Staraptor|Staraptor, L50, F|100/100
|switch|p1b: Sinistcha|Sinistcha, L50|100/100
|switch|p2a: Vivillon|Vivillon, L50, F|100/100
|switch|p2b: Gengar|Gengar, L50, F, shiny|100/100
|-ability|p1a: Staraptor|Intimidate|boost
|-unboost|p2a: Vivillon|atk|1
|-unboost|p2b: Gengar|atk|1
|turn|1
|inactive|abadanriyi92 has 30 seconds left.
|inactive|AyushXD has 30 seconds left.
|inactive|abadanriyi92 has 20 seconds left.
|inactive|abadanriyi92 has 15 seconds left.
|inactive|abadanriyi92 has 10 seconds left.
|
|t:|1785902950
|switch|p1a: Gholdengo|Gholdengo, L50|100/100
|detailschange|p2b: Gengar|Gengar-Mega, L50, F, shiny
|-mega|p2b: Gengar|Gengar|Gengarite
|move|p1b: Sinistcha|Protect|p1b: Sinistcha
|-singleturn|p1b: Sinistcha|Protect
|move|p2b: Gengar|Shadow Ball|p1b: Sinistcha
|-activate|p1b: Sinistcha|move: Protect
|move|p2a: Vivillon|Sleep Powder|p1a: Gholdengo
|-immune|p1a: Gholdengo|[from] ability: Good as Gold
|
|upkeep
|turn|2
|inactive|abadanriyi92 has 30 seconds left.
|
|t:|1785902977
|move|p2b: Gengar|Protect|p2b: Gengar
|-singleturn|p2b: Gengar|Protect
|move|p1a: Gholdengo|Protect|p1a: Gholdengo
|-singleturn|p1a: Gholdengo|Protect
|move|p2a: Vivillon|Hurricane|p1b: Sinistcha
|-supereffective|p1b: Sinistcha|1
|-damage|p1b: Sinistcha|4/100
|move|p1b: Sinistcha|Matcha Gotcha|p2b: Gengar|[spread] p2a
|-activate|p2b: Gengar|move: Protect
|-resisted|p2a: Vivillon|2
|-damage|p2a: Vivillon|88/100
|-heal|p1b: Sinistcha|9/100|[from] drain|[of] p2a: Vivillon
|
|upkeep
|turn|3
|
|t:|1785902999
|switch|p2b: Politoed|Politoed, L50, M|100/100
|-weather|RainDance|[from] ability: Drizzle|[of] p2b: Politoed
|move|p1b: Sinistcha|Protect|p1b: Sinistcha
|-singleturn|p1b: Sinistcha|Protect
|move|p2a: Vivillon|Hurricane|p1b: Sinistcha
|-activate|p1b: Sinistcha|move: Protect
|move|p1a: Gholdengo|Shadow Ball|p2b: Politoed
|-damage|p2b: Politoed|60/100
|-damage|p1a: Gholdengo|90/100|[from] item: Life Orb
|
|-weather|RainDance|[upkeep]
|upkeep
|turn|4
|inactive|abadanriyi92 has 30 seconds left.
|
|t:|1785903033
|switch|p1b: Milotic|Milotic, L50, M|100/100
|move|p2a: Vivillon|Hurricane|p1b: Milotic
|-damage|p1b: Milotic|71/100
|move|p1a: Gholdengo|Nasty Plot|p1a: Gholdengo
|-boost|p1a: Gholdengo|spa|2
|move|p2b: Politoed|Weather Ball|p1b: Milotic
|-resisted|p1b: Milotic|1
|-damage|p1b: Milotic|54/100
|
|-weather|RainDance|[upkeep]
|upkeep
|turn|5
|inactive|abadanriyi92 has 30 seconds left.
|
|t:|1785903064
|move|p2a: Vivillon|Protect|p2a: Vivillon
|-singleturn|p2a: Vivillon|Protect
|move|p1b: Milotic|Icy Wind|p2b: Politoed|[spread] p2b
|-activate|p2a: Vivillon|move: Protect
|-resisted|p2b: Politoed|1
|-damage|p2b: Politoed|56/100
|-unboost|p2b: Politoed|spe|1
|move|p1a: Gholdengo|Make It Rain|p2b: Politoed|[spread] p2b
|-activate|p2a: Vivillon|move: Protect
|-resisted|p2b: Politoed|1
|-damage|p2b: Politoed|17/100
|-unboost|p1a: Gholdengo|spa|2
|-enditem|p2b: Politoed|Sitrus Berry|[eat]
|-heal|p2b: Politoed|42/100|[from] item: Sitrus Berry
|-damage|p1a: Gholdengo|80/100|[from] item: Life Orb
|move|p2b: Politoed|Weather Ball|p1a: Gholdengo
|-damage|p1a: Gholdengo|34/100
|
|-weather|RainDance|[upkeep]
|upkeep
|turn|6
|inactive|abadanriyi92 has 30 seconds left.
|inactive|abadanriyi92 has 20 seconds left.
|inactive|abadanriyi92 has 15 seconds left.
|inactive|AyushXD has 30 seconds left.
|
|t:|1785903106
|switch|p1b: Sinistcha|Sinistcha, L50|9/100
|-heal|p1a: Gholdengo|59/100|[from] ability: Hospitality|[of] p1b: Sinistcha
|move|p1a: Gholdengo|Protect|p1a: Gholdengo
|-singleturn|p1a: Gholdengo|Protect
|move|p2a: Vivillon|Hurricane|p1b: Sinistcha
|-supereffective|p1b: Sinistcha|1
|-damage|p1b: Sinistcha|0 fnt
|faint|p1b: Sinistcha
|move|p2b: Politoed|Weather Ball|p1a: Gholdengo
|-activate|p1a: Gholdengo|move: Protect
|
|-weather|RainDance|[upkeep]
|upkeep
|
|t:|1785903121
|switch|p1b: Staraptor|Staraptor, L50, F|100/100
|-ability|p1b: Staraptor|Intimidate|boost
|-unboost|p2a: Vivillon|atk|1
|-unboost|p2b: Politoed|atk|1
|turn|7
|inactive|abadanriyi92 has 30 seconds left.
|inactive|abadanriyi92 has 20 seconds left.
|
|t:|1785903157
|detailschange|p1b: Staraptor|Staraptor-Mega, L50, F
|-mega|p1b: Staraptor|Staraptor|Staraptite
|move|p2b: Politoed|Protect|p2b: Politoed
|-singleturn|p2b: Politoed|Protect
|move|p1b: Staraptor|Close Combat|p2b: Politoed
|-activate|p2b: Politoed|move: Protect
|move|p2a: Vivillon|Sleep Powder|p1b: Staraptor
|-status|p1b: Staraptor|slp|[from] move: Sleep Powder
|move|p1a: Gholdengo|Nasty Plot|p1a: Gholdengo
|-boost|p1a: Gholdengo|spa|2
|
|-weather|none
|upkeep
|turn|8
|inactive|abadanriyi92 has 30 seconds left.
|inactive|abadanriyi92 has 20 seconds left.
|
|t:|1785903193
|switch|p2b: Archaludon|Archaludon, L50, F|100/100
|cant|p1b: Staraptor|slp
|move|p2a: Vivillon|Hurricane|p1b: Staraptor
|-supereffective|p1b: Staraptor|1
|-damage|p1b: Staraptor|13/100 slp
|-start|p1b: Staraptor|confusion
|move|p1a: Gholdengo|Shadow Ball|p2b: Archaludon
|-damage|p2b: Archaludon|0 fnt
|faint|p2b: Archaludon
|-damage|p1a: Gholdengo|50/100g|[from] item: Life Orb
|
|upkeep
|
|t:|1785903204
|switch|p2b: Gengar|Gengar-Mega, L50, F, shiny|100/100
|turn|9
|
|t:|1785903222
|move|p1a: Gholdengo|Protect|p1a: Gholdengo
|-singleturn|p1a: Gholdengo|Protect
|cant|p1b: Staraptor|slp
|move|p2b: Gengar|Shadow Ball|p1a: Gholdengo
|-activate|p1a: Gholdengo|move: Protect
|move|p2a: Vivillon|Hurricane|p1b: Staraptor
|-supereffective|p1b: Staraptor|1
|-damage|p1b: Staraptor|0 fnt
|faint|p1b: Staraptor
|
|upkeep
|
|t:|1785903234
|switch|p1b: Milotic|Milotic, L50, M|54/100
|turn|10
|
|t:|1785903239
|move|p1a: Gholdengo|Protect||[still]
|-fail|p1a: Gholdengo
|move|p2b: Gengar|Shadow Ball|p1a: Gholdengo
|-supereffective|p1a: Gholdengo|1
|-damage|p1a: Gholdengo|0 fnt
|faint|p1a: Gholdengo
|move|p2a: Vivillon|Sleep Powder|p1b: Milotic
|-status|p1b: Milotic|slp|[from] move: Sleep Powder
|cant|p1b: Milotic|slp
|
|upkeep
|turn|11
|c|☆abadanriyi92|ggs
|c|☆AyushXD|gg
|inactive|abadanriyi92 has 30 seconds left.
|-message|abadanriyi92 forfeited.
|
|win|AyushXD
|raw|abadanriyi92's rating: 1277 → 1256(-21 for losing)
|raw|AyushXD's rating: 1337 → 1354(+17 for winning)
