|j|☆IngeVGC
|j|☆elmono11
|html|IngeVGCelmono11    
|uhtml|bestof|Game 1 of a best-of-3
|t:|1756236159
|gametype|doubles
|player|p1|IngeVGC|fisherman-gen4|1319
|player|p2|elmono11|265|1230
|gen|9
|tier|[Gen 9] VGC 2025 Reg H (Bo3)
|rated|
|rule|Species Clause: Limit one of each Pokémon
|rule|Item Clause: Limit 1 of each item
|clearpoke
|poke|p1|Kingambit, L50, F|
|poke|p1|Rillaboom, L50, M|
|poke|p1|Electabuzz, L50, M|
|poke|p1|Volcarona, L50, F|
|poke|p1|Sneasler, L50, F|
|poke|p1|Dragonite, L50, F|
|poke|p2|Gholdengo, L50|
|poke|p2|Sneasler, L50, M|
|poke|p2|Rillaboom, L50, M|
|poke|p2|Dragonite, L50, F|
|poke|p2|Ninetales-Alola, L50, F|
|poke|p2|Arcanine-Hisui, L50, F|
|teampreview|4
|showteam|p1|Kingambit||BlackGlasses|Defiant|Protect,KowtowCleave,SuckerPunch,SwordsDance|||F|||50|,,,,,Dark]Rillaboom||AssaultVest|GrassySurge|WoodHammer,GrassyGlide,HighHorsepower,FakeOut|||M|||50|,,,,,Fire]Electabuzz||Eviolite|VitalSpirit|Protect,Thunderbolt,HelpingHand,FollowMe|||M|||50|,,,,,Ghost]Volcarona||CovertCloak|FlameBody|Protect,HeatWave,TeraBlast,QuiverDance|||F|||50|,,,,,Fairy]Sneasler||FocusSash|Unburden|CloseCombat,DireClaw,Coaching,FakeOut|||F|||50|,,,,,Stellar]Dragonite||LoadedDice|Multiscale|ScaleShot,Haze,ExtremeSpeed,Protect|||F|||50|,,,,,Fairy
|showteam|p2|Gholdengo||GrassySeed|GoodasGold|NastyPlot,MakeItRain,ShadowBall,Protect||||||50|,,,,,Water]Sneasler||WhiteHerb|Unburden|CloseCombat,DireClaw,Coaching,Protect|||M|||50|,,,,,Ghost]Rillaboom||AssaultVest|GrassySurge|FakeOut,GrassyGlide,DrumBeating,HighHorsepower|||M|||50|,,,,,Fire]Dragonite||LoadedDice|Multiscale|ScaleShot,Haze,Tailwind,Protect|||F|||50|,,,,,Steel]Ninetales-Alola||FocusSash|SnowWarning|Blizzard,IcyWind,Encore,AuroraVeil|||F|||50|,,,,,Ghost]Arcanine-Hisui||ClearAmulet|Intimidate|RockSlide,FlareBlitz,ExtremeSpeed,Protect|||F|||50|,,,,,Water
|inactive|Battle timer is ON: inactive players will automatically lose when time's up. (requested by elmono11)
|inactive|IngeVGC has 60 seconds left.
|inactive|elmono11 has 60 seconds left.
|inactive|IngeVGC has 30 seconds left.
|
|t:|1756236220
|teamsize|p1|4
|teamsize|p2|4
|start
|switch|p1a: Vanessa|Sneasler, L50, F|100/100
|switch|p1b: Cassie|Dragonite, L50, F|100/100
|switch|p2a: Gholdengo|Gholdengo, L50|100/100
|switch|p2b: Ninetales|Ninetales-Alola, L50, F|100/100
|-weather|Snowscape|[from] ability: Snow Warning|[of] p2b: Ninetales
|turn|1
|inactive|elmono11 has 30 seconds left.
|inactive|elmono11 has 20 seconds left.
|inactive|elmono11 has 15 seconds left.
|inactive|elmono11 has 10 seconds left.
|inactive|elmono11 has 5 seconds left.
|
|t:|1756236274
|switch|p1b: Nobunaga|Kingambit, L50, F, shiny|100/100
|move|p1a: Vanessa|Dire Claw|p2b: Ninetales
|-supereffective|p2b: Ninetales
|-crit|p2b: Ninetales
|-enditem|p2b: Ninetales|Focus Sash
|-damage|p2b: Ninetales|1/100
|-status|p2b: Ninetales|par
|move|p2a: Gholdengo|Make It Rain|p1a: Vanessa|[spread] p1a,p1b
|-resisted|p1b: Nobunaga
|-damage|p1a: Vanessa|40/100
|-damage|p1b: Nobunaga|79/100
|-unboost|p2a: Gholdengo|spa|1
|cant|p2b: Ninetales|par
|
|-weather|Snowscape|[upkeep]
|upkeep
|turn|2
|inactive|elmono11 has 30 seconds left.
|inactive|elmono11 has 20 seconds left.
|inactive|elmono11 has 15 seconds left.
|inactive|elmono11 has 10 seconds left.
|
|t:|1756236323
|move|p2a: Gholdengo|Protect|p2a: Gholdengo
|-singleturn|p2a: Gholdengo|Protect
|move|p1a: Vanessa|Dire Claw|p2b: Ninetales
|-supereffective|p2b: Ninetales
|-damage|p2b: Ninetales|0 fnt
|faint|p2b: Ninetales
|move|p1b: Nobunaga|Swords Dance|p1b: Nobunaga
|-boost|p1b: Nobunaga|atk|2
|
|-weather|Snowscape|[upkeep]
|upkeep
|
|t:|1756236327
|switch|p2b: Sneasler|Sneasler, L50, M|100/100
|turn|3
|
|t:|1756236347
|-terastallize|p1b: Nobunaga|Dark
|move|p1a: Vanessa|Coaching|p1b: Nobunaga
|-boost|p1b: Nobunaga|atk|1
|-boost|p1b: Nobunaga|def|1
|move|p2b: Sneasler|Close Combat|p1b: Nobunaga
|-supereffective|p1b: Nobunaga
|-damage|p1b: Nobunaga|21/100
|-unboost|p2b: Sneasler|def|1
|-unboost|p2b: Sneasler|spd|1
|-enditem|p2b: Sneasler|White Herb
|-clearnegativeboost|p2b: Sneasler|[silent]
|move|p2a: Gholdengo|Make It Rain|p1b: Nobunaga|[spread] p1a,p1b
|-damage|p1a: Vanessa|0 fnt
|-damage|p1b: Nobunaga|0 fnt
|-unboost|p2a: Gholdengo|spa|1
|faint|p1a: Vanessa
|faint|p1b: Nobunaga
|
|-weather|Snowscape|[upkeep]
|upkeep
|
|t:|1756236359
|switch|p1a: Kerchak|Rillaboom, L50, M|100/100
|switch|p1b: Cassie|Dragonite, L50, F|100/100
|-fieldstart|move: Grassy Terrain|[from] ability: Grassy Surge|[of] p1a: Kerchak
|-enditem|p2a: Gholdengo|Grassy Seed
|-boost|p2a: Gholdengo|def|1|[from] item: Grassy Seed
|turn|4
|inactive|elmono11 has 30 seconds left.
|
|t:|1756236386
|move|p2b: Sneasler|Protect|p2b: Sneasler
|-singleturn|p2b: Sneasler|Protect
|move|p2a: Gholdengo|Nasty Plot|p2a: Gholdengo
|-boost|p2a: Gholdengo|spa|2
|move|p1b: Cassie|Scale Shot|p2b: Sneasler
|-activate|p2b: Sneasler|move: Protect
|move|p1a: Kerchak|High Horsepower|p2a: Gholdengo
|-supereffective|p2a: Gholdengo
|-damage|p2a: Gholdengo|55/100
|
|-weather|Snowscape|[upkeep]
|-heal|p2a: Gholdengo|61/100|[from] Grassy Terrain
|upkeep
|turn|5
|
|t:|1756236409
|move|p2b: Sneasler|Dire Claw|p1a: Kerchak
|-supereffective|p1a: Kerchak
|-damage|p1a: Kerchak|16/100
|-status|p1a: Kerchak|slp
|move|p2a: Gholdengo|Nasty Plot|p2a: Gholdengo
|-boost|p2a: Gholdengo|spa|2
|move|p1b: Cassie|Scale Shot|p2b: Sneasler
|-damage|p2b: Sneasler|80/100
|-damage|p2b: Sneasler|62/100
|-damage|p2b: Sneasler|42/100
|-damage|p2b: Sneasler|22/100
|-hitcount|p2b: Sneasler|4
|-unboost|p1b: Cassie|def|1
|-boost|p1b: Cassie|spe|1
|cant|p1a: Kerchak|slp
|
|-weather|none
|-heal|p2b: Sneasler|28/100|[from] Grassy Terrain
|-heal|p2a: Gholdengo|67/100|[from] Grassy Terrain
|-heal|p1a: Kerchak|22/100 slp|[from] Grassy Terrain
|upkeep
|turn|6
|
|t:|1756236421
|move|p2b: Sneasler|Dire Claw|p1b: Cassie
|-damage|p1b: Cassie|66/100
|move|p1b: Cassie|Scale Shot|p2a: Gholdengo
|-resisted|p2a: Gholdengo
|-damage|p2a: Gholdengo|62/100
|-resisted|p2a: Gholdengo
|-damage|p2a: Gholdengo|58/100
|-resisted|p2a: Gholdengo
|-damage|p2a: Gholdengo|54/100
|-resisted|p2a: Gholdengo
|-damage|p2a: Gholdengo|49/100
|-resisted|p2a: Gholdengo
|-damage|p2a: Gholdengo|44/100
|-hitcount|p2a: Gholdengo|5
|-unboost|p1b: Cassie|def|1
|-boost|p1b: Cassie|spe|1
|move|p2a: Gholdengo|Make It Rain|p1a: Kerchak|[spread] p1a,p1b
|-damage|p1a: Kerchak|0 fnt
|-damage|p1b: Cassie|0 fnt
|-unboost|p2a: Gholdengo|spa|1
|faint|p1a: Kerchak
|faint|p1b: Cassie
|
|win|elmono11
||IngeVGC is ready for game 2.
||elmono11 is ready for game 2.
|uhtml|next|Next: Game 2 of 3
