|j|☆kgggv
|j|☆sbhaga34
|html|kgggvsbhaga34    
|uhtml|bestof|Game 1 of a best-of-3
|t:|1757714263
|gametype|doubles
|player|p1|kgggv|1|1237
|player|p2|sbhaga34|hugh|1357
|gen|9
|tier|[Gen 9] VGC 2025 Reg H (Bo3)
|rated|
|rule|Species Clause: Limit one of each Pokémon
|rule|Item Clause: Limit 1 of each item
|clearpoke
|poke|p1|Incineroar, L50, F|
|poke|p1|Amoonguss, L50, M|
|poke|p1|Sneasler, L50, M|
|poke|p1|Gyarados, L50, F|
|poke|p1|Gholdengo, L50|
|poke|p1|Kingambit, L50, F|
|poke|p2|Indeedee-F, L50, F|
|poke|p2|Talonflame, L50, M|
|poke|p2|Tyranitar, L50, F|
|poke|p2|Excadrill, L50, F|
|poke|p2|Gardevoir, L50, F|
|poke|p2|Ursaluna-Bloodmoon, L50, M|
|teampreview|4
|showteam|p1|Incineroar||SafetyGoggles|Intimidate|FakeOut,KnockOff,FlareBlitz,PartingShot|||F|||50|,,,,,Grass]Amoonguss||RockyHelmet|Regenerator|Spore,RagePowder,Protect,PollenPuff|||M|||50|,,,,,Ghost]Sneasler||WhiteHerb|Unburden|Protect,DireClaw,CloseCombat,SwordsDance|||M|||50|,,,,,Ghost]Gyarados||SitrusBerry|Intimidate|ThunderWave,Waterfall,Protect,IcyWind|||F|||50|,,,,,Grass]Gholdengo||ChoiceSpecs|GoodasGold|MakeItRain,ShadowBall,Thunderbolt,Trick||||||50|,,,,,Steel]Kingambit||AssaultVest|Defiant|IronHead,LowKick,SuckerPunch,KowtowCleave|||F|||50|,,,,,Dark
|showteam|p2|Indeedee-F||SafetyGoggles|PsychicSurge|FollowMe,TrickRoom,HelpingHand,Psychic|||F|||50|,,,,,Fairy]Talonflame||CovertCloak|GaleWings|Tailwind,Taunt,FlareBlitz,BraveBird|||M|||50|,,,,,Grass]Tyranitar||WeaknessPolicy|SandStream|RockSlide,KnockOff,LowKick,Protect|||F|||50|,,,,,Flying]Excadrill||FocusSash|SandRush|Earthquake,IronHead,SwordsDance,Protect|||F|||50|,,,,,Ground]Gardevoir||ChoiceScarf|Telepathy|ExpandingForce,Thunderbolt,Moonblast,IcyWind|||F|||50|,,,,,Psychic]Ursaluna-Bloodmoon||SilkScarf|MindsEye|BloodMoon,HyperVoice,EarthPower,Protect|||M|||50|,,,,,Normal
|
|t:|1757714297
|teamsize|p1|4
|teamsize|p2|4
|start
|switch|p1a: Sneasler|Sneasler, L50, M|100/100
|switch|p1b: Kingambit|Kingambit, L50, F|100/100
|switch|p2a: Indeedee|Indeedee-F, L50, F|100/100
|switch|p2b: Excadrill|Excadrill, L50, F, shiny|100/100
|-fieldstart|move: Psychic Terrain|[from] ability: Psychic Surge|[of] p2a: Indeedee
|turn|1
|
|t:|1757714308
|-terastallize|p1b: Kingambit|Dark
|move|p1a: Sneasler|Protect|p1a: Sneasler
|-singleturn|p1a: Sneasler|Protect
|move|p2a: Indeedee|Follow Me|p2a: Indeedee
|-singleturn|p2a: Indeedee|move: Follow Me
|move|p2b: Excadrill|Swords Dance|p2b: Excadrill
|-boost|p2b: Excadrill|atk|2
|move|p1b: Kingambit|Kowtow Cleave|p2a: Indeedee
|-supereffective|p2a: Indeedee
|-damage|p2a: Indeedee|0 fnt
|faint|p2a: Indeedee
|
|upkeep
|
|t:|1757714321
|switch|p2a: Gardevoir|Gardevoir, L50, F, shiny|100/100
|turn|2
|
|t:|1757714344
|switch|p2a: Tyranitar|Tyranitar, L50, F|100/100
|-weather|Sandstorm|[from] ability: Sand Stream|[of] p2a: Tyranitar
|switch|p1a: Gyarados|Gyarados, L50, F|100/100
|-ability|p1a: Gyarados|Intimidate|boost
|-unboost|p2a: Tyranitar|atk|1
|-unboost|p2b: Excadrill|atk|1
|-terastallize|p2b: Excadrill|Ground
|move|p2b: Excadrill|Earthquake|p1b: Kingambit|[spread] p2a,p1b
|-immune|p1a: Gyarados
|-supereffective|p2a: Tyranitar
|-damage|p2a: Tyranitar|0 fnt
|-damage|p1b: Kingambit|41/100
|faint|p2a: Tyranitar
|move|p1b: Kingambit|Kowtow Cleave|p2b: Excadrill
|-damage|p2b: Excadrill|4/100
|
|-weather|Sandstorm|[upkeep]
|-damage|p1a: Gyarados|95/100|[from] Sandstorm
|-damage|p1b: Kingambit|35/100|[from] Sandstorm
|upkeep
|
|t:|1757714361
|switch|p2a: Gardevoir|Gardevoir, L50, F, shiny|100/100
|turn|3
|
|t:|1757714397
|move|p1a: Gyarados|Protect|p1a: Gyarados
|-singleturn|p1a: Gyarados|Protect
|move|p2b: Excadrill|Iron Head|p1b: Kingambit
|-damage|p1b: Kingambit|0 fnt
|faint|p1b: Kingambit
|move|p2a: Gardevoir|Thunderbolt|p1a: Gyarados
|-activate|p1a: Gyarados|move: Protect
|
|-weather|Sandstorm|[upkeep]
|-damage|p2a: Gardevoir|95/100|[from] Sandstorm
|-damage|p1a: Gyarados|89/100|[from] Sandstorm
|upkeep
|
|t:|1757714408
|switch|p1b: Gholdengo|Gholdengo, L50|100/100
|turn|4
|
|t:|1757714420
|move|p2b: Excadrill|Earthquake|p1b: Gholdengo|[spread] p1b
|-activate|p2a: Gardevoir|ability: Telepathy
|-immune|p1a: Gyarados
|-supereffective|p1b: Gholdengo
|-damage|p1b: Gholdengo|0 fnt
|faint|p1b: Gholdengo
|move|p2a: Gardevoir|Thunderbolt|p1a: Gyarados
|-supereffective|p1a: Gyarados
|-damage|p1a: Gyarados|13/100
|-enditem|p1a: Gyarados|Sitrus Berry|[eat]
|-heal|p1a: Gyarados|38/100|[from] item: Sitrus Berry
|move|p1a: Gyarados|Waterfall|p2b: Excadrill
|-supereffective|p2b: Excadrill
|-damage|p2b: Excadrill|0 fnt
|faint|p2b: Excadrill
|
|-weather|Sandstorm|[upkeep]
|-damage|p2a: Gardevoir|89/100|[from] Sandstorm
|-damage|p1a: Gyarados|32/100|[from] Sandstorm
|upkeep
|
|t:|1757714422
|switch|p1b: Sneasler|Sneasler, L50, M|100/100
|turn|5
|-message|sbhaga34 forfeited.
|
|win|kgggv
|l|☆sbhaga34
|player|p2|
||sbhaga34 is ready for game 2.
||sbhaga34 is ready for game 2.
||kgggv is ready for game 2.
|uhtml|next|Next: Game 2 of 3
|l|☆kgggv
|player|p1|
