|j|☆higigig
|j|☆fgyhung
|html|higigigfgyhung    
|uhtml|bestof|Game 3 of a best-of-3
|t:|1756201242
|gametype|doubles
|player|p1|higigig|sisandbro|1169
|player|p2|fgyhung|2|1197
|gen|9
|tier|[Gen 9] VGC 2025 Reg H (Bo3)
|rated|
|rule|Species Clause: Limit one of each Pokémon
|rule|Item Clause: Limit 1 of each item
|clearpoke
|poke|p1|Sneasler, L50, M|
|poke|p1|Gholdengo, L50|
|poke|p1|Farigiraf, L50, F|
|poke|p1|Ursaluna-Bloodmoon, L50, M|
|poke|p1|Amoonguss, L50, F|
|poke|p1|Altaria, L50, F|
|poke|p2|Murkrow, L50, F|
|poke|p2|Typhlosion-Hisui, L50, M|
|poke|p2|Archaludon, L50, M|
|poke|p2|Rillaboom, L50, M|
|poke|p2|Mamoswine, L50, M|
|poke|p2|Electabuzz, L50, M|
|teampreview|4
|showteam|p1|Sneasler||FocusSash|PoisonTouch|FakeOut,CloseCombat,DireClaw,Protect|||M|||50|,,,,,Dark]Gholdengo||ChoiceSpecs|GoodasGold|MakeItRain,ShadowBall,PowerGem,Trick||||||50|,,,,,Steel]Farigiraf||MentalHerb|ArmorTail|Psychic,Imprison,HelpingHand,TrickRoom|||F|||50|,,,,,Grass]Ursaluna-Bloodmoon||ThroatSpray|MindsEye|HyperVoice,EarthPower,BloodMoon,Protect|||M|||50|,,,,,Normal]Amoonguss||SitrusBerry|Regenerator|SludgeBomb,PollenPuff,Spore,RagePowder|||F|||50|,,,,,Water]Altaria||CovertCloak|CloudNine|BreakingSwipe,HelpingHand,Haze,Tailwind|||F|||50|,,,,,Water
|showteam|p2|Murkrow||FocusSash|Prankster|SunnyDay,Tailwind,Haze,FoulPlay|||F|||50|,,,,,Ghost]Typhlosion-Hisui||ChoiceSpecs|Blaze|Eruption,HeatWave,ShadowBall,Overheat|||M|||50|,,,,,Fire]Archaludon||PowerHerb|Sturdy|ElectroShot,Thunderbolt,DragonPulse,Protect|||M|||50|,,,,,Electric]Rillaboom||AssaultVest|GrassySurge|FakeOut,GrassyGlide,WoodHammer,KnockOff|||M|||50|,,,,,Fire]Mamoswine||LoadedDice|Oblivious|IcicleSpear,Protect,HighHorsepower,IceShard|||M|||50|,,,,,Fire]Electabuzz||Eviolite|VitalSpirit|FollowMe,Electroweb,Taunt,Protect|||M|||50|,,,,,Ghost
|inactive|Battle timer is ON: inactive players will automatically lose when time's up. (requested by higigig)
|inactive|higigig has 60 seconds left.
|
|t:|1756201287
|teamsize|p1|4
|teamsize|p2|4
|start
|switch|p1a: Altaria|Altaria, L50, F|100/100
|switch|p1b: Amoonguss|Amoonguss, L50, F|100/100
|switch|p2a: Typhlosion|Typhlosion-Hisui, L50, M|100/100
|switch|p2b: Electabuzz|Electabuzz, L50, M|100/100
|-ability|p1a: Altaria|Cloud Nine
|turn|1
|
|t:|1756201301
|-terastallize|p2a: Typhlosion|Fire
|-terastallize|p1b: Amoonguss|Water
|move|p1b: Amoonguss|Rage Powder|p1b: Amoonguss
|-singleturn|p1b: Amoonguss|move: Rage Powder
|move|p2b: Electabuzz|Taunt|p1b: Amoonguss
|-start|p1b: Amoonguss|move: Taunt
|move|p1a: Altaria|Tailwind|p1a: Altaria
|-sidestart|p1: higigig|move: Tailwind
|move|p2a: Typhlosion|Eruption|p1b: Amoonguss|[spread] p1a,p1b
|-resisted|p1a: Altaria
|-resisted|p1b: Amoonguss
|-damage|p1a: Altaria|43/100
|-damage|p1b: Amoonguss|58/100
|
|upkeep
|turn|2
|
|t:|1756201319
|move|p1a: Altaria|Breaking Swipe|p2a: Typhlosion|[spread] p2a,p2b
|-damage|p2a: Typhlosion|82/100
|-damage|p2b: Electabuzz|89/100
|-unboost|p2a: Typhlosion|atk|1
|-unboost|p2b: Electabuzz|atk|1
|move|p2b: Electabuzz|Electroweb|p1a: Altaria|[spread] p1a
|-miss|p2b: Electabuzz|p1b: Amoonguss
|-damage|p1a: Altaria|28/100
|move|p2a: Typhlosion|Eruption|p1a: Altaria|[spread] p1a,p1b
|-resisted|p1a: Altaria
|-resisted|p1b: Amoonguss
|-damage|p1a: Altaria|0 fnt
|-damage|p1b: Amoonguss|21/100
|-enditem|p1b: Amoonguss|Sitrus Berry|[eat]
|-heal|p1b: Amoonguss|46/100|[from] item: Sitrus Berry
|faint|p1a: Altaria
|move|p1b: Amoonguss|Sludge Bomb|p2a: Typhlosion
|-damage|p2a: Typhlosion|42/100
|
|upkeep
|inactive|higigig has 30 seconds left.
|
|t:|1756201349
|switch|p1a: Sneasler|Sneasler, L50, M|100/100
|turn|3
|
|t:|1756201361
|switch|p2a: Archaludon|Archaludon, L50, M|100/100
|switch|p1b: Gholdengo|Gholdengo, L50|100/100
|move|p2b: Electabuzz|Protect|p2b: Electabuzz
|-singleturn|p2b: Electabuzz|Protect
|move|p1a: Sneasler|Dire Claw|p2a: Archaludon
|-immune|p2a: Archaludon
|
|upkeep
|turn|4
|
|t:|1756201380
|move|p2b: Electabuzz|Follow Me|p2b: Electabuzz
|-singleturn|p2b: Electabuzz|move: Follow Me
|move|p1a: Sneasler|Dire Claw|p2b: Electabuzz
|-damage|p2b: Electabuzz|45/100
|move|p1b: Gholdengo|Shadow Ball|p2b: Electabuzz
|-damage|p2b: Electabuzz|0 fnt
|faint|p2b: Electabuzz
|move|p2a: Archaludon|Electro Shot||[still]
|-prepare|p2a: Archaludon|Electro Shot
|-boost|p2a: Archaludon|spa|1
|-enditem|p2a: Archaludon|Power Herb
|-anim|p2a: Archaludon|Electro Shot|p1b: Gholdengo
|-damage|p1b: Gholdengo|27/100
|
|-sideend|p1: higigig|move: Tailwind
|upkeep
|
|t:|1756201395
|switch|p2b: Rillaboom|Rillaboom, L50, M|100/100
|-fieldstart|move: Grassy Terrain|[from] ability: Grassy Surge|[of] p2b: Rillaboom
|turn|5
|inactive|fgyhung has 30 seconds left.
|
|t:|1756201428
|move|p1a: Sneasler|Protect|p1a: Sneasler
|-singleturn|p1a: Sneasler|Protect
|move|p2b: Rillaboom|Fake Out|p1a: Sneasler
|-activate|p1a: Sneasler|move: Protect
|move|p2a: Archaludon|Thunderbolt|p1b: Gholdengo
|-damage|p1b: Gholdengo|0 fnt
|faint|p1b: Gholdengo
|
|upkeep
|
|t:|1756201435
|switch|p1b: Amoonguss|Amoonguss, L50, F, tera:Water|79/100
|turn|6
|
|t:|1756201450
|switch|p2b: Typhlosion|Typhlosion-Hisui, L50, M, tera:Fire|42/100
|move|p1a: Sneasler|Dire Claw|p2b: Typhlosion
|-damage|p2b: Typhlosion|0 fnt
|faint|p2b: Typhlosion
|move|p2a: Archaludon|Thunderbolt|p1b: Amoonguss
|-supereffective|p1b: Amoonguss
|-damage|p1b: Amoonguss|1/100
|move|p1b: Amoonguss|Spore|p2a: Archaludon
|-status|p2a: Archaludon|slp|[from] move: Spore
|
|-heal|p1b: Amoonguss|7/100|[from] Grassy Terrain
|upkeep
|
|t:|1756201459
|switch|p2b: Rillaboom|Rillaboom, L50, M|100/100
|turn|7
|
|t:|1756201473
|move|p1a: Sneasler|Dire Claw|p2b: Rillaboom
|-supereffective|p2b: Rillaboom
|-damage|p2b: Rillaboom|18/100
|-status|p2b: Rillaboom|par
|cant|p2a: Archaludon|slp
|move|p2b: Rillaboom|Knock Off|p1a: Sneasler
|-resisted|p1a: Sneasler
|-damage|p1a: Sneasler|74/100
|-enditem|p1a: Sneasler|Focus Sash|[from] move: Knock Off|[of] p2b: Rillaboom
|move|p1b: Amoonguss|Sludge Bomb|p2b: Rillaboom
|-supereffective|p2b: Rillaboom
|-damage|p2b: Rillaboom|0 fnt
|faint|p2b: Rillaboom
|
|-heal|p1a: Sneasler|80/100|[from] Grassy Terrain
|-heal|p1b: Amoonguss|13/100|[from] Grassy Terrain
|upkeep
|turn|8
|
|t:|1756201491
|move|p1b: Amoonguss|Rage Powder|p1b: Amoonguss
|-singleturn|p1b: Amoonguss|move: Rage Powder
|move|p1a: Sneasler|Close Combat|p2a: Archaludon
|-supereffective|p2a: Archaludon
|-ability|p2a: Archaludon|Sturdy
|-damage|p2a: Archaludon|1/100 slp
|-unboost|p1a: Sneasler|def|1
|-unboost|p1a: Sneasler|spd|1
|-curestatus|p2a: Archaludon|slp|[msg]
|move|p2a: Archaludon|Thunderbolt|p1b: Amoonguss
|-supereffective|p1b: Amoonguss
|-damage|p1b: Amoonguss|0 fnt
|faint|p1b: Amoonguss
|
|-heal|p1a: Sneasler|86/100|[from] Grassy Terrain
|-heal|p2a: Archaludon|7/100|[from] Grassy Terrain
|upkeep
|turn|9
|
|t:|1756201501
|move|p2a: Archaludon|Protect|p2a: Archaludon
|-singleturn|p2a: Archaludon|Protect
|move|p1a: Sneasler|Close Combat|p2a: Archaludon
|-activate|p2a: Archaludon|move: Protect
|
|-heal|p1a: Sneasler|91/100|[from] Grassy Terrain
|-heal|p2a: Archaludon|13/100|[from] Grassy Terrain
|-fieldend|move: Grassy Terrain
|upkeep
|turn|10
|c|☆higigig|ggwp
|
|t:|1756201509
|move|p2a: Archaludon|Protect|p2a: Archaludon
|-singleturn|p2a: Archaludon|Protect
|move|p1a: Sneasler|Close Combat|p2a: Archaludon
|-activate|p2a: Archaludon|move: Protect
|
|upkeep
|turn|11
|
|t:|1756201514
|move|p2a: Archaludon|Protect||[still]
|-fail|p2a: Archaludon
|move|p1a: Sneasler|Close Combat|p2a: Archaludon
|-supereffective|p2a: Archaludon
|-damage|p2a: Archaludon|0 fnt
|-unboost|p1a: Sneasler|def|1
|-unboost|p1a: Sneasler|spd|1
|faint|p2a: Archaludon
|
|win|higigig
|raw|higigig's rating: 1169 → 1196(+27 for winning)
|raw|fgyhung's rating: 1197 → 1170(-27 for losing)
