|j|☆Joe870502
|j|☆magic 561
|html|Joe870502magic 561    
|uhtml|bestof|Game 1 of a best-of-3
|t:|1782216404
|gametype|doubles
|player|p1|Joe870502|dawn|1286
|player|p2|magic 561|colress|1344
|gen|9
|tier|[Gen 9 Champions] VGC 2026 Reg M-B (Bo3)
|rated|
|rule|Species Clause: Limit one of each Pokémon
|rule|Item Clause: Limit 1 of each item
|clearpoke
|poke|p1|Sceptile, L50, F|
|poke|p1|Rotom-Heat, L50|
|poke|p1|Aerodactyl, L50, M|
|poke|p1|Kingambit, L50, F|
|poke|p1|Basculegion, L50, M|
|poke|p1|Clefable, L50, M|
|poke|p2|Glimmora, L50, F|
|poke|p2|Hydreigon, L50, F|
|poke|p2|Basculegion, L50, M|
|poke|p2|Whimsicott, L50, M|
|poke|p2|Staraptor, L50, F|
|poke|p2|Farigiraf, L50, M|
|teampreview|4
|showteam|p1|Sceptile||Sceptilite|Overgrow|EnergyBall,DragonPulse,EarthPower,Protect|Timid||F|||50|]Rotom-Heat||ChoiceScarf|Levitate|Overheat,Discharge,VoltSwitch,Trick|Timid|||||50|]Aerodactyl||FocusSash|Unnerve|RockSlide,DualWingbeat,Tailwind,Protect|Jolly||M|||50|]Kingambit||OccaBerry|Defiant|KowtowCleave,SuckerPunch,IronHead,Protect|Adamant||F|||50|]Basculegion||LifeOrb|Adaptability|WaveCrash,AquaJet,LastRespects,Protect|Jolly||M|||50|]Clefable||SitrusBerry|Unaware|Moonblast,LifeDew,FollowMe,Protect|Bold||M|||50|
|showteam|p2|Glimmora||Glimmoranite|ToxicDebris|SludgeBomb,PowerGem,SpikyShield,EarthPower|Modest||F|||50|]Hydreigon||LifeOrb|Levitate|DracoMeteor,DarkPulse,EarthPower,Protect|Modest||F|||50|]Basculegion||MysticWater|Adaptability|WaveCrash,LastRespects,AquaJet,Protect|Adamant||M|||50|]Whimsicott||FocusSash|Prankster|Tailwind,Moonblast,Encore,Protect|Timid||M|||50|]Staraptor||Staraptite|Intimidate|CloseCombat,BraveBird,Roost,Protect|Adamant||F|||50|]Farigiraf||ColburBerry|ArmorTail|HyperVoice,Psychic,TrickRoom,Protect|Modest||M|||50|
|inactive|Battle timer is ON: inactive players will automatically lose when time's up. (requested by magic 561)
|
|t:|1782216434
|teamsize|p1|4
|teamsize|p2|4
|start
|switch|p1a: Kingambit|Kingambit, L50, F|100/100
|switch|p1b: Clefable|Clefable, L50, M|100/100
|switch|p2a: Whimsicott|Whimsicott, L50, M|100/100
|switch|p2b: Glimmora|Glimmora, L50, F|100/100
|turn|1
|
|t:|1782216447
|move|p2a: Whimsicott|Moonblast|p1a: Kingambit
|-damage|p1a: Kingambit|63/100
|move|p2b: Glimmora|Earth Power|p1a: Kingambit
|-supereffective|p1a: Kingambit|1
|-damage|p1a: Kingambit|0 fnt
|faint|p1a: Kingambit
|move|p1b: Clefable|Moonblast|p2a: Whimsicott
|-damage|p2a: Whimsicott|42/100
|
|upkeep
|
|t:|1782216454
|switch|p1a: Basculegion|Basculegion, L50, M|100/100
|turn|2
|
|t:|1782216463
|move|p2a: Whimsicott|Protect|p2a: Whimsicott
|-singleturn|p2a: Whimsicott|Protect
|move|p2b: Glimmora|Spiky Shield|p2b: Glimmora
|-singleturn|p2b: Glimmora|move: Protect
|move|p1b: Clefable|Follow Me|p1b: Clefable
|-singleturn|p1b: Clefable|move: Follow Me
|move|p1a: Basculegion|Last Respects|p2b: Glimmora
|-activate|p2b: Glimmora|move: Protect
|
|upkeep
|turn|3
|
|t:|1782216475
|move|p1b: Clefable|Protect|p1b: Clefable
|-singleturn|p1b: Clefable|Protect
|move|p2a: Whimsicott|Tailwind|p2a: Whimsicott
|-sidestart|p2: magic 561|move: Tailwind
|move|p2b: Glimmora|Sludge Bomb|p1b: Clefable
|-activate|p1b: Clefable|move: Protect
|move|p1a: Basculegion|Last Respects|p2b: Glimmora
|-damage|p2b: Glimmora|15/100
|-activate|p2b: Glimmora|ability: Toxic Debris
|-sidestart|p1: Joe870502|move: Toxic Spikes
|-damage|p1a: Basculegion|90/100|[from] item: Life Orb
|
|upkeep
|turn|4
|
|t:|1782216490
|switch|p2b: Staraptor|Staraptor, L50, F|100/100
|-ability|p2b: Staraptor|Intimidate|boost
|-unboost|p1a: Basculegion|atk|1
|-unboost|p1b: Clefable|atk|1
|move|p1b: Clefable|Follow Me|p1b: Clefable
|-singleturn|p1b: Clefable|move: Follow Me
|move|p2a: Whimsicott|Moonblast|p1b: Clefable
|-damage|p1b: Clefable|70/100
|move|p1a: Basculegion|Last Respects|p2a: Whimsicott
|-damage|p2a: Whimsicott|0 fnt
|faint|p2a: Whimsicott
|-damage|p1a: Basculegion|80/100|[from] item: Life Orb
|
|upkeep
|
|t:|1782216500
|switch|p2a: Hydreigon|Hydreigon, L50, F|100/100
|turn|5
|
|t:|1782216512
|detailschange|p2b: Staraptor|Staraptor-Mega, L50, F
|-mega|p2b: Staraptor|Staraptor|Staraptite
|move|p2b: Staraptor|Brave Bird|p1b: Clefable
|-crit|p1b: Clefable
|-damage|p1b: Clefable|0 fnt
|faint|p1b: Clefable
|-damage|p2b: Staraptor|75/100|[from] Recoil
|move|p2a: Hydreigon|Dark Pulse|p1a: Basculegion
|-supereffective|p1a: Basculegion|1
|-damage|p1a: Basculegion|0 fnt
|faint|p1a: Basculegion
|-damage|p2a: Hydreigon|90/100|[from] item: Life Orb
|
|upkeep
|-message|Joe870502 forfeited.
|
|win|magic 561
||Joe870502 is ready for game 2.
||magic 561 is ready for game 2.
|uhtml|next|Next: Game 2 of 3
|l|☆Joe870502
|player|p1|
