|j|☆TeyVgc
|j|☆mmcc786
|html|TeyVgcmmcc786    
|uhtml|bestof|Game 2 of a best-of-3
|t:|1783021851
|gametype|doubles
|player|p1|TeyVgc|rood|1126
|player|p2|mmcc786|drayden|1040
|gen|9
|tier|[Gen 9 Champions] VGC 2026 Reg M-B (Bo3)
|rated|
|rule|Species Clause: Limit one of each Pokémon
|rule|Item Clause: Limit 1 of each item
|clearpoke
|poke|p1|Tyranitar, L50, F|
|poke|p1|Excadrill, L50, M|
|poke|p1|Rotom-Wash, L50|
|poke|p1|Sinistcha, L50|
|poke|p1|Corviknight, L50, M|
|poke|p1|Houndstone, L50, M|
|poke|p2|Raichu, L50, F|
|poke|p2|Pelipper, L50, F|
|poke|p2|Archaludon, L50, F|
|poke|p2|Maushold-Four, L50|
|poke|p2|Charizard, L50, M|
|poke|p2|Medicham, L50, F|
|teampreview|4
|showteam|p1|Tyranitar||Tyranitarite|SandStream|RockSlide,KnockOff,LowKick,Protect|Adamant||F|||50|]Excadrill||FocusSash|SandRush|IronHead,Protect,Earthquake,RockSlide|Adamant||M|||50|]Rotom-Wash||ChoiceScarf|Levitate|VoltSwitch,HydroPump,Electroweb,Thunderbolt|Modest|||||50|]Sinistcha||SitrusBerry|Hospitality|RagePowder,MatchaGotcha,StrengthSap,TrickRoom|Bold|||||50|]Corviknight||Leftovers|MirrorArmor|BulkUp,BraveBird,Roost,Tailwind|Careful||M|||50|]Houndstone||SpellTag|SandRush|LastRespects,PhantomForce,WillOWisp,Protect|Adamant||M|||50|
|showteam|p2|Raichu||RaichuniteY|LightningRod|FakeOut,FocusBlast,Thunder,ZapCannon|Timid||F|||50|]Pelipper||FocusSash|Drizzle|Tailwind,Hurricane,HelpingHand,WeatherBall|Modest||F|||50|]Archaludon||LifeOrb|Stalwart|ElectroShot,FlashCannon,DracoMeteor,Protect|Modest||F|||50|]Maushold-Four||KingsRock|FriendGuard|PopulationBomb,PlayRough,Protect,HelpingHand|Serious|||||50|]Charizard||SitrusBerry|Blaze|BellyDrum,BrickBreak,FlareBlitz,Crunch|Jolly||M|||50|]Medicham||Medichamite|PurePower|PsychUp,BrickBreak,BulletPunch,PsychoCut|Jolly||F|||50|
|
|t:|1783021897
|teamsize|p1|4
|teamsize|p2|4
|start
|switch|p1a: Tyranitar|Tyranitar, L50, F|100/100
|switch|p1b: Excadrill|Excadrill, L50, M|100/100
|switch|p2a: Archaludon|Archaludon, L50, F|100/100
|switch|p2b: Maushold|Maushold-Four, L50|100/100
|-weather|Sandstorm|[from] ability: Sand Stream|[of] p1a: Tyranitar
|turn|1
|
|t:|1783021934
|move|p2a: Archaludon|Protect|p2a: Archaludon
|-singleturn|p2a: Archaludon|Protect
|move|p1a: Tyranitar|Protect|p1a: Tyranitar
|-singleturn|p1a: Tyranitar|Protect
|move|p1b: Excadrill|Earthquake|p2b: Maushold|[spread] p2b
|-activate|p1a: Tyranitar|move: Protect
|-activate|p2a: Archaludon|move: Protect
|-crit|p2b: Maushold
|-damage|p2b: Maushold|0 fnt
|faint|p2b: Maushold
|
|-weather|Sandstorm|[upkeep]
|upkeep
|
|t:|1783021955
|switch|p2b: Medicham|Medicham, L50, F|100/100
|turn|2
|
|t:|1783021987
|switch|p1a: Rotom|Rotom-Wash, L50|100/100
|detailschange|p2b: Medicham|Medicham-Mega, L50, F
|-mega|p2b: Medicham|Medicham|Medichamite
|move|p1b: Excadrill|Earthquake|p2a: Archaludon|[spread] p2a,p2b
|-immune|p1a: Rotom|[from] ability: Levitate
|-supereffective|p2a: Archaludon|1
|-damage|p2a: Archaludon|27/100
|-damage|p2b: Medicham|35/100
|move|p2b: Medicham|Brick Break|p1a: Rotom
|-damage|p1a: Rotom|6/100
|move|p2a: Archaludon|Flash Cannon|p1a: Rotom
|-resisted|p1a: Rotom|2
|-damage|p1a: Rotom|0 fnt
|faint|p1a: Rotom
|-damage|p2a: Archaludon|17/100|[from] item: Life Orb
|
|-weather|Sandstorm|[upkeep]
|-damage|p2b: Medicham|29/100|[from] Sandstorm
|upkeep
|
|t:|1783022001
|switch|p1a: Sinistcha|Sinistcha, L50|100/100
|turn|3
|
|t:|1783022050
|move|p2a: Archaludon|Protect|p2a: Archaludon
|-singleturn|p2a: Archaludon|Protect
|move|p2b: Medicham|Bullet Punch|p1a: Sinistcha
|-damage|p1a: Sinistcha|81/100
|move|p1b: Excadrill|Earthquake|p2b: Medicham|[spread] p1a,p2b
|-activate|p2a: Archaludon|move: Protect
|-resisted|p1a: Sinistcha|1
|-damage|p1a: Sinistcha|62/100
|-damage|p2b: Medicham|0 fnt
|faint|p2b: Medicham
|move|p1a: Sinistcha|Matcha Gotcha|p2a: Archaludon
|-activate|p2a: Archaludon|move: Protect
|
|-weather|Sandstorm|[upkeep]
|-damage|p1a: Sinistcha|56/100|[from] Sandstorm
|upkeep
|
|t:|1783022067
|switch|p2b: Pelipper|Pelipper, L50, F|100/100
|-weather|RainDance|[from] ability: Drizzle|[of] p2b: Pelipper
|turn|4
|
|t:|1783022132
|switch|p1a: Tyranitar|Tyranitar, L50, F|100/100
|-weather|Sandstorm|[from] ability: Sand Stream|[of] p1a: Tyranitar
|move|p1b: Excadrill|Protect|p1b: Excadrill
|-singleturn|p1b: Excadrill|Protect
|move|p2a: Archaludon|Protect||[still]
|-fail|p2a: Archaludon
|move|p2b: Pelipper|Tailwind|p2b: Pelipper
|-sidestart|p2: mmcc786|move: Tailwind
|
|-weather|Sandstorm|[upkeep]
|-damage|p2b: Pelipper|94/100|[from] Sandstorm
|upkeep
|turn|5
|
|t:|1783022165
|move|p2b: Pelipper|Helping Hand|p2a: Archaludon
|-singleturn|p2a: Archaludon|Helping Hand|[of] p2b: Pelipper
|move|p1a: Tyranitar|Protect|p1a: Tyranitar
|-singleturn|p1a: Tyranitar|Protect
|move|p1b: Excadrill|Earthquake|p2a: Archaludon|[spread] p2a
|-activate|p1a: Tyranitar|move: Protect
|-immune|p2b: Pelipper
|-supereffective|p2a: Archaludon|1
|-damage|p2a: Archaludon|0 fnt
|faint|p2a: Archaludon
|
|-weather|Sandstorm|[upkeep]
|-damage|p2b: Pelipper|88/100|[from] Sandstorm
|upkeep
|turn|6
|
|t:|1783022190
|move|p1b: Excadrill|Rock Slide|p2b: Pelipper
|-supereffective|p2b: Pelipper|1
|-damage|p2b: Pelipper|14/100
|cant|p2b: Pelipper|flinch
|move|p1a: Tyranitar|Rock Slide|p2b: Pelipper
|-supereffective|p2b: Pelipper|1
|-crit|p2b: Pelipper
|-damage|p2b: Pelipper|0 fnt
|faint|p2b: Pelipper
|
|win|TeyVgc
|raw|TeyVgc's rating: 1126 → 1146(+20 for winning)
|raw|mmcc786's rating: 1056 → 1041(-15 for losing)
