|j|☆Chavo666
|j|☆RegiSIXSEVEN
|html|Chavo666RegiSIXSEVEN    
|uhtml|bestof|Game 2 of a best-of-3
|t:|1784796305
|gametype|doubles
|player|p1|Chavo666|steven|1136
|player|p2|RegiSIXSEVEN|steven|1195
|gen|9
|tier|[Gen 9 Champions] VGC 2026 Reg M-B (Bo3)
|rated|
|rule|Species Clause: Limit one of each Pokémon
|rule|Item Clause: Limit 1 of each item
|clearpoke
|poke|p1|Tyranitar, L50, F|
|poke|p1|Beedrill, L50, F|
|poke|p1|Incineroar, L50, F|
|poke|p1|Excadrill, L50, M|
|poke|p1|Basculegion, L50, M|
|poke|p1|Rotom-Wash, L50|
|poke|p2|Gengar, L50, F, shiny|
|poke|p2|Swampert, L50, M, shiny|
|poke|p2|Incineroar, L50, F, shiny|
|poke|p2|Politoed, L50, M, shiny|
|poke|p2|Archaludon, L50, M, shiny|
|poke|p2|Vivillon-Elegant, L50, F, shiny|
|teampreview|4
|showteam|p1|Tyranitar||Tyranitarite|SandStream|KnockOff,RockSlide,LowKick,Protect|Adamant||F|||50|]Beedrill||Beedrillite|Swarm|PoisonJab,Uturn,Protect,DualWingbeat|Jolly||F|||50|]Incineroar||ChopleBerry|Intimidate|FakeOut,PartingShot,Crunch,FlareBlitz|Adamant||F|||50|]Excadrill||FocusSash|SandRush|SwordsDance,Earthquake,IronHead,RockSlide|Adamant||M|||50|]Basculegion||ChoiceScarf|Adaptability|FlipTurn,AquaJet,LastRespects,WaveCrash|Jolly||M|||50|]Rotom-Wash||Magnet|Levitate|Thunderbolt,WillOWisp,Electroweb,HydroPump|Timid|||||50|
|showteam|p2|Gengar||Gengarite|CursedBody|ShadowBall,SludgeBomb,PerishSong,Protect|Timid||F|||50|]Swampert||Swampertite|Damp|WaveCrash,Earthquake,IcePunch,Protect|Adamant||M|||50|]Incineroar||PasshoBerry|Intimidate|FakeOut,ThroatChop,PartingShot,Protect|Sassy||F|||50|]Politoed||SitrusBerry|Drizzle|WeatherBall,Encore,PerishSong,Protect|Calm||M|||50|]Archaludon||Leftovers|Stamina|DragonPulse,FlashCannon,ElectroShot,Protect|Bold||M|||50|]Vivillon-Elegant||FocusSash|CompoundEyes|Hurricane,SleepPowder,RagePowder,Protect|Timid||F|||50|
|inactive|Battle timer is ON: inactive players will automatically lose when time's up. (requested by RegiSIXSEVEN)
|
|t:|1784796334
|teamsize|p1|4
|teamsize|p2|4
|start
|switch|p1a: Beedrill|Beedrill, L50, F|100/100
|switch|p1b: Incineroar|Incineroar, L50, F|100/100
|switch|p2a: Gengar|Gengar, L50, F, shiny|100/100
|switch|p2b: Incineroar|Incineroar, L50, F, shiny|100/100
|-ability|p1b: Incineroar|Intimidate|boost
|-unboost|p2a: Gengar|atk|1
|-unboost|p2b: Incineroar|atk|1
|-ability|p2b: Incineroar|Intimidate|boost
|-unboost|p1a: Beedrill|atk|1
|-unboost|p1b: Incineroar|atk|1
|turn|1
|inactive|RegiSIXSEVEN has 30 seconds left.
|inactive|RegiSIXSEVEN has 20 seconds left.
|inactive|RegiSIXSEVEN has 15 seconds left.
|
|t:|1784796376
|switch|p1a: Basculegion|Basculegion, L50, M|100/100
|detailschange|p2a: Gengar|Gengar-Mega, L50, F, shiny
|-mega|p2a: Gengar|Gengar|Gengarite
|move|p2a: Gengar|Protect|p2a: Gengar
|-singleturn|p2a: Gengar|Protect
|move|p1b: Incineroar|Parting Shot|p2b: Incineroar
|-unboost|p2b: Incineroar|atk|1
|-unboost|p2b: Incineroar|spa|1
|
|t:|1784796387
|switch|p1b: Excadrill|Excadrill, L50, M|100/100|[from] Parting Shot
|move|p2b: Incineroar|Parting Shot|p1a: Basculegion
|-unboost|p1a: Basculegion|atk|1
|-unboost|p1a: Basculegion|spa|1
|
|t:|1784796397
|switch|p2b: Archaludon|Archaludon, L50, M, shiny|100/100|[from] Parting Shot
|
|upkeep
|turn|2
|inactive|RegiSIXSEVEN has 30 seconds left.
|
|t:|1784796423
|switch|p2a: Politoed|Politoed, L50, M, shiny|100/100
|-weather|RainDance|[from] ability: Drizzle|[of] p2a: Politoed
|move|p1a: Basculegion|Flip Turn|p2a: Politoed
|-resisted|p2a: Politoed|1
|-damage|p2a: Politoed|83/100
|
|t:|1784796429
|switch|p1a: Incineroar|Incineroar, L50, F|100/100|[from] Flip Turn
|-ability|p1a: Incineroar|Intimidate|boost
|-unboost|p2a: Politoed|atk|1
|-unboost|p2b: Archaludon|atk|1
|move|p1b: Excadrill|Swords Dance|p1b: Excadrill
|-boost|p1b: Excadrill|atk|2
|move|p2b: Archaludon|Electro Shot||[still]
|-prepare|p2b: Archaludon|Electro Shot
|-boost|p2b: Archaludon|spa|1
|-anim|p2b: Archaludon|Electro Shot|p1a: Incineroar
|-damage|p1a: Incineroar|48/100
|
|-weather|RainDance|[upkeep]
|upkeep
|turn|3
|inactive|Chavo666 has 30 seconds left.
|
|t:|1784796456
|switch|p2a: Incineroar|Incineroar, L50, F, shiny|100/100
|-ability|p2a: Incineroar|Intimidate|boost
|-unboost|p1a: Incineroar|atk|1
|-unboost|p1b: Excadrill|atk|1
|move|p1a: Incineroar|Fake Out|p2a: Incineroar
|-damage|p2a: Incineroar|92/100
|move|p1b: Excadrill|Earthquake|p2a: Incineroar|[spread] p1a,p2a,p2b
|-supereffective|p1a: Incineroar|1
|-crit|p1a: Incineroar
|-supereffective|p2a: Incineroar|1
|-supereffective|p2b: Archaludon|1
|-damage|p1a: Incineroar|0 fnt
|-damage|p2a: Incineroar|0 fnt
|-damage|p2b: Archaludon|13/100
|-ability|p2b: Archaludon|Stamina|boost
|-boost|p2b: Archaludon|def|1
|faint|p1a: Incineroar
|faint|p2a: Incineroar
|move|p2b: Archaludon|Electro Shot||[still]
|-prepare|p2b: Archaludon|Electro Shot
|-boost|p2b: Archaludon|spa|1
|-anim|p2b: Archaludon|Electro Shot|p1b: Excadrill
|-immune|p1b: Excadrill
|
|-weather|RainDance|[upkeep]
|-heal|p2b: Archaludon|19/100|[from] item: Leftovers
|upkeep
|
|t:|1784796469
|switch|p1a: Basculegion|Basculegion, L50, M|100/100
|switch|p2a: Politoed|Politoed, L50, M, shiny|83/100
|turn|4
|
|t:|1784796487
|move|p1a: Basculegion|Last Respects|p2a: Politoed
|-damage|p2a: Politoed|24/100
|-enditem|p2a: Politoed|Sitrus Berry|[eat]
|-heal|p2a: Politoed|49/100|[from] item: Sitrus Berry
|move|p1b: Excadrill|Earthquake|p2a: Politoed|[spread] p1a,p2a,p2b
|-supereffective|p2b: Archaludon|1
|-damage|p1a: Basculegion|17/100
|-damage|p2a: Politoed|0 fnt
|-damage|p2b: Archaludon|0 fnt
|faint|p2a: Politoed
|faint|p2b: Archaludon
|
|-weather|RainDance|[upkeep]
|upkeep
|
|t:|1784796491
|switch|p2b: Gengar|Gengar-Mega, L50, F, shiny|100/100
|turn|5
|
|t:|1784796497
|move|p2b: Gengar|Protect|p2b: Gengar
|-singleturn|p2b: Gengar|Protect
|move|p1a: Basculegion|Last Respects|p2b: Gengar
|-activate|p2b: Gengar|move: Protect
|move|p1b: Excadrill|Earthquake|p2b: Gengar|[spread] p1a
|-activate|p2b: Gengar|move: Protect
|-damage|p1a: Basculegion|0 fnt
|faint|p1a: Basculegion
|
|-weather|RainDance|[upkeep]
|upkeep
|
|t:|1784796501
|switch|p1a: Beedrill|Beedrill, L50, F|100/100
|turn|6
|
|t:|1784796508
|detailschange|p1a: Beedrill|Beedrill-Mega, L50, F
|-mega|p1a: Beedrill|Beedrill|Beedrillite
|move|p1a: Beedrill|Protect|p1a: Beedrill
|-singleturn|p1a: Beedrill|Protect
|move|p2b: Gengar|Shadow Ball|p1b: Excadrill
|-damage|p1b: Excadrill|38/100
|move|p1b: Excadrill|Earthquake|p2b: Gengar|[spread] p2b
|-activate|p1a: Beedrill|move: Protect
|-supereffective|p2b: Gengar|1
|-damage|p2b: Gengar|0 fnt
|faint|p2b: Gengar
|
|win|Chavo666
|raw|Chavo666's rating: 1136 → 1165(+29 for winning)
|raw|RegiSIXSEVEN's rating: 1195 → 1166(-29 for losing)
