|j|☆138mysx
|j|☆pipou666999
|html|138mysxpipou666999    
|uhtml|bestof|Game 2 of a best-of-3
|t:|1783413108
|gametype|doubles
|player|p1|138mysx|266|1063
|player|p2|pipou666999|koga|1040
|gen|9
|tier|[Gen 9 Champions] VGC 2026 Reg M-B (Bo3)
|rated|
|rule|Species Clause: Limit one of each Pokémon
|rule|Item Clause: Limit 1 of each item
|clearpoke
|poke|p1|Charizard, L50, M, shiny|
|poke|p1|Aerodactyl, L50, M, shiny|
|poke|p1|Garchomp, L50, F, shiny|
|poke|p1|Sylveon, L50, F, shiny|
|poke|p1|Kingambit, L50, M|
|poke|p1|Incineroar, L50, M, shiny|
|poke|p2|Incineroar, L50, F, shiny|
|poke|p2|Bellibolt, L50, F, shiny|
|poke|p2|Sinistcha, L50, shiny|
|poke|p2|Snorlax, L50, F, shiny|
|poke|p2|Farigiraf, L50, F|
|poke|p2|Blastoise, L50, F|
|teampreview|4
|showteam|p1|Charizard||CharizarditeY|Blaze|SolarBeam,WeatherBall,HeatWave,Protect|Modest||M|||50|]Aerodactyl||Aerodactylite|Unnerve|RockSlide,Tailwind,WideGuard,Protect|Jolly||M|||50|]Garchomp||RoseliBerry|RoughSkin|DragonClaw,Earthquake,RockTomb,Protect|Jolly||F|||50|]Sylveon||FairyFeather|Pixilate|HyperBeam,HyperVoice,QuickAttack,Detect|Modest||F|||50|]Kingambit||BlackGlasses|Defiant|KowtowCleave,SuckerPunch,IronHead,Protect|Adamant||M|||50|]Incineroar||SitrusBerry|Intimidate|FakeOut,FlareBlitz,ThroatChop,PartingShot|Impish||M|||50|
|showteam|p2|Incineroar||ShucaBerry|Intimidate|FlareBlitz,FakeOut,PartingShot,DrainPunch|Impish||F|||50|]Bellibolt||Leftovers|Electromorphosis|Electroweb,WeatherBall,SlackOff,EerieImpulse|Bold||F|||50|]Sinistcha||KasibBerry|Hospitality|MatchaGotcha,Protect,LifeDew,RagePowder|Bold|||||50|]Snorlax||ChopleBerry|ThickFat|IcyWind,Stockpile,Protect,BodyPress|Bold||F|||50|]Farigiraf||SitrusBerry|ArmorTail|TwinBeam,TrickRoom,Protect,Thunderbolt|Calm||F|||50|]Blastoise||Blastoisinite|Torrent|WaterSpout,DarkPulse,ShellSmash,Protect|Modest||F|||50|
|inactive|Battle timer is ON: inactive players will automatically lose when time's up. (requested by 138mysx)
|
|t:|1783413152
|teamsize|p1|4
|teamsize|p2|4
|start
|switch|p1a: Incineroar|Incineroar, L50, M, shiny|100/100
|switch|p1b: Sylveon|Sylveon, L50, F, shiny|100/100
|switch|p2a: Incineroar|Incineroar, L50, F, shiny|100/100
|switch|p2b: Snorlax|Snorlax, L50, F, shiny|100/100
|-ability|p1a: Incineroar|Intimidate|boost
|-unboost|p2a: Incineroar|atk|1
|-unboost|p2b: Snorlax|atk|1
|-ability|p2a: Incineroar|Intimidate|boost
|-unboost|p1a: Incineroar|atk|1
|-unboost|p1b: Sylveon|atk|1
|turn|1
|
|t:|1783413168
|move|p1a: Incineroar|Fake Out|p2a: Incineroar
|-damage|p2a: Incineroar|94/100
|cant|p2a: Incineroar|flinch
|move|p1b: Sylveon|Hyper Voice|p2b: Snorlax|[spread] p2a,p2b
|-damage|p2a: Incineroar|52/100
|-damage|p2b: Snorlax|71/100
|move|p2b: Snorlax|Stockpile|p2b: Snorlax
|-start|p2b: Snorlax|stockpile1
|-boost|p2b: Snorlax|def|1
|-boost|p2b: Snorlax|spd|1
|
|upkeep
|turn|2
|inactive|pipou666999 has 30 seconds left.
|
|t:|1783413199
|switch|p2a: Sinistcha|Sinistcha, L50, shiny|100/100
|-heal|p2b: Snorlax|96/100|[from] ability: Hospitality|[of] p2a: Sinistcha
|move|p1b: Sylveon|Hyper Voice|p2a: Sinistcha|[spread] p2a,p2b
|-damage|p2a: Sinistcha|50/100g
|-damage|p2b: Snorlax|76/100
|move|p1a: Incineroar|Throat Chop|p2a: Sinistcha
|-supereffective|p2a: Sinistcha|1
|-damage|p2a: Sinistcha|13/100
|-start|p2a: Sinistcha|Throat Chop|[silent]
|move|p2b: Snorlax|Stockpile|p2b: Snorlax
|-start|p2b: Snorlax|stockpile2
|-boost|p2b: Snorlax|def|1
|-boost|p2b: Snorlax|spd|1
|
|upkeep
|turn|3
|
|t:|1783413224
|move|p2a: Sinistcha|Protect|p2a: Sinistcha
|-singleturn|p2a: Sinistcha|Protect
|move|p1b: Sylveon|Hyper Voice|p2a: Sinistcha|[spread] p2b
|-activate|p2a: Sinistcha|move: Protect
|-damage|p2b: Snorlax|60/100
|move|p1a: Incineroar|Parting Shot|p2b: Snorlax
|-unboost|p2b: Snorlax|atk|1
|-unboost|p2b: Snorlax|spa|1
|
|t:|1783413233
|switch|p1a: Kingambit|Kingambit, L50, M|100/100|[from] Parting Shot
|move|p2b: Snorlax|Stockpile|p2b: Snorlax
|-start|p2b: Snorlax|stockpile3
|-boost|p2b: Snorlax|def|1
|-boost|p2b: Snorlax|spd|1
|
|-end|p2a: Sinistcha|Throat Chop|[silent]
|upkeep
|turn|4
|
|t:|1783413248
|move|p1b: Sylveon|Hyper Voice|p2b: Snorlax|[spread] p2a,p2b
|-damage|p2a: Sinistcha|0 fnt
|-damage|p2b: Snorlax|48/100
|faint|p2a: Sinistcha
|move|p1a: Kingambit|Kowtow Cleave|p2b: Snorlax
|-damage|p2b: Snorlax|32/100
|move|p2b: Snorlax|Body Press|p1a: Kingambit
|-supereffective|p1a: Kingambit|2
|-damage|p1a: Kingambit|0 fnt
|faint|p1a: Kingambit
|
|upkeep
|
|t:|1783413257
|switch|p2a: Incineroar|Incineroar, L50, F, shiny|52/100
|switch|p1a: Incineroar|Incineroar, L50, M, shiny|100/100
|-ability|p1a: Incineroar|Intimidate|boost
|-unboost|p2a: Incineroar|atk|1
|-unboost|p2b: Snorlax|atk|1
|-ability|p2a: Incineroar|Intimidate|boost
|-unboost|p1a: Incineroar|atk|1
|-unboost|p1b: Sylveon|atk|1
|turn|5
|
|t:|1783413280
|move|p1a: Incineroar|Fake Out|p2a: Incineroar
|-damage|p2a: Incineroar|46/100
|cant|p2a: Incineroar|flinch
|move|p1b: Sylveon|Hyper Voice|p2a: Incineroar|[spread] p2a,p2b
|-damage|p2a: Incineroar|5/100
|-damage|p2b: Snorlax|20/100r
|move|p2b: Snorlax|Body Press|p1b: Sylveon
|-resisted|p1b: Sylveon|1
|-damage|p1b: Sylveon|63/100
|
|upkeep
|turn|6
|
|t:|1783413299
|move|p1b: Sylveon|Hyper Voice|p2b: Snorlax|[spread] p2a,p2b
|-damage|p2a: Incineroar|0 fnt
|-damage|p2b: Snorlax|7/100
|faint|p2a: Incineroar
|move|p1a: Incineroar|Throat Chop|p2b: Snorlax
|-damage|p2b: Snorlax|1/100
|-start|p2b: Snorlax|Throat Chop|[silent]
|move|p2b: Snorlax|Body Press|p1b: Sylveon
|-resisted|p1b: Sylveon|1
|-damage|p1b: Sylveon|29/100
|
|upkeep
|
|t:|1783413308
|switch|p2a: Blastoise|Blastoise, L50, F|100/100
|turn|7
|inactive|138mysx has 30 seconds left.
|inactive|138mysx has 20 seconds left.
|inactive|138mysx has 15 seconds left.
|
|t:|1783413348
|detailschange|p2a: Blastoise|Blastoise-Mega, L50, F
|-mega|p2a: Blastoise|Blastoise|Blastoisinite
|move|p1b: Sylveon|Detect|p1b: Sylveon
|-singleturn|p1b: Sylveon|Protect
|move|p2a: Blastoise|Water Spout|p1b: Sylveon|[spread] p1a
|-activate|p1b: Sylveon|move: Protect
|-supereffective|p1a: Incineroar|1
|-damage|p1a: Incineroar|0 fnt
|faint|p1a: Incineroar
|move|p2b: Snorlax|Icy Wind|p1b: Sylveon
|-activate|p1b: Sylveon|move: Protect
|
|-end|p2b: Snorlax|Throat Chop|[silent]
|upkeep
|
|t:|1783413358
|switch|p1a: Charizard|Charizard, L50, M, shiny|100/100
|turn|8
|
|t:|1783413382
|detailschange|p1a: Charizard|Charizard-Mega-Y, L50, M, shiny
|-mega|p1a: Charizard|Charizard|Charizardite Y
|-weather|SunnyDay|[from] ability: Drought|[of] p1a: Charizard
|move|p1a: Charizard|Solar Beam||[still]
|-prepare|p1a: Charizard|Solar Beam
|-anim|p1a: Charizard|Solar Beam|p2a: Blastoise
|-supereffective|p2a: Blastoise|1
|-damage|p2a: Blastoise|3/100
|move|p2a: Blastoise|Water Spout|p1b: Sylveon|[spread] p1a,p1b
|-supereffective|p1a: Charizard|1
|-crit|p1a: Charizard
|-damage|p1a: Charizard|99/100
|-damage|p1b: Sylveon|28/100
|move|p1b: Sylveon|Hyper Voice|p2b: Snorlax|[spread] p2a,p2b
|-damage|p2a: Blastoise|0 fnt
|-damage|p2b: Snorlax|0 fnt
|faint|p2a: Blastoise
|faint|p2b: Snorlax
|
|win|138mysx
|inactive|138mysx has 30 seconds to confirm battle start!
|inactive|pipou666999 has 30 seconds to confirm battle start!
||pipou666999 is ready for game 3.
||138mysx is ready for game 3.
|uhtml|next|Next: Game 3 of 3
|l|☆pipou666999
|player|p2|
