|j|☆yochimaster
|j|☆Jfrass
|html|yochimasterJfrass    
|uhtml|bestof|Game 1 of a best-of-3
|t:|1782319910
|gametype|doubles
|player|p1|yochimaster|skierf|1177
|player|p2|Jfrass|265|1098
|gen|9
|tier|[Gen 9 Champions] VGC 2026 Reg M-B (Bo3)
|rated|
|rule|Species Clause: Limit one of each Pokémon
|rule|Item Clause: Limit 1 of each item
|clearpoke
|poke|p1|Sinistcha, L50|
|poke|p1|Torkoal, L50, F|
|poke|p1|Drampa, L50, M|
|poke|p1|Farigiraf, L50, F, shiny|
|poke|p1|Mawile, L50, M|
|poke|p1|Gallade, L50, M|
|poke|p2|Charizard, L50, F|
|poke|p2|Sylveon, L50, M|
|poke|p2|Garchomp, L50, M|
|poke|p2|Aerodactyl, L50, M|
|poke|p2|Kingambit, L50, M|
|poke|p2|Basculegion, L50, M|
|teampreview|4
|showteam|p1|Sinistcha||SitrusBerry|Hospitality|TrickRoom,MatchaGotcha,RagePowder,LifeDew|Bold|||||50|]Torkoal||Charcoal|Drought|Protect,Eruption,WeatherBall,SolarBeam|Quiet||F|||50|]Drampa||Drampanite|Berserk|Protect,DragonPulse,HyperVoice,EarthPower|Quiet||M|||50|]Farigiraf||MentalHerb|ArmorTail|TrickRoom,HelpingHand,TwinBeam,HyperVoice|Bold||F|||50|]Mawile||Mawilite|Intimidate|Protect,PlayRough,IronHead,KnockOff|Brave||M|||50|]Gallade||WhiteHerb|Sharpness|TrickRoom,WideGuard,SacredSword,PsychoCut|Brave||M|||50|
|showteam|p2|Charizard||CharizarditeY|Blaze|HeatWave,WeatherBall,SolarBeam,Protect|Modest||F|||50|]Sylveon||FairyFeather|Pixilate|HyperVoice,Yawn,QuickAttack,Detect|Modest||M|||50|]Garchomp||ChoiceScarf|RoughSkin|Earthquake,DragonClaw,RockSlide,StompingTantrum|Adamant||M|||50|]Aerodactyl||Aerodactylite|Unnerve|RockSlide,DualWingbeat,Tailwind,WideGuard|Jolly||M|||50|]Kingambit||ChopleBerry|Defiant|KowtowCleave,SuckerPunch,LowKick,IronHead|Adamant||M|||50|]Basculegion||FocusSash|Adaptability|Liquidation,LastRespects,AquaJet,Protect|Adamant||M|||50|
|
|t:|1782319957
|teamsize|p1|4
|teamsize|p2|4
|start
|switch|p1a: Farigiraf|Farigiraf, L50, F, shiny|100/100
|switch|p1b: Gallade|Gallade, L50, M|100/100
|switch|p2a: Kingambit|Kingambit, L50, M|100/100
|switch|p2b: Charizard|Charizard, L50, F|100/100
|turn|1
|
|t:|1782319980
|detailschange|p2b: Charizard|Charizard-Mega-Y, L50, F
|-mega|p2b: Charizard|Charizard|Charizardite Y
|-weather|SunnyDay|[from] ability: Drought|[of] p2b: Charizard
|move|p1b: Gallade|Wide Guard|p1b: Gallade
|-singleturn|p1b: Gallade|Wide Guard
|move|p2b: Charizard|Heat Wave|p1a: Farigiraf|[spread] 
|-activate|p1a: Farigiraf|move: Wide Guard
|-activate|p1b: Gallade|move: Wide Guard
|move|p2a: Kingambit|Kowtow Cleave|p1a: Farigiraf
|-supereffective|p1a: Farigiraf|1
|-damage|p1a: Farigiraf|27/100
|move|p1a: Farigiraf|Trick Room|p1a: Farigiraf
|-fieldstart|move: Trick Room|[of] p1a: Farigiraf
|
|-weather|SunnyDay|[upkeep]
|upkeep
|turn|2
|
|t:|1782320012
|move|p1a: Farigiraf|Helping Hand|p1b: Gallade
|-singleturn|p1b: Gallade|Helping Hand|[of] p1a: Farigiraf
|move|p2a: Kingambit|Kowtow Cleave|p1b: Gallade
|-damage|p1b: Gallade|36/100
|move|p1b: Gallade|Psycho Cut|p2b: Charizard
|-damage|p2b: Charizard|5/100
|move|p2b: Charizard|Heat Wave|p1b: Gallade|[spread] p1a,p1b
|-damage|p1a: Farigiraf|0 fnt
|-damage|p1b: Gallade|0 fnt
|faint|p1a: Farigiraf
|faint|p1b: Gallade
|
|-weather|SunnyDay|[upkeep]
|upkeep
|
|t:|1782320022
|switch|p1a: Mawile|Mawile, L50, M|100/100
|switch|p1b: Torkoal|Torkoal, L50, F|100/100
|-ability|p1a: Mawile|Intimidate|boost
|-unboost|p2a: Kingambit|atk|1
|-ability|p2a: Kingambit|Defiant|boost
|-boost|p2a: Kingambit|atk|2
|-unboost|p2b: Charizard|atk|1
|turn|3
|
|t:|1782320045
|detailschange|p1a: Mawile|Mawile-Mega, L50, M
|-mega|p1a: Mawile|Mawile|Mawilite
|move|p2b: Charizard|Protect|p2b: Charizard
|-singleturn|p2b: Charizard|Protect
|move|p2a: Kingambit|Sucker Punch|p1b: Torkoal
|-crit|p1b: Torkoal
|-damage|p1b: Torkoal|38/100
|move|p1b: Torkoal|Eruption|p2a: Kingambit|[spread] p2a
|-activate|p2b: Charizard|move: Protect
|-supereffective|p2a: Kingambit|1
|-damage|p2a: Kingambit|36/100
|move|p1a: Mawile|Play Rough|p2b: Charizard
|-activate|p2b: Charizard|move: Protect
|
|-weather|SunnyDay|[upkeep]
|upkeep
|turn|4
|
|t:|1782320070
|move|p2a: Kingambit|Sucker Punch|p1b: Torkoal
|-damage|p1b: Torkoal|0 fnt
|faint|p1b: Torkoal
|move|p1a: Mawile|Knock Off|p2b: Charizard
|-damage|p2b: Charizard|0 fnt
|faint|p2b: Charizard
|
|-weather|SunnyDay|[upkeep]
|upkeep
|
|t:|1782320081
|switch|p2b: Garchomp|Garchomp, L50, M|100/100
|turn|5
|
|t:|1782320099
|move|p2a: Kingambit|Sucker Punch|p1a: Mawile
|-resisted|p1a: Mawile|1
|-damage|p1a: Mawile|73/100
|move|p1a: Mawile|Play Rough|p2b: Garchomp
|-supereffective|p2b: Garchomp|1
|-crit|p2b: Garchomp
|-damage|p2b: Garchomp|0 fnt
|-damage|p1a: Mawile|61/100|[from] ability: Rough Skin|[of] p2b: Garchomp
|faint|p2b: Garchomp
|
|-weather|none
|-fieldend|move: Trick Room
|upkeep
|
|t:|1782320111
|switch|p2b: Sylveon|Sylveon, L50, M|100/100
|turn|6
|
|t:|1782320126
|move|p2b: Sylveon|Hyper Voice|p1a: Mawile
|-resisted|p1a: Mawile|1
|-damage|p1a: Mawile|29/100
|move|p2a: Kingambit|Low Kick|p1a: Mawile
|-damage|p1a: Mawile|10/100
|move|p1a: Mawile|Iron Head|p2b: Sylveon
|-supereffective|p2b: Sylveon|1
|-damage|p2b: Sylveon|0 fnt
|faint|p2b: Sylveon
|
|upkeep
|turn|7
|
|t:|1782320141
|move|p2a: Kingambit|Sucker Punch|p1a: Mawile
|-resisted|p1a: Mawile|1
|-damage|p1a: Mawile|0 fnt
|faint|p1a: Mawile
|
|win|Jfrass
