|j|☆i still have it
|j|☆Nnico Iosi
|html|i still have itNnico Iosi    
|uhtml|bestof|Game 2 of a best-of-3
|t:|1755961919
|gametype|doubles
|player|p1|i still have it|266|1271
|player|p2|Nnico Iosi|artist|1307
|gen|9
|tier|[Gen 9] VGC 2025 Reg H (Bo3)
|rated|
|rule|Species Clause: Limit one of each Pokémon
|rule|Item Clause: Limit 1 of each item
|clearpoke
|poke|p1|Sneasler, L50, M|
|poke|p1|Basculegion, L50, M|
|poke|p1|Kingambit, L50, M|
|poke|p1|Dragonite, L50, F|
|poke|p1|Rillaboom, L50, M|
|poke|p1|Incineroar, L50, F|
|poke|p2|Garchomp, L50, F|
|poke|p2|Weezing-Galar, L50, M|
|poke|p2|Archaludon, L50, F|
|poke|p2|Gholdengo, L50|
|poke|p2|Talonflame, L50, F|
|poke|p2|Annihilape, L50, M|
|teampreview|4
|showteam|p1|Sneasler||FocusSash|PoisonTouch|DireClaw,CloseCombat,Coaching,Protect|||M|||50|,,,,,Stellar]Basculegion||ChoiceScarf|Adaptability|WaveCrash,LastRespects,FlipTurn,TeraBlast|||M|||50|,,,,,Fighting]Kingambit||DreadPlate|Defiant|KowtowCleave,SuckerPunch,SwordsDance,Protect|||M|||50|,,,,,Dark]Dragonite||LoadedDice|Multiscale|ScaleShot,Tailwind,Haze,Protect|||F|||50|,,,,,Steel]Rillaboom||AssaultVest|GrassySurge|WoodHammer,HighHorsepower,FakeOut,GrassyGlide|||M|||50|,,,,,Fire]Incineroar||SafetyGoggles|Intimidate|FlareBlitz,KnockOff,FakeOut,PartingShot|||F|||50|,,,,,Ghost
|showteam|p2|Garchomp||LifeOrb|RoughSkin|DragonClaw,Earthquake,StompingTantrum,Protect|||F|||50|,,,,,Ground]Weezing-Galar||FocusSash|NeutralizingGas|Protect,SludgeBomb,Taunt,StrangeSteam|||M|||50|,,,,,Flying]Archaludon||PowerHerb|Sturdy|ElectroShot,Thunderbolt,DracoMeteor,Protect|||F|||50|,,,,,Electric]Gholdengo||ChoiceSpecs|GoodasGold|ShadowBall,DazzlingGleam,PowerGem,MakeItRain||||||50|,,,,,Fairy]Talonflame||CovertCloak|GaleWings|Tailwind,DualWingbeat,WillOWisp,FlareBlitz|||F|||50|,,,,,Stellar]Annihilape||AssaultVest|Defiant|CloseCombat,RageFist,FinalGambit,IcePunch|||M|||50|,,,,,Grass
|c|☆Nnico Iosi|glhf
|inactive|Battle timer is ON: inactive players will automatically lose when time's up. (requested by Nnico Iosi)
|inactive|i still have it has 60 seconds left.
|inactive|Nnico Iosi has 60 seconds left.
|
|t:|1755961972
|teamsize|p1|4
|teamsize|p2|4
|start
|switch|p1a: Basculegion|Basculegion, L50, M|100/100
|switch|p1b: Sneasler|Sneasler, L50, M|100/100
|switch|p2a: Talonflame|Talonflame, L50, F|100/100
|switch|p2b: Garchomp|Garchomp, L50, F|100/100
|turn|1
|inactive|Nnico Iosi has 30 seconds left.
|
|t:|1755962004
|switch|p1b: Rillaboom|Rillaboom, L50, M|100/100
|-fieldstart|move: Grassy Terrain|[from] ability: Grassy Surge|[of] p1b: Rillaboom
|move|p2a: Talonflame|Dual Wingbeat|p1b: Rillaboom
|-supereffective|p1b: Rillaboom
|-damage|p1b: Rillaboom|72/100
|-supereffective|p1b: Rillaboom
|-damage|p1b: Rillaboom|43/100
|-hitcount|p1b: Rillaboom|2
|move|p1a: Basculegion|Flip Turn|p2a: Talonflame
|-supereffective|p2a: Talonflame
|-damage|p2a: Talonflame|0 fnt
|faint|p2a: Talonflame
|
|t:|1755962020
|switch|p1a: Kingambit|Kingambit, L50, M|100/100|[from] Flip Turn
|move|p2b: Garchomp|Earthquake|p1b: Rillaboom|[spread] p1a,p1b
|-supereffective|p1a: Kingambit
|-resisted|p1b: Rillaboom
|-damage|p1a: Kingambit|65/100
|-damage|p1b: Rillaboom|30/100
|-damage|p2b: Garchomp|91/100|[from] item: Life Orb
|
|-heal|p2b: Garchomp|97/100|[from] Grassy Terrain
|-heal|p1b: Rillaboom|36/100|[from] Grassy Terrain
|-heal|p1a: Kingambit|71/100|[from] Grassy Terrain
|upkeep
|
|t:|1755962030
|switch|p2a: Annihilape|Annihilape, L50, M|100/100
|turn|2
|inactive|i still have it has 30 seconds left.
|
|t:|1755962055
|-terastallize|p1a: Kingambit|Dark
|move|p1b: Rillaboom|Fake Out|p2b: Garchomp
|-damage|p2b: Garchomp|81/100
|-damage|p1b: Rillaboom|24/100|[from] ability: Rough Skin|[of] p2b: Garchomp
|cant|p2b: Garchomp|flinch
|move|p2a: Annihilape|Close Combat|p1a: Kingambit
|-supereffective|p1a: Kingambit
|-damage|p1a: Kingambit|0 fnt
|-unboost|p2a: Annihilape|def|1
|-unboost|p2a: Annihilape|spd|1
|faint|p1a: Kingambit
|
|-heal|p2b: Garchomp|87/100|[from] Grassy Terrain
|-heal|p1b: Rillaboom|30/100|[from] Grassy Terrain
|upkeep
|
|t:|1755962068
|switch|p1a: Basculegion|Basculegion, L50, M|100/100
|turn|3
|inactive|Nnico Iosi has 30 seconds left.
|inactive|Nnico Iosi has 20 seconds left.
|inactive|Nnico Iosi has 15 seconds left.
|inactive|Nnico Iosi has 10 seconds left.
|
|t:|1755962115
|switch|p2a: Archaludon|Archaludon, L50, F|100/100
|move|p1a: Basculegion|Last Respects|p2a: Archaludon
|-damage|p2a: Archaludon|49/100
|move|p2b: Garchomp|Dragon Claw|p1b: Rillaboom
|-damage|p1b: Rillaboom|0 fnt
|faint|p1b: Rillaboom
|-damage|p2b: Garchomp|78/100|[from] item: Life Orb
|
|-heal|p2b: Garchomp|84/100|[from] Grassy Terrain
|-heal|p2a: Archaludon|55/100|[from] Grassy Terrain
|upkeep
|
|t:|1755962118
|switch|p1b: Sneasler|Sneasler, L50, M|100/100
|turn|4
|
|t:|1755962142
|move|p2a: Archaludon|Protect|p2a: Archaludon
|-singleturn|p2a: Archaludon|Protect
|move|p1a: Basculegion|Last Respects|p2a: Archaludon
|-activate|p2a: Archaludon|move: Protect
|move|p1b: Sneasler|Coaching|p1a: Basculegion
|-boost|p1a: Basculegion|atk|1
|-boost|p1a: Basculegion|def|1
|move|p2b: Garchomp|Earthquake|p1a: Basculegion|[spread] p1a,p1b
|-activate|p2a: Archaludon|move: Protect
|-supereffective|p1b: Sneasler
|-damage|p1a: Basculegion|80/100
|-damage|p1b: Sneasler|11/100
|-damage|p2b: Garchomp|74/100|[from] item: Life Orb
|
|-heal|p1a: Basculegion|86/100|[from] Grassy Terrain
|-heal|p1b: Sneasler|17/100|[from] Grassy Terrain
|-heal|p2b: Garchomp|80/100|[from] Grassy Terrain
|-heal|p2a: Archaludon|61/100|[from] Grassy Terrain
|upkeep
|turn|5
|
|t:|1755962162
|move|p1a: Basculegion|Last Respects|p2a: Archaludon
|-damage|p2a: Archaludon|0 fnt
|faint|p2a: Archaludon
|move|p1b: Sneasler|Coaching|p1a: Basculegion
|-boost|p1a: Basculegion|atk|1
|-boost|p1a: Basculegion|def|1
|move|p2b: Garchomp|Dragon Claw|p1a: Basculegion
|-damage|p1a: Basculegion|54/100
|-damage|p2b: Garchomp|70/100|[from] item: Life Orb
|
|-heal|p1a: Basculegion|60/100|[from] Grassy Terrain
|-heal|p1b: Sneasler|22/100|[from] Grassy Terrain
|-heal|p2b: Garchomp|76/100|[from] Grassy Terrain
|-fieldend|move: Grassy Terrain
|upkeep
|
|t:|1755962171
|switch|p2a: Annihilape|Annihilape, L50, M|100/100
|turn|6
|
|t:|1755962195
|-terastallize|p2a: Annihilape|Grass
|move|p1a: Basculegion|Last Respects|p2a: Annihilape
|-damage|p2a: Annihilape|0 fnt
|faint|p2a: Annihilape
|move|p1b: Sneasler|Coaching|p1a: Basculegion
|-boost|p1a: Basculegion|atk|1
|-boost|p1a: Basculegion|def|1
|move|p2b: Garchomp|Earthquake|p1b: Sneasler|[spread] p1a,p1b
|-supereffective|p1b: Sneasler
|-damage|p1a: Basculegion|32/100
|-damage|p1b: Sneasler|0 fnt
|faint|p1b: Sneasler
|-damage|p2b: Garchomp|66/100|[from] item: Life Orb
|
|upkeep
|turn|7
|
|t:|1755962207
|move|p1a: Basculegion|Last Respects|p2b: Garchomp
|-damage|p2b: Garchomp|0 fnt
|faint|p2b: Garchomp
|
|win|i still have it
|raw|i still have it's rating: 1271 → 1299(+28 for winning)
|raw|Nnico Iosi's rating: 1307 → 1285(-22 for losing)
|c|☆Nnico Iosi|gg
