|j|☆panqueca25
|j|☆RoadToWorlds44
|html|panqueca25RoadToWorlds44    
|uhtml|bestof|Game 1 of a best-of-3
|t:|1757680198
|gametype|doubles
|player|p1|panqueca25|101|1280
|player|p2|RoadToWorlds44|1|1264
|gen|9
|tier|[Gen 9] VGC 2025 Reg H (Bo3)
|rated|
|rule|Species Clause: Limit one of each Pokémon
|rule|Item Clause: Limit 1 of each item
|clearpoke
|poke|p1|Murkrow, L50, F|
|poke|p1|Gholdengo, L50|
|poke|p1|Dondozo, L50, M|
|poke|p1|Tatsugiri, L50, F|
|poke|p1|Clefable, L50, M|
|poke|p1|Incineroar, L50, F|
|poke|p2|Kingambit, L50, F|
|poke|p2|Rillaboom, L50, M|
|poke|p2|Electabuzz, L50, F|
|poke|p2|Volcarona, L50, F|
|poke|p2|Sneasler, L50, M|
|poke|p2|Dragapult, L50, F|
|teampreview|4
|showteam|p1|Murkrow||Eviolite|Prankster|Tailwind,FoulPlay,Taunt,Haze|||F|||50|,,,,,Ghost]Gholdengo||ChoiceSpecs|GoodasGold|MakeItRain,PowerGem,ShadowBall,Thunderbolt||||||50|,,,,,Steel]Dondozo||Leftovers|Unaware|WaveCrash,Earthquake,OrderUp,Protect|||M|||50|,,,,,Grass]Tatsugiri||FocusSash|Commander|DracoMeteor,IcyWind,MuddyWater,Protect|||F|||50|,,,,,Stellar]Clefable||RockyHelmet|Unaware|Moonblast,FollowMe,Encore,Protect|||M|||50|,,,,,Ghost]Incineroar||SafetyGoggles|Intimidate|FlareBlitz,KnockOff,PartingShot,FakeOut|||F|||50|,,,,,Ghost
|showteam|p2|Kingambit||BlackGlasses|Defiant|KowtowCleave,SuckerPunch,SwordsDance,Protect|||F|||50|,,,,,Dark]Rillaboom||AssaultVest|GrassySurge|WoodHammer,GrassyGlide,HighHorsepower,FakeOut|||M|||50|,,,,,Fire]Electabuzz||Eviolite|VitalSpirit|FollowMe,Thunderbolt,Taunt,Protect|||F|||50|,,,,,Ghost]Volcarona||Leftovers|FlameBody|QuiverDance,HeatWave,TeraBlast,Protect|||F|||50|,,,,,Fairy]Sneasler||FocusSash|Unburden|CloseCombat,DireClaw,FakeOut,Protect|||M|||50|,,,,,Stellar]Dragapult||ChoiceBand|ClearBody|Outrage,DragonDarts,PhantomForce,Uturn|||F|||50|,,,,,Dragon
|inactive|Battle timer is ON: inactive players will automatically lose when time's up. (requested by panqueca25)
|inactive|RoadToWorlds44 has 60 seconds left.
|
|t:|1757680250
|teamsize|p1|4
|teamsize|p2|4
|start
|switch|p1a: Clefable|Clefable, L50, M|100/100
|switch|p1b: Gholdengo|Gholdengo, L50|100/100
|switch|p2a: Kingambit|Kingambit, L50, F|100/100
|switch|p2b: Rillaboom|Rillaboom, L50, M|100/100
|-fieldstart|move: Grassy Terrain|[from] ability: Grassy Surge|[of] p2b: Rillaboom
|turn|1
|inactive|RoadToWorlds44 has 30 seconds left.
|
|t:|1757680278
|-terastallize|p1a: Clefable|Ghost
|move|p2b: Rillaboom|Fake Out|p1a: Clefable
|-immune|p1a: Clefable
|move|p1a: Clefable|Follow Me|p1a: Clefable
|-singleturn|p1a: Clefable|move: Follow Me
|move|p1b: Gholdengo|Make It Rain|p2b: Rillaboom|[spread] p2a,p2b
|-resisted|p2a: Kingambit
|-damage|p2a: Kingambit|59/100
|-damage|p2b: Rillaboom|43/100
|-unboost|p1b: Gholdengo|spa|1
|move|p2a: Kingambit|Kowtow Cleave|p1a: Clefable
|-supereffective|p1a: Clefable
|-damage|p1a: Clefable|0 fnt
|-damage|p2a: Kingambit|43/100|[from] item: Rocky Helmet|[of] p1a: Clefable
|faint|p1a: Clefable
|
|-heal|p2b: Rillaboom|49/100|[from] Grassy Terrain
|-heal|p2a: Kingambit|49/100|[from] Grassy Terrain
|upkeep
|
|t:|1757680284
|switch|p1a: Dondozo|Dondozo, L50, M|100/100
|turn|2
|inactive|RoadToWorlds44 has 30 seconds left.
|
|t:|1757680312
|switch|p1b: Tatsugiri|Tatsugiri, L50, F|100/100
|-activate|p1b: Tatsugiri|ability: Commander|[of] p1a: Dondozo
|-boost|p1a: Dondozo|atk|2
|-boost|p1a: Dondozo|spa|2
|-boost|p1a: Dondozo|spe|2
|-boost|p1a: Dondozo|def|2
|-boost|p1a: Dondozo|spd|2
|move|p2a: Kingambit|Protect|p2a: Kingambit
|-singleturn|p2a: Kingambit|Protect
|move|p2b: Rillaboom|Grassy Glide|p1a: Dondozo
|-supereffective|p1a: Dondozo
|-damage|p1a: Dondozo|71/100
|move|p1a: Dondozo|Order Up|p2b: Rillaboom
|-damage|p2b: Rillaboom|5/100
|-boost|p1a: Dondozo|atk|1
|
|-heal|p1a: Dondozo|77/100|[from] Grassy Terrain
|-heal|p1a: Dondozo|84/100|[from] item: Leftovers
|-heal|p2b: Rillaboom|11/100|[from] Grassy Terrain
|-heal|p2a: Kingambit|55/100|[from] Grassy Terrain
|upkeep
|turn|3
|inactive|RoadToWorlds44 has 30 seconds left.
|inactive|RoadToWorlds44 has 20 seconds left.
|inactive|RoadToWorlds44 has 15 seconds left.
|
|t:|1757680353
|move|p1a: Dondozo|Protect|p1a: Dondozo
|-singleturn|p1a: Dondozo|Protect
|move|p2b: Rillaboom|Grassy Glide|p1a: Dondozo
|-activate|p1a: Dondozo|move: Protect
|move|p2a: Kingambit|Kowtow Cleave|p1a: Dondozo
|-activate|p1a: Dondozo|move: Protect
|
|-heal|p1a: Dondozo|90/100|[from] Grassy Terrain
|-heal|p1a: Dondozo|96/100|[from] item: Leftovers
|-heal|p2b: Rillaboom|17/100|[from] Grassy Terrain
|-heal|p2a: Kingambit|61/100|[from] Grassy Terrain
|upkeep
|turn|4
|inactive|RoadToWorlds44 has 30 seconds left.
|
|t:|1757680388
|move|p2b: Rillaboom|Grassy Glide|p1a: Dondozo
|-supereffective|p1a: Dondozo
|-damage|p1a: Dondozo|69/100
|move|p2a: Kingambit|Sucker Punch|p1a: Dondozo
|-damage|p1a: Dondozo|52/100
|move|p1a: Dondozo|Order Up|p2b: Rillaboom
|-damage|p2b: Rillaboom|0 fnt
|faint|p2b: Rillaboom
|-boost|p1a: Dondozo|atk|1
|
|-heal|p1a: Dondozo|58/100|[from] Grassy Terrain
|-heal|p1a: Dondozo|64/100|[from] item: Leftovers
|-heal|p2a: Kingambit|67/100|[from] Grassy Terrain
|upkeep
|
|t:|1757680401
|switch|p2b: Sneasler|Sneasler, L50, M|100/100
|turn|5
|
|t:|1757680412
|move|p1a: Dondozo|Protect|p1a: Dondozo
|-singleturn|p1a: Dondozo|Protect
|move|p2b: Sneasler|Fake Out|p1a: Dondozo
|-activate|p1a: Dondozo|move: Protect
|move|p2a: Kingambit|Swords Dance|p2a: Kingambit
|-boost|p2a: Kingambit|atk|2
|
|-heal|p1a: Dondozo|70/100|[from] Grassy Terrain
|-heal|p1a: Dondozo|76/100|[from] item: Leftovers
|-heal|p2a: Kingambit|73/100|[from] Grassy Terrain
|-fieldend|move: Grassy Terrain
|upkeep
|turn|6
|
|t:|1757680429
|move|p2a: Kingambit|Protect|p2a: Kingambit
|-singleturn|p2a: Kingambit|Protect
|move|p1a: Dondozo|Earthquake|p2a: Kingambit|[spread] p2b
|-miss|p1a: Dondozo|p1b: Tatsugiri
|-activate|p2a: Kingambit|move: Protect
|-supereffective|p2b: Sneasler
|-enditem|p2b: Sneasler|Focus Sash
|-damage|p2b: Sneasler|1/100
|move|p2b: Sneasler|Dire Claw|p1a: Dondozo
|-damage|p1a: Dondozo|60/100
|
|-heal|p1a: Dondozo|67/100|[from] item: Leftovers
|upkeep
|turn|7
|inactive|RoadToWorlds44 has 30 seconds left.
|
|t:|1757680463
|-terastallize|p2a: Kingambit|Dark
|move|p2b: Sneasler|Protect|p2b: Sneasler
|-singleturn|p2b: Sneasler|Protect
|move|p1a: Dondozo|Earthquake|p2b: Sneasler|[spread] p2a
|-miss|p1a: Dondozo|p1b: Tatsugiri
|-activate|p2b: Sneasler|move: Protect
|-damage|p2a: Kingambit|28/100
|move|p2a: Kingambit|Kowtow Cleave|p1a: Dondozo
|-damage|p1a: Dondozo|36/100
|
|-heal|p1a: Dondozo|43/100|[from] item: Leftovers
|upkeep
|turn|8
|
|t:|1757680485
|move|p1a: Dondozo|Protect|p1a: Dondozo
|-singleturn|p1a: Dondozo|Protect
|move|p2a: Kingambit|Sucker Punch||[still]
|-fail|p2a: Kingambit
|move|p2b: Sneasler|Dire Claw|p1a: Dondozo
|-activate|p1a: Dondozo|move: Protect
|
|-heal|p1a: Dondozo|49/100|[from] item: Leftovers
|upkeep
|turn|9
|l|☆RoadToWorlds44
|inactive|RoadToWorlds44 disconnected and has a minute to reconnect!
|player|p2|
|inactive|RoadToWorlds44 has 30 seconds left.
|inactive|RoadToWorlds44 has 20 seconds left.
|inactive|RoadToWorlds44 has 15 seconds left.
|inactive|RoadToWorlds44 has 10 seconds left.
|inactive|RoadToWorlds44 has 5 seconds left.
|-message|RoadToWorlds44 lost due to inactivity.
|
|win|panqueca25
||panqueca25 is ready for game 2.
|inactive|RoadToWorlds44 has 10 seconds to reconnect!
|inactive|RoadToWorlds44 has 0 seconds to reconnect!
|raw|panqueca25's rating: 1280 → 1304(+24 for winning)
|raw|RoadToWorlds44's rating: 1264 → 1240(-24 for losing)
|l|☆panqueca25
|player|p1|
|j|☆RoadToWorlds44
|player|p2|RoadToWorlds44|1|
|l|☆RoadToWorlds44
|player|p2|
