|j|☆rdvg
|j|☆capacete5
|html|rdvgcapacete5    
|uhtml|bestof|Game 1 of a best-of-3
|t:|1782263327
|gametype|doubles
|player|p1|rdvg|102|1163
|player|p2|capacete5|byron|1078
|gen|9
|tier|[Gen 9 Champions] VGC 2026 Reg M-B (Bo3)
|rated|
|rule|Species Clause: Limit one of each Pokémon
|rule|Item Clause: Limit 1 of each item
|clearpoke
|poke|p1|Mawile, L50, F, shiny|
|poke|p1|Charizard, L50, F|
|poke|p1|Sinistcha, L50|
|poke|p1|Sneasler, L50, M, shiny|
|poke|p1|Hydreigon, L50, M|
|poke|p1|Milotic, L50, F|
|poke|p2|Aerodactyl, L50, F|
|poke|p2|Garchomp, L50, M|
|poke|p2|Kingambit, L50, F|
|poke|p2|Farigiraf, L50, F|
|poke|p2|Sylveon, L50, F|
|poke|p2|Charizard, L50, M|
|teampreview|4
|showteam|p1|Mawile||Mawilite|HyperCutter|PlayRough,IronHead,SuckerPunch,Protect|Adamant||F|||50|]Charizard||CharizarditeX|Blaze|DragonDance,DragonClaw,Protect,FlareBlitz|Adamant||F|||50|]Sinistcha||KasibBerry|Hospitality|MatchaGotcha,RagePowder,TrickRoom,Protect|Bold|||||50|]Sneasler||WhiteHerb|Unburden|Coaching,DireClaw,CloseCombat,FakeOut|Jolly||M|||50|]Hydreigon||ChoiceScarf|Levitate|Snarl,Uturn,DracoMeteor,HeatWave|Modest||M|||50|]Milotic||Leftovers|Competitive|Scald,IcyWind,Protect,Recover|Modest||F|||50|
|showteam|p2|Aerodactyl||Aerodactylite|Unnerve|RockSlide,IceFang,DualWingbeat,Tailwind|Jolly||F|||50|]Garchomp||LifeOrb|RoughSkin|Protect,DragonClaw,Earthquake,StompingTantrum|Adamant||M|||50|]Kingambit||FocusSash|Defiant|LowKick,IronHead,SuckerPunch,Protect|Adamant||F|||50|]Farigiraf||SitrusBerry|ArmorTail|HelpingHand,Psychic,TrickRoom,EnergyBall|Bold||F|||50|]Sylveon||FairyFeather|Pixilate|HyperVoice,Protect,HyperBeam,QuickAttack|Bold||F|||50|]Charizard||CharizarditeY|Blaze|HeatWave,WeatherBall,SolarBeam,Protect|Modest||M|||50|
|inactive|Battle timer is ON: inactive players will automatically lose when time's up. (requested by capacete5)
|inactive|rdvg has 60 seconds left.
|inactive|capacete5 has 60 seconds left.
|
|t:|1782263365
|teamsize|p1|4
|teamsize|p2|4
|start
|switch|p1a: Charizard|Charizard, L50, F|100/100
|switch|p1b: Sneasler|Sneasler, L50, M, shiny|100/100
|switch|p2a: Charizard|Charizard, L50, M|100/100
|switch|p2b: Sylveon|Sylveon, L50, F|100/100
|turn|1
|inactive|capacete5 has 30 seconds left.
|
|t:|1782263392
|switch|p2b: Farigiraf|Farigiraf, L50, F|100/100
|detailschange|p1a: Charizard|Charizard-Mega-X, L50, F
|-mega|p1a: Charizard|Charizard|Charizardite X
|detailschange|p2a: Charizard|Charizard-Mega-Y, L50, M
|-mega|p2a: Charizard|Charizard|Charizardite Y
|-weather|SunnyDay|[from] ability: Drought|[of] p2a: Charizard
|move|p1b: Sneasler|Fake Out||[still]
|cant|p2b: Farigiraf|ability: Armor Tail|Fake Out|[of] p1b: Sneasler
|move|p1a: Charizard|Dragon Dance|p1a: Charizard
|-boost|p1a: Charizard|atk|1
|-boost|p1a: Charizard|spe|1
|move|p2a: Charizard|Heat Wave|p1a: Charizard|[spread] p1a,p1b
|-resisted|p1a: Charizard|2
|-damage|p1a: Charizard|80/100
|-damage|p1b: Sneasler|22/100
|
|-weather|SunnyDay|[upkeep]
|upkeep
|turn|2
|inactive|rdvg has 30 seconds left.
|inactive|capacete5 has 30 seconds left.
|inactive|rdvg has 20 seconds left.
|inactive|capacete5 has 20 seconds left.
|inactive|rdvg has 15 seconds left.
|inactive|capacete5 has 15 seconds left.
|
|t:|1782263436
|move|p1a: Charizard|Dragon Claw|p2a: Charizard
|-damage|p2a: Charizard|21/100
|move|p1b: Sneasler|Coaching|p1a: Charizard
|-boost|p1a: Charizard|atk|1
|-boost|p1a: Charizard|def|1
|move|p2a: Charizard|Heat Wave|p1b: Sneasler|[spread] p1a,p1b
|-resisted|p1a: Charizard|2
|-damage|p1a: Charizard|62/100
|-damage|p1b: Sneasler|0 fnt
|faint|p1b: Sneasler
|move|p2b: Farigiraf|Psychic|p1a: Charizard
|-damage|p1a: Charizard|18/100
|
|-weather|SunnyDay|[upkeep]
|upkeep
|
|t:|1782263449
|switch|p1b: Hydreigon|Hydreigon, L50, M|100/100
|turn|3
|
|t:|1782263466
|move|p2a: Charizard|Protect|p2a: Charizard
|-singleturn|p2a: Charizard|Protect
|move|p1b: Hydreigon|Heat Wave|p2a: Charizard|[spread] p2b
|-activate|p2a: Charizard|move: Protect
|-damage|p2b: Farigiraf|58/100
|move|p1a: Charizard|Dragon Claw|p2b: Farigiraf
|-damage|p2b: Farigiraf|0 fnt
|faint|p2b: Farigiraf
|
|-weather|SunnyDay|[upkeep]
|upkeep
|
|t:|1782263484
|switch|p2b: Sylveon|Sylveon, L50, F|100/100
|turn|4
|
|t:|1782263492
|move|p1b: Hydreigon|Heat Wave|p2a: Charizard|[spread] p2b
|-miss|p1b: Hydreigon|p2a: Charizard
|-damage|p2b: Sylveon|65/100
|move|p1a: Charizard|Flare Blitz|p2b: Sylveon
|-damage|p2b: Sylveon|0 fnt
|faint|p2b: Sylveon
|-damage|p1a: Charizard|0 fnt|[from] Recoil
|faint|p1a: Charizard
|move|p2a: Charizard|Heat Wave|p1b: Hydreigon
|-resisted|p1b: Hydreigon|1
|-crit|p1b: Hydreigon
|-damage|p1b: Hydreigon|34/100
|
|-weather|SunnyDay|[upkeep]
|upkeep
|
|t:|1782263504
|switch|p1a: Milotic|Milotic, L50, F|100/100
|switch|p2b: Garchomp|Garchomp, L50, M|100/100
|turn|5
|
|t:|1782263514
|move|p2a: Charizard|Protect|p2a: Charizard
|-singleturn|p2a: Charizard|Protect
|move|p1b: Hydreigon|Heat Wave|p2b: Garchomp|[spread] p2b
|-activate|p2a: Charizard|move: Protect
|-resisted|p2b: Garchomp|1
|-damage|p2b: Garchomp|78/100
|-status|p2b: Garchomp|brn
|move|p2b: Garchomp|Dragon Claw|p1b: Hydreigon
|-supereffective|p1b: Hydreigon|1
|-damage|p1b: Hydreigon|0 fnt
|faint|p1b: Hydreigon
|-damage|p2b: Garchomp|68/100 brn|[from] item: Life Orb
|move|p1a: Milotic|Icy Wind|p2a: Charizard|[spread] p2b
|-activate|p2a: Charizard|move: Protect
|-supereffective|p2b: Garchomp|2
|-damage|p2b: Garchomp|14/100 brn
|-unboost|p2b: Garchomp|spe|1
|
|-weather|none
|-damage|p2b: Garchomp|8/100 brn|[from] brn
|upkeep
|turn|6
|inactive|capacete5 has 30 seconds left.
|
|t:|1782263549
|move|p2a: Charizard|Weather Ball|p1a: Milotic
|-damage|p1a: Milotic|86/100
|move|p1a: Milotic|Scald|p2a: Charizard
|-supereffective|p2a: Charizard|1
|-damage|p2a: Charizard|0 fnt
|faint|p2a: Charizard
|move|p2b: Garchomp|Earthquake|p1a: Milotic
|-damage|p1a: Milotic|51/100
|-damage|p2b: Garchomp|0 fnt|[from] item: Life Orb
|faint|p2b: Garchomp
|
|win|rdvg
||capacete5 is ready for game 2.
|inactive|rdvg has 30 seconds to confirm battle start!
||rdvg is ready for game 2.
|uhtml|next|Next: Game 2 of 3
|l|☆capacete5
|player|p2|
|j|☆capacete5
|player|p2|capacete5|byron|
