|j|☆Kosluger
|j|☆javi fuego
|html|Koslugerjavi fuego    
|uhtml|bestof|Game 1 of a best-of-3
|t:|1785759225
|gametype|doubles
|player|p1|Kosluger|265|1334
|player|p2|javi fuego|265|1313
|gen|9
|tier|[Gen 9 Champions] VGC 2026 Reg M-B (Bo3)
|rated|
|rule|Species Clause: Limit one of each Pokémon
|rule|Item Clause: Limit 1 of each item
|clearpoke
|poke|p1|Farigiraf, L50, M|
|poke|p1|Incineroar, L50, M|
|poke|p1|Camerupt, L50, F|
|poke|p1|Kingambit, L50, M|
|poke|p1|Ninetales-Alola, L50, F|
|poke|p1|Raichu, L50, M|
|poke|p2|Raichu, L50, F|
|poke|p2|Floette-Eternal, L50, F|
|poke|p2|Sinistcha, L50|
|poke|p2|Ceruledge, L50, M|
|poke|p2|Milotic, L50, M|
|poke|p2|Incineroar, L50, M|
|teampreview|4
|showteam|p1|Farigiraf||ColburBerry|ArmorTail|HelpingHand,Thunderbolt,TrickRoom,Psychic|Quiet||M|||50|]Incineroar||Charcoal|Intimidate|FakeOut,PartingShot,Taunt,FlareBlitz|Brave||M|||50|]Camerupt||Cameruptite|SolidRock|Protect,HeatWave,AncientPower,EarthPower|Quiet||F|||50|]Kingambit||LifeOrb|Defiant|SuckerPunch,KowtowCleave,IronHead,Protect|Adamant||M|||50|]Ninetales-Alola||FocusSash|SnowWarning|Blizzard,FreezeDry,Protect,Encore|Timid||F|||50|]Raichu||RaichuniteY|LightningRod|Protect,FocusBlast,ZapCannon,FakeOut|Modest||M|||50|
|showteam|p2|Raichu||RaichuniteY|LightningRod|ZapCannon,FocusBlast,FakeOut,Protect|Timid||F|||50|]Floette-Eternal||Floettite|FlowerVeil|CalmMind,DazzlingGleam,DrainingKiss,Protect|Timid||F|||50|]Sinistcha||KasibBerry|Hospitality|MatchaGotcha,LifeDew,RagePowder,Protect|Relaxed|||||50|]Ceruledge||ColburBerry|FlashFire|BitterBlade,ShadowSneak,BulkUp,Protect|Adamant||M|||50|]Milotic||Leftovers|Competitive|MuddyWater,Coil,Hypnosis,Protect|Calm||M|||50|]Incineroar||SitrusBerry|Intimidate|FlareBlitz,ThroatChop,FakeOut,PartingShot|Impish||M|||50|
|inactive|Battle timer is ON: inactive players will automatically lose when time's up. (requested by Kosluger)
|inactive|javi fuego has 60 seconds left.
|
|t:|1785759301
|teamsize|p1|4
|teamsize|p2|4
|start
|switch|p1a: Kingambit|Kingambit, L50, M|100/100
|switch|p1b: Raichu|Raichu, L50, M|100/100
|switch|p2a: Incineroar|Incineroar, L50, M|100/100
|switch|p2b: Floette|Floette-Eternal, L50, F|100/100
|-ability|p2a: Incineroar|Intimidate|boost
|-unboost|p1a: Kingambit|atk|1
|-ability|p1a: Kingambit|Defiant|boost
|-boost|p1a: Kingambit|atk|2
|-unboost|p1b: Raichu|atk|1
|turn|1
|
|t:|1785759321
|detailschange|p2b: Floette|Floette-Mega, L50, F
|-mega|p2b: Floette|Floette|Floettite
|-ability|p2b: Floette|Fairy Aura
|move|p1b: Raichu|Protect|p1b: Raichu
|-singleturn|p1b: Raichu|Protect
|move|p2a: Incineroar|Fake Out|p1a: Kingambit
|-resisted|p1a: Kingambit|1
|-damage|p1a: Kingambit|96/100
|move|p2b: Floette|Dazzling Gleam|p1a: Kingambit|[spread] p1a
|-activate|p1b: Raichu|move: Protect
|-damage|p1a: Kingambit|57/100
|cant|p1a: Kingambit|flinch
|
|upkeep
|turn|2
|
|t:|1785759345
|detailschange|p1b: Raichu|Raichu-Mega-Y, L50, M
|-mega|p1b: Raichu|Raichu|Raichunite Y
|move|p2b: Floette|Protect|p2b: Floette
|-singleturn|p2b: Floette|Protect
|move|p1a: Kingambit|Protect|p1a: Kingambit
|-singleturn|p1a: Kingambit|Protect
|move|p1b: Raichu|Zap Cannon|p2a: Incineroar
|-damage|p2a: Incineroar|31/100
|-status|p2a: Incineroar|par
|-enditem|p2a: Incineroar|Sitrus Berry|[eat]
|-heal|p2a: Incineroar|55/100 par|[from] item: Sitrus Berry
|cant|p2a: Incineroar|par
|
|upkeep
|turn|3
|inactive|javi fuego has 30 seconds left.
|
|t:|1785759379
|move|p1b: Raichu|Zap Cannon|p2a: Incineroar
|-damage|p2a: Incineroar|0 fnt
|faint|p2a: Incineroar
|move|p2b: Floette|Dazzling Gleam|p1b: Raichu|[spread] p1a,p1b
|-damage|p1a: Kingambit|19/100
|-damage|p1b: Raichu|41/100
|move|p1a: Kingambit|Iron Head|p2b: Floette
|-supereffective|p2b: Floette|1
|-damage|p2b: Floette|0 fnt
|faint|p2b: Floette
|-damage|p1a: Kingambit|9/100|[from] item: Life Orb
|
|upkeep
|
|t:|1785759389
|switch|p2b: Milotic|Milotic, L50, M|100/100
|switch|p2a: Ceruledge|Ceruledge, L50, M|100/100
|turn|4
|
|t:|1785759410
|switch|p1a: Incineroar|Incineroar, L50, M|100/100
|-ability|p1a: Incineroar|Intimidate|boost
|-unboost|p2a: Ceruledge|atk|1
|-unboost|p2b: Milotic|atk|1
|-ability|p2b: Milotic|Competitive|boost
|-boost|p2b: Milotic|spa|2
|move|p1b: Raichu|Protect|p1b: Raichu
|-singleturn|p1b: Raichu|Protect
|move|p2a: Ceruledge|Shadow Sneak|p1a: Incineroar
|-resisted|p1a: Incineroar|1
|-damage|p1a: Incineroar|93/100
|move|p2b: Milotic|Muddy Water|p1b: Raichu|[spread] p1a
|-activate|p1b: Raichu|move: Protect
|-supereffective|p1a: Incineroar|1
|-damage|p1a: Incineroar|3/100
|
|upkeep
|turn|5
|
|t:|1785759430
|move|p2a: Ceruledge|Protect|p2a: Ceruledge
|-singleturn|p2a: Ceruledge|Protect
|move|p2b: Milotic|Protect|p2b: Milotic
|-singleturn|p2b: Milotic|Protect
|move|p1a: Incineroar|Fake Out|p2b: Milotic
|-activate|p2b: Milotic|move: Protect
|move|p1b: Raichu|Zap Cannon|p2a: Ceruledge
|-activate|p2a: Ceruledge|move: Protect
|
|upkeep
|turn|6
|
|t:|1785759450
|move|p2a: Ceruledge|Shadow Sneak|p1a: Incineroar
|-resisted|p1a: Incineroar|1
|-damage|p1a: Incineroar|0 fnt
|faint|p1a: Incineroar
|move|p1b: Raichu|Zap Cannon|p2b: Milotic
|-supereffective|p2b: Milotic|1
|-damage|p2b: Milotic|4/100
|-status|p2b: Milotic|par
|move|p2b: Milotic|Muddy Water|p1b: Raichu
|-crit|p1b: Raichu
|-damage|p1b: Raichu|0 fnt
|faint|p1b: Raichu
|
|-heal|p2b: Milotic|10/100 par|[from] item: Leftovers
|upkeep
|
|t:|1785759460
|switch|p1b: Kingambit|Kingambit, L50, M|9/100
|switch|p1a: Ninetales|Ninetales-Alola, L50, F|100/100
|-weather|Snowscape|[from] ability: Snow Warning|[of] p1a: Ninetales
|turn|7
|
|t:|1785759478
|move|p1b: Kingambit|Sucker Punch|p2a: Ceruledge
|-supereffective|p2a: Ceruledge|1
|-enditem|p2a: Ceruledge|Colbur Berry|[eat]
|-enditem|p2a: Ceruledge|Colbur Berry|[weaken]
|-damage|p2a: Ceruledge|39/100
|-damage|p1b: Kingambit|0 fnt|[from] item: Life Orb
|faint|p1b: Kingambit
|move|p1a: Ninetales|Blizzard|p2b: Milotic|[spread] p2a,p2b
|-resisted|p2a: Ceruledge|1
|-resisted|p2b: Milotic|1
|-crit|p2b: Milotic
|-damage|p2a: Ceruledge|24/100
|-damage|p2b: Milotic|0 fnt
|faint|p2b: Milotic
|move|p2a: Ceruledge|Bitter Blade|p1a: Ninetales
|-supereffective|p1a: Ninetales|1
|-damage|p1a: Ninetales|33/100
|-heal|p2a: Ceruledge|51/100|[from] drain|[of] p1a: Ninetales
|
|-weather|Snowscape|[upkeep]
|upkeep
|turn|8
|
|t:|1785759493
|move|p1a: Ninetales|Blizzard|p2a: Ceruledge
|-resisted|p2a: Ceruledge|1
|-damage|p2a: Ceruledge|32/100
|move|p2a: Ceruledge|Bitter Blade|p1a: Ninetales
|-supereffective|p1a: Ninetales|1
|-damage|p1a: Ninetales|0 fnt
|-heal|p2a: Ceruledge|45/100|[from] drain|[of] p1a: Ninetales
|faint|p1a: Ninetales
|
|win|javi fuego
||Kosluger is ready for game 2.
||javi fuego is ready for game 2.
|uhtml|next|Next: Game 2 of 3
|l|☆Kosluger
|player|p1|
