|j|☆Beeetch
|j|☆rorain fearow
|html|Beeetchrorain fearow    
|uhtml|bestof|Game 2 of a best-of-3
|t:|1756859891
|gametype|doubles
|player|p1|Beeetch|beauty-gen4dp|1258
|player|p2|rorain fearow|birdkeeper|1230
|gen|9
|tier|[Gen 9] VGC 2025 Reg H (Bo3)
|rated|
|rule|Species Clause: Limit one of each Pokémon
|rule|Item Clause: Limit 1 of each item
|clearpoke
|poke|p1|Excadrill, L50, F|
|poke|p1|Tyranitar, L50, F|
|poke|p1|Sneasler, L50, F|
|poke|p1|Indeedee, L50, M|
|poke|p1|Corviknight, L50, F|
|poke|p1|Annihilape, L50, M|
|poke|p2|Gholdengo, L50|
|poke|p2|Conkeldurr, L50, M|
|poke|p2|Porygon2, L50|
|poke|p2|Milotic, L50, M|
|poke|p2|Amoonguss, L50, M|
|poke|p2|Incineroar, L50, F|
|teampreview|4
|showteam|p1|Excadrill||FocusSash|SandRush|IronHead,HighHorsepower,Earthquake,Protect|||F|||50|,,,,,Stellar]Tyranitar||AssaultVest|SandStream|RockSlide,KnockOff,TeraBlast,LowKick|||F|||50|,,,,,Flying]Sneasler||PsychicSeed|Unburden|DireClaw,CloseCombat,ThroatChop,Protect|||F|||50|,,,,,Dark]Indeedee||ChoiceScarf|PsychicSurge|ExpandingForce,TeraBlast,Protect,Trick|||M|||50|,,,,,Psychic]Corviknight||Leftovers|MirrorArmor|BraveBird,BulkUp,Roost,Tailwind|||F|||50|,,,,,Dragon]Annihilape||SafetyGoggles|Defiant|CloseCombat,FinalGambit,RageFist,Taunt|||M|||50|,,,,,Water
|showteam|p2|Gholdengo||MetalCoat|GoodasGold|MakeItRain,ShadowBall,NastyPlot,Protect||||||50|,,,,,Water]Conkeldurr||AssaultVest|Guts|HammerArm,MachPunch,KnockOff,IcePunch|||M|||50|,,,,,Dark]Porygon2||Eviolite|Download|IceBeam,TeraBlast,Recover,TrickRoom||||||50|,,,,,Flying]Milotic||MysticWater|Competitive|MuddyWater,Scald,Haze,Protect|||M|||50|,,,,,Grass]Amoonguss||SitrusBerry|Regenerator|Spore,SludgeBomb,RagePowder,Protect|||M|||50|,,,,,Water]Incineroar||MirrorHerb|Intimidate|FlareBlitz,KnockOff,Uturn,FakeOut|||F|||50|,,,,,Poison
|
|t:|1756859935
|teamsize|p1|4
|teamsize|p2|4
|start
|switch|p1a: Annihilape|Annihilape, L50, M|100/100
|switch|p1b: Excadrill|Excadrill, L50, F, shiny|100/100
|switch|p2a: Conkeldurr|Conkeldurr, L50, M|100/100
|switch|p2b: Milotic|Milotic, L50, M|100/100
|turn|1
|
|t:|1756859967
|switch|p1b: Indeedee|Indeedee, L50, M, shiny|100/100
|-fieldstart|move: Psychic Terrain|[from] ability: Psychic Surge|[of] p1b: Indeedee
|switch|p2a: Incineroar|Incineroar, L50, F|100/100
|-ability|p2a: Incineroar|Intimidate|boost
|-unboost|p1a: Annihilape|atk|1
|-ability|p1a: Annihilape|Defiant|boost
|-boost|p1a: Annihilape|atk|2
|-unboost|p1b: Indeedee|atk|1
|-enditem|p2a: Incineroar|Mirror Herb
|-boost|p2a: Incineroar|atk|2|[from] item: Mirror Herb
|move|p1a: Annihilape|Rage Fist|p2b: Milotic
|-damage|p2b: Milotic|70/100
|move|p2b: Milotic|Muddy Water|p1a: Annihilape|[spread] p1a,p1b
|-damage|p1a: Annihilape|72/100
|-damage|p1b: Indeedee|56/100
|-unboost|p1a: Annihilape|accuracy|1
|-ability|p1a: Annihilape|Defiant|boost
|-boost|p1a: Annihilape|atk|2
|
|upkeep
|turn|2
|
|t:|1756859994
|move|p1b: Indeedee|Trick|p2b: Milotic
|-activate|p1b: Indeedee|move: Trick|[of] p2b: Milotic
|-item|p2b: Milotic|Choice Scarf|[from] move: Trick
|-item|p1b: Indeedee|Mystic Water|[from] move: Trick
|move|p2b: Milotic|Muddy Water|p1b: Indeedee|[spread] p1a,p1b
|-damage|p1a: Annihilape|46/100
|-damage|p1b: Indeedee|17/100
|-unboost|p1b: Indeedee|accuracy|1
|move|p1a: Annihilape|Close Combat|p2a: Incineroar
|-supereffective|p2a: Incineroar
|-damage|p2a: Incineroar|0 fnt
|-unboost|p1a: Annihilape|def|1
|-unboost|p1a: Annihilape|spd|1
|faint|p2a: Incineroar
|
|upkeep
|
|t:|1756860005
|switch|p2a: Porygon2|Porygon2, L50|100/100
|-ability|p2a: Porygon2|Download|boost
|-boost|p2a: Porygon2|atk|1
|turn|3
|
|t:|1756860020
|-terastallize|p1a: Annihilape|Water
|move|p2b: Milotic|Muddy Water|p1a: Annihilape|[spread] p1a,p1b
|-resisted|p1a: Annihilape
|-damage|p1a: Annihilape|29/100
|-damage|p1b: Indeedee|0 fnt
|-unboost|p1a: Annihilape|accuracy|1
|-ability|p1a: Annihilape|Defiant|boost
|-boost|p1a: Annihilape|atk|2
|faint|p1b: Indeedee
|move|p1a: Annihilape|Taunt|p2a: Porygon2
|-start|p2a: Porygon2|move: Taunt
|cant|p2a: Porygon2|move: Taunt|Trick Room
|
|upkeep
|
|t:|1756860032
|switch|p1b: Tyranitar|Tyranitar, L50, F, shiny|100/100
|-weather|Sandstorm|[from] ability: Sand Stream|[of] p1b: Tyranitar
|turn|4
|
|t:|1756860046
|switch|p2a: Conkeldurr|Conkeldurr, L50, M|100/100
|move|p2b: Milotic|Muddy Water|p1b: Tyranitar|[spread] p1a
|-miss|p2b: Milotic|p1b: Tyranitar
|-resisted|p1a: Annihilape
|-damage|p1a: Annihilape|11/100
|move|p1a: Annihilape|Close Combat|p2a: Conkeldurr
|-crit|p2a: Conkeldurr
|-damage|p2a: Conkeldurr|0 fnt
|-unboost|p1a: Annihilape|def|1
|-unboost|p1a: Annihilape|spd|1
|faint|p2a: Conkeldurr
|move|p1b: Tyranitar|Rock Slide|p2b: Milotic
|-damage|p2b: Milotic|30/100
|
|-weather|Sandstorm|[upkeep]
|-damage|p2b: Milotic|24/100|[from] Sandstorm
|upkeep
|
|t:|1756860056
|switch|p2a: Porygon2|Porygon2, L50|100/100
|-ability|p2a: Porygon2|Download|boost
|-boost|p2a: Porygon2|spa|1
|turn|5
|
|t:|1756860074
|move|p2b: Milotic|Muddy Water|p1b: Tyranitar|[spread] p1a,p1b
|-resisted|p1a: Annihilape
|-supereffective|p1b: Tyranitar
|-damage|p1a: Annihilape|0 fnt
|-damage|p1b: Tyranitar|78/100
|faint|p1a: Annihilape
|move|p1b: Tyranitar|Knock Off|p2a: Porygon2
|-damage|p2a: Porygon2|66/100
|-enditem|p2a: Porygon2|Eviolite|[from] move: Knock Off|[of] p1b: Tyranitar
|move|p2a: Porygon2|Ice Beam|p1b: Tyranitar
|-damage|p1b: Tyranitar|61/100
|
|-weather|Sandstorm|[upkeep]
|-damage|p2b: Milotic|18/100|[from] Sandstorm
|-damage|p2a: Porygon2|60/100|[from] Sandstorm
|-fieldend|move: Psychic Terrain
|upkeep
|
|t:|1756860086
|switch|p1a: Excadrill|Excadrill, L50, F, shiny|100/100
|turn|6
|
|t:|1756860095
|-terastallize|p2a: Porygon2|Flying
|move|p1a: Excadrill|High Horsepower|p2b: Milotic
|-damage|p2b: Milotic|0 fnt
|faint|p2b: Milotic
|move|p1b: Tyranitar|Rock Slide|p2a: Porygon2
|-supereffective|p2a: Porygon2
|-damage|p2a: Porygon2|0 fnt
|faint|p2a: Porygon2
|
|win|Beeetch
||rorain fearow is ready for game 3.
