|j|☆m111naaaa
|j|☆daelien
|html|m111naaaadaelien    
|uhtml|bestof|Game 3 of a best-of-3
|t:|1756304104
|gametype|doubles
|player|p1|m111naaaa|jasmine|1168
|player|p2|daelien|2|1182
|gen|9
|tier|[Gen 9] VGC 2025 Reg H (Bo3)
|rated|
|rule|Species Clause: Limit one of each Pokémon
|rule|Item Clause: Limit 1 of each item
|clearpoke
|poke|p1|Kilowattrel, L50, F|
|poke|p1|Amoonguss, L50, F|
|poke|p1|Incineroar, L50, F|
|poke|p1|Porygon2, L50|
|poke|p1|Gholdengo, L50|
|poke|p1|Ursaluna, L50, F|
|poke|p2|Electabuzz, L50, F|
|poke|p2|Kingambit, L50, F|
|poke|p2|Kommo-o, L50, F|
|poke|p2|Espeon, L50, F|
|poke|p2|Rillaboom, L50, M|
|poke|p2|Incineroar, L50, F|
|teampreview|4
|showteam|p1|Kilowattrel||FocusSash|Competitive|Thunderbolt,AirSlash,Tailwind,Protect|||F|||50|,,,,,Ghost]Amoonguss||SitrusBerry|Regenerator|PollenPuff,Spore,RagePowder,Protect|||F|||50|,,,,,Water]Incineroar||SafetyGoggles|Intimidate|FakeOut,FlareBlitz,KnockOff,PartingShot|||F|||50|,,,,,Ghost]Porygon2||Eviolite|Download|TeraBlast,IceBeam,Recover,TrickRoom||||||50|,,,,,Fighting]Gholdengo||MetalCoat|GoodasGold|MakeItRain,ShadowBall,NastyPlot,Protect||||||50|,,,,,Flying]Ursaluna||FlameOrb|Guts|Facade,HeadlongRush,Earthquake,Protect|||F|||50|,,,,,Ghost
|showteam|p2|Electabuzz||Eviolite|VitalSpirit|Electroweb,Protect,FollowMe,HelpingHand|||F|||50|,,,,,Dragon]Kingambit||BlackGlasses|Defiant|KowtowCleave,SwordsDance,SuckerPunch,Protect|||F|||50|,,,,,Dark]Kommo-o||Leftovers|Overcoat|BodyPress,IronDefense,Protect,DracoMeteor|||F|||50|,,,,,Fire]Espeon||LifeOrb|MagicBounce|Psychic,Protect,DazzlingGleam,ShadowBall|||F|||50|,,,,,Fairy]Rillaboom||AssaultVest|GrassySurge|FakeOut,Uturn,GrassyGlide,WoodHammer|||M|||50|,,,,,Fire]Incineroar||SafetyGoggles|Intimidate|FakeOut,FlareBlitz,Taunt,PartingShot|||F|||50|,,,,,Bug
|inactive|Battle timer is ON: inactive players will automatically lose when time's up. (requested by daelien)
|
|t:|1756304115
|teamsize|p1|4
|teamsize|p2|4
|start
|switch|p1a: Ursaluna|Ursaluna, L50, F|100/100
|switch|p1b: Kilowattrel|Kilowattrel, L50, F|100/100
|switch|p2a: Kingambit|Kingambit, L50, F|100/100
|switch|p2b: Incineroar|Incineroar, L50, F|100/100
|-ability|p2b: Incineroar|Intimidate|boost
|-unboost|p1a: Ursaluna|atk|1
|-unboost|p1b: Kilowattrel|atk|1
|-ability|p1b: Kilowattrel|Competitive|boost
|-boost|p1b: Kilowattrel|spa|2
|turn|1
|inactive|daelien has 30 seconds left.
|
|t:|1756304140
|switch|p1b: Gholdengo|Gholdengo, L50|100/100
|switch|p1a: Amoonguss|Amoonguss, L50, F|100/100
|switch|p2b: Rillaboom|Rillaboom, L50, M|100/100
|-fieldstart|move: Grassy Terrain|[from] ability: Grassy Surge|[of] p2b: Rillaboom
|switch|p2a: Electabuzz|Electabuzz, L50, F|100/100
|
|upkeep
|turn|2
|
|t:|1756304162
|move|p1b: Gholdengo|Nasty Plot|p1b: Gholdengo
|-boost|p1b: Gholdengo|spa|2
|move|p2a: Electabuzz|Electroweb|p1a: Amoonguss|[spread] p1a,p1b
|-resisted|p1a: Amoonguss
|-damage|p1a: Amoonguss|95/100
|-damage|p1b: Gholdengo|84/100
|-unboost|p1a: Amoonguss|spe|1
|-unboost|p1b: Gholdengo|spe|1
|move|p2b: Rillaboom|U-turn|p1a: Amoonguss
|-damage|p1a: Amoonguss|77/100
|
|t:|1756304168
|switch|p2b: Incineroar|Incineroar, L50, F|100/100|[from] U-turn
|-ability|p2b: Incineroar|Intimidate|boost
|-unboost|p1a: Amoonguss|atk|1
|-unboost|p1b: Gholdengo|atk|1
|move|p1a: Amoonguss|Pollen Puff|p1b: Gholdengo
|-heal|p1b: Gholdengo|100/100
|
|-heal|p1a: Amoonguss|83/100|[from] Grassy Terrain
|upkeep
|turn|3
|
|t:|1756304188
|move|p1a: Amoonguss|Protect|p1a: Amoonguss
|-singleturn|p1a: Amoonguss|Protect
|move|p2a: Electabuzz|Electroweb|p1a: Amoonguss|[spread] p1b
|-activate|p1a: Amoonguss|move: Protect
|-damage|p1b: Gholdengo|84/100
|-unboost|p1b: Gholdengo|spe|1
|move|p2b: Incineroar|Taunt|p1a: Amoonguss
|-activate|p1a: Amoonguss|move: Protect
|move|p1b: Gholdengo|Make It Rain|p2a: Electabuzz|[spread] p2a,p2b
|-resisted|p2a: Electabuzz
|-resisted|p2b: Incineroar
|-damage|p2a: Electabuzz|59/100
|-damage|p2b: Incineroar|43/100
|-unboost|p1b: Gholdengo|spa|1
|
|-heal|p2a: Electabuzz|65/100|[from] Grassy Terrain
|-heal|p2b: Incineroar|49/100|[from] Grassy Terrain
|-heal|p1b: Gholdengo|90/100|[from] Grassy Terrain
|-heal|p1a: Amoonguss|89/100|[from] Grassy Terrain
|upkeep
|turn|4
|
|t:|1756304209
|move|p2a: Electabuzz|Helping Hand|p2b: Incineroar
|-singleturn|p2b: Incineroar|Helping Hand|[of] p2a: Electabuzz
|move|p1a: Amoonguss|Rage Powder|p1a: Amoonguss
|-singleturn|p1a: Amoonguss|move: Rage Powder
|move|p2b: Incineroar|Flare Blitz|p1b: Gholdengo
|-supereffective|p1b: Gholdengo
|-damage|p1b: Gholdengo|0 fnt
|faint|p1b: Gholdengo
|-damage|p2b: Incineroar|24/100|[from] Recoil
|
|-heal|p2a: Electabuzz|71/100|[from] Grassy Terrain
|-heal|p2b: Incineroar|30/100|[from] Grassy Terrain
|-heal|p1a: Amoonguss|95/100|[from] Grassy Terrain
|upkeep
|
|t:|1756304218
|switch|p1b: Ursaluna|Ursaluna, L50, F|100/100
|turn|5
|
|t:|1756304230
|switch|p1a: Kilowattrel|Kilowattrel, L50, F|100/100
|move|p2a: Electabuzz|Protect|p2a: Electabuzz
|-singleturn|p2a: Electabuzz|Protect
|move|p1b: Ursaluna|Headlong Rush|p2b: Incineroar
|-supereffective|p2b: Incineroar
|-damage|p2b: Incineroar|0 fnt
|-unboost|p1b: Ursaluna|def|1
|-unboost|p1b: Ursaluna|spd|1
|faint|p2b: Incineroar
|
|-heal|p2a: Electabuzz|77/100|[from] Grassy Terrain
|-fieldend|move: Grassy Terrain
|-status|p1b: Ursaluna|brn|[from] item: Flame Orb
|upkeep
|
|t:|1756304237
|switch|p2b: Kingambit|Kingambit, L50, F|100/100
|turn|6
|
|t:|1756304248
|-terastallize|p2b: Kingambit|Dark
|move|p2a: Electabuzz|Helping Hand|p2b: Kingambit
|-singleturn|p2b: Kingambit|Helping Hand|[of] p2a: Electabuzz
|move|p2b: Kingambit|Sucker Punch|p1b: Ursaluna
|-damage|p1b: Ursaluna|0 fnt
|faint|p1b: Ursaluna
|move|p1a: Kilowattrel|Tailwind|p1a: Kilowattrel
|-sidestart|p1: m111naaaa|move: Tailwind
|
|upkeep
|
|t:|1756304255
|switch|p1b: Amoonguss|Amoonguss, L50, F|100/100
|turn|7
|
|t:|1756304267
|move|p2a: Electabuzz|Follow Me|p2a: Electabuzz
|-singleturn|p2a: Electabuzz|move: Follow Me
|move|p1a: Kilowattrel|Thunderbolt|p2a: Electabuzz
|-resisted|p2a: Electabuzz
|-damage|p2a: Electabuzz|63/100
|move|p1b: Amoonguss|Pollen Puff|p2a: Electabuzz
|-damage|p2a: Electabuzz|51/100
|move|p2b: Kingambit|Swords Dance|p2b: Kingambit
|-boost|p2b: Kingambit|atk|2
|
|upkeep
|turn|8
|
|t:|1756304281
|move|p2a: Electabuzz|Follow Me|p2a: Electabuzz
|-singleturn|p2a: Electabuzz|move: Follow Me
|move|p1a: Kilowattrel|Thunderbolt|p2a: Electabuzz
|-resisted|p2a: Electabuzz
|-damage|p2a: Electabuzz|39/100
|move|p1b: Amoonguss|Pollen Puff|p2a: Electabuzz
|-damage|p2a: Electabuzz|27/100
|move|p2b: Kingambit|Kowtow Cleave|p1b: Amoonguss
|-damage|p1b: Amoonguss|0 fnt
|faint|p1b: Amoonguss
|
|upkeep
|turn|9
|
|t:|1756304293
|move|p2a: Electabuzz|Follow Me|p2a: Electabuzz
|-singleturn|p2a: Electabuzz|move: Follow Me
|move|p1a: Kilowattrel|Air Slash|p2a: Electabuzz
|-resisted|p2a: Electabuzz
|-damage|p2a: Electabuzz|15/100
|move|p2b: Kingambit|Kowtow Cleave|p1a: Kilowattrel
|-enditem|p1a: Kilowattrel|Focus Sash
|-damage|p1a: Kilowattrel|1/100
|
|-sideend|p1: m111naaaa|move: Tailwind
|upkeep
|turn|10
|
|t:|1756304301
|move|p2a: Electabuzz|Follow Me|p2a: Electabuzz
|-singleturn|p2a: Electabuzz|move: Follow Me
|move|p1a: Kilowattrel|Tailwind|p1a: Kilowattrel
|-sidestart|p1: m111naaaa|move: Tailwind
|move|p2b: Kingambit|Kowtow Cleave|p1a: Kilowattrel
|-damage|p1a: Kilowattrel|0 fnt
|faint|p1a: Kilowattrel
|
|win|daelien
|raw|m111naaaa's rating: 1168 → 1144(-24 for losing)
|raw|daelien's rating: 1182 → 1206(+24 for winning)
|l|☆m111naaaa
|player|p1|
|l|☆daelien
|player|p2|
|j|☆daelien
|player|p2|daelien|2|
|l|☆daelien
|player|p2|
|j|☆m111naaaa
|player|p1|m111naaaa|jasmine|
