|j|☆Cecho8
|j|☆Shishio_Ax
|html|Cecho8Shishio_Ax    
|uhtml|bestof|Game 1 of a best-of-3
|t:|1757775140
|gametype|doubles
|player|p1|Cecho8|shadowtriad|1380
|player|p2|Shishio_Ax|gambler|1426
|gen|9
|tier|[Gen 9] VGC 2025 Reg H (Bo3)
|rated|
|rule|Species Clause: Limit one of each Pokémon
|rule|Item Clause: Limit 1 of each item
|clearpoke
|poke|p1|Archaludon, L50, M|
|poke|p1|Pelipper, L50, F|
|poke|p1|Ursaluna, L50, M|
|poke|p1|Sinistcha, L50|
|poke|p1|Dragonite, L50, F|
|poke|p1|Gholdengo, L50|
|poke|p2|Volcarona, L50, M|
|poke|p2|Gholdengo, L50|
|poke|p2|Annihilape, L50, M|
|poke|p2|Dragonite, L50, M|
|poke|p2|Ursaluna-Bloodmoon, L50, M|
|poke|p2|Whimsicott, L50, F|
|teampreview|4
|showteam|p1|Archaludon||AssaultVest|Stamina|ElectroShot,DragonPulse,BodyPress,Snarl|||M|||50|,,,,,Bug]Pelipper||FocusSash|Drizzle|WeatherBall,Hurricane,Tailwind,Protect|||F|||50|,,,,,Ghost]Ursaluna||FlameOrb|Guts|HeadlongRush,Earthquake,Facade,Protect|||M|||50|,,,,,Ghost]Sinistcha||SitrusBerry|Hospitality|RagePowder,LifeDew,MatchaGotcha,TrickRoom||||||50|,,,,,Dark]Dragonite||LoadedDice|Multiscale|ScaleShot,Tailwind,Haze,Protect|||F|||50|,,,,,Fairy]Gholdengo||ChoiceScarf|GoodasGold|MakeItRain,ShadowBall,TeraBlast,Trick||||||50|,,,,,Water
|showteam|p2|Volcarona||SitrusBerry|FlameBody|HeatWave,TeraBlast,QuiverDance,Protect|||M|||50|,,,,,Fairy]Gholdengo||ChoiceSpecs|GoodasGold|MakeItRain,ShadowBall,Thunderbolt,PowerGem||||||50|,,,,,Steel]Annihilape||Leftovers|Defiant|RageFist,DrainPunch,BulkUp,Protect|||M|||50|,,,,,Fire]Dragonite||LoadedDice|Multiscale|ScaleShot,ExtremeSpeed,Haze,Protect|||M|||50|,,,,,Steel]Ursaluna-Bloodmoon||LifeOrb|MindsEye|BloodMoon,HyperVoice,EarthPower,Protect|||M|||50|,,,,,Normal]Whimsicott||CovertCloak|Prankster|Moonblast,Tailwind,Encore,Taunt|||F|||50|,,,,,Poison
|inactive|Battle timer is ON: inactive players will automatically lose when time's up. (requested by Shishio_Ax)
|
|t:|1757775193
|teamsize|p1|4
|teamsize|p2|4
|start
|switch|p1a: Sinistcha|Sinistcha, L50|100/100
|switch|p1b: Gholdengo|Gholdengo, L50|100/100
|switch|p2a: Gholdengo|Gholdengo, L50|100/100
|switch|p2b: Mary|Whimsicott, L50, F|100/100
|turn|1
|inactive|Shishio_Ax has 30 seconds left.
|inactive|Shishio_Ax has 20 seconds left.
|inactive|Cecho8 has 30 seconds left.
|
|t:|1757775239
|-terastallize|p1b: Gholdengo|Water
|move|p1b: Gholdengo|Trick|p2a: Gholdengo
|-immune|p2a: Gholdengo|[from] ability: Good as Gold
|move|p2b: Mary|Moonblast|p1a: Sinistcha
|-damage|p1a: Sinistcha|73/100
|move|p2a: Gholdengo|Make It Rain|p1a: Sinistcha|[spread] p1a,p1b
|-resisted|p1b: Gholdengo
|-damage|p1a: Sinistcha|0 fnt
|-damage|p1b: Gholdengo|58/100
|-unboost|p2a: Gholdengo|spa|1
|faint|p1a: Sinistcha
|
|upkeep
|
|t:|1757775260
|switch|p1a: Archaludon|Archaludon, L50, M|100/100
|turn|2
|
|t:|1757775271
|move|p1b: Gholdengo|Trick|p2b: Mary
|-activate|p1b: Gholdengo|move: Trick|[of] p2b: Mary
|-item|p2b: Mary|Choice Scarf|[from] move: Trick
|-item|p1b: Gholdengo|Covert Cloak|[from] move: Trick
|move|p2b: Mary|Moonblast|p1b: Gholdengo
|-crit|p1b: Gholdengo
|-damage|p1b: Gholdengo|9/100
|move|p2a: Gholdengo|Make It Rain|p1b: Gholdengo|[spread] p1a,p1b
|-resisted|p1a: Archaludon
|-resisted|p1b: Gholdengo
|-damage|p1a: Archaludon|81/100
|-damage|p1b: Gholdengo|0 fnt
|-unboost|p2a: Gholdengo|spa|1
|-ability|p1a: Archaludon|Stamina|boost
|-boost|p1a: Archaludon|def|1
|faint|p1b: Gholdengo
|move|p1a: Archaludon|Snarl|p2b: Mary|[spread] p2a,p2b
|-supereffective|p2a: Gholdengo
|-resisted|p2b: Mary
|-damage|p2a: Gholdengo|65/100
|-damage|p2b: Mary|91/100
|-unboost|p2a: Gholdengo|spa|1
|-unboost|p2b: Mary|spa|1
|
|upkeep
|
|t:|1757775283
|switch|p1b: Pelipper|Pelipper, L50, F|100/100
|-weather|RainDance|[from] ability: Drizzle|[of] p1b: Pelipper
|turn|3
|
|t:|1757775290
|switch|p2b: Asura|Annihilape, L50, M|100/100
|move|p2a: Gholdengo|Make It Rain|p1a: Archaludon|[spread] p1a,p1b
|-resisted|p1a: Archaludon
|-crit|p1a: Archaludon
|-resisted|p1b: Pelipper
|-damage|p1a: Archaludon|30/100
|-damage|p1b: Pelipper|75/100
|-unboost|p2a: Gholdengo|spa|1
|-ability|p1a: Archaludon|Stamina|boost
|-boost|p1a: Archaludon|def|1
|move|p1b: Pelipper|Tailwind|p1b: Pelipper
|-sidestart|p1: Cecho8|move: Tailwind
|move|p1a: Archaludon|Electro Shot||[still]
|-prepare|p1a: Archaludon|Electro Shot
|-boost|p1a: Archaludon|spa|1
|-anim|p1a: Archaludon|Electro Shot|p2a: Gholdengo
|-damage|p2a: Gholdengo|0 fnt
|faint|p2a: Gholdengo
|
|-weather|RainDance|[upkeep]
|upkeep
|
|t:|1757775293
|switch|p2a: Mary|Whimsicott, L50, F|91/100
|turn|4
|
|t:|1757775305
|move|p2b: Asura|Protect|p2b: Asura
|-singleturn|p2b: Asura|Protect
|move|p2a: Mary|Encore|p1b: Pelipper
|-start|p1b: Pelipper|Encore
|move|p1b: Pelipper|Tailwind||[still]
|-fail|p1b: Pelipper
|move|p1a: Archaludon|Electro Shot||[still]
|-prepare|p1a: Archaludon|Electro Shot
|-boost|p1a: Archaludon|spa|1
|-anim|p1a: Archaludon|Electro Shot|p2b: Asura
|-activate|p2b: Asura|move: Protect
|
|-weather|RainDance|[upkeep]
|upkeep
|turn|5
|
|t:|1757775318
|switch|p2b: Shāhmat|Ursaluna-Bloodmoon, L50, M|100/100
|move|p2a: Mary|Encore|p1a: Archaludon
|-start|p1a: Archaludon|Encore
|move|p1b: Pelipper|Tailwind||[still]
|-fail|p1b: Pelipper
|move|p1a: Archaludon|Electro Shot||[still]
|-prepare|p1a: Archaludon|Electro Shot
|-boost|p1a: Archaludon|spa|1
|-anim|p1a: Archaludon|Electro Shot|p2b: Shāhmat
|-immune|p2b: Shāhmat
|
|-weather|RainDance|[upkeep]
|upkeep
|turn|6
|inactive|Shishio_Ax has 30 seconds left.
|
|t:|1757775345
|move|p2a: Mary|Encore||[still]
|-fail|p2a: Mary
|move|p1b: Pelipper|Tailwind||[still]
|-fail|p1b: Pelipper
|move|p1a: Archaludon|Electro Shot||[still]
|-prepare|p1a: Archaludon|Electro Shot
|-boost|p1a: Archaludon|spa|1
|-anim|p1a: Archaludon|Electro Shot|p2a: Mary
|-resisted|p2a: Mary
|-damage|p2a: Mary|7/100
|move|p2b: Shāhmat|Earth Power|p1a: Archaludon
|-supereffective|p1a: Archaludon
|-damage|p1a: Archaludon|0 fnt
|faint|p1a: Archaludon
|-damage|p2b: Shāhmat|91/100|[from] item: Life Orb
|
|-weather|RainDance|[upkeep]
|-end|p1b: Pelipper|Encore
|-sideend|p1: Cecho8|move: Tailwind
|upkeep
|turn|7
|
|t:|1757775356
|move|p2a: Mary|Encore|p1b: Pelipper
|-start|p1b: Pelipper|Encore
|move|p1b: Pelipper|Tailwind|p1b: Pelipper
|-sidestart|p1: Cecho8|move: Tailwind
|move|p2b: Shāhmat|Blood Moon|p1b: Pelipper
|-damage|p1b: Pelipper|0 fnt
|faint|p1b: Pelipper
|-damage|p2b: Shāhmat|81/100|[from] item: Life Orb
|
|win|Shishio_Ax
||Cecho8 is ready for game 2.
||Shishio_Ax is ready for game 2.
|uhtml|next|Next: Game 2 of 3
|l|☆Shishio_Ax
|player|p2|
