|j|☆Zukato1XD
|j|‽MarzipanTheFirst
|html|Zukato1XDMarzipanTheFirst    
|uhtml|bestof|Game 2 of a best-of-3
|t:|1783462093
|gametype|doubles
|player|p1|Zukato1XD|169|1167
|player|p2|MarzipanTheFirst|wallace|1051
|gen|9
|tier|[Gen 9 Champions] VGC 2026 Reg M-B (Bo3)
|rated|
|rule|Species Clause: Limit one of each Pokémon
|rule|Item Clause: Limit 1 of each item
|clearpoke
|poke|p1|Kingambit, L50, F|
|poke|p1|Basculegion, L50, M|
|poke|p1|Whimsicott, L50, F|
|poke|p1|Sneasler, L50, M|
|poke|p1|Floette-Eternal, L50, F|
|poke|p1|Charizard, L50, M|
|poke|p2|Sinistcha, L50|
|poke|p2|Garchomp, L50, F|
|poke|p2|Dragapult, L50, M|
|poke|p2|Scizor, L50, M|
|poke|p2|Incineroar, L50, F|
|poke|p2|Aerodactyl, L50, M|
|teampreview|4
|showteam|p1|Kingambit||Leftovers|Defiant|KowtowCleave,SuckerPunch,IronHead,Protect|Adamant||F|||50|]Basculegion||ChoiceScarf|Adaptability|FlipTurn,WaveCrash,AquaJet,LastRespects|Jolly||M|||50|]Whimsicott||FocusSash|Prankster|Taunt,Moonblast,Tailwind,Encore|Timid||F|||50|]Sneasler||WhiteHerb|Unburden|CloseCombat,FakeOut,DireClaw,Protect|Adamant||M|||50|]Floette-Eternal||Floettite|FlowerVeil|Protect,DazzlingGleam,Moonblast,CalmMind|Timid||F|||50|]Charizard||CharizarditeY|Blaze|HeatWave,SolarBeam,ScorchingSands,Protect|Timid||M|||50|
|showteam|p2|Sinistcha||Leftovers|Hospitality|LifeDew,MatchaGotcha,Protect,RagePowder|Bold|||||50|]Garchomp||LifeOrb|RoughSkin|StompingTantrum,RockSlide,DragonClaw,Protect|Jolly||F|||50|]Dragapult||FocusSash|ClearBody|WillOWisp,Disable,Flamethrower,ShadowBall|Timid||M|||50|]Scizor||Scizorite|Technician|Tailwind,BulletPunch,BugBite,SwordsDance|Adamant||M|||50|]Incineroar||PasshoBerry|Intimidate|FakeOut,FlareBlitz,ThroatChop,Taunt|Careful||F|||50|]Aerodactyl||Aerodactylite|Unnerve|Tailwind,Protect,RockSlide,DualWingbeat|Jolly||M|||50|
|
|t:|1783462115
|teamsize|p1|4
|teamsize|p2|4
|start
|switch|p1a: Whimsicott|Whimsicott, L50, F|100/100
|switch|p1b: Charizard|Charizard, L50, M|100/100
|switch|p2a: Aerodactyl|Aerodactyl, L50, M|100/100
|switch|p2b: Garchomp|Garchomp, L50, F|100/100
|-ability|p2a: Aerodactyl|Unnerve
|turn|1
|
|t:|1783462137
|detailschange|p2a: Aerodactyl|Aerodactyl-Mega, L50, M
|-mega|p2a: Aerodactyl|Aerodactyl|Aerodactylite
|move|p1b: Charizard|Protect|p1b: Charizard
|-singleturn|p1b: Charizard|Protect
|move|p2a: Aerodactyl|Dual Wingbeat|p1a: Whimsicott
|-supereffective|p1a: Whimsicott|1
|-damage|p1a: Whimsicott|41/100
|-supereffective|p1a: Whimsicott|1
|-damage|p1a: Whimsicott|0 fnt
|faint|p1a: Whimsicott
|-hitcount|p1: Whimsicott|2
|move|p2b: Garchomp|Stomping Tantrum|p1b: Charizard
|-activate|p1b: Charizard|move: Protect
|
|upkeep
|
|t:|1783462160
|switch|p1a: Kingambit|Kingambit, L50, F|100/100
|turn|2
|
|t:|1783462178
|detailschange|p1b: Charizard|Charizard-Mega-Y, L50, M
|-mega|p1b: Charizard|Charizard|Charizardite Y
|-weather|SunnyDay|[from] ability: Drought|[of] p1b: Charizard
|move|p1a: Kingambit|Protect|p1a: Kingambit
|-singleturn|p1a: Kingambit|Protect
|move|p2a: Aerodactyl|Rock Slide|p1b: Charizard|[spread] p1b
|-activate|p1a: Kingambit|move: Protect
|-supereffective|p1b: Charizard|2
|-damage|p1b: Charizard|0 fnt
|faint|p1b: Charizard
|move|p2b: Garchomp|Stomping Tantrum|p1a: Kingambit
|-activate|p1a: Kingambit|move: Protect
|
|-weather|SunnyDay|[upkeep]
|upkeep
|
|t:|1783462195
|switch|p1b: Basculegion|Basculegion, L50, M|100/100
|turn|3
|
|t:|1783462207
|move|p2a: Aerodactyl|Dual Wingbeat|p1b: Basculegion
|-damage|p1b: Basculegion|63/100
|-damage|p1b: Basculegion|26/100
|-hitcount|p1b: Basculegion|2
|move|p1b: Basculegion|Last Respects|p2b: Garchomp
|-damage|p2b: Garchomp|19/100
|move|p2b: Garchomp|Stomping Tantrum|p1a: Kingambit
|-supereffective|p1a: Kingambit|1
|-damage|p1a: Kingambit|30/100
|-damage|p2b: Garchomp|10/100|[from] item: Life Orb
|move|p1a: Kingambit|Iron Head|p2a: Aerodactyl
|-supereffective|p2a: Aerodactyl|1
|-damage|p2a: Aerodactyl|0 fnt
|faint|p2a: Aerodactyl
|
|-weather|SunnyDay|[upkeep]
|-heal|p1a: Kingambit|36/100|[from] item: Leftovers
|upkeep
|
|t:|1783462223
|switch|p2a: Sinistcha|Sinistcha, L50|100/100
|-heal|p2b: Garchomp|34/100|[from] ability: Hospitality|[of] p2a: Sinistcha
|turn|4
|
|t:|1783462237
|move|p2a: Sinistcha|Rage Powder|p2a: Sinistcha
|-singleturn|p2a: Sinistcha|move: Rage Powder
|move|p1a: Kingambit|Sucker Punch||[still]
|-fail|p1a: Kingambit
|move|p1b: Basculegion|Last Respects|p2a: Sinistcha
|-supereffective|p2a: Sinistcha|1
|-damage|p2a: Sinistcha|0 fnt
|faint|p2a: Sinistcha
|move|p2b: Garchomp|Rock Slide|p1b: Basculegion|[spread] p1a
|-miss|p2b: Garchomp|p1b: Basculegion
|-resisted|p1a: Kingambit|1
|-damage|p1a: Kingambit|28/100
|-damage|p2b: Garchomp|25/100|[from] item: Life Orb
|
|-weather|SunnyDay|[upkeep]
|-heal|p1a: Kingambit|34/100|[from] item: Leftovers
|upkeep
|
|t:|1783462251
|switch|p2a: Incineroar|Incineroar, L50, F|100/100
|-ability|p2a: Incineroar|Intimidate|boost
|-unboost|p1a: Kingambit|atk|1
|-ability|p1a: Kingambit|Defiant|boost
|-boost|p1a: Kingambit|atk|2
|-unboost|p1b: Basculegion|atk|1
|turn|5
|
|t:|1783462265
|move|p2b: Garchomp|Protect|p2b: Garchomp
|-singleturn|p2b: Garchomp|Protect
|move|p1a: Kingambit|Protect|p1a: Kingambit
|-singleturn|p1a: Kingambit|Protect
|move|p1b: Basculegion|Last Respects|p2b: Garchomp
|-activate|p2b: Garchomp|move: Protect
|move|p2a: Incineroar|Throat Chop|p1b: Basculegion
|-supereffective|p1b: Basculegion|1
|-damage|p1b: Basculegion|0 fnt
|faint|p1b: Basculegion
|
|-weather|SunnyDay|[upkeep]
|-heal|p1a: Kingambit|40/100|[from] item: Leftovers
|upkeep
|turn|6
|
|t:|1783462285
|move|p1a: Kingambit|Sucker Punch|p2b: Garchomp
|-damage|p2b: Garchomp|0 fnt
|-damage|p1a: Kingambit|28/100|[from] ability: Rough Skin|[of] p2b: Garchomp
|faint|p2b: Garchomp
|move|p2a: Incineroar|Flare Blitz|p1a: Kingambit
|-supereffective|p1a: Kingambit|1
|-damage|p1a: Kingambit|0 fnt
|faint|p1a: Kingambit
|-damage|p2a: Incineroar|90/100|[from] Recoil
|
|win|MarzipanTheFirst
|inactive|Zukato1XD has 30 seconds to confirm battle start!
|inactive|MarzipanTheFirst has 30 seconds to confirm battle start!
||Zukato1XD is ready for game 3.
||MarzipanTheFirst is ready for game 3.
|uhtml|next|Next: Game 3 of 3
|l|☆Zukato1XD
|player|p1|
