|j|☆owbd
|j|☆RikuXmas
|html|owbdRikuXmas    
|uhtml|bestof|Game 2 of a best-of-3
|t:|1757922488
|gametype|doubles
|player|p1|owbd|cynthia-gen4|1219
|player|p2|RikuXmas|marlon|1184
|gen|9
|tier|[Gen 9] VGC 2025 Reg H (Bo3)
|rated|
|rule|Species Clause: Limit one of each Pokémon
|rule|Item Clause: Limit 1 of each item
|clearpoke
|poke|p1|Murkrow, L50, M|
|poke|p1|Gholdengo, L50|
|poke|p1|Sneasler, L50, M|
|poke|p1|Indeedee, L50, M|
|poke|p1|Annihilape, L50, M|
|poke|p1|Garchomp, L50, M|
|poke|p2|Pelipper, L50, F|
|poke|p2|Charizard, L50, F|
|poke|p2|Rillaboom, L50, M|
|poke|p2|Gholdengo, L50|
|poke|p2|Kommo-o, L50, M|
|poke|p2|Clefable, L50, F|
|teampreview|4
|showteam|p1|Murkrow||Eviolite|Prankster|FoulPlay,SunnyDay,Haze,Tailwind|||M|||50|,,,,,Ghost]Gholdengo||ChoiceSpecs|GoodasGold|MakeItRain,ShadowBall,PowerGem,Trick||||||50|,,,,,Steel]Sneasler||PsychicSeed|Unburden|DireClaw,CloseCombat,ThroatChop,Protect|||M|||50|,,,,,Dark]Indeedee||FocusSash|PsychicSurge|ExpandingForce,TrickRoom,Imprison,Protect|||M|||50|,,,,,Psychic]Annihilape||SafetyGoggles|Defiant|RageFist,CloseCombat,FinalGambit,Taunt|||M|||50|,,,,,Water]Garchomp||LifeOrb|RoughSkin|DragonClaw,StompingTantrum,Earthquake,Protect|||M|||50|,,,,,Ground
|showteam|p2|Pelipper||FocusSash|Drizzle|Protect,Tailwind,Hurricane,WeatherBall|||F|||50|,,,,,Grass]Charizard||LifeOrb|Blaze|Protect,Hurricane,HeatWave,ScorchingSands|||F|||50|,,,,,Grass]Rillaboom||AssaultVest|GrassySurge|FakeOut,GrassyGlide,WoodHammer,StompingTantrum|||M|||50|,,,,,Fire]Gholdengo||WiseGlasses|GoodasGold|Protect,NastyPlot,ShadowBall,MakeItRain||||||50|,,,,,Steel]Kommo-o||ThroatSpray|Bulletproof|Protect,AuraSphere,ClangingScales,ClangorousSoul|||M|||50|,,,,,Steel]Clefable||SitrusBerry|Unaware|Protect,FollowMe,Moonblast,ThunderWave|||F|||50|,,,,,Water
|
|t:|1757922506
|teamsize|p1|4
|teamsize|p2|4
|start
|switch|p1a: Gholdengo|Gholdengo, L50|100/100
|switch|p1b: Murkrow|Murkrow, L50, M|100/100
|switch|p2a: Burstinatrix|Charizard, L50, F, shiny|100/100
|switch|p2b: Tempest|Pelipper, L50, F, shiny|100/100
|-weather|RainDance|[from] ability: Drizzle|[of] p2b: Tempest
|turn|1
|
|t:|1757922528
|move|p2a: Burstinatrix|Scorching Sands|p1a: Gholdengo
|-supereffective|p1a: Gholdengo
|-damage|p1a: Gholdengo|35/100
|-damage|p2a: Burstinatrix|91/100|[from] item: Life Orb
|move|p1a: Gholdengo|Power Gem|p2a: Burstinatrix
|-supereffective|p2a: Burstinatrix
|-damage|p2a: Burstinatrix|0 fnt
|faint|p2a: Burstinatrix
|move|p2b: Tempest|Tailwind|p2b: Tempest
|-sidestart|p2: RikuXmas|move: Tailwind
|move|p1b: Murkrow|Foul Play|p2b: Tempest
|-damage|p2b: Tempest|82/100
|
|-weather|RainDance|[upkeep]
|upkeep
|
|t:|1757922543
|switch|p2a: AdustedGold|Gholdengo, L50, shiny|100/100
|turn|2
|
|t:|1757922570
|move|p1b: Murkrow|Tailwind|p1b: Murkrow
|-sidestart|p1: owbd|move: Tailwind
|move|p2a: AdustedGold|Make It Rain|p1b: Murkrow|[spread] p1a,p1b
|-resisted|p1a: Gholdengo
|-damage|p1a: Gholdengo|10/100
|-damage|p1b: Murkrow|57/100
|-unboost|p2a: AdustedGold|spa|1
|move|p1a: Gholdengo|Power Gem|p2b: Tempest
|-supereffective|p2b: Tempest
|-damage|p2b: Tempest|0 fnt
|faint|p2b: Tempest
|
|-weather|RainDance|[upkeep]
|upkeep
|
|t:|1757922582
|switch|p2b: Woodsman|Rillaboom, L50, M, shiny|100/100
|-fieldstart|move: Grassy Terrain|[from] ability: Grassy Surge|[of] p2b: Woodsman
|turn|3
|
|t:|1757922601
|move|p2b: Woodsman|Fake Out|p1b: Murkrow
|-damage|p1b: Murkrow|39/100
|move|p2a: AdustedGold|Make It Rain|p1b: Murkrow|[spread] p1a,p1b
|-resisted|p1a: Gholdengo
|-damage|p1a: Gholdengo|0 fnt
|-damage|p1b: Murkrow|8/100
|-unboost|p2a: AdustedGold|spa|1
|faint|p1a: Gholdengo
|cant|p1b: Murkrow|flinch
|
|-weather|RainDance|[upkeep]
|upkeep
|
|t:|1757922616
|switch|p1a: Indeedee|Indeedee, L50, M|100/100
|-fieldstart|move: Psychic Terrain|[from] ability: Psychic Surge|[of] p1a: Indeedee
|turn|4
|
|t:|1757922639
|-terastallize|p1a: Indeedee|Psychic
|move|p1a: Indeedee|Expanding Force|p2b: Woodsman|[spread] p2a,p2b
|-resisted|p2a: AdustedGold
|-damage|p2a: AdustedGold|58/100
|-damage|p2b: Woodsman|60/100
|move|p2a: AdustedGold|Make It Rain|p1a: Indeedee|[spread] p1a,p1b
|-damage|p1a: Indeedee|64/100
|-damage|p1b: Murkrow|0 fnt
|-unboost|p2a: AdustedGold|spa|1
|faint|p1b: Murkrow
|move|p2b: Woodsman|Wood Hammer|p1a: Indeedee
|-damage|p1a: Indeedee|0 fnt
|faint|p1a: Indeedee
|-damage|p2b: Woodsman|46/100|[from] Recoil
|
|-weather|RainDance|[upkeep]
|-sideend|p2: RikuXmas|move: Tailwind
|upkeep
|
|t:|1757922655
|switch|p1b: Sneasler|Sneasler, L50, M|100/100
|-enditem|p1b: Sneasler|Psychic Seed
|-boost|p1b: Sneasler|spd|1|[from] item: Psychic Seed
|turn|5
|
|t:|1757922692
|-terastallize|p2a: AdustedGold|Steel
|move|p1b: Sneasler|Dire Claw|p2b: Woodsman
|-supereffective|p2b: Woodsman
|-damage|p2b: Woodsman|0 fnt
|faint|p2b: Woodsman
|move|p2a: AdustedGold|Make It Rain|p1b: Sneasler
|-damage|p1b: Sneasler|63/100
|-unboost|p2a: AdustedGold|spa|1
|
|-weather|none
|-sideend|p1: owbd|move: Tailwind
|upkeep
|turn|6
|
|t:|1757922705
|move|p1b: Sneasler|Close Combat|p2a: AdustedGold
|-supereffective|p2a: AdustedGold
|-damage|p2a: AdustedGold|0 fnt
|-unboost|p1b: Sneasler|def|1
|-unboost|p1b: Sneasler|spd|1
|faint|p2a: AdustedGold
|
|win|owbd
|raw|owbd's rating: 1219 → 1241(+22 for winning)
|raw|RikuXmas's rating: 1184 → 1162(-22 for losing)
