|j|☆breloomb01
|j|☆kcb.rodrii
|html|breloomb01kcb.rodrii    
|uhtml|bestof|Game 3 of a best-of-3
|t:|1783024020
|gametype|doubles
|player|p1|breloomb01|roughneck|1270
|player|p2|kcb.rodrii|ethan|1177
|gen|9
|tier|[Gen 9 Champions] VGC 2026 Reg M-B (Bo3)
|rated|
|rule|Species Clause: Limit one of each Pokémon
|rule|Item Clause: Limit 1 of each item
|clearpoke
|poke|p1|Gengar, L50, F, shiny|
|poke|p1|Swampert, L50, M, shiny|
|poke|p1|Incineroar, L50, F, shiny|
|poke|p1|Politoed, L50, M, shiny|
|poke|p1|Archaludon, L50, M, shiny|
|poke|p1|Vivillon-Polar, L50, F|
|poke|p2|Garchomp, L50, M, shiny|
|poke|p2|Metagross, L50, shiny|
|poke|p2|Talonflame, L50, M|
|poke|p2|Incineroar, L50, M, shiny|
|poke|p2|Sinistcha, L50|
|poke|p2|Sneasler, L50, F|
|teampreview|4
|showteam|p1|Gengar||Gengarite|CursedBody|ShadowBall,PerishSong,SludgeBomb,Protect|Timid||F|||50|]Swampert||Swampertite|Torrent|WaveCrash,Earthquake,IcePunch,Protect|Adamant||M|||50|]Incineroar||PasshoBerry|Intimidate|ThroatChop,PartingShot,FakeOut,Protect|Sassy||F|||50|]Politoed||SitrusBerry|Drizzle|WeatherBall,PerishSong,Encore,Protect|Calm||M|||50|]Archaludon||Leftovers|Stamina|DragonPulse,FlashCannon,ElectroShot,Protect|Bold||M|||50|]Vivillon-Polar||FocusSash|CompoundEyes|Hurricane,SleepPowder,RagePowder,Protect|Timid||F|||50|
|showteam|p2|Garchomp||LifeOrb|RoughSkin|Protect,DragonClaw,Earthquake,RockSlide|Jolly||M|||50|]Metagross||Metagrossite|ClearBody|BulletPunch,PsychicFangs,BodyPress,Protect|Jolly|||||50|]Talonflame||Charcoal|GaleWings|Tailwind,BraveBird,Overheat,QuickGuard|Hasty||M|||50|]Incineroar||PasshoBerry|Intimidate|FakeOut,PartingShot,DarkestLariat,FlareBlitz|Careful||M|||50|]Sinistcha||SitrusBerry|Hospitality|MatchaGotcha,TrickRoom,LifeDew,RagePowder|Bold|||||50|]Sneasler||WhiteHerb|PoisonTouch|FakeOut,PoisonJab,CloseCombat,Coaching|Jolly||F|||50|
|
|t:|1783024031
|teamsize|p1|4
|teamsize|p2|4
|start
|switch|p1a: Swampert|Swampert, L50, M, shiny|100/100
|switch|p1b: Politoed|Politoed, L50, M, shiny|100/100
|switch|p2a: Metagross|Metagross, L50, shiny|100/100
|switch|p2b: Sneasler|Sneasler, L50, F|100/100
|-weather|RainDance|[from] ability: Drizzle|[of] p1b: Politoed
|turn|1
|
|t:|1783024055
|detailschange|p2a: Metagross|Metagross-Mega, L50, shiny
|-mega|p2a: Metagross|Metagross|Metagrossite
|detailschange|p1a: Swampert|Swampert-Mega, L50, M, shiny
|-mega|p1a: Swampert|Swampert|Swampertite
|move|p2b: Sneasler|Fake Out|p1a: Swampert
|-damage|p1a: Swampert|86/100
|-status|p1a: Swampert|psn|[from] ability: Poison Touch|[of] p2b: Sneasler
|cant|p1a: Swampert|flinch
|move|p2a: Metagross|Psychic Fangs|p1b: Politoed
|-damage|p1b: Politoed|41/100
|-enditem|p1b: Politoed|Sitrus Berry|[eat]
|-heal|p1b: Politoed|66/100|[from] item: Sitrus Berry
|move|p1b: Politoed|Perish Song|p1b: Politoed
|-start|p1a: Swampert|perish3|[silent]
|-start|p1b: Politoed|perish3|[silent]
|-start|p2a: Metagross|perish3|[silent]
|-start|p2b: Sneasler|perish3|[silent]
|-fieldactivate|move: Perish Song
|
|-weather|RainDance|[upkeep]
|-damage|p1a: Swampert|74/100 psn|[from] psn
|-start|p1a: Swampert|perish3
|-start|p2b: Sneasler|perish3
|-start|p2a: Metagross|perish3
|-start|p1b: Politoed|perish3
|upkeep
|turn|2
|
|t:|1783024080
|switch|p2b: Incineroar|Incineroar, L50, M, shiny|100/100
|-ability|p2b: Incineroar|Intimidate|boost
|-unboost|p1a: Swampert|atk|1
|-unboost|p1b: Politoed|atk|1
|switch|p1b: Incineroar|Incineroar, L50, F, shiny|100/100
|-ability|p1b: Incineroar|Intimidate|boost
|-unboost|p2a: Metagross|atk|1
|-unboost|p2b: Incineroar|atk|1
|move|p2a: Metagross|Protect|p2a: Metagross
|-singleturn|p2a: Metagross|Protect
|move|p1a: Swampert|Wave Crash|p2b: Incineroar
|-supereffective|p2b: Incineroar|1
|-enditem|p2b: Incineroar|Passho Berry|[eat]
|-enditem|p2b: Incineroar|Passho Berry|[weaken]
|-damage|p2b: Incineroar|31/100
|-damage|p1a: Swampert|49/100 psn|[from] Recoil
|
|-weather|RainDance|[upkeep]
|-damage|p1a: Swampert|36/100 psn|[from] psn
|-start|p1a: Swampert|perish2
|-start|p2a: Metagross|perish2
|upkeep
|turn|3
|
|t:|1783024107
|switch|p1a: Archaludon|Archaludon, L50, M, shiny|100/100
|switch|p2a: Sinistcha|Sinistcha, L50|100/100
|-heal|p2b: Incineroar|56/100|[from] ability: Hospitality|[of] p2a: Sinistcha
|move|p2b: Incineroar|Fake Out|p1a: Archaludon
|-resisted|p1a: Archaludon|1
|-damage|p1a: Archaludon|97/100
|-ability|p1a: Archaludon|Stamina|boost
|-boost|p1a: Archaludon|def|1
|move|p1b: Incineroar|Parting Shot|p2a: Sinistcha
|-unboost|p2a: Sinistcha|atk|1
|-unboost|p2a: Sinistcha|spa|1
|
|t:|1783024118
|switch|p1b: Swampert|Swampert-Mega, L50, M, shiny|36/100 psn|[from] Parting Shot
|
|-weather|RainDance|[upkeep]
|-heal|p1a: Archaludon|100/100|[from] item: Leftovers
|-damage|p1b: Swampert|24/100 psn|[from] psn
|upkeep
|turn|4
|
|t:|1783024133
|switch|p1b: Incineroar|Incineroar, L50, F, shiny|100/100
|-ability|p1b: Incineroar|Intimidate|boost
|-unboost|p2a: Sinistcha|atk|1
|-unboost|p2b: Incineroar|atk|1
|move|p1a: Archaludon|Electro Shot||[still]
|-prepare|p1a: Archaludon|Electro Shot
|-boost|p1a: Archaludon|spa|1
|-anim|p1a: Archaludon|Electro Shot|p2b: Incineroar
|-damage|p2b: Incineroar|15/100
|move|p2a: Sinistcha|Matcha Gotcha|p1a: Archaludon|[spread] p1a,p1b
|-resisted|p1a: Archaludon|2
|-resisted|p1b: Incineroar|1
|-crit|p1b: Incineroar
|-damage|p1a: Archaludon|95/100
|-damage|p1b: Incineroar|86/100
|-status|p1a: Archaludon|brn
|-ability|p1a: Archaludon|Stamina|boost
|-boost|p1a: Archaludon|def|1
|move|p2b: Incineroar|Parting Shot|p1a: Archaludon
|-unboost|p1a: Archaludon|atk|1
|-unboost|p1a: Archaludon|spa|1
|
|t:|1783024157
|switch|p2b: Metagross|Metagross-Mega, L50, shiny|100/100|[from] Parting Shot
|
|-weather|RainDance|[upkeep]
|-heal|p1a: Archaludon|100/100 brn|[from] item: Leftovers
|-damage|p1a: Archaludon|93/100 brn|[from] brn
|upkeep
|turn|5
|
|t:|1783024178
|switch|p2a: Incineroar|Incineroar, L50, M, shiny|15/100
|-ability|p2a: Incineroar|Intimidate|boost
|-unboost|p1a: Archaludon|atk|1
|-unboost|p1b: Incineroar|atk|1
|move|p2b: Metagross|Body Press|p1b: Incineroar
|-supereffective|p1b: Incineroar|1
|-damage|p1b: Incineroar|31/100
|move|p1a: Archaludon|Electro Shot||[still]
|-prepare|p1a: Archaludon|Electro Shot
|-boost|p1a: Archaludon|spa|1
|-anim|p1a: Archaludon|Electro Shot|p2b: Metagross
|-damage|p2b: Metagross|43/100
|move|p1b: Incineroar|Throat Chop|p2a: Incineroar
|-resisted|p2a: Incineroar|1
|-damage|p2a: Incineroar|7/100
|-start|p2a: Incineroar|Throat Chop|[silent]
|
|-weather|none
|-heal|p1a: Archaludon|100/100 brn|[from] item: Leftovers
|-damage|p1a: Archaludon|93/100 brn|[from] brn
|upkeep
|turn|6
|
|t:|1783024198
|switch|p2a: Sinistcha|Sinistcha, L50|100/100
|-heal|p2b: Metagross|68/100|[from] ability: Hospitality|[of] p2a: Sinistcha
|switch|p1b: Politoed|Politoed, L50, M, shiny|66/100
|-weather|RainDance|[from] ability: Drizzle|[of] p1b: Politoed
|move|p2b: Metagross|Protect|p2b: Metagross
|-singleturn|p2b: Metagross|Protect
|move|p1a: Archaludon|Electro Shot||[still]
|-prepare|p1a: Archaludon|Electro Shot
|-boost|p1a: Archaludon|spa|1
|-anim|p1a: Archaludon|Electro Shot|p2b: Metagross
|-activate|p2b: Metagross|move: Protect
|
|-weather|RainDance|[upkeep]
|-heal|p1a: Archaludon|100/100 brn|[from] item: Leftovers
|-damage|p1a: Archaludon|93/100 brn|[from] brn
|upkeep
|turn|7
|
|t:|1783024224
|switch|p2b: Incineroar|Incineroar, L50, M, shiny|7/100
|-ability|p2b: Incineroar|Intimidate|boost
|-unboost|p1a: Archaludon|atk|1
|-unboost|p1b: Politoed|atk|1
|switch|p1b: Incineroar|Incineroar, L50, F, shiny|31/100
|-ability|p1b: Incineroar|Intimidate|boost
|-unboost|p2a: Sinistcha|atk|1
|-unboost|p2b: Incineroar|atk|1
|move|p1a: Archaludon|Electro Shot||[still]
|-prepare|p1a: Archaludon|Electro Shot
|-boost|p1a: Archaludon|spa|1
|-anim|p1a: Archaludon|Electro Shot|p2b: Incineroar
|-damage|p2b: Incineroar|0 fnt
|faint|p2b: Incineroar
|move|p2a: Sinistcha|Matcha Gotcha|p1a: Archaludon|[spread] p1b
|-miss|p2a: Sinistcha|p1a: Archaludon
|-resisted|p1b: Incineroar|1
|-damage|p1b: Incineroar|23/100
|
|-weather|RainDance|[upkeep]
|-heal|p1a: Archaludon|100/100 brn|[from] item: Leftovers
|-damage|p1a: Archaludon|93/100 brn|[from] brn
|upkeep
|
|t:|1783024247
|switch|p2b: Sneasler|Sneasler, L50, F|100/100
|turn|8
|
|t:|1783024259
|switch|p2a: Metagross|Metagross-Mega, L50, shiny|68/100
|move|p1b: Incineroar|Fake Out|p2b: Sneasler
|-damage|p2b: Sneasler|85/100
|cant|p2b: Sneasler|flinch
|move|p1a: Archaludon|Dragon Pulse|p2a: Metagross
|-resisted|p2a: Metagross|1
|-damage|p2a: Metagross|25/100
|
|-weather|RainDance|[upkeep]
|-heal|p1a: Archaludon|100/100 brn|[from] item: Leftovers
|-damage|p1a: Archaludon|93/100 brn|[from] brn
|upkeep
|turn|9
|
|t:|1783024270
|move|p2a: Metagross|Protect|p2a: Metagross
|-singleturn|p2a: Metagross|Protect
|move|p2b: Sneasler|Coaching|p2a: Metagross
|-boost|p2a: Metagross|atk|1
|-boost|p2a: Metagross|def|1
|move|p1a: Archaludon|Dragon Pulse|p2b: Sneasler
|-damage|p2b: Sneasler|0 fnt
|faint|p2b: Sneasler
|move|p1b: Incineroar|Parting Shot|p2a: Metagross
|-activate|p2a: Metagross|move: Protect
|
|-weather|RainDance|[upkeep]
|-heal|p1a: Archaludon|100/100 brn|[from] item: Leftovers
|-damage|p1a: Archaludon|93/100 brn|[from] brn
|upkeep
|
|t:|1783024278
|switch|p2b: Sinistcha|Sinistcha, L50|100/100
|-heal|p2a: Metagross|50/100g|[from] ability: Hospitality|[of] p2b: Sinistcha
|turn|10
|
|t:|1783024287
|move|p2b: Sinistcha|Rage Powder|p2b: Sinistcha
|-singleturn|p2b: Sinistcha|move: Rage Powder
|move|p2a: Metagross|Body Press|p1b: Incineroar
|-supereffective|p1b: Incineroar|1
|-damage|p1b: Incineroar|0 fnt
|faint|p1b: Incineroar
|move|p1a: Archaludon|Dragon Pulse|p2b: Sinistcha
|-damage|p2b: Sinistcha|4/100
|-enditem|p2b: Sinistcha|Sitrus Berry|[eat]
|-heal|p2b: Sinistcha|29/100|[from] item: Sitrus Berry
|
|-weather|none
|-heal|p1a: Archaludon|100/100 brn|[from] item: Leftovers
|-damage|p1a: Archaludon|93/100 brn|[from] brn
|upkeep
|
|t:|1783024291
|switch|p1b: Politoed|Politoed, L50, M, shiny|66/100
|-weather|RainDance|[from] ability: Drizzle|[of] p1b: Politoed
|turn|11
|
|t:|1783024298
|move|p2a: Metagross|Psychic Fangs|p1b: Politoed
|-damage|p1b: Politoed|0 fnt
|faint|p1b: Politoed
|move|p1a: Archaludon|Dragon Pulse|p2b: Sinistcha
|-damage|p2b: Sinistcha|0 fnt
|faint|p2b: Sinistcha
|
|-weather|RainDance|[upkeep]
|-heal|p1a: Archaludon|100/100 brn|[from] item: Leftovers
|-damage|p1a: Archaludon|93/100 brn|[from] brn
|upkeep
|
|t:|1783024302
|switch|p1b: Swampert|Swampert-Mega, L50, M, shiny|24/100 psn
|turn|12
|
|t:|1783024305
|move|p2a: Metagross|Protect|p2a: Metagross
|-singleturn|p2a: Metagross|Protect
|move|p1b: Swampert|Wave Crash|p2a: Metagross
|-activate|p2a: Metagross|move: Protect
|move|p1a: Archaludon|Electro Shot||[still]
|-prepare|p1a: Archaludon|Electro Shot
|-boost|p1a: Archaludon|spa|1
|-anim|p1a: Archaludon|Electro Shot|p2a: Metagross
|-activate|p2a: Metagross|move: Protect
|
|-weather|RainDance|[upkeep]
|-heal|p1a: Archaludon|100/100 brn|[from] item: Leftovers
|-damage|p1b: Swampert|11/100 psn|[from] psn
|-damage|p1a: Archaludon|93/100 brn|[from] brn
|upkeep
|turn|13
|
|t:|1783024317
|move|p2a: Metagross|Protect||[still]
|-fail|p2a: Metagross
|move|p1b: Swampert|Wave Crash|p2a: Metagross
|-damage|p2a: Metagross|0 fnt
|faint|p2a: Metagross
|-damage|p1b: Swampert|0 fnt|[from] Recoil
|faint|p1b: Swampert
|
|win|breloomb01
|raw|breloomb01's rating: 1270 → 1288(+18 for winning)
|raw|kcb.rodrii's rating: 1177 → 1159(-18 for losing)
|l|☆kcb.rodrii
|player|p2|
