|j|☆I LOVE KOMMO-O
|j|☆MSAtlos
|html|I LOVE KOMMO-OMSAtlos    
|uhtml|bestof|Game 1 of a best-of-3
|t:|1756892657
|gametype|doubles
|player|p1|I LOVE KOMMO-O|n|1154
|player|p2|MSAtlos|169|1123
|gen|9
|tier|[Gen 9] VGC 2025 Reg H (Bo3)
|rated|
|rule|Species Clause: Limit one of each Pokémon
|rule|Item Clause: Limit 1 of each item
|clearpoke
|poke|p1|Drifblim, L50, F|
|poke|p1|Indeedee, L50, M|
|poke|p1|Kommo-o, L50, M|
|poke|p1|Hydreigon, L50, F|
|poke|p1|Ursaluna-Bloodmoon, L50, M|
|poke|p1|Arcanine-Hisui, L50, M|
|poke|p2|Baxcalibur, L50, F|
|poke|p2|Rillaboom, L50, M|
|poke|p2|Sneasler, L50, F|
|poke|p2|Volcarona, L50, M|
|poke|p2|Annihilape, L50, F|
|poke|p2|Maushold-Four, L50|
|teampreview|4
|showteam|p1|Drifblim||PsychicSeed|Unburden|Acrobatics,Tailwind,WillOWisp,StrengthSap|||F|||50|,,,,,Grass]Indeedee||FocusSash|PsychicSurge|ExpandingForce,TeraBlast,TrickRoom,Imprison|||M|||50|,,,,,Fairy]Kommo-o||Leftovers|Soundproof|BodyPress,Flamethrower,IronDefense,Protect|||M|||50|,,,,,Fire]Hydreigon||AssaultVest|Levitate|DarkPulse,Snarl,EarthPower,DracoMeteor|||F|||50|,,,,,Ghost]Ursaluna-Bloodmoon||LifeOrb|MindsEye|HyperVoice,BloodMoon,EarthPower,Protect|||M|||50|,,,,,Normal]Arcanine-Hisui||SafetyGoggles|Intimidate|RockSlide,FlareBlitz,WillOWisp,Protect|||M|||50|,,,,,Water
|showteam|p2|Baxcalibur||LoadedDice|ThermalExchange|Protect,IcicleSpear,ScaleShot,IceShard|||F|||50|,,,,,Poison]Rillaboom||AssaultVest|GrassySurge|WoodHammer,GrassyGlide,FakeOut,HighHorsepower|||M|||50|,,,,,Water]Sneasler||FocusSash|Unburden|Protect,CloseCombat,DireClaw,Coaching|||F|||50|,,,,,Stellar]Volcarona||CovertCloak|FlameBody|HeatWave,TeraBlast,QuiverDance,RagePowder|||M|||50|,,,,,Fairy]Annihilape||SitrusBerry|Defiant|DrainPunch,RageFist,BulkUp,Protect|||F|||50|,,,,,Fire]Maushold-Four||SafetyGoggles|FriendGuard|BeatUp,Taunt,FollowMe,Protect||||||50|,,,,,Ghost
|
|t:|1756892710
|teamsize|p1|4
|teamsize|p2|4
|start
|switch|p1a: Drifblim|Drifblim, L50, F|100/100
|switch|p1b: Kommo-o|Kommo-o, L50, M|100/100
|switch|p2a: Baxcalibur|Baxcalibur, L50, F|100/100
|switch|p2b: Sneasler|Sneasler, L50, F|100/100
|turn|1
|
|t:|1756892742
|switch|p1b: Indeedee|Indeedee, L50, M|100/100
|-fieldstart|move: Psychic Terrain|[from] ability: Psychic Surge|[of] p1b: Indeedee
|-enditem|p1a: Drifblim|Psychic Seed
|-boost|p1a: Drifblim|spd|1|[from] item: Psychic Seed
|-terastallize|p2a: Baxcalibur|Poison
|move|p1a: Drifblim|Tailwind|p1a: Drifblim
|-sidestart|p1: I LOVE KOMMO-O|move: Tailwind
|move|p2b: Sneasler|Coaching|p2a: Baxcalibur
|-boost|p2a: Baxcalibur|atk|1
|-boost|p2a: Baxcalibur|def|1
|move|p2a: Baxcalibur|Scale Shot|p1b: Indeedee
|-damage|p1b: Indeedee|51/100
|-damage|p1b: Indeedee|0 fnt
|faint|p1b: Indeedee
|-hitcount|p1: Indeedee|2
|-unboost|p2a: Baxcalibur|def|1
|-boost|p2a: Baxcalibur|spe|1
|
|upkeep
|
|t:|1756892770
|switch|p1b: Arcanine|Arcanine-Hisui, L50, M|100/100
|-ability|p1b: Arcanine|Intimidate|boost
|-unboost|p2a: Baxcalibur|atk|1
|-unboost|p2b: Sneasler|atk|1
|turn|2
|
|t:|1756892800
|move|p1a: Drifblim|Acrobatics|p2a: Baxcalibur
|-damage|p2a: Baxcalibur|62/100
|move|p1b: Arcanine|Rock Slide|p2b: Sneasler|[spread] p2a,p2b
|-resisted|p2b: Sneasler
|-damage|p2a: Baxcalibur|34/100
|-damage|p2b: Sneasler|75/100
|move|p2a: Baxcalibur|Icicle Spear|p1a: Drifblim
|-supereffective|p1a: Drifblim
|-damage|p1a: Drifblim|50/100
|-supereffective|p1a: Drifblim
|-damage|p1a: Drifblim|1/100
|-supereffective|p1a: Drifblim
|-damage|p1a: Drifblim|0 fnt
|faint|p1a: Drifblim
|-hitcount|p1: Drifblim|3
|move|p2b: Sneasler|Close Combat|p1b: Arcanine
|-supereffective|p1b: Arcanine
|-damage|p1b: Arcanine|5/100
|-unboost|p2b: Sneasler|def|1
|-unboost|p2b: Sneasler|spd|1
|
|upkeep
|
|t:|1756892810
|switch|p1a: Kommo-o|Kommo-o, L50, M|100/100
|turn|3
|
|t:|1756892829
|switch|p2b: Rillaboom|Rillaboom, L50, M|100/100
|-fieldstart|move: Grassy Terrain|[from] ability: Grassy Surge|[of] p2b: Rillaboom
|-terastallize|p1a: Kommo-o|Fire
|move|p2a: Baxcalibur|Protect|p2a: Baxcalibur
|-singleturn|p2a: Baxcalibur|Protect
|move|p1b: Arcanine|Rock Slide|p2b: Rillaboom|[spread] p2b
|-activate|p2a: Baxcalibur|move: Protect
|-damage|p2b: Rillaboom|73/100
|move|p1a: Kommo-o|Iron Defense|p1a: Kommo-o
|-boost|p1a: Kommo-o|def|2
|
|-heal|p1b: Arcanine|11/100|[from] Grassy Terrain
|-heal|p2a: Baxcalibur|40/100|[from] Grassy Terrain
|-heal|p2b: Rillaboom|79/100|[from] Grassy Terrain
|upkeep
|turn|4
|
|t:|1756892853
|move|p2b: Rillaboom|Fake Out|p1a: Kommo-o
|-damage|p1a: Kommo-o|96/100
|move|p2a: Baxcalibur|Ice Shard|p1b: Arcanine
|-resisted|p1b: Arcanine
|-damage|p1b: Arcanine|0 fnt
|faint|p1b: Arcanine
|cant|p1a: Kommo-o|flinch
|
|-heal|p1a: Kommo-o|100/100|[from] Grassy Terrain
|-heal|p2a: Baxcalibur|46/100|[from] Grassy Terrain
|-heal|p2b: Rillaboom|85/100|[from] Grassy Terrain
|-sideend|p1: I LOVE KOMMO-O|move: Tailwind
|upkeep
|turn|5
|
|t:|1756892902
|switch|p2b: Sneasler|Sneasler, L50, F|75/100
|move|p2a: Baxcalibur|Scale Shot|p1a: Kommo-o
|-damage|p1a: Kommo-o|96/100
|-damage|p1a: Kommo-o|90/100
|-damage|p1a: Kommo-o|85/100
|-damage|p1a: Kommo-o|80/100
|-hitcount|p1a: Kommo-o|4
|-unboost|p2a: Baxcalibur|def|1
|-boost|p2a: Baxcalibur|spe|1
|move|p1a: Kommo-o|Iron Defense|p1a: Kommo-o
|-boost|p1a: Kommo-o|def|2
|
|-heal|p2a: Baxcalibur|53/100|[from] Grassy Terrain
|-heal|p2b: Sneasler|81/100|[from] Grassy Terrain
|-heal|p1a: Kommo-o|86/100|[from] Grassy Terrain
|-heal|p1a: Kommo-o|92/100|[from] item: Leftovers
|upkeep
|turn|6
|
|t:|1756892923
|move|p2a: Baxcalibur|Scale Shot|p1a: Kommo-o
|-damage|p1a: Kommo-o|88/100
|-damage|p1a: Kommo-o|83/100
|-damage|p1a: Kommo-o|78/100
|-damage|p1a: Kommo-o|74/100
|-hitcount|p1a: Kommo-o|4
|-unboost|p2a: Baxcalibur|def|1
|-boost|p2a: Baxcalibur|spe|1
|move|p2b: Sneasler|Dire Claw|p1a: Kommo-o
|-damage|p1a: Kommo-o|64/100
|-status|p1a: Kommo-o|slp
|cant|p1a: Kommo-o|slp
|
|-heal|p2a: Baxcalibur|59/100|[from] Grassy Terrain
|-heal|p2b: Sneasler|87/100|[from] Grassy Terrain
|-heal|p1a: Kommo-o|70/100 slp|[from] Grassy Terrain
|-heal|p1a: Kommo-o|76/100 slp|[from] item: Leftovers
|upkeep
|turn|7
|
|t:|1756892949
|switch|p2b: Volcarona|Volcarona, L50, M|100/100
|move|p2a: Baxcalibur|Scale Shot|p1a: Kommo-o
|-damage|p1a: Kommo-o|72/100 slp
|-damage|p1a: Kommo-o|69/100 slp
|-crit|p1a: Kommo-o
|-damage|p1a: Kommo-o|54/100 slp
|-damage|p1a: Kommo-o|50/100 slp
|-hitcount|p1a: Kommo-o|4
|-unboost|p2a: Baxcalibur|def|1
|-boost|p2a: Baxcalibur|spe|1
|-curestatus|p1a: Kommo-o|slp|[msg]
|move|p1a: Kommo-o|Body Press|p2b: Volcarona
|-resisted|p2b: Volcarona
|-damage|p2b: Volcarona|29/100
|
|-heal|p2a: Baxcalibur|65/100|[from] Grassy Terrain
|-heal|p2b: Volcarona|35/100|[from] Grassy Terrain
|-heal|p1a: Kommo-o|56/100|[from] Grassy Terrain
|-heal|p1a: Kommo-o|62/100|[from] item: Leftovers
|-fieldend|move: Grassy Terrain
|upkeep
|turn|8
|
|t:|1756892971
|switch|p2b: Sneasler|Sneasler, L50, F|87/100
|move|p2a: Baxcalibur|Scale Shot|p1a: Kommo-o|[miss]
|-miss|p2a: Baxcalibur|p1a: Kommo-o
|move|p1a: Kommo-o|Body Press|p2a: Baxcalibur
|-resisted|p2a: Baxcalibur
|-damage|p2a: Baxcalibur|0 fnt
|faint|p2a: Baxcalibur
|
|-heal|p1a: Kommo-o|68/100|[from] item: Leftovers
|upkeep
|
|t:|1756893015
|switch|p2a: Rillaboom|Rillaboom, L50, M|85/100
|-fieldstart|move: Grassy Terrain|[from] ability: Grassy Surge|[of] p2a: Rillaboom
|turn|9
|inactive|Battle timer is ON: inactive players will automatically lose when time's up. (requested by I LOVE KOMMO-O)
|
|t:|1756893040
|move|p1a: Kommo-o|Protect|p1a: Kommo-o
|-singleturn|p1a: Kommo-o|Protect
|move|p2a: Rillaboom|Fake Out|p1a: Kommo-o
|-activate|p1a: Kommo-o|move: Protect
|move|p2b: Sneasler|Coaching|p2a: Rillaboom
|-boost|p2a: Rillaboom|atk|1
|-boost|p2a: Rillaboom|def|1
|
|-heal|p2b: Sneasler|93/100|[from] Grassy Terrain
|-heal|p2a: Rillaboom|91/100|[from] Grassy Terrain
|-heal|p1a: Kommo-o|74/100|[from] Grassy Terrain
|-heal|p1a: Kommo-o|80/100|[from] item: Leftovers
|upkeep
|turn|10
|
|t:|1756893064
|move|p2b: Sneasler|Coaching|p2a: Rillaboom
|-boost|p2a: Rillaboom|atk|1
|-boost|p2a: Rillaboom|def|1
|move|p2a: Rillaboom|High Horsepower|p1a: Kommo-o
|-supereffective|p1a: Kommo-o
|-damage|p1a: Kommo-o|54/100
|move|p1a: Kommo-o|Body Press|p2a: Rillaboom
|-damage|p2a: Rillaboom|35/100
|
|-heal|p2b: Sneasler|99/100|[from] Grassy Terrain
|-heal|p2a: Rillaboom|41/100|[from] Grassy Terrain
|-heal|p1a: Kommo-o|60/100|[from] Grassy Terrain
|-heal|p1a: Kommo-o|66/100|[from] item: Leftovers
|upkeep
|turn|11
|
|t:|1756893082
|move|p2b: Sneasler|Dire Claw|p1a: Kommo-o
|-damage|p1a: Kommo-o|57/100
|-status|p1a: Kommo-o|slp
|move|p2a: Rillaboom|High Horsepower|p1a: Kommo-o
|-supereffective|p1a: Kommo-o
|-damage|p1a: Kommo-o|29/100 slp
|cant|p1a: Kommo-o|slp
|
|-heal|p2b: Sneasler|100/100|[from] Grassy Terrain
|-heal|p2a: Rillaboom|47/100|[from] Grassy Terrain
|-heal|p1a: Kommo-o|35/100 slp|[from] Grassy Terrain
|-heal|p1a: Kommo-o|41/100 slp|[from] item: Leftovers
|upkeep
|turn|12
|
|t:|1756893094
|move|p2b: Sneasler|Coaching|p2a: Rillaboom
|-boost|p2a: Rillaboom|atk|1
|-boost|p2a: Rillaboom|def|1
|move|p2a: Rillaboom|High Horsepower|p1a: Kommo-o
|-supereffective|p1a: Kommo-o
|-damage|p1a: Kommo-o|4/100 slp
|cant|p1a: Kommo-o|slp
|
|-heal|p2a: Rillaboom|53/100|[from] Grassy Terrain
|-heal|p1a: Kommo-o|10/100 slp|[from] Grassy Terrain
|-heal|p1a: Kommo-o|16/100 slp|[from] item: Leftovers
|upkeep
|turn|13
|-message|I LOVE KOMMO-O forfeited.
|
|win|MSAtlos
