|j|☆PikaTROD
|j|☆AllHailCowMoo
|html|PikaTRODAllHailCowMoo    
|uhtml|bestof|Game 3 of a best-of-3
|t:|1757702403
|gametype|doubles
|player|p1|PikaTROD|266|1508
|player|p2|AllHailCowMoo|birdkeeper-gen4dp|1597
|gen|9
|tier|[Gen 9] VGC 2025 Reg H (Bo3)
|rated|
|rule|Species Clause: Limit one of each Pokémon
|rule|Item Clause: Limit 1 of each item
|clearpoke
|poke|p1|Kingambit, L50, F|
|poke|p1|Primarina, L50, F|
|poke|p1|Sneasler, L50, M|
|poke|p1|Magmar, L50, F|
|poke|p1|Rillaboom, L50, M|
|poke|p1|Dragapult, L50, M|
|poke|p2|Whimsicott, L50, F|
|poke|p2|Smeargle, L50, M|
|poke|p2|Arcanine-Hisui, L50, F|
|poke|p2|Gholdengo, L50|
|poke|p2|Rillaboom, L50, M|
|poke|p2|Kommo-o, L50, F|
|teampreview|4
|showteam|p1|Kingambit||BlackGlasses|Defiant|KowtowCleave,SuckerPunch,SwordsDance,Protect|||F|||50|,,,,,Dark]Primarina||SitrusBerry|LiquidVoice|HyperVoice,Moonblast,Haze,Protect|||F|||50|,,,,,Water]Sneasler||FocusSash|Unburden|DireClaw,CloseCombat,FakeOut,Protect|||M|||50|,,,,,Stellar]Magmar||Eviolite|VitalSpirit|Overheat,WillOWisp,FollowMe,Protect|||F|||50|,,,,,Ghost]Rillaboom||AssaultVest|GrassySurge|WoodHammer,GrassyGlide,HighHorsepower,FakeOut|||M|||50|,,,,,Fire]Dragapult||ChoiceBand|ClearBody|DragonDarts,PhantomForce,Outrage,Uturn|||M|||50|,,,,,Dragon
|showteam|p2|Whimsicott||CovertCloak|Prankster|Moonblast,Tailwind,Encore,FakeTears|||F|||50|,,,,,Electric]Smeargle||FocusSash|Moody|Spore,Decorate,FollowMe,SpikyShield|||M|||50|,,,,,Ghost]Arcanine-Hisui||ClearAmulet|Intimidate|FlareBlitz,RockSlide,ExtremeSpeed,Protect|||F|||50|,,,,,Ghost]Gholdengo||MetalCoat|GoodasGold|MakeItRain,ShadowBall,NastyPlot,Protect||||||50|,,,,,Water]Rillaboom||AssaultVest|GrassySurge|WoodHammer,GrassyGlide,HighHorsepower,FakeOut|||M|||50|,,,,,Ghost]Kommo-o||LifeOrb|Soundproof|ClangingScales,AuraSphere,Flamethrower,Protect|||F|||50|,,,,,Fire
|inactive|Battle timer is ON: inactive players will automatically lose when time's up. (requested by AllHailCowMoo)
|inactive|PikaTROD has 60 seconds left.
|inactive|PikaTROD has 30 seconds left.
|inactive|PikaTROD has 20 seconds left.
|inactive|PikaTROD has 15 seconds left.
|inactive|PikaTROD has 10 seconds left.
|inactive|PikaTROD has 5 seconds left.
|
|t:|1757702490
|teamsize|p1|4
|teamsize|p2|4
|start
|switch|p1a: Magmar|Magmar, L50, F|100/100
|switch|p1b: Kingambit|Kingambit, L50, F|100/100
|switch|p2a: Monkey Gong|Rillaboom, L50, M|100/100
|switch|p2b: Steely Dan|Gholdengo, L50|100/100
|-fieldstart|move: Grassy Terrain|[from] ability: Grassy Surge|[of] p2a: Monkey Gong
|turn|1
|inactive|AllHailCowMoo has 30 seconds left.
|
|t:|1757702518
|switch|p1b: Dragapult|Dragapult, L50, M|100/100
|-terastallize|p2b: Steely Dan|Water
|move|p2a: Monkey Gong|Fake Out|p1b: Dragapult
|-immune|p1b: Dragapult
|move|p2b: Steely Dan|Nasty Plot|p2b: Steely Dan
|-boost|p2b: Steely Dan|spa|2
|move|p1a: Magmar|Will-O-Wisp|p2a: Monkey Gong
|-status|p2a: Monkey Gong|brn
|
|-damage|p2a: Monkey Gong|94/100 brn|[from] brn
|upkeep
|turn|2
|
|t:|1757702533
|move|p1a: Magmar|Protect|p1a: Magmar
|-singleturn|p1a: Magmar|Protect
|move|p1b: Dragapult|U-turn|p2a: Monkey Gong
|-supereffective|p2a: Monkey Gong
|-damage|p2a: Monkey Gong|21/100 brn
|
|t:|1757702537
|switch|p1b: Kingambit|Kingambit, L50, F|100/100|[from] U-turn
|move|p2a: Monkey Gong|High Horsepower|p1a: Magmar
|-activate|p1a: Magmar|move: Protect
|move|p2b: Steely Dan|Make It Rain|p1b: Kingambit|[spread] p1b
|-activate|p1a: Magmar|move: Protect
|-resisted|p1b: Kingambit
|-damage|p1b: Kingambit|49/100
|-unboost|p2b: Steely Dan|spa|1
|
|-heal|p2a: Monkey Gong|27/100 brn|[from] Grassy Terrain
|-heal|p1b: Kingambit|55/100|[from] Grassy Terrain
|-damage|p2a: Monkey Gong|21/100 brn|[from] brn
|upkeep
|turn|3
|
|t:|1757702553
|move|p1a: Magmar|Follow Me|p1a: Magmar
|-singleturn|p1a: Magmar|move: Follow Me
|move|p2a: Monkey Gong|Wood Hammer|p1a: Magmar
|-resisted|p1a: Magmar
|-damage|p1a: Magmar|84/100
|-damage|p2a: Monkey Gong|16/100 brn|[from] Recoil
|move|p2b: Steely Dan|Nasty Plot|p2b: Steely Dan
|-boost|p2b: Steely Dan|spa|2
|move|p1b: Kingambit|Kowtow Cleave|p2b: Steely Dan
|-damage|p2b: Steely Dan|41/100
|
|-heal|p2a: Monkey Gong|22/100 brn|[from] Grassy Terrain
|-heal|p2b: Steely Dan|48/100|[from] Grassy Terrain
|-heal|p1a: Magmar|90/100|[from] Grassy Terrain
|-heal|p1b: Kingambit|61/100|[from] Grassy Terrain
|-damage|p2a: Monkey Gong|16/100 brn|[from] brn
|upkeep
|turn|4
|
|t:|1757702577
|switch|p2a: Leonardo|Smeargle, L50, M|100/100
|move|p2b: Steely Dan|Protect|p2b: Steely Dan
|-singleturn|p2b: Steely Dan|Protect
|move|p1a: Magmar|Protect|p1a: Magmar
|-singleturn|p1a: Magmar|Protect
|move|p1b: Kingambit|Sucker Punch||[still]
|-fail|p1b: Kingambit
|
|-heal|p2b: Steely Dan|54/100|[from] Grassy Terrain
|-heal|p1a: Magmar|96/100|[from] Grassy Terrain
|-heal|p1b: Kingambit|67/100|[from] Grassy Terrain
|-ability|p2a: Leonardo|Moody|boost
|-boost|p2a: Leonardo|spa|2
|-unboost|p2a: Leonardo|spd|1
|upkeep
|turn|5
|
|t:|1757702601
|move|p2a: Leonardo|Follow Me|p2a: Leonardo
|-singleturn|p2a: Leonardo|move: Follow Me
|move|p1a: Magmar|Follow Me|p1a: Magmar
|-singleturn|p1a: Magmar|move: Follow Me
|move|p2b: Steely Dan|Make It Rain|p1b: Kingambit|[spread] p1a,p1b
|-resisted|p1a: Magmar
|-resisted|p1b: Kingambit
|-damage|p1a: Magmar|39/100
|-damage|p1b: Kingambit|0 fnt
|-unboost|p2b: Steely Dan|spa|1
|faint|p1b: Kingambit
|
|-heal|p2b: Steely Dan|60/100|[from] Grassy Terrain
|-heal|p1a: Magmar|45/100|[from] Grassy Terrain
|-fieldend|move: Grassy Terrain
|-ability|p2a: Leonardo|Moody|boost
|-boost|p2a: Leonardo|def|2
|-unboost|p2a: Leonardo|atk|1
|upkeep
|inactive|PikaTROD has 30 seconds left.
|
|t:|1757702631
|switch|p1b: Primarina|Primarina, L50, F|100/100
|turn|6
|
|t:|1757702649
|-terastallize|p1b: Primarina|Water
|move|p2a: Leonardo|Spiky Shield|p2a: Leonardo
|-singleturn|p2a: Leonardo|move: Protect
|move|p1a: Magmar|Protect|p1a: Magmar
|-singleturn|p1a: Magmar|Protect
|move|p2b: Steely Dan|Shadow Ball|p1a: Magmar
|-activate|p1a: Magmar|move: Protect
|move|p1b: Primarina|Hyper Voice|p2b: Steely Dan|[spread] p2b
|-activate|p2a: Leonardo|move: Protect
|-resisted|p2b: Steely Dan
|-damage|p2b: Steely Dan|40/100
|
|-ability|p2a: Leonardo|Moody|boost
|-boost|p2a: Leonardo|spd|2
|-unboost|p2a: Leonardo|spa|1
|upkeep
|turn|7
|inactive|PikaTROD has 30 seconds left.
|
|t:|1757702683
|switch|p2a: Monkey Gong|Rillaboom, L50, M|16/100 brn
|-fieldstart|move: Grassy Terrain|[from] ability: Grassy Surge|[of] p2a: Monkey Gong
|move|p1a: Magmar|Follow Me|p1a: Magmar
|-singleturn|p1a: Magmar|move: Follow Me
|move|p2b: Steely Dan|Make It Rain|p1a: Magmar|[spread] p1a,p1b
|-resisted|p1a: Magmar
|-resisted|p1b: Primarina
|-damage|p1a: Magmar|0 fnt
|-damage|p1b: Primarina|52/100
|-unboost|p2b: Steely Dan|spa|1
|faint|p1a: Magmar
|move|p1b: Primarina|Haze|p1b: Primarina
|-clearallboost
|
|-heal|p2a: Monkey Gong|22/100 brn|[from] Grassy Terrain
|-heal|p2b: Steely Dan|47/100|[from] Grassy Terrain
|-heal|p1b: Primarina|58/100|[from] Grassy Terrain
|-damage|p2a: Monkey Gong|16/100 brn|[from] brn
|upkeep
|
|t:|1757702691
|switch|p1a: Dragapult|Dragapult, L50, M|100/100
|turn|8
|inactive|PikaTROD has 30 seconds left.
|inactive|AllHailCowMoo has 30 seconds left.
|inactive|PikaTROD has 20 seconds left.
|inactive|AllHailCowMoo has 20 seconds left.
|inactive|PikaTROD has 15 seconds left.
|inactive|AllHailCowMoo has 15 seconds left.
|inactive|PikaTROD has 10 seconds left.
|inactive|AllHailCowMoo has 10 seconds left.
|
|t:|1757702740
|move|p2b: Steely Dan|Protect|p2b: Steely Dan
|-singleturn|p2b: Steely Dan|Protect
|move|p1b: Primarina|Protect|p1b: Primarina
|-singleturn|p1b: Primarina|Protect
|move|p2a: Monkey Gong|Grassy Glide|p1b: Primarina
|-activate|p1b: Primarina|move: Protect
|move|p1a: Dragapult|Dragon Darts|p2a: Monkey Gong
|-damage|p2a: Monkey Gong|0 fnt
|faint|p2a: Monkey Gong
|
|-heal|p2b: Steely Dan|53/100|[from] Grassy Terrain
|-heal|p1b: Primarina|64/100|[from] Grassy Terrain
|upkeep
|
|t:|1757702744
|switch|p2a: Leonardo|Smeargle, L50, M|100/100
|turn|9
|
|t:|1757702763
|move|p2a: Leonardo|Spiky Shield|p2a: Leonardo
|-singleturn|p2a: Leonardo|move: Protect
|move|p1a: Dragapult|Dragon Darts|p2b: Steely Dan
|-crit|p2b: Steely Dan
|-damage|p2b: Steely Dan|0 fnt
|faint|p2b: Steely Dan
|move|p1b: Primarina|Moonblast|p2a: Leonardo
|-activate|p2a: Leonardo|move: Protect
|
|-heal|p1b: Primarina|70/100|[from] Grassy Terrain
|-ability|p2a: Leonardo|Moody|boost
|-boost|p2a: Leonardo|def|2
|-unboost|p2a: Leonardo|spa|1
|upkeep
|
|t:|1757702765
|switch|p2b: Kommodo-Moʻo|Kommo-o, L50, F, shiny|100/100
|turn|10
|inactive|PikaTROD has 30 seconds left.
|
|t:|1757702796
|move|p1a: Dragapult|Dragon Darts|p2b: Kommodo-Moʻo
|-supereffective|p2b: Kommodo-Moʻo
|-damage|p2b: Kommodo-Moʻo|27/100
|-anim|p1a: Dragapult|Dragon Darts|p2a: Leonardo
|-damage|p2a: Leonardo|50/100
|move|p2a: Leonardo|Spore|p1b: Primarina
|-status|p1b: Primarina|slp|[from] move: Spore
|move|p2b: Kommodo-Moʻo|Clanging Scales|p1a: Dragapult|[spread] p1a,p1b
|-supereffective|p1a: Dragapult
|-damage|p1a: Dragapult|0 fnt
|-damage|p1b: Primarina|25/100 slp
|-enditem|p1b: Primarina|Sitrus Berry|[eat]
|-heal|p1b: Primarina|50/100 slp|[from] item: Sitrus Berry
|faint|p1a: Dragapult
|-unboost|p2b: Kommodo-Moʻo|def|1
|-damage|p2b: Kommodo-Moʻo|17/100|[from] item: Life Orb
|cant|p1b: Primarina|slp
|
|-heal|p2a: Leonardo|56/100|[from] Grassy Terrain
|-heal|p2b: Kommodo-Moʻo|23/100|[from] Grassy Terrain
|-heal|p1b: Primarina|56/100 slp|[from] Grassy Terrain
|-ability|p2a: Leonardo|Moody|boost
|-boost|p2a: Leonardo|spd|2
|-unboost|p2a: Leonardo|spe|1
|upkeep
|turn|11
|
|t:|1757702812
|move|p2a: Leonardo|Follow Me|p2a: Leonardo
|-singleturn|p2a: Leonardo|move: Follow Me
|move|p2b: Kommodo-Moʻo|Clanging Scales|p1b: Primarina
|-damage|p1b: Primarina|0 fnt
|faint|p1b: Primarina
|-damage|p2b: Kommodo-Moʻo|14/100|[from] item: Life Orb
|
|win|AllHailCowMoo
|raw|PikaTROD's rating: 1508 → 1493(-15 for losing)
|raw|AllHailCowMoo's rating: 1597 → 1612(+15 for winning)
|c|☆PikaTROD|gg
|c|☆AllHailCowMoo|Gg wp
|c|☆PikaTROD|you too
