|j|☆Atrix MJ
|j|☆bagarresinge
|html|Atrix MJbagarresinge    
|uhtml|bestof|Game 2 of a best-of-3
|t:|1756735819
|gametype|doubles
|player|p1|Atrix MJ|miku-fire|1303
|player|p2|bagarresinge|101|1199
|gen|9
|tier|[Gen 9] VGC 2025 Reg H (Bo3)
|rated|
|rule|Species Clause: Limit one of each Pokémon
|rule|Item Clause: Limit 1 of each item
|clearpoke
|poke|p1|Kommo-o, L50, F|
|poke|p1|Incineroar, L50, M|
|poke|p1|Mimikyu, L50, F|
|poke|p1|Ursaluna-Bloodmoon, L50, M|
|poke|p1|Tyranitar, L50, M|
|poke|p1|Amoonguss, L50, F|
|poke|p2|Sneasler, L50, F|
|poke|p2|Indeedee, L50, M|
|poke|p2|Volcarona, L50, M|
|poke|p2|Ursaluna-Bloodmoon, L50, M|
|poke|p2|Annihilape, L50, M|
|poke|p2|Tyranitar, L50, M|
|teampreview|4
|showteam|p1|Kommo-o||ThroatSpray|Soundproof|ClangingScales,Flamethrower,ClangorousSoul,Protect|||F|||50|,,,,,Fire]Incineroar||SafetyGoggles|Intimidate|FakeOut,PartingShot,KnockOff,FlareBlitz|||M|||50|,,,,,Ghost]Mimikyu||LifeOrb|Disguise|PlayRough,TrickRoom,ShadowSneak,Curse|||F|||50|,,,,,Steel]Ursaluna-Bloodmoon||SilkScarf|MindsEye|BloodMoon,HyperVoice,EarthPower,Protect|||M|||50|,,,,,Normal]Tyranitar||AssaultVest|SandStream|RockSlide,KnockOff,LowKick,TeraBlast|||M|||50|,,,,,Flying]Amoonguss||RockyHelmet|Regenerator|Spore,RagePowder,Protect,SludgeBomb|||F|||50|,,,,,Dark
|showteam|p2|Sneasler||PsychicSeed|Unburden|CloseCombat,DireClaw,ThroatChop,Protect|||F|||50|,,,,,Dark]Indeedee||ChoiceScarf|PsychicSurge|ExpandingForce,TeraBlast,Trick,Protect|||M|||50|,,,,,Psychic]Volcarona||SitrusBerry|FlameBody|Overheat,StruggleBug,RagePowder,Tailwind|||M|||50|,,,,,Grass]Ursaluna-Bloodmoon||LifeOrb|MindsEye|BloodMoon,HyperVoice,EarthPower,Protect|||M|||50|,,,,,Normal]Annihilape||SafetyGoggles|Defiant|CloseCombat,RageFist,Taunt,FinalGambit|||M|||50|,,,,,Fairy]Tyranitar||AssaultVest|SandStream|RockSlide,KnockOff,TeraBlast,LowKick|||M|||50|,,,,,Flying
|inactive|Battle timer is ON: inactive players will automatically lose when time's up. (requested by Atrix MJ)
|inactive|bagarresinge has 60 seconds left.
|
|t:|1756735852
|teamsize|p1|4
|teamsize|p2|4
|start
|switch|p1a: Tyranitar|Tyranitar, L50, M|100/100
|switch|p1b: SHAMBLES|Mimikyu, L50, F, shiny|100/100
|switch|p2a: Volcarona|Volcarona, L50, M|100/100
|switch|p2b: Annihilape|Annihilape, L50, M|100/100
|-weather|Sandstorm|[from] ability: Sand Stream|[of] p1a: Tyranitar
|turn|1
|inactive|bagarresinge has 30 seconds left.
|inactive|bagarresinge has 20 seconds left.
|
|t:|1756735888
|-terastallize|p2a: Volcarona|Grass
|-terastallize|p1a: Tyranitar|Flying
|move|p1b: SHAMBLES|Shadow Sneak|p2b: Annihilape
|-supereffective|p2b: Annihilape
|-damage|p2b: Annihilape|52/100
|-damage|p1b: SHAMBLES|91/100|[from] item: Life Orb
|move|p2a: Volcarona|Struggle Bug|p1b: SHAMBLES|[spread] p1a,p1b
|-resisted|p1a: Tyranitar
|-damage|p1a: Tyranitar|96/100
|-activate|p1b: SHAMBLES|ability: Disguise
|-damage|p1b: SHAMBLES|91/100
|-unboost|p1a: Tyranitar|spa|1
|-unboost|p1b: SHAMBLES|spa|1
|detailschange|p1b: SHAMBLES|Mimikyu-Busted, L50, F, shiny
|-damage|p1b: SHAMBLES|78/100|[from] pokemon: Mimikyu-Busted
|move|p2b: Annihilape|Taunt|p1b: SHAMBLES
|-start|p1b: SHAMBLES|move: Taunt
|move|p1a: Tyranitar|Tera Blast|p2a: Volcarona|[anim] Tera Blast Flying
|-supereffective|p2a: Volcarona
|-damage|p2a: Volcarona|0 fnt
|faint|p2a: Volcarona
|
|-weather|Sandstorm|[upkeep]
|-damage|p1b: SHAMBLES|72/100|[from] Sandstorm
|-damage|p1a: Tyranitar|90/100|[from] Sandstorm
|upkeep
|inactive|bagarresinge has 30 seconds left.
|inactive|bagarresinge has 20 seconds left.
|
|t:|1756735927
|switch|p2a: Tyranitar|Tyranitar, L50, M|100/100
|turn|2
|
|t:|1756735942
|move|p2b: Annihilape|Rage Fist|p1a: Tyranitar
|-damage|p1a: Tyranitar|56/100
|move|p1b: SHAMBLES|Play Rough|p2b: Annihilape|[miss]
|-miss|p1b: SHAMBLES|p2b: Annihilape
|move|p2a: Tyranitar|Rock Slide|p1a: Tyranitar|[spread] p1a,p1b
|-supereffective|p1a: Tyranitar
|-damage|p1a: Tyranitar|7/100
|-damage|p1b: SHAMBLES|29/100
|move|p1a: Tyranitar|Tera Blast|p2b: Annihilape|[anim] Tera Blast Flying
|-supereffective|p2b: Annihilape
|-damage|p2b: Annihilape|0 fnt
|faint|p2b: Annihilape
|
|-weather|Sandstorm|[upkeep]
|-damage|p1b: SHAMBLES|23/100|[from] Sandstorm
|-damage|p1a: Tyranitar|1/100|[from] Sandstorm
|upkeep
|
|t:|1756735956
|switch|p2b: Ursaluna|Ursaluna-Bloodmoon, L50, M|100/100
|turn|3
|
|t:|1756735976
|move|p1b: SHAMBLES|Play Rough|p2b: Ursaluna
|-damage|p2b: Ursaluna|59/100
|-damage|p1b: SHAMBLES|13/100|[from] item: Life Orb
|move|p2a: Tyranitar|Rock Slide|p1b: SHAMBLES|[spread] p1a,p1b
|-supereffective|p1a: Tyranitar
|-damage|p1a: Tyranitar|0 fnt
|-damage|p1b: SHAMBLES|0 fnt
|faint|p1a: Tyranitar
|faint|p1b: SHAMBLES
|move|p2b: Ursaluna|Hyper Voice|p1: Tyranitar|[notarget]
|-fail|p2b: Ursaluna
|
|-weather|Sandstorm|[upkeep]
|upkeep
|
|t:|1756735979
|switch|p1b: BLACK HOLE|Amoonguss, L50, F|100/100
|switch|p1a: Ursaluna|Ursaluna-Bloodmoon, L50, M|100/100
|turn|4
|inactive|bagarresinge has 30 seconds left.
|
|t:|1756736005
|move|p2b: Ursaluna|Protect|p2b: Ursaluna
|-singleturn|p2b: Ursaluna|Protect
|move|p1a: Ursaluna|Blood Moon|p2b: Ursaluna
|-activate|p2b: Ursaluna|move: Protect
|move|p2a: Tyranitar|Rock Slide|p1b: BLACK HOLE|[spread] p1a,p1b
|-resisted|p1a: Ursaluna
|-damage|p1a: Ursaluna|88/100
|-damage|p1b: BLACK HOLE|76/100
|move|p1b: BLACK HOLE|Spore|p2a: Tyranitar
|-status|p2a: Tyranitar|slp|[from] move: Spore
|
|-weather|Sandstorm|[upkeep]
|-damage|p1b: BLACK HOLE|70/100|[from] Sandstorm
|upkeep
|turn|5
|inactive|bagarresinge has 30 seconds left.
|
|t:|1756736031
|move|p1b: BLACK HOLE|Rage Powder|p1b: BLACK HOLE
|-singleturn|p1b: BLACK HOLE|move: Rage Powder
|move|p1a: Ursaluna|Hyper Voice|p2a: Tyranitar|[spread] p2a,p2b
|-resisted|p2a: Tyranitar
|-damage|p2a: Tyranitar|92/100 slp
|-damage|p2b: Ursaluna|0 fnt
|faint|p2b: Ursaluna
|cant|p2a: Tyranitar|slp
|
|-weather|none
|upkeep
|turn|6
|
|t:|1756736042
|move|p1a: Ursaluna|Earth Power|p2a: Tyranitar
|-supereffective|p2a: Tyranitar
|-damage|p2a: Tyranitar|30/100 slp
|cant|p2a: Tyranitar|slp
|move|p1b: BLACK HOLE|Sludge Bomb|p2a: Tyranitar
|-resisted|p2a: Tyranitar
|-damage|p2a: Tyranitar|22/100 slp
|
|upkeep
|turn|7
|
|t:|1756736052
|move|p1a: Ursaluna|Blood Moon|p2a: Tyranitar
|-resisted|p2a: Tyranitar
|-damage|p2a: Tyranitar|0 fnt
|faint|p2a: Tyranitar
|
|win|Atrix MJ
|raw|Atrix MJ's rating: 1303 → 1317(+14 for winning)
|raw|bagarresinge's rating: 1199 → 1181(-18 for losing)
|l|☆bagarresinge
|player|p2|
