|j|☆LynxVGC
|j|☆ginnal
|html|LynxVGCginnal    
|uhtml|bestof|Game 1 of a best-of-3
|t:|1784548389
|gametype|doubles
|player|p1|LynxVGC|larry|1245
|player|p2|ginnal|schoolkid-gen4|1076
|gen|9
|tier|[Gen 9 Champions] VGC 2026 Reg M-B (Bo3)
|rated|
|rule|Species Clause: Limit one of each Pokémon
|rule|Item Clause: Limit 1 of each item
|clearpoke
|poke|p1|Basculegion, L50, M|
|poke|p1|Kingambit, L50, M|
|poke|p1|Maushold, L50|
|poke|p1|Gardevoir, L50, F|
|poke|p1|Talonflame, L50, F|
|poke|p1|Garchomp, L50, M|
|poke|p2|Whimsicott, L50, M, shiny|
|poke|p2|Tinkaton, L50, F|
|poke|p2|Bellibolt, L50, M|
|poke|p2|Garchomp, L50, M|
|poke|p2|Palafin, L50, F, shiny|
|poke|p2|Sceptile, L50, M|
|teampreview|4
|showteam|p1|Basculegion||ChoiceScarf|Adaptability|FlipTurn,AquaJet,WaveCrash,LastRespects|Jolly||M|||50|]Kingambit||FocusSash|Defiant|KowtowCleave,LowKick,SuckerPunch,IronHead|Adamant||M|||50|]Maushold||ChopleBerry|FriendGuard|SuperFang,FollowMe,Feint,Protect|Timid|||||50|]Gardevoir||Gardevoirite|Telepathy|HyperVoice,Psyshock,VacuumWave,Protect|Modest||F|||50|]Talonflame||SharpBeak|GaleWings|DualWingbeat,Tailwind,QuickGuard,Overheat|Naive||F|||50|]Garchomp||LifeOrb|RoughSkin|DragonClaw,Earthquake,RockSlide,Protect|Adamant||M|||50|
|showteam|p2|Whimsicott||FocusSash|Prankster|Encore,Moonblast,Tailwind,Protect|Modest||M|||50|]Tinkaton||Leftovers|MoldBreaker|GigatonHammer,IceHammer,WoodHammer,Protect|Adamant||F|||50|]Bellibolt||Magnet|Electromorphosis|ParabolicCharge,HyperVoice,SlackOff,Protect|Modest||M|||50|]Garchomp||LifeOrb|RoughSkin|DragonClaw,RockSlide,Earthquake,Protect|Adamant||M|||50|]Palafin||WhiteHerb|ZerotoHero|CloseCombat,WaveCrash,FlipTurn,Protect|Adamant||F|||50|]Sceptile||Sceptilite|Overgrow|DragonPulse,GigaDrain,EarthPower,Protect|Modest||M|||50|
|inactive|Battle timer is ON: inactive players will automatically lose when time's up. (requested by ginnal)
|inactive|ginnal has 60 seconds left.
|
|t:|1784548444
|teamsize|p1|4
|teamsize|p2|4
|start
|switch|p1a: Talonflame|Talonflame, L50, F|100/100
|switch|p1b: Gardevoir|Gardevoir, L50, F|100/100
|switch|p2a: Palafin|Palafin, L50, F, shiny|100/100
|switch|p2b: Bellibolt|Bellibolt, L50, M|100/100
|turn|1
|inactive|LynxVGC has 30 seconds left.
|inactive|LynxVGC has 20 seconds left.
|
|t:|1784548483
|switch|p1a: Garchomp|Garchomp, L50, M|100/100
|detailschange|p1b: Gardevoir|Gardevoir-Mega, L50, F
|-mega|p1b: Gardevoir|Gardevoir|Gardevoirite
|move|p2b: Bellibolt|Protect|p2b: Bellibolt
|-singleturn|p2b: Bellibolt|Protect
|move|p2a: Palafin|Flip Turn|p1a: Garchomp
|-damage|p1a: Garchomp|81/100
|-damage|p2a: Palafin|87/100|[from] ability: Rough Skin|[of] p1a: Garchomp
|inactive|ginnal has 30 seconds left.
|
|t:|1784548511
|detailschange|p2a: Palafin|Palafin-Hero, L50, F, shiny
|switch|p2a: Sceptile|Sceptile, L50, M|100/100|[from] Flip Turn
|move|p1b: Gardevoir|Hyper Voice|p2a: Sceptile|[spread] p2a
|-activate|p2b: Bellibolt|move: Protect
|-damage|p2a: Sceptile|29/100
|
|upkeep
|turn|2
|inactive|ginnal has 30 seconds left.
|
|t:|1784548542
|detailschange|p2a: Sceptile|Sceptile-Mega, L50, M
|-mega|p2a: Sceptile|Sceptile|Sceptilite
|move|p1a: Garchomp|Protect|p1a: Garchomp
|-singleturn|p1a: Garchomp|Protect
|move|p2a: Sceptile|Dragon Pulse|p1b: Gardevoir
|-immune|p1b: Gardevoir
|move|p1b: Gardevoir|Hyper Voice|p2a: Sceptile|[spread] p2a,p2b
|-supereffective|p2a: Sceptile|1
|-damage|p2a: Sceptile|0 fnt
|-damage|p2b: Bellibolt|42/100
|-start|p2b: Bellibolt|Charge|Hyper Voice|[from] ability: Electromorphosis
|faint|p2a: Sceptile
|move|p2b: Bellibolt|Parabolic Charge|p1b: Gardevoir|[spread] p1b
|-activate|p1a: Garchomp|move: Protect
|-damage|p1b: Gardevoir|52/100
|-heal|p2b: Bellibolt|64/100|[from] drain|[of] p1b: Gardevoir
|-end|p2b: Bellibolt|Charge|[silent]
|
|upkeep
|
|t:|1784548561
|switch|p2a: Palafin|Palafin-Hero, L50, F, shiny|87/100
|-activate|p2a: Palafin|ability: Zero to Hero
|turn|3
|inactive|LynxVGC has 30 seconds left.
|inactive|LynxVGC has 20 seconds left.
|inactive|LynxVGC has 15 seconds left.
|inactive|LynxVGC has 10 seconds left.
|
|t:|1784548607
|switch|p1a: Kingambit|Kingambit, L50, M|100/100
|move|p2a: Palafin|Wave Crash|p1b: Gardevoir
|-crit|p1b: Gardevoir
|-damage|p1b: Gardevoir|0 fnt
|faint|p1b: Gardevoir
|-damage|p2a: Palafin|70/100|[from] Recoil
|move|p2b: Bellibolt|Hyper Voice|p1a: Kingambit
|-resisted|p1a: Kingambit|1
|-damage|p1a: Kingambit|81/100
|
|upkeep
|
|t:|1784548616
|switch|p1b: Talonflame|Talonflame, L50, F|100/100
|turn|4
|
|t:|1784548628
|move|p1b: Talonflame|Tailwind|p1b: Talonflame
|-sidestart|p1: LynxVGC|move: Tailwind
|move|p1a: Kingambit|Sucker Punch|p2a: Palafin
|-damage|p2a: Palafin|31/100
|move|p2a: Palafin|Flip Turn|p1b: Talonflame
|-supereffective|p1b: Talonflame|1
|-damage|p1b: Talonflame|0 fnt
|faint|p1b: Talonflame
|
|t:|1784548635
|switch|p2a: Garchomp|Garchomp, L50, M|100/100|[from] Flip Turn
|move|p2b: Bellibolt|Parabolic Charge|p1a: Kingambit|[spread] p1a
|-immune|p2a: Garchomp
|-damage|p1a: Kingambit|50/100g
|-heal|p2b: Bellibolt|79/100|[from] drain|[of] p1a: Kingambit
|
|upkeep
|
|t:|1784548642
|switch|p1b: Garchomp|Garchomp, L50, M|81/100
|turn|5
|
|t:|1784548668
|move|p2a: Garchomp|Protect|p2a: Garchomp
|-singleturn|p2a: Garchomp|Protect
|move|p1b: Garchomp|Dragon Claw|p2a: Garchomp
|-activate|p2a: Garchomp|move: Protect
|move|p1a: Kingambit|Kowtow Cleave|p2b: Bellibolt
|-damage|p2b: Bellibolt|38/100
|-start|p2b: Bellibolt|Charge|Kowtow Cleave|[from] ability: Electromorphosis
|move|p2b: Bellibolt|Hyper Voice|p1a: Kingambit|[spread] p1a,p1b
|-resisted|p1a: Kingambit|1
|-damage|p1a: Kingambit|38/100
|-damage|p1b: Garchomp|61/100
|
|upkeep
|turn|6
|inactive|LynxVGC has 30 seconds left.
|inactive|ginnal has 30 seconds left.
|
|t:|1784548694
|switch|p2a: Palafin|Palafin-Hero, L50, F, shiny|31/100
|move|p1b: Garchomp|Dragon Claw|p2a: Palafin
|-damage|p2a: Palafin|0 fnt
|faint|p2a: Palafin
|-damage|p1b: Garchomp|51/100|[from] item: Life Orb
|move|p1a: Kingambit|Kowtow Cleave|p2b: Bellibolt
|-damage|p2b: Bellibolt|0 fnt
|faint|p2b: Bellibolt
|
|upkeep
|
|t:|1784548706
|switch|p2b: Garchomp|Garchomp, L50, M|100/100
|turn|7
|
|t:|1784548712
|move|p2b: Garchomp|Protect|p2b: Garchomp
|-singleturn|p2b: Garchomp|Protect
|move|p1b: Garchomp|Dragon Claw|p2b: Garchomp
|-activate|p2b: Garchomp|move: Protect
|move|p1a: Kingambit|Kowtow Cleave|p2b: Garchomp
|-activate|p2b: Garchomp|move: Protect
|
|-sideend|p1: LynxVGC|move: Tailwind
|upkeep
|turn|8
|
|t:|1784548728
|move|p1a: Kingambit|Sucker Punch|p2b: Garchomp
|-damage|p2b: Garchomp|60/100
|-damage|p1a: Kingambit|25/100|[from] ability: Rough Skin|[of] p2b: Garchomp
|move|p2b: Garchomp|Dragon Claw|p1b: Garchomp
|-supereffective|p1b: Garchomp|1
|-damage|p1b: Garchomp|0 fnt
|-damage|p2b: Garchomp|48/100|[from] ability: Rough Skin|[of] p1b: Garchomp
|faint|p1b: Garchomp
|-damage|p2b: Garchomp|38/100|[from] item: Life Orb
|
|upkeep
|turn|9
|
|t:|1784548741
|move|p1a: Kingambit|Sucker Punch|p2b: Garchomp
|-damage|p2b: Garchomp|0 fnt
|-damage|p1a: Kingambit|13/100|[from] ability: Rough Skin|[of] p2b: Garchomp
|faint|p2b: Garchomp
|
|win|LynxVGC
||LynxVGC is ready for game 2.
||ginnal is ready for game 2.
|uhtml|next|Next: Game 2 of 3
|l|☆ginnal
|player|p2|
