|j|☆TeyVgc
|j|☆Sodamario
|html|TeyVgcSodamario    
|uhtml|bestof|Game 1 of a best-of-3
|t:|1783440166
|gametype|doubles
|player|p1|TeyVgc|rood|1322
|player|p2|Sodamario|cynthia-gen4|1449
|gen|9
|tier|[Gen 9 Champions] VGC 2026 Reg M-B (Bo3)
|rated|
|rule|Species Clause: Limit one of each Pokémon
|rule|Item Clause: Limit 1 of each item
|clearpoke
|poke|p1|Raichu, L50, M|
|poke|p1|Sinistcha, L50|
|poke|p1|Ceruledge, L50, M|
|poke|p1|Milotic, L50, M|
|poke|p1|Incineroar, L50, M|
|poke|p1|Floette-Eternal, L50, F|
|poke|p2|Ceruledge, L50, F|
|poke|p2|Milotic, L50, M|
|poke|p2|Incineroar, L50, F|
|poke|p2|Raichu, L50, F|
|poke|p2|Ninetales-Alola, L50, F|
|poke|p2|Sinistcha, L50|
|teampreview|4
|showteam|p1|Raichu||RaichuniteY|LightningRod|ZapCannon,FocusBlast,FakeOut,Protect|Timid||M|||50|]Sinistcha||KasibBerry|Hospitality|MatchaGotcha,LifeDew,RagePowder,Protect|Relaxed|||||50|]Ceruledge||ColburBerry|FlashFire|BitterBlade,ShadowSneak,BulkUp,Protect|Adamant||M|||50|]Milotic||Leftovers|Competitive|MuddyWater,Coil,Hypnosis,Protect|Calm||M|||50|]Incineroar||SitrusBerry|Intimidate|FlareBlitz,ThroatChop,FakeOut,PartingShot|Impish||M|||50|]Floette-Eternal||Floettite|FlowerVeil|CalmMind,Protect,Moonblast,DazzlingGleam|Modest||F|||50|
|showteam|p2|Ceruledge||ColburBerry|FlashFire|BitterBlade,ShadowSneak,BulkUp,Protect|Adamant||F|||50|]Milotic||Leftovers|Competitive|MuddyWater,Coil,Hypnosis,Protect|Bold||M|||50|]Incineroar||SitrusBerry|Intimidate|FlareBlitz,PartingShot,FakeOut,DarkestLariat|Impish||F|||50|]Raichu||RaichuniteY|LightningRod|ZapCannon,FocusBlast,FakeOut,Protect|Timid||F|||50|]Ninetales-Alola||NeverMeltIce|SnowWarning|Blizzard,FreezeDry,AuroraVeil,Protect|Timid||F|||50|]Sinistcha||KasibBerry|Hospitality|MatchaGotcha,RagePowder,TrickRoom,Protect|Bold|||||50|
|c|☆TeyVgc|smart change
|c|☆TeyVgc|changes*
|
|t:|1783440268
|teamsize|p1|4
|teamsize|p2|4
|start
|switch|p1a: Raichu|Raichu, L50, M|100/100
|switch|p1b: Milotic|Milotic, L50, M|100/100
|switch|p2a: Raichu|Raichu, L50, F|100/100
|switch|p2b: Milotic|Milotic, L50, M|100/100
|turn|1
|
|t:|1783440283
|switch|p2a: Sinistcha|Sinistcha, L50|100/100
|detailschange|p1a: Raichu|Raichu-Mega-Y, L50, M
|-mega|p1a: Raichu|Raichu|Raichunite Y
|move|p1a: Raichu|Fake Out|p2a: Sinistcha
|-immune|p2a: Sinistcha
|move|p1b: Milotic|Coil|p1b: Milotic
|-boost|p1b: Milotic|atk|1
|-boost|p1b: Milotic|def|1
|-boost|p1b: Milotic|accuracy|1
|move|p2b: Milotic|Coil|p2b: Milotic
|-boost|p2b: Milotic|atk|1
|-boost|p2b: Milotic|def|1
|-boost|p2b: Milotic|accuracy|1
|
|upkeep
|turn|2
|
|t:|1783440302
|move|p1a: Raichu|Protect|p1a: Raichu
|-singleturn|p1a: Raichu|Protect
|move|p2a: Sinistcha|Rage Powder|p2a: Sinistcha
|-singleturn|p2a: Sinistcha|move: Rage Powder
|move|p1b: Milotic|Hypnosis|p2a: Sinistcha
|-status|p2a: Sinistcha|slp|[from] move: Hypnosis
|move|p2b: Milotic|Hypnosis|p1b: Milotic
|-status|p1b: Milotic|slp|[from] move: Hypnosis
|
|upkeep
|turn|3
|
|t:|1783440319
|switch|p2a: Raichu|Raichu, L50, F|100/100
|move|p1a: Raichu|Zap Cannon|p2a: Raichu
|-activate|p2a: Raichu|ability: Lightning Rod
|-ability|p2a: Raichu|Lightning Rod|boost
|-boost|p2a: Raichu|spa|1
|cant|p1b: Milotic|slp
|move|p2b: Milotic|Muddy Water|p1b: Milotic|[spread] p1a,p1b
|-resisted|p1b: Milotic|1
|-damage|p1a: Raichu|68/100
|-damage|p1b: Milotic|92/100 slp
|-unboost|p1a: Raichu|accuracy|1
|
|-heal|p1b: Milotic|98/100 slp|[from] item: Leftovers
|upkeep
|turn|4
|
|t:|1783440360
|switch|p1b: Sinistcha|Sinistcha, L50|100/100
|-heal|p1a: Raichu|93/100|[from] ability: Hospitality|[of] p1b: Sinistcha
|detailschange|p2a: Raichu|Raichu-Mega-Y, L50, F
|-mega|p2a: Raichu|Raichu|Raichunite Y
|move|p2a: Raichu|Focus Blast|p1a: Raichu
|-damage|p1a: Raichu|5/100
|move|p1a: Raichu|Zap Cannon|p2b: Milotic
|-supereffective|p2b: Milotic|1
|-damage|p2b: Milotic|4/100
|-status|p2b: Milotic|par
|move|p2b: Milotic|Coil|p2b: Milotic
|-boost|p2b: Milotic|atk|1
|-boost|p2b: Milotic|def|1
|-boost|p2b: Milotic|accuracy|1
|
|-heal|p2b: Milotic|10/100 par|[from] item: Leftovers
|upkeep
|turn|5
|
|t:|1783440389
|cant|p2b: Milotic|par
|move|p2a: Raichu|Zap Cannon|p1b: Sinistcha
|-resisted|p1b: Sinistcha|1
|-damage|p1b: Sinistcha|56/100
|-status|p1b: Sinistcha|par
|move|p1a: Raichu|Focus Blast|p2a: Raichu
|-damage|p2a: Raichu|47/100
|move|p1b: Sinistcha|Matcha Gotcha|p2b: Milotic|[spread] p2a,p2b
|-supereffective|p2b: Milotic|1
|-damage|p2a: Raichu|17/100
|-heal|p1b: Sinistcha|70/100 par|[from] drain|[of] p2a: Raichu
|-damage|p2b: Milotic|0 fnt
|-heal|p1b: Sinistcha|76/100 par|[from] drain|[of] p2b: Milotic
|faint|p2b: Milotic
|
|upkeep
|
|t:|1783440398
|switch|p2b: Ceruledge|Ceruledge, L50, F|100/100
|turn|6
|
|t:|1783440413
|move|p2a: Raichu|Protect|p2a: Raichu
|-singleturn|p2a: Raichu|Protect
|move|p1b: Sinistcha|Rage Powder|p1b: Sinistcha
|-singleturn|p1b: Sinistcha|move: Rage Powder
|move|p1a: Raichu|Zap Cannon|p2b: Ceruledge
|-damage|p2b: Ceruledge|38/100
|-status|p2b: Ceruledge|par
|move|p2b: Ceruledge|Bitter Blade|p1b: Sinistcha
|-supereffective|p1b: Sinistcha|1
|-damage|p1b: Sinistcha|0 fnt
|-heal|p2b: Ceruledge|76/100 par|[from] drain|[of] p1b: Sinistcha
|faint|p1b: Sinistcha
|
|upkeep
|
|t:|1783440423
|switch|p1b: Ceruledge|Ceruledge, L50, M|100/100
|turn|7
|
|t:|1783440433
|switch|p2b: Sinistcha|Sinistcha, L50|100/100 slp
|-heal|p2a: Raichu|42/100|[from] ability: Hospitality|[of] p2b: Sinistcha
|move|p1b: Ceruledge|Shadow Sneak|p2a: Raichu
|-damage|p2a: Raichu|9/100
|move|p2a: Raichu|Zap Cannon|p1b: Ceruledge
|-damage|p1b: Ceruledge|11/100
|-status|p1b: Ceruledge|par
|move|p1a: Raichu|Zap Cannon|p2b: Sinistcha
|-resisted|p2b: Sinistcha|1
|-crit|p2b: Sinistcha
|-damage|p2b: Sinistcha|50/100y slp
|
|upkeep
|turn|8
|
|t:|1783440454
|move|p1a: Raichu|Protect|p1a: Raichu
|-singleturn|p1a: Raichu|Protect
|move|p1b: Ceruledge|Shadow Sneak|p2a: Raichu
|-damage|p2a: Raichu|0 fnt
|faint|p2a: Raichu
|cant|p2b: Sinistcha|slp
|
|upkeep
|
|t:|1783440458
|switch|p2a: Ceruledge|Ceruledge, L50, F|76/100 par
|turn|9
|
|t:|1783440472
|move|p2a: Ceruledge|Shadow Sneak|p1b: Ceruledge
|-supereffective|p1b: Ceruledge|1
|-damage|p1b: Ceruledge|0 fnt
|faint|p1b: Ceruledge
|move|p1a: Raichu|Zap Cannon|p2a: Ceruledge
|-damage|p2a: Ceruledge|11/100 par
|-curestatus|p2b: Sinistcha|slp|[msg]
|move|p2b: Sinistcha|Matcha Gotcha|p1a: Raichu
|-damage|p1a: Raichu|0 fnt
|-heal|p2b: Sinistcha|52/100|[from] drain|[of] p1a: Raichu
|faint|p1a: Raichu
|
|upkeep
|
|t:|1783440481
|switch|p1b: Milotic|Milotic, L50, M|98/100 slp
|turn|10
|
|t:|1783440486
|move|p2a: Ceruledge|Shadow Sneak|p1b: Milotic
|-damage|p1b: Milotic|80/100 slp
|cant|p1b: Milotic|slp
|move|p2b: Sinistcha|Matcha Gotcha|p1b: Milotic
|-supereffective|p1b: Milotic|1
|-damage|p1b: Milotic|32/100 slp
|-heal|p2b: Sinistcha|79/100|[from] drain|[of] p1b: Milotic
|
|-heal|p1b: Milotic|38/100 slp|[from] item: Leftovers
|upkeep
|turn|11
|
|t:|1783440493
|cant|p2a: Ceruledge|par
|-curestatus|p1b: Milotic|slp|[msg]
|move|p1b: Milotic|Muddy Water|p2a: Ceruledge|[spread] p2a,p2b
|-supereffective|p2a: Ceruledge|1
|-resisted|p2b: Sinistcha|1
|-damage|p2a: Ceruledge|0 fnt
|-damage|p2b: Sinistcha|69/100
|faint|p2a: Ceruledge
|move|p2b: Sinistcha|Matcha Gotcha|p1b: Milotic
|-supereffective|p1b: Milotic|1
|-damage|p1b: Milotic|0 fnt
|-heal|p2b: Sinistcha|91/100|[from] drain|[of] p1b: Milotic
|faint|p1b: Milotic
|
|win|Sodamario
