|j|â˜†hugemilk
|j|â˜†SeymoursLeftToeVGC
|html|hugemilkSeymoursLeftToeVGC    
|uhtml|bestof|Game 1 of a best-of-3
|t:|1783348875
|gametype|doubles
|player|p1|hugemilk|2|1086
|player|p2|SeymoursLeftToeVGC|ninjaboy|1157
|gen|9
|tier|[Gen 9 Champions] VGC 2026 Reg M-B (Bo3)
|rated|
|rule|Species Clause: Limit one of each PokÃ©mon
|rule|Item Clause: Limit 1 of each item
|clearpoke
|poke|p1|Delphox, L50, F, shiny|
|poke|p1|Garchomp, L50, F|
|poke|p1|Sneasler, L50, M|
|poke|p1|Venusaur, L50, M|
|poke|p1|Grimmsnarl, L50, M, shiny|
|poke|p1|Samurott-Hisui, L50, F|
|poke|p2|Tyranitar, L50, M, shiny|
|poke|p2|Excadrill, L50, M, shiny|
|poke|p2|Kangaskhan, L50, F, shiny|
|poke|p2|Tsareena, L50, F, shiny|
|poke|p2|Clefable, L50, M, shiny|
|poke|p2|Talonflame, L50, M, shiny|
|teampreview|4
|showteam|p1|Delphox||Delphoxite|Blaze|HeatWave,Psychic,Substitute,Protect|Timid||F|||50|]Garchomp||LifeOrb|RoughSkin|DragonClaw,Earthquake,RockSlide,Protect|Jolly||F|||50|]Sneasler||WhiteHerb|Unburden|CloseCombat,DireClaw,FakeOut,Protect|Adamant||M|||50|]Venusaur||Venusaurite|Overgrow|GigaDrain,SludgeBomb,LeechSeed,Protect|Bold||M|||50|]Grimmsnarl||LightClay|Prankster|SpiritBreak,Reflect,LightScreen,FakeTears|Impish||M|||50|]Samurott-Hisui||FocusSash|Sharpness|SuckerPunch,RazorShell,SacredSword,Taunt|Adamant||F|||50|
|showteam|p2|Tyranitar||Tyranitarite|SandStream|RockSlide,Protect,DragonDance,KnockOff|Adamant||M|||50|]Excadrill||FocusSash|SandRush|Earthquake,IronHead,Protect,HighHorsepower|Adamant||M|||50|]Kangaskhan||Kangaskhanite|Scrappy|FakeOut,LastResort|Adamant||F|||50|]Tsareena||LifeOrb|QueenlyMajesty|LowKick,Protect,TropKick,Uturn|Adamant||F|||50|]Clefable||SitrusBerry|Unaware|FollowMe,IceBeam,Protect,HelpingHand|Modest||M|||50|]Talonflame||SharpBeak|GaleWings|DualWingbeat,Tailwind,Protect,Taunt|Adamant||M|||50|
|inactive|Battle timer is ON: inactive players will automatically lose when time's up. (requested by SeymoursLeftToeVGC)
|inactive|SeymoursLeftToeVGC has 60 seconds left.
|
|t:|1783348928
|teamsize|p1|4
|teamsize|p2|4
|start
|switch|p1a: Venusaur|Venusaur, L50, M|100/100
|switch|p1b: Grimmsnarl|Grimmsnarl, L50, M, shiny|100/100
|switch|p2a: Talonflame|Talonflame, L50, M, shiny|100/100
|switch|p2b: Tyranitar|Tyranitar, L50, M, shiny|100/100
|-weather|Sandstorm|[from] ability: Sand Stream|[of] p2b: Tyranitar
|turn|1
|inactive|hugemilk has 30 seconds left.
|
|t:|1783348959
|detailschange|p2b: Tyranitar|Tyranitar-Mega, L50, M, shiny
|-mega|p2b: Tyranitar|Tyranitar|Tyranitarite
|detailschange|p1a: Venusaur|Venusaur-Mega, L50, M
|-mega|p1a: Venusaur|Venusaur|Venusaurite
|move|p2a: Talonflame|Dual Wingbeat|p1a: Venusaur|[miss]
|-miss|p2a: Talonflame|p1a: Venusaur
|move|p1b: Grimmsnarl|Reflect|p1b: Grimmsnarl
|-sidestart|p1: hugemilk|Reflect
|move|p2b: Tyranitar|Rock Slide|p1a: Venusaur|[spread] p1a,p1b
|-damage|p1a: Venusaur|83/100
|-damage|p1b: Grimmsnarl|78/100
|move|p1a: Venusaur|Sludge Bomb|p2a: Talonflame
|-damage|p2a: Talonflame|55/100
|
|-weather|Sandstorm|[upkeep]
|-damage|p2a: Talonflame|49/100|[from] Sandstorm
|-damage|p1a: Venusaur|77/100|[from] Sandstorm
|-damage|p1b: Grimmsnarl|72/100|[from] Sandstorm
|upkeep
|turn|2
|
|t:|1783348979
|move|p2a: Talonflame|Tailwind|p2a: Talonflame
|-sidestart|p2: SeymoursLeftToeVGC|move: Tailwind
|move|p2b: Tyranitar|Rock Slide|p1a: Venusaur|[spread] p1a,p1b
|-damage|p1a: Venusaur|59/100
|-damage|p1b: Grimmsnarl|50/100y
|move|p1a: Venusaur|Giga Drain|p2b: Tyranitar
|-supereffective|p2b: Tyranitar|1
|-damage|p2b: Tyranitar|69/100
|-heal|p1a: Venusaur|75/100|[from] drain|[of] p2b: Tyranitar
|move|p1b: Grimmsnarl|Spirit Break|p2b: Tyranitar
|-supereffective|p2b: Tyranitar|1
|-damage|p2b: Tyranitar|31/100
|-unboost|p2b: Tyranitar|spa|1
|
|-weather|Sandstorm|[upkeep]
|-damage|p2a: Talonflame|43/100|[from] Sandstorm
|-damage|p1a: Venusaur|70/100|[from] Sandstorm
|-damage|p1b: Grimmsnarl|44/100|[from] Sandstorm
|upkeep
|turn|3
|
|t:|1783349001
|move|p1b: Grimmsnarl|Fake Tears|p2a: Talonflame
|-unboost|p2a: Talonflame|spd|2
|move|p2a: Talonflame|Dual Wingbeat|p1a: Venusaur
|-supereffective|p1a: Venusaur|1
|-damage|p1a: Venusaur|54/100
|-supereffective|p1a: Venusaur|1
|-damage|p1a: Venusaur|41/100
|-hitcount|p1a: Venusaur|2
|move|p2b: Tyranitar|Rock Slide|p1a: Venusaur|[spread] p1a,p1b
|-damage|p1a: Venusaur|24/100
|-damage|p1b: Grimmsnarl|20/100y
|move|p1a: Venusaur|Leech Seed|p2b: Tyranitar
|-start|p2b: Tyranitar|move: Leech Seed
|
|-weather|Sandstorm|[upkeep]
|-damage|p2a: Talonflame|37/100|[from] Sandstorm
|-damage|p1a: Venusaur|18/100|[from] Sandstorm
|-damage|p1b: Grimmsnarl|14/100|[from] Sandstorm
|-damage|p2b: Tyranitar|18/100|[from] Leech Seed|[of] p1a: Venusaur
|-heal|p1a: Venusaur|32/100|[silent]
|upkeep
|turn|4
|
|t:|1783349022
|switch|p1b: Garchomp|Garchomp, L50, F|100/100
|move|p1a: Venusaur|Protect|p1a: Venusaur
|-singleturn|p1a: Venusaur|Protect
|move|p2a: Talonflame|Dual Wingbeat|p1a: Venusaur
|-activate|p1a: Venusaur|move: Protect
|move|p2b: Tyranitar|Rock Slide|p1b: Garchomp|[spread] p1b
|-activate|p1a: Venusaur|move: Protect
|-resisted|p1b: Garchomp|1
|-damage|p1b: Garchomp|87/100
|
|-weather|Sandstorm|[upkeep]
|-damage|p2a: Talonflame|31/100|[from] Sandstorm
|-damage|p1a: Venusaur|26/100|[from] Sandstorm
|-damage|p2b: Tyranitar|6/100|[from] Leech Seed|[of] p1a: Venusaur
|-heal|p1a: Venusaur|39/100|[silent]
|upkeep
|turn|5
|
|t:|1783349045
|move|p2a: Talonflame|Dual Wingbeat|p1a: Venusaur|[miss]
|-miss|p2a: Talonflame|p1a: Venusaur
|move|p2b: Tyranitar|Knock Off|p1a: Venusaur
|-damage|p1a: Venusaur|18/100
|move|p1b: Garchomp|Rock Slide|p2a: Talonflame|[spread] p2a,p2b
|-supereffective|p2a: Talonflame|2
|-damage|p2a: Talonflame|0 fnt
|-damage|p2b: Tyranitar|0 fnt
|faint|p2a: Talonflame
|faint|p2b: Tyranitar
|-damage|p1b: Garchomp|77/100|[from] item: Life Orb
|move|p1a: Venusaur|Sludge Bomb|p2: Talonflame|[notarget]
|-fail|p1a: Venusaur
|
|-weather|none
|-sideend|p2: SeymoursLeftToeVGC|move: Tailwind
|upkeep
|
|t:|1783349058
|switch|p2a: Tsareena|Tsareena, L50, F, shiny|100/100
|switch|p2b: Excadrill|Excadrill, L50, M, shiny|100/100
|turn|6
|
|t:|1783349075
|move|p1b: Garchomp|Earthquake|p2a: Tsareena|[spread] p1a,p2a,p2b
|-resisted|p2a: Tsareena|1
|-supereffective|p2b: Excadrill|1
|-damage|p1a: Venusaur|0 fnt
|-damage|p2a: Tsareena|70/100
|-enditem|p2b: Excadrill|Focus Sash
|-damage|p2b: Excadrill|1/100
|faint|p1a: Venusaur
|-damage|p1b: Garchomp|68/100|[from] item: Life Orb
|move|p2b: Excadrill|High Horsepower|p1b: Garchomp
|-damage|p1b: Garchomp|34/100
|-damage|p2b: Excadrill|0 fnt|[from] ability: Rough Skin|[of] p1b: Garchomp
|faint|p2b: Excadrill
|move|p2a: Tsareena|Trop Kick|p1b: Garchomp
|-damage|p1b: Garchomp|0 fnt
|-damage|p2a: Tsareena|58/100|[from] ability: Rough Skin|[of] p1b: Garchomp
|faint|p1b: Garchomp
|-damage|p2a: Tsareena|48/100|[from] item: Life Orb
|
|upkeep
|
|t:|1783349082
|switch|p1b: Grimmsnarl|Grimmsnarl, L50, M, shiny|14/100
|switch|p1a: Sneasler|Sneasler, L50, M|100/100
|turn|7
|-message|SeymoursLeftToeVGC forfeited.
|
|win|hugemilk
