|j|☆FR45
|j|☆LekyS3
|html|FR45LekyS3    
|uhtml|bestof|Game 2 of a best-of-3
|t:|1782609045
|gametype|doubles
|player|p1|FR45|ethan|1192
|player|p2|LekyS3|1|1297
|gen|9
|tier|[Gen 9 Champions] VGC 2026 Reg M-B (Bo3)
|rated|
|rule|Species Clause: Limit one of each Pokémon
|rule|Item Clause: Limit 1 of each item
|clearpoke
|poke|p1|Charizard, L50, M, shiny|
|poke|p1|Garchomp, L50, M|
|poke|p1|Sneasler, L50, M|
|poke|p1|Mawile, L50, M, shiny|
|poke|p1|Venusaur, L50, F|
|poke|p1|Farigiraf, L50, F|
|poke|p2|Sceptile, L50, F|
|poke|p2|Milotic, L50, M|
|poke|p2|Alcremie, L50, F|
|poke|p2|Rotom-Heat, L50|
|poke|p2|Sableye, L50, F|
|poke|p2|Beedrill, L50, F|
|teampreview|4
|showteam|p1|Charizard||CharizarditeY|Blaze|HeatWave,SolarBeam,WeatherBall,Protect|Timid||M|||50|]Garchomp||LifeOrb|RoughSkin|DragonClaw,StompingTantrum,RockSlide,Protect|Jolly||M|||50|]Sneasler||WhiteHerb|Unburden|FakeOut,DireClaw,CloseCombat,Protect|Jolly||M|||50|]Mawile||Mawilite|Intimidate|IronHead,SuckerPunch,PlayRough,Protect|Adamant||M|||50|]Venusaur||FocusSash|Chlorophyll|GigaDrain,SludgeBomb,EarthPower,SleepPowder|Modest||F|||50|]Farigiraf||SitrusBerry|ArmorTail|Psychic,Thunderbolt,Roar,TrickRoom|Quiet||F|||50|
|showteam|p2|Sceptile||Sceptilite|Overgrow|DragonPulse,GigaDrain,Protect,Substitute|Timid||F|||50|]Milotic||Leftovers|Competitive|Hypnosis,Coil,MuddyWater,Recover|Calm||M|||50|]Alcremie||FocusSash|AromaVeil|Decorate,AlluringVoice,Protect,Charm|Timid||F|||50|]Rotom-Heat||ChoiceScarf|Levitate|Discharge,Overheat,VoltSwitch,WillOWisp|Timid|||||50|]Sableye||Sablenite|Prankster|SkillSwap,FakeOut,Encore,Disable|Impish||F|||50|]Beedrill||Beedrillite|Sniper|Uturn,PoisonJab,DualWingbeat,DrillRun|Jolly||F|||50|
|inactive|Battle timer is ON: inactive players will automatically lose when time's up. (requested by FR45)
|
|t:|1782609075
|teamsize|p1|4
|teamsize|p2|4
|start
|switch|p1a: Charizard|Charizard, L50, M, shiny|100/100
|switch|p1b: Garchomp|Garchomp, L50, M|100/100
|switch|p2a: Milotic|Milotic, L50, M|100/100
|switch|p2b: Sableye|Sableye, L50, F|100/100
|turn|1
|inactive|LekyS3 has 30 seconds left.
|inactive|FR45 has 30 seconds left.
|inactive|LekyS3 has 20 seconds left.
|inactive|LekyS3 has 15 seconds left.
|inactive|LekyS3 has 10 seconds left.
|
|t:|1782609124
|switch|p2a: Sceptile|Sceptile, L50, F|100/100
|switch|p2b: Alcremie|Alcremie, L50, F|100/100
|detailschange|p1a: Charizard|Charizard-Mega-Y, L50, M, shiny
|-mega|p1a: Charizard|Charizard|Charizardite Y
|-weather|SunnyDay|[from] ability: Drought|[of] p1a: Charizard
|move|p1b: Garchomp|Rock Slide|p2b: Alcremie|[spread] p2a,p2b
|-damage|p2a: Sceptile|55/100
|-damage|p2b: Alcremie|61/100
|-damage|p1b: Garchomp|90/100|[from] item: Life Orb
|move|p1a: Charizard|Solar Beam||[still]
|-prepare|p1a: Charizard|Solar Beam
|-anim|p1a: Charizard|Solar Beam|p2a: Sceptile
|-resisted|p2a: Sceptile|1
|-damage|p2a: Sceptile|23/100
|
|-weather|SunnyDay|[upkeep]
|upkeep
|turn|2
|inactive|FR45 has 30 seconds left.
|inactive|LekyS3 has 30 seconds left.
|
|t:|1782609158
|move|p2a: Sceptile|Protect|p2a: Sceptile
|-singleturn|p2a: Sceptile|Protect
|move|p1b: Garchomp|Protect|p1b: Garchomp
|-singleturn|p1b: Garchomp|Protect
|move|p1a: Charizard|Heat Wave|p2b: Alcremie|[spread] p2b
|-activate|p2a: Sceptile|move: Protect
|-damage|p2b: Alcremie|0 fnt
|faint|p2b: Alcremie
|
|-weather|SunnyDay|[upkeep]
|upkeep
|
|t:|1782609175
|switch|p2b: Milotic|Milotic, L50, M|100/100
|turn|3
|inactive|FR45 has 30 seconds left.
|inactive|FR45 has 20 seconds left.
|inactive|FR45 has 15 seconds left.
|
|t:|1782609218
|switch|p1b: Farigiraf|Farigiraf, L50, F|100/100
|detailschange|p2a: Sceptile|Sceptile-Mega, L50, F
|-mega|p2a: Sceptile|Sceptile|Sceptilite
|move|p2a: Sceptile|Dragon Pulse|p1b: Farigiraf
|-damage|p1b: Farigiraf|58/100
|move|p1a: Charizard|Solar Beam||[still]
|-prepare|p1a: Charizard|Solar Beam
|-anim|p1a: Charizard|Solar Beam|p2b: Milotic
|-supereffective|p2b: Milotic|1
|-damage|p2b: Milotic|51/100
|move|p2b: Milotic|Coil|p2b: Milotic
|-boost|p2b: Milotic|atk|1
|-boost|p2b: Milotic|def|1
|-boost|p2b: Milotic|accuracy|1
|
|-weather|SunnyDay|[upkeep]
|-heal|p2b: Milotic|57/100|[from] item: Leftovers
|upkeep
|turn|4
|inactive|FR45 has 30 seconds left.
|
|t:|1782609245
|move|p2a: Sceptile|Giga Drain|p1b: Farigiraf
|-damage|p1b: Farigiraf|23/100
|-heal|p2a: Sceptile|49/100|[from] drain|[of] p1b: Farigiraf
|-enditem|p1b: Farigiraf|Sitrus Berry|[eat]
|-heal|p1b: Farigiraf|48/100|[from] item: Sitrus Berry
|move|p1a: Charizard|Heat Wave|p2a: Sceptile|[spread] p2a,p2b
|-resisted|p2b: Milotic|1
|-damage|p2a: Sceptile|0 fnt
|-damage|p2b: Milotic|40/100
|faint|p2a: Sceptile
|move|p2b: Milotic|Recover|p2b: Milotic
|-heal|p2b: Milotic|90/100
|move|p1b: Farigiraf|Thunderbolt|p2b: Milotic
|-supereffective|p2b: Milotic|1
|-damage|p2b: Milotic|59/100
|
|-weather|SunnyDay|[upkeep]
|-heal|p2b: Milotic|65/100|[from] item: Leftovers
|upkeep
|
|t:|1782609256
|switch|p2a: Sableye|Sableye, L50, F|100/100
|turn|5
|inactive|FR45 has 30 seconds left.
|
|t:|1782609281
|move|p2a: Sableye|Skill Swap|p2b: Milotic
|-activate|p2a: Sableye|Skill Swap|||[of] p2b: Milotic
|move|p1a: Charizard|Solar Beam||[still]
|-prepare|p1a: Charizard|Solar Beam
|-anim|p1a: Charizard|Solar Beam|p2b: Milotic
|-supereffective|p2b: Milotic|1
|-damage|p2b: Milotic|18/100
|move|p2b: Milotic|Muddy Water|p1a: Charizard|[spread] p1a,p1b
|-supereffective|p1a: Charizard|1
|-damage|p1a: Charizard|76/100
|-damage|p1b: Farigiraf|36/100
|move|p1b: Farigiraf|Thunderbolt|p2b: Milotic
|-supereffective|p2b: Milotic|1
|-damage|p2b: Milotic|0 fnt
|faint|p2b: Milotic
|
|-weather|none
|upkeep
|turn|6
|-message|LekyS3 forfeited.
|raw|FR45's rating: 1192 → 1224(+32 for winning)
|raw|LekyS3's rating: 1297 → 1265(-32 for losing)
|
|win|FR45
