|j|☆Hayz27727282828
|j|☆owbd
|html|Hayz27727282828owbd    
|uhtml|bestof|Game 1 of a best-of-3
|t:|1756886742
|gametype|doubles
|player|p1|Hayz27727282828|169|1133
|player|p2|owbd|cynthia-gen4|1133
|gen|9
|tier|[Gen 9] VGC 2025 Reg H (Bo3)
|rated|
|rule|Species Clause: Limit one of each Pokémon
|rule|Item Clause: Limit 1 of each item
|clearpoke
|poke|p1|Tyranitar, L50, F|
|poke|p1|Rillaboom, L50, M|
|poke|p1|Volcarona, L50, F|
|poke|p1|Primarina, L50, M|
|poke|p1|Sneasler, L50, M|
|poke|p1|Baxcalibur, L50, M|
|poke|p2|Gholdengo, L50|
|poke|p2|Incineroar, L50, M|
|poke|p2|Ursaluna-Bloodmoon, L50, M|
|poke|p2|Indeedee, L50, M|
|poke|p2|Sneasler, L50, M|
|poke|p2|Murkrow, L50, M|
|teampreview|4
|showteam|p1|Tyranitar||FocusSash|SandStream|RockSlide,KnockOff,Taunt,Protect|||F|||50|,,,,,Ghost]Rillaboom||AssaultVest|GrassySurge|HighHorsepower,Uturn,GrassyGlide,FakeOut|||M|||50|,,,,,Fire]Volcarona||Leftovers|FlameBody|FieryDance,QuiverDance,GigaDrain,Protect|||F|||50|,,,,,Dragon]Primarina||ThroatSpray|LiquidVoice|Moonblast,HyperVoice,Haze,Protect|||M|||50|,,,,,Ground]Sneasler||GrassySeed|Unburden|CloseCombat,DireClaw,Acrobatics,Protect|||M|||50|,,,,,Dark]Baxcalibur||ClearAmulet|ThermalExchange|IceShard,GlaiveRush,Protect,IcicleCrash|||M|||50|,,,,,Water
|showteam|p2|Gholdengo||ChoiceSpecs|GoodasGold|MakeItRain,ShadowBall,Thunderbolt,Trick||||||50|,,,,,Steel]Incineroar||SafetyGoggles|Intimidate|FlareBlitz,PartingShot,FakeOut,KnockOff|||M|||50|,,,,,Ghost]Ursaluna-Bloodmoon||AssaultVest|MindsEye|BloodMoon,EarthPower,HyperVoice,Moonblast|||M|||50|,,,,,Normal]Indeedee||FocusSash|PsychicSurge|ExpandingForce,Protect,TrickRoom,Imprison|||M|||50|,,,,,Psychic]Sneasler||PsychicSeed|Unburden|CloseCombat,DireClaw,FakeOut,ThroatChop|||M|||50|,,,,,Stellar]Murkrow||CovertCloak|Prankster|FoulPlay,Haze,SunnyDay,Tailwind|||M|||50|,,,,,Dark
|inactive|Battle timer is ON: inactive players will automatically lose when time's up. (requested by Hayz27727282828)
|inactive|Hayz27727282828 has 60 seconds left.
|inactive|owbd has 60 seconds left.
|
|t:|1756886801
|teamsize|p1|4
|teamsize|p2|4
|start
|switch|p1a: Tyranitar|Tyranitar, L50, F|100/100
|switch|p1b: Rillaboom|Rillaboom, L50, M|100/100
|switch|p2a: Gholdengo|Gholdengo, L50|100/100
|switch|p2b: Murkrow|Murkrow, L50, M|100/100
|-fieldstart|move: Grassy Terrain|[from] ability: Grassy Surge|[of] p1b: Rillaboom
|-weather|Sandstorm|[from] ability: Sand Stream|[of] p1a: Tyranitar
|turn|1
|inactive|Hayz27727282828 has 30 seconds left.
|
|t:|1756886829
|-terastallize|p2a: Gholdengo|Steel
|move|p2b: Murkrow|Tailwind|p2b: Murkrow
|-sidestart|p2: owbd|move: Tailwind
|move|p2a: Gholdengo|Make It Rain|p1b: Rillaboom|[spread] p1a,p1b
|-supereffective|p1a: Tyranitar
|-enditem|p1a: Tyranitar|Focus Sash
|-damage|p1a: Tyranitar|1/100
|-damage|p1b: Rillaboom|32/100
|-unboost|p2a: Gholdengo|spa|1
|move|p1b: Rillaboom|High Horsepower|p2a: Gholdengo
|-supereffective|p2a: Gholdengo
|-damage|p2a: Gholdengo|29/100
|move|p1a: Tyranitar|Taunt|p2b: Murkrow
|-start|p2b: Murkrow|move: Taunt
|
|-weather|Sandstorm|[upkeep]
|-damage|p2b: Murkrow|95/100|[from] Sandstorm
|-damage|p1b: Rillaboom|25/100|[from] Sandstorm
|-heal|p2a: Gholdengo|35/100|[from] Grassy Terrain
|-heal|p1b: Rillaboom|32/100|[from] Grassy Terrain
|-heal|p1a: Tyranitar|7/100|[from] Grassy Terrain
|upkeep
|turn|2
|inactive|Hayz27727282828 has 30 seconds left.
|
|t:|1756886856
|switch|p2b: Indeedee|Indeedee, L50, M|100/100
|-fieldstart|move: Psychic Terrain|[from] ability: Psychic Surge|[of] p2b: Indeedee
|move|p2a: Gholdengo|Make It Rain|p1a: Tyranitar|[spread] p1a,p1b
|-supereffective|p1a: Tyranitar
|-damage|p1a: Tyranitar|0 fnt
|-damage|p1b: Rillaboom|0 fnt
|-unboost|p2a: Gholdengo|spa|1
|faint|p1a: Tyranitar
|faint|p1b: Rillaboom
|
|-weather|Sandstorm|[upkeep]
|-damage|p2b: Indeedee|95/100|[from] Sandstorm
|upkeep
|
|t:|1756886870
|switch|p1b: Volcarona|Volcarona, L50, F|100/100
|switch|p1a: Sneasler|Sneasler, L50, M|100/100
|turn|3
|
|t:|1756886886
|-terastallize|p1a: Sneasler|Dark
|move|p2b: Indeedee|Expanding Force|p1b: Volcarona|[spread] p1b
|-immune|p1a: Sneasler
|-damage|p1b: Volcarona|53/100
|move|p2a: Gholdengo|Make It Rain|p1b: Volcarona|[spread] p1a,p1b
|-resisted|p1b: Volcarona
|-damage|p1a: Sneasler|35/100
|-damage|p1b: Volcarona|33/100
|-unboost|p2a: Gholdengo|spa|1
|move|p1a: Sneasler|Dire Claw|p2b: Indeedee
|-damage|p2b: Indeedee|12/100
|-status|p2b: Indeedee|slp
|move|p1b: Volcarona|Quiver Dance|p1b: Volcarona
|-boost|p1b: Volcarona|spa|1
|-boost|p1b: Volcarona|spd|1
|-boost|p1b: Volcarona|spe|1
|
|-weather|Sandstorm|[upkeep]
|-damage|p2b: Indeedee|6/100 slp|[from] Sandstorm
|-damage|p1b: Volcarona|27/100|[from] Sandstorm
|-damage|p1a: Sneasler|29/100|[from] Sandstorm
|-heal|p1b: Volcarona|33/100|[from] item: Leftovers
|upkeep
|turn|4
|inactive|Hayz27727282828 has 30 seconds left.
|
|t:|1756886916
|move|p1a: Sneasler|Protect|p1a: Sneasler
|-singleturn|p1a: Sneasler|Protect
|cant|p2b: Indeedee|slp
|move|p2a: Gholdengo|Make It Rain|p1a: Sneasler|[spread] p1b
|-activate|p1a: Sneasler|move: Protect
|-resisted|p1b: Volcarona
|-damage|p1b: Volcarona|21/100
|-unboost|p2a: Gholdengo|spa|1
|move|p1b: Volcarona|Fiery Dance|p2a: Gholdengo
|-supereffective|p2a: Gholdengo
|-damage|p2a: Gholdengo|0 fnt
|faint|p2a: Gholdengo
|
|-weather|Sandstorm|[upkeep]
|-damage|p2b: Indeedee|0 fnt|[from] Sandstorm
|-damage|p1b: Volcarona|15/100|[from] Sandstorm
|-damage|p1a: Sneasler|23/100|[from] Sandstorm
|faint|p2b: Indeedee
|-heal|p1b: Volcarona|21/100|[from] item: Leftovers
|-sideend|p2: owbd|move: Tailwind
|upkeep
|
|t:|1756886935
|switch|p2b: Sneasler|Sneasler, L50, M|100/100
|switch|p2a: Murkrow|Murkrow, L50, M|95/100
|-enditem|p2b: Sneasler|Psychic Seed
|-boost|p2b: Sneasler|spd|1|[from] item: Psychic Seed
|turn|5
|
|t:|1756886953
|move|p2a: Murkrow|Haze|p2a: Murkrow
|-clearallboost
|move|p2b: Sneasler|Dire Claw|p1a: Sneasler
|-damage|p1a: Sneasler|0 fnt
|faint|p1a: Sneasler
|move|p1b: Volcarona|Fiery Dance|p2a: Murkrow
|-damage|p2a: Murkrow|23/100
|-boost|p1b: Volcarona|spa|1
|
|-weather|none
|-heal|p1b: Volcarona|27/100|[from] item: Leftovers
|upkeep
|turn|6
|
|t:|1756886968
|move|p2b: Sneasler|Dire Claw|p1b: Volcarona
|-damage|p1b: Volcarona|0 fnt
|-status|p2b: Sneasler|brn|[from] ability: Flame Body|[of] p1b: Volcarona
|faint|p1b: Volcarona
|
|win|owbd
||owbd is ready for game 2.
|inactive|Hayz27727282828 has 30 seconds to confirm battle start!
||Hayz27727282828 is ready for game 2.
|uhtml|next|Next: Game 2 of 3
