|j|☆AleK97
|j|☆DubiousVGC
|html|AleK97DubiousVGC    
|uhtml|bestof|Game 2 of a best-of-3
|t:|1785154318
|gametype|doubles
|player|p1|AleK97|#smogonxnpa2026draftee2|
|player|p2|DubiousVGC|#umclisprigatitos|
|gen|9
|tier|[Gen 9 Champions] VGC 2026 Reg M-B (Bo3)
|rule|Species Clause: Limit one of each Pokémon
|rule|Item Clause: Limit 1 of each item
|clearpoke
|poke|p1|Charizard, L50, M|
|poke|p1|Whimsicott, L50, M|
|poke|p1|Kingambit, L50, F|
|poke|p1|Basculegion, L50, M|
|poke|p1|Garchomp, L50, F|
|poke|p1|Floette-Eternal, L50, F|
|poke|p2|Garchomp, L50, F|
|poke|p2|Venusaur, L50, M|
|poke|p2|Incineroar, L50, F|
|poke|p2|Charizard, L50, M|
|poke|p2|Toxapex, L50, F|
|poke|p2|Annihilape, L50, M|
|teampreview|4
|showteam|p1|Charizard||CharizarditeY|Blaze|WeatherBall,Protect,HeatWave,SolarBeam|Modest||M|||50|]Whimsicott||FocusSash|Prankster|Moonblast,Tailwind,Encore,Protect|Timid||M|||50|]Kingambit||BlackGlasses|Defiant|KowtowCleave,SuckerPunch,Protect,LowKick|Adamant||F|||50|]Basculegion||MysticWater|Adaptability|WaveCrash,LastRespects,Protect,AquaJet|Adamant||M|||50|]Garchomp||LifeOrb|RoughSkin|Earthquake,Protect,DragonClaw,RockSlide|Jolly||F|||50|]Floette-Eternal||Floettite|FlowerVeil|Moonblast,DazzlingGleam,Protect,LightofRuin|Timid||F|||50|
|showteam|p2|Garchomp||ChoiceScarf|RoughSkin|Earthquake,DragonClaw,StompingTantrum,RockSlide|Adamant||F|||50|]Venusaur||LifeOrb|Chlorophyll|LeafStorm,SludgeBomb,EarthPower,Protect|Modest||M|||50|]Incineroar||SitrusBerry|Intimidate|FlareBlitz,PartingShot,Protect,FakeOut|Impish||F|||50|]Charizard||CharizarditeY|Blaze|HeatWave,WeatherBall,HelpingHand,Protect|Modest||M|||50|]Toxapex||Leftovers|Regenerator|Infestation,Toxic,WideGuard,BanefulBunker|Relaxed||F|||50|]Annihilape||FocusSash|Defiant|CloseCombat,PhantomForce,RockTomb,Protect|Jolly||M|||50|
|j| Daneci
|j| GeniusVGC
|c|☆DubiousVGC|impegnati di più sto game
|j| luca piscitelli
|c|☆DubiousVGC|che è sembrato anche più facile di quanto è realmente
|c| GeniusVGC|Lo hai provocato
|c| GeniusVGC|Mo te magna
|c|☆DubiousVGC|ahahahahahah
|c| Daneci|la befana usa provocazione
|c| luca piscitelli|dan gjanni gioca solo su showdown non sa cosa sono i tipi acqua
|
|t:|1785154370
|teamsize|p1|4
|teamsize|p2|4
|start
|switch|p1a: Whimsicott|Whimsicott, L50, M|100/100
|switch|p1b: Garchomp|Garchomp, L50, F|100/100
|switch|p2a: Charizard|Charizard, L50, M|100/100
|switch|p2b: Toxapex|Toxapex, L50, F|100/100
|turn|1
|c| luca piscitelli|per gianni il bulky water con più usage è empoleon
|
|t:|1785154396
|switch|p2a: Incineroar|Incineroar, L50, F|100/100
|-ability|p2a: Incineroar|Intimidate|boost
|-unboost|p1a: Whimsicott|atk|1
|-unboost|p1b: Garchomp|atk|1
|move|p1a: Whimsicott|Protect|p1a: Whimsicott
|-singleturn|p1a: Whimsicott|Protect
|move|p1b: Garchomp|Dragon Claw|p2a: Incineroar
|-damage|p2a: Incineroar|74/100
|-damage|p1b: Garchomp|90/100|[from] item: Life Orb
|move|p2b: Toxapex|Toxic|p1b: Garchomp
|-status|p1b: Garchomp|tox
|
|-damage|p1b: Garchomp|84/100 tox|[from] psn
|upkeep
|turn|2
|c| GeniusVGC|Minchia, ha portato davvero Whimsicott
|c| GeniusVGC|Vediamo come vince
|c| luca piscitelli|whimsicott è forte gianni
|c| GeniusVGC|Nlse
|
|t:|1785154452
|switch|p1a: Charizard|Charizard, L50, M|100/100
|move|p1b: Garchomp|Earthquake|p2a: Incineroar|[spread] p2a,p2b
|-immune|p1a: Charizard
|-supereffective|p2a: Incineroar|1
|-supereffective|p2b: Toxapex|1
|-damage|p2a: Incineroar|30/100
|-damage|p2b: Toxapex|60/100
|-enditem|p2a: Incineroar|Sitrus Berry|[eat]
|-heal|p2a: Incineroar|55/100|[from] item: Sitrus Berry
|-damage|p1b: Garchomp|74/100 tox|[from] item: Life Orb
|move|p2a: Incineroar|Parting Shot|p1a: Charizard
|-unboost|p1a: Charizard|atk|1
|-unboost|p1a: Charizard|spa|1
|c| GeniusVGC|Encore è straaggirabile
|
|t:|1785154465
|switch|p2a: Charizard|Charizard, L50, M|100/100|[from] Parting Shot
|move|p2b: Toxapex|Infestation|p1a: Charizard
|-resisted|p1a: Charizard|2
|-damage|p1a: Charizard|99/100
|-activate|p1a: Charizard|move: Infestation|[of] p2b: Toxapex
|
|-heal|p2b: Toxapex|66/100|[from] item: Leftovers
|-damage|p1b: Garchomp|62/100 tox|[from] psn
|-damage|p1a: Charizard|87/100|[from] move: Infestation|[partiallytrapped]
|upkeep
|turn|3
|c| Daneci|secondo me
|c| Daneci|la partità
|c| Daneci|è finita
|c|☆DubiousVGC|nah può ancora fare qualcosa
|c| luca piscitelli|il befanone quando gioca spara puttanate
|c|☆DubiousVGC|è completamente nel gulag ovviamente
|c|☆DubiousVGC|ma non ho la win lockata
|
|t:|1785154536
|switch|p1b: Whimsicott|Whimsicott, L50, M|100/100
|detailschange|p1a: Charizard|Charizard-Mega-Y, L50, M
|-mega|p1a: Charizard|Charizard|Charizardite Y
|-weather|SunnyDay|[from] ability: Drought|[of] p1a: Charizard
|detailschange|p2a: Charizard|Charizard-Mega-Y, L50, M
|-mega|p2a: Charizard|Charizard|Charizardite Y
|move|p2b: Toxapex|Wide Guard|p2b: Toxapex
|-singleturn|p2b: Toxapex|Wide Guard
|move|p1a: Charizard|Solar Beam||[still]
|-prepare|p1a: Charizard|Solar Beam
|-anim|p1a: Charizard|Solar Beam|p2b: Toxapex
|-crit|p2b: Toxapex
|-damage|p2b: Toxapex|8/100
|move|p2a: Charizard|Heat Wave|p1b: Whimsicott|[spread] p1a,p1b
|-resisted|p1a: Charizard|1
|-crit|p1a: Charizard
|-supereffective|p1b: Whimsicott|1
|-damage|p1a: Charizard|46/100
|-enditem|p1b: Whimsicott|Focus Sash
|-damage|p1b: Whimsicott|1/100
|
|-weather|SunnyDay|[upkeep]
|-heal|p2b: Toxapex|14/100|[from] item: Leftovers
|-damage|p1a: Charizard|34/100|[from] move: Infestation|[partiallytrapped]
|upkeep
|turn|4
|j| Lorenzaooo
|c|☆DubiousVGC|eh tipo sto crit caga il cazzo
|c| Lorenzaooo|Cosa sta succedendo qua
|c| GeniusVGC|Dentro Inci Hw
|c| GeniusVGC|Hai vinto
|l| luca piscitelli
|
|t:|1785154603
|-heal|p2b: Toxapex|47/100|[from] ability: Regenerator|[silent]
|switch|p2b: Incineroar|Incineroar, L50, F|55/100
|-ability|p2b: Incineroar|Intimidate|boost
|-unboost|p1a: Charizard|atk|1
|-unboost|p1b: Whimsicott|atk|1
|move|p1b: Whimsicott|Protect|p1b: Whimsicott
|-singleturn|p1b: Whimsicott|Protect
|move|p1a: Charizard|Heat Wave|p2b: Incineroar|[spread] p2a,p2b
|-resisted|p2a: Charizard|1
|-resisted|p2b: Incineroar|1
|-damage|p2a: Charizard|83/100
|-damage|p2b: Incineroar|36/100
|move|p2a: Charizard|Heat Wave|p1a: Charizard|[spread] p1a
|-activate|p1b: Whimsicott|move: Protect
|-resisted|p1a: Charizard|1
|-damage|p1a: Charizard|5/100
|
|-weather|SunnyDay|[upkeep]
|-end|p1a: Charizard|Infestation|[partiallytrapped]|[silent]
|upkeep
|turn|5
|c| Daneci|si ma non vale il ghosting
|c|☆DubiousVGC|ero indeciso se fare heat wave o weather ball semplicemente
|j| luca piscitelli
|l| Daneci
|
|t:|1785154662
|switch|p1b: Basculegion|Basculegion, L50, M|100/100
|move|p1a: Charizard|Weather Ball|p2b: Incineroar
|-resisted|p2b: Incineroar|1
|-damage|p2b: Incineroar|8/100
|move|p2a: Charizard|Heat Wave|p1a: Charizard|[spread] p1a,p1b
|-resisted|p1a: Charizard|1
|-resisted|p1b: Basculegion|1
|-damage|p1a: Charizard|0 fnt
|-damage|p1b: Basculegion|64/100
|faint|p1a: Charizard
|move|p2b: Incineroar|Parting Shot|p1b: Basculegion
|-unboost|p1b: Basculegion|atk|1
|-unboost|p1b: Basculegion|spa|1
|
|t:|1785154671
|switch|p2b: Venusaur|Venusaur, L50, M|100/100|[from] Parting Shot
|
|-weather|SunnyDay|[upkeep]
|upkeep
|j| Daneci
|
|t:|1785154675
|switch|p1a: Garchomp|Garchomp, L50, F|62/100 tox
|turn|6
|c|☆AleK97|Perso hai preso una marea di turni g1 e g2 ci sta
|c|☆DubiousVGC|boh ho fatto quasi tutte play safe
|c|☆DubiousVGC|in realtà
|c| GeniusVGC|Si infatti
|c|☆AleK97|Se questo lo chiami autowin so per certo che sei una scimmia in sintesi
|c| GeniusVGC|Sono i tuoi Plan che fanno schifo
|c|☆DubiousVGC|mai detto che sia autowin
|c|☆DubiousVGC|siete voi che dite che è autowin per voi
|-message|AleK97 forfeited.
|
|win|DubiousVGC
|c| GeniusVGC|Comunque stasera te la gioco io con Inci
|c| Daneci|La befana
|c| Daneci|alla corte
|c| Daneci|di Agamennone
|c|☆DubiousVGC|semplicemente non facevo le play da npc
|c|☆DubiousVGC|e quindi ho vinto
|l| luca piscitelli
|l|☆AleK97
|player|p1|
|l| GeniusVGC
