|j|☆Chachidaripper
|j|☆paulinhobike123
|html|Chachidaripperpaulinhobike123    
|uhtml|bestof|Game 2 of a best-of-3
|t:|1783732047
|gametype|doubles
|player|p1|Chachidaripper|2|1000
|player|p2|paulinhobike123|cyclist-gen4|1000
|gen|9
|tier|[Gen 9 Champions] VGC 2026 Reg M-B (Bo3)
|rated|
|rule|Species Clause: Limit one of each Pokémon
|rule|Item Clause: Limit 1 of each item
|clearpoke
|poke|p1|Blastoise, L50, F|
|poke|p1|Vivillon-Marine, L50, M|
|poke|p1|Sableye, L50, M|
|poke|p1|Maushold-Four, L50|
|poke|p1|Sylveon, L50, M|
|poke|p1|Orthworm, L50, M|
|poke|p2|Pelipper, L50, M|
|poke|p2|Swampert, L50, M|
|poke|p2|Archaludon, L50, M|
|poke|p2|Incineroar, L50, M|
|poke|p2|Sinistcha, L50|
|poke|p2|Dragonite, L50, M|
|teampreview|4
|showteam|p1|Blastoise||Blastoisinite|RainDish|WaterSpout,DarkPulse,ShellSmash,Protect|Modest||F|||50|]Vivillon-Marine||ChoiceScarf|CompoundEyes|RagePowder,PollenPuff,Hurricane,SleepPowder|Timid||M|||50|]Sableye||RoseliBerry|Prankster|FakeOut,Disable,RainDance,Encore|Careful||M|||50|]Maushold-Four||FocusSash|FriendGuard|FollowMe,RainDance,Protect,Feint|Jolly|||||50|]Sylveon||FairyFeather|Pixilate|Protect,Moonblast,HyperVoice,QuickAttack|Modest||M|||50|]Orthworm||SitrusBerry|EarthEater|Protect,BodyPress,HeavySlam,ShedTail|Relaxed||M|||50|
|showteam|p2|Pelipper||FocusSash|Drizzle|Hurricane,MuddyWater,Tailwind,WideGuard|Timid||M|||50|]Swampert||Swampertite|Damp|WaveCrash,HighHorsepower,IcePunch,Protect|Brave||M|||50|]Archaludon||Leftovers|Stamina|ElectroShot,FlashCannon,DracoMeteor,Protect|Careful||M|||50|]Incineroar||SitrusBerry|Intimidate|FlareBlitz,ThroatChop,PartingShot,FakeOut|Impish||M|||50|]Sinistcha||ColburBerry|Hospitality|ShadowBall,MatchaGotcha,RagePowder,TrickRoom|Gentle|||||50|]Dragonite||Dragoninite|Multiscale|DragonPulse,Thunder,IceBeam,Protect|Hasty||M|||50|
|
|t:|1783732107
|teamsize|p1|4
|teamsize|p2|4
|start
|switch|p1a: Sableye|Sableye, L50, M|100/100
|switch|p1b: Orthworm|Orthworm, L50, M|100/100
|switch|p2a: Dragonite|Dragonite, L50, M|100/100
|switch|p2b: Incineroar|Incineroar, L50, M|100/100
|-ability|p2b: Incineroar|Intimidate|boost
|-unboost|p1a: Sableye|atk|1
|-unboost|p1b: Orthworm|atk|1
|turn|1
|
|t:|1783732135
|detailschange|p2a: Dragonite|Dragonite-Mega, L50, M
|-mega|p2a: Dragonite|Dragonite|Dragoninite
|move|p2b: Incineroar|Fake Out|p1b: Orthworm
|-resisted|p1b: Orthworm|1
|-damage|p1b: Orthworm|97/100
|move|p1a: Sableye|Fake Out|p2b: Incineroar
|-damage|p2b: Incineroar|96/100
|move|p2a: Dragonite|Dragon Pulse|p1a: Sableye
|-damage|p1a: Sableye|42/100
|cant|p1b: Orthworm|flinch
|
|upkeep
|turn|2
|
|t:|1783732159
|move|p1b: Orthworm|Protect|p1b: Orthworm
|-singleturn|p1b: Orthworm|Protect
|move|p1a: Sableye|Rain Dance|p1a: Sableye
|-weather|RainDance
|move|p2a: Dragonite|Dragon Pulse|p1a: Sableye
|-damage|p1a: Sableye|0 fnt
|faint|p1a: Sableye
|move|p2b: Incineroar|Flare Blitz|p1b: Orthworm
|-activate|p1b: Orthworm|move: Protect
|
|-weather|RainDance|[upkeep]
|upkeep
|
|t:|1783732165
|switch|p1a: Maushold|Maushold-Four, L50|100/100
|turn|3
|
|t:|1783732193
|move|p1a: Maushold|Protect|p1a: Maushold
|-singleturn|p1a: Maushold|Protect
|move|p2a: Dragonite|Thunder|p1a: Maushold
|-activate|p1a: Maushold|move: Protect
|move|p2b: Incineroar|Flare Blitz|p1b: Orthworm
|-supereffective|p1b: Orthworm|1
|-damage|p1b: Orthworm|76/100
|-damage|p2b: Incineroar|90/100|[from] Recoil
|move|p1b: Orthworm|Shed Tail|p1b: Orthworm
|-start|p1b: Orthworm|Substitute|[from] move: Shed Tail
|-damage|p1b: Orthworm|26/100
|-enditem|p1b: Orthworm|Sitrus Berry|[eat]
|-heal|p1b: Orthworm|51/100|[from] item: Sitrus Berry
|
|t:|1783732205
|switch|p1b: Blastoise|Blastoise, L50, F|100/100|[from] Shed Tail
|
|-weather|RainDance|[upkeep]
|upkeep
|turn|4
|
|t:|1783732226
|move|p1a: Maushold|Feint|p2a: Dragonite
|-damage|p2a: Dragonite|95/100
|move|p2a: Dragonite|Thunder|p1b: Blastoise
|-supereffective|p1b: Blastoise|1
|-end|p1b: Blastoise|Substitute
|move|p1b: Blastoise|Shell Smash|p1b: Blastoise
|-unboost|p1b: Blastoise|def|1
|-unboost|p1b: Blastoise|spd|1
|-boost|p1b: Blastoise|atk|2
|-boost|p1b: Blastoise|spa|2
|-boost|p1b: Blastoise|spe|2
|move|p2b: Incineroar|Throat Chop|p1a: Maushold
|-damage|p1a: Maushold|59/100
|-start|p1a: Maushold|Throat Chop|[silent]
|
|-weather|RainDance|[upkeep]
|upkeep
|turn|5
|
|t:|1783732243
|detailschange|p1b: Blastoise|Blastoise-Mega, L50, F
|-mega|p1b: Blastoise|Blastoise|Blastoisinite
|move|p1a: Maushold|Feint|p2a: Dragonite
|-damage|p2a: Dragonite|86/100
|move|p1b: Blastoise|Water Spout|p2b: Incineroar|[spread] p2a,p2b
|-resisted|p2a: Dragonite|1
|-supereffective|p2b: Incineroar|1
|-damage|p2a: Dragonite|9/100
|-damage|p2b: Incineroar|0 fnt
|faint|p2b: Incineroar
|move|p2a: Dragonite|Thunder|p1b: Blastoise
|-supereffective|p1b: Blastoise|1
|-damage|p1b: Blastoise|22/100
|-status|p1b: Blastoise|par
|
|-weather|RainDance|[upkeep]
|-end|p1a: Maushold|Throat Chop|[silent]
|upkeep
|
|t:|1783732255
|switch|p2b: Sinistcha|Sinistcha, L50|100/100
|-heal|p2a: Dragonite|33/100|[from] ability: Hospitality|[of] p2b: Sinistcha
|turn|6
|
|t:|1783732289
|move|p1a: Maushold|Feint|p2a: Dragonite
|-damage|p2a: Dragonite|24/100
|move|p2a: Dragonite|Dragon Pulse|p1a: Maushold
|-damage|p1a: Maushold|5/100
|cant|p1b: Blastoise|par
|move|p2b: Sinistcha|Matcha Gotcha|p1a: Maushold|[spread] p1a,p1b
|-supereffective|p1b: Blastoise|1
|-damage|p1a: Maushold|0 fnt
|-damage|p1b: Blastoise|0 fnt
|faint|p1a: Maushold
|faint|p1b: Blastoise
|
|-weather|none
|upkeep
|-message|Chachidaripper forfeited.
|raw|Chachidaripper's rating: 1000 → 1000(+0 for losing)
|raw|paulinhobike123's rating: 1000 → 1040(+40 for winning)
|
|win|paulinhobike123
