|j|☆ryoshino19
|j|☆leg pres
|html|ryoshino19leg pres    
|uhtml|bestof|Game 1 of a best-of-3
|t:|1756314766
|gametype|doubles
|player|p1|ryoshino19|101|1287
|player|p2|leg pres|cyclist|1160
|gen|9
|tier|[Gen 9] VGC 2025 Reg H (Bo3)
|rated|
|rule|Species Clause: Limit one of each Pokémon
|rule|Item Clause: Limit 1 of each item
|clearpoke
|poke|p1|Gholdengo, L50|
|poke|p1|Rillaboom, L50, F|
|poke|p1|Incineroar, L50, F|
|poke|p1|Porygon2, L50|
|poke|p1|Garchomp, L50, F|
|poke|p1|Clefable, L50, F|
|poke|p2|Porygon2, L50|
|poke|p2|Hydreigon, L50, F|
|poke|p2|Incineroar, L50, M|
|poke|p2|Ursaluna, L50, M|
|poke|p2|Amoonguss, L50, M|
|poke|p2|Gholdengo, L50|
|teampreview|4
|showteam|p1|Gholdengo||Leftovers|GoodasGold|MakeItRain,ShadowBall,NastyPlot,Protect||||||50|,,,,,Water]Rillaboom||AssaultVest|GrassySurge|DrumBeating,GrassyGlide,Uturn,FakeOut|||F|||50|,,,,,Fire]Incineroar||SafetyGoggles|Intimidate|FlareBlitz,KnockOff,PartingShot,FakeOut|||F|||50|,,,,,Ghost]Porygon2||Eviolite|Download|TeraBlast,IceBeam,Recover,TrickRoom||||||50|,,,,,Fighting]Garchomp||LifeOrb|RoughSkin|StompingTantrum,DragonClaw,RockSlide,Protect|||F|||50|,,,,,Fairy]Clefable||RockyHelmet|Unaware|Moonblast,FollowMe,Encore,Protect|||F|||50|,,,,,Ground
|showteam|p2|Porygon2||Eviolite|Download|TeraBlast,IceBeam,TrickRoom,Recover||||||50|,,,,,Fighting]Hydreigon||SafetyGoggles|Levitate|Snarl,DracoMeteor,Tailwind,Protect|||F|||50|,,,,,Ghost]Incineroar||SitrusBerry|Intimidate|FlareBlitz,KnockOff,PartingShot,FakeOut|||M|||50|,,,,,Grass]Ursaluna||FlameOrb|Guts|Facade,HeadlongRush,Earthquake,Protect|||M|||50|,,,,,Ghost]Amoonguss||CovertCloak|Regenerator|PollenPuff,Spore,RagePowder,Protect|||M|||50|,,,,,Fire]Gholdengo||MetalCoat|GoodasGold|MakeItRain,ShadowBall,NastyPlot,Protect||||||50|,,,,,Flying
|inactive|Battle timer is ON: inactive players will automatically lose when time's up. (requested by ryoshino19)
|inactive|leg pres has 60 seconds left.
|
|t:|1756314807
|teamsize|p1|4
|teamsize|p2|4
|start
|switch|p1a: Gholdengo|Gholdengo, L50|100/100
|switch|p1b: Incineroar|Incineroar, L50, F, shiny|100/100
|switch|p2a: Incineroar|Incineroar, L50, M, shiny|100/100
|switch|p2b: Hydreigon|Hydreigon, L50, F, shiny|100/100
|-ability|p2a: Incineroar|Intimidate|boost
|-unboost|p1a: Gholdengo|atk|1
|-unboost|p1b: Incineroar|atk|1
|-ability|p1b: Incineroar|Intimidate|boost
|-unboost|p2a: Incineroar|atk|1
|-unboost|p2b: Hydreigon|atk|1
|turn|1
|
|t:|1756314826
|switch|p1a: Porygon2|Porygon2, L50|100/100
|-ability|p1a: Porygon2|Download|boost
|-boost|p1a: Porygon2|atk|1
|move|p2b: Hydreigon|Snarl|p1b: Incineroar|[spread] p1a,p1b
|-resisted|p1b: Incineroar
|-damage|p1a: Porygon2|90/100
|-damage|p1b: Incineroar|93/100
|-unboost|p1a: Porygon2|spa|1
|-unboost|p1b: Incineroar|spa|1
|move|p2a: Incineroar|Knock Off|p1a: Porygon2
|-damage|p1a: Porygon2|73/100
|-enditem|p1a: Porygon2|Eviolite|[from] move: Knock Off|[of] p2a: Incineroar
|move|p1b: Incineroar|Parting Shot|p2b: Hydreigon
|-unboost|p2b: Hydreigon|atk|1
|-unboost|p2b: Hydreigon|spa|1
|
|t:|1756314843
|switch|p1b: Clefable|Clefable, L50, F|100/100|[from] Parting Shot
|
|upkeep
|turn|2
|inactive|leg pres has 30 seconds left.
|
|t:|1756314873
|switch|p2b: Porygon2|Porygon2, L50, shiny|100/100
|-ability|p2b: Porygon2|Download|boost
|-boost|p2b: Porygon2|atk|1
|-terastallize|p1a: Porygon2|Fighting
|move|p2a: Incineroar|Parting Shot|p1a: Porygon2
|-unboost|p1a: Porygon2|atk|1
|-unboost|p1a: Porygon2|spa|1
|
|t:|1756314884
|switch|p2a: Hydreigon|Hydreigon, L50, F, shiny|100/100|[from] Parting Shot
|move|p1b: Clefable|Moonblast|p2b: Porygon2
|-damage|p2b: Porygon2|80/100
|-unboost|p2b: Porygon2|spa|1
|move|p1a: Porygon2|Tera Blast|p2a: Hydreigon|[anim] Tera Blast Fighting
|-supereffective|p2a: Hydreigon
|-damage|p2a: Hydreigon|46/100
|
|upkeep
|turn|3
|inactive|leg pres has 30 seconds left.
|inactive|leg pres has 20 seconds left.
|
|t:|1756314921
|switch|p2b: Incineroar|Incineroar, L50, M, shiny|100/100
|-ability|p2b: Incineroar|Intimidate|boost
|-unboost|p1a: Porygon2|atk|1
|-unboost|p1b: Clefable|atk|1
|move|p2a: Hydreigon|Protect|p2a: Hydreigon
|-singleturn|p2a: Hydreigon|Protect
|move|p1b: Clefable|Moonblast|p2b: Incineroar
|-damage|p2b: Incineroar|67/100
|move|p1a: Porygon2|Tera Blast|p2b: Incineroar|[anim] Tera Blast Fighting
|-supereffective|p2b: Incineroar
|-damage|p2b: Incineroar|36/100
|-enditem|p2b: Incineroar|Sitrus Berry|[eat]
|-heal|p2b: Incineroar|61/100|[from] item: Sitrus Berry
|
|upkeep
|turn|4
|
|t:|1756314932
|switch|p1a: Incineroar|Incineroar, L50, F, shiny|93/100
|-ability|p1a: Incineroar|Intimidate|boost
|-unboost|p2a: Hydreigon|atk|1
|-unboost|p2b: Incineroar|atk|1
|move|p2b: Incineroar|Fake Out|p1b: Clefable
|-damage|p1b: Clefable|89/100
|-damage|p2b: Incineroar|45/100|[from] item: Rocky Helmet|[of] p1b: Clefable
|move|p2a: Hydreigon|Draco Meteor|p1a: Incineroar
|-damage|p1a: Incineroar|41/100
|-unboost|p2a: Hydreigon|spa|2
|cant|p1b: Clefable|flinch
|
|upkeep
|turn|5
|
|t:|1756314957
|move|p2a: Hydreigon|Protect|p2a: Hydreigon
|-singleturn|p2a: Hydreigon|Protect
|move|p2b: Incineroar|Parting Shot|p1b: Clefable
|-unboost|p1b: Clefable|atk|1
|-unboost|p1b: Clefable|spa|1
|
|t:|1756314960
|switch|p2b: Ursaluna|Ursaluna, L50, M|100/100|[from] Parting Shot
|move|p1a: Incineroar|Knock Off|p2a: Hydreigon
|-activate|p2a: Hydreigon|move: Protect
|move|p1b: Clefable|Moonblast|p2a: Hydreigon
|-activate|p2a: Hydreigon|move: Protect
|
|-status|p2b: Ursaluna|brn|[from] item: Flame Orb
|upkeep
|turn|6
|
|t:|1756314972
|move|p2a: Hydreigon|Tailwind|p2a: Hydreigon
|-sidestart|p2: leg pres|move: Tailwind
|move|p2b: Ursaluna|Earthquake|p1b: Clefable|[spread] p1a,p1b
|-immune|p2a: Hydreigon|[from] ability: Levitate
|-supereffective|p1a: Incineroar
|-damage|p1a: Incineroar|0 fnt
|-damage|p1b: Clefable|28/100
|faint|p1a: Incineroar
|move|p1b: Clefable|Moonblast|p2a: Hydreigon
|-supereffective|p2a: Hydreigon
|-damage|p2a: Hydreigon|0 fnt
|faint|p2a: Hydreigon
|
|-damage|p2b: Ursaluna|95/100 brn|[from] brn
|upkeep
|
|t:|1756314985
|switch|p2a: Porygon2|Porygon2, L50, shiny|80/100
|switch|p1a: Gholdengo|Gholdengo, L50|100/100
|-ability|p2a: Porygon2|Download|boost
|-boost|p2a: Porygon2|atk|1
|turn|7
|
|t:|1756315002
|move|p1b: Clefable|Protect|p1b: Clefable
|-singleturn|p1b: Clefable|Protect
|move|p2a: Porygon2|Tera Blast|p1b: Clefable
|-activate|p1b: Clefable|move: Protect
|move|p2b: Ursaluna|Headlong Rush|p1a: Gholdengo
|-supereffective|p1a: Gholdengo
|-damage|p1a: Gholdengo|0 fnt
|-unboost|p2b: Ursaluna|def|1
|-unboost|p2b: Ursaluna|spd|1
|faint|p1a: Gholdengo
|
|-damage|p2b: Ursaluna|89/100 brn|[from] brn
|upkeep
|-message|ryoshino19 forfeited.
|
|win|leg pres
|l|☆ryoshino19
|player|p1|
||ryoshino19 is ready for game 2.
||leg pres is ready for game 2.
|uhtml|next|Next: Game 2 of 3
