|j|☆samki9
|j|☆Declan777
|html|samki9Declan777    
|uhtml|bestof|Game 3 of a best-of-3
|t:|1784052997
|gametype|doubles
|player|p1|samki9|marshal|1071
|player|p2|Declan777|unknown|1078
|gen|9
|tier|[Gen 9 Champions] VGC 2026 Reg M-B (Bo3)
|rated|
|rule|Species Clause: Limit one of each Pokémon
|rule|Item Clause: Limit 1 of each item
|clearpoke
|poke|p1|Charizard, L50, F|
|poke|p1|Aerodactyl, L50, F|
|poke|p1|Kingambit, L50, F|
|poke|p1|Sylveon, L50, M|
|poke|p1|Garchomp, L50, M|
|poke|p1|Farigiraf, L50, M|
|poke|p2|Ampharos, L50, M|
|poke|p2|Sinistcha, L50|
|poke|p2|Metagross, L50, shiny|
|poke|p2|Toxapex, L50, F|
|poke|p2|Ceruledge, L50, F|
|poke|p2|Tauros-Paldea-Aqua, L50, M|
|teampreview|4
|showteam|p1|Charizard||CharizarditeY|Blaze|HeatWave,WeatherBall,SolarBeam,Protect|Modest||F|||50|]Aerodactyl||Aerodactylite|Unnerve|RockSlide,IceFang,DualWingbeat,Tailwind|Jolly||F|||50|]Kingambit||FocusSash|Defiant|KowtowCleave,SuckerPunch,LowKick,IronHead|Adamant||F|||50|]Sylveon||FairyFeather|Pixilate|HyperVoice,HyperBeam,QuickAttack,Detect|Modest||M|||50|]Garchomp||LifeOrb|RoughSkin|DragonClaw,Earthquake,StompingTantrum,Protect|Jolly||M|||50|]Farigiraf||SitrusBerry|ArmorTail|TwinBeam,Thunderbolt,TrickRoom,HelpingHand|Bold||M|||50|
|showteam|p2|Ampharos||Ampharosite|Static|CottonGuard,Thunderbolt,DragonPulse,Protect|Modest||M|||50|]Sinistcha||SitrusBerry|Hospitality|TrickRoom,MatchaGotcha,LifeDew,Protect|Bold|||||50|]Metagross||Metagrossite|ClearBody|IronHead,BulletPunch,PsychicFangs,Protect|Jolly|||||50|]Toxapex||Leftovers|Regenerator|Toxic,BanefulBunker,Infestation,WideGuard|Sassy||F|||50|]Ceruledge||ColburBerry|FlashFire|BitterBlade,BulkUp,ShadowSneak,Protect|Jolly||F|||50|]Tauros-Paldea-Aqua||LifeOrb|Intimidate|AquaJet,CloseCombat,WaveCrash,Protect|Jolly||M|||50|
|inactive|Battle timer is ON: inactive players will automatically lose when time's up. (requested by Declan777)
|
|t:|1784053011
|teamsize|p1|4
|teamsize|p2|4
|start
|switch|p1a: Garchomp|Garchomp, L50, M|100/100
|switch|p1b: Charizard|Charizard, L50, F|100/100
|switch|p2a: Metagross|Metagross, L50, shiny|100/100
|switch|p2b: Tauros|Tauros-Paldea-Aqua, L50, M|100/100
|-ability|p2b: Tauros|Intimidate|boost
|-unboost|p1a: Garchomp|atk|1
|-unboost|p1b: Charizard|atk|1
|turn|1
|inactive|Declan777 has 30 seconds left.
|
|t:|1784053037
|switch|p1b: Farigiraf|Farigiraf, L50, M|100/100
|move|p2a: Metagross|Protect|p2a: Metagross
|-singleturn|p2a: Metagross|Protect
|move|p1a: Garchomp|Earthquake|p2a: Metagross|[spread] p1b,p2b
|-activate|p2a: Metagross|move: Protect
|-damage|p1b: Farigiraf|70/100
|-damage|p2b: Tauros|60/100
|-damage|p1a: Garchomp|90/100|[from] item: Life Orb
|move|p2b: Tauros|Close Combat|p1a: Garchomp
|-damage|p1a: Garchomp|14/100
|-unboost|p2b: Tauros|def|1
|-unboost|p2b: Tauros|spd|1
|-damage|p2b: Tauros|48/100|[from] ability: Rough Skin|[of] p1a: Garchomp
|-damage|p2b: Tauros|38/100|[from] item: Life Orb
|
|upkeep
|turn|2
|inactive|Declan777 has 30 seconds left.
|inactive|Declan777 has 20 seconds left.
|inactive|Declan777 has 15 seconds left.
|
|t:|1784053079
|detailschange|p2a: Metagross|Metagross-Mega, L50, shiny
|-mega|p2a: Metagross|Metagross|Metagrossite
|move|p1a: Garchomp|Protect|p1a: Garchomp
|-singleturn|p1a: Garchomp|Protect
|move|p2a: Metagross|Iron Head|p1a: Garchomp
|-activate|p1a: Garchomp|move: Protect
|move|p2b: Tauros|Close Combat|p1b: Farigiraf
|-damage|p1b: Farigiraf|13/100
|-unboost|p2b: Tauros|def|1
|-unboost|p2b: Tauros|spd|1
|-enditem|p1b: Farigiraf|Sitrus Berry|[eat]
|-heal|p1b: Farigiraf|38/100|[from] item: Sitrus Berry
|-damage|p2b: Tauros|28/100|[from] item: Life Orb
|move|p1b: Farigiraf|Trick Room|p1b: Farigiraf
|-fieldstart|move: Trick Room|[of] p1b: Farigiraf
|
|upkeep
|turn|3
|inactive|Declan777 has 30 seconds left.
|inactive|Declan777 has 20 seconds left.
|inactive|Declan777 has 15 seconds left.
|inactive|Declan777 has 10 seconds left.
|inactive|Declan777 has 5 seconds left.
|
|t:|1784053131
|move|p1b: Farigiraf|Twin Beam|p2b: Tauros
|-supereffective|p2b: Tauros|1
|-damage|p2b: Tauros|0 fnt
|faint|p2b: Tauros
|-hitcount|p2: Tauros|1
|move|p1a: Garchomp|Stomping Tantrum|p2a: Metagross
|-supereffective|p2a: Metagross|1
|-damage|p2a: Metagross|47/100
|-damage|p1a: Garchomp|4/100|[from] item: Life Orb
|move|p2a: Metagross|Iron Head|p1b: Farigiraf
|-damage|p1b: Farigiraf|0 fnt
|faint|p1b: Farigiraf
|
|upkeep
|
|t:|1784053151
|switch|p1b: Charizard|Charizard, L50, F|100/100
|switch|p2b: Ceruledge|Ceruledge, L50, F|100/100
|turn|4
|
|t:|1784053175
|switch|p1a: Kingambit|Kingambit, L50, F|100/100
|switch|p2a: Toxapex|Toxapex, L50, F|100/100
|detailschange|p1b: Charizard|Charizard-Mega-Y, L50, F
|-mega|p1b: Charizard|Charizard|Charizardite Y
|-weather|SunnyDay|[from] ability: Drought|[of] p1b: Charizard
|move|p1b: Charizard|Weather Ball|p2a: Toxapex
|-resisted|p2a: Toxapex|1
|-damage|p2a: Toxapex|69/100
|move|p2b: Ceruledge|Bitter Blade|p1a: Kingambit
|-supereffective|p1a: Kingambit|1
|-enditem|p1a: Kingambit|Focus Sash
|-damage|p1a: Kingambit|1/100
|
|-weather|SunnyDay|[upkeep]
|-heal|p2a: Toxapex|75/100|[from] item: Leftovers
|upkeep
|turn|5
|inactive|Declan777 has 30 seconds left.
|inactive|Declan777 has 20 seconds left.
|
|t:|1784053213
|move|p2b: Ceruledge|Shadow Sneak|p1a: Kingambit
|-resisted|p1a: Kingambit|1
|-damage|p1a: Kingambit|0 fnt
|faint|p1a: Kingambit
|move|p2a: Toxapex|Toxic|p1b: Charizard
|-status|p1b: Charizard|tox
|move|p1b: Charizard|Solar Beam||[still]
|-prepare|p1b: Charizard|Solar Beam
|-anim|p1b: Charizard|Solar Beam|p2a: Toxapex
|-damage|p2a: Toxapex|42/100
|
|-weather|SunnyDay|[upkeep]
|-heal|p2a: Toxapex|48/100|[from] item: Leftovers
|-damage|p1b: Charizard|93/100 tox|[from] psn
|upkeep
|
|t:|1784053222
|switch|p1a: Garchomp|Garchomp, L50, M|4/100
|turn|6
|-message|samki9 forfeited.
|
|win|Declan777
|raw|samki9's rating: 1071 → 1051(-20 for losing)
|raw|Declan777's rating: 1078 → 1106(+28 for winning)
