|j|☆Recadeco
|j|☆rowlet pesetero
|html|Recadecorowlet pesetero    
|uhtml|bestof|Game 2 of a best-of-3
|t:|1755790775
|gametype|doubles
|player|p1|Recadeco|lucas|1303
|player|p2|rowlet pesetero|cheren-gen5bw2|1282
|gen|9
|tier|[Gen 9] VGC 2025 Reg H (Bo3)
|rated|
|rule|Species Clause: Limit one of each Pokémon
|rule|Item Clause: Limit 1 of each item
|clearpoke
|poke|p1|Kingambit, L50, M|
|poke|p1|Maushold-Four, L50|
|poke|p1|Talonflame, L50, M|
|poke|p1|Primarina, L50, F|
|poke|p1|Rillaboom, L50, F|
|poke|p1|Gholdengo, L50|
|poke|p2|Sneasler, L50, M|
|poke|p2|Indeedee, L50, M|
|poke|p2|Volcarona, L50, M|
|poke|p2|Ursaluna-Bloodmoon, L50, M|
|poke|p2|Annihilape, L50, M|
|poke|p2|Tyranitar, L50, M|
|teampreview|4
|showteam|p1|Kingambit||BlackGlasses|Defiant|KowtowCleave,SuckerPunch,SwordsDance,Protect|||M|||50|,,,,,Dark]Maushold-Four||SafetyGoggles|FriendGuard|SuperFang,HelpingHand,FollowMe,Taunt||||||50|,,,,,Ghost]Talonflame||CovertCloak|GaleWings|BraveBird,FlareBlitz,WillOWisp,Tailwind|||M|||50|,,,,,Stellar]Primarina||LifeOrb|LiquidVoice|HyperVoice,Moonblast,Haze,Protect|||F|||50|,,,,,Poison]Rillaboom||AssaultVest|GrassySurge|WoodHammer,HighHorsepower,Uturn,FakeOut|||F|||50|,,,,,Fire]Gholdengo||ChoiceSpecs|GoodasGold|MakeItRain,ShadowBall,Thunderbolt,PowerGem||||||50|,,,,,Steel
|showteam|p2|Sneasler||PsychicSeed|Unburden|CloseCombat,DireClaw,ThroatChop,Protect|||M|||50|,,,,,Dark]Indeedee||ChoiceScarf|PsychicSurge|ExpandingForce,TeraBlast,Trick,Protect|||M|||50|,,,,,Psychic]Volcarona||SitrusBerry|FlameBody|Overheat,StruggleBug,RagePowder,Tailwind|||M|||50|,,,,,Grass]Ursaluna-Bloodmoon||LifeOrb|MindsEye|BloodMoon,HyperVoice,EarthPower,Protect|||M|||50|,,,,,Normal]Annihilape||SafetyGoggles|Defiant|CloseCombat,Taunt,RageFist,FinalGambit|||M|||50|,,,,,Fairy]Tyranitar||AssaultVest|SandStream|RockSlide,KnockOff,LowKick,TeraBlast|||M|||50|,,,,,Flying
|inactive|Battle timer is ON: inactive players will automatically lose when time's up. (requested by Recadeco)
|inactive|rowlet pesetero has 60 seconds left.
|
|t:|1755790809
|teamsize|p1|4
|teamsize|p2|4
|start
|switch|p1a: Ariel|Primarina, L50, F|100/100
|switch|p1b: Slifer|Talonflame, L50, M, shiny|100/100
|switch|p2a: Tyranitar|Tyranitar, L50, M|100/100
|switch|p2b: Volcarona|Volcarona, L50, M|100/100
|-weather|Sandstorm|[from] ability: Sand Stream|[of] p2a: Tyranitar
|turn|1
|inactive|Recadeco has 30 seconds left.
|inactive|rowlet pesetero has 30 seconds left.
|
|t:|1755790840
|switch|p2a: Indeedee|Indeedee, L50, M|100/100
|-fieldstart|move: Psychic Terrain|[from] ability: Psychic Surge|[of] p2a: Indeedee
|-terastallize|p2b: Volcarona|Grass
|move|p1b: Slifer|Brave Bird|p2b: Volcarona
|-activate|p2b: Volcarona|move: Psychic Terrain
|move|p2b: Volcarona|Tailwind|p2b: Volcarona
|-sidestart|p2: rowlet pesetero|move: Tailwind
|move|p1a: Ariel|Hyper Voice|p2b: Volcarona|[spread] p2a,p2b
|-resisted|p2b: Volcarona
|-damage|p2a: Indeedee|43/100
|-damage|p2b: Volcarona|79/100
|-damage|p1a: Ariel|91/100|[from] item: Life Orb
|
|-weather|Sandstorm|[upkeep]
|-damage|p2a: Indeedee|37/100|[from] Sandstorm
|-damage|p2b: Volcarona|73/100|[from] Sandstorm
|-damage|p1b: Slifer|95/100|[from] Sandstorm
|-damage|p1a: Ariel|85/100|[from] Sandstorm
|upkeep
|turn|2
|
|t:|1755790861
|switch|p1b: Flying Gorilla|Rillaboom, L50, F|100/100
|-fieldstart|move: Grassy Terrain|[from] ability: Grassy Surge|[of] p1b: Flying Gorilla
|move|p2a: Indeedee|Expanding Force|p1a: Ariel
|-damage|p1a: Ariel|51/100
|move|p2b: Volcarona|Struggle Bug|p1b: Flying Gorilla|[spread] p1a,p1b
|-resisted|p1a: Ariel
|-supereffective|p1b: Flying Gorilla
|-damage|p1a: Ariel|44/100
|-damage|p1b: Flying Gorilla|72/100
|-unboost|p1a: Ariel|spa|1
|-unboost|p1b: Flying Gorilla|spa|1
|move|p1a: Ariel|Hyper Voice|p2b: Volcarona|[spread] p2a,p2b
|-resisted|p2b: Volcarona
|-damage|p2a: Indeedee|0 fnt
|-damage|p2b: Volcarona|58/100
|faint|p2a: Indeedee
|-damage|p1a: Ariel|34/100|[from] item: Life Orb
|
|-weather|Sandstorm|[upkeep]
|-damage|p2b: Volcarona|52/100|[from] Sandstorm
|-damage|p1b: Flying Gorilla|66/100|[from] Sandstorm
|-damage|p1a: Ariel|28/100|[from] Sandstorm
|-heal|p2b: Volcarona|58/100|[from] Grassy Terrain
|-heal|p1b: Flying Gorilla|72/100|[from] Grassy Terrain
|-heal|p1a: Ariel|34/100|[from] Grassy Terrain
|upkeep
|
|t:|1755790868
|switch|p2a: Sneasler|Sneasler, L50, M|100/100
|turn|3
|inactive|Recadeco has 30 seconds left.
|inactive|Recadeco has 20 seconds left.
|
|t:|1755790903
|switch|p1b: Slifer|Talonflame, L50, M, shiny|95/100
|move|p2a: Sneasler|Dire Claw|p1b: Slifer
|-damage|p1b: Slifer|25/100
|move|p2b: Volcarona|Struggle Bug|p1b: Slifer|[spread] p1a,p1b
|-resisted|p1a: Ariel
|-resisted|p1b: Slifer
|-damage|p1a: Ariel|28/100
|-damage|p1b: Slifer|18/100
|-unboost|p1a: Ariel|spa|1
|move|p1a: Ariel|Moonblast|p2b: Volcarona
|-damage|p2b: Volcarona|26/100
|-enditem|p2b: Volcarona|Sitrus Berry|[eat]
|-heal|p2b: Volcarona|51/100|[from] item: Sitrus Berry
|-damage|p1a: Ariel|18/100|[from] item: Life Orb
|
|-weather|Sandstorm|[upkeep]
|-damage|p2a: Sneasler|95/100|[from] Sandstorm
|-damage|p2b: Volcarona|45/100|[from] Sandstorm
|-damage|p1b: Slifer|12/100|[from] Sandstorm
|-damage|p1a: Ariel|12/100|[from] Sandstorm
|-heal|p2a: Sneasler|100/100|[from] Grassy Terrain
|-heal|p2b: Volcarona|51/100|[from] Grassy Terrain
|-heal|p1a: Ariel|18/100|[from] Grassy Terrain
|upkeep
|turn|4
|inactive|Recadeco has 30 seconds left.
|inactive|rowlet pesetero has 30 seconds left.
|inactive|Recadeco has 20 seconds left.
|inactive|Recadeco has 15 seconds left.
|
|t:|1755790952
|switch|p1a: Eugine|Gholdengo, L50|100/100
|move|p2a: Sneasler|Dire Claw|p1b: Slifer
|-damage|p1b: Slifer|0 fnt
|faint|p1b: Slifer
|move|p2b: Volcarona|Overheat|p1a: Eugine|[miss]
|-miss|p2b: Volcarona|p1a: Eugine
|
|-weather|Sandstorm|[upkeep]
|-damage|p2a: Sneasler|95/100|[from] Sandstorm
|-damage|p2b: Volcarona|45/100|[from] Sandstorm
|-heal|p2a: Sneasler|100/100|[from] Grassy Terrain
|-heal|p2b: Volcarona|51/100|[from] Grassy Terrain
|-sideend|p2: rowlet pesetero|move: Tailwind
|upkeep
|
|t:|1755790974
|switch|p1b: Flying Gorilla|Rillaboom, L50, F|72/100
|turn|5
|inactive|rowlet pesetero has 30 seconds left.
|
|t:|1755791003
|-terastallize|p1b: Flying Gorilla|Fire
|move|p1b: Flying Gorilla|Fake Out|p2b: Volcarona
|-damage|p2b: Volcarona|32/100
|move|p2a: Sneasler|Close Combat|p1a: Eugine
|-immune|p1a: Eugine
|cant|p2b: Volcarona|flinch
|move|p1a: Eugine|Make It Rain|p2b: Volcarona|[spread] p2a,p2b
|-damage|p2a: Sneasler|0 fnt
|-damage|p2b: Volcarona|0 fnt
|-unboost|p1a: Eugine|spa|1
|faint|p2a: Sneasler
|faint|p2b: Volcarona
|
|-weather|none
|-heal|p1b: Flying Gorilla|78/100|[from] Grassy Terrain
|upkeep
|
|t:|1755791014
|switch|p2b: Tyranitar|Tyranitar, L50, M|100/100
|-weather|Sandstorm|[from] ability: Sand Stream|[of] p2b: Tyranitar
|turn|6
|
|t:|1755791029
|move|p1a: Eugine|Make It Rain|p2b: Tyranitar
|-supereffective|p2b: Tyranitar
|-damage|p2b: Tyranitar|40/100
|-unboost|p1a: Eugine|spa|1
|move|p1b: Flying Gorilla|Wood Hammer|p2b: Tyranitar
|-supereffective|p2b: Tyranitar
|-damage|p2b: Tyranitar|0 fnt
|faint|p2b: Tyranitar
|-damage|p1b: Flying Gorilla|66/100|[from] Recoil
|
|win|Recadeco
|raw|Recadeco's rating: 1303 → 1322(+19 for winning)
|raw|rowlet pesetero's rating: 1282 → 1259(-23 for losing)
|l|☆rowlet pesetero
|player|p2|
|j|☆rowlet pesetero
|player|p2|rowlet pesetero|cheren-gen5bw2|
