|j|☆luk2929powapowa
|j|☆helpimbadatthislol
|html|luk2929powapowahelpimbadatthislol    
|uhtml|bestof|Game 1 of a best-of-3
|t:|1784018452
|gametype|doubles
|player|p1|luk2929powapowa|266|1045
|player|p2|helpimbadatthislol|rosa|1068
|gen|9
|tier|[Gen 9 Champions] VGC 2026 Reg M-B (Bo3)
|rated|
|rule|Species Clause: Limit one of each Pokémon
|rule|Item Clause: Limit 1 of each item
|clearpoke
|poke|p1|Vileplume, L50, M|
|poke|p1|Torkoal, L50, F|
|poke|p1|Kingambit, L50, M|
|poke|p1|Sylveon, L50, F|
|poke|p1|Farigiraf, L50, F|
|poke|p1|Blastoise, L50, F|
|poke|p2|Raichu, L50, M|
|poke|p2|Scizor, L50, M|
|poke|p2|Rotom-Wash, L50|
|poke|p2|Heliolisk, L50, F|
|poke|p2|Dedenne, L50, F|
|poke|p2|Dragonite, L50, F|
|teampreview|4
|showteam|p1|Vileplume||FocusSash|Chlorophyll|SludgeBomb,EnergyBall,SleepPowder,AfterYou|Timid||M|||50|]Torkoal||Charcoal|Drought|HeatWave,Protect,Eruption,WeatherBall|Quiet||F|||50|]Kingambit||BlackGlasses|Defiant|KowtowCleave,SuckerPunch,IronHead,Protect|Brave||M|||50|]Sylveon||FairyFeather|Pixilate|HyperVoice,HyperBeam,CalmMind,Detect|Quiet||F|||50|]Farigiraf||ColburBerry|ArmorTail|Imprison,TrickRoom,Protect,Psychic|Sassy||F|||50|]Blastoise||Blastoisinite|Torrent|DarkPulse,WaterSpout,AuraSphere,Protect|Quiet||F|||50|
|showteam|p2|Raichu||RaichuniteY|LightningRod|ZapCannon,FakeOut,AlluringVoice,FocusBlast|Timid||M|||50|]Scizor||LifeOrb|Technician|BulletPunch,Uturn,CloseCombat,Protect|Adamant||M|||50|]Rotom-Wash||SitrusBerry|Levitate|HydroPump,Discharge,WillOWisp,VoltSwitch|Modest|||||50|]Heliolisk||ExpertBelt|SolarPower|Discharge,Glare,WeatherBall,HyperVoice|Modest||F|||50|]Dedenne||FocusSash|Pickup|Nuzzle,SuperFang,SunnyDay,Thunderbolt|Hasty||F|||50|]Dragonite||ChestoBerry|Multiscale|Rest,DragonClaw,ExtremeSpeed,Tailwind|Adamant||F|||50|
|
|t:|1784018499
|teamsize|p1|4
|teamsize|p2|4
|start
|switch|p1a: Farigiraf|Farigiraf, L50, F|100/100
|switch|p1b: Blastoise|Blastoise, L50, F|100/100
|switch|p2a: Scizor|Scizor, L50, M|100/100
|switch|p2b: Raichu|Raichu, L50, M|100/100
|turn|1
|
|t:|1784018526
|detailschange|p2b: Raichu|Raichu-Mega-Y, L50, M
|-mega|p2b: Raichu|Raichu|Raichunite Y
|move|p1b: Blastoise|Protect|p1b: Blastoise
|-singleturn|p1b: Blastoise|Protect
|move|p2b: Raichu|Zap Cannon|p1b: Blastoise
|-activate|p1b: Blastoise|move: Protect
|move|p2a: Scizor|U-turn|p1a: Farigiraf
|-supereffective|p1a: Farigiraf|1
|-damage|p1a: Farigiraf|9/100
|-damage|p2a: Scizor|90/100|[from] item: Life Orb
|
|t:|1784018542
|switch|p2a: Dragonite|Dragonite, L50, F|100/100|[from] U-turn
|move|p1a: Farigiraf|Trick Room|p1a: Farigiraf
|-fieldstart|move: Trick Room|[of] p1a: Farigiraf
|
|upkeep
|turn|2
|
|t:|1784018563
|switch|p2b: Scizor|Scizor, L50, M|90/100
|detailschange|p1b: Blastoise|Blastoise-Mega, L50, F
|-mega|p1b: Blastoise|Blastoise|Blastoisinite
|move|p1a: Farigiraf|Imprison|p1a: Farigiraf
|-start|p1a: Farigiraf|move: Imprison
|move|p1b: Blastoise|Water Spout|p2b: Scizor|[spread] p2a,p2b
|-resisted|p2a: Dragonite|1
|-damage|p2a: Dragonite|84/100
|-damage|p2b: Scizor|13/100
|move|p2a: Dragonite|Dragon Claw|p1b: Blastoise
|-damage|p1b: Blastoise|59/100
|
|upkeep
|turn|3
|
|t:|1784018591
|move|p1a: Farigiraf|Psychic|p2a: Dragonite
|-damage|p2a: Dragonite|55/100
|move|p2b: Scizor|U-turn|p1a: Farigiraf
|-supereffective|p1a: Farigiraf|1
|-damage|p1a: Farigiraf|0 fnt
|faint|p1a: Farigiraf
|-damage|p2b: Scizor|3/100|[from] item: Life Orb
|
|t:|1784018606
|switch|p2b: Heliolisk|Heliolisk, L50, F|100/100|[from] U-turn
|move|p1b: Blastoise|Water Spout|p2a: Dragonite|[spread] p2a,p2b
|-resisted|p2a: Dragonite|1
|-damage|p2a: Dragonite|37/100
|-damage|p2b: Heliolisk|50/100g
|move|p2a: Dragonite|Dragon Claw|p1b: Blastoise
|-damage|p1b: Blastoise|17/100
|
|upkeep
|
|t:|1784018618
|switch|p1a: Torkoal|Torkoal, L50, F|100/100
|-weather|SunnyDay|[from] ability: Drought|[of] p1a: Torkoal
|turn|4
|
|t:|1784018653
|switch|p1b: Vileplume|Vileplume, L50, M|100/100
|switch|p2b: Scizor|Scizor, L50, M|3/100
|move|p2a: Dragonite|Extreme Speed|p1b: Vileplume
|-damage|p1b: Vileplume|53/100
|move|p1a: Torkoal|Eruption|p2a: Dragonite|[spread] p2a,p2b
|-resisted|p2a: Dragonite|1
|-supereffective|p2b: Scizor|2
|-damage|p2a: Dragonite|0 fnt
|-damage|p2b: Scizor|0 fnt
|faint|p2a: Dragonite
|faint|p2b: Scizor
|
|-weather|SunnyDay|[upkeep]
|upkeep
|
|t:|1784018657
|switch|p2b: Heliolisk|Heliolisk, L50, F|50/100g
|switch|p2a: Raichu|Raichu-Mega-Y, L50, M|100/100
|turn|5
|
|t:|1784018694
|move|p1a: Torkoal|Protect|p1a: Torkoal
|-singleturn|p1a: Torkoal|Protect
|move|p2a: Raichu|Fake Out|p1a: Torkoal
|-activate|p1a: Torkoal|move: Protect
|move|p2b: Heliolisk|Weather Ball|p1b: Vileplume
|-supereffective|p1b: Vileplume|1
|-damage|p1b: Vileplume|0 fnt
|faint|p1b: Vileplume
|
|-weather|SunnyDay|[upkeep]
|-damage|p2b: Heliolisk|38/100|[from] ability: Solar Power|[of] p2b: Heliolisk
|-fieldend|move: Trick Room
|upkeep
|
|t:|1784018708
|switch|p1b: Blastoise|Blastoise-Mega, L50, F|17/100
|turn|6
|
|t:|1784018720
|move|p2a: Raichu|Zap Cannon|p1a: Torkoal
|-damage|p1a: Torkoal|11/100
|-status|p1a: Torkoal|par
|move|p2b: Heliolisk|Hyper Voice|p1a: Torkoal|[spread] p1a,p1b
|-damage|p1a: Torkoal|0 fnt
|-damage|p1b: Blastoise|0 fnt
|faint|p1a: Torkoal
|faint|p1b: Blastoise
|
|win|helpimbadatthislol
||helpimbadatthislol is ready for game 2.
