|j|☆ufhednarvgc
|j|☆EBnilla
|html|ufhednarvgcEBnilla    
|uhtml|bestof|Game 1 of a best-of-3
|t:|1786045755
|gametype|doubles
|player|p1|ufhednarvgc|lance|1149
|player|p2|EBnilla|backpacker|1242
|gen|9
|tier|[Gen 9 Champions] VGC 2026 Reg M-B (Bo3)
|rated|
|rule|Species Clause: Limit one of each Pokémon
|rule|Item Clause: Limit 1 of each item
|clearpoke
|poke|p1|Arcanine-Hisui, L50, M|
|poke|p1|Kingambit, L50, M|
|poke|p1|Raichu, L50, F|
|poke|p1|Farigiraf, L50, M|
|poke|p1|Sylveon, L50, M|
|poke|p1|Staraptor, L50, M|
|poke|p2|Grimmsnarl, L50, M|
|poke|p2|Archaludon, L50, M|
|poke|p2|Politoed, L50, M|
|poke|p2|Sinistcha, L50|
|poke|p2|Staraptor, L50, F|
|poke|p2|Raichu, L50, M|
|teampreview|4
|showteam|p1|Arcanine-Hisui||FocusSash|RockHead|FlareBlitz,HeadSmash,ExtremeSpeed,Protect|Jolly||M|||50|]Kingambit||LifeOrb|Defiant|KowtowCleave,SuckerPunch,SwordsDance,Protect|Adamant||M|||50|]Raichu||RaichuniteY|LightningRod|ZapCannon,FocusBlast,FakeOut,Protect|Timid||F|||50|]Farigiraf||SitrusBerry|ArmorTail|Psychic,HelpingHand,TrickRoom,Protect|Modest||M|||50|]Sylveon||FairyFeather|Pixilate|HyperVoice,HyperBeam,QuickAttack,Detect|Modest||M|||50|]Staraptor||Staraptite|Intimidate|CloseCombat,DualWingbeat,Roost,Protect|Jolly||M|||50|
|showteam|p2|Grimmsnarl||LightClay|Prankster|SpiritBreak,Reflect,LightScreen,PartingShot|Relaxed||M|||50|]Archaludon||Leftovers|Stamina|FlashCannon,ElectroShot,Snarl,Protect|Calm||M|||50|]Politoed||FocusSash|Drizzle|Surf,WeatherBall,PerishSong,Protect|Bold||M|||50|]Sinistcha||SitrusBerry|Hospitality|MatchaGotcha,RagePowder,LifeDew,Protect|Calm|||||50|]Staraptor||Staraptite|Intimidate|CloseCombat,BraveBird,Roost,Protect|Careful||F|||50|]Raichu||RaichuniteY|LightningRod|ZapCannon,FocusBlast,FakeOut,Protect|Timid||M|||50|
|inactive|Battle timer is ON: inactive players will automatically lose when time's up. (requested by EBnilla)
|
|t:|1786045786
|teamsize|p1|4
|teamsize|p2|4
|start
|switch|p1a: Raichu|Raichu, L50, F|100/100
|switch|p1b: Kingambit|Kingambit, L50, M|100/100
|switch|p2a: Grimmsnarl|Grimmsnarl, L50, M|100/100
|switch|p2b: Staraptor|Staraptor, L50, F|100/100
|-ability|p2b: Staraptor|Intimidate|boost
|-unboost|p1a: Raichu|atk|1
|-unboost|p1b: Kingambit|atk|1
|-ability|p1b: Kingambit|Defiant|boost
|-boost|p1b: Kingambit|atk|2
|turn|1
|inactive|ufhednarvgc has 30 seconds left.
|inactive|EBnilla has 30 seconds left.
|inactive|EBnilla has 20 seconds left.
|
|t:|1786045825
|switch|p1b: Sylveon|Sylveon, L50, M|100/100
|detailschange|p1a: Raichu|Raichu-Mega-Y, L50, F
|-mega|p1a: Raichu|Raichu|Raichunite Y
|detailschange|p2b: Staraptor|Staraptor-Mega, L50, F
|-mega|p2b: Staraptor|Staraptor|Staraptite
|move|p2b: Staraptor|Protect|p2b: Staraptor
|-singleturn|p2b: Staraptor|Protect
|move|p2a: Grimmsnarl|Reflect|p2a: Grimmsnarl
|-sidestart|p2: EBnilla|Reflect
|move|p1a: Raichu|Zap Cannon|p2b: Staraptor
|-activate|p2b: Staraptor|move: Protect
|
|upkeep
|turn|2
|
|t:|1786045838
|switch|p2b: Archaludon|Archaludon, L50, M|100/100
|move|p2a: Grimmsnarl|Light Screen|p2a: Grimmsnarl
|-sidestart|p2: EBnilla|move: Light Screen
|move|p1a: Raichu|Zap Cannon|p2b: Archaludon
|-resisted|p2b: Archaludon|1
|-damage|p2b: Archaludon|82/100
|-status|p2b: Archaludon|par
|-ability|p2b: Archaludon|Stamina|boost
|-boost|p2b: Archaludon|def|1
|move|p1b: Sylveon|Hyper Voice|p2a: Grimmsnarl|[spread] p2a,p2b
|-supereffective|p2a: Grimmsnarl|1
|-damage|p2a: Grimmsnarl|43/100
|-damage|p2b: Archaludon|55/100 par
|-ability|p2b: Archaludon|Stamina|boost
|-boost|p2b: Archaludon|def|1
|
|-heal|p2b: Archaludon|61/100 par|[from] item: Leftovers
|upkeep
|turn|3
|
|t:|1786045855
|move|p2a: Grimmsnarl|Parting Shot|p1a: Raichu
|-unboost|p1a: Raichu|atk|1
|-unboost|p1a: Raichu|spa|1
|
|t:|1786045857
|switch|p2a: Sinistcha|Sinistcha, L50|100/100|[from] Parting Shot
|-heal|p2b: Archaludon|86/100 par|[from] ability: Hospitality|[of] p2a: Sinistcha
|move|p1a: Raichu|Focus Blast|p2b: Archaludon
|-supereffective|p2b: Archaludon|1
|-damage|p2b: Archaludon|54/100 par
|-ability|p2b: Archaludon|Stamina|boost
|-boost|p2b: Archaludon|def|1
|move|p1b: Sylveon|Hyper Voice|p2b: Archaludon|[spread] p2a,p2b
|-damage|p2a: Sinistcha|64/100
|-damage|p2b: Archaludon|27/100 par
|-ability|p2b: Archaludon|Stamina|boost
|-boost|p2b: Archaludon|def|1
|move|p2b: Archaludon|Snarl|p1b: Sylveon|[spread] p1a,p1b
|-resisted|p1b: Sylveon|1
|-damage|p1a: Raichu|85/100
|-damage|p1b: Sylveon|95/100
|-unboost|p1a: Raichu|spa|1
|-unboost|p1b: Sylveon|spa|1
|
|-heal|p2b: Archaludon|34/100 par|[from] item: Leftovers
|upkeep
|turn|4
|
|t:|1786045877
|switch|p1a: Kingambit|Kingambit, L50, M|100/100
|move|p2b: Archaludon|Protect|p2b: Archaludon
|-singleturn|p2b: Archaludon|Protect
|move|p1b: Sylveon|Hyper Voice|p2b: Archaludon|[spread] p2a
|-activate|p2b: Archaludon|move: Protect
|-damage|p2a: Sinistcha|42/100
|-enditem|p2a: Sinistcha|Sitrus Berry|[eat]
|-heal|p2a: Sinistcha|67/100|[from] item: Sitrus Berry
|move|p2a: Sinistcha|Life Dew|p2a: Sinistcha|[spread] p2a,p2b
|-heal|p2a: Sinistcha|92/100
|-heal|p2b: Archaludon|58/100 par
|
|-heal|p2b: Archaludon|64/100 par|[from] item: Leftovers
|upkeep
|turn|5
|
|t:|1786045898
|switch|p2a: Staraptor|Staraptor-Mega, L50, F|100/100
|move|p1b: Sylveon|Hyper Voice|p2a: Staraptor|[spread] p2a,p2b
|-supereffective|p2a: Staraptor|1
|-damage|p2a: Staraptor|72/100
|-damage|p2b: Archaludon|47/100 par
|-ability|p2b: Archaludon|Stamina|boost
|-boost|p2b: Archaludon|def|1
|move|p1a: Kingambit|Swords Dance|p1a: Kingambit
|-boost|p1a: Kingambit|atk|2
|cant|p2b: Archaludon|par
|
|-heal|p2b: Archaludon|53/100 par|[from] item: Leftovers
|upkeep
|turn|6
|
|t:|1786045916
|switch|p1b: Farigiraf|Farigiraf, L50, M|100/100
|move|p1a: Kingambit|Sucker Punch|p2a: Staraptor
|-resisted|p2a: Staraptor|1
|-damage|p2a: Staraptor|40/100
|-damage|p1a: Kingambit|90/100|[from] item: Life Orb
|move|p2a: Staraptor|Close Combat|p1a: Kingambit
|-supereffective|p1a: Kingambit|2
|-damage|p1a: Kingambit|0 fnt
|-boost|p2a: Staraptor|def|1
|-boost|p2a: Staraptor|spd|1
|faint|p1a: Kingambit
|move|p2b: Archaludon|Flash Cannon|p1b: Farigiraf
|-damage|p1b: Farigiraf|68/100
|-unboost|p1b: Farigiraf|spd|1
|
|-heal|p2b: Archaludon|59/100 par|[from] item: Leftovers
|upkeep
|
|t:|1786045931
|switch|p1a: Sylveon|Sylveon, L50, M|95/100
|turn|7
|
|t:|1786045941
|move|p2a: Staraptor|Close Combat|p1b: Farigiraf
|-damage|p1b: Farigiraf|21/100
|-boost|p2a: Staraptor|def|1
|-boost|p2a: Staraptor|spd|1
|-enditem|p1b: Farigiraf|Sitrus Berry|[eat]
|-heal|p1b: Farigiraf|46/100|[from] item: Sitrus Berry
|move|p1a: Sylveon|Hyper Voice|p2b: Archaludon|[spread] p2a,p2b
|-supereffective|p2a: Staraptor|1
|-damage|p2a: Staraptor|15/100
|-damage|p2b: Archaludon|32/100 par
|-ability|p2b: Archaludon|Stamina|boost
|-boost|p2b: Archaludon|def|1
|cant|p2b: Archaludon|par
|move|p1b: Farigiraf|Trick Room|p1b: Farigiraf
|-fieldstart|move: Trick Room|[of] p1b: Farigiraf
|
|-heal|p2b: Archaludon|39/100 par|[from] item: Leftovers
|upkeep
|turn|8
|
|t:|1786045957
|switch|p2a: Sinistcha|Sinistcha, L50|92/100
|-heal|p2b: Archaludon|63/100 par|[from] ability: Hospitality|[of] p2a: Sinistcha
|move|p1b: Farigiraf|Helping Hand|p1a: Sylveon
|-singleturn|p1a: Sylveon|Helping Hand|[of] p1b: Farigiraf
|move|p2b: Archaludon|Snarl|p1b: Farigiraf|[spread] p1a,p1b
|-resisted|p1a: Sylveon|1
|-supereffective|p1b: Farigiraf|1
|-damage|p1a: Sylveon|91/100
|-damage|p1b: Farigiraf|13/100
|-unboost|p1a: Sylveon|spa|1
|-unboost|p1b: Farigiraf|spa|1
|move|p1a: Sylveon|Hyper Voice|p2b: Archaludon|[spread] p2a,p2b
|-damage|p2a: Sinistcha|60/100
|-damage|p2b: Archaludon|37/100 par
|
|-heal|p2b: Archaludon|43/100 par|[from] item: Leftovers
|-sideend|p2: EBnilla|Reflect
|upkeep
|turn|9
|
|t:|1786045981
|move|p1b: Farigiraf|Helping Hand|p1a: Sylveon
|-singleturn|p1a: Sylveon|Helping Hand|[of] p1b: Farigiraf
|move|p2b: Archaludon|Snarl|p1b: Farigiraf|[spread] p1a,p1b
|-resisted|p1a: Sylveon|1
|-supereffective|p1b: Farigiraf|1
|-damage|p1a: Sylveon|86/100
|-damage|p1b: Farigiraf|0 fnt
|-unboost|p1a: Sylveon|spa|1
|faint|p1b: Farigiraf
|move|p1a: Sylveon|Hyper Voice|p2a: Sinistcha|[spread] p2a,p2b
|-damage|p2a: Sinistcha|34/100
|-damage|p2b: Archaludon|24/100 par
|move|p2a: Sinistcha|Life Dew|p2a: Sinistcha|[spread] p2a,p2b
|-heal|p2a: Sinistcha|60/100
|-heal|p2b: Archaludon|49/100 par
|
|-heal|p2b: Archaludon|55/100 par|[from] item: Leftovers
|-sideend|p2: EBnilla|move: Light Screen
|upkeep
|-message|ufhednarvgc forfeited.
|
|win|EBnilla
|l|☆ufhednarvgc
|player|p1|
||ufhednarvgc is ready for game 2.
||EBnilla is ready for game 2.
|uhtml|next|Next: Game 2 of 3
|j|☆ufhednarvgc
|player|p1|ufhednarvgc|lance|
