|j|☆RegalAc3
|j|☆jorgessitu
|html|RegalAc3jorgessitu    
|uhtml|bestof|Game 2 of a best-of-3
|t:|1756755082
|gametype|doubles
|player|p1|RegalAc3|n|1049
|player|p2|jorgessitu|170|1055
|gen|9
|tier|[Gen 9] VGC 2025 Reg H (Bo3)
|rated|
|rule|Species Clause: Limit one of each Pokémon
|rule|Item Clause: Limit 1 of each item
|clearpoke
|poke|p1|Pelipper, L50, F|
|poke|p1|Basculegion, L50, M|
|poke|p1|Archaludon, L50, M|
|poke|p1|Annihilape, L50, M|
|poke|p1|Rillaboom, L50, F|
|poke|p1|Maushold-Four, L50|
|poke|p2|Incineroar, L50, M|
|poke|p2|Volcarona, L50, M|
|poke|p2|Rillaboom, L50, F|
|poke|p2|Sneasler, L50, F|
|poke|p2|Maushold-Four, L50|
|poke|p2|Primarina, L50, M|
|teampreview|4
|showteam|p1|Pelipper||FocusSash|Drizzle|Hurricane,WeatherBall,WideGuard,Protect|||F|||50|,,,,,Stellar]Basculegion||LifeOrb|SwiftSwim|WaveCrash,LastRespects,AquaJet,Protect|||M|||50|,,,,,Water]Archaludon||AssaultVest|Stamina|FlashCannon,DracoMeteor,ElectroShot,BodyPress|||M|||50|,,,,,Bug]Annihilape||Leftovers|Defiant|RageFist,DrainPunch,BulkUp,Protect|||M|||50|,,,,,Fire]Rillaboom||LoadedDice|GrassySurge|BulletSeed,GrassyGlide,HighHorsepower,FakeOut|||F|||50|,,,,,Water]Maushold-Four||SafetyGoggles|FriendGuard|BeatUp,FollowMe,Taunt,Protect||||||50|,,,,,Ghost
|showteam|p2|Incineroar||SafetyGoggles|Intimidate|FakeOut,FlareBlitz,KnockOff,PartingShot|||M|||50|,,,,,Ghost]Volcarona||GrassySeed|FlameBody|HeatWave,QuiverDance,GigaDrain,Protect|||M|||50|,,,,,Grass]Rillaboom||AssaultVest|GrassySurge|FakeOut,WoodHammer,GrassyGlide,HighHorsepower|||F|||50|,,,,,Fire]Sneasler||FocusSash|Unburden|Coaching,CloseCombat,DireClaw,Protect|||F|||50|,,,,,Ghost]Maushold-Four||SitrusBerry|FriendGuard|FollowMe,PopulationBomb,Taunt,Protect||||||50|,,,,,Ghost]Primarina||RindoBerry|LiquidVoice|HyperVoice,Moonblast,CalmMind,Protect|||M|||50|,,,,,Fairy
|inactive|Battle timer is ON: inactive players will automatically lose when time's up. (requested by jorgessitu)
|inactive|jorgessitu has 60 seconds left.
|
|t:|1756755116
|teamsize|p1|4
|teamsize|p2|4
|start
|switch|p1a: Pelipper|Pelipper, L50, F|100/100
|switch|p1b: Basculegion|Basculegion, L50, M|100/100
|switch|p2a: Rillaboom|Rillaboom, L50, F|100/100
|switch|p2b: Volcarona|Volcarona, L50, M|100/100
|-weather|RainDance|[from] ability: Drizzle|[of] p1a: Pelipper
|-fieldstart|move: Grassy Terrain|[from] ability: Grassy Surge|[of] p2a: Rillaboom
|-enditem|p2b: Volcarona|Grassy Seed
|-boost|p2b: Volcarona|def|1|[from] item: Grassy Seed
|turn|1
|
|t:|1756755140
|-terastallize|p1a: Pelipper|Stellar
|move|p2b: Volcarona|Protect|p2b: Volcarona
|-singleturn|p2b: Volcarona|Protect
|move|p2a: Rillaboom|Grassy Glide|p1b: Basculegion
|-supereffective|p1b: Basculegion
|-damage|p1b: Basculegion|6/100
|move|p1b: Basculegion|Wave Crash|p2b: Volcarona
|-activate|p2b: Volcarona|move: Protect
|move|p1a: Pelipper|Hurricane|p2b: Volcarona
|-activate|p2b: Volcarona|move: Protect
|
|-weather|RainDance|[upkeep]
|-heal|p1b: Basculegion|12/100|[from] Grassy Terrain
|upkeep
|turn|2
|inactive|jorgessitu has 30 seconds left.
|
|t:|1756755169
|move|p1b: Basculegion|Protect|p1b: Basculegion
|-singleturn|p1b: Basculegion|Protect
|move|p2a: Rillaboom|Grassy Glide|p1a: Pelipper
|-damage|p1a: Pelipper|54/100
|move|p2b: Volcarona|Heat Wave|p1b: Basculegion|[spread] p1a
|-activate|p1b: Basculegion|move: Protect
|-resisted|p1a: Pelipper
|-damage|p1a: Pelipper|40/100
|move|p1a: Pelipper|Hurricane|p2b: Volcarona
|-supereffective|p2b: Volcarona
|-damage|p2b: Volcarona|0 fnt
|faint|p2b: Volcarona
|
|-weather|RainDance|[upkeep]
|-heal|p1b: Basculegion|18/100|[from] Grassy Terrain
|upkeep
|
|t:|1756755189
|switch|p2b: Sneasler|Sneasler, L50, F|100/100
|turn|3
|
|t:|1756755201
|switch|p1b: Archaludon|Archaludon, L50, M|100/100
|move|p1a: Pelipper|Protect|p1a: Pelipper
|-singleturn|p1a: Pelipper|Protect
|move|p2a: Rillaboom|Grassy Glide|p1b: Archaludon
|-resisted|p1b: Archaludon
|-damage|p1b: Archaludon|93/100
|-ability|p1b: Archaludon|Stamina|boost
|-boost|p1b: Archaludon|def|1
|move|p2b: Sneasler|Dire Claw|p1a: Pelipper
|-activate|p1a: Pelipper|move: Protect
|
|-weather|RainDance|[upkeep]
|-heal|p1b: Archaludon|99/100|[from] Grassy Terrain
|upkeep
|turn|4
|inactive|RegalAc3 has 30 seconds left.
|
|t:|1756755234
|switch|p2a: Incineroar|Incineroar, L50, M|100/100
|-ability|p2a: Incineroar|Intimidate|boost
|-unboost|p1a: Pelipper|atk|1
|-unboost|p1b: Archaludon|atk|1
|move|p2b: Sneasler|Dire Claw|p1a: Pelipper
|-damage|p1a: Pelipper|0 fnt
|faint|p1a: Pelipper
|move|p1b: Archaludon|Electro Shot||[still]
|-prepare|p1b: Archaludon|Electro Shot
|-boost|p1b: Archaludon|spa|1
|-anim|p1b: Archaludon|Electro Shot|p2b: Sneasler
|-damage|p2b: Sneasler|13/100
|
|-weather|RainDance|[upkeep]
|-heal|p2b: Sneasler|19/100|[from] Grassy Terrain
|-heal|p1b: Archaludon|100/100|[from] Grassy Terrain
|upkeep
|
|t:|1756755246
|switch|p1a: Basculegion|Basculegion, L50, M|18/100
|turn|5
|
|t:|1756755259
|move|p1a: Basculegion|Aqua Jet|p2b: Sneasler
|-damage|p2b: Sneasler|0 fnt
|faint|p2b: Sneasler
|-damage|p1a: Basculegion|8/100|[from] item: Life Orb
|move|p1b: Archaludon|Body Press|p2a: Incineroar
|-supereffective|p2a: Incineroar
|-damage|p2a: Incineroar|46/100
|move|p2a: Incineroar|Knock Off|p1a: Basculegion
|-supereffective|p1a: Basculegion
|-damage|p1a: Basculegion|0 fnt
|-enditem|p1a: Basculegion|Life Orb|[from] move: Knock Off|[of] p2a: Incineroar
|faint|p1a: Basculegion
|
|-weather|none
|-heal|p2a: Incineroar|52/100|[from] Grassy Terrain
|-fieldend|move: Grassy Terrain
|upkeep
|
|t:|1756755276
|switch|p2b: Rillaboom|Rillaboom, L50, F|100/100
|switch|p1a: Rillaboom|Rillaboom, L50, F|100/100
|-fieldstart|move: Grassy Terrain|[from] ability: Grassy Surge|[of] p1a: Rillaboom
|turn|6
|inactive|RegalAc3 has 30 seconds left.
|inactive|jorgessitu has 30 seconds left.
|inactive|jorgessitu has 20 seconds left.
|
|t:|1756755315
|-terastallize|p2a: Incineroar|Ghost
|move|p1a: Rillaboom|Fake Out|p2a: Incineroar
|-immune|p2a: Incineroar
|move|p1b: Archaludon|Body Press|p2b: Rillaboom
|-damage|p2b: Rillaboom|70/100
|move|p2b: Rillaboom|High Horsepower|p1b: Archaludon
|-supereffective|p1b: Archaludon
|-damage|p1b: Archaludon|69/100
|-ability|p1b: Archaludon|Stamina|boost
|-boost|p1b: Archaludon|def|1
|move|p2a: Incineroar|Knock Off|p1a: Rillaboom
|-damage|p1a: Rillaboom|63/100
|-enditem|p1a: Rillaboom|Loaded Dice|[from] move: Knock Off|[of] p2a: Incineroar
|
|-heal|p1a: Rillaboom|69/100|[from] Grassy Terrain
|-heal|p1b: Archaludon|75/100|[from] Grassy Terrain
|-heal|p2b: Rillaboom|76/100|[from] Grassy Terrain
|-heal|p2a: Incineroar|58/100|[from] Grassy Terrain
|upkeep
|turn|7
|
|t:|1756755337
|move|p1a: Rillaboom|Bullet Seed|p1b: Archaludon
|-resisted|p1b: Archaludon
|-damage|p1b: Archaludon|73/100
|-ability|p1b: Archaludon|Stamina|boost
|-boost|p1b: Archaludon|def|1
|-resisted|p1b: Archaludon
|-crit|p1b: Archaludon
|-damage|p1b: Archaludon|69/100
|-ability|p1b: Archaludon|Stamina|boost
|-boost|p1b: Archaludon|def|1
|-resisted|p1b: Archaludon
|-damage|p1b: Archaludon|68/100
|-ability|p1b: Archaludon|Stamina|boost
|-boost|p1b: Archaludon|def|1
|-resisted|p1b: Archaludon
|-damage|p1b: Archaludon|68/100
|-ability|p1b: Archaludon|Stamina|boost
|-boost|p1b: Archaludon|def|1
|-hitcount|p1b: Archaludon|4
|move|p1b: Archaludon|Flash Cannon|p2a: Incineroar
|-damage|p2a: Incineroar|6/100
|move|p2b: Rillaboom|Wood Hammer|p1a: Rillaboom
|-resisted|p1a: Rillaboom
|-damage|p1a: Rillaboom|29/100
|-damage|p2b: Rillaboom|62/100|[from] Recoil
|move|p2a: Incineroar|Flare Blitz|p1a: Rillaboom
|-supereffective|p1a: Rillaboom
|-crit|p1a: Rillaboom
|-damage|p1a: Rillaboom|0 fnt
|faint|p1a: Rillaboom
|-damage|p2a: Incineroar|0 fnt|[from] Recoil
|faint|p2a: Incineroar
|
|-heal|p1b: Archaludon|74/100|[from] Grassy Terrain
|-heal|p2b: Rillaboom|69/100|[from] Grassy Terrain
|upkeep
|turn|8
|inactive|jorgessitu has 30 seconds left.
|
|t:|1756755367
|move|p1b: Archaludon|Body Press|p2b: Rillaboom
|-damage|p2b: Rillaboom|0 fnt
|faint|p2b: Rillaboom
|
|win|RegalAc3
||jorgessitu is ready for game 3.
