|j|☆SuperDialga1275
|j|☆ssooner
|html|SuperDialga1275ssooner    
|uhtml|bestof|Game 1 of a best-of-3
|t:|1785355873
|gametype|doubles
|player|p1|SuperDialga1275|giovanni|
|player|p2|ssooner|wallace|
|gen|9
|tier|[Gen 9 Champions] VGC 2026 Reg M-B (Bo3)
|rule|Species Clause: Limit one of each Pokémon
|rule|Item Clause: Limit 1 of each item
|clearpoke
|poke|p1|Floette-Eternal, L50, F|
|poke|p1|Whimsicott, L50, M, shiny|
|poke|p1|Basculegion, L50, M, shiny|
|poke|p1|Kingambit, L50, M, shiny|
|poke|p1|Arcanine-Hisui, L50, F, shiny|
|poke|p1|Dragonite, L50, F|
|poke|p2|Staraptor, L50, M|
|poke|p2|Delphox, L50, M|
|poke|p2|Whimsicott, L50, F|
|poke|p2|Garchomp, L50, F|
|poke|p2|Kingambit, L50, F|
|poke|p2|Glimmora, L50, M|
|teampreview|4
|showteam|p1|Floette-Eternal||Floettite|FlowerVeil|Moonblast,DazzlingGleam,LightofRuin,Protect|Modest||F|||50|]Whimsicott||FocusSash|Prankster|Moonblast,Tailwind,Encore,Protect|Timid||M|||50|]Basculegion||ChoiceScarf|Adaptability|LastRespects,WaveCrash,AquaJet,FlipTurn|Jolly||M|||50|]Kingambit||BlackGlasses|Defiant|SuckerPunch,KowtowCleave,IronHead,Protect|Adamant||M|||50|]Arcanine-Hisui||SitrusBerry|RockHead|FlareBlitz,RockSlide,HeadSmash,Protect|Jolly||F|||50|]Dragonite||DragonFang|InnerFocus|Protect,LowKick,ExtremeSpeed,DragonClaw|Adamant||F|||50|
|showteam|p2|Staraptor||Staraptite|Intimidate|DualWingbeat,CloseCombat,Protect,Roost|Jolly||M|||50|]Delphox||Delphoxite|Blaze|HeatWave,Psychic,Protect,Encore|Timid||M|||50|]Whimsicott||OccaBerry|Prankster|Encore,Moonblast,Charm,Tailwind|Calm||F|||50|]Garchomp||LifeOrb|RoughSkin|DragonClaw,Earthquake,Protect,RockSlide|Jolly||F|||50|]Kingambit||ChopleBerry|Defiant|KowtowCleave,IronHead,LowKick,SuckerPunch|Adamant||F|||50|]Glimmora||FocusSash|ToxicDebris|EarthPower,PowerGem,SpikyShield,SludgeBomb|Timid||M|||50|
|inactive|Battle timer is ON: inactive players will automatically lose when time's up. (requested by SuperDialga1275)
|inactive|ssooner also wants the timer to be on.
|inactive|SuperDialga1275 has 60 seconds left.
|
|t:|1785355919
|teamsize|p1|4
|teamsize|p2|4
|start
|switch|p1a: Basculegion|Basculegion, L50, M, shiny|100/100
|switch|p1b: Whimsicott|Whimsicott, L50, M, shiny|100/100
|switch|p2a: Glimmora|Glimmora, L50, M|100/100
|switch|p2b: Whimsicott|Whimsicott, L50, F|100/100
|turn|1
|inactive|SuperDialga1275 has 30 seconds left.
|inactive|ssooner has 30 seconds left.
|inactive|SuperDialga1275 has 20 seconds left.
|inactive|ssooner has 20 seconds left.
|inactive|SuperDialga1275 has 15 seconds left.
|inactive|ssooner has 15 seconds left.
|inactive|ssooner has 10 seconds left.
|inactive|ssooner has 5 seconds left.
|
|t:|1785355970
|move|p2b: Whimsicott|Charm|p1a: Basculegion
|-unboost|p1a: Basculegion|atk|2
|move|p1a: Basculegion|Flip Turn|p2a: Glimmora
|-supereffective|p2a: Glimmora|1
|-damage|p2a: Glimmora|47/100
|-activate|p2a: Glimmora|ability: Toxic Debris
|-sidestart|p1: SuperDialga1275|move: Toxic Spikes
|
|t:|1785355977
|switch|p1a: Arcanine|Arcanine-Hisui, L50, F, shiny|100/100|[from] Flip Turn
|-status|p1a: Arcanine|psn
|move|p1b: Whimsicott|Moonblast|p2a: Glimmora
|-resisted|p2a: Glimmora|1
|-damage|p2a: Glimmora|23/100
|move|p2a: Glimmora|Sludge Bomb|p1b: Whimsicott
|-supereffective|p1b: Whimsicott|2
|-enditem|p1b: Whimsicott|Focus Sash
|-damage|p1b: Whimsicott|1/100
|
|-damage|p1a: Arcanine|87/100 psn|[from] psn
|upkeep
|turn|2
|
|t:|1785356000
|move|p1b: Whimsicott|Tailwind|p1b: Whimsicott
|-sidestart|p1: SuperDialga1275|move: Tailwind
|move|p2b: Whimsicott|Tailwind|p2b: Whimsicott
|-sidestart|p2: ssooner|move: Tailwind
|move|p1a: Arcanine|Head Smash|p2a: Glimmora
|-damage|p2a: Glimmora|0 fnt
|-activate|p2a: Glimmora|ability: Toxic Debris
|-sidestart|p1: SuperDialga1275|move: Toxic Spikes
|faint|p2a: Glimmora
|
|-damage|p1a: Arcanine|75/100 psn|[from] psn
|upkeep
|
|t:|1785356011
|switch|p2a: Staraptor|Staraptor, L50, M|100/100
|-ability|p2a: Staraptor|Intimidate|boost
|-unboost|p1a: Arcanine|atk|1
|-unboost|p1b: Whimsicott|atk|1
|turn|3
|inactive|SuperDialga1275 has 30 seconds left.
|
|t:|1785356036
|switch|p1a: Basculegion|Basculegion, L50, M, shiny|100/100
|-status|p1a: Basculegion|tox
|switch|p2b: Kingambit|Kingambit, L50, F|100/100
|detailschange|p2a: Staraptor|Staraptor-Mega, L50, M
|-mega|p2a: Staraptor|Staraptor|Staraptite
|move|p1b: Whimsicott|Encore|p2b: Kingambit
|-hint|Since gen 7, Dark is immune to Prankster moves.
|-immune|p2b: Kingambit
|move|p2a: Staraptor|Close Combat|p1a: Basculegion
|-immune|p1a: Basculegion
|
|-damage|p1a: Basculegion|93/100 tox|[from] psn
|upkeep
|turn|4
|
|t:|1785356059
|switch|p2a: Whimsicott|Whimsicott, L50, F|100/100
|move|p1b: Whimsicott|Protect|p1b: Whimsicott
|-singleturn|p1b: Whimsicott|Protect
|move|p1a: Basculegion|Wave Crash|p2b: Kingambit
|-damage|p2b: Kingambit|47/100
|-damage|p1a: Basculegion|75/100 tox|[from] Recoil
|move|p2b: Kingambit|Iron Head|p1b: Whimsicott
|-activate|p1b: Whimsicott|move: Protect
|
|-damage|p1a: Basculegion|63/100 tox|[from] psn
|upkeep
|turn|5
|
|t:|1785356080
|switch|p1a: Floette|Floette-Eternal, L50, F|100/100
|-status|p1a: Floette|tox
|switch|p1b: Arcanine|Arcanine-Hisui, L50, F, shiny|75/100 psn
|move|p2a: Whimsicott|Encore||[still]
|-fail|p2a: Whimsicott
|move|p2b: Kingambit|Kowtow Cleave|p1a: Floette
|-resisted|p1a: Floette|1
|-damage|p1a: Floette|66/100 tox
|
|-damage|p1b: Arcanine|63/100 psn|[from] psn
|-damage|p1a: Floette|59/100 tox|[from] psn
|-sideend|p1: SuperDialga1275|move: Tailwind
|-sideend|p2: ssooner|move: Tailwind
|upkeep
|turn|6
|inactive|ssooner has 30 seconds left.
|inactive|ssooner has 20 seconds left.
|
|t:|1785356119
|detailschange|p1a: Floette|Floette-Mega, L50, F
|-mega|p1a: Floette|Floette|Floettite
|-ability|p1a: Floette|Fairy Aura
|move|p2a: Whimsicott|Tailwind|p2a: Whimsicott
|-sidestart|p2: ssooner|move: Tailwind
|move|p1b: Arcanine|Flare Blitz|p2a: Whimsicott
|-supereffective|p2a: Whimsicott|1
|-enditem|p2a: Whimsicott|Occa Berry|[eat]
|-enditem|p2a: Whimsicott|Occa Berry|[weaken]
|-damage|p2a: Whimsicott|27/100
|move|p2b: Kingambit|Iron Head|p1a: Floette
|-supereffective|p1a: Floette|1
|-damage|p1a: Floette|0 fnt
|faint|p1a: Floette
|
|-damage|p1b: Arcanine|51/100 psn|[from] psn
|upkeep
|
|t:|1785356135
|switch|p1a: Whimsicott|Whimsicott, L50, M, shiny|1/100
|-status|p1a: Whimsicott|tox
|turn|7
|c|☆ssooner|you shouldve hit my floette there for sure
|
|t:|1785356148
|switch|p2a: Staraptor|Staraptor-Mega, L50, M|100/100
|move|p1a: Whimsicott|Tailwind|p1a: Whimsicott
|-sidestart|p1: SuperDialga1275|move: Tailwind
|move|p2b: Kingambit|Sucker Punch|p1b: Arcanine
|-damage|p1b: Arcanine|0 fnt
|faint|p1b: Arcanine
|
|-damage|p1a: Whimsicott|0 fnt|[from] psn
|faint|p1a: Whimsicott
|upkeep
|
|t:|1785356155
|switch|p1b: Basculegion|Basculegion, L50, M, shiny|63/100 tox
|turn|8
|
|t:|1785356164
|move|p1b: Basculegion|Aqua Jet|p1: Whimsicott|[notarget]
|-fail|p1b: Basculegion
|move|p2b: Kingambit|Sucker Punch||[still]
|-fail|p2b: Kingambit
|move|p2a: Staraptor|Dual Wingbeat|p1b: Basculegion
|-damage|p1b: Basculegion|36/100 tox
|-damage|p1b: Basculegion|12/100 tox
|-hitcount|p1b: Basculegion|2
|
|-damage|p1b: Basculegion|6/100 tox|[from] psn
|upkeep
|turn|9
|c|☆ssooner|why did it fail?
|c|☆SuperDialga1275|side target
|
|t:|1785356183
|move|p1b: Basculegion|Aqua Jet|p1: Whimsicott|[notarget]
|-fail|p1b: Basculegion
|move|p2a: Staraptor|Dual Wingbeat|p1b: Basculegion
|-damage|p1b: Basculegion|0 fnt
|faint|p1b: Basculegion
|-hitcount|p1: Basculegion|1
|
|win|ssooner
