|j|☆Jun RH
|j|☆kirkin07
|html|Jun RHkirkin07    
|uhtml|bestof|Game 2 of a best-of-3
|t:|1756938000
|gametype|doubles
|player|p1|Jun RH|burglar|1116
|player|p2|kirkin07|265|1046
|gen|9
|tier|[Gen 9] VGC 2025 Reg H (Bo3)
|rated|
|rule|Species Clause: Limit one of each Pokémon
|rule|Item Clause: Limit 1 of each item
|clearpoke
|poke|p1|Gholdengo, L50|
|poke|p1|Incineroar, L50, M|
|poke|p1|Amoonguss, L50, M|
|poke|p1|Dragonite, L50, F|
|poke|p1|Garchomp, L50, F|
|poke|p1|Primarina, L50, F|
|poke|p2|Kingambit, L50, F|
|poke|p2|Dragonite, L50, F|
|poke|p2|Incineroar, L50, F|
|poke|p2|Whimsicott, L50, M|
|poke|p2|Ursaluna-Bloodmoon, L50, M|
|poke|p2|Sneasler, L50, M|
|teampreview|4
|showteam|p1|Gholdengo||LifeOrb|GoodasGold|MakeItRain,ShadowBall,NastyPlot,Protect||||||50|,,,,,Water]Incineroar||SafetyGoggles|Intimidate|KnockOff,FlareBlitz,FakeOut,PartingShot|||M|||50|,,,,,Ghost]Amoonguss||CovertCloak|Regenerator|RagePowder,PollenPuff,Protect,Spore|||M|||50|,,,,,Dark]Dragonite||LoadedDice|Multiscale|ScaleShot,Tailwind,Protect,Haze|||F|||50|,,,,,Fairy]Garchomp||ClearAmulet|RoughSkin|DragonClaw,Earthquake,StompingTantrum,Protect|||F|||50|,,,,,Fire]Primarina||AssaultVest|LiquidVoice|HyperVoice,Moonblast,IcyWind,DazzlingGleam|||F|||50|,,,,,Grass
|showteam|p2|Kingambit||SafetyGoggles|Defiant|KowtowCleave,SuckerPunch,IronHead,Protect|||F|||50|,,,,,Fairy]Dragonite||ChoiceBand|InnerFocus|Outrage,StompingTantrum,ExtremeSpeed,TeraBlast|||F|||50|,,,,,Flying]Incineroar||Leftovers|Intimidate|FlareBlitz,WillOWisp,PartingShot,FakeOut|||F|||50|,,,,,Ghost]Whimsicott||CovertCloak|Prankster|Encore,Protect,Tailwind,Moonblast|||M|||50|,,,,,Water]Ursaluna-Bloodmoon||LifeOrb|MindsEye|Protect,EarthPower,BloodMoon,HyperVoice|||M|||50|,,,,,Normal]Sneasler||FocusSash|PoisonTouch|FakeOut,CloseCombat,DireClaw,Protect|||M|||50|,,,,,Grass
|
|t:|1756938066
|teamsize|p1|4
|teamsize|p2|4
|start
|switch|p1a: Garchomp|Garchomp, L50, F|100/100
|switch|p1b: Dragonite|Dragonite, L50, F|100/100
|switch|p2a: Incineroar|Incineroar, L50, F|100/100
|switch|p2b: Kingambit|Kingambit, L50, F|100/100
|-ability|p2a: Incineroar|Intimidate|boost
|-fail|p1a: Garchomp|unboost|[from] item: Clear Amulet|[of] p1a: Garchomp
|-unboost|p1b: Dragonite|atk|1
|turn|1
|
|t:|1756938091
|move|p1a: Garchomp|Protect|p1a: Garchomp
|-singleturn|p1a: Garchomp|Protect
|move|p2a: Incineroar|Fake Out|p1a: Garchomp
|-activate|p1a: Garchomp|move: Protect
|move|p1b: Dragonite|Tailwind|p1b: Dragonite
|-sidestart|p1: Jun RH|move: Tailwind
|move|p2b: Kingambit|Kowtow Cleave|p1b: Dragonite
|-damage|p1b: Dragonite|73/100
|
|upkeep
|turn|2
|
|t:|1756938110
|switch|p2a: Dragonite|Dragonite, L50, F|100/100
|move|p2b: Kingambit|Protect|p2b: Kingambit
|-singleturn|p2b: Kingambit|Protect
|move|p1a: Garchomp|Earthquake|p2a: Dragonite|[spread] 
|-activate|p2b: Kingambit|move: Protect
|-immune|p1b: Dragonite
|-immune|p2a: Dragonite
|move|p1b: Dragonite|Scale Shot|p2a: Dragonite
|-supereffective|p2a: Dragonite
|-damage|p2a: Dragonite|81/100
|-supereffective|p2a: Dragonite
|-crit|p2a: Dragonite
|-damage|p2a: Dragonite|37/100
|-supereffective|p2a: Dragonite
|-damage|p2a: Dragonite|18/100
|-supereffective|p2a: Dragonite
|-damage|p2a: Dragonite|0 fnt
|faint|p2a: Dragonite
|-hitcount|p2: Dragonite|4
|-unboost|p1b: Dragonite|def|1
|-boost|p1b: Dragonite|spe|1
|
|upkeep
|
|t:|1756938131
|switch|p2a: Whimsicott|Whimsicott, L50, M|100/100
|turn|3
|
|t:|1756938151
|-terastallize|p1a: Garchomp|Fire
|-terastallize|p2b: Kingambit|Fairy
|move|p2a: Whimsicott|Encore|p1b: Dragonite
|-start|p1b: Dragonite|Encore
|move|p1b: Dragonite|Scale Shot|p2b: Kingambit
|-immune|p2b: Kingambit
|move|p1a: Garchomp|Earthquake|p2b: Kingambit|[spread] p2a,p2b
|-immune|p1b: Dragonite
|-resisted|p2a: Whimsicott
|-damage|p2a: Whimsicott|73/100
|-damage|p2b: Kingambit|70/100
|move|p2b: Kingambit|Kowtow Cleave|p1a: Garchomp
|-damage|p1a: Garchomp|45/100
|-damage|p2b: Kingambit|58/100|[from] ability: Rough Skin|[of] p1a: Garchomp
|
|upkeep
|turn|4
|
|t:|1756938187
|switch|p1b: Primarina|Primarina, L50, F|100/100
|move|p2b: Kingambit|Sucker Punch|p1a: Garchomp
|-damage|p1a: Garchomp|5/100
|-damage|p2b: Kingambit|46/100|[from] ability: Rough Skin|[of] p1a: Garchomp
|move|p1a: Garchomp|Stomping Tantrum|p2b: Kingambit
|-damage|p2b: Kingambit|12/100
|move|p2a: Whimsicott|Moonblast|p1b: Primarina
|-damage|p1b: Primarina|84/100
|-unboost|p1b: Primarina|spa|1
|
|-sideend|p1: Jun RH|move: Tailwind
|upkeep
|turn|5
|
|t:|1756938215
|move|p2b: Kingambit|Protect|p2b: Kingambit
|-singleturn|p2b: Kingambit|Protect
|move|p2a: Whimsicott|Tailwind|p2a: Whimsicott
|-sidestart|p2: kirkin07|move: Tailwind
|move|p1a: Garchomp|Stomping Tantrum|p2b: Kingambit
|-activate|p2b: Kingambit|move: Protect
|move|p1b: Primarina|Dazzling Gleam|p2a: Whimsicott|[spread] p2a
|-activate|p2b: Kingambit|move: Protect
|-crit|p2a: Whimsicott
|-damage|p2a: Whimsicott|11/100
|
|upkeep
|turn|6
|
|t:|1756938231
|move|p1a: Garchomp|Protect|p1a: Garchomp
|-singleturn|p1a: Garchomp|Protect
|move|p2a: Whimsicott|Moonblast|p1a: Garchomp
|-activate|p1a: Garchomp|move: Protect
|move|p2b: Kingambit|Iron Head|p1b: Primarina
|-damage|p1b: Primarina|24/100
|move|p1b: Primarina|Dazzling Gleam|p2a: Whimsicott|[spread] p2a,p2b
|-crit|p2a: Whimsicott
|-damage|p2a: Whimsicott|0 fnt
|-damage|p2b: Kingambit|0 fnt
|faint|p2a: Whimsicott
|faint|p2b: Kingambit
|
|upkeep
|
|t:|1756938240
|switch|p2a: Incineroar|Incineroar, L50, F|100/100
|-ability|p2a: Incineroar|Intimidate|boost
|-fail|p1a: Garchomp|unboost|[from] item: Clear Amulet|[of] p1a: Garchomp
|-unboost|p1b: Primarina|atk|1
|turn|7
|
|t:|1756938251
|move|p2a: Incineroar|Fake Out|p1a: Garchomp
|-damage|p1a: Garchomp|0 fnt
|-damage|p2a: Incineroar|88/100|[from] ability: Rough Skin|[of] p1a: Garchomp
|faint|p1a: Garchomp
|move|p1b: Primarina|Hyper Voice|p2a: Incineroar
|-supereffective|p2a: Incineroar
|-damage|p2a: Incineroar|37/100
|
|-heal|p2a: Incineroar|43/100|[from] item: Leftovers
|upkeep
|-message|kirkin07 forfeited.
|
|win|Jun RH
|raw|Jun RH's rating: 1116 → 1136(+20 for winning)
|raw|kirkin07's rating: 1046 → 1032(-14 for losing)
|l|☆kirkin07
|player|p2|
