|j|☆Ledvinka
|j|☆Toocoolwarp6$
|html|LedvinkaToocoolwarp6$    
|uhtml|bestof|Game 1 of a best-of-3
|t:|1782493722
|gametype|doubles
|player|p1|Ledvinka|jupiter|1000
|player|p2|Toocoolwarp6$|backpackerf|1094
|gen|9
|tier|[Gen 9 Champions] VGC 2026 Reg M-B (Bo3)
|rated|
|rule|Species Clause: Limit one of each Pokémon
|rule|Item Clause: Limit 1 of each item
|clearpoke
|poke|p1|Incineroar, L50, F|
|poke|p1|Floette-Eternal, L50, F|
|poke|p1|Sinistcha, L50|
|poke|p1|Garchomp, L50, F|
|poke|p1|Venusaur, L50, M|
|poke|p1|Charizard, L50, F|
|poke|p2|Staraptor, L50, F|
|poke|p2|Charizard, L50, M|
|poke|p2|Incineroar, L50, F|
|poke|p2|Whimsicott, L50, F|
|poke|p2|Garchomp, L50, F|
|poke|p2|Gholdengo, L50|
|teampreview|4
|showteam|p1|Incineroar||PasshoBerry|Intimidate|FakeOut,PartingShot,Snarl,FlareBlitz|Sassy||F|||50|]Floette-Eternal||Floettite|FlowerVeil|Moonblast,DazzlingGleam,CalmMind,Protect|Modest||F|||50|]Sinistcha||KasibBerry|Hospitality|RagePowder,ShadowBall,MatchaGotcha,Protect|Relaxed|||||50|]Garchomp||ChoiceScarf|RoughSkin|Earthquake,StompingTantrum,DragonClaw,RockSlide|Adamant||F|||50|]Venusaur||FocusSash|Chlorophyll|SleepPowder,SludgeBomb,EarthPower,Protect|Timid||M|||50|]Charizard||CharizarditeY|Blaze|HeatWave,WeatherBall,SolarBeam,Protect|Modest||F|||50|
|showteam|p2|Staraptor||Staraptite|Intimidate|Roost,CloseCombat,Protect,DualWingbeat|Adamant||F|||50|]Charizard||CharizarditeY|Blaze|HeatWave,WeatherBall,Protect,SolarBeam|Modest||M|||50|]Incineroar||PasshoBerry|Intimidate|FakeOut,PartingShot,FlareBlitz,DarkestLariat|Impish||F|||50|]Whimsicott||FocusSash|Prankster|Protect,Tailwind,FakeTears,Moonblast|Timid||F|||50|]Garchomp||LifeOrb|RoughSkin|Earthquake,Protect,DragonClaw,RockSlide|Jolly||F|||50|]Gholdengo||SitrusBerry|GoodasGold|NastyPlot,ShadowBall,Protect,MakeItRain|Modest|||||50|
|inactive|Battle timer is ON: inactive players will automatically lose when time's up. (requested by Ledvinka)
|inactive|Toocoolwarp6$ also wants the timer to be on.
|c|☆Ledvinka|Glhf
|c|☆Toocoolwarp6$|glhf
|inactive|Ledvinka has 60 seconds left.
|inactive|Toocoolwarp6$ has 60 seconds left.
|inactive|Ledvinka has 30 seconds left.
|inactive|Ledvinka has 20 seconds left.
|
|t:|1782493792
|teamsize|p1|4
|teamsize|p2|4
|start
|switch|p1a: Floette|Floette-Eternal, L50, F|100/100
|switch|p1b: Incineroar|Incineroar, L50, F|100/100
|switch|p2a: Whimsicott|Whimsicott, L50, F|100/100
|switch|p2b: Garchomp|Garchomp, L50, F|100/100
|-ability|p1b: Incineroar|Intimidate|boost
|-unboost|p2a: Whimsicott|atk|1
|-unboost|p2b: Garchomp|atk|1
|turn|1
|
|t:|1782493815
|detailschange|p1a: Floette|Floette-Mega, L50, F
|-mega|p1a: Floette|Floette|Floettite
|-ability|p1a: Floette|Fairy Aura
|move|p1b: Incineroar|Fake Out|p2a: Whimsicott
|-damage|p2a: Whimsicott|83/100
|cant|p2a: Whimsicott|flinch
|move|p2b: Garchomp|Earthquake|p1a: Floette|[spread] p2a,p1a,p1b
|-resisted|p2a: Whimsicott|1
|-supereffective|p1b: Incineroar|1
|-damage|p2a: Whimsicott|55/100
|-damage|p1a: Floette|58/100
|-damage|p1b: Incineroar|50/100y
|-damage|p2b: Garchomp|90/100|[from] item: Life Orb
|move|p1a: Floette|Dazzling Gleam|p2a: Whimsicott|[spread] p2a,p2b
|-supereffective|p2b: Garchomp|1
|-damage|p2a: Whimsicott|0 fnt
|-damage|p2b: Garchomp|0 fnt
|faint|p2a: Whimsicott
|faint|p2b: Garchomp
|
|upkeep
|
|t:|1782493831
|switch|p2a: Incineroar|Incineroar, L50, F|100/100
|switch|p2b: Charizard|Charizard, L50, M|100/100
|-ability|p2a: Incineroar|Intimidate|boost
|-unboost|p1a: Floette|atk|1
|-unboost|p1b: Incineroar|atk|1
|turn|2
|
|t:|1782493846
|switch|p1b: Garchomp|Garchomp, L50, F|100/100
|detailschange|p2b: Charizard|Charizard-Mega-Y, L50, M
|-mega|p2b: Charizard|Charizard|Charizardite Y
|-weather|SunnyDay|[from] ability: Drought|[of] p2b: Charizard
|move|p1a: Floette|Protect|p1a: Floette
|-singleturn|p1a: Floette|Protect
|move|p2a: Incineroar|Fake Out|p1b: Garchomp
|-damage|p1b: Garchomp|89/100
|-damage|p2a: Incineroar|87/100|[from] ability: Rough Skin|[of] p1b: Garchomp
|move|p2b: Charizard|Heat Wave|p1a: Floette|[spread] p1b
|-activate|p1a: Floette|move: Protect
|-resisted|p1b: Garchomp|1
|-damage|p1b: Garchomp|54/100
|
|-weather|SunnyDay|[upkeep]
|upkeep
|turn|3
|
|t:|1782493865
|switch|p1a: Sinistcha|Sinistcha, L50|100/100
|-heal|p1b: Garchomp|79/100|[from] ability: Hospitality|[of] p1a: Sinistcha
|move|p2b: Charizard|Protect|p2b: Charizard
|-singleturn|p2b: Charizard|Protect
|move|p1b: Garchomp|Rock Slide|p2a: Incineroar|[spread] p2a
|-activate|p2b: Charizard|move: Protect
|-supereffective|p2a: Incineroar|1
|-damage|p2a: Incineroar|51/100
|move|p2a: Incineroar|Darkest Lariat|p1b: Garchomp
|-damage|p1b: Garchomp|48/100
|-damage|p2a: Incineroar|39/100|[from] ability: Rough Skin|[of] p1b: Garchomp
|
|-weather|SunnyDay|[upkeep]
|upkeep
|turn|4
|
|t:|1782493885
|switch|p1a: Incineroar|Incineroar, L50, F|50/100y
|-ability|p1a: Incineroar|Intimidate|boost
|-unboost|p2a: Incineroar|atk|1
|-unboost|p2b: Charizard|atk|1
|move|p1b: Garchomp|Rock Slide|p2a: Incineroar|[spread] p2a,p2b
|-supereffective|p2a: Incineroar|1
|-supereffective|p2b: Charizard|2
|-damage|p2a: Incineroar|6/100
|-damage|p2b: Charizard|5/100
|cant|p2b: Charizard|flinch
|move|p2a: Incineroar|Darkest Lariat|p1b: Garchomp
|-damage|p1b: Garchomp|27/100
|-damage|p2a: Incineroar|0 fnt|[from] ability: Rough Skin|[of] p1b: Garchomp
|faint|p2a: Incineroar
|
|-weather|SunnyDay|[upkeep]
|upkeep
|turn|5
|-message|Toocoolwarp6$ forfeited.
|
|win|Ledvinka
||Toocoolwarp6$ is ready for game 2.
||Ledvinka is ready for game 2.
|uhtml|next|Next: Game 2 of 3
|l|☆Ledvinka
|player|p1|
