|j|☆Jysch
|j|☆axcoquette
|html|Jyschaxcoquette    
|uhtml|bestof|Game 1 of a best-of-3
|t:|1782347743
|gametype|doubles
|player|p1|Jysch|boarder|1122
|player|p2|axcoquette|maid|1045
|gen|9
|tier|[Gen 9 Champions] VGC 2026 Reg M-B (Bo3)
|rated|
|rule|Species Clause: Limit one of each Pokémon
|rule|Item Clause: Limit 1 of each item
|clearpoke
|poke|p1|Pyroar, L50, F, shiny|
|poke|p1|Sceptile, L50, F, shiny|
|poke|p1|Rotom-Wash, L50, shiny|
|poke|p1|Torkoal, L50, M, shiny|
|poke|p1|Farigiraf, L50, F, shiny|
|poke|p1|Kingambit, L50, F, shiny|
|poke|p2|Charizard, L50, F|
|poke|p2|Floette-Eternal, L50, F|
|poke|p2|Basculegion, L50, M|
|poke|p2|Kingambit, L50, M|
|poke|p2|Garchomp, L50, F|
|poke|p2|Whimsicott, L50, F|
|teampreview|4
|showteam|p1|Pyroar||Pyroarite|Rivalry|Overheat,HeatWave,Protect,SolarBeam|Timid||F|||50|]Sceptile||Sceptilite|Overgrow|EarthPower,DragonPulse,EnergyBall,Protect|Modest||F|||50|]Rotom-Wash||ChoiceScarf|Levitate|Thunderbolt,HydroPump,WillOWisp,Discharge|Timid|||||50|]Torkoal||LifeOrb|Drought|Eruption,EarthPower,HeatWave,Protect|Quiet||M|||50|]Farigiraf||SitrusBerry|ArmorTail|TwinBeam,TrickRoom,HelpingHand,AllySwitch|Calm||F|||50|]Kingambit||BlackGlasses|Defiant|KowtowCleave,BrickBreak,Protect,IronHead|Adamant||F|||50|
|showteam|p2|Charizard||CharizarditeY|Blaze|HeatWave,WeatherBall,SolarBeam,Protect|Modest||F|||50|]Floette-Eternal||Floettite|FlowerVeil|DazzlingGleam,Moonblast,LightofRuin,Protect|Timid||F|||50|]Basculegion||MysticWater|Adaptability|WaveCrash,LastRespects,AquaJet,Protect|Adamant||M|||50|]Kingambit||BlackGlasses|Defiant|KowtowCleave,IronHead,SuckerPunch,Protect|Lonely||M|||50|]Garchomp||SitrusBerry|RoughSkin|DragonClaw,Earthquake,RockSlide,Protect|Jolly||F|||50|]Whimsicott||FocusSash|Prankster|Tailwind,Moonblast,Encore,Protect|Timid||F|||50|
|inactive|Battle timer is ON: inactive players will automatically lose when time's up. (requested by axcoquette)
|inactive|Jysch has 60 seconds left.
|inactive|axcoquette has 60 seconds left.
|inactive|axcoquette has 30 seconds left.
|
|t:|1782347809
|teamsize|p1|4
|teamsize|p2|4
|start
|switch|p1a: Farigiraf|Farigiraf, L50, F, shiny|100/100
|switch|p1b: Pyroar|Pyroar, L50, F, shiny|100/100
|switch|p2a: Kingambit|Kingambit, L50, M|100/100
|switch|p2b: Whimsicott|Whimsicott, L50, F|100/100
|turn|1
|inactive|axcoquette has 30 seconds left.
|
|t:|1782347836
|switch|p1a: Torkoal|Torkoal, L50, M, shiny|100/100
|-weather|SunnyDay|[from] ability: Drought|[of] p1a: Torkoal
|detailschange|p1b: Pyroar|Pyroar-Mega, L50, F, shiny
|-mega|p1b: Pyroar|Pyroar|Pyroarite
|move|p2a: Kingambit|Protect|p2a: Kingambit
|-singleturn|p2a: Kingambit|Protect
|move|p2b: Whimsicott|Tailwind|p2b: Whimsicott
|-sidestart|p2: axcoquette|move: Tailwind
|move|p1b: Pyroar|Heat Wave|p2b: Whimsicott|[spread] p2b
|-activate|p2a: Kingambit|move: Protect
|-supereffective|p2b: Whimsicott|1
|-crit|p2b: Whimsicott
|-enditem|p2b: Whimsicott|Focus Sash
|-damage|p2b: Whimsicott|1/100
|-status|p2b: Whimsicott|brn
|
|-weather|SunnyDay|[upkeep]
|-damage|p2b: Whimsicott|0 fnt|[from] brn
|faint|p2b: Whimsicott
|upkeep
|
|t:|1782347853
|switch|p2b: Garchomp|Garchomp, L50, F|100/100
|turn|2
|
|t:|1782347863
|switch|p2a: Charizard|Charizard, L50, F|100/100
|switch|p1a: Farigiraf|Farigiraf, L50, F, shiny|100/100
|move|p1b: Pyroar|Protect|p1b: Pyroar
|-singleturn|p1b: Pyroar|Protect
|move|p2b: Garchomp|Earthquake|p1a: Farigiraf|[spread] p1a
|-activate|p1b: Pyroar|move: Protect
|-immune|p2a: Charizard
|-damage|p1a: Farigiraf|69/100
|
|-weather|SunnyDay|[upkeep]
|upkeep
|turn|3
|inactive|axcoquette has 30 seconds left.
|
|t:|1782347889
|switch|p1b: Rotom|Rotom-Wash, L50, shiny|100/100
|detailschange|p2a: Charizard|Charizard-Mega-Y, L50, F
|-mega|p2a: Charizard|Charizard|Charizardite Y
|move|p2b: Garchomp|Earthquake|p1b: Rotom|[spread] p1a
|-immune|p2a: Charizard
|-immune|p1b: Rotom|[from] ability: Levitate
|-damage|p1a: Farigiraf|36/100
|-enditem|p1a: Farigiraf|Sitrus Berry|[eat]
|-heal|p1a: Farigiraf|61/100|[from] item: Sitrus Berry
|move|p2a: Charizard|Heat Wave|p1b: Rotom|[spread] p1b
|-miss|p2a: Charizard|p1a: Farigiraf
|-resisted|p1b: Rotom|1
|-damage|p1b: Rotom|70/100
|move|p1a: Farigiraf|Trick Room|p1a: Farigiraf
|-fieldstart|move: Trick Room|[of] p1a: Farigiraf
|
|-weather|SunnyDay|[upkeep]
|upkeep
|turn|4
|inactive|axcoquette has 30 seconds left.
|
|t:|1782347917
|switch|p2a: Kingambit|Kingambit, L50, M|100/100
|move|p1a: Farigiraf|Twin Beam|p2b: Garchomp
|-damage|p2b: Garchomp|85/100
|-damage|p2b: Garchomp|69/100
|-hitcount|p2b: Garchomp|2
|move|p1b: Rotom|Thunderbolt|p2a: Kingambit
|-damage|p2a: Kingambit|66/100
|move|p2b: Garchomp|Dragon Claw|p1a: Farigiraf
|-damage|p1a: Farigiraf|27/100
|
|-weather|SunnyDay|[upkeep]
|-sideend|p2: axcoquette|move: Tailwind
|upkeep
|turn|5
|
|t:|1782347937
|move|p2a: Kingambit|Kowtow Cleave|p1a: Farigiraf
|-supereffective|p1a: Farigiraf|1
|-damage|p1a: Farigiraf|0 fnt
|faint|p1a: Farigiraf
|move|p2b: Garchomp|Dragon Claw|p1b: Rotom
|-crit|p1b: Rotom
|-damage|p1b: Rotom|5/100
|move|p1b: Rotom|Thunderbolt|p2a: Kingambit
|-damage|p2a: Kingambit|29/100
|
|-weather|none
|upkeep
|
|t:|1782347946
|switch|p1a: Torkoal|Torkoal, L50, M, shiny|100/100
|-weather|SunnyDay|[from] ability: Drought|[of] p1a: Torkoal
|turn|6
|
|t:|1782347958
|move|p2b: Garchomp|Protect|p2b: Garchomp
|-singleturn|p2b: Garchomp|Protect
|move|p2a: Kingambit|Sucker Punch|p1a: Torkoal
|-damage|p1a: Torkoal|65/100
|move|p1a: Torkoal|Eruption|p2b: Garchomp|[spread] p2a
|-activate|p2b: Garchomp|move: Protect
|-supereffective|p2a: Kingambit|1
|-damage|p2a: Kingambit|0 fnt
|faint|p2a: Kingambit
|-damage|p1a: Torkoal|55/100|[from] item: Life Orb
|move|p1b: Rotom|Thunderbolt|p2b: Garchomp
|-activate|p2b: Garchomp|move: Protect
|
|-weather|SunnyDay|[upkeep]
|upkeep
|
|t:|1782347971
|switch|p2a: Charizard|Charizard-Mega-Y, L50, F|100/100
|turn|7
|
|t:|1782347987
|move|p2b: Garchomp|Protect||[still]
|-fail|p2b: Garchomp
|move|p1a: Torkoal|Heat Wave|p2a: Charizard|[spread] p2a,p2b
|-resisted|p2a: Charizard|1
|-resisted|p2b: Garchomp|1
|-damage|p2a: Charizard|73/100
|-damage|p2b: Garchomp|40/100
|-enditem|p2b: Garchomp|Sitrus Berry|[eat]
|-heal|p2b: Garchomp|65/100|[from] item: Sitrus Berry
|-damage|p1a: Torkoal|45/100|[from] item: Life Orb
|move|p2a: Charizard|Heat Wave|p1a: Torkoal|[spread] p1a,p1b
|-resisted|p1a: Torkoal|1
|-resisted|p1b: Rotom|1
|-damage|p1a: Torkoal|10/100
|-damage|p1b: Rotom|0 fnt
|faint|p1b: Rotom
|
|-weather|SunnyDay|[upkeep]
|-fieldend|move: Trick Room
|upkeep
|
|t:|1782347998
|switch|p1b: Pyroar|Pyroar-Mega, L50, F, shiny|100/100
|turn|8
|inactive|Jysch has 30 seconds left.
|
|t:|1782348023
|move|p1b: Pyroar|Solar Beam||[still]
|-prepare|p1b: Pyroar|Solar Beam
|-anim|p1b: Pyroar|Solar Beam|p2b: Garchomp
|-damage|p2b: Garchomp|22/100
|move|p2b: Garchomp|Earthquake|p1b: Pyroar|[spread] p1a,p1b
|-immune|p2a: Charizard
|-supereffective|p1a: Torkoal|1
|-supereffective|p1b: Pyroar|1
|-damage|p1a: Torkoal|0 fnt
|-damage|p1b: Pyroar|24/100
|faint|p1a: Torkoal
|move|p2a: Charizard|Weather Ball|p1b: Pyroar
|-resisted|p1b: Pyroar|1
|-damage|p1b: Pyroar|0 fnt
|faint|p1b: Pyroar
|
|win|axcoquette
|inactive|Jysch has 30 seconds to confirm battle start!
|inactive|axcoquette has 30 seconds to confirm battle start!
|l|☆Jysch
|player|p1|
||axcoquette is ready for game 2.
||Jysch is ready for game 2.
|uhtml|next|Next: Game 2 of 3
