|j|☆teyvgc
|j|☆kheld
|html|teyvgckheld    
|uhtml|bestof|Game 3 of a best-of-3
|t:|1782537434
|gametype|doubles
|player|p1|teyvgc|rood|1146
|player|p2|kheld|2|1249
|gen|9
|tier|[Gen 9 Champions] VGC 2026 Reg M-B (Bo3)
|rated|
|rule|Species Clause: Limit one of each Pokémon
|rule|Item Clause: Limit 1 of each item
|clearpoke
|poke|p1|Houndstone, L50, F|
|poke|p1|Tyranitar, L50, M|
|poke|p1|Incineroar, L50, F|
|poke|p1|Farigiraf, L50, M, shiny|
|poke|p1|Garchomp, L50, F, shiny|
|poke|p1|Corviknight, L50, F|
|poke|p2|Pelipper, L50, F|
|poke|p2|Swampert, L50, F|
|poke|p2|Archaludon, L50, M|
|poke|p2|Maushold, L50|
|poke|p2|Gardevoir, L50, F, shiny|
|poke|p2|Basculegion, L50, M|
|teampreview|4
|showteam|p1|Houndstone||FocusSash|SandRush|PsychicFangs,StompingTantrum,LastRespects,Protect|Adamant||F|||50|]Tyranitar||Tyranitarite|SandStream|RockSlide,KnockOff,LowKick,Protect|Adamant||M|||50|]Incineroar||PasshoBerry|Intimidate|FlareBlitz,DarkestLariat,FakeOut,PartingShot|Adamant||F|||50|]Farigiraf||TwistedSpoon|ArmorTail|HyperVoice,TwinBeam,TrickRoom,HelpingHand|Quiet||M|||50|]Garchomp||Garchompite|RoughSkin|StompingTantrum,DragonClaw,RockSlide,Protect|Adamant||F|||50|]Corviknight||Leftovers|MirrorArmor|BraveBird,IronHead,Tailwind,Roost|Careful||F|||50|
|showteam|p2|Pelipper||LifeOrb|Drizzle|Tailwind,Hurricane,Protect,WeatherBall|Modest||F|||50|]Swampert||Swampertite|Torrent|IcePunch,WaveCrash,Earthquake,Protect|Adamant||F|||50|]Archaludon||Leftovers|Stamina|ElectroShot,FlashCannon,DragonPulse,Protect|Modest||M|||50|]Maushold||FocusSash|FriendGuard|SuperFang,RainDance,FollowMe,Protect|Jolly|||||50|]Gardevoir||Gardevoirite|Trace|HyperVoice,Psyshock,Protect,TrickRoom|Modest||F|||50|]Basculegion||ChoiceScarf|Adaptability|WaveCrash,LastRespects,FlipTurn,AquaJet|Jolly||M|||50|
|inactive|Battle timer is ON: inactive players will automatically lose when time's up. (requested by kheld)
|
|t:|1782537466
|teamsize|p1|4
|teamsize|p2|4
|start
|switch|p1a: Incineroar|Incineroar, L50, F|100/100
|switch|p1b: Farigiraf|Farigiraf, L50, M, shiny|100/100
|switch|p2a: Gardevoir|Gardevoir, L50, F, shiny|100/100
|switch|p2b: Maushold|Maushold, L50|100/100
|-ability|p2a: Gardevoir|Armor Tail|Trace|[from] ability: Trace|[of] p1b: Farigiraf
|-ability|p1a: Incineroar|Intimidate|boost
|-unboost|p2a: Gardevoir|atk|1
|-unboost|p2b: Maushold|atk|1
|turn|1
|
|t:|1782537484
|move|p2a: Gardevoir|Protect|p2a: Gardevoir
|-singleturn|p2a: Gardevoir|Protect
|move|p2b: Maushold|Super Fang|p1b: Farigiraf
|-damage|p1b: Farigiraf|50/100g
|move|p1a: Incineroar|Parting Shot|p2a: Gardevoir
|-activate|p2a: Gardevoir|move: Protect
|move|p1b: Farigiraf|Trick Room|p1b: Farigiraf
|-fieldstart|move: Trick Room|[of] p1b: Farigiraf
|
|upkeep
|turn|2
|inactive|kheld has 30 seconds left.
|
|t:|1782537511
|detailschange|p2a: Gardevoir|Gardevoir-Mega, L50, F, shiny
|-mega|p2a: Gardevoir|Gardevoir|Gardevoirite
|move|p2b: Maushold|Follow Me|p2b: Maushold
|-singleturn|p2b: Maushold|move: Follow Me
|move|p1b: Farigiraf|Twin Beam|p2b: Maushold
|-damage|p2b: Maushold|72/100
|-damage|p2b: Maushold|44/100
|-hitcount|p2b: Maushold|2
|move|p1a: Incineroar|Parting Shot|p2b: Maushold
|-unboost|p2b: Maushold|atk|1
|-unboost|p2b: Maushold|spa|1
|
|t:|1782537522
|switch|p1a: Corviknight|Corviknight, L50, F|100/100|[from] Parting Shot
|move|p2a: Gardevoir|Hyper Voice|p1b: Farigiraf|[spread] p1a,p1b
|-resisted|p1a: Corviknight|1
|-damage|p1a: Corviknight|75/100
|-damage|p1b: Farigiraf|7/100
|
|-heal|p1a: Corviknight|81/100|[from] item: Leftovers
|upkeep
|turn|3
|
|t:|1782537540
|switch|p2a: Archaludon|Archaludon, L50, M|100/100
|move|p1b: Farigiraf|Helping Hand|p1a: Corviknight
|-singleturn|p1a: Corviknight|Helping Hand|[of] p1b: Farigiraf
|move|p2b: Maushold|Protect|p2b: Maushold
|-singleturn|p2b: Maushold|Protect
|move|p1a: Corviknight|Iron Head|p2b: Maushold
|-activate|p2b: Maushold|move: Protect
|
|-heal|p1a: Corviknight|87/100|[from] item: Leftovers
|upkeep
|turn|4
|
|t:|1782537563
|switch|p1b: Tyranitar|Tyranitar, L50, M|100/100
|-weather|Sandstorm|[from] ability: Sand Stream|[of] p1b: Tyranitar
|switch|p2b: Pelipper|Pelipper, L50, F|100/100
|-weather|RainDance|[from] ability: Drizzle|[of] p2b: Pelipper
|move|p2a: Archaludon|Electro Shot||[still]
|-prepare|p2a: Archaludon|Electro Shot
|-boost|p2a: Archaludon|spa|1
|-anim|p2a: Archaludon|Electro Shot|p1a: Corviknight
|-supereffective|p1a: Corviknight|1
|-damage|p1a: Corviknight|0 fnt
|faint|p1a: Corviknight
|
|-weather|RainDance|[upkeep]
|upkeep
|
|t:|1782537574
|switch|p1a: Incineroar|Incineroar, L50, F|100/100
|-ability|p1a: Incineroar|Intimidate|boost
|-unboost|p2a: Archaludon|atk|1
|-unboost|p2b: Pelipper|atk|1
|turn|5
|
|t:|1782537589
|switch|p2b: Maushold|Maushold, L50|44/100
|detailschange|p1b: Tyranitar|Tyranitar-Mega, L50, M
|-mega|p1b: Tyranitar|Tyranitar|Tyranitarite
|-weather|Sandstorm|[from] ability: Sand Stream|[of] p1b: Tyranitar
|move|p1b: Tyranitar|Knock Off|p2a: Archaludon
|-damage|p2a: Archaludon|61/100
|-ability|p2a: Archaludon|Stamina|boost
|-boost|p2a: Archaludon|def|1
|-enditem|p2a: Archaludon|Leftovers|[from] move: Knock Off|[of] p1b: Tyranitar
|move|p1a: Incineroar|Parting Shot|p2a: Archaludon
|-unboost|p2a: Archaludon|atk|1
|-unboost|p2a: Archaludon|spa|1
|
|t:|1782537593
|switch|p1a: Farigiraf|Farigiraf, L50, M, shiny|7/100|[from] Parting Shot
|move|p2a: Archaludon|Dragon Pulse|p1a: Farigiraf
|-damage|p1a: Farigiraf|0 fnt
|faint|p1a: Farigiraf
|
|-weather|Sandstorm|[upkeep]
|-damage|p2b: Maushold|38/100|[from] Sandstorm
|-fieldend|move: Trick Room
|upkeep
|
|t:|1782537599
|switch|p1a: Incineroar|Incineroar, L50, F|100/100
|-ability|p1a: Incineroar|Intimidate|boost
|-unboost|p2a: Archaludon|atk|1
|-unboost|p2b: Maushold|atk|1
|turn|6
|
|t:|1782537611
|move|p2b: Maushold|Protect|p2b: Maushold
|-singleturn|p2b: Maushold|Protect
|move|p2a: Archaludon|Protect|p2a: Archaludon
|-singleturn|p2a: Archaludon|Protect
|move|p1a: Incineroar|Fake Out|p2b: Maushold
|-activate|p2b: Maushold|move: Protect
|move|p1b: Tyranitar|Low Kick|p2a: Archaludon
|-activate|p2a: Archaludon|move: Protect
|
|-weather|Sandstorm|[upkeep]
|-damage|p2b: Maushold|32/100|[from] Sandstorm
|-damage|p1a: Incineroar|94/100|[from] Sandstorm
|upkeep
|turn|7
|
|t:|1782537629
|switch|p2b: Pelipper|Pelipper, L50, F|100/100
|-weather|RainDance|[from] ability: Drizzle|[of] p2b: Pelipper
|move|p1b: Tyranitar|Protect|p1b: Tyranitar
|-singleturn|p1b: Tyranitar|Protect
|move|p2a: Archaludon|Electro Shot||[still]
|-prepare|p2a: Archaludon|Electro Shot
|-boost|p2a: Archaludon|spa|1
|-anim|p2a: Archaludon|Electro Shot|p1a: Incineroar
|-damage|p1a: Incineroar|34/100
|move|p1a: Incineroar|Flare Blitz|p2b: Pelipper
|-resisted|p2b: Pelipper|1
|-damage|p2b: Pelipper|81/100
|-damage|p1a: Incineroar|30/100|[from] Recoil
|
|-weather|RainDance|[upkeep]
|upkeep
|turn|8
|-message|teyvgc forfeited.
|raw|teyvgc's rating: 1146 → 1128(-18 for losing)
|raw|kheld's rating: 1249 → 1267(+18 for winning)
|
|win|kheld
