|j|☆doingVGCthings
|j|☆buf29 armonica
|html|doingVGCthingsbuf29 armonica    
|uhtml|bestof|Game 3 of a best-of-3
|t:|1756172831
|gametype|doubles
|player|p1|doingVGCthings|swimmer-gen4dp|1242
|player|p2|buf29 armonica|grimsley|1144
|gen|9
|tier|[Gen 9] VGC 2025 Reg H (Bo3)
|rated|
|rule|Species Clause: Limit one of each Pokémon
|rule|Item Clause: Limit 1 of each item
|clearpoke
|poke|p1|Volcarona, L50, M|
|poke|p1|Electabuzz, L50, F|
|poke|p1|Tyranitar, L50, F|
|poke|p1|Amoonguss, L50, F|
|poke|p1|Annihilape, L50, M|
|poke|p1|Mamoswine, L50, F|
|poke|p2|Dragonite, L50, F|
|poke|p2|Volcarona, L50, F|
|poke|p2|Ninetales-Alola, L50, F|
|poke|p2|Garchomp, L50, M|
|poke|p2|Kingambit, L50, F|
|poke|p2|Rillaboom, L50, M|
|teampreview|4
|showteam|p1|Volcarona||CovertCloak|FlameBody|Protect,HeatWave,GigaDrain,QuiverDance|||M|||50|,,,,,Grass]Electabuzz||Eviolite|VitalSpirit|Protect,Electroweb,Taunt,FollowMe|||F|||50|,,,,,Ghost]Tyranitar||AssaultVest|SandStream|RockSlide,KnockOff,LowKick,TeraBlast|||F|||50|,,,,,Flying]Amoonguss||SitrusBerry|Regenerator|Protect,PollenPuff,Spore,RagePowder|||F|||50|,,,,,Fairy]Annihilape||SafetyGoggles|Defiant|Protect,RageFist,CloseCombat,Coaching|||M|||50|,,,,,Water]Mamoswine||FocusSash|Oblivious|Protect,IcicleCrash,HighHorsepower,IceShard|||F|||50|,,,,,Stellar
|showteam|p2|Dragonite||LoadedDice|Multiscale|ScaleShot,Tailwind,Haze,Protect|||F|||50|,,,,,Fairy]Volcarona||Leftovers|FlameBody|QuiverDance,TeraBlast,HeatWave,RagePowder|||F|||50|,,,,,Fairy]Ninetales-Alola||FocusSash|SnowWarning|FreezeDry,IcyWind,DazzlingGleam,Protect|||F|||50|,,,,,Ghost]Garchomp||LifeOrb|RoughSkin|DragonClaw,Earthquake,StompingTantrum,Protect|||M|||50|,,,,,Steel]Kingambit||SafetyGoggles|Defiant|KowtowCleave,SuckerPunch,SwordsDance,Protect|||F|||50|,,,,,Dark]Rillaboom||MiracleSeed|GrassySurge|FakeOut,GrassyGlide,WoodHammer,HighHorsepower|||M|||50|,,,,,Grass
|inactive|Battle timer is ON: inactive players will automatically lose when time's up. (requested by buf29 armonica)
|inactive|doingVGCthings also wants the timer to be on.
|inactive|doingVGCthings has 60 seconds left.
|inactive|buf29 armonica has 60 seconds left.
|
|t:|1756172879
|teamsize|p1|4
|teamsize|p2|4
|start
|switch|p1a: Mamoswine|Mamoswine, L50, F|100/100
|switch|p1b: Volcarona|Volcarona, L50, M|100/100
|switch|p2a: Dragonite|Dragonite, L50, F|100/100
|switch|p2b: Garchomp|Garchomp, L50, M|100/100
|turn|1
|
|t:|1756172904
|move|p2b: Garchomp|Protect|p2b: Garchomp
|-singleturn|p2b: Garchomp|Protect
|move|p1b: Volcarona|Protect|p1b: Volcarona
|-singleturn|p1b: Volcarona|Protect
|move|p1a: Mamoswine|Protect|p1a: Mamoswine
|-singleturn|p1a: Mamoswine|Protect
|move|p2a: Dragonite|Scale Shot|p1b: Volcarona
|-activate|p1b: Volcarona|move: Protect
|
|upkeep
|turn|2
|
|t:|1756172925
|-terastallize|p2b: Garchomp|Steel
|move|p1a: Mamoswine|Ice Shard|p2b: Garchomp
|-resisted|p2b: Garchomp
|-damage|p2b: Garchomp|89/100
|move|p2b: Garchomp|Earthquake|p1b: Volcarona|[spread] p1a,p1b
|-immune|p2a: Dragonite
|-damage|p1a: Mamoswine|45/100
|-damage|p1b: Volcarona|41/100
|-damage|p2b: Garchomp|79/100|[from] item: Life Orb
|move|p2a: Dragonite|Scale Shot|p1b: Volcarona
|-damage|p1b: Volcarona|24/100
|-damage|p1b: Volcarona|9/100
|-damage|p1b: Volcarona|0 fnt
|faint|p1b: Volcarona
|-hitcount|p1: Volcarona|3
|-unboost|p2a: Dragonite|def|1
|-boost|p2a: Dragonite|spe|1
|
|upkeep
|
|t:|1756172930
|switch|p1b: Amoonguss|Amoonguss, L50, F|100/100
|turn|3
|
|t:|1756172945
|-terastallize|p1a: Mamoswine|Stellar
|move|p1a: Mamoswine|Ice Shard|p2a: Dragonite
|-supereffective|p2a: Dragonite
|-damage|p2a: Dragonite|0 fnt
|faint|p2a: Dragonite
|move|p2b: Garchomp|Earthquake|p1b: Amoonguss|[spread] p1a,p1b
|-damage|p1a: Mamoswine|0 fnt
|-damage|p1b: Amoonguss|61/100
|faint|p1a: Mamoswine
|-damage|p2b: Garchomp|69/100|[from] item: Life Orb
|move|p1b: Amoonguss|Spore|p2b: Garchomp
|-status|p2b: Garchomp|slp|[from] move: Spore
|
|upkeep
|
|t:|1756172957
|switch|p2a: Kingambit|Kingambit, L50, F|100/100
|switch|p1a: Annihilape|Annihilape, L50, M|100/100
|turn|4
|
|t:|1756172968
|switch|p2a: Volcarona|Volcarona, L50, F|100/100
|cant|p2b: Garchomp|slp
|move|p1a: Annihilape|Close Combat|p2b: Garchomp
|-supereffective|p2b: Garchomp
|-damage|p2b: Garchomp|0 fnt
|-unboost|p1a: Annihilape|def|1
|-unboost|p1a: Annihilape|spd|1
|-damage|p1a: Annihilape|88/100|[from] ability: Rough Skin|[of] p2b: Garchomp
|faint|p2b: Garchomp
|move|p1b: Amoonguss|Spore|p2a: Volcarona
|-status|p2a: Volcarona|slp|[from] move: Spore
|
|upkeep
|
|t:|1756172975
|switch|p2b: Kingambit|Kingambit, L50, F|100/100
|turn|5
|
|t:|1756172996
|move|p2b: Kingambit|Protect|p2b: Kingambit
|-singleturn|p2b: Kingambit|Protect
|move|p1a: Annihilape|Close Combat|p2a: Volcarona
|-resisted|p2a: Volcarona
|-damage|p2a: Volcarona|70/100 slp
|-unboost|p1a: Annihilape|def|1
|-unboost|p1a: Annihilape|spd|1
|-status|p1a: Annihilape|brn|[from] ability: Flame Body|[of] p2a: Volcarona
|cant|p2a: Volcarona|slp
|move|p1b: Amoonguss|Spore|p2b: Kingambit
|-activate|p2b: Kingambit|move: Protect
|
|-heal|p2a: Volcarona|77/100 slp|[from] item: Leftovers
|-damage|p1a: Annihilape|82/100 brn|[from] brn
|upkeep
|turn|6
|
|t:|1756173019
|move|p2b: Kingambit|Sucker Punch|p1a: Annihilape
|-damage|p1a: Annihilape|2/100 brn
|move|p1a: Annihilape|Close Combat|p2b: Kingambit
|-supereffective|p2b: Kingambit
|-damage|p2b: Kingambit|20/100
|-unboost|p1a: Annihilape|def|1
|-unboost|p1a: Annihilape|spd|1
|cant|p2a: Volcarona|slp
|move|p1b: Amoonguss|Spore|p2a: Volcarona
|-fail|p2a: Volcarona|slp
|
|-heal|p2a: Volcarona|83/100 slp|[from] item: Leftovers
|-damage|p1a: Annihilape|0 fnt|[from] brn
|faint|p1a: Annihilape
|upkeep
|turn|7
|
|t:|1756173037
|-curestatus|p2a: Volcarona|slp|[msg]
|move|p2a: Volcarona|Heat Wave|p1b: Amoonguss
|-supereffective|p1b: Amoonguss
|-damage|p1b: Amoonguss|0 fnt
|faint|p1b: Amoonguss
|
|win|buf29 armonica
|raw|doingVGCthings's rating: 1242 → 1210(-32 for losing)
|raw|buf29 armonica's rating: 1144 → 1176(+32 for winning)
|c|☆buf29 armonica|Ggs
|l|☆buf29 armonica
|player|p2|
