|j|☆wade connects
|j|☆P!nkbearz07
|html|wade connectsP!nkbearz07    
|uhtml|bestof|Game 3 of a best-of-3
|t:|1757652180
|gametype|doubles
|player|p1|wade connects|1|1156
|player|p2|P!nkbearz07|marlon|1099
|gen|9
|tier|[Gen 9] VGC 2025 Reg H (Bo3)
|rated|
|rule|Species Clause: Limit one of each Pokémon
|rule|Item Clause: Limit 1 of each item
|clearpoke
|poke|p1|Malamar, L50, F|
|poke|p1|Indeedee-F, L50, F|
|poke|p1|Hatterene, L50, F|
|poke|p1|Torkoal, L50, M|
|poke|p1|Ursaluna, L50, M|
|poke|p1|Lilligant-Hisui, L50, F|
|poke|p2|Whimsicott, L50, M|
|poke|p2|Lurantis, L50, M|
|poke|p2|Tsareena, L50, F|
|poke|p2|Sunflora, L50, M|
|poke|p2|Rillaboom, L50, F|
|poke|p2|Appletun, L50, F|
|teampreview|4
|showteam|p1|Malamar||SafetyGoggles|Contrary|Protect,TrickRoom,Superpower,KnockOff|||F|||50|,,,,,Water]Indeedee-F||PsychicSeed|PsychicSurge|Protect,HelpingHand,FollowMe,TrickRoom|||F|||50|,,,,,Grass]Hatterene||LifeOrb|MagicBounce|Protect,TrickRoom,ExpandingForce,DazzlingGleam|||F|||50|,,,,,Water]Torkoal||Charcoal|Drought|Protect,Overheat,Eruption,HeatWave|||M|||50|,,,,,Fire]Ursaluna||FlameOrb|Guts|Protect,Facade,HeadlongRush,SwordsDance|||M|||50|,,,,,Ghost]Lilligant-Hisui||FocusSash|Chlorophyll|AfterYou,SleepPowder,LeafBlade,CloseCombat|||F|||50|,,,,,Ghost
|showteam|p2|Whimsicott||FocusSash|Prankster|Moonblast,Tailwind,FakeTears,Tickle|||M|||50|,,,,,Ghost]Lurantis||CovertCloak|Contrary|LeafStorm,Superpower,GrassyGlide,Protect|||M|||50|,,,,,Rock]Tsareena||GrassySeed|QueenlyMajesty|Acrobatics,HighJumpKick,SeedBomb,Protect|||F|||50|,,,,,Flying]Sunflora||LifeOrb|SolarPower|EnergyBall,EarthPower,DazzlingGleam,Protect|||M|||50|,,,,,Stellar]Rillaboom||AssaultVest|GrassySurge|FakeOut,GrassyGlide,WoodHammer,Uturn|||F|||50|,,,,,Water]Appletun||Leftovers|ThickFat|LightScreen,Reflect,LeechSeed,BodyPress|||F|||50|,,,,,Water
|inactive|Battle timer is ON: inactive players will automatically lose when time's up. (requested by P!nkbearz07)
|inactive|P!nkbearz07 has 60 seconds left.
|
|t:|1757652223
|teamsize|p1|4
|teamsize|p2|4
|start
|switch|p1a: Indeedee|Indeedee-F, L50, F, shiny|100/100
|switch|p1b: Hatterene|Hatterene, L50, F|100/100
|switch|p2a: Lurantis|Lurantis, L50, M, shiny|100/100
|switch|p2b: Whimsicott|Whimsicott, L50, M, shiny|100/100
|-fieldstart|move: Psychic Terrain|[from] ability: Psychic Surge|[of] p1a: Indeedee
|-enditem|p1a: Indeedee|Psychic Seed
|-boost|p1a: Indeedee|spd|1|[from] item: Psychic Seed
|turn|1
|
|t:|1757652245
|move|p1a: Indeedee|Follow Me|p1a: Indeedee
|-singleturn|p1a: Indeedee|move: Follow Me
|move|p2b: Whimsicott|Fake Tears|p1a: Indeedee
|-activate|p1a: Indeedee|move: Psychic Terrain
|move|p2a: Lurantis|Leaf Storm|p1a: Indeedee|[miss]
|-miss|p2a: Lurantis|p1a: Indeedee
|move|p1b: Hatterene|Trick Room|p1b: Hatterene
|-fieldstart|move: Trick Room|[of] p1b: Hatterene
|
|upkeep
|turn|2
|inactive|P!nkbearz07 has 30 seconds left.
|inactive|P!nkbearz07 has 20 seconds left.
|inactive|P!nkbearz07 has 15 seconds left.
|inactive|P!nkbearz07 has 10 seconds left.
|
|t:|1757652290
|switch|p2b: Rillaboom|Rillaboom, L50, F, shiny|100/100
|-fieldstart|move: Grassy Terrain|[from] ability: Grassy Surge|[of] p2b: Rillaboom
|move|p1a: Indeedee|Follow Me|p1a: Indeedee
|-singleturn|p1a: Indeedee|move: Follow Me
|move|p1b: Hatterene|Dazzling Gleam|p2a: Lurantis|[spread] p2a,p2b
|-damage|p2a: Lurantis|49/100
|-damage|p2b: Rillaboom|70/100
|-damage|p1b: Hatterene|91/100|[from] item: Life Orb
|move|p2a: Lurantis|Leaf Storm|p1a: Indeedee
|-damage|p1a: Indeedee|73/100
|-boost|p2a: Lurantis|spa|2
|
|-heal|p1b: Hatterene|97/100|[from] Grassy Terrain
|-heal|p2a: Lurantis|55/100|[from] Grassy Terrain
|-heal|p1a: Indeedee|80/100|[from] Grassy Terrain
|-heal|p2b: Rillaboom|77/100|[from] Grassy Terrain
|upkeep
|turn|3
|
|t:|1757652312
|switch|p1a: Torkoal|Torkoal, L50, M|100/100
|-weather|SunnyDay|[from] ability: Drought|[of] p1a: Torkoal
|move|p2a: Lurantis|Protect|p2a: Lurantis
|-singleturn|p2a: Lurantis|Protect
|move|p1b: Hatterene|Expanding Force|p2a: Lurantis
|-activate|p2a: Lurantis|move: Protect
|move|p2b: Rillaboom|Wood Hammer|p1a: Torkoal
|-resisted|p1a: Torkoal
|-damage|p1a: Torkoal|74/100
|-damage|p2b: Rillaboom|68/100|[from] Recoil
|
|-weather|SunnyDay|[upkeep]
|-heal|p1a: Torkoal|80/100|[from] Grassy Terrain
|-heal|p1b: Hatterene|100/100|[from] Grassy Terrain
|-heal|p2a: Lurantis|61/100|[from] Grassy Terrain
|-heal|p2b: Rillaboom|74/100|[from] Grassy Terrain
|upkeep
|turn|4
|
|t:|1757652337
|switch|p1a: Indeedee|Indeedee-F, L50, F, shiny|80/100
|-fieldstart|move: Psychic Terrain|[from] ability: Psychic Surge|[of] p1a: Indeedee
|-terastallize|p2a: Lurantis|Rock
|move|p1b: Hatterene|Expanding Force|p2a: Lurantis|[spread] p2a,p2b
|-damage|p2a: Lurantis|0 fnt
|-damage|p2b: Rillaboom|19/100
|faint|p2a: Lurantis
|-damage|p1b: Hatterene|91/100|[from] item: Life Orb
|move|p2b: Rillaboom|Grassy Glide|p1a: Indeedee
|-damage|p1a: Indeedee|52/100
|
|-weather|SunnyDay|[upkeep]
|upkeep
|
|t:|1757652349
|switch|p2a: Appletun|Appletun, L50, F, shiny|100/100
|turn|5
|
|t:|1757652358
|switch|p2b: Whimsicott|Whimsicott, L50, M, shiny|100/100
|move|p1a: Indeedee|Helping Hand|p1b: Hatterene
|-singleturn|p1b: Hatterene|Helping Hand|[of] p1a: Indeedee
|move|p1b: Hatterene|Expanding Force|p2a: Appletun|[spread] p2a,p2b
|-damage|p2a: Appletun|0 fnt
|-enditem|p2b: Whimsicott|Focus Sash
|-damage|p2b: Whimsicott|1/100
|faint|p2a: Appletun
|-damage|p1b: Hatterene|81/100|[from] item: Life Orb
|
|-weather|SunnyDay|[upkeep]
|-fieldend|move: Trick Room
|upkeep
|
|t:|1757652371
|switch|p2a: Rillaboom|Rillaboom, L50, F, shiny|19/100
|-fieldstart|move: Grassy Terrain|[from] ability: Grassy Surge|[of] p2a: Rillaboom
|turn|6
|
|t:|1757652385
|move|p1a: Indeedee|Protect|p1a: Indeedee
|-singleturn|p1a: Indeedee|Protect
|move|p1b: Hatterene|Protect|p1b: Hatterene
|-singleturn|p1b: Hatterene|Protect
|move|p2b: Whimsicott|Tickle|p1b: Hatterene
|-activate|p1b: Hatterene|move: Protect
|move|p2a: Rillaboom|U-turn|p1b: Hatterene
|-activate|p1b: Hatterene|move: Protect
|
|-weather|SunnyDay|[upkeep]
|-heal|p2b: Whimsicott|7/100|[from] Grassy Terrain
|-heal|p2a: Rillaboom|25/100|[from] Grassy Terrain
|-heal|p1a: Indeedee|58/100|[from] Grassy Terrain
|-heal|p1b: Hatterene|87/100|[from] Grassy Terrain
|upkeep
|turn|7
|
|t:|1757652399
|move|p1a: Indeedee|Follow Me|p1a: Indeedee
|-singleturn|p1a: Indeedee|move: Follow Me
|move|p2b: Whimsicott|Tickle|p1a: Indeedee
|-unboost|p1a: Indeedee|atk|1
|-unboost|p1a: Indeedee|def|1
|move|p2a: Rillaboom|U-turn|p1a: Indeedee
|-supereffective|p1a: Indeedee
|-damage|p1a: Indeedee|0 fnt
|faint|p1a: Indeedee
|move|p1b: Hatterene|Dazzling Gleam|p2a: Rillaboom|[spread] p2a,p2b
|-damage|p2a: Rillaboom|0 fnt
|-damage|p2b: Whimsicott|0 fnt
|faint|p2a: Rillaboom
|faint|p2b: Whimsicott
|-damage|p1b: Hatterene|77/100|[from] item: Life Orb
|
|win|wade connects
|raw|wade connects's rating: 1156 → 1177(+21 for winning)
|raw|P!nkbearz07's rating: 1099 → 1078(-21 for losing)
