|j|☆kelseyrobinsonvgc
|j|☆rusted warrior
|html|kelseyrobinsonvgcrusted warrior    
|uhtml|bestof|Game 1 of a best-of-3
|t:|1757632384
|gametype|doubles
|player|p1|kelseyrobinsonvgc|clerkf|1270
|player|p2|rusted warrior|miku-ghost|1186
|gen|9
|tier|[Gen 9] VGC 2025 Reg H (Bo3)
|rated|
|rule|Species Clause: Limit one of each Pokémon
|rule|Item Clause: Limit 1 of each item
|clearpoke
|poke|p1|Gholdengo, L50|
|poke|p1|Amoonguss, L50, M|
|poke|p1|Incineroar, L50, F|
|poke|p1|Porygon2, L50|
|poke|p1|Ursaluna, L50, M|
|poke|p1|Flamigo, L50, F|
|poke|p2|Gholdengo, L50|
|poke|p2|Incineroar, L50, M|
|poke|p2|Amoonguss, L50, F|
|poke|p2|Porygon2, L50|
|poke|p2|Ursaluna, L50, M|
|poke|p2|Dragonite, L50, M|
|teampreview|4
|showteam|p1|Gholdengo||LifeOrb|GoodasGold|MakeItRain,NastyPlot,Protect,ShadowBall||||||50|,,,,,Dragon]Amoonguss||SitrusBerry|Regenerator|Spore,RagePowder,SludgeBomb,Protect|||M|||50|,,,,,Water]Incineroar||SafetyGoggles|Intimidate|FlareBlitz,KnockOff,PartingShot,FakeOut|||F|||50|,,,,,Ghost]Porygon2||Eviolite|Download|Recover,TeraBlast,IceBeam,TrickRoom||||||50|,,,,,Fighting]Ursaluna||FlameOrb|Guts|HeadlongRush,Facade,Protect,Earthquake|||M|||50|,,,,,Dragon]Flamigo||FocusSash|Scrappy|CloseCombat,BraveBird,Tailwind,Protect|||F|||50|,,,,,Steel
|showteam|p2|Gholdengo||LifeOrb|GoodasGold|MakeItRain,ShadowBall,NastyPlot,Protect||||||50|,,,,,Water]Incineroar||SafetyGoggles|Intimidate|KnockOff,FlareBlitz,FakeOut,PartingShot|||M|||50|,,,,,Ghost]Amoonguss||CovertCloak|Regenerator|RagePowder,PollenPuff,Protect,Spore|||F|||50|,,,,,Dark]Porygon2||Eviolite|Download|TeraBlast,IceBeam,TrickRoom,Recover||||||50|,,,,,Fighting]Ursaluna||FlameOrb|Guts|Facade,Earthquake,HeadlongRush,Protect|||M|||50|,,,,,Ghost]Dragonite||LoadedDice|Multiscale|ScaleShot,Tailwind,Protect,Haze|||M|||50|,,,,,Fairy
|inactive|Battle timer is ON: inactive players will automatically lose when time's up. (requested by kelseyrobinsonvgc)
|inactive|kelseyrobinsonvgc has 60 seconds left.
|inactive|kelseyrobinsonvgc has 30 seconds left.
|inactive|kelseyrobinsonvgc has 20 seconds left.
|inactive|kelseyrobinsonvgc has 15 seconds left.
|inactive|kelseyrobinsonvgc has 10 seconds left.
|inactive|kelseyrobinsonvgc has 5 seconds left.
|
|t:|1757632479
|teamsize|p1|4
|teamsize|p2|4
|start
|switch|p1a: Incineroar|Incineroar, L50, F|100/100
|switch|p1b: Flamigo|Flamigo, L50, F|100/100
|switch|p2a: Dragonite|Dragonite, L50, M, shiny|100/100
|switch|p2b: Incineroar|Incineroar, L50, M, shiny|100/100
|-ability|p2b: Incineroar|Intimidate|boost
|-unboost|p1a: Incineroar|atk|1
|-fail|p1b: Flamigo|unboost|Attack|[from] ability: Scrappy|[of] p1b: Flamigo
|-ability|p1a: Incineroar|Intimidate|boost
|-unboost|p2a: Dragonite|atk|1
|-unboost|p2b: Incineroar|atk|1
|turn|1
|inactive|kelseyrobinsonvgc has 30 seconds left.
|inactive|kelseyrobinsonvgc has 20 seconds left.
|
|t:|1757632515
|move|p1b: Flamigo|Protect|p1b: Flamigo
|-singleturn|p1b: Flamigo|Protect
|move|p2a: Dragonite|Protect|p2a: Dragonite
|-singleturn|p2a: Dragonite|Protect
|move|p2b: Incineroar|Fake Out|p1b: Flamigo
|-activate|p1b: Flamigo|move: Protect
|move|p1a: Incineroar|Knock Off|p2a: Dragonite
|-activate|p2a: Dragonite|move: Protect
|
|upkeep
|turn|2
|
|t:|1757632531
|move|p1b: Flamigo|Close Combat|p2b: Incineroar
|-supereffective|p2b: Incineroar
|-damage|p2b: Incineroar|0 fnt
|-unboost|p1b: Flamigo|def|1
|-unboost|p1b: Flamigo|spd|1
|faint|p2b: Incineroar
|move|p2a: Dragonite|Tailwind|p2a: Dragonite
|-sidestart|p2: rusted warrior|move: Tailwind
|move|p1a: Incineroar|Knock Off|p2a: Dragonite
|-damage|p2a: Dragonite|86/100
|-enditem|p2a: Dragonite|Loaded Dice|[from] move: Knock Off|[of] p1a: Incineroar
|
|upkeep
|
|t:|1757632541
|switch|p2b: Ursaluna|Ursaluna, L50, M|100/100
|turn|3
|inactive|kelseyrobinsonvgc has 30 seconds left.
|inactive|kelseyrobinsonvgc has 20 seconds left.
|inactive|kelseyrobinsonvgc has 15 seconds left.
|
|t:|1757632586
|-terastallize|p2b: Ursaluna|Ghost
|move|p2a: Dragonite|Scale Shot|p1b: Flamigo
|-damage|p1b: Flamigo|80/100
|-damage|p1b: Flamigo|57/100
|-damage|p1b: Flamigo|35/100
|-hitcount|p1b: Flamigo|3
|-unboost|p2a: Dragonite|def|1
|-boost|p2a: Dragonite|spe|1
|move|p2b: Ursaluna|Earthquake|p1a: Incineroar|[spread] p1a
|-immune|p2a: Dragonite
|-immune|p1b: Flamigo
|-supereffective|p1a: Incineroar
|-damage|p1a: Incineroar|17/100
|move|p1b: Flamigo|Tailwind|p1b: Flamigo
|-sidestart|p1: kelseyrobinsonvgc|move: Tailwind
|move|p1a: Incineroar|Knock Off|p2b: Ursaluna
|-supereffective|p2b: Ursaluna
|-damage|p2b: Ursaluna|65/100
|-enditem|p2b: Ursaluna|Flame Orb|[from] move: Knock Off|[of] p1a: Incineroar
|
|upkeep
|turn|4
|inactive|kelseyrobinsonvgc has 30 seconds left.
|inactive|kelseyrobinsonvgc has 20 seconds left.
|inactive|kelseyrobinsonvgc has 15 seconds left.
|inactive|kelseyrobinsonvgc has 10 seconds left.
|
|t:|1757632632
|switch|p1a: Porygon2|Porygon2, L50, shiny|100/100
|-ability|p1a: Porygon2|Download|boost
|-boost|p1a: Porygon2|atk|1
|move|p2a: Dragonite|Scale Shot|p1b: Flamigo
|-damage|p1b: Flamigo|14/100
|-damage|p1b: Flamigo|0 fnt
|faint|p1b: Flamigo
|-hitcount|p1: Flamigo|2
|-unboost|p2a: Dragonite|def|1
|-boost|p2a: Dragonite|spe|1
|move|p2b: Ursaluna|Headlong Rush|p1a: Porygon2
|-damage|p1a: Porygon2|61/100
|-unboost|p2b: Ursaluna|def|1
|-unboost|p2b: Ursaluna|spd|1
|
|upkeep
|
|t:|1757632649
|switch|p1b: Ursaluna|Ursaluna, L50, M|100/100
|turn|5
|
|t:|1757632662
|move|p1b: Ursaluna|Protect|p1b: Ursaluna
|-singleturn|p1b: Ursaluna|Protect
|move|p2a: Dragonite|Haze|p2a: Dragonite
|-clearallboost
|move|p2b: Ursaluna|Headlong Rush|p1a: Porygon2
|-damage|p1a: Porygon2|14/100
|-unboost|p2b: Ursaluna|def|1
|-unboost|p2b: Ursaluna|spd|1
|move|p1a: Porygon2|Ice Beam|p2a: Dragonite
|-supereffective|p2a: Dragonite
|-damage|p2a: Dragonite|0 fnt
|faint|p2a: Dragonite
|
|-sideend|p2: rusted warrior|move: Tailwind
|-status|p1b: Ursaluna|brn|[from] item: Flame Orb
|upkeep
|
|t:|1757632676
|switch|p2a: Porygon2|Porygon2, L50, shiny|100/100
|-ability|p2a: Porygon2|Download|boost
|-boost|p2a: Porygon2|spa|1
|turn|6
|
|t:|1757632696
|move|p2b: Ursaluna|Protect|p2b: Ursaluna
|-singleturn|p2b: Ursaluna|Protect
|move|p1b: Ursaluna|Headlong Rush|p2b: Ursaluna
|-activate|p2b: Ursaluna|move: Protect
|move|p1a: Porygon2|Recover|p1a: Porygon2
|-heal|p1a: Porygon2|64/100
|move|p2a: Porygon2|Ice Beam|p1b: Ursaluna
|-supereffective|p1b: Ursaluna
|-damage|p1b: Ursaluna|32/100 brn
|
|-damage|p1b: Ursaluna|26/100 brn|[from] brn
|-sideend|p1: kelseyrobinsonvgc|move: Tailwind
|upkeep
|turn|7
|inactive|kelseyrobinsonvgc has 30 seconds left.
|inactive|kelseyrobinsonvgc has 20 seconds left.
|
|t:|1757632734
|move|p1b: Ursaluna|Protect|p1b: Ursaluna
|-singleturn|p1b: Ursaluna|Protect
|move|p2b: Ursaluna|Earthquake|p1a: Porygon2|[spread] p2a,p1a
|-activate|p1b: Ursaluna|move: Protect
|-damage|p2a: Porygon2|71/100
|-damage|p1a: Porygon2|37/100
|move|p2a: Porygon2|Tera Blast|p1a: Porygon2
|-crit|p1a: Porygon2
|-damage|p1a: Porygon2|0 fnt
|faint|p1a: Porygon2
|
|-damage|p1b: Ursaluna|20/100 brn|[from] brn
|upkeep
|
|t:|1757632747
|switch|p1a: Incineroar|Incineroar, L50, F|17/100
|-ability|p1a: Incineroar|Intimidate|boost
|-unboost|p2a: Porygon2|atk|1
|-unboost|p2b: Ursaluna|atk|1
|turn|8
|
|t:|1757632758
|move|p2b: Ursaluna|Protect|p2b: Ursaluna
|-singleturn|p2b: Ursaluna|Protect
|move|p1a: Incineroar|Fake Out|p2a: Porygon2
|-damage|p2a: Porygon2|64/100
|cant|p2a: Porygon2|flinch
|move|p1b: Ursaluna|Headlong Rush|p2b: Ursaluna
|-activate|p2b: Ursaluna|move: Protect
|
|-damage|p1b: Ursaluna|15/100 brn|[from] brn
|upkeep
|turn|9
|
|t:|1757632775
|move|p1a: Incineroar|Knock Off|p2a: Porygon2
|-damage|p2a: Porygon2|42/100
|-enditem|p2a: Porygon2|Eviolite|[from] move: Knock Off|[of] p1a: Incineroar
|move|p2b: Ursaluna|Earthquake|p1a: Incineroar|[spread] p2a,p1a,p1b
|-supereffective|p1a: Incineroar
|-damage|p2a: Porygon2|10/100
|-damage|p1a: Incineroar|0 fnt
|-damage|p1b: Ursaluna|0 fnt
|faint|p1a: Incineroar
|faint|p1b: Ursaluna
|
|win|rusted warrior
||kelseyrobinsonvgc is ready for game 2.
||rusted warrior is ready for game 2.
|uhtml|next|Next: Game 2 of 3
