|j|☆pistoiese1312
|j|☆indianpro#2011
|html|pistoiese1312indianpro#2011    
|uhtml|bestof|Game 2 of a best-of-3
|t:|1784218137
|gametype|doubles
|player|p1|pistoiese1312|102|1164
|player|p2|indianpro#2011|lucas|1086
|gen|9
|tier|[Gen 9 Champions] VGC 2026 Reg M-B (Bo3)
|rated|
|rule|Species Clause: Limit one of each Pokémon
|rule|Item Clause: Limit 1 of each item
|clearpoke
|poke|p1|Gengar, L50, F|
|poke|p1|Incineroar, L50, M|
|poke|p1|Floette-Eternal, L50, F|
|poke|p1|Kingambit, L50, F|
|poke|p1|Kommo-o, L50, M|
|poke|p1|Sneasler, L50, F|
|poke|p2|Incineroar, L50, F|
|poke|p2|Tyranitar, L50, M|
|poke|p2|Mawile, L50, F|
|poke|p2|Farigiraf, L50, M|
|poke|p2|Sinistcha-Masterpiece, L50|
|poke|p2|Camerupt, L50, M|
|teampreview|4
|showteam|p1|Gengar||Gengarite|CursedBody|ShadowBall,PerishSong,Disable,Protect|Modest||F|||50|]Incineroar||PasshoBerry|Intimidate|FlareBlitz,PartingShot,FakeOut,Protect|Relaxed||M|||50|]Floette-Eternal||Floettite|FlowerVeil|LightofRuin,Moonblast,DazzlingGleam,Protect|Calm||F|||50|]Kingambit||BlackGlasses|Defiant|SuckerPunch,KowtowCleave,SwordsDance,Protect|Adamant||F|||50|]Kommo-o||Leftovers|Soundproof|AuraSphere,ClangingScales,ClangorousSoul,Protect|Modest||M|||50|]Sneasler||WhiteHerb|Unburden|DireClaw,CloseCombat,FakeOut,Protect|Adamant||F|||50|
|showteam|p2|Incineroar||PasshoBerry|Intimidate|ThroatChop,FlareBlitz,FakeOut,PartingShot|Adamant||F|||50|]Tyranitar||ChopleBerry|SandStream|RockSlide,KnockOff,LowKick,Protect|Brave||M|||50|]Mawile||Mawilite|HyperCutter|IronHead,PlayRough,SuckerPunch,Protect|Brave||F|||50|]Farigiraf||ColburBerry|ArmorTail|TrickRoom,Protect,TwinBeam,GrassKnot|Bold||M|||50|]Sinistcha-Masterpiece||WideLens|Hospitality|MatchaGotcha,TrickRoom,LifeDew,RagePowder|Modest|||||50|]Camerupt||Cameruptite|SolidRock|Eruption,EarthPower,FlashCannon,Protect|Modest||M|||50|
|
|t:|1784218194
|teamsize|p1|4
|teamsize|p2|4
|start
|switch|p1a: Floette|Floette-Eternal, L50, F|100/100
|switch|p1b: Kingambit|Kingambit, L50, F|100/100
|switch|p2a: Farigiraf|Farigiraf, L50, M|100/100
|switch|p2b: Mawile|Mawile, L50, F|100/100
|turn|1
|
|t:|1784218220
|detailschange|p1a: Floette|Floette-Mega, L50, F
|-mega|p1a: Floette|Floette|Floettite
|-ability|p1a: Floette|Fairy Aura
|detailschange|p2b: Mawile|Mawile-Mega, L50, F
|-mega|p2b: Mawile|Mawile|Mawilite
|move|p2a: Farigiraf|Protect|p2a: Farigiraf
|-singleturn|p2a: Farigiraf|Protect
|move|p1a: Floette|Dazzling Gleam|p2b: Mawile|[spread] p2b
|-activate|p2a: Farigiraf|move: Protect
|-resisted|p2b: Mawile|1
|-damage|p2b: Mawile|71/100
|move|p1b: Kingambit|Kowtow Cleave|p2a: Farigiraf
|-activate|p2a: Farigiraf|move: Protect
|move|p2b: Mawile|Iron Head|p1a: Floette
|-supereffective|p1a: Floette|1
|-damage|p1a: Floette|0 fnt
|faint|p1a: Floette
|
|upkeep
|
|t:|1784218236
|switch|p1a: Incineroar|Incineroar, L50, M|100/100
|-ability|p1a: Incineroar|Intimidate|boost
|-unboost|p2a: Farigiraf|atk|1
|-unboost|p2b: Mawile|atk|1
|turn|2
|
|t:|1784218251
|move|p1a: Incineroar|Flare Blitz|p2a: Farigiraf
|-damage|p2a: Farigiraf|60/100
|-damage|p1a: Incineroar|87/100|[from] Recoil
|move|p1b: Kingambit|Kowtow Cleave|p2a: Farigiraf
|-supereffective|p2a: Farigiraf|1
|-enditem|p2a: Farigiraf|Colbur Berry|[eat]
|-enditem|p2a: Farigiraf|Colbur Berry|[weaken]
|-damage|p2a: Farigiraf|9/100
|move|p2b: Mawile|Play Rough|p1b: Kingambit
|-damage|p1b: Kingambit|59/100
|move|p2a: Farigiraf|Trick Room|p2a: Farigiraf
|-fieldstart|move: Trick Room|[of] p2a: Farigiraf
|
|upkeep
|turn|3
|
|t:|1784218291
|move|p1b: Kingambit|Protect|p1b: Kingambit
|-singleturn|p1b: Kingambit|Protect
|move|p2b: Mawile|Play Rough|p1b: Kingambit
|-activate|p1b: Kingambit|move: Protect
|move|p1a: Incineroar|Parting Shot|p2b: Mawile
|-unboost|p2b: Mawile|atk|1
|-unboost|p2b: Mawile|spa|1
|
|t:|1784218299
|switch|p1a: Sneasler|Sneasler, L50, F|100/100|[from] Parting Shot
|move|p2a: Farigiraf|Grass Knot|p1b: Kingambit
|-activate|p1b: Kingambit|move: Protect
|
|upkeep
|turn|4
|
|t:|1784218315
|switch|p1a: Incineroar|Incineroar, L50, M|87/100
|-ability|p1a: Incineroar|Intimidate|boost
|-unboost|p2a: Farigiraf|atk|1
|-unboost|p2b: Mawile|atk|1
|move|p2b: Mawile|Play Rough|p1b: Kingambit
|-damage|p1b: Kingambit|34/100
|move|p1b: Kingambit|Swords Dance|p1b: Kingambit
|-boost|p1b: Kingambit|atk|2
|move|p2a: Farigiraf|Twin Beam|p1a: Incineroar
|-immune|p1a: Incineroar
|
|upkeep
|turn|5
|
|t:|1784218345
|switch|p2b: Sinistcha|Sinistcha-Masterpiece, L50|100/100
|-heal|p2a: Farigiraf|34/100|[from] ability: Hospitality|[of] p2b: Sinistcha
|move|p1b: Kingambit|Kowtow Cleave|p2a: Farigiraf
|-supereffective|p2a: Farigiraf|1
|-damage|p2a: Farigiraf|0 fnt
|faint|p2a: Farigiraf
|move|p1a: Incineroar|Flare Blitz|p2b: Sinistcha
|-supereffective|p2b: Sinistcha|1
|-damage|p2b: Sinistcha|7/100
|-damage|p1a: Incineroar|60/100|[from] Recoil
|
|upkeep
|
|t:|1784218359
|switch|p2a: Mawile|Mawile-Mega, L50, F|71/100
|turn|6
|
|t:|1784218371
|move|p1b: Kingambit|Protect|p1b: Kingambit
|-singleturn|p1b: Kingambit|Protect
|move|p1a: Incineroar|Protect|p1a: Incineroar
|-singleturn|p1a: Incineroar|Protect
|move|p2b: Sinistcha|Rage Powder|p2b: Sinistcha
|-singleturn|p2b: Sinistcha|move: Rage Powder
|move|p2a: Mawile|Play Rough|p1b: Kingambit
|-activate|p1b: Kingambit|move: Protect
|
|-fieldend|move: Trick Room
|upkeep
|turn|7
|
|t:|1784218413
|move|p2b: Sinistcha|Rage Powder|p2b: Sinistcha
|-singleturn|p2b: Sinistcha|move: Rage Powder
|move|p1a: Incineroar|Flare Blitz|p2b: Sinistcha
|-supereffective|p2b: Sinistcha|1
|-damage|p2b: Sinistcha|0 fnt
|faint|p2b: Sinistcha
|-damage|p1a: Incineroar|57/100|[from] Recoil
|move|p1b: Kingambit|Kowtow Cleave|p2a: Mawile
|-resisted|p2a: Mawile|1
|-damage|p2a: Mawile|19/100
|move|p2a: Mawile|Play Rough|p1b: Kingambit
|-damage|p1b: Kingambit|0 fnt
|faint|p1b: Kingambit
|
|upkeep
|
|t:|1784218430
|switch|p2b: Incineroar|Incineroar, L50, F|100/100
|switch|p1b: Sneasler|Sneasler, L50, F|100/100
|-ability|p2b: Incineroar|Intimidate|boost
|-unboost|p1a: Incineroar|atk|1
|-unboost|p1b: Sneasler|atk|1
|-enditem|p1b: Sneasler|White Herb
|-clearnegativeboost|p1b: Sneasler|[silent]
|turn|8
|
|t:|1784218466
|move|p1b: Sneasler|Protect|p1b: Sneasler
|-singleturn|p1b: Sneasler|Protect
|move|p1a: Incineroar|Protect|p1a: Incineroar
|-singleturn|p1a: Incineroar|Protect
|move|p2a: Mawile|Protect|p2a: Mawile
|-singleturn|p2a: Mawile|Protect
|move|p2b: Incineroar|Flare Blitz|p1b: Sneasler
|-activate|p1b: Sneasler|move: Protect
|
|upkeep
|turn|9
|
|t:|1784218496
|move|p2a: Mawile|Protect||[still]
|-fail|p2a: Mawile
|move|p1b: Sneasler|Close Combat|p2a: Mawile
|-damage|p2a: Mawile|0 fnt
|-unboost|p1b: Sneasler|def|1
|-unboost|p1b: Sneasler|spd|1
|faint|p2a: Mawile
|move|p2b: Incineroar|Flare Blitz|p1b: Sneasler
|-damage|p1b: Sneasler|0 fnt
|faint|p1b: Sneasler
|-damage|p2b: Incineroar|74/100|[from] Recoil
|move|p1a: Incineroar|Parting Shot|p2b: Incineroar
|-unboost|p2b: Incineroar|atk|1
|-unboost|p2b: Incineroar|spa|1
|
|upkeep
|turn|10
|
|t:|1784218515
|move|p2b: Incineroar|Parting Shot|p1a: Incineroar
|-unboost|p1a: Incineroar|atk|1
|-unboost|p1a: Incineroar|spa|1
|move|p1a: Incineroar|Flare Blitz|p2b: Incineroar
|-resisted|p2b: Incineroar|1
|-damage|p2b: Incineroar|62/100
|-damage|p1a: Incineroar|53/100|[from] Recoil
|
|upkeep
|turn|11
|
|t:|1784218525
|move|p2b: Incineroar|Parting Shot|p1a: Incineroar
|-unboost|p1a: Incineroar|atk|1
|-unboost|p1a: Incineroar|spa|1
|move|p1a: Incineroar|Parting Shot|p2b: Incineroar
|-unboost|p2b: Incineroar|atk|1
|-unboost|p2b: Incineroar|spa|1
|
|upkeep
|turn|12
|
|t:|1784218538
|move|p2b: Incineroar|Parting Shot|p1a: Incineroar
|-unboost|p1a: Incineroar|atk|1
|-unboost|p1a: Incineroar|spa|1
|move|p1a: Incineroar|Parting Shot|p2b: Incineroar
|-unboost|p2b: Incineroar|atk|1
|-unboost|p2b: Incineroar|spa|1
|
|upkeep
|turn|13
|
|t:|1784218547
|move|p2b: Incineroar|Parting Shot|p1a: Incineroar
|-unboost|p1a: Incineroar|atk|1
|-unboost|p1a: Incineroar|spa|1
|move|p1a: Incineroar|Parting Shot|p2b: Incineroar
|-unboost|p2b: Incineroar|atk|1
|-unboost|p2b: Incineroar|spa|1
|
|upkeep
|turn|14
|
|t:|1784218559
|move|p2b: Incineroar|Parting Shot|p1a: Incineroar
|-unboost|p1a: Incineroar|atk|1
|-unboost|p1a: Incineroar|spa|1
|move|p1a: Incineroar|Parting Shot|p2b: Incineroar
|-unboost|p2b: Incineroar|atk|1
|-unboost|p2b: Incineroar|spa|1
|
|upkeep
|turn|15
|
|t:|1784218569
|move|p2b: Incineroar|Flare Blitz|p1a: Incineroar
|-resisted|p1a: Incineroar|1
|-damage|p1a: Incineroar|46/100
|-damage|p2b: Incineroar|60/100|[from] Recoil
|move|p1a: Incineroar|Parting Shot|p2b: Incineroar
|-unboost|p2b: Incineroar|atk|1
|-unboost|p2b: Incineroar|spa|1
|
|upkeep
|turn|16
|
|t:|1784218581
|move|p2b: Incineroar|Throat Chop|p1a: Incineroar
|-resisted|p1a: Incineroar|1
|-damage|p1a: Incineroar|42/100
|-start|p1a: Incineroar|Throat Chop|[silent]
|move|p1a: Incineroar|Flare Blitz|p2b: Incineroar
|-resisted|p2b: Incineroar|1
|-damage|p2b: Incineroar|54/100
|-damage|p1a: Incineroar|40/100|[from] Recoil
|
|upkeep
|turn|17
|
|t:|1784218591
|move|p2b: Incineroar|Parting Shot|p1a: Incineroar
|-unboost|p1a: Incineroar|atk|0
|-unboost|p1a: Incineroar|spa|1
|move|p1a: Incineroar|Flare Blitz|p2b: Incineroar
|-resisted|p2b: Incineroar|1
|-damage|p2b: Incineroar|48/100
|-damage|p1a: Incineroar|38/100|[from] Recoil
|
|-end|p1a: Incineroar|Throat Chop|[silent]
|upkeep
|turn|18
|
|t:|1784218601
|move|p2b: Incineroar|Flare Blitz|p1a: Incineroar
|-resisted|p1a: Incineroar|1
|-damage|p1a: Incineroar|32/100
|-damage|p2b: Incineroar|46/100|[from] Recoil
|move|p1a: Incineroar|Flare Blitz|p2b: Incineroar
|-resisted|p2b: Incineroar|1
|-damage|p2b: Incineroar|41/100
|-damage|p1a: Incineroar|30/100|[from] Recoil
|
|upkeep
|turn|19
|
|t:|1784218612
|move|p2b: Incineroar|Flare Blitz|p1a: Incineroar
|-resisted|p1a: Incineroar|1
|-damage|p1a: Incineroar|24/100
|-damage|p2b: Incineroar|39/100|[from] Recoil
|move|p1a: Incineroar|Flare Blitz|p2b: Incineroar
|-resisted|p2b: Incineroar|1
|-damage|p2b: Incineroar|34/100
|-damage|p1a: Incineroar|22/100|[from] Recoil
|
|upkeep
|turn|20
|
|t:|1784218623
|move|p2b: Incineroar|Flare Blitz|p1a: Incineroar
|-resisted|p1a: Incineroar|1
|-damage|p1a: Incineroar|16/100
|-damage|p2b: Incineroar|32/100|[from] Recoil
|move|p1a: Incineroar|Flare Blitz|p2b: Incineroar
|-resisted|p2b: Incineroar|1
|-damage|p2b: Incineroar|27/100
|-damage|p1a: Incineroar|15/100|[from] Recoil
|
|upkeep
|turn|21
|
|t:|1784218640
|move|p2b: Incineroar|Flare Blitz|p1a: Incineroar
|-resisted|p1a: Incineroar|1
|-damage|p1a: Incineroar|9/100
|-damage|p2b: Incineroar|25/100|[from] Recoil
|move|p1a: Incineroar|Flare Blitz|p2b: Incineroar
|-resisted|p2b: Incineroar|1
|-damage|p2b: Incineroar|19/100
|-damage|p1a: Incineroar|7/100|[from] Recoil
|
|upkeep
|turn|22
|
|t:|1784218651
|move|p2b: Incineroar|Flare Blitz|p1a: Incineroar
|-resisted|p1a: Incineroar|1
|-damage|p1a: Incineroar|1/100
|-damage|p2b: Incineroar|17/100|[from] Recoil
|move|p1a: Incineroar|Flare Blitz|p2b: Incineroar
|-resisted|p2b: Incineroar|1
|-damage|p2b: Incineroar|12/100
|-damage|p1a: Incineroar|0 fnt|[from] Recoil
|faint|p1a: Incineroar
|
|win|indianpro#2011
|inactive|pistoiese1312 has 30 seconds to confirm battle start!
|inactive|indianpro#2011 has 30 seconds to confirm battle start!
||pistoiese1312 is ready for game 3.
||indianpro#2011 is ready for game 3.
|uhtml|next|Next: Game 3 of 3
|l|☆pistoiese1312
|player|p1|
|l|☆indianpro#2011
|player|p2|
|j|☆indianpro#2011
|player|p2|indianpro#2011|lucas|
