|j|☆mygreat
|j|☆lucasmalt
|html|mygreatlucasmalt    
|uhtml|bestof|Game 3 of a best-of-3
|t:|1784682703
|gametype|doubles
|player|p1|mygreat|lance|1308
|player|p2|lucasmalt|265|1374
|gen|9
|tier|[Gen 9 Champions] VGC 2026 Reg M-B (Bo3)
|rated|
|rule|Species Clause: Limit one of each Pokémon
|rule|Item Clause: Limit 1 of each item
|clearpoke
|poke|p1|Whimsicott, L50, M|
|poke|p1|Floette-Eternal, L50, F|
|poke|p1|Charizard, L50, M|
|poke|p1|Garchomp, L50, F|
|poke|p1|Kingambit, L50, M|
|poke|p1|Basculegion, L50, M|
|poke|p2|Blaziken, L50, M, shiny|
|poke|p2|Incineroar, L50, M, shiny|
|poke|p2|Sinistcha, L50|
|poke|p2|Milotic, L50, F, shiny|
|poke|p2|Hydreigon, L50, F|
|poke|p2|Gardevoir, L50, M, shiny|
|teampreview|4
|showteam|p1|Whimsicott||FocusSash|Prankster|Moonblast,SunnyDay,Tailwind,Protect|Modest||M|||50|]Floette-Eternal||Floettite|FlowerVeil|DazzlingGleam,LightofRuin,Moonblast,Protect|Modest||F|||50|]Charizard||CharizarditeY|Blaze|SolarBeam,WeatherBall,HeatWave,Protect|Modest||M|||50|]Garchomp||LifeOrb|RoughSkin|DragonClaw,RockSlide,Earthquake,Protect|Jolly||F|||50|]Kingambit||ChopleBerry|Defiant|LowKick,IronHead,KowtowCleave,SuckerPunch|Adamant||M|||50|]Basculegion||MysticWater|Adaptability|AquaJet,WaveCrash,LastRespects,Protect|Adamant||M|||50|
|showteam|p2|Blaziken||Blazikenite|SpeedBoost|FlareBlitz,CloseCombat,RockSlide,Detect|Adamant||M|||50|]Incineroar||SitrusBerry|Intimidate|FakeOut,FlareBlitz,DarkestLariat,PartingShot|Careful||M|||50|]Sinistcha||KasibBerry|Hospitality|MatchaGotcha,RagePowder,TrickRoom,Protect|Bold|||||50|]Milotic||Leftovers|Competitive|MuddyWater,Coil,Hypnosis,Recover|Calm||F|||50|]Hydreigon||ChoiceScarf|Levitate|Snarl,DracoMeteor,DarkPulse,EarthPower|Modest||F|||50|]Gardevoir||Gardevoirite|Trace|HyperVoice,Psyshock,TrickRoom,Protect|Modest||M|||50|
|inactive|Battle timer is ON: inactive players will automatically lose when time's up. (requested by mygreat)
|inactive|lucasmalt has 60 seconds left.
|inactive|lucasmalt has 30 seconds left.
|inactive|lucasmalt has 20 seconds left.
|inactive|lucasmalt has 15 seconds left.
|
|t:|1784682779
|teamsize|p1|4
|teamsize|p2|4
|start
|switch|p1a: Whimsicott|Whimsicott, L50, M|100/100
|switch|p1b: Basculegion|Basculegion, L50, M|100/100
|switch|p2a: Blaziken|Blaziken, L50, M, shiny|100/100
|switch|p2b: Milotic|Milotic, L50, F, shiny|100/100
|turn|1
|
|t:|1784682795
|detailschange|p2a: Blaziken|Blaziken-Mega, L50, M, shiny
|-mega|p2a: Blaziken|Blaziken|Blazikenite
|move|p2a: Blaziken|Detect|p2a: Blaziken
|-singleturn|p2a: Blaziken|Protect
|move|p1a: Whimsicott|Moonblast|p2b: Milotic
|-damage|p2b: Milotic|74/100
|move|p1b: Basculegion|Wave Crash|p2a: Blaziken
|-activate|p2a: Blaziken|move: Protect
|move|p2b: Milotic|Coil|p2b: Milotic
|-boost|p2b: Milotic|atk|1
|-boost|p2b: Milotic|def|1
|-boost|p2b: Milotic|accuracy|1
|
|-heal|p2b: Milotic|80/100|[from] item: Leftovers
|-ability|p2a: Blaziken|Speed Boost|boost
|-boost|p2a: Blaziken|spe|1
|upkeep
|turn|2
|inactive|lucasmalt has 30 seconds left.
|
|t:|1784682821
|switch|p2a: Hydreigon|Hydreigon, L50, F|100/100
|move|p1a: Whimsicott|Tailwind|p1a: Whimsicott
|-sidestart|p1: mygreat|move: Tailwind
|move|p1b: Basculegion|Wave Crash|p2a: Hydreigon
|-resisted|p2a: Hydreigon|1
|-damage|p2a: Hydreigon|46/100
|-damage|p1b: Basculegion|84/100|[from] Recoil
|move|p2b: Milotic|Hypnosis|p1a: Whimsicott
|-status|p1a: Whimsicott|slp|[from] move: Hypnosis
|
|-heal|p2b: Milotic|86/100|[from] item: Leftovers
|upkeep
|turn|3
|
|t:|1784682840
|switch|p1b: Floette|Floette-Eternal, L50, F|100/100
|cant|p1a: Whimsicott|slp
|move|p2a: Hydreigon|Dark Pulse|p1b: Floette
|-resisted|p1b: Floette|1
|-damage|p1b: Floette|78/100
|move|p2b: Milotic|Coil|p2b: Milotic
|-boost|p2b: Milotic|atk|1
|-boost|p2b: Milotic|def|1
|-boost|p2b: Milotic|accuracy|1
|
|-heal|p2b: Milotic|92/100|[from] item: Leftovers
|upkeep
|turn|4
|
|t:|1784682849
|switch|p2a: Incineroar|Incineroar, L50, M, shiny|100/100
|-ability|p2a: Incineroar|Intimidate|boost
|-block|p1a: Whimsicott|ability: Flower Veil|[of] p1b: Floette
|-unboost|p1b: Floette|atk|1
|detailschange|p1b: Floette|Floette-Mega, L50, F
|-mega|p1b: Floette|Floette|Floettite
|-ability|p1b: Floette|Fairy Aura
|cant|p1a: Whimsicott|slp
|move|p1b: Floette|Dazzling Gleam|p2a: Incineroar|[spread] p2a,p2b
|-damage|p2a: Incineroar|59/100
|-damage|p2b: Milotic|59/100
|move|p2b: Milotic|Hypnosis|p1b: Floette
|-status|p1b: Floette|slp|[from] move: Hypnosis
|
|-heal|p2b: Milotic|65/100|[from] item: Leftovers
|upkeep
|turn|5
|
|t:|1784682870
|-curestatus|p1a: Whimsicott|slp|[msg]
|move|p1a: Whimsicott|Moonblast|p2b: Milotic
|-damage|p2b: Milotic|33/100
|cant|p1b: Floette|slp
|move|p2b: Milotic|Muddy Water|p1b: Floette|[spread] p1a,p1b
|-resisted|p1a: Whimsicott|1
|-damage|p1a: Whimsicott|81/100
|-damage|p1b: Floette|60/100 slp
|-unboost|p1b: Floette|accuracy|1
|move|p2a: Incineroar|Flare Blitz|p1a: Whimsicott
|-supereffective|p1a: Whimsicott|1
|-damage|p1a: Whimsicott|0 fnt
|faint|p1a: Whimsicott
|-damage|p2a: Incineroar|41/100|[from] Recoil
|-enditem|p2a: Incineroar|Sitrus Berry|[eat]
|-heal|p2a: Incineroar|65/100|[from] item: Sitrus Berry
|
|-heal|p2b: Milotic|39/100|[from] item: Leftovers
|-sideend|p1: mygreat|move: Tailwind
|upkeep
|
|t:|1784682874
|switch|p1a: Garchomp|Garchomp, L50, F|100/100
|turn|6
|
|t:|1784682891
|move|p1a: Garchomp|Earthquake|p2b: Milotic|[spread] p1b,p2a,p2b
|-supereffective|p2a: Incineroar|1
|-damage|p1b: Floette|8/100 slp
|-damage|p2a: Incineroar|0 fnt
|-damage|p2b: Milotic|17/100
|faint|p2a: Incineroar
|-damage|p1a: Garchomp|90/100|[from] item: Life Orb
|-curestatus|p1b: Floette|slp|[msg]
|move|p1b: Floette|Moonblast|p2b: Milotic
|-damage|p2b: Milotic|0 fnt
|faint|p2b: Milotic
|
|upkeep
|
|t:|1784682902
|switch|p2b: Hydreigon|Hydreigon, L50, F|46/100
|switch|p2a: Blaziken|Blaziken-Mega, L50, M, shiny|100/100
|turn|7
|
|t:|1784682914
|move|p1a: Garchomp|Protect|p1a: Garchomp
|-singleturn|p1a: Garchomp|Protect
|move|p2b: Hydreigon|Draco Meteor|p1a: Garchomp
|-activate|p1a: Garchomp|move: Protect
|move|p2a: Blaziken|Flare Blitz|p1b: Floette
|-damage|p1b: Floette|0 fnt
|faint|p1b: Floette
|-damage|p2a: Blaziken|97/100|[from] Recoil
|
|-ability|p2a: Blaziken|Speed Boost|boost
|-boost|p2a: Blaziken|spe|1
|upkeep
|
|t:|1784682916
|switch|p1b: Basculegion|Basculegion, L50, M|84/100
|turn|8
|
|t:|1784682932
|move|p2b: Hydreigon|Draco Meteor|p1a: Garchomp
|-supereffective|p1a: Garchomp|1
|-damage|p1a: Garchomp|0 fnt
|-unboost|p2b: Hydreigon|spa|2
|faint|p1a: Garchomp
|move|p2a: Blaziken|Rock Slide|p1b: Basculegion
|-damage|p1b: Basculegion|44/100
|move|p1b: Basculegion|Last Respects|p2a: Blaziken
|-damage|p2a: Blaziken|0 fnt
|faint|p2a: Blaziken
|
|upkeep
|turn|9
|
|t:|1784682945
|move|p2b: Hydreigon|Draco Meteor|p1b: Basculegion
|-damage|p1b: Basculegion|3/100
|-unboost|p2b: Hydreigon|spa|2
|move|p1b: Basculegion|Last Respects|p2b: Hydreigon
|-resisted|p2b: Hydreigon|1
|-damage|p2b: Hydreigon|0 fnt
|faint|p2b: Hydreigon
|
|win|mygreat
|raw|mygreat's rating: 1308 → 1332(+24 for winning)
|raw|lucasmalt's rating: 1374 → 1350(-24 for losing)
