|j|☆Gestral
|j|☆Crystneel
|html|GestralCrystneel    
|uhtml|bestof|Game 1 of a best-of-3
|t:|1756924499
|gametype|doubles
|player|p1|Gestral|170|1094
|player|p2|Crystneel|101|1081
|gen|9
|tier|[Gen 9] VGC 2025 Reg H (Bo3)
|rated|
|rule|Species Clause: Limit one of each Pokémon
|rule|Item Clause: Limit 1 of each item
|clearpoke
|poke|p1|Sneasler, L50, F|
|poke|p1|Kingambit, L50, F|
|poke|p1|Garchomp, L50, M|
|poke|p1|Gholdengo, L50|
|poke|p1|Murkrow, L50, F|
|poke|p1|Incineroar, L50, M|
|poke|p2|Volcarona, L50, F|
|poke|p2|Electabuzz, L50, F|
|poke|p2|Sneasler, L50, M|
|poke|p2|Rillaboom, L50, F|
|poke|p2|Dragonite, L50, F|
|poke|p2|Ursaluna-Bloodmoon, L50, M|
|teampreview|4
|showteam|p1|Sneasler||FocusSash|PoisonTouch|FakeOut,CloseCombat,DireClaw,Protect|||F|||50|,,,,,Flying]Kingambit||AssaultVest|Defiant|LowKick,KowtowCleave,SuckerPunch,IronHead|||F|||50|,,,,,Dark]Garchomp||LifeOrb|RoughSkin|StompingTantrum,Earthquake,DragonClaw,Protect|||M|||50|,,,,,Ground]Gholdengo||Leftovers|GoodasGold|NastyPlot,ShadowBall,MakeItRain,Protect||||||50|,,,,,Steel]Murkrow||CovertCloak|Prankster|Tailwind,Haze,FoulPlay,Protect|||F|||50|,,,,,Dark]Incineroar||SitrusBerry|Intimidate|FlareBlitz,KnockOff,FakeOut,PartingShot|||M|||50|,,,,,Ghost
|showteam|p2|Volcarona||Leftovers|FlameBody|FieryDance,QuiverDance,GigaDrain,Protect|||F|||50|,,,,,Water]Electabuzz||Eviolite|Static|FollowMe,Electroweb,VoltSwitch,Taunt|||F|||50|,,,,,Fairy]Sneasler||GrassySeed|Unburden|DireClaw,CloseCombat,ThroatChop,Protect|||M|||50|,,,,,Dark]Rillaboom||AssaultVest|GrassySurge|FakeOut,GrassyGlide,WoodHammer,Uturn|||F|||50|,,,,,Fire]Dragonite||LoadedDice|Multiscale|ExtremeSpeed,ScaleShot,IceSpinner,LowKick|||F|||50|,,,,,Normal]Ursaluna-Bloodmoon||ThroatSpray|MindsEye|BloodMoon,HyperVoice,EarthPower,Protect|||M|||50|,,,,,Poison
|
|t:|1756924555
|teamsize|p1|4
|teamsize|p2|4
|start
|switch|p1a: Garchomp|Garchomp, L50, M|100/100
|switch|p1b: Sneasler|Sneasler, L50, F, shiny|100/100
|switch|p2a: Rillaboom|Rillaboom, L50, F|100/100
|switch|p2b: Volcarona|Volcarona, L50, F|100/100
|-fieldstart|move: Grassy Terrain|[from] ability: Grassy Surge|[of] p2a: Rillaboom
|turn|1
|inactive|Battle timer is ON: inactive players will automatically lose when time's up. (requested by Gestral)
|inactive|Gestral has 60 seconds left.
|
|t:|1756924586
|move|p1b: Sneasler|Fake Out|p2a: Rillaboom
|-damage|p2a: Rillaboom|88/100
|cant|p2a: Rillaboom|flinch
|move|p1a: Garchomp|Dragon Claw|p2b: Volcarona
|-damage|p2b: Volcarona|24/100
|-status|p1a: Garchomp|brn|[from] ability: Flame Body|[of] p2b: Volcarona
|-damage|p1a: Garchomp|91/100 brn|[from] item: Life Orb
|move|p2b: Volcarona|Quiver Dance|p2b: Volcarona
|-boost|p2b: Volcarona|spa|1
|-boost|p2b: Volcarona|spd|1
|-boost|p2b: Volcarona|spe|1
|
|-heal|p2b: Volcarona|30/100|[from] Grassy Terrain
|-heal|p2b: Volcarona|36/100|[from] item: Leftovers
|-heal|p1a: Garchomp|97/100 brn|[from] Grassy Terrain
|-heal|p2a: Rillaboom|94/100|[from] Grassy Terrain
|-damage|p1a: Garchomp|91/100 brn|[from] brn
|upkeep
|turn|2
|inactive|Gestral has 30 seconds left.
|inactive|Gestral has 20 seconds left.
|inactive|Gestral has 15 seconds left.
|inactive|Gestral has 10 seconds left.
|
|t:|1756924632
|move|p2b: Volcarona|Protect|p2b: Volcarona
|-singleturn|p2b: Volcarona|Protect
|move|p1b: Sneasler|Dire Claw|p2a: Rillaboom
|-supereffective|p2a: Rillaboom
|-damage|p2a: Rillaboom|18/100
|-status|p2a: Rillaboom|slp
|move|p1a: Garchomp|Dragon Claw|p2b: Volcarona
|-activate|p2b: Volcarona|move: Protect
|cant|p2a: Rillaboom|slp
|
|-heal|p2b: Volcarona|41/100|[from] Grassy Terrain
|-heal|p2b: Volcarona|47/100|[from] item: Leftovers
|-heal|p1a: Garchomp|97/100 brn|[from] Grassy Terrain
|-heal|p2a: Rillaboom|23/100 slp|[from] Grassy Terrain
|-damage|p1a: Garchomp|91/100 brn|[from] brn
|upkeep
|turn|3
|inactive|Crystneel has 30 seconds left.
|
|t:|1756924660
|switch|p2a: Electabuzz|Electabuzz, L50, F|100/100
|move|p1b: Sneasler|Protect|p1b: Sneasler
|-singleturn|p1b: Sneasler|Protect
|move|p2b: Volcarona|Fiery Dance|p1b: Sneasler
|-activate|p1b: Sneasler|move: Protect
|move|p1a: Garchomp|Earthquake|p2a: Electabuzz|[spread] p2a,p2b
|-activate|p1b: Sneasler|move: Protect
|-supereffective|p2a: Electabuzz
|-damage|p2a: Electabuzz|75/100
|-damage|p2b: Volcarona|32/100
|-damage|p1a: Garchomp|81/100 brn|[from] item: Life Orb
|
|-heal|p2b: Volcarona|38/100|[from] Grassy Terrain
|-heal|p2b: Volcarona|43/100|[from] item: Leftovers
|-heal|p1a: Garchomp|87/100 brn|[from] Grassy Terrain
|-heal|p2a: Electabuzz|81/100|[from] Grassy Terrain
|-damage|p1a: Garchomp|81/100 brn|[from] brn
|upkeep
|turn|4
|inactive|Gestral has 30 seconds left.
|
|t:|1756924691
|switch|p1b: Incineroar|Incineroar, L50, M, shiny|100/100
|-ability|p1b: Incineroar|Intimidate|boost
|-unboost|p2a: Electabuzz|atk|1
|-unboost|p2b: Volcarona|atk|1
|move|p2a: Electabuzz|Follow Me|p2a: Electabuzz
|-singleturn|p2a: Electabuzz|move: Follow Me
|move|p2b: Volcarona|Giga Drain|p1a: Garchomp
|-damage|p1a: Garchomp|34/100 brn
|-heal|p2b: Volcarona|66/100|[from] drain|[of] p1a: Garchomp
|move|p1a: Garchomp|Stomping Tantrum|p2a: Electabuzz
|-supereffective|p2a: Electabuzz
|-damage|p2a: Electabuzz|29/100
|-damage|p1a: Garchomp|24/100 brn|[from] item: Life Orb
|
|-heal|p2b: Volcarona|72/100|[from] Grassy Terrain
|-heal|p2b: Volcarona|78/100|[from] item: Leftovers
|-heal|p1a: Garchomp|30/100 brn|[from] Grassy Terrain
|-heal|p2a: Electabuzz|35/100|[from] Grassy Terrain
|-damage|p1a: Garchomp|24/100 brn|[from] brn
|upkeep
|turn|5
|inactive|Gestral has 30 seconds left.
|inactive|Crystneel has 30 seconds left.
|
|t:|1756924721
|move|p2b: Volcarona|Fiery Dance|p1a: Garchomp
|-resisted|p1a: Garchomp
|-damage|p1a: Garchomp|0 fnt
|faint|p1a: Garchomp
|move|p2a: Electabuzz|Volt Switch|p1b: Incineroar
|-damage|p1b: Incineroar|83/100
|
|t:|1756924729
|switch|p2a: Sneasler|Sneasler, L50, M|100/100|[from] Volt Switch
|-enditem|p2a: Sneasler|Grassy Seed
|-boost|p2a: Sneasler|def|1|[from] item: Grassy Seed
|move|p1b: Incineroar|Flare Blitz|p2a: Sneasler
|-damage|p2a: Sneasler|42/100
|-damage|p1b: Incineroar|68/100|[from] Recoil
|
|-heal|p2a: Sneasler|48/100|[from] Grassy Terrain
|-heal|p2b: Volcarona|84/100|[from] Grassy Terrain
|-heal|p2b: Volcarona|90/100|[from] item: Leftovers
|-heal|p1b: Incineroar|74/100|[from] Grassy Terrain
|-fieldend|move: Grassy Terrain
|upkeep
|
|t:|1756924739
|switch|p1a: Sneasler|Sneasler, L50, F, shiny|100/100
|turn|6
|
|t:|1756924751
|move|p2a: Sneasler|Protect|p2a: Sneasler
|-singleturn|p2a: Sneasler|Protect
|move|p1a: Sneasler|Fake Out|p2a: Sneasler
|-activate|p2a: Sneasler|move: Protect
|move|p2b: Volcarona|Fiery Dance|p1a: Sneasler
|-damage|p1a: Sneasler|23/100
|-boost|p2b: Volcarona|spa|1
|move|p1b: Incineroar|Knock Off|p2b: Volcarona
|-damage|p2b: Volcarona|39/100
|-enditem|p2b: Volcarona|Leftovers|[from] move: Knock Off|[of] p1b: Incineroar
|
|upkeep
|turn|7
|
|t:|1756924776
|switch|p1a: Gholdengo|Gholdengo, L50|100/100
|-terastallize|p1b: Incineroar|Ghost
|move|p2a: Sneasler|Close Combat|p1b: Incineroar
|-immune|p1b: Incineroar
|move|p2b: Volcarona|Fiery Dance|p1a: Gholdengo
|-supereffective|p1a: Gholdengo
|-damage|p1a: Gholdengo|0 fnt
|faint|p1a: Gholdengo
|move|p1b: Incineroar|Flare Blitz|p2a: Sneasler
|-damage|p2a: Sneasler|0 fnt
|faint|p2a: Sneasler
|-damage|p1b: Incineroar|62/100|[from] Recoil
|
|upkeep
|
|t:|1756924791
|switch|p2a: Rillaboom|Rillaboom, L50, F|23/100 slp
|switch|p1a: Sneasler|Sneasler, L50, F, shiny|23/100
|-fieldstart|move: Grassy Terrain|[from] ability: Grassy Surge|[of] p2a: Rillaboom
|turn|8
|inactive|Gestral has 30 seconds left.
|
|t:|1756924816
|move|p2b: Volcarona|Protect|p2b: Volcarona
|-singleturn|p2b: Volcarona|Protect
|move|p1a: Sneasler|Protect|p1a: Sneasler
|-singleturn|p1a: Sneasler|Protect
|cant|p2a: Rillaboom|slp
|move|p1b: Incineroar|Flare Blitz|p2b: Volcarona
|-activate|p2b: Volcarona|move: Protect
|
|-heal|p2b: Volcarona|44/100|[from] Grassy Terrain
|-heal|p1a: Sneasler|29/100|[from] Grassy Terrain
|-heal|p2a: Rillaboom|29/100 slp|[from] Grassy Terrain
|-heal|p1b: Incineroar|68/100|[from] Grassy Terrain
|upkeep
|turn|9
|
|t:|1756924834
|-curestatus|p2a: Rillaboom|slp|[msg]
|move|p2a: Rillaboom|Grassy Glide|p1a: Sneasler
|-resisted|p1a: Sneasler
|-damage|p1a: Sneasler|0 fnt
|faint|p1a: Sneasler
|move|p2b: Volcarona|Fiery Dance|p1b: Incineroar
|-damage|p1b: Incineroar|14/100
|-boost|p2b: Volcarona|spa|1
|-enditem|p1b: Incineroar|Sitrus Berry|[eat]
|-heal|p1b: Incineroar|39/100|[from] item: Sitrus Berry
|move|p1b: Incineroar|Flare Blitz|p2b: Volcarona
|-damage|p2b: Volcarona|0 fnt
|faint|p2b: Volcarona
|-damage|p1b: Incineroar|25/100|[from] Recoil
|
|-heal|p2a: Rillaboom|35/100|[from] Grassy Terrain
|-heal|p1b: Incineroar|31/100|[from] Grassy Terrain
|upkeep
|
|t:|1756924847
|switch|p2b: Electabuzz|Electabuzz, L50, F|35/100
|turn|10
|
|t:|1756924860
|-terastallize|p2a: Rillaboom|Fire
|move|p2a: Rillaboom|Grassy Glide|p1b: Incineroar
|-damage|p1b: Incineroar|0 fnt
|faint|p1b: Incineroar
|
|win|Crystneel
|l|☆Gestral
|player|p1|
