|j|☆Tronman17
|j|☆nighasaur
|html|Tronman17nighasaur    
|uhtml|bestof|Game 1 of a best-of-3
|t:|1757859541
|gametype|doubles
|player|p1|Tronman17|steven|1097
|player|p2|nighasaur|169|1053
|gen|9
|tier|[Gen 9] VGC 2025 Reg H (Bo3)
|rated|
|rule|Species Clause: Limit one of each Pokémon
|rule|Item Clause: Limit 1 of each item
|clearpoke
|poke|p1|Ninetales-Alola, L50, F|
|poke|p1|Annihilape, L50, F|
|poke|p1|Primarina, L50, F|
|poke|p1|Rillaboom, L50, M|
|poke|p1|Sneasler, L50, M|
|poke|p1|Archaludon, L50, F|
|poke|p2|Archaludon, L50, F|
|poke|p2|Pelipper, L50, M|
|poke|p2|Incineroar, L50, F|
|poke|p2|Avalugg-Hisui, L50, M|
|poke|p2|Bellibolt, L50, F|
|poke|p2|Whimsicott, L50, M|
|teampreview|4
|showteam|p1|Ninetales-Alola||LightClay|SnowWarning|IcicleSpear,Encore,IcyWind,AuroraVeil|||F|||50|,,,,,Ghost]Annihilape||SafetyGoggles|Defiant|DrainPunch,RageFist,BulkUp,Protect|||F|||50|,,,,,Fire]Primarina||ThroatSpray|LiquidVoice|Moonblast,HyperVoice,Haze,Protect|||F|||50|,,,,,Poison]Rillaboom||LoadedDice|GrassySurge|GrassyGlide,FakeOut,BulletSeed,HighHorsepower|||M|||50|,,,,,Fire]Sneasler||GrassySeed|Unburden|DireClaw,Coaching,CloseCombat,Protect|||M|||50|,,,,,Stellar]Archaludon||AssaultVest|Stamina|BodyPress,ElectroShot,FlashCannon,DragonPulse|||F|||50|,,,,,Bug
|showteam|p2|Archaludon||PowerHerb|Sturdy|Protect,ElectroShot,DracoMeteor,Snarl|||F|||50|,,,,,Electric]Pelipper||SitrusBerry|Drizzle|Protect,WeatherBall,Tailwind,IcyWind|||M|||50|,,,,,Grass]Incineroar||SafetyGoggles|Intimidate|FakeOut,PartingShot,KnockOff,Taunt|||F|||50|,,,,,Ghost]Avalugg-Hisui||WeaknessPolicy|Sturdy|Avalanche,Protect,HighHorsepower,IceSpinner|||M|||50|,,,,,Ice]Bellibolt||AirBalloon|Electromorphosis|ElectricTerrain,Protect,VoltSwitch,Electroweb|||F|||50|,,,,,Flying]Whimsicott||CovertCloak|Prankster|Moonblast,Protect,Tailwind,Taunt|||M|||50|,,,,,Dark
|
|t:|1757859575
|teamsize|p1|4
|teamsize|p2|4
|start
|switch|p1a: Ninetales|Ninetales-Alola, L50, F, shiny|100/100
|switch|p1b: Annihilape|Annihilape, L50, F, shiny|100/100
|switch|p2a: Avalugg|Avalugg-Hisui, L50, M|100/100
|switch|p2b: Whimsicott|Whimsicott, L50, M|100/100
|-weather|Snowscape|[from] ability: Snow Warning|[of] p1a: Ninetales
|turn|1
|inactive|Battle timer is ON: inactive players will automatically lose when time's up. (requested by Tronman17)
|
|t:|1757859602
|switch|p2a: Pelipper|Pelipper, L50, M|100/100
|-weather|RainDance|[from] ability: Drizzle|[of] p2a: Pelipper
|move|p2b: Whimsicott|Moonblast|p1b: Annihilape
|-supereffective|p1b: Annihilape
|-damage|p1b: Annihilape|45/100
|move|p1a: Ninetales|Icicle Spear|p1b: Annihilape
|-damage|p1b: Annihilape|38/100
|-damage|p1b: Annihilape|33/100
|-hitcount|p1b: Annihilape|2
|move|p1b: Annihilape|Rage Fist|p2b: Whimsicott
|-damage|p2b: Whimsicott|0 fnt
|faint|p2b: Whimsicott
|
|-weather|RainDance|[upkeep]
|upkeep
|
|t:|1757859623
|switch|p2b: Archaludon|Archaludon, L50, F|100/100
|turn|2
|
|t:|1757859635
|switch|p1a: Rillaboom|Rillaboom, L50, M|100/100
|-fieldstart|move: Grassy Terrain|[from] ability: Grassy Surge|[of] p1a: Rillaboom
|move|p2b: Archaludon|Protect|p2b: Archaludon
|-singleturn|p2b: Archaludon|Protect
|move|p1b: Annihilape|Protect|p1b: Annihilape
|-singleturn|p1b: Annihilape|Protect
|move|p2a: Pelipper|Tailwind|p2a: Pelipper
|-sidestart|p2: nighasaur|move: Tailwind
|
|-weather|RainDance|[upkeep]
|-heal|p1b: Annihilape|39/100|[from] Grassy Terrain
|upkeep
|turn|3
|inactive|Tronman17 has 30 seconds left.
|inactive|Tronman17 has 20 seconds left.
|
|t:|1757859673
|switch|p1b: Ninetales|Ninetales-Alola, L50, F, shiny|100/100
|-weather|Snowscape|[from] ability: Snow Warning|[of] p1b: Ninetales
|move|p1a: Rillaboom|Fake Out|p2b: Archaludon
|-resisted|p2b: Archaludon
|-crit|p2b: Archaludon
|-damage|p2b: Archaludon|91/100
|cant|p2b: Archaludon|flinch
|move|p2a: Pelipper|Weather Ball|p1b: Ninetales
|-resisted|p1b: Ninetales
|-damage|p1b: Ninetales|90/100
|
|-weather|Snowscape|[upkeep]
|-heal|p2b: Archaludon|97/100|[from] Grassy Terrain
|-heal|p1b: Ninetales|96/100|[from] Grassy Terrain
|upkeep
|turn|4
|
|t:|1757859695
|switch|p2a: Avalugg|Avalugg-Hisui, L50, M|100/100
|-terastallize|p2b: Archaludon|Electric
|move|p2b: Archaludon|Electro Shot||[still]
|-prepare|p2b: Archaludon|Electro Shot
|-boost|p2b: Archaludon|spa|1
|-enditem|p2b: Archaludon|Power Herb
|-anim|p2b: Archaludon|Electro Shot|p1b: Ninetales
|-damage|p1b: Ninetales|5/100
|move|p1b: Ninetales|Aurora Veil|p1b: Ninetales
|-sidestart|p1: Tronman17|move: Aurora Veil
|move|p1a: Rillaboom|High Horsepower|p2b: Archaludon
|-supereffective|p2b: Archaludon
|-damage|p2b: Archaludon|35/100
|
|-weather|Snowscape|[upkeep]
|-heal|p2b: Archaludon|41/100|[from] Grassy Terrain
|-heal|p1b: Ninetales|11/100|[from] Grassy Terrain
|upkeep
|turn|5
|inactive|Tronman17 has 30 seconds left.
|inactive|Tronman17 has 20 seconds left.
|inactive|Tronman17 has 15 seconds left.
|inactive|Tronman17 has 10 seconds left.
|
|t:|1757859740
|switch|p1a: Archaludon|Archaludon, L50, F, shiny|100/100
|move|p2b: Archaludon|Protect|p2b: Archaludon
|-singleturn|p2b: Archaludon|Protect
|move|p1b: Ninetales|Icicle Spear|p1a: Archaludon
|-damage|p1a: Archaludon|98/100
|-ability|p1a: Archaludon|Stamina|boost
|-boost|p1a: Archaludon|def|1
|-damage|p1a: Archaludon|96/100
|-ability|p1a: Archaludon|Stamina|boost
|-boost|p1a: Archaludon|def|1
|-damage|p1a: Archaludon|94/100
|-ability|p1a: Archaludon|Stamina|boost
|-boost|p1a: Archaludon|def|1
|-damage|p1a: Archaludon|93/100
|-ability|p1a: Archaludon|Stamina|boost
|-boost|p1a: Archaludon|def|1
|-crit|p1a: Archaludon
|-damage|p1a: Archaludon|86/100
|-ability|p1a: Archaludon|Stamina|boost
|-boost|p1a: Archaludon|def|1
|-hitcount|p1a: Archaludon|5
|move|p2a: Avalugg|Ice Spinner|p1a: Archaludon
|-damage|p1a: Archaludon|80/100
|-ability|p1a: Archaludon|Stamina|boost
|-boost|p1a: Archaludon|def|1
|-fieldend|move: Grassy Terrain
|
|-weather|Snowscape|[upkeep]
|-sideend|p2: nighasaur|move: Tailwind
|upkeep
|turn|6
|-message|nighasaur forfeited.
|
|win|Tronman17
|l|☆nighasaur
|player|p2|
||nighasaur is ready for game 2.
|inactive|Tronman17 has 30 seconds to confirm battle start!
||Tronman17 is ready for game 2.
|uhtml|next|Next: Game 2 of 3
