|j|☆void25o
|j|☆Quill86
|html|void25oQuill86    
|uhtml|bestof|Game 3 of a best-of-3
|t:|1757815304
|gametype|doubles
|player|p1|void25o|miku-ghost|1323
|player|p2|Quill86|lucas|1284
|gen|9
|tier|[Gen 9] VGC 2025 Reg H (Bo3)
|rated|
|rule|Species Clause: Limit one of each Pokémon
|rule|Item Clause: Limit 1 of each item
|clearpoke
|poke|p1|Volcarona, L50, M|
|poke|p1|Indeedee, L50, M|
|poke|p1|Sneasler, L50, F|
|poke|p1|Amoonguss, L50, M|
|poke|p1|Tyranitar, L50, M|
|poke|p1|Dragonite, L50, M|
|poke|p2|Incineroar, L50, M|
|poke|p2|Gholdengo, L50|
|poke|p2|Ursaluna-Bloodmoon, L50, M|
|poke|p2|Indeedee-F, L50, F|
|poke|p2|Gallade, L50, M|
|poke|p2|Torkoal, L50, F|
|teampreview|4
|showteam|p1|Volcarona||SafetyGoggles|FlameBody|HeatWave,TeraBlast,QuiverDance,Protect|||M|||50|,,,,,Fairy]Indeedee||FocusSash|PsychicSurge|ExpandingForce,TeraBlast,Imprison,TrickRoom|||M|||50|,,,,,Psychic]Sneasler||PsychicSeed|Unburden|CloseCombat,DireClaw,ThroatChop,Protect|||F|||50|,,,,,Dark]Amoonguss||RockyHelmet|Regenerator|PollenPuff,Spore,RagePowder,Protect|||M|||50|,,,,,Fairy]Tyranitar||AssaultVest|SandStream|KnockOff,RockSlide,TeraBlast,LowKick|||M|||50|,,,,,Flying]Dragonite||LoadedDice|InnerFocus|ScaleShot,Haze,Tailwind,Protect|||M|||50|,,,,,Fairy
|showteam|p2|Incineroar||SafetyGoggles|Intimidate|FakeOut,FlareBlitz,KnockOff,PartingShot|||M|||50|,,,,,Ghost]Gholdengo||SitrusBerry|GoodasGold|MakeItRain,ShadowBall,NastyPlot,Protect||||||50|,,,,,Water]Ursaluna-Bloodmoon||LifeOrb|MindsEye|BloodMoon,HyperVoice,EarthPower,Protect|||M|||50|,,,,,Normal]Indeedee-F||PsychicSeed|PsychicSurge|FollowMe,TrickRoom,HelpingHand,DazzlingGleam|||F|||50|,,,,,Fairy]Gallade||ClearAmulet|Sharpness|SacredSword,PsychoCut,WideGuard,TrickRoom|||M|||50|,,,,,Grass]Torkoal||Leftovers|Drought|Eruption,WeatherBall,Yawn,Protect|||F|||50|,,,,,Fire
|inactive|Battle timer is ON: inactive players will automatically lose when time's up. (requested by void25o)
|
|t:|1757815315
|teamsize|p1|4
|teamsize|p2|4
|start
|switch|p1a: Magellan|Sneasler, L50, F|100/100
|switch|p1b: Shyarly|Indeedee, L50, M|100/100
|switch|p2a: Incineroar|Incineroar, L50, M|100/100
|switch|p2b: Gholdengo|Gholdengo, L50|100/100
|-fieldstart|move: Psychic Terrain|[from] ability: Psychic Surge|[of] p1b: Shyarly
|-enditem|p1a: Magellan|Psychic Seed
|-boost|p1a: Magellan|spd|1|[from] item: Psychic Seed
|-ability|p2a: Incineroar|Intimidate|boost
|-unboost|p1a: Magellan|atk|1
|-unboost|p1b: Shyarly|atk|1
|turn|1
|
|t:|1757815336
|switch|p1b: Dragonite|Dragonite, L50, M|100/100
|-terastallize|p1a: Magellan|Dark
|move|p1a: Magellan|Throat Chop|p2b: Gholdengo
|-supereffective|p2b: Gholdengo
|-damage|p2b: Gholdengo|53/100
|-start|p2b: Gholdengo|Throat Chop|[silent]
|move|p2b: Gholdengo|Nasty Plot|p2b: Gholdengo
|-boost|p2b: Gholdengo|spa|2
|move|p2a: Incineroar|Knock Off|p1b: Dragonite
|-damage|p1b: Dragonite|54/100
|-enditem|p1b: Dragonite|Loaded Dice|[from] move: Knock Off|[of] p2a: Incineroar
|
|upkeep
|turn|2
|
|t:|1757815353
|move|p1a: Magellan|Protect|p1a: Magellan
|-singleturn|p1a: Magellan|Protect
|move|p1b: Dragonite|Scale Shot|p2a: Incineroar
|-damage|p2a: Incineroar|90/100
|-damage|p2a: Incineroar|80/100
|-damage|p2a: Incineroar|69/100
|-damage|p2a: Incineroar|57/100
|-hitcount|p2a: Incineroar|4
|-unboost|p1b: Dragonite|def|1
|-boost|p1b: Dragonite|spe|1
|move|p2b: Gholdengo|Make It Rain|p1a: Magellan|[spread] p1b
|-activate|p1a: Magellan|move: Protect
|-damage|p1b: Dragonite|0 fnt
|-unboost|p2b: Gholdengo|spa|1
|faint|p1b: Dragonite
|move|p2a: Incineroar|Parting Shot|p1a: Magellan
|-activate|p1a: Magellan|move: Protect
|
|-end|p2b: Gholdengo|Throat Chop|[silent]
|upkeep
|
|t:|1757815359
|switch|p1b: Tyranitar|Tyranitar, L50, M|100/100
|-weather|Sandstorm|[from] ability: Sand Stream|[of] p1b: Tyranitar
|turn|3
|
|t:|1757815367
|switch|p2a: Torkoal|Torkoal, L50, F|100/100
|-weather|SunnyDay|[from] ability: Drought|[of] p2a: Torkoal
|move|p1a: Magellan|Throat Chop|p2b: Gholdengo
|-supereffective|p2b: Gholdengo
|-damage|p2b: Gholdengo|2/100
|-start|p2b: Gholdengo|Throat Chop|[silent]
|-enditem|p2b: Gholdengo|Sitrus Berry|[eat]
|-heal|p2b: Gholdengo|27/100|[from] item: Sitrus Berry
|move|p2b: Gholdengo|Make It Rain|p1b: Tyranitar|[spread] p1a,p1b
|-supereffective|p1b: Tyranitar
|-damage|p1a: Magellan|35/100
|-damage|p1b: Tyranitar|16/100
|-unboost|p2b: Gholdengo|spa|1
|move|p1b: Tyranitar|Rock Slide|p2a: Torkoal|[spread] p2a,p2b
|-supereffective|p2a: Torkoal
|-resisted|p2b: Gholdengo
|-damage|p2a: Torkoal|59/100
|-damage|p2b: Gholdengo|14/100
|
|-weather|SunnyDay|[upkeep]
|-heal|p2a: Torkoal|65/100|[from] item: Leftovers
|upkeep
|turn|4
|
|t:|1757815387
|switch|p2a: Incineroar|Incineroar, L50, M|57/100
|-ability|p2a: Incineroar|Intimidate|boost
|-unboost|p1a: Magellan|atk|1
|-unboost|p1b: Tyranitar|atk|1
|move|p2b: Gholdengo|Protect|p2b: Gholdengo
|-singleturn|p2b: Gholdengo|Protect
|move|p1a: Magellan|Throat Chop|p2b: Gholdengo
|-activate|p2b: Gholdengo|move: Protect
|move|p1b: Tyranitar|Rock Slide|p2a: Incineroar|[spread] p2a
|-activate|p2b: Gholdengo|move: Protect
|-supereffective|p2a: Incineroar
|-damage|p2a: Incineroar|30/100
|
|-weather|SunnyDay|[upkeep]
|-end|p2b: Gholdengo|Throat Chop|[silent]
|upkeep
|turn|5
|
|t:|1757815408
|-terastallize|p2a: Incineroar|Ghost
|move|p1a: Magellan|Throat Chop|p2b: Gholdengo
|-supereffective|p2b: Gholdengo
|-damage|p2b: Gholdengo|0 fnt
|faint|p2b: Gholdengo
|move|p1b: Tyranitar|Rock Slide|p2a: Incineroar
|-damage|p2a: Incineroar|11/100
|cant|p2a: Incineroar|flinch
|
|-weather|SunnyDay|[upkeep]
|-fieldend|move: Psychic Terrain
|upkeep
|
|t:|1757815423
|switch|p2b: Gallade|Gallade, L50, M|100/100
|turn|6
|
|t:|1757815436
|move|p1a: Magellan|Dire Claw|p2b: Gallade
|-damage|p2b: Gallade|67/100
|-status|p2b: Gallade|par
|move|p1b: Tyranitar|Rock Slide|p2a: Incineroar|[spread] p2a,p2b
|-resisted|p2b: Gallade
|-damage|p2a: Incineroar|0 fnt
|-damage|p2b: Gallade|54/100 par
|faint|p2a: Incineroar
|cant|p2b: Gallade|flinch
|
|-weather|SunnyDay|[upkeep]
|upkeep
|
|t:|1757815451
|switch|p2a: Torkoal|Torkoal, L50, F|65/100
|turn|7
|
|t:|1757815455
|move|p1a: Magellan|Dire Claw|p2b: Gallade
|-damage|p2b: Gallade|21/100 par
|move|p1b: Tyranitar|Knock Off|p2b: Gallade
|-damage|p2b: Gallade|0 fnt
|-enditem|p2b: Gallade|Clear Amulet|[from] move: Knock Off|[of] p1b: Tyranitar
|faint|p2b: Gallade
|move|p2a: Torkoal|Weather Ball|p1a: Magellan
|-damage|p1a: Magellan|0 fnt
|faint|p1a: Magellan
|
|-weather|none
|-heal|p2a: Torkoal|71/100|[from] item: Leftovers
|upkeep
|
|t:|1757815458
|switch|p1a: Shyarly|Indeedee, L50, M|100/100
|-fieldstart|move: Psychic Terrain|[from] ability: Psychic Surge|[of] p1a: Shyarly
|turn|8
|
|t:|1757815462
|move|p1a: Shyarly|Expanding Force|p2a: Torkoal
|-damage|p2a: Torkoal|0 fnt
|faint|p2a: Torkoal
|
|win|void25o
|raw|void25o's rating: 1323 → 1341(+18 for winning)
|raw|Quill86's rating: 1284 → 1262(-22 for losing)
