|j|☆ssh92d92n
|j|☆predatorssg
|html|ssh92d92npredatorssg    
|uhtml|bestof|Game 1 of a best-of-3
|t:|1786026477
|gametype|doubles
|player|p1|ssh92d92n|waiter|1101
|player|p2|predatorssg|2|1167
|gen|9
|tier|[Gen 9 Champions] VGC 2026 Reg M-B (Bo3)
|rated|
|rule|Species Clause: Limit one of each Pokémon
|rule|Item Clause: Limit 1 of each item
|clearpoke
|poke|p1|Garchomp, L50, F|
|poke|p1|Tyranitar, L50, F|
|poke|p1|Ceruledge, L50, F|
|poke|p1|Meowscarada, L50, F|
|poke|p1|Scizor, L50, M|
|poke|p1|Aerodactyl, L50, F|
|poke|p2|Archaludon, L50, F|
|poke|p2|Pelipper, L50, F|
|poke|p2|Grimmsnarl, L50, M|
|poke|p2|Swampert, L50, M|
|poke|p2|Talonflame, L50, M|
|poke|p2|Floette-Eternal, L50, F|
|teampreview|4
|showteam|p1|Garchomp||Garchompite|SandVeil|DracoMeteor,PowerGem,EarthPower,Protect|Modest||F|||50|]Tyranitar||Tyranitarite|SandStream|RockSlide,KnockOff,DragonDance,Protect|Jolly||F|||50|]Ceruledge||ColburBerry|FlashFire|BitterBlade,ShadowSneak,BulkUp,Protect|Adamant||F|||50|]Meowscarada||ChoiceScarf|Protean|FlowerTrick,KnockOff,TripleAxel,LowKick|Adamant||F|||50|]Scizor||LifeOrb|Technician|BulletPunch,BugBite,DualWingbeat,Protect|Adamant||M|||50|]Aerodactyl||FocusSash|Unnerve|DualWingbeat,RockSlide,Tailwind,Protect|Jolly||F|||50|
|showteam|p2|Archaludon||Leftovers|Stamina|ElectroShot,AuraSphere,FlashCannon,Protect|Modest||F|||50|]Pelipper||SitrusBerry|Drizzle|HelpingHand,WeatherBall,Hurricane,WideGuard|Modest||F|||50|]Grimmsnarl||LightClay|Prankster|PartingShot,SpiritBreak,Reflect,LightScreen|Calm||M|||50|]Swampert||Swampertite|Torrent|WaveCrash,Earthquake,IcePunch,Protect|Adamant||M|||50|]Talonflame||SharpBeak|GaleWings|Protect,Tailwind,RainDance,DualWingbeat|Jolly||M|||50|]Floette-Eternal||Floettite|FlowerVeil|DazzlingGleam,Moonblast,LightofRuin,Protect|Modest||F|||50|
|inactive|Battle timer is ON: inactive players will automatically lose when time's up. (requested by predatorssg)
|
|t:|1786026524
|teamsize|p1|4
|teamsize|p2|4
|start
|switch|p1a: Meowscarada|Meowscarada, L50, F|100/100
|switch|p1b: Tyranitar|Tyranitar, L50, F|100/100
|switch|p2a: Talonflame|Talonflame, L50, M|100/100
|switch|p2b: Swampert|Swampert, L50, M|100/100
|-weather|Sandstorm|[from] ability: Sand Stream|[of] p1b: Tyranitar
|turn|1
|
|t:|1786026538
|switch|p2b: Archaludon|Archaludon, L50, F|100/100
|move|p2a: Talonflame|Dual Wingbeat|p2b: Archaludon
|-resisted|p2b: Archaludon|1
|-damage|p2b: Archaludon|94/100
|-ability|p2b: Archaludon|Stamina|boost
|-boost|p2b: Archaludon|def|1
|-resisted|p2b: Archaludon|1
|-damage|p2b: Archaludon|90/100
|-ability|p2b: Archaludon|Stamina|boost
|-boost|p2b: Archaludon|def|1
|-hitcount|p2b: Archaludon|2
|move|p1a: Meowscarada|Flower Trick|p2b: Archaludon
|-start|p1a: Meowscarada|typechange|Grass|[from] ability: Protean
|-resisted|p2b: Archaludon|2
|-crit|p2b: Archaludon
|-damage|p2b: Archaludon|81/100
|-ability|p2b: Archaludon|Stamina|boost
|-boost|p2b: Archaludon|def|1
|move|p1b: Tyranitar|Rock Slide|p2a: Talonflame|[spread] p2b
|-miss|p1b: Tyranitar|p2a: Talonflame
|-resisted|p2b: Archaludon|1
|-damage|p2b: Archaludon|78/100
|-ability|p2b: Archaludon|Stamina|boost
|-boost|p2b: Archaludon|def|1
|
|-weather|Sandstorm|[upkeep]
|-damage|p1a: Meowscarada|94/100|[from] Sandstorm
|-damage|p2a: Talonflame|93/100|[from] Sandstorm
|-heal|p2b: Archaludon|84/100|[from] item: Leftovers
|upkeep
|turn|2
|inactive|ssh92d92n has 30 seconds left.
|inactive|predatorssg has 30 seconds left.
|
|t:|1786026577
|switch|p1a: Aerodactyl|Aerodactyl, L50, F|100/100
|-ability|p1a: Aerodactyl|Unnerve
|move|p2a: Talonflame|Tailwind|p2a: Talonflame
|-sidestart|p2: predatorssg|move: Tailwind
|move|p2b: Archaludon|Electro Shot||[still]
|-prepare|p2b: Archaludon|Electro Shot
|-boost|p2b: Archaludon|spa|1
|move|p1b: Tyranitar|Rock Slide|p2b: Archaludon|[spread] p2a,p2b
|-supereffective|p2a: Talonflame|2
|-resisted|p2b: Archaludon|1
|-damage|p2a: Talonflame|0 fnt
|-damage|p2b: Archaludon|81/100
|-ability|p2b: Archaludon|Stamina|boost
|-boost|p2b: Archaludon|def|1
|faint|p2a: Talonflame
|
|-weather|Sandstorm|[upkeep]
|-heal|p2b: Archaludon|88/100|[from] item: Leftovers
|upkeep
|
|t:|1786026593
|switch|p2a: Pelipper|Pelipper, L50, F|100/100
|-weather|RainDance|[from] ability: Drizzle|[of] p2a: Pelipper
|turn|3
|
|t:|1786026603
|switch|p1b: Garchomp|Garchomp, L50, F|100/100
|move|p2a: Pelipper|Wide Guard|p2a: Pelipper
|-singleturn|p2a: Pelipper|Wide Guard
|move|p2b: Archaludon|Electro Shot|p1a: Aerodactyl|[from] lockedmove
|-supereffective|p1a: Aerodactyl|1
|-enditem|p1a: Aerodactyl|Focus Sash
|-damage|p1a: Aerodactyl|1/100
|move|p1a: Aerodactyl|Tailwind|p1a: Aerodactyl
|-sidestart|p1: ssh92d92n|move: Tailwind
|
|-weather|RainDance|[upkeep]
|-heal|p2b: Archaludon|94/100|[from] item: Leftovers
|upkeep
|turn|4
|
|t:|1786026622
|switch|p1a: Tyranitar|Tyranitar, L50, F|100/100
|-weather|Sandstorm|[from] ability: Sand Stream|[of] p1a: Tyranitar
|detailschange|p1b: Garchomp|Garchomp-Mega, L50, F
|-mega|p1b: Garchomp|Garchomp|Garchompite
|move|p2a: Pelipper|Wide Guard|p2a: Pelipper
|-singleturn|p2a: Pelipper|Wide Guard
|move|p2b: Archaludon|Flash Cannon|p1b: Garchomp
|-damage|p1b: Garchomp|49/100
|move|p1b: Garchomp|Earth Power|p2b: Archaludon
|-supereffective|p2b: Archaludon|1
|-damage|p2b: Archaludon|0 fnt
|faint|p2b: Archaludon
|
|-weather|Sandstorm|[upkeep]
|-damage|p2a: Pelipper|94/100|[from] Sandstorm
|upkeep
|
|t:|1786026633
|switch|p2b: Swampert|Swampert, L50, M|100/100
|turn|5
|
|t:|1786026649
|detailschange|p2b: Swampert|Swampert-Mega, L50, M
|-mega|p2b: Swampert|Swampert|Swampertite
|move|p2a: Pelipper|Helping Hand|p2b: Swampert
|-singleturn|p2b: Swampert|Helping Hand|[of] p2a: Pelipper
|move|p1a: Tyranitar|Knock Off|p2a: Pelipper
|-damage|p2a: Pelipper|43/100
|-enditem|p2a: Pelipper|Sitrus Berry|[from] move: Knock Off|[of] p1a: Tyranitar
|move|p1b: Garchomp|Power Gem|p2a: Pelipper
|-supereffective|p2a: Pelipper|1
|-damage|p2a: Pelipper|0 fnt
|faint|p2a: Pelipper
|move|p2b: Swampert|Earthquake|p1a: Tyranitar|[spread] p1a,p1b
|-supereffective|p1a: Tyranitar|1
|-damage|p1a: Tyranitar|0 fnt
|-damage|p1b: Garchomp|0 fnt
|faint|p1a: Tyranitar
|faint|p1b: Garchomp
|
|-weather|Sandstorm|[upkeep]
|-sideend|p2: predatorssg|move: Tailwind
|upkeep
|
|t:|1786026668
|switch|p1a: Meowscarada|Meowscarada, L50, F|94/100
|switch|p1b: Aerodactyl|Aerodactyl, L50, F|1/100
|-ability|p1b: Aerodactyl|Unnerve
|turn|6
|
|t:|1786026678
|move|p2b: Swampert|Protect|p2b: Swampert
|-singleturn|p2b: Swampert|Protect
|move|p1a: Meowscarada|Flower Trick|p2b: Swampert
|-start|p1a: Meowscarada|typechange|Grass|[from] ability: Protean
|-activate|p2b: Swampert|move: Protect
|move|p1b: Aerodactyl|Dual Wingbeat|p2b: Swampert
|-activate|p2b: Swampert|move: Protect
|
|-weather|Sandstorm|[upkeep]
|-damage|p1a: Meowscarada|88/100|[from] Sandstorm
|-sideend|p1: ssh92d92n|move: Tailwind
|upkeep
|turn|7
|
|t:|1786026694
|move|p1a: Meowscarada|Flower Trick|p2b: Swampert
|-supereffective|p2b: Swampert|2
|-crit|p2b: Swampert
|-damage|p2b: Swampert|0 fnt
|faint|p2b: Swampert
|
|win|ssh92d92n
||predatorssg is ready for game 2.
||ssh92d92n is ready for game 2.
|uhtml|next|Next: Game 2 of 3
