|j|鈽哖auliii23
|j|鈽員obiYume
|html|Pauliii23TobiYume    
|uhtml|bestof|Game 3 of a best-of-3
|t:|1756724305
|gametype|doubles
|player|p1|Pauliii23|102|
|player|p2|TobiYume|roxie|
|gen|9
|tier|[Gen 9] VGC 2025 Reg H (Bo3)
|rule|Species Clause: Limit one of each Pok茅mon
|rule|Item Clause: Limit 1 of each item
|clearpoke
|poke|p1|Archaludon, L50, M|
|poke|p1|Pelipper, L50, M|
|poke|p1|Basculegion, L50, M|
|poke|p1|Dragapult, L50, M|
|poke|p1|Sinistcha, L50|
|poke|p1|Ursaluna-Bloodmoon, L50, M|
|poke|p2|Decidueye-Hisui, L50, M|
|poke|p2|Sylveon, L50, F|
|poke|p2|Talonflame, L50, F|
|poke|p2|Tyranitar, L50, M|
|poke|p2|Garchomp, L50, M|
|poke|p2|Gholdengo, L50|
|teampreview|4
|showteam|p1|Archaludon||AssaultVest|Stamina|ElectroShot,FlashCannon,BodyPress,DracoMeteor|||M|||50|,,,,,Grass]Pelipper||FocusSash|Drizzle|Hurricane,WeatherBall,WideGuard,Tailwind|||M|||50|,,,,,Ghost]Basculegion||MysticWater|SwiftSwim|LastRespects,Protect,WaveCrash,AquaJet|||M|||50|,,,,,Water]Dragapult||ChoiceBand|ClearBody|DragonDarts,Outrage,PhantomForce,Uturn|||M|||50|,,,,,Dragon]Sinistcha||SitrusBerry|Hospitality|TrickRoom,MatchaGotcha,LifeDew,RagePowder||||||50|,,,,,Steel]Ursaluna-Bloodmoon||LifeOrb|MindsEye|HyperVoice,BloodMoon,EarthPower,Protect|||M|||50|,,,,,Grass
|showteam|p2|Decidueye-Hisui||RazorClaw|Scrappy|TripleArrows,LeafBlade,SuckerPunch,Protect|||M|||50|,,,,,Fire]Sylveon||ThroatSpray|Pixilate|HyperVoice,HyperBeam,TeraBlast,Protect|||F|||50|,,,,,Water]Talonflame||CovertCloak|GaleWings|Tailwind,WillOWisp,BraveBird,Taunt|||F|||50|,,,,,Grass]Tyranitar||AssaultVest|SandStream|RockSlide,KnockOff,TeraBlast,LowKick|||M|||50|,,,,,Flying]Garchomp||LifeOrb|RoughSkin|DragonClaw,StompingTantrum,Earthquake,Protect|||M|||50|,,,,,Steel]Gholdengo||Leftovers|GoodasGold|MakeItRain,ShadowBall,NastyPlot,Protect||||||50|,,,,,Dragon
|
|t:|1756724325
|teamsize|p1|4
|teamsize|p2|4
|start
|switch|p1a: PelipperLP|Pelipper, L50, M|100/100
|switch|p1b: Privatsache|Archaludon, L50, M|100/100
|switch|p2a: Elie|Talonflame, L50, F|100/100
|switch|p2b: Kevin|Decidueye-Hisui, L50, M, shiny|100/100
|-weather|RainDance|[from] ability: Drizzle|[of] p1a: PelipperLP
|turn|1
|
|t:|1756724346
|switch|p2a: Randy|Tyranitar, L50, M|100/100
|-weather|Sandstorm|[from] ability: Sand Stream|[of] p2a: Randy
|move|p1a: PelipperLP|Hurricane|p2b: Kevin
|-supereffective|p2b: Kevin
|-damage|p2b: Kevin|0 fnt
|faint|p2b: Kevin
|move|p1b: Privatsache|Electro Shot||[still]
|-prepare|p1b: Privatsache|Electro Shot
|-boost|p1b: Privatsache|spa|1
|
|-weather|Sandstorm|[upkeep]
|-damage|p1a: PelipperLP|95/100|[from] Sandstorm
|upkeep
|c|鈽哖auliii23|pelipper lp meine goat
|c|鈽員obiYume|schei脽 auf mein skibidi leben
|
|t:|1756724367
|switch|p2b: Wazy|Gholdengo, L50|100/100
|turn|2
|c|鈽哖auliii23|so reagieren viele auf pelipper lp
|
|t:|1756724383
|move|p2b: Wazy|Nasty Plot|p2b: Wazy
|-boost|p2b: Wazy|spa|2
|move|p1a: PelipperLP|Tailwind|p1a: PelipperLP
|-sidestart|p1: Pauliii23|move: Tailwind
|move|p1b: Privatsache|Electro Shot|p2a: Randy|[from] lockedmove
|-damage|p2a: Randy|74/100
|move|p2a: Randy|Knock Off|p1a: PelipperLP
|-damage|p1a: PelipperLP|32/100
|-enditem|p1a: PelipperLP|Focus Sash|[from] move: Knock Off|[of] p2a: Randy
|
|-weather|Sandstorm|[upkeep]
|-damage|p1a: PelipperLP|26/100|[from] Sandstorm
|upkeep
|turn|3
|
|t:|1756724413
|switch|p1a: Suppenschluk|Sinistcha, L50|100/100
|switch|p2a: Elie|Talonflame, L50, F|100/100
|move|p1b: Privatsache|Flash Cannon|p2a: Elie
|-resisted|p2a: Elie
|-damage|p2a: Elie|61/100
|move|p2b: Wazy|Shadow Ball|p1a: Suppenschluk
|-supereffective|p1a: Suppenschluk
|-damage|p1a: Suppenschluk|0 fnt
|faint|p1a: Suppenschluk
|
|-weather|Sandstorm|[upkeep]
|-damage|p2a: Elie|55/100|[from] Sandstorm
|upkeep
|
|t:|1756724424
|switch|p1a: Mittelalter|Dragapult, L50, M|100/100
|turn|4
|
|t:|1756724450
|-terastallize|p1a: Mittelalter|Dragon
|move|p1a: Mittelalter|Dragon Darts|p2b: Wazy
|-resisted|p2b: Wazy
|-damage|p2b: Wazy|75/100
|-anim|p1a: Mittelalter|Dragon Darts|p2a: Elie
|-damage|p2a: Elie|0 fnt
|faint|p2a: Elie
|move|p1b: Privatsache|Draco Meteor|p2b: Wazy
|-resisted|p2b: Wazy
|-damage|p2b: Wazy|29/100
|-unboost|p1b: Privatsache|spa|2
|move|p2b: Wazy|Shadow Ball|p1a: Mittelalter
|-damage|p1a: Mittelalter|5/100
|
|-weather|Sandstorm|[upkeep]
|-damage|p1a: Mittelalter|0 fnt|[from] Sandstorm
|faint|p1a: Mittelalter
|-heal|p2b: Wazy|35/100|[from] item: Leftovers
|upkeep
|
|t:|1756724465
|switch|p1a: PelipperLP|Pelipper, L50, M|26/100
|switch|p2a: Randy|Tyranitar, L50, M|74/100
|-weather|RainDance|[from] ability: Drizzle|[of] p1a: PelipperLP
|-weather|Sandstorm|[from] ability: Sand Stream|[of] p2a: Randy
|turn|5
|
|t:|1756724488
|-terastallize|p2a: Randy|Flying
|move|p2b: Wazy|Protect|p2b: Wazy
|-singleturn|p2b: Wazy|Protect
|move|p1a: PelipperLP|Hurricane|p2b: Wazy
|-activate|p2b: Wazy|move: Protect
|move|p1b: Privatsache|Flash Cannon|p2b: Wazy
|-activate|p2b: Wazy|move: Protect
|move|p2a: Randy|Knock Off|p1a: PelipperLP
|-damage|p1a: PelipperLP|0 fnt
|faint|p1a: PelipperLP
|
|-weather|Sandstorm|[upkeep]
|-damage|p2a: Randy|68/100|[from] Sandstorm
|-heal|p2b: Wazy|41/100|[from] item: Leftovers
|-sideend|p1: Pauliii23|move: Tailwind
|upkeep
|turn|6
|
|t:|1756724505
|move|p2b: Wazy|Shadow Ball|p1b: Privatsache
|-damage|p1b: Privatsache|46/100
|-ability|p1b: Privatsache|Stamina|boost
|-boost|p1b: Privatsache|def|1
|move|p1b: Privatsache|Flash Cannon|p2b: Wazy
|-resisted|p2b: Wazy
|-damage|p2b: Wazy|29/100
|move|p2a: Randy|Low Kick|p1b: Privatsache
|-supereffective|p1b: Privatsache
|-damage|p1b: Privatsache|15/100
|-ability|p1b: Privatsache|Stamina|boost
|-boost|p1b: Privatsache|def|1
|
|-weather|Sandstorm|[upkeep]
|-damage|p2a: Randy|62/100|[from] Sandstorm
|-heal|p2b: Wazy|35/100|[from] item: Leftovers
|upkeep
|turn|7
|
|t:|1756724516
|move|p2b: Wazy|Shadow Ball|p1b: Privatsache
|-damage|p1b: Privatsache|0 fnt
|faint|p1b: Privatsache
|
|win|TobiYume
|c|鈽哖auliii23|ja, das war nicht gut gespielt auf meiner seite
|c|鈽員obiYume|flash mich nochmal
|c|鈽哖auliii23|ok
|l|鈽哖auliii23
|player|p1|
|c|鈽員obiYume|hahah
