|j|☆Skl7
|j|☆FrancoilCieco777
|html|Skl7FrancoilCieco777    
|uhtml|bestof|Game 1 of a best-of-3
|t:|1756218654
|gametype|doubles
|player|p1|Skl7|hiker-gen4|
|player|p2|FrancoilCieco777|baker|
|gen|9
|tier|[Gen 9] VGC 2025 Reg H (Bo3)
|rule|Species Clause: Limit one of each Pokémon
|rule|Item Clause: Limit 1 of each item
|clearpoke
|poke|p1|Abomasnow, L50, F|
|poke|p1|Rillaboom, L50, M|
|poke|p1|Torkoal, L50, F|
|poke|p1|Gholdengo, L50|
|poke|p1|Arcanine-Hisui, L50, M|
|poke|p1|Dragapult, L50, F|
|poke|p2|Arcanine, L50, F|
|poke|p2|Haxorus, L50, M|
|poke|p2|Sneasler, L50, F|
|poke|p2|Samurott-Hisui, L50, F|
|poke|p2|Gholdengo, L50|
|poke|p2|Amoonguss, L50, F|
|teampreview|4
|showteam|p1|Abomasnow||Leftovers|SnowWarning|Blizzard,Protect,EarthPower,LeafStorm|||F|||50|,,,,,Ice]Rillaboom||AssaultVest|GrassySurge|WoodHammer,FakeOut,GrassyGlide,Uturn|||M|||50|,,,,,Fire]Torkoal||ChoiceSpecs|Drought|Eruption,HeatWave,WeatherBall,EarthPower|||F|||50|,,,,,Fire]Gholdengo||RockyHelmet|GoodasGold|MakeItRain,ShadowBall,Protect,NastyPlot||||||50|,,,,,Water]Arcanine-Hisui||ChoiceScarf|Intimidate|FlareBlitz,ExtremeSpeed,RockSlide,CloseCombat|||M|||50|,,,,,Ghost]Dragapult||FocusSash|ClearBody|PhantomForce,DragonDarts,SuckerPunch,Protect|||F|||50|,,,,,Dragon
|showteam|p2|Arcanine||MirrorHerb|Intimidate|ExtremeSpeed,FlareBlitz,Protect,WillOWisp|||F|||50|,,,,,Normal]Haxorus||ClearAmulet|MoldBreaker|DragonClaw,FirstImpression,IronHead,Protect|||M|||50|,,,,,Steel]Sneasler||FocusSash|Pressure|FakeOut,CloseCombat,DireClaw,Coaching|||F|||50|,,,,,Ghost]Samurott-Hisui||AssaultVest|Sharpness|AquaCutter,SacredSword,NightSlash,SuckerPunch|||F|||50|,,,,,Ghost]Gholdengo||ChoiceScarf|GoodasGold|MakeItRain,ShadowBall,Trick,Protect||||||50|,,,,,Steel]Amoonguss||CovertCloak|Regenerator|Spore,RagePowder,ClearSmog,Protect|||F|||50|,,,,,Electric
|inactive|Battle timer is ON: inactive players will automatically lose when time's up. (requested by FrancoilCieco777)
|inactive|Skl7 has 60 seconds left.
|inactive|FrancoilCieco777 has 60 seconds left.
|
|t:|1756218713
|teamsize|p1|4
|teamsize|p2|4
|start
|switch|p1a: Dragapult|Dragapult, L50, F|100/100
|switch|p1b: Rillaboom|Rillaboom, L50, M|100/100
|switch|p2a: Samurott|Samurott-Hisui, L50, F|100/100
|switch|p2b: Haxorus|Haxorus, L50, M|100/100
|-ability|p2b: Haxorus|Mold Breaker
|-fieldstart|move: Grassy Terrain|[from] ability: Grassy Surge|[of] p1b: Rillaboom
|turn|1
|inactive|Skl7 has 30 seconds left.
|inactive|FrancoilCieco777 has 30 seconds left.
|
|t:|1756218745
|-terastallize|p1a: Dragapult|Dragon
|-terastallize|p2a: Samurott|Ghost
|move|p2b: Haxorus|Protect|p2b: Haxorus
|-singleturn|p2b: Haxorus|Protect
|move|p1b: Rillaboom|Fake Out|p2b: Haxorus
|-activate|p2b: Haxorus|move: Protect
|move|p2a: Samurott|Sucker Punch|p1a: Dragapult
|-damage|p1a: Dragapult|48/100
|move|p1a: Dragapult|Dragon Darts|p2a: Samurott
|-damage|p2a: Samurott|58/100
|-anim|p1a: Dragapult|Dragon Darts|p2a: Samurott
|-damage|p2a: Samurott|12/100
|
|-heal|p1a: Dragapult|54/100|[from] Grassy Terrain
|-heal|p2a: Samurott|18/100|[from] Grassy Terrain
|upkeep
|turn|2
|
|t:|1756218767
|switch|p2a: Gholdengo|Gholdengo, L50|100/100
|move|p1b: Rillaboom|Grassy Glide|p2a: Gholdengo
|-resisted|p2a: Gholdengo
|-damage|p2a: Gholdengo|81/100
|move|p1a: Dragapult|Dragon Darts|p2b: Haxorus
|-supereffective|p2b: Haxorus
|-damage|p2b: Haxorus|15/100
|-anim|p1a: Dragapult|Dragon Darts|p2a: Gholdengo
|-resisted|p2a: Gholdengo
|-damage|p2a: Gholdengo|60/100
|move|p2b: Haxorus|Dragon Claw|p1a: Dragapult
|-supereffective|p1a: Dragapult
|-damage|p1a: Dragapult|0 fnt
|faint|p1a: Dragapult
|
|-heal|p2a: Gholdengo|66/100|[from] Grassy Terrain
|-heal|p2b: Haxorus|21/100|[from] Grassy Terrain
|upkeep
|
|t:|1756218791
|switch|p1a: Gholdengo|Gholdengo, L50|100/100
|turn|3
|inactive|FrancoilCieco777 has 30 seconds left.
|
|t:|1756218822
|switch|p2b: Sneasler|Sneasler, L50, F|100/100
|-ability|p2b: Sneasler|Pressure
|move|p1b: Rillaboom|Grassy Glide|p2b: Sneasler
|-resisted|p2b: Sneasler
|-damage|p2b: Sneasler|70/100
|move|p2a: Gholdengo|Shadow Ball|p1a: Gholdengo
|-supereffective|p1a: Gholdengo
|-damage|p1a: Gholdengo|1/100
|-unboost|p1a: Gholdengo|spd|1
|move|p1a: Gholdengo|Shadow Ball|p2a: Gholdengo
|-supereffective|p2a: Gholdengo
|-damage|p2a: Gholdengo|0 fnt
|faint|p2a: Gholdengo
|
|-heal|p2b: Sneasler|75/100|[from] Grassy Terrain
|-heal|p1a: Gholdengo|7/100|[from] Grassy Terrain
|upkeep
|
|t:|1756218836
|switch|p2a: Haxorus|Haxorus, L50, M|21/100
|-ability|p2a: Haxorus|Mold Breaker
|turn|4
|inactive|Skl7 has 30 seconds left.
|
|t:|1756218870
|move|p2a: Haxorus|Protect|p2a: Haxorus
|-singleturn|p2a: Haxorus|Protect
|move|p1a: Gholdengo|Protect|p1a: Gholdengo
|-singleturn|p1a: Gholdengo|Protect
|move|p2b: Sneasler|Dire Claw|p1b: Rillaboom
|-supereffective|p1b: Rillaboom
|-damage|p1b: Rillaboom|15/100
|move|p1b: Rillaboom|U-turn|p2a: Haxorus
|-activate|p2a: Haxorus|move: Protect
|
|-heal|p2b: Sneasler|81/100|[from] Grassy Terrain
|-heal|p1a: Gholdengo|13/100|[from] Grassy Terrain
|-heal|p2a: Haxorus|27/100|[from] Grassy Terrain
|-heal|p1b: Rillaboom|20/100|[from] Grassy Terrain
|upkeep
|turn|5
|inactive|Skl7 has 30 seconds left.
|inactive|Skl7 has 20 seconds left.
|inactive|Skl7 has 15 seconds left.
|inactive|Skl7 has 10 seconds left.
|inactive|Skl7 has 5 seconds left.
|
|t:|1756218923
|move|p1b: Rillaboom|Grassy Glide|p2a: Haxorus
|-resisted|p2a: Haxorus
|-damage|p2a: Haxorus|5/100
|move|p2b: Sneasler|Coaching|p2a: Haxorus
|-boost|p2a: Haxorus|atk|1
|-boost|p2a: Haxorus|def|1
|move|p1a: Gholdengo|Make It Rain|p2a: Haxorus|[spread] p2a,p2b
|-damage|p2a: Haxorus|0 fnt
|-damage|p2b: Sneasler|11/100
|-unboost|p1a: Gholdengo|spa|1
|faint|p2a: Haxorus
|
|-heal|p2b: Sneasler|17/100|[from] Grassy Terrain
|-heal|p1a: Gholdengo|20/100|[from] Grassy Terrain
|-heal|p1b: Rillaboom|26/100|[from] Grassy Terrain
|-fieldend|move: Grassy Terrain
|upkeep
|
|t:|1756218936
|switch|p2a: Samurott|Samurott-Hisui, L50, F, tera:Ghost|18/100
|turn|6
|inactive|Skl7 has 30 seconds left.
|inactive|Skl7 has 20 seconds left.
|
|t:|1756218974
|switch|p1b: Torkoal|Torkoal, L50, F|100/100
|-weather|SunnyDay|[from] ability: Drought|[of] p1b: Torkoal
|move|p2a: Samurott|Sucker Punch|p1a: Gholdengo
|-supereffective|p1a: Gholdengo
|-damage|p1a: Gholdengo|0 fnt
|-damage|p2a: Samurott|2/100|[from] item: Rocky Helmet|[of] p1a: Gholdengo
|faint|p1a: Gholdengo
|move|p2b: Sneasler|Dire Claw|p1b: Torkoal
|-damage|p1b: Torkoal|67/100
|-status|p1b: Torkoal|par
|
|-weather|SunnyDay|[upkeep]
|upkeep
|
|t:|1756218985
|switch|p1a: Rillaboom|Rillaboom, L50, M|26/100
|-fieldstart|move: Grassy Terrain|[from] ability: Grassy Surge|[of] p1a: Rillaboom
|turn|7
|
|t:|1756219005
|move|p1a: Rillaboom|Fake Out|p2b: Sneasler
|-damage|p2b: Sneasler|0 fnt
|faint|p2b: Sneasler
|move|p2a: Samurott|Sucker Punch||[still]
|-fail|p2a: Samurott
|cant|p1b: Torkoal|par
|
|-weather|SunnyDay|[upkeep]
|-heal|p1a: Rillaboom|32/100|[from] Grassy Terrain
|-heal|p2a: Samurott|8/100|[from] Grassy Terrain
|-heal|p1b: Torkoal|74/100 par|[from] Grassy Terrain
|upkeep
|turn|8
|
|t:|1756219018
|move|p1a: Rillaboom|Grassy Glide|p2a: Samurott
|-damage|p2a: Samurott|0 fnt
|faint|p2a: Samurott
|
|win|Skl7
