|j|☆spellbreakvgc
|j|☆Champ B
|html|spellbreakvgcChamp B    
|uhtml|bestof|Game 2 of a best-of-3
|t:|1756918789
|gametype|doubles
|player|p1|spellbreakvgc|lance|1207
|player|p2|Champ B|169|1249
|gen|9
|tier|[Gen 9] VGC 2025 Reg H (Bo3)
|rated|
|rule|Species Clause: Limit one of each Pokémon
|rule|Item Clause: Limit 1 of each item
|clearpoke
|poke|p1|Archaludon, L50, F|
|poke|p1|Pelipper, L50, F|
|poke|p1|Basculegion, L50, M|
|poke|p1|Sinistcha, L50|
|poke|p1|Electrode-Hisui, L50|
|poke|p1|Incineroar, L50, M|
|poke|p2|Pelipper, L50, F|
|poke|p2|Archaludon, L50, M|
|poke|p2|Sinistcha-Masterpiece, L50|
|poke|p2|Basculegion, L50, M|
|poke|p2|Maushold-Four, L50|
|poke|p2|Annihilape, L50, M|
|teampreview|4
|showteam|p1|Archaludon||AssaultVest|Stamina|DragonPulse,Snarl,ElectroShot,BodyPress|||F|||50|,,,,,Bug]Pelipper||FocusSash|Drizzle|WeatherBall,Hurricane,Tailwind,Protect|||F|||50|,,,,,Stellar]Basculegion||LifeOrb|SwiftSwim|WaveCrash,LastRespects,AquaJet,Protect|||M|||50|,,,,,Grass]Sinistcha||SitrusBerry|Hospitality|MatchaGotcha,StrengthSap,RagePowder,TrickRoom||||||50|,,,,,Fire]Electrode-Hisui||LoadedDice|Soundproof|BulletSeed,Electroweb,Taunt,ThunderWave||||||50|,,,,,Ghost]Incineroar||SafetyGoggles|Intimidate|FakeOut,PartingShot,KnockOff,Roar|||M|||50|,,,,,Ghost
|showteam|p2|Pelipper||FocusSash|Drizzle|Protect,Tailwind,WeatherBall,Hurricane|||F|||50|,,,,,Stellar]Archaludon||AssaultVest|Stamina|ElectroShot,Snarl,BodyPress,DragonPulse|||M|||50|,,,,,Grass]Sinistcha-Masterpiece||SitrusBerry|Hospitality|TrickRoom,RagePowder,LifeDew,MatchaGotcha||||||50|,,,,,Fire]Basculegion||ChoiceBand|SwiftSwim|AquaJet,WaveCrash,FlipTurn,LastRespects|||M|||50|,,,,,Water]Maushold-Four||SafetyGoggles|FriendGuard|Protect,FollowMe,Taunt,BeatUp||||||50|,,,,,Ghost]Annihilape||Leftovers|Defiant|Protect,BulkUp,DrainPunch,RageFist|||M|||50|,,,,,Fire
|inactive|Battle timer is ON: inactive players will automatically lose when time's up. (requested by Champ B)
|inactive|spellbreakvgc has 60 seconds left.
|
|t:|1756918824
|teamsize|p1|4
|teamsize|p2|4
|start
|switch|p1a: Archaludon|Archaludon, L50, F|100/100
|switch|p1b: Electrode|Electrode-Hisui, L50|100/100
|switch|p2a: Pelipper|Pelipper, L50, F|100/100
|switch|p2b: Archaludon|Archaludon, L50, M, shiny|100/100
|-weather|RainDance|[from] ability: Drizzle|[of] p2a: Pelipper
|turn|1
|inactive|spellbreakvgc has 30 seconds left.
|
|t:|1756918853
|switch|p2a: Maushold|Maushold-Four, L50|100/100
|move|p1b: Electrode|Electroweb|p2b: Archaludon|[spread] p2a,p2b
|-resisted|p2b: Archaludon
|-damage|p2a: Maushold|86/100
|-damage|p2b: Archaludon|98/100
|-unboost|p2a: Maushold|spe|1
|-unboost|p2b: Archaludon|spe|1
|-ability|p2b: Archaludon|Stamina|boost
|-boost|p2b: Archaludon|def|1
|move|p1a: Archaludon|Body Press|p2a: Maushold
|-supereffective|p2a: Maushold
|-damage|p2a: Maushold|26/100
|move|p2b: Archaludon|Snarl|p1b: Electrode|[spread] p1a
|-immune|p1b: Electrode|[from] ability: Soundproof
|-damage|p1a: Archaludon|91/100
|-unboost|p1a: Archaludon|spa|1
|-ability|p1a: Archaludon|Stamina|boost
|-boost|p1a: Archaludon|def|1
|
|-weather|RainDance|[upkeep]
|upkeep
|turn|2
|inactive|Champ B has 30 seconds left.
|
|t:|1756918885
|move|p2a: Maushold|Protect|p2a: Maushold
|-singleturn|p2a: Maushold|Protect
|move|p1b: Electrode|Electroweb|p2a: Maushold|[spread] p2b
|-activate|p2a: Maushold|move: Protect
|-resisted|p2b: Archaludon
|-damage|p2b: Archaludon|95/100
|-unboost|p2b: Archaludon|spe|1
|-ability|p2b: Archaludon|Stamina|boost
|-boost|p2b: Archaludon|def|1
|move|p1a: Archaludon|Snarl|p2a: Maushold|[spread] p2b
|-activate|p2a: Maushold|move: Protect
|-damage|p2b: Archaludon|90/100
|-unboost|p2b: Archaludon|spa|1
|-ability|p2b: Archaludon|Stamina|boost
|-boost|p2b: Archaludon|def|1
|move|p2b: Archaludon|Electro Shot||[still]
|-prepare|p2b: Archaludon|Electro Shot
|-boost|p2b: Archaludon|spa|1
|-anim|p2b: Archaludon|Electro Shot|p1b: Electrode
|-resisted|p1b: Electrode
|-damage|p1b: Electrode|88/100
|
|-weather|RainDance|[upkeep]
|upkeep
|turn|3
|inactive|Champ B has 30 seconds left.
|
|t:|1756918912
|-terastallize|p1a: Archaludon|Bug
|move|p2a: Maushold|Protect||[still]
|-fail|p2a: Maushold
|move|p1b: Electrode|Electroweb|p2a: Maushold|[spread] p2a,p2b
|-resisted|p2b: Archaludon
|-damage|p2a: Maushold|11/100
|-damage|p2b: Archaludon|87/100
|-unboost|p2a: Maushold|spe|1
|-unboost|p2b: Archaludon|spe|1
|-ability|p2b: Archaludon|Stamina|boost
|-boost|p2b: Archaludon|def|1
|move|p1a: Archaludon|Snarl|p2a: Maushold|[spread] p2a,p2b
|-damage|p2a: Maushold|1/100
|-damage|p2b: Archaludon|82/100
|-unboost|p2a: Maushold|spa|1
|-unboost|p2b: Archaludon|spa|1
|-ability|p2b: Archaludon|Stamina|boost
|-boost|p2b: Archaludon|def|1
|move|p2b: Archaludon|Body Press|p1b: Electrode
|-damage|p1b: Electrode|0 fnt
|faint|p1b: Electrode
|
|-weather|RainDance|[upkeep]
|upkeep
|
|t:|1756918934
|switch|p1b: Sinistcha|Sinistcha, L50|100/100
|-heal|p1a: Archaludon|100/100|[from] ability: Hospitality|[of] p1b: Sinistcha
|turn|4
|c|☆Champ B|gg
|
|t:|1756918948
|switch|p2a: Sinistcha|Sinistcha-Masterpiece, L50|100/100
|-heal|p2b: Archaludon|100/100|[from] ability: Hospitality|[of] p2a: Sinistcha
|move|p1a: Archaludon|Snarl|p2b: Archaludon|[spread] p2a,p2b
|-supereffective|p2a: Sinistcha
|-damage|p2a: Sinistcha|79/100
|-damage|p2b: Archaludon|94/100
|-unboost|p2a: Sinistcha|spa|1
|-unboost|p2b: Archaludon|spa|1
|-ability|p2b: Archaludon|Stamina|boost
|-boost|p2b: Archaludon|def|1
|move|p1b: Sinistcha|Matcha Gotcha|p2b: Archaludon|[spread] p2b
|-miss|p1b: Sinistcha|p2a: Sinistcha
|-resisted|p2b: Archaludon
|-damage|p2b: Archaludon|90/100
|-status|p2b: Archaludon|brn
|move|p2b: Archaludon|Electro Shot||[still]
|-prepare|p2b: Archaludon|Electro Shot
|-boost|p2b: Archaludon|spa|1
|-anim|p2b: Archaludon|Electro Shot|p1a: Archaludon
|-damage|p1a: Archaludon|81/100
|-ability|p1a: Archaludon|Stamina|boost
|-boost|p1a: Archaludon|def|1
|
|-weather|RainDance|[upkeep]
|-damage|p2b: Archaludon|83/100 brn|[from] brn
|upkeep
|turn|5
|inactive|spellbreakvgc has 30 seconds left.
|
|t:|1756918980
|move|p1a: Archaludon|Snarl|p2b: Archaludon|[spread] p2a,p2b
|-supereffective|p2a: Sinistcha
|-damage|p2a: Sinistcha|60/100
|-damage|p2b: Archaludon|77/100 brn
|-unboost|p2a: Sinistcha|spa|1
|-unboost|p2b: Archaludon|spa|1
|move|p2a: Sinistcha|Life Dew|p2a: Sinistcha|[spread] p2a,p2b
|-heal|p2a: Sinistcha|85/100
|-heal|p2b: Archaludon|100/100 brn
|move|p1b: Sinistcha|Matcha Gotcha|p2b: Archaludon|[spread] p2a,p2b
|-resisted|p2a: Sinistcha
|-resisted|p2b: Archaludon
|-damage|p2a: Sinistcha|71/100
|-damage|p2b: Archaludon|97/100 brn
|-status|p2a: Sinistcha|brn
|move|p2b: Archaludon|Snarl|p1a: Archaludon|[spread] p1b
|-miss|p2b: Archaludon|p1a: Archaludon
|-supereffective|p1b: Sinistcha
|-damage|p1b: Sinistcha|88/100
|-unboost|p1b: Sinistcha|spa|1
|
|-weather|none
|-damage|p2a: Sinistcha|64/100 brn|[from] brn
|-damage|p2b: Archaludon|90/100 brn|[from] brn
|upkeep
|turn|6
|inactive|spellbreakvgc has 30 seconds left.
|
|t:|1756919009
|-terastallize|p2a: Sinistcha|Fire
|move|p1a: Archaludon|Snarl|p2b: Archaludon|[spread] p2a,p2b
|-crit|p2b: Archaludon
|-damage|p2a: Sinistcha|54/100 brn
|-damage|p2b: Archaludon|77/100 brn
|-unboost|p2a: Sinistcha|spa|1
|-unboost|p2b: Archaludon|spa|1
|move|p2a: Sinistcha|Life Dew|p2a: Sinistcha|[spread] p2a,p2b
|-heal|p2a: Sinistcha|78/100 brn
|-heal|p2b: Archaludon|100/100 brn
|move|p1b: Sinistcha|Matcha Gotcha|p2b: Archaludon|[spread] p2a,p2b
|-resisted|p2a: Sinistcha
|-resisted|p2b: Archaludon
|-damage|p2a: Sinistcha|69/100 brn
|-heal|p1b: Sinistcha|93/100|[from] drain|[of] p2a: Sinistcha
|-damage|p2b: Archaludon|98/100 brn
|-heal|p1b: Sinistcha|95/100|[from] drain|[of] p2b: Archaludon
|move|p2b: Archaludon|Snarl|p1b: Sinistcha|[spread] p1a,p1b
|-supereffective|p1b: Sinistcha
|-damage|p1a: Archaludon|77/100
|-damage|p1b: Sinistcha|84/100
|-unboost|p1a: Archaludon|spa|1
|-unboost|p1b: Sinistcha|spa|1
|-ability|p1a: Archaludon|Stamina|boost
|-boost|p1a: Archaludon|def|1
|
|-damage|p2a: Sinistcha|63/100 brn|[from] brn
|-damage|p2b: Archaludon|91/100 brn|[from] brn
|upkeep
|turn|7
|inactive|spellbreakvgc has 30 seconds left.
|
|t:|1756919043
|move|p1a: Archaludon|Snarl|p2b: Archaludon|[spread] p2a,p2b
|-damage|p2a: Sinistcha|55/100 brn
|-damage|p2b: Archaludon|86/100 brn
|-unboost|p2a: Sinistcha|spa|1
|-unboost|p2b: Archaludon|spa|1
|move|p2a: Sinistcha|Matcha Gotcha|p1a: Archaludon|[spread] p1a,p1b
|-resisted|p1a: Archaludon
|-resisted|p1b: Sinistcha
|-damage|p1a: Archaludon|74/100
|-heal|p2a: Sinistcha|56/100 brn|[from] drain|[of] p1a: Archaludon
|-damage|p1b: Sinistcha|79/100
|-heal|p2a: Sinistcha|59/100 brn|[from] drain|[of] p1b: Sinistcha
|-ability|p1a: Archaludon|Stamina|boost
|-boost|p1a: Archaludon|def|1
|move|p1b: Sinistcha|Matcha Gotcha|p2a: Sinistcha|[spread] p2a,p2b
|-resisted|p2a: Sinistcha
|-resisted|p2b: Archaludon
|-damage|p2a: Sinistcha|52/100 brn
|-heal|p1b: Sinistcha|83/100|[from] drain|[of] p2a: Sinistcha
|-damage|p2b: Archaludon|85/100 brn
|-heal|p1b: Sinistcha|84/100|[from] drain|[of] p2b: Archaludon
|move|p2b: Archaludon|Dragon Pulse|p1b: Sinistcha
|-damage|p1b: Sinistcha|68/100
|
|-damage|p2a: Sinistcha|46/100 brn|[from] brn
|-damage|p2b: Archaludon|78/100 brn|[from] brn
|upkeep
|-enditem|p2a: Sinistcha|Sitrus Berry|[eat]
|-heal|p2a: Sinistcha|71/100 brn|[from] item: Sitrus Berry
|turn|8
|inactive|spellbreakvgc has 30 seconds left.
|inactive|Champ B has 30 seconds left.
|
|t:|1756919077
|switch|p2a: Maushold|Maushold-Four, L50|1/100
|move|p1a: Archaludon|Body Press|p2a: Maushold
|-supereffective|p2a: Maushold
|-damage|p2a: Maushold|0 fnt
|faint|p2a: Maushold
|move|p1b: Sinistcha|Matcha Gotcha|p2b: Archaludon
|-resisted|p2b: Archaludon
|-damage|p2b: Archaludon|75/100 brn
|-heal|p1b: Sinistcha|70/100|[from] drain|[of] p2b: Archaludon
|move|p2b: Archaludon|Snarl|p1a: Archaludon|[spread] p1a,p1b
|-supereffective|p1b: Sinistcha
|-damage|p1a: Archaludon|71/100
|-damage|p1b: Sinistcha|60/100
|-unboost|p1a: Archaludon|spa|1
|-unboost|p1b: Sinistcha|spa|1
|-ability|p1a: Archaludon|Stamina|boost
|-boost|p1a: Archaludon|def|1
|
|-damage|p2b: Archaludon|69/100 brn|[from] brn
|upkeep
|
|t:|1756919083
|switch|p2a: Pelipper|Pelipper, L50, F|100/100
|-weather|RainDance|[from] ability: Drizzle|[of] p2a: Pelipper
|turn|9
|inactive|spellbreakvgc has 30 seconds left.
|
|t:|1756919115
|switch|p1b: Basculegion|Basculegion, L50, M|100/100
|move|p2a: Pelipper|Hurricane|p1a: Archaludon
|-supereffective|p1a: Archaludon
|-damage|p1a: Archaludon|3/100
|-start|p1a: Archaludon|confusion
|-ability|p1a: Archaludon|Stamina|boost
|-boost|p1a: Archaludon|def|1
|-activate|p1a: Archaludon|confusion
|-damage|p1a: Archaludon|1/100|[from] confusion
|move|p2b: Archaludon|Body Press|p1a: Archaludon
|-resisted|p1a: Archaludon
|-damage|p1a: Archaludon|0 fnt
|faint|p1a: Archaludon
|
|-weather|RainDance|[upkeep]
|-damage|p2b: Archaludon|63/100 brn|[from] brn
|upkeep
|
|t:|1756919131
|switch|p1a: Sinistcha|Sinistcha, L50|60/100
|turn|10
|
|t:|1756919155
|move|p2a: Pelipper|Protect|p2a: Pelipper
|-singleturn|p2a: Pelipper|Protect
|move|p1b: Basculegion|Last Respects|p2a: Pelipper
|-activate|p2a: Pelipper|move: Protect
|move|p1a: Sinistcha|Matcha Gotcha|p2a: Pelipper|[spread] p2b
|-activate|p2a: Pelipper|move: Protect
|-resisted|p2b: Archaludon
|-damage|p2b: Archaludon|59/100 brn
|-heal|p1a: Sinistcha|62/100|[from] drain|[of] p2b: Archaludon
|move|p2b: Archaludon|Electro Shot||[still]
|-prepare|p2b: Archaludon|Electro Shot
|-boost|p2b: Archaludon|spa|1
|-anim|p2b: Archaludon|Electro Shot|p1b: Basculegion
|-supereffective|p1b: Basculegion
|-damage|p1b: Basculegion|57/100
|
|-weather|RainDance|[upkeep]
|-damage|p2b: Archaludon|53/100 brn|[from] brn
|upkeep
|turn|11
|c|☆Champ B|g
|c|☆Champ B|g
|
|t:|1756919170
|switch|p2a: Sinistcha|Sinistcha-Masterpiece, L50, tera:Fire|71/100 brn
|-heal|p2b: Archaludon|78/100 brn|[from] ability: Hospitality|[of] p2a: Sinistcha
|move|p1b: Basculegion|Last Respects|p2a: Sinistcha
|-damage|p2a: Sinistcha|0 fnt
|faint|p2a: Sinistcha
|-damage|p1b: Basculegion|48/100|[from] item: Life Orb
|move|p1a: Sinistcha|Matcha Gotcha|p2b: Archaludon
|-resisted|p2b: Archaludon
|-damage|p2b: Archaludon|72/100 brn
|-heal|p1a: Sinistcha|65/100|[from] drain|[of] p2b: Archaludon
|move|p2b: Archaludon|Electro Shot||[still]
|-prepare|p2b: Archaludon|Electro Shot
|-boost|p2b: Archaludon|spa|1
|-anim|p2b: Archaludon|Electro Shot|p1b: Basculegion
|-supereffective|p1b: Basculegion
|-damage|p1b: Basculegion|2/100
|
|-weather|RainDance|[upkeep]
|-damage|p2b: Archaludon|66/100 brn|[from] brn
|upkeep
|
|t:|1756919183
|switch|p2a: Pelipper|Pelipper, L50, F|100/100
|turn|12
|
|t:|1756919196
|move|p2a: Pelipper|Protect|p2a: Pelipper
|-singleturn|p2a: Pelipper|Protect
|move|p1b: Basculegion|Last Respects|p2b: Archaludon
|-damage|p2b: Archaludon|46/100 brn
|-damage|p1b: Basculegion|0 fnt|[from] item: Life Orb
|faint|p1b: Basculegion
|move|p1a: Sinistcha|Matcha Gotcha|p2a: Pelipper|[spread] p2b
|-activate|p2a: Pelipper|move: Protect
|-resisted|p2b: Archaludon
|-damage|p2b: Archaludon|42/100 brn
|-heal|p1a: Sinistcha|67/100|[from] drain|[of] p2b: Archaludon
|move|p2b: Archaludon|Snarl|p1a: Sinistcha
|-supereffective|p1a: Sinistcha
|-damage|p1a: Sinistcha|48/100
|-unboost|p1a: Sinistcha|spa|1
|-enditem|p1a: Sinistcha|Sitrus Berry|[eat]
|-heal|p1a: Sinistcha|73/100|[from] item: Sitrus Berry
|
|-weather|RainDance|[upkeep]
|-damage|p2b: Archaludon|36/100 brn|[from] brn
|upkeep
|turn|13
|inactive|spellbreakvgc has 30 seconds left.
|
|t:|1756919222
|move|p2a: Pelipper|Hurricane|p1a: Sinistcha
|-supereffective|p1a: Sinistcha
|-damage|p1a: Sinistcha|0 fnt
|faint|p1a: Sinistcha
|
|win|Champ B
