|j|☆AtsuyaFubukii
|j|☆sophiadeclare
|html|AtsuyaFubukiisophiadeclare    
|uhtml|bestof|Game 2 of a best-of-3
|t:|1784209798
|gametype|doubles
|player|p1|AtsuyaFubukii|acetrainer-gen4dp|1167
|player|p2|sophiadeclare|hilbert-wonderlauncher|1077
|gen|9
|tier|[Gen 9 Champions] VGC 2026 Reg M-B (Bo3)
|rated|
|rule|Species Clause: Limit one of each Pokémon
|rule|Item Clause: Limit 1 of each item
|clearpoke
|poke|p1|Blaziken, L50, M|
|poke|p1|Venusaur, L50, F|
|poke|p1|Ninetales-Alola, L50, F|
|poke|p1|Lycanroc-Dusk, L50, F|
|poke|p1|Kingambit, L50, M|
|poke|p1|Basculegion, L50, M|
|poke|p2|Kingambit, L50, F, shiny|
|poke|p2|Garchomp, L50, M, shiny|
|poke|p2|Farigiraf, L50, F, shiny|
|poke|p2|Sylveon, L50, M, shiny|
|poke|p2|Aerodactyl, L50, F, shiny|
|poke|p2|Charizard, L50, M, shiny|
|teampreview|4
|showteam|p1|Blaziken||Blazikenite|SpeedBoost|Detect,StoneEdge,CloseCombat,FlareBlitz|Adamant||M|||50|]Venusaur||Venusaurite|Chlorophyll|GigaDrain,SludgeBomb,EarthPower,Protect|Modest||F|||50|]Ninetales-Alola||NeverMeltIce|SnowWarning|Blizzard,FreezeDry,Encore,Protect|Timid||F|||50|]Lycanroc-Dusk||FocusSash|ToughClaws|CloseCombat,Accelerock,RockSlide,Protect|Jolly||F|||50|]Kingambit||LifeOrb|Defiant|KowtowCleave,SuckerPunch,IronHead,Protect|Adamant||M|||50|]Basculegion||ChoiceScarf|Adaptability|WaveCrash,LastRespects,AquaJet,FlipTurn|Jolly||M|||50|
|showteam|p2|Kingambit||FocusSash|Defiant|SuckerPunch,KowtowCleave,LowKick,IronHead|Adamant||F|||50|]Garchomp||LifeOrb|RoughSkin|Earthquake,DragonClaw,StompingTantrum,Protect|Jolly||M|||50|]Farigiraf||SitrusBerry|ArmorTail|Psychic,Thunderbolt,TrickRoom,Protect|Bold||F|||50|]Sylveon||FairyFeather|Pixilate|HyperVoice,HyperBeam,QuickAttack,Detect|Modest||M|||50|]Aerodactyl||Aerodactylite|Unnerve|Tailwind,RockSlide,DualWingbeat,IceFang|Jolly||F|||50|]Charizard||CharizarditeY|SolarPower|Protect,HeatWave,WeatherBall,SolarBeam|Modest||M|||50|
|
|t:|1784209864
|teamsize|p1|4
|teamsize|p2|4
|start
|switch|p1a: Blaziken|Blaziken, L50, M|100/100
|switch|p1b: Ninetales|Ninetales-Alola, L50, F|100/100
|switch|p2a: đấm đau|Garchomp, L50, M, shiny|100/100
|switch|p2b: bố meta|Aerodactyl, L50, F, shiny|100/100
|-ability|p2b: bố meta|Unnerve
|-weather|Snowscape|[from] ability: Snow Warning|[of] p1b: Ninetales
|turn|1
|
|t:|1784209942
|move|p2a: đấm đau|Protect|p2a: đấm đau
|-singleturn|p2a: đấm đau|Protect
|move|p2b: bố meta|Tailwind|p2b: bố meta
|-sidestart|p2: sophiadeclare|move: Tailwind
|move|p1b: Ninetales|Blizzard|p2b: bố meta|[spread] p2b
|-activate|p2a: đấm đau|move: Protect
|-supereffective|p2b: bố meta|1
|-damage|p2b: bố meta|3/100
|move|p1a: Blaziken|Close Combat|p2b: bố meta
|-damage|p2b: bố meta|0 fnt
|-unboost|p1a: Blaziken|def|1
|-unboost|p1a: Blaziken|spd|1
|faint|p2b: bố meta
|
|-weather|Snowscape|[upkeep]
|-ability|p1a: Blaziken|Speed Boost|boost
|-boost|p1a: Blaziken|spe|1
|upkeep
|
|t:|1784209963
|switch|p2b: bố mày|Charizard, L50, M, shiny|100/100
|turn|2
|
|t:|1784209999
|switch|p1b: Venusaur|Venusaur, L50, F|100/100
|move|p1a: Blaziken|Detect|p1a: Blaziken
|-singleturn|p1a: Blaziken|Protect
|move|p2a: đấm đau|Earthquake|p1a: Blaziken|[spread] p1b
|-activate|p1a: Blaziken|move: Protect
|-immune|p2b: bố mày
|-damage|p1b: Venusaur|36/100
|-damage|p2a: đấm đau|90/100|[from] item: Life Orb
|move|p2b: bố mày|Heat Wave|p1a: Blaziken|[spread] p1b
|-activate|p1a: Blaziken|move: Protect
|-supereffective|p1b: Venusaur|1
|-damage|p1b: Venusaur|0 fnt
|faint|p1b: Venusaur
|
|-weather|Snowscape|[upkeep]
|-ability|p1a: Blaziken|Speed Boost|boost
|-boost|p1a: Blaziken|spe|1
|upkeep
|
|t:|1784210011
|switch|p1b: Lycanroc|Lycanroc-Dusk, L50, F|100/100
|turn|3
|
|t:|1784210085
|detailschange|p1a: Blaziken|Blaziken-Mega, L50, M
|-mega|p1a: Blaziken|Blaziken|Blazikenite
|move|p2b: bố mày|Protect|p2b: bố mày
|-singleturn|p2b: bố mày|Protect
|move|p1b: Lycanroc|Accelerock|p2b: bố mày
|-activate|p2b: bố mày|move: Protect
|move|p2a: đấm đau|Earthquake|p1b: Lycanroc|[spread] p1a,p1b
|-activate|p2b: bố mày|move: Protect
|-supereffective|p1a: Blaziken|1
|-supereffective|p1b: Lycanroc|1
|-damage|p1a: Blaziken|0 fnt
|-enditem|p1b: Lycanroc|Focus Sash
|-damage|p1b: Lycanroc|1/100
|faint|p1a: Blaziken
|-damage|p2a: đấm đau|80/100|[from] item: Life Orb
|
|-weather|Snowscape|[upkeep]
|upkeep
|
|t:|1784210090
|switch|p1a: Ninetales|Ninetales-Alola, L50, F|100/100
|turn|4
|
|t:|1784210122
|detailschange|p2b: bố mày|Charizard-Mega-Y, L50, M, shiny
|-mega|p2b: bố mày|Charizard|Charizardite Y
|-weather|SunnyDay|[from] ability: Drought|[of] p2b: bố mày
|move|p1b: Lycanroc|Protect|p1b: Lycanroc
|-singleturn|p1b: Lycanroc|Protect
|move|p1a: Ninetales|Protect|p1a: Ninetales
|-singleturn|p1a: Ninetales|Protect
|move|p2a: đấm đau|Earthquake|p1b: Lycanroc|[spread] 
|-activate|p1a: Ninetales|move: Protect
|-activate|p1b: Lycanroc|move: Protect
|-immune|p2b: bố mày
|move|p2b: bố mày|Weather Ball|p1a: Ninetales
|-activate|p1a: Ninetales|move: Protect
|
|-weather|SunnyDay|[upkeep]
|-sideend|p2: sophiadeclare|move: Tailwind
|upkeep
|turn|5
|inactive|Battle timer is ON: inactive players will automatically lose when time's up. (requested by AtsuyaFubukii)
|
|t:|1784210194
|switch|p2a: cha già|Kingambit, L50, F, shiny|100/100
|move|p2b: bố mày|Protect|p2b: bố mày
|-singleturn|p2b: bố mày|Protect
|move|p1b: Lycanroc|Close Combat|p2b: bố mày
|-activate|p2b: bố mày|move: Protect
|move|p1a: Ninetales|Blizzard|p2b: bố mày|[spread] p2a
|-activate|p2b: bố mày|move: Protect
|-resisted|p2a: cha già|1
|-damage|p2a: cha già|79/100
|
|-weather|SunnyDay|[upkeep]
|upkeep
|turn|6
|inactive|sophiadeclare has 30 seconds left.
|inactive|sophiadeclare has 20 seconds left.
|inactive|sophiadeclare has 15 seconds left.
|inactive|sophiadeclare has 10 seconds left.
|inactive|sophiadeclare has 5 seconds left.
|
|t:|1784210249
|move|p2b: bố mày|Protect||[still]
|-fail|p2b: bố mày
|move|p1b: Lycanroc|Accelerock|p2b: bố mày
|-supereffective|p2b: bố mày|2
|-damage|p2b: bố mày|8/100
|move|p2a: cha già|Sucker Punch|p1a: Ninetales
|-resisted|p1a: Ninetales|1
|-damage|p1a: Ninetales|69/100
|move|p1a: Ninetales|Freeze-Dry|p2b: bố mày
|-crit|p2b: bố mày
|-damage|p2b: bố mày|0 fnt
|faint|p2b: bố mày
|
|-weather|SunnyDay|[upkeep]
|upkeep
|
|t:|1784210262
|switch|p2b: đấm đau|Garchomp, L50, M, shiny|80/100
|turn|7
|inactive|AtsuyaFubukii has 30 seconds left.
|inactive|AtsuyaFubukii has 20 seconds left.
|
|t:|1784210298
|move|p1a: Ninetales|Protect|p1a: Ninetales
|-singleturn|p1a: Ninetales|Protect
|move|p2b: đấm đau|Protect|p2b: đấm đau
|-singleturn|p2b: đấm đau|Protect
|move|p2a: cha già|Sucker Punch|p1b: Lycanroc
|-damage|p1b: Lycanroc|0 fnt
|faint|p1b: Lycanroc
|
|-weather|SunnyDay|[upkeep]
|upkeep
|turn|8
|
|t:|1784210316
|move|p1a: Ninetales|Blizzard|p2b: đấm đau|[spread] p2a,p2b
|-resisted|p2a: cha già|1
|-supereffective|p2b: đấm đau|2
|-damage|p2a: cha già|55/100
|-damage|p2b: đấm đau|0 fnt
|faint|p2b: đấm đau
|move|p2a: cha già|Iron Head|p1a: Ninetales
|-supereffective|p1a: Ninetales|2
|-damage|p1a: Ninetales|0 fnt
|faint|p1a: Ninetales
|
|win|sophiadeclare
||AtsuyaFubukii is ready for game 3.
|inactive|sophiadeclare has 30 seconds to confirm battle start!
||sophiadeclare is ready for game 3.
|uhtml|next|Next: Game 3 of 3
|l|☆AtsuyaFubukii
|player|p1|
