|j|☆sillyfrog2003
|j|☆Centiskorch18
|html|sillyfrog2003Centiskorch18    
|uhtml|bestof|Game 2 of a best-of-3
|t:|1757655532
|gametype|doubles
|player|p1|sillyfrog2003|guitarist|1088
|player|p2|Centiskorch18|caitlin|1208
|gen|9
|tier|[Gen 9] VGC 2025 Reg H (Bo3)
|rated|
|rule|Species Clause: Limit one of each Pokémon
|rule|Item Clause: Limit 1 of each item
|clearpoke
|poke|p1|Typhlosion-Hisui, L50, M|
|poke|p1|Whimsicott, L50, M|
|poke|p1|Sneasler, L50, M|
|poke|p1|Ursaluna, L50, M|
|poke|p1|Torkoal, L50, F|
|poke|p1|Bronzong, L50|
|poke|p2|Dragapult, L50, F|
|poke|p2|Sneasler, L50, F|
|poke|p2|Magmar, L50, M|
|poke|p2|Azumarill, L50, F|
|poke|p2|Rillaboom, L50, M|
|poke|p2|Ninetales-Alola, L50, M|
|teampreview|4
|showteam|p1|Typhlosion-Hisui||ChoiceSpecs|Frisk|Eruption,ShadowBall,Flamethrower,SleepTalk|||M|||50|,,,,,Fire]Whimsicott||CovertCloak|Prankster|Moonblast,Tailwind,Taunt,SunnyDay|||M|||50|,,,,,Dark]Sneasler||WhiteHerb|Unburden|DireClaw,CloseCombat,Acrobatics,Protect|||M|||50|,,,,,Flying]Ursaluna||FlameOrb|Guts|Protect,Facade,Earthquake,HeadlongRush|||M|||50|,,,,,Water]Torkoal||Charcoal|Drought|Eruption,Flamethrower,ClearSmog,Protect|||F|||50|,,,,,Fire]Bronzong||MentalHerb|Levitate|GyroBall,SkillSwap,PsychicTerrain,TrickRoom||||||50|,,,,,Fairy
|showteam|p2|Dragapult||LifeOrb|ClearBody|TeraBlast,DragonDarts,SuckerPunch,Protect|||F|||50|,,,,,Ghost]Sneasler||FocusSash|PoisonTouch|CloseCombat,DireClaw,FakeOut,Protect|||F|||50|,,,,,Stellar]Magmar||Eviolite|VitalSpirit|Overheat,FollowMe,ClearSmog,Protect|||M|||50|,,,,,Ghost]Azumarill||SitrusBerry|HugePower|AquaJet,PlayRough,BellyDrum,Protect|||F|||50|,,,,,Poison]Rillaboom||AssaultVest|GrassySurge|WoodHammer,GrassyGlide,FakeOut,HighHorsepower|||M|||50|,,,,,Fire]Ninetales-Alola||ChoiceSpecs|SnowWarning|Blizzard,Moonblast,IcyWind,FreezeDry|||M|||50|,,,,,Ghost
|inactive|Battle timer is ON: inactive players will automatically lose when time's up. (requested by Centiskorch18)
|c|☆Centiskorch18|glhf
|
|t:|1757655557
|teamsize|p1|4
|teamsize|p2|4
|start
|switch|p1a: Bronzong|Bronzong, L50|100/100
|switch|p1b: Ursaluna|Ursaluna, L50, M|100/100
|switch|p2a: Azumarill|Azumarill, L50, F|100/100
|switch|p2b: Magmar|Magmar, L50, M|100/100
|turn|1
|
|t:|1757655573
|switch|p2b: Rillaboom|Rillaboom, L50, M|100/100
|-fieldstart|move: Grassy Terrain|[from] ability: Grassy Surge|[of] p2b: Rillaboom
|move|p1b: Ursaluna|Protect|p1b: Ursaluna
|-singleturn|p1b: Ursaluna|Protect
|move|p2a: Azumarill|Belly Drum|p2a: Azumarill
|-damage|p2a: Azumarill|50/100
|-setboost|p2a: Azumarill|atk|6|[from] move: Belly Drum
|-enditem|p2a: Azumarill|Sitrus Berry|[eat]
|-heal|p2a: Azumarill|75/100|[from] item: Sitrus Berry
|move|p1a: Bronzong|Trick Room|p1a: Bronzong
|-fieldstart|move: Trick Room|[of] p1a: Bronzong
|
|-heal|p2a: Azumarill|81/100|[from] Grassy Terrain
|-status|p1b: Ursaluna|brn|[from] item: Flame Orb
|upkeep
|turn|2
|inactive|sillyfrog2003 has 30 seconds left.
|inactive|Centiskorch18 has 30 seconds left.
|
|t:|1757655600
|switch|p1b: Torkoal|Torkoal, L50, F|100/100
|-weather|SunnyDay|[from] ability: Drought|[of] p1b: Torkoal
|move|p2b: Rillaboom|Fake Out|p1b: Torkoal
|-damage|p1b: Torkoal|91/100
|move|p2a: Azumarill|Aqua Jet|p1a: Bronzong
|-damage|p1a: Bronzong|59/100
|move|p1a: Bronzong|Psychic Terrain|p1a: Bronzong
|-fieldstart|move: Psychic Terrain
|
|-weather|SunnyDay|[upkeep]
|upkeep
|turn|3
|
|t:|1757655622
|switch|p2b: Ninetales|Ninetales-Alola, L50, M|100/100
|-weather|Snowscape|[from] ability: Snow Warning|[of] p2b: Ninetales
|move|p2a: Azumarill|Protect|p2a: Azumarill
|-singleturn|p2a: Azumarill|Protect
|move|p1b: Torkoal|Clear Smog|p2a: Azumarill
|-activate|p2a: Azumarill|move: Protect
|move|p1a: Bronzong|Gyro Ball|p2a: Azumarill
|-activate|p2a: Azumarill|move: Protect
|
|-weather|Snowscape|[upkeep]
|upkeep
|turn|4
|inactive|Centiskorch18 has 30 seconds left.
|inactive|Centiskorch18 has 20 seconds left.
|inactive|Centiskorch18 has 15 seconds left.
|inactive|Centiskorch18 has 10 seconds left.
|
|t:|1757655669
|-terastallize|p2b: Ninetales|Ghost
|move|p1b: Torkoal|Clear Smog|p2a: Azumarill
|-supereffective|p2a: Azumarill
|-damage|p2a: Azumarill|53/100
|-clearboost|p2a: Azumarill
|move|p1a: Bronzong|Gyro Ball|p2b: Ninetales
|-damage|p2b: Ninetales|41/100
|move|p2a: Azumarill|Play Rough|p1a: Bronzong
|-resisted|p1a: Bronzong
|-damage|p1a: Bronzong|36/100
|move|p2b: Ninetales|Moonblast|p1a: Bronzong
|-resisted|p1a: Bronzong
|-damage|p1a: Bronzong|17/100
|-unboost|p1a: Bronzong|spa|1
|
|-weather|Snowscape|[upkeep]
|upkeep
|turn|5
|inactive|sillyfrog2003 has 30 seconds left.
|
|t:|1757655703
|switch|p2b: Rillaboom|Rillaboom, L50, M|100/100
|-fieldstart|move: Grassy Terrain|[from] ability: Grassy Surge|[of] p2b: Rillaboom
|-terastallize|p1b: Torkoal|Fire
|move|p2a: Azumarill|Aqua Jet|p1a: Bronzong
|-damage|p1a: Bronzong|0 fnt
|faint|p1a: Bronzong
|move|p1b: Torkoal|Eruption|p2b: Rillaboom|[spread] p2a,p2b
|-resisted|p2a: Azumarill
|-supereffective|p2b: Rillaboom
|-damage|p2a: Azumarill|16/100
|-damage|p2b: Rillaboom|4/100
|
|-weather|Snowscape|[upkeep]
|-heal|p1b: Torkoal|98/100|[from] Grassy Terrain
|-heal|p2a: Azumarill|22/100|[from] Grassy Terrain
|-heal|p2b: Rillaboom|10/100|[from] Grassy Terrain
|-fieldend|move: Trick Room
|upkeep
|
|t:|1757655718
|switch|p1a: Sneasler|Sneasler, L50, M|100/100
|turn|6
|
|t:|1757655730
|move|p1a: Sneasler|Protect|p1a: Sneasler
|-singleturn|p1a: Sneasler|Protect
|move|p1b: Torkoal|Protect|p1b: Torkoal
|-singleturn|p1b: Torkoal|Protect
|move|p2b: Rillaboom|Fake Out|p1a: Sneasler
|-activate|p1a: Sneasler|move: Protect
|move|p2a: Azumarill|Aqua Jet|p1b: Torkoal
|-activate|p1b: Torkoal|move: Protect
|
|-weather|Snowscape|[upkeep]
|-heal|p2b: Rillaboom|16/100|[from] Grassy Terrain
|-heal|p2a: Azumarill|27/100|[from] Grassy Terrain
|-heal|p1b: Torkoal|100/100|[from] Grassy Terrain
|upkeep
|turn|7
|
|t:|1757655747
|move|p2b: Rillaboom|Grassy Glide|p1b: Torkoal
|-resisted|p1b: Torkoal
|-damage|p1b: Torkoal|88/100
|move|p2a: Azumarill|Aqua Jet|p1b: Torkoal
|-supereffective|p1b: Torkoal
|-damage|p1b: Torkoal|50/100
|move|p1a: Sneasler|Dire Claw|p2a: Azumarill
|-supereffective|p2a: Azumarill
|-damage|p2a: Azumarill|0 fnt
|faint|p2a: Azumarill
|move|p1b: Torkoal|Flamethrower|p2b: Rillaboom
|-supereffective|p2b: Rillaboom
|-damage|p2b: Rillaboom|0 fnt
|faint|p2b: Rillaboom
|
|-weather|none
|-heal|p1b: Torkoal|56/100|[from] Grassy Terrain
|upkeep
|
|t:|1757655751
|switch|p2b: Ninetales|Ninetales-Alola, L50, M, tera:Ghost|41/100
|switch|p2a: Magmar|Magmar, L50, M|100/100
|-weather|Snowscape|[from] ability: Snow Warning|[of] p2b: Ninetales
|turn|8
|
|t:|1757655772
|move|p2a: Magmar|Follow Me|p2a: Magmar
|-singleturn|p2a: Magmar|move: Follow Me
|move|p2b: Ninetales|Blizzard|p1b: Torkoal|[spread] p1a,p1b
|-resisted|p1b: Torkoal
|-damage|p1a: Sneasler|33/100
|-damage|p1b: Torkoal|23/100
|move|p1a: Sneasler|Close Combat|p2a: Magmar
|-damage|p2a: Magmar|34/100
|-unboost|p1a: Sneasler|def|1
|-unboost|p1a: Sneasler|spd|1
|-enditem|p1a: Sneasler|White Herb
|-clearnegativeboost|p1a: Sneasler|[silent]
|move|p1b: Torkoal|Eruption|p2a: Magmar|[spread] p2a,p2b
|-resisted|p2a: Magmar
|-damage|p2a: Magmar|29/100
|-damage|p2b: Ninetales|20/100
|
|-weather|Snowscape|[upkeep]
|-heal|p1a: Sneasler|39/100|[from] Grassy Terrain
|-heal|p2b: Ninetales|26/100|[from] Grassy Terrain
|-heal|p2a: Magmar|35/100|[from] Grassy Terrain
|-heal|p1b: Torkoal|29/100|[from] Grassy Terrain
|upkeep
|turn|9
|inactive|sillyfrog2003 has 30 seconds left.
|
|t:|1757655800
|move|p1a: Sneasler|Protect|p1a: Sneasler
|-singleturn|p1a: Sneasler|Protect
|move|p2a: Magmar|Follow Me|p2a: Magmar
|-singleturn|p2a: Magmar|move: Follow Me
|move|p2b: Ninetales|Blizzard|p1a: Sneasler|[spread] p1b
|-activate|p1a: Sneasler|move: Protect
|-resisted|p1b: Torkoal
|-damage|p1b: Torkoal|0 fnt
|faint|p1b: Torkoal
|
|-weather|Snowscape|[upkeep]
|-heal|p1a: Sneasler|44/100|[from] Grassy Terrain
|-heal|p2b: Ninetales|32/100|[from] Grassy Terrain
|-heal|p2a: Magmar|41/100|[from] Grassy Terrain
|-fieldend|move: Grassy Terrain
|upkeep
|
|t:|1757655805
|switch|p1b: Ursaluna|Ursaluna, L50, M|100/100 brn
|turn|10
|
|t:|1757655815
|move|p2a: Magmar|Follow Me|p2a: Magmar
|-singleturn|p2a: Magmar|move: Follow Me
|move|p1a: Sneasler|Close Combat|p2a: Magmar
|-damage|p2a: Magmar|0 fnt
|-unboost|p1a: Sneasler|def|1
|-unboost|p1a: Sneasler|spd|1
|faint|p2a: Magmar
|move|p2b: Ninetales|Blizzard|p1a: Sneasler|[spread] p1a,p1b
|-supereffective|p1b: Ursaluna
|-damage|p1a: Sneasler|0 fnt
|-damage|p1b: Ursaluna|19/100 brn
|faint|p1a: Sneasler
|move|p1b: Ursaluna|Earthquake|p2b: Ninetales
|-damage|p2b: Ninetales|0 fnt
|faint|p2b: Ninetales
|
|win|sillyfrog2003
||Centiskorch18 is ready for game 3.
|inactive|sillyfrog2003 has 30 seconds to confirm battle start!
||sillyfrog2003 is ready for game 3.
|uhtml|next|Next: Game 3 of 3
|l|☆sillyfrog2003
|player|p1|
