|j|☆nicholas lommelen
|j|☆lets go together
|html|nicholas lommelenlets go together    
|uhtml|bestof|Game 1 of a best-of-3
|t:|1782234636
|gametype|doubles
|player|p1|nicholas lommelen|hiker-gen4|1052
|player|p2|lets go together|lass-gen4dp|1000
|gen|9
|tier|[Gen 9 Champions] VGC 2026 Reg M-B (Bo3)
|rated|
|rule|Species Clause: Limit one of each Pokémon
|rule|Item Clause: Limit 1 of each item
|clearpoke
|poke|p1|Kingambit, L50, F|
|poke|p1|Basculegion, L50, M|
|poke|p1|Aerodactyl, L50, F|
|poke|p1|Archaludon, L50, M|
|poke|p1|Scovillain, L50, F|
|poke|p1|Pelipper, L50, F|
|poke|p2|Arcanine-Hisui, L50, M|
|poke|p2|Whimsicott, L50, F|
|poke|p2|Sneasler, L50, M|
|poke|p2|Garchomp, L50, F|
|poke|p2|Kingambit, L50, M|
|poke|p2|Froslass, L50, F, shiny|
|teampreview|4
|showteam|p1|Kingambit||ChopleBerry|Defiant|KowtowCleave,SuckerPunch,LowKick,Protect|Adamant||F|||50|]Basculegion||FocusSash|SwiftSwim|Liquidation,LastRespects,AquaJet,Protect|Adamant||M|||50|]Aerodactyl||Aerodactylite|RockHead|Protect,Tailwind,RockSlide,DualWingbeat|Jolly||F|||50|]Archaludon||ChoiceScarf|Stamina|ElectroShot,FlashCannon,Snarl,DracoMeteor|Timid||M|||50|]Scovillain||Scovillainite|Chlorophyll|LeechSeed,Protect,Overheat,RagePowder|Calm||F|||50|]Pelipper||SitrusBerry|Drizzle|Tailwind,Hurricane,WeatherBall,Protect|Bold||F|||50|
|showteam|p2|Arcanine-Hisui||FocusSash|RockHead|FlareBlitz,HeadSmash,ExtremeSpeed,Protect|Jolly||M|||50|]Whimsicott||OccaBerry|Prankster|Protect,Encore,Tailwind,Moonblast|Bold||F|||50|]Sneasler||WhiteHerb|Unburden|FakeOut,DireClaw,CloseCombat,Protect|Adamant||M|||50|]Garchomp||LifeOrb|RoughSkin|DragonClaw,Earthquake,RockSlide,Protect|Adamant||F|||50|]Kingambit||BlackGlasses|Defiant|KowtowCleave,IronHead,SuckerPunch,Protect|Adamant||M|||50|]Froslass||Froslassite|SnowCloak|Blizzard,ShadowBall,AuroraVeil,Protect|Modest||F|||50|
|
|t:|1782234673
|teamsize|p1|4
|teamsize|p2|4
|start
|switch|p1a: Scovillain|Scovillain, L50, F|100/100
|switch|p1b: Kingambit|Kingambit, L50, F|100/100
|switch|p2a: Whimsicott|Whimsicott, L50, F|100/100
|switch|p2b: Arcanine|Arcanine-Hisui, L50, M|100/100
|turn|1
|
|t:|1782234693
|detailschange|p1a: Scovillain|Scovillain-Mega, L50, F
|-mega|p1a: Scovillain|Scovillain|Scovillainite
|move|p1b: Kingambit|Protect|p1b: Kingambit
|-singleturn|p1b: Kingambit|Protect
|move|p2a: Whimsicott|Tailwind|p2a: Whimsicott
|-sidestart|p2: lets go together|move: Tailwind
|move|p2b: Arcanine|Flare Blitz|p1b: Kingambit
|-activate|p1b: Kingambit|move: Protect
|move|p1a: Scovillain|Leech Seed|p2b: Arcanine
|-start|p2b: Arcanine|move: Leech Seed
|
|-damage|p2b: Arcanine|87/100|[from] Leech Seed|[of] p1a: Scovillain
|upkeep
|turn|2
|
|t:|1782234715
|switch|p2b: Sneasler|Sneasler, L50, M|100/100
|switch|p1b: Pelipper|Pelipper, L50, F|100/100
|-weather|RainDance|[from] ability: Drizzle|[of] p1b: Pelipper
|move|p2a: Whimsicott|Encore|p1a: Scovillain
|-start|p1a: Scovillain|Encore
|move|p1a: Scovillain|Leech Seed|p2a: Whimsicott
|-immune|p2a: Whimsicott
|
|-weather|RainDance|[upkeep]
|upkeep
|turn|3
|
|t:|1782234736
|move|p1b: Pelipper|Protect|p1b: Pelipper
|-singleturn|p1b: Pelipper|Protect
|move|p2b: Sneasler|Fake Out|p1b: Pelipper
|-activate|p1b: Pelipper|move: Protect
|move|p2a: Whimsicott|Moonblast|p1b: Pelipper
|-activate|p1b: Pelipper|move: Protect
|move|p1a: Scovillain|Leech Seed|p2b: Sneasler
|-start|p2b: Sneasler|move: Leech Seed
|
|-weather|RainDance|[upkeep]
|-damage|p2b: Sneasler|87/100|[from] Leech Seed|[of] p1a: Scovillain
|upkeep
|turn|4
|
|t:|1782234760
|switch|p2b: Froslass|Froslass, L50, F, shiny|100/100
|switch|p1a: Basculegion|Basculegion, L50, M|100/100
|move|p2a: Whimsicott|Encore|p1b: Pelipper
|-start|p1b: Pelipper|Encore
|move|p1b: Pelipper|Protect||[still]
|-fail|p1b: Pelipper
|
|-weather|RainDance|[upkeep]
|-sideend|p2: lets go together|move: Tailwind
|upkeep
|turn|5
|
|t:|1782234785
|switch|p1a: Scovillain|Scovillain-Mega, L50, F|100/100
|switch|p1b: Kingambit|Kingambit, L50, F|100/100
|detailschange|p2b: Froslass|Froslass-Mega, L50, F, shiny
|-mega|p2b: Froslass|Froslass|Froslassite
|-weather|Snowscape|[from] ability: Snow Warning|[of] p2b: Froslass
|move|p2a: Whimsicott|Tailwind|p2a: Whimsicott
|-sidestart|p2: lets go together|move: Tailwind
|move|p2b: Froslass|Blizzard|p1a: Scovillain|[spread] p1a,p1b
|-resisted|p1b: Kingambit|1
|-damage|p1a: Scovillain|56/100
|-damage|p1b: Kingambit|77/100
|-status|p2b: Froslass|brn|[from] ability: Spicy Spray|[of] p1a: Scovillain
|
|-weather|Snowscape|[upkeep]
|-damage|p2b: Froslass|94/100 brn|[from] brn
|upkeep
|turn|6
|
|t:|1782234830
|switch|p2b: Sneasler|Sneasler, L50, M|87/100
|move|p1b: Kingambit|Sucker Punch||[still]
|-fail|p1b: Kingambit
|move|p2a: Whimsicott|Moonblast|p1b: Kingambit
|-damage|p1b: Kingambit|49/100
|move|p1a: Scovillain|Overheat|p2a: Whimsicott
|-supereffective|p2a: Whimsicott|1
|-enditem|p2a: Whimsicott|Occa Berry|[eat]
|-enditem|p2a: Whimsicott|Occa Berry|[weaken]
|-damage|p2a: Whimsicott|33/100
|-unboost|p1a: Scovillain|spa|2
|
|-weather|Snowscape|[upkeep]
|upkeep
|turn|7
|
|t:|1782234856
|move|p1a: Scovillain|Rage Powder|p1a: Scovillain
|-singleturn|p1a: Scovillain|move: Rage Powder
|move|p2a: Whimsicott|Encore|p1a: Scovillain
|-start|p1a: Scovillain|Encore
|move|p2b: Sneasler|Close Combat|p1a: Scovillain
|-damage|p1a: Scovillain|0 fnt
|-unboost|p2b: Sneasler|def|1
|-unboost|p2b: Sneasler|spd|1
|-status|p2b: Sneasler|brn|[from] ability: Spicy Spray|[of] p1a: Scovillain
|faint|p1a: Scovillain
|-enditem|p2b: Sneasler|White Herb
|-clearnegativeboost|p2b: Sneasler|[silent]
|move|p1b: Kingambit|Kowtow Cleave|p2a: Whimsicott
|-resisted|p2a: Whimsicott|1
|-damage|p2a: Whimsicott|8/100
|
|-weather|Snowscape|[upkeep]
|-damage|p2b: Sneasler|81/100 brn|[from] brn
|upkeep
|
|t:|1782234873
|switch|p1a: Basculegion|Basculegion, L50, M|100/100
|turn|8
|
|t:|1782234887
|switch|p1b: Pelipper|Pelipper, L50, F|100/100
|-weather|RainDance|[from] ability: Drizzle|[of] p1b: Pelipper
|move|p2a: Whimsicott|Protect|p2a: Whimsicott
|-singleturn|p2a: Whimsicott|Protect
|move|p1a: Basculegion|Protect|p1a: Basculegion
|-singleturn|p1a: Basculegion|Protect
|move|p2b: Sneasler|Close Combat|p1b: Pelipper
|-resisted|p1b: Pelipper|1
|-damage|p1b: Pelipper|85/100
|-unboost|p2b: Sneasler|def|1
|-unboost|p2b: Sneasler|spd|1
|
|-weather|RainDance|[upkeep]
|-damage|p2b: Sneasler|75/100 brn|[from] brn
|-sideend|p2: lets go together|move: Tailwind
|upkeep
|turn|9
|
|t:|1782234933
|switch|p1a: Kingambit|Kingambit, L50, F|49/100
|move|p2a: Whimsicott|Tailwind|p2a: Whimsicott
|-sidestart|p2: lets go together|move: Tailwind
|move|p2b: Sneasler|Close Combat|p1a: Kingambit
|-supereffective|p1a: Kingambit|2
|-enditem|p1a: Kingambit|Chople Berry|[eat]
|-enditem|p1a: Kingambit|Chople Berry|[weaken]
|-damage|p1a: Kingambit|0 fnt
|-unboost|p2b: Sneasler|def|1
|-unboost|p2b: Sneasler|spd|1
|faint|p1a: Kingambit
|move|p1b: Pelipper|Tailwind|p1b: Pelipper
|-sidestart|p1: nicholas lommelen|move: Tailwind
|
|-weather|RainDance|[upkeep]
|-damage|p2b: Sneasler|69/100 brn|[from] brn
|upkeep
|
|t:|1782234947
|switch|p1a: Basculegion|Basculegion, L50, M|100/100
|turn|10
|
|t:|1782234959
|move|p2a: Whimsicott|Protect|p2a: Whimsicott
|-singleturn|p2a: Whimsicott|Protect
|move|p2b: Sneasler|Dire Claw|p1a: Basculegion
|-resisted|p1a: Basculegion|1
|-damage|p1a: Basculegion|84/100
|-status|p1a: Basculegion|psn
|move|p1a: Basculegion|Last Respects|p2b: Sneasler
|-damage|p2b: Sneasler|0 fnt
|faint|p2b: Sneasler
|move|p1b: Pelipper|Hurricane|p2a: Whimsicott
|-activate|p2a: Whimsicott|move: Protect
|
|-weather|RainDance|[upkeep]
|-damage|p1a: Basculegion|72/100 psn|[from] psn
|upkeep
|
|t:|1782234968
|switch|p2b: Froslass|Froslass-Mega, L50, F, shiny|94/100 brn
|-weather|Snowscape|[from] ability: Snow Warning|[of] p2b: Froslass
|turn|11
|
|t:|1782234983
|move|p1a: Basculegion|Protect|p1a: Basculegion
|-singleturn|p1a: Basculegion|Protect
|move|p2b: Froslass|Blizzard|p1a: Basculegion|[spread] p1b
|-activate|p1a: Basculegion|move: Protect
|-damage|p1b: Pelipper|29/100
|-enditem|p1b: Pelipper|Sitrus Berry|[eat]
|-heal|p1b: Pelipper|54/100|[from] item: Sitrus Berry
|move|p2a: Whimsicott|Moonblast|p1b: Pelipper
|-damage|p1b: Pelipper|20/100y
|move|p1b: Pelipper|Weather Ball|p2a: Whimsicott
|-supereffective|p2a: Whimsicott|1
|-damage|p2a: Whimsicott|0 fnt
|faint|p2a: Whimsicott
|
|-weather|Snowscape|[upkeep]
|-damage|p1a: Basculegion|60/100 psn|[from] psn
|-damage|p2b: Froslass|88/100 brn|[from] brn
|upkeep
|
|t:|1782234985
|switch|p2a: Arcanine|Arcanine-Hisui, L50, M|87/100
|turn|12
|
|t:|1782235036
|move|p1b: Pelipper|Protect|p1b: Pelipper
|-singleturn|p1b: Pelipper|Protect
|move|p2a: Arcanine|Extreme Speed|p1b: Pelipper
|-activate|p1b: Pelipper|move: Protect
|move|p2b: Froslass|Shadow Ball|p1a: Basculegion
|-supereffective|p1a: Basculegion|1
|-damage|p1a: Basculegion|0 fnt
|faint|p1a: Basculegion
|
|-weather|Snowscape|[upkeep]
|-damage|p2b: Froslass|82/100 brn|[from] brn
|-sideend|p1: nicholas lommelen|move: Tailwind
|-sideend|p2: lets go together|move: Tailwind
|upkeep
|turn|13
|-message|nicholas lommelen forfeited.
|
|win|lets go together
|l|☆nicholas lommelen
|player|p1|
||nicholas lommelen is ready for game 2.
||lets go together is ready for game 2.
|uhtml|next|Next: Game 2 of 3
