|j|☆p1ch1pichi
|j|☆Elechisero
|html|p1ch1pichiElechisero    
|uhtml|bestof|Game 1 of a best-of-3
|t:|1784481483
|gametype|doubles
|player|p1|p1ch1pichi|n|1211
|player|p2|Elechisero|veteran|1048
|gen|9
|tier|[Gen 9 Champions] VGC 2026 Reg M-B (Bo3)
|rated|
|rule|Species Clause: Limit one of each Pokémon
|rule|Item Clause: Limit 1 of each item
|clearpoke
|poke|p1|Meganium, L50, M, shiny|
|poke|p1|Swampert, L50, M, shiny|
|poke|p1|Pelipper, L50, F|
|poke|p1|Archaludon, L50, M|
|poke|p1|Sableye, L50, M|
|poke|p1|Espathra, L50, F|
|poke|p2|Aggron, L50, F|
|poke|p2|Sinistcha, L50|
|poke|p2|Tyranitar, L50, M|
|poke|p2|Farigiraf, L50, M|
|poke|p2|Incineroar, L50, F|
|poke|p2|Aegislash, L50, F, shiny|
|teampreview|4
|showteam|p1|Meganium||Meganiumite|Overgrow|Protect,SolarBeam,WeatherBall,DazzlingGleam|Modest||M|||50|]Swampert||Swampertite|Torrent|Protect,WaveCrash,HighHorsepower,KnockOff|Adamant||M|||50|]Pelipper||FocusSash|Drizzle|WideGuard,Tailwind,Hurricane,Soak|Timid||F|||50|]Archaludon||Leftovers|Stalwart|ElectroShot,FlashCannon,DragonPulse,Protect|Modest||M|||50|]Sableye||LightClay|Prankster|Quash,RainDance,Reflect,LightScreen|Careful||M|||50|]Espathra||SitrusBerry|SpeedBoost|Protect,LuminaCrash,CalmMind,BatonPass|Timid||F|||50|
|showteam|p2|Aggron||Aggronite|Sturdy|HeavySlam,BodyPress,IronDefense,Protect|Careful||F|||50|]Sinistcha||KasibBerry|Hospitality|MatchaGotcha,LifeDew,TrickRoom,RagePowder|Calm|||||50|]Tyranitar||QuickClaw|SandStream|RockSlide,Protect,HighHorsepower,KnockOff|Adamant||M|||50|]Farigiraf||ColburBerry|ArmorTail|TrickRoom,HelpingHand,Protect,Thunderbolt|Bold||M|||50|]Incineroar||SitrusBerry|Intimidate|FakeOut,PartingShot,DarkestLariat,Protect|Careful||F|||50|]Aegislash||SpellTag|StanceChange|ShadowSneak,IronHead,KingsShield,PsychoCut|Adamant||F|||50|
|inactive|Battle timer is ON: inactive players will automatically lose when time's up. (requested by p1ch1pichi)
|
|t:|1784481509
|teamsize|p1|4
|teamsize|p2|4
|start
|switch|p1a: Sableye|Sableye, L50, M|100/100
|switch|p1b: Espathra|Espathra, L50, F|100/100
|switch|p2a: Farigiraf|Farigiraf, L50, M|100/100
|switch|p2b: Incineroar|Incineroar, L50, F|100/100
|-ability|p2b: Incineroar|Intimidate|boost
|-unboost|p1a: Sableye|atk|1
|-unboost|p1b: Espathra|atk|1
|turn|1
|
|t:|1784481531
|move|p1b: Espathra|Protect|p1b: Espathra
|-singleturn|p1b: Espathra|Protect
|move|p2b: Incineroar|Fake Out|p1b: Espathra
|-activate|p1b: Espathra|move: Protect
|move|p1a: Sableye|Reflect|p1a: Sableye
|-sidestart|p1: p1ch1pichi|Reflect
|move|p2a: Farigiraf|Trick Room|p2a: Farigiraf
|-fieldstart|move: Trick Room|[of] p2a: Farigiraf
|
|-ability|p1b: Espathra|Speed Boost|boost
|-boost|p1b: Espathra|spe|1
|upkeep
|turn|2
|inactive|Elechisero has 30 seconds left.
|inactive|Elechisero has 20 seconds left.
|
|t:|1784481567
|move|p1a: Sableye|Light Screen|p1a: Sableye
|-sidestart|p1: p1ch1pichi|move: Light Screen
|move|p2b: Incineroar|Darkest Lariat|p1b: Espathra
|-supereffective|p1b: Espathra|1
|-damage|p1b: Espathra|46/100
|-enditem|p1b: Espathra|Sitrus Berry|[eat]
|-heal|p1b: Espathra|70/100|[from] item: Sitrus Berry
|move|p2a: Farigiraf|Thunderbolt|p1a: Sableye
|-damage|p1a: Sableye|78/100
|move|p1b: Espathra|Calm Mind|p1b: Espathra
|-boost|p1b: Espathra|spa|1
|-boost|p1b: Espathra|spd|1
|
|-ability|p1b: Espathra|Speed Boost|boost
|-boost|p1b: Espathra|spe|1
|upkeep
|turn|3
|inactive|p1ch1pichi has 30 seconds left.
|
|t:|1784481596
|move|p2a: Farigiraf|Helping Hand|p2b: Incineroar
|-singleturn|p2b: Incineroar|Helping Hand|[of] p2a: Farigiraf
|move|p1b: Espathra|Protect|p1b: Espathra
|-singleturn|p1b: Espathra|Protect
|move|p1a: Sableye|Rain Dance|p1a: Sableye
|-weather|RainDance
|move|p2b: Incineroar|Darkest Lariat|p1b: Espathra
|-activate|p1b: Espathra|move: Protect
|
|-weather|RainDance|[upkeep]
|-ability|p1b: Espathra|Speed Boost|boost
|-boost|p1b: Espathra|spe|1
|upkeep
|turn|4
|
|t:|1784481621
|switch|p1a: Bougainville|Meganium, L50, M, shiny|100/100
|move|p2a: Farigiraf|Helping Hand|p2b: Incineroar
|-singleturn|p2b: Incineroar|Helping Hand|[of] p2a: Farigiraf
|move|p2b: Incineroar|Darkest Lariat|p1b: Espathra
|-supereffective|p1b: Espathra|1
|-damage|p1b: Espathra|0 fnt
|faint|p1b: Espathra
|
|-weather|RainDance|[upkeep]
|upkeep
|
|t:|1784481631
|switch|p1b: San Juanico|Archaludon, L50, M|100/100
|turn|5
|inactive|Elechisero has 30 seconds left.
|inactive|Elechisero has 20 seconds left.
|
|t:|1784481670
|switch|p2a: Tyranitar|Tyranitar, L50, M|100/100
|-weather|Sandstorm|[from] ability: Sand Stream|[of] p2a: Tyranitar
|move|p2b: Incineroar|Parting Shot|p1a: Bougainville
|-unboost|p1a: Bougainville|atk|1
|-unboost|p1a: Bougainville|spa|1
|inactive|Elechisero has 30 seconds left.
|
|t:|1784481699
|switch|p2b: Farigiraf|Farigiraf, L50, M|100/100|[from] Parting Shot
|move|p1b: San Juanico|Electro Shot||[still]
|-prepare|p1b: San Juanico|Electro Shot
|-boost|p1b: San Juanico|spa|1
|move|p1a: Bougainville|Weather Ball|p2b: Farigiraf
|-damage|p2b: Farigiraf|81/100
|
|-weather|Sandstorm|[upkeep]
|-damage|p2b: Farigiraf|75/100|[from] Sandstorm
|-damage|p1a: Bougainville|93/100|[from] Sandstorm
|-fieldend|move: Trick Room
|upkeep
|turn|6
|inactive|Elechisero has 30 seconds left.
|
|t:|1784481730
|switch|p2a: Incineroar|Incineroar, L50, F|100/100
|-ability|p2a: Incineroar|Intimidate|boost
|-unboost|p1a: Bougainville|atk|1
|-unboost|p1b: San Juanico|atk|1
|detailschange|p1a: Bougainville|Meganium-Mega, L50, M, shiny
|-mega|p1a: Bougainville|Meganium|Meganiumite
|move|p1a: Bougainville|Dazzling Gleam|p2a: Incineroar|[spread] p2a,p2b
|-damage|p2a: Incineroar|82/100
|-damage|p2b: Farigiraf|53/100
|move|p1b: San Juanico|Electro Shot|p2a: Incineroar|[from] lockedmove
|-damage|p2a: Incineroar|37/100
|-enditem|p2a: Incineroar|Sitrus Berry|[eat]
|-heal|p2a: Incineroar|62/100|[from] item: Sitrus Berry
|move|p2b: Farigiraf|Trick Room|p2b: Farigiraf
|-fieldstart|move: Trick Room|[of] p2b: Farigiraf
|
|-weather|Sandstorm|[upkeep]
|-damage|p2a: Incineroar|56/100|[from] Sandstorm
|-damage|p2b: Farigiraf|46/100|[from] Sandstorm
|-damage|p1a: Bougainville|87/100|[from] Sandstorm
|upkeep
|turn|7
|inactive|p1ch1pichi has 30 seconds left.
|inactive|Elechisero has 30 seconds left.
|
|t:|1784481758
|switch|p1a: Sableye|Sableye, L50, M|78/100
|move|p2b: Farigiraf|Thunderbolt|p1a: Sableye
|-damage|p1a: Sableye|60/100
|move|p2a: Incineroar|Parting Shot|p1a: Sableye
|-unboost|p1a: Sableye|atk|1
|-unboost|p1a: Sableye|spa|1
|
|t:|1784481767
|switch|p2a: Aggron|Aggron, L50, F|100/100|[from] Parting Shot
|move|p1b: San Juanico|Dragon Pulse|p2a: Aggron
|-resisted|p2a: Aggron|1
|-damage|p2a: Aggron|79/100
|
|-weather|Sandstorm|[upkeep]
|-damage|p1a: Sableye|54/100|[from] Sandstorm
|-damage|p2b: Farigiraf|40/100|[from] Sandstorm
|upkeep
|turn|8
|inactive|p1ch1pichi has 30 seconds left.
|inactive|Elechisero has 30 seconds left.
|
|t:|1784481794
|switch|p2b: Tyranitar|Tyranitar, L50, M|100/100
|detailschange|p2a: Aggron|Aggron-Mega, L50, F
|-mega|p2a: Aggron|Aggron|Aggronite
|move|p1a: Sableye|Rain Dance|p1a: Sableye
|-weather|RainDance
|move|p2a: Aggron|Iron Defense|p2a: Aggron
|-boost|p2a: Aggron|def|2
|move|p1b: San Juanico|Flash Cannon|p2b: Tyranitar
|-supereffective|p2b: Tyranitar|1
|-damage|p2b: Tyranitar|2/100
|
|-weather|RainDance|[upkeep]
|-sideend|p1: p1ch1pichi|Reflect
|upkeep
|turn|9
|
|t:|1784481815
|switch|p2b: Farigiraf|Farigiraf, L50, M|40/100
|move|p1a: Sableye|Reflect|p1a: Sableye
|-sidestart|p1: p1ch1pichi|Reflect
|move|p2a: Aggron|Heavy Slam|p1a: Sableye
|-damage|p1a: Sableye|1/100
|move|p1b: San Juanico|Electro Shot||[still]
|-prepare|p1b: San Juanico|Electro Shot
|-boost|p1b: San Juanico|spa|1
|-anim|p1b: San Juanico|Electro Shot|p2a: Aggron
|-damage|p2a: Aggron|12/100
|
|-weather|RainDance|[upkeep]
|-sideend|p1: p1ch1pichi|move: Light Screen
|upkeep
|turn|10
|inactive|p1ch1pichi has 30 seconds left.
|inactive|Elechisero has 30 seconds left.
|
|t:|1784481848
|move|p2b: Farigiraf|Helping Hand|p2a: Aggron
|-singleturn|p2a: Aggron|Helping Hand|[of] p2b: Farigiraf
|move|p1a: Sableye|Rain Dance||[still]
|-fail|p1a: Sableye
|move|p2a: Aggron|Body Press|p1b: San Juanico
|-supereffective|p1b: San Juanico|1
|-damage|p1b: San Juanico|0 fnt
|faint|p1b: San Juanico
|
|-weather|RainDance|[upkeep]
|-fieldend|move: Trick Room
|upkeep
|
|t:|1784481857
|switch|p1b: Bougainville|Meganium-Mega, L50, M, shiny|87/100
|turn|11
|
|t:|1784481878
|move|p2a: Aggron|Protect|p2a: Aggron
|-singleturn|p2a: Aggron|Protect
|move|p1a: Sableye|Light Screen|p1a: Sableye
|-sidestart|p1: p1ch1pichi|move: Light Screen
|move|p1b: Bougainville|Solar Beam||[still]
|-prepare|p1b: Bougainville|Solar Beam
|-activate|p1b: Bougainville|ability: Mega Sol
|-anim|p1b: Bougainville|Solar Beam|p2b: Farigiraf
|-damage|p2b: Farigiraf|0 fnt
|faint|p2b: Farigiraf
|
|-weather|RainDance|[upkeep]
|upkeep
|
|t:|1784481891
|switch|p2b: Incineroar|Incineroar, L50, F|56/100
|-ability|p2b: Incineroar|Intimidate|boost
|-unboost|p1a: Sableye|atk|1
|-unboost|p1b: Bougainville|atk|1
|turn|12
|
|t:|1784481900
|move|p2b: Incineroar|Fake Out|p1b: Bougainville
|-damage|p1b: Bougainville|81/100
|move|p1a: Sableye|Rain Dance||[still]
|-fail|p1a: Sableye
|cant|p1b: Bougainville|flinch
|move|p2a: Aggron|Heavy Slam|p1b: Bougainville
|-supereffective|p1b: Bougainville|1
|-damage|p1b: Bougainville|58/100
|
|-weather|none
|upkeep
|turn|13
|
|t:|1784481924
|move|p1a: Sableye|Rain Dance|p1a: Sableye
|-weather|RainDance
|move|p1b: Bougainville|Dazzling Gleam|p2a: Aggron|[spread] p2a,p2b
|-resisted|p2a: Aggron|1
|-damage|p2a: Aggron|0 fnt
|-damage|p2b: Incineroar|28/100
|faint|p2a: Aggron
|move|p2b: Incineroar|Darkest Lariat|p1b: Bougainville
|-resisted|p1b: Bougainville|1
|-damage|p1b: Bougainville|48/100
|
|-weather|RainDance|[upkeep]
|upkeep
|
|t:|1784481934
|switch|p2a: Tyranitar|Tyranitar, L50, M|2/100
|-weather|Sandstorm|[from] ability: Sand Stream|[of] p2a: Tyranitar
|turn|14
|-activate|p2a: Tyranitar|item: Quick Claw
|
|t:|1784481943
|move|p1a: Sableye|Rain Dance|p1a: Sableye
|-weather|RainDance
|move|p2a: Tyranitar|Rock Slide|p1b: Bougainville|[spread] p1b
|-miss|p2a: Tyranitar|p1a: Sableye
|-damage|p1b: Bougainville|31/100
|move|p1b: Bougainville|Dazzling Gleam|p2a: Tyranitar|[spread] p2a,p2b
|-supereffective|p2a: Tyranitar|1
|-damage|p2a: Tyranitar|0 fnt
|-damage|p2b: Incineroar|2/100
|faint|p2a: Tyranitar
|move|p2b: Incineroar|Darkest Lariat|p1b: Bougainville
|-resisted|p1b: Bougainville|1
|-damage|p1b: Bougainville|22/100
|
|-weather|RainDance|[upkeep]
|upkeep
|turn|15
|-message|Elechisero forfeited.
|
|win|p1ch1pichi
|l|☆Elechisero
|player|p2|
||p1ch1pichi is ready for game 2.
|inactive|Elechisero has 30 seconds to confirm battle start!
|inactive|Elechisero has 20 seconds to confirm battle start!
|inactive|Elechisero has 10 seconds to confirm battle start!
|uhtml|next|Next: Game 2 of 3
