|j|☆marcosdeltasena31
|j|☆Quill86
|html|marcosdeltasena31Quill86    
|uhtml|bestof|Game 2 of a best-of-3
|t:|1756170002
|gametype|doubles
|player|p1|marcosdeltasena31|hilbert|1415
|player|p2|Quill86|lucas|1392
|gen|9
|tier|[Gen 9] VGC 2025 Reg H (Bo3)
|rated|
|rule|Species Clause: Limit one of each Pokémon
|rule|Item Clause: Limit 1 of each item
|clearpoke
|poke|p1|Archaludon, L50, F|
|poke|p1|Dragonite, L50, F|
|poke|p1|Pelipper, L50, F|
|poke|p1|Ursaluna, L50, F|
|poke|p1|Sinistcha, L50|
|poke|p1|Incineroar, L50, F|
|poke|p2|Indeedee-F, L50, F|
|poke|p2|Gallade, L50, M|
|poke|p2|Torkoal, L50, F|
|poke|p2|Ursaluna, L50, M|
|poke|p2|Hatterene, L50, F|
|poke|p2|Smeargle, L50, M|
|teampreview|4
|showteam|p1|Archaludon||AssaultVest|Stamina|ElectroShot,BodyPress,FlashCannon,Snarl|||F|||50|,,,,,Bug]Dragonite||LoadedDice|Multiscale|ScaleShot,Tailwind,Haze,Protect|||F|||50|,,,,,Fairy]Pelipper||FocusSash|Drizzle|WeatherBall,Hurricane,Tailwind,Protect|||F|||50|,,,,,Ghost]Ursaluna||FlameOrb|Guts|HeadlongRush,Facade,Earthquake,Protect|||F|||50|,,,,,Ghost]Sinistcha||SitrusBerry|Hospitality|MatchaGotcha,RagePowder,TrickRoom,LifeDew||||||50|,,,,,Water]Incineroar||SafetyGoggles|Intimidate|KnockOff,FakeOut,PartingShot,Taunt|||F|||50|,,,,,Ghost
|showteam|p2|Indeedee-F||PsychicSeed|PsychicSurge|FollowMe,TrickRoom,HelpingHand,DazzlingGleam|||F|||50|,,,,,Fairy]Gallade||ClearAmulet|Sharpness|SacredSword,PsychoCut,WideGuard,TrickRoom|||M|||50|,,,,,Grass]Torkoal||ChoiceSpecs|Drought|Eruption,WeatherBall,EarthPower,HeatWave|||F|||50|,,,,,Fire]Ursaluna||FlameOrb|Guts|Protect,HeadlongRush,Facade,Earthquake|||M|||50|,,,,,Ghost]Hatterene||LifeOrb|MagicBounce|DazzlingGleam,ExpandingForce,MysticalFire,TrickRoom|||F|||50|,,,,,Fire]Smeargle||FocusSash|Technician|FakeOut,Spore,Decorate,FollowMe|||M|||50|,,,,,Ghost
|inactive|Battle timer is ON: inactive players will automatically lose when time's up. (requested by Quill86)
|
|t:|1756170012
|teamsize|p1|4
|teamsize|p2|4
|start
|switch|p1a: Ursaluna|Ursaluna, L50, F|100/100
|switch|p1b: Dragonite|Dragonite, L50, F|100/100
|switch|p2a: Indeedee|Indeedee-F, L50, F|100/100
|switch|p2b: Gallade|Gallade, L50, M|100/100
|-fieldstart|move: Psychic Terrain|[from] ability: Psychic Surge|[of] p2a: Indeedee
|-enditem|p2a: Indeedee|Psychic Seed
|-boost|p2a: Indeedee|spd|1|[from] item: Psychic Seed
|turn|1
|
|t:|1756170026
|-terastallize|p1a: Ursaluna|Ghost
|move|p2a: Indeedee|Follow Me|p2a: Indeedee
|-singleturn|p2a: Indeedee|move: Follow Me
|move|p1b: Dragonite|Scale Shot|p2a: Indeedee|[miss]
|-miss|p1b: Dragonite|p2a: Indeedee
|move|p1a: Ursaluna|Earthquake|p2b: Gallade|[spread] p2a,p2b
|-immune|p1b: Dragonite
|-damage|p2a: Indeedee|58/100
|-damage|p2b: Gallade|36/100
|move|p2b: Gallade|Trick Room|p2b: Gallade
|-fieldstart|move: Trick Room|[of] p2b: Gallade
|
|-status|p1a: Ursaluna|brn|[from] item: Flame Orb
|upkeep
|turn|2
|
|t:|1756170044
|move|p1b: Dragonite|Protect|p1b: Dragonite
|-singleturn|p1b: Dragonite|Protect
|move|p2b: Gallade|Psycho Cut|p1a: Ursaluna
|-damage|p1a: Ursaluna|45/100 brn
|move|p1a: Ursaluna|Earthquake|p2b: Gallade|[spread] p2a,p2b
|-activate|p1b: Dragonite|move: Protect
|-damage|p2a: Indeedee|0 fnt
|-damage|p2b: Gallade|0 fnt
|faint|p2a: Indeedee
|faint|p2b: Gallade
|
|-damage|p1a: Ursaluna|40/100 brn|[from] brn
|upkeep
|
|t:|1756170051
|switch|p2b: Hatterene|Hatterene, L50, F|100/100
|switch|p2a: Torkoal|Torkoal, L50, F|100/100
|-weather|SunnyDay|[from] ability: Drought|[of] p2a: Torkoal
|turn|3
|
|t:|1756170072
|switch|p1b: Pelipper|Pelipper, L50, F|100/100
|-weather|RainDance|[from] ability: Drizzle|[of] p1b: Pelipper
|move|p1a: Ursaluna|Protect|p1a: Ursaluna
|-singleturn|p1a: Ursaluna|Protect
|move|p2a: Torkoal|Eruption|p1a: Ursaluna|[spread] p1b
|-activate|p1a: Ursaluna|move: Protect
|-resisted|p1b: Pelipper
|-crit|p1b: Pelipper
|-damage|p1b: Pelipper|52/100
|move|p2b: Hatterene|Expanding Force|p1a: Ursaluna|[spread] p1b
|-activate|p1a: Ursaluna|move: Protect
|-damage|p1b: Pelipper|0 fnt
|faint|p1b: Pelipper
|-damage|p2b: Hatterene|91/100|[from] item: Life Orb
|
|-weather|RainDance|[upkeep]
|-damage|p1a: Ursaluna|34/100 brn|[from] brn
|upkeep
|
|t:|1756170077
|switch|p1b: Archaludon|Archaludon, L50, F|100/100
|turn|4
|
|t:|1756170097
|-terastallize|p2b: Hatterene|Fire
|move|p2a: Torkoal|Eruption|p1a: Ursaluna|[spread] p1a,p1b
|-damage|p1a: Ursaluna|0 fnt
|-damage|p1b: Archaludon|76/100
|-ability|p1b: Archaludon|Stamina|boost
|-boost|p1b: Archaludon|def|1
|faint|p1a: Ursaluna
|move|p2b: Hatterene|Dazzling Gleam|p1b: Archaludon
|-crit|p1b: Archaludon
|-damage|p1b: Archaludon|13/100
|-ability|p1b: Archaludon|Stamina|boost
|-boost|p1b: Archaludon|def|1
|-damage|p2b: Hatterene|81/100|[from] item: Life Orb
|move|p1b: Archaludon|Electro Shot||[still]
|-prepare|p1b: Archaludon|Electro Shot
|-boost|p1b: Archaludon|spa|1
|-anim|p1b: Archaludon|Electro Shot|p2a: Torkoal
|-damage|p2a: Torkoal|11/100
|
|-weather|RainDance|[upkeep]
|upkeep
|
|t:|1756170103
|switch|p1a: Dragonite|Dragonite, L50, F|100/100
|turn|5
|
|t:|1756170111
|move|p1a: Dragonite|Protect|p1a: Dragonite
|-singleturn|p1a: Dragonite|Protect
|move|p2a: Torkoal|Eruption|p1a: Dragonite|[spread] p1b
|-activate|p1a: Dragonite|move: Protect
|-damage|p1b: Archaludon|11/100
|-ability|p1b: Archaludon|Stamina|boost
|-boost|p1b: Archaludon|def|1
|move|p2b: Hatterene|Dazzling Gleam|p1a: Dragonite|[spread] p1b
|-activate|p1a: Dragonite|move: Protect
|-damage|p1b: Archaludon|0 fnt
|faint|p1b: Archaludon
|-damage|p2b: Hatterene|71/100|[from] item: Life Orb
|
|-weather|RainDance|[upkeep]
|-fieldend|move: Trick Room
|-fieldend|move: Psychic Terrain
|upkeep
|turn|6
|
|t:|1756170115
|move|p1a: Dragonite|Scale Shot|p2b: Hatterene
|-damage|p2b: Hatterene|54/100
|-damage|p2b: Hatterene|38/100
|-damage|p2b: Hatterene|22/100
|-damage|p2b: Hatterene|5/100
|-damage|p2b: Hatterene|0 fnt
|faint|p2b: Hatterene
|-hitcount|p2: Hatterene|5
|-unboost|p1a: Dragonite|def|1
|-boost|p1a: Dragonite|spe|1
|move|p2a: Torkoal|Eruption|p1a: Dragonite
|-resisted|p1a: Dragonite
|-damage|p1a: Dragonite|99/100
|
|-weather|RainDance|[upkeep]
|upkeep
|turn|7
|
|t:|1756170123
|move|p1a: Dragonite|Scale Shot|p2a: Torkoal
|-damage|p2a: Torkoal|0 fnt
|faint|p2a: Torkoal
|-hitcount|p2: Torkoal|1
|
|win|marcosdeltasena31
||Quill86 is ready for game 3.
||marcosdeltasena31 is ready for game 3.
|uhtml|next|Next: Game 3 of 3
