|j|☆EnzoPS
|j|☆Cyclosz
|html|EnzoPSCyclosz    
|uhtml|bestof|Game 2 of a best-of-3
|t:|1756322888
|gametype|doubles
|player|p1|EnzoPS|cynthia-gen4|
|player|p2|Cyclosz|swimmerf-gen4|
|gen|9
|tier|[Gen 9] VGC 2025 Reg H (Bo3)
|rule|Species Clause: Limit one of each Pokémon
|rule|Item Clause: Limit 1 of each item
|clearpoke
|poke|p1|Pelipper, L50, F|
|poke|p1|Amoonguss, L50, F|
|poke|p1|Archaludon, L50, F|
|poke|p1|Basculegion, L50, M|
|poke|p1|Gholdengo, L50|
|poke|p1|Incineroar, L50, F|
|poke|p2|Kommo-o, L50, F|
|poke|p2|Sinistcha, L50|
|poke|p2|Incineroar, L50, M|
|poke|p2|Maushold, L50|
|poke|p2|Annihilape, L50, M|
|poke|p2|Talonflame, L50, F|
|teampreview|4
|showteam|p1|Pelipper||FocusSash|Drizzle|Protect,WeatherBall,Hurricane,Tailwind|||F|||50|,,,,,Ground]Amoonguss||SitrusBerry|Regenerator|Protect,Spore,RagePowder,PollenPuff|||F|||50|,,,,,Water]Archaludon||AssaultVest|Stamina|DragonPulse,ElectroShot,FlashCannon,BodyPress|||F|||50|,,,,,Grass]Basculegion||ChoiceBand|SwiftSwim|FlipTurn,WaveCrash,AquaJet,LastRespects|||M|||50|,,,,,Grass]Gholdengo||LifeOrb|GoodasGold|Protect,MakeItRain,ShadowBall,NastyPlot||||||50|,,,,,Water]Incineroar||SafetyGoggles|Intimidate|FlareBlitz,KnockOff,PartingShot,FakeOut|||F|||50|,,,,,Ghost
|showteam|p2|Kommo-o||ThroatSpray|Overcoat|ClangorousSoul,ClangingScales,Boomburst,Protect|||F|||50|,,,,,Normal]Sinistcha||RockyHelmet|Hospitality|RagePowder,MatchaGotcha,ShadowBall,LifeDew||||||50|,,,,,Water]Incineroar||SafetyGoggles|Intimidate|KnockOff,FlareBlitz,PartingShot,FakeOut|||M|||50|,,,,,Ghost]Maushold||WideLens|FriendGuard|FollowMe,BeatUp,Taunt,PopulationBomb||||||50|,,,,,Ghost]Annihilape||Leftovers|Defiant|DrainPunch,Protect,RageFist,BulkUp|||M|||50|,,,,,Steel]Talonflame||CovertCloak|FlameBody|WillOWisp,Tailwind,FlareBlitz,BraveBird|||F|||50|,,,,,Stellar
|
|t:|1756322911
|teamsize|p1|4
|teamsize|p2|4
|start
|switch|p1a: Pelipper|Pelipper, L50, F|100/100
|switch|p1b: Basculegion|Basculegion, L50, M|100/100
|switch|p2a: Kommo-o|Kommo-o, L50, F|100/100
|switch|p2b: Maushold|Maushold, L50|100/100
|-weather|RainDance|[from] ability: Drizzle|[of] p1a: Pelipper
|turn|1
|
|t:|1756322932
|move|p2b: Maushold|Follow Me|p2b: Maushold
|-singleturn|p2b: Maushold|move: Follow Me
|move|p1b: Basculegion|Wave Crash|p2b: Maushold
|-damage|p2b: Maushold|0 fnt
|faint|p2b: Maushold
|-damage|p1b: Basculegion|75/100|[from] Recoil
|move|p1a: Pelipper|Tailwind|p1a: Pelipper
|-sidestart|p1: EnzoPS|move: Tailwind
|move|p2a: Kommo-o|Clangorous Soul|p2a: Kommo-o
|-boost|p2a: Kommo-o|atk|1
|-boost|p2a: Kommo-o|def|1
|-boost|p2a: Kommo-o|spa|1
|-boost|p2a: Kommo-o|spd|1
|-boost|p2a: Kommo-o|spe|1
|-damage|p2a: Kommo-o|68/100
|-enditem|p2a: Kommo-o|Throat Spray
|-boost|p2a: Kommo-o|spa|1|[from] item: Throat Spray
|
|-weather|RainDance|[upkeep]
|upkeep
|
|t:|1756322938
|switch|p2b: Sinistcha|Sinistcha, L50|100/100
|-heal|p2a: Kommo-o|93/100|[from] ability: Hospitality|[of] p2b: Sinistcha
|turn|2
|
|t:|1756322989
|-terastallize|p2b: Sinistcha|Water
|move|p2b: Sinistcha|Rage Powder|p2b: Sinistcha
|-singleturn|p2b: Sinistcha|move: Rage Powder
|move|p1b: Basculegion|Wave Crash|p2b: Sinistcha
|-resisted|p2b: Sinistcha
|-damage|p2b: Sinistcha|37/100
|-damage|p1b: Basculegion|59/100|[from] item: Rocky Helmet|[of] p2b: Sinistcha
|-damage|p1b: Basculegion|41/100|[from] Recoil
|move|p1a: Pelipper|Hurricane|p2b: Sinistcha
|-damage|p2b: Sinistcha|0 fnt
|faint|p2b: Sinistcha
|move|p2a: Kommo-o|Clanging Scales|p1b: Basculegion|[spread] p1a,p1b
|-enditem|p1a: Pelipper|Focus Sash
|-damage|p1a: Pelipper|1/100
|-damage|p1b: Basculegion|0 fnt
|faint|p1b: Basculegion
|-unboost|p2a: Kommo-o|def|1
|
|-weather|RainDance|[upkeep]
|upkeep
|
|t:|1756323015
|switch|p1b: Amoonguss|Amoonguss, L50, F|100/100
|switch|p2b: Annihilape|Annihilape, L50, M|100/100
|turn|3
|
|t:|1756323048
|move|p1a: Pelipper|Protect|p1a: Pelipper
|-singleturn|p1a: Pelipper|Protect
|move|p2a: Kommo-o|Boomburst|p1a: Pelipper|[spread] p1b
|-activate|p1a: Pelipper|move: Protect
|-immune|p2b: Annihilape
|-damage|p1b: Amoonguss|58/100
|move|p2b: Annihilape|Bulk Up|p2b: Annihilape
|-boost|p2b: Annihilape|atk|1
|-boost|p2b: Annihilape|def|1
|move|p1b: Amoonguss|Spore|p2a: Kommo-o
|-immune|p2a: Kommo-o|[from] ability: Overcoat
|
|-weather|RainDance|[upkeep]
|upkeep
|turn|4
|
|t:|1756323082
|move|p1a: Pelipper|Hurricane|p2a: Kommo-o
|-supereffective|p2a: Kommo-o
|-damage|p2a: Kommo-o|31/100
|move|p2a: Kommo-o|Boomburst|p1b: Amoonguss|[spread] p1a,p1b
|-immune|p2b: Annihilape
|-damage|p1a: Pelipper|0 fnt
|-damage|p1b: Amoonguss|14/100
|-enditem|p1b: Amoonguss|Sitrus Berry|[eat]
|-heal|p1b: Amoonguss|39/100|[from] item: Sitrus Berry
|faint|p1a: Pelipper
|move|p2b: Annihilape|Rage Fist|p1b: Amoonguss
|-crit|p1b: Amoonguss
|-damage|p1b: Amoonguss|5/100
|move|p1b: Amoonguss|Spore|p2b: Annihilape
|-status|p2b: Annihilape|slp|[from] move: Spore
|
|-weather|RainDance|[upkeep]
|-sideend|p1: EnzoPS|move: Tailwind
|upkeep
|
|t:|1756323097
|switch|p1a: Gholdengo|Gholdengo, L50|100/100
|turn|5
|
|t:|1756323115
|move|p1b: Amoonguss|Protect|p1b: Amoonguss
|-singleturn|p1b: Amoonguss|Protect
|move|p2a: Kommo-o|Clanging Scales|p1a: Gholdengo|[spread] p1a
|-activate|p1b: Amoonguss|move: Protect
|-resisted|p1a: Gholdengo
|-damage|p1a: Gholdengo|66/100
|-unboost|p2a: Kommo-o|def|1
|move|p1a: Gholdengo|Shadow Ball|p2a: Kommo-o
|-damage|p2a: Kommo-o|0 fnt
|faint|p2a: Kommo-o
|-damage|p1a: Gholdengo|56/100|[from] item: Life Orb
|cant|p2b: Annihilape|slp
|
|-weather|none
|upkeep
|turn|6
|
|t:|1756323130
|-terastallize|p1a: Gholdengo|Water
|move|p1b: Amoonguss|Rage Powder|p1b: Amoonguss
|-singleturn|p1b: Amoonguss|move: Rage Powder
|move|p1a: Gholdengo|Shadow Ball|p2b: Annihilape
|-supereffective|p2b: Annihilape
|-damage|p2b: Annihilape|23/100 slp
|-damage|p1a: Gholdengo|47/100|[from] item: Life Orb
|-curestatus|p2b: Annihilape|slp|[msg]
|move|p2b: Annihilape|Rage Fist|p1b: Amoonguss
|-damage|p1b: Amoonguss|0 fnt
|faint|p1b: Amoonguss
|
|-heal|p2b: Annihilape|30/100|[from] item: Leftovers
|upkeep
|turn|7
|
|t:|1756323148
|move|p2b: Annihilape|Protect|p2b: Annihilape
|-singleturn|p2b: Annihilape|Protect
|move|p1a: Gholdengo|Shadow Ball|p2b: Annihilape
|-activate|p2b: Annihilape|move: Protect
|
|-heal|p2b: Annihilape|36/100|[from] item: Leftovers
|upkeep
|turn|8
|
|t:|1756323153
|move|p1a: Gholdengo|Shadow Ball|p2b: Annihilape
|-supereffective|p2b: Annihilape
|-damage|p2b: Annihilape|0 fnt
|faint|p2b: Annihilape
|-damage|p1a: Gholdengo|37/100|[from] item: Life Orb
|
|win|EnzoPS
|l|☆Cyclosz
|player|p2|
