|j|☆Dorank003
|j|☆jANMxRin
|html|Dorank003jANMxRin    
|uhtml|bestof|Game 1 of a best-of-3
|t:|1783532069
|gametype|doubles
|player|p1|Dorank003|n|
|player|p2|jANMxRin|2|
|gen|9
|tier|[Gen 9 Champions] VGC 2026 Reg M-B (Bo3)
|rule|Species Clause: Limit one of each Pokémon
|rule|Item Clause: Limit 1 of each item
|clearpoke
|poke|p1|Dragonite, L50, F, shiny|
|poke|p1|Basculegion, L50, M, shiny|
|poke|p1|Scizor, L50, F|
|poke|p1|Archaludon, L50, M|
|poke|p1|Pelipper, L50, F|
|poke|p1|Incineroar, L50, F|
|poke|p2|Delphox, L50, F|
|poke|p2|Blastoise, L50, F|
|poke|p2|Incineroar, L50, F|
|poke|p2|Sneasler, L50, F|
|poke|p2|Sinistcha, L50|
|poke|p2|Kingambit, L50, F|
|teampreview|4
|showteam|p1|Dragonite||Dragoninite|InnerFocus|DragonPulse,Flamethrower,Tailwind,Protect|Modest||F|||50|]Basculegion||ChoiceScarf|Adaptability|WaveCrash,LastRespects,AquaJet,FlipTurn|Jolly||M|||50|]Scizor||Scizorite|Technician|BulletPunch,CloseCombat,SwordsDance,Protect|Adamant||F|||50|]Archaludon||ChopleBerry|Stamina|ElectroShot,DragonPulse,AuraSphere,Protect|Bold||M|||50|]Pelipper||FocusSash|Drizzle|Hurricane,WeatherBall,Tailwind,Protect|Modest||F|||50|]Incineroar||SitrusBerry|Intimidate|FakeOut,FlareBlitz,ThroatChop,PartingShot|Careful||F|||50|
|showteam|p2|Delphox||Delphoxite|Blaze|HeatWave,Psyshock,Protect,NastyPlot|Timid||F|||50|]Blastoise||Blastoisinite|Torrent|WaterSpout,DarkPulse,ShellSmash,Protect|Timid||F|||50|]Incineroar||SitrusBerry|Intimidate|FlareBlitz,FakeOut,PartingShot,HelpingHand|Careful||F|||50|]Sneasler||FocusSash|PoisonTouch|PoisonJab,CloseCombat,FakeOut,QuickGuard|Jolly||F|||50|]Sinistcha||KasibBerry|Hospitality|MatchaGotcha,RagePowder,Protect,LifeDew|Bold|||||50|]Kingambit||BlackGlasses|Defiant|KowtowCleave,SuckerPunch,SwordsDance,Protect|Adamant||F|||50|
|c|☆jANMxRin|glhf
|c|☆Dorank003|Glhf
|j| Shmon
|l| Shmon
|inactive|Battle timer is ON: inactive players will automatically lose when time's up. (requested by jANMxRin)
|
|t:|1783532142
|teamsize|p1|4
|teamsize|p2|4
|start
|switch|p1a: Dragonite|Dragonite, L50, F, shiny|100/100
|switch|p1b: Archaludon|Archaludon, L50, M|100/100
|switch|p2a: Blastoise|Blastoise, L50, F|100/100
|switch|p2b: Sneasler|Sneasler, L50, F|100/100
|turn|1
|inactive|jANMxRin has 30 seconds left.
|inactive|jANMxRin has 20 seconds left.
|inactive|jANMxRin has 15 seconds left.
|inactive|jANMxRin has 10 seconds left.
|
|t:|1783532192
|switch|p2a: Sinistcha|Sinistcha, L50|100/100
|detailschange|p1a: Dragonite|Dragonite-Mega, L50, F, shiny
|-mega|p1a: Dragonite|Dragonite|Dragoninite
|move|p2b: Sneasler|Poison Jab|p1a: Dragonite
|-damage|p1a: Dragonite|81/100
|move|p1a: Dragonite|Dragon Pulse|p2a: Sinistcha
|-damage|p2a: Sinistcha|46/100
|move|p1b: Archaludon|Dragon Pulse|p2a: Sinistcha
|-damage|p2a: Sinistcha|6/100
|
|upkeep
|turn|2
|inactive|jANMxRin has 30 seconds left.
|
|t:|1783532218
|switch|p2a: Kingambit|Kingambit, L50, F|100/100
|move|p2b: Sneasler|Close Combat|p1b: Archaludon
|-supereffective|p1b: Archaludon|1
|-enditem|p1b: Archaludon|Chople Berry|[eat]
|-enditem|p1b: Archaludon|Chople Berry|[weaken]
|-damage|p1b: Archaludon|60/100
|-unboost|p2b: Sneasler|def|1
|-unboost|p2b: Sneasler|spd|1
|-ability|p1b: Archaludon|Stamina|boost
|-boost|p1b: Archaludon|def|1
|move|p1a: Dragonite|Tailwind|p1a: Dragonite
|-sidestart|p1: Dorank003|move: Tailwind
|move|p1b: Archaludon|Dragon Pulse|p2b: Sneasler
|-damage|p2b: Sneasler|20/100y
|
|upkeep
|turn|3
|
|t:|1783532238
|move|p1a: Dragonite|Dragon Pulse|p2b: Sneasler
|-damage|p2b: Sneasler|0 fnt
|faint|p2b: Sneasler
|move|p1b: Archaludon|Aura Sphere|p2a: Kingambit
|-supereffective|p2a: Kingambit|2
|-damage|p2a: Kingambit|9/100
|move|p2a: Kingambit|Swords Dance|p2a: Kingambit
|-boost|p2a: Kingambit|atk|2
|
|upkeep
|
|t:|1783532247
|switch|p2b: Sinistcha|Sinistcha, L50|6/100
|-heal|p2a: Kingambit|33/100|[from] ability: Hospitality|[of] p2b: Sinistcha
|turn|4
|inactive|jANMxRin has 30 seconds left.
|inactive|jANMxRin has 20 seconds left.
|inactive|jANMxRin has 15 seconds left.
|inactive|jANMxRin has 10 seconds left.
|inactive|jANMxRin has 5 seconds left.
|
|t:|1783532302
|switch|p1a: Pelipper|Pelipper, L50, F|100/100
|-weather|RainDance|[from] ability: Drizzle|[of] p1a: Pelipper
|move|p1b: Archaludon|Electro Shot||[still]
|-prepare|p1b: Archaludon|Electro Shot
|-boost|p1b: Archaludon|spa|1
|-anim|p1b: Archaludon|Electro Shot|p2a: Kingambit
|-damage|p2a: Kingambit|0 fnt
|faint|p2a: Kingambit
|move|p2b: Sinistcha|Matcha Gotcha|p1b: Archaludon|[spread] p1a,p1b
|-resisted|p1b: Archaludon|2
|-damage|p1a: Pelipper|57/100
|-heal|p2b: Sinistcha|23/100|[from] drain|[of] p1a: Pelipper
|-damage|p1b: Archaludon|54/100
|-heal|p2b: Sinistcha|26/100|[from] drain|[of] p1b: Archaludon
|-ability|p1b: Archaludon|Stamina|boost
|-boost|p1b: Archaludon|def|1
|
|-weather|RainDance|[upkeep]
|upkeep
|
|t:|1783532312
|switch|p2a: Blastoise|Blastoise, L50, F|100/100
|turn|5
|inactive|jANMxRin has 30 seconds left.
|
|t:|1783532338
|detailschange|p2a: Blastoise|Blastoise-Mega, L50, F
|-mega|p2a: Blastoise|Blastoise|Blastoisinite
|move|p2b: Sinistcha|Rage Powder|p2b: Sinistcha
|-singleturn|p2b: Sinistcha|move: Rage Powder
|move|p1a: Pelipper|Hurricane|p2b: Sinistcha
|-supereffective|p2b: Sinistcha|1
|-damage|p2b: Sinistcha|0 fnt
|faint|p2b: Sinistcha
|move|p1b: Archaludon|Electro Shot||[still]
|-prepare|p1b: Archaludon|Electro Shot
|-boost|p1b: Archaludon|spa|1
|-anim|p1b: Archaludon|Electro Shot|p2a: Blastoise
|-supereffective|p2a: Blastoise|1
|-damage|p2a: Blastoise|0 fnt
|faint|p2a: Blastoise
|
|win|Dorank003
||jANMxRin is ready for game 2.
||Dorank003 is ready for game 2.
|uhtml|next|Next: Game 2 of 3
|l|☆jANMxRin
|player|p2|
