|j|☆5-3 merchant
|j|☆dungenus
|html|5-3 merchantdungenus    
|uhtml|bestof|Game 2 of a best-of-3
|t:|1784492193
|gametype|doubles
|player|p1|5-3 merchant|yellow|
|player|p2|dungenus|lass-gen4dp|
|gen|9
|tier|[Gen 9 Champions] VGC 2026 Reg M-B (Bo3)
|rule|Species Clause: Limit one of each Pokémon
|rule|Item Clause: Limit 1 of each item
|clearpoke
|poke|p1|Gardevoir, L50, M, shiny|
|poke|p1|Maushold, L50|
|poke|p1|Kingambit, L50, F|
|poke|p1|Kommo-o, L50, F, shiny|
|poke|p1|Talonflame, L50, F, shiny|
|poke|p1|Basculegion, L50, M|
|poke|p2|Swampert, L50, M|
|poke|p2|Mawile, L50, F|
|poke|p2|Archaludon, L50, F|
|poke|p2|Pelipper, L50, M|
|poke|p2|Grimmsnarl, L50, M|
|poke|p2|Farigiraf, L50, F|
|teampreview|4
|showteam|p1|Gardevoir||Gardevoirite|Trace|HyperVoice,Psychic,VacuumWave,Protect|Modest||M|||50|]Maushold||FocusSash|FriendGuard|SuperFang,Feint,FollowMe,Protect|Jolly|||||50|]Kingambit||ExpertBelt|Defiant|KowtowCleave,SuckerPunch,IronHead,LowKick|Jolly||F|||50|]Kommo-o||LifeOrb|Soundproof|ClangingScales,DracoMeteor,AuraSphere,Protect|Modest||F|||50|]Talonflame||SharpBeak|GaleWings|DualWingbeat,QuickGuard,Tailwind,Protect|Jolly||F|||50|]Basculegion||ChoiceScarf|Adaptability|WaveCrash,LastRespects,FlipTurn,AquaJet|Jolly||M|||50|
|showteam|p2|Swampert||Swampertite|Torrent|Earthquake,WaveCrash,IcePunch,Protect|Adamant||M|||50|]Mawile||Mawilite|Intimidate|PlayRough,IronHead,SuckerPunch,Protect|Adamant||F|||50|]Archaludon||Leftovers|Stamina|ElectroShot,DragonPulse,FlashCannon,Protect|Modest||F|||50|]Pelipper||LifeOrb|Drizzle|WideGuard,WeatherBall,Hurricane,Tailwind|Modest||M|||50|]Grimmsnarl||LightClay|Prankster|PartingShot,FoulPlay,Reflect,LightScreen|Careful||M|||50|]Farigiraf||SitrusBerry|ArmorTail|Psychic,RainDance,TrickRoom,Protect|Quiet||F|||50|
|inactive|Battle timer is ON: inactive players will automatically lose when time's up. (requested by 5-3 merchant)
|j| tung cubed
|inactive|dungenus also wants the timer to be on.
|j| sap sipper farig
|j| Hudie EU
|j| Blizz.vg
|j| shrimplyasapphic
|inactive|dungenus has 60 seconds left.
|
|t:|1784492224
|teamsize|p1|4
|teamsize|p2|4
|start
|switch|p1a: Reborn|Talonflame, L50, F, shiny|100/100
|switch|p1b: Am I the Drama?|Gardevoir, L50, M, shiny|100/100
|switch|p2a: Archaludon|Archaludon, L50, F|100/100
|switch|p2b: Pelipper|Pelipper, L50, M|100/100
|-ability|p1b: Am I the Drama?|Drizzle|Trace|[from] ability: Trace|[of] p2b: Pelipper
|-weather|RainDance|[from] ability: Drizzle|[of] p1b: Am I the Drama?
|turn|1
|
|t:|1784492241
|move|p1b: Am I the Drama?|Protect|p1b: Am I the Drama?
|-singleturn|p1b: Am I the Drama?|Protect
|move|p1a: Reborn|Dual Wingbeat|p2b: Pelipper
|-damage|p2b: Pelipper|79/100
|-damage|p2b: Pelipper|56/100
|-hitcount|p2b: Pelipper|2
|move|p2a: Archaludon|Flash Cannon|p1b: Am I the Drama?
|-activate|p1b: Am I the Drama?|move: Protect
|move|p2b: Pelipper|Weather Ball|p1a: Reborn
|-supereffective|p1a: Reborn|1
|-damage|p1a: Reborn|0 fnt
|faint|p1a: Reborn
|-damage|p2b: Pelipper|47/100|[from] item: Life Orb
|
|-weather|RainDance|[upkeep]
|upkeep
|
|t:|1784492247
|switch|p1a: Einstein|Maushold, L50|100/100
|turn|2
|inactive|dungenus has 30 seconds left.
|
|t:|1784492277
|switch|p2b: Farigiraf|Farigiraf, L50, F|100/100
|detailschange|p1b: Am I the Drama?|Gardevoir-Mega, L50, M, shiny
|-mega|p1b: Am I the Drama?|Gardevoir|Gardevoirite
|move|p1a: Einstein|Super Fang|p2a: Archaludon
|-damage|p2a: Archaludon|50/100y
|-ability|p2a: Archaludon|Stamina|boost
|-boost|p2a: Archaludon|def|1
|move|p1b: Am I the Drama?|Hyper Voice|p2a: Archaludon|[spread] p2a,p2b
|-damage|p2a: Archaludon|0 fnt
|-damage|p2b: Farigiraf|50/100g
|faint|p2a: Archaludon
|
|-weather|RainDance|[upkeep]
|upkeep
|
|t:|1784492285
|switch|p2a: Swampert|Swampert, L50, M|100/100
|turn|3
|
|t:|1784492305
|move|p1a: Einstein|Protect|p1a: Einstein
|-singleturn|p1a: Einstein|Protect
|move|p1b: Am I the Drama?|Protect|p1b: Am I the Drama?
|-singleturn|p1b: Am I the Drama?|Protect
|move|p2a: Swampert|Protect|p2a: Swampert
|-singleturn|p2a: Swampert|Protect
|move|p2b: Farigiraf|Psychic|p1a: Einstein
|-activate|p1a: Einstein|move: Protect
|
|-weather|RainDance|[upkeep]
|upkeep
|turn|4
|
|t:|1784492317
|detailschange|p2a: Swampert|Swampert-Mega, L50, M
|-mega|p2a: Swampert|Swampert|Swampertite
|move|p1a: Einstein|Follow Me|p1a: Einstein
|-singleturn|p1a: Einstein|move: Follow Me
|move|p2a: Swampert|Earthquake|p1a: Einstein|[spread] p2b,p1a,p1b
|-damage|p2b: Farigiraf|10/100
|-damage|p1a: Einstein|36/100
|-damage|p1b: Am I the Drama?|40/100
|-enditem|p2b: Farigiraf|Sitrus Berry|[eat]
|-heal|p2b: Farigiraf|35/100|[from] item: Sitrus Berry
|move|p1b: Am I the Drama?|Hyper Voice|p2a: Swampert|[spread] p2a,p2b
|-damage|p2a: Swampert|55/100
|-damage|p2b: Farigiraf|0 fnt
|faint|p2b: Farigiraf
|
|-weather|RainDance|[upkeep]
|upkeep
|
|t:|1784492319
|switch|p2b: Pelipper|Pelipper, L50, M|47/100
|turn|5
|inactive|5-3 merchant has 30 seconds left.
|
|t:|1784492348
|move|p1a: Einstein|Protect|p1a: Einstein
|-singleturn|p1a: Einstein|Protect
|move|p1b: Am I the Drama?|Vacuum Wave|p2a: Swampert
|-damage|p2a: Swampert|38/100
|move|p2a: Swampert|Earthquake|p1a: Einstein|[spread] p1b
|-activate|p1a: Einstein|move: Protect
|-immune|p2b: Pelipper
|-damage|p1b: Am I the Drama?|0 fnt
|faint|p1b: Am I the Drama?
|move|p2b: Pelipper|Tailwind|p2b: Pelipper
|-sidestart|p2: dungenus|move: Tailwind
|
|-weather|none
|upkeep
|
|t:|1784492351
|switch|p1b: Redbeard|Basculegion, L50, M|100/100
|turn|6
|inactive|5-3 merchant has 30 seconds left.
|
|t:|1784492382
|move|p2a: Swampert|Protect|p2a: Swampert
|-singleturn|p2a: Swampert|Protect
|move|p1a: Einstein|Follow Me|p1a: Einstein
|-singleturn|p1a: Einstein|move: Follow Me
|move|p1b: Redbeard|Last Respects|p2a: Swampert
|-activate|p2a: Swampert|move: Protect
|move|p2b: Pelipper|Hurricane|p1a: Einstein
|-damage|p1a: Einstein|0 fnt
|faint|p1a: Einstein
|-damage|p2b: Pelipper|37/100|[from] item: Life Orb
|
|upkeep
|turn|7
|
|t:|1784492392
|move|p2a: Swampert|Earthquake|p1b: Redbeard|[spread] p1b
|-immune|p2b: Pelipper
|-damage|p1b: Redbeard|47/100
|move|p1b: Redbeard|Last Respects|p2b: Pelipper
|-damage|p2b: Pelipper|0 fnt
|faint|p2b: Pelipper
|
|upkeep
|turn|8
|
|t:|1784492396
|move|p2a: Swampert|Earthquake|p1b: Redbeard
|-damage|p1b: Redbeard|0 fnt
|faint|p1b: Redbeard
|
|win|dungenus
|l|☆5-3 merchant
|player|p1|
|l| tung cubed
|l| shrimplyasapphic
|l| Blizz.vg
|l| sap sipper farig
|l|☆dungenus
|player|p2|
|j|☆5-3 merchant
|player|p1|5-3 merchant|yellow|
|l|☆5-3 merchant
|player|p1|
|j|☆5-3 merchant
|player|p1|5-3 merchant|yellow|
