|j|☆shiroblast
|j|☆pqwertyuio
|html|shiroblastpqwertyuio    
|uhtml|bestof|Game 1 of a best-of-3
|t:|1785702291
|gametype|doubles
|player|p1|shiroblast|benga|1193
|player|p2|pqwertyuio|170|1276
|gen|9
|tier|[Gen 9 Champions] VGC 2026 Reg M-B (Bo3)
|rated|
|rule|Species Clause: Limit one of each Pokémon
|rule|Item Clause: Limit 1 of each item
|clearpoke
|poke|p1|Staraptor, L50, M|
|poke|p1|Garchomp, L50, M|
|poke|p1|Whimsicott, L50, M|
|poke|p1|Delphox, L50, M|
|poke|p1|Glimmora, L50, M|
|poke|p1|Kingambit, L50, M|
|poke|p2|Charizard, L50, F|
|poke|p2|Aerodactyl, L50, M|
|poke|p2|Garchomp, L50, F|
|poke|p2|Sylveon, L50, F|
|poke|p2|Farigiraf, L50, F|
|poke|p2|Incineroar, L50, M|
|teampreview|4
|showteam|p1|Staraptor||Staraptite|Intimidate|Protect,Roost,CloseCombat,BraveBird|Jolly||M|||50|]Garchomp||LifeOrb|RoughSkin|Protect,RockSlide,Earthquake,DragonClaw|Jolly||M|||50|]Whimsicott||OccaBerry|Prankster|Moonblast,Tailwind,Charm,LightScreen|Timid||M|||50|]Delphox||Delphoxite|Magician|Protect,Psychic,HeatWave,Substitute|Timid||M|||50|]Glimmora||FocusSash|ToxicDebris|SpikyShield,SludgeBomb,EarthPower,PowerGem|Timid||M|||50|]Kingambit||ChopleBerry|Defiant|SuckerPunch,LowKick,IronHead,KowtowCleave|Adamant||M|||50|
|showteam|p2|Charizard||CharizarditeY|Blaze|WeatherBall,HeatWave,SolarBeam,Protect|Modest||F|||50|]Aerodactyl||Aerodactylite|Pressure|RockSlide,IceFang,Tailwind,Protect|Jolly||M|||50|]Garchomp||LifeOrb|RoughSkin|DragonClaw,Earthquake,RockTomb,Protect|Jolly||F|||50|]Sylveon||FairyFeather|Pixilate|HyperVoice,Yawn,QuickAttack,Protect|Bold||F|||50|]Farigiraf||Leftovers|ArmorTail|TwinBeam,Roar,TrickRoom,Protect|Calm||F|||50|]Incineroar||SitrusBerry|Intimidate|FlareBlitz,DarkestLariat,PartingShot,Protect|Impish||M|||50|
|inactive|Battle timer is ON: inactive players will automatically lose when time's up. (requested by pqwertyuio)
|
|t:|1785702343
|teamsize|p1|4
|teamsize|p2|4
|start
|switch|p1a: Whimsicott|Whimsicott, L50, M|100/100
|switch|p1b: Kingambit|Kingambit, L50, M|100/100
|switch|p2a: Farigiraf|Farigiraf, L50, F|100/100
|switch|p2b: Incineroar|Incineroar, L50, M|100/100
|-ability|p2b: Incineroar|Intimidate|boost
|-unboost|p1a: Whimsicott|atk|1
|-unboost|p1b: Kingambit|atk|1
|-ability|p1b: Kingambit|Defiant|boost
|-boost|p1b: Kingambit|atk|2
|turn|1
|inactive|shiroblast has 30 seconds left.
|inactive|pqwertyuio has 30 seconds left.
|inactive|shiroblast has 20 seconds left.
|
|t:|1785702380
|move|p1b: Kingambit|Sucker Punch||[still]
|cant|p2a: Farigiraf|ability: Armor Tail|Sucker Punch|[of] p1b: Kingambit
|move|p1a: Whimsicott|Moonblast|p2b: Incineroar
|-damage|p2b: Incineroar|74/100
|move|p2b: Incineroar|Flare Blitz|p1b: Kingambit
|-supereffective|p1b: Kingambit|1
|-damage|p1b: Kingambit|24/100
|-status|p1b: Kingambit|brn
|-damage|p2b: Incineroar|48/100|[from] Recoil
|-enditem|p2b: Incineroar|Sitrus Berry|[eat]
|-heal|p2b: Incineroar|73/100|[from] item: Sitrus Berry
|move|p2a: Farigiraf|Trick Room|p2a: Farigiraf
|-fieldstart|move: Trick Room|[of] p2a: Farigiraf
|
|-damage|p1b: Kingambit|18/100 brn|[from] brn
|upkeep
|turn|2
|inactive|shiroblast has 30 seconds left.
|
|t:|1785702415
|switch|p2a: Sylveon|Sylveon, L50, F|100/100
|move|p1a: Whimsicott|Light Screen|p1a: Whimsicott
|-sidestart|p1: shiroblast|move: Light Screen
|move|p1b: Kingambit|Low Kick|p2b: Incineroar
|-supereffective|p2b: Incineroar|1
|-damage|p2b: Incineroar|38/100
|move|p2b: Incineroar|Flare Blitz|p1b: Kingambit
|-supereffective|p1b: Kingambit|1
|-damage|p1b: Kingambit|0 fnt
|faint|p1b: Kingambit
|-damage|p2b: Incineroar|32/100|[from] Recoil
|
|upkeep
|
|t:|1785702432
|switch|p1b: Staraptor|Staraptor, L50, M|100/100
|-ability|p1b: Staraptor|Intimidate|boost
|-unboost|p2a: Sylveon|atk|1
|-unboost|p2b: Incineroar|atk|1
|turn|3
|inactive|shiroblast has 30 seconds left.
|
|t:|1785702457
|move|p1b: Staraptor|Protect|p1b: Staraptor
|-singleturn|p1b: Staraptor|Protect
|move|p2b: Incineroar|Parting Shot|p1a: Whimsicott
|-unboost|p1a: Whimsicott|atk|1
|-unboost|p1a: Whimsicott|spa|1
|
|t:|1785702463
|switch|p2b: Farigiraf|Farigiraf, L50, F|100/100|[from] Parting Shot
|move|p2a: Sylveon|Yawn|p1b: Staraptor
|-activate|p1b: Staraptor|move: Protect
|move|p1a: Whimsicott|Moonblast|p2b: Farigiraf
|-damage|p2b: Farigiraf|84/100
|
|-heal|p2b: Farigiraf|90/100|[from] item: Leftovers
|upkeep
|turn|4
|inactive|shiroblast has 30 seconds left.
|inactive|shiroblast has 20 seconds left.
|inactive|shiroblast has 15 seconds left.
|inactive|shiroblast has 10 seconds left.
|inactive|shiroblast has 5 seconds left.
|
|t:|1785702513
|move|p2b: Farigiraf|Twin Beam|p1b: Staraptor
|-damage|p1b: Staraptor|87/100
|-damage|p1b: Staraptor|74/100
|-hitcount|p1b: Staraptor|2
|move|p2a: Sylveon|Hyper Voice|p1a: Whimsicott|[spread] p1a,p1b
|-damage|p1a: Whimsicott|58/100
|-damage|p1b: Staraptor|37/100
|move|p1b: Staraptor|Roost|p1b: Staraptor
|-heal|p1b: Staraptor|87/100
|-singleturn|p1b: Staraptor|move: Roost
|move|p1a: Whimsicott|Moonblast|p2b: Farigiraf
|-damage|p2b: Farigiraf|73/100
|-unboost|p2b: Farigiraf|spa|1
|
|-heal|p2b: Farigiraf|79/100|[from] item: Leftovers
|upkeep
|turn|5
|inactive|shiroblast has 30 seconds left.
|
|t:|1785702545
|switch|p2b: Incineroar|Incineroar, L50, M|32/100
|-ability|p2b: Incineroar|Intimidate|boost
|-unboost|p1a: Whimsicott|atk|1
|-unboost|p1b: Staraptor|atk|1
|move|p1b: Staraptor|Protect|p1b: Staraptor
|-singleturn|p1b: Staraptor|Protect
|move|p2a: Sylveon|Yawn|p1a: Whimsicott
|-start|p1a: Whimsicott|move: Yawn|[of] p2a: Sylveon
|move|p1a: Whimsicott|Moonblast|p2b: Incineroar
|-damage|p2b: Incineroar|14/100
|
|-fieldend|move: Trick Room
|upkeep
|turn|6
|inactive|pqwertyuio has 30 seconds left.
|inactive|shiroblast has 30 seconds left.
|inactive|shiroblast has 20 seconds left.
|
|t:|1785702587
|detailschange|p1b: Staraptor|Staraptor-Mega, L50, M
|-mega|p1b: Staraptor|Staraptor|Staraptite
|move|p2a: Sylveon|Protect|p2a: Sylveon
|-singleturn|p2a: Sylveon|Protect
|move|p1a: Whimsicott|Moonblast|p2b: Incineroar
|-damage|p2b: Incineroar|0 fnt
|faint|p2b: Incineroar
|move|p1b: Staraptor|Brave Bird|p2a: Sylveon
|-activate|p2a: Sylveon|move: Protect
|
|-end|p1a: Whimsicott|move: Yawn|[silent]
|-status|p1a: Whimsicott|slp
|-sideend|p1: shiroblast|move: Light Screen
|upkeep
|
|t:|1785702610
|switch|p2b: Aerodactyl|Aerodactyl, L50, M|100/100
|-ability|p2b: Aerodactyl|Pressure
|turn|7
|inactive|pqwertyuio has 30 seconds left.
|
|t:|1785702638
|detailschange|p2b: Aerodactyl|Aerodactyl-Mega, L50, M
|-mega|p2b: Aerodactyl|Aerodactyl|Aerodactylite
|move|p1b: Staraptor|Protect|p1b: Staraptor
|-singleturn|p1b: Staraptor|Protect
|cant|p1a: Whimsicott|slp
|move|p2b: Aerodactyl|Tailwind|p2b: Aerodactyl
|-sidestart|p2: pqwertyuio|move: Tailwind
|move|p2a: Sylveon|Hyper Voice|p1a: Whimsicott|[spread] p1a
|-activate|p1b: Staraptor|move: Protect
|-damage|p1a: Whimsicott|0 fnt
|faint|p1a: Whimsicott
|
|upkeep
|
|t:|1785702650
|switch|p1a: Garchomp|Garchomp, L50, M|100/100
|turn|8
|
|t:|1785702672
|move|p2b: Aerodactyl|Ice Fang|p1a: Garchomp
|-supereffective|p1a: Garchomp|2
|-damage|p1a: Garchomp|0 fnt
|-damage|p2b: Aerodactyl|87/100|[from] ability: Rough Skin|[of] p1a: Garchomp
|faint|p1a: Garchomp
|move|p1b: Staraptor|Roost|p1b: Staraptor
|-heal|p1b: Staraptor|100/100
|-singleturn|p1b: Staraptor|move: Roost
|move|p2a: Sylveon|Hyper Voice|p1b: Staraptor
|-supereffective|p1b: Staraptor|1
|-damage|p1b: Staraptor|0 fnt
|faint|p1b: Staraptor
|
|win|pqwertyuio
|inactive|shiroblast has 30 seconds to confirm battle start!
|inactive|pqwertyuio has 30 seconds to confirm battle start!
||shiroblast is ready for game 2.
||pqwertyuio is ready for game 2.
|uhtml|next|Next: Game 2 of 3
