|j|☆2BStellar
|j|☆Imabot99
|html|2BStellarImabot99    
|uhtml|bestof|Game 2 of a best-of-3
|t:|1783731122
|gametype|doubles
|player|p1|2BStellar|hilbert-wonderlauncher|1073
|player|p2|Imabot99|boarder|1041
|gen|9
|tier|[Gen 9 Champions] VGC 2026 Reg M-B (Bo3)
|rated|
|rule|Species Clause: Limit one of each Pokémon
|rule|Item Clause: Limit 1 of each item
|clearpoke
|poke|p1|Pelipper, L50, M|
|poke|p1|Swampert, L50, F|
|poke|p1|Sinistcha, L50|
|poke|p1|Incineroar, L50, M|
|poke|p1|Ninetales-Alola, L50, M|
|poke|p1|Gengar, L50, M|
|poke|p2|Scrafty, L50, M|
|poke|p2|Aegislash, L50, M, shiny|
|poke|p2|Politoed, L50, F|
|poke|p2|Charizard, L50, M, shiny|
|poke|p2|Whimsicott, L50, F|
|poke|p2|Garchomp, L50, M|
|teampreview|4
|showteam|p1|Pelipper||SharpBeak|Drizzle|Protect,Tailwind,WideGuard,Hurricane|Modest||M|||50|]Swampert||Swampertite|Torrent|Protect,RockSlide,HighHorsepower,WaveCrash|Adamant||F|||50|]Sinistcha||KasibBerry|Hospitality|Protect,TrickRoom,RagePowder,MatchaGotcha|Bold|||||50|]Incineroar||SitrusBerry|Intimidate|Protect,FakeOut,PartingShot,FlareBlitz|Sassy||M|||50|]Ninetales-Alola||FocusSash|SnowWarning|Protect,Encore,RainDance,FreezeDry|Timid||M|||50|]Gengar||Gengarite|CursedBody|Protect,Disable,PerishSong,ShadowBall|Timid||M|||50|
|showteam|p2|Scrafty||Scraftinite|Intimidate|FakeOut,KnockOff,Protect,CloseCombat|Adamant||M|||50|]Aegislash||MetalCoat|StanceChange|KingsShield,IronHead,Poltergeist,BrickBreak|Adamant||M|||50|]Politoed||MysticWater|Drizzle|Protect,Surf,WeatherBall,IceBeam|Modest||F|||50|]Charizard||CharizarditeY|Blaze|Protect,HeatWave,WeatherBall,SolarBeam|Modest||M|||50|]Whimsicott||FocusSash|Prankster|Protect,Tailwind,EnergyBall,Moonblast|Modest||F|||50|]Garchomp||RoseliBerry|RoughSkin|Protect,Earthquake,Outrage,RockSlide|Adamant||M|||50|
|
|t:|1783731163
|teamsize|p1|4
|teamsize|p2|4
|start
|switch|p1a: Ninetales|Ninetales-Alola, L50, M|100/100
|switch|p1b: Swampert|Swampert, L50, F|100/100
|switch|p2a: Whimsicott|Whimsicott, L50, F|100/100
|switch|p2b: Politoed|Politoed, L50, F|100/100
|-weather|Snowscape|[from] ability: Snow Warning|[of] p1a: Ninetales
|-weather|RainDance|[from] ability: Drizzle|[of] p2b: Politoed
|turn|1
|inactive|Battle timer is ON: inactive players will automatically lose when time's up. (requested by Imabot99)
|inactive|2BStellar has 60 seconds left.
|
|t:|1783731213
|detailschange|p1b: Swampert|Swampert-Mega, L50, F
|-mega|p1b: Swampert|Swampert|Swampertite
|move|p2a: Whimsicott|Tailwind|p2a: Whimsicott
|-sidestart|p2: Imabot99|move: Tailwind
|move|p1b: Swampert|Rock Slide|p2b: Politoed|[spread] p2a,p2b
|-damage|p2a: Whimsicott|62/100
|-damage|p2b: Politoed|70/100
|move|p2b: Politoed|Weather Ball|p1a: Ninetales
|-damage|p1a: Ninetales|11/100
|move|p1a: Ninetales|Freeze-Dry|p2b: Politoed
|-supereffective|p2b: Politoed|1
|-damage|p2b: Politoed|35/100
|
|-weather|RainDance|[upkeep]
|upkeep
|turn|2
|inactive|2BStellar has 30 seconds left.
|inactive|2BStellar has 20 seconds left.
|inactive|2BStellar has 15 seconds left.
|inactive|2BStellar has 10 seconds left.
|inactive|2BStellar has 5 seconds left.
|
|t:|1783731267
|switch|p1b: Incineroar|Incineroar, L50, M|100/100
|-ability|p1b: Incineroar|Intimidate|boost
|-unboost|p2a: Whimsicott|atk|1
|-unboost|p2b: Politoed|atk|1
|move|p1a: Ninetales|Protect|p1a: Ninetales
|-singleturn|p1a: Ninetales|Protect
|move|p2a: Whimsicott|Energy Ball|p1b: Incineroar
|-resisted|p1b: Incineroar|1
|-damage|p1b: Incineroar|86/100
|move|p2b: Politoed|Weather Ball|p1a: Ninetales
|-activate|p1a: Ninetales|move: Protect
|
|-weather|RainDance|[upkeep]
|upkeep
|turn|3
|inactive|2BStellar has 30 seconds left.
|
|t:|1783731293
|switch|p1a: Pelipper|Pelipper, L50, M|100/100
|move|p2a: Whimsicott|Protect|p2a: Whimsicott
|-singleturn|p2a: Whimsicott|Protect
|move|p2b: Politoed|Protect|p2b: Politoed
|-singleturn|p2b: Politoed|Protect
|move|p1b: Incineroar|Fake Out|p2b: Politoed
|-activate|p2b: Politoed|move: Protect
|
|-weather|RainDance|[upkeep]
|upkeep
|turn|4
|
|t:|1783731315
|move|p2a: Whimsicott|Moonblast|p1a: Pelipper
|-damage|p1a: Pelipper|37/100
|move|p2b: Politoed|Weather Ball|p1b: Incineroar
|-supereffective|p1b: Incineroar|1
|-damage|p1b: Incineroar|0 fnt
|faint|p1b: Incineroar
|move|p1a: Pelipper|Hurricane|p2a: Whimsicott
|-supereffective|p2a: Whimsicott|1
|-damage|p2a: Whimsicott|0 fnt
|faint|p2a: Whimsicott
|
|-weather|RainDance|[upkeep]
|-sideend|p2: Imabot99|move: Tailwind
|upkeep
|inactive|2BStellar has 30 seconds left.
|inactive|2BStellar has 20 seconds left.
|
|t:|1783731354
|switch|p2a: Charizard|Charizard, L50, M, shiny|100/100
|switch|p1b: Ninetales|Ninetales-Alola, L50, M|11/100
|-weather|Snowscape|[from] ability: Snow Warning|[of] p1b: Ninetales
|turn|5
|inactive|Imabot99 has 30 seconds left.
|inactive|Imabot99 has 20 seconds left.
|
|t:|1783731389
|detailschange|p2a: Charizard|Charizard-Mega-Y, L50, M, shiny
|-mega|p2a: Charizard|Charizard|Charizardite Y
|-weather|SunnyDay|[from] ability: Drought|[of] p2a: Charizard
|move|p1b: Ninetales|Protect|p1b: Ninetales
|-singleturn|p1b: Ninetales|Protect
|move|p1a: Pelipper|Protect|p1a: Pelipper
|-singleturn|p1a: Pelipper|Protect
|move|p2a: Charizard|Heat Wave|p1b: Ninetales|[spread] 
|-activate|p1a: Pelipper|move: Protect
|-activate|p1b: Ninetales|move: Protect
|move|p2b: Politoed|Ice Beam|p1a: Pelipper
|-activate|p1a: Pelipper|move: Protect
|
|-weather|SunnyDay|[upkeep]
|upkeep
|turn|6
|inactive|2BStellar has 30 seconds left.
|
|t:|1783731415
|move|p1a: Pelipper|Wide Guard|p1a: Pelipper
|-singleturn|p1a: Pelipper|Wide Guard
|move|p1b: Ninetales|Rain Dance|p1b: Ninetales
|-weather|RainDance
|move|p2a: Charizard|Heat Wave|p1b: Ninetales|[spread] 
|-activate|p1a: Pelipper|move: Wide Guard
|-activate|p1b: Ninetales|move: Wide Guard
|move|p2b: Politoed|Ice Beam|p1a: Pelipper
|-damage|p1a: Pelipper|0 fnt
|faint|p1a: Pelipper
|
|-weather|RainDance|[upkeep]
|upkeep
|
|t:|1783731426
|switch|p1a: Swampert|Swampert-Mega, L50, F|100/100
|turn|7
|
|t:|1783731449
|switch|p2a: Scrafty|Scrafty, L50, M|100/100
|-ability|p2a: Scrafty|Intimidate|boost
|-unboost|p1a: Swampert|atk|1
|-unboost|p1b: Ninetales|atk|1
|move|p2b: Politoed|Protect|p2b: Politoed
|-singleturn|p2b: Politoed|Protect
|move|p1a: Swampert|High Horsepower|p2a: Scrafty
|-damage|p2a: Scrafty|57/100
|move|p1b: Ninetales|Freeze-Dry|p2b: Politoed
|-activate|p2b: Politoed|move: Protect
|
|-weather|RainDance|[upkeep]
|upkeep
|turn|8
|inactive|2BStellar has 30 seconds left.
|
|t:|1783731479
|move|p2a: Scrafty|Fake Out|p1a: Swampert
|-damage|p1a: Swampert|89/100
|cant|p1a: Swampert|flinch
|move|p1b: Ninetales|Rain Dance||[still]
|-fail|p1b: Ninetales
|move|p2b: Politoed|Weather Ball|p1a: Swampert
|-damage|p1a: Swampert|22/100
|
|-weather|RainDance|[upkeep]
|upkeep
|turn|9
|inactive|2BStellar has 30 seconds left.
|
|t:|1783731507
|move|p1a: Swampert|Wave Crash|p2a: Scrafty
|-damage|p2a: Scrafty|0 fnt
|faint|p2a: Scrafty
|-damage|p1a: Swampert|8/100|[from] Recoil
|move|p1b: Ninetales|Freeze-Dry|p2b: Politoed
|-supereffective|p2b: Politoed|1
|-damage|p2b: Politoed|1/100
|move|p2b: Politoed|Surf|p1b: Ninetales|[spread] p1a,p1b
|-damage|p1a: Swampert|0 fnt
|-damage|p1b: Ninetales|0 fnt
|faint|p1a: Swampert
|faint|p1b: Ninetales
|
|win|Imabot99
|inactive|2BStellar has 30 seconds to confirm battle start!
|inactive|Imabot99 has 30 seconds to confirm battle start!
||Imabot99 is ready for game 3.
|inactive|2BStellar has 20 seconds to confirm battle start!
||2BStellar is ready for game 3.
|uhtml|next|Next: Game 3 of 3
