|j|☆PatmonVGC
|j|☆gaelstromm
|html|PatmonVGCgaelstromm    
|uhtml|bestof|Game 1 of a best-of-3
|t:|1757855170
|gametype|doubles
|player|p1|PatmonVGC|grusha|1253
|player|p2|gaelstromm|1|1186
|gen|9
|tier|[Gen 9] VGC 2025 Reg H (Bo3)
|rated|
|rule|Species Clause: Limit one of each Pokémon
|rule|Item Clause: Limit 1 of each item
|clearpoke
|poke|p1|Maushold, L50|
|poke|p1|Annihilape, L50, F|
|poke|p1|Grimmsnarl, L50, M|
|poke|p1|Sinistcha, L50|
|poke|p1|Archaludon, L50, F|
|poke|p1|Pelipper, L50, M|
|poke|p2|Gholdengo, L50|
|poke|p2|Incineroar, L50, F|
|poke|p2|Amoonguss, L50, M|
|poke|p2|Archaludon, L50, F|
|poke|p2|Pelipper, L50, M|
|poke|p2|Basculegion, L50, M|
|teampreview|4
|showteam|p1|Maushold||SafetyGoggles|FriendGuard|Taunt,BeatUp,Protect,FollowMe||||||50|,,,,,Ghost]Annihilape||Leftovers|Defiant|RageFist,DrainPunch,Protect,BulkUp|||F|||50|,,,,,Fire]Grimmsnarl||LightClay|Prankster|ThunderWave,LightScreen,SpiritBreak,Reflect|||M|||50|,,,,,Ghost]Sinistcha||SitrusBerry|Hospitality|MatchaGotcha,LifeDew,TrickRoom,RagePowder||||||50|,,,,,Water]Archaludon||AssaultVest|Stamina|ElectroShot,BodyPress,FlashCannon,DragonPulse|||F|||50|,,,,,Grass]Pelipper||FocusSash|Drizzle|Hurricane,MuddyWater,Tailwind,WideGuard|||M|||50|,,,,,Stellar
|showteam|p2|Gholdengo||LifeOrb|GoodasGold|MakeItRain,ShadowBall,NastyPlot,Protect||||||50|,,,,,Water]Incineroar||RockyHelmet|Intimidate|Taunt,KnockOff,PartingShot,FakeOut|||F|||50|,,,,,Ghost]Amoonguss||SitrusBerry|Regenerator|PollenPuff,Spore,RagePowder,Protect|||M|||50|,,,,,Water]Archaludon||AssaultVest|Stamina|DragonPulse,FlashCannon,ElectroShot,BodyPress|||F|||50|,,,,,Bug]Pelipper||FocusSash|Drizzle|WeatherBall,Hurricane,Tailwind,Protect|||M|||50|,,,,,Ground]Basculegion||ChoiceBand|SwiftSwim|WaveCrash,LastRespects,FlipTurn,AquaJet|||M|||50|,,,,,Water
|inactive|Battle timer is ON: inactive players will automatically lose when time's up. (requested by gaelstromm)
|inactive|PatmonVGC also wants the timer to be on.
|inactive|PatmonVGC has 60 seconds left.
|inactive|gaelstromm has 60 seconds left.
|
|t:|1757855210
|teamsize|p1|4
|teamsize|p2|4
|start
|switch|p1a: Maushold|Maushold, L50|100/100
|switch|p1b: Archaludon|Archaludon, L50, F|100/100
|switch|p2a: Archaludon|Archaludon, L50, F|100/100
|switch|p2b: Amoonguss|Amoonguss, L50, M|100/100
|turn|1
|inactive|gaelstromm has 30 seconds left.
|inactive|gaelstromm has 20 seconds left.
|
|t:|1757855249
|switch|p2a: Pelipper|Pelipper, L50, M|100/100
|-weather|RainDance|[from] ability: Drizzle|[of] p2a: Pelipper
|-terastallize|p1b: Archaludon|Grass
|move|p1a: Maushold|Beat Up|p1b: Archaludon
|-damage|p1b: Archaludon|99/100
|-ability|p1b: Archaludon|Stamina|boost
|-boost|p1b: Archaludon|def|1
|-damage|p1b: Archaludon|98/100
|-ability|p1b: Archaludon|Stamina|boost
|-boost|p1b: Archaludon|def|1
|-damage|p1b: Archaludon|97/100
|-ability|p1b: Archaludon|Stamina|boost
|-boost|p1b: Archaludon|def|1
|-damage|p1b: Archaludon|97/100
|-ability|p1b: Archaludon|Stamina|boost
|-boost|p1b: Archaludon|def|1
|-hitcount|p1b: Archaludon|4
|move|p1b: Archaludon|Body Press|p2a: Pelipper
|-resisted|p2a: Pelipper
|-damage|p2a: Pelipper|54/100
|move|p2b: Amoonguss|Spore|p1b: Archaludon
|-immune|p1b: Archaludon
|
|-weather|RainDance|[upkeep]
|upkeep
|turn|2
|
|t:|1757855273
|move|p1a: Maushold|Follow Me|p1a: Maushold
|-singleturn|p1a: Maushold|move: Follow Me
|move|p2b: Amoonguss|Rage Powder|p2b: Amoonguss
|-singleturn|p2b: Amoonguss|move: Rage Powder
|move|p2a: Pelipper|Hurricane|p1a: Maushold
|-damage|p1a: Maushold|39/100
|move|p1b: Archaludon|Electro Shot||[still]
|-prepare|p1b: Archaludon|Electro Shot
|-boost|p1b: Archaludon|spa|1
|-anim|p1b: Archaludon|Electro Shot|p2a: Pelipper
|-supereffective|p2a: Pelipper
|-damage|p2a: Pelipper|0 fnt
|faint|p2a: Pelipper
|
|-weather|RainDance|[upkeep]
|upkeep
|
|t:|1757855280
|switch|p2a: Archaludon|Archaludon, L50, F|100/100
|turn|3
|inactive|gaelstromm has 30 seconds left.
|
|t:|1757855311
|-terastallize|p2a: Archaludon|Bug
|move|p1a: Maushold|Beat Up|p1b: Archaludon
|-damage|p1b: Archaludon|96/100
|-ability|p1b: Archaludon|Stamina|boost
|-boost|p1b: Archaludon|def|1
|-damage|p1b: Archaludon|96/100
|-ability|p1b: Archaludon|Stamina|boost
|-boost|p1b: Archaludon|def|1
|-damage|p1b: Archaludon|95/100
|-damage|p1b: Archaludon|95/100
|-hitcount|p1b: Archaludon|4
|move|p2a: Archaludon|Electro Shot||[still]
|-prepare|p2a: Archaludon|Electro Shot
|-boost|p2a: Archaludon|spa|1
|-anim|p2a: Archaludon|Electro Shot|p1b: Archaludon
|-resisted|p1b: Archaludon
|-damage|p1b: Archaludon|81/100
|move|p1b: Archaludon|Body Press|p2a: Archaludon
|-resisted|p2a: Archaludon
|-damage|p2a: Archaludon|65/100
|-ability|p2a: Archaludon|Stamina|boost
|-boost|p2a: Archaludon|def|1
|move|p2b: Amoonguss|Pollen Puff|p2a: Archaludon
|-heal|p2a: Archaludon|100/100
|
|-weather|RainDance|[upkeep]
|upkeep
|turn|4
|
|t:|1757855332
|move|p1a: Maushold|Taunt|p2b: Amoonguss
|-start|p2b: Amoonguss|move: Taunt
|move|p2a: Archaludon|Electro Shot||[still]
|-prepare|p2a: Archaludon|Electro Shot
|-boost|p2a: Archaludon|spa|1
|-anim|p2a: Archaludon|Electro Shot|p1b: Archaludon
|-resisted|p1b: Archaludon
|-damage|p1b: Archaludon|64/100
|move|p1b: Archaludon|Electro Shot||[still]
|-prepare|p1b: Archaludon|Electro Shot
|-boost|p1b: Archaludon|spa|1
|-anim|p1b: Archaludon|Electro Shot|p2a: Archaludon
|-damage|p2a: Archaludon|43/100
|-ability|p2a: Archaludon|Stamina|boost
|-boost|p2a: Archaludon|def|1
|cant|p2b: Amoonguss|move: Taunt|Spore
|
|-weather|RainDance|[upkeep]
|upkeep
|turn|5
|
|t:|1757855354
|move|p1a: Maushold|Follow Me|p1a: Maushold
|-singleturn|p1a: Maushold|move: Follow Me
|move|p2a: Archaludon|Dragon Pulse|p1a: Maushold
|-damage|p1a: Maushold|0 fnt
|faint|p1a: Maushold
|move|p1b: Archaludon|Electro Shot||[still]
|-prepare|p1b: Archaludon|Electro Shot
|-boost|p1b: Archaludon|spa|1
|-anim|p1b: Archaludon|Electro Shot|p2a: Archaludon
|-damage|p2a: Archaludon|0 fnt
|faint|p2a: Archaludon
|move|p2b: Amoonguss|Pollen Puff|p1b: Archaludon
|-supereffective|p1b: Archaludon
|-crit|p1b: Archaludon
|-damage|p1b: Archaludon|31/100
|
|-weather|none
|upkeep
|
|t:|1757855357
|switch|p1a: Sinistcha|Sinistcha, L50|100/100
|switch|p2a: Basculegion|Basculegion, L50, M|100/100
|-heal|p1b: Archaludon|56/100|[from] ability: Hospitality|[of] p1a: Sinistcha
|turn|6
|
|t:|1757855371
|switch|p1a: Pelipper|Pelipper, L50, M|100/100
|-weather|RainDance|[from] ability: Drizzle|[of] p1a: Pelipper
|move|p2a: Basculegion|Last Respects|p1b: Archaludon
|-damage|p1b: Archaludon|36/100
|move|p1b: Archaludon|Electro Shot||[still]
|-prepare|p1b: Archaludon|Electro Shot
|-boost|p1b: Archaludon|spa|1
|-anim|p1b: Archaludon|Electro Shot|p2a: Basculegion
|-supereffective|p2a: Basculegion
|-damage|p2a: Basculegion|0 fnt
|faint|p2a: Basculegion
|move|p2b: Amoonguss|Pollen Puff|p1b: Archaludon
|-supereffective|p1b: Archaludon
|-damage|p1b: Archaludon|16/100
|
|-weather|RainDance|[upkeep]
|-end|p2b: Amoonguss|move: Taunt
|upkeep
|turn|7
|
|t:|1757855383
|move|p1a: Pelipper|Hurricane|p2b: Amoonguss
|-supereffective|p2b: Amoonguss
|-damage|p2b: Amoonguss|31/100
|-start|p2b: Amoonguss|confusion
|-enditem|p2b: Amoonguss|Sitrus Berry|[eat]
|-heal|p2b: Amoonguss|56/100|[from] item: Sitrus Berry
|move|p1b: Archaludon|Electro Shot||[still]
|-prepare|p1b: Archaludon|Electro Shot
|-boost|p1b: Archaludon|spa|1
|-anim|p1b: Archaludon|Electro Shot|p2b: Amoonguss
|-resisted|p2b: Amoonguss
|-damage|p2b: Amoonguss|2/100
|-activate|p2b: Amoonguss|confusion
|move|p2b: Amoonguss|Spore|p1a: Pelipper
|-status|p1a: Pelipper|slp|[from] move: Spore
|
|-weather|RainDance|[upkeep]
|upkeep
|turn|8
|
|t:|1757855388
|cant|p1a: Pelipper|slp
|move|p1b: Archaludon|Electro Shot||[still]
|-prepare|p1b: Archaludon|Electro Shot
|-boost|p1b: Archaludon|spa|1
|-anim|p1b: Archaludon|Electro Shot|p2b: Amoonguss
|-resisted|p2b: Amoonguss
|-damage|p2b: Amoonguss|0 fnt
|faint|p2b: Amoonguss
|
|win|PatmonVGC
||gaelstromm is ready for game 2.
|inactive|PatmonVGC has 30 seconds to confirm battle start!
|inactive|PatmonVGC has 20 seconds to confirm battle start!
||PatmonVGC is ready for game 2.
|uhtml|next|Next: Game 2 of 3
|l|☆PatmonVGC
|player|p1|
