|j|☆zefhkb505
|j|☆Moonlight Flutter
|html|zefhkb505Moonlight Flutter    
|uhtml|bestof|Game 2 of a best-of-3
|t:|1783173756
|gametype|doubles
|player|p1|zefhkb505|hilbert|
|player|p2|Moonlight Flutter|miku-flying|
|gen|9
|tier|[Gen 9 Champions] VGC 2026 Reg M-B (Bo3)
|rule|Species Clause: Limit one of each Pokémon
|rule|Item Clause: Limit 1 of each item
|clearpoke
|poke|p1|Azumarill, L50, F|
|poke|p1|Sinistcha, L50|
|poke|p1|Farigiraf, L50, M|
|poke|p1|Pelipper, L50, F|
|poke|p1|Incineroar, L50, M|
|poke|p1|Raichu, L50, F|
|poke|p2|Sinistcha, L50|
|poke|p2|Incineroar, L50, F|
|poke|p2|Milotic, L50, F|
|poke|p2|Raichu, L50, F|
|poke|p2|Ceruledge, L50, F|
|poke|p2|Mawile, L50, F, shiny|
|teampreview|4
|showteam|p1|Azumarill||SitrusBerry|HugePower|BellyDrum,AquaJet,PlayRough,Protect|Adamant||F|||50|]Sinistcha||CobaBerry|Hospitality|RagePowder,MatchaGotcha,TrickRoom,LifeDew|Relaxed|||||50|]Farigiraf||ColburBerry|ArmorTail|TwinBeam,TrickRoom,LightScreen,HyperVoice|Quiet||M|||50|]Pelipper||LifeOrb|Drizzle|Hurricane,WeatherBall,Roost,WideGuard|Modest||F|||50|]Incineroar||PasshoBerry|Intimidate|FlareBlitz,DarkestLariat,PartingShot,FakeOut|Adamant||M|||50|]Raichu||RaichuniteY|LightningRod|FakeOut,FocusBlast,ZapCannon,Protect|Timid||F|||50|
|showteam|p2|Sinistcha||FocusSash|Hospitality|MatchaGotcha,LifeDew,RagePowder,Protect|Relaxed|||||50|]Incineroar||SitrusBerry|Intimidate|FlareBlitz,ThroatChop,FakeOut,PartingShot|Impish||F|||50|]Milotic||Leftovers|Competitive|MuddyWater,Coil,Hypnosis,Protect|Calm||F|||50|]Raichu||RaichuniteY|LightningRod|ZapCannon,FocusBlast,FakeOut,Protect|Timid||F|||50|]Ceruledge||ColburBerry|FlashFire|BitterBlade,ShadowSneak,BulkUp,Protect|Adamant||F|||50|]Mawile||Mawilite|HyperCutter|PlayRough,SuckerPunch,SwordsDance,Protect|Adamant||F|||50|
|
|t:|1783173782
|teamsize|p1|4
|teamsize|p2|4
|start
|switch|p1a: Azumarill|Azumarill, L50, F|100/100
|switch|p1b: Raichu|Raichu, L50, F|100/100
|switch|p2a: Sinistcha|Sinistcha, L50|100/100
|switch|p2b: Raichu|Raichu, L50, F|100/100
|turn|1
|
|t:|1783173804
|switch|p1b: Farigiraf|Farigiraf, L50, M|100/100
|move|p2b: Raichu|Protect|p2b: Raichu
|-singleturn|p2b: Raichu|Protect
|move|p2a: Sinistcha|Matcha Gotcha|p1a: Azumarill|[spread] p1b
|-miss|p2a: Sinistcha|p1a: Azumarill
|-damage|p1b: Farigiraf|77/100
|move|p1a: Azumarill|Belly Drum|p1a: Azumarill
|-damage|p1a: Azumarill|50/100y
|-setboost|p1a: Azumarill|atk|6|[from] move: Belly Drum
|-enditem|p1a: Azumarill|Sitrus Berry|[eat]
|-heal|p1a: Azumarill|74/100|[from] item: Sitrus Berry
|
|upkeep
|turn|2
|
|t:|1783173827
|switch|p2b: Incineroar|Incineroar, L50, F|100/100
|-ability|p2b: Incineroar|Intimidate|boost
|-unboost|p1a: Azumarill|atk|1
|-unboost|p1b: Farigiraf|atk|1
|move|p1a: Azumarill|Protect|p1a: Azumarill
|-singleturn|p1a: Azumarill|Protect
|move|p2a: Sinistcha|Matcha Gotcha|p1b: Farigiraf|[spread] p1b
|-activate|p1a: Azumarill|move: Protect
|-damage|p1b: Farigiraf|55/100
|move|p1b: Farigiraf|Light Screen|p1b: Farigiraf
|-sidestart|p1: zefhkb505|move: Light Screen
|
|upkeep
|turn|3
|
|t:|1783173865
|switch|p2b: Milotic|Milotic, L50, F|100/100
|move|p2a: Sinistcha|Protect|p2a: Sinistcha
|-singleturn|p2a: Sinistcha|Protect
|move|p1b: Farigiraf|Twin Beam|p2a: Sinistcha
|-activate|p2a: Sinistcha|move: Protect
|move|p1a: Azumarill|Play Rough|p2a: Sinistcha
|-activate|p2a: Sinistcha|move: Protect
|
|upkeep
|turn|4
|
|t:|1783173882
|switch|p1b: Pelipper|Pelipper, L50, F|100/100
|-weather|RainDance|[from] ability: Drizzle|[of] p1b: Pelipper
|move|p1a: Azumarill|Protect|p1a: Azumarill
|-singleturn|p1a: Azumarill|Protect
|move|p2b: Milotic|Hypnosis|p1a: Azumarill
|-activate|p1a: Azumarill|move: Protect
|move|p2a: Sinistcha|Matcha Gotcha|p1a: Azumarill|[spread] p1b
|-activate|p1a: Azumarill|move: Protect
|-damage|p1b: Pelipper|74/100
|
|-weather|RainDance|[upkeep]
|upkeep
|turn|5
|
|t:|1783173905
|switch|p2a: Incineroar|Incineroar, L50, F|100/100
|-ability|p2a: Incineroar|Intimidate|boost
|-unboost|p1a: Azumarill|atk|1
|-unboost|p1b: Pelipper|atk|1
|move|p1b: Pelipper|Wide Guard|p1b: Pelipper
|-singleturn|p1b: Pelipper|Wide Guard
|move|p2b: Milotic|Hypnosis|p1a: Azumarill|[miss]
|-miss|p2b: Milotic|p1a: Azumarill
|move|p1a: Azumarill|Play Rough|p2b: Milotic
|-damage|p2b: Milotic|0 fnt
|faint|p2b: Milotic
|
|-weather|RainDance|[upkeep]
|upkeep
|
|t:|1783173924
|switch|p2b: Sinistcha|Sinistcha, L50|100/100
|turn|6
|
|t:|1783173938
|switch|p2a: Raichu|Raichu, L50, F|100/100
|move|p1b: Pelipper|Wide Guard|p1b: Pelipper
|-singleturn|p1b: Pelipper|Wide Guard
|move|p2b: Sinistcha|Matcha Gotcha|p1b: Pelipper|[spread] 
|-activate|p1a: Azumarill|move: Wide Guard
|-activate|p1b: Pelipper|move: Wide Guard
|move|p1a: Azumarill|Play Rough|p2b: Sinistcha
|-enditem|p2b: Sinistcha|Focus Sash
|-damage|p2b: Sinistcha|1/100
|
|-weather|RainDance|[upkeep]
|-sideend|p1: zefhkb505|move: Light Screen
|upkeep
|turn|7
|
|t:|1783173956
|switch|p1b: Raichu|Raichu, L50, F|100/100
|move|p2a: Raichu|Protect|p2a: Raichu
|-singleturn|p2a: Raichu|Protect
|move|p2b: Sinistcha|Protect|p2b: Sinistcha
|-singleturn|p2b: Sinistcha|Protect
|move|p1a: Azumarill|Aqua Jet|p2b: Sinistcha
|-activate|p2b: Sinistcha|move: Protect
|
|-weather|RainDance|[upkeep]
|upkeep
|turn|8
|
|t:|1783173971
|switch|p2a: Incineroar|Incineroar, L50, F|100/100
|-ability|p2a: Incineroar|Intimidate|boost
|-unboost|p1a: Azumarill|atk|1
|-unboost|p1b: Raichu|atk|1
|move|p2b: Sinistcha|Protect|p2b: Sinistcha
|-singleturn|p2b: Sinistcha|Protect
|move|p1b: Raichu|Fake Out|p2a: Incineroar
|-damage|p2a: Incineroar|96/100
|move|p1a: Azumarill|Aqua Jet|p2b: Sinistcha
|-activate|p2b: Sinistcha|move: Protect
|
|-weather|none
|upkeep
|turn|9
|
|t:|1783173986
|switch|p1b: Farigiraf|Farigiraf, L50, M|55/100
|switch|p2b: Raichu|Raichu, L50, F|100/100
|move|p2a: Incineroar|Fake Out||[still]
|cant|p1b: Farigiraf|ability: Armor Tail|Fake Out|[of] p2a: Incineroar
|move|p1a: Azumarill|Aqua Jet|p2b: Raichu
|-damage|p2b: Raichu|5/100
|
|upkeep
|turn|10
|
|t:|1783173998
|move|p2b: Raichu|Protect|p2b: Raichu
|-singleturn|p2b: Raichu|Protect
|move|p1a: Azumarill|Protect|p1a: Azumarill
|-singleturn|p1a: Azumarill|Protect
|move|p2a: Incineroar|Parting Shot|p1a: Azumarill
|-activate|p1a: Azumarill|move: Protect
|move|p1b: Farigiraf|Hyper Voice|p2b: Raichu|[spread] p2a
|-activate|p2b: Raichu|move: Protect
|-damage|p2a: Incineroar|69/100
|
|upkeep
|turn|11
|
|t:|1783174010
|switch|p2b: Sinistcha|Sinistcha, L50|1/100
|-heal|p2a: Incineroar|94/100|[from] ability: Hospitality|[of] p2b: Sinistcha
|switch|p1b: Pelipper|Pelipper, L50, F|74/100
|-weather|RainDance|[from] ability: Drizzle|[of] p1b: Pelipper
|move|p1a: Azumarill|Aqua Jet|p2a: Incineroar
|-supereffective|p2a: Incineroar|1
|-damage|p2a: Incineroar|0 fnt
|faint|p2a: Incineroar
|
|-weather|RainDance|[upkeep]
|upkeep
|
|t:|1783174017
|switch|p2a: Raichu|Raichu, L50, F|5/100
|turn|12
|
|t:|1783174028
|switch|p1b: Raichu|Raichu, L50, F|100/100
|move|p1a: Azumarill|Protect|p1a: Azumarill
|-singleturn|p1a: Azumarill|Protect
|move|p2a: Raichu|Fake Out|p1b: Raichu
|-damage|p1b: Raichu|82/100
|move|p2b: Sinistcha|Matcha Gotcha|p1a: Azumarill|[spread] p1b
|-activate|p1a: Azumarill|move: Protect
|-damage|p1b: Raichu|44/100
|-heal|p2b: Sinistcha|15/100|[from] drain|[of] p1b: Raichu
|
|-weather|RainDance|[upkeep]
|upkeep
|turn|13
|
|t:|1783174045
|detailschange|p1b: Raichu|Raichu-Mega-Y, L50, F
|-mega|p1b: Raichu|Raichu|Raichunite Y
|move|p2a: Raichu|Protect|p2a: Raichu
|-singleturn|p2a: Raichu|Protect
|move|p2b: Sinistcha|Protect|p2b: Sinistcha
|-singleturn|p2b: Sinistcha|Protect
|move|p1a: Azumarill|Aqua Jet|p2b: Sinistcha
|-activate|p2b: Sinistcha|move: Protect
|move|p1b: Raichu|Focus Blast|p2a: Raichu
|-activate|p2a: Raichu|move: Protect
|
|-weather|RainDance|[upkeep]
|upkeep
|turn|14
|
|t:|1783174059
|detailschange|p2a: Raichu|Raichu-Mega-Y, L50, F
|-mega|p2a: Raichu|Raichu|Raichunite Y
|move|p1a: Azumarill|Aqua Jet|p2b: Sinistcha
|-resisted|p2b: Sinistcha|1
|-damage|p2b: Sinistcha|0 fnt
|faint|p2b: Sinistcha
|move|p1b: Raichu|Focus Blast|p2a: Raichu
|-damage|p2a: Raichu|0 fnt
|faint|p2a: Raichu
|
|win|zefhkb505
||Moonlight Flutter is ready for game 3.
||zefhkb505 is ready for game 3.
|uhtml|next|Next: Game 3 of 3
|l|☆zefhkb505
|player|p1|
