|j|☆minecraftaviral
|j|☆momsaidso
|html|minecraftaviralmomsaidso    
|uhtml|bestof|Game 2 of a best-of-3
|t:|1785302195
|gametype|doubles
|player|p1|minecraftaviral|170|
|player|p2|momsaidso|101|
|gen|9
|tier|[Gen 9 Champions] VGC 2026 Reg M-B (Bo3)
|rule|Species Clause: Limit one of each Pokémon
|rule|Item Clause: Limit 1 of each item
|clearpoke
|poke|p1|Malamar, L50, M|
|poke|p1|Maushold, L50|
|poke|p1|Mawile, L50, F|
|poke|p1|Sinistcha, L50|
|poke|p1|Whimsicott, L50, M|
|poke|p1|Incineroar, L50, M|
|poke|p2|Charizard, L50, M, shiny|
|poke|p2|Incineroar, L50, M, shiny|
|poke|p2|Whimsicott, L50, F, shiny|
|poke|p2|Kingambit, L50, F, shiny|
|poke|p2|Sinistcha, L50, shiny|
|poke|p2|Garchomp, L50, F, shiny|
|teampreview|4
|showteam|p1|Malamar||Malamarite|Contrary|Superpower,KnockOff,TrickRoom,Protect|Adamant||M|||50|]Maushold||WideLens|Technician|PopulationBomb,FollowMe,Feint,Protect|Jolly|||||50|]Mawile||Mawilite|HyperCutter|PlayRough,RockSlide,SuckerPunch,Protect|Brave||F|||50|]Sinistcha||ColburBerry|Hospitality|MatchaGotcha,LifeDew,RagePowder,Protect|Calm|||||50|]Whimsicott||FocusSash|Prankster|Moonblast,Tailwind,Charm,FakeTears|Modest||M|||50|]Incineroar||LifeOrb|Intimidate|FlareBlitz,DarkestLariat,PartingShot,FakeOut|Brave||M|||50|
|showteam|p2|Charizard||CharizarditeY|Blaze|HeatWave,SolarBeam,Protect,Overheat|Timid||M|||50|]Incineroar||SitrusBerry|Intimidate|FakeOut,PartingShot,FlareBlitz,ThroatChop|Adamant||M|||50|]Whimsicott||FocusSash|Prankster|Tailwind,Moonblast,Encore,Protect|Timid||F|||50|]Kingambit||BlackGlasses|SupremeOverlord|KowtowCleave,IronHead,SuckerPunch,Protect|Adamant||F|||50|]Sinistcha||Leftovers|Hospitality|MatchaGotcha,RagePowder,StrengthSap,Protect|Bold|||||50|]Garchomp||LumBerry|RoughSkin|Earthquake,DragonClaw,RockSlide,Protect|Jolly||F|||50|
|
|t:|1785302236
|teamsize|p1|4
|teamsize|p2|4
|start
|switch|p1a: Malamar|Malamar, L50, M|100/100
|switch|p1b: Incineroar|Incineroar, L50, M|100/100
|switch|p2a: Sinistcha|Sinistcha, L50, shiny|100/100
|switch|p2b: Incineroar|Incineroar, L50, M, shiny|100/100
|-ability|p2b: Incineroar|Intimidate|boost
|-boost|p1a: Malamar|atk|1
|-unboost|p1b: Incineroar|atk|1
|-ability|p1b: Incineroar|Intimidate|boost
|-unboost|p2a: Sinistcha|atk|1
|-unboost|p2b: Incineroar|atk|1
|turn|1
|
|t:|1785302265
|move|p2b: Incineroar|Fake Out|p1a: Malamar
|-damage|p1a: Malamar|90/100
|move|p2a: Sinistcha|Matcha Gotcha|p1b: Incineroar|[spread] p1b
|-miss|p2a: Sinistcha|p1a: Malamar
|-resisted|p1b: Incineroar|1
|-damage|p1b: Incineroar|86/100
|move|p1b: Incineroar|Flare Blitz|p2a: Sinistcha
|-supereffective|p2a: Sinistcha|1
|-damage|p2a: Sinistcha|12/100
|-damage|p1b: Incineroar|61/100|[from] Recoil
|-damage|p1b: Incineroar|51/100|[from] item: Life Orb
|cant|p1a: Malamar|flinch
|
|-heal|p2a: Sinistcha|18/100|[from] item: Leftovers
|upkeep
|turn|2
|
|t:|1785302297
|move|p2a: Sinistcha|Matcha Gotcha|p1a: Malamar|[spread] p1a,p1b
|-resisted|p1b: Incineroar|1
|-damage|p1a: Malamar|61/100
|-heal|p2a: Sinistcha|33/100|[from] drain|[of] p1a: Malamar
|-damage|p1b: Incineroar|38/100
|-heal|p2a: Sinistcha|41/100|[from] drain|[of] p1b: Incineroar
|move|p2b: Incineroar|Parting Shot|p1a: Malamar
|-boost|p1a: Malamar|atk|1
|-boost|p1a: Malamar|spa|1
|
|t:|1785302335
|switch|p2b: Charizard|Charizard, L50, M, shiny|100/100|[from] Parting Shot
|move|p1b: Incineroar|Parting Shot|p1a: Malamar
|-boost|p1a: Malamar|atk|1
|-boost|p1a: Malamar|spa|1
|
|t:|1785302342
|switch|p1b: Mawile|Mawile, L50, F|100/100|[from] Parting Shot
|move|p1a: Malamar|Trick Room|p1a: Malamar
|-fieldstart|move: Trick Room|[of] p1a: Malamar
|
|-heal|p2a: Sinistcha|47/100|[from] item: Leftovers
|upkeep
|turn|3
|
|t:|1785302367
|detailschange|p1b: Mawile|Mawile-Mega, L50, F
|-mega|p1b: Mawile|Mawile|Mawilite
|move|p2b: Charizard|Protect|p2b: Charizard
|-singleturn|p2b: Charizard|Protect
|move|p1b: Mawile|Rock Slide|p2b: Charizard|[spread] p2a
|-activate|p2b: Charizard|move: Protect
|-damage|p2a: Sinistcha|16/100
|move|p2a: Sinistcha|Matcha Gotcha|p1a: Malamar|[spread] p1a,p1b
|-resisted|p1b: Mawile|1
|-crit|p1b: Mawile
|-damage|p1a: Malamar|31/100
|-heal|p2a: Sinistcha|33/100|[from] drain|[of] p1a: Malamar
|-damage|p1b: Mawile|77/100
|-heal|p2a: Sinistcha|43/100|[from] drain|[of] p1b: Mawile
|move|p1a: Malamar|Knock Off|p2a: Sinistcha
|-supereffective|p2a: Sinistcha|1
|-crit|p2a: Sinistcha
|-damage|p2a: Sinistcha|0 fnt
|-enditem|p2a: Sinistcha|Leftovers|[from] move: Knock Off|[of] p1a: Malamar
|faint|p2a: Sinistcha
|
|upkeep
|
|t:|1785302417
|switch|p2a: Incineroar|Incineroar, L50, M, shiny|100/100
|-ability|p2a: Incineroar|Intimidate|boost
|-boost|p1a: Malamar|atk|1
|-unboost|p1b: Mawile|atk|1
|turn|4
|
|t:|1785302430
|detailschange|p2b: Charizard|Charizard-Mega-Y, L50, M, shiny
|-mega|p2b: Charizard|Charizard|Charizardite Y
|-weather|SunnyDay|[from] ability: Drought|[of] p2b: Charizard
|move|p1b: Mawile|Protect|p1b: Mawile
|-singleturn|p1b: Mawile|Protect
|move|p1a: Malamar|Protect|p1a: Malamar
|-singleturn|p1a: Malamar|Protect
|move|p2a: Incineroar|Fake Out|p1a: Malamar
|-activate|p1a: Malamar|move: Protect
|move|p2b: Charizard|Heat Wave|p1a: Malamar|[spread] 
|-activate|p1a: Malamar|move: Protect
|-activate|p1b: Mawile|move: Protect
|
|-weather|SunnyDay|[upkeep]
|upkeep
|turn|5
|
|t:|1785302469
|switch|p1b: Incineroar|Incineroar, L50, M|38/100
|-ability|p1b: Incineroar|Intimidate|boost
|-unboost|p2a: Incineroar|atk|1
|-unboost|p2b: Charizard|atk|1
|move|p2a: Incineroar|Flare Blitz|p1a: Malamar
|-damage|p1a: Malamar|0 fnt
|faint|p1a: Malamar
|-damage|p2a: Incineroar|90/100|[from] Recoil
|move|p2b: Charizard|Heat Wave|p1b: Incineroar
|-resisted|p1b: Incineroar|1
|-damage|p1b: Incineroar|0 fnt
|faint|p1b: Incineroar
|
|-weather|SunnyDay|[upkeep]
|upkeep
|
|t:|1785302485
|switch|p1b: Mawile|Mawile-Mega, L50, F|77/100
|switch|p1a: Maushold|Maushold, L50|100/100
|turn|6
|
|t:|1785302515
|move|p2b: Charizard|Protect|p2b: Charizard
|-singleturn|p2b: Charizard|Protect
|move|p1a: Maushold|Protect|p1a: Maushold
|-singleturn|p1a: Maushold|Protect
|move|p1b: Mawile|Rock Slide|p2b: Charizard|[spread] p2a
|-activate|p2b: Charizard|move: Protect
|-supereffective|p2a: Incineroar|1
|-damage|p2a: Incineroar|16/100
|-enditem|p2a: Incineroar|Sitrus Berry|[eat]
|-heal|p2a: Incineroar|41/100|[from] item: Sitrus Berry
|cant|p2a: Incineroar|flinch
|
|-weather|SunnyDay|[upkeep]
|-fieldend|move: Trick Room
|upkeep
|turn|7
|
|t:|1785302543
|move|p1b: Mawile|Sucker Punch|p2a: Incineroar
|-resisted|p2a: Incineroar|1
|-damage|p2a: Incineroar|17/100
|move|p1a: Maushold|Population Bomb|p2b: Charizard
|-damage|p2b: Charizard|82/100
|-damage|p2b: Charizard|65/100
|-crit|p2b: Charizard
|-damage|p2b: Charizard|40/100
|-crit|p2b: Charizard
|-damage|p2b: Charizard|16/100
|-hitcount|p2b: Charizard|4
|move|p2b: Charizard|Heat Wave|p1b: Mawile|[spread] p1a,p1b
|-supereffective|p1b: Mawile|1
|-damage|p1a: Maushold|6/100
|-damage|p1b: Mawile|0 fnt
|faint|p1b: Mawile
|move|p2a: Incineroar|Flare Blitz|p1a: Maushold
|-damage|p1a: Maushold|0 fnt
|faint|p1a: Maushold
|-damage|p2a: Incineroar|16/100|[from] Recoil
|
|win|momsaidso
|inactive|minecraftaviral has 30 seconds to confirm battle start!
|inactive|momsaidso has 30 seconds to confirm battle start!
||minecraftaviral is ready for game 3.
|inactive|momsaidso has 20 seconds to confirm battle start!
