|j|☆EgoJJ
|j|☆Ray_Nilson
|html|EgoJJRay_Nilson    
|uhtml|bestof|Game 1 of a best-of-3
|t:|1756925591
|gametype|doubles
|player|p1|EgoJJ|brock|1132
|player|p2|Ray_Nilson|gambler|1040
|gen|9
|tier|[Gen 9] VGC 2025 Reg H (Bo3)
|rated|
|rule|Species Clause: Limit one of each Pokémon
|rule|Item Clause: Limit 1 of each item
|clearpoke
|poke|p1|Glimmora, L50, M|
|poke|p1|Tatsugiri, L50, M|
|poke|p1|Dondozo, L50, M|
|poke|p1|Rillaboom, L50, F|
|poke|p1|Volcarona, L50, M|
|poke|p1|Sneasler, L50, M|
|poke|p2|Volcarona, L50, M|
|poke|p2|Rotom-Wash, L50|
|poke|p2|Amoonguss, L50, M|
|poke|p2|Corviknight, L50, M|
|poke|p2|Garchomp, L50, M|
|teampreview|4
|showteam|p1|Glimmora||PowerHerb|ToxicDebris|MeteorBeam,SludgeBomb,EarthPower,SpikyShield|||M|||50|,,,,,Grass]Tatsugiri||FocusSash|Commander|DracoMeteor,MuddyWater,Taunt,Protect|||M|||50|,,,,,Stellar]Dondozo||CovertCloak|Unaware|WaveCrash,OrderUp,HeavySlam,Protect|||M|||50|,,,,,Steel]Rillaboom||AssaultVest|GrassySurge|FakeOut,GrassyGlide,WoodHammer,HighHorsepower|||F|||50|,,,,,Fire]Volcarona||SitrusBerry|FlameBody|FieryDance,TeraBlast,WillOWisp,Tailwind|||M|||50|,,,,,Fairy]Sneasler||GrassySeed|Unburden|DireClaw,CloseCombat,Coaching,Protect|||M|||50|,,,,,Stellar
|showteam|p2|Volcarona||SafetyGoggles|FlameBody|HeatWave,BugBuzz,Protect,QuiverDance|||M|||50|,,,,,Water]Rotom-Wash||SitrusBerry|Levitate|HydroPump,WillOWisp,VoltSwitch,Protect||||||50|,,,,,Ghost]Amoonguss||BlackSludge|Regenerator|Spore,RagePowder,Protect,PollenPuff|||M|||50|,,,,,Dark]Corviknight||CovertCloak|MirrorArmor|Tailwind,IronHead,BraveBird,Roost|||M|||50|,,,,,Grass]Garchomp||LifeOrb|RoughSkin|Protect,DragonClaw,RockSlide,Earthquake|||M|||50|,,,,,Ground
|inactive|Battle timer is ON: inactive players will automatically lose when time's up. (requested by EgoJJ)
|inactive|Ray_Nilson has 60 seconds left.
|
|t:|1756925632
|teamsize|p1|4
|teamsize|p2|4
|start
|switch|p1a: Glimmora|Glimmora, L50, M|100/100
|switch|p1b: Volcarona|Volcarona, L50, M|100/100
|switch|p2a: Rotom|Rotom-Wash, L50, shiny|100/100
|switch|p2b: Volcarona|Volcarona, L50, M|100/100
|turn|1
|inactive|EgoJJ has 30 seconds left.
|inactive|EgoJJ has 20 seconds left.
|inactive|EgoJJ has 15 seconds left.
|
|t:|1756925672
|-terastallize|p2b: Volcarona|Water
|move|p1b: Volcarona|Tailwind|p1b: Volcarona
|-sidestart|p1: EgoJJ|move: Tailwind
|move|p1a: Glimmora|Meteor Beam||[still]
|-prepare|p1a: Glimmora|Meteor Beam
|-boost|p1a: Glimmora|spa|1
|-enditem|p1a: Glimmora|Power Herb
|-anim|p1a: Glimmora|Meteor Beam|p2b: Volcarona
|-damage|p2b: Volcarona|11/100
|move|p2b: Volcarona|Quiver Dance|p2b: Volcarona
|-boost|p2b: Volcarona|spa|1
|-boost|p2b: Volcarona|spd|1
|-boost|p2b: Volcarona|spe|1
|move|p2a: Rotom|Hydro Pump|p1a: Glimmora
|-supereffective|p1a: Glimmora
|-damage|p1a: Glimmora|0 fnt
|faint|p1a: Glimmora
|
|upkeep
|
|t:|1756925691
|switch|p1a: Tatsugiri|Tatsugiri, L50, M|100/100
|turn|2
|inactive|EgoJJ has 30 seconds left.
|inactive|EgoJJ has 20 seconds left.
|
|t:|1756925731
|-terastallize|p1b: Volcarona|Fairy
|move|p1b: Volcarona|Tera Blast|p2a: Rotom|[anim] Tera Blast Fairy
|-crit|p2a: Rotom
|-damage|p2a: Rotom|43/100
|-enditem|p2a: Rotom|Sitrus Berry|[eat]
|-heal|p2a: Rotom|68/100|[from] item: Sitrus Berry
|move|p1a: Tatsugiri|Draco Meteor|p2b: Volcarona
|-damage|p2b: Volcarona|0 fnt
|-unboost|p1a: Tatsugiri|spa|2
|faint|p2b: Volcarona
|move|p2a: Rotom|Volt Switch|p1b: Volcarona
|-damage|p1b: Volcarona|75/100
|
|t:|1756925739
|switch|p2a: Corviknight|Corviknight, L50, M, shiny|100/100|[from] Volt Switch
|
|upkeep
|
|t:|1756925746
|switch|p2b: Amoonguss|Amoonguss, L50, M, shiny|100/100
|turn|3
|
|t:|1756925763
|move|p2b: Amoonguss|Rage Powder|p2b: Amoonguss
|-singleturn|p2b: Amoonguss|move: Rage Powder
|move|p1b: Volcarona|Will-O-Wisp|p2b: Amoonguss
|-status|p2b: Amoonguss|brn
|move|p1a: Tatsugiri|Taunt|p2b: Amoonguss
|-start|p2b: Amoonguss|move: Taunt
|move|p2a: Corviknight|Iron Head|p1b: Volcarona
|-supereffective|p1b: Volcarona
|-damage|p1b: Volcarona|17/100
|-status|p2a: Corviknight|brn|[from] ability: Flame Body|[of] p1b: Volcarona
|-enditem|p1b: Volcarona|Sitrus Berry|[eat]
|-heal|p1b: Volcarona|42/100|[from] item: Sitrus Berry
|
|-damage|p2a: Corviknight|94/100 brn|[from] brn
|-damage|p2b: Amoonguss|95/100 brn|[from] brn
|upkeep
|turn|4
|inactive|EgoJJ has 30 seconds left.
|inactive|EgoJJ has 20 seconds left.
|
|t:|1756925800
|move|p1b: Volcarona|Fiery Dance|p2b: Amoonguss
|-supereffective|p2b: Amoonguss
|-damage|p2b: Amoonguss|31/100 brn
|move|p1a: Tatsugiri|Taunt|p2a: Corviknight
|-start|p2a: Corviknight|move: Taunt
|cant|p2a: Corviknight|move: Taunt|Tailwind
|move|p2b: Amoonguss|Pollen Puff|p1b: Volcarona
|-resisted|p1b: Volcarona
|-damage|p1b: Volcarona|33/100
|
|-heal|p2b: Amoonguss|37/100 brn|[from] item: Black Sludge
|-damage|p2a: Corviknight|88/100 brn|[from] brn
|-damage|p2b: Amoonguss|31/100 brn|[from] brn
|-sideend|p1: EgoJJ|move: Tailwind
|upkeep
|turn|5
|
|t:|1756925813
|move|p1b: Volcarona|Fiery Dance|p2b: Amoonguss
|-supereffective|p2b: Amoonguss
|-damage|p2b: Amoonguss|0 fnt
|faint|p2b: Amoonguss
|move|p1a: Tatsugiri|Muddy Water|p2a: Corviknight
|-damage|p2a: Corviknight|69/100 brn
|move|p2a: Corviknight|Iron Head|p1b: Volcarona
|-supereffective|p1b: Volcarona
|-damage|p1b: Volcarona|4/100
|
|-damage|p2a: Corviknight|63/100 brn|[from] brn
|upkeep
|
|t:|1756925816
|switch|p2b: Rotom|Rotom-Wash, L50, shiny|68/100
|turn|6
|
|t:|1756925830
|move|p1b: Volcarona|Fiery Dance|p2a: Corviknight
|-supereffective|p2a: Corviknight
|-damage|p2a: Corviknight|2/100 brn
|-boost|p1b: Volcarona|spa|1
|move|p1a: Tatsugiri|Taunt|p2b: Rotom
|-start|p2b: Rotom|move: Taunt
|move|p2a: Corviknight|Iron Head|p1b: Volcarona
|-supereffective|p1b: Volcarona
|-damage|p1b: Volcarona|0 fnt
|faint|p1b: Volcarona
|move|p2b: Rotom|Volt Switch|p1a: Tatsugiri
|-damage|p1a: Tatsugiri|62/100
|
|-damage|p2a: Corviknight|0 fnt|[from] brn
|faint|p2a: Corviknight
|upkeep
|
|t:|1756925839
|switch|p1b: Dondozo|Dondozo, L50, M|100/100
|-activate|p1a: Tatsugiri|ability: Commander|[of] p1b: Dondozo
|-boost|p1b: Dondozo|atk|2
|-boost|p1b: Dondozo|spa|2
|-boost|p1b: Dondozo|spe|2
|-boost|p1b: Dondozo|def|2
|-boost|p1b: Dondozo|spd|2
|turn|7
|
|t:|1756925843
|move|p1b: Dondozo|Order Up|p2b: Rotom
|-damage|p2b: Rotom|29/100
|-boost|p1b: Dondozo|atk|1
|move|p2b: Rotom|Volt Switch|p1b: Dondozo
|-supereffective|p1b: Dondozo
|-damage|p1b: Dondozo|77/100
|
|upkeep
|turn|8
|
|t:|1756925856
|move|p1b: Dondozo|Order Up|p2b: Rotom
|-damage|p2b: Rotom|0 fnt
|faint|p2b: Rotom
|
|win|EgoJJ
||Ray_Nilson is ready for game 2.
||EgoJJ is ready for game 2.
|uhtml|next|Next: Game 2 of 3
|l|☆Ray_Nilson
|player|p2|
