|j|☆gackajink
|j|☆Scaramouche_UwU6
|html|gackajinkScaramouche_UwU6    
|uhtml|bestof|Game 1 of a best-of-3
|t:|1785736442
|gametype|doubles
|player|p1|gackajink|miku-flying|
|player|p2|Scaramouche_UwU6|102|
|gen|9
|tier|[Gen 9 Champions] VGC 2026 Reg M-B (Bo3)
|rule|Species Clause: Limit one of each Pokémon
|rule|Item Clause: Limit 1 of each item
|clearpoke
|poke|p1|Alakazam, L50, F|
|poke|p1|Meowstic, L50, M|
|poke|p1|Sneasler, L50, F|
|poke|p1|Whimsicott, L50, F, shiny|
|poke|p1|Basculegion, L50, M|
|poke|p1|Gallade, L50, M|
|poke|p2|Malamar, L50, M, shiny|
|poke|p2|Meowstic, L50, M|
|poke|p2|Sinistcha, L50|
|poke|p2|Incineroar, L50, M, shiny|
|poke|p2|Noivern, L50, M, shiny|
|poke|p2|Floette-Eternal, L50, F|
|teampreview|4
|showteam|p1|Alakazam||Alakazite|InnerFocus|NastyPlot,ExpandingForce,FocusBlast,Protect|Modest||F|||50|]Meowstic||Meowsticite|Prankster|FakeOut,PsychicTerrain,ExpandingForce,MagicRoom|Timid||M|||50|]Sneasler||WhiteHerb|Unburden|FakeOut,CloseCombat,DireClaw,Protect|Adamant||F|||50|]Whimsicott||FocusSash|Prankster|Tailwind,LightScreen,Moonblast,Protect|Modest||F|||50|]Basculegion||SitrusBerry|Adaptability|WaveCrash,FlipTurn,LastRespects,Protect|Adamant||M|||50|]Gallade||Galladite|Sharpness|Imprison,SacredSword,PsychoCut,TrickRoom|Adamant||M|||50|
|showteam|p2|Malamar||Malamarite|Contrary|KnockOff,Superpower,TrickRoom,Protect|Adamant||M|||50|]Meowstic||ColburBerry|Prankster|PsychicNoise,FakeTears,Charm,QuickGuard|Timid||M|||50|]Sinistcha||Leftovers|Hospitality|MatchaGotcha,RagePowder,LifeDew,Protect|Sassy|||||50|]Incineroar||LifeOrb|Intimidate|FlareBlitz,DarkestLariat,FakeOut,PartingShot|Brave||M|||50|]Noivern||FocusSash|Frisk|DracoMeteor,AirSlash,Tailwind,Protect|Timid||M|||50|]Floette-Eternal||Floettite|FlowerVeil|DazzlingGleam,Moonblast,CalmMind,Protect|Timid||F|||50|
|j| Graffiti Boy
|j| nature's gladness
|j| bahumat
|inactive|Battle timer is ON: inactive players will automatically lose when time's up. (requested by Scaramouche_UwU6)
|inactive|gackajink has 60 seconds left.
|
|t:|1785736512
|teamsize|p1|4
|teamsize|p2|4
|start
|switch|p1a: Basculegion|Basculegion, L50, M|100/100
|switch|p1b: Harm of Will|Sneasler, L50, F|100/100
|switch|p2a: Malamar|Malamar, L50, M, shiny|100/100
|switch|p2b: Meowstic|Meowstic, L50, M|100/100
|turn|1
|
|t:|1785736537
|detailschange|p2a: Malamar|Malamar-Mega, L50, M, shiny
|-mega|p2a: Malamar|Malamar|Malamarite
|move|p2b: Meowstic|Quick Guard|p2b: Meowstic
|-singleturn|p2b: Meowstic|Quick Guard
|move|p1b: Harm of Will|Fake Out|p2b: Meowstic
|-activate|p2b: Meowstic|move: Quick Guard
|move|p2a: Malamar|Knock Off|p1a: Basculegion
|-supereffective|p1a: Basculegion|1
|-damage|p1a: Basculegion|28/100
|-enditem|p1a: Basculegion|Sitrus Berry|[from] move: Knock Off|[of] p2a: Malamar
|move|p1a: Basculegion|Wave Crash|p2a: Malamar
|-crit|p2a: Malamar
|-damage|p2a: Malamar|5/100
|-damage|p1a: Basculegion|2/100|[from] Recoil
|
|upkeep
|turn|2
|
|t:|1785736556
|switch|p2b: Incineroar|Incineroar, L50, M, shiny|100/100
|-ability|p2b: Incineroar|Intimidate|boost
|-unboost|p1a: Basculegion|atk|1
|-unboost|p1b: Harm of Will|atk|1
|-enditem|p1b: Harm of Will|White Herb
|-clearnegativeboost|p1b: Harm of Will|[silent]
|move|p2a: Malamar|Protect|p2a: Malamar
|-singleturn|p2a: Malamar|Protect
|move|p1a: Basculegion|Protect|p1a: Basculegion
|-singleturn|p1a: Basculegion|Protect
|move|p1b: Harm of Will|Close Combat|p2a: Malamar
|-activate|p2a: Malamar|move: Protect
|
|upkeep
|turn|3
|inactive|gackajink has 30 seconds left.
|inactive|Scaramouche_UwU6 has 30 seconds left.
|
|t:|1785736594
|switch|p2a: Meowstic|Meowstic, L50, M|100/100
|switch|p1a: Vökuró|Meowstic, L50, M|100/100
|move|p1b: Harm of Will|Protect|p1b: Harm of Will
|-singleturn|p1b: Harm of Will|Protect
|move|p2b: Incineroar|Fake Out|p1b: Harm of Will
|-activate|p1b: Harm of Will|move: Protect
|
|upkeep
|turn|4
|
|t:|1785736612
|move|p1a: Vökuró|Fake Out|p2a: Meowstic
|-damage|p2a: Meowstic|95/100
|move|p1b: Harm of Will|Close Combat|p2b: Incineroar
|-supereffective|p2b: Incineroar|1
|-damage|p2b: Incineroar|0 fnt
|-unboost|p1b: Harm of Will|def|1
|-unboost|p1b: Harm of Will|spd|1
|faint|p2b: Incineroar
|cant|p2a: Meowstic|flinch
|
|upkeep
|
|t:|1785736621
|switch|p2b: Malamar|Malamar-Mega, L50, M, shiny|5/100
|turn|5
|inactive|gackajink has 30 seconds left.
|
|t:|1785736651
|move|p2b: Malamar|Protect|p2b: Malamar
|-singleturn|p2b: Malamar|Protect
|move|p1a: Vökuró|Psychic Terrain|p1a: Vökuró
|-fieldstart|move: Psychic Terrain
|move|p1b: Harm of Will|Close Combat|p2b: Malamar
|-activate|p2b: Malamar|move: Protect
|move|p2a: Meowstic|Psychic Noise|p1b: Harm of Will
|-supereffective|p1b: Harm of Will|2
|-damage|p1b: Harm of Will|0 fnt
|faint|p1b: Harm of Will
|
|upkeep
|
|t:|1785736662
|switch|p1b: Abracadabra|Alakazam, L50, F|100/100
|turn|6
|
|t:|1785736676
|switch|p2b: Sinistcha|Sinistcha, L50|100/100
|-heal|p2a: Meowstic|100/100|[from] ability: Hospitality|[of] p2b: Sinistcha
|detailschange|p1a: Vökuró|Meowstic-M-Mega, L50, M
|-mega|p1a: Vökuró|Meowstic|Meowsticite
|-ability|p1a: Vökuró|Hospitality|Trace|[from] ability: Trace|[of] p2b: Sinistcha
|move|p1b: Abracadabra|Focus Blast|p2b: Sinistcha
|-immune|p2b: Sinistcha
|move|p1a: Vökuró|Expanding Force|p2b: Sinistcha|[spread] p2a,p2b
|-resisted|p2a: Meowstic|1
|-damage|p2a: Meowstic|69/100
|-damage|p2b: Sinistcha|47/100
|move|p2a: Meowstic|Psychic Noise|p1b: Abracadabra
|-resisted|p1b: Abracadabra|1
|-damage|p1b: Abracadabra|83/100
|-start|p1b: Abracadabra|move: Heal Block
|
|-heal|p2b: Sinistcha|53/100|[from] item: Leftovers
|upkeep
|turn|7
|
|t:|1785736695
|move|p1b: Abracadabra|Expanding Force|p2a: Meowstic|[spread] p2a,p2b
|-resisted|p2a: Meowstic|1
|-crit|p2a: Meowstic
|-damage|p2a: Meowstic|14/100
|-damage|p2b: Sinistcha|0 fnt
|faint|p2b: Sinistcha
|move|p1a: Vökuró|Expanding Force|p2a: Meowstic
|-resisted|p2a: Meowstic|1
|-damage|p2a: Meowstic|0 fnt
|faint|p2a: Meowstic
|
|-end|p1b: Abracadabra|move: Heal Block
|upkeep
|c|☆Scaramouche_UwU6|damn
|-message|Scaramouche_UwU6 forfeited.
|
|win|gackajink
|l|☆Scaramouche_UwU6
|player|p2|
||gackajink is ready for game 2.
||Scaramouche_UwU6 is ready for game 2.
|uhtml|next|Next: Game 2 of 3
|l| nature's gladness
|l| bahumat
|l| Graffiti Boy
