|j|☆Karissel
|j|☆plsbringregi
|html|Karisselplsbringregi    
|uhtml|bestof|Game 2 of a best-of-3
|t:|1784681621
|gametype|doubles
|player|p1|Karissel|burgh-masters|1353
|player|p2|plsbringregi|265|1338
|gen|9
|tier|[Gen 9 Champions] VGC 2026 Reg M-B (Bo3)
|rated|
|rule|Species Clause: Limit one of each Pokémon
|rule|Item Clause: Limit 1 of each item
|clearpoke
|poke|p1|Charizard, L50, M|
|poke|p1|Glimmora, L50, F|
|poke|p1|Whimsicott, L50, M|
|poke|p1|Ninetales-Alola, L50, M|
|poke|p1|Kingambit, L50, M|
|poke|p1|Kommo-o, L50, M|
|poke|p2|Kleavor, L50, M|
|poke|p2|Gholdengo, L50|
|poke|p2|Venusaur, L50, F|
|poke|p2|Talonflame, L50, M|
|poke|p2|Sylveon, L50, M|
|poke|p2|Dragonite, L50, F|
|teampreview|4
|showteam|p1|Charizard||CharizarditeY|Blaze|HeatWave,WeatherBall,SolarBeam,Protect|Modest||M|||50|]Glimmora||Glimmoranite|ToxicDebris|SludgeBomb,PowerGem,EarthPower,SpikyShield|Modest||F|||50|]Whimsicott||FocusSash|Prankster|Moonblast,Tailwind,Encore,Protect|Timid||M|||50|]Ninetales-Alola||NeverMeltIce|SnowWarning|Blizzard,FreezeDry,Disable,Protect|Timid||M|||50|]Kingambit||BlackGlasses|Defiant|KowtowCleave,SuckerPunch,IronHead,Protect|Adamant||M|||50|]Kommo-o||LifeOrb|Overcoat|AuraSphere,VacuumWave,ClangingScales,Protect|Modest||M|||50|
|showteam|p2|Kleavor||FocusSash|Sharpness|StoneAxe,XScissor,CloseCombat,Protect|Jolly||M|||50|]Gholdengo||ChoiceScarf|GoodasGold|ShadowBall,MakeItRain,PowerGem,Trick|Modest|||||50|]Venusaur||Venusaurite|Overgrow|GigaDrain,SludgeBomb,EarthPower,Protect|Modest||F|||50|]Talonflame||SharpBeak|GaleWings|BraveBird,FlareBlitz,Tailwind,Protect|Jolly||M|||50|]Sylveon||FairyFeather|Pixilate|HyperVoice,HyperBeam,QuickAttack,Detect|Modest||M|||50|]Dragonite||LifeOrb|InnerFocus|DragonClaw,ExtremeSpeed,LowKick,Protect|Adamant||F|||50|
|inactive|Battle timer is ON: inactive players will automatically lose when time's up. (requested by Karissel)
|inactive|Karissel has 60 seconds left.
|inactive|plsbringregi has 60 seconds left.
|inactive|Karissel has 30 seconds left.
|inactive|Karissel has 20 seconds left.
|inactive|Karissel has 15 seconds left.
|
|t:|1784681697
|teamsize|p1|4
|teamsize|p2|4
|start
|switch|p1a: Jacob|Glimmora, L50, F|100/100
|switch|p1b: Whimsicott|Whimsicott, L50, M|100/100
|switch|p2a: Venusaur|Venusaur, L50, F|100/100
|switch|p2b: Gholdengo|Gholdengo, L50|100/100
|turn|1
|
|t:|1784681714
|detailschange|p1a: Jacob|Glimmora-Mega, L50, F
|-mega|p1a: Jacob|Glimmora|Glimmoranite
|detailschange|p2a: Venusaur|Venusaur-Mega, L50, F
|-mega|p2a: Venusaur|Venusaur|Venusaurite
|move|p1a: Jacob|Spiky Shield|p1a: Jacob
|-singleturn|p1a: Jacob|move: Protect
|move|p1b: Whimsicott|Tailwind|p1b: Whimsicott
|-sidestart|p1: Karissel|move: Tailwind
|move|p2b: Gholdengo|Shadow Ball|p1a: Jacob
|-activate|p1a: Jacob|move: Protect
|move|p2a: Venusaur|Earth Power|p1b: Whimsicott
|-resisted|p1b: Whimsicott|1
|-damage|p1b: Whimsicott|74/100
|
|upkeep
|turn|2
|inactive|Karissel has 30 seconds left.
|
|t:|1784681744
|switch|p1a: Kommo-o|Kommo-o, L50, M|100/100
|move|p1b: Whimsicott|Moonblast|p2a: Venusaur
|-resisted|p2a: Venusaur|1
|-damage|p2a: Venusaur|85/100
|move|p2b: Gholdengo|Shadow Ball|p1b: Whimsicott
|-damage|p1b: Whimsicott|0 fnt
|faint|p1b: Whimsicott
|move|p2a: Venusaur|Earth Power|p1a: Kommo-o
|-damage|p1a: Kommo-o|67/100
|
|upkeep
|
|t:|1784681747
|switch|p1b: Kingambit|Kingambit, L50, M|100/100
|turn|3
|
|t:|1784681763
|move|p1a: Kommo-o|Clanging Scales|p2a: Venusaur|[spread] p2a,p2b
|-resisted|p2b: Gholdengo|1
|-damage|p2a: Venusaur|41/100
|-damage|p2b: Gholdengo|72/100
|-unboost|p1a: Kommo-o|def|1
|-damage|p1a: Kommo-o|57/100|[from] item: Life Orb
|move|p2b: Gholdengo|Shadow Ball|p1a: Kommo-o
|-damage|p1a: Kommo-o|0 fnt
|faint|p1a: Kommo-o
|move|p1b: Kingambit|Kowtow Cleave|p2b: Gholdengo
|-supereffective|p2b: Gholdengo|1
|-damage|p2b: Gholdengo|0 fnt
|faint|p2b: Gholdengo
|move|p2a: Venusaur|Sludge Bomb|p1b: Kingambit
|-immune|p1b: Kingambit
|
|upkeep
|
|t:|1784681780
|switch|p2b: Talonflame|Talonflame, L50, M|100/100
|switch|p1a: Jacob|Glimmora-Mega, L50, F|100/100
|turn|4
|
|t:|1784681792
|move|p2a: Venusaur|Protect|p2a: Venusaur
|-singleturn|p2a: Venusaur|Protect
|move|p2b: Talonflame|Tailwind|p2b: Talonflame
|-sidestart|p2: plsbringregi|move: Tailwind
|move|p1b: Kingambit|Sucker Punch||[still]
|-fail|p1b: Kingambit
|move|p1a: Jacob|Power Gem|p2a: Venusaur
|-activate|p2a: Venusaur|move: Protect
|
|-sideend|p1: Karissel|move: Tailwind
|upkeep
|turn|5
|
|t:|1784681803
|switch|p2a: Kleavor|Kleavor, L50, M|100/100
|move|p1b: Kingambit|Sucker Punch||[still]
|-fail|p1b: Kingambit
|move|p2b: Talonflame|Flare Blitz|p1b: Kingambit
|-supereffective|p1b: Kingambit|1
|-damage|p1b: Kingambit|29/100
|-damage|p2b: Talonflame|70/100|[from] Recoil
|move|p1a: Jacob|Power Gem|p2b: Talonflame
|-supereffective|p2b: Talonflame|2
|-damage|p2b: Talonflame|0 fnt
|faint|p2b: Talonflame
|
|upkeep
|
|t:|1784681809
|switch|p2b: Venusaur|Venusaur-Mega, L50, F|41/100
|turn|6
|
|t:|1784681816
|move|p1a: Jacob|Spiky Shield|p1a: Jacob
|-singleturn|p1a: Jacob|move: Protect
|move|p1b: Kingambit|Protect|p1b: Kingambit
|-singleturn|p1b: Kingambit|Protect
|move|p2a: Kleavor|Close Combat|p1b: Kingambit
|-activate|p1b: Kingambit|move: Protect
|move|p2b: Venusaur|Earth Power|p1a: Jacob
|-activate|p1a: Jacob|move: Protect
|
|upkeep
|turn|7
|
|t:|1784681824
|move|p1b: Kingambit|Sucker Punch|p2b: Venusaur
|-damage|p2b: Venusaur|0 fnt
|faint|p2b: Venusaur
|move|p2a: Kleavor|Close Combat|p1b: Kingambit
|-supereffective|p1b: Kingambit|2
|-damage|p1b: Kingambit|0 fnt
|-unboost|p2a: Kleavor|def|1
|-unboost|p2a: Kleavor|spd|1
|faint|p1b: Kingambit
|move|p1a: Jacob|Power Gem|p2a: Kleavor
|-supereffective|p2a: Kleavor|1
|-crit|p2a: Kleavor
|-enditem|p2a: Kleavor|Focus Sash
|-damage|p2a: Kleavor|1/100
|
|-sideend|p2: plsbringregi|move: Tailwind
|upkeep
|turn|8
|-message|plsbringregi forfeited.
|
|win|Karissel
|raw|Karissel's rating: 1353 → 1372(+19 for winning)
|raw|plsbringregi's rating: 1338 → 1319(-19 for losing)
