|j|☆hakeezy
|j|☆Joriot
|html|hakeezyJoriot    
|uhtml|bestof|Game 1 of a best-of-3
|t:|1783616398
|gametype|doubles
|player|p1|hakeezy|101|1119
|player|p2|Joriot|falkner|1071
|gen|9
|tier|[Gen 9 Champions] VGC 2026 Reg M-B (Bo3)
|rated|
|rule|Species Clause: Limit one of each Pokémon
|rule|Item Clause: Limit 1 of each item
|clearpoke
|poke|p1|Delphox, L50, M|
|poke|p1|Sneasler, L50, F|
|poke|p1|Whimsicott, L50, F|
|poke|p1|Incineroar, L50, M|
|poke|p1|Basculegion, L50, M|
|poke|p1|Raichu, L50, M|
|poke|p2|Swampert, L50, M|
|poke|p2|Pelipper, L50, F|
|poke|p2|Grimmsnarl, L50, M|
|poke|p2|Gholdengo, L50|
|poke|p2|Archaludon, L50, M|
|poke|p2|Sinistcha, L50|
|teampreview|4
|showteam|p1|Delphox||Delphoxite|Blaze|NastyPlot,Psychic,HeatWave,Protect|Timid||M|||50|]Sneasler||WhiteHerb|Unburden|CloseCombat,DireClaw,FakeOut,Taunt|Jolly||F|||50|]Whimsicott||FocusSash|Prankster|SunnyDay,Moonblast,Tailwind,Encore|Timid||F|||50|]Incineroar||SitrusBerry|Intimidate|Taunt,FlareBlitz,FakeOut,PartingShot|Adamant||M|||50|]Basculegion||LifeOrb|Adaptability|WaveCrash,LastRespects,AquaJet,Protect|Jolly||M|||50|]Raichu||RaichuniteY|LightningRod|ZapCannon,FakeOut,FocusBlast,Protect|Timid||M|||50|
|showteam|p2|Swampert||Swampertite|Damp|WaveCrash,HighHorsepower,IcePunch,Protect|Adamant||M|||50|]Pelipper||FocusSash|Drizzle|WeatherBall,Hurricane,Tailwind,WideGuard|Timid||F|||50|]Grimmsnarl||LightClay|Prankster|LightScreen,Reflect,FakeOut,PartingShot|Impish||M|||50|]Gholdengo||LifeOrb|GoodasGold|MakeItRain,ShadowBall,Protect,NastyPlot|Timid|||||50|]Archaludon||Leftovers|Stamina|ElectroShot,DragonPulse,AuraSphere,Protect|Modest||M|||50|]Sinistcha||CobaBerry|Hospitality|MatchaGotcha,RagePowder,LifeDew,Protect|Bold|||||50|
|
|t:|1783616447
|teamsize|p1|4
|teamsize|p2|4
|start
|switch|p1a: Whimsicott|Whimsicott, L50, F|100/100
|switch|p1b: Delphox|Delphox, L50, M|100/100
|switch|p2a: Swampert|Swampert, L50, M|100/100
|switch|p2b: Grimmsnarl|Grimmsnarl, L50, M|100/100
|turn|1
|inactive|Battle timer is ON: inactive players will automatically lose when time's up. (requested by hakeezy)
|inactive|hakeezy has 60 seconds left.
|inactive|Joriot has 60 seconds left.
|
|t:|1783616489
|switch|p1b: Incineroar|Incineroar, L50, M|100/100
|-ability|p1b: Incineroar|Intimidate|boost
|-unboost|p2a: Swampert|atk|1
|-unboost|p2b: Grimmsnarl|atk|1
|detailschange|p2a: Swampert|Swampert-Mega, L50, M
|-mega|p2a: Swampert|Swampert|Swampertite
|move|p2b: Grimmsnarl|Fake Out|p1a: Whimsicott
|-damage|p1a: Whimsicott|88/100
|cant|p1a: Whimsicott|flinch
|move|p2a: Swampert|Ice Punch|p1a: Whimsicott
|-supereffective|p1a: Whimsicott|1
|-damage|p1a: Whimsicott|21/100
|
|upkeep
|turn|2
|inactive|hakeezy has 30 seconds left.
|inactive|Joriot has 30 seconds left.
|
|t:|1783616518
|move|p1b: Incineroar|Fake Out|p2a: Swampert
|-damage|p2a: Swampert|87/100
|move|p1a: Whimsicott|Tailwind|p1a: Whimsicott
|-sidestart|p1: hakeezy|move: Tailwind
|move|p2b: Grimmsnarl|Light Screen|p2b: Grimmsnarl
|-sidestart|p2: Joriot|move: Light Screen
|cant|p2a: Swampert|flinch
|
|upkeep
|turn|3
|
|t:|1783616533
|switch|p1a: Basculegion|Basculegion, L50, M|100/100
|move|p2b: Grimmsnarl|Parting Shot|p1a: Basculegion
|-unboost|p1a: Basculegion|atk|1
|-unboost|p1a: Basculegion|spa|1
|
|t:|1783616538
|switch|p2b: Pelipper|Pelipper, L50, F|100/100|[from] Parting Shot
|-weather|RainDance|[from] ability: Drizzle|[of] p2b: Pelipper
|move|p2a: Swampert|Wave Crash|p1b: Incineroar
|-supereffective|p1b: Incineroar|1
|-damage|p1b: Incineroar|0 fnt
|faint|p1b: Incineroar
|-damage|p2a: Swampert|57/100|[from] Recoil
|
|-weather|RainDance|[upkeep]
|upkeep
|
|t:|1783616554
|switch|p1b: Whimsicott|Whimsicott, L50, F|21/100
|turn|4
|
|t:|1783616577
|switch|p2a: Archaludon|Archaludon, L50, M|100/100
|switch|p2b: Grimmsnarl|Grimmsnarl, L50, M|100/100
|move|p1b: Whimsicott|Sunny Day|p1b: Whimsicott
|-weather|SunnyDay
|move|p1a: Basculegion|Last Respects|p2a: Archaludon
|-damage|p2a: Archaludon|56/100
|-ability|p2a: Archaludon|Stamina|boost
|-boost|p2a: Archaludon|def|1
|-damage|p1a: Basculegion|90/100|[from] item: Life Orb
|
|-weather|SunnyDay|[upkeep]
|-heal|p2a: Archaludon|62/100|[from] item: Leftovers
|upkeep
|turn|5
|inactive|hakeezy has 30 seconds left.
|inactive|hakeezy has 20 seconds left.
|inactive|hakeezy has 15 seconds left.
|inactive|hakeezy has 10 seconds left.
|
|t:|1783616625
|switch|p1b: Delphox|Delphox, L50, M|100/100
|move|p2b: Grimmsnarl|Reflect|p2b: Grimmsnarl
|-sidestart|p2: Joriot|Reflect
|move|p1a: Basculegion|Wave Crash|p2b: Grimmsnarl
|-damage|p2b: Grimmsnarl|80/100
|-damage|p1a: Basculegion|83/100|[from] Recoil
|-damage|p1a: Basculegion|73/100|[from] item: Life Orb
|move|p2a: Archaludon|Dragon Pulse|p1a: Basculegion
|-damage|p1a: Basculegion|25/100
|
|-weather|SunnyDay|[upkeep]
|-heal|p2a: Archaludon|68/100|[from] item: Leftovers
|-sideend|p1: hakeezy|move: Tailwind
|upkeep
|turn|6
|inactive|hakeezy has 30 seconds left.
|inactive|Joriot has 30 seconds left.
|
|t:|1783616656
|detailschange|p1b: Delphox|Delphox-Mega, L50, M
|-mega|p1b: Delphox|Delphox|Delphoxite
|move|p1a: Basculegion|Protect|p1a: Basculegion
|-singleturn|p1a: Basculegion|Protect
|move|p2b: Grimmsnarl|Parting Shot|p1b: Delphox
|-unboost|p1b: Delphox|atk|1
|-unboost|p1b: Delphox|spa|1
|
|t:|1783616661
|switch|p2b: Pelipper|Pelipper, L50, F|100/100|[from] Parting Shot
|-weather|RainDance|[from] ability: Drizzle|[of] p2b: Pelipper
|move|p1b: Delphox|Nasty Plot|p1b: Delphox
|-boost|p1b: Delphox|spa|2
|move|p2a: Archaludon|Electro Shot||[still]
|-prepare|p2a: Archaludon|Electro Shot
|-boost|p2a: Archaludon|spa|1
|-anim|p2a: Archaludon|Electro Shot|p1a: Basculegion
|-activate|p1a: Basculegion|move: Protect
|
|-weather|RainDance|[upkeep]
|-heal|p2a: Archaludon|74/100|[from] item: Leftovers
|upkeep
|turn|7
|inactive|hakeezy has 30 seconds left.
|inactive|Joriot has 30 seconds left.
|inactive|hakeezy has 20 seconds left.
|
|t:|1783616700
|move|p1b: Delphox|Protect|p1b: Delphox
|-singleturn|p1b: Delphox|Protect
|move|p1a: Basculegion|Wave Crash|p2b: Pelipper
|-resisted|p2b: Pelipper|1
|-damage|p2b: Pelipper|58/100
|-damage|p1a: Basculegion|15/100|[from] Recoil
|-damage|p1a: Basculegion|6/100|[from] item: Life Orb
|move|p2b: Pelipper|Hurricane|p1a: Basculegion
|-damage|p1a: Basculegion|0 fnt
|faint|p1a: Basculegion
|move|p2a: Archaludon|Electro Shot||[still]
|-prepare|p2a: Archaludon|Electro Shot
|-boost|p2a: Archaludon|spa|1
|-anim|p2a: Archaludon|Electro Shot|p1b: Delphox
|-activate|p1b: Delphox|move: Protect
|
|-weather|RainDance|[upkeep]
|-heal|p2a: Archaludon|80/100|[from] item: Leftovers
|upkeep
|
|t:|1783616712
|switch|p1a: Whimsicott|Whimsicott, L50, F|21/100
|turn|8
|
|t:|1783616725
|switch|p2b: Grimmsnarl|Grimmsnarl, L50, M|80/100
|move|p1a: Whimsicott|Sunny Day|p1a: Whimsicott
|-weather|SunnyDay
|move|p1b: Delphox|Heat Wave|p2a: Archaludon|[spread] p2a
|-miss|p1b: Delphox|p2b: Grimmsnarl
|-damage|p2a: Archaludon|21/100
|-ability|p2a: Archaludon|Stamina|boost
|-boost|p2a: Archaludon|def|1
|move|p2a: Archaludon|Dragon Pulse|p1b: Delphox
|-damage|p1b: Delphox|22/100
|
|-weather|SunnyDay|[upkeep]
|-heal|p2a: Archaludon|27/100|[from] item: Leftovers
|upkeep
|turn|9
|inactive|Joriot has 30 seconds left.
|inactive|Joriot has 20 seconds left.
|
|t:|1783616762
|move|p2a: Archaludon|Protect|p2a: Archaludon
|-singleturn|p2a: Archaludon|Protect
|move|p2b: Grimmsnarl|Fake Out|p1b: Delphox
|-damage|p1b: Delphox|6/100
|cant|p1b: Delphox|flinch
|move|p1a: Whimsicott|Moonblast|p2a: Archaludon
|-activate|p2a: Archaludon|move: Protect
|
|-weather|SunnyDay|[upkeep]
|-heal|p2a: Archaludon|34/100|[from] item: Leftovers
|-sideend|p2: Joriot|move: Light Screen
|upkeep
|turn|10
|inactive|Joriot has 30 seconds left.
|inactive|Joriot has 20 seconds left.
|
|t:|1783616799
|move|p2b: Grimmsnarl|Parting Shot|p1b: Delphox
|-unboost|p1b: Delphox|atk|1
|-unboost|p1b: Delphox|spa|1
|
|t:|1783616802
|switch|p2b: Pelipper|Pelipper, L50, F|58/100|[from] Parting Shot
|-weather|RainDance|[from] ability: Drizzle|[of] p2b: Pelipper
|move|p1b: Delphox|Heat Wave|p2b: Pelipper|[spread] p2a,p2b
|-resisted|p2b: Pelipper|1
|-damage|p2a: Archaludon|14/100
|-damage|p2b: Pelipper|42/100
|-status|p2b: Pelipper|brn
|-ability|p2a: Archaludon|Stamina|boost
|-boost|p2a: Archaludon|def|1
|move|p1a: Whimsicott|Moonblast|p2b: Pelipper
|-damage|p2b: Pelipper|0 fnt
|faint|p2b: Pelipper
|move|p2a: Archaludon|Aura Sphere|p1a: Whimsicott
|-resisted|p1a: Whimsicott|1
|-damage|p1a: Whimsicott|0 fnt
|faint|p1a: Whimsicott
|
|-weather|RainDance|[upkeep]
|-heal|p2a: Archaludon|20/100y|[from] item: Leftovers
|upkeep
|
|t:|1783616816
|switch|p2b: Grimmsnarl|Grimmsnarl, L50, M|80/100
|turn|11
|
|t:|1783616820
|move|p1b: Delphox|Protect|p1b: Delphox
|-singleturn|p1b: Delphox|Protect
|move|p2b: Grimmsnarl|Fake Out|p1b: Delphox
|-activate|p1b: Delphox|move: Protect
|move|p2a: Archaludon|Electro Shot||[still]
|-prepare|p2a: Archaludon|Electro Shot
|-boost|p2a: Archaludon|spa|1
|-anim|p2a: Archaludon|Electro Shot|p1b: Delphox
|-activate|p1b: Delphox|move: Protect
|
|-weather|RainDance|[upkeep]
|-heal|p2a: Archaludon|26/100|[from] item: Leftovers
|upkeep
|turn|12
|
|t:|1783616830
|move|p2a: Archaludon|Protect|p2a: Archaludon
|-singleturn|p2a: Archaludon|Protect
|move|p2b: Grimmsnarl|Light Screen|p2b: Grimmsnarl
|-sidestart|p2: Joriot|move: Light Screen
|move|p1b: Delphox|Psychic|p2a: Archaludon
|-activate|p2a: Archaludon|move: Protect
|
|-weather|RainDance|[upkeep]
|-heal|p2a: Archaludon|32/100|[from] item: Leftovers
|-sideend|p2: Joriot|Reflect
|upkeep
|turn|13
|
|t:|1783616839
|move|p2b: Grimmsnarl|Parting Shot|p1b: Delphox
|-unboost|p1b: Delphox|atk|1
|-unboost|p1b: Delphox|spa|1
|
|t:|1783616841
|switch|p2b: Swampert|Swampert-Mega, L50, M|57/100|[from] Parting Shot
|move|p1b: Delphox|Psychic|p2a: Archaludon
|-resisted|p2a: Archaludon|1
|-damage|p2a: Archaludon|21/100
|-unboost|p2a: Archaludon|spd|1
|-ability|p2a: Archaludon|Stamina|boost
|-boost|p2a: Archaludon|def|1
|move|p2a: Archaludon|Electro Shot||[still]
|-prepare|p2a: Archaludon|Electro Shot
|-boost|p2a: Archaludon|spa|1
|-anim|p2a: Archaludon|Electro Shot|p1b: Delphox
|-damage|p1b: Delphox|0 fnt
|faint|p1b: Delphox
|
|win|Joriot
||hakeezy is ready for game 2.
|inactive|Joriot has 30 seconds to confirm battle start!
||Joriot is ready for game 2.
|uhtml|next|Next: Game 2 of 3
|l|☆hakeezy
|player|p1|
