|j|☆koronops5
|j|☆redx50
|html|koronops5redx50    
|uhtml|bestof|Game 2 of a best-of-3
|t:|1756587100
|gametype|doubles
|player|p1|koronops5|102|1156
|player|p2|redx50|red|1127
|gen|9
|tier|[Gen 9] VGC 2025 Reg H (Bo3)
|rated|
|rule|Species Clause: Limit one of each Pokémon
|rule|Item Clause: Limit 1 of each item
|clearpoke
|poke|p1|Charizard, L50, F|
|poke|p1|Torkoal, L50, F|
|poke|p1|Porygon2, L50|
|poke|p1|Incineroar, L50, F|
|poke|p1|Jumpluff, L50, F|
|poke|p1|Ursaluna, L50, F|
|poke|p2|Talonflame, L50, M|
|poke|p2|Farigiraf, L50, F|
|poke|p2|Ursaluna, L50, F|
|poke|p2|Empoleon, L50, M|
|poke|p2|Pawmot, L50, F|
|poke|p2|Incineroar, L50, M|
|teampreview|4
|showteam|p1|Charizard||ChoiceSpecs|SolarPower|HeatWave,DragonPulse,WeatherBall,AirSlash|||F|||50|,,,,,Ghost]Torkoal||EjectPack|Drought|Eruption,Overheat,HelpingHand,Protect|||F|||50|,,,,,Fire]Porygon2||Eviolite|Download|TeraBlast,IceBeam,Recover,TrickRoom||||||50|,,,,,Fighting]Incineroar||SitrusBerry|Intimidate|FlareBlitz,KnockOff,FakeOut,PartingShot|||F|||50|,,,,,Ghost]Jumpluff||CovertCloak|Chlorophyll|SleepPowder,SunnyDay,RagePowder,Tailwind|||F|||50|,,,,,Water]Ursaluna||FlameOrb|Guts|HeadlongRush,Facade,Earthquake,Protect|||F|||50|,,,,,Ghost
|showteam|p2|Talonflame||SharpBeak|GaleWings|DualWingbeat,Tailwind,Uturn,Protect|||M|||50|,,,,,Ghost]Farigiraf||ThroatSpray|ArmorTail|HyperVoice,Psychic,Protect,TrickRoom|||F|||50|,,,,,Fairy]Ursaluna||FlameOrb|Guts|Facade,Protect,HeadlongRush,Earthquake|||F|||50|,,,,,Ghost]Empoleon||LifeOrb|Competitive|WaterPledge,FlashCannon,Protect,TeraBlast|||M|||50|,,,,,Grass]Pawmot||FocusSash|NaturalCure|DoubleShock,CloseCombat,FakeOut,Protect|||F|||50|,,,,,Electric]Incineroar||SafetyGoggles|Intimidate|FlareBlitz,KnockOff,FakeOut,PartingShot|||M|||50|,,,,,Grass
|inactive|Battle timer is ON: inactive players will automatically lose when time's up. (requested by redx50)
|inactive|koronops5 has 60 seconds left.
|inactive|koronops5 has 30 seconds left.
|inactive|koronops5 has 20 seconds left.
|inactive|koronops5 has 15 seconds left.
|
|t:|1756587177
|teamsize|p1|4
|teamsize|p2|4
|start
|switch|p1a: Jumpluff|Jumpluff, L50, F|100/100
|switch|p1b: Ursaluna|Ursaluna, L50, F|100/100
|switch|p2a: Pawmot|Pawmot, L50, F|100/100
|switch|p2b: Talonflame|Talonflame, L50, M|100/100
|turn|1
|inactive|redx50 has 30 seconds left.
|inactive|koronops5 has 30 seconds left.
|inactive|redx50 has 20 seconds left.
|inactive|redx50 has 15 seconds left.
|inactive|koronops5 has 20 seconds left.
|inactive|redx50 has 10 seconds left.
|inactive|koronops5 has 15 seconds left.
|inactive|redx50 has 5 seconds left.
|inactive|koronops5 has 10 seconds left.
|
|t:|1756587237
|switch|p1a: Incineroar|Incineroar, L50, F|100/100
|-ability|p1a: Incineroar|Intimidate|boost
|-unboost|p2a: Pawmot|atk|1
|-unboost|p2b: Talonflame|atk|1
|-terastallize|p1b: Ursaluna|Ghost
|move|p2a: Pawmot|Fake Out|p1b: Ursaluna
|-immune|p1b: Ursaluna
|move|p2b: Talonflame|Dual Wingbeat|p1a: Incineroar|[miss]
|-miss|p2b: Talonflame|p1a: Incineroar
|move|p1b: Ursaluna|Headlong Rush|p2a: Pawmot
|-supereffective|p2a: Pawmot
|-enditem|p2a: Pawmot|Focus Sash
|-damage|p2a: Pawmot|1/100
|-unboost|p1b: Ursaluna|def|1
|-unboost|p1b: Ursaluna|spd|1
|
|-status|p1b: Ursaluna|brn|[from] item: Flame Orb
|upkeep
|turn|2
|inactive|redx50 has 30 seconds left.
|inactive|redx50 has 20 seconds left.
|inactive|redx50 has 15 seconds left.
|inactive|redx50 has 10 seconds left.
|inactive|redx50 has 5 seconds left.
|
|t:|1756587289
|switch|p2a: Incineroar|Incineroar, L50, M|100/100
|-ability|p2a: Incineroar|Intimidate|boost
|-unboost|p1a: Incineroar|atk|1
|-unboost|p1b: Ursaluna|atk|1
|move|p1a: Incineroar|Fake Out|p2a: Incineroar
|-damage|p2a: Incineroar|92/100
|move|p2b: Talonflame|Tailwind|p2b: Talonflame
|-sidestart|p2: redx50|move: Tailwind
|move|p1b: Ursaluna|Facade|p2b: Talonflame
|-damage|p2b: Talonflame|0 fnt
|faint|p2b: Talonflame
|
|-damage|p1b: Ursaluna|95/100 brn|[from] brn
|upkeep
|
|t:|1756587308
|switch|p2b: Ursaluna|Ursaluna, L50, F|100/100
|turn|3
|
|t:|1756587324
|switch|p1a: Jumpluff|Jumpluff, L50, F|100/100
|move|p2a: Incineroar|Knock Off|p1b: Ursaluna
|-supereffective|p1b: Ursaluna
|-damage|p1b: Ursaluna|0 fnt
|-enditem|p1b: Ursaluna|Flame Orb|[from] move: Knock Off|[of] p2a: Incineroar
|faint|p1b: Ursaluna
|move|p2b: Ursaluna|Headlong Rush|p1a: Jumpluff
|-immune|p1a: Jumpluff
|
|-status|p2b: Ursaluna|brn|[from] item: Flame Orb
|upkeep
|
|t:|1756587337
|switch|p1b: Incineroar|Incineroar, L50, F|100/100
|-ability|p1b: Incineroar|Intimidate|boost
|-unboost|p2a: Incineroar|atk|1
|-unboost|p2b: Ursaluna|atk|1
|turn|4
|inactive|koronops5 has 30 seconds left.
|inactive|koronops5 has 20 seconds left.
|
|t:|1756587377
|move|p1b: Incineroar|Fake Out|p2b: Ursaluna
|-damage|p2b: Ursaluna|91/100 brn
|move|p2a: Incineroar|Flare Blitz|p1a: Jumpluff
|-supereffective|p1a: Jumpluff
|-damage|p1a: Jumpluff|4/100
|-damage|p2a: Incineroar|63/100|[from] Recoil
|cant|p2b: Ursaluna|flinch
|move|p1a: Jumpluff|Tailwind|p1a: Jumpluff
|-sidestart|p1: koronops5|move: Tailwind
|
|-damage|p2b: Ursaluna|85/100 brn|[from] brn
|upkeep
|turn|5
|inactive|koronops5 has 30 seconds left.
|
|t:|1756587410
|switch|p1b: Charizard|Charizard, L50, F|100/100
|move|p1a: Jumpluff|Sunny Day|p1a: Jumpluff
|-weather|SunnyDay
|move|p2a: Incineroar|Knock Off|p1a: Jumpluff
|-damage|p1a: Jumpluff|0 fnt
|-enditem|p1a: Jumpluff|Covert Cloak|[from] move: Knock Off|[of] p2a: Incineroar
|faint|p1a: Jumpluff
|move|p2b: Ursaluna|Headlong Rush|p1b: Charizard
|-immune|p1b: Charizard
|
|-weather|SunnyDay|[upkeep]
|-damage|p1b: Charizard|88/100|[from] ability: Solar Power|[of] p1b: Charizard
|-damage|p2b: Ursaluna|79/100 brn|[from] brn
|-sideend|p2: redx50|move: Tailwind
|upkeep
|
|t:|1756587424
|switch|p1a: Incineroar|Incineroar, L50, F|100/100
|-ability|p1a: Incineroar|Intimidate|boost
|-unboost|p2a: Incineroar|atk|1
|-unboost|p2b: Ursaluna|atk|1
|turn|6
|
|t:|1756587444
|move|p2b: Ursaluna|Protect|p2b: Ursaluna
|-singleturn|p2b: Ursaluna|Protect
|move|p1b: Charizard|Heat Wave|p2b: Ursaluna|[spread] p2a
|-activate|p2b: Ursaluna|move: Protect
|-resisted|p2a: Incineroar
|-crit|p2a: Incineroar
|-damage|p2a: Incineroar|0 fnt
|faint|p2a: Incineroar
|move|p1a: Incineroar|Flare Blitz|p2b: Ursaluna
|-activate|p2b: Ursaluna|move: Protect
|
|-weather|SunnyDay|[upkeep]
|-damage|p1b: Charizard|76/100|[from] ability: Solar Power|[of] p1b: Charizard
|-damage|p2b: Ursaluna|73/100 brn|[from] brn
|upkeep
|
|t:|1756587451
|switch|p2a: Pawmot|Pawmot, L50, F|1/100
|turn|7
|
|t:|1756587474
|move|p2a: Pawmot|Protect|p2a: Pawmot
|-singleturn|p2a: Pawmot|Protect
|move|p2b: Ursaluna|Protect|p2b: Ursaluna
|-singleturn|p2b: Ursaluna|Protect
|move|p1b: Charizard|Heat Wave|p2a: Pawmot|[spread] 
|-activate|p2a: Pawmot|move: Protect
|-activate|p2b: Ursaluna|move: Protect
|move|p1a: Incineroar|Flare Blitz|p2b: Ursaluna
|-activate|p2b: Ursaluna|move: Protect
|
|-weather|SunnyDay|[upkeep]
|-damage|p1b: Charizard|63/100|[from] ability: Solar Power|[of] p1b: Charizard
|-damage|p2b: Ursaluna|67/100 brn|[from] brn
|-sideend|p1: koronops5|move: Tailwind
|upkeep
|turn|8
|inactive|koronops5 has 30 seconds left.
|
|t:|1756587502
|move|p2a: Pawmot|Double Shock|p1b: Charizard
|-supereffective|p1b: Charizard
|-damage|p1b: Charizard|0 fnt
|-start|p2a: Pawmot|typechange|???/Fighting|[from] move: Double Shock
|faint|p1b: Charizard
|move|p1a: Incineroar|Flare Blitz|p2b: Ursaluna
|-damage|p2b: Ursaluna|9/100 brn
|-damage|p1a: Incineroar|80/100|[from] Recoil
|move|p2b: Ursaluna|Headlong Rush|p1a: Incineroar
|-supereffective|p1a: Incineroar
|-damage|p1a: Incineroar|0 fnt
|-unboost|p2b: Ursaluna|def|1
|-unboost|p2b: Ursaluna|spd|1
|faint|p1a: Incineroar
|
|win|redx50
|raw|koronops5's rating: 1156 → 1129(-27 for losing)
|raw|redx50's rating: 1127 → 1154(+27 for winning)
|l|☆redx50
|player|p2|
