|j|☆bingbongwhoosh
|j|☆homerj71
|html|bingbongwhooshhomerj71    
|uhtml|bestof|Game 2 of a best-of-3
|t:|1783164183
|gametype|doubles
|player|p1|bingbongwhoosh|102|1181
|player|p2|homerj71|169|1187
|gen|9
|tier|[Gen 9 Champions] VGC 2026 Reg M-B (Bo3)
|rated|
|rule|Species Clause: Limit one of each Pokémon
|rule|Item Clause: Limit 1 of each item
|clearpoke
|poke|p1|Whimsicott, L50, F|
|poke|p1|Charizard, L50, F|
|poke|p1|Incineroar, L50, F|
|poke|p1|Basculegion, L50, M|
|poke|p1|Mawile, L50, M|
|poke|p1|Farigiraf, L50, F|
|poke|p2|Delphox, L50, M|
|poke|p2|Sneasler, L50, M|
|poke|p2|Floette-Eternal, L50, F|
|poke|p2|Incineroar, L50, F|
|poke|p2|Kingambit, L50, M|
|poke|p2|Sinistcha, L50|
|teampreview|4
|showteam|p1|Whimsicott||FocusSash|Prankster|Tailwind,Moonblast,Encore,Protect|Timid||F|||50|]Charizard||CharizarditeY|SolarPower|Protect,HeatWave,WeatherBall,SolarBeam|Timid||F|||50|]Incineroar||SitrusBerry|Intimidate|FlareBlitz,ThroatChop,PartingShot,FakeOut|Impish||F|||50|]Basculegion||ChoiceScarf|Adaptability|LastRespects,FlipTurn,WaveCrash,AquaJet|Adamant||M|||50|]Mawile||Mawilite|HyperCutter|PlayRough,IronHead,Protect,SuckerPunch|Adamant||M|||50|]Farigiraf||ColburBerry|ArmorTail|HyperVoice,TrickRoom,HelpingHand,Psychic|Relaxed||F|||50|
|showteam|p2|Delphox||Delphoxite|Blaze|Protect,Psyshock,HeatWave,NastyPlot|Timid||M|||50|]Sneasler||FocusSash|PoisonTouch|QuickGuard,CloseCombat,FakeOut,DireClaw|Jolly||M|||50|]Floette-Eternal||Floettite|FlowerVeil|Protect,DazzlingGleam,CalmMind,Moonblast|Timid||F|||50|]Incineroar||SitrusBerry|Intimidate|ThroatChop,FlareBlitz,PartingShot,FakeOut|Impish||F|||50|]Kingambit||BlackGlasses|Defiant|Protect,KowtowCleave,SuckerPunch,SwordsDance|Adamant||M|||50|]Sinistcha||KasibBerry|Hospitality|Protect,TrickRoom,MatchaGotcha,RagePowder|Relaxed|||||50|
|inactive|Battle timer is ON: inactive players will automatically lose when time's up. (requested by homerj71)
|
|t:|1783164196
|teamsize|p1|4
|teamsize|p2|4
|start
|switch|p1a: Mawile|Mawile, L50, M|100/100
|switch|p1b: Basculegion|Basculegion, L50, M|100/100
|switch|p2a: Incineroar|Incineroar, L50, F|100/100
|switch|p2b: Delphox|Delphox, L50, M|100/100
|-ability|p2a: Incineroar|Intimidate|boost
|-fail|p1a: Mawile|unboost|Attack|[from] ability: Hyper Cutter|[of] p1a: Mawile
|-unboost|p1b: Basculegion|atk|1
|turn|1
|
|t:|1783164220
|switch|p2a: Sinistcha|Sinistcha, L50|100/100
|detailschange|p2b: Delphox|Delphox-Mega, L50, M
|-mega|p2b: Delphox|Delphox|Delphoxite
|detailschange|p1a: Mawile|Mawile-Mega, L50, M
|-mega|p1a: Mawile|Mawile|Mawilite
|move|p2b: Delphox|Protect|p2b: Delphox
|-singleturn|p2b: Delphox|Protect
|move|p1a: Mawile|Protect|p1a: Mawile
|-singleturn|p1a: Mawile|Protect
|move|p1b: Basculegion|Wave Crash|p2a: Sinistcha
|-resisted|p2a: Sinistcha|1
|-damage|p2a: Sinistcha|79/100
|-damage|p1b: Basculegion|93/100|[from] Recoil
|
|upkeep
|turn|2
|
|t:|1783164235
|switch|p2b: Incineroar|Incineroar, L50, F|100/100
|-ability|p2b: Incineroar|Intimidate|boost
|-unboost|p1a: Mawile|atk|1
|-unboost|p1b: Basculegion|atk|1
|switch|p1b: Farigiraf|Farigiraf, L50, F|100/100
|switch|p1a: Incineroar|Incineroar, L50, F|100/100
|-ability|p1a: Incineroar|Intimidate|boost
|-unboost|p2a: Sinistcha|atk|1
|-unboost|p2b: Incineroar|atk|1
|move|p2a: Sinistcha|Matcha Gotcha|p1b: Farigiraf|[spread] p1a,p1b
|-resisted|p1a: Incineroar|1
|-crit|p1b: Farigiraf
|-damage|p1a: Incineroar|89/100
|-heal|p2a: Sinistcha|85/100|[from] drain|[of] p1a: Incineroar
|-damage|p1b: Farigiraf|70/100
|-heal|p2a: Sinistcha|100/100|[from] drain|[of] p1b: Farigiraf
|
|upkeep
|turn|3
|inactive|homerj71 has 30 seconds left.
|
|t:|1783164262
|switch|p2a: Delphox|Delphox-Mega, L50, M|100/100
|move|p1a: Incineroar|Throat Chop|p2a: Delphox
|-supereffective|p2a: Delphox|1
|-damage|p2a: Delphox|1/100
|-start|p2a: Delphox|Throat Chop|[silent]
|move|p2b: Incineroar|Parting Shot|p1b: Farigiraf
|-unboost|p1b: Farigiraf|atk|1
|-unboost|p1b: Farigiraf|spa|1
|
|t:|1783164270
|switch|p2b: Sinistcha|Sinistcha, L50|100/100|[from] Parting Shot
|-heal|p2a: Delphox|26/100|[from] ability: Hospitality|[of] p2b: Sinistcha
|move|p1b: Farigiraf|Trick Room|p1b: Farigiraf
|-fieldstart|move: Trick Room|[of] p1b: Farigiraf
|
|upkeep
|turn|4
|
|t:|1783164285
|switch|p2a: Incineroar|Incineroar, L50, F|100/100
|-ability|p2a: Incineroar|Intimidate|boost
|-unboost|p1a: Incineroar|atk|1
|-unboost|p1b: Farigiraf|atk|1
|move|p1b: Farigiraf|Helping Hand|p1a: Incineroar
|-singleturn|p1a: Incineroar|Helping Hand|[of] p1b: Farigiraf
|move|p2b: Sinistcha|Matcha Gotcha|p1a: Incineroar|[spread] p1a,p1b
|-resisted|p1a: Incineroar|1
|-damage|p1a: Incineroar|78/100
|-damage|p1b: Farigiraf|50/100g
|move|p1a: Incineroar|Flare Blitz|p2b: Sinistcha
|-supereffective|p2b: Sinistcha|1
|-damage|p2b: Sinistcha|24/100
|-status|p2b: Sinistcha|brn
|-damage|p1a: Incineroar|56/100|[from] Recoil
|
|-damage|p2b: Sinistcha|18/100 brn|[from] brn
|upkeep
|turn|5
|inactive|bingbongwhoosh has 30 seconds left.
|inactive|homerj71 has 30 seconds left.
|
|t:|1783164318
|move|p1b: Farigiraf|Hyper Voice|p2b: Sinistcha|[spread] p2a
|-immune|p2b: Sinistcha
|-damage|p2a: Incineroar|86/100
|move|p2a: Incineroar|Flare Blitz|p1b: Farigiraf
|-damage|p1b: Farigiraf|13/100
|-damage|p2a: Incineroar|72/100|[from] Recoil
|move|p2b: Sinistcha|Matcha Gotcha|p1b: Farigiraf|[spread] p1a,p1b
|-resisted|p1a: Incineroar|1
|-damage|p1a: Incineroar|46/100
|-heal|p2b: Sinistcha|24/100 brn|[from] drain|[of] p1a: Incineroar
|-damage|p1b: Farigiraf|0 fnt
|-heal|p2b: Sinistcha|33/100 brn|[from] drain|[of] p1b: Farigiraf
|-enditem|p1a: Incineroar|Sitrus Berry|[eat]
|-heal|p1a: Incineroar|71/100|[from] item: Sitrus Berry
|faint|p1b: Farigiraf
|move|p1a: Incineroar|Throat Chop|p2b: Sinistcha
|-supereffective|p2b: Sinistcha|1
|-damage|p2b: Sinistcha|0 fnt
|faint|p2b: Sinistcha
|
|upkeep
|inactive|bingbongwhoosh has 30 seconds left.
|
|t:|1783164348
|switch|p1b: Mawile|Mawile-Mega, L50, M|100/100
|switch|p2b: Delphox|Delphox-Mega, L50, M|26/100
|turn|6
|
|t:|1783164362
|move|p1b: Mawile|Protect|p1b: Mawile
|-singleturn|p1b: Mawile|Protect
|move|p2b: Delphox|Protect|p2b: Delphox
|-singleturn|p2b: Delphox|Protect
|move|p2a: Incineroar|Flare Blitz|p1b: Mawile
|-activate|p1b: Mawile|move: Protect
|move|p1a: Incineroar|Parting Shot|p2a: Incineroar
|-unboost|p2a: Incineroar|atk|1
|-unboost|p2a: Incineroar|spa|1
|
|t:|1783164369
|switch|p1a: Basculegion|Basculegion, L50, M|93/100|[from] Parting Shot
|
|upkeep
|turn|7
|
|t:|1783164380
|switch|p1b: Incineroar|Incineroar, L50, F|71/100
|-ability|p1b: Incineroar|Intimidate|boost
|-unboost|p2a: Incineroar|atk|1
|-unboost|p2b: Delphox|atk|1
|switch|p2a: Kingambit|Kingambit, L50, M|100/100
|move|p2b: Delphox|Protect|p2b: Delphox
|-singleturn|p2b: Delphox|Protect
|move|p1a: Basculegion|Aqua Jet|p2b: Delphox
|-activate|p2b: Delphox|move: Protect
|
|-fieldend|move: Trick Room
|upkeep
|turn|8
|inactive|bingbongwhoosh has 30 seconds left.
|
|t:|1783164408
|switch|p2b: Incineroar|Incineroar, L50, F|72/100
|-ability|p2b: Incineroar|Intimidate|boost
|-unboost|p1a: Basculegion|atk|1
|-unboost|p1b: Incineroar|atk|1
|switch|p1a: Mawile|Mawile-Mega, L50, M|100/100
|move|p1b: Incineroar|Flare Blitz|p2a: Kingambit
|-supereffective|p2a: Kingambit|1
|-damage|p2a: Kingambit|56/100
|-damage|p1b: Incineroar|56/100|[from] Recoil
|move|p2a: Kingambit|Kowtow Cleave|p1a: Mawile
|-resisted|p1a: Mawile|1
|-damage|p1a: Mawile|71/100
|
|upkeep
|turn|9
|inactive|bingbongwhoosh has 30 seconds left.
|inactive|homerj71 has 30 seconds left.
|
|t:|1783164435
|switch|p1a: Basculegion|Basculegion, L50, M|93/100
|move|p2b: Incineroar|Fake Out|p1a: Basculegion
|-immune|p1a: Basculegion
|move|p1b: Incineroar|Parting Shot|p2b: Incineroar
|-unboost|p2b: Incineroar|atk|1
|-unboost|p2b: Incineroar|spa|1
|
|t:|1783164443
|switch|p1b: Mawile|Mawile-Mega, L50, M|71/100|[from] Parting Shot
|move|p2a: Kingambit|Swords Dance|p2a: Kingambit
|-boost|p2a: Kingambit|atk|2
|
|upkeep
|turn|10
|
|t:|1783164457
|switch|p2b: Delphox|Delphox-Mega, L50, M|26/100
|move|p2a: Kingambit|Protect|p2a: Kingambit
|-singleturn|p2a: Kingambit|Protect
|move|p1a: Basculegion|Aqua Jet|p2b: Delphox
|-supereffective|p2b: Delphox|1
|-damage|p2b: Delphox|0 fnt
|faint|p2b: Delphox
|move|p1b: Mawile|Play Rough|p2a: Kingambit
|-activate|p2a: Kingambit|move: Protect
|
|upkeep
|
|t:|1783164466
|switch|p2b: Incineroar|Incineroar, L50, F|72/100
|-ability|p2b: Incineroar|Intimidate|boost
|-unboost|p1a: Basculegion|atk|1
|-unboost|p1b: Mawile|atk|1
|turn|11
|
|t:|1783164477
|move|p2b: Incineroar|Fake Out|p1b: Mawile
|-resisted|p1b: Mawile|1
|-damage|p1b: Mawile|67/100
|move|p1a: Basculegion|Aqua Jet|p2a: Kingambit
|-damage|p2a: Kingambit|41/100
|move|p2a: Kingambit|Kowtow Cleave|p1a: Basculegion
|-supereffective|p1a: Basculegion|1
|-damage|p1a: Basculegion|0 fnt
|faint|p1a: Basculegion
|cant|p1b: Mawile|flinch
|
|upkeep
|
|t:|1783164479
|switch|p1a: Incineroar|Incineroar, L50, F|56/100
|-ability|p1a: Incineroar|Intimidate|boost
|-unboost|p2a: Kingambit|atk|1
|-ability|p2a: Kingambit|Defiant|boost
|-boost|p2a: Kingambit|atk|2
|-unboost|p2b: Incineroar|atk|1
|turn|12
|
|t:|1783164489
|move|p2a: Kingambit|Protect|p2a: Kingambit
|-singleturn|p2a: Kingambit|Protect
|move|p1a: Incineroar|Fake Out|p2b: Incineroar
|-damage|p2b: Incineroar|63/100
|cant|p2b: Incineroar|flinch
|move|p1b: Mawile|Play Rough|p2b: Incineroar
|-damage|p2b: Incineroar|18/100
|-enditem|p2b: Incineroar|Sitrus Berry|[eat]
|-heal|p2b: Incineroar|43/100|[from] item: Sitrus Berry
|
|upkeep
|turn|13
|
|t:|1783164505
|move|p1b: Mawile|Protect|p1b: Mawile
|-singleturn|p1b: Mawile|Protect
|move|p2a: Kingambit|Sucker Punch|p1a: Incineroar
|-resisted|p1a: Incineroar|1
|-damage|p1a: Incineroar|4/100
|move|p1a: Incineroar|Flare Blitz|p2a: Kingambit
|-supereffective|p2a: Kingambit|1
|-damage|p2a: Kingambit|0 fnt
|faint|p2a: Kingambit
|-damage|p1a: Incineroar|0 fnt|[from] Recoil
|faint|p1a: Incineroar
|move|p2b: Incineroar|Flare Blitz|p1b: Mawile
|-activate|p1b: Mawile|move: Protect
|
|upkeep
|turn|14
|
|t:|1783164512
|move|p2b: Incineroar|Flare Blitz|p1b: Mawile
|-supereffective|p1b: Mawile|1
|-damage|p1b: Mawile|10/100
|-damage|p2b: Incineroar|28/100|[from] Recoil
|move|p1b: Mawile|Play Rough|p2b: Incineroar
|-damage|p2b: Incineroar|0 fnt
|faint|p2b: Incineroar
|
|win|bingbongwhoosh
