|j|☆Chandeliere
|j|☆Dot1Q
|html|ChandeliereDot1Q    
|uhtml|bestof|Game 2 of a best-of-3
|t:|1756927341
|gametype|doubles
|player|p1|Chandeliere|ethan|
|player|p2|Dot1Q|veteran|
|gen|9
|tier|[Gen 9] VGC 2025 Reg H (Bo3)
|rule|Species Clause: Limit one of each Pokémon
|rule|Item Clause: Limit 1 of each item
|clearpoke
|poke|p1|Ninetales-Alola, L50, M|
|poke|p1|Gholdengo, L50|
|poke|p1|Garchomp, L50, F|
|poke|p1|Incineroar, L50, F|
|poke|p1|Sneasler, L50, M|
|poke|p1|Dragonite, L50, F|
|poke|p2|Dondozo, L50, F|
|poke|p2|Tatsugiri, L50, M|
|poke|p2|Maushold-Four, L50|
|poke|p2|Annihilape, L50, M|
|poke|p2|Whimsicott, L50, F|
|poke|p2|Typhlosion-Hisui, L50, M|
|teampreview|4
|showteam|p1|Ninetales-Alola||LightClay|SnowWarning|AuroraVeil,Blizzard,FreezeDry,Protect|||M|||50|,,,,,Ghost]Gholdengo||LifeOrb|GoodasGold|MakeItRain,ShadowBall,NastyPlot,Protect||||||50|,,,,,Water]Garchomp||ClearAmulet|RoughSkin|Earthquake,StompingTantrum,DragonClaw,Protect|||F|||50|,,,,,Ground]Incineroar||AssaultVest|Intimidate|FakeOut,KnockOff,FlareBlitz,Uturn|||F|||50|,,,,,Grass]Sneasler||WhiteHerb|Unburden|Coaching,CloseCombat,DireClaw,Protect|||M|||50|,,,,,Ghost]Dragonite||LoadedDice|Multiscale|ScaleShot,Haze,Tailwind,Protect|||F|||50|,,,,,Fairy
|showteam|p2|Dondozo||Leftovers|Unaware|WaveCrash,Earthquake,OrderUp,Protect|||F|||50|,,,,,Dragon]Tatsugiri||SitrusBerry|Commander|DracoMeteor,MuddyWater,HelpingHand,Protect|||M|||50|,,,,,Steel]Maushold-Four||WideLens|Technician|PopulationBomb,Bite,FollowMe,Protect||||||50|,,,,,Normal]Annihilape||ChoiceScarf|Defiant|ShadowClaw,CloseCombat,FinalGambit,Uturn|||M|||50|,,,,,Fighting]Whimsicott||CovertCloak|Prankster|Tailwind,SunnyDay,Moonblast,Encore|||F|||50|,,,,,Rock]Typhlosion-Hisui||Charcoal|Blaze|Eruption,HeatWave,ShadowBall,Protect|||M|||50|,,,,,Fairy
|
|t:|1756927378
|teamsize|p1|4
|teamsize|p2|4
|start
|switch|p1a: Sneasler|Sneasler, L50, M|100/100
|switch|p1b: Dragonite|Dragonite, L50, F|100/100
|switch|p2a: Maushold|Maushold-Four, L50|100/100
|switch|p2b: Whimsicott|Whimsicott, L50, F|100/100
|turn|1
|
|t:|1756927420
|-terastallize|p2a: Maushold|Normal
|-terastallize|p1a: Sneasler|Ghost
|move|p1b: Dragonite|Protect|p1b: Dragonite
|-singleturn|p1b: Dragonite|Protect
|move|p2b: Whimsicott|Tailwind|p2b: Whimsicott
|-sidestart|p2: Dot1Q|move: Tailwind
|move|p2a: Maushold|Population Bomb|p1a: Sneasler
|-immune|p1a: Sneasler
|move|p1a: Sneasler|Close Combat|p2a: Maushold
|-supereffective|p2a: Maushold
|-damage|p2a: Maushold|0 fnt
|-unboost|p1a: Sneasler|def|1
|-unboost|p1a: Sneasler|spd|1
|faint|p2a: Maushold
|-enditem|p1a: Sneasler|White Herb
|-clearnegativeboost|p1a: Sneasler|[silent]
|
|upkeep
|
|t:|1756927428
|switch|p2a: Typhlosion|Typhlosion-Hisui, L50, M|100/100
|turn|2
|
|t:|1756927445
|switch|p1a: Incineroar|Incineroar, L50, F|100/100
|-ability|p1a: Incineroar|Intimidate|boost
|-unboost|p2a: Typhlosion|atk|1
|-unboost|p2b: Whimsicott|atk|1
|move|p2b: Whimsicott|Encore|p1b: Dragonite
|-start|p1b: Dragonite|Encore
|move|p2a: Typhlosion|Eruption|p1a: Incineroar|[spread] p1a,p1b
|-resisted|p1a: Incineroar
|-resisted|p1b: Dragonite
|-damage|p1a: Incineroar|82/100
|-damage|p1b: Dragonite|82/100
|move|p1b: Dragonite|Protect||[still]
|-fail|p1b: Dragonite
|
|upkeep
|turn|3
|
|t:|1756927478
|move|p1b: Dragonite|Protect|p1b: Dragonite
|-singleturn|p1b: Dragonite|Protect
|move|p2b: Whimsicott|Sunny Day|p2b: Whimsicott
|-weather|SunnyDay
|move|p2a: Typhlosion|Eruption|p1a: Incineroar|[spread] p1a
|-activate|p1b: Dragonite|move: Protect
|-resisted|p1a: Incineroar
|-damage|p1a: Incineroar|50/100
|move|p1a: Incineroar|Flare Blitz|p2a: Typhlosion
|-resisted|p2a: Typhlosion
|-damage|p2a: Typhlosion|52/100
|-damage|p1a: Incineroar|38/100|[from] Recoil
|
|-weather|SunnyDay|[upkeep]
|upkeep
|turn|4
|
|t:|1756927530
|switch|p1a: Gholdengo|Gholdengo, L50|100/100
|move|p1b: Dragonite|Protect|p1b: Dragonite
|-singleturn|p1b: Dragonite|Protect
|move|p2b: Whimsicott|Moonblast|p1a: Gholdengo
|-resisted|p1a: Gholdengo
|-damage|p1a: Gholdengo|85/100
|-unboost|p1a: Gholdengo|spa|1
|move|p2a: Typhlosion|Heat Wave|p1b: Dragonite|[spread] 
|-activate|p1b: Dragonite|move: Protect
|-miss|p2a: Typhlosion|p1a: Gholdengo
|
|-weather|SunnyDay|[upkeep]
|-end|p1b: Dragonite|Encore
|-sideend|p2: Dot1Q|move: Tailwind
|upkeep
|turn|5
|
|t:|1756927570
|move|p2b: Whimsicott|Moonblast|p1b: Dragonite
|-supereffective|p1b: Dragonite
|-damage|p1b: Dragonite|28/100
|move|p2a: Typhlosion|Heat Wave|p1a: Gholdengo|[spread] p1a,p1b
|-supereffective|p1a: Gholdengo
|-resisted|p1b: Dragonite
|-damage|p1a: Gholdengo|0 fnt
|-damage|p1b: Dragonite|0 fnt
|faint|p1a: Gholdengo
|faint|p1b: Dragonite
|
|-weather|SunnyDay|[upkeep]
|upkeep
|
|t:|1756927578
|switch|p1a: Sneasler|Sneasler, L50, M, tera:Ghost|100/100
|switch|p1b: Incineroar|Incineroar, L50, F|38/100
|-ability|p1b: Incineroar|Intimidate|boost
|-unboost|p2a: Typhlosion|atk|1
|-unboost|p2b: Whimsicott|atk|1
|turn|6
|
|t:|1756927590
|move|p2b: Whimsicott|Tailwind|p2b: Whimsicott
|-sidestart|p2: Dot1Q|move: Tailwind
|move|p2a: Typhlosion|Heat Wave|p1a: Sneasler|[spread] p1b
|-miss|p2a: Typhlosion|p1a: Sneasler
|-resisted|p1b: Incineroar
|-damage|p1b: Incineroar|20/100
|move|p1a: Sneasler|Dire Claw|p2b: Whimsicott
|-supereffective|p2b: Whimsicott
|-damage|p2b: Whimsicott|0 fnt
|faint|p2b: Whimsicott
|move|p1b: Incineroar|Knock Off|p2a: Typhlosion
|-supereffective|p2a: Typhlosion
|-damage|p2a: Typhlosion|0 fnt
|-enditem|p2a: Typhlosion|Charcoal|[from] move: Knock Off|[of] p1b: Incineroar
|faint|p2a: Typhlosion
|
|-weather|SunnyDay|[upkeep]
|upkeep
|
|t:|1756927602
|switch|p2b: Annihilape|Annihilape, L50, M|100/100
|turn|7
|
|t:|1756927616
|move|p2b: Annihilape|Shadow Claw|p1b: Incineroar
|-resisted|p1b: Incineroar
|-damage|p1b: Incineroar|9/100
|move|p1a: Sneasler|Dire Claw|p2b: Annihilape
|-resisted|p2b: Annihilape
|-damage|p2b: Annihilape|81/100
|-status|p2b: Annihilape|slp
|move|p1b: Incineroar|Flare Blitz|p2b: Annihilape
|-damage|p2b: Annihilape|9/100 slp
|-damage|p1b: Incineroar|0 fnt|[from] Recoil
|faint|p1b: Incineroar
|
|-weather|none
|upkeep
|turn|8
|c|☆Chandeliere|gg
|c|☆Dot1Q|ggs
|
|t:|1756927634
|cant|p2b: Annihilape|slp
|move|p1a: Sneasler|Dire Claw|p2b: Annihilape
|-resisted|p2b: Annihilape
|-damage|p2b: Annihilape|0 fnt
|faint|p2b: Annihilape
|
|win|Chandeliere
|l|☆Dot1Q
|player|p2|
