|j|☆uPinhuu
|j|☆br3bbsy
|html|uPinhuubr3bbsy    
|uhtml|bestof|Game 2 of a best-of-3
|t:|1785791710
|gametype|doubles
|player|p1|uPinhuu|1|1142
|player|p2|br3bbsy|steven|1153
|gen|9
|tier|[Gen 9 Champions] VGC 2026 Reg M-B (Bo3)
|rated|
|rule|Species Clause: Limit one of each Pokémon
|rule|Item Clause: Limit 1 of each item
|clearpoke
|poke|p1|Staraptor, L50, F|
|poke|p1|Vanilluxe, L50, F|
|poke|p1|Farigiraf, L50, F|
|poke|p1|Blastoise, L50, M|
|poke|p1|Kingambit, L50, M|
|poke|p1|Camerupt, L50, M|
|poke|p2|Excadrill, L50, M|
|poke|p2|Tyranitar, L50, M|
|poke|p2|Sinistcha, L50|
|poke|p2|Milotic, L50, F|
|poke|p2|Staraptor, L50, M|
|poke|p2|Gholdengo, L50|
|teampreview|4
|showteam|p1|Staraptor||ChoiceScarf|Intimidate|FinalGambit,BraveBird,CloseCombat,Uturn|Jolly||F|||50|]Vanilluxe||NeverMeltIce|SnowWarning|Blizzard,FreezeDry,Protect,IceShard|Quiet||F|||50|]Farigiraf||SitrusBerry|ArmorTail|PsychicFangs,HyperVoice,HelpingHand,TrickRoom|Relaxed||F|||50|]Blastoise||Blastoisinite|RainDish|FakeOut,WaterSpout,AuraSphere,DarkPulse|Quiet||M|||50|]Kingambit||LifeOrb|Defiant|KowtowCleave,IronHead,Protect,SuckerPunch|Brave||M|||50|]Camerupt||Cameruptite|SolidRock|HeatWave,EarthPower,Protect,AncientPower|Quiet||M|||50|
|showteam|p2|Excadrill||FocusSash|SandRush|Earthquake,Protect,RockSlide,IronHead|Jolly||M|||50|]Tyranitar||Tyranitarite|SandStream|KnockOff,HighHorsepower,Protect,RockSlide|Jolly||M|||50|]Sinistcha||ColburBerry|Hospitality|MatchaGotcha,RagePowder,ShadowBall,Protect|Bold|||||50|]Milotic||Leftovers|Competitive|Scald,IcyWind,Protect,Haze|Calm||F|||50|]Staraptor||Staraptite|Intimidate|BraveBird,CloseCombat,Tailwind,Protect|Jolly||M|||50|]Gholdengo||LifeOrb|GoodasGold|MakeItRain,NastyPlot,ShadowBall,Protect|Modest|||||50|
|inactive|Battle timer is ON: inactive players will automatically lose when time's up. (requested by uPinhuu)
|inactive|uPinhuu has 60 seconds left.
|
|t:|1785791745
|teamsize|p1|4
|teamsize|p2|4
|start
|switch|p1a: Farigiraf|Farigiraf, L50, F|100/100
|switch|p1b: Blastoise|Blastoise, L50, M|100/100
|switch|p2a: Tyranitar|Tyranitar, L50, M|100/100
|switch|p2b: Milotic|Milotic, L50, F|100/100
|-weather|Sandstorm|[from] ability: Sand Stream|[of] p2a: Tyranitar
|turn|1
|inactive|br3bbsy has 30 seconds left.
|
|t:|1785791771
|detailschange|p1b: Blastoise|Blastoise-Mega, L50, M
|-mega|p1b: Blastoise|Blastoise|Blastoisinite
|move|p2a: Tyranitar|Protect|p2a: Tyranitar
|-singleturn|p2a: Tyranitar|Protect
|move|p2b: Milotic|Scald|p1a: Farigiraf
|-damage|p1a: Farigiraf|73/100
|-status|p1a: Farigiraf|brn
|move|p1b: Blastoise|Aura Sphere|p2a: Tyranitar
|-activate|p2a: Tyranitar|move: Protect
|move|p1a: Farigiraf|Trick Room|p1a: Farigiraf
|-fieldstart|move: Trick Room|[of] p1a: Farigiraf
|
|-weather|Sandstorm|[upkeep]
|-damage|p1a: Farigiraf|67/100 brn|[from] Sandstorm
|-damage|p1b: Blastoise|94/100|[from] Sandstorm
|-damage|p2b: Milotic|94/100|[from] Sandstorm
|-heal|p2b: Milotic|100/100|[from] item: Leftovers
|-damage|p1a: Farigiraf|60/100 brn|[from] brn
|upkeep
|turn|2
|inactive|uPinhuu has 30 seconds left.
|inactive|br3bbsy has 30 seconds left.
|inactive|br3bbsy has 20 seconds left.
|
|t:|1785791807
|switch|p1a: Vanilluxe|Vanilluxe, L50, F|100/100
|-weather|Snowscape|[from] ability: Snow Warning|[of] p1a: Vanilluxe
|switch|p2a: Excadrill|Excadrill, L50, M|100/100
|move|p1b: Blastoise|Water Spout|p2b: Milotic|[spread] p2a,p2b
|-supereffective|p2a: Excadrill|1
|-resisted|p2b: Milotic|1
|-enditem|p2a: Excadrill|Focus Sash
|-damage|p2a: Excadrill|1/100
|-damage|p2b: Milotic|77/100
|move|p2b: Milotic|Scald|p1a: Vanilluxe
|-damage|p1a: Vanilluxe|70/100
|-status|p1a: Vanilluxe|brn
|
|-weather|Snowscape|[upkeep]
|-heal|p2b: Milotic|83/100|[from] item: Leftovers
|-damage|p1a: Vanilluxe|64/100 brn|[from] brn
|upkeep
|turn|3
|inactive|uPinhuu has 30 seconds left.
|inactive|br3bbsy has 30 seconds left.
|
|t:|1785791839
|switch|p1a: Farigiraf|Farigiraf, L50, F|60/100 brn
|switch|p2b: Tyranitar|Tyranitar, L50, M|100/100
|-weather|Sandstorm|[from] ability: Sand Stream|[of] p2b: Tyranitar
|move|p1b: Blastoise|Water Spout|p2a: Excadrill|[spread] p2a,p2b
|-supereffective|p2a: Excadrill|1
|-supereffective|p2b: Tyranitar|1
|-damage|p2a: Excadrill|0 fnt
|-damage|p2b: Tyranitar|21/100
|faint|p2a: Excadrill
|
|-weather|Sandstorm|[upkeep]
|-damage|p1a: Farigiraf|54/100 brn|[from] Sandstorm
|-damage|p1b: Blastoise|88/100|[from] Sandstorm
|-damage|p1a: Farigiraf|48/100 brn|[from] brn
|upkeep
|-enditem|p1a: Farigiraf|Sitrus Berry|[eat]
|-heal|p1a: Farigiraf|73/100 brn|[from] item: Sitrus Berry
|
|t:|1785791856
|switch|p2a: Milotic|Milotic, L50, F|83/100
|turn|4
|
|t:|1785791863
|move|p2b: Tyranitar|Protect|p2b: Tyranitar
|-singleturn|p2b: Tyranitar|Protect
|move|p1a: Farigiraf|Hyper Voice|p2b: Tyranitar|[spread] p2a
|-activate|p2b: Tyranitar|move: Protect
|-damage|p2a: Milotic|65/100
|move|p1b: Blastoise|Water Spout|p2b: Tyranitar|[spread] p2a
|-activate|p2b: Tyranitar|move: Protect
|-resisted|p2a: Milotic|1
|-damage|p2a: Milotic|45/100
|move|p2a: Milotic|Scald|p1b: Blastoise
|-resisted|p1b: Blastoise|1
|-damage|p1b: Blastoise|76/100
|-status|p1b: Blastoise|brn
|
|-weather|Sandstorm|[upkeep]
|-damage|p1a: Farigiraf|67/100 brn|[from] Sandstorm
|-damage|p1b: Blastoise|70/100 brn|[from] Sandstorm
|-damage|p2a: Milotic|39/100|[from] Sandstorm
|-heal|p2a: Milotic|45/100|[from] item: Leftovers
|-damage|p1a: Farigiraf|60/100 brn|[from] brn
|-damage|p1b: Blastoise|65/100 brn|[from] brn
|upkeep
|turn|5
|inactive|br3bbsy has 30 seconds left.
|
|t:|1785791889
|switch|p2b: Staraptor|Staraptor, L50, M|100/100
|-ability|p2b: Staraptor|Intimidate|boost
|-unboost|p1a: Farigiraf|atk|1
|-unboost|p1b: Blastoise|atk|1
|move|p1a: Farigiraf|Hyper Voice|p2b: Staraptor|[spread] p2a,p2b
|-damage|p2a: Milotic|27/100
|-damage|p2b: Staraptor|69/100
|move|p1b: Blastoise|Water Spout|p2b: Staraptor|[spread] p2a,p2b
|-resisted|p2a: Milotic|1
|-damage|p2a: Milotic|13/100
|-damage|p2b: Staraptor|16/100
|move|p2a: Milotic|Scald|p1b: Blastoise
|-resisted|p1b: Blastoise|1
|-damage|p1b: Blastoise|53/100 brn
|
|-weather|Sandstorm|[upkeep]
|-damage|p1a: Farigiraf|54/100 brn|[from] Sandstorm
|-damage|p1b: Blastoise|47/100 brn|[from] Sandstorm
|-damage|p2a: Milotic|7/100|[from] Sandstorm
|-damage|p2b: Staraptor|10/100|[from] Sandstorm
|-heal|p2a: Milotic|13/100|[from] item: Leftovers
|-damage|p1a: Farigiraf|48/100 brn|[from] brn
|-damage|p1b: Blastoise|41/100 brn|[from] brn
|-fieldend|move: Trick Room
|upkeep
|turn|6
|inactive|uPinhuu has 30 seconds left.
|inactive|br3bbsy has 30 seconds left.
|inactive|br3bbsy has 20 seconds left.
|
|t:|1785791925
|move|p2a: Milotic|Protect|p2a: Milotic
|-singleturn|p2a: Milotic|Protect
|move|p2b: Staraptor|Brave Bird|p1b: Blastoise
|-damage|p1b: Blastoise|1/100 brn
|-damage|p2b: Staraptor|0 fnt|[from] Recoil
|faint|p2b: Staraptor
|move|p1b: Blastoise|Water Spout|p2a: Milotic
|-activate|p2a: Milotic|move: Protect
|move|p1a: Farigiraf|Hyper Voice|p2a: Milotic
|-activate|p2a: Milotic|move: Protect
|
|-weather|Sandstorm|[upkeep]
|-damage|p2a: Milotic|7/100|[from] Sandstorm
|-damage|p1b: Blastoise|0 fnt|[from] Sandstorm
|-damage|p1a: Farigiraf|42/100 brn|[from] Sandstorm
|faint|p1b: Blastoise
|-heal|p2a: Milotic|13/100|[from] item: Leftovers
|-damage|p1a: Farigiraf|36/100 brn|[from] brn
|upkeep
|inactive|uPinhuu has 30 seconds left.
|
|t:|1785791953
|switch|p2b: Tyranitar|Tyranitar, L50, M|21/100
|switch|p1b: Staraptor|Staraptor, L50, F|100/100
|-ability|p1b: Staraptor|Intimidate|boost
|-unboost|p2a: Milotic|atk|1
|-ability|p2a: Milotic|Competitive|boost
|-boost|p2a: Milotic|spa|2
|-unboost|p2b: Tyranitar|atk|1
|turn|7
|inactive|uPinhuu has 30 seconds left.
|inactive|uPinhuu has 20 seconds left.
|
|t:|1785791988
|move|p2b: Tyranitar|Protect|p2b: Tyranitar
|-singleturn|p2b: Tyranitar|Protect
|move|p1b: Staraptor|Close Combat|p2b: Tyranitar
|-activate|p2b: Tyranitar|move: Protect
|move|p2a: Milotic|Icy Wind|p1a: Farigiraf|[spread] p1a,p1b
|-supereffective|p1b: Staraptor|1
|-damage|p1a: Farigiraf|17/100 brn
|-damage|p1b: Staraptor|46/100
|-unboost|p1a: Farigiraf|spe|1
|-unboost|p1b: Staraptor|spe|1
|move|p1a: Farigiraf|Hyper Voice|p2b: Tyranitar|[spread] p2a
|-activate|p2b: Tyranitar|move: Protect
|-damage|p2a: Milotic|0 fnt
|faint|p2a: Milotic
|
|-weather|none
|-damage|p1a: Farigiraf|11/100 brn|[from] brn
|upkeep
|turn|8
|inactive|uPinhuu has 30 seconds left.
|
|t:|1785792019
|detailschange|p2b: Tyranitar|Tyranitar-Mega, L50, M
|-mega|p2b: Tyranitar|Tyranitar|Tyranitarite
|-weather|Sandstorm|[from] ability: Sand Stream|[of] p2b: Tyranitar
|move|p1b: Staraptor|Close Combat|p2b: Tyranitar
|-supereffective|p2b: Tyranitar|2
|-damage|p2b: Tyranitar|0 fnt
|-unboost|p1b: Staraptor|def|1
|-unboost|p1b: Staraptor|spd|1
|faint|p2b: Tyranitar
|
|win|uPinhuu
|inactive|uPinhuu has 30 seconds to confirm battle start!
|inactive|br3bbsy has 30 seconds to confirm battle start!
||br3bbsy is ready for game 3.
||uPinhuu is ready for game 3.
|uhtml|next|Next: Game 3 of 3
|l|☆br3bbsy
|player|p2|
