|j|☆master 792
|j|☆HeoWay
|html|master 792HeoWay    
|uhtml|bestof|Game 3 of a best-of-3
|t:|1784309564
|gametype|doubles
|player|p1|master 792|red|1264
|player|p2|HeoWay|170|1245
|gen|9
|tier|[Gen 9 Champions] VGC 2026 Reg M-B (Bo3)
|rated|
|rule|Species Clause: Limit one of each Pokémon
|rule|Item Clause: Limit 1 of each item
|clearpoke
|poke|p1|Blastoise, L50, M|
|poke|p1|Delphox, L50, M|
|poke|p1|Incineroar, L50, F|
|poke|p1|Sneasler, L50, M|
|poke|p1|Sinistcha, L50, shiny|
|poke|p1|Maushold-Four, L50|
|poke|p2|Charizard, L50, M|
|poke|p2|Tyranitar, L50, M|
|poke|p2|Milotic, L50, M|
|poke|p2|Sneasler, L50, F|
|poke|p2|Excadrill, L50, F|
|poke|p2|Sinistcha, L50|
|teampreview|4
|showteam|p1|Blastoise||Blastoisinite|RainDish|WaterSpout,DarkPulse,ShellSmash,Protect|Modest||M|||50|]Delphox||Delphoxite|Blaze|HeatWave,Psychic,NastyPlot,Protect|Timid||M|||50|]Incineroar||SitrusBerry|Intimidate|FakeOut,PartingShot,FlareBlitz,ThroatChop|Bold||F|||50|]Sneasler||FocusSash|PoisonTouch|FakeOut,DireClaw,CloseCombat,QuickGuard|Jolly||M|||50|]Sinistcha||OccaBerry|Hospitality|MatchaGotcha,LifeDew,RagePowder,Protect|Bold|||||50|]Maushold-Four||ChopleBerry|FriendGuard|FollowMe,SuperFang,Protect,Taunt|Bold|||||50|
|showteam|p2|Charizard||CharizarditeX|Blaze|FlareBlitz,Protect,Roost,WillOWisp|Jolly||M|||50|]Tyranitar||Tyranitarite|SandStream|DragonDance,KnockOff,RockSlide,Protect|Jolly||M|||50|]Milotic||Leftovers|Competitive|Scald,Protect,Recover,IcyWind|Calm||M|||50|]Sneasler||WhiteHerb|Unburden|CloseCombat,FakeOut,DireClaw,Protect|Adamant||F|||50|]Excadrill||FocusSash|SandRush|RockSlide,HighHorsepower,IronHead,Protect|Jolly||F|||50|]Sinistcha||KasibBerry|Hospitality|MatchaGotcha,RagePowder,LifeDew,Protect|Bold|||||50|
|inactive|Battle timer is ON: inactive players will automatically lose when time's up. (requested by HeoWay)
|
|t:|1784309578
|teamsize|p1|4
|teamsize|p2|4
|start
|switch|p1a: Blastoise|Blastoise, L50, M|100/100
|switch|p1b: Maushold|Maushold-Four, L50|100/100
|switch|p2a: Tyranitar|Tyranitar, L50, M|100/100
|switch|p2b: Sneasler|Sneasler, L50, F|100/100
|-weather|Sandstorm|[from] ability: Sand Stream|[of] p2a: Tyranitar
|turn|1
|
|t:|1784309588
|detailschange|p1a: Blastoise|Blastoise-Mega, L50, M
|-mega|p1a: Blastoise|Blastoise|Blastoisinite
|detailschange|p2a: Tyranitar|Tyranitar-Mega, L50, M
|-mega|p2a: Tyranitar|Tyranitar|Tyranitarite
|move|p2b: Sneasler|Fake Out|p1a: Blastoise
|-damage|p1a: Blastoise|87/100
|move|p1b: Maushold|Taunt|p2a: Tyranitar
|-start|p2a: Tyranitar|move: Taunt
|cant|p2a: Tyranitar|move: Taunt|Dragon Dance
|cant|p1a: Blastoise|flinch
|
|-weather|Sandstorm|[upkeep]
|-damage|p2b: Sneasler|94/100|[from] Sandstorm
|-damage|p1b: Maushold|93/100|[from] Sandstorm
|-damage|p1a: Blastoise|81/100|[from] Sandstorm
|upkeep
|turn|2
|
|t:|1784309597
|move|p1b: Maushold|Follow Me|p1b: Maushold
|-singleturn|p1b: Maushold|move: Follow Me
|move|p2b: Sneasler|Close Combat|p1b: Maushold
|-supereffective|p1b: Maushold|1
|-enditem|p1b: Maushold|Chople Berry|[eat]
|-enditem|p1b: Maushold|Chople Berry|[weaken]
|-damage|p1b: Maushold|28/100
|-unboost|p2b: Sneasler|def|1
|-unboost|p2b: Sneasler|spd|1
|-enditem|p2b: Sneasler|White Herb
|-clearnegativeboost|p2b: Sneasler|[silent]
|move|p2a: Tyranitar|Rock Slide|p1b: Maushold|[spread] p1a,p1b
|-damage|p1a: Blastoise|58/100
|-damage|p1b: Maushold|0 fnt
|faint|p1b: Maushold
|move|p1a: Blastoise|Shell Smash|p1a: Blastoise
|-unboost|p1a: Blastoise|def|1
|-unboost|p1a: Blastoise|spd|1
|-boost|p1a: Blastoise|atk|2
|-boost|p1a: Blastoise|spa|2
|-boost|p1a: Blastoise|spe|2
|
|-weather|Sandstorm|[upkeep]
|-damage|p2b: Sneasler|88/100|[from] Sandstorm
|-damage|p1a: Blastoise|52/100|[from] Sandstorm
|upkeep
|
|t:|1784309603
|switch|p1b: Sinistcha|Sinistcha, L50, shiny|100/100
|-heal|p1a: Blastoise|76/100|[from] ability: Hospitality|[of] p1b: Sinistcha
|turn|3
|
|t:|1784309627
|move|p1b: Sinistcha|Rage Powder|p1b: Sinistcha
|-singleturn|p1b: Sinistcha|move: Rage Powder
|move|p2b: Sneasler|Dire Claw|p1b: Sinistcha
|-damage|p1b: Sinistcha|67/100
|-status|p1b: Sinistcha|par
|move|p1a: Blastoise|Water Spout|p2b: Sneasler|[spread] p2a,p2b
|-supereffective|p2a: Tyranitar|1
|-damage|p2a: Tyranitar|0 fnt
|-damage|p2b: Sneasler|0 fnt
|faint|p2a: Tyranitar
|faint|p2b: Sneasler
|
|-weather|Sandstorm|[upkeep]
|-damage|p1a: Blastoise|70/100|[from] Sandstorm
|-damage|p1b: Sinistcha|61/100 par|[from] Sandstorm
|upkeep
|
|t:|1784309638
|switch|p2b: Sinistcha|Sinistcha, L50|100/100
|switch|p2a: Excadrill|Excadrill, L50, F|100/100
|turn|4
|
|t:|1784309653
|move|p1b: Sinistcha|Rage Powder|p1b: Sinistcha
|-singleturn|p1b: Sinistcha|move: Rage Powder
|move|p2a: Excadrill|Rock Slide|p1a: Blastoise|[spread] p1a,p1b
|-crit|p1a: Blastoise
|-damage|p1a: Blastoise|23/100
|-damage|p1b: Sinistcha|44/100 par
|move|p1a: Blastoise|Dark Pulse|p2b: Sinistcha
|-supereffective|p2b: Sinistcha|1
|-damage|p2b: Sinistcha|0 fnt
|faint|p2b: Sinistcha
|
|-weather|Sandstorm|[upkeep]
|-damage|p1a: Blastoise|17/100|[from] Sandstorm
|-damage|p1b: Sinistcha|38/100 par|[from] Sandstorm
|upkeep
|turn|5
|
|t:|1784309663
|switch|p1b: Incineroar|Incineroar, L50, F|100/100
|-ability|p1b: Incineroar|Intimidate|boost
|-unboost|p2a: Excadrill|atk|1
|move|p1a: Blastoise|Protect|p1a: Blastoise
|-singleturn|p1a: Blastoise|Protect
|move|p2a: Excadrill|Rock Slide|p1a: Blastoise|[spread] p1b
|-activate|p1a: Blastoise|move: Protect
|-supereffective|p1b: Incineroar|1
|-damage|p1b: Incineroar|75/100
|
|-weather|none
|upkeep
|turn|6
|
|t:|1784309670
|move|p2a: Excadrill|Protect|p2a: Excadrill
|-singleturn|p2a: Excadrill|Protect
|move|p1b: Incineroar|Fake Out|p2a: Excadrill
|-activate|p2a: Excadrill|move: Protect
|move|p1a: Blastoise|Shell Smash|p1a: Blastoise
|-unboost|p1a: Blastoise|def|1
|-unboost|p1a: Blastoise|spd|1
|-boost|p1a: Blastoise|atk|2
|-boost|p1a: Blastoise|spa|2
|-boost|p1a: Blastoise|spe|2
|
|upkeep
|turn|7
|
|t:|1784309678
|move|p1a: Blastoise|Dark Pulse|p2a: Excadrill
|-enditem|p2a: Excadrill|Focus Sash
|-damage|p2a: Excadrill|1/100
|move|p2a: Excadrill|Rock Slide|p1b: Incineroar|[spread] p1a
|-miss|p2a: Excadrill|p1b: Incineroar
|-damage|p1a: Blastoise|0 fnt
|faint|p1a: Blastoise
|move|p1b: Incineroar|Flare Blitz|p2a: Excadrill
|-supereffective|p2a: Excadrill|1
|-damage|p2a: Excadrill|0 fnt
|faint|p2a: Excadrill
|-damage|p1b: Incineroar|74/100|[from] Recoil
|
|win|master 792
|raw|master 792's rating: 1264 → 1288(+24 for winning)
|raw|HeoWay's rating: 1245 → 1221(-24 for losing)
|c|☆master 792|gg
|l|☆HeoWay
|player|p2|
