|j|☆skjaal
|j|☆furretusedpunch
|html|skjaalfurretusedpunch    
|uhtml|bestof|Game 3 of a best-of-3
|t:|1756024670
|gametype|doubles
|player|p1|skjaal|plasmagrunt-gen5bw|1196
|player|p2|furretusedpunch|lacey|1202
|gen|9
|tier|[Gen 9] VGC 2025 Reg H (Bo3)
|rated|
|rule|Species Clause: Limit one of each Pokémon
|rule|Item Clause: Limit 1 of each item
|clearpoke
|poke|p1|Electabuzz, L50, F|
|poke|p1|Baxcalibur, L50, F|
|poke|p1|Basculegion, L50, M|
|poke|p1|Incineroar, L50, F|
|poke|p1|Kingambit, L50, M|
|poke|p1|Primarina, L50, F|
|poke|p2|Gholdengo, L50|
|poke|p2|Sneasler, L50, M|
|poke|p2|Rillaboom, L50, F|
|poke|p2|Dragonite, L50, F|
|poke|p2|Ninetales-Alola, L50, F|
|poke|p2|Arcanine-Hisui, L50, F|
|teampreview|4
|showteam|p1|Electabuzz||Eviolite|VitalSpirit|Protect,Electroweb,FollowMe,Taunt|||F|||50|,,,,,Fairy]Baxcalibur||LoadedDice|ThermalExchange|IcicleSpear,ScaleShot,IceShard,Protect|||F|||50|,,,,,Poison]Basculegion||FocusSash|Adaptability|Protect,LastRespects,Liquidation,AquaJet|||M|||50|,,,,,Water]Incineroar||SitrusBerry|Intimidate|PartingShot,FakeOut,FlareBlitz,KnockOff|||F|||50|,,,,,Ghost]Kingambit||BlackGlasses|Defiant|KowtowCleave,SuckerPunch,SwordsDance,Protect|||M|||50|,,,,,Dark]Primarina||ChoiceSpecs|LiquidVoice|Moonblast,HyperVoice,DazzlingGleam,Haze|||F|||50|,,,,,Fairy
|showteam|p2|Gholdengo||GrassySeed|GoodasGold|NastyPlot,MakeItRain,ShadowBall,Protect||||||50|,,,,,Water]Sneasler||WhiteHerb|Unburden|CloseCombat,DireClaw,Coaching,Protect|||M|||50|,,,,,Ghost]Rillaboom||AssaultVest|GrassySurge|FakeOut,GrassyGlide,DrumBeating,HighHorsepower|||F|||50|,,,,,Fire]Dragonite||LoadedDice|Multiscale|ScaleShot,StompingTantrum,Tailwind,Protect|||F|||50|,,,,,Ground]Ninetales-Alola||FocusSash|SnowWarning|Blizzard,IcyWind,Encore,AuroraVeil|||F|||50|,,,,,Ghost]Arcanine-Hisui||ClearAmulet|Intimidate|RockSlide,FlareBlitz,ExtremeSpeed,Protect|||F|||50|,,,,,Water
|
|t:|1756024688
|teamsize|p1|4
|teamsize|p2|4
|start
|switch|p1a: Incineroar|Incineroar, L50, F|100/100
|switch|p1b: Baxcalibur|Baxcalibur, L50, F|100/100
|switch|p2a: Sneasler|Sneasler, L50, M|100/100
|switch|p2b: Rillaboom|Rillaboom, L50, F|100/100
|-fieldstart|move: Grassy Terrain|[from] ability: Grassy Surge|[of] p2b: Rillaboom
|-ability|p1a: Incineroar|Intimidate|boost
|-unboost|p2a: Sneasler|atk|1
|-unboost|p2b: Rillaboom|atk|1
|-enditem|p2a: Sneasler|White Herb
|-clearnegativeboost|p2a: Sneasler|[silent]
|turn|1
|
|t:|1756024708
|-terastallize|p1b: Baxcalibur|Poison
|move|p2b: Rillaboom|Fake Out|p1b: Baxcalibur
|-damage|p1b: Baxcalibur|92/100
|move|p2a: Sneasler|Close Combat|p1a: Incineroar
|-supereffective|p1a: Incineroar
|-damage|p1a: Incineroar|0 fnt
|-unboost|p2a: Sneasler|def|1
|-unboost|p2a: Sneasler|spd|1
|faint|p1a: Incineroar
|cant|p1b: Baxcalibur|flinch
|
|-heal|p1b: Baxcalibur|98/100|[from] Grassy Terrain
|upkeep
|
|t:|1756024736
|switch|p1a: Electabuzz|Electabuzz, L50, F, shiny|100/100
|turn|2
|inactive|Battle timer is ON: inactive players will automatically lose when time's up. (requested by skjaal)
|
|t:|1756024796
|-terastallize|p2b: Rillaboom|Fire
|move|p2a: Sneasler|Coaching|p2b: Rillaboom
|-boost|p2b: Rillaboom|atk|1
|-boost|p2b: Rillaboom|def|1
|move|p1a: Electabuzz|Electroweb|p2b: Rillaboom|[spread] p2a,p2b
|-damage|p2a: Sneasler|75/100
|-damage|p2b: Rillaboom|90/100
|-unboost|p2a: Sneasler|spe|1
|-unboost|p2b: Rillaboom|spe|1
|move|p1b: Baxcalibur|Icicle Spear|p2b: Rillaboom
|-resisted|p2b: Rillaboom
|-damage|p2b: Rillaboom|85/100
|-resisted|p2b: Rillaboom
|-damage|p2b: Rillaboom|79/100
|-resisted|p2b: Rillaboom
|-damage|p2b: Rillaboom|74/100
|-resisted|p2b: Rillaboom
|-damage|p2b: Rillaboom|69/100
|-hitcount|p2b: Rillaboom|4
|move|p2b: Rillaboom|High Horsepower|p1b: Baxcalibur
|-supereffective|p1b: Baxcalibur
|-damage|p1b: Baxcalibur|43/100
|
|-heal|p2a: Sneasler|81/100|[from] Grassy Terrain
|-heal|p1b: Baxcalibur|49/100|[from] Grassy Terrain
|-heal|p2b: Rillaboom|75/100|[from] Grassy Terrain
|upkeep
|turn|3
|
|t:|1756024812
|switch|p2a: Arcanine|Arcanine-Hisui, L50, F|100/100
|-ability|p2a: Arcanine|Intimidate|boost
|-unboost|p1a: Electabuzz|atk|1
|-unboost|p1b: Baxcalibur|atk|1
|move|p1a: Electabuzz|Follow Me|p1a: Electabuzz
|-singleturn|p1a: Electabuzz|move: Follow Me
|move|p1b: Baxcalibur|Scale Shot|p2b: Rillaboom|[miss]
|-miss|p1b: Baxcalibur|p2b: Rillaboom
|move|p2b: Rillaboom|High Horsepower|p1a: Electabuzz
|-supereffective|p1a: Electabuzz
|-damage|p1a: Electabuzz|42/100
|
|-heal|p1a: Electabuzz|48/100|[from] Grassy Terrain
|-heal|p1b: Baxcalibur|55/100|[from] Grassy Terrain
|-heal|p2b: Rillaboom|81/100|[from] Grassy Terrain
|upkeep
|turn|4
|inactive|skjaal has 30 seconds left.
|
|t:|1756024842
|switch|p1b: Primarina|Primarina, L50, F|100/100
|move|p1a: Electabuzz|Protect|p1a: Electabuzz
|-singleturn|p1a: Electabuzz|Protect
|move|p2a: Arcanine|Rock Slide|p1b: Primarina|[spread] p1b
|-activate|p1a: Electabuzz|move: Protect
|-damage|p1b: Primarina|63/100
|move|p2b: Rillaboom|High Horsepower|p1b: Primarina
|-damage|p1b: Primarina|21/100
|
|-heal|p1a: Electabuzz|54/100|[from] Grassy Terrain
|-heal|p1b: Primarina|28/100|[from] Grassy Terrain
|-heal|p2b: Rillaboom|87/100|[from] Grassy Terrain
|upkeep
|turn|5
|
|t:|1756024860
|move|p1a: Electabuzz|Follow Me|p1a: Electabuzz
|-singleturn|p1a: Electabuzz|move: Follow Me
|move|p2b: Rillaboom|Grassy Glide|p1a: Electabuzz
|-damage|p1a: Electabuzz|24/100
|move|p2a: Arcanine|Flare Blitz|p1a: Electabuzz
|-damage|p1a: Electabuzz|0 fnt
|faint|p1a: Electabuzz
|-damage|p2a: Arcanine|92/100|[from] Recoil
|move|p1b: Primarina|Hyper Voice|p2a: Arcanine|[spread] p2a,p2b
|-supereffective|p2a: Arcanine
|-supereffective|p2b: Rillaboom
|-damage|p2a: Arcanine|0 fnt
|-damage|p2b: Rillaboom|0 fnt
|faint|p2a: Arcanine
|faint|p2b: Rillaboom
|
|-heal|p1b: Primarina|34/100|[from] Grassy Terrain
|-fieldend|move: Grassy Terrain
|upkeep
|
|t:|1756024868
|switch|p1a: Baxcalibur|Baxcalibur, L50, F, tera:Poison|55/100
|switch|p2a: Dragonite|Dragonite, L50, F|100/100
|switch|p2b: Sneasler|Sneasler, L50, M|81/100
|turn|6
|inactive|furretusedpunch has 30 seconds left.
|
|t:|1756024901
|move|p2b: Sneasler|Dire Claw|p1b: Primarina
|-supereffective|p1b: Primarina
|-damage|p1b: Primarina|0 fnt
|faint|p1b: Primarina
|move|p1a: Baxcalibur|Scale Shot|p2a: Dragonite
|-supereffective|p2a: Dragonite
|-damage|p2a: Dragonite|83/100
|-supereffective|p2a: Dragonite
|-damage|p2a: Dragonite|49/100
|-supereffective|p2a: Dragonite
|-damage|p2a: Dragonite|15/100
|-supereffective|p2a: Dragonite
|-crit|p2a: Dragonite
|-damage|p2a: Dragonite|0 fnt
|faint|p2a: Dragonite
|-hitcount|p2: Dragonite|4
|-unboost|p1a: Baxcalibur|def|1
|-boost|p1a: Baxcalibur|spe|1
|
|upkeep
|turn|7
|
|t:|1756024914
|move|p1a: Baxcalibur|Scale Shot|p2b: Sneasler
|-damage|p2b: Sneasler|57/100
|-damage|p2b: Sneasler|37/100
|-damage|p2b: Sneasler|15/100
|-damage|p2b: Sneasler|0 fnt
|faint|p2b: Sneasler
|-hitcount|p2: Sneasler|4
|
|win|skjaal
|raw|skjaal's rating: 1196 → 1221(+25 for winning)
|raw|furretusedpunch's rating: 1202 → 1177(-25 for losing)
