|j|☆Okknd
|j|☆battle sim trainer
|html|Okkndbattle sim trainer    
|uhtml|bestof|Game 3 of a best-of-3
|t:|1757234704
|gametype|doubles
|player|p1|Okknd|rood|1063
|player|p2|battle sim trainer|steven|1108
|gen|9
|tier|[Gen 9] VGC 2025 Reg H (Bo3)
|rated|
|rule|Species Clause: Limit one of each Pokémon
|rule|Item Clause: Limit 1 of each item
|clearpoke
|poke|p1|Glaceon, L50, F|
|poke|p1|Ninetales-Alola, L50, M|
|poke|p1|Whimsicott, L50, F|
|poke|p1|Magmar, L50, F|
|poke|p1|Annihilape, L50, M|
|poke|p1|Meowscarada, L50, M|
|poke|p2|Bronzong, L50|
|poke|p2|Pincurchin, L50, F|
|poke|p2|Toxtricity-Low-Key, L50, M|
|poke|p2|Araquanid, L50, F|
|poke|p2|Indeedee, L50, M|
|poke|p2|Raichu-Alola, L50, M|
|teampreview|4
|showteam|p1|Glaceon||LifeOrb|SnowCloak|Protect,TeraBlast,WeatherBall,Blizzard|||F|||50|,,,,,Ground]Ninetales-Alola||LightClay|SnowWarning|Blizzard,Moonblast,Protect,AuroraVeil|||M|||50|,,,,,Water]Whimsicott||CovertCloak|Prankster|Moonblast,Tailwind,Encore,BeatUp|||F|||50|,,,,,Steel]Magmar||Eviolite|VitalSpirit|FollowMe,Overheat,Protect,WillOWisp|||F|||50|,,,,,Water]Annihilape||SafetyGoggles|Defiant|BulkUp,Protect,DrainPunch,RageFist|||M|||50|,,,,,Fairy]Meowscarada||FocusSash|Overgrow|LowKick,KnockOff,FlowerTrick,Protect|||M|||50|,,,,,Poison
|showteam|p2|Bronzong||ElectricSeed|Levitate|BodyPress,TrickRoom,Protect,IronDefense||||||50|,,,,,Fire]Pincurchin||EjectButton|ElectricSurge|ToxicSpikes,RainDance,ZingZap,Protect|||F|||50|,,,,,Ghost]Toxtricity-Low-Key||ChoiceSpecs|PunkRock|Overdrive,SludgeBomb,Boomburst,VoltSwitch|||M|||50|,,,,,Electric]Araquanid||MysticWater|WaterBubble|Liquidation,WideGuard,Soak,Protect|||F|||50|,,,,,Water]Indeedee||ChoiceScarf|PsychicSurge|TrickRoom,Trick,ExpandingForce,TeraBlast|||M|||50|,,,,,Ground]Raichu-Alola||FocusSash|SurgeSurfer|VoltSwitch,Thunderbolt,ExpandingForce,FakeOut|||M|||50|,,,,,Ghost
|inactive|Battle timer is ON: inactive players will automatically lose when time's up. (requested by Okknd)
|inactive|battle sim trainer has 60 seconds left.
|
|t:|1757234747
|teamsize|p1|4
|teamsize|p2|4
|start
|switch|p1a: French homework|Ninetales-Alola, L50, M|100/100
|switch|p1b: Glaceon|Glaceon, L50, F|100/100
|switch|p2a: Raichu|Raichu-Alola, L50, M|100/100
|switch|p2b: Thorn|Pincurchin, L50, F|100/100
|-weather|Snowscape|[from] ability: Snow Warning|[of] p1a: French homework
|-fieldstart|move: Electric Terrain|[from] ability: Electric Surge|[of] p2b: Thorn
|turn|1
|inactive|Okknd has 30 seconds left.
|
|t:|1757234776
|move|p2a: Raichu|Fake Out|p1a: French homework
|-damage|p1a: French homework|93/100
|cant|p1a: French homework|flinch
|move|p1b: Glaceon|Blizzard|p2a: Raichu|[spread] p2a,p2b
|-damage|p2a: Raichu|23/100
|-damage|p2b: Thorn|40/100
|-enditem|p2b: Thorn|Eject Button
|-damage|p1b: Glaceon|91/100|[from] item: Life Orb
|
|t:|1757234785
|switch|p2b: Indeedee|Indeedee, L50, M|100/100
|-fieldstart|move: Psychic Terrain|[from] ability: Psychic Surge|[of] p2b: Indeedee
|
|-weather|Snowscape|[upkeep]
|upkeep
|turn|2
|
|t:|1757234803
|switch|p2a: Spoderman|Araquanid, L50, F, shiny|100/100
|move|p2b: Indeedee|Expanding Force|p1a: French homework|[spread] p1a,p1b
|-damage|p1a: French homework|18/100
|-damage|p1b: Glaceon|29/100
|move|p1a: French homework|Aurora Veil|p1a: French homework
|-sidestart|p1: Okknd|move: Aurora Veil
|move|p1b: Glaceon|Weather Ball|p2b: Indeedee
|-damage|p2b: Indeedee|5/100
|-damage|p1b: Glaceon|19/100|[from] item: Life Orb
|
|-weather|Snowscape|[upkeep]
|upkeep
|turn|3
|
|t:|1757234823
|switch|p1b: Meowscarada|Meowscarada, L50, M|100/100
|move|p2b: Indeedee|Expanding Force|p1b: Meowscarada|[spread] p1a
|-immune|p1b: Meowscarada
|-damage|p1a: French homework|0 fnt
|faint|p1a: French homework
|move|p2a: Spoderman|Liquidation|p1b: Meowscarada
|-resisted|p1b: Meowscarada
|-damage|p1b: Meowscarada|61/100
|
|-weather|Snowscape|[upkeep]
|upkeep
|
|t:|1757234830
|switch|p1a: Glaceon|Glaceon, L50, F|19/100
|turn|4
|
|t:|1757234849
|move|p2b: Indeedee|Expanding Force|p1b: Meowscarada|[spread] p1a
|-immune|p1b: Meowscarada
|-damage|p1a: Glaceon|0 fnt
|faint|p1a: Glaceon
|move|p1b: Meowscarada|Flower Trick|p2a: Spoderman
|-crit|p2a: Spoderman
|-damage|p2a: Spoderman|52/100
|move|p2a: Spoderman|Liquidation|p1b: Meowscarada
|-resisted|p1b: Meowscarada
|-damage|p1b: Meowscarada|26/100
|
|-weather|Snowscape|[upkeep]
|upkeep
|
|t:|1757234856
|switch|p1a: Annihilape|Annihilape, L50, M|100/100
|turn|5
|
|t:|1757234870
|-terastallize|p1a: Annihilape|Fairy
|move|p2b: Indeedee|Expanding Force|p1b: Meowscarada|[spread] p1a
|-immune|p1b: Meowscarada
|-damage|p1a: Annihilape|69/100
|move|p1b: Meowscarada|Flower Trick|p2a: Spoderman
|-crit|p2a: Spoderman
|-damage|p2a: Spoderman|0 fnt
|faint|p2a: Spoderman
|move|p1a: Annihilape|Drain Punch|p2b: Indeedee
|-damage|p2b: Indeedee|0 fnt
|-heal|p1a: Annihilape|70/100|[from] drain|[of] p2b: Indeedee
|faint|p2b: Indeedee
|
|-weather|none
|-fieldend|move: Psychic Terrain
|upkeep
|
|t:|1757234882
|switch|p2b: Thorn|Pincurchin, L50, F|40/100
|switch|p2a: Raichu|Raichu-Alola, L50, M|23/100
|-fieldstart|move: Electric Terrain|[from] ability: Electric Surge|[of] p2b: Thorn
|turn|6
|
|t:|1757234901
|move|p1b: Meowscarada|Protect|p1b: Meowscarada
|-singleturn|p1b: Meowscarada|Protect
|move|p1a: Annihilape|Protect|p1a: Annihilape
|-singleturn|p1a: Annihilape|Protect
|move|p2a: Raichu|Thunderbolt|p1a: Annihilape
|-activate|p1a: Annihilape|move: Protect
|move|p2b: Thorn|Zing Zap|p1b: Meowscarada
|-activate|p1b: Meowscarada|move: Protect
|
|upkeep
|turn|7
|
|t:|1757234918
|move|p2a: Raichu|Thunderbolt|p1a: Annihilape
|-damage|p1a: Annihilape|42/100
|move|p1b: Meowscarada|Flower Trick|p2b: Thorn
|-crit|p2b: Thorn
|-damage|p2b: Thorn|0 fnt
|faint|p2b: Thorn
|move|p1a: Annihilape|Rage Fist|p2a: Raichu
|-supereffective|p2a: Raichu
|-damage|p2a: Raichu|0 fnt
|faint|p2a: Raichu
|
|win|Okknd
|raw|Okknd's rating: 1063 → 1097(+34 for winning)
|raw|battle sim trainer's rating: 1108 → 1080(-28 for losing)
|l|☆Okknd
|player|p1|
