|j|‽Slackermaru
|j|☆Iwassilverfish
|html|SlackermaruIwassilverfish    
|uhtml|bestof|Game 3 of a best-of-3
|t:|1754513147
|gametype|doubles
|player|p1|Slackermaru|workerice|1338
|player|p2|Iwassilverfish|benga|1344
|gen|9
|tier|[Gen 9] VGC 2025 Reg H (Bo3)
|rated|
|rule|Species Clause: Limit one of each Pokémon
|rule|Item Clause: Limit 1 of each item
|clearpoke
|poke|p1|Porygon2, L50|
|poke|p1|Hydreigon, L50, M|
|poke|p1|Incineroar, L50, M|
|poke|p1|Garchomp, L50, M|
|poke|p1|Amoonguss, L50, M|
|poke|p1|Gholdengo, L50|
|poke|p2|Incineroar, L50, M|
|poke|p2|Porygon2, L50|
|poke|p2|Gholdengo, L50|
|poke|p2|Hydreigon, L50, M|
|poke|p2|Amoonguss, L50, F|
|poke|p2|Basculegion, L50, M|
|teampreview|4
|showteam|p1|Porygon2||Eviolite|Download|TeraBlast,IceBeam,TrickRoom,Recover||||||50|,,,,,Fighting]Hydreigon||SafetyGoggles|Levitate|Snarl,DracoMeteor,Tailwind,Protect|||M|||50|,,,,,Ghost]Incineroar||SitrusBerry|Intimidate|FlareBlitz,KnockOff,PartingShot,FakeOut|||M|||50|,,,,,Grass]Garchomp||LoadedDice|RoughSkin|ScaleShot,Earthquake,StompingTantrum,Protect|||M|||50|,,,,,Fire]Amoonguss||CovertCloak|Regenerator|PollenPuff,Spore,RagePowder,Protect|||M|||50|,,,,,Fire]Gholdengo||MetalCoat|GoodasGold|MakeItRain,ShadowBall,NastyPlot,Protect||||||50|,,,,,Flying
|showteam|p2|Incineroar||AssaultVest|Intimidate|FlareBlitz,KnockOff,Uturn,FakeOut|||M|||50|,,,,,Ghost]Porygon2||Eviolite|Download|TeraBlast,IceBeam,Recover,TrickRoom||||||50|,,,,,Fighting]Gholdengo||LifeOrb|GoodasGold|MakeItRain,ShadowBall,NastyPlot,Protect||||||50|,,,,,Water]Hydreigon||SafetyGoggles|Levitate|DracoMeteor,Snarl,Tailwind,Protect|||M|||50|,,,,,Ghost]Amoonguss||SitrusBerry|Regenerator|Spore,RagePowder,PollenPuff,Protect|||F|||50|,,,,,Fairy]Basculegion||ChoiceScarf|Adaptability|WaveCrash,FlipTurn,LastRespects,TeraBlast|||M|||50|,,,,,Fairy
|inactive|Battle timer is ON: inactive players will automatically lose when time's up. (requested by Iwassilverfish)
|inactive|Slackermaru has 60 seconds left.
|
|t:|1754513191
|teamsize|p1|4
|teamsize|p2|4
|start
|switch|p1a: Incineroar|Incineroar, L50, M, shiny|100/100
|switch|p1b: Hydreigon|Hydreigon, L50, M, shiny|100/100
|switch|p2a: Incineroar|Incineroar, L50, M|100/100
|switch|p2b: Hydreigon|Hydreigon, L50, M|100/100
|-ability|p1a: Incineroar|Intimidate|boost
|-unboost|p2a: Incineroar|atk|1
|-unboost|p2b: Hydreigon|atk|1
|-ability|p2a: Incineroar|Intimidate|boost
|-unboost|p1a: Incineroar|atk|1
|-unboost|p1b: Hydreigon|atk|1
|turn|1
|
|t:|1754513211
|move|p2b: Hydreigon|Protect|p2b: Hydreigon
|-singleturn|p2b: Hydreigon|Protect
|move|p1b: Hydreigon|Protect|p1b: Hydreigon
|-singleturn|p1b: Hydreigon|Protect
|move|p1a: Incineroar|Knock Off|p2a: Incineroar
|-resisted|p2a: Incineroar
|-damage|p2a: Incineroar|85/100
|-enditem|p2a: Incineroar|Assault Vest|[from] move: Knock Off|[of] p1a: Incineroar
|move|p2a: Incineroar|Knock Off|p1a: Incineroar
|-resisted|p1a: Incineroar
|-damage|p1a: Incineroar|85/100
|-enditem|p1a: Incineroar|Sitrus Berry|[from] move: Knock Off|[of] p2a: Incineroar
|
|upkeep
|turn|2
|
|t:|1754513233
|move|p1b: Hydreigon|Draco Meteor|p2b: Hydreigon
|-supereffective|p2b: Hydreigon
|-damage|p2b: Hydreigon|0 fnt
|-unboost|p1b: Hydreigon|spa|2
|faint|p2b: Hydreigon
|move|p1a: Incineroar|Knock Off|p2a: Incineroar
|-resisted|p2a: Incineroar
|-damage|p2a: Incineroar|75/100
|move|p2a: Incineroar|Knock Off|p1b: Hydreigon
|-resisted|p1b: Hydreigon
|-damage|p1b: Hydreigon|84/100
|-enditem|p1b: Hydreigon|Safety Goggles|[from] move: Knock Off|[of] p2a: Incineroar
|
|upkeep
|c|☆Iwassilverfish|we did the same thing every time lmao
|
|t:|1754513247
|switch|p2b: Porygon2|Porygon2, L50|100/100
|-ability|p2b: Porygon2|Download|boost
|-boost|p2b: Porygon2|atk|1
|turn|3
|
|t:|1754513260
|-terastallize|p2b: Porygon2|Fighting
|move|p1b: Hydreigon|Snarl|p2b: Porygon2|[spread] p2a,p2b
|-resisted|p2a: Incineroar
|-resisted|p2b: Porygon2
|-damage|p2a: Incineroar|70/100
|-damage|p2b: Porygon2|97/100
|-unboost|p2a: Incineroar|spa|1
|-unboost|p2b: Porygon2|spa|1
|move|p1a: Incineroar|Knock Off|p2b: Porygon2
|-resisted|p2b: Porygon2
|-damage|p2b: Porygon2|88/100
|-enditem|p2b: Porygon2|Eviolite|[from] move: Knock Off|[of] p1a: Incineroar
|move|p2a: Incineroar|U-turn|p1a: Incineroar
|-damage|p1a: Incineroar|71/100
|
|t:|1754513269
|switch|p2a: Gholdengo|Gholdengo, L50|100/100|[from] U-turn
|move|p2b: Porygon2|Tera Blast|p1a: Incineroar|[anim] Tera Blast Fighting
|-supereffective|p1a: Incineroar
|-damage|p1a: Incineroar|16/100
|
|upkeep
|turn|4
|inactive|Iwassilverfish has 30 seconds left.
|
|t:|1754513296
|move|p2a: Gholdengo|Protect|p2a: Gholdengo
|-singleturn|p2a: Gholdengo|Protect
|move|p1b: Hydreigon|Snarl|p2b: Porygon2|[spread] p2b
|-activate|p2a: Gholdengo|move: Protect
|-resisted|p2b: Porygon2
|-damage|p2b: Porygon2|83/100
|-unboost|p2b: Porygon2|spa|1
|move|p1a: Incineroar|Parting Shot|p2b: Porygon2
|-unboost|p2b: Porygon2|atk|1
|-unboost|p2b: Porygon2|spa|1
|
|t:|1754513307
|switch|p1a: Porygon2|Porygon2, L50, shiny|100/100|[from] Parting Shot
|-ability|p1a: Porygon2|Download|boost
|-boost|p1a: Porygon2|spa|1
|move|p2b: Porygon2|Trick Room|p2b: Porygon2
|-fieldstart|move: Trick Room|[of] p2b: Porygon2
|
|upkeep
|turn|5
|
|t:|1754513329
|switch|p1b: Gholdengo|Gholdengo, L50|100/100
|-terastallize|p1a: Porygon2|Fighting
|move|p2b: Porygon2|Tera Blast|p1b: Gholdengo|[anim] Tera Blast Fighting
|-immune|p1b: Gholdengo
|move|p2a: Gholdengo|Nasty Plot|p2a: Gholdengo
|-boost|p2a: Gholdengo|spa|2
|move|p1a: Porygon2|Trick Room|p1a: Porygon2
|-fieldend|move: Trick Room
|
|upkeep
|turn|6
|inactive|Iwassilverfish has 30 seconds left.
|inactive|Iwassilverfish has 20 seconds left.
|
|t:|1754513365
|move|p2a: Gholdengo|Protect|p2a: Gholdengo
|-singleturn|p2a: Gholdengo|Protect
|move|p1b: Gholdengo|Make It Rain|p2a: Gholdengo|[spread] p2b
|-activate|p2a: Gholdengo|move: Protect
|-crit|p2b: Porygon2
|-damage|p2b: Porygon2|0 fnt
|-unboost|p1b: Gholdengo|spa|1
|faint|p2b: Porygon2
|move|p1a: Porygon2|Tera Blast|p2a: Gholdengo|[anim] Tera Blast Fighting
|-activate|p2a: Gholdengo|move: Protect
|
|upkeep
|
|t:|1754513370
|switch|p2b: Incineroar|Incineroar, L50, M|70/100
|-ability|p2b: Incineroar|Intimidate|boost
|-unboost|p1a: Porygon2|atk|1
|-unboost|p1b: Gholdengo|atk|1
|turn|7
|
|t:|1754513393
|move|p1b: Gholdengo|Shadow Ball|p2a: Gholdengo
|-supereffective|p2a: Gholdengo
|-damage|p2a: Gholdengo|36/100
|move|p2b: Incineroar|Knock Off|p1a: Porygon2
|-resisted|p1a: Porygon2
|-damage|p1a: Porygon2|86/100
|-enditem|p1a: Porygon2|Eviolite|[from] move: Knock Off|[of] p2b: Incineroar
|move|p2a: Gholdengo|Make It Rain|p1b: Gholdengo|[spread] p1a,p1b
|-resisted|p1b: Gholdengo
|-damage|p1a: Porygon2|0 fnt
|-damage|p1b: Gholdengo|32/100
|-unboost|p2a: Gholdengo|spa|1
|faint|p1a: Porygon2
|-damage|p2a: Gholdengo|26/100|[from] item: Life Orb
|
|upkeep
|
|t:|1754513407
|switch|p1a: Hydreigon|Hydreigon, L50, M, shiny|84/100
|turn|8
|
|t:|1754513420
|move|p2a: Gholdengo|Protect|p2a: Gholdengo
|-singleturn|p2a: Gholdengo|Protect
|move|p1a: Hydreigon|Snarl|p2a: Gholdengo|[spread] p2b
|-activate|p2a: Gholdengo|move: Protect
|-resisted|p2b: Incineroar
|-damage|p2b: Incineroar|60/100
|-unboost|p2b: Incineroar|spa|1
|move|p2b: Incineroar|Knock Off|p1b: Gholdengo
|-supereffective|p1b: Gholdengo
|-damage|p1b: Gholdengo|0 fnt
|-enditem|p1b: Gholdengo|Metal Coat|[from] move: Knock Off|[of] p2b: Incineroar
|faint|p1b: Gholdengo
|
|upkeep
|
|t:|1754513431
|switch|p1b: Incineroar|Incineroar, L50, M, shiny|16/100
|-ability|p1b: Incineroar|Intimidate|boost
|-unboost|p2a: Gholdengo|atk|1
|-unboost|p2b: Incineroar|atk|1
|turn|9
|
|t:|1754513439
|move|p1a: Hydreigon|Draco Meteor|p2b: Incineroar
|-damage|p2b: Incineroar|0 fnt
|-unboost|p1a: Hydreigon|spa|2
|faint|p2b: Incineroar
|move|p1b: Incineroar|Knock Off|p2a: Gholdengo
|-supereffective|p2a: Gholdengo
|-damage|p2a: Gholdengo|0 fnt
|-enditem|p2a: Gholdengo|Life Orb|[from] move: Knock Off|[of] p1b: Incineroar
|faint|p2a: Gholdengo
|
|win|Slackermaru
|raw|Slackermaru's rating: 1338 → 1358(+20 for winning)
|raw|Iwassilverfish's rating: 1344 → 1324(-20 for losing)
|l|☆Iwassilverfish
|player|p2|
|j|☆Iwassilverfish
|player|p2|Iwassilverfish|benga|
|l|☆Iwassilverfish
|player|p2|
