|j|☆PittsburghSkylines
|j|☆dollartreehero
|html|PittsburghSkylinesdollartreehero    
|uhtml|bestof|Game 1 of a best-of-3
|t:|1757861912
|gametype|doubles
|player|p1|PittsburghSkylines|blue|1326
|player|p2|dollartreehero|bugcatcher-gen4dp|1247
|gen|9
|tier|[Gen 9] VGC 2025 Reg H (Bo3)
|rated|
|rule|Species Clause: Limit one of each Pokémon
|rule|Item Clause: Limit 1 of each item
|clearpoke
|poke|p1|Sneasler, L50, F|
|poke|p1|Whimsicott, L50, M|
|poke|p1|Gholdengo, L50|
|poke|p1|Garchomp, L50, M|
|poke|p1|Incineroar, L50, F|
|poke|p1|Rillaboom, L50, M|
|poke|p2|Talonflame, L50, M|
|poke|p2|Garchomp, L50, M|
|poke|p2|Tyranitar, L50, F|
|poke|p2|Milotic, L50, M|
|poke|p2|Sinistcha, L50|
|poke|p2|Gholdengo, L50|
|teampreview|4
|showteam|p1|Sneasler||WhiteHerb|Unburden|CloseCombat,DireClaw,FakeOut,Protect|||F|||50|,,,,,Stellar]Whimsicott||FocusSash|Prankster|Moonblast,FakeTears,Tailwind,Protect|||M|||50|,,,,,Ghost]Gholdengo||ChoiceSpecs|GoodasGold|MakeItRain,ShadowBall,PowerGem,Trick||||||50|,,,,,Steel]Garchomp||LifeOrb|RoughSkin|DragonClaw,StompingTantrum,RockSlide,Protect|||M|||50|,,,,,Ground]Incineroar||AssaultVest|Intimidate|FlareBlitz,KnockOff,Uturn,FakeOut|||F|||50|,,,,,Grass]Rillaboom||MiracleSeed|GrassySurge|WoodHammer,GrassyGlide,FakeOut,Taunt|||M|||50|,,,,,Fire
|showteam|p2|Talonflame||CovertCloak|GaleWings|DualWingbeat,Tailwind,WillOWisp,Taunt|||M|||50|,,,,,Flying]Garchomp||LifeOrb|RoughSkin|Protect,StompingTantrum,Earthquake,DragonClaw|||M|||50|,,,,,Ground]Tyranitar||AssaultVest|SandStream|RockSlide,KnockOff,LowKick,TeraBlast|||F|||50|,,,,,Flying]Milotic||SafetyGoggles|Competitive|Scald,IcyWind,Haze,Protect|||M|||50|,,,,,Poison]Sinistcha||SitrusBerry|Hospitality|MatchaGotcha,TrickRoom,RagePowder,Imprison||||||50|,,,,,Water]Gholdengo||MetalCoat|GoodasGold|MakeItRain,ShadowBall,NastyPlot,Protect||||||50|,,,,,Flying
|inactive|Battle timer is ON: inactive players will automatically lose when time's up. (requested by dollartreehero)
|inactive|dollartreehero has 60 seconds left.
|
|t:|1757861962
|teamsize|p1|4
|teamsize|p2|4
|start
|switch|p1a: Whimsicott|Whimsicott, L50, M|100/100
|switch|p1b: Garchomp|Garchomp, L50, M|100/100
|switch|p2a: Milotic|Milotic, L50, M|100/100
|switch|p2b: Talonflame|Talonflame, L50, M|100/100
|turn|1
|
|t:|1757861979
|switch|p1a: Gholdengo|Gholdengo, L50|100/100
|move|p2b: Talonflame|Tailwind|p2b: Talonflame
|-sidestart|p2: dollartreehero|move: Tailwind
|move|p2a: Milotic|Icy Wind|p1b: Garchomp|[spread] p1a,p1b
|-resisted|p1a: Gholdengo
|-supereffective|p1b: Garchomp
|-damage|p1a: Gholdengo|95/100
|-damage|p1b: Garchomp|50/100
|-unboost|p1a: Gholdengo|spe|1
|-unboost|p1b: Garchomp|spe|1
|move|p1b: Garchomp|Rock Slide|p2b: Talonflame|[spread] p2a,p2b
|-supereffective|p2b: Talonflame
|-damage|p2a: Milotic|77/100
|-damage|p2b: Talonflame|0 fnt
|faint|p2b: Talonflame
|-damage|p1b: Garchomp|40/100|[from] item: Life Orb
|
|upkeep
|
|t:|1757861994
|switch|p2b: Tyranitar|Tyranitar, L50, F, shiny|100/100
|-weather|Sandstorm|[from] ability: Sand Stream|[of] p2b: Tyranitar
|turn|2
|
|t:|1757862004
|switch|p1b: Whimsicott|Whimsicott, L50, M|100/100
|switch|p1a: Incineroar|Incineroar, L50, F|100/100
|-ability|p1a: Incineroar|Intimidate|boost
|-unboost|p2a: Milotic|atk|1
|-ability|p2a: Milotic|Competitive|boost
|-boost|p2a: Milotic|spa|2
|-unboost|p2b: Tyranitar|atk|1
|move|p2a: Milotic|Icy Wind|p1a: Incineroar|[spread] p1a
|-miss|p2a: Milotic|p1b: Whimsicott
|-resisted|p1a: Incineroar
|-damage|p1a: Incineroar|94/100
|-unboost|p1a: Incineroar|spe|1
|move|p2b: Tyranitar|Knock Off|p1a: Incineroar
|-resisted|p1a: Incineroar
|-damage|p1a: Incineroar|77/100
|-enditem|p1a: Incineroar|Assault Vest|[from] move: Knock Off|[of] p2b: Tyranitar
|
|-weather|Sandstorm|[upkeep]
|-damage|p1b: Whimsicott|95/100|[from] Sandstorm
|-damage|p1a: Incineroar|71/100|[from] Sandstorm
|upkeep
|turn|3
|inactive|PittsburghSkylines has 30 seconds left.
|inactive|dollartreehero has 30 seconds left.
|
|t:|1757862031
|move|p1a: Incineroar|Fake Out|p2a: Milotic
|-damage|p2a: Milotic|67/100
|move|p1b: Whimsicott|Tailwind|p1b: Whimsicott
|-sidestart|p1: PittsburghSkylines|move: Tailwind
|cant|p2a: Milotic|flinch
|move|p2b: Tyranitar|Rock Slide|p1a: Incineroar|[spread] p1b
|-miss|p2b: Tyranitar|p1a: Incineroar
|-damage|p1b: Whimsicott|65/100
|
|-weather|Sandstorm|[upkeep]
|-damage|p1b: Whimsicott|59/100|[from] Sandstorm
|-damage|p1a: Incineroar|65/100|[from] Sandstorm
|upkeep
|turn|4
|
|t:|1757862045
|move|p1b: Whimsicott|Moonblast|p2b: Tyranitar
|-supereffective|p2b: Tyranitar
|-damage|p2b: Tyranitar|73/100
|move|p2a: Milotic|Icy Wind|p1a: Incineroar|[spread] p1b
|-miss|p2a: Milotic|p1a: Incineroar
|-supereffective|p1b: Whimsicott
|-damage|p1b: Whimsicott|0 fnt
|faint|p1b: Whimsicott
|move|p2b: Tyranitar|Rock Slide|p1a: Incineroar
|-supereffective|p1a: Incineroar
|-damage|p1a: Incineroar|14/100
|move|p1a: Incineroar|Knock Off|p2a: Milotic
|-damage|p2a: Milotic|27/100
|-enditem|p2a: Milotic|Safety Goggles|[from] move: Knock Off|[of] p1a: Incineroar
|
|-weather|Sandstorm|[upkeep]
|-damage|p2a: Milotic|21/100|[from] Sandstorm
|-damage|p1a: Incineroar|8/100|[from] Sandstorm
|-sideend|p2: dollartreehero|move: Tailwind
|upkeep
|
|t:|1757862055
|switch|p1b: Gholdengo|Gholdengo, L50|95/100
|turn|5
|
|t:|1757862070
|switch|p1a: Garchomp|Garchomp, L50, M|40/100
|-terastallize|p1b: Gholdengo|Steel
|move|p2a: Milotic|Protect|p2a: Milotic
|-singleturn|p2a: Milotic|Protect
|move|p1b: Gholdengo|Make It Rain|p2a: Milotic|[spread] p2b
|-activate|p2a: Milotic|move: Protect
|-supereffective|p2b: Tyranitar
|-damage|p2b: Tyranitar|2/100
|-unboost|p1b: Gholdengo|spa|1
|move|p2b: Tyranitar|Knock Off|p1b: Gholdengo
|-damage|p1b: Gholdengo|56/100
|-enditem|p1b: Gholdengo|Choice Specs|[from] move: Knock Off|[of] p2b: Tyranitar
|
|-weather|Sandstorm|[upkeep]
|-damage|p2a: Milotic|15/100|[from] Sandstorm
|upkeep
|turn|6
|inactive|PittsburghSkylines has 30 seconds left.
|
|t:|1757862099
|switch|p1a: Incineroar|Incineroar, L50, F|8/100
|-ability|p1a: Incineroar|Intimidate|boost
|-unboost|p2a: Milotic|atk|1
|-ability|p2a: Milotic|Competitive|boost
|-boost|p2a: Milotic|spa|2
|-unboost|p2b: Tyranitar|atk|1
|move|p2a: Milotic|Protect|p2a: Milotic
|-singleturn|p2a: Milotic|Protect
|move|p1b: Gholdengo|Make It Rain|p2a: Milotic|[spread] p2b
|-activate|p2a: Milotic|move: Protect
|-supereffective|p2b: Tyranitar
|-damage|p2b: Tyranitar|0 fnt
|-unboost|p1b: Gholdengo|spa|1
|faint|p2b: Tyranitar
|
|-weather|none
|-sideend|p1: PittsburghSkylines|move: Tailwind
|upkeep
|
|t:|1757862115
|switch|p2b: Garchomp|Garchomp, L50, M|100/100
|turn|7
|
|t:|1757862133
|move|p2b: Garchomp|Protect|p2b: Garchomp
|-singleturn|p2b: Garchomp|Protect
|move|p1a: Incineroar|Fake Out|p2b: Garchomp
|-activate|p2b: Garchomp|move: Protect
|move|p1b: Gholdengo|Make It Rain|p2b: Garchomp|[spread] p2a
|-activate|p2b: Garchomp|move: Protect
|-resisted|p2a: Milotic
|-damage|p2a: Milotic|1/100
|-unboost|p1b: Gholdengo|spa|1
|move|p2a: Milotic|Icy Wind|p1b: Gholdengo|[spread] p1a,p1b
|-resisted|p1a: Incineroar
|-resisted|p1b: Gholdengo
|-damage|p1a: Incineroar|0 fnt
|-damage|p1b: Gholdengo|38/100
|-unboost|p1b: Gholdengo|spe|1
|faint|p1a: Incineroar
|
|upkeep
|
|t:|1757862144
|switch|p1a: Garchomp|Garchomp, L50, M|40/100
|turn|8
|
|t:|1757862156
|-terastallize|p2b: Garchomp|Ground
|move|p2a: Milotic|Protect|p2a: Milotic
|-singleturn|p2a: Milotic|Protect
|move|p2b: Garchomp|Earthquake|p1a: Garchomp|[spread] p1a,p1b
|-activate|p2a: Milotic|move: Protect
|-supereffective|p1b: Gholdengo
|-damage|p1a: Garchomp|0 fnt
|-damage|p1b: Gholdengo|0 fnt
|faint|p1a: Garchomp
|faint|p1b: Gholdengo
|-damage|p2b: Garchomp|91/100|[from] item: Life Orb
|
|win|dollartreehero
||PittsburghSkylines is ready for game 2.
|inactive|dollartreehero has 30 seconds to confirm battle start!
||dollartreehero is ready for game 2.
|uhtml|next|Next: Game 2 of 3
|l|☆PittsburghSkylines
|player|p1|
