|j|☆tastethekoalabear
|j|☆GetaJobApplication
|html|tastethekoalabearGetaJobApplication    
|uhtml|bestof|Game 2 of a best-of-3
|t:|1757086836
|gametype|doubles
|player|p1|tastethekoalabear|cheryl|1231
|player|p2|GetaJobApplication|cynthia-gen4|1151
|gen|9
|tier|[Gen 9] VGC 2025 Reg H (Bo3)
|rated|
|rule|Species Clause: Limit one of each Pokémon
|rule|Item Clause: Limit 1 of each item
|clearpoke
|poke|p1|Tyranitar, L50, M|
|poke|p1|Excadrill, L50, F|
|poke|p1|Annihilape, L50, M|
|poke|p1|Corviknight, L50, M|
|poke|p1|Volcarona, L50, F|
|poke|p1|Sneasler, L50, F|
|poke|p2|Rillaboom, L50, F|
|poke|p2|Magmar, L50, F|
|poke|p2|Kingambit, L50, M|
|poke|p2|Ninetales-Alola, L50, M|
|poke|p2|Basculegion, L50, M|
|poke|p2|Sneasler, L50, M|
|teampreview|4
|showteam|p1|Tyranitar||AssaultVest|SandStream|KnockOff,RockSlide,TeraBlast,LowKick|||M|||50|,,,,,Flying]Excadrill||FocusSash|SandRush|IronHead,HighHorsepower,Earthquake,Protect|||F|||50|,,,,,Stellar]Annihilape||SafetyGoggles|Defiant|BulkUp,RageFist,DrainPunch,Taunt|||M|||50|,,,,,Water]Corviknight||Leftovers|MirrorArmor|BraveBird,BulkUp,Roost,Tailwind|||M|||50|,,,,,Dragon]Volcarona||SitrusBerry|FlameBody|StruggleBug,GigaDrain,FieryDance,RagePowder|||F|||50|,,,,,Grass]Sneasler||WhiteHerb|Unburden|Protect,CloseCombat,DireClaw,ThroatChop|||F|||50|,,,,,Dark
|showteam|p2|Rillaboom||AssaultVest|GrassySurge|DrumBeating,GrassyGlide,FakeOut,Uturn|||F|||50|,,,,,Ghost]Magmar||Eviolite|VitalSpirit|Overheat,FollowMe,Taunt,Protect|||F|||50|,,,,,Ghost]Kingambit||BlackGlasses|Defiant|KowtowCleave,SuckerPunch,SwordsDance,Protect|||M|||50|,,,,,Fire]Ninetales-Alola||LifeOrb|SnowWarning|Blizzard,FreezeDry,Encore,Protect|||M|||50|,,,,,Ghost]Basculegion||ChoiceScarf|Adaptability|WaveCrash,LastRespects,FlipTurn,TeraBlast|||M|||50|,,,,,Fighting]Sneasler||FocusSash|PoisonTouch|CloseCombat,DireClaw,FakeOut,Protect|||M|||50|,,,,,Ghost
|inactive|Battle timer is ON: inactive players will automatically lose when time's up. (requested by tastethekoalabear)
|
|t:|1757086849
|teamsize|p1|4
|teamsize|p2|4
|start
|switch|p1a: Moky|Annihilape, L50, M|100/100
|switch|p1b: Spine Breaker|Sneasler, L50, F|100/100
|switch|p2a: Basculegion|Basculegion, L50, M|100/100
|switch|p2b: Rillaboom|Rillaboom, L50, F|100/100
|-fieldstart|move: Grassy Terrain|[from] ability: Grassy Surge|[of] p2b: Rillaboom
|turn|1
|
|t:|1757086862
|move|p2a: Basculegion|Flip Turn|p1a: Moky
|-damage|p1a: Moky|61/100
|
|t:|1757086865
|switch|p2a: Ninetales|Ninetales-Alola, L50, M|100/100|[from] Flip Turn
|-weather|Snowscape|[from] ability: Snow Warning|[of] p2a: Ninetales
|move|p1b: Spine Breaker|Dire Claw|p2b: Rillaboom
|-supereffective|p2b: Rillaboom
|-damage|p2b: Rillaboom|12/100
|move|p2b: Rillaboom|Drum Beating|p1a: Moky
|-damage|p1a: Moky|10/100
|-unboost|p1a: Moky|spe|1
|-ability|p1a: Moky|Defiant|boost
|-boost|p1a: Moky|atk|2
|move|p1a: Moky|Rage Fist|p2a: Ninetales
|-damage|p2a: Ninetales|0 fnt
|faint|p2a: Ninetales
|
|-weather|Snowscape|[upkeep]
|-heal|p2b: Rillaboom|18/100|[from] Grassy Terrain
|-heal|p1a: Moky|16/100|[from] Grassy Terrain
|upkeep
|
|t:|1757086877
|switch|p2a: Basculegion|Basculegion, L50, M|100/100
|turn|2
|
|t:|1757086887
|move|p2b: Rillaboom|Grassy Glide|p1a: Moky
|-damage|p1a: Moky|0 fnt
|faint|p1a: Moky
|move|p2a: Basculegion|Wave Crash|p1b: Spine Breaker
|-damage|p1b: Spine Breaker|0 fnt
|faint|p1b: Spine Breaker
|-damage|p2a: Basculegion|74/100|[from] Recoil
|
|-weather|Snowscape|[upkeep]
|-heal|p2a: Basculegion|81/100|[from] Grassy Terrain
|-heal|p2b: Rillaboom|24/100|[from] Grassy Terrain
|upkeep
|
|t:|1757086897
|switch|p1b: Tokyo|Tyranitar, L50, M|100/100
|switch|p1a: Mountain|Excadrill, L50, F|100/100
|-weather|Sandstorm|[from] ability: Sand Stream|[of] p1b: Tokyo
|turn|3
|
|t:|1757086915
|-terastallize|p1b: Tokyo|Flying
|move|p1a: Mountain|Protect|p1a: Mountain
|-singleturn|p1a: Mountain|Protect
|move|p2b: Rillaboom|Grassy Glide|p1a: Mountain
|-activate|p1a: Mountain|move: Protect
|move|p2a: Basculegion|Wave Crash|p1b: Tokyo
|-damage|p1b: Tokyo|35/100
|-damage|p2a: Basculegion|58/100|[from] Recoil
|move|p1b: Tokyo|Knock Off|p2a: Basculegion
|-supereffective|p2a: Basculegion
|-damage|p2a: Basculegion|0 fnt
|-enditem|p2a: Basculegion|Choice Scarf|[from] move: Knock Off|[of] p1b: Tokyo
|faint|p2a: Basculegion
|
|-weather|Sandstorm|[upkeep]
|-damage|p2b: Rillaboom|18/100|[from] Sandstorm
|-damage|p1b: Tokyo|29/100|[from] Sandstorm
|-heal|p2b: Rillaboom|24/100|[from] Grassy Terrain
|upkeep
|
|t:|1757086919
|switch|p2a: Magmar|Magmar, L50, F|100/100
|turn|4
|inactive|GetaJobApplication has 30 seconds left.
|
|t:|1757086953
|-terastallize|p2a: Magmar|Ghost
|move|p2b: Rillaboom|Grassy Glide|p1a: Mountain
|-damage|p1a: Mountain|45/100
|move|p1a: Mountain|High Horsepower|p2a: Magmar
|-damage|p2a: Magmar|59/100
|move|p2a: Magmar|Overheat|p1b: Tokyo
|-damage|p1b: Tokyo|2/100
|-unboost|p2a: Magmar|spa|2
|move|p1b: Tokyo|Tera Blast|p2b: Rillaboom|[anim] Tera Blast Flying
|-supereffective|p2b: Rillaboom
|-damage|p2b: Rillaboom|0 fnt
|faint|p2b: Rillaboom
|
|-weather|Sandstorm|[upkeep]
|-damage|p2a: Magmar|53/100|[from] Sandstorm
|-damage|p1b: Tokyo|0 fnt|[from] Sandstorm
|faint|p1b: Tokyo
|-heal|p1a: Mountain|51/100|[from] Grassy Terrain
|-heal|p2a: Magmar|59/100|[from] Grassy Terrain
|upkeep
|turn|5
|
|t:|1757086975
|move|p1a: Mountain|Iron Head|p2a: Magmar
|-damage|p2a: Magmar|23/100
|move|p2a: Magmar|Overheat|p1a: Mountain
|-supereffective|p1a: Mountain
|-damage|p1a: Mountain|0 fnt
|-unboost|p2a: Magmar|spa|2
|faint|p1a: Mountain
|
|win|GetaJobApplication
||GetaJobApplication is ready for game 3.
||tastethekoalabear is ready for game 3.
|uhtml|next|Next: Game 3 of 3
