|j|☆Navizz0
|j|☆DragoniteMega149
|html|Navizz0DragoniteMega149    
|uhtml|bestof|Game 1 of a best-of-3
|t:|1782510108
|gametype|doubles
|player|p1|Navizz0|ethan|1429
|player|p2|DragoniteMega149|paxton|1360
|gen|9
|tier|[Gen 9 Champions] VGC 2026 Reg M-B (Bo3)
|rated|
|rule|Species Clause: Limit one of each Pokémon
|rule|Item Clause: Limit 1 of each item
|clearpoke
|poke|p1|Whimsicott, L50, M|
|poke|p1|Delphox, L50, F|
|poke|p1|Kingambit, L50, M|
|poke|p1|Garchomp, L50, M|
|poke|p1|Sneasler, L50, F|
|poke|p1|Floette-Eternal, L50, F|
|poke|p2|Floette-Eternal, L50, F|
|poke|p2|Incineroar, L50, F|
|poke|p2|Sinistcha, L50|
|poke|p2|Sneasler, L50, F|
|poke|p2|Delphox, L50, M|
|poke|p2|Kingambit, L50, F|
|teampreview|4
|showteam|p1|Whimsicott||FocusSash|Prankster|WorrySeed,Moonblast,Protect,Tailwind|Timid||M|||50|]Delphox||Delphoxite|Blaze|NastyPlot,Protect,HeatWave,Psyshock|Timid||F|||50|]Kingambit||BlackGlasses|Defiant|SuckerPunch,IronHead,Protect,KowtowCleave|Adamant||M|||50|]Garchomp||LifeOrb|RoughSkin|RockSlide,DragonClaw,Earthquake,Protect|Jolly||M|||50|]Sneasler||WhiteHerb|Unburden|FakeOut,Protect,CloseCombat,DireClaw|Adamant||F|||50|]Floette-Eternal||Floettite|FlowerVeil|EnergyBall,Protect,DazzlingGleam,LightofRuin|Modest||F|||50|
|showteam|p2|Floette-Eternal||Floettite|FlowerVeil|Moonblast,DazzlingGleam,CalmMind,Protect|Modest||F|||50|]Incineroar||SitrusBerry|Intimidate|FakeOut,FlareBlitz,ThroatChop,PartingShot|Impish||F|||50|]Sinistcha||KasibBerry|Hospitality|MatchaGotcha,TrickRoom,RagePowder,Protect|Bold|||||50|]Sneasler||FocusSash|Unburden|FakeOut,CloseCombat,DireClaw,QuickGuard|Jolly||F|||50|]Delphox||Delphoxite|Blaze|NastyPlot,Psyshock,HeatWave,Protect|Timid||M|||50|]Kingambit||BlackGlasses|Defiant|KowtowCleave,SuckerPunch,SwordsDance,Protect|Brave||F|||50|
|inactive|Battle timer is ON: inactive players will automatically lose when time's up. (requested by Navizz0)
|inactive|Navizz0 has 60 seconds left.
|inactive|DragoniteMega149 has 60 seconds left.
|
|t:|1782510147
|teamsize|p1|4
|teamsize|p2|4
|start
|switch|p1a: Delphox|Delphox, L50, F|100/100
|switch|p1b: Sneasler|Sneasler, L50, F|100/100
|switch|p2a: Sneasler|Sneasler, L50, F|100/100
|switch|p2b: Delphox|Delphox, L50, M|100/100
|turn|1
|
|t:|1782510165
|detailschange|p2b: Delphox|Delphox-Mega, L50, M
|-mega|p2b: Delphox|Delphox|Delphoxite
|detailschange|p1a: Delphox|Delphox-Mega, L50, F
|-mega|p1a: Delphox|Delphox|Delphoxite
|move|p2a: Sneasler|Fake Out|p1b: Sneasler
|-damage|p1b: Sneasler|75/100
|cant|p1b: Sneasler|flinch
|move|p1a: Delphox|Nasty Plot|p1a: Delphox
|-boost|p1a: Delphox|spa|2
|move|p2b: Delphox|Nasty Plot|p2b: Delphox
|-boost|p2b: Delphox|spa|2
|
|upkeep
|turn|2
|
|t:|1782510174
|move|p1a: Delphox|Protect|p1a: Delphox
|-singleturn|p1a: Delphox|Protect
|move|p2b: Delphox|Heat Wave|p1b: Sneasler|[spread] p1b
|-activate|p1a: Delphox|move: Protect
|-damage|p1b: Sneasler|0 fnt
|faint|p1b: Sneasler
|move|p2a: Sneasler|Dire Claw|p1a: Delphox
|-activate|p1a: Delphox|move: Protect
|
|upkeep
|
|t:|1782510181
|switch|p1b: Garchomp|Garchomp, L50, M|100/100
|turn|3
|
|t:|1782510190
|move|p2b: Delphox|Protect|p2b: Delphox
|-singleturn|p2b: Delphox|Protect
|move|p1a: Delphox|Heat Wave|p2a: Sneasler|[spread] p2a
|-activate|p2b: Delphox|move: Protect
|-enditem|p2a: Sneasler|Focus Sash
|-damage|p2a: Sneasler|1/100
|move|p2a: Sneasler|Dire Claw|p1a: Delphox
|-damage|p1a: Delphox|35/100
|move|p1b: Garchomp|Rock Slide|p2b: Delphox|[spread] p2a
|-activate|p2b: Delphox|move: Protect
|-resisted|p2a: Sneasler|1
|-damage|p2a: Sneasler|0 fnt
|faint|p2a: Sneasler
|-damage|p1b: Garchomp|90/100|[from] item: Life Orb
|
|upkeep
|
|t:|1782510195
|switch|p2a: Incineroar|Incineroar, L50, F|100/100
|-ability|p2a: Incineroar|Intimidate|boost
|-unboost|p1a: Delphox|atk|1
|-unboost|p1b: Garchomp|atk|1
|turn|4
|
|t:|1782510206
|move|p1a: Delphox|Protect|p1a: Delphox
|-singleturn|p1a: Delphox|Protect
|move|p1b: Garchomp|Protect|p1b: Garchomp
|-singleturn|p1b: Garchomp|Protect
|move|p2a: Incineroar|Fake Out|p1b: Garchomp
|-activate|p1b: Garchomp|move: Protect
|move|p2b: Delphox|Heat Wave|p1a: Delphox|[spread] 
|-activate|p1a: Delphox|move: Protect
|-activate|p1b: Garchomp|move: Protect
|
|upkeep
|turn|5
|
|t:|1782510222
|move|p2b: Delphox|Protect|p2b: Delphox
|-singleturn|p2b: Delphox|Protect
|move|p1a: Delphox|Heat Wave|p2a: Incineroar|[spread] p2a
|-activate|p2b: Delphox|move: Protect
|-resisted|p2a: Incineroar|1
|-damage|p2a: Incineroar|64/100
|move|p1b: Garchomp|Rock Slide|p2a: Incineroar|[spread] p2a
|-activate|p2b: Delphox|move: Protect
|-supereffective|p2a: Incineroar|1
|-damage|p2a: Incineroar|36/100
|-enditem|p2a: Incineroar|Sitrus Berry|[eat]
|-heal|p2a: Incineroar|61/100|[from] item: Sitrus Berry
|-damage|p1b: Garchomp|80/100|[from] item: Life Orb
|move|p2a: Incineroar|Parting Shot|p1b: Garchomp
|-unboost|p1b: Garchomp|atk|1
|-unboost|p1b: Garchomp|spa|1
|
|t:|1782510224
|switch|p2a: Sinistcha|Sinistcha, L50|100/100|[from] Parting Shot
|
|upkeep
|turn|6
|
|t:|1782510231
|switch|p1b: Whimsicott|Whimsicott, L50, M|100/100
|switch|p2a: Incineroar|Incineroar, L50, F|61/100
|-ability|p2a: Incineroar|Intimidate|boost
|-unboost|p1a: Delphox|atk|1
|-unboost|p1b: Whimsicott|atk|1
|move|p2b: Delphox|Heat Wave|p1b: Whimsicott|[spread] p1a,p1b
|-resisted|p1a: Delphox|1
|-supereffective|p1b: Whimsicott|1
|-damage|p1a: Delphox|0 fnt
|-enditem|p1b: Whimsicott|Focus Sash
|-damage|p1b: Whimsicott|1/100
|faint|p1a: Delphox
|
|upkeep
|
|t:|1782510240
|switch|p1a: Garchomp|Garchomp, L50, M|80/100
|turn|7
|
|t:|1782510256
|switch|p2a: Sinistcha|Sinistcha, L50|100/100
|move|p1a: Garchomp|Protect|p1a: Garchomp
|-singleturn|p1a: Garchomp|Protect
|move|p1b: Whimsicott|Worry Seed|p2b: Delphox
|-ability|p2b: Delphox|Insomnia|Levitate|[from] move: Worry Seed
|move|p2b: Delphox|Psyshock|p1a: Garchomp
|-activate|p1a: Garchomp|move: Protect
|
|upkeep
|turn|8
|
|t:|1782510268
|switch|p2a: Incineroar|Incineroar, L50, F|61/100
|-ability|p2a: Incineroar|Intimidate|boost
|-unboost|p1a: Garchomp|atk|1
|-unboost|p1b: Whimsicott|atk|1
|move|p1b: Whimsicott|Tailwind|p1b: Whimsicott
|-sidestart|p1: Navizz0|move: Tailwind
|move|p1a: Garchomp|Earthquake|p2b: Delphox|[spread] p1b,p2a,p2b
|-resisted|p1b: Whimsicott|1
|-supereffective|p2a: Incineroar|1
|-supereffective|p2b: Delphox|1
|-damage|p1b: Whimsicott|0 fnt
|-damage|p2a: Incineroar|13/100
|-damage|p2b: Delphox|2/100
|faint|p1b: Whimsicott
|-damage|p1a: Garchomp|70/100|[from] item: Life Orb
|move|p2b: Delphox|Psyshock|p1a: Garchomp
|-damage|p1a: Garchomp|0 fnt
|faint|p1a: Garchomp
|
|win|DragoniteMega149
||Navizz0 is ready for game 2.
|inactive|DragoniteMega149 has 30 seconds to confirm battle start!
|inactive|DragoniteMega149 has 20 seconds to confirm battle start!
|inactive|DragoniteMega149 has 10 seconds to confirm battle start!
||DragoniteMega149 is ready for game 2.
|uhtml|next|Next: Game 2 of 3
