|j|☆axoxota
|j|☆x-demon18
|html|axoxotax-demon18    
|uhtml|bestof|Game 1 of a best-of-3
|t:|1783816255
|gametype|doubles
|player|p1|axoxota|caitlin|1000
|player|p2|x-demon18|265|1097
|gen|9
|tier|[Gen 9 Champions] VGC 2026 Reg M-B (Bo3)
|rated|
|rule|Species Clause: Limit one of each Pokémon
|rule|Item Clause: Limit 1 of each item
|clearpoke
|poke|p1|Gardevoir, L50, F, shiny|
|poke|p1|Sneasler, L50, F, shiny|
|poke|p1|Incineroar, L50, F, shiny|
|poke|p1|Milotic, L50, F, shiny|
|poke|p1|Sinistcha, L50, shiny|
|poke|p1|Tyranitar, L50, M, shiny|
|poke|p2|Incineroar, L50, M|
|poke|p2|Rotom-Wash, L50|
|poke|p2|Venusaur, L50, M|
|poke|p2|Garchomp, L50, M|
|poke|p2|Sylveon, L50, F|
|poke|p2|Corviknight, L50, F|
|teampreview|4
|showteam|p1|Gardevoir||Gardevoirite|Trace|HyperVoice,Psyshock,CalmMind,Protect|Modest||F|||50|]Sneasler||FocusSash|PoisonTouch|CloseCombat,PoisonJab,FakeOut,QuickGuard|Jolly||F|||50|]Incineroar||SitrusBerry|Intimidate|FlareBlitz,Taunt,PartingShot,FakeOut|Careful||F|||50|]Milotic||Leftovers|Competitive|Scald,Coil,Hypnosis,Recover|Calm||F|||50|]Sinistcha||CobaBerry|Hospitality|MatchaGotcha,LifeDew,RagePowder,Protect|Bold|||||50|]Tyranitar||Tyranitarite|SandStream|RockSlide,KnockOff,DragonDance,Protect|Jolly||M|||50|
|showteam|p2|Incineroar||ExpertBelt|Intimidate|FakeOut,TemperFlare,ThroatChop,PartingShot|Adamant||M|||50|]Rotom-Wash||SitrusBerry|Levitate|HydroPump,Electroweb,WillOWisp,VoltSwitch|Modest|||||50|]Venusaur||Venusaurite|Chlorophyll|GigaDrain,SludgeBomb,EarthPower,Protect|Modest||M|||50|]Garchomp||LifeOrb|RoughSkin|RockSlide,DragonClaw,StompingTantrum,Protect|Jolly||M|||50|]Sylveon||FairyFeather|Pixilate|HyperVoice,QuickAttack,Yawn,Detect|Modest||F|||50|]Corviknight||OccaBerry|MirrorArmor|Tailwind,BraveBird,IronHead,BodyPress|Careful||F|||50|
|
|t:|1783816296
|teamsize|p1|4
|teamsize|p2|4
|start
|switch|p1a: Sneasler|Sneasler, L50, F, shiny|100/100
|switch|p1b: Tyranitar|Tyranitar, L50, M, shiny|100/100
|switch|p2a: Yggdrasil|Venusaur, L50, M|100/100
|switch|p2b: Griffith|Corviknight, L50, F|100/100
|-weather|Sandstorm|[from] ability: Sand Stream|[of] p1b: Tyranitar
|turn|1
|
|t:|1783816314
|detailschange|p2a: Yggdrasil|Venusaur-Mega, L50, M
|-mega|p2a: Yggdrasil|Venusaur|Venusaurite
|detailschange|p1b: Tyranitar|Tyranitar-Mega, L50, M, shiny
|-mega|p1b: Tyranitar|Tyranitar|Tyranitarite
|move|p1a: Sneasler|Fake Out|p2a: Yggdrasil
|-damage|p2a: Yggdrasil|90/100
|cant|p2a: Yggdrasil|flinch
|move|p1b: Tyranitar|Dragon Dance|p1b: Tyranitar
|-boost|p1b: Tyranitar|atk|1
|-boost|p1b: Tyranitar|spe|1
|move|p2b: Griffith|Tailwind|p2b: Griffith
|-sidestart|p2: x-demon18|move: Tailwind
|
|-weather|Sandstorm|[upkeep]
|-damage|p2a: Yggdrasil|84/100|[from] Sandstorm
|-damage|p1a: Sneasler|94/100|[from] Sandstorm
|upkeep
|turn|2
|
|t:|1783816355
|move|p2a: Yggdrasil|Giga Drain|p1b: Tyranitar
|-supereffective|p1b: Tyranitar|1
|-damage|p1b: Tyranitar|57/100
|-heal|p2a: Yggdrasil|100/100|[from] drain|[of] p1b: Tyranitar
|move|p2b: Griffith|Brave Bird|p1a: Sneasler
|-supereffective|p1a: Sneasler|1
|-damage|p1a: Sneasler|0 fnt
|faint|p1a: Sneasler
|-damage|p2b: Griffith|74/100|[from] Recoil
|move|p1b: Tyranitar|Knock Off|p2a: Yggdrasil
|-crit|p2a: Yggdrasil
|-damage|p2a: Yggdrasil|32/100
|
|-weather|Sandstorm|[upkeep]
|-damage|p2a: Yggdrasil|27/100|[from] Sandstorm
|upkeep
|
|t:|1783816373
|switch|p1a: Sinistcha|Sinistcha, L50, shiny|100/100
|-heal|p1b: Tyranitar|82/100|[from] ability: Hospitality|[of] p1a: Sinistcha
|turn|3
|
|t:|1783816393
|move|p1a: Sinistcha|Rage Powder|p1a: Sinistcha
|-singleturn|p1a: Sinistcha|move: Rage Powder
|move|p2a: Yggdrasil|Giga Drain|p1b: Tyranitar
|-supereffective|p1b: Tyranitar|1
|-damage|p1b: Tyranitar|37/100
|-heal|p2a: Yggdrasil|48/100|[from] drain|[of] p1b: Tyranitar
|move|p2b: Griffith|Brave Bird|p1a: Sinistcha
|-supereffective|p1a: Sinistcha|1
|-enditem|p1a: Sinistcha|Coba Berry|[eat]
|-enditem|p1a: Sinistcha|Coba Berry|[weaken]
|-damage|p1a: Sinistcha|56/100
|-damage|p2b: Griffith|63/100|[from] Recoil
|move|p1b: Tyranitar|Dragon Dance|p1b: Tyranitar
|-boost|p1b: Tyranitar|atk|1
|-boost|p1b: Tyranitar|spe|1
|
|-weather|Sandstorm|[upkeep]
|-damage|p2a: Yggdrasil|42/100|[from] Sandstorm
|-damage|p1a: Sinistcha|50/100g|[from] Sandstorm
|upkeep
|turn|4
|
|t:|1783816448
|move|p1b: Tyranitar|Protect|p1b: Tyranitar
|-singleturn|p1b: Tyranitar|Protect
|move|p2a: Yggdrasil|Giga Drain|p1b: Tyranitar
|-activate|p1b: Tyranitar|move: Protect
|move|p2b: Griffith|Iron Head|p1b: Tyranitar
|-activate|p1b: Tyranitar|move: Protect
|move|p1a: Sinistcha|Life Dew|p1a: Sinistcha|[spread] p1a,p1b
|-heal|p1a: Sinistcha|76/100
|-heal|p1b: Tyranitar|62/100
|
|-weather|Sandstorm|[upkeep]
|-damage|p2a: Yggdrasil|36/100|[from] Sandstorm
|-damage|p1a: Sinistcha|69/100|[from] Sandstorm
|-sideend|p2: x-demon18|move: Tailwind
|upkeep
|turn|5
|
|t:|1783816472
|move|p2a: Yggdrasil|Protect|p2a: Yggdrasil
|-singleturn|p2a: Yggdrasil|Protect
|move|p1b: Tyranitar|Knock Off|p2b: Griffith
|-damage|p2b: Griffith|0 fnt
|-enditem|p2b: Griffith|Occa Berry|[from] move: Knock Off|[of] p1b: Tyranitar
|faint|p2b: Griffith
|move|p1a: Sinistcha|Life Dew|p1a: Sinistcha|[spread] p1a,p1b
|-heal|p1a: Sinistcha|95/100
|-heal|p1b: Tyranitar|88/100
|
|-weather|none
|upkeep
|
|t:|1783816486
|switch|p2b: Frieren|Sylveon, L50, F|100/100
|turn|6
|
|t:|1783816531
|move|p1b: Tyranitar|Rock Slide|p2a: Yggdrasil|[spread] p2a,p2b
|-damage|p2a: Yggdrasil|0 fnt
|-damage|p2b: Frieren|41/100
|faint|p2a: Yggdrasil
|move|p1a: Sinistcha|Life Dew|p1a: Sinistcha|[spread] p1a,p1b
|-heal|p1a: Sinistcha|100/100
|-heal|p1b: Tyranitar|100/100
|move|p2b: Frieren|Hyper Voice|p1b: Tyranitar|[spread] p1a,p1b
|-supereffective|p1b: Tyranitar|1
|-damage|p1a: Sinistcha|36/100
|-damage|p1b: Tyranitar|20/100r
|
|upkeep
|
|t:|1783816544
|switch|p2a: Berserk|Garchomp, L50, M|100/100
|turn|7
|
|t:|1783816571
|move|p1b: Tyranitar|Knock Off|p2a: Berserk
|-damage|p2a: Berserk|0 fnt
|-damage|p1b: Tyranitar|8/100|[from] ability: Rough Skin|[of] p2a: Berserk
|-enditem|p2a: Berserk|Life Orb|[from] move: Knock Off|[of] p1b: Tyranitar
|faint|p2a: Berserk
|move|p1a: Sinistcha|Life Dew|p1a: Sinistcha|[spread] p1a,p1b
|-heal|p1a: Sinistcha|61/100
|-heal|p1b: Tyranitar|33/100
|move|p2b: Frieren|Hyper Voice|p1a: Sinistcha|[spread] p1a,p1b
|-supereffective|p1b: Tyranitar|1
|-damage|p1a: Sinistcha|0 fnt
|-damage|p1b: Tyranitar|0 fnt
|faint|p1a: Sinistcha
|faint|p1b: Tyranitar
|
|upkeep
|
|t:|1783816584
|switch|p1a: Milotic|Milotic, L50, F, shiny|100/100
|turn|8
|
|t:|1783816590
|move|p1a: Milotic|Scald|p2b: Frieren
|-damage|p2b: Frieren|18/100
|move|p2b: Frieren|Yawn|p1a: Milotic
|-start|p1a: Milotic|move: Yawn|[of] p2b: Frieren
|
|upkeep
|turn|9
|
|t:|1783816626
|move|p2b: Frieren|Detect|p2b: Frieren
|-singleturn|p2b: Frieren|Protect
|move|p1a: Milotic|Coil|p1a: Milotic
|-boost|p1a: Milotic|atk|1
|-boost|p1a: Milotic|def|1
|-boost|p1a: Milotic|accuracy|1
|
|-end|p1a: Milotic|move: Yawn|[silent]
|-status|p1a: Milotic|slp
|upkeep
|turn|10
|
|t:|1783816635
|cant|p1a: Milotic|slp
|move|p2b: Frieren|Hyper Voice|p1a: Milotic
|-damage|p1a: Milotic|55/100 slp
|
|-heal|p1a: Milotic|61/100 slp|[from] item: Leftovers
|upkeep
|turn|11
|
|t:|1783816644
|-curestatus|p1a: Milotic|slp|[msg]
|move|p1a: Milotic|Recover|p1a: Milotic
|-heal|p1a: Milotic|100/100
|move|p2b: Frieren|Hyper Voice|p1a: Milotic
|-damage|p1a: Milotic|50/100g
|
|-heal|p1a: Milotic|56/100|[from] item: Leftovers
|upkeep
|turn|12
|
|t:|1783816661
|move|p1a: Milotic|Hypnosis|p2b: Frieren|[miss]
|-miss|p1a: Milotic|p2b: Frieren
|move|p2b: Frieren|Yawn|p1a: Milotic
|-start|p1a: Milotic|move: Yawn|[of] p2b: Frieren
|
|-heal|p1a: Milotic|62/100|[from] item: Leftovers
|upkeep
|turn|13
|
|t:|1783816669
|move|p1a: Milotic|Recover|p1a: Milotic
|-heal|p1a: Milotic|100/100
|move|p2b: Frieren|Hyper Voice|p1a: Milotic
|-damage|p1a: Milotic|55/100
|
|-heal|p1a: Milotic|61/100|[from] item: Leftovers
|-end|p1a: Milotic|move: Yawn|[silent]
|-status|p1a: Milotic|slp
|upkeep
|turn|14
|
|t:|1783816682
|cant|p1a: Milotic|slp
|move|p2b: Frieren|Hyper Voice|p1a: Milotic
|-damage|p1a: Milotic|11/100 slp
|
|-heal|p1a: Milotic|17/100 slp|[from] item: Leftovers
|upkeep
|turn|15
|
|t:|1783816690
|-curestatus|p1a: Milotic|slp|[msg]
|move|p1a: Milotic|Hypnosis|p2b: Frieren|[miss]
|-miss|p1a: Milotic|p2b: Frieren
|move|p2b: Frieren|Hyper Voice|p1a: Milotic
|-damage|p1a: Milotic|0 fnt
|faint|p1a: Milotic
|
|win|x-demon18
||axoxota is ready for game 2.
