|j|☆hkings234
|j|☆JeffsFries
|html|hkings234JeffsFries    
|uhtml|bestof|Game 2 of a best-of-3
|t:|1785483182
|gametype|doubles
|player|p1|hkings234|170|1110
|player|p2|JeffsFries|alder|1094
|gen|9
|tier|[Gen 9 Champions] VGC 2026 Reg M-B (Bo3)
|rated|
|rule|Species Clause: Limit one of each Pokémon
|rule|Item Clause: Limit 1 of each item
|clearpoke
|poke|p1|Raichu, L50, F|
|poke|p1|Heliolisk, L50, F|
|poke|p1|Garchomp, L50, M|
|poke|p1|Tyranitar, L50, M|
|poke|p1|Whimsicott, L50, M|
|poke|p1|Corviknight, L50, M|
|poke|p2|Ninetales-Alola, L50, M|
|poke|p2|Medicham, L50, M|
|poke|p2|Raichu, L50, F|
|poke|p2|Aerodactyl, L50, M|
|poke|p2|Maushold-Four, L50|
|poke|p2|Basculegion, L50, M|
|teampreview|4
|showteam|p1|Raichu||RaichuniteY|LightningRod|ZapCannon,FakeOut,FocusBlast,Protect|Hasty||F|||50|]Heliolisk||FocusSash|SandVeil|Discharge,Electroweb,Protect,WeatherBall|Timid||F|||50|]Garchomp||Garchompite|RoughSkin|DragonClaw,Earthquake,Protect,RockSlide|Jolly||M|||50|]Tyranitar||SitrusBerry|SandStream|DragonDance,KnockOff,RockSlide,Protect|Adamant||M|||50|]Whimsicott||FairyFeather|Prankster|Tailwind,Moonblast,Encore,StunSpore|Bold||M|||50|]Corviknight||Leftovers|MirrorArmor|BulkUp,BodyPress,Roost,IronHead|Careful||M|||50|
|showteam|p2|Ninetales-Alola||NeverMeltIce|SnowWarning|Blizzard,FreezeDry,Protect,Encore|Timid||M|||50|]Medicham||Medichamite|PurePower|FakeOut,CloseCombat,PsychoCut,Protect|Adamant||M|||50|]Raichu||RaichuniteY|Static|ZapCannon,Protect,GrassKnot,FocusBlast|Timid||F|||50|]Aerodactyl||FocusSash|Unnerve|RockSlide,Tailwind,DualWingbeat,Protect|Jolly||M|||50|]Maushold-Four||ChopleBerry|FriendGuard|FollowMe,Protect,SuperFang,Taunt|Impish|||||50|]Basculegion||LifeOrb|Adaptability|LastRespects,AquaJet,WaveCrash,Protect|Adamant||M|||50|
|
|t:|1785483215
|teamsize|p1|4
|teamsize|p2|4
|start
|switch|p1a: Raichu|Raichu, L50, F|100/100
|switch|p1b: Garchomp|Garchomp, L50, M|100/100
|switch|p2a: Raichu|Raichu, L50, F|100/100
|switch|p2b: Medicham|Medicham, L50, M|100/100
|turn|1
|
|t:|1785483251
|detailschange|p2a: Raichu|Raichu-Mega-Y, L50, F
|-mega|p2a: Raichu|Raichu|Raichunite Y
|move|p1a: Raichu|Fake Out|p2a: Raichu
|-damage|p2a: Raichu|82/100
|move|p2b: Medicham|Fake Out|p1b: Garchomp
|-damage|p1b: Garchomp|81/100
|-damage|p2b: Medicham|87/100|[from] ability: Rough Skin|[of] p1b: Garchomp
|cant|p2a: Raichu|flinch
|cant|p1b: Garchomp|flinch
|
|upkeep
|turn|2
|
|t:|1785483283
|switch|p2b: Aerodactyl|Aerodactyl, L50, M|100/100
|-ability|p2b: Aerodactyl|Unnerve
|detailschange|p1b: Garchomp|Garchomp-Mega, L50, M
|-mega|p1b: Garchomp|Garchomp|Garchompite
|move|p1a: Raichu|Protect|p1a: Raichu
|-singleturn|p1a: Raichu|Protect
|move|p2a: Raichu|Focus Blast|p1a: Raichu
|-activate|p1a: Raichu|move: Protect
|move|p1b: Garchomp|Earthquake|p2a: Raichu|[spread] p2a
|-activate|p1a: Raichu|move: Protect
|-immune|p2b: Aerodactyl
|-supereffective|p2a: Raichu|1
|-damage|p2a: Raichu|0 fnt
|faint|p2a: Raichu
|
|upkeep
|
|t:|1785483302
|switch|p2a: Medicham|Medicham, L50, M|87/100
|turn|3
|
|t:|1785483307
|move|p2a: Medicham|Fake Out|p1b: Garchomp
|-damage|p1b: Garchomp|63/100
|move|p2b: Aerodactyl|Tailwind|p2b: Aerodactyl
|-sidestart|p2: JeffsFries|move: Tailwind
|move|p1a: Raichu|Zap Cannon|p2b: Aerodactyl
|-supereffective|p2b: Aerodactyl|1
|-enditem|p2b: Aerodactyl|Focus Sash
|-damage|p2b: Aerodactyl|1/100
|-status|p2b: Aerodactyl|par
|cant|p1b: Garchomp|flinch
|
|upkeep
|turn|4
|
|t:|1785483332
|cant|p2b: Aerodactyl|par
|move|p1b: Garchomp|Protect|p1b: Garchomp
|-singleturn|p1b: Garchomp|Protect
|move|p2a: Medicham|Close Combat|p1a: Raichu
|-damage|p1a: Raichu|0 fnt
|-unboost|p2a: Medicham|def|1
|-unboost|p2a: Medicham|spd|1
|faint|p1a: Raichu
|
|upkeep
|
|t:|1785483348
|switch|p1a: Whimsicott|Whimsicott, L50, M|100/100
|turn|5
|
|t:|1785483361
|move|p2b: Aerodactyl|Protect|p2b: Aerodactyl
|-singleturn|p2b: Aerodactyl|Protect
|move|p1a: Whimsicott|Tailwind|p1a: Whimsicott
|-sidestart|p1: hkings234|move: Tailwind
|move|p1b: Garchomp|Rock Slide|p2a: Medicham|[spread] p2a
|-activate|p2b: Aerodactyl|move: Protect
|-resisted|p2a: Medicham|1
|-damage|p2a: Medicham|56/100
|move|p2a: Medicham|Close Combat|p1b: Garchomp
|-damage|p1b: Garchomp|0 fnt
|-unboost|p2a: Medicham|def|1
|-unboost|p2a: Medicham|spd|1
|faint|p1b: Garchomp
|
|upkeep
|
|t:|1785483372
|switch|p1b: Tyranitar|Tyranitar, L50, M|100/100
|-weather|Sandstorm|[from] ability: Sand Stream|[of] p1b: Tyranitar
|turn|6
|
|t:|1785483399
|switch|p2a: Basculegion|Basculegion, L50, M|100/100
|move|p1a: Whimsicott|Moonblast|p2a: Basculegion
|-damage|p2a: Basculegion|59/100
|-unboost|p2a: Basculegion|spa|1
|move|p1b: Tyranitar|Dragon Dance|p1b: Tyranitar
|-boost|p1b: Tyranitar|atk|1
|-boost|p1b: Tyranitar|spe|1
|move|p2b: Aerodactyl|Dual Wingbeat|p1a: Whimsicott
|-supereffective|p1a: Whimsicott|1
|-damage|p1a: Whimsicott|67/100
|-supereffective|p1a: Whimsicott|1
|-damage|p1a: Whimsicott|37/100
|-hitcount|p1a: Whimsicott|2
|
|-weather|Sandstorm|[upkeep]
|-damage|p1a: Whimsicott|31/100|[from] Sandstorm
|-damage|p2a: Basculegion|53/100|[from] Sandstorm
|-sideend|p2: JeffsFries|move: Tailwind
|upkeep
|turn|7
|
|t:|1785483432
|move|p2a: Basculegion|Aqua Jet|p1b: Tyranitar
|-supereffective|p1b: Tyranitar|1
|-damage|p1b: Tyranitar|29/100
|-damage|p2a: Basculegion|44/100|[from] item: Life Orb
|move|p1b: Tyranitar|Knock Off|p2a: Basculegion
|-supereffective|p2a: Basculegion|1
|-damage|p2a: Basculegion|0 fnt
|-enditem|p2a: Basculegion|Life Orb|[from] move: Knock Off|[of] p1b: Tyranitar
|faint|p2a: Basculegion
|move|p1a: Whimsicott|Moonblast|p2b: Aerodactyl
|-damage|p2b: Aerodactyl|0 fnt
|-enditem|p1b: Tyranitar|Sitrus Berry|[eat]
|-heal|p1b: Tyranitar|54/100|[from] item: Sitrus Berry
|faint|p2b: Aerodactyl
|
|-weather|Sandstorm|[upkeep]
|-damage|p1a: Whimsicott|25/100|[from] Sandstorm
|upkeep
|
|t:|1785483450
|switch|p2a: Medicham|Medicham, L50, M|56/100
|turn|8
|
|t:|1785483462
|move|p1b: Tyranitar|Knock Off|p2a: Medicham
|-damage|p2a: Medicham|0 fnt
|faint|p2a: Medicham
|
|win|hkings234
|raw|hkings234's rating: 1110 → 1134(+24 for winning)
|raw|JeffsFries's rating: 1094 → 1071(-23 for losing)
