|j|☆ban1106
|j|☆tin19
|html|ban1106tin19    
|uhtml|bestof|Game 1 of a best-of-3
|t:|1783562959
|gametype|doubles
|player|p1|ban1106|brawly|
|player|p2|tin19|colress|
|gen|9
|tier|[Gen 9 Champions] VGC 2026 Reg M-B (Bo3)
|rule|Species Clause: Limit one of each Pokémon
|rule|Item Clause: Limit 1 of each item
|clearpoke
|poke|p1|Charizard, L50, F|
|poke|p1|Mawile, L50, M|
|poke|p1|Basculegion, L50, M|
|poke|p1|Garchomp, L50, M|
|poke|p1|Whimsicott, L50, M|
|poke|p1|Farigiraf, L50, F|
|poke|p2|Archaludon, L50, F, shiny|
|poke|p2|Pelipper, L50, F, shiny|
|poke|p2|Swampert, L50, F, shiny|
|poke|p2|Floette-Eternal, L50, F|
|poke|p2|Meowscarada, L50, F, shiny|
|poke|p2|Farigiraf, L50, F, shiny|
|teampreview|4
|showteam|p1|Charizard||CharizarditeY|Blaze|WeatherBall,HeatWave,SolarBeam,Protect|Timid||F|||50|]Mawile||Mawilite|HyperCutter|PlayRough,SuckerPunch,BrickBreak,Protect|Adamant||M|||50|]Basculegion||MysticWater|Adaptability|WaveCrash,LastRespects,AquaJet,Protect|Adamant||M|||50|]Garchomp||LifeOrb|RoughSkin|Earthquake,DragonClaw,RockSlide,Protect|Jolly||M|||50|]Whimsicott||FocusSash|Prankster|Moonblast,Encore,Tailwind,Protect|Timid||M|||50|]Farigiraf||SitrusBerry|ArmorTail|TwinBeam,Thunderbolt,TrickRoom,HelpingHand|Bold||F|||50|
|showteam|p2|Archaludon||LifeOrb|Stalwart|DracoMeteor,FlashCannon,ElectroShot,Protect|Modest||F|||50|]Pelipper||DampRock|Drizzle|Tailwind,MuddyWater,Hurricane,Protect|Modest||F|||50|]Swampert||Swampertite|Damp|HighHorsepower,WaveCrash,IcePunch,Protect|Adamant||F|||50|]Floette-Eternal||ChoiceScarf|FlowerVeil|Moonblast,Psychic,LightofRuin,RainDance|Modest||F|||50|]Meowscarada||FocusSash|Protean|FlowerTrick,KnockOff,TripleAxel,Protect|Adamant||F|||50|]Farigiraf||SitrusBerry|ArmorTail|PsychicNoise,HelpingHand,Roar,TrickRoom|Bold||F|||50|
|inactive|Battle timer is ON: inactive players will automatically lose when time's up. (requested by tin19)
|inactive|ban1106 has 60 seconds left.
|inactive|tin19 has 60 seconds left.
|
|t:|1783563011
|teamsize|p1|4
|teamsize|p2|4
|start
|switch|p1a: Charizard|Charizard, L50, F|100/100
|switch|p1b: Whimsicott|Whimsicott, L50, M|100/100
|switch|p2a: Swampert|Swampert, L50, F, shiny|100/100
|switch|p2b: Floette|Floette-Eternal, L50, F|100/100
|turn|1
|inactive|ban1106 has 30 seconds left.
|inactive|tin19 has 30 seconds left.
|inactive|ban1106 has 20 seconds left.
|inactive|tin19 has 20 seconds left.
|
|t:|1783563051
|detailschange|p2a: Swampert|Swampert-Mega, L50, F, shiny
|-mega|p2a: Swampert|Swampert|Swampertite
|move|p1a: Charizard|Protect|p1a: Charizard
|-singleturn|p1a: Charizard|Protect
|move|p1b: Whimsicott|Tailwind|p1b: Whimsicott
|-sidestart|p1: ban1106|move: Tailwind
|move|p2b: Floette|Rain Dance|p2b: Floette
|-weather|RainDance
|move|p2a: Swampert|Wave Crash|p1a: Charizard
|-activate|p1a: Charizard|move: Protect
|
|-weather|RainDance|[upkeep]
|upkeep
|turn|2
|inactive|ban1106 has 30 seconds left.
|inactive|tin19 has 30 seconds left.
|inactive|ban1106 has 20 seconds left.
|inactive|tin19 has 20 seconds left.
|inactive|ban1106 has 15 seconds left.
|inactive|tin19 has 15 seconds left.
|
|t:|1783563094
|detailschange|p1a: Charizard|Charizard-Mega-Y, L50, F
|-mega|p1a: Charizard|Charizard|Charizardite Y
|-weather|SunnyDay|[from] ability: Drought|[of] p1a: Charizard
|move|p2a: Swampert|Protect|p2a: Swampert
|-singleturn|p2a: Swampert|Protect
|move|p1b: Whimsicott|Moonblast|p2b: Floette
|-damage|p2b: Floette|67/100
|-unboost|p2b: Floette|spa|1
|move|p1a: Charizard|Solar Beam||[still]
|-prepare|p1a: Charizard|Solar Beam
|-anim|p1a: Charizard|Solar Beam|p2a: Swampert
|-activate|p2a: Swampert|move: Protect
|move|p2b: Floette|Rain Dance|p2b: Floette
|-weather|RainDance
|
|-weather|RainDance|[upkeep]
|upkeep
|turn|3
|inactive|ban1106 has 30 seconds left.
|
|t:|1783563120
|switch|p1a: Basculegion|Basculegion, L50, M|100/100
|switch|p2a: Pelipper|Pelipper, L50, F, shiny|100/100
|switch|p2b: Meowscarada|Meowscarada, L50, F, shiny|100/100
|move|p1b: Whimsicott|Encore||[still]
|-fail|p1b: Whimsicott
|
|-weather|RainDance|[upkeep]
|upkeep
|turn|4
|inactive|ban1106 has 30 seconds left.
|inactive|tin19 has 30 seconds left.
|inactive|tin19 has 20 seconds left.
|inactive|ban1106 has 20 seconds left.
|
|t:|1783563162
|move|p1a: Basculegion|Protect|p1a: Basculegion
|-singleturn|p1a: Basculegion|Protect
|move|p2b: Meowscarada|Protect|p2b: Meowscarada
|-start|p2b: Meowscarada|typechange|Normal|[from] ability: Protean
|-singleturn|p2b: Meowscarada|Protect
|move|p1b: Whimsicott|Moonblast|p2a: Pelipper
|-damage|p2a: Pelipper|53/100
|move|p2a: Pelipper|Tailwind|p2a: Pelipper
|-sidestart|p2: tin19|move: Tailwind
|
|-weather|RainDance|[upkeep]
|-sideend|p1: ban1106|move: Tailwind
|upkeep
|turn|5
|inactive|ban1106 has 30 seconds left.
|
|t:|1783563193
|switch|p2a: Swampert|Swampert-Mega, L50, F, shiny|100/100
|move|p1b: Whimsicott|Encore|p2b: Meowscarada
|-start|p2b: Meowscarada|Encore
|move|p2b: Meowscarada|Protect||[still]
|-fail|p2b: Meowscarada
|move|p1a: Basculegion|Wave Crash|p2a: Swampert
|-damage|p2a: Swampert|0 fnt
|faint|p2a: Swampert
|-damage|p1a: Basculegion|68/100|[from] Recoil
|
|-weather|RainDance|[upkeep]
|upkeep
|
|t:|1783563207
|switch|p2a: Floette|Floette-Eternal, L50, F|67/100
|turn|6
|inactive|ban1106 has 30 seconds left.
|
|t:|1783563235
|switch|p2b: Pelipper|Pelipper, L50, F, shiny|53/100
|move|p1b: Whimsicott|Tailwind|p1b: Whimsicott
|-sidestart|p1: ban1106|move: Tailwind
|move|p2a: Floette|Light of Ruin|p1a: Basculegion
|-damage|p1a: Basculegion|0 fnt
|faint|p1a: Basculegion
|-damage|p2a: Floette|20/100y|[from] Recoil
|
|-weather|none
|upkeep
|
|t:|1783563249
|switch|p1a: Charizard|Charizard-Mega-Y, L50, F|100/100
|-weather|SunnyDay|[from] ability: Drought|[of] p1a: Charizard
|turn|7
|
|t:|1783563270
|switch|p2b: Meowscarada|Meowscarada, L50, F, shiny|100/100
|move|p2a: Floette|Light of Ruin|p1a: Charizard
|-resisted|p1a: Charizard|1
|-damage|p1a: Charizard|67/100
|-damage|p2a: Floette|1/100|[from] Recoil
|move|p1b: Whimsicott|Moonblast|p2a: Floette
|-damage|p2a: Floette|0 fnt
|faint|p2a: Floette
|move|p1a: Charizard|Heat Wave|p2b: Meowscarada
|-supereffective|p2b: Meowscarada|1
|-enditem|p2b: Meowscarada|Focus Sash
|-damage|p2b: Meowscarada|1/100
|
|-weather|SunnyDay|[upkeep]
|-sideend|p2: tin19|move: Tailwind
|upkeep
|
|t:|1783563287
|switch|p2a: Pelipper|Pelipper, L50, F, shiny|53/100
|-weather|RainDance|[from] ability: Drizzle|[of] p2a: Pelipper
|turn|8
|inactive|ban1106 has 30 seconds left.
|inactive|ban1106 has 20 seconds left.
|
|t:|1783563326
|move|p1b: Whimsicott|Moonblast|p2a: Pelipper
|-damage|p2a: Pelipper|0 fnt
|faint|p2a: Pelipper
|move|p1a: Charizard|Weather Ball|p2b: Meowscarada
|-resisted|p2b: Meowscarada|1
|-damage|p2b: Meowscarada|0 fnt
|faint|p2b: Meowscarada
|
|win|ban1106
||tin19 is ready for game 2.
|inactive|ban1106 has 30 seconds to confirm battle start!
||ban1106 is ready for game 2.
|uhtml|next|Next: Game 2 of 3
|l|☆tin19
|player|p2|
|l|☆ban1106
|player|p1|
|j|☆ban1106
|player|p1|ban1106|brawly|
