|j|☆Miilanz
|j|☆Minedea101
|html|MiilanzMinedea101    
|uhtml|bestof|Game 3 of a best-of-3
|t:|1782645462
|gametype|doubles
|player|p1|Miilanz|caitlin|
|player|p2|Minedea101|skyla|
|gen|9
|tier|[Gen 9 Champions] VGC 2026 Reg M-B (Bo3)
|rule|Species Clause: Limit one of each Pokémon
|rule|Item Clause: Limit 1 of each item
|clearpoke
|poke|p1|Incineroar, L50, F|
|poke|p1|Mawile, L50, F|
|poke|p1|Farigiraf, L50, F|
|poke|p1|Delphox, L50, F|
|poke|p1|Sneasler, L50, F|
|poke|p1|Aerodactyl, L50, M|
|poke|p2|Eelektross, L50, M|
|poke|p2|Whimsicott, L50, F, shiny|
|poke|p2|Garchomp, L50, M|
|poke|p2|Basculegion, L50, M|
|poke|p2|Kingambit, L50, M|
|poke|p2|Charizard, L50, M, shiny|
|teampreview|4
|showteam|p1|Incineroar||Charcoal|Intimidate|FlareBlitz,PartingShot,FakeOut,ThroatChop|Adamant||F|||50|]Mawile||Mawilite|HyperCutter|PlayRough,SuckerPunch,IronHead,Protect|Adamant||F|||50|]Farigiraf||ColburBerry|ArmorTail|Psychic,Protect,TrickRoom,HyperVoice|Modest||F|||50|]Delphox||Delphoxite|Blaze|HeatWave,Psyshock,NastyPlot,Protect|Timid||F|||50|]Sneasler||WhiteHerb|Unburden|DireClaw,CloseCombat,FakeOut,Protect|Adamant||F|||50|]Aerodactyl||FocusSash|Unnerve|Tailwind,RockSlide,DualWingbeat,Protect|Jolly||M|||50|
|showteam|p2|Eelektross||Eelektrossite|Levitate|Coil,DrainPunch,Protect,WildCharge|Careful||M|||50|]Whimsicott||FairyFeather|Prankster|Tailwind,Encore,Protect,Moonblast|Timid||F|||50|]Garchomp||LifeOrb|RoughSkin|ScaleShot,Protect,Earthquake,RockSlide|Jolly||M|||50|]Basculegion||SitrusBerry|Adaptability|AquaJet,LastRespects,Protect,WaveCrash|Adamant||M|||50|]Kingambit||FocusSash|Defiant|IronHead,LowKick,KowtowCleave,SuckerPunch|Adamant||M|||50|]Charizard||CharizarditeY|Blaze|SolarBeam,HeatWave,WeatherBall,Protect|Modest||M|||50|
|inactive|Battle timer is ON: inactive players will automatically lose when time's up. (requested by Minedea101)
|inactive|Minedea101 has 60 seconds left.
|j| celaerity
|inactive|Minedea101 has 30 seconds left.
|inactive|Minedea101 has 20 seconds left.
|inactive|Minedea101 has 15 seconds left.
|
|t:|1782645539
|teamsize|p1|4
|teamsize|p2|4
|start
|switch|p1a: Delphox|Delphox, L50, F|100/100
|switch|p1b: Aerodactyl|Aerodactyl, L50, M|100/100
|switch|p2a: Asbestos|Whimsicott, L50, F, shiny|100/100
|switch|p2b: 410bn dead cops|Garchomp, L50, M|100/100
|-ability|p1b: Aerodactyl|Unnerve
|turn|1
|inactive|Minedea101 has 30 seconds left.
|inactive|Minedea101 has 20 seconds left.
|inactive|Minedea101 has 15 seconds left.
|j| Combustandy
|inactive|Minedea101 has 10 seconds left.
|inactive|Minedea101 has 5 seconds left.
|
|t:|1782645589
|switch|p1a: Incineroar|Incineroar, L50, F|100/100
|-ability|p1a: Incineroar|Intimidate|boost
|-unboost|p2a: Asbestos|atk|1
|-unboost|p2b: 410bn dead cops|atk|1
|move|p1b: Aerodactyl|Protect|p1b: Aerodactyl
|-singleturn|p1b: Aerodactyl|Protect
|move|p2a: Asbestos|Tailwind|p2a: Asbestos
|-sidestart|p2: Minedea101|move: Tailwind
|move|p2b: 410bn dead cops|Scale Shot|p1a: Incineroar
|-crit|p1a: Incineroar
|-damage|p1a: Incineroar|76/100
|-crit|p1a: Incineroar
|-damage|p1a: Incineroar|54/100
|-damage|p1a: Incineroar|45/100
|-hitcount|p1a: Incineroar|3
|-unboost|p2b: 410bn dead cops|def|1
|-boost|p2b: 410bn dead cops|spe|1
|-damage|p2b: 410bn dead cops|90/100|[from] item: Life Orb
|
|upkeep
|turn|2
|inactive|Minedea101 has 30 seconds left.
|
|t:|1782645616
|move|p2a: Asbestos|Protect|p2a: Asbestos
|-singleturn|p2a: Asbestos|Protect
|move|p1a: Incineroar|Fake Out|p2a: Asbestos
|-activate|p2a: Asbestos|move: Protect
|move|p2b: 410bn dead cops|Rock Slide|p1b: Aerodactyl|[spread] p1a,p1b
|-supereffective|p1a: Incineroar|1
|-supereffective|p1b: Aerodactyl|1
|-damage|p1a: Incineroar|19/100
|-damage|p1b: Aerodactyl|43/100
|-damage|p2b: 410bn dead cops|80/100|[from] item: Life Orb
|cant|p1b: Aerodactyl|flinch
|
|upkeep
|turn|3
|inactive|Minedea101 has 30 seconds left.
|inactive|Minedea101 has 20 seconds left.
|l| Combustandy
|inactive|Minedea101 has 15 seconds left.
|inactive|Minedea101 has 10 seconds left.
|
|t:|1782645664
|switch|p2a: 1980s Gamer|Charizard, L50, M, shiny|100/100
|move|p1b: Aerodactyl|Protect|p1b: Aerodactyl
|-singleturn|p1b: Aerodactyl|Protect
|move|p2b: 410bn dead cops|Rock Slide|p1b: Aerodactyl|[spread] p1a
|-activate|p1b: Aerodactyl|move: Protect
|-supereffective|p1a: Incineroar|1
|-damage|p1a: Incineroar|0 fnt
|faint|p1a: Incineroar
|-damage|p2b: 410bn dead cops|70/100|[from] item: Life Orb
|
|upkeep
|
|t:|1782645678
|switch|p1a: Delphox|Delphox, L50, F|100/100
|turn|4
|j| Combustandy
|l| Combustandy
|inactive|Minedea101 has 30 seconds left.
|
|t:|1782645711
|switch|p1b: Sneasler|Sneasler, L50, F|100/100
|detailschange|p2a: 1980s Gamer|Charizard-Mega-Y, L50, M, shiny
|-mega|p2a: 1980s Gamer|Charizard|Charizardite Y
|-weather|SunnyDay|[from] ability: Drought|[of] p2a: 1980s Gamer
|detailschange|p1a: Delphox|Delphox-Mega, L50, F
|-mega|p1a: Delphox|Delphox|Delphoxite
|move|p1a: Delphox|Protect|p1a: Delphox
|-singleturn|p1a: Delphox|Protect
|move|p2b: 410bn dead cops|Rock Slide|p1a: Delphox|[spread] p1b
|-activate|p1a: Delphox|move: Protect
|-resisted|p1b: Sneasler|1
|-damage|p1b: Sneasler|88/100
|-damage|p2b: 410bn dead cops|61/100|[from] item: Life Orb
|move|p2a: 1980s Gamer|Heat Wave|p1a: Delphox|[spread] p1b
|-activate|p1a: Delphox|move: Protect
|-damage|p1b: Sneasler|16/100
|-status|p1b: Sneasler|brn
|
|-weather|SunnyDay|[upkeep]
|-damage|p1b: Sneasler|10/100 brn|[from] brn
|-sideend|p2: Minedea101|move: Tailwind
|upkeep
|turn|5
|inactive|Miilanz has 30 seconds left.
|inactive|Minedea101 has 30 seconds left.
|inactive|Minedea101 has 20 seconds left.
|inactive|Minedea101 has 15 seconds left.
|inactive|Minedea101 has 10 seconds left.
|
|t:|1782645758
|move|p1b: Sneasler|Fake Out|p2a: 1980s Gamer
|-damage|p2a: 1980s Gamer|92/100
|move|p2b: 410bn dead cops|Rock Slide|p1b: Sneasler|[spread] p1a
|-miss|p2b: 410bn dead cops|p1b: Sneasler
|-supereffective|p1a: Delphox|1
|-damage|p1a: Delphox|50/100g
|-damage|p2b: 410bn dead cops|51/100|[from] item: Life Orb
|move|p1a: Delphox|Psyshock|p2b: 410bn dead cops
|-damage|p2b: 410bn dead cops|0 fnt
|faint|p2b: 410bn dead cops
|cant|p2a: 1980s Gamer|flinch
|
|-weather|SunnyDay|[upkeep]
|-damage|p1b: Sneasler|4/100 brn|[from] brn
|upkeep
|inactive|Minedea101 has 30 seconds left.
|inactive|Minedea101 has 20 seconds left.
|inactive|Minedea101 has 15 seconds left.
|
|t:|1782645801
|switch|p2b: Asbestos|Whimsicott, L50, F, shiny|100/100
|turn|6
|
|t:|1782645813
|move|p2b: Asbestos|Protect|p2b: Asbestos
|-singleturn|p2b: Asbestos|Protect
|move|p2a: 1980s Gamer|Protect|p2a: 1980s Gamer
|-singleturn|p2a: 1980s Gamer|Protect
|move|p1a: Delphox|Heat Wave|p2b: Asbestos|[spread] 
|-activate|p2a: 1980s Gamer|move: Protect
|-activate|p2b: Asbestos|move: Protect
|move|p1b: Sneasler|Dire Claw|p2a: 1980s Gamer
|-activate|p2a: 1980s Gamer|move: Protect
|
|-weather|SunnyDay|[upkeep]
|-damage|p1b: Sneasler|0 fnt|[from] brn
|faint|p1b: Sneasler
|upkeep
|
|t:|1782645826
|switch|p1b: Aerodactyl|Aerodactyl, L50, M|43/100
|-ability|p1b: Aerodactyl|Unnerve
|turn|7
|
|t:|1782645845
|move|p2b: Asbestos|Tailwind|p2b: Asbestos
|-sidestart|p2: Minedea101|move: Tailwind
|move|p2a: 1980s Gamer|Solar Beam||[still]
|-prepare|p2a: 1980s Gamer|Solar Beam
|-anim|p2a: 1980s Gamer|Solar Beam|p1b: Aerodactyl
|-damage|p1b: Aerodactyl|0 fnt
|faint|p1b: Aerodactyl
|move|p1a: Delphox|Heat Wave|p2a: 1980s Gamer|[spread] p2a,p2b
|-resisted|p2a: 1980s Gamer|1
|-supereffective|p2b: Asbestos|1
|-damage|p2a: 1980s Gamer|67/100
|-damage|p2b: Asbestos|0 fnt
|faint|p2b: Asbestos
|
|-weather|SunnyDay|[upkeep]
|upkeep
|
|t:|1782645855
|switch|p2b: Bong Cloud|Kingambit, L50, M|100/100
|turn|8
|
|t:|1782645862
|move|p2b: Bong Cloud|Sucker Punch|p1a: Delphox
|-supereffective|p1a: Delphox|1
|-damage|p1a: Delphox|0 fnt
|faint|p1a: Delphox
|
|win|Minedea101
|c|☆Minedea101|ggs
|c|☆Miilanz|ggwp
|j| Combustandy
|l| Combustandy
|c|☆Minedea101|that triple miss was so unlucky lol
