|j|☆hkings234
|j|☆Combicolombi
|html|hkings234Combicolombi    
|uhtml|bestof|Game 1 of a best-of-3
|t:|1785483977
|gametype|doubles
|player|p1|hkings234|170|1118
|player|p2|Combicolombi|266|1188
|gen|9
|tier|[Gen 9 Champions] VGC 2026 Reg M-B (Bo3)
|rated|
|rule|Species Clause: Limit one of each Pokémon
|rule|Item Clause: Limit 1 of each item
|clearpoke
|poke|p1|Raichu, L50, F|
|poke|p1|Heliolisk, L50, F|
|poke|p1|Garchomp, L50, M|
|poke|p1|Tyranitar, L50, F|
|poke|p1|Whimsicott, L50, M|
|poke|p1|Corviknight, L50, F|
|poke|p2|Charizard, L50, F|
|poke|p2|Farigiraf, L50, F|
|poke|p2|Aerodactyl, L50, F|
|poke|p2|Sylveon, L50, M|
|poke|p2|Kingambit, L50, F|
|poke|p2|Garchomp, L50, F|
|teampreview|4
|showteam|p1|Raichu||RaichuniteY|LightningRod|ZapCannon,FakeOut,FocusBlast,Protect|Hasty||F|||50|]Heliolisk||FocusSash|SandVeil|Discharge,Electroweb,Protect,WeatherBall|Timid||F|||50|]Garchomp||Garchompite|RoughSkin|DragonClaw,Earthquake,Protect,RockSlide|Jolly||M|||50|]Tyranitar||SitrusBerry|SandStream|DragonDance,KnockOff,RockSlide,Protect|Adamant||F|||50|]Whimsicott||FairyFeather|Prankster|Tailwind,Moonblast,Encore,StunSpore|Bold||M|||50|]Corviknight||Leftovers|MirrorArmor|BulkUp,BodyPress,Roost,IronHead|Careful||F|||50|
|showteam|p2|Charizard||CharizarditeY|Blaze|WeatherBall,HeatWave,SolarBeam,Protect|Modest||F|||50|]Farigiraf||SitrusBerry|ArmorTail|Psychic,HelpingHand,Thunderbolt,TrickRoom|Quiet||F|||50|]Aerodactyl||Aerodactylite|Unnerve|Tailwind,RockSlide,IceFang,Protect|Jolly||F|||50|]Sylveon||FairyFeather|Pixilate|HyperVoice,HyperBeam,QuickAttack,Detect|Modest||M|||50|]Kingambit||FocusSash|Defiant|KowtowCleave,SuckerPunch,IronHead,LowKick|Adamant||F|||50|]Garchomp||LifeOrb|RoughSkin|DragonClaw,StompingTantrum,RockTomb,Protect|Jolly||F|||50|
|inactive|Battle timer is ON: inactive players will automatically lose when time's up. (requested by Combicolombi)
|inactive|Combicolombi has 60 seconds left.
|
|t:|1785484091
|teamsize|p1|4
|teamsize|p2|4
|start
|switch|p1a: Whimsicott|Whimsicott, L50, M|100/100
|switch|p1b: Garchomp|Garchomp, L50, M|100/100
|switch|p2a: Aerodactyl|Aerodactyl, L50, F|100/100
|switch|p2b: Farigiraf|Farigiraf, L50, F|100/100
|-ability|p2a: Aerodactyl|Unnerve
|turn|1
|
|t:|1785484108
|detailschange|p2a: Aerodactyl|Aerodactyl-Mega, L50, F
|-mega|p2a: Aerodactyl|Aerodactyl|Aerodactylite
|move|p1a: Whimsicott|Tailwind|p1a: Whimsicott
|-sidestart|p1: hkings234|move: Tailwind
|move|p1b: Garchomp|Rock Slide|p2b: Farigiraf|[spread] p2a,p2b
|-supereffective|p2a: Aerodactyl|1
|-damage|p2a: Aerodactyl|51/100
|-damage|p2b: Farigiraf|82/100
|cant|p2a: Aerodactyl|flinch
|cant|p2b: Farigiraf|flinch
|
|upkeep
|turn|2
|
|t:|1785484126
|move|p2a: Aerodactyl|Protect|p2a: Aerodactyl
|-singleturn|p2a: Aerodactyl|Protect
|move|p1b: Garchomp|Rock Slide|p2a: Aerodactyl|[spread] p2b
|-activate|p2a: Aerodactyl|move: Protect
|-damage|p2b: Farigiraf|63/100
|move|p1a: Whimsicott|Moonblast|p2a: Aerodactyl
|-activate|p2a: Aerodactyl|move: Protect
|cant|p2b: Farigiraf|flinch
|
|upkeep
|turn|3
|
|t:|1785484146
|switch|p2a: Kingambit|Kingambit, L50, F|100/100
|move|p1b: Garchomp|Rock Slide|p2b: Farigiraf|[spread] p2a,p2b
|-resisted|p2a: Kingambit|1
|-damage|p2a: Kingambit|92/100
|-damage|p2b: Farigiraf|44/100
|-enditem|p2b: Farigiraf|Sitrus Berry|[eat]
|-heal|p2b: Farigiraf|69/100|[from] item: Sitrus Berry
|move|p1a: Whimsicott|Moonblast|p2a: Kingambit
|-damage|p2a: Kingambit|54/100
|cant|p2b: Farigiraf|flinch
|
|upkeep
|turn|4
|c|☆hkings234|Sorry
|inactive|hkings234 has 30 seconds left.
|
|t:|1785484171
|switch|p2a: Aerodactyl|Aerodactyl-Mega, L50, F|51/100
|move|p1b: Garchomp|Earthquake|p2a: Aerodactyl|[spread] p1a,p2b
|-immune|p2a: Aerodactyl
|-resisted|p1a: Whimsicott|1
|-damage|p1a: Whimsicott|82/100
|-damage|p2b: Farigiraf|32/100
|move|p1a: Whimsicott|Moonblast|p2b: Farigiraf
|-damage|p2b: Farigiraf|1/100
|move|p2b: Farigiraf|Trick Room|p2b: Farigiraf
|-fieldstart|move: Trick Room|[of] p2b: Farigiraf
|
|-sideend|p1: hkings234|move: Tailwind
|upkeep
|turn|5
|
|t:|1785484194
|move|p1b: Garchomp|Protect|p1b: Garchomp
|-singleturn|p1b: Garchomp|Protect
|move|p2a: Aerodactyl|Protect|p2a: Aerodactyl
|-singleturn|p2a: Aerodactyl|Protect
|move|p2b: Farigiraf|Psychic|p1a: Whimsicott
|-damage|p1a: Whimsicott|32/100
|move|p1a: Whimsicott|Moonblast|p2a: Aerodactyl
|-activate|p2a: Aerodactyl|move: Protect
|
|upkeep
|turn|6
|
|t:|1785484205
|switch|p2a: Sylveon|Sylveon, L50, M|100/100
|move|p2b: Farigiraf|Psychic|p1a: Whimsicott
|-damage|p1a: Whimsicott|0 fnt
|faint|p1a: Whimsicott
|move|p1b: Garchomp|Rock Slide|p2b: Farigiraf|[spread] p2b
|-miss|p1b: Garchomp|p2a: Sylveon
|-damage|p2b: Farigiraf|0 fnt
|faint|p2b: Farigiraf
|
|upkeep
|
|t:|1785484216
|switch|p2b: Kingambit|Kingambit, L50, F|54/100
|switch|p1a: Tyranitar|Tyranitar, L50, F|100/100
|-weather|Sandstorm|[from] ability: Sand Stream|[of] p1a: Tyranitar
|turn|7
|
|t:|1785484236
|detailschange|p1b: Garchomp|Garchomp-Mega, L50, M
|-mega|p1b: Garchomp|Garchomp|Garchompite
|move|p1b: Garchomp|Protect|p1b: Garchomp
|-singleturn|p1b: Garchomp|Protect
|move|p2a: Sylveon|Hyper Voice|p1b: Garchomp|[spread] p1a
|-activate|p1b: Garchomp|move: Protect
|-supereffective|p1a: Tyranitar|1
|-damage|p1a: Tyranitar|38/100
|-enditem|p1a: Tyranitar|Sitrus Berry|[eat]
|-heal|p1a: Tyranitar|63/100|[from] item: Sitrus Berry
|move|p2b: Kingambit|Kowtow Cleave|p1b: Garchomp
|-activate|p1b: Garchomp|move: Protect
|move|p1a: Tyranitar|Knock Off|p2a: Sylveon
|-resisted|p2a: Sylveon|1
|-damage|p2a: Sylveon|65/100
|-enditem|p2a: Sylveon|Fairy Feather|[from] move: Knock Off|[of] p1a: Tyranitar
|
|-weather|Sandstorm|[upkeep]
|-damage|p2a: Sylveon|59/100|[from] Sandstorm
|upkeep
|turn|8
|inactive|Combicolombi has 30 seconds left.
|
|t:|1785484264
|switch|p1b: Heliolisk|Heliolisk, L50, F|100/100
|move|p2a: Sylveon|Hyper Beam|p1b: Heliolisk
|-enditem|p1b: Heliolisk|Focus Sash
|-damage|p1b: Heliolisk|1/100
|-mustrecharge|p2a: Sylveon
|move|p2b: Kingambit|Low Kick|p1a: Tyranitar
|-supereffective|p1a: Tyranitar|2
|-crit|p1a: Tyranitar
|-damage|p1a: Tyranitar|0 fnt
|faint|p1a: Tyranitar
|
|-weather|Sandstorm|[upkeep]
|-damage|p2a: Sylveon|53/100|[from] Sandstorm
|-fieldend|move: Trick Room
|upkeep
|
|t:|1785484274
|switch|p1a: Garchomp|Garchomp-Mega, L50, M|100/100
|turn|9
|
|t:|1785484295
|move|p1b: Heliolisk|Protect|p1b: Heliolisk
|-singleturn|p1b: Heliolisk|Protect
|move|p2b: Kingambit|Sucker Punch||[still]
|-fail|p2b: Kingambit
|move|p1a: Garchomp|Earthquake|p2a: Sylveon|[spread] p2a,p2b
|-activate|p1b: Heliolisk|move: Protect
|-supereffective|p2b: Kingambit|1
|-damage|p2a: Sylveon|0 fnt
|-damage|p2b: Kingambit|0 fnt
|faint|p2a: Sylveon
|faint|p2b: Kingambit
|
|-weather|Sandstorm|[upkeep]
|upkeep
|
|t:|1785484298
|switch|p2b: Aerodactyl|Aerodactyl-Mega, L50, F|51/100
|turn|10
|
|t:|1785484312
|move|p2b: Aerodactyl|Rock Slide|p1b: Heliolisk|[spread] p1a,p1b
|-resisted|p1a: Garchomp|1
|-damage|p1a: Garchomp|87/100
|-damage|p1b: Heliolisk|0 fnt
|faint|p1b: Heliolisk
|move|p1a: Garchomp|Rock Slide|p2b: Aerodactyl
|-supereffective|p2b: Aerodactyl|1
|-damage|p2b: Aerodactyl|0 fnt
|faint|p2b: Aerodactyl
|
|win|hkings234
||hkings234 is ready for game 2.
|inactive|Combicolombi has 30 seconds to confirm battle start!
|l|☆Combicolombi
|player|p2|
