|j|☆luckycricket0326
|j|☆ttsui234
|html|luckycricket0326ttsui234    
|uhtml|bestof|Game 1 of a best-of-3
|t:|1786116614
|gametype|doubles
|player|p1|luckycricket0326|169|
|player|p2|ttsui234|265|
|gen|9
|tier|[Gen 9 Champions] VGC 2026 Reg M-B (Bo3)
|rule|Species Clause: Limit one of each Pokémon
|rule|Item Clause: Limit 1 of each item
|clearpoke
|poke|p1|Raichu, L50, M|
|poke|p1|Sinistcha, L50|
|poke|p1|Incineroar, L50, M|
|poke|p1|Sylveon, L50, F|
|poke|p1|Hydreigon, L50, F, shiny|
|poke|p1|Metagross, L50|
|poke|p2|Raichu, L50, F|
|poke|p2|Staraptor, L50, F|
|poke|p2|Arcanine-Hisui, L50, M|
|poke|p2|Farigiraf, L50, M|
|poke|p2|Sylveon, L50, F|
|poke|p2|Kingambit, L50, M|
|teampreview|4
|showteam|p1|Raichu||RaichuniteY|LightningRod|FakeOut,ZapCannon,FocusBlast,Protect|Timid||M|||50|]Sinistcha||SitrusBerry|Hospitality|MatchaGotcha,RagePowder,TrickRoom,Protect|Bold|||||50|]Incineroar||ShucaBerry|Intimidate|FlareBlitz,DarkestLariat,PartingShot,FakeOut|Careful||M|||50|]Sylveon||LifeOrb|Pixilate|HyperVoice,HyperBeam,CalmMind,Protect|Modest||F|||50|]Hydreigon||ChoiceScarf|Levitate|DracoMeteor,DarkPulse,EarthPower,Snarl|Modest||F|||50|]Metagross||Metagrossite|ClearBody|HardPress,BodyPress,PsychicFangs,Protect|Adamant|||||50|
|showteam|p2|Raichu||RaichuniteY|LightningRod|ZapCannon,FocusBlast,FakeOut,Protect|Timid||F|||50|]Staraptor||Staraptite|Intimidate|CloseCombat,DualWingbeat,Tailwind,Protect|Jolly||F|||50|]Arcanine-Hisui||FocusSash|RockHead|FlareBlitz,HeadSmash,ExtremeSpeed,Protect|Jolly||M|||50|]Farigiraf||SitrusBerry|ArmorTail|Psychic,HelpingHand,TrickRoom,Protect|Calm||M|||50|]Sylveon||FairyFeather|Pixilate|HyperVoice,QuickAttack,HyperBeam,Detect|Modest||F|||50|]Kingambit||LifeOrb|Defiant|KowtowCleave,SuckerPunch,SwordsDance,Protect|Adamant||M|||50|
|j| Onion2731
|l|☆ttsui234
|player|p2|
|j|☆ttsui234
|player|p2|ttsui234|265|
|j| Iroha Sakayori
|inactive|Battle timer is ON: inactive players will automatically lose when time's up. (requested by luckycricket0326)
|inactive|ttsui234 has 60 seconds left.
|j| Sjy3310
|j| TaiwanNephrologist
|inactive|ttsui234 has 30 seconds left.
|inactive|ttsui234 has 20 seconds left.
|inactive|ttsui234 has 15 seconds left.
|inactive|ttsui234 has 10 seconds left.
|
|t:|1786116748
|teamsize|p1|4
|teamsize|p2|4
|start
|switch|p1a: Raichu|Raichu, L50, M|100/100
|switch|p1b: Sylveon|Sylveon, L50, F|100/100
|switch|p2a: Raichu|Raichu, L50, F|100/100
|switch|p2b: Arcanine|Arcanine-Hisui, L50, M|100/100
|turn|1
|inactive|luckycricket0326 has 30 seconds left.
|inactive|ttsui234 has 30 seconds left.
|inactive|luckycricket0326 has 20 seconds left.
|inactive|luckycricket0326 has 15 seconds left.
|
|t:|1786116793
|move|p2a: Raichu|Protect|p2a: Raichu
|-singleturn|p2a: Raichu|Protect
|move|p2b: Arcanine|Protect|p2b: Arcanine
|-singleturn|p2b: Arcanine|Protect
|move|p1a: Raichu|Zap Cannon|p2a: Raichu
|-activate|p2a: Raichu|ability: Lightning Rod
|-activate|p2a: Raichu|move: Protect
|move|p1b: Sylveon|Calm Mind|p1b: Sylveon
|-boost|p1b: Sylveon|spa|1
|-boost|p1b: Sylveon|spd|1
|
|upkeep
|turn|2
|inactive|luckycricket0326 has 30 seconds left.
|inactive|ttsui234 has 30 seconds left.
|inactive|luckycricket0326 has 20 seconds left.
|inactive|ttsui234 has 20 seconds left.
|inactive|luckycricket0326 has 15 seconds left.
|inactive|ttsui234 has 15 seconds left.
|
|t:|1786116839
|switch|p1a: Sinistcha|Sinistcha, L50|100/100
|move|p1b: Sylveon|Protect|p1b: Sylveon
|-singleturn|p1b: Sylveon|Protect
|move|p2a: Raichu|Focus Blast|p1a: Sinistcha
|-immune|p1a: Sinistcha
|move|p2b: Arcanine|Flare Blitz|p1a: Sinistcha
|-supereffective|p1a: Sinistcha|1
|-damage|p1a: Sinistcha|11/100
|-enditem|p1a: Sinistcha|Sitrus Berry|[eat]
|-heal|p1a: Sinistcha|35/100|[from] item: Sitrus Berry
|
|upkeep
|turn|3
|j| HEDGEHOGMEOW
|inactive|ttsui234 has 30 seconds left.
|inactive|ttsui234 has 20 seconds left.
|inactive|ttsui234 has 15 seconds left.
|
|t:|1786116880
|move|p2a: Raichu|Protect|p2a: Raichu
|-singleturn|p2a: Raichu|Protect
|move|p1a: Sinistcha|Rage Powder|p1a: Sinistcha
|-singleturn|p1a: Sinistcha|move: Rage Powder
|move|p2b: Arcanine|Flare Blitz|p1a: Sinistcha
|-supereffective|p1a: Sinistcha|1
|-crit|p1a: Sinistcha
|-damage|p1a: Sinistcha|0 fnt
|faint|p1a: Sinistcha
|move|p1b: Sylveon|Hyper Voice|p2a: Raichu|[spread] p2b
|-activate|p2a: Raichu|move: Protect
|-resisted|p2b: Arcanine|1
|-damage|p2b: Arcanine|54/100
|-damage|p1b: Sylveon|90/100|[from] item: Life Orb
|
|upkeep
|
|t:|1786116892
|switch|p1a: Hydreigon|Hydreigon, L50, F, shiny|100/100
|turn|4
|inactive|luckycricket0326 has 30 seconds left.
|inactive|ttsui234 has 30 seconds left.
|
|t:|1786116924
|detailschange|p2a: Raichu|Raichu-Mega-Y, L50, F
|-mega|p2a: Raichu|Raichu|Raichunite Y
|move|p2b: Arcanine|Protect|p2b: Arcanine
|-singleturn|p2b: Arcanine|Protect
|move|p1a: Hydreigon|Earth Power|p2b: Arcanine
|-activate|p2b: Arcanine|move: Protect
|move|p2a: Raichu|Zap Cannon|p1b: Sylveon
|-damage|p1b: Sylveon|62/100
|-status|p1b: Sylveon|par
|move|p1b: Sylveon|Hyper Voice|p2a: Raichu|[spread] p2a
|-activate|p2b: Arcanine|move: Protect
|-damage|p2a: Raichu|0 fnt
|faint|p2a: Raichu
|-damage|p1b: Sylveon|52/100 par|[from] item: Life Orb
|
|upkeep
|
|t:|1786116938
|switch|p2a: Sylveon|Sylveon, L50, F|100/100
|turn|5
|
|t:|1786116947
|switch|p2b: Farigiraf|Farigiraf, L50, M|100/100
|move|p1b: Sylveon|Protect|p1b: Sylveon
|-singleturn|p1b: Sylveon|Protect
|move|p1a: Hydreigon|Earth Power|p2b: Farigiraf
|-damage|p2b: Farigiraf|71/100
|move|p2a: Sylveon|Hyper Voice|p1a: Hydreigon|[spread] p1a
|-activate|p1b: Sylveon|move: Protect
|-supereffective|p1a: Hydreigon|2
|-damage|p1a: Hydreigon|0 fnt
|faint|p1a: Hydreigon
|
|upkeep
|
|t:|1786116958
|switch|p1a: Raichu|Raichu, L50, M|100/100
|turn|6
|l| HEDGEHOGMEOW
|inactive|ttsui234 has 30 seconds left.
|inactive|ttsui234 has 20 seconds left.
|
|t:|1786116995
|detailschange|p1a: Raichu|Raichu-Mega-Y, L50, M
|-mega|p1a: Raichu|Raichu|Raichunite Y
|move|p2b: Farigiraf|Helping Hand|p2a: Sylveon
|-singleturn|p2a: Sylveon|Helping Hand|[of] p2b: Farigiraf
|move|p1a: Raichu|Zap Cannon|p2a: Sylveon
|-damage|p2a: Sylveon|50/100g
|-status|p2a: Sylveon|par
|move|p1b: Sylveon|Hyper Voice|p2a: Sylveon|[spread] p2a,p2b
|-damage|p2a: Sylveon|0 fnt
|-damage|p2b: Farigiraf|10/100
|-enditem|p2b: Farigiraf|Sitrus Berry|[eat]
|-heal|p2b: Farigiraf|35/100|[from] item: Sitrus Berry
|faint|p2a: Sylveon
|-damage|p1b: Sylveon|42/100 par|[from] item: Life Orb
|
|upkeep
|
|t:|1786117011
|switch|p2a: Arcanine|Arcanine-Hisui, L50, M|54/100
|turn|7
|inactive|ttsui234 has 30 seconds left.
|
|t:|1786117041
|move|p2b: Farigiraf|Helping Hand|p2a: Arcanine
|-singleturn|p2a: Arcanine|Helping Hand|[of] p2b: Farigiraf
|move|p2a: Arcanine|Extreme Speed|p1a: Raichu
|-damage|p1a: Raichu|46/100
|move|p1a: Raichu|Focus Blast|p2a: Arcanine
|-supereffective|p2a: Arcanine|1
|-damage|p2a: Arcanine|0 fnt
|faint|p2a: Arcanine
|move|p1b: Sylveon|Hyper Voice|p2b: Farigiraf
|-damage|p2b: Farigiraf|0 fnt
|faint|p2b: Farigiraf
|-damage|p1b: Sylveon|32/100 par|[from] item: Life Orb
|
|win|luckycricket0326
||ttsui234 is ready for game 2.
|inactive|luckycricket0326 has 30 seconds to confirm battle start!
|j| HEDGEHOGMEOW
|inactive|luckycricket0326 has 20 seconds to confirm battle start!
||luckycricket0326 is ready for game 2.
|uhtml|next|Next: Game 2 of 3
|l| HEDGEHOGMEOW
|l| TaiwanNephrologist
|l|☆luckycricket0326
|player|p1|
|l| Onion2731
