|j|☆iloveships
|j|☆SupBr014
|html|iloveshipsSupBr014    
|uhtml|bestof|Game 2 of a best-of-3
|t:|1785453011
|gametype|doubles
|player|p1|iloveships|emmet|1152
|player|p2|SupBr014|lucas|1065
|gen|9
|tier|[Gen 9 Champions] VGC 2026 Reg M-B (Bo3)
|rated|
|rule|Species Clause: Limit one of each Pokémon
|rule|Item Clause: Limit 1 of each item
|clearpoke
|poke|p1|Sinistcha, L50|
|poke|p1|Milotic, L50, M|
|poke|p1|Incineroar, L50, M|
|poke|p1|Raichu, L50, M|
|poke|p1|Mimikyu, L50, M|
|poke|p1|Ninetales-Alola, L50, M|
|poke|p2|Sneasler, L50, F|
|poke|p2|Meowscarada, L50, M|
|poke|p2|Araquanid, L50, M|
|poke|p2|Venusaur, L50, M|
|poke|p2|Garchomp, L50, F|
|poke|p2|Pelipper, L50, M|
|teampreview|4
|showteam|p1|Sinistcha||KasibBerry|Hospitality|LifeDew,MatchaGotcha,RagePowder,Hex|Calm|||||50|]Milotic||Leftovers|Competitive|MuddyWater,Hypnosis,Coil,Recover|Calm||M|||50|]Incineroar||SitrusBerry|Intimidate|FakeOut,PartingShot,DarkestLariat,FlareBlitz|Adamant||M|||50|]Raichu||RaichuniteY|LightningRod|ZapCannon,FocusBlast,FakeOut,Protect|Timid||M|||50|]Mimikyu||LifeOrb|Disguise|PlayRough,ShadowSneak,Protect,SwordsDance|Adamant||M|||50|]Ninetales-Alola||FocusSash|SnowWarning|Blizzard,FreezeDry,Protect,Encore|Timid||M|||50|
|showteam|p2|Sneasler||WhiteHerb|Unburden|CloseCombat,FakeOut,Protect,DireClaw|Adamant||F|||50|]Meowscarada||FocusSash|Overgrow|SuckerPunch,FlowerTrick,TripleAxel,Protect|Jolly||M|||50|]Araquanid||Leftovers|WaterBubble|Liquidation,LeechLife,Protect,WideGuard|Brave||M|||50|]Venusaur||Venusaurite|Chlorophyll|SleepPowder,SludgeBomb,Protect,GigaDrain|Modest||M|||50|]Garchomp||LifeOrb|RoughSkin|RockSlide,DragonClaw,Earthquake,Protect|Jolly||F|||50|]Pelipper||SitrusBerry|Drizzle|Tailwind,Protect,Hurricane,WeatherBall|Quiet||M|||50|
|inactive|Battle timer is ON: inactive players will automatically lose when time's up. (requested by iloveships)
|inactive|iloveships has 60 seconds left.
|
|t:|1785453046
|teamsize|p1|4
|teamsize|p2|4
|start
|switch|p1a: Incineroar|Incineroar, L50, M|100/100
|switch|p1b: Mimikyu|Mimikyu, L50, M|100/100
|switch|p2a: Sneasler|Sneasler, L50, F|100/100
|switch|p2b: Garchomp|Garchomp, L50, F|100/100
|-ability|p1a: Incineroar|Intimidate|boost
|-unboost|p2a: Sneasler|atk|1
|-unboost|p2b: Garchomp|atk|1
|-enditem|p2a: Sneasler|White Herb
|-clearnegativeboost|p2a: Sneasler|[silent]
|turn|1
|inactive|iloveships has 30 seconds left.
|
|t:|1785453079
|switch|p1a: Ninetales|Ninetales-Alola, L50, M|100/100
|-weather|Snowscape|[from] ability: Snow Warning|[of] p1a: Ninetales
|move|p2a: Sneasler|Fake Out|p1a: Ninetales
|-damage|p1a: Ninetales|84/100
|move|p2b: Garchomp|Rock Slide|p1a: Ninetales|[spread] p1b
|-miss|p2b: Garchomp|p1a: Ninetales
|-activate|p1b: Mimikyu|ability: Disguise
|-damage|p1b: Mimikyu|100/100
|detailschange|p1b: Mimikyu|Mimikyu-Busted, L50, M
|-damage|p1b: Mimikyu|87/100|[from] pokemon: Mimikyu-Busted
|-damage|p2b: Garchomp|90/100|[from] item: Life Orb
|move|p1b: Mimikyu|Play Rough|p2b: Garchomp
|-supereffective|p2b: Garchomp|1
|-damage|p2b: Garchomp|0 fnt
|-damage|p1b: Mimikyu|75/100|[from] ability: Rough Skin|[of] p2b: Garchomp
|faint|p2b: Garchomp
|-damage|p1b: Mimikyu|66/100|[from] item: Life Orb
|
|-weather|Snowscape|[upkeep]
|upkeep
|
|t:|1785453095
|switch|p2b: Venusaur|Venusaur, L50, M|100/100
|turn|2
|inactive|SupBr014 has 30 seconds left.
|
|t:|1785453123
|switch|p1b: Incineroar|Incineroar, L50, M|100/100
|-ability|p1b: Incineroar|Intimidate|boost
|-unboost|p2a: Sneasler|atk|1
|-unboost|p2b: Venusaur|atk|1
|detailschange|p2b: Venusaur|Venusaur-Mega, L50, M
|-mega|p2b: Venusaur|Venusaur|Venusaurite
|move|p2a: Sneasler|Dire Claw|p1a: Ninetales
|-supereffective|p1a: Ninetales|1
|-damage|p1a: Ninetales|24/100
|move|p1a: Ninetales|Blizzard|p2b: Venusaur|[spread] p2a,p2b
|-supereffective|p2b: Venusaur|1
|-damage|p2a: Sneasler|56/100
|-damage|p2b: Venusaur|70/100
|move|p2b: Venusaur|Sludge Bomb|p1b: Incineroar
|-damage|p1b: Incineroar|57/100
|-status|p1b: Incineroar|psn
|
|-weather|Snowscape|[upkeep]
|-damage|p1b: Incineroar|45/100 psn|[from] psn
|upkeep
|-enditem|p1b: Incineroar|Sitrus Berry|[eat]
|-heal|p1b: Incineroar|70/100 psn|[from] item: Sitrus Berry
|turn|3
|inactive|iloveships has 30 seconds left.
|inactive|SupBr014 has 30 seconds left.
|inactive|iloveships has 20 seconds left.
|inactive|SupBr014 has 20 seconds left.
|inactive|iloveships has 15 seconds left.
|
|t:|1785453164
|move|p2b: Venusaur|Protect|p2b: Venusaur
|-singleturn|p2b: Venusaur|Protect
|move|p1b: Incineroar|Fake Out|p2a: Sneasler
|-damage|p2a: Sneasler|33/100
|cant|p2a: Sneasler|flinch
|move|p1a: Ninetales|Blizzard|p2a: Sneasler|[spread] p2a
|-activate|p2b: Venusaur|move: Protect
|-damage|p2a: Sneasler|0 fnt
|faint|p2a: Sneasler
|
|-weather|Snowscape|[upkeep]
|-damage|p1b: Incineroar|57/100 psn|[from] psn
|upkeep
|
|t:|1785453170
|switch|p2a: Araquanid|Araquanid, L50, M|100/100
|turn|4
|
|t:|1785453192
|move|p2a: Araquanid|Wide Guard|p2a: Araquanid
|-singleturn|p2a: Araquanid|Wide Guard
|move|p1a: Ninetales|Encore|p2b: Venusaur
|-start|p2b: Venusaur|Encore
|move|p2b: Venusaur|Protect|p2b: Venusaur
|-singleturn|p2b: Venusaur|Protect
|move|p1b: Incineroar|Parting Shot|p2a: Araquanid
|-unboost|p2a: Araquanid|atk|1
|-unboost|p2a: Araquanid|spa|1
|
|t:|1785453207
|switch|p1b: Raichu|Raichu, L50, M|100/100|[from] Parting Shot
|
|-weather|Snowscape|[upkeep]
|upkeep
|turn|5
|-message|SupBr014 forfeited.
|raw|iloveships's rating: 1152 → 1171(+19 for winning)
|raw|SupBr014's rating: 1065 → 1050(-15 for losing)
|
|win|iloveships
