|j|☆CoolHand124
|j|☆GS Barnabe
|html|CoolHand124GS Barnabe    
|uhtml|bestof|Game 2 of a best-of-3
|t:|1785937014
|gametype|doubles
|player|p1|CoolHand124|265|1000
|player|p2|GS Barnabe|1|1111
|gen|9
|tier|[Gen 9 Champions] VGC 2026 Reg M-B (Bo3)
|rated|
|rule|Species Clause: Limit one of each Pokémon
|rule|Item Clause: Limit 1 of each item
|clearpoke
|poke|p1|Heliolisk, L50, F|
|poke|p1|Sylveon, L50, M|
|poke|p1|Garchomp, L50, F|
|poke|p1|Milotic, L50, M|
|poke|p1|Charizard, L50, F|
|poke|p1|Whimsicott, L50, M|
|poke|p2|Clefable, L50, M|
|poke|p2|Tyranitar, L50, F|
|poke|p2|Garchomp, L50, F|
|poke|p2|Gholdengo, L50|
|poke|p2|Rotom-Wash, L50|
|poke|p2|Aerodactyl, L50, M|
|teampreview|4
|showteam|p1|Heliolisk||Leftovers|SolarPower|WeatherBall,Thunderbolt,GrassKnot,Protect|Timid||F|||50|]Sylveon||SitrusBerry|Pixilate|HyperBeam,HyperVoice,Protect,ShadowBall|Bold||M|||50|]Garchomp||LifeOrb|RoughSkin|Earthquake,DragonClaw,RockSlide,Protect|Jolly||F|||50|]Milotic||MysticWater|MarvelScale|Protect,RainDance,ChillingWater,IceBeam|Timid||M|||50|]Charizard||CharizarditeY|Blaze|HeatWave,Protect,WeatherBall,AirSlash|Serious||F|||50|]Whimsicott||FocusSash|Chlorophyll|Taunt,Tailwind,DazzlingGleam,SolarBeam|Serious||M|||50|
|showteam|p2|Clefable||SitrusBerry|Unaware|Moonblast,FollowMe,HealPulse,Protect|Bold||M|||50|]Tyranitar||ChoiceScarf|SandStream|RockSlide,KnockOff,IcePunch,Superpower|Jolly||F|||50|]Garchomp||Garchompite|SandVeil|DracoMeteor,EarthPower,PowerGem,Protect|Modest||F|||50|]Gholdengo||LifeOrb|GoodasGold|MakeItRain,ShadowBall,NastyPlot,Protect|Modest|||||50|]Rotom-Wash||Leftovers|Levitate|HydroPump,VoltSwitch,WillOWisp,Protect|Calm|||||50|]Aerodactyl||Aerodactylite|RockHead|RockSlide,DualWingbeat,Tailwind,Protect|Jolly||M|||50|
|
|t:|1785937043
|teamsize|p1|4
|teamsize|p2|4
|start
|switch|p1a: Garchomp|Garchomp, L50, F|100/100
|switch|p1b: Sylveon|Sylveon, L50, M|100/100
|switch|p2a: Garchomp|Garchomp, L50, F|100/100
|switch|p2b: Gholdengo|Gholdengo, L50|100/100
|turn|1
|
|t:|1785937075
|move|p2a: Garchomp|Protect|p2a: Garchomp
|-singleturn|p2a: Garchomp|Protect
|move|p2b: Gholdengo|Protect|p2b: Gholdengo
|-singleturn|p2b: Gholdengo|Protect
|move|p1a: Garchomp|Dragon Claw|p2a: Garchomp
|-activate|p2a: Garchomp|move: Protect
|move|p1b: Sylveon|Shadow Ball|p2b: Gholdengo
|-activate|p2b: Gholdengo|move: Protect
|
|upkeep
|turn|2
|
|t:|1785937100
|detailschange|p2a: Garchomp|Garchomp-Mega, L50, F
|-mega|p2a: Garchomp|Garchomp|Garchompite
|move|p1b: Sylveon|Protect|p1b: Sylveon
|-singleturn|p1b: Sylveon|Protect
|move|p1a: Garchomp|Dragon Claw|p2a: Garchomp
|-supereffective|p2a: Garchomp|1
|-damage|p2a: Garchomp|10/100
|-damage|p1a: Garchomp|90/100|[from] item: Life Orb
|move|p2a: Garchomp|Draco Meteor|p1a: Garchomp
|-supereffective|p1a: Garchomp|1
|-damage|p1a: Garchomp|0 fnt
|-unboost|p2a: Garchomp|spa|2
|faint|p1a: Garchomp
|move|p2b: Gholdengo|Make It Rain|p1b: Sylveon
|-activate|p1b: Sylveon|move: Protect
|
|upkeep
|
|t:|1785937122
|switch|p1a: Charizard|Charizard, L50, F|100/100
|turn|3
|
|t:|1785937149
|move|p2a: Garchomp|Protect|p2a: Garchomp
|-singleturn|p2a: Garchomp|Protect
|move|p2b: Gholdengo|Protect|p2b: Gholdengo
|-singleturn|p2b: Gholdengo|Protect
|move|p1a: Charizard|Heat Wave|p2b: Gholdengo|[spread] 
|-activate|p2a: Garchomp|move: Protect
|-activate|p2b: Gholdengo|move: Protect
|move|p1b: Sylveon|Hyper Voice|p2a: Garchomp|[spread] 
|-activate|p2a: Garchomp|move: Protect
|-activate|p2b: Gholdengo|move: Protect
|
|upkeep
|turn|4
|
|t:|1785937178
|switch|p2a: Rotom|Rotom-Wash, L50|100/100
|detailschange|p1a: Charizard|Charizard-Mega-Y, L50, F
|-mega|p1a: Charizard|Charizard|Charizardite Y
|-weather|SunnyDay|[from] ability: Drought|[of] p1a: Charizard
|move|p1b: Sylveon|Protect|p1b: Sylveon
|-singleturn|p1b: Sylveon|Protect
|move|p1a: Charizard|Heat Wave|p2b: Gholdengo|[spread] p2a,p2b
|-resisted|p2a: Rotom|1
|-supereffective|p2b: Gholdengo|1
|-damage|p2a: Rotom|74/100
|-damage|p2b: Gholdengo|0 fnt
|faint|p2b: Gholdengo
|
|-weather|SunnyDay|[upkeep]
|-heal|p2a: Rotom|80/100|[from] item: Leftovers
|upkeep
|
|t:|1785937192
|switch|p2b: Tyranitar|Tyranitar, L50, F|100/100
|-weather|Sandstorm|[from] ability: Sand Stream|[of] p2b: Tyranitar
|turn|5
|
|t:|1785937208
|move|p1a: Charizard|Protect|p1a: Charizard
|-singleturn|p1a: Charizard|Protect
|move|p2b: Tyranitar|Rock Slide|p1b: Sylveon|[spread] p1b
|-activate|p1a: Charizard|move: Protect
|-damage|p1b: Sylveon|74/100
|move|p2a: Rotom|Hydro Pump|p1b: Sylveon
|-damage|p1b: Sylveon|47/100
|-enditem|p1b: Sylveon|Sitrus Berry|[eat]
|-heal|p1b: Sylveon|72/100|[from] item: Sitrus Berry
|move|p1b: Sylveon|Hyper Beam|p2b: Tyranitar
|-supereffective|p2b: Tyranitar|1
|-damage|p2b: Tyranitar|10/100
|-mustrecharge|p1b: Sylveon
|
|-weather|Sandstorm|[upkeep]
|-damage|p2a: Rotom|74/100|[from] Sandstorm
|-damage|p1a: Charizard|94/100|[from] Sandstorm
|-damage|p1b: Sylveon|66/100|[from] Sandstorm
|-heal|p2a: Rotom|80/100|[from] item: Leftovers
|upkeep
|turn|6
|
|t:|1785937233
|switch|p1a: Heliolisk|Heliolisk, L50, F|100/100
|move|p2b: Tyranitar|Rock Slide|p1b: Sylveon|[spread] p1a,p1b
|-damage|p1a: Heliolisk|34/100
|-damage|p1b: Sylveon|40/100
|move|p2a: Rotom|Hydro Pump|p1b: Sylveon
|-damage|p1b: Sylveon|13/100
|cant|p1b: Sylveon|recharge
|
|-weather|Sandstorm|[upkeep]
|-damage|p1a: Heliolisk|28/100|[from] Sandstorm
|-damage|p2a: Rotom|74/100|[from] Sandstorm
|-damage|p1b: Sylveon|7/100|[from] Sandstorm
|-heal|p1a: Heliolisk|34/100|[from] item: Leftovers
|-heal|p2a: Rotom|80/100|[from] item: Leftovers
|upkeep
|turn|7
|
|t:|1785937287
|move|p1a: Heliolisk|Protect|p1a: Heliolisk
|-singleturn|p1a: Heliolisk|Protect
|move|p2b: Tyranitar|Rock Slide|p1a: Heliolisk|[spread] p1b
|-activate|p1a: Heliolisk|move: Protect
|-damage|p1b: Sylveon|0 fnt
|faint|p1b: Sylveon
|move|p2a: Rotom|Volt Switch|p1a: Heliolisk
|-activate|p1a: Heliolisk|move: Protect
|
|-weather|Sandstorm|[upkeep]
|-damage|p1a: Heliolisk|28/100|[from] Sandstorm
|-damage|p2a: Rotom|74/100|[from] Sandstorm
|-heal|p1a: Heliolisk|34/100|[from] item: Leftovers
|-heal|p2a: Rotom|80/100|[from] item: Leftovers
|upkeep
|
|t:|1785937300
|switch|p1b: Charizard|Charizard-Mega-Y, L50, F|94/100
|-weather|SunnyDay|[from] ability: Drought|[of] p1b: Charizard
|turn|8
|
|t:|1785937315
|switch|p2b: Garchomp|Garchomp-Mega, L50, F|10/100
|move|p2a: Rotom|Protect|p2a: Rotom
|-singleturn|p2a: Rotom|Protect
|move|p1a: Heliolisk|Thunderbolt|p2a: Rotom
|-activate|p2a: Rotom|move: Protect
|move|p1b: Charizard|Heat Wave|p2a: Rotom|[spread] p2b
|-activate|p2a: Rotom|move: Protect
|-resisted|p2b: Garchomp|1
|-damage|p2b: Garchomp|0 fnt
|faint|p2b: Garchomp
|
|-weather|SunnyDay|[upkeep]
|-damage|p1a: Heliolisk|22/100|[from] ability: Solar Power|[of] p1a: Heliolisk
|-heal|p1a: Heliolisk|28/100|[from] item: Leftovers
|-heal|p2a: Rotom|85/100|[from] item: Leftovers
|upkeep
|
|t:|1785937333
|switch|p2b: Tyranitar|Tyranitar, L50, F|10/100
|-weather|Sandstorm|[from] ability: Sand Stream|[of] p2b: Tyranitar
|turn|9
|
|t:|1785937353
|move|p1b: Charizard|Protect|p1b: Charizard
|-singleturn|p1b: Charizard|Protect
|move|p2b: Tyranitar|Rock Slide|p1a: Heliolisk|[spread] p1a
|-activate|p1b: Charizard|move: Protect
|-damage|p1a: Heliolisk|0 fnt
|faint|p1a: Heliolisk
|move|p2a: Rotom|Hydro Pump|p1b: Charizard
|-activate|p1b: Charizard|move: Protect
|
|-weather|Sandstorm|[upkeep]
|-damage|p2a: Rotom|80/100|[from] Sandstorm
|-damage|p1b: Charizard|88/100|[from] Sandstorm
|-heal|p2a: Rotom|85/100|[from] item: Leftovers
|upkeep
|turn|10
|
|t:|1785937362
|move|p2b: Tyranitar|Rock Slide|p1b: Charizard
|-supereffective|p1b: Charizard|2
|-damage|p1b: Charizard|0 fnt
|faint|p1b: Charizard
|
|win|GS Barnabe
|raw|CoolHand124's rating: 1000 → 1000(+0 for losing)
|raw|GS Barnabe's rating: 1111 → 1128(+17 for winning)
|l|☆CoolHand124
|player|p1|
