|j|☆lettitripppp
|j|☆Timothim Chalombre
|html|lettitrippppTimothim Chalombre    
|uhtml|bestof|Game 2 of a best-of-3
|t:|1783735370
|gametype|doubles
|player|p1|lettitripppp|lucas|1234
|player|p2|Timothim Chalombre|caitlin|1182
|gen|9
|tier|[Gen 9 Champions] VGC 2026 Reg M-B (Bo3)
|rated|
|rule|Species Clause: Limit one of each Pokémon
|rule|Item Clause: Limit 1 of each item
|clearpoke
|poke|p1|Blastoise, L50, F|
|poke|p1|Delphox, L50, M|
|poke|p1|Incineroar, L50, M|
|poke|p1|Sinistcha, L50, shiny|
|poke|p1|Sneasler, L50, F, shiny|
|poke|p1|Kingambit, L50, M, shiny|
|poke|p2|Basculegion, L50, M|
|poke|p2|Ceruledge, L50, M|
|poke|p2|Froslass, L50, F|
|poke|p2|Corviknight, L50, M|
|poke|p2|Sneasler, L50, M|
|poke|p2|Tsareena, L50, F|
|teampreview|4
|showteam|p1|Blastoise||Blastoisinite|RainDish|WaterSpout,ShellSmash,DarkPulse,Protect|Modest||F|||50|]Delphox||Delphoxite|Blaze|HeatWave,NastyPlot,Psyshock,Protect|Timid||M|||50|]Incineroar||PasshoBerry|Intimidate|HelpingHand,PartingShot,FlareBlitz,FakeOut|Careful||M|||50|]Sinistcha||SitrusBerry|Hospitality|MatchaGotcha,RagePowder,TrickRoom,Protect|Bold|||||50|]Sneasler||FocusSash|PoisonTouch|CloseCombat,QuickGuard,DireClaw,FakeOut|Jolly||F|||50|]Kingambit||BlackGlasses|Defiant|KowtowCleave,SwordsDance,SuckerPunch,Protect|Adamant||M|||50|
|showteam|p2|Basculegion||ChoiceScarf|Adaptability|WaveCrash,LastRespects,AquaJet,FlipTurn|Jolly||M|||50|]Ceruledge||ColburBerry|FlashFire|BitterBlade,ShadowSneak,SwordsDance,Protect|Adamant||M|||50|]Froslass||Froslassite|CursedBody|Blizzard,ShadowBall,AuroraVeil,Protect|Modest||F|||50|]Corviknight||Leftovers|MirrorArmor|Tailwind,Roost,BraveBird,Protect|Adamant||M|||50|]Sneasler||WhiteHerb|Unburden|FakeOut,CloseCombat,DireClaw,Protect|Jolly||M|||50|]Tsareena||SitrusBerry|QueenlyMajesty|TropKick,LowKick,Protect,Taunt|Adamant||F|||50|
|inactive|Battle timer is ON: inactive players will automatically lose when time's up. (requested by lettitripppp)
|inactive|lettitripppp has 60 seconds left.
|inactive|Timothim Chalombre has 60 seconds left.
|
|t:|1783735416
|teamsize|p1|4
|teamsize|p2|4
|start
|switch|p1a: LET IT RAIN BIH|Blastoise, L50, F|100/100
|switch|p1b: AOI TODO|Incineroar, L50, M|100/100
|switch|p2a: Basculegion|Basculegion, L50, M|100/100
|switch|p2b: Froslass|Froslass, L50, F|100/100
|-ability|p1b: AOI TODO|Intimidate|boost
|-unboost|p2a: Basculegion|atk|1
|-unboost|p2b: Froslass|atk|1
|turn|1
|inactive|lettitripppp has 30 seconds left.
|inactive|lettitripppp has 20 seconds left.
|inactive|lettitripppp has 15 seconds left.
|inactive|lettitripppp has 10 seconds left.
|
|t:|1783735463
|switch|p1a: GENERAL BLADUS|Kingambit, L50, M, shiny|100/100
|detailschange|p2b: Froslass|Froslass-Mega, L50, F
|-mega|p2b: Froslass|Froslass|Froslassite
|-weather|Snowscape|[from] ability: Snow Warning|[of] p2b: Froslass
|move|p2a: Basculegion|Wave Crash|p1b: AOI TODO
|-supereffective|p1b: AOI TODO|1
|-enditem|p1b: AOI TODO|Passho Berry|[eat]
|-enditem|p1b: AOI TODO|Passho Berry|[weaken]
|-damage|p1b: AOI TODO|58/100
|-damage|p2a: Basculegion|85/100|[from] Recoil
|move|p2b: Froslass|Aurora Veil|p2b: Froslass
|-sidestart|p2: Timothim Chalombre|move: Aurora Veil
|move|p1b: AOI TODO|Parting Shot|p2a: Basculegion
|-unboost|p2a: Basculegion|atk|1
|-unboost|p2a: Basculegion|spa|1
|
|t:|1783735478
|switch|p1b: LET IT RAIN BIH|Blastoise, L50, F|100/100|[from] Parting Shot
|
|-weather|Snowscape|[upkeep]
|upkeep
|turn|2
|
|t:|1783735497
|switch|p2a: Tsareena|Tsareena, L50, F|100/100
|switch|p1b: AOI TODO|Incineroar, L50, M|58/100
|-ability|p1b: AOI TODO|Intimidate|boost
|-unboost|p2a: Tsareena|atk|1
|-unboost|p2b: Froslass|atk|1
|move|p2b: Froslass|Shadow Ball|p1b: AOI TODO
|-resisted|p1b: AOI TODO|1
|-damage|p1b: AOI TODO|42/100
|move|p1a: GENERAL BLADUS|Swords Dance|p1a: GENERAL BLADUS
|-boost|p1a: GENERAL BLADUS|atk|2
|
|-weather|Snowscape|[upkeep]
|upkeep
|turn|3
|
|t:|1783735520
|switch|p2a: Ceruledge|Ceruledge, L50, M|100/100
|move|p2b: Froslass|Protect|p2b: Froslass
|-singleturn|p2b: Froslass|Protect
|move|p1b: AOI TODO|Flare Blitz|p2a: Ceruledge
|-start|p2a: Ceruledge|ability: Flash Fire
|move|p1a: GENERAL BLADUS|Kowtow Cleave|p2b: Froslass
|-activate|p2b: Froslass|move: Protect
|
|-weather|Snowscape|[upkeep]
|upkeep
|turn|4
|
|t:|1783735533
|switch|p2b: Tsareena|Tsareena, L50, F|100/100
|move|p1a: GENERAL BLADUS|Protect|p1a: GENERAL BLADUS
|-singleturn|p1a: GENERAL BLADUS|Protect
|move|p2a: Ceruledge|Bitter Blade|p1a: GENERAL BLADUS
|-activate|p1a: GENERAL BLADUS|move: Protect
|move|p1b: AOI TODO|Parting Shot|p2a: Ceruledge
|-unboost|p2a: Ceruledge|atk|1
|-unboost|p2a: Ceruledge|spa|1
|
|t:|1783735543
|switch|p1b: ASKIN|Sneasler, L50, F, shiny|100/100|[from] Parting Shot
|
|-weather|Snowscape|[upkeep]
|upkeep
|turn|5
|
|t:|1783735559
|switch|p1a: AOI TODO|Incineroar, L50, M|42/100
|-ability|p1a: AOI TODO|Intimidate|boost
|-unboost|p2a: Ceruledge|atk|1
|-unboost|p2b: Tsareena|atk|1
|move|p1b: ASKIN|Dire Claw|p2b: Tsareena
|-supereffective|p2b: Tsareena|1
|-damage|p2b: Tsareena|47/100
|-enditem|p2b: Tsareena|Sitrus Berry|[eat]
|-heal|p2b: Tsareena|72/100|[from] item: Sitrus Berry
|move|p2a: Ceruledge|Bitter Blade|p1a: AOI TODO
|-resisted|p1a: AOI TODO|1
|-damage|p1a: AOI TODO|28/100
|move|p2b: Tsareena|Low Kick|p1a: AOI TODO
|-supereffective|p1a: AOI TODO|1
|-damage|p1a: AOI TODO|0 fnt
|faint|p1a: AOI TODO
|
|-weather|none
|-sideend|p2: Timothim Chalombre|move: Aurora Veil
|upkeep
|
|t:|1783735571
|switch|p1a: LET IT RAIN BIH|Blastoise, L50, F|100/100
|turn|6
|
|t:|1783735587
|-end|p2a: Ceruledge|ability: Flash Fire|[silent]
|switch|p2a: Froslass|Froslass-Mega, L50, F|100/100
|-weather|Snowscape|[from] ability: Snow Warning|[of] p2a: Froslass
|detailschange|p1a: LET IT RAIN BIH|Blastoise-Mega, L50, F
|-mega|p1a: LET IT RAIN BIH|Blastoise|Blastoisinite
|move|p1b: ASKIN|Dire Claw|p2b: Tsareena
|-supereffective|p2b: Tsareena|1
|-damage|p2b: Tsareena|0 fnt
|faint|p2b: Tsareena
|move|p1a: LET IT RAIN BIH|Shell Smash|p1a: LET IT RAIN BIH
|-unboost|p1a: LET IT RAIN BIH|def|1
|-unboost|p1a: LET IT RAIN BIH|spd|1
|-boost|p1a: LET IT RAIN BIH|atk|2
|-boost|p1a: LET IT RAIN BIH|spa|2
|-boost|p1a: LET IT RAIN BIH|spe|2
|
|-weather|Snowscape|[upkeep]
|upkeep
|
|t:|1783735594
|switch|p2b: Basculegion|Basculegion, L50, M|85/100
|turn|7
|
|t:|1783735605
|switch|p1b: GENERAL BLADUS|Kingambit, L50, M, shiny|100/100
|move|p1a: LET IT RAIN BIH|Protect|p1a: LET IT RAIN BIH
|-singleturn|p1a: LET IT RAIN BIH|Protect
|move|p2b: Basculegion|Last Respects|p1a: LET IT RAIN BIH
|-activate|p1a: LET IT RAIN BIH|move: Protect
|move|p2a: Froslass|Shadow Ball|p1a: LET IT RAIN BIH
|-activate|p1a: LET IT RAIN BIH|move: Protect
|
|-weather|Snowscape|[upkeep]
|upkeep
|turn|8
|
|t:|1783735627
|move|p1b: GENERAL BLADUS|Sucker Punch|p2b: Basculegion
|-supereffective|p2b: Basculegion|1
|-damage|p2b: Basculegion|0 fnt
|faint|p2b: Basculegion
|move|p1a: LET IT RAIN BIH|Dark Pulse|p2a: Froslass
|-supereffective|p2a: Froslass|1
|-damage|p2a: Froslass|0 fnt
|faint|p2a: Froslass
|
|-weather|Snowscape|[upkeep]
|upkeep
|-message|Timothim Chalombre forfeited.
|
|win|lettitripppp
