|j|☆Raucho
|j|☆Bandoboi
|html|RauchoBandoboi    
|uhtml|bestof|Game 2 of a best-of-3
|t:|1756706639
|gametype|doubles
|player|p1|Raucho|n|1218
|player|p2|Bandoboi|alder|1091
|gen|9
|tier|[Gen 9] VGC 2025 Reg H (Bo3)
|rated|
|rule|Species Clause: Limit one of each Pokémon
|rule|Item Clause: Limit 1 of each item
|clearpoke
|poke|p1|Gholdengo, L50|
|poke|p1|Dragonite, L50, F|
|poke|p1|Indeedee, L50, M|
|poke|p1|Sneasler, L50, F|
|poke|p1|Electabuzz, L50, F|
|poke|p1|Ursaluna-Bloodmoon, L50, M|
|poke|p2|Porygon2, L50|
|poke|p2|Ursaluna, L50, M|
|poke|p2|Torkoal, L50, F|
|poke|p2|Incineroar, L50, F|
|poke|p2|Charizard, L50, M|
|poke|p2|Jumpluff, L50, F|
|teampreview|4
|showteam|p1|Gholdengo||IronPlate|GoodasGold|MakeItRain,ShadowBall,NastyPlot,Protect||||||50|,,,,,Dragon]Dragonite||LoadedDice|InnerFocus|ScaleShot,StompingTantrum,Haze,Tailwind|||F|||50|,,,,,Fairy]Indeedee||FocusSash|PsychicSurge|ExpandingForce,Imprison,TrickRoom,Protect|||M|||50|,,,,,Psychic]Sneasler||PsychicSeed|Unburden|ThroatChop,CloseCombat,DireClaw,Protect|||F|||50|,,,,,Dark]Electabuzz||Eviolite|VitalSpirit|Electroweb,Taunt,FollowMe,Protect|||F|||50|,,,,,Dragon]Ursaluna-Bloodmoon||LifeOrb|MindsEye|HyperVoice,BloodMoon,EarthPower,Protect|||M|||50|,,,,,Normal
|showteam|p2|Porygon2||Eviolite|Download|TrickRoom,Recover,IceBeam,TeraBlast||||||50|,,,,,Fighting]Ursaluna||FlameOrb|Guts|Facade,HeadlongRush,Protect,Earthquake|||M|||50|,,,,,Ghost]Torkoal||EjectPack|Drought|Eruption,Overheat,HelpingHand,Protect|||F|||50|,,,,,Fire]Incineroar||SafetyGoggles|Intimidate|KnockOff,PartingShot,FakeOut,FlareBlitz|||F|||50|,,,,,Fire]Charizard||ChoiceSpecs|SolarPower|HeatWave,Overheat,AirSlash,WeatherBall|||M|||50|,,,,,Ghost]Jumpluff||CovertCloak|Chlorophyll|Tailwind,SleepPowder,RagePowder,SunnyDay|||F|||50|,,,,,Water
|inactive|Battle timer is ON: inactive players will automatically lose when time's up. (requested by Raucho)
|inactive|Bandoboi has 60 seconds left.
|
|t:|1756706680
|teamsize|p1|4
|teamsize|p2|4
|start
|switch|p1a: Electabuzz|Electabuzz, L50, F, shiny|100/100
|switch|p1b: Sneasler|Sneasler, L50, F, shiny|100/100
|switch|p2a: Torkoal|Torkoal, L50, F|100/100
|switch|p2b: Porygon2|Porygon2, L50, shiny|100/100
|-ability|p2b: Porygon2|Download|boost
|-boost|p2b: Porygon2|atk|1
|-weather|SunnyDay|[from] ability: Drought|[of] p2a: Torkoal
|turn|1
|
|t:|1756706700
|move|p2a: Torkoal|Protect|p2a: Torkoal
|-singleturn|p2a: Torkoal|Protect
|move|p1b: Sneasler|Dire Claw|p2a: Torkoal
|-activate|p2a: Torkoal|move: Protect
|move|p1a: Electabuzz|Taunt|p2b: Porygon2
|-start|p2b: Porygon2|move: Taunt
|cant|p2b: Porygon2|move: Taunt|Trick Room
|
|-weather|SunnyDay|[upkeep]
|upkeep
|turn|2
|
|t:|1756706721
|-terastallize|p2b: Porygon2|Fighting
|move|p1b: Sneasler|Close Combat|p2a: Torkoal
|-damage|p2a: Torkoal|55/100
|-unboost|p1b: Sneasler|def|1
|-unboost|p1b: Sneasler|spd|1
|move|p1a: Electabuzz|Electroweb|p2b: Porygon2|[spread] p2a,p2b
|-damage|p2a: Torkoal|32/100
|-damage|p2b: Porygon2|93/100
|-unboost|p2a: Torkoal|spe|1
|-unboost|p2b: Porygon2|spe|1
|-enditem|p2a: Torkoal|Eject Pack
|
|t:|1756706736
|switch|p2a: Charizard|Charizard, L50, M, shiny|100/100
|move|p2b: Porygon2|Tera Blast|p1a: Electabuzz|[anim] Tera Blast Fighting
|-damage|p1a: Electabuzz|70/100
|
|-weather|SunnyDay|[upkeep]
|-damage|p2a: Charizard|88/100|[from] ability: Solar Power|[of] p2a: Charizard
|upkeep
|turn|3
|
|t:|1756706748
|move|p1b: Sneasler|Dire Claw|p2a: Charizard
|-damage|p2a: Charizard|23/100
|move|p2a: Charizard|Heat Wave|p1b: Sneasler|[spread] p1a,p1b
|-damage|p1a: Electabuzz|0 fnt
|-damage|p1b: Sneasler|0 fnt
|faint|p1a: Electabuzz
|faint|p1b: Sneasler
|move|p2b: Porygon2|Tera Blast|p1: Electabuzz|[notarget]
|-fail|p2b: Porygon2
|
|-weather|SunnyDay|[upkeep]
|-damage|p2a: Charizard|10/100|[from] ability: Solar Power|[of] p2a: Charizard
|-end|p2b: Porygon2|move: Taunt
|upkeep
|
|t:|1756706755
|switch|p1b: Ursaluna|Ursaluna-Bloodmoon, L50, M|100/100
|switch|p1a: Indeedee|Indeedee, L50, M, shiny|100/100
|-fieldstart|move: Psychic Terrain|[from] ability: Psychic Surge|[of] p1a: Indeedee
|turn|4
|
|t:|1756706772
|move|p2a: Charizard|Heat Wave|p1a: Indeedee|[spread] p1a,p1b
|-enditem|p1a: Indeedee|Focus Sash
|-damage|p1a: Indeedee|1/100
|-damage|p1b: Ursaluna|0 fnt
|faint|p1b: Ursaluna
|move|p1a: Indeedee|Expanding Force|p2b: Porygon2|[spread] p2a,p2b
|-supereffective|p2b: Porygon2
|-damage|p2a: Charizard|0 fnt
|-damage|p2b: Porygon2|38/100
|faint|p2a: Charizard
|move|p2b: Porygon2|Trick Room|p2b: Porygon2
|-fieldstart|move: Trick Room|[of] p2b: Porygon2
|
|-weather|SunnyDay|[upkeep]
|upkeep
|
|t:|1756706783
|switch|p2a: Ursaluna|Ursaluna, L50, M|100/100
|turn|5
|
|t:|1756706791
|move|p1a: Indeedee|Protect|p1a: Indeedee
|-singleturn|p1a: Indeedee|Protect
|move|p2b: Porygon2|Ice Beam|p1a: Indeedee
|-activate|p1a: Indeedee|move: Protect
|move|p2a: Ursaluna|Facade|p1a: Indeedee
|-activate|p1a: Indeedee|move: Protect
|
|-weather|none
|-status|p2a: Ursaluna|brn|[from] item: Flame Orb
|upkeep
|turn|6
|
|t:|1756706804
|move|p1a: Indeedee|Protect|p1a: Indeedee
|-singleturn|p1a: Indeedee|Protect
|move|p2b: Porygon2|Ice Beam|p1a: Indeedee
|-activate|p1a: Indeedee|move: Protect
|move|p2a: Ursaluna|Headlong Rush|p1a: Indeedee
|-activate|p1a: Indeedee|move: Protect
|
|-damage|p2a: Ursaluna|95/100 brn|[from] brn
|upkeep
|turn|7
|
|t:|1756706817
|move|p1a: Indeedee|Protect||[still]
|-fail|p1a: Indeedee
|move|p2b: Porygon2|Ice Beam|p1a: Indeedee
|-damage|p1a: Indeedee|0 fnt
|faint|p1a: Indeedee
|
|win|Bandoboi
