|j|☆Jirachi548
|j|☆lux raymundi
|html|Jirachi548lux raymundi    
|uhtml|bestof|Game 2 of a best-of-3
|t:|1783277905
|gametype|doubles
|player|p1|Jirachi548|serena-anime|1201
|player|p2|lux raymundi|169|1242
|gen|9
|tier|[Gen 9 Champions] VGC 2026 Reg M-B (Bo3)
|rated|
|rule|Species Clause: Limit one of each Pokémon
|rule|Item Clause: Limit 1 of each item
|clearpoke
|poke|p1|Raichu, L50, F|
|poke|p1|Primarina, L50, F|
|poke|p1|Farigiraf, L50, M|
|poke|p1|Incineroar, L50, M|
|poke|p1|Meowscarada, L50, M|
|poke|p1|Floette-Eternal, L50, F|
|poke|p2|Aerodactyl, L50, M|
|poke|p2|Charizard, L50, F|
|poke|p2|Garchomp, L50, M|
|poke|p2|Sylveon, L50, M|
|poke|p2|Kingambit, L50, F|
|poke|p2|Basculegion, L50, M|
|teampreview|4
|showteam|p1|Raichu||RaichuniteY|LightningRod|ZapCannon,FocusBlast,Substitute,Protect|Timid||F|||50|]Primarina||LifeOrb|LiquidVoice|HyperVoice,DazzlingGleam,Moonblast,Protect|Quiet||F|||50|]Farigiraf||SitrusBerry|ArmorTail|HyperVoice,Psychic,TrickRoom,Protect|Quiet||M|||50|]Incineroar||ChopleBerry|Intimidate|FakeOut,FlareBlitz,DarkestLariat,PartingShot|Relaxed||M|||50|]Meowscarada||FocusSash|Overgrow|FlowerTrick,ThunderPunch,ThroatChop,Protect|Jolly||M|||50|]Floette-Eternal||Floettite|FlowerVeil|DazzlingGleam,Moonblast,LightofRuin,Protect|Timid||F|||50|
|showteam|p2|Aerodactyl||Aerodactylite|Unnerve|RockSlide,DualWingbeat,Tailwind,WideGuard|Jolly||M|||50|]Charizard||CharizarditeY|Blaze|Protect,HeatWave,SolarBeam,WeatherBall|Modest||F|||50|]Garchomp||LifeOrb|RoughSkin|Protect,DragonClaw,RockTomb,Earthquake|Jolly||M|||50|]Sylveon||FairyFeather|Pixilate|HyperVoice,HyperBeam,QuickAttack,Protect|Modest||M|||50|]Kingambit||ChopleBerry|Defiant|SuckerPunch,KowtowCleave,IronHead,LowKick|Adamant||F|||50|]Basculegion||FocusSash|Adaptability|AquaJet,Liquidation,LastRespects,Protect|Adamant||M|||50|
|inactive|Battle timer is ON: inactive players will automatically lose when time's up. (requested by Jirachi548)
|inactive|Jirachi548 has 60 seconds left.
|inactive|Jirachi548 has 30 seconds left.
|inactive|Jirachi548 has 20 seconds left.
|
|t:|1783277978
|teamsize|p1|4
|teamsize|p2|4
|start
|switch|p1a: Floette|Floette-Eternal, L50, F|100/100
|switch|p1b: Primarina|Primarina, L50, F|100/100
|switch|p2a: Aerodactyl|Aerodactyl, L50, M|100/100
|switch|p2b: Kingambit|Kingambit, L50, F|100/100
|-ability|p2a: Aerodactyl|Unnerve
|turn|1
|
|t:|1783277998
|detailschange|p1a: Floette|Floette-Mega, L50, F
|-mega|p1a: Floette|Floette|Floettite
|-ability|p1a: Floette|Fairy Aura
|move|p1a: Floette|Protect|p1a: Floette
|-singleturn|p1a: Floette|Protect
|move|p2a: Aerodactyl|Tailwind|p2a: Aerodactyl
|-sidestart|p2: lux raymundi|move: Tailwind
|move|p2b: Kingambit|Iron Head|p1a: Floette
|-activate|p1a: Floette|move: Protect
|move|p1b: Primarina|Moonblast|p2b: Kingambit
|-damage|p2b: Kingambit|2/100
|-damage|p1b: Primarina|90/100|[from] item: Life Orb
|
|upkeep
|turn|2
|
|t:|1783278020
|switch|p1a: Incineroar|Incineroar, L50, M|100/100
|-ability|p1a: Incineroar|Intimidate|boost
|-unboost|p2a: Aerodactyl|atk|1
|-unboost|p2b: Kingambit|atk|1
|-ability|p2b: Kingambit|Defiant|boost
|-boost|p2b: Kingambit|atk|2
|move|p2a: Aerodactyl|Rock Slide|p1a: Incineroar|[spread] p1b
|-miss|p2a: Aerodactyl|p1a: Incineroar
|-damage|p1b: Primarina|73/100
|move|p2b: Kingambit|Iron Head|p1a: Incineroar
|-resisted|p1a: Incineroar|1
|-damage|p1a: Incineroar|71/100
|cant|p1b: Primarina|flinch
|
|upkeep
|turn|3
|inactive|lux raymundi has 30 seconds left.
|
|t:|1783278049
|switch|p2b: Garchomp|Garchomp, L50, M|100/100
|move|p1a: Incineroar|Fake Out|p2a: Aerodactyl
|-resisted|p2a: Aerodactyl|1
|-damage|p2a: Aerodactyl|92/100
|cant|p2a: Aerodactyl|flinch
|move|p1b: Primarina|Hyper Voice|p2a: Aerodactyl|[spread] p2a,p2b
|-supereffective|p2a: Aerodactyl|1
|-damage|p2a: Aerodactyl|0 fnt
|-damage|p2b: Garchomp|52/100
|faint|p2a: Aerodactyl
|-damage|p1b: Primarina|64/100|[from] item: Life Orb
|
|upkeep
|
|t:|1783278055
|switch|p2a: Charizard|Charizard, L50, F|100/100
|turn|4
|inactive|Jirachi548 has 30 seconds left.
|inactive|Jirachi548 has 20 seconds left.
|
|t:|1783278094
|detailschange|p2a: Charizard|Charizard-Mega-Y, L50, F
|-mega|p2a: Charizard|Charizard|Charizardite Y
|-weather|SunnyDay|[from] ability: Drought|[of] p2a: Charizard
|move|p2b: Garchomp|Earthquake|p1b: Primarina|[spread] p1a,p1b
|-immune|p2a: Charizard
|-supereffective|p1a: Incineroar|1
|-crit|p1a: Incineroar
|-damage|p1a: Incineroar|0 fnt
|-damage|p1b: Primarina|8/100
|faint|p1a: Incineroar
|-damage|p2b: Garchomp|42/100|[from] item: Life Orb
|move|p2a: Charizard|Heat Wave|p1b: Primarina
|-resisted|p1b: Primarina|1
|-damage|p1b: Primarina|0 fnt
|faint|p1b: Primarina
|
|-weather|SunnyDay|[upkeep]
|-sideend|p2: lux raymundi|move: Tailwind
|upkeep
|
|t:|1783278102
|switch|p1b: Floette|Floette-Mega, L50, F|100/100
|switch|p1a: Meowscarada|Meowscarada, L50, M|100/100
|-ability|p1b: Floette|Fairy Aura
|turn|5
|inactive|lux raymundi has 30 seconds left.
|
|t:|1783278134
|move|p2b: Garchomp|Protect|p2b: Garchomp
|-singleturn|p2b: Garchomp|Protect
|move|p1a: Meowscarada|Thunder Punch|p2a: Charizard
|-supereffective|p2a: Charizard|1
|-damage|p2a: Charizard|49/100
|move|p1b: Floette|Light of Ruin|p2a: Charizard
|-resisted|p2a: Charizard|1
|-damage|p2a: Charizard|0 fnt
|faint|p2a: Charizard
|-damage|p1b: Floette|69/100|[from] Recoil
|
|-weather|SunnyDay|[upkeep]
|upkeep
|
|t:|1783278145
|switch|p2a: Kingambit|Kingambit, L50, F|2/100
|turn|6
|
|t:|1783278166
|move|p2a: Kingambit|Sucker Punch|p1b: Floette
|-resisted|p1b: Floette|1
|-crit|p1b: Floette
|-damage|p1b: Floette|27/100
|move|p1a: Meowscarada|Flower Trick|p2b: Garchomp
|-crit|p2b: Garchomp
|-damage|p2b: Garchomp|0 fnt
|faint|p2b: Garchomp
|move|p1b: Floette|Dazzling Gleam|p2a: Kingambit
|-damage|p2a: Kingambit|0 fnt
|faint|p2a: Kingambit
|
|win|Jirachi548
|raw|Jirachi548's rating: 1201 → 1229(+28 for winning)
|raw|lux raymundi's rating: 1242 → 1214(-28 for losing)
