|j|☆gundot
|j|☆Maffles
|html|gundotMaffles    
|uhtml|bestof|Game 2 of a best-of-3
|t:|1783500820
|gametype|doubles
|player|p1|gundot|ethan-gen2|1252
|player|p2|Maffles|265|1264
|gen|9
|tier|[Gen 9 Champions] VGC 2026 Reg M-B (Bo3)
|rated|
|rule|Species Clause: Limit one of each Pokémon
|rule|Item Clause: Limit 1 of each item
|clearpoke
|poke|p1|Kingambit, L50, M|
|poke|p1|Aerodactyl, L50, F|
|poke|p1|Charizard, L50, F, shiny|
|poke|p1|Sylveon, L50, F|
|poke|p1|Farigiraf, L50, F, shiny|
|poke|p1|Garchomp, L50, M|
|poke|p2|Gengar, L50, F|
|poke|p2|Kingambit, L50, M|
|poke|p2|Ninetales-Alola, L50, M|
|poke|p2|Appletun, L50, M|
|poke|p2|Basculegion, L50, M|
|poke|p2|Lopunny, L50, F|
|teampreview|4
|showteam|p1|Kingambit||FocusSash|Defiant|KowtowCleave,IronHead,SuckerPunch,LowKick|Adamant||M|||50|]Aerodactyl|||Unnerve|RockSlide,DualWingbeat,Tailwind,IceFang|Jolly||F|||50|]Charizard||CharizarditeY|Blaze|Protect,HeatWave,SolarBeam,WeatherBall|Modest||F|||50|]Sylveon||FairyFeather|Pixilate|Protect,HyperVoice,HyperBeam,QuickAttack|Modest||F|||50|]Farigiraf||SitrusBerry|ArmorTail|TwinBeam,Thunderbolt,TrickRoom,GrassKnot|Bold||F|||50|]Garchomp||LifeOrb|SandVeil|Protect,StompingTantrum,DragonClaw,Earthquake|Jolly||M|||50|
|showteam|p2|Gengar||Gengarite|CursedBody|SludgeBomb,Disable,PerishSong,Protect|Timid||F|||50|]Kingambit||ChopleBerry|Defiant|KowtowCleave,SuckerPunch,SwordsDance,Protect|Adamant||M|||50|]Ninetales-Alola||FocusSash|SnowWarning|Blizzard,Moonblast,Encore,Protect|Timid||M|||50|]Appletun||Leftovers|ThickFat|AppleAcid,LeechSeed,Recover,Protect|Calm||M|||50|]Basculegion||SitrusBerry|Adaptability|LastRespects,FlipTurn,Soak,Protect|Sassy||M|||50|]Lopunny||Lopunnite|CuteCharm|CloseCombat,FakeOut,Encore,Protect|Jolly||F|||50|
|inactive|Battle timer is ON: inactive players will automatically lose when time's up. (requested by gundot)
|j| sdisthbest
|
|t:|1783500846
|teamsize|p1|4
|teamsize|p2|4
|start
|switch|p1a: Charizard|Charizard, L50, F, shiny|100/100
|switch|p1b: Farigiraf|Farigiraf, L50, F, shiny|100/100
|switch|p2a: Gengar|Gengar, L50, F|100/100
|switch|p2b: Lopunny|Lopunny, L50, F|100/100
|turn|1
|
|t:|1783500856
|switch|p2b: Basculegion|Basculegion, L50, M|100/100
|detailschange|p2a: Gengar|Gengar-Mega, L50, F
|-mega|p2a: Gengar|Gengar|Gengarite
|detailschange|p1a: Charizard|Charizard-Mega-Y, L50, F, shiny
|-mega|p1a: Charizard|Charizard|Charizardite Y
|-weather|SunnyDay|[from] ability: Drought|[of] p1a: Charizard
|move|p2a: Gengar|Protect|p2a: Gengar
|-singleturn|p2a: Gengar|Protect
|move|p1a: Charizard|Heat Wave|p2a: Gengar|[spread] p2b
|-activate|p2a: Gengar|move: Protect
|-resisted|p2b: Basculegion|1
|-crit|p2b: Basculegion
|-damage|p2b: Basculegion|62/100
|move|p1b: Farigiraf|Twin Beam|p2a: Gengar
|-activate|p2a: Gengar|move: Protect
|
|-weather|SunnyDay|[upkeep]
|upkeep
|turn|2
|
|t:|1783500875
|switch|p2b: Ninetales|Ninetales-Alola, L50, M|100/100
|-weather|Snowscape|[from] ability: Snow Warning|[of] p2b: Ninetales
|move|p2a: Gengar|Disable|p1a: Charizard
|-start|p1a: Charizard|Disable|Heat Wave
|cant|p1a: Charizard|Disable|Heat Wave
|move|p1b: Farigiraf|Twin Beam|p2a: Gengar
|-supereffective|p2a: Gengar|1
|-damage|p2a: Gengar|66/100
|-supereffective|p2a: Gengar|1
|-damage|p2a: Gengar|29/100
|-hitcount|p2a: Gengar|2
|
|-weather|Snowscape|[upkeep]
|upkeep
|turn|3
|
|t:|1783500886
|move|p1a: Charizard|Protect|p1a: Charizard
|-singleturn|p1a: Charizard|Protect
|move|p2a: Gengar|Disable|p1b: Farigiraf
|-start|p1b: Farigiraf|Disable|Twin Beam
|move|p2b: Ninetales|Encore|p1a: Charizard
|-activate|p1a: Charizard|move: Protect
|move|p1b: Farigiraf|Trick Room|p1b: Farigiraf
|-fieldstart|move: Trick Room|[of] p1b: Farigiraf
|
|-weather|Snowscape|[upkeep]
|upkeep
|turn|4
|
|t:|1783500901
|move|p2a: Gengar|Protect|p2a: Gengar
|-singleturn|p2a: Gengar|Protect
|move|p1b: Farigiraf|Thunderbolt|p2b: Ninetales
|-damage|p2b: Ninetales|75/100
|move|p1a: Charizard|Weather Ball|p2a: Gengar
|-activate|p2a: Gengar|move: Protect
|move|p2b: Ninetales|Blizzard|p1a: Charizard|[spread] p1a,p1b
|-crit|p1b: Farigiraf
|-damage|p1a: Charizard|69/100
|-damage|p1b: Farigiraf|59/100
|
|-weather|Snowscape|[upkeep]
|upkeep
|turn|5
|
|t:|1783500912
|switch|p2a: Basculegion|Basculegion, L50, M|62/100
|move|p1b: Farigiraf|Thunderbolt|p2b: Ninetales
|-damage|p2b: Ninetales|45/100
|move|p1a: Charizard|Weather Ball|p2a: Basculegion
|-resisted|p2a: Basculegion|1
|-damage|p2a: Basculegion|46/100
|-enditem|p2a: Basculegion|Sitrus Berry|[eat]
|-heal|p2a: Basculegion|71/100|[from] item: Sitrus Berry
|move|p2b: Ninetales|Blizzard|p1a: Charizard|[spread] p1a,p1b
|-damage|p1a: Charizard|42/100
|-damage|p1b: Farigiraf|32/100
|-enditem|p1b: Farigiraf|Sitrus Berry|[eat]
|-heal|p1b: Farigiraf|57/100|[from] item: Sitrus Berry
|
|-weather|Snowscape|[upkeep]
|-end|p1a: Charizard|Disable
|upkeep
|turn|6
|
|t:|1783500932
|move|p1b: Farigiraf|Grass Knot|p2a: Basculegion
|-supereffective|p2a: Basculegion|1
|-damage|p2a: Basculegion|29/100
|move|p2a: Basculegion|Flip Turn|p1a: Charizard
|-supereffective|p1a: Charizard|1
|-damage|p1a: Charizard|0 fnt
|faint|p1a: Charizard
|
|t:|1783500939
|switch|p2a: Gengar|Gengar-Mega, L50, F|29/100|[from] Flip Turn
|move|p2b: Ninetales|Blizzard|p1b: Farigiraf
|-damage|p1b: Farigiraf|16/100
|
|-weather|none
|-end|p1b: Farigiraf|Disable
|upkeep
|
|t:|1783500947
|switch|p1a: Kingambit|Kingambit, L50, M|100/100
|turn|7
|
|t:|1783500962
|move|p2a: Gengar|Protect|p2a: Gengar
|-singleturn|p2a: Gengar|Protect
|move|p1b: Farigiraf|Twin Beam|p2a: Gengar
|-activate|p2a: Gengar|move: Protect
|move|p1a: Kingambit|Kowtow Cleave|p2b: Ninetales
|-resisted|p2b: Ninetales|1
|-damage|p2b: Ninetales|6/100
|move|p2b: Ninetales|Encore|p1a: Kingambit
|-start|p1a: Kingambit|Encore
|
|-fieldend|move: Trick Room
|upkeep
|turn|8
|
|t:|1783500975
|move|p2a: Gengar|Disable|p1a: Kingambit
|-start|p1a: Kingambit|Disable|Kowtow Cleave
|move|p2b: Ninetales|Moonblast|p1b: Farigiraf
|-damage|p1b: Farigiraf|0 fnt
|faint|p1b: Farigiraf
|cant|p1a: Kingambit|Disable|Kowtow Cleave
|
|upkeep
|
|t:|1783500977
|switch|p1b: Sylveon|Sylveon, L50, F|100/100
|turn|9
|
|t:|1783500985
|switch|p2b: Lopunny|Lopunny, L50, F|100/100
|move|p1b: Sylveon|Quick Attack|p2b: Lopunny
|-damage|p2b: Lopunny|82/100
|move|p2a: Gengar|Sludge Bomb|p1b: Sylveon
|-supereffective|p1b: Sylveon|1
|-damage|p1b: Sylveon|17/100
|-activate|p1a: Kingambit|move: Struggle
|move|p1a: Kingambit|Struggle|p2b: Lopunny
|-damage|p2b: Lopunny|55/100
|-damage|p1a: Kingambit|75/100|[from] recoil
|
|upkeep
|turn|10
|
|t:|1783500997
|move|p2a: Gengar|Sludge Bomb|p1b: Sylveon
|-supereffective|p1b: Sylveon|1
|-damage|p1b: Sylveon|0 fnt
|faint|p1b: Sylveon
|move|p2b: Lopunny|Close Combat|p1a: Kingambit
|-supereffective|p1a: Kingambit|2
|-damage|p1a: Kingambit|0 fnt
|-unboost|p2b: Lopunny|def|1
|-unboost|p2b: Lopunny|spd|1
|faint|p1a: Kingambit
|
|win|Maffles
|raw|gundot's rating: 1252 → 1228(-24 for losing)
|raw|Maffles's rating: 1264 → 1288(+24 for winning)
