|j|☆zefhkb505
|j|☆Moonlight Flutter
|html|zefhkb505Moonlight Flutter    
|uhtml|bestof|Game 3 of a best-of-3
|t:|1783174066
|gametype|doubles
|player|p1|zefhkb505|hilbert|
|player|p2|Moonlight Flutter|miku-flying|
|gen|9
|tier|[Gen 9 Champions] VGC 2026 Reg M-B (Bo3)
|rule|Species Clause: Limit one of each Pokémon
|rule|Item Clause: Limit 1 of each item
|clearpoke
|poke|p1|Azumarill, L50, M|
|poke|p1|Sinistcha, L50|
|poke|p1|Farigiraf, L50, F|
|poke|p1|Pelipper, L50, F|
|poke|p1|Incineroar, L50, M|
|poke|p1|Raichu, L50, F|
|poke|p2|Sinistcha, L50|
|poke|p2|Incineroar, L50, F|
|poke|p2|Milotic, L50, F|
|poke|p2|Raichu, L50, M|
|poke|p2|Ceruledge, L50, M|
|poke|p2|Mawile, L50, F, shiny|
|teampreview|4
|showteam|p1|Azumarill||SitrusBerry|HugePower|BellyDrum,AquaJet,PlayRough,Protect|Adamant||M|||50|]Sinistcha||CobaBerry|Hospitality|RagePowder,MatchaGotcha,TrickRoom,LifeDew|Relaxed|||||50|]Farigiraf||ColburBerry|ArmorTail|TwinBeam,TrickRoom,LightScreen,HyperVoice|Quiet||F|||50|]Pelipper||LifeOrb|Drizzle|Hurricane,WeatherBall,Roost,WideGuard|Modest||F|||50|]Incineroar||PasshoBerry|Intimidate|FlareBlitz,DarkestLariat,PartingShot,FakeOut|Adamant||M|||50|]Raichu||RaichuniteY|LightningRod|FakeOut,FocusBlast,ZapCannon,Protect|Timid||F|||50|
|showteam|p2|Sinistcha||FocusSash|Hospitality|MatchaGotcha,LifeDew,RagePowder,Protect|Relaxed|||||50|]Incineroar||SitrusBerry|Intimidate|FlareBlitz,ThroatChop,FakeOut,PartingShot|Impish||F|||50|]Milotic||Leftovers|Competitive|MuddyWater,Coil,Hypnosis,Protect|Calm||F|||50|]Raichu||RaichuniteY|LightningRod|ZapCannon,FocusBlast,FakeOut,Protect|Timid||M|||50|]Ceruledge||ColburBerry|FlashFire|BitterBlade,ShadowSneak,BulkUp,Protect|Adamant||M|||50|]Mawile||Mawilite|HyperCutter|PlayRough,SuckerPunch,SwordsDance,Protect|Adamant||F|||50|
|inactive|Battle timer is ON: inactive players will automatically lose when time's up. (requested by Moonlight Flutter)
|
|t:|1783174095
|teamsize|p1|4
|teamsize|p2|4
|start
|switch|p1a: Pelipper|Pelipper, L50, F|100/100
|switch|p1b: Raichu|Raichu, L50, F|100/100
|switch|p2a: Sinistcha|Sinistcha, L50|100/100
|switch|p2b: Mawile|Mawile, L50, F, shiny|100/100
|-weather|RainDance|[from] ability: Drizzle|[of] p1a: Pelipper
|turn|1
|
|t:|1783174110
|detailschange|p1b: Raichu|Raichu-Mega-Y, L50, F
|-mega|p1b: Raichu|Raichu|Raichunite Y
|move|p2a: Sinistcha|Protect|p2a: Sinistcha
|-singleturn|p2a: Sinistcha|Protect
|move|p2b: Mawile|Protect|p2b: Mawile
|-singleturn|p2b: Mawile|Protect
|move|p1b: Raichu|Zap Cannon|p2a: Sinistcha
|-activate|p2a: Sinistcha|move: Protect
|move|p1a: Pelipper|Hurricane|p2a: Sinistcha
|-activate|p2a: Sinistcha|move: Protect
|
|-weather|RainDance|[upkeep]
|upkeep
|turn|2
|
|t:|1783174124
|switch|p2a: Raichu|Raichu, L50, M|100/100
|detailschange|p2b: Mawile|Mawile-Mega, L50, F, shiny
|-mega|p2b: Mawile|Mawile|Mawilite
|move|p1b: Raichu|Zap Cannon|p2a: Raichu
|-activate|p2a: Raichu|ability: Lightning Rod
|-ability|p2a: Raichu|Lightning Rod|boost
|-boost|p2a: Raichu|spa|1
|move|p1a: Pelipper|Hurricane|p2b: Mawile
|-resisted|p2b: Mawile|1
|-damage|p2b: Mawile|67/100
|-start|p2b: Mawile|confusion
|-damage|p1a: Pelipper|90/100|[from] item: Life Orb
|-activate|p2b: Mawile|confusion
|move|p2b: Mawile|Play Rough|p1a: Pelipper
|-damage|p1a: Pelipper|13/100
|
|-weather|RainDance|[upkeep]
|upkeep
|turn|3
|inactive|zefhkb505 has 30 seconds left.
|inactive|Moonlight Flutter has 30 seconds left.
|
|t:|1783174151
|switch|p1a: Farigiraf|Farigiraf, L50, F|100/100
|switch|p2b: Milotic|Milotic, L50, F|100/100
|move|p2a: Raichu|Fake Out||[still]
|cant|p1a: Farigiraf|ability: Armor Tail|Fake Out|[of] p2a: Raichu
|move|p1b: Raichu|Focus Blast|p2b: Milotic
|-damage|p2b: Milotic|71/100
|
|-weather|RainDance|[upkeep]
|-heal|p2b: Milotic|77/100|[from] item: Leftovers
|upkeep
|turn|4
|
|t:|1783174165
|move|p1b: Raichu|Focus Blast|p2b: Milotic
|-damage|p2b: Milotic|48/100
|move|p2a: Raichu|Zap Cannon|p1b: Raichu
|-resisted|p1b: Raichu|1
|-damage|p1b: Raichu|57/100
|move|p2b: Milotic|Coil|p2b: Milotic
|-boost|p2b: Milotic|atk|1
|-boost|p2b: Milotic|def|1
|-boost|p2b: Milotic|accuracy|1
|move|p1a: Farigiraf|Hyper Voice|p2a: Raichu|[spread] p2a,p2b
|-damage|p2a: Raichu|61/100
|-damage|p2b: Milotic|29/100
|
|-weather|RainDance|[upkeep]
|-heal|p2b: Milotic|35/100|[from] item: Leftovers
|upkeep
|turn|5
|
|t:|1783174183
|move|p2a: Raichu|Protect|p2a: Raichu
|-singleturn|p2a: Raichu|Protect
|move|p1b: Raichu|Focus Blast|p2b: Milotic
|-damage|p2b: Milotic|3/100
|move|p2b: Milotic|Muddy Water|p1a: Farigiraf|[spread] p1a,p1b
|-damage|p1a: Farigiraf|70/100
|-damage|p1b: Raichu|4/100
|-unboost|p1a: Farigiraf|accuracy|1
|-unboost|p1b: Raichu|accuracy|1
|move|p1a: Farigiraf|Twin Beam|p2a: Raichu
|-activate|p2a: Raichu|move: Protect
|
|-weather|none
|-heal|p2b: Milotic|9/100|[from] item: Leftovers
|upkeep
|turn|6
|
|t:|1783174200
|switch|p2a: Sinistcha|Sinistcha, L50|100/100
|-heal|p2b: Milotic|34/100|[from] ability: Hospitality|[of] p2a: Sinistcha
|move|p1b: Raichu|Protect|p1b: Raichu
|-singleturn|p1b: Raichu|Protect
|move|p2b: Milotic|Protect|p2b: Milotic
|-singleturn|p2b: Milotic|Protect
|move|p1a: Farigiraf|Hyper Voice|p2b: Milotic|[spread] 
|-activate|p2b: Milotic|move: Protect
|-immune|p2a: Sinistcha
|
|-heal|p2b: Milotic|40/100|[from] item: Leftovers
|upkeep
|turn|7
|
|t:|1783174219
|move|p2a: Sinistcha|Rage Powder|p2a: Sinistcha
|-singleturn|p2a: Sinistcha|move: Rage Powder
|move|p1b: Raichu|Zap Cannon|p2a: Sinistcha
|-resisted|p2a: Sinistcha|1
|-damage|p2a: Sinistcha|60/100
|-status|p2a: Sinistcha|par
|move|p2b: Milotic|Hypnosis|p1a: Farigiraf
|-status|p1a: Farigiraf|slp|[from] move: Hypnosis
|cant|p1a: Farigiraf|slp
|
|-heal|p2b: Milotic|46/100|[from] item: Leftovers
|upkeep
|turn|8
|
|t:|1783174235
|switch|p2a: Raichu|Raichu, L50, M|61/100
|move|p1b: Raichu|Focus Blast|p2b: Milotic
|-damage|p2b: Milotic|15/100
|move|p2b: Milotic|Muddy Water|p1b: Raichu|[spread] p1a,p1b
|-damage|p1a: Farigiraf|50/100g slp
|-damage|p1b: Raichu|0 fnt
|-unboost|p1a: Farigiraf|accuracy|1
|faint|p1b: Raichu
|cant|p1a: Farigiraf|slp
|
|-heal|p2b: Milotic|21/100|[from] item: Leftovers
|upkeep
|
|t:|1783174248
|switch|p1b: Azumarill|Azumarill, L50, M|100/100
|turn|9
|
|t:|1783174267
|switch|p2a: Sinistcha|Sinistcha, L50|60/100 par
|-heal|p2b: Milotic|46/100|[from] ability: Hospitality|[of] p2a: Sinistcha
|move|p1b: Azumarill|Aqua Jet|p2b: Milotic
|-resisted|p2b: Milotic|1
|-damage|p2b: Milotic|38/100
|move|p2b: Milotic|Hypnosis|p1b: Azumarill
|-status|p1b: Azumarill|slp|[from] move: Hypnosis
|-curestatus|p1a: Farigiraf|slp|[msg]
|move|p1a: Farigiraf|Twin Beam|p2b: Milotic
|-damage|p2b: Milotic|26/100
|-damage|p2b: Milotic|14/100
|-hitcount|p2b: Milotic|2
|
|-heal|p2b: Milotic|20/100y|[from] item: Leftovers
|upkeep
|turn|10
|
|t:|1783174290
|switch|p2b: Mawile|Mawile-Mega, L50, F, shiny|67/100
|move|p1a: Farigiraf|Hyper Voice|p2b: Mawile|[spread] p2b
|-immune|p2a: Sinistcha
|-resisted|p2b: Mawile|1
|-damage|p2b: Mawile|52/100
|cant|p1b: Azumarill|slp
|move|p2a: Sinistcha|Matcha Gotcha|p1b: Azumarill|[spread] p1a
|-miss|p2a: Sinistcha|p1b: Azumarill
|-damage|p1a: Farigiraf|28/100
|-heal|p2a: Sinistcha|74/100 par|[from] drain|[of] p1a: Farigiraf
|-status|p1a: Farigiraf|brn
|
|-damage|p1a: Farigiraf|22/100 brn|[from] brn
|upkeep
|turn|11
|
|t:|1783174310
|move|p1a: Farigiraf|Light Screen|p1a: Farigiraf
|-sidestart|p1: zefhkb505|move: Light Screen
|move|p2b: Mawile|Play Rough|p1b: Azumarill|[miss]
|-miss|p2b: Mawile|p1b: Azumarill
|cant|p1b: Azumarill|slp
|move|p2a: Sinistcha|Matcha Gotcha|p1b: Azumarill|[spread] p1a,p1b
|-supereffective|p1b: Azumarill|1
|-damage|p1a: Farigiraf|7/100 brn
|-heal|p2a: Sinistcha|84/100 par|[from] drain|[of] p1a: Farigiraf
|-damage|p1b: Azumarill|70/100 slp
|-heal|p2a: Sinistcha|100/100 par|[from] drain|[of] p1b: Azumarill
|
|-damage|p1a: Farigiraf|1/100 brn|[from] brn
|upkeep
|turn|12
|
|t:|1783174330
|-curestatus|p1b: Azumarill|slp|[msg]
|move|p1b: Azumarill|Aqua Jet|p2b: Mawile
|-damage|p2b: Mawile|26/100
|move|p1a: Farigiraf|Hyper Voice|p2b: Mawile|[spread] p2b
|-immune|p2a: Sinistcha
|-resisted|p2b: Mawile|1
|-damage|p2b: Mawile|12/100
|move|p2b: Mawile|Play Rough|p1b: Azumarill
|-damage|p1b: Azumarill|0 fnt
|faint|p1b: Azumarill
|move|p2a: Sinistcha|Matcha Gotcha|p1a: Farigiraf
|-damage|p1a: Farigiraf|0 fnt
|faint|p1a: Farigiraf
|
|upkeep
|c|☆Moonlight Flutter|gg
|
|t:|1783174348
|switch|p1b: Pelipper|Pelipper, L50, F|13/100
|-weather|RainDance|[from] ability: Drizzle|[of] p1b: Pelipper
|turn|13
|c|☆zefhkb505|ggwp
|-message|zefhkb505 forfeited.
|
|win|Moonlight Flutter
|l|☆zefhkb505
|player|p1|
