|j|☆ancientson
|j|☆KARTIK2627
|html|ancientsonKARTIK2627    
|uhtml|bestof|Game 1 of a best-of-3
|t:|1757174749
|gametype|doubles
|player|p1|ancientson|n|1031
|player|p2|KARTIK2627|170|1074
|gen|9
|tier|[Gen 9] VGC 2025 Reg H (Bo3)
|rated|
|rule|Species Clause: Limit one of each Pokémon
|rule|Item Clause: Limit 1 of each item
|clearpoke
|poke|p1|Dragapult, L50, M|
|poke|p1|Gholdengo, L50|
|poke|p1|Murkrow, L50, M|
|poke|p1|Sneasler, L50, F|
|poke|p1|Armarouge, L50, M|
|poke|p1|Indeedee-F, L50, F|
|poke|p2|Archaludon, L50, F|
|poke|p2|Pelipper, L50, F|
|poke|p2|Gholdengo, L50|
|poke|p2|Basculegion, L50, M|
|poke|p2|Amoonguss, L50, M|
|poke|p2|Incineroar, L50, F|
|teampreview|4
|showteam|p1|Dragapult||LifeOrb|ClearBody|DragonDarts,Uturn,PhantomForce,SuckerPunch|||M|||50|,,,,,Dragon]Gholdengo||Leftovers|GoodasGold|Protect,ShadowBall,MakeItRain,NastyPlot||||||50|,,,,,Fighting]Murkrow||Eviolite|Prankster|FoulPlay,Tailwind,Haze,SunnyDay|||M|||50|,,,,,Dark]Sneasler||PsychicSeed|Unburden|DireClaw,CloseCombat,Protect,ThroatChop|||F|||50|,,,,,Dark]Armarouge||CovertCloak|FlashFire|ExpandingForce,HeatWave,Protect,TeraBlast|||M|||50|,,,,,Fighting]Indeedee-F||RockyHelmet|PsychicSurge|FollowMe,HelpingHand,TrickRoom,Psychic|||F|||50|,,,,,Dark
|showteam|p2|Archaludon||AssaultVest|Stamina|DracoMeteor,FlashCannon,ElectroShot,BodyPress|||F|||50|,,,,,Grass]Pelipper||FocusSash|Drizzle|Protect,WeatherBall,Hurricane,Tailwind|||F|||50|,,,,,Stellar]Gholdengo||LifeOrb|GoodasGold|Protect,MakeItRain,ShadowBall,NastyPlot||||||50|,,,,,Water]Basculegion||ChoiceBand|SwiftSwim|FlipTurn,WaveCrash,AquaJet,LastRespects|||M|||50|,,,,,Grass]Amoonguss||SitrusBerry|Regenerator|Spore,RagePowder,PollenPuff,Protect|||M|||50|,,,,,Water]Incineroar||SafetyGoggles|Intimidate|FlareBlitz,KnockOff,PartingShot,FakeOut|||F|||50|,,,,,Ghost
|
|t:|1757174786
|teamsize|p1|4
|teamsize|p2|4
|start
|switch|p1a: Murkrow|Murkrow, L50, M|100/100
|switch|p1b: Armarouge|Armarouge, L50, M|100/100
|switch|p2a: Pelipper|Pelipper, L50, F, shiny|100/100
|switch|p2b: Incineroar|Incineroar, L50, F|100/100
|-weather|RainDance|[from] ability: Drizzle|[of] p2a: Pelipper
|-ability|p2b: Incineroar|Intimidate|boost
|-unboost|p1a: Murkrow|atk|1
|-unboost|p1b: Armarouge|atk|1
|turn|1
|inactive|Battle timer is ON: inactive players will automatically lose when time's up. (requested by ancientson)
|inactive|KARTIK2627 also wants the timer to be on.
|inactive|KARTIK2627 has 60 seconds left.
|
|t:|1757174837
|move|p1b: Armarouge|Protect|p1b: Armarouge
|-singleturn|p1b: Armarouge|Protect
|move|p2b: Incineroar|Fake Out|p1a: Murkrow
|-damage|p1a: Murkrow|86/100
|cant|p1a: Murkrow|flinch
|move|p2a: Pelipper|Tailwind|p2a: Pelipper
|-sidestart|p2: KARTIK2627|move: Tailwind
|
|-weather|RainDance|[upkeep]
|upkeep
|turn|2
|
|t:|1757174858
|-terastallize|p1b: Armarouge|Fighting
|move|p1a: Murkrow|Sunny Day|p1a: Murkrow
|-weather|SunnyDay
|move|p2a: Pelipper|Weather Ball|p1a: Murkrow
|-damage|p1a: Murkrow|40/100
|move|p2b: Incineroar|Knock Off|p1b: Armarouge
|-resisted|p1b: Armarouge
|-damage|p1b: Armarouge|79/100
|-enditem|p1b: Armarouge|Covert Cloak|[from] move: Knock Off|[of] p2b: Incineroar
|move|p1b: Armarouge|Tera Blast|p2b: Incineroar|[anim] Tera Blast Fighting
|-supereffective|p2b: Incineroar
|-damage|p2b: Incineroar|17/100
|
|-weather|SunnyDay|[upkeep]
|upkeep
|turn|3
|inactive|KARTIK2627 has 30 seconds left.
|
|t:|1757174893
|move|p1a: Murkrow|Tailwind|p1a: Murkrow
|-sidestart|p1: ancientson|move: Tailwind
|move|p2a: Pelipper|Hurricane|p1b: Armarouge|[miss]
|-miss|p2a: Pelipper|p1b: Armarouge
|move|p2b: Incineroar|Flare Blitz|p1a: Murkrow
|-damage|p1a: Murkrow|0 fnt
|faint|p1a: Murkrow
|-damage|p2b: Incineroar|6/100|[from] Recoil
|move|p1b: Armarouge|Heat Wave|p2b: Incineroar|[spread] p2a,p2b
|-resisted|p2a: Pelipper
|-resisted|p2b: Incineroar
|-damage|p2a: Pelipper|54/100
|-damage|p2b: Incineroar|0 fnt
|-status|p2a: Pelipper|brn
|faint|p2b: Incineroar
|
|-weather|SunnyDay|[upkeep]
|-damage|p2a: Pelipper|48/100 brn|[from] brn
|upkeep
|
|t:|1757174913
|switch|p1a: Aurelios|Gholdengo, L50|100/100
|switch|p2b: Amoonguss|Amoonguss, L50, M, shiny|100/100
|turn|4
|inactive|KARTIK2627 has 30 seconds left.
|
|t:|1757174939
|switch|p2a: Archaludon|Archaludon, L50, F, shiny|100/100
|-terastallize|p2b: Amoonguss|Water
|move|p1a: Aurelios|Nasty Plot|p1a: Aurelios
|-boost|p1a: Aurelios|spa|2
|move|p1b: Armarouge|Heat Wave|p2a: Archaludon|[spread] p2a,p2b
|-resisted|p2b: Amoonguss
|-damage|p2a: Archaludon|58/100
|-damage|p2b: Amoonguss|77/100
|-ability|p2a: Archaludon|Stamina|boost
|-boost|p2a: Archaludon|def|1
|move|p2b: Amoonguss|Spore|p1b: Armarouge
|-status|p1b: Armarouge|slp|[from] move: Spore
|
|-weather|SunnyDay|[upkeep]
|-sideend|p2: KARTIK2627|move: Tailwind
|upkeep
|turn|5
|inactive|ancientson has 30 seconds left.
|inactive|KARTIK2627 has 30 seconds left.
|inactive|KARTIK2627 has 20 seconds left.
|inactive|KARTIK2627 has 15 seconds left.
|
|t:|1757174979
|switch|p2b: Pelipper|Pelipper, L50, F, shiny|48/100 brn
|-weather|RainDance|[from] ability: Drizzle|[of] p2b: Pelipper
|move|p1a: Aurelios|Shadow Ball|p2a: Archaludon
|-damage|p2a: Archaludon|1/100
|-unboost|p2a: Archaludon|spd|1
|-ability|p2a: Archaludon|Stamina|boost
|-boost|p2a: Archaludon|def|1
|cant|p1b: Armarouge|slp
|move|p2a: Archaludon|Electro Shot||[still]
|-prepare|p2a: Archaludon|Electro Shot
|-boost|p2a: Archaludon|spa|1
|-anim|p2a: Archaludon|Electro Shot|p1a: Aurelios
|-damage|p1a: Aurelios|31/100
|
|-weather|RainDance|[upkeep]
|-heal|p1a: Aurelios|38/100|[from] item: Leftovers
|-damage|p2b: Pelipper|42/100 brn|[from] brn
|upkeep
|turn|6
|inactive|KARTIK2627 has 30 seconds left.
|inactive|KARTIK2627 has 20 seconds left.
|
|t:|1757175015
|switch|p2a: Amoonguss|Amoonguss, L50, M, shiny, tera:Water|100/100
|-curestatus|p1b: Armarouge|slp|[msg]
|move|p1b: Armarouge|Protect|p1b: Armarouge
|-singleturn|p1b: Armarouge|Protect
|move|p1a: Aurelios|Make It Rain|p2b: Pelipper|[spread] p2a,p2b
|-resisted|p2a: Amoonguss
|-resisted|p2b: Pelipper
|-crit|p2b: Pelipper
|-damage|p2a: Amoonguss|65/100
|-damage|p2b: Pelipper|0 fnt
|-unboost|p1a: Aurelios|spa|1
|faint|p2b: Pelipper
|
|-weather|RainDance|[upkeep]
|-heal|p1a: Aurelios|44/100|[from] item: Leftovers
|-sideend|p1: ancientson|move: Tailwind
|upkeep
|
|t:|1757175030
|switch|p2b: Archaludon|Archaludon, L50, F, shiny|1/100
|turn|7
|
|t:|1757175052
|move|p2a: Amoonguss|Rage Powder|p2a: Amoonguss
|-singleturn|p2a: Amoonguss|move: Rage Powder
|move|p1a: Aurelios|Make It Rain|p2b: Archaludon|[spread] p2a,p2b
|-resisted|p2a: Amoonguss
|-resisted|p2b: Archaludon
|-damage|p2a: Amoonguss|34/100
|-damage|p2b: Archaludon|0 fnt
|-unboost|p1a: Aurelios|spa|1
|-enditem|p2a: Amoonguss|Sitrus Berry|[eat]
|-heal|p2a: Amoonguss|59/100|[from] item: Sitrus Berry
|faint|p2b: Archaludon
|move|p1b: Armarouge|Tera Blast|p2a: Amoonguss|[anim] Tera Blast Fighting
|-damage|p2a: Amoonguss|22/100
|
|-weather|RainDance|[upkeep]
|-heal|p1a: Aurelios|50/100|[from] item: Leftovers
|upkeep
|turn|8
|
|t:|1757175073
|move|p1a: Aurelios|Shadow Ball|p2a: Amoonguss
|-damage|p2a: Amoonguss|0 fnt
|faint|p2a: Amoonguss
|
|win|ancientson
