|j|☆TheLeoj
|j|☆YYVVK
|html|TheLeojYYVVK    
|uhtml|bestof|Game 2 of a best-of-3
|t:|1784303793
|gametype|doubles
|player|p1|TheLeoj|102|1149
|player|p2|YYVVK|lucas|1000
|gen|9
|tier|[Gen 9 Champions] VGC 2026 Reg M-B (Bo3)
|rated|
|rule|Species Clause: Limit one of each Pokémon
|rule|Item Clause: Limit 1 of each item
|clearpoke
|poke|p1|Garchomp, L50, M, shiny|
|poke|p1|Venusaur, L50, F, shiny|
|poke|p1|Incineroar, L50, F, shiny|
|poke|p1|Charizard, L50, F, shiny|
|poke|p1|Toxapex, L50, F, shiny|
|poke|p1|Annihilape, L50, M, shiny|
|poke|p2|Charizard, L50, F, shiny|
|poke|p2|Hydreigon, L50, F, shiny|
|poke|p2|Dragonite, L50, F, shiny|
|poke|p2|Gliscor, L50, M, shiny|
|poke|p2|Rotom-Wash, L50, shiny|
|poke|p2|Staraptor, L50, M, shiny|
|teampreview|4
|showteam|p1|Garchomp||ChoiceScarf|RoughSkin|Earthquake,RockSlide,DragonClaw,StompingTantrum|Adamant||M|||50|]Venusaur||LifeOrb|Chlorophyll|SludgeBomb,SolarBeam,EarthPower,Protect|Modest||F|||50|]Incineroar||SitrusBerry|Intimidate|FakeOut,FlareBlitz,ThroatChop,PartingShot|Impish||F|||50|]Charizard||CharizarditeY|Blaze|HeatWave,WeatherBall,Protect,HelpingHand|Modest||F|||50|]Toxapex||Leftovers|Regenerator|Infestation,Toxic,WideGuard,BanefulBunker|Impish||F|||50|]Annihilape||FocusSash|Defiant|CloseCombat,PhantomForce,RockTomb,Protect|Jolly||M|||50|
|showteam|p2|Charizard||CharizarditeY|SolarPower|HeatWave,SolarBeam,WeatherBall,Protect|Timid||F|||50|]Hydreigon||LifeOrb|Levitate|DracoMeteor,Snarl,FlashCannon,Protect|Timid||F|||50|]Dragonite||DragonFang|Multiscale|DragonClaw,ExtremeSpeed,LowKick,Protect|Adamant||F|||50|]Gliscor||FocusSash|HyperCutter|Earthquake,Acrobatics,Protect,Uturn|Jolly||M|||50|]Rotom-Wash||Leftovers|Levitate|VoltSwitch,Thunderbolt,HydroPump,WillOWisp|Timid|||||50|]Staraptor||Staraptite|Intimidate|CloseCombat,DualWingbeat,Protect,Roost|Adamant||M|||50|
|inactive|Battle timer is ON: inactive players will automatically lose when time's up. (requested by YYVVK)
|inactive|TheLeoj also wants the timer to be on.
|
|t:|1784303808
|teamsize|p1|4
|teamsize|p2|4
|start
|switch|p1a: Toxapex|Toxapex, L50, F, shiny|100/100
|switch|p1b: Garchomp|Garchomp, L50, M, shiny|100/100
|switch|p2a: Firework|Charizard, L50, F, shiny|100/100
|switch|p2b: Night sky|Hydreigon, L50, F, shiny|100/100
|turn|1
|inactive|TheLeoj has 30 seconds left.
|
|t:|1784303839
|detailschange|p2a: Firework|Charizard-Mega-Y, L50, F, shiny
|-mega|p2a: Firework|Charizard|Charizardite Y
|-weather|SunnyDay|[from] ability: Drought|[of] p2a: Firework
|move|p1b: Garchomp|Dragon Claw|p2b: Night sky
|-supereffective|p2b: Night sky|1
|-damage|p2b: Night sky|1/100
|move|p2a: Firework|Solar Beam||[still]
|-prepare|p2a: Firework|Solar Beam
|-anim|p2a: Firework|Solar Beam|p1a: Toxapex
|-damage|p1a: Toxapex|63/100
|move|p2b: Night sky|Draco Meteor|p1b: Garchomp
|-supereffective|p1b: Garchomp|1
|-damage|p1b: Garchomp|0 fnt
|-unboost|p2b: Night sky|spa|2
|faint|p1b: Garchomp
|-damage|p2b: Night sky|0 fnt|[from] item: Life Orb
|faint|p2b: Night sky
|move|p1a: Toxapex|Toxic|p2a: Firework
|-status|p2a: Firework|tox
|
|-weather|SunnyDay|[upkeep]
|-heal|p1a: Toxapex|69/100|[from] item: Leftovers
|-damage|p2a: Firework|94/100 tox|[from] psn
|upkeep
|
|t:|1784303864
|switch|p2b: Waterhose|Rotom-Wash, L50, shiny|100/100
|switch|p1b: Charizard|Charizard, L50, F, shiny|100/100
|turn|2
|
|t:|1784303874
|switch|p2a: Houdini|Dragonite, L50, F, shiny|100/100
|detailschange|p1b: Charizard|Charizard-Mega-Y, L50, F, shiny
|-mega|p1b: Charizard|Charizard|Charizardite Y
|move|p1b: Charizard|Protect|p1b: Charizard
|-singleturn|p1b: Charizard|Protect
|move|p2b: Waterhose|Thunderbolt|p1b: Charizard
|-activate|p1b: Charizard|move: Protect
|move|p1a: Toxapex|Infestation|p2b: Waterhose
|-crit|p2b: Waterhose
|-damage|p2b: Waterhose|94/100
|-activate|p2b: Waterhose|move: Infestation|[of] p1a: Toxapex
|
|-weather|SunnyDay|[upkeep]
|-heal|p2b: Waterhose|100/100|[from] item: Leftovers
|-heal|p1a: Toxapex|75/100|[from] item: Leftovers
|-damage|p2b: Waterhose|88/100|[from] move: Infestation|[partiallytrapped]
|upkeep
|turn|3
|
|t:|1784303895
|switch|p1b: Venusaur|Venusaur, L50, F, shiny|100/100
|move|p2b: Waterhose|Thunderbolt|p1b: Venusaur
|-resisted|p1b: Venusaur|1
|-damage|p1b: Venusaur|76/100
|move|p2a: Houdini|Dragon Claw|p1b: Venusaur
|-damage|p1b: Venusaur|5/100
|move|p1a: Toxapex|Toxic|p2b: Waterhose
|-status|p2b: Waterhose|tox
|
|-weather|SunnyDay|[upkeep]
|-heal|p2b: Waterhose|93/100 tox|[from] item: Leftovers
|-heal|p1a: Toxapex|80/100|[from] item: Leftovers
|-damage|p2b: Waterhose|88/100 tox|[from] psn
|-damage|p2b: Waterhose|76/100 tox|[from] move: Infestation|[partiallytrapped]
|upkeep
|turn|4
|
|t:|1784303914
|move|p1b: Venusaur|Protect|p1b: Venusaur
|-singleturn|p1b: Venusaur|Protect
|move|p2a: Houdini|Extreme Speed|p1b: Venusaur
|-activate|p1b: Venusaur|move: Protect
|move|p2b: Waterhose|Thunderbolt|p1a: Toxapex
|-supereffective|p1a: Toxapex|1
|-damage|p1a: Toxapex|14/100
|move|p1a: Toxapex|Toxic|p2a: Houdini
|-status|p2a: Houdini|tox
|
|-weather|SunnyDay|[upkeep]
|-heal|p2b: Waterhose|81/100 tox|[from] item: Leftovers
|-heal|p1a: Toxapex|20/100y|[from] item: Leftovers
|-damage|p2b: Waterhose|70/100 tox|[from] psn
|-damage|p2a: Houdini|93/100 tox|[from] psn
|-damage|p2b: Waterhose|59/100 tox|[from] move: Infestation|[partiallytrapped]
|upkeep
|turn|5
|inactive|TheLeoj has 30 seconds left.
|
|t:|1784303946
|-heal|p1a: Toxapex|53/100|[from] ability: Regenerator|[silent]
|switch|p1a: Charizard|Charizard-Mega-Y, L50, F, shiny|100/100
|move|p1b: Venusaur|Solar Beam||[still]
|-prepare|p1b: Venusaur|Solar Beam
|-anim|p1b: Venusaur|Solar Beam|p2b: Waterhose
|-supereffective|p2b: Waterhose|1
|-damage|p2b: Waterhose|0 fnt
|faint|p2b: Waterhose
|-damage|p1b: Venusaur|0 fnt|[from] item: Life Orb
|faint|p1b: Venusaur
|move|p2a: Houdini|Dragon Claw|p1a: Charizard
|-damage|p1a: Charizard|46/100
|
|-weather|none
|-damage|p2a: Houdini|81/100 tox|[from] psn
|upkeep
|
|t:|1784303967
|switch|p2b: Firework|Charizard-Mega-Y, L50, F, shiny|94/100 tox
|switch|p1b: Toxapex|Toxapex, L50, F, shiny|53/100
|-weather|SunnyDay|[from] ability: Drought|[of] p2b: Firework
|turn|6
|
|t:|1784303981
|move|p2b: Firework|Solar Beam||[still]
|-prepare|p2b: Firework|Solar Beam
|-anim|p2b: Firework|Solar Beam|p1b: Toxapex
|-damage|p1b: Toxapex|17/100
|move|p1a: Charizard|Heat Wave|p2b: Firework|[spread] p2a,p2b
|-resisted|p2a: Houdini|1
|-resisted|p2b: Firework|1
|-damage|p2a: Houdini|55/100 tox
|-damage|p2b: Firework|63/100 tox
|move|p2a: Houdini|Dragon Claw|p1a: Charizard
|-damage|p1a: Charizard|0 fnt
|faint|p1a: Charizard
|move|p1b: Toxapex|Infestation|p2a: Houdini
|-resisted|p2a: Houdini|1
|-damage|p2a: Houdini|54/100 tox
|-activate|p2a: Houdini|move: Infestation|[of] p1b: Toxapex
|
|-weather|SunnyDay|[upkeep]
|-heal|p1b: Toxapex|22/100|[from] item: Leftovers
|-damage|p2b: Firework|57/100 tox|[from] psn
|-damage|p2a: Houdini|36/100 tox|[from] psn
|-damage|p2a: Houdini|24/100 tox|[from] move: Infestation|[partiallytrapped]
|upkeep
|turn|7
|
|t:|1784304004
|move|p1b: Toxapex|Baneful Bunker|p1b: Toxapex
|-singleturn|p1b: Toxapex|move: Protect
|move|p2b: Firework|Solar Beam||[still]
|-prepare|p2b: Firework|Solar Beam
|-anim|p2b: Firework|Solar Beam|p1b: Toxapex
|-activate|p1b: Toxapex|move: Protect
|move|p2a: Houdini|Dragon Claw|p1b: Toxapex
|-activate|p1b: Toxapex|move: Protect
|
|-weather|SunnyDay|[upkeep]
|-heal|p1b: Toxapex|28/100|[from] item: Leftovers
|-damage|p2b: Firework|45/100 tox|[from] psn
|-damage|p2a: Houdini|0 fnt|[from] psn
|faint|p2a: Houdini
|upkeep
|turn|8
|
|t:|1784304026
|move|p1b: Toxapex|Baneful Bunker||[still]
|-fail|p1b: Toxapex
|move|p2b: Firework|Solar Beam||[still]
|-prepare|p2b: Firework|Solar Beam
|-anim|p2b: Firework|Solar Beam|p1b: Toxapex
|-damage|p1b: Toxapex|0 fnt
|faint|p1b: Toxapex
|
|win|YYVVK
