|j|☆JonnyNerd
|j|☆informtech
|html|JonnyNerdinformtech    
|uhtml|bestof|Game 1 of a best-of-3
|t:|1783227011
|gametype|doubles
|player|p1|JonnyNerd|waiter-gen4dp|1241
|player|p2|informtech|lucas|1160
|gen|9
|tier|[Gen 9 Champions] VGC 2026 Reg M-B (Bo3)
|rated|
|rule|Species Clause: Limit one of each Pokémon
|rule|Item Clause: Limit 1 of each item
|clearpoke
|poke|p1|Mamoswine, L50, M, shiny|
|poke|p1|Sinistcha-Masterpiece, L50|
|poke|p1|Rotom-Wash, L50|
|poke|p1|Froslass, L50, F|
|poke|p1|Blaziken, L50, M|
|poke|p1|Kingambit, L50, M|
|poke|p2|Staraptor, L50, F|
|poke|p2|Whimsicott, L50, M|
|poke|p2|Basculegion, L50, M|
|poke|p2|Garchomp, L50, F|
|poke|p2|Charizard, L50, F|
|poke|p2|Kingambit, L50, F|
|teampreview|4
|showteam|p1|Mamoswine||FocusSash|Oblivious|Protect,HighHorsepower,IceShard,Earthquake|Adamant||M|||50|]Sinistcha-Masterpiece||KasibBerry|Hospitality|TrickRoom,MatchaGotcha,RagePowder,Protect|Relaxed|||||50|]Rotom-Wash||ChoiceScarf|Levitate|Thunderbolt,HydroPump,WillOWisp,Electroweb|Timid|||||50|]Froslass||Froslassite|SnowCloak|Protect,AuroraVeil,Blizzard,ShadowBall|Timid||F|||50|]Blaziken||Blazikenite|SpeedBoost|Protect,CloseCombat,FlareBlitz,RockSlide|Adamant||M|||50|]Kingambit||BlackGlasses|Defiant|Protect,KowtowCleave,SuckerPunch,SwordsDance|Adamant||M|||50|
|showteam|p2|Staraptor||Staraptite|Intimidate|CloseCombat,BraveBird,Protect,Roost|Adamant||F|||50|]Whimsicott||FocusSash|Prankster|Tailwind,TrickRoom,Moonblast,Tickle|Quiet||M|||50|]Basculegion||SitrusBerry|Adaptability|LastRespects,Protect,AquaJet,WaveCrash|Jolly||M|||50|]Garchomp||LifeOrb|RoughSkin|DragonClaw,RockSlide,Earthquake,Protect|Adamant||F|||50|]Charizard||CharizarditeY|SolarPower|HeatWave,AirSlash,SolarBeam,Protect|Modest||F|||50|]Kingambit||BlackGlasses|Defiant|KowtowCleave,SuckerPunch,Protect,IronHead|Adamant||F|||50|
|c|☆JonnyNerd|glhf
|c|☆informtech|glhf!!
|
|t:|1783227053
|teamsize|p1|4
|teamsize|p2|4
|start
|switch|p1a: Rotom|Rotom-Wash, L50|100/100
|switch|p1b: Mamoswine|Mamoswine, L50, M, shiny|100/100
|switch|p2a: Whimsicott|Whimsicott, L50, M|100/100
|switch|p2b: Charizard|Charizard, L50, F|100/100
|turn|1
|
|t:|1783227080
|detailschange|p2b: Charizard|Charizard-Mega-Y, L50, F
|-mega|p2b: Charizard|Charizard|Charizardite Y
|-weather|SunnyDay|[from] ability: Drought|[of] p2b: Charizard
|move|p1b: Mamoswine|Ice Shard|p2a: Whimsicott
|-supereffective|p2a: Whimsicott|1
|-damage|p2a: Whimsicott|48/100
|move|p2a: Whimsicott|Tailwind|p2a: Whimsicott
|-sidestart|p2: informtech|move: Tailwind
|move|p2b: Charizard|Heat Wave|p1a: Rotom|[spread] p1a,p1b
|-resisted|p1a: Rotom|1
|-supereffective|p1b: Mamoswine|1
|-damage|p1a: Rotom|64/100
|-enditem|p1b: Mamoswine|Focus Sash
|-damage|p1b: Mamoswine|1/100
|move|p1a: Rotom|Electroweb|p2b: Charizard|[spread] p2a,p2b
|-resisted|p2a: Whimsicott|1
|-supereffective|p2b: Charizard|1
|-damage|p2a: Whimsicott|38/100
|-damage|p2b: Charizard|74/100
|-unboost|p2a: Whimsicott|spe|1
|-unboost|p2b: Charizard|spe|1
|
|-weather|SunnyDay|[upkeep]
|upkeep
|turn|2
|
|t:|1783227095
|switch|p2a: Garchomp|Garchomp, L50, F|100/100
|move|p1b: Mamoswine|Ice Shard|p2a: Garchomp
|-supereffective|p2a: Garchomp|2
|-damage|p2a: Garchomp|14/100
|move|p1a: Rotom|Electroweb|p2a: Garchomp|[spread] p2b
|-immune|p2a: Garchomp
|-supereffective|p2b: Charizard|1
|-damage|p2b: Charizard|49/100
|-unboost|p2b: Charizard|spe|1
|move|p2b: Charizard|Heat Wave|p1a: Rotom|[spread] p1a,p1b
|-resisted|p1a: Rotom|1
|-supereffective|p1b: Mamoswine|1
|-damage|p1a: Rotom|33/100
|-damage|p1b: Mamoswine|0 fnt
|faint|p1b: Mamoswine
|
|-weather|SunnyDay|[upkeep]
|upkeep
|
|t:|1783227108
|switch|p1b: Froslass|Froslass, L50, F|100/100
|turn|3
|
|t:|1783227122
|switch|p1a: Blaziken|Blaziken, L50, M|100/100
|switch|p2b: Basculegion|Basculegion, L50, M|100/100
|detailschange|p1b: Froslass|Froslass-Mega, L50, F
|-mega|p1b: Froslass|Froslass|Froslassite
|-weather|Snowscape|[from] ability: Snow Warning|[of] p1b: Froslass
|move|p2a: Garchomp|Rock Slide|p1a: Blaziken|[spread] p1a,p1b
|-supereffective|p1b: Froslass|1
|-damage|p1a: Blaziken|55/100
|-damage|p1b: Froslass|58/100
|-damage|p2a: Garchomp|4/100|[from] item: Life Orb
|cant|p1b: Froslass|flinch
|
|-weather|Snowscape|[upkeep]
|upkeep
|turn|4
|inactive|Battle timer is ON: inactive players will automatically lose when time's up. (requested by informtech)
|
|t:|1783227170
|switch|p2b: Whimsicott|Whimsicott, L50, M|38/100
|move|p1b: Froslass|Protect|p1b: Froslass
|-singleturn|p1b: Froslass|Protect
|move|p1a: Blaziken|Protect|p1a: Blaziken
|-singleturn|p1a: Blaziken|Protect
|move|p2a: Garchomp|Rock Slide|p1b: Froslass|[spread] 
|-activate|p1a: Blaziken|move: Protect
|-activate|p1b: Froslass|move: Protect
|
|-weather|Snowscape|[upkeep]
|-sideend|p2: informtech|move: Tailwind
|-ability|p1a: Blaziken|Speed Boost|boost
|-boost|p1a: Blaziken|spe|1
|upkeep
|turn|5
|
|t:|1783227185
|move|p2b: Whimsicott|Tailwind|p2b: Whimsicott
|-sidestart|p2: informtech|move: Tailwind
|move|p2a: Garchomp|Rock Slide|p1b: Froslass|[spread] p1a,p1b
|-supereffective|p1b: Froslass|1
|-damage|p1a: Blaziken|11/100
|-damage|p1b: Froslass|11/100
|-damage|p2a: Garchomp|0 fnt|[from] item: Life Orb
|faint|p2a: Garchomp
|cant|p1a: Blaziken|flinch
|cant|p1b: Froslass|flinch
|
|-weather|Snowscape|[upkeep]
|-ability|p1a: Blaziken|Speed Boost|boost
|-boost|p1a: Blaziken|spe|1
|upkeep
|
|t:|1783227189
|switch|p2a: Charizard|Charizard-Mega-Y, L50, F|49/100
|-weather|SunnyDay|[from] ability: Drought|[of] p2a: Charizard
|turn|6
|c|☆JonnyNerd|...
|-message|JonnyNerd forfeited.
|
|win|informtech
|l|☆JonnyNerd
|player|p1|
||JonnyNerd is ready for game 2.
