|j|☆int shadowbtl
|j|☆gabaconrado
|html|int shadowbtlgabaconrado    
|uhtml|bestof|Game 1 of a best-of-3
|t:|1784501120
|gametype|doubles
|player|p1|int shadowbtl|266|
|player|p2|gabaconrado|101|
|gen|9
|tier|[Gen 9 Champions] VGC 2026 Reg M-B (Bo3)
|rule|Species Clause: Limit one of each Pokémon
|rule|Item Clause: Limit 1 of each item
|clearpoke
|poke|p1|Blaziken, L50, M|
|poke|p1|Aerodactyl, L50, M|
|poke|p1|Kingambit, L50, F|
|poke|p1|Basculegion, L50, M|
|poke|p1|Sylveon, L50, M|
|poke|p1|Torkoal, L50, F|
|poke|p2|Gengar, L50, F|
|poke|p2|Ninetales-Alola, L50, M|
|poke|p2|Palafin, L50, F|
|poke|p2|Garchomp, L50, F|
|poke|p2|Incineroar, L50, M|
|poke|p2|Vivillon-Fancy, L50, F|
|teampreview|4
|showteam|p1|Blaziken||Blazikenite|SpeedBoost|FlareBlitz,CloseCombat,Protect,RockSlide|Adamant||M|||50|]Aerodactyl||Aerodactylite|Unnerve|RockSlide,DualWingbeat,IceFang,Tailwind|Jolly||M|||50|]Kingambit||LifeOrb|Defiant|KowtowCleave,Protect,IronHead,SuckerPunch|Adamant||F|||50|]Basculegion||FocusSash|Adaptability|Liquidation,Protect,LastRespects,AquaJet|Adamant||M|||50|]Sylveon||FairyFeather|Pixilate|HyperVoice,Moonblast,QuickAttack,Protect|Modest||M|||50|]Torkoal||Leftovers|Drought|BurningJealousy,WeatherBall,Protect,Yawn|Relaxed||F|||50|
|showteam|p2|Gengar||Gengarite|CursedBody|Protect,ShadowBall,SludgeBomb,DazzlingGleam|Modest||F|||50|]Ninetales-Alola||NeverMeltIce|SnowWarning|Protect,Blizzard,FreezeDry,Moonblast|Timid||M|||50|]Palafin||MysticWater|ZerotoHero|Protect,JetPunch,WaveCrash,CloseCombat|Adamant||F|||50|]Garchomp||ChoiceScarf|RoughSkin|Earthquake,RockSlide,StompingTantrum,DragonClaw|Adamant||F|||50|]Incineroar||SitrusBerry|Intimidate|PartingShot,FakeOut,FlareBlitz,ThroatChop|Impish||M|||50|]Vivillon-Fancy||FocusSash|CompoundEyes|Protect,Hurricane,SleepPowder,Tailwind|Timid||F|||50|
|inactive|Battle timer is ON: inactive players will automatically lose when time's up. (requested by gabaconrado)
|inactive|int shadowbtl has 60 seconds left.
|inactive|gabaconrado has 60 seconds left.
|inactive|int shadowbtl has 30 seconds left.
|inactive|gabaconrado has 30 seconds left.
|inactive|int shadowbtl has 20 seconds left.
|inactive|gabaconrado has 20 seconds left.
|inactive|gabaconrado has 15 seconds left.
|inactive|gabaconrado has 10 seconds left.
|
|t:|1784501203
|teamsize|p1|4
|teamsize|p2|4
|start
|switch|p1a: Kingambit|Kingambit, L50, F|100/100
|switch|p1b: Blaziken|Blaziken, L50, M|100/100
|switch|p2a: Gengar|Gengar, L50, F|100/100
|switch|p2b: Incineroar|Incineroar, L50, M|100/100
|-ability|p2b: Incineroar|Intimidate|boost
|-unboost|p1a: Kingambit|atk|1
|-ability|p1a: Kingambit|Defiant|boost
|-boost|p1a: Kingambit|atk|2
|-unboost|p1b: Blaziken|atk|1
|turn|1
|inactive|int shadowbtl has 30 seconds left.
|inactive|gabaconrado has 30 seconds left.
|inactive|int shadowbtl has 20 seconds left.
|inactive|gabaconrado has 20 seconds left.
|
|t:|1784501244
|switch|p2b: Garchomp|Garchomp, L50, F|100/100
|detailschange|p2a: Gengar|Gengar-Mega, L50, F
|-mega|p2a: Gengar|Gengar|Gengarite
|detailschange|p1b: Blaziken|Blaziken-Mega, L50, M
|-mega|p1b: Blaziken|Blaziken|Blazikenite
|move|p2a: Gengar|Protect|p2a: Gengar
|-singleturn|p2a: Gengar|Protect
|move|p1a: Kingambit|Sucker Punch||[still]
|-fail|p1a: Kingambit
|move|p1b: Blaziken|Flare Blitz|p2a: Gengar
|-activate|p2a: Gengar|move: Protect
|
|-ability|p1b: Blaziken|Speed Boost|boost
|-boost|p1b: Blaziken|spe|1
|upkeep
|turn|2
|inactive|int shadowbtl has 30 seconds left.
|inactive|gabaconrado has 30 seconds left.
|
|t:|1784501277
|move|p1b: Blaziken|Protect|p1b: Blaziken
|-singleturn|p1b: Blaziken|Protect
|move|p1a: Kingambit|Protect|p1a: Kingambit
|-singleturn|p1a: Kingambit|Protect
|move|p2b: Garchomp|Stomping Tantrum|p1a: Kingambit
|-activate|p1a: Kingambit|move: Protect
|move|p2a: Gengar|Dazzling Gleam|p1a: Kingambit|[spread] 
|-activate|p1a: Kingambit|move: Protect
|-activate|p1b: Blaziken|move: Protect
|
|-ability|p1b: Blaziken|Speed Boost|boost
|-boost|p1b: Blaziken|spe|1
|upkeep
|turn|3
|inactive|int shadowbtl has 30 seconds left.
|
|t:|1784501303
|move|p2a: Gengar|Protect|p2a: Gengar
|-singleturn|p2a: Gengar|Protect
|move|p1a: Kingambit|Sucker Punch|p2b: Garchomp
|-damage|p2b: Garchomp|15/100
|-damage|p1a: Kingambit|87/100|[from] ability: Rough Skin|[of] p2b: Garchomp
|-damage|p1a: Kingambit|78/100|[from] item: Life Orb
|move|p1b: Blaziken|Flare Blitz|p2b: Garchomp
|-resisted|p2b: Garchomp|1
|-damage|p2b: Garchomp|0 fnt
|-damage|p1b: Blaziken|87/100|[from] ability: Rough Skin|[of] p2b: Garchomp
|faint|p2b: Garchomp
|-damage|p1b: Blaziken|81/100|[from] Recoil
|
|-ability|p1b: Blaziken|Speed Boost|boost
|-boost|p1b: Blaziken|spe|1
|upkeep
|
|t:|1784501319
|switch|p2b: Incineroar|Incineroar, L50, M|100/100
|-ability|p2b: Incineroar|Intimidate|boost
|-unboost|p1a: Kingambit|atk|1
|-ability|p1a: Kingambit|Defiant|boost
|-boost|p1a: Kingambit|atk|2
|-unboost|p1b: Blaziken|atk|1
|turn|4
|
|t:|1784501334
|move|p1b: Blaziken|Protect|p1b: Blaziken
|-singleturn|p1b: Blaziken|Protect
|move|p1a: Kingambit|Protect|p1a: Kingambit
|-singleturn|p1a: Kingambit|Protect
|move|p2b: Incineroar|Fake Out|p1a: Kingambit
|-activate|p1a: Kingambit|move: Protect
|move|p2a: Gengar|Sludge Bomb|p1b: Blaziken
|-activate|p1b: Blaziken|move: Protect
|
|-ability|p1b: Blaziken|Speed Boost|boost
|-boost|p1b: Blaziken|spe|1
|upkeep
|turn|5
|
|t:|1784501353
|move|p1a: Kingambit|Sucker Punch|p2a: Gengar
|-supereffective|p2a: Gengar|1
|-damage|p2a: Gengar|0 fnt
|faint|p2a: Gengar
|-damage|p1a: Kingambit|68/100|[from] item: Life Orb
|move|p1b: Blaziken|Close Combat|p2b: Incineroar
|-supereffective|p2b: Incineroar|1
|-damage|p2b: Incineroar|37/100
|-unboost|p1b: Blaziken|def|1
|-unboost|p1b: Blaziken|spd|1
|-enditem|p2b: Incineroar|Sitrus Berry|[eat]
|-heal|p2b: Incineroar|62/100|[from] item: Sitrus Berry
|move|p2b: Incineroar|Flare Blitz|p1a: Kingambit
|-supereffective|p1a: Kingambit|1
|-damage|p1a: Kingambit|0 fnt
|faint|p1a: Kingambit
|-damage|p2b: Incineroar|40/100|[from] Recoil
|
|-ability|p1b: Blaziken|Speed Boost|boost
|-boost|p1b: Blaziken|spe|1
|upkeep
|
|t:|1784501371
|switch|p2a: Ninetales|Ninetales-Alola, L50, M|100/100
|switch|p1a: Torkoal|Torkoal, L50, F|100/100
|-weather|Snowscape|[from] ability: Snow Warning|[of] p2a: Ninetales
|-weather|SunnyDay|[from] ability: Drought|[of] p1a: Torkoal
|turn|6
|
|t:|1784501392
|move|p1b: Blaziken|Close Combat|p2b: Incineroar
|-supereffective|p2b: Incineroar|1
|-damage|p2b: Incineroar|0 fnt
|-unboost|p1b: Blaziken|def|1
|-unboost|p1b: Blaziken|spd|1
|faint|p2b: Incineroar
|move|p2a: Ninetales|Moonblast|p1b: Blaziken
|-damage|p1b: Blaziken|0 fnt
|faint|p1b: Blaziken
|move|p1a: Torkoal|Weather Ball|p2a: Ninetales
|-supereffective|p2a: Ninetales|1
|-damage|p2a: Ninetales|0 fnt
|faint|p2a: Ninetales
|
|win|int shadowbtl
|inactive|int shadowbtl has 30 seconds to confirm battle start!
|inactive|gabaconrado has 30 seconds to confirm battle start!
||int shadowbtl is ready for game 2.
|inactive|gabaconrado has 20 seconds to confirm battle start!
|inactive|gabaconrado has 10 seconds to confirm battle start!
|l|☆gabaconrado
|player|p2|
||gabaconrado is ready for game 2.
|uhtml|next|Next: Game 2 of 3
