|j|☆tatsulol
|j|☆bruGno
|html|tatsulolbruGno    
|uhtml|bestof|Game 2 of a best-of-3
|t:|1786198440
|gametype|doubles
|player|p1|tatsulol|265|
|player|p2|bruGno|ash-kalos|
|gen|9
|tier|[Gen 9 Champions] VGC 2026 Reg M-B (Bo3)
|rule|Species Clause: Limit one of each Pokémon
|rule|Item Clause: Limit 1 of each item
|clearpoke
|poke|p1|Staraptor, L50, M|
|poke|p1|Tyranitar, L50, M|
|poke|p1|Gholdengo, L50|
|poke|p1|Excadrill, L50, M|
|poke|p1|Sinistcha, L50|
|poke|p1|Milotic, L50, M|
|poke|p2|Venusaur, L50, M|
|poke|p2|Charizard, L50, M|
|poke|p2|Grimmsnarl, L50, M|
|poke|p2|Archaludon, L50, F|
|poke|p2|Pelipper, L50, F|
|poke|p2|Basculegion, L50, M|
|teampreview|4
|showteam|p1|Staraptor||Staraptite|Intimidate|BraveBird,CloseCombat,Tailwind,Protect|Jolly||M|||50|]Tyranitar||Tyranitarite|SandStream|RockSlide,KnockOff,LowKick,Protect|Adamant||M|||50|]Gholdengo||ChoiceScarf|GoodasGold|ShadowBall,MakeItRain,Thunderbolt,PowerGem|Modest|||||50|]Excadrill||FocusSash|SandRush|HighHorsepower,IronHead,RockSlide,Protect|Adamant||M|||50|]Sinistcha||CobaBerry|Hospitality|MatchaGotcha,RagePowder,TrickRoom,LifeDew|Relaxed|||||50|]Milotic||SitrusBerry|Competitive|Scald,IceBeam,IcyWind,Protect|Modest||M|||50|
|showteam|p2|Venusaur||FocusSash|Chlorophyll|SludgeBomb,EarthPower,SleepPowder,Protect|Modest||M|||50|]Charizard||CharizarditeY|Blaze|Protect,HeatWave,SolarBeam,WeatherBall|Modest||M|||50|]Grimmsnarl||LightClay|Prankster|SpiritBreak,LightScreen,Reflect,PartingShot|Sassy||M|||50|]Archaludon||Leftovers|Stamina|ElectroShot,DragonPulse,FlashCannon,Protect|Calm||F|||50|]Pelipper||SitrusBerry|Drizzle|Hurricane,WeatherBall,Tailwind,Protect|Modest||F|||50|]Basculegion||ChoiceScarf|Adaptability|WaveCrash,LastRespects,AquaJet,FlipTurn|Jolly||M|||50|
|
|t:|1786198631
|teamsize|p1|4
|teamsize|p2|4
|start
|switch|p1a: Staraptor|Staraptor, L50, M|100/100
|switch|p1b: Gholdengo|Gholdengo, L50|100/100
|switch|p2a: Grimmsnarl|Grimmsnarl, L50, M|100/100
|switch|p2b: Basculegion|Basculegion, L50, M|100/100
|-ability|p1a: Staraptor|Intimidate|boost
|-unboost|p2a: Grimmsnarl|atk|1
|-unboost|p2b: Basculegion|atk|1
|turn|1
|
|t:|1786198719
|detailschange|p1a: Staraptor|Staraptor-Mega, L50, M
|-mega|p1a: Staraptor|Staraptor|Staraptite
|move|p1b: Gholdengo|Thunderbolt|p2b: Basculegion
|-supereffective|p2b: Basculegion|1
|-damage|p2b: Basculegion|22/100
|move|p2b: Basculegion|Flip Turn|p1a: Staraptor
|-damage|p1a: Staraptor|75/100
|
|t:|1786198732
|switch|p2b: Pelipper|Pelipper, L50, F|100/100|[from] Flip Turn
|-weather|RainDance|[from] ability: Drizzle|[of] p2b: Pelipper
|move|p1a: Staraptor|Tailwind|p1a: Staraptor
|-sidestart|p1: tatsulol|move: Tailwind
|move|p2a: Grimmsnarl|Spirit Break|p1a: Staraptor
|-supereffective|p1a: Staraptor|1
|-damage|p1a: Staraptor|32/100
|-boost|p1a: Staraptor|spa|1
|
|-weather|RainDance|[upkeep]
|upkeep
|turn|2
|
|t:|1786198769
|switch|p2b: Archaludon|Archaludon, L50, F|100/100
|move|p2a: Grimmsnarl|Reflect|p2a: Grimmsnarl
|-sidestart|p2: bruGno|Reflect
|move|p1b: Gholdengo|Thunderbolt|p2b: Archaludon
|-resisted|p2b: Archaludon|1
|-damage|p2b: Archaludon|85/100
|-ability|p2b: Archaludon|Stamina|boost
|-boost|p2b: Archaludon|def|1
|move|p1a: Staraptor|Close Combat|p2a: Grimmsnarl
|-damage|p2a: Grimmsnarl|53/100
|-boost|p1a: Staraptor|def|1
|-boost|p1a: Staraptor|spd|1
|
|-weather|RainDance|[upkeep]
|-heal|p2b: Archaludon|91/100|[from] item: Leftovers
|upkeep
|turn|3
|
|t:|1786198796
|switch|p1b: Tyranitar|Tyranitar, L50, M|100/100
|-weather|Sandstorm|[from] ability: Sand Stream|[of] p1b: Tyranitar
|move|p1a: Staraptor|Close Combat|p2b: Archaludon
|-supereffective|p2b: Archaludon|1
|-damage|p2b: Archaludon|56/100
|-boost|p1a: Staraptor|def|1
|-boost|p1a: Staraptor|spd|1
|-ability|p2b: Archaludon|Stamina|boost
|-boost|p2b: Archaludon|def|1
|move|p2b: Archaludon|Flash Cannon|p1b: Tyranitar
|-supereffective|p1b: Tyranitar|1
|-damage|p1b: Tyranitar|57/100
|move|p2a: Grimmsnarl|Spirit Break|p1b: Tyranitar
|-supereffective|p1b: Tyranitar|1
|-damage|p1b: Tyranitar|20/100y
|-unboost|p1b: Tyranitar|spa|1
|
|-weather|Sandstorm|[upkeep]
|-damage|p1a: Staraptor|26/100|[from] Sandstorm
|-damage|p2a: Grimmsnarl|47/100|[from] Sandstorm
|-heal|p2b: Archaludon|62/100|[from] item: Leftovers
|upkeep
|turn|4
|
|t:|1786198846
|switch|p1b: Sinistcha|Sinistcha, L50|100/100
|-heal|p1a: Staraptor|51/100|[from] ability: Hospitality|[of] p1b: Sinistcha
|move|p1a: Staraptor|Protect|p1a: Staraptor
|-singleturn|p1a: Staraptor|Protect
|move|p2b: Archaludon|Protect|p2b: Archaludon
|-singleturn|p2b: Archaludon|Protect
|move|p2a: Grimmsnarl|Light Screen|p2a: Grimmsnarl
|-sidestart|p2: bruGno|move: Light Screen
|
|-weather|Sandstorm|[upkeep]
|-damage|p1a: Staraptor|45/100|[from] Sandstorm
|-damage|p1b: Sinistcha|93/100|[from] Sandstorm
|-damage|p2a: Grimmsnarl|41/100|[from] Sandstorm
|-heal|p2b: Archaludon|68/100|[from] item: Leftovers
|-sideend|p1: tatsulol|move: Tailwind
|upkeep
|turn|5
|
|t:|1786198883
|switch|p2a: Pelipper|Pelipper, L50, F|100/100
|-weather|RainDance|[from] ability: Drizzle|[of] p2a: Pelipper
|move|p1b: Sinistcha|Rage Powder|p1b: Sinistcha
|-singleturn|p1b: Sinistcha|move: Rage Powder
|move|p1a: Staraptor|Close Combat|p2b: Archaludon
|-supereffective|p2b: Archaludon|1
|-damage|p2b: Archaludon|39/100
|-boost|p1a: Staraptor|def|1
|-boost|p1a: Staraptor|spd|1
|-ability|p2b: Archaludon|Stamina|boost
|-boost|p2b: Archaludon|def|1
|move|p2b: Archaludon|Electro Shot||[still]
|-prepare|p2b: Archaludon|Electro Shot
|-boost|p2b: Archaludon|spa|1
|-anim|p2b: Archaludon|Electro Shot|p1b: Sinistcha
|-resisted|p1b: Sinistcha|1
|-damage|p1b: Sinistcha|69/100
|
|-weather|RainDance|[upkeep]
|-heal|p2b: Archaludon|45/100|[from] item: Leftovers
|upkeep
|turn|6
|
|t:|1786198928
|move|p1a: Staraptor|Protect|p1a: Staraptor
|-singleturn|p1a: Staraptor|Protect
|move|p2b: Archaludon|Flash Cannon|p1b: Sinistcha
|-damage|p1b: Sinistcha|24/100
|move|p2a: Pelipper|Tailwind|p2a: Pelipper
|-sidestart|p2: bruGno|move: Tailwind
|move|p1b: Sinistcha|Life Dew|p1b: Sinistcha|[spread] p1a,p1b
|-heal|p1a: Staraptor|70/100
|-heal|p1b: Sinistcha|50/100y
|
|-weather|RainDance|[upkeep]
|-heal|p2b: Archaludon|51/100|[from] item: Leftovers
|upkeep
|turn|7
|
|t:|1786199002
|switch|p1b: Tyranitar|Tyranitar, L50, M|20/100y
|-weather|Sandstorm|[from] ability: Sand Stream|[of] p1b: Tyranitar
|move|p2b: Archaludon|Dragon Pulse|p1a: Staraptor
|-damage|p1a: Staraptor|48/100
|move|p2a: Pelipper|Hurricane|p1a: Staraptor|[miss]
|-miss|p2a: Pelipper|p1a: Staraptor
|move|p1a: Staraptor|Tailwind|p1a: Staraptor
|-sidestart|p1: tatsulol|move: Tailwind
|
|-weather|Sandstorm|[upkeep]
|-damage|p1a: Staraptor|42/100|[from] Sandstorm
|-damage|p2a: Pelipper|93/100|[from] Sandstorm
|-heal|p2b: Archaludon|57/100|[from] item: Leftovers
|upkeep
|turn|8
|
|t:|1786199033
|switch|p1b: Sinistcha|Sinistcha, L50|50/100y
|-heal|p1a: Staraptor|67/100|[from] ability: Hospitality|[of] p1b: Sinistcha
|move|p1a: Staraptor|Protect|p1a: Staraptor
|-singleturn|p1a: Staraptor|Protect
|move|p2b: Archaludon|Protect|p2b: Archaludon
|-singleturn|p2b: Archaludon|Protect
|move|p2a: Pelipper|Hurricane|p1a: Staraptor
|-activate|p1a: Staraptor|move: Protect
|
|-weather|Sandstorm|[upkeep]
|-damage|p1a: Staraptor|61/100|[from] Sandstorm
|-damage|p2a: Pelipper|87/100|[from] Sandstorm
|-damage|p1b: Sinistcha|43/100|[from] Sandstorm
|-heal|p2b: Archaludon|63/100|[from] item: Leftovers
|upkeep
|turn|9
|
|t:|1786199091
|switch|p1b: Gholdengo|Gholdengo, L50|100/100
|move|p1a: Staraptor|Close Combat|p2b: Archaludon
|-supereffective|p2b: Archaludon|1
|-damage|p2b: Archaludon|41/100
|-boost|p1a: Staraptor|def|1
|-boost|p1a: Staraptor|spd|1
|-ability|p2b: Archaludon|Stamina|boost
|-boost|p2b: Archaludon|def|1
|move|p2b: Archaludon|Electro Shot||[still]
|-prepare|p2b: Archaludon|Electro Shot
|-boost|p2b: Archaludon|spa|1
|move|p2a: Pelipper|Hurricane|p1b: Gholdengo|[miss]
|-miss|p2a: Pelipper|p1b: Gholdengo
|
|-weather|Sandstorm|[upkeep]
|-damage|p1a: Staraptor|55/100|[from] Sandstorm
|-damage|p2a: Pelipper|81/100|[from] Sandstorm
|-heal|p2b: Archaludon|47/100|[from] item: Leftovers
|-sideend|p2: bruGno|Reflect
|-sideend|p2: bruGno|move: Tailwind
|upkeep
|turn|10
|
|t:|1786199138
|move|p1b: Gholdengo|Shadow Ball|p2b: Archaludon
|-damage|p2b: Archaludon|18/100
|-unboost|p2b: Archaludon|spd|1
|-ability|p2b: Archaludon|Stamina|boost
|-boost|p2b: Archaludon|def|1
|move|p1a: Staraptor|Close Combat|p2b: Archaludon
|-supereffective|p2b: Archaludon|1
|-damage|p2b: Archaludon|0 fnt
|-boost|p1a: Staraptor|def|1
|-boost|p1a: Staraptor|spd|1
|faint|p2b: Archaludon
|move|p2a: Pelipper|Tailwind|p2a: Pelipper
|-sidestart|p2: bruGno|move: Tailwind
|
|-weather|Sandstorm|[upkeep]
|-damage|p1a: Staraptor|49/100|[from] Sandstorm
|-damage|p2a: Pelipper|75/100|[from] Sandstorm
|-sideend|p1: tatsulol|move: Tailwind
|upkeep
|
|t:|1786199152
|switch|p2b: Basculegion|Basculegion, L50, M|22/100
|turn|11
|
|t:|1786199182
|move|p2b: Basculegion|Last Respects|p1b: Gholdengo
|-supereffective|p1b: Gholdengo|1
|-damage|p1b: Gholdengo|0 fnt
|faint|p1b: Gholdengo
|move|p2a: Pelipper|Hurricane|p1a: Staraptor|[miss]
|-miss|p2a: Pelipper|p1a: Staraptor
|move|p1a: Staraptor|Brave Bird|p2b: Basculegion
|-damage|p2b: Basculegion|0 fnt
|faint|p2b: Basculegion
|-damage|p1a: Staraptor|41/100|[from] Recoil
|
|-weather|none
|-sideend|p2: bruGno|move: Light Screen
|upkeep
|
|t:|1786199198
|switch|p1b: Sinistcha|Sinistcha, L50|43/100
|switch|p2b: Grimmsnarl|Grimmsnarl, L50, M|41/100
|-heal|p1a: Staraptor|66/100|[from] ability: Hospitality|[of] p1b: Sinistcha
|turn|12
|
|t:|1786199239
|move|p1b: Sinistcha|Rage Powder|p1b: Sinistcha
|-singleturn|p1b: Sinistcha|move: Rage Powder
|move|p2b: Grimmsnarl|Reflect|p2b: Grimmsnarl
|-sidestart|p2: bruGno|Reflect
|move|p2a: Pelipper|Hurricane|p1b: Sinistcha|[miss]
|-miss|p2a: Pelipper|p1b: Sinistcha
|move|p1a: Staraptor|Close Combat|p2b: Grimmsnarl
|-damage|p2b: Grimmsnarl|0 fnt
|-boost|p1a: Staraptor|def|1
|-boost|p1a: Staraptor|spd|1
|faint|p2b: Grimmsnarl
|
|upkeep
|turn|13
|
|t:|1786199264
|move|p1b: Sinistcha|Rage Powder|p1b: Sinistcha
|-singleturn|p1b: Sinistcha|move: Rage Powder
|move|p2a: Pelipper|Hurricane|p1b: Sinistcha|[miss]
|-miss|p2a: Pelipper|p1b: Sinistcha
|move|p1a: Staraptor|Brave Bird|p2a: Pelipper
|-damage|p2a: Pelipper|29/100
|-enditem|p2a: Pelipper|Sitrus Berry|[eat]
|-heal|p2a: Pelipper|54/100|[from] item: Sitrus Berry
|-damage|p1a: Staraptor|52/100|[from] Recoil
|
|-sideend|p2: bruGno|move: Tailwind
|upkeep
|turn|14
|
|t:|1786199273
|move|p1b: Sinistcha|Rage Powder|p1b: Sinistcha
|-singleturn|p1b: Sinistcha|move: Rage Powder
|move|p1a: Staraptor|Brave Bird|p2a: Pelipper
|-crit|p2a: Pelipper
|-damage|p2a: Pelipper|0 fnt
|faint|p2a: Pelipper
|-damage|p1a: Staraptor|35/100|[from] Recoil
|
|win|tatsulol
