|j|☆Homer35774335
|j|☆puli95
|html|Homer35774335puli95    
|uhtml|bestof|Game 1 of a best-of-3
|t:|1784944583
|gametype|doubles
|player|p1|Homer35774335|2|1000
|player|p2|puli95|170|1102
|gen|9
|tier|[Gen 9 Champions] VGC 2026 Reg M-B (Bo3)
|rated|
|rule|Species Clause: Limit one of each Pokémon
|rule|Item Clause: Limit 1 of each item
|clearpoke
|poke|p1|Swampert, L50, F|
|poke|p1|Archaludon, L50, F|
|poke|p1|Grimmsnarl, L50, M|
|poke|p1|Pelipper, L50, F|
|poke|p1|Venusaur, L50, F|
|poke|p1|Charizard, L50, M|
|poke|p2|Talonflame, L50, F|
|poke|p2|Hydreigon, L50, F|
|poke|p2|Milotic, L50, F|
|poke|p2|Froslass, L50, F|
|poke|p2|Sneasler, L50, F|
|poke|p2|Incineroar, L50, F|
|teampreview|4
|showteam|p1|Swampert||Swampertite|Torrent|WaveCrash,Earthquake,Protect,IcePunch|Adamant||F|||50|]Archaludon||Leftovers|Stamina|FlashCannon,ElectroShot,Protect,DragonPulse|Calm||F|||50|]Grimmsnarl||LightClay|Prankster|LightScreen,Reflect,SpiritBreak,Taunt|Sassy||M|||50|]Pelipper||SitrusBerry|Drizzle|Hurricane,Protect,WideGuard,WeatherBall|Modest||F|||50|]Venusaur||FocusSash|Chlorophyll|EarthPower,Protect,EnergyBall,SludgeBomb|Modest||F|||50|]Charizard||CharizarditeY|Blaze|HeatWave,SolarBeam,Protect,WeatherBall|Timid||M|||50|
|showteam|p2|Talonflame||Charcoal|GaleWings|Overheat,BraveBird,Tailwind,Protect|Naive||F|||50|]Hydreigon||LifeOrb|Levitate|DarkPulse,DracoMeteor,EarthPower,Protect|Modest||F|||50|]Milotic||Leftovers|Competitive|Scald,IceBeam,IcyWind,Protect|Bold||F|||50|]Froslass||Froslassite|SnowCloak|Blizzard,ShadowBall,Substitute,Protect|Timid||F|||50|]Sneasler||FocusSash|Unburden|CloseCombat,DireClaw,FakeOut,RainDance|Jolly||F|||50|]Incineroar||PasshoBerry|Intimidate|FlareBlitz,ThroatChop,FakeOut,PartingShot|Careful||F|||50|
|
|t:|1784944643
|teamsize|p1|4
|teamsize|p2|4
|start
|switch|p1a: Homer2|Grimmsnarl, L50, M|100/100
|switch|p1b: Homer1|Swampert, L50, F|100/100
|switch|p2a: Talonflame|Talonflame, L50, F|100/100
|switch|p2b: Hydreigon|Hydreigon, L50, F|100/100
|turn|1
|
|t:|1784944667
|detailschange|p1b: Homer1|Swampert-Mega, L50, F
|-mega|p1b: Homer1|Swampert|Swampertite
|move|p1a: Homer2|Light Screen|p1a: Homer2
|-sidestart|p1: Homer35774335|move: Light Screen
|move|p2a: Talonflame|Overheat|p1a: Homer2|[miss]
|-miss|p2a: Talonflame|p1a: Homer2
|move|p2b: Hydreigon|Earth Power|p1a: Homer2
|-damage|p1a: Homer2|75/100
|-damage|p2b: Hydreigon|90/100|[from] item: Life Orb
|move|p1b: Homer1|Ice Punch|p2a: Talonflame
|-damage|p2a: Talonflame|52/100
|
|upkeep
|turn|2
|
|t:|1784944687
|move|p1a: Homer2|Reflect|p1a: Homer2
|-sidestart|p1: Homer35774335|Reflect
|move|p2a: Talonflame|Overheat|p1a: Homer2
|-damage|p1a: Homer2|42/100
|-unboost|p2a: Talonflame|spa|2
|move|p2b: Hydreigon|Earth Power|p1a: Homer2
|-crit|p1a: Homer2
|-damage|p1a: Homer2|0 fnt
|faint|p1a: Homer2
|-damage|p2b: Hydreigon|80/100|[from] item: Life Orb
|move|p1b: Homer1|Wave Crash|p2a: Talonflame
|-supereffective|p2a: Talonflame|1
|-damage|p2a: Talonflame|0 fnt
|faint|p2a: Talonflame
|-damage|p1b: Homer1|84/100|[from] Recoil
|
|upkeep
|
|t:|1784944715
|switch|p2a: Froslass|Froslass, L50, F|100/100
|switch|p1a: Not Homer|Archaludon, L50, F|100/100
|turn|3
|
|t:|1784944731
|detailschange|p2a: Froslass|Froslass-Mega, L50, F
|-mega|p2a: Froslass|Froslass|Froslassite
|-weather|Snowscape|[from] ability: Snow Warning|[of] p2a: Froslass
|move|p2b: Hydreigon|Protect|p2b: Hydreigon
|-singleturn|p2b: Hydreigon|Protect
|move|p1b: Homer1|Protect|p1b: Homer1
|-singleturn|p1b: Homer1|Protect
|move|p1a: Not Homer|Protect|p1a: Not Homer
|-singleturn|p1a: Not Homer|Protect
|move|p2a: Froslass|Blizzard|p1a: Not Homer|[spread] 
|-activate|p1a: Not Homer|move: Protect
|-activate|p1b: Homer1|move: Protect
|
|-weather|Snowscape|[upkeep]
|upkeep
|turn|4
|
|t:|1784944759
|switch|p2a: Sneasler|Sneasler, L50, F|100/100
|switch|p1a: Homer3|Pelipper, L50, F|100/100
|-weather|RainDance|[from] ability: Drizzle|[of] p1a: Homer3
|move|p1b: Homer1|Ice Punch|p2b: Hydreigon
|-supereffective|p2b: Hydreigon|1
|-damage|p2b: Hydreigon|6/100
|move|p2b: Hydreigon|Draco Meteor|p1a: Homer3
|-damage|p1a: Homer3|0 fnt
|-unboost|p2b: Hydreigon|spa|2
|faint|p1a: Homer3
|-damage|p2b: Hydreigon|0 fnt|[from] item: Life Orb
|faint|p2b: Hydreigon
|
|-weather|RainDance|[upkeep]
|upkeep
|
|t:|1784944775
|switch|p2b: Froslass|Froslass-Mega, L50, F|100/100
|switch|p1a: Not Homer|Archaludon, L50, F|100/100
|-weather|Snowscape|[from] ability: Snow Warning|[of] p2b: Froslass
|turn|5
|
|t:|1784944790
|move|p1a: Not Homer|Protect|p1a: Not Homer
|-singleturn|p1a: Not Homer|Protect
|move|p2a: Sneasler|Close Combat|p1a: Not Homer
|-activate|p1a: Not Homer|move: Protect
|move|p2b: Froslass|Blizzard|p1a: Not Homer|[spread] p1b
|-activate|p1a: Not Homer|move: Protect
|-damage|p1b: Homer1|61/100
|move|p1b: Homer1|Earthquake|p2b: Froslass|[spread] p2a,p2b
|-activate|p1a: Not Homer|move: Protect
|-supereffective|p2a: Sneasler|1
|-enditem|p2a: Sneasler|Focus Sash
|-damage|p2a: Sneasler|1/100
|-damage|p2b: Froslass|66/100
|
|-weather|Snowscape|[upkeep]
|upkeep
|turn|6
|
|t:|1784944826
|move|p2a: Sneasler|Close Combat|p1a: Not Homer
|-supereffective|p1a: Not Homer|1
|-damage|p1a: Not Homer|38/100
|-unboost|p2a: Sneasler|def|1
|-unboost|p2a: Sneasler|spd|1
|-ability|p1a: Not Homer|Stamina|boost
|-boost|p1a: Not Homer|def|1
|move|p2b: Froslass|Blizzard|p1b: Homer1|[spread] p1a,p1b
|-damage|p1a: Not Homer|18/100
|-damage|p1b: Homer1|38/100
|-status|p1a: Not Homer|frz
|-ability|p1a: Not Homer|Stamina|boost
|-boost|p1a: Not Homer|def|1
|move|p1b: Homer1|Wave Crash|p2b: Froslass
|-damage|p2b: Froslass|5/100
|-damage|p1b: Homer1|21/100|[from] Recoil
|cant|p1a: Not Homer|frz
|
|-weather|Snowscape|[upkeep]
|-heal|p1a: Not Homer|24/100 frz|[from] item: Leftovers
|upkeep
|turn|7
|
|t:|1784944858
|move|p1b: Homer1|Protect|p1b: Homer1
|-singleturn|p1b: Homer1|Protect
|move|p2a: Sneasler|Close Combat|p1b: Homer1
|-activate|p1b: Homer1|move: Protect
|move|p2b: Froslass|Blizzard|p1a: Not Homer|[spread] p1a
|-activate|p1b: Homer1|move: Protect
|-damage|p1a: Not Homer|1/100 frz
|-ability|p1a: Not Homer|Stamina|boost
|-boost|p1a: Not Homer|def|1
|cant|p1a: Not Homer|frz
|
|-weather|Snowscape|[upkeep]
|-heal|p1a: Not Homer|7/100 frz|[from] item: Leftovers
|upkeep
|turn|8
|
|t:|1784944891
|move|p2a: Sneasler|Close Combat|p1b: Homer1
|-damage|p1b: Homer1|0 fnt
|-unboost|p2a: Sneasler|def|1
|-unboost|p2a: Sneasler|spd|1
|faint|p1b: Homer1
|move|p2b: Froslass|Blizzard|p1a: Not Homer
|-damage|p1a: Not Homer|0 fnt
|faint|p1a: Not Homer
|
|win|puli95
||puli95 is ready for game 2.
