|j|☆eeveeolite bisharp
|j|☆ina fable
|html|eeveeolite bisharpina fable    
|uhtml|bestof|Game 1 of a best-of-3
|t:|1784156037
|gametype|doubles
|player|p1|eeveeolite bisharp|zinnia|
|player|p2|ina fable|#inafable|
|gen|9
|tier|[Gen 9 Champions] VGC 2026 Reg M-B (Bo3)
|rule|Species Clause: Limit one of each Pokémon
|rule|Item Clause: Limit 1 of each item
|clearpoke
|poke|p1|Whimsicott, L50, F|
|poke|p1|Basculegion, L50, M|
|poke|p1|Kingambit, L50, F|
|poke|p1|Charizard, L50, F|
|poke|p1|Garchomp, L50, M|
|poke|p1|Floette-Eternal, L50, F|
|poke|p2|Gengar, L50, F|
|poke|p2|Scrafty, L50, M|
|poke|p2|Snorlax, L50, M|
|poke|p2|Incineroar, L50, M|
|poke|p2|Ninetales-Alola, L50, F|
|poke|p2|Dragonite, L50, M|
|teampreview|4
|showteam|p1|Whimsicott||FocusSash|Prankster|Tailwind,Encore,Moonblast,Protect|Bold||F|||50|]Basculegion||ChoiceScarf|Adaptability|LastRespects,WaveCrash,FlipTurn,AquaJet|Jolly||M|||50|]Kingambit||ChopleBerry|Defiant|LowKick,SuckerPunch,IronHead,KowtowCleave|Adamant||F|||50|]Charizard||CharizarditeY|Blaze|HeatWave,Overheat,SolarBeam,Protect|Timid||F|||50|]Garchomp||RoseliBerry|RoughSkin|Earthquake,RockSlide,DragonClaw,Protect|Jolly||M|||50|]Floette-Eternal||Floettite|FlowerVeil|LightofRuin,Moonblast,DazzlingGleam,Protect|Timid||F|||50|
|showteam|p2|Gengar||Gengarite|CursedBody|Protect,PerishSong,SludgeBomb,ShadowBall|Modest||F|||50|]Scrafty||Scraftinite|Intimidate|Protect,CloseCombat,FakeOut,KnockOff|Careful||M|||50|]Snorlax||Leftovers|ThickFat|Protect,DoubleEdge,Yawn,HighHorsepower|Relaxed||M|||50|]Incineroar||SitrusBerry|Intimidate|Protect,FakeOut,FlareBlitz,PartingShot|Relaxed||M|||50|]Ninetales-Alola||FocusSash|SnowWarning|Protect,Encore,Disable,Blizzard|Timid||F|||50|]Dragonite||DragonFang|Multiscale|Protect,DragonClaw,LowKick,ExtremeSpeed|Adamant||M|||50|
|inactive|Battle timer is ON: inactive players will automatically lose when time's up. (requested by eeveeolite bisharp)
|c|☆eeveeolite bisharp|glhf
|inactive|ina fable has 60 seconds left.
|inactive|ina fable has 30 seconds left.
|inactive|ina fable has 20 seconds left.
|inactive|ina fable has 15 seconds left.
|
|t:|1784156123
|teamsize|p1|4
|teamsize|p2|4
|start
|switch|p1a: Whimsicott|Whimsicott, L50, F|100/100
|switch|p1b: Kingambit|Kingambit, L50, F|100/100
|switch|p2a: Gengar|Gengar, L50, F|100/100
|switch|p2b: Incineroar|Incineroar, L50, M|100/100
|-ability|p2b: Incineroar|Intimidate|boost
|-unboost|p1a: Whimsicott|atk|1
|-unboost|p1b: Kingambit|atk|1
|-ability|p1b: Kingambit|Defiant|boost
|-boost|p1b: Kingambit|atk|2
|turn|1
|inactive|eeveeolite bisharp has 30 seconds left.
|inactive|ina fable has 30 seconds left.
|
|t:|1784156152
|detailschange|p2a: Gengar|Gengar-Mega, L50, F
|-mega|p2a: Gengar|Gengar|Gengarite
|move|p2a: Gengar|Protect|p2a: Gengar
|-singleturn|p2a: Gengar|Protect
|move|p1a: Whimsicott|Tailwind|p1a: Whimsicott
|-sidestart|p1: eeveeolite bisharp|move: Tailwind
|move|p1b: Kingambit|Kowtow Cleave|p2a: Gengar
|-activate|p2a: Gengar|move: Protect
|move|p2b: Incineroar|Flare Blitz|p1b: Kingambit
|-supereffective|p1b: Kingambit|1
|-damage|p1b: Kingambit|30/100
|-damage|p2b: Incineroar|76/100|[from] Recoil
|
|upkeep
|turn|2
|
|t:|1784156172
|move|p1a: Whimsicott|Moonblast|p2a: Gengar
|-resisted|p2a: Gengar|1
|-damage|p2a: Gengar|86/100
|move|p2a: Gengar|Sludge Bomb|p1a: Whimsicott
|-supereffective|p1a: Whimsicott|2
|-enditem|p1a: Whimsicott|Focus Sash
|-damage|p1a: Whimsicott|1/100
|move|p1b: Kingambit|Low Kick|p2b: Incineroar
|-supereffective|p2b: Incineroar|1
|-damage|p2b: Incineroar|5/100
|-enditem|p2b: Incineroar|Sitrus Berry|[eat]
|-heal|p2b: Incineroar|30/100|[from] item: Sitrus Berry
|move|p2b: Incineroar|Flare Blitz|p1b: Kingambit
|-supereffective|p1b: Kingambit|1
|-damage|p1b: Kingambit|0 fnt
|faint|p1b: Kingambit
|-damage|p2b: Incineroar|19/100|[from] Recoil
|
|upkeep
|
|t:|1784156184
|switch|p1b: Charizard|Charizard, L50, F|100/100
|turn|3
|
|t:|1784156215
|detailschange|p1b: Charizard|Charizard-Mega-Y, L50, F
|-mega|p1b: Charizard|Charizard|Charizardite Y
|-weather|SunnyDay|[from] ability: Drought|[of] p1b: Charizard
|move|p1b: Charizard|Heat Wave|p2a: Gengar|[spread] p2a,p2b
|-resisted|p2b: Incineroar|1
|-damage|p2a: Gengar|7/100
|-damage|p2b: Incineroar|0 fnt
|faint|p2b: Incineroar
|move|p1a: Whimsicott|Moonblast|p2a: Gengar
|-resisted|p2a: Gengar|1
|-damage|p2a: Gengar|0 fnt
|faint|p2a: Gengar
|
|-weather|SunnyDay|[upkeep]
|upkeep
|inactive|ina fable has 30 seconds left.
|
|t:|1784156242
|switch|p2a: Scrafty|Scrafty, L50, M|100/100
|switch|p2b: Dragonite|Dragonite, L50, M|100/100
|-ability|p2a: Scrafty|Intimidate|boost
|-unboost|p1a: Whimsicott|atk|1
|-unboost|p1b: Charizard|atk|1
|turn|4
|
|t:|1784156258
|move|p1a: Whimsicott|Protect|p1a: Whimsicott
|-singleturn|p1a: Whimsicott|Protect
|move|p2a: Scrafty|Fake Out|p1a: Whimsicott
|-activate|p1a: Whimsicott|move: Protect
|move|p1b: Charizard|Heat Wave|p2a: Scrafty|[spread] p2a,p2b
|-resisted|p2b: Dragonite|1
|-damage|p2a: Scrafty|58/100
|-damage|p2b: Dragonite|81/100
|move|p2b: Dragonite|Dragon Claw|p1b: Charizard
|-damage|p1b: Charizard|21/100
|
|-weather|SunnyDay|[upkeep]
|-sideend|p1: eeveeolite bisharp|move: Tailwind
|upkeep
|turn|5
|
|t:|1784156274
|move|p2b: Dragonite|Extreme Speed|p1a: Whimsicott
|-damage|p1a: Whimsicott|0 fnt
|faint|p1a: Whimsicott
|move|p1b: Charizard|Heat Wave|p2a: Scrafty|[spread] p2a,p2b
|-resisted|p2b: Dragonite|1
|-damage|p2a: Scrafty|16/100
|-damage|p2b: Dragonite|46/100
|move|p2a: Scrafty|Knock Off|p1b: Charizard
|-damage|p1b: Charizard|0 fnt
|faint|p1b: Charizard
|
|-weather|SunnyDay|[upkeep]
|upkeep
|
|t:|1784156279
|switch|p1b: Floette|Floette-Eternal, L50, F|100/100
|turn|6
|c|☆eeveeolite bisharp|gg
|-message|ina fable forfeited.
|
|win|eeveeolite bisharp
||ina fable is ready for game 2.
||eeveeolite bisharp is ready for game 2.
|uhtml|next|Next: Game 2 of 3
