|j|☆Iceman5687
|j|☆Scrambledegg62
|html|Iceman5687Scrambledegg62    
|uhtml|bestof|Game 2 of a best-of-3
|t:|1782473598
|gametype|doubles
|player|p1|Iceman5687|101|1195
|player|p2|Scrambledegg62|lance|1179
|gen|9
|tier|[Gen 9 Champions] VGC 2026 Reg M-B (Bo3)
|rated|
|rule|Species Clause: Limit one of each Pokémon
|rule|Item Clause: Limit 1 of each item
|clearpoke
|poke|p1|Grimmsnarl, L50, M, shiny|
|poke|p1|Swampert, L50, M|
|poke|p1|Pelipper, L50, M|
|poke|p1|Archaludon, L50, M|
|poke|p1|Sinistcha, L50|
|poke|p1|Metagross, L50|
|poke|p2|Pyroar, L50, M, shiny|
|poke|p2|Gallade, L50, M, shiny|
|poke|p2|Farigiraf, L50, F, shiny|
|poke|p2|Kangaskhan, L50, F, shiny|
|poke|p2|Torkoal, L50, F, shiny|
|poke|p2|Mawile, L50, M, shiny|
|teampreview|4
|showteam|p1|Grimmsnarl||LightClay|Prankster|FoulPlay,PartingShot,Reflect,LightScreen|Calm||M|||50|]Swampert||Swampertite|Damp|WaveCrash,Earthquake,IcePunch,Protect|Adamant||M|||50|]Pelipper||SitrusBerry|Drizzle|Hurricane,WeatherBall,Tailwind,WideGuard|Modest||M|||50|]Archaludon||Leftovers|Stamina|ElectroShot,DragonPulse,FlashCannon,Protect|Modest||M|||50|]Sinistcha||CobaBerry|Hospitality|MatchaGotcha,RagePowder,TrickRoom,Protect|Relaxed|||||50|]Metagross||Metagrossite|ClearBody|IronHead,PsychicFangs,BodyPress,Protect|Jolly|||||50|
|showteam|p2|Pyroar||Pyroarite|Unnerve|Overheat,HeatWave,SolarBeam,Protect|Timid||M|||50|]Gallade||IronBall|Sharpness|SacredSword,PsychoCut,LeafBlade,TrickRoom|Brave||M|||50|]Farigiraf||SitrusBerry|ArmorTail|TrickRoom,HelpingHand,PsychicFangs,Thunderbolt|Relaxed||F|||50|]Kangaskhan||LifeOrb|Scrappy|FakeOut,DoubleEdge,IcePunch,HammerArm|Brave||F|||50|]Torkoal||Charcoal|Drought|Eruption,WeatherBall,HelpingHand,Protect|Quiet||F|||50|]Mawile||Mawilite|Intimidate|SwordsDance,PlayRough,SuckerPunch,RockSlide|Brave||M|||50|
|inactive|Battle timer is ON: inactive players will automatically lose when time's up. (requested by Scrambledegg62)
|inactive|Iceman5687 has 60 seconds left.
|
|t:|1782473644
|teamsize|p1|4
|teamsize|p2|4
|start
|switch|p1a: Metagross|Metagross, L50|100/100
|switch|p1b: Grimmsnarl|Grimmsnarl, L50, M, shiny|100/100
|switch|p2a: Kangaskhan|Kangaskhan, L50, F, shiny|100/100
|switch|p2b: Farigiraf|Farigiraf, L50, F, shiny|100/100
|turn|1
|
|t:|1782473667
|detailschange|p1a: Metagross|Metagross-Mega, L50
|-mega|p1a: Metagross|Metagross|Metagrossite
|move|p2a: Kangaskhan|Fake Out|p1b: Grimmsnarl
|-damage|p1b: Grimmsnarl|74/100
|-damage|p2a: Kangaskhan|90/100|[from] item: Life Orb
|cant|p1b: Grimmsnarl|flinch
|move|p1a: Metagross|Iron Head|p2b: Farigiraf
|-damage|p2b: Farigiraf|57/100
|move|p2b: Farigiraf|Trick Room|p2b: Farigiraf
|-fieldstart|move: Trick Room|[of] p2b: Farigiraf
|
|upkeep
|turn|2
|inactive|Iceman5687 has 30 seconds left.
|
|t:|1782473695
|switch|p1b: Archaludon|Archaludon, L50, M|100/100
|move|p2b: Farigiraf|Helping Hand|p2a: Kangaskhan
|-singleturn|p2a: Kangaskhan|Helping Hand|[of] p2b: Farigiraf
|move|p2a: Kangaskhan|Double-Edge|p1b: Archaludon
|-resisted|p1b: Archaludon|1
|-damage|p1b: Archaludon|58/100
|-ability|p1b: Archaludon|Stamina|boost
|-boost|p1b: Archaludon|def|1
|-damage|p2a: Kangaskhan|77/100|[from] Recoil
|-damage|p2a: Kangaskhan|67/100|[from] item: Life Orb
|move|p1a: Metagross|Iron Head|p2b: Farigiraf
|-damage|p2b: Farigiraf|15/100
|-enditem|p2b: Farigiraf|Sitrus Berry|[eat]
|-heal|p2b: Farigiraf|40/100|[from] item: Sitrus Berry
|
|-heal|p1b: Archaludon|64/100|[from] item: Leftovers
|upkeep
|turn|3
|inactive|Iceman5687 has 30 seconds left.
|inactive|Scrambledegg62 has 30 seconds left.
|
|t:|1782473729
|move|p2b: Farigiraf|Helping Hand|p2a: Kangaskhan
|-singleturn|p2a: Kangaskhan|Helping Hand|[of] p2b: Farigiraf
|move|p1b: Archaludon|Protect|p1b: Archaludon
|-singleturn|p1b: Archaludon|Protect
|move|p2a: Kangaskhan|Hammer Arm|p1b: Archaludon
|-activate|p1b: Archaludon|move: Protect
|move|p1a: Metagross|Body Press|p2a: Kangaskhan
|-supereffective|p2a: Kangaskhan|1
|-damage|p2a: Kangaskhan|6/100
|
|-heal|p1b: Archaludon|71/100|[from] item: Leftovers
|upkeep
|turn|4
|
|t:|1782473748
|switch|p1b: Grimmsnarl|Grimmsnarl, L50, M, shiny|74/100
|move|p2b: Farigiraf|Helping Hand|p2a: Kangaskhan
|-singleturn|p2a: Kangaskhan|Helping Hand|[of] p2b: Farigiraf
|move|p2a: Kangaskhan|Double-Edge|p1b: Grimmsnarl
|-damage|p1b: Grimmsnarl|0 fnt
|faint|p1b: Grimmsnarl
|-damage|p2a: Kangaskhan|0 fnt|[from] Recoil
|faint|p2a: Kangaskhan
|move|p1a: Metagross|Iron Head|p2b: Farigiraf
|-damage|p2b: Farigiraf|0 fnt
|faint|p2b: Farigiraf
|
|upkeep
|
|t:|1782473762
|switch|p2b: Torkoal|Torkoal, L50, F, shiny|100/100
|switch|p1b: Pelipper|Pelipper, L50, M|100/100
|switch|p2a: Gallade|Gallade, L50, M, shiny|100/100
|-weather|SunnyDay|[from] ability: Drought|[of] p2b: Torkoal
|-weather|RainDance|[from] ability: Drizzle|[of] p1b: Pelipper
|turn|5
|inactive|Iceman5687 has 30 seconds left.
|
|t:|1782473795
|move|p1b: Pelipper|Wide Guard|p1b: Pelipper
|-singleturn|p1b: Pelipper|Wide Guard
|move|p2b: Torkoal|Eruption|p1b: Pelipper|[spread] 
|-activate|p1a: Metagross|move: Wide Guard
|-activate|p1b: Pelipper|move: Wide Guard
|move|p1a: Metagross|Psychic Fangs|p2a: Gallade
|-damage|p2a: Gallade|14/100
|move|p2a: Gallade|Trick Room|p2a: Gallade
|-fieldend|move: Trick Room
|
|-weather|RainDance|[upkeep]
|upkeep
|turn|6
|
|t:|1782473816
|move|p1a: Metagross|Psychic Fangs|p2a: Gallade
|-damage|p2a: Gallade|0 fnt
|faint|p2a: Gallade
|move|p1b: Pelipper|Weather Ball|p2b: Torkoal
|-supereffective|p2b: Torkoal|1
|-damage|p2b: Torkoal|0 fnt
|faint|p2b: Torkoal
|
|win|Iceman5687
