|j|☆notsadit
|j|☆UBHQ Alice
|html|notsaditUBHQ Alice    
|uhtml|bestof|Game 2 of a best-of-3
|t:|1757729251
|gametype|doubles
|player|p1|notsadit|101|1124
|player|p2|UBHQ Alice|169|1146
|gen|9
|tier|[Gen 9] VGC 2025 Reg H (Bo3)
|rated|
|rule|Species Clause: Limit one of each Pokémon
|rule|Item Clause: Limit 1 of each item
|clearpoke
|poke|p1|Incineroar, L50, F|
|poke|p1|Rillaboom, L50, F|
|poke|p1|Smeargle, L50, M|
|poke|p1|Dragonite, L50, F|
|poke|p1|Ursaluna-Bloodmoon, L50, M|
|poke|p1|Gholdengo, L50|
|poke|p2|Volbeat, L50, M|
|poke|p2|Archaludon, L50, M|
|poke|p2|Gholdengo, L50|
|poke|p2|Sneasler, L50, M|
|poke|p2|Pelipper, L50, M|
|poke|p2|Basculegion, L50, M|
|teampreview|4
|showteam|p1|Incineroar||SafetyGoggles|Intimidate|FakeOut,PartingShot,KnockOff,FlareBlitz|||F|||50|,,,,,Ghost]Rillaboom||AssaultVest|GrassySurge|FakeOut,GrassyGlide,WoodHammer,Uturn|||F|||50|,,,,,Water]Smeargle||FocusSash|Moody|FakeOut,Decorate,FollowMe,Spore|||M|||50|,,,,,Grass]Dragonite||LoadedDice|Multiscale|Protect,ScaleShot,Haze,Tailwind|||F|||50|,,,,,Steel]Ursaluna-Bloodmoon||LifeOrb|MindsEye|Protect,BloodMoon,EarthPower,HyperVoice|||M|||50|,,,,,Normal]Gholdengo||ChoiceSpecs|GoodasGold|MakeItRain,ShadowBall,FlashCannon,DazzlingGleam||||||50|,,,,,Steel
|showteam|p2|Volbeat||CovertCloak|Prankster|Tailwind,Lunge,LightScreen,RainDance|||M|||50|,,,,,Electric]Archaludon||AssaultVest|Stamina|DracoMeteor,FlashCannon,ElectroShot,BodyPress|||M|||50|,,,,,Bug]Gholdengo||LifeOrb|GoodasGold|MakeItRain,ShadowBall,NastyPlot,Protect||||||50|,,,,,Steel]Sneasler||FocusSash|PoisonTouch|CloseCombat,DireClaw,FakeOut,Protect|||M|||50|,,,,,Ghost]Pelipper||SafetyGoggles|Drizzle|WeatherBall,Hurricane,Tailwind,Protect|||M|||50|,,,,,Steel]Basculegion||MysticWater|SwiftSwim|WaveCrash,FlipTurn,LastRespects,AquaJet|||M|||50|,,,,,Water
|inactive|Battle timer is ON: inactive players will automatically lose when time's up. (requested by notsadit)
|
|t:|1757729268
|teamsize|p1|4
|teamsize|p2|4
|start
|switch|p1a: Dragonite|Dragonite, L50, F|100/100
|switch|p1b: Incineroar|Incineroar, L50, F|100/100
|switch|p2a: Volbeat|Volbeat, L50, M|100/100
|switch|p2b: Archaludon|Archaludon, L50, M|100/100
|-ability|p1b: Incineroar|Intimidate|boost
|-unboost|p2a: Volbeat|atk|1
|-unboost|p2b: Archaludon|atk|1
|turn|1
|
|t:|1757729285
|switch|p2b: Basculegion|Basculegion, L50, M|100/100
|move|p1b: Incineroar|Fake Out|p2b: Basculegion
|-immune|p2b: Basculegion
|move|p1a: Dragonite|Tailwind|p1a: Dragonite
|-sidestart|p1: notsadit|move: Tailwind
|move|p2a: Volbeat|Lunge|p1a: Dragonite
|-resisted|p1a: Dragonite
|-damage|p1a: Dragonite|96/100
|-unboost|p1a: Dragonite|atk|1
|
|upkeep
|turn|2
|inactive|notsadit has 30 seconds left.
|
|t:|1757729311
|switch|p1a: Ursaluna|Ursaluna-Bloodmoon, L50, M|100/100
|move|p2a: Volbeat|Rain Dance|p2a: Volbeat
|-weather|RainDance
|move|p2b: Basculegion|Wave Crash|p1b: Incineroar
|-supereffective|p1b: Incineroar
|-damage|p1b: Incineroar|0 fnt
|faint|p1b: Incineroar
|-damage|p2b: Basculegion|67/100|[from] Recoil
|
|-weather|RainDance|[upkeep]
|upkeep
|
|t:|1757729327
|switch|p1b: Smeargle|Smeargle, L50, M|100/100
|turn|3
|
|t:|1757729338
|-terastallize|p1a: Ursaluna|Normal
|move|p1b: Smeargle|Follow Me|p1b: Smeargle
|-singleturn|p1b: Smeargle|move: Follow Me
|move|p2a: Volbeat|Light Screen|p2a: Volbeat
|-sidestart|p2: UBHQ Alice|move: Light Screen
|move|p2b: Basculegion|Flip Turn|p1b: Smeargle
|-enditem|p1b: Smeargle|Focus Sash
|-damage|p1b: Smeargle|1/100
|
|t:|1757729350
|switch|p2b: Archaludon|Archaludon, L50, M|100/100|[from] Flip Turn
|move|p1a: Ursaluna|Hyper Voice|p2b: Archaludon|[spread] p2a,p2b
|-resisted|p2b: Archaludon
|-damage|p2a: Volbeat|51/100
|-damage|p2b: Archaludon|82/100
|-ability|p2b: Archaludon|Stamina|boost
|-boost|p2b: Archaludon|def|1
|-damage|p1a: Ursaluna|91/100|[from] item: Life Orb
|
|-weather|RainDance|[upkeep]
|-ability|p1b: Smeargle|Moody|boost
|-boost|p1b: Smeargle|atk|2
|-unboost|p1b: Smeargle|spd|1
|upkeep
|turn|4
|inactive|notsadit has 30 seconds left.
|
|t:|1757729381
|-terastallize|p2b: Archaludon|Bug
|move|p2a: Volbeat|Tailwind|p2a: Volbeat
|-sidestart|p2: UBHQ Alice|move: Tailwind
|move|p1b: Smeargle|Decorate|p1a: Ursaluna
|-boost|p1a: Ursaluna|atk|2
|-boost|p1a: Ursaluna|spa|2
|move|p2b: Archaludon|Body Press|p1b: Smeargle
|-supereffective|p1b: Smeargle
|-damage|p1b: Smeargle|0 fnt
|faint|p1b: Smeargle
|move|p1a: Ursaluna|Blood Moon|p2b: Archaludon
|-damage|p2b: Archaludon|0 fnt
|faint|p2b: Archaludon
|-damage|p1a: Ursaluna|81/100|[from] item: Life Orb
|
|-weather|RainDance|[upkeep]
|-sideend|p1: notsadit|move: Tailwind
|upkeep
|
|t:|1757729396
|switch|p1b: Dragonite|Dragonite, L50, F|96/100
|switch|p2b: Basculegion|Basculegion, L50, M|67/100
|turn|5
|
|t:|1757729406
|move|p2b: Basculegion|Wave Crash|p1a: Ursaluna
|-crit|p1a: Ursaluna
|-damage|p1a: Ursaluna|0 fnt
|faint|p1a: Ursaluna
|-damage|p2b: Basculegion|42/100|[from] Recoil
|move|p2a: Volbeat|Lunge|p1b: Dragonite
|-resisted|p1b: Dragonite
|-damage|p1b: Dragonite|88/100
|-unboost|p1b: Dragonite|atk|1
|move|p1b: Dragonite|Scale Shot|p2b: Basculegion
|-damage|p2b: Basculegion|29/100
|-damage|p2b: Basculegion|16/100
|-crit|p2b: Basculegion
|-damage|p2b: Basculegion|0 fnt
|faint|p2b: Basculegion
|-hitcount|p2: Basculegion|3
|-unboost|p1b: Dragonite|def|1
|-boost|p1b: Dragonite|spe|1
|
|-weather|RainDance|[upkeep]
|upkeep
|
|t:|1757729410
|switch|p2b: Pelipper|Pelipper, L50, M|100/100
|turn|6
|
|t:|1757729424
|move|p2b: Pelipper|Hurricane|p1b: Dragonite
|-damage|p1b: Dragonite|50/100
|move|p2a: Volbeat|Lunge|p1b: Dragonite
|-resisted|p1b: Dragonite
|-damage|p1b: Dragonite|36/100
|-unboost|p1b: Dragonite|atk|1
|move|p1b: Dragonite|Haze|p1b: Dragonite
|-clearallboost
|
|-weather|none
|upkeep
|turn|7
|
|t:|1757729434
|move|p2a: Volbeat|Rain Dance|p2a: Volbeat
|-weather|RainDance
|move|p2b: Pelipper|Hurricane|p1b: Dragonite
|-damage|p1b: Dragonite|0 fnt
|faint|p1b: Dragonite
|
|win|UBHQ Alice
||UBHQ Alice is ready for game 3.
||notsadit is ready for game 3.
|uhtml|next|Next: Game 3 of 3
