|j|☆upchicken
|j|☆That_Leek
|html|upchickenThat_Leek    
|uhtml|bestof|Game 3 of a best-of-3
|t:|1755405229
|gametype|doubles
|player|p1|upchicken|az|1210
|player|p2|That_Leek|blue-masters|1221
|gen|9
|tier|[Gen 9] VGC 2025 Reg H (Bo3)
|rated|
|rule|Species Clause: Limit one of each Pokémon
|rule|Item Clause: Limit 1 of each item
|clearpoke
|poke|p1|Grimmsnarl, L50, M|
|poke|p1|Annihilape, L50, F|
|poke|p1|Maushold, L50|
|poke|p1|Pelipper, L50, M|
|poke|p1|Archaludon, L50, F|
|poke|p1|Sinistcha, L50|
|poke|p2|Incineroar, L50, F|
|poke|p2|Gholdengo, L50|
|poke|p2|Dragonite, L50, F|
|poke|p2|Amoonguss, L50, M|
|poke|p2|Ursaluna-Bloodmoon, L50, M|
|poke|p2|Gallade, L50, M|
|teampreview|4
|showteam|p1|Grimmsnarl||LightClay|Prankster|Reflect,LightScreen,ThunderWave,SpiritBreak|||M|||50|,,,,,Steel]Annihilape||SpellTag|Defiant|BulkUp,Protect,DrainPunch,RageFist|||F|||50|,,,,,Fire]Maushold||SafetyGoggles|FriendGuard|BeatUp,Taunt,FollowMe,Protect||||||50|,,,,,Ghost]Pelipper||LifeOrb|Drizzle|Hurricane,WeatherBall,Tailwind,Protect|||M|||50|,,,,,Stellar]Archaludon||AssaultVest|Stamina|ElectroShot,DracoMeteor,Snarl,BodyPress|||F|||50|,,,,,Grass]Sinistcha||SitrusBerry|Hospitality|LifeDew,RagePowder,TrickRoom,MatchaGotcha||||||50|,,,,,Water
|showteam|p2|Incineroar||SafetyGoggles|Intimidate|FakeOut,FlareBlitz,KnockOff,PartingShot|||F|||50|,,,,,Water]Gholdengo||LifeOrb|GoodasGold|MakeItRain,ShadowBall,NastyPlot,Protect||||||50|,,,,,Dragon]Dragonite||LoadedDice|Multiscale|Tailwind,StompingTantrum,ScaleShot,Protect|||F|||50|,,,,,Fairy]Amoonguss||SitrusBerry|Regenerator|PollenPuff,Spore,RagePowder,Protect|||M|||50|,,,,,Fairy]Ursaluna-Bloodmoon||AssaultVest|MindsEye|VacuumWave,BloodMoon,HyperVoice,EarthPower|||M|||50|,,,,,Ghost]Gallade||FocusSash|Sharpness|TrickRoom,SacredSword,WideGuard,PsychoCut|||M|||50|,,,,,Fairy
|inactive|Battle timer is ON: inactive players will automatically lose when time's up. (requested by upchicken)
|
|t:|1755405258
|teamsize|p1|4
|teamsize|p2|4
|start
|switch|p1a: Grimmsnarl|Grimmsnarl, L50, M|100/100
|switch|p1b: Archaludon|Archaludon, L50, F|100/100
|switch|p2a: Gallade|Gallade, L50, M|100/100
|switch|p2b: Amoonguss|Amoonguss, L50, M|100/100
|turn|1
|
|t:|1755405275
|-terastallize|p1b: Archaludon|Grass
|move|p1a: Grimmsnarl|Reflect|p1a: Grimmsnarl
|-sidestart|p1: upchicken|Reflect
|move|p1b: Archaludon|Snarl|p2a: Gallade|[spread] p2a,p2b
|-crit|p2b: Amoonguss
|-damage|p2a: Gallade|87/100
|-damage|p2b: Amoonguss|84/100
|-unboost|p2a: Gallade|spa|1
|-unboost|p2b: Amoonguss|spa|1
|move|p2b: Amoonguss|Spore|p1a: Grimmsnarl
|-status|p1a: Grimmsnarl|slp|[from] move: Spore
|move|p2a: Gallade|Trick Room|p2a: Gallade
|-fieldstart|move: Trick Room|[of] p2a: Gallade
|
|upkeep
|turn|2
|
|t:|1755405296
|move|p2b: Amoonguss|Pollen Puff|p2a: Gallade
|-heal|p2a: Gallade|100/100
|cant|p1a: Grimmsnarl|slp
|move|p1b: Archaludon|Body Press|p2a: Gallade
|-resisted|p2a: Gallade
|-damage|p2a: Gallade|80/100
|move|p2a: Gallade|Sacred Sword|p1b: Archaludon
|-damage|p1b: Archaludon|62/100
|-ability|p1b: Archaludon|Stamina|boost
|-boost|p1b: Archaludon|def|1
|
|upkeep
|turn|3
|
|t:|1755405313
|move|p2b: Amoonguss|Pollen Puff|p1b: Archaludon
|-supereffective|p1b: Archaludon
|-damage|p1b: Archaludon|45/100
|-ability|p1b: Archaludon|Stamina|boost
|-boost|p1b: Archaludon|def|1
|-curestatus|p1a: Grimmsnarl|slp|[msg]
|move|p1a: Grimmsnarl|Spirit Break|p2a: Gallade
|-supereffective|p2a: Gallade
|-damage|p2a: Gallade|0 fnt
|faint|p2a: Gallade
|move|p1b: Archaludon|Body Press|p2b: Amoonguss
|-resisted|p2b: Amoonguss
|-damage|p2b: Amoonguss|66/100
|
|upkeep
|
|t:|1755405330
|switch|p2a: Ursaluna|Ursaluna-Bloodmoon, L50, M|100/100
|turn|4
|
|t:|1755405336
|switch|p1a: Sinistcha|Sinistcha, L50|100/100
|-heal|p1b: Archaludon|70/100|[from] ability: Hospitality|[of] p1a: Sinistcha
|move|p2b: Amoonguss|Rage Powder|p2b: Amoonguss
|-singleturn|p2b: Amoonguss|move: Rage Powder
|move|p2a: Ursaluna|Blood Moon|p1b: Archaludon
|-damage|p1b: Archaludon|19/100
|-ability|p1b: Archaludon|Stamina|boost
|-boost|p1b: Archaludon|def|1
|move|p1b: Archaludon|Body Press|p2a: Ursaluna
|-supereffective|p2a: Ursaluna
|-damage|p2a: Ursaluna|12/100
|
|upkeep
|turn|5
|
|t:|1755405356
|move|p2b: Amoonguss|Pollen Puff|p2a: Ursaluna
|-heal|p2a: Ursaluna|61/100
|move|p1a: Sinistcha|Life Dew||[still]|[spread] p1a,p1b
|-fail|p1a: Sinistcha|heal
|-heal|p1b: Archaludon|44/100
|move|p2a: Ursaluna|Hyper Voice|p1a: Sinistcha|[spread] p1a,p1b
|-damage|p1a: Sinistcha|67/100
|-damage|p1b: Archaludon|19/100
|-ability|p1b: Archaludon|Stamina|boost
|-boost|p1b: Archaludon|def|1
|move|p1b: Archaludon|Snarl|p2b: Amoonguss|[spread] p2a,p2b
|-damage|p2a: Ursaluna|50/100
|-damage|p2b: Amoonguss|55/100
|-unboost|p2a: Ursaluna|spa|1
|-unboost|p2b: Amoonguss|spa|1
|
|-fieldend|move: Trick Room
|upkeep
|turn|6
|inactive|upchicken has 30 seconds left.
|inactive|upchicken has 20 seconds left.
|
|t:|1755405392
|switch|p1a: Pelipper|Pelipper, L50, M|100/100
|-weather|RainDance|[from] ability: Drizzle|[of] p1a: Pelipper
|-terastallize|p2a: Ursaluna|Ghost
|move|p1b: Archaludon|Electro Shot||[still]
|-prepare|p1b: Archaludon|Electro Shot
|-boost|p1b: Archaludon|spa|1
|-anim|p1b: Archaludon|Electro Shot|p2a: Ursaluna
|-damage|p2a: Ursaluna|3/100
|move|p2a: Ursaluna|Blood Moon|p1b: Archaludon
|-damage|p1b: Archaludon|0 fnt
|faint|p1b: Archaludon
|move|p2b: Amoonguss|Pollen Puff|p2a: Ursaluna
|-heal|p2a: Ursaluna|52/100
|
|-weather|RainDance|[upkeep]
|upkeep
|
|t:|1755405402
|switch|p1b: Sinistcha|Sinistcha, L50|67/100
|turn|7
|
|t:|1755405417
|switch|p2a: Gholdengo|Gholdengo, L50|100/100
|move|p2b: Amoonguss|Protect|p2b: Amoonguss
|-singleturn|p2b: Amoonguss|Protect
|move|p1a: Pelipper|Hurricane|p2b: Amoonguss
|-activate|p2b: Amoonguss|move: Protect
|move|p1b: Sinistcha|Matcha Gotcha|p2b: Amoonguss|[spread] p2a
|-activate|p2b: Amoonguss|move: Protect
|-resisted|p2a: Gholdengo
|-damage|p2a: Gholdengo|87/100
|-heal|p1b: Sinistcha|74/100|[from] drain|[of] p2a: Gholdengo
|
|-weather|RainDance|[upkeep]
|upkeep
|turn|8
|
|t:|1755405435
|switch|p1b: Grimmsnarl|Grimmsnarl, L50, M|100/100
|move|p1a: Pelipper|Protect|p1a: Pelipper
|-singleturn|p1a: Pelipper|Protect
|move|p2b: Amoonguss|Rage Powder|p2b: Amoonguss
|-singleturn|p2b: Amoonguss|move: Rage Powder
|move|p2a: Gholdengo|Shadow Ball|p1a: Pelipper
|-activate|p1a: Pelipper|move: Protect
|
|-weather|RainDance|[upkeep]
|-sideend|p1: upchicken|Reflect
|upkeep
|turn|9
|
|t:|1755405449
|move|p2b: Amoonguss|Rage Powder|p2b: Amoonguss
|-singleturn|p2b: Amoonguss|move: Rage Powder
|move|p1b: Grimmsnarl|Light Screen|p1b: Grimmsnarl
|-sidestart|p1: upchicken|move: Light Screen
|move|p1a: Pelipper|Hurricane|p2b: Amoonguss
|-supereffective|p2b: Amoonguss
|-crit|p2b: Amoonguss
|-damage|p2b: Amoonguss|0 fnt
|faint|p2b: Amoonguss
|-damage|p1a: Pelipper|91/100|[from] item: Life Orb
|move|p2a: Gholdengo|Nasty Plot|p2a: Gholdengo
|-boost|p2a: Gholdengo|spa|2
|
|-weather|RainDance|[upkeep]
|upkeep
|
|t:|1755405453
|switch|p2b: Ursaluna|Ursaluna-Bloodmoon, L50, M, tera:Ghost|52/100
|turn|10
|
|t:|1755405473
|move|p1a: Pelipper|Protect|p1a: Pelipper
|-singleturn|p1a: Pelipper|Protect
|move|p2a: Gholdengo|Make It Rain|p1b: Grimmsnarl|[spread] p1b
|-activate|p1a: Pelipper|move: Protect
|-supereffective|p1b: Grimmsnarl
|-damage|p1b: Grimmsnarl|0 fnt
|-unboost|p2a: Gholdengo|spa|1
|faint|p1b: Grimmsnarl
|-damage|p2a: Gholdengo|78/100|[from] item: Life Orb
|move|p2b: Ursaluna|Blood Moon|p1a: Pelipper
|-activate|p1a: Pelipper|move: Protect
|
|-weather|none
|upkeep
|
|t:|1755405480
|switch|p1b: Sinistcha|Sinistcha, L50|74/100
|-heal|p1a: Pelipper|100/100|[from] ability: Hospitality|[of] p1b: Sinistcha
|turn|11
|
|t:|1755405493
|move|p1a: Pelipper|Hurricane|p2a: Gholdengo
|-resisted|p2a: Gholdengo
|-damage|p2a: Gholdengo|45/100
|-damage|p1a: Pelipper|91/100|[from] item: Life Orb
|move|p2a: Gholdengo|Shadow Ball|p1a: Pelipper
|-damage|p1a: Pelipper|0 fnt
|faint|p1a: Pelipper
|-damage|p2a: Gholdengo|36/100|[from] item: Life Orb
|move|p2b: Ursaluna|Hyper Voice|p1b: Sinistcha
|-damage|p1b: Sinistcha|40/100
|-enditem|p1b: Sinistcha|Sitrus Berry|[eat]
|-heal|p1b: Sinistcha|65/100|[from] item: Sitrus Berry
|move|p1b: Sinistcha|Matcha Gotcha|p2a: Gholdengo|[spread] p2a,p2b
|-resisted|p2a: Gholdengo
|-damage|p2a: Gholdengo|23/100
|-heal|p1b: Sinistcha|71/100|[from] drain|[of] p2a: Gholdengo
|-damage|p2b: Ursaluna|31/100
|-heal|p1b: Sinistcha|83/100|[from] drain|[of] p2b: Ursaluna
|-status|p2a: Gholdengo|brn
|
|-damage|p2a: Gholdengo|17/100 brn|[from] brn
|upkeep
|turn|12
|
|t:|1755405511
|move|p2a: Gholdengo|Shadow Ball|p1b: Sinistcha
|-supereffective|p1b: Sinistcha
|-damage|p1b: Sinistcha|0 fnt
|faint|p1b: Sinistcha
|-damage|p2a: Gholdengo|8/100 brn|[from] item: Life Orb
|
|win|That_Leek
|raw|upchicken's rating: 1210 → 1186(-24 for losing)
|raw|That_Leek's rating: 1221 → 1245(+24 for winning)
