|j|☆Koraidonkoalition
|j|☆Yato1226
|html|KoraidonkoalitionYato1226    
|uhtml|bestof|Game 2 of a best-of-3
|t:|1785084372
|gametype|doubles
|player|p1|Koraidonkoalition|colress|1189
|player|p2|Yato1226|dragontamer|1220
|gen|9
|tier|[Gen 9 Champions] VGC 2026 Reg M-B (Bo3)
|rated|
|rule|Species Clause: Limit one of each Pokémon
|rule|Item Clause: Limit 1 of each item
|clearpoke
|poke|p1|Tyranitar, L50, M|
|poke|p1|Excadrill, L50, M|
|poke|p1|Milotic, L50, F|
|poke|p1|Sinistcha, L50|
|poke|p1|Staraptor, L50, F|
|poke|p1|Gholdengo, L50|
|poke|p2|Grimmsnarl, L50, M|
|poke|p2|Venusaur, L50, M|
|poke|p2|Annihilape, L50, F|
|poke|p2|Arcanine-Hisui, L50, M|
|poke|p2|Samurott-Hisui, L50, M|
|poke|p2|Sinistcha, L50|
|teampreview|4
|showteam|p1|Tyranitar||Tyranitarite|SandStream|KnockOff,RockSlide,LowKick,Protect|Jolly||M|||50|]Excadrill||FocusSash|SandRush|Earthquake,IronHead,RockSlide,Protect|Adamant||M|||50|]Milotic||SitrusBerry|Competitive|Scald,IcyWind,Haze,Protect|Calm||F|||50|]Sinistcha||ColburBerry|Hospitality|MatchaGotcha,ShadowBall,Protect,RagePowder|Bold|||||50|]Staraptor||Staraptite|Intimidate|CloseCombat,BraveBird,Tailwind,Protect|Jolly||F|||50|]Gholdengo||LifeOrb|GoodasGold|MakeItRain,ShadowBall,NastyPlot,Protect|Modest|||||50|
|showteam|p2|Grimmsnarl||LightClay|Prankster|SpiritBreak,Reflect,LightScreen,PartingShot|Careful||M|||50|]Venusaur||Venusaurite|Chlorophyll|EarthPower,SludgeBomb,LeechSeed,Protect|Modest||M|||50|]Annihilape||Leftovers|Defiant|DrainPunch,RageFist,BulkUp,Protect|Adamant||F|||50|]Arcanine-Hisui||LifeOrb|Intimidate|RockSlide,ExtremeSpeed,FlareBlitz,Protect|Jolly||M|||50|]Samurott-Hisui||FocusSash|Sharpness|CeaselessEdge,AquaCutter,SuckerPunch,Protect|Jolly||M|||50|]Sinistcha||ColburBerry|Hospitality|MatchaGotcha,RagePowder,LifeDew,TrickRoom|Bold|||||50|
|inactive|Battle timer is ON: inactive players will automatically lose when time's up. (requested by Koraidonkoalition)
|
|t:|1785084408
|teamsize|p1|4
|teamsize|p2|4
|start
|switch|p1a: Staraptor|Staraptor, L50, F|100/100
|switch|p1b: Gholdengo|Gholdengo, L50|100/100
|switch|p2a: Grimmsnarl|Grimmsnarl, L50, M|100/100
|switch|p2b: Annihilape|Annihilape, L50, F|100/100
|-ability|p1a: Staraptor|Intimidate|boost
|-unboost|p2a: Grimmsnarl|atk|1
|-unboost|p2b: Annihilape|atk|1
|-ability|p2b: Annihilape|Defiant|boost
|-boost|p2b: Annihilape|atk|2
|turn|1
|inactive|Yato1226 has 30 seconds left.
|
|t:|1785084441
|detailschange|p1a: Staraptor|Staraptor-Mega, L50, F
|-mega|p1a: Staraptor|Staraptor|Staraptite
|move|p2a: Grimmsnarl|Reflect|p2a: Grimmsnarl
|-sidestart|p2: Yato1226|Reflect
|move|p1a: Staraptor|Brave Bird|p2b: Annihilape
|-supereffective|p2b: Annihilape|1
|-damage|p2b: Annihilape|24/100
|-damage|p1a: Staraptor|71/100|[from] Recoil
|move|p1b: Gholdengo|Make It Rain|p2b: Annihilape|[spread] p2a,p2b
|-supereffective|p2a: Grimmsnarl|1
|-damage|p2a: Grimmsnarl|0 fnt
|-damage|p2b: Annihilape|0 fnt
|-unboost|p1b: Gholdengo|spa|2
|faint|p2a: Grimmsnarl
|faint|p2b: Annihilape
|-damage|p1b: Gholdengo|90/100|[from] item: Life Orb
|
|upkeep
|
|t:|1785084452
|switch|p2b: Sinistcha|Sinistcha, L50|100/100
|switch|p2a: Venusaur|Venusaur, L50, M|100/100
|turn|2
|
|t:|1785084466
|switch|p1b: Sinistcha|Sinistcha, L50|100/100
|-heal|p1a: Staraptor|96/100|[from] ability: Hospitality|[of] p1b: Sinistcha
|detailschange|p2a: Venusaur|Venusaur-Mega, L50, M
|-mega|p2a: Venusaur|Venusaur|Venusaurite
|move|p1a: Staraptor|Brave Bird|p2a: Venusaur
|-supereffective|p2a: Venusaur|1
|-damage|p2a: Venusaur|39/100
|-damage|p1a: Staraptor|76/100|[from] Recoil
|move|p2a: Venusaur|Leech Seed|p1a: Staraptor
|-start|p1a: Staraptor|move: Leech Seed
|move|p2b: Sinistcha|Trick Room|p2b: Sinistcha
|-fieldstart|move: Trick Room|[of] p2b: Sinistcha
|
|-damage|p1a: Staraptor|64/100|[from] Leech Seed|[of] p2a: Venusaur
|-heal|p2a: Venusaur|51/100|[silent]
|upkeep
|turn|3
|inactive|Yato1226 has 30 seconds left.
|
|t:|1785084498
|switch|p1a: Gholdengo|Gholdengo, L50|90/100
|move|p1b: Sinistcha|Shadow Ball|p2b: Sinistcha
|-supereffective|p2b: Sinistcha|1
|-damage|p2b: Sinistcha|29/100
|move|p2b: Sinistcha|Matcha Gotcha|p1b: Sinistcha|[spread] p1a,p1b
|-resisted|p1a: Gholdengo|1
|-resisted|p1b: Sinistcha|1
|-damage|p1a: Gholdengo|79/100
|-heal|p2b: Sinistcha|35/100|[from] drain|[of] p1a: Gholdengo
|-damage|p1b: Sinistcha|87/100
|-heal|p2b: Sinistcha|41/100|[from] drain|[of] p1b: Sinistcha
|move|p2a: Venusaur|Sludge Bomb|p1a: Gholdengo
|-immune|p1a: Gholdengo
|
|upkeep
|turn|4
|
|t:|1785084514
|move|p1a: Gholdengo|Protect|p1a: Gholdengo
|-singleturn|p1a: Gholdengo|Protect
|move|p2b: Sinistcha|Life Dew|p2b: Sinistcha|[spread] p2a,p2b
|-heal|p2a: Venusaur|77/100
|-heal|p2b: Sinistcha|66/100
|move|p1b: Sinistcha|Shadow Ball|p2b: Sinistcha
|-supereffective|p2b: Sinistcha|1
|-damage|p2b: Sinistcha|0 fnt
|faint|p2b: Sinistcha
|move|p2a: Venusaur|Earth Power|p1a: Gholdengo
|-activate|p1a: Gholdengo|move: Protect
|
|upkeep
|turn|5
|-message|Yato1226 forfeited.
|
|win|Koraidonkoalition
