|j|☆filipwonderchild2
|j|☆CrawlingKingSnake
|html|filipwonderchild2CrawlingKingSnake    
|uhtml|bestof|Game 2 of a best-of-3
|t:|1784834095
|gametype|doubles
|player|p1|filipwonderchild2|101|1066
|player|p2|CrawlingKingSnake|kamado-armor|1043
|gen|9
|tier|[Gen 9 Champions] VGC 2026 Reg M-B (Bo3)
|rated|
|rule|Species Clause: Limit one of each Pokémon
|rule|Item Clause: Limit 1 of each item
|clearpoke
|poke|p1|Staraptor, L50, F|
|poke|p1|Froslass, L50, F|
|poke|p1|Kingambit, L50, F|
|poke|p1|Toxapex, L50, M|
|poke|p1|Garchomp, L50, F|
|poke|p1|Incineroar, L50, M|
|poke|p2|Floette-Eternal, L50, F|
|poke|p2|Palafin, L50, F, shiny|
|poke|p2|Incineroar, L50, F|
|poke|p2|Toxapex, L50, F|
|poke|p2|Delphox, L50, M|
|poke|p2|Kingambit, L50, M|
|teampreview|4
|showteam|p1|Staraptor||Staraptite|Intimidate|CloseCombat,BraveBird,Tailwind,Protect|Adamant||F|||50|]Froslass||Froslassite|CursedBody|Blizzard,ShadowBall,AuroraVeil,Protect|Modest||F|||50|]Kingambit||BlackGlasses|Defiant|KowtowCleave,SuckerPunch,SwordsDance,Protect|Adamant||F|||50|]Toxapex||Leftovers|Regenerator|Infestation,WideGuard,Toxic,BanefulBunker|Bold||M|||50|]Garchomp||LifeOrb|RoughSkin|DragonClaw,Earthquake,RockSlide,Protect|Jolly||F|||50|]Incineroar||SitrusBerry|Intimidate|FlareBlitz,PartingShot,ThroatChop,FakeOut|Careful||M|||50|
|showteam|p2|Floette-Eternal||Floettite|FlowerVeil|DazzlingGleam,DrainingKiss,CalmMind,Protect|Modest||F|||50|]Palafin||LifeOrb|ZerotoHero|WaveCrash,JetPunch,CloseCombat,Protect|Adamant||F|||50|]Incineroar||SitrusBerry|Intimidate|FlareBlitz,FakeOut,DarkestLariat,PartingShot|Careful||F|||50|]Toxapex||Leftovers|Regenerator|Infestation,Toxic,WideGuard,BanefulBunker|Bold||F|||50|]Delphox||Delphoxite|Blaze|HeatWave,Psychic,NastyPlot,Protect|Timid||M|||50|]Kingambit||FocusSash|Defiant|KowtowCleave,SuckerPunch,IronHead,LowKick|Adamant||M|||50|
|inactive|Battle timer is ON: inactive players will automatically lose when time's up. (requested by CrawlingKingSnake)
|inactive|filipwonderchild2 has 60 seconds left.
|
|t:|1784834131
|teamsize|p1|4
|teamsize|p2|4
|start
|switch|p1a: Froslass|Froslass, L50, F|100/100
|switch|p1b: Incineroar|Incineroar, L50, M|100/100
|switch|p2a: Kingambit|Kingambit, L50, M|100/100
|switch|p2b: Palafin|Palafin, L50, F, shiny|100/100
|-ability|p1b: Incineroar|Intimidate|boost
|-unboost|p2a: Kingambit|atk|1
|-ability|p2a: Kingambit|Defiant|boost
|-boost|p2a: Kingambit|atk|2
|-unboost|p2b: Palafin|atk|1
|turn|1
|
|t:|1784834152
|detailschange|p2b: Palafin|Palafin-Hero, L50, F, shiny
|switch|p2b: Toxapex|Toxapex, L50, F|100/100
|detailschange|p1a: Froslass|Froslass-Mega, L50, F
|-mega|p1a: Froslass|Froslass|Froslassite
|-weather|Snowscape|[from] ability: Snow Warning|[of] p1a: Froslass
|move|p1b: Incineroar|Fake Out|p2a: Kingambit
|-resisted|p2a: Kingambit|1
|-damage|p2a: Kingambit|94/100
|move|p1a: Froslass|Blizzard|p2a: Kingambit|[spread] p2a,p2b
|-resisted|p2a: Kingambit|1
|-resisted|p2b: Toxapex|1
|-damage|p2a: Kingambit|64/100
|-damage|p2b: Toxapex|81/100
|-status|p2a: Kingambit|frz
|cant|p2a: Kingambit|frz
|
|-weather|Snowscape|[upkeep]
|-heal|p2b: Toxapex|87/100|[from] item: Leftovers
|upkeep
|turn|2
|inactive|CrawlingKingSnake has 30 seconds left.
|inactive|CrawlingKingSnake has 20 seconds left.
|inactive|CrawlingKingSnake has 15 seconds left.
|inactive|CrawlingKingSnake has 10 seconds left.
|inactive|CrawlingKingSnake has 5 seconds left.
|inactive|filipwonderchild2 has 30 seconds left.
|
|t:|1784834207
|cant|p2a: Kingambit|frz
|move|p1a: Froslass|Shadow Ball|p2a: Kingambit
|-resisted|p2a: Kingambit|1
|-damage|p2a: Kingambit|35/100 frz
|move|p1b: Incineroar|Flare Blitz|p2a: Kingambit
|-supereffective|p2a: Kingambit|1
|-damage|p2a: Kingambit|0 fnt
|faint|p2a: Kingambit
|-damage|p1b: Incineroar|90/100|[from] Recoil
|move|p2b: Toxapex|Infestation|p1b: Incineroar
|-damage|p1b: Incineroar|87/100
|-activate|p1b: Incineroar|move: Infestation|[of] p2b: Toxapex
|
|-weather|Snowscape|[upkeep]
|-heal|p2b: Toxapex|92/100|[from] item: Leftovers
|-damage|p1b: Incineroar|75/100|[from] move: Infestation|[partiallytrapped]
|upkeep
|
|t:|1784834218
|switch|p2a: Floette|Floette-Eternal, L50, F|100/100
|turn|3
|
|t:|1784834239
|detailschange|p2a: Floette|Floette-Mega, L50, F
|-mega|p2a: Floette|Floette|Floettite
|-ability|p2a: Floette|Fairy Aura
|move|p1a: Froslass|Protect|p1a: Froslass
|-singleturn|p1a: Froslass|Protect
|move|p2a: Floette|Calm Mind|p2a: Floette
|-boost|p2a: Floette|spa|1
|-boost|p2a: Floette|spd|1
|move|p1b: Incineroar|Parting Shot|p2a: Floette
|-unboost|p2a: Floette|atk|1
|-unboost|p2a: Floette|spa|1
|
|t:|1784834250
|switch|p1b: Kingambit|Kingambit, L50, F|100/100|[from] Parting Shot
|move|p2b: Toxapex|Infestation|p1a: Froslass
|-activate|p1a: Froslass|move: Protect
|
|-weather|Snowscape|[upkeep]
|-heal|p2b: Toxapex|98/100|[from] item: Leftovers
|upkeep
|turn|4
|inactive|CrawlingKingSnake has 30 seconds left.
|
|t:|1784834276
|move|p1a: Froslass|Aurora Veil|p1a: Froslass
|-sidestart|p1: filipwonderchild2|move: Aurora Veil
|move|p2a: Floette|Calm Mind|p2a: Floette
|-boost|p2a: Floette|spa|1
|-boost|p2a: Floette|spd|1
|move|p1b: Kingambit|Swords Dance|p1b: Kingambit
|-boost|p1b: Kingambit|atk|2
|move|p2b: Toxapex|Infestation|p1b: Kingambit
|-damage|p1b: Kingambit|97/100
|-activate|p1b: Kingambit|move: Infestation|[of] p2b: Toxapex
|
|-weather|Snowscape|[upkeep]
|-heal|p2b: Toxapex|100/100|[from] item: Leftovers
|-damage|p1b: Kingambit|85/100|[from] move: Infestation|[partiallytrapped]
|upkeep
|turn|5
|inactive|CrawlingKingSnake has 30 seconds left.
|inactive|CrawlingKingSnake has 20 seconds left.
|inactive|CrawlingKingSnake has 15 seconds left.
|inactive|CrawlingKingSnake has 10 seconds left.
|
|t:|1784834325
|move|p1a: Froslass|Shadow Ball|p2a: Floette
|-crit|p2a: Floette
|-damage|p2a: Floette|47/100
|move|p2a: Floette|Dazzling Gleam|p1b: Kingambit|[spread] p1a,p1b
|-damage|p1a: Froslass|49/100
|-damage|p1b: Kingambit|42/100
|move|p1b: Kingambit|Kowtow Cleave|p2a: Floette
|-resisted|p2a: Floette|1
|-damage|p2a: Floette|0 fnt
|faint|p2a: Floette
|move|p2b: Toxapex|Toxic|p1a: Froslass
|-status|p1a: Froslass|tox
|
|-weather|none
|-damage|p1a: Froslass|43/100 tox|[from] psn
|-damage|p1b: Kingambit|30/100|[from] move: Infestation|[partiallytrapped]
|upkeep
|
|t:|1784834335
|switch|p2a: Palafin|Palafin-Hero, L50, F, shiny|100/100
|-activate|p2a: Palafin|ability: Zero to Hero
|turn|6
|
|t:|1784834351
|switch|p1a: Incineroar|Incineroar, L50, M|75/100
|-ability|p1a: Incineroar|Intimidate|boost
|-unboost|p2a: Palafin|atk|1
|-unboost|p2b: Toxapex|atk|1
|move|p2a: Palafin|Jet Punch|p1b: Kingambit
|-damage|p1b: Kingambit|12/100
|-damage|p2a: Palafin|90/100|[from] item: Life Orb
|move|p1b: Kingambit|Sucker Punch||[still]
|-fail|p1b: Kingambit
|move|p2b: Toxapex|Toxic|p1a: Incineroar
|-status|p1a: Incineroar|tox
|
|-damage|p1a: Incineroar|69/100 tox|[from] psn
|-damage|p1b: Kingambit|1/100|[from] move: Infestation|[partiallytrapped]
|upkeep
|turn|7
|inactive|filipwonderchild2 has 30 seconds left.
|inactive|CrawlingKingSnake has 30 seconds left.
|inactive|CrawlingKingSnake has 20 seconds left.
|
|t:|1784834400
|move|p2b: Toxapex|Baneful Bunker|p2b: Toxapex
|-singleturn|p2b: Toxapex|move: Protect
|move|p1b: Kingambit|Sucker Punch|p2a: Palafin
|-damage|p2a: Palafin|0 fnt
|faint|p2a: Palafin
|move|p1a: Incineroar|Throat Chop|p2b: Toxapex
|-activate|p2b: Toxapex|move: Protect
|
|-damage|p1a: Incineroar|57/100 tox|[from] psn
|-damage|p1b: Kingambit|0 fnt|[from] move: Infestation|[partiallytrapped]
|faint|p1b: Kingambit
|upkeep
|
|t:|1784834414
|switch|p1b: Froslass|Froslass-Mega, L50, F|43/100 tox
|-weather|Snowscape|[from] ability: Snow Warning|[of] p1b: Froslass
|turn|8
|
|t:|1784834421
|move|p1b: Froslass|Shadow Ball|p2b: Toxapex
|-damage|p2b: Toxapex|61/100
|move|p1a: Incineroar|Throat Chop|p2b: Toxapex
|-damage|p2b: Toxapex|38/100
|-start|p2b: Toxapex|Throat Chop|[silent]
|move|p2b: Toxapex|Infestation|p1b: Froslass
|-resisted|p1b: Froslass|1
|-damage|p1b: Froslass|42/100 tox
|-activate|p1b: Froslass|move: Infestation|[of] p2b: Toxapex
|
|-weather|Snowscape|[upkeep]
|-heal|p2b: Toxapex|43/100|[from] item: Leftovers
|-damage|p1b: Froslass|36/100 tox|[from] psn
|-damage|p1a: Incineroar|39/100 tox|[from] psn
|-damage|p1b: Froslass|23/100 tox|[from] move: Infestation|[partiallytrapped]
|-sideend|p1: filipwonderchild2|move: Aurora Veil
|upkeep
|-enditem|p1a: Incineroar|Sitrus Berry|[eat]
|-heal|p1a: Incineroar|64/100 tox|[from] item: Sitrus Berry
|turn|9
|inactive|filipwonderchild2 has 30 seconds left.
|
|t:|1784834447
|switch|p1b: Garchomp|Garchomp, L50, F|100/100
|move|p2b: Toxapex|Baneful Bunker|p2b: Toxapex
|-singleturn|p2b: Toxapex|move: Protect
|move|p1a: Incineroar|Throat Chop|p2b: Toxapex
|-activate|p2b: Toxapex|move: Protect
|
|-weather|Snowscape|[upkeep]
|-heal|p2b: Toxapex|49/100|[from] item: Leftovers
|-damage|p1a: Incineroar|40/100 tox|[from] psn
|-end|p2b: Toxapex|Throat Chop|[silent]
|upkeep
|turn|10
|
|t:|1784834459
|move|p2b: Toxapex|Wide Guard|p2b: Toxapex
|-singleturn|p2b: Toxapex|Wide Guard
|move|p1b: Garchomp|Earthquake|p2b: Toxapex|[spread] p1a
|-activate|p2b: Toxapex|move: Wide Guard
|-supereffective|p1a: Incineroar|1
|-damage|p1a: Incineroar|0 fnt
|faint|p1a: Incineroar
|-damage|p1b: Garchomp|90/100|[from] item: Life Orb
|
|-weather|Snowscape|[upkeep]
|-heal|p2b: Toxapex|55/100|[from] item: Leftovers
|upkeep
|
|t:|1784834469
|switch|p1a: Froslass|Froslass-Mega, L50, F|23/100 tox
|turn|11
|
|t:|1784834487
|move|p1b: Garchomp|Protect|p1b: Garchomp
|-singleturn|p1b: Garchomp|Protect
|move|p1a: Froslass|Shadow Ball|p2b: Toxapex
|-damage|p2b: Toxapex|18/100
|move|p2b: Toxapex|Toxic|p1b: Garchomp
|-activate|p1b: Garchomp|move: Protect
|
|-weather|Snowscape|[upkeep]
|-heal|p2b: Toxapex|24/100|[from] item: Leftovers
|-damage|p1a: Froslass|17/100 tox|[from] psn
|upkeep
|turn|12
|
|t:|1784834501
|move|p1b: Garchomp|Protect|p1b: Garchomp
|-singleturn|p1b: Garchomp|Protect
|move|p2b: Toxapex|Baneful Bunker|p2b: Toxapex
|-singleturn|p2b: Toxapex|move: Protect
|move|p1a: Froslass|Shadow Ball|p2b: Toxapex
|-activate|p2b: Toxapex|move: Protect
|
|-weather|none
|-heal|p2b: Toxapex|29/100|[from] item: Leftovers
|-damage|p1a: Froslass|5/100 tox|[from] psn
|upkeep
|turn|13
|
|t:|1784834514
|move|p2b: Toxapex|Baneful Bunker|p2b: Toxapex
|-singleturn|p2b: Toxapex|move: Protect
|move|p1a: Froslass|Shadow Ball|p2b: Toxapex
|-activate|p2b: Toxapex|move: Protect
|move|p1b: Garchomp|Dragon Claw|p2b: Toxapex
|-activate|p2b: Toxapex|move: Protect
|-status|p1b: Garchomp|psn
|
|-heal|p2b: Toxapex|35/100|[from] item: Leftovers
|-damage|p1a: Froslass|0 fnt|[from] psn
|faint|p1a: Froslass
|-damage|p1b: Garchomp|77/100 psn|[from] psn
|upkeep
|turn|14
|
|t:|1784834528
|move|p1b: Garchomp|Dragon Claw|p2b: Toxapex
|-damage|p2b: Toxapex|0 fnt
|faint|p2b: Toxapex
|-damage|p1b: Garchomp|68/100 psn|[from] item: Life Orb
|
|win|filipwonderchild2
||CrawlingKingSnake is ready for game 3.
||filipwonderchild2 is ready for game 3.
|uhtml|next|Next: Game 3 of 3
