|j|☆Screammmmm1
|j|☆caarlos.g_7
|html|Screammmmm1caarlos.g_7    
|uhtml|bestof|Game 2 of a best-of-3
|t:|1782201887
|gametype|doubles
|player|p1|Screammmmm1|n|1120
|player|p2|caarlos.g_7|grimsley|1078
|gen|9
|tier|[Gen 9 Champions] VGC 2026 Reg M-B (Bo3)
|rated|
|rule|Species Clause: Limit one of each Pokémon
|rule|Item Clause: Limit 1 of each item
|clearpoke
|poke|p1|Tyranitar, L50, F|
|poke|p1|Whimsicott, L50, F|
|poke|p1|Houndstone, L50, F|
|poke|p1|Garchomp, L50, F|
|poke|p1|Basculegion, L50, M|
|poke|p1|Metagross, L50, shiny|
|poke|p2|Charizard, L50, M, shiny|
|poke|p2|Whimsicott, L50, F|
|poke|p2|Garchomp, L50, F|
|poke|p2|Gholdengo, L50|
|poke|p2|Kangaskhan, L50, F|
|poke|p2|Incineroar, L50, F, shiny|
|teampreview|4
|showteam|p1|Tyranitar||Tyranitarite|SandStream|RockSlide,DragonDance,Protect,KnockOff|Jolly||F|||50|]Whimsicott||FairyFeather|Prankster|Taunt,Moonblast,Tailwind,Encore|Bold||F|||50|]Houndstone||SitrusBerry|SandRush|WillOWisp,LastRespects,Protect,Howl|Jolly||F|||50|]Garchomp||LifeOrb|SandVeil|RockSlide,StompingTantrum,Protect,DragonClaw|Jolly||F|||50|]Basculegion||ChoiceScarf|Adaptability|FlipTurn,WaveCrash,LastRespects,AquaJet|Jolly||M|||50|]Metagross||Metagrossite|ClearBody|IcePunch,BulletPunch,PsychicFangs,Protect|Careful|||||50|
|showteam|p2|Charizard||CharizarditeY|Blaze|WeatherBall,HeatWave,SolarBeam,Protect|Modest||M|||50|]Whimsicott||FocusSash|Prankster|Moonblast,Tailwind,Encore,Protect|Timid||F|||50|]Garchomp||LifeOrb|RoughSkin|Earthquake,DragonClaw,RockSlide,Protect|Jolly||F|||50|]Gholdengo||SpellTag|GoodasGold|MakeItRain,ShadowBall,NastyPlot,Protect|Modest|||||50|]Kangaskhan||Kangaskhanite|Scrappy|DoubleEdge,IcePunch,LowKick,FakeOut|Adamant||F|||50|]Incineroar||SitrusBerry|Intimidate|FlareBlitz,ThroatChop,PartingShot,FakeOut|Careful||F|||50|
|inactive|Battle timer is ON: inactive players will automatically lose when time's up. (requested by caarlos.g_7)
|inactive|Screammmmm1 has 60 seconds left.
|
|t:|1782201932
|teamsize|p1|4
|teamsize|p2|4
|start
|switch|p1a: Basculegion|Basculegion, L50, M|100/100
|switch|p1b: Metagross|Metagross, L50, shiny|100/100
|switch|p2a: Incineroar|Incineroar, L50, F, shiny|100/100
|switch|p2b: Whimsicott|Whimsicott, L50, F|100/100
|-ability|p2a: Incineroar|Intimidate|boost
|-unboost|p1a: Basculegion|atk|1
|-fail|p1b: Metagross|unboost|[from] ability: Clear Body|[of] p1b: Metagross
|turn|1
|inactive|Screammmmm1 has 30 seconds left.
|inactive|caarlos.g_7 has 30 seconds left.
|inactive|Screammmmm1 has 20 seconds left.
|inactive|Screammmmm1 has 15 seconds left.
|
|t:|1782201972
|detailschange|p1b: Metagross|Metagross-Mega, L50, shiny
|-mega|p1b: Metagross|Metagross|Metagrossite
|move|p1b: Metagross|Protect|p1b: Metagross
|-singleturn|p1b: Metagross|Protect
|move|p2b: Whimsicott|Tailwind|p2b: Whimsicott
|-sidestart|p2: caarlos.g_7|move: Tailwind
|move|p1a: Basculegion|Flip Turn|p2a: Incineroar
|-supereffective|p2a: Incineroar|1
|-damage|p2a: Incineroar|54/100
|
|t:|1782201981
|switch|p1a: Whimsicott|Whimsicott, L50, F|100/100|[from] Flip Turn
|move|p2a: Incineroar|Parting Shot|p1a: Whimsicott
|-unboost|p1a: Whimsicott|atk|1
|-unboost|p1a: Whimsicott|spa|1
|
|t:|1782201988
|switch|p2a: Gholdengo|Gholdengo, L50|100/100|[from] Parting Shot
|
|upkeep
|turn|2
|
|t:|1782202012
|switch|p1b: Garchomp|Garchomp, L50, F|100/100
|move|p2b: Whimsicott|Encore||[still]
|-fail|p2b: Whimsicott
|move|p1a: Whimsicott|Tailwind|p1a: Whimsicott
|-sidestart|p1: Screammmmm1|move: Tailwind
|move|p2a: Gholdengo|Nasty Plot|p2a: Gholdengo
|-boost|p2a: Gholdengo|spa|2
|
|upkeep
|turn|3
|inactive|Screammmmm1 has 30 seconds left.
|
|t:|1782202043
|move|p1b: Garchomp|Protect|p1b: Garchomp
|-singleturn|p1b: Garchomp|Protect
|move|p2b: Whimsicott|Moonblast|p1b: Garchomp
|-activate|p1b: Garchomp|move: Protect
|move|p1a: Whimsicott|Moonblast|p2b: Whimsicott
|-damage|p2b: Whimsicott|66/100
|move|p2a: Gholdengo|Make It Rain|p1a: Whimsicott|[spread] p1a
|-activate|p1b: Garchomp|move: Protect
|-supereffective|p1a: Whimsicott|1
|-damage|p1a: Whimsicott|0 fnt
|-unboost|p2a: Gholdengo|spa|2
|faint|p1a: Whimsicott
|
|upkeep
|
|t:|1782202059
|switch|p1a: Metagross|Metagross-Mega, L50, shiny|100/100
|turn|4
|
|t:|1782202085
|move|p2b: Whimsicott|Moonblast|p1b: Garchomp
|-supereffective|p1b: Garchomp|1
|-damage|p1b: Garchomp|17/100
|move|p1b: Garchomp|Stomping Tantrum|p2b: Whimsicott
|-resisted|p2b: Whimsicott|1
|-damage|p2b: Whimsicott|26/100
|-damage|p1b: Garchomp|8/100|[from] item: Life Orb
|move|p1a: Metagross|Psychic Fangs|p2b: Whimsicott
|-damage|p2b: Whimsicott|0 fnt
|faint|p2b: Whimsicott
|move|p2a: Gholdengo|Shadow Ball|p1b: Garchomp
|-damage|p1b: Garchomp|0 fnt
|faint|p1b: Garchomp
|
|-sideend|p2: caarlos.g_7|move: Tailwind
|upkeep
|
|t:|1782202099
|switch|p2b: Incineroar|Incineroar, L50, F, shiny|54/100
|switch|p1b: Basculegion|Basculegion, L50, M|100/100
|-ability|p2b: Incineroar|Intimidate|boost
|-unboost|p1a: Metagross|atk|1
|-unboost|p1b: Basculegion|atk|1
|turn|5
|inactive|Screammmmm1 has 30 seconds left.
|
|t:|1782202132
|move|p2a: Gholdengo|Protect|p2a: Gholdengo
|-singleturn|p2a: Gholdengo|Protect
|move|p1b: Basculegion|Wave Crash|p2b: Incineroar
|-supereffective|p2b: Incineroar|1
|-damage|p2b: Incineroar|0 fnt
|faint|p2b: Incineroar
|-damage|p1b: Basculegion|81/100|[from] Recoil
|move|p1a: Metagross|Psychic Fangs|p2a: Gholdengo
|-activate|p2a: Gholdengo|move: Protect
|
|-sideend|p1: Screammmmm1|move: Tailwind
|upkeep
|
|t:|1782202141
|switch|p2b: Kangaskhan|Kangaskhan, L50, F|100/100
|turn|6
|inactive|Screammmmm1 has 30 seconds left.
|inactive|Screammmmm1 has 20 seconds left.
|
|t:|1782202176
|move|p1a: Metagross|Protect|p1a: Metagross
|-singleturn|p1a: Metagross|Protect
|move|p2b: Kangaskhan|Fake Out|p1b: Basculegion
|-damage|p1b: Basculegion|59/100
|cant|p1b: Basculegion|flinch
|move|p2a: Gholdengo|Shadow Ball|p1b: Basculegion
|-supereffective|p1b: Basculegion|1
|-damage|p1b: Basculegion|0 fnt
|faint|p1b: Basculegion
|
|upkeep
|turn|7
|
|t:|1782202189
|detailschange|p2b: Kangaskhan|Kangaskhan-Mega, L50, F
|-mega|p2b: Kangaskhan|Kangaskhan|Kangaskhanite
|move|p2b: Kangaskhan|Low Kick|p1a: Metagross
|-damage|p1a: Metagross|70/100
|-damage|p1a: Metagross|63/100
|-hitcount|p1a: Metagross|2
|move|p1a: Metagross|Psychic Fangs|p2b: Kangaskhan
|-damage|p2b: Kangaskhan|69/100
|move|p2a: Gholdengo|Shadow Ball|p1a: Metagross
|-supereffective|p1a: Metagross|1
|-damage|p1a: Metagross|0 fnt
|faint|p1a: Metagross
|
|win|caarlos.g_7
||Screammmmm1 is ready for game 3.
||caarlos.g_7 is ready for game 3.
|uhtml|next|Next: Game 3 of 3
|l|☆Screammmmm1
|player|p1|
