|j|☆Jamstiffer
|j|☆artyowls
|html|Jamstifferartyowls    
|uhtml|bestof|Game 1 of a best-of-3
|t:|1756923650
|gametype|doubles
|player|p1|Jamstiffer|aaron|1100
|player|p2|artyowls|bellelba|1116
|gen|9
|tier|[Gen 9] VGC 2025 Reg H (Bo3)
|rated|
|rule|Species Clause: Limit one of each Pokémon
|rule|Item Clause: Limit 1 of each item
|clearpoke
|poke|p1|Sneasler, L50, M|
|poke|p1|Dragonite, L50, M|
|poke|p1|Rillaboom, L50, F|
|poke|p1|Gholdengo, L50|
|poke|p1|Electabuzz, L50, F|
|poke|p1|Volcarona, L50, F|
|poke|p2|Incineroar, L50, M|
|poke|p2|Amoonguss, L50, M|
|poke|p2|Ursaluna-Bloodmoon, L50, M|
|poke|p2|Sneasler, L50, F|
|poke|p2|Gholdengo, L50|
|poke|p2|Dragonite, L50, M|
|teampreview|4
|showteam|p1|Sneasler||GrassySeed|Unburden|ThroatChop,CloseCombat,DireClaw,Protect|||M|||50|,,,,,Dark]Dragonite||LoadedDice|Multiscale|Haze,Tailwind,ScaleShot,Protect|||M|||50|,,,,,Steel]Rillaboom||AssaultVest|GrassySurge|FakeOut,GrassyGlide,WoodHammer,HighHorsepower|||F|||50|,,,,,Fire]Gholdengo||LifeOrb|GoodasGold|MakeItRain,ShadowBall,NastyPlot,Protect||||||50|,,,,,Dragon]Electabuzz||Eviolite|VitalSpirit|FollowMe,Thunderbolt,Taunt,Protect|||F|||50|,,,,,Bug]Volcarona||Leftovers|FlameBody|QuiverDance,GigaDrain,HeatWave,Protect|||F|||50|,,,,,Grass
|showteam|p2|Incineroar||SafetyGoggles|Intimidate|FlareBlitz,KnockOff,PartingShot,FakeOut|||M|||50|,,,,,Ghost]Amoonguss||SitrusBerry|Regenerator|Spore,RagePowder,PollenPuff,Protect|||M|||50|,,,,,Psychic]Ursaluna-Bloodmoon||AssaultVest|MindsEye|HyperVoice,BloodMoon,EarthPower,VacuumWave|||M|||50|,,,,,Water]Sneasler||FocusSash|Unburden|CloseCombat,DireClaw,Taunt,Protect|||F|||50|,,,,,Stellar]Gholdengo||LifeOrb|GoodasGold|MakeItRain,ShadowBall,NastyPlot,Protect||||||50|,,,,,Water]Dragonite||LoadedDice|Multiscale|ScaleShot,Tailwind,Haze,Protect|||M|||50|,,,,,Fairy
|inactive|Battle timer is ON: inactive players will automatically lose when time's up. (requested by Jamstiffer)
|c|☆Jamstiffer|glhf
|inactive|Jamstiffer has 60 seconds left.
|inactive|artyowls has 60 seconds left.
|
|t:|1756923710
|teamsize|p1|4
|teamsize|p2|4
|start
|switch|p1a: Electabuzz|Electabuzz, L50, F|100/100
|switch|p1b: Volcarona|Volcarona, L50, F|100/100
|switch|p2a: Dragonite|Dragonite, L50, M|100/100
|switch|p2b: Sneasler|Sneasler, L50, F|100/100
|turn|1
|inactive|artyowls has 30 seconds left.
|
|t:|1756923739
|move|p1a: Electabuzz|Follow Me|p1a: Electabuzz
|-singleturn|p1a: Electabuzz|move: Follow Me
|move|p2b: Sneasler|Taunt|p1a: Electabuzz
|-start|p1a: Electabuzz|move: Taunt
|move|p1b: Volcarona|Heat Wave|p2a: Dragonite|[spread] p2a,p2b
|-resisted|p2a: Dragonite
|-damage|p2a: Dragonite|90/100
|-damage|p2b: Sneasler|54/100
|move|p2a: Dragonite|Scale Shot|p1a: Electabuzz
|-damage|p1a: Electabuzz|89/100
|-damage|p1a: Electabuzz|77/100
|-damage|p1a: Electabuzz|66/100
|-damage|p1a: Electabuzz|55/100
|-hitcount|p1a: Electabuzz|4
|-unboost|p2a: Dragonite|def|1
|-boost|p2a: Dragonite|spe|1
|
|upkeep
|turn|2
|inactive|artyowls has 30 seconds left.
|inactive|artyowls has 20 seconds left.
|inactive|artyowls has 15 seconds left.
|
|t:|1756923781
|move|p1b: Volcarona|Protect|p1b: Volcarona
|-singleturn|p1b: Volcarona|Protect
|move|p2a: Dragonite|Scale Shot|p1a: Electabuzz
|-damage|p1a: Electabuzz|43/100
|-damage|p1a: Electabuzz|31/100
|-damage|p1a: Electabuzz|20/100
|-damage|p1a: Electabuzz|9/100
|-damage|p1a: Electabuzz|0 fnt
|faint|p1a: Electabuzz
|-hitcount|p1: Electabuzz|5
|-unboost|p2a: Dragonite|def|1
|-boost|p2a: Dragonite|spe|1
|move|p2b: Sneasler|Dire Claw|p1b: Volcarona
|-activate|p1b: Volcarona|move: Protect
|
|upkeep
|
|t:|1756923794
|switch|p1a: Dragonite|Dragonite, L50, M|100/100
|turn|3
|inactive|artyowls has 30 seconds left.
|
|t:|1756923826
|-terastallize|p2a: Dragonite|Fairy
|-terastallize|p1a: Dragonite|Steel
|move|p2a: Dragonite|Scale Shot|p1a: Dragonite
|-resisted|p1a: Dragonite
|-damage|p1a: Dragonite|96/100
|-resisted|p1a: Dragonite
|-damage|p1a: Dragonite|87/100
|-resisted|p1a: Dragonite
|-damage|p1a: Dragonite|80/100
|-resisted|p1a: Dragonite
|-damage|p1a: Dragonite|72/100
|-resisted|p1a: Dragonite
|-damage|p1a: Dragonite|63/100
|-hitcount|p1a: Dragonite|5
|-unboost|p2a: Dragonite|def|1
|-boost|p2a: Dragonite|spe|1
|move|p2b: Sneasler|Taunt|p1b: Volcarona
|-start|p1b: Volcarona|move: Taunt
|cant|p1b: Volcarona|move: Taunt|Quiver Dance
|move|p1a: Dragonite|Tailwind|p1a: Dragonite
|-sidestart|p1: Jamstiffer|move: Tailwind
|
|upkeep
|turn|4
|inactive|artyowls has 30 seconds left.
|inactive|Jamstiffer has 30 seconds left.
|inactive|artyowls has 20 seconds left.
|
|t:|1756923863
|move|p2a: Dragonite|Scale Shot|p1b: Volcarona
|-crit|p1b: Volcarona
|-damage|p1b: Volcarona|72/100
|-damage|p1b: Volcarona|53/100
|-damage|p1b: Volcarona|35/100
|-damage|p1b: Volcarona|18/100
|-damage|p1b: Volcarona|2/100
|-hitcount|p1b: Volcarona|5
|-unboost|p2a: Dragonite|def|1
|-boost|p2a: Dragonite|spe|1
|move|p1b: Volcarona|Heat Wave|p2a: Dragonite|[spread] p2a,p2b
|-damage|p2a: Dragonite|54/100
|-damage|p2b: Sneasler|1/100
|move|p1a: Dragonite|Haze|p1a: Dragonite
|-clearallboost
|move|p2b: Sneasler|Close Combat|p1a: Dragonite
|-supereffective|p1a: Dragonite
|-damage|p1a: Dragonite|0 fnt
|-unboost|p2b: Sneasler|def|1
|-unboost|p2b: Sneasler|spd|1
|faint|p1a: Dragonite
|
|-heal|p1b: Volcarona|8/100|[from] item: Leftovers
|upkeep
|
|t:|1756923879
|switch|p1a: Rillaboom|Rillaboom, L50, F|100/100
|-fieldstart|move: Grassy Terrain|[from] ability: Grassy Surge|[of] p1a: Rillaboom
|turn|5
|inactive|artyowls has 30 seconds left.
|inactive|Jamstiffer has 30 seconds left.
|
|t:|1756923913
|switch|p2b: Incineroar|Incineroar, L50, M|100/100
|-ability|p2b: Incineroar|Intimidate|boost
|-unboost|p1a: Rillaboom|atk|1
|-unboost|p1b: Volcarona|atk|1
|move|p1b: Volcarona|Giga Drain|p2a: Dragonite
|-damage|p2a: Dragonite|18/100
|-heal|p1b: Volcarona|23/100|[from] drain|[of] p2a: Dragonite
|move|p1a: Rillaboom|Wood Hammer|p2a: Dragonite
|-damage|p2a: Dragonite|0 fnt
|faint|p2a: Dragonite
|-damage|p1a: Rillaboom|95/100|[from] Recoil
|
|-heal|p1b: Volcarona|30/100|[from] Grassy Terrain
|-heal|p1b: Volcarona|36/100|[from] item: Leftovers
|-heal|p1a: Rillaboom|100/100|[from] Grassy Terrain
|-end|p1b: Volcarona|move: Taunt
|upkeep
|
|t:|1756923937
|switch|p2a: Sneasler|Sneasler, L50, F|1/100
|turn|6
|inactive|artyowls has 30 seconds left.
|
|t:|1756923962
|move|p2a: Sneasler|Protect|p2a: Sneasler
|-singleturn|p2a: Sneasler|Protect
|move|p1a: Rillaboom|Grassy Glide|p2a: Sneasler
|-activate|p2a: Sneasler|move: Protect
|move|p1b: Volcarona|Heat Wave|p2b: Incineroar|[spread] p2b
|-activate|p2a: Sneasler|move: Protect
|-resisted|p2b: Incineroar
|-damage|p2b: Incineroar|85/100
|move|p2b: Incineroar|Flare Blitz|p1a: Rillaboom
|-supereffective|p1a: Rillaboom
|-damage|p1a: Rillaboom|0 fnt
|faint|p1a: Rillaboom
|-damage|p2b: Incineroar|56/100|[from] Recoil
|
|-heal|p1b: Volcarona|42/100|[from] Grassy Terrain
|-heal|p1b: Volcarona|48/100|[from] item: Leftovers
|-heal|p2a: Sneasler|7/100|[from] Grassy Terrain
|-heal|p2b: Incineroar|62/100|[from] Grassy Terrain
|-sideend|p1: Jamstiffer|move: Tailwind
|upkeep
|turn|7
|inactive|artyowls has 30 seconds left.
|inactive|artyowls has 20 seconds left.
|
|t:|1756924000
|move|p1b: Volcarona|Protect|p1b: Volcarona
|-singleturn|p1b: Volcarona|Protect
|move|p2a: Sneasler|Dire Claw|p1b: Volcarona
|-activate|p1b: Volcarona|move: Protect
|move|p2b: Incineroar|Knock Off|p1b: Volcarona
|-activate|p1b: Volcarona|move: Protect
|
|-heal|p2a: Sneasler|13/100|[from] Grassy Terrain
|-heal|p1b: Volcarona|55/100|[from] Grassy Terrain
|-heal|p1b: Volcarona|61/100|[from] item: Leftovers
|-heal|p2b: Incineroar|68/100|[from] Grassy Terrain
|upkeep
|turn|8
|
|t:|1756924009
|move|p2a: Sneasler|Dire Claw|p1b: Volcarona
|-damage|p1b: Volcarona|7/100
|move|p1b: Volcarona|Heat Wave|p2b: Incineroar|[spread] p2a,p2b
|-resisted|p2b: Incineroar
|-damage|p2a: Sneasler|0 fnt
|-damage|p2b: Incineroar|53/100
|faint|p2a: Sneasler
|move|p2b: Incineroar|Knock Off|p1b: Volcarona
|-damage|p1b: Volcarona|0 fnt
|-enditem|p1b: Volcarona|Leftovers|[from] move: Knock Off|[of] p2b: Incineroar
|faint|p1b: Volcarona
|
|win|artyowls
||Jamstiffer is ready for game 2.
|inactive|artyowls has 30 seconds to confirm battle start!
|l|☆Jamstiffer
|player|p1|
||artyowls is ready for game 2.
|uhtml|next|Next: Game 2 of 3
