|j|☆altario8211
|j|☆scaccabarozzivgc
|html|altario8211scaccabarozzivgc    
|uhtml|bestof|Game 2 of a best-of-3
|t:|1756466056
|gametype|doubles
|player|p1|altario8211|preschooler-gen6|1074
|player|p2|scaccabarozzivgc|harlequin|1062
|gen|9
|tier|[Gen 9] VGC 2025 Reg H (Bo3)
|rated|
|rule|Species Clause: Limit one of each Pokémon
|rule|Item Clause: Limit 1 of each item
|clearpoke
|poke|p1|Kingdra, L50, F|
|poke|p1|Rillaboom, L50, F|
|poke|p1|Incineroar, L50, M|
|poke|p1|Ninetales-Alola, L50, M|
|poke|p1|Electabuzz, L50, M|
|poke|p1|Annihilape, L50, M|
|poke|p2|Whimsicott, L50, F|
|poke|p2|Gholdengo, L50|
|poke|p2|Incineroar, L50, F|
|poke|p2|Dragonite, L50, F|
|poke|p2|Sneasler, L50, F|
|poke|p2|Garchomp, L50, M|
|teampreview|4
|showteam|p1|Kingdra||ScopeLens|Sniper|FocusEnergy,DracoMeteor,Scald,Protect|||F|||50|,,,,,Ghost]Rillaboom||AssaultVest|GrassySurge|FakeOut,Uturn,WoodHammer,GrassyGlide|||F|||50|,,,,,Fire]Incineroar||SafetyGoggles|Intimidate|FakeOut,KnockOff,PartingShot,FlareBlitz|||M|||50|,,,,,Ghost]Ninetales-Alola||CovertCloak|SnowWarning|Blizzard,IcyWind,Encore,AuroraVeil|||M|||50|,,,,,Water]Electabuzz||Eviolite|VitalSpirit|FollowMe,Taunt,Electroweb,Protect|||M|||50|,,,,,Ghost]Annihilape||Leftovers|Defiant|RageFist,DrainPunch,Protect,BulkUp|||M|||50|,,,,,Fire
|showteam|p2|Whimsicott||FocusSash|Prankster|Moonblast,Tailwind,Encore,Protect|||F|||50|,,,,,Ghost]Gholdengo||ChoiceSpecs|GoodasGold|MakeItRain,ShadowBall,Trick,Protect||||||50|,,,,,Steel]Incineroar||AssaultVest|Intimidate|FlareBlitz,KnockOff,Uturn,FakeOut|||F|||50|,,,,,Grass]Dragonite||ChoiceBand|InnerFocus|Outrage,ExtremeSpeed,IceSpinner,StompingTantrum|||F|||50|,,,,,Normal]Sneasler||WhiteHerb|Unburden|DireClaw,CloseCombat,FakeOut,Protect|||F|||50|,,,,,Stellar]Garchomp||LifeOrb|RoughSkin|Earthquake,StompingTantrum,DragonClaw,Protect|||M|||50|,,,,,Ground
|inactive|Battle timer is ON: inactive players will automatically lose when time's up. (requested by scaccabarozzivgc)
|inactive|altario8211 also wants the timer to be on.
|inactive|altario8211 has 60 seconds left.
|
|t:|1756466103
|teamsize|p1|4
|teamsize|p2|4
|start
|switch|p1a: Incineroar|Incineroar, L50, M|100/100
|switch|p1b: Annihilape|Annihilape, L50, M|100/100
|switch|p2a: Whimsicott|Whimsicott, L50, F|100/100
|switch|p2b: Sneasler|Sneasler, L50, F|100/100
|-ability|p1a: Incineroar|Intimidate|boost
|-unboost|p2a: Whimsicott|atk|1
|-unboost|p2b: Sneasler|atk|1
|-enditem|p2b: Sneasler|White Herb
|-clearnegativeboost|p2b: Sneasler|[silent]
|turn|1
|
|t:|1756466126
|switch|p1b: Rillaboom|Rillaboom, L50, F|100/100
|-fieldstart|move: Grassy Terrain|[from] ability: Grassy Surge|[of] p1b: Rillaboom
|move|p1a: Incineroar|Fake Out|p2b: Sneasler
|-damage|p2b: Sneasler|85/100
|cant|p2b: Sneasler|flinch
|move|p2a: Whimsicott|Moonblast|p1b: Rillaboom
|-damage|p1b: Rillaboom|72/100
|
|-heal|p2b: Sneasler|91/100|[from] Grassy Terrain
|-heal|p1b: Rillaboom|78/100|[from] Grassy Terrain
|upkeep
|turn|2
|
|t:|1756466150
|move|p2b: Sneasler|Protect|p2b: Sneasler
|-singleturn|p2b: Sneasler|Protect
|move|p1b: Rillaboom|Fake Out|p2b: Sneasler
|-activate|p2b: Sneasler|move: Protect
|move|p2a: Whimsicott|Moonblast|p1a: Incineroar
|-damage|p1a: Incineroar|73/100
|move|p1a: Incineroar|Parting Shot|p2b: Sneasler
|-activate|p2b: Sneasler|move: Protect
|
|-heal|p2b: Sneasler|97/100|[from] Grassy Terrain
|-heal|p1b: Rillaboom|84/100|[from] Grassy Terrain
|-heal|p1a: Incineroar|79/100|[from] Grassy Terrain
|upkeep
|turn|3
|
|t:|1756466165
|switch|p1a: Annihilape|Annihilape, L50, M|100/100
|-terastallize|p2b: Sneasler|Stellar
|move|p2b: Sneasler|Dire Claw|p1b: Rillaboom
|-supereffective|p1b: Rillaboom
|-damage|p1b: Rillaboom|0 fnt
|faint|p1b: Rillaboom
|move|p2a: Whimsicott|Moonblast|p1a: Annihilape
|-supereffective|p1a: Annihilape
|-damage|p1a: Annihilape|43/100
|
|-heal|p2b: Sneasler|100/100|[from] Grassy Terrain
|-heal|p1a: Annihilape|49/100|[from] Grassy Terrain
|-heal|p1a: Annihilape|56/100|[from] item: Leftovers
|upkeep
|
|t:|1756466173
|switch|p1b: Incineroar|Incineroar, L50, M|79/100
|-ability|p1b: Incineroar|Intimidate|boost
|-unboost|p2a: Whimsicott|atk|1
|-unboost|p2b: Sneasler|atk|1
|turn|4
|inactive|altario8211 has 30 seconds left.
|inactive|altario8211 has 20 seconds left.
|
|t:|1756466211
|switch|p1b: Ninetales|Ninetales-Alola, L50, M|100/100
|-weather|Snowscape|[from] ability: Snow Warning|[of] p1b: Ninetales
|move|p2a: Whimsicott|Protect|p2a: Whimsicott
|-singleturn|p2a: Whimsicott|Protect
|move|p2b: Sneasler|Close Combat|p1b: Ninetales
|-damage|p1b: Ninetales|50/100
|-unboost|p2b: Sneasler|def|1
|-unboost|p2b: Sneasler|spd|1
|move|p1a: Annihilape|Rage Fist|p2a: Whimsicott
|-activate|p2a: Whimsicott|move: Protect
|
|-weather|Snowscape|[upkeep]
|-heal|p1b: Ninetales|57/100|[from] Grassy Terrain
|-heal|p1a: Annihilape|62/100|[from] Grassy Terrain
|-heal|p1a: Annihilape|68/100|[from] item: Leftovers
|upkeep
|turn|5
|
|t:|1756466230
|-terastallize|p1b: Ninetales|Water
|move|p2b: Sneasler|Dire Claw|p1b: Ninetales
|-crit|p1b: Ninetales
|-damage|p1b: Ninetales|0 fnt
|faint|p1b: Ninetales
|move|p2a: Whimsicott|Moonblast|p1a: Annihilape
|-supereffective|p1a: Annihilape
|-damage|p1a: Annihilape|3/100
|move|p1a: Annihilape|Rage Fist|p2b: Sneasler
|-damage|p2b: Sneasler|0 fnt
|faint|p2b: Sneasler
|
|-weather|Snowscape|[upkeep]
|-heal|p1a: Annihilape|9/100|[from] Grassy Terrain
|-heal|p1a: Annihilape|15/100|[from] item: Leftovers
|-fieldend|move: Grassy Terrain
|upkeep
|
|t:|1756466242
|switch|p1b: Incineroar|Incineroar, L50, M|79/100
|switch|p2b: Gholdengo|Gholdengo, L50|100/100
|-ability|p1b: Incineroar|Intimidate|boost
|-unboost|p2a: Whimsicott|atk|1
|-unboost|p2b: Gholdengo|atk|1
|turn|6
|
|t:|1756466255
|move|p1a: Annihilape|Protect|p1a: Annihilape
|-singleturn|p1a: Annihilape|Protect
|move|p2a: Whimsicott|Tailwind|p2a: Whimsicott
|-sidestart|p2: scaccabarozzivgc|move: Tailwind
|move|p2b: Gholdengo|Make It Rain|p1a: Annihilape|[spread] p1b
|-activate|p1a: Annihilape|move: Protect
|-resisted|p1b: Incineroar
|-damage|p1b: Incineroar|54/100
|-unboost|p2b: Gholdengo|spa|1
|move|p1b: Incineroar|Knock Off|p2b: Gholdengo
|-supereffective|p2b: Gholdengo
|-damage|p2b: Gholdengo|19/100
|-enditem|p2b: Gholdengo|Choice Specs|[from] move: Knock Off|[of] p1b: Incineroar
|
|-weather|Snowscape|[upkeep]
|-heal|p1a: Annihilape|21/100|[from] item: Leftovers
|upkeep
|turn|7
|
|t:|1756466273
|switch|p2b: Garchomp|Garchomp, L50, M|100/100
|move|p2a: Whimsicott|Moonblast|p1a: Annihilape
|-supereffective|p1a: Annihilape
|-damage|p1a: Annihilape|0 fnt
|faint|p1a: Annihilape
|move|p1b: Incineroar|Knock Off|p2b: Garchomp
|-damage|p2b: Garchomp|65/100
|-damage|p1b: Incineroar|41/100|[from] ability: Rough Skin|[of] p2b: Garchomp
|-enditem|p2b: Garchomp|Life Orb|[from] move: Knock Off|[of] p1b: Incineroar
|
|-weather|Snowscape|[upkeep]
|upkeep
|turn|8
|-message|altario8211 forfeited.
|raw|altario8211's rating: 1074 → 1052(-22 for losing)
|raw|scaccabarozzivgc's rating: 1062 → 1094(+32 for winning)
|
|win|scaccabarozzivgc
