|j|☆root2iris
|j|☆Free Torre Pacheco
|html|root2irisFree Torre Pacheco    
|uhtml|bestof|Game 3 of a best-of-3
|t:|1756239686
|gametype|doubles
|player|p1|root2iris|guitarist|1225
|player|p2|Free Torre Pacheco|rosa|1196
|gen|9
|tier|[Gen 9] VGC 2025 Reg H (Bo3)
|rated|
|rule|Species Clause: Limit one of each Pokémon
|rule|Item Clause: Limit 1 of each item
|clearpoke
|poke|p1|Archaludon, L50, F|
|poke|p1|Pelipper, L50, M|
|poke|p1|Amoonguss, L50, F|
|poke|p1|Incineroar, L50, M|
|poke|p1|Baxcalibur, L50, M|
|poke|p1|Annihilape, L50, M|
|poke|p2|Pelipper, L50, M|
|poke|p2|Archaludon, L50, M|
|poke|p2|Basculegion, L50, M|
|poke|p2|Incineroar, L50, F|
|poke|p2|Amoonguss, L50, M|
|poke|p2|Gholdengo, L50|
|teampreview|4
|showteam|p1|Archaludon||AssaultVest|Stamina|DragonPulse,ElectroShot,BodyPress,Thunderbolt|||F|||50|,,,,,Bug]Pelipper||FocusSash|Drizzle|MuddyWater,Hurricane,Tailwind,Protect|||M|||50|,,,,,Ghost]Amoonguss||CovertCloak|Regenerator|PollenPuff,RagePowder,Spore,Protect|||F|||50|,,,,,Fairy]Incineroar||SafetyGoggles|Intimidate|KnockOff,BurningJealousy,PartingShot,FakeOut|||M|||50|,,,,,Ghost]Baxcalibur||LoadedDice|ThermalExchange|IcicleSpear,ScaleShot,HighHorsepower,Protect|||M|||50|,,,,,Ghost]Annihilape||SitrusBerry|Defiant|RageFist,FinalGambit,Coaching,Taunt|||M|||50|,,,,,Fire
|showteam|p2|Pelipper||FocusSash|Drizzle|Tailwind,Hurricane,WeatherBall,Protect|||M|||50|,,,,,Stellar]Archaludon||AssaultVest|Stamina|ElectroShot,BodyPress,FlashCannon,DragonPulse|||M|||50|,,,,,Fairy]Basculegion||ChoiceBand|SwiftSwim|LastRespects,WaveCrash,AquaJet,FlipTurn|||M|||50|,,,,,Grass]Incineroar||SafetyGoggles|Intimidate|FakeOut,KnockOff,FlareBlitz,PartingShot|||F|||50|,,,,,Ghost]Amoonguss||SitrusBerry|Regenerator|Spore,RagePowder,PollenPuff,ClearSmog|||M|||50|,,,,,Fire]Gholdengo||LifeOrb|GoodasGold|NastyPlot,MakeItRain,ShadowBall,Protect||||||50|,,,,,Water
|inactive|Battle timer is ON: inactive players will automatically lose when time's up. (requested by root2iris)
|inactive|Free Torre Pacheco has 60 seconds left.
|inactive|Free Torre Pacheco has 30 seconds left.
|inactive|Free Torre Pacheco has 20 seconds left.
|inactive|Free Torre Pacheco has 15 seconds left.
|
|t:|1756239766
|teamsize|p1|4
|teamsize|p2|4
|start
|switch|p1a: Finishing++|Annihilape, L50, M|100/100
|switch|p1b: Air Combo++|Baxcalibur, L50, M|100/100
|switch|p2a: Archaludon|Archaludon, L50, M, shiny|100/100
|switch|p2b: Amoonguss|Amoonguss, L50, M|100/100
|turn|1
|
|t:|1756239790
|move|p1b: Air Combo++|Protect|p1b: Air Combo++
|-singleturn|p1b: Air Combo++|Protect
|move|p2b: Amoonguss|Rage Powder|p2b: Amoonguss
|-singleturn|p2b: Amoonguss|move: Rage Powder
|move|p1a: Finishing++|Taunt|p2b: Amoonguss
|-start|p2b: Amoonguss|move: Taunt
|move|p2a: Archaludon|Dragon Pulse|p1b: Air Combo++
|-activate|p1b: Air Combo++|move: Protect
|
|upkeep
|turn|2
|
|t:|1756239813
|switch|p2a: Basculegion|Basculegion, L50, M|100/100
|move|p1a: Finishing++|Final Gambit|p2a: Basculegion
|-immune|p2a: Basculegion
|move|p1b: Air Combo++|Icicle Spear|p2b: Amoonguss
|-supereffective|p2b: Amoonguss
|-damage|p2b: Amoonguss|79/100
|-supereffective|p2b: Amoonguss
|-damage|p2b: Amoonguss|54/100
|-supereffective|p2b: Amoonguss
|-damage|p2b: Amoonguss|30/100
|-enditem|p2b: Amoonguss|Sitrus Berry|[eat]
|-heal|p2b: Amoonguss|55/100|[from] item: Sitrus Berry
|-supereffective|p2b: Amoonguss
|-damage|p2b: Amoonguss|33/100
|-supereffective|p2b: Amoonguss
|-damage|p2b: Amoonguss|11/100
|-hitcount|p2b: Amoonguss|5
|move|p2b: Amoonguss|Pollen Puff|p2a: Basculegion
|
|upkeep
|turn|3
|inactive|root2iris has 30 seconds left.
|inactive|Free Torre Pacheco has 30 seconds left.
|inactive|root2iris has 20 seconds left.
|inactive|Free Torre Pacheco has 20 seconds left.
|
|t:|1756239851
|switch|p1a: Roxas|Archaludon, L50, F|100/100
|switch|p2b: Pelipper|Pelipper, L50, M|100/100
|-weather|RainDance|[from] ability: Drizzle|[of] p2b: Pelipper
|move|p2a: Basculegion|Wave Crash|p1a: Roxas
|-resisted|p1a: Roxas
|-damage|p1a: Roxas|57/100
|-ability|p1a: Roxas|Stamina|boost
|-boost|p1a: Roxas|def|1
|-damage|p2a: Basculegion|87/100|[from] Recoil
|move|p1b: Air Combo++|Scale Shot|p2a: Basculegion
|-damage|p2a: Basculegion|69/100
|-damage|p2a: Basculegion|50/100
|-damage|p2a: Basculegion|31/100
|-damage|p2a: Basculegion|15/100
|-hitcount|p2a: Basculegion|4
|-unboost|p1b: Air Combo++|def|1
|-boost|p1b: Air Combo++|spe|1
|
|-weather|RainDance|[upkeep]
|upkeep
|turn|4
|inactive|root2iris has 30 seconds left.
|inactive|Free Torre Pacheco has 30 seconds left.
|inactive|Free Torre Pacheco has 20 seconds left.
|inactive|Free Torre Pacheco has 15 seconds left.
|inactive|Free Torre Pacheco has 10 seconds left.
|
|t:|1756239897
|move|p2a: Basculegion|Wave Crash|p1b: Air Combo++
|-resisted|p1b: Air Combo++
|-damage|p1b: Air Combo++|0 fnt
|faint|p1b: Air Combo++
|-damage|p2a: Basculegion|0 fnt|[from] Recoil
|faint|p2a: Basculegion
|move|p2b: Pelipper|Tailwind|p2b: Pelipper
|-sidestart|p2: Free Torre Pacheco|move: Tailwind
|move|p1a: Roxas|Electro Shot||[still]
|-prepare|p1a: Roxas|Electro Shot
|-boost|p1a: Roxas|spa|1
|-anim|p1a: Roxas|Electro Shot|p2b: Pelipper
|-supereffective|p2b: Pelipper
|-enditem|p2b: Pelipper|Focus Sash
|-damage|p2b: Pelipper|1/100
|
|-weather|RainDance|[upkeep]
|upkeep
|
|t:|1756239921
|switch|p1b: Mikael Mouse|Amoonguss, L50, F|100/100
|switch|p2a: Archaludon|Archaludon, L50, M, shiny|100/100
|turn|5
|
|t:|1756239941
|-terastallize|p2b: Pelipper|Stellar
|move|p1b: Mikael Mouse|Protect|p1b: Mikael Mouse
|-singleturn|p1b: Mikael Mouse|Protect
|move|p2b: Pelipper|Hurricane|p1b: Mikael Mouse
|-activate|p1b: Mikael Mouse|move: Protect
|move|p2a: Archaludon|Dragon Pulse|p1a: Roxas
|-damage|p1a: Roxas|28/100
|-ability|p1a: Roxas|Stamina|boost
|-boost|p1a: Roxas|def|1
|move|p1a: Roxas|Electro Shot||[still]
|-prepare|p1a: Roxas|Electro Shot
|-boost|p1a: Roxas|spa|1
|-anim|p1a: Roxas|Electro Shot|p2b: Pelipper
|-supereffective|p2b: Pelipper
|-damage|p2b: Pelipper|0 fnt
|faint|p2b: Pelipper
|
|-weather|RainDance|[upkeep]
|upkeep
|
|t:|1756239954
|switch|p2b: Amoonguss|Amoonguss, L50, M|44/100
|turn|6
|inactive|Free Torre Pacheco has 30 seconds left.
|
|t:|1756239987
|move|p1b: Mikael Mouse|Rage Powder|p1b: Mikael Mouse
|-singleturn|p1b: Mikael Mouse|move: Rage Powder
|move|p2a: Archaludon|Dragon Pulse|p1b: Mikael Mouse
|-damage|p1b: Mikael Mouse|70/100
|move|p1a: Roxas|Dragon Pulse|p2b: Amoonguss
|-damage|p2b: Amoonguss|0 fnt
|faint|p2b: Amoonguss
|
|-weather|RainDance|[upkeep]
|upkeep
|turn|7
|-message|Free Torre Pacheco forfeited.
|
|win|root2iris
|raw|root2iris's rating: 1225 → 1248(+23 for winning)
|raw|Free Torre Pacheco's rating: 1196 → 1173(-23 for losing)
|l|☆Free Torre Pacheco
|player|p2|
