|j|☆SlimSanity
|j|☆VenusaurBot
|html|SlimSanityVenusaurBot    
|uhtml|bestof|Game 1 of a best-of-3
|t:|1784232228
|gametype|doubles
|player|p1|SlimSanity|1|1070
|player|p2|VenusaurBot|koga|1087
|gen|9
|tier|[Gen 9 Champions] VGC 2026 Reg M-B (Bo3)
|rated|
|rule|Species Clause: Limit one of each Pokémon
|rule|Item Clause: Limit 1 of each item
|clearpoke
|poke|p1|Scizor, L50, M|
|poke|p1|Ceruledge, L50, M|
|poke|p1|Whimsicott, L50, M, shiny|
|poke|p1|Gliscor, L50, F, shiny|
|poke|p1|Vivillon, L50, M, shiny|
|poke|p1|Primarina, L50, M, shiny|
|poke|p2|Blaziken, L50, F|
|poke|p2|Dragonite, L50, F|
|poke|p2|Kingambit, L50, M|
|poke|p2|Froslass, L50, F|
|poke|p2|Toxapex, L50, F|
|poke|p2|Sneasler, L50, F|
|teampreview|4
|showteam|p1|Scizor||Scizorite|Technician|BulletPunch,BugBite,SwordsDance,Protect|Adamant||M|||50|]Ceruledge||LifeOrb|FlashFire|BitterBlade,SwordsDance,Poltergeist,Protect|Adamant||M|||50|]Whimsicott||FocusSash|Prankster|Tailwind,Taunt,HelpingHand,EnergyBall|Timid||M|||50|]Gliscor||Leftovers|HyperCutter|Tailwind,RockSlide,HighHorsepower,Protect|Careful||F|||50|]Vivillon||ChoiceScarf|CompoundEyes|SleepPowder,RagePowder,Uturn,Hurricane|Timid||M|||50|]Primarina||SitrusBerry|LiquidVoice|IceBeam,HyperVoice,Moonblast,FlipTurn|Modest||M|||50|
|showteam|p2|Blaziken||Blazikenite|SpeedBoost|Protect,FlareBlitz,CloseCombat,RockSlide|Adamant||F|||50|]Dragonite||LifeOrb|InnerFocus|Protect,ExtremeSpeed,DragonClaw,LowKick|Adamant||F|||50|]Kingambit||BlackGlasses|Defiant|Protect,KowtowCleave,SuckerPunch,IronHead|Adamant||M|||50|]Froslass||Froslassite|SnowCloak|Protect,AuroraVeil,Blizzard,ShadowBall|Timid||F|||50|]Toxapex||Leftovers|Regenerator|BanefulBunker,Toxic,Infestation,WideGuard|Bold||F|||50|]Sneasler||FocusSash|PoisonTouch|Protect,DireClaw,CloseCombat,FakeOut|Jolly||F|||50|
|inactive|Battle timer is ON: inactive players will automatically lose when time's up. (requested by SlimSanity)
|inactive|VenusaurBot has 60 seconds left.
|inactive|VenusaurBot has 30 seconds left.
|inactive|VenusaurBot has 20 seconds left.
|inactive|VenusaurBot has 15 seconds left.
|inactive|VenusaurBot has 10 seconds left.
|inactive|VenusaurBot has 5 seconds left.
|
|t:|1784232316
|teamsize|p1|4
|teamsize|p2|4
|start
|switch|p1a: Level 1 Goblin|Whimsicott, L50, M, shiny|100/100
|switch|p1b: Blue Lobster|Gliscor, L50, F, shiny|100/100
|switch|p2a: Sneasler|Sneasler, L50, F|100/100
|switch|p2b: Toxapex|Toxapex, L50, F|100/100
|turn|1
|
|t:|1784232330
|move|p1a: Level 1 Goblin|Helping Hand|p1b: Blue Lobster
|-singleturn|p1b: Blue Lobster|Helping Hand|[of] p1a: Level 1 Goblin
|move|p2a: Sneasler|Fake Out|p1b: Blue Lobster
|-damage|p1b: Blue Lobster|87/100
|-status|p1b: Blue Lobster|psn|[from] ability: Poison Touch|[of] p2a: Sneasler
|cant|p1b: Blue Lobster|flinch
|move|p2b: Toxapex|Toxic|p1a: Level 1 Goblin
|-status|p1a: Level 1 Goblin|tox
|
|-heal|p1b: Blue Lobster|93/100 psn|[from] item: Leftovers
|-damage|p1a: Level 1 Goblin|94/100 tox|[from] psn
|-damage|p1b: Blue Lobster|81/100 psn|[from] psn
|upkeep
|turn|2
|
|t:|1784232348
|switch|p2b: Dragonite|Dragonite, L50, F|100/100
|move|p1a: Level 1 Goblin|Tailwind|p1a: Level 1 Goblin
|-sidestart|p1: SlimSanity|move: Tailwind
|move|p1b: Blue Lobster|High Horsepower|p2b: Dragonite
|-immune|p2b: Dragonite
|move|p2a: Sneasler|Dire Claw|p1a: Level 1 Goblin
|-supereffective|p1a: Level 1 Goblin|2
|-damage|p1a: Level 1 Goblin|0 fnt
|faint|p1a: Level 1 Goblin
|
|-heal|p1b: Blue Lobster|87/100 psn|[from] item: Leftovers
|-damage|p1b: Blue Lobster|75/100 psn|[from] psn
|upkeep
|
|t:|1784232370
|switch|p1a: TheGrillMaster|Ceruledge, L50, M|100/100
|turn|3
|inactive|VenusaurBot has 30 seconds left.
|
|t:|1784232397
|switch|p2b: Toxapex|Toxapex, L50, F|100/100
|move|p1a: TheGrillMaster|Swords Dance|p1a: TheGrillMaster
|-boost|p1a: TheGrillMaster|atk|2
|move|p1b: Blue Lobster|Rock Slide|p2b: Toxapex|[spread] p2a,p2b
|-resisted|p2a: Sneasler|1
|-damage|p2a: Sneasler|90/100
|-damage|p2b: Toxapex|92/100
|cant|p2a: Sneasler|flinch
|
|-heal|p1b: Blue Lobster|81/100 psn|[from] item: Leftovers
|-heal|p2b: Toxapex|98/100|[from] item: Leftovers
|-damage|p1b: Blue Lobster|69/100 psn|[from] psn
|upkeep
|turn|4
|
|t:|1784232421
|move|p1a: TheGrillMaster|Bitter Blade|p2a: Sneasler
|-damage|p2a: Sneasler|0 fnt
|faint|p2a: Sneasler
|-damage|p1a: TheGrillMaster|90/100|[from] item: Life Orb
|move|p1b: Blue Lobster|High Horsepower|p2b: Toxapex
|-supereffective|p2b: Toxapex|1
|-damage|p2b: Toxapex|56/100
|move|p2b: Toxapex|Toxic|p1a: TheGrillMaster
|-status|p1a: TheGrillMaster|tox
|
|-heal|p1b: Blue Lobster|75/100 psn|[from] item: Leftovers
|-heal|p2b: Toxapex|61/100|[from] item: Leftovers
|-damage|p1a: TheGrillMaster|84/100 tox|[from] psn
|-damage|p1b: Blue Lobster|63/100 psn|[from] psn
|upkeep
|
|t:|1784232436
|switch|p2a: Blaziken|Blaziken, L50, F|100/100
|turn|5
|c|☆SlimSanity|Kinda crazy to see gliscor actually taking damage from poison
|
|t:|1784232453
|detailschange|p2a: Blaziken|Blaziken-Mega, L50, F
|-mega|p2a: Blaziken|Blaziken|Blazikenite
|move|p2a: Blaziken|Protect|p2a: Blaziken
|-singleturn|p2a: Blaziken|Protect
|move|p2b: Toxapex|Baneful Bunker|p2b: Toxapex
|-singleturn|p2b: Toxapex|move: Protect
|move|p1a: TheGrillMaster|Poltergeist|p2b: Toxapex
|-activate|p2b: Toxapex|move: Protect
|move|p1b: Blue Lobster|Rock Slide|p2a: Blaziken|[spread] 
|-activate|p2a: Blaziken|move: Protect
|-activate|p2b: Toxapex|move: Protect
|
|-heal|p1b: Blue Lobster|69/100 psn|[from] item: Leftovers
|-heal|p2b: Toxapex|67/100|[from] item: Leftovers
|-damage|p1a: TheGrillMaster|72/100 tox|[from] psn
|-damage|p1b: Blue Lobster|57/100 psn|[from] psn
|-sideend|p1: SlimSanity|move: Tailwind
|-ability|p2a: Blaziken|Speed Boost|boost
|-boost|p2a: Blaziken|spe|1
|upkeep
|turn|6
|inactive|VenusaurBot has 30 seconds left.
|
|t:|1784232483
|move|p1a: TheGrillMaster|Protect|p1a: TheGrillMaster
|-singleturn|p1a: TheGrillMaster|Protect
|move|p2a: Blaziken|Rock Slide|p1a: TheGrillMaster|[spread] 
|-activate|p1a: TheGrillMaster|move: Protect
|-miss|p2a: Blaziken|p1b: Blue Lobster
|move|p1b: Blue Lobster|Tailwind|p1b: Blue Lobster
|-sidestart|p1: SlimSanity|move: Tailwind
|move|p2b: Toxapex|Infestation|p1a: TheGrillMaster
|-activate|p1a: TheGrillMaster|move: Protect
|
|-heal|p1b: Blue Lobster|63/100 psn|[from] item: Leftovers
|-heal|p2b: Toxapex|73/100|[from] item: Leftovers
|-damage|p1a: TheGrillMaster|54/100 tox|[from] psn
|-damage|p1b: Blue Lobster|51/100 psn|[from] psn
|-ability|p2a: Blaziken|Speed Boost|boost
|-boost|p2a: Blaziken|spe|1
|upkeep
|turn|7
|
|t:|1784232505
|move|p1b: Blue Lobster|Protect|p1b: Blue Lobster
|-singleturn|p1b: Blue Lobster|Protect
|move|p2b: Toxapex|Baneful Bunker|p2b: Toxapex
|-singleturn|p2b: Toxapex|move: Protect
|move|p2a: Blaziken|Rock Slide|p1a: TheGrillMaster|[spread] p1a
|-activate|p1b: Blue Lobster|move: Protect
|-supereffective|p1a: TheGrillMaster|1
|-damage|p1a: TheGrillMaster|0 fnt
|faint|p1a: TheGrillMaster
|
|-heal|p1b: Blue Lobster|57/100 psn|[from] item: Leftovers
|-heal|p2b: Toxapex|78/100|[from] item: Leftovers
|-damage|p1b: Blue Lobster|45/100 psn|[from] psn
|-ability|p2a: Blaziken|Speed Boost|boost
|-boost|p2a: Blaziken|spe|1
|upkeep
|
|t:|1784232514
|switch|p1a: Red Lobster|Scizor, L50, M|100/100
|turn|8
|inactive|VenusaurBot has 30 seconds left.
|
|t:|1784232544
|detailschange|p1a: Red Lobster|Scizor-Mega, L50, M
|-mega|p1a: Red Lobster|Scizor|Scizorite
|move|p1a: Red Lobster|Protect|p1a: Red Lobster
|-singleturn|p1a: Red Lobster|Protect
|move|p2a: Blaziken|Flare Blitz|p1b: Blue Lobster
|-damage|p1b: Blue Lobster|0 fnt
|faint|p1b: Blue Lobster
|-damage|p2a: Blaziken|82/100|[from] Recoil
|move|p2b: Toxapex|Infestation|p1a: Red Lobster
|-activate|p1a: Red Lobster|move: Protect
|
|-heal|p2b: Toxapex|84/100|[from] item: Leftovers
|-ability|p2a: Blaziken|Speed Boost|boost
|-boost|p2a: Blaziken|spe|1
|upkeep
|turn|9
|
|t:|1784232556
|move|p1a: Red Lobster|Bullet Punch|p2a: Blaziken
|-resisted|p2a: Blaziken|1
|-damage|p2a: Blaziken|56/100
|move|p2a: Blaziken|Flare Blitz|p1a: Red Lobster
|-supereffective|p1a: Red Lobster|2
|-damage|p1a: Red Lobster|0 fnt
|faint|p1a: Red Lobster
|-damage|p2a: Blaziken|24/100|[from] Recoil
|
|win|VenusaurBot
||SlimSanity is ready for game 2.
||VenusaurBot is ready for game 2.
|uhtml|next|Next: Game 2 of 3
