|j|☆GlitchXDGOAT
|j|☆Broken_Analysis
|html|GlitchXDGOATBroken_Analysis    
|uhtml|bestof|Game 1 of a best-of-3
|t:|1786091152
|gametype|doubles
|player|p1|GlitchXDGOAT|266|1167
|player|p2|Broken_Analysis|2|1000
|gen|9
|tier|[Gen 9 Champions] VGC 2026 Reg M-B (Bo3)
|rated|
|rule|Species Clause: Limit one of each Pokémon
|rule|Item Clause: Limit 1 of each item
|clearpoke
|poke|p1|Farigiraf, L50, F|
|poke|p1|Houndoom, L50, M|
|poke|p1|Torkoal, L50, F|
|poke|p1|Vileplume, L50, M|
|poke|p1|Basculegion, L50, M|
|poke|p1|Floette-Eternal, L50, F|
|poke|p2|Gardevoir, L50, F|
|poke|p2|Staraptor, L50, M|
|poke|p2|Whimsicott, L50, F|
|poke|p2|Sneasler, L50, F|
|poke|p2|Kingambit, L50, F|
|poke|p2|Garchomp, L50, F|
|teampreview|4
|showteam|p1|Farigiraf||SitrusBerry|ArmorTail|TwinBeam,HelpingHand,Roar,TrickRoom|Bold||F|||50|]Houndoom||Houndoominite|FlashFire|HeatWave,Overheat,DarkPulse,Protect|Timid||M|||50|]Torkoal||Charcoal|Drought|Eruption,WeatherBall,HelpingHand,Protect|Quiet||F|||50|]Vileplume||FocusSash|Chlorophyll|SolarBeam,SludgeBomb,SleepPowder,AfterYou|Timid||M|||50|]Basculegion||ChoiceScarf|Adaptability|WaveCrash,LastRespects,FlipTurn,AquaJet|Jolly||M|||50|]Floette-Eternal||Floettite|FlowerVeil|Moonblast,DazzlingGleam,LightofRuin,Protect|Timid||F|||50|
|showteam|p2|Gardevoir||Gardevoirite|Trace|HyperVoice,ExpandingForce,Charm,Protect|Timid||F|||50|]Staraptor||Staraptite|Intimidate|BlazeKick,CloseCombat,Protect,Tailwind|Jolly||M|||50|]Whimsicott||SitrusBerry|Prankster|TrickRoom,Tailwind,Moonblast,Protect|Relaxed||F|||50|]Sneasler||FocusSash|Unburden|DireClaw,Acrobatics,FakeOut,Protect|Adamant||F|||50|]Kingambit||LifeOrb|Defiant|KowtowCleave,Protect,FoulPlay,LashOut|Impish||F|||50|]Garchomp||PersimBerry|RoughSkin|Earthquake,DragonClaw,Protect,DoubleEdge|Jolly||F|||50|
|inactive|Battle timer is ON: inactive players will automatically lose when time's up. (requested by GlitchXDGOAT)
|inactive|GlitchXDGOAT has 60 seconds left.
|
|t:|1786091191
|teamsize|p1|4
|teamsize|p2|4
|start
|switch|p1a: Floette|Floette-Eternal, L50, F|100/100
|switch|p1b: Vileplume|Vileplume, L50, M|100/100
|switch|p2a: Gardevoir|Gardevoir, L50, F|100/100
|switch|p2b: Staraptor|Staraptor, L50, M|100/100
|-ability|p2b: Staraptor|Intimidate|boost
|-unboost|p1a: Floette|atk|1
|-block|p1b: Vileplume|ability: Flower Veil|[of] p1a: Floette
|-ability|p2a: Gardevoir|Flower Veil|Trace|[from] ability: Trace|[of] p1a: Floette
|turn|1
|inactive|Broken_Analysis has 30 seconds left.
|
|t:|1786091225
|detailschange|p2b: Staraptor|Staraptor-Mega, L50, M
|-mega|p2b: Staraptor|Staraptor|Staraptite
|detailschange|p1a: Floette|Floette-Mega, L50, F
|-mega|p1a: Floette|Floette|Floettite
|-ability|p1a: Floette|Fairy Aura
|move|p2b: Staraptor|Blaze Kick|p1b: Vileplume
|-supereffective|p1b: Vileplume|1
|-damage|p1b: Vileplume|16/100
|move|p1a: Floette|Moonblast|p2b: Staraptor
|-supereffective|p2b: Staraptor|1
|-damage|p2b: Staraptor|0 fnt
|faint|p2b: Staraptor
|move|p2a: Gardevoir|Charm|p2: Staraptor|[notarget]
|-fail|p2a: Gardevoir
|move|p1b: Vileplume|Sludge Bomb|p2a: Gardevoir
|-supereffective|p2a: Gardevoir|1
|-damage|p2a: Gardevoir|7/100
|
|upkeep
|
|t:|1786091241
|switch|p2b: Kingambit|Kingambit, L50, F|100/100
|turn|2
|
|t:|1786091260
|switch|p1b: Farigiraf|Farigiraf, L50, F|100/100
|move|p1a: Floette|Light of Ruin|p2b: Kingambit|[miss]
|-miss|p1a: Floette|p2b: Kingambit
|move|p2a: Gardevoir|Expanding Force|p1b: Farigiraf
|-resisted|p1b: Farigiraf|1
|-damage|p1b: Farigiraf|80/100
|move|p2b: Kingambit|Kowtow Cleave|p1a: Floette
|-resisted|p1a: Floette|1
|-damage|p1a: Floette|65/100
|-damage|p2b: Kingambit|90/100|[from] item: Life Orb
|
|upkeep
|turn|3
|
|t:|1786091277
|move|p1a: Floette|Light of Ruin|p2b: Kingambit
|-damage|p2b: Kingambit|0 fnt
|faint|p2b: Kingambit
|-damage|p1a: Floette|2/100|[from] Recoil
|move|p2a: Gardevoir|Hyper Voice|p1a: Floette|[spread] p1a,p1b
|-damage|p1a: Floette|0 fnt
|-damage|p1b: Farigiraf|58/100
|faint|p1a: Floette
|move|p1b: Farigiraf|Twin Beam|p2a: Gardevoir
|-resisted|p2a: Gardevoir|1
|-damage|p2a: Gardevoir|0 fnt
|faint|p2a: Gardevoir
|-hitcount|p2: Gardevoir|1
|
|upkeep
|
|t:|1786091291
|switch|p1a: Vileplume|Vileplume, L50, M|16/100
|switch|p2b: Garchomp|Garchomp, L50, F|100/100
|turn|4
|
|t:|1786091296
|switch|p1b: Torkoal|Torkoal, L50, F|100/100
|-weather|SunnyDay|[from] ability: Drought|[of] p1b: Torkoal
|move|p1a: Vileplume|Sleep Powder|p2b: Garchomp
|-status|p2b: Garchomp|slp|[from] move: Sleep Powder
|cant|p2b: Garchomp|slp
|
|-weather|SunnyDay|[upkeep]
|upkeep
|turn|5
|
|t:|1786091305
|move|p1a: Vileplume|Solar Beam||[still]
|-prepare|p1a: Vileplume|Solar Beam
|-anim|p1a: Vileplume|Solar Beam|p2b: Garchomp
|-damage|p2b: Garchomp|43/100 slp
|-curestatus|p2b: Garchomp|slp|[msg]
|move|p2b: Garchomp|Earthquake|p1b: Torkoal|[spread] p1a,p1b
|-supereffective|p1b: Torkoal|1
|-damage|p1a: Vileplume|0 fnt
|-damage|p1b: Torkoal|35/100
|faint|p1a: Vileplume
|move|p1b: Torkoal|Eruption|p2b: Garchomp
|-resisted|p2b: Garchomp|1
|-damage|p2b: Garchomp|20/100y
|
|-weather|SunnyDay|[upkeep]
|upkeep
|
|t:|1786091313
|switch|p1a: Farigiraf|Farigiraf, L50, F|58/100
|turn|6
|c|☆GlitchXDGOAT|GG
|
|t:|1786091321
|move|p2b: Garchomp|Earthquake|p1b: Torkoal|[spread] p1a,p1b
|-supereffective|p1b: Torkoal|1
|-damage|p1a: Farigiraf|26/100
|-damage|p1b: Torkoal|0 fnt
|-enditem|p1a: Farigiraf|Sitrus Berry|[eat]
|-heal|p1a: Farigiraf|51/100|[from] item: Sitrus Berry
|faint|p1b: Torkoal
|move|p1a: Farigiraf|Twin Beam|p2b: Garchomp
|-damage|p2b: Garchomp|4/100
|-damage|p2b: Garchomp|0 fnt
|faint|p2b: Garchomp
|-hitcount|p2: Garchomp|2
|
|win|GlitchXDGOAT
|l|☆GlitchXDGOAT
|player|p1|
|inactive|GlitchXDGOAT has 30 seconds to confirm battle start!
|inactive|Broken_Analysis has 30 seconds to confirm battle start!
|l|☆Broken_Analysis
|player|p2|
||GlitchXDGOAT is ready for game 2.
||Broken_Analysis is ready for game 2.
|uhtml|next|Next: Game 2 of 3
|j|☆GlitchXDGOAT
|player|p1|GlitchXDGOAT|266|
