|j|☆MDM111
|j|☆Zero_BlazeVGC
|html|MDM111Zero_BlazeVGC    
|uhtml|bestof|Game 2 of a best-of-3
|t:|1756738142
|gametype|doubles
|player|p1|MDM111|elesa|1198
|player|p2|Zero_BlazeVGC|flint|1275
|gen|9
|tier|[Gen 9] VGC 2025 Reg H (Bo3)
|rated|
|rule|Species Clause: Limit one of each Pokémon
|rule|Item Clause: Limit 1 of each item
|clearpoke
|poke|p1|Torkoal, L50, M|
|poke|p1|Charizard, L50, F|
|poke|p1|Electabuzz, L50, M|
|poke|p1|Annihilape, L50, M|
|poke|p1|Arcanine-Hisui, L50, M|
|poke|p1|Jumpluff, L50, M|
|poke|p2|Gholdengo, L50|
|poke|p2|Pelipper, L50, M|
|poke|p2|Basculegion, L50, M|
|poke|p2|Amoonguss, L50, F|
|poke|p2|Archaludon, L50, M|
|poke|p2|Incineroar, L50, M|
|teampreview|4
|showteam|p1|Torkoal||AssaultVest|Drought|SolarBeam,EarthPower,HeatWave,Eruption|||M|||50|,,,,,Bug]Charizard||ChoiceSpecs|SolarPower|AirSlash,HeatWave,DragonPulse,Flamethrower|||F|||50|,,,,,Water]Electabuzz||Eviolite|VitalSpirit|Thunderbolt,FollowMe,Taunt,Protect|||M|||50|,,,,,Ghost]Annihilape||SafetyGoggles|Defiant|RageFist,DrainPunch,Protect,BulkUp|||M|||50|,,,,,Water]Arcanine-Hisui||LifeOrb|Intimidate|ExtremeSpeed,FlareBlitz,RockSlide,Protect|||M|||50|,,,,,Water]Jumpluff||CovertCloak|Chlorophyll|SleepPowder,Tailwind,SunnyDay,PollenPuff|||M|||50|,,,,,Dark
|showteam|p2|Gholdengo||LifeOrb|GoodasGold|Protect,NastyPlot,MakeItRain,ShadowBall||||||50|,,,,,Water]Pelipper||FocusSash|Drizzle|Protect,Tailwind,MuddyWater,Hurricane|||M|||50|,,,,,Stellar]Basculegion||ChoiceBand|SwiftSwim|AquaJet,WaveCrash,FlipTurn,LastRespects|||M|||50|,,,,,Fairy]Amoonguss||SitrusBerry|Regenerator|PollenPuff,Spore,RagePowder,Protect|||F|||50|,,,,,Fairy]Archaludon||AssaultVest|Stamina|ElectroShot,Snarl,FlashCannon,BodyPress|||M|||50|,,,,,Bug]Incineroar||SafetyGoggles|Intimidate|FakeOut,KnockOff,PartingShot,Taunt|||M|||50|,,,,,Ghost
|inactive|Battle timer is ON: inactive players will automatically lose when time's up. (requested by MDM111)
|inactive|MDM111 has 60 seconds left.
|
|t:|1756738178
|teamsize|p1|4
|teamsize|p2|4
|start
|switch|p1a: Electabuzz|Electabuzz, L50, M|100/100
|switch|p1b: Charizard|Charizard, L50, F|100/100
|switch|p2a: Metalman|Archaludon, L50, M|100/100
|switch|p2b: Berry Delite|Pelipper, L50, M|100/100
|-weather|RainDance|[from] ability: Drizzle|[of] p2b: Berry Delite
|turn|1
|inactive|MDM111 has 30 seconds left.
|inactive|Zero_BlazeVGC has 30 seconds left.
|inactive|Zero_BlazeVGC has 20 seconds left.
|
|t:|1756738215
|switch|p1a: Torkoal|Torkoal, L50, M|100/100
|-weather|SunnyDay|[from] ability: Drought|[of] p1a: Torkoal
|switch|p2b: Oogie Boogie|Basculegion, L50, M|100/100
|move|p1b: Charizard|Flamethrower|p2a: Metalman
|-damage|p2a: Metalman|0 fnt
|faint|p2a: Metalman
|
|-weather|SunnyDay|[upkeep]
|-damage|p1b: Charizard|89/100|[from] ability: Solar Power|[of] p1b: Charizard
|upkeep
|
|t:|1756738221
|switch|p2a: Berry Delite|Pelipper, L50, M|100/100
|-weather|RainDance|[from] ability: Drizzle|[of] p2a: Berry Delite
|turn|2
|inactive|MDM111 has 30 seconds left.
|inactive|Zero_BlazeVGC has 30 seconds left.
|inactive|Zero_BlazeVGC has 20 seconds left.
|inactive|Zero_BlazeVGC has 15 seconds left.
|
|t:|1756738265
|switch|p1b: Electabuzz|Electabuzz, L50, M|100/100
|switch|p1a: Annihilape|Annihilape, L50, M|100/100
|move|p2b: Oogie Boogie|Flip Turn|p1b: Electabuzz
|-damage|p1b: Electabuzz|34/100
|
|t:|1756738271
|switch|p2b: Benadryl|Amoonguss, L50, F|100/100|[from] Flip Turn
|move|p2a: Berry Delite|Muddy Water|p1b: Electabuzz|[spread] p1a,p1b
|-crit|p1a: Annihilape
|-damage|p1a: Annihilape|51/100
|-damage|p1b: Electabuzz|0 fnt
|faint|p1b: Electabuzz
|
|-weather|RainDance|[upkeep]
|upkeep
|
|t:|1756738279
|switch|p1b: Torkoal|Torkoal, L50, M|100/100
|-weather|SunnyDay|[from] ability: Drought|[of] p1b: Torkoal
|turn|3
|
|t:|1756738304
|move|p1a: Annihilape|Rage Fist|p2b: Benadryl
|-damage|p2b: Benadryl|67/100
|move|p2a: Berry Delite|Muddy Water|p1b: Torkoal|[spread] p1a,p1b
|-supereffective|p1b: Torkoal
|-damage|p1a: Annihilape|39/100
|-damage|p1b: Torkoal|74/100
|-unboost|p1b: Torkoal|accuracy|1
|move|p2b: Benadryl|Spore|p1b: Torkoal
|-status|p1b: Torkoal|slp|[from] move: Spore
|cant|p1b: Torkoal|slp
|
|-weather|SunnyDay|[upkeep]
|upkeep
|turn|4
|inactive|Zero_BlazeVGC has 30 seconds left.
|inactive|MDM111 has 30 seconds left.
|
|t:|1756738337
|switch|p2a: Oogie Boogie|Basculegion, L50, M|100/100
|switch|p1b: Charizard|Charizard, L50, F|89/100
|move|p1a: Annihilape|Rage Fist|p2a: Oogie Boogie
|-supereffective|p2a: Oogie Boogie
|-damage|p2a: Oogie Boogie|0 fnt
|faint|p2a: Oogie Boogie
|move|p2b: Benadryl|Pollen Puff|p2: Oogie Boogie|[notarget]
|-fail|p2b: Benadryl
|
|-weather|SunnyDay|[upkeep]
|-damage|p1b: Charizard|77/100|[from] ability: Solar Power|[of] p1b: Charizard
|upkeep
|
|t:|1756738342
|switch|p2a: Berry Delite|Pelipper, L50, M|100/100
|-weather|RainDance|[from] ability: Drizzle|[of] p2a: Berry Delite
|turn|5
|inactive|Zero_BlazeVGC has 30 seconds left.
|
|t:|1756738377
|switch|p1a: Torkoal|Torkoal, L50, M|74/100 slp
|-weather|SunnyDay|[from] ability: Drought|[of] p1a: Torkoal
|move|p2b: Benadryl|Protect|p2b: Benadryl
|-singleturn|p2b: Benadryl|Protect
|move|p1b: Charizard|Heat Wave|p2b: Benadryl|[spread] p2a
|-activate|p2b: Benadryl|move: Protect
|-resisted|p2a: Berry Delite
|-damage|p2a: Berry Delite|9/100
|move|p2a: Berry Delite|Muddy Water|p1b: Charizard|[spread] 
|-miss|p2a: Berry Delite|p1a: Torkoal
|-miss|p2a: Berry Delite|p1b: Charizard
|
|-weather|SunnyDay|[upkeep]
|-damage|p1b: Charizard|65/100|[from] ability: Solar Power|[of] p1b: Charizard
|upkeep
|turn|6
|inactive|Zero_BlazeVGC has 30 seconds left.
|
|t:|1756738403
|-terastallize|p2b: Benadryl|Fairy
|move|p2a: Berry Delite|Protect|p2a: Berry Delite
|-singleturn|p2a: Berry Delite|Protect
|move|p1b: Charizard|Heat Wave|p2a: Berry Delite|[spread] p2b
|-activate|p2a: Berry Delite|move: Protect
|-damage|p2b: Benadryl|0 fnt
|faint|p2b: Benadryl
|cant|p1a: Torkoal|slp
|
|-weather|SunnyDay|[upkeep]
|-damage|p1b: Charizard|53/100|[from] ability: Solar Power|[of] p1b: Charizard
|upkeep
|turn|7
|
|t:|1756738415
|move|p1b: Charizard|Heat Wave|p2a: Berry Delite|[miss]
|-miss|p1b: Charizard|p2a: Berry Delite
|move|p2a: Berry Delite|Muddy Water|p1b: Charizard|[spread] p1a,p1b
|-supereffective|p1a: Torkoal
|-supereffective|p1b: Charizard
|-damage|p1a: Torkoal|49/100 slp
|-damage|p1b: Charizard|24/100
|-unboost|p1b: Charizard|accuracy|1
|-curestatus|p1a: Torkoal|slp|[msg]
|move|p1a: Torkoal|Solar Beam||[still]
|-prepare|p1a: Torkoal|Solar Beam
|-anim|p1a: Torkoal|Solar Beam|p2a: Berry Delite
|-damage|p2a: Berry Delite|0 fnt
|faint|p2a: Berry Delite
|
|win|MDM111
|raw|MDM111's rating: 1198 → 1228(+30 for winning)
|raw|Zero_BlazeVGC's rating: 1275 → 1245(-30 for losing)
