|j|☆SrStarVGC
|j|☆spodermees
|html|SrStarVGCspodermees    
|uhtml|bestof|Game 1 of a best-of-3
|t:|1784136232
|gametype|doubles
|player|p1|SrStarVGC|drayden|1069
|player|p2|spodermees|sailor|1158
|gen|9
|tier|[Gen 9 Champions] VGC 2026 Reg M-B (Bo3)
|rated|
|rule|Species Clause: Limit one of each Pokémon
|rule|Item Clause: Limit 1 of each item
|clearpoke
|poke|p1|Delphox, L50, F|
|poke|p1|Sneasler, L50, M|
|poke|p1|Incineroar, L50, M|
|poke|p1|Sinistcha, L50|
|poke|p1|Maushold-Four, L50|
|poke|p1|Blastoise, L50, M|
|poke|p2|Floette-Eternal, L50, F|
|poke|p2|Sneasler, L50, F|
|poke|p2|Incineroar, L50, F|
|poke|p2|Sinistcha, L50|
|poke|p2|Delphox, L50, F|
|poke|p2|Garchomp, L50, M|
|teampreview|4
|showteam|p1|Delphox||Delphoxite|Blaze|HeatWave,Psyshock,NastyPlot,Protect|Timid||F|||50|]Sneasler||FocusSash|PoisonTouch|CloseCombat,PoisonJab,FakeOut,QuickGuard|Jolly||M|||50|]Incineroar||SitrusBerry|Intimidate|FlareBlitz,ThroatChop,FakeOut,PartingShot|Impish||M|||50|]Sinistcha||OccaBerry|Hospitality|MatchaGotcha,RagePowder,LifeDew,Protect|Bold|||||50|]Maushold-Four||ChopleBerry|FriendGuard|FollowMe,Feint,HelpingHand,Protect|Impish|||||50|]Blastoise||Blastoisinite|RainDish|WaterSpout,DarkPulse,ShellSmash,Protect|Modest||M|||50|
|showteam|p2|Floette-Eternal||Floettite|FlowerVeil|DazzlingGleam,DrainingKiss,Protect,CalmMind|Timid||F|||50|]Sneasler||FocusSash|PoisonTouch|FakeOut,PoisonJab,CloseCombat,Protect|Jolly||F|||50|]Incineroar||SitrusBerry|Intimidate|FakeOut,FlareBlitz,PartingShot,DarkestLariat|Careful||F|||50|]Sinistcha||Leftovers|Hospitality|MatchaGotcha,Protect,TrickRoom,RagePowder|Bold|||||50|]Delphox||Delphoxite|Blaze|HeatWave,Psyshock,NastyPlot,Protect|Timid||F|||50|]Garchomp||LifeOrb|RoughSkin|Earthquake,Protect,RockSlide,DragonClaw|Adamant||M|||50|
|inactive|Battle timer is ON: inactive players will automatically lose when time's up. (requested by SrStarVGC)
|inactive|spodermees also wants the timer to be on.
|inactive|spodermees has 60 seconds left.
|
|t:|1784136268
|teamsize|p1|4
|teamsize|p2|4
|start
|switch|p1a: Blastoise|Blastoise, L50, M|100/100
|switch|p1b: Incineroar|Incineroar, L50, M|100/100
|switch|p2a: Sneasler|Sneasler, L50, F|100/100
|switch|p2b: Garchomp|Garchomp, L50, M|100/100
|-ability|p1b: Incineroar|Intimidate|boost
|-unboost|p2a: Sneasler|atk|1
|-unboost|p2b: Garchomp|atk|1
|turn|1
|
|t:|1784136293
|detailschange|p1a: Blastoise|Blastoise-Mega, L50, M
|-mega|p1a: Blastoise|Blastoise|Blastoisinite
|move|p2a: Sneasler|Fake Out|p1b: Incineroar
|-damage|p1b: Incineroar|91/100
|-status|p1b: Incineroar|psn|[from] ability: Poison Touch|[of] p2a: Sneasler
|cant|p1b: Incineroar|flinch
|move|p2b: Garchomp|Rock Slide|p1a: Blastoise|[spread] p1a,p1b
|-crit|p1a: Blastoise
|-supereffective|p1b: Incineroar|1
|-damage|p1a: Blastoise|58/100
|-damage|p1b: Incineroar|59/100 psn
|-damage|p2b: Garchomp|90/100|[from] item: Life Orb
|move|p1a: Blastoise|Water Spout|p2a: Sneasler|[spread] p2a,p2b
|-damage|p2a: Sneasler|48/100
|-damage|p2b: Garchomp|47/100
|
|-damage|p1b: Incineroar|47/100 psn|[from] psn
|upkeep
|-enditem|p1b: Incineroar|Sitrus Berry|[eat]
|-heal|p1b: Incineroar|71/100 psn|[from] item: Sitrus Berry
|turn|2
|inactive|SrStarVGC has 30 seconds left.
|inactive|SrStarVGC has 20 seconds left.
|inactive|SrStarVGC has 15 seconds left.
|inactive|SrStarVGC has 10 seconds left.
|
|t:|1784136338
|switch|p1b: Sinistcha|Sinistcha, L50|100/100
|-heal|p1a: Blastoise|83/100|[from] ability: Hospitality|[of] p1b: Sinistcha
|move|p1a: Blastoise|Protect|p1a: Blastoise
|-singleturn|p1a: Blastoise|Protect
|move|p2a: Sneasler|Close Combat|p1b: Sinistcha
|-immune|p1b: Sinistcha
|move|p2b: Garchomp|Dragon Claw|p1a: Blastoise
|-activate|p1a: Blastoise|move: Protect
|
|upkeep
|turn|3
|
|t:|1784136355
|move|p2a: Sneasler|Protect|p2a: Sneasler
|-singleturn|p2a: Sneasler|Protect
|move|p1b: Sinistcha|Rage Powder|p1b: Sinistcha
|-singleturn|p1b: Sinistcha|move: Rage Powder
|move|p2b: Garchomp|Earthquake|p1a: Blastoise|[spread] p1a,p1b
|-activate|p2a: Sneasler|move: Protect
|-resisted|p1b: Sinistcha|1
|-damage|p1a: Blastoise|48/100
|-damage|p1b: Sinistcha|85/100
|-damage|p2b: Garchomp|37/100|[from] item: Life Orb
|move|p1a: Blastoise|Shell Smash|p1a: Blastoise
|-unboost|p1a: Blastoise|def|1
|-unboost|p1a: Blastoise|spd|1
|-boost|p1a: Blastoise|atk|2
|-boost|p1a: Blastoise|spa|2
|-boost|p1a: Blastoise|spe|2
|
|upkeep
|turn|4
|
|t:|1784136369
|move|p1a: Blastoise|Protect|p1a: Blastoise
|-singleturn|p1a: Blastoise|Protect
|move|p2a: Sneasler|Poison Jab|p1b: Sinistcha
|-damage|p1b: Sinistcha|61/100
|-status|p1b: Sinistcha|psn|[from] ability: Poison Touch|[of] p2a: Sneasler
|move|p2b: Garchomp|Rock Slide|p1a: Blastoise|[spread] p1b
|-activate|p1a: Blastoise|move: Protect
|-crit|p1b: Sinistcha
|-damage|p1b: Sinistcha|32/100 psn
|-damage|p2b: Garchomp|28/100|[from] item: Life Orb
|move|p1b: Sinistcha|Life Dew|p1b: Sinistcha|[spread] p1a,p1b
|-heal|p1a: Blastoise|73/100
|-heal|p1b: Sinistcha|57/100 psn
|
|-damage|p1b: Sinistcha|44/100 psn|[from] psn
|upkeep
|turn|5
|inactive|SrStarVGC has 30 seconds left.
|inactive|spodermees has 30 seconds left.
|inactive|spodermees has 20 seconds left.
|inactive|spodermees has 15 seconds left.
|
|t:|1784136410
|move|p1a: Blastoise|Water Spout|p2a: Sneasler|[spread] p2a,p2b
|-damage|p2a: Sneasler|0 fnt
|-damage|p2b: Garchomp|0 fnt
|faint|p2a: Sneasler
|faint|p2b: Garchomp
|move|p1b: Sinistcha|Life Dew|p1b: Sinistcha|[spread] p1a,p1b
|-heal|p1a: Blastoise|98/100
|-heal|p1b: Sinistcha|70/100 psn
|
|-damage|p1b: Sinistcha|57/100 psn|[from] psn
|upkeep
|
|t:|1784136413
|switch|p2a: Incineroar|Incineroar, L50, F|100/100
|switch|p2b: Delphox|Delphox, L50, F|100/100
|-ability|p2a: Incineroar|Intimidate|boost
|-unboost|p1a: Blastoise|atk|1
|-unboost|p1b: Sinistcha|atk|1
|turn|6
|
|t:|1784136437
|switch|p1b: Incineroar|Incineroar, L50, M|71/100 psn
|-ability|p1b: Incineroar|Intimidate|boost
|-unboost|p2a: Incineroar|atk|1
|-unboost|p2b: Delphox|atk|1
|detailschange|p2b: Delphox|Delphox-Mega, L50, F
|-mega|p2b: Delphox|Delphox|Delphoxite
|move|p1a: Blastoise|Protect|p1a: Blastoise
|-singleturn|p1a: Blastoise|Protect
|move|p2a: Incineroar|Fake Out|p1a: Blastoise
|-activate|p1a: Blastoise|move: Protect
|move|p2b: Delphox|Heat Wave|p1b: Incineroar|[spread] p1b
|-activate|p1a: Blastoise|move: Protect
|-resisted|p1b: Incineroar|1
|-damage|p1b: Incineroar|51/100 psn
|
|-damage|p1b: Incineroar|39/100 psn|[from] psn
|upkeep
|turn|7
|inactive|SrStarVGC has 30 seconds left.
|
|t:|1784136469
|move|p2b: Delphox|Protect|p2b: Delphox
|-singleturn|p2b: Delphox|Protect
|move|p1b: Incineroar|Fake Out|p2b: Delphox
|-activate|p2b: Delphox|move: Protect
|move|p1a: Blastoise|Water Spout|p2a: Incineroar|[spread] p2a
|-activate|p2b: Delphox|move: Protect
|-supereffective|p2a: Incineroar|1
|-damage|p2a: Incineroar|0 fnt
|faint|p2a: Incineroar
|
|-damage|p1b: Incineroar|27/100 psn|[from] psn
|upkeep
|turn|8
|-message|spodermees forfeited.
|
|win|SrStarVGC
|l|☆spodermees
|player|p2|
||spodermees is ready for game 2.
||SrStarVGC is ready for game 2.
|uhtml|next|Next: Game 2 of 3
|l|☆SrStarVGC
|player|p1|
|j|☆SrStarVGC
|player|p1|SrStarVGC|drayden|
