|j|☆G3N13
|j|☆Pelosis
|html|G3N13Pelosis    
|uhtml|bestof|Game 1 of a best-of-3
|t:|1784808630
|gametype|doubles
|player|p1|G3N13|n|1207
|player|p2|Pelosis|2|1234
|gen|9
|tier|[Gen 9 Champions] VGC 2026 Reg M-B (Bo3)
|rated|
|rule|Species Clause: Limit one of each Pokémon
|rule|Item Clause: Limit 1 of each item
|clearpoke
|poke|p1|Scovillain, L50, M|
|poke|p1|Primarina, L50, M|
|poke|p1|Raichu, L50, F|
|poke|p1|Corviknight, L50, M|
|poke|p1|Ninetales-Alola, L50, M|
|poke|p1|Garchomp, L50, M|
|poke|p2|Mawile, L50, M|
|poke|p2|Farigiraf, L50, M|
|poke|p2|Incineroar, L50, F|
|poke|p2|Torkoal, L50, M|
|poke|p2|Venusaur, L50, F|
|poke|p2|Scrafty, L50, F|
|teampreview|4
|showteam|p1|Scovillain||Scovillainite|Moody|RagePowder,Overheat,Protect,GigaDrain|Calm||M|||50|]Primarina||Leftovers|LiquidVoice|Moonblast,HyperVoice,Protect,CalmMind|Modest||M|||50|]Raichu||RaichuniteY|LightningRod|ZapCannon,FakeOut,FocusBlast,Protect|Timid||F|||50|]Corviknight||SitrusBerry|MirrorArmor|BraveBird,IronHead,Protect,Tailwind|Adamant||M|||50|]Ninetales-Alola||LightClay|SnowWarning|Blizzard,FreezeDry,Protect,AuroraVeil|Modest||M|||50|]Garchomp||LifeOrb|RoughSkin|Earthquake,RockSlide,DragonClaw,Protect|Jolly||M|||50|
|showteam|p2|Mawile||Mawilite|HyperCutter|Protect,PlayRough,RockSlide,SuckerPunch|Brave||M|||50|]Farigiraf||SitrusBerry|ArmorTail|TrickRoom,TwinBeam,Thunderbolt,HelpingHand|Quiet||M|||50|]Incineroar||WhiteHerb|Intimidate|FakeOut,CloseCombat,FlareBlitz,DarkestLariat|Brave||F|||50|]Torkoal||Charcoal|Drought|HelpingHand,Eruption,HeatWave,WeatherBall|Quiet||M|||50|]Venusaur||FocusSash|Chlorophyll|SleepPowder,EarthPower,EnergyBall,SludgeBomb|Modest||F|||50|]Scrafty||Scraftinite|Intimidate|FakeOut,CloseCombat,KnockOff,IcePunch|Brave||F|||50|
|inactive|Battle timer is ON: inactive players will automatically lose when time's up. (requested by Pelosis)
|
|t:|1784808679
|teamsize|p1|4
|teamsize|p2|4
|start
|switch|p1a: Primarina|Primarina, L50, M|100/100
|switch|p1b: Scovillain|Scovillain, L50, M|100/100
|switch|p2a: Farigiraf|Farigiraf, L50, M|100/100
|switch|p2b: Incineroar|Incineroar, L50, F|100/100
|-ability|p2b: Incineroar|Intimidate|boost
|-unboost|p1a: Primarina|atk|1
|-unboost|p1b: Scovillain|atk|1
|turn|1
|
|t:|1784808693
|detailschange|p1b: Scovillain|Scovillain-Mega, L50, M
|-mega|p1b: Scovillain|Scovillain|Scovillainite
|move|p2b: Incineroar|Fake Out|p1a: Primarina
|-damage|p1a: Primarina|83/100
|move|p1b: Scovillain|Rage Powder|p1b: Scovillain
|-singleturn|p1b: Scovillain|move: Rage Powder
|cant|p1a: Primarina|flinch
|move|p2a: Farigiraf|Trick Room|p2a: Farigiraf
|-fieldstart|move: Trick Room|[of] p2a: Farigiraf
|
|-heal|p1a: Primarina|89/100|[from] item: Leftovers
|upkeep
|turn|2
|inactive|Pelosis has 30 seconds left.
|
|t:|1784808720
|switch|p2a: Torkoal|Torkoal, L50, M|100/100
|-weather|SunnyDay|[from] ability: Drought|[of] p2a: Torkoal
|switch|p1b: Garchomp|Garchomp, L50, M|100/100
|move|p2b: Incineroar|Flare Blitz|p1b: Garchomp
|-resisted|p1b: Garchomp|1
|-damage|p1b: Garchomp|54/100
|-damage|p2b: Incineroar|87/100|[from] ability: Rough Skin|[of] p1b: Garchomp
|-damage|p2b: Incineroar|73/100|[from] Recoil
|move|p1a: Primarina|Hyper Voice|p2b: Incineroar|[spread] p2a,p2b
|-supereffective|p2a: Torkoal|1
|-supereffective|p2b: Incineroar|1
|-damage|p2a: Torkoal|52/100
|-damage|p2b: Incineroar|40/100
|
|-weather|SunnyDay|[upkeep]
|-heal|p1a: Primarina|94/100|[from] item: Leftovers
|upkeep
|turn|3
|
|t:|1784808741
|switch|p2b: Mawile|Mawile, L50, M|100/100
|switch|p1b: Ninetales|Ninetales-Alola, L50, M|100/100
|-weather|Snowscape|[from] ability: Snow Warning|[of] p1b: Ninetales
|move|p2a: Torkoal|Heat Wave|p1a: Primarina|[spread] p1a,p1b
|-resisted|p1a: Primarina|1
|-supereffective|p1b: Ninetales|1
|-damage|p1a: Primarina|79/100
|-damage|p1b: Ninetales|22/100
|move|p1a: Primarina|Hyper Voice|p2b: Mawile|[spread] p2a,p2b
|-supereffective|p2a: Torkoal|1
|-damage|p2a: Torkoal|0 fnt
|-damage|p2b: Mawile|47/100
|faint|p2a: Torkoal
|
|-weather|Snowscape|[upkeep]
|-heal|p1a: Primarina|85/100|[from] item: Leftovers
|upkeep
|
|t:|1784808766
|switch|p2a: Incineroar|Incineroar, L50, F|40/100
|-ability|p2a: Incineroar|Intimidate|boost
|-unboost|p1a: Primarina|atk|1
|-unboost|p1b: Ninetales|atk|1
|turn|4
|
|t:|1784808774
|switch|p1b: Scovillain|Scovillain-Mega, L50, M|100/100
|detailschange|p2b: Mawile|Mawile-Mega, L50, M
|-mega|p2b: Mawile|Mawile|Mawilite
|move|p1a: Primarina|Protect|p1a: Primarina
|-singleturn|p1a: Primarina|Protect
|move|p2a: Incineroar|Fake Out|p1b: Scovillain
|-damage|p1b: Scovillain|83/100
|-immune|p2a: Incineroar
|move|p2b: Mawile|Rock Slide|p1b: Scovillain|[spread] p1b
|-activate|p1a: Primarina|move: Protect
|-supereffective|p1b: Scovillain|1
|-damage|p1b: Scovillain|11/100
|-status|p2b: Mawile|brn|[from] ability: Spicy Spray|[of] p1b: Scovillain
|
|-weather|Snowscape|[upkeep]
|-heal|p1a: Primarina|90/100|[from] item: Leftovers
|-damage|p2b: Mawile|42/100 brn|[from] brn
|upkeep
|turn|5
|inactive|Pelosis has 30 seconds left.
|
|t:|1784808804
|move|p1b: Scovillain|Rage Powder|p1b: Scovillain
|-singleturn|p1b: Scovillain|move: Rage Powder
|move|p2b: Mawile|Rock Slide|p1b: Scovillain|[spread] p1a,p1b
|-supereffective|p1b: Scovillain|1
|-damage|p1a: Primarina|73/100
|-damage|p1b: Scovillain|0 fnt
|faint|p1b: Scovillain
|move|p2a: Incineroar|Flare Blitz|p1a: Primarina
|-resisted|p1a: Primarina|1
|-damage|p1a: Primarina|41/100
|-damage|p2a: Incineroar|31/100|[from] Recoil
|move|p1a: Primarina|Hyper Voice|p2b: Mawile|[spread] p2a,p2b
|-supereffective|p2a: Incineroar|1
|-damage|p2a: Incineroar|0 fnt
|-damage|p2b: Mawile|8/100 brn
|faint|p2a: Incineroar
|
|-weather|Snowscape|[upkeep]
|-heal|p1a: Primarina|47/100|[from] item: Leftovers
|-damage|p2b: Mawile|3/100 brn|[from] brn
|-fieldend|move: Trick Room
|upkeep
|
|t:|1784808820
|switch|p1b: Garchomp|Garchomp, L50, M|54/100
|switch|p2a: Farigiraf|Farigiraf, L50, M|100/100
|turn|6
|
|t:|1784808836
|move|p2b: Mawile|Protect|p2b: Mawile
|-singleturn|p2b: Mawile|Protect
|move|p1b: Garchomp|Rock Slide|p2a: Farigiraf|[spread] p2a
|-activate|p2b: Mawile|move: Protect
|-damage|p2a: Farigiraf|78/100
|-damage|p1b: Garchomp|44/100|[from] item: Life Orb
|move|p1a: Primarina|Hyper Voice|p2a: Farigiraf|[spread] p2a
|-activate|p2b: Mawile|move: Protect
|-damage|p2a: Farigiraf|45/100
|-enditem|p2a: Farigiraf|Sitrus Berry|[eat]
|-heal|p2a: Farigiraf|70/100|[from] item: Sitrus Berry
|move|p2a: Farigiraf|Thunderbolt|p1a: Primarina
|-supereffective|p1a: Primarina|1
|-damage|p1a: Primarina|1/100
|
|-weather|Snowscape|[upkeep]
|-heal|p1a: Primarina|7/100|[from] item: Leftovers
|-damage|p2b: Mawile|0 fnt|[from] brn
|faint|p2b: Mawile
|upkeep
|turn|7
|-message|Pelosis forfeited.
|
|win|G3N13
||Pelosis is ready for game 2.
||G3N13 is ready for game 2.
|uhtml|next|Next: Game 2 of 3
