|j|☆spodermees
|j|☆sparshjha
|html|spodermeessparshjha    
|uhtml|bestof|Game 1 of a best-of-3
|t:|1785351613
|gametype|doubles
|player|p1|spodermees|sailor|1205
|player|p2|sparshjha|1|1273
|gen|9
|tier|[Gen 9 Champions] VGC 2026 Reg M-B (Bo3)
|rated|
|rule|Species Clause: Limit one of each Pokémon
|rule|Item Clause: Limit 1 of each item
|clearpoke
|poke|p1|Charizard, L50, M|
|poke|p1|Staraptor, L50, F|
|poke|p1|Whimsicott, L50, F|
|poke|p1|Basculegion, L50, M|
|poke|p1|Garchomp, L50, M|
|poke|p1|Farigiraf, L50, F|
|poke|p2|Tyranitar, L50, F|
|poke|p2|Excadrill, L50, F|
|poke|p2|Milotic, L50, F|
|poke|p2|Sinistcha, L50|
|poke|p2|Staraptor, L50, F|
|poke|p2|Gholdengo, L50|
|teampreview|4
|showteam|p1|Charizard||CharizarditeY|Blaze|HeatWave,WeatherBall,SolarBeam,Protect|Modest||M|||50|]Staraptor||Staraptite|Intimidate|CloseCombat,BraveBird,Roost,Protect|Jolly||F|||50|]Whimsicott||FocusSash|Prankster|Moonblast,Tickle,Tailwind,Encore|Timid||F|||50|]Basculegion||MysticWater|Adaptability|WaveCrash,LastRespects,AquaJet,Protect|Jolly||M|||50|]Garchomp||LifeOrb|RoughSkin|Protect,Earthquake,RockSlide,DragonClaw|Jolly||M|||50|]Farigiraf||SitrusBerry|ArmorTail|Thunderbolt,TrickRoom,HelpingHand,Protect|Sassy||F|||50|
|showteam|p2|Tyranitar||Tyranitarite|SandStream|KnockOff,RockSlide,HighHorsepower,Protect|Jolly||F|||50|]Excadrill||FocusSash|SandRush|Earthquake,IronHead,RockSlide,Protect|Adamant||F|||50|]Milotic||SitrusBerry|Competitive|Scald,IcyWind,Haze,Protect|Calm||F|||50|]Sinistcha||ColburBerry|Hospitality|MatchaGotcha,ShadowBall,Protect,RagePowder|Bold|||||50|]Staraptor||Staraptite|Intimidate|CloseCombat,BraveBird,Tailwind,Protect|Jolly||F|||50|]Gholdengo||LifeOrb|GoodasGold|MakeItRain,ShadowBall,NastyPlot,Protect|Modest|||||50|
|inactive|Battle timer is ON: inactive players will automatically lose when time's up. (requested by spodermees)
|inactive|spodermees has 60 seconds left.
|inactive|sparshjha has 60 seconds left.
|inactive|sparshjha has 30 seconds left.
|inactive|sparshjha has 20 seconds left.
|inactive|sparshjha has 15 seconds left.
|inactive|sparshjha has 10 seconds left.
|inactive|sparshjha has 5 seconds left.
|
|t:|1785351701
|teamsize|p1|4
|teamsize|p2|4
|start
|switch|p1a: Garchomp|Garchomp, L50, M|100/100
|switch|p1b: Charizard|Charizard, L50, M|100/100
|switch|p2a: Staraptor|Staraptor, L50, F|100/100
|switch|p2b: Sinistcha|Sinistcha, L50|100/100
|-ability|p2a: Staraptor|Intimidate|boost
|-unboost|p1a: Garchomp|atk|1
|-unboost|p1b: Charizard|atk|1
|turn|1
|inactive|sparshjha has 30 seconds left.
|inactive|sparshjha has 20 seconds left.
|inactive|sparshjha has 15 seconds left.
|inactive|sparshjha has 10 seconds left.
|
|t:|1785351748
|detailschange|p2a: Staraptor|Staraptor-Mega, L50, F
|-mega|p2a: Staraptor|Staraptor|Staraptite
|detailschange|p1b: Charizard|Charizard-Mega-Y, L50, M
|-mega|p1b: Charizard|Charizard|Charizardite Y
|-weather|SunnyDay|[from] ability: Drought|[of] p1b: Charizard
|move|p2a: Staraptor|Protect|p2a: Staraptor
|-singleturn|p2a: Staraptor|Protect
|move|p2b: Sinistcha|Protect|p2b: Sinistcha
|-singleturn|p2b: Sinistcha|Protect
|move|p1a: Garchomp|Rock Slide|p2b: Sinistcha|[spread] 
|-activate|p2a: Staraptor|move: Protect
|-activate|p2b: Sinistcha|move: Protect
|move|p1b: Charizard|Heat Wave|p2b: Sinistcha|[spread] 
|-activate|p2a: Staraptor|move: Protect
|-activate|p2b: Sinistcha|move: Protect
|
|-weather|SunnyDay|[upkeep]
|upkeep
|turn|2
|inactive|spodermees has 30 seconds left.
|inactive|spodermees has 20 seconds left.
|inactive|spodermees has 15 seconds left.
|
|t:|1785351792
|switch|p1a: Farigiraf|Farigiraf, L50, F|100/100
|switch|p2b: Tyranitar|Tyranitar, L50, F|100/100
|-weather|Sandstorm|[from] ability: Sand Stream|[of] p2b: Tyranitar
|move|p2a: Staraptor|Tailwind|p2a: Staraptor
|-sidestart|p2: sparshjha|move: Tailwind
|move|p1b: Charizard|Heat Wave|p2b: Tyranitar|[spread] p2a,p2b
|-resisted|p2b: Tyranitar|1
|-damage|p2a: Staraptor|50/100g
|-damage|p2b: Tyranitar|85/100
|
|-weather|Sandstorm|[upkeep]
|-damage|p2a: Staraptor|44/100|[from] Sandstorm
|-damage|p1b: Charizard|94/100|[from] Sandstorm
|-damage|p1a: Farigiraf|93/100|[from] Sandstorm
|upkeep
|turn|3
|inactive|sparshjha has 30 seconds left.
|
|t:|1785351826
|switch|p1b: Garchomp|Garchomp, L50, M|100/100
|move|p2a: Staraptor|Close Combat|p1a: Farigiraf
|-damage|p1a: Farigiraf|44/100
|-boost|p2a: Staraptor|def|1
|-boost|p2a: Staraptor|spd|1
|-enditem|p1a: Farigiraf|Sitrus Berry|[eat]
|-heal|p1a: Farigiraf|69/100|[from] item: Sitrus Berry
|move|p2b: Tyranitar|Knock Off|p1a: Farigiraf
|-supereffective|p1a: Farigiraf|1
|-damage|p1a: Farigiraf|8/100
|move|p1a: Farigiraf|Trick Room|p1a: Farigiraf
|-fieldstart|move: Trick Room|[of] p1a: Farigiraf
|
|-weather|Sandstorm|[upkeep]
|-damage|p1a: Farigiraf|2/100|[from] Sandstorm
|-damage|p2a: Staraptor|38/100|[from] Sandstorm
|upkeep
|turn|4
|inactive|sparshjha has 30 seconds left.
|
|t:|1785351860
|switch|p1a: Charizard|Charizard-Mega-Y, L50, M|94/100
|-weather|SunnyDay|[from] ability: Drought|[of] p1a: Charizard
|switch|p2b: Sinistcha|Sinistcha, L50|100/100
|-heal|p2a: Staraptor|63/100|[from] ability: Hospitality|[of] p2b: Sinistcha
|move|p1b: Garchomp|Earthquake|p2b: Sinistcha|[spread] p2b
|-immune|p1a: Charizard
|-immune|p2a: Staraptor
|-resisted|p2b: Sinistcha|1
|-damage|p2b: Sinistcha|78/100
|-damage|p1b: Garchomp|90/100|[from] item: Life Orb
|move|p2a: Staraptor|Close Combat|p1b: Garchomp
|-damage|p1b: Garchomp|38/100
|-boost|p2a: Staraptor|def|1
|-boost|p2a: Staraptor|spd|1
|-damage|p2a: Staraptor|51/100|[from] ability: Rough Skin|[of] p1b: Garchomp
|
|-weather|SunnyDay|[upkeep]
|upkeep
|turn|5
|inactive|sparshjha has 30 seconds left.
|inactive|sparshjha has 20 seconds left.
|inactive|sparshjha has 15 seconds left.
|inactive|sparshjha has 10 seconds left.
|inactive|sparshjha has 5 seconds left.
|
|t:|1785351914
|switch|p2b: Tyranitar|Tyranitar, L50, F|85/100
|-weather|Sandstorm|[from] ability: Sand Stream|[of] p2b: Tyranitar
|move|p1a: Charizard|Heat Wave|p2a: Staraptor|[spread] 
|-miss|p1a: Charizard|p2a: Staraptor
|-miss|p1a: Charizard|p2b: Tyranitar
|move|p1b: Garchomp|Earthquake|p2a: Staraptor|[spread] p2b
|-immune|p1a: Charizard
|-immune|p2a: Staraptor
|-supereffective|p2b: Tyranitar|1
|-damage|p2b: Tyranitar|0 fnt
|faint|p2b: Tyranitar
|-damage|p1b: Garchomp|28/100|[from] item: Life Orb
|move|p2a: Staraptor|Close Combat|p1b: Garchomp
|-crit|p1b: Garchomp
|-damage|p1b: Garchomp|0 fnt
|-boost|p2a: Staraptor|def|1
|-boost|p2a: Staraptor|spd|1
|-damage|p2a: Staraptor|39/100|[from] ability: Rough Skin|[of] p1b: Garchomp
|faint|p1b: Garchomp
|
|-weather|Sandstorm|[upkeep]
|-damage|p1a: Charizard|88/100|[from] Sandstorm
|-damage|p2a: Staraptor|33/100|[from] Sandstorm
|-sideend|p2: sparshjha|move: Tailwind
|upkeep
|inactive|sparshjha has 30 seconds left.
|
|t:|1785351948
|switch|p2b: Sinistcha|Sinistcha, L50|78/100
|switch|p1b: Farigiraf|Farigiraf, L50, F|2/100
|-heal|p2a: Staraptor|58/100|[from] ability: Hospitality|[of] p2b: Sinistcha
|turn|6
|
|t:|1785351964
|move|p1b: Farigiraf|Helping Hand|p1a: Charizard
|-singleturn|p1a: Charizard|Helping Hand|[of] p1b: Farigiraf
|move|p2b: Sinistcha|Matcha Gotcha|p1b: Farigiraf|[spread] p1a,p1b
|-resisted|p1a: Charizard|2
|-damage|p1a: Charizard|82/100
|-heal|p2b: Sinistcha|81/100|[from] drain|[of] p1a: Charizard
|-damage|p1b: Farigiraf|0 fnt
|-heal|p2b: Sinistcha|82/100|[from] drain|[of] p1b: Farigiraf
|faint|p1b: Farigiraf
|move|p1a: Charizard|Heat Wave|p2b: Sinistcha|[spread] p2a
|-miss|p1a: Charizard|p2b: Sinistcha
|-damage|p2a: Staraptor|30/100
|move|p2a: Staraptor|Brave Bird|p1a: Charizard
|-damage|p1a: Charizard|0 fnt
|faint|p1a: Charizard
|-damage|p2a: Staraptor|8/100|[from] Recoil
|
|-weather|Sandstorm|[upkeep]
|-damage|p2b: Sinistcha|77/100|[from] Sandstorm
|-damage|p2a: Staraptor|2/100|[from] Sandstorm
|upkeep
|
|t:|1785351981
|switch|p1b: Basculegion|Basculegion, L50, M|100/100
|turn|7
|
|t:|1785351996
|move|p2b: Sinistcha|Matcha Gotcha|p1b: Basculegion
|-supereffective|p1b: Basculegion|1
|-damage|p1b: Basculegion|20/100y
|-heal|p2b: Sinistcha|100/100|[from] drain|[of] p1b: Basculegion
|move|p1b: Basculegion|Last Respects|p2b: Sinistcha
|-supereffective|p2b: Sinistcha|1
|-damage|p2b: Sinistcha|0 fnt
|faint|p2b: Sinistcha
|move|p2a: Staraptor|Brave Bird|p1b: Basculegion
|-damage|p1b: Basculegion|0 fnt
|faint|p1b: Basculegion
|-damage|p2a: Staraptor|0 fnt|[from] Recoil
|faint|p2a: Staraptor
|
|win|sparshjha
