|j|☆vilan333
|j|☆biggestdunce
|html|vilan333biggestdunce    
|uhtml|bestof|Game 3 of a best-of-3
|t:|1783463082
|gametype|doubles
|player|p1|vilan333|marshal|1124
|player|p2|biggestdunce|2|1057
|gen|9
|tier|[Gen 9 Champions] VGC 2026 Reg M-B (Bo3)
|rated|
|rule|Species Clause: Limit one of each Pokémon
|rule|Item Clause: Limit 1 of each item
|clearpoke
|poke|p1|Charizard, L50, F|
|poke|p1|Mawile, L50, F|
|poke|p1|Basculegion, L50, M|
|poke|p1|Garchomp, L50, M|
|poke|p1|Whimsicott, L50, F|
|poke|p1|Farigiraf, L50, M|
|poke|p2|Heracross, L50, F|
|poke|p2|Kangaskhan, L50, F|
|poke|p2|Slowking-Galar, L50, M|
|poke|p2|Kingambit, L50, M|
|poke|p2|Torkoal, L50, F|
|poke|p2|Sylveon, L50, F|
|teampreview|4
|showteam|p1|Charizard||CharizarditeY|Blaze|WeatherBall,HeatWave,SolarBeam,Protect|Timid||F|||50|]Mawile||Mawilite|HyperCutter|PlayRough,SuckerPunch,RockSlide,Protect|Adamant||F|||50|]Basculegion||MysticWater|Adaptability|WaveCrash,LastRespects,AquaJet,Protect|Adamant||M|||50|]Garchomp||LifeOrb|RoughSkin|Earthquake,DragonClaw,RockSlide,Protect|Jolly||M|||50|]Whimsicott||FocusSash|Prankster|Moonblast,Encore,Tailwind,Protect|Timid||F|||50|]Farigiraf||SitrusBerry|ArmorTail|TwinBeam,Thunderbolt,TrickRoom,HelpingHand|Bold||M|||50|
|showteam|p2|Heracross||Heracronite|Guts|CloseCombat,PinMissile,RockBlast,Detect|Brave||F|||50|]Kangaskhan||SilkScarf|Scrappy|FakeOut,LastResort|Brave||F|||50|]Slowking-Galar||ShucaBerry|Regenerator|AcidSpray,TrickRoom,HealPulse,ChillyReception|Sassy||M|||50|]Kingambit||FocusSash|SupremeOverlord|IronHead,SuckerPunch,KowtowCleave,Protect|Brave||M|||50|]Torkoal||Charcoal|Drought|Eruption,WeatherBall,EarthPower,Protect|Modest||F|||50|]Sylveon||FairyFeather|Pixilate|HyperBeam,HyperVoice,Substitute,Protect|Modest||F|||50|
|
|t:|1783463124
|teamsize|p1|4
|teamsize|p2|4
|start
|switch|p1a: Charizard|Charizard, L50, F|100/100
|switch|p1b: Farigiraf|Farigiraf, L50, M|100/100
|switch|p2a: Kingambit|Kingambit, L50, M|100/100
|switch|p2b: Slowking|Slowking-Galar, L50, M|100/100
|turn|1
|
|t:|1783463143
|detailschange|p1a: Charizard|Charizard-Mega-Y, L50, F
|-mega|p1a: Charizard|Charizard|Charizardite Y
|-weather|SunnyDay|[from] ability: Drought|[of] p1a: Charizard
|move|p1b: Farigiraf|Helping Hand|p1a: Charizard
|-singleturn|p1a: Charizard|Helping Hand|[of] p1b: Farigiraf
|move|p1a: Charizard|Weather Ball|p2b: Slowking
|-damage|p2b: Slowking|7/100
|move|p2a: Kingambit|Kowtow Cleave|p1b: Farigiraf
|-supereffective|p1b: Farigiraf|1
|-damage|p1b: Farigiraf|22/100
|-enditem|p1b: Farigiraf|Sitrus Berry|[eat]
|-heal|p1b: Farigiraf|47/100|[from] item: Sitrus Berry
|move|p2b: Slowking|Trick Room|p2b: Slowking
|-fieldstart|move: Trick Room|[of] p2b: Slowking
|
|-weather|SunnyDay|[upkeep]
|upkeep
|turn|2
|
|t:|1783463164
|move|p1b: Farigiraf|Helping Hand|p1a: Charizard
|-singleturn|p1a: Charizard|Helping Hand|[of] p1b: Farigiraf
|-prepare|p2b: Slowking|Chilly Reception|[premajor]
|move|p2b: Slowking|Chilly Reception|p2b: Slowking
|-weather|Snowscape
|
|t:|1783463174
|-heal|p2b: Slowking|40/100|[from] ability: Regenerator|[silent]
|switch|p2b: Heracross|Heracross, L50, F|100/100|[from] Chilly Reception
|move|p2a: Kingambit|Kowtow Cleave|p1b: Farigiraf
|-supereffective|p1b: Farigiraf|1
|-damage|p1b: Farigiraf|0 fnt
|faint|p1b: Farigiraf
|move|p1a: Charizard|Heat Wave|p2b: Heracross|[spread] p2a,p2b
|-supereffective|p2a: Kingambit|1
|-supereffective|p2b: Heracross|1
|-enditem|p2a: Kingambit|Focus Sash
|-damage|p2a: Kingambit|1/100
|-damage|p2b: Heracross|0 fnt
|faint|p2b: Heracross
|
|-weather|Snowscape|[upkeep]
|upkeep
|
|t:|1783463192
|switch|p1b: Basculegion|Basculegion, L50, M|100/100
|switch|p2b: Slowking|Slowking-Galar, L50, M|40/100
|turn|3
|
|t:|1783463208
|move|p2a: Kingambit|Sucker Punch|p1b: Basculegion
|-supereffective|p1b: Basculegion|1
|-damage|p1b: Basculegion|4/100
|move|p1b: Basculegion|Aqua Jet|p2a: Kingambit
|-damage|p2a: Kingambit|0 fnt
|faint|p2a: Kingambit
|-end|p2a: Kingambit|fallenundefined|[silent]
|move|p2b: Slowking|Acid Spray|p1a: Charizard
|-damage|p1a: Charizard|85/100
|-unboost|p1a: Charizard|spd|2
|move|p1a: Charizard|Weather Ball|p2b: Slowking
|-damage|p2b: Slowking|13/100
|
|-weather|Snowscape|[upkeep]
|upkeep
|
|t:|1783463221
|switch|p2a: Torkoal|Torkoal, L50, F|100/100
|-weather|SunnyDay|[from] ability: Drought|[of] p2a: Torkoal
|turn|4
|
|t:|1783463240
|switch|p1a: Garchomp|Garchomp, L50, M|100/100
|move|p1b: Basculegion|Protect|p1b: Basculegion
|-singleturn|p1b: Basculegion|Protect
|move|p2b: Slowking|Acid Spray|p1b: Basculegion
|-activate|p1b: Basculegion|move: Protect
|move|p2a: Torkoal|Eruption|p1a: Garchomp|[spread] p1a
|-activate|p1b: Basculegion|move: Protect
|-resisted|p1a: Garchomp|1
|-damage|p1a: Garchomp|52/100
|
|-weather|SunnyDay|[upkeep]
|upkeep
|turn|5
|
|t:|1783463257
|move|p1b: Basculegion|Aqua Jet|p2a: Torkoal
|-supereffective|p2a: Torkoal|1
|-damage|p2a: Torkoal|76/100
|move|p2b: Slowking|Acid Spray|p1a: Garchomp
|-resisted|p1a: Garchomp|1
|-damage|p1a: Garchomp|44/100
|-unboost|p1a: Garchomp|spd|2
|move|p2a: Torkoal|Eruption|p1a: Garchomp|[spread] p1a,p1b
|-resisted|p1a: Garchomp|1
|-resisted|p1b: Basculegion|1
|-damage|p1a: Garchomp|0 fnt
|-damage|p1b: Basculegion|0 fnt
|faint|p1a: Garchomp
|faint|p1b: Basculegion
|
|-weather|SunnyDay|[upkeep]
|-fieldend|move: Trick Room
|upkeep
|
|t:|1783463273
|switch|p1a: Charizard|Charizard-Mega-Y, L50, F|85/100
|turn|6
|
|t:|1783463281
|move|p1a: Charizard|Heat Wave|p2b: Slowking|[spread] p2b
|-miss|p1a: Charizard|p2a: Torkoal
|-damage|p2b: Slowking|0 fnt
|faint|p2b: Slowking
|move|p2a: Torkoal|Weather Ball|p1a: Charizard
|-resisted|p1a: Charizard|1
|-damage|p1a: Charizard|48/100
|
|-weather|SunnyDay|[upkeep]
|upkeep
|turn|7
|
|t:|1783463292
|move|p1a: Charizard|Weather Ball|p2a: Torkoal
|-resisted|p2a: Torkoal|1
|-damage|p2a: Torkoal|16/100
|move|p2a: Torkoal|Weather Ball|p1a: Charizard
|-resisted|p1a: Charizard|1
|-damage|p1a: Charizard|12/100
|
|-weather|SunnyDay|[upkeep]
|upkeep
|turn|8
|c|☆biggestdunce|ggs
|
|t:|1783463307
|move|p1a: Charizard|Weather Ball|p2a: Torkoal
|-resisted|p2a: Torkoal|1
|-damage|p2a: Torkoal|0 fnt
|faint|p2a: Torkoal
|
|win|vilan333
|raw|vilan333's rating: 1124 → 1144(+20 for winning)
|raw|biggestdunce's rating: 1057 → 1042(-15 for losing)
