|j|‚òÜBenniOVY
|j|‚òÜdiamsword
|html|BenniOVYdiamsword    
|uhtml|bestof|Game 2 of a best-of-3
|t:|1783282947
|gametype|doubles
|player|p1|BenniOVY|psychic-gen4|
|player|p2|diamsword|cyclist-gen4|
|gen|9
|tier|[Gen 9 Champions] VGC 2026 Reg M-B (Bo3)
|rule|Species Clause: Limit one of each Pok√©mon
|rule|Item Clause: Limit 1 of each item
|clearpoke
|poke|p1|Venusaur, L50, F|
|poke|p1|Sableye, L50, F|
|poke|p1|Pelipper, L50, F|
|poke|p1|Archaludon, L50, M|
|poke|p1|Swampert, L50, M|
|poke|p1|Sylveon, L50, F|
|poke|p2|Raichu, L50, M|
|poke|p2|Gengar, L50, F|
|poke|p2|Whimsicott, L50, M|
|poke|p2|Garchomp, L50, F|
|poke|p2|Incineroar, L50, F|
|poke|p2|Ninetales-Alola, L50, F|
|teampreview|4
|showteam|p1|Venusaur||Venusaurite|Overgrow|GigaDrain,SludgeBomb,EarthPower,Protect|Modest||F|||50|]Sableye||LightClay|Prankster|Reflect,LightScreen,WillOWisp,RainDance|Calm||F|||50|]Pelipper||SitrusBerry|Drizzle|WeatherBall,Hurricane,WideGuard,Tailwind|Bold||F|||50|]Archaludon||Leftovers|Stamina|ElectroShot,FlashCannon,DracoMeteor,Protect|Bold||M|||50|]Swampert||Swampertite|Torrent|WaveCrash,Earthquake,IcePunch,Protect|Adamant||M|||50|]Sylveon||FairyFeather|Pixilate|HyperVoice,HyperBeam,Yawn,Protect|Modest||F|||50|
|showteam|p2|Raichu||RaichuniteY|LightningRod|FakeOut,ZapCannon,VoltSwitch,Protect|Timid||M|||50|]Gengar||Gengarite|CursedBody|ShadowBall,Disable,PerishSong,Protect|Timid||F|||50|]Whimsicott||FocusSash|Prankster|Tailwind,Encore,Moonblast,Protect|Timid||M|||50|]Garchomp||SitrusBerry|SandVeil|StompingTantrum,DragonClaw,RockSlide,Protect|Adamant||F|||50|]Incineroar||PasshoBerry|Intimidate|FakeOut,ThroatChop,PartingShot,Protect|Relaxed||F|||50|]Ninetales-Alola||NeverMeltIce|SnowWarning|Blizzard,FreezeDry,Encore,Protect|Timid||F|||50|
|inactive|Battle timer is ON: inactive players will automatically lose when time's up. (requested by diamsword)
|c|‚òÜBenniOVY|paus real quick
|inactiveoff|Battle timer is now OFF.
|c|‚òÜBenniOVY|there we go
|c|‚òÜBenniOVY|sorry bout that
|c|‚òÜdiamsword|all g
|inactive|Battle timer is ON: inactive players will automatically lose when time's up. (requested by diamsword)
|
|t:|1783283088
|teamsize|p1|4
|teamsize|p2|4
|start
|switch|p1a: Swampert|Swampert, L50, M|100/100
|switch|p1b: Pelipper|Pelipper, L50, F|100/100
|switch|p2a: Gengar|Gengar, L50, F|100/100
|switch|p2b: Raichu|Raichu, L50, M|100/100
|-weather|RainDance|[from] ability: Drizzle|[of] p1b: Pelipper
|turn|1
|inactive|diamsword has 30 seconds left.
|inactive|diamsword has 20 seconds left.
|
|t:|1783283124
|switch|p2a: Ninetales|Ninetales-Alola, L50, F|100/100
|-weather|Snowscape|[from] ability: Snow Warning|[of] p2a: Ninetales
|detailschange|p1a: Swampert|Swampert-Mega, L50, M
|-mega|p1a: Swampert|Swampert|Swampertite
|move|p2b: Raichu|Volt Switch|p1b: Pelipper
|-supereffective|p1b: Pelipper|2
|-damage|p1b: Pelipper|0 fnt
|faint|p1b: Pelipper
|
|t:|1783283133
|switch|p2b: Incineroar|Incineroar, L50, F|100/100|[from] Volt Switch
|-ability|p2b: Incineroar|Intimidate|boost
|-unboost|p1a: Swampert|atk|1
|move|p1a: Swampert|Wave Crash|p2b: Incineroar
|-supereffective|p2b: Incineroar|1
|-enditem|p2b: Incineroar|Passho Berry|[eat]
|-enditem|p2b: Incineroar|Passho Berry|[weaken]
|-damage|p2b: Incineroar|63/100
|-damage|p1a: Swampert|86/100|[from] Recoil
|
|-weather|Snowscape|[upkeep]
|upkeep
|
|t:|1783283138
|switch|p1b: Sableye|Sableye, L50, F|100/100
|turn|2
|c|‚òÜBenniOVY|yeh nah thats ggs
|c|‚òÜdiamsword|idk
|inactive|diamsword has 30 seconds left.
|c|‚òÜdiamsword|how do i win from there
|c|‚òÜBenniOVY|perish seems to be working here tho, pretty well at that
|inactive|diamsword has 20 seconds left.
|c|‚òÜBenniOVY|you go into gengar
|inactive|diamsword has 15 seconds left.
|c|‚òÜBenniOVY|protect swap back in incin
|c|‚òÜBenniOVY|fake out persih
|
|t:|1783283182
|switch|p1a: Archaludon|Archaludon, L50, M|100/100
|switch|p2b: Raichu|Raichu, L50, M|100/100
|move|p1b: Sableye|Rain Dance|p1b: Sableye
|-weather|RainDance
|move|p2a: Ninetales|Freeze-Dry|p1a: Archaludon
|-crit|p1a: Archaludon
|-damage|p1a: Archaludon|57/100
|-ability|p1a: Archaludon|Stamina|boost
|-boost|p1a: Archaludon|def|1
|
|-weather|RainDance|[upkeep]
|-heal|p1a: Archaludon|63/100|[from] item: Leftovers
|upkeep
|turn|3
|c|‚òÜBenniOVY|and then get rid of whatever i send in
|c|‚òÜdiamsword|why not spam attack on swmp
|c|‚òÜdiamsword|absolute free offense
|inactive|diamsword has 30 seconds left.
|c|‚òÜBenniOVY|since freeze dry
|inactive|diamsword has 20 seconds left.
|c|‚òÜdiamsword|u os me dont u
|c|‚òÜBenniOVY|i cant just take that
|inactive|diamsword has 15 seconds left.
|c|‚òÜBenniOVY|what?
|inactive|diamsword has 10 seconds left.
|
|t:|1783283229
|move|p1b: Sableye|Light Screen|p1b: Sableye
|-sidestart|p1: BenniOVY|move: Light Screen
|move|p2b: Raichu|Volt Switch|p1b: Sableye
|-damage|p1b: Sableye|77/100
|c|‚òÜBenniOVY|yeh i outspeed but i drop
|
|t:|1783283234
|switch|p2b: Incineroar|Incineroar, L50, F|63/100|[from] Volt Switch
|-ability|p2b: Incineroar|Intimidate|boost
|-unboost|p1a: Archaludon|atk|1
|-unboost|p1b: Sableye|atk|1
|move|p2a: Ninetales|Encore||[still]
|-fail|p2a: Ninetales
|move|p1a: Archaludon|Flash Cannon|p2a: Ninetales
|-supereffective|p2a: Ninetales|2
|-damage|p2a: Ninetales|0 fnt
|faint|p2a: Ninetales
|
|-weather|RainDance|[upkeep]
|-heal|p1a: Archaludon|69/100|[from] item: Leftovers
|upkeep
|c|‚òÜBenniOVY|which id rather not
|
|t:|1783283243
|switch|p2a: Gengar|Gengar, L50, F|100/100
|turn|4
|
|t:|1783283254
|switch|p1b: Swampert|Swampert-Mega, L50, M|86/100
|detailschange|p2a: Gengar|Gengar-Mega, L50, F
|-mega|p2a: Gengar|Gengar|Gengarite
|move|p2b: Incineroar|Fake Out|p1a: Archaludon
|-resisted|p1a: Archaludon|1
|-damage|p1a: Archaludon|67/100
|-ability|p1a: Archaludon|Stamina|boost
|-boost|p1a: Archaludon|def|1
|move|p2a: Gengar|Perish Song|p2a: Gengar
|-start|p1a: Archaludon|perish3|[silent]
|-start|p1b: Swampert|perish3|[silent]
|-start|p2a: Gengar|perish3|[silent]
|-start|p2b: Incineroar|perish3|[silent]
|-fieldactivate|move: Perish Song
|cant|p1a: Archaludon|flinch
|
|-weather|RainDance|[upkeep]
|-heal|p1a: Archaludon|73/100|[from] item: Leftovers
|-start|p1b: Swampert|perish3
|-start|p2a: Gengar|perish3
|-start|p1a: Archaludon|perish3
|-start|p2b: Incineroar|perish3
|upkeep
|turn|5
|c|‚òÜdiamsword|no u os freeze dried
|c|‚òÜdiamsword|drier
|c|‚òÜdiamsword|and win from there
|c|‚òÜdiamsword|am i crazy
|inactive|diamsword has 30 seconds left.
|
|t:|1783283282
|move|p2a: Gengar|Protect|p2a: Gengar
|-singleturn|p2a: Gengar|Protect
|move|p2b: Incineroar|Protect|p2b: Incineroar
|-singleturn|p2b: Incineroar|Protect
|move|p1b: Swampert|Wave Crash|p2a: Gengar
|-activate|p2a: Gengar|move: Protect
|move|p1a: Archaludon|Draco Meteor|p2b: Incineroar
|-activate|p2b: Incineroar|move: Protect
|
|-weather|RainDance|[upkeep]
|-heal|p1a: Archaludon|79/100|[from] item: Leftovers
|-start|p1b: Swampert|perish2
|-start|p2a: Gengar|perish2
|-start|p1a: Archaludon|perish2
|-start|p2b: Incineroar|perish2
|upkeep
|turn|6
|c|‚òÜBenniOVY|yeh i outspeed but dont kill
|c|‚òÜBenniOVY|at -1
|
|t:|1783283291
|switch|p2a: Raichu|Raichu, L50, M|100/100
|move|p1b: Swampert|Earthquake|p2b: Incineroar|[spread] p1a,p2a,p2b
|-supereffective|p1a: Archaludon|1
|-supereffective|p2a: Raichu|1
|-supereffective|p2b: Incineroar|1
|-damage|p1a: Archaludon|48/100
|-damage|p2a: Raichu|0 fnt
|-damage|p2b: Incineroar|0 fnt
|-ability|p1a: Archaludon|Stamina|boost
|-boost|p1a: Archaludon|def|1
|faint|p2a: Raichu
|faint|p2b: Incineroar
|move|p1a: Archaludon|Draco Meteor|p2: Raichu|[notarget]
|-fail|p1a: Archaludon
|
|-weather|none
|-heal|p1a: Archaludon|54/100|[from] item: Leftovers
|-start|p1b: Swampert|perish1
|-start|p1a: Archaludon|perish1
|upkeep
|
|t:|1783283296
|switch|p2b: Gengar|Gengar-Mega, L50, F|100/100
|turn|7
|c|‚òÜBenniOVY|damn
|c|‚òÜBenniOVY|i fucked it lmao
|c|‚òÜdiamsword|do u know into rain ??
|
|t:|1783283309
|move|p2b: Gengar|Protect|p2b: Gengar
|-singleturn|p2b: Gengar|Protect
|move|p1b: Swampert|Wave Crash|p2b: Gengar
|-activate|p2b: Gengar|move: Protect
|move|p1a: Archaludon|Draco Meteor|p2b: Gengar
|-activate|p2b: Gengar|move: Protect
|
|-heal|p1a: Archaludon|60/100|[from] item: Leftovers
|-start|p1b: Swampert|perish0
|-start|p1a: Archaludon|perish0
|faint|p1b: Swampert
|faint|p1a: Archaludon
|upkeep
|c|‚òÜdiamsword|u was dead from perish
|
|t:|1783283315
|switch|p1b: Sableye|Sableye, L50, F|77/100
|turn|8
|c|‚òÜBenniOVY|ggs
|c|‚òÜdiamsword|gg
|c|‚òÜBenniOVY|let me look at the turn again
|-message|BenniOVY forfeited.
|
|win|diamsword
||BenniOVY is ready for game 3.
|c|‚òÜdiamsword|yeah lets see
|inactive|diamsword has 30 seconds to confirm battle start!
||diamsword is ready for game 3.
|uhtml|next|Next: Game 3 of 3
