|j|☆indiofiero
|j|☆ThierryVGC
|html|indiofieroThierryVGC    
|uhtml|bestof|Game 1 of a best-of-3
|t:|1756429157
|gametype|doubles
|player|p1|indiofiero|swimmerf-gen4|1173
|player|p2|ThierryVGC|101|1148
|gen|9
|tier|[Gen 9] VGC 2025 Reg H (Bo3)
|rated|
|rule|Species Clause: Limit one of each Pokémon
|rule|Item Clause: Limit 1 of each item
|clearpoke
|poke|p1|Archaludon, L50, M|
|poke|p1|Dragonite, L50, F|
|poke|p1|Pelipper, L50, M|
|poke|p1|Ursaluna, L50, M|
|poke|p1|Sinistcha, L50|
|poke|p1|Gholdengo, L50|
|poke|p2|Garchomp, L50, F|
|poke|p2|Drifblim, L50, F|
|poke|p2|Indeedee, L50, M|
|poke|p2|Sneasler, L50, F|
|poke|p2|Corviknight, L50, M|
|poke|p2|Rotom-Wash, L50|
|teampreview|4
|showteam|p1|Archaludon||AssaultVest|Stamina|FlashCannon,BodyPress,ElectroShot,Snarl|||M|||50|,,,,,Fighting]Dragonite||LoadedDice|Multiscale|ScaleShot,Tailwind,Haze,Protect|||F|||50|,,,,,Fairy]Pelipper||FocusSash|Drizzle|MuddyWater,Hurricane,Tailwind,Protect|||M|||50|,,,,,Ghost]Ursaluna||FlameOrb|Guts|Facade,HeadlongRush,Earthquake,Protect|||M|||50|,,,,,Ghost]Sinistcha||SitrusBerry|Hospitality|MatchaGotcha,LifeDew,RagePowder,TrickRoom||||||50|,,,,,Dark]Gholdengo||ChoiceScarf|GoodasGold|MakeItRain,ShadowBall,Trick,Protect||||||50|,,,,,Flying
|showteam|p2|Garchomp||LifeOrb|RoughSkin|Earthquake,StompingTantrum,DragonClaw,Protect|||F|||50|,,,,,Ground]Drifblim||PsychicSeed|Unburden|Acrobatics,Disable,Tailwind,Haze|||F|||50|,,,,,Grass]Indeedee||FocusSash|PsychicSurge|ExpandingForce,TeraBlast,Imprison,TrickRoom|||M|||50|,,,,,Ground]Sneasler||WhiteHerb|Unburden|DireClaw,CloseCombat,ThroatChop,Protect|||F|||50|,,,,,Dark]Corviknight||Leftovers|MirrorArmor|BraveBird,BodyPress,BulkUp,Roost|||M|||50|,,,,,Dragon]Rotom-Wash||SafetyGoggles|Levitate|Thunderbolt,HydroPump,WillOWisp,Protect||||||50|,,,,,Electric
|inactive|Battle timer is ON: inactive players will automatically lose when time's up. (requested by indiofiero)
|inactive|indiofiero has 60 seconds left.
|
|t:|1756429252
|teamsize|p1|4
|teamsize|p2|4
|start
|switch|p1a: Gholdengo|Gholdengo, L50|100/100
|switch|p1b: Dragonite|Dragonite, L50, F|100/100
|switch|p2a: Indeedee|Indeedee, L50, M|100/100
|switch|p2b: Drifblim|Drifblim, L50, F|100/100
|-fieldstart|move: Psychic Terrain|[from] ability: Psychic Surge|[of] p2a: Indeedee
|-enditem|p2b: Drifblim|Psychic Seed
|-boost|p2b: Drifblim|spd|1|[from] item: Psychic Seed
|turn|1
|inactive|ThierryVGC has 30 seconds left.
|inactive|indiofiero has 30 seconds left.
|inactive|ThierryVGC has 20 seconds left.
|inactive|ThierryVGC has 15 seconds left.
|
|t:|1756429294
|move|p2b: Drifblim|Tailwind|p2b: Drifblim
|-sidestart|p2: ThierryVGC|move: Tailwind
|move|p2a: Indeedee|Expanding Force|p1b: Dragonite|[spread] p1a,p1b
|-resisted|p1a: Gholdengo
|-damage|p1a: Gholdengo|67/100
|-damage|p1b: Dragonite|68/100
|move|p1a: Gholdengo|Shadow Ball|p2b: Drifblim
|-supereffective|p2b: Drifblim
|-damage|p2b: Drifblim|25/100
|move|p1b: Dragonite|Scale Shot|p2a: Indeedee
|-damage|p2a: Indeedee|67/100
|-damage|p2a: Indeedee|34/100
|-damage|p2a: Indeedee|5/100
|-damage|p2a: Indeedee|0 fnt
|faint|p2a: Indeedee
|-hitcount|p2: Indeedee|4
|-unboost|p1b: Dragonite|def|1
|-boost|p1b: Dragonite|spe|1
|
|upkeep
|
|t:|1756429311
|switch|p2a: Garchomp|Garchomp, L50, F|100/100
|turn|2
|inactive|indiofiero has 30 seconds left.
|inactive|indiofiero has 20 seconds left.
|inactive|indiofiero has 15 seconds left.
|inactive|indiofiero has 10 seconds left.
|inactive|ThierryVGC has 30 seconds left.
|
|t:|1756429365
|-terastallize|p2a: Garchomp|Ground
|-terastallize|p1b: Dragonite|Fairy
|move|p2b: Drifblim|Acrobatics|p1b: Dragonite
|-damage|p1b: Dragonite|10/100
|move|p2a: Garchomp|Earthquake|p1b: Dragonite|[spread] p1a,p1b
|-immune|p2b: Drifblim
|-supereffective|p1a: Gholdengo
|-damage|p1a: Gholdengo|0 fnt
|-damage|p1b: Dragonite|0 fnt
|faint|p1a: Gholdengo
|faint|p1b: Dragonite
|-damage|p2a: Garchomp|91/100|[from] item: Life Orb
|
|upkeep
|
|t:|1756429374
|switch|p1a: Archaludon|Archaludon, L50, M|100/100
|switch|p1b: Sinistcha|Sinistcha, L50|100/100
|turn|3
|
|t:|1756429384
|move|p2b: Drifblim|Acrobatics|p1b: Sinistcha
|-supereffective|p1b: Sinistcha
|-damage|p1b: Sinistcha|40/100
|-enditem|p1b: Sinistcha|Sitrus Berry|[eat]
|-heal|p1b: Sinistcha|65/100|[from] item: Sitrus Berry
|move|p2a: Garchomp|Earthquake|p1b: Sinistcha|[spread] p1a,p1b
|-immune|p2b: Drifblim
|-supereffective|p1a: Archaludon
|-resisted|p1b: Sinistcha
|-damage|p1a: Archaludon|13/100
|-damage|p1b: Sinistcha|35/100
|-ability|p1a: Archaludon|Stamina|boost
|-boost|p1a: Archaludon|def|1
|-damage|p2a: Garchomp|81/100|[from] item: Life Orb
|move|p1a: Archaludon|Flash Cannon|p2b: Drifblim
|-damage|p2b: Drifblim|0 fnt
|faint|p2b: Drifblim
|move|p1b: Sinistcha|Trick Room|p1b: Sinistcha
|-fieldstart|move: Trick Room|[of] p1b: Sinistcha
|
|upkeep
|
|t:|1756429395
|switch|p2b: Rotom|Rotom-Wash, L50|100/100
|turn|4
|
|t:|1756429417
|move|p1b: Sinistcha|Matcha Gotcha|p2a: Garchomp|[spread] p2a,p2b
|-supereffective|p2a: Garchomp
|-supereffective|p2b: Rotom
|-damage|p2a: Garchomp|33/100
|-heal|p1b: Sinistcha|61/100|[from] drain|[of] p2a: Garchomp
|-damage|p2b: Rotom|50/100
|-heal|p1b: Sinistcha|83/100|[from] drain|[of] p2b: Rotom
|-status|p2b: Rotom|brn
|move|p1a: Archaludon|Body Press|p2b: Rotom
|-damage|p2b: Rotom|9/100 brn
|move|p2b: Rotom|Thunderbolt|p1a: Archaludon
|-resisted|p1a: Archaludon
|-damage|p1a: Archaludon|0 fnt
|faint|p1a: Archaludon
|move|p2a: Garchomp|Earthquake|p1b: Sinistcha|[spread] p1b
|-immune|p2b: Rotom|[from] ability: Levitate
|-resisted|p1b: Sinistcha
|-damage|p1b: Sinistcha|54/100
|-damage|p2a: Garchomp|23/100|[from] item: Life Orb
|
|-damage|p2b: Rotom|3/100 brn|[from] brn
|-sideend|p2: ThierryVGC|move: Tailwind
|upkeep
|turn|5
|
|t:|1756429438
|move|p2a: Garchomp|Protect|p2a: Garchomp
|-singleturn|p2a: Garchomp|Protect
|move|p1b: Sinistcha|Matcha Gotcha|p2b: Rotom|[spread] p2b
|-activate|p2a: Garchomp|move: Protect
|-supereffective|p2b: Rotom
|-damage|p2b: Rotom|0 fnt
|-heal|p1b: Sinistcha|55/100|[from] drain|[of] p2b: Rotom
|faint|p2b: Rotom
|
|-fieldend|move: Psychic Terrain
|upkeep
|turn|6
|
|t:|1756429447
|move|p1b: Sinistcha|Matcha Gotcha|p2a: Garchomp
|-supereffective|p2a: Garchomp
|-crit|p2a: Garchomp
|-damage|p2a: Garchomp|0 fnt
|-heal|p1b: Sinistcha|67/100|[from] drain|[of] p2a: Garchomp
|faint|p2a: Garchomp
|
|win|indiofiero
||indiofiero is ready for game 2.
||ThierryVGC is ready for game 2.
|uhtml|next|Next: Game 2 of 3
