|j|☆frooda
|j|☆Vncentius
|html|froodaVncentius    
|uhtml|bestof|Game 2 of a best-of-3
|t:|1757782913
|gametype|doubles
|player|p1|frooda|cynthia|1096
|player|p2|Vncentius|170|1133
|gen|9
|tier|[Gen 9] VGC 2025 Reg H (Bo3)
|rated|
|rule|Species Clause: Limit one of each Pokémon
|rule|Item Clause: Limit 1 of each item
|clearpoke
|poke|p1|Toedscruel, L50, F|
|poke|p1|Weezing-Galar, L50, M|
|poke|p1|Garchomp, L50, F|
|poke|p1|Corviknight, L50, M|
|poke|p1|Typhlosion-Hisui, L50, M|
|poke|p1|Pawmot, L50, F|
|poke|p2|Porygon2, L50|
|poke|p2|Incineroar, L50, M|
|poke|p2|Ursaluna, L50, F|
|poke|p2|Jumpluff, L50, M|
|poke|p2|Charizard, L50, M|
|poke|p2|Torkoal, L50, F|
|teampreview|4
|showteam|p1|Toedscruel||CovertCloak|MyceliumMight|Spore,RagePowder,EarthPower,AcidSpray|||F|||50|,,,,,Water]Weezing-Galar||ChoiceSpecs|NeutralizingGas|StrangeSteam,SludgeBomb,DazzlingGleam,Flamethrower|||M|||50|,,,,,Flying]Garchomp||LifeOrb|RoughSkin|StompingTantrum,Earthquake,DragonClaw,Protect|||F|||50|,,,,,Ground]Corviknight||SitrusBerry|MirrorArmor|Tailwind,Protect,BraveBird,Roost|||M|||50|,,,,,Dragon]Typhlosion-Hisui||ChoiceScarf|Blaze|Eruption,ShadowBall,HeatWave,SleepTalk|||M|||50|,,,,,Fire]Pawmot||FocusSash|NaturalCure|FakeOut,DoubleShock,CloseCombat,Protect|||F|||50|,,,,,Electric
|showteam|p2|Porygon2||Eviolite|Download|TeraBlast,IceBeam,TrickRoom,Recover||||||50|,,,,,Fighting]Incineroar||SitrusBerry|Intimidate|FakeOut,KnockOff,FlareBlitz,PartingShot|||M|||50|,,,,,Ghost]Ursaluna||FlameOrb|Guts|HeadlongRush,Facade,Earthquake,Protect|||F|||50|,,,,,Ghost]Jumpluff||CovertCloak|Chlorophyll|RagePowder,SunnyDay,Tailwind,SleepPowder|||M|||50|,,,,,Fire]Charizard||ChoiceSpecs|SolarPower|HeatWave,Overheat,WeatherBall,DragonPulse|||M|||50|,,,,,Ghost]Torkoal||EjectPack|Drought|Overheat,Eruption,HelpingHand,Protect|||F|||50|,,,,,Fire
|inactive|Battle timer is ON: inactive players will automatically lose when time's up. (requested by Vncentius)
|inactive|Vncentius has 60 seconds left.
|
|t:|1757782963
|teamsize|p1|4
|teamsize|p2|4
|start
|switch|p1a: Rat|Pawmot, L50, F|100/100
|switch|p1b: Volcano|Typhlosion-Hisui, L50, M, shiny|100/100
|switch|p2a: Jumpluff|Jumpluff, L50, M|100/100
|switch|p2b: Incineroar|Incineroar, L50, M|100/100
|-ability|p2b: Incineroar|Intimidate|boost
|-unboost|p1a: Rat|atk|1
|-unboost|p1b: Volcano|atk|1
|turn|1
|inactive|frooda has 30 seconds left.
|inactive|Vncentius has 30 seconds left.
|inactive|frooda has 20 seconds left.
|inactive|Vncentius has 20 seconds left.
|inactive|frooda has 15 seconds left.
|inactive|Vncentius has 15 seconds left.
|inactive|frooda has 10 seconds left.
|inactive|Vncentius has 10 seconds left.
|inactive|frooda has 5 seconds left.
|
|t:|1757783014
|switch|p1a: Dimmidome|Weezing-Galar, L50, M|100/100
|-ability|p1a: Dimmidome|Neutralizing Gas
|-terastallize|p1b: Volcano|Fire
|-terastallize|p2a: Jumpluff|Fire
|move|p1b: Volcano|Eruption|p2b: Incineroar|[spread] p2a,p2b
|-resisted|p2a: Jumpluff
|-resisted|p2b: Incineroar
|-damage|p2a: Jumpluff|60/100
|-damage|p2b: Incineroar|65/100
|move|p2a: Jumpluff|Sleep Powder|p1b: Volcano|[miss]
|-miss|p2a: Jumpluff|p1b: Volcano
|move|p2b: Incineroar|Knock Off|p1b: Volcano
|-damage|p1b: Volcano|22/100
|-enditem|p1b: Volcano|Choice Scarf|[from] move: Knock Off|[of] p2b: Incineroar
|
|upkeep
|turn|2
|inactive|Vncentius has 30 seconds left.
|
|t:|1757783042
|switch|p1b: RAAA|Garchomp, L50, F, shiny|100/100
|move|p2a: Jumpluff|Sleep Powder|p1a: Dimmidome
|-status|p1a: Dimmidome|slp|[from] move: Sleep Powder
|cant|p1a: Dimmidome|slp
|move|p2b: Incineroar|Knock Off|p1b: RAAA
|-damage|p1b: RAAA|55/100
|-enditem|p1b: RAAA|Life Orb|[from] move: Knock Off|[of] p2b: Incineroar
|
|upkeep
|turn|3
|
|t:|1757783064
|move|p2a: Jumpluff|Sleep Powder|p1b: RAAA|[miss]
|-miss|p2a: Jumpluff|p1b: RAAA
|move|p1b: RAAA|Stomping Tantrum|p2a: Jumpluff
|-supereffective|p2a: Jumpluff
|-damage|p2a: Jumpluff|0 fnt
|faint|p2a: Jumpluff
|cant|p1a: Dimmidome|slp
|move|p2b: Incineroar|Knock Off|p1a: Dimmidome
|-resisted|p1a: Dimmidome
|-damage|p1a: Dimmidome|77/100 slp
|-enditem|p1a: Dimmidome|Choice Specs|[from] move: Knock Off|[of] p2b: Incineroar
|
|upkeep
|
|t:|1757783084
|switch|p2a: Charizard|Charizard, L50, M|100/100
|turn|4
|inactive|frooda has 30 seconds left.
|inactive|Vncentius has 30 seconds left.
|
|t:|1757783110
|move|p1b: RAAA|Protect|p1b: RAAA
|-singleturn|p1b: RAAA|Protect
|move|p2a: Charizard|Dragon Pulse|p1b: RAAA
|-activate|p1b: RAAA|move: Protect
|cant|p1a: Dimmidome|slp
|move|p2b: Incineroar|Parting Shot|p1a: Dimmidome
|-unboost|p1a: Dimmidome|atk|1
|-unboost|p1a: Dimmidome|spa|1
|
|t:|1757783121
|switch|p2b: Ursaluna|Ursaluna, L50, F|100/100|[from] Parting Shot
|
|-status|p2b: Ursaluna|brn|[from] item: Flame Orb
|upkeep
|turn|5
|
|t:|1757783144
|move|p1b: RAAA|Dragon Claw|p2a: Charizard
|-damage|p2a: Charizard|42/100
|move|p2a: Charizard|Dragon Pulse|p1b: RAAA
|-supereffective|p1b: RAAA
|-damage|p1b: RAAA|0 fnt
|faint|p1b: RAAA
|-curestatus|p1a: Dimmidome|slp|[msg]
|move|p1a: Dimmidome|Sludge Bomb|p2a: Charizard
|-damage|p2a: Charizard|9/100
|move|p2b: Ursaluna|Facade|p1a: Dimmidome
|-damage|p1a: Dimmidome|0 fnt
|faint|p1a: Dimmidome
|-end|p1a: Dimmidome|ability: Neutralizing Gas
|
|-damage|p2b: Ursaluna|95/100 brn|[from] brn
|upkeep
|
|t:|1757783153
|switch|p1b: Rat|Pawmot, L50, F|100/100
|switch|p1a: Volcano|Typhlosion-Hisui, L50, M, shiny, tera:Fire|22/100
|turn|6
|
|t:|1757783176
|switch|p2a: Incineroar|Incineroar, L50, M|65/100
|-ability|p2a: Incineroar|Intimidate|boost
|-unboost|p1a: Volcano|atk|1
|-unboost|p1b: Rat|atk|1
|move|p2b: Ursaluna|Protect|p2b: Ursaluna
|-singleturn|p2b: Ursaluna|Protect
|move|p1b: Rat|Close Combat|p2b: Ursaluna
|-activate|p2b: Ursaluna|move: Protect
|move|p1a: Volcano|Heat Wave|p2b: Ursaluna|[spread] p2a
|-activate|p2b: Ursaluna|move: Protect
|-resisted|p2a: Incineroar
|-damage|p2a: Incineroar|25/100
|-enditem|p2a: Incineroar|Sitrus Berry|[eat]
|-heal|p2a: Incineroar|50/100|[from] item: Sitrus Berry
|
|-damage|p2b: Ursaluna|89/100 brn|[from] brn
|upkeep
|turn|7
|
|t:|1757783199
|move|p2a: Incineroar|Fake Out|p1b: Rat
|-damage|p1b: Rat|77/100
|cant|p1b: Rat|flinch
|move|p1a: Volcano|Heat Wave|p2b: Ursaluna|[spread] p2a,p2b
|-resisted|p2a: Incineroar
|-damage|p2a: Incineroar|12/100
|-damage|p2b: Ursaluna|14/100 brn
|move|p2b: Ursaluna|Facade|p1a: Volcano
|-damage|p1a: Volcano|0 fnt
|faint|p1a: Volcano
|
|-damage|p2b: Ursaluna|9/100 brn|[from] brn
|upkeep
|turn|8
|inactive|Vncentius has 30 seconds left.
|
|t:|1757783230
|switch|p2a: Charizard|Charizard, L50, M|9/100
|move|p1b: Rat|Protect|p1b: Rat
|-singleturn|p1b: Rat|Protect
|move|p2b: Ursaluna|Protect||[still]
|-fail|p2b: Ursaluna
|
|-damage|p2b: Ursaluna|3/100 brn|[from] brn
|upkeep
|turn|9
|
|t:|1757783250
|move|p1b: Rat|Protect||[still]
|-fail|p1b: Rat
|move|p2a: Charizard|Overheat|p1b: Rat
|-damage|p1b: Rat|0 fnt
|-unboost|p2a: Charizard|spa|2
|faint|p1b: Rat
|
|win|Vncentius
||frooda is ready for game 3.
|inactive|Vncentius has 30 seconds to confirm battle start!
||Vncentius is ready for game 3.
|uhtml|next|Next: Game 3 of 3
