|j|☆minccino fan
|j|☆Poopylad
|html|minccino fanPoopylad    
|uhtml|bestof|Game 2 of a best-of-3
|t:|1756278786
|gametype|doubles
|player|p1|minccino fan|170|1187
|player|p2|Poopylad|1|1282
|gen|9
|tier|[Gen 9] VGC 2025 Reg H (Bo3)
|rated|
|rule|Species Clause: Limit one of each Pokémon
|rule|Item Clause: Limit 1 of each item
|clearpoke
|poke|p1|Charizard, L50, F|
|poke|p1|Torkoal, L50, M|
|poke|p1|Porygon2, L50|
|poke|p1|Incineroar, L50, M|
|poke|p1|Jumpluff, L50, M|
|poke|p1|Ursaluna, L50, F|
|poke|p2|Dragonite, L50, M|
|poke|p2|Annihilape, L50, M|
|poke|p2|Maushold-Four, L50|
|poke|p2|Goodra-Hisui, L50, F|
|poke|p2|Whimsicott, L50, M|
|poke|p2|Sneasler, L50, M|
|teampreview|4
|showteam|p1|Charizard||ChoiceSpecs|SolarPower|HeatWave,Overheat,WeatherBall,AirSlash|||F|||50|,,,,,Ghost]Torkoal||EjectPack|Drought|Eruption,Overheat,HelpingHand,Protect|||M|||50|,,,,,Fire]Porygon2||Eviolite|Download|TeraBlast,IceBeam,Recover,TrickRoom||||||50|,,,,,Fighting]Incineroar||SitrusBerry|Intimidate|FlareBlitz,KnockOff,FakeOut,PartingShot|||M|||50|,,,,,Ghost]Jumpluff||CovertCloak|Chlorophyll|SleepPowder,SunnyDay,RagePowder,Tailwind|||M|||50|,,,,,Water]Ursaluna||FlameOrb|Guts|HeadlongRush,Facade,Earthquake,Protect|||F|||50|,,,,,Ghost
|showteam|p2|Dragonite||LoadedDice|Multiscale|ScaleShot,Tailwind,Protect,ExtremeSpeed|||M|||50|,,,,,Fairy]Annihilape||Leftovers|Defiant|RageFist,DrainPunch,BulkUp,Protect|||M|||50|,,,,,Fire]Maushold-Four||SafetyGoggles|FriendGuard|Taunt,Protect,FollowMe,BeatUp||||||50|,,,,,Ghost]Goodra-Hisui||SitrusBerry|SapSipper|BodyPress,HeavySlam,LifeDew,Shelter|||F|||50|,,,,,Fighting]Whimsicott||CovertCloak|Prankster|Moonblast,LightScreen,Tailwind,Charm|||M|||50|,,,,,Water]Sneasler||FocusSash|Unburden|DireClaw,CloseCombat,Protect,Coaching|||M|||50|,,,,,Stellar
|inactive|Battle timer is ON: inactive players will automatically lose when time's up. (requested by minccino fan)
|
|t:|1756278812
|teamsize|p1|4
|teamsize|p2|4
|start
|switch|p1a: Charizard|Charizard, L50, F|100/100
|switch|p1b: Torkoal|Torkoal, L50, M|100/100
|switch|p2a: Maushold|Maushold-Four, L50|100/100
|switch|p2b: Annihilape|Annihilape, L50, M|100/100
|-weather|SunnyDay|[from] ability: Drought|[of] p1b: Torkoal
|turn|1
|inactive|Poopylad has 30 seconds left.
|inactive|Poopylad has 20 seconds left.
|inactive|Poopylad has 15 seconds left.
|
|t:|1756278853
|-terastallize|p2b: Annihilape|Fire
|move|p1b: Torkoal|Helping Hand|p1a: Charizard
|-singleturn|p1a: Charizard|Helping Hand|[of] p1b: Torkoal
|move|p2a: Maushold|Protect|p2a: Maushold
|-singleturn|p2a: Maushold|Protect
|move|p1a: Charizard|Heat Wave|p2b: Annihilape|[spread] p2b
|-activate|p2a: Maushold|move: Protect
|-resisted|p2b: Annihilape
|-damage|p2b: Annihilape|49/100
|move|p2b: Annihilape|Drain Punch|p1b: Torkoal
|-damage|p1b: Torkoal|76/100
|-heal|p2b: Annihilape|60/100|[from] drain|[of] p1b: Torkoal
|
|-weather|SunnyDay|[upkeep]
|-damage|p1a: Charizard|88/100|[from] ability: Solar Power|[of] p1a: Charizard
|-heal|p2b: Annihilape|66/100|[from] item: Leftovers
|upkeep
|turn|2
|inactive|minccino fan has 30 seconds left.
|inactive|Poopylad has 30 seconds left.
|
|t:|1756278885
|move|p2a: Maushold|Follow Me|p2a: Maushold
|-singleturn|p2a: Maushold|move: Follow Me
|move|p1a: Charizard|Heat Wave|p2a: Maushold|[spread] p2a,p2b
|-resisted|p2b: Annihilape
|-damage|p2a: Maushold|0 fnt
|-damage|p2b: Annihilape|34/100
|faint|p2a: Maushold
|move|p2b: Annihilape|Rage Fist|p1a: Charizard
|-damage|p1a: Charizard|2/100
|move|p1b: Torkoal|Overheat|p2b: Annihilape
|-resisted|p2b: Annihilape
|-damage|p2b: Annihilape|1/100
|-unboost|p1b: Torkoal|spa|2
|-enditem|p1b: Torkoal|Eject Pack
|
|t:|1756278898
|switch|p1b: Ursaluna|Ursaluna, L50, F|100/100
|
|-weather|SunnyDay|[upkeep]
|-damage|p1a: Charizard|0 fnt|[from] ability: Solar Power|[of] p1a: Charizard
|faint|p1a: Charizard
|-heal|p2b: Annihilape|8/100|[from] item: Leftovers
|-status|p1b: Ursaluna|brn|[from] item: Flame Orb
|upkeep
|
|t:|1756278914
|switch|p2a: Whimsicott|Whimsicott, L50, M|100/100
|switch|p1a: Jumpluff|Jumpluff, L50, M|100/100
|turn|3
|inactive|minccino fan has 30 seconds left.
|inactive|Poopylad has 30 seconds left.
|inactive|minccino fan has 20 seconds left.
|
|t:|1756278953
|move|p1b: Ursaluna|Protect|p1b: Ursaluna
|-singleturn|p1b: Ursaluna|Protect
|move|p2a: Whimsicott|Charm|p1b: Ursaluna
|-activate|p1b: Ursaluna|move: Protect
|move|p1a: Jumpluff|Tailwind|p1a: Jumpluff
|-sidestart|p1: minccino fan|move: Tailwind
|move|p2b: Annihilape|Rage Fist|p1a: Jumpluff
|-damage|p1a: Jumpluff|0 fnt
|faint|p1a: Jumpluff
|
|-weather|SunnyDay|[upkeep]
|-heal|p2b: Annihilape|14/100|[from] item: Leftovers
|-damage|p1b: Ursaluna|95/100 brn|[from] brn
|upkeep
|
|t:|1756278957
|switch|p1a: Torkoal|Torkoal, L50, M|76/100
|turn|4
|inactive|Poopylad has 30 seconds left.
|
|t:|1756278989
|move|p2b: Annihilape|Protect|p2b: Annihilape
|-singleturn|p2b: Annihilape|Protect
|move|p2a: Whimsicott|Tailwind|p2a: Whimsicott
|-sidestart|p2: Poopylad|move: Tailwind
|move|p1b: Ursaluna|Facade|p2b: Annihilape
|-activate|p2b: Annihilape|move: Protect
|move|p1a: Torkoal|Eruption|p2b: Annihilape|[spread] p2a
|-activate|p2b: Annihilape|move: Protect
|-supereffective|p2a: Whimsicott
|-damage|p2a: Whimsicott|0 fnt
|faint|p2a: Whimsicott
|
|-weather|SunnyDay|[upkeep]
|-heal|p2b: Annihilape|20/100|[from] item: Leftovers
|-damage|p1b: Ursaluna|89/100 brn|[from] brn
|upkeep
|
|t:|1756278996
|switch|p2a: Dragonite|Dragonite, L50, M|100/100
|turn|5
|
|t:|1756279014
|move|p1b: Ursaluna|Protect|p1b: Ursaluna
|-singleturn|p1b: Ursaluna|Protect
|move|p2a: Dragonite|Scale Shot|p1b: Ursaluna
|-activate|p1b: Ursaluna|move: Protect
|move|p2b: Annihilape|Drain Punch|p1b: Ursaluna
|-activate|p1b: Ursaluna|move: Protect
|move|p1a: Torkoal|Overheat|p2b: Annihilape
|-resisted|p2b: Annihilape
|-damage|p2b: Annihilape|0 fnt
|-unboost|p1a: Torkoal|spa|2
|faint|p2b: Annihilape
|
|-weather|none
|-damage|p1b: Ursaluna|83/100 brn|[from] brn
|upkeep
|turn|6
|
|t:|1756279038
|move|p2a: Dragonite|Scale Shot|p1b: Ursaluna
|-damage|p1b: Ursaluna|72/100 brn
|-damage|p1b: Ursaluna|61/100 brn
|-damage|p1b: Ursaluna|49/100 brn
|-damage|p1b: Ursaluna|38/100 brn
|-damage|p1b: Ursaluna|26/100 brn
|-hitcount|p1b: Ursaluna|5
|-unboost|p2a: Dragonite|def|1
|-boost|p2a: Dragonite|spe|1
|move|p1b: Ursaluna|Facade|p2a: Dragonite
|-damage|p2a: Dragonite|0 fnt
|faint|p2a: Dragonite
|
|win|minccino fan
|l|☆Poopylad
|player|p2|
