|j|☆kurolax
|j|☆bfwpikadrew
|html|kurolaxbfwpikadrew    
|uhtml|bestof|Game 3 of a best-of-3
|t:|1756257183
|gametype|doubles
|player|p1|kurolax|101|1081
|player|p2|bfwpikadrew|falkner|1000
|gen|9
|tier|[Gen 9] VGC 2025 Reg H (Bo3)
|rated|
|rule|Species Clause: Limit one of each Pokémon
|rule|Item Clause: Limit 1 of each item
|clearpoke
|poke|p1|Volcarona, L50, F|
|poke|p1|Tyranitar, L50, F|
|poke|p1|Rillaboom, L50, M|
|poke|p1|Primarina, L50, F|
|poke|p1|Sneasler, L50, M|
|poke|p1|Dragonite, L50, F|
|poke|p2|Basculegion, L50, M|
|poke|p2|Pelipper, L50, M|
|poke|p2|Archaludon, L50, M|
|poke|p2|Incineroar, L50, M|
|poke|p2|Gholdengo, L50|
|poke|p2|Amoonguss, L50, M|
|teampreview|4
|showteam|p1|Volcarona||GrassySeed|FlameBody|QuiverDance,HeatWave,TeraBlast,BugBuzz|||F|||50|,,,,,Fairy]Tyranitar||AssaultVest|SandStream|RockSlide,KnockOff,TeraBlast,LowKick|||F|||50|,,,,,Flying]Rillaboom||MiracleSeed|GrassySurge|WoodHammer,Uturn,GrassyGlide,FakeOut|||M|||50|,,,,,Grass]Primarina||SitrusBerry|LiquidVoice|HyperVoice,Moonblast,CalmMind,Protect|||F|||50|,,,,,Poison]Sneasler||WhiteHerb|Unburden|DireClaw,FakeOut,Protect,CloseCombat|||M|||50|,,,,,Psychic]Dragonite||ClearAmulet|Multiscale|StompingTantrum,IceSpinner,Haze,Tailwind|||F|||50|,,,,,Fairy
|showteam|p2|Basculegion||LifeOrb|SwiftSwim|WaveCrash,LastRespects,Protect,FlipTurn|||M|||50|,,,,,Grass]Pelipper||FocusSash|Drizzle|Protect,Hurricane,WeatherBall,Tailwind|||M|||50|,,,,,Ghost]Archaludon||AssaultVest|Stamina|ElectroShot,DracoMeteor,Snarl,BodyPress|||M|||50|,,,,,Grass]Incineroar||SafetyGoggles|Intimidate|FakeOut,PartingShot,Taunt,KnockOff|||M|||50|,,,,,Bug]Gholdengo||SitrusBerry|GoodasGold|MakeItRain,ShadowBall,NastyPlot,Protect||||||50|,,,,,Flying]Amoonguss||RockyHelmet|Regenerator|Spore,RagePowder,PollenPuff,Protect|||M|||50|,,,,,Water
|inactive|Battle timer is ON: inactive players will automatically lose when time's up. (requested by kurolax)
|
|t:|1756257222
|teamsize|p1|4
|teamsize|p2|4
|start
|switch|p1a: Rillaboom|Rillaboom, L50, M|100/100
|switch|p1b: Dragonite|Dragonite, L50, F|100/100
|switch|p2a: Soul Stripper|Basculegion, L50, M, shiny|100/100
|switch|p2b: Overdose|Pelipper, L50, M, shiny|100/100
|-fieldstart|move: Grassy Terrain|[from] ability: Grassy Surge|[of] p1a: Rillaboom
|-weather|RainDance|[from] ability: Drizzle|[of] p2b: Overdose
|turn|1
|inactive|bfwpikadrew has 30 seconds left.
|inactive|bfwpikadrew has 20 seconds left.
|
|t:|1756257260
|switch|p2b: Thunderstruck|Archaludon, L50, M, shiny|100/100
|move|p1a: Rillaboom|Grassy Glide|p2a: Soul Stripper
|-supereffective|p2a: Soul Stripper
|-damage|p2a: Soul Stripper|0 fnt
|faint|p2a: Soul Stripper
|move|p1b: Dragonite|Ice Spinner|p2b: Thunderstruck
|-damage|p2b: Thunderstruck|77/100
|-ability|p2b: Thunderstruck|Stamina|boost
|-boost|p2b: Thunderstruck|def|1
|-fieldend|move: Grassy Terrain
|
|-weather|RainDance|[upkeep]
|upkeep
|
|t:|1756257274
|switch|p2a: Overdose|Pelipper, L50, M, shiny|100/100
|turn|2
|
|t:|1756257293
|switch|p1a: Tyranitar|Tyranitar, L50, F|100/100
|-weather|Sandstorm|[from] ability: Sand Stream|[of] p1a: Tyranitar
|-terastallize|p1b: Dragonite|Fairy
|move|p1b: Dragonite|Stomping Tantrum|p2b: Thunderstruck
|-supereffective|p2b: Thunderstruck
|-damage|p2b: Thunderstruck|51/100
|-ability|p2b: Thunderstruck|Stamina|boost
|-boost|p2b: Thunderstruck|def|1
|move|p2a: Overdose|Tailwind|p2a: Overdose
|-sidestart|p2: bfwpikadrew|move: Tailwind
|move|p2b: Thunderstruck|Body Press|p1b: Dragonite
|-resisted|p1b: Dragonite
|-damage|p1b: Dragonite|90/100
|
|-weather|Sandstorm|[upkeep]
|-damage|p2a: Overdose|95/100|[from] Sandstorm
|-damage|p1b: Dragonite|84/100|[from] Sandstorm
|upkeep
|turn|3
|inactive|bfwpikadrew has 30 seconds left.
|inactive|bfwpikadrew has 20 seconds left.
|inactive|bfwpikadrew has 15 seconds left.
|inactive|bfwpikadrew has 10 seconds left.
|inactive|bfwpikadrew has 5 seconds left.
|
|t:|1756257345
|switch|p2a: Moneytalks|Gholdengo, L50|100/100
|move|p2b: Thunderstruck|Body Press|p1a: Tyranitar
|-supereffective|p1a: Tyranitar
|-damage|p1a: Tyranitar|0 fnt
|faint|p1a: Tyranitar
|move|p1b: Dragonite|Haze|p1b: Dragonite
|-clearallboost
|
|-weather|Sandstorm|[upkeep]
|-damage|p1b: Dragonite|79/100|[from] Sandstorm
|upkeep
|
|t:|1756257355
|switch|p1a: Rillaboom|Rillaboom, L50, M|100/100
|-fieldstart|move: Grassy Terrain|[from] ability: Grassy Surge|[of] p1a: Rillaboom
|turn|4
|
|t:|1756257372
|move|p1a: Rillaboom|Grassy Glide|p2a: Moneytalks
|-resisted|p2a: Moneytalks
|-damage|p2a: Moneytalks|80/100
|move|p2a: Moneytalks|Make It Rain|p1b: Dragonite|[spread] p1a,p1b
|-supereffective|p1b: Dragonite
|-damage|p1a: Rillaboom|35/100
|-damage|p1b: Dragonite|0 fnt
|-unboost|p2a: Moneytalks|spa|1
|faint|p1b: Dragonite
|move|p2b: Thunderstruck|Body Press|p1a: Rillaboom
|-damage|p1a: Rillaboom|13/100
|
|-weather|Sandstorm|[upkeep]
|-damage|p1a: Rillaboom|7/100|[from] Sandstorm
|-heal|p2a: Moneytalks|86/100|[from] Grassy Terrain
|-heal|p2b: Thunderstruck|57/100|[from] Grassy Terrain
|-heal|p1a: Rillaboom|13/100|[from] Grassy Terrain
|upkeep
|
|t:|1756257375
|switch|p1b: Sneasler|Sneasler, L50, M|100/100
|turn|5
|
|t:|1756257399
|move|p1a: Rillaboom|Grassy Glide|p2a: Moneytalks
|-resisted|p2a: Moneytalks
|-damage|p2a: Moneytalks|62/100
|move|p2a: Moneytalks|Nasty Plot|p2a: Moneytalks
|-boost|p2a: Moneytalks|spa|2
|move|p2b: Thunderstruck|Body Press|p1a: Rillaboom
|-damage|p1a: Rillaboom|0 fnt
|faint|p1a: Rillaboom
|move|p1b: Sneasler|Close Combat|p2b: Thunderstruck
|-supereffective|p2b: Thunderstruck
|-damage|p2b: Thunderstruck|0 fnt
|-unboost|p1b: Sneasler|def|1
|-unboost|p1b: Sneasler|spd|1
|faint|p2b: Thunderstruck
|-enditem|p1b: Sneasler|White Herb
|-clearnegativeboost|p1b: Sneasler|[silent]
|
|-weather|Sandstorm|[upkeep]
|-damage|p1b: Sneasler|95/100|[from] Sandstorm
|-heal|p1b: Sneasler|100/100|[from] Grassy Terrain
|-heal|p2a: Moneytalks|68/100|[from] Grassy Terrain
|-sideend|p2: bfwpikadrew|move: Tailwind
|upkeep
|
|t:|1756257417
|switch|p2b: Overdose|Pelipper, L50, M, shiny|95/100
|-weather|RainDance|[from] ability: Drizzle|[of] p2b: Overdose
|turn|6
|c|☆bfwpikadrew|i sure u thought of it, but i think u should be throat chop
|inactive|bfwpikadrew has 30 seconds left.
|
|t:|1756257444
|move|p1b: Sneasler|Dire Claw|p2b: Overdose
|-damage|p2b: Overdose|38/100
|move|p2b: Overdose|Hurricane|p1b: Sneasler
|-supereffective|p1b: Sneasler
|-damage|p1b: Sneasler|0 fnt
|faint|p1b: Sneasler
|
|win|bfwpikadrew
|raw|kurolax's rating: 1081 → 1054(-27 for losing)
|raw|bfwpikadrew's rating: 1000 → 1049(+49 for winning)
