|j|☆Jupiter69
|j|☆Duca_tommy
|html|Jupiter69Duca_tommy    
|uhtml|bestof|Game 1 of a best-of-3
|t:|1757697888
|gametype|doubles
|player|p1|Jupiter69|lenora|1120
|player|p2|Duca_tommy|169|1157
|gen|9
|tier|[Gen 9] VGC 2025 Reg H (Bo3)
|rated|
|rule|Species Clause: Limit one of each Pokémon
|rule|Item Clause: Limit 1 of each item
|clearpoke
|poke|p1|Gliscor, L50, M|
|poke|p1|Rillaboom, L50, M|
|poke|p1|Sneasler, L50, F|
|poke|p1|Primarina, L50, F|
|poke|p1|Electabuzz, L50, M|
|poke|p1|Kingambit, L50, F|
|poke|p2|Hydrapple, L50, M|
|poke|p2|Indeedee-F, L50, F|
|poke|p2|Gallade, L50, M|
|poke|p2|Torkoal, L50, F|
|poke|p2|Zoroark-Hisui, L50, F|
|poke|p2|Hatterene, L50, F|
|teampreview|4
|showteam|p1|Gliscor||ToxicOrb|PoisonHeal|HighHorsepower,DualWingbeat,Protect,SwordsDance|||M|||50|,,,,,Water]Rillaboom||AssaultVest|GrassySurge|WoodHammer,GrassyGlide,FakeOut,HighHorsepower|||M|||50|,,,,,Ground]Sneasler||FocusSash|Unburden|FakeOut,CloseCombat,DireClaw,Coaching|||F|||50|,,,,,Ghost]Primarina||LifeOrb|LiquidVoice|HyperVoice,Protect,Haze,Moonblast|||F|||50|,,,,,Steel]Electabuzz||Eviolite|VitalSpirit|FollowMe,Electroweb,ThunderWave,Taunt|||M|||50|,,,,,Ghost]Kingambit||SafetyGoggles|Defiant|KowtowCleave,SuckerPunch,SwordsDance,Protect|||F|||50|,,,,,Flying
|showteam|p2|Hydrapple||AssaultVest|Regenerator|PollenPuff,SolarBeam,EnergyBall,FickleBeam|||M|||50|,,,,,Poison]Indeedee-F||PsychicSeed|PsychicSurge|TrickRoom,FollowMe,HelpingHand,Psychic|||F|||50|,,,,,Grass]Gallade||ClearAmulet|Sharpness|PsychoCut,SacredSword,WideGuard,TrickRoom|||M|||50|,,,,,Grass]Torkoal||Charcoal|Drought|Eruption,HeatWave,WeatherBall,Protect|||F|||50|,,,,,Fire]Zoroark-Hisui||ChoiceSpecs|Illusion|HyperBeam,HyperVoice,BitterMalice,ShadowBall|||F|||50|,,,,,Normal]Hatterene||LifeOrb|MagicBounce|TrickRoom,ExpandingForce,DazzlingGleam,Protect|||F|||50|,,,,,Fire
|inactive|Battle timer is ON: inactive players will automatically lose when time's up. (requested by Duca_tommy)
|inactive|Jupiter69 has 60 seconds left.
|
|t:|1757697926
|teamsize|p1|4
|teamsize|p2|4
|start
|switch|p1a: Electabuzz|Electabuzz, L50, M|100/100
|switch|p1b: Primarina|Primarina, L50, F|100/100
|switch|p2a: Indeedee|Indeedee-F, L50, F|100/100
|switch|p2b: Gallade|Gallade, L50, M|100/100
|-fieldstart|move: Psychic Terrain|[from] ability: Psychic Surge|[of] p2a: Indeedee
|-enditem|p2a: Indeedee|Psychic Seed
|-boost|p2a: Indeedee|spd|1|[from] item: Psychic Seed
|turn|1
|inactive|Jupiter69 has 30 seconds left.
|inactive|Duca_tommy has 30 seconds left.
|inactive|Jupiter69 has 20 seconds left.
|
|t:|1757697964
|move|p2a: Indeedee|Follow Me|p2a: Indeedee
|-singleturn|p2a: Indeedee|move: Follow Me
|move|p1a: Electabuzz|Taunt|p2a: Indeedee
|-start|p2a: Indeedee|move: Taunt
|move|p1b: Primarina|Moonblast|p2a: Indeedee
|-damage|p2a: Indeedee|54/100
|-damage|p1b: Primarina|91/100|[from] item: Life Orb
|move|p2b: Gallade|Trick Room|p2b: Gallade
|-fieldstart|move: Trick Room|[of] p2b: Gallade
|
|upkeep
|turn|2
|inactive|Duca_tommy has 30 seconds left.
|inactive|Duca_tommy has 20 seconds left.
|inactive|Duca_tommy has 15 seconds left.
|inactive|Duca_tommy has 10 seconds left.
|
|t:|1757698009
|switch|p2a: Hydrapple|Hydrapple, L50, M|100/100
|move|p1a: Electabuzz|Follow Me|p1a: Electabuzz
|-singleturn|p1a: Electabuzz|move: Follow Me
|move|p1b: Primarina|Moonblast|p2b: Gallade
|-supereffective|p2b: Gallade
|-crit|p2b: Gallade
|-damage|p2b: Gallade|0 fnt
|faint|p2b: Gallade
|-damage|p1b: Primarina|82/100|[from] item: Life Orb
|
|upkeep
|
|t:|1757698016
|switch|p2b: Torkoal|Torkoal, L50, F|100/100
|-weather|SunnyDay|[from] ability: Drought|[of] p2b: Torkoal
|turn|3
|inactive|Duca_tommy has 30 seconds left.
|inactive|Jupiter69 has 30 seconds left.
|
|t:|1757698051
|-terastallize|p2b: Torkoal|Fire
|move|p1b: Primarina|Protect|p1b: Primarina
|-singleturn|p1b: Primarina|Protect
|move|p2b: Torkoal|Eruption|p1b: Primarina|[spread] p1a
|-activate|p1b: Primarina|move: Protect
|-damage|p1a: Electabuzz|16/100
|move|p2a: Hydrapple|Solar Beam||[still]
|-prepare|p2a: Hydrapple|Solar Beam
|-anim|p2a: Hydrapple|Solar Beam|p1b: Primarina
|-activate|p1b: Primarina|move: Protect
|move|p1a: Electabuzz|Thunder Wave|p2b: Torkoal
|-status|p2b: Torkoal|par
|
|-weather|SunnyDay|[upkeep]
|upkeep
|turn|4
|
|t:|1757698072
|cant|p2b: Torkoal|par
|move|p2a: Hydrapple|Solar Beam||[still]
|-prepare|p2a: Hydrapple|Solar Beam
|-anim|p2a: Hydrapple|Solar Beam|p1b: Primarina
|-supereffective|p1b: Primarina
|-damage|p1b: Primarina|0 fnt
|faint|p1b: Primarina
|move|p1a: Electabuzz|Thunder Wave|p2a: Hydrapple
|-status|p2a: Hydrapple|par
|
|-weather|SunnyDay|[upkeep]
|upkeep
|
|t:|1757698084
|switch|p1b: Rillaboom|Rillaboom, L50, M|100/100
|-fieldstart|move: Grassy Terrain|[from] ability: Grassy Surge|[of] p1b: Rillaboom
|turn|5
|
|t:|1757698094
|switch|p2a: Indeedee|Indeedee-F, L50, F|54/100
|-fieldstart|move: Psychic Terrain|[from] ability: Psychic Surge|[of] p2a: Indeedee
|-terastallize|p1b: Rillaboom|Ground
|move|p2b: Torkoal|Eruption|p1a: Electabuzz|[spread] p1a,p1b
|-crit|p1a: Electabuzz
|-damage|p1a: Electabuzz|0 fnt
|-damage|p1b: Rillaboom|10/100
|faint|p1a: Electabuzz
|move|p1b: Rillaboom|High Horsepower|p2b: Torkoal
|-supereffective|p2b: Torkoal
|-damage|p2b: Torkoal|28/100 par
|
|-weather|SunnyDay|[upkeep]
|-fieldend|move: Trick Room
|upkeep
|
|t:|1757698102
|switch|p1a: Kingambit|Kingambit, L50, F, shiny|100/100
|turn|6
|inactive|Duca_tommy has 30 seconds left.
|inactive|Duca_tommy has 20 seconds left.
|
|t:|1757698140
|move|p2a: Indeedee|Follow Me|p2a: Indeedee
|-singleturn|p2a: Indeedee|move: Follow Me
|move|p1b: Rillaboom|High Horsepower|p2a: Indeedee
|-damage|p2a: Indeedee|6/100
|move|p1a: Kingambit|Kowtow Cleave|p2a: Indeedee
|-supereffective|p2a: Indeedee
|-damage|p2a: Indeedee|0 fnt
|faint|p2a: Indeedee
|move|p2b: Torkoal|Heat Wave|p1b: Rillaboom|[spread] p1a,p1b
|-supereffective|p1a: Kingambit
|-damage|p1a: Kingambit|0 fnt
|-damage|p1b: Rillaboom|0 fnt
|faint|p1a: Kingambit
|faint|p1b: Rillaboom
|
|win|Duca_tommy
|inactive|Jupiter69 has 30 seconds to confirm battle start!
|inactive|Duca_tommy has 30 seconds to confirm battle start!
||Duca_tommy is ready for game 2.
|inactive|Jupiter69 has 20 seconds to confirm battle start!
||Jupiter69 is ready for game 2.
|uhtml|next|Next: Game 2 of 3
