|j|☆CharmanditoABM
|j|☆metalblackknight
|html|CharmanditoABMmetalblackknight    
|uhtml|bestof|Game 1 of a best-of-3
|t:|1784935549
|gametype|doubles
|player|p1|CharmanditoABM|wallace|1157
|player|p2|metalblackknight|clerk|1231
|gen|9
|tier|[Gen 9 Champions] VGC 2026 Reg M-B (Bo3)
|rated|
|rule|Species Clause: Limit one of each Pokémon
|rule|Item Clause: Limit 1 of each item
|clearpoke
|poke|p1|Tyranitar, L50, F|
|poke|p1|Sinistcha, L50|
|poke|p1|Incineroar, L50, F|
|poke|p1|Floette-Eternal, L50, F|
|poke|p1|Basculegion, L50, M|
|poke|p1|Raichu, L50, M|
|poke|p2|Charizard, L50, M|
|poke|p2|Whimsicott, L50, F|
|poke|p2|Garchomp, L50, F|
|poke|p2|Basculegion, L50, M|
|poke|p2|Incineroar, L50, M|
|poke|p2|Ninetales-Alola, L50, M|
|teampreview|4
|showteam|p1|Tyranitar||FocusSash|SandStream|RockSlide,KnockOff,LowKick,Protect|Jolly||F|||50|]Sinistcha||KasibBerry|Hospitality|MatchaGotcha,Hex,RagePowder,Protect|Bold|||||50|]Incineroar||SitrusBerry|Intimidate|FlareBlitz,ThroatChop,FakeOut,PartingShot|Impish||F|||50|]Floette-Eternal||Floettite|FlowerVeil|DrainingKiss,DazzlingGleam,CalmMind,Protect|Modest||F|||50|]Basculegion||LifeOrb|Adaptability|WaveCrash,LastRespects,AquaJet,Protect|Adamant||M|||50|]Raichu||RaichuniteY|LightningRod|ZapCannon,FocusBlast,FakeOut,Protect|Timid||M|||50|
|showteam|p2|Charizard||CharizarditeY|Blaze|WeatherBall,HeatWave,SolarBeam,Protect|Modest||M|||50|]Whimsicott||CobaBerry|Prankster|Tailwind,Encore,Moonblast,Protect|Timid||F|||50|]Garchomp||LifeOrb|RoughSkin|Earthquake,DragonClaw,RockTomb,Protect|Adamant||F|||50|]Basculegion||ChoiceScarf|Adaptability|Liquidation,LastRespects,FlipTurn,AquaJet|Jolly||M|||50|]Incineroar||SitrusBerry|Intimidate|FakeOut,FlareBlitz,DarkestLariat,PartingShot|Careful||M|||50|]Ninetales-Alola||FocusSash|SnowWarning|Blizzard,FreezeDry,Encore,Protect|Timid||M|||50|
|inactive|Battle timer is ON: inactive players will automatically lose when time's up. (requested by metalblackknight)
|inactive|CharmanditoABM has 60 seconds left.
|inactive|metalblackknight has 60 seconds left.
|
|t:|1784935602
|teamsize|p1|4
|teamsize|p2|4
|start
|switch|p1a: Incineroar|Incineroar, L50, F|100/100
|switch|p1b: Floette|Floette-Eternal, L50, F|100/100
|switch|p2a: Whimsicott|Whimsicott, L50, F|100/100
|switch|p2b: Basculegion|Basculegion, L50, M|100/100
|-ability|p1a: Incineroar|Intimidate|boost
|-unboost|p2a: Whimsicott|atk|1
|-unboost|p2b: Basculegion|atk|1
|turn|1
|
|t:|1784935619
|detailschange|p1b: Floette|Floette-Mega, L50, F
|-mega|p1b: Floette|Floette|Floettite
|-ability|p1b: Floette|Fairy Aura
|move|p2a: Whimsicott|Protect|p2a: Whimsicott
|-singleturn|p2a: Whimsicott|Protect
|move|p2b: Basculegion|Flip Turn|p1a: Incineroar
|-supereffective|p1a: Incineroar|1
|-damage|p1a: Incineroar|58/100
|
|t:|1784935627
|switch|p2b: Charizard|Charizard, L50, M|100/100|[from] Flip Turn
|move|p1b: Floette|Draining Kiss|p2b: Charizard
|-resisted|p2b: Charizard|1
|-damage|p2b: Charizard|79/100
|move|p1a: Incineroar|Throat Chop|p2b: Charizard
|-damage|p2b: Charizard|50/100g
|-start|p2b: Charizard|Throat Chop|[silent]
|
|upkeep
|turn|2
|
|t:|1784935652
|detailschange|p2b: Charizard|Charizard-Mega-Y, L50, M
|-mega|p2b: Charizard|Charizard|Charizardite Y
|-weather|SunnyDay|[from] ability: Drought|[of] p2b: Charizard
|move|p2a: Whimsicott|Moonblast|p1a: Incineroar
|-damage|p1a: Incineroar|18/100
|-enditem|p1a: Incineroar|Sitrus Berry|[eat]
|-heal|p1a: Incineroar|43/100|[from] item: Sitrus Berry
|move|p1b: Floette|Calm Mind|p1b: Floette
|-boost|p1b: Floette|spa|1
|-boost|p1b: Floette|spd|1
|move|p2b: Charizard|Heat Wave|p1a: Incineroar|[spread] p1a,p1b
|-resisted|p1a: Incineroar|1
|-damage|p1a: Incineroar|17/100
|-damage|p1b: Floette|71/100
|move|p1a: Incineroar|Parting Shot|p2b: Charizard
|-unboost|p2b: Charizard|atk|1
|-unboost|p2b: Charizard|spa|1
|
|t:|1784935667
|switch|p1a: Basculegion|Basculegion, L50, M|100/100|[from] Parting Shot
|
|-weather|SunnyDay|[upkeep]
|-end|p2b: Charizard|Throat Chop|[silent]
|upkeep
|turn|3
|inactive|metalblackknight has 30 seconds left.
|
|t:|1784935695
|switch|p2b: Garchomp|Garchomp, L50, F|100/100
|move|p2a: Whimsicott|Encore|p1b: Floette
|-start|p1b: Floette|Encore
|move|p1a: Basculegion|Aqua Jet|p2b: Garchomp
|-damage|p2b: Garchomp|84/100
|-damage|p1a: Basculegion|87/100|[from] ability: Rough Skin|[of] p2b: Garchomp
|-damage|p1a: Basculegion|77/100|[from] item: Life Orb
|move|p1b: Floette|Calm Mind|p1b: Floette
|-boost|p1b: Floette|spa|1
|-boost|p1b: Floette|spd|1
|
|-weather|SunnyDay|[upkeep]
|upkeep
|turn|4
|
|t:|1784935711
|switch|p1a: Incineroar|Incineroar, L50, F|17/100
|-ability|p1a: Incineroar|Intimidate|boost
|-unboost|p2a: Whimsicott|atk|1
|-unboost|p2b: Garchomp|atk|1
|move|p2a: Whimsicott|Tailwind|p2a: Whimsicott
|-sidestart|p2: metalblackknight|move: Tailwind
|move|p2b: Garchomp|Earthquake|p1b: Floette|[spread] p2a,p1a,p1b
|-resisted|p2a: Whimsicott|1
|-supereffective|p1a: Incineroar|1
|-damage|p2a: Whimsicott|74/100
|-damage|p1a: Incineroar|0 fnt
|-damage|p1b: Floette|34/100
|faint|p1a: Incineroar
|-damage|p2b: Garchomp|74/100|[from] item: Life Orb
|move|p1b: Floette|Calm Mind|p1b: Floette
|-boost|p1b: Floette|spa|1
|-boost|p1b: Floette|spd|1
|
|-weather|SunnyDay|[upkeep]
|upkeep
|
|t:|1784935727
|switch|p1a: Sinistcha|Sinistcha, L50|100/100
|-heal|p1b: Floette|59/100|[from] ability: Hospitality|[of] p1a: Sinistcha
|turn|5
|
|t:|1784935734
|move|p2a: Whimsicott|Moonblast|p1b: Floette
|-damage|p1b: Floette|42/100
|move|p2b: Garchomp|Earthquake|p1a: Sinistcha|[spread] p2a,p1a,p1b
|-resisted|p2a: Whimsicott|1
|-resisted|p1a: Sinistcha|1
|-damage|p2a: Whimsicott|46/100
|-damage|p1a: Sinistcha|85/100
|-damage|p1b: Floette|4/100
|-damage|p2b: Garchomp|64/100|[from] item: Life Orb
|move|p1b: Floette|Calm Mind|p1b: Floette
|-boost|p1b: Floette|spa|1
|-boost|p1b: Floette|spd|1
|move|p1a: Sinistcha|Matcha Gotcha|p2b: Garchomp|[spread] p2a,p2b
|-resisted|p2a: Whimsicott|1
|-damage|p2a: Whimsicott|24/100
|-heal|p1a: Sinistcha|93/100|[from] drain|[of] p2a: Whimsicott
|-damage|p2b: Garchomp|41/100
|-heal|p1a: Sinistcha|100/100|[from] drain|[of] p2b: Garchomp
|
|-weather|SunnyDay|[upkeep]
|-end|p1b: Floette|Encore
|upkeep
|turn|6
|inactive|metalblackknight has 30 seconds left.
|
|t:|1784935760
|switch|p1a: Basculegion|Basculegion, L50, M|77/100
|move|p2a: Whimsicott|Protect|p2a: Whimsicott
|-singleturn|p2a: Whimsicott|Protect
|move|p1b: Floette|Protect|p1b: Floette
|-singleturn|p1b: Floette|Protect
|move|p2b: Garchomp|Earthquake|p1b: Floette|[spread] p1a
|-activate|p2a: Whimsicott|move: Protect
|-activate|p1b: Floette|move: Protect
|-damage|p1a: Basculegion|37/100
|-damage|p2b: Garchomp|32/100|[from] item: Life Orb
|
|-weather|none
|upkeep
|turn|7
|
|t:|1784935781
|switch|p2a: Charizard|Charizard-Mega-Y, L50, M|50/100g
|-weather|SunnyDay|[from] ability: Drought|[of] p2a: Charizard
|move|p1a: Basculegion|Aqua Jet|p2b: Garchomp
|-damage|p2b: Garchomp|17/100
|-damage|p1a: Basculegion|25/100|[from] ability: Rough Skin|[of] p2b: Garchomp
|-damage|p1a: Basculegion|15/100|[from] item: Life Orb
|move|p2b: Garchomp|Earthquake|p1a: Basculegion|[spread] p1a,p1b
|-immune|p2a: Charizard
|-damage|p1a: Basculegion|0 fnt
|-damage|p1b: Floette|0 fnt
|faint|p1a: Basculegion
|faint|p1b: Floette
|-damage|p2b: Garchomp|7/100|[from] item: Life Orb
|
|-weather|SunnyDay|[upkeep]
|-sideend|p2: metalblackknight|move: Tailwind
|upkeep
|-message|CharmanditoABM forfeited.
|
|win|metalblackknight
