|j|☆Pickle315
|j|☆JustAddBacon
|html|Pickle315JustAddBacon    
|uhtml|bestof|Game 1 of a best-of-3
|t:|1757738363
|gametype|doubles
|player|p1|Pickle315|hilbert|1079
|player|p2|JustAddBacon|palmer|1108
|gen|9
|tier|[Gen 9] VGC 2025 Reg H (Bo3)
|rated|
|rule|Species Clause: Limit one of each Pokémon
|rule|Item Clause: Limit 1 of each item
|clearpoke
|poke|p1|Torkoal, L50, M|
|poke|p1|Amoonguss, L50, M|
|poke|p1|Charizard, L50, M|
|poke|p1|Kingambit, L50, F|
|poke|p1|Rillaboom, L50, F|
|poke|p1|Dragapult, L50, F|
|poke|p2|Rillaboom, L50, M|
|poke|p2|Chesnaught, L50, F|
|poke|p2|Incineroar, L50, F|
|poke|p2|Arboliva, L50, M|
|poke|p2|Porygon2, L50|
|poke|p2|Sinistcha-Masterpiece, L50|
|teampreview|4
|showteam|p1|Torkoal||CovertCloak|Drought|BodyPress,ClearSmog,HelpingHand,WillOWisp|||M|||50|,,,,,Fighting]Amoonguss||RockyHelmet|Regenerator|PollenPuff,RagePowder,Spore,Synthesis|||M|||50|,,,,,Water]Charizard||LifeOrb|SolarPower|TeraBlast,HeatWave,Protect,SolarBeam|||M|||50|,,,,,Flying]Kingambit||AssaultVest|Defiant|KowtowCleave,IronHead,SuckerPunch,BrickBreak|||F|||50|,,,,,Ghost]Rillaboom||SitrusBerry|GrassySurge|HighHorsepower,GrassyGlide,SolarBlade,FakeOut|||F|||50|,,,,,Electric]Dragapult||ColburBerry|ClearBody|SunnyDay,Protect,DracoMeteor,Thunderbolt|||F|||50|,,,,,Steel
|showteam|p2|Rillaboom||AssaultVest|GrassySurge|FakeOut,GrassyGlide,Uturn,KnockOff|||M|||50|,,,,,Water]Chesnaught||SitrusBerry|Bulletproof|BellyDrum,GrassyGlide,DrainPunch,SpikyShield|||F|||50|,,,,,Fire]Incineroar||SafetyGoggles|Intimidate|FakeOut,PartingShot,KnockOff,FlareBlitz|||F|||50|,,,,,Water]Arboliva||GrassySeed|SeedSower|GigaDrain,TerrainPulse,LeechSeed,Protect|||M|||50|,,,,,Ghost]Porygon2||Eviolite|Download|TrickRoom,Recover,IceBeam,TeraBlast||||||50|,,,,,Fighting]Sinistcha-Masterpiece||Leftovers|Hospitality|MatchaGotcha,RagePowder,TrickRoom,Protect||||||50|,,,,,Water
|inactive|Battle timer is ON: inactive players will automatically lose when time's up. (requested by Pickle315)
|inactive|JustAddBacon has 60 seconds left.
|inactive|JustAddBacon has 30 seconds left.
|inactive|JustAddBacon has 20 seconds left.
|inactive|JustAddBacon has 15 seconds left.
|inactive|JustAddBacon has 10 seconds left.
|
|t:|1757738476
|teamsize|p1|4
|teamsize|p2|4
|start
|switch|p1a: Charizard|Charizard, L50, M|100/100
|switch|p1b: Amoonguss|Amoonguss, L50, M|100/100
|switch|p2a: Chesnaught|Chesnaught, L50, F|100/100
|switch|p2b: Rillaboom|Rillaboom, L50, M|100/100
|-fieldstart|move: Grassy Terrain|[from] ability: Grassy Surge|[of] p2b: Rillaboom
|turn|1
|inactive|JustAddBacon has 30 seconds left.
|inactive|Pickle315 has 30 seconds left.
|inactive|JustAddBacon has 20 seconds left.
|inactive|JustAddBacon has 15 seconds left.
|
|t:|1757738517
|move|p1a: Charizard|Protect|p1a: Charizard
|-singleturn|p1a: Charizard|Protect
|move|p2b: Rillaboom|Fake Out|p1a: Charizard
|-activate|p1a: Charizard|move: Protect
|move|p2a: Chesnaught|Belly Drum|p2a: Chesnaught
|-damage|p2a: Chesnaught|50/100
|-setboost|p2a: Chesnaught|atk|6|[from] move: Belly Drum
|-enditem|p2a: Chesnaught|Sitrus Berry|[eat]
|-heal|p2a: Chesnaught|75/100|[from] item: Sitrus Berry
|move|p1b: Amoonguss|Pollen Puff|p2b: Rillaboom
|-supereffective|p2b: Rillaboom
|-damage|p2b: Rillaboom|72/100
|
|-heal|p2b: Rillaboom|77/100|[from] Grassy Terrain
|-heal|p2a: Chesnaught|81/100|[from] Grassy Terrain
|upkeep
|turn|2
|inactive|JustAddBacon has 30 seconds left.
|inactive|JustAddBacon has 20 seconds left.
|inactive|JustAddBacon has 15 seconds left.
|inactive|JustAddBacon has 10 seconds left.
|inactive|JustAddBacon has 5 seconds left.
|
|t:|1757738571
|switch|p1b: Torkoal|Torkoal, L50, M|100/100
|-weather|SunnyDay|[from] ability: Drought|[of] p1b: Torkoal
|-terastallize|p1a: Charizard|Flying
|-terastallize|p2a: Chesnaught|Fire
|move|p1a: Charizard|Tera Blast|p2a: Chesnaught|[anim] Tera Blast Flying
|-damage|p2a: Chesnaught|0 fnt
|faint|p2a: Chesnaught
|-damage|p1a: Charizard|91/100|[from] item: Life Orb
|move|p2b: Rillaboom|Knock Off|p1a: Charizard
|-damage|p1a: Charizard|37/100
|-enditem|p1a: Charizard|Life Orb|[from] move: Knock Off|[of] p2b: Rillaboom
|
|-weather|SunnyDay|[upkeep]
|-damage|p1a: Charizard|25/100|[from] ability: Solar Power|[of] p1a: Charizard
|-heal|p2b: Rillaboom|83/100|[from] Grassy Terrain
|upkeep
|
|t:|1757738590
|switch|p2a: Incineroar|Incineroar, L50, F|100/100
|-ability|p2a: Incineroar|Intimidate|boost
|-unboost|p1a: Charizard|atk|1
|-unboost|p1b: Torkoal|atk|1
|turn|3
|inactive|JustAddBacon has 30 seconds left.
|inactive|JustAddBacon has 20 seconds left.
|
|t:|1757738628
|move|p1a: Charizard|Protect|p1a: Charizard
|-singleturn|p1a: Charizard|Protect
|move|p2a: Incineroar|Fake Out|p1a: Charizard
|-activate|p1a: Charizard|move: Protect
|move|p2b: Rillaboom|U-turn|p1b: Torkoal
|-resisted|p1b: Torkoal
|-damage|p1b: Torkoal|93/100
|
|t:|1757738635
|switch|p2b: Porygon2|Porygon2, L50|100/100|[from] U-turn
|-ability|p2b: Porygon2|Download|boost
|-boost|p2b: Porygon2|spa|1
|move|p1b: Torkoal|Body Press|p2a: Incineroar
|-supereffective|p2a: Incineroar
|-damage|p2a: Incineroar|40/100
|
|-weather|SunnyDay|[upkeep]
|-damage|p1a: Charizard|12/100|[from] ability: Solar Power|[of] p1a: Charizard
|-heal|p2a: Incineroar|46/100|[from] Grassy Terrain
|-heal|p1b: Torkoal|99/100|[from] Grassy Terrain
|upkeep
|turn|4
|inactive|JustAddBacon has 30 seconds left.
|
|t:|1757738662
|switch|p2a: Rillaboom|Rillaboom, L50, M|83/100
|move|p1a: Charizard|Heat Wave|p2b: Porygon2|[spread] p2a,p2b
|-supereffective|p2a: Rillaboom
|-damage|p2a: Rillaboom|0 fnt
|-damage|p2b: Porygon2|58/100
|faint|p2a: Rillaboom
|move|p2b: Porygon2|Tera Blast|p1b: Torkoal
|-damage|p1b: Torkoal|38/100
|move|p1b: Torkoal|Body Press|p2b: Porygon2
|-supereffective|p2b: Porygon2
|-damage|p2b: Porygon2|19/100
|
|-weather|SunnyDay|[upkeep]
|-damage|p1a: Charizard|0 fnt|[from] ability: Solar Power|[of] p1a: Charizard
|faint|p1a: Charizard
|-heal|p2b: Porygon2|25/100|[from] Grassy Terrain
|-heal|p1b: Torkoal|44/100|[from] Grassy Terrain
|upkeep
|
|t:|1757738679
|switch|p1a: Amoonguss|Amoonguss, L50, M|100/100
|switch|p2a: Incineroar|Incineroar, L50, F|46/100
|-ability|p2a: Incineroar|Intimidate|boost
|-unboost|p1a: Amoonguss|atk|1
|-unboost|p1b: Torkoal|atk|1
|turn|5
|inactive|JustAddBacon has 30 seconds left.
|
|t:|1757738711
|move|p2a: Incineroar|Fake Out|p1a: Amoonguss
|-damage|p1a: Amoonguss|89/100
|-damage|p2a: Incineroar|30/100|[from] item: Rocky Helmet|[of] p1a: Amoonguss
|move|p2b: Porygon2|Tera Blast|p1b: Torkoal
|-damage|p1b: Torkoal|0 fnt
|faint|p1b: Torkoal
|cant|p1a: Amoonguss|flinch
|
|-weather|SunnyDay|[upkeep]
|-heal|p2a: Incineroar|36/100|[from] Grassy Terrain
|-heal|p2b: Porygon2|32/100|[from] Grassy Terrain
|-heal|p1a: Amoonguss|95/100|[from] Grassy Terrain
|-fieldend|move: Grassy Terrain
|upkeep
|
|t:|1757738722
|switch|p1b: Kingambit|Kingambit, L50, F|100/100
|turn|6
|
|t:|1757738742
|move|p2a: Incineroar|Flare Blitz|p1b: Kingambit
|-supereffective|p1b: Kingambit
|-damage|p1b: Kingambit|0 fnt
|faint|p1b: Kingambit
|-damage|p2a: Incineroar|2/100|[from] Recoil
|move|p2b: Porygon2|Recover|p2b: Porygon2
|-heal|p2b: Porygon2|82/100
|move|p1a: Amoonguss|Spore|p2b: Porygon2
|-status|p2b: Porygon2|slp|[from] move: Spore
|
|-weather|none
|upkeep
|turn|7
|
|t:|1757738762
|move|p2a: Incineroar|Parting Shot|p1a: Amoonguss
|-unboost|p1a: Amoonguss|atk|1
|-unboost|p1a: Amoonguss|spa|1
|cant|p2b: Porygon2|slp
|move|p1a: Amoonguss|Pollen Puff|p2b: Porygon2
|-damage|p2b: Porygon2|73/100 slp
|
|upkeep
|turn|8
|
|t:|1757738774
|move|p2a: Incineroar|Parting Shot|p1a: Amoonguss
|-unboost|p1a: Amoonguss|atk|1
|-unboost|p1a: Amoonguss|spa|1
|cant|p2b: Porygon2|slp
|move|p1a: Amoonguss|Pollen Puff|p2a: Incineroar
|-damage|p2a: Incineroar|0 fnt
|faint|p2a: Incineroar
|
|upkeep
|turn|9
|
|t:|1757738784
|-curestatus|p2b: Porygon2|slp|[msg]
|move|p2b: Porygon2|Ice Beam|p1a: Amoonguss
|-supereffective|p1a: Amoonguss
|-damage|p1a: Amoonguss|45/100
|move|p1a: Amoonguss|Spore|p2b: Porygon2
|-status|p2b: Porygon2|slp|[from] move: Spore
|
|upkeep
|turn|10
|
|t:|1757738792
|cant|p2b: Porygon2|slp
|move|p1a: Amoonguss|Synthesis|p1a: Amoonguss
|-heal|p1a: Amoonguss|95/100
|
|upkeep
|turn|11
|
|t:|1757738798
|cant|p2b: Porygon2|slp
|move|p1a: Amoonguss|Pollen Puff|p2b: Porygon2
|-damage|p2b: Porygon2|67/100 slp
|
|upkeep
|turn|12
|
|t:|1757738804
|cant|p2b: Porygon2|slp
|move|p1a: Amoonguss|Pollen Puff|p2b: Porygon2
|-damage|p2b: Porygon2|61/100 slp
|
|upkeep
|turn|13
|
|t:|1757738811
|-curestatus|p2b: Porygon2|slp|[msg]
|move|p2b: Porygon2|Ice Beam|p1a: Amoonguss
|-supereffective|p1a: Amoonguss
|-damage|p1a: Amoonguss|49/100
|move|p1a: Amoonguss|Spore|p2b: Porygon2
|-status|p2b: Porygon2|slp|[from] move: Spore
|
|upkeep
|turn|14
|
|t:|1757738818
|cant|p2b: Porygon2|slp
|move|p1a: Amoonguss|Synthesis|p1a: Amoonguss
|-heal|p1a: Amoonguss|99/100
|
|upkeep
|turn|15
|
|t:|1757738824
|-curestatus|p2b: Porygon2|slp|[msg]
|move|p2b: Porygon2|Ice Beam|p1a: Amoonguss
|-supereffective|p1a: Amoonguss
|-damage|p1a: Amoonguss|48/100
|move|p1a: Amoonguss|Pollen Puff|p2b: Porygon2
|-damage|p2b: Porygon2|55/100
|
|upkeep
|turn|16
|
|t:|1757738834
|move|p2b: Porygon2|Ice Beam|p1a: Amoonguss
|-supereffective|p1a: Amoonguss
|-damage|p1a: Amoonguss|0 fnt
|faint|p1a: Amoonguss
|
|win|JustAddBacon
||Pickle315 is ready for game 2.
||JustAddBacon is ready for game 2.
|uhtml|next|Next: Game 2 of 3
