|j|☆kyoshi44
|j|☆Jomney
|html|kyoshi44Jomney    
|uhtml|bestof|Game 1 of a best-of-3
|t:|1757840483
|gametype|doubles
|player|p1|kyoshi44|dawn-gen4pt|1070
|player|p2|Jomney|265|1086
|gen|9
|tier|[Gen 9] VGC 2025 Reg H (Bo3)
|rated|
|rule|Species Clause: Limit one of each Pokémon
|rule|Item Clause: Limit 1 of each item
|clearpoke
|poke|p1|Porygon2, L50|
|poke|p1|Hydreigon, L50, F|
|poke|p1|Garchomp, L50, F|
|poke|p1|Amoonguss, L50, F|
|poke|p1|Gholdengo, L50|
|poke|p1|Incineroar, L50, M|
|poke|p2|Garchomp, L50, M|
|poke|p2|Clefairy, L50, F|
|poke|p2|Gardevoir, L50, M|
|poke|p2|Talonflame, L50, M|
|poke|p2|Scizor, L50, M|
|poke|p2|Indeedee-F, L50, F|
|teampreview|4
|showteam|p1|Porygon2||Eviolite|Download|TeraBlast,IceBeam,TrickRoom,Recover||||||50|,,,,,Fighting]Hydreigon||SafetyGoggles|Levitate|Snarl,DracoMeteor,Tailwind,Protect|||F|||50|,,,,,Ghost]Garchomp||ClearAmulet|RoughSkin|DragonClaw,Earthquake,StompingTantrum,Protect|||F|||50|,,,,,Fire]Amoonguss||CovertCloak|Regenerator|PollenPuff,Spore,RagePowder,Protect|||F|||50|,,,,,Water]Gholdengo||LifeOrb|GoodasGold|MakeItRain,ShadowBall,NastyPlot,Protect||||||50|,,,,,Flying]Incineroar||AssaultVest|Intimidate|FlareBlitz,KnockOff,FakeOut,Uturn|||M|||50|,,,,,Ghost
|showteam|p2|Garchomp||LifeOrb|RoughSkin|SwordsDance,Earthquake,DragonClaw,Protect|||M|||50|,,,,,Ground]Clefairy||Eviolite|FriendGuard|HelpingHand,Moonblast,FollowMe,Protect|||F|||50|,,,,,Grass]Gardevoir||FocusSash|Telepathy|Protect,Imprison,ExpandingForce,TrickRoom|||M|||50|,,,,,Ghost]Talonflame||CovertCloak|GaleWings|BraveBird,Tailwind,Taunt,Protect|||M|||50|,,,,,Ghost]Scizor||ClearAmulet|Technician|BulletPunch,KnockOff,CloseCombat,Protect|||M|||50|,,,,,Steel]Indeedee-F||SafetyGoggles|PsychicSurge|FollowMe,TrickRoom,HelpingHand,Psychic|||F|||50|,,,,,Fairy
|inactive|Battle timer is ON: inactive players will automatically lose when time's up. (requested by kyoshi44)
|inactive|kyoshi44 has 60 seconds left.
|inactive|Jomney has 60 seconds left.
|inactive|Jomney has 30 seconds left.
|inactive|Jomney has 20 seconds left.
|
|t:|1757840559
|teamsize|p1|4
|teamsize|p2|4
|start
|switch|p1a: Porygon2|Porygon2, L50|100/100
|switch|p1b: Incineroar|Incineroar, L50, M|100/100
|switch|p2a: Clefairy|Clefairy, L50, F|100/100
|switch|p2b: Scizor|Scizor, L50, M, shiny|100/100
|-ability|p1b: Incineroar|Intimidate|boost
|-unboost|p2a: Clefairy|atk|1
|-fail|p2b: Scizor|unboost|[from] item: Clear Amulet|[of] p2b: Scizor
|-ability|p1a: Porygon2|Download|boost
|-boost|p1a: Porygon2|spa|1
|turn|1
|inactive|kyoshi44 has 30 seconds left.
|
|t:|1757840591
|move|p2b: Scizor|Protect|p2b: Scizor
|-singleturn|p2b: Scizor|Protect
|move|p2a: Clefairy|Protect|p2a: Clefairy
|-singleturn|p2a: Clefairy|Protect
|move|p1b: Incineroar|Flare Blitz|p2b: Scizor
|-activate|p2b: Scizor|move: Protect
|move|p1a: Porygon2|Trick Room|p1a: Porygon2
|-fieldstart|move: Trick Room|[of] p1a: Porygon2
|
|upkeep
|turn|2
|
|t:|1757840612
|move|p2a: Clefairy|Follow Me|p2a: Clefairy
|-singleturn|p2a: Clefairy|move: Follow Me
|move|p1a: Porygon2|Ice Beam|p2a: Clefairy
|-damage|p2a: Clefairy|68/100
|move|p1b: Incineroar|Flare Blitz|p2a: Clefairy
|-damage|p2a: Clefairy|25/100
|-damage|p1b: Incineroar|88/100|[from] Recoil
|move|p2b: Scizor|Close Combat|p1b: Incineroar
|-supereffective|p1b: Incineroar
|-damage|p1b: Incineroar|16/100
|-unboost|p2b: Scizor|def|1
|-unboost|p2b: Scizor|spd|1
|
|upkeep
|turn|3
|
|t:|1757840635
|move|p2a: Clefairy|Helping Hand|p2b: Scizor
|-singleturn|p2b: Scizor|Helping Hand|[of] p2a: Clefairy
|move|p2b: Scizor|Bullet Punch|p1b: Incineroar
|-resisted|p1b: Incineroar
|-damage|p1b: Incineroar|0 fnt
|faint|p1b: Incineroar
|move|p1a: Porygon2|Ice Beam|p2a: Clefairy
|-damage|p2a: Clefairy|0 fnt
|faint|p2a: Clefairy
|
|upkeep
|
|t:|1757840653
|switch|p2a: Gardevoir|Gardevoir, L50, M|100/100
|switch|p1b: Hydreigon|Hydreigon, L50, F|100/100
|turn|4
|inactive|kyoshi44 has 30 seconds left.
|inactive|kyoshi44 has 20 seconds left.
|
|t:|1757840690
|move|p2a: Gardevoir|Protect|p2a: Gardevoir
|-singleturn|p2a: Gardevoir|Protect
|move|p1b: Hydreigon|Protect|p1b: Hydreigon
|-singleturn|p1b: Hydreigon|Protect
|move|p1a: Porygon2|Ice Beam|p2a: Gardevoir
|-activate|p2a: Gardevoir|move: Protect
|move|p2b: Scizor|Close Combat|p1b: Hydreigon
|-activate|p1b: Hydreigon|move: Protect
|
|upkeep
|turn|5
|inactive|Jomney has 30 seconds left.
|inactive|Jomney has 20 seconds left.
|inactive|Jomney has 15 seconds left.
|inactive|Jomney has 10 seconds left.
|inactive|Jomney has 5 seconds left.
|
|t:|1757840745
|switch|p1a: Garchomp|Garchomp, L50, F|100/100
|move|p2a: Gardevoir|Protect|p2a: Gardevoir
|-singleturn|p2a: Gardevoir|Protect
|move|p2b: Scizor|Bullet Punch|p1b: Hydreigon
|-damage|p1b: Hydreigon|61/100
|move|p1b: Hydreigon|Snarl|p2b: Scizor|[spread] 
|-activate|p2a: Gardevoir|move: Protect
|-miss|p1b: Hydreigon|p2b: Scizor
|
|-fieldend|move: Trick Room
|upkeep
|turn|6
|inactive|Jomney has 30 seconds left.
|
|t:|1757840779
|-terastallize|p1a: Garchomp|Fire
|move|p1a: Garchomp|Earthquake|p2b: Scizor|[spread] p2a,p2b
|-immune|p1b: Hydreigon|[from] ability: Levitate
|-damage|p2a: Gardevoir|50/100
|-damage|p2b: Scizor|45/100
|move|p1b: Hydreigon|Tailwind|p1b: Hydreigon
|-sidestart|p1: kyoshi44|move: Tailwind
|move|p2a: Gardevoir|Imprison|p2a: Gardevoir
|-start|p2a: Gardevoir|move: Imprison
|move|p2b: Scizor|Close Combat|p1b: Hydreigon
|-supereffective|p1b: Hydreigon
|-damage|p1b: Hydreigon|0 fnt
|-unboost|p2b: Scizor|def|1
|-unboost|p2b: Scizor|spd|1
|faint|p1b: Hydreigon
|
|upkeep
|
|t:|1757840790
|switch|p1b: Porygon2|Porygon2, L50|100/100
|-ability|p1b: Porygon2|Download|boost
|-boost|p1b: Porygon2|atk|1
|turn|7
|
|t:|1757840816
|move|p1a: Garchomp|Stomping Tantrum|p2b: Scizor
|-damage|p2b: Scizor|0 fnt
|faint|p2b: Scizor
|move|p1b: Porygon2|Tera Blast|p2a: Gardevoir
|-damage|p2a: Gardevoir|10/100
|move|p2a: Gardevoir|Trick Room|p2a: Gardevoir
|-fieldstart|move: Trick Room|[of] p2a: Gardevoir
|
|upkeep
|
|t:|1757840823
|switch|p2b: Garchomp|Garchomp, L50, M, shiny|100/100
|turn|8
|
|t:|1757840831
|-terastallize|p2b: Garchomp|Ground
|move|p2a: Gardevoir|Expanding Force|p1a: Garchomp
|-damage|p1a: Garchomp|51/100
|move|p2b: Garchomp|Earthquake|p1b: Porygon2|[spread] p1a,p1b
|-activate|p2a: Gardevoir|ability: Telepathy
|-supereffective|p1a: Garchomp
|-damage|p1a: Garchomp|0 fnt
|-damage|p1b: Porygon2|48/100
|faint|p1a: Garchomp
|-damage|p2b: Garchomp|91/100|[from] item: Life Orb
|move|p1b: Porygon2|Ice Beam|p2b: Garchomp
|-supereffective|p2b: Garchomp
|-damage|p2b: Garchomp|26/100
|
|upkeep
|turn|9
|
|t:|1757840845
|move|p2a: Gardevoir|Expanding Force|p1b: Porygon2
|-damage|p1b: Porygon2|24/100
|move|p2b: Garchomp|Earthquake|p1b: Porygon2|[spread] p1b
|-activate|p2a: Gardevoir|ability: Telepathy
|-damage|p1b: Porygon2|0 fnt
|faint|p1b: Porygon2
|-damage|p2b: Garchomp|16/100|[from] item: Life Orb
|
|win|Jomney
||Jomney is ready for game 2.
||kyoshi44 is ready for game 2.
|uhtml|next|Next: Game 2 of 3
|l|☆kyoshi44
|player|p1|
|l|☆Jomney
|player|p2|
