|j|☆Blitzball Ace
|j|☆Metallicmadness
|html|Blitzball AceMetallicmadness    
|uhtml|bestof|Game 3 of a best-of-3
|t:|1755879133
|gametype|doubles
|player|p1|Blitzball Ace|kamado-armor|1326
|player|p2|Metallicmadness|byron|1410
|gen|9
|tier|[Gen 9] VGC 2025 Reg H (Bo3)
|rated|
|rule|Species Clause: Limit one of each Pokémon
|rule|Item Clause: Limit 1 of each item
|clearpoke
|poke|p1|Garchomp, L50, F|
|poke|p1|Incineroar, L50, M|
|poke|p1|Gholdengo, L50|
|poke|p1|Sneasler, L50, M|
|poke|p1|Dragonite, L50, M|
|poke|p1|Murkrow, L50, M|
|poke|p2|Kingambit, L50, M|
|poke|p2|Rillaboom, L50, F|
|poke|p2|Electabuzz, L50, M|
|poke|p2|Volcarona, L50, M|
|poke|p2|Sneasler, L50, M|
|poke|p2|Dragonite, L50, M|
|teampreview|4
|showteam|p1|Garchomp||ChoiceBand|RoughSkin|Earthquake,DragonClaw,StompingTantrum,PoisonJab|||F|||50|,,,,,Ground]Incineroar||SafetyGoggles|Intimidate|FakeOut,FlareBlitz,KnockOff,PartingShot|||M|||50|,,,,,Ghost]Gholdengo||ChoiceSpecs|GoodasGold|MakeItRain,ShadowBall,Trick,Thunderbolt||||||50|,,,,,Steel]Sneasler||WhiteHerb|Unburden|FakeOut,Protect,DireClaw,CloseCombat|||M|||50|,,,,,Flying]Dragonite||LoadedDice|Multiscale|ScaleShot,Haze,Tailwind,Protect|||M|||50|,,,,,Fairy]Murkrow||FocusSash|Prankster|Tailwind,Haze,Taunt,BraveBird|||M|||50|,,,,,Ghost
|showteam|p2|Kingambit||BlackGlasses|Defiant|KowtowCleave,Protect,SuckerPunch,SwordsDance|||M|||50|,,,,,Dark]Rillaboom||AssaultVest|GrassySurge|WoodHammer,HighHorsepower,GrassyGlide,FakeOut|||F|||50|,,,,,Fire]Electabuzz||Eviolite|VitalSpirit|Thunderbolt,Protect,HelpingHand,FollowMe|||M|||50|,,,,,Ghost]Volcarona||CovertCloak|FlameBody|HeatWave,QuiverDance,TeraBlast,Protect|||M|||50|,,,,,Fairy]Sneasler||FocusSash|Unburden|CloseCombat,DireClaw,Coaching,FakeOut|||M|||50|,,,,,Stellar]Dragonite||LoadedDice|Multiscale|ScaleShot,Haze,ExtremeSpeed,Protect|||M|||50|,,,,,Fairy
|inactive|Battle timer is ON: inactive players will automatically lose when time's up. (requested by Metallicmadness)
|
|t:|1755879161
|teamsize|p1|4
|teamsize|p2|4
|start
|switch|p1a: Kaladin|Garchomp, L50, F, shiny|100/100
|switch|p1b: Sneasler|Sneasler, L50, M|100/100
|switch|p2a: Volcarona|Volcarona, L50, M|100/100
|switch|p2b: Rillaboom|Rillaboom, L50, F|100/100
|-fieldstart|move: Grassy Terrain|[from] ability: Grassy Surge|[of] p2b: Rillaboom
|turn|1
|
|t:|1755879175
|move|p1b: Sneasler|Fake Out|p2b: Rillaboom
|-damage|p2b: Rillaboom|85/100
|cant|p2b: Rillaboom|flinch
|move|p1a: Kaladin|Poison Jab|p2b: Rillaboom
|-supereffective|p2b: Rillaboom
|-damage|p2b: Rillaboom|5/100
|move|p2a: Volcarona|Quiver Dance|p2a: Volcarona
|-boost|p2a: Volcarona|spa|1
|-boost|p2a: Volcarona|spd|1
|-boost|p2a: Volcarona|spe|1
|
|-heal|p2b: Rillaboom|11/100|[from] Grassy Terrain
|upkeep
|turn|2
|inactive|Metallicmadness has 30 seconds left.
|inactive|Metallicmadness has 20 seconds left.
|inactive|Metallicmadness has 15 seconds left.
|inactive|Metallicmadness has 10 seconds left.
|inactive|Metallicmadness has 5 seconds left.
|
|t:|1755879229
|switch|p1b: Dalinar|Incineroar, L50, M, shiny|100/100
|-ability|p1b: Dalinar|Intimidate|boost
|-unboost|p2a: Volcarona|atk|1
|-unboost|p2b: Rillaboom|atk|1
|move|p2a: Volcarona|Heat Wave|p1b: Dalinar|[spread] p1a,p1b
|-resisted|p1a: Kaladin
|-resisted|p1b: Dalinar
|-crit|p1b: Dalinar
|-damage|p1a: Kaladin|70/100
|-damage|p1b: Dalinar|64/100
|move|p1a: Kaladin|Poison Jab|p2a: Volcarona
|-damage|p2a: Volcarona|47/100
|move|p2b: Rillaboom|Wood Hammer|p1a: Kaladin
|-damage|p1a: Kaladin|14/100
|-damage|p2b: Rillaboom|0 fnt|[from] ability: Rough Skin|[of] p1a: Kaladin
|faint|p2b: Rillaboom
|
|-heal|p2a: Volcarona|53/100|[from] Grassy Terrain
|-heal|p1a: Kaladin|20/100|[from] Grassy Terrain
|-heal|p1b: Dalinar|70/100|[from] Grassy Terrain
|upkeep
|
|t:|1755879246
|switch|p2b: Kingambit|Kingambit, L50, M|100/100
|turn|3
|
|t:|1755879251
|move|p2a: Volcarona|Heat Wave|p1a: Kaladin|[spread] p1a,p1b
|-resisted|p1a: Kaladin
|-resisted|p1b: Dalinar
|-damage|p1a: Kaladin|0 fnt
|-damage|p1b: Dalinar|47/100
|faint|p1a: Kaladin
|move|p1b: Dalinar|Flare Blitz|p2a: Volcarona
|-damage|p2a: Volcarona|0 fnt
|faint|p2a: Volcarona
|-damage|p1b: Dalinar|32/100|[from] Recoil
|move|p2b: Kingambit|Swords Dance|p2b: Kingambit
|-boost|p2b: Kingambit|atk|2
|
|-heal|p1b: Dalinar|38/100|[from] Grassy Terrain
|upkeep
|
|t:|1755879267
|switch|p1a: Sneasler|Sneasler, L50, M|100/100
|switch|p2a: Sneasler|Sneasler, L50, M|100/100
|turn|4
|
|t:|1755879277
|move|p1a: Sneasler|Protect|p1a: Sneasler
|-singleturn|p1a: Sneasler|Protect
|move|p2a: Sneasler|Fake Out|p1a: Sneasler
|-activate|p1a: Sneasler|move: Protect
|move|p2b: Kingambit|Sucker Punch|p1b: Dalinar
|-resisted|p1b: Dalinar
|-damage|p1b: Dalinar|0 fnt
|faint|p1b: Dalinar
|
|upkeep
|
|t:|1755879283
|switch|p1b: Dragonite|Dragonite, L50, M|100/100
|turn|5
|
|t:|1755879301
|-terastallize|p2b: Kingambit|Dark
|move|p2b: Kingambit|Sucker Punch|p1a: Sneasler
|-resisted|p1a: Sneasler
|-damage|p1a: Sneasler|0 fnt
|faint|p1a: Sneasler
|move|p2a: Sneasler|Dire Claw|p1b: Dragonite
|-damage|p1b: Dragonite|74/100
|move|p1b: Dragonite|Scale Shot|p2a: Sneasler
|-damage|p2a: Sneasler|75/100
|-damage|p2a: Sneasler|50/100
|-damage|p2a: Sneasler|22/100
|-damage|p2a: Sneasler|0 fnt
|faint|p2a: Sneasler
|-hitcount|p2: Sneasler|4
|-unboost|p1b: Dragonite|def|1
|-boost|p1b: Dragonite|spe|1
|
|-fieldend|move: Grassy Terrain
|upkeep
|turn|6
|
|t:|1755879319
|-terastallize|p1b: Dragonite|Fairy
|move|p2b: Kingambit|Sucker Punch|p1b: Dragonite
|-resisted|p1b: Dragonite
|-damage|p1b: Dragonite|0 fnt
|faint|p1b: Dragonite
|
|win|Metallicmadness
|raw|Blitzball Ace's rating: 1326 → 1311(-15 for losing)
|raw|Metallicmadness's rating: 1410 → 1425(+15 for winning)
