|j|☆tidal otter
|j|☆sadkoolaid
|html|tidal ottersadkoolaid    
|uhtml|bestof|Game 3 of a best-of-3
|t:|1784402168
|gametype|doubles
|player|p1|tidal otter|siebold|
|player|p2|sadkoolaid|aaron|
|gen|9
|tier|[Gen 9 Champions] VGC 2026 Reg M-B (Bo3)
|rule|Species Clause: Limit one of each Pokémon
|rule|Item Clause: Limit 1 of each item
|clearpoke
|poke|p1|Charizard, L50, F|
|poke|p1|Venusaur, L50, M|
|poke|p1|Annihilape, L50, F|
|poke|p1|Maushold, L50|
|poke|p1|Grimmsnarl, L50, M|
|poke|p1|Glimmora, L50, F|
|poke|p2|Gengar, L50, F|
|poke|p2|Kommo-o, L50, M|
|poke|p2|Simisear, L50, F|
|poke|p2|Tyranitar, L50, M|
|poke|p2|Sneasler, L50, M|
|poke|p2|Sableye, L50, M|
|teampreview|4
|showteam|p1|Charizard||CharizarditeY|Blaze|HeatWave,SolarBeam,WeatherBall,Protect|Timid||F|||50|]Venusaur||LifeOrb|Chlorophyll|EarthPower,GigaDrain,SleepPowder,Protect|Modest||M|||50|]Annihilape||Leftovers|Defiant|RageFist,DrainPunch,BulkUp,Protect|Adamant||F|||50|]Maushold||ChopleBerry|FriendGuard|BeatUp,SuperFang,FollowMe,Protect|Jolly|||||50|]Grimmsnarl||LightClay|Prankster|FakeOut,LightScreen,Reflect,SpiritBreak|Adamant||M|||50|]Glimmora||FocusSash|ToxicDebris|PowerGem,SludgeBomb,DazzlingGleam,SpikyShield|Timid||F|||50|
|showteam|p2|Gengar||Gengarite|CursedBody|ShadowBall,SludgeBomb,PerishSong,Protect|Timid||F|||50|]Kommo-o||Leftovers|Soundproof|ClangingScales,Protect,AuraSphere,ClangorousSoul|Modest||M|||50|]Simisear||Charcoal|Blaze|FakeOut,Protect,Yawn,HeatWave|Hasty||F|||50|]Tyranitar||Tyranitarite|SandStream|Protect,Assurance,RockSlide,DragonDance|Adamant||M|||50|]Sneasler||WhiteHerb|Unburden|DireClaw,FakeOut,Acrobatics,CloseCombat|Adamant||M|||50|]Sableye||RoseliBerry|Prankster|Feint,Encore,ThunderWave,Hex|Relaxed||M|||50|
|
|t:|1784402207
|teamsize|p1|4
|teamsize|p2|4
|start
|switch|p1a: Levia|Grimmsnarl, L50, M|100/100
|switch|p1b: Zirconis|Glimmora, L50, F|100/100
|switch|p2a: 13800/69|Sneasler, L50, M|100/100
|switch|p2b: 10x20|Gengar, L50, F|100/100
|turn|1
|
|t:|1784402226
|move|p1a: Levia|Fake Out|p2a: 13800/69
|-damage|p2a: 13800/69|77/100
|move|p2b: 10x20|Shadow Ball|p1b: Zirconis
|-damage|p1b: Zirconis|49/100
|cant|p2a: 13800/69|flinch
|move|p1b: Zirconis|Power Gem|p2b: 10x20
|-damage|p2b: 10x20|45/100
|
|upkeep
|turn|2
|
|t:|1784402245
|switch|p1b: Elefseria|Maushold, L50|100/100
|move|p1a: Levia|Light Screen|p1a: Levia
|-sidestart|p1: tidal otter|move: Light Screen
|move|p2b: 10x20|Shadow Ball|p1b: Elefseria
|-immune|p1b: Elefseria
|move|p2a: 13800/69|Dire Claw|p1a: Levia
|-supereffective|p1a: Levia|1
|-damage|p1a: Levia|17/100
|
|upkeep
|turn|3
|
|t:|1784402280
|move|p1a: Levia|Reflect|p1a: Levia
|-sidestart|p1: tidal otter|Reflect
|move|p1b: Elefseria|Beat Up|p2b: 10x20
|-supereffective|p2b: 10x20|1
|-damage|p2b: 10x20|35/100
|-start|p1b: Elefseria|Disable|Beat Up|[from] ability: Cursed Body|[of] p2b: 10x20
|-supereffective|p2b: 10x20|1
|-damage|p2b: 10x20|26/100
|-supereffective|p2b: 10x20|1
|-damage|p2b: 10x20|13/100
|-supereffective|p2b: 10x20|1
|-crit|p2b: 10x20
|-damage|p2b: 10x20|3/100
|-hitcount|p2b: 10x20|4
|move|p2b: 10x20|Sludge Bomb|p1a: Levia
|-supereffective|p1a: Levia|1
|-damage|p1a: Levia|0 fnt
|faint|p1a: Levia
|move|p2a: 13800/69|Close Combat|p1b: Elefseria
|-supereffective|p1b: Elefseria|1
|-enditem|p1b: Elefseria|Chople Berry|[eat]
|-enditem|p1b: Elefseria|Chople Berry|[weaken]
|-damage|p1b: Elefseria|41/100
|-unboost|p2a: 13800/69|def|1
|-unboost|p2a: 13800/69|spd|1
|-enditem|p2a: 13800/69|White Herb
|-clearnegativeboost|p2a: 13800/69|[silent]
|
|upkeep
|
|t:|1784402292
|switch|p1a: Skiadrum|Annihilape, L50, F|100/100
|turn|4
|
|t:|1784402317
|move|p2b: 10x20|Protect|p2b: 10x20
|-singleturn|p2b: 10x20|Protect
|move|p1b: Elefseria|Follow Me|p1b: Elefseria
|-singleturn|p1b: Elefseria|move: Follow Me
|move|p2a: 13800/69|Close Combat|p1b: Elefseria
|-supereffective|p1b: Elefseria|1
|-damage|p1b: Elefseria|0 fnt
|-unboost|p2a: 13800/69|def|1
|-unboost|p2a: 13800/69|spd|1
|faint|p1b: Elefseria
|move|p1a: Skiadrum|Bulk Up|p1a: Skiadrum
|-boost|p1a: Skiadrum|atk|1
|-boost|p1a: Skiadrum|def|1
|
|upkeep
|
|t:|1784402320
|switch|p1b: Zirconis|Glimmora, L50, F|49/100
|turn|5
|
|t:|1784402339
|move|p1b: Zirconis|Spiky Shield|p1b: Zirconis
|-singleturn|p1b: Zirconis|move: Protect
|move|p2a: 13800/69|Close Combat|p1b: Zirconis
|-activate|p1b: Zirconis|move: Protect
|-damage|p2a: 13800/69|64/100|[from] Spiky Shield|[of] p1b: Zirconis
|move|p2b: 10x20|Perish Song|p2b: 10x20
|-start|p1a: Skiadrum|perish3|[silent]
|-start|p1b: Zirconis|perish3|[silent]
|-start|p2a: 13800/69|perish3|[silent]
|-start|p2b: 10x20|perish3|[silent]
|-fieldactivate|move: Perish Song
|move|p1a: Skiadrum|Rage Fist|p2b: 10x20
|-supereffective|p2b: 10x20|1
|-damage|p2b: 10x20|0 fnt
|faint|p2b: 10x20
|
|-start|p2a: 13800/69|perish3
|-start|p1b: Zirconis|perish3
|-start|p1a: Skiadrum|perish3
|upkeep
|
|t:|1784402353
|switch|p2b: 133+67|Kommo-o, L50, M|100/100
|turn|6
|
|t:|1784402377
|move|p1b: Zirconis|Spiky Shield|p1b: Zirconis
|-singleturn|p1b: Zirconis|move: Protect
|move|p2b: 133+67|Protect|p2b: 133+67
|-singleturn|p2b: 133+67|Protect
|move|p2a: 13800/69|Close Combat|p1b: Zirconis
|-activate|p1b: Zirconis|move: Protect
|-damage|p2a: 13800/69|52/100|[from] Spiky Shield|[of] p1b: Zirconis
|move|p1a: Skiadrum|Rage Fist|p2a: 13800/69
|-damage|p2a: 13800/69|0 fnt
|faint|p2a: 13800/69
|
|-start|p1b: Zirconis|perish2
|-start|p1a: Skiadrum|perish2
|upkeep
|
|t:|1784402389
|switch|p2a: sqrt(40000)|Tyranitar, L50, M|100/100
|-weather|Sandstorm|[from] ability: Sand Stream|[of] p2a: sqrt(40000)
|turn|7
|j| Milkshook♡
|
|t:|1784402411
|detailschange|p2a: sqrt(40000)|Tyranitar-Mega, L50, M
|-mega|p2a: sqrt(40000)|Tyranitar|Tyranitarite
|move|p1b: Zirconis|Dazzling Gleam|p2a: sqrt(40000)|[spread] p2a,p2b
|-supereffective|p2a: sqrt(40000)|1
|-supereffective|p2b: 133+67|2
|-damage|p2a: sqrt(40000)|76/100
|-damage|p2b: 133+67|12/100
|move|p2b: 133+67|Clangorous Soul||[still]
|-fail|p2b: 133+67
|move|p2a: sqrt(40000)|Dragon Dance|p2a: sqrt(40000)
|-boost|p2a: sqrt(40000)|atk|1
|-boost|p2a: sqrt(40000)|spe|1
|move|p1a: Skiadrum|Drain Punch|p2b: 133+67
|-damage|p2b: 133+67|0 fnt
|faint|p2b: 133+67
|
|-weather|Sandstorm|[upkeep]
|-damage|p1a: Skiadrum|94/100|[from] Sandstorm
|-heal|p1a: Skiadrum|100/100|[from] item: Leftovers
|-start|p1b: Zirconis|perish1
|-start|p1a: Skiadrum|perish1
|upkeep
|turn|8
|c|☆tidal otter|fuh
|c|☆sadkoolaid|Gg
|
|t:|1784402422
|move|p2a: sqrt(40000)|Protect|p2a: sqrt(40000)
|-singleturn|p2a: sqrt(40000)|Protect
|move|p1b: Zirconis|Dazzling Gleam|p2a: sqrt(40000)
|-activate|p2a: sqrt(40000)|move: Protect
|move|p1a: Skiadrum|Drain Punch|p2a: sqrt(40000)
|-activate|p2a: sqrt(40000)|move: Protect
|
|-weather|Sandstorm|[upkeep]
|-damage|p1a: Skiadrum|94/100|[from] Sandstorm
|-heal|p1a: Skiadrum|100/100|[from] item: Leftovers
|-start|p1b: Zirconis|perish0
|-start|p1a: Skiadrum|perish0
|faint|p1b: Zirconis
|faint|p1a: Skiadrum
|
|win|sadkoolaid
|c|☆tidal otter|gg
|l|☆sadkoolaid
|player|p2|
