|j|☆carbinkpanthress
|j|☆LynxVGC
|html|carbinkpanthressLynxVGC    
|uhtml|bestof|Game 2 of a best-of-3
|t:|1784275507
|gametype|doubles
|player|p1|carbinkpanthress|carmine-festival|1180
|player|p2|LynxVGC|larry|1298
|gen|9
|tier|[Gen 9 Champions] VGC 2026 Reg M-B (Bo3)
|rated|
|rule|Species Clause: Limit one of each Pokémon
|rule|Item Clause: Limit 1 of each item
|clearpoke
|poke|p1|Gardevoir, L50, F|
|poke|p1|Talonflame, L50, M|
|poke|p1|Maushold, L50|
|poke|p1|Kingambit, L50, M|
|poke|p1|Kommo-o, L50, M|
|poke|p1|Basculegion, L50, M|
|poke|p2|Basculegion, L50, M|
|poke|p2|Kingambit, L50, M|
|poke|p2|Maushold, L50|
|poke|p2|Gardevoir, L50, F|
|poke|p2|Garchomp, L50, M|
|poke|p2|Talonflame, L50, F|
|teampreview|4
|showteam|p1|Gardevoir||Gardevoirite|Trace|HyperVoice,Psychic,Thunderbolt,Protect|Modest||F|||50|]Talonflame||SharpBeak|GaleWings|BraveBird,FlareBlitz,Tailwind,Protect|Jolly||M|||50|]Maushold||FocusSash|FriendGuard|SuperFang,AfterYou,FollowMe,Protect|Jolly|||||50|]Kingambit||ExpertBelt|Defiant|KowtowCleave,SuckerPunch,IronHead,LowKick|Jolly||M|||50|]Kommo-o||LifeOrb|Soundproof|ClangingScales,DracoMeteor,AuraSphere,Protect|Modest||M|||50|]Basculegion||ChoiceScarf|Adaptability|WaveCrash,FlipTurn,AquaJet,LastRespects|Jolly||M|||50|
|showteam|p2|Basculegion||ChoiceScarf|Adaptability|FlipTurn,AquaJet,WaveCrash,LastRespects|Jolly||M|||50|]Kingambit||BlackGlasses|Defiant|KowtowCleave,Protect,SuckerPunch,IronHead|Adamant||M|||50|]Maushold||FocusSash|FriendGuard|SuperFang,FollowMe,Taunt,Protect|Timid|||||50|]Gardevoir||Gardevoirite|Telepathy|HyperVoice,Psyshock,VacuumWave,Protect|Modest||F|||50|]Garchomp||LifeOrb|RoughSkin|DragonClaw,Earthquake,RockTomb,Protect|Jolly||M|||50|]Talonflame||SharpBeak|GaleWings|BraveBird,Tailwind,QuickGuard,FlareBlitz|Jolly||F|||50|
|
|t:|1784275538
|teamsize|p1|4
|teamsize|p2|4
|start
|switch|p1a: Gardevoir|Gardevoir, L50, F|100/100
|switch|p1b: Talonflame|Talonflame, L50, M|100/100
|switch|p2a: Basculegion|Basculegion, L50, M|100/100
|switch|p2b: Maushold|Maushold, L50|100/100
|-ability|p1a: Gardevoir|Friend Guard|Trace|[from] ability: Trace|[of] p2b: Maushold
|turn|1
|
|t:|1784275559
|detailschange|p1a: Gardevoir|Gardevoir-Mega, L50, F
|-mega|p1a: Gardevoir|Gardevoir|Gardevoirite
|move|p2b: Maushold|Protect|p2b: Maushold
|-singleturn|p2b: Maushold|Protect
|move|p2a: Basculegion|Aqua Jet|p1b: Talonflame
|-supereffective|p1b: Talonflame|1
|-damage|p1b: Talonflame|26/100
|move|p1b: Talonflame|Tailwind|p1b: Talonflame
|-sidestart|p1: carbinkpanthress|move: Tailwind
|move|p1a: Gardevoir|Hyper Voice|p2a: Basculegion|[spread] p2a
|-activate|p2b: Maushold|move: Protect
|-damage|p2a: Basculegion|52/100
|
|upkeep
|turn|2
|
|t:|1784275602
|move|p1b: Talonflame|Protect|p1b: Talonflame
|-singleturn|p1b: Talonflame|Protect
|move|p2a: Basculegion|Aqua Jet|p1a: Gardevoir
|-damage|p1a: Gardevoir|63/100
|move|p1a: Gardevoir|Hyper Voice|p2a: Basculegion|[spread] p2a,p2b
|-damage|p2a: Basculegion|4/100
|-damage|p2b: Maushold|30/100
|move|p2b: Maushold|Super Fang|p1a: Gardevoir|[miss]
|-miss|p2b: Maushold|p1a: Gardevoir
|
|upkeep
|turn|3
|
|t:|1784275634
|switch|p1b: Kommo-o|Kommo-o, L50, M|100/100
|move|p2b: Maushold|Protect|p2b: Maushold
|-singleturn|p2b: Maushold|Protect
|move|p2a: Basculegion|Aqua Jet|p1b: Kommo-o
|-resisted|p1b: Kommo-o|1
|-damage|p1b: Kommo-o|88/100
|move|p1a: Gardevoir|Hyper Voice|p2b: Maushold|[spread] p2a
|-activate|p2b: Maushold|move: Protect
|-damage|p2a: Basculegion|0 fnt
|faint|p2a: Basculegion
|
|upkeep
|
|t:|1784275644
|switch|p2a: Gardevoir|Gardevoir, L50, F|100/100
|turn|4
|
|t:|1784275655
|detailschange|p2a: Gardevoir|Gardevoir-Mega, L50, F
|-mega|p2a: Gardevoir|Gardevoir|Gardevoirite
|move|p1b: Kommo-o|Aura Sphere|p2b: Maushold
|-supereffective|p2b: Maushold|1
|-damage|p2b: Maushold|0 fnt
|faint|p2b: Maushold
|-damage|p1b: Kommo-o|78/100|[from] item: Life Orb
|move|p1a: Gardevoir|Hyper Voice|p2a: Gardevoir
|-damage|p2a: Gardevoir|46/100
|move|p2a: Gardevoir|Psyshock|p1b: Kommo-o
|-supereffective|p1b: Kommo-o|1
|-crit|p1b: Kommo-o
|-damage|p1b: Kommo-o|0 fnt
|faint|p1b: Kommo-o
|
|-sideend|p1: carbinkpanthress|move: Tailwind
|upkeep
|
|t:|1784275669
|switch|p2b: Kingambit|Kingambit, L50, M|100/100
|switch|p1b: Talonflame|Talonflame, L50, M|26/100
|turn|5
|
|t:|1784275704
|move|p2a: Gardevoir|Protect|p2a: Gardevoir
|-singleturn|p2a: Gardevoir|Protect
|move|p2b: Kingambit|Sucker Punch|p1a: Gardevoir
|-damage|p1a: Gardevoir|0 fnt
|faint|p1a: Gardevoir
|move|p1b: Talonflame|Flare Blitz|p2b: Kingambit
|-supereffective|p2b: Kingambit|1
|-damage|p2b: Kingambit|29/100
|-damage|p1b: Talonflame|0 fnt|[from] Recoil
|faint|p1b: Talonflame
|
|upkeep
|
|t:|1784275717
|switch|p1b: Basculegion|Basculegion, L50, M|100/100
|turn|6
|
|t:|1784275760
|move|p1b: Basculegion|Aqua Jet|p2b: Kingambit
|-damage|p2b: Kingambit|12/100
|move|p2a: Gardevoir|Hyper Voice|p1b: Basculegion
|-damage|p1b: Basculegion|17/100
|move|p2b: Kingambit|Kowtow Cleave|p1b: Basculegion
|-supereffective|p1b: Basculegion|1
|-damage|p1b: Basculegion|0 fnt
|faint|p1b: Basculegion
|
|win|LynxVGC
|raw|carbinkpanthress's rating: 1180 → 1163(-17 for losing)
|raw|LynxVGC's rating: 1298 → 1315(+17 for winning)
|c|☆LynxVGC|gg
