|j|☆MetMattone
|j|☆pressinblades
|html|MetMattonepressinblades    
|uhtml|bestof|Game 2 of a best-of-3
|t:|1783455060
|gametype|doubles
|player|p1|MetMattone|iono|1138
|player|p2|pressinblades|steven|1138
|gen|9
|tier|[Gen 9 Champions] VGC 2026 Reg M-B (Bo3)
|rated|
|rule|Species Clause: Limit one of each Pokémon
|rule|Item Clause: Limit 1 of each item
|clearpoke
|poke|p1|Whimsicott, L50, F|
|poke|p1|Floette-Eternal, L50, F|
|poke|p1|Charizard, L50, F|
|poke|p1|Garchomp, L50, M|
|poke|p1|Basculegion, L50, M|
|poke|p1|Kingambit, L50, F|
|poke|p2|Whimsicott, L50, M, shiny|
|poke|p2|Maushold, L50|
|poke|p2|Gardevoir, L50, M, shiny|
|poke|p2|Mamoswine, L50, F|
|poke|p2|Incineroar, L50, F, shiny|
|poke|p2|Rotom-Wash, L50|
|teampreview|4
|showteam|p1|Whimsicott||FocusSash|Prankster|Moonblast,Encore,Tailwind,Protect|Timid||F|||50|]Floette-Eternal||Floettite|FlowerVeil|Moonblast,DazzlingGleam,LightofRuin,Protect|Timid||F|||50|]Charizard||CharizarditeY|Blaze|WeatherBall,Protect,HeatWave,SolarBeam|Modest||F|||50|]Garchomp||LifeOrb|SandVeil|RockSlide,DragonClaw,Earthquake,Protect|Jolly||M|||50|]Basculegion||MysticWater|Adaptability|AquaJet,Protect,WaveCrash,LastRespects|Adamant||M|||50|]Kingambit||BlackGlasses|Defiant|SuckerPunch,KowtowCleave,LowKick,IronHead|Adamant||F|||50|
|showteam|p2|Whimsicott||OccaBerry|Prankster|Tailwind,Moonblast,Encore,LightScreen|Timid||M|||50|]Maushold||FocusSash|FriendGuard|Protect,FollowMe,SuperFang,Taunt|Bold|||||50|]Gardevoir||Gardevoirite|Trace|Protect,TrickRoom,HyperVoice,Psyshock|Modest||M|||50|]Mamoswine||ExpertBelt|Oblivious|Protect,IcicleSpear,RockSlide,HighHorsepower|Adamant||F|||50|]Incineroar||SitrusBerry|Intimidate|FakeOut,ThroatChop,PartingShot,FlareBlitz|Careful||F|||50|]Rotom-Wash||Leftovers|Levitate|Protect,Thunderbolt,HydroPump,WillOWisp|Modest|||||50|
|inactive|Battle timer is ON: inactive players will automatically lose when time's up. (requested by MetMattone)
|inactive|pressinblades has 60 seconds left.
|
|t:|1783455139
|teamsize|p1|4
|teamsize|p2|4
|start
|switch|p1a: Kingambit|Kingambit, L50, F|100/100
|switch|p1b: Charizard|Charizard, L50, F|100/100
|switch|p2a: Maushold|Maushold, L50|100/100
|switch|p2b: Gardevoir|Gardevoir, L50, M, shiny|100/100
|-ability|p2b: Gardevoir|Blaze|Trace|[from] ability: Trace|[of] p1b: Charizard
|turn|1
|inactive|pressinblades has 30 seconds left.
|
|t:|1783455170
|switch|p2b: Incineroar|Incineroar, L50, F, shiny|100/100
|-ability|p2b: Incineroar|Intimidate|boost
|-unboost|p1a: Kingambit|atk|1
|-ability|p1a: Kingambit|Defiant|boost
|-boost|p1a: Kingambit|atk|2
|-unboost|p1b: Charizard|atk|1
|detailschange|p1b: Charizard|Charizard-Mega-Y, L50, F
|-mega|p1b: Charizard|Charizard|Charizardite Y
|-weather|SunnyDay|[from] ability: Drought|[of] p1b: Charizard
|move|p2a: Maushold|Super Fang|p1a: Kingambit
|-damage|p1a: Kingambit|50/100y
|move|p1b: Charizard|Heat Wave|p2a: Maushold|[spread] p2a,p2b
|-resisted|p2b: Incineroar|1
|-damage|p2a: Maushold|32/100
|-damage|p2b: Incineroar|85/100
|move|p1a: Kingambit|Low Kick|p2a: Maushold
|-supereffective|p2a: Maushold|1
|-crit|p2a: Maushold
|-damage|p2a: Maushold|1/100
|
|-weather|SunnyDay|[upkeep]
|upkeep
|turn|2
|inactive|MetMattone has 30 seconds left.
|inactive|pressinblades has 30 seconds left.
|
|t:|1783455201
|switch|p1a: Basculegion|Basculegion, L50, M|100/100
|move|p2a: Maushold|Protect|p2a: Maushold
|-singleturn|p2a: Maushold|Protect
|move|p1b: Charizard|Heat Wave|p2b: Incineroar|[spread] p2b
|-activate|p2a: Maushold|move: Protect
|-resisted|p2b: Incineroar|1
|-damage|p2b: Incineroar|71/100
|move|p2b: Incineroar|Parting Shot|p1b: Charizard
|-unboost|p1b: Charizard|atk|1
|-unboost|p1b: Charizard|spa|1
|
|t:|1783455225
|switch|p2b: Rotom|Rotom-Wash, L50|100/100|[from] Parting Shot
|
|-weather|SunnyDay|[upkeep]
|upkeep
|turn|3
|
|t:|1783455244
|switch|p2a: Incineroar|Incineroar, L50, F, shiny|71/100
|-ability|p2a: Incineroar|Intimidate|boost
|-unboost|p1a: Basculegion|atk|1
|-unboost|p1b: Charizard|atk|1
|switch|p1b: Whimsicott|Whimsicott, L50, F|100/100
|move|p1a: Basculegion|Protect|p1a: Basculegion
|-singleturn|p1a: Basculegion|Protect
|move|p2b: Rotom|Thunderbolt|p1b: Whimsicott
|-resisted|p1b: Whimsicott|1
|-damage|p1b: Whimsicott|68/100
|
|-weather|SunnyDay|[upkeep]
|upkeep
|turn|4
|inactive|MetMattone has 30 seconds left.
|inactive|pressinblades has 30 seconds left.
|inactive|pressinblades has 20 seconds left.
|
|t:|1783455284
|switch|p1a: Kingambit|Kingambit, L50, F|50/100y
|move|p1b: Whimsicott|Tailwind|p1b: Whimsicott
|-sidestart|p1: MetMattone|move: Tailwind
|move|p2b: Rotom|Thunderbolt|p1a: Kingambit
|-damage|p1a: Kingambit|5/100
|move|p2a: Incineroar|Flare Blitz|p1b: Whimsicott
|-supereffective|p1b: Whimsicott|1
|-damage|p1b: Whimsicott|0 fnt
|faint|p1b: Whimsicott
|-damage|p2a: Incineroar|55/100|[from] Recoil
|
|-weather|SunnyDay|[upkeep]
|upkeep
|
|t:|1783455294
|switch|p1b: Basculegion|Basculegion, L50, M|100/100
|turn|5
|
|t:|1783455311
|switch|p2a: Maushold|Maushold, L50|1/100
|move|p1b: Basculegion|Protect|p1b: Basculegion
|-singleturn|p1b: Basculegion|Protect
|move|p1a: Kingambit|Low Kick|p2a: Maushold
|-supereffective|p2a: Maushold|1
|-crit|p2a: Maushold
|-damage|p2a: Maushold|0 fnt
|faint|p2a: Maushold
|move|p2b: Rotom|Thunderbolt|p1b: Basculegion
|-activate|p1b: Basculegion|move: Protect
|
|-weather|none
|upkeep
|
|t:|1783455331
|switch|p2a: Gardevoir|Gardevoir, L50, M, shiny|100/100
|-ability|p2a: Gardevoir|Adaptability|Trace|[from] ability: Trace|[of] p1b: Basculegion
|turn|6
|
|t:|1783455356
|move|p2a: Gardevoir|Protect|p2a: Gardevoir
|-singleturn|p2a: Gardevoir|Protect
|move|p1b: Basculegion|Last Respects|p2b: Rotom
|-damage|p2b: Rotom|26/100
|move|p1a: Kingambit|Kowtow Cleave|p2a: Gardevoir
|-activate|p2a: Gardevoir|move: Protect
|move|p2b: Rotom|Thunderbolt|p1a: Kingambit
|-damage|p1a: Kingambit|0 fnt
|faint|p1a: Kingambit
|
|-heal|p2b: Rotom|32/100|[from] item: Leftovers
|upkeep
|
|t:|1783455365
|switch|p1a: Charizard|Charizard-Mega-Y, L50, F|100/100
|-weather|SunnyDay|[from] ability: Drought|[of] p1a: Charizard
|turn|7
|
|t:|1783455378
|switch|p2a: Incineroar|Incineroar, L50, F, shiny|55/100
|-ability|p2a: Incineroar|Intimidate|boost
|-unboost|p1a: Charizard|atk|1
|-unboost|p1b: Basculegion|atk|1
|move|p2b: Rotom|Protect|p2b: Rotom
|-singleturn|p2b: Rotom|Protect
|move|p1a: Charizard|Heat Wave|p2b: Rotom|[spread] p2a
|-activate|p2b: Rotom|move: Protect
|-resisted|p2a: Incineroar|1
|-damage|p2a: Incineroar|35/100
|-enditem|p2a: Incineroar|Sitrus Berry|[eat]
|-heal|p2a: Incineroar|59/100|[from] item: Sitrus Berry
|move|p1b: Basculegion|Last Respects|p2a: Incineroar
|-resisted|p2a: Incineroar|1
|-damage|p2a: Incineroar|29/100
|
|-weather|SunnyDay|[upkeep]
|-heal|p2b: Rotom|38/100|[from] item: Leftovers
|-sideend|p1: MetMattone|move: Tailwind
|upkeep
|turn|8
|inactive|MetMattone has 30 seconds left.
|inactive|pressinblades has 30 seconds left.
|inactive|pressinblades has 20 seconds left.
|inactive|pressinblades has 15 seconds left.
|
|t:|1783455421
|switch|p2a: Gardevoir|Gardevoir, L50, M, shiny|100/100
|-ability|p2a: Gardevoir|Adaptability|Trace|[from] ability: Trace|[of] p1b: Basculegion
|move|p1a: Charizard|Protect|p1a: Charizard
|-singleturn|p1a: Charizard|Protect
|move|p1b: Basculegion|Wave Crash|p2a: Gardevoir
|-damage|p2a: Gardevoir|61/100
|-damage|p1b: Basculegion|89/100|[from] Recoil
|move|p2b: Rotom|Will-O-Wisp|p1b: Basculegion
|-status|p1b: Basculegion|brn
|
|-weather|SunnyDay|[upkeep]
|-heal|p2b: Rotom|44/100|[from] item: Leftovers
|-damage|p1b: Basculegion|83/100 brn|[from] brn
|upkeep
|turn|9
|inactive|pressinblades has 30 seconds left.
|inactive|MetMattone has 30 seconds left.
|
|t:|1783455451
|move|p2a: Gardevoir|Protect|p2a: Gardevoir
|-singleturn|p2a: Gardevoir|Protect
|move|p1a: Charizard|Heat Wave|p2b: Rotom|[spread] p2b
|-activate|p2a: Gardevoir|move: Protect
|-resisted|p2b: Rotom|1
|-damage|p2b: Rotom|15/100
|move|p1b: Basculegion|Last Respects|p2a: Gardevoir
|-activate|p2a: Gardevoir|move: Protect
|move|p2b: Rotom|Thunderbolt|p1a: Charizard
|-supereffective|p1a: Charizard|1
|-damage|p1a: Charizard|37/100
|
|-weather|SunnyDay|[upkeep]
|-heal|p2b: Rotom|21/100|[from] item: Leftovers
|-damage|p1b: Basculegion|77/100 brn|[from] brn
|upkeep
|turn|10
|inactive|pressinblades has 30 seconds left.
|inactive|pressinblades has 20 seconds left.
|inactive|pressinblades has 15 seconds left.
|inactive|pressinblades has 10 seconds left.
|
|t:|1783455497
|detailschange|p2a: Gardevoir|Gardevoir-Mega, L50, M, shiny
|-mega|p2a: Gardevoir|Gardevoir|Gardevoirite
|move|p1a: Charizard|Heat Wave|p2a: Gardevoir|[spread] p2a,p2b
|-resisted|p2b: Rotom|1
|-damage|p2a: Gardevoir|15/100
|-damage|p2b: Rotom|0 fnt
|faint|p2b: Rotom
|move|p2a: Gardevoir|Psyshock|p1a: Charizard
|-crit|p1a: Charizard
|-damage|p1a: Charizard|0 fnt
|faint|p1a: Charizard
|move|p1b: Basculegion|Last Respects|p2a: Gardevoir
|-supereffective|p2a: Gardevoir|1
|-damage|p2a: Gardevoir|0 fnt
|faint|p2a: Gardevoir
|
|-weather|SunnyDay|[upkeep]
|-damage|p1b: Basculegion|71/100 brn|[from] brn
|upkeep
|
|t:|1783455507
|switch|p2b: Incineroar|Incineroar, L50, F, shiny|29/100
|-ability|p2b: Incineroar|Intimidate|boost
|-unboost|p1b: Basculegion|atk|1
|turn|11
|
|t:|1783455514
|move|p1b: Basculegion|Protect|p1b: Basculegion
|-singleturn|p1b: Basculegion|Protect
|move|p2b: Incineroar|Throat Chop|p1b: Basculegion
|-activate|p1b: Basculegion|move: Protect
|
|-weather|none
|-damage|p1b: Basculegion|66/100 brn|[from] brn
|upkeep
|turn|12
|
|t:|1783455527
|move|p1b: Basculegion|Wave Crash|p2b: Incineroar
|-supereffective|p2b: Incineroar|1
|-damage|p2b: Incineroar|0 fnt
|faint|p2b: Incineroar
|-damage|p1b: Basculegion|57/100 brn|[from] Recoil
|
|win|MetMattone
|c|☆pressinblades|ggwp
||MetMattone is ready for game 3.
