|j|☆Caloteiros VGC
|j|☆hadukthegod
|html|Caloteiros VGChadukthegod    
|uhtml|bestof|Game 1 of a best-of-3
|t:|1785822231
|gametype|doubles
|player|p1|Caloteiros VGC|morty|1168
|player|p2|hadukthegod|hiker-gen4|1040
|gen|9
|tier|[Gen 9 Champions] VGC 2026 Reg M-B (Bo3)
|rated|
|rule|Species Clause: Limit one of each Pokémon
|rule|Item Clause: Limit 1 of each item
|clearpoke
|poke|p1|Raichu, L50, F|
|poke|p1|Sinistcha, L50|
|poke|p1|Incineroar, L50, M|
|poke|p1|Sylveon, L50, M|
|poke|p1|Hydreigon, L50, M|
|poke|p1|Metagross, L50|
|poke|p2|Kleavor, L50, F|
|poke|p2|Venusaur, L50, M|
|poke|p2|Kingambit, L50, M|
|poke|p2|Sableye, L50, M|
|poke|p2|Sylveon, L50, M|
|poke|p2|Krookodile, L50, M|
|teampreview|4
|showteam|p1|Raichu||RaichuniteY|LightningRod|ZapCannon,FocusBlast,FakeOut,Protect|Timid||F|||50|]Sinistcha||SitrusBerry|Hospitality|MatchaGotcha,RagePowder,TrickRoom,Protect|Bold|||||50|]Incineroar||ShucaBerry|Intimidate|FlareBlitz,DarkestLariat,PartingShot,FakeOut|Careful||M|||50|]Sylveon||FairyFeather|Pixilate|HyperVoice,Moonblast,CalmMind,Protect|Modest||M|||50|]Hydreigon||ChoiceScarf|Levitate|DracoMeteor,DarkPulse,EarthPower,Snarl|Modest||M|||50|]Metagross||Metagrossite|ClearBody|HardPress,BodyPress,PsychicFangs,Protect|Adamant|||||50|
|showteam|p2|Kleavor||FocusSash|Sharpness|XScissor,StoneAxe,Protect,Tailwind|Jolly||F|||50|]Venusaur||Venusaurite|Chlorophyll|GigaDrain,SludgeBomb,EarthPower,Protect|Modest||M|||50|]Kingambit||BlackGlasses|SupremeOverlord|SuckerPunch,KowtowCleave,SwordsDance,Protect|Brave||M|||50|]Sableye||LightClay|Prankster|Reflect,LightScreen,SunnyDay,Snarl|Calm||M|||50|]Sylveon||FairyFeather|Pixilate|HyperVoice,HyperBeam,QuickAttack,Protect|Modest||M|||50|]Krookodile||PasshoBerry|Intimidate|HighHorsepower,KnockOff,CloseCombat,Protect|Adamant||M|||50|
|inactive|Battle timer is ON: inactive players will automatically lose when time's up. (requested by Caloteiros VGC)
|inactive|hadukthegod has 60 seconds left.
|
|t:|1785822288
|teamsize|p1|4
|teamsize|p2|4
|start
|switch|p1a: Metagross|Metagross, L50|100/100
|switch|p1b: Hydreigon|Hydreigon, L50, M|100/100
|switch|p2a: Kleavor|Kleavor, L50, F|100/100
|switch|p2b: Krookodile|Krookodile, L50, M|100/100
|-ability|p2b: Krookodile|Intimidate|boost
|-fail|p1a: Metagross|unboost|[from] ability: Clear Body|[of] p1a: Metagross
|-unboost|p1b: Hydreigon|atk|1
|turn|1
|inactive|Caloteiros VGC has 30 seconds left.
|inactive|Caloteiros VGC has 20 seconds left.
|
|t:|1785822327
|switch|p1b: Incineroar|Incineroar, L50, M|100/100
|-ability|p1b: Incineroar|Intimidate|boost
|-unboost|p2a: Kleavor|atk|1
|-unboost|p2b: Krookodile|atk|1
|detailschange|p1a: Metagross|Metagross-Mega, L50
|-mega|p1a: Metagross|Metagross|Metagrossite
|move|p2a: Kleavor|Stone Axe|p1b: Incineroar
|-supereffective|p1b: Incineroar|1
|-damage|p1b: Incineroar|25/100
|-sidestart|p1: Caloteiros VGC|move: Stealth Rock
|move|p1a: Metagross|Body Press|p2b: Krookodile
|-supereffective|p2b: Krookodile|1
|-damage|p2b: Krookodile|23/100
|move|p2b: Krookodile|High Horsepower|p1a: Metagross
|-supereffective|p1a: Metagross|1
|-damage|p1a: Metagross|56/100
|
|upkeep
|turn|2
|inactive|hadukthegod has 30 seconds left.
|
|t:|1785822355
|move|p2a: Kleavor|Protect|p2a: Kleavor
|-singleturn|p2a: Kleavor|Protect
|move|p2b: Krookodile|Protect|p2b: Krookodile
|-singleturn|p2b: Krookodile|Protect
|move|p1b: Incineroar|Fake Out|p2b: Krookodile
|-activate|p2b: Krookodile|move: Protect
|move|p1a: Metagross|Hard Press|p2a: Kleavor
|-activate|p2a: Kleavor|move: Protect
|
|upkeep
|turn|3
|inactive|Caloteiros VGC has 30 seconds left.
|inactive|Caloteiros VGC has 20 seconds left.
|inactive|Caloteiros VGC has 15 seconds left.
|
|t:|1785822398
|switch|p2b: God|Venusaur, L50, M|100/100
|switch|p1b: Sinistcha|Sinistcha, L50|100/100
|-damage|p1b: Sinistcha|87/100|[from] Stealth Rock
|-heal|p1a: Metagross|80/100|[from] ability: Hospitality|[of] p1b: Sinistcha
|move|p2a: Kleavor|Tailwind|p2a: Kleavor
|-sidestart|p2: hadukthegod|move: Tailwind
|move|p1a: Metagross|Body Press|p2a: Kleavor
|-damage|p2a: Kleavor|55/100
|
|upkeep
|turn|4
|inactive|hadukthegod has 30 seconds left.
|
|t:|1785822425
|detailschange|p2b: God|Venusaur-Mega, L50, M
|-mega|p2b: God|Venusaur|Venusaurite
|move|p1a: Metagross|Protect|p1a: Metagross
|-singleturn|p1a: Metagross|Protect
|move|p2a: Kleavor|X-Scissor|p1a: Metagross
|-activate|p1a: Metagross|move: Protect
|move|p2b: God|Earth Power|p1a: Metagross
|-activate|p1a: Metagross|move: Protect
|move|p1b: Sinistcha|Trick Room|p1b: Sinistcha
|-fieldstart|move: Trick Room|[of] p1b: Sinistcha
|
|upkeep
|turn|5
|inactive|hadukthegod has 30 seconds left.
|
|t:|1785822453
|move|p2b: God|Protect|p2b: God
|-singleturn|p2b: God|Protect
|move|p1b: Sinistcha|Matcha Gotcha|p2a: Kleavor|[spread] p2a
|-activate|p2b: God|move: Protect
|-damage|p2a: Kleavor|16/100
|-heal|p1b: Sinistcha|100/100|[from] drain|[of] p2a: Kleavor
|-status|p2a: Kleavor|brn
|move|p1a: Metagross|Psychic Fangs|p2b: God
|-activate|p2b: God|move: Protect
|move|p2a: Kleavor|X-Scissor|p1a: Metagross
|-damage|p1a: Metagross|65/100
|
|-damage|p2a: Kleavor|10/100 brn|[from] brn
|upkeep
|turn|6
|inactive|Caloteiros VGC has 30 seconds left.
|
|t:|1785822479
|switch|p2b: Kingambit|Kingambit, L50, M|100/100
|move|p1b: Sinistcha|Matcha Gotcha|p2b: Kingambit|[spread] p2a,p2b
|-resisted|p2b: Kingambit|1
|-damage|p2a: Kleavor|0 fnt
|-damage|p2b: Kingambit|87/100
|faint|p2a: Kleavor
|move|p1a: Metagross|Psychic Fangs|p2b: Kingambit
|-immune|p2b: Kingambit
|
|-sideend|p2: hadukthegod|move: Tailwind
|upkeep
|
|t:|1785822498
|switch|p2a: Krookodile|Krookodile, L50, M|23/100
|-ability|p2a: Krookodile|Intimidate|boost
|-unboost|p1a: Metagross|atk|1
|-unboost|p1b: Sinistcha|atk|1
|turn|7
|inactive|Caloteiros VGC has 30 seconds left.
|inactive|hadukthegod has 30 seconds left.
|inactive|Caloteiros VGC has 20 seconds left.
|
|t:|1785822534
|move|p2b: Kingambit|Kowtow Cleave|p1b: Sinistcha
|-supereffective|p1b: Sinistcha|1
|-damage|p1b: Sinistcha|1/100
|-enditem|p1b: Sinistcha|Sitrus Berry|[eat]
|-heal|p1b: Sinistcha|25/100|[from] item: Sitrus Berry
|move|p1b: Sinistcha|Matcha Gotcha|p2a: Krookodile|[spread] p2a,p2b
|-supereffective|p2a: Krookodile|1
|-resisted|p2b: Kingambit|1
|-crit|p2b: Kingambit
|-damage|p2a: Krookodile|0 fnt
|-heal|p1b: Sinistcha|38/100|[from] drain|[of] p2a: Krookodile
|-damage|p2b: Kingambit|69/100
|-heal|p1b: Sinistcha|49/100|[from] drain|[of] p2b: Kingambit
|faint|p2a: Krookodile
|move|p1a: Metagross|Body Press|p2b: Kingambit
|-supereffective|p2b: Kingambit|2
|-damage|p2b: Kingambit|0 fnt
|faint|p2b: Kingambit
|-end|p2b: Kingambit|fallenundefined|[silent]
|
|upkeep
|-message|hadukthegod forfeited.
|
|win|Caloteiros VGC
||hadukthegod is ready for game 2.
|inactive|Caloteiros VGC has 30 seconds to confirm battle start!
||Caloteiros VGC is ready for game 2.
|uhtml|next|Next: Game 2 of 3
