|j|☆RosieMilo
|j|☆onxlaughtvgc
|html|RosieMiloonxlaughtvgc    
|uhtml|bestof|Game 2 of a best-of-3
|t:|1757859789
|gametype|doubles
|player|p1|RosieMilo|169|1085
|player|p2|onxlaughtvgc|veteran|1129
|gen|9
|tier|[Gen 9] VGC 2025 Reg H (Bo3)
|rated|
|rule|Species Clause: Limit one of each Pokémon
|rule|Item Clause: Limit 1 of each item
|clearpoke
|poke|p1|Ursaluna-Bloodmoon, L50, M|
|poke|p1|Dragonite, L50, F|
|poke|p1|Rillaboom, L50, M|
|poke|p1|Maushold, L50|
|poke|p1|Annihilape, L50, M|
|poke|p1|Gholdengo, L50|
|poke|p2|Kleavor, L50, F|
|poke|p2|Tyranitar, L50, F|
|poke|p2|Excadrill, L50, F|
|poke|p2|Garchomp, L50, F|
|poke|p2|Klefki, L50, M|
|poke|p2|Clodsire, L50, M|
|teampreview|4
|showteam|p1|Ursaluna-Bloodmoon||AssaultVest|MindsEye|BloodMoon,VacuumWave,EarthPower,HyperVoice|||M|||50|,,,,,Water]Dragonite||LoadedDice|Multiscale|ScaleShot,Tailwind,Haze,Protect|||F|||50|,,,,,Fairy]Rillaboom||MiracleSeed|GrassySurge|GrassyGlide,WoodHammer,HighHorsepower,FakeOut|||M|||50|,,,,,Fire]Maushold||FocusSash|FriendGuard|SuperFang,BeatUp,FollowMe,Protect||||||50|,,,,,Ghost]Annihilape||SitrusBerry|Defiant|RageFist,DrainPunch,BulkUp,Protect|||M|||50|,,,,,Fire]Gholdengo||LifeOrb|GoodasGold|MakeItRain,ShadowBall,NastyPlot,Protect||||||50|,,,,,Water
|showteam|p2|Kleavor||ChoiceBand|Sharpness|StoneAxe,AerialAce,NightSlash,CloseCombat|||F|||50|,,,,,Ghost]Tyranitar||AssaultVest|SandStream|RockSlide,KnockOff,LowKick,TeraBlast|||F|||50|,,,,,Flying]Excadrill||FocusSash|SandRush|Earthquake,RockSlide,IronHead,Protect|||F|||50|,,,,,Ground]Garchomp||BrightPowder|SandVeil|StompingTantrum,RockSlide,SwordsDance,Protect|||F|||50|,,,,,Fire]Klefki||LightClay|Prankster|Reflect,ThunderWave,DrainingKiss,LightScreen|||M|||50|,,,,,Water]Clodsire||Leftovers|WaterAbsorb|StompingTantrum,PoisonJab,Protect,Recover|||M|||50|,,,,,Poison
|inactive|Battle timer is ON: inactive players will automatically lose when time's up. (requested by RosieMilo)
|
|t:|1757859804
|teamsize|p1|4
|teamsize|p2|4
|start
|switch|p1a: Maushold|Maushold, L50|100/100
|switch|p1b: Annihilape|Annihilape, L50, M|100/100
|switch|p2a: Kleavor|Kleavor, L50, F|100/100
|switch|p2b: Klefki|Klefki, L50, M|100/100
|turn|1
|inactive|RosieMilo has 30 seconds left.
|inactive|RosieMilo has 20 seconds left.
|
|t:|1757859842
|move|p1b: Annihilape|Protect|p1b: Annihilape
|-singleturn|p1b: Annihilape|Protect
|move|p2b: Klefki|Thunder Wave|p1a: Maushold
|-status|p1a: Maushold|par
|move|p2a: Kleavor|Stone Axe|p1a: Maushold
|-enditem|p1a: Maushold|Focus Sash
|-damage|p1a: Maushold|1/100 par
|-sidestart|p1: RosieMilo|move: Stealth Rock
|move|p1a: Maushold|Super Fang|p2a: Kleavor
|-damage|p2a: Kleavor|50/100
|
|upkeep
|turn|2
|
|t:|1757859858
|cant|p1a: Maushold|par
|move|p2b: Klefki|Reflect|p2b: Klefki
|-sidestart|p2: onxlaughtvgc|Reflect
|move|p1b: Annihilape|Bulk Up|p1b: Annihilape
|-boost|p1b: Annihilape|atk|1
|-boost|p1b: Annihilape|def|1
|move|p2a: Kleavor|Stone Axe|p1a: Maushold
|-damage|p1a: Maushold|0 fnt
|faint|p1a: Maushold
|
|upkeep
|
|t:|1757859864
|switch|p1a: Rillaboom|Rillaboom, L50, M|100/100
|-damage|p1a: Rillaboom|88/100|[from] Stealth Rock
|-fieldstart|move: Grassy Terrain|[from] ability: Grassy Surge|[of] p1a: Rillaboom
|turn|3
|
|t:|1757859878
|move|p1a: Rillaboom|Grassy Glide|p2a: Kleavor
|-damage|p2a: Kleavor|11/100
|move|p2b: Klefki|Thunder Wave|p1b: Annihilape
|-status|p1b: Annihilape|par
|move|p2a: Kleavor|Stone Axe|p1a: Rillaboom
|-damage|p1a: Rillaboom|12/100
|move|p1b: Annihilape|Rage Fist|p2b: Klefki
|-damage|p2b: Klefki|82/100
|
|-heal|p2a: Kleavor|18/100|[from] Grassy Terrain
|-heal|p1a: Rillaboom|19/100|[from] Grassy Terrain
|-heal|p2b: Klefki|88/100|[from] Grassy Terrain
|upkeep
|turn|4
|inactive|onxlaughtvgc has 30 seconds left.
|inactive|onxlaughtvgc has 20 seconds left.
|inactive|onxlaughtvgc has 15 seconds left.
|inactive|onxlaughtvgc has 10 seconds left.
|inactive|onxlaughtvgc has 5 seconds left.
|
|t:|1757859932
|switch|p2a: Tyranitar|Tyranitar, L50, F|100/100
|-weather|Sandstorm|[from] ability: Sand Stream|[of] p2a: Tyranitar
|move|p1a: Rillaboom|Grassy Glide|p2a: Tyranitar
|-supereffective|p2a: Tyranitar
|-damage|p2a: Tyranitar|56/100
|move|p2b: Klefki|Draining Kiss|p1a: Rillaboom
|-damage|p1a: Rillaboom|0 fnt
|-heal|p2b: Klefki|100/100|[from] drain|[of] p1a: Rillaboom
|faint|p1a: Rillaboom
|move|p1b: Annihilape|Bulk Up|p1b: Annihilape
|-boost|p1b: Annihilape|atk|1
|-boost|p1b: Annihilape|def|1
|
|-weather|Sandstorm|[upkeep]
|-damage|p1b: Annihilape|94/100 par|[from] Sandstorm
|-heal|p2a: Tyranitar|61/100|[from] Grassy Terrain
|-heal|p1b: Annihilape|100/100 par|[from] Grassy Terrain
|upkeep
|
|t:|1757859941
|switch|p1a: Ursaluna|Ursaluna-Bloodmoon, L50, M|100/100
|-damage|p1a: Ursaluna|95/100|[from] Stealth Rock
|turn|5
|
|t:|1757859960
|move|p2b: Klefki|Light Screen|p2b: Klefki
|-sidestart|p2: onxlaughtvgc|move: Light Screen
|move|p2a: Tyranitar|Knock Off|p1a: Ursaluna
|-damage|p1a: Ursaluna|51/100
|-enditem|p1a: Ursaluna|Assault Vest|[from] move: Knock Off|[of] p2a: Tyranitar
|move|p1a: Ursaluna|Hyper Voice|p2b: Klefki|[spread] p2a,p2b
|-resisted|p2a: Tyranitar
|-resisted|p2b: Klefki
|-damage|p2a: Tyranitar|57/100
|-damage|p2b: Klefki|87/100
|cant|p1b: Annihilape|par
|
|-weather|Sandstorm|[upkeep]
|-damage|p1b: Annihilape|94/100 par|[from] Sandstorm
|-heal|p2b: Klefki|94/100|[from] Grassy Terrain
|-heal|p2a: Tyranitar|62/100|[from] Grassy Terrain
|-heal|p1a: Ursaluna|57/100|[from] Grassy Terrain
|-heal|p1b: Annihilape|100/100 par|[from] Grassy Terrain
|upkeep
|turn|6
|-message|RosieMilo forfeited.
|
|win|onxlaughtvgc
|raw|RosieMilo's rating: 1085 → 1065(-20 for losing)
|raw|onxlaughtvgc's rating: 1129 → 1151(+22 for winning)
|l|☆RosieMilo
|player|p1|
|l|☆onxlaughtvgc
|player|p2|
|j|☆onxlaughtvgc
|player|p2|onxlaughtvgc|veteran|
