|j|☆pantelos7
|j|☆gmars69
|html|pantelos7gmars69    
|uhtml|bestof|Game 1 of a best-of-3
|t:|1783878282
|gametype|doubles
|player|p1|pantelos7|emmet|
|player|p2|gmars69|2|
|gen|9
|tier|[Gen 9 Champions] VGC 2026 Reg M-B (Bo3)
|rule|Species Clause: Limit one of each Pokémon
|rule|Item Clause: Limit 1 of each item
|clearpoke
|poke|p1|Archaludon, L50, F, shiny|
|poke|p1|Sableye, L50, M|
|poke|p1|Swampert, L50, M|
|poke|p1|Pelipper, L50, F, shiny|
|poke|p1|Dragonite, L50, M, shiny|
|poke|p1|Sinistcha-Masterpiece, L50, shiny|
|poke|p2|Swampert, L50, F|
|poke|p2|Pelipper, L50, M|
|poke|p2|Maushold-Four, L50|
|poke|p2|Archaludon, L50, M|
|poke|p2|Sableye, L50, M|
|poke|p2|Meganium, L50, M|
|teampreview|4
|showteam|p1|Archaludon||LifeOrb|Stalwart|ElectroShot,DragonPulse,FlashCannon,Protect|Modest||F|||50|]Sableye||RoseliBerry|Prankster|RainDance,Reflect,LightScreen,KnockOff|Careful||M|||50|]Swampert||Swampertite|Torrent|WaveCrash,Earthquake,Protect,IcePunch|Adamant||M|||50|]Pelipper||FocusSash|Drizzle|WeatherBall,Tailwind,Hurricane,Protect|Modest||F|||50|]Dragonite||Dragoninite|Multiscale|DragonPulse,Hurricane,IceBeam,Protect|Modest||M|||50|]Sinistcha-Masterpiece||Leftovers|Hospitality|MatchaGotcha,LifeDew,RagePowder,Protect|Calm|||||50|
|showteam|p2|Swampert||Swampertite|Torrent|Protect,WaveCrash,Earthquake,IcePunch|Adamant||F|||50|]Pelipper||SitrusBerry|Drizzle|WideGuard,Tailwind,WeatherBall,Hurricane|Modest||M|||50|]Maushold-Four||FocusSash|FriendGuard|Protect,FollowMe,HelpingHand,SuperFang|Calm|||||50|]Archaludon||Leftovers|Stamina|Protect,ElectroShot,DragonPulse,FlashCannon|Timid||M|||50|]Sableye||LightClay|Prankster|RainDance,Reflect,LightScreen,Encore|Bold||M|||50|]Meganium||Meganiumite|LeafGuard|Protect,SolarBeam,DazzlingGleam,WeatherBall|Timid||M|||50|
|inactive|Battle timer is ON: inactive players will automatically lose when time's up. (requested by gmars69)
|j| ventousvgc
|inactive|pantelos7 has 60 seconds left.
|inactive|gmars69 has 60 seconds left.
|c| ventousvgc|kleise to timer
|inactiveoff|Battle timer is now OFF.
|c| ventousvgc|tah ksekinisete molis sas pw
|c| ventousvgc|eyxarisw
|c|☆pantelos7|ok
|c|☆pantelos7|gl hf
|c| ventousvgc|you may bigin
|c| ventousvgc|begib
|c| ventousvgc|bgin
|c| ventousvgc|begin
|c| ventousvgc|fuck it apla paiksete
|
|t:|1783878429
|teamsize|p1|4
|teamsize|p2|4
|start
|switch|p1a: Archaludon|Archaludon, L50, F, shiny|100/100
|switch|p1b: Swampert|Swampert, L50, M|100/100
|switch|p2a: Archaludon|Archaludon, L50, M|100/100
|switch|p2b: Sableye|Sableye, L50, M|100/100
|turn|1
|
|t:|1783878458
|detailschange|p1b: Swampert|Swampert-Mega, L50, M
|-mega|p1b: Swampert|Swampert|Swampertite
|move|p2a: Archaludon|Protect|p2a: Archaludon
|-singleturn|p2a: Archaludon|Protect
|move|p2b: Sableye|Light Screen|p2b: Sableye
|-sidestart|p2: gmars69|move: Light Screen
|move|p1a: Archaludon|Dragon Pulse|p2a: Archaludon
|-activate|p2a: Archaludon|move: Protect
|move|p1b: Swampert|Wave Crash|p2b: Sableye
|-damage|p2b: Sableye|27/100
|-damage|p1b: Swampert|80/100|[from] Recoil
|
|upkeep
|turn|2
|
|t:|1783878506
|move|p2b: Sableye|Reflect|p2b: Sableye
|-sidestart|p2: gmars69|Reflect
|move|p2a: Archaludon|Dragon Pulse|p1a: Archaludon
|-damage|p1a: Archaludon|53/100
|move|p1a: Archaludon|Dragon Pulse|p2a: Archaludon
|-damage|p2a: Archaludon|43/100
|-ability|p2a: Archaludon|Stamina|boost
|-boost|p2a: Archaludon|def|1
|-damage|p1a: Archaludon|44/100|[from] item: Life Orb
|move|p1b: Swampert|Wave Crash|p2b: Sableye
|-damage|p2b: Sableye|0 fnt
|faint|p2b: Sableye
|-damage|p1b: Swampert|73/100|[from] Recoil
|
|-heal|p2a: Archaludon|49/100|[from] item: Leftovers
|upkeep
|
|t:|1783878520
|switch|p2b: Meganium|Meganium, L50, M|100/100
|turn|3
|
|t:|1783878559
|switch|p1a: Sableye|Sableye, L50, M|100/100
|detailschange|p2b: Meganium|Meganium-Mega, L50, M
|-mega|p2b: Meganium|Meganium|Meganiumite
|move|p2a: Archaludon|Protect|p2a: Archaludon
|-singleturn|p2a: Archaludon|Protect
|move|p1b: Swampert|Protect|p1b: Swampert
|-singleturn|p1b: Swampert|Protect
|move|p2b: Meganium|Weather Ball|p1a: Sableye
|-damage|p1a: Sableye|40/100
|
|-heal|p2a: Archaludon|55/100|[from] item: Leftovers
|upkeep
|turn|4
|
|t:|1783878600
|move|p1a: Sableye|Light Screen|p1a: Sableye
|-sidestart|p1: pantelos7|move: Light Screen
|move|p2a: Archaludon|Dragon Pulse|p1a: Sableye
|-damage|p1a: Sableye|11/100
|move|p2b: Meganium|Solar Beam||[still]
|-prepare|p2b: Meganium|Solar Beam
|-activate|p2b: Meganium|ability: Mega Sol
|-anim|p2b: Meganium|Solar Beam|p1b: Swampert
|-supereffective|p1b: Swampert|2
|-damage|p1b: Swampert|0 fnt
|faint|p1b: Swampert
|
|-heal|p2a: Archaludon|61/100|[from] item: Leftovers
|upkeep
|
|t:|1783878611
|switch|p1b: Archaludon|Archaludon, L50, F, shiny|44/100
|turn|5
|
|t:|1783878625
|move|p2a: Archaludon|Protect|p2a: Archaludon
|-singleturn|p2a: Archaludon|Protect
|move|p1b: Archaludon|Protect|p1b: Archaludon
|-singleturn|p1b: Archaludon|Protect
|move|p2b: Meganium|Dazzling Gleam|p1b: Archaludon|[spread] p1a
|-activate|p1b: Archaludon|move: Protect
|-supereffective|p1a: Sableye|1
|-crit|p1a: Sableye
|-enditem|p1a: Sableye|Roseli Berry|[eat]
|-enditem|p1a: Sableye|Roseli Berry|[weaken]
|-damage|p1a: Sableye|0 fnt
|faint|p1a: Sableye
|
|-heal|p2a: Archaludon|67/100|[from] item: Leftovers
|upkeep
|
|t:|1783878636
|switch|p1a: Pelipper|Pelipper, L50, F, shiny|100/100
|-weather|RainDance|[from] ability: Drizzle|[of] p1a: Pelipper
|turn|6
|
|t:|1783878657
|move|p2a: Archaludon|Electro Shot||[still]
|-prepare|p2a: Archaludon|Electro Shot
|-boost|p2a: Archaludon|spa|1
|-anim|p2a: Archaludon|Electro Shot|p1a: Pelipper
|-supereffective|p1a: Pelipper|2
|-enditem|p1a: Pelipper|Focus Sash
|-damage|p1a: Pelipper|1/100
|move|p2b: Meganium|Dazzling Gleam|p1a: Pelipper|[spread] p1a,p1b
|-damage|p1a: Pelipper|0 fnt
|-damage|p1b: Archaludon|17/100
|faint|p1a: Pelipper
|move|p1b: Archaludon|Dragon Pulse|p2a: Archaludon
|-damage|p2a: Archaludon|13/100
|-ability|p2a: Archaludon|Stamina|boost
|-boost|p2a: Archaludon|def|1
|-damage|p1b: Archaludon|7/100|[from] item: Life Orb
|
|-weather|RainDance|[upkeep]
|-heal|p2a: Archaludon|20/100y|[from] item: Leftovers
|upkeep
|turn|7
|-message|pantelos7 forfeited.
|
|win|gmars69
||pantelos7 is ready for game 2.
||gmars69 is ready for game 2.
|uhtml|next|Next: Game 2 of 3
|l|☆pantelos7
|player|p1|
