|j|☆muu38
|j|☆Divine Monkey King
|html|muu38Divine Monkey King    
|uhtml|bestof|Game 1 of a best-of-3
|t:|1783132476
|gametype|doubles
|player|p1|muu38|pokemaniac|1041
|player|p2|Divine Monkey King|1|1159
|gen|9
|tier|[Gen 9 Champions] VGC 2026 Reg M-B (Bo3)
|rated|
|rule|Species Clause: Limit one of each Pokémon
|rule|Item Clause: Limit 1 of each item
|clearpoke
|poke|p1|Ariados, L50, M|
|poke|p1|Delphox, L50, F|
|poke|p1|Flapple, L50, F|
|poke|p1|Clefable, L50, F|
|poke|p1|Aegislash, L50, F|
|poke|p1|Sableye, L50, M|
|poke|p2|Tyranitar, L50, M, shiny|
|poke|p2|Aerodactyl, L50, M, shiny|
|poke|p2|Pelipper, L50, M, shiny|
|poke|p2|Basculegion, L50, M, shiny|
|poke|p2|Beedrill, L50, M, shiny|
|poke|p2|Annihilape, L50, M, shiny|
|teampreview|4
|showteam|p1|Ariados||SitrusBerry|Insomnia|RagePowder,Electroweb,Megahorn,ToxicSpikes|Adamant||M|||50|]Delphox||Delphoxite|Blaze|HeatWave,FocusBlast,Hypnosis,Protect|Timid||F|||50|]Flapple||ChoiceScarf|Hustle|GravApple,DualWingbeat,DragonRush,Uturn|Adamant||F|||50|]Clefable||Leftovers|Unaware|Gravity,FollowMe,Moonblast,IcyWind|Timid||F|||50|]Aegislash||KasibBerry|StanceChange|SacredSword,IronHead,ShadowSneak,KingsShield|Adamant||F|||50|]Sableye||FocusSash|Prankster|Gravity,Quash,WillOWisp,KnockOff|Naive||M|||50|
|showteam|p2|Tyranitar||Tyranitarite|SandStream|BrickBreak,KnockOff,Protect,RockSlide|Adamant||M|||50|]Aerodactyl||FocusSash|Unnerve|DualWingbeat,IronHead,Protect,Tailwind|Jolly||M|||50|]Pelipper||WacanBerry|Drizzle|Hurricane,IceBeam,Protect,WeatherBall|Calm||M|||50|]Basculegion||MysticWater|SwiftSwim|AquaJet,FlipTurn,LastRespects,Protect|Adamant||M|||50|]Beedrill||Beedrillite|Sniper|PoisonJab,Protect,Uturn,FellStinger|Jolly||M|||50|]Annihilape||Leftovers|Defiant|BulkUp,DrainPunch,Protect,SeedBomb|Adamant||M|||50|
|inactive|Battle timer is ON: inactive players will automatically lose when time's up. (requested by muu38)
|
|t:|1783132498
|teamsize|p1|4
|teamsize|p2|4
|start
|switch|p1a: Sableye|Sableye, L50, M|100/100
|switch|p1b: Ariados|Ariados, L50, M|100/100
|switch|p2a: Aerodactyl|Aerodactyl, L50, M, shiny|100/100
|switch|p2b: Pelipper|Pelipper, L50, M, shiny|100/100
|-ability|p2a: Aerodactyl|Unnerve
|-weather|RainDance|[from] ability: Drizzle|[of] p2b: Pelipper
|turn|1
|
|t:|1783132510
|move|p1a: Sableye|Will-O-Wisp|p2a: Aerodactyl
|-status|p2a: Aerodactyl|brn
|move|p2a: Aerodactyl|Tailwind|p2a: Aerodactyl
|-sidestart|p2: Divine Monkey King|move: Tailwind
|move|p2b: Pelipper|Hurricane|p1b: Ariados
|-supereffective|p1b: Ariados|1
|-damage|p1b: Ariados|0 fnt
|faint|p1b: Ariados
|
|-weather|RainDance|[upkeep]
|-damage|p2a: Aerodactyl|94/100 brn|[from] brn
|upkeep
|
|t:|1783132529
|switch|p1b: Delphox|Delphox, L50, F|100/100
|turn|2
|
|t:|1783132543
|detailschange|p1b: Delphox|Delphox-Mega, L50, F
|-mega|p1b: Delphox|Delphox|Delphoxite
|move|p1b: Delphox|Protect|p1b: Delphox
|-singleturn|p1b: Delphox|Protect
|move|p1a: Sableye|Gravity|p1a: Sableye
|-fieldstart|move: Gravity
|move|p2a: Aerodactyl|Iron Head|p1a: Sableye
|-damage|p1a: Sableye|84/100
|move|p2b: Pelipper|Weather Ball|p1b: Delphox
|-activate|p1b: Delphox|move: Protect
|
|-weather|RainDance|[upkeep]
|-damage|p2a: Aerodactyl|88/100 brn|[from] brn
|upkeep
|turn|3
|inactive|muu38 has 30 seconds left.
|
|t:|1783132569
|move|p1a: Sableye|Quash|p2b: Pelipper
|-activate|p2b: Pelipper|move: Quash
|move|p2a: Aerodactyl|Iron Head|p1a: Sableye
|-damage|p1a: Sableye|70/100
|move|p1b: Delphox|Hypnosis|p2b: Pelipper
|-status|p2b: Pelipper|slp|[from] move: Hypnosis
|cant|p2b: Pelipper|slp
|
|-weather|RainDance|[upkeep]
|-damage|p2a: Aerodactyl|82/100 brn|[from] brn
|upkeep
|turn|4
|
|t:|1783132586
|switch|p1a: Flapple|Flapple, L50, F|100/100
|move|p2a: Aerodactyl|Iron Head|p1a: Flapple
|-damage|p1a: Flapple|81/100
|move|p1b: Delphox|Focus Blast|p2a: Aerodactyl
|-damage|p2a: Aerodactyl|15/100 brn
|-curestatus|p2b: Pelipper|slp|[msg]
|move|p2b: Pelipper|Weather Ball|p1b: Delphox
|-supereffective|p1b: Delphox|1
|-damage|p1b: Delphox|0 fnt
|faint|p1b: Delphox
|
|-weather|RainDance|[upkeep]
|-damage|p2a: Aerodactyl|10/100 brn|[from] brn
|-sideend|p2: Divine Monkey King|move: Tailwind
|upkeep
|
|t:|1783132595
|switch|p1b: Sableye|Sableye, L50, M|70/100
|turn|5
|inactive|muu38 has 30 seconds left.
|
|t:|1783132620
|move|p2a: Aerodactyl|Tailwind|p2a: Aerodactyl
|-sidestart|p2: Divine Monkey King|move: Tailwind
|move|p2b: Pelipper|Hurricane|p1a: Flapple
|-supereffective|p1a: Flapple|1
|-damage|p1a: Flapple|0 fnt
|faint|p1a: Flapple
|move|p1b: Sableye|Knock Off|p2a: Aerodactyl
|-damage|p2a: Aerodactyl|0 fnt
|-enditem|p2a: Aerodactyl|Focus Sash|[from] move: Knock Off|[of] p1b: Sableye
|faint|p2a: Aerodactyl
|
|-weather|none
|upkeep
|
|t:|1783132638
|switch|p2a: Beedrill|Beedrill, L50, M, shiny|100/100
|turn|6
|
|t:|1783132647
|detailschange|p2a: Beedrill|Beedrill-Mega, L50, M, shiny
|-mega|p2a: Beedrill|Beedrill|Beedrillite
|move|p1b: Sableye|Will-O-Wisp|p2a: Beedrill
|-status|p2a: Beedrill|brn
|move|p2a: Beedrill|Fell Stinger|p1b: Sableye
|-damage|p1b: Sableye|46/100
|move|p2b: Pelipper|Ice Beam|p1b: Sableye
|-damage|p1b: Sableye|11/100
|
|-damage|p2a: Beedrill|94/100 brn|[from] brn
|-fieldend|move: Gravity
|upkeep
|turn|7
|
|t:|1783132661
|move|p1b: Sableye|Will-O-Wisp|p2b: Pelipper
|-status|p2b: Pelipper|brn
|move|p2a: Beedrill|Poison Jab|p1b: Sableye
|-resisted|p1b: Sableye|1
|-damage|p1b: Sableye|0 fnt
|faint|p1b: Sableye
|
|win|Divine Monkey King
||muu38 is ready for game 2.
|inactive|Divine Monkey King has 30 seconds to confirm battle start!
