|j|☆new mental
|j|‽bermusinho
|html|new mentalbermusinho    
|uhtml|bestof|Game 2 of a best-of-3
|t:|1784923898
|gametype|doubles
|player|p1|new mental|volkner|1358
|player|p2|bermusinho|2|1347
|gen|9
|tier|[Gen 9 Champions] VGC 2026 Reg M-B (Bo3)
|rated|
|rule|Species Clause: Limit one of each Pokémon
|rule|Item Clause: Limit 1 of each item
|clearpoke
|poke|p1|Charizard, L50, M|
|poke|p1|Garchomp, L50, M|
|poke|p1|Incineroar, L50, F|
|poke|p1|Venusaur, L50, M|
|poke|p1|Toxapex, L50, F|
|poke|p1|Sylveon, L50, M|
|poke|p2|Aerodactyl, L50, M|
|poke|p2|Kingambit, L50, M|
|poke|p2|Sylveon, L50, F|
|poke|p2|Garchomp, L50, F|
|poke|p2|Charizard, L50, F|
|poke|p2|Incineroar, L50, M|
|teampreview|4
|showteam|p1|Charizard||CharizarditeY|SolarPower|WeatherBall,HeatWave,AncientPower,Protect|Modest||M|||50|]Garchomp||ChoiceScarf|RoughSkin|RockSlide,DragonClaw,Earthquake,StompingTantrum|Adamant||M|||50|]Incineroar||SitrusBerry|Intimidate|FlareBlitz,FakeOut,DarkestLariat,PartingShot|Impish||F|||50|]Venusaur||LifeOrb|Chlorophyll|SludgeBomb,LeafStorm,EarthPower,Protect|Modest||M|||50|]Toxapex||Leftovers|Regenerator|Infestation,Toxic,WideGuard,BanefulBunker|Bold||F|||50|]Sylveon||FairyFeather|Pixilate|HyperVoice,QuickAttack,Yawn,Detect|Modest||M|||50|
|showteam|p2|Aerodactyl||Aerodactylite|Unnerve|RockSlide,IceFang,Tailwind,WideGuard|Jolly||M|||50|]Kingambit||FocusSash|Defiant|KowtowCleave,SuckerPunch,IronHead,Protect|Adamant||M|||50|]Sylveon||FairyFeather|Pixilate|Detect,HyperVoice,HyperBeam,QuickAttack|Modest||F|||50|]Garchomp||LifeOrb|RoughSkin|Earthquake,DragonClaw,StompingTantrum,Protect|Jolly||F|||50|]Charizard||CharizarditeY|Blaze|Protect,HeatWave,SolarBeam,WeatherBall|Modest||F|||50|]Incineroar||SitrusBerry|Intimidate|DarkestLariat,FlareBlitz,FakeOut,PartingShot|Impish||M|||50|
|
|t:|1784923925
|teamsize|p1|4
|teamsize|p2|4
|start
|switch|p1a: Charizard|Charizard, L50, M|100/100
|switch|p1b: Toxapex|Toxapex, L50, F|100/100
|switch|p2a: Garchomp|Garchomp, L50, F|100/100
|switch|p2b: Aerodactyl|Aerodactyl, L50, M|100/100
|-ability|p2b: Aerodactyl|Unnerve
|turn|1
|inactive|Battle timer is ON: inactive players will automatically lose when time's up. (requested by bermusinho)
|
|t:|1784923937
|switch|p1a: Incineroar|Incineroar, L50, F|100/100
|-ability|p1a: Incineroar|Intimidate|boost
|-unboost|p2a: Garchomp|atk|1
|-unboost|p2b: Aerodactyl|atk|1
|move|p2b: Aerodactyl|Rock Slide|p1a: Incineroar|[spread] p1a,p1b
|-supereffective|p1a: Incineroar|1
|-damage|p1a: Incineroar|78/100
|-damage|p1b: Toxapex|89/100
|move|p2a: Garchomp|Stomping Tantrum|p1b: Toxapex
|-supereffective|p1b: Toxapex|1
|-damage|p1b: Toxapex|43/100
|-damage|p2a: Garchomp|90/100|[from] item: Life Orb
|move|p1b: Toxapex|Infestation|p2b: Aerodactyl
|-resisted|p2b: Aerodactyl|1
|-damage|p2b: Aerodactyl|98/100
|-activate|p2b: Aerodactyl|move: Infestation|[of] p1b: Toxapex
|
|-heal|p1b: Toxapex|49/100|[from] item: Leftovers
|-damage|p2b: Aerodactyl|86/100|[from] move: Infestation|[partiallytrapped]
|upkeep
|turn|2
|
|t:|1784923956
|move|p1a: Incineroar|Fake Out|p2a: Garchomp
|-damage|p2a: Garchomp|78/100
|-damage|p1a: Incineroar|65/100|[from] ability: Rough Skin|[of] p2a: Garchomp
|move|p2b: Aerodactyl|Rock Slide|p1a: Incineroar|[spread] p1a,p1b
|-supereffective|p1a: Incineroar|1
|-damage|p1a: Incineroar|44/100
|-damage|p1b: Toxapex|39/100
|cant|p2a: Garchomp|flinch
|cant|p1b: Toxapex|flinch
|
|-heal|p1b: Toxapex|45/100|[from] item: Leftovers
|-damage|p2b: Aerodactyl|74/100|[from] move: Infestation|[partiallytrapped]
|upkeep
|turn|3
|
|t:|1784923971
|switch|p1a: Charizard|Charizard, L50, M|100/100
|move|p1b: Toxapex|Baneful Bunker|p1b: Toxapex
|-singleturn|p1b: Toxapex|move: Protect
|move|p2b: Aerodactyl|Rock Slide|p1a: Charizard|[spread] p1a
|-activate|p1b: Toxapex|move: Protect
|-supereffective|p1a: Charizard|2
|-damage|p1a: Charizard|48/100
|move|p2a: Garchomp|Stomping Tantrum|p1b: Toxapex
|-activate|p1b: Toxapex|move: Protect
|-status|p2a: Garchomp|psn
|
|-heal|p1b: Toxapex|50/100g|[from] item: Leftovers
|-damage|p2a: Garchomp|66/100 psn|[from] psn
|-damage|p2b: Aerodactyl|62/100|[from] move: Infestation|[partiallytrapped]
|upkeep
|turn|4
|
|t:|1784923989
|switch|p1a: Incineroar|Incineroar, L50, F|44/100
|-ability|p1a: Incineroar|Intimidate|boost
|-unboost|p2a: Garchomp|atk|1
|-unboost|p2b: Aerodactyl|atk|1
|move|p2b: Aerodactyl|Rock Slide|p1a: Incineroar|[spread] p1a,p1b
|-supereffective|p1a: Incineroar|1
|-crit|p1a: Incineroar
|-damage|p1a: Incineroar|0 fnt
|-damage|p1b: Toxapex|42/100
|faint|p1a: Incineroar
|move|p2a: Garchomp|Stomping Tantrum|p1b: Toxapex
|-supereffective|p1b: Toxapex|1
|-damage|p1b: Toxapex|7/100
|-damage|p2a: Garchomp|56/100 psn|[from] item: Life Orb
|cant|p1b: Toxapex|flinch
|
|-heal|p1b: Toxapex|13/100|[from] item: Leftovers
|-damage|p2a: Garchomp|44/100 psn|[from] psn
|-damage|p2b: Aerodactyl|50/100g|[from] move: Infestation|[partiallytrapped]
|upkeep
|
|t:|1784923994
|switch|p1a: Charizard|Charizard, L50, M|48/100
|turn|5
|inactive|bermusinho has 30 seconds left.
|
|t:|1784924020
|-heal|p1b: Toxapex|46/100|[from] ability: Regenerator|[silent]
|switch|p1b: Garchomp|Garchomp, L50, M|100/100
|detailschange|p1a: Charizard|Charizard-Mega-Y, L50, M
|-mega|p1a: Charizard|Charizard|Charizardite Y
|-weather|SunnyDay|[from] ability: Drought|[of] p1a: Charizard
|move|p2b: Aerodactyl|Rock Slide|p1a: Charizard|[spread] p1a,p1b
|-supereffective|p1a: Charizard|2
|-resisted|p1b: Garchomp|1
|-damage|p1a: Charizard|7/100
|-damage|p1b: Garchomp|95/100
|move|p2a: Garchomp|Dragon Claw|p1a: Charizard
|-damage|p1a: Charizard|0 fnt
|faint|p1a: Charizard
|-damage|p2a: Garchomp|34/100 psn|[from] item: Life Orb
|
|-weather|SunnyDay|[upkeep]
|-damage|p2a: Garchomp|22/100 psn|[from] psn
|-end|p2b: Aerodactyl|Infestation|[partiallytrapped]
|upkeep
|
|t:|1784924028
|switch|p1a: Toxapex|Toxapex, L50, F|46/100
|turn|6
|
|t:|1784924039
|switch|p2a: Incineroar|Incineroar, L50, M|100/100
|-ability|p2a: Incineroar|Intimidate|boost
|-unboost|p1a: Toxapex|atk|1
|-unboost|p1b: Garchomp|atk|1
|move|p1b: Garchomp|Rock Slide|p2a: Incineroar|[spread] p2b
|-miss|p1b: Garchomp|p2a: Incineroar
|-supereffective|p2b: Aerodactyl|1
|-damage|p2b: Aerodactyl|15/100
|cant|p2b: Aerodactyl|flinch
|move|p1a: Toxapex|Toxic|p2b: Aerodactyl
|-status|p2b: Aerodactyl|tox
|
|-weather|SunnyDay|[upkeep]
|-heal|p1a: Toxapex|52/100|[from] item: Leftovers
|-damage|p2b: Aerodactyl|9/100 tox|[from] psn
|upkeep
|turn|7
|
|t:|1784924055
|move|p2a: Incineroar|Fake Out|p1b: Garchomp
|-crit|p1b: Garchomp
|-damage|p1b: Garchomp|78/100
|-damage|p2a: Incineroar|87/100|[from] ability: Rough Skin|[of] p1b: Garchomp
|cant|p1b: Garchomp|flinch
|move|p2b: Aerodactyl|Tailwind|p2b: Aerodactyl
|-sidestart|p2: bermusinho|move: Tailwind
|move|p1a: Toxapex|Infestation|p2a: Incineroar
|-damage|p2a: Incineroar|84/100
|-activate|p2a: Incineroar|move: Infestation|[of] p1a: Toxapex
|
|-weather|SunnyDay|[upkeep]
|-heal|p1a: Toxapex|57/100|[from] item: Leftovers
|-damage|p2b: Aerodactyl|0 fnt|[from] psn
|faint|p2b: Aerodactyl
|-damage|p2a: Incineroar|72/100|[from] move: Infestation|[partiallytrapped]
|upkeep
|
|t:|1784924076
|switch|p2b: Charizard|Charizard, L50, F|100/100
|turn|8
|
|t:|1784924086
|detailschange|p2b: Charizard|Charizard-Mega-Y, L50, F
|-mega|p2b: Charizard|Charizard|Charizardite Y
|move|p2b: Charizard|Solar Beam||[still]
|-prepare|p2b: Charizard|Solar Beam
|-anim|p2b: Charizard|Solar Beam|p1b: Garchomp
|-damage|p1b: Garchomp|29/100
|move|p1b: Garchomp|Rock Slide|p2b: Charizard|[spread] p2a
|-miss|p1b: Garchomp|p2b: Charizard
|-supereffective|p2a: Incineroar|1
|-damage|p2a: Incineroar|52/100
|move|p2a: Incineroar|Darkest Lariat|p1b: Garchomp
|-damage|p1b: Garchomp|0 fnt
|-damage|p2a: Incineroar|40/100|[from] ability: Rough Skin|[of] p1b: Garchomp
|-enditem|p2a: Incineroar|Sitrus Berry|[eat]
|-heal|p2a: Incineroar|64/100|[from] item: Sitrus Berry
|faint|p1b: Garchomp
|move|p1a: Toxapex|Infestation|p2a: Incineroar
|-damage|p2a: Incineroar|61/100
|
|-weather|SunnyDay|[upkeep]
|-heal|p1a: Toxapex|63/100|[from] item: Leftovers
|-damage|p2a: Incineroar|49/100|[from] move: Infestation|[partiallytrapped]
|upkeep
|turn|9
|inactive|bermusinho has 30 seconds left.
|
|t:|1784924111
|move|p1a: Toxapex|Baneful Bunker|p1a: Toxapex
|-singleturn|p1a: Toxapex|move: Protect
|move|p2b: Charizard|Solar Beam||[still]
|-prepare|p2b: Charizard|Solar Beam
|-anim|p2b: Charizard|Solar Beam|p1a: Toxapex
|-activate|p1a: Toxapex|move: Protect
|move|p2a: Incineroar|Flare Blitz|p1a: Toxapex
|-activate|p1a: Toxapex|move: Protect
|-status|p2a: Incineroar|psn
|
|-weather|none
|-heal|p1a: Toxapex|69/100|[from] item: Leftovers
|-damage|p2a: Incineroar|37/100 psn|[from] psn
|-damage|p2a: Incineroar|24/100 psn|[from] move: Infestation|[partiallytrapped]
|upkeep
|turn|10
|
|t:|1784924130
|move|p2b: Charizard|Solar Beam||[still]
|-prepare|p2b: Charizard|Solar Beam
|move|p2a: Incineroar|Darkest Lariat|p1a: Toxapex
|-damage|p1a: Toxapex|44/100
|move|p1a: Toxapex|Toxic|p2b: Charizard
|-status|p2b: Charizard|tox
|
|-heal|p1a: Toxapex|50/100g|[from] item: Leftovers
|-damage|p2b: Charizard|93/100 tox|[from] psn
|-damage|p2a: Incineroar|12/100 psn|[from] psn
|-damage|p2a: Incineroar|0 fnt|[from] move: Infestation|[partiallytrapped]
|faint|p2a: Incineroar
|-sideend|p2: bermusinho|move: Tailwind
|upkeep
|
|t:|1784924141
|switch|p2a: Garchomp|Garchomp, L50, F|22/100 psn
|turn|11
|
|t:|1784924148
|move|p1a: Toxapex|Baneful Bunker|p1a: Toxapex
|-singleturn|p1a: Toxapex|move: Protect
|move|p2a: Garchomp|Stomping Tantrum|p1a: Toxapex
|-activate|p1a: Toxapex|move: Protect
|move|p2b: Charizard|Solar Beam|p1a: Toxapex|[from] lockedmove
|-activate|p1a: Toxapex|move: Protect
|
|-heal|p1a: Toxapex|56/100|[from] item: Leftovers
|-damage|p2a: Garchomp|10/100 psn|[from] psn
|-damage|p2b: Charizard|81/100 tox|[from] psn
|upkeep
|turn|12
|
|t:|1784924161
|move|p2a: Garchomp|Stomping Tantrum|p1a: Toxapex
|-supereffective|p1a: Toxapex|1
|-damage|p1a: Toxapex|0 fnt
|faint|p1a: Toxapex
|-damage|p2a: Garchomp|1/100 psn|[from] item: Life Orb
|
|win|bermusinho
