|j|☆asra barrage
|j|☆iiFWM
|html|asra barrageiiFWM    
|uhtml|bestof|Game 2 of a best-of-3
|t:|1784636740
|gametype|doubles
|player|p1|asra barrage|twins-gen4dp|
|player|p2|iiFWM|cyrus|
|gen|9
|tier|[Gen 9 Champions] VGC 2026 Reg M-B (Bo3)
|rule|Species Clause: Limit one of each Pokémon
|rule|Item Clause: Limit 1 of each item
|clearpoke
|poke|p1|Gardevoir, L50, F|
|poke|p1|Basculegion, L50, M|
|poke|p1|Talonflame, L50, M|
|poke|p1|Maushold, L50|
|poke|p1|Kingambit, L50, F|
|poke|p1|Kommo-o, L50, F|
|poke|p2|Garchomp, L50, F, shiny|
|poke|p2|Venusaur, L50, F|
|poke|p2|Incineroar, L50, F, shiny|
|poke|p2|Charizard, L50, M, shiny|
|poke|p2|Toxapex, L50, F, shiny|
|poke|p2|Annihilape, L50, F, shiny|
|teampreview|4
|showteam|p1|Gardevoir||Gardevoirite|Trace|HyperVoice,Psychic,Thunderbolt,Protect|Modest||F|||50|]Basculegion||ChoiceScarf|Adaptability|WaveCrash,LastRespects,FlipTurn,AquaJet|Jolly||M|||50|]Talonflame||SharpBeak|GaleWings|DualWingbeat,FlareBlitz,Tailwind,Protect|Jolly||M|||50|]Maushold||FocusSash|FriendGuard|SuperFang,Feint,FollowMe,Protect|Jolly|||||50|]Kingambit||ExpertBelt|Defiant|KowtowCleave,SuckerPunch,IronHead,LowKick|Jolly||F|||50|]Kommo-o||LifeOrb|Soundproof|ClangingScales,DracoMeteor,AuraSphere,Protect|Modest||F|||50|
|showteam|p2|Garchomp||ChoiceScarf|RoughSkin|Earthquake,RockSlide,DragonClaw,StompingTantrum|Adamant||F|||50|]Venusaur||LifeOrb|Chlorophyll|SludgeBomb,SolarBeam,EarthPower,Protect|Modest||F|||50|]Incineroar||SitrusBerry|Intimidate|FakeOut,FlareBlitz,ThroatChop,PartingShot|Impish||F|||50|]Charizard||CharizarditeY|Blaze|HeatWave,WeatherBall,Protect,HelpingHand|Modest||M|||50|]Toxapex||Leftovers|Regenerator|Infestation,Toxic,WideGuard,BanefulBunker|Bold||F|||50|]Annihilape||FocusSash|Defiant|CloseCombat,PhantomForce,RageFist,Protect|Jolly||F|||50|
|j| SalcranVGC
|j| RadiantSteelix
|
|t:|1784636765
|teamsize|p1|4
|teamsize|p2|4
|start
|switch|p1a: Gardevoir|Gardevoir, L50, F|100/100
|switch|p1b: Basculegion|Basculegion, L50, M|100/100
|switch|p2a: Incineroar|Incineroar, L50, F, shiny|100/100
|switch|p2b: Toxapex|Toxapex, L50, F, shiny|100/100
|-ability|p1a: Gardevoir|Intimidate|Trace|[from] ability: Trace|[of] p2a: Incineroar
|-ability|p1a: Gardevoir|Intimidate|boost
|-unboost|p2a: Incineroar|atk|1
|-unboost|p2b: Toxapex|atk|1
|-ability|p2a: Incineroar|Intimidate|boost
|-unboost|p1a: Gardevoir|atk|1
|-unboost|p1b: Basculegion|atk|1
|turn|1
|j| 25LargeLegoBarrels
|
|t:|1784636786
|move|p1a: Gardevoir|Protect|p1a: Gardevoir
|-singleturn|p1a: Gardevoir|Protect
|move|p2b: Toxapex|Baneful Bunker|p2b: Toxapex
|-singleturn|p2b: Toxapex|move: Protect
|move|p1b: Basculegion|Flip Turn|p2a: Incineroar
|-supereffective|p2a: Incineroar|1
|-damage|p2a: Incineroar|62/100
|
|t:|1784636793
|switch|p1b: Maushold|Maushold, L50|100/100|[from] Flip Turn
|move|p2a: Incineroar|Parting Shot|p1b: Maushold
|-unboost|p1b: Maushold|atk|1
|-unboost|p1b: Maushold|spa|1
|
|t:|1784636800
|switch|p2a: Charizard|Charizard, L50, M, shiny|100/100|[from] Parting Shot
|
|upkeep
|turn|2
|
|t:|1784636812
|detailschange|p2a: Charizard|Charizard-Mega-Y, L50, M, shiny
|-mega|p2a: Charizard|Charizard|Charizardite Y
|-weather|SunnyDay|[from] ability: Drought|[of] p2a: Charizard
|detailschange|p1a: Gardevoir|Gardevoir-Mega, L50, F
|-mega|p1a: Gardevoir|Gardevoir|Gardevoirite
|move|p1b: Maushold|Super Fang|p2a: Charizard
|-damage|p2a: Charizard|50/100g
|move|p1a: Gardevoir|Thunderbolt|p2a: Charizard
|-supereffective|p2a: Charizard|1
|-damage|p2a: Charizard|0 fnt
|faint|p2a: Charizard
|move|p2b: Toxapex|Infestation|p1a: Gardevoir
|-damage|p1a: Gardevoir|97/100
|-activate|p1a: Gardevoir|move: Infestation|[of] p2b: Toxapex
|
|-weather|SunnyDay|[upkeep]
|-damage|p1a: Gardevoir|84/100|[from] move: Infestation|[partiallytrapped]
|upkeep
|
|t:|1784636841
|switch|p2a: Incineroar|Incineroar, L50, F, shiny|62/100
|-ability|p2a: Incineroar|Intimidate|boost
|-unboost|p1a: Gardevoir|atk|1
|-unboost|p1b: Maushold|atk|1
|turn|3
|l| RadiantSteelix
|
|t:|1784636856
|move|p1b: Maushold|Protect|p1b: Maushold
|-singleturn|p1b: Maushold|Protect
|move|p1a: Gardevoir|Protect|p1a: Gardevoir
|-singleturn|p1a: Gardevoir|Protect
|move|p2a: Incineroar|Fake Out|p1a: Gardevoir
|-activate|p1a: Gardevoir|move: Protect
|move|p2b: Toxapex|Infestation|p1b: Maushold
|-activate|p1b: Maushold|move: Protect
|
|-weather|SunnyDay|[upkeep]
|-damage|p1a: Gardevoir|72/100|[from] move: Infestation|[partiallytrapped]
|upkeep
|turn|4
|
|t:|1784636870
|move|p1b: Maushold|Feint|p2b: Toxapex
|-damage|p2b: Toxapex|96/100
|move|p1a: Gardevoir|Psychic|p2b: Toxapex
|-supereffective|p2b: Toxapex|1
|-damage|p2b: Toxapex|8/100
|move|p2a: Incineroar|Flare Blitz|p1a: Gardevoir
|-damage|p1a: Gardevoir|0 fnt
|faint|p1a: Gardevoir
|-damage|p2a: Incineroar|45/100|[from] Recoil
|-enditem|p2a: Incineroar|Sitrus Berry|[eat]
|-heal|p2a: Incineroar|69/100|[from] item: Sitrus Berry
|move|p2b: Toxapex|Infestation|p1b: Maushold
|-damage|p1b: Maushold|96/100
|-activate|p1b: Maushold|move: Infestation|[of] p2b: Toxapex
|
|-weather|SunnyDay|[upkeep]
|-heal|p2b: Toxapex|14/100|[from] item: Leftovers
|-damage|p1b: Maushold|83/100|[from] move: Infestation|[partiallytrapped]
|upkeep
|
|t:|1784636886
|switch|p1a: Kommo-o|Kommo-o, L50, F|100/100
|turn|5
|
|t:|1784636900
|move|p1b: Maushold|Feint|p2b: Toxapex
|-damage|p2b: Toxapex|10/100
|move|p1a: Kommo-o|Clanging Scales|p2b: Toxapex|[spread] p2a,p2b
|-damage|p2a: Incineroar|26/100
|-damage|p2b: Toxapex|0 fnt
|faint|p2b: Toxapex
|-unboost|p1a: Kommo-o|def|1
|-damage|p1a: Kommo-o|90/100|[from] item: Life Orb
|move|p2a: Incineroar|Flare Blitz|p1b: Maushold
|-damage|p1b: Maushold|0 fnt
|faint|p1b: Maushold
|-damage|p2a: Incineroar|1/100|[from] Recoil
|
|-weather|SunnyDay|[upkeep]
|upkeep
|
|t:|1784636912
|switch|p1b: Basculegion|Basculegion, L50, M|100/100
|switch|p2b: Venusaur|Venusaur, L50, F|100/100
|turn|6
|
|t:|1784636929
|move|p1b: Basculegion|Aqua Jet|p2a: Incineroar
|-supereffective|p2a: Incineroar|1
|-damage|p2a: Incineroar|0 fnt
|faint|p2a: Incineroar
|move|p2b: Venusaur|Solar Beam||[still]
|-prepare|p2b: Venusaur|Solar Beam
|-anim|p2b: Venusaur|Solar Beam|p1b: Basculegion
|-supereffective|p1b: Basculegion|1
|-damage|p1b: Basculegion|0 fnt
|faint|p1b: Basculegion
|-damage|p2b: Venusaur|90/100|[from] item: Life Orb
|move|p1a: Kommo-o|Clanging Scales|p2b: Venusaur
|-damage|p2b: Venusaur|6/100
|-unboost|p1a: Kommo-o|def|1
|-damage|p1a: Kommo-o|80/100|[from] item: Life Orb
|
|-weather|none
|upkeep
|turn|7
|c|☆iiFWM|ggwp
|
|t:|1784636942
|move|p1a: Kommo-o|Clanging Scales|p2b: Venusaur
|-damage|p2b: Venusaur|0 fnt
|faint|p2b: Venusaur
|-damage|p1a: Kommo-o|70/100|[from] item: Life Orb
|
|win|asra barrage
|c|☆asra barrage|ggs
|l| 25LargeLegoBarrels
|l|☆iiFWM
|player|p2|
|j| SimpleSimonSlop
|l| SimpleSimonSlop
