|j|☆LeeCh1in0
|j|☆endK649
|html|LeeCh1in0endK649    
|uhtml|bestof|Game 1 of a best-of-3
|t:|1756996557
|gametype|doubles
|player|p1|LeeCh1in0|101|1096
|player|p2|endK649|170|1165
|gen|9
|tier|[Gen 9] VGC 2025 Reg H (Bo3)
|rated|
|rule|Species Clause: Limit one of each Pokémon
|rule|Item Clause: Limit 1 of each item
|clearpoke
|poke|p1|Indeedee-F, L50, F|
|poke|p1|Torkoal, L50, F|
|poke|p1|Ursaluna, L50, M|
|poke|p1|Hatterene, L50, F|
|poke|p1|Gallade, L50, M|
|poke|p1|Sneasler, L50, M|
|poke|p2|Feraligatr, L50, F|
|poke|p2|Kommo-o, L50, M|
|poke|p2|Politoed, L50, F|
|poke|p2|Rillaboom, L50, M|
|poke|p2|Incineroar, L50, F|
|poke|p2|Amoonguss, L50, M|
|teampreview|4
|showteam|p1|Indeedee-F||RockyHelmet|PsychicSurge|Psychic,HelpingHand,FollowMe,TrickRoom|||F|||50|,,,,,Fairy]Torkoal||Charcoal|Drought|Eruption,WeatherBall,HeatWave,Protect|||F|||50|,,,,,Fire]Ursaluna||FlameOrb|Guts|Facade,HeadlongRush,Earthquake,Protect|||M|||50|,,,,,Ghost]Hatterene||LifeOrb|MagicBounce|ExpandingForce,DazzlingGleam,TrickRoom,MysticalFire|||F|||50|,,,,,Fire]Gallade||ScopeLens|Sharpness|WideGuard,SacredSword,PsychoCut,TrickRoom|||M|||50|,,,,,Grass]Sneasler||FocusSash|PoisonTouch|CloseCombat,DireClaw,Taunt,ThroatChop|||M|||50|,,,,,Stellar
|showteam|p2|Feraligatr||LifeOrb|SheerForce|Liquidation,Crunch,DragonDance,Protect|||F|||50|,,,,,Dark]Kommo-o||ThroatSpray|Bulletproof|ClangingScales,AuraSphere,ClangorousSoul,Protect|||M|||50|,,,,,Fairy]Politoed||SitrusBerry|Drizzle|WeatherBall,IcyWind,Haze,Protect|||F|||50|,,,,,Grass]Rillaboom||AssaultVest|GrassySurge|WoodHammer,GrassyGlide,FakeOut,Uturn|||M|||50|,,,,,Fire]Incineroar||SafetyGoggles|Intimidate|KnockOff,FakeOut,Taunt,PartingShot|||F|||50|,,,,,Ghost]Amoonguss||CovertCloak|Regenerator|PollenPuff,Spore,RagePowder,Protect|||M|||50|,,,,,Water
|inactive|Battle timer is ON: inactive players will automatically lose when time's up. (requested by endK649)
|inactive|LeeCh1in0 has 60 seconds left.
|
|t:|1756996607
|teamsize|p1|4
|teamsize|p2|4
|start
|switch|p1a: Indeedee|Indeedee-F, L50, F|100/100
|switch|p1b: Hatterene|Hatterene, L50, F|100/100
|switch|p2a: Feraligatr|Feraligatr, L50, F, shiny|100/100
|switch|p2b: Incineroar|Incineroar, L50, F, shiny|100/100
|-ability|p2b: Incineroar|Intimidate|boost
|-unboost|p1a: Indeedee|atk|1
|-unboost|p1b: Hatterene|atk|1
|-fieldstart|move: Psychic Terrain|[from] ability: Psychic Surge|[of] p1a: Indeedee
|turn|1
|inactive|LeeCh1in0 has 30 seconds left.
|inactive|endK649 has 30 seconds left.
|inactive|LeeCh1in0 has 20 seconds left.
|inactive|LeeCh1in0 has 15 seconds left.
|inactive|LeeCh1in0 has 10 seconds left.
|
|t:|1756996653
|-terastallize|p1a: Indeedee|Fairy
|move|p1a: Indeedee|Follow Me|p1a: Indeedee
|-singleturn|p1a: Indeedee|move: Follow Me
|move|p2a: Feraligatr|Dragon Dance|p2a: Feraligatr
|-boost|p2a: Feraligatr|atk|1
|-boost|p2a: Feraligatr|spe|1
|move|p2b: Incineroar|Taunt|p1a: Indeedee
|-start|p1a: Indeedee|move: Taunt
|move|p1b: Hatterene|Trick Room|p1b: Hatterene
|-fieldstart|move: Trick Room|[of] p1b: Hatterene
|
|upkeep
|turn|2
|
|t:|1756996669
|switch|p2b: Rillaboom|Rillaboom, L50, M, shiny|100/100
|-fieldstart|move: Grassy Terrain|[from] ability: Grassy Surge|[of] p2b: Rillaboom
|move|p1b: Hatterene|Dazzling Gleam|p2b: Rillaboom|[spread] p2a,p2b
|-damage|p2a: Feraligatr|47/100
|-damage|p2b: Rillaboom|72/100
|-damage|p1b: Hatterene|91/100|[from] item: Life Orb
|move|p1a: Indeedee|Psychic|p2a: Feraligatr
|-damage|p2a: Feraligatr|7/100
|move|p2a: Feraligatr|Liquidation|p1b: Hatterene
|-damage|p1b: Hatterene|0 fnt
|faint|p1b: Hatterene
|
|-heal|p2b: Rillaboom|77/100|[from] Grassy Terrain
|-heal|p2a: Feraligatr|13/100|[from] Grassy Terrain
|upkeep
|
|t:|1756996689
|switch|p1b: Ursaluna|Ursaluna, L50, M|100/100
|turn|3
|
|t:|1756996703
|switch|p1a: Torkoal|Torkoal, L50, F|100/100
|-weather|SunnyDay|[from] ability: Drought|[of] p1a: Torkoal
|move|p1b: Ursaluna|Protect|p1b: Ursaluna
|-singleturn|p1b: Ursaluna|Protect
|move|p2a: Feraligatr|Protect|p2a: Feraligatr
|-singleturn|p2a: Feraligatr|Protect
|move|p2b: Rillaboom|U-turn|p1a: Torkoal
|-resisted|p1a: Torkoal
|-damage|p1a: Torkoal|91/100
|
|t:|1756996711
|switch|p2b: Politoed|Politoed, L50, F|100/100|[from] U-turn
|-weather|RainDance|[from] ability: Drizzle|[of] p2b: Politoed
|
|-weather|RainDance|[upkeep]
|-heal|p1a: Torkoal|97/100|[from] Grassy Terrain
|-heal|p2a: Feraligatr|19/100|[from] Grassy Terrain
|-status|p1b: Ursaluna|brn|[from] item: Flame Orb
|upkeep
|turn|4
|
|t:|1756996735
|move|p1a: Torkoal|Eruption|p2a: Feraligatr|[spread] p2a,p2b
|-resisted|p2a: Feraligatr
|-resisted|p2b: Politoed
|-damage|p2a: Feraligatr|2/100
|-damage|p2b: Politoed|87/100
|move|p1b: Ursaluna|Facade|p2b: Politoed
|-damage|p2b: Politoed|0 fnt
|faint|p2b: Politoed
|move|p2a: Feraligatr|Liquidation|p1b: Ursaluna
|-supereffective|p1b: Ursaluna
|-damage|p1b: Ursaluna|0 fnt
|faint|p1b: Ursaluna
|
|-weather|RainDance|[upkeep]
|-heal|p1a: Torkoal|100/100|[from] Grassy Terrain
|-heal|p2a: Feraligatr|8/100|[from] Grassy Terrain
|upkeep
|
|t:|1756996751
|switch|p1b: Indeedee|Indeedee-F, L50, F, tera:Fairy|100/100
|switch|p2b: Rillaboom|Rillaboom, L50, M, shiny|77/100
|-fieldstart|move: Psychic Terrain|[from] ability: Psychic Surge|[of] p1b: Indeedee
|-fieldstart|move: Grassy Terrain|[from] ability: Grassy Surge|[of] p2b: Rillaboom
|turn|5
|inactive|LeeCh1in0 has 30 seconds left.
|
|t:|1756996776
|move|p2a: Feraligatr|Protect|p2a: Feraligatr
|-singleturn|p2a: Feraligatr|Protect
|move|p2b: Rillaboom|Fake Out|p1a: Torkoal
|-damage|p1a: Torkoal|89/100
|cant|p1a: Torkoal|flinch
|move|p1b: Indeedee|Psychic|p2b: Rillaboom
|-damage|p2b: Rillaboom|58/100
|
|-weather|RainDance|[upkeep]
|-heal|p1a: Torkoal|95/100|[from] Grassy Terrain
|-heal|p2b: Rillaboom|64/100|[from] Grassy Terrain
|-heal|p2a: Feraligatr|14/100|[from] Grassy Terrain
|-fieldend|move: Trick Room
|upkeep
|turn|6
|
|t:|1756996794
|move|p1a: Torkoal|Protect|p1a: Torkoal
|-singleturn|p1a: Torkoal|Protect
|move|p1b: Indeedee|Follow Me|p1b: Indeedee
|-singleturn|p1b: Indeedee|move: Follow Me
|move|p2a: Feraligatr|Liquidation|p1b: Indeedee
|-damage|p1b: Indeedee|0 fnt
|-damage|p2a: Feraligatr|0 fnt|[from] item: Rocky Helmet|[of] p1b: Indeedee
|faint|p1b: Indeedee
|faint|p2a: Feraligatr
|move|p2b: Rillaboom|Wood Hammer|p1a: Torkoal
|-activate|p1a: Torkoal|move: Protect
|
|-weather|RainDance|[upkeep]
|-heal|p2b: Rillaboom|70/100|[from] Grassy Terrain
|-heal|p1a: Torkoal|100/100|[from] Grassy Terrain
|upkeep
|
|t:|1756996799
|switch|p2a: Incineroar|Incineroar, L50, F, shiny|100/100
|-ability|p2a: Incineroar|Intimidate|boost
|-unboost|p1a: Torkoal|atk|1
|turn|7
|
|t:|1756996811
|-terastallize|p2b: Rillaboom|Fire
|move|p2b: Rillaboom|Wood Hammer|p1a: Torkoal
|-resisted|p1a: Torkoal
|-damage|p1a: Torkoal|73/100
|-damage|p2b: Rillaboom|62/100|[from] Recoil
|move|p2a: Incineroar|Knock Off|p1a: Torkoal
|-damage|p1a: Torkoal|44/100
|-enditem|p1a: Torkoal|Charcoal|[from] move: Knock Off|[of] p2a: Incineroar
|move|p1a: Torkoal|Weather Ball|p2a: Incineroar
|-supereffective|p2a: Incineroar
|-damage|p2a: Incineroar|30/100
|
|-weather|none
|-heal|p2b: Rillaboom|68/100|[from] Grassy Terrain
|-heal|p2a: Incineroar|36/100|[from] Grassy Terrain
|-heal|p1a: Torkoal|50/100|[from] Grassy Terrain
|upkeep
|turn|8
|-message|LeeCh1in0 forfeited.
|
|win|endK649
||LeeCh1in0 is ready for game 2.
