|j|☆Marrow92
|j|☆emptinessmach
|html|Marrow92emptinessmach    
|uhtml|bestof|Game 1 of a best-of-3
|t:|1757726350
|gametype|doubles
|player|p1|Marrow92|169|1165
|player|p2|emptinessmach|red|1064
|gen|9
|tier|[Gen 9] VGC 2025 Reg H (Bo3)
|rated|
|rule|Species Clause: Limit one of each Pokémon
|rule|Item Clause: Limit 1 of each item
|clearpoke
|poke|p1|Incineroar, L50, M|
|poke|p1|Gholdengo, L50|
|poke|p1|Pelipper, L50, M|
|poke|p1|Basculegion, L50, M|
|poke|p1|Archaludon, L50, M|
|poke|p1|Rillaboom, L50, M|
|poke|p2|Garchomp, L50, M|
|poke|p2|Jumpluff, L50, M|
|poke|p2|Torkoal, L50, M|
|poke|p2|Dragonite, L50, M|
|poke|p2|Kingambit, L50, F|
|poke|p2|Typhlosion-Hisui, L50, M|
|teampreview|4
|showteam|p1|Incineroar||SafetyGoggles|Intimidate|FlareBlitz,KnockOff,FakeOut,PartingShot|||M|||50|,,,,,Ghost]Gholdengo||LifeOrb|GoodasGold|MakeItRain,ShadowBall,Protect,NastyPlot||||||50|,,,,,Water]Pelipper||FocusSash|Drizzle|WeatherBall,Hurricane,Protect,Tailwind|||M|||50|,,,,,Steel]Basculegion||ChoiceBand|SwiftSwim|WaveCrash,LastRespects,FlipTurn,AquaJet|||M|||50|,,,,,Water]Archaludon||AssaultVest|Stamina|FlashCannon,DracoMeteor,ElectroShot,BodyPress|||M|||50|,,,,,Bug]Rillaboom||MiracleSeed|GrassySurge|GrassyGlide,HighHorsepower,FakeOut,WoodHammer|||M|||50|,,,,,Fire
|showteam|p2|Garchomp||LifeOrb|RoughSkin|DragonClaw,StompingTantrum,Earthquake,Protect|||M|||50|,,,,,Steel]Jumpluff||CovertCloak|Chlorophyll|LeafStorm,SleepPowder,Encore,Tailwind|||M|||50|,,,,,Dark]Torkoal||EjectPack|Drought|Overheat,BurningJealousy,HelpingHand,Protect|||M|||50|,,,,,Flying]Dragonite||LoadedDice|Multiscale|ExtremeSpeed,ScaleShot,IceSpinner,Protect|||M|||50|,,,,,Fairy]Kingambit||AssaultVest|Defiant|IronHead,SuckerPunch,Assurance,LowKick|||F|||50|,,,,,Flying]Typhlosion-Hisui||ChoiceSpecs|Blaze|Eruption,ShadowBall,HeatWave,Flamethrower|||M|||50|,,,,,Fire
|inactive|Battle timer is ON: inactive players will automatically lose when time's up. (requested by emptinessmach)
|
|t:|1757726385
|teamsize|p1|4
|teamsize|p2|4
|start
|switch|p1a: Incineroar|Incineroar, L50, M|100/100
|switch|p1b: Gholdengo|Gholdengo, L50|100/100
|switch|p2a: Torkoal|Torkoal, L50, M, shiny|100/100
|switch|p2b: Jumpluff|Jumpluff, L50, M, shiny|100/100
|-ability|p1a: Incineroar|Intimidate|boost
|-unboost|p2a: Torkoal|atk|1
|-unboost|p2b: Jumpluff|atk|1
|-weather|SunnyDay|[from] ability: Drought|[of] p2a: Torkoal
|-enditem|p2a: Torkoal|Eject Pack
|
|t:|1757726392
|switch|p2a: Garchomp|Garchomp, L50, M, shiny|100/100
|turn|1
|inactive|Marrow92 has 30 seconds left.
|
|t:|1757726422
|move|p2a: Garchomp|Protect|p2a: Garchomp
|-singleturn|p2a: Garchomp|Protect
|move|p1a: Incineroar|Fake Out|p2a: Garchomp
|-activate|p2a: Garchomp|move: Protect
|move|p2b: Jumpluff|Tailwind|p2b: Jumpluff
|-sidestart|p2: emptinessmach|move: Tailwind
|move|p1b: Gholdengo|Nasty Plot|p1b: Gholdengo
|-boost|p1b: Gholdengo|spa|2
|
|-weather|SunnyDay|[upkeep]
|upkeep
|turn|2
|
|t:|1757726441
|switch|p1a: Pelipper|Pelipper, L50, M, shiny|100/100
|-weather|RainDance|[from] ability: Drizzle|[of] p1a: Pelipper
|-terastallize|p1b: Gholdengo|Water
|move|p2b: Jumpluff|Encore||[still]
|-fail|p2b: Jumpluff
|move|p2a: Garchomp|Earthquake|p1b: Gholdengo|[spread] p1b
|-immune|p2b: Jumpluff
|-immune|p1a: Pelipper
|-damage|p1b: Gholdengo|50/100
|-damage|p2a: Garchomp|91/100|[from] item: Life Orb
|move|p1b: Gholdengo|Make It Rain|p2a: Garchomp|[spread] p2a,p2b
|-damage|p2a: Garchomp|0 fnt
|-damage|p2b: Jumpluff|0 fnt
|-unboost|p1b: Gholdengo|spa|1
|faint|p2a: Garchomp
|faint|p2b: Jumpluff
|-damage|p1b: Gholdengo|41/100|[from] item: Life Orb
|
|-weather|RainDance|[upkeep]
|upkeep
|
|t:|1757726447
|switch|p2b: Typhlosion|Typhlosion-Hisui, L50, M, shiny|100/100
|switch|p2a: Torkoal|Torkoal, L50, M, shiny|100/100
|-weather|SunnyDay|[from] ability: Drought|[of] p2a: Torkoal
|turn|3
|inactive|emptinessmach has 30 seconds left.
|
|t:|1757726475
|switch|p1a: Incineroar|Incineroar, L50, M|100/100
|-ability|p1a: Incineroar|Intimidate|boost
|-unboost|p2a: Torkoal|atk|1
|-unboost|p2b: Typhlosion|atk|1
|move|p2a: Torkoal|Helping Hand|p2b: Typhlosion
|-singleturn|p2b: Typhlosion|Helping Hand|[of] p2a: Torkoal
|move|p1b: Gholdengo|Protect|p1b: Gholdengo
|-singleturn|p1b: Gholdengo|Protect
|move|p2b: Typhlosion|Eruption|p1b: Gholdengo|[spread] p1a
|-activate|p1b: Gholdengo|move: Protect
|-resisted|p1a: Incineroar
|-damage|p1a: Incineroar|33/100
|
|-weather|SunnyDay|[upkeep]
|upkeep
|turn|4
|
|t:|1757726502
|switch|p1b: Pelipper|Pelipper, L50, M, shiny|100/100
|-weather|RainDance|[from] ability: Drizzle|[of] p1b: Pelipper
|move|p2a: Torkoal|Helping Hand|p2b: Typhlosion
|-singleturn|p2b: Typhlosion|Helping Hand|[of] p2a: Torkoal
|move|p1a: Incineroar|Fake Out|p2a: Torkoal
|-damage|p2a: Torkoal|90/100
|move|p2b: Typhlosion|Eruption|p1b: Pelipper|[spread] p1a,p1b
|-resisted|p1a: Incineroar
|-resisted|p1b: Pelipper
|-damage|p1a: Incineroar|8/100
|-damage|p1b: Pelipper|45/100
|
|-weather|RainDance|[upkeep]
|-sideend|p2: emptinessmach|move: Tailwind
|upkeep
|turn|5
|
|t:|1757726526
|-terastallize|p2b: Typhlosion|Fire
|move|p2a: Torkoal|Helping Hand|p2b: Typhlosion
|-singleturn|p2b: Typhlosion|Helping Hand|[of] p2a: Torkoal
|move|p2b: Typhlosion|Eruption|p1b: Pelipper|[spread] p1a,p1b
|-resisted|p1a: Incineroar
|-resisted|p1b: Pelipper
|-damage|p1a: Incineroar|0 fnt
|-damage|p1b: Pelipper|0 fnt
|faint|p1a: Incineroar
|faint|p1b: Pelipper
|
|-weather|RainDance|[upkeep]
|upkeep
|
|t:|1757726530
|switch|p1b: Basculegion|Basculegion, L50, M|100/100
|switch|p1a: Gholdengo|Gholdengo, L50, tera:Water|41/100
|turn|6
|
|t:|1757726540
|move|p1b: Basculegion|Aqua Jet|p2b: Typhlosion
|-supereffective|p2b: Typhlosion
|-damage|p2b: Typhlosion|0 fnt
|faint|p2b: Typhlosion
|move|p1a: Gholdengo|Shadow Ball|p2a: Torkoal
|-damage|p2a: Torkoal|10/100
|-damage|p1a: Gholdengo|31/100|[from] item: Life Orb
|move|p2a: Torkoal|Overheat|p1b: Basculegion
|-resisted|p1b: Basculegion
|-damage|p1b: Basculegion|85/100
|-unboost|p2a: Torkoal|spa|2
|
|-weather|RainDance|[upkeep]
|upkeep
|turn|7
|
|t:|1757726553
|move|p2a: Torkoal|Protect|p2a: Torkoal
|-singleturn|p2a: Torkoal|Protect
|move|p1b: Basculegion|Aqua Jet|p2a: Torkoal
|-activate|p2a: Torkoal|move: Protect
|move|p1a: Gholdengo|Shadow Ball|p2a: Torkoal
|-activate|p2a: Torkoal|move: Protect
|
|-weather|RainDance|[upkeep]
|upkeep
|turn|8
|
|t:|1757726557
|move|p2a: Torkoal|Protect|p2a: Torkoal
|-singleturn|p2a: Torkoal|Protect
|move|p1b: Basculegion|Aqua Jet|p2a: Torkoal
|-activate|p2a: Torkoal|move: Protect
|move|p1a: Gholdengo|Shadow Ball|p2a: Torkoal
|-activate|p2a: Torkoal|move: Protect
|
|-weather|none
|upkeep
|turn|9
|
|t:|1757726570
|move|p1b: Basculegion|Aqua Jet|p2a: Torkoal
|-supereffective|p2a: Torkoal
|-damage|p2a: Torkoal|0 fnt
|faint|p2a: Torkoal
|
|win|Marrow92
|l|☆Marrow92
|player|p1|
||Marrow92 is ready for game 2.
||emptinessmach is ready for game 2.
|uhtml|next|Next: Game 2 of 3
