|j|☆marcosdeltasena31
|j|☆Marvcolor
|html|marcosdeltasena31Marvcolor    
|uhtml|bestof|Game 3 of a best-of-3
|t:|1784094692
|gametype|doubles
|player|p1|marcosdeltasena31|hilbert|1419
|player|p2|Marvcolor|giovanni|1310
|gen|9
|tier|[Gen 9 Champions] VGC 2026 Reg M-B (Bo3)
|rated|
|rule|Species Clause: Limit one of each Pokémon
|rule|Item Clause: Limit 1 of each item
|clearpoke
|poke|p1|Charizard, L50, M, shiny|
|poke|p1|Venusaur, L50, M|
|poke|p1|Pelipper, L50, M|
|poke|p1|Archaludon, L50, M|
|poke|p1|Grimmsnarl, L50, M|
|poke|p1|Basculegion, L50, M|
|poke|p2|Gengar, L50, M, shiny|
|poke|p2|Politoed, L50, M, shiny|
|poke|p2|Archaludon, L50, M, shiny|
|poke|p2|Swampert, L50, F, shiny|
|poke|p2|Incineroar, L50, F, shiny|
|poke|p2|Vivillon, L50, M, shiny|
|teampreview|4
|showteam|p1|Charizard||CharizarditeY|Blaze|Protect,HeatWave,WeatherBall,SolarBeam|Modest||M|||50|]Venusaur||FocusSash|Chlorophyll|Protect,SleepPowder,SludgeBomb,EarthPower|Modest||M|||50|]Pelipper||SitrusBerry|Drizzle|Hurricane,WeatherBall,Tailwind,WideGuard|Modest||M|||50|]Archaludon||Leftovers|Stamina|Protect,ElectroShot,DragonPulse,FlashCannon|Calm||M|||50|]Grimmsnarl||LightClay|Prankster|SpiritBreak,Reflect,LightScreen,PartingShot|Careful||M|||50|]Basculegion||ChoiceScarf|Adaptability|FlipTurn,WaveCrash,AquaJet,LastRespects|Jolly||M|||50|
|showteam|p2|Gengar||Gengarite|CursedBody|ShadowBall,SludgeBomb,PerishSong,Protect|Timid||M|||50|]Politoed||SitrusBerry|Drizzle|WeatherBall,PerishSong,Encore,Protect|Calm||M|||50|]Archaludon||Leftovers|Stamina|ElectroShot,DragonPulse,FlashCannon,Protect|Bold||M|||50|]Swampert||Swampertite|Damp|WaveCrash,Earthquake,IcePunch,Protect|Adamant||F|||50|]Incineroar||PasshoBerry|Intimidate|ThroatChop,PartingShot,Protect,FakeOut|Sassy||F|||50|]Vivillon||FocusSash|CompoundEyes|Hurricane,SleepPowder,RagePowder,Protect|Timid||M|||50|
|inactive|Battle timer is ON: inactive players will automatically lose when time's up. (requested by Marvcolor)
|
|t:|1784094711
|teamsize|p1|4
|teamsize|p2|4
|start
|switch|p1a: Charizard|Charizard, L50, M, shiny|100/100
|switch|p1b: Venusaur|Venusaur, L50, M|100/100
|switch|p2a: 3R|Swampert, L50, F, shiny|100/100
|switch|p2b: Time Walk|Vivillon, L50, M, shiny|100/100
|turn|1
|inactive|Marvcolor has 30 seconds left.
|
|t:|1784094744
|detailschange|p2a: 3R|Swampert-Mega, L50, F, shiny
|-mega|p2a: 3R|Swampert|Swampertite
|move|p2b: Time Walk|Protect|p2b: Time Walk
|-singleturn|p2b: Time Walk|Protect
|move|p1b: Venusaur|Protect|p1b: Venusaur
|-singleturn|p1b: Venusaur|Protect
|move|p1a: Charizard|Protect|p1a: Charizard
|-singleturn|p1a: Charizard|Protect
|move|p2a: 3R|Protect||[still]
|-fail|p2a: 3R
|
|upkeep
|turn|2
|inactive|Marvcolor has 30 seconds left.
|
|t:|1784094773
|switch|p2a: Mankira|Incineroar, L50, F, shiny|100/100
|-ability|p2a: Mankira|Intimidate|boost
|-unboost|p1a: Charizard|atk|1
|-unboost|p1b: Venusaur|atk|1
|detailschange|p1a: Charizard|Charizard-Mega-Y, L50, M, shiny
|-mega|p1a: Charizard|Charizard|Charizardite Y
|-weather|SunnyDay|[from] ability: Drought|[of] p1a: Charizard
|move|p1b: Venusaur|Sleep Powder|p2b: Time Walk
|-status|p2b: Time Walk|slp|[from] move: Sleep Powder
|cant|p2b: Time Walk|slp
|move|p1a: Charizard|Solar Beam||[still]
|-prepare|p1a: Charizard|Solar Beam
|-anim|p1a: Charizard|Solar Beam|p2a: Mankira
|-resisted|p2a: Mankira|1
|-damage|p2a: Mankira|83/100
|
|-weather|SunnyDay|[upkeep]
|upkeep
|turn|3
|
|t:|1784094796
|move|p2a: Mankira|Fake Out|p1a: Charizard
|-damage|p1a: Charizard|89/100
|move|p1b: Venusaur|Sludge Bomb|p2b: Time Walk
|-damage|p2b: Time Walk|8/100 slp
|-curestatus|p2b: Time Walk|slp|[msg]
|move|p2b: Time Walk|Hurricane|p1b: Venusaur|[miss]
|-miss|p2b: Time Walk|p1b: Venusaur
|cant|p1a: Charizard|flinch
|
|-weather|SunnyDay|[upkeep]
|upkeep
|turn|4
|
|t:|1784094817
|move|p2b: Time Walk|Protect|p2b: Time Walk
|-singleturn|p2b: Time Walk|Protect
|move|p1a: Charizard|Protect|p1a: Charizard
|-singleturn|p1a: Charizard|Protect
|move|p1b: Venusaur|Sludge Bomb|p2b: Time Walk
|-activate|p2b: Time Walk|move: Protect
|move|p2a: Mankira|Parting Shot|p1a: Charizard
|-activate|p1a: Charizard|move: Protect
|
|-weather|SunnyDay|[upkeep]
|upkeep
|turn|5
|
|t:|1784094836
|switch|p2a: Connect|Politoed, L50, M, shiny|100/100
|-weather|RainDance|[from] ability: Drizzle|[of] p2a: Connect
|move|p2b: Time Walk|Sleep Powder|p1a: Charizard
|-status|p1a: Charizard|slp|[from] move: Sleep Powder
|move|p1b: Venusaur|Sludge Bomb|p2b: Time Walk
|-damage|p2b: Time Walk|0 fnt
|faint|p2b: Time Walk
|cant|p1a: Charizard|slp
|
|-weather|RainDance|[upkeep]
|upkeep
|
|t:|1784094847
|switch|p2b: 3R|Swampert-Mega, L50, F, shiny|100/100
|turn|6
|
|t:|1784094856
|switch|p1a: Archaludon|Archaludon, L50, M|100/100
|switch|p2a: Mankira|Incineroar, L50, F, shiny|83/100
|-ability|p2a: Mankira|Intimidate|boost
|-unboost|p1a: Archaludon|atk|1
|-unboost|p1b: Venusaur|atk|1
|move|p2b: 3R|Ice Punch|p1b: Venusaur
|-supereffective|p1b: Venusaur|1
|-damage|p1b: Venusaur|21/100
|move|p1b: Venusaur|Sleep Powder|p2a: Mankira
|-status|p2a: Mankira|slp|[from] move: Sleep Powder
|
|-weather|RainDance|[upkeep]
|upkeep
|turn|7
|inactive|Marvcolor has 30 seconds left.
|
|t:|1784094888
|move|p2b: 3R|Protect|p2b: 3R
|-singleturn|p2b: 3R|Protect
|move|p1b: Venusaur|Protect|p1b: Venusaur
|-singleturn|p1b: Venusaur|Protect
|move|p1a: Archaludon|Electro Shot||[still]
|-prepare|p1a: Archaludon|Electro Shot
|-boost|p1a: Archaludon|spa|1
|-anim|p1a: Archaludon|Electro Shot|p2a: Mankira
|-damage|p2a: Mankira|38/100 slp
|cant|p2a: Mankira|slp
|
|-weather|RainDance|[upkeep]
|upkeep
|turn|8
|
|t:|1784094902
|switch|p1b: Pelipper|Pelipper, L50, M|100/100
|cant|p2a: Mankira|slp
|move|p2b: 3R|Earthquake|p1b: Pelipper|[spread] p2a,p1a
|-immune|p1b: Pelipper
|-supereffective|p2a: Mankira|1
|-supereffective|p1a: Archaludon|1
|-damage|p2a: Mankira|0 fnt
|-damage|p1a: Archaludon|31/100
|-ability|p1a: Archaludon|Stamina|boost
|-boost|p1a: Archaludon|def|1
|faint|p2a: Mankira
|move|p1a: Archaludon|Electro Shot||[still]
|-prepare|p1a: Archaludon|Electro Shot
|-boost|p1a: Archaludon|spa|1
|-anim|p1a: Archaludon|Electro Shot|p2b: 3R
|-immune|p2b: 3R
|
|-weather|RainDance|[upkeep]
|-heal|p1a: Archaludon|38/100|[from] item: Leftovers
|upkeep
|
|t:|1784094911
|switch|p2a: Connect|Politoed, L50, M, shiny|100/100
|turn|9
|
|t:|1784094929
|move|p2a: Connect|Protect|p2a: Connect
|-singleturn|p2a: Connect|Protect
|move|p1b: Pelipper|Wide Guard|p1b: Pelipper
|-singleturn|p1b: Pelipper|Wide Guard
|move|p2b: 3R|Wave Crash|p1a: Archaludon
|-resisted|p1a: Archaludon|1
|-damage|p1a: Archaludon|9/100
|-ability|p1a: Archaludon|Stamina|boost
|-boost|p1a: Archaludon|def|1
|-damage|p2b: 3R|89/100|[from] Recoil
|move|p1a: Archaludon|Electro Shot||[still]
|-prepare|p1a: Archaludon|Electro Shot
|-boost|p1a: Archaludon|spa|1
|-anim|p1a: Archaludon|Electro Shot|p2a: Connect
|-activate|p2a: Connect|move: Protect
|
|-weather|none
|-heal|p1a: Archaludon|15/100|[from] item: Leftovers
|upkeep
|turn|10
|
|t:|1784094953
|move|p1a: Archaludon|Dragon Pulse|p2a: Connect
|-damage|p2a: Connect|29/100
|-enditem|p2a: Connect|Sitrus Berry|[eat]
|-heal|p2a: Connect|54/100|[from] item: Sitrus Berry
|move|p2b: 3R|Wave Crash|p1b: Pelipper
|-resisted|p1b: Pelipper|1
|-crit|p1b: Pelipper
|-damage|p1b: Pelipper|34/100
|-enditem|p1b: Pelipper|Sitrus Berry|[eat]
|-heal|p1b: Pelipper|59/100|[from] item: Sitrus Berry
|-damage|p2b: 3R|70/100|[from] Recoil
|move|p1b: Pelipper|Tailwind|p1b: Pelipper
|-sidestart|p1: marcosdeltasena31|move: Tailwind
|move|p2a: Connect|Weather Ball|p1a: Archaludon
|-resisted|p1a: Archaludon|1
|-damage|p1a: Archaludon|10/100
|-ability|p1a: Archaludon|Stamina|boost
|-boost|p1a: Archaludon|def|1
|
|-heal|p1a: Archaludon|16/100|[from] item: Leftovers
|upkeep
|turn|11
|inactive|Marvcolor has 30 seconds left.
|
|t:|1784094978
|switch|p1b: Charizard|Charizard-Mega-Y, L50, M, shiny|89/100 slp
|-weather|SunnyDay|[from] ability: Drought|[of] p1b: Charizard
|move|p2b: 3R|Protect|p2b: 3R
|-singleturn|p2b: 3R|Protect
|move|p1a: Archaludon|Dragon Pulse|p2b: 3R
|-activate|p2b: 3R|move: Protect
|move|p2a: Connect|Weather Ball|p1a: Archaludon
|-damage|p1a: Archaludon|0 fnt
|faint|p1a: Archaludon
|
|-weather|SunnyDay|[upkeep]
|upkeep
|
|t:|1784094989
|switch|p1a: Venusaur|Venusaur, L50, M|21/100
|turn|12
|
|t:|1784094997
|move|p1a: Venusaur|Sleep Powder|p2b: 3R
|-status|p2b: 3R|slp|[from] move: Sleep Powder
|cant|p1b: Charizard|slp
|cant|p2b: 3R|slp
|move|p2a: Connect|Weather Ball|p1a: Venusaur
|-supereffective|p1a: Venusaur|1
|-damage|p1a: Venusaur|0 fnt
|faint|p1a: Venusaur
|
|-weather|SunnyDay|[upkeep]
|upkeep
|
|t:|1784095003
|switch|p1a: Pelipper|Pelipper, L50, M|59/100
|-weather|RainDance|[from] ability: Drizzle|[of] p1a: Pelipper
|turn|13
|
|t:|1784095025
|-curestatus|p2b: 3R|slp|[msg]
|move|p2b: 3R|Protect|p2b: 3R
|-singleturn|p2b: 3R|Protect
|-curestatus|p1b: Charizard|slp|[msg]
|move|p1b: Charizard|Weather Ball|p2b: 3R
|-activate|p2b: 3R|move: Protect
|move|p1a: Pelipper|Hurricane|p2b: 3R
|-activate|p2b: 3R|move: Protect
|move|p2a: Connect|Weather Ball|p1b: Charizard
|-supereffective|p1b: Charizard|1
|-damage|p1b: Charizard|1/100
|
|-weather|RainDance|[upkeep]
|-sideend|p1: marcosdeltasena31|move: Tailwind
|upkeep
|turn|14
|
|t:|1784095047
|move|p2b: 3R|Wave Crash|p1b: Charizard
|-supereffective|p1b: Charizard|1
|-damage|p1b: Charizard|0 fnt
|faint|p1b: Charizard
|-damage|p2b: 3R|69/100|[from] Recoil
|move|p1a: Pelipper|Hurricane|p2b: 3R
|-damage|p2b: 3R|34/100
|move|p2a: Connect|Weather Ball|p1a: Pelipper
|-resisted|p1a: Pelipper|1
|-damage|p1a: Pelipper|30/100
|
|-weather|RainDance|[upkeep]
|upkeep
|turn|15
|-message|marcosdeltasena31 forfeited.
|raw|marcosdeltasena31's rating: 1419 → 1393(-26 for losing)
|raw|Marvcolor's rating: 1310 → 1336(+26 for winning)
|
|win|Marvcolor
|l|☆marcosdeltasena31
|player|p1|
