|j|鈽唅dk_1101
|j|鈽哅arzipanTheFirst
|html|idk_1101MarzipanTheFirst    
|uhtml|bestof|Game 2 of a best-of-3
|t:|1785365899
|gametype|doubles
|player|p1|idk_1101|101|1098
|player|p2|MarzipanTheFirst|wallace|1196
|gen|9
|tier|[Gen 9 Champions] VGC 2026 Reg M-B (Bo3)
|rated|
|rule|Species Clause: Limit one of each Pok茅mon
|rule|Item Clause: Limit 1 of each item
|clearpoke
|poke|p1|Froslass, L50, F|
|poke|p1|Incineroar, L50, F|
|poke|p1|Orthworm, L50, M|
|poke|p1|Garchomp, L50, M|
|poke|p1|Basculegion, L50, M, shiny|
|poke|p1|Rotom-Frost, L50|
|poke|p2|Dragalge, L50, F|
|poke|p2|Mamoswine, L50, F|
|poke|p2|Aerodactyl, L50, F|
|poke|p2|Lopunny, L50, F|
|poke|p2|Kingambit, L50, M|
|poke|p2|Sinistcha-Masterpiece, L50|
|teampreview|4
|showteam|p1|Froslass||Froslassite|SnowCloak|Blizzard,NastyPlot,Protect,ShadowBall|Timid||F|||50|]Incineroar||LumBerry|Intimidate|FakeOut,PartingShot,FlareBlitz,DarkestLariat|Adamant||F|||50|]Orthworm||SitrusBerry|EarthEater|ShedTail,HeavySlam,IronDefense,BodyPress|Careful||M|||50|]Garchomp||FocusSash|RoughSkin|Earthquake,Protect,RockSlide,DragonClaw|Jolly||M|||50|]Basculegion||ChoiceScarf|Adaptability|LastRespects,FlipTurn,AquaJet,WaveCrash|Jolly||M|||50|]Rotom-Frost||NeverMeltIce|Levitate|Blizzard,Protect,HelpingHand,Thunderbolt|Modest|||||50|
|showteam|p2|Dragalge||Dragalgite|Adaptability|DracoMeteor,FlipTurn,SludgeBomb,Protect|Modest||F|||50|]Mamoswine||LifeOrb|Oblivious|IceShard,HighHorsepower,IcicleCrash,Protect|Adamant||F|||50|]Aerodactyl||FocusSash|Unnerve|RockSlide,DualWingbeat,Tailwind,Protect|Jolly||F|||50|]Lopunny||Lopunnite|CuteCharm|CloseCombat,TripleAxel,Pounce,FakeOut|Jolly||F|||50|]Kingambit||BlackGlasses|Defiant|KowtowCleave,SuckerPunch,IronHead,Protect|Adamant||M|||50|]Sinistcha-Masterpiece||ColburBerry|Hospitality|MatchaGotcha,RagePowder,TrickRoom,Protect|Bold|||||50|
|inactive|Battle timer is ON: inactive players will automatically lose when time's up. (requested by idk_1101)
|
|t:|1785365926
|teamsize|p1|4
|teamsize|p2|4
|start
|switch|p1a: Orthworm|Orthworm, L50, M|100/100
|switch|p1b: Garchomp|Garchomp, L50, M|100/100
|switch|p2a: Kingambit|Kingambit, L50, M|100/100
|switch|p2b: Mamoswine|Mamoswine, L50, F|100/100
|turn|1
|inactive|idk_1101 has 30 seconds left.
|
|t:|1785365962
|move|p1b: Garchomp|Protect|p1b: Garchomp
|-singleturn|p1b: Garchomp|Protect
|move|p2b: Mamoswine|Ice Shard|p1b: Garchomp
|-activate|p1b: Garchomp|move: Protect
|move|p1a: Orthworm|Iron Defense|p1a: Orthworm
|-boost|p1a: Orthworm|def|2
|move|p2a: Kingambit|Iron Head|p1b: Garchomp
|-activate|p1b: Garchomp|move: Protect
|
|upkeep
|turn|2
|
|t:|1785365983
|switch|p1b: Froslass|Froslass, L50, F|100/100
|move|p2b: Mamoswine|Ice Shard|p1b: Froslass
|-resisted|p1b: Froslass|1
|-damage|p1b: Froslass|74/100
|-damage|p2b: Mamoswine|90/100|[from] item: Life Orb
|move|p2a: Kingambit|Sucker Punch|p1a: Orthworm
|-damage|p1a: Orthworm|80/100
|move|p1a: Orthworm|Body Press|p2a: Kingambit
|-supereffective|p2a: Kingambit|2
|-damage|p2a: Kingambit|0 fnt
|faint|p2a: Kingambit
|
|upkeep
|
|t:|1785365991
|switch|p2a: Lopunny|Lopunny, L50, F|100/100
|turn|3
|
|t:|1785366013
|switch|p1b: Basculegion|Basculegion, L50, M, shiny|100/100
|detailschange|p2a: Lopunny|Lopunny-Mega, L50, F
|-mega|p2a: Lopunny|Lopunny|Lopunnite
|move|p2b: Mamoswine|Ice Shard|p1b: Basculegion
|-resisted|p1b: Basculegion|1
|-damage|p1b: Basculegion|81/100
|-damage|p2b: Mamoswine|80/100|[from] item: Life Orb
|move|p2a: Lopunny|Close Combat|p1a: Orthworm
|-supereffective|p1a: Orthworm|1
|-damage|p1a: Orthworm|36/100
|-unboost|p2a: Lopunny|def|1
|-unboost|p2a: Lopunny|spd|1
|-enditem|p1a: Orthworm|Sitrus Berry|[eat]
|-heal|p1a: Orthworm|61/100|[from] item: Sitrus Berry
|move|p1a: Orthworm|Body Press|p2a: Lopunny
|-supereffective|p2a: Lopunny|1
|-damage|p2a: Lopunny|0 fnt
|faint|p2a: Lopunny
|
|upkeep
|
|t:|1785366021
|switch|p2a: Aerodactyl|Aerodactyl, L50, F|100/100
|-ability|p2a: Aerodactyl|Unnerve
|turn|4
|c|鈽哅arzipanTheFirst|Wp wp
|
|t:|1785366035
|move|p1b: Basculegion|Wave Crash|p2a: Aerodactyl
|-supereffective|p2a: Aerodactyl|1
|-enditem|p2a: Aerodactyl|Focus Sash
|-damage|p2a: Aerodactyl|1/100
|-damage|p1b: Basculegion|55/100|[from] Recoil
|move|p2a: Aerodactyl|Rock Slide|p1a: Orthworm|[spread] p1a,p1b
|-resisted|p1a: Orthworm|1
|-crit|p1a: Orthworm
|-damage|p1a: Orthworm|48/100
|-damage|p1b: Basculegion|24/100
|move|p2b: Mamoswine|High Horsepower|p1b: Basculegion
|-damage|p1b: Basculegion|0 fnt
|faint|p1b: Basculegion
|-damage|p2b: Mamoswine|70/100|[from] item: Life Orb
|cant|p1a: Orthworm|flinch
|
|upkeep
|
|t:|1785366059
|switch|p1b: Garchomp|Garchomp, L50, M|100/100
|turn|5
|
|t:|1785366069
|move|p2a: Aerodactyl|Rock Slide|p1b: Garchomp|[spread] p1a,p1b
|-resisted|p1a: Orthworm|1
|-resisted|p1b: Garchomp|1
|-damage|p1a: Orthworm|44/100
|-damage|p1b: Garchomp|85/100
|cant|p1b: Garchomp|flinch
|move|p2b: Mamoswine|Icicle Crash|p1a: Orthworm
|-resisted|p1a: Orthworm|1
|-damage|p1a: Orthworm|33/100
|-damage|p2b: Mamoswine|60/100|[from] item: Life Orb
|cant|p1a: Orthworm|flinch
|
|upkeep
|turn|6
|
|t:|1785366085
|move|p2a: Aerodactyl|Rock Slide|p1a: Orthworm|[spread] p1a,p1b
|-resisted|p1a: Orthworm|1
|-resisted|p1b: Garchomp|1
|-damage|p1a: Orthworm|29/100
|-damage|p1b: Garchomp|72/100
|cant|p1b: Garchomp|flinch
|move|p2b: Mamoswine|Icicle Crash|p1a: Orthworm
|-resisted|p1a: Orthworm|1
|-damage|p1a: Orthworm|18/100
|-damage|p2b: Mamoswine|50/100g|[from] item: Life Orb
|cant|p1a: Orthworm|flinch
|
|upkeep
|turn|7
|inactive|MarzipanTheFirst has 30 seconds left.
|c|鈽唅dk_1101|wtf
|
|t:|1785366114
|move|p2b: Mamoswine|Ice Shard|p1b: Garchomp
|-supereffective|p1b: Garchomp|2
|-crit|p1b: Garchomp
|-damage|p1b: Garchomp|0 fnt
|faint|p1b: Garchomp
|-damage|p2b: Mamoswine|41/100|[from] item: Life Orb
|move|p2a: Aerodactyl|Rock Slide|p1a: Orthworm
|-resisted|p1a: Orthworm|1
|-damage|p1a: Orthworm|11/100
|cant|p1a: Orthworm|flinch
|
|upkeep
|c|鈽哅arzipanTheFirst|Holy rng
|
|t:|1785366125
|switch|p1b: Froslass|Froslass, L50, F|74/100
|turn|8
|c|鈽哅arzipanTheFirst|I might clutch
|
|t:|1785366137
|detailschange|p1b: Froslass|Froslass-Mega, L50, F
|-mega|p1b: Froslass|Froslass|Froslassite
|-weather|Snowscape|[from] ability: Snow Warning|[of] p1b: Froslass
|move|p2a: Aerodactyl|Rock Slide|p1b: Froslass|[spread] p1a,p1b
|-resisted|p1a: Orthworm|1
|-supereffective|p1b: Froslass|1
|-damage|p1a: Orthworm|7/100
|-damage|p1b: Froslass|21/100
|move|p1b: Froslass|Blizzard|p2a: Aerodactyl|[spread] p2a,p2b
|-supereffective|p2a: Aerodactyl|1
|-damage|p2a: Aerodactyl|0 fnt
|-damage|p2b: Mamoswine|0 fnt
|faint|p2a: Aerodactyl
|faint|p2b: Mamoswine
|
|win|idk_1101
|inactive|idk_1101 has 30 seconds to confirm battle start!
|inactive|MarzipanTheFirst has 30 seconds to confirm battle start!
||MarzipanTheFirst is ready for game 3.
