|j|☆thepokecrafter13
|j|☆redcorvin
|html|thepokecrafter13redcorvin    
|uhtml|bestof|Game 3 of a best-of-3
|t:|1783698331
|gametype|doubles
|player|p1|thepokecrafter13|170|
|player|p2|redcorvin|hugh|
|gen|9
|tier|[Gen 9 Champions] VGC 2026 Reg M-B (Bo3)
|rule|Species Clause: Limit one of each Pokémon
|rule|Item Clause: Limit 1 of each item
|clearpoke
|poke|p1|Garchomp, L50, F|
|poke|p1|Kingambit, L50, M|
|poke|p1|Milotic, L50, F|
|poke|p1|Whimsicott, L50, F|
|poke|p1|Charizard, L50, F|
|poke|p1|Sneasler, L50, F|
|poke|p2|Floette-Eternal, L50, F|
|poke|p2|Charizard, L50, M|
|poke|p2|Whimsicott, L50, F, shiny|
|poke|p2|Garchomp, L50, F, shiny|
|poke|p2|Basculegion, L50, M|
|poke|p2|Kingambit, L50, M, shiny|
|teampreview|4
|showteam|p1|Garchomp||YacheBerry|RoughSkin|Earthquake,DragonClaw,SwordsDance,IronHead|Jolly||F|||50|]Kingambit||BlackGlasses|SupremeOverlord|KowtowCleave,SuckerPunch,IronHead,LowKick|Adamant||M|||50|]Milotic||Leftovers|Competitive|Scald,Recover,IceBeam,Hypnosis|Bold||F|||50|]Whimsicott||MentalHerb|Prankster|Encore,Moonblast,Tailwind,Taunt|Bold||F|||50|]Charizard||CharizarditeY|Blaze|WeatherBall,SolarBeam,ScorchingSands,FocusBlast|Timid||F|||50|]Sneasler||FocusSash|Unburden|DireClaw,CloseCombat,FakeOut,Uturn|Adamant||F|||50|
|showteam|p2|Floette-Eternal||Floettite|FlowerVeil|Moonblast,DazzlingGleam,LightofRuin,Protect|Modest||F|||50|]Charizard||CharizarditeY|Blaze|HeatWave,WeatherBall,SolarBeam,Protect|Modest||M|||50|]Whimsicott||FocusSash|Prankster|Moonblast,Tailwind,Encore,Protect|Timid||F|||50|]Garchomp||RoseliBerry|RoughSkin|DragonClaw,StompingTantrum,PoisonJab,RockSlide|Jolly||F|||50|]Basculegion||MysticWater|Adaptability|WaveCrash,LastRespects,AquaJet,Protect|Adamant||M|||50|]Kingambit||OccaBerry|Defiant|KowtowCleave,IronHead,SuckerPunch,Protect|Adamant||M|||50|
|
|t:|1783698394
|teamsize|p1|4
|teamsize|p2|4
|start
|switch|p1a: Charizard|Charizard, L50, F|100/100
|switch|p1b: Garchomp|Garchomp, L50, F|100/100
|switch|p2a: Garchomp|Garchomp, L50, F, shiny|100/100
|switch|p2b: Basculegion|Basculegion, L50, M|100/100
|turn|1
|
|t:|1783698460
|detailschange|p1a: Charizard|Charizard-Mega-Y, L50, F
|-mega|p1a: Charizard|Charizard|Charizardite Y
|-weather|SunnyDay|[from] ability: Drought|[of] p1a: Charizard
|move|p2a: Garchomp|Dragon Claw|p1b: Garchomp
|-supereffective|p1b: Garchomp|1
|-damage|p1b: Garchomp|21/100
|-damage|p2a: Garchomp|87/100|[from] ability: Rough Skin|[of] p1b: Garchomp
|move|p1b: Garchomp|Dragon Claw|p2a: Garchomp
|-supereffective|p2a: Garchomp|1
|-crit|p2a: Garchomp
|-damage|p2a: Garchomp|0 fnt
|-damage|p1b: Garchomp|8/100|[from] ability: Rough Skin|[of] p2a: Garchomp
|faint|p2a: Garchomp
|move|p1a: Charizard|Weather Ball|p2b: Basculegion
|-resisted|p2b: Basculegion|1
|-damage|p2b: Basculegion|44/100
|move|p2b: Basculegion|Wave Crash|p1a: Charizard
|-supereffective|p1a: Charizard|1
|-crit|p1a: Charizard
|-damage|p1a: Charizard|0 fnt
|faint|p1a: Charizard
|-damage|p2b: Basculegion|19/100|[from] Recoil
|
|-weather|SunnyDay|[upkeep]
|upkeep
|
|t:|1783698483
|switch|p2a: Whimsicott|Whimsicott, L50, F, shiny|100/100
|switch|p1a: Whimsicott|Whimsicott, L50, F|100/100
|turn|2
|
|t:|1783698512
|switch|p1b: Milotic|Milotic, L50, F|100/100
|move|p2a: Whimsicott|Tailwind|p2a: Whimsicott
|-sidestart|p2: redcorvin|move: Tailwind
|move|p2b: Basculegion|Aqua Jet|p1b: Milotic
|-resisted|p1b: Milotic|1
|-damage|p1b: Milotic|93/100
|move|p1a: Whimsicott|Moonblast|p2b: Basculegion
|-damage|p2b: Basculegion|0 fnt
|faint|p2b: Basculegion
|
|-weather|SunnyDay|[upkeep]
|-heal|p1b: Milotic|99/100|[from] item: Leftovers
|upkeep
|
|t:|1783698523
|switch|p2b: Floette|Floette-Eternal, L50, F|100/100
|turn|3
|
|t:|1783698543
|detailschange|p2b: Floette|Floette-Mega, L50, F
|-mega|p2b: Floette|Floette|Floettite
|-ability|p2b: Floette|Fairy Aura
|move|p1a: Whimsicott|Encore|p2a: Whimsicott
|-start|p2a: Whimsicott|Encore
|move|p2a: Whimsicott|Tailwind||[still]
|-fail|p2a: Whimsicott
|move|p2b: Floette|Moonblast|p1b: Milotic
|-damage|p1b: Milotic|44/100
|move|p1b: Milotic|Hypnosis|p2b: Floette|[miss]
|-miss|p1b: Milotic|p2b: Floette
|
|-weather|SunnyDay|[upkeep]
|-heal|p1b: Milotic|50/100y|[from] item: Leftovers
|upkeep
|turn|4
|
|t:|1783698573
|move|p2a: Whimsicott|Tailwind||[still]
|-fail|p2a: Whimsicott
|move|p1a: Whimsicott|Tailwind|p1a: Whimsicott
|-sidestart|p1: thepokecrafter13|move: Tailwind
|move|p2b: Floette|Light of Ruin|p1b: Milotic
|-damage|p1b: Milotic|0 fnt
|faint|p1b: Milotic
|-damage|p2b: Floette|67/100|[from] Recoil
|
|-weather|SunnyDay|[upkeep]
|upkeep
|
|t:|1783698580
|switch|p1b: Garchomp|Garchomp, L50, F|8/100
|turn|5
|
|t:|1783698599
|move|p2a: Whimsicott|Tailwind||[still]
|-fail|p2a: Whimsicott
|move|p1b: Garchomp|Iron Head|p2b: Floette
|-supereffective|p2b: Floette|1
|-damage|p2b: Floette|0 fnt
|faint|p2b: Floette
|move|p1a: Whimsicott|Moonblast|p2a: Whimsicott
|-damage|p2a: Whimsicott|58/100
|
|-weather|none
|-end|p2a: Whimsicott|Encore
|-sideend|p2: redcorvin|move: Tailwind
|upkeep
|turn|6
|
|t:|1783698626
|move|p1a: Whimsicott|Encore|p2a: Whimsicott
|-start|p2a: Whimsicott|Encore
|move|p2a: Whimsicott|Tailwind|p2a: Whimsicott
|-sidestart|p2: redcorvin|move: Tailwind
|move|p1b: Garchomp|Iron Head|p2a: Whimsicott
|-supereffective|p2a: Whimsicott|1
|-damage|p2a: Whimsicott|0 fnt
|faint|p2a: Whimsicott
|
|win|thepokecrafter13
|c|☆thepokecrafter13|gg
|c|☆thepokecrafter13|that was really close
|c|☆redcorvin|yeah
|c|☆redcorvin|gg
|l|☆redcorvin
|player|p2|
