|j|☆SengarBlade
|j|☆M3rcurius
|html|SengarBladeM3rcurius    
|uhtml|bestof|Game 2 of a best-of-3
|t:|1757847972
|gametype|doubles
|player|p1|SengarBlade|preschooler|1035
|player|p2|M3rcurius|265|1125
|gen|9
|tier|[Gen 9] VGC 2025 Reg H (Bo3)
|rated|
|rule|Species Clause: Limit one of each Pokémon
|rule|Item Clause: Limit 1 of each item
|clearpoke
|poke|p1|Murkrow, L50, F|
|poke|p1|Tyranitar, L50, F|
|poke|p1|Lycanroc, L50, F|
|poke|p1|Decidueye-Hisui, L50, M|
|poke|p1|Clefable, L50, F|
|poke|p1|Hydreigon, L50, F|
|poke|p2|Ursaluna, L50, M|
|poke|p2|Amoonguss, L50, F|
|poke|p2|Porygon2, L50|
|poke|p2|Incineroar, L50, F|
|poke|p2|Gholdengo, L50|
|poke|p2|Hydreigon, L50, F|
|teampreview|4
|showteam|p1|Murkrow||Eviolite|Prankster|FoulPlay,Tailwind,Haze,Protect|||F|||50|,,,,,Steel]Tyranitar||ClearAmulet|SandStream|RockSlide,KnockOff,TeraBlast,Protect|||F|||50|,,,,,Flying]Lycanroc||FocusSash|SandRush|RockSlide,Accelerock,Endeavor,Endure|||F|||50|,,,,,Ghost]Decidueye-Hisui||LifeOrb|Scrappy|CloseCombat,LeafBlade,UpperHand,Protect|||M|||50|,,,,,Ghost]Clefable||SafetyGoggles|Unaware|Moonblast,FollowMe,HelpingHand,Protect|||F|||50|,,,,,Water]Hydreigon||AguavBerry|Levitate|DracoMeteor,DarkPulse,Snarl,Protect|||F|||50|,,,,,Poison
|showteam|p2|Ursaluna||FlameOrb|Guts|Earthquake,Facade,HeadlongRush,Protect|||M|||50|,,,,,Ghost]Amoonguss||SitrusBerry|Regenerator|Spore,RagePowder,PollenPuff,Protect|||F|||50|,,,,,Fairy]Porygon2||Eviolite|Download|TrickRoom,TeraBlast,Recover,IceBeam||||||50|,,,,,Fighting]Incineroar||AssaultVest|Intimidate|FlareBlitz,KnockOff,FakeOut,Uturn|||F|||50|,,,,,Grass]Gholdengo||MetalCoat|GoodasGold|MakeItRain,ShadowBall,Protect,NastyPlot||||||50|,,,,,Water]Hydreigon||SafetyGoggles|Levitate|DracoMeteor,Snarl,Protect,Tailwind|||F|||50|,,,,,Ghost
|
|t:|1757848002
|teamsize|p1|4
|teamsize|p2|4
|start
|switch|p1a: Decidueye|Decidueye-Hisui, L50, M|100/100
|switch|p1b: Lycanroc|Lycanroc, L50, F|100/100
|switch|p2a: Porygon2|Porygon2, L50|100/100
|switch|p2b: Amoonguss|Amoonguss, L50, F|100/100
|-ability|p2a: Porygon2|Download|boost
|-boost|p2a: Porygon2|atk|1
|turn|1
|
|t:|1757848025
|move|p2b: Amoonguss|Rage Powder|p2b: Amoonguss
|-singleturn|p2b: Amoonguss|move: Rage Powder
|move|p1b: Lycanroc|Rock Slide|p2a: Porygon2|[spread] p2b
|-miss|p1b: Lycanroc|p2a: Porygon2
|-damage|p2b: Amoonguss|75/100
|move|p1a: Decidueye|Close Combat|p2a: Porygon2
|-supereffective|p2a: Porygon2
|-damage|p2a: Porygon2|0 fnt
|-unboost|p1a: Decidueye|def|1
|-unboost|p1a: Decidueye|spd|1
|faint|p2a: Porygon2
|-damage|p1a: Decidueye|91/100|[from] item: Life Orb
|
|upkeep
|
|t:|1757848038
|switch|p2a: Incineroar|Incineroar, L50, F|100/100
|-ability|p2a: Incineroar|Intimidate|boost
|-fail|p1a: Decidueye|unboost|Attack|[from] ability: Scrappy|[of] p1a: Decidueye
|-unboost|p1b: Lycanroc|atk|1
|turn|2
|
|t:|1757848057
|-terastallize|p2a: Incineroar|Grass
|move|p1a: Decidueye|Upper Hand||[still]
|-fail|p1a: Decidueye
|move|p1b: Lycanroc|Rock Slide|p2b: Amoonguss|[spread] p2a,p2b
|-damage|p2a: Incineroar|83/100
|-damage|p2b: Amoonguss|59/100
|move|p2a: Incineroar|Flare Blitz|p1a: Decidueye
|-supereffective|p1a: Decidueye
|-damage|p1a: Decidueye|0 fnt
|faint|p1a: Decidueye
|-damage|p2a: Incineroar|54/100|[from] Recoil
|move|p2b: Amoonguss|Spore|p1b: Lycanroc
|-status|p1b: Lycanroc|slp|[from] move: Spore
|
|upkeep
|
|t:|1757848073
|switch|p1a: Tyranitar|Tyranitar, L50, F|100/100
|-weather|Sandstorm|[from] ability: Sand Stream|[of] p1a: Tyranitar
|turn|3
|
|t:|1757848120
|switch|p2a: Ursaluna|Ursaluna, L50, M|100/100
|-terastallize|p1a: Tyranitar|Flying
|cant|p1b: Lycanroc|slp
|move|p1a: Tyranitar|Tera Blast|p2b: Amoonguss|[anim] Tera Blast Flying
|-supereffective|p2b: Amoonguss
|-damage|p2b: Amoonguss|0 fnt
|faint|p2b: Amoonguss
|
|-weather|Sandstorm|[upkeep]
|-damage|p1a: Tyranitar|94/100|[from] Sandstorm
|-status|p2a: Ursaluna|brn|[from] item: Flame Orb
|upkeep
|
|t:|1757848131
|switch|p2b: Incineroar|Incineroar, L50, F, tera:Grass|54/100
|-ability|p2b: Incineroar|Intimidate|boost
|-fail|p1a: Tyranitar|unboost|[from] item: Clear Amulet|[of] p1a: Tyranitar
|-unboost|p1b: Lycanroc|atk|1
|turn|4
|
|t:|1757848157
|switch|p1b: Murkrow|Murkrow, L50, F|100/100
|move|p1a: Tyranitar|Protect|p1a: Tyranitar
|-singleturn|p1a: Tyranitar|Protect
|move|p2b: Incineroar|Fake Out|p1b: Murkrow
|-damage|p1b: Murkrow|85/100
|move|p2a: Ursaluna|Facade|p1a: Tyranitar
|-activate|p1a: Tyranitar|move: Protect
|
|-weather|Sandstorm|[upkeep]
|-damage|p1b: Murkrow|79/100|[from] Sandstorm
|-damage|p2b: Incineroar|49/100|[from] Sandstorm
|-damage|p1a: Tyranitar|88/100|[from] Sandstorm
|-damage|p2a: Ursaluna|95/100 brn|[from] brn
|upkeep
|turn|5
|
|t:|1757848202
|move|p1b: Murkrow|Tailwind|p1b: Murkrow
|-sidestart|p1: SengarBlade|move: Tailwind
|move|p1a: Tyranitar|Tera Blast|p2b: Incineroar|[anim] Tera Blast Flying
|-supereffective|p2b: Incineroar
|-damage|p2b: Incineroar|0 fnt
|faint|p2b: Incineroar
|move|p2a: Ursaluna|Facade|p1a: Tyranitar
|-crit|p1a: Tyranitar
|-damage|p1a: Tyranitar|0 fnt
|faint|p1a: Tyranitar
|
|-weather|Sandstorm|[upkeep]
|-damage|p1b: Murkrow|73/100|[from] Sandstorm
|-damage|p2a: Ursaluna|89/100 brn|[from] brn
|upkeep
|
|t:|1757848214
|switch|p1a: Lycanroc|Lycanroc, L50, F|100/100 slp
|turn|6
|
|t:|1757848232
|cant|p1a: Lycanroc|slp
|move|p1b: Murkrow|Foul Play|p2a: Ursaluna
|-damage|p2a: Ursaluna|50/100 brn
|move|p2a: Ursaluna|Earthquake|p1a: Lycanroc|[spread] p1a
|-immune|p1b: Murkrow
|-supereffective|p1a: Lycanroc
|-enditem|p1a: Lycanroc|Focus Sash
|-damage|p1a: Lycanroc|1/100 slp
|
|-weather|Sandstorm|[upkeep]
|-damage|p1b: Murkrow|67/100|[from] Sandstorm
|-damage|p2a: Ursaluna|44/100 brn|[from] brn
|upkeep
|turn|7
|
|t:|1757848250
|-curestatus|p1a: Lycanroc|slp|[msg]
|move|p1a: Lycanroc|Endeavor|p2a: Ursaluna
|-damage|p2a: Ursaluna|1/100 brn
|move|p1b: Murkrow|Foul Play|p2a: Ursaluna
|-damage|p2a: Ursaluna|0 fnt
|faint|p2a: Ursaluna
|
|win|SengarBlade
||SengarBlade is ready for game 3.
|inactive|M3rcurius has 30 seconds to confirm battle start!
