|j|☆NicoHax
|j|☆2playakyle
|html|NicoHax2playakyle    
|uhtml|bestof|Game 1 of a best-of-3
|t:|1756167902
|gametype|doubles
|player|p1|NicoHax|ethan|1223
|player|p2|2playakyle|iris-masters|1210
|gen|9
|tier|[Gen 9] VGC 2025 Reg H (Bo3)
|rated|
|rule|Species Clause: Limit one of each Pokémon
|rule|Item Clause: Limit 1 of each item
|clearpoke
|poke|p1|Sneasler, L50, M|
|poke|p1|Volcarona, L50, M|
|poke|p1|Baxcalibur, L50, F|
|poke|p1|Rillaboom, L50, M|
|poke|p1|Kingambit, L50, M|
|poke|p1|Dondozo, L50, F|
|poke|p2|Dragonite, L50, M|
|poke|p2|Gholdengo, L50|
|poke|p2|Volcarona, L50, F|
|poke|p2|Ursaluna-Bloodmoon, L50, M|
|poke|p2|Sinistcha, L50|
|poke|p2|Sneasler, L50, M|
|teampreview|4
|showteam|p1|Sneasler||FocusSash|Unburden|Protect,CloseCombat,DireClaw,Coaching|||M|||50|,,,,,Stellar]Volcarona||CovertCloak|FlameBody|QuiverDance,HeatWave,TeraBlast,Protect|||M|||50|,,,,,Fairy]Baxcalibur||LoadedDice|ThermalExchange|Protect,IceShard,ScaleShot,IcicleSpear|||F|||50|,,,,,Ghost]Rillaboom||AssaultVest|GrassySurge|WoodHammer,GrassyGlide,HighHorsepower,FakeOut|||M|||50|,,,,,Water]Kingambit||SafetyGoggles|Defiant|KowtowCleave,SuckerPunch,SwordsDance,Protect|||M|||50|,,,,,Ghost]Dondozo||Leftovers|Unaware|Protect,Yawn,Liquidation,Fissure|||F|||50|,,,,,Poison
|showteam|p2|Dragonite||LoadedDice|Multiscale|ScaleShot,ExtremeSpeed,Haze,Protect|||M|||50|,,,,,Normal]Gholdengo||LifeOrb|GoodasGold|MakeItRain,ShadowBall,Protect,NastyPlot||||||50|,,,,,Water]Volcarona||SitrusBerry|FlameBody|HeatWave,StruggleBug,Tailwind,WillOWisp|||F|||50|,,,,,Water]Ursaluna-Bloodmoon||AssaultVest|MindsEye|BloodMoon,EarthPower,HyperVoice,VacuumWave|||M|||50|,,,,,Ghost]Sinistcha||RockyHelmet|Hospitality|MatchaGotcha,RagePowder,TrickRoom,LifeDew||||||50|,,,,,Fairy]Sneasler||WhiteHerb|Unburden|CloseCombat,DireClaw,ThroatChop,FakeOut|||M|||50|,,,,,Dark
|
|t:|1756167947
|teamsize|p1|4
|teamsize|p2|4
|start
|switch|p1a: Laertes|Sneasler, L50, M|100/100
|switch|p1b: Carmy|Dondozo, L50, F|100/100
|switch|p2a: Volcarona|Volcarona, L50, F|100/100
|switch|p2b: Gholdengo|Gholdengo, L50, shiny|100/100
|turn|1
|
|t:|1756167966
|move|p1a: Laertes|Dire Claw|p2a: Volcarona
|-damage|p2a: Volcarona|56/100
|move|p2a: Volcarona|Will-O-Wisp|p1b: Carmy
|-status|p1b: Carmy|brn
|move|p2b: Gholdengo|Shadow Ball|p1a: Laertes
|-damage|p1a: Laertes|22/100
|-damage|p2b: Gholdengo|91/100|[from] item: Life Orb
|move|p1b: Carmy|Liquidation|p2a: Volcarona
|-supereffective|p2a: Volcarona
|-damage|p2a: Volcarona|19/100
|-enditem|p2a: Volcarona|Sitrus Berry|[eat]
|-heal|p2a: Volcarona|44/100|[from] item: Sitrus Berry
|
|-damage|p1b: Carmy|94/100 brn|[from] brn
|upkeep
|turn|2
|
|t:|1756167986
|switch|p1b: Kaisen|Kingambit, L50, M|100/100
|move|p1a: Laertes|Dire Claw|p2a: Volcarona
|-damage|p2a: Volcarona|0 fnt
|faint|p2a: Volcarona
|move|p2b: Gholdengo|Shadow Ball|p1a: Laertes
|-damage|p1a: Laertes|0 fnt
|faint|p1a: Laertes
|-damage|p2b: Gholdengo|81/100|[from] item: Life Orb
|
|upkeep
|
|t:|1756167994
|switch|p1a: Carmy|Dondozo, L50, F|94/100 brn
|switch|p2a: Sneasler|Sneasler, L50, M|100/100
|turn|3
|
|t:|1756168034
|move|p1b: Kaisen|Protect|p1b: Kaisen
|-singleturn|p1b: Kaisen|Protect
|move|p2a: Sneasler|Fake Out|p1b: Kaisen
|-activate|p1b: Kaisen|move: Protect
|move|p2b: Gholdengo|Shadow Ball|p1a: Carmy
|-damage|p1a: Carmy|56/100 brn
|-damage|p2b: Gholdengo|71/100|[from] item: Life Orb
|move|p1a: Carmy|Yawn|p2a: Sneasler
|-start|p2a: Sneasler|move: Yawn|[of] p1a: Carmy
|
|-heal|p1a: Carmy|63/100 brn|[from] item: Leftovers
|-damage|p1a: Carmy|56/100 brn|[from] brn
|upkeep
|turn|4
|
|t:|1756168053
|switch|p2a: Sinistcha|Sinistcha, L50|100/100
|-heal|p2b: Gholdengo|96/100|[from] ability: Hospitality|[of] p2a: Sinistcha
|switch|p1a: Siddartha|Baxcalibur, L50, F|100/100
|-terastallize|p1b: Kaisen|Ghost
|move|p2b: Gholdengo|Protect|p2b: Gholdengo
|-singleturn|p2b: Gholdengo|Protect
|move|p1b: Kaisen|Kowtow Cleave|p2b: Gholdengo
|-activate|p2b: Gholdengo|move: Protect
|
|upkeep
|turn|5
|
|t:|1756168077
|-terastallize|p2a: Sinistcha|Fairy
|move|p2a: Sinistcha|Rage Powder|p2a: Sinistcha
|-singleturn|p2a: Sinistcha|move: Rage Powder
|move|p2b: Gholdengo|Make It Rain|p1b: Kaisen|[spread] p1a,p1b
|-supereffective|p1a: Siddartha
|-damage|p1a: Siddartha|0 fnt
|-damage|p1b: Kaisen|48/100
|-unboost|p2b: Gholdengo|spa|1
|faint|p1a: Siddartha
|-damage|p2b: Gholdengo|86/100|[from] item: Life Orb
|move|p1b: Kaisen|Kowtow Cleave|p2b: Gholdengo
|-supereffective|p2b: Gholdengo
|-damage|p2b: Gholdengo|0 fnt
|faint|p2b: Gholdengo
|
|upkeep
|
|t:|1756168085
|switch|p2b: Sneasler|Sneasler, L50, M|100/100
|switch|p1a: Carmy|Dondozo, L50, F|56/100 brn
|turn|6
|
|t:|1756168094
|move|p1b: Kaisen|Protect|p1b: Kaisen
|-singleturn|p1b: Kaisen|Protect
|move|p2b: Sneasler|Throat Chop|p1b: Kaisen
|-activate|p1b: Kaisen|move: Protect
|move|p2a: Sinistcha|Matcha Gotcha|p1b: Kaisen|[spread] p1a
|-activate|p1b: Kaisen|move: Protect
|-supereffective|p1a: Carmy
|-damage|p1a: Carmy|20/100 brn
|move|p1a: Carmy|Yawn|p2b: Sneasler
|-start|p2b: Sneasler|move: Yawn|[of] p1a: Carmy
|
|-heal|p1a: Carmy|27/100 brn|[from] item: Leftovers
|-damage|p1a: Carmy|20/100 brn|[from] brn
|upkeep
|turn|7
|
|t:|1756168104
|move|p1b: Kaisen|Protect|p1b: Kaisen
|-singleturn|p1b: Kaisen|Protect
|move|p2b: Sneasler|Throat Chop|p1b: Kaisen
|-activate|p1b: Kaisen|move: Protect
|move|p2a: Sinistcha|Matcha Gotcha|p1a: Carmy|[spread] p1a
|-activate|p1b: Kaisen|move: Protect
|-supereffective|p1a: Carmy
|-damage|p1a: Carmy|0 fnt
|faint|p1a: Carmy
|
|-end|p2b: Sneasler|move: Yawn|[silent]
|-status|p2b: Sneasler|slp
|upkeep
|turn|8
|
|t:|1756168118
|cant|p2b: Sneasler|slp
|move|p1b: Kaisen|Kowtow Cleave|p2b: Sneasler
|-resisted|p2b: Sneasler
|-damage|p2b: Sneasler|56/100 slp
|move|p2a: Sinistcha|Matcha Gotcha|p1b: Kaisen
|-damage|p1b: Kaisen|19/100
|
|upkeep
|turn|9
|
|t:|1756168125
|-curestatus|p2b: Sneasler|slp|[msg]
|move|p2b: Sneasler|Throat Chop|p1b: Kaisen
|-supereffective|p1b: Kaisen
|-damage|p1b: Kaisen|0 fnt
|faint|p1b: Kaisen
|
|win|2playakyle
||NicoHax is ready for game 2.
||2playakyle is ready for game 2.
|uhtml|next|Next: Game 2 of 3
|l|☆2playakyle
|player|p2|
