|j|☆Astano
|j|☆Wikit
|html|AstanoWikit    
|uhtml|bestof|Game 1 of a best-of-3
|t:|1783064168
|gametype|doubles
|player|p1|Astano|265|1040
|player|p2|Wikit|266|1208
|gen|9
|tier|[Gen 9 Champions] VGC 2026 Reg M-B (Bo3)
|rated|
|rule|Species Clause: Limit one of each Pokémon
|rule|Item Clause: Limit 1 of each item
|clearpoke
|poke|p1|Swampert, L50, F|
|poke|p1|Sableye, L50, F|
|poke|p1|Archaludon, L50, M|
|poke|p1|Pelipper, L50, F|
|poke|p1|Sylveon, L50, M|
|poke|p1|Venusaur, L50, F|
|poke|p2|Floette-Eternal, L50, F|
|poke|p2|Charizard, L50, M|
|poke|p2|Kingambit, L50, M|
|poke|p2|Whimsicott, L50, M|
|poke|p2|Basculegion, L50, M|
|poke|p2|Garchomp, L50, F|
|teampreview|4
|showteam|p1|Swampert||Swampertite|Torrent|Protect,WaveCrash,Earthquake,HighHorsepower|Adamant||F|||50|]Sableye||LightClay|Prankster|Encore,Reflect,LightScreen,RainDance|Bold||F|||50|]Archaludon||Leftovers|Stamina|Protect,DragonPulse,FlashCannon,ElectroShot|Modest||M|||50|]Pelipper||SitrusBerry|Drizzle|Protect,WeatherBall,Hurricane,Tailwind|Bold||F|||50|]Sylveon||FairyFeather|Pixilate|Detect,HyperVoice,Moonblast,QuickAttack|Modest||M|||50|]Venusaur||Venusaurite|Overgrow|Protect,GigaDrain,SludgeBomb,EarthPower|Modest||F|||50|
|showteam|p2|Floette-Eternal||Floettite|FlowerVeil|Moonblast,DazzlingGleam,LightofRuin,Protect|Timid||F|||50|]Charizard||CharizarditeY|Blaze|WeatherBall,SolarBeam,HeatWave,Protect|Modest||M|||50|]Kingambit||BlackGlasses|Defiant|KowtowCleave,IronHead,SuckerPunch,Protect|Adamant||M|||50|]Whimsicott||FocusSash|Prankster|Moonblast,Tailwind,Encore,Protect|Timid||M|||50|]Basculegion||MysticWater|Adaptability|WaveCrash,LastRespects,AquaJet,Protect|Adamant||M|||50|]Garchomp||LifeOrb|RoughSkin|DragonClaw,Earthquake,RockSlide,Protect|Jolly||F|||50|
|inactive|Battle timer is ON: inactive players will automatically lose when time's up. (requested by Wikit)
|
|t:|1783064196
|teamsize|p1|4
|teamsize|p2|4
|start
|switch|p1a: Swampert|Swampert, L50, F|100/100
|switch|p1b: Archaludon|Archaludon, L50, M|100/100
|switch|p2a: Floette|Floette-Eternal, L50, F|100/100
|switch|p2b: Whimsicott|Whimsicott, L50, M|100/100
|turn|1
|
|t:|1783064213
|switch|p1b: Pelipper|Pelipper, L50, F|100/100
|-weather|RainDance|[from] ability: Drizzle|[of] p1b: Pelipper
|detailschange|p1a: Swampert|Swampert-Mega, L50, F
|-mega|p1a: Swampert|Swampert|Swampertite
|move|p2a: Floette|Protect|p2a: Floette
|-singleturn|p2a: Floette|Protect
|move|p1a: Swampert|Wave Crash|p2a: Floette
|-activate|p2a: Floette|move: Protect
|move|p2b: Whimsicott|Moonblast|p1a: Swampert
|-damage|p1a: Swampert|65/100
|
|-weather|RainDance|[upkeep]
|upkeep
|turn|2
|inactive|Wikit has 30 seconds left.
|inactive|Wikit has 20 seconds left.
|
|t:|1783064250
|switch|p2a: Basculegion|Basculegion, L50, M|100/100
|move|p1a: Swampert|Earthquake|p2a: Basculegion|[spread] p2a,p2b
|-immune|p1b: Pelipper
|-resisted|p2b: Whimsicott|1
|-damage|p2a: Basculegion|43/100
|-damage|p2b: Whimsicott|62/100
|move|p2b: Whimsicott|Moonblast|p1b: Pelipper
|-damage|p1b: Pelipper|63/100
|-unboost|p1b: Pelipper|spa|1
|move|p1b: Pelipper|Tailwind|p1b: Pelipper
|-sidestart|p1: Astano|move: Tailwind
|
|-weather|RainDance|[upkeep]
|upkeep
|turn|3
|
|t:|1783064273
|move|p2a: Basculegion|Aqua Jet|p1a: Swampert
|-damage|p1a: Swampert|19/100
|move|p1a: Swampert|Earthquake|p2b: Whimsicott|[spread] p2a,p2b
|-immune|p1b: Pelipper
|-resisted|p2b: Whimsicott|1
|-damage|p2a: Basculegion|0 fnt
|-damage|p2b: Whimsicott|25/100
|faint|p2a: Basculegion
|move|p2b: Whimsicott|Moonblast|p1a: Swampert
|-damage|p1a: Swampert|0 fnt
|faint|p1a: Swampert
|move|p1b: Pelipper|Hurricane|p2b: Whimsicott
|-supereffective|p2b: Whimsicott|1
|-damage|p2b: Whimsicott|0 fnt
|faint|p2b: Whimsicott
|
|-weather|RainDance|[upkeep]
|upkeep
|
|t:|1783064286
|switch|p2b: Garchomp|Garchomp, L50, F|100/100
|switch|p2a: Floette|Floette-Eternal, L50, F|100/100
|switch|p1a: Archaludon|Archaludon, L50, M|100/100
|turn|4
|inactive|Astano has 30 seconds left.
|
|t:|1783064319
|detailschange|p2a: Floette|Floette-Mega, L50, F
|-mega|p2a: Floette|Floette|Floettite
|-ability|p2a: Floette|Fairy Aura
|move|p2b: Garchomp|Protect|p2b: Garchomp
|-singleturn|p2b: Garchomp|Protect
|move|p1a: Archaludon|Electro Shot||[still]
|-prepare|p1a: Archaludon|Electro Shot
|-boost|p1a: Archaludon|spa|1
|-anim|p1a: Archaludon|Electro Shot|p2a: Floette
|-damage|p2a: Floette|43/100
|move|p1b: Pelipper|Weather Ball|p2a: Floette
|-damage|p2a: Floette|14/100
|move|p2a: Floette|Light of Ruin|p1a: Archaludon
|-damage|p1a: Archaludon|0 fnt
|faint|p1a: Archaludon
|-damage|p2a: Floette|0 fnt|[from] Recoil
|faint|p2a: Floette
|
|-weather|RainDance|[upkeep]
|upkeep
|
|t:|1783064326
|switch|p1a: Sableye|Sableye, L50, F|100/100
|turn|5
|
|t:|1783064337
|move|p1a: Sableye|Encore|p2b: Garchomp
|-start|p2b: Garchomp|Encore
|move|p2b: Garchomp|Protect||[still]
|-fail|p2b: Garchomp
|move|p1b: Pelipper|Weather Ball|p2b: Garchomp
|-crit|p2b: Garchomp
|-damage|p2b: Garchomp|7/100
|
|-weather|none
|-sideend|p1: Astano|move: Tailwind
|upkeep
|turn|6
|
|t:|1783064342
|move|p2b: Garchomp|Protect|p2b: Garchomp
|-singleturn|p2b: Garchomp|Protect
|move|p1a: Sableye|Reflect|p1a: Sableye
|-sidestart|p1: Astano|Reflect
|move|p1b: Pelipper|Tailwind|p1b: Pelipper
|-sidestart|p1: Astano|move: Tailwind
|
|upkeep
|turn|7
|
|t:|1783064348
|move|p2b: Garchomp|Protect||[still]
|-fail|p2b: Garchomp
|move|p1a: Sableye|Light Screen|p1a: Sableye
|-sidestart|p1: Astano|move: Light Screen
|move|p1b: Pelipper|Weather Ball|p2b: Garchomp
|-damage|p2b: Garchomp|0 fnt
|faint|p2b: Garchomp
|
|win|Astano
