|j|‽Hgfeedg
|j|☆Chessnuts VGC
|html|HgfeedgChessnuts VGC    
|uhtml|bestof|Game 2 of a best-of-3
|t:|1756286490
|gametype|doubles
|player|p1|Hgfeedg|1|1000
|player|p2|Chessnuts VGC|miku-ground|1047
|gen|9
|tier|[Gen 9] VGC 2025 Reg H (Bo3)
|rated|
|rule|Species Clause: Limit one of each Pokémon
|rule|Item Clause: Limit 1 of each item
|clearpoke
|poke|p1|Ursaluna, L50, M|
|poke|p1|Porygon2, L50|
|poke|p1|Gallade, L50, M|
|poke|p1|Indeedee-F, L50, F|
|poke|p1|Hatterene, L50, F|
|poke|p1|Incineroar, L50, F|
|poke|p2|Dragonite, L50, F|
|poke|p2|Tyranitar, L50, M|
|poke|p2|Arcanine-Hisui, L50, F|
|poke|p2|Indeedee, L50, M|
|poke|p2|Electabuzz, L50, M|
|poke|p2|Sneasler, L50, F|
|teampreview|4
|showteam|p1|Ursaluna||FlameOrb|Guts|HeadlongRush,Facade,Earthquake,Protect|||M|||50|,,,,,Ghost]Porygon2||Eviolite|Download|TeraBlast,IceBeam,TrickRoom,Recover||||||50|,,,,,Ghost]Gallade||ClearAmulet|Sharpness|PsychoCut,SacredSword,TrickRoom,WideGuard|||M|||50|,,,,,Fighting]Indeedee-F||PsychicSeed|PsychicSurge|FollowMe,TrickRoom,PsychicTerrain,DazzlingGleam|||F|||50|,,,,,Fairy]Hatterene||LifeOrb|MagicBounce|Psychic,DazzlingGleam,TrickRoom,Protect|||F|||50|,,,,,Psychic]Incineroar||AssaultVest|Intimidate|FakeOut,KnockOff,Uturn,FlareBlitz|||F|||50|,,,,,Grass
|showteam|p2|Dragonite||LoadedDice|InnerFocus|ScaleShot,StompingTantrum,Tailwind,Protect|||F|||50|,,,,,Ground]Tyranitar||AssaultVest|SandStream|LowKick,KnockOff,RockSlide,TeraBlast|||M|||50|,,,,,Flying]Arcanine-Hisui||SitrusBerry|Intimidate|FlareBlitz,WillOWisp,RockSlide,Protect|||F|||50|,,,,,Grass]Indeedee||ChoiceScarf|PsychicSurge|ExpandingForce,TeraBlast,Trick,HelpingHand|||M|||50|,,,,,Psychic]Electabuzz||Eviolite|VitalSpirit|Electroweb,FollowMe,Taunt,Protect|||M|||50|,,,,,Dragon]Sneasler||PsychicSeed|Unburden|CloseCombat,DireClaw,ThroatChop,Protect|||F|||50|,,,,,Dark
|
|t:|1756286516
|teamsize|p1|4
|teamsize|p2|4
|start
|switch|p1a: Porygon2|Porygon2, L50, shiny|100/100
|switch|p1b: Ursaluna|Ursaluna, L50, M|100/100
|switch|p2a: Sneasler|Sneasler, L50, F|100/100
|switch|p2b: Indeedee|Indeedee, L50, M|100/100
|-fieldstart|move: Psychic Terrain|[from] ability: Psychic Surge|[of] p2b: Indeedee
|-enditem|p2a: Sneasler|Psychic Seed
|-boost|p2a: Sneasler|spd|1|[from] item: Psychic Seed
|-ability|p1a: Porygon2|Download|boost
|-boost|p1a: Porygon2|atk|1
|turn|1
|inactive|Battle timer is ON: inactive players will automatically lose when time's up. (requested by Hgfeedg)
|
|t:|1756286536
|-terastallize|p2a: Sneasler|Dark
|move|p1b: Ursaluna|Protect|p1b: Ursaluna
|-singleturn|p1b: Ursaluna|Protect
|move|p2a: Sneasler|Throat Chop|p1a: Porygon2
|-damage|p1a: Porygon2|72/100
|-start|p1a: Porygon2|Throat Chop|[silent]
|move|p2b: Indeedee|Expanding Force|p1b: Ursaluna|[spread] p1a
|-activate|p1b: Ursaluna|move: Protect
|-damage|p1a: Porygon2|38/100
|move|p1a: Porygon2|Trick Room|p1a: Porygon2
|-fieldstart|move: Trick Room|[of] p1a: Porygon2
|
|-status|p1b: Ursaluna|brn|[from] item: Flame Orb
|upkeep
|turn|2
|inactive|Hgfeedg has 30 seconds left.
|inactive|Chessnuts VGC has 30 seconds left.
|
|t:|1756286571
|switch|p2a: Dragonite|Dragonite, L50, F|100/100
|move|p1b: Ursaluna|Facade|p2a: Dragonite
|-crit|p2a: Dragonite
|-damage|p2a: Dragonite|0 fnt
|faint|p2a: Dragonite
|move|p1a: Porygon2|Recover|p1a: Porygon2
|-heal|p1a: Porygon2|88/100
|move|p2b: Indeedee|Expanding Force|p1b: Ursaluna|[spread] p1a,p1b
|-damage|p1a: Porygon2|57/100
|-damage|p1b: Ursaluna|55/100 brn
|
|-damage|p1b: Ursaluna|49/100 brn|[from] brn
|-end|p1a: Porygon2|Throat Chop|[silent]
|upkeep
|
|t:|1756286595
|switch|p2a: Tyranitar|Tyranitar, L50, M|100/100
|-weather|Sandstorm|[from] ability: Sand Stream|[of] p2a: Tyranitar
|turn|3
|
|t:|1756286618
|move|p1b: Ursaluna|Headlong Rush|p2a: Tyranitar
|-supereffective|p2a: Tyranitar
|-damage|p2a: Tyranitar|0 fnt
|-unboost|p1b: Ursaluna|def|1
|-unboost|p1b: Ursaluna|spd|1
|faint|p2a: Tyranitar
|move|p1a: Porygon2|Ice Beam|p2b: Indeedee
|-damage|p2b: Indeedee|67/100
|-status|p2b: Indeedee|frz
|-curestatus|p2b: Indeedee|frz|[msg]
|move|p2b: Indeedee|Expanding Force|p1b: Ursaluna|[spread] p1a,p1b
|-damage|p1a: Porygon2|25/100
|-damage|p1b: Ursaluna|0 fnt
|faint|p1b: Ursaluna
|
|-weather|Sandstorm|[upkeep]
|-damage|p1a: Porygon2|19/100|[from] Sandstorm
|-damage|p2b: Indeedee|61/100|[from] Sandstorm
|upkeep
|
|t:|1756286635
|switch|p1b: Hatterene|Hatterene, L50, F, shiny|100/100
|switch|p2a: Sneasler|Sneasler, L50, F, tera:Dark|100/100
|turn|4
|
|t:|1756286645
|move|p2a: Sneasler|Dire Claw|p1b: Hatterene
|-supereffective|p1b: Hatterene
|-damage|p1b: Hatterene|0 fnt
|faint|p1b: Hatterene
|move|p2b: Indeedee|Expanding Force|p1a: Porygon2
|-damage|p1a: Porygon2|0 fnt
|faint|p1a: Porygon2
|
|-weather|Sandstorm|[upkeep]
|-damage|p2a: Sneasler|95/100|[from] Sandstorm
|-damage|p2b: Indeedee|55/100|[from] Sandstorm
|upkeep
|
|t:|1756286652
|switch|p1b: Indeedee|Indeedee-F, L50, F, shiny|100/100
|-enditem|p1b: Indeedee|Psychic Seed
|-boost|p1b: Indeedee|spd|1|[from] item: Psychic Seed
|turn|5
|
|t:|1756286663
|-terastallize|p1b: Indeedee|Fairy
|move|p1b: Indeedee|Dazzling Gleam|p2a: Sneasler|[spread] p2a,p2b
|-supereffective|p2a: Sneasler
|-damage|p2a: Sneasler|40/100
|-damage|p2b: Indeedee|25/100
|move|p2a: Sneasler|Throat Chop|p1b: Indeedee
|-resisted|p1b: Indeedee
|-damage|p1b: Indeedee|78/100
|-start|p1b: Indeedee|Throat Chop|[silent]
|move|p2b: Indeedee|Expanding Force|p1b: Indeedee
|-damage|p1b: Indeedee|27/100
|
|-weather|Sandstorm|[upkeep]
|-damage|p1b: Indeedee|21/100|[from] Sandstorm
|-damage|p2a: Sneasler|35/100|[from] Sandstorm
|-damage|p2b: Indeedee|20/100|[from] Sandstorm
|-fieldend|move: Trick Room
|-fieldend|move: Psychic Terrain
|upkeep
|turn|6
|
|t:|1756286684
|move|p2b: Indeedee|Expanding Force|p1b: Indeedee
|-damage|p1b: Indeedee|0 fnt
|faint|p1b: Indeedee
|
|win|Chessnuts VGC
|l|‽Hgfeedg
|player|p1|
