|j|☆teyvgc
|j|☆MidnightCrimsonn
|html|teyvgcMidnightCrimsonn    
|uhtml|bestof|Game 1 of a best-of-3
|t:|1757189592
|gametype|doubles
|player|p1|teyvgc|benga|1227
|player|p2|MidnightCrimsonn|acetrainerf-gen4dp|1211
|gen|9
|tier|[Gen 9] VGC 2025 Reg H (Bo3)
|rated|
|rule|Species Clause: Limit one of each Pokémon
|rule|Item Clause: Limit 1 of each item
|clearpoke
|poke|p1|Gholdengo, L50|
|poke|p1|Dragonite, L50, M|
|poke|p1|Sneasler, L50, F|
|poke|p1|Incineroar, L50, M|
|poke|p1|Indeedee, L50, M|
|poke|p1|Ninetales-Alola, L50, M|
|poke|p2|Amoonguss, L50, F|
|poke|p2|Incineroar, L50, M|
|poke|p2|Hydreigon, L50, M|
|poke|p2|Gholdengo, L50|
|poke|p2|Ursaluna, L50, M|
|poke|p2|Porygon2, L50|
|teampreview|4
|showteam|p1|Gholdengo||LifeOrb|GoodasGold|Protect,MakeItRain,ShadowBall,NastyPlot||||||50|,,,,,Water]Dragonite||LoadedDice|Multiscale|ScaleShot,Tailwind,Haze,Protect|||M|||50|,,,,,Fairy]Sneasler||PsychicSeed|Unburden|Protect,DireClaw,CloseCombat,ThroatChop|||F|||50|,,,,,Dark]Incineroar||SafetyGoggles|Intimidate|KnockOff,PartingShot,FlareBlitz,FakeOut|||M|||50|,,,,,Ghost]Indeedee||ChoiceScarf|PsychicSurge|Protect,Trick,TeraBlast,ExpandingForce|||M|||50|,,,,,Psychic]Ninetales-Alola||FocusSash|SnowWarning|Blizzard,IcyWind,Encore,AuroraVeil|||M|||50|,,,,,Ghost
|showteam|p2|Amoonguss||MentalHerb|Regenerator|PollenPuff,Spore,RagePowder,Protect|||F|||50|,,,,,Fairy]Incineroar||AssaultVest|Intimidate|FakeOut,KnockOff,FlareBlitz,Uturn|||M|||50|,,,,,Ghost]Hydreigon||SafetyGoggles|Levitate|DracoMeteor,Snarl,Tailwind,Protect|||M|||50|,,,,,Ghost]Gholdengo||MetalCoat|GoodasGold|MakeItRain,ShadowBall,NastyPlot,Protect||||||50|,,,,,Water]Ursaluna||FlameOrb|Guts|Facade,HeadlongRush,Earthquake,Protect|||M|||50|,,,,,Ghost]Porygon2||Eviolite|Download|TeraBlast,IceBeam,Recover,TrickRoom||||||50|,,,,,Fighting
|inactive|Battle timer is ON: inactive players will automatically lose when time's up. (requested by MidnightCrimsonn)
|inactive|teyvgc has 60 seconds left.
|
|t:|1757189648
|teamsize|p1|4
|teamsize|p2|4
|start
|switch|p1a: Gholdengo|Gholdengo, L50|100/100
|switch|p1b: Incineroar|Incineroar, L50, M|100/100
|switch|p2a: Hydreigon|Hydreigon, L50, M|100/100
|switch|p2b: Incineroar|Incineroar, L50, M, shiny|100/100
|-ability|p2b: Incineroar|Intimidate|boost
|-unboost|p1a: Gholdengo|atk|1
|-unboost|p1b: Incineroar|atk|1
|-ability|p1b: Incineroar|Intimidate|boost
|-unboost|p2a: Hydreigon|atk|1
|-unboost|p2b: Incineroar|atk|1
|turn|1
|inactive|teyvgc has 30 seconds left.
|
|t:|1757189680
|move|p1a: Gholdengo|Protect|p1a: Gholdengo
|-singleturn|p1a: Gholdengo|Protect
|move|p2a: Hydreigon|Tailwind|p2a: Hydreigon
|-sidestart|p2: MidnightCrimsonn|move: Tailwind
|move|p2b: Incineroar|Knock Off|p1a: Gholdengo
|-activate|p1a: Gholdengo|move: Protect
|move|p1b: Incineroar|Knock Off|p2a: Hydreigon
|-resisted|p2a: Hydreigon
|-damage|p2a: Hydreigon|88/100
|-enditem|p2a: Hydreigon|Safety Goggles|[from] move: Knock Off|[of] p1b: Incineroar
|
|upkeep
|turn|2
|inactive|teyvgc has 30 seconds left.
|inactive|teyvgc has 20 seconds left.
|
|t:|1757189717
|-terastallize|p1a: Gholdengo|Water
|move|p2a: Hydreigon|Snarl|p1a: Gholdengo|[spread] p1a,p1b
|-resisted|p1b: Incineroar
|-crit|p1b: Incineroar
|-damage|p1a: Gholdengo|82/100
|-damage|p1b: Incineroar|92/100
|-unboost|p1a: Gholdengo|spa|1
|-unboost|p1b: Incineroar|spa|1
|move|p2b: Incineroar|Knock Off|p1a: Gholdengo
|-damage|p1a: Gholdengo|53/100
|-enditem|p1a: Gholdengo|Life Orb|[from] move: Knock Off|[of] p2b: Incineroar
|move|p1a: Gholdengo|Nasty Plot|p1a: Gholdengo
|-boost|p1a: Gholdengo|spa|2
|move|p1b: Incineroar|Parting Shot|p2a: Hydreigon
|-unboost|p2a: Hydreigon|atk|1
|-unboost|p2a: Hydreigon|spa|1
|
|t:|1757189735
|switch|p1b: Sneasler|Sneasler, L50, F|100/100|[from] Parting Shot
|
|upkeep
|turn|3
|
|t:|1757189759
|-terastallize|p2b: Incineroar|Ghost
|move|p2a: Hydreigon|Draco Meteor|p1b: Sneasler
|-damage|p1b: Sneasler|48/100
|-unboost|p2a: Hydreigon|spa|2
|move|p1b: Sneasler|Close Combat|p2b: Incineroar
|-immune|p2b: Incineroar
|move|p2b: Incineroar|U-turn|p1b: Sneasler
|-resisted|p1b: Sneasler
|-damage|p1b: Sneasler|42/100
|
|t:|1757189766
|switch|p2b: Gholdengo|Gholdengo, L50|100/100|[from] U-turn
|move|p1a: Gholdengo|Shadow Ball|p2b: Gholdengo
|-supereffective|p2b: Gholdengo
|-damage|p2b: Gholdengo|0 fnt
|faint|p2b: Gholdengo
|
|upkeep
|
|t:|1757189770
|switch|p2b: Incineroar|Incineroar, L50, M, shiny, tera:Ghost|100/100
|-ability|p2b: Incineroar|Intimidate|boost
|-unboost|p1a: Gholdengo|atk|1
|-unboost|p1b: Sneasler|atk|1
|turn|4
|
|t:|1757189782
|switch|p2a: Porygon2|Porygon2, L50|100/100
|-ability|p2a: Porygon2|Download|boost
|-boost|p2a: Porygon2|atk|1
|switch|p1b: Incineroar|Incineroar, L50, M|92/100
|-ability|p1b: Incineroar|Intimidate|boost
|-unboost|p2a: Porygon2|atk|1
|-unboost|p2b: Incineroar|atk|1
|move|p1a: Gholdengo|Protect|p1a: Gholdengo
|-singleturn|p1a: Gholdengo|Protect
|move|p2b: Incineroar|U-turn|p2a: Porygon2
|-damage|p2a: Porygon2|91/100
|
|t:|1757189791
|switch|p2b: Hydreigon|Hydreigon, L50, M|88/100|[from] U-turn
|
|-sideend|p2: MidnightCrimsonn|move: Tailwind
|upkeep
|turn|5
|
|t:|1757189807
|switch|p2a: Incineroar|Incineroar, L50, M, shiny, tera:Ghost|100/100
|-ability|p2a: Incineroar|Intimidate|boost
|-unboost|p1a: Gholdengo|atk|1
|-unboost|p1b: Incineroar|atk|1
|move|p1b: Incineroar|Fake Out|p2a: Incineroar
|-immune|p2a: Incineroar
|move|p2b: Hydreigon|Draco Meteor|p1a: Gholdengo
|-damage|p1a: Gholdengo|0 fnt
|-unboost|p2b: Hydreigon|spa|2
|faint|p1a: Gholdengo
|
|upkeep
|
|t:|1757189828
|switch|p1a: Indeedee|Indeedee, L50, M|100/100
|-fieldstart|move: Psychic Terrain|[from] ability: Psychic Surge|[of] p1a: Indeedee
|turn|6
|
|t:|1757189845
|move|p1a: Indeedee|Protect|p1a: Indeedee
|-singleturn|p1a: Indeedee|Protect
|move|p2b: Hydreigon|Snarl|p1a: Indeedee|[spread] p1b
|-activate|p1a: Indeedee|move: Protect
|-resisted|p1b: Incineroar
|-damage|p1b: Incineroar|89/100
|-unboost|p1b: Incineroar|spa|1
|move|p2a: Incineroar|U-turn|p1a: Indeedee
|-activate|p1a: Indeedee|move: Protect
|move|p1b: Incineroar|Knock Off|p2a: Incineroar
|-supereffective|p2a: Incineroar
|-crit|p2a: Incineroar
|-damage|p2a: Incineroar|0 fnt
|-enditem|p2a: Incineroar|Assault Vest|[from] move: Knock Off|[of] p1b: Incineroar
|faint|p2a: Incineroar
|
|upkeep
|
|t:|1757189850
|switch|p2a: Porygon2|Porygon2, L50|91/100
|-ability|p2a: Porygon2|Download|boost
|-boost|p2a: Porygon2|atk|1
|turn|7
|
|t:|1757189873
|switch|p1a: Sneasler|Sneasler, L50, F|42/100
|-enditem|p1a: Sneasler|Psychic Seed
|-boost|p1a: Sneasler|spd|1|[from] item: Psychic Seed
|move|p2b: Hydreigon|Snarl|p1a: Sneasler|[spread] p1a,p1b
|-resisted|p1a: Sneasler
|-resisted|p1b: Incineroar
|-damage|p1a: Sneasler|38/100
|-damage|p1b: Incineroar|86/100
|-unboost|p1a: Sneasler|spa|1
|-unboost|p1b: Incineroar|spa|1
|move|p1b: Incineroar|Parting Shot|p2a: Porygon2
|-unboost|p2a: Porygon2|atk|1
|-unboost|p2a: Porygon2|spa|1
|
|t:|1757189884
|switch|p1b: Indeedee|Indeedee, L50, M|100/100|[from] Parting Shot
|move|p2a: Porygon2|Recover|p2a: Porygon2
|-heal|p2a: Porygon2|100/100
|
|upkeep
|turn|8
|
|t:|1757189898
|move|p2b: Hydreigon|Protect|p2b: Hydreigon
|-singleturn|p2b: Hydreigon|Protect
|move|p1a: Sneasler|Close Combat|p2b: Hydreigon
|-activate|p2b: Hydreigon|move: Protect
|move|p1b: Indeedee|Expanding Force|p2a: Porygon2|[spread] p2a
|-activate|p2b: Hydreigon|move: Protect
|-damage|p2a: Porygon2|69/100
|move|p2a: Porygon2|Trick Room|p2a: Porygon2
|-fieldstart|move: Trick Room|[of] p2a: Porygon2
|
|upkeep
|turn|9
|
|t:|1757189911
|switch|p1b: Incineroar|Incineroar, L50, M|86/100
|-ability|p1b: Incineroar|Intimidate|boost
|-unboost|p2a: Porygon2|atk|1
|-unboost|p2b: Hydreigon|atk|1
|move|p1a: Sneasler|Protect|p1a: Sneasler
|-singleturn|p1a: Sneasler|Protect
|move|p2a: Porygon2|Tera Blast|p1a: Sneasler
|-activate|p1a: Sneasler|move: Protect
|move|p2b: Hydreigon|Draco Meteor|p1a: Sneasler
|-activate|p1a: Sneasler|move: Protect
|
|upkeep
|turn|10
|inactive|teyvgc has 30 seconds left.
|inactive|teyvgc has 20 seconds left.
|
|t:|1757189948
|switch|p1a: Indeedee|Indeedee, L50, M|100/100
|move|p1b: Incineroar|Knock Off|p2a: Porygon2
|-damage|p2a: Porygon2|47/100
|-enditem|p2a: Porygon2|Eviolite|[from] move: Knock Off|[of] p1b: Incineroar
|move|p2a: Porygon2|Tera Blast|p1a: Indeedee
|-damage|p1a: Indeedee|67/100
|move|p2b: Hydreigon|Draco Meteor|p1a: Indeedee
|-damage|p1a: Indeedee|28/100
|-unboost|p2b: Hydreigon|spa|2
|
|-fieldend|move: Psychic Terrain
|upkeep
|turn|11
|inactive|teyvgc has 30 seconds left.
|
|t:|1757189977
|move|p1a: Indeedee|Protect|p1a: Indeedee
|-singleturn|p1a: Indeedee|Protect
|move|p1b: Incineroar|Flare Blitz|p2a: Porygon2
|-damage|p2a: Porygon2|0 fnt
|faint|p2a: Porygon2
|-damage|p1b: Incineroar|71/100|[from] Recoil
|move|p2b: Hydreigon|Snarl|p1b: Incineroar|[spread] p1b
|-activate|p1a: Indeedee|move: Protect
|-resisted|p1b: Incineroar
|-damage|p1b: Incineroar|69/100
|-unboost|p1b: Incineroar|spa|1
|
|upkeep
|turn|12
|-message|MidnightCrimsonn forfeited.
|
|win|teyvgc
