|j|☆darthmorton
|j|☆Sbratto
|html|darthmortonSbratto    
|uhtml|bestof|Game 3 of a best-of-3
|t:|1785353508
|gametype|doubles
|player|p1|darthmorton|red|
|player|p2|Sbratto|266|
|gen|9
|tier|[Gen 9 Champions] VGC 2026 Reg M-B (Bo3)
|rule|Species Clause: Limit one of each Pokémon
|rule|Item Clause: Limit 1 of each item
|clearpoke
|poke|p1|Garchomp, L50, M|
|poke|p1|Incineroar, L50, M|
|poke|p1|Floette-Eternal, L50, F|
|poke|p1|Sinistcha, L50|
|poke|p1|Sneasler, L50, F|
|poke|p1|Kingambit, L50, M|
|poke|p2|Raichu, L50, F|
|poke|p2|Incineroar, L50, F|
|poke|p2|Sinistcha, L50|
|poke|p2|Mawile, L50, F|
|poke|p2|Basculegion, L50, M|
|poke|p2|Mamoswine, L50, M|
|teampreview|4
|showteam|p1|Garchomp||Garchompite|SandVeil|RockSlide,StompingTantrum,Earthquake,Protect|Adamant||M|||50|]Incineroar||Leftovers|Intimidate|FlareBlitz,HelpingHand,PartingShot,FakeOut|Sassy||M|||50|]Floette-Eternal||Floettite|FlowerVeil|DazzlingGleam,DrainingKiss,CalmMind,Protect|Timid||F|||50|]Sinistcha||SitrusBerry|Hospitality|MatchaGotcha,RagePowder,TrickRoom,Protect|Bold|||||50|]Sneasler||FocusSash|PoisonTouch|CloseCombat,DireClaw,FakeOut,Coaching|Naive||F|||50|]Kingambit||ChopleBerry|Defiant|KowtowCleave,SuckerPunch,IronHead,Protect|Adamant||M|||50|
|showteam|p2|Raichu||RaichuniteY|LightningRod|ZapCannon,NastyPlot,FocusBlast,Protect|Timid||F|||50|]Incineroar||SitrusBerry|Intimidate|FakeOut,FlareBlitz,PartingShot,DarkestLariat|Adamant||F|||50|]Sinistcha||OccaBerry|Hospitality|MatchaGotcha,RagePowder,TrickRoom,ShadowBall|Calm|||||50|]Mawile||Mawilite|HyperCutter|PlayRough,SuckerPunch,SwordsDance,Protect|Brave||F|||50|]Basculegion||ChoiceScarf|Adaptability|LastRespects,AquaJet,FlipTurn,WaveCrash|Jolly||M|||50|]Mamoswine||FocusSash|Oblivious|HighHorsepower,IceShard,IcicleCrash,Protect|Adamant||M|||50|
|inactive|Battle timer is ON: inactive players will automatically lose when time's up. (requested by darthmorton)
|inactive|darthmorton has 60 seconds left.
|inactive|Sbratto has 60 seconds left.
|inactive|Sbratto has 30 seconds left.
|inactive|Sbratto has 20 seconds left.
|inactive|Sbratto has 15 seconds left.
|inactive|Sbratto has 10 seconds left.
|inactive|Sbratto has 5 seconds left.
|
|t:|1785353599
|teamsize|p1|4
|teamsize|p2|4
|start
|switch|p1a: Sneasler|Sneasler, L50, F|100/100
|switch|p1b: Kingambit|Kingambit, L50, M|100/100
|switch|p2a: Raichu|Raichu, L50, F|100/100
|switch|p2b: Mamoswine|Mamoswine, L50, M|100/100
|turn|1
|inactive|Sbratto has 30 seconds left.
|inactive|darthmorton has 30 seconds left.
|inactive|Sbratto has 20 seconds left.
|
|t:|1785353638
|switch|p2b: Basculegion|Basculegion, L50, M|100/100
|move|p2a: Raichu|Protect|p2a: Raichu
|-singleturn|p2a: Raichu|Protect
|move|p1a: Sneasler|Fake Out|p2a: Raichu
|-activate|p2a: Raichu|move: Protect
|move|p1b: Kingambit|Kowtow Cleave|p2b: Basculegion
|-supereffective|p2b: Basculegion|1
|-damage|p2b: Basculegion|0 fnt
|faint|p2b: Basculegion
|
|upkeep
|
|t:|1785353650
|switch|p2b: Mamoswine|Mamoswine, L50, M|100/100
|turn|2
|inactive|darthmorton has 30 seconds left.
|
|t:|1785353675
|detailschange|p2a: Raichu|Raichu-Mega-Y, L50, F
|-mega|p2a: Raichu|Raichu|Raichunite Y
|move|p1a: Sneasler|Close Combat|p2b: Mamoswine
|-supereffective|p2b: Mamoswine|1
|-enditem|p2b: Mamoswine|Focus Sash
|-damage|p2b: Mamoswine|1/100
|-unboost|p1a: Sneasler|def|1
|-unboost|p1a: Sneasler|spd|1
|move|p2a: Raichu|Focus Blast|p1b: Kingambit
|-supereffective|p1b: Kingambit|2
|-enditem|p1b: Kingambit|Chople Berry|[eat]
|-enditem|p1b: Kingambit|Chople Berry|[weaken]
|-damage|p1b: Kingambit|12/100
|-unboost|p1b: Kingambit|spd|1
|-ability|p1b: Kingambit|Defiant|boost
|-boost|p1b: Kingambit|atk|2
|move|p2b: Mamoswine|High Horsepower|p1b: Kingambit
|-supereffective|p1b: Kingambit|1
|-damage|p1b: Kingambit|0 fnt
|faint|p1b: Kingambit
|
|upkeep
|
|t:|1785353692
|switch|p1b: Garchomp|Garchomp, L50, M|100/100
|turn|3
|
|t:|1785353712
|switch|p1a: Sinistcha|Sinistcha, L50|100/100
|switch|p2b: Incineroar|Incineroar, L50, F|100/100
|-ability|p2b: Incineroar|Intimidate|boost
|-unboost|p1a: Sinistcha|atk|1
|-unboost|p1b: Garchomp|atk|1
|detailschange|p1b: Garchomp|Garchomp-Mega, L50, M
|-mega|p1b: Garchomp|Garchomp|Garchompite
|move|p2a: Raichu|Zap Cannon|p1a: Sinistcha
|-resisted|p1a: Sinistcha|1
|-damage|p1a: Sinistcha|70/100
|-status|p1a: Sinistcha|par
|move|p1b: Garchomp|Earthquake|p2b: Incineroar|[spread] p1a,p2a,p2b
|-resisted|p1a: Sinistcha|1
|-supereffective|p2a: Raichu|1
|-supereffective|p2b: Incineroar|1
|-damage|p1a: Sinistcha|56/100 par
|-damage|p2a: Raichu|13/100
|-damage|p2b: Incineroar|46/100
|-enditem|p2b: Incineroar|Sitrus Berry|[eat]
|-heal|p2b: Incineroar|71/100|[from] item: Sitrus Berry
|
|upkeep
|turn|4
|inactive|Sbratto has 30 seconds left.
|inactive|Sbratto has 20 seconds left.
|inactive|Sbratto has 15 seconds left.
|inactive|Sbratto has 10 seconds left.
|
|t:|1785353761
|switch|p1b: Sneasler|Sneasler, L50, F|100/100
|move|p2a: Raichu|Focus Blast|p1b: Sneasler
|-resisted|p1b: Sneasler|1
|-damage|p1b: Sneasler|71/100
|move|p2b: Incineroar|Flare Blitz|p1a: Sinistcha
|-supereffective|p1a: Sinistcha|1
|-damage|p1a: Sinistcha|0 fnt
|faint|p1a: Sinistcha
|-damage|p2b: Incineroar|54/100|[from] Recoil
|
|upkeep
|
|t:|1785353771
|switch|p1a: Garchomp|Garchomp-Mega, L50, M|100/100
|turn|5
|inactive|Sbratto has 30 seconds left.
|
|t:|1785353805
|move|p2a: Raichu|Protect|p2a: Raichu
|-singleturn|p2a: Raichu|Protect
|move|p1b: Sneasler|Fake Out|p2a: Raichu
|-activate|p2a: Raichu|move: Protect
|move|p1a: Garchomp|Stomping Tantrum|p2b: Incineroar
|-supereffective|p2b: Incineroar|1
|-damage|p2b: Incineroar|0 fnt
|faint|p2b: Incineroar
|
|upkeep
|
|t:|1785353812
|switch|p2b: Mamoswine|Mamoswine, L50, M|1/100
|turn|6
|
|t:|1785353821
|move|p2a: Raichu|Protect|p2a: Raichu
|-singleturn|p2a: Raichu|Protect
|move|p1b: Sneasler|Close Combat|p2a: Raichu
|-activate|p2a: Raichu|move: Protect
|move|p2b: Mamoswine|High Horsepower|p1b: Sneasler
|-supereffective|p1b: Sneasler|1
|-damage|p1b: Sneasler|0 fnt
|faint|p1b: Sneasler
|move|p1a: Garchomp|Stomping Tantrum|p2b: Mamoswine
|-damage|p2b: Mamoswine|0 fnt
|faint|p2b: Mamoswine
|
|upkeep
|turn|7
|
|t:|1785353833
|move|p2a: Raichu|Focus Blast|p1a: Garchomp
|-damage|p1a: Garchomp|63/100
|move|p1a: Garchomp|Earthquake|p2a: Raichu
|-supereffective|p2a: Raichu|1
|-damage|p2a: Raichu|0 fnt
|faint|p2a: Raichu
|
|win|darthmorton
