|j|☆Rubeee576
|j|‽Juaner95
|html|Rubeee576Juaner95    
|uhtml|bestof|Game 1 of a best-of-3
|t:|1784688497
|gametype|doubles
|player|p1|Rubeee576|2|1000
|player|p2|Juaner95|ash-hoenn|1130
|gen|9
|tier|[Gen 9 Champions] VGC 2026 Reg M-B (Bo3)
|rated|
|rule|Species Clause: Limit one of each Pokémon
|rule|Item Clause: Limit 1 of each item
|clearpoke
|poke|p1|Staraptor, L50, F|
|poke|p1|Glimmora, L50, M|
|poke|p1|Maushold, L50|
|poke|p1|Tsareena, L50, F|
|poke|p1|Garchomp, L50, M|
|poke|p1|Zoroark-Hisui, L50, M|
|poke|p2|Eelektross, L50, M|
|poke|p2|Ninetales-Alola, L50, F, shiny|
|poke|p2|Talonflame, L50, F|
|poke|p2|Garchomp, L50, M|
|poke|p2|Incineroar, L50, M, shiny|
|poke|p2|Kingambit, L50, M|
|teampreview|4
|showteam|p1|Staraptor||Staraptite|Intimidate|CloseCombat,Whirlwind,Roost,BraveBird|Serious||F|||50|]Glimmora||SitrusBerry|ToxicDebris|RockSlide,SludgeBomb,Spikes,SpikyShield|Serious||M|||50|]Maushold||Leftovers|FriendGuard|PopulationBomb,SeedBomb,Taunt,Charm|Serious|||||50|]Tsareena||WideLens|QueenlyMajesty|LowKick,HighJumpKick,TripleAxel,Protect|Serious||F|||50|]Garchomp||LifeOrb|RoughSkin|DragonClaw,StompingTantrum,RockSlide,Protect|Serious||M|||50|]Zoroark-Hisui||FocusSash|Illusion|IcyWind,BitterMalice,BrickBreak,Protect|Serious||M|||50|
|showteam|p2|Eelektross||Eelektrossite|Levitate|SupercellSlam,DrainPunch,Coil,Protect|Adamant||M|||50|]Ninetales-Alola||ChoiceScarf|SnowWarning|Blizzard,FreezeDry,IcyWind,Moonblast|Modest||F|||50|]Talonflame||SharpBeak|GaleWings|BraveBird,FlareBlitz,Tailwind,Protect|Jolly||F|||50|]Garchomp||LifeOrb|RoughSkin|RockSlide,Earthquake,DragonClaw,Protect|Jolly||M|||50|]Incineroar||SitrusBerry|Intimidate|FlareBlitz,ThroatChop,PartingShot,FakeOut|Careful||M|||50|]Kingambit||FocusSash|Defiant|KowtowCleave,SuckerPunch,LowKick,Protect|Adamant||M|||50|
|inactive|Battle timer is ON: inactive players will automatically lose when time's up. (requested by Rubeee576)
|inactive|Juaner95 has 60 seconds left.
|inactive|Juaner95 has 30 seconds left.
|inactive|Juaner95 has 20 seconds left.
|inactive|Juaner95 has 15 seconds left.
|
|t:|1784688659
|teamsize|p1|4
|teamsize|p2|4
|start
|switch|p1a: Glimmora|Glimmora, L50, M|100/100
|switch|p1b: Maushold|Maushold, L50|100/100
|switch|p2a: Incineroar|Incineroar, L50, M, shiny|100/100
|switch|p2b: Kingambit|Kingambit, L50, M|100/100
|-ability|p2a: Incineroar|Intimidate|boost
|-unboost|p1a: Glimmora|atk|1
|-unboost|p1b: Maushold|atk|1
|turn|1
|inactive|Rubeee576 has 30 seconds left.
|inactive|Juaner95 has 30 seconds left.
|
|t:|1784688690
|move|p2a: Incineroar|Fake Out|p1b: Maushold
|-damage|p1b: Maushold|86/100
|cant|p1b: Maushold|flinch
|move|p1a: Glimmora|Spikes|p2b: Kingambit
|-sidestart|p2: Juaner95|Spikes
|move|p2b: Kingambit|Kowtow Cleave|p1b: Maushold
|-damage|p1b: Maushold|23/100
|
|-heal|p1b: Maushold|28/100|[from] item: Leftovers
|upkeep
|turn|2
|
|t:|1784688706
|move|p1b: Maushold|Population Bomb|p1a: Glimmora
|-resisted|p1a: Glimmora|1
|-damage|p1a: Glimmora|98/100
|-activate|p1a: Glimmora|ability: Toxic Debris
|-sidestart|p2: Juaner95|move: Toxic Spikes
|-resisted|p1a: Glimmora|1
|-damage|p1a: Glimmora|97/100
|-activate|p1a: Glimmora|ability: Toxic Debris
|-sidestart|p2: Juaner95|move: Toxic Spikes
|-resisted|p1a: Glimmora|1
|-damage|p1a: Glimmora|96/100
|-resisted|p1a: Glimmora|1
|-damage|p1a: Glimmora|95/100
|-resisted|p1a: Glimmora|1
|-damage|p1a: Glimmora|94/100
|-resisted|p1a: Glimmora|1
|-damage|p1a: Glimmora|93/100
|-resisted|p1a: Glimmora|1
|-damage|p1a: Glimmora|92/100
|-resisted|p1a: Glimmora|1
|-damage|p1a: Glimmora|91/100
|-resisted|p1a: Glimmora|1
|-damage|p1a: Glimmora|90/100
|-resisted|p1a: Glimmora|1
|-damage|p1a: Glimmora|89/100
|-hitcount|p1a: Glimmora|10
|move|p1a: Glimmora|Spikes|p2b: Kingambit
|-sidestart|p2: Juaner95|Spikes
|move|p2a: Incineroar|Throat Chop|p1b: Maushold
|-damage|p1b: Maushold|0 fnt
|faint|p1b: Maushold
|move|p2b: Kingambit|Kowtow Cleave|p1a: Glimmora
|-damage|p1a: Glimmora|46/100
|-enditem|p1a: Glimmora|Sitrus Berry|[eat]
|-heal|p1a: Glimmora|71/100|[from] item: Sitrus Berry
|
|upkeep
|
|t:|1784688713
|switch|p1b: Tsareena|Tsareena, L50, F|100/100
|turn|3
|
|t:|1784688739
|move|p1a: Glimmora|Spiky Shield|p1a: Glimmora
|-singleturn|p1a: Glimmora|move: Protect
|move|p1b: Tsareena|Low Kick|p2b: Kingambit
|-supereffective|p2b: Kingambit|2
|-enditem|p2b: Kingambit|Focus Sash
|-damage|p2b: Kingambit|1/100
|move|p2a: Incineroar|Flare Blitz|p1b: Tsareena
|-supereffective|p1b: Tsareena|1
|-damage|p1b: Tsareena|0 fnt
|faint|p1b: Tsareena
|-damage|p2a: Incineroar|75/100|[from] Recoil
|move|p2b: Kingambit|Kowtow Cleave|p1a: Glimmora
|-activate|p1a: Glimmora|move: Protect
|-damage|p2b: Kingambit|0 fnt|[from] Spiky Shield|[of] p1a: Glimmora
|faint|p2b: Kingambit
|
|upkeep
|
|t:|1784688749
|switch|p1b: Staraptor|Staraptor, L50, F|100/100
|switch|p2b: Talonflame|Talonflame, L50, F|100/100
|-ability|p1b: Staraptor|Intimidate|boost
|-unboost|p2a: Incineroar|atk|1
|-unboost|p2b: Talonflame|atk|1
|turn|4
|
|t:|1784688760
|move|p2b: Talonflame|Tailwind|p2b: Talonflame
|-sidestart|p2: Juaner95|move: Tailwind
|move|p2a: Incineroar|Parting Shot|p1a: Glimmora
|-unboost|p1a: Glimmora|atk|1
|-unboost|p1a: Glimmora|spa|1
|
|t:|1784688766
|switch|p2a: Eelektross|Eelektross, L50, M|100/100|[from] Parting Shot
|move|p1a: Glimmora|Rock Slide|p2a: Eelektross|[spread] p2a,p2b
|-supereffective|p2b: Talonflame|2
|-damage|p2a: Eelektross|93/100
|-damage|p2b: Talonflame|61/100
|move|p1b: Staraptor|Whirlwind|p2a: Eelektross
|drag|p2a: Incineroar|Incineroar, L50, M, shiny|75/100
|-damage|p2a: Incineroar|58/100|[from] Spikes
|-status|p2a: Incineroar|tox
|-ability|p2a: Incineroar|Intimidate|boost
|-unboost|p1a: Glimmora|atk|1
|-unboost|p1b: Staraptor|atk|1
|
|-damage|p2a: Incineroar|52/100 tox|[from] psn
|upkeep
|turn|5
|inactive|Rubeee576 has 30 seconds left.
|
|t:|1784688793
|switch|p2b: Eelektross|Eelektross, L50, M|93/100
|detailschange|p1b: Staraptor|Staraptor-Mega, L50, F
|-mega|p1b: Staraptor|Staraptor|Staraptite
|move|p2a: Incineroar|Fake Out|p1b: Staraptor
|-damage|p1b: Staraptor|89/100
|cant|p1b: Staraptor|flinch
|move|p1a: Glimmora|Rock Slide|p2b: Eelektross|[spread] p2a,p2b
|-supereffective|p2a: Incineroar|1
|-damage|p2a: Incineroar|43/100 tox
|-damage|p2b: Eelektross|88/100
|-enditem|p2a: Incineroar|Sitrus Berry|[eat]
|-heal|p2a: Incineroar|68/100 tox|[from] item: Sitrus Berry
|
|-damage|p2a: Incineroar|56/100 tox|[from] psn
|upkeep
|turn|6
|
|t:|1784688815
|detailschange|p2b: Eelektross|Eelektross-Mega, L50, M
|-mega|p2b: Eelektross|Eelektross|Eelektrossite
|move|p1a: Glimmora|Spiky Shield|p1a: Glimmora
|-singleturn|p1a: Glimmora|move: Protect
|move|p2b: Eelektross|Coil|p2b: Eelektross
|-boost|p2b: Eelektross|atk|1
|-boost|p2b: Eelektross|def|1
|-boost|p2b: Eelektross|accuracy|1
|move|p2a: Incineroar|Parting Shot|p1a: Glimmora
|-activate|p1a: Glimmora|move: Protect
|move|p1b: Staraptor|Close Combat|p2b: Eelektross
|-damage|p2b: Eelektross|59/100
|-boost|p1b: Staraptor|def|1
|-boost|p1b: Staraptor|spd|1
|
|-damage|p2a: Incineroar|38/100 tox|[from] psn
|upkeep
|turn|7
|inactive|Juaner95 has 30 seconds left.
|
|t:|1784688841
|move|p2b: Eelektross|Supercell Slam|p1b: Staraptor
|-supereffective|p1b: Staraptor|1
|-damage|p1b: Staraptor|0 fnt
|faint|p1b: Staraptor
|-ability|p2b: Eelektross|Eelevate|boost
|-boost|p2b: Eelektross|atk|1
|move|p2a: Incineroar|Parting Shot|p1a: Glimmora
|-unboost|p1a: Glimmora|atk|1
|-unboost|p1a: Glimmora|spa|1
|
|t:|1784688849
|switch|p2a: Talonflame|Talonflame, L50, F|61/100|[from] Parting Shot
|move|p1a: Glimmora|Rock Slide|p2a: Talonflame|[spread] p2a,p2b
|-supereffective|p2a: Talonflame|2
|-damage|p2a: Talonflame|35/100
|-damage|p2b: Eelektross|56/100
|
|-sideend|p2: Juaner95|move: Tailwind
|upkeep
|turn|8
|
|t:|1784688865
|move|p2a: Talonflame|Tailwind|p2a: Talonflame
|-sidestart|p2: Juaner95|move: Tailwind
|move|p2b: Eelektross|Coil|p2b: Eelektross
|-boost|p2b: Eelektross|atk|1
|-boost|p2b: Eelektross|def|1
|-boost|p2b: Eelektross|accuracy|1
|move|p1a: Glimmora|Rock Slide|p2b: Eelektross|[spread] p2a,p2b
|-supereffective|p2a: Talonflame|2
|-damage|p2a: Talonflame|9/100
|-damage|p2b: Eelektross|54/100
|
|upkeep
|turn|9
|-message|Rubeee576 forfeited.
|raw|Rubeee576's rating: 1000 → 1000(+0 for losing)
|raw|Juaner95's rating: 1130 → 1146(+16 for winning)
|
|win|Juaner95
|l|☆Rubeee576
|player|p1|
