|j|☆Oscarm92
|j|☆MarkTheMarker
|html|Oscarm92MarkTheMarker    
|uhtml|bestof|Game 2 of a best-of-3
|t:|1784151826
|gametype|doubles
|player|p1|Oscarm92|265|1329
|player|p2|MarkTheMarker|wallace|1358
|gen|9
|tier|[Gen 9 Champions] VGC 2026 Reg M-B (Bo3)
|rated|
|rule|Species Clause: Limit one of each Pokémon
|rule|Item Clause: Limit 1 of each item
|clearpoke
|poke|p1|Charizard, L50, F, shiny|
|poke|p1|Aerodactyl, L50, F|
|poke|p1|Garchomp, L50, M, shiny|
|poke|p1|Kingambit, L50, F|
|poke|p1|Sylveon, L50, M|
|poke|p1|Farigiraf, L50, M|
|poke|p2|Grimmsnarl, L50, M|
|poke|p2|Kingambit, L50, M|
|poke|p2|Venusaur, L50, M|
|poke|p2|Garchomp, L50, F|
|poke|p2|Charizard, L50, M|
|poke|p2|Sylveon, L50, F|
|teampreview|4
|showteam|p1|Charizard||CharizarditeY|Blaze|HeatWave,WeatherBall,SolarBeam,Protect|Modest||F|||50|]Aerodactyl||Aerodactylite|Unnerve|IceFang,RockSlide,Tailwind,DualWingbeat|Jolly||F|||50|]Garchomp||LifeOrb|RoughSkin|DragonClaw,StompingTantrum,Earthquake,Protect|Jolly||M|||50|]Kingambit||FocusSash|Defiant|SuckerPunch,KowtowCleave,IronHead,LowKick|Adamant||F|||50|]Sylveon||FairyFeather|Pixilate|QuickAttack,HyperVoice,HyperBeam,Protect|Modest||M|||50|]Farigiraf||SitrusBerry|ArmorTail|TrickRoom,Thunderbolt,Roar,Psychic|Bold||M|||50|
|showteam|p2|Grimmsnarl||LightClay|Prankster|SpiritBreak,PartingShot,LightScreen,Reflect|Careful||M|||50|]Kingambit||BlackGlasses|Defiant|KowtowCleave,SuckerPunch,SwordsDance,Protect|Adamant||M|||50|]Venusaur||Venusaurite|Chlorophyll|GigaDrain,SludgeBomb,EarthPower,Protect|Modest||M|||50|]Garchomp||LifeOrb|RoughSkin|StompingTantrum,RockSlide,DragonClaw,Protect|Adamant||F|||50|]Charizard||CharizarditeY|Blaze|HeatWave,WeatherBall,SolarBeam,Protect|Modest||M|||50|]Sylveon||FairyFeather|Pixilate|HyperVoice,HyperBeam,QuickAttack,Protect|Modest||F|||50|
|inactive|Battle timer is ON: inactive players will automatically lose when time's up. (requested by MarkTheMarker)
|inactive|Oscarm92 has 60 seconds left.
|inactive|MarkTheMarker has 60 seconds left.
|inactive|Oscarm92 has 30 seconds left.
|inactive|Oscarm92 has 20 seconds left.
|inactive|Oscarm92 has 15 seconds left.
|inactive|Oscarm92 has 10 seconds left.
|inactive|Oscarm92 has 5 seconds left.
|
|t:|1784151912
|teamsize|p1|4
|teamsize|p2|4
|start
|switch|p1a: Aerodactyl|Aerodactyl, L50, F|100/100
|switch|p1b: Garchomp|Garchomp, L50, M, shiny|100/100
|switch|p2a: Grimmsnarl|Grimmsnarl, L50, M|100/100
|switch|p2b: Venusaur|Venusaur, L50, M|100/100
|-ability|p1a: Aerodactyl|Unnerve
|turn|1
|inactive|MarkTheMarker has 30 seconds left.
|
|t:|1784151945
|detailschange|p1a: Aerodactyl|Aerodactyl-Mega, L50, F
|-mega|p1a: Aerodactyl|Aerodactyl|Aerodactylite
|detailschange|p2b: Venusaur|Venusaur-Mega, L50, M
|-mega|p2b: Venusaur|Venusaur|Venusaurite
|move|p2a: Grimmsnarl|Reflect|p2a: Grimmsnarl
|-sidestart|p2: MarkTheMarker|Reflect
|move|p1a: Aerodactyl|Dual Wingbeat|p2b: Venusaur
|-supereffective|p2b: Venusaur|1
|-damage|p2b: Venusaur|73/100
|-supereffective|p2b: Venusaur|1
|-damage|p2b: Venusaur|45/100
|-hitcount|p2b: Venusaur|2
|move|p1b: Garchomp|Earthquake|p2b: Venusaur|[spread] p2a,p2b
|-immune|p1a: Aerodactyl
|-crit|p2a: Grimmsnarl
|-damage|p2a: Grimmsnarl|16/100
|-damage|p2b: Venusaur|15/100
|-damage|p1b: Garchomp|90/100|[from] item: Life Orb
|move|p2b: Venusaur|Giga Drain|p1b: Garchomp
|-damage|p1b: Garchomp|42/100
|-heal|p2b: Venusaur|39/100|[from] drain|[of] p1b: Garchomp
|
|upkeep
|turn|2
|inactive|MarkTheMarker has 30 seconds left.
|inactive|MarkTheMarker has 20 seconds left.
|
|t:|1784151981
|move|p2a: Grimmsnarl|Parting Shot|p1b: Garchomp
|-unboost|p1b: Garchomp|atk|1
|-unboost|p1b: Garchomp|spa|1
|
|t:|1784151985
|switch|p2a: Garchomp|Garchomp, L50, F|100/100|[from] Parting Shot
|move|p1a: Aerodactyl|Rock Slide|p2b: Venusaur|[spread] p2a
|-miss|p1a: Aerodactyl|p2b: Venusaur
|-resisted|p2a: Garchomp|1
|-damage|p2a: Garchomp|93/100
|move|p1b: Garchomp|Earthquake|p2a: Garchomp|[spread] p2a,p2b
|-immune|p1a: Aerodactyl
|-damage|p2a: Garchomp|73/100
|-damage|p2b: Venusaur|21/100
|-damage|p1b: Garchomp|32/100|[from] item: Life Orb
|move|p2b: Venusaur|Giga Drain|p1a: Aerodactyl
|-damage|p1a: Aerodactyl|57/100
|-heal|p2b: Venusaur|41/100|[from] drain|[of] p1a: Aerodactyl
|
|upkeep
|turn|3
|
|t:|1784152003
|move|p2a: Garchomp|Protect|p2a: Garchomp
|-singleturn|p2a: Garchomp|Protect
|move|p1a: Aerodactyl|Tailwind|p1a: Aerodactyl
|-sidestart|p1: Oscarm92|move: Tailwind
|move|p1b: Garchomp|Dragon Claw|p2a: Garchomp
|-activate|p2a: Garchomp|move: Protect
|move|p2b: Venusaur|Giga Drain|p1b: Garchomp
|-damage|p1b: Garchomp|0 fnt
|-heal|p2b: Venusaur|57/100|[from] drain|[of] p1b: Garchomp
|faint|p1b: Garchomp
|
|upkeep
|
|t:|1784152008
|switch|p1b: Sylveon|Sylveon, L50, M|100/100
|turn|4
|inactive|MarkTheMarker has 30 seconds left.
|
|t:|1784152043
|move|p2b: Venusaur|Protect|p2b: Venusaur
|-singleturn|p2b: Venusaur|Protect
|move|p1a: Aerodactyl|Dual Wingbeat|p2b: Venusaur
|-activate|p2b: Venusaur|move: Protect
|move|p1b: Sylveon|Hyper Voice|p2b: Venusaur|[spread] p2a
|-activate|p2b: Venusaur|move: Protect
|-supereffective|p2a: Garchomp|1
|-damage|p2a: Garchomp|0 fnt
|faint|p2a: Garchomp
|
|upkeep
|
|t:|1784152046
|switch|p2a: Kingambit|Kingambit, L50, M|100/100
|turn|5
|inactive|MarkTheMarker has 30 seconds left.
|inactive|Oscarm92 has 30 seconds left.
|
|t:|1784152079
|move|p2a: Kingambit|Protect|p2a: Kingambit
|-singleturn|p2a: Kingambit|Protect
|move|p1a: Aerodactyl|Dual Wingbeat|p2b: Venusaur
|-supereffective|p2b: Venusaur|1
|-damage|p2b: Venusaur|28/100
|-supereffective|p2b: Venusaur|1
|-damage|p2b: Venusaur|4/100
|-hitcount|p2b: Venusaur|2
|move|p1b: Sylveon|Hyper Beam|p2a: Kingambit
|-activate|p2a: Kingambit|move: Protect
|move|p2b: Venusaur|Giga Drain|p1a: Aerodactyl
|-damage|p1a: Aerodactyl|8/100
|-heal|p2b: Venusaur|27/100|[from] drain|[of] p1a: Aerodactyl
|
|upkeep
|turn|6
|inactive|Oscarm92 has 30 seconds left.
|inactive|MarkTheMarker has 30 seconds left.
|inactive|MarkTheMarker has 20 seconds left.
|inactive|MarkTheMarker has 15 seconds left.
|
|t:|1784152122
|move|p2a: Kingambit|Sucker Punch|p1a: Aerodactyl
|-damage|p1a: Aerodactyl|0 fnt
|faint|p1a: Aerodactyl
|move|p1b: Sylveon|Hyper Beam|p2a: Kingambit
|-damage|p2a: Kingambit|0 fnt
|-mustrecharge|p1b: Sylveon
|faint|p2a: Kingambit
|move|p2b: Venusaur|Giga Drain|p1b: Sylveon
|-damage|p1b: Sylveon|67/100
|-heal|p2b: Venusaur|43/100|[from] drain|[of] p1b: Sylveon
|
|-sideend|p1: Oscarm92|move: Tailwind
|upkeep
|
|t:|1784152127
|switch|p1a: Kingambit|Kingambit, L50, F|100/100
|switch|p2a: Grimmsnarl|Grimmsnarl, L50, M|16/100
|turn|7
|
|t:|1784152147
|move|p2b: Venusaur|Earth Power|p1a: Kingambit
|-supereffective|p1a: Kingambit|1
|-damage|p1a: Kingambit|24/100
|move|p1a: Kingambit|Kowtow Cleave|p2b: Venusaur
|-damage|p2b: Venusaur|16/100
|cant|p1b: Sylveon|recharge
|move|p2a: Grimmsnarl|Spirit Break|p1a: Kingambit
|-damage|p1a: Kingambit|0 fnt
|faint|p1a: Kingambit
|
|upkeep
|turn|8
|
|t:|1784152167
|move|p2a: Grimmsnarl|Light Screen|p2a: Grimmsnarl
|-sidestart|p2: MarkTheMarker|move: Light Screen
|move|p2b: Venusaur|Sludge Bomb|p1b: Sylveon
|-supereffective|p1b: Sylveon|1
|-damage|p1b: Sylveon|0 fnt
|faint|p1b: Sylveon
|
|win|MarkTheMarker
|raw|Oscarm92's rating: 1329 → 1311(-18 for losing)
|raw|MarkTheMarker's rating: 1358 → 1376(+18 for winning)
|l|☆MarkTheMarker
|player|p2|
