|j|☆Philly Turtles
|j|☆Liebynight01
|html|Philly TurtlesLiebynight01    
|uhtml|bestof|Game 2 of a best-of-3
|t:|1783222982
|gametype|doubles
|player|p1|Philly Turtles|candice|
|player|p2|Liebynight01|pokemonranger|
|gen|9
|tier|[Gen 9 Champions] VGC 2026 Reg M-B (Bo3)
|rule|Species Clause: Limit one of each Pokémon
|rule|Item Clause: Limit 1 of each item
|raw|1 custom rule: !Force Open Team Sheets
|clearpoke
|poke|p1|Froslass, L50, F|
|poke|p1|Primarina, L50, F|
|poke|p1|Crabominable, L50, M, shiny|
|poke|p1|Slowking-Galar, L50, M|
|poke|p1|Tsareena, L50, F|
|poke|p1|Armarouge, L50, M|
|poke|p2|Tinkaton, L50, F|
|poke|p2|Farigiraf, L50, M|
|poke|p2|Golurk, L50|
|poke|p2|Milotic, L50, F|
|poke|p2|Scovillain, L50, F|
|poke|p2|Hatterene, L50, F|
|teampreview|4
|
|t:|1783223002
|teamsize|p1|4
|teamsize|p2|4
|start
|switch|p1a: Froslass|Froslass, L50, F|100/100
|switch|p1b: Tsareena|Tsareena, L50, F|100/100
|switch|p2a: Farigiraf|Farigiraf, L50, M|100/100
|switch|p2b: Hatterene|Hatterene, L50, F|100/100
|turn|1
|
|t:|1783223028
|detailschange|p1a: Froslass|Froslass-Mega, L50, F
|-mega|p1a: Froslass|Froslass|Froslassite
|-weather|Snowscape|[from] ability: Snow Warning|[of] p1a: Froslass
|move|p1a: Froslass|Shadow Ball|p2b: Hatterene
|-supereffective|p2b: Hatterene|1
|-damage|p2b: Hatterene|18/100
|-unboost|p2b: Hatterene|spd|1
|move|p1b: Tsareena|Taunt|p2a: Farigiraf
|-start|p2a: Farigiraf|move: Taunt
|move|p2b: Hatterene|Mystical Fire|p1a: Froslass
|-supereffective|p1a: Froslass|1
|-damage|p1a: Froslass|20/100y
|-unboost|p1a: Froslass|spa|1
|-damage|p2b: Hatterene|8/100|[from] item: Life Orb
|cant|p2a: Farigiraf|move: Taunt|Trick Room
|
|-weather|Snowscape|[upkeep]
|upkeep
|turn|2
|
|t:|1783223057
|move|p1a: Froslass|Blizzard|p2a: Farigiraf|[spread] p2a,p2b
|-damage|p2a: Farigiraf|76/100
|-damage|p2b: Hatterene|0 fnt
|faint|p2b: Hatterene
|move|p1b: Tsareena|U-turn|p2a: Farigiraf
|-supereffective|p2a: Farigiraf|1
|-damage|p2a: Farigiraf|27/100
|-enditem|p2a: Farigiraf|Sitrus Berry|[eat]
|-heal|p2a: Farigiraf|52/100|[from] item: Sitrus Berry
|
|t:|1783223066
|switch|p1b: Primarina|Primarina, L50, F|100/100|[from] U-turn
|move|p2a: Farigiraf|Psychic|p1a: Froslass
|-damage|p1a: Froslass|0 fnt
|faint|p1a: Froslass
|
|-weather|Snowscape|[upkeep]
|upkeep
|
|t:|1783223085
|switch|p1a: Armarouge|Armarouge, L50, M|100/100
|switch|p2b: Milotic|Milotic, L50, F|100/100
|turn|3
|
|t:|1783223105
|move|p2b: Milotic|Scald|p1a: Armarouge
|-supereffective|p1a: Armarouge|1
|-damage|p1a: Armarouge|41/100
|move|p1a: Armarouge|Psychic|p2b: Milotic
|-damage|p2b: Milotic|71/100
|move|p1b: Primarina|Energy Ball|p2b: Milotic
|-supereffective|p2b: Milotic|1
|-damage|p2b: Milotic|8/100
|-damage|p1b: Primarina|90/100|[from] item: Life Orb
|move|p2a: Farigiraf|Thunderbolt|p1b: Primarina
|-supereffective|p1b: Primarina|1
|-damage|p1b: Primarina|54/100
|
|-weather|Snowscape|[upkeep]
|-heal|p2b: Milotic|14/100|[from] item: Leftovers
|-end|p2a: Farigiraf|move: Taunt
|-activate|p2a: Farigiraf|ability: Cud Chew
|-enditem|p2a: Farigiraf|Sitrus Berry|[eat]
|-heal|p2a: Farigiraf|77/100|[from] item: Sitrus Berry
|upkeep
|turn|4
|
|t:|1783223138
|move|p2b: Milotic|Scald|p1a: Armarouge
|-supereffective|p1a: Armarouge|1
|-crit|p1a: Armarouge
|-damage|p1a: Armarouge|0 fnt
|faint|p1a: Armarouge
|move|p1b: Primarina|Blizzard|p2a: Farigiraf|[spread] p2a,p2b
|-crit|p2a: Farigiraf
|-resisted|p2b: Milotic|1
|-damage|p2a: Farigiraf|31/100
|-damage|p2b: Milotic|1/100
|-damage|p1b: Primarina|44/100|[from] item: Life Orb
|move|p2a: Farigiraf|Trick Room|p2a: Farigiraf
|-fieldstart|move: Trick Room|[of] p2a: Farigiraf
|
|-weather|Snowscape|[upkeep]
|-heal|p2b: Milotic|7/100|[from] item: Leftovers
|upkeep
|
|t:|1783223149
|switch|p1a: Tsareena|Tsareena, L50, F|100/100
|turn|5
|
|t:|1783223163
|move|p2a: Farigiraf|Psychic|p1b: Primarina
|-damage|p1b: Primarina|16/100
|move|p1b: Primarina|Blizzard|p2b: Milotic|[spread] p2a,p2b
|-resisted|p2b: Milotic|1
|-damage|p2a: Farigiraf|0 fnt
|-damage|p2b: Milotic|0 fnt
|faint|p2a: Farigiraf
|faint|p2b: Milotic
|-damage|p1b: Primarina|6/100|[from] item: Life Orb
|move|p1a: Tsareena|Trop Kick|p2: Farigiraf|[notarget]
|-fail|p1a: Tsareena
|
|-weather|none
|upkeep
|
|t:|1783223182
|switch|p2b: Golurk|Golurk, L50|100/100
|turn|6
|
|t:|1783223200
|detailschange|p2b: Golurk|Golurk-Mega, L50
|-mega|p2b: Golurk|Golurk|Golurkite
|move|p2b: Golurk|Poltergeist|p1a: Tsareena
|-activate|p1a: Tsareena|move: Poltergeist|Miracle Seed
|-crit|p1a: Tsareena
|-damage|p1a: Tsareena|0 fnt
|faint|p1a: Tsareena
|move|p1b: Primarina|Blizzard|p2b: Golurk
|-supereffective|p2b: Golurk|1
|-damage|p2b: Golurk|7/100
|-damage|p1b: Primarina|0 fnt|[from] item: Life Orb
|faint|p1b: Primarina
|
|win|Liebynight01
|c|☆Philly Turtles|gg
