|j|☆hello cheese boy
|j|☆Vividedenne
|html|hello cheese boyVividedenne    
|uhtml|bestof|Game 3 of a best-of-3
|t:|1783164573
|gametype|doubles
|player|p1|hello cheese boy|ninjaboy|1097
|player|p2|Vividedenne|#npl2023|1000
|gen|9
|tier|[Gen 9 Champions] VGC 2026 Reg M-B (Bo3)
|rated|
|rule|Species Clause: Limit one of each Pokémon
|rule|Item Clause: Limit 1 of each item
|clearpoke
|poke|p1|Skarmory, L50, M, shiny|
|poke|p1|Whimsicott, L50, M, shiny|
|poke|p1|Gholdengo, L50, shiny|
|poke|p1|Incineroar, L50, M, shiny|
|poke|p1|Rotom-Wash, L50, shiny|
|poke|p1|Garchomp, L50, M, shiny|
|poke|p2|Sinistcha, L50|
|poke|p2|Incineroar, L50, F|
|poke|p2|Milotic, L50, F|
|poke|p2|Raichu, L50, F|
|poke|p2|Floette-Eternal, L50, F|
|poke|p2|Ceruledge, L50, F|
|teampreview|4
|showteam|p1|Skarmory||Skarmorite|Sturdy|BraveBird,IronHead,Roost,Protect|Adamant||M|||50|]Whimsicott||FocusSash|Prankster|Moonblast,Tailwind,Encore,Protect|Timid||M|||50|]Gholdengo||LifeOrb|GoodasGold|MakeItRain,ShadowBall,NastyPlot,Protect|Modest|||||50|]Incineroar||SitrusBerry|Intimidate|FlareBlitz,PartingShot,WillOWisp,FakeOut|Impish||M|||50|]Rotom-Wash||ChoiceScarf|Levitate|HydroPump,Thunderbolt,Trick,VoltSwitch|Timid|||||50|]Garchomp||SoftSand|RoughSkin|Earthquake,DragonClaw,SwordsDance,Protect|Adamant||M|||50|
|showteam|p2|Sinistcha||KasibBerry|Hospitality|MatchaGotcha,LifeDew,RagePowder,Protect|Relaxed|||||50|]Incineroar||SitrusBerry|Intimidate|FlareBlitz,ThroatChop,FakeOut,PartingShot|Impish||F|||50|]Milotic||Leftovers|Competitive|MuddyWater,Coil,Hypnosis,Protect|Calm||F|||50|]Raichu||RaichuniteY|LightningRod|ZapCannon,FocusBlast,FakeOut,Protect|Timid||F|||50|]Floette-Eternal||Floettite|FlowerVeil|DazzlingGleam,DrainingKiss,CalmMind,Protect|Timid||F|||50|]Ceruledge||ColburBerry|FlashFire|BitterBlade,ShadowSneak,BulkUp,Protect|Adamant||F|||50|
|inactive|Battle timer is ON: inactive players will automatically lose when time's up. (requested by Vividedenne)
|inactive|hello cheese boy has 60 seconds left.
|inactive|Vividedenne has 60 seconds left.
|inactive|hello cheese boy has 30 seconds left.
|inactive|Vividedenne has 30 seconds left.
|inactive|hello cheese boy has 20 seconds left.
|inactive|Vividedenne has 20 seconds left.
|inactive|hello cheese boy has 15 seconds left.
|inactive|Vividedenne has 15 seconds left.
|inactive|hello cheese boy has 10 seconds left.
|inactive|Vividedenne has 10 seconds left.
|inactive|hello cheese boy has 5 seconds left.
|
|t:|1783164664
|teamsize|p1|4
|teamsize|p2|4
|start
|switch|p1a: Skarmory|Skarmory, L50, M, shiny|100/100
|switch|p1b: Whimsicott|Whimsicott, L50, M, shiny|100/100
|switch|p2a: Incineroar|Incineroar, L50, F|100/100
|switch|p2b: Floette|Floette-Eternal, L50, F|100/100
|-ability|p2a: Incineroar|Intimidate|boost
|-unboost|p1a: Skarmory|atk|1
|-unboost|p1b: Whimsicott|atk|1
|turn|1
|inactive|hello cheese boy has 30 seconds left.
|inactive|Vividedenne has 30 seconds left.
|inactive|hello cheese boy has 20 seconds left.
|inactive|hello cheese boy has 15 seconds left.
|inactive|hello cheese boy has 10 seconds left.
|inactive|hello cheese boy has 5 seconds left.
|
|t:|1783164719
|detailschange|p2b: Floette|Floette-Mega, L50, F
|-mega|p2b: Floette|Floette|Floettite
|-ability|p2b: Floette|Fairy Aura
|move|p1b: Whimsicott|Moonblast|p2b: Floette
|-damage|p2b: Floette|69/100
|move|p2b: Floette|Dazzling Gleam|p1b: Whimsicott|[spread] p1a,p1b
|-resisted|p1a: Skarmory|1
|-damage|p1a: Skarmory|76/100
|-damage|p1b: Whimsicott|50/100g
|move|p1a: Skarmory|Brave Bird|p2b: Floette
|-damage|p2b: Floette|41/100
|-damage|p1a: Skarmory|68/100|[from] Recoil
|move|p2a: Incineroar|Parting Shot|p1a: Skarmory
|-unboost|p1a: Skarmory|atk|1
|-unboost|p1a: Skarmory|spa|1
|
|t:|1783164729
|switch|p2a: Sinistcha|Sinistcha, L50|100/100|[from] Parting Shot
|-heal|p2b: Floette|66/100|[from] ability: Hospitality|[of] p2a: Sinistcha
|
|upkeep
|turn|2
|inactive|hello cheese boy has 30 seconds left.
|inactive|hello cheese boy has 20 seconds left.
|inactive|hello cheese boy has 15 seconds left.
|inactive|hello cheese boy has 10 seconds left.
|
|t:|1783164778
|move|p1b: Whimsicott|Tailwind|p1b: Whimsicott
|-sidestart|p1: hello cheese boy|move: Tailwind
|move|p1a: Skarmory|Iron Head|p2b: Floette
|-supereffective|p2b: Floette|1
|-crit|p2b: Floette
|-damage|p2b: Floette|0 fnt
|faint|p2b: Floette
|move|p2a: Sinistcha|Life Dew||[still]
|-fail|p2a: Sinistcha|heal
|
|upkeep
|
|t:|1783164796
|switch|p2b: Milotic|Milotic, L50, F|100/100
|turn|3
|
|t:|1783164816
|switch|p2a: Incineroar|Incineroar, L50, F|100/100
|-ability|p2a: Incineroar|Intimidate|boost
|-unboost|p1a: Skarmory|atk|1
|-unboost|p1b: Whimsicott|atk|1
|detailschange|p1a: Skarmory|Skarmory-Mega, L50, M, shiny
|-mega|p1a: Skarmory|Skarmory|Skarmorite
|move|p1b: Whimsicott|Encore|p2a: Incineroar
|-hint|Since gen 7, Dark is immune to Prankster moves.
|-immune|p2a: Incineroar
|move|p1a: Skarmory|Brave Bird|p2a: Incineroar
|-damage|p2a: Incineroar|82/100
|-damage|p1a: Skarmory|61/100|[from] Recoil
|move|p2b: Milotic|Coil|p2b: Milotic
|-boost|p2b: Milotic|atk|1
|-boost|p2b: Milotic|def|1
|-boost|p2b: Milotic|accuracy|1
|
|upkeep
|turn|4
|
|t:|1783164837
|switch|p1b: Gholdengo|Gholdengo, L50, shiny|100/100
|switch|p1a: Incineroar|Incineroar, L50, M, shiny|100/100
|-ability|p1a: Incineroar|Intimidate|boost
|-unboost|p2a: Incineroar|atk|1
|-unboost|p2b: Milotic|atk|1
|-ability|p2b: Milotic|Competitive|boost
|-boost|p2b: Milotic|spa|2
|move|p2a: Incineroar|Fake Out|p1b: Gholdengo
|-immune|p1b: Gholdengo
|move|p2b: Milotic|Muddy Water|p1b: Gholdengo|[spread] p1a,p1b
|-supereffective|p1a: Incineroar|1
|-damage|p1a: Incineroar|21/100
|-damage|p1b: Gholdengo|54/100
|-enditem|p1a: Incineroar|Sitrus Berry|[eat]
|-heal|p1a: Incineroar|46/100|[from] item: Sitrus Berry
|
|upkeep
|turn|5
|inactive|hello cheese boy has 30 seconds left.
|
|t:|1783164870
|move|p1a: Incineroar|Fake Out|p2b: Milotic
|-damage|p2b: Milotic|93/100
|move|p1b: Gholdengo|Shadow Ball|p2b: Milotic
|-damage|p2b: Milotic|50/100y
|-damage|p1b: Gholdengo|44/100|[from] item: Life Orb
|cant|p2b: Milotic|flinch
|move|p2a: Incineroar|Flare Blitz|p1b: Gholdengo
|-supereffective|p1b: Gholdengo|1
|-crit|p1b: Gholdengo
|-damage|p1b: Gholdengo|0 fnt
|faint|p1b: Gholdengo
|-damage|p2a: Incineroar|67/100|[from] Recoil
|
|-heal|p2b: Milotic|55/100|[from] item: Leftovers
|-sideend|p1: hello cheese boy|move: Tailwind
|upkeep
|
|t:|1783164891
|switch|p1b: Skarmory|Skarmory-Mega, L50, M, shiny|61/100
|turn|6
|
|t:|1783164903
|switch|p2a: Sinistcha|Sinistcha, L50|100/100
|-heal|p2b: Milotic|80/100|[from] ability: Hospitality|[of] p2a: Sinistcha
|move|p1b: Skarmory|Protect|p1b: Skarmory
|-singleturn|p1b: Skarmory|Protect
|move|p2b: Milotic|Muddy Water|p1a: Incineroar|[spread] p1a
|-activate|p1b: Skarmory|move: Protect
|-supereffective|p1a: Incineroar|1
|-damage|p1a: Incineroar|0 fnt
|faint|p1a: Incineroar
|
|-heal|p2b: Milotic|86/100|[from] item: Leftovers
|upkeep
|inactive|hello cheese boy has 30 seconds left.
|inactive|hello cheese boy has 20 seconds left.
|inactive|hello cheese boy has 15 seconds left.
|inactive|hello cheese boy has 10 seconds left.
|inactive|hello cheese boy has 5 seconds left.
|
|t:|1783164958
|switch|p1a: Whimsicott|Whimsicott, L50, M, shiny|50/100g
|turn|7
|l|☆hello cheese boy
|inactive|hello cheese boy disconnected and has a minute to reconnect!
|player|p1|
|inactive|hello cheese boy has 30 seconds left.
|inactive|hello cheese boy has 20 seconds left.
|inactive|hello cheese boy has 15 seconds left.
|inactive|hello cheese boy has 10 seconds left.
|inactive|hello cheese boy has 5 seconds left.
|-message|hello cheese boy lost due to inactivity.
|
|win|Vividedenne
