|j|☆thebeast4895
|j|☆bbbbbesbes
|html|thebeast4895bbbbbesbes    
|uhtml|bestof|Game 2 of a best-of-3
|t:|1784265599
|gametype|doubles
|player|p1|thebeast4895|170|1148
|player|p2|bbbbbesbes|266|1178
|gen|9
|tier|[Gen 9 Champions] VGC 2026 Reg M-B (Bo3)
|rated|
|rule|Species Clause: Limit one of each Pokémon
|rule|Item Clause: Limit 1 of each item
|clearpoke
|poke|p1|Kleavor, L50, M, shiny|
|poke|p1|Froslass, L50, F|
|poke|p1|Farigiraf, L50, M|
|poke|p1|Blaziken, L50, M|
|poke|p1|Rotom-Wash, L50|
|poke|p1|Whimsicott, L50, F|
|poke|p2|Whimsicott, L50, F|
|poke|p2|Garchomp, L50, M|
|poke|p2|Tyranitar, L50, M|
|poke|p2|Sinistcha-Masterpiece, L50|
|poke|p2|Metagross, L50|
|poke|p2|Incineroar, L50, F|
|teampreview|4
|showteam|p1|Kleavor||ChoiceScarf|Sharpness|Uturn,StoneAxe,CloseCombat,Tailwind|Jolly||M|||50|]Froslass||Froslassite|CursedBody|Protect,AuroraVeil,ShadowBall,Blizzard|Timid||F|||50|]Farigiraf||ColburBerry|ArmorTail|Protect,Psychic,HelpingHand,TrickRoom|Bold||M|||50|]Blaziken||Blazikenite|SpeedBoost|Detect,CloseCombat,FlareBlitz,RockSlide|Adamant||M|||50|]Rotom-Wash||SitrusBerry|Levitate|VoltSwitch,Thunderbolt,HydroPump,WillOWisp|Serious|||||50|]Whimsicott||FocusSash|Prankster|Protect,Moonblast,Tailwind,Encore|Timid||F|||50|
|showteam|p2|Whimsicott||FocusSash|Prankster|Tailwind,LeechSeed,Encore,Moonblast|Bold||F|||50|]Garchomp||YacheBerry|RoughSkin|RockSlide,DragonClaw,StompingTantrum,Protect|Jolly||M|||50|]Tyranitar||Tyranitarite|SandStream|DragonDance,Protect,RockSlide,Crunch|Adamant||M|||50|]Sinistcha-Masterpiece||CobaBerry|Hospitality|MatchaGotcha,StrengthSap,Protect,RagePowder|Bold|||||50|]Metagross||Metagrossite|ClearBody|MeteorMash,PsychicFangs,Protect,ThunderPunch|Jolly|||||50|]Incineroar||Leftovers|Intimidate|FakeOut,PartingShot,DarkestLariat,FlareBlitz|Adamant||F|||50|
|inactive|Battle timer is ON: inactive players will automatically lose when time's up. (requested by bbbbbesbes)
|
|t:|1784265630
|teamsize|p1|4
|teamsize|p2|4
|start
|switch|p1a: Whimsicott|Whimsicott, L50, F|100/100
|switch|p1b: Blaziken|Blaziken, L50, M|100/100
|switch|p2a: Metagross|Metagross, L50|100/100
|switch|p2b: Incineroar|Incineroar, L50, F|100/100
|-ability|p2b: Incineroar|Intimidate|boost
|-unboost|p1a: Whimsicott|atk|1
|-unboost|p1b: Blaziken|atk|1
|turn|1
|inactive|bbbbbesbes has 30 seconds left.
|inactive|bbbbbesbes has 20 seconds left.
|inactive|bbbbbesbes has 15 seconds left.
|inactive|bbbbbesbes has 10 seconds left.
|inactive|bbbbbesbes has 5 seconds left.
|
|t:|1784265685
|move|p1a: Whimsicott|Protect|p1a: Whimsicott
|-singleturn|p1a: Whimsicott|Protect
|move|p1b: Blaziken|Detect|p1b: Blaziken
|-singleturn|p1b: Blaziken|Protect
|move|p2b: Incineroar|Fake Out|p1b: Blaziken
|-activate|p1b: Blaziken|move: Protect
|move|p2a: Metagross|Meteor Mash|p1a: Whimsicott
|-activate|p1a: Whimsicott|move: Protect
|
|-ability|p1b: Blaziken|Speed Boost|boost
|-boost|p1b: Blaziken|spe|1
|upkeep
|turn|2
|inactive|thebeast4895 has 30 seconds left.
|inactive|bbbbbesbes has 30 seconds left.
|inactive|bbbbbesbes has 20 seconds left.
|inactive|bbbbbesbes has 15 seconds left.
|inactive|bbbbbesbes has 10 seconds left.
|inactive|bbbbbesbes has 5 seconds left.
|
|t:|1784265740
|detailschange|p1b: Blaziken|Blaziken-Mega, L50, M
|-mega|p1b: Blaziken|Blaziken|Blazikenite
|move|p1a: Whimsicott|Encore|p2a: Metagross
|-start|p2a: Metagross|Encore
|move|p1b: Blaziken|Close Combat|p2b: Incineroar
|-supereffective|p2b: Incineroar|1
|-crit|p2b: Incineroar
|-damage|p2b: Incineroar|0 fnt
|-unboost|p1b: Blaziken|def|1
|-unboost|p1b: Blaziken|spd|1
|faint|p2b: Incineroar
|move|p2a: Metagross|Meteor Mash|p1b: Blaziken
|-resisted|p1b: Blaziken|1
|-damage|p1b: Blaziken|60/100
|
|-ability|p1b: Blaziken|Speed Boost|boost
|-boost|p1b: Blaziken|spe|1
|upkeep
|
|t:|1784265753
|switch|p2b: Tyranitar|Tyranitar, L50, M|100/100
|-weather|Sandstorm|[from] ability: Sand Stream|[of] p2b: Tyranitar
|turn|3
|inactive|thebeast4895 has 30 seconds left.
|inactive|thebeast4895 has 20 seconds left.
|inactive|thebeast4895 has 15 seconds left.
|inactive|thebeast4895 has 10 seconds left.
|inactive|thebeast4895 has 5 seconds left.
|
|t:|1784265808
|detailschange|p2a: Metagross|Metagross-Mega, L50
|-mega|p2a: Metagross|Metagross|Metagrossite
|move|p1a: Whimsicott|Protect|p1a: Whimsicott
|-singleturn|p1a: Whimsicott|Protect
|move|p1b: Blaziken|Detect|p1b: Blaziken
|-singleturn|p1b: Blaziken|Protect
|move|p2a: Metagross|Meteor Mash|p1a: Whimsicott
|-activate|p1a: Whimsicott|move: Protect
|move|p2b: Tyranitar|Rock Slide|p1b: Blaziken|[spread] 
|-activate|p1a: Whimsicott|move: Protect
|-activate|p1b: Blaziken|move: Protect
|
|-weather|Sandstorm|[upkeep]
|-damage|p1b: Blaziken|53/100|[from] Sandstorm
|-damage|p1a: Whimsicott|94/100|[from] Sandstorm
|-ability|p1b: Blaziken|Speed Boost|boost
|-boost|p1b: Blaziken|spe|1
|upkeep
|turn|4
|inactive|thebeast4895 has 30 seconds left.
|
|t:|1784265836
|switch|p1a: Rotom|Rotom-Wash, L50|100/100
|move|p1b: Blaziken|Close Combat|p2b: Tyranitar
|-supereffective|p2b: Tyranitar|2
|-damage|p2b: Tyranitar|0 fnt
|-unboost|p1b: Blaziken|def|1
|-unboost|p1b: Blaziken|spd|1
|faint|p2b: Tyranitar
|move|p2a: Metagross|Meteor Mash|p1a: Rotom
|-resisted|p1a: Rotom|2
|-damage|p1a: Rotom|81/100
|
|-weather|Sandstorm|[upkeep]
|-damage|p1b: Blaziken|47/100|[from] Sandstorm
|-damage|p1a: Rotom|75/100|[from] Sandstorm
|-end|p2a: Metagross|Encore
|-ability|p1b: Blaziken|Speed Boost|boost
|-boost|p1b: Blaziken|spe|1
|upkeep
|
|t:|1784265839
|switch|p2b: Sinistcha|Sinistcha-Masterpiece, L50|100/100
|turn|5
|
|t:|1784265852
|move|p1b: Blaziken|Flare Blitz|p2a: Metagross
|-supereffective|p2a: Metagross|1
|-damage|p2a: Metagross|8/100
|-damage|p1b: Blaziken|21/100|[from] Recoil
|move|p2a: Metagross|Psychic Fangs|p1b: Blaziken
|-supereffective|p1b: Blaziken|1
|-damage|p1b: Blaziken|0 fnt
|faint|p1b: Blaziken
|move|p1a: Rotom|Will-O-Wisp|p2a: Metagross
|-status|p2a: Metagross|brn
|move|p2b: Sinistcha|Matcha Gotcha|p1a: Rotom
|-supereffective|p1a: Rotom|1
|-damage|p1a: Rotom|0 fnt
|faint|p1a: Rotom
|
|-weather|Sandstorm|[upkeep]
|-damage|p2b: Sinistcha|93/100|[from] Sandstorm
|-damage|p2a: Metagross|2/100 brn|[from] brn
|upkeep
|inactive|thebeast4895 has 30 seconds left.
|inactive|thebeast4895 has 20 seconds left.
|
|t:|1784265891
|switch|p1b: Kleavor|Kleavor, L50, M, shiny|100/100
|switch|p1a: Whimsicott|Whimsicott, L50, F|94/100
|turn|6
|
|t:|1784265912
|move|p2b: Sinistcha|Rage Powder|p2b: Sinistcha
|-singleturn|p2b: Sinistcha|move: Rage Powder
|move|p1b: Kleavor|Stone Axe|p2b: Sinistcha
|-damage|p2b: Sinistcha|58/100
|-sidestart|p2: bbbbbesbes|move: Stealth Rock
|move|p1a: Whimsicott|Moonblast|p2a: Metagross
|-resisted|p2a: Metagross|1
|-damage|p2a: Metagross|0 fnt
|faint|p2a: Metagross
|
|-weather|Sandstorm|[upkeep]
|-damage|p1a: Whimsicott|88/100|[from] Sandstorm
|-damage|p2b: Sinistcha|52/100|[from] Sandstorm
|upkeep
|turn|7
|inactive|thebeast4895 has 30 seconds left.
|inactive|thebeast4895 has 20 seconds left.
|inactive|thebeast4895 has 15 seconds left.
|inactive|thebeast4895 has 10 seconds left.
|inactive|thebeast4895 has 5 seconds left.
|
|t:|1784265967
|move|p1a: Whimsicott|Protect|p1a: Whimsicott
|-singleturn|p1a: Whimsicott|Protect
|move|p1b: Kleavor|Stone Axe|p2b: Sinistcha
|-damage|p2b: Sinistcha|15/100
|move|p2b: Sinistcha|Matcha Gotcha|p1b: Kleavor|[spread] 
|-activate|p1a: Whimsicott|move: Protect
|-miss|p2b: Sinistcha|p1b: Kleavor
|
|-weather|none
|upkeep
|turn|8
|-message|bbbbbesbes forfeited.
|
|win|thebeast4895
|l|☆bbbbbesbes
|player|p2|
||thebeast4895 is ready for game 3.
||bbbbbesbes is ready for game 3.
|uhtml|next|Next: Game 3 of 3
