|j|☆not a 3
|j|☆dylanpika99
|html|not a 3dylanpika99    
|uhtml|bestof|Game 3 of a best-of-3
|t:|1783061936
|gametype|doubles
|player|p1|not a 3|smasher|
|player|p2|dylanpika99|bianca|
|gen|9
|tier|[Gen 9 Champions] VGC 2026 Reg M-B (Bo3)
|rule|Species Clause: Limit one of each Pokémon
|rule|Item Clause: Limit 1 of each item
|clearpoke
|poke|p1|Raichu, L50, M|
|poke|p1|Maushold, L50|
|poke|p1|Basculegion, L50, M|
|poke|p1|Tsareena, L50, F|
|poke|p1|Sableye, L50, F|
|poke|p1|Incineroar, L50, M|
|poke|p2|Eelektross, L50, F|
|poke|p2|Grimmsnarl, L50, M|
|poke|p2|Incineroar, L50, F|
|poke|p2|Gholdengo, L50|
|poke|p2|Maushold-Four, L50|
|poke|p2|Garchomp, L50, M|
|teampreview|4
|showteam|p1|Raichu||RaichuniteY|LightningRod|ZapCannon,FocusBlast,VoltSwitch,Protect|Timid||M|||50|]Maushold||FocusSash|FriendGuard|Encore,Protect,Feint,FollowMe|Serious|||||50|]Basculegion||ChoiceScarf|Adaptability|LastRespects,WaveCrash,FlipTurn,AquaJet|Jolly||M|||50|]Tsareena||WideLens|QueenlyMajesty|PowerWhip,TripleAxel,Protect,Uturn|Adamant||F|||50|]Sableye||RoseliBerry|Prankster|Quash,Encore,Feint,FakeOut|Impish||F|||50|]Incineroar||SitrusBerry|Intimidate|FlareBlitz,Protect,FakeOut,PartingShot|Sassy||M|||50|
|showteam|p2|Eelektross||Eelektrossite|Levitate|ThunderPunch,DrainPunch,Coil,Protect|Adamant||F|||50|]Grimmsnarl||LightClay|Prankster|Reflect,LightScreen,PartingShot,SpiritBreak|Impish||M|||50|]Incineroar||Leftovers|Intimidate|FlareBlitz,PartingShot,FakeOut,WillOWisp|Careful||F|||50|]Gholdengo||LifeOrb|GoodasGold|MakeItRain,ShadowBall,NastyPlot,Protect|Modest|||||50|]Maushold-Four||SitrusBerry|FriendGuard|SuperFang,FollowMe,ThunderWave,Protect|Impish|||||50|]Garchomp||ChoiceScarf|RoughSkin|Earthquake,RockSlide,DragonClaw,IronHead|Serious||M|||50|
|inactive|Battle timer is ON: inactive players will automatically lose when time's up. (requested by not a 3)
|
|t:|1783062005
|teamsize|p1|4
|teamsize|p2|4
|start
|switch|p1a: okay|Incineroar, L50, M|100/100
|switch|p1b: 4thCorner1st|Basculegion, L50, M|100/100
|switch|p2a: Grimmsnarl|Grimmsnarl, L50, M|100/100
|switch|p2b: Maushold|Maushold-Four, L50|100/100
|-ability|p1a: okay|Intimidate|boost
|-unboost|p2a: Grimmsnarl|atk|1
|-unboost|p2b: Maushold|atk|1
|turn|1
|
|t:|1783062026
|move|p2b: Maushold|Protect|p2b: Maushold
|-singleturn|p2b: Maushold|Protect
|move|p2a: Grimmsnarl|Reflect|p2a: Grimmsnarl
|-sidestart|p2: dylanpika99|Reflect
|move|p1b: 4thCorner1st|Flip Turn|p2b: Maushold
|-activate|p2b: Maushold|move: Protect
|move|p1a: okay|Flare Blitz|p2b: Maushold
|-activate|p2b: Maushold|move: Protect
|
|upkeep
|turn|2
|
|t:|1783062047
|move|p2a: Grimmsnarl|Parting Shot|p1b: 4thCorner1st
|-unboost|p1b: 4thCorner1st|atk|1
|-unboost|p1b: 4thCorner1st|spa|1
|
|t:|1783062061
|switch|p2a: Garchomp|Garchomp, L50, M|100/100|[from] Parting Shot
|move|p1b: 4thCorner1st|Flip Turn|p2b: Maushold
|-damage|p2b: Maushold|82/100
|
|t:|1783062069
|switch|p1b: IGB Blast|Raichu, L50, M|100/100|[from] Flip Turn
|move|p2b: Maushold|Super Fang|p1a: okay
|-damage|p1a: okay|50/100g
|move|p1a: okay|Parting Shot|p2a: Garchomp
|-unboost|p2a: Garchomp|atk|1
|-unboost|p2a: Garchomp|spa|1
|
|t:|1783062077
|switch|p1a: 4thCorner1st|Basculegion, L50, M|100/100|[from] Parting Shot
|
|upkeep
|turn|3
|inactive|dylanpika99 has 30 seconds left.
|
|t:|1783062105
|switch|p1b: okay|Incineroar, L50, M|50/100g
|-ability|p1b: okay|Intimidate|boost
|-unboost|p2a: Garchomp|atk|1
|-unboost|p2b: Maushold|atk|1
|switch|p2b: Snotsolong|Eelektross, L50, F|100/100
|move|p2a: Garchomp|Earthquake|p1b: okay|[spread] p1a,p1b
|-immune|p2b: Snotsolong|[from] ability: Levitate
|-supereffective|p1b: okay|1
|-damage|p1a: 4thCorner1st|76/100
|-damage|p1b: okay|17/100
|-enditem|p1b: okay|Sitrus Berry|[eat]
|-heal|p1b: okay|41/100|[from] item: Sitrus Berry
|move|p1a: 4thCorner1st|Wave Crash|p2a: Garchomp
|-damage|p2a: Garchomp|48/100
|-damage|p1a: 4thCorner1st|64/100|[from] ability: Rough Skin|[of] p2a: Garchomp
|-damage|p1a: 4thCorner1st|48/100|[from] Recoil
|
|upkeep
|turn|4
|inactive|dylanpika99 has 30 seconds left.
|inactive|dylanpika99 has 20 seconds left.
|inactive|not a 3 has 30 seconds left.
|inactive|dylanpika99 has 15 seconds left.
|inactive|dylanpika99 has 10 seconds left.
|
|t:|1783062154
|switch|p2a: Grimmsnarl|Grimmsnarl, L50, M|100/100
|detailschange|p2b: Snotsolong|Eelektross-Mega, L50, F
|-mega|p2b: Snotsolong|Eelektross|Eelektrossite
|move|p1b: okay|Fake Out|p2a: Grimmsnarl
|-damage|p2a: Grimmsnarl|93/100
|move|p1a: 4thCorner1st|Wave Crash|p2a: Grimmsnarl
|-damage|p2a: Grimmsnarl|48/100
|-damage|p1a: 4thCorner1st|32/100|[from] Recoil
|move|p2b: Snotsolong|Drain Punch|p1b: okay
|-supereffective|p1b: okay|1
|-damage|p1b: okay|0 fnt
|faint|p1b: okay
|-ability|p2b: Snotsolong|Eelevate|boost
|-boost|p2b: Snotsolong|atk|1
|
|upkeep
|
|t:|1783062159
|switch|p1b: Tsaritsa|Tsareena, L50, F|100/100
|turn|5
|
|t:|1783062184
|switch|p1b: IGB Blast|Raichu, L50, M|100/100
|switch|p2a: Maushold|Maushold-Four, L50|82/100
|move|p1a: 4thCorner1st|Wave Crash|p2b: Snotsolong
|-damage|p2b: Snotsolong|59/100
|-damage|p1a: 4thCorner1st|20/100y|[from] Recoil
|move|p2b: Snotsolong|Coil|p2b: Snotsolong
|-boost|p2b: Snotsolong|atk|1
|-boost|p2b: Snotsolong|def|1
|-boost|p2b: Snotsolong|accuracy|1
|
|upkeep
|turn|6
|inactive|dylanpika99 has 30 seconds left.
|
|t:|1783062215
|switch|p1a: Tsaritsa|Tsareena, L50, F|100/100
|detailschange|p1b: IGB Blast|Raichu-Mega-Y, L50, M
|-mega|p1b: IGB Blast|Raichu|Raichunite Y
|move|p2a: Maushold|Follow Me|p2a: Maushold
|-singleturn|p2a: Maushold|move: Follow Me
|move|p1b: IGB Blast|Focus Blast|p2a: Maushold
|-supereffective|p2a: Maushold|1
|-damage|p2a: Maushold|0 fnt
|faint|p2a: Maushold
|move|p2b: Snotsolong|Thunder Punch|p1a: Tsaritsa
|-resisted|p1a: Tsaritsa|1
|-damage|p1a: Tsaritsa|56/100
|
|upkeep
|
|t:|1783062225
|switch|p2a: Grimmsnarl|Grimmsnarl, L50, M|48/100
|turn|7
|
|t:|1783062244
|move|p1b: IGB Blast|Protect|p1b: IGB Blast
|-singleturn|p1b: IGB Blast|Protect
|move|p1a: Tsaritsa|Protect|p1a: Tsaritsa
|-singleturn|p1a: Tsaritsa|Protect
|move|p2a: Grimmsnarl|Light Screen|p2a: Grimmsnarl
|-sidestart|p2: dylanpika99|move: Light Screen
|move|p2b: Snotsolong|Thunder Punch|p1b: IGB Blast
|-activate|p1b: IGB Blast|move: Protect
|
|upkeep
|turn|8
|inactive|dylanpika99 has 30 seconds left.
|inactive|dylanpika99 has 20 seconds left.
|inactive|dylanpika99 has 15 seconds left.
|
|t:|1783062288
|switch|p1a: 4thCorner1st|Basculegion, L50, M|20/100y
|switch|p2a: Garchomp|Garchomp, L50, M|48/100
|move|p1b: IGB Blast|Focus Blast|p2b: Snotsolong
|-damage|p2b: Snotsolong|31/100
|move|p2b: Snotsolong|Drain Punch|p1b: IGB Blast
|-crit|p1b: IGB Blast
|-damage|p1b: IGB Blast|0 fnt
|-heal|p2b: Snotsolong|68/100|[from] drain|[of] p1b: IGB Blast
|faint|p1b: IGB Blast
|-ability|p2b: Snotsolong|Eelevate|boost
|-boost|p2b: Snotsolong|atk|1
|
|-sideend|p2: dylanpika99|Reflect
|upkeep
|
|t:|1783062296
|switch|p1b: Tsaritsa|Tsareena, L50, F|56/100
|turn|9
|
|t:|1783062314
|move|p2a: Garchomp|Earthquake|p1b: Tsaritsa|[spread] p1a,p1b
|-immune|p2b: Snotsolong|[from] ability: Eelevate
|-resisted|p1b: Tsaritsa|1
|-damage|p1a: 4thCorner1st|0 fnt
|-damage|p1b: Tsaritsa|36/100
|faint|p1a: 4thCorner1st
|move|p2b: Snotsolong|Drain Punch|p1b: Tsaritsa
|-damage|p1b: Tsaritsa|0 fnt
|-heal|p2b: Snotsolong|83/100|[from] drain|[of] p1b: Tsaritsa
|faint|p1b: Tsaritsa
|
|win|dylanpika99
|l|☆not a 3
|player|p1|
