|j|☆HinamikoNovelGames
|j|☆TeyVgc
|html|HinamikoNovelGamesTeyVgc    
|uhtml|bestof|Game 1 of a best-of-3
|t:|1783486756
|gametype|doubles
|player|p1|HinamikoNovelGames|parasollady|1338
|player|p2|TeyVgc|rood|1326
|gen|9
|tier|[Gen 9 Champions] VGC 2026 Reg M-B (Bo3)
|rated|
|rule|Species Clause: Limit one of each Pokémon
|rule|Item Clause: Limit 1 of each item
|clearpoke
|poke|p1|Delphox, L50, M|
|poke|p1|Sinistcha-Masterpiece, L50|
|poke|p1|Blastoise, L50, F|
|poke|p1|Maushold, L50|
|poke|p1|Incineroar, L50, F|
|poke|p1|Sneasler, L50, F|
|poke|p2|Raichu, L50, F|
|poke|p2|Sinistcha, L50|
|poke|p2|Ceruledge, L50, F|
|poke|p2|Milotic, L50, F|
|poke|p2|Incineroar, L50, M|
|poke|p2|Floette-Eternal, L50, F|
|teampreview|4
|showteam|p1|Delphox||Delphoxite|Blaze|HeatWave,Psyshock,NastyPlot,Protect|Timid||M|||50|]Sinistcha-Masterpiece||OccaBerry|Hospitality|MatchaGotcha,LifeDew,RagePowder,Protect|Calm|||||50|]Blastoise||Blastoisinite|RainDish|WaterSpout,DarkPulse,ShellSmash,Protect|Timid||F|||50|]Maushold||ChopleBerry|FriendGuard|SuperFang,Feint,FollowMe,Protect|Impish|||||50|]Incineroar||SitrusBerry|Intimidate|FakeOut,FlareBlitz,ThroatChop,PartingShot|Impish||F|||50|]Sneasler||FocusSash|PoisonTouch|FakeOut,CloseCombat,DireClaw,QuickGuard|Jolly||F|||50|
|showteam|p2|Raichu||RaichuniteY|LightningRod|ZapCannon,FocusBlast,FakeOut,Protect|Timid||F|||50|]Sinistcha||KasibBerry|Hospitality|MatchaGotcha,LifeDew,RagePowder,TrickRoom|Relaxed|||||50|]Ceruledge||ColburBerry|FlashFire|BitterBlade,ShadowSneak,BulkUp,Protect|Adamant||F|||50|]Milotic||Leftovers|Competitive|MuddyWater,Coil,Hypnosis,Protect|Calm||F|||50|]Incineroar||SitrusBerry|Intimidate|FlareBlitz,ThroatChop,FakeOut,PartingShot|Impish||M|||50|]Floette-Eternal||Floettite|FlowerVeil|CalmMind,Protect,Moonblast,DazzlingGleam|Modest||F|||50|
|
|t:|1783486831
|teamsize|p1|4
|teamsize|p2|4
|start
|switch|p1a: Delphox|Delphox, L50, M|100/100
|switch|p1b: Maushold|Maushold, L50|100/100
|switch|p2a: Raichu|Raichu, L50, F|100/100
|switch|p2b: Milotic|Milotic, L50, F|100/100
|turn|1
|
|t:|1783486856
|switch|p2b: Incineroar|Incineroar, L50, M|100/100
|-ability|p2b: Incineroar|Intimidate|boost
|-unboost|p1a: Delphox|atk|1
|-unboost|p1b: Maushold|atk|1
|detailschange|p1a: Delphox|Delphox-Mega, L50, M
|-mega|p1a: Delphox|Delphox|Delphoxite
|detailschange|p2a: Raichu|Raichu-Mega-Y, L50, F
|-mega|p2a: Raichu|Raichu|Raichunite Y
|move|p1b: Maushold|Follow Me|p1b: Maushold
|-singleturn|p1b: Maushold|move: Follow Me
|move|p1a: Delphox|Nasty Plot|p1a: Delphox
|-boost|p1a: Delphox|spa|2
|move|p2a: Raichu|Zap Cannon|p1b: Maushold
|-damage|p1b: Maushold|36/100
|-status|p1b: Maushold|par
|
|upkeep
|turn|2
|
|t:|1783486875
|move|p1a: Delphox|Protect|p1a: Delphox
|-singleturn|p1a: Delphox|Protect
|move|p1b: Maushold|Protect|p1b: Maushold
|-singleturn|p1b: Maushold|Protect
|move|p2b: Incineroar|Fake Out|p1a: Delphox
|-activate|p1a: Delphox|move: Protect
|move|p2a: Raichu|Focus Blast|p1a: Delphox
|-activate|p1a: Delphox|move: Protect
|
|upkeep
|turn|3
|
|t:|1783486899
|move|p1b: Maushold|Feint|p2a: Raichu
|-damage|p2a: Raichu|92/100
|move|p1a: Delphox|Heat Wave|p2a: Raichu|[spread] p2a,p2b
|-crit|p2a: Raichu
|-resisted|p2b: Incineroar|1
|-damage|p2a: Raichu|0 fnt
|-damage|p2b: Incineroar|66/100
|faint|p2a: Raichu
|move|p2b: Incineroar|Throat Chop|p1a: Delphox
|-supereffective|p1a: Delphox|1
|-damage|p1a: Delphox|48/100
|-start|p1a: Delphox|Throat Chop|[silent]
|
|upkeep
|
|t:|1783486909
|switch|p2a: Sinistcha|Sinistcha, L50|100/100
|-heal|p2b: Incineroar|91/100|[from] ability: Hospitality|[of] p2a: Sinistcha
|turn|4
|
|t:|1783486923
|switch|p2a: Milotic|Milotic, L50, F|100/100
|move|p1b: Maushold|Follow Me|p1b: Maushold
|-singleturn|p1b: Maushold|move: Follow Me
|move|p1a: Delphox|Heat Wave|p2b: Incineroar|[spread] p2a,p2b
|-resisted|p2a: Milotic|1
|-resisted|p2b: Incineroar|1
|-damage|p2a: Milotic|77/100
|-damage|p2b: Incineroar|60/100
|move|p2b: Incineroar|Parting Shot|p1b: Maushold
|-unboost|p1b: Maushold|atk|1
|-unboost|p1b: Maushold|spa|1
|
|t:|1783486933
|switch|p2b: Sinistcha|Sinistcha, L50|100/100|[from] Parting Shot
|-heal|p2a: Milotic|100/100|[from] ability: Hospitality|[of] p2b: Sinistcha
|
|-end|p1a: Delphox|Throat Chop|[silent]
|upkeep
|turn|5
|
|t:|1783486939
|switch|p2b: Incineroar|Incineroar, L50, M|60/100
|-ability|p2b: Incineroar|Intimidate|boost
|-unboost|p1a: Delphox|atk|1
|-unboost|p1b: Maushold|atk|1
|switch|p1b: Sinistcha|Sinistcha-Masterpiece, L50|100/100
|-heal|p1a: Delphox|73/100|[from] ability: Hospitality|[of] p1b: Sinistcha
|move|p1a: Delphox|Heat Wave|p2b: Incineroar|[spread] p2a,p2b
|-resisted|p2a: Milotic|1
|-resisted|p2b: Incineroar|1
|-damage|p2a: Milotic|77/100
|-damage|p2b: Incineroar|26/100
|-enditem|p2b: Incineroar|Sitrus Berry|[eat]
|-heal|p2b: Incineroar|50/100g|[from] item: Sitrus Berry
|move|p2a: Milotic|Coil|p2a: Milotic
|-boost|p2a: Milotic|atk|1
|-boost|p2a: Milotic|def|1
|-boost|p2a: Milotic|accuracy|1
|
|-heal|p2a: Milotic|83/100|[from] item: Leftovers
|upkeep
|turn|6
|
|t:|1783486962
|move|p1a: Delphox|Protect|p1a: Delphox
|-singleturn|p1a: Delphox|Protect
|move|p2b: Incineroar|Fake Out|p1a: Delphox
|-activate|p1a: Delphox|move: Protect
|move|p2a: Milotic|Coil|p2a: Milotic
|-boost|p2a: Milotic|atk|1
|-boost|p2a: Milotic|def|1
|-boost|p2a: Milotic|accuracy|1
|move|p1b: Sinistcha|Matcha Gotcha|p2b: Incineroar|[spread] p2a,p2b
|-supereffective|p2a: Milotic|1
|-resisted|p2b: Incineroar|1
|-damage|p2a: Milotic|50/100y
|-damage|p2b: Incineroar|39/100
|-status|p2a: Milotic|brn
|
|-heal|p2a: Milotic|55/100 brn|[from] item: Leftovers
|-damage|p2a: Milotic|50/100y brn|[from] brn
|upkeep
|turn|7
|
|t:|1783486975
|move|p2a: Milotic|Protect|p2a: Milotic
|-singleturn|p2a: Milotic|Protect
|move|p1b: Sinistcha|Rage Powder|p1b: Sinistcha
|-singleturn|p1b: Sinistcha|move: Rage Powder
|move|p1a: Delphox|Heat Wave|p2a: Milotic|[spread] p2b
|-activate|p2a: Milotic|move: Protect
|-resisted|p2b: Incineroar|1
|-damage|p2b: Incineroar|9/100
|move|p2b: Incineroar|Parting Shot|p1b: Sinistcha
|-unboost|p1b: Sinistcha|atk|1
|-unboost|p1b: Sinistcha|spa|1
|
|t:|1783486981
|switch|p2b: Sinistcha|Sinistcha, L50|100/100|[from] Parting Shot
|-heal|p2a: Milotic|74/100 brn|[from] ability: Hospitality|[of] p2b: Sinistcha
|
|-heal|p2a: Milotic|80/100 brn|[from] item: Leftovers
|-damage|p2a: Milotic|74/100 brn|[from] brn
|upkeep
|turn|8
|
|t:|1783486989
|switch|p2b: Incineroar|Incineroar, L50, M|9/100
|-ability|p2b: Incineroar|Intimidate|boost
|-unboost|p1a: Delphox|atk|1
|-unboost|p1b: Sinistcha|atk|1
|move|p1b: Sinistcha|Rage Powder|p1b: Sinistcha
|-singleturn|p1b: Sinistcha|move: Rage Powder
|move|p1a: Delphox|Heat Wave|p2a: Milotic|[spread] p2a,p2b
|-resisted|p2a: Milotic|1
|-resisted|p2b: Incineroar|1
|-damage|p2a: Milotic|52/100 brn
|-damage|p2b: Incineroar|0 fnt
|faint|p2b: Incineroar
|move|p2a: Milotic|Muddy Water|p1b: Sinistcha|[spread] p1a,p1b
|-supereffective|p1a: Delphox|1
|-crit|p1a: Delphox
|-resisted|p1b: Sinistcha|1
|-damage|p1a: Delphox|10/100
|-damage|p1b: Sinistcha|89/100
|-unboost|p1a: Delphox|accuracy|1
|
|-heal|p2a: Milotic|58/100 brn|[from] item: Leftovers
|-damage|p2a: Milotic|52/100 brn|[from] brn
|upkeep
|
|t:|1783487000
|switch|p2b: Sinistcha|Sinistcha, L50|100/100
|-heal|p2a: Milotic|77/100 brn|[from] ability: Hospitality|[of] p2b: Sinistcha
|turn|9
|
|t:|1783487009
|move|p1a: Delphox|Protect|p1a: Delphox
|-singleturn|p1a: Delphox|Protect
|move|p2a: Milotic|Muddy Water|p1a: Delphox|[spread] p1b
|-activate|p1a: Delphox|move: Protect
|-resisted|p1b: Sinistcha|1
|-damage|p1b: Sinistcha|79/100
|move|p1b: Sinistcha|Life Dew|p1b: Sinistcha|[spread] p1a,p1b
|-heal|p1a: Delphox|35/100
|-heal|p1b: Sinistcha|100/100
|move|p2b: Sinistcha|Trick Room|p2b: Sinistcha
|-fieldstart|move: Trick Room|[of] p2b: Sinistcha
|
|-heal|p2a: Milotic|83/100 brn|[from] item: Leftovers
|-damage|p2a: Milotic|77/100 brn|[from] brn
|upkeep
|turn|10
|
|t:|1783487027
|switch|p1b: Maushold|Maushold, L50|36/100 par
|move|p2b: Sinistcha|Matcha Gotcha|p1b: Maushold|[spread] p1a,p1b
|-resisted|p1a: Delphox|1
|-damage|p1a: Delphox|27/100
|-damage|p1b: Maushold|11/100 par
|move|p2a: Milotic|Muddy Water|p1a: Delphox|[spread] p1a,p1b
|-supereffective|p1a: Delphox|1
|-damage|p1a: Delphox|0 fnt
|-damage|p1b: Maushold|0 fnt
|faint|p1a: Delphox
|faint|p1b: Maushold
|
|-heal|p2a: Milotic|83/100 brn|[from] item: Leftovers
|-damage|p2a: Milotic|77/100 brn|[from] brn
|upkeep
|
|t:|1783487037
|switch|p1b: Sinistcha|Sinistcha-Masterpiece, L50|100/100
|switch|p1a: Sneasler|Sneasler, L50, F|100/100
|turn|11
|
|t:|1783487047
|move|p2b: Sinistcha|Matcha Gotcha|p1b: Sinistcha|[spread] p1a,p1b
|-resisted|p1a: Sneasler|1
|-resisted|p1b: Sinistcha|1
|-damage|p1a: Sneasler|84/100
|-damage|p1b: Sinistcha|89/100
|move|p1b: Sinistcha|Matcha Gotcha|p2b: Sinistcha|[spread] p2a,p2b
|-supereffective|p2a: Milotic|1
|-resisted|p2b: Sinistcha|1
|-damage|p2a: Milotic|45/100 brn
|-heal|p1b: Sinistcha|100/100|[from] drain|[of] p2a: Milotic
|-damage|p2b: Sinistcha|88/100
|move|p2a: Milotic|Muddy Water|p1a: Sneasler|[spread] p1a,p1b
|-resisted|p1b: Sinistcha|1
|-damage|p1a: Sneasler|49/100
|-damage|p1b: Sinistcha|89/100
|move|p1a: Sneasler|Dire Claw|p2b: Sinistcha
|-damage|p2b: Sinistcha|51/100
|-status|p2b: Sinistcha|psn
|
|-heal|p2a: Milotic|50/100g brn|[from] item: Leftovers
|-damage|p2b: Sinistcha|38/100 psn|[from] psn
|-damage|p2a: Milotic|45/100 brn|[from] brn
|upkeep
|turn|12
|
|t:|1783487073
|move|p2b: Sinistcha|Life Dew|p2b: Sinistcha|[spread] p2a,p2b
|-heal|p2a: Milotic|70/100 brn
|-heal|p2b: Sinistcha|64/100 psn
|move|p1b: Sinistcha|Matcha Gotcha|p2a: Milotic|[spread] p2a,p2b
|-supereffective|p2a: Milotic|1
|-crit|p2a: Milotic
|-resisted|p2b: Sinistcha|1
|-damage|p2a: Milotic|21/100 brn
|-heal|p1b: Sinistcha|100/100|[from] drain|[of] p2a: Milotic
|-damage|p2b: Sinistcha|53/100 psn
|move|p2a: Milotic|Hypnosis|p1a: Sneasler
|-status|p1a: Sneasler|slp|[from] move: Hypnosis
|cant|p1a: Sneasler|slp
|
|-heal|p2a: Milotic|27/100 brn|[from] item: Leftovers
|-damage|p2b: Sinistcha|41/100 psn|[from] psn
|-damage|p2a: Milotic|21/100 brn|[from] brn
|upkeep
|turn|13
|
|t:|1783487084
|move|p2b: Sinistcha|Life Dew|p2b: Sinistcha|[spread] p2a,p2b
|-heal|p2a: Milotic|47/100 brn
|-heal|p2b: Sinistcha|66/100 psn
|move|p1b: Sinistcha|Matcha Gotcha|p2a: Milotic|[spread] p2a,p2b
|-supereffective|p2a: Milotic|1
|-resisted|p2b: Sinistcha|1
|-damage|p2a: Milotic|13/100 brn
|-damage|p2b: Sinistcha|54/100 psn
|move|p2a: Milotic|Muddy Water|p1b: Sinistcha|[spread] p1a,p1b
|-resisted|p1b: Sinistcha|1
|-damage|p1a: Sneasler|18/100 slp
|-damage|p1b: Sinistcha|89/100
|-unboost|p1a: Sneasler|accuracy|1
|-unboost|p1b: Sinistcha|accuracy|1
|-curestatus|p1a: Sneasler|slp|[msg]
|move|p1a: Sneasler|Dire Claw|p2b: Sinistcha
|-damage|p2b: Sinistcha|17/100 psn
|
|-heal|p2a: Milotic|19/100 brn|[from] item: Leftovers
|-damage|p2b: Sinistcha|5/100 psn|[from] psn
|-damage|p2a: Milotic|13/100 brn|[from] brn
|-fieldend|move: Trick Room
|upkeep
|turn|14
|
|t:|1783487102
|move|p2b: Sinistcha|Rage Powder|p2b: Sinistcha
|-singleturn|p2b: Sinistcha|move: Rage Powder
|move|p1a: Sneasler|Dire Claw|p2b: Sinistcha
|-damage|p2b: Sinistcha|0 fnt
|faint|p2b: Sinistcha
|move|p2a: Milotic|Muddy Water|p1b: Sinistcha|[spread] p1a,p1b
|-resisted|p1b: Sinistcha|1
|-damage|p1a: Sneasler|0 fnt
|-damage|p1b: Sinistcha|79/100
|faint|p1a: Sneasler
|move|p1b: Sinistcha|Matcha Gotcha|p2a: Milotic|[miss]
|-miss|p1b: Sinistcha|p2a: Milotic
|
|-heal|p2a: Milotic|19/100 brn|[from] item: Leftovers
|-damage|p2a: Milotic|13/100 brn|[from] brn
|upkeep
|turn|15
|
|t:|1783487113
|move|p2a: Milotic|Muddy Water|p1b: Sinistcha
|-resisted|p1b: Sinistcha|1
|-damage|p1b: Sinistcha|64/100
|move|p1b: Sinistcha|Matcha Gotcha|p2a: Milotic
|-supereffective|p2a: Milotic|1
|-damage|p2a: Milotic|0 fnt
|-heal|p1b: Sinistcha|71/100|[from] drain|[of] p2a: Milotic
|faint|p2a: Milotic
|
|win|HinamikoNovelGames
