|j|☆rojas32
|j|☆mikelpoyarzabal
|html|rojas32mikelpoyarzabal    
|uhtml|bestof|Game 1 of a best-of-3
|t:|1785172939
|gametype|doubles
|player|p1|rojas32|1|1455
|player|p2|mikelpoyarzabal|arven-s|1381
|gen|9
|tier|[Gen 9 Champions] VGC 2026 Reg M-B (Bo3)
|rated|
|rule|Species Clause: Limit one of each Pokémon
|rule|Item Clause: Limit 1 of each item
|clearpoke
|poke|p1|Charizard, L50, F|
|poke|p1|Aerodactyl, L50, M|
|poke|p1|Sylveon, L50, M|
|poke|p1|Kingambit, L50, M|
|poke|p1|Farigiraf, L50, F|
|poke|p1|Garchomp, L50, F|
|poke|p2|Tyranitar, L50, F|
|poke|p2|Excadrill, L50, M|
|poke|p2|Gholdengo, L50|
|poke|p2|Milotic, L50, F|
|poke|p2|Sinistcha, L50|
|poke|p2|Staraptor, L50, M|
|teampreview|4
|showteam|p1|Charizard||CharizarditeY|Blaze|WeatherBall,HeatWave,SolarBeam,Protect|Modest||F|||50|]Aerodactyl||Aerodactylite|Unnerve|RockSlide,DualWingbeat,IceFang,Tailwind|Jolly||M|||50|]Sylveon||FairyFeather|Pixilate|Detect,QuickAttack,HyperBeam,HyperVoice|Modest||M|||50|]Kingambit||FocusSash|Defiant|IronHead,LowKick,KowtowCleave,SuckerPunch|Adamant||M|||50|]Farigiraf||SitrusBerry|ArmorTail|PsychicFangs,Thunderbolt,SunnyDay,TrickRoom|Relaxed||F|||50|]Garchomp||LifeOrb|RoughSkin|Protect,DragonClaw,StompingTantrum,Earthquake|Jolly||F|||50|
|showteam|p2|Tyranitar||Tyranitarite|SandStream|RockSlide,KnockOff,LowKick,Protect|Jolly||F|||50|]Excadrill||FocusSash|SandRush|HighHorsepower,IronHead,RockSlide,Protect|Adamant||M|||50|]Gholdengo||LifeOrb|GoodasGold|ShadowBall,MakeItRain,NastyPlot,Protect|Modest|||||50|]Milotic||SitrusBerry|Competitive|Scald,IceBeam,IcyWind,Protect|Calm||F|||50|]Sinistcha||ColburBerry|Hospitality|MatchaGotcha,ShadowBall,RagePowder,Protect|Bold|||||50|]Staraptor||Staraptite|Intimidate|BraveBird,CloseCombat,Tailwind,Protect|Jolly||M|||50|
|inactive|Battle timer is ON: inactive players will automatically lose when time's up. (requested by mikelpoyarzabal)
|inactive|mikelpoyarzabal has 60 seconds left.
|
|t:|1785172989
|teamsize|p1|4
|teamsize|p2|4
|start
|switch|p1a: Charizard|Charizard, L50, F|100/100
|switch|p1b: Kingambit|Kingambit, L50, M|100/100
|switch|p2a: Gholdengo|Gholdengo, L50|100/100
|switch|p2b: Tyranitar|Tyranitar, L50, F|100/100
|-weather|Sandstorm|[from] ability: Sand Stream|[of] p2b: Tyranitar
|turn|1
|inactive|rojas32 has 30 seconds left.
|inactive|mikelpoyarzabal has 30 seconds left.
|inactive|rojas32 has 20 seconds left.
|inactive|rojas32 has 15 seconds left.
|
|t:|1785173032
|switch|p1a: Garchomp|Garchomp, L50, F|100/100
|move|p2a: Gholdengo|Make It Rain|p1a: Garchomp|[spread] p1a,p1b
|-resisted|p1b: Kingambit|1
|-damage|p1a: Garchomp|29/100
|-damage|p1b: Kingambit|65/100
|-unboost|p2a: Gholdengo|spa|2
|-damage|p2a: Gholdengo|90/100|[from] item: Life Orb
|move|p2b: Tyranitar|Low Kick|p1b: Kingambit
|-supereffective|p1b: Kingambit|2
|-damage|p1b: Kingambit|0 fnt
|faint|p1b: Kingambit
|
|-weather|Sandstorm|[upkeep]
|upkeep
|
|t:|1785173046
|switch|p1b: Charizard|Charizard, L50, F|100/100
|turn|2
|
|t:|1785173061
|switch|p2a: Staraptor|Staraptor, L50, M|100/100
|-ability|p2a: Staraptor|Intimidate|boost
|-unboost|p1a: Garchomp|atk|1
|-unboost|p1b: Charizard|atk|1
|detailschange|p2b: Tyranitar|Tyranitar-Mega, L50, F
|-mega|p2b: Tyranitar|Tyranitar|Tyranitarite
|move|p1b: Charizard|Protect|p1b: Charizard
|-singleturn|p1b: Charizard|Protect
|move|p1a: Garchomp|Earthquake|p2a: Staraptor|[spread] p2b
|-activate|p1b: Charizard|move: Protect
|-immune|p2a: Staraptor
|-supereffective|p2b: Tyranitar|1
|-damage|p2b: Tyranitar|53/100
|-damage|p1a: Garchomp|19/100|[from] item: Life Orb
|move|p2b: Tyranitar|Knock Off|p1a: Garchomp
|-damage|p1a: Garchomp|0 fnt
|-damage|p2b: Tyranitar|40/100|[from] ability: Rough Skin|[of] p1a: Garchomp
|-enditem|p1a: Garchomp|Life Orb|[from] move: Knock Off|[of] p2b: Tyranitar
|faint|p1a: Garchomp
|
|-weather|Sandstorm|[upkeep]
|-damage|p2a: Staraptor|94/100|[from] Sandstorm
|-damage|p1b: Charizard|93/100|[from] Sandstorm
|upkeep
|
|t:|1785173083
|switch|p1a: Sylveon|Sylveon, L50, M|100/100
|turn|3
|
|t:|1785173089
|switch|p2b: Milotic|Milotic, L50, F|100/100
|move|p1b: Charizard|Protect||[still]
|-fail|p1b: Charizard
|move|p2a: Staraptor|Tailwind|p2a: Staraptor
|-sidestart|p2: mikelpoyarzabal|move: Tailwind
|move|p1a: Sylveon|Hyper Voice|p2a: Staraptor|[spread] p2a,p2b
|-damage|p2a: Staraptor|20/100y
|-damage|p2b: Milotic|70/100
|
|-weather|Sandstorm|[upkeep]
|-damage|p2a: Staraptor|14/100|[from] Sandstorm
|-damage|p2b: Milotic|64/100|[from] Sandstorm
|-damage|p1b: Charizard|87/100|[from] Sandstorm
|-damage|p1a: Sylveon|93/100|[from] Sandstorm
|upkeep
|turn|4
|
|t:|1785173113
|move|p1b: Charizard|Protect|p1b: Charizard
|-singleturn|p1b: Charizard|Protect
|move|p2a: Staraptor|Brave Bird|p1b: Charizard
|-activate|p1b: Charizard|move: Protect
|move|p2b: Milotic|Scald|p1b: Charizard
|-activate|p1b: Charizard|move: Protect
|move|p1a: Sylveon|Hyper Voice|p2a: Staraptor|[spread] p2a,p2b
|-damage|p2a: Staraptor|0 fnt
|-damage|p2b: Milotic|35/100
|-enditem|p2b: Milotic|Sitrus Berry|[eat]
|-heal|p2b: Milotic|60/100|[from] item: Sitrus Berry
|faint|p2a: Staraptor
|
|-weather|Sandstorm|[upkeep]
|-damage|p2b: Milotic|54/100|[from] Sandstorm
|-damage|p1b: Charizard|81/100|[from] Sandstorm
|-damage|p1a: Sylveon|87/100|[from] Sandstorm
|upkeep
|
|t:|1785173119
|switch|p2a: Gholdengo|Gholdengo, L50|90/100
|turn|5
|inactive|rojas32 has 30 seconds left.
|
|t:|1785173153
|detailschange|p1b: Charizard|Charizard-Mega-Y, L50, F
|-mega|p1b: Charizard|Charizard|Charizardite Y
|-weather|SunnyDay|[from] ability: Drought|[of] p1b: Charizard
|move|p2a: Gholdengo|Shadow Ball|p1b: Charizard
|-damage|p1b: Charizard|36/100
|-damage|p2a: Gholdengo|81/100|[from] item: Life Orb
|move|p2b: Milotic|Scald|p1b: Charizard
|-supereffective|p1b: Charizard|1
|-damage|p1b: Charizard|10/100
|move|p1b: Charizard|Heat Wave|p2a: Gholdengo|[spread] p2a
|-miss|p1b: Charizard|p2b: Milotic
|-supereffective|p2a: Gholdengo|1
|-damage|p2a: Gholdengo|0 fnt
|faint|p2a: Gholdengo
|move|p1a: Sylveon|Hyper Voice|p2b: Milotic
|-damage|p2b: Milotic|9/100
|
|-weather|SunnyDay|[upkeep]
|upkeep
|
|t:|1785173160
|switch|p2a: Tyranitar|Tyranitar-Mega, L50, F|40/100
|-weather|Sandstorm|[from] ability: Sand Stream|[of] p2a: Tyranitar
|turn|6
|
|t:|1785173179
|move|p2a: Tyranitar|Rock Slide|p1b: Charizard|[spread] p1a,p1b
|-supereffective|p1b: Charizard|2
|-damage|p1a: Sylveon|51/100
|-damage|p1b: Charizard|0 fnt
|faint|p1b: Charizard
|move|p2b: Milotic|Scald|p1a: Sylveon
|-damage|p1a: Sylveon|25/100
|cant|p1a: Sylveon|flinch
|
|-weather|Sandstorm|[upkeep]
|-damage|p2b: Milotic|3/100|[from] Sandstorm
|-damage|p1a: Sylveon|18/100|[from] Sandstorm
|-sideend|p2: mikelpoyarzabal|move: Tailwind
|upkeep
|turn|7
|-message|rojas32 forfeited.
|
|win|mikelpoyarzabal
