|j|☆markknight05
|j|☆MommaGart
|html|markknight05MommaGart    
|uhtml|bestof|Game 2 of a best-of-3
|t:|1783459789
|gametype|doubles
|player|p1|markknight05|1|1061
|player|p2|MommaGart|hilda|1094
|gen|9
|tier|[Gen 9 Champions] VGC 2026 Reg M-B (Bo3)
|rated|
|rule|Species Clause: Limit one of each Pokémon
|rule|Item Clause: Limit 1 of each item
|clearpoke
|poke|p1|Hawlucha, L50, M|
|poke|p1|Snorlax, L50, M|
|poke|p1|Orthworm, L50, M|
|poke|p1|Sinistcha, L50|
|poke|p1|Politoed, L50, F|
|poke|p1|Gengar, L50, M|
|poke|p2|Sneasler, L50, F|
|poke|p2|Blastoise, L50, F|
|poke|p2|Kingambit, L50, F|
|poke|p2|Incineroar, L50, F|
|poke|p2|Delphox, L50, F, shiny|
|poke|p2|Sinistcha, L50|
|teampreview|4
|showteam|p1|Hawlucha||Hawluchanite|Unburden|CloseCombat,BraveBird,Protect,Entrainment|Jolly||M|||50|]Snorlax||Leftovers|ThickFat|Fissure,BodyPress,Stockpile,Protect|Impish||M|||50|]Orthworm||ChopleBerry|EarthEater|Protect,ShedTail,HelpingHand,SmackDown|Sassy||M|||50|]Sinistcha||KasibBerry|Hospitality|RagePowder,TrickRoom,MatchaGotcha,Protect|Bold|||||50|]Politoed||SitrusBerry|Drizzle|WeatherBall,Protect,Encore,PerishSong|Bold||F|||50|]Gengar||Gengarite|CursedBody|ShadowBall,Disable,Protect,PerishSong|Calm||M|||50|
|showteam|p2|Sneasler||FocusSash|PoisonTouch|PoisonJab,CloseCombat,FakeOut,QuickGuard|Jolly||F|||50|]Blastoise||Blastoisinite|RainDish|DarkPulse,WaterSpout,ShellSmash,Protect|Modest||F|||50|]Kingambit||BlackGlasses|Defiant|KowtowCleave,SuckerPunch,SwordsDance,Protect|Adamant||F|||50|]Incineroar||SitrusBerry|Intimidate|FlareBlitz,HelpingHand,PartingShot,FakeOut|Careful||F|||50|]Delphox||Delphoxite|Blaze|HeatWave,NastyPlot,Psyshock,Protect|Modest||F|||50|]Sinistcha||KasibBerry|Hospitality|MatchaGotcha,RagePowder,TrickRoom,Protect|Bold|||||50|
|inactive|Battle timer is ON: inactive players will automatically lose when time's up. (requested by markknight05)
|
|t:|1783459822
|teamsize|p1|4
|teamsize|p2|4
|start
|switch|p1a: Gengar|Gengar, L50, M|100/100
|switch|p1b: Sinistcha|Sinistcha, L50|100/100
|switch|p2a: Malibu|Blastoise, L50, F|100/100
|switch|p2b: Superiority|Sneasler, L50, F|100/100
|turn|1
|inactive|markknight05 has 30 seconds left.
|inactive|markknight05 has 20 seconds left.
|
|t:|1783459859
|switch|p2b: Her Highness|Kingambit, L50, F|100/100
|detailschange|p1a: Gengar|Gengar-Mega, L50, M
|-mega|p1a: Gengar|Gengar|Gengarite
|detailschange|p2a: Malibu|Blastoise-Mega, L50, F
|-mega|p2a: Malibu|Blastoise|Blastoisinite
|move|p1a: Gengar|Shadow Ball|p2a: Malibu
|-damage|p2a: Malibu|51/100
|move|p2a: Malibu|Dark Pulse|p1a: Gengar
|-supereffective|p1a: Gengar|1
|-damage|p1a: Gengar|1/100
|move|p1b: Sinistcha|Matcha Gotcha|p2b: Her Highness|[spread] p2a,p2b
|-supereffective|p2a: Malibu|1
|-resisted|p2b: Her Highness|1
|-damage|p2a: Malibu|3/100
|-damage|p2b: Her Highness|91/100
|-status|p2b: Her Highness|brn
|
|-damage|p2b: Her Highness|85/100 brn|[from] brn
|upkeep
|turn|2
|inactive|markknight05 has 30 seconds left.
|inactive|MommaGart has 30 seconds left.
|
|t:|1783459890
|switch|p1b: Orthworm|Orthworm, L50, M|100/100
|move|p1a: Gengar|Protect|p1a: Gengar
|-singleturn|p1a: Gengar|Protect
|move|p2a: Malibu|Dark Pulse|p1a: Gengar
|-activate|p1a: Gengar|move: Protect
|move|p2b: Her Highness|Kowtow Cleave|p1a: Gengar
|-activate|p1a: Gengar|move: Protect
|
|-damage|p2b: Her Highness|79/100 brn|[from] brn
|upkeep
|turn|3
|
|t:|1783459908
|switch|p1a: Politoed|Politoed, L50, F|100/100
|-weather|RainDance|[from] ability: Drizzle|[of] p1a: Politoed
|move|p2a: Malibu|Dark Pulse|p1a: Politoed
|-damage|p1a: Politoed|62/100
|move|p1b: Orthworm|Shed Tail|p1b: Orthworm
|-start|p1b: Orthworm|Substitute|[from] move: Shed Tail
|-damage|p1b: Orthworm|49/100
|
|t:|1783459923
|switch|p1b: Gengar|Gengar-Mega, L50, M|1/100|[from] Shed Tail
|move|p2b: Her Highness|Swords Dance|p2b: Her Highness
|-boost|p2b: Her Highness|atk|2
|
|-weather|RainDance|[upkeep]
|-damage|p2b: Her Highness|73/100 brn|[from] brn
|upkeep
|turn|4
|
|t:|1783459940
|move|p1b: Gengar|Shadow Ball|p2a: Malibu
|-damage|p2a: Malibu|0 fnt
|faint|p2a: Malibu
|move|p1a: Politoed|Perish Song|p1a: Politoed
|-start|p1a: Politoed|perish3|[silent]
|-start|p1b: Gengar|perish3|[silent]
|-start|p2b: Her Highness|perish3|[silent]
|-fieldactivate|move: Perish Song
|move|p2b: Her Highness|Kowtow Cleave|p1b: Gengar
|-supereffective|p1b: Gengar|1
|-end|p1b: Gengar|Substitute
|
|-weather|RainDance|[upkeep]
|-damage|p2b: Her Highness|68/100 brn|[from] brn
|-start|p1b: Gengar|perish3
|-start|p1a: Politoed|perish3
|-start|p2b: Her Highness|perish3
|upkeep
|
|t:|1783459958
|switch|p2a: Hype|Incineroar, L50, F|100/100
|-ability|p2a: Hype|Intimidate|boost
|-unboost|p1a: Politoed|atk|1
|-unboost|p1b: Gengar|atk|1
|turn|5
|
|t:|1783459974
|switch|p1a: Orthworm|Orthworm, L50, M|49/100
|move|p1b: Gengar|Protect|p1b: Gengar
|-singleturn|p1b: Gengar|Protect
|move|p2a: Hype|Flare Blitz|p1b: Gengar
|-activate|p1b: Gengar|move: Protect
|move|p2b: Her Highness|Kowtow Cleave|p1a: Orthworm
|-damage|p1a: Orthworm|10/100
|
|-weather|RainDance|[upkeep]
|-damage|p2b: Her Highness|62/100 brn|[from] brn
|-start|p1b: Gengar|perish2
|-start|p2b: Her Highness|perish2
|upkeep
|turn|6
|inactive|markknight05 has 30 seconds left.
|inactive|markknight05 has 20 seconds left.
|
|t:|1783460011
|move|p1a: Orthworm|Protect|p1a: Orthworm
|-singleturn|p1a: Orthworm|Protect
|move|p2b: Her Highness|Sucker Punch||[still]
|-fail|p2b: Her Highness
|move|p1b: Gengar|Disable|p2b: Her Highness
|-start|p2b: Her Highness|Disable|Sucker Punch
|move|p2a: Hype|Flare Blitz|p1b: Gengar
|-damage|p1b: Gengar|0 fnt
|faint|p1b: Gengar
|-damage|p2a: Hype|99/100|[from] Recoil
|
|-weather|RainDance|[upkeep]
|-damage|p2b: Her Highness|56/100 brn|[from] brn
|-start|p2b: Her Highness|perish1
|upkeep
|
|t:|1783460033
|switch|p1b: Politoed|Politoed, L50, F|62/100
|turn|7
|
|t:|1783460054
|switch|p2a: Superiority|Sneasler, L50, F|100/100
|switch|p1a: Sinistcha|Sinistcha, L50|100/100
|-heal|p1b: Politoed|87/100|[from] ability: Hospitality|[of] p1a: Sinistcha
|move|p1b: Politoed|Weather Ball|p2a: Superiority
|-damage|p2a: Superiority|29/100
|move|p2b: Her Highness|Kowtow Cleave|p1a: Sinistcha
|-supereffective|p1a: Sinistcha|1
|-damage|p1a: Sinistcha|26/100
|
|-weather|none
|-damage|p2b: Her Highness|50/100g brn|[from] brn
|-start|p2b: Her Highness|perish0
|upkeep
|faint|p2b: Her Highness
|
|t:|1783460068
|switch|p2b: Hype|Incineroar, L50, F|99/100
|-ability|p2b: Hype|Intimidate|boost
|-unboost|p1a: Sinistcha|atk|1
|-unboost|p1b: Politoed|atk|1
|turn|8
|
|t:|1783460087
|move|p1a: Sinistcha|Protect|p1a: Sinistcha
|-singleturn|p1a: Sinistcha|Protect
|move|p2a: Superiority|Fake Out|p1b: Politoed
|-damage|p1b: Politoed|74/100
|move|p2b: Hype|Flare Blitz|p1a: Sinistcha
|-activate|p1a: Sinistcha|move: Protect
|cant|p1b: Politoed|flinch
|
|upkeep
|turn|9
|
|t:|1783460105
|switch|p1a: Orthworm|Orthworm, L50, M|10/100
|move|p2a: Superiority|Close Combat|p1b: Politoed
|-damage|p1b: Politoed|14/100
|-unboost|p2a: Superiority|def|1
|-unboost|p2a: Superiority|spd|1
|-enditem|p1b: Politoed|Sitrus Berry|[eat]
|-heal|p1b: Politoed|39/100|[from] item: Sitrus Berry
|move|p2b: Hype|Flare Blitz|p1a: Orthworm
|-supereffective|p1a: Orthworm|1
|-damage|p1a: Orthworm|0 fnt
|faint|p1a: Orthworm
|-damage|p2b: Hype|96/100|[from] Recoil
|move|p1b: Politoed|Perish Song|p1b: Politoed
|-start|p1b: Politoed|perish3|[silent]
|-start|p2a: Superiority|perish3|[silent]
|-start|p2b: Hype|perish3|[silent]
|-fieldactivate|move: Perish Song
|
|-start|p2a: Superiority|perish3
|-start|p2b: Hype|perish3
|-start|p1b: Politoed|perish3
|upkeep
|
|t:|1783460123
|switch|p1a: Sinistcha|Sinistcha, L50|26/100
|-heal|p1b: Politoed|64/100|[from] ability: Hospitality|[of] p1a: Sinistcha
|turn|10
|
|t:|1783460145
|move|p1a: Sinistcha|Protect|p1a: Sinistcha
|-singleturn|p1a: Sinistcha|Protect
|move|p2a: Superiority|Close Combat|p1b: Politoed
|-damage|p1b: Politoed|3/100
|-unboost|p2a: Superiority|def|1
|-unboost|p2a: Superiority|spd|1
|move|p2b: Hype|Flare Blitz|p1a: Sinistcha
|-activate|p1a: Sinistcha|move: Protect
|move|p1b: Politoed|Encore|p2a: Superiority
|-start|p2a: Superiority|Encore
|
|-start|p2a: Superiority|perish2
|-start|p2b: Hype|perish2
|-start|p1b: Politoed|perish2
|upkeep
|turn|11
|inactive|markknight05 has 30 seconds left.
|inactive|markknight05 has 20 seconds left.
|
|t:|1783460182
|move|p1a: Sinistcha|Rage Powder|p1a: Sinistcha
|-singleturn|p1a: Sinistcha|move: Rage Powder
|move|p2a: Superiority|Close Combat|p1a: Sinistcha
|-immune|p1a: Sinistcha
|move|p2b: Hype|Flare Blitz|p1a: Sinistcha
|-supereffective|p1a: Sinistcha|1
|-damage|p1a: Sinistcha|0 fnt
|faint|p1a: Sinistcha
|-damage|p2b: Hype|88/100|[from] Recoil
|move|p1b: Politoed|Encore|p2b: Hype
|-start|p2b: Hype|Encore
|
|-start|p2a: Superiority|perish1
|-start|p2b: Hype|perish1
|-start|p1b: Politoed|perish1
|upkeep
|turn|12
|
|t:|1783460198
|move|p1b: Politoed|Protect|p1b: Politoed
|-singleturn|p1b: Politoed|Protect
|move|p2a: Superiority|Close Combat|p1b: Politoed
|-activate|p1b: Politoed|move: Protect
|move|p2b: Hype|Flare Blitz|p1b: Politoed
|-activate|p1b: Politoed|move: Protect
|
|-start|p2a: Superiority|perish0
|-start|p2b: Hype|perish0
|-start|p1b: Politoed|perish0
|faint|p2a: Superiority
|faint|p2b: Hype
|faint|p1b: Politoed
|
|win|markknight05
||MommaGart is ready for game 3.
|inactive|markknight05 has 30 seconds to confirm battle start!
|l|☆markknight05
|player|p1|
||markknight05 is ready for game 3.
|uhtml|next|Next: Game 3 of 3
