|j|☆hioriyo19711
|j|☆Senli
|html|hioriyo19711Senli    
|uhtml|bestof|Game 1 of a best-of-3
|t:|1785940402
|gametype|doubles
|player|p1|hioriyo19711|170|1092
|player|p2|Senli|florian-bb|1139
|gen|9
|tier|[Gen 9 Champions] VGC 2026 Reg M-B (Bo3)
|rated|
|rule|Species Clause: Limit one of each Pokémon
|rule|Item Clause: Limit 1 of each item
|clearpoke
|poke|p1|Pyroar, L50, F, shiny|
|poke|p1|Torkoal, L50, M, shiny|
|poke|p1|Venusaur, L50, F, shiny|
|poke|p1|Basculegion, L50, M, shiny|
|poke|p1|Talonflame, L50, F|
|poke|p1|Metagross, L50, shiny|
|poke|p2|Raichu, L50, M, shiny|
|poke|p2|Staraptor, L50, M|
|poke|p2|Arcanine-Hisui, L50, M, shiny|
|poke|p2|Farigiraf, L50, F, shiny|
|poke|p2|Sylveon, L50, F|
|poke|p2|Kingambit, L50, M|
|teampreview|4
|showteam|p1|Pyroar||Pyroarite|Rivalry|HeatWave,Overheat,SolarBeam,Protect|Timid||F|||50|]Torkoal||Charcoal|Drought|Eruption,AncientPower,HelpingHand,Protect|Relaxed||M|||50|]Venusaur||WideLens|Chlorophyll|EnergyBall,SleepPowder,SludgeBomb,EarthPower|Modest||F|||50|]Basculegion||ChoiceScarf|Adaptability|AquaJet,FlipTurn,WaveCrash,LastRespects|Jolly||M|||50|]Talonflame||SharpBeak|GaleWings|Tailwind,BraveBird,FlareBlitz,UpperHand|Jolly||F|||50|]Metagross||Metagrossite|ClearBody|IcePunch,RockSlide,MeteorMash,PsychicFangs|Jolly|||||50|
|showteam|p2|Raichu||RaichuniteY|LightningRod|ZapCannon,FocusBlast,GrassKnot,Protect|Timid||M|||50|]Staraptor||Staraptite|Intimidate|CloseCombat,DualWingbeat,Tailwind,Protect|Jolly||M|||50|]Arcanine-Hisui||FocusSash|RockHead|FlareBlitz,HeadSmash,ExtremeSpeed,Protect|Jolly||M|||50|]Farigiraf||SitrusBerry|ArmorTail|PsychicFangs,HelpingHand,TrickRoom,Protect|Careful||F|||50|]Sylveon||FairyFeather|Pixilate|HyperVoice,QuickAttack,HyperBeam,Detect|Modest||F|||50|]Kingambit||LifeOrb|Defiant|KowtowCleave,SuckerPunch,SwordsDance,Protect|Adamant||M|||50|
|inactive|Battle timer is ON: inactive players will automatically lose when time's up. (requested by Senli)
|inactive|hioriyo19711 has 60 seconds left.
|inactive|Senli has 60 seconds left.
|inactive|Senli has 30 seconds left.
|
|t:|1785940468
|teamsize|p1|4
|teamsize|p2|4
|start
|switch|p1a: Isagi Yoichi|Metagross, L50, shiny|100/100
|switch|p1b: Hiori Yo|Talonflame, L50, F|100/100
|switch|p2a: Staraptor|Staraptor, L50, M|100/100
|switch|p2b: Arcanine|Arcanine-Hisui, L50, M, shiny|100/100
|-ability|p2a: Staraptor|Intimidate|boost
|-fail|p1a: Isagi Yoichi|unboost|[from] ability: Clear Body|[of] p1a: Isagi Yoichi
|-unboost|p1b: Hiori Yo|atk|1
|turn|1
|inactive|hioriyo19711 has 30 seconds left.
|
|t:|1785940494
|detailschange|p1a: Isagi Yoichi|Metagross-Mega, L50, shiny
|-mega|p1a: Isagi Yoichi|Metagross|Metagrossite
|move|p1b: Hiori Yo|Upper Hand||[still]
|-fail|p1b: Hiori Yo
|move|p1a: Isagi Yoichi|Rock Slide|p2b: Arcanine|[spread] p2a,p2b
|-supereffective|p2a: Staraptor|1
|-supereffective|p2b: Arcanine|1
|-damage|p2a: Staraptor|46/100
|-damage|p2b: Arcanine|41/100
|move|p2a: Staraptor|Tailwind|p2a: Staraptor
|-sidestart|p2: Senli|move: Tailwind
|cant|p2b: Arcanine|flinch
|
|upkeep
|turn|2
|inactive|Senli has 30 seconds left.
|
|t:|1785940526
|detailschange|p2a: Staraptor|Staraptor-Mega, L50, M
|-mega|p2a: Staraptor|Staraptor|Staraptite
|move|p1b: Hiori Yo|Tailwind|p1b: Hiori Yo
|-sidestart|p1: hioriyo19711|move: Tailwind
|move|p2a: Staraptor|Close Combat|p1a: Isagi Yoichi
|-damage|p1a: Isagi Yoichi|49/100
|-boost|p2a: Staraptor|def|1
|-boost|p2a: Staraptor|spd|1
|move|p1a: Isagi Yoichi|Rock Slide|p2b: Arcanine|[spread] p2a,p2b
|-supereffective|p2b: Arcanine|1
|-damage|p2a: Staraptor|31/100
|-damage|p2b: Arcanine|0 fnt
|faint|p2b: Arcanine
|
|upkeep
|
|t:|1785940543
|switch|p2b: Kingambit|Kingambit, L50, M|100/100
|turn|3
|
|t:|1785940552
|move|p2b: Kingambit|Sucker Punch|p1a: Isagi Yoichi
|-supereffective|p1a: Isagi Yoichi|1
|-damage|p1a: Isagi Yoichi|0 fnt
|faint|p1a: Isagi Yoichi
|-damage|p2b: Kingambit|90/100|[from] item: Life Orb
|move|p1b: Hiori Yo|Flare Blitz|p2b: Kingambit
|-supereffective|p2b: Kingambit|1
|-damage|p2b: Kingambit|46/100
|-damage|p1b: Hiori Yo|80/100|[from] Recoil
|move|p2a: Staraptor|Close Combat|p1b: Hiori Yo
|-resisted|p1b: Hiori Yo|1
|-damage|p1b: Hiori Yo|33/100
|-boost|p2a: Staraptor|def|1
|-boost|p2a: Staraptor|spd|1
|
|upkeep
|
|t:|1785940569
|switch|p1a: Wanima Junichi|Basculegion, L50, M, shiny|100/100
|turn|4
|
|t:|1785940580
|move|p2b: Kingambit|Sucker Punch|p1a: Wanima Junichi
|-supereffective|p1a: Wanima Junichi|1
|-damage|p1a: Wanima Junichi|0 fnt
|faint|p1a: Wanima Junichi
|-damage|p2b: Kingambit|37/100|[from] item: Life Orb
|move|p1b: Hiori Yo|Flare Blitz|p2b: Kingambit
|-supereffective|p2b: Kingambit|1
|-damage|p2b: Kingambit|0 fnt
|faint|p2b: Kingambit
|-damage|p1b: Hiori Yo|17/100|[from] Recoil
|move|p2a: Staraptor|Dual Wingbeat|p1b: Hiori Yo
|-damage|p1b: Hiori Yo|0 fnt
|faint|p1b: Hiori Yo
|-hitcount|p1: Hiori Yo|1
|
|-sideend|p2: Senli|move: Tailwind
|upkeep
|
|t:|1785940600
|switch|p1b: Venusaur|Venusaur, L50, F, shiny|100/100
|switch|p2b: Sylveon|Sylveon, L50, F|100/100
|turn|5
|
|t:|1785940610
|move|p1b: Venusaur|Sleep Powder|p2a: Staraptor
|-status|p2a: Staraptor|slp|[from] move: Sleep Powder
|cant|p2a: Staraptor|slp
|move|p2b: Sylveon|Hyper Beam|p1b: Venusaur|[miss]
|-miss|p2b: Sylveon|p1b: Venusaur
|
|-sideend|p1: hioriyo19711|move: Tailwind
|upkeep
|turn|6
|
|t:|1785940626
|-curestatus|p2a: Staraptor|slp|[msg]
|move|p2a: Staraptor|Dual Wingbeat|p1b: Venusaur
|-supereffective|p1b: Venusaur|1
|-damage|p1b: Venusaur|42/100
|-supereffective|p1b: Venusaur|1
|-damage|p1b: Venusaur|0 fnt
|faint|p1b: Venusaur
|-hitcount|p1: Venusaur|2
|
|win|Senli
||Senli is ready for game 2.
|inactive|hioriyo19711 has 30 seconds to confirm battle start!
|inactive|hioriyo19711 has 20 seconds to confirm battle start!
|inactive|hioriyo19711 has 10 seconds to confirm battle start!
|uhtml|next|Next: Game 2 of 3
|l|☆hioriyo19711
|player|p1|
