|j|☆glitchy_potat
|j|☆wait for swarley
|html|glitchy_potatwait for swarley    
|uhtml|bestof|Game 3 of a best-of-3
|t:|1755533073
|gametype|doubles
|player|p1|glitchy_potat|fantina|1314
|player|p2|wait for swarley|volo|1322
|gen|9
|tier|[Gen 9] VGC 2025 Reg H (Bo3)
|rated|
|rule|Species Clause: Limit one of each Pokémon
|rule|Item Clause: Limit 1 of each item
|clearpoke
|poke|p1|Kingambit, L50, M|
|poke|p1|Sneasler, L50, F|
|poke|p1|Electabuzz, L50, F|
|poke|p1|Dragonite, L50, F|
|poke|p1|Rillaboom, L50, F|
|poke|p1|Volcarona, L50, F|
|poke|p2|Dachsbun, L50, M|
|poke|p2|Torkoal, L50, M|
|poke|p2|Typhlosion-Hisui, L50, F|
|poke|p2|Kingambit, L50, F|
|poke|p2|Rillaboom, L50, F|
|poke|p2|Zoroark-Hisui, L50, M|
|teampreview|4
|showteam|p1|Kingambit||BlackGlasses|Defiant|KowtowCleave,SuckerPunch,SwordsDance,Protect|||M|||50|,,,,,Flying]Sneasler||FocusSash|Unburden|DireClaw,CloseCombat,FakeOut,Protect|||F|||50|,,,,,Stellar]Electabuzz||Eviolite|VitalSpirit|Electroweb,Taunt,FollowMe,Protect|||F|||50|,,,,,Ghost]Dragonite||LoadedDice|Multiscale|ScaleShot,Tailwind,Haze,Protect|||F|||50|,,,,,Fairy]Rillaboom||AssaultVest|GrassySurge|WoodHammer,GrassyGlide,Uturn,FakeOut|||F|||50|,,,,,Fire]Volcarona||CovertCloak|FlameBody|QuiverDance,HeatWave,TeraBlast,Protect|||F|||50|,,,,,Fairy
|showteam|p2|Dachsbun||Leftovers|WellBakedBody|BodyPress,Snarl,Rest,Yawn|||M|||50|,,,,,Steel]Torkoal||SitrusBerry|Drought|WeatherBall,Eruption,LavaPlume,Protect|||M|||50|,,,,,Fire]Typhlosion-Hisui||ChoiceScarf|Blaze|Eruption,ShadowBall,LavaPlume,Overheat|||F|||50|,,,,,Dark]Kingambit||BlackGlasses|Defiant|SuckerPunch,Assurance,Protect,SwordsDance|||F|||50|,,,,,Dark]Rillaboom||AssaultVest|GrassySurge|FakeOut,GrassyGlide,WoodHammer,Uturn|||F|||50|,,,,,Water]Zoroark-Hisui||ChoiceSpecs|Illusion|Snarl,BitterMalice,HyperVoice,HyperBeam|||M|||50|,,,,,Normal
|inactive|Battle timer is ON: inactive players will automatically lose when time's up. (requested by wait for swarley)
|
|t:|1755533101
|teamsize|p1|4
|teamsize|p2|4
|start
|switch|p1a: Electabuzz|Electabuzz, L50, F|100/100
|switch|p1b: Volcarona|Volcarona, L50, F|100/100
|switch|p2a: Typhlosion|Typhlosion-Hisui, L50, F|100/100
|switch|p2b: Dachsbun|Dachsbun, L50, M, shiny|100/100
|turn|1
|
|t:|1755533119
|move|p1a: Electabuzz|Follow Me|p1a: Electabuzz
|-singleturn|p1a: Electabuzz|move: Follow Me
|move|p2a: Typhlosion|Lava Plume|p1b: Volcarona|[spread] p1a,p1b
|-ability|p2b: Dachsbun|Well-Baked Body|boost
|-boost|p2b: Dachsbun|def|2
|-damage|p1a: Electabuzz|74/100
|-damage|p1b: Volcarona|72/100
|move|p1b: Volcarona|Quiver Dance|p1b: Volcarona
|-boost|p1b: Volcarona|spa|1
|-boost|p1b: Volcarona|spd|1
|-boost|p1b: Volcarona|spe|1
|move|p2b: Dachsbun|Body Press|p1a: Electabuzz
|-damage|p1a: Electabuzz|30/100
|
|upkeep
|turn|2
|inactive|glitchy_potat has 30 seconds left.
|
|t:|1755533150
|move|p1a: Electabuzz|Follow Me|p1a: Electabuzz
|-singleturn|p1a: Electabuzz|move: Follow Me
|move|p1b: Volcarona|Quiver Dance|p1b: Volcarona
|-boost|p1b: Volcarona|spa|1
|-boost|p1b: Volcarona|spd|1
|-boost|p1b: Volcarona|spe|1
|move|p2a: Typhlosion|Lava Plume|p1a: Electabuzz|[spread] p1a,p1b
|-ability|p2b: Dachsbun|Well-Baked Body|boost
|-boost|p2b: Dachsbun|def|2
|-damage|p1a: Electabuzz|2/100
|-damage|p1b: Volcarona|58/100
|move|p2b: Dachsbun|Body Press|p1a: Electabuzz
|-damage|p1a: Electabuzz|0 fnt
|faint|p1a: Electabuzz
|
|upkeep
|inactive|glitchy_potat has 30 seconds left.
|
|t:|1755533177
|switch|p1a: Sneasler|Sneasler, L50, F|100/100
|turn|3
|
|t:|1755533194
|-terastallize|p1a: Sneasler|Stellar
|-terastallize|p2b: Dachsbun|Steel
|move|p1b: Volcarona|Tera Blast|p2b: Dachsbun
|-resisted|p2b: Dachsbun
|-damage|p2b: Dachsbun|68/100
|move|p2a: Typhlosion|Lava Plume|p1a: Sneasler|[spread] p1a,p1b
|-ability|p2b: Dachsbun|Well-Baked Body|boost
|-boost|p2b: Dachsbun|def|2
|-damage|p1a: Sneasler|54/100
|-damage|p1b: Volcarona|44/100
|move|p1a: Sneasler|Close Combat|p2b: Dachsbun
|-supereffective|p2b: Dachsbun
|-damage|p2b: Dachsbun|33/100
|-unboost|p1a: Sneasler|def|1
|-unboost|p1a: Sneasler|spd|1
|move|p2b: Dachsbun|Body Press|p1a: Sneasler
|-resisted|p1a: Sneasler
|-damage|p1a: Sneasler|0 fnt
|faint|p1a: Sneasler
|
|-heal|p2b: Dachsbun|39/100|[from] item: Leftovers
|upkeep
|
|t:|1755533212
|switch|p1a: Dragonite|Dragonite, L50, F|100/100
|turn|4
|inactive|wait for swarley has 30 seconds left.
|
|t:|1755533241
|move|p1b: Volcarona|Tera Blast|p2b: Dachsbun
|-resisted|p2b: Dachsbun
|-damage|p2b: Dachsbun|5/100
|move|p2a: Typhlosion|Lava Plume|p1a: Dragonite|[spread] p1a,p1b
|-immune|p2b: Dachsbun|[from] ability: Well-Baked Body
|-resisted|p1a: Dragonite
|-crit|p1a: Dragonite
|-damage|p1a: Dragonite|86/100
|-damage|p1b: Volcarona|30/100
|move|p1a: Dragonite|Scale Shot|p2a: Typhlosion
|-damage|p2a: Typhlosion|82/100
|-damage|p2a: Typhlosion|62/100
|-damage|p2a: Typhlosion|42/100
|-damage|p2a: Typhlosion|22/100
|-hitcount|p2a: Typhlosion|4
|-unboost|p1a: Dragonite|def|1
|-boost|p1a: Dragonite|spe|1
|move|p2b: Dachsbun|Rest|p2b: Dachsbun
|-status|p2b: Dachsbun|slp|[from] move: Rest
|-heal|p2b: Dachsbun|100/100 slp|[silent]
|
|upkeep
|turn|5
|inactive|glitchy_potat has 30 seconds left.
|inactive|glitchy_potat has 20 seconds left.
|inactive|glitchy_potat has 15 seconds left.
|inactive|glitchy_potat has 10 seconds left.
|
|t:|1755533290
|move|p1b: Volcarona|Heat Wave|p2b: Dachsbun|[spread] p2a
|-immune|p2b: Dachsbun|[from] ability: Well-Baked Body
|-resisted|p2a: Typhlosion
|-damage|p2a: Typhlosion|0 fnt
|faint|p2a: Typhlosion
|move|p1a: Dragonite|Scale Shot|p2b: Dachsbun
|-resisted|p2b: Dachsbun
|-damage|p2b: Dachsbun|99/100 slp
|-resisted|p2b: Dachsbun
|-damage|p2b: Dachsbun|97/100 slp
|-resisted|p2b: Dachsbun
|-damage|p2b: Dachsbun|95/100 slp
|-resisted|p2b: Dachsbun
|-damage|p2b: Dachsbun|93/100 slp
|-resisted|p2b: Dachsbun
|-damage|p2b: Dachsbun|91/100 slp
|-hitcount|p2b: Dachsbun|5
|-unboost|p1a: Dragonite|def|1
|-boost|p1a: Dragonite|spe|1
|cant|p2b: Dachsbun|slp
|
|-heal|p2b: Dachsbun|97/100 slp|[from] item: Leftovers
|upkeep
|inactive|wait for swarley has 30 seconds left.
|
|t:|1755533315
|switch|p2a: Torkoal|Torkoal, L50, M|100/100
|-weather|SunnyDay|[from] ability: Drought|[of] p2a: Torkoal
|turn|6
|
|t:|1755533330
|move|p1b: Volcarona|Tera Blast|p2b: Dachsbun
|-resisted|p2b: Dachsbun
|-damage|p2b: Dachsbun|65/100 slp
|move|p1a: Dragonite|Scale Shot|p2a: Torkoal
|-damage|p2a: Torkoal|88/100
|-damage|p2a: Torkoal|76/100
|-damage|p2a: Torkoal|64/100
|-damage|p2a: Torkoal|52/100
|-damage|p2a: Torkoal|42/100
|-enditem|p2a: Torkoal|Sitrus Berry|[eat]
|-heal|p2a: Torkoal|67/100|[from] item: Sitrus Berry
|-hitcount|p2a: Torkoal|5
|-unboost|p1a: Dragonite|def|1
|-boost|p1a: Dragonite|spe|1
|cant|p2b: Dachsbun|slp
|move|p2a: Torkoal|Lava Plume|p1b: Volcarona|[spread] p1a,p1b
|-immune|p2b: Dachsbun|[from] ability: Well-Baked Body
|-resisted|p1a: Dragonite
|-crit|p1a: Dragonite
|-damage|p1a: Dragonite|57/100
|-damage|p1b: Volcarona|12/100
|
|-weather|SunnyDay|[upkeep]
|-heal|p2b: Dachsbun|71/100 slp|[from] item: Leftovers
|upkeep
|turn|7
|inactive|glitchy_potat has 30 seconds left.
|inactive|wait for swarley has 30 seconds left.
|inactive|glitchy_potat has 20 seconds left.
|
|t:|1755533366
|move|p1a: Dragonite|Protect|p1a: Dragonite
|-singleturn|p1a: Dragonite|Protect
|move|p1b: Volcarona|Heat Wave|p2b: Dachsbun|[spread] p2a
|-immune|p2b: Dachsbun|[from] ability: Well-Baked Body
|-resisted|p2a: Torkoal
|-damage|p2a: Torkoal|0 fnt
|faint|p2a: Torkoal
|-curestatus|p2b: Dachsbun|slp|[msg]
|move|p2b: Dachsbun|Body Press|p1b: Volcarona
|-resisted|p1b: Volcarona
|-damage|p1b: Volcarona|0 fnt
|-status|p2b: Dachsbun|brn|[from] ability: Flame Body|[of] p1b: Volcarona
|faint|p1b: Volcarona
|
|-weather|SunnyDay|[upkeep]
|-heal|p2b: Dachsbun|77/100 brn|[from] item: Leftovers
|-damage|p2b: Dachsbun|71/100 brn|[from] brn
|upkeep
|
|t:|1755533377
|switch|p2a: Kingambit|Kingambit, L50, F, shiny|100/100
|turn|8
|
|t:|1755533391
|move|p1a: Dragonite|Scale Shot|p2a: Kingambit
|-resisted|p2a: Kingambit
|-damage|p2a: Kingambit|95/100
|-resisted|p2a: Kingambit
|-damage|p2a: Kingambit|89/100
|-resisted|p2a: Kingambit
|-damage|p2a: Kingambit|84/100
|-resisted|p2a: Kingambit
|-damage|p2a: Kingambit|78/100
|-resisted|p2a: Kingambit
|-damage|p2a: Kingambit|73/100
|-hitcount|p2a: Kingambit|5
|-unboost|p1a: Dragonite|def|1
|-boost|p1a: Dragonite|spe|1
|move|p2b: Dachsbun|Body Press|p1a: Dragonite
|-resisted|p1a: Dragonite
|-damage|p1a: Dragonite|0 fnt
|faint|p1a: Dragonite
|
|win|wait for swarley
|raw|glitchy_potat's rating: 1314 → 1294(-20 for losing)
|raw|wait for swarley's rating: 1322 → 1342(+20 for winning)
