|j|鈽哊o.1 Bug Fan
|j|鈽咮lueflamingo453
|html|No.1 Bug FanBlueflamingo453    
|uhtml|bestof|Game 1 of a best-of-3
|t:|1785432499
|gametype|doubles
|player|p1|No.1 Bug Fan|burgh-masters|1132
|player|p2|Blueflamingo453|265|1030
|gen|9
|tier|[Gen 9 Champions] VGC 2026 Reg M-B (Bo3)
|rated|
|rule|Species Clause: Limit one of each Pok茅mon
|rule|Item Clause: Limit 1 of each item
|clearpoke
|poke|p1|Floette-Eternal, L50, F|
|poke|p1|Whimsicott, L50, M|
|poke|p1|Basculegion, L50, M|
|poke|p1|Kingambit, L50, F|
|poke|p1|Arcanine-Hisui, L50, M|
|poke|p1|Dragonite, L50, M|
|poke|p2|Staraptor, L50, M, shiny|
|poke|p2|Glimmora, L50, F, shiny|
|poke|p2|Whimsicott, L50, F|
|poke|p2|Kingambit, L50, M, shiny|
|poke|p2|Garchomp, L50, M, shiny|
|poke|p2|Delphox, L50, M, shiny|
|teampreview|4
|showteam|p1|Floette-Eternal||Floettite|FlowerVeil|DazzlingGleam,Moonblast,LightofRuin,Protect|Modest||F|||50|]Whimsicott||FocusSash|Prankster|Moonblast,Tailwind,Encore,Protect|Timid||M|||50|]Basculegion||ChoiceScarf|Adaptability|WaveCrash,AquaJet,FlipTurn,LastRespects|Jolly||M|||50|]Kingambit||BlackGlasses|Defiant|KowtowCleave,SuckerPunch,IronHead,Protect|Adamant||F|||50|]Arcanine-Hisui||SitrusBerry|RockHead|FlareBlitz,RockSlide,HeadSmash,Protect|Jolly||M|||50|]Dragonite||DragonFang|InnerFocus|DragonClaw,ExtremeSpeed,LowKick,Protect|Adamant||M|||50|
|showteam|p2|Staraptor||Staraptite|Intimidate|CloseCombat,BraveBird,Roost,Protect|Jolly||M|||50|]Glimmora||FocusSash|ToxicDebris|PowerGem,SludgeBomb,EarthPower,SpikyShield|Modest||F|||50|]Whimsicott||OccaBerry|Prankster|Tailwind,Moonblast,Charm,LightScreen|Timid||F|||50|]Kingambit||ChopleBerry|Defiant|KowtowCleave,IronHead,LowKick,SuckerPunch|Adamant||M|||50|]Garchomp||ChoiceScarf|RoughSkin|Earthquake,DragonClaw,RockSlide,StompingTantrum|Adamant||M|||50|]Delphox||Delphoxite|Blaze|HeatWave,Psychic,Encore,Protect|Timid||M|||50|
|inactive|Battle timer is ON: inactive players will automatically lose when time's up. (requested by No.1 Bug Fan)
|inactive|No.1 Bug Fan has 60 seconds left.
|inactive|No.1 Bug Fan has 30 seconds left.
|inactive|No.1 Bug Fan has 20 seconds left.
|inactive|No.1 Bug Fan has 15 seconds left.
|inactive|No.1 Bug Fan has 10 seconds left.
|
|t:|1785432582
|teamsize|p1|4
|teamsize|p2|4
|start
|switch|p1a: Basculegion|Basculegion, L50, M|100/100
|switch|p1b: Whimsicott|Whimsicott, L50, M|100/100
|switch|p2a: Glimmora|Glimmora, L50, F, shiny|100/100
|switch|p2b: Whimsicott|Whimsicott, L50, F|100/100
|turn|1
|inactive|Blueflamingo453 has 30 seconds left.
|
|t:|1785432608
|move|p1b: Whimsicott|Tailwind|p1b: Whimsicott
|-sidestart|p1: No.1 Bug Fan|move: Tailwind
|move|p2b: Whimsicott|Tailwind|p2b: Whimsicott
|-sidestart|p2: Blueflamingo453|move: Tailwind
|move|p1a: Basculegion|Flip Turn|p2a: Glimmora
|-supereffective|p2a: Glimmora|1
|-damage|p2a: Glimmora|4/100
|-activate|p2a: Glimmora|ability: Toxic Debris
|-sidestart|p1: No.1 Bug Fan|move: Toxic Spikes
|
|t:|1785432616
|switch|p1a: Dragonite|Dragonite, L50, M|100/100|[from] Flip Turn
|move|p2a: Glimmora|Sludge Bomb|p1a: Dragonite
|-damage|p1a: Dragonite|47/100
|
|upkeep
|turn|2
|
|t:|1785432636
|move|p1a: Dragonite|Extreme Speed|p2b: Whimsicott
|-damage|p2b: Whimsicott|71/100
|move|p1b: Whimsicott|Moonblast|p2a: Glimmora
|-resisted|p2a: Glimmora|1
|-damage|p2a: Glimmora|0 fnt
|faint|p2a: Glimmora
|move|p2b: Whimsicott|Moonblast|p1a: Dragonite
|-supereffective|p1a: Dragonite|1
|-damage|p1a: Dragonite|0 fnt
|faint|p1a: Dragonite
|
|upkeep
|
|t:|1785432648
|switch|p2a: Kingambit|Kingambit, L50, M, shiny|100/100
|switch|p1a: Basculegion|Basculegion, L50, M|100/100
|-status|p1a: Basculegion|psn
|turn|3
|
|t:|1785432662
|move|p2b: Whimsicott|Charm|p1a: Basculegion
|-unboost|p1a: Basculegion|atk|2
|move|p1a: Basculegion|Flip Turn|p2b: Whimsicott
|-resisted|p2b: Whimsicott|1
|-damage|p2b: Whimsicott|61/100
|
|t:|1785432666
|switch|p1a: Floette|Floette-Eternal, L50, F|100/100|[from] Flip Turn
|-status|p1a: Floette|psn
|move|p1b: Whimsicott|Moonblast|p2b: Whimsicott
|-damage|p2b: Whimsicott|15/100
|move|p2a: Kingambit|Iron Head|p1b: Whimsicott
|-supereffective|p1b: Whimsicott|1
|-crit|p1b: Whimsicott
|-enditem|p1b: Whimsicott|Focus Sash
|-damage|p1b: Whimsicott|1/100
|
|-damage|p1a: Floette|87/100 psn|[from] psn
|upkeep
|turn|4
|
|t:|1785432682
|detailschange|p1a: Floette|Floette-Mega, L50, F
|-mega|p1a: Floette|Floette|Floettite
|-ability|p1a: Floette|Fairy Aura
|move|p2b: Whimsicott|Light Screen|p2b: Whimsicott
|-sidestart|p2: Blueflamingo453|move: Light Screen
|move|p1b: Whimsicott|Moonblast|p2b: Whimsicott
|-damage|p2b: Whimsicott|0 fnt
|faint|p2b: Whimsicott
|move|p1a: Floette|Light of Ruin|p2a: Kingambit
|-crit|p2a: Kingambit
|-damage|p2a: Kingambit|0 fnt
|faint|p2a: Kingambit
|-damage|p1a: Floette|28/100 psn|[from] Recoil
|
|-damage|p1a: Floette|16/100 psn|[from] psn
|-sideend|p1: No.1 Bug Fan|move: Tailwind
|-sideend|p2: Blueflamingo453|move: Tailwind
|upkeep
|c|鈽咮lueflamingo453|FUCK
|c|鈽咮lueflamingo453|FUCK
|c|鈽咮lueflamingo453|LUCKYYYYYYYYY
|
|t:|1785432703
|switch|p2b: Delphox|Delphox, L50, M, shiny|100/100
|turn|5
|
|t:|1785432713
|detailschange|p2b: Delphox|Delphox-Mega, L50, M, shiny
|-mega|p2b: Delphox|Delphox|Delphoxite
|move|p1b: Whimsicott|Protect|p1b: Whimsicott
|-singleturn|p1b: Whimsicott|Protect
|move|p2b: Delphox|Heat Wave|p1a: Floette|[spread] p1a
|-activate|p1b: Whimsicott|move: Protect
|-damage|p1a: Floette|0 fnt
|faint|p1a: Floette
|
|upkeep
|
|t:|1785432721
|switch|p1a: Basculegion|Basculegion, L50, M|100/100 psn
|turn|6
|
|t:|1785432730
|move|p2b: Delphox|Protect|p2b: Delphox
|-singleturn|p2b: Delphox|Protect
|move|p1b: Whimsicott|Tailwind|p1b: Whimsicott
|-sidestart|p1: No.1 Bug Fan|move: Tailwind
|move|p1a: Basculegion|Last Respects|p2b: Delphox
|-activate|p2b: Delphox|move: Protect
|
|-damage|p1a: Basculegion|87/100 psn|[from] psn
|upkeep
|turn|7
|
|t:|1785432739
|move|p1b: Whimsicott|Encore|p2b: Delphox
|-start|p2b: Delphox|Encore
|move|p2b: Delphox|Protect|p2b: Delphox
|-singleturn|p2b: Delphox|Protect
|move|p1a: Basculegion|Last Respects|p2b: Delphox
|-activate|p2b: Delphox|move: Protect
|
|-damage|p1a: Basculegion|75/100 psn|[from] psn
|upkeep
|turn|8
|-message|Blueflamingo453 forfeited.
|
|win|No.1 Bug Fan
