|j|☆Giocostorto
|j|☆AntZim
|html|GiocostortoAntZim    
|uhtml|bestof|Game 3 of a best-of-3
|t:|1756416075
|gametype|doubles
|player|p1|Giocostorto|palmer|1212
|player|p2|AntZim|265|1130
|gen|9
|tier|[Gen 9] VGC 2025 Reg H (Bo3)
|rated|
|rule|Species Clause: Limit one of each Pokémon
|rule|Item Clause: Limit 1 of each item
|clearpoke
|poke|p1|Oricorio-Pom-Pom, L50, M|
|poke|p1|Volcarona, L50, F|
|poke|p1|Maushold, L50|
|poke|p1|Annihilape, L50, F|
|poke|p1|Basculegion, L50, M|
|poke|p1|Farigiraf, L50, F|
|poke|p2|Pincurchin, L50, F|
|poke|p2|Talonflame, L50, F|
|poke|p2|Incineroar, L50, M|
|poke|p2|Gastrodon-East, L50, F|
|poke|p2|Raichu-Alola, L50, M|
|poke|p2|Greninja-*, L50, F|
|teampreview|4
|showteam|p1|Oricorio-Pom-Pom||FocusSash|Dancer|Hurricane,RevelationDance,Tailwind,Protect|||M|||50|,,,,,Ghost]Volcarona||CovertCloak|FlameBody|FieryDance,TeraBlast,QuiverDance,Protect|||F|||50|,,,,,Fairy]Maushold||SafetyGoggles|FriendGuard|BeatUp,Taunt,FollowMe,Protect||||||50|,,,,,Ghost]Annihilape||SitrusBerry|Defiant|Protect,BulkUp,DrainPunch,RageFist|||F|||50|,,,,,Fire]Basculegion||ChoiceScarf|Adaptability|WaveCrash,LastRespects,FlipTurn,AquaJet|||M|||50|,,,,,Water]Farigiraf||ThroatSpray|ArmorTail|Psychic,HyperVoice,TrickRoom,Imprison|||F|||50|,,,,,Fairy
|showteam|p2|Pincurchin||RockyHelmet|ElectricSurge|Acupressure,SupercellSlam,Protect,ThunderWave|||F|||50|,,,,,Grass]Talonflame||LifeOrb|GaleWings|BraveBird,DualWingbeat,FlareBlitz,Protect|||F|||50|,,,,,Ground]Incineroar||AssaultVest|Intimidate|FlareBlitz,Uturn,FakeOut,KnockOff|||M|||50|,,,,,Bug]Gastrodon-East||Leftovers|StormDrain|EarthPower,IceBeam,Recover,Protect|||F|||50|,,,,,Grass]Raichu-Alola||ChoiceSpecs|SurgeSurfer|Psychic,VoltSwitch,AlluringVoice,Thunderbolt|||M|||50|,,,,,Fairy]Greninja||FocusSash|Torrent|Surf,Taunt,Uturn,DarkPulse|||F|||50|,,,,,Ghost
|inactive|Battle timer is ON: inactive players will automatically lose when time's up. (requested by Giocostorto)
|inactive|AntZim has 60 seconds left.
|
|t:|1756416125
|teamsize|p1|4
|teamsize|p2|4
|start
|switch|p1a: Volcarona|Volcarona, L50, F|100/100
|switch|p1b: Maushold|Maushold, L50|100/100
|switch|p2a: Talonflame|Talonflame, L50, F|100/100
|switch|p2b: Raichu|Raichu-Alola, L50, M|100/100
|turn|1
|inactive|Giocostorto has 30 seconds left.
|inactive|AntZim has 30 seconds left.
|inactive|Giocostorto has 20 seconds left.
|inactive|AntZim has 20 seconds left.
|inactive|Giocostorto has 15 seconds left.
|inactive|AntZim has 15 seconds left.
|inactive|Giocostorto has 10 seconds left.
|inactive|Giocostorto has 5 seconds left.
|inactive|AntZim has 10 seconds left.
|
|t:|1756416176
|switch|p1b: Oricorio|Oricorio-Pom-Pom, L50, M|100/100
|move|p2a: Talonflame|Brave Bird|p1a: Volcarona
|-supereffective|p1a: Volcarona
|-damage|p1a: Volcarona|0 fnt
|faint|p1a: Volcarona
|-damage|p2a: Talonflame|63/100|[from] Recoil
|-damage|p2a: Talonflame|53/100|[from] item: Life Orb
|move|p2b: Raichu|Volt Switch|p1b: Oricorio
|-damage|p1b: Oricorio|28/100
|
|t:|1756416189
|switch|p2b: Greninja|Greninja, L50, F|100/100|[from] Volt Switch
|
|upkeep
|
|t:|1756416196
|switch|p1a: Annihilape|Annihilape, L50, F|100/100
|turn|2
|
|t:|1756416208
|-terastallize|p2b: Greninja|Ghost
|move|p2a: Talonflame|Protect|p2a: Talonflame
|-singleturn|p2a: Talonflame|Protect
|move|p1a: Annihilape|Protect|p1a: Annihilape
|-singleturn|p1a: Annihilape|Protect
|move|p2b: Greninja|Surf|p1a: Annihilape|[spread] p1b
|-activate|p2a: Talonflame|move: Protect
|-activate|p1a: Annihilape|move: Protect
|-damage|p1b: Oricorio|0 fnt
|faint|p1b: Oricorio
|
|upkeep
|
|t:|1756416218
|switch|p1b: Maushold|Maushold, L50|100/100
|turn|3
|
|t:|1756416238
|move|p1b: Maushold|Follow Me|p1b: Maushold
|-singleturn|p1b: Maushold|move: Follow Me
|move|p2a: Talonflame|Brave Bird|p1b: Maushold
|-damage|p1b: Maushold|23/100
|-damage|p2a: Talonflame|24/100|[from] Recoil
|-damage|p2a: Talonflame|15/100|[from] item: Life Orb
|move|p2b: Greninja|Taunt|p1b: Maushold
|-start|p1b: Maushold|move: Taunt
|move|p1a: Annihilape|Rage Fist|p2a: Talonflame
|-damage|p2a: Talonflame|0 fnt
|faint|p2a: Talonflame
|
|upkeep
|
|t:|1756416251
|switch|p2a: Raichu|Raichu-Alola, L50, M|100/100
|turn|4
|
|t:|1756416268
|move|p2b: Greninja|Dark Pulse|p1a: Annihilape
|-damage|p1a: Annihilape|75/100
|move|p2a: Raichu|Psychic|p1a: Annihilape
|-supereffective|p1a: Annihilape
|-damage|p1a: Annihilape|5/100
|-enditem|p1a: Annihilape|Sitrus Berry|[eat]
|-heal|p1a: Annihilape|30/100|[from] item: Sitrus Berry
|move|p1b: Maushold|Beat Up|p2b: Greninja
|-supereffective|p2b: Greninja
|-damage|p2b: Greninja|91/100
|-supereffective|p2b: Greninja
|-damage|p2b: Greninja|83/100
|-hitcount|p2b: Greninja|2
|move|p1a: Annihilape|Rage Fist|p2a: Raichu
|-supereffective|p2a: Raichu
|-damage|p2a: Raichu|0 fnt
|faint|p2a: Raichu
|
|upkeep
|
|t:|1756416284
|switch|p2a: Pincurchin|Pincurchin, L50, F|100/100
|-fieldstart|move: Electric Terrain|[from] ability: Electric Surge|[of] p2a: Pincurchin
|turn|5
|
|t:|1756416295
|move|p1a: Annihilape|Protect|p1a: Annihilape
|-singleturn|p1a: Annihilape|Protect
|move|p2a: Pincurchin|Protect|p2a: Pincurchin
|-singleturn|p2a: Pincurchin|Protect
|move|p2b: Greninja|Surf|p1a: Annihilape|[spread] p1b
|-activate|p2a: Pincurchin|move: Protect
|-activate|p1a: Annihilape|move: Protect
|-damage|p1b: Maushold|0 fnt
|faint|p1b: Maushold
|
|upkeep
|turn|6
|inactive|Giocostorto has 30 seconds left.
|
|t:|1756416321
|move|p2b: Greninja|Surf|p1a: Annihilape|[spread] p2a,p1a
|-damage|p2a: Pincurchin|64/100
|-damage|p1a: Annihilape|1/100
|move|p1a: Annihilape|Rage Fist|p2a: Pincurchin
|-crit|p2a: Pincurchin
|-damage|p2a: Pincurchin|0 fnt
|-damage|p1a: Annihilape|0 fnt|[from] item: Rocky Helmet|[of] p2a: Pincurchin
|faint|p2a: Pincurchin
|faint|p1a: Annihilape
|
|win|AntZim
|raw|Giocostorto's rating: 1212 → 1181(-31 for losing)
|raw|AntZim's rating: 1130 → 1161(+31 for winning)
