|j|☆teal_knight
|j|☆elychee267
|html|teal_knightelychee267    
|uhtml|bestof|Game 1 of a best-of-3
|t:|1785290322
|gametype|doubles
|player|p1|teal_knight|101|
|player|p2|elychee267|lucas-gen4pt|
|gen|9
|tier|[Gen 9 Champions] VGC 2026 Reg M-B (Bo3)
|rule|Species Clause: Limit one of each Pokémon
|rule|Item Clause: Limit 1 of each item
|clearpoke
|poke|p1|Charizard, L50, F|
|poke|p1|Sylveon, L50, F|
|poke|p1|Aerodactyl, L50, M|
|poke|p1|Garchomp, L50, M|
|poke|p1|Kingambit, L50, M|
|poke|p1|Rotom-Wash, L50|
|poke|p2|Gyarados, L50, F|
|poke|p2|Glimmora, L50, F|
|poke|p2|Ninetales-Alola, L50, F|
|poke|p2|Talonflame, L50, F, shiny|
|poke|p2|Sinistcha-Masterpiece, L50|
|poke|p2|Garchomp, L50, F|
|teampreview|4
|showteam|p1|Charizard||CharizarditeY|Blaze|HeatWave,Protect,WeatherBall,SolarBeam|Modest||F|||50|]Sylveon||FairyFeather|Pixilate|HyperVoice,Detect,HyperBeam,QuickAttack|Modest||F|||50|]Aerodactyl||Aerodactylite|Unnerve|RockSlide,Protect,Tailwind,DualWingbeat|Jolly||M|||50|]Garchomp||LifeOrb|RoughSkin|DragonClaw,Protect,Earthquake,RockSlide|Jolly||M|||50|]Kingambit||ChopleBerry|Defiant|KowtowCleave,Protect,LowKick,SuckerPunch|Adamant||M|||50|]Rotom-Wash||ChoiceScarf|Levitate|HydroPump,Trick,Thunderbolt,Electroweb|Timid|||||50|
|showteam|p2|Gyarados||Gyaradosite|Intimidate|DragonDance,Protect,Waterfall,Crunch|Adamant||F|||50|]Glimmora||Glimmoranite|ToxicDebris|SpikyShield,SludgeBomb,EarthPower,PowerGem|Modest||F|||50|]Ninetales-Alola||NeverMeltIce|SnowWarning|Blizzard,FreezeDry,Protect,Encore|Timid||F|||50|]Talonflame||SharpBeak|GaleWings|DualWingbeat,Tailwind,Taunt,Protect|Jolly||F|||50|]Sinistcha-Masterpiece||SitrusBerry|Hospitality|MatchaGotcha,RagePowder,TrickRoom,LifeDew|Calm|||||50|]Garchomp||LifeOrb|RoughSkin|Earthquake,Protect,DragonClaw,RockSlide|Adamant||F|||50|
|inactive|Battle timer is ON: inactive players will automatically lose when time's up. (requested by elychee267)
|c|☆elychee267|wait this is the wrong version
|c|☆elychee267|oh well
|inactive|teal_knight has 60 seconds left.
|inactive|elychee267 has 60 seconds left.
|c|☆teal_knight|lol
|
|t:|1785290364
|teamsize|p1|4
|teamsize|p2|4
|start
|switch|p1a: Garchomp|Garchomp, L50, M|100/100
|switch|p1b: Rotom|Rotom-Wash, L50|100/100
|switch|p2a: Talonflame|Talonflame, L50, F, shiny|100/100
|switch|p2b: Glimmora|Glimmora, L50, F|100/100
|turn|1
|
|t:|1785290375
|switch|p2b: Ninetales|Ninetales-Alola, L50, F|100/100
|-weather|Snowscape|[from] ability: Snow Warning|[of] p2b: Ninetales
|move|p2a: Talonflame|Protect|p2a: Talonflame
|-singleturn|p2a: Talonflame|Protect
|move|p1b: Rotom|Electroweb|p2a: Talonflame|[spread] p2b
|-activate|p2a: Talonflame|move: Protect
|-damage|p2b: Ninetales|81/100
|-unboost|p2b: Ninetales|spe|1
|move|p1a: Garchomp|Earthquake|p2a: Talonflame|[spread] p2b
|-activate|p2a: Talonflame|move: Protect
|-immune|p1b: Rotom|[from] ability: Levitate
|-damage|p2b: Ninetales|28/100
|-damage|p1a: Garchomp|90/100|[from] item: Life Orb
|
|-weather|Snowscape|[upkeep]
|upkeep
|turn|2
|
|t:|1785290395
|switch|p1a: Kingambit|Kingambit, L50, M|100/100
|move|p2a: Talonflame|Tailwind|p2a: Talonflame
|-sidestart|p2: elychee267|move: Tailwind
|move|p2b: Ninetales|Blizzard|p1b: Rotom|[spread] p1a,p1b
|-resisted|p1a: Kingambit|1
|-resisted|p1b: Rotom|1
|-damage|p1a: Kingambit|82/100
|-damage|p1b: Rotom|78/100
|move|p1b: Rotom|Electroweb|p2b: Ninetales|[spread] p2a,p2b
|-supereffective|p2a: Talonflame|1
|-damage|p2a: Talonflame|53/100
|-damage|p2b: Ninetales|11/100
|-unboost|p2a: Talonflame|spe|1
|-unboost|p2b: Ninetales|spe|1
|
|-weather|Snowscape|[upkeep]
|upkeep
|turn|3
|inactive|elychee267 has 30 seconds left.
|
|t:|1785290426
|switch|p2b: Glimmora|Glimmora, L50, F|100/100
|move|p2a: Talonflame|Protect|p2a: Talonflame
|-singleturn|p2a: Talonflame|Protect
|move|p1b: Rotom|Electroweb|p2a: Talonflame|[spread] p2b
|-activate|p2a: Talonflame|move: Protect
|-damage|p2b: Glimmora|78/100
|-unboost|p2b: Glimmora|spe|1
|move|p1a: Kingambit|Kowtow Cleave|p2a: Talonflame
|-activate|p2a: Talonflame|move: Protect
|
|-weather|Snowscape|[upkeep]
|upkeep
|turn|4
|
|t:|1785290448
|switch|p2a: Sinistcha|Sinistcha-Masterpiece, L50|100/100
|-heal|p2b: Glimmora|100/100|[from] ability: Hospitality|[of] p2a: Sinistcha
|detailschange|p2b: Glimmora|Glimmora-Mega, L50, F
|-mega|p2b: Glimmora|Glimmora|Glimmoranite
|move|p2b: Glimmora|Spiky Shield|p2b: Glimmora
|-singleturn|p2b: Glimmora|move: Protect
|move|p1b: Rotom|Electroweb|p2a: Sinistcha|[spread] p2a
|-activate|p2b: Glimmora|move: Protect
|-resisted|p2a: Sinistcha|1
|-damage|p2a: Sinistcha|93/100
|-unboost|p2a: Sinistcha|spe|1
|move|p1a: Kingambit|Kowtow Cleave|p2b: Glimmora
|-activate|p2b: Glimmora|move: Protect
|-damage|p1a: Kingambit|70/100|[from] Spiky Shield|[of] p2b: Glimmora
|
|-weather|Snowscape|[upkeep]
|upkeep
|turn|5
|j| soulmoonvgc
|inactive|teal_knight has 30 seconds left.
|
|t:|1785290474
|move|p2a: Sinistcha|Rage Powder|p2a: Sinistcha
|-singleturn|p2a: Sinistcha|move: Rage Powder
|move|p1b: Rotom|Electroweb|p2a: Sinistcha|[spread] p2a,p2b
|-resisted|p2a: Sinistcha|1
|-damage|p2a: Sinistcha|86/100
|-damage|p2b: Glimmora|83/100
|-unboost|p2a: Sinistcha|spe|1
|-unboost|p2b: Glimmora|spe|1
|move|p2b: Glimmora|Sludge Bomb|p1b: Rotom
|-damage|p1b: Rotom|0 fnt
|faint|p1b: Rotom
|move|p1a: Kingambit|Kowtow Cleave|p2a: Sinistcha
|-supereffective|p2a: Sinistcha|1
|-damage|p2a: Sinistcha|3/100
|-enditem|p2a: Sinistcha|Sitrus Berry|[eat]
|-heal|p2a: Sinistcha|28/100|[from] item: Sitrus Berry
|
|-weather|none
|-sideend|p2: elychee267|move: Tailwind
|upkeep
|
|t:|1785290483
|switch|p1b: Garchomp|Garchomp, L50, M|90/100
|turn|6
|
|t:|1785290498
|switch|p1a: Aerodactyl|Aerodactyl, L50, M|100/100
|-ability|p1a: Aerodactyl|Unnerve
|move|p2b: Glimmora|Spiky Shield|p2b: Glimmora
|-singleturn|p2b: Glimmora|move: Protect
|move|p1b: Garchomp|Earthquake|p2b: Glimmora|[spread] p2a
|-activate|p2b: Glimmora|move: Protect
|-immune|p1a: Aerodactyl
|-resisted|p2a: Sinistcha|1
|-damage|p2a: Sinistcha|6/100
|-damage|p1b: Garchomp|80/100|[from] item: Life Orb
|move|p2a: Sinistcha|Life Dew|p2a: Sinistcha|[spread] p2a,p2b
|-heal|p2a: Sinistcha|31/100
|-heal|p2b: Glimmora|100/100
|
|upkeep
|turn|7
|
|t:|1785290513
|switch|p2b: Talonflame|Talonflame, L50, F, shiny|53/100
|detailschange|p1a: Aerodactyl|Aerodactyl-Mega, L50, M
|-mega|p1a: Aerodactyl|Aerodactyl|Aerodactylite
|move|p1a: Aerodactyl|Rock Slide|p2a: Sinistcha|[spread] p2a,p2b
|-supereffective|p2b: Talonflame|2
|-damage|p2a: Sinistcha|7/100
|-damage|p2b: Talonflame|0 fnt
|faint|p2b: Talonflame
|move|p1b: Garchomp|Earthquake|p2a: Sinistcha|[spread] p2a
|-immune|p1a: Aerodactyl
|-resisted|p2a: Sinistcha|1
|-damage|p2a: Sinistcha|0 fnt
|faint|p2a: Sinistcha
|-damage|p1b: Garchomp|70/100|[from] item: Life Orb
|
|upkeep
|
|t:|1785290515
|switch|p2b: Glimmora|Glimmora-Mega, L50, F|100/100
|switch|p2a: Ninetales|Ninetales-Alola, L50, F|11/100
|-weather|Snowscape|[from] ability: Snow Warning|[of] p2a: Ninetales
|turn|8
|c|☆elychee267|gg
|c|☆teal_knight|gg
|
|t:|1785290524
|move|p1a: Aerodactyl|Tailwind|p1a: Aerodactyl
|-sidestart|p1: teal_knight|move: Tailwind
|move|p1b: Garchomp|Earthquake|p2a: Ninetales|[spread] p2a,p2b
|-immune|p1a: Aerodactyl
|-supereffective|p2b: Glimmora|2
|-damage|p2a: Ninetales|0 fnt
|-damage|p2b: Glimmora|0 fnt
|faint|p2a: Ninetales
|faint|p2b: Glimmora
|-damage|p1b: Garchomp|61/100|[from] item: Life Orb
|
|win|teal_knight
