|j|☆PeePeeSwagMan
|j|☆scizormetimbers07
|html|PeePeeSwagManscizormetimbers07    
|uhtml|bestof|Game 1 of a best-of-3
|t:|1786051187
|gametype|doubles
|player|p1|PeePeeSwagMan|170|
|player|p2|scizormetimbers07|gambler|
|gen|9
|tier|[Gen 9 Champions] VGC 2026 Reg M-B (Bo3)
|rule|Species Clause: Limit one of each Pokémon
|rule|Item Clause: Limit 1 of each item
|clearpoke
|poke|p1|Torkoal, L50, F|
|poke|p1|Banette, L50, M|
|poke|p1|Floette-Eternal, L50, F|
|poke|p1|Scrafty, L50, F|
|poke|p1|Venusaur, L50, M|
|poke|p1|Gallade, L50, M|
|poke|p2|Whimsicott, L50, M|
|poke|p2|Sinistcha, L50|
|poke|p2|Absol, L50, M, shiny|
|poke|p2|Kangaskhan, L50, F|
|poke|p2|Archaludon, L50, F, shiny|
|poke|p2|Mudsdale, L50, M, shiny|
|teampreview|4
|showteam|p1|Torkoal||Charcoal|Drought|Eruption,EarthPower,SolarBeam,Protect|Serious||F|||50|]Banette||Banettite|CursedBody|TrickRoom,ShadowSneak,Encore,Protect|Careful||M|||50|]Floette-Eternal||Floettite|FlowerVeil|DazzlingGleam,Moonblast,Substitute,Protect|Modest||F|||50|]Scrafty||BlackBelt|Moxie|CloseCombat,FakeOut,KnockOff,Protect|Jolly||F|||50|]Venusaur||Leftovers|Chlorophyll|GigaDrain,SleepPowder,EarthPower,Protect|Modest||M|||50|]Gallade||IronBall|Sharpness|SacredSword,PsychoCut,LightScreen,Protect|Adamant||M|||50|
|showteam|p2|Whimsicott||FocusSash|Prankster|ShadowBall,EnergyBall,Tailwind,Taunt|Modest||M|||50|]Sinistcha||SitrusBerry|Hospitality|MatchaGotcha,ShadowBall,LifeDew,Protect|Calm|||||50|]Absol||ScopeLens|SuperLuck|ShadowClaw,NightSlash,PsychoCut,Detect|Adamant||M|||50|]Kangaskhan||Kangaskhanite|InnerFocus|BodySlam,FakeOut,ThunderPunch,BrickBreak|Adamant||F|||50|]Archaludon||QuickClaw|Stamina|DragonPulse,FlashCannon,AuraSphere,MeteorBeam|Calm||F|||50|]Mudsdale||Leftovers|Stamina|BodyPress,Earthquake,HeavySlam,HighHorsepower|Careful||M|||50|
|j| KoopaPlays
|j| xanian7
|
|t:|1786051305
|teamsize|p1|4
|teamsize|p2|4
|start
|switch|p1a: Torkoal|Torkoal, L50, F|100/100
|switch|p1b: Venusaur|Venusaur, L50, M|100/100
|switch|p2a: Whimsicott|Whimsicott, L50, M|100/100
|switch|p2b: Absol|Absol, L50, M, shiny|100/100
|-weather|SunnyDay|[from] ability: Drought|[of] p1a: Torkoal
|turn|1
|
|t:|1786051386
|move|p2a: Whimsicott|Tailwind|p2a: Whimsicott
|-sidestart|p2: scizormetimbers07|move: Tailwind
|move|p2b: Absol|Night Slash|p1b: Venusaur
|-crit|p1b: Venusaur
|-damage|p1b: Venusaur|47/100
|move|p1b: Venusaur|Giga Drain|p2a: Whimsicott
|-resisted|p2a: Whimsicott|1
|-damage|p2a: Whimsicott|69/100
|-heal|p1b: Venusaur|60/100|[from] drain|[of] p2a: Whimsicott
|move|p1a: Torkoal|Eruption|p2a: Whimsicott|[spread] p2a,p2b
|-supereffective|p2a: Whimsicott|1
|-damage|p2a: Whimsicott|0 fnt
|-damage|p2b: Absol|0 fnt
|faint|p2a: Whimsicott
|faint|p2b: Absol
|
|-weather|SunnyDay|[upkeep]
|-heal|p1b: Venusaur|65/100|[from] item: Leftovers
|upkeep
|
|t:|1786051416
|switch|p2a: Kangaskhan|Kangaskhan, L50, F|100/100
|switch|p2b: Mudsdale|Mudsdale, L50, M, shiny|100/100
|turn|2
|
|t:|1786051464
|detailschange|p2a: Kangaskhan|Kangaskhan-Mega, L50, F
|-mega|p2a: Kangaskhan|Kangaskhan|Kangaskhanite
|move|p1b: Venusaur|Protect|p1b: Venusaur
|-singleturn|p1b: Venusaur|Protect
|move|p1a: Torkoal|Protect|p1a: Torkoal
|-singleturn|p1a: Torkoal|Protect
|move|p2a: Kangaskhan|Fake Out|p1b: Venusaur
|-activate|p1b: Venusaur|move: Protect
|move|p2b: Mudsdale|High Horsepower|p1b: Venusaur
|-activate|p1b: Venusaur|move: Protect
|
|-weather|SunnyDay|[upkeep]
|-heal|p1b: Venusaur|71/100|[from] item: Leftovers
|upkeep
|turn|3
|
|t:|1786051496
|move|p2a: Kangaskhan|Body Slam|p1b: Venusaur
|-crit|p1b: Venusaur
|-damage|p1b: Venusaur|0 fnt
|faint|p1b: Venusaur
|move|p2b: Mudsdale|High Horsepower|p1a: Torkoal
|-supereffective|p1a: Torkoal|1
|-damage|p1a: Torkoal|39/100
|move|p1a: Torkoal|Solar Beam||[still]
|-prepare|p1a: Torkoal|Solar Beam
|-anim|p1a: Torkoal|Solar Beam|p2b: Mudsdale
|-supereffective|p2b: Mudsdale|1
|-damage|p2b: Mudsdale|52/100
|-ability|p2b: Mudsdale|Stamina|boost
|-boost|p2b: Mudsdale|def|1
|
|-weather|SunnyDay|[upkeep]
|-heal|p2b: Mudsdale|58/100|[from] item: Leftovers
|upkeep
|
|t:|1786051512
|switch|p1b: Scrafty|Scrafty, L50, F|100/100
|turn|4
|
|t:|1786051575
|switch|p1a: Banette|Banette, L50, M|100/100
|move|p2a: Kangaskhan|Brick Break|p1b: Scrafty
|-supereffective|p1b: Scrafty|1
|-damage|p1b: Scrafty|30/100
|-supereffective|p1b: Scrafty|1
|-damage|p1b: Scrafty|15/100
|-hitcount|p1b: Scrafty|2
|move|p1b: Scrafty|Close Combat|p2a: Kangaskhan
|-supereffective|p2a: Kangaskhan|1
|-damage|p2a: Kangaskhan|5/100
|-unboost|p1b: Scrafty|def|1
|-unboost|p1b: Scrafty|spd|1
|move|p2b: Mudsdale|High Horsepower|p1a: Banette
|-damage|p1a: Banette|45/100
|-start|p2b: Mudsdale|Disable|High Horsepower|[from] ability: Cursed Body|[of] p1a: Banette
|
|-weather|SunnyDay|[upkeep]
|-heal|p2b: Mudsdale|64/100|[from] item: Leftovers
|-sideend|p2: scizormetimbers07|move: Tailwind
|upkeep
|turn|5
|
|t:|1786051623
|detailschange|p1a: Banette|Banette-Mega, L50, M
|-mega|p1a: Banette|Banette|Banettite
|move|p1a: Banette|Encore|p2b: Mudsdale
|-start|p2b: Mudsdale|Encore
|move|p2a: Kangaskhan|Brick Break|p1b: Scrafty
|-supereffective|p1b: Scrafty|1
|-damage|p1b: Scrafty|0 fnt
|faint|p1b: Scrafty
|cant|p2b: Mudsdale|Disable|High Horsepower
|
|-weather|none
|-heal|p2b: Mudsdale|70/100|[from] item: Leftovers
|upkeep
|
|t:|1786051633
|switch|p1b: Torkoal|Torkoal, L50, F|39/100
|-weather|SunnyDay|[from] ability: Drought|[of] p1b: Torkoal
|turn|6
|
|t:|1786051693
|move|p1b: Torkoal|Protect|p1b: Torkoal
|-singleturn|p1b: Torkoal|Protect
|move|p2a: Kangaskhan|Thunder Punch|p1a: Banette
|-damage|p1a: Banette|9/100
|-damage|p1a: Banette|1/100
|-hitcount|p1a: Banette|2
|-activate|p2b: Mudsdale|move: Struggle
|move|p2b: Mudsdale|Struggle|p1b: Torkoal
|-activate|p1b: Torkoal|move: Protect
|move|p1a: Banette|Trick Room|p1a: Banette
|-fieldstart|move: Trick Room|[of] p1a: Banette
|
|-weather|SunnyDay|[upkeep]
|-heal|p2b: Mudsdale|75/100|[from] item: Leftovers
|upkeep
|turn|7
|
|t:|1786051726
|move|p1a: Banette|Shadow Sneak|p2b: Mudsdale
|-damage|p2b: Mudsdale|64/100
|-ability|p2b: Mudsdale|Stamina|boost
|-boost|p2b: Mudsdale|def|1
|move|p1b: Torkoal|Solar Beam||[still]
|-prepare|p1b: Torkoal|Solar Beam
|-anim|p1b: Torkoal|Solar Beam|p2b: Mudsdale
|-supereffective|p2b: Mudsdale|1
|-damage|p2b: Mudsdale|19/100
|-ability|p2b: Mudsdale|Stamina|boost
|-boost|p2b: Mudsdale|def|1
|-activate|p2b: Mudsdale|move: Struggle
|move|p2b: Mudsdale|Struggle|p1b: Torkoal
|-damage|p1b: Torkoal|28/100
|-damage|p2b: Mudsdale|0 fnt|[from] recoil
|faint|p2b: Mudsdale
|move|p2a: Kangaskhan|Thunder Punch|p1b: Torkoal
|-damage|p1b: Torkoal|9/100
|-damage|p1b: Torkoal|4/100
|-hitcount|p1b: Torkoal|2
|
|-weather|SunnyDay|[upkeep]
|upkeep
|turn|8
|
|t:|1786051754
|move|p1a: Banette|Shadow Sneak|p2a: Kangaskhan
|-immune|p2a: Kangaskhan
|move|p1b: Torkoal|Earth Power|p2a: Kangaskhan
|-damage|p2a: Kangaskhan|0 fnt
|faint|p2a: Kangaskhan
|
|win|PeePeeSwagMan
|inactive|PeePeeSwagMan has 30 seconds to confirm battle start!
|inactive|scizormetimbers07 has 30 seconds to confirm battle start!
||PeePeeSwagMan is ready for game 2.
|inactive|scizormetimbers07 has 20 seconds to confirm battle start!
||scizormetimbers07 is ready for game 2.
|uhtml|next|Next: Game 2 of 3
|l|☆scizormetimbers07
|player|p2|
