|j|☆ferchoxx
|j|☆kimaxvgc
|html|ferchoxxkimaxvgc    
|uhtml|bestof|Game 2 of a best-of-3
|t:|1785167411
|gametype|doubles
|player|p1|ferchoxx|ghetsis|1161
|player|p2|kimaxvgc|265|1284
|gen|9
|tier|[Gen 9 Champions] VGC 2026 Reg M-B (Bo3)
|rated|
|rule|Species Clause: Limit one of each Pokémon
|rule|Item Clause: Limit 1 of each item
|clearpoke
|poke|p1|Tyranitar, L50, M|
|poke|p1|Staraptor, L50, M|
|poke|p1|Excadrill, L50, F|
|poke|p1|Gholdengo, L50|
|poke|p1|Milotic, L50, F|
|poke|p1|Sinistcha, L50|
|poke|p2|Annihilape, L50, M|
|poke|p2|Charizard, L50, F|
|poke|p2|Toxapex, L50, M|
|poke|p2|Incineroar, L50, F|
|poke|p2|Hydreigon, L50, F|
|poke|p2|Metagross, L50|
|teampreview|4
|showteam|p1|Tyranitar||Tyranitarite|SandStream|RockSlide,KnockOff,HighHorsepower,Protect|Adamant||M|||50|]Staraptor||Staraptite|Intimidate|BraveBird,CloseCombat,Tailwind,Protect|Jolly||M|||50|]Excadrill||FocusSash|SandRush|HighHorsepower,IronHead,RockSlide,Protect|Jolly||F|||50|]Gholdengo||LifeOrb|GoodasGold|MakeItRain,ShadowBall,NastyPlot,Protect|Timid|||||50|]Milotic||SitrusBerry|Competitive|Protect,IceBeam,Scald,IcyWind|Bold||F|||50|]Sinistcha||ColburBerry|Hospitality|MatchaGotcha,RagePowder,TrickRoom,Protect|Bold|||||50|
|showteam|p2|Annihilape||FocusSash|Defiant|PhantomForce,CloseCombat,RockTomb,Protect|Adamant||M|||50|]Charizard||CharizarditeY|Blaze|HeatWave,SolarBeam,WeatherBall,Protect|Modest||F|||50|]Toxapex||Leftovers|Regenerator|Toxic,Infestation,WideGuard,BanefulBunker|Bold||M|||50|]Incineroar||SitrusBerry|Intimidate|FlareBlitz,ThroatChop,PartingShot,FakeOut|Impish||F|||50|]Hydreigon||ChoiceScarf|Levitate|DarkPulse,DracoMeteor,Snarl,HeatWave|Modest||F|||50|]Metagross||Metagrossite|ClearBody|BulletPunch,PsychicFangs,StompingTantrum,Protect|Jolly|||||50|
|inactive|Battle timer is ON: inactive players will automatically lose when time's up. (requested by ferchoxx)
|inactive|ferchoxx has 60 seconds left.
|
|t:|1785167457
|teamsize|p1|4
|teamsize|p2|4
|start
|switch|p1a: Milotic|Milotic, L50, F|100/100
|switch|p1b: Gholdengo|Gholdengo, L50|100/100
|switch|p2a: Metagross|Metagross, L50|100/100
|switch|p2b: Annihilape|Annihilape, L50, M|100/100
|turn|1
|inactive|ferchoxx has 30 seconds left.
|inactive|kimaxvgc has 30 seconds left.
|inactive|ferchoxx has 20 seconds left.
|
|t:|1785167493
|move|p1b: Gholdengo|Protect|p1b: Gholdengo
|-singleturn|p1b: Gholdengo|Protect
|move|p2a: Metagross|Protect|p2a: Metagross
|-singleturn|p2a: Metagross|Protect
|move|p2b: Annihilape|Phantom Force||[still]
|-prepare|p2b: Annihilape|Phantom Force
|move|p1a: Milotic|Scald|p2a: Metagross
|-activate|p2a: Metagross|move: Protect
|
|upkeep
|turn|2
|inactive|kimaxvgc has 30 seconds left.
|inactive|kimaxvgc has 20 seconds left.
|
|t:|1785167533
|switch|p1b: Tyranitar|Tyranitar, L50, M|100/100
|-weather|Sandstorm|[from] ability: Sand Stream|[of] p1b: Tyranitar
|detailschange|p2a: Metagross|Metagross-Mega, L50
|-mega|p2a: Metagross|Metagross|Metagrossite
|move|p2a: Metagross|Psychic Fangs|p1a: Milotic
|-damage|p1a: Milotic|45/100
|-enditem|p1a: Milotic|Sitrus Berry|[eat]
|-heal|p1a: Milotic|70/100|[from] item: Sitrus Berry
|move|p2b: Annihilape|Phantom Force|p1b: Tyranitar|[from] lockedmove
|-resisted|p1b: Tyranitar|1
|-damage|p1b: Tyranitar|79/100
|move|p1a: Milotic|Scald|p2b: Annihilape
|-damage|p2b: Annihilape|71/100
|
|-weather|Sandstorm|[upkeep]
|-damage|p2b: Annihilape|65/100|[from] Sandstorm
|-damage|p1a: Milotic|64/100|[from] Sandstorm
|upkeep
|turn|3
|inactive|ferchoxx has 30 seconds left.
|inactive|ferchoxx has 20 seconds left.
|inactive|ferchoxx has 15 seconds left.
|
|t:|1785167575
|detailschange|p1b: Tyranitar|Tyranitar-Mega, L50, M
|-mega|p1b: Tyranitar|Tyranitar|Tyranitarite
|move|p1b: Tyranitar|Protect|p1b: Tyranitar
|-singleturn|p1b: Tyranitar|Protect
|move|p2a: Metagross|Stomping Tantrum|p1b: Tyranitar
|-activate|p1b: Tyranitar|move: Protect
|move|p2b: Annihilape|Close Combat|p1a: Milotic
|-damage|p1a: Milotic|14/100
|-unboost|p2b: Annihilape|def|1
|-unboost|p2b: Annihilape|spd|1
|move|p1a: Milotic|Scald|p2b: Annihilape
|-damage|p2b: Annihilape|13/100
|-status|p2b: Annihilape|brn
|
|-weather|Sandstorm|[upkeep]
|-damage|p2b: Annihilape|7/100 brn|[from] Sandstorm
|-damage|p1a: Milotic|8/100|[from] Sandstorm
|-damage|p2b: Annihilape|1/100 brn|[from] brn
|upkeep
|turn|4
|inactive|ferchoxx has 30 seconds left.
|inactive|kimaxvgc has 30 seconds left.
|inactive|ferchoxx has 20 seconds left.
|inactive|ferchoxx has 15 seconds left.
|inactive|ferchoxx has 10 seconds left.
|
|t:|1785167622
|switch|p1b: Gholdengo|Gholdengo, L50|100/100
|move|p1a: Milotic|Protect|p1a: Milotic
|-singleturn|p1a: Milotic|Protect
|move|p2a: Metagross|Stomping Tantrum|p1a: Milotic
|-activate|p1a: Milotic|move: Protect
|move|p2b: Annihilape|Close Combat|p1b: Gholdengo
|-immune|p1b: Gholdengo
|
|-weather|Sandstorm|[upkeep]
|-damage|p2b: Annihilape|0 fnt|[from] Sandstorm
|-damage|p1a: Milotic|2/100|[from] Sandstorm
|faint|p2b: Annihilape
|upkeep
|
|t:|1785167631
|switch|p2b: Hydreigon|Hydreigon, L50, F|100/100
|turn|5
|inactive|ferchoxx has 30 seconds left.
|inactive|ferchoxx has 20 seconds left.
|
|t:|1785167669
|move|p1b: Gholdengo|Protect|p1b: Gholdengo
|-singleturn|p1b: Gholdengo|Protect
|move|p2b: Hydreigon|Dark Pulse|p1b: Gholdengo
|-activate|p1b: Gholdengo|move: Protect
|move|p2a: Metagross|Stomping Tantrum|p1a: Milotic
|-damage|p1a: Milotic|0 fnt
|faint|p1a: Milotic
|
|-weather|Sandstorm|[upkeep]
|-damage|p2b: Hydreigon|94/100|[from] Sandstorm
|upkeep
|
|t:|1785167680
|switch|p1a: Excadrill|Excadrill, L50, F|100/100
|turn|6
|
|t:|1785167698
|move|p2a: Metagross|Protect|p2a: Metagross
|-singleturn|p2a: Metagross|Protect
|move|p1a: Excadrill|Rock Slide|p2b: Hydreigon|[spread] p2b
|-activate|p2a: Metagross|move: Protect
|-damage|p2b: Hydreigon|70/100
|move|p2b: Hydreigon|Dark Pulse|p1b: Gholdengo
|-supereffective|p1b: Gholdengo|1
|-damage|p1b: Gholdengo|13/100
|move|p1b: Gholdengo|Make It Rain|p2a: Metagross|[spread] p2b
|-activate|p2a: Metagross|move: Protect
|-crit|p2b: Hydreigon
|-damage|p2b: Hydreigon|0 fnt
|-unboost|p1b: Gholdengo|spa|2
|faint|p2b: Hydreigon
|-damage|p1b: Gholdengo|4/100|[from] item: Life Orb
|
|-weather|none
|upkeep
|
|t:|1785167716
|switch|p2b: Toxapex|Toxapex, L50, M|100/100
|turn|7
|
|t:|1785167730
|move|p2a: Metagross|Stomping Tantrum|p1a: Excadrill
|-supereffective|p1a: Excadrill|1
|-enditem|p1a: Excadrill|Focus Sash
|-damage|p1a: Excadrill|1/100
|move|p1a: Excadrill|High Horsepower|p2a: Metagross
|-supereffective|p2a: Metagross|1
|-damage|p2a: Metagross|19/100
|move|p1b: Gholdengo|Shadow Ball|p2a: Metagross
|-supereffective|p2a: Metagross|1
|-damage|p2a: Metagross|0 fnt
|faint|p2a: Metagross
|-damage|p1b: Gholdengo|0 fnt|[from] item: Life Orb
|faint|p1b: Gholdengo
|move|p2b: Toxapex|Infestation|p1a: Excadrill
|-resisted|p1a: Excadrill|1
|-damage|p1a: Excadrill|0 fnt
|faint|p1a: Excadrill
|
|upkeep
|
|t:|1785167747
|switch|p1b: Tyranitar|Tyranitar-Mega, L50, M|79/100
|-weather|Sandstorm|[from] ability: Sand Stream|[of] p1b: Tyranitar
|turn|8
|
|t:|1785167756
|move|p1b: Tyranitar|Protect|p1b: Tyranitar
|-singleturn|p1b: Tyranitar|Protect
|move|p2b: Toxapex|Baneful Bunker||[still]
|-fail|p2b: Toxapex
|
|-weather|Sandstorm|[upkeep]
|-damage|p2b: Toxapex|94/100|[from] Sandstorm
|-heal|p2b: Toxapex|100/100|[from] item: Leftovers
|upkeep
|turn|9
|
|t:|1785167765
|move|p2b: Toxapex|Baneful Bunker|p2b: Toxapex
|-singleturn|p2b: Toxapex|move: Protect
|move|p1b: Tyranitar|Knock Off|p2b: Toxapex
|-activate|p2b: Toxapex|move: Protect
|-status|p1b: Tyranitar|psn
|
|-weather|Sandstorm|[upkeep]
|-damage|p2b: Toxapex|94/100|[from] Sandstorm
|-heal|p2b: Toxapex|100/100|[from] item: Leftovers
|-damage|p1b: Tyranitar|67/100 psn|[from] psn
|upkeep
|turn|10
|
|t:|1785167776
|move|p1b: Tyranitar|Knock Off|p2b: Toxapex
|-damage|p2b: Toxapex|59/100
|-enditem|p2b: Toxapex|Leftovers|[from] move: Knock Off|[of] p1b: Tyranitar
|move|p2b: Toxapex|Infestation|p1b: Tyranitar
|-supereffective|p1b: Tyranitar|1
|-damage|p1b: Tyranitar|62/100 psn
|-activate|p1b: Tyranitar|move: Infestation|[of] p2b: Toxapex
|
|-weather|Sandstorm|[upkeep]
|-damage|p2b: Toxapex|54/100|[from] Sandstorm
|-damage|p1b: Tyranitar|50/100g psn|[from] psn
|-damage|p1b: Tyranitar|38/100 psn|[from] move: Infestation|[partiallytrapped]
|upkeep
|turn|11
|
|t:|1785167789
|move|p2b: Toxapex|Baneful Bunker|p2b: Toxapex
|-singleturn|p2b: Toxapex|move: Protect
|move|p1b: Tyranitar|High Horsepower|p2b: Toxapex
|-activate|p2b: Toxapex|move: Protect
|
|-weather|Sandstorm|[upkeep]
|-damage|p2b: Toxapex|48/100|[from] Sandstorm
|-damage|p1b: Tyranitar|25/100 psn|[from] psn
|-damage|p1b: Tyranitar|13/100 psn|[from] move: Infestation|[partiallytrapped]
|upkeep
|turn|12
|
|t:|1785167804
|move|p2b: Toxapex|Baneful Bunker||[still]
|-fail|p2b: Toxapex
|move|p1b: Tyranitar|High Horsepower|p2b: Toxapex
|-supereffective|p2b: Toxapex|1
|-damage|p2b: Toxapex|0 fnt
|faint|p2b: Toxapex
|
|win|ferchoxx
|raw|ferchoxx's rating: 1161 → 1194(+33 for winning)
|raw|kimaxvgc's rating: 1284 → 1251(-33 for losing)
