|j|‽AIRegMB
|j|☆CheesyTime
|html|AIRegMBCheesyTime    
|uhtml|bestof|Game 1 of a best-of-3
|t:|1782205162
|gametype|doubles
|player|p1|AIRegMB|alec-anime|1068
|player|p2|CheesyTime|colress|1101
|gen|9
|tier|[Gen 9 Champions] VGC 2026 Reg M-B (Bo3)
|rated|
|rule|Species Clause: Limit one of each Pokémon
|rule|Item Clause: Limit 1 of each item
|clearpoke
|poke|p1|Sinistcha, L50|
|poke|p1|Ceruledge, L50, F|
|poke|p1|Incineroar, L50, M, shiny|
|poke|p1|Ninetales-Alola, L50, M|
|poke|p1|Raichu, L50, F, shiny|
|poke|p1|Annihilape, L50, F|
|poke|p2|Pyroar, L50, F|
|poke|p2|Ninetales, L50, F, shiny|
|poke|p2|Whimsicott, L50, F|
|poke|p2|Floette-Eternal, L50, F|
|poke|p2|Basculegion, L50, M|
|poke|p2|Farigiraf, L50, F|
|teampreview|4
|showteam|p1|Sinistcha||KasibBerry|Hospitality|RagePowder,MatchaGotcha,TrickRoom,Protect|Bold|||||50|]Ceruledge||ColburBerry|FlashFire|BulkUp,BitterBlade,ShadowSneak,Protect|Adamant||F|||50|]Incineroar||SitrusBerry|Intimidate|FakeOut,FlareBlitz,ThroatChop,PartingShot|Impish||M|||50|]Ninetales-Alola||NeverMeltIce|SnowWarning|Blizzard,FreezeDry,AuroraVeil,Protect|Timid||M|||50|]Raichu||RaichuniteY|LightningRod|FakeOut,ZapCannon,FocusBlast,Protect|Timid||F|||50|]Annihilape||FocusSash|Defiant|RageFist,CloseCombat,Coaching,Taunt|Adamant||F|||50|
|showteam|p2|Pyroar||Pyroarite|Unnerve|HeatWave,Overheat,SolarBeam,Protect|Timid||F|||50|]Ninetales||ChoiceScarf|Drought|HeatWave,Overheat,SolarBeam,FakeTears|Modest||F|||50|]Whimsicott||FocusSash|Prankster|Moonblast,Tailwind,SunnyDay,Protect|Timid||F|||50|]Floette-Eternal||Floettite|FlowerVeil|Moonblast,LightofRuin,DazzlingGleam,Protect|Modest||F|||50|]Basculegion||LifeOrb|Adaptability|WaveCrash,LastRespects,AquaJet,Protect|Adamant||M|||50|]Farigiraf||SitrusBerry|ArmorTail|Psychic,Thunderbolt,TrickRoom,HelpingHand|Bold||F|||50|
|inactive|Battle timer is ON: inactive players will automatically lose when time's up. (requested by CheesyTime)
|
|t:|1782205206
|teamsize|p1|4
|teamsize|p2|4
|start
|switch|p1a: Ceruledge|Ceruledge, L50, F|100/100
|switch|p1b: Annihilape|Annihilape, L50, F|100/100
|switch|p2a: Ninetales|Ninetales, L50, F, shiny|100/100
|switch|p2b: Floette|Floette-Eternal, L50, F|100/100
|-weather|SunnyDay|[from] ability: Drought|[of] p2a: Ninetales
|turn|1
|
|t:|1782205214
|detailschange|p2b: Floette|Floette-Mega, L50, F
|-mega|p2b: Floette|Floette|Floettite
|-ability|p2b: Floette|Fairy Aura
|move|p2a: Ninetales|Fake Tears|p1a: Ceruledge
|-unboost|p1a: Ceruledge|spd|2
|move|p2b: Floette|Light of Ruin|p1a: Ceruledge
|-resisted|p1a: Ceruledge|1
|-damage|p1a: Ceruledge|0 fnt
|faint|p1a: Ceruledge
|-damage|p2b: Floette|39/100|[from] Recoil
|move|p1b: Annihilape|Coaching|p1: Ceruledge|[notarget]
|-fail|p1b: Annihilape
|
|-weather|SunnyDay|[upkeep]
|upkeep
|c|☆CheesyTime|lol
|
|t:|1782205236
|switch|p1a: Incineroar|Incineroar, L50, M, shiny|100/100
|-ability|p1a: Incineroar|Intimidate|boost
|-unboost|p2a: Ninetales|atk|1
|-unboost|p2b: Floette|atk|1
|turn|2
|
|t:|1782205245
|switch|p2a: Farigiraf|Farigiraf, L50, F|100/100
|move|p2b: Floette|Protect|p2b: Floette
|-singleturn|p2b: Floette|Protect
|move|p1a: Incineroar|Fake Out||[still]
|cant|p2a: Farigiraf|ability: Armor Tail|Fake Out|[of] p1a: Incineroar
|move|p1b: Annihilape|Rage Fist|p2b: Floette
|-activate|p2b: Floette|move: Protect
|
|-weather|SunnyDay|[upkeep]
|upkeep
|turn|3
|
|t:|1782205267
|move|p2a: Farigiraf|Helping Hand|p2b: Floette
|-singleturn|p2b: Floette|Helping Hand|[of] p2a: Farigiraf
|move|p2b: Floette|Moonblast|p1a: Incineroar
|-damage|p1a: Incineroar|0 fnt
|faint|p1a: Incineroar
|move|p1b: Annihilape|Rage Fist|p2b: Floette
|-crit|p2b: Floette
|-damage|p2b: Floette|0 fnt
|faint|p2b: Floette
|
|-weather|SunnyDay|[upkeep]
|upkeep
|
|t:|1782205282
|switch|p2b: Basculegion|Basculegion, L50, M|100/100
|switch|p1a: Sinistcha|Sinistcha, L50|100/100
|turn|4
|inactive|AIRegMB has 30 seconds left.
|
|t:|1782205313
|move|p1b: Annihilape|Rage Fist|p2b: Basculegion
|-supereffective|p2b: Basculegion|1
|-damage|p2b: Basculegion|36/100
|move|p2b: Basculegion|Last Respects|p1b: Annihilape
|-supereffective|p1b: Annihilape|1
|-enditem|p1b: Annihilape|Focus Sash
|-damage|p1b: Annihilape|1/100
|-damage|p2b: Basculegion|27/100|[from] item: Life Orb
|move|p1a: Sinistcha|Matcha Gotcha|p2a: Farigiraf|[spread] p2a,p2b
|-supereffective|p2b: Basculegion|1
|-damage|p2a: Farigiraf|76/100
|-damage|p2b: Basculegion|0 fnt
|faint|p2b: Basculegion
|move|p2a: Farigiraf|Psychic|p1b: Annihilape
|-supereffective|p1b: Annihilape|1
|-damage|p1b: Annihilape|0 fnt
|faint|p1b: Annihilape
|
|-weather|SunnyDay|[upkeep]
|upkeep
|
|t:|1782205322
|switch|p2b: Ninetales|Ninetales, L50, F, shiny|100/100
|turn|5
|
|t:|1782205327
|move|p2b: Ninetales|Overheat|p1a: Sinistcha
|-supereffective|p1a: Sinistcha|1
|-damage|p1a: Sinistcha|0 fnt
|-unboost|p2b: Ninetales|spa|2
|faint|p1a: Sinistcha
|
|win|CheesyTime
