|j|☆tactical espeonage
|j|☆FlareIsSolar
|html|tactical espeonageFlareIsSolar    
|uhtml|bestof|Game 2 of a best-of-3
|t:|1757773067
|gametype|doubles
|player|p1|tactical espeonage|102|1224
|player|p2|FlareIsSolar|volkner|1201
|gen|9
|tier|[Gen 9] VGC 2025 Reg H (Bo3)
|rated|
|rule|Species Clause: Limit one of each Pokémon
|rule|Item Clause: Limit 1 of each item
|clearpoke
|poke|p1|Indeedee-F, L50, F|
|poke|p1|Espeon, L50, F|
|poke|p1|Tyranitar, L50, F|
|poke|p1|Excadrill, L50, F|
|poke|p1|Annihilape, L50, M|
|poke|p1|Scyther, L50, M|
|poke|p2|Garchomp, L50, F|
|poke|p2|Gholdengo, L50|
|poke|p2|Talonflame, L50, M|
|poke|p2|Amoonguss, L50, M|
|poke|p2|Tyranitar, L50, M|
|poke|p2|Basculegion, L50, M|
|teampreview|4
|showteam|p1|Indeedee-F||PsychicSeed|PsychicSurge|Psychic,FollowMe,HelpingHand,TrickRoom|||F|||50|,,,,,Fairy]Espeon||ChoiceSpecs|MagicBounce|ExpandingForce,ShadowBall,PowerGem,TeraBlast|||F|||50|,,,,,Fighting]Tyranitar||AssaultVest|SandStream|KnockOff,RockSlide,LowKick,TeraBlast|||F|||50|,,,,,Flying]Excadrill||ClearAmulet|SandRush|HighHorsepower,IronHead,Earthquake,Protect|||F|||50|,,,,,Ghost]Annihilape||SafetyGoggles|Defiant|RageFist,CloseCombat,Taunt,Protect|||M|||50|,,,,,Fire]Scyther||Eviolite|Technician|DualWingbeat,StruggleBug,Tailwind,Protect|||M|||50|,,,,,Rock
|showteam|p2|Garchomp||LifeOrb|RoughSkin|DragonClaw,StompingTantrum,Earthquake,Protect|||F|||50|,,,,,Steel]Gholdengo||MetalCoat|GoodasGold|MakeItRain,ShadowBall,NastyPlot,Protect||||||50|,,,,,Flying]Talonflame||CovertCloak|GaleWings|BraveBird,WillOWisp,Tailwind,Taunt|||M|||50|,,,,,Ghost]Amoonguss||SitrusBerry|Regenerator|PollenPuff,Spore,RagePowder,Protect|||M|||50|,,,,,Water]Tyranitar||AssaultVest|SandStream|KnockOff,RockSlide,LowKick,TeraBlast|||M|||50|,,,,,Flying]Basculegion||ChoiceScarf|Adaptability|WaveCrash,LastRespects,FlipTurn,AquaJet|||M|||50|,,,,,Water
|
|t:|1757773137
|teamsize|p1|4
|teamsize|p2|4
|start
|switch|p1a: Annihilape|Annihilape, L50, M|100/100
|switch|p1b: Scyther|Scyther, L50, M|100/100
|switch|p2a: Gholdengo|Gholdengo, L50|100/100
|switch|p2b: Talonflame|Talonflame, L50, M|100/100
|turn|1
|
|t:|1757773164
|-terastallize|p1a: Annihilape|Fire
|move|p2b: Talonflame|Taunt|p1b: Scyther
|-start|p1b: Scyther|move: Taunt
|cant|p1b: Scyther|move: Taunt|Tailwind
|move|p2a: Gholdengo|Nasty Plot|p2a: Gholdengo
|-boost|p2a: Gholdengo|spa|2
|move|p1a: Annihilape|Taunt|p2b: Talonflame
|-start|p2b: Talonflame|move: Taunt
|
|upkeep
|turn|2
|
|t:|1757773196
|switch|p2b: Garchomp|Garchomp, L50, F|100/100
|move|p1b: Scyther|Struggle Bug|p2b: Garchomp|[spread] p2a,p2b
|-resisted|p2a: Gholdengo
|-damage|p2a: Gholdengo|98/100
|-damage|p2b: Garchomp|89/100
|-unboost|p2a: Gholdengo|spa|1
|-unboost|p2b: Garchomp|spa|1
|move|p2a: Gholdengo|Make It Rain|p1a: Annihilape|[spread] p1a,p1b
|-resisted|p1a: Annihilape
|-damage|p1a: Annihilape|59/100
|-damage|p1b: Scyther|23/100
|-unboost|p2a: Gholdengo|spa|1
|move|p1a: Annihilape|Rage Fist|p2a: Gholdengo
|-supereffective|p2a: Gholdengo
|-damage|p2a: Gholdengo|0 fnt
|faint|p2a: Gholdengo
|
|upkeep
|
|t:|1757773201
|switch|p2a: Talonflame|Talonflame, L50, M|100/100
|turn|3
|
|t:|1757773248
|move|p1a: Annihilape|Protect|p1a: Annihilape
|-singleturn|p1a: Annihilape|Protect
|move|p2a: Talonflame|Brave Bird|p1b: Scyther
|-supereffective|p1b: Scyther
|-damage|p1b: Scyther|0 fnt
|faint|p1b: Scyther
|-damage|p2a: Talonflame|93/100|[from] Recoil
|move|p2b: Garchomp|Earthquake|p1a: Annihilape|[spread] 
|-activate|p1a: Annihilape|move: Protect
|-immune|p2a: Talonflame
|
|upkeep
|
|t:|1757773263
|switch|p1b: Espeon|Espeon, L50, F|100/100
|turn|4
|
|t:|1757773276
|switch|p1a: Indeedee|Indeedee-F, L50, F|100/100
|-fieldstart|move: Psychic Terrain|[from] ability: Psychic Surge|[of] p1a: Indeedee
|-enditem|p1a: Indeedee|Psychic Seed
|-boost|p1a: Indeedee|spd|1|[from] item: Psychic Seed
|-terastallize|p2b: Garchomp|Steel
|move|p2a: Talonflame|Tailwind|p2a: Talonflame
|-sidestart|p2: FlareIsSolar|move: Tailwind
|move|p2b: Garchomp|Earthquake|p1a: Indeedee|[spread] p1a,p1b
|-immune|p2a: Talonflame
|-crit|p1b: Espeon
|-damage|p1a: Indeedee|45/100
|-damage|p1b: Espeon|0 fnt
|faint|p1b: Espeon
|-damage|p2b: Garchomp|79/100|[from] item: Life Orb
|
|upkeep
|
|t:|1757773290
|switch|p1b: Annihilape|Annihilape, L50, M, tera:Fire|59/100
|turn|5
|
|t:|1757773299
|move|p2a: Talonflame|Brave Bird|p1b: Annihilape
|-crit|p1b: Annihilape
|-damage|p1b: Annihilape|7/100
|-damage|p2a: Talonflame|70/100|[from] Recoil
|move|p2b: Garchomp|Earthquake|p1b: Annihilape|[spread] p1a,p1b
|-immune|p2a: Talonflame
|-supereffective|p1b: Annihilape
|-damage|p1a: Indeedee|0 fnt
|-damage|p1b: Annihilape|0 fnt
|faint|p1a: Indeedee
|faint|p1b: Annihilape
|-damage|p2b: Garchomp|69/100|[from] item: Life Orb
|
|win|FlareIsSolar
|raw|tactical espeonage's rating: 1224 → 1197(-27 for losing)
|raw|FlareIsSolar's rating: 1201 → 1228(+27 for winning)
