|j|☆Welosethose!
|j|☆ryoshino
|html|Welosethose!ryoshino    
|uhtml|bestof|Game 1 of a best-of-3
|t:|1757000548
|gametype|doubles
|player|p1|Welosethose!|hilbert|1184
|player|p2|ryoshino|2|1239
|gen|9
|tier|[Gen 9] VGC 2025 Reg H (Bo3)
|rated|
|rule|Species Clause: Limit one of each Pokémon
|rule|Item Clause: Limit 1 of each item
|clearpoke
|poke|p1|Kingambit, L50, M|
|poke|p1|Electabuzz, L50, M|
|poke|p1|Sneasler, L50, M|
|poke|p1|Tyranitar, L50, M|
|poke|p1|Annihilape, L50, F|
|poke|p1|Dragonite, L50, F|
|poke|p2|Murkrow, L50, F|
|poke|p2|Gholdengo, L50|
|poke|p2|Dondozo, L50, M|
|poke|p2|Tatsugiri, L50, F|
|poke|p2|Clefable, L50, F|
|poke|p2|Rillaboom, L50, F|
|teampreview|4
|showteam|p1|Kingambit||SafetyGoggles|Defiant|KowtowCleave,SuckerPunch,SwordsDance,Protect|||M|||50|,,,,,Dark]Electabuzz||Eviolite|VitalSpirit|Electroweb,FollowMe,Taunt,Protect|||M|||50|,,,,,Water]Sneasler||FocusSash|Unburden|FakeOut,CloseCombat,DireClaw,Protect|||M|||50|,,,,,Stellar]Tyranitar||AssaultVest|SandStream|RockSlide,KnockOff,LowKick,TeraBlast|||M|||50|,,,,,Flying]Annihilape||Leftovers|Defiant|RageFist,DrainPunch,BulkUp,Protect|||F|||50|,,,,,Fire]Dragonite||LoadedDice|Multiscale|ScaleShot,ExtremeSpeed,Haze,Protect|||F|||50|,,,,,Fairy
|showteam|p2|Murkrow||Eviolite|Prankster|Tailwind,FoulPlay,Taunt,Haze|||F|||50|,,,,,Ghost]Gholdengo||ChoiceSpecs|GoodasGold|MakeItRain,Trick,ShadowBall,Thunderbolt||||||50|,,,,,Steel]Dondozo||Leftovers|Unaware|WaveCrash,Earthquake,OrderUp,Protect|||M|||50|,,,,,Grass]Tatsugiri||FocusSash|Commander|DracoMeteor,IcyWind,MuddyWater,Protect|||F|||50|,,,,,Stellar]Clefable||RockyHelmet|Unaware|Moonblast,FollowMe,Encore,Protect|||F|||50|,,,,,Ghost]Rillaboom||AssaultVest|GrassySurge|DrumBeating,GrassyGlide,Uturn,FakeOut|||F|||50|,,,,,Fire
|inactive|Battle timer is ON: inactive players will automatically lose when time's up. (requested by ryoshino)
|inactive|Welosethose! has 60 seconds left.
|inactive|Welosethose! has 30 seconds left.
|inactive|Welosethose! has 20 seconds left.
|
|t:|1757000620
|teamsize|p1|4
|teamsize|p2|4
|start
|switch|p1a: Electabuzz|Electabuzz, L50, M|100/100
|switch|p1b: Kingambit|Kingambit, L50, M|100/100
|switch|p2a: Clefable|Clefable, L50, F|100/100
|switch|p2b: Gholdengo|Gholdengo, L50|100/100
|turn|1
|l|☆ryoshino
|inactive|ryoshino disconnected and has a minute to reconnect!
|player|p2|
|j|☆ryoshino
|inactive|ryoshino reconnected and has 45 seconds left.
|player|p2|ryoshino|2|
|
|t:|1757000637
|move|p2b: Gholdengo|Make It Rain|p1b: Kingambit|[spread] p1a,p1b
|-resisted|p1a: Electabuzz
|-resisted|p1b: Kingambit
|-damage|p1a: Electabuzz|73/100
|-damage|p1b: Kingambit|63/100
|-unboost|p2b: Gholdengo|spa|1
|move|p1a: Electabuzz|Taunt|p2a: Clefable
|-start|p2a: Clefable|move: Taunt
|move|p2a: Clefable|Moonblast|p1a: Electabuzz
|-damage|p1a: Electabuzz|50/100
|-unboost|p1a: Electabuzz|spa|1
|move|p1b: Kingambit|Swords Dance|p1b: Kingambit
|-boost|p1b: Kingambit|atk|2
|
|upkeep
|turn|2
|inactive|Welosethose! has 30 seconds left.
|
|t:|1757000673
|switch|p2b: Dondozo|Dondozo, L50, M|100/100
|switch|p2a: Tatsugiri|Tatsugiri, L50, F|100/100
|-activate|p2a: Tatsugiri|ability: Commander|[of] p2b: Dondozo
|-boost|p2b: Dondozo|atk|2
|-boost|p2b: Dondozo|spa|2
|-boost|p2b: Dondozo|spe|2
|-boost|p2b: Dondozo|def|2
|-boost|p2b: Dondozo|spd|2
|move|p1a: Electabuzz|Electroweb|p2a: Tatsugiri|[spread] p2b
|-miss|p1a: Electabuzz|p2a: Tatsugiri
|-supereffective|p2b: Dondozo
|-damage|p2b: Dondozo|86/100
|-unboost|p2b: Dondozo|spe|1
|move|p1b: Kingambit|Kowtow Cleave|p2b: Dondozo
|-damage|p2b: Dondozo|68/100
|
|-heal|p2b: Dondozo|74/100|[from] item: Leftovers
|upkeep
|turn|3
|inactive|Welosethose! has 30 seconds left.
|
|t:|1757000701
|switch|p1b: Dragonite|Dragonite, L50, F|100/100
|move|p1a: Electabuzz|Protect|p1a: Electabuzz
|-singleturn|p1a: Electabuzz|Protect
|move|p2b: Dondozo|Earthquake|p1a: Electabuzz|[spread] 
|-miss|p2b: Dondozo|p2a: Tatsugiri
|-activate|p1a: Electabuzz|move: Protect
|-immune|p1b: Dragonite
|
|-heal|p2b: Dondozo|80/100|[from] item: Leftovers
|upkeep
|turn|4
|inactive|Welosethose! has 30 seconds left.
|
|t:|1757000735
|switch|p1a: Annihilape|Annihilape, L50, F|100/100
|move|p2b: Dondozo|Order Up|p1b: Dragonite
|-supereffective|p1b: Dragonite
|-damage|p1b: Dragonite|45/100
|-boost|p2b: Dondozo|atk|1
|move|p1b: Dragonite|Haze|p1b: Dragonite
|-clearallboost
|
|-heal|p2b: Dondozo|86/100|[from] item: Leftovers
|upkeep
|turn|5
|
|t:|1757000756
|move|p1b: Dragonite|Protect|p1b: Dragonite
|-singleturn|p1b: Dragonite|Protect
|move|p1a: Annihilape|Bulk Up|p1a: Annihilape
|-boost|p1a: Annihilape|atk|1
|-boost|p1a: Annihilape|def|1
|move|p2b: Dondozo|Order Up|p1b: Dragonite
|-activate|p1b: Dragonite|move: Protect
|
|-heal|p2b: Dondozo|92/100|[from] item: Leftovers
|upkeep
|turn|6
|
|t:|1757000767
|-terastallize|p1b: Dragonite|Fairy
|move|p1b: Dragonite|Scale Shot|p1a: Annihilape
|-damage|p1a: Annihilape|91/100
|-damage|p1a: Annihilape|81/100
|-damage|p1a: Annihilape|71/100
|-damage|p1a: Annihilape|61/100
|-damage|p1a: Annihilape|50/100
|-hitcount|p1a: Annihilape|5
|-unboost|p1b: Dragonite|def|1
|-boost|p1b: Dragonite|spe|1
|move|p1a: Annihilape|Bulk Up|p1a: Annihilape
|-boost|p1a: Annihilape|atk|1
|-boost|p1a: Annihilape|def|1
|move|p2b: Dondozo|Order Up|p1b: Dragonite
|-immune|p1b: Dragonite
|
|-heal|p1a: Annihilape|57/100|[from] item: Leftovers
|-heal|p2b: Dondozo|99/100|[from] item: Leftovers
|upkeep
|turn|7
|inactive|Welosethose! has 30 seconds left.
|
|t:|1757000797
|move|p1b: Dragonite|Protect|p1b: Dragonite
|-singleturn|p1b: Dragonite|Protect
|move|p1a: Annihilape|Drain Punch|p2b: Dondozo
|-damage|p2b: Dondozo|77/100
|-heal|p1a: Annihilape|69/100|[from] drain|[of] p2b: Dondozo
|move|p2b: Dondozo|Wave Crash|p1b: Dragonite
|-activate|p1b: Dragonite|move: Protect
|
|-heal|p1a: Annihilape|75/100|[from] item: Leftovers
|-heal|p2b: Dondozo|83/100|[from] item: Leftovers
|upkeep
|turn|8
|inactive|Welosethose! has 30 seconds left.
|
|t:|1757000826
|move|p1b: Dragonite|Scale Shot|p2b: Dondozo
|-damage|p2b: Dondozo|73/100
|-damage|p2b: Dondozo|62/100
|-damage|p2b: Dondozo|52/100
|-damage|p2b: Dondozo|41/100
|-hitcount|p2b: Dondozo|4
|-unboost|p1b: Dragonite|def|1
|-boost|p1b: Dragonite|spe|1
|move|p1a: Annihilape|Rage Fist|p2b: Dondozo
|-damage|p2b: Dondozo|0 fnt
|faint|p2b: Dondozo
|
|-heal|p1a: Annihilape|81/100|[from] item: Leftovers
|upkeep
|
|t:|1757000842
|switch|p2b: Clefable|Clefable, L50, F|100/100
|turn|9
|
|t:|1757000851
|move|p1b: Dragonite|Protect|p1b: Dragonite
|-singleturn|p1b: Dragonite|Protect
|move|p2b: Clefable|Protect|p2b: Clefable
|-singleturn|p2b: Clefable|Protect
|move|p2a: Tatsugiri|Icy Wind|p1a: Annihilape|[spread] p1a
|-activate|p1b: Dragonite|move: Protect
|-damage|p1a: Annihilape|71/100
|-unboost|p1a: Annihilape|spe|1
|-ability|p1a: Annihilape|Defiant|boost
|-boost|p1a: Annihilape|atk|2
|move|p1a: Annihilape|Rage Fist|p2b: Clefable
|-activate|p2b: Clefable|move: Protect
|
|-heal|p1a: Annihilape|77/100|[from] item: Leftovers
|upkeep
|turn|10
|inactive|Welosethose! has 30 seconds left.
|
|t:|1757000878
|move|p1b: Dragonite|Scale Shot|p2a: Tatsugiri
|-supereffective|p2a: Tatsugiri
|-damage|p2a: Tatsugiri|40/100
|-supereffective|p2a: Tatsugiri
|-damage|p2a: Tatsugiri|0 fnt
|faint|p2a: Tatsugiri
|-hitcount|p2: Tatsugiri|2
|-unboost|p1b: Dragonite|def|1
|-boost|p1b: Dragonite|spe|1
|move|p2b: Clefable|Moonblast|p1a: Annihilape
|-supereffective|p1a: Annihilape
|-damage|p1a: Annihilape|24/100
|move|p1a: Annihilape|Rage Fist|p2b: Clefable
|-damage|p2b: Clefable|0 fnt
|-damage|p1a: Annihilape|8/100|[from] item: Rocky Helmet|[of] p2b: Clefable
|faint|p2b: Clefable
|
|-heal|p1a: Annihilape|14/100|[from] item: Leftovers
|upkeep
|
|t:|1757000893
|switch|p2b: Gholdengo|Gholdengo, L50|100/100
|turn|11
|-message|ryoshino forfeited.
|
|win|Welosethose!
|l|☆ryoshino
|player|p2|
||Welosethose! is ready for game 2.
||ryoshino is ready for game 2.
|uhtml|next|Next: Game 2 of 3
