|j|☆azuredreamer vg
|j|☆nathonline
|html|azuredreamer vgnathonline    
|uhtml|bestof|Game 1 of a best-of-3
|t:|1756258107
|gametype|doubles
|player|p1|azuredreamer vg|1|1136
|player|p2|nathonline|hilbert|1067
|gen|9
|tier|[Gen 9] VGC 2025 Reg H (Bo3)
|rated|
|rule|Species Clause: Limit one of each Pokémon
|rule|Item Clause: Limit 1 of each item
|clearpoke
|poke|p1|Annihilape, L50, M|
|poke|p1|Archaludon, L50, F|
|poke|p1|Ursaluna-Bloodmoon, L50, M|
|poke|p1|Whimsicott, L50, M|
|poke|p1|Basculegion, L50, M|
|poke|p1|Pelipper, L50, M|
|poke|p2|Kommo-o, L50, F|
|poke|p2|Farigiraf, L50, M|
|poke|p2|Annihilape, L50, M|
|poke|p2|Rillaboom, L50, M|
|poke|p2|Ursaluna-Bloodmoon, L50, M|
|poke|p2|Talonflame, L50, F|
|teampreview|4
|showteam|p1|Annihilape||ChoiceScarf|Defiant|FinalGambit,RageFist,Uturn,CloseCombat|||M|||50|,,,,,Grass]Archaludon||AssaultVest|Stamina|BodyPress,FlashCannon,ElectroShot,DracoMeteor|||F|||50|,,,,,Water]Ursaluna-Bloodmoon||LifeOrb|MindsEye|EarthPower,BloodMoon,HyperVoice,Protect|||M|||50|,,,,,Normal]Whimsicott||FocusSash|Prankster|Moonblast,BeatUp,Tailwind,Taunt|||M|||50|,,,,,Ghost]Basculegion||ChoiceBand|SwiftSwim|WaveCrash,FlipTurn,LastRespects,AquaJet|||M|||50|,,,,,Water]Pelipper||CovertCloak|Drizzle|WeatherBall,Hurricane,Tailwind,Protect|||M|||50|,,,,,Ground
|showteam|p2|Kommo-o||ThroatSpray|Soundproof|Protect,ClangorousSoul,ClangingScales,Flamethrower|||F|||50|,,,,,Fire]Farigiraf||SitrusBerry|ArmorTail|Protect,TrickRoom,Psychic,AllySwitch|||M|||50|,,,,,Grass]Annihilape||SafetyGoggles|Defiant|Protect,RageFist,DrainPunch,BulkUp|||M|||50|,,,,,Water]Rillaboom||AssaultVest|GrassySurge|FakeOut,GrassyGlide,WoodHammer,Uturn|||M|||50|,,,,,Grass]Ursaluna-Bloodmoon||LifeOrb|MindsEye|Protect,BloodMoon,HyperVoice,EarthPower|||M|||50|,,,,,Normal]Talonflame||CovertCloak|GaleWings|Tailwind,DualWingbeat,Taunt,QuickGuard|||F|||50|,,,,,Flying
|inactive|Battle timer is ON: inactive players will automatically lose when time's up. (requested by nathonline)
|inactive|azuredreamer vg also wants the timer to be on.
|inactive|azuredreamer vg has 60 seconds left.
|inactive|nathonline has 60 seconds left.
|
|t:|1756258153
|teamsize|p1|4
|teamsize|p2|4
|start
|switch|p1a: Archaludon|Archaludon, L50, F, shiny|100/100
|switch|p1b: Whimsicott|Whimsicott, L50, M|100/100
|switch|p2a: Talonflame|Talonflame, L50, F|100/100
|switch|p2b: Rillaboom|Rillaboom, L50, M|100/100
|-fieldstart|move: Grassy Terrain|[from] ability: Grassy Surge|[of] p2b: Rillaboom
|turn|1
|inactive|nathonline has 30 seconds left.
|inactive|nathonline has 20 seconds left.
|
|t:|1756258192
|switch|p1b: Pelipper|Pelipper, L50, M|100/100
|-weather|RainDance|[from] ability: Drizzle|[of] p1b: Pelipper
|switch|p2b: Annihilape|Annihilape, L50, M|100/100
|move|p2a: Talonflame|Dual Wingbeat|p1b: Pelipper
|-crit|p1b: Pelipper
|-damage|p1b: Pelipper|72/100
|-damage|p1b: Pelipper|49/100
|-hitcount|p1b: Pelipper|2
|move|p1a: Archaludon|Electro Shot||[still]
|-prepare|p1a: Archaludon|Electro Shot
|-boost|p1a: Archaludon|spa|1
|-anim|p1a: Archaludon|Electro Shot|p2a: Talonflame
|-supereffective|p2a: Talonflame
|-damage|p2a: Talonflame|0 fnt
|faint|p2a: Talonflame
|
|-weather|RainDance|[upkeep]
|upkeep
|
|t:|1756258213
|switch|p2a: Rillaboom|Rillaboom, L50, M|100/100
|turn|2
|inactive|azuredreamer vg has 30 seconds left.
|
|t:|1756258244
|switch|p1b: Whimsicott|Whimsicott, L50, M|100/100
|move|p2b: Annihilape|Drain Punch|p1a: Archaludon
|-supereffective|p1a: Archaludon
|-damage|p1a: Archaludon|39/100
|-ability|p1a: Archaludon|Stamina|boost
|-boost|p1a: Archaludon|def|1
|move|p1a: Archaludon|Electro Shot||[still]
|-prepare|p1a: Archaludon|Electro Shot
|-boost|p1a: Archaludon|spa|1
|-anim|p1a: Archaludon|Electro Shot|p2b: Annihilape
|-damage|p2b: Annihilape|14/100
|move|p2a: Rillaboom|Wood Hammer|p1b: Whimsicott
|-resisted|p1b: Whimsicott
|-damage|p1b: Whimsicott|48/100
|-damage|p2a: Rillaboom|89/100|[from] Recoil
|
|-weather|RainDance|[upkeep]
|-heal|p1b: Whimsicott|54/100|[from] Grassy Terrain
|-heal|p2b: Annihilape|20/100|[from] Grassy Terrain
|-heal|p1a: Archaludon|45/100|[from] Grassy Terrain
|-heal|p2a: Rillaboom|95/100|[from] Grassy Terrain
|upkeep
|turn|3
|inactive|azuredreamer vg has 30 seconds left.
|inactive|nathonline has 30 seconds left.
|inactive|azuredreamer vg has 20 seconds left.
|inactive|nathonline has 20 seconds left.
|inactive|azuredreamer vg has 15 seconds left.
|inactive|nathonline has 15 seconds left.
|inactive|azuredreamer vg has 10 seconds left.
|inactive|nathonline has 10 seconds left.
|inactive|azuredreamer vg has 5 seconds left.
|inactive|nathonline has 5 seconds left.
|
|t:|1756258297
|switch|p2a: Ursaluna|Ursaluna-Bloodmoon, L50, M|100/100
|move|p2b: Annihilape|Protect|p2b: Annihilape
|-singleturn|p2b: Annihilape|Protect
|move|p1b: Whimsicott|Tailwind|p1b: Whimsicott
|-sidestart|p1: azuredreamer vg|move: Tailwind
|move|p1a: Archaludon|Electro Shot||[still]
|-prepare|p1a: Archaludon|Electro Shot
|-boost|p1a: Archaludon|spa|1
|-anim|p1a: Archaludon|Electro Shot|p2b: Annihilape
|-activate|p2b: Annihilape|move: Protect
|
|-weather|RainDance|[upkeep]
|-heal|p1b: Whimsicott|60/100|[from] Grassy Terrain
|-heal|p1a: Archaludon|51/100|[from] Grassy Terrain
|-heal|p2b: Annihilape|26/100|[from] Grassy Terrain
|upkeep
|turn|4
|inactive|azuredreamer vg has 30 seconds left.
|inactive|nathonline has 30 seconds left.
|
|t:|1756258324
|switch|p2b: Rillaboom|Rillaboom, L50, M|95/100
|move|p2a: Ursaluna|Protect|p2a: Ursaluna
|-singleturn|p2a: Ursaluna|Protect
|move|p1b: Whimsicott|Moonblast|p2b: Rillaboom
|-damage|p2b: Rillaboom|73/100
|move|p1a: Archaludon|Flash Cannon|p2a: Ursaluna
|-activate|p2a: Ursaluna|move: Protect
|
|-weather|RainDance|[upkeep]
|-heal|p1b: Whimsicott|66/100|[from] Grassy Terrain
|-heal|p1a: Archaludon|57/100|[from] Grassy Terrain
|-heal|p2b: Rillaboom|79/100|[from] Grassy Terrain
|upkeep
|turn|5
|inactive|azuredreamer vg has 30 seconds left.
|inactive|azuredreamer vg has 20 seconds left.
|
|t:|1756258361
|move|p2b: Rillaboom|Fake Out|p1a: Archaludon
|-resisted|p1a: Archaludon
|-damage|p1a: Archaludon|54/100
|-ability|p1a: Archaludon|Stamina|boost
|-boost|p1a: Archaludon|def|1
|move|p1b: Whimsicott|Moonblast|p2a: Ursaluna
|-damage|p2a: Ursaluna|63/100
|cant|p1a: Archaludon|flinch
|move|p2a: Ursaluna|Earth Power|p1a: Archaludon
|-supereffective|p1a: Archaludon
|-damage|p1a: Archaludon|0 fnt
|faint|p1a: Archaludon
|-damage|p2a: Ursaluna|53/100|[from] item: Life Orb
|
|-weather|none
|-heal|p1b: Whimsicott|72/100|[from] Grassy Terrain
|-heal|p2b: Rillaboom|84/100|[from] Grassy Terrain
|-heal|p2a: Ursaluna|59/100|[from] Grassy Terrain
|-fieldend|move: Grassy Terrain
|upkeep
|
|t:|1756258369
|switch|p1a: Basculegion|Basculegion, L50, M|100/100
|turn|6
|inactive|azuredreamer vg has 30 seconds left.
|inactive|nathonline has 30 seconds left.
|inactive|azuredreamer vg has 20 seconds left.
|inactive|azuredreamer vg has 15 seconds left.
|
|t:|1756258410
|switch|p2b: Annihilape|Annihilape, L50, M|26/100
|move|p2a: Ursaluna|Protect|p2a: Ursaluna
|-singleturn|p2a: Ursaluna|Protect
|move|p1b: Whimsicott|Moonblast|p2b: Annihilape
|-supereffective|p2b: Annihilape
|-damage|p2b: Annihilape|0 fnt
|faint|p2b: Annihilape
|move|p1a: Basculegion|Last Respects|p2a: Ursaluna
|-activate|p2a: Ursaluna|move: Protect
|
|-sideend|p1: azuredreamer vg|move: Tailwind
|upkeep
|
|t:|1756258421
|switch|p2b: Rillaboom|Rillaboom, L50, M|84/100
|-fieldstart|move: Grassy Terrain|[from] ability: Grassy Surge|[of] p2b: Rillaboom
|turn|7
|inactive|nathonline has 30 seconds left.
|
|t:|1756258449
|switch|p1a: Pelipper|Pelipper, L50, M|49/100
|-weather|RainDance|[from] ability: Drizzle|[of] p1a: Pelipper
|-terastallize|p2b: Rillaboom|Grass
|move|p2b: Rillaboom|Grassy Glide|p1a: Pelipper
|-damage|p1a: Pelipper|0 fnt
|faint|p1a: Pelipper
|move|p1b: Whimsicott|Moonblast|p2a: Ursaluna
|-damage|p2a: Ursaluna|18/100
|move|p2a: Ursaluna|Hyper Voice|p1b: Whimsicott
|-damage|p1b: Whimsicott|0 fnt
|faint|p1b: Whimsicott
|-damage|p2a: Ursaluna|8/100|[from] item: Life Orb
|
|-weather|RainDance|[upkeep]
|-heal|p2b: Rillaboom|90/100|[from] Grassy Terrain
|-heal|p2a: Ursaluna|14/100|[from] Grassy Terrain
|upkeep
|
|t:|1756258460
|switch|p1a: Basculegion|Basculegion, L50, M|100/100
|turn|8
|-message|azuredreamer vg forfeited.
|
|win|nathonline
||nathonline is ready for game 2.
