|j|☆henr220410
|j|☆FunkleVGC
|html|henr220410FunkleVGC    
|uhtml|bestof|Game 1 of a best-of-3
|t:|1784300963
|gametype|doubles
|player|p1|henr220410|blue|1000
|player|p2|FunkleVGC|fisherman-gen4|1063
|gen|9
|tier|[Gen 9 Champions] VGC 2026 Reg M-B (Bo3)
|rated|
|rule|Species Clause: Limit one of each Pokémon
|rule|Item Clause: Limit 1 of each item
|clearpoke
|poke|p1|Swampert, L50, M|
|poke|p1|Annihilape, L50, F|
|poke|p1|Corviknight, L50, F|
|poke|p1|Armarouge, L50, M|
|poke|p1|Farigiraf, L50, F|
|poke|p1|Eelektross, L50, F|
|poke|p2|Froslass, L50, F, shiny|
|poke|p2|Scovillain, L50, M, shiny|
|poke|p2|Lycanroc-Dusk, L50, M, shiny|
|poke|p2|Kingambit, L50, F, shiny|
|poke|p2|Basculegion, L50, M, shiny|
|poke|p2|Sneasler, L50, M, shiny|
|teampreview|4
|showteam|p1|Swampert||Swampertite|Damp|WaveCrash,Earthquake,Protect,IcePunch|Adamant||M|||50|]Annihilape||Leftovers|Defiant|BulkUp,DrainPunch,RageFist,Taunt|Careful||F|||50|]Corviknight||OccaBerry|Pressure|IronDefense,BodyPress,Roost,BraveBird|Impish||F|||50|]Armarouge||FocusSash|WeakArmor|ExpandingForce,PsychicTerrain,Protect,ArmorCannon|Quiet||M|||50|]Farigiraf||SitrusBerry|ArmorTail|TrickRoom,ExpandingForce,Thunderbolt,Protect|Bold||F|||50|]Eelektross||Eelektrossite|Levitate|Thunderbolt,Flamethrower,GrassKnot,Protect|Quiet||F|||50|
|showteam|p2|Froslass||Froslassite|CursedBody|Blizzard,ShadowBall,AuroraVeil,Protect|Modest||F|||50|]Scovillain||Scovillainite|Moody|Flamethrower,GigaDrain,RagePowder,Protect|Bold||M|||50|]Lycanroc-Dusk||FocusSash|ToughClaws|RockSlide,CloseCombat,Accelerock,Protect|Adamant||M|||50|]Kingambit||LifeOrb|Defiant|KowtowCleave,SuckerPunch,SwordsDance,Protect|Adamant||F|||50|]Basculegion||SitrusBerry|Adaptability|WaveCrash,LastRespects,AquaJet,Protect|Adamant||M|||50|]Sneasler||WhiteHerb|Unburden|GunkShot,CloseCombat,FakeOut,Protect|Adamant||M|||50|
|inactive|Battle timer is ON: inactive players will automatically lose when time's up. (requested by henr220410)
|inactive|FunkleVGC has 60 seconds left.
|
|t:|1784301001
|teamsize|p1|4
|teamsize|p2|4
|start
|switch|p1a: Farigiraf|Farigiraf, L50, F|100/100
|switch|p1b: Armarouge|Armarouge, L50, M|100/100
|switch|p2a: Basculegion|Basculegion, L50, M, shiny|100/100
|switch|p2b: Sneasler|Sneasler, L50, M, shiny|100/100
|turn|1
|
|t:|1784301025
|switch|p2b: Kingambit|Kingambit, L50, F, shiny|100/100
|move|p2a: Basculegion|Wave Crash|p1b: Armarouge
|-supereffective|p1b: Armarouge|1
|-enditem|p1b: Armarouge|Focus Sash
|-damage|p1b: Armarouge|1/100
|-ability|p1b: Armarouge|Weak Armor|boost
|-unboost|p1b: Armarouge|def|1
|-boost|p1b: Armarouge|spe|2
|-damage|p2a: Basculegion|76/100|[from] Recoil
|move|p1b: Armarouge|Psychic Terrain|p1b: Armarouge
|-fieldstart|move: Psychic Terrain
|move|p1a: Farigiraf|Trick Room|p1a: Farigiraf
|-fieldstart|move: Trick Room|[of] p1a: Farigiraf
|
|upkeep
|turn|2
|inactive|henr220410 has 30 seconds left.
|inactive|FunkleVGC has 30 seconds left.
|inactive|henr220410 has 20 seconds left.
|inactive|FunkleVGC has 20 seconds left.
|
|t:|1784301063
|switch|p1b: Annihilape|Annihilape, L50, F|100/100
|move|p2b: Kingambit|Kowtow Cleave|p1a: Farigiraf
|-supereffective|p1a: Farigiraf|1
|-damage|p1a: Farigiraf|0 fnt
|faint|p1a: Farigiraf
|-damage|p2b: Kingambit|90/100|[from] item: Life Orb
|move|p2a: Basculegion|Wave Crash|p1b: Annihilape
|-damage|p1b: Annihilape|29/100
|-damage|p2a: Basculegion|54/100|[from] Recoil
|
|-heal|p1b: Annihilape|35/100|[from] item: Leftovers
|upkeep
|
|t:|1784301076
|switch|p1a: Eelektross|Eelektross, L50, F|100/100
|turn|3
|
|t:|1784301093
|detailschange|p1a: Eelektross|Eelektross-Mega, L50, F
|-mega|p1a: Eelektross|Eelektross|Eelektrossite
|move|p2b: Kingambit|Protect|p2b: Kingambit
|-singleturn|p2b: Kingambit|Protect
|move|p1a: Eelektross|Thunderbolt|p2a: Basculegion
|-supereffective|p2a: Basculegion|1
|-damage|p2a: Basculegion|0 fnt
|faint|p2a: Basculegion
|-ability|p1a: Eelektross|Eelevate|boost
|-boost|p1a: Eelektross|spa|1
|move|p1b: Annihilape|Bulk Up|p1b: Annihilape
|-boost|p1b: Annihilape|atk|1
|-boost|p1b: Annihilape|def|1
|
|-heal|p1b: Annihilape|41/100|[from] item: Leftovers
|upkeep
|
|t:|1784301107
|switch|p2a: Sneasler|Sneasler, L50, M, shiny|100/100
|turn|4
|
|t:|1784301114
|move|p2a: Sneasler|Fake Out|p1a: Eelektross
|-hint|Psychic Terrain doesn't affect airborne Pokémon.
|-damage|p1a: Eelektross|84/100
|move|p2b: Kingambit|Sucker Punch|p1b: Annihilape
|-activate|p1b: Annihilape|move: Psychic Terrain
|cant|p1a: Eelektross|flinch
|move|p1b: Annihilape|Drain Punch|p2b: Kingambit
|-supereffective|p2b: Kingambit|2
|-damage|p2b: Kingambit|0 fnt
|-heal|p1b: Annihilape|84/100|[from] drain|[of] p2b: Kingambit
|faint|p2b: Kingambit
|
|-heal|p1b: Annihilape|90/100|[from] item: Leftovers
|upkeep
|
|t:|1784301127
|switch|p2b: Froslass|Froslass, L50, F, shiny|100/100
|turn|5
|
|t:|1784301138
|move|p2b: Froslass|Protect|p2b: Froslass
|-singleturn|p2b: Froslass|Protect
|move|p1a: Eelektross|Flamethrower|p2b: Froslass
|-activate|p2b: Froslass|move: Protect
|move|p1b: Annihilape|Rage Fist|p2a: Sneasler
|-damage|p2a: Sneasler|33/100
|move|p2a: Sneasler|Gunk Shot|p1b: Annihilape
|-resisted|p1b: Annihilape|1
|-damage|p1b: Annihilape|70/100
|
|-heal|p1b: Annihilape|76/100|[from] item: Leftovers
|-fieldend|move: Trick Room
|-fieldend|move: Psychic Terrain
|upkeep
|turn|6
|
|t:|1784301158
|detailschange|p2b: Froslass|Froslass-Mega, L50, F, shiny
|-mega|p2b: Froslass|Froslass|Froslassite
|-weather|Snowscape|[from] ability: Snow Warning|[of] p2b: Froslass
|move|p2b: Froslass|Shadow Ball|p1b: Annihilape
|-supereffective|p1b: Annihilape|1
|-damage|p1b: Annihilape|21/100
|move|p2a: Sneasler|Close Combat|p1a: Eelektross
|-damage|p1a: Eelektross|20/100y
|-unboost|p2a: Sneasler|def|1
|-unboost|p2a: Sneasler|spd|1
|-enditem|p2a: Sneasler|White Herb
|-clearnegativeboost|p2a: Sneasler|[silent]
|move|p1b: Annihilape|Rage Fist|p2a: Sneasler
|-damage|p2a: Sneasler|0 fnt
|faint|p2a: Sneasler
|move|p1a: Eelektross|Flamethrower|p2b: Froslass
|-supereffective|p2b: Froslass|1
|-damage|p2b: Froslass|0 fnt
|faint|p2b: Froslass
|
|win|henr220410
