|j|☆ming0mang0
|j|☆megacsc
|html|ming0mang0megacsc    
|uhtml|bestof|Game 1 of a best-of-3
|t:|1756160003
|gametype|doubles
|player|p1|ming0mang0|harlequin|1045
|player|p2|megacsc|n|1131
|gen|9
|tier|[Gen 9] VGC 2025 Reg H (Bo3)
|rated|
|rule|Species Clause: Limit one of each Pokémon
|rule|Item Clause: Limit 1 of each item
|clearpoke
|poke|p1|Gholdengo, L50|
|poke|p1|Pelipper, L50, M|
|poke|p1|Greninja-*, L50, F|
|poke|p1|Basculegion, L50, M|
|poke|p1|Amoonguss, L50, F|
|poke|p1|Archaludon, L50, F|
|poke|p2|Whimsicott, L50, M|
|poke|p2|Garchomp, L50, M|
|poke|p2|Gholdengo, L50|
|poke|p2|Incineroar, L50, M|
|poke|p2|Sneasler, L50, F|
|poke|p2|Dragonite, L50, M|
|teampreview|4
|showteam|p1|Gholdengo||LifeOrb|GoodasGold|ShadowBall,MakeItRain,NastyPlot,Protect||||||50|,,,,,Water]Pelipper||FocusSash|Drizzle|Hurricane,WeatherBall,Tailwind,Protect|||M|||50|,,,,,Steel]Greninja||LoadedDice|Torrent|DarkPulse,WaterShuriken,Taunt,Protect|||F|||50|,,,,,Ghost]Basculegion||ChoiceBand|SwiftSwim|WaveCrash,AquaJet,LastRespects,FlipTurn|||M|||50|,,,,,Water]Amoonguss||SitrusBerry|Regenerator|PollenPuff,Spore,RagePowder,Protect|||F|||50|,,,,,Fire]Archaludon||AssaultVest|Stamina|DracoMeteor,FlashCannon,ElectroShot,BodyPress|||F|||50|,,,,,Bug
|showteam|p2|Whimsicott||CovertCloak|Prankster|Moonblast,Tailwind,Encore,Protect|||M|||50|,,,,,Ghost]Garchomp||LifeOrb|RoughSkin|Earthquake,DragonClaw,StompingTantrum,Protect|||M|||50|,,,,,Ground]Gholdengo||ChoiceSpecs|GoodasGold|MakeItRain,ShadowBall,Trick,Thunderbolt||||||50|,,,,,Steel]Incineroar||AssaultVest|Intimidate|FakeOut,FlareBlitz,KnockOff,Uturn|||M|||50|,,,,,Grass]Sneasler||FocusSash|Unburden|FakeOut,DireClaw,CloseCombat,Protect|||F|||50|,,,,,Stellar]Dragonite||ChoiceBand|InnerFocus|ExtremeSpeed,Outrage,IceSpinner,StompingTantrum|||M|||50|,,,,,Normal
|inactive|Battle timer is ON: inactive players will automatically lose when time's up. (requested by megacsc)
|inactive|ming0mang0 has 60 seconds left.
|
|t:|1756160077
|teamsize|p1|4
|teamsize|p2|4
|start
|switch|p1a: Pelipper|Pelipper, L50, M|100/100
|switch|p1b: Basculegion|Basculegion, L50, M|100/100
|switch|p2a: Gholdengo|Gholdengo, L50|100/100
|switch|p2b: Whimsicott|Whimsicott, L50, M|100/100
|-weather|RainDance|[from] ability: Drizzle|[of] p1a: Pelipper
|turn|1
|inactive|ming0mang0 has 30 seconds left.
|inactive|ming0mang0 has 20 seconds left.
|inactive|ming0mang0 has 15 seconds left.
|inactive|ming0mang0 has 10 seconds left.
|
|t:|1756160125
|switch|p1b: Amoonguss|Amoonguss, L50, F, shiny|100/100
|move|p2b: Whimsicott|Tailwind|p2b: Whimsicott
|-sidestart|p2: megacsc|move: Tailwind
|move|p2a: Gholdengo|Thunderbolt|p1b: Amoonguss
|-resisted|p1b: Amoonguss
|-damage|p1b: Amoonguss|79/100
|move|p1a: Pelipper|Hurricane|p2b: Whimsicott
|-supereffective|p2b: Whimsicott
|-damage|p2b: Whimsicott|0 fnt
|faint|p2b: Whimsicott
|
|-weather|RainDance|[upkeep]
|upkeep
|
|t:|1756160143
|switch|p2b: Sneasler|Sneasler, L50, F|100/100
|turn|2
|inactive|ming0mang0 has 30 seconds left.
|
|t:|1756160171
|move|p1a: Pelipper|Protect|p1a: Pelipper
|-singleturn|p1a: Pelipper|Protect
|move|p2b: Sneasler|Fake Out|p1b: Amoonguss
|-damage|p1b: Amoonguss|67/100
|move|p2a: Gholdengo|Thunderbolt|p1a: Pelipper
|-activate|p1a: Pelipper|move: Protect
|cant|p1b: Amoonguss|flinch
|
|-weather|RainDance|[upkeep]
|upkeep
|turn|3
|
|t:|1756160192
|move|p1b: Amoonguss|Rage Powder|p1b: Amoonguss
|-singleturn|p1b: Amoonguss|move: Rage Powder
|move|p2b: Sneasler|Dire Claw|p1b: Amoonguss
|-damage|p1b: Amoonguss|35/100
|-status|p1b: Amoonguss|par
|-enditem|p1b: Amoonguss|Sitrus Berry|[eat]
|-heal|p1b: Amoonguss|60/100 par|[from] item: Sitrus Berry
|move|p2a: Gholdengo|Thunderbolt|p1b: Amoonguss
|-resisted|p1b: Amoonguss
|-damage|p1b: Amoonguss|40/100 par
|move|p1a: Pelipper|Tailwind|p1a: Pelipper
|-sidestart|p1: ming0mang0|move: Tailwind
|
|-weather|RainDance|[upkeep]
|upkeep
|turn|4
|inactive|ming0mang0 has 30 seconds left.
|inactive|ming0mang0 has 20 seconds left.
|inactive|ming0mang0 has 15 seconds left.
|inactive|ming0mang0 has 10 seconds left.
|inactive|ming0mang0 has 5 seconds left.
|
|t:|1756160247
|move|p2b: Sneasler|Dire Claw|p1b: Amoonguss
|-damage|p1b: Amoonguss|4/100 par
|move|p2a: Gholdengo|Thunderbolt|p1a: Pelipper
|-supereffective|p1a: Pelipper
|-enditem|p1a: Pelipper|Focus Sash
|-damage|p1a: Pelipper|1/100
|move|p1a: Pelipper|Hurricane|p2a: Gholdengo
|-resisted|p2a: Gholdengo
|-damage|p2a: Gholdengo|72/100
|move|p1b: Amoonguss|Pollen Puff|p2b: Sneasler
|-resisted|p2b: Sneasler
|-damage|p2b: Sneasler|94/100
|
|-weather|RainDance|[upkeep]
|-sideend|p2: megacsc|move: Tailwind
|upkeep
|turn|5
|inactive|megacsc has 30 seconds left.
|
|t:|1756160280
|cant|p1b: Amoonguss|par
|move|p1a: Pelipper|Hurricane|p2b: Sneasler
|-supereffective|p2b: Sneasler
|-damage|p2b: Sneasler|0 fnt
|faint|p2b: Sneasler
|move|p2a: Gholdengo|Thunderbolt|p1b: Amoonguss
|-resisted|p1b: Amoonguss
|-damage|p1b: Amoonguss|0 fnt
|faint|p1b: Amoonguss
|
|-weather|none
|upkeep
|
|t:|1756160296
|switch|p2b: Garchomp|Garchomp, L50, M|100/100
|switch|p1b: Basculegion|Basculegion, L50, M|100/100
|turn|6
|inactive|ming0mang0 has 30 seconds left.
|inactive|ming0mang0 has 20 seconds left.
|inactive|ming0mang0 has 15 seconds left.
|inactive|ming0mang0 has 10 seconds left.
|
|t:|1756160345
|move|p1b: Basculegion|Last Respects|p2a: Gholdengo
|-supereffective|p2a: Gholdengo
|-damage|p2a: Gholdengo|0 fnt
|faint|p2a: Gholdengo
|move|p1a: Pelipper|Hurricane|p2b: Garchomp
|-damage|p2b: Garchomp|51/100
|move|p2b: Garchomp|Dragon Claw|p1a: Pelipper
|-damage|p1a: Pelipper|0 fnt
|faint|p1a: Pelipper
|-damage|p2b: Garchomp|41/100|[from] item: Life Orb
|
|-sideend|p1: ming0mang0|move: Tailwind
|upkeep
|
|t:|1756160358
|switch|p1a: Archaludon|Archaludon, L50, F|100/100
|turn|7
|
|t:|1756160371
|-terastallize|p2b: Garchomp|Ground
|-terastallize|p1a: Archaludon|Bug
|move|p2b: Garchomp|Earthquake|p1b: Basculegion|[spread] p1a,p1b
|-resisted|p1a: Archaludon
|-damage|p1a: Archaludon|76/100
|-damage|p1b: Basculegion|14/100
|-ability|p1a: Archaludon|Stamina|boost
|-boost|p1a: Archaludon|def|1
|-damage|p2b: Garchomp|32/100|[from] item: Life Orb
|move|p1b: Basculegion|Last Respects|p2b: Garchomp
|-damage|p2b: Garchomp|0 fnt
|faint|p2b: Garchomp
|
|win|ming0mang0
||megacsc is ready for game 2.
|inactive|ming0mang0 has 30 seconds to confirm battle start!
||ming0mang0 is ready for game 2.
|uhtml|next|Next: Game 2 of 3
