|j|☆ill.busx
|j|☆Snivii
|html|ill.busxSnivii    
|uhtml|bestof|Game 3 of a best-of-3
|t:|1783633161
|gametype|doubles
|player|p1|ill.busx|265|1137
|player|p2|Snivii|2|1091
|gen|9
|tier|[Gen 9 Champions] VGC 2026 Reg M-B (Bo3)
|rated|
|rule|Species Clause: Limit one of each Pokémon
|rule|Item Clause: Limit 1 of each item
|clearpoke
|poke|p1|Kangaskhan, L50, F|
|poke|p1|Sinistcha, L50|
|poke|p1|Aerodactyl, L50, F|
|poke|p1|Incineroar, L50, M|
|poke|p1|Gengar, L50, M, shiny|
|poke|p1|Ninetales-Alola, L50, F|
|poke|p2|Serperior, L50, M|
|poke|p2|Grimmsnarl, L50, M|
|poke|p2|Staraptor, L50, F|
|poke|p2|Incineroar, L50, F|
|poke|p2|Whimsicott, L50, F|
|poke|p2|Charizard, L50, F|
|teampreview|4
|showteam|p1|Kangaskhan||Kangaskhanite|InnerFocus|Protect,FakeOut,SuckerPunch,DrainPunch|Adamant||F|||50|]Sinistcha||SitrusBerry|Hospitality|Protect,RagePowder,MatchaGotcha,LifeDew|Relaxed|||||50|]Aerodactyl||FocusSash|Unnerve|Protect,Tailwind,DualWingbeat,RockSlide|Jolly||F|||50|]Incineroar||ChopleBerry|Intimidate|Protect,FakeOut,PartingShot,ThroatChop|Relaxed||M|||50|]Gengar||Gengarite|CursedBody|Protect,PerishSong,Disable,ShadowBall|Timid||M|||50|]Ninetales-Alola||NeverMeltIce|SnowWarning|Protect,Moonblast,Blizzard,Encore|Timid||F|||50|
|showteam|p2|Serperior||WideLens|Contrary|LeafStorm,Glare,Protect,GastroAcid|Timid||M|||50|]Grimmsnarl||LightClay|Prankster|SpiritBreak,LightScreen,Reflect,PartingShot|Careful||M|||50|]Staraptor||Staraptite|Intimidate|BraveBird,CloseCombat,Roost,Protect|Jolly||F|||50|]Incineroar||SitrusBerry|Intimidate|FlareBlitz,DarkestLariat,FakeOut,PartingShot|Adamant||F|||50|]Whimsicott||FocusSash|Prankster|Moonblast,Charm,Encore,Tailwind|Timid||F|||50|]Charizard||CharizarditeY|SolarPower|HeatWave,AncientPower,WeatherBall,Protect|Timid||F|||50|
|
|t:|1783633222
|teamsize|p1|4
|teamsize|p2|4
|start
|switch|p1a: Ninetales|Ninetales-Alola, L50, F|100/100
|switch|p1b: Kangaskhan|Kangaskhan, L50, F|100/100
|switch|p2a: Grimmsnarl|Grimmsnarl, L50, M|100/100
|switch|p2b: Serperior|Serperior, L50, M|100/100
|-weather|Snowscape|[from] ability: Snow Warning|[of] p1a: Ninetales
|turn|1
|
|t:|1783633247
|move|p1b: Kangaskhan|Fake Out|p2b: Serperior
|-damage|p2b: Serperior|78/100
|move|p2a: Grimmsnarl|Light Screen|p2a: Grimmsnarl
|-sidestart|p2: Snivii|move: Light Screen
|cant|p2b: Serperior|flinch
|move|p1a: Ninetales|Moonblast|p2a: Grimmsnarl
|-supereffective|p2a: Grimmsnarl|1
|-damage|p2a: Grimmsnarl|59/100
|
|-weather|Snowscape|[upkeep]
|upkeep
|turn|2
|
|t:|1783633302
|move|p2a: Grimmsnarl|Reflect|p2a: Grimmsnarl
|-sidestart|p2: Snivii|Reflect
|move|p2b: Serperior|Leaf Storm|p1a: Ninetales
|-damage|p1a: Ninetales|65/100
|-boost|p2b: Serperior|spa|2
|move|p1a: Ninetales|Blizzard|p2a: Grimmsnarl|[spread] p2a,p2b
|-supereffective|p2b: Serperior|1
|-damage|p2a: Grimmsnarl|40/100
|-damage|p2b: Serperior|33/100
|move|p1b: Kangaskhan|Drain Punch|p2b: Serperior
|-damage|p2b: Serperior|17/100
|
|-weather|Snowscape|[upkeep]
|upkeep
|turn|3
|
|t:|1783633345
|move|p1b: Kangaskhan|Sucker Punch||[still]
|-fail|p1b: Kangaskhan
|move|p2b: Serperior|Glare|p1a: Ninetales
|-status|p1a: Ninetales|par
|move|p2a: Grimmsnarl|Spirit Break|p1b: Kangaskhan
|-damage|p1b: Kangaskhan|69/100
|-unboost|p1b: Kangaskhan|spa|1
|move|p1a: Ninetales|Moonblast|p2a: Grimmsnarl
|-supereffective|p2a: Grimmsnarl|1
|-damage|p2a: Grimmsnarl|4/100
|
|-weather|Snowscape|[upkeep]
|upkeep
|turn|4
|
|t:|1783633370
|move|p1b: Kangaskhan|Sucker Punch||[still]
|-fail|p1b: Kangaskhan
|move|p2a: Grimmsnarl|Parting Shot|p1a: Ninetales
|-unboost|p1a: Ninetales|atk|1
|-unboost|p1a: Ninetales|spa|1
|
|t:|1783633375
|switch|p2a: Incineroar|Incineroar, L50, F|100/100|[from] Parting Shot
|-ability|p2a: Incineroar|Intimidate|boost
|-unboost|p1a: Ninetales|atk|1
|-fail|p1b: Kangaskhan|unboost|Attack|[from] ability: Inner Focus|[of] p1b: Kangaskhan
|move|p2b: Serperior|Glare|p1b: Kangaskhan
|-status|p1b: Kangaskhan|par
|move|p1a: Ninetales|Blizzard|p2a: Incineroar|[spread] p2a,p2b
|-resisted|p2a: Incineroar|1
|-supereffective|p2b: Serperior|1
|-damage|p2a: Incineroar|93/100
|-damage|p2b: Serperior|0 fnt
|faint|p2b: Serperior
|
|-weather|Snowscape|[upkeep]
|upkeep
|
|t:|1783633387
|switch|p2b: Staraptor|Staraptor, L50, F|100/100
|-ability|p2b: Staraptor|Intimidate|boost
|-unboost|p1a: Ninetales|atk|1
|-fail|p1b: Kangaskhan|unboost|Attack|[from] ability: Inner Focus|[of] p1b: Kangaskhan
|turn|5
|
|t:|1783633468
|switch|p1a: Gengar|Gengar, L50, M, shiny|100/100
|detailschange|p2b: Staraptor|Staraptor-Mega, L50, F
|-mega|p2b: Staraptor|Staraptor|Staraptite
|move|p2b: Staraptor|Close Combat|p1b: Kangaskhan
|-supereffective|p1b: Kangaskhan|1
|-damage|p1b: Kangaskhan|0 fnt
|-boost|p2b: Staraptor|def|1
|-boost|p2b: Staraptor|spd|1
|faint|p1b: Kangaskhan
|move|p2a: Incineroar|Parting Shot|p2b: Staraptor
|-boost|p2b: Staraptor|atk|1
|-boost|p2b: Staraptor|spa|1
|
|t:|1783633488
|switch|p2a: Grimmsnarl|Grimmsnarl, L50, M|4/100|[from] Parting Shot
|
|-weather|none
|upkeep
|
|t:|1783633541
|switch|p1b: Ninetales|Ninetales-Alola, L50, F|65/100 par
|-weather|Snowscape|[from] ability: Snow Warning|[of] p1b: Ninetales
|turn|6
|
|t:|1783633549
|detailschange|p1a: Gengar|Gengar-Mega, L50, M, shiny
|-mega|p1a: Gengar|Gengar|Gengarite
|move|p2a: Grimmsnarl|Parting Shot|p2b: Staraptor
|-boost|p2b: Staraptor|atk|1
|-boost|p2b: Staraptor|spa|1
|
|t:|1783633553
|switch|p2a: Incineroar|Incineroar, L50, F|93/100|[from] Parting Shot
|-ability|p2a: Incineroar|Intimidate|boost
|-unboost|p1a: Gengar|atk|1
|-unboost|p1b: Ninetales|atk|1
|move|p1a: Gengar|Perish Song|p1a: Gengar
|-start|p1a: Gengar|perish3|[silent]
|-start|p1b: Ninetales|perish3|[silent]
|-start|p2a: Incineroar|perish3|[silent]
|-start|p2b: Staraptor|perish3|[silent]
|-fieldactivate|move: Perish Song
|move|p2b: Staraptor|Close Combat|p1b: Ninetales
|-damage|p1b: Ninetales|0 fnt
|-boost|p2b: Staraptor|def|1
|-boost|p2b: Staraptor|spd|1
|faint|p1b: Ninetales
|
|-weather|Snowscape|[upkeep]
|-start|p1a: Gengar|perish3
|-start|p2b: Staraptor|perish3
|-start|p2a: Incineroar|perish3
|upkeep
|
|t:|1783633566
|switch|p1b: Aerodactyl|Aerodactyl, L50, F|100/100
|-ability|p1b: Aerodactyl|Unnerve
|turn|7
|
|t:|1783633585
|move|p1a: Gengar|Protect|p1a: Gengar
|-singleturn|p1a: Gengar|Protect
|move|p1b: Aerodactyl|Rock Slide|p2a: Incineroar|[spread] p2a,p2b
|-supereffective|p2a: Incineroar|1
|-damage|p2a: Incineroar|59/100
|-damage|p2b: Staraptor|91/100
|move|p2b: Staraptor|Close Combat|p1b: Aerodactyl
|-enditem|p1b: Aerodactyl|Focus Sash
|-damage|p1b: Aerodactyl|1/100
|-boost|p2b: Staraptor|def|1
|-boost|p2b: Staraptor|spd|1
|move|p2a: Incineroar|Parting Shot|p2b: Staraptor
|-boost|p2b: Staraptor|atk|1
|-boost|p2b: Staraptor|spa|1
|
|t:|1783633598
|switch|p2a: Grimmsnarl|Grimmsnarl, L50, M|4/100|[from] Parting Shot
|
|-weather|Snowscape|[upkeep]
|-start|p1a: Gengar|perish2
|-start|p2b: Staraptor|perish2
|upkeep
|turn|8
|
|t:|1783633637
|move|p1b: Aerodactyl|Rock Slide|p2a: Grimmsnarl|[spread] p2a
|-miss|p1b: Aerodactyl|p2b: Staraptor
|-damage|p2a: Grimmsnarl|0 fnt
|faint|p2a: Grimmsnarl
|move|p1a: Gengar|Disable|p2b: Staraptor
|-start|p2b: Staraptor|Disable|Close Combat
|move|p2b: Staraptor|Brave Bird|p1a: Gengar
|-damage|p1a: Gengar|0 fnt
|faint|p1a: Gengar
|-damage|p2b: Staraptor|62/100|[from] Recoil
|
|-weather|Snowscape|[upkeep]
|-start|p2b: Staraptor|perish1
|-sideend|p2: Snivii|move: Light Screen
|upkeep
|
|t:|1783633650
|switch|p2a: Incineroar|Incineroar, L50, F|59/100
|-ability|p2a: Incineroar|Intimidate|boost
|-unboost|p1b: Aerodactyl|atk|1
|turn|9
|c|☆ill.busx|gg
|c|☆Snivii|GGS
|
|t:|1783633660
|move|p2a: Incineroar|Fake Out|p1b: Aerodactyl
|-resisted|p1b: Aerodactyl|1
|-damage|p1b: Aerodactyl|0 fnt
|faint|p1b: Aerodactyl
|
|win|Snivii
|raw|ill.busx's rating: 1137 → 1109(-28 for losing)
|raw|Snivii's rating: 1091 → 1121(+30 for winning)
|l|☆Snivii
|player|p2|
