|j|☆holo-lyte
|j|☆anino23
|html|holo-lyteanino23    
|uhtml|bestof|Game 1 of a best-of-3
|t:|1783665833
|gametype|doubles
|player|p1|holo-lyte|avery|1092
|player|p2|anino23|102|1103
|gen|9
|tier|[Gen 9 Champions] VGC 2026 Reg M-B (Bo3)
|rated|
|rule|Species Clause: Limit one of each Pokémon
|rule|Item Clause: Limit 1 of each item
|clearpoke
|poke|p1|Garchomp, L50, M|
|poke|p1|Eelektross, L50, F|
|poke|p1|Whimsicott, L50, F|
|poke|p1|Dragapult, L50, F|
|poke|p1|Milotic, L50, M|
|poke|p1|Lycanroc-Dusk, L50, M, shiny|
|poke|p2|Pyroar, L50, F|
|poke|p2|Scrafty, L50, M|
|poke|p2|Mamoswine, L50, F|
|poke|p2|Venusaur, L50, M|
|poke|p2|Torkoal, L50, F|
|poke|p2|Farigiraf, L50, F|
|teampreview|4
|showteam|p1|Garchomp||Metronome|RoughSkin|IronHead,Earthquake,Outrage,DragonTail|Jolly||M|||50|]Eelektross||Eelektrossite|Levitate|AcidSpray,Flamethrower,GigaDrain,Discharge|Modest||F|||50|]Whimsicott||FocusSash|Prankster|Encore,Taunt,Tailwind,DazzlingGleam|Timid||F|||50|]Dragapult||ExpertBelt|Infiltrator|PhantomForce,DragonDarts,WillOWisp,PsychicFangs|Jolly||F|||50|]Milotic||Leftovers|Competitive|Surf,LifeDew,AlluringVoice,IceBeam|Modest||M|||50|]Lycanroc-Dusk||LifeOrb|ToughClaws|RockSlide,Crunch,Accelerock,DrillRun|Jolly||M|||50|
|showteam|p2|Pyroar||Pyroarite|Unnerve|HeatWave,Overheat,Yawn,Protect|Timid||F|||50|]Scrafty||Scraftinite|Intimidate|FakeOut,IcePunch,DrainPunch,KnockOff|Adamant||M|||50|]Mamoswine||FocusSash|Oblivious|IceShard,HighHorsepower,RockSlide,Protect|Jolly||F|||50|]Venusaur||LifeOrb|Chlorophyll|EnergyBall,EarthPower,SludgeBomb,Protect|Modest||M|||50|]Torkoal||HeatRock|Drought|Eruption,HelpingHand,WeatherBall,Protect|Quiet||F|||50|]Farigiraf||SitrusBerry|ArmorTail|Psychic,Thunderbolt,TrickRoom,Protect|Quiet||F|||50|
|inactive|Battle timer is ON: inactive players will automatically lose when time's up. (requested by anino23)
|inactive|holo-lyte also wants the timer to be on.
|c|☆holo-lyte|another sun team
|inactive|holo-lyte has 60 seconds left.
|inactive|anino23 has 60 seconds left.
|c|☆anino23|isnt this one cooler tho
|inactive|holo-lyte has 30 seconds left.
|inactive|anino23 has 30 seconds left.
|inactive|anino23 has 20 seconds left.
|
|t:|1783665906
|teamsize|p1|4
|teamsize|p2|4
|start
|switch|p1a: Whimsicott|Whimsicott, L50, F|100/100
|switch|p1b: Garchomp|Garchomp, L50, M|100/100
|switch|p2a: Mamoswine|Mamoswine, L50, F|100/100
|switch|p2b: Pyroar|Pyroar, L50, F|100/100
|-ability|p2b: Pyroar|Unnerve
|turn|1
|c|☆holo-lyte|idk what to pick
|
|t:|1783665931
|detailschange|p2b: Pyroar|Pyroar-Mega, L50, F
|-mega|p2b: Pyroar|Pyroar|Pyroarite
|move|p2b: Pyroar|Protect|p2b: Pyroar
|-singleturn|p2b: Pyroar|Protect
|move|p1a: Whimsicott|Tailwind|p1a: Whimsicott
|-sidestart|p1: holo-lyte|move: Tailwind
|move|p2a: Mamoswine|Ice Shard|p1b: Garchomp
|-supereffective|p1b: Garchomp|2
|-damage|p1b: Garchomp|15/100
|move|p1b: Garchomp|Earthquake|p2b: Pyroar|[spread] p1a,p2a
|-activate|p2b: Pyroar|move: Protect
|-resisted|p1a: Whimsicott|1
|-damage|p1a: Whimsicott|70/100
|-damage|p2a: Mamoswine|56/100
|
|upkeep
|turn|2
|
|t:|1783665949
|move|p1a: Whimsicott|Encore|p2b: Pyroar
|-start|p2b: Pyroar|Encore
|move|p2b: Pyroar|Protect||[still]
|-fail|p2b: Pyroar
|move|p2a: Mamoswine|Ice Shard|p1b: Garchomp
|-supereffective|p1b: Garchomp|2
|-damage|p1b: Garchomp|0 fnt
|faint|p1b: Garchomp
|
|upkeep
|
|t:|1783665957
|switch|p1b: Milotic|Milotic, L50, M|100/100
|turn|3
|
|t:|1783665965
|switch|p2b: Torkoal|Torkoal, L50, F|100/100
|-weather|SunnyDay|[from] ability: Drought|[of] p2b: Torkoal
|move|p2a: Mamoswine|Ice Shard|p1a: Whimsicott
|-supereffective|p1a: Whimsicott|1
|-damage|p1a: Whimsicott|2/100
|move|p1a: Whimsicott|Dazzling Gleam|p2b: Torkoal|[spread] p2a,p2b
|-resisted|p2b: Torkoal|1
|-damage|p2a: Mamoswine|27/100
|-damage|p2b: Torkoal|85/100
|move|p1b: Milotic|Surf|p2a: Mamoswine|[spread] p1a,p2a,p2b
|-resisted|p1a: Whimsicott|1
|-supereffective|p2a: Mamoswine|1
|-supereffective|p2b: Torkoal|1
|-damage|p1a: Whimsicott|0 fnt
|-damage|p2a: Mamoswine|0 fnt
|-damage|p2b: Torkoal|41/100
|faint|p1a: Whimsicott
|faint|p2a: Mamoswine
|
|-weather|SunnyDay|[upkeep]
|upkeep
|
|t:|1783665980
|switch|p1a: Eelektross|Eelektross, L50, F|100/100
|switch|p2a: Pyroar|Pyroar-Mega, L50, F|100/100
|turn|4
|
|t:|1783666002
|detailschange|p1a: Eelektross|Eelektross-Mega, L50, F
|-mega|p1a: Eelektross|Eelektross|Eelektrossite
|move|p2a: Pyroar|Protect|p2a: Pyroar
|-singleturn|p2a: Pyroar|Protect
|move|p2b: Torkoal|Protect|p2b: Torkoal
|-singleturn|p2b: Torkoal|Protect
|move|p1a: Eelektross|Acid Spray|p2a: Pyroar
|-activate|p2a: Pyroar|move: Protect
|move|p1b: Milotic|Surf|p2a: Pyroar|[spread] p1a
|-activate|p2a: Pyroar|move: Protect
|-activate|p2b: Torkoal|move: Protect
|-damage|p1a: Eelektross|84/100
|
|-weather|SunnyDay|[upkeep]
|-sideend|p1: holo-lyte|move: Tailwind
|upkeep
|turn|5
|
|t:|1783666022
|move|p2b: Torkoal|Helping Hand|p2a: Pyroar
|-singleturn|p2a: Pyroar|Helping Hand|[of] p2b: Torkoal
|move|p2a: Pyroar|Heat Wave|p1b: Milotic|[spread] p1a,p1b
|-resisted|p1b: Milotic|1
|-damage|p1a: Eelektross|0 fnt
|-damage|p1b: Milotic|55/100
|faint|p1a: Eelektross
|move|p1b: Milotic|Surf|p2b: Torkoal|[spread] p2a,p2b
|-supereffective|p2a: Pyroar|1
|-supereffective|p2b: Torkoal|1
|-damage|p2a: Pyroar|57/100
|-damage|p2b: Torkoal|1/100
|
|-weather|SunnyDay|[upkeep]
|-heal|p1b: Milotic|61/100|[from] item: Leftovers
|upkeep
|turn|6
|
|t:|1783666043
|move|p2b: Torkoal|Protect|p2b: Torkoal
|-singleturn|p2b: Torkoal|Protect
|move|p2a: Pyroar|Yawn|p1b: Milotic
|-start|p1b: Milotic|move: Yawn|[of] p2a: Pyroar
|move|p1b: Milotic|Surf|p2a: Pyroar|[spread] p2a
|-activate|p2b: Torkoal|move: Protect
|-supereffective|p2a: Pyroar|1
|-crit|p2a: Pyroar
|-damage|p2a: Pyroar|0 fnt
|faint|p2a: Pyroar
|
|-weather|SunnyDay|[upkeep]
|-heal|p1b: Milotic|67/100|[from] item: Leftovers
|upkeep
|
|t:|1783666050
|switch|p2a: Farigiraf|Farigiraf, L50, F|100/100
|turn|7
|
|t:|1783666055
|move|p2a: Farigiraf|Protect|p2a: Farigiraf
|-singleturn|p2a: Farigiraf|Protect
|move|p2b: Torkoal|Protect||[still]
|-fail|p2b: Torkoal
|move|p1b: Milotic|Life Dew|p1b: Milotic
|-heal|p1b: Milotic|92/100
|
|-weather|SunnyDay|[upkeep]
|-heal|p1b: Milotic|98/100|[from] item: Leftovers
|-end|p1b: Milotic|move: Yawn|[silent]
|-status|p1b: Milotic|slp
|upkeep
|turn|8
|
|t:|1783666064
|move|p2b: Torkoal|Helping Hand|p2a: Farigiraf
|-singleturn|p2a: Farigiraf|Helping Hand|[of] p2b: Torkoal
|cant|p1b: Milotic|slp
|move|p2a: Farigiraf|Thunderbolt|p1b: Milotic
|-supereffective|p1b: Milotic|1
|-damage|p1b: Milotic|35/100 slp
|
|-weather|SunnyDay|[upkeep]
|-heal|p1b: Milotic|41/100 slp|[from] item: Leftovers
|upkeep
|turn|9
|
|t:|1783666075
|move|p2b: Torkoal|Protect|p2b: Torkoal
|-singleturn|p2b: Torkoal|Protect
|cant|p1b: Milotic|slp
|move|p2a: Farigiraf|Trick Room|p2a: Farigiraf
|-fieldstart|move: Trick Room|[of] p2a: Farigiraf
|
|-weather|SunnyDay|[upkeep]
|-heal|p1b: Milotic|47/100 slp|[from] item: Leftovers
|upkeep
|turn|10
|l|☆holo-lyte
|inactive|holo-lyte disconnected and has a minute to reconnect!
|player|p1|
|inactive|holo-lyte has 30 seconds left.
|inactive|holo-lyte has 20 seconds left.
|inactive|holo-lyte has 15 seconds left.
|inactive|holo-lyte has 10 seconds left.
|inactive|holo-lyte has 5 seconds left.
|-message|holo-lyte lost due to inactivity.
|
|win|anino23
||anino23 is ready for game 2.
|inactive|holo-lyte has 10 seconds to reconnect!
|inactive|holo-lyte has 0 seconds to reconnect!
|raw|holo-lyte's rating: 1092 → 1069(-23 for losing)
|raw|anino23's rating: 1103 → 1127(+24 for winning)
|l|☆anino23
|player|p2|
|j|☆anino23
|player|p2|anino23|102|
