|j|☆dycheball
|j|☆SamuelJacksonheehe
|html|dycheballSamuelJacksonheehe    
|uhtml|bestof|Game 1 of a best-of-3
|t:|1756315966
|gametype|doubles
|player|p1|dycheball|cyrus|1321
|player|p2|SamuelJacksonheehe|101|1354
|gen|9
|tier|[Gen 9] VGC 2025 Reg H (Bo3)
|rated|
|rule|Species Clause: Limit one of each Pokémon
|rule|Item Clause: Limit 1 of each item
|clearpoke
|poke|p1|Gholdengo, L50|
|poke|p1|Sneasler, L50, M|
|poke|p1|Rillaboom, L50, M|
|poke|p1|Dragonite, L50, F|
|poke|p1|Ninetales-Alola, L50, F|
|poke|p1|Arcanine-Hisui, L50, F|
|poke|p2|Pelipper, L50, M|
|poke|p2|Archaludon, L50, M|
|poke|p2|Sinistcha, L50|
|poke|p2|Ursaluna, L50, M|
|poke|p2|Dragonite, L50, F|
|poke|p2|Incineroar, L50, F|
|teampreview|4
|showteam|p1|Gholdengo||GrassySeed|GoodasGold|NastyPlot,MakeItRain,ShadowBall,Protect||||||50|,,,,,Water]Sneasler||WhiteHerb|Unburden|CloseCombat,DireClaw,Coaching,Protect|||M|||50|,,,,,Ghost]Rillaboom||AssaultVest|GrassySurge|FakeOut,GrassyGlide,DrumBeating,HighHorsepower|||M|||50|,,,,,Fire]Dragonite||LoadedDice|Multiscale|ScaleShot,StompingTantrum,Haze,Protect|||F|||50|,,,,,Ground]Ninetales-Alola||FocusSash|SnowWarning|Blizzard,IcyWind,Encore,AuroraVeil|||F|||50|,,,,,Ghost]Arcanine-Hisui||ClearAmulet|Intimidate|RockSlide,FlareBlitz,ExtremeSpeed,Protect|||F|||50|,,,,,Water
|showteam|p2|Pelipper||FocusSash|Drizzle|WeatherBall,Hurricane,Tailwind,Protect|||M|||50|,,,,,Stellar]Archaludon||AssaultVest|Stamina|ElectroShot,Snarl,BodyPress,FlashCannon|||M|||50|,,,,,Fighting]Sinistcha||SitrusBerry|Hospitality|RagePowder,MatchaGotcha,LifeDew,TrickRoom||||||50|,,,,,Dark]Ursaluna||FlameOrb|Guts|Facade,HeadlongRush,Earthquake,Protect|||M|||50|,,,,,Ghost]Dragonite||LoadedDice|Multiscale|ScaleShot,Tailwind,Haze,Protect|||F|||50|,,,,,Fairy]Incineroar||SafetyGoggles|Intimidate|FakeOut,KnockOff,Taunt,PartingShot|||F|||50|,,,,,Ghost
|inactive|Battle timer is ON: inactive players will automatically lose when time's up. (requested by dycheball)
|j| SPark23S
|inactive|SamuelJacksonheehe has 60 seconds left.
|inactive|SamuelJacksonheehe has 30 seconds left.
|inactive|SamuelJacksonheehe has 20 seconds left.
|
|t:|1756316038
|teamsize|p1|4
|teamsize|p2|4
|start
|switch|p1a: Gholdengo|Gholdengo, L50|100/100
|switch|p1b: Sneasler|Sneasler, L50, M|100/100
|switch|p2a: Dragonite|Dragonite, L50, F|100/100
|switch|p2b: Incineroar|Incineroar, L50, F|100/100
|-ability|p2b: Incineroar|Intimidate|boost
|-unboost|p1a: Gholdengo|atk|1
|-unboost|p1b: Sneasler|atk|1
|-enditem|p1b: Sneasler|White Herb
|-clearnegativeboost|p1b: Sneasler|[silent]
|turn|1
|inactive|dycheball has 30 seconds left.
|inactive|SamuelJacksonheehe has 30 seconds left.
|inactive|dycheball has 20 seconds left.
|inactive|SamuelJacksonheehe has 20 seconds left.
|inactive|dycheball has 15 seconds left.
|inactive|SamuelJacksonheehe has 15 seconds left.
|inactive|SamuelJacksonheehe has 10 seconds left.
|inactive|SamuelJacksonheehe has 5 seconds left.
|
|t:|1756316089
|switch|p1a: Ninetales|Ninetales-Alola, L50, F, shiny|100/100
|-weather|Snowscape|[from] ability: Snow Warning|[of] p1a: Ninetales
|-terastallize|p1b: Sneasler|Ghost
|move|p2b: Incineroar|Fake Out|p1b: Sneasler
|-immune|p1b: Sneasler
|move|p1b: Sneasler|Close Combat|p2b: Incineroar
|-supereffective|p2b: Incineroar
|-damage|p2b: Incineroar|0 fnt
|-unboost|p1b: Sneasler|def|1
|-unboost|p1b: Sneasler|spd|1
|faint|p2b: Incineroar
|move|p2a: Dragonite|Tailwind|p2a: Dragonite
|-sidestart|p2: SamuelJacksonheehe|move: Tailwind
|
|-weather|Snowscape|[upkeep]
|upkeep
|
|t:|1756316108
|switch|p2b: Pelipper|Pelipper, L50, M|100/100
|-weather|RainDance|[from] ability: Drizzle|[of] p2b: Pelipper
|turn|2
|inactive|SamuelJacksonheehe has 30 seconds left.
|
|t:|1756316138
|move|p1b: Sneasler|Dire Claw|p2a: Dragonite
|-damage|p2a: Dragonite|79/100
|-status|p2a: Dragonite|par
|move|p2b: Pelipper|Weather Ball|p1a: Ninetales
|-damage|p1a: Ninetales|18/100
|move|p1a: Ninetales|Icy Wind|p2b: Pelipper|[spread] p2a,p2b
|-supereffective|p2a: Dragonite
|-damage|p2a: Dragonite|17/100 par
|-damage|p2b: Pelipper|71/100
|-unboost|p2a: Dragonite|spe|1
|-unboost|p2b: Pelipper|spe|1
|move|p2a: Dragonite|Scale Shot|p1b: Sneasler
|-damage|p1b: Sneasler|74/100
|-damage|p1b: Sneasler|44/100
|-damage|p1b: Sneasler|17/100
|-damage|p1b: Sneasler|0 fnt
|faint|p1b: Sneasler
|-hitcount|p1: Sneasler|4
|-unboost|p2a: Dragonite|def|1
|-boost|p2a: Dragonite|spe|1
|
|-weather|RainDance|[upkeep]
|upkeep
|inactive|dycheball has 30 seconds left.
|inactive|dycheball has 20 seconds left.
|inactive|dycheball has 15 seconds left.
|inactive|dycheball has 10 seconds left.
|
|t:|1756316184
|switch|p1b: Gholdengo|Gholdengo, L50|100/100
|turn|3
|inactive|SamuelJacksonheehe has 30 seconds left.
|
|t:|1756316212
|switch|p2a: Archaludon|Archaludon, L50, M|100/100
|move|p1a: Ninetales|Icy Wind|p2a: Archaludon|[spread] p2a,p2b
|-crit|p2b: Pelipper
|-damage|p2a: Archaludon|90/100
|-damage|p2b: Pelipper|31/100
|-unboost|p2a: Archaludon|spe|1
|-unboost|p2b: Pelipper|spe|1
|-ability|p2a: Archaludon|Stamina|boost
|-boost|p2a: Archaludon|def|1
|move|p1b: Gholdengo|Shadow Ball|p2b: Pelipper
|-crit|p2b: Pelipper
|-damage|p2b: Pelipper|0 fnt
|faint|p2b: Pelipper
|
|-weather|RainDance|[upkeep]
|upkeep
|
|t:|1756316217
|switch|p2b: Dragonite|Dragonite, L50, F|17/100 par
|turn|4
|inactive|SamuelJacksonheehe has 30 seconds left.
|
|t:|1756316244
|switch|p1a: Rillaboom|Rillaboom, L50, M|100/100
|-fieldstart|move: Grassy Terrain|[from] ability: Grassy Surge|[of] p1a: Rillaboom
|-enditem|p1b: Gholdengo|Grassy Seed
|-boost|p1b: Gholdengo|def|1|[from] item: Grassy Seed
|-terastallize|p2b: Dragonite|Fairy
|move|p1b: Gholdengo|Protect|p1b: Gholdengo
|-singleturn|p1b: Gholdengo|Protect
|move|p2a: Archaludon|Electro Shot||[still]
|-prepare|p2a: Archaludon|Electro Shot
|-boost|p2a: Archaludon|spa|1
|-anim|p2a: Archaludon|Electro Shot|p1a: Rillaboom
|-resisted|p1a: Rillaboom
|-damage|p1a: Rillaboom|79/100
|cant|p2b: Dragonite|par
|
|-weather|RainDance|[upkeep]
|-heal|p1a: Rillaboom|85/100|[from] Grassy Terrain
|-heal|p2a: Archaludon|96/100|[from] Grassy Terrain
|-heal|p2b: Dragonite|22/100 par|[from] Grassy Terrain
|-sideend|p2: SamuelJacksonheehe|move: Tailwind
|upkeep
|turn|5
|
|t:|1756316268
|move|p1a: Rillaboom|Grassy Glide|p2b: Dragonite
|-damage|p2b: Dragonite|0 fnt
|faint|p2b: Dragonite
|move|p1b: Gholdengo|Nasty Plot|p1b: Gholdengo
|-boost|p1b: Gholdengo|spa|2
|move|p2a: Archaludon|Electro Shot||[still]
|-prepare|p2a: Archaludon|Electro Shot
|-boost|p2a: Archaludon|spa|1
|-anim|p2a: Archaludon|Electro Shot|p1b: Gholdengo
|-crit|p1b: Gholdengo
|-damage|p1b: Gholdengo|0 fnt
|faint|p1b: Gholdengo
|
|-weather|RainDance|[upkeep]
|-heal|p1a: Rillaboom|90/100|[from] Grassy Terrain
|-heal|p2a: Archaludon|100/100|[from] Grassy Terrain
|upkeep
|
|t:|1756316279
|switch|p1b: Ninetales|Ninetales-Alola, L50, F, shiny|18/100
|-weather|Snowscape|[from] ability: Snow Warning|[of] p1b: Ninetales
|turn|6
|inactive|SamuelJacksonheehe has 30 seconds left.
|inactive|SamuelJacksonheehe has 20 seconds left.
|inactive|SamuelJacksonheehe has 15 seconds left.
|inactive|SamuelJacksonheehe has 10 seconds left.
|
|t:|1756316326
|move|p1b: Ninetales|Encore|p2a: Archaludon
|-start|p2a: Archaludon|Encore
|move|p1a: Rillaboom|High Horsepower|p2a: Archaludon
|-supereffective|p2a: Archaludon
|-damage|p2a: Archaludon|77/100
|-ability|p2a: Archaludon|Stamina|boost
|-boost|p2a: Archaludon|def|1
|move|p2a: Archaludon|Electro Shot||[still]
|-prepare|p2a: Archaludon|Electro Shot
|-boost|p2a: Archaludon|spa|1
|
|-weather|Snowscape|[upkeep]
|-heal|p1b: Ninetales|24/100|[from] Grassy Terrain
|-heal|p1a: Rillaboom|96/100|[from] Grassy Terrain
|-heal|p2a: Archaludon|83/100|[from] Grassy Terrain
|upkeep
|turn|7
|
|t:|1756316338
|move|p1b: Ninetales|Blizzard|p2a: Archaludon
|-damage|p2a: Archaludon|52/100
|-ability|p2a: Archaludon|Stamina|boost
|-boost|p2a: Archaludon|def|1
|move|p1a: Rillaboom|High Horsepower|p2a: Archaludon
|-supereffective|p2a: Archaludon
|-damage|p2a: Archaludon|35/100
|-ability|p2a: Archaludon|Stamina|boost
|-boost|p2a: Archaludon|def|1
|move|p2a: Archaludon|Electro Shot|p1b: Ninetales|[from] lockedmove
|-damage|p1b: Ninetales|0 fnt
|faint|p1b: Ninetales
|
|-weather|Snowscape|[upkeep]
|-heal|p1a: Rillaboom|100/100|[from] Grassy Terrain
|-heal|p2a: Archaludon|41/100|[from] Grassy Terrain
|upkeep
|turn|8
|
|t:|1756316349
|move|p1a: Rillaboom|High Horsepower|p2a: Archaludon
|-supereffective|p2a: Archaludon
|-damage|p2a: Archaludon|28/100
|-ability|p2a: Archaludon|Stamina|boost
|-boost|p2a: Archaludon|def|1
|move|p2a: Archaludon|Electro Shot||[still]
|-prepare|p2a: Archaludon|Electro Shot
|-boost|p2a: Archaludon|spa|1
|
|-weather|Snowscape|[upkeep]
|-heal|p2a: Archaludon|34/100|[from] Grassy Terrain
|-end|p2a: Archaludon|Encore
|-fieldend|move: Grassy Terrain
|upkeep
|turn|9
|
|t:|1756316355
|move|p1a: Rillaboom|High Horsepower|p2a: Archaludon
|-supereffective|p2a: Archaludon
|-crit|p2a: Archaludon
|-damage|p2a: Archaludon|0 fnt
|faint|p2a: Archaludon
|
|win|dycheball
||dycheball is ready for game 2.
||SamuelJacksonheehe is ready for game 2.
|uhtml|next|Next: Game 2 of 3
|l| SPark23S
|l|☆SamuelJacksonheehe
|player|p2|
