|j|☆ablizzardis1
|j|☆swooshcel
|html|ablizzardis1swooshcel    
|uhtml|bestof|Game 1 of a best-of-3
|t:|1783521708
|gametype|doubles
|player|p1|ablizzardis1|265|
|player|p2|swooshcel|265|
|gen|9
|tier|[Gen 9 Champions] VGC 2026 Reg M-B (Bo3)
|rule|Species Clause: Limit one of each Pokémon
|rule|Item Clause: Limit 1 of each item
|clearpoke
|poke|p1|Meowscarada, L50, F|
|poke|p1|Garchomp, L50, F|
|poke|p1|Talonflame, L50, F|
|poke|p1|Pyroar, L50, M, shiny|
|poke|p1|Ninetales, L50, M, shiny|
|poke|p1|Heliolisk, L50, F|
|poke|p2|Spiritomb, L50, F|
|poke|p2|Sinistcha-Masterpiece, L50|
|poke|p2|Basculegion, L50, M|
|poke|p2|Corviknight, L50, M|
|poke|p2|Glimmora, L50, M|
|poke|p2|Aurorus, L50, F|
|teampreview|4
|showteam|p1|Meowscarada||ExpertBelt|Protean|ThunderPunch,KnockOff,FlowerTrick,LowKick|Naive||F|||50|]Garchomp||LifeOrb|SandVeil|Earthquake,DragonClaw,Protect,StompingTantrum|Jolly||F|||50|]Talonflame||SharpBeak|GaleWings|BraveBird,FlareBlitz,Tailwind,Protect|Jolly||F|||50|]Pyroar||Pyroarite|Rivalry|HeatWave,Overheat,SolarBeam,Protect|Timid||M|||50|]Ninetales||Charcoal|Drought|Overheat,HeatWave,SolarBeam,SunnyDay|Timid||M|||50|]Heliolisk||ChoiceScarf|DrySkin|Thunderbolt,DragonPulse,ShedTail,VoltSwitch|Timid||F|||50|
|showteam|p2|Spiritomb||Leftovers|Pressure|TrickRoom,WillOWisp,RockTomb,Poltergeist|Impish||F|||50|]Sinistcha-Masterpiece||SitrusBerry|Hospitality|MatchaGotcha,Scald,ShadowBall,RagePowder|Timid|||||50|]Basculegion||ChoiceScarf|Adaptability|IceFang,WaveCrash,LastRespects,FlipTurn|Jolly||M|||50|]Corviknight||FocusSash|Pressure|BraveBird,BodyPress,Tailwind,IronDefense|Impish||M|||50|]Glimmora||Glimmoranite|ToxicDebris|PowerGem,Protect,SludgeWave,FlashCannon|Modest||M|||50|]Aurorus||LightClay|SnowWarning|AuroraVeil,Blizzard,FlashCannon,Encore|Bold||F|||50|
|
|t:|1783521777
|teamsize|p1|4
|teamsize|p2|4
|start
|switch|p1a: Talonflame|Talonflame, L50, F|100/100
|switch|p1b: Garchomp|Garchomp, L50, F|100/100
|switch|p2a: train neck|Glimmora, L50, M|100/100
|switch|p2b: tailwind slave|Corviknight, L50, M|100/100
|-ability|p2b: tailwind slave|Pressure
|turn|1
|
|t:|1783521812
|detailschange|p2a: train neck|Glimmora-Mega, L50, M
|-mega|p2a: train neck|Glimmora|Glimmoranite
|move|p1a: Talonflame|Tailwind|p1a: Talonflame
|-sidestart|p1: ablizzardis1|move: Tailwind
|move|p1b: Garchomp|Earthquake|p2a: train neck|[spread] p2a
|-immune|p1a: Talonflame
|-immune|p2b: tailwind slave
|-supereffective|p2a: train neck|2
|-damage|p2a: train neck|0 fnt
|faint|p2a: train neck
|-damage|p1b: Garchomp|90/100|[from] item: Life Orb
|move|p2b: tailwind slave|Tailwind|p2b: tailwind slave
|-sidestart|p2: swooshcel|move: Tailwind
|
|upkeep
|
|t:|1783521832
|switch|p2a: roland|Basculegion, L50, M|100/100
|turn|2
|
|t:|1783521867
|move|p1a: Talonflame|Brave Bird|p2a: roland
|-damage|p2a: roland|26/100
|-damage|p1a: Talonflame|69/100|[from] Recoil
|move|p2a: roland|Ice Fang|p1b: Garchomp
|-supereffective|p1b: Garchomp|2
|-damage|p1b: Garchomp|0 fnt
|faint|p1b: Garchomp
|move|p2b: tailwind slave|Iron Defense|p2b: tailwind slave
|-boost|p2b: tailwind slave|def|2
|
|upkeep
|
|t:|1783521882
|switch|p1b: Heliolisk|Heliolisk, L50, F|100/100
|turn|3
|
|t:|1783521894
|switch|p2a: jarona|Sinistcha-Masterpiece, L50|100/100
|move|p1b: Heliolisk|Thunderbolt|p2a: jarona
|-resisted|p2a: jarona|1
|-damage|p2a: jarona|78/100
|move|p1a: Talonflame|Flare Blitz|p2b: tailwind slave
|-supereffective|p2b: tailwind slave|1
|-damage|p2b: tailwind slave|70/100
|-damage|p1a: Talonflame|56/100|[from] Recoil
|move|p2b: tailwind slave|Body Press|p1b: Heliolisk
|-supereffective|p1b: Heliolisk|1
|-damage|p1b: Heliolisk|0 fnt
|faint|p1b: Heliolisk
|
|upkeep
|
|t:|1783521906
|switch|p1b: Meowscarada|Meowscarada, L50, F|100/100
|turn|4
|
|t:|1783521926
|move|p2a: jarona|Rage Powder|p2a: jarona
|-singleturn|p2a: jarona|move: Rage Powder
|move|p1a: Talonflame|Brave Bird|p2a: jarona
|-supereffective|p2a: jarona|1
|-damage|p2a: jarona|0 fnt
|faint|p2a: jarona
|-damage|p1a: Talonflame|26/100|[from] Recoil
|move|p1b: Meowscarada|Knock Off|p2b: tailwind slave
|-start|p1b: Meowscarada|typechange|Dark|[from] ability: Protean
|-damage|p2b: tailwind slave|56/100
|-enditem|p2b: tailwind slave|Focus Sash|[from] move: Knock Off|[of] p1b: Meowscarada
|move|p2b: tailwind slave|Body Press|p1b: Meowscarada
|-supereffective|p1b: Meowscarada|1
|-damage|p1b: Meowscarada|0 fnt
|faint|p1b: Meowscarada
|
|-sideend|p2: swooshcel|move: Tailwind
|-sideend|p1: ablizzardis1|move: Tailwind
|upkeep
|
|t:|1783521942
|switch|p2a: roland|Basculegion, L50, M|26/100
|turn|5
|
|t:|1783521957
|move|p2a: roland|Flip Turn|p1a: Talonflame
|-supereffective|p1a: Talonflame|1
|-damage|p1a: Talonflame|0 fnt
|faint|p1a: Talonflame
|
|win|swooshcel
||swooshcel is ready for game 2.
||ablizzardis1 is ready for game 2.
|uhtml|next|Next: Game 2 of 3
|l|☆swooshcel
|player|p2|
|l|☆ablizzardis1
|player|p1|
|j|☆ablizzardis1
|player|p1|ablizzardis1|265|
