|j|☆I am the Sweeper
|j|☆kelseyrobinsonvgc
|html|I am the Sweeperkelseyrobinsonvgc    
|uhtml|bestof|Game 2 of a best-of-3
|t:|1756788057
|gametype|doubles
|player|p1|I am the Sweeper|janitor|1079
|player|p2|kelseyrobinsonvgc|clerkf|1053
|gen|9
|tier|[Gen 9] VGC 2025 Reg H (Bo3)
|rated|
|rule|Species Clause: Limit one of each Pokémon
|rule|Item Clause: Limit 1 of each item
|clearpoke
|poke|p1|Annihilape, L50, F|
|poke|p1|Archaludon, L50, M|
|poke|p1|Pelipper, L50, M|
|poke|p1|Maushold-Four, L50|
|poke|p1|Sinistcha, L50|
|poke|p1|Grimmsnarl, L50, M|
|poke|p2|Gholdengo, L50|
|poke|p2|Amoonguss, L50, M|
|poke|p2|Incineroar, L50, F|
|poke|p2|Porygon2, L50|
|poke|p2|Ursaluna, L50, M|
|poke|p2|Flamigo, L50, M|
|teampreview|4
|showteam|p1|Annihilape||Leftovers|Defiant|RageFist,DrainPunch,BulkUp,Protect|||F|||50|,,,,,Fire]Archaludon||AssaultVest|Stamina|ElectroShot,DragonPulse,Snarl,BodyPress|||M|||50|,,,,,Bug]Pelipper||LifeOrb|Drizzle|Tailwind,MuddyWater,Hurricane,Protect|||M|||50|,,,,,Stellar]Maushold-Four||SafetyGoggles|FriendGuard|SuperFang,FollowMe,BeatUp,Protect||||||50|,,,,,Ghost]Sinistcha||SitrusBerry|Hospitality|TrickRoom,RagePowder,MatchaGotcha,LifeDew||||||50|,,,,,Grass]Grimmsnarl||LightClay|Prankster|ThunderWave,LightScreen,Reflect,SpiritBreak|||M|||50|,,,,,Ghost
|showteam|p2|Gholdengo||LifeOrb|GoodasGold|MakeItRain,NastyPlot,Protect,ShadowBall||||||50|,,,,,Dragon]Amoonguss||SitrusBerry|Regenerator|Spore,RagePowder,PollenPuff,Protect|||M|||50|,,,,,Water]Incineroar||SafetyGoggles|Intimidate|FlareBlitz,KnockOff,PartingShot,FakeOut|||F|||50|,,,,,Ghost]Porygon2||Eviolite|Download|Recover,TeraBlast,IceBeam,TrickRoom||||||50|,,,,,Fighting]Ursaluna||FlameOrb|Guts|HeadlongRush,Facade,Protect,Earthquake|||M|||50|,,,,,Ghost]Flamigo||FocusSash|Scrappy|CloseCombat,BraveBird,Tailwind,Protect|||M|||50|,,,,,Steel
|inactive|Battle timer is ON: inactive players will automatically lose when time's up. (requested by kelseyrobinsonvgc)
|inactive|I am the Sweeper has 60 seconds left.
|
|t:|1756788115
|teamsize|p1|4
|teamsize|p2|4
|start
|switch|p1a: Maushold|Maushold-Four, L50|100/100
|switch|p1b: Archaludon|Archaludon, L50, M|100/100
|switch|p2a: Porygon2|Porygon2, L50|100/100
|switch|p2b: Flamigo|Flamigo, L50, M|100/100
|-ability|p2a: Porygon2|Download|boost
|-boost|p2a: Porygon2|spa|1
|turn|1
|inactive|I am the Sweeper has 30 seconds left.
|inactive|kelseyrobinsonvgc has 30 seconds left.
|inactive|I am the Sweeper has 20 seconds left.
|inactive|I am the Sweeper has 15 seconds left.
|
|t:|1756788160
|move|p1a: Maushold|Beat Up|p1b: Archaludon
|-damage|p1b: Archaludon|99/100
|-ability|p1b: Archaludon|Stamina|boost
|-boost|p1b: Archaludon|def|1
|-damage|p1b: Archaludon|98/100
|-ability|p1b: Archaludon|Stamina|boost
|-boost|p1b: Archaludon|def|1
|-damage|p1b: Archaludon|97/100
|-ability|p1b: Archaludon|Stamina|boost
|-boost|p1b: Archaludon|def|1
|-damage|p1b: Archaludon|97/100
|-ability|p1b: Archaludon|Stamina|boost
|-boost|p1b: Archaludon|def|1
|-hitcount|p1b: Archaludon|4
|move|p1b: Archaludon|Snarl|p2a: Porygon2|[spread] p2a
|-miss|p1b: Archaludon|p2b: Flamigo
|-damage|p2a: Porygon2|93/100
|-unboost|p2a: Porygon2|spa|1
|move|p2b: Flamigo|Close Combat|p1a: Maushold
|-supereffective|p1a: Maushold
|-damage|p1a: Maushold|0 fnt
|-unboost|p2b: Flamigo|def|1
|-unboost|p2b: Flamigo|spd|1
|faint|p1a: Maushold
|move|p2a: Porygon2|Trick Room|p2a: Porygon2
|-fieldstart|move: Trick Room|[of] p2a: Porygon2
|
|upkeep
|inactive|I am the Sweeper has 30 seconds left.
|
|t:|1756788185
|switch|p1a: Pelipper|Pelipper, L50, M|100/100
|-weather|RainDance|[from] ability: Drizzle|[of] p1a: Pelipper
|turn|2
|inactive|I am the Sweeper has 30 seconds left.
|inactive|kelseyrobinsonvgc has 30 seconds left.
|inactive|I am the Sweeper has 20 seconds left.
|inactive|I am the Sweeper has 15 seconds left.
|
|t:|1756788228
|-terastallize|p2a: Porygon2|Fighting
|-terastallize|p1b: Archaludon|Bug
|move|p2a: Porygon2|Tera Blast|p1b: Archaludon|[anim] Tera Blast Fighting
|-resisted|p1b: Archaludon
|-damage|p1b: Archaludon|83/100
|-ability|p1b: Archaludon|Stamina|boost
|-boost|p1b: Archaludon|def|1
|move|p1a: Pelipper|Hurricane|p2b: Flamigo
|-supereffective|p2b: Flamigo
|-enditem|p2b: Flamigo|Focus Sash
|-damage|p2b: Flamigo|1/100
|-start|p2b: Flamigo|confusion
|-damage|p1a: Pelipper|91/100|[from] item: Life Orb
|-activate|p2b: Flamigo|confusion
|move|p2b: Flamigo|Brave Bird|p1a: Pelipper
|-damage|p1a: Pelipper|4/100
|-damage|p2b: Flamigo|0 fnt|[from] Recoil
|faint|p2b: Flamigo
|move|p1b: Archaludon|Body Press|p2a: Porygon2
|-damage|p2a: Porygon2|47/100
|
|-weather|RainDance|[upkeep]
|upkeep
|inactive|kelseyrobinsonvgc has 30 seconds left.
|
|t:|1756788254
|switch|p2b: Amoonguss|Amoonguss, L50, M|100/100
|turn|3
|inactive|I am the Sweeper has 30 seconds left.
|inactive|I am the Sweeper has 20 seconds left.
|inactive|I am the Sweeper has 15 seconds left.
|inactive|I am the Sweeper has 10 seconds left.
|inactive|I am the Sweeper has 5 seconds left.
|
|t:|1756788308
|move|p1a: Pelipper|Protect|p1a: Pelipper
|-singleturn|p1a: Pelipper|Protect
|move|p2b: Amoonguss|Spore|p1b: Archaludon
|-status|p1b: Archaludon|slp|[from] move: Spore
|move|p2a: Porygon2|Ice Beam|p1a: Pelipper
|-activate|p1a: Pelipper|move: Protect
|cant|p1b: Archaludon|slp
|
|-weather|RainDance|[upkeep]
|upkeep
|turn|4
|inactive|I am the Sweeper has 30 seconds left.
|inactive|kelseyrobinsonvgc has 30 seconds left.
|inactive|I am the Sweeper has 20 seconds left.
|inactive|I am the Sweeper has 15 seconds left.
|
|t:|1756788349
|switch|p1a: Annihilape|Annihilape, L50, F|100/100
|move|p2b: Amoonguss|Pollen Puff|p1a: Annihilape
|-resisted|p1a: Annihilape
|-damage|p1a: Annihilape|97/100
|move|p2a: Porygon2|Ice Beam|p1b: Archaludon
|-damage|p1b: Archaludon|61/100 slp
|-ability|p1b: Archaludon|Stamina|boost
|-boost|p1b: Archaludon|def|1
|cant|p1b: Archaludon|slp
|
|-weather|RainDance|[upkeep]
|-heal|p1a: Annihilape|100/100|[from] item: Leftovers
|upkeep
|turn|5
|inactive|I am the Sweeper has 30 seconds left.
|inactive|kelseyrobinsonvgc has 30 seconds left.
|
|t:|1756788378
|move|p1a: Annihilape|Protect|p1a: Annihilape
|-singleturn|p1a: Annihilape|Protect
|move|p2b: Amoonguss|Pollen Puff|p2a: Porygon2
|-heal|p2a: Porygon2|97/100
|move|p2a: Porygon2|Ice Beam|p1b: Archaludon
|-damage|p1b: Archaludon|39/100 slp
|cant|p1b: Archaludon|slp
|
|-weather|RainDance|[upkeep]
|-fieldend|move: Trick Room
|upkeep
|turn|6
|inactive|I am the Sweeper has 30 seconds left.
|inactive|I am the Sweeper has 20 seconds left.
|
|t:|1756788414
|move|p1a: Annihilape|Bulk Up|p1a: Annihilape
|-boost|p1a: Annihilape|atk|1
|-boost|p1a: Annihilape|def|1
|-curestatus|p1b: Archaludon|slp|[msg]
|move|p1b: Archaludon|Body Press|p2b: Amoonguss
|-resisted|p2b: Amoonguss
|-damage|p2b: Amoonguss|62/100
|move|p2b: Amoonguss|Spore|p1a: Annihilape
|-status|p1a: Annihilape|slp|[from] move: Spore
|move|p2a: Porygon2|Trick Room|p2a: Porygon2
|-fieldstart|move: Trick Room|[of] p2a: Porygon2
|
|-weather|none
|upkeep
|turn|7
|inactive|I am the Sweeper has 30 seconds left.
|
|t:|1756788440
|switch|p1a: Pelipper|Pelipper, L50, M|4/100
|-weather|RainDance|[from] ability: Drizzle|[of] p1a: Pelipper
|move|p2b: Amoonguss|Spore|p1b: Archaludon
|-status|p1b: Archaludon|slp|[from] move: Spore
|move|p2a: Porygon2|Ice Beam|p1b: Archaludon
|-damage|p1b: Archaludon|18/100 slp
|cant|p1b: Archaludon|slp
|
|-weather|RainDance|[upkeep]
|upkeep
|turn|8
|-message|I am the Sweeper forfeited.
|
|win|kelseyrobinsonvgc
|raw|I am the Sweeper's rating: 1079 → 1056(-23 for losing)
|raw|kelseyrobinsonvgc's rating: 1053 → 1087(+34 for winning)
|l|☆kelseyrobinsonvgc
|player|p2|
