|j|☆lolgz
|j|☆carmelotb
|html|lolgzcarmelotb    
|uhtml|bestof|Game 2 of a best-of-3
|t:|1783938627
|gametype|doubles
|player|p1|lolgz|dawn|1109
|player|p2|carmelotb|pilot|1135
|gen|9
|tier|[Gen 9 Champions] VGC 2026 Reg M-B (Bo3)
|rated|
|rule|Species Clause: Limit one of each Pokémon
|rule|Item Clause: Limit 1 of each item
|clearpoke
|poke|p1|Kingambit, L50, M|
|poke|p1|Vivillon, L50, F|
|poke|p1|Incineroar, L50, F|
|poke|p1|Sinistcha, L50|
|poke|p1|Delphox, L50, M|
|poke|p1|Feraligatr, L50, F|
|poke|p2|Tyranitar, L50, F|
|poke|p2|Rotom-Wash, L50|
|poke|p2|Excadrill, L50, F|
|poke|p2|Typhlosion-Hisui, L50, F|
|poke|p2|Venusaur, L50, F|
|poke|p2|Farigiraf, L50, F|
|teampreview|4
|showteam|p1|Kingambit||BlackGlasses|Defiant|SuckerPunch,KowtowCleave,Protect,SwordsDance|Adamant||M|||50|]Vivillon||ChoiceScarf|CompoundEyes|SleepPowder,Hurricane,RagePowder,Tailwind|Timid||F|||50|]Incineroar||PasshoBerry|Intimidate|PartingShot,FakeOut,ThroatChop,FlareBlitz|Careful||F|||50|]Sinistcha||KasibBerry|Hospitality|MatchaGotcha,RagePowder,TrickRoom,Protect|Serious|||||50|]Delphox||Delphoxite|Blaze|HeatWave,Psychic,Protect,NastyPlot|Timid||M|||50|]Feraligatr||Feraligite|Torrent|Liquidation,BodySlam,Protect,DragonDance|Jolly||F|||50|
|showteam|p2|Tyranitar||Tyranitarite|SandStream|RockSlide,Crunch,Protect,DragonDance|Adamant||F|||50|]Rotom-Wash||Magnet|Levitate|Thunderbolt,VoltSwitch,HydroPump,Protect|Modest|||||50|]Excadrill||FocusSash|SandRush|RockSlide,Earthquake,IronHead,Protect|Adamant||F|||50|]Typhlosion-Hisui||ChoiceScarf|Blaze|Eruption,Flamethrower,ShadowBall,HeatWave|Timid||F|||50|]Venusaur||Venusaurite|Chlorophyll|EarthPower,SludgeBomb,GigaDrain,Protect|Modest||F|||50|]Farigiraf||SitrusBerry|ArmorTail|Psychic,Thunderbolt,TrickRoom,HelpingHand|Modest||F|||50|
|inactive|Battle timer is ON: inactive players will automatically lose when time's up. (requested by lolgz)
|
|t:|1783938638
|teamsize|p1|4
|teamsize|p2|4
|start
|switch|p1a: Vivillon|Vivillon, L50, F|100/100
|switch|p1b: Kingambit|Kingambit, L50, M|100/100
|switch|p2a: Typhlosion|Typhlosion-Hisui, L50, F|100/100
|switch|p2b: Rotom|Rotom-Wash, L50|100/100
|turn|1
|
|t:|1783938663
|switch|p1b: Incineroar|Incineroar, L50, F|100/100
|-ability|p1b: Incineroar|Intimidate|boost
|-unboost|p2a: Typhlosion|atk|1
|-unboost|p2b: Rotom|atk|1
|move|p2a: Typhlosion|Eruption|p1a: Vivillon|[spread] p1a,p1b
|-supereffective|p1a: Vivillon|1
|-resisted|p1b: Incineroar|1
|-damage|p1a: Vivillon|0 fnt
|-damage|p1b: Incineroar|80/100
|faint|p1a: Vivillon
|move|p2b: Rotom|Thunderbolt|p1b: Incineroar
|-damage|p1b: Incineroar|41/100
|
|upkeep
|
|t:|1783938666
|switch|p1a: Kingambit|Kingambit, L50, M|100/100
|turn|2
|
|t:|1783938685
|switch|p2a: Tyranitar|Tyranitar, L50, F|100/100
|-weather|Sandstorm|[from] ability: Sand Stream|[of] p2a: Tyranitar
|move|p1a: Kingambit|Sucker Punch||[still]
|-fail|p1a: Kingambit
|move|p2b: Rotom|Thunderbolt|p1b: Incineroar
|-damage|p1b: Incineroar|3/100
|-status|p1b: Incineroar|par
|move|p1b: Incineroar|Parting Shot|p2b: Rotom
|-unboost|p2b: Rotom|atk|1
|-unboost|p2b: Rotom|spa|1
|
|t:|1783938691
|switch|p1b: Feraligatr|Feraligatr, L50, F|100/100|[from] Parting Shot
|
|-weather|Sandstorm|[upkeep]
|-damage|p1b: Feraligatr|93/100|[from] Sandstorm
|-damage|p2b: Rotom|94/100|[from] Sandstorm
|upkeep
|turn|3
|inactive|carmelotb has 30 seconds left.
|inactive|carmelotb has 20 seconds left.
|inactive|carmelotb has 15 seconds left.
|
|t:|1783938732
|detailschange|p1b: Feraligatr|Feraligatr-Mega, L50, F
|-mega|p1b: Feraligatr|Feraligatr|Feraligite
|detailschange|p2a: Tyranitar|Tyranitar-Mega, L50, F
|-mega|p2a: Tyranitar|Tyranitar|Tyranitarite
|move|p1b: Feraligatr|Dragon Dance|p1b: Feraligatr
|-boost|p1b: Feraligatr|atk|1
|-boost|p1b: Feraligatr|spe|1
|move|p2b: Rotom|Volt Switch|p1b: Feraligatr
|-damage|p1b: Feraligatr|71/100
|
|t:|1783938740
|switch|p2b: Excadrill|Excadrill, L50, F|100/100|[from] Volt Switch
|move|p2a: Tyranitar|Dragon Dance|p2a: Tyranitar
|-boost|p2a: Tyranitar|atk|1
|-boost|p2a: Tyranitar|spe|1
|move|p1a: Kingambit|Swords Dance|p1a: Kingambit
|-boost|p1a: Kingambit|atk|2
|
|-weather|Sandstorm|[upkeep]
|-damage|p1b: Feraligatr|65/100|[from] Sandstorm
|upkeep
|turn|4
|
|t:|1783938755
|move|p2b: Excadrill|Protect|p2b: Excadrill
|-singleturn|p2b: Excadrill|Protect
|move|p1a: Kingambit|Protect|p1a: Kingambit
|-singleturn|p1a: Kingambit|Protect
|move|p1b: Feraligatr|Liquidation|p2b: Excadrill
|-activate|p2b: Excadrill|move: Protect
|move|p2a: Tyranitar|Rock Slide|p1b: Feraligatr|[spread] p1b
|-activate|p1a: Kingambit|move: Protect
|-damage|p1b: Feraligatr|23/100
|
|-weather|Sandstorm|[upkeep]
|-damage|p1b: Feraligatr|17/100|[from] Sandstorm
|upkeep
|turn|5
|
|t:|1783938762
|move|p1a: Kingambit|Sucker Punch|p2b: Excadrill
|-enditem|p2b: Excadrill|Focus Sash
|-damage|p2b: Excadrill|1/100
|move|p2b: Excadrill|Earthquake|p1b: Feraligatr|[spread] p2a,p1a,p1b
|-supereffective|p2a: Tyranitar|1
|-supereffective|p1a: Kingambit|1
|-damage|p2a: Tyranitar|50/100g
|-damage|p1a: Kingambit|39/100
|-damage|p1b: Feraligatr|0 fnt
|faint|p1b: Feraligatr
|move|p2a: Tyranitar|Rock Slide|p1a: Kingambit
|-resisted|p1a: Kingambit|1
|-crit|p1a: Kingambit
|-damage|p1a: Kingambit|3/100
|
|-weather|Sandstorm|[upkeep]
|upkeep
|
|t:|1783938768
|switch|p1b: Incineroar|Incineroar, L50, F|3/100 par
|-ability|p1b: Incineroar|Intimidate|boost
|-unboost|p2a: Tyranitar|atk|1
|-unboost|p2b: Excadrill|atk|1
|turn|6
|-message|lolgz forfeited.
|raw|lolgz's rating: 1109 → 1086(-23 for losing)
|raw|carmelotb's rating: 1135 → 1158(+23 for winning)
|
|win|carmelotb
