|j|☆testdigi
|j|☆Pikapower25
|html|testdigiPikapower25    
|uhtml|bestof|Game 2 of a best-of-3
|t:|1784904066
|gametype|doubles
|player|p1|testdigi|101|1109
|player|p2|Pikapower25|2|1107
|gen|9
|tier|[Gen 9 Champions] VGC 2026 Reg M-B (Bo3)
|rated|
|rule|Species Clause: Limit one of each Pokémon
|rule|Item Clause: Limit 1 of each item
|clearpoke
|poke|p1|Raichu, L50, F|
|poke|p1|Sinistcha, L50|
|poke|p1|Corviknight, L50, F|
|poke|p1|Sylveon, L50, F|
|poke|p1|Garchomp, L50, M|
|poke|p1|Tyranitar, L50, M|
|poke|p2|Raichu, L50, F|
|poke|p2|Mamoswine, L50, F|
|poke|p2|Chandelure, L50, M|
|poke|p2|Corviknight, L50, F|
|poke|p2|Alcremie, L50, F|
|poke|p2|Mr. Rime, L50, M|
|teampreview|4
|showteam|p1|Raichu||RaichuniteY|LightningRod|ZapCannon,FocusBlast,FakeOut,Protect|Timid||F|||50|]Sinistcha||KasibBerry|Hospitality|MatchaGotcha,ShadowBall,RagePowder,Protect|Modest|||||50|]Corviknight||OccaBerry|MirrorArmor|IronHead,BraveBird,Tailwind,Protect|Adamant||F|||50|]Sylveon||FairyFeather|Pixilate|HyperVoice,QuickAttack,Yawn,Detect|Modest||F|||50|]Garchomp||SitrusBerry|RoughSkin|DragonClaw,StompingTantrum,RockSlide,Protect|Adamant||M|||50|]Tyranitar||FocusSash|SandStream|RockSlide,KnockOff,Superpower,Protect|Adamant||M|||50|
|showteam|p2|Raichu||RaichuniteY|LightningRod|ZapCannon,FocusBlast,FakeOut,Protect|Timid||F|||50|]Mamoswine||LifeOrb|Oblivious|HighHorsepower,IcicleCrash,IceShard,Protect|Adamant||F|||50|]Chandelure||Chandelurite|FlashFire|HeatWave,ShadowBall,EnergyBall,Protect|Modest||M|||50|]Corviknight||Leftovers|MirrorArmor|Roost,BodyPress,HeavySlam,BulkUp|Adamant||F|||50|]Alcremie||FairyFeather|AromaVeil|Decorate,HelpingHand,EnergyBall,AlluringVoice|Timid||F|||50|]Mr. Rime||SitrusBerry|ScreenCleaner|SheerCold,Psychic,Protect,RolePlay|Bold||M|||50|
|inactive|Battle timer is ON: inactive players will automatically lose when time's up. (requested by testdigi)
|
|t:|1784904096
|teamsize|p1|4
|teamsize|p2|4
|start
|switch|p1a: Corviknight|Corviknight, L50, F|100/100
|switch|p1b: Raichu|Raichu, L50, F|100/100
|switch|p2a: Raichu|Raichu, L50, F|100/100
|switch|p2b: Chandelure|Chandelure, L50, M|100/100
|turn|1
|inactive|testdigi has 30 seconds left.
|
|t:|1784904123
|switch|p1a: Tyranitar|Tyranitar, L50, M|100/100
|-weather|Sandstorm|[from] ability: Sand Stream|[of] p1a: Tyranitar
|detailschange|p1b: Raichu|Raichu-Mega-Y, L50, F
|-mega|p1b: Raichu|Raichu|Raichunite Y
|detailschange|p2b: Chandelure|Chandelure-Mega, L50, M
|-mega|p2b: Chandelure|Chandelure|Chandelurite
|move|p2a: Raichu|Fake Out|p1b: Raichu
|-damage|p1b: Raichu|86/100
|cant|p1b: Raichu|flinch
|move|p2b: Chandelure|Heat Wave|p1b: Raichu|[spread] p1a,p1b
|-resisted|p1a: Tyranitar|1
|-damage|p1a: Tyranitar|83/100
|-damage|p1b: Raichu|23/100
|
|-weather|Sandstorm|[upkeep]
|-damage|p1b: Raichu|17/100|[from] Sandstorm
|-damage|p2a: Raichu|93/100|[from] Sandstorm
|-damage|p2b: Chandelure|94/100|[from] Sandstorm
|upkeep
|turn|2
|inactive|Pikapower25 has 30 seconds left.
|
|t:|1784904151
|move|p1b: Raichu|Protect|p1b: Raichu
|-singleturn|p1b: Raichu|Protect
|move|p2a: Raichu|Focus Blast|p1a: Tyranitar
|-supereffective|p1a: Tyranitar|2
|-damage|p1a: Tyranitar|14/100
|move|p1a: Tyranitar|Rock Slide|p2b: Chandelure|[spread] p2a,p2b
|-supereffective|p2b: Chandelure|1
|-damage|p2a: Raichu|41/100
|-damage|p2b: Chandelure|28/100
|cant|p2b: Chandelure|flinch
|
|-weather|Sandstorm|[upkeep]
|-damage|p1b: Raichu|11/100|[from] Sandstorm
|-damage|p2a: Raichu|35/100|[from] Sandstorm
|-damage|p2b: Chandelure|22/100|[from] Sandstorm
|upkeep
|turn|3
|
|t:|1784904170
|move|p1a: Tyranitar|Protect|p1a: Tyranitar
|-singleturn|p1a: Tyranitar|Protect
|move|p1b: Raichu|Focus Blast|p2a: Raichu
|-damage|p2a: Raichu|0 fnt
|faint|p2a: Raichu
|move|p2b: Chandelure|Heat Wave|p1a: Tyranitar|[spread] p1b
|-activate|p1a: Tyranitar|move: Protect
|-damage|p1b: Raichu|0 fnt
|faint|p1b: Raichu
|
|-weather|Sandstorm|[upkeep]
|-damage|p2b: Chandelure|16/100|[from] Sandstorm
|upkeep
|
|t:|1784904189
|switch|p1b: Corviknight|Corviknight, L50, F|100/100
|switch|p2a: Corviknight|Corviknight, L50, F|100/100
|turn|4
|
|t:|1784904199
|move|p2b: Chandelure|Protect|p2b: Chandelure
|-singleturn|p2b: Chandelure|Protect
|move|p1a: Tyranitar|Knock Off|p2b: Chandelure
|-activate|p2b: Chandelure|move: Protect
|move|p1b: Corviknight|Tailwind|p1b: Corviknight
|-sidestart|p1: testdigi|move: Tailwind
|move|p2a: Corviknight|Bulk Up|p2a: Corviknight
|-boost|p2a: Corviknight|atk|1
|-boost|p2a: Corviknight|def|1
|
|-weather|Sandstorm|[upkeep]
|-damage|p2b: Chandelure|10/100|[from] Sandstorm
|upkeep
|turn|5
|
|t:|1784904217
|switch|p2b: Mamoswine|Mamoswine, L50, F|100/100
|move|p1a: Tyranitar|Rock Slide|p2b: Mamoswine|[spread] p2a,p2b
|-damage|p2a: Corviknight|80/100
|-damage|p2b: Mamoswine|69/100
|move|p1b: Corviknight|Iron Head|p2a: Corviknight
|-resisted|p2a: Corviknight|1
|-crit|p2a: Corviknight
|-damage|p2a: Corviknight|58/100
|cant|p2a: Corviknight|flinch
|
|-weather|none
|-heal|p2a: Corviknight|64/100|[from] item: Leftovers
|upkeep
|turn|6
|
|t:|1784904238
|move|p2b: Mamoswine|Ice Shard|p1a: Tyranitar
|-damage|p1a: Tyranitar|0 fnt
|faint|p1a: Tyranitar
|-damage|p2b: Mamoswine|60/100|[from] item: Life Orb
|move|p1b: Corviknight|Iron Head|p2a: Corviknight
|-resisted|p2a: Corviknight|1
|-damage|p2a: Corviknight|53/100
|move|p2a: Corviknight|Bulk Up|p2a: Corviknight
|-boost|p2a: Corviknight|atk|1
|-boost|p2a: Corviknight|def|1
|
|-heal|p2a: Corviknight|60/100|[from] item: Leftovers
|upkeep
|
|t:|1784904241
|switch|p1a: Sylveon|Sylveon, L50, F|100/100
|turn|7
|
|t:|1784904256
|move|p1a: Sylveon|Detect|p1a: Sylveon
|-singleturn|p1a: Sylveon|Protect
|move|p1b: Corviknight|Iron Head|p2b: Mamoswine
|-supereffective|p2b: Mamoswine|1
|-damage|p2b: Mamoswine|0 fnt
|faint|p2b: Mamoswine
|move|p2a: Corviknight|Heavy Slam|p1a: Sylveon
|-activate|p1a: Sylveon|move: Protect
|
|-heal|p2a: Corviknight|66/100|[from] item: Leftovers
|-sideend|p1: testdigi|move: Tailwind
|upkeep
|
|t:|1784904268
|switch|p2b: Chandelure|Chandelure-Mega, L50, M|10/100
|turn|8
|
|t:|1784904274
|move|p1a: Sylveon|Quick Attack|p2b: Chandelure
|-resisted|p2b: Chandelure|1
|-damage|p2b: Chandelure|4/100
|move|p2b: Chandelure|Heat Wave|p1b: Corviknight|[spread] p1a,p1b
|-supereffective|p1b: Corviknight|1
|-enditem|p1b: Corviknight|Occa Berry|[eat]
|-enditem|p1b: Corviknight|Occa Berry|[weaken]
|-damage|p1a: Sylveon|61/100
|-damage|p1b: Corviknight|43/100
|move|p1b: Corviknight|Tailwind|p1b: Corviknight
|-sidestart|p1: testdigi|move: Tailwind
|move|p2a: Corviknight|Heavy Slam|p1a: Sylveon
|-supereffective|p1a: Sylveon|1
|-damage|p1a: Sylveon|0 fnt
|faint|p1a: Sylveon
|
|-heal|p2a: Corviknight|72/100|[from] item: Leftovers
|upkeep
|turn|9
|-message|testdigi forfeited.
|
|win|Pikapower25
