|j|☆prove it to ya
|j|☆Gundnub
|html|prove it to yaGundnub    
|uhtml|bestof|Game 2 of a best-of-3
|t:|1786093594
|gametype|doubles
|player|p1|prove it to ya|pokemonranger-gen4|
|player|p2|Gundnub|170|
|gen|9
|tier|[Gen 9 Champions] VGC 2026 Reg M-B (Bo3)
|rule|Species Clause: Limit one of each Pokémon
|rule|Item Clause: Limit 1 of each item
|clearpoke
|poke|p1|Kingambit, L50, F|
|poke|p1|Gardevoir, L50, M|
|poke|p1|Talonflame, L50, F|
|poke|p1|Maushold, L50|
|poke|p1|Basculegion, L50, M|
|poke|p1|Garchomp, L50, M|
|poke|p2|Staraptor, L50, M|
|poke|p2|Garchomp, L50, M|
|poke|p2|Whimsicott, L50, M|
|poke|p2|Delphox, L50, M|
|poke|p2|Glimmora, L50, M|
|poke|p2|Kingambit, L50, M|
|teampreview|4
|showteam|p1|Kingambit||FocusSash|Defiant|KowtowCleave,IronHead,SuckerPunch,LowKick|Adamant||F|||50|]Gardevoir||Gardevoirite|Telepathy|HyperVoice,Psyshock,TrickRoom,Protect|Modest||M|||50|]Talonflame||LifeOrb|GaleWings|DualWingbeat,FlareBlitz,Tailwind,Protect|Jolly||F|||50|]Maushold||ChopleBerry|FriendGuard|Feint,SuperFang,FollowMe,Protect|Impish|||||50|]Basculegion||MysticWater|Adaptability|WaveCrash,LastRespects,AquaJet,Protect|Adamant||M|||50|]Garchomp||SitrusBerry|RoughSkin|Earthquake,StompingTantrum,RockTomb,Protect|Adamant||M|||50|
|showteam|p2|Staraptor||Staraptite|Intimidate|Protect,Roost,CloseCombat,BraveBird|Jolly||M|||50|]Garchomp||LifeOrb|RoughSkin|Protect,RockSlide,Earthquake,DragonClaw|Jolly||M|||50|]Whimsicott||OccaBerry|Prankster|Moonblast,Tailwind,Charm,LightScreen|Timid||M|||50|]Delphox||Delphoxite|Magician|Protect,Psychic,HeatWave,Substitute|Timid||M|||50|]Glimmora||FocusSash|ToxicDebris|SpikyShield,SludgeBomb,EarthPower,PowerGem|Timid||M|||50|]Kingambit||ChopleBerry|Defiant|SuckerPunch,LowKick,IronHead,KowtowCleave|Adamant||M|||50|
|
|t:|1786093622
|teamsize|p1|4
|teamsize|p2|4
|start
|switch|p1a: Gardevoir|Gardevoir, L50, M|100/100
|switch|p1b: Kingambit|Kingambit, L50, F|100/100
|switch|p2a: Staraptor|Staraptor, L50, M|100/100
|switch|p2b: Glimmora|Glimmora, L50, M|100/100
|-ability|p2a: Staraptor|Intimidate|boost
|-unboost|p1a: Gardevoir|atk|1
|-unboost|p1b: Kingambit|atk|1
|-ability|p1b: Kingambit|Defiant|boost
|-boost|p1b: Kingambit|atk|2
|turn|1
|
|t:|1786093674
|detailschange|p2a: Staraptor|Staraptor-Mega, L50, M
|-mega|p2a: Staraptor|Staraptor|Staraptite
|detailschange|p1a: Gardevoir|Gardevoir-Mega, L50, M
|-mega|p1a: Gardevoir|Gardevoir|Gardevoirite
|move|p1b: Kingambit|Sucker Punch|p2b: Glimmora
|-damage|p2b: Glimmora|20/100y
|-activate|p2b: Glimmora|ability: Toxic Debris
|-sidestart|p1: prove it to ya|move: Toxic Spikes
|move|p2a: Staraptor|Close Combat|p1b: Kingambit
|-supereffective|p1b: Kingambit|2
|-enditem|p1b: Kingambit|Focus Sash
|-damage|p1b: Kingambit|1/100
|-boost|p2a: Staraptor|def|1
|-boost|p2a: Staraptor|spd|1
|move|p2b: Glimmora|Power Gem|p1b: Kingambit
|-resisted|p1b: Kingambit|1
|-damage|p1b: Kingambit|0 fnt
|faint|p1b: Kingambit
|move|p1a: Gardevoir|Trick Room|p1a: Gardevoir
|-fieldstart|move: Trick Room|[of] p1a: Gardevoir
|
|upkeep
|
|t:|1786093698
|switch|p1b: Basculegion|Basculegion, L50, M|100/100
|-status|p1b: Basculegion|psn
|turn|2
|
|t:|1786093735
|move|p2a: Staraptor|Protect|p2a: Staraptor
|-singleturn|p2a: Staraptor|Protect
|move|p1b: Basculegion|Wave Crash|p2b: Glimmora
|-supereffective|p2b: Glimmora|1
|-damage|p2b: Glimmora|0 fnt
|-activate|p2b: Glimmora|ability: Toxic Debris
|-sidestart|p1: prove it to ya|move: Toxic Spikes
|faint|p2b: Glimmora
|-damage|p1b: Basculegion|94/100 psn|[from] Recoil
|move|p1a: Gardevoir|Hyper Voice|p2a: Staraptor
|-activate|p2a: Staraptor|move: Protect
|
|-damage|p1b: Basculegion|82/100 psn|[from] psn
|upkeep
|
|t:|1786093746
|switch|p2b: Kingambit|Kingambit, L50, M|100/100
|turn|3
|
|t:|1786093794
|move|p1a: Gardevoir|Protect|p1a: Gardevoir
|-singleturn|p1a: Gardevoir|Protect
|move|p2b: Kingambit|Iron Head|p1a: Gardevoir
|-activate|p1a: Gardevoir|move: Protect
|move|p1b: Basculegion|Wave Crash|p2a: Staraptor
|-damage|p2a: Staraptor|39/100
|-damage|p1b: Basculegion|64/100 psn|[from] Recoil
|move|p2a: Staraptor|Brave Bird|p1b: Basculegion
|-damage|p1b: Basculegion|5/100 psn
|-damage|p2a: Staraptor|18/100|[from] Recoil
|
|-damage|p1b: Basculegion|0 fnt|[from] psn
|faint|p1b: Basculegion
|upkeep
|
|t:|1786093810
|switch|p1b: Garchomp|Garchomp, L50, M|100/100
|-status|p1b: Garchomp|tox
|turn|4
|
|t:|1786093847
|move|p1a: Gardevoir|Protect||[still]
|-fail|p1a: Gardevoir
|move|p2b: Kingambit|Iron Head|p1a: Gardevoir
|-supereffective|p1a: Gardevoir|1
|-damage|p1a: Gardevoir|0 fnt
|faint|p1a: Gardevoir
|move|p1b: Garchomp|Rock Tomb|p2a: Staraptor
|-damage|p2a: Staraptor|3/100
|-boost|p2a: Staraptor|spe|1
|move|p2a: Staraptor|Roost|p2a: Staraptor
|-heal|p2a: Staraptor|54/100
|-singleturn|p2a: Staraptor|move: Roost
|
|-damage|p1b: Garchomp|94/100 tox|[from] psn
|upkeep
|turn|5
|
|t:|1786093874
|move|p2a: Staraptor|Protect|p2a: Staraptor
|-singleturn|p2a: Staraptor|Protect
|move|p2b: Kingambit|Iron Head|p1b: Garchomp
|-damage|p1b: Garchomp|53/100 tox
|-damage|p2b: Kingambit|87/100|[from] ability: Rough Skin|[of] p1b: Garchomp
|cant|p1b: Garchomp|flinch
|
|-damage|p1b: Garchomp|41/100 tox|[from] psn
|-fieldend|move: Trick Room
|upkeep
|-enditem|p1b: Garchomp|Sitrus Berry|[eat]
|-heal|p1b: Garchomp|66/100 tox|[from] item: Sitrus Berry
|turn|6
|
|t:|1786093890
|move|p2b: Kingambit|Sucker Punch|p1b: Garchomp
|-damage|p1b: Garchomp|35/100 tox
|-damage|p2b: Kingambit|75/100|[from] ability: Rough Skin|[of] p1b: Garchomp
|move|p2a: Staraptor|Close Combat|p1b: Garchomp
|-damage|p1b: Garchomp|0 fnt
|-boost|p2a: Staraptor|def|1
|-boost|p2a: Staraptor|spd|1
|-damage|p2a: Staraptor|41/100|[from] ability: Rough Skin|[of] p1b: Garchomp
|faint|p1b: Garchomp
|
|win|Gundnub
