|j|☆axolotlwooper
|j|☆predatorssg
|html|axolotlwooperpredatorssg    
|uhtml|bestof|Game 2 of a best-of-3
|t:|1785763716
|gametype|doubles
|player|p1|axolotlwooper|linebacker|1164
|player|p2|predatorssg|266|1218
|gen|9
|tier|[Gen 9 Champions] VGC 2026 Reg M-B (Bo3)
|rated|
|rule|Species Clause: Limit one of each Pokémon
|rule|Item Clause: Limit 1 of each item
|clearpoke
|poke|p1|Farigiraf, L50, F|
|poke|p1|Absol, L50, F|
|poke|p1|Blastoise, L50, F, shiny|
|poke|p1|Camerupt, L50, F|
|poke|p1|Tinkaton, L50, F|
|poke|p1|Vanilluxe, L50, M|
|poke|p2|Archaludon, L50, M|
|poke|p2|Pelipper, L50, M|
|poke|p2|Grimmsnarl, L50, M|
|poke|p2|Swampert, L50, F|
|poke|p2|Talonflame, L50, M|
|poke|p2|Gardevoir, L50, F|
|teampreview|4
|showteam|p1|Farigiraf||SitrusBerry|ArmorTail|PsychicFangs,HyperVoice,BeatUp,TrickRoom|Relaxed||F|||50|]Absol||LifeOrb|Justified|RockSlide,SuckerPunch,CloseCombat,Protect|Brave||F|||50|]Blastoise||Blastoisinite|RainDish|WaterSpout,DarkPulse,AuraSphere,FakeOut|Quiet||F|||50|]Camerupt||Cameruptite|SolidRock|HeatWave,EarthPower,AncientPower,Protect|Quiet||F|||50|]Tinkaton||MetalCoat|MoldBreaker|GigatonHammer,PlayRough,Feint,FakeOut|Brave||F|||50|]Vanilluxe||NeverMeltIce|SnowWarning|Blizzard,FreezeDry,IceShard,Protect|Quiet||M|||50|
|showteam|p2|Archaludon||Leftovers|Stamina|ElectroShot,AuraSphere,FlashCannon,Protect|Modest||M|||50|]Pelipper||SitrusBerry|Drizzle|HelpingHand,WeatherBall,Hurricane,WideGuard|Modest||M|||50|]Grimmsnarl||LightClay|Prankster|PartingShot,SpiritBreak,Reflect,LightScreen|Calm||M|||50|]Swampert||Swampertite|Torrent|WaveCrash,Earthquake,IcePunch,Protect|Adamant||F|||50|]Talonflame||FocusSash|GaleWings|Protect,Tailwind,RainDance,DualWingbeat|Jolly||M|||50|]Gardevoir||Gardevoirite|Synchronize|Protect,HyperVoice,Psychic,Thunderbolt|Modest||F|||50|
|inactive|Battle timer is ON: inactive players will automatically lose when time's up. (requested by axolotlwooper)
|
|t:|1785763737
|teamsize|p1|4
|teamsize|p2|4
|start
|switch|p1a: Farigiraf|Farigiraf, L50, F|100/100
|switch|p1b: Blastoise|Blastoise, L50, F, shiny|100/100
|switch|p2a: Grimmsnarl|Grimmsnarl, L50, M|100/100
|switch|p2b: Archaludon|Archaludon, L50, M|100/100
|turn|1
|
|t:|1785763755
|detailschange|p1b: Blastoise|Blastoise-Mega, L50, F, shiny
|-mega|p1b: Blastoise|Blastoise|Blastoisinite
|move|p2a: Grimmsnarl|Light Screen|p2a: Grimmsnarl
|-sidestart|p2: predatorssg|move: Light Screen
|move|p2b: Archaludon|Flash Cannon|p1a: Farigiraf
|-damage|p1a: Farigiraf|61/100
|move|p1b: Blastoise|Aura Sphere|p2b: Archaludon
|-supereffective|p2b: Archaludon|1
|-damage|p2b: Archaludon|26/100
|-ability|p2b: Archaludon|Stamina|boost
|-boost|p2b: Archaludon|def|1
|move|p1a: Farigiraf|Trick Room|p1a: Farigiraf
|-fieldstart|move: Trick Room|[of] p1a: Farigiraf
|
|-heal|p2b: Archaludon|32/100|[from] item: Leftovers
|upkeep
|turn|2
|
|t:|1785763775
|move|p2b: Archaludon|Protect|p2b: Archaludon
|-singleturn|p2b: Archaludon|Protect
|move|p1a: Farigiraf|Hyper Voice|p2a: Grimmsnarl|[spread] p2a
|-activate|p2b: Archaludon|move: Protect
|-damage|p2a: Grimmsnarl|82/100
|move|p2a: Grimmsnarl|Spirit Break|p1b: Blastoise
|-crit|p1b: Blastoise
|-damage|p1b: Blastoise|68/100
|-unboost|p1b: Blastoise|spa|1
|move|p1b: Blastoise|Water Spout|p2b: Archaludon|[spread] p2a
|-activate|p2b: Archaludon|move: Protect
|-damage|p2a: Grimmsnarl|64/100
|
|-heal|p2b: Archaludon|39/100|[from] item: Leftovers
|upkeep
|turn|3
|inactive|axolotlwooper has 30 seconds left.
|
|t:|1785763801
|switch|p1a: Tinkaton|Tinkaton, L50, F|100/100
|-ability|p1a: Tinkaton|Mold Breaker
|move|p2a: Grimmsnarl|Spirit Break|p1b: Blastoise
|-damage|p1b: Blastoise|44/100
|-unboost|p1b: Blastoise|spa|1
|move|p1b: Blastoise|Aura Sphere|p2b: Archaludon
|-supereffective|p2b: Archaludon|1
|-damage|p2b: Archaludon|1/100
|-ability|p2b: Archaludon|Stamina|boost
|-boost|p2b: Archaludon|def|1
|move|p2b: Archaludon|Flash Cannon|p1a: Tinkaton
|-damage|p1a: Tinkaton|59/100
|
|-heal|p2b: Archaludon|7/100|[from] item: Leftovers
|upkeep
|turn|4
|inactive|axolotlwooper has 30 seconds left.
|
|t:|1785763830
|move|p2a: Grimmsnarl|Reflect|p2a: Grimmsnarl
|-sidestart|p2: predatorssg|Reflect
|move|p1b: Blastoise|Aura Sphere|p2b: Archaludon
|-supereffective|p2b: Archaludon|1
|-damage|p2b: Archaludon|0 fnt
|faint|p2b: Archaludon
|move|p1a: Tinkaton|Gigaton Hammer|p2a: Grimmsnarl
|-supereffective|p2a: Grimmsnarl|1
|-damage|p2a: Grimmsnarl|0 fnt
|faint|p2a: Grimmsnarl
|
|upkeep
|
|t:|1785763838
|switch|p2a: Pelipper|Pelipper, L50, M|100/100
|switch|p2b: Swampert|Swampert, L50, F|100/100
|-weather|RainDance|[from] ability: Drizzle|[of] p2a: Pelipper
|turn|5
|
|t:|1785763848
|detailschange|p2b: Swampert|Swampert-Mega, L50, F
|-mega|p2b: Swampert|Swampert|Swampertite
|move|p2a: Pelipper|Helping Hand|p2b: Swampert
|-singleturn|p2b: Swampert|Helping Hand|[of] p2a: Pelipper
|move|p1b: Blastoise|Dark Pulse|p2a: Pelipper
|-damage|p2a: Pelipper|79/100
|move|p1a: Tinkaton|Play Rough|p2a: Pelipper
|-damage|p2a: Pelipper|55/100
|move|p2b: Swampert|Earthquake|p1b: Blastoise|[spread] p1a,p1b
|-immune|p2a: Pelipper
|-supereffective|p1a: Tinkaton|1
|-damage|p1a: Tinkaton|0 fnt
|-damage|p1b: Blastoise|0 fnt
|faint|p1a: Tinkaton
|faint|p1b: Blastoise
|
|-weather|RainDance|[upkeep]
|-fieldend|move: Trick Room
|upkeep
|
|t:|1785763862
|switch|p1a: Farigiraf|Farigiraf, L50, F|61/100
|switch|p1b: Vanilluxe|Vanilluxe, L50, M|100/100
|-weather|Snowscape|[from] ability: Snow Warning|[of] p1b: Vanilluxe
|turn|6
|
|t:|1785763874
|move|p2a: Pelipper|Helping Hand|p2b: Swampert
|-singleturn|p2b: Swampert|Helping Hand|[of] p2a: Pelipper
|move|p2b: Swampert|Wave Crash|p1b: Vanilluxe
|-damage|p1b: Vanilluxe|10/100
|-damage|p2b: Swampert|73/100|[from] Recoil
|move|p1b: Vanilluxe|Freeze-Dry|p2b: Swampert
|-supereffective|p2b: Swampert|2
|-damage|p2b: Swampert|0 fnt
|faint|p2b: Swampert
|move|p1a: Farigiraf|Trick Room|p1a: Farigiraf
|-fieldstart|move: Trick Room|[of] p1a: Farigiraf
|
|-weather|Snowscape|[upkeep]
|upkeep
|turn|7
|
|t:|1785763894
|move|p1a: Farigiraf|Hyper Voice|p2a: Pelipper
|-damage|p2a: Pelipper|26/100
|-enditem|p2a: Pelipper|Sitrus Berry|[eat]
|-heal|p2a: Pelipper|51/100|[from] item: Sitrus Berry
|move|p1b: Vanilluxe|Freeze-Dry|p2a: Pelipper
|-supereffective|p2a: Pelipper|2
|-damage|p2a: Pelipper|0 fnt
|faint|p2a: Pelipper
|
|win|axolotlwooper
||predatorssg is ready for game 3.
||axolotlwooper is ready for game 3.
|uhtml|next|Next: Game 3 of 3
