|j|☆2026riplumbo
|j|☆knoxvillninja
|html|2026riplumboknoxvillninja    
|uhtml|bestof|Game 1 of a best-of-3
|t:|1783885720
|gametype|doubles
|player|p1|2026riplumbo|102|
|player|p2|knoxvillninja|102|
|gen|9
|tier|[Gen 9 Champions] VGC 2026 Reg M-B (Bo3)
|rule|Species Clause: Limit one of each Pokémon
|rule|Item Clause: Limit 1 of each item
|clearpoke
|poke|p1|Raichu, L50, F|
|poke|p1|Whimsicott, L50, M|
|poke|p1|Sylveon, L50, F|
|poke|p1|Hydreigon, L50, M|
|poke|p1|Empoleon, L50, M|
|poke|p1|Infernape, L50, M|
|poke|p2|Charizard, L50, F|
|poke|p2|Basculegion, L50, M|
|poke|p2|Aerodactyl, L50, F|
|poke|p2|Venusaur, L50, F|
|poke|p2|Krookodile, L50, M|
|poke|p2|Greninja, L50, F|
|teampreview|4
|showteam|p1|Raichu||RaichuniteY|LightningRod|FakeOut,FocusBlast,ZapCannon,Protect|Jolly||F|||50|]Whimsicott||FocusSash|Prankster|Tailwind,Moonblast,Encore,Protect|Timid||M|||50|]Sylveon||FairyFeather|Pixilate|HyperVoice,HyperBeam,QuickAttack,Protect|Modest||F|||50|]Hydreigon||SitrusBerry|Levitate|Snarl,DracoMeteor,EarthPower,Protect|Modest||M|||50|]Empoleon||Leftovers|Competitive|HydroPump,FlashCannon,IceBeam,Protect|Modest||M|||50|]Infernape||LifeOrb|IronFist|CloseCombat,FlareBlitz,MachPunch,ThunderPunch|Adamant||M|||50|
|showteam|p2|Charizard||CharizarditeY|Blaze|HeatWave,SolarBeam,WeatherBall,Protect|Modest||F|||50|]Basculegion||ChoiceScarf|Adaptability|LastRespects,WaveCrash,AquaJet,FlipTurn|Adamant||M|||50|]Aerodactyl||FocusSash|Unnerve|RockSlide,DualWingbeat,Tailwind,RainDance|Jolly||F|||50|]Venusaur||WideLens|Chlorophyll|SleepPowder,SludgeBomb,LeafStorm,Protect|Timid||F|||50|]Krookodile||LifeOrb|Intimidate|Earthquake,Crunch,RockSlide,Protect|Jolly||M|||50|]Greninja||Greninjite|Protean|HydroPump,DarkPulse,IceBeam,Protect|Timid||F|||50|
|inactive|Battle timer is ON: inactive players will automatically lose when time's up. (requested by 2026riplumbo)
|inactive|knoxvillninja has 60 seconds left.
|
|t:|1783885823
|teamsize|p1|4
|teamsize|p2|4
|start
|switch|p1a: Raichu|Raichu, L50, F|100/100
|switch|p1b: Whimsicott|Whimsicott, L50, M|100/100
|switch|p2a: Charizard|Charizard, L50, F|100/100
|switch|p2b: Venusaur|Venusaur, L50, F|100/100
|turn|1
|inactive|2026riplumbo has 30 seconds left.
|inactive|2026riplumbo has 20 seconds left.
|
|t:|1783885858
|switch|p1b: Infernape|Infernape, L50, M|100/100
|detailschange|p1a: Raichu|Raichu-Mega-Y, L50, F
|-mega|p1a: Raichu|Raichu|Raichunite Y
|detailschange|p2a: Charizard|Charizard-Mega-Y, L50, F
|-mega|p2a: Charizard|Charizard|Charizardite Y
|-weather|SunnyDay|[from] ability: Drought|[of] p2a: Charizard
|move|p2b: Venusaur|Sleep Powder|p1a: Raichu
|-status|p1a: Raichu|slp|[from] move: Sleep Powder
|cant|p1a: Raichu|slp
|move|p2a: Charizard|Heat Wave|p1a: Raichu|[spread] p1a
|-miss|p2a: Charizard|p1b: Infernape
|-damage|p1a: Raichu|10/100 slp
|
|-weather|SunnyDay|[upkeep]
|upkeep
|turn|2
|inactive|knoxvillninja has 30 seconds left.
|inactive|knoxvillninja has 20 seconds left.
|inactive|knoxvillninja has 15 seconds left.
|
|t:|1783885902
|switch|p2a: Krookodile|Krookodile, L50, M|100/100
|-ability|p2a: Krookodile|Intimidate|boost
|-unboost|p1a: Raichu|atk|1
|-unboost|p1b: Infernape|atk|1
|move|p2b: Venusaur|Protect|p2b: Venusaur
|-singleturn|p2b: Venusaur|Protect
|-curestatus|p1a: Raichu|slp|[msg]
|move|p1a: Raichu|Protect|p1a: Raichu
|-singleturn|p1a: Raichu|Protect
|move|p1b: Infernape|Flare Blitz|p2b: Venusaur
|-activate|p2b: Venusaur|move: Protect
|
|-weather|SunnyDay|[upkeep]
|upkeep
|turn|3
|inactive|2026riplumbo has 30 seconds left.
|inactive|knoxvillninja has 30 seconds left.
|inactive|knoxvillninja has 20 seconds left.
|
|t:|1783885939
|switch|p1a: Whimsicott|Whimsicott, L50, M|100/100
|move|p2b: Venusaur|Sludge Bomb|p1a: Whimsicott
|-supereffective|p1a: Whimsicott|2
|-enditem|p1a: Whimsicott|Focus Sash
|-damage|p1a: Whimsicott|1/100
|-status|p1a: Whimsicott|psn
|move|p1b: Infernape|Flare Blitz|p2b: Venusaur
|-supereffective|p2b: Venusaur|1
|-damage|p2b: Venusaur|0 fnt
|faint|p2b: Venusaur
|-damage|p1b: Infernape|66/100|[from] Recoil
|-damage|p1b: Infernape|56/100|[from] item: Life Orb
|move|p2a: Krookodile|Earthquake|p1b: Infernape|[spread] p1a,p1b
|-resisted|p1a: Whimsicott|1
|-supereffective|p1b: Infernape|1
|-damage|p1a: Whimsicott|0 fnt
|-damage|p1b: Infernape|0 fnt
|faint|p1a: Whimsicott
|faint|p1b: Infernape
|-damage|p2a: Krookodile|90/100|[from] item: Life Orb
|
|-weather|SunnyDay|[upkeep]
|upkeep
|inactive|knoxvillninja has 30 seconds left.
|
|t:|1783885968
|switch|p1a: Sylveon|Sylveon, L50, F|100/100
|switch|p1b: Raichu|Raichu-Mega-Y, L50, F|10/100
|switch|p2b: Basculegion|Basculegion, L50, M|100/100
|turn|4
|inactive|2026riplumbo has 30 seconds left.
|inactive|knoxvillninja has 30 seconds left.
|inactive|knoxvillninja has 20 seconds left.
|
|t:|1783886008
|move|p1b: Raichu|Fake Out|p2a: Krookodile
|-damage|p2a: Krookodile|78/100
|move|p2b: Basculegion|Aqua Jet|p1b: Raichu
|-damage|p1b: Raichu|0 fnt
|faint|p1b: Raichu
|cant|p2a: Krookodile|flinch
|move|p1a: Sylveon|Hyper Voice|p2b: Basculegion|[spread] p2a,p2b
|-supereffective|p2a: Krookodile|1
|-damage|p2a: Krookodile|0 fnt
|-damage|p2b: Basculegion|55/100
|faint|p2a: Krookodile
|
|-weather|SunnyDay|[upkeep]
|upkeep
|
|t:|1783886022
|switch|p2a: Charizard|Charizard-Mega-Y, L50, F|100/100
|turn|5
|
|t:|1783886040
|move|p1a: Sylveon|Protect|p1a: Sylveon
|-singleturn|p1a: Sylveon|Protect
|move|p2b: Basculegion|Aqua Jet|p1a: Sylveon
|-activate|p1a: Sylveon|move: Protect
|move|p2a: Charizard|Solar Beam||[still]
|-prepare|p2a: Charizard|Solar Beam
|-anim|p2a: Charizard|Solar Beam|p1a: Sylveon
|-activate|p1a: Sylveon|move: Protect
|
|-weather|none
|upkeep
|turn|6
|
|t:|1783886053
|move|p2b: Basculegion|Aqua Jet|p1a: Sylveon
|-damage|p1a: Sylveon|68/100
|move|p2a: Charizard|Solar Beam||[still]
|-prepare|p2a: Charizard|Solar Beam
|move|p1a: Sylveon|Hyper Voice|p2b: Basculegion|[spread] p2a,p2b
|-resisted|p2a: Charizard|1
|-damage|p2a: Charizard|80/100
|-damage|p2b: Basculegion|10/100
|
|upkeep
|turn|7
|
|t:|1783886067
|move|p2b: Basculegion|Aqua Jet|p1a: Sylveon
|-damage|p1a: Sylveon|30/100
|move|p1a: Sylveon|Quick Attack|p2b: Basculegion
|-damage|p2b: Basculegion|0 fnt
|faint|p2b: Basculegion
|move|p2a: Charizard|Solar Beam|p1a: Sylveon|[from] lockedmove
|-damage|p1a: Sylveon|0 fnt
|faint|p1a: Sylveon
|
|win|knoxvillninja
|inactive|2026riplumbo has 30 seconds to confirm battle start!
|inactive|knoxvillninja has 30 seconds to confirm battle start!
||2026riplumbo is ready for game 2.
|inactive|knoxvillninja has 20 seconds to confirm battle start!
|l|☆knoxvillninja
|player|p2|
|inactive|knoxvillninja has 10 seconds to confirm battle start!
|uhtml|next|Next: Game 2 of 3
|l|☆2026riplumbo
|player|p1|
|j|☆knoxvillninja
|player|p2|knoxvillninja|102|
