|j|☆SomeKidJon
|j|☆Prepucio Perez
|html|SomeKidJonPrepucio Perez    
|uhtml|bestof|Game 2 of a best-of-3
|t:|1782754024
|gametype|doubles
|player|p1|SomeKidJon|scientistf|1392
|player|p2|Prepucio Perez|265|1336
|gen|9
|tier|[Gen 9 Champions] VGC 2026 Reg M-B (Bo3)
|rated|
|rule|Species Clause: Limit one of each Pokémon
|rule|Item Clause: Limit 1 of each item
|clearpoke
|poke|p1|Camerupt, L50, M|
|poke|p1|Farigiraf, L50, F, shiny|
|poke|p1|Incineroar, L50, M|
|poke|p1|Primarina, L50, M|
|poke|p1|Ninetales-Alola, L50, F|
|poke|p1|Pinsir, L50, F|
|poke|p2|Incineroar, L50, F|
|poke|p2|Sinistcha-Masterpiece, L50, shiny|
|poke|p2|Floette-Eternal, L50, F|
|poke|p2|Kingambit, L50, M|
|poke|p2|Sneasler, L50, M|
|poke|p2|Delphox, L50, F, shiny|
|teampreview|4
|showteam|p1|Camerupt||Cameruptite|SolidRock|Protect,AncientPower,EarthPower,HeatWave|Quiet||M|||50|]Farigiraf||SitrusBerry|ArmorTail|Thunderbolt,TrickRoom,DazzlingGleam,Protect|Calm||F|||50|]Incineroar||PasshoBerry|Intimidate|PartingShot,FakeOut,FlareBlitz,ThroatChop|Careful||M|||50|]Primarina||Leftovers|LiquidVoice|HyperVoice,Protect,Moonblast,CalmMind|Modest||M|||50|]Ninetales-Alola||LightClay|SnowWarning|FreezeDry,Blizzard,Protect,AuroraVeil|Timid||F|||50|]Pinsir||Pinsirite|HyperCutter|Protect,Feint,BodySlam,CloseCombat|Jolly||F|||50|
|showteam|p2|Incineroar||SitrusBerry|Intimidate|FakeOut,PartingShot,ThroatChop,FlareBlitz|Careful||F|||50|]Sinistcha-Masterpiece||KasibBerry|Hospitality|MatchaGotcha,LifeDew,RagePowder,TrickRoom|Bold|||||50|]Floette-Eternal||Floettite|FlowerVeil|Moonblast,DazzlingGleam,CalmMind,Protect|Modest||F|||50|]Kingambit||BlackGlasses|Defiant|KowtowCleave,SuckerPunch,SwordsDance,Protect|Adamant||M|||50|]Sneasler||FocusSash|PoisonTouch|FakeOut,CloseCombat,DireClaw,QuickGuard|Jolly||M|||50|]Delphox||Delphoxite|Blaze|HeatWave,Psyshock,NastyPlot,Protect|Timid||F|||50|
|
|t:|1782754049
|teamsize|p1|4
|teamsize|p2|4
|start
|switch|p1a: Incineroar|Incineroar, L50, M|100/100
|switch|p1b: Pinsir|Pinsir, L50, F|100/100
|switch|p2a: Incineroar|Incineroar, L50, F|100/100
|switch|p2b: Kingambit|Kingambit, L50, M|100/100
|-ability|p2a: Incineroar|Intimidate|boost
|-unboost|p1a: Incineroar|atk|1
|-fail|p1b: Pinsir|unboost|Attack|[from] ability: Hyper Cutter|[of] p1b: Pinsir
|-ability|p1a: Incineroar|Intimidate|boost
|-unboost|p2a: Incineroar|atk|1
|-unboost|p2b: Kingambit|atk|1
|-ability|p2b: Kingambit|Defiant|boost
|-boost|p2b: Kingambit|atk|2
|turn|1
|
|t:|1782754065
|detailschange|p1b: Pinsir|Pinsir-Mega, L50, F
|-mega|p1b: Pinsir|Pinsir|Pinsirite
|move|p2b: Kingambit|Protect|p2b: Kingambit
|-singleturn|p2b: Kingambit|Protect
|move|p1a: Incineroar|Fake Out|p2b: Kingambit
|-activate|p2b: Kingambit|move: Protect
|move|p1b: Pinsir|Close Combat|p2b: Kingambit
|-activate|p2b: Kingambit|move: Protect
|move|p2a: Incineroar|Parting Shot|p1b: Pinsir
|-unboost|p1b: Pinsir|atk|1
|-unboost|p1b: Pinsir|spa|1
|
|t:|1782754075
|switch|p2a: Floette|Floette-Eternal, L50, F|100/100|[from] Parting Shot
|
|upkeep
|turn|2
|
|t:|1782754096
|switch|p2b: Incineroar|Incineroar, L50, F|100/100
|-ability|p2b: Incineroar|Intimidate|boost
|-unboost|p1a: Incineroar|atk|1
|-unboost|p1b: Pinsir|atk|1
|detailschange|p2a: Floette|Floette-Mega, L50, F
|-mega|p2a: Floette|Floette|Floettite
|-ability|p2a: Floette|Fairy Aura
|move|p1b: Pinsir|Close Combat|p2b: Incineroar
|-supereffective|p2b: Incineroar|1
|-damage|p2b: Incineroar|58/100
|-unboost|p1b: Pinsir|def|1
|-unboost|p1b: Pinsir|spd|1
|move|p2a: Floette|Calm Mind|p2a: Floette
|-boost|p2a: Floette|spa|1
|-boost|p2a: Floette|spd|1
|move|p1a: Incineroar|Parting Shot|p2a: Floette
|-unboost|p2a: Floette|atk|1
|-unboost|p2a: Floette|spa|1
|
|t:|1782754103
|switch|p1a: Primarina|Primarina, L50, M|100/100|[from] Parting Shot
|
|upkeep
|turn|3
|
|t:|1782754112
|switch|p1b: Ninetales|Ninetales-Alola, L50, F|100/100
|-weather|Snowscape|[from] ability: Snow Warning|[of] p1b: Ninetales
|move|p2b: Incineroar|Fake Out|p1a: Primarina
|-damage|p1a: Primarina|88/100
|move|p2a: Floette|Calm Mind|p2a: Floette
|-boost|p2a: Floette|spa|1
|-boost|p2a: Floette|spd|1
|cant|p1a: Primarina|flinch
|
|-weather|Snowscape|[upkeep]
|-heal|p1a: Primarina|94/100|[from] item: Leftovers
|upkeep
|turn|4
|
|t:|1782754127
|switch|p2b: Sinistcha|Sinistcha-Masterpiece, L50, shiny|100/100
|move|p1b: Ninetales|Aurora Veil|p1b: Ninetales
|-sidestart|p1: SomeKidJon|move: Aurora Veil
|move|p2a: Floette|Dazzling Gleam|p1b: Ninetales|[spread] p1a,p1b
|-damage|p1a: Primarina|51/100
|-damage|p1b: Ninetales|50/100g
|move|p1a: Primarina|Calm Mind|p1a: Primarina
|-boost|p1a: Primarina|spa|1
|-boost|p1a: Primarina|spd|1
|
|-weather|Snowscape|[upkeep]
|-heal|p1a: Primarina|57/100|[from] item: Leftovers
|upkeep
|turn|5
|
|t:|1782754144
|move|p1b: Ninetales|Blizzard|p2b: Sinistcha|[spread] p2a,p2b
|-supereffective|p2b: Sinistcha|1
|-damage|p2a: Floette|90/100
|-damage|p2b: Sinistcha|42/100
|move|p2a: Floette|Dazzling Gleam|p1b: Ninetales|[spread] p1a,p1b
|-damage|p1a: Primarina|31/100
|-damage|p1b: Ninetales|1/100
|move|p2b: Sinistcha|Matcha Gotcha|p1b: Ninetales|[spread] p1b
|-miss|p2b: Sinistcha|p1a: Primarina
|-damage|p1b: Ninetales|0 fnt
|-heal|p2b: Sinistcha|43/100|[from] drain|[of] p1b: Ninetales
|faint|p1b: Ninetales
|move|p1a: Primarina|Moonblast|p2a: Floette
|-damage|p2a: Floette|53/100
|
|-weather|Snowscape|[upkeep]
|-heal|p1a: Primarina|36/100|[from] item: Leftovers
|upkeep
|
|t:|1782754157
|switch|p1b: Pinsir|Pinsir-Mega, L50, F|100/100
|turn|6
|
|t:|1782754162
|switch|p2b: Incineroar|Incineroar, L50, F|58/100
|-ability|p2b: Incineroar|Intimidate|boost
|-unboost|p1a: Primarina|atk|1
|-unboost|p1b: Pinsir|atk|1
|move|p2a: Floette|Protect|p2a: Floette
|-singleturn|p2a: Floette|Protect
|move|p1a: Primarina|Protect|p1a: Primarina
|-singleturn|p1a: Primarina|Protect
|move|p1b: Pinsir|Body Slam|p2b: Incineroar
|-damage|p2b: Incineroar|19/100
|-enditem|p2b: Incineroar|Sitrus Berry|[eat]
|-heal|p2b: Incineroar|44/100|[from] item: Sitrus Berry
|
|-weather|Snowscape|[upkeep]
|-heal|p1a: Primarina|42/100|[from] item: Leftovers
|upkeep
|turn|7
|
|t:|1782754179
|move|p2b: Incineroar|Fake Out|p1a: Primarina
|-damage|p1a: Primarina|34/100
|move|p1b: Pinsir|Body Slam|p2a: Floette
|-damage|p2a: Floette|13/100
|move|p2a: Floette|Dazzling Gleam|p1a: Primarina|[spread] p1a,p1b
|-damage|p1a: Primarina|6/100
|-damage|p1b: Pinsir|31/100
|cant|p1a: Primarina|flinch
|
|-weather|none
|-heal|p1a: Primarina|12/100|[from] item: Leftovers
|upkeep
|turn|8
|
|t:|1782754193
|switch|p1b: Incineroar|Incineroar, L50, M|100/100
|-ability|p1b: Incineroar|Intimidate|boost
|-unboost|p2a: Floette|atk|1
|-unboost|p2b: Incineroar|atk|1
|switch|p2b: Sinistcha|Sinistcha-Masterpiece, L50, shiny|43/100
|-heal|p2a: Floette|38/100|[from] ability: Hospitality|[of] p2b: Sinistcha
|move|p2a: Floette|Protect|p2a: Floette
|-singleturn|p2a: Floette|Protect
|move|p1a: Primarina|Protect||[still]
|-fail|p1a: Primarina
|
|-heal|p1a: Primarina|18/100|[from] item: Leftovers
|upkeep
|turn|9
|inactive|Battle timer is ON: inactive players will automatically lose when time's up. (requested by Prepucio Perez)
|
|t:|1782754206
|switch|p2b: Incineroar|Incineroar, L50, F|44/100
|-ability|p2b: Incineroar|Intimidate|boost
|-unboost|p1a: Primarina|atk|1
|-unboost|p1b: Incineroar|atk|1
|move|p1a: Primarina|Protect|p1a: Primarina
|-singleturn|p1a: Primarina|Protect
|move|p2a: Floette|Dazzling Gleam|p1a: Primarina|[spread] p1b
|-activate|p1a: Primarina|move: Protect
|-damage|p1b: Incineroar|62/100
|move|p1b: Incineroar|Parting Shot|p2b: Incineroar
|-unboost|p2b: Incineroar|atk|1
|-unboost|p2b: Incineroar|spa|1
|
|t:|1782754209
|switch|p1b: Pinsir|Pinsir-Mega, L50, F|31/100|[from] Parting Shot
|
|-heal|p1a: Primarina|24/100|[from] item: Leftovers
|upkeep
|turn|10
|
|t:|1782754220
|move|p1b: Pinsir|Protect|p1b: Pinsir
|-singleturn|p1b: Pinsir|Protect
|move|p2b: Incineroar|Fake Out|p1b: Pinsir
|-activate|p1b: Pinsir|move: Protect
|move|p2a: Floette|Dazzling Gleam|p1a: Primarina|[spread] p1a
|-activate|p1b: Pinsir|move: Protect
|-damage|p1a: Primarina|0 fnt
|faint|p1a: Primarina
|
|upkeep
|
|t:|1782754222
|switch|p1a: Incineroar|Incineroar, L50, M|62/100
|-ability|p1a: Incineroar|Intimidate|boost
|-unboost|p2a: Floette|atk|1
|-unboost|p2b: Incineroar|atk|1
|turn|11
|
|t:|1782754226
|switch|p2b: Sinistcha|Sinistcha-Masterpiece, L50, shiny|43/100
|-heal|p2a: Floette|62/100|[from] ability: Hospitality|[of] p2b: Sinistcha
|move|p2a: Floette|Protect|p2a: Floette
|-singleturn|p2a: Floette|Protect
|move|p1a: Incineroar|Fake Out|p2a: Floette
|-activate|p2a: Floette|move: Protect
|move|p1b: Pinsir|Body Slam|p2b: Sinistcha
|-supereffective|p2b: Sinistcha|1
|-damage|p2b: Sinistcha|0 fnt
|faint|p2b: Sinistcha
|
|-sideend|p1: SomeKidJon|move: Aurora Veil
|upkeep
|-message|SomeKidJon forfeited.
|
|win|Prepucio Perez
