|j|☆TerapagosdiNorcia
|j|☆I am you too
|html|TerapagosdiNorciaI am you too    
|uhtml|bestof|Game 3 of a best-of-3
|t:|1755630427
|gametype|doubles
|player|p1|TerapagosdiNorcia|266|1282
|player|p2|I am you too|marshal|1273
|gen|9
|tier|[Gen 9] VGC 2025 Reg H (Bo3)
|rated|
|rule|Species Clause: Limit one of each Pokémon
|rule|Item Clause: Limit 1 of each item
|clearpoke
|poke|p1|Dragonite, L50, M|
|poke|p1|Gholdengo, L50|
|poke|p1|Sneasler, L50, M|
|poke|p1|Talonflame, L50, F|
|poke|p1|Archaludon, L50, M|
|poke|p1|Garchomp, L50, M|
|poke|p2|Electabuzz, L50, M|
|poke|p2|Corviknight, L50, F|
|poke|p2|Tyranitar, L50, M|
|poke|p2|Garchomp, L50, F|
|poke|p2|Kommo-o, L50, M|
|poke|p2|Incineroar, L50, M|
|teampreview|4
|showteam|p1|Dragonite||LoadedDice|Multiscale|ScaleShot,ExtremeSpeed,IceSpinner,Haze|||M|||50|,,,,,Fairy]Gholdengo||ChoiceSpecs|GoodasGold|MakeItRain,ShadowBall,PowerGem,Thunderbolt||||||50|,,,,,Steel]Sneasler||FocusSash|Unburden|CloseCombat,DireClaw,FakeOut,Coaching|||M|||50|,,,,,Stellar]Talonflame||CovertCloak|GaleWings|BraveBird,Tailwind,WillOWisp,Taunt|||F|||50|,,,,,Grass]Archaludon||PowerHerb|Sturdy|FlashCannon,DracoMeteor,ElectroShot,Protect|||M|||50|,,,,,Flying]Garchomp||LifeOrb|RoughSkin|DragonClaw,StompingTantrum,Earthquake,Protect|||M|||50|,,,,,Ground
|showteam|p2|Electabuzz||Eviolite|VitalSpirit|FollowMe,Taunt,Thunderbolt,Protect|||M|||50|,,,,,Ghost]Corviknight||SitrusBerry|MirrorArmor|BraveBird,IronHead,Tailwind,Taunt|||F|||50|,,,,,Dragon]Tyranitar||AssaultVest|SandStream|KnockOff,RockSlide,TeraBlast,LowKick|||M|||50|,,,,,Flying]Garchomp||LifeOrb|RoughSkin|Earthquake,StompingTantrum,DragonClaw,Protect|||F|||50|,,,,,Steel]Kommo-o||Leftovers|Overcoat|BodyPress,ClangingScales,IronDefense,Protect|||M|||50|,,,,,Steel]Incineroar||SafetyGoggles|Intimidate|FakeOut,KnockOff,FlareBlitz,PartingShot|||M|||50|,,,,,Ghost
|inactive|Battle timer is ON: inactive players will automatically lose when time's up. (requested by I am you too)
|
|t:|1755630454
|teamsize|p1|4
|teamsize|p2|4
|start
|switch|p1a: Talonflame|Talonflame, L50, F|100/100
|switch|p1b: Archaludon|Archaludon, L50, M|100/100
|switch|p2a: Tyranitar|Tyranitar, L50, M, shiny|100/100
|switch|p2b: Incineroar|Incineroar, L50, M|100/100
|-ability|p2b: Incineroar|Intimidate|boost
|-unboost|p1a: Talonflame|atk|1
|-unboost|p1b: Archaludon|atk|1
|-weather|Sandstorm|[from] ability: Sand Stream|[of] p2a: Tyranitar
|turn|1
|
|t:|1755630478
|move|p1b: Archaludon|Protect|p1b: Archaludon
|-singleturn|p1b: Archaludon|Protect
|move|p1a: Talonflame|Will-O-Wisp|p2a: Tyranitar
|-status|p2a: Tyranitar|brn
|move|p2b: Incineroar|Parting Shot|p1b: Archaludon
|-activate|p1b: Archaludon|move: Protect
|move|p2a: Tyranitar|Rock Slide|p1a: Talonflame|[spread] 
|-activate|p1b: Archaludon|move: Protect
|-miss|p2a: Tyranitar|p1a: Talonflame
|
|-weather|Sandstorm|[upkeep]
|-damage|p1a: Talonflame|94/100|[from] Sandstorm
|-damage|p2a: Tyranitar|95/100 brn|[from] brn
|upkeep
|turn|2
|inactive|I am you too has 30 seconds left.
|
|t:|1755630510
|move|p1a: Talonflame|Tailwind|p1a: Talonflame
|-sidestart|p1: TerapagosdiNorcia|move: Tailwind
|move|p1b: Archaludon|Electro Shot||[still]
|-prepare|p1b: Archaludon|Electro Shot
|-boost|p1b: Archaludon|spa|1
|-enditem|p1b: Archaludon|Power Herb
|-anim|p1b: Archaludon|Electro Shot|p2b: Incineroar
|-damage|p2b: Incineroar|41/100
|move|p2b: Incineroar|Knock Off|p1b: Archaludon
|-damage|p1b: Archaludon|71/100
|move|p2a: Tyranitar|Rock Slide|p1b: Archaludon|[spread] p1a,p1b
|-supereffective|p1a: Talonflame
|-resisted|p1b: Archaludon
|-damage|p1a: Talonflame|5/100
|-damage|p1b: Archaludon|65/100
|
|-weather|Sandstorm|[upkeep]
|-damage|p1a: Talonflame|0 fnt|[from] Sandstorm
|faint|p1a: Talonflame
|-damage|p2a: Tyranitar|89/100 brn|[from] brn
|upkeep
|inactive|TerapagosdiNorcia has 30 seconds left.
|inactive|TerapagosdiNorcia has 20 seconds left.
|inactive|TerapagosdiNorcia has 15 seconds left.
|inactive|TerapagosdiNorcia has 10 seconds left.
|inactive|TerapagosdiNorcia has 5 seconds left.
|
|t:|1755630565
|switch|p1a: Garchomp|Garchomp, L50, M|100/100
|turn|3
|inactive|TerapagosdiNorcia has 30 seconds left.
|inactive|TerapagosdiNorcia has 20 seconds left.
|inactive|TerapagosdiNorcia has 15 seconds left.
|
|t:|1755630606
|move|p1a: Garchomp|Stomping Tantrum|p2b: Incineroar
|-supereffective|p2b: Incineroar
|-damage|p2b: Incineroar|0 fnt
|faint|p2b: Incineroar
|-damage|p1a: Garchomp|91/100|[from] item: Life Orb
|move|p1b: Archaludon|Flash Cannon|p2a: Tyranitar
|-supereffective|p2a: Tyranitar
|-damage|p2a: Tyranitar|39/100 brn
|move|p2a: Tyranitar|Knock Off|p1a: Garchomp
|-damage|p1a: Garchomp|63/100
|-damage|p2a: Tyranitar|27/100 brn|[from] ability: Rough Skin|[of] p1a: Garchomp
|-enditem|p1a: Garchomp|Life Orb|[from] move: Knock Off|[of] p2a: Tyranitar
|
|-weather|Sandstorm|[upkeep]
|-damage|p2a: Tyranitar|21/100 brn|[from] brn
|upkeep
|l|☆I am you too
|inactive|I am you too disconnected and has a minute to reconnect!
|player|p2|
|inactive|I am you too has 30 seconds left.
|j|☆I am you too
|inactive|I am you too reconnected and has 25 seconds left.
|player|p2|I am you too|marshal|
|inactive|I am you too has 20 seconds left.
|inactive|I am you too has 15 seconds left.
|
|t:|1755630648
|switch|p2b: Corviknight|Corviknight, L50, F|100/100
|turn|4
|
|t:|1755630668
|move|p1a: Garchomp|Dragon Claw|p2a: Tyranitar
|-damage|p2a: Tyranitar|0 fnt
|faint|p2a: Tyranitar
|move|p1b: Archaludon|Electro Shot||[still]
|-prepare|p1b: Archaludon|Electro Shot
|-boost|p1b: Archaludon|spa|1
|move|p2b: Corviknight|Tailwind|p2b: Corviknight
|-sidestart|p2: I am you too|move: Tailwind
|
|-weather|Sandstorm|[upkeep]
|upkeep
|
|t:|1755630678
|switch|p2a: Garchomp|Garchomp, L50, F|100/100
|turn|5
|inactive|TerapagosdiNorcia has 30 seconds left.
|inactive|TerapagosdiNorcia has 20 seconds left.
|inactive|TerapagosdiNorcia has 15 seconds left.
|inactive|TerapagosdiNorcia has 10 seconds left.
|
|t:|1755630728
|-terastallize|p2b: Corviknight|Dragon
|move|p1a: Garchomp|Dragon Claw|p2a: Garchomp
|-supereffective|p2a: Garchomp
|-damage|p2a: Garchomp|19/100
|-damage|p1a: Garchomp|50/100|[from] ability: Rough Skin|[of] p2a: Garchomp
|move|p2a: Garchomp|Dragon Claw|p1a: Garchomp
|-supereffective|p1a: Garchomp
|-damage|p1a: Garchomp|0 fnt
|-damage|p2a: Garchomp|6/100|[from] ability: Rough Skin|[of] p1a: Garchomp
|faint|p1a: Garchomp
|-damage|p2a: Garchomp|0 fnt|[from] item: Life Orb
|faint|p2a: Garchomp
|move|p1b: Archaludon|Electro Shot|p2b: Corviknight|[from] lockedmove
|-resisted|p2b: Corviknight
|-damage|p2b: Corviknight|64/100
|move|p2b: Corviknight|Brave Bird|p1b: Archaludon
|-resisted|p1b: Archaludon
|-damage|p1b: Archaludon|48/100
|-damage|p2b: Corviknight|59/100|[from] Recoil
|
|-weather|none
|-sideend|p1: TerapagosdiNorcia|move: Tailwind
|upkeep
|
|t:|1755630737
|switch|p1a: Dragonite|Dragonite, L50, M|100/100
|turn|6
|inactive|I am you too has 30 seconds left.
|
|t:|1755630764
|move|p2b: Corviknight|Brave Bird|p1b: Archaludon
|-resisted|p1b: Archaludon
|-damage|p1b: Archaludon|30/100
|-damage|p2b: Corviknight|54/100|[from] Recoil
|move|p1b: Archaludon|Draco Meteor|p2b: Corviknight|[miss]
|-miss|p1b: Archaludon|p2b: Corviknight
|move|p1a: Dragonite|Scale Shot|p2b: Corviknight|[miss]
|-miss|p1a: Dragonite|p2b: Corviknight
|
|upkeep
|turn|7
|c|☆I am you too|Oh wow now the misses
|inactive|I am you too has 30 seconds left.
|
|t:|1755630790
|move|p2b: Corviknight|Brave Bird|p1a: Dragonite
|-crit|p1a: Dragonite
|-damage|p1a: Dragonite|70/100
|-damage|p2b: Corviknight|45/100|[from] Recoil
|-enditem|p2b: Corviknight|Sitrus Berry|[eat]
|-heal|p2b: Corviknight|70/100|[from] item: Sitrus Berry
|move|p1b: Archaludon|Draco Meteor|p2b: Corviknight
|-supereffective|p2b: Corviknight
|-damage|p2b: Corviknight|0 fnt
|-unboost|p1b: Archaludon|spa|2
|faint|p2b: Corviknight
|
|win|TerapagosdiNorcia
|raw|TerapagosdiNorcia's rating: 1282 → 1306(+24 for winning)
|raw|I am you too's rating: 1273 → 1249(-24 for losing)
|l|☆I am you too
|player|p2|
