|j|☆mikelpoyarzabal
|j|☆f49 buffchary
|html|mikelpoyarzabalf49 buffchary    
|uhtml|bestof|Game 1 of a best-of-3
|t:|1783435858
|gametype|doubles
|player|p1|mikelpoyarzabal|arven-s|1246
|player|p2|f49 buffchary|1|1198
|gen|9
|tier|[Gen 9 Champions] VGC 2026 Reg M-B (Bo3)
|rated|
|rule|Species Clause: Limit one of each Pokémon
|rule|Item Clause: Limit 1 of each item
|clearpoke
|poke|p1|Incineroar, L50, M|
|poke|p1|Sinistcha, L50|
|poke|p1|Sneasler, L50, M|
|poke|p1|Blastoise, L50, M|
|poke|p1|Delphox, L50, M|
|poke|p1|Kingambit, L50, M|
|poke|p2|Charizard, L50, M|
|poke|p2|Sylveon, L50, F|
|poke|p2|Garchomp, L50, F|
|poke|p2|Kingambit, L50, F|
|poke|p2|Aerodactyl, L50, F|
|poke|p2|Farigiraf, L50, F|
|teampreview|4
|showteam|p1|Incineroar||SitrusBerry|Intimidate|FakeOut,FlareBlitz,DarkestLariat,PartingShot|Impish||M|||50|]Sinistcha||OccaBerry|Hospitality|MatchaGotcha,TrickRoom,RagePowder,Protect|Bold|||||50|]Sneasler||FocusSash|PoisonTouch|FakeOut,CloseCombat,PoisonJab,RockTomb|Jolly||M|||50|]Blastoise||Blastoisinite|Torrent|WaterSpout,DarkPulse,ShellSmash,Protect|Modest||M|||50|]Delphox||Delphoxite|Blaze|HeatWave,Psychic,NastyPlot,Protect|Timid||M|||50|]Kingambit||LifeOrb|Defiant|SwordsDance,Protect,KowtowCleave,SuckerPunch|Adamant||M|||50|
|showteam|p2|Charizard||CharizarditeY|Blaze|HeatWave,WeatherBall,SolarBeam,Protect|Modest||M|||50|]Sylveon||FairyFeather|Pixilate|HyperVoice,HyperBeam,QuickAttack,Detect|Modest||F|||50|]Garchomp||LifeOrb|RoughSkin|DragonClaw,Earthquake,RockSlide,Protect|Jolly||F|||50|]Kingambit||FocusSash|Defiant|KowtowCleave,SuckerPunch,LowKick,IronHead|Adamant||F|||50|]Aerodactyl||Aerodactylite|Pressure|RockSlide,IceFang,WideGuard,Tailwind|Jolly||F|||50|]Farigiraf||SitrusBerry|ArmorTail|Psychic,Thunderbolt,TrickRoom,HelpingHand|Bold||F|||50|
|inactive|Battle timer is ON: inactive players will automatically lose when time's up. (requested by mikelpoyarzabal)
|inactive|f49 buffchary has 60 seconds left.
|
|t:|1783435894
|teamsize|p1|4
|teamsize|p2|4
|start
|switch|p1a: Sneasler|Sneasler, L50, M|100/100
|switch|p1b: Blastoise|Blastoise, L50, M|100/100
|switch|p2a: Aerodactyl|Aerodactyl, L50, F|100/100
|switch|p2b: Garchomp|Garchomp, L50, F|100/100
|-ability|p2a: Aerodactyl|Pressure
|turn|1
|
|t:|1783435906
|switch|p2a: Farigiraf|Farigiraf, L50, F|100/100
|detailschange|p1b: Blastoise|Blastoise-Mega, L50, M
|-mega|p1b: Blastoise|Blastoise|Blastoisinite
|move|p1a: Sneasler|Fake Out||[still]
|cant|p2a: Farigiraf|ability: Armor Tail|Fake Out|[of] p1a: Sneasler
|move|p2b: Garchomp|Earthquake|p1a: Sneasler|[spread] p2a,p1a,p1b
|-supereffective|p1a: Sneasler|1
|-damage|p2a: Farigiraf|55/100
|-enditem|p1a: Sneasler|Focus Sash
|-damage|p1a: Sneasler|1/100
|-damage|p1b: Blastoise|49/100
|-damage|p2b: Garchomp|90/100|[from] item: Life Orb
|move|p1b: Blastoise|Shell Smash|p1b: Blastoise
|-unboost|p1b: Blastoise|def|1
|-unboost|p1b: Blastoise|spd|1
|-boost|p1b: Blastoise|atk|2
|-boost|p1b: Blastoise|spa|2
|-boost|p1b: Blastoise|spe|2
|
|upkeep
|turn|2
|inactive|mikelpoyarzabal has 30 seconds left.
|inactive|f49 buffchary has 30 seconds left.
|
|t:|1783435936
|switch|p1a: Sinistcha|Sinistcha, L50|100/100
|-heal|p1b: Blastoise|74/100|[from] ability: Hospitality|[of] p1a: Sinistcha
|move|p2b: Garchomp|Protect|p2b: Garchomp
|-singleturn|p2b: Garchomp|Protect
|move|p1b: Blastoise|Water Spout|p2b: Garchomp|[spread] p2a
|-activate|p2b: Garchomp|move: Protect
|-damage|p2a: Farigiraf|0 fnt
|faint|p2a: Farigiraf
|
|upkeep
|
|t:|1783435948
|switch|p2a: Aerodactyl|Aerodactyl, L50, F|100/100
|-ability|p2a: Aerodactyl|Pressure
|turn|3
|
|t:|1783435969
|switch|p1a: Incineroar|Incineroar, L50, M|100/100
|-ability|p1a: Incineroar|Intimidate|boost
|-unboost|p2a: Aerodactyl|atk|1
|-unboost|p2b: Garchomp|atk|1
|detailschange|p2a: Aerodactyl|Aerodactyl-Mega, L50, F
|-mega|p2a: Aerodactyl|Aerodactyl|Aerodactylite
|move|p2a: Aerodactyl|Wide Guard|p2a: Aerodactyl
|-singleturn|p2a: Aerodactyl|Wide Guard
|move|p1b: Blastoise|Dark Pulse|p2a: Aerodactyl
|-damage|p2a: Aerodactyl|0 fnt
|faint|p2a: Aerodactyl
|move|p2b: Garchomp|Earthquake|p1b: Blastoise|[spread] p1a,p1b
|-supereffective|p1a: Incineroar|1
|-damage|p1a: Incineroar|48/100
|-damage|p1b: Blastoise|25/100
|-enditem|p1a: Incineroar|Sitrus Berry|[eat]
|-heal|p1a: Incineroar|73/100|[from] item: Sitrus Berry
|-damage|p2b: Garchomp|80/100|[from] item: Life Orb
|
|upkeep
|
|t:|1783435980
|switch|p2a: Kingambit|Kingambit, L50, F|100/100
|turn|4
|inactive|mikelpoyarzabal has 30 seconds left.
|
|t:|1783436013
|move|p1a: Incineroar|Fake Out|p2a: Kingambit
|-resisted|p2a: Kingambit|1
|-damage|p2a: Kingambit|96/100
|move|p1b: Blastoise|Dark Pulse|p2b: Garchomp
|-damage|p2b: Garchomp|0 fnt
|faint|p2b: Garchomp
|cant|p2a: Kingambit|flinch
|
|upkeep
|turn|5
|
|t:|1783436024
|move|p1b: Blastoise|Protect|p1b: Blastoise
|-singleturn|p1b: Blastoise|Protect
|move|p2a: Kingambit|Sucker Punch||[still]
|-fail|p2a: Kingambit
|move|p1a: Incineroar|Flare Blitz|p2a: Kingambit
|-supereffective|p2a: Kingambit|1
|-damage|p2a: Kingambit|21/100
|-damage|p1a: Incineroar|51/100|[from] Recoil
|
|upkeep
|turn|6
|
|t:|1783436029
|move|p2a: Kingambit|Sucker Punch|p1b: Blastoise
|-damage|p1b: Blastoise|0 fnt
|faint|p1b: Blastoise
|move|p1a: Incineroar|Flare Blitz|p2a: Kingambit
|-supereffective|p2a: Kingambit|1
|-damage|p2a: Kingambit|0 fnt
|faint|p2a: Kingambit
|-damage|p1a: Incineroar|44/100|[from] Recoil
|
|win|mikelpoyarzabal
