|j|☆hundohunter24
|j|☆karpballs
|html|hundohunter24karpballs    
|uhtml|bestof|Game 2 of a best-of-3
|t:|1756164680
|gametype|doubles
|player|p1|hundohunter24|cynthia|1108
|player|p2|karpballs|101|1097
|gen|9
|tier|[Gen 9] VGC 2025 Reg H (Bo3)
|rated|
|rule|Species Clause: Limit one of each Pokémon
|rule|Item Clause: Limit 1 of each item
|clearpoke
|poke|p1|Porygon-Z, L50|
|poke|p1|Whimsicott, L50, M|
|poke|p1|Ursaluna, L50, M|
|poke|p1|Greninja-*, L50, M|
|poke|p1|Typhlosion-Hisui, L50, M|
|poke|p1|Sneasler, L50, M|
|poke|p2|Garganacl, L50, M|
|poke|p2|Tyranitar, L50, M|
|poke|p2|Sinistcha, L50|
|poke|p2|Bronzong, L50|
|poke|p2|Excadrill, L50, M|
|poke|p2|Farigiraf, L50, M|
|teampreview|4
|showteam|p1|Porygon-Z||ChoiceSpecs|Adaptability|TriAttack,DarkPulse,IceBeam,Psyshock||||||50|,,,,,Normal]Whimsicott||CovertCloak|Prankster|Tailwind,Encore,TrickRoom,DazzlingGleam|||M|||50|,,,,,Dark]Ursaluna||FlameOrb|Guts|Facade,HeadlongRush,Protect,Crunch|||M|||50|,,,,,Normal]Greninja||FocusSash|Protean|WaterPledge,Protect,Haze,IceBeam|||M|||50|,,,,,Ghost]Typhlosion-Hisui||Charcoal|Blaze|Protect,Eruption,FirePledge,ShadowBall|||M|||50|,,,,,Grass]Sneasler||LifeOrb|PoisonTouch|ThroatChop,DireClaw,CloseCombat,Protect|||M|||50|,,,,,Dark
|showteam|p2|Garganacl||CovertCloak|PurifyingSalt|Recover,IronDefense,BodyPress,SaltCure|||M|||50|,,,,,Poison]Tyranitar||WeaknessPolicy|SandStream|Protect,RockSlide,Earthquake,KnockOff|||M|||50|,,,,,Stellar]Sinistcha||SitrusBerry|Hospitality|Protect,RagePowder,MatchaGotcha,NastyPlot||||||50|,,,,,Fire]Bronzong||MentalHerb|Levitate|TrickRoom,SkillSwap,LightScreen,GyroBall||||||50|,,,,,Ghost]Excadrill||ChoiceBand|SandRush|Earthquake,IronHead,TeraBlast,RockSlide|||M|||50|,,,,,Flying]Farigiraf||AirBalloon|ArmorTail|Protect,TrickRoom,ExpandingForce,HelpingHand|||M|||50|,,,,,Fairy
|inactive|Battle timer is ON: inactive players will automatically lose when time's up. (requested by hundohunter24)
|inactive|karpballs has 60 seconds left.
|
|t:|1756164727
|teamsize|p1|4
|teamsize|p2|4
|start
|switch|p1a: CaNOtComPuTE|Porygon-Z, L50, shiny|100/100
|switch|p1b: Hakari|Sneasler, L50, M, shiny|100/100
|switch|p2a: Tyranitar|Tyranitar, L50, M|100/100
|switch|p2b: Excadrill|Excadrill, L50, M|100/100
|-weather|Sandstorm|[from] ability: Sand Stream|[of] p2a: Tyranitar
|turn|1
|inactive|hundohunter24 has 30 seconds left.
|
|t:|1756164759
|move|p1b: Hakari|Protect|p1b: Hakari
|-singleturn|p1b: Hakari|Protect
|move|p2a: Tyranitar|Protect|p2a: Tyranitar
|-singleturn|p2a: Tyranitar|Protect
|move|p2b: Excadrill|Earthquake|p1b: Hakari|[spread] p1a
|-activate|p2a: Tyranitar|move: Protect
|-activate|p1b: Hakari|move: Protect
|-damage|p1a: CaNOtComPuTE|7/100
|move|p1a: CaNOtComPuTE|Tri Attack|p2b: Excadrill
|-resisted|p2b: Excadrill
|-damage|p2b: Excadrill|39/100
|
|-weather|Sandstorm|[upkeep]
|-damage|p1b: Hakari|95/100|[from] Sandstorm
|-damage|p1a: CaNOtComPuTE|1/100|[from] Sandstorm
|upkeep
|turn|2
|inactive|karpballs has 30 seconds left.
|inactive|karpballs has 20 seconds left.
|
|t:|1756164795
|switch|p1b: DA BEAR|Ursaluna, L50, M, shiny|100/100
|switch|p2a: Bronzong|Bronzong, L50|100/100
|move|p2b: Excadrill|Earthquake|p1b: DA BEAR|[spread] p1a,p1b
|-immune|p2a: Bronzong|[from] ability: Levitate
|-damage|p1a: CaNOtComPuTE|0 fnt
|-damage|p1b: DA BEAR|52/100
|faint|p1a: CaNOtComPuTE
|
|-weather|Sandstorm|[upkeep]
|-status|p1b: DA BEAR|brn|[from] item: Flame Orb
|upkeep
|
|t:|1756164806
|switch|p1a: Hakari|Sneasler, L50, M, shiny|95/100
|turn|3
|inactive|karpballs has 30 seconds left.
|
|t:|1756164836
|switch|p2b: Sinistcha|Sinistcha, L50|100/100
|switch|p1b: :D|Whimsicott, L50, M|100/100
|move|p1a: Hakari|Protect|p1a: Hakari
|-singleturn|p1a: Hakari|Protect
|move|p2a: Bronzong|Gyro Ball|p1a: Hakari
|-activate|p1a: Hakari|move: Protect
|
|-weather|Sandstorm|[upkeep]
|-damage|p1a: Hakari|89/100|[from] Sandstorm
|-damage|p1b: :D|95/100|[from] Sandstorm
|-damage|p2b: Sinistcha|94/100|[from] Sandstorm
|upkeep
|turn|4
|inactive|karpballs has 30 seconds left.
|
|t:|1756164866
|move|p2b: Sinistcha|Protect|p2b: Sinistcha
|-singleturn|p2b: Sinistcha|Protect
|move|p1b: :D|Encore|p2a: Bronzong
|-start|p2a: Bronzong|Encore
|-enditem|p2a: Bronzong|Mental Herb
|-end|p2a: Bronzong|Encore
|move|p1a: Hakari|Dire Claw|p2b: Sinistcha
|-activate|p2b: Sinistcha|move: Protect
|move|p2a: Bronzong|Gyro Ball|p1b: :D
|-supereffective|p1b: :D
|-damage|p1b: :D|39/100
|
|-weather|Sandstorm|[upkeep]
|-damage|p1a: Hakari|83/100|[from] Sandstorm
|-damage|p1b: :D|33/100|[from] Sandstorm
|-damage|p2b: Sinistcha|88/100|[from] Sandstorm
|upkeep
|turn|5
|inactive|hundohunter24 has 30 seconds left.
|inactive|karpballs has 30 seconds left.
|inactive|karpballs has 20 seconds left.
|
|t:|1756164903
|switch|p2b: Excadrill|Excadrill, L50, M|39/100
|-terastallize|p1b: :D|Dark
|move|p1a: Hakari|Close Combat|p2a: Bronzong
|-damage|p2a: Bronzong|36/100
|-unboost|p1a: Hakari|def|1
|-unboost|p1a: Hakari|spd|1
|-damage|p1a: Hakari|73/100|[from] item: Life Orb
|move|p1b: :D|Trick Room|p1b: :D
|-fieldstart|move: Trick Room|[of] p1b: :D
|move|p2a: Bronzong|Trick Room|p2a: Bronzong
|-fieldend|move: Trick Room
|
|-weather|none
|upkeep
|turn|6
|
|t:|1756164927
|switch|p2a: Tyranitar|Tyranitar, L50, M|100/100
|-weather|Sandstorm|[from] ability: Sand Stream|[of] p2a: Tyranitar
|move|p1b: :D|Tailwind|p1b: :D
|-sidestart|p1: hundohunter24|move: Tailwind
|move|p1a: Hakari|Close Combat|p2b: Excadrill
|-supereffective|p2b: Excadrill
|-damage|p2b: Excadrill|0 fnt
|-unboost|p1a: Hakari|def|1
|-unboost|p1a: Hakari|spd|1
|faint|p2b: Excadrill
|-damage|p1a: Hakari|64/100|[from] item: Life Orb
|
|-weather|Sandstorm|[upkeep]
|-damage|p1a: Hakari|58/100|[from] Sandstorm
|-damage|p1b: :D|27/100|[from] Sandstorm
|upkeep
|
|t:|1756164946
|switch|p2b: Bronzong|Bronzong, L50|36/100
|turn|7
|inactive|hundohunter24 has 30 seconds left.
|inactive|karpballs has 30 seconds left.
|inactive|hundohunter24 has 20 seconds left.
|
|t:|1756164981
|switch|p2a: Sinistcha|Sinistcha, L50|88/100
|-heal|p2b: Bronzong|60/100|[from] ability: Hospitality|[of] p2a: Sinistcha
|move|p1a: Hakari|Close Combat|p2a: Sinistcha
|-immune|p2a: Sinistcha
|move|p1b: :D|Dazzling Gleam|p2a: Sinistcha|[spread] p2a,p2b
|-resisted|p2b: Bronzong
|-damage|p2a: Sinistcha|71/100
|-damage|p2b: Bronzong|54/100
|move|p2b: Bronzong|Trick Room|p2b: Bronzong
|-fieldstart|move: Trick Room|[of] p2b: Bronzong
|
|-weather|Sandstorm|[upkeep]
|-damage|p2a: Sinistcha|65/100|[from] Sandstorm
|-damage|p1b: :D|21/100|[from] Sandstorm
|-damage|p1a: Hakari|52/100|[from] Sandstorm
|upkeep
|turn|8
|
|t:|1756164998
|move|p1a: Hakari|Protect|p1a: Hakari
|-singleturn|p1a: Hakari|Protect
|move|p1b: :D|Encore|p2b: Bronzong
|-start|p2b: Bronzong|Encore
|move|p2b: Bronzong|Trick Room|p2b: Bronzong
|-fieldend|move: Trick Room
|move|p2a: Sinistcha|Matcha Gotcha|p1b: :D|[spread] p1b
|-activate|p1a: Hakari|move: Protect
|-damage|p1b: :D|0 fnt
|-heal|p2a: Sinistcha|75/100|[from] drain|[of] p1b: :D
|faint|p1b: :D
|
|-weather|Sandstorm|[upkeep]
|-damage|p1a: Hakari|46/100|[from] Sandstorm
|-damage|p2a: Sinistcha|69/100|[from] Sandstorm
|upkeep
|
|t:|1756165005
|switch|p1b: DA BEAR|Ursaluna, L50, M, shiny|52/100 brn
|turn|9
|
|t:|1756165019
|move|p2a: Sinistcha|Rage Powder|p2a: Sinistcha
|-singleturn|p2a: Sinistcha|move: Rage Powder
|move|p1a: Hakari|Close Combat|p2a: Sinistcha
|-immune|p2a: Sinistcha
|move|p1b: DA BEAR|Crunch|p2a: Sinistcha
|-supereffective|p2a: Sinistcha
|-damage|p2a: Sinistcha|0 fnt
|faint|p2a: Sinistcha
|move|p2b: Bronzong|Trick Room|p2b: Bronzong
|-fieldstart|move: Trick Room|[of] p2b: Bronzong
|
|-weather|Sandstorm|[upkeep]
|-damage|p1a: Hakari|40/100|[from] Sandstorm
|-damage|p1b: DA BEAR|46/100 brn|[from] brn
|-sideend|p1: hundohunter24|move: Tailwind
|upkeep
|
|t:|1756165034
|switch|p2a: Tyranitar|Tyranitar, L50, M|100/100
|turn|10
|inactive|karpballs has 30 seconds left.
|
|t:|1756165067
|-terastallize|p2a: Tyranitar|Stellar
|move|p1b: DA BEAR|Headlong Rush|p2a: Tyranitar
|-supereffective|p2a: Tyranitar
|-damage|p2a: Tyranitar|0 fnt
|-unboost|p1b: DA BEAR|def|1
|-unboost|p1b: DA BEAR|spd|1
|faint|p2a: Tyranitar
|move|p1a: Hakari|Close Combat|p2b: Bronzong
|-damage|p2b: Bronzong|0 fnt
|-unboost|p1a: Hakari|def|1
|-unboost|p1a: Hakari|spd|1
|faint|p2b: Bronzong
|-damage|p1a: Hakari|31/100|[from] item: Life Orb
|
|win|hundohunter24
|c|☆hundohunter24|gg
||karpballs is ready for game 3.
|inactive|hundohunter24 has 30 seconds to confirm battle start!
