|j|☆SHOMA_WIN
|j|☆jgm1234
|html|SHOMA_WINjgm1234    
|uhtml|bestof|Game 2 of a best-of-3
|t:|1782221094
|gametype|doubles
|player|p1|SHOMA_WIN|scientist|1222
|player|p2|jgm1234|supernerd|1123
|gen|9
|tier|[Gen 9 Champions] VGC 2026 Reg M-B (Bo3)
|rated|
|rule|Species Clause: Limit one of each Pokémon
|rule|Item Clause: Limit 1 of each item
|clearpoke
|poke|p1|Charizard, L50, F|
|poke|p1|Whimsicott, L50, F|
|poke|p1|Floette-Eternal, L50, F|
|poke|p1|Kingambit, L50, F|
|poke|p1|Basculegion, L50, M|
|poke|p1|Garchomp, L50, F|
|poke|p2|Pyroar, L50, M|
|poke|p2|Ninetales, L50, M|
|poke|p2|Whimsicott, L50, F|
|poke|p2|Floette-Eternal, L50, F|
|poke|p2|Basculegion, L50, M|
|poke|p2|Farigiraf, L50, F|
|teampreview|4
|showteam|p1|Charizard||CharizarditeY|Blaze|HeatWave,WeatherBall,SolarBeam,Protect|Modest||F|||50|]Whimsicott||FocusSash|Prankster|Moonblast,Tailwind,Encore,Protect|Timid||F|||50|]Floette-Eternal||Floettite|FlowerVeil|Moonblast,DazzlingGleam,LightofRuin,Protect|Modest||F|||50|]Kingambit||BlackGlasses|Defiant|KowtowCleave,SuckerPunch,IronHead,Protect|Adamant||F|||50|]Basculegion||MysticWater|Adaptability|WaveCrash,LastRespects,AquaJet,Protect|Adamant||M|||50|]Garchomp||LifeOrb|RoughSkin|Earthquake,DragonClaw,RockSlide,Protect|Jolly||F|||50|
|showteam|p2|Pyroar||Pyroarite|Unnerve|HeatWave,Overheat,SolarBeam,Protect|Timid||M|||50|]Ninetales||ChoiceScarf|Drought|HeatWave,Overheat,SolarBeam,FakeTears|Modest||M|||50|]Whimsicott||FocusSash|Prankster|Moonblast,Tailwind,SunnyDay,Protect|Timid||F|||50|]Floette-Eternal||Floettite|FlowerVeil|Moonblast,LightofRuin,DazzlingGleam,Protect|Modest||F|||50|]Basculegion||LifeOrb|Adaptability|WaveCrash,LastRespects,AquaJet,Protect|Adamant||M|||50|]Farigiraf||SitrusBerry|ArmorTail|Psychic,Thunderbolt,TrickRoom,HelpingHand|Bold||F|||50|
|inactive|Battle timer is ON: inactive players will automatically lose when time's up. (requested by jgm1234)
|inactive|jgm1234 has 30 seconds left.
|inactive|SHOMA_WIN has 60 seconds left.
|
|t:|1782221147
|teamsize|p1|4
|teamsize|p2|4
|start
|switch|p1a: Garchomp|Garchomp, L50, F|100/100
|switch|p1b: Whimsicott|Whimsicott, L50, F|100/100
|switch|p2a: Whimsicott|Whimsicott, L50, F|100/100
|switch|p2b: Pyroar|Pyroar, L50, M|100/100
|-ability|p2b: Pyroar|Unnerve
|turn|1
|
|t:|1782221163
|switch|p2b: Floette|Floette-Eternal, L50, F|100/100
|move|p1b: Whimsicott|Tailwind|p1b: Whimsicott
|-sidestart|p1: SHOMA_WIN|move: Tailwind
|move|p2a: Whimsicott|Tailwind|p2a: Whimsicott
|-sidestart|p2: jgm1234|move: Tailwind
|move|p1a: Garchomp|Rock Slide|p2a: Whimsicott|[spread] p2b
|-miss|p1a: Garchomp|p2a: Whimsicott
|-damage|p2b: Floette|56/100
|-damage|p1a: Garchomp|90/100|[from] item: Life Orb
|
|upkeep
|turn|2
|
|t:|1782221183
|switch|p1a: Charizard|Charizard, L50, F|100/100
|move|p1b: Whimsicott|Moonblast|p2b: Floette
|-damage|p2b: Floette|20/100y
|move|p2a: Whimsicott|Moonblast|p1b: Whimsicott
|-damage|p1b: Whimsicott|40/100
|move|p2b: Floette|Dazzling Gleam|p1a: Charizard|[spread] p1a,p1b
|-resisted|p1a: Charizard|1
|-damage|p1a: Charizard|81/100
|-damage|p1b: Whimsicott|0 fnt
|faint|p1b: Whimsicott
|
|upkeep
|
|t:|1782221192
|switch|p1b: Kingambit|Kingambit, L50, F|100/100
|turn|3
|
|t:|1782221209
|detailschange|p1a: Charizard|Charizard-Mega-Y, L50, F
|-mega|p1a: Charizard|Charizard|Charizardite Y
|-weather|SunnyDay|[from] ability: Drought|[of] p1a: Charizard
|move|p2a: Whimsicott|Protect|p2a: Whimsicott
|-singleturn|p2a: Whimsicott|Protect
|move|p2b: Floette|Light of Ruin|p1a: Charizard|[miss]
|-miss|p2b: Floette|p1a: Charizard
|move|p1a: Charizard|Heat Wave|p2b: Floette|[spread] p2b
|-activate|p2a: Whimsicott|move: Protect
|-damage|p2b: Floette|0 fnt
|faint|p2b: Floette
|move|p1b: Kingambit|Kowtow Cleave|p2a: Whimsicott
|-activate|p2a: Whimsicott|move: Protect
|
|-weather|SunnyDay|[upkeep]
|upkeep
|
|t:|1782221215
|switch|p2b: Pyroar|Pyroar, L50, M|100/100
|-ability|p2b: Pyroar|Unnerve
|turn|4
|inactive|SHOMA_WIN has 30 seconds left.
|
|t:|1782221243
|detailschange|p2b: Pyroar|Pyroar-Mega, L50, M
|-mega|p2b: Pyroar|Pyroar|Pyroarite
|move|p1b: Kingambit|Protect|p1b: Kingambit
|-singleturn|p1b: Kingambit|Protect
|move|p2b: Pyroar|Heat Wave|p1b: Kingambit|[spread] p1a
|-activate|p1b: Kingambit|move: Protect
|-resisted|p1a: Charizard|1
|-damage|p1a: Charizard|44/100
|move|p2a: Whimsicott|Moonblast|p1b: Kingambit
|-activate|p1b: Kingambit|move: Protect
|move|p1a: Charizard|Weather Ball|p2b: Pyroar
|-resisted|p2b: Pyroar|1
|-damage|p2b: Pyroar|49/100
|
|-weather|SunnyDay|[upkeep]
|-sideend|p2: jgm1234|move: Tailwind
|-sideend|p1: SHOMA_WIN|move: Tailwind
|upkeep
|turn|5
|
|t:|1782221263
|move|p1b: Kingambit|Sucker Punch|p2b: Pyroar
|-crit|p2b: Pyroar
|-damage|p2b: Pyroar|0 fnt
|faint|p2b: Pyroar
|move|p2a: Whimsicott|Moonblast|p1a: Charizard
|-resisted|p1a: Charizard|1
|-damage|p1a: Charizard|28/100
|-unboost|p1a: Charizard|spa|1
|move|p1a: Charizard|Heat Wave|p2a: Whimsicott
|-supereffective|p2a: Whimsicott|1
|-enditem|p2a: Whimsicott|Focus Sash
|-damage|p2a: Whimsicott|1/100
|
|-weather|SunnyDay|[upkeep]
|upkeep
|
|t:|1782221266
|switch|p2b: Basculegion|Basculegion, L50, M|100/100
|turn|6
|
|t:|1782221287
|move|p2a: Whimsicott|Tailwind|p2a: Whimsicott
|-sidestart|p2: jgm1234|move: Tailwind
|move|p2b: Basculegion|Aqua Jet|p1a: Charizard
|-supereffective|p1a: Charizard|1
|-damage|p1a: Charizard|0 fnt
|faint|p1a: Charizard
|-damage|p2b: Basculegion|90/100|[from] item: Life Orb
|move|p1b: Kingambit|Kowtow Cleave|p2b: Basculegion
|-supereffective|p2b: Basculegion|1
|-damage|p2b: Basculegion|0 fnt
|faint|p2b: Basculegion
|
|-weather|SunnyDay|[upkeep]
|upkeep
|
|t:|1782221290
|switch|p1a: Garchomp|Garchomp, L50, F|90/100
|turn|7
|-message|jgm1234 forfeited.
|
|win|SHOMA_WIN
|raw|SHOMA_WIN's rating: 1222 → 1240(+18 for winning)
|raw|jgm1234's rating: 1123 → 1105(-18 for losing)
|l|☆jgm1234
|player|p2|
