|j|☆namboyVGC
|j|☆piktocat
|html|namboyVGCpiktocat    
|uhtml|bestof|Game 3 of a best-of-3
|t:|1782761544
|gametype|doubles
|player|p1|namboyVGC|pokemonranger-gen4|1000
|player|p2|piktocat|caitlin|1089
|gen|9
|tier|[Gen 9 Champions] VGC 2026 Reg M-B (Bo3)
|rated|
|rule|Species Clause: Limit one of each Pokémon
|rule|Item Clause: Limit 1 of each item
|clearpoke
|poke|p1|Swampert, L50, M|
|poke|p1|Metagross, L50|
|poke|p1|Sinistcha-Masterpiece, L50|
|poke|p1|Archaludon, L50, F|
|poke|p1|Pelipper, L50, F|
|poke|p1|Sableye, L50, M|
|poke|p2|Mawile, L50, M|
|poke|p2|Farigiraf, L50, F|
|poke|p2|Incineroar, L50, M|
|poke|p2|Basculegion, L50, M|
|poke|p2|Sneasler, L50, M|
|poke|p2|Pelipper, L50, M|
|teampreview|4
|showteam|p1|Swampert||Swampertite|Torrent|WaveCrash,HighHorsepower,IcePunch,Protect|Adamant||M|||50|]Metagross||Metagrossite|ClearBody|IronHead,PsychicFangs,BodyPress,Protect|Jolly|||||50|]Sinistcha-Masterpiece||SitrusBerry|Hospitality|MatchaGotcha,LifeDew,TrickRoom,RagePowder|Bold|||||50|]Archaludon||Leftovers|Stamina|DragonPulse,ElectroShot,FlashCannon,Protect|Calm||F|||50|]Pelipper||FocusSash|Drizzle|WeatherBall,Hurricane,Protect,Tailwind|Modest||F|||50|]Sableye||LightClay|Prankster|Quash,LightScreen,Reflect,RainDance|Careful||M|||50|
|showteam|p2|Mawile||Mawilite|HyperCutter|IronHead,PlayRough,SuckerPunch,Protect|Adamant||M|||50|]Farigiraf||SitrusBerry|ArmorTail|HyperVoice,TwinBeam,TrickRoom,HelpingHand|Bold||F|||50|]Incineroar||PasshoBerry|Intimidate|FlareBlitz,ThroatChop,FakeOut,PartingShot|Adamant||M|||50|]Basculegion||MysticWater|Adaptability|WaveCrash,AquaJet,LastRespects,Protect|Adamant||M|||50|]Sneasler||FocusSash|Unburden|DireClaw,CloseCombat,Coaching,Protect|Jolly||M|||50|]Pelipper||LifeOrb|Drizzle|WeatherBall,Hurricane,Tailwind,Protect|Modest||M|||50|
|inactive|Battle timer is ON: inactive players will automatically lose when time's up. (requested by piktocat)
|
|t:|1782761567
|teamsize|p1|4
|teamsize|p2|4
|start
|switch|p1a: Swampert|Swampert, L50, M|100/100
|switch|p1b: Pelipper|Pelipper, L50, F|100/100
|switch|p2a: Basculegion|Basculegion, L50, M|100/100
|switch|p2b: Incineroar|Incineroar, L50, M|100/100
|-weather|RainDance|[from] ability: Drizzle|[of] p1b: Pelipper
|-ability|p2b: Incineroar|Intimidate|boost
|-unboost|p1a: Swampert|atk|1
|-unboost|p1b: Pelipper|atk|1
|turn|1
|
|t:|1782761582
|switch|p1a: Archaludon|Archaludon, L50, F|100/100
|move|p1b: Pelipper|Protect|p1b: Pelipper
|-singleturn|p1b: Pelipper|Protect
|move|p2b: Incineroar|Fake Out|p1b: Pelipper
|-activate|p1b: Pelipper|move: Protect
|move|p2a: Basculegion|Wave Crash|p1a: Archaludon
|-resisted|p1a: Archaludon|1
|-damage|p1a: Archaludon|51/100
|-ability|p1a: Archaludon|Stamina|boost
|-boost|p1a: Archaludon|def|1
|-damage|p2a: Basculegion|84/100|[from] Recoil
|
|-weather|RainDance|[upkeep]
|-heal|p1a: Archaludon|57/100|[from] item: Leftovers
|upkeep
|turn|2
|
|t:|1782761601
|move|p1a: Archaludon|Electro Shot||[still]
|-prepare|p1a: Archaludon|Electro Shot
|-boost|p1a: Archaludon|spa|1
|-anim|p1a: Archaludon|Electro Shot|p2a: Basculegion
|-supereffective|p2a: Basculegion|1
|-crit|p2a: Basculegion
|-damage|p2a: Basculegion|0 fnt
|faint|p2a: Basculegion
|move|p1b: Pelipper|Weather Ball|p2b: Incineroar
|-supereffective|p2b: Incineroar|1
|-enditem|p2b: Incineroar|Passho Berry|[eat]
|-enditem|p2b: Incineroar|Passho Berry|[weaken]
|-damage|p2b: Incineroar|37/100
|move|p2b: Incineroar|Parting Shot|p1a: Archaludon
|-unboost|p1a: Archaludon|atk|1
|-unboost|p1a: Archaludon|spa|1
|
|t:|1782761607
|switch|p2b: Sneasler|Sneasler, L50, M|100/100|[from] Parting Shot
|
|-weather|RainDance|[upkeep]
|-heal|p1a: Archaludon|63/100|[from] item: Leftovers
|upkeep
|
|t:|1782761609
|switch|p2a: Mawile|Mawile, L50, M|100/100
|turn|3
|inactive|namboyVGC has 30 seconds left.
|
|t:|1782761634
|detailschange|p2a: Mawile|Mawile-Mega, L50, M
|-mega|p2a: Mawile|Mawile|Mawilite
|move|p2b: Sneasler|Close Combat|p1a: Archaludon
|-supereffective|p1a: Archaludon|1
|-damage|p1a: Archaludon|0 fnt
|-unboost|p2b: Sneasler|def|1
|-unboost|p2b: Sneasler|spd|1
|faint|p1a: Archaludon
|move|p1b: Pelipper|Weather Ball|p2a: Mawile
|-damage|p2a: Mawile|10/100
|move|p2a: Mawile|Play Rough|p1b: Pelipper
|-enditem|p1b: Pelipper|Focus Sash
|-damage|p1b: Pelipper|1/100
|
|-weather|RainDance|[upkeep]
|upkeep
|
|t:|1782761646
|switch|p1a: Sinistcha|Sinistcha-Masterpiece, L50|100/100
|-heal|p1b: Pelipper|25/100|[from] ability: Hospitality|[of] p1a: Sinistcha
|turn|4
|
|t:|1782761657
|move|p2a: Mawile|Protect|p2a: Mawile
|-singleturn|p2a: Mawile|Protect
|move|p2b: Sneasler|Dire Claw|p1b: Pelipper
|-damage|p1b: Pelipper|0 fnt
|faint|p1b: Pelipper
|move|p1a: Sinistcha|Matcha Gotcha|p2a: Mawile|[spread] 
|-activate|p2a: Mawile|move: Protect
|-miss|p1a: Sinistcha|p2b: Sneasler
|
|-weather|RainDance|[upkeep]
|upkeep
|
|t:|1782761667
|switch|p1b: Swampert|Swampert, L50, M|100/100
|turn|5
|
|t:|1782761682
|switch|p2a: Incineroar|Incineroar, L50, M|37/100
|-ability|p2a: Incineroar|Intimidate|boost
|-unboost|p1a: Sinistcha|atk|1
|-unboost|p1b: Swampert|atk|1
|detailschange|p1b: Swampert|Swampert-Mega, L50, M
|-mega|p1b: Swampert|Swampert|Swampertite
|move|p1b: Swampert|High Horsepower|p2b: Sneasler
|-supereffective|p2b: Sneasler|1
|-enditem|p2b: Sneasler|Focus Sash
|-damage|p2b: Sneasler|1/100
|move|p2b: Sneasler|Dire Claw|p1a: Sinistcha
|-damage|p1a: Sinistcha|66/100
|move|p1a: Sinistcha|Matcha Gotcha|p2b: Sneasler|[spread] p2a,p2b
|-resisted|p2a: Incineroar|1
|-resisted|p2b: Sneasler|1
|-damage|p2a: Incineroar|26/100
|-heal|p1a: Sinistcha|73/100|[from] drain|[of] p2a: Incineroar
|-damage|p2b: Sneasler|0 fnt
|-heal|p1a: Sinistcha|73/100|[from] drain|[of] p2b: Sneasler
|faint|p2b: Sneasler
|
|-weather|none
|upkeep
|
|t:|1782761695
|switch|p2b: Mawile|Mawile-Mega, L50, M|10/100
|turn|6
|
|t:|1782761709
|move|p2a: Incineroar|Fake Out|p1b: Swampert
|-damage|p1b: Swampert|86/100
|cant|p1b: Swampert|flinch
|move|p1a: Sinistcha|Matcha Gotcha|p2b: Mawile|[spread] p2a,p2b
|-resisted|p2a: Incineroar|1
|-resisted|p2b: Mawile|1
|-damage|p2a: Incineroar|14/100
|-heal|p1a: Sinistcha|80/100|[from] drain|[of] p2a: Incineroar
|-damage|p2b: Mawile|0 fnt
|-heal|p1a: Sinistcha|85/100|[from] drain|[of] p2b: Mawile
|faint|p2b: Mawile
|
|upkeep
|turn|7
|-message|piktocat forfeited.
|raw|namboyVGC's rating: 1000 → 1050(+50 for winning)
|raw|piktocat's rating: 1089 → 1060(-29 for losing)
|
|win|namboyVGC
