|j|☆helio list
|j|☆dtcha
|html|helio listdtcha    
|uhtml|bestof|Game 3 of a best-of-3
|t:|1785351819
|gametype|doubles
|player|p1|helio list|266|1393
|player|p2|dtcha|170|1357
|gen|9
|tier|[Gen 9 Champions] VGC 2026 Reg M-B (Bo3)
|rated|
|rule|Species Clause: Limit one of each Pokémon
|rule|Item Clause: Limit 1 of each item
|clearpoke
|poke|p1|Garchomp, L50, M|
|poke|p1|Talonflame, L50, F|
|poke|p1|Floette-Eternal, L50, F|
|poke|p1|Vivillon-Pokeball, L50, F|
|poke|p1|Kingambit, L50, M|
|poke|p1|Sneasler, L50, F|
|poke|p2|Staraptor, L50, M|
|poke|p2|Tyranitar, L50, M|
|poke|p2|Excadrill, L50, M|
|poke|p2|Milotic, L50, M|
|poke|p2|Sinistcha, L50|
|poke|p2|Gholdengo, L50|
|teampreview|4
|showteam|p1|Garchomp||LifeOrb|RoughSkin|Earthquake,RockSlide,DragonClaw,Protect|Jolly||M|||50|]Talonflame||SharpBeak|GaleWings|DualWingbeat,FlareBlitz,Tailwind,Protect|Jolly||F|||50|]Floette-Eternal||Floettite|FlowerVeil|CalmMind,Protect,LightofRuin,DazzlingGleam|Modest||F|||50|]Vivillon-Pokeball||ChoiceScarf|CompoundEyes|SleepPowder,Tailwind,RagePowder,Hurricane|Timid||F|||50|]Kingambit||OccaBerry|Defiant|SuckerPunch,KowtowCleave,IronHead,Protect|Adamant||M|||50|]Sneasler||FocusSash|PoisonTouch|FakeOut,CloseCombat,GunkShot,Protect|Jolly||F|||50|
|showteam|p2|Staraptor||Staraptite|Intimidate|CloseCombat,BraveBird,Tailwind,Protect|Jolly||M|||50|]Tyranitar||Tyranitarite|SandStream|KnockOff,RockSlide,HighHorsepower,Protect|Jolly||M|||50|]Excadrill||FocusSash|SandRush|Earthquake,IronHead,RockSlide,Protect|Adamant||M|||50|]Milotic||SitrusBerry|Competitive|Scald,IcyWind,Haze,Protect|Calm||M|||50|]Sinistcha||ColburBerry|Hospitality|MatchaGotcha,ShadowBall,Protect,RagePowder|Bold|||||50|]Gholdengo||LifeOrb|GoodasGold|MakeItRain,ShadowBall,NastyPlot,Protect|Modest|||||50|
|inactive|Battle timer is ON: inactive players will automatically lose when time's up. (requested by helio list)
|inactive|dtcha has 60 seconds left.
|inactive|dtcha has 30 seconds left.
|
|t:|1785351885
|teamsize|p1|4
|teamsize|p2|4
|start
|switch|p1a: Talonflame|Talonflame, L50, F|100/100
|switch|p1b: Garchomp|Garchomp, L50, M|100/100
|switch|p2a: Staraptor|Staraptor, L50, M|100/100
|switch|p2b: Milotic|Milotic, L50, M|100/100
|-ability|p2a: Staraptor|Intimidate|boost
|-unboost|p1a: Talonflame|atk|1
|-unboost|p1b: Garchomp|atk|1
|turn|1
|inactive|dtcha has 30 seconds left.
|inactive|dtcha has 20 seconds left.
|inactive|dtcha has 15 seconds left.
|inactive|dtcha has 10 seconds left.
|
|t:|1785351933
|switch|p1b: Floette|Floette-Eternal, L50, F|100/100
|detailschange|p2a: Staraptor|Staraptor-Mega, L50, M
|-mega|p2a: Staraptor|Staraptor|Staraptite
|move|p1a: Talonflame|Protect|p1a: Talonflame
|-singleturn|p1a: Talonflame|Protect
|move|p2a: Staraptor|Close Combat|p1b: Floette
|-resisted|p1b: Floette|1
|-damage|p1b: Floette|55/100
|-boost|p2a: Staraptor|def|1
|-boost|p2a: Staraptor|spd|1
|move|p2b: Milotic|Icy Wind|p1a: Talonflame|[spread] p1b
|-activate|p1a: Talonflame|move: Protect
|-damage|p1b: Floette|47/100
|-unboost|p1b: Floette|spe|1
|
|upkeep
|turn|2
|inactive|dtcha has 30 seconds left.
|inactive|dtcha has 20 seconds left.
|inactive|dtcha has 15 seconds left.
|
|t:|1785351974
|move|p2a: Staraptor|Protect|p2a: Staraptor
|-singleturn|p2a: Staraptor|Protect
|move|p1b: Floette|Protect|p1b: Floette
|-singleturn|p1b: Floette|Protect
|move|p1a: Talonflame|Tailwind|p1a: Talonflame
|-sidestart|p1: helio list|move: Tailwind
|move|p2b: Milotic|Icy Wind|p1a: Talonflame|[spread] p1a
|-activate|p1b: Floette|move: Protect
|-damage|p1a: Talonflame|84/100
|-unboost|p1a: Talonflame|spe|1
|
|upkeep
|turn|3
|inactive|dtcha has 30 seconds left.
|
|t:|1785352003
|switch|p2a: Sinistcha|Sinistcha, L50|100/100
|detailschange|p1b: Floette|Floette-Mega, L50, F
|-mega|p1b: Floette|Floette|Floettite
|-ability|p1b: Floette|Fairy Aura
|move|p1a: Talonflame|Dual Wingbeat|p2a: Sinistcha
|-supereffective|p2a: Sinistcha|1
|-damage|p2a: Sinistcha|79/100
|-supereffective|p2a: Sinistcha|1
|-damage|p2a: Sinistcha|57/100
|-hitcount|p2a: Sinistcha|2
|move|p1b: Floette|Dazzling Gleam|p2b: Milotic|[spread] p2a,p2b
|-damage|p2a: Sinistcha|4/100
|-damage|p2b: Milotic|67/100
|move|p2b: Milotic|Scald|p1a: Talonflame
|-supereffective|p1a: Talonflame|1
|-damage|p1a: Talonflame|1/100
|
|upkeep
|turn|4
|inactive|dtcha has 30 seconds left.
|
|t:|1785352030
|switch|p1a: Kingambit|Kingambit, L50, M|100/100
|move|p2a: Sinistcha|Rage Powder|p2a: Sinistcha
|-singleturn|p2a: Sinistcha|move: Rage Powder
|move|p1b: Floette|Dazzling Gleam|p2a: Sinistcha|[spread] p2a,p2b
|-damage|p2a: Sinistcha|0 fnt
|-damage|p2b: Milotic|37/100
|-enditem|p2b: Milotic|Sitrus Berry|[eat]
|-heal|p2b: Milotic|62/100|[from] item: Sitrus Berry
|faint|p2a: Sinistcha
|move|p2b: Milotic|Icy Wind|p1b: Floette|[spread] p1a,p1b
|-resisted|p1a: Kingambit|1
|-damage|p1a: Kingambit|95/100
|-damage|p1b: Floette|40/100
|-unboost|p1a: Kingambit|spe|1
|-ability|p1a: Kingambit|Defiant|boost
|-boost|p1a: Kingambit|atk|2
|-unboost|p1b: Floette|spe|1
|
|upkeep
|
|t:|1785352048
|switch|p2a: Staraptor|Staraptor-Mega, L50, M|100/100
|turn|5
|
|t:|1785352055
|move|p2a: Staraptor|Protect|p2a: Staraptor
|-singleturn|p2a: Staraptor|Protect
|move|p2b: Milotic|Protect|p2b: Milotic
|-singleturn|p2b: Milotic|Protect
|move|p1b: Floette|Dazzling Gleam|p2a: Staraptor|[spread] 
|-activate|p2a: Staraptor|move: Protect
|-activate|p2b: Milotic|move: Protect
|move|p1a: Kingambit|Iron Head|p2a: Staraptor
|-activate|p2a: Staraptor|move: Protect
|
|-sideend|p1: helio list|move: Tailwind
|upkeep
|turn|6
|
|t:|1785352072
|move|p2a: Staraptor|Brave Bird|p1b: Floette
|-damage|p1b: Floette|0 fnt
|faint|p1b: Floette
|-damage|p2a: Staraptor|88/100|[from] Recoil
|move|p2b: Milotic|Haze|p2b: Milotic
|-clearallboost
|move|p1a: Kingambit|Iron Head|p2a: Staraptor
|-damage|p2a: Staraptor|46/100
|
|upkeep
|
|t:|1785352081
|switch|p1b: Talonflame|Talonflame, L50, F|1/100
|turn|7
|
|t:|1785352105
|move|p1b: Talonflame|Protect|p1b: Talonflame
|-singleturn|p1b: Talonflame|Protect
|move|p1a: Kingambit|Protect|p1a: Kingambit
|-singleturn|p1a: Kingambit|Protect
|move|p2a: Staraptor|Tailwind|p2a: Staraptor
|-sidestart|p2: dtcha|move: Tailwind
|move|p2b: Milotic|Scald|p1b: Talonflame
|-activate|p1b: Talonflame|move: Protect
|
|upkeep
|turn|8
|
|t:|1785352119
|move|p1a: Kingambit|Sucker Punch|p2b: Milotic
|-damage|p2b: Milotic|23/100
|move|p2a: Staraptor|Close Combat|p1a: Kingambit
|-supereffective|p1a: Kingambit|2
|-damage|p1a: Kingambit|0 fnt
|-boost|p2a: Staraptor|def|1
|-boost|p2a: Staraptor|spd|1
|faint|p1a: Kingambit
|move|p2b: Milotic|Icy Wind|p1b: Talonflame
|-damage|p1b: Talonflame|0 fnt
|faint|p1b: Talonflame
|
|upkeep
|-message|helio list forfeited.
|
|win|dtcha
|raw|helio list's rating: 1393 → 1371(-22 for losing)
|raw|dtcha's rating: 1357 → 1379(+22 for winning)
|l|☆helio list
|player|p1|
|j| tedidn
