|j|☆pikajw
|j|☆Beeetch
|html|pikajwBeeetch    
|uhtml|bestof|Game 1 of a best-of-3
|t:|1756861435
|gametype|doubles
|player|p1|pikajw|265|1125
|player|p2|Beeetch|beauty-gen4dp|1243
|gen|9
|tier|[Gen 9] VGC 2025 Reg H (Bo3)
|rated|
|rule|Species Clause: Limit one of each Pokémon
|rule|Item Clause: Limit 1 of each item
|clearpoke
|poke|p1|Lilligant-Hisui, L50, F|
|poke|p1|Torkoal, L50, M|
|poke|p1|Kingambit, L50, F|
|poke|p1|Indeedee-F, L50, F|
|poke|p1|Farigiraf, L50, M|
|poke|p1|Ursaluna, L50, M|
|poke|p2|Excadrill, L50, M|
|poke|p2|Tyranitar, L50, F|
|poke|p2|Sneasler, L50, M|
|poke|p2|Indeedee, L50, M|
|poke|p2|Corviknight, L50, M|
|poke|p2|Annihilape, L50, F|
|teampreview|4
|showteam|p1|Lilligant-Hisui||FocusSash|Chlorophyll|SolarBlade,AfterYou,SleepPowder,Coaching|||F|||50|,,,,,Ghost]Torkoal||SitrusBerry|Drought|Overheat,Eruption,BodyPress,Protect|||M|||50|,,,,,Fire]Kingambit||AssaultVest|Defiant|KowtowCleave,IronHead,Snarl,TeraBlast|||F|||50|,,,,,Fire]Indeedee-F||SafetyGoggles|PsychicSurge|DazzlingGleam,FollowMe,TrickRoom,Protect|||F|||50|,,,,,Fairy]Farigiraf||ThroatSpray|ArmorTail|ExpandingForce,HyperVoice,TrickRoom,Protect|||M|||50|,,,,,Psychic]Ursaluna||FlameOrb|Guts|Facade,HeadlongRush,Substitute,Protect|||M|||50|,,,,,Water
|showteam|p2|Excadrill||FocusSash|SandRush|IronHead,HighHorsepower,Earthquake,Protect|||M|||50|,,,,,Stellar]Tyranitar||AssaultVest|SandStream|RockSlide,KnockOff,TeraBlast,LowKick|||F|||50|,,,,,Flying]Sneasler||PsychicSeed|Unburden|DireClaw,CloseCombat,ThroatChop,Protect|||M|||50|,,,,,Dark]Indeedee||ChoiceScarf|PsychicSurge|ExpandingForce,TeraBlast,Protect,Trick|||M|||50|,,,,,Psychic]Corviknight||Leftovers|MirrorArmor|BraveBird,BulkUp,Roost,Tailwind|||M|||50|,,,,,Dragon]Annihilape||SafetyGoggles|Defiant|CloseCombat,FinalGambit,RageFist,Taunt|||F|||50|,,,,,Water
|inactive|Battle timer is ON: inactive players will automatically lose when time's up. (requested by Beeetch)
|inactive|pikajw has 60 seconds left.
|
|t:|1756861513
|teamsize|p1|4
|teamsize|p2|4
|start
|switch|p1a: Farigiraf|Farigiraf, L50, M|100/100
|switch|p1b: Indeedee|Indeedee-F, L50, F|100/100
|switch|p2a: Sneasler|Sneasler, L50, M, shiny|100/100
|switch|p2b: Indeedee|Indeedee, L50, M, shiny|100/100
|-fieldstart|move: Psychic Terrain|[from] ability: Psychic Surge|[of] p2b: Indeedee
|-enditem|p2a: Sneasler|Psychic Seed
|-boost|p2a: Sneasler|spd|1|[from] item: Psychic Seed
|turn|1
|
|t:|1756861534
|-terastallize|p2a: Sneasler|Dark
|-terastallize|p1b: Indeedee|Fairy
|move|p1b: Indeedee|Follow Me|p1b: Indeedee
|-singleturn|p1b: Indeedee|move: Follow Me
|move|p2a: Sneasler|Throat Chop|p1b: Indeedee
|-resisted|p1b: Indeedee
|-damage|p1b: Indeedee|73/100
|-start|p1b: Indeedee|Throat Chop|[silent]
|move|p2b: Indeedee|Trick|p1b: Indeedee
|-activate|p2b: Indeedee|move: Trick|[of] p1b: Indeedee
|-item|p1b: Indeedee|Choice Scarf|[from] move: Trick
|-item|p2b: Indeedee|Safety Goggles|[from] move: Trick
|move|p1a: Farigiraf|Trick Room|p1a: Farigiraf
|-fieldstart|move: Trick Room|[of] p1a: Farigiraf
|
|upkeep
|turn|2
|inactive|Beeetch has 30 seconds left.
|inactive|Beeetch has 20 seconds left.
|
|t:|1756861570
|move|p1b: Indeedee|Follow Me|p1b: Indeedee
|-singleturn|p1b: Indeedee|move: Follow Me
|move|p1a: Farigiraf|Hyper Voice|p2b: Indeedee|[spread] p2a,p2b
|-damage|p2a: Sneasler|72/100
|-damage|p2b: Indeedee|59/100
|-enditem|p1a: Farigiraf|Throat Spray
|-boost|p1a: Farigiraf|spa|1|[from] item: Throat Spray
|move|p2b: Indeedee|Expanding Force|p1b: Indeedee|[spread] p1a,p1b
|-resisted|p1a: Farigiraf
|-damage|p1a: Farigiraf|72/100
|-damage|p1b: Indeedee|30/100
|move|p2a: Sneasler|Throat Chop|p1b: Indeedee
|-resisted|p1b: Indeedee
|-damage|p1b: Indeedee|3/100
|
|-end|p1b: Indeedee|Throat Chop|[silent]
|upkeep
|turn|3
|
|t:|1756861585
|move|p2a: Sneasler|Protect|p2a: Sneasler
|-singleturn|p2a: Sneasler|Protect
|move|p1b: Indeedee|Follow Me|p1b: Indeedee
|-singleturn|p1b: Indeedee|move: Follow Me
|move|p1a: Farigiraf|Hyper Voice|p2a: Sneasler|[spread] p2b
|-activate|p2a: Sneasler|move: Protect
|-damage|p2b: Indeedee|0 fnt
|faint|p2b: Indeedee
|
|upkeep
|
|t:|1756861596
|switch|p2b: Tyranitar|Tyranitar, L50, F, shiny|100/100
|-weather|Sandstorm|[from] ability: Sand Stream|[of] p2b: Tyranitar
|turn|4
|
|t:|1756861609
|switch|p2a: Annihilape|Annihilape, L50, F|100/100
|move|p1b: Indeedee|Follow Me|p1b: Indeedee
|-singleturn|p1b: Indeedee|move: Follow Me
|move|p1a: Farigiraf|Hyper Voice|p2b: Tyranitar|[spread] p2b
|-immune|p2a: Annihilape
|-resisted|p2b: Tyranitar
|-damage|p2b: Tyranitar|90/100
|move|p2b: Tyranitar|Knock Off|p1b: Indeedee
|-resisted|p1b: Indeedee
|-damage|p1b: Indeedee|0 fnt
|-enditem|p1b: Indeedee|Choice Scarf|[from] move: Knock Off|[of] p2b: Tyranitar
|faint|p1b: Indeedee
|
|-weather|Sandstorm|[upkeep]
|-damage|p1a: Farigiraf|66/100|[from] Sandstorm
|upkeep
|
|t:|1756861628
|switch|p1b: Torkoal|Torkoal, L50, M|100/100
|-weather|SunnyDay|[from] ability: Drought|[of] p1b: Torkoal
|turn|5
|
|t:|1756861639
|switch|p2a: Sneasler|Sneasler, L50, M, shiny, tera:Dark|72/100
|move|p1b: Torkoal|Body Press|p2b: Tyranitar
|-supereffective|p2b: Tyranitar
|-damage|p2b: Tyranitar|0 fnt
|faint|p2b: Tyranitar
|move|p1a: Farigiraf|Expanding Force|p2a: Sneasler
|-immune|p2a: Sneasler
|
|-weather|SunnyDay|[upkeep]
|-fieldend|move: Trick Room
|-fieldend|move: Psychic Terrain
|upkeep
|
|t:|1756861647
|switch|p2b: Annihilape|Annihilape, L50, F|100/100
|turn|6
|inactive|Beeetch has 30 seconds left.
|
|t:|1756861678
|move|p1a: Farigiraf|Protect|p1a: Farigiraf
|-singleturn|p1a: Farigiraf|Protect
|move|p2a: Sneasler|Dire Claw|p1b: Torkoal
|-damage|p1b: Torkoal|68/100
|-status|p1b: Torkoal|slp
|move|p2b: Annihilape|Taunt|p1a: Farigiraf
|-activate|p1a: Farigiraf|move: Protect
|cant|p1b: Torkoal|slp
|
|-weather|SunnyDay|[upkeep]
|upkeep
|turn|7
|
|t:|1756861699
|switch|p1a: Ursaluna|Ursaluna, L50, M|100/100
|move|p2a: Sneasler|Throat Chop|p1a: Ursaluna
|-damage|p1a: Ursaluna|68/100
|-start|p1a: Ursaluna|Throat Chop|[silent]
|move|p2b: Annihilape|Rage Fist|p1b: Torkoal
|-damage|p1b: Torkoal|53/100 slp
|-curestatus|p1b: Torkoal|slp|[msg]
|move|p1b: Torkoal|Body Press|p2a: Sneasler
|-supereffective|p2a: Sneasler
|-damage|p2a: Sneasler|0 fnt
|faint|p2a: Sneasler
|
|-weather|SunnyDay|[upkeep]
|-status|p1a: Ursaluna|brn|[from] item: Flame Orb
|upkeep
|turn|8
|
|t:|1756861715
|move|p2b: Annihilape|Close Combat|p1b: Torkoal
|-damage|p1b: Torkoal|13/100
|-unboost|p2b: Annihilape|def|1
|-unboost|p2b: Annihilape|spd|1
|-enditem|p1b: Torkoal|Sitrus Berry|[eat]
|-heal|p1b: Torkoal|38/100|[from] item: Sitrus Berry
|move|p1a: Ursaluna|Headlong Rush|p2b: Annihilape
|-damage|p2b: Annihilape|0 fnt
|-unboost|p1a: Ursaluna|def|1
|-unboost|p1a: Ursaluna|spd|1
|faint|p2b: Annihilape
|
|win|pikajw
