|j|☆dambro222
|j|☆IshtarVGC26
|html|dambro222IshtarVGC26    
|uhtml|bestof|Game 1 of a best-of-3
|t:|1756799253
|gametype|doubles
|player|p1|dambro222|ethan|1205
|player|p2|IshtarVGC26|juan|1295
|gen|9
|tier|[Gen 9] VGC 2025 Reg H (Bo3)
|rated|
|rule|Species Clause: Limit one of each Pokémon
|rule|Item Clause: Limit 1 of each item
|clearpoke
|poke|p1|Dragonite, L50, M|
|poke|p1|Volcarona, L50, F|
|poke|p1|Sneasler, L50, M|
|poke|p1|Rillaboom, L50, M|
|poke|p1|Electabuzz, L50, M|
|poke|p1|Kingambit, L50, M|
|poke|p2|Tyranitar, L50, M|
|poke|p2|Excadrill, L50, M|
|poke|p2|Sinistcha-Masterpiece, L50|
|poke|p2|Primarina, L50, F|
|poke|p2|Volcarona, L50, M|
|poke|p2|Braviary, L50, M|
|teampreview|4
|showteam|p1|Dragonite||LoadedDice|Multiscale|ScaleShot,ExtremeSpeed,Haze,Protect|||M|||50|,,,,,Fairy]Volcarona||CovertCloak|FlameBody|HeatWave,TeraBlast,QuiverDance,Protect|||F|||50|,,,,,Fairy]Sneasler||FocusSash|Unburden|CloseCombat,DireClaw,RockSlide,Protect|||M|||50|,,,,,Stellar]Rillaboom||AssaultVest|GrassySurge|WoodHammer,GrassyGlide,HighHorsepower,FakeOut|||M|||50|,,,,,Water]Electabuzz||Eviolite|VitalSpirit|Electroweb,FollowMe,Taunt,Protect|||M|||50|,,,,,Ghost]Kingambit||BlackGlasses|Defiant|KowtowCleave,SuckerPunch,SwordsDance,Protect|||M|||50|,,,,,Dark
|showteam|p2|Tyranitar||AssaultVest|SandStream|RockSlide,KnockOff,TeraBlast,BrickBreak|||M|||50|,,,,,Flying]Excadrill||FocusSash|SandRush|Protect,DrillRun,Earthquake,IronHead|||M|||50|,,,,,Dragon]Sinistcha-Masterpiece||RockyHelmet|Hospitality|LifeDew,RagePowder,MatchaGotcha,TrickRoom||||||50|,,,,,Water]Primarina||ThroatSpray|LiquidVoice|Protect,HyperVoice,Moonblast,Haze|||F|||50|,,,,,Water]Volcarona||SitrusBerry|FlameBody|Protect,FieryDance,GigaDrain,QuiverDance|||M|||50|,,,,,Dragon]Braviary||SafetyGoggles|Defiant|Protect,BraveBird,CloseCombat,Tailwind|||M|||50|,,,,,Ghost
|inactive|Battle timer is ON: inactive players will automatically lose when time's up. (requested by dambro222)
|inactive|dambro222 has 60 seconds left.
|inactive|dambro222 has 30 seconds left.
|
|t:|1756799316
|teamsize|p1|4
|teamsize|p2|4
|start
|switch|p1a: Volcarona|Volcarona, L50, F|100/100
|switch|p1b: Rillaboom|Rillaboom, L50, M|100/100
|switch|p2a: Tyranitar|Tyranitar, L50, M|100/100
|switch|p2b: Excadrill|Excadrill, L50, M, shiny|100/100
|-fieldstart|move: Grassy Terrain|[from] ability: Grassy Surge|[of] p1b: Rillaboom
|-weather|Sandstorm|[from] ability: Sand Stream|[of] p2a: Tyranitar
|turn|1
|
|t:|1756799335
|-terastallize|p2a: Tyranitar|Flying
|move|p1b: Rillaboom|Fake Out|p2a: Tyranitar
|-damage|p2a: Tyranitar|87/100
|move|p2b: Excadrill|Iron Head|p1a: Volcarona
|-resisted|p1a: Volcarona
|-damage|p1a: Volcarona|67/100
|move|p1a: Volcarona|Heat Wave|p2a: Tyranitar|[spread] p2a,p2b
|-supereffective|p2b: Excadrill
|-damage|p2a: Tyranitar|61/100
|-enditem|p2b: Excadrill|Focus Sash
|-damage|p2b: Excadrill|1/100
|cant|p2a: Tyranitar|flinch
|
|-weather|Sandstorm|[upkeep]
|-damage|p1a: Volcarona|61/100|[from] Sandstorm
|-damage|p1b: Rillaboom|94/100|[from] Sandstorm
|-damage|p2a: Tyranitar|55/100|[from] Sandstorm
|-heal|p2b: Excadrill|7/100|[from] Grassy Terrain
|-heal|p1a: Volcarona|67/100|[from] Grassy Terrain
|-heal|p1b: Rillaboom|100/100|[from] Grassy Terrain
|upkeep
|turn|2
|inactive|dambro222 has 30 seconds left.
|
|t:|1756799365
|-terastallize|p1a: Volcarona|Fairy
|move|p1b: Rillaboom|Grassy Glide|p2b: Excadrill
|-damage|p2b: Excadrill|0 fnt
|faint|p2b: Excadrill
|move|p1a: Volcarona|Quiver Dance|p1a: Volcarona
|-boost|p1a: Volcarona|spa|1
|-boost|p1a: Volcarona|spd|1
|-boost|p1a: Volcarona|spe|1
|move|p2a: Tyranitar|Tera Blast|p1b: Rillaboom|[anim] Tera Blast Flying
|-supereffective|p1b: Rillaboom
|-damage|p1b: Rillaboom|10/100
|
|-weather|Sandstorm|[upkeep]
|-damage|p1a: Volcarona|61/100|[from] Sandstorm
|-damage|p1b: Rillaboom|4/100|[from] Sandstorm
|-damage|p2a: Tyranitar|49/100|[from] Sandstorm
|-heal|p1a: Volcarona|67/100|[from] Grassy Terrain
|-heal|p1b: Rillaboom|10/100|[from] Grassy Terrain
|upkeep
|
|t:|1756799385
|switch|p2b: Sinistcha|Sinistcha-Masterpiece, L50|100/100
|-heal|p2a: Tyranitar|74/100|[from] ability: Hospitality|[of] p2b: Sinistcha
|turn|3
|
|t:|1756799400
|switch|p1b: Electabuzz|Electabuzz, L50, M|100/100
|switch|p2b: Primarina|Primarina, L50, F|100/100
|move|p1a: Volcarona|Heat Wave|p2a: Tyranitar|[spread] p2a,p2b
|-resisted|p2b: Primarina
|-damage|p2a: Tyranitar|40/100
|-damage|p2b: Primarina|77/100
|-status|p2b: Primarina|brn
|move|p2a: Tyranitar|Tera Blast|p1a: Volcarona|[anim] Tera Blast Flying
|-damage|p1a: Volcarona|4/100
|
|-weather|Sandstorm|[upkeep]
|-damage|p1a: Volcarona|0 fnt|[from] Sandstorm
|-damage|p1b: Electabuzz|95/100|[from] Sandstorm
|-damage|p2a: Tyranitar|33/100|[from] Sandstorm
|-damage|p2b: Primarina|70/100 brn|[from] Sandstorm
|faint|p1a: Volcarona
|-heal|p1b: Electabuzz|100/100|[from] Grassy Terrain
|-heal|p2b: Primarina|77/100 brn|[from] Grassy Terrain
|-damage|p2b: Primarina|70/100 brn|[from] brn
|upkeep
|
|t:|1756799425
|switch|p1a: Sneasler|Sneasler, L50, M|100/100
|turn|4
|
|t:|1756799437
|switch|p2b: Sinistcha|Sinistcha-Masterpiece, L50|100/100
|-heal|p2a: Tyranitar|58/100|[from] ability: Hospitality|[of] p2b: Sinistcha
|move|p1a: Sneasler|Protect|p1a: Sneasler
|-singleturn|p1a: Sneasler|Protect
|move|p1b: Electabuzz|Electroweb|p2a: Tyranitar|[spread] p2a,p2b
|-supereffective|p2a: Tyranitar
|-resisted|p2b: Sinistcha
|-damage|p2a: Tyranitar|40/100
|-damage|p2b: Sinistcha|94/100
|-unboost|p2a: Tyranitar|spe|1
|-unboost|p2b: Sinistcha|spe|1
|move|p2a: Tyranitar|Tera Blast|p1a: Sneasler|[anim] Tera Blast Flying
|-activate|p1a: Sneasler|move: Protect
|
|-weather|Sandstorm|[upkeep]
|-damage|p1a: Sneasler|94/100|[from] Sandstorm
|-damage|p1b: Electabuzz|95/100|[from] Sandstorm
|-damage|p2a: Tyranitar|34/100|[from] Sandstorm
|-damage|p2b: Sinistcha|88/100|[from] Sandstorm
|-heal|p1a: Sneasler|100/100|[from] Grassy Terrain
|-heal|p1b: Electabuzz|100/100|[from] Grassy Terrain
|-heal|p2b: Sinistcha|94/100|[from] Grassy Terrain
|upkeep
|turn|5
|
|t:|1756799460
|move|p1a: Sneasler|Rock Slide|p2a: Tyranitar|[spread] p2a,p2b
|-supereffective|p2a: Tyranitar
|-damage|p2a: Tyranitar|0 fnt
|-damage|p2b: Sinistcha|77/100
|faint|p2a: Tyranitar
|move|p1b: Electabuzz|Electroweb|p2b: Sinistcha
|-resisted|p2b: Sinistcha
|-damage|p2b: Sinistcha|68/100
|-unboost|p2b: Sinistcha|spe|1
|move|p2b: Sinistcha|Trick Room|p2b: Sinistcha
|-fieldstart|move: Trick Room|[of] p2b: Sinistcha
|
|-weather|none
|-heal|p2b: Sinistcha|75/100|[from] Grassy Terrain
|-fieldend|move: Grassy Terrain
|upkeep
|
|t:|1756799471
|switch|p2a: Primarina|Primarina, L50, F|70/100 brn
|turn|6
|
|t:|1756799484
|move|p1b: Electabuzz|Protect|p1b: Electabuzz
|-singleturn|p1b: Electabuzz|Protect
|move|p1a: Sneasler|Protect|p1a: Sneasler
|-singleturn|p1a: Sneasler|Protect
|move|p2b: Sinistcha|Rage Powder|p2b: Sinistcha
|-singleturn|p2b: Sinistcha|move: Rage Powder
|move|p2a: Primarina|Hyper Voice|p1b: Electabuzz|[spread] 
|-activate|p1a: Sneasler|move: Protect
|-activate|p1b: Electabuzz|move: Protect
|
|-damage|p2a: Primarina|64/100 brn|[from] brn
|upkeep
|turn|7
|
|t:|1756799509
|move|p2b: Sinistcha|Rage Powder|p2b: Sinistcha
|-singleturn|p2b: Sinistcha|move: Rage Powder
|move|p2a: Primarina|Hyper Voice|p1a: Sneasler|[spread] p1a,p1b
|-damage|p1a: Sneasler|50/100
|-damage|p1b: Electabuzz|72/100
|-enditem|p2a: Primarina|Throat Spray
|-boost|p2a: Primarina|spa|1|[from] item: Throat Spray
|move|p1b: Electabuzz|Electroweb|p2a: Primarina|[spread] p2a,p2b
|-supereffective|p2a: Primarina
|-resisted|p2b: Sinistcha
|-damage|p2a: Primarina|43/100 brn
|-damage|p2b: Sinistcha|68/100
|-unboost|p2a: Primarina|spe|1
|-unboost|p2b: Sinistcha|spe|1
|move|p1a: Sneasler|Dire Claw|p2b: Sinistcha
|-damage|p2b: Sinistcha|31/100
|-damage|p1a: Sneasler|34/100|[from] item: Rocky Helmet|[of] p2b: Sinistcha
|
|-damage|p2a: Primarina|37/100 brn|[from] brn
|upkeep
|turn|8
|inactive|dambro222 has 30 seconds left.
|inactive|dambro222 has 20 seconds left.
|inactive|dambro222 has 15 seconds left.
|
|t:|1756799552
|move|p1a: Sneasler|Protect|p1a: Sneasler
|-singleturn|p1a: Sneasler|Protect
|move|p2b: Sinistcha|Life Dew|p2b: Sinistcha|[spread] p2a,p2b
|-heal|p2a: Primarina|62/100 brn
|-heal|p2b: Sinistcha|56/100
|move|p2a: Primarina|Hyper Voice|p1a: Sneasler|[spread] p1b
|-activate|p1a: Sneasler|move: Protect
|-damage|p1b: Electabuzz|30/100
|move|p1b: Electabuzz|Electroweb|p2a: Primarina|[spread] p2a,p2b
|-supereffective|p2a: Primarina
|-resisted|p2b: Sinistcha
|-damage|p2a: Primarina|39/100 brn
|-damage|p2b: Sinistcha|50/100
|-unboost|p2a: Primarina|spe|1
|-unboost|p2b: Sinistcha|spe|1
|
|-damage|p2a: Primarina|33/100 brn|[from] brn
|upkeep
|turn|9
|inactive|dambro222 has 30 seconds left.
|
|t:|1756799582
|move|p1b: Electabuzz|Protect|p1b: Electabuzz
|-singleturn|p1b: Electabuzz|Protect
|move|p1a: Sneasler|Protect|p1a: Sneasler
|-singleturn|p1a: Sneasler|Protect
|move|p2b: Sinistcha|Life Dew|p2b: Sinistcha|[spread] p2a,p2b
|-heal|p2a: Primarina|58/100 brn
|-heal|p2b: Sinistcha|75/100
|move|p2a: Primarina|Hyper Voice|p1a: Sneasler|[spread] 
|-activate|p1a: Sneasler|move: Protect
|-activate|p1b: Electabuzz|move: Protect
|
|-damage|p2a: Primarina|52/100 brn|[from] brn
|-fieldend|move: Trick Room
|upkeep
|turn|10
|inactive|IshtarVGC26 has 30 seconds left.
|
|t:|1756799613
|move|p2b: Sinistcha|Rage Powder|p2b: Sinistcha
|-singleturn|p2b: Sinistcha|move: Rage Powder
|move|p1a: Sneasler|Dire Claw|p2b: Sinistcha
|-damage|p2b: Sinistcha|38/100
|-damage|p1a: Sneasler|17/100|[from] item: Rocky Helmet|[of] p2b: Sinistcha
|move|p1b: Electabuzz|Taunt|p2b: Sinistcha
|-start|p2b: Sinistcha|move: Taunt
|move|p2a: Primarina|Hyper Voice|p1a: Sneasler|[spread] p1a,p1b
|-damage|p1a: Sneasler|0 fnt
|-damage|p1b: Electabuzz|0 fnt
|faint|p1a: Sneasler
|faint|p1b: Electabuzz
|
|-damage|p2a: Primarina|45/100 brn|[from] brn
|upkeep
|
|t:|1756799624
|switch|p1b: Rillaboom|Rillaboom, L50, M|10/100
|-fieldstart|move: Grassy Terrain|[from] ability: Grassy Surge|[of] p1b: Rillaboom
|turn|11
|
|t:|1756799640
|move|p1b: Rillaboom|Grassy Glide|p2a: Primarina
|-supereffective|p2a: Primarina
|-damage|p2a: Primarina|0 fnt
|faint|p2a: Primarina
|move|p2b: Sinistcha|Matcha Gotcha|p1b: Rillaboom
|-resisted|p1b: Rillaboom
|-damage|p1b: Rillaboom|0 fnt
|-heal|p2b: Sinistcha|43/100|[from] drain|[of] p1b: Rillaboom
|faint|p1b: Rillaboom
|
|win|IshtarVGC26
|inactive|dambro222 has 30 seconds to confirm battle start!
|inactive|IshtarVGC26 has 30 seconds to confirm battle start!
||IshtarVGC26 is ready for game 2.
||dambro222 is ready for game 2.
|uhtml|next|Next: Game 2 of 3
