|j|☆peer+mol
|j|☆RickRollFace
|html|peer+molRickRollFace    
|uhtml|bestof|Game 1 of a best-of-3
|t:|1783857429
|gametype|doubles
|player|p1|peer+mol|101|
|player|p2|RickRollFace|cynthia-masters3|
|gen|9
|tier|[Gen 9 Champions] VGC 2026 Reg M-B (Bo3)
|rule|Species Clause: Limit one of each Pokémon
|rule|Item Clause: Limit 1 of each item
|clearpoke
|poke|p1|Mawile, L50, F|
|poke|p1|Golurk, L50|
|poke|p1|Farigiraf, L50, F|
|poke|p1|Gallade, L50, M|
|poke|p1|Incineroar, L50, F|
|poke|p1|Hydrapple, L50, F|
|poke|p2|Delphox, L50, F|
|poke|p2|Kingambit, L50, M, shiny|
|poke|p2|Tauros-Paldea-Aqua, L50, M, shiny|
|poke|p2|Sinistcha-Masterpiece, L50, shiny|
|poke|p2|Blastoise, L50, F, shiny|
|poke|p2|Sneasler, L50, F, shiny|
|teampreview|4
|showteam|p1|Mawile||Mawilite|Intimidate|PlayRough,IronHead,Protect,SuckerPunch|Brave||F|||50|]Golurk||Golurkite|NoGuard|PhantomForce,HeadlongRush,RockSlide,Protect|Brave|||||50|]Farigiraf||SitrusBerry|ArmorTail|Psychic,TrickRoom,HelpingHand,Protect|Calm||F|||50|]Gallade||FocusSash|Sharpness|SacredSword,PsychoCut,WideGuard,Protect|Adamant||M|||50|]Incineroar||Charcoal|Intimidate|FlareBlitz,DarkestLariat,FakeOut,PartingShot|Brave||F|||50|]Hydrapple||LifeOrb|Regenerator|FickleBeam,EarthPower,Protect,GigaDrain|Quiet||F|||50|
|showteam|p2|Delphox||Delphoxite|Blaze|HeatWave,Psyshock,NastyPlot,Protect|Timid||F|||50|]Kingambit||BlackGlasses|Defiant|KowtowCleave,SuckerPunch,SwordsDance,Protect|Adamant||M|||50|]Tauros-Paldea-Aqua||ChoiceScarf|Intimidate|CloseCombat,RagingBull,AquaJet,RockTomb|Jolly||M|||50|]Sinistcha-Masterpiece||KasibBerry|Hospitality|MatchaGotcha,RagePowder,LifeDew,TrickRoom|Relaxed|||||50|]Blastoise||Blastoisinite|RainDish|WaterSpout,DarkPulse,ShellSmash,Protect|Modest||F|||50|]Sneasler||FocusSash|PoisonTouch|DireClaw,CloseCombat,FakeOut,QuickGuard|Jolly||F|||50|
|inactive|Battle timer is ON: inactive players will automatically lose when time's up. (requested by RickRollFace)
|inactiveoff|Battle timer is now OFF.
|c|☆peer+mol|zal ik linkie delen?
|c|☆RickRollFace|Ohh sorry, heb het net gedaan
|c|☆peer+mol|oh np lol
|c|☆peer+mol|glhf!
|c|☆RickRollFace|GLHF
|j| Bomduif
|j| 000aj
|j| KoonKyVGC
|c| KoonKyVGC|🍞
|j| Lynnsane
|l| KoonKyVGC
|j| Dijkbewakerstudent
|
|t:|1783857598
|teamsize|p1|4
|teamsize|p2|4
|start
|switch|p1a: Farigiraf|Farigiraf, L50, F|100/100
|switch|p1b: Gallade|Gallade, L50, M|100/100
|switch|p2a: Kingambit|Kingambit, L50, M, shiny|100/100
|switch|p2b: Blastoise|Blastoise, L50, F, shiny|100/100
|turn|1
|c| Dijkbewakerstudent|🍞
|c| Dijkbewakerstudent|oh wat zou het stinken doe de dijken op slot
|j| KoonKyVGC
|c|☆peer+mol|gezondheid
|c| Lynnsane|℧℧
|
|t:|1783857668
|switch|p2a: Sinistcha|Sinistcha-Masterpiece, L50, shiny|100/100
|detailschange|p2b: Blastoise|Blastoise-Mega, L50, F, shiny
|-mega|p2b: Blastoise|Blastoise|Blastoisinite
|move|p1b: Gallade|Sacred Sword|p2a: Sinistcha
|-immune|p2a: Sinistcha
|move|p2b: Blastoise|Dark Pulse|p1a: Farigiraf
|-supereffective|p1a: Farigiraf|1
|-damage|p1a: Farigiraf|29/100
|-enditem|p1a: Farigiraf|Sitrus Berry|[eat]
|-heal|p1a: Farigiraf|54/100|[from] item: Sitrus Berry
|cant|p1a: Farigiraf|flinch
|
|upkeep
|turn|2
|c|☆peer+mol|( ͡° ͜ʖ ͡°)
|c| Dijkbewakerstudent|Dark Pulse de nieuwe Rag Slide
|
|t:|1783857719
|move|p1a: Farigiraf|Protect|p1a: Farigiraf
|-singleturn|p1a: Farigiraf|Protect
|move|p2a: Sinistcha|Rage Powder|p2a: Sinistcha
|-singleturn|p2a: Sinistcha|move: Rage Powder
|move|p1b: Gallade|Sacred Sword|p2a: Sinistcha
|-immune|p2a: Sinistcha
|move|p2b: Blastoise|Water Spout|p1b: Gallade|[spread] p1b
|-activate|p1a: Farigiraf|move: Protect
|-damage|p1b: Gallade|31/100
|
|upkeep
|turn|3
|j| LOS TiggelWiggel
|c| Dijkbewakerstudent|L + Ratio + boerenkoolslide
|c| KoonKyVGC|🍞
|
|t:|1783857749
|switch|p1a: Hydrapple|Hydrapple, L50, F|100/100
|move|p2a: Sinistcha|Rage Powder|p2a: Sinistcha
|-singleturn|p2a: Sinistcha|move: Rage Powder
|move|p1b: Gallade|Psycho Cut|p2a: Sinistcha
|-crit|p2a: Sinistcha
|-damage|p2a: Sinistcha|37/100
|move|p2b: Blastoise|Dark Pulse|p1a: Hydrapple
|-damage|p1a: Hydrapple|51/100
|
|upkeep
|turn|4
|j| W3S05
|l| LOS TiggelWiggel
|j| Harry Koekenpan
|j| LOS TiggelWiggel
|
|t:|1783857831
|move|p2a: Sinistcha|Rage Powder|p2a: Sinistcha
|-singleturn|p2a: Sinistcha|move: Rage Powder
|move|p1b: Gallade|Psycho Cut|p2a: Sinistcha
|-damage|p2a: Sinistcha|0 fnt
|faint|p2a: Sinistcha
|move|p2b: Blastoise|Water Spout|p1a: Hydrapple|[spread] p1a,p1b
|-resisted|p1a: Hydrapple|2
|-damage|p1a: Hydrapple|34/100
|-damage|p1b: Gallade|0 fnt
|faint|p1b: Gallade
|move|p1a: Hydrapple|Giga Drain|p2b: Blastoise
|-supereffective|p2b: Blastoise|1
|-damage|p2b: Blastoise|0 fnt
|-heal|p1a: Hydrapple|70/100|[from] drain|[of] p2b: Blastoise
|faint|p2b: Blastoise
|-damage|p1a: Hydrapple|61/100|[from] item: Life Orb
|
|upkeep
|c| KoonKyVGC|🐐🐍
|c| Dijkbewakerstudent|Hydrapple nieuwe saus
|
|t:|1783857866
|switch|p1b: Farigiraf|Farigiraf, L50, F|54/100
|switch|p2b: Sneasler|Sneasler, L50, F, shiny|100/100
|switch|p2a: Kingambit|Kingambit, L50, M, shiny|100/100
|turn|5
|c| Harry Koekenpan|🍞    🍞
|c| Harry Koekenpan|🍞🍞🍞
|c| Harry Koekenpan|🍞    🍞
|c| KoonKyVGC|Wagwan
|c| Dijkbewakerstudent|🍞
|c| KoonKyVGC|🍞
|c| Dijkbewakerstudent|Spanning en sensatie
|c| Dijkbewakerstudent|de grote vraag is of de Jonge bokken nog doorgaan
|c| Lynnsane|℧℧℧℧
|c|☆peer+mol|brooo jamaican sneasler
|c|☆peer+mol|wagwan
|
|t:|1783857930
|-heal|p1a: Hydrapple|94/100|[from] ability: Regenerator|[silent]
|switch|p1a: Mawile|Mawile, L50, F|100/100
|-ability|p1a: Mawile|Intimidate|boost
|-unboost|p2a: Kingambit|atk|1
|-ability|p2a: Kingambit|Defiant|boost
|-boost|p2a: Kingambit|atk|2
|-unboost|p2b: Sneasler|atk|1
|move|p2b: Sneasler|Dire Claw|p1a: Mawile
|-immune|p1a: Mawile
|move|p2a: Kingambit|Kowtow Cleave|p1b: Farigiraf
|-supereffective|p1b: Farigiraf|1
|-damage|p1b: Farigiraf|0 fnt
|faint|p1b: Farigiraf
|
|upkeep
|c|☆peer+mol|speedy kingambit damn
|c| Harry Koekenpan|🍞
|
|t:|1783857955
|switch|p1b: Hydrapple|Hydrapple, L50, F|94/100
|turn|6
|l| LOS TiggelWiggel
|c| Dijkbewakerstudent|🍞
|
|t:|1783858018
|detailschange|p1a: Mawile|Mawile-Mega, L50, F
|-mega|p1a: Mawile|Mawile|Mawilite
|move|p1b: Hydrapple|Protect|p1b: Hydrapple
|-singleturn|p1b: Hydrapple|Protect
|move|p2b: Sneasler|Close Combat|p1a: Mawile
|-damage|p1a: Mawile|63/100
|-unboost|p2b: Sneasler|def|1
|-unboost|p2b: Sneasler|spd|1
|move|p2a: Kingambit|Kowtow Cleave|p1a: Mawile
|-resisted|p1a: Mawile|1
|-damage|p1a: Mawile|21/100
|move|p1a: Mawile|Iron Head|p2b: Sneasler
|-enditem|p2b: Sneasler|Focus Sash
|-damage|p2b: Sneasler|1/100
|
|upkeep
|turn|7
|c| Dijkbewakerstudent|Dit is voor content
|
|t:|1783858071
|move|p1a: Mawile|Sucker Punch|p2b: Sneasler
|-resisted|p2b: Sneasler|1
|-damage|p2b: Sneasler|0 fnt
|faint|p2b: Sneasler
|move|p2a: Kingambit|Kowtow Cleave|p1b: Hydrapple
|-damage|p1b: Hydrapple|26/100
|move|p1b: Hydrapple|Earth Power|p2a: Kingambit
|-supereffective|p2a: Kingambit|1
|-damage|p2a: Kingambit|14/100
|-damage|p1b: Hydrapple|16/100|[from] item: Life Orb
|
|upkeep
|turn|8
|c| KoonKyVGC|🍞
|c| Dijkbewakerstudent|🍞
|c| Harry Koekenpan|🍞
|
|t:|1783858099
|move|p2a: Kingambit|Sucker Punch|p1a: Mawile
|-resisted|p1a: Mawile|1
|-damage|p1a: Mawile|0 fnt
|faint|p1a: Mawile
|move|p1b: Hydrapple|Earth Power|p2a: Kingambit
|-supereffective|p2a: Kingambit|1
|-damage|p2a: Kingambit|0 fnt
|faint|p2a: Kingambit
|-damage|p1b: Hydrapple|7/100|[from] item: Life Orb
|
|win|peer+mol
||peer+mol is ready for game 2.
|inactive|RickRollFace has 30 seconds to confirm battle start!
||RickRollFace is ready for game 2.
|uhtml|next|Next: Game 2 of 3
|l| 000aj
|j| LOS TiggelWiggel
|l| LOS TiggelWiggel
|j| LOS TiggelWiggel
