|j|☆scaccabarozzivgc
|j|☆dr_sugus_vgc
|html|scaccabarozzivgcdr_sugus_vgc    
|uhtml|bestof|Game 2 of a best-of-3
|t:|1756547455
|gametype|doubles
|player|p1|scaccabarozzivgc|harlequin|1125
|player|p2|dr_sugus_vgc|169|1114
|gen|9
|tier|[Gen 9] VGC 2025 Reg H (Bo3)
|rated|
|rule|Species Clause: Limit one of each Pokémon
|rule|Item Clause: Limit 1 of each item
|clearpoke
|poke|p1|Whimsicott, L50, M|
|poke|p1|Gholdengo, L50|
|poke|p1|Incineroar, L50, F|
|poke|p1|Dragonite, L50, M|
|poke|p1|Sneasler, L50, F|
|poke|p1|Garchomp, L50, M|
|poke|p2|Tyranitar, L50, F|
|poke|p2|Corviknight, L50, F|
|poke|p2|Weezing-Galar, L50, F|
|poke|p2|Garchomp, L50, M|
|poke|p2|Incineroar, L50, F|
|poke|p2|Sinistcha, L50|
|teampreview|4
|showteam|p1|Whimsicott||FocusSash|Prankster|Moonblast,Tailwind,Encore,Protect|||M|||50|,,,,,Ghost]Gholdengo||ChoiceSpecs|GoodasGold|MakeItRain,ShadowBall,Trick,Protect||||||50|,,,,,Steel]Incineroar||AssaultVest|Intimidate|FlareBlitz,KnockOff,Uturn,FakeOut|||F|||50|,,,,,Grass]Dragonite||ChoiceBand|InnerFocus|Outrage,ExtremeSpeed,IceSpinner,StompingTantrum|||M|||50|,,,,,Normal]Sneasler||WhiteHerb|Unburden|DireClaw,CloseCombat,FakeOut,Protect|||F|||50|,,,,,Stellar]Garchomp||LifeOrb|RoughSkin|Earthquake,StompingTantrum,DragonClaw,Protect|||M|||50|,,,,,Ground
|showteam|p2|Tyranitar||AssaultVest|SandStream|RockSlide,LowKick,TeraBlast,KnockOff|||F|||50|,,,,,Flying]Corviknight||Leftovers|MirrorArmor|BraveBird,BulkUp,Roost,Tailwind|||F|||50|,,,,,Dragon]Weezing-Galar||SitrusBerry|MistySurge|DazzlingGleam,Taunt,Haze,Protect|||F|||50|,,,,,Steel]Garchomp||ClearAmulet|RoughSkin|PoisonJab,StompingTantrum,SwordsDance,Protect|||M|||50|,,,,,Ground]Incineroar||SafetyGoggles|Intimidate|FakeOut,KnockOff,FlareBlitz,PartingShot|||F|||50|,,,,,Ghost]Sinistcha||RockyHelmet|Hospitality|MatchaGotcha,RagePowder,TrickRoom,Protect||||||50|,,,,,Rock
|inactive|Battle timer is ON: inactive players will automatically lose when time's up. (requested by scaccabarozzivgc)
|inactive|scaccabarozzivgc has 60 seconds left.
|inactive|dr_sugus_vgc has 60 seconds left.
|
|t:|1756547505
|teamsize|p1|4
|teamsize|p2|4
|start
|switch|p1a: Sneasler|Sneasler, L50, F|100/100
|switch|p1b: Dragonite|Dragonite, L50, M|100/100
|switch|p2a: Incineroar|Incineroar, L50, F|100/100
|switch|p2b: Sinistcha|Sinistcha, L50|100/100
|-ability|p2a: Incineroar|Intimidate|boost
|-unboost|p1a: Sneasler|atk|1
|-fail|p1b: Dragonite|unboost|Attack|[from] ability: Inner Focus|[of] p1b: Dragonite
|-enditem|p1a: Sneasler|White Herb
|-clearnegativeboost|p1a: Sneasler|[silent]
|turn|1
|inactive|scaccabarozzivgc has 30 seconds left.
|inactive|dr_sugus_vgc has 30 seconds left.
|
|t:|1756547538
|switch|p2a: Corviknight|Corviknight, L50, F|100/100
|move|p2b: Sinistcha|Protect|p2b: Sinistcha
|-singleturn|p2b: Sinistcha|Protect
|move|p1a: Sneasler|Close Combat|p2a: Corviknight
|-damage|p2a: Corviknight|50/100
|-unboost|p1a: Sneasler|def|1
|-unboost|p1a: Sneasler|spd|1
|move|p1b: Dragonite|Outrage|p2a: Corviknight
|-resisted|p2a: Corviknight
|-damage|p2a: Corviknight|9/100
|
|-heal|p2a: Corviknight|15/100|[from] item: Leftovers
|upkeep
|turn|2
|inactive|dr_sugus_vgc has 30 seconds left.
|inactive|dr_sugus_vgc has 20 seconds left.
|inactive|dr_sugus_vgc has 15 seconds left.
|inactive|dr_sugus_vgc has 10 seconds left.
|
|t:|1756547584
|switch|p1a: Whimsicott|Whimsicott, L50, M|100/100
|switch|p2a: Incineroar|Incineroar, L50, F|100/100
|-ability|p2a: Incineroar|Intimidate|boost
|-unboost|p1a: Whimsicott|atk|1
|-fail|p1b: Dragonite|unboost|Attack|[from] ability: Inner Focus|[of] p1b: Dragonite
|move|p1b: Dragonite|Outrage|p2a: Incineroar|[from] lockedmove
|-damage|p2a: Incineroar|1/100
|-start|p1b: Dragonite|confusion|[fatigue]
|move|p2b: Sinistcha|Trick Room|p2b: Sinistcha
|-fieldstart|move: Trick Room|[of] p2b: Sinistcha
|
|upkeep
|turn|3
|
|t:|1756547606
|switch|p2b: Tyranitar|Tyranitar, L50, F|100/100
|-weather|Sandstorm|[from] ability: Sand Stream|[of] p2b: Tyranitar
|-terastallize|p1a: Whimsicott|Ghost
|move|p1a: Whimsicott|Encore|p2b: Tyranitar
|-hint|Since gen 7, Dark is immune to Prankster moves.
|-immune|p2b: Tyranitar
|move|p2a: Incineroar|Knock Off|p1b: Dragonite
|-damage|p1b: Dragonite|57/100
|-enditem|p1b: Dragonite|Choice Band|[from] move: Knock Off|[of] p2a: Incineroar
|-activate|p1b: Dragonite|confusion
|move|p1b: Dragonite|Outrage|p2a: Incineroar
|-damage|p2a: Incineroar|0 fnt
|faint|p2a: Incineroar
|
|-weather|Sandstorm|[upkeep]
|-damage|p1b: Dragonite|51/100|[from] Sandstorm
|-damage|p1a: Whimsicott|95/100|[from] Sandstorm
|upkeep
|
|t:|1756547627
|switch|p2a: Corviknight|Corviknight, L50, F|15/100
|turn|4
|
|t:|1756547634
|move|p1a: Whimsicott|Protect|p1a: Whimsicott
|-singleturn|p1a: Whimsicott|Protect
|move|p2b: Tyranitar|Rock Slide|p1b: Dragonite|[spread] p1b
|-activate|p1a: Whimsicott|move: Protect
|-supereffective|p1b: Dragonite
|-damage|p1b: Dragonite|0 fnt
|faint|p1b: Dragonite
|move|p2a: Corviknight|Roost|p2a: Corviknight
|-heal|p2a: Corviknight|65/100
|-singleturn|p2a: Corviknight|move: Roost
|
|-weather|Sandstorm|[upkeep]
|-damage|p1a: Whimsicott|89/100|[from] Sandstorm
|-heal|p2a: Corviknight|71/100|[from] item: Leftovers
|upkeep
|
|t:|1756547647
|switch|p1b: Sneasler|Sneasler, L50, F|100/100
|turn|5
|
|t:|1756547662
|switch|p2a: Sinistcha|Sinistcha, L50|100/100
|-terastallize|p2b: Tyranitar|Flying
|move|p1b: Sneasler|Fake Out|p2b: Tyranitar
|-crit|p2b: Tyranitar
|-damage|p2b: Tyranitar|84/100
|move|p1a: Whimsicott|Encore||[still]
|-fail|p1a: Whimsicott
|cant|p2b: Tyranitar|flinch
|
|-weather|Sandstorm|[upkeep]
|-damage|p2b: Tyranitar|78/100|[from] Sandstorm
|-damage|p2a: Sinistcha|94/100|[from] Sandstorm
|-damage|p1b: Sneasler|94/100|[from] Sandstorm
|-damage|p1a: Whimsicott|83/100|[from] Sandstorm
|upkeep
|turn|6
|
|t:|1756547680
|switch|p1b: Gholdengo|Gholdengo, L50|100/100
|move|p1a: Whimsicott|Protect|p1a: Whimsicott
|-singleturn|p1a: Whimsicott|Protect
|move|p2b: Tyranitar|Knock Off|p1b: Gholdengo
|-supereffective|p1b: Gholdengo
|-damage|p1b: Gholdengo|0 fnt
|-enditem|p1b: Gholdengo|Choice Specs|[from] move: Knock Off|[of] p2b: Tyranitar
|faint|p1b: Gholdengo
|move|p2a: Sinistcha|Matcha Gotcha|p1a: Whimsicott
|-activate|p1a: Whimsicott|move: Protect
|
|-weather|Sandstorm|[upkeep]
|-damage|p2b: Tyranitar|72/100|[from] Sandstorm
|-damage|p2a: Sinistcha|88/100|[from] Sandstorm
|-damage|p1a: Whimsicott|77/100|[from] Sandstorm
|-fieldend|move: Trick Room
|upkeep
|
|t:|1756547695
|switch|p1b: Sneasler|Sneasler, L50, F|94/100
|turn|7
|
|t:|1756547704
|move|p1a: Whimsicott|Moonblast|p2b: Tyranitar
|-damage|p2b: Tyranitar|53/100
|move|p1b: Sneasler|Dire Claw|p2b: Tyranitar
|-damage|p2b: Tyranitar|22/100
|move|p2a: Sinistcha|Matcha Gotcha|p1a: Whimsicott|[spread] p1a,p1b
|-resisted|p1b: Sneasler
|-damage|p1a: Whimsicott|33/100
|-heal|p2a: Sinistcha|100/100|[from] drain|[of] p1a: Whimsicott
|-damage|p1b: Sneasler|78/100
|move|p2b: Tyranitar|Tera Blast|p1b: Sneasler|[anim] Tera Blast Flying
|-supereffective|p1b: Sneasler
|-damage|p1b: Sneasler|0 fnt
|faint|p1b: Sneasler
|
|-weather|none
|upkeep
|turn|8
|-message|scaccabarozzivgc forfeited.
|
|win|dr_sugus_vgc
|raw|scaccabarozzivgc's rating: 1125 → 1099(-26 for losing)
|raw|dr_sugus_vgc's rating: 1114 → 1140(+26 for winning)
|l|☆scaccabarozzivgc
|player|p1|
