|j|☆estifestar
|j|☆PenguimSAL
|html|estifestarPenguimSAL    
|uhtml|bestof|Game 2 of a best-of-3
|t:|1785794839
|gametype|doubles
|player|p1|estifestar|1|1136
|player|p2|PenguimSAL|hugh|1100
|gen|9
|tier|[Gen 9 Champions] VGC 2026 Reg M-B (Bo3)
|rated|
|rule|Species Clause: Limit one of each Pokémon
|rule|Item Clause: Limit 1 of each item
|clearpoke
|poke|p1|Incineroar, L50, M|
|poke|p1|Aerodactyl, L50, F|
|poke|p1|Sylveon, L50, M|
|poke|p1|Farigiraf, L50, M|
|poke|p1|Kingambit, L50, F|
|poke|p1|Sneasler, L50, F|
|poke|p2|Charizard, L50, F|
|poke|p2|Venusaur, L50, F|
|poke|p2|Garchomp, L50, F|
|poke|p2|Incineroar, L50, M|
|poke|p2|Toxapex, L50, F|
|poke|p2|Sylveon, L50, M|
|teampreview|4
|showteam|p1|Incineroar||SitrusBerry|Intimidate|FakeOut,FlareBlitz,PartingShot,Protect|Adamant||M|||50|]Aerodactyl||Aerodactylite|Pressure|Tailwind,RockSlide,DualWingbeat,Protect|Adamant||F|||50|]Sylveon||FairyFeather|Pixilate|HyperVoice,HyperBeam,QuickAttack,Detect|Modest||M|||50|]Farigiraf||Leftovers|ArmorTail|TrickRoom,Psychic,HelpingHand,Protect|Relaxed||M|||50|]Kingambit||ChopleBerry|Defiant|KowtowCleave,SuckerPunch,IronHead,Protect|Adamant||F|||50|]Sneasler||WhiteHerb|Unburden|CloseCombat,FakeOut,DireClaw,Protect|Adamant||F|||50|
|showteam|p2|Charizard||CharizarditeY|Blaze|HeatWave,WeatherBall,AncientPower,Protect|Modest||F|||50|]Venusaur||LifeOrb|Chlorophyll|LeafStorm,SludgeBomb,EarthPower,Protect|Modest||F|||50|]Garchomp||ChoiceScarf|RoughSkin|DragonClaw,Earthquake,RockSlide,StompingTantrum|Adamant||F|||50|]Incineroar||SitrusBerry|Intimidate|FlareBlitz,ThroatChop,PartingShot,FakeOut|Impish||M|||50|]Toxapex||Leftovers|Regenerator|Toxic,Infestation,WideGuard,BanefulBunker|Bold||F|||50|]Sylveon||FairyFeather|Pixilate|HyperVoice,Yawn,Detect,QuickAttack|Modest||M|||50|
|inactive|Battle timer is ON: inactive players will automatically lose when time's up. (requested by estifestar)
|inactive|PenguimSAL has 60 seconds left.
|
|t:|1785794913
|teamsize|p1|4
|teamsize|p2|4
|start
|switch|p1a: Kingambit|Kingambit, L50, F|100/100
|switch|p1b: Aerodactyl|Aerodactyl, L50, F|100/100
|switch|p2a: Charizard|Charizard, L50, F|100/100
|switch|p2b: Garchomp|Garchomp, L50, F|100/100
|-ability|p1b: Aerodactyl|Pressure
|turn|1
|inactive|estifestar has 30 seconds left.
|inactive|PenguimSAL has 30 seconds left.
|inactive|estifestar has 20 seconds left.
|
|t:|1785794952
|switch|p2a: Toxapex|Toxapex, L50, F|100/100
|detailschange|p1b: Aerodactyl|Aerodactyl-Mega, L50, F
|-mega|p1b: Aerodactyl|Aerodactyl|Aerodactylite
|move|p1a: Kingambit|Sucker Punch||[still]
|-fail|p1a: Kingambit
|move|p2b: Garchomp|Rock Slide|p1b: Aerodactyl|[spread] p1a,p1b
|-resisted|p1a: Kingambit|1
|-supereffective|p1b: Aerodactyl|1
|-damage|p1a: Kingambit|90/100
|-damage|p1b: Aerodactyl|43/100
|cant|p1b: Aerodactyl|flinch
|
|upkeep
|turn|2
|
|t:|1785794971
|move|p1a: Kingambit|Protect|p1a: Kingambit
|-singleturn|p1a: Kingambit|Protect
|move|p2a: Toxapex|Baneful Bunker|p2a: Toxapex
|-singleturn|p2a: Toxapex|move: Protect
|move|p2b: Garchomp|Rock Slide|p1b: Aerodactyl|[spread] p1b
|-activate|p1a: Kingambit|move: Protect
|-supereffective|p1b: Aerodactyl|1
|-damage|p1b: Aerodactyl|0 fnt
|faint|p1b: Aerodactyl
|
|upkeep
|
|t:|1785794982
|switch|p1b: Sylveon|Sylveon, L50, M|100/100
|turn|3
|
|t:|1785794999
|switch|p1a: Farigiraf|Farigiraf, L50, M|100/100
|move|p1b: Sylveon|Detect|p1b: Sylveon
|-singleturn|p1b: Sylveon|Protect
|move|p2b: Garchomp|Rock Slide|p1a: Farigiraf|[spread] p1a
|-activate|p1b: Sylveon|move: Protect
|-damage|p1a: Farigiraf|80/100
|move|p2a: Toxapex|Infestation|p1a: Farigiraf
|-supereffective|p1a: Farigiraf|1
|-damage|p1a: Farigiraf|74/100
|-activate|p1a: Farigiraf|move: Infestation|[of] p2a: Toxapex
|
|-heal|p1a: Farigiraf|80/100|[from] item: Leftovers
|-damage|p1a: Farigiraf|68/100|[from] move: Infestation|[partiallytrapped]
|upkeep
|turn|4
|
|t:|1785795023
|move|p2b: Garchomp|Rock Slide|p1b: Sylveon|[spread] p1a,p1b
|-damage|p1a: Farigiraf|51/100
|-damage|p1b: Sylveon|71/100
|cant|p1b: Sylveon|flinch
|move|p1a: Farigiraf|Psychic|p2a: Toxapex
|-supereffective|p2a: Toxapex|1
|-damage|p2a: Toxapex|46/100
|move|p2a: Toxapex|Toxic|p1a: Farigiraf
|-status|p1a: Farigiraf|tox
|
|-heal|p1a: Farigiraf|57/100 tox|[from] item: Leftovers
|-heal|p2a: Toxapex|52/100|[from] item: Leftovers
|-damage|p1a: Farigiraf|51/100 tox|[from] psn
|-damage|p1a: Farigiraf|39/100 tox|[from] move: Infestation|[partiallytrapped]
|upkeep
|turn|5
|inactive|PenguimSAL has 30 seconds left.
|
|t:|1785795055
|switch|p2b: Venusaur|Venusaur, L50, F|100/100
|move|p1b: Sylveon|Detect|p1b: Sylveon
|-singleturn|p1b: Sylveon|Protect
|move|p1a: Farigiraf|Protect|p1a: Farigiraf
|-singleturn|p1a: Farigiraf|Protect
|move|p2a: Toxapex|Baneful Bunker||[still]
|-fail|p2a: Toxapex
|
|-heal|p1a: Farigiraf|45/100 tox|[from] item: Leftovers
|-heal|p2a: Toxapex|57/100|[from] item: Leftovers
|-damage|p1a: Farigiraf|33/100 tox|[from] psn
|-damage|p1a: Farigiraf|21/100 tox|[from] move: Infestation|[partiallytrapped]
|upkeep
|turn|6
|
|t:|1785795078
|switch|p1b: Kingambit|Kingambit, L50, F|90/100
|move|p2b: Venusaur|Sludge Bomb|p1b: Kingambit
|-immune|p1b: Kingambit
|move|p1a: Farigiraf|Psychic|p2a: Toxapex
|-supereffective|p2a: Toxapex|1
|-damage|p2a: Toxapex|8/100
|-unboost|p2a: Toxapex|spd|1
|move|p2a: Toxapex|Infestation|p1b: Kingambit
|-damage|p1b: Kingambit|88/100
|-activate|p1b: Kingambit|move: Infestation|[of] p2a: Toxapex
|
|-heal|p1a: Farigiraf|27/100 tox|[from] item: Leftovers
|-heal|p2a: Toxapex|14/100|[from] item: Leftovers
|-damage|p1a: Farigiraf|9/100 tox|[from] psn
|-damage|p1a: Farigiraf|0 fnt|[from] move: Infestation|[partiallytrapped]
|faint|p1a: Farigiraf
|-damage|p1b: Kingambit|75/100|[from] move: Infestation|[partiallytrapped]
|upkeep
|
|t:|1785795081
|switch|p1a: Sylveon|Sylveon, L50, M|71/100
|turn|7
|
|t:|1785795103
|-heal|p2a: Toxapex|47/100|[from] ability: Regenerator|[silent]
|switch|p2a: Charizard|Charizard, L50, F|100/100
|move|p1b: Kingambit|Sucker Punch|p2b: Venusaur
|-damage|p2b: Venusaur|42/100
|move|p2b: Venusaur|Sludge Bomb|p1a: Sylveon
|-supereffective|p1a: Sylveon|1
|-damage|p1a: Sylveon|0 fnt
|faint|p1a: Sylveon
|-damage|p2b: Venusaur|32/100|[from] item: Life Orb
|
|-end|p1b: Kingambit|Infestation|[partiallytrapped]|[silent]
|upkeep
|turn|8
|
|t:|1785795115
|detailschange|p2a: Charizard|Charizard-Mega-Y, L50, F
|-mega|p2a: Charizard|Charizard|Charizardite Y
|-weather|SunnyDay|[from] ability: Drought|[of] p2a: Charizard
|move|p1b: Kingambit|Sucker Punch|p2a: Charizard
|-damage|p2a: Charizard|61/100
|move|p2b: Venusaur|Earth Power|p1b: Kingambit
|-supereffective|p1b: Kingambit|1
|-damage|p1b: Kingambit|6/100
|-damage|p2b: Venusaur|22/100|[from] item: Life Orb
|move|p2a: Charizard|Weather Ball|p1b: Kingambit
|-supereffective|p1b: Kingambit|1
|-damage|p1b: Kingambit|0 fnt
|faint|p1b: Kingambit
|
|win|PenguimSAL
|raw|estifestar's rating: 1136 → 1108(-28 for losing)
|raw|PenguimSAL's rating: 1100 → 1128(+28 for winning)
|l|☆estifestar
|player|p1|
|l|☆PenguimSAL
|player|p2|
|j|☆PenguimSAL
|player|p2|PenguimSAL|hugh|
