|j|☆lets buy packs
|j|☆Pakaan64
|html|lets buy packsPakaan64    
|uhtml|bestof|Game 3 of a best-of-3
|t:|1783899035
|gametype|doubles
|player|p1|lets buy packs|red-masters3|1190
|player|p2|Pakaan64|koga|1262
|gen|9
|tier|[Gen 9 Champions] VGC 2026 Reg M-B (Bo3)
|rated|
|rule|Species Clause: Limit one of each Pokémon
|rule|Item Clause: Limit 1 of each item
|clearpoke
|poke|p1|Farigiraf, L50, M|
|poke|p1|Incineroar, L50, F|
|poke|p1|Gardevoir, L50, F, shiny|
|poke|p1|Torkoal, L50, F|
|poke|p1|Mudsdale, L50, M|
|poke|p1|Vivillon-Marine, L50, F|
|poke|p2|Aerodactyl, L50, M|
|poke|p2|Garchomp, L50, M|
|poke|p2|Farigiraf, L50, M|
|poke|p2|Sylveon, L50, M|
|poke|p2|Charizard, L50, M, shiny|
|poke|p2|Kingambit, L50, M|
|teampreview|4
|showteam|p1|Farigiraf||ColburBerry|ArmorTail|Psychic,Thunderbolt,TrickRoom,Protect|Sassy||M|||50|]Incineroar||BlackGlasses|Intimidate|FakeOut,PartingShot,FlareBlitz,DarkestLariat|Adamant||F|||50|]Gardevoir||Gardevoirite|Telepathy|HyperVoice,Psychic,TrickRoom,Protect|Quiet||F|||50|]Torkoal||Charcoal|Drought|Eruption,Flamethrower,SolarBeam,Protect|Quiet||F|||50|]Mudsdale||LifeOrb|InnerFocus|Earthquake,HighHorsepower,RockSlide,HeavySlam|Brave||M|||50|]Vivillon-Marine||FocusSash|CompoundEyes|Hurricane,RagePowder,SleepPowder,Protect|Timid||F|||50|
|showteam|p2|Aerodactyl||Aerodactylite|Unnerve|Tailwind,IceFang,RockSlide,WideGuard|Adamant||M|||50|]Garchomp||SitrusBerry|RoughSkin|DragonClaw,SwordsDance,Earthquake,Protect|Impish||M|||50|]Farigiraf||ColburBerry|ArmorTail|Protect,TrickRoom,TwinBeam,HelpingHand|Sassy||M|||50|]Sylveon||LifeOrb|Pixilate|Protect,HyperBeam,HyperVoice,QuickAttack|Serious||M|||50|]Charizard||CharizarditeY|SolarPower|SolarBeam,Protect,HeatWave,WeatherBall|Serious||M|||50|]Kingambit||FocusSash|Defiant|SuckerPunch,LowKick,KowtowCleave,IronHead|Adamant||M|||50|
|inactive|Battle timer is ON: inactive players will automatically lose when time's up. (requested by lets buy packs)
|inactive|Pakaan64 also wants the timer to be on.
|inactive|Pakaan64 has 60 seconds left.
|
|t:|1783899072
|teamsize|p1|4
|teamsize|p2|4
|start
|switch|p1a: Vivillon|Vivillon-Marine, L50, F|100/100
|switch|p1b: Gardevoir|Gardevoir, L50, F, shiny|100/100
|switch|p2a: Aerodactyl|Aerodactyl, L50, M|100/100
|switch|p2b: Sylveon|Sylveon, L50, M|100/100
|-ability|p2a: Aerodactyl|Unnerve
|turn|1
|
|t:|1783899091
|switch|p1a: Incineroar|Incineroar, L50, F|100/100
|-ability|p1a: Incineroar|Intimidate|boost
|-unboost|p2a: Aerodactyl|atk|1
|-unboost|p2b: Sylveon|atk|1
|detailschange|p2a: Aerodactyl|Aerodactyl-Mega, L50, M
|-mega|p2a: Aerodactyl|Aerodactyl|Aerodactylite
|move|p1b: Gardevoir|Protect|p1b: Gardevoir
|-singleturn|p1b: Gardevoir|Protect
|move|p2a: Aerodactyl|Rock Slide|p1b: Gardevoir|[spread] p1a
|-activate|p1b: Gardevoir|move: Protect
|-supereffective|p1a: Incineroar|1
|-damage|p1a: Incineroar|67/100
|move|p2b: Sylveon|Hyper Beam|p1b: Gardevoir
|-activate|p1b: Gardevoir|move: Protect
|
|upkeep
|turn|2
|inactive|Pakaan64 has 30 seconds left.
|
|t:|1783899125
|detailschange|p1b: Gardevoir|Gardevoir-Mega, L50, F, shiny
|-mega|p1b: Gardevoir|Gardevoir|Gardevoirite
|move|p1a: Incineroar|Fake Out|p2b: Sylveon
|-damage|p2b: Sylveon|77/100
|move|p2a: Aerodactyl|Rock Slide|p1a: Incineroar|[spread] p1a,p1b
|-supereffective|p1a: Incineroar|1
|-crit|p1b: Gardevoir
|-damage|p1a: Incineroar|34/100
|-damage|p1b: Gardevoir|37/100
|cant|p2b: Sylveon|flinch
|move|p1b: Gardevoir|Trick Room|p1b: Gardevoir
|-fieldstart|move: Trick Room|[of] p1b: Gardevoir
|
|upkeep
|turn|3
|
|t:|1783899146
|switch|p2b: Garchomp|Garchomp, L50, M|100/100
|move|p1b: Gardevoir|Protect|p1b: Gardevoir
|-singleturn|p1b: Gardevoir|Protect
|move|p2a: Aerodactyl|Wide Guard|p2a: Aerodactyl
|-singleturn|p2a: Aerodactyl|Wide Guard
|move|p1a: Incineroar|Flare Blitz|p2b: Garchomp
|-resisted|p2b: Garchomp|1
|-damage|p2b: Garchomp|79/100
|-damage|p1a: Incineroar|22/100|[from] ability: Rough Skin|[of] p2b: Garchomp
|-damage|p1a: Incineroar|14/100|[from] Recoil
|
|upkeep
|turn|4
|
|t:|1783899170
|move|p2a: Aerodactyl|Wide Guard|p2a: Aerodactyl
|-singleturn|p2a: Aerodactyl|Wide Guard
|move|p1a: Incineroar|Darkest Lariat|p2b: Garchomp
|-damage|p2b: Garchomp|46/100
|-damage|p1a: Incineroar|2/100|[from] ability: Rough Skin|[of] p2b: Garchomp
|-enditem|p2b: Garchomp|Sitrus Berry|[eat]
|-heal|p2b: Garchomp|70/100|[from] item: Sitrus Berry
|move|p1b: Gardevoir|Psychic|p2b: Garchomp
|-damage|p2b: Garchomp|16/100
|move|p2b: Garchomp|Earthquake|p1b: Gardevoir|[spread] p1a,p1b
|-activate|p2a: Aerodactyl|move: Wide Guard
|-supereffective|p1a: Incineroar|1
|-damage|p1a: Incineroar|0 fnt
|-damage|p1b: Gardevoir|0 fnt
|faint|p1a: Incineroar
|faint|p1b: Gardevoir
|
|upkeep
|
|t:|1783899175
|switch|p1a: Mudsdale|Mudsdale, L50, M|100/100
|switch|p1b: Vivillon|Vivillon-Marine, L50, F|100/100
|turn|5
|
|t:|1783899197
|move|p1a: Mudsdale|Heavy Slam|p2b: Garchomp
|-damage|p2b: Garchomp|0 fnt
|-damage|p1a: Mudsdale|87/100|[from] ability: Rough Skin|[of] p2b: Garchomp
|faint|p2b: Garchomp
|-damage|p1a: Mudsdale|78/100|[from] item: Life Orb
|move|p1b: Vivillon|Sleep Powder|p2a: Aerodactyl
|-status|p2a: Aerodactyl|slp|[from] move: Sleep Powder
|cant|p2a: Aerodactyl|slp
|
|upkeep
|
|t:|1783899212
|switch|p2b: Sylveon|Sylveon, L50, M|77/100
|turn|6
|
|t:|1783899223
|move|p2b: Sylveon|Protect|p2b: Sylveon
|-singleturn|p2b: Sylveon|Protect
|move|p1a: Mudsdale|Rock Slide|p2a: Aerodactyl|[spread] p2a
|-activate|p2b: Sylveon|move: Protect
|-supereffective|p2a: Aerodactyl|1
|-damage|p2a: Aerodactyl|40/100 slp
|-damage|p1a: Mudsdale|68/100|[from] item: Life Orb
|move|p1b: Vivillon|Hurricane|p2a: Aerodactyl
|-resisted|p2a: Aerodactyl|1
|-damage|p2a: Aerodactyl|19/100 slp
|-curestatus|p2a: Aerodactyl|slp|[msg]
|move|p2a: Aerodactyl|Rock Slide|p1a: Mudsdale|[spread] p1a,p1b
|-resisted|p1a: Mudsdale|1
|-supereffective|p1b: Vivillon|2
|-damage|p1a: Mudsdale|59/100
|-enditem|p1b: Vivillon|Focus Sash
|-damage|p1b: Vivillon|1/100
|
|-fieldend|move: Trick Room
|upkeep
|turn|7
|
|t:|1783899248
|move|p1b: Vivillon|Protect|p1b: Vivillon
|-singleturn|p1b: Vivillon|Protect
|move|p2a: Aerodactyl|Tailwind|p2a: Aerodactyl
|-sidestart|p2: Pakaan64|move: Tailwind
|move|p2b: Sylveon|Hyper Voice|p1b: Vivillon|[spread] p1a
|-activate|p1b: Vivillon|move: Protect
|-crit|p1a: Mudsdale
|-damage|p1a: Mudsdale|0 fnt
|faint|p1a: Mudsdale
|-damage|p2b: Sylveon|67/100|[from] item: Life Orb
|
|upkeep
|turn|8
|-message|lets buy packs forfeited.
|
|win|Pakaan64
|raw|lets buy packs's rating: 1190 → 1170(-20 for losing)
|raw|Pakaan64's rating: 1262 → 1282(+20 for winning)
