|j|â˜†bruGno
|j|â˜†EmanuelaOrlandiVGC
|html|bruGnoEmanuelaOrlandiVGC    
|uhtml|bestof|Game 2 of a best-of-3
|t:|1786181865
|gametype|doubles
|player|p1|bruGno|ash-kalos|1340
|player|p2|EmanuelaOrlandiVGC|kieran-champion|1330
|gen|9
|tier|[Gen 9 Champions] VGC 2026 Reg M-B (Bo3)
|rated|
|rule|Species Clause: Limit one of each PokÃ©mon
|rule|Item Clause: Limit 1 of each item
|clearpoke
|poke|p1|Staraptor, L50, F|
|poke|p1|Arcanine-Hisui, L50, F|
|poke|p1|Kingambit, L50, F|
|poke|p1|Sylveon, L50, F|
|poke|p1|Raichu, L50, M|
|poke|p1|Farigiraf, L50, F|
|poke|p2|Charizard, L50, M|
|poke|p2|Glimmora, L50, M|
|poke|p2|Whimsicott, L50, F|
|poke|p2|Ninetales-Alola, L50, F|
|poke|p2|Kingambit, L50, M|
|poke|p2|Kommo-o, L50, M|
|teampreview|4
|showteam|p1|Staraptor||Staraptite|Intimidate|DualWingbeat,CloseCombat,Tailwind,Protect|Jolly||F|||50|]Arcanine-Hisui||FocusSash|RockHead|FlareBlitz,HeadSmash,ExtremeSpeed,Protect|Jolly||F|||50|]Kingambit||LifeOrb|Defiant|KowtowCleave,SuckerPunch,SwordsDance,Protect|Adamant||F|||50|]Sylveon||FairyFeather|Pixilate|HyperVoice,HyperBeam,QuickAttack,Detect|Modest||F|||50|]Raichu||RaichuniteY|LightningRod|ZapCannon,FocusBlast,FakeOut,Protect|Timid||M|||50|]Farigiraf||SitrusBerry|ArmorTail|Psychic,HelpingHand,TrickRoom,Protect|Calm||F|||50|
|showteam|p2|Charizard||CharizarditeY|Blaze|HeatWave,WeatherBall,SolarBeam,Protect|Modest||M|||50|]Glimmora||Glimmoranite|ToxicDebris|SludgeBomb,PowerGem,EarthPower,SpikyShield|Modest||M|||50|]Whimsicott||FocusSash|Prankster|Moonblast,Tailwind,Encore,Protect|Timid||F|||50|]Ninetales-Alola||NeverMeltIce|SnowWarning|Blizzard,FreezeDry,Disable,Protect|Timid||F|||50|]Kingambit||BlackGlasses|Defiant|KowtowCleave,SuckerPunch,IronHead,Protect|Adamant||M|||50|]Kommo-o||LifeOrb|Overcoat|ClangingScales,AuraSphere,VacuumWave,Protect|Modest||M|||50|
|inactive|Battle timer is ON: inactive players will automatically lose when time's up. (requested by bruGno)
|inactive|bruGno has 60 seconds left.
|inactive|EmanuelaOrlandiVGC has 60 seconds left.
|
|t:|1786181909
|teamsize|p1|4
|teamsize|p2|4
|start
|switch|p1a: Staraptor|Staraptor, L50, F|100/100
|switch|p1b: Arcanine|Arcanine-Hisui, L50, F|100/100
|switch|p2a: Glimmora|Glimmora, L50, M|100/100
|switch|p2b: Whimsicott|Whimsicott, L50, F|100/100
|-ability|p1a: Staraptor|Intimidate|boost
|-unboost|p2a: Glimmora|atk|1
|-unboost|p2b: Whimsicott|atk|1
|turn|1
|inactive|bruGno has 30 seconds left.
|inactive|bruGno has 20 seconds left.
|
|t:|1786181949
|detailschange|p1a: Staraptor|Staraptor-Mega, L50, F
|-mega|p1a: Staraptor|Staraptor|Staraptite
|detailschange|p2a: Glimmora|Glimmora-Mega, L50, M
|-mega|p2a: Glimmora|Glimmora|Glimmoranite
|move|p2a: Glimmora|Spiky Shield|p2a: Glimmora
|-singleturn|p2a: Glimmora|move: Protect
|move|p2b: Whimsicott|Tailwind|p2b: Whimsicott
|-sidestart|p2: EmanuelaOrlandiVGC|move: Tailwind
|move|p1a: Staraptor|Close Combat|p2a: Glimmora
|-activate|p2a: Glimmora|move: Protect
|-damage|p1a: Staraptor|87/100|[from] Spiky Shield|[of] p2a: Glimmora
|move|p1b: Arcanine|Flare Blitz|p2b: Whimsicott
|-supereffective|p2b: Whimsicott|1
|-enditem|p2b: Whimsicott|Focus Sash
|-damage|p2b: Whimsicott|1/100
|
|upkeep
|turn|2
|
|t:|1786181968
|move|p1b: Arcanine|Extreme Speed|p2b: Whimsicott
|-damage|p2b: Whimsicott|0 fnt
|faint|p2b: Whimsicott
|move|p2a: Glimmora|Earth Power|p1b: Arcanine
|-supereffective|p1b: Arcanine|2
|-enditem|p1b: Arcanine|Focus Sash
|-damage|p1b: Arcanine|1/100
|move|p1a: Staraptor|Close Combat|p2a: Glimmora
|-damage|p2a: Glimmora|31/100
|-boost|p1a: Staraptor|def|1
|-boost|p1a: Staraptor|spd|1
|
|upkeep
|
|t:|1786181975
|switch|p2b: Kommo-o|Kommo-o, L50, M|100/100
|turn|3
|inactive|bruGno has 30 seconds left.
|
|t:|1786182005
|switch|p1b: Sylveon|Sylveon, L50, F|100/100
|move|p1a: Staraptor|Protect|p1a: Staraptor
|-singleturn|p1a: Staraptor|Protect
|move|p2a: Glimmora|Sludge Bomb|p1a: Staraptor
|-activate|p1a: Staraptor|move: Protect
|move|p2b: Kommo-o|Clanging Scales|p1a: Staraptor|[spread] 
|-activate|p1a: Staraptor|move: Protect
|-immune|p1b: Sylveon
|
|upkeep
|turn|4
|
|t:|1786182024
|move|p2a: Glimmora|Sludge Bomb|p1a: Staraptor
|-damage|p1a: Staraptor|31/100
|move|p2b: Kommo-o|Clanging Scales|p1b: Sylveon|[spread] p1a
|-immune|p1b: Sylveon
|-damage|p1a: Staraptor|0 fnt
|faint|p1a: Staraptor
|-unboost|p2b: Kommo-o|def|1
|-damage|p2b: Kommo-o|90/100|[from] item: Life Orb
|move|p1b: Sylveon|Hyper Voice|p2b: Kommo-o|[spread] p2a,p2b
|-resisted|p2a: Glimmora|1
|-supereffective|p2b: Kommo-o|2
|-damage|p2a: Glimmora|1/100
|-damage|p2b: Kommo-o|0 fnt
|faint|p2b: Kommo-o
|
|-sideend|p2: EmanuelaOrlandiVGC|move: Tailwind
|upkeep
|
|t:|1786182042
|switch|p1a: Arcanine|Arcanine-Hisui, L50, F|1/100
|switch|p2b: Kingambit|Kingambit, L50, M|100/100
|turn|5
|
|t:|1786182050
|switch|p1b: Farigiraf|Farigiraf, L50, F|100/100
|move|p2a: Glimmora|Spiky Shield|p2a: Glimmora
|-singleturn|p2a: Glimmora|move: Protect
|move|p1a: Arcanine|Flare Blitz|p2b: Kingambit
|-supereffective|p2b: Kingambit|1
|-damage|p2b: Kingambit|0 fnt
|faint|p2b: Kingambit
|
|upkeep
|turn|6
|-message|EmanuelaOrlandiVGC forfeited.
|
|win|bruGno
|raw|bruGno's rating: 1340 → 1359(+19 for winning)
|raw|EmanuelaOrlandiVGC's rating: 1330 → 1311(-19 for losing)
|l|â˜†EmanuelaOrlandiVGC
|player|p2|
