|j|☆nocturnallynoct
|j|☆quazasuks
|html|nocturnallynoctquazasuks    
|uhtml|bestof|Game 1 of a best-of-3
|t:|1757025977
|gametype|doubles
|player|p1|nocturnallynoct|266|1099
|player|p2|quazasuks|265|1040
|gen|9
|tier|[Gen 9] VGC 2025 Reg H (Bo3)
|rated|
|rule|Species Clause: Limit one of each Pokémon
|rule|Item Clause: Limit 1 of each item
|clearpoke
|poke|p1|Charizard, L50, F|
|poke|p1|Torkoal, L50, F|
|poke|p1|Porygon2, L50|
|poke|p1|Incineroar, L50, F|
|poke|p1|Jumpluff, L50, F|
|poke|p1|Ursaluna, L50, F|
|poke|p2|Ceruledge, L50, F|
|poke|p2|Salamence, L50, F|
|poke|p2|Glimmora, L50, M|
|poke|p2|Electivire, L50, M|
|poke|p2|Swampert, L50, F|
|poke|p2|Skarmory, L50, M|
|teampreview|4
|showteam|p1|Charizard||ChoiceSpecs|SolarPower|HeatWave,Overheat,WeatherBall,AirSlash|||F|||50|,,,,,Ghost]Torkoal||EjectPack|Drought|Eruption,Overheat,HelpingHand,Protect|||F|||50|,,,,,Fire]Porygon2||Eviolite|Download|IceBeam,TeraBlast,TrickRoom,Recover||||||50|,,,,,Fighting]Incineroar||SitrusBerry|Intimidate|FlareBlitz,KnockOff,FakeOut,PartingShot|||F|||50|,,,,,Ghost]Jumpluff||CovertCloak|Chlorophyll|SleepPowder,SunnyDay,RagePowder,Tailwind|||F|||50|,,,,,Water]Ursaluna||FlameOrb|Guts|HeadlongRush,Facade,Earthquake,Protect|||F|||50|,,,,,Ghost
|showteam|p2|Ceruledge||FocusSash|FlashFire|BitterBlade,DestinyBond,SwordsDance,ShadowSneak|||F|||50|,,,,,Ghost]Salamence||WhiteHerb|Intimidate|TeraBlast,DracoMeteor,Flamethrower,AirSlash|||F|||50|,,,,,Steel]Glimmora||RedCard|ToxicDebris|MortalSpin,SpikyShield,StealthRock,Spikes|||M|||50|,,,,,Flying]Electivire||LifeOrb|VitalSpirit|IcePunch,Taunt,VoltSwitch,Facade|||M|||50|,,,,,Ice]Swampert||WeaknessPolicy|Torrent|KnockOff,Earthquake,BodySlam,Liquidation|||F|||50|,,,,,Water]Skarmory||RockyHelmet|Sturdy|Roost,IronDefense,BodyPress,Protect|||M|||50|,,,,,Fighting
|inactive|Battle timer is ON: inactive players will automatically lose when time's up. (requested by nocturnallynoct)
|inactive|nocturnallynoct has 60 seconds left.
|inactive|quazasuks has 60 seconds left.
|c|☆nocturnallynoct|glhf
|
|t:|1757026033
|teamsize|p1|4
|teamsize|p2|4
|start
|switch|p1a: Porygon2|Porygon2, L50|100/100
|switch|p1b: Incineroar|Incineroar, L50, F|100/100
|switch|p2a: Electivire|Electivire, L50, M|100/100
|switch|p2b: Glimmora|Glimmora, L50, M|100/100
|-ability|p1b: Incineroar|Intimidate|boost
|-unboost|p2a: Electivire|atk|1
|-unboost|p2b: Glimmora|atk|1
|-ability|p1a: Porygon2|Download|boost
|-boost|p1a: Porygon2|atk|1
|turn|1
|c|☆quazasuks|gl!
|inactive|nocturnallynoct has 30 seconds left.
|
|t:|1757026060
|switch|p1b: Ursaluna|Ursaluna, L50, F|100/100
|move|p2a: Electivire|Taunt|p1a: Porygon2
|-start|p1a: Porygon2|move: Taunt
|move|p2b: Glimmora|Mortal Spin|p1a: Porygon2|[spread] p1a,p1b
|-resisted|p1b: Ursaluna
|-damage|p1a: Porygon2|98/100
|-damage|p1b: Ursaluna|99/100
|-status|p1a: Porygon2|psn
|-status|p1b: Ursaluna|psn
|cant|p1a: Porygon2|move: Taunt|Trick Room
|
|-damage|p1b: Ursaluna|87/100 psn|[from] psn
|-damage|p1a: Porygon2|86/100 psn|[from] psn
|upkeep
|turn|2
|c|☆nocturnallynoct|NO
|inactive|nocturnallynoct has 30 seconds left.
|c|☆quazasuks|i shall not fall to the trick room!!
|inactive|nocturnallynoct has 20 seconds left.
|inactive|nocturnallynoct has 15 seconds left.
|
|t:|1757026103
|switch|p2a: Salamence|Salamence, L50, F|100/100
|-ability|p2a: Salamence|Intimidate|boost
|-unboost|p1a: Porygon2|atk|1
|-unboost|p1b: Ursaluna|atk|1
|switch|p1a: Jumpluff|Jumpluff, L50, F|100/100
|move|p2b: Glimmora|Spiky Shield|p2b: Glimmora
|-singleturn|p2b: Glimmora|move: Protect
|move|p1b: Ursaluna|Earthquake|p2a: Salamence|[spread] 
|-activate|p2b: Glimmora|move: Protect
|-immune|p1a: Jumpluff
|-immune|p2a: Salamence
|
|-damage|p1b: Ursaluna|75/100 psn|[from] psn
|upkeep
|turn|3
|c|☆nocturnallynoct|i literally didnt click parting shot bc of taunt then forgot you had taunt
|c|☆quazasuks|ahahha
|inactive|nocturnallynoct has 30 seconds left.
|inactive|quazasuks has 30 seconds left.
|
|t:|1757026137
|move|p1a: Jumpluff|Tailwind|p1a: Jumpluff
|-sidestart|p1: nocturnallynoct|move: Tailwind
|move|p1b: Ursaluna|Facade|p2a: Salamence
|-damage|p2a: Salamence|1/100
|move|p2a: Salamence|Air Slash|p1a: Jumpluff
|-supereffective|p1a: Jumpluff
|-damage|p1a: Jumpluff|20/100
|move|p2b: Glimmora|Spikes|p1a: Jumpluff
|-sidestart|p1: nocturnallynoct|Spikes
|
|-damage|p1b: Ursaluna|63/100 psn|[from] psn
|upkeep
|turn|4
|c|☆quazasuks|it happens
|inactive|nocturnallynoct has 30 seconds left.
|inactive|nocturnallynoct has 20 seconds left.
|inactive|nocturnallynoct has 15 seconds left.
|
|t:|1757026177
|move|p1a: Jumpluff|Sleep Powder|p2b: Glimmora
|-status|p2b: Glimmora|slp|[from] move: Sleep Powder
|move|p1b: Ursaluna|Facade|p2a: Salamence
|-damage|p2a: Salamence|0 fnt
|faint|p2a: Salamence
|cant|p2b: Glimmora|slp
|
|-damage|p1b: Ursaluna|51/100 psn|[from] psn
|upkeep
|
|t:|1757026191
|switch|p2a: Electivire|Electivire, L50, M|100/100
|turn|5
|
|t:|1757026209
|-terastallize|p2a: Electivire|Ice
|move|p1a: Jumpluff|Rage Powder|p1a: Jumpluff
|-singleturn|p1a: Jumpluff|move: Rage Powder
|move|p1b: Ursaluna|Earthquake|p2b: Glimmora|[spread] p2a,p2b
|-immune|p1a: Jumpluff
|-supereffective|p2b: Glimmora
|-damage|p2a: Electivire|20/100
|-damage|p2b: Glimmora|0 fnt
|-activate|p2b: Glimmora|ability: Toxic Debris
|-sidestart|p1: nocturnallynoct|move: Toxic Spikes
|faint|p2b: Glimmora
|move|p2a: Electivire|Ice Punch|p1a: Jumpluff
|-supereffective|p1a: Jumpluff
|-damage|p1a: Jumpluff|0 fnt
|faint|p1a: Jumpluff
|-damage|p2a: Electivire|10/100|[from] item: Life Orb
|
|-damage|p1b: Ursaluna|39/100 psn|[from] psn
|upkeep
|
|t:|1757026226
|switch|p1a: Incineroar|Incineroar, L50, F|100/100
|switch|p2b: Swampert|Swampert, L50, F|100/100
|-damage|p1a: Incineroar|88/100|[from] Spikes
|-status|p1a: Incineroar|psn
|-ability|p1a: Incineroar|Intimidate|boost
|-unboost|p2a: Electivire|atk|1
|-unboost|p2b: Swampert|atk|1
|turn|6
|
|t:|1757026244
|move|p1a: Incineroar|Fake Out|p2a: Electivire
|-damage|p2a: Electivire|0 fnt
|faint|p2a: Electivire
|move|p1b: Ursaluna|Facade|p2b: Swampert
|-damage|p2b: Swampert|20/100
|move|p2b: Swampert|Earthquake|p1a: Incineroar|[spread] p1a,p1b
|-supereffective|p1a: Incineroar
|-damage|p1a: Incineroar|41/100 psn
|-damage|p1b: Ursaluna|21/100 psn
|-enditem|p1a: Incineroar|Sitrus Berry|[eat]
|-heal|p1a: Incineroar|65/100 psn|[from] item: Sitrus Berry
|
|-damage|p1a: Incineroar|53/100 psn|[from] psn
|-damage|p1b: Ursaluna|9/100 psn|[from] psn
|-sideend|p1: nocturnallynoct|move: Tailwind
|upkeep
|turn|7
|
|t:|1757026265
|-terastallize|p1a: Incineroar|Ghost
|move|p1a: Incineroar|Knock Off|p2b: Swampert
|-damage|p2b: Swampert|0 fnt
|-enditem|p2b: Swampert|Weakness Policy|[from] move: Knock Off|[of] p1a: Incineroar
|faint|p2b: Swampert
|
|win|nocturnallynoct
|c|☆quazasuks|good recovery
|inactive|nocturnallynoct has 30 seconds to confirm battle start!
|inactive|quazasuks has 30 seconds to confirm battle start!
|c|☆nocturnallynoct|tyty
||nocturnallynoct is ready for game 2.
||quazasuks is ready for game 2.
|uhtml|next|Next: Game 2 of 3
