|j|☆Talikikioup
|j|☆jomivgc
|html|Talikikioupjomivgc    
|uhtml|bestof|Game 2 of a best-of-3
|t:|1783716783
|gametype|doubles
|player|p1|Talikikioup|ethan|1101
|player|p2|jomivgc|falkner-gen2|1119
|gen|9
|tier|[Gen 9 Champions] VGC 2026 Reg M-B (Bo3)
|rated|
|rule|Species Clause: Limit one of each Pokémon
|rule|Item Clause: Limit 1 of each item
|clearpoke
|poke|p1|Blaziken, L50, F|
|poke|p1|Venusaur, L50, M|
|poke|p1|Sinistcha-Masterpiece, L50|
|poke|p1|Torkoal, L50, M|
|poke|p1|Grimmsnarl, L50, M|
|poke|p1|Basculegion, L50, M|
|poke|p2|Kleavor, L50, F|
|poke|p2|Sinistcha, L50|
|poke|p2|Archaludon, L50, M|
|poke|p2|Swampert, L50, M|
|poke|p2|Froslass, L50, F|
|poke|p2|Pelipper, L50, F|
|teampreview|4
|showteam|p1|Blaziken||Blazikenite|SpeedBoost|CloseCombat,FlareBlitz,RockSlide,Protect|Adamant||F|||50|]Venusaur||Venusaurite|Chlorophyll|SludgeBomb,GigaDrain,EarthPower,Protect|Modest||M|||50|]Sinistcha-Masterpiece||MentalHerb|Hospitality|TrickRoom,MatchaGotcha,RagePowder,LifeDew|Modest|||||50|]Torkoal||HeatRock|Drought|Eruption,BodyPress,HelpingHand,Protect|Quiet||M|||50|]Grimmsnarl||LightClay|Prankster|LightScreen,Reflect,FakeOut,SuckerPunch|Adamant||M|||50|]Basculegion||ChoiceScarf|Adaptability|LastRespects,FlipTurn,WaveCrash,AquaJet|Jolly||M|||50|
|showteam|p2|Kleavor||ChoiceScarf|Sharpness|StoneAxe,XScissor,CloseCombat,NightSlash|Jolly||F|||50|]Sinistcha||KasibBerry|Hospitality|MatchaGotcha,Protect,RagePowder,TrickRoom|Modest|||||50|]Archaludon||Leftovers|Stamina|FlashCannon,Protect,ElectroShot,DragonPulse|Modest||M|||50|]Swampert||Swampertite|Damp|WaveCrash,Earthquake,RockSlide,Protect|Adamant||M|||50|]Froslass||Froslassite|CursedBody|Blizzard,RainDance,AuroraVeil,Protect|Modest||F|||50|]Pelipper||FocusSash|Drizzle|Hurricane,WeatherBall,WideGuard,Tailwind|Modest||F|||50|
|inactive|Battle timer is ON: inactive players will automatically lose when time's up. (requested by jomivgc)
|
|t:|1783716812
|teamsize|p1|4
|teamsize|p2|4
|start
|switch|p1a: Blaziken|Blaziken, L50, F|100/100
|switch|p1b: Grimmsnarl|Grimmsnarl, L50, M|100/100
|switch|p2a: Froslass|Froslass, L50, F|100/100
|switch|p2b: Kleavor|Kleavor, L50, F|100/100
|turn|1
|inactive|Talikikioup has 30 seconds left.
|
|t:|1783716845
|detailschange|p2a: Froslass|Froslass-Mega, L50, F
|-mega|p2a: Froslass|Froslass|Froslassite
|-weather|Snowscape|[from] ability: Snow Warning|[of] p2a: Froslass
|detailschange|p1a: Blaziken|Blaziken-Mega, L50, F
|-mega|p1a: Blaziken|Blaziken|Blazikenite
|move|p1b: Grimmsnarl|Fake Out|p2b: Kleavor
|-resisted|p2b: Kleavor|1
|-damage|p2b: Kleavor|92/100
|cant|p2b: Kleavor|flinch
|move|p2a: Froslass|Aurora Veil|p2a: Froslass
|-sidestart|p2: jomivgc|move: Aurora Veil
|move|p1a: Blaziken|Flare Blitz|p2a: Froslass
|-supereffective|p2a: Froslass|1
|-damage|p2a: Froslass|0 fnt
|faint|p2a: Froslass
|-damage|p1a: Blaziken|69/100|[from] Recoil
|
|-weather|Snowscape|[upkeep]
|-ability|p1a: Blaziken|Speed Boost|boost
|-boost|p1a: Blaziken|spe|1
|upkeep
|
|t:|1783716857
|switch|p2a: Pelipper|Pelipper, L50, F|100/100
|-weather|RainDance|[from] ability: Drizzle|[of] p2a: Pelipper
|turn|2
|
|t:|1783716881
|switch|p2a: Archaludon|Archaludon, L50, M|100/100
|switch|p1b: Torkoal|Torkoal, L50, M|100/100
|-weather|SunnyDay|[from] ability: Drought|[of] p1b: Torkoal
|move|p1a: Blaziken|Protect|p1a: Blaziken
|-singleturn|p1a: Blaziken|Protect
|move|p2b: Kleavor|Stone Axe|p1b: Torkoal
|-supereffective|p1b: Torkoal|1
|-damage|p1b: Torkoal|25/100
|-sidestart|p1: Talikikioup|move: Stealth Rock
|
|-weather|SunnyDay|[upkeep]
|-ability|p1a: Blaziken|Speed Boost|boost
|-boost|p1a: Blaziken|spe|1
|upkeep
|turn|3
|inactive|Talikikioup has 30 seconds left.
|inactive|jomivgc has 30 seconds left.
|inactive|Talikikioup has 20 seconds left.
|inactive|Talikikioup has 15 seconds left.
|
|t:|1783716922
|switch|p2a: Pelipper|Pelipper, L50, F|100/100
|-weather|RainDance|[from] ability: Drizzle|[of] p2a: Pelipper
|move|p1b: Torkoal|Helping Hand|p1a: Blaziken
|-singleturn|p1a: Blaziken|Helping Hand|[of] p1b: Torkoal
|move|p1a: Blaziken|Close Combat|p2a: Pelipper
|-resisted|p2a: Pelipper|1
|-damage|p2a: Pelipper|48/100
|-unboost|p1a: Blaziken|def|1
|-unboost|p1a: Blaziken|spd|1
|move|p2b: Kleavor|Stone Axe|p1a: Blaziken|[miss]
|-miss|p2b: Kleavor|p1a: Blaziken
|
|-weather|RainDance|[upkeep]
|-ability|p1a: Blaziken|Speed Boost|boost
|-boost|p1a: Blaziken|spe|1
|upkeep
|turn|4
|inactive|jomivgc has 30 seconds left.
|
|t:|1783716949
|switch|p1a: Grimmsnarl|Grimmsnarl, L50, M|100/100
|-damage|p1a: Grimmsnarl|87/100|[from] Stealth Rock
|move|p1b: Torkoal|Protect|p1b: Torkoal
|-singleturn|p1b: Torkoal|Protect
|move|p2b: Kleavor|Stone Axe|p1a: Grimmsnarl|[miss]
|-miss|p2b: Kleavor|p1a: Grimmsnarl
|move|p2a: Pelipper|Tailwind|p2a: Pelipper
|-sidestart|p2: jomivgc|move: Tailwind
|
|-weather|RainDance|[upkeep]
|upkeep
|turn|5
|
|t:|1783716969
|switch|p1b: Venusaur|Venusaur, L50, M|100/100
|-damage|p1b: Venusaur|87/100|[from] Stealth Rock
|move|p1a: Grimmsnarl|Fake Out|p2b: Kleavor
|-resisted|p2b: Kleavor|1
|-damage|p2b: Kleavor|86/100
|cant|p2b: Kleavor|flinch
|move|p2a: Pelipper|Hurricane|p1b: Venusaur
|-supereffective|p1b: Venusaur|1
|-damage|p1b: Venusaur|0 fnt
|faint|p1b: Venusaur
|
|-weather|RainDance|[upkeep]
|-sideend|p2: jomivgc|move: Aurora Veil
|upkeep
|
|t:|1783716982
|switch|p1b: Torkoal|Torkoal, L50, M|25/100
|-damage|p1b: Torkoal|1/100|[from] Stealth Rock
|-weather|SunnyDay|[from] ability: Drought|[of] p1b: Torkoal
|turn|6
|
|t:|1783716995
|switch|p2a: Archaludon|Archaludon, L50, M|100/100
|move|p1b: Torkoal|Helping Hand|p1a: Grimmsnarl
|-singleturn|p1a: Grimmsnarl|Helping Hand|[of] p1b: Torkoal
|move|p1a: Grimmsnarl|Sucker Punch|p2b: Kleavor
|-damage|p2b: Kleavor|16/100
|move|p2b: Kleavor|Stone Axe|p1b: Torkoal
|-supereffective|p1b: Torkoal|1
|-damage|p1b: Torkoal|0 fnt
|faint|p1b: Torkoal
|
|-weather|SunnyDay|[upkeep]
|upkeep
|
|t:|1783716997
|switch|p1b: Blaziken|Blaziken-Mega, L50, F|69/100
|-damage|p1b: Blaziken|56/100|[from] Stealth Rock
|turn|7
|
|t:|1783717021
|switch|p2b: Pelipper|Pelipper, L50, F|48/100
|-weather|RainDance|[from] ability: Drizzle|[of] p2b: Pelipper
|move|p1b: Blaziken|Protect|p1b: Blaziken
|-singleturn|p1b: Blaziken|Protect
|move|p1a: Grimmsnarl|Sucker Punch||[still]
|-fail|p1a: Grimmsnarl
|move|p2a: Archaludon|Electro Shot||[still]
|-prepare|p2a: Archaludon|Electro Shot
|-boost|p2a: Archaludon|spa|1
|-anim|p2a: Archaludon|Electro Shot|p1a: Grimmsnarl
|-damage|p1a: Grimmsnarl|23/100
|
|-weather|RainDance|[upkeep]
|-sideend|p2: jomivgc|move: Tailwind
|-ability|p1b: Blaziken|Speed Boost|boost
|-boost|p1b: Blaziken|spe|1
|upkeep
|turn|8
|inactive|jomivgc has 30 seconds left.
|
|t:|1783717048
|move|p2a: Archaludon|Protect|p2a: Archaludon
|-singleturn|p2a: Archaludon|Protect
|move|p1a: Grimmsnarl|Sucker Punch|p2b: Pelipper
|-damage|p2b: Pelipper|0 fnt
|faint|p2b: Pelipper
|move|p1b: Blaziken|Close Combat|p2a: Archaludon
|-activate|p2a: Archaludon|move: Protect
|
|-weather|RainDance|[upkeep]
|-ability|p1b: Blaziken|Speed Boost|boost
|-boost|p1b: Blaziken|spe|1
|upkeep
|
|t:|1783717057
|switch|p2b: Kleavor|Kleavor, L50, F|16/100
|turn|9
|
|t:|1783717071
|move|p1a: Grimmsnarl|Sucker Punch|p2b: Kleavor
|-damage|p2b: Kleavor|0 fnt
|faint|p2b: Kleavor
|move|p1b: Blaziken|Close Combat|p2a: Archaludon
|-supereffective|p2a: Archaludon|1
|-damage|p2a: Archaludon|0 fnt
|-unboost|p1b: Blaziken|def|1
|-unboost|p1b: Blaziken|spd|1
|faint|p2a: Archaludon
|
|win|Talikikioup
||Talikikioup is ready for game 3.
