|j|☆Zacharykeith
|j|☆BBnoCrit$
|html|ZacharykeithBBnoCrit$    
|uhtml|bestof|Game 2 of a best-of-3
|t:|1756332918
|gametype|doubles
|player|p1|Zacharykeith|fisherman-gen4|1120
|player|p2|BBnoCrit$|burglar|1093
|gen|9
|tier|[Gen 9] VGC 2025 Reg H (Bo3)
|rated|
|rule|Species Clause: Limit one of each Pokémon
|rule|Item Clause: Limit 1 of each item
|clearpoke
|poke|p1|Rillaboom, L50, F|
|poke|p1|Chandelure, L50, F|
|poke|p1|Electabuzz, L50, F|
|poke|p1|Kingambit, L50, M|
|poke|p1|Primarina, L50, F|
|poke|p1|Dragapult, L50, F|
|poke|p2|Arcanine, L50, F|
|poke|p2|Annihilape, L50, M|
|poke|p2|Smeargle, L50, M|
|poke|p2|Ursaluna-Bloodmoon, L50, M|
|poke|p2|Mandibuzz, L50, F|
|poke|p2|Kingambit, L50, M|
|teampreview|4
|showteam|p1|Rillaboom||AssaultVest|GrassySurge|FakeOut,GrassyGlide,WoodHammer,HighHorsepower|||F|||50|,,,,,Fire]Chandelure||FocusSash|FlashFire|HeatWave,ShadowBall,TrickRoom,Protect|||F|||50|,,,,,Grass]Electabuzz||Eviolite|VitalSpirit|VoltSwitch,Electroweb,FollowMe,Taunt|||F|||50|,,,,,Ghost]Kingambit||BlackGlasses|Defiant|SuckerPunch,KowtowCleave,SwordsDance,Protect|||M|||50|,,,,,Dark]Primarina||ThroatSpray|LiquidVoice|HyperVoice,Moonblast,Haze,Protect|||F|||50|,,,,,Steel]Dragapult||ChoiceBand|ClearBody|DragonDarts,PhantomForce,Uturn,Outrage|||F|||50|,,,,,Dragon
|showteam|p2|Arcanine||SitrusBerry|Intimidate|FlareBlitz,HelpingHand,ExtremeSpeed,Protect|||F|||50|,,,,,Grass]Annihilape||Leftovers|Defiant|RageFist,DrainPunch,BulkUp,Protect|||M|||50|,,,,,Water]Smeargle||FocusSash|Moody|Spore,FollowMe,FakeOut,SpikyShield|||M|||50|,,,,,Ghost]Ursaluna-Bloodmoon||LifeOrb|MindsEye|HyperVoice,EarthPower,BloodMoon,Protect|||M|||50|,,,,,Normal]Mandibuzz||RockyHelmet|Overcoat|Snarl,Tailwind,Taunt,Roost|||F|||50|,,,,,Dragon]Kingambit||AssaultVest|Defiant|KowtowCleave,IronHead,LowKick,SuckerPunch|||M|||50|,,,,,Poison
|
|t:|1756332964
|teamsize|p1|4
|teamsize|p2|4
|start
|switch|p1a: Dragapult|Dragapult, L50, F|100/100
|switch|p1b: Electabuzz|Electabuzz, L50, F|100/100
|switch|p2a: Smeargle|Smeargle, L50, M|100/100
|switch|p2b: Annihilape|Annihilape, L50, M|100/100
|turn|1
|inactive|Battle timer is ON: inactive players will automatically lose when time's up. (requested by BBnoCrit$)
|
|t:|1756332993
|-terastallize|p2b: Annihilape|Water
|move|p2a: Smeargle|Fake Out|p1b: Electabuzz
|-damage|p1b: Electabuzz|96/100
|cant|p1b: Electabuzz|flinch
|move|p1a: Dragapult|Dragon Darts|p2b: Annihilape
|-damage|p2b: Annihilape|63/100
|-anim|p1a: Dragapult|Dragon Darts|p2a: Smeargle
|-damage|p2a: Smeargle|18/100
|move|p2b: Annihilape|Bulk Up|p2b: Annihilape
|-boost|p2b: Annihilape|atk|1
|-boost|p2b: Annihilape|def|1
|
|-heal|p2b: Annihilape|69/100|[from] item: Leftovers
|-ability|p2a: Smeargle|Moody|boost
|-boost|p2a: Smeargle|atk|2
|-unboost|p2a: Smeargle|spd|1
|upkeep
|turn|2
|inactive|Zacharykeith has 30 seconds left.
|
|t:|1756333020
|move|p2a: Smeargle|Follow Me|p2a: Smeargle
|-singleturn|p2a: Smeargle|move: Follow Me
|move|p1a: Dragapult|Dragon Darts|p2a: Smeargle
|-damage|p2a: Smeargle|0 fnt
|faint|p2a: Smeargle
|move|p1b: Electabuzz|Volt Switch|p2b: Annihilape
|-supereffective|p2b: Annihilape
|-damage|p2b: Annihilape|27/100
|
|t:|1756333028
|switch|p1b: Rillaboom|Rillaboom, L50, F|100/100|[from] Volt Switch
|-fieldstart|move: Grassy Terrain|[from] ability: Grassy Surge|[of] p1b: Rillaboom
|move|p2b: Annihilape|Rage Fist|p1a: Dragapult
|-supereffective|p1a: Dragapult
|-damage|p1a: Dragapult|0 fnt
|faint|p1a: Dragapult
|
|-heal|p2b: Annihilape|33/100|[from] Grassy Terrain
|-heal|p2b: Annihilape|39/100|[from] item: Leftovers
|upkeep
|
|t:|1756333039
|switch|p1a: Primarina|Primarina, L50, F|100/100
|switch|p2a: Kingambit|Kingambit, L50, M|100/100
|turn|3
|
|t:|1756333057
|-terastallize|p1a: Primarina|Steel
|move|p2b: Annihilape|Protect|p2b: Annihilape
|-singleturn|p2b: Annihilape|Protect
|move|p1b: Rillaboom|Grassy Glide|p2b: Annihilape
|-activate|p2b: Annihilape|move: Protect
|move|p1a: Primarina|Moonblast|p2a: Kingambit
|-damage|p2a: Kingambit|71/100
|-unboost|p2a: Kingambit|spa|1
|-ability|p2a: Kingambit|Defiant|boost
|-boost|p2a: Kingambit|atk|2
|move|p2a: Kingambit|Kowtow Cleave|p1b: Rillaboom
|-damage|p1b: Rillaboom|6/100
|
|-heal|p2b: Annihilape|45/100|[from] Grassy Terrain
|-heal|p2b: Annihilape|51/100|[from] item: Leftovers
|-heal|p1b: Rillaboom|12/100|[from] Grassy Terrain
|-heal|p2a: Kingambit|78/100|[from] Grassy Terrain
|upkeep
|turn|4
|
|t:|1756333076
|move|p1b: Rillaboom|Grassy Glide|p2b: Annihilape
|-supereffective|p2b: Annihilape
|-damage|p2b: Annihilape|1/100
|move|p2a: Kingambit|Sucker Punch||[still]
|-fail|p2a: Kingambit
|move|p2b: Annihilape|Drain Punch|p1a: Primarina
|-supereffective|p1a: Primarina
|-damage|p1a: Primarina|0 fnt
|-heal|p2b: Annihilape|43/100|[from] drain|[of] p1a: Primarina
|faint|p1a: Primarina
|
|-heal|p2b: Annihilape|49/100|[from] Grassy Terrain
|-heal|p2b: Annihilape|55/100|[from] item: Leftovers
|-heal|p1b: Rillaboom|17/100|[from] Grassy Terrain
|-heal|p2a: Kingambit|84/100|[from] Grassy Terrain
|upkeep
|
|t:|1756333088
|switch|p1a: Electabuzz|Electabuzz, L50, F|96/100
|turn|5
|
|t:|1756333093
|move|p2b: Annihilape|Protect|p2b: Annihilape
|-singleturn|p2b: Annihilape|Protect
|move|p1a: Electabuzz|Volt Switch|p2b: Annihilape
|-activate|p2b: Annihilape|move: Protect
|move|p1b: Rillaboom|High Horsepower|p2a: Kingambit
|-supereffective|p2a: Kingambit
|-damage|p2a: Kingambit|38/100
|move|p2a: Kingambit|Kowtow Cleave|p1b: Rillaboom
|-damage|p1b: Rillaboom|0 fnt
|faint|p1b: Rillaboom
|
|-heal|p1a: Electabuzz|100/100|[from] Grassy Terrain
|-heal|p2b: Annihilape|61/100|[from] Grassy Terrain
|-heal|p2b: Annihilape|67/100|[from] item: Leftovers
|-heal|p2a: Kingambit|44/100|[from] Grassy Terrain
|upkeep
|turn|6
|-message|Zacharykeith forfeited.
|
|win|BBnoCrit$
|raw|Zacharykeith's rating: 1120 → 1093(-27 for losing)
|raw|BBnoCrit$'s rating: 1093 → 1121(+28 for winning)
