|j|☆spellbreakvgc
|j|☆Colonelpaco
|html|spellbreakvgcColonelpaco    
|uhtml|bestof|Game 3 of a best-of-3
|t:|1757715070
|gametype|doubles
|player|p1|spellbreakvgc|lance|1100
|player|p2|Colonelpaco|102|1088
|gen|9
|tier|[Gen 9] VGC 2025 Reg H (Bo3)
|rated|
|rule|Species Clause: Limit one of each Pokémon
|rule|Item Clause: Limit 1 of each item
|clearpoke
|poke|p1|Dondozo, L50, F|
|poke|p1|Sneasler, L50, M|
|poke|p1|Ursaluna-Bloodmoon, L50, M|
|poke|p1|Indeedee, L50, M|
|poke|p1|Tatsugiri, L50, M|
|poke|p1|Whimsicott, L50, M|
|poke|p2|Sneasler, L50, F|
|poke|p2|Dragapult, L50, M|
|poke|p2|Primarina, L50, M|
|poke|p2|Rillaboom, L50, F|
|poke|p2|Kingambit, L50, M|
|poke|p2|Magmar, L50, M|
|teampreview|4
|showteam|p1|Dondozo||Leftovers|Unaware|WaveCrash,OrderUp,Earthquake,Protect|||F|||50|,,,,,Grass]Sneasler||PsychicSeed|Unburden|DireClaw,CloseCombat,ThroatChop,Protect|||M|||50|,,,,,Dark]Ursaluna-Bloodmoon||LifeOrb|MindsEye|BloodMoon,HyperVoice,EarthPower,Protect|||M|||50|,,,,,Normal]Indeedee||FocusSash|PsychicSurge|ExpandingForce,TeraBlast,HelpingHand,Protect|||M|||50|,,,,,Psychic]Tatsugiri||SafetyGoggles|Commander|DracoMeteor,MuddyWater,HelpingHand,Protect|||M|||50|,,,,,Normal]Whimsicott||CovertCloak|Prankster|Moonblast,Tailwind,LightScreen,HelpingHand|||M|||50|,,,,,Poison
|showteam|p2|Sneasler||FocusSash|Unburden|CloseCombat,DireClaw,FakeOut,Protect|||F|||50|,,,,,Stellar]Dragapult||ChoiceBand|ClearBody|DragonDarts,TeraBlast,PhantomForce,Uturn|||M|||50|,,,,,Ghost]Primarina||SitrusBerry|LiquidVoice|HyperVoice,Moonblast,Haze,Protect|||M|||50|,,,,,Water]Rillaboom||AssaultVest|GrassySurge|WoodHammer,GrassyGlide,HighHorsepower,FakeOut|||F|||50|,,,,,Fire]Kingambit||BlackGlasses|Defiant|KowtowCleave,SuckerPunch,SwordsDance,Protect|||M|||50|,,,,,Ghost]Magmar||Eviolite|VitalSpirit|Overheat,WillOWisp,FollowMe,Protect|||M|||50|,,,,,Ghost
|inactive|Battle timer is ON: inactive players will automatically lose when time's up. (requested by Colonelpaco)
|inactive|spellbreakvgc has 60 seconds left.
|
|t:|1757715106
|teamsize|p1|4
|teamsize|p2|4
|start
|switch|p1a: Ursaluna|Ursaluna-Bloodmoon, L50, M|100/100
|switch|p1b: Whimsicott|Whimsicott, L50, M|100/100
|switch|p2a: Kingambit|Kingambit, L50, M|100/100
|switch|p2b: Sneasler|Sneasler, L50, F|100/100
|turn|1
|
|t:|1757715122
|move|p2b: Sneasler|Fake Out|p1a: Ursaluna
|-damage|p1a: Ursaluna|90/100
|move|p1b: Whimsicott|Tailwind|p1b: Whimsicott
|-sidestart|p1: spellbreakvgc|move: Tailwind
|cant|p1a: Ursaluna|flinch
|move|p2a: Kingambit|Swords Dance|p2a: Kingambit
|-boost|p2a: Kingambit|atk|2
|
|upkeep
|turn|2
|
|t:|1757715140
|switch|p1b: Tatsugiri|Tatsugiri, L50, M|100/100
|switch|p1a: Dondozo|Dondozo, L50, F|100/100
|-activate|p1b: Tatsugiri|ability: Commander|[of] p1a: Dondozo
|-boost|p1a: Dondozo|atk|2
|-boost|p1a: Dondozo|spa|2
|-boost|p1a: Dondozo|spe|2
|-boost|p1a: Dondozo|def|2
|-boost|p1a: Dondozo|spd|2
|move|p2b: Sneasler|Dire Claw|p1b: Tatsugiri|[miss]
|-miss|p2b: Sneasler|p1b: Tatsugiri
|move|p2a: Kingambit|Kowtow Cleave|p1a: Dondozo
|-damage|p1a: Dondozo|79/100
|
|-heal|p1a: Dondozo|85/100|[from] item: Leftovers
|upkeep
|turn|3
|inactive|Colonelpaco has 30 seconds left.
|
|t:|1757715173
|switch|p2b: Rillaboom|Rillaboom, L50, F|100/100
|-fieldstart|move: Grassy Terrain|[from] ability: Grassy Surge|[of] p2b: Rillaboom
|move|p2a: Kingambit|Protect|p2a: Kingambit
|-singleturn|p2a: Kingambit|Protect
|move|p1a: Dondozo|Earthquake|p2b: Rillaboom|[spread] p2b
|-miss|p1a: Dondozo|p1b: Tatsugiri
|-activate|p2a: Kingambit|move: Protect
|-resisted|p2b: Rillaboom
|-damage|p2b: Rillaboom|91/100
|
|-heal|p1a: Dondozo|92/100|[from] Grassy Terrain
|-heal|p1a: Dondozo|98/100|[from] item: Leftovers
|-heal|p2b: Rillaboom|97/100|[from] Grassy Terrain
|upkeep
|turn|4
|inactive|Colonelpaco has 30 seconds left.
|
|t:|1757715204
|move|p1a: Dondozo|Protect|p1a: Dondozo
|-singleturn|p1a: Dondozo|Protect
|move|p2b: Rillaboom|Fake Out|p1a: Dondozo
|-activate|p1a: Dondozo|move: Protect
|move|p2a: Kingambit|Swords Dance|p2a: Kingambit
|-boost|p2a: Kingambit|atk|2
|
|-heal|p1a: Dondozo|100/100|[from] Grassy Terrain
|-heal|p2b: Rillaboom|100/100|[from] Grassy Terrain
|-sideend|p1: spellbreakvgc|move: Tailwind
|upkeep
|turn|5
|inactive|Colonelpaco has 30 seconds left.
|
|t:|1757715231
|-terastallize|p1a: Dondozo|Grass
|move|p2b: Rillaboom|Grassy Glide|p1a: Dondozo
|-resisted|p1a: Dondozo
|-damage|p1a: Dondozo|94/100
|move|p2a: Kingambit|Sucker Punch|p1a: Dondozo
|-damage|p1a: Dondozo|77/100
|move|p1a: Dondozo|Order Up|p2b: Rillaboom
|-damage|p2b: Rillaboom|55/100
|-boost|p1a: Dondozo|atk|1
|
|-heal|p1a: Dondozo|84/100|[from] Grassy Terrain
|-heal|p1a: Dondozo|90/100|[from] item: Leftovers
|-heal|p2b: Rillaboom|61/100|[from] Grassy Terrain
|upkeep
|turn|6
|inactive|Colonelpaco has 30 seconds left.
|
|t:|1757715259
|move|p1a: Dondozo|Protect|p1a: Dondozo
|-singleturn|p1a: Dondozo|Protect
|move|p2b: Rillaboom|Wood Hammer|p1b: Tatsugiri|[miss]
|-miss|p2b: Rillaboom|p1b: Tatsugiri
|move|p2a: Kingambit|Kowtow Cleave|p1b: Tatsugiri|[miss]
|-miss|p2a: Kingambit|p1b: Tatsugiri
|
|-heal|p1a: Dondozo|96/100|[from] Grassy Terrain
|-heal|p1a: Dondozo|100/100|[from] item: Leftovers
|-heal|p2b: Rillaboom|67/100|[from] Grassy Terrain
|upkeep
|turn|7
|
|t:|1757715279
|switch|p2b: Sneasler|Sneasler, L50, F|100/100
|move|p2a: Kingambit|Protect|p2a: Kingambit
|-singleturn|p2a: Kingambit|Protect
|move|p1a: Dondozo|Order Up|p2b: Sneasler
|-damage|p2b: Sneasler|5/100
|-boost|p1a: Dondozo|atk|1
|
|-heal|p2b: Sneasler|11/100|[from] Grassy Terrain
|-fieldend|move: Grassy Terrain
|upkeep
|turn|8
|
|t:|1757715296
|move|p2b: Sneasler|Fake Out|p1a: Dondozo
|-damage|p1a: Dondozo|95/100
|cant|p1a: Dondozo|flinch
|move|p2a: Kingambit|Swords Dance|p2a: Kingambit
|-boost|p2a: Kingambit|atk|2
|
|-heal|p1a: Dondozo|100/100|[from] item: Leftovers
|upkeep
|turn|9
|
|t:|1757715315
|move|p2b: Sneasler|Protect|p2b: Sneasler
|-singleturn|p2b: Sneasler|Protect
|move|p1a: Dondozo|Earthquake|p2b: Sneasler|[spread] p2a
|-miss|p1a: Dondozo|p1b: Tatsugiri
|-activate|p2b: Sneasler|move: Protect
|-supereffective|p2a: Kingambit
|-damage|p2a: Kingambit|0 fnt
|faint|p2a: Kingambit
|
|upkeep
|-message|Colonelpaco forfeited.
|
|win|spellbreakvgc
|raw|spellbreakvgc's rating: 1100 → 1124(+24 for winning)
|raw|Colonelpaco's rating: 1088 → 1066(-22 for losing)
|l|☆spellbreakvgc
|player|p1|
