|j|☆AntonioCartana
|j|☆willow1sp
|html|AntonioCartanawillow1sp    
|uhtml|bestof|Game 1 of a best-of-3
|t:|1756931665
|gametype|doubles
|player|p1|AntonioCartana|bruno|1060
|player|p2|willow1sp|caitlin|1064
|gen|9
|tier|[Gen 9] VGC 2025 Reg H (Bo3)
|rated|
|rule|Species Clause: Limit one of each Pokémon
|rule|Item Clause: Limit 1 of each item
|clearpoke
|poke|p1|Sneasler, L50, M|
|poke|p1|Primarina, L50, M|
|poke|p1|Kingambit, L50, M|
|poke|p1|Rillaboom, L50, M|
|poke|p1|Electabuzz, L50, F|
|poke|p1|Garchomp, L50, F|
|poke|p2|Indeedee-F, L50, F|
|poke|p2|Hatterene, L50, F|
|poke|p2|Gallade, L50, M|
|poke|p2|Ursaluna, L50, M|
|poke|p2|Lilligant-Hisui, L50, F|
|poke|p2|Torkoal, L50, M|
|teampreview|4
|showteam|p1|Sneasler||GrassySeed|PoisonTouch|PoisonJab,CloseCombat,Protect,FakeOut|||M|||50|,,,,,Ghost]Primarina||ThroatSpray|LiquidVoice|Protect,HyperVoice,Moonblast,Haze|||M|||50|,,,,,Bug]Kingambit||BlackGlasses|Defiant|KowtowCleave,SwordsDance,SuckerPunch,Protect|||M|||50|,,,,,Dark]Rillaboom||AssaultVest|GrassySurge|WoodHammer,StompingTantrum,GrassyGlide,FakeOut|||M|||50|,,,,,Fire]Electabuzz||Eviolite|VitalSpirit|Electroweb,Protect,FollowMe,LightScreen|||F|||50|,,,,,Fairy]Garchomp||ClearAmulet|RoughSkin|StompingTantrum,DragonClaw,RockSlide,Protect|||F|||50|,,,,,Water
|showteam|p2|Indeedee-F||PsychicSeed|PsychicSurge|TrickRoom,FollowMe,HelpingHand,DazzlingGleam|||F|||50|,,,,,Ghost]Hatterene||LifeOrb|MagicBounce|ExpandingForce,TrickRoom,DazzlingGleam,Protect|||F|||50|,,,,,Psychic]Gallade||ClearAmulet|Sharpness|PsychoCut,TrickRoom,SacredSword,WideGuard|||M|||50|,,,,,Grass]Ursaluna||FlameOrb|Guts|HeadlongRush,Facade,SwordsDance,Protect|||M|||50|,,,,,Ghost]Lilligant-Hisui||FocusSash|Chlorophyll|SolarBlade,SleepPowder,CloseCombat,AfterYou|||F|||50|,,,,,Ghost]Torkoal||Charcoal|Drought|Eruption,WeatherBall,ClearSmog,Protect|||M|||50|,,,,,Fire
|inactive|Battle timer is ON: inactive players will automatically lose when time's up. (requested by AntonioCartana)
|inactive|willow1sp has 60 seconds left.
|
|t:|1756931703
|teamsize|p1|4
|teamsize|p2|4
|start
|switch|p1a: Electabuzz|Electabuzz, L50, F|100/100
|switch|p1b: Kingambit|Kingambit, L50, M|100/100
|switch|p2a: Indeedee|Indeedee-F, L50, F|100/100
|switch|p2b: Me <3|Lilligant-Hisui, L50, F, shiny|100/100
|-fieldstart|move: Psychic Terrain|[from] ability: Psychic Surge|[of] p2a: Indeedee
|-enditem|p2a: Indeedee|Psychic Seed
|-boost|p2a: Indeedee|spd|1|[from] item: Psychic Seed
|turn|1
|inactive|AntonioCartana has 30 seconds left.
|inactive|AntonioCartana has 20 seconds left.
|inactive|AntonioCartana has 15 seconds left.
|
|t:|1756931747
|switch|p2b: Gallade|Gallade, L50, M, shiny|100/100
|move|p1a: Electabuzz|Follow Me|p1a: Electabuzz
|-singleturn|p1a: Electabuzz|move: Follow Me
|move|p1b: Kingambit|Swords Dance|p1b: Kingambit
|-boost|p1b: Kingambit|atk|2
|move|p2a: Indeedee|Trick Room|p2a: Indeedee
|-fieldstart|move: Trick Room|[of] p2a: Indeedee
|
|upkeep
|turn|2
|
|t:|1756931772
|move|p2a: Indeedee|Follow Me|p2a: Indeedee
|-singleturn|p2a: Indeedee|move: Follow Me
|move|p1a: Electabuzz|Follow Me|p1a: Electabuzz
|-singleturn|p1a: Electabuzz|move: Follow Me
|move|p2b: Gallade|Sacred Sword|p1a: Electabuzz
|-damage|p1a: Electabuzz|37/100
|move|p1b: Kingambit|Kowtow Cleave|p2a: Indeedee
|-supereffective|p2a: Indeedee
|-damage|p2a: Indeedee|0 fnt
|faint|p2a: Indeedee
|
|upkeep
|
|t:|1756931783
|switch|p2a: my dog|Torkoal, L50, M, shiny|100/100
|-weather|SunnyDay|[from] ability: Drought|[of] p2a: my dog
|turn|3
|
|t:|1756931794
|move|p1b: Kingambit|Protect|p1b: Kingambit
|-singleturn|p1b: Kingambit|Protect
|move|p1a: Electabuzz|Follow Me|p1a: Electabuzz
|-singleturn|p1a: Electabuzz|move: Follow Me
|move|p2a: my dog|Eruption|p1a: Electabuzz|[spread] p1a
|-activate|p1b: Kingambit|move: Protect
|-damage|p1a: Electabuzz|0 fnt
|faint|p1a: Electabuzz
|move|p2b: Gallade|Sacred Sword|p1b: Kingambit
|-activate|p1b: Kingambit|move: Protect
|
|-weather|SunnyDay|[upkeep]
|upkeep
|
|t:|1756931798
|switch|p1a: Rillaboom|Rillaboom, L50, M|100/100
|-fieldstart|move: Grassy Terrain|[from] ability: Grassy Surge|[of] p1a: Rillaboom
|turn|4
|inactive|willow1sp has 30 seconds left.
|
|t:|1756931830
|-terastallize|p2a: my dog|Fire
|move|p1a: Rillaboom|Fake Out|p2b: Gallade
|-damage|p2b: Gallade|81/100
|move|p2a: my dog|Eruption|p1b: Kingambit|[spread] p1a,p1b
|-supereffective|p1a: Rillaboom
|-supereffective|p1b: Kingambit
|-damage|p1a: Rillaboom|0 fnt
|-damage|p1b: Kingambit|0 fnt
|faint|p1a: Rillaboom
|faint|p1b: Kingambit
|cant|p2b: Gallade|flinch
|
|-weather|SunnyDay|[upkeep]
|-heal|p2b: Gallade|87/100|[from] Grassy Terrain
|upkeep
|
|t:|1756931843
|switch|p1b: Garchomp|Garchomp, L50, F|100/100
|turn|5
|
|t:|1756931859
|switch|p2a: Me <3|Lilligant-Hisui, L50, F, shiny|100/100
|move|p1b: Garchomp|Protect|p1b: Garchomp
|-singleturn|p1b: Garchomp|Protect
|move|p2b: Gallade|Sacred Sword|p1b: Garchomp
|-activate|p1b: Garchomp|move: Protect
|
|-weather|SunnyDay|[upkeep]
|-heal|p2b: Gallade|92/100|[from] Grassy Terrain
|-fieldend|move: Trick Room
|upkeep
|turn|6
|
|t:|1756931879
|move|p2a: Me <3|Close Combat|p1b: Garchomp
|-damage|p1b: Garchomp|51/100
|-unboost|p2a: Me <3|def|1
|-unboost|p2a: Me <3|spd|1
|-damage|p2a: Me <3|88/100|[from] ability: Rough Skin|[of] p1b: Garchomp
|move|p1b: Garchomp|Stomping Tantrum|p2b: Gallade
|-damage|p2b: Gallade|36/100
|move|p2b: Gallade|Sacred Sword|p1b: Garchomp
|-damage|p1b: Garchomp|0 fnt
|-damage|p2b: Gallade|24/100|[from] ability: Rough Skin|[of] p1b: Garchomp
|faint|p1b: Garchomp
|
|win|willow1sp
