|j|☆milkandcereals
|j|☆philiusVGC
|html|milkandcerealsphiliusVGC    
|uhtml|bestof|Game 1 of a best-of-3
|t:|1756644044
|gametype|doubles
|player|p1|milkandcereals|blue|1086
|player|p2|philiusVGC|blue|1067
|gen|9
|tier|[Gen 9] VGC 2025 Reg H (Bo3)
|rated|
|rule|Species Clause: Limit one of each Pokémon
|rule|Item Clause: Limit 1 of each item
|clearpoke
|poke|p1|Porygon2, L50|
|poke|p1|Rillaboom, L50, F|
|poke|p1|Ursaluna, L50, M|
|poke|p1|Jumpluff, L50, M|
|poke|p1|Charizard, L50, F|
|poke|p1|Torkoal, L50, F|
|poke|p2|Gholdengo, L50|
|poke|p2|Volcarona, L50, F|
|poke|p2|Dragonite, L50, M|
|poke|p2|Ursaluna-Bloodmoon, L50, M|
|poke|p2|Kingambit, L50, M|
|poke|p2|Electabuzz, L50, F|
|teampreview|4
|showteam|p1|Porygon2||Eviolite|Download|TeraBlast,IceBeam,TrickRoom,Recover||||||50|,,,,,Fighting]Rillaboom||AssaultVest|GrassySurge|FakeOut,GrassyGlide,WoodHammer,HighHorsepower|||F|||50|,,,,,Water]Ursaluna||FlameOrb|Guts|Protect,Facade,Earthquake,HeadlongRush|||M|||50|,,,,,Ghost]Jumpluff||CovertCloak|Chlorophyll|SleepPowder,SunnyDay,Tailwind,RagePowder|||M|||50|,,,,,Fire]Charizard||ChoiceSpecs|SolarPower|HeatWave,Overheat,WeatherBall,DragonPulse|||F|||50|,,,,,Ghost]Torkoal||EjectPack|Drought|Overheat,Eruption,HelpingHand,Protect|||F|||50|,,,,,Fire
|showteam|p2|Gholdengo||LifeOrb|GoodasGold|Protect,NastyPlot,MakeItRain,ShadowBall||||||50|,,,,,Dragon]Volcarona||CovertCloak|FlameBody|Protect,QuiverDance,HeatWave,Psychic|||F|||50|,,,,,Water]Dragonite||LoadedDice|Multiscale|Protect,Tailwind,Haze,ScaleShot|||M|||50|,,,,,Fairy]Ursaluna-Bloodmoon||AssaultVest|MindsEye|BloodMoon,HyperVoice,EarthPower,VacuumWave|||M|||50|,,,,,Ghost]Kingambit||BlackGlasses|Defiant|Protect,SwordsDance,KowtowCleave,SuckerPunch|||M|||50|,,,,,Dark]Electabuzz||Eviolite|VitalSpirit|Protect,FollowMe,Taunt,Electroweb|||F|||50|,,,,,Ghost
|inactive|Battle timer is ON: inactive players will automatically lose when time's up. (requested by milkandcereals)
|c|☆milkandcereals|hi, glhf
|inactive|milkandcereals has 60 seconds left.
|inactive|philiusVGC has 60 seconds left.
|inactive|milkandcereals has 30 seconds left.
|inactive|milkandcereals has 20 seconds left.
|inactive|milkandcereals has 15 seconds left.
|inactive|milkandcereals has 10 seconds left.
|inactive|milkandcereals has 5 seconds left.
|
|t:|1756644138
|teamsize|p1|4
|teamsize|p2|4
|start
|switch|p1a: Jumpluff|Jumpluff, L50, M|100/100
|switch|p1b: Charizard|Charizard, L50, F|100/100
|switch|p2a: Dragonite|Dragonite, L50, M|100/100
|switch|p2b: Electabuzz|Electabuzz, L50, F|100/100
|turn|1
|inactive|milkandcereals has 30 seconds left.
|inactive|philiusVGC has 30 seconds left.
|inactive|milkandcereals has 20 seconds left.
|inactive|milkandcereals has 15 seconds left.
|inactive|milkandcereals has 10 seconds left.
|inactive|milkandcereals has 5 seconds left.
|
|t:|1756644192
|move|p2b: Electabuzz|Follow Me|p2b: Electabuzz
|-singleturn|p2b: Electabuzz|move: Follow Me
|move|p1a: Jumpluff|Tailwind|p1a: Jumpluff
|-sidestart|p1: milkandcereals|move: Tailwind
|move|p1b: Charizard|Heat Wave|p2a: Dragonite|[spread] p2a,p2b
|-resisted|p2a: Dragonite
|-crit|p2b: Electabuzz
|-damage|p2a: Dragonite|88/100
|-damage|p2b: Electabuzz|41/100
|-status|p2b: Electabuzz|brn
|move|p2a: Dragonite|Scale Shot|p1b: Charizard|[miss]
|-miss|p2a: Dragonite|p1b: Charizard
|
|-damage|p2b: Electabuzz|35/100 brn|[from] brn
|upkeep
|turn|2
|inactive|philiusVGC has 30 seconds left.
|inactive|philiusVGC has 20 seconds left.
|inactive|philiusVGC has 15 seconds left.
|inactive|philiusVGC has 10 seconds left.
|
|t:|1756644240
|move|p2b: Electabuzz|Follow Me|p2b: Electabuzz
|-singleturn|p2b: Electabuzz|move: Follow Me
|move|p1a: Jumpluff|Sunny Day|p1a: Jumpluff
|-weather|SunnyDay
|move|p1b: Charizard|Heat Wave|p2b: Electabuzz|[spread] p2a,p2b
|-resisted|p2a: Dragonite
|-damage|p2a: Dragonite|27/100
|-damage|p2b: Electabuzz|0 fnt
|faint|p2b: Electabuzz
|move|p2a: Dragonite|Tailwind|p2a: Dragonite
|-sidestart|p2: philiusVGC|move: Tailwind
|
|-weather|SunnyDay|[upkeep]
|-damage|p1b: Charizard|88/100|[from] ability: Solar Power|[of] p1b: Charizard
|upkeep
|inactive|philiusVGC has 30 seconds left.
|
|t:|1756644269
|switch|p2b: Volcarona|Volcarona, L50, F|100/100
|turn|3
|
|t:|1756644283
|move|p2b: Volcarona|Protect|p2b: Volcarona
|-singleturn|p2b: Volcarona|Protect
|move|p2a: Dragonite|Protect|p2a: Dragonite
|-singleturn|p2a: Dragonite|Protect
|move|p1a: Jumpluff|Sleep Powder|p2b: Volcarona
|-activate|p2b: Volcarona|move: Protect
|move|p1b: Charizard|Heat Wave|p2b: Volcarona|[spread] 
|-activate|p2a: Dragonite|move: Protect
|-activate|p2b: Volcarona|move: Protect
|
|-weather|SunnyDay|[upkeep]
|-damage|p1b: Charizard|76/100|[from] ability: Solar Power|[of] p1b: Charizard
|upkeep
|turn|4
|inactive|philiusVGC has 30 seconds left.
|inactive|philiusVGC has 20 seconds left.
|inactive|philiusVGC has 15 seconds left.
|inactive|philiusVGC has 10 seconds left.
|
|t:|1756644332
|-terastallize|p2b: Volcarona|Water
|move|p1a: Jumpluff|Sleep Powder|p2b: Volcarona
|-status|p2b: Volcarona|slp|[from] move: Sleep Powder
|move|p1b: Charizard|Heat Wave|p2a: Dragonite|[spread] p2a,p2b
|-resisted|p2a: Dragonite
|-resisted|p2b: Volcarona
|-damage|p2a: Dragonite|0 fnt
|-damage|p2b: Volcarona|54/100 slp
|faint|p2a: Dragonite
|cant|p2b: Volcarona|slp
|
|-weather|SunnyDay|[upkeep]
|-damage|p1b: Charizard|63/100|[from] ability: Solar Power|[of] p1b: Charizard
|-sideend|p1: milkandcereals|move: Tailwind
|upkeep
|
|t:|1756644342
|switch|p2a: Ursaluna|Ursaluna-Bloodmoon, L50, M|100/100
|turn|5
|
|t:|1756644358
|move|p1a: Jumpluff|Tailwind|p1a: Jumpluff
|-sidestart|p1: milkandcereals|move: Tailwind
|move|p1b: Charizard|Heat Wave|p2a: Ursaluna|[spread] p2a,p2b
|-resisted|p2b: Volcarona
|-damage|p2a: Ursaluna|21/100
|-damage|p2b: Volcarona|7/100 slp
|-curestatus|p2b: Volcarona|slp|[msg]
|move|p2b: Volcarona|Quiver Dance|p2b: Volcarona
|-boost|p2b: Volcarona|spa|1
|-boost|p2b: Volcarona|spd|1
|-boost|p2b: Volcarona|spe|1
|move|p2a: Ursaluna|Blood Moon|p1a: Jumpluff
|-damage|p1a: Jumpluff|24/100
|
|-weather|SunnyDay|[upkeep]
|-damage|p1b: Charizard|51/100|[from] ability: Solar Power|[of] p1b: Charizard
|-sideend|p2: philiusVGC|move: Tailwind
|upkeep
|turn|6
|inactive|philiusVGC has 30 seconds left.
|
|t:|1756644392
|move|p2a: Ursaluna|Vacuum Wave|p1a: Jumpluff
|-resisted|p1a: Jumpluff
|-damage|p1a: Jumpluff|16/100
|move|p1a: Jumpluff|Sleep Powder|p2b: Volcarona|[miss]
|-miss|p1a: Jumpluff|p2b: Volcarona
|move|p1b: Charizard|Heat Wave|p2b: Volcarona|[spread] p2a,p2b
|-resisted|p2b: Volcarona
|-damage|p2a: Ursaluna|0 fnt
|-damage|p2b: Volcarona|0 fnt
|faint|p2a: Ursaluna
|faint|p2b: Volcarona
|
|win|milkandcereals
||philiusVGC is ready for game 2.
|l|☆philiusVGC
|player|p2|
|inactive|milkandcereals has 30 seconds to confirm battle start!
|inactive|milkandcereals has 20 seconds to confirm battle start!
