|j|☆Lucariocrown
|j|☆Llama_Llord
|html|LucariocrownLlama_Llord    
|uhtml|bestof|Game 1 of a best-of-3
|t:|1756598360
|gametype|doubles
|player|p1|Lucariocrown|169|1002
|player|p2|Llama_Llord|170|1073
|gen|9
|tier|[Gen 9] VGC 2025 Reg H (Bo3)
|rated|
|rule|Species Clause: Limit one of each Pokémon
|rule|Item Clause: Limit 1 of each item
|clearpoke
|poke|p1|Conkeldurr, L50, F|
|poke|p1|Ursaluna, L50, F|
|poke|p1|Arcanine-Hisui, L50, M|
|poke|p1|Primarina, L50, F|
|poke|p1|Gholdengo, L50|
|poke|p1|Whimsicott, L50, F|
|poke|p2|Meowscarada, L50, M|
|poke|p2|Primarina, L50, M|
|poke|p2|Indeedee, L50, M|
|poke|p2|Sneasler, L50, M|
|poke|p2|Tatsugiri, L50, F|
|poke|p2|Amoonguss, L50, F|
|teampreview|4
|showteam|p1|Conkeldurr||LifeOrb|SheerForce|RockSlide,CloseCombat,HammerArm,Protect|||F|||50|,,,,,Fighting]Ursaluna||FlameOrb|Guts|HeadlongRush,Facade,Curse,Protect|||F|||50|,,,,,Ground]Arcanine-Hisui||Leftovers|Intimidate|FlareBlitz,Protect,StealthRock,RockSlide|||M|||50|,,,,,Ghost]Primarina||EjectPack|LiquidVoice|Moonblast,HyperVoice,Haze,Protect|||F|||50|,,,,,Poison]Gholdengo||ChoiceSpecs|GoodasGold|DazzlingGleam,MakeItRain,ShadowBall,FlashCannon||||||50|,,,,,Fairy]Whimsicott||FocusSash|Prankster|TeraBlast,Tailwind,Protect,CottonSpore|||F|||50|,,,,,Ground
|showteam|p2|Meowscarada||FocusSash|Overgrow|GrassPledge,KnockOff,FlowerTrick,Protect|||M|||50|,,,,,Fairy]Primarina||LifeOrb|LiquidVoice|WaterPledge,HyperVoice,Moonblast,Protect|||M|||50|,,,,,Poison]Indeedee||SafetyGoggles|PsychicSurge|ExpandingForce,Protect,TrickRoom,Imprison|||M|||50|,,,,,Fire]Sneasler||PsychicSeed|Unburden|DireClaw,CloseCombat,ThroatChop,Protect|||M|||50|,,,,,Stellar]Tatsugiri||AssaultVest|StormDrain|DracoMeteor,IcyWind,TeraBlast,Surf|||F|||50|,,,,,Ground]Amoonguss||SitrusBerry|EffectSpore|Spore,RagePowder,SludgeBomb,Protect|||F|||50|,,,,,Steel
|inactive|Battle timer is ON: inactive players will automatically lose when time's up. (requested by Llama_Llord)
|
|t:|1756598385
|teamsize|p1|4
|teamsize|p2|4
|start
|switch|p1a: Primarina|Primarina, L50, F|100/100
|switch|p1b: Whimsicott|Whimsicott, L50, F|100/100
|switch|p2a: Puss in Boots|Meowscarada, L50, M|100/100
|switch|p2b: Fiona|Primarina, L50, M|100/100
|turn|1
|inactive|Lucariocrown has 30 seconds left.
|
|t:|1756598412
|move|p1b: Whimsicott|Tailwind|p1b: Whimsicott
|-sidestart|p1: Lucariocrown|move: Tailwind
|move|p2a: Puss in Boots|Grass Pledge|p1a: Primarina
|-waiting|p2a: Puss in Boots|p2b: Fiona
|move|p2b: Fiona|Water Pledge|p1a: Primarina|[from] move: Grass Pledge
|-combine
|-supereffective|p1a: Primarina
|-damage|p1a: Primarina|0 fnt
|-sidestart|p1: Lucariocrown|Grass Pledge
|faint|p1a: Primarina
|-damage|p2b: Fiona|91/100|[from] item: Life Orb
|
|upkeep
|
|t:|1756598429
|switch|p1a: Ursaluna|Ursaluna, L50, F|100/100
|turn|2
|
|t:|1756598446
|move|p1b: Whimsicott|Cotton Spore|p2b: Fiona|[spread] p2b
|-immune|p2a: Puss in Boots
|-unboost|p2b: Fiona|spe|2
|move|p2a: Puss in Boots|Flower Trick|p1b: Whimsicott
|-resisted|p1b: Whimsicott
|-crit|p1b: Whimsicott
|-damage|p1b: Whimsicott|68/100
|move|p1a: Ursaluna|Facade|p2b: Fiona
|-damage|p2b: Fiona|41/100
|move|p2b: Fiona|Hyper Voice|p1b: Whimsicott|[spread] p1a,p1b
|-supereffective|p1a: Ursaluna
|-resisted|p1b: Whimsicott
|-damage|p1a: Ursaluna|3/100
|-damage|p1b: Whimsicott|41/100
|-damage|p2b: Fiona|32/100|[from] item: Life Orb
|
|-status|p1a: Ursaluna|brn|[from] item: Flame Orb
|upkeep
|turn|3
|inactive|Lucariocrown has 30 seconds left.
|
|t:|1756598472
|move|p2a: Puss in Boots|Protect|p2a: Puss in Boots
|-singleturn|p2a: Puss in Boots|Protect
|move|p2b: Fiona|Protect|p2b: Fiona
|-singleturn|p2b: Fiona|Protect
|move|p1b: Whimsicott|Cotton Spore|p2b: Fiona|[spread] 
|-activate|p2a: Puss in Boots|move: Protect
|-activate|p2b: Fiona|move: Protect
|move|p1a: Ursaluna|Facade|p2b: Fiona
|-activate|p2b: Fiona|move: Protect
|
|-damage|p1a: Ursaluna|0 fnt|[from] brn
|faint|p1a: Ursaluna
|upkeep
|
|t:|1756598485
|switch|p1a: Conkeldurr|Conkeldurr, L50, F|100/100
|turn|4
|
|t:|1756598500
|move|p1b: Whimsicott|Cotton Spore|p2a: Puss in Boots|[spread] p2b
|-immune|p2a: Puss in Boots
|-unboost|p2b: Fiona|spe|2
|move|p2a: Puss in Boots|Flower Trick|p1b: Whimsicott
|-resisted|p1b: Whimsicott
|-crit|p1b: Whimsicott
|-damage|p1b: Whimsicott|8/100
|move|p1a: Conkeldurr|Rock Slide|p2a: Puss in Boots|[spread] p2a,p2b
|-damage|p2a: Puss in Boots|40/100
|-damage|p2b: Fiona|0 fnt
|faint|p2b: Fiona
|
|-sideend|p1: Lucariocrown|move: Tailwind
|-sideend|p1: Lucariocrown|Grass Pledge
|upkeep
|
|t:|1756598509
|switch|p2b: Sneasler|Sneasler, L50, M|100/100
|turn|5
|
|t:|1756598526
|switch|p2a: Indeedee|Indeedee, L50, M|100/100
|-fieldstart|move: Psychic Terrain|[from] ability: Psychic Surge|[of] p2a: Indeedee
|-enditem|p2b: Sneasler|Psychic Seed
|-boost|p2b: Sneasler|spd|1|[from] item: Psychic Seed
|-terastallize|p1b: Whimsicott|Ground
|move|p2b: Sneasler|Dire Claw|p1a: Conkeldurr
|-damage|p1a: Conkeldurr|49/100
|-status|p1a: Conkeldurr|slp
|move|p1b: Whimsicott|Tera Blast|p2b: Sneasler|[anim] Tera Blast Ground
|-supereffective|p2b: Sneasler
|-damage|p2b: Sneasler|58/100
|cant|p1a: Conkeldurr|slp
|
|upkeep
|turn|6
|
|t:|1756598549
|move|p2b: Sneasler|Dire Claw|p1b: Whimsicott
|-resisted|p1b: Whimsicott
|-damage|p1b: Whimsicott|0 fnt
|faint|p1b: Whimsicott
|move|p2a: Indeedee|Expanding Force|p1a: Conkeldurr
|-supereffective|p1a: Conkeldurr
|-damage|p1a: Conkeldurr|0 fnt
|faint|p1a: Conkeldurr
|
|win|Llama_Llord
||Lucariocrown is ready for game 2.
||Llama_Llord is ready for game 2.
|uhtml|next|Next: Game 2 of 3
