|j|☆hexagonfoot
|j|☆AgentPotato69
|html|hexagonfootAgentPotato69    
|uhtml|bestof|Game 2 of a best-of-3
|t:|1757828120
|gametype|doubles
|player|p1|hexagonfoot|caitlin|1148
|player|p2|AgentPotato69|101|1108
|gen|9
|tier|[Gen 9] VGC 2025 Reg H (Bo3)
|rated|
|rule|Species Clause: Limit one of each Pokémon
|rule|Item Clause: Limit 1 of each item
|clearpoke
|poke|p1|Gholdengo, L50|
|poke|p1|Sneasler, L50, M|
|poke|p1|Rillaboom, L50, M|
|poke|p1|Dragonite, L50, F|
|poke|p1|Ninetales-Alola, L50, F|
|poke|p1|Arcanine-Hisui, L50, M|
|poke|p2|Gothitelle, L50, F|
|poke|p2|Politoed, L50, M|
|poke|p2|Kingdra, L50, F|
|poke|p2|Archaludon, L50, F|
|poke|p2|Amoonguss, L50, F|
|poke|p2|Incineroar, L50, M|
|teampreview|4
|showteam|p1|Gholdengo||GrassySeed|GoodasGold|NastyPlot,MakeItRain,ShadowBall,Protect||||||50|,,,,,Water]Sneasler||WhiteHerb|Unburden|CloseCombat,DireClaw,Coaching,Protect|||M|||50|,,,,,Ghost]Rillaboom||AssaultVest|GrassySurge|FakeOut,GrassyGlide,DrumBeating,HighHorsepower|||M|||50|,,,,,Fire]Dragonite||LoadedDice|Multiscale|ScaleShot,StompingTantrum,Tailwind,Protect|||F|||50|,,,,,Ground]Ninetales-Alola||FocusSash|SnowWarning|Blizzard,IcyWind,Encore,AuroraVeil|||F|||50|,,,,,Ghost]Arcanine-Hisui||ClearAmulet|Intimidate|RockSlide,FlareBlitz,ExtremeSpeed,Protect|||M|||50|,,,,,Water
|showteam|p2|Gothitelle||Leftovers|ShadowTag|Psychic,Protect,FakeOut,Taunt|||F|||50|,,,,,Dark]Politoed||SitrusBerry|Drizzle|PerishSong,Protect,WeatherBall,Encore|||M|||50|,,,,,Grass]Kingdra||LifeOrb|SwiftSwim|DracoMeteor,WeatherBall,Protect,MuddyWater|||F|||50|,,,,,Stellar]Archaludon||PowerHerb|Sturdy|ElectroShot,Protect,DragonPulse,FlashCannon|||F|||50|,,,,,Grass]Amoonguss||BlackSludge|Regenerator|Protect,Spore,RagePowder,PollenPuff|||F|||50|,,,,,Water]Incineroar||SafetyGoggles|Intimidate|Protect,FakeOut,PartingShot,KnockOff|||M|||50|,,,,,Ghost
|inactive|Battle timer is ON: inactive players will automatically lose when time's up. (requested by AgentPotato69)
|
|t:|1757828128
|teamsize|p1|4
|teamsize|p2|4
|start
|switch|p1a: Euston|Sneasler, L50, M|100/100
|switch|p1b: Silver Street|Gholdengo, L50|100/100
|switch|p2a: Politoed|Politoed, L50, M, shiny|100/100
|switch|p2b: Kingdra|Kingdra, L50, F, shiny|100/100
|-weather|RainDance|[from] ability: Drizzle|[of] p2a: Politoed
|turn|1
|inactive|AgentPotato69 has 30 seconds left.
|inactive|AgentPotato69 has 20 seconds left.
|
|t:|1757828164
|switch|p1b: Canada Water|Ninetales-Alola, L50, F|100/100
|-weather|Snowscape|[from] ability: Snow Warning|[of] p1b: Canada Water
|switch|p2a: Archaludon|Archaludon, L50, F, shiny|100/100
|move|p1a: Euston|Close Combat|p2b: Kingdra
|-damage|p2b: Kingdra|31/100
|-unboost|p1a: Euston|def|1
|-unboost|p1a: Euston|spd|1
|-enditem|p1a: Euston|White Herb
|-clearnegativeboost|p1a: Euston|[silent]
|move|p2b: Kingdra|Muddy Water|p1b: Canada Water|[spread] p1a,p1b
|-damage|p1a: Euston|58/100
|-damage|p1b: Canada Water|54/100
|-damage|p2b: Kingdra|21/100|[from] item: Life Orb
|
|-weather|Snowscape|[upkeep]
|upkeep
|turn|2
|inactive|hexagonfoot has 30 seconds left.
|inactive|AgentPotato69 has 30 seconds left.
|
|t:|1757828190
|switch|p1b: Hampstead Heath|Rillaboom, L50, M|100/100
|-fieldstart|move: Grassy Terrain|[from] ability: Grassy Surge|[of] p1b: Hampstead Heath
|switch|p2b: Gothitelle|Gothitelle, L50, F, shiny|100/100
|move|p1a: Euston|Protect|p1a: Euston
|-singleturn|p1a: Euston|Protect
|move|p2a: Archaludon|Protect||[still]
|-fail|p2a: Archaludon
|
|-weather|Snowscape|[upkeep]
|-heal|p1a: Euston|64/100|[from] Grassy Terrain
|upkeep
|turn|3
|inactive|hexagonfoot has 30 seconds left.
|inactive|AgentPotato69 has 30 seconds left.
|inactive|AgentPotato69 has 20 seconds left.
|
|t:|1757828229
|switch|p2a: Kingdra|Kingdra, L50, F, shiny|21/100
|-terastallize|p1a: Euston|Ghost
|move|p1a: Euston|Dire Claw|p2b: Gothitelle
|-damage|p2b: Gothitelle|63/100
|move|p1b: Hampstead Heath|Drum Beating|p2b: Gothitelle
|-damage|p2b: Gothitelle|19/100
|-unboost|p2b: Gothitelle|spe|1
|move|p2b: Gothitelle|Psychic|p1a: Euston
|-damage|p1a: Euston|27/100
|
|-weather|Snowscape|[upkeep]
|-heal|p1a: Euston|33/100|[from] Grassy Terrain
|-heal|p2a: Kingdra|27/100|[from] Grassy Terrain
|-heal|p2b: Gothitelle|25/100|[from] Grassy Terrain
|-heal|p2b: Gothitelle|31/100|[from] item: Leftovers
|upkeep
|turn|4
|
|t:|1757828253
|switch|p2b: Politoed|Politoed, L50, M, shiny|100/100
|-weather|RainDance|[from] ability: Drizzle|[of] p2b: Politoed
|move|p1a: Euston|Protect|p1a: Euston
|-singleturn|p1a: Euston|Protect
|move|p2a: Kingdra|Muddy Water|p1a: Euston|[spread] p1b
|-activate|p1a: Euston|move: Protect
|-resisted|p1b: Hampstead Heath
|-damage|p1b: Hampstead Heath|78/100
|-damage|p2a: Kingdra|17/100|[from] item: Life Orb
|move|p1b: Hampstead Heath|Drum Beating|p2a: Kingdra
|-damage|p2a: Kingdra|0 fnt
|faint|p2a: Kingdra
|
|-weather|RainDance|[upkeep]
|-heal|p1a: Euston|39/100|[from] Grassy Terrain
|-heal|p1b: Hampstead Heath|84/100|[from] Grassy Terrain
|upkeep
|
|t:|1757828264
|switch|p2a: Archaludon|Archaludon, L50, F, shiny|100/100
|turn|5
|
|t:|1757828281
|switch|p1a: Canada Water|Ninetales-Alola, L50, F|54/100
|-weather|Snowscape|[from] ability: Snow Warning|[of] p1a: Canada Water
|switch|p2b: Gothitelle|Gothitelle, L50, F, shiny|31/100
|move|p2a: Archaludon|Electro Shot||[still]
|-prepare|p2a: Archaludon|Electro Shot
|-boost|p2a: Archaludon|spa|1
|-enditem|p2a: Archaludon|Power Herb
|-anim|p2a: Archaludon|Electro Shot|p1a: Canada Water
|-damage|p1a: Canada Water|0 fnt
|faint|p1a: Canada Water
|move|p1b: Hampstead Heath|Drum Beating|p2b: Gothitelle
|-damage|p2b: Gothitelle|0 fnt
|faint|p2b: Gothitelle
|
|-weather|Snowscape|[upkeep]
|-heal|p1b: Hampstead Heath|89/100|[from] Grassy Terrain
|upkeep
|inactive|hexagonfoot has 30 seconds left.
|
|t:|1757828309
|switch|p1a: Silver Street|Gholdengo, L50|100/100
|switch|p2b: Politoed|Politoed, L50, M, shiny|100/100
|-weather|RainDance|[from] ability: Drizzle|[of] p2b: Politoed
|-enditem|p1a: Silver Street|Grassy Seed
|-boost|p1a: Silver Street|def|1|[from] item: Grassy Seed
|turn|6
|inactive|AgentPotato69 has 30 seconds left.
|inactive|AgentPotato69 has 20 seconds left.
|inactive|AgentPotato69 has 15 seconds left.
|
|t:|1757828353
|move|p1b: Hampstead Heath|Drum Beating|p2b: Politoed
|-supereffective|p2b: Politoed
|-damage|p2b: Politoed|0 fnt
|faint|p2b: Politoed
|move|p2a: Archaludon|Electro Shot||[still]
|-prepare|p2a: Archaludon|Electro Shot
|-boost|p2a: Archaludon|spa|1
|-anim|p2a: Archaludon|Electro Shot|p1b: Hampstead Heath
|-resisted|p1b: Hampstead Heath
|-damage|p1b: Hampstead Heath|56/100
|move|p1a: Silver Street|Shadow Ball|p2a: Archaludon
|-damage|p2a: Archaludon|44/100
|
|-weather|RainDance|[upkeep]
|-heal|p1b: Hampstead Heath|61/100|[from] Grassy Terrain
|-heal|p2a: Archaludon|50/100|[from] Grassy Terrain
|-fieldend|move: Grassy Terrain
|upkeep
|turn|7
|inactive|AgentPotato69 has 30 seconds left.
|
|t:|1757828381
|move|p1b: Hampstead Heath|High Horsepower|p2a: Archaludon
|-supereffective|p2a: Archaludon
|-damage|p2a: Archaludon|0 fnt
|faint|p2a: Archaludon
|
|win|hexagonfoot
|raw|hexagonfoot's rating: 1148 → 1170(+22 for winning)
|raw|AgentPotato69's rating: 1108 → 1086(-22 for losing)
|l|☆AgentPotato69
|player|p2|
