|j|☆ScrewSalesman
|j|☆chupete goat
|html|ScrewSalesmanchupete goat    
|uhtml|bestof|Game 3 of a best-of-3
|t:|1756439390
|gametype|doubles
|player|p1|ScrewSalesman|cynthia-gen4|1143
|player|p2|chupete goat|steven|1138
|gen|9
|tier|[Gen 9] VGC 2025 Reg H (Bo3)
|rated|
|rule|Species Clause: Limit one of each Pokémon
|rule|Item Clause: Limit 1 of each item
|clearpoke
|poke|p1|Porygon2, L50|
|poke|p1|Incineroar, L50, M|
|poke|p1|Ursaluna, L50, M|
|poke|p1|Jumpluff, L50, M|
|poke|p1|Charizard, L50, F|
|poke|p1|Torkoal, L50, F|
|poke|p2|Grimmsnarl, L50, M|
|poke|p2|Archaludon, L50, F|
|poke|p2|Sinistcha, L50|
|poke|p2|Pelipper, L50, F|
|poke|p2|Maushold, L50|
|poke|p2|Annihilape, L50, M|
|teampreview|4
|showteam|p1|Porygon2||Eviolite|Download|TeraBlast,IceBeam,TrickRoom,Recover||||||50|,,,,,Fighting]Incineroar||SitrusBerry|Intimidate|FakeOut,KnockOff,FlareBlitz,PartingShot|||M|||50|,,,,,Ghost]Ursaluna||FlameOrb|Guts|HeadlongRush,Facade,Earthquake,Protect|||M|||50|,,,,,Ghost]Jumpluff||CovertCloak|Chlorophyll|RagePowder,PollenPuff,Tailwind,SleepPowder|||M|||50|,,,,,Water]Charizard||ChoiceSpecs|SolarPower|HeatWave,Overheat,WeatherBall,DragonPulse|||F|||50|,,,,,Ghost]Torkoal||EjectPack|Drought|Overheat,Eruption,HelpingHand,Protect|||F|||50|,,,,,Fire
|showteam|p2|Grimmsnarl||LightClay|Prankster|SpiritBreak,ThunderWave,Reflect,LightScreen|||M|||50|,,,,,Ghost]Archaludon||AssaultVest|Stamina|ElectroShot,FlashCannon,BodyPress,Snarl|||F|||50|,,,,,Grass]Sinistcha||SitrusBerry|Hospitality|MatchaGotcha,LifeDew,RagePowder,TrickRoom||||||50|,,,,,Dark]Pelipper||FocusSash|Drizzle|Hurricane,WeatherBall,Tailwind,Protect|||F|||50|,,,,,Ghost]Maushold||SafetyGoggles|FriendGuard|BeatUp,Taunt,FollowMe,Protect||||||50|,,,,,Ghost]Annihilape||Leftovers|Defiant|DrainPunch,RageFist,BulkUp,Protect|||M|||50|,,,,,Water
|inactive|Battle timer is ON: inactive players will automatically lose when time's up. (requested by ScrewSalesman)
|
|t:|1756439407
|teamsize|p1|4
|teamsize|p2|4
|start
|switch|p1a: Charizard|Charizard, L50, F, shiny|100/100
|switch|p1b: Jumpluff|Jumpluff, L50, M|100/100
|switch|p2a: Maushold|Maushold, L50|100/100
|switch|p2b: Annihilape|Annihilape, L50, M|100/100
|turn|1
|inactive|ScrewSalesman has 30 seconds left.
|
|t:|1756439437
|switch|p1b: Torkoal|Torkoal, L50, F|100/100
|-weather|SunnyDay|[from] ability: Drought|[of] p1b: Torkoal
|move|p2a: Maushold|Beat Up|p2b: Annihilape
|-damage|p2b: Annihilape|99/100
|-damage|p2b: Annihilape|96/100
|-damage|p2b: Annihilape|94/100
|-damage|p2b: Annihilape|92/100
|-hitcount|p2b: Annihilape|4
|move|p1a: Charizard|Dragon Pulse|p2b: Annihilape
|-damage|p2b: Annihilape|54/100
|move|p2b: Annihilape|Rage Fist|p1b: Torkoal
|-damage|p1b: Torkoal|15/100
|
|-weather|SunnyDay|[upkeep]
|-damage|p1a: Charizard|88/100|[from] ability: Solar Power|[of] p1a: Charizard
|-heal|p2b: Annihilape|60/100|[from] item: Leftovers
|upkeep
|turn|2
|
|t:|1756439460
|switch|p2a: Pelipper|Pelipper, L50, F|100/100
|-weather|RainDance|[from] ability: Drizzle|[of] p2a: Pelipper
|-terastallize|p2b: Annihilape|Water
|move|p1a: Charizard|Dragon Pulse|p2b: Annihilape
|-damage|p2b: Annihilape|27/100
|move|p2b: Annihilape|Rage Fist|p1a: Charizard
|-damage|p1a: Charizard|0 fnt
|faint|p1a: Charizard
|move|p1b: Torkoal|Overheat|p2b: Annihilape
|-resisted|p2b: Annihilape
|-damage|p2b: Annihilape|15/100
|-unboost|p1b: Torkoal|spa|2
|-enditem|p1b: Torkoal|Eject Pack
|
|t:|1756439474
|switch|p1b: Ursaluna|Ursaluna, L50, M|100/100
|
|-weather|RainDance|[upkeep]
|-heal|p2b: Annihilape|21/100|[from] item: Leftovers
|-status|p1b: Ursaluna|brn|[from] item: Flame Orb
|upkeep
|
|t:|1756439481
|switch|p1a: Jumpluff|Jumpluff, L50, M|100/100
|turn|3
|
|t:|1756439493
|switch|p2a: Sinistcha|Sinistcha, L50|100/100
|-heal|p2b: Annihilape|46/100|[from] ability: Hospitality|[of] p2a: Sinistcha
|-terastallize|p1b: Ursaluna|Ghost
|move|p2b: Annihilape|Protect|p2b: Annihilape
|-singleturn|p2b: Annihilape|Protect
|move|p1a: Jumpluff|Tailwind|p1a: Jumpluff
|-sidestart|p1: ScrewSalesman|move: Tailwind
|move|p1b: Ursaluna|Facade|p2b: Annihilape
|-activate|p2b: Annihilape|move: Protect
|
|-weather|RainDance|[upkeep]
|-heal|p2b: Annihilape|52/100|[from] item: Leftovers
|-damage|p1b: Ursaluna|95/100 brn|[from] brn
|upkeep
|turn|4
|inactive|ScrewSalesman has 30 seconds left.
|
|t:|1756439519
|move|p2a: Sinistcha|Rage Powder|p2a: Sinistcha
|-singleturn|p2a: Sinistcha|move: Rage Powder
|move|p1a: Jumpluff|Sleep Powder|p2b: Annihilape
|-status|p2b: Annihilape|slp|[from] move: Sleep Powder
|move|p1b: Ursaluna|Earthquake|p2a: Sinistcha|[spread] p2a,p2b
|-immune|p1a: Jumpluff
|-resisted|p2a: Sinistcha
|-damage|p2a: Sinistcha|70/100
|-damage|p2b: Annihilape|0 fnt
|faint|p2b: Annihilape
|
|-weather|RainDance|[upkeep]
|-damage|p1b: Ursaluna|89/100 brn|[from] brn
|upkeep
|
|t:|1756439529
|switch|p2b: Maushold|Maushold, L50|100/100
|turn|5
|
|t:|1756439546
|move|p1a: Jumpluff|Pollen Puff|p2a: Sinistcha
|-damage|p2a: Sinistcha|61/100
|move|p2b: Maushold|Taunt|p1a: Jumpluff
|-start|p1a: Jumpluff|move: Taunt
|move|p1b: Ursaluna|Earthquake|p2b: Maushold|[spread] p2a,p2b
|-immune|p1a: Jumpluff
|-resisted|p2a: Sinistcha
|-damage|p2a: Sinistcha|39/100
|-damage|p2b: Maushold|13/100
|-enditem|p2a: Sinistcha|Sitrus Berry|[eat]
|-heal|p2a: Sinistcha|64/100|[from] item: Sitrus Berry
|move|p2a: Sinistcha|Matcha Gotcha|p1b: Ursaluna|[spread] p1a,p1b
|-resisted|p1a: Jumpluff
|-damage|p1a: Jumpluff|94/100
|-heal|p2a: Sinistcha|67/100|[from] drain|[of] p1a: Jumpluff
|-damage|p1b: Ursaluna|65/100 brn
|-heal|p2a: Sinistcha|83/100|[from] drain|[of] p1b: Ursaluna
|
|-weather|RainDance|[upkeep]
|-damage|p1b: Ursaluna|59/100 brn|[from] brn
|upkeep
|turn|6
|inactive|chupete goat has 30 seconds left.
|
|t:|1756439580
|switch|p2b: Pelipper|Pelipper, L50, F|100/100
|move|p1a: Jumpluff|Pollen Puff|p1b: Ursaluna
|-heal|p1b: Ursaluna|100/100 brn
|move|p1b: Ursaluna|Earthquake|p2b: Pelipper|[spread] p2a
|-immune|p1a: Jumpluff
|-immune|p2b: Pelipper
|-resisted|p2a: Sinistcha
|-damage|p2a: Sinistcha|52/100
|move|p2a: Sinistcha|Matcha Gotcha|p1b: Ursaluna|[spread] p1a,p1b
|-resisted|p1a: Jumpluff
|-damage|p1a: Jumpluff|88/100
|-heal|p2a: Sinistcha|55/100|[from] drain|[of] p1a: Jumpluff
|-damage|p1b: Ursaluna|79/100 brn
|-heal|p2a: Sinistcha|68/100|[from] drain|[of] p1b: Ursaluna
|
|-weather|none
|-damage|p1b: Ursaluna|73/100 brn|[from] brn
|-sideend|p1: ScrewSalesman|move: Tailwind
|upkeep
|turn|7
|
|t:|1756439600
|move|p1a: Jumpluff|Pollen Puff|p1b: Ursaluna
|-heal|p1b: Ursaluna|100/100 brn
|move|p2b: Pelipper|Weather Ball|p1b: Ursaluna
|-immune|p1b: Ursaluna
|move|p2a: Sinistcha|Matcha Gotcha|p1b: Ursaluna|[spread] p1a,p1b
|-resisted|p1a: Jumpluff
|-damage|p1a: Jumpluff|82/100
|-heal|p2a: Sinistcha|72/100|[from] drain|[of] p1a: Jumpluff
|-damage|p1b: Ursaluna|76/100 brn
|-heal|p2a: Sinistcha|87/100|[from] drain|[of] p1b: Ursaluna
|move|p1b: Ursaluna|Facade|p2b: Pelipper
|-enditem|p2b: Pelipper|Focus Sash
|-damage|p2b: Pelipper|1/100
|
|-damage|p1b: Ursaluna|70/100 brn|[from] brn
|upkeep
|turn|8
|
|t:|1756439622
|switch|p2b: Maushold|Maushold, L50|13/100
|move|p1a: Jumpluff|Pollen Puff|p2b: Maushold
|-damage|p2b: Maushold|0 fnt
|faint|p2b: Maushold
|move|p2a: Sinistcha|Matcha Gotcha|p1b: Ursaluna|[spread] p1a,p1b
|-resisted|p1a: Jumpluff
|-damage|p1a: Jumpluff|75/100
|-heal|p2a: Sinistcha|90/100|[from] drain|[of] p1a: Jumpluff
|-damage|p1b: Ursaluna|49/100 brn
|-heal|p2a: Sinistcha|100/100|[from] drain|[of] p1b: Ursaluna
|move|p1b: Ursaluna|Earthquake|p2a: Sinistcha|[spread] p2a
|-immune|p1a: Jumpluff
|-resisted|p2a: Sinistcha
|-damage|p2a: Sinistcha|70/100
|
|-damage|p1b: Ursaluna|43/100 brn|[from] brn
|-end|p1a: Jumpluff|move: Taunt
|upkeep
|
|t:|1756439628
|switch|p2b: Pelipper|Pelipper, L50, F|1/100
|-weather|RainDance|[from] ability: Drizzle|[of] p2b: Pelipper
|turn|9
|
|t:|1756439649
|move|p1b: Ursaluna|Protect|p1b: Ursaluna
|-singleturn|p1b: Ursaluna|Protect
|move|p1a: Jumpluff|Pollen Puff|p2b: Pelipper
|-resisted|p2b: Pelipper
|-damage|p2b: Pelipper|0 fnt
|faint|p2b: Pelipper
|move|p2a: Sinistcha|Life Dew|p2a: Sinistcha
|-heal|p2a: Sinistcha|95/100
|
|-weather|RainDance|[upkeep]
|-damage|p1b: Ursaluna|37/100 brn|[from] brn
|upkeep
|turn|10
|inactive|chupete goat has 30 seconds left.
|l|☆chupete goat
|inactive|chupete goat disconnected and has a minute to reconnect!
|player|p2|
|inactive|chupete goat has 20 seconds left.
|inactive|chupete goat has 15 seconds left.
|inactive|chupete goat has 10 seconds left.
|inactive|chupete goat has 5 seconds left.
|-message|chupete goat lost due to inactivity.
|
|win|ScrewSalesman
|raw|ScrewSalesman's rating: 1143 → 1168(+25 for winning)
|raw|chupete goat's rating: 1138 → 1113(-25 for losing)
