|j|☆wpnxemcail
|j|☆kokomiiiii
|html|wpnxemcailkokomiiiii    
|uhtml|bestof|Game 3 of a best-of-3
|t:|1757738978
|gametype|doubles
|player|p1|wpnxemcail|1|1070
|player|p2|kokomiiiii|lillie-masters|1059
|gen|9
|tier|[Gen 9] VGC 2025 Reg H (Bo3)
|rated|
|rule|Species Clause: Limit one of each Pokémon
|rule|Item Clause: Limit 1 of each item
|clearpoke
|poke|p1|Typhlosion-Hisui, L50, M|
|poke|p1|Dragapult, L50, F|
|poke|p1|Whimsicott, L50, F|
|poke|p1|Torkoal, L50, F|
|poke|p1|Lilligant-Hisui, L50, F|
|poke|p1|Indeedee, L50, M|
|poke|p2|Dragonite, L50, M|
|poke|p2|Sneasler, L50, F|
|poke|p2|Rillaboom, L50, M|
|poke|p2|Volcarona, L50, M|
|poke|p2|Ninetales-Alola, L50, F|
|poke|p2|Incineroar, L50, M|
|teampreview|4
|showteam|p1|Typhlosion-Hisui||ChoiceSpecs|Blaze|Eruption,ShadowBall,Overheat,HeatWave|||M|||50|,,,,,Fire]Dragapult||ChoiceBand|ClearBody|DragonDarts,Uturn,TeraBlast,PhantomForce|||F|||50|,,,,,Fairy]Whimsicott||CovertCloak|Prankster|Tailwind,Encore,SunnyDay,Moonblast|||F|||50|,,,,,Water]Torkoal||Charcoal|Drought|Eruption,Overheat,Protect,EarthPower|||F|||50|,,,,,Fire]Lilligant-Hisui||FocusSash|Chlorophyll|CloseCombat,LeafBlade,AfterYou,SleepPowder|||F|||50|,,,,,Ghost]Indeedee||MindPlate|PsychicSurge|Imprison,ExpandingForce,TrickRoom,HelpingHand|||M|||50|,,,,,Psychic
|showteam|p2|Dragonite||LoadedDice|Multiscale|ScaleShot,StompingTantrum,Haze,Protect|||M|||50|,,,,,Fairy]Sneasler||FocusSash|Unburden|FakeOut,Coaching,CloseCombat,DireClaw|||F|||50|,,,,,Stellar]Rillaboom||AssaultVest|GrassySurge|FakeOut,WoodHammer,HighHorsepower,GrassyGlide|||M|||50|,,,,,Fire]Volcarona||Leftovers|FlameBody|HeatWave,TeraBlast,QuiverDance,Protect|||M|||50|,,,,,Fairy]Ninetales-Alola||CovertCloak|SnowWarning|IcyWind,AuroraVeil,Blizzard,Encore|||F|||50|,,,,,Water]Incineroar||SafetyGoggles|Intimidate|FakeOut,KnockOff,FlareBlitz,PartingShot|||M|||50|,,,,,Ghost
|
|t:|1757739024
|teamsize|p1|4
|teamsize|p2|4
|start
|switch|p1a: Dragapult|Dragapult, L50, F, shiny|100/100
|switch|p1b: Typhlosion|Typhlosion-Hisui, L50, M, shiny|100/100
|switch|p2a: Dragonite|Dragonite, L50, M, shiny|100/100
|switch|p2b: Volcarona|Volcarona, L50, M, shiny|100/100
|turn|1
|
|t:|1757739051
|switch|p1b: Whimsicott|Whimsicott, L50, F, shiny|100/100
|-terastallize|p2a: Dragonite|Fairy
|move|p2b: Volcarona|Protect|p2b: Volcarona
|-singleturn|p2b: Volcarona|Protect
|move|p1a: Dragapult|U-turn|p2b: Volcarona
|-activate|p2b: Volcarona|move: Protect
|move|p2a: Dragonite|Scale Shot|p1b: Whimsicott
|-immune|p1b: Whimsicott
|
|upkeep
|turn|2
|
|t:|1757739065
|move|p1b: Whimsicott|Tailwind|p1b: Whimsicott
|-sidestart|p1: wpnxemcail|move: Tailwind
|move|p1a: Dragapult|U-turn|p2b: Volcarona
|-resisted|p2b: Volcarona
|-damage|p2b: Volcarona|78/100
|
|t:|1757739070
|switch|p1a: Torkoal|Torkoal, L50, F|100/100|[from] U-turn
|-weather|SunnyDay|[from] ability: Drought|[of] p1a: Torkoal
|move|p2b: Volcarona|Heat Wave|p1a: Torkoal|[spread] p1a,p1b
|-resisted|p1a: Torkoal
|-supereffective|p1b: Whimsicott
|-damage|p1a: Torkoal|68/100
|-damage|p1b: Whimsicott|0 fnt
|faint|p1b: Whimsicott
|move|p2a: Dragonite|Scale Shot|p1a: Torkoal
|-damage|p1a: Torkoal|54/100
|-damage|p1a: Torkoal|41/100
|-damage|p1a: Torkoal|28/100
|-damage|p1a: Torkoal|15/100
|-damage|p1a: Torkoal|2/100
|-hitcount|p1a: Torkoal|5
|-unboost|p2a: Dragonite|def|1
|-boost|p2a: Dragonite|spe|1
|
|-weather|SunnyDay|[upkeep]
|-heal|p2b: Volcarona|84/100|[from] item: Leftovers
|upkeep
|
|t:|1757739088
|switch|p1b: Typhlosion|Typhlosion-Hisui, L50, M, shiny|100/100
|turn|3
|
|t:|1757739097
|switch|p2b: Midcineroar|Incineroar, L50, M, shiny|100/100
|-ability|p2b: Midcineroar|Intimidate|boost
|-unboost|p1a: Torkoal|atk|1
|-unboost|p1b: Typhlosion|atk|1
|-terastallize|p1b: Typhlosion|Fire
|move|p2a: Dragonite|Protect|p2a: Dragonite
|-singleturn|p2a: Dragonite|Protect
|move|p1a: Torkoal|Protect|p1a: Torkoal
|-singleturn|p1a: Torkoal|Protect
|move|p1b: Typhlosion|Eruption|p2a: Dragonite|[spread] p2b
|-activate|p2a: Dragonite|move: Protect
|-resisted|p2b: Midcineroar
|-damage|p2b: Midcineroar|37/100
|
|-weather|SunnyDay|[upkeep]
|upkeep
|turn|4
|
|t:|1757739119
|switch|p1b: Dragapult|Dragapult, L50, F, shiny|100/100
|move|p2b: Midcineroar|Fake Out|p1b: Dragapult
|-immune|p1b: Dragapult
|move|p2a: Dragonite|Scale Shot|p1b: Dragapult
|-supereffective|p1b: Dragapult
|-damage|p1b: Dragapult|63/100
|-supereffective|p1b: Dragapult
|-damage|p1b: Dragapult|25/100
|-supereffective|p1b: Dragapult
|-damage|p1b: Dragapult|0 fnt
|faint|p1b: Dragapult
|-hitcount|p1: Dragapult|3
|-unboost|p2a: Dragonite|def|1
|-boost|p2a: Dragonite|spe|1
|move|p1a: Torkoal|Earth Power|p2b: Midcineroar
|-supereffective|p2b: Midcineroar
|-damage|p2b: Midcineroar|0 fnt
|faint|p2b: Midcineroar
|
|-weather|SunnyDay|[upkeep]
|upkeep
|
|t:|1757739139
|switch|p1b: Typhlosion|Typhlosion-Hisui, L50, M, shiny, tera:Fire|100/100
|switch|p2b: Sneasler|Sneasler, L50, F, shiny|100/100
|turn|5
|
|t:|1757739149
|move|p2b: Sneasler|Fake Out|p1b: Typhlosion
|-damage|p1b: Typhlosion|81/100
|cant|p1b: Typhlosion|flinch
|move|p2a: Dragonite|Scale Shot|p1a: Torkoal
|-damage|p1a: Torkoal|0 fnt
|faint|p1a: Torkoal
|-hitcount|p1: Torkoal|1
|-unboost|p2a: Dragonite|def|1
|-boost|p2a: Dragonite|spe|1
|
|-weather|SunnyDay|[upkeep]
|-sideend|p1: wpnxemcail|move: Tailwind
|upkeep
|turn|6
|
|t:|1757739164
|move|p2a: Dragonite|Stomping Tantrum|p1b: Typhlosion
|-supereffective|p1b: Typhlosion
|-damage|p1b: Typhlosion|0 fnt
|faint|p1b: Typhlosion
|
|win|kokomiiiii
|raw|wpnxemcail's rating: 1070 → 1049(-21 for losing)
|raw|kokomiiiii's rating: 1059 → 1091(+32 for winning)
