|j|☆mousse Maracuja
|j|☆sorecruiser
|html|mousse Maracujasorecruiser    
|uhtml|bestof|Game 3 of a best-of-3
|t:|1757121262
|gametype|doubles
|player|p1|mousse Maracuja|265|1224
|player|p2|sorecruiser|furisodegirl-black|1114
|gen|9
|tier|[Gen 9] VGC 2025 Reg H (Bo3)
|rated|
|rule|Species Clause: Limit one of each Pokémon
|rule|Item Clause: Limit 1 of each item
|clearpoke
|poke|p1|Gastrodon-East, L50, M|
|poke|p1|Incineroar, L50, M|
|poke|p1|Sneasler, L50, F|
|poke|p1|Dragonite, L50, M|
|poke|p1|Gholdengo, L50|
|poke|p1|Rillaboom, L50, M|
|poke|p2|Gholdengo, L50|
|poke|p2|Whimsicott, L50, F|
|poke|p2|Sneasler, L50, F|
|poke|p2|Basculegion, L50, M|
|poke|p2|Hydreigon, L50, F|
|poke|p2|Magmar, L50, M|
|teampreview|4
|showteam|p1|Gastrodon-East||CovertCloak|StormDrain|IceBeam,EarthPower,Recover,Protect|||M|||50|,,,,,Fairy]Incineroar||AssaultVest|Intimidate|FlareBlitz,KnockOff,Uturn,FakeOut|||M|||50|,,,,,Ghost]Sneasler||FocusSash|PoisonTouch|DireClaw,CloseCombat,Coaching,Protect|||F|||50|,,,,,Ghost]Dragonite||LoadedDice|Multiscale|ScaleShot,ExtremeSpeed,Haze,Protect|||M|||50|,,,,,Fairy]Gholdengo||LifeOrb|GoodasGold|MakeItRain,ShadowBall,NastyPlot,Protect||||||50|,,,,,Water]Rillaboom||MiracleSeed|GrassySurge|WoodHammer,GrassyGlide,HighHorsepower,Protect|||M|||50|,,,,,Fire
|showteam|p2|Gholdengo||MetalCoat|GoodasGold|MakeItRain,ShadowBall,NastyPlot,Protect||||||50|,,,,,Steel]Whimsicott||CovertCloak|Prankster|Tailwind,Encore,FakeTears,Moonblast|||F|||50|,,,,,Dark]Sneasler||FocusSash|PoisonTouch|Protect,CloseCombat,DireClaw,ThroatChop|||F|||50|,,,,,Dark]Basculegion||ChoiceScarf|Adaptability|LastRespects,WaveCrash,AquaJet,FlipTurn|||M|||50|,,,,,Ghost]Hydreigon||ChoiceSpecs|Levitate|DarkPulse,DracoMeteor,Snarl,HeatWave|||F|||50|,,,,,Fire]Magmar||Eviolite|VitalSpirit|Protect,FollowMe,HeatWave,Taunt|||M|||50|,,,,,Ghost
|
|t:|1757121282
|teamsize|p1|4
|teamsize|p2|4
|start
|switch|p1a: Gastrodon|Gastrodon-East, L50, M|100/100
|switch|p1b: Incineroar|Incineroar, L50, M|100/100
|switch|p2a: Sneasler|Sneasler, L50, F|100/100
|switch|p2b: Hydreigon|Hydreigon, L50, F|100/100
|-ability|p1b: Incineroar|Intimidate|boost
|-unboost|p2a: Sneasler|atk|1
|-unboost|p2b: Hydreigon|atk|1
|turn|1
|
|t:|1757121319
|-terastallize|p2b: Hydreigon|Fire
|move|p2a: Sneasler|Protect|p2a: Sneasler
|-singleturn|p2a: Sneasler|Protect
|move|p1a: Gastrodon|Protect|p1a: Gastrodon
|-singleturn|p1a: Gastrodon|Protect
|move|p2b: Hydreigon|Snarl|p1b: Incineroar|[spread] p1b
|-activate|p1a: Gastrodon|move: Protect
|-resisted|p1b: Incineroar
|-damage|p1b: Incineroar|89/100
|-unboost|p1b: Incineroar|spa|1
|move|p1b: Incineroar|U-turn|p2a: Sneasler
|-activate|p2a: Sneasler|move: Protect
|
|upkeep
|turn|2
|
|t:|1757121337
|-terastallize|p1b: Incineroar|Ghost
|move|p2a: Sneasler|Close Combat|p1b: Incineroar
|-immune|p1b: Incineroar
|move|p2b: Hydreigon|Snarl|p1a: Gastrodon|[spread] p1a,p1b
|-supereffective|p1b: Incineroar
|-damage|p1a: Gastrodon|72/100
|-damage|p1b: Incineroar|49/100
|-unboost|p1b: Incineroar|spa|1
|move|p1b: Incineroar|U-turn|p2a: Sneasler
|-resisted|p2a: Sneasler
|-damage|p2a: Sneasler|91/100
|
|t:|1757121350
|switch|p1b: Dragonite|Dragonite, L50, M|100/100|[from] U-turn
|move|p1a: Gastrodon|Earth Power|p2a: Sneasler
|-supereffective|p2a: Sneasler
|-damage|p2a: Sneasler|4/100
|
|upkeep
|turn|3
|
|t:|1757121363
|move|p1b: Dragonite|Extreme Speed|p2a: Sneasler
|-damage|p2a: Sneasler|0 fnt
|faint|p2a: Sneasler
|move|p2b: Hydreigon|Snarl|p1b: Dragonite|[spread] p1a,p1b
|-damage|p1a: Gastrodon|44/100
|-damage|p1b: Dragonite|83/100
|-unboost|p1b: Dragonite|spa|1
|move|p1a: Gastrodon|Earth Power|p2b: Hydreigon
|-immune|p2b: Hydreigon|[from] ability: Levitate
|
|upkeep
|
|t:|1757121381
|switch|p2a: Basculegion|Basculegion, L50, M|100/100
|turn|4
|
|t:|1757121395
|move|p1b: Dragonite|Protect|p1b: Dragonite
|-singleturn|p1b: Dragonite|Protect
|move|p2a: Basculegion|Last Respects|p1b: Dragonite
|-activate|p1b: Dragonite|move: Protect
|move|p2b: Hydreigon|Snarl|p1b: Dragonite|[spread] p1a
|-activate|p1b: Dragonite|move: Protect
|-damage|p1a: Gastrodon|13/100
|move|p1a: Gastrodon|Recover|p1a: Gastrodon
|-heal|p1a: Gastrodon|64/100
|
|upkeep
|turn|5
|
|t:|1757121415
|switch|p1b: Incineroar|Incineroar, L50, M, tera:Ghost|49/100
|-ability|p1b: Incineroar|Intimidate|boost
|-unboost|p2a: Basculegion|atk|1
|-unboost|p2b: Hydreigon|atk|1
|move|p2a: Basculegion|Last Respects|p1b: Incineroar
|-supereffective|p1b: Incineroar
|-damage|p1b: Incineroar|0 fnt
|faint|p1b: Incineroar
|move|p2b: Hydreigon|Snarl|p1a: Gastrodon
|-damage|p1a: Gastrodon|20/100
|move|p1a: Gastrodon|Earth Power|p2a: Basculegion
|-damage|p2a: Basculegion|63/100
|
|upkeep
|
|t:|1757121424
|switch|p1b: Dragonite|Dragonite, L50, M|83/100
|turn|6
|
|t:|1757121430
|move|p2a: Basculegion|Last Respects|p1b: Dragonite
|-damage|p1b: Dragonite|29/100
|move|p2b: Hydreigon|Snarl|p1b: Dragonite|[spread] p1a
|-miss|p2b: Hydreigon|p1b: Dragonite
|-damage|p1a: Gastrodon|0 fnt
|faint|p1a: Gastrodon
|move|p1b: Dragonite|Scale Shot|p2b: Hydreigon|[miss]
|-miss|p1b: Dragonite|p2b: Hydreigon
|
|upkeep
|
|t:|1757121436
|switch|p1a: Sneasler|Sneasler, L50, F|100/100
|turn|7
|-message|mousse Maracuja forfeited.
|
|win|sorecruiser
|raw|mousse Maracuja's rating: 1224 → 1191(-33 for losing)
|raw|sorecruiser's rating: 1114 → 1147(+33 for winning)
|l|☆mousse Maracuja
|player|p1|
