|j|☆joseanfox
|j|☆lettitripppp
|html|joseanfoxlettitripppp    
|uhtml|bestof|Game 1 of a best-of-3
|t:|1783027572
|gametype|doubles
|player|p1|joseanfox|dawn|1114
|player|p2|lettitripppp|lucas|1166
|gen|9
|tier|[Gen 9 Champions] VGC 2026 Reg M-B (Bo3)
|rated|
|rule|Species Clause: Limit one of each Pokémon
|rule|Item Clause: Limit 1 of each item
|clearpoke
|poke|p1|Staraptor, L50, F|
|poke|p1|Sinistcha, L50|
|poke|p1|Archaludon, L50, F|
|poke|p1|Raichu, L50, F|
|poke|p1|Pelipper, L50, M|
|poke|p1|Grimmsnarl, L50, M|
|poke|p2|Charizard, L50, M|
|poke|p2|Floette-Eternal, L50, F|
|poke|p2|Basculegion, L50, M, shiny|
|poke|p2|Garchomp, L50, F|
|poke|p2|Whimsicott, L50, M, shiny|
|poke|p2|Kingambit, L50, M|
|teampreview|4
|showteam|p1|Staraptor||Staraptite|Intimidate|CloseCombat,Roost,Protect,BraveBird|Adamant||F|||50|]Sinistcha||FocusSash|Hospitality|MatchaGotcha,ShadowBall,RagePowder,StrengthSap|Modest|||||50|]Archaludon||QuickClaw|Sturdy|AuraSphere,ElectroShot,FlashCannon,DracoMeteor|Timid||F|||50|]Raichu||RaichuniteX|LightningRod|FakeOut,BrickBreak,VoltTackle,VoltSwitch|Jolly||F|||50|]Pelipper||DampRock|Drizzle|WeatherBall,WideGuard,Hurricane,Tailwind|Serious||M|||50|]Grimmsnarl||LightClay|Prankster|LightScreen,Reflect,PartingShot,SpiritBreak|Relaxed||M|||50|
|showteam|p2|Charizard||CharizarditeY|Blaze|WeatherBall,SolarBeam,HeatWave,Protect|Modest||M|||50|]Floette-Eternal||Floettite|FlowerVeil|DazzlingGleam,LightofRuin,Moonblast,Protect|Timid||F|||50|]Basculegion||MysticWater|Adaptability|LastRespects,WaveCrash,AquaJet,Protect|Adamant||M|||50|]Garchomp||LifeOrb|RoughSkin|DragonClaw,Earthquake,RockSlide,Protect|Jolly||F|||50|]Whimsicott||FocusSash|Prankster|Moonblast,Tailwind,Encore,Protect|Timid||M|||50|]Kingambit||ChopleBerry|Defiant|KowtowCleave,SuckerPunch,IronHead,LowKick|Adamant||M|||50|
|inactive|Battle timer is ON: inactive players will automatically lose when time's up. (requested by lettitripppp)
|inactive|lettitripppp has 60 seconds left.
|
|t:|1783027615
|teamsize|p1|4
|teamsize|p2|4
|start
|switch|p1a: Salchipapa|Archaludon, L50, F|100/100
|switch|p1b: Persida|Raichu, L50, F|100/100
|switch|p2a: RUINOUS LIGHT|Floette-Eternal, L50, F|100/100
|switch|p2b: LETS GO GO|Whimsicott, L50, M, shiny|100/100
|turn|1
|inactive|joseanfox has 30 seconds left.
|inactive|joseanfox has 20 seconds left.
|-activate|p1a: Salchipapa|item: Quick Claw
|
|t:|1783027651
|detailschange|p1b: Persida|Raichu-Mega-X, L50, F
|-mega|p1b: Persida|Raichu|Raichunite X
|-fieldstart|move: Electric Terrain|[from] ability: Electric Surge|[of] p1b: Persida
|move|p2b: LETS GO GO|Protect|p2b: LETS GO GO
|-singleturn|p2b: LETS GO GO|Protect
|move|p2a: RUINOUS LIGHT|Protect|p2a: RUINOUS LIGHT
|-singleturn|p2a: RUINOUS LIGHT|Protect
|move|p1b: Persida|Fake Out|p2a: RUINOUS LIGHT
|-activate|p2a: RUINOUS LIGHT|move: Protect
|move|p1a: Salchipapa|Flash Cannon|p2a: RUINOUS LIGHT
|-activate|p2a: RUINOUS LIGHT|move: Protect
|
|upkeep
|turn|2
|inactive|joseanfox has 30 seconds left.
|
|t:|1783027679
|detailschange|p2a: RUINOUS LIGHT|Floette-Mega, L50, F
|-mega|p2a: RUINOUS LIGHT|Floette|Floettite
|-ability|p2a: RUINOUS LIGHT|Fairy Aura
|move|p2b: LETS GO GO|Moonblast|p1a: Salchipapa
|-damage|p1a: Salchipapa|43/100
|move|p1b: Persida|Volt Switch|p2b: LETS GO GO
|-resisted|p2b: LETS GO GO|1
|-damage|p2b: LETS GO GO|82/100
|
|t:|1783027689
|switch|p1b: Veil|Pelipper, L50, M|100/100|[from] Volt Switch
|-weather|RainDance|[from] ability: Drizzle|[of] p1b: Veil
|move|p2a: RUINOUS LIGHT|Dazzling Gleam|p1a: Salchipapa|[spread] p1a,p1b
|-damage|p1a: Salchipapa|0 fnt
|-damage|p1b: Veil|46/100
|faint|p1a: Salchipapa
|
|-weather|RainDance|[upkeep]
|upkeep
|
|t:|1783027702
|switch|p1a: Mate|Sinistcha, L50|100/100
|-heal|p1b: Veil|70/100|[from] ability: Hospitality|[of] p1a: Mate
|turn|3
|
|t:|1783027718
|move|p1b: Veil|Wide Guard|p1b: Veil
|-singleturn|p1b: Veil|Wide Guard
|move|p2b: LETS GO GO|Moonblast|p1a: Mate
|-damage|p1a: Mate|64/100
|move|p2a: RUINOUS LIGHT|Moonblast|p1b: Veil
|-damage|p1b: Veil|0 fnt
|faint|p1b: Veil
|move|p1a: Mate|Matcha Gotcha|p2a: RUINOUS LIGHT|[spread] p2a,p2b
|-resisted|p2b: LETS GO GO|1
|-damage|p2a: RUINOUS LIGHT|76/100
|-heal|p1a: Mate|74/100|[from] drain|[of] p2a: RUINOUS LIGHT
|-damage|p2b: LETS GO GO|64/100
|-heal|p1a: Mate|81/100|[from] drain|[of] p2b: LETS GO GO
|-status|p2b: LETS GO GO|brn
|
|-weather|RainDance|[upkeep]
|-damage|p2b: LETS GO GO|58/100 brn|[from] brn
|upkeep
|
|t:|1783027739
|switch|p1b: Persida|Raichu-Mega-X, L50, F|100/100
|turn|4
|
|t:|1783027748
|move|p1b: Persida|Fake Out|p2a: RUINOUS LIGHT
|-damage|p2a: RUINOUS LIGHT|57/100
|move|p2b: LETS GO GO|Moonblast|p1b: Persida
|-damage|p1b: Persida|46/100
|cant|p2a: RUINOUS LIGHT|flinch
|move|p1a: Mate|Shadow Ball|p2a: RUINOUS LIGHT
|-damage|p2a: RUINOUS LIGHT|25/100
|
|-weather|RainDance|[upkeep]
|-damage|p2b: LETS GO GO|52/100 brn|[from] brn
|upkeep
|turn|5
|
|t:|1783027773
|move|p2b: LETS GO GO|Tailwind|p2b: LETS GO GO
|-sidestart|p2: lettitripppp|move: Tailwind
|move|p2a: RUINOUS LIGHT|Dazzling Gleam|p1b: Persida|[spread] p1a,p1b
|-crit|p1a: Mate
|-crit|p1b: Persida
|-damage|p1a: Mate|20/100y
|-damage|p1b: Persida|0 fnt
|faint|p1b: Persida
|move|p1a: Mate|Shadow Ball|p2b: LETS GO GO
|-damage|p2b: LETS GO GO|2/100 brn
|-unboost|p2b: LETS GO GO|spd|1
|
|-weather|RainDance|[upkeep]
|-damage|p2b: LETS GO GO|0 fnt|[from] brn
|faint|p2b: LETS GO GO
|-fieldend|move: Electric Terrain
|upkeep
|
|t:|1783027783
|switch|p2b: CRUSH SHARK|Garchomp, L50, F|100/100
|turn|6
|
|t:|1783027792
|move|p2a: RUINOUS LIGHT|Moonblast|p1a: Mate
|-damage|p1a: Mate|0 fnt
|faint|p1a: Mate
|
|win|lettitripppp
