|j|☆NEOLODO
|j|☆Cristante terabug
|html|NEOLODOCristante terabug    
|uhtml|bestof|Game 2 of a best-of-3
|t:|1756394829
|gametype|doubles
|player|p1|NEOLODO|169|1074
|player|p2|Cristante terabug|kieran-champion|1092
|gen|9
|tier|[Gen 9] VGC 2025 Reg H (Bo3)
|rated|
|rule|Species Clause: Limit one of each Pokémon
|rule|Item Clause: Limit 1 of each item
|clearpoke
|poke|p1|Lilligant-Hisui, L50, F|
|poke|p1|Hatterene, L50, F|
|poke|p1|Ursaluna, L50, F|
|poke|p1|Indeedee-F, L50, F|
|poke|p1|Torkoal, L50, F|
|poke|p1|Gallade, L50, M|
|poke|p2|Incineroar, L50, F|
|poke|p2|Pelipper, L50, M|
|poke|p2|Archaludon, L50, M|
|poke|p2|Dragonite, L50, M|
|poke|p2|Sinistcha, L50|
|poke|p2|Ursaluna, L50, M|
|teampreview|4
|showteam|p1|Lilligant-Hisui||FocusSash|Chlorophyll|TripleAxel,AfterYou,CloseCombat,SleepPowder|||F|||50|,,,,,Ghost]Hatterene||CovertCloak|MagicBounce|DazzlingGleam,ExpandingForce,TrickRoom,MysticalFire|||F|||50|,,,,,Fire]Ursaluna||FlameOrb|Guts|Facade,HeadlongRush,Earthquake,Protect|||F|||50|,,,,,Ghost]Indeedee-F||PsychicSeed|PsychicSurge|Psychic,TrickRoom,HelpingHand,FollowMe|||F|||50|,,,,,Dragon]Torkoal||FlamePlate|Drought|Eruption,WeatherBall,HeatWave,Protect|||F|||50|,,,,,Fire]Gallade||ClearAmulet|Sharpness|PsychoCut,SacredSword,TrickRoom,WideGuard|||M|||50|,,,,,Grass
|showteam|p2|Incineroar||SafetyGoggles|Intimidate|FakeOut,PartingShot,KnockOff,FlareBlitz|||F|||50|,,,,,Flying]Pelipper||FocusSash|Drizzle|Hurricane,MuddyWater,Tailwind,Protect|||M|||50|,,,,,Ghost]Archaludon||AssaultVest|Stamina|ElectroShot,Snarl,FlashCannon,BodyPress|||M|||50|,,,,,Bug]Dragonite||LoadedDice|Multiscale|ScaleShot,Tailwind,Haze,Protect|||M|||50|,,,,,Fairy]Sinistcha||SitrusBerry|Hospitality|MatchaGotcha,RagePowder,LifeDew,TrickRoom||||||50|,,,,,Dark]Ursaluna||FlameOrb|Guts|Earthquake,Facade,HeadlongRush,Protect|||M|||50|,,,,,Ghost
|inactive|Battle timer is ON: inactive players will automatically lose when time's up. (requested by Cristante terabug)
|
|t:|1756394874
|teamsize|p1|4
|teamsize|p2|4
|start
|switch|p1a: Hatterene|Hatterene, L50, F|100/100
|switch|p1b: Gallade|Gallade, L50, M|100/100
|switch|p2a: Sinistcha|Sinistcha, L50, shiny|100/100
|switch|p2b: Ursaluna|Ursaluna, L50, M|100/100
|turn|1
|
|t:|1756394886
|-terastallize|p2b: Ursaluna|Ghost
|move|p1b: Gallade|Wide Guard|p1b: Gallade
|-singleturn|p1b: Gallade|Wide Guard
|move|p2b: Ursaluna|Headlong Rush|p1a: Hatterene
|-damage|p1a: Hatterene|19/100
|-unboost|p2b: Ursaluna|def|1
|-unboost|p2b: Ursaluna|spd|1
|move|p2a: Sinistcha|Matcha Gotcha|p1b: Gallade|[spread] 
|-activate|p1a: Hatterene|move: Wide Guard
|-activate|p1b: Gallade|move: Wide Guard
|move|p1a: Hatterene|Trick Room|p1a: Hatterene
|-fieldstart|move: Trick Room|[of] p1a: Hatterene
|
|-status|p2b: Ursaluna|brn|[from] item: Flame Orb
|upkeep
|turn|2
|inactive|NEOLODO has 30 seconds left.
|inactive|NEOLODO has 20 seconds left.
|inactive|NEOLODO has 15 seconds left.
|inactive|NEOLODO has 10 seconds left.
|inactive|NEOLODO has 5 seconds left.
|
|t:|1756394940
|switch|p2b: Incineroar|Incineroar, L50, F|100/100
|-ability|p2b: Incineroar|Intimidate|boost
|-unboost|p1a: Hatterene|atk|1
|-fail|p1b: Gallade|unboost|[from] item: Clear Amulet|[of] p1b: Gallade
|switch|p1b: Lilligant|Lilligant-Hisui, L50, F|100/100
|move|p1a: Hatterene|Dazzling Gleam|p2a: Sinistcha|[spread] p2a,p2b
|-damage|p2a: Sinistcha|70/100
|-damage|p2b: Incineroar|67/100
|move|p2a: Sinistcha|Matcha Gotcha|p1a: Hatterene|[spread] p1a,p1b
|-resisted|p1b: Lilligant
|-damage|p1a: Hatterene|0 fnt
|-heal|p2a: Sinistcha|79/100|[from] drain|[of] p1a: Hatterene
|-damage|p1b: Lilligant|82/100
|-heal|p2a: Sinistcha|87/100|[from] drain|[of] p1b: Lilligant
|-status|p1b: Lilligant|brn
|faint|p1a: Hatterene
|
|-damage|p1b: Lilligant|76/100 brn|[from] brn
|upkeep
|inactive|NEOLODO has 30 seconds left.
|
|t:|1756394968
|switch|p1a: Gallade|Gallade, L50, M|100/100
|turn|3
|
|t:|1756394981
|move|p2a: Sinistcha|Rage Powder|p2a: Sinistcha
|-singleturn|p2a: Sinistcha|move: Rage Powder
|move|p2b: Incineroar|Flare Blitz|p1b: Lilligant
|-supereffective|p1b: Lilligant
|-damage|p1b: Lilligant|0 fnt
|faint|p1b: Lilligant
|-damage|p2b: Incineroar|49/100|[from] Recoil
|move|p1a: Gallade|Sacred Sword|p2a: Sinistcha
|-immune|p2a: Sinistcha
|
|upkeep
|
|t:|1756394987
|switch|p1b: Ursaluna|Ursaluna, L50, F|100/100
|turn|4
|
|t:|1756394999
|move|p1a: Gallade|Wide Guard|p1a: Gallade
|-singleturn|p1a: Gallade|Wide Guard
|move|p1b: Ursaluna|Earthquake|p2b: Incineroar|[spread] p2a,p2b
|-activate|p1a: Gallade|move: Wide Guard
|-resisted|p2a: Sinistcha
|-supereffective|p2b: Incineroar
|-damage|p2a: Sinistcha|66/100
|-damage|p2b: Incineroar|0 fnt
|faint|p2b: Incineroar
|move|p2a: Sinistcha|Matcha Gotcha|p1b: Ursaluna|[spread] 
|-activate|p1a: Gallade|move: Wide Guard
|-activate|p1b: Ursaluna|move: Wide Guard
|
|-status|p1b: Ursaluna|brn|[from] item: Flame Orb
|upkeep
|
|t:|1756395007
|switch|p2b: Pelipper|Pelipper, L50, M, shiny|100/100
|-weather|RainDance|[from] ability: Drizzle|[of] p2b: Pelipper
|turn|5
|
|t:|1756395028
|move|p2b: Pelipper|Protect|p2b: Pelipper
|-singleturn|p2b: Pelipper|Protect
|move|p1b: Ursaluna|Facade|p2b: Pelipper
|-activate|p2b: Pelipper|move: Protect
|move|p2a: Sinistcha|Matcha Gotcha|p1b: Ursaluna|[spread] p1a,p1b
|-supereffective|p1b: Ursaluna
|-damage|p1a: Gallade|75/100
|-heal|p2a: Sinistcha|78/100|[from] drain|[of] p1a: Gallade
|-damage|p1b: Ursaluna|57/100 brn
|-heal|p2a: Sinistcha|100/100|[from] drain|[of] p1b: Ursaluna
|move|p1a: Gallade|Psycho Cut|p2a: Sinistcha
|-damage|p2a: Sinistcha|46/100
|-enditem|p2a: Sinistcha|Sitrus Berry|[eat]
|-heal|p2a: Sinistcha|71/100|[from] item: Sitrus Berry
|
|-weather|RainDance|[upkeep]
|-damage|p1b: Ursaluna|51/100 brn|[from] brn
|-fieldend|move: Trick Room
|upkeep
|turn|6
|inactive|NEOLODO has 30 seconds left.
|inactive|NEOLODO has 20 seconds left.
|inactive|NEOLODO has 15 seconds left.
|
|t:|1756395070
|move|p2b: Pelipper|Hurricane|p1a: Gallade
|-supereffective|p1a: Gallade
|-damage|p1a: Gallade|0 fnt
|faint|p1a: Gallade
|move|p2a: Sinistcha|Matcha Gotcha|p1b: Ursaluna
|-supereffective|p1b: Ursaluna
|-damage|p1b: Ursaluna|0 fnt
|-heal|p2a: Sinistcha|100/100|[from] drain|[of] p1b: Ursaluna
|faint|p1b: Ursaluna
|
|win|Cristante terabug
|raw|NEOLODO's rating: 1074 → 1054(-20 for losing)
|raw|Cristante terabug's rating: 1092 → 1117(+25 for winning)
