|j|☆samki9
|j|☆AbadanRiyi92
|html|samki9AbadanRiyi92    
|uhtml|bestof|Game 1 of a best-of-3
|t:|1785092294
|gametype|doubles
|player|p1|samki9|102|1247
|player|p2|AbadanRiyi92|colress|1131
|gen|9
|tier|[Gen 9 Champions] VGC 2026 Reg M-B (Bo3)
|rated|
|rule|Species Clause: Limit one of each Pokémon
|rule|Item Clause: Limit 1 of each item
|clearpoke
|poke|p1|Metagross, L50|
|poke|p1|Aerodactyl, L50, M|
|poke|p1|Annihilape, L50, F|
|poke|p1|Garchomp, L50, F|
|poke|p1|Gardevoir, L50, F|
|poke|p1|Incineroar, L50, M|
|poke|p2|Gengar, L50, M, shiny|
|poke|p2|Maushold-Four, L50|
|poke|p2|Annihilape, L50, F|
|poke|p2|Incineroar, L50, M|
|poke|p2|Politoed, L50, M, shiny|
|poke|p2|Archaludon, L50, M|
|teampreview|4
|showteam|p1|Metagross||Metagrossite|ClearBody|IronHead,BulletPunch,PsychicFangs,Protect|Adamant|||||50|]Aerodactyl||Aerodactylite|Unnerve|RockSlide,DualWingbeat,IceFang,Tailwind|Jolly||M|||50|]Annihilape||FocusSash|Defiant|CloseCombat,PhantomForce,Taunt,Coaching|Jolly||F|||50|]Garchomp||LifeOrb|RoughSkin|DragonClaw,Earthquake,StompingTantrum,Protect|Jolly||F|||50|]Gardevoir||ChoiceScarf|Telepathy|Moonblast,DazzlingGleam,Psychic,IcyWind|Timid||F|||50|]Incineroar||SitrusBerry|Intimidate|FakeOut,PartingShot,FlareBlitz,HelpingHand|Careful||M|||50|
|showteam|p2|Gengar||Gengarite|CursedBody|ShadowBall,Disable,PerishSong,Protect|Timid||M|||50|]Maushold-Four||FocusSash|FriendGuard|FollowMe,Encore,BeatUp,Protect|Jolly|||||50|]Annihilape||RoseliBerry|Defiant|RageFist,DrainPunch,BulkUp,Protect|Adamant||F|||50|]Incineroar||PasshoBerry|Intimidate|PartingShot,ThroatChop,Protect,FakeOut|Sassy||M|||50|]Politoed||SitrusBerry|Drizzle|WeatherBall,Encore,PerishSong,Protect|Calm||M|||50|]Archaludon||Leftovers|Stamina|DragonPulse,FlashCannon,ElectroShot,Protect|Bold||M|||50|
|inactive|Battle timer is ON: inactive players will automatically lose when time's up. (requested by AbadanRiyi92)
|
|t:|1785092357
|teamsize|p1|4
|teamsize|p2|4
|start
|switch|p1a: Annihilape|Annihilape, L50, F|100/100
|switch|p1b: Garchomp|Garchomp, L50, F|100/100
|switch|p2a: Gengar|Gengar, L50, M, shiny|100/100
|switch|p2b: Maushold|Maushold-Four, L50|100/100
|turn|1
|
|t:|1785092374
|switch|p1b: Aerodactyl|Aerodactyl, L50, M|100/100
|-ability|p1b: Aerodactyl|Unnerve
|detailschange|p2a: Gengar|Gengar-Mega, L50, M, shiny
|-mega|p2a: Gengar|Gengar|Gengarite
|move|p2b: Maushold|Follow Me|p2b: Maushold
|-singleturn|p2b: Maushold|move: Follow Me
|move|p2a: Gengar|Perish Song|p2a: Gengar
|-start|p1a: Annihilape|perish3|[silent]
|-start|p1b: Aerodactyl|perish3|[silent]
|-start|p2a: Gengar|perish3|[silent]
|-start|p2b: Maushold|perish3|[silent]
|-fieldactivate|move: Perish Song
|move|p1a: Annihilape|Phantom Force||[still]
|-prepare|p1a: Annihilape|Phantom Force
|
|-start|p1b: Aerodactyl|perish3
|-start|p2b: Maushold|perish3
|-start|p2a: Gengar|perish3
|-start|p1a: Annihilape|perish3
|upkeep
|turn|2
|
|t:|1785092394
|detailschange|p1b: Aerodactyl|Aerodactyl-Mega, L50, M
|-mega|p1b: Aerodactyl|Aerodactyl|Aerodactylite
|move|p2b: Maushold|Follow Me|p2b: Maushold
|-singleturn|p2b: Maushold|move: Follow Me
|move|p1b: Aerodactyl|Rock Slide|p2a: Gengar|[spread] p2a,p2b
|-damage|p2a: Gengar|72/100
|-damage|p2b: Maushold|61/100
|move|p2a: Gengar|Shadow Ball|p1a: Annihilape|[miss]
|-miss|p2a: Gengar|p1a: Annihilape
|move|p1a: Annihilape|Phantom Force|p2b: Maushold|[from] lockedmove
|-immune|p2b: Maushold
|
|-start|p1b: Aerodactyl|perish2
|-start|p2b: Maushold|perish2
|-start|p2a: Gengar|perish2
|-start|p1a: Annihilape|perish2
|upkeep
|turn|3
|inactive|AbadanRiyi92 has 30 seconds left.
|
|t:|1785092428
|switch|p2a: Archaludon|Archaludon, L50, M|100/100
|switch|p1a: Garchomp|Garchomp, L50, F|100/100
|move|p2b: Maushold|Protect|p2b: Maushold
|-singleturn|p2b: Maushold|Protect
|move|p1b: Aerodactyl|Dual Wingbeat|p2b: Maushold
|-activate|p2b: Maushold|move: Protect
|
|-start|p1b: Aerodactyl|perish1
|-start|p2b: Maushold|perish1
|upkeep
|turn|4
|inactive|AbadanRiyi92 has 30 seconds left.
|
|t:|1785092456
|switch|p1b: Gardevoir|Gardevoir, L50, F|100/100
|move|p2b: Maushold|Encore||[still]
|-fail|p2b: Maushold
|move|p1a: Garchomp|Earthquake|p2a: Archaludon|[spread] p2a,p2b
|-activate|p1b: Gardevoir|ability: Telepathy
|-supereffective|p2a: Archaludon|1
|-damage|p2a: Archaludon|54/100
|-damage|p2b: Maushold|0 fnt
|-ability|p2a: Archaludon|Stamina|boost
|-boost|p2a: Archaludon|def|1
|faint|p2b: Maushold
|-damage|p1a: Garchomp|90/100|[from] item: Life Orb
|move|p2a: Archaludon|Dragon Pulse|p1a: Garchomp
|-supereffective|p1a: Garchomp|1
|-damage|p1a: Garchomp|9/100
|
|-heal|p2a: Archaludon|60/100|[from] item: Leftovers
|upkeep
|
|t:|1785092475
|switch|p2b: Gengar|Gengar-Mega, L50, M, shiny|72/100
|turn|5
|
|t:|1785092486
|move|p2b: Gengar|Protect|p2b: Gengar
|-singleturn|p2b: Gengar|Protect
|move|p2a: Archaludon|Protect|p2a: Archaludon
|-singleturn|p2a: Archaludon|Protect
|move|p1b: Gardevoir|Icy Wind|p2a: Archaludon|[spread] 
|-activate|p2a: Archaludon|move: Protect
|-activate|p2b: Gengar|move: Protect
|move|p1a: Garchomp|Earthquake|p2b: Gengar|[spread] 
|-activate|p2a: Archaludon|move: Protect
|-activate|p2b: Gengar|move: Protect
|-activate|p1b: Gardevoir|ability: Telepathy
|
|-heal|p2a: Archaludon|66/100|[from] item: Leftovers
|upkeep
|turn|6
|
|t:|1785092503
|move|p1b: Gardevoir|Icy Wind|p2a: Archaludon|[spread] p2a,p2b
|-damage|p2a: Archaludon|54/100
|-damage|p2b: Gengar|58/100
|-unboost|p2a: Archaludon|spe|1
|-unboost|p2b: Gengar|spe|1
|-ability|p2a: Archaludon|Stamina|boost
|-boost|p2a: Archaludon|def|1
|move|p1a: Garchomp|Earthquake|p2b: Gengar|[spread] p2a,p2b
|-activate|p1b: Gardevoir|ability: Telepathy
|-supereffective|p2a: Archaludon|1
|-supereffective|p2b: Gengar|1
|-crit|p2b: Gengar
|-damage|p2a: Archaludon|21/100
|-damage|p2b: Gengar|0 fnt
|-ability|p2a: Archaludon|Stamina|boost
|-boost|p2a: Archaludon|def|1
|faint|p2b: Gengar
|-damage|p1a: Garchomp|0 fnt|[from] item: Life Orb
|faint|p1a: Garchomp
|move|p2a: Archaludon|Dragon Pulse|p1b: Gardevoir
|-immune|p1b: Gardevoir
|
|-heal|p2a: Archaludon|27/100|[from] item: Leftovers
|upkeep
|
|t:|1785092521
|switch|p2b: Politoed|Politoed, L50, M, shiny|100/100
|switch|p1a: Annihilape|Annihilape, L50, F|100/100
|-weather|RainDance|[from] ability: Drizzle|[of] p2b: Politoed
|turn|7
|inactive|AbadanRiyi92 has 30 seconds left.
|
|t:|1785092547
|switch|p1b: Aerodactyl|Aerodactyl-Mega, L50, M|100/100
|move|p2a: Archaludon|Protect|p2a: Archaludon
|-singleturn|p2a: Archaludon|Protect
|move|p1a: Annihilape|Close Combat|p2a: Archaludon
|-activate|p2a: Archaludon|move: Protect
|move|p2b: Politoed|Weather Ball|p1b: Aerodactyl
|-supereffective|p1b: Aerodactyl|1
|-damage|p1b: Aerodactyl|0 fnt
|faint|p1b: Aerodactyl
|
|-weather|RainDance|[upkeep]
|-heal|p2a: Archaludon|33/100|[from] item: Leftovers
|upkeep
|
|t:|1785092555
|switch|p1b: Gardevoir|Gardevoir, L50, F|100/100
|turn|8
|inactive|AbadanRiyi92 has 30 seconds left.
|
|t:|1785092587
|move|p1b: Gardevoir|Moonblast|p2b: Politoed
|-damage|p2b: Politoed|66/100
|move|p1a: Annihilape|Close Combat|p2a: Archaludon
|-supereffective|p2a: Archaludon|1
|-damage|p2a: Archaludon|0 fnt
|-unboost|p1a: Annihilape|def|1
|-unboost|p1a: Annihilape|spd|1
|faint|p2a: Archaludon
|move|p2b: Politoed|Perish Song|p2b: Politoed
|-start|p1a: Annihilape|perish3|[silent]
|-start|p1b: Gardevoir|perish3|[silent]
|-start|p2b: Politoed|perish3|[silent]
|-fieldactivate|move: Perish Song
|
|-weather|RainDance|[upkeep]
|-start|p1b: Gardevoir|perish3
|-start|p1a: Annihilape|perish3
|-start|p2b: Politoed|perish3
|upkeep
|turn|9
|
|t:|1785092600
|move|p2b: Politoed|Protect|p2b: Politoed
|-singleturn|p2b: Politoed|Protect
|move|p1b: Gardevoir|Moonblast|p2b: Politoed
|-activate|p2b: Politoed|move: Protect
|move|p1a: Annihilape|Close Combat|p2b: Politoed
|-activate|p2b: Politoed|move: Protect
|
|-weather|RainDance|[upkeep]
|-start|p1b: Gardevoir|perish2
|-start|p1a: Annihilape|perish2
|-start|p2b: Politoed|perish2
|upkeep
|turn|10
|
|t:|1785092613
|move|p1b: Gardevoir|Moonblast|p2b: Politoed
|-damage|p2b: Politoed|29/100
|-enditem|p2b: Politoed|Sitrus Berry|[eat]
|-heal|p2b: Politoed|54/100|[from] item: Sitrus Berry
|move|p1a: Annihilape|Close Combat|p2b: Politoed
|-damage|p2b: Politoed|0 fnt
|-unboost|p1a: Annihilape|def|1
|-unboost|p1a: Annihilape|spd|1
|faint|p2b: Politoed
|
|win|samki9
