|j|☆Echohevy5555
|j|☆KChiefs7
|html|Echohevy5555KChiefs7    
|uhtml|bestof|Game 3 of a best-of-3
|t:|1756911009
|gametype|doubles
|player|p1|Echohevy5555|102|1065
|player|p2|KChiefs7|swimmer-gen4|1088
|gen|9
|tier|[Gen 9] VGC 2025 Reg H (Bo3)
|rated|
|rule|Species Clause: Limit one of each Pokémon
|rule|Item Clause: Limit 1 of each item
|clearpoke
|poke|p1|Arcanine-Hisui, L50, M|
|poke|p1|Rillaboom, L50, F|
|poke|p1|Dragonite, L50, F|
|poke|p1|Sneasler, L50, F|
|poke|p1|Ninetales-Alola, L50, M|
|poke|p1|Gholdengo, L50|
|poke|p2|Ursaluna, L50, F|
|poke|p2|Gholdengo, L50|
|poke|p2|Flamigo, L50, M|
|poke|p2|Amoonguss, L50, F|
|poke|p2|Porygon2, L50|
|poke|p2|Incineroar, L50, M|
|teampreview|4
|showteam|p1|Arcanine-Hisui||ClearAmulet|Intimidate|FlareBlitz,RockSlide,ExtremeSpeed,Protect|||M|||50|,,,,,Water]Rillaboom||AssaultVest|GrassySurge|DrumBeating,GrassyGlide,HighHorsepower,FakeOut|||F|||50|,,,,,Fire]Dragonite||LoadedDice|Multiscale|ScaleShot,Tailwind,StompingTantrum,Protect|||F|||50|,,,,,Ground]Sneasler||WhiteHerb|Unburden|CloseCombat,DireClaw,Coaching,Protect|||F|||50|,,,,,Ghost]Ninetales-Alola||FocusSash|SnowWarning|Blizzard,Encore,IcyWind,AuroraVeil|||M|||50|,,,,,Ghost]Gholdengo||GrassySeed|GoodasGold|NastyPlot,MakeItRain,ShadowBall,Protect||||||50|,,,,,Water
|showteam|p2|Ursaluna||FlameOrb|Guts|Facade,HeadlongRush,Earthquake,Protect|||F|||50|,,,,,Ghost]Gholdengo||LifeOrb|GoodasGold|MakeItRain,ShadowBall,NastyPlot,Protect||||||50|,,,,,Water]Flamigo||FocusSash|Scrappy|Detect,CloseCombat,WideGuard,DualWingbeat|||M|||50|,,,,,Ghost]Amoonguss||CovertCloak|Regenerator|RagePowder,Spore,PollenPuff,ClearSmog|||F|||50|,,,,,Fairy]Porygon2||Eviolite|Download|TeraBlast,IceBeam,Recover,TrickRoom||||||50|,,,,,Fighting]Incineroar||SafetyGoggles|Intimidate|FlareBlitz,KnockOff,FakeOut,PartingShot|||M|||50|,,,,,Ghost
|inactive|Battle timer is ON: inactive players will automatically lose when time's up. (requested by KChiefs7)
|j| acetrainerjuno
|
|t:|1756911032
|teamsize|p1|4
|teamsize|p2|4
|start
|switch|p1a: Rillaboom|Rillaboom, L50, F|100/100
|switch|p1b: Sneasler|Sneasler, L50, F|100/100
|switch|p2a: Porygon2|Porygon2, L50|100/100
|switch|p2b: Amoonguss|Amoonguss, L50, F|100/100
|-fieldstart|move: Grassy Terrain|[from] ability: Grassy Surge|[of] p1a: Rillaboom
|-ability|p2a: Porygon2|Download|boost
|-boost|p2a: Porygon2|spa|1
|turn|1
|
|t:|1756911048
|switch|p2a: Gholdengo|Gholdengo, L50|100/100
|move|p1a: Rillaboom|Fake Out|p2a: Gholdengo
|-immune|p2a: Gholdengo
|move|p1b: Sneasler|Dire Claw|p2b: Amoonguss
|-damage|p2b: Amoonguss|65/100
|move|p2b: Amoonguss|Spore|p1b: Sneasler
|-status|p1b: Sneasler|slp|[from] move: Spore
|
|-heal|p2b: Amoonguss|71/100|[from] Grassy Terrain
|upkeep
|turn|2
|inactive|KChiefs7 has 30 seconds left.
|
|t:|1756911080
|cant|p1b: Sneasler|slp
|move|p2a: Gholdengo|Nasty Plot|p2a: Gholdengo
|-boost|p2a: Gholdengo|spa|2
|move|p1a: Rillaboom|High Horsepower|p2a: Gholdengo
|-supereffective|p2a: Gholdengo
|-damage|p2a: Gholdengo|33/100
|move|p2b: Amoonguss|Pollen Puff|p2a: Gholdengo
|-heal|p2a: Gholdengo|83/100
|
|-heal|p2a: Gholdengo|89/100|[from] Grassy Terrain
|-heal|p2b: Amoonguss|77/100|[from] Grassy Terrain
|upkeep
|turn|3
|inactive|Echohevy5555 has 30 seconds left.
|inactive|KChiefs7 has 30 seconds left.
|
|t:|1756911112
|move|p2b: Amoonguss|Rage Powder|p2b: Amoonguss
|-singleturn|p2b: Amoonguss|move: Rage Powder
|-curestatus|p1b: Sneasler|slp|[msg]
|move|p1b: Sneasler|Coaching|p1a: Rillaboom
|-boost|p1a: Rillaboom|atk|1
|-boost|p1a: Rillaboom|def|1
|move|p2a: Gholdengo|Shadow Ball|p1a: Rillaboom
|-damage|p1a: Rillaboom|21/100
|-damage|p2a: Gholdengo|79/100|[from] item: Life Orb
|move|p1a: Rillaboom|Drum Beating|p2a: Gholdengo
|-resisted|p2a: Gholdengo
|-damage|p2a: Gholdengo|36/100
|-unboost|p2a: Gholdengo|spe|1
|
|-heal|p1a: Rillaboom|27/100|[from] Grassy Terrain
|-heal|p2a: Gholdengo|42/100|[from] Grassy Terrain
|-heal|p2b: Amoonguss|83/100|[from] Grassy Terrain
|upkeep
|turn|4
|inactive|KChiefs7 has 30 seconds left.
|
|t:|1756911146
|move|p2a: Gholdengo|Protect|p2a: Gholdengo
|-singleturn|p2a: Gholdengo|Protect
|move|p1b: Sneasler|Dire Claw|p2b: Amoonguss
|-damage|p2b: Amoonguss|48/100
|move|p1a: Rillaboom|High Horsepower|p2a: Gholdengo
|-activate|p2a: Gholdengo|move: Protect
|move|p2b: Amoonguss|Spore|p1b: Sneasler
|-status|p1b: Sneasler|slp|[from] move: Spore
|
|-heal|p1a: Rillaboom|32/100|[from] Grassy Terrain
|-heal|p2a: Gholdengo|48/100|[from] Grassy Terrain
|-heal|p2b: Amoonguss|54/100|[from] Grassy Terrain
|upkeep
|turn|5
|
|t:|1756911164
|switch|p2a: Ursaluna|Ursaluna, L50, F|100/100
|switch|p2b: Porygon2|Porygon2, L50|100/100
|-ability|p2b: Porygon2|Download|boost
|-boost|p2b: Porygon2|spa|1
|cant|p1b: Sneasler|slp
|move|p1a: Rillaboom|High Horsepower|p2a: Ursaluna
|-damage|p2a: Ursaluna|66/100
|
|-heal|p1a: Rillaboom|38/100|[from] Grassy Terrain
|-heal|p2a: Ursaluna|71/100|[from] Grassy Terrain
|-fieldend|move: Grassy Terrain
|-status|p2a: Ursaluna|brn|[from] item: Flame Orb
|upkeep
|turn|6
|inactive|Echohevy5555 has 30 seconds left.
|inactive|KChiefs7 has 30 seconds left.
|
|t:|1756911192
|-terastallize|p2a: Ursaluna|Ghost
|cant|p1b: Sneasler|slp
|move|p1a: Rillaboom|Drum Beating|p2b: Porygon2
|-damage|p2b: Porygon2|60/100
|-unboost|p2b: Porygon2|spe|1
|move|p2a: Ursaluna|Earthquake|p1a: Rillaboom|[spread] p2b,p1a,p1b
|-crit|p2b: Porygon2
|-resisted|p1a: Rillaboom
|-crit|p1a: Rillaboom
|-supereffective|p1b: Sneasler
|-damage|p2b: Porygon2|0 fnt
|-damage|p1a: Rillaboom|0 fnt
|-damage|p1b: Sneasler|0 fnt
|faint|p2b: Porygon2
|faint|p1a: Rillaboom
|faint|p1b: Sneasler
|
|-damage|p2a: Ursaluna|66/100 brn|[from] brn
|upkeep
|
|t:|1756911205
|switch|p1b: Arcanine|Arcanine-Hisui, L50, M|100/100
|switch|p1a: Ninetales|Ninetales-Alola, L50, M|100/100
|switch|p2b: Amoonguss|Amoonguss, L50, F|88/100
|-weather|Snowscape|[from] ability: Snow Warning|[of] p1a: Ninetales
|-ability|p1b: Arcanine|Intimidate|boost
|-unboost|p2a: Ursaluna|atk|1
|-unboost|p2b: Amoonguss|atk|1
|turn|7
|inactive|Echohevy5555 has 30 seconds left.
|inactive|KChiefs7 has 30 seconds left.
|inactive|Echohevy5555 has 20 seconds left.
|inactive|KChiefs7 has 20 seconds left.
|inactive|KChiefs7 has 15 seconds left.
|inactive|KChiefs7 has 10 seconds left.
|
|t:|1756911251
|-terastallize|p1b: Arcanine|Water
|move|p2b: Amoonguss|Rage Powder|p2b: Amoonguss
|-singleturn|p2b: Amoonguss|move: Rage Powder
|move|p1a: Ninetales|Blizzard|p2b: Amoonguss|[spread] p2a,p2b
|-supereffective|p2b: Amoonguss
|-damage|p2a: Ursaluna|40/100 brn
|-damage|p2b: Amoonguss|35/100
|move|p1b: Arcanine|Flare Blitz|p2b: Amoonguss
|-supereffective|p2b: Amoonguss
|-damage|p2b: Amoonguss|0 fnt
|faint|p2b: Amoonguss
|-damage|p1b: Arcanine|86/100|[from] Recoil
|move|p2a: Ursaluna|Earthquake|p1b: Arcanine|[spread] p1a,p1b
|-damage|p1a: Ninetales|54/100
|-damage|p1b: Arcanine|31/100
|
|-weather|Snowscape|[upkeep]
|-damage|p2a: Ursaluna|34/100 brn|[from] brn
|upkeep
|
|t:|1756911265
|switch|p2b: Gholdengo|Gholdengo, L50|48/100
|turn|8
|inactive|Echohevy5555 has 30 seconds left.
|inactive|KChiefs7 has 30 seconds left.
|inactive|Echohevy5555 has 20 seconds left.
|inactive|Echohevy5555 has 15 seconds left.
|inactive|Echohevy5555 has 10 seconds left.
|inactive|KChiefs7 has 20 seconds left.
|inactive|Echohevy5555 has 5 seconds left.
|inactive|KChiefs7 has 15 seconds left.
|
|t:|1756911316
|move|p1a: Ninetales|Blizzard|p2a: Ursaluna|[spread] p2a,p2b
|-resisted|p2b: Gholdengo
|-damage|p2a: Ursaluna|9/100 brn
|-damage|p2b: Gholdengo|31/100
|move|p1b: Arcanine|Flare Blitz|p2b: Gholdengo
|-supereffective|p2b: Gholdengo
|-damage|p2b: Gholdengo|0 fnt
|faint|p2b: Gholdengo
|-damage|p1b: Arcanine|21/100|[from] Recoil
|move|p2a: Ursaluna|Earthquake|p1b: Arcanine|[spread] p1a,p1b
|-damage|p1a: Ninetales|8/100
|-damage|p1b: Arcanine|0 fnt
|faint|p1b: Arcanine
|
|-weather|Snowscape|[upkeep]
|-damage|p2a: Ursaluna|3/100 brn|[from] brn
|upkeep
|turn|9
|
|t:|1756911331
|move|p1a: Ninetales|Blizzard|p2a: Ursaluna
|-damage|p2a: Ursaluna|0 fnt
|faint|p2a: Ursaluna
|
|win|Echohevy5555
|raw|Echohevy5555's rating: 1065 → 1097(+32 for winning)
|raw|KChiefs7's rating: 1088 → 1063(-25 for losing)
|c|☆KChiefs7|gg
|c|☆Echohevy5555|Gg
