|j|☆randomguy1114s
|j|☆Cm3112
|html|randomguy1114sCm3112    
|uhtml|bestof|Game 3 of a best-of-3
|t:|1756747801
|gametype|doubles
|player|p1|randomguy1114s|lillie-masters|1159
|player|p2|Cm3112|266|1220
|gen|9
|tier|[Gen 9] VGC 2025 Reg H (Bo3)
|rated|
|rule|Species Clause: Limit one of each Pokémon
|rule|Item Clause: Limit 1 of each item
|clearpoke
|poke|p1|Gholdengo, L50|
|poke|p1|Incineroar, L50, M|
|poke|p1|Sinistcha, L50|
|poke|p1|Sneasler, L50, F|
|poke|p1|Rillaboom, L50, F|
|poke|p1|Dragonite, L50, M|
|poke|p2|Archaludon, L50, F|
|poke|p2|Annihilape, L50, F|
|poke|p2|Maushold-Four, L50|
|poke|p2|Pelipper, L50, M|
|poke|p2|Basculegion, L50, M|
|poke|p2|Sinistcha, L50|
|teampreview|4
|showteam|p1|Gholdengo||LifeOrb|GoodasGold|NastyPlot,MakeItRain,ShadowBall,Protect||||||50|,,,,,Dragon]Incineroar||SafetyGoggles|Intimidate|FakeOut,KnockOff,Taunt,PartingShot|||M|||50|,,,,,Ghost]Sinistcha||MentalHerb|Hospitality|RagePowder,TrickRoom,MatchaGotcha,Protect||||||50|,,,,,Water]Sneasler||GrassySeed|Unburden|CloseCombat,DireClaw,ThroatChop,Protect|||F|||50|,,,,,Dark]Rillaboom||AssaultVest|GrassySurge|FakeOut,WoodHammer,GrassyGlide,Uturn|||F|||50|,,,,,Fire]Dragonite||LoadedDice|Multiscale|ScaleShot,StompingTantrum,Tailwind,Protect|||M|||50|,,,,,Ground
|showteam|p2|Archaludon||AssaultVest|Stamina|FlashCannon,ElectroShot,DracoMeteor,BodyPress|||F|||50|,,,,,Fairy]Annihilape||SafetyGoggles|Defiant|DrainPunch,RageFist,BulkUp,Protect|||F|||50|,,,,,Dragon]Maushold-Four||WideLens|Technician|PopulationBomb,BeatUp,FollowMe,Protect||||||50|,,,,,Ghost]Pelipper||FocusSash|Drizzle|MuddyWater,Hurricane,WideGuard,Tailwind|||M|||50|,,,,,Water]Basculegion||ChoiceBand|SwiftSwim|WaveCrash,FlipTurn,AquaJet,LastRespects|||M|||50|,,,,,Dark]Sinistcha||RockyHelmet|Hospitality|MatchaGotcha,RagePowder,StrengthSap,TrickRoom||||||50|,,,,,Fairy
|inactive|Battle timer is ON: inactive players will automatically lose when time's up. (requested by Cm3112)
|
|t:|1756747868
|teamsize|p1|4
|teamsize|p2|4
|start
|switch|p1a: monke|Rillaboom, L50, F, shiny|100/100
|switch|p1b: menacetosociety|Sneasler, L50, F, shiny|100/100
|switch|p2a: Maushold|Maushold-Four, L50|100/100
|switch|p2b: Annihilape|Annihilape, L50, F|100/100
|-fieldstart|move: Grassy Terrain|[from] ability: Grassy Surge|[of] p1a: monke
|-enditem|p1b: menacetosociety|Grassy Seed
|-boost|p1b: menacetosociety|def|1|[from] item: Grassy Seed
|turn|1
|
|t:|1756747877
|-terastallize|p1b: menacetosociety|Dark
|move|p2a: Maushold|Protect|p2a: Maushold
|-singleturn|p2a: Maushold|Protect
|move|p2b: Annihilape|Protect|p2b: Annihilape
|-singleturn|p2b: Annihilape|Protect
|move|p1a: monke|Fake Out|p2a: Maushold
|-activate|p2a: Maushold|move: Protect
|move|p1b: menacetosociety|Throat Chop|p2a: Maushold
|-activate|p2a: Maushold|move: Protect
|
|upkeep
|turn|2
|
|t:|1756747895
|move|p1a: monke|Grassy Glide|p2a: Maushold
|-damage|p2a: Maushold|43/100
|move|p1b: menacetosociety|Throat Chop|p2a: Maushold
|-damage|p2a: Maushold|0 fnt
|faint|p2a: Maushold
|move|p2b: Annihilape|Bulk Up|p2b: Annihilape
|-boost|p2b: Annihilape|atk|1
|-boost|p2b: Annihilape|def|1
|
|upkeep
|
|t:|1756747913
|switch|p2a: Pelipper|Pelipper, L50, M|100/100
|-weather|RainDance|[from] ability: Drizzle|[of] p2a: Pelipper
|turn|3
|
|t:|1756747930
|move|p1a: monke|Grassy Glide|p2a: Pelipper
|-damage|p2a: Pelipper|50/100
|move|p1b: menacetosociety|Dire Claw|p2a: Pelipper
|-damage|p2a: Pelipper|0 fnt
|faint|p2a: Pelipper
|move|p2b: Annihilape|Bulk Up|p2b: Annihilape
|-boost|p2b: Annihilape|atk|1
|-boost|p2b: Annihilape|def|1
|
|-weather|RainDance|[upkeep]
|upkeep
|
|t:|1756747939
|switch|p2a: Basculegion|Basculegion, L50, M|100/100
|turn|4
|
|t:|1756747954
|switch|p1b: Sinistcha|Sinistcha, L50, shiny|100/100
|-terastallize|p2a: Basculegion|Dark
|move|p2a: Basculegion|Last Respects|p1a: monke
|-damage|p1a: monke|0 fnt
|faint|p1a: monke
|move|p2b: Annihilape|Drain Punch|p1b: Sinistcha
|-immune|p1b: Sinistcha
|
|-weather|RainDance|[upkeep]
|upkeep
|
|t:|1756747969
|switch|p1a: IM SHEDDING|Dragonite, L50, M|100/100
|turn|5
|
|t:|1756747983
|move|p1b: Sinistcha|Rage Powder|p1b: Sinistcha
|-singleturn|p1b: Sinistcha|move: Rage Powder
|move|p2a: Basculegion|Last Respects|p1b: Sinistcha
|-supereffective|p1b: Sinistcha
|-damage|p1b: Sinistcha|0 fnt
|faint|p1b: Sinistcha
|move|p2b: Annihilape|Rage Fist|p1a: IM SHEDDING
|-damage|p1a: IM SHEDDING|81/100
|move|p1a: IM SHEDDING|Scale Shot|p2a: Basculegion
|-damage|p2a: Basculegion|82/100
|-damage|p2a: Basculegion|66/100
|-crit|p2a: Basculegion
|-damage|p2a: Basculegion|37/100
|-damage|p2a: Basculegion|19/100
|-damage|p2a: Basculegion|0 fnt
|faint|p2a: Basculegion
|-hitcount|p2: Basculegion|5
|-unboost|p1a: IM SHEDDING|def|1
|-boost|p1a: IM SHEDDING|spe|1
|
|-weather|RainDance|[upkeep]
|-fieldend|move: Grassy Terrain
|upkeep
|
|t:|1756747998
|switch|p1b: menacetosociety|Sneasler, L50, F, shiny, tera:Dark|100/100
|turn|6
|
|t:|1756748008
|move|p2b: Annihilape|Protect|p2b: Annihilape
|-singleturn|p2b: Annihilape|Protect
|move|p1a: IM SHEDDING|Scale Shot|p2b: Annihilape
|-activate|p2b: Annihilape|move: Protect
|move|p1b: menacetosociety|Dire Claw|p2b: Annihilape
|-activate|p2b: Annihilape|move: Protect
|
|-weather|RainDance|[upkeep]
|upkeep
|turn|7
|
|t:|1756748025
|move|p1a: IM SHEDDING|Scale Shot|p2b: Annihilape
|-damage|p2b: Annihilape|93/100
|-damage|p2b: Annihilape|86/100
|-damage|p2b: Annihilape|79/100
|-damage|p2b: Annihilape|72/100
|-damage|p2b: Annihilape|66/100
|-hitcount|p2b: Annihilape|5
|-unboost|p1a: IM SHEDDING|def|1
|-boost|p1a: IM SHEDDING|spe|1
|move|p1b: menacetosociety|Dire Claw|p2b: Annihilape
|-resisted|p2b: Annihilape
|-damage|p2b: Annihilape|56/100
|move|p2b: Annihilape|Drain Punch|p1b: menacetosociety
|-supereffective|p1b: menacetosociety
|-damage|p1b: menacetosociety|0 fnt
|-heal|p2b: Annihilape|99/100|[from] drain|[of] p1b: menacetosociety
|faint|p1b: menacetosociety
|
|-weather|none
|upkeep
|turn|8
|
|t:|1756748035
|move|p1a: IM SHEDDING|Stomping Tantrum|p2b: Annihilape
|-damage|p2b: Annihilape|85/100
|move|p2b: Annihilape|Rage Fist|p1a: IM SHEDDING
|-damage|p1a: IM SHEDDING|0 fnt
|faint|p1a: IM SHEDDING
|
|win|Cm3112
|raw|randomguy1114s's rating: 1159 → 1138(-21 for losing)
|raw|Cm3112's rating: 1220 → 1241(+21 for winning)
