|j|☆Syd2J
|j|☆Senli
|html|Syd2JSenli    
|uhtml|bestof|Game 1 of a best-of-3
|t:|1786028437
|gametype|doubles
|player|p1|Syd2J|170|1216
|player|p2|Senli|florian-bb|1220
|gen|9
|tier|[Gen 9 Champions] VGC 2026 Reg M-B (Bo3)
|rated|
|rule|Species Clause: Limit one of each Pokémon
|rule|Item Clause: Limit 1 of each item
|clearpoke
|poke|p1|Staraptor, L50, M|
|poke|p1|Tyranitar, L50, F|
|poke|p1|Excadrill, L50, M|
|poke|p1|Milotic, L50, M|
|poke|p1|Gholdengo, L50|
|poke|p1|Sinistcha, L50|
|poke|p2|Staraptor, L50, M, shiny|
|poke|p2|Glimmora, L50, F, shiny|
|poke|p2|Kingambit, L50, M, shiny|
|poke|p2|Whimsicott, L50, F, shiny|
|poke|p2|Delphox, L50, M, shiny|
|poke|p2|Garchomp, L50, F, shiny|
|teampreview|4
|showteam|p1|Staraptor||Staraptite|Intimidate|BraveBird,CloseCombat,Tailwind,Protect|Jolly||M|||50|]Tyranitar||Tyranitarite|SandStream|RockSlide,KnockOff,LowKick,Protect|Jolly||F|||50|]Excadrill||FocusSash|SandRush|HighHorsepower,IronHead,RockSlide,Protect|Adamant||M|||50|]Milotic||SitrusBerry|Competitive|Scald,IceBeam,IcyWind,Protect|Modest||M|||50|]Gholdengo||LifeOrb|GoodasGold|MakeItRain,ShadowBall,NastyPlot,Protect|Modest|||||50|]Sinistcha||ColburBerry|Hospitality|MatchaGotcha,RagePowder,TrickRoom,Protect|Calm|||||50|
|showteam|p2|Staraptor||Staraptite|Intimidate|CloseCombat,BraveBird,Roost,Protect|Jolly||M|||50|]Glimmora||FocusSash|ToxicDebris|PowerGem,SludgeBomb,EarthPower,SpikyShield|Timid||F|||50|]Kingambit||ChopleBerry|Defiant|KowtowCleave,IronHead,LowKick,SuckerPunch|Adamant||M|||50|]Whimsicott||OccaBerry|Prankster|Tailwind,Moonblast,Charm,LightScreen|Timid||F|||50|]Delphox||Delphoxite|Blaze|HeatWave,Psychic,Substitute,Protect|Timid||M|||50|]Garchomp||ChoiceScarf|RoughSkin|DragonClaw,RockSlide,Earthquake,StompingTantrum|Jolly||F|||50|
|inactive|Battle timer is ON: inactive players will automatically lose when time's up. (requested by Syd2J)
|inactive|Senli also wants the timer to be on.
|inactive|Syd2J has 60 seconds left.
|inactive|Senli has 60 seconds left.
|
|t:|1786028491
|teamsize|p1|4
|teamsize|p2|4
|start
|switch|p1a: Staraptor|Staraptor, L50, M|100/100
|switch|p1b: Milotic|Milotic, L50, M|100/100
|switch|p2a: Kingambit|Kingambit, L50, M, shiny|100/100
|switch|p2b: Delphox|Delphox, L50, M, shiny|100/100
|-ability|p1a: Staraptor|Intimidate|boost
|-unboost|p2a: Kingambit|atk|1
|-ability|p2a: Kingambit|Defiant|boost
|-boost|p2a: Kingambit|atk|2
|-unboost|p2b: Delphox|atk|1
|turn|1
|inactive|Senli has 30 seconds left.
|inactive|Senli has 20 seconds left.
|
|t:|1786028527
|detailschange|p1a: Staraptor|Staraptor-Mega, L50, M
|-mega|p1a: Staraptor|Staraptor|Staraptite
|detailschange|p2b: Delphox|Delphox-Mega, L50, M, shiny
|-mega|p2b: Delphox|Delphox|Delphoxite
|move|p2a: Kingambit|Sucker Punch|p1a: Staraptor
|-resisted|p1a: Staraptor|1
|-damage|p1a: Staraptor|67/100
|move|p2b: Delphox|Psychic|p1a: Staraptor
|-supereffective|p1a: Staraptor|1
|-damage|p1a: Staraptor|0 fnt
|faint|p1a: Staraptor
|move|p1b: Milotic|Scald|p2b: Delphox
|-supereffective|p2b: Delphox|1
|-damage|p2b: Delphox|41/100
|
|upkeep
|
|t:|1786028539
|switch|p1a: Tyranitar|Tyranitar, L50, F|100/100
|-weather|Sandstorm|[from] ability: Sand Stream|[of] p1a: Tyranitar
|turn|2
|
|t:|1786028553
|move|p2b: Delphox|Substitute|p2b: Delphox
|-start|p2b: Delphox|Substitute
|-damage|p2b: Delphox|16/100
|move|p1a: Tyranitar|Low Kick|p2a: Kingambit
|-supereffective|p2a: Kingambit|2
|-enditem|p2a: Kingambit|Chople Berry|[eat]
|-enditem|p2a: Kingambit|Chople Berry|[weaken]
|-damage|p2a: Kingambit|49/100
|move|p1b: Milotic|Scald|p2b: Delphox
|-supereffective|p2b: Delphox|1
|-end|p2b: Delphox|Substitute
|move|p2a: Kingambit|Low Kick|p1a: Tyranitar
|-supereffective|p1a: Tyranitar|2
|-crit|p1a: Tyranitar
|-damage|p1a: Tyranitar|0 fnt
|faint|p1a: Tyranitar
|
|-weather|Sandstorm|[upkeep]
|-damage|p2b: Delphox|10/100|[from] Sandstorm
|-damage|p1b: Milotic|94/100|[from] Sandstorm
|upkeep
|
|t:|1786028568
|switch|p1a: Excadrill|Excadrill, L50, M|100/100
|turn|3
|
|t:|1786028577
|move|p2b: Delphox|Protect|p2b: Delphox
|-singleturn|p2b: Delphox|Protect
|move|p2a: Kingambit|Sucker Punch|p1a: Excadrill
|-damage|p1a: Excadrill|19/100
|move|p1a: Excadrill|Rock Slide|p2a: Kingambit|[spread] p2a
|-activate|p2b: Delphox|move: Protect
|-resisted|p2a: Kingambit|1
|-damage|p2a: Kingambit|41/100
|move|p1b: Milotic|Scald|p2a: Kingambit
|-damage|p2a: Kingambit|15/100
|-status|p2a: Kingambit|brn
|
|-weather|Sandstorm|[upkeep]
|-damage|p2b: Delphox|4/100|[from] Sandstorm
|-damage|p1b: Milotic|88/100|[from] Sandstorm
|-damage|p2a: Kingambit|9/100 brn|[from] brn
|upkeep
|turn|4
|
|t:|1786028595
|move|p1a: Excadrill|Protect|p1a: Excadrill
|-singleturn|p1a: Excadrill|Protect
|move|p2a: Kingambit|Sucker Punch||[still]
|-fail|p2a: Kingambit
|move|p2b: Delphox|Heat Wave|p1b: Milotic|[spread] 
|-activate|p1a: Excadrill|move: Protect
|-miss|p2b: Delphox|p1b: Milotic
|move|p1b: Milotic|Icy Wind|p2a: Kingambit|[spread] p2a,p2b
|-resisted|p2a: Kingambit|1
|-resisted|p2b: Delphox|1
|-damage|p2a: Kingambit|4/100 brn
|-damage|p2b: Delphox|0 fnt
|-unboost|p2a: Kingambit|spe|1
|-ability|p2a: Kingambit|Defiant|boost
|-boost|p2a: Kingambit|atk|2
|faint|p2b: Delphox
|
|-weather|Sandstorm|[upkeep]
|-damage|p1b: Milotic|82/100|[from] Sandstorm
|-damage|p2a: Kingambit|0 fnt|[from] brn
|faint|p2a: Kingambit
|upkeep
|
|t:|1786028607
|switch|p2b: Glimmora|Glimmora, L50, F, shiny|100/100
|switch|p2a: Garchomp|Garchomp, L50, F, shiny|100/100
|turn|5
|
|t:|1786028630
|move|p2b: Glimmora|Spiky Shield|p2b: Glimmora
|-singleturn|p2b: Glimmora|move: Protect
|move|p1a: Excadrill|Iron Head|p2b: Glimmora
|-activate|p2b: Glimmora|move: Protect
|-damage|p1a: Excadrill|7/100|[from] Spiky Shield|[of] p2b: Glimmora
|move|p2a: Garchomp|Earthquake|p1a: Excadrill|[spread] p1a,p1b
|-activate|p2b: Glimmora|move: Protect
|-supereffective|p1a: Excadrill|1
|-damage|p1a: Excadrill|0 fnt
|-damage|p1b: Milotic|47/100
|-enditem|p1b: Milotic|Sitrus Berry|[eat]
|-heal|p1b: Milotic|72/100|[from] item: Sitrus Berry
|faint|p1a: Excadrill
|move|p1b: Milotic|Ice Beam|p2a: Garchomp
|-supereffective|p2a: Garchomp|2
|-damage|p2a: Garchomp|0 fnt
|faint|p2a: Garchomp
|
|-weather|Sandstorm|[upkeep]
|-damage|p1b: Milotic|66/100|[from] Sandstorm
|upkeep
|turn|6
|inactive|Senli has 30 seconds left.
|inactive|Senli has 20 seconds left.
|inactive|Senli has 15 seconds left.
|inactive|Senli has 10 seconds left.
|inactive|Senli has 5 seconds left.
|
|t:|1786028685
|move|p2b: Glimmora|Power Gem|p1b: Milotic
|-damage|p1b: Milotic|37/100
|move|p1b: Milotic|Icy Wind|p2b: Glimmora
|-damage|p2b: Glimmora|87/100
|-unboost|p2b: Glimmora|spe|1
|
|-weather|none
|upkeep
|turn|7
|inactive|Senli has 30 seconds left.
|inactive|Senli has 20 seconds left.
|inactive|Senli has 15 seconds left.
|inactive|Senli has 10 seconds left.
|inactive|Senli has 5 seconds left.
|
|t:|1786028740
|move|p1b: Milotic|Scald|p2b: Glimmora
|-supereffective|p2b: Glimmora|1
|-damage|p2b: Glimmora|4/100
|-status|p2b: Glimmora|brn
|move|p2b: Glimmora|Power Gem|p1b: Milotic
|-damage|p1b: Milotic|8/100
|
|-damage|p2b: Glimmora|0 fnt|[from] brn
|faint|p2b: Glimmora
|
|win|Syd2J
||Syd2J is ready for game 2.
|inactive|Senli has 30 seconds to confirm battle start!
|inactive|Senli has 20 seconds to confirm battle start!
|inactive|Senli has 10 seconds to confirm battle start!
|uhtml|next|Next: Game 2 of 3
|l|☆Syd2J
|player|p1|
