|j|☆ChrixsVGC
|j|☆Shiboha
|html|ChrixsVGCShiboha    
|uhtml|bestof|Game 2 of a best-of-3
|t:|1756322047
|gametype|doubles
|player|p1|ChrixsVGC|veteran|1103
|player|p2|Shiboha|steven|1143
|gen|9
|tier|[Gen 9] VGC 2025 Reg H (Bo3)
|rated|
|rule|Species Clause: Limit one of each Pokémon
|rule|Item Clause: Limit 1 of each item
|clearpoke
|poke|p1|Dondozo, L50, F|
|poke|p1|Tatsugiri, L50, M|
|poke|p1|Maushold-Four, L50|
|poke|p1|Annihilape, L50, M|
|poke|p1|Whimsicott, L50, F|
|poke|p1|Typhlosion-Hisui, L50, M|
|poke|p2|Sneasler, L50, M|
|poke|p2|Rillaboom, L50, F|
|poke|p2|Primarina, L50, F|
|poke|p2|Electabuzz, L50, M|
|poke|p2|Dragapult, L50, F|
|poke|p2|Arcanine-Hisui, L50, F|
|teampreview|4
|showteam|p1|Dondozo||Leftovers|Unaware|WaveCrash,Earthquake,OrderUp,Protect|||F|||50|,,,,,Dragon]Tatsugiri||SitrusBerry|Commander|DracoMeteor,MuddyWater,HelpingHand,Protect|||M|||50|,,,,,Steel]Maushold-Four||WideLens|Technician|PopulationBomb,Crunch,FollowMe,Protect||||||50|,,,,,Normal]Annihilape||ChoiceScarf|Defiant|ShadowClaw,CloseCombat,FinalGambit,Uturn|||M|||50|,,,,,Fighting]Whimsicott||CovertCloak|Prankster|Tailwind,SunnyDay,Moonblast,Encore|||F|||50|,,,,,Rock]Typhlosion-Hisui||Charcoal|Frisk|Eruption,HeatWave,ShadowBall,Protect|||M|||50|,,,,,Fairy
|showteam|p2|Sneasler||GrassySeed|Unburden|DireClaw,CloseCombat,Coaching,Protect|||M|||50|,,,,,Ghost]Rillaboom||AssaultVest|GrassySurge|WoodHammer,GrassyGlide,FakeOut,HighHorsepower|||F|||50|,,,,,Fire]Primarina||ThroatSpray|LiquidVoice|HyperVoice,Moonblast,Haze,Protect|||F|||50|,,,,,Poison]Electabuzz||Eviolite|VitalSpirit|Electroweb,FollowMe,Taunt,Protect|||M|||50|,,,,,Dragon]Dragapult||ChoiceBand|ClearBody|DragonDarts,PhantomForce,Outrage,Uturn|||F|||50|,,,,,Dragon]Arcanine-Hisui||LifeOrb|Intimidate|FlareBlitz,RockSlide,ExtremeSpeed,Protect|||F|||50|,,,,,Normal
|
|t:|1756322074
|teamsize|p1|4
|teamsize|p2|4
|start
|switch|p1a: Typhlosion|Typhlosion-Hisui, L50, M|100/100
|switch|p1b: Whimsicott|Whimsicott, L50, F|100/100
|switch|p2a: Sneasler|Sneasler, L50, M|100/100
|switch|p2b: Rillaboom|Rillaboom, L50, F|100/100
|-item|p2a: Sneasler|Grassy Seed|[from] ability: Frisk|[of] p1a: Typhlosion
|-item|p2b: Rillaboom|Assault Vest|[from] ability: Frisk|[of] p1a: Typhlosion
|-fieldstart|move: Grassy Terrain|[from] ability: Grassy Surge|[of] p2b: Rillaboom
|-enditem|p2a: Sneasler|Grassy Seed
|-boost|p2a: Sneasler|def|1|[from] item: Grassy Seed
|turn|1
|
|t:|1756322099
|-terastallize|p2b: Rillaboom|Fire
|move|p1b: Whimsicott|Sunny Day|p1b: Whimsicott
|-weather|SunnyDay
|move|p2b: Rillaboom|Grassy Glide|p1a: Typhlosion
|-resisted|p1a: Typhlosion
|-damage|p1a: Typhlosion|74/100
|move|p2a: Sneasler|Dire Claw|p1a: Typhlosion
|-resisted|p1a: Typhlosion
|-damage|p1a: Typhlosion|37/100
|-status|p1a: Typhlosion|slp
|cant|p1a: Typhlosion|slp
|
|-weather|SunnyDay|[upkeep]
|-heal|p1a: Typhlosion|43/100 slp|[from] Grassy Terrain
|upkeep
|turn|2
|
|t:|1756322128
|move|p1b: Whimsicott|Tailwind|p1b: Whimsicott
|-sidestart|p1: ChrixsVGC|move: Tailwind
|move|p2a: Sneasler|Dire Claw|p1b: Whimsicott
|-supereffective|p1b: Whimsicott
|-damage|p1b: Whimsicott|0 fnt
|faint|p1b: Whimsicott
|cant|p1a: Typhlosion|slp
|move|p2b: Rillaboom|Wood Hammer|p1a: Typhlosion
|-resisted|p1a: Typhlosion
|-damage|p1a: Typhlosion|0 fnt
|faint|p1a: Typhlosion
|-damage|p2b: Rillaboom|90/100|[from] Recoil
|
|-weather|SunnyDay|[upkeep]
|-heal|p2b: Rillaboom|96/100|[from] Grassy Terrain
|upkeep
|
|t:|1756322137
|switch|p1b: Maushold|Maushold-Four, L50|100/100
|switch|p1a: Annihilape|Annihilape, L50, M|100/100
|turn|3
|
|t:|1756322155
|-terastallize|p1a: Annihilape|Fighting
|move|p2a: Sneasler|Protect|p2a: Sneasler
|-singleturn|p2a: Sneasler|Protect
|move|p2b: Rillaboom|Grassy Glide|p1a: Annihilape
|-damage|p1a: Annihilape|64/100
|move|p1a: Annihilape|Close Combat|p2a: Sneasler
|-activate|p2a: Sneasler|move: Protect
|move|p1b: Maushold|Population Bomb|p2b: Rillaboom
|-damage|p2b: Rillaboom|86/100
|-damage|p2b: Rillaboom|76/100
|-damage|p2b: Rillaboom|66/100
|-damage|p2b: Rillaboom|55/100
|-damage|p2b: Rillaboom|45/100
|-damage|p2b: Rillaboom|34/100
|-damage|p2b: Rillaboom|23/100
|-damage|p2b: Rillaboom|12/100
|-damage|p2b: Rillaboom|2/100
|-damage|p2b: Rillaboom|0 fnt
|faint|p2b: Rillaboom
|-hitcount|p2: Rillaboom|10
|
|-weather|SunnyDay|[upkeep]
|-heal|p1a: Annihilape|70/100|[from] Grassy Terrain
|upkeep
|
|t:|1756322181
|switch|p2b: Dragapult|Dragapult, L50, F|100/100
|turn|4
|
|t:|1756322186
|move|p1a: Annihilape|Close Combat|p2a: Sneasler
|-resisted|p2a: Sneasler
|-damage|p2a: Sneasler|63/100
|-unboost|p1a: Annihilape|def|1
|-unboost|p1a: Annihilape|spd|1
|move|p1b: Maushold|Crunch|p2b: Dragapult
|-supereffective|p2b: Dragapult
|-damage|p2b: Dragapult|48/100
|move|p2a: Sneasler|Coaching|p2b: Dragapult
|-boost|p2b: Dragapult|atk|1
|-boost|p2b: Dragapult|def|1
|move|p2b: Dragapult|Dragon Darts|p1a: Annihilape
|-damage|p1a: Annihilape|0 fnt
|-anim|p2b: Dragapult|Dragon Darts|p1b: Maushold
|-damage|p1b: Maushold|4/100
|faint|p1a: Annihilape
|
|-weather|SunnyDay|[upkeep]
|-heal|p1b: Maushold|10/100|[from] Grassy Terrain
|-heal|p2a: Sneasler|69/100|[from] Grassy Terrain
|-heal|p2b: Dragapult|54/100|[from] Grassy Terrain
|upkeep
|turn|5
|-message|ChrixsVGC forfeited.
|
|win|Shiboha
|raw|ChrixsVGC's rating: 1103 → 1081(-22 for losing)
|raw|Shiboha's rating: 1143 → 1165(+22 for winning)
|l|☆ChrixsVGC
|player|p1|
