|j|☆connorgascoigne
|j|☆okozinc
|html|connorgascoigneokozinc    
|uhtml|bestof|Game 2 of a best-of-3
|t:|1783462368
|gametype|doubles
|player|p1|connorgascoigne|170|1087
|player|p2|okozinc|170|1065
|gen|9
|tier|[Gen 9 Champions] VGC 2026 Reg M-B (Bo3)
|rated|
|rule|Species Clause: Limit one of each Pokémon
|rule|Item Clause: Limit 1 of each item
|clearpoke
|poke|p1|Scrafty, L50, M|
|poke|p1|Vileplume, L50, F|
|poke|p1|Staraptor, L50, M|
|poke|p1|Farigiraf, L50, F|
|poke|p1|Sylveon, L50, F|
|poke|p1|Torkoal, L50, M|
|poke|p2|Scovillain, L50, F|
|poke|p2|Sylveon, L50, M|
|poke|p2|Sneasler, L50, M|
|poke|p2|Kingambit, L50, F|
|poke|p2|Aerodactyl, L50, M|
|poke|p2|Basculegion, L50, M|
|teampreview|4
|showteam|p1|Scrafty||Scraftinite|Intimidate|CloseCombat,KnockOff,IronHead,FakeOut|Brave||M|||50|]Vileplume||FocusSash|Chlorophyll|SludgeBomb,SleepPowder,AfterYou,LeafStorm|Timid||F|||50|]Staraptor||ChoiceScarf|Intimidate|BraveBird,CloseCombat,Uturn,FinalGambit|Jolly||M|||50|]Farigiraf||SitrusBerry|ArmorTail|Protect,TwinBeam,Thunderbolt,TrickRoom|Sassy||F|||50|]Sylveon||FairyFeather|Pixilate|HyperVoice,QuickAttack,HyperBeam,Detect|Quiet||F|||50|]Torkoal||Charcoal|Drought|Eruption,WeatherBall,HeatWave,Protect|Quiet||M|||50|
|showteam|p2|Scovillain||Scovillainite|Moody|LeechSeed,RagePowder,Overheat,Protect|Bold||F|||50|]Sylveon||FairyFeather|Pixilate|HyperVoice,CalmMind,HyperBeam,Protect|Modest||M|||50|]Sneasler||WhiteHerb|Pressure|CloseCombat,FakeOut,DireClaw,Protect|Jolly||M|||50|]Kingambit||FocusSash|Defiant|SwordsDance,KowtowCleave,SuckerPunch,IronHead|Adamant||F|||50|]Aerodactyl||Aerodactylite|Unnerve|Tailwind,RockSlide,DualWingbeat,WideGuard|Jolly||M|||50|]Basculegion||LifeOrb|Adaptability|AquaJet,WaveCrash,LastRespects,Protect|Jolly||M|||50|
|
|t:|1783462381
|teamsize|p1|4
|teamsize|p2|4
|start
|switch|p1a: Vileplume|Vileplume, L50, F|100/100
|switch|p1b: Torkoal|Torkoal, L50, M|100/100
|switch|p2a: Aerodactyl|Aerodactyl, L50, M|100/100
|switch|p2b: Sneasler|Sneasler, L50, M|100/100
|-ability|p2a: Aerodactyl|Unnerve
|-ability|p2b: Sneasler|Pressure
|-weather|SunnyDay|[from] ability: Drought|[of] p1b: Torkoal
|turn|1
|inactive|Battle timer is ON: inactive players will automatically lose when time's up. (requested by connorgascoigne)
|inactive|connorgascoigne has 60 seconds left.
|
|t:|1783462418
|switch|p1a: Farigiraf|Farigiraf, L50, F|100/100
|move|p2b: Sneasler|Fake Out||[still]
|cant|p1a: Farigiraf|ability: Armor Tail|Fake Out|[of] p2b: Sneasler
|move|p2a: Aerodactyl|Dual Wingbeat|p1a: Farigiraf
|-damage|p1a: Farigiraf|83/100
|-crit|p1a: Farigiraf
|-damage|p1a: Farigiraf|59/100
|-hitcount|p1a: Farigiraf|2
|move|p1b: Torkoal|Weather Ball|p2b: Sneasler
|-damage|p2b: Sneasler|0 fnt
|faint|p2b: Sneasler
|
|-weather|SunnyDay|[upkeep]
|upkeep
|
|t:|1783462430
|switch|p2b: Scovillain|Scovillain, L50, F|100/100
|turn|2
|
|t:|1783462450
|move|p2b: Scovillain|Protect|p2b: Scovillain
|-singleturn|p2b: Scovillain|Protect
|move|p2a: Aerodactyl|Rock Slide|p1b: Torkoal|[spread] p1a,p1b
|-supereffective|p1b: Torkoal|1
|-damage|p1a: Farigiraf|37/100
|-damage|p1b: Torkoal|62/100
|move|p1b: Torkoal|Weather Ball|p2b: Scovillain
|-activate|p2b: Scovillain|move: Protect
|move|p1a: Farigiraf|Trick Room|p1a: Farigiraf
|-fieldstart|move: Trick Room|[of] p1a: Farigiraf
|
|-weather|SunnyDay|[upkeep]
|-ability|p2b: Scovillain|Moody|boost
|-boost|p2b: Scovillain|spe|2
|-unboost|p2b: Scovillain|atk|1
|upkeep
|turn|3
|
|t:|1783462474
|switch|p1b: Scrafty|Scrafty, L50, M|100/100
|-ability|p1b: Scrafty|Intimidate|boost
|-unboost|p2a: Aerodactyl|atk|1
|-unboost|p2b: Scovillain|atk|1
|move|p2a: Aerodactyl|Wide Guard|p2a: Aerodactyl
|-singleturn|p2a: Aerodactyl|Wide Guard
|move|p1a: Farigiraf|Thunderbolt|p2a: Aerodactyl
|-supereffective|p2a: Aerodactyl|1
|-damage|p2a: Aerodactyl|38/100
|move|p2b: Scovillain|Leech Seed|p1b: Scrafty
|-start|p1b: Scrafty|move: Leech Seed
|
|-weather|SunnyDay|[upkeep]
|-damage|p1b: Scrafty|87/100|[from] Leech Seed|[of] p2b: Scovillain
|-ability|p2b: Scovillain|Moody|boost
|-boost|p2b: Scovillain|spd|2
|-unboost|p2b: Scovillain|spa|1
|upkeep
|turn|4
|inactive|connorgascoigne has 30 seconds left.
|inactive|okozinc has 30 seconds left.
|
|t:|1783462505
|detailschange|p2b: Scovillain|Scovillain-Mega, L50, F
|-mega|p2b: Scovillain|Scovillain|Scovillainite
|move|p1b: Scrafty|Knock Off|p2b: Scovillain
|-damage|p2b: Scovillain|75/100
|-status|p1b: Scrafty|brn|[from] ability: Spicy Spray|[of] p2b: Scovillain
|move|p1a: Farigiraf|Thunderbolt|p2a: Aerodactyl
|-supereffective|p2a: Aerodactyl|1
|-damage|p2a: Aerodactyl|0 fnt
|-enditem|p1a: Farigiraf|Sitrus Berry|[eat]
|-heal|p1a: Farigiraf|62/100|[from] item: Sitrus Berry
|faint|p2a: Aerodactyl
|move|p2b: Scovillain|Leech Seed|p1a: Farigiraf
|-start|p1a: Farigiraf|move: Leech Seed
|
|-weather|SunnyDay|[upkeep]
|-damage|p1b: Scrafty|75/100 brn|[from] Leech Seed|[of] p2b: Scovillain
|-heal|p2b: Scovillain|87/100|[silent]
|-damage|p1a: Farigiraf|50/100g|[from] Leech Seed|[of] p2b: Scovillain
|-heal|p2b: Scovillain|100/100|[silent]
|-damage|p1b: Scrafty|69/100 brn|[from] brn
|upkeep
|
|t:|1783462513
|switch|p2a: Kingambit|Kingambit, L50, F|100/100
|turn|5
|inactive|connorgascoigne has 30 seconds left.
|inactive|connorgascoigne has 20 seconds left.
|
|t:|1783462548
|move|p2b: Scovillain|Protect|p2b: Scovillain
|-singleturn|p2b: Scovillain|Protect
|move|p1b: Scrafty|Close Combat|p2a: Kingambit
|-supereffective|p2a: Kingambit|2
|-damage|p2a: Kingambit|24/100
|-unboost|p1b: Scrafty|def|1
|-unboost|p1b: Scrafty|spd|1
|move|p2a: Kingambit|Swords Dance|p2a: Kingambit
|-boost|p2a: Kingambit|atk|2
|move|p1a: Farigiraf|Thunderbolt|p2a: Kingambit
|-damage|p2a: Kingambit|1/100
|
|-weather|none
|-damage|p1b: Scrafty|57/100 brn|[from] Leech Seed|[of] p2b: Scovillain
|-damage|p1a: Farigiraf|37/100|[from] Leech Seed|[of] p2b: Scovillain
|-damage|p1b: Scrafty|51/100 brn|[from] brn
|upkeep
|turn|6
|
|t:|1783462572
|move|p2b: Scovillain|Rage Powder|p2b: Scovillain
|-singleturn|p2b: Scovillain|move: Rage Powder
|move|p2a: Kingambit|Iron Head|p1b: Scrafty
|-damage|p1b: Scrafty|0 fnt
|faint|p1b: Scrafty
|move|p1a: Farigiraf|Thunderbolt|p2b: Scovillain
|-resisted|p2b: Scovillain|1
|-damage|p2b: Scovillain|93/100
|-status|p1a: Farigiraf|brn|[from] ability: Spicy Spray|[of] p2b: Scovillain
|
|-damage|p1a: Farigiraf|25/100 brn|[from] Leech Seed|[of] p2b: Scovillain
|-heal|p2b: Scovillain|100/100|[silent]
|-damage|p1a: Farigiraf|19/100 brn|[from] brn
|-fieldend|move: Trick Room
|upkeep
|
|t:|1783462587
|switch|p1b: Vileplume|Vileplume, L50, F|100/100
|turn|7
|
|t:|1783462608
|switch|p1a: Torkoal|Torkoal, L50, M|62/100
|-weather|SunnyDay|[from] ability: Drought|[of] p1a: Torkoal
|move|p2a: Kingambit|Sucker Punch|p1b: Vileplume
|-enditem|p1b: Vileplume|Focus Sash
|-damage|p1b: Vileplume|1/100
|move|p1b: Vileplume|Leaf Storm|p2a: Kingambit
|-resisted|p2a: Kingambit|1
|-damage|p2a: Kingambit|0 fnt
|-unboost|p1b: Vileplume|spa|2
|faint|p2a: Kingambit
|move|p2b: Scovillain|Overheat|p1b: Vileplume
|-supereffective|p1b: Vileplume|1
|-damage|p1b: Vileplume|0 fnt
|-unboost|p2b: Scovillain|spa|2
|faint|p1b: Vileplume
|
|-weather|SunnyDay|[upkeep]
|upkeep
|
|t:|1783462629
|switch|p1b: Farigiraf|Farigiraf, L50, F|19/100 brn
|turn|8
|
|t:|1783462647
|move|p2b: Scovillain|Leech Seed|p1a: Torkoal
|-start|p1a: Torkoal|move: Leech Seed
|move|p1a: Torkoal|Weather Ball|p2b: Scovillain
|-damage|p2b: Scovillain|50/100g
|-immune|p1a: Torkoal
|move|p1b: Farigiraf|Trick Room|p1b: Farigiraf
|-fieldstart|move: Trick Room|[of] p1b: Farigiraf
|
|-weather|SunnyDay|[upkeep]
|-damage|p1a: Torkoal|50/100g|[from] Leech Seed|[of] p2b: Scovillain
|-heal|p2b: Scovillain|63/100|[silent]
|-damage|p1b: Farigiraf|12/100 brn|[from] brn
|upkeep
|turn|9
|
|t:|1783462669
|move|p2b: Scovillain|Protect|p2b: Scovillain
|-singleturn|p2b: Scovillain|Protect
|move|p1a: Torkoal|Weather Ball|p2b: Scovillain
|-activate|p2b: Scovillain|move: Protect
|move|p1b: Farigiraf|Twin Beam|p2b: Scovillain
|-activate|p2b: Scovillain|move: Protect
|
|-weather|SunnyDay|[upkeep]
|-damage|p1a: Torkoal|37/100|[from] Leech Seed|[of] p2b: Scovillain
|-heal|p2b: Scovillain|76/100|[silent]
|-damage|p1b: Farigiraf|6/100 brn|[from] brn
|upkeep
|turn|10
|
|t:|1783462691
|move|p2b: Scovillain|Protect|p2b: Scovillain
|-singleturn|p2b: Scovillain|Protect
|move|p1a: Torkoal|Weather Ball|p2b: Scovillain
|-activate|p2b: Scovillain|move: Protect
|move|p1b: Farigiraf|Twin Beam|p2b: Scovillain
|-activate|p2b: Scovillain|move: Protect
|
|-weather|SunnyDay|[upkeep]
|-damage|p1a: Torkoal|25/100|[from] Leech Seed|[of] p2b: Scovillain
|-heal|p2b: Scovillain|88/100|[silent]
|-damage|p1b: Farigiraf|1/100 brn|[from] brn
|upkeep
|turn|11
|
|t:|1783462711
|move|p2b: Scovillain|Protect|p2b: Scovillain
|-singleturn|p2b: Scovillain|Protect
|move|p1a: Torkoal|Weather Ball|p2b: Scovillain
|-activate|p2b: Scovillain|move: Protect
|move|p1b: Farigiraf|Twin Beam|p2b: Scovillain
|-activate|p2b: Scovillain|move: Protect
|
|-weather|none
|-damage|p1a: Torkoal|12/100|[from] Leech Seed|[of] p2b: Scovillain
|-heal|p2b: Scovillain|100/100|[silent]
|-damage|p1b: Farigiraf|0 fnt|[from] brn
|faint|p1b: Farigiraf
|upkeep
|turn|12
|c|☆connorgascoigne|don't deserve
|
|t:|1783462732
|move|p1a: Torkoal|Heat Wave|p2b: Scovillain
|-damage|p2b: Scovillain|68/100
|-immune|p1a: Torkoal
|move|p2b: Scovillain|Overheat|p1a: Torkoal
|-resisted|p1a: Torkoal|1
|-damage|p1a: Torkoal|0 fnt
|-unboost|p2b: Scovillain|spa|2
|faint|p1a: Torkoal
|
|win|okozinc
||connorgascoigne is ready for game 3.
||okozinc is ready for game 3.
|uhtml|next|Next: Game 3 of 3
|l|☆connorgascoigne
|player|p1|
