|j|☆EGG_dude
|j|☆Tote1303
|html|EGG_dudeTote1303    
|uhtml|bestof|Game 1 of a best-of-3
|t:|1785171364
|gametype|doubles
|player|p1|EGG_dude|clown|
|player|p2|Tote1303|giovanni|
|gen|9
|tier|[Gen 9 Champions] VGC 2026 Reg M-B (Bo3)
|rule|Species Clause: Limit one of each Pokémon
|rule|Item Clause: Limit 1 of each item
|clearpoke
|poke|p1|Gengar, L50, M, shiny|
|poke|p1|Incineroar, L50, F|
|poke|p1|Basculegion, L50, M|
|poke|p1|Kommo-o, L50, F|
|poke|p1|Sinistcha, L50|
|poke|p1|Altaria, L50, F|
|poke|p2|Swampert, L50, M|
|poke|p2|Pelipper, L50, M, shiny|
|poke|p2|Archaludon, L50, F|
|poke|p2|Grimmsnarl, L50, M|
|poke|p2|Toxicroak, L50, M|
|poke|p2|Wyrdeer, L50, M|
|teampreview|4
|showteam|p1|Gengar||Gengarite|CursedBody|ShadowBall,EnergyBall,Thunderbolt,Protect|Modest||M|||50|]Incineroar||SitrusBerry|Intimidate|FakeOut,DarkestLariat,PartingShot,Protect|Careful||F|||50|]Basculegion||LifeOrb|Adaptability|LastRespects,AquaJet,WaveCrash,Protect|Jolly||M|||50|]Kommo-o||BlackBelt|Soundproof|AuraSphere,ClangingScales,VacuumWave,Protect|Timid||F|||50|]Sinistcha||CobaBerry|Hospitality|MatchaGotcha,RagePowder,LifeDew,Protect|Calm|||||50|]Altaria||YacheBerry|CloudNine|PerishSong,DazzlingGleam,Tailwind,Protect|Calm||F|||50|
|showteam|p2|Swampert||Swampertite|Torrent|Waterfall,HighHorsepower,IcePunch,Protect|Adamant||M|||50|]Pelipper||FocusSash|Drizzle|Tailwind,Hurricane,RainDance,Protect|Bold||M|||50|]Archaludon||Leftovers|Stamina|ElectroShot,FlashCannon,DracoMeteor,BodySlam|Modest||F|||50|]Grimmsnarl||LightClay|Prankster|Reflect,LightScreen,SpiritBreak,PartingShot|Careful||M|||50|]Toxicroak||MysticWater|DrySkin|DrainPunch,SuckerPunch,Protect,GunkShot|Jolly||M|||50|]Wyrdeer||SitrusBerry|Intimidate|TrickRoom,Psychic,HelpingHand,Protect|Calm||M|||50|
|j| PorygonTheBot
|c| PorygonTheBot|Porygon has digitized into the match... booting up... successfully calibrating stats!
|
|t:|1785171431
|teamsize|p1|4
|teamsize|p2|4
|start
|switch|p1a: Gengar|Gengar, L50, M, shiny|100/100
|switch|p1b: Incineroar|Incineroar, L50, F|100/100
|switch|p2a: Swampert|Swampert, L50, M|100/100
|switch|p2b: Pelipper|Pelipper, L50, M, shiny|100/100
|-weather|RainDance|[from] ability: Drizzle|[of] p2b: Pelipper
|-ability|p1b: Incineroar|Intimidate|boost
|-unboost|p2a: Swampert|atk|1
|-unboost|p2b: Pelipper|atk|1
|turn|1
|
|t:|1785171491
|switch|p1b: Altaria|Altaria, L50, F|100/100
|-ability|p1b: Altaria|Cloud Nine
|detailschange|p1a: Gengar|Gengar-Mega, L50, M, shiny
|-mega|p1a: Gengar|Gengar|Gengarite
|detailschange|p2a: Swampert|Swampert-Mega, L50, M
|-mega|p2a: Swampert|Swampert|Swampertite
|move|p1a: Gengar|Energy Ball|p2a: Swampert
|-supereffective|p2a: Swampert|2
|-damage|p2a: Swampert|0 fnt
|faint|p2a: Swampert
|move|p2b: Pelipper|Tailwind|p2b: Pelipper
|-sidestart|p2: Tote1303|move: Tailwind
|
|-weather|RainDance|[upkeep]
|upkeep
|
|t:|1785171507
|switch|p2a: Archaludon|Archaludon, L50, F|100/100
|turn|2
|
|t:|1785171547
|move|p2b: Pelipper|Protect|p2b: Pelipper
|-singleturn|p2b: Pelipper|Protect
|move|p2a: Archaludon|Draco Meteor|p1b: Altaria
|-supereffective|p1b: Altaria|1
|-damage|p1b: Altaria|0 fnt
|-unboost|p2a: Archaludon|spa|2
|faint|p1b: Altaria
|move|p1a: Gengar|Thunderbolt|p2b: Pelipper
|-activate|p2b: Pelipper|move: Protect
|
|-weather|RainDance|[upkeep]
|upkeep
|
|t:|1785171558
|switch|p1b: Kommo-o|Kommo-o, L50, F|100/100
|turn|3
|
|t:|1785171618
|move|p1b: Kommo-o|Protect|p1b: Kommo-o
|-singleturn|p1b: Kommo-o|Protect
|move|p2a: Archaludon|Electro Shot||[still]
|-prepare|p2a: Archaludon|Electro Shot
|-boost|p2a: Archaludon|spa|1
|-anim|p2a: Archaludon|Electro Shot|p1a: Gengar
|-damage|p1a: Gengar|68/100
|move|p2b: Pelipper|Hurricane|p1b: Kommo-o
|-activate|p1b: Kommo-o|move: Protect
|move|p1a: Gengar|Thunderbolt|p2b: Pelipper
|-supereffective|p2b: Pelipper|2
|-enditem|p2b: Pelipper|Focus Sash
|-damage|p2b: Pelipper|1/100
|
|-weather|RainDance|[upkeep]
|upkeep
|turn|4
|
|t:|1785171655
|move|p1b: Kommo-o|Vacuum Wave|p2b: Pelipper
|-resisted|p2b: Pelipper|1
|-damage|p2b: Pelipper|0 fnt
|faint|p2b: Pelipper
|move|p2a: Archaludon|Draco Meteor|p1b: Kommo-o
|-supereffective|p1b: Kommo-o|1
|-damage|p1b: Kommo-o|0 fnt
|-unboost|p2a: Archaludon|spa|2
|faint|p1b: Kommo-o
|move|p1a: Gengar|Shadow Ball|p2a: Archaludon
|-damage|p2a: Archaludon|38/100
|-ability|p2a: Archaludon|Stamina|boost
|-boost|p2a: Archaludon|def|1
|
|-weather|RainDance|[upkeep]
|-heal|p2a: Archaludon|45/100|[from] item: Leftovers
|-sideend|p2: Tote1303|move: Tailwind
|upkeep
|
|t:|1785171669
|switch|p1b: Incineroar|Incineroar, L50, F|100/100
|switch|p2b: Grimmsnarl|Grimmsnarl, L50, M|100/100
|-ability|p1b: Incineroar|Intimidate|boost
|-unboost|p2a: Archaludon|atk|1
|-unboost|p2b: Grimmsnarl|atk|1
|turn|5
|
|t:|1785171707
|move|p1b: Incineroar|Fake Out|p2b: Grimmsnarl
|-damage|p2b: Grimmsnarl|86/100
|cant|p2b: Grimmsnarl|flinch
|move|p1a: Gengar|Shadow Ball|p2a: Archaludon
|-damage|p2a: Archaludon|0 fnt
|faint|p2a: Archaludon
|
|-weather|none
|upkeep
|turn|6
|
|t:|1785171728
|move|p2b: Grimmsnarl|Light Screen|p2b: Grimmsnarl
|-sidestart|p2: Tote1303|move: Light Screen
|move|p1a: Gengar|Thunderbolt|p2b: Grimmsnarl
|-damage|p2b: Grimmsnarl|67/100
|move|p1b: Incineroar|Darkest Lariat|p2b: Grimmsnarl
|-resisted|p2b: Grimmsnarl|2
|-damage|p2b: Grimmsnarl|58/100
|
|upkeep
|turn|7
|
|t:|1785171751
|move|p1a: Gengar|Shadow Ball|p2b: Grimmsnarl
|-resisted|p2b: Grimmsnarl|1
|-damage|p2b: Grimmsnarl|45/100
|move|p1b: Incineroar|Darkest Lariat|p2b: Grimmsnarl
|-resisted|p2b: Grimmsnarl|2
|-damage|p2b: Grimmsnarl|35/100
|move|p2b: Grimmsnarl|Spirit Break|p1b: Incineroar
|-damage|p1b: Incineroar|81/100
|-unboost|p1b: Incineroar|spa|1
|
|upkeep
|turn|8
|
|t:|1785171769
|move|p1a: Gengar|Shadow Ball|p2b: Grimmsnarl
|-resisted|p2b: Grimmsnarl|1
|-damage|p2b: Grimmsnarl|23/100
|-unboost|p2b: Grimmsnarl|spd|1
|move|p2b: Grimmsnarl|Spirit Break|p1b: Incineroar
|-damage|p1b: Incineroar|62/100
|-unboost|p1b: Incineroar|spa|1
|move|p1b: Incineroar|Darkest Lariat|p2b: Grimmsnarl
|-resisted|p2b: Grimmsnarl|2
|-damage|p2b: Grimmsnarl|12/100
|
|upkeep
|turn|9
|
|t:|1785171782
|move|p1a: Gengar|Shadow Ball|p2b: Grimmsnarl
|-resisted|p2b: Grimmsnarl|1
|-damage|p2b: Grimmsnarl|0 fnt
|faint|p2b: Grimmsnarl
|
|win|EGG_dude
