|j|☆myshirtisdirty
|j|☆TORVEX
|html|myshirtisdirtyTORVEX    
|uhtml|bestof|Game 1 of a best-of-3
|t:|1756960076
|gametype|doubles
|player|p1|myshirtisdirty|1|1110
|player|p2|TORVEX|acetrainer-gen4dp|1065
|gen|9
|tier|[Gen 9] VGC 2025 Reg H (Bo3)
|rated|
|rule|Species Clause: Limit one of each Pokémon
|rule|Item Clause: Limit 1 of each item
|clearpoke
|poke|p1|Sneasler, L50, M|
|poke|p1|Incineroar, L50, M|
|poke|p1|Ninetales-Alola, L50, F|
|poke|p1|Garchomp, L50, M|
|poke|p1|Indeedee, L50, M|
|poke|p1|Primarina, L50, F|
|poke|p2|Incineroar, L50, F|
|poke|p2|Sinistcha, L50|
|poke|p2|Garchomp, L50, M|
|poke|p2|Pelipper, L50, F|
|poke|p2|Palafin, L50, M|
|poke|p2|Archaludon, L50, F|
|teampreview|4
|showteam|p1|Sneasler||PsychicSeed|Unburden|Protect,CloseCombat,DireClaw,RockSlide|||M|||50|,,,,,Grass]Incineroar||SitrusBerry|Intimidate|FakeOut,FlareBlitz,KnockOff,PartingShot|||M|||50|,,,,,Ghost]Ninetales-Alola||NeverMeltIce|SnowWarning|AuroraVeil,FreezeDry,Blizzard,Protect|||F|||50|,,,,,Fire]Garchomp||LifeOrb|RoughSkin|RockSlide,ScaleShot,StompingTantrum,Protect|||M|||50|,,,,,Fairy]Indeedee||FocusSash|PsychicSurge|ExpandingForce,TrickRoom,DazzlingGleam,Protect|||M|||50|,,,,,Fairy]Primarina||ThroatSpray|LiquidVoice|HyperVoice,Moonblast,Protect,IceBeam|||F|||50|,,,,,Poison
|showteam|p2|Incineroar||SafetyGoggles|Intimidate|FakeOut,WillOWisp,KnockOff,PartingShot|||F|||50|,,,,,Grass]Sinistcha||BigRoot|Hospitality|Protect,RagePowder,MatchaGotcha,Hex||||||50|,,,,,Fire]Garchomp||LoadedDice|RoughSkin|Protect,ScaleShot,StompingTantrum,SwordsDance|||M|||50|,,,,,Steel]Pelipper||FocusSash|Drizzle|Protect,Tailwind,WeatherBall,Hurricane|||F|||50|,,,,,Ghost]Palafin||MysticWater|ZerotoHero|Protect,WaveCrash,JetPunch,DrainPunch|||M|||50|,,,,,Water]Archaludon||AssaultVest|Stamina|DragonPulse,FlashCannon,ElectroShot,BodyPress|||F|||50|,,,,,Grass
|inactive|Battle timer is ON: inactive players will automatically lose when time's up. (requested by TORVEX)
|inactive|myshirtisdirty has 60 seconds left.
|inactive|TORVEX has 60 seconds left.
|inactive|myshirtisdirty has 30 seconds left.
|inactive|myshirtisdirty has 20 seconds left.
|
|t:|1756960149
|teamsize|p1|4
|teamsize|p2|4
|start
|switch|p1a: Ninetales|Ninetales-Alola, L50, F|100/100
|switch|p1b: Garchomp|Garchomp, L50, M|100/100
|switch|p2a: Incineroar|Incineroar, L50, F|100/100
|switch|p2b: Archaludon|Archaludon, L50, F|100/100
|-weather|Snowscape|[from] ability: Snow Warning|[of] p1a: Ninetales
|-ability|p2a: Incineroar|Intimidate|boost
|-unboost|p1a: Ninetales|atk|1
|-unboost|p1b: Garchomp|atk|1
|turn|1
|inactive|myshirtisdirty has 30 seconds left.
|inactive|TORVEX has 30 seconds left.
|
|t:|1756960180
|move|p2a: Incineroar|Fake Out|p1b: Garchomp
|-damage|p1b: Garchomp|90/100
|-damage|p2a: Incineroar|88/100|[from] ability: Rough Skin|[of] p1b: Garchomp
|move|p1a: Ninetales|Aurora Veil|p1a: Ninetales
|-sidestart|p1: myshirtisdirty|move: Aurora Veil
|cant|p1b: Garchomp|flinch
|move|p2b: Archaludon|Flash Cannon|p1a: Ninetales
|-supereffective|p1a: Ninetales
|-damage|p1a: Ninetales|0 fnt
|faint|p1a: Ninetales
|
|-weather|Snowscape|[upkeep]
|upkeep
|
|t:|1756960191
|switch|p1a: Sneasler|Sneasler, L50, M|100/100
|turn|2
|inactive|TORVEX has 30 seconds left.
|inactive|TORVEX has 20 seconds left.
|inactive|TORVEX has 15 seconds left.
|inactive|TORVEX has 10 seconds left.
|inactive|TORVEX has 5 seconds left.
|
|t:|1756960242
|-terastallize|p2b: Archaludon|Grass
|move|p1a: Sneasler|Close Combat|p2b: Archaludon
|-damage|p2b: Archaludon|56/100
|-unboost|p1a: Sneasler|def|1
|-unboost|p1a: Sneasler|spd|1
|-ability|p2b: Archaludon|Stamina|boost
|-boost|p2b: Archaludon|def|1
|move|p1b: Garchomp|Stomping Tantrum|p2b: Archaludon
|-resisted|p2b: Archaludon
|-damage|p2b: Archaludon|39/100
|-ability|p2b: Archaludon|Stamina|boost
|-boost|p2b: Archaludon|def|1
|-damage|p1b: Garchomp|80/100|[from] item: Life Orb
|move|p2b: Archaludon|Dragon Pulse|p1b: Garchomp
|-supereffective|p1b: Garchomp
|-damage|p1b: Garchomp|16/100
|move|p2a: Incineroar|Parting Shot|p1a: Sneasler
|-unboost|p1a: Sneasler|atk|1
|-unboost|p1a: Sneasler|spa|1
|
|t:|1756960254
|switch|p2a: Sinistcha|Sinistcha, L50|100/100|[from] Parting Shot
|-heal|p2b: Archaludon|64/100|[from] ability: Hospitality|[of] p2a: Sinistcha
|
|-weather|Snowscape|[upkeep]
|upkeep
|turn|3
|inactive|myshirtisdirty has 30 seconds left.
|
|t:|1756960280
|switch|p1a: Primarina|Primarina, L50, F, shiny|100/100
|move|p1b: Garchomp|Protect|p1b: Garchomp
|-singleturn|p1b: Garchomp|Protect
|move|p2a: Sinistcha|Rage Powder|p2a: Sinistcha
|-singleturn|p2a: Sinistcha|move: Rage Powder
|move|p2b: Archaludon|Dragon Pulse|p1a: Primarina
|-immune|p1a: Primarina
|
|-weather|Snowscape|[upkeep]
|upkeep
|turn|4
|inactive|myshirtisdirty has 30 seconds left.
|
|t:|1756960309
|switch|p1b: Sneasler|Sneasler, L50, M|100/100
|switch|p2a: Pelipper|Pelipper, L50, F|100/100
|-weather|RainDance|[from] ability: Drizzle|[of] p2a: Pelipper
|-terastallize|p1a: Primarina|Poison
|move|p1a: Primarina|Hyper Voice|p2b: Archaludon|[spread] p2a,p2b
|-resisted|p2a: Pelipper
|-resisted|p2b: Archaludon
|-damage|p2a: Pelipper|66/100
|-damage|p2b: Archaludon|43/100
|-ability|p2b: Archaludon|Stamina|boost
|-boost|p2b: Archaludon|def|1
|-enditem|p1a: Primarina|Throat Spray
|-boost|p1a: Primarina|spa|1|[from] item: Throat Spray
|move|p2b: Archaludon|Electro Shot||[still]
|-prepare|p2b: Archaludon|Electro Shot
|-boost|p2b: Archaludon|spa|1
|-anim|p2b: Archaludon|Electro Shot|p1a: Primarina
|-damage|p1a: Primarina|57/100
|
|-weather|RainDance|[upkeep]
|upkeep
|turn|5
|inactive|myshirtisdirty has 30 seconds left.
|inactive|TORVEX has 30 seconds left.
|inactive|TORVEX has 20 seconds left.
|inactive|TORVEX has 15 seconds left.
|inactive|TORVEX has 10 seconds left.
|inactive|TORVEX has 5 seconds left.
|
|t:|1756960360
|switch|p2a: Sinistcha|Sinistcha, L50|100/100
|-heal|p2b: Archaludon|68/100|[from] ability: Hospitality|[of] p2a: Sinistcha
|move|p1b: Sneasler|Dire Claw|p2a: Sinistcha
|-damage|p2a: Sinistcha|60/100
|-status|p2a: Sinistcha|slp
|move|p1a: Primarina|Ice Beam|p2b: Archaludon
|-supereffective|p2b: Archaludon
|-crit|p2b: Archaludon
|-damage|p2b: Archaludon|0 fnt
|faint|p2b: Archaludon
|
|-weather|RainDance|[upkeep]
|-sideend|p1: myshirtisdirty|move: Aurora Veil
|upkeep
|
|t:|1756960378
|switch|p2b: Pelipper|Pelipper, L50, F|66/100
|turn|6
|inactive|myshirtisdirty has 30 seconds left.
|
|t:|1756960404
|move|p1b: Sneasler|Dire Claw|p2b: Pelipper
|-damage|p2b: Pelipper|19/100
|-status|p2b: Pelipper|slp
|move|p1a: Primarina|Ice Beam|p2a: Sinistcha
|-supereffective|p2a: Sinistcha
|-damage|p2a: Sinistcha|0 fnt
|faint|p2a: Sinistcha
|cant|p2b: Pelipper|slp
|
|-weather|RainDance|[upkeep]
|upkeep
|
|t:|1756960412
|switch|p2a: Incineroar|Incineroar, L50, F|88/100
|-ability|p2a: Incineroar|Intimidate|boost
|-unboost|p1a: Primarina|atk|1
|-unboost|p1b: Sneasler|atk|1
|turn|7
|
|t:|1756960432
|move|p1b: Sneasler|Close Combat|p2a: Incineroar
|-supereffective|p2a: Incineroar
|-damage|p2a: Incineroar|0 fnt
|-unboost|p1b: Sneasler|def|1
|-unboost|p1b: Sneasler|spd|1
|faint|p2a: Incineroar
|move|p1a: Primarina|Hyper Voice|p2b: Pelipper
|-resisted|p2b: Pelipper
|-damage|p2b: Pelipper|0 fnt
|faint|p2b: Pelipper
|
|win|myshirtisdirty
||myshirtisdirty is ready for game 2.
