|j|☆r4ka
|j|☆boncuss
|html|r4kaboncuss    
|uhtml|bestof|Game 1 of a best-of-3
|t:|1757173091
|gametype|doubles
|player|p1|r4ka|101|1222
|player|p2|boncuss|wattson|1132
|gen|9
|tier|[Gen 9] VGC 2025 Reg H (Bo3)
|rated|
|rule|Species Clause: Limit one of each Pokémon
|rule|Item Clause: Limit 1 of each item
|clearpoke
|poke|p1|Rillaboom, L50, F|
|poke|p1|Dragonite, L50, M|
|poke|p1|Sneasler, L50, F|
|poke|p1|Kingambit, L50, M|
|poke|p1|Electabuzz, L50, M|
|poke|p1|Volcarona, L50, M|
|poke|p2|Garganacl, L50, F|
|poke|p2|Tyranitar, L50, F|
|poke|p2|Glimmora, L50, F|
|poke|p2|Talonflame, L50, F|
|poke|p2|Excadrill, L50, M|
|poke|p2|Gastrodon, L50, M|
|teampreview|4
|showteam|p1|Rillaboom||AssaultVest|GrassySurge|FakeOut,HighHorsepower,WoodHammer,GrassyGlide|||F|||50|,,,,,Fire]Dragonite||LoadedDice|Multiscale|ExtremeSpeed,ScaleShot,Protect,Haze|||M|||50|,,,,,Steel]Sneasler||FocusSash|PoisonTouch|DireClaw,CloseCombat,FakeOut,Coaching|||F|||50|,,,,,Stellar]Kingambit||BlackGlasses|Defiant|KowtowCleave,SuckerPunch,SwordsDance,Protect|||M|||50|,,,,,Ghost]Electabuzz||Eviolite|VitalSpirit|Thunderbolt,Taunt,Protect,FollowMe|||M|||50|,,,,,Ghost]Volcarona||Leftovers|FlameBody|HeatWave,TeraBlast,QuiverDance,Protect|||M|||50|,,,,,Fairy
|showteam|p2|Garganacl||Leftovers|PurifyingSalt|SaltCure,Recover,WideGuard,Protect|||F|||50|,,,,,Grass]Tyranitar||AssaultVest|SandStream|RockSlide,KnockOff,LashOut,IcyWind|||F|||50|,,,,,Flying]Glimmora||PowerHerb|ToxicDebris|MeteorBeam,SpikyShield,SludgeBomb,EarthPower|||F|||50|,,,,,Grass]Talonflame||CovertCloak|GaleWings|DualWingbeat,Tailwind,WillOWisp,FlareBlitz|||F|||50|,,,,,Flying]Excadrill||ClearAmulet|SandRush|Protect,SwordsDance,Earthquake,IronHead|||M|||50|,,,,,Ghost]Gastrodon||SitrusBerry|StormDrain|EarthPower,MuddyWater,IceBeam,Protect|||M|||50|,,,,,Rock
|inactive|Battle timer is ON: inactive players will automatically lose when time's up. (requested by boncuss)
|
|t:|1757173117
|teamsize|p1|4
|teamsize|p2|4
|start
|switch|p1a: Rillaboom|Rillaboom, L50, F|100/100
|switch|p1b: Volcarona|Volcarona, L50, M|100/100
|switch|p2a: Talonflame|Talonflame, L50, F|100/100
|switch|p2b: Glimmora|Glimmora, L50, F|100/100
|-fieldstart|move: Grassy Terrain|[from] ability: Grassy Surge|[of] p1a: Rillaboom
|turn|1
|inactive|r4ka has 30 seconds left.
|
|t:|1757173143
|-terastallize|p2a: Talonflame|Flying
|move|p1b: Volcarona|Protect|p1b: Volcarona
|-singleturn|p1b: Volcarona|Protect
|move|p2a: Talonflame|Dual Wingbeat|p1a: Rillaboom
|-supereffective|p1a: Rillaboom
|-damage|p1a: Rillaboom|53/100
|-supereffective|p1a: Rillaboom
|-damage|p1a: Rillaboom|10/100
|-hitcount|p1a: Rillaboom|2
|move|p2b: Glimmora|Meteor Beam||[still]
|-prepare|p2b: Glimmora|Meteor Beam
|-boost|p2b: Glimmora|spa|1
|-enditem|p2b: Glimmora|Power Herb
|-anim|p2b: Glimmora|Meteor Beam|p1b: Volcarona
|-activate|p1b: Volcarona|move: Protect
|move|p1a: Rillaboom|High Horsepower|p2b: Glimmora
|-supereffective|p2b: Glimmora
|-damage|p2b: Glimmora|0 fnt
|-activate|p2b: Glimmora|ability: Toxic Debris
|-sidestart|p1: r4ka|move: Toxic Spikes
|faint|p2b: Glimmora
|
|-heal|p1a: Rillaboom|16/100|[from] Grassy Terrain
|upkeep
|
|t:|1757173156
|switch|p2b: Tyranitar|Tyranitar, L50, F|100/100
|-weather|Sandstorm|[from] ability: Sand Stream|[of] p2b: Tyranitar
|turn|2
|
|t:|1757173178
|switch|p1a: Kingambit|Kingambit, L50, M, shiny|100/100
|-terastallize|p1b: Volcarona|Fairy
|move|p2a: Talonflame|Tailwind|p2a: Talonflame
|-sidestart|p2: boncuss|move: Tailwind
|move|p2b: Tyranitar|Rock Slide|p1a: Kingambit|[spread] p1a,p1b
|-resisted|p1a: Kingambit
|-damage|p1a: Kingambit|89/100
|-damage|p1b: Volcarona|63/100
|move|p1b: Volcarona|Quiver Dance|p1b: Volcarona
|-boost|p1b: Volcarona|spa|1
|-boost|p1b: Volcarona|spd|1
|-boost|p1b: Volcarona|spe|1
|
|-weather|Sandstorm|[upkeep]
|-damage|p2a: Talonflame|95/100|[from] Sandstorm
|-damage|p1b: Volcarona|57/100|[from] Sandstorm
|-heal|p1b: Volcarona|63/100|[from] Grassy Terrain
|-heal|p1b: Volcarona|69/100|[from] item: Leftovers
|-heal|p1a: Kingambit|95/100|[from] Grassy Terrain
|upkeep
|turn|3
|
|t:|1757173199
|move|p1b: Volcarona|Protect|p1b: Volcarona
|-singleturn|p1b: Volcarona|Protect
|move|p1a: Kingambit|Sucker Punch||[still]
|-fail|p1a: Kingambit
|move|p2a: Talonflame|Will-O-Wisp|p1a: Kingambit
|-status|p1a: Kingambit|brn
|move|p2b: Tyranitar|Rock Slide|p1a: Kingambit|[spread] p1a
|-activate|p1b: Volcarona|move: Protect
|-resisted|p1a: Kingambit
|-damage|p1a: Kingambit|82/100 brn
|
|-weather|Sandstorm|[upkeep]
|-damage|p2a: Talonflame|89/100|[from] Sandstorm
|-damage|p1b: Volcarona|63/100|[from] Sandstorm
|-heal|p1b: Volcarona|69/100|[from] Grassy Terrain
|-heal|p1b: Volcarona|75/100|[from] item: Leftovers
|-heal|p1a: Kingambit|88/100 brn|[from] Grassy Terrain
|-damage|p1a: Kingambit|82/100 brn|[from] brn
|upkeep
|turn|4
|
|t:|1757173221
|move|p1a: Kingambit|Sucker Punch|p2a: Talonflame
|-damage|p2a: Talonflame|52/100
|move|p2a: Talonflame|Flare Blitz|p1b: Volcarona
|-damage|p1b: Volcarona|20/100
|-status|p2a: Talonflame|brn|[from] ability: Flame Body|[of] p1b: Volcarona
|-damage|p2a: Talonflame|31/100 brn|[from] Recoil
|move|p1b: Volcarona|Heat Wave|p2b: Tyranitar|[spread] p2b
|-miss|p1b: Volcarona|p2a: Talonflame
|-resisted|p2b: Tyranitar
|-damage|p2b: Tyranitar|89/100
|move|p2b: Tyranitar|Rock Slide|p1a: Kingambit|[spread] p1a
|-miss|p2b: Tyranitar|p1b: Volcarona
|-resisted|p1a: Kingambit
|-damage|p1a: Kingambit|70/100 brn
|
|-weather|Sandstorm|[upkeep]
|-damage|p2a: Talonflame|25/100 brn|[from] Sandstorm
|-damage|p1b: Volcarona|14/100|[from] Sandstorm
|-heal|p1b: Volcarona|20/100|[from] Grassy Terrain
|-heal|p1b: Volcarona|27/100|[from] item: Leftovers
|-heal|p2b: Tyranitar|95/100|[from] Grassy Terrain
|-heal|p1a: Kingambit|76/100 brn|[from] Grassy Terrain
|-damage|p2a: Talonflame|19/100 brn|[from] brn
|-damage|p1a: Kingambit|70/100 brn|[from] brn
|upkeep
|turn|5
|inactive|boncuss has 30 seconds left.
|inactive|boncuss has 20 seconds left.
|
|t:|1757173258
|switch|p2a: Excadrill|Excadrill, L50, M|100/100
|move|p1b: Volcarona|Protect|p1b: Volcarona
|-singleturn|p1b: Volcarona|Protect
|move|p2b: Tyranitar|Rock Slide|p1b: Volcarona|[spread] p1a
|-activate|p1b: Volcarona|move: Protect
|-resisted|p1a: Kingambit
|-damage|p1a: Kingambit|58/100 brn
|move|p1a: Kingambit|Kowtow Cleave|p2a: Excadrill
|-damage|p2a: Excadrill|65/100
|
|-weather|Sandstorm|[upkeep]
|-damage|p1b: Volcarona|20/100|[from] Sandstorm
|-heal|p2a: Excadrill|71/100|[from] Grassy Terrain
|-heal|p1b: Volcarona|27/100|[from] Grassy Terrain
|-heal|p1b: Volcarona|33/100|[from] item: Leftovers
|-heal|p2b: Tyranitar|100/100|[from] Grassy Terrain
|-heal|p1a: Kingambit|64/100 brn|[from] Grassy Terrain
|-damage|p1a: Kingambit|58/100 brn|[from] brn
|-sideend|p2: boncuss|move: Tailwind
|-fieldend|move: Grassy Terrain
|upkeep
|turn|6
|
|t:|1757173278
|move|p2a: Excadrill|Protect|p2a: Excadrill
|-singleturn|p2a: Excadrill|Protect
|move|p1a: Kingambit|Sucker Punch||[still]
|-fail|p1a: Kingambit
|move|p1b: Volcarona|Heat Wave|p2a: Excadrill|[spread] p2b
|-activate|p2a: Excadrill|move: Protect
|-resisted|p2b: Tyranitar
|-damage|p2b: Tyranitar|89/100
|move|p2b: Tyranitar|Rock Slide|p1a: Kingambit|[spread] p1a,p1b
|-resisted|p1a: Kingambit
|-damage|p1a: Kingambit|46/100 brn
|-damage|p1b: Volcarona|0 fnt
|faint|p1b: Volcarona
|
|-weather|none
|-damage|p1a: Kingambit|40/100 brn|[from] brn
|upkeep
|
|t:|1757173294
|switch|p1b: Sneasler|Sneasler, L50, F|100/100
|-sideend|p1: r4ka|move: Toxic Spikes|[of] p1b: Sneasler
|turn|7
|inactive|boncuss has 30 seconds left.
|
|t:|1757173321
|switch|p2a: Talonflame|Talonflame, L50, F, tera:Flying|19/100 brn
|move|p1a: Kingambit|Sucker Punch||[still]
|-fail|p1a: Kingambit
|move|p1b: Sneasler|Close Combat|p2a: Talonflame
|-resisted|p2a: Talonflame
|-damage|p2a: Talonflame|0 fnt
|-unboost|p1b: Sneasler|def|1
|-unboost|p1b: Sneasler|spd|1
|faint|p2a: Talonflame
|move|p2b: Tyranitar|Knock Off|p1b: Sneasler
|-resisted|p1b: Sneasler
|-damage|p1b: Sneasler|24/100
|-enditem|p1b: Sneasler|Focus Sash|[from] move: Knock Off|[of] p2b: Tyranitar
|
|-damage|p1a: Kingambit|34/100 brn|[from] brn
|upkeep
|
|t:|1757173327
|switch|p2a: Excadrill|Excadrill, L50, M|71/100
|turn|8
|
|t:|1757173346
|move|p1a: Kingambit|Sucker Punch|p2a: Excadrill
|-damage|p2a: Excadrill|40/100
|move|p1b: Sneasler|Close Combat|p2b: Tyranitar
|-supereffective|p2b: Tyranitar
|-damage|p2b: Tyranitar|0 fnt
|-unboost|p1b: Sneasler|def|1
|-unboost|p1b: Sneasler|spd|1
|faint|p2b: Tyranitar
|move|p2a: Excadrill|Earthquake|p1b: Sneasler|[spread] p1a,p1b
|-supereffective|p1a: Kingambit
|-supereffective|p1b: Sneasler
|-damage|p1a: Kingambit|0 fnt
|-damage|p1b: Sneasler|0 fnt
|faint|p1a: Kingambit
|faint|p1b: Sneasler
|
|upkeep
|
|t:|1757173359
|switch|p1b: Rillaboom|Rillaboom, L50, F|16/100
|-fieldstart|move: Grassy Terrain|[from] ability: Grassy Surge|[of] p1b: Rillaboom
|turn|9
|
|t:|1757173364
|move|p2a: Excadrill|Protect|p2a: Excadrill
|-singleturn|p2a: Excadrill|Protect
|move|p1b: Rillaboom|Grassy Glide|p2a: Excadrill
|-activate|p2a: Excadrill|move: Protect
|
|-heal|p1b: Rillaboom|22/100|[from] Grassy Terrain
|-heal|p2a: Excadrill|46/100|[from] Grassy Terrain
|upkeep
|turn|10
|
|t:|1757173368
|move|p1b: Rillaboom|Grassy Glide|p2a: Excadrill
|-damage|p2a: Excadrill|0 fnt
|faint|p2a: Excadrill
|
|win|r4ka
||r4ka is ready for game 2.
||boncuss is ready for game 2.
|uhtml|next|Next: Game 2 of 3
|l|☆boncuss
|player|p2|
