|j|☆HutchencemanR
|j|☆Zero_BlazeVGC
|html|HutchencemanRZero_BlazeVGC    
|uhtml|bestof|Game 2 of a best-of-3
|t:|1755727066
|gametype|doubles
|player|p1|HutchencemanR|acetrainersnow|1194
|player|p2|Zero_BlazeVGC|flint|1296
|gen|9
|tier|[Gen 9] VGC 2025 Reg H (Bo3)
|rated|
|rule|Species Clause: Limit one of each Pokémon
|rule|Item Clause: Limit 1 of each item
|clearpoke
|poke|p1|Dondozo, L50, M|
|poke|p1|Sneasler, L50, M|
|poke|p1|Gholdengo, L50|
|poke|p1|Dragonite, L50, F|
|poke|p1|Magmar, L50, M|
|poke|p1|Rillaboom, L50, M|
|poke|p2|Gholdengo, L50|
|poke|p2|Pelipper, L50, M|
|poke|p2|Basculegion, L50, M|
|poke|p2|Amoonguss, L50, F|
|poke|p2|Archaludon, L50, M|
|poke|p2|Incineroar, L50, M|
|teampreview|4
|showteam|p1|Dondozo||Leftovers|Unaware|Protect,Yawn,WaveCrash,Fissure|||M|||50|,,,,,Grass]Sneasler||FocusSash|Unburden|DireClaw,CloseCombat,Coaching,FakeOut|||M|||50|,,,,,Flying]Gholdengo||LifeOrb|GoodasGold|ShadowBall,MakeItRain,NastyPlot,Protect||||||50|,,,,,Water]Dragonite||LoadedDice|Multiscale|ScaleShot,Protect,ExtremeSpeed,LowKick|||F|||50|,,,,,Steel]Magmar||Eviolite|VitalSpirit|BurningJealousy,FollowMe,Taunt,Protect|||M|||50|,,,,,Flying]Rillaboom||AssaultVest|GrassySurge|WoodHammer,FakeOut,Uturn,GrassyGlide|||M|||50|,,,,,Grass
|showteam|p2|Gholdengo||LifeOrb|GoodasGold|Protect,NastyPlot,MakeItRain,ShadowBall||||||50|,,,,,Water]Pelipper||FocusSash|Drizzle|Protect,Tailwind,WeatherBall,Hurricane|||M|||50|,,,,,Stellar]Basculegion||ChoiceBand|SwiftSwim|AquaJet,WaveCrash,FlipTurn,LastRespects|||M|||50|,,,,,Fairy]Amoonguss||SitrusBerry|Regenerator|PollenPuff,Spore,RagePowder,Protect|||F|||50|,,,,,Fairy]Archaludon||AssaultVest|Stamina|ElectroShot,Snarl,FlashCannon,BodyPress|||M|||50|,,,,,Bug]Incineroar||SafetyGoggles|Intimidate|FakeOut,KnockOff,PartingShot,Taunt|||M|||50|,,,,,Ghost
|
|t:|1755727090
|teamsize|p1|4
|teamsize|p2|4
|start
|switch|p1a: Magmar|Magmar, L50, M, shiny|100/100
|switch|p1b: Rillaboom|Rillaboom, L50, M|100/100
|switch|p2a: Omega|Gholdengo, L50|100/100
|switch|p2b: Incineroar|Incineroar, L50, M|100/100
|-fieldstart|move: Grassy Terrain|[from] ability: Grassy Surge|[of] p1b: Rillaboom
|-ability|p2b: Incineroar|Intimidate|boost
|-unboost|p1a: Magmar|atk|1
|-unboost|p1b: Rillaboom|atk|1
|turn|1
|
|t:|1755727116
|move|p1b: Rillaboom|Fake Out|p2b: Incineroar
|-damage|p2b: Incineroar|91/100
|cant|p2b: Incineroar|flinch
|move|p2a: Omega|Nasty Plot|p2a: Omega
|-boost|p2a: Omega|spa|2
|move|p1a: Magmar|Burning Jealousy|p2a: Omega|[spread] p2a,p2b
|-supereffective|p2a: Omega
|-resisted|p2b: Incineroar
|-damage|p2a: Omega|51/100
|-damage|p2b: Incineroar|83/100
|-status|p2a: Omega|brn
|
|-heal|p2a: Omega|58/100 brn|[from] Grassy Terrain
|-heal|p2b: Incineroar|89/100|[from] Grassy Terrain
|-damage|p2a: Omega|51/100 brn|[from] brn
|upkeep
|turn|2
|
|t:|1755727146
|move|p2a: Omega|Protect|p2a: Omega
|-singleturn|p2a: Omega|Protect
|move|p1b: Rillaboom|U-turn|p2b: Incineroar
|-damage|p2b: Incineroar|72/100
|
|t:|1755727152
|switch|p1b: Sneasler|Sneasler, L50, M, shiny|100/100|[from] U-turn
|move|p2b: Incineroar|Parting Shot|p1b: Sneasler
|-unboost|p1b: Sneasler|atk|1
|-unboost|p1b: Sneasler|spa|1
|
|t:|1755727158
|switch|p2b: Benadryl|Amoonguss, L50, F|100/100|[from] Parting Shot
|move|p1a: Magmar|Taunt|p2b: Benadryl
|-start|p2b: Benadryl|move: Taunt
|
|-heal|p2a: Omega|58/100 brn|[from] Grassy Terrain
|-damage|p2a: Omega|51/100 brn|[from] brn
|upkeep
|turn|3
|
|t:|1755727185
|-terastallize|p2a: Omega|Water
|move|p1b: Sneasler|Dire Claw|p2b: Benadryl
|-damage|p2b: Benadryl|74/100
|move|p2a: Omega|Make It Rain|p1b: Sneasler|[spread] p1a,p1b
|-resisted|p1a: Magmar
|-damage|p1a: Magmar|55/100
|-enditem|p1b: Sneasler|Focus Sash
|-damage|p1b: Sneasler|1/100
|-unboost|p2a: Omega|spa|1
|-damage|p2a: Omega|42/100 brn|[from] item: Life Orb
|move|p1a: Magmar|Burning Jealousy|p2b: Benadryl|[spread] p2a,p2b
|-resisted|p2a: Omega
|-supereffective|p2b: Benadryl
|-damage|p2a: Omega|31/100 brn
|-damage|p2b: Benadryl|43/100
|-enditem|p2b: Benadryl|Sitrus Berry|[eat]
|-heal|p2b: Benadryl|68/100|[from] item: Sitrus Berry
|move|p2b: Benadryl|Pollen Puff|p2a: Omega
|-heal|p2a: Omega|81/100 brn
|
|-heal|p1b: Sneasler|7/100|[from] Grassy Terrain
|-heal|p2a: Omega|87/100 brn|[from] Grassy Terrain
|-heal|p1a: Magmar|61/100|[from] Grassy Terrain
|-heal|p2b: Benadryl|74/100|[from] Grassy Terrain
|-damage|p2a: Omega|81/100 brn|[from] brn
|upkeep
|turn|4
|
|t:|1755727214
|switch|p2b: Incineroar|Incineroar, L50, M|72/100
|-ability|p2b: Incineroar|Intimidate|boost
|-unboost|p1a: Magmar|atk|1
|-unboost|p1b: Sneasler|atk|1
|move|p2a: Omega|Protect|p2a: Omega
|-singleturn|p2a: Omega|Protect
|move|p1b: Sneasler|Close Combat|p2a: Omega
|-activate|p2a: Omega|move: Protect
|move|p1a: Magmar|Burning Jealousy|p2b: Incineroar|[spread] p2b
|-activate|p2a: Omega|move: Protect
|-resisted|p2b: Incineroar
|-damage|p2b: Incineroar|63/100
|
|-heal|p1b: Sneasler|13/100|[from] Grassy Terrain
|-heal|p2a: Omega|87/100 brn|[from] Grassy Terrain
|-heal|p2b: Incineroar|69/100|[from] Grassy Terrain
|-heal|p1a: Magmar|67/100|[from] Grassy Terrain
|-damage|p2a: Omega|81/100 brn|[from] brn
|upkeep
|turn|5
|
|t:|1755727234
|move|p1a: Magmar|Protect|p1a: Magmar
|-singleturn|p1a: Magmar|Protect
|move|p2b: Incineroar|Fake Out|p1b: Sneasler
|-damage|p1b: Sneasler|0 fnt
|faint|p1b: Sneasler
|move|p2a: Omega|Nasty Plot|p2a: Omega
|-boost|p2a: Omega|spa|2
|
|-heal|p2a: Omega|87/100 brn|[from] Grassy Terrain
|-heal|p2b: Incineroar|75/100|[from] Grassy Terrain
|-heal|p1a: Magmar|73/100|[from] Grassy Terrain
|-damage|p2a: Omega|81/100 brn|[from] brn
|-fieldend|move: Grassy Terrain
|upkeep
|
|t:|1755727247
|switch|p1b: Rillaboom|Rillaboom, L50, M|100/100
|-fieldstart|move: Grassy Terrain|[from] ability: Grassy Surge|[of] p1b: Rillaboom
|turn|6
|
|t:|1755727259
|switch|p2a: Metalman|Archaludon, L50, M|100/100
|-terastallize|p1b: Rillaboom|Grass
|move|p1a: Magmar|Follow Me|p1a: Magmar
|-singleturn|p1a: Magmar|move: Follow Me
|move|p1b: Rillaboom|Grassy Glide|p2a: Metalman
|-resisted|p2a: Metalman
|-damage|p2a: Metalman|90/100
|-ability|p2a: Metalman|Stamina|boost
|-boost|p2a: Metalman|def|1
|move|p2b: Incineroar|Knock Off|p1a: Magmar
|-damage|p1a: Magmar|45/100
|-enditem|p1a: Magmar|Eviolite|[from] move: Knock Off|[of] p2b: Incineroar
|
|-heal|p2a: Metalman|97/100|[from] Grassy Terrain
|-heal|p2b: Incineroar|81/100|[from] Grassy Terrain
|-heal|p1a: Magmar|50/100|[from] Grassy Terrain
|upkeep
|turn|7
|
|t:|1755727287
|move|p2a: Metalman|Body Press|p1a: Magmar
|-damage|p1a: Magmar|14/100
|move|p1b: Rillaboom|U-turn|p2b: Incineroar
|-damage|p2b: Incineroar|56/100
|-message|HutchencemanR forfeited.
|
|win|Zero_BlazeVGC
|l|☆HutchencemanR
|player|p1|
|raw|HutchencemanR's rating: 1194 → 1176(-18 for losing)
|raw|Zero_BlazeVGC's rating: 1296 → 1314(+18 for winning)
