|j|☆lorycana_
|j|☆Littlenap
|html|lorycana_Littlenap    
|uhtml|bestof|Game 3 of a best-of-3
|t:|1756640232
|gametype|doubles
|player|p1|lorycana_|102|1108
|player|p2|Littlenap|dawn|1169
|gen|9
|tier|[Gen 9] VGC 2025 Reg H (Bo3)
|rated|
|rule|Species Clause: Limit one of each Pokémon
|rule|Item Clause: Limit 1 of each item
|clearpoke
|poke|p1|Incineroar, L50, F|
|poke|p1|Pelipper, L50, M|
|poke|p1|Basculegion, L50, M|
|poke|p1|Amoonguss, L50, M|
|poke|p1|Maushold-Four, L50|
|poke|p1|Archaludon, L50, F|
|poke|p2|Kommo-o, L50, F|
|poke|p2|Tyranitar, L50, F|
|poke|p2|Excadrill, L50, F|
|poke|p2|Samurott-Hisui, L50, F|
|poke|p2|Corviknight, L50, F|
|poke|p2|Indeedee, L50, M|
|teampreview|4
|showteam|p1|Incineroar||SafetyGoggles|Intimidate|FakeOut,FlareBlitz,KnockOff,PartingShot|||F|||50|,,,,,Ghost]Pelipper||FocusSash|Drizzle|Hurricane,WeatherBall,Tailwind,Protect|||M|||50|,,,,,Ghost]Basculegion||MysticWater|SwiftSwim|Protect,WaveCrash,AquaJet,LastRespects|||M|||50|,,,,,Water]Amoonguss||SitrusBerry|Regenerator|Spore,RagePowder,PollenPuff,ClearSmog|||M|||50|,,,,,Water]Maushold-Four||WideLens|Technician|PopulationBomb,FollowMe,Taunt,Protect||||||50|,,,,,Grass]Archaludon||AssaultVest|Stamina|ElectroShot,DragonPulse,FlashCannon,BodyPress|||F|||50|,,,,,Grass
|showteam|p2|Kommo-o||ChoiceSpecs|Overcoat|ClangingScales,DracoMeteor,AuraSphere,TeraBlast|||F|||50|,,,,,Ghost]Tyranitar||ChoiceScarf|SandStream|RockSlide,KnockOff,TeraBlast,LowKick|||F|||50|,,,,,Flying]Excadrill||FocusSash|SandRush|HighHorsepower,IronHead,RockSlide,Protect|||F|||50|,,,,,Ghost]Samurott-Hisui||AssaultVest|Sharpness|NightSlash,RazorShell,SacredSword,SuckerPunch|||F|||50|,,,,,Grass]Corviknight||SitrusBerry|MirrorArmor|BulkUp,BraveBird,Taunt,Roost|||F|||50|,,,,,Dragon]Indeedee||PsychicSeed|PsychicSurge|Imprison,ExpandingForce,TrickRoom,Protect|||M|||50|,,,,,Fairy
|inactive|Battle timer is ON: inactive players will automatically lose when time's up. (requested by Littlenap)
|
|t:|1756640255
|teamsize|p1|4
|teamsize|p2|4
|start
|switch|p1a: Incineroar|Incineroar, L50, F|100/100
|switch|p1b: Archaludon|Archaludon, L50, F|100/100
|switch|p2a: Samurott|Samurott-Hisui, L50, F|100/100
|switch|p2b: Kommo-o|Kommo-o, L50, F|100/100
|-ability|p1a: Incineroar|Intimidate|boost
|-unboost|p2a: Samurott|atk|1
|-unboost|p2b: Kommo-o|atk|1
|turn|1
|
|t:|1756640278
|switch|p2a: Indeedee|Indeedee, L50, M|100/100
|-fieldstart|move: Psychic Terrain|[from] ability: Psychic Surge|[of] p2a: Indeedee
|-enditem|p2a: Indeedee|Psychic Seed
|-boost|p2a: Indeedee|spd|1|[from] item: Psychic Seed
|switch|p1a: Pelipper|Pelipper, L50, M|100/100
|-weather|RainDance|[from] ability: Drizzle|[of] p1a: Pelipper
|-terastallize|p1b: Archaludon|Grass
|-terastallize|p2b: Kommo-o|Ghost
|move|p1b: Archaludon|Electro Shot||[still]
|-prepare|p1b: Archaludon|Electro Shot
|-boost|p1b: Archaludon|spa|1
|-anim|p1b: Archaludon|Electro Shot|p2a: Indeedee
|-crit|p2a: Indeedee
|-damage|p2a: Indeedee|3/100
|move|p2b: Kommo-o|Clanging Scales|p1b: Archaludon|[spread] p1a,p1b
|-enditem|p1a: Pelipper|Focus Sash
|-damage|p1a: Pelipper|1/100
|-damage|p1b: Archaludon|60/100
|-ability|p1b: Archaludon|Stamina|boost
|-boost|p1b: Archaludon|def|1
|-unboost|p2b: Kommo-o|def|1
|
|-weather|RainDance|[upkeep]
|upkeep
|turn|2
|inactive|lorycana_ has 30 seconds left.
|inactive|Littlenap has 30 seconds left.
|inactive|lorycana_ has 20 seconds left.
|inactive|Littlenap has 20 seconds left.
|
|t:|1756640318
|switch|p1a: Incineroar|Incineroar, L50, F|100/100
|-ability|p1a: Incineroar|Intimidate|boost
|-unboost|p2a: Indeedee|atk|1
|-unboost|p2b: Kommo-o|atk|1
|move|p2a: Indeedee|Protect|p2a: Indeedee
|-singleturn|p2a: Indeedee|Protect
|move|p1b: Archaludon|Dragon Pulse|p2b: Kommo-o
|-damage|p2b: Kommo-o|39/100
|move|p2b: Kommo-o|Clanging Scales|p1a: Incineroar|[spread] p1a,p1b
|-damage|p1a: Incineroar|50/100
|-damage|p1b: Archaludon|22/100
|-ability|p1b: Archaludon|Stamina|boost
|-boost|p1b: Archaludon|def|1
|-unboost|p2b: Kommo-o|def|1
|
|-weather|RainDance|[upkeep]
|upkeep
|turn|3
|inactive|lorycana_ has 30 seconds left.
|
|t:|1756640343
|switch|p2b: Tyranitar|Tyranitar, L50, F|100/100
|-weather|Sandstorm|[from] ability: Sand Stream|[of] p2b: Tyranitar
|move|p2a: Indeedee|Expanding Force|p1a: Incineroar|[spread] p1b
|-immune|p1a: Incineroar
|-damage|p1b: Archaludon|0 fnt
|faint|p1b: Archaludon
|move|p1a: Incineroar|Knock Off|p2a: Indeedee
|-supereffective|p2a: Indeedee
|-damage|p2a: Indeedee|0 fnt
|faint|p2a: Indeedee
|
|-weather|Sandstorm|[upkeep]
|upkeep
|
|t:|1756640358
|switch|p2a: Kommo-o|Kommo-o, L50, F, tera:Ghost|39/100
|switch|p1b: Basculegion|Basculegion, L50, M|100/100
|turn|4
|
|t:|1756640375
|switch|p2b: Samurott|Samurott-Hisui, L50, F|100/100
|switch|p1a: Pelipper|Pelipper, L50, M|1/100
|-weather|RainDance|[from] ability: Drizzle|[of] p1a: Pelipper
|move|p1b: Basculegion|Last Respects|p2a: Kommo-o
|-supereffective|p2a: Kommo-o
|-damage|p2a: Kommo-o|0 fnt
|faint|p2a: Kommo-o
|
|-weather|RainDance|[upkeep]
|upkeep
|
|t:|1756640384
|switch|p2a: Tyranitar|Tyranitar, L50, F|100/100
|-weather|Sandstorm|[from] ability: Sand Stream|[of] p2a: Tyranitar
|turn|5
|
|t:|1756640402
|switch|p1a: Incineroar|Incineroar, L50, F|50/100
|-ability|p1a: Incineroar|Intimidate|boost
|-unboost|p2a: Tyranitar|atk|1
|-unboost|p2b: Samurott|atk|1
|move|p2a: Tyranitar|Low Kick|p1a: Incineroar
|-supereffective|p1a: Incineroar
|-damage|p1a: Incineroar|14/100
|move|p2b: Samurott|Night Slash|p1a: Incineroar
|-resisted|p1a: Incineroar
|-damage|p1a: Incineroar|0 fnt
|faint|p1a: Incineroar
|move|p1b: Basculegion|Wave Crash|p2a: Tyranitar
|-supereffective|p2a: Tyranitar
|-damage|p2a: Tyranitar|0 fnt
|faint|p2a: Tyranitar
|-damage|p1b: Basculegion|71/100|[from] Recoil
|
|-weather|Sandstorm|[upkeep]
|-damage|p2b: Samurott|94/100|[from] Sandstorm
|-damage|p1b: Basculegion|65/100|[from] Sandstorm
|-fieldend|move: Psychic Terrain
|upkeep
|
|t:|1756640422
|switch|p1a: Pelipper|Pelipper, L50, M|1/100
|-weather|RainDance|[from] ability: Drizzle|[of] p1a: Pelipper
|turn|6
|
|t:|1756640432
|move|p1a: Pelipper|Protect|p1a: Pelipper
|-singleturn|p1a: Pelipper|Protect
|move|p1b: Basculegion|Wave Crash|p2b: Samurott
|-resisted|p2b: Samurott
|-damage|p2b: Samurott|25/100
|-damage|p1b: Basculegion|45/100|[from] Recoil
|move|p2b: Samurott|Night Slash|p1a: Pelipper
|-activate|p1a: Pelipper|move: Protect
|
|-weather|RainDance|[upkeep]
|upkeep
|turn|7
|
|t:|1756640445
|move|p1b: Basculegion|Wave Crash|p2b: Samurott
|-resisted|p2b: Samurott
|-damage|p2b: Samurott|0 fnt
|faint|p2b: Samurott
|-damage|p1b: Basculegion|38/100|[from] Recoil
|
|win|lorycana_
|raw|lorycana_'s rating: 1108 → 1137(+29 for winning)
|raw|Littlenap's rating: 1169 → 1140(-29 for losing)
|l|☆Littlenap
|player|p2|
|c|☆lorycana_|Gg
|l|☆lorycana_
|player|p1|
|j|☆lorycana_
|player|p1|lorycana_|102|
