|j|☆googymoon
|j|☆metalblackknight
|html|googymoonmetalblackknight    
|uhtml|bestof|Game 1 of a best-of-3
|t:|1784296142
|gametype|doubles
|player|p1|googymoon|brawly|1066
|player|p2|metalblackknight|clerk|1135
|gen|9
|tier|[Gen 9 Champions] VGC 2026 Reg M-B (Bo3)
|rated|
|rule|Species Clause: Limit one of each Pokémon
|rule|Item Clause: Limit 1 of each item
|clearpoke
|poke|p1|Aggron, L50, M, shiny|
|poke|p1|Grimmsnarl, L50, M, shiny|
|poke|p1|Drampa, L50, M|
|poke|p1|Farigiraf, L50, F|
|poke|p1|Oranguru, L50, F|
|poke|p1|Pangoro, L50, F|
|poke|p2|Araquanid, L50, F|
|poke|p2|Pelipper, L50, M|
|poke|p2|Charizard, L50, M|
|poke|p2|Garchomp, L50, F|
|poke|p2|Annihilape, L50, M|
|poke|p2|Kingambit, L50, M|
|teampreview|4
|showteam|p1|Aggron||Aggronite|HeavyMetal|BodyPress,Rest,IronDefense,SleepTalk|Adamant||M|||50|]Grimmsnarl||LightClay|Prankster|LightScreen,SpiritBreak,FakeOut,Reflect|Adamant||M|||50|]Drampa||Drampanite|CloudNine|DracoMeteor,Blizzard,EnergyBall,Protect|Modest||M|||50|]Farigiraf||FocusSash|ArmorTail|TrickRoom,DazzlingGleam,NastyPlot,Protect|Modest||F|||50|]Oranguru||Leftovers|InnerFocus|Instruct,CalmMind,KnockOff,HyperVoice|Quiet||F|||50|]Pangoro||RoseliBerry|Scrappy|Entrainment,BulletPunch,CloseCombat,DrainPunch|Careful||F|||50|
|showteam|p2|Araquanid||MysticWater|WaterBubble|Liquidation,IcyWind,WideGuard,Entrainment|Adamant||F|||50|]Pelipper||SitrusBerry|Drizzle|Tailwind,WeatherBall,Hurricane,Protect|Modest||M|||50|]Charizard||CharizarditeY|Blaze|WeatherBall,HeatWave,SolarBeam,Protect|Timid||M|||50|]Garchomp||LifeOrb|RoughSkin|Earthquake,DragonClaw,RockSlide,Protect|Jolly||F|||50|]Annihilape||FocusSash|Defiant|CloseCombat,PhantomForce,RockTomb,Protect|Jolly||M|||50|]Kingambit||ChopleBerry|Defiant|KowtowCleave,IronHead,SuckerPunch,Protect|Brave||M|||50|
|inactive|Battle timer is ON: inactive players will automatically lose when time's up. (requested by metalblackknight)
|
|t:|1784296243
|teamsize|p1|4
|teamsize|p2|4
|start
|switch|p1a: Lofi|Grimmsnarl, L50, M, shiny|100/100
|switch|p1b: Diamonds 2|Farigiraf, L50, F|100/100
|switch|p2a: Charizard|Charizard, L50, M|100/100
|switch|p2b: Garchomp|Garchomp, L50, F|100/100
|turn|1
|inactive|googymoon has 30 seconds left.
|
|t:|1784296269
|detailschange|p2a: Charizard|Charizard-Mega-Y, L50, M
|-mega|p2a: Charizard|Charizard|Charizardite Y
|-weather|SunnyDay|[from] ability: Drought|[of] p2a: Charizard
|move|p1a: Lofi|Fake Out|p2a: Charizard
|-damage|p2a: Charizard|80/100
|move|p2b: Garchomp|Earthquake|p1b: Diamonds 2|[spread] p1a,p1b
|-immune|p2a: Charizard
|-damage|p1a: Lofi|26/100
|-damage|p1b: Diamonds 2|34/100
|-damage|p2b: Garchomp|90/100|[from] item: Life Orb
|cant|p2a: Charizard|flinch
|move|p1b: Diamonds 2|Trick Room|p1b: Diamonds 2
|-fieldstart|move: Trick Room|[of] p1b: Diamonds 2
|
|-weather|SunnyDay|[upkeep]
|upkeep
|turn|2
|inactive|googymoon has 30 seconds left.
|
|t:|1784296296
|switch|p2b: Kingambit|Kingambit, L50, M|100/100
|move|p1b: Diamonds 2|Dazzling Gleam|p2b: Kingambit|[spread] p2a,p2b
|-resisted|p2a: Charizard|1
|-damage|p2a: Charizard|69/100
|-damage|p2b: Kingambit|80/100
|move|p1a: Lofi|Spirit Break|p2a: Charizard
|-resisted|p2a: Charizard|1
|-damage|p2a: Charizard|40/100
|-unboost|p2a: Charizard|spa|1
|move|p2a: Charizard|Heat Wave|p1a: Lofi|[spread] p1a,p1b
|-damage|p1a: Lofi|0 fnt
|-damage|p1b: Diamonds 2|0 fnt
|faint|p1a: Lofi
|faint|p1b: Diamonds 2
|
|-weather|SunnyDay|[upkeep]
|upkeep
|
|t:|1784296312
|switch|p1a: Captain Davies|Aggron, L50, M, shiny|100/100
|switch|p1b: Contingency Panda|Pangoro, L50, F|100/100
|turn|3
|
|t:|1784296328
|switch|p2a: Araquanid|Araquanid, L50, F|100/100
|detailschange|p1a: Captain Davies|Aggron-Mega, L50, M, shiny
|-mega|p1a: Captain Davies|Aggron|Aggronite
|move|p2b: Kingambit|Iron Head|p1b: Contingency Panda
|-crit|p1b: Contingency Panda
|-damage|p1b: Contingency Panda|36/100
|move|p1a: Captain Davies|Body Press|p2a: Araquanid
|-resisted|p2a: Araquanid|1
|-damage|p2a: Araquanid|74/100
|cant|p1b: Contingency Panda|flinch
|
|-weather|SunnyDay|[upkeep]
|upkeep
|turn|4
|inactive|googymoon has 30 seconds left.
|
|t:|1784296353
|move|p2b: Kingambit|Iron Head|p1b: Contingency Panda
|-damage|p1b: Contingency Panda|0 fnt
|faint|p1b: Contingency Panda
|move|p2a: Araquanid|Liquidation|p1a: Captain Davies
|-damage|p1a: Captain Davies|78/100
|-unboost|p1a: Captain Davies|def|1
|move|p1a: Captain Davies|Iron Defense|p1a: Captain Davies
|-boost|p1a: Captain Davies|def|2
|
|-weather|SunnyDay|[upkeep]
|upkeep
|turn|5
|
|t:|1784296367
|move|p2b: Kingambit|Kowtow Cleave|p1a: Captain Davies
|-damage|p1a: Captain Davies|60/100
|move|p2a: Araquanid|Liquidation|p1a: Captain Davies
|-crit|p1a: Captain Davies
|-damage|p1a: Captain Davies|30/100
|move|p1a: Captain Davies|Iron Defense|p1a: Captain Davies
|-boost|p1a: Captain Davies|def|2
|
|-weather|none
|-fieldend|move: Trick Room
|upkeep
|turn|6
|
|t:|1784296380
|switch|p2b: Charizard|Charizard-Mega-Y, L50, M|40/100
|-weather|SunnyDay|[from] ability: Drought|[of] p2b: Charizard
|move|p1a: Captain Davies|Rest|p1a: Captain Davies
|-status|p1a: Captain Davies|slp|[from] move: Rest
|-heal|p1a: Captain Davies|100/100 slp|[silent]
|move|p2a: Araquanid|Liquidation|p1a: Captain Davies
|-damage|p1a: Captain Davies|93/100 slp
|
|-weather|SunnyDay|[upkeep]
|upkeep
|turn|7
|
|t:|1784296391
|switch|p2a: Garchomp|Garchomp, L50, F|90/100
|move|p2b: Charizard|Weather Ball|p1a: Captain Davies
|-supereffective|p1a: Captain Davies|1
|-damage|p1a: Captain Davies|0 fnt
|faint|p1a: Captain Davies
|
|win|metalblackknight
