|j|☆nutbuster151
|j|☆T1guel
|html|nutbuster151T1guel    
|uhtml|bestof|Game 2 of a best-of-3
|t:|1785074276
|gametype|doubles
|player|p1|nutbuster151|acetrainer|1202
|player|p2|T1guel|hilbert|1234
|gen|9
|tier|[Gen 9 Champions] VGC 2026 Reg M-B (Bo3)
|rated|
|rule|Species Clause: Limit one of each Pokémon
|rule|Item Clause: Limit 1 of each item
|clearpoke
|poke|p1|Aerodactyl, L50, M|
|poke|p1|Kingambit, L50, F|
|poke|p1|Sylveon, L50, M|
|poke|p1|Garchomp, L50, M|
|poke|p1|Charizard, L50, F|
|poke|p1|Incineroar, L50, M|
|poke|p2|Aggron, L50, M|
|poke|p2|Farigiraf, L50, M|
|poke|p2|Sinistcha, L50|
|poke|p2|Tyranitar, L50, M|
|poke|p2|Incineroar, L50, F|
|poke|p2|Delphox, L50, M|
|teampreview|4
|showteam|p1|Aerodactyl||Aerodactylite|Unnerve|RockSlide,IceFang,Tailwind,WideGuard|Jolly||M|||50|]Kingambit||FocusSash|Defiant|KowtowCleave,SuckerPunch,IronHead,Protect|Adamant||F|||50|]Sylveon||FairyFeather|Pixilate|Detect,HyperVoice,HyperBeam,QuickAttack|Modest||M|||50|]Garchomp||LifeOrb|RoughSkin|Earthquake,DragonClaw,StompingTantrum,Protect|Jolly||M|||50|]Charizard||CharizarditeY|Blaze|Protect,HeatWave,SolarBeam,WeatherBall|Modest||F|||50|]Incineroar||SitrusBerry|Intimidate|DarkestLariat,FlareBlitz,FakeOut,PartingShot|Impish||M|||50|
|showteam|p2|Aggron||Aggronite|Sturdy|BodyPress,HeavySlam,Protect,IronDefense|Sassy||M|||50|]Farigiraf||SitrusBerry|ArmorTail|Psychic,Thunderbolt,SkillSwap,TrickRoom|Relaxed||M|||50|]Sinistcha||Leftovers|Hospitality|MatchaGotcha,ShadowBall,Protect,RagePowder|Sassy|||||50|]Tyranitar||ChoiceScarf|SandStream|RockSlide,KnockOff,ThunderPunch,IcePunch|Jolly||M|||50|]Incineroar||ExpertBelt|Intimidate|FakeOut,FlareBlitz,PartingShot,CloseCombat|Adamant||F|||50|]Delphox||Delphoxite|Blaze|HeatWave,Psychic,Protect,NastyPlot|Timid||M|||50|
|inactive|Battle timer is ON: inactive players will automatically lose when time's up. (requested by T1guel)
|
|t:|1785074308
|teamsize|p1|4
|teamsize|p2|4
|start
|switch|p1a: Kingambit|Kingambit, L50, F|100/100
|switch|p1b: Garchomp|Garchomp, L50, M|100/100
|switch|p2a: Incineroar|Incineroar, L50, F|100/100
|switch|p2b: Farigiraf|Farigiraf, L50, M|100/100
|-ability|p2a: Incineroar|Intimidate|boost
|-unboost|p1a: Kingambit|atk|1
|-ability|p1a: Kingambit|Defiant|boost
|-boost|p1a: Kingambit|atk|2
|-unboost|p1b: Garchomp|atk|1
|turn|1
|inactive|nutbuster151 has 30 seconds left.
|inactive|nutbuster151 has 20 seconds left.
|inactive|nutbuster151 has 15 seconds left.
|inactive|T1guel has 30 seconds left.
|
|t:|1785074355
|switch|p1b: Charizard|Charizard, L50, F|100/100
|move|p1a: Kingambit|Protect|p1a: Kingambit
|-singleturn|p1a: Kingambit|Protect
|move|p2a: Incineroar|Flare Blitz|p1a: Kingambit
|-activate|p1a: Kingambit|move: Protect
|move|p2b: Farigiraf|Trick Room|p2b: Farigiraf
|-fieldstart|move: Trick Room|[of] p2b: Farigiraf
|
|upkeep
|turn|2
|inactive|nutbuster151 has 30 seconds left.
|inactive|T1guel has 30 seconds left.
|inactive|T1guel has 20 seconds left.
|
|t:|1785074400
|switch|p1b: Garchomp|Garchomp, L50, M|100/100
|move|p2b: Farigiraf|Thunderbolt|p1a: Kingambit
|-damage|p1a: Kingambit|76/100
|move|p2a: Incineroar|Flare Blitz|p1a: Kingambit
|-supereffective|p1a: Kingambit|1
|-damage|p1a: Kingambit|0 fnt
|faint|p1a: Kingambit
|-damage|p2a: Incineroar|76/100|[from] Recoil
|
|upkeep
|
|t:|1785074411
|switch|p1a: Charizard|Charizard, L50, F|100/100
|turn|3
|
|t:|1785074427
|detailschange|p1a: Charizard|Charizard-Mega-Y, L50, F
|-mega|p1a: Charizard|Charizard|Charizardite Y
|-weather|SunnyDay|[from] ability: Drought|[of] p1a: Charizard
|move|p2b: Farigiraf|Skill Swap|p2a: Incineroar
|-activate|p2b: Farigiraf|Skill Swap|||[of] p2a: Incineroar
|-ability|p2b: Farigiraf|Intimidate|boost
|-unboost|p1a: Charizard|atk|1
|-unboost|p1b: Garchomp|atk|1
|move|p2a: Incineroar|Parting Shot|p1b: Garchomp
|-unboost|p1b: Garchomp|atk|1
|-unboost|p1b: Garchomp|spa|1
|
|t:|1785074435
|switch|p2a: Tyranitar|Tyranitar, L50, M|100/100|[from] Parting Shot
|-weather|Sandstorm|[from] ability: Sand Stream|[of] p2a: Tyranitar
|move|p1a: Charizard|Heat Wave|p2b: Farigiraf|[spread] p2a,p2b
|-resisted|p2a: Tyranitar|1
|-crit|p2b: Farigiraf
|-damage|p2a: Tyranitar|85/100
|-damage|p2b: Farigiraf|36/100
|-status|p2b: Farigiraf|brn
|-enditem|p2b: Farigiraf|Sitrus Berry|[eat]
|-heal|p2b: Farigiraf|61/100 brn|[from] item: Sitrus Berry
|move|p1b: Garchomp|Earthquake|p2a: Tyranitar|[spread] p2a,p2b
|-immune|p1a: Charizard
|-supereffective|p2a: Tyranitar|1
|-damage|p2a: Tyranitar|39/100
|-damage|p2b: Farigiraf|43/100 brn
|-damage|p1b: Garchomp|90/100|[from] item: Life Orb
|
|-weather|Sandstorm|[upkeep]
|-damage|p2b: Farigiraf|37/100 brn|[from] Sandstorm
|-damage|p1a: Charizard|93/100|[from] Sandstorm
|-damage|p2b: Farigiraf|31/100 brn|[from] brn
|upkeep
|turn|4
|inactive|nutbuster151 has 30 seconds left.
|
|t:|1785074463
|switch|p2a: Incineroar|Incineroar, L50, F|76/100
|-ability|p2a: Incineroar|Intimidate|boost
|-unboost|p1a: Charizard|atk|1
|-unboost|p1b: Garchomp|atk|1
|move|p1a: Charizard|Protect|p1a: Charizard
|-singleturn|p1a: Charizard|Protect
|move|p2b: Farigiraf|Thunderbolt|p1a: Charizard
|-activate|p1a: Charizard|move: Protect
|move|p1b: Garchomp|Earthquake|p2b: Farigiraf|[spread] p2a,p2b
|-activate|p1a: Charizard|move: Protect
|-supereffective|p2a: Incineroar|1
|-crit|p2b: Farigiraf
|-damage|p2a: Incineroar|36/100
|-damage|p2b: Farigiraf|0 fnt
|faint|p2b: Farigiraf
|-damage|p1b: Garchomp|80/100|[from] item: Life Orb
|
|-weather|Sandstorm|[upkeep]
|-damage|p2a: Incineroar|30/100|[from] Sandstorm
|-damage|p1a: Charizard|87/100|[from] Sandstorm
|upkeep
|
|t:|1785074475
|switch|p2b: Tyranitar|Tyranitar, L50, M|39/100
|turn|5
|inactive|nutbuster151 has 30 seconds left.
|
|t:|1785074502
|switch|p1a: Sylveon|Sylveon, L50, M|100/100
|move|p2a: Incineroar|Fake Out|p1b: Garchomp
|-damage|p1b: Garchomp|65/100
|-damage|p2a: Incineroar|18/100|[from] ability: Rough Skin|[of] p1b: Garchomp
|cant|p1b: Garchomp|flinch
|move|p2b: Tyranitar|Rock Slide|p1b: Garchomp|[spread] p1a,p1b
|-resisted|p1b: Garchomp|1
|-damage|p1a: Sylveon|64/100
|-damage|p1b: Garchomp|51/100
|
|-weather|Sandstorm|[upkeep]
|-damage|p2a: Incineroar|12/100|[from] Sandstorm
|-damage|p1a: Sylveon|59/100|[from] Sandstorm
|-fieldend|move: Trick Room
|upkeep
|turn|6
|
|t:|1785074521
|switch|p2b: Aggron|Aggron, L50, M|100/100
|move|p1a: Sylveon|Detect|p1a: Sylveon
|-singleturn|p1a: Sylveon|Protect
|move|p1b: Garchomp|Earthquake|p2a: Incineroar|[spread] p2a,p2b
|-activate|p1a: Sylveon|move: Protect
|-supereffective|p2a: Incineroar|1
|-supereffective|p2b: Aggron|2
|-damage|p2a: Incineroar|0 fnt
|-damage|p2b: Aggron|53/100
|faint|p2a: Incineroar
|-damage|p1b: Garchomp|41/100|[from] item: Life Orb
|
|-weather|Sandstorm|[upkeep]
|-damage|p1a: Sylveon|53/100|[from] Sandstorm
|upkeep
|
|t:|1785074528
|switch|p2a: Tyranitar|Tyranitar, L50, M|39/100
|turn|7
|
|t:|1785074550
|move|p1b: Garchomp|Protect|p1b: Garchomp
|-singleturn|p1b: Garchomp|Protect
|move|p2a: Tyranitar|Rock Slide|p1b: Garchomp|[spread] p1a
|-activate|p1b: Garchomp|move: Protect
|-damage|p1a: Sylveon|18/100
|cant|p1a: Sylveon|flinch
|move|p2b: Aggron|Heavy Slam|p1a: Sylveon
|-supereffective|p1a: Sylveon|1
|-damage|p1a: Sylveon|0 fnt
|faint|p1a: Sylveon
|
|-weather|none
|upkeep
|
|t:|1785074565
|switch|p1a: Charizard|Charizard-Mega-Y, L50, F|87/100
|-weather|SunnyDay|[from] ability: Drought|[of] p1a: Charizard
|turn|8
|
|t:|1785074572
|detailschange|p2b: Aggron|Aggron-Mega, L50, M
|-mega|p2b: Aggron|Aggron|Aggronite
|move|p1a: Charizard|Protect|p1a: Charizard
|-singleturn|p1a: Charizard|Protect
|move|p2a: Tyranitar|Rock Slide|p1a: Charizard|[spread] p1b
|-activate|p1a: Charizard|move: Protect
|-resisted|p1b: Garchomp|1
|-damage|p1b: Garchomp|25/100
|cant|p1b: Garchomp|flinch
|move|p2b: Aggron|Body Press|p1b: Garchomp
|-damage|p1b: Garchomp|0 fnt
|-damage|p2b: Aggron|40/100|[from] ability: Rough Skin|[of] p1b: Garchomp
|faint|p1b: Garchomp
|
|-weather|SunnyDay|[upkeep]
|upkeep
|turn|9
|
|t:|1785074590
|move|p2a: Tyranitar|Rock Slide|p1a: Charizard
|-supereffective|p1a: Charizard|2
|-damage|p1a: Charizard|0 fnt
|faint|p1a: Charizard
|
|win|T1guel
|raw|nutbuster151's rating: 1202 → 1179(-23 for losing)
|raw|T1guel's rating: 1234 → 1257(+23 for winning)
|l|☆T1guel
|player|p2|
