|j|☆MrManlyMeep
|j|☆rennui-
|html|MrManlyMeeprennui-    
|uhtml|bestof|Game 1 of a best-of-3
|t:|1785007805
|gametype|doubles
|player|p1|MrManlyMeep|1|1170
|player|p2|rennui-|cheryl|1114
|gen|9
|tier|[Gen 9 Champions] VGC 2026 Reg M-B (Bo3)
|rated|
|rule|Species Clause: Limit one of each Pokémon
|rule|Item Clause: Limit 1 of each item
|clearpoke
|poke|p1|Clefable, L50, M|
|poke|p1|Tyranitar, L50, F|
|poke|p1|Gholdengo, L50|
|poke|p1|Ceruledge, L50, M|
|poke|p1|Lucario, L50, F|
|poke|p1|Hydreigon, L50, F|
|poke|p2|Kingambit, L50, F, shiny|
|poke|p2|Charizard, L50, M, shiny|
|poke|p2|Aerodactyl, L50, F|
|poke|p2|Farigiraf, L50, F, shiny|
|poke|p2|Garchomp, L50, M|
|poke|p2|Sylveon, L50, M|
|teampreview|4
|showteam|p1|Clefable||Clefablite|Unaware|FollowMe,CalmMind,Moonblast,Protect|Bold||M|||50|]Tyranitar||LumBerry|SandStream|StealthRock,KnockOff,RockSlide,Protect|Careful||F|||50|]Gholdengo||LifeOrb|GoodasGold|NastyPlot,MakeItRain,ShadowBall,Protect|Modest|||||50|]Ceruledge||ShucaBerry|FlashFire|BitterBlade,DragonClaw,ShadowSneak,Protect|Adamant||M|||50|]Lucario||Lucarionite|InnerFocus|AuraSphere,VacuumWave,FlashCannon,Protect|Timid||F|||50|]Hydreigon||ChoiceScarf|Levitate|DracoMeteor,DarkPulse,EarthPower,Snarl|Timid||F|||50|
|showteam|p2|Kingambit||FocusSash|Defiant|KowtowCleave,IronHead,SuckerPunch,LowKick|Adamant||F|||50|]Charizard||CharizarditeY|Blaze|HeatWave,SolarBeam,WeatherBall,Protect|Modest||M|||50|]Aerodactyl||Aerodactylite|Unnerve|RockSlide,DualWingbeat,IceFang,Tailwind|Jolly||F|||50|]Farigiraf||SitrusBerry|ArmorTail|TwinBeam,HelpingHand,TrickRoom,Protect|Bold||F|||50|]Garchomp||LifeOrb|RoughSkin|RockTomb,DragonClaw,StompingTantrum,Protect|Jolly||M|||50|]Sylveon||FairyFeather|Pixilate|HyperVoice,HyperBeam,QuickAttack,Protect|Modest||M|||50|
|inactive|Battle timer is ON: inactive players will automatically lose when time's up. (requested by rennui-)
|inactive|MrManlyMeep has 60 seconds left.
|
|t:|1785007841
|teamsize|p1|4
|teamsize|p2|4
|start
|switch|p1a: Tyranitar|Tyranitar, L50, F|100/100
|switch|p1b: Lucario|Lucario, L50, F|100/100
|switch|p2a: Aerodactyl|Aerodactyl, L50, F|100/100
|switch|p2b: Garchomp|Garchomp, L50, M|100/100
|-ability|p2a: Aerodactyl|Unnerve
|-weather|Sandstorm|[from] ability: Sand Stream|[of] p1a: Tyranitar
|turn|1
|
|t:|1785007862
|detailschange|p2a: Aerodactyl|Aerodactyl-Mega, L50, F
|-mega|p2a: Aerodactyl|Aerodactyl|Aerodactylite
|detailschange|p1b: Lucario|Lucario-Mega, L50, F
|-mega|p1b: Lucario|Lucario|Lucarionite
|move|p2a: Aerodactyl|Tailwind|p2a: Aerodactyl
|-sidestart|p2: rennui-|move: Tailwind
|move|p2b: Garchomp|Stomping Tantrum|p1a: Tyranitar
|-supereffective|p1a: Tyranitar|1
|-damage|p1a: Tyranitar|16/100
|-damage|p2b: Garchomp|90/100|[from] item: Life Orb
|move|p1b: Lucario|Aura Sphere|p2b: Garchomp
|-damage|p2b: Garchomp|23/100
|move|p1a: Tyranitar|Stealth Rock|p2b: Garchomp
|-sidestart|p2: rennui-|move: Stealth Rock
|
|-weather|Sandstorm|[upkeep]
|upkeep
|turn|2
|
|t:|1785007888
|move|p1b: Lucario|Vacuum Wave|p2b: Garchomp
|-damage|p2b: Garchomp|0 fnt
|faint|p2b: Garchomp
|move|p2a: Aerodactyl|Dual Wingbeat|p1b: Lucario
|-damage|p1b: Lucario|64/100
|-damage|p1b: Lucario|31/100
|-hitcount|p1b: Lucario|2
|move|p1a: Tyranitar|Rock Slide|p2a: Aerodactyl
|-supereffective|p2a: Aerodactyl|1
|-damage|p2a: Aerodactyl|23/100
|
|-weather|Sandstorm|[upkeep]
|upkeep
|
|t:|1785007894
|switch|p2b: Sylveon|Sylveon, L50, M|100/100
|-damage|p2b: Sylveon|88/100|[from] Stealth Rock
|turn|3
|
|t:|1785007915
|move|p1b: Lucario|Protect|p1b: Lucario
|-singleturn|p1b: Lucario|Protect
|move|p1a: Tyranitar|Protect|p1a: Tyranitar
|-singleturn|p1a: Tyranitar|Protect
|move|p2a: Aerodactyl|Dual Wingbeat|p1b: Lucario
|-activate|p1b: Lucario|move: Protect
|move|p2b: Sylveon|Hyper Voice|p1b: Lucario|[spread] 
|-activate|p1a: Tyranitar|move: Protect
|-activate|p1b: Lucario|move: Protect
|
|-weather|Sandstorm|[upkeep]
|-damage|p2b: Sylveon|82/100|[from] Sandstorm
|upkeep
|turn|4
|
|t:|1785007925
|move|p1b: Lucario|Vacuum Wave|p2a: Aerodactyl
|-damage|p2a: Aerodactyl|3/100
|move|p2a: Aerodactyl|Dual Wingbeat|p1b: Lucario
|-damage|p1b: Lucario|0 fnt
|faint|p1b: Lucario
|-hitcount|p1: Lucario|1
|move|p2b: Sylveon|Hyper Voice|p1a: Tyranitar
|-supereffective|p1a: Tyranitar|1
|-damage|p1a: Tyranitar|0 fnt
|faint|p1a: Tyranitar
|
|-weather|Sandstorm|[upkeep]
|-damage|p2b: Sylveon|76/100|[from] Sandstorm
|-sideend|p2: rennui-|move: Tailwind
|upkeep
|
|t:|1785007935
|switch|p1b: Ceruledge|Ceruledge, L50, M|100/100
|switch|p1a: Hydreigon|Hydreigon, L50, F|100/100
|turn|5
|
|t:|1785007948
|move|p1a: Hydreigon|Snarl|p2b: Sylveon|[spread] p2a,p2b
|-resisted|p2b: Sylveon|1
|-damage|p2a: Aerodactyl|0 fnt
|-damage|p2b: Sylveon|68/100
|-unboost|p2b: Sylveon|spa|1
|faint|p2a: Aerodactyl
|move|p1b: Ceruledge|Bitter Blade|p2b: Sylveon
|-damage|p2b: Sylveon|11/100
|move|p2b: Sylveon|Hyper Voice|p1a: Hydreigon|[spread] p1a,p1b
|-supereffective|p1a: Hydreigon|2
|-resisted|p1b: Ceruledge|1
|-damage|p1a: Hydreigon|0 fnt
|-damage|p1b: Ceruledge|83/100
|faint|p1a: Hydreigon
|
|-weather|none
|upkeep
|
|t:|1785007951
|switch|p2a: Kingambit|Kingambit, L50, F, shiny|100/100
|-damage|p2a: Kingambit|93/100|[from] Stealth Rock
|turn|6
|
|t:|1785007966
|move|p1b: Ceruledge|Shadow Sneak|p2b: Sylveon
|-damage|p2b: Sylveon|0 fnt
|faint|p2b: Sylveon
|move|p2a: Kingambit|Sucker Punch||[still]
|-fail|p2a: Kingambit
|
|upkeep
|turn|7
|
|t:|1785007972
|move|p2a: Kingambit|Sucker Punch|p1b: Ceruledge
|-supereffective|p1b: Ceruledge|1
|-damage|p1b: Ceruledge|0 fnt
|faint|p1b: Ceruledge
|
|win|rennui-
