|j|☆chuckie2274
|j|☆Rafax
|html|chuckie2274Rafax    
|uhtml|bestof|Game 1 of a best-of-3
|t:|1756862072
|gametype|doubles
|player|p1|chuckie2274|265|1030
|player|p2|Rafax|101|1144
|gen|9
|tier|[Gen 9] VGC 2025 Reg H (Bo3)
|rated|
|rule|Species Clause: Limit one of each Pokémon
|rule|Item Clause: Limit 1 of each item
|clearpoke
|poke|p1|Gholdengo, L50|
|poke|p1|Dondozo, L50, M|
|poke|p1|Incineroar, L50, M|
|poke|p1|Maushold, L50|
|poke|p1|Muk-Alola, L50, F|
|poke|p1|Ursaluna-Bloodmoon, L50, M|
|poke|p2|Indeedee-F, L50, F|
|poke|p2|Delphox, L50, F|
|poke|p2|Mienshao, L50, F|
|poke|p2|Murkrow, L50, M|
|poke|p2|Basculegion, L50, M|
|poke|p2|Sneasler, L50, M|
|teampreview|4
|showteam|p1|Gholdengo||ChoiceSpecs|GoodasGold|ShadowBall,MakeItRain,FlashCannon,PowerGem||||||50|,,,,,Steel]Dondozo||ChoiceBand|Unaware|WaveCrash,Avalanche,BodyPress,HeavySlam|||M|||50|,,,,,Water]Incineroar||AssaultVest|Intimidate|FakeOut,Uturn,KnockOff,FlareBlitz|||M|||50|,,,,,Ghost]Maushold||WideLens|Technician|PopulationBomb,Protect,BulletSeed,HyperVoice||||||50|,,,,,Ghost]Muk-Alola||BrightPowder|PoisonTouch|Minimize,Curse,PoisonJab,Protect|||F|||50|,,,,,Poison]Ursaluna-Bloodmoon||Leftovers|MindsEye|CalmMind,HighHorsepower,BloodMoon,Protect|||M|||50|,,,,,Ground
|showteam|p2|Indeedee-F||SafetyGoggles|PsychicSurge|Imprison,FollowMe,HelpingHand,TrickRoom|||F|||50|,,,,,Fairy]Delphox||LifeOrb|Blaze|ExpandingForce,HeatWave,FocusBlast,Protect|||F|||50|,,,,,Psychic]Mienshao||FocusSash|InnerFocus|DrainPunch,KnockOff,Taunt,WideGuard|||F|||50|,,,,,Dark]Murkrow||Eviolite|Prankster|FoulPlay,Tailwind,Haze,SunnyDay|||M|||50|,,,,,Ghost]Basculegion||ChoiceScarf|Adaptability|WaveCrash,FlipTurn,LastRespects,TeraBlast|||M|||50|,,,,,Grass]Sneasler||PsychicSeed|Unburden|CloseCombat,DireClaw,Acrobatics,Protect|||M|||50|,,,,,Flying
|j| buckeniers
|inactive|Battle timer is ON: inactive players will automatically lose when time's up. (requested by chuckie2274)
|
|t:|1756862124
|teamsize|p1|4
|teamsize|p2|4
|start
|switch|p1a: Maushold|Maushold, L50|100/100
|switch|p1b: Dondozo|Dondozo, L50, M|100/100
|switch|p2a: Mienshao|Mienshao, L50, F, shiny|100/100
|switch|p2b: Basculegion|Basculegion, L50, M|100/100
|turn|1
|inactive|chuckie2274 has 30 seconds left.
|inactive|Rafax has 30 seconds left.
|inactive|Rafax has 20 seconds left.
|inactive|Rafax has 15 seconds left.
|inactive|Rafax has 10 seconds left.
|
|t:|1756862173
|switch|p2a: Indeedee|Indeedee-F, L50, F, shiny|100/100
|-fieldstart|move: Psychic Terrain|[from] ability: Psychic Surge|[of] p2a: Indeedee
|switch|p1b: Incineroar|Incineroar, L50, M|100/100
|-ability|p1b: Incineroar|Intimidate|boost
|-unboost|p2a: Indeedee|atk|1
|-unboost|p2b: Basculegion|atk|1
|-terastallize|p1a: Maushold|Ghost
|move|p2b: Basculegion|Flip Turn|p1a: Maushold
|-damage|p1a: Maushold|56/100
|inactive|Rafax has 30 seconds left.
|
|t:|1756862199
|switch|p2b: Delphox|Delphox, L50, F|100/100|[from] Flip Turn
|move|p1a: Maushold|Population Bomb|p2a: Indeedee
|-damage|p2a: Indeedee|89/100
|-damage|p2a: Indeedee|77/100
|-damage|p2a: Indeedee|65/100
|-damage|p2a: Indeedee|54/100
|-damage|p2a: Indeedee|42/100
|-damage|p2a: Indeedee|31/100
|-damage|p2a: Indeedee|19/100
|-hitcount|p2a: Indeedee|7
|
|upkeep
|turn|2
|
|t:|1756862223
|move|p1a: Maushold|Protect|p1a: Maushold
|-singleturn|p1a: Maushold|Protect
|move|p2a: Indeedee|Follow Me|p2a: Indeedee
|-singleturn|p2a: Indeedee|move: Follow Me
|move|p2b: Delphox|Focus Blast|p1b: Incineroar
|-supereffective|p1b: Incineroar
|-damage|p1b: Incineroar|36/100
|-damage|p2b: Delphox|90/100|[from] item: Life Orb
|move|p1b: Incineroar|Knock Off|p2a: Indeedee
|-supereffective|p2a: Indeedee
|-damage|p2a: Indeedee|0 fnt
|-enditem|p2a: Indeedee|Safety Goggles|[from] move: Knock Off|[of] p1b: Incineroar
|faint|p2a: Indeedee
|
|upkeep
|
|t:|1756862235
|switch|p2a: Basculegion|Basculegion, L50, M|100/100
|turn|3
|
|t:|1756862260
|move|p2a: Basculegion|Flip Turn|p1b: Incineroar
|-supereffective|p1b: Incineroar
|-damage|p1b: Incineroar|0 fnt
|faint|p1b: Incineroar
|
|t:|1756862265
|switch|p2a: Mienshao|Mienshao, L50, F, shiny|100/100|[from] Flip Turn
|move|p1a: Maushold|Population Bomb|p2b: Delphox
|-damage|p2b: Delphox|72/100
|-damage|p2b: Delphox|52/100
|-crit|p2b: Delphox
|-damage|p2b: Delphox|24/100
|-damage|p2b: Delphox|6/100
|-damage|p2b: Delphox|0 fnt
|faint|p2b: Delphox
|-hitcount|p2: Delphox|5
|
|upkeep
|
|t:|1756862285
|switch|p2b: Basculegion|Basculegion, L50, M|100/100
|switch|p1b: Muk|Muk-Alola, L50, F|100/100
|turn|4
|inactive|Rafax has 30 seconds left.
|inactive|Rafax has 20 seconds left.
|
|t:|1756862321
|-terastallize|p2b: Basculegion|Grass
|move|p2b: Basculegion|Tera Blast|p1a: Maushold|[anim] Tera Blast Grass
|-damage|p1a: Maushold|0 fnt
|faint|p1a: Maushold
|move|p2a: Mienshao|Taunt|p1b: Muk
|-start|p1b: Muk|move: Taunt
|cant|p1b: Muk|move: Taunt|Minimize
|
|upkeep
|
|t:|1756862329
|switch|p1a: Dondozo|Dondozo, L50, M|100/100
|turn|5
|
|t:|1756862339
|move|p2b: Basculegion|Tera Blast|p1a: Dondozo|[anim] Tera Blast Grass
|-supereffective|p1a: Dondozo
|-damage|p1a: Dondozo|30/100
|move|p2a: Mienshao|Knock Off|p1a: Dondozo
|-damage|p1a: Dondozo|9/100
|-enditem|p1a: Dondozo|Choice Band|[from] move: Knock Off|[of] p2a: Mienshao
|move|p1b: Muk|Poison Jab|p2b: Basculegion
|-supereffective|p2b: Basculegion
|-damage|p2b: Basculegion|26/100
|move|p1a: Dondozo|Wave Crash|p2a: Mienshao
|-enditem|p2a: Mienshao|Focus Sash
|-damage|p2a: Mienshao|1/100
|-damage|p1a: Dondozo|0 fnt|[from] Recoil
|faint|p1a: Dondozo
|
|-fieldend|move: Psychic Terrain
|upkeep
|turn|6
|inactive|chuckie2274 has 30 seconds left.
|inactive|chuckie2274 has 20 seconds left.
|
|t:|1756862377
|move|p2b: Basculegion|Tera Blast|p1b: Muk|[anim] Tera Blast Grass
|-resisted|p1b: Muk
|-damage|p1b: Muk|69/100
|move|p2a: Mienshao|Drain Punch|p1b: Muk
|-damage|p1b: Muk|25/100
|-heal|p2a: Mienshao|35/100|[from] drain|[of] p1b: Muk
|move|p1b: Muk|Poison Jab|p2a: Mienshao
|-damage|p2a: Mienshao|0 fnt
|faint|p2a: Mienshao
|
|-end|p1b: Muk|move: Taunt
|upkeep
|turn|7
|inactive|chuckie2274 has 30 seconds left.
|
|t:|1756862410
|move|p1b: Muk|Protect|p1b: Muk
|-singleturn|p1b: Muk|Protect
|move|p2b: Basculegion|Tera Blast|p1b: Muk|[anim] Tera Blast Grass
|-activate|p1b: Muk|move: Protect
|
|upkeep
|turn|8
|
|t:|1756862419
|move|p2b: Basculegion|Tera Blast|p1b: Muk|[anim] Tera Blast Grass
|-resisted|p1b: Muk
|-damage|p1b: Muk|0 fnt
|faint|p1b: Muk
|
|win|Rafax
||chuckie2274 is ready for game 2.
