|j|☆sbhaga34
|j|☆ButterisBetter
|html|sbhaga34ButterisBetter    
|uhtml|bestof|Game 1 of a best-of-3
|t:|1784603989
|gametype|doubles
|player|p1|sbhaga34|hugh|1393
|player|p2|ButterisBetter|ethan|1231
|gen|9
|tier|[Gen 9 Champions] VGC 2026 Reg M-B (Bo3)
|rated|
|rule|Species Clause: Limit one of each Pokémon
|rule|Item Clause: Limit 1 of each item
|clearpoke
|poke|p1|Excadrill, L50, F|
|poke|p1|Tyranitar, L50, M|
|poke|p1|Corviknight, L50, M|
|poke|p1|Rotom-Wash, L50|
|poke|p1|Chandelure, L50, M|
|poke|p1|Scovillain, L50, M|
|poke|p2|Charizard, L50, F|
|poke|p2|Whimsicott, L50, F|
|poke|p2|Sneasler, L50, M|
|poke|p2|Venusaur, L50, M|
|poke|p2|Dragonite, L50, M|
|poke|p2|Blastoise, L50, F|
|teampreview|4
|showteam|p1|Excadrill||FocusSash|SandRush|Earthquake,IronHead,SwordsDance,Protect|Adamant||F|||50|]Tyranitar||Tyranitarite|SandStream|RockSlide,KnockOff,LowKick,Protect|Adamant||M|||50|]Corviknight||SharpBeak|MirrorArmor|BraveBird,Tailwind,BulkUp,Roost|Careful||M|||50|]Rotom-Wash||ChoiceScarf|Levitate|VoltSwitch,Thunderbolt,Electroweb,HydroPump|Timid|||||50|]Chandelure||ShucaBerry|FlashFire|HeatWave,ShadowBall,TrickRoom,Protect|Modest||M|||50|]Scovillain||Scovillainite|Chlorophyll|RagePowder,Overheat,GigaDrain,Protect|Calm||M|||50|
|showteam|p2|Charizard||CharizarditeY|SolarPower|HeatWave,SolarBeam,FocusBlast,Protect|Timid||F|||50|]Whimsicott||FocusSash|Prankster|Moonblast,Tailwind,Encore,FakeTears|Bold||F|||50|]Sneasler||WhiteHerb|Unburden|DireClaw,CloseCombat,ThroatChop,FakeOut|Adamant||M|||50|]Venusaur||WideLens|Chlorophyll|GigaDrain,EarthPower,SleepPowder,Protect|Modest||M|||50|]Dragonite||Dragoninite|Multiscale|DragonPulse,Thunderbolt,Flamethrower,Tailwind|Modest||M|||50|]Blastoise||Blastoisinite|Torrent|WaterSpout,AuraSphere,ShellSmash,Protect|Modest||F|||50|
|inactive|Battle timer is ON: inactive players will automatically lose when time's up. (requested by sbhaga34)
|
|t:|1784604065
|teamsize|p1|4
|teamsize|p2|4
|start
|switch|p1a: Rotom|Rotom-Wash, L50|100/100
|switch|p1b: Chandelure|Chandelure, L50, M|100/100
|switch|p2a: Whimsicott|Whimsicott, L50, F|100/100
|switch|p2b: Blastoise|Blastoise, L50, F|100/100
|turn|1
|
|t:|1784604083
|detailschange|p2b: Blastoise|Blastoise-Mega, L50, F
|-mega|p2b: Blastoise|Blastoise|Blastoisinite
|move|p1b: Chandelure|Protect|p1b: Chandelure
|-singleturn|p1b: Chandelure|Protect
|move|p2a: Whimsicott|Tailwind|p2a: Whimsicott
|-sidestart|p2: ButterisBetter|move: Tailwind
|move|p2b: Blastoise|Water Spout|p1b: Chandelure|[spread] p1a
|-activate|p1b: Chandelure|move: Protect
|-resisted|p1a: Rotom|1
|-damage|p1a: Rotom|69/100
|move|p1a: Rotom|Thunderbolt|p2b: Blastoise
|-supereffective|p2b: Blastoise|1
|-damage|p2b: Blastoise|29/100
|
|upkeep
|turn|2
|inactive|sbhaga34 has 30 seconds left.
|
|t:|1784604114
|move|p2b: Blastoise|Protect|p2b: Blastoise
|-singleturn|p2b: Blastoise|Protect
|move|p2a: Whimsicott|Encore|p1b: Chandelure
|-start|p1b: Chandelure|Encore
|move|p1b: Chandelure|Protect|p1b: Chandelure
|-singleturn|p1b: Chandelure|Protect
|move|p1a: Rotom|Thunderbolt|p2b: Blastoise
|-activate|p2b: Blastoise|move: Protect
|
|upkeep
|turn|3
|
|t:|1784604120
|switch|p1b: Tyranitar|Tyranitar, L50, M|100/100
|-weather|Sandstorm|[from] ability: Sand Stream|[of] p1b: Tyranitar
|move|p2a: Whimsicott|Fake Tears|p1a: Rotom
|-unboost|p1a: Rotom|spd|2
|move|p2b: Blastoise|Aura Sphere|p1a: Rotom
|-damage|p1a: Rotom|0 fnt
|faint|p1a: Rotom
|
|-weather|Sandstorm|[upkeep]
|-damage|p2a: Whimsicott|94/100|[from] Sandstorm
|-damage|p2b: Blastoise|23/100|[from] Sandstorm
|upkeep
|
|t:|1784604140
|switch|p1a: Chandelure|Chandelure, L50, M|100/100
|turn|4
|
|t:|1784604159
|move|p1b: Tyranitar|Protect|p1b: Tyranitar
|-singleturn|p1b: Tyranitar|Protect
|move|p2a: Whimsicott|Fake Tears|p1a: Chandelure
|-unboost|p1a: Chandelure|spd|2
|move|p2b: Blastoise|Aura Sphere|p1b: Tyranitar
|-activate|p1b: Tyranitar|move: Protect
|move|p1a: Chandelure|Trick Room|p1a: Chandelure
|-fieldstart|move: Trick Room|[of] p1a: Chandelure
|
|-weather|Sandstorm|[upkeep]
|-damage|p1a: Chandelure|94/100|[from] Sandstorm
|-damage|p2b: Blastoise|17/100|[from] Sandstorm
|-damage|p2a: Whimsicott|88/100|[from] Sandstorm
|-sideend|p2: ButterisBetter|move: Tailwind
|upkeep
|turn|5
|inactive|sbhaga34 has 30 seconds left.
|
|t:|1784604191
|move|p1a: Chandelure|Protect|p1a: Chandelure
|-singleturn|p1a: Chandelure|Protect
|move|p2a: Whimsicott|Encore|p1a: Chandelure
|-activate|p1a: Chandelure|move: Protect
|move|p1b: Tyranitar|Rock Slide|p2a: Whimsicott|[spread] p2a,p2b
|-damage|p2a: Whimsicott|64/100
|-damage|p2b: Blastoise|0 fnt
|faint|p2b: Blastoise
|
|-weather|Sandstorm|[upkeep]
|-damage|p1a: Chandelure|88/100|[from] Sandstorm
|-damage|p2a: Whimsicott|58/100|[from] Sandstorm
|upkeep
|
|t:|1784604198
|switch|p2b: Sneasler|Sneasler, L50, M|100/100
|turn|6
|
|t:|1784604212
|switch|p1a: Excadrill|Excadrill, L50, F|100/100
|move|p1b: Tyranitar|Protect|p1b: Tyranitar
|-singleturn|p1b: Tyranitar|Protect
|move|p2a: Whimsicott|Encore||[still]
|-fail|p2a: Whimsicott
|move|p2b: Sneasler|Close Combat|p1b: Tyranitar
|-activate|p1b: Tyranitar|move: Protect
|
|-weather|Sandstorm|[upkeep]
|-damage|p2a: Whimsicott|52/100|[from] Sandstorm
|-damage|p2b: Sneasler|94/100|[from] Sandstorm
|upkeep
|turn|7
|
|t:|1784604237
|switch|p1b: Chandelure|Chandelure, L50, M|88/100
|move|p1a: Excadrill|Protect|p1a: Excadrill
|-singleturn|p1a: Excadrill|Protect
|move|p2a: Whimsicott|Moonblast|p1a: Excadrill
|-activate|p1a: Excadrill|move: Protect
|move|p2b: Sneasler|Close Combat|p1a: Excadrill
|-activate|p1a: Excadrill|move: Protect
|
|-weather|none
|upkeep
|turn|8
|
|t:|1784604260
|move|p2a: Whimsicott|Encore|p1a: Excadrill
|-start|p1a: Excadrill|Encore
|move|p1a: Excadrill|Protect||[still]
|-fail|p1a: Excadrill
|move|p1b: Chandelure|Heat Wave|p2b: Sneasler|[spread] p2a,p2b
|-supereffective|p2a: Whimsicott|1
|-damage|p2a: Whimsicott|0 fnt
|-damage|p2b: Sneasler|38/100
|-status|p2b: Sneasler|brn
|faint|p2a: Whimsicott
|move|p2b: Sneasler|Throat Chop|p1b: Chandelure
|-supereffective|p1b: Chandelure|1
|-damage|p1b: Chandelure|49/100
|-start|p1b: Chandelure|Throat Chop|[silent]
|
|-damage|p2b: Sneasler|33/100 brn|[from] brn
|-fieldend|move: Trick Room
|upkeep
|
|t:|1784604264
|switch|p2a: Venusaur|Venusaur, L50, M|100/100
|turn|9
|
|t:|1784604287
|switch|p1a: Tyranitar|Tyranitar, L50, M|100/100
|-weather|Sandstorm|[from] ability: Sand Stream|[of] p1a: Tyranitar
|move|p2b: Sneasler|Close Combat|p1b: Chandelure
|-immune|p1b: Chandelure
|move|p2a: Venusaur|Earth Power|p1b: Chandelure
|-supereffective|p1b: Chandelure|1
|-enditem|p1b: Chandelure|Shuca Berry|[eat]
|-enditem|p1b: Chandelure|Shuca Berry|[weaken]
|-damage|p1b: Chandelure|18/100
|move|p1b: Chandelure|Heat Wave|p2b: Sneasler|[spread] p2a
|-miss|p1b: Chandelure|p2b: Sneasler
|-supereffective|p2a: Venusaur|1
|-damage|p2a: Venusaur|12/100
|
|-weather|Sandstorm|[upkeep]
|-damage|p2b: Sneasler|27/100 brn|[from] Sandstorm
|-damage|p2a: Venusaur|6/100|[from] Sandstorm
|-damage|p1b: Chandelure|12/100|[from] Sandstorm
|-damage|p2b: Sneasler|21/100 brn|[from] brn
|-end|p1b: Chandelure|Throat Chop|[silent]
|upkeep
|turn|10
|
|t:|1784604305
|move|p1a: Tyranitar|Protect|p1a: Tyranitar
|-singleturn|p1a: Tyranitar|Protect
|move|p2b: Sneasler|Close Combat|p1a: Tyranitar
|-activate|p1a: Tyranitar|move: Protect
|move|p2a: Venusaur|Giga Drain|p1b: Chandelure
|-resisted|p1b: Chandelure|1
|-damage|p1b: Chandelure|0 fnt
|-heal|p2a: Venusaur|13/100|[from] drain|[of] p1b: Chandelure
|faint|p1b: Chandelure
|
|-weather|Sandstorm|[upkeep]
|-damage|p2b: Sneasler|15/100 brn|[from] Sandstorm
|-damage|p2a: Venusaur|7/100|[from] Sandstorm
|-damage|p2b: Sneasler|10/100 brn|[from] brn
|upkeep
|
|t:|1784604314
|switch|p1b: Excadrill|Excadrill, L50, F|100/100
|turn|11
|
|t:|1784604321
|move|p1a: Tyranitar|Protect|p1a: Tyranitar
|-singleturn|p1a: Tyranitar|Protect
|move|p1b: Excadrill|Earthquake|p2a: Venusaur|[spread] p2a,p2b
|-activate|p1a: Tyranitar|move: Protect
|-supereffective|p2b: Sneasler|1
|-damage|p2a: Venusaur|0 fnt
|-damage|p2b: Sneasler|0 fnt
|faint|p2a: Venusaur
|faint|p2b: Sneasler
|
|win|sbhaga34
