|j|☆NegaiFreak
|j|☆138mysx
|html|NegaiFreak138mysx    
|uhtml|bestof|Game 2 of a best-of-3
|t:|1784831393
|gametype|doubles
|player|p1|NegaiFreak|266|1157
|player|p2|138mysx|266|1041
|gen|9
|tier|[Gen 9 Champions] VGC 2026 Reg M-B (Bo3)
|rated|
|rule|Species Clause: Limit one of each Pokémon
|rule|Item Clause: Limit 1 of each item
|clearpoke
|poke|p1|Pelipper, L50, F|
|poke|p1|Tinkaton, L50, F|
|poke|p1|Sneasler, L50, M|
|poke|p1|Sinistcha, L50|
|poke|p1|Blastoise, L50, M|
|poke|p1|Farigiraf, L50, F|
|poke|p2|Kommo-o, L50, M|
|poke|p2|Glimmora, L50, M|
|poke|p2|Ninetales-Alola, L50, M|
|poke|p2|Kingambit, L50, F|
|poke|p2|Sneasler, L50, M|
|poke|p2|Talonflame, L50, F|
|teampreview|4
|showteam|p1|Pelipper||FocusSash|Drizzle|WeatherBall,Hurricane,Tailwind,Protect|Modest||F|||50|]Tinkaton||Leftovers|MoldBreaker|GigatonHammer,FakeOut,PlayRough,Feint|Adamant||F|||50|]Sneasler||WhiteHerb|Unburden|FakeOut,DireClaw,CloseCombat,Protect|Adamant||M|||50|]Sinistcha||SitrusBerry|Hospitality|MatchaGotcha,RagePowder,LifeDew,TrickRoom|Relaxed|||||50|]Blastoise||Blastoisinite|Torrent|DarkPulse,WaterSpout,ShellSmash,Protect|Modest||M|||50|]Farigiraf||ColburBerry|ArmorTail|TrickRoom,RainDance,Psychic,Thunderbolt|Bold||F|||50|
|showteam|p2|Kommo-o||LifeOrb|Bulletproof|VacuumWave,ClangingScales,AuraSphere,Protect|Modest||M|||50|]Glimmora||Glimmoranite|ToxicDebris|PowerGem,SludgeBomb,EarthPower,SpikyShield|Timid||M|||50|]Ninetales-Alola||NeverMeltIce|SnowWarning|Blizzard,FreezeDry,AuroraVeil,Protect|Timid||M|||50|]Kingambit||BlackGlasses|Defiant|KowtowCleave,SuckerPunch,SwordsDance,Protect|Adamant||F|||50|]Sneasler||FocusSash|PoisonTouch|FakeOut,PoisonJab,CloseCombat,Protect|Jolly||M|||50|]Talonflame||SharpBeak|GaleWings|DualWingbeat,FlareBlitz,Tailwind,Protect|Jolly||F|||50|
|inactive|Battle timer is ON: inactive players will automatically lose when time's up. (requested by NegaiFreak)
|
|t:|1784831418
|teamsize|p1|4
|teamsize|p2|4
|start
|switch|p1a: Sneasler|Sneasler, L50, M|100/100
|switch|p1b: Blastoise|Blastoise, L50, M|100/100
|switch|p2a: Ninetales|Ninetales-Alola, L50, M|100/100
|switch|p2b: Kingambit|Kingambit, L50, F|100/100
|-weather|Snowscape|[from] ability: Snow Warning|[of] p2a: Ninetales
|turn|1
|
|t:|1784831432
|detailschange|p1b: Blastoise|Blastoise-Mega, L50, M
|-mega|p1b: Blastoise|Blastoise|Blastoisinite
|move|p2b: Kingambit|Protect|p2b: Kingambit
|-singleturn|p2b: Kingambit|Protect
|move|p1a: Sneasler|Fake Out|p2b: Kingambit
|-activate|p2b: Kingambit|move: Protect
|move|p2a: Ninetales|Freeze-Dry|p1b: Blastoise
|-supereffective|p1b: Blastoise|1
|-damage|p1b: Blastoise|37/100
|move|p1b: Blastoise|Shell Smash|p1b: Blastoise
|-unboost|p1b: Blastoise|def|1
|-unboost|p1b: Blastoise|spd|1
|-boost|p1b: Blastoise|atk|2
|-boost|p1b: Blastoise|spa|2
|-boost|p1b: Blastoise|spe|2
|
|-weather|Snowscape|[upkeep]
|upkeep
|turn|2
|
|t:|1784831454
|move|p1b: Blastoise|Protect|p1b: Blastoise
|-singleturn|p1b: Blastoise|Protect
|move|p2b: Kingambit|Sucker Punch|p1a: Sneasler
|-resisted|p1a: Sneasler|1
|-damage|p1a: Sneasler|55/100
|move|p2a: Ninetales|Blizzard|p1b: Blastoise|[spread] p1a
|-activate|p1b: Blastoise|move: Protect
|-damage|p1a: Sneasler|0 fnt
|faint|p1a: Sneasler
|
|-weather|Snowscape|[upkeep]
|upkeep
|inactive|NegaiFreak has 30 seconds left.
|
|t:|1784831480
|switch|p1a: Pelipper|Pelipper, L50, F|100/100
|-weather|RainDance|[from] ability: Drizzle|[of] p1a: Pelipper
|turn|3
|c|☆NegaiFreak|Whatever
|
|t:|1784831496
|switch|p1a: Farigiraf|Farigiraf, L50, F|100/100
|move|p2b: Kingambit|Sucker Punch||[still]
|cant|p1a: Farigiraf|ability: Armor Tail|Sucker Punch|[of] p2b: Kingambit
|move|p1b: Blastoise|Water Spout|p2b: Kingambit|[spread] p2a,p2b
|-damage|p2a: Ninetales|17/100
|-damage|p2b: Kingambit|30/100
|move|p2a: Ninetales|Freeze-Dry|p1a: Farigiraf
|-damage|p1a: Farigiraf|71/100
|
|-weather|RainDance|[upkeep]
|upkeep
|turn|4
|c|☆138mysx|Nice play
|c|☆138mysx|I forgot farig
|inactive|138mysx has 30 seconds left.
|
|t:|1784831525
|switch|p2a: Kommo-o|Kommo-o, L50, M|100/100
|move|p2b: Kingambit|Protect|p2b: Kingambit
|-singleturn|p2b: Kingambit|Protect
|move|p1b: Blastoise|Water Spout|p2b: Kingambit|[spread] p2a
|-activate|p2b: Kingambit|move: Protect
|-resisted|p2a: Kommo-o|1
|-damage|p2a: Kommo-o|63/100
|move|p1a: Farigiraf|Psychic|p2a: Kommo-o
|-supereffective|p2a: Kommo-o|1
|-damage|p2a: Kommo-o|0 fnt
|faint|p2a: Kommo-o
|
|-weather|RainDance|[upkeep]
|upkeep
|
|t:|1784831534
|switch|p2a: Ninetales|Ninetales-Alola, L50, M|17/100
|-weather|Snowscape|[from] ability: Snow Warning|[of] p2a: Ninetales
|turn|5
|inactive|138mysx has 30 seconds left.
|inactive|138mysx has 20 seconds left.
|inactive|138mysx has 15 seconds left.
|inactive|138mysx has 10 seconds left.
|inactive|138mysx has 5 seconds left.
|
|t:|1784831585
|move|p2b: Kingambit|Protect||[still]
|-fail|p2b: Kingambit
|move|p1b: Blastoise|Water Spout|p2b: Kingambit|[spread] p2a,p2b
|-damage|p2a: Ninetales|0 fnt
|-damage|p2b: Kingambit|0 fnt
|faint|p2a: Ninetales
|faint|p2b: Kingambit
|move|p1a: Farigiraf|Rain Dance|p1a: Farigiraf
|-weather|RainDance
|
|-weather|RainDance|[upkeep]
|upkeep
|-message|138mysx forfeited.
|
|win|NegaiFreak
||138mysx is ready for game 3.
||NegaiFreak is ready for game 3.
|uhtml|next|Next: Game 3 of 3
|l|☆138mysx
|player|p2|
