|j|☆SlobCat47
|j|☆Fervvvvv
|html|SlobCat47Fervvvvv    
|uhtml|bestof|Game 3 of a best-of-3
|t:|1783120938
|gametype|doubles
|player|p1|SlobCat47|1|
|player|p2|Fervvvvv|bugcatcher-gen4dp|
|gen|9
|tier|[Gen 9 Champions] VGC 2026 Reg M-B (Bo3)
|rule|Species Clause: Limit one of each Pokémon
|rule|Item Clause: Limit 1 of each item
|clearpoke
|poke|p1|Staraptor, L50, M|
|poke|p1|Oranguru, L50, F|
|poke|p1|Ninetales-Alola, L50, M|
|poke|p1|Garchomp, L50, M|
|poke|p1|Beedrill, L50, M|
|poke|p1|Lucario, L50, F|
|poke|p2|Sinistcha, L50|
|poke|p2|Snorlax, L50, F|
|poke|p2|Hawlucha, L50, F|
|poke|p2|Slowbro, L50, M|
|poke|p2|Incineroar, L50, M|
|poke|p2|Azumarill, L50, M|
|teampreview|4
|showteam|p1|Staraptor||SharpBeak|Reckless|BraveBird,CloseCombat,HelpingHand,Uturn|Jolly||M|||50|]Oranguru||ColburBerry|InnerFocus|LightScreen,Encore,Extrasensory,TrickRoom|Sassy||F|||50|]Ninetales-Alola||Leftovers|SnowWarning|DazzlingGleam,IceBeam,Blizzard,AuroraVeil|Timid||M|||50|]Garchomp||LifeOrb|RoughSkin|Earthquake,Crunch,DragonClaw,DragonTail|Jolly||M|||50|]Beedrill||Beedrillite|Swarm|XScissor,PoisonJab,DrillRun,Uturn|Jolly||M|||50|]Lucario||Lucarionite|InnerFocus|AuraSphere,FlashCannon,Detect,VacuumWave|Modest||F|||50|
|showteam|p2|Sinistcha||CobaBerry|Heatproof|TrickRoom,Reflect,MatchaGotcha,Protect|Relaxed|||||50|]Snorlax||Leftovers|ThickFat|Curse,HeavySlam,BodyPress,Protect|Relaxed||F|||50|]Hawlucha||Hawluchanite|MoldBreaker|StoneEdge,BraveBird,Uturn,Protect|Brave||F|||50|]Slowbro||ExpertBelt|Regenerator|Flamethrower,IceBeam,Scald,Protect|Quiet||M|||50|]Incineroar||FocusSash|Blaze|FakeOut,WillOWisp,FlareBlitz,Protect|Sassy||M|||50|]Azumarill||LifeOrb|HugePower|PlayRough,AquaJet,KnockOff,BrickBreak|Adamant||M|||50|
|j| PJG4487
|
|t:|1783121048
|teamsize|p1|4
|teamsize|p2|4
|start
|switch|p1a: Staraptor|Staraptor, L50, M|100/100
|switch|p1b: Garchomp|Garchomp, L50, M|100/100
|switch|p2a: Sinistcha|Sinistcha, L50|100/100
|switch|p2b: Slowbro|Slowbro, L50, M|100/100
|turn|1
|j| AppleJuice1738
|
|t:|1783121092
|move|p1a: Staraptor|Helping Hand|p1b: Garchomp
|-singleturn|p1b: Garchomp|Helping Hand|[of] p1a: Staraptor
|move|p1b: Garchomp|Crunch|p2a: Sinistcha
|-supereffective|p2a: Sinistcha|1
|-damage|p2a: Sinistcha|16/100
|-damage|p1b: Garchomp|90/100|[from] item: Life Orb
|move|p2b: Slowbro|Ice Beam|p1b: Garchomp
|-supereffective|p1b: Garchomp|2
|-damage|p1b: Garchomp|0 fnt
|faint|p1b: Garchomp
|move|p2a: Sinistcha|Trick Room|p2a: Sinistcha
|-fieldstart|move: Trick Room|[of] p2a: Sinistcha
|
|upkeep
|
|t:|1783121107
|switch|p1b: Lucario|Lucario, L50, F|100/100
|turn|2
|
|t:|1783121138
|detailschange|p1b: Lucario|Lucario-Mega, L50, F
|-mega|p1b: Lucario|Lucario|Lucarionite
|move|p2b: Slowbro|Flamethrower|p1b: Lucario
|-supereffective|p1b: Lucario|1
|-damage|p1b: Lucario|9/100
|move|p2a: Sinistcha|Reflect|p2a: Sinistcha
|-sidestart|p2: Fervvvvv|Reflect
|move|p1b: Lucario|Flash Cannon|p2a: Sinistcha
|-damage|p2a: Sinistcha|0 fnt
|faint|p2a: Sinistcha
|move|p1a: Staraptor|U-turn|p2b: Slowbro
|-supereffective|p2b: Slowbro|1
|-damage|p2b: Slowbro|68/100
|
|t:|1783121152
|switch|p1a: Ninetales|Ninetales-Alola, L50, M|100/100|[from] U-turn
|-weather|Snowscape|[from] ability: Snow Warning|[of] p1a: Ninetales
|
|-weather|Snowscape|[upkeep]
|upkeep
|
|t:|1783121159
|switch|p2a: Azumarill|Azumarill, L50, M|100/100
|turn|3
|
|t:|1783121195
|move|p1b: Lucario|Detect|p1b: Lucario
|-singleturn|p1b: Lucario|Protect
|move|p2b: Slowbro|Flamethrower|p1b: Lucario
|-activate|p1b: Lucario|move: Protect
|move|p2a: Azumarill|Brick Break|p1a: Ninetales
|-damage|p1a: Ninetales|58/100
|-damage|p2a: Azumarill|90/100|[from] item: Life Orb
|move|p1a: Ninetales|Dazzling Gleam|p2b: Slowbro|[spread] p2a,p2b
|-damage|p2a: Azumarill|62/100
|-damage|p2b: Slowbro|44/100
|
|-weather|Snowscape|[upkeep]
|-heal|p1a: Ninetales|64/100|[from] item: Leftovers
|upkeep
|turn|4
|
|t:|1783121244
|move|p1b: Lucario|Detect||[still]
|-fail|p1b: Lucario
|move|p2b: Slowbro|Flamethrower|p1b: Lucario
|-supereffective|p1b: Lucario|1
|-damage|p1b: Lucario|0 fnt
|faint|p1b: Lucario
|move|p2a: Azumarill|Brick Break|p1a: Ninetales
|-damage|p1a: Ninetales|21/100
|-damage|p2a: Azumarill|53/100|[from] item: Life Orb
|move|p1a: Ninetales|Aurora Veil|p1a: Ninetales
|-sidestart|p1: SlobCat47|move: Aurora Veil
|
|-weather|Snowscape|[upkeep]
|-heal|p1a: Ninetales|27/100|[from] item: Leftovers
|upkeep
|
|t:|1783121256
|switch|p1b: Staraptor|Staraptor, L50, M|100/100
|turn|5
|
|t:|1783121286
|move|p2b: Slowbro|Ice Beam|p1b: Staraptor
|-supereffective|p1b: Staraptor|1
|-damage|p1b: Staraptor|26/100
|move|p2a: Azumarill|Brick Break|p1a: Ninetales
|-sideend|p1: SlobCat47|move: Aurora Veil
|-damage|p1a: Ninetales|0 fnt
|faint|p1a: Ninetales
|-damage|p2a: Azumarill|43/100|[from] item: Life Orb
|move|p1b: Staraptor|U-turn|p2b: Slowbro
|-supereffective|p2b: Slowbro|1
|-damage|p2b: Slowbro|13/100
|
|-weather|Snowscape|[upkeep]
|-fieldend|move: Trick Room
|upkeep
|turn|6
|
|t:|1783121303
|move|p2a: Azumarill|Aqua Jet|p1b: Staraptor
|-damage|p1b: Staraptor|0 fnt
|faint|p1b: Staraptor
|-damage|p2a: Azumarill|33/100|[from] item: Life Orb
|
|win|Fervvvvv
