|j|☆Pom123123123
|j|☆m111naaaa
|html|Pom123123123m111naaaa    
|uhtml|bestof|Game 1 of a best-of-3
|t:|1756245990
|gametype|doubles
|player|p1|Pom123123123|wattson|1109
|player|p2|m111naaaa|jasmine|1162
|gen|9
|tier|[Gen 9] VGC 2025 Reg H (Bo3)
|rated|
|rule|Species Clause: Limit one of each Pokémon
|rule|Item Clause: Limit 1 of each item
|clearpoke
|poke|p1|Sinistcha, L50|
|poke|p1|Rillaboom, L50, F|
|poke|p1|Vivillon-Fancy, L50, F|
|poke|p1|Incineroar, L50, M|
|poke|p1|Clefairy, L50, M|
|poke|p1|Venomoth, L50, F|
|poke|p2|Kilowattrel, L50, M|
|poke|p2|Amoonguss, L50, M|
|poke|p2|Incineroar, L50, F|
|poke|p2|Porygon2, L50|
|poke|p2|Gholdengo, L50|
|poke|p2|Ursaluna, L50, M|
|teampreview|4
|showteam|p1|Sinistcha||GrassySeed|Heatproof|MatchaGotcha,ShadowBall,CalmMind,Protect||||||50|,,,,,Water]Rillaboom||AssaultVest|GrassySurge|WoodHammer,GrassyGlide,Uturn,FakeOut|||F|||50|,,,,,Water]Vivillon-Fancy||FocusSash|CompoundEyes|Hurricane,SleepPowder,RagePowder,Protect|||F|||50|,,,,,Ghost]Incineroar||SafetyGoggles|Intimidate|FakeOut,KnockOff,FlareBlitz,PartingShot|||M|||50|,,,,,Bug]Clefairy||Eviolite|FriendGuard|FollowMe,HelpingHand,LifeDew,Protect|||M|||50|,,,,,Steel]Venomoth||CovertCloak|TintedLens|StruggleBug,SkillSwap,AcidSpray,SleepPowder|||F|||50|,,,,,Dark
|showteam|p2|Kilowattrel||FocusSash|Competitive|Thunderbolt,AirSlash,Tailwind,Protect|||M|||50|,,,,,Ghost]Amoonguss||SitrusBerry|Regenerator|PollenPuff,Spore,RagePowder,Protect|||M|||50|,,,,,Water]Incineroar||SafetyGoggles|Intimidate|FakeOut,FlareBlitz,KnockOff,PartingShot|||F|||50|,,,,,Ghost]Porygon2||Eviolite|Download|TeraBlast,IceBeam,Recover,TrickRoom||||||50|,,,,,Fighting]Gholdengo||MetalCoat|GoodasGold|MakeItRain,ShadowBall,NastyPlot,Protect||||||50|,,,,,Flying]Ursaluna||FlameOrb|Guts|Facade,HeadlongRush,Earthquake,Protect|||M|||50|,,,,,Ghost
|inactive|Battle timer is ON: inactive players will automatically lose when time's up. (requested by Pom123123123)
|inactive|Pom123123123 has 60 seconds left.
|inactive|m111naaaa has 60 seconds left.
|inactive|Pom123123123 has 30 seconds left.
|inactive|m111naaaa has 30 seconds left.
|inactive|Pom123123123 has 20 seconds left.
|
|t:|1756246064
|teamsize|p1|4
|teamsize|p2|4
|start
|switch|p1a: Sinistcha|Sinistcha, L50|100/100
|switch|p1b: Rillaboom|Rillaboom, L50, F|100/100
|switch|p2a: Incineroar|Incineroar, L50, F|100/100
|switch|p2b: Kilowattrel|Kilowattrel, L50, M|100/100
|-fieldstart|move: Grassy Terrain|[from] ability: Grassy Surge|[of] p1b: Rillaboom
|-enditem|p1a: Sinistcha|Grassy Seed
|-boost|p1a: Sinistcha|def|1|[from] item: Grassy Seed
|-ability|p2a: Incineroar|Intimidate|boost
|-unboost|p1a: Sinistcha|atk|1
|-unboost|p1b: Rillaboom|atk|1
|turn|1
|
|t:|1756246081
|move|p2b: Kilowattrel|Protect|p2b: Kilowattrel
|-singleturn|p2b: Kilowattrel|Protect
|move|p1b: Rillaboom|Fake Out|p2b: Kilowattrel
|-activate|p2b: Kilowattrel|move: Protect
|move|p2a: Incineroar|Flare Blitz|p1b: Rillaboom
|-supereffective|p1b: Rillaboom
|-damage|p1b: Rillaboom|1/100
|-damage|p2a: Incineroar|67/100|[from] Recoil
|move|p1a: Sinistcha|Calm Mind|p1a: Sinistcha
|-boost|p1a: Sinistcha|spa|1
|-boost|p1a: Sinistcha|spd|1
|
|-heal|p1b: Rillaboom|7/100|[from] Grassy Terrain
|-heal|p2a: Incineroar|73/100|[from] Grassy Terrain
|upkeep
|turn|2
|inactive|m111naaaa has 30 seconds left.
|
|t:|1756246108
|switch|p1b: Clefairy|Clefairy, L50, M|100/100
|move|p2b: Kilowattrel|Air Slash|p1b: Clefairy
|-damage|p1b: Clefairy|78/100
|move|p2a: Incineroar|Parting Shot|p1a: Sinistcha
|-unboost|p1a: Sinistcha|atk|1
|-unboost|p1a: Sinistcha|spa|1
|
|t:|1756246116
|switch|p2a: Gholdengo|Gholdengo, L50|100/100|[from] Parting Shot
|move|p1a: Sinistcha|Matcha Gotcha|p2a: Gholdengo|[spread] p2b
|-miss|p1a: Sinistcha|p2a: Gholdengo
|-resisted|p2b: Kilowattrel
|-damage|p2b: Kilowattrel|61/100
|-status|p2b: Kilowattrel|brn
|
|-heal|p1b: Clefairy|85/100|[from] Grassy Terrain
|-damage|p2b: Kilowattrel|55/100 brn|[from] brn
|upkeep
|turn|3
|inactive|Pom123123123 has 30 seconds left.
|
|t:|1756246149
|-terastallize|p2a: Gholdengo|Flying
|-terastallize|p1b: Clefairy|Steel
|move|p1b: Clefairy|Follow Me|p1b: Clefairy
|-singleturn|p1b: Clefairy|move: Follow Me
|move|p2b: Kilowattrel|Tailwind|p2b: Kilowattrel
|-sidestart|p2: m111naaaa|move: Tailwind
|move|p2a: Gholdengo|Nasty Plot|p2a: Gholdengo
|-boost|p2a: Gholdengo|spa|2
|move|p1a: Sinistcha|Calm Mind|p1a: Sinistcha
|-boost|p1a: Sinistcha|spa|1
|-boost|p1a: Sinistcha|spd|1
|
|-heal|p1b: Clefairy|91/100|[from] Grassy Terrain
|-damage|p2b: Kilowattrel|49/100 brn|[from] brn
|upkeep
|turn|4
|inactive|Pom123123123 has 30 seconds left.
|inactive|Pom123123123 has 20 seconds left.
|
|t:|1756246185
|switch|p2b: Incineroar|Incineroar, L50, F|73/100
|-ability|p2b: Incineroar|Intimidate|boost
|-unboost|p1a: Sinistcha|atk|1
|-unboost|p1b: Clefairy|atk|1
|move|p1b: Clefairy|Follow Me|p1b: Clefairy
|-singleturn|p1b: Clefairy|move: Follow Me
|move|p2a: Gholdengo|Shadow Ball|p1b: Clefairy
|-damage|p1b: Clefairy|30/100
|move|p1a: Sinistcha|Matcha Gotcha|p2b: Incineroar|[spread] p2a,p2b
|-resisted|p2a: Gholdengo
|-resisted|p2b: Incineroar
|-damage|p2a: Gholdengo|65/100
|-damage|p2b: Incineroar|42/100
|
|-heal|p2b: Incineroar|48/100|[from] Grassy Terrain
|-heal|p1b: Clefairy|36/100|[from] Grassy Terrain
|upkeep
|turn|5
|
|t:|1756246206
|switch|p1b: Miso|Incineroar, L50, M|100/100
|-ability|p1b: Miso|Intimidate|boost
|-unboost|p2a: Gholdengo|atk|1
|-unboost|p2b: Incineroar|atk|1
|move|p1a: Sinistcha|Protect|p1a: Sinistcha
|-singleturn|p1a: Sinistcha|Protect
|move|p2a: Gholdengo|Make It Rain|p1b: Miso|[spread] p1b
|-activate|p1a: Sinistcha|move: Protect
|-resisted|p1b: Miso
|-damage|p1b: Miso|50/100
|-unboost|p2a: Gholdengo|spa|1
|move|p2b: Incineroar|Parting Shot|p1a: Sinistcha
|-activate|p1a: Sinistcha|move: Protect
|
|-heal|p2b: Incineroar|54/100|[from] Grassy Terrain
|-heal|p1b: Miso|56/100|[from] Grassy Terrain
|-fieldend|move: Grassy Terrain
|upkeep
|turn|6
|inactive|Pom123123123 has 30 seconds left.
|inactive|Pom123123123 has 20 seconds left.
|inactive|Pom123123123 has 15 seconds left.
|inactive|Pom123123123 has 10 seconds left.
|inactive|Pom123123123 has 5 seconds left.
|
|t:|1756246257
|switch|p2b: Kilowattrel|Kilowattrel, L50, M|49/100 brn
|move|p2a: Gholdengo|Protect|p2a: Gholdengo
|-singleturn|p2a: Gholdengo|Protect
|move|p1b: Miso|Fake Out|p2a: Gholdengo
|-activate|p2a: Gholdengo|move: Protect
|move|p1a: Sinistcha|Calm Mind|p1a: Sinistcha
|-boost|p1a: Sinistcha|spa|1
|-boost|p1a: Sinistcha|spd|1
|
|-damage|p2b: Kilowattrel|43/100 brn|[from] brn
|-sideend|p2: m111naaaa|move: Tailwind
|upkeep
|turn|7
|
|t:|1756246271
|move|p1a: Sinistcha|Protect|p1a: Sinistcha
|-singleturn|p1a: Sinistcha|Protect
|move|p2b: Kilowattrel|Air Slash|p1b: Miso
|-damage|p1b: Miso|25/100
|move|p2a: Gholdengo|Make It Rain|p1a: Sinistcha|[spread] p1b
|-activate|p1a: Sinistcha|move: Protect
|-resisted|p1b: Miso
|-damage|p1b: Miso|0 fnt
|-unboost|p2a: Gholdengo|spa|1
|faint|p1b: Miso
|
|-damage|p2b: Kilowattrel|36/100 brn|[from] brn
|upkeep
|
|t:|1756246278
|switch|p1b: Clefairy|Clefairy, L50, M, tera:Steel|36/100
|turn|8
|
|t:|1756246290
|switch|p2a: Incineroar|Incineroar, L50, F|54/100
|-ability|p2a: Incineroar|Intimidate|boost
|-unboost|p1a: Sinistcha|atk|1
|-unboost|p1b: Clefairy|atk|1
|move|p1b: Clefairy|Follow Me|p1b: Clefairy
|-singleturn|p1b: Clefairy|move: Follow Me
|move|p2b: Kilowattrel|Tailwind|p2b: Kilowattrel
|-sidestart|p2: m111naaaa|move: Tailwind
|move|p1a: Sinistcha|Matcha Gotcha|p2b: Kilowattrel|[spread] p2a,p2b
|-resisted|p2a: Incineroar
|-resisted|p2b: Kilowattrel
|-damage|p2a: Incineroar|27/100
|-damage|p2b: Kilowattrel|0 fnt
|faint|p2b: Kilowattrel
|
|upkeep
|
|t:|1756246301
|switch|p2b: Gholdengo|Gholdengo, L50, tera:Flying|65/100
|turn|9
|
|t:|1756246313
|move|p2a: Incineroar|Fake Out|p1b: Clefairy
|-resisted|p1b: Clefairy
|-damage|p1b: Clefairy|29/100
|move|p2b: Gholdengo|Nasty Plot|p2b: Gholdengo
|-boost|p2b: Gholdengo|spa|2
|move|p1a: Sinistcha|Matcha Gotcha|p2b: Gholdengo|[spread] p2a,p2b
|-resisted|p2a: Incineroar
|-resisted|p2b: Gholdengo
|-damage|p2a: Incineroar|0 fnt
|-damage|p2b: Gholdengo|32/100
|faint|p2a: Incineroar
|cant|p1b: Clefairy|flinch
|
|upkeep
|
|t:|1756246323
|switch|p2a: Ursaluna|Ursaluna, L50, M|100/100
|turn|10
|
|t:|1756246336
|move|p2b: Gholdengo|Protect|p2b: Gholdengo
|-singleturn|p2b: Gholdengo|Protect
|move|p1b: Clefairy|Follow Me|p1b: Clefairy
|-singleturn|p1b: Clefairy|move: Follow Me
|move|p2a: Ursaluna|Earthquake|p1a: Sinistcha|[spread] p1a,p1b
|-activate|p2b: Gholdengo|move: Protect
|-resisted|p1a: Sinistcha
|-supereffective|p1b: Clefairy
|-damage|p1a: Sinistcha|90/100
|-damage|p1b: Clefairy|0 fnt
|faint|p1b: Clefairy
|move|p1a: Sinistcha|Matcha Gotcha|p2a: Ursaluna|[spread] p2a
|-activate|p2b: Gholdengo|move: Protect
|-supereffective|p2a: Ursaluna
|-damage|p2a: Ursaluna|0 fnt
|-heal|p1a: Sinistcha|100/100|[from] drain|[of] p2a: Ursaluna
|faint|p2a: Ursaluna
|
|upkeep
|
|t:|1756246350
|switch|p1b: Rillaboom|Rillaboom, L50, F|7/100
|-fieldstart|move: Grassy Terrain|[from] ability: Grassy Surge|[of] p1b: Rillaboom
|turn|11
|
|t:|1756246359
|move|p2b: Gholdengo|Protect||[still]
|-fail|p2b: Gholdengo
|move|p1b: Rillaboom|Fake Out|p2b: Gholdengo
|-damage|p2b: Gholdengo|17/100
|move|p1a: Sinistcha|Calm Mind|p1a: Sinistcha
|-boost|p1a: Sinistcha|spa|1
|-boost|p1a: Sinistcha|spd|1
|
|-heal|p1b: Rillaboom|13/100|[from] Grassy Terrain
|-sideend|p2: m111naaaa|move: Tailwind
|upkeep
|turn|12
|
|t:|1756246368
|move|p1b: Rillaboom|Grassy Glide|p2b: Gholdengo
|-resisted|p2b: Gholdengo
|-crit|p2b: Gholdengo
|-damage|p2b: Gholdengo|0 fnt
|faint|p2b: Gholdengo
|
|win|Pom123123123
||m111naaaa is ready for game 2.
|inactive|Pom123123123 has 30 seconds to confirm battle start!
||Pom123123123 is ready for game 2.
|uhtml|next|Next: Game 2 of 3
