|j|☆Testbericht2
|j|☆sandy ghost 5
|html|Testbericht2sandy ghost 5    
|uhtml|bestof|Game 2 of a best-of-3
|t:|1757074224
|gametype|doubles
|player|p1|Testbericht2|170|1324
|player|p2|sandy ghost 5|baker|1306
|gen|9
|tier|[Gen 9] VGC 2025 Reg H (Bo3)
|rated|
|rule|Species Clause: Limit one of each Pokémon
|rule|Item Clause: Limit 1 of each item
|clearpoke
|poke|p1|Maushold, L50|
|poke|p1|Pelipper, L50, M|
|poke|p1|Archaludon, L50, M|
|poke|p1|Ursaluna, L50, M|
|poke|p1|Sinistcha, L50|
|poke|p1|Basculegion, L50, M|
|poke|p2|Tyranitar, L50, F|
|poke|p2|Excadrill, L50, F|
|poke|p2|Sinistcha-Masterpiece, L50|
|poke|p2|Salamence, L50, M|
|poke|p2|Blaziken, L50, M|
|poke|p2|Bruxish, L50, F|
|teampreview|4
|showteam|p1|Maushold||WideLens|Technician|PopulationBomb,FollowMe,Taunt,Protect||||||50|,,,,,Ghost]Pelipper||FocusSash|Drizzle|Hurricane,MuddyWater,Tailwind,Protect|||M|||50|,,,,,Ghost]Archaludon||AssaultVest|Stamina|DragonPulse,ElectroShot,BodyPress,FlashCannon|||M|||50|,,,,,Bug]Ursaluna||FlameOrb|Guts|Facade,HeadlongRush,Earthquake,Protect|||M|||50|,,,,,Ghost]Sinistcha||SitrusBerry|Hospitality|MatchaGotcha,LifeDew,RagePowder,TrickRoom||||||50|,,,,,Dark]Basculegion||ChoiceBand|SwiftSwim|AquaJet,FlipTurn,LastRespects,WaveCrash|||M|||50|,,,,,Water
|showteam|p2|Tyranitar||ClearAmulet|SandStream|RockSlide,KnockOff,DragonDance,Protect|||F|||50|,,,,,Grass]Excadrill||AssaultVest|SandRush|Earthquake,IronHead,HighHorsepower,RockSlide|||F|||50|,,,,,Ghost]Sinistcha-Masterpiece||SitrusBerry|Hospitality|ShadowBall,MatchaGotcha,RagePowder,Protect||||||50|,,,,,Dark]Salamence||LifeOrb|Intimidate|DracoMeteor,AirSlash,Protect,Tailwind|||M|||50|,,,,,Ghost]Blaziken||CovertCloak|SpeedBoost|AuraSphere,HeatWave,Coaching,WillOWisp|||M|||50|,,,,,Dragon]Bruxish||ChoiceScarf|Dazzling|PsychicFangs,FlipTurn,WaveCrash,SuperFang|||F|||50|,,,,,Water
|
|t:|1757074251
|teamsize|p1|4
|teamsize|p2|4
|start
|switch|p1a: Maushold|Maushold, L50|100/100
|switch|p1b: Pelipper|Pelipper, L50, M|100/100
|switch|p2a: Salamence|Salamence, L50, M|100/100
|switch|p2b: Excadrill|Excadrill, L50, F|100/100
|-ability|p2a: Salamence|Intimidate|boost
|-unboost|p1a: Maushold|atk|1
|-unboost|p1b: Pelipper|atk|1
|-weather|RainDance|[from] ability: Drizzle|[of] p1b: Pelipper
|turn|1
|
|t:|1757074268
|switch|p1b: Archaludon|Archaludon, L50, M|100/100
|-terastallize|p2b: Excadrill|Ghost
|move|p1a: Maushold|Population Bomb|p1b: Archaludon
|-resisted|p1b: Archaludon
|-damage|p1b: Archaludon|98/100
|-ability|p1b: Archaludon|Stamina|boost
|-boost|p1b: Archaludon|def|1
|-resisted|p1b: Archaludon
|-damage|p1b: Archaludon|97/100
|-ability|p1b: Archaludon|Stamina|boost
|-boost|p1b: Archaludon|def|1
|-resisted|p1b: Archaludon
|-damage|p1b: Archaludon|95/100
|-ability|p1b: Archaludon|Stamina|boost
|-boost|p1b: Archaludon|def|1
|-resisted|p1b: Archaludon
|-damage|p1b: Archaludon|94/100
|-ability|p1b: Archaludon|Stamina|boost
|-boost|p1b: Archaludon|def|1
|-resisted|p1b: Archaludon
|-damage|p1b: Archaludon|93/100
|-ability|p1b: Archaludon|Stamina|boost
|-boost|p1b: Archaludon|def|1
|-resisted|p1b: Archaludon
|-damage|p1b: Archaludon|93/100
|-ability|p1b: Archaludon|Stamina|boost
|-boost|p1b: Archaludon|def|1
|-resisted|p1b: Archaludon
|-damage|p1b: Archaludon|92/100
|-resisted|p1b: Archaludon
|-crit|p1b: Archaludon
|-damage|p1b: Archaludon|86/100
|-resisted|p1b: Archaludon
|-damage|p1b: Archaludon|85/100
|-resisted|p1b: Archaludon
|-damage|p1b: Archaludon|85/100
|-hitcount|p1b: Archaludon|10
|move|p2a: Salamence|Air Slash|p1b: Archaludon
|-resisted|p1b: Archaludon
|-damage|p1b: Archaludon|69/100
|-damage|p2a: Salamence|91/100|[from] item: Life Orb
|move|p2b: Excadrill|Rock Slide|p1a: Maushold|[spread] p1a,p1b
|-resisted|p1b: Archaludon
|-damage|p1a: Maushold|64/100
|-damage|p1b: Archaludon|67/100
|
|-weather|RainDance|[upkeep]
|upkeep
|turn|2
|
|t:|1757074297
|switch|p1a: Basculegion|Basculegion, L50, M|100/100
|-terastallize|p1b: Archaludon|Bug
|move|p2a: Salamence|Protect|p2a: Salamence
|-singleturn|p2a: Salamence|Protect
|move|p2b: Excadrill|High Horsepower|p1a: Basculegion
|-damage|p1a: Basculegion|35/100
|move|p1b: Archaludon|Dragon Pulse|p2a: Salamence
|-activate|p2a: Salamence|move: Protect
|
|-weather|RainDance|[upkeep]
|upkeep
|turn|3
|
|t:|1757074328
|switch|p1a: Maushold|Maushold, L50|64/100
|switch|p2b: Puppet|Sinistcha-Masterpiece, L50|100/100
|-heal|p2a: Salamence|100/100|[from] ability: Hospitality|[of] p2b: Puppet
|move|p2a: Salamence|Air Slash|p1b: Archaludon
|-supereffective|p1b: Archaludon
|-damage|p1b: Archaludon|10/100
|-damage|p2a: Salamence|91/100|[from] item: Life Orb
|move|p1b: Archaludon|Body Press|p2a: Salamence
|-resisted|p2a: Salamence
|-damage|p2a: Salamence|30/100
|
|-weather|RainDance|[upkeep]
|upkeep
|turn|4
|
|t:|1757074361
|switch|p2a: Excadrill|Excadrill, L50, F, tera:Ghost|100/100
|move|p1a: Maushold|Taunt|p2b: Puppet
|-start|p2b: Puppet|move: Taunt
|move|p1b: Archaludon|Electro Shot||[still]
|-prepare|p1b: Archaludon|Electro Shot
|-boost|p1b: Archaludon|spa|1
|-anim|p1b: Archaludon|Electro Shot|p2a: Excadrill
|-damage|p2a: Excadrill|53/100
|move|p2b: Puppet|Matcha Gotcha|p1b: Archaludon|[spread] p1a,p1b
|-resisted|p1b: Archaludon
|-damage|p1a: Maushold|18/100
|-damage|p1b: Archaludon|2/100
|
|-weather|RainDance|[upkeep]
|upkeep
|turn|5
|
|t:|1757074396
|move|p1a: Maushold|Protect|p1a: Maushold
|-singleturn|p1a: Maushold|Protect
|move|p2a: Excadrill|Rock Slide|p1b: Archaludon|[spread] p1b
|-activate|p1a: Maushold|move: Protect
|-supereffective|p1b: Archaludon
|-damage|p1b: Archaludon|0 fnt
|faint|p1b: Archaludon
|move|p2b: Puppet|Matcha Gotcha|p1a: Maushold
|-activate|p1a: Maushold|move: Protect
|
|-weather|none
|upkeep
|
|t:|1757074403
|switch|p1b: Basculegion|Basculegion, L50, M|35/100
|turn|6
|
|t:|1757074416
|switch|p1a: Pelipper|Pelipper, L50, M|100/100
|-weather|RainDance|[from] ability: Drizzle|[of] p1a: Pelipper
|move|p1b: Basculegion|Last Respects|p2a: Excadrill
|-supereffective|p2a: Excadrill
|-damage|p2a: Excadrill|0 fnt
|faint|p2a: Excadrill
|move|p2b: Puppet|Matcha Gotcha|p1a: Pelipper|[spread] p1a,p1b
|-supereffective|p1b: Basculegion
|-damage|p1a: Pelipper|54/100
|-damage|p1b: Basculegion|0 fnt
|faint|p1b: Basculegion
|
|-weather|RainDance|[upkeep]
|-end|p2b: Puppet|move: Taunt
|upkeep
|
|t:|1757074430
|switch|p2a: Salamence|Salamence, L50, M|30/100
|switch|p1b: Maushold|Maushold, L50|18/100
|-ability|p2a: Salamence|Intimidate|boost
|-unboost|p1a: Pelipper|atk|1
|-unboost|p1b: Maushold|atk|1
|turn|7
|
|t:|1757074441
|move|p2b: Puppet|Rage Powder|p2b: Puppet
|-singleturn|p2b: Puppet|move: Rage Powder
|move|p1b: Maushold|Population Bomb|p2b: Puppet
|-immune|p2b: Puppet
|move|p2a: Salamence|Tailwind|p2a: Salamence
|-sidestart|p2: sandy ghost 5|move: Tailwind
|move|p1a: Pelipper|Hurricane|p2b: Puppet
|-supereffective|p2b: Puppet
|-damage|p2b: Puppet|18/100
|-enditem|p2b: Puppet|Sitrus Berry|[eat]
|-heal|p2b: Puppet|43/100|[from] item: Sitrus Berry
|
|-weather|RainDance|[upkeep]
|upkeep
|turn|8
|
|t:|1757074457
|move|p1b: Maushold|Protect|p1b: Maushold
|-singleturn|p1b: Maushold|Protect
|move|p2a: Salamence|Air Slash|p1a: Pelipper
|-damage|p1a: Pelipper|0 fnt
|faint|p1a: Pelipper
|-damage|p2a: Salamence|20/100|[from] item: Life Orb
|move|p2b: Puppet|Matcha Gotcha|p1b: Maushold
|-activate|p1b: Maushold|move: Protect
|
|-weather|RainDance|[upkeep]
|upkeep
|turn|9
|-message|Testbericht2 forfeited.
|
|win|sandy ghost 5
|l|☆Testbericht2
|player|p1|
||sandy ghost 5 is ready for game 3.
||Testbericht2 is ready for game 3.
|uhtml|next|Next: Game 3 of 3
