|j|☆Legend7354
|j|☆sophiadeclare
|html|Legend7354sophiadeclare    
|uhtml|bestof|Game 2 of a best-of-3
|t:|1784215412
|gametype|doubles
|player|p1|Legend7354|169|1042
|player|p2|sophiadeclare|hilbert-wonderlauncher|1113
|gen|9
|tier|[Gen 9 Champions] VGC 2026 Reg M-B (Bo3)
|rated|
|rule|Species Clause: Limit one of each Pokémon
|rule|Item Clause: Limit 1 of each item
|clearpoke
|poke|p1|Froslass, L50, F|
|poke|p1|Glimmora, L50, F|
|poke|p1|Kingambit, L50, M|
|poke|p1|Sneasler, L50, M|
|poke|p1|Basculegion, L50, M|
|poke|p1|Dragonite, L50, M|
|poke|p2|Kingambit, L50, F, shiny|
|poke|p2|Garchomp, L50, M, shiny|
|poke|p2|Farigiraf, L50, F, shiny|
|poke|p2|Sylveon, L50, M, shiny|
|poke|p2|Aerodactyl, L50, F, shiny|
|poke|p2|Charizard, L50, F, shiny|
|teampreview|4
|showteam|p1|Froslass||Froslassite|CursedBody|Blizzard,ShadowBall,AuroraVeil,Protect|Timid||F|||50|]Glimmora||Glimmoranite|ToxicDebris|SludgeBomb,PowerGem,EarthPower,SpikyShield|Modest||F|||50|]Kingambit||BlackGlasses|Defiant|SuckerPunch,KowtowCleave,SwordsDance,Protect|Adamant||M|||50|]Sneasler||WhiteHerb|Unburden|FakeOut,CloseCombat,DireClaw,Protect|Adamant||M|||50|]Basculegion||ChoiceScarf|Adaptability|LastRespects,FlipTurn,AquaJet,WaveCrash|Jolly||M|||50|]Dragonite||LifeOrb|InnerFocus|ExtremeSpeed,DragonClaw,BrickBreak,Tailwind|Adamant||M|||50|
|showteam|p2|Kingambit||FocusSash|Defiant|SuckerPunch,KowtowCleave,LowKick,IronHead|Adamant||F|||50|]Garchomp||LifeOrb|RoughSkin|Earthquake,DragonClaw,StompingTantrum,Protect|Jolly||M|||50|]Farigiraf||SitrusBerry|ArmorTail|Psychic,Thunderbolt,TrickRoom,Protect|Bold||F|||50|]Sylveon||FairyFeather|Pixilate|HyperVoice,HyperBeam,QuickAttack,Detect|Modest||M|||50|]Aerodactyl||Aerodactylite|Unnerve|Tailwind,RockSlide,DualWingbeat,IceFang|Jolly||F|||50|]Charizard||CharizarditeY|SolarPower|Protect,HeatWave,WeatherBall,SolarBeam|Modest||F|||50|
|
|t:|1784215444
|teamsize|p1|4
|teamsize|p2|4
|start
|switch|p1a: Basculegion|Basculegion, L50, M|100/100
|switch|p1b: Froslass|Froslass, L50, F|100/100
|switch|p2a: bố meta|Aerodactyl, L50, F, shiny|100/100
|switch|p2b: đấm đau|Garchomp, L50, M, shiny|100/100
|-ability|p2a: bố meta|Unnerve
|turn|1
|inactive|Battle timer is ON: inactive players will automatically lose when time's up. (requested by Legend7354)
|inactive|sophiadeclare has 60 seconds left.
|inactive|sophiadeclare has 30 seconds left.
|
|t:|1784215518
|switch|p2a: cha già|Kingambit, L50, F, shiny|100/100
|detailschange|p1b: Froslass|Froslass-Mega, L50, F
|-mega|p1b: Froslass|Froslass|Froslassite
|-weather|Snowscape|[from] ability: Snow Warning|[of] p1b: Froslass
|move|p2b: đấm đau|Protect|p2b: đấm đau
|-singleturn|p2b: đấm đau|Protect
|move|p1a: Basculegion|Wave Crash|p2a: cha già
|-damage|p2a: cha già|40/100
|-damage|p1a: Basculegion|82/100|[from] Recoil
|move|p1b: Froslass|Blizzard|p2a: cha già|[spread] p2a
|-activate|p2b: đấm đau|move: Protect
|-resisted|p2a: cha già|1
|-damage|p2a: cha già|15/100
|
|-weather|Snowscape|[upkeep]
|upkeep
|turn|2
|inactive|sophiadeclare has 30 seconds left.
|inactive|Legend7354 has 30 seconds left.
|inactive|sophiadeclare has 20 seconds left.
|inactive|sophiadeclare has 15 seconds left.
|
|t:|1784215559
|switch|p1a: Sneasler|Sneasler, L50, M|100/100
|move|p2a: cha già|Sucker Punch|p1b: Froslass
|-supereffective|p1b: Froslass|1
|-damage|p1b: Froslass|27/100
|move|p1b: Froslass|Blizzard|p2a: cha già|[spread] p2a,p2b
|-resisted|p2a: cha già|1
|-supereffective|p2b: đấm đau|2
|-damage|p2a: cha già|0 fnt
|-damage|p2b: đấm đau|0 fnt
|faint|p2a: cha già
|faint|p2b: đấm đau
|
|-weather|Snowscape|[upkeep]
|upkeep
|
|t:|1784215571
|switch|p2b: bố mày|Charizard, L50, F, shiny|100/100
|switch|p2a: bố meta|Aerodactyl, L50, F, shiny|100/100
|-ability|p2a: bố meta|Unnerve
|turn|3
|
|t:|1784215594
|detailschange|p2b: bố mày|Charizard-Mega-Y, L50, F, shiny
|-mega|p2b: bố mày|Charizard|Charizardite Y
|-weather|SunnyDay|[from] ability: Drought|[of] p2b: bố mày
|move|p1a: Sneasler|Fake Out|p2a: bố meta
|-resisted|p2a: bố meta|1
|-damage|p2a: bố meta|89/100
|cant|p2a: bố meta|flinch
|move|p1b: Froslass|Shadow Ball|p2b: bố mày
|-damage|p2b: bố mày|65/100
|move|p2b: bố mày|Heat Wave|p1b: Froslass|[spread] p1a
|-miss|p2b: bố mày|p1b: Froslass
|-damage|p1a: Sneasler|24/100
|
|-weather|SunnyDay|[upkeep]
|upkeep
|turn|4
|inactive|Legend7354 has 30 seconds left.
|inactive|sophiadeclare has 30 seconds left.
|inactive|Legend7354 has 20 seconds left.
|inactive|sophiadeclare has 20 seconds left.
|
|t:|1784215632
|move|p1a: Sneasler|Protect|p1a: Sneasler
|-singleturn|p1a: Sneasler|Protect
|move|p1b: Froslass|Protect|p1b: Froslass
|-singleturn|p1b: Froslass|Protect
|move|p2a: bố meta|Rock Slide|p1a: Sneasler|[spread] 
|-activate|p1a: Sneasler|move: Protect
|-activate|p1b: Froslass|move: Protect
|move|p2b: bố mày|Heat Wave|p1b: Froslass|[spread] 
|-activate|p1a: Sneasler|move: Protect
|-activate|p1b: Froslass|move: Protect
|
|-weather|SunnyDay|[upkeep]
|upkeep
|turn|5
|inactive|sophiadeclare has 30 seconds left.
|
|t:|1784215662
|move|p2a: bố meta|Rock Slide|p1b: Froslass|[spread] p1a,p1b
|-resisted|p1a: Sneasler|1
|-supereffective|p1b: Froslass|1
|-damage|p1a: Sneasler|7/100
|-damage|p1b: Froslass|0 fnt
|faint|p1b: Froslass
|move|p1a: Sneasler|Dire Claw|p2b: bố mày
|-damage|p2b: bố mày|21/100
|move|p2b: bố mày|Heat Wave|p1a: Sneasler
|-damage|p1a: Sneasler|0 fnt
|faint|p1a: Sneasler
|
|-weather|SunnyDay|[upkeep]
|upkeep
|
|t:|1784215673
|switch|p1a: Basculegion|Basculegion, L50, M|82/100
|switch|p1b: Dragonite|Dragonite, L50, M|100/100
|turn|6
|
|t:|1784215689
|move|p1b: Dragonite|Extreme Speed|p2b: bố mày
|-damage|p2b: bố mày|0 fnt
|faint|p2b: bố mày
|-damage|p1b: Dragonite|90/100|[from] item: Life Orb
|move|p1a: Basculegion|Last Respects|p2a: bố meta
|-damage|p2a: bố meta|0 fnt
|faint|p2a: bố meta
|
|win|Legend7354
|inactive|Legend7354 has 30 seconds to confirm battle start!
|inactive|sophiadeclare has 30 seconds to confirm battle start!
||sophiadeclare is ready for game 3.
||Legend7354 is ready for game 3.
|uhtml|next|Next: Game 3 of 3
