|j|☆VGCPancakes
|j|☆naibot2814
|html|VGCPancakesnaibot2814    
|uhtml|bestof|Game 3 of a best-of-3
|t:|1785340151
|gametype|doubles
|player|p1|VGCPancakes|dawn-gen4pt|1282
|player|p2|naibot2814|ghetsis|1339
|gen|9
|tier|[Gen 9 Champions] VGC 2026 Reg M-B (Bo3)
|rated|
|rule|Species Clause: Limit one of each Pokémon
|rule|Item Clause: Limit 1 of each item
|clearpoke
|poke|p1|Tyranitar, L50, M|
|poke|p1|Floette-Eternal, L50, F|
|poke|p1|Garchomp, L50, M|
|poke|p1|Sinistcha, L50|
|poke|p1|Incineroar, L50, M|
|poke|p1|Corviknight, L50, F|
|poke|p2|Incineroar, L50, M|
|poke|p2|Sneasler, L50, M|
|poke|p2|Sinistcha, L50|
|poke|p2|Kingambit, L50, M, shiny|
|poke|p2|Delphox, L50, F|
|poke|p2|Floette-Eternal, L50, F|
|teampreview|4
|showteam|p1|Tyranitar||Tyranitarite|SandStream|Protect,RockSlide,KnockOff,LowKick|Adamant||M|||50|]Floette-Eternal||Floettite|FlowerVeil|Protect,CalmMind,DrainingKiss,DazzlingGleam|Modest||F|||50|]Garchomp||ChoiceScarf|RoughSkin|DragonClaw,RockSlide,RockTomb,StompingTantrum|Adamant||M|||50|]Sinistcha||ColburBerry|Hospitality|MatchaGotcha,TrickRoom,RagePowder,LifeDew|Quiet|||||50|]Incineroar||SitrusBerry|Intimidate|FakeOut,FlareBlitz,ThroatChop,PartingShot|Adamant||M|||50|]Corviknight||Leftovers|MirrorArmor|Tailwind,IronHead,BulkUp,Protect|Careful||F|||50|
|showteam|p2|Incineroar||SitrusBerry|Intimidate|FakeOut,FlareBlitz,DarkestLariat,PartingShot|Careful||M|||50|]Sneasler||FocusSash|PoisonTouch|FakeOut,CloseCombat,PoisonJab,QuickGuard|Jolly||M|||50|]Sinistcha||KasibBerry|Hospitality|MatchaGotcha,TrickRoom,RagePowder,Protect|Bold|||||50|]Kingambit||BlackGlasses|Defiant|KowtowCleave,SuckerPunch,SwordsDance,Protect|Adamant||M|||50|]Delphox||Delphoxite|Blaze|HeatWave,Psyshock,NastyPlot,Protect|Timid||F|||50|]Floette-Eternal||Floettite|FlowerVeil|DrainingKiss,DazzlingGleam,CalmMind,Protect|Modest||F|||50|
|
|t:|1785340173
|teamsize|p1|4
|teamsize|p2|4
|start
|switch|p1a: Tyranitar|Tyranitar, L50, M|100/100
|switch|p1b: Corviknight|Corviknight, L50, F|100/100
|switch|p2a: Floette|Floette-Eternal, L50, F|100/100
|switch|p2b: Incineroar|Incineroar, L50, M|100/100
|-weather|Sandstorm|[from] ability: Sand Stream|[of] p1a: Tyranitar
|-ability|p2b: Incineroar|Intimidate|boost
|-unboost|p1a: Tyranitar|atk|1
|-ability|p1b: Corviknight|Mirror Armor
|-unboost|p2b: Incineroar|atk|1
|turn|1
|
|t:|1785340184
|detailschange|p2a: Floette|Floette-Mega, L50, F
|-mega|p2a: Floette|Floette|Floettite
|-ability|p2a: Floette|Fairy Aura
|detailschange|p1a: Tyranitar|Tyranitar-Mega, L50, M
|-mega|p1a: Tyranitar|Tyranitar|Tyranitarite
|move|p2b: Incineroar|Fake Out|p1b: Corviknight
|-resisted|p1b: Corviknight|1
|-damage|p1b: Corviknight|97/100
|move|p2a: Floette|Calm Mind|p2a: Floette
|-boost|p2a: Floette|spa|1
|-boost|p2a: Floette|spd|1
|cant|p1b: Corviknight|flinch
|move|p1a: Tyranitar|Rock Slide|p2b: Incineroar|[spread] p2b
|-miss|p1a: Tyranitar|p2a: Floette
|-supereffective|p2b: Incineroar|1
|-damage|p2b: Incineroar|61/100
|
|-weather|Sandstorm|[upkeep]
|-damage|p2a: Floette|94/100|[from] Sandstorm
|-damage|p2b: Incineroar|55/100|[from] Sandstorm
|-heal|p1b: Corviknight|100/100|[from] item: Leftovers
|upkeep
|turn|2
|
|t:|1785340199
|move|p1a: Tyranitar|Protect|p1a: Tyranitar
|-singleturn|p1a: Tyranitar|Protect
|move|p2a: Floette|Dazzling Gleam|p1a: Tyranitar|[spread] p1b
|-activate|p1a: Tyranitar|move: Protect
|-resisted|p1b: Corviknight|1
|-damage|p1b: Corviknight|71/100
|move|p1b: Corviknight|Tailwind|p1b: Corviknight
|-sidestart|p1: VGCPancakes|move: Tailwind
|move|p2b: Incineroar|Flare Blitz|p1b: Corviknight
|-supereffective|p1b: Corviknight|1
|-damage|p1b: Corviknight|15/100
|-damage|p2b: Incineroar|36/100|[from] Recoil
|-enditem|p2b: Incineroar|Sitrus Berry|[eat]
|-heal|p2b: Incineroar|61/100|[from] item: Sitrus Berry
|
|-weather|Sandstorm|[upkeep]
|-damage|p2a: Floette|88/100|[from] Sandstorm
|-damage|p2b: Incineroar|55/100|[from] Sandstorm
|-heal|p1b: Corviknight|21/100|[from] item: Leftovers
|upkeep
|turn|3
|
|t:|1785340216
|switch|p1b: Incineroar|Incineroar, L50, M|100/100
|-ability|p1b: Incineroar|Intimidate|boost
|-unboost|p2a: Floette|atk|1
|-unboost|p2b: Incineroar|atk|1
|switch|p2b: Sinistcha|Sinistcha, L50|100/100
|-heal|p2a: Floette|100/100|[from] ability: Hospitality|[of] p2b: Sinistcha
|move|p2a: Floette|Protect|p2a: Floette
|-singleturn|p2a: Floette|Protect
|move|p1a: Tyranitar|Rock Slide|p2b: Sinistcha|[spread] p2b
|-activate|p2a: Floette|move: Protect
|-crit|p2b: Sinistcha
|-damage|p2b: Sinistcha|57/100
|
|-weather|Sandstorm|[upkeep]
|-damage|p1b: Incineroar|94/100|[from] Sandstorm
|-damage|p2a: Floette|94/100|[from] Sandstorm
|-damage|p2b: Sinistcha|51/100|[from] Sandstorm
|upkeep
|turn|4
|
|t:|1785340236
|switch|p2b: Incineroar|Incineroar, L50, M|55/100
|-ability|p2b: Incineroar|Intimidate|boost
|-unboost|p1a: Tyranitar|atk|1
|-unboost|p1b: Incineroar|atk|1
|move|p1b: Incineroar|Fake Out|p2a: Floette
|-damage|p2a: Floette|85/100
|move|p1a: Tyranitar|Knock Off|p2b: Incineroar
|-resisted|p2b: Incineroar|1
|-damage|p2b: Incineroar|46/100
|cant|p2a: Floette|flinch
|
|-weather|Sandstorm|[upkeep]
|-damage|p1b: Incineroar|88/100|[from] Sandstorm
|-damage|p2a: Floette|79/100|[from] Sandstorm
|-damage|p2b: Incineroar|40/100|[from] Sandstorm
|upkeep
|turn|5
|
|t:|1785340247
|move|p1a: Tyranitar|Protect|p1a: Tyranitar
|-singleturn|p1a: Tyranitar|Protect
|move|p2b: Incineroar|Fake Out|p1b: Incineroar
|-damage|p1b: Incineroar|78/100
|cant|p1b: Incineroar|flinch
|move|p2a: Floette|Calm Mind|p2a: Floette
|-boost|p2a: Floette|spa|1
|-boost|p2a: Floette|spd|1
|
|-weather|none
|-sideend|p1: VGCPancakes|move: Tailwind
|upkeep
|turn|6
|
|t:|1785340254
|switch|p1a: Corviknight|Corviknight, L50, F|21/100
|move|p2a: Floette|Dazzling Gleam|p1a: Corviknight|[spread] p1a,p1b
|-resisted|p1a: Corviknight|1
|-damage|p1a: Corviknight|0 fnt
|-damage|p1b: Incineroar|0 fnt
|faint|p1a: Corviknight
|faint|p1b: Incineroar
|move|p2b: Incineroar|Parting Shot|p1: Corviknight|[notarget]
|-fail|p2b: Incineroar
|
|upkeep
|-message|VGCPancakes forfeited.
|raw|VGCPancakes's rating: 1282 → 1261(-21 for losing)
|raw|naibot2814's rating: 1339 → 1356(+17 for winning)
|
|win|naibot2814
|l|☆VGCPancakes
|player|p1|
|c|☆naibot2814|Good gamer
|c|☆naibot2814|Good player
