|j|☆Arnau3Kum
|j|☆geardox
|html|Arnau3Kumgeardox    
|uhtml|bestof|Game 1 of a best-of-3
|t:|1756428080
|gametype|doubles
|player|p1|Arnau3Kum|170|1102
|player|p2|geardox|169|1131
|gen|9
|tier|[Gen 9] VGC 2025 Reg H (Bo3)
|rated|
|rule|Species Clause: Limit one of each Pokémon
|rule|Item Clause: Limit 1 of each item
|clearpoke
|poke|p1|Sneasler, L50, M|
|poke|p1|Dragapult, L50, M|
|poke|p1|Primarina, L50, M|
|poke|p1|Rillaboom, L50, F|
|poke|p1|Kingambit, L50, M|
|poke|p1|Magmar, L50, F|
|poke|p2|Sneasler, L50, M|
|poke|p2|Garchomp, L50, M|
|poke|p2|Corviknight, L50, F|
|poke|p2|Archaludon, L50, M|
|poke|p2|Amoonguss, L50, F|
|poke|p2|Incineroar, L50, M|
|teampreview|4
|showteam|p1|Sneasler||FocusSash|PoisonTouch|CloseCombat,DireClaw,FakeOut,Protect|||M|||50|,,,,,Stellar]Dragapult||ChoiceBand|ClearBody|DragonDarts,TeraBlast,PhantomForce,Uturn|||M|||50|,,,,,Ghost]Primarina||SitrusBerry|LiquidVoice|HyperVoice,Moonblast,Haze,Protect|||M|||50|,,,,,Water]Rillaboom||AssaultVest|GrassySurge|WoodHammer,GrassyGlide,HighHorsepower,FakeOut|||F|||50|,,,,,Fire]Kingambit||BlackGlasses|Defiant|KowtowCleave,SuckerPunch,SwordsDance,Protect|||M|||50|,,,,,Ghost]Magmar||Eviolite|VitalSpirit|Overheat,WillOWisp,FollowMe,Protect|||F|||50|,,,,,Ghost
|showteam|p2|Sneasler||FocusSash|Unburden|DireClaw,CloseCombat,ThroatChop,Coaching|||M|||50|,,,,,Ghost]Garchomp||LifeOrb|RoughSkin|Protect,Earthquake,DragonClaw,StompingTantrum|||M|||50|,,,,,Ground]Corviknight||SitrusBerry|MirrorArmor|BraveBird,Tailwind,Roost,Taunt|||F|||50|,,,,,Fire]Archaludon||PowerHerb|Stamina|Protect,DracoMeteor,FlashCannon,ElectroShot|||M|||50|,,,,,Dragon]Amoonguss||RockyHelmet|Regenerator|ClearSmog,RagePowder,Spore,PollenPuff|||F|||50|,,,,,Water]Incineroar||AssaultVest|Intimidate|KnockOff,FlareBlitz,FakeOut,Uturn|||M|||50|,,,,,Ghost
|inactive|Battle timer is ON: inactive players will automatically lose when time's up. (requested by Arnau3Kum)
|inactive|geardox has 60 seconds left.
|
|t:|1756428121
|teamsize|p1|4
|teamsize|p2|4
|start
|switch|p1a: Magmar|Magmar, L50, F|100/100
|switch|p1b: Rillaboom|Rillaboom, L50, F|100/100
|switch|p2a: Stinky Pete|Garchomp, L50, M|100/100
|switch|p2b: Chica|Corviknight, L50, F|100/100
|-fieldstart|move: Grassy Terrain|[from] ability: Grassy Surge|[of] p1b: Rillaboom
|turn|1
|inactive|Arnau3Kum has 30 seconds left.
|
|t:|1756428147
|move|p1b: Rillaboom|Fake Out|p2b: Chica
|-resisted|p2b: Chica
|-damage|p2b: Chica|95/100
|move|p2a: Stinky Pete|Stomping Tantrum|p1a: Magmar
|-supereffective|p1a: Magmar
|-damage|p1a: Magmar|17/100
|-damage|p2a: Stinky Pete|91/100|[from] item: Life Orb
|move|p1a: Magmar|Will-O-Wisp|p2a: Stinky Pete|[miss]
|-miss|p1a: Magmar|p2a: Stinky Pete
|cant|p2b: Chica|flinch
|
|-heal|p2a: Stinky Pete|97/100|[from] Grassy Terrain
|-heal|p1a: Magmar|23/100|[from] Grassy Terrain
|upkeep
|turn|2
|inactive|geardox has 30 seconds left.
|
|t:|1756428177
|switch|p1a: Primarina|Primarina, L50, M|100/100
|move|p2a: Stinky Pete|Earthquake|p1b: Rillaboom|[spread] p1a,p1b
|-immune|p2b: Chica
|-resisted|p1b: Rillaboom
|-damage|p1a: Primarina|74/100
|-damage|p1b: Rillaboom|91/100
|-damage|p2a: Stinky Pete|87/100|[from] item: Life Orb
|move|p1b: Rillaboom|Wood Hammer|p2a: Stinky Pete
|-damage|p2a: Stinky Pete|16/100
|-damage|p1b: Rillaboom|79/100|[from] ability: Rough Skin|[of] p2a: Stinky Pete
|-damage|p1b: Rillaboom|58/100|[from] Recoil
|move|p2b: Chica|Tailwind|p2b: Chica
|-sidestart|p2: geardox|move: Tailwind
|
|-heal|p2a: Stinky Pete|22/100|[from] Grassy Terrain
|-heal|p1b: Rillaboom|64/100|[from] Grassy Terrain
|-heal|p1a: Primarina|80/100|[from] Grassy Terrain
|upkeep
|turn|3
|inactive|geardox has 30 seconds left.
|
|t:|1756428203
|switch|p2a: Amoonguss|Amoonguss, L50, F, shiny|100/100
|switch|p1b: Magmar|Magmar, L50, F|23/100
|move|p2b: Chica|Brave Bird|p1b: Magmar
|-damage|p1b: Magmar|0 fnt
|faint|p1b: Magmar
|-damage|p2b: Chica|89/100|[from] Recoil
|move|p1a: Primarina|Hyper Voice|p2b: Chica|[spread] p2a,p2b
|-resisted|p2a: Amoonguss
|-damage|p2a: Amoonguss|86/100
|-damage|p2b: Chica|65/100
|
|-heal|p2a: Amoonguss|92/100|[from] Grassy Terrain
|-heal|p1a: Primarina|86/100|[from] Grassy Terrain
|upkeep
|
|t:|1756428223
|switch|p1b: Rillaboom|Rillaboom, L50, F|64/100
|turn|4
|
|t:|1756428240
|move|p1b: Rillaboom|Fake Out|p2a: Amoonguss
|-damage|p2a: Amoonguss|82/100
|-damage|p1b: Rillaboom|48/100|[from] item: Rocky Helmet|[of] p2a: Amoonguss
|move|p2b: Chica|Brave Bird|p1b: Rillaboom
|-supereffective|p1b: Rillaboom
|-damage|p1b: Rillaboom|0 fnt
|faint|p1b: Rillaboom
|-damage|p2b: Chica|49/100|[from] Recoil
|-enditem|p2b: Chica|Sitrus Berry|[eat]
|-heal|p2b: Chica|74/100|[from] item: Sitrus Berry
|cant|p2a: Amoonguss|flinch
|move|p1a: Primarina|Hyper Voice|p2b: Chica|[spread] p2a,p2b
|-resisted|p2a: Amoonguss
|-damage|p2a: Amoonguss|70/100
|-damage|p2b: Chica|48/100
|
|-heal|p2a: Amoonguss|76/100|[from] Grassy Terrain
|-heal|p1a: Primarina|93/100|[from] Grassy Terrain
|upkeep
|
|t:|1756428255
|switch|p1b: Dragapult|Dragapult, L50, M|100/100
|turn|5
|inactive|geardox has 30 seconds left.
|inactive|geardox has 20 seconds left.
|
|t:|1756428299
|move|p1a: Primarina|Protect|p1a: Primarina
|-singleturn|p1a: Primarina|Protect
|move|p2b: Chica|Roost|p2b: Chica
|-heal|p2b: Chica|98/100
|-singleturn|p2b: Chica|move: Roost
|move|p1b: Dragapult|Phantom Force||[still]
|-prepare|p1b: Dragapult|Phantom Force
|move|p2a: Amoonguss|Spore|p1b: Dragapult|[miss]
|-miss|p2a: Amoonguss|p1b: Dragapult
|
|-heal|p2b: Chica|100/100|[from] Grassy Terrain
|-heal|p2a: Amoonguss|82/100|[from] Grassy Terrain
|-heal|p1a: Primarina|99/100|[from] Grassy Terrain
|-sideend|p2: geardox|move: Tailwind
|-fieldend|move: Grassy Terrain
|upkeep
|turn|6
|
|t:|1756428316
|-terastallize|p1a: Primarina|Water
|move|p2a: Amoonguss|Rage Powder|p2a: Amoonguss
|-singleturn|p2a: Amoonguss|move: Rage Powder
|move|p1b: Dragapult|Phantom Force|p2a: Amoonguss|[from] lockedmove
|-damage|p2a: Amoonguss|25/100
|-damage|p1b: Dragapult|84/100|[from] item: Rocky Helmet|[of] p2a: Amoonguss
|move|p2b: Chica|Tailwind|p2b: Chica
|-sidestart|p2: geardox|move: Tailwind
|move|p1a: Primarina|Hyper Voice|p2b: Chica|[spread] p2a,p2b
|-resisted|p2a: Amoonguss
|-damage|p2a: Amoonguss|7/100
|-damage|p2b: Chica|67/100
|
|upkeep
|turn|7
|
|t:|1756428340
|move|p1a: Primarina|Protect|p1a: Primarina
|-singleturn|p1a: Primarina|Protect
|move|p2b: Chica|Brave Bird|p1a: Primarina
|-activate|p1a: Primarina|move: Protect
|move|p1b: Dragapult|Phantom Force||[still]
|-prepare|p1b: Dragapult|Phantom Force
|move|p2a: Amoonguss|Spore|p1a: Primarina
|-activate|p1a: Primarina|move: Protect
|
|upkeep
|turn|8
|
|t:|1756428361
|switch|p2a: Riku|Sneasler, L50, M|100/100
|move|p2b: Chica|Brave Bird|p1a: Primarina
|-damage|p1a: Primarina|58/100
|-damage|p2b: Chica|55/100|[from] Recoil
|move|p1b: Dragapult|Phantom Force|p2b: Chica|[from] lockedmove
|-damage|p2b: Chica|0 fnt
|faint|p2b: Chica
|move|p1a: Primarina|Hyper Voice|p2a: Riku
|-damage|p2a: Riku|30/100
|
|upkeep
|
|t:|1756428373
|switch|p2b: Stinky Pete|Garchomp, L50, M|22/100
|turn|9
|
|t:|1756428385
|move|p2b: Stinky Pete|Protect|p2b: Stinky Pete
|-singleturn|p2b: Stinky Pete|Protect
|move|p2a: Riku|Coaching|p2b: Stinky Pete
|-boost|p2b: Stinky Pete|atk|1
|-boost|p2b: Stinky Pete|def|1
|move|p1b: Dragapult|Phantom Force||[still]
|-prepare|p1b: Dragapult|Phantom Force
|move|p1a: Primarina|Hyper Voice|p2a: Riku|[spread] p2a
|-activate|p2b: Stinky Pete|move: Protect
|-damage|p2a: Riku|0 fnt
|faint|p2a: Riku
|
|-sideend|p2: geardox|move: Tailwind
|upkeep
|
|t:|1756428397
|switch|p2a: Amoonguss|Amoonguss, L50, F, shiny|40/100
|turn|10
|
|t:|1756428405
|-terastallize|p2b: Stinky Pete|Ground
|move|p2a: Amoonguss|Rage Powder|p2a: Amoonguss
|-singleturn|p2a: Amoonguss|move: Rage Powder
|move|p1b: Dragapult|Phantom Force|p2a: Amoonguss|[from] lockedmove
|-crit|p2a: Amoonguss
|-damage|p2a: Amoonguss|0 fnt
|-damage|p1b: Dragapult|68/100|[from] item: Rocky Helmet|[of] p2a: Amoonguss
|faint|p2a: Amoonguss
|move|p2b: Stinky Pete|Earthquake|p1b: Dragapult|[spread] p1a,p1b
|-damage|p1a: Primarina|0 fnt
|-damage|p1b: Dragapult|0 fnt
|faint|p1a: Primarina
|faint|p1b: Dragapult
|-damage|p2b: Stinky Pete|13/100|[from] item: Life Orb
|
|win|geardox
||Arnau3Kum is ready for game 2.
|inactive|geardox has 30 seconds to confirm battle start!
