|j|☆Hjmane
|j|☆Stella99
|html|HjmaneStella99    
|uhtml|bestof|Game 1 of a best-of-3
|t:|1784245408
|gametype|doubles
|player|p1|Hjmane|170|1042
|player|p2|Stella99|170|1000
|gen|9
|tier|[Gen 9 Champions] VGC 2026 Reg M-B (Bo3)
|rated|
|rule|Species Clause: Limit one of each Pokémon
|rule|Item Clause: Limit 1 of each item
|clearpoke
|poke|p1|Staraptor, L50, F|
|poke|p1|Whimsicott, L50, F|
|poke|p1|Sableye, L50, F|
|poke|p1|Jolteon, L50, F|
|poke|p1|Altaria, L50, M|
|poke|p1|Volcarona, L50, M|
|poke|p2|Delphox, L50, M|
|poke|p2|Talonflame, L50, M|
|poke|p2|Garchomp, L50, M|
|poke|p2|Grimmsnarl, L50, M|
|poke|p2|Rotom-Mow, L50|
|poke|p2|Kingambit, L50, F|
|teampreview|4
|showteam|p1|Staraptor||Staraptite|Intimidate|CloseCombat,BraveBird,Protect,QuickAttack|Jolly||F|||50|]Whimsicott||MentalHerb|Prankster|Tailwind,Charm,CottonSpore,Moonblast|Bold||F|||50|]Sableye||LightClay|Prankster|LightScreen,Encore,WillOWisp,Reflect|Calm||F|||50|]Jolteon||Magnet|VoltAbsorb|Thunderbolt,CalmMind,HyperVoice,Protect|Timid||F|||50|]Altaria||Leftovers|CloudNine|DragonDance,Roost,BraveBird,DragonClaw|Adamant||M|||50|]Volcarona||Charcoal|FlameBody|FireBlast,BugBuzz,RainDance,Protect|Timid||M|||50|
|showteam|p2|Delphox||Delphoxite|Blaze|HeatWave,Psychic,NastyPlot,Protect|Timid||M|||50|]Talonflame||FocusSash|GaleWings|DualWingbeat,Tailwind,QuickGuard,Protect|Jolly||M|||50|]Garchomp||LifeOrb|RoughSkin|Earthquake,DragonClaw,RockSlide,Protect|Jolly||M|||50|]Grimmsnarl||MentalHerb|Frisk|SpiritBreak,FakeOut,PartingShot,Protect|Relaxed||M|||50|]Rotom-Mow||WideLens|Levitate|LeafStorm,Thunderbolt,WillOWisp,Protect|Calm|||||50|]Kingambit||BlackGlasses|Defiant|IronHead,KowtowCleave,SuckerPunch,Protect|Adamant||F|||50|
|inactive|Battle timer is ON: inactive players will automatically lose when time's up. (requested by Hjmane)
|
|t:|1784245455
|teamsize|p1|4
|teamsize|p2|4
|start
|switch|p1a: Altaria|Altaria, L50, M|100/100
|switch|p1b: Jolteon|Jolteon, L50, F|100/100
|switch|p2a: Talonflame|Talonflame, L50, M|100/100
|switch|p2b: Delphox|Delphox, L50, M|100/100
|-ability|p1a: Altaria|Cloud Nine
|turn|1
|
|t:|1784245471
|detailschange|p2b: Delphox|Delphox-Mega, L50, M
|-mega|p2b: Delphox|Delphox|Delphoxite
|move|p2a: Talonflame|Protect|p2a: Talonflame
|-singleturn|p2a: Talonflame|Protect
|move|p2b: Delphox|Nasty Plot|p2b: Delphox
|-boost|p2b: Delphox|spa|2
|move|p1b: Jolteon|Thunderbolt|p2a: Talonflame
|-activate|p2a: Talonflame|move: Protect
|move|p1a: Altaria|Dragon Dance|p1a: Altaria
|-boost|p1a: Altaria|atk|1
|-boost|p1a: Altaria|spe|1
|
|upkeep
|turn|2
|
|t:|1784245491
|move|p2a: Talonflame|Tailwind|p2a: Talonflame
|-sidestart|p2: Stella99|move: Tailwind
|move|p2b: Delphox|Psychic|p1a: Altaria
|-damage|p1a: Altaria|0 fnt
|faint|p1a: Altaria
|move|p1b: Jolteon|Thunderbolt|p2a: Talonflame
|-supereffective|p2a: Talonflame|1
|-enditem|p2a: Talonflame|Focus Sash
|-damage|p2a: Talonflame|1/100
|
|upkeep
|
|t:|1784245501
|switch|p1a: Sableye|Sableye, L50, F|100/100
|turn|3
|
|t:|1784245508
|move|p1b: Jolteon|Protect|p1b: Jolteon
|-singleturn|p1b: Jolteon|Protect
|move|p2a: Talonflame|Quick Guard|p2a: Talonflame
|-singleturn|p2a: Talonflame|Quick Guard
|move|p1a: Sableye|Encore|p2a: Talonflame
|-activate|p2a: Talonflame|move: Quick Guard
|move|p2b: Delphox|Heat Wave|p1b: Jolteon|[spread] p1a
|-activate|p1b: Jolteon|move: Protect
|-damage|p1a: Sableye|15/100
|
|upkeep
|turn|4
|
|t:|1784245530
|move|p1a: Sableye|Light Screen|p1a: Sableye
|-sidestart|p1: Hjmane|move: Light Screen
|move|p2b: Delphox|Psychic|p1b: Jolteon
|-damage|p1b: Jolteon|7/100
|move|p2a: Talonflame|Dual Wingbeat|p1a: Sableye|[miss]
|-miss|p2a: Talonflame|p1a: Sableye
|move|p1b: Jolteon|Thunderbolt|p2b: Delphox
|-damage|p2b: Delphox|57/100
|
|upkeep
|turn|5
|
|t:|1784245546
|move|p2a: Talonflame|Protect|p2a: Talonflame
|-singleturn|p2a: Talonflame|Protect
|move|p1b: Jolteon|Protect|p1b: Jolteon
|-singleturn|p1b: Jolteon|Protect
|move|p1a: Sableye|Reflect|p1a: Sableye
|-sidestart|p1: Hjmane|Reflect
|move|p2b: Delphox|Heat Wave|p1a: Sableye|[spread] 
|-activate|p1b: Jolteon|move: Protect
|-miss|p2b: Delphox|p1a: Sableye
|
|-sideend|p2: Stella99|move: Tailwind
|upkeep
|turn|6
|
|t:|1784245567
|move|p1a: Sableye|Encore|p2a: Talonflame
|-start|p2a: Talonflame|Encore
|move|p2a: Talonflame|Protect|p2a: Talonflame
|-singleturn|p2a: Talonflame|Protect
|move|p2b: Delphox|Heat Wave|p1a: Sableye|[spread] p1a,p1b
|-damage|p1a: Sableye|0 fnt
|-damage|p1b: Jolteon|0 fnt
|faint|p1a: Sableye
|faint|p1b: Jolteon
|
|upkeep
|
|t:|1784245578
|switch|p1b: Staraptor|Staraptor, L50, F|100/100
|-ability|p1b: Staraptor|Intimidate|boost
|-unboost|p2a: Talonflame|atk|1
|-unboost|p2b: Delphox|atk|1
|turn|7
|
|t:|1784245586
|switch|p2a: Garchomp|Garchomp, L50, M|100/100
|detailschange|p1b: Staraptor|Staraptor-Mega, L50, F
|-mega|p1b: Staraptor|Staraptor|Staraptite
|move|p2b: Delphox|Psychic|p1b: Staraptor
|-supereffective|p1b: Staraptor|1
|-damage|p1b: Staraptor|0 fnt
|faint|p1b: Staraptor
|
|win|Stella99
|l|☆Hjmane
|player|p1|
|inactive|Hjmane has 30 seconds to confirm battle start!
|inactive|Stella99 has 30 seconds to confirm battle start!
||Hjmane is ready for game 2.
