|j|☆R1ply
|j|☆Crying Flurmels
|html|R1plyCrying Flurmels    
|uhtml|bestof|Game 2 of a best-of-3
|t:|1756920486
|gametype|doubles
|player|p1|R1ply|acetrainer-gen4dp|
|player|p2|Crying Flurmels|102|
|gen|9
|tier|[Gen 9] VGC 2025 Reg H (Bo3)
|rule|Species Clause: Limit one of each Pokémon
|rule|Item Clause: Limit 1 of each item
|clearpoke
|poke|p1|Gholdengo, L50|
|poke|p1|Sneasler, L50, M|
|poke|p1|Rillaboom, L50, M|
|poke|p1|Dragonite, L50, M|
|poke|p1|Ninetales-Alola, L50, F|
|poke|p1|Arcanine-Hisui, L50, M|
|poke|p2|Murkrow, L50, M|
|poke|p2|Volcarona, L50, F|
|poke|p2|Sneasler, L50, M|
|poke|p2|Kingambit, L50, F|
|poke|p2|Dragonite, L50, F|
|poke|p2|Rillaboom, L50, M|
|teampreview|4
|showteam|p1|Gholdengo||GrassySeed|GoodasGold|NastyPlot,MakeItRain,ShadowBall,Protect||||||50|,,,,,Water]Sneasler||WhiteHerb|Unburden|CloseCombat,DireClaw,Coaching,Protect|||M|||50|,,,,,Ghost]Rillaboom||AssaultVest|GrassySurge|FakeOut,GrassyGlide,DrumBeating,HighHorsepower|||M|||50|,,,,,Fire]Dragonite||LoadedDice|Multiscale|ScaleShot,StompingTantrum,Tailwind,Protect|||M|||50|,,,,,Ground]Ninetales-Alola||FocusSash|SnowWarning|Blizzard,IcyWind,Encore,AuroraVeil|||F|||50|,,,,,Ghost]Arcanine-Hisui||ClearAmulet|Intimidate|RockSlide,FlareBlitz,ExtremeSpeed,Protect|||M|||50|,,,,,Water
|showteam|p2|Murkrow||Eviolite|Prankster|FoulPlay,Tailwind,Haze,SunnyDay|||M|||50|,,,,,Ghost]Volcarona||CovertCloak|FlameBody|HeatWave,TeraBlast,QuiverDance,Protect|||F|||50|,,,,,Water]Sneasler||GrassySeed|Unburden|DireClaw,CloseCombat,Protect,Coaching|||M|||50|,,,,,Stellar]Kingambit||BlackGlasses|Defiant|KowtowCleave,SuckerPunch,SwordsDance,Protect|||F|||50|,,,,,Dark]Dragonite||ChoiceBand|InnerFocus|Outrage,StompingTantrum,LowKick,ExtremeSpeed|||F|||50|,,,,,Normal]Rillaboom||MiracleSeed|GrassySurge|WoodHammer,GrassyGlide,Uturn,FakeOut|||M|||50|,,,,,Fire
|inactive|Battle timer is ON: inactive players will automatically lose when time's up. (requested by R1ply)
|inactive|R1ply has 60 seconds left.
|inactive|R1ply has 30 seconds left.
|
|t:|1756920547
|teamsize|p1|4
|teamsize|p2|4
|start
|switch|p1a: Rillaboom|Rillaboom, L50, M|100/100
|switch|p1b: Ninetales|Ninetales-Alola, L50, F|100/100
|switch|p2a: Volcarona|Volcarona, L50, F|100/100
|switch|p2b: Rillaboom|Rillaboom, L50, M, shiny|100/100
|-weather|Snowscape|[from] ability: Snow Warning|[of] p1b: Ninetales
|-fieldstart|move: Grassy Terrain|[from] ability: Grassy Surge|[of] p1a: Rillaboom
|turn|1
|
|t:|1756920569
|-terastallize|p1b: Ninetales|Ghost
|move|p1b: Ninetales|Aurora Veil|p1b: Ninetales
|-sidestart|p1: R1ply|move: Aurora Veil
|move|p2a: Volcarona|Quiver Dance|p2a: Volcarona
|-boost|p2a: Volcarona|spa|1
|-boost|p2a: Volcarona|spd|1
|-boost|p2a: Volcarona|spe|1
|move|p1a: Rillaboom|Drum Beating|p2a: Volcarona
|-resisted|p2a: Volcarona
|-damage|p2a: Volcarona|85/100
|move|p2b: Rillaboom|U-turn|p1a: Rillaboom
|-supereffective|p1a: Rillaboom
|-crit|p1a: Rillaboom
|-damage|p1a: Rillaboom|31/100
|
|t:|1756920584
|switch|p2b: Sneasler|Sneasler, L50, M|100/100|[from] U-turn
|-enditem|p2b: Sneasler|Grassy Seed
|-boost|p2b: Sneasler|def|1|[from] item: Grassy Seed
|
|-weather|Snowscape|[upkeep]
|-heal|p2a: Volcarona|91/100|[from] Grassy Terrain
|-heal|p1a: Rillaboom|37/100|[from] Grassy Terrain
|upkeep
|turn|2
|inactive|R1ply has 30 seconds left.
|inactive|R1ply has 20 seconds left.
|
|t:|1756920620
|switch|p1a: Arcanine|Arcanine-Hisui, L50, M|100/100
|-ability|p1a: Arcanine|Intimidate|boost
|-unboost|p2a: Volcarona|atk|1
|-unboost|p2b: Sneasler|atk|1
|move|p2b: Sneasler|Dire Claw|p1b: Ninetales
|-resisted|p1b: Ninetales
|-damage|p1b: Ninetales|87/100
|-status|p1b: Ninetales|par
|move|p2a: Volcarona|Heat Wave|p1b: Ninetales|[spread] p1a,p1b
|-resisted|p1a: Arcanine
|-damage|p1a: Arcanine|91/100
|-damage|p1b: Ninetales|45/100 par
|move|p1b: Ninetales|Blizzard|p2b: Sneasler|[spread] p2a,p2b
|-resisted|p2a: Volcarona
|-damage|p2a: Volcarona|82/100
|-damage|p2b: Sneasler|58/100
|
|-weather|Snowscape|[upkeep]
|-heal|p2b: Sneasler|64/100|[from] Grassy Terrain
|-heal|p2a: Volcarona|89/100|[from] Grassy Terrain
|-heal|p1a: Arcanine|97/100|[from] Grassy Terrain
|-heal|p1b: Ninetales|51/100 par|[from] Grassy Terrain
|upkeep
|turn|3
|inactive|R1ply has 30 seconds left.
|inactive|R1ply has 20 seconds left.
|
|t:|1756920657
|-terastallize|p2a: Volcarona|Water
|move|p1a: Arcanine|Protect|p1a: Arcanine
|-singleturn|p1a: Arcanine|Protect
|move|p2b: Sneasler|Coaching|p2a: Volcarona
|-boost|p2a: Volcarona|atk|1
|-boost|p2a: Volcarona|def|1
|move|p2a: Volcarona|Tera Blast|p1a: Arcanine|[anim] Tera Blast Water
|-activate|p1a: Arcanine|move: Protect
|cant|p1b: Ninetales|par
|
|-weather|Snowscape|[upkeep]
|-heal|p2b: Sneasler|70/100|[from] Grassy Terrain
|-heal|p2a: Volcarona|95/100|[from] Grassy Terrain
|-heal|p1a: Arcanine|100/100|[from] Grassy Terrain
|-heal|p1b: Ninetales|57/100 par|[from] Grassy Terrain
|upkeep
|turn|4
|
|t:|1756920681
|switch|p1a: Rillaboom|Rillaboom, L50, M|37/100
|move|p2b: Sneasler|Close Combat|p1a: Rillaboom
|-damage|p1a: Rillaboom|10/100
|-unboost|p2b: Sneasler|def|1
|-unboost|p2b: Sneasler|spd|1
|move|p2a: Volcarona|Heat Wave|p1b: Ninetales|[spread] p1a,p1b
|-supereffective|p1a: Rillaboom
|-damage|p1a: Rillaboom|0 fnt
|-damage|p1b: Ninetales|14/100 par
|faint|p1a: Rillaboom
|move|p1b: Ninetales|Encore|p2a: Volcarona
|-start|p2a: Volcarona|Encore
|
|-weather|Snowscape|[upkeep]
|-heal|p2b: Sneasler|75/100|[from] Grassy Terrain
|-heal|p2a: Volcarona|100/100|[from] Grassy Terrain
|-heal|p1b: Ninetales|20/100 par|[from] Grassy Terrain
|upkeep
|
|t:|1756920696
|switch|p1a: Arcanine|Arcanine-Hisui, L50, M|100/100
|-ability|p1a: Arcanine|Intimidate|boost
|-unboost|p2a: Volcarona|atk|1
|-unboost|p2b: Sneasler|atk|1
|turn|5
|
|t:|1756920713
|switch|p2b: Rillaboom|Rillaboom, L50, M, shiny|100/100
|move|p1a: Arcanine|Protect|p1a: Arcanine
|-singleturn|p1a: Arcanine|Protect
|move|p2a: Volcarona|Heat Wave|p1b: Ninetales|[spread] p1b
|-activate|p1a: Arcanine|move: Protect
|-damage|p1b: Ninetales|0 fnt
|faint|p1b: Ninetales
|
|-weather|none
|-sideend|p1: R1ply|move: Aurora Veil
|-fieldend|move: Grassy Terrain
|upkeep
|
|t:|1756920724
|switch|p1b: Dragonite|Dragonite, L50, M|100/100
|turn|6
|
|t:|1756920744
|move|p2b: Rillaboom|Fake Out|p1a: Arcanine
|-resisted|p1a: Arcanine
|-damage|p1a: Arcanine|93/100
|cant|p1a: Arcanine|flinch
|move|p2a: Volcarona|Heat Wave|p1a: Arcanine|[spread] p1b
|-miss|p2a: Volcarona|p1a: Arcanine
|-resisted|p1b: Dragonite
|-damage|p1b: Dragonite|89/100
|move|p1b: Dragonite|Scale Shot|p2a: Volcarona
|-damage|p2a: Volcarona|90/100
|-damage|p2a: Volcarona|79/100
|-damage|p2a: Volcarona|69/100
|-damage|p2a: Volcarona|57/100
|-damage|p2a: Volcarona|46/100
|-hitcount|p2a: Volcarona|5
|-unboost|p1b: Dragonite|def|1
|-boost|p1b: Dragonite|spe|1
|
|upkeep
|turn|7
|inactive|R1ply has 30 seconds left.
|
|t:|1756920773
|move|p1a: Arcanine|Extreme Speed|p2a: Volcarona
|-damage|p2a: Volcarona|25/100
|move|p2a: Volcarona|Heat Wave|p1a: Arcanine|[spread] p1a,p1b
|-resisted|p1a: Arcanine
|-crit|p1a: Arcanine
|-resisted|p1b: Dragonite
|-damage|p1a: Arcanine|67/100
|-damage|p1b: Dragonite|61/100
|move|p1b: Dragonite|Tailwind|p1b: Dragonite
|-sidestart|p1: R1ply|move: Tailwind
|move|p2b: Rillaboom|Wood Hammer|p1b: Dragonite
|-resisted|p1b: Dragonite
|-damage|p1b: Dragonite|31/100
|-damage|p2b: Rillaboom|92/100|[from] Recoil
|
|-end|p2a: Volcarona|Encore
|upkeep
|turn|8
|
|t:|1756920794
|move|p1b: Dragonite|Scale Shot|p2a: Volcarona
|-damage|p2a: Volcarona|15/100
|-damage|p2a: Volcarona|6/100
|-damage|p2a: Volcarona|0 fnt
|faint|p2a: Volcarona
|-hitcount|p2: Volcarona|3
|-unboost|p1b: Dragonite|def|1
|-boost|p1b: Dragonite|spe|1
|move|p1a: Arcanine|Flare Blitz|p2b: Rillaboom
|-supereffective|p2b: Rillaboom
|-damage|p2b: Rillaboom|0 fnt
|faint|p2b: Rillaboom
|-damage|p1a: Arcanine|31/100|[from] Recoil
|
|upkeep
|
|t:|1756920805
|switch|p2a: Kingambit|Kingambit, L50, F, shiny|100/100
|switch|p2b: Sneasler|Sneasler, L50, M|75/100
|turn|9
|
|t:|1756920825
|move|p1b: Dragonite|Protect|p1b: Dragonite
|-singleturn|p1b: Dragonite|Protect
|move|p2b: Sneasler|Protect|p2b: Sneasler
|-singleturn|p2b: Sneasler|Protect
|move|p2a: Kingambit|Protect|p2a: Kingambit
|-singleturn|p2a: Kingambit|Protect
|move|p1a: Arcanine|Flare Blitz|p2b: Sneasler
|-activate|p2b: Sneasler|move: Protect
|
|upkeep
|turn|10
|inactive|R1ply has 30 seconds left.
|
|t:|1756920850
|move|p1a: Arcanine|Protect|p1a: Arcanine
|-singleturn|p1a: Arcanine|Protect
|move|p2a: Kingambit|Sucker Punch|p1b: Dragonite
|-damage|p1b: Dragonite|0 fnt
|faint|p1b: Dragonite
|move|p2b: Sneasler|Close Combat|p1a: Arcanine
|-activate|p1a: Arcanine|move: Protect
|
|-sideend|p1: R1ply|move: Tailwind
|upkeep
|turn|11
|c|☆Crying Flurmels|gg
|
|t:|1756920860
|move|p2a: Kingambit|Sucker Punch|p1a: Arcanine
|-damage|p1a: Arcanine|0 fnt
|faint|p1a: Arcanine
|
|win|Crying Flurmels
|c|☆R1ply|gg
