|j|☆Mega Chime Time
|j|☆horseki
|html|Mega Chime Timehorseki    
|uhtml|bestof|Game 1 of a best-of-3
|t:|1783476671
|gametype|doubles
|player|p1|Mega Chime Time|miku-flying|
|player|p2|horseki|clerkf|
|gen|9
|tier|[Gen 9 Champions] VGC 2026 Reg M-B (Bo3)
|rule|Species Clause: Limit one of each Pokémon
|rule|Item Clause: Limit 1 of each item
|clearpoke
|poke|p1|Altaria, L50, F|
|poke|p1|Salazzle, L50, F|
|poke|p1|Blastoise, L50, M|
|poke|p1|Rotom-Mow, L50, shiny|
|poke|p1|Skarmory, L50, M|
|poke|p1|Mudsdale, L50, F|
|poke|p2|Raichu-Alola, L50, F|
|poke|p2|Noivern, L50, M|
|poke|p2|Krookodile, L50, F|
|poke|p2|Gengar, L50, M|
|poke|p2|Medicham, L50, M|
|poke|p2|Rotom-Mow, L50|
|teampreview|4
|showteam|p1|Altaria||Altarianite|NaturalCure|HyperVoice,Roost,WillOWisp,Protect|Modest||F|||50|]Salazzle||FocusSash|Corrosion|FakeOut,HeatWave,Encore,Protect|Hasty||F|||50|]Blastoise||SitrusBerry|RainDish|FakeOut,WaveCrash,Yawn,LifeDew|Adamant||M|||50|]Rotom-Mow||ChoiceScarf|Levitate|Electroweb,Trick,LeafStorm,Thunderbolt|Timid|||||50|]Skarmory||Skarmorite|Sturdy|Tailwind,IronHead,BraveBird,Protect|Jolly||M|||50|]Mudsdale||Leftovers|Stamina|BodyPress,HighHorsepower,HeavySlam,Protect|Adamant||F|||50|
|showteam|p2|Raichu-Alola||FocusSash|SurgeSurfer|FakeOut,Discharge,Psychic,Protect|Hasty||F|||50|]Noivern||WhiteHerb|Telepathy|Tailwind,DracoMeteor,Flamethrower,Protect|Timid||M|||50|]Krookodile||BlackGlasses|Intimidate|Crunch,HighHorsepower,Taunt,Protect|Jolly||F|||50|]Gengar||LifeOrb|CursedBody|Taunt,ShadowBall,SludgeBomb,Protect|Timid||M|||50|]Medicham||Medichamite|PurePower|FakeOut,CloseCombat,ZenHeadbutt,Protect|Jolly||M|||50|]Rotom-Mow||OccaBerry|Levitate|ElectricTerrain,LeafStorm,HelpingHand,VoltSwitch|Quiet|||||50|
|inactive|Battle timer is ON: inactive players will automatically lose when time's up. (requested by Mega Chime Time)
|inactive|horseki has 60 seconds left.
|inactive|horseki has 30 seconds left.
|
|t:|1783476735
|teamsize|p1|4
|teamsize|p2|4
|start
|switch|p1a: Salazzle|Salazzle, L50, F|100/100
|switch|p1b: Mudsdale|Mudsdale, L50, F|100/100
|switch|p2a: Raichu|Raichu-Alola, L50, F|100/100
|switch|p2b: Noivern|Noivern, L50, M|100/100
|turn|1
|inactive|Mega Chime Time has 30 seconds left.
|inactive|horseki has 30 seconds left.
|inactive|horseki has 20 seconds left.
|inactive|horseki has 15 seconds left.
|
|t:|1783476776
|move|p2a: Raichu|Protect|p2a: Raichu
|-singleturn|p2a: Raichu|Protect
|move|p1a: Salazzle|Fake Out|p2b: Noivern
|-damage|p2b: Noivern|90/100
|cant|p2b: Noivern|flinch
|move|p1b: Mudsdale|High Horsepower|p2a: Raichu
|-activate|p2a: Raichu|move: Protect
|
|upkeep
|turn|2
|
|t:|1783476794
|move|p2b: Noivern|Flamethrower|p1a: Salazzle
|-resisted|p1a: Salazzle|1
|-damage|p1a: Salazzle|76/100
|move|p1a: Salazzle|Encore|p2a: Raichu
|-start|p2a: Raichu|Encore
|move|p2a: Raichu|Protect||[still]
|-fail|p2a: Raichu
|move|p1b: Mudsdale|Heavy Slam|p2b: Noivern
|-damage|p2b: Noivern|30/100
|
|upkeep
|turn|3
|inactive|horseki has 30 seconds left.
|inactive|horseki has 20 seconds left.
|
|t:|1783476833
|switch|p2a: Gengar|Gengar, L50, M|100/100
|move|p2b: Noivern|Draco Meteor|p1b: Mudsdale
|-damage|p1b: Mudsdale|47/100
|-unboost|p2b: Noivern|spa|2
|-ability|p1b: Mudsdale|Stamina|boost
|-boost|p1b: Mudsdale|def|1
|-enditem|p2b: Noivern|White Herb
|-clearnegativeboost|p2b: Noivern|[silent]
|move|p1a: Salazzle|Heat Wave|p2a: Gengar|[spread] p2a,p2b
|-resisted|p2b: Noivern|1
|-damage|p2a: Gengar|44/100
|-damage|p2b: Noivern|10/100
|move|p1b: Mudsdale|High Horsepower|p2a: Gengar
|-supereffective|p2a: Gengar|1
|-damage|p2a: Gengar|0 fnt
|-start|p1b: Mudsdale|Disable|High Horsepower|[from] ability: Cursed Body|[of] p2a: Gengar
|faint|p2a: Gengar
|
|-heal|p1b: Mudsdale|53/100|[from] item: Leftovers
|upkeep
|inactive|horseki has 30 seconds left.
|inactive|horseki has 20 seconds left.
|inactive|horseki has 15 seconds left.
|
|t:|1783476875
|switch|p2a: Raichu|Raichu-Alola, L50, F|100/100
|turn|4
|
|t:|1783476886
|switch|p1a: Blastoise|Blastoise, L50, M|100/100
|switch|p2a: Medicham|Medicham, L50, M|100/100
|move|p2b: Noivern|Protect|p2b: Noivern
|-singleturn|p2b: Noivern|Protect
|move|p1b: Mudsdale|Protect||[still]
|-fail|p1b: Mudsdale
|
|-heal|p1b: Mudsdale|59/100|[from] item: Leftovers
|upkeep
|turn|5
|inactive|Mega Chime Time has 30 seconds left.
|
|t:|1783476915
|detailschange|p2a: Medicham|Medicham-Mega, L50, M
|-mega|p2a: Medicham|Medicham|Medichamite
|move|p1b: Mudsdale|Protect|p1b: Mudsdale
|-singleturn|p1b: Mudsdale|Protect
|move|p2a: Medicham|Fake Out|p1a: Blastoise
|-crit|p1a: Blastoise
|-damage|p1a: Blastoise|68/100
|cant|p1a: Blastoise|flinch
|move|p2b: Noivern|Draco Meteor|p1b: Mudsdale
|-activate|p1b: Mudsdale|move: Protect
|
|-heal|p1b: Mudsdale|65/100|[from] item: Leftovers
|upkeep
|turn|6
|
|t:|1783476933
|move|p2b: Noivern|Draco Meteor|p1b: Mudsdale
|-damage|p1b: Mudsdale|15/100
|-unboost|p2b: Noivern|spa|2
|-ability|p1b: Mudsdale|Stamina|boost
|-boost|p1b: Mudsdale|def|1
|move|p2a: Medicham|Zen Headbutt|p1b: Mudsdale
|-damage|p1b: Mudsdale|0 fnt
|faint|p1b: Mudsdale
|move|p1a: Blastoise|Wave Crash|p2a: Medicham
|-damage|p2a: Medicham|25/100
|-damage|p1a: Blastoise|50/100g|[from] Recoil
|
|upkeep
|
|t:|1783476947
|switch|p1b: Altaria|Altaria, L50, F|100/100
|turn|7
|inactive|horseki has 30 seconds left.
|j| jebward1234
|
|t:|1783476975
|detailschange|p1b: Altaria|Altaria-Mega, L50, F
|-mega|p1b: Altaria|Altaria|Altarianite
|move|p2a: Medicham|Protect|p2a: Medicham
|-singleturn|p2a: Medicham|Protect
|move|p2b: Noivern|Tailwind|p2b: Noivern
|-sidestart|p2: horseki|move: Tailwind
|move|p1b: Altaria|Hyper Voice|p2b: Noivern|[spread] p2b
|-activate|p2a: Medicham|move: Protect
|-supereffective|p2b: Noivern|1
|-damage|p2b: Noivern|0 fnt
|faint|p2b: Noivern
|move|p1a: Blastoise|Life Dew||[still]|[spread] p1a,p1b
|-heal|p1a: Blastoise|75/100
|-fail|p1b: Altaria|heal
|
|upkeep
|
|t:|1783476983
|switch|p2b: Raichu|Raichu-Alola, L50, F|100/100
|turn|8
|
|t:|1783477008
|switch|p1a: Salazzle|Salazzle, L50, F|76/100
|move|p1b: Altaria|Protect|p1b: Altaria
|-singleturn|p1b: Altaria|Protect
|move|p2b: Raichu|Fake Out|p1a: Salazzle
|-damage|p1a: Salazzle|58/100
|move|p2a: Medicham|Zen Headbutt|p1a: Salazzle|[miss]
|-miss|p2a: Medicham|p1a: Salazzle
|
|upkeep
|turn|9
|j| lillyrosethedemon
|
|t:|1783477029
|move|p2a: Medicham|Protect|p2a: Medicham
|-singleturn|p2a: Medicham|Protect
|move|p1a: Salazzle|Fake Out|p2a: Medicham
|-activate|p2a: Medicham|move: Protect
|move|p2b: Raichu|Psychic|p1a: Salazzle
|-supereffective|p1a: Salazzle|1
|-damage|p1a: Salazzle|0 fnt
|faint|p1a: Salazzle
|move|p1b: Altaria|Hyper Voice|p2a: Medicham|[spread] p2b
|-activate|p2a: Medicham|move: Protect
|-damage|p2b: Raichu|37/100
|
|upkeep
|
|t:|1783477033
|switch|p1a: Blastoise|Blastoise, L50, M|75/100
|turn|10
|
|t:|1783477044
|move|p2b: Raichu|Protect|p2b: Raichu
|-singleturn|p2b: Raichu|Protect
|move|p2a: Medicham|Protect||[still]
|-fail|p2a: Medicham
|move|p1a: Blastoise|Fake Out|p2a: Medicham
|-damage|p2a: Medicham|9/100
|move|p1b: Altaria|Hyper Voice|p2b: Raichu|[spread] p2a
|-activate|p2b: Raichu|move: Protect
|-supereffective|p2a: Medicham|1
|-damage|p2a: Medicham|0 fnt
|faint|p2a: Medicham
|
|-sideend|p2: horseki|move: Tailwind
|upkeep
|turn|11
|
|t:|1783477051
|move|p2b: Raichu|Discharge|p1b: Altaria|[spread] p1a,p1b
|-supereffective|p1a: Blastoise|1
|-resisted|p1b: Altaria|1
|-damage|p1a: Blastoise|29/100
|-damage|p1b: Altaria|87/100
|-status|p1b: Altaria|par
|-enditem|p1a: Blastoise|Sitrus Berry|[eat]
|-heal|p1a: Blastoise|54/100|[from] item: Sitrus Berry
|move|p1a: Blastoise|Life Dew|p1a: Blastoise|[spread] p1a,p1b
|-heal|p1a: Blastoise|79/100
|-heal|p1b: Altaria|100/100 par
|move|p1b: Altaria|Hyper Voice|p2b: Raichu
|-damage|p2b: Raichu|0 fnt
|faint|p2b: Raichu
|
|win|Mega Chime Time
||Mega Chime Time is ready for game 2.
||horseki is ready for game 2.
|uhtml|next|Next: Game 2 of 3
|l| jebward1234
