|j|☆MrPhoenixGC
|j|☆Emurdad
|html|MrPhoenixGCEmurdad    
|uhtml|bestof|Game 2 of a best-of-3
|t:|1783468134
|gametype|doubles
|player|p1|MrPhoenixGC|steven|1106
|player|p2|Emurdad|169|1086
|gen|9
|tier|[Gen 9 Champions] VGC 2026 Reg M-B (Bo3)
|rated|
|rule|Species Clause: Limit one of each Pokémon
|rule|Item Clause: Limit 1 of each item
|clearpoke
|poke|p1|Aerodactyl, L50, M|
|poke|p1|Garchomp, L50, M|
|poke|p1|Kingambit, L50, M|
|poke|p1|Charizard, L50, F|
|poke|p1|Sylveon, L50, F|
|poke|p1|Farigiraf, L50, F|
|poke|p2|Staraptor, L50, F|
|poke|p2|Whimsicott, L50, F|
|poke|p2|Sceptile, L50, M|
|poke|p2|Araquanid, L50, F|
|poke|p2|Gholdengo, L50|
|poke|p2|Primarina, L50, F|
|teampreview|4
|showteam|p1|Aerodactyl||Aerodactylite|Unnerve|IceFang,RockSlide,Tailwind,DualWingbeat|Jolly||M|||50|]Garchomp||LifeOrb|RoughSkin|DragonClaw,StompingTantrum,Earthquake,Protect|Jolly||M|||50|]Kingambit||FocusSash|Defiant|SuckerPunch,KowtowCleave,IronHead,LowKick|Adamant||M|||50|]Charizard||CharizarditeY|SolarPower|Protect,WeatherBall,HeatWave,SolarBeam|Modest||F|||50|]Sylveon||FairyFeather|Pixilate|Protect,HyperVoice,HyperBeam,QuickAttack|Modest||F|||50|]Farigiraf||SitrusBerry|ArmorTail|TrickRoom,Thunderbolt,Roar,Psychic|Bold||F|||50|
|showteam|p2|Staraptor||Staraptite|Intimidate|CloseCombat,BraveBird,Roost,Protect|Jolly||F|||50|]Whimsicott||FocusSash|Prankster|Tailwind,Moonblast,Charm,Protect|Calm||F|||50|]Sceptile||Sceptilite|Overgrow|EarthPower,EnergyBall,DragonPulse,Protect|Timid||M|||50|]Araquanid||SitrusBerry|WaterBubble|WideGuard,Liquidation,LeechLife,IceBeam|Sassy||F|||50|]Gholdengo||LifeOrb|GoodasGold|MakeItRain,NastyPlot,ShadowBall,Protect|Modest|||||50|]Primarina||RindoBerry|LiquidVoice|HyperVoice,Moonblast,Protect,IcyWind|Modest||F|||50|
|inactive|Battle timer is ON: inactive players will automatically lose when time's up. (requested by Emurdad)
|
|t:|1783468175
|teamsize|p1|4
|teamsize|p2|4
|start
|switch|p1a: Farigiraf|Farigiraf, L50, F|100/100
|switch|p1b: Kingambit|Kingambit, L50, M|100/100
|switch|p2a: Primarina|Primarina, L50, F|100/100
|switch|p2b: Gholdengo|Gholdengo, L50|100/100
|turn|1
|inactive|MrPhoenixGC has 30 seconds left.
|inactive|Emurdad has 30 seconds left.
|inactive|Emurdad has 20 seconds left.
|inactive|Emurdad has 15 seconds left.
|
|t:|1783468218
|move|p2b: Gholdengo|Protect|p2b: Gholdengo
|-singleturn|p2b: Gholdengo|Protect
|move|p1b: Kingambit|Kowtow Cleave|p2b: Gholdengo
|-activate|p2b: Gholdengo|move: Protect
|move|p2a: Primarina|Hyper Voice|p1a: Farigiraf|[spread] p1a,p1b
|-damage|p1a: Farigiraf|65/100
|-damage|p1b: Kingambit|57/100
|move|p1a: Farigiraf|Trick Room|p1a: Farigiraf
|-fieldstart|move: Trick Room|[of] p1a: Farigiraf
|
|upkeep
|turn|2
|inactive|Emurdad has 30 seconds left.
|
|t:|1783468245
|switch|p2b: Whimsicott|Whimsicott, L50, F|100/100
|move|p1a: Farigiraf|Thunderbolt|p2a: Primarina
|-supereffective|p2a: Primarina|1
|-damage|p2a: Primarina|64/100
|move|p2a: Primarina|Moonblast|p1b: Kingambit
|-damage|p1b: Kingambit|1/100
|move|p1b: Kingambit|Kowtow Cleave|p2b: Whimsicott
|-resisted|p2b: Whimsicott|1
|-damage|p2b: Whimsicott|71/100
|
|upkeep
|turn|3
|inactive|MrPhoenixGC has 30 seconds left.
|inactive|Emurdad has 30 seconds left.
|inactive|MrPhoenixGC has 20 seconds left.
|inactive|MrPhoenixGC has 15 seconds left.
|
|t:|1783468288
|move|p1a: Farigiraf|Thunderbolt|p2a: Primarina
|-supereffective|p2a: Primarina|1
|-crit|p2a: Primarina
|-damage|p2a: Primarina|6/100
|move|p2a: Primarina|Hyper Voice|p1b: Kingambit|[spread] p1a,p1b
|-damage|p1a: Farigiraf|29/100
|-damage|p1b: Kingambit|0 fnt
|-enditem|p1a: Farigiraf|Sitrus Berry|[eat]
|-heal|p1a: Farigiraf|54/100|[from] item: Sitrus Berry
|faint|p1b: Kingambit
|move|p2b: Whimsicott|Moonblast|p1a: Farigiraf
|-damage|p1a: Farigiraf|28/100
|
|upkeep
|
|t:|1783468302
|switch|p1b: Sylveon|Sylveon, L50, F|100/100
|turn|4
|inactive|MrPhoenixGC has 30 seconds left.
|inactive|MrPhoenixGC has 20 seconds left.
|inactive|MrPhoenixGC has 15 seconds left.
|
|t:|1783468343
|move|p2b: Whimsicott|Protect|p2b: Whimsicott
|-singleturn|p2b: Whimsicott|Protect
|move|p2a: Primarina|Protect|p2a: Primarina
|-singleturn|p2a: Primarina|Protect
|move|p1a: Farigiraf|Psychic|p2b: Whimsicott
|-activate|p2b: Whimsicott|move: Protect
|move|p1b: Sylveon|Hyper Voice|p2a: Primarina|[spread] 
|-activate|p2a: Primarina|move: Protect
|-activate|p2b: Whimsicott|move: Protect
|
|upkeep
|turn|5
|inactive|MrPhoenixGC has 30 seconds left.
|
|t:|1783468371
|switch|p2a: Gholdengo|Gholdengo, L50|100/100
|move|p2b: Whimsicott|Tailwind|p2b: Whimsicott
|-sidestart|p2: Emurdad|move: Tailwind
|move|p1a: Farigiraf|Psychic|p2b: Whimsicott
|-damage|p2b: Whimsicott|40/100
|move|p1b: Sylveon|Hyper Voice|p2b: Whimsicott|[spread] p2a,p2b
|-resisted|p2a: Gholdengo|1
|-damage|p2a: Gholdengo|76/100
|-damage|p2b: Whimsicott|0 fnt
|faint|p2b: Whimsicott
|
|-fieldend|move: Trick Room
|upkeep
|
|t:|1783468385
|switch|p2b: Staraptor|Staraptor, L50, F|100/100
|-ability|p2b: Staraptor|Intimidate|boost
|-unboost|p1a: Farigiraf|atk|1
|-unboost|p1b: Sylveon|atk|1
|turn|6
|
|t:|1783468409
|detailschange|p2b: Staraptor|Staraptor-Mega, L50, F
|-mega|p2b: Staraptor|Staraptor|Staraptite
|move|p1b: Sylveon|Protect|p1b: Sylveon
|-singleturn|p1b: Sylveon|Protect
|move|p2b: Staraptor|Close Combat|p1a: Farigiraf
|-damage|p1a: Farigiraf|0 fnt
|-boost|p2b: Staraptor|def|1
|-boost|p2b: Staraptor|spd|1
|faint|p1a: Farigiraf
|move|p2a: Gholdengo|Make It Rain|p1b: Sylveon
|-activate|p1b: Sylveon|move: Protect
|
|upkeep
|
|t:|1783468423
|switch|p1a: Charizard|Charizard, L50, F|100/100
|turn|7
|
|t:|1783468437
|detailschange|p1a: Charizard|Charizard-Mega-Y, L50, F
|-mega|p1a: Charizard|Charizard|Charizardite Y
|-weather|SunnyDay|[from] ability: Drought|[of] p1a: Charizard
|move|p2b: Staraptor|Close Combat|p1b: Sylveon
|-resisted|p1b: Sylveon|1
|-damage|p1b: Sylveon|62/100
|-boost|p2b: Staraptor|def|1
|-boost|p2b: Staraptor|spd|1
|move|p2a: Gholdengo|Make It Rain|p1b: Sylveon|[spread] p1a,p1b
|-resisted|p1a: Charizard|1
|-supereffective|p1b: Sylveon|1
|-damage|p1a: Charizard|72/100
|-damage|p1b: Sylveon|0 fnt
|-unboost|p2a: Gholdengo|spa|2
|faint|p1b: Sylveon
|-damage|p2a: Gholdengo|67/100|[from] item: Life Orb
|move|p1a: Charizard|Heat Wave|p2b: Staraptor|[spread] p2a
|-miss|p1a: Charizard|p2b: Staraptor
|-supereffective|p2a: Gholdengo|1
|-damage|p2a: Gholdengo|0 fnt
|faint|p2a: Gholdengo
|
|-weather|SunnyDay|[upkeep]
|upkeep
|
|t:|1783468456
|switch|p2a: Primarina|Primarina, L50, F|6/100
|turn|8
|
|t:|1783468468
|move|p1a: Charizard|Protect|p1a: Charizard
|-singleturn|p1a: Charizard|Protect
|move|p2b: Staraptor|Brave Bird|p1a: Charizard
|-activate|p1a: Charizard|move: Protect
|move|p2a: Primarina|Hyper Voice|p1a: Charizard
|-activate|p1a: Charizard|move: Protect
|
|-weather|SunnyDay|[upkeep]
|-sideend|p2: Emurdad|move: Tailwind
|upkeep
|turn|9
|inactive|MrPhoenixGC has 30 seconds left.
|
|t:|1783468501
|move|p2b: Staraptor|Brave Bird|p1a: Charizard
|-damage|p1a: Charizard|11/100
|-damage|p2b: Staraptor|78/100|[from] Recoil
|move|p1a: Charizard|Weather Ball|p2b: Staraptor
|-damage|p2b: Staraptor|28/100
|move|p2a: Primarina|Hyper Voice|p1a: Charizard
|-supereffective|p1a: Charizard|1
|-damage|p1a: Charizard|0 fnt
|faint|p1a: Charizard
|
|win|Emurdad
||Emurdad is ready for game 3.
|inactive|MrPhoenixGC has 30 seconds to confirm battle start!
||MrPhoenixGC is ready for game 3.
|uhtml|next|Next: Game 3 of 3
|l|☆Emurdad
|player|p2|
