|j|☆krscrossapplesauce
|j|☆teslobo
|html|krscrossapplesauceteslobo    
|uhtml|bestof|Game 2 of a best-of-3
|t:|1756556366
|gametype|doubles
|player|p1|krscrossapplesauce|green|
|player|p2|teslobo|norman|
|gen|9
|tier|[Gen 9] VGC 2025 Reg H (Bo3)
|rule|Species Clause: Limit one of each Pokémon
|rule|Item Clause: Limit 1 of each item
|clearpoke
|poke|p1|Sneasler, L50, M|
|poke|p1|Gholdengo, L50|
|poke|p1|Dondozo, L50, M|
|poke|p1|Rillaboom, L50, M|
|poke|p1|Volcarona, L50, F|
|poke|p1|Electabuzz, L50, M|
|poke|p2|Kommo-o, L50, F|
|poke|p2|Gholdengo, L50|
|poke|p2|Tyranitar, L50, M|
|poke|p2|Volcarona, L50, M|
|poke|p2|Rillaboom, L50, M|
|poke|p2|Weezing-Galar, L50, M|
|teampreview|4
|showteam|p1|Sneasler||FocusSash|PoisonTouch|FakeOut,DireClaw,CloseCombat,Protect|||M|||50|,,,,,Dark]Gholdengo||LifeOrb|GoodasGold|MakeItRain,ShadowBall,NastyPlot,Protect||||||50|,,,,,Water]Dondozo||Leftovers|Unaware|WaveCrash,Yawn,Fissure,Protect|||M|||50|,,,,,Steel]Rillaboom||AssaultVest|GrassySurge|FakeOut,WoodHammer,GrassyGlide,HighHorsepower|||M|||50|,,,,,Fire]Volcarona||CovertCloak|FlameBody|HeatWave,QuiverDance,TeraBlast,Protect|||F|||50|,,,,,Fairy]Electabuzz||Eviolite|VitalSpirit|Thunderbolt,FollowMe,Taunt,Protect|||M|||50|,,,,,Ghost
|showteam|p2|Kommo-o||Leftovers|Overcoat|BodyPress,IronDefense,ShadowClaw,Protect|||F|||50|,,,,,Steel]Gholdengo||GrassySeed|GoodasGold|MakeItRain,ShadowBall,NastyPlot,Protect||||||50|,,,,,Normal]Tyranitar||AssaultVest|SandStream|RockSlide,KnockOff,TeraBlast,LowKick|||M|||50|,,,,,Flying]Volcarona||SafetyGoggles|FlameBody|Overheat,StruggleBug,Tailwind,RagePowder|||M|||50|,,,,,Fairy]Rillaboom||AbilityShield|GrassySurge|WoodHammer,GrassyGlide,FakeOut,HighHorsepower|||M|||50|,,,,,Fire]Weezing-Galar||SitrusBerry|NeutralizingGas|StrangeSteam,PoisonGas,Taunt,Protect|||M|||50|,,,,,Water
|j| shadow193
|
|t:|1756556438
|teamsize|p1|4
|teamsize|p2|4
|start
|switch|p1a: Sneasler|Sneasler, L50, M|100/100
|switch|p1b: Gholdengo|Gholdengo, L50|100/100
|switch|p2a: Volcarona|Volcarona, L50, M|100/100
|switch|p2b: Gholdengo|Gholdengo, L50|100/100
|turn|1
|inactive|Battle timer is ON: inactive players will automatically lose when time's up. (requested by krscrossapplesauce)
|
|t:|1756556467
|-terastallize|p1b: Gholdengo|Water
|move|p1a: Sneasler|Fake Out|p2a: Volcarona
|-damage|p2a: Volcarona|85/100
|cant|p2a: Volcarona|flinch
|move|p1b: Gholdengo|Nasty Plot|p1b: Gholdengo
|-boost|p1b: Gholdengo|spa|2
|move|p2b: Gholdengo|Nasty Plot|p2b: Gholdengo
|-boost|p2b: Gholdengo|spa|2
|
|upkeep
|turn|2
|inactive|teslobo has 30 seconds left.
|inactive|teslobo has 20 seconds left.
|inactive|teslobo has 15 seconds left.
|
|t:|1756556509
|move|p1a: Sneasler|Close Combat|p2b: Gholdengo
|-immune|p2b: Gholdengo
|move|p2a: Volcarona|Tailwind|p2a: Volcarona
|-sidestart|p2: teslobo|move: Tailwind
|move|p2b: Gholdengo|Make It Rain|p1b: Gholdengo|[spread] p1a,p1b
|-resisted|p1b: Gholdengo
|-enditem|p1a: Sneasler|Focus Sash
|-damage|p1a: Sneasler|1/100
|-damage|p1b: Gholdengo|48/100
|-unboost|p2b: Gholdengo|spa|1
|move|p1b: Gholdengo|Shadow Ball|p2a: Volcarona
|-damage|p2a: Volcarona|0 fnt
|faint|p2a: Volcarona
|-damage|p1b: Gholdengo|39/100|[from] item: Life Orb
|
|upkeep
|
|t:|1756556530
|switch|p2a: Rillaboom|Rillaboom, L50, M|100/100
|-fieldstart|move: Grassy Terrain|[from] ability: Grassy Surge|[of] p2a: Rillaboom
|-enditem|p2b: Gholdengo|Grassy Seed
|-boost|p2b: Gholdengo|def|1|[from] item: Grassy Seed
|turn|3
|inactive|krscrossapplesauce has 30 seconds left.
|
|t:|1756556555
|-terastallize|p2a: Rillaboom|Fire
|move|p1b: Gholdengo|Protect|p1b: Gholdengo
|-singleturn|p1b: Gholdengo|Protect
|move|p2a: Rillaboom|Grassy Glide|p1b: Gholdengo
|-activate|p1b: Gholdengo|move: Protect
|move|p2b: Gholdengo|Shadow Ball|p1a: Sneasler
|-damage|p1a: Sneasler|0 fnt
|faint|p1a: Sneasler
|
|-heal|p1b: Gholdengo|45/100|[from] Grassy Terrain
|upkeep
|
|t:|1756556565
|switch|p1a: Rillaboom|Rillaboom, L50, M|100/100
|turn|4
|inactive|teslobo has 30 seconds left.
|inactive|teslobo has 20 seconds left.
|
|t:|1756556600
|switch|p2a: Weezing|Weezing-Galar, L50, M|100/100
|-ability|p2a: Weezing|Neutralizing Gas
|switch|p1a: Dondozo|Dondozo, L50, M|100/100
|move|p2b: Gholdengo|Shadow Ball|p1b: Gholdengo
|-damage|p1b: Gholdengo|0 fnt
|faint|p1b: Gholdengo
|
|upkeep
|
|t:|1756556609
|switch|p1b: Rillaboom|Rillaboom, L50, M|100/100
|turn|5
|
|t:|1756556626
|move|p2b: Gholdengo|Protect|p2b: Gholdengo
|-singleturn|p2b: Gholdengo|Protect
|move|p1b: Rillaboom|Fake Out|p2a: Weezing
|-damage|p2a: Weezing|87/100
|cant|p2a: Weezing|flinch
|move|p1a: Dondozo|Fissure|p2b: Gholdengo
|-activate|p2b: Gholdengo|move: Protect
|
|-heal|p2a: Weezing|93/100|[from] Grassy Terrain
|-sideend|p2: teslobo|move: Tailwind
|upkeep
|turn|6
|
|t:|1756556648
|move|p1a: Dondozo|Protect|p1a: Dondozo
|-singleturn|p1a: Dondozo|Protect
|move|p1b: Rillaboom|High Horsepower|p2b: Gholdengo
|-supereffective|p2b: Gholdengo
|-damage|p2b: Gholdengo|64/100
|move|p2b: Gholdengo|Make It Rain|p1b: Rillaboom|[spread] p1b
|-activate|p1a: Dondozo|move: Protect
|-damage|p1b: Rillaboom|43/100
|-unboost|p2b: Gholdengo|spa|1
|move|p2a: Weezing|Poison Gas|p1b: Rillaboom|[spread] p1b
|-activate|p1a: Dondozo|move: Protect
|-status|p1b: Rillaboom|psn
|
|-heal|p1b: Rillaboom|49/100 psn|[from] Grassy Terrain
|-heal|p2b: Gholdengo|70/100|[from] Grassy Terrain
|-heal|p2a: Weezing|99/100|[from] Grassy Terrain
|-damage|p1b: Rillaboom|37/100 psn|[from] psn
|upkeep
|turn|7
|inactive|teslobo has 30 seconds left.
|
|t:|1756556680
|move|p1b: Rillaboom|High Horsepower|p2b: Gholdengo
|-supereffective|p2b: Gholdengo
|-damage|p2b: Gholdengo|30/100
|move|p2b: Gholdengo|Nasty Plot|p2b: Gholdengo
|-boost|p2b: Gholdengo|spa|2
|move|p2a: Weezing|Poison Gas|p1a: Dondozo|[spread] p1a,p1b
|-status|p1a: Dondozo|psn
|-fail|p1b: Rillaboom|psn
|move|p1a: Dondozo|Yawn|p2b: Gholdengo
|-start|p2b: Gholdengo|move: Yawn|[of] p1a: Dondozo
|
|-heal|p1b: Rillaboom|43/100 psn|[from] Grassy Terrain
|-heal|p2b: Gholdengo|36/100|[from] Grassy Terrain
|-heal|p2a: Weezing|100/100|[from] Grassy Terrain
|-damage|p1b: Rillaboom|31/100 psn|[from] psn
|-damage|p1a: Dondozo|88/100 psn|[from] psn
|-fieldend|move: Grassy Terrain
|upkeep
|turn|8
|inactive|teslobo has 30 seconds left.
|
|t:|1756556707
|move|p1b: Rillaboom|High Horsepower|p2a: Weezing
|-supereffective|p2a: Weezing
|-damage|p2a: Weezing|40/100
|-enditem|p2a: Weezing|Sitrus Berry|[eat]
|-heal|p2a: Weezing|65/100|[from] item: Sitrus Berry
|move|p2b: Gholdengo|Shadow Ball|p1a: Dondozo
|-damage|p1a: Dondozo|24/100 psn
|move|p2a: Weezing|Strange Steam|p1b: Rillaboom
|-damage|p1b: Rillaboom|10/100 psn
|-start|p1b: Rillaboom|confusion
|move|p1a: Dondozo|Wave Crash|p2b: Gholdengo
|-damage|p2b: Gholdengo|12/100
|-damage|p1a: Dondozo|18/100 psn|[from] Recoil
|
|-heal|p1a: Dondozo|24/100 psn|[from] item: Leftovers
|-damage|p1b: Rillaboom|0 fnt|[from] psn
|faint|p1b: Rillaboom
|-damage|p1a: Dondozo|12/100 psn|[from] psn
|-end|p2b: Gholdengo|move: Yawn|[silent]
|-status|p2b: Gholdengo|slp
|upkeep
|turn|9
|-message|krscrossapplesauce forfeited.
|
|win|teslobo
|l|☆krscrossapplesauce
|player|p1|
|j|☆krscrossapplesauce
|player|p1|krscrossapplesauce|green|
||teslobo is ready for game 3.
||krscrossapplesauce is ready for game 3.
|uhtml|next|Next: Game 3 of 3
|l| shadow193
|l|☆krscrossapplesauce
|player|p1|
