|j|☆raksbach
|j|☆wismi11
|html|raksbachwismi11    
|uhtml|bestof|Game 2 of a best-of-3
|t:|1782983982
|gametype|doubles
|player|p1|raksbach|102|1139
|player|p2|wismi11|steven|1045
|gen|9
|tier|[Gen 9 Champions] VGC 2026 Reg M-B (Bo3)
|rated|
|rule|Species Clause: Limit one of each Pokémon
|rule|Item Clause: Limit 1 of each item
|clearpoke
|poke|p1|Incineroar, L50, F|
|poke|p1|Maushold, L50|
|poke|p1|Sinistcha, L50|
|poke|p1|Sneasler, L50, F|
|poke|p1|Blastoise, L50, F|
|poke|p1|Delphox, L50, F|
|poke|p2|Charizard, L50, M|
|poke|p2|Aerodactyl, L50, F|
|poke|p2|Farigiraf, L50, M|
|poke|p2|Garchomp, L50, M|
|poke|p2|Sylveon, L50, F|
|poke|p2|Kingambit, L50, M|
|teampreview|4
|showteam|p1|Incineroar||SitrusBerry|Intimidate|FakeOut,FlareBlitz,ThroatChop,PartingShot|Impish||F|||50|]Maushold||ChopleBerry|FriendGuard|SuperFang,Feint,FollowMe,Protect|Impish|||||50|]Sinistcha||KasibBerry|Hospitality|MatchaGotcha,LifeDew,RagePowder,Protect|Bold|||||50|]Sneasler||FocusSash|PoisonTouch|FakeOut,CloseCombat,DireClaw,QuickGuard|Jolly||F|||50|]Blastoise||Blastoisinite|RainDish|WaterSpout,DarkPulse,ShellSmash,Protect|Modest||F|||50|]Delphox||Delphoxite|Blaze|HeatWave,Psyshock,NastyPlot,Protect|Timid||F|||50|
|showteam|p2|Charizard||CharizarditeY|Blaze|HeatWave,SolarBeam,WeatherBall,Protect|Modest||M|||50|]Aerodactyl||Aerodactylite|Unnerve|RockSlide,DualWingbeat,Tailwind,Protect|Jolly||F|||50|]Farigiraf||SitrusBerry|ArmorTail|Psychic,Thunderbolt,TrickRoom,HelpingHand|Bold||M|||50|]Garchomp||LifeOrb|RoughSkin|DragonClaw,Earthquake,StompingTantrum,Protect|Jolly||M|||50|]Sylveon||FairyFeather|Pixilate|HyperBeam,HyperVoice,QuickAttack,Detect|Modest||F|||50|]Kingambit||FocusSash|Defiant|KowtowCleave,SuckerPunch,IronHead,LowKick|Adamant||M|||50|
|inactive|Battle timer is ON: inactive players will automatically lose when time's up. (requested by raksbach)
|inactive|raksbach has 60 seconds left.
|inactive|wismi11 has 60 seconds left.
|
|t:|1782984033
|teamsize|p1|4
|teamsize|p2|4
|start
|switch|p1a: Maushold|Maushold, L50|100/100
|switch|p1b: Delphox|Delphox, L50, F|100/100
|switch|p2a: Charizard|Charizard, L50, M|100/100
|switch|p2b: Kingambit|Kingambit, L50, M|100/100
|turn|1
|inactive|raksbach has 30 seconds left.
|inactive|wismi11 has 30 seconds left.
|inactive|raksbach has 20 seconds left.
|inactive|wismi11 has 20 seconds left.
|inactive|raksbach has 15 seconds left.
|inactive|wismi11 has 15 seconds left.
|inactive|raksbach has 10 seconds left.
|inactive|wismi11 has 10 seconds left.
|
|t:|1782984082
|switch|p2a: Garchomp|Garchomp, L50, M|100/100
|detailschange|p1b: Delphox|Delphox-Mega, L50, F
|-mega|p1b: Delphox|Delphox|Delphoxite
|move|p1a: Maushold|Feint|p2b: Kingambit
|-resisted|p2b: Kingambit|1
|-damage|p2b: Kingambit|96/100
|move|p1b: Delphox|Heat Wave|p2b: Kingambit|[spread] p2a,p2b
|-resisted|p2a: Garchomp|1
|-supereffective|p2b: Kingambit|1
|-damage|p2a: Garchomp|79/100
|-damage|p2b: Kingambit|14/100
|move|p2b: Kingambit|Kowtow Cleave|p1b: Delphox
|-supereffective|p1b: Delphox|1
|-damage|p1b: Delphox|7/100
|
|upkeep
|turn|2
|inactive|raksbach has 30 seconds left.
|inactive|wismi11 has 30 seconds left.
|inactive|raksbach has 20 seconds left.
|inactive|wismi11 has 20 seconds left.
|inactive|raksbach has 15 seconds left.
|inactive|wismi11 has 15 seconds left.
|
|t:|1782984127
|switch|p2b: Charizard|Charizard, L50, M|100/100
|move|p1a: Maushold|Follow Me|p1a: Maushold
|-singleturn|p1a: Maushold|move: Follow Me
|move|p1b: Delphox|Heat Wave|p2a: Garchomp|[spread] p2a,p2b
|-resisted|p2a: Garchomp|1
|-resisted|p2b: Charizard|1
|-damage|p2a: Garchomp|58/100
|-damage|p2b: Charizard|76/100
|move|p2a: Garchomp|Dragon Claw|p1a: Maushold
|-damage|p1a: Maushold|46/100
|-damage|p2a: Garchomp|48/100|[from] item: Life Orb
|
|upkeep
|turn|3
|inactive|raksbach has 30 seconds left.
|inactive|wismi11 has 30 seconds left.
|inactive|wismi11 has 20 seconds left.
|
|t:|1782984165
|switch|p1a: Incineroar|Incineroar, L50, F|100/100
|-ability|p1a: Incineroar|Intimidate|boost
|-unboost|p2a: Garchomp|atk|1
|-unboost|p2b: Charizard|atk|1
|move|p1b: Delphox|Protect|p1b: Delphox
|-singleturn|p1b: Delphox|Protect
|move|p2b: Charizard|Protect|p2b: Charizard
|-singleturn|p2b: Charizard|Protect
|move|p2a: Garchomp|Dragon Claw|p1b: Delphox
|-activate|p1b: Delphox|move: Protect
|
|upkeep
|turn|4
|inactive|raksbach has 30 seconds left.
|
|t:|1782984199
|switch|p1b: Maushold|Maushold, L50|46/100
|switch|p2a: Farigiraf|Farigiraf, L50, M|100/100
|detailschange|p2b: Charizard|Charizard-Mega-Y, L50, M
|-mega|p2b: Charizard|Charizard|Charizardite Y
|-weather|SunnyDay|[from] ability: Drought|[of] p2b: Charizard
|move|p2b: Charizard|Heat Wave|p1b: Maushold|[spread] p1a,p1b
|-resisted|p1a: Incineroar|1
|-damage|p1a: Incineroar|78/100
|-damage|p1b: Maushold|0 fnt
|faint|p1b: Maushold
|move|p1a: Incineroar|Parting Shot|p2b: Charizard
|-unboost|p2b: Charizard|atk|1
|-unboost|p2b: Charizard|spa|1
|
|t:|1782984214
|switch|p1a: Delphox|Delphox-Mega, L50, F|7/100|[from] Parting Shot
|
|-weather|SunnyDay|[upkeep]
|upkeep
|
|t:|1782984218
|switch|p1b: Sinistcha|Sinistcha, L50|100/100
|-heal|p1a: Delphox|32/100|[from] ability: Hospitality|[of] p1b: Sinistcha
|turn|5
|inactive|raksbach has 30 seconds left.
|
|t:|1782984244
|switch|p1b: Incineroar|Incineroar, L50, F|78/100
|-ability|p1b: Incineroar|Intimidate|boost
|-unboost|p2a: Farigiraf|atk|1
|-unboost|p2b: Charizard|atk|1
|move|p2a: Farigiraf|Helping Hand|p2b: Charizard
|-singleturn|p2b: Charizard|Helping Hand|[of] p2a: Farigiraf
|move|p1a: Delphox|Heat Wave|p2a: Farigiraf|[spread] p2a,p2b
|-resisted|p2b: Charizard|1
|-damage|p2a: Farigiraf|48/100
|-damage|p2b: Charizard|49/100
|-status|p2a: Farigiraf|brn
|-enditem|p2a: Farigiraf|Sitrus Berry|[eat]
|-heal|p2a: Farigiraf|73/100 brn|[from] item: Sitrus Berry
|move|p2b: Charizard|Heat Wave|p1b: Incineroar|[spread] p1a,p1b
|-resisted|p1a: Delphox|1
|-resisted|p1b: Incineroar|1
|-damage|p1a: Delphox|7/100
|-damage|p1b: Incineroar|48/100
|-enditem|p1b: Incineroar|Sitrus Berry|[eat]
|-heal|p1b: Incineroar|73/100|[from] item: Sitrus Berry
|
|-weather|SunnyDay|[upkeep]
|-damage|p2a: Farigiraf|67/100 brn|[from] brn
|upkeep
|turn|6
|inactive|raksbach has 30 seconds left.
|inactive|wismi11 has 30 seconds left.
|inactive|wismi11 has 20 seconds left.
|
|t:|1782984284
|switch|p2b: Kingambit|Kingambit, L50, M|14/100
|switch|p2a: Garchomp|Garchomp, L50, M|48/100
|move|p1a: Delphox|Protect|p1a: Delphox
|-singleturn|p1a: Delphox|Protect
|move|p1b: Incineroar|Parting Shot|p2b: Kingambit
|-unboost|p2b: Kingambit|atk|1
|-ability|p2b: Kingambit|Defiant|boost
|-boost|p2b: Kingambit|atk|2
|-unboost|p2b: Kingambit|spa|1
|-ability|p2b: Kingambit|Defiant|boost
|-boost|p2b: Kingambit|atk|2
|
|t:|1782984297
|switch|p1b: Sinistcha|Sinistcha, L50|100/100|[from] Parting Shot
|-heal|p1a: Delphox|32/100|[from] ability: Hospitality|[of] p1b: Sinistcha
|
|-weather|SunnyDay|[upkeep]
|upkeep
|turn|7
|inactive|wismi11 has 30 seconds left.
|inactive|wismi11 has 20 seconds left.
|inactive|wismi11 has 15 seconds left.
|inactive|wismi11 has 10 seconds left.
|
|t:|1782984343
|switch|p2b: Farigiraf|Farigiraf, L50, M|67/100 brn
|move|p1b: Sinistcha|Rage Powder|p1b: Sinistcha
|-singleturn|p1b: Sinistcha|move: Rage Powder
|move|p1a: Delphox|Heat Wave|p2a: Garchomp|[spread] p2a,p2b
|-resisted|p2a: Garchomp|1
|-damage|p2a: Garchomp|20/100y
|-damage|p2b: Farigiraf|13/100 brn
|move|p2a: Garchomp|Dragon Claw|p1b: Sinistcha
|-damage|p1b: Sinistcha|58/100
|-damage|p2a: Garchomp|10/100|[from] item: Life Orb
|
|-weather|SunnyDay|[upkeep]
|-damage|p2b: Farigiraf|7/100 brn|[from] brn
|upkeep
|turn|8
|inactive|wismi11 has 30 seconds left.
|inactive|wismi11 has 20 seconds left.
|inactive|wismi11 has 15 seconds left.
|inactive|wismi11 has 10 seconds left.
|inactive|wismi11 has 5 seconds left.
|
|t:|1782984394
|move|p2a: Garchomp|Protect|p2a: Garchomp
|-singleturn|p2a: Garchomp|Protect
|move|p1a: Delphox|Heat Wave|p2a: Garchomp|[spread] p2b
|-activate|p2a: Garchomp|move: Protect
|-damage|p2b: Farigiraf|0 fnt
|faint|p2b: Farigiraf
|move|p1b: Sinistcha|Life Dew|p1b: Sinistcha|[spread] p1a,p1b
|-heal|p1a: Delphox|57/100
|-heal|p1b: Sinistcha|83/100
|
|-weather|none
|upkeep
|
|t:|1782984407
|switch|p2b: Charizard|Charizard-Mega-Y, L50, M|49/100
|-weather|SunnyDay|[from] ability: Drought|[of] p2b: Charizard
|turn|9
|
|t:|1782984419
|switch|p1b: Incineroar|Incineroar, L50, F|73/100
|-ability|p1b: Incineroar|Intimidate|boost
|-unboost|p2a: Garchomp|atk|1
|-unboost|p2b: Charizard|atk|1
|move|p2a: Garchomp|Protect|p2a: Garchomp
|-singleturn|p2a: Garchomp|Protect
|move|p1a: Delphox|Heat Wave|p2b: Charizard|[spread] p2b
|-activate|p2a: Garchomp|move: Protect
|-resisted|p2b: Charizard|1
|-damage|p2b: Charizard|23/100
|move|p2b: Charizard|Heat Wave|p1a: Delphox|[spread] p1a,p1b
|-resisted|p1a: Delphox|1
|-resisted|p1b: Incineroar|1
|-damage|p1a: Delphox|30/100
|-damage|p1b: Incineroar|44/100
|
|-weather|SunnyDay|[upkeep]
|upkeep
|turn|10
|inactive|wismi11 has 30 seconds left.
|inactive|wismi11 has 20 seconds left.
|inactive|wismi11 has 15 seconds left.
|inactive|wismi11 has 10 seconds left.
|
|t:|1782984465
|switch|p1b: Sinistcha|Sinistcha, L50|83/100
|-heal|p1a: Delphox|55/100|[from] ability: Hospitality|[of] p1b: Sinistcha
|move|p2a: Garchomp|Protect|p2a: Garchomp
|-singleturn|p2a: Garchomp|Protect
|move|p2b: Charizard|Protect|p2b: Charizard
|-singleturn|p2b: Charizard|Protect
|move|p1a: Delphox|Heat Wave|p2b: Charizard|[spread] 
|-activate|p2a: Garchomp|move: Protect
|-activate|p2b: Charizard|move: Protect
|
|-weather|SunnyDay|[upkeep]
|upkeep
|turn|11
|
|t:|1782984485
|move|p2a: Garchomp|Protect||[still]
|-fail|p2a: Garchomp
|move|p1a: Delphox|Heat Wave|p2b: Charizard|[spread] p2a,p2b
|-resisted|p2a: Garchomp|1
|-resisted|p2b: Charizard|1
|-damage|p2a: Garchomp|0 fnt
|-damage|p2b: Charizard|0 fnt
|faint|p2a: Garchomp
|faint|p2b: Charizard
|move|p1b: Sinistcha|Life Dew|p1b: Sinistcha|[spread] p1a,p1b
|-heal|p1a: Delphox|80/100
|-heal|p1b: Sinistcha|100/100
|
|-weather|SunnyDay|[upkeep]
|upkeep
|
|t:|1782984492
|switch|p2b: Kingambit|Kingambit, L50, M|14/100
|turn|12
|
|t:|1782984500
|move|p1b: Sinistcha|Rage Powder|p1b: Sinistcha
|-singleturn|p1b: Sinistcha|move: Rage Powder
|move|p2b: Kingambit|Sucker Punch||[still]
|-fail|p2b: Kingambit
|move|p1a: Delphox|Heat Wave|p2b: Kingambit
|-supereffective|p2b: Kingambit|1
|-damage|p2b: Kingambit|0 fnt
|faint|p2b: Kingambit
|
|win|raksbach
||wismi11 is ready for game 3.
||raksbach is ready for game 3.
|uhtml|next|Next: Game 3 of 3
|l|☆wismi11
|player|p2|
|j|☆wismi11
|player|p2|wismi11|steven|
|l|☆raksbach
|player|p1|
