|j|☆dracojackson
|j|☆ApolloLou
|html|dracojacksonApolloLou    
|uhtml|bestof|Game 1 of a best-of-3
|t:|1756416023
|gametype|doubles
|player|p1|dracojackson|hilbert|
|player|p2|ApolloLou|birch|
|gen|9
|tier|[Gen 9] VGC 2025 Reg H (Bo3)
|rule|Species Clause: Limit one of each Pokémon
|rule|Item Clause: Limit 1 of each item
|clearpoke
|poke|p1|Porygon2, L50|
|poke|p1|Incineroar, L50, M|
|poke|p1|Ursaluna, L50, F|
|poke|p1|Amoonguss, L50, M|
|poke|p1|Gholdengo, L50|
|poke|p1|Dragonite, L50, M|
|poke|p2|Sneasler, L50, F|
|poke|p2|Indeedee, L50, M|
|poke|p2|Annihilape, L50, M|
|poke|p2|Electabuzz, L50, M|
|poke|p2|Hypno, L50, M|
|poke|p2|Ursaluna, L50, F|
|teampreview|4
|showteam|p1|Porygon2||Eviolite|Download|TeraBlast,IceBeam,Recover,TrickRoom||||||50|,,,,,Fighting]Incineroar||SafetyGoggles|Intimidate|FakeOut,KnockOff,FlareBlitz,PartingShot|||M|||50|,,,,,Ghost]Ursaluna||FlameOrb|Guts|HeadlongRush,Facade,Earthquake,Protect|||F|||50|,,,,,Ghost]Amoonguss||SitrusBerry|Regenerator|PollenPuff,Spore,RagePowder,Protect|||M|||50|,,,,,Water]Gholdengo||LifeOrb|GoodasGold|MakeItRain,ShadowBall,NastyPlot,Protect||||||50|,,,,,Dragon]Dragonite||LoadedDice|Multiscale|ScaleShot,Haze,Tailwind,Protect|||M|||50|,,,,,Steel
|showteam|p2|Sneasler||PsychicSeed|Unburden|DireClaw,Protect,ThroatChop,CloseCombat|||F|||50|,,,,,Dark]Indeedee||FocusSash|PsychicSurge|ExpandingForce,TrickRoom,TeraBlast,Protect|||M|||50|,,,,,Ground]Annihilape||SitrusBerry|Defiant|RageFist,DrainPunch,BulkUp,Protect|||M|||50|,,,,,Steel]Electabuzz||Eviolite|VitalSpirit|FollowMe,Electroweb,Protect,Taunt|||M|||50|,,,,,Fairy]Hypno||RoomService|Insomnia|ExpandingForce,Haze,Hex,TrickRoom|||M|||50|,,,,,Ghost]Ursaluna||FlameOrb|Guts|Facade,HeadlongRush,Earthquake,Protect|||F|||50|,,,,,Normal
|
|t:|1756416089
|teamsize|p1|4
|teamsize|p2|4
|start
|switch|p1a: Nitenite|Dragonite, L50, M|100/100
|switch|p1b: Tomato|Incineroar, L50, M|100/100
|switch|p2a: Electabuzz|Electabuzz, L50, M|100/100
|switch|p2b: Annihilape|Annihilape, L50, M|100/100
|-ability|p1b: Tomato|Intimidate|boost
|-unboost|p2a: Electabuzz|atk|1
|-unboost|p2b: Annihilape|atk|1
|-ability|p2b: Annihilape|Defiant|boost
|-boost|p2b: Annihilape|atk|2
|turn|1
|
|t:|1756416114
|move|p2b: Annihilape|Protect|p2b: Annihilape
|-singleturn|p2b: Annihilape|Protect
|move|p1b: Tomato|Fake Out|p2a: Electabuzz
|-damage|p2a: Electabuzz|89/100
|cant|p2a: Electabuzz|flinch
|move|p1a: Nitenite|Tailwind|p1a: Nitenite
|-sidestart|p1: dracojackson|move: Tailwind
|
|upkeep
|turn|2
|
|t:|1756416144
|switch|p1a: IGOR|Ursaluna, L50, F, shiny|100/100
|-terastallize|p2a: Electabuzz|Fairy
|move|p2a: Electabuzz|Follow Me|p2a: Electabuzz
|-singleturn|p2a: Electabuzz|move: Follow Me
|move|p1b: Tomato|Parting Shot|p2a: Electabuzz
|-unboost|p2a: Electabuzz|atk|1
|-unboost|p2a: Electabuzz|spa|1
|
|t:|1756416147
|switch|p1b: LaFawnduh|Amoonguss, L50, M|100/100|[from] Parting Shot
|move|p2b: Annihilape|Drain Punch|p1b: LaFawnduh
|-resisted|p1b: LaFawnduh
|-damage|p1b: LaFawnduh|79/100
|
|-status|p1a: IGOR|brn|[from] item: Flame Orb
|upkeep
|turn|3
|
|t:|1756416176
|move|p2a: Electabuzz|Follow Me|p2a: Electabuzz
|-singleturn|p2a: Electabuzz|move: Follow Me
|move|p1b: LaFawnduh|Rage Powder|p1b: LaFawnduh
|-singleturn|p1b: LaFawnduh|move: Rage Powder
|move|p1a: IGOR|Facade|p2a: Electabuzz
|-damage|p2a: Electabuzz|0 fnt
|faint|p2a: Electabuzz
|move|p2b: Annihilape|Bulk Up|p2b: Annihilape
|-boost|p2b: Annihilape|atk|1
|-boost|p2b: Annihilape|def|1
|
|-damage|p1a: IGOR|95/100 brn|[from] brn
|upkeep
|
|t:|1756416183
|switch|p2a: Indeedee|Indeedee, L50, M|100/100
|-fieldstart|move: Psychic Terrain|[from] ability: Psychic Surge|[of] p2a: Indeedee
|turn|4
|
|t:|1756416208
|-terastallize|p1b: LaFawnduh|Water
|move|p2b: Annihilape|Protect|p2b: Annihilape
|-singleturn|p2b: Annihilape|Protect
|move|p1a: IGOR|Facade|p2a: Indeedee
|-enditem|p2a: Indeedee|Focus Sash
|-damage|p2a: Indeedee|1/100
|move|p2a: Indeedee|Expanding Force|p1b: LaFawnduh|[spread] p1a,p1b
|-damage|p1a: IGOR|36/100 brn
|-damage|p1b: LaFawnduh|36/100
|-enditem|p1b: LaFawnduh|Sitrus Berry|[eat]
|-heal|p1b: LaFawnduh|61/100|[from] item: Sitrus Berry
|move|p1b: LaFawnduh|Spore|p2a: Indeedee
|-status|p2a: Indeedee|slp|[from] move: Spore
|
|-damage|p1a: IGOR|30/100 brn|[from] brn
|-sideend|p1: dracojackson|move: Tailwind
|upkeep
|turn|5
|
|t:|1756416248
|switch|p1a: Nitenite|Dragonite, L50, M|100/100
|cant|p2a: Indeedee|slp
|move|p2b: Annihilape|Drain Punch|p1b: LaFawnduh
|-damage|p1b: LaFawnduh|0 fnt
|faint|p1b: LaFawnduh
|
|upkeep
|
|t:|1756416261
|switch|p1b: IGOR|Ursaluna, L50, F, shiny|30/100 brn
|turn|6
|
|t:|1756416277
|move|p1b: IGOR|Protect|p1b: IGOR
|-singleturn|p1b: IGOR|Protect
|cant|p2a: Indeedee|slp
|move|p1a: Nitenite|Tailwind|p1a: Nitenite
|-sidestart|p1: dracojackson|move: Tailwind
|move|p2b: Annihilape|Drain Punch|p1a: Nitenite
|-resisted|p1a: Nitenite
|-damage|p1a: Nitenite|80/100
|
|-damage|p1b: IGOR|25/100 brn|[from] brn
|upkeep
|turn|7
|
|t:|1756416299
|move|p1a: Nitenite|Haze|p1a: Nitenite
|-clearallboost
|move|p1b: IGOR|Earthquake|p2a: Indeedee|[spread] p2a,p2b
|-immune|p1a: Nitenite
|-damage|p2a: Indeedee|0 fnt
|-damage|p2b: Annihilape|36/100
|-enditem|p2b: Annihilape|Sitrus Berry|[eat]
|-heal|p2b: Annihilape|60/100|[from] item: Sitrus Berry
|faint|p2a: Indeedee
|move|p2b: Annihilape|Drain Punch|p1b: IGOR
|-supereffective|p1b: IGOR
|-damage|p1b: IGOR|0 fnt
|-heal|p2b: Annihilape|73/100|[from] drain|[of] p1b: IGOR
|faint|p1b: IGOR
|
|upkeep
|
|t:|1756416313
|switch|p2a: Sneasler|Sneasler, L50, F|100/100
|switch|p1b: Tomato|Incineroar, L50, M|100/100
|-ability|p1b: Tomato|Intimidate|boost
|-unboost|p2a: Sneasler|atk|1
|-unboost|p2b: Annihilape|atk|1
|-ability|p2b: Annihilape|Defiant|boost
|-boost|p2b: Annihilape|atk|2
|-enditem|p2a: Sneasler|Psychic Seed
|-boost|p2a: Sneasler|spd|1|[from] item: Psychic Seed
|turn|8
|
|t:|1756416337
|move|p2a: Sneasler|Protect|p2a: Sneasler
|-singleturn|p2a: Sneasler|Protect
|move|p1a: Nitenite|Scale Shot|p2b: Annihilape
|-damage|p2b: Annihilape|58/100
|-damage|p2b: Annihilape|41/100
|-damage|p2b: Annihilape|25/100
|-damage|p2b: Annihilape|9/100
|-hitcount|p2b: Annihilape|4
|-unboost|p1a: Nitenite|def|1
|-boost|p1a: Nitenite|spe|1
|move|p1b: Tomato|Flare Blitz|p2b: Annihilape
|-damage|p2b: Annihilape|0 fnt
|faint|p2b: Annihilape
|-damage|p1b: Tomato|97/100|[from] Recoil
|
|-fieldend|move: Psychic Terrain
|upkeep
|turn|9
|
|t:|1756416355
|move|p1a: Nitenite|Scale Shot|p2a: Sneasler
|-damage|p2a: Sneasler|75/100
|-damage|p2a: Sneasler|50/100
|-damage|p2a: Sneasler|24/100
|-damage|p2a: Sneasler|0 fnt
|faint|p2a: Sneasler
|-hitcount|p2: Sneasler|4
|
|win|dracojackson
|inactive|dracojackson has 30 seconds to confirm battle start!
|inactive|ApolloLou has 30 seconds to confirm battle start!
||dracojackson is ready for game 2.
||ApolloLou is ready for game 2.
|uhtml|next|Next: Game 2 of 3
|l|☆ApolloLou
|player|p2|
