|j|ŌśåVenuDaAscoInRain
|j|ŌśåInvencible19
|html|VenuDaAscoInRainInvencible19    
|uhtml|bestof|Game 2 of a best-of-3
|t:|1783063067
|gametype|doubles
|player|p1|VenuDaAscoInRain|li|1095
|player|p2|Invencible19|dawn-gen4pt|1156
|gen|9
|tier|[Gen 9 Champions] VGC 2026 Reg M-B (Bo3)
|rated|
|rule|Species Clause: Limit one of each Pok├®mon
|rule|Item Clause: Limit 1 of each item
|clearpoke
|poke|p1|Pelipper, L50, M, shiny|
|poke|p1|Swampert, L50, M|
|poke|p1|Archaludon, L50, M, shiny|
|poke|p1|Grimmsnarl, L50, M, shiny|
|poke|p1|Venusaur, L50, M, shiny|
|poke|p1|Sneasler, L50, M, shiny|
|poke|p2|Gardevoir, L50, F, shiny|
|poke|p2|Talonflame, L50, M|
|poke|p2|Tyranitar, L50, M|
|poke|p2|Farigiraf, L50, M|
|poke|p2|Sinistcha, L50|
|poke|p2|Kingambit, L50, F|
|teampreview|4
|showteam|p1|Pelipper||FocusSash|Drizzle|WeatherBall,Hurricane,Tailwind,Protect|Modest||M|||50|]Swampert||Swampertite|Torrent|WaveCrash,IcePunch,HighHorsepower,Protect|Adamant||M|||50|]Archaludon||Leftovers|Stamina|ElectroShot,FlashCannon,DragonPulse,Protect|Modest||M|||50|]Grimmsnarl||RoseliBerry|Prankster|SpiritBreak,PartingShot,Reflect,LightScreen|Careful||M|||50|]Venusaur||Venusaurite|Chlorophyll|SludgeBomb,GigaDrain,EarthPower,SleepPowder|Modest||M|||50|]Sneasler||WhiteHerb|Unburden|DireClaw,CloseCombat,FakeOut,RockTomb|Jolly||M|||50|
|showteam|p2|Gardevoir||Gardevoirite|Trace|MysticalFire,HyperVoice,HyperBeam,Protect|Modest||F|||50|]Talonflame||LifeOrb|GaleWings|FlareBlitz,BraveBird,Tailwind,Taunt|Jolly||M|||50|]Tyranitar||Tyranitarite|SandStream|RockSlide,Crunch,LowKick,Protect|Adamant||M|||50|]Farigiraf||SitrusBerry|ArmorTail|Psychic,TrickRoom,HelpingHand,Roar|Modest||M|||50|]Sinistcha||ColburBerry|Hospitality|MatchaGotcha,StrengthSap,RagePowder,LifeDew|Bold|||||50|]Kingambit||BlackGlasses|Defiant|KowtowCleave,IronHead,SuckerPunch,Protect|Adamant||F|||50|
|inactive|Battle timer is ON: inactive players will automatically lose when time's up. (requested by Invencible19)
|inactive|VenuDaAscoInRain also wants the timer to be on.
|c|ŌśåVenuDaAscoInRain|iker?
|c|ŌśåInvencible19|Nop
|inactive|Invencible19 has 60 seconds left.
|c|ŌśåInvencible19|A no ser que sea Casillas
|
|t:|1783063121
|teamsize|p1|4
|teamsize|p2|4
|start
|switch|p1a: Grimmsnarl|Grimmsnarl, L50, M, shiny|100/100
|switch|p1b: Swampert|Swampert, L50, M|100/100
|switch|p2a: Talonflame|Talonflame, L50, M|100/100
|switch|p2b: Gardevoir|Gardevoir, L50, F, shiny|100/100
|-ability|p2b: Gardevoir|Prankster|Trace|[from] ability: Trace|[of] p1a: Grimmsnarl
|turn|1
|c|ŌśåVenuDaAscoInRain|si lo eres vamos, espero que las pares todas
|
|t:|1783063140
|detailschange|p1b: Swampert|Swampert-Mega, L50, M
|-mega|p1b: Swampert|Swampert|Swampertite
|detailschange|p2b: Gardevoir|Gardevoir-Mega, L50, F, shiny
|-mega|p2b: Gardevoir|Gardevoir|Gardevoirite
|move|p2a: Talonflame|Tailwind|p2a: Talonflame
|-sidestart|p2: Invencible19|move: Tailwind
|move|p1a: Grimmsnarl|Light Screen|p1a: Grimmsnarl
|-sidestart|p1: VenuDaAscoInRain|move: Light Screen
|move|p2b: Gardevoir|Hyper Voice|p1b: Swampert|[spread] p1a,p1b
|-supereffective|p1a: Grimmsnarl|1
|-enditem|p1a: Grimmsnarl|Roseli Berry|[eat]
|-enditem|p1a: Grimmsnarl|Roseli Berry|[weaken]
|-damage|p1a: Grimmsnarl|73/100
|-damage|p1b: Swampert|66/100
|move|p1b: Swampert|Wave Crash|p2b: Gardevoir
|-damage|p2b: Gardevoir|12/100
|-damage|p1b: Swampert|38/100|[from] Recoil
|
|upkeep
|turn|2
|
|t:|1783063157
|switch|p2a: Sinistcha|Sinistcha, L50|100/100
|-heal|p2b: Gardevoir|37/100|[from] ability: Hospitality|[of] p2a: Sinistcha
|move|p2b: Gardevoir|Protect|p2b: Gardevoir
|-singleturn|p2b: Gardevoir|Protect
|move|p1b: Swampert|Protect|p1b: Swampert
|-singleturn|p1b: Swampert|Protect
|move|p1a: Grimmsnarl|Spirit Break|p2b: Gardevoir
|-activate|p2b: Gardevoir|move: Protect
|
|upkeep
|turn|3
|
|t:|1783063175
|switch|p2b: Farigiraf|Farigiraf, L50, M|100/100
|move|p1a: Grimmsnarl|Parting Shot||[still]
|cant|p2b: Farigiraf|ability: Armor Tail|Parting Shot|[of] p1a: Grimmsnarl
|move|p2a: Sinistcha|Matcha Gotcha|p1b: Swampert|[spread] p1a,p1b
|-supereffective|p1b: Swampert|2
|-damage|p1a: Grimmsnarl|59/100
|-damage|p1b: Swampert|0 fnt
|-status|p1a: Grimmsnarl|brn
|faint|p1b: Swampert
|
|-damage|p1a: Grimmsnarl|53/100 brn|[from] brn
|upkeep
|
|t:|1783063181
|switch|p1b: Archaludon|Archaludon, L50, M, shiny|100/100
|turn|4
|
|t:|1783063198
|switch|p1b: Pelipper|Pelipper, L50, M, shiny|100/100
|-weather|RainDance|[from] ability: Drizzle|[of] p1b: Pelipper
|move|p2a: Sinistcha|Matcha Gotcha|p1a: Grimmsnarl|[spread] p1a,p1b
|-damage|p1a: Grimmsnarl|39/100 brn
|-damage|p1b: Pelipper|70/100
|move|p2b: Farigiraf|Psychic|p1b: Pelipper
|-damage|p1b: Pelipper|21/100
|move|p1a: Grimmsnarl|Spirit Break|p2a: Sinistcha
|-damage|p2a: Sinistcha|87/100
|-unboost|p2a: Sinistcha|spa|1
|
|-weather|RainDance|[upkeep]
|-damage|p1a: Grimmsnarl|33/100 brn|[from] brn
|-sideend|p2: Invencible19|move: Tailwind
|upkeep
|turn|5
|
|t:|1783063219
|switch|p1a: Archaludon|Archaludon, L50, M, shiny|100/100
|move|p2b: Farigiraf|Helping Hand|p2a: Sinistcha
|-singleturn|p2a: Sinistcha|Helping Hand|[of] p2b: Farigiraf
|move|p1b: Pelipper|Hurricane|p2a: Sinistcha
|-supereffective|p2a: Sinistcha|1
|-damage|p2a: Sinistcha|0 fnt
|faint|p2a: Sinistcha
|
|-weather|RainDance|[upkeep]
|-sideend|p1: VenuDaAscoInRain|move: Light Screen
|upkeep
|
|t:|1783063233
|switch|p2a: Talonflame|Talonflame, L50, M|100/100
|turn|6
|
|t:|1783063242
|switch|p1b: Grimmsnarl|Grimmsnarl, L50, M, shiny|33/100 brn
|move|p2a: Talonflame|Tailwind|p2a: Talonflame
|-sidestart|p2: Invencible19|move: Tailwind
|move|p2b: Farigiraf|Psychic|p1b: Grimmsnarl
|-immune|p1b: Grimmsnarl
|move|p1a: Archaludon|Electro Shot||[still]
|-prepare|p1a: Archaludon|Electro Shot
|-boost|p1a: Archaludon|spa|1
|-anim|p1a: Archaludon|Electro Shot|p2a: Talonflame
|-supereffective|p2a: Talonflame|1
|-damage|p2a: Talonflame|0 fnt
|faint|p2a: Talonflame
|
|-weather|RainDance|[upkeep]
|-damage|p1b: Grimmsnarl|27/100 brn|[from] brn
|upkeep
|
|t:|1783063245
|switch|p2a: Gardevoir|Gardevoir-Mega, L50, F, shiny|37/100
|turn|7
|
|t:|1783063256
|move|p2a: Gardevoir|Protect|p2a: Gardevoir
|-singleturn|p2a: Gardevoir|Protect
|move|p1b: Grimmsnarl|Light Screen|p1b: Grimmsnarl
|-sidestart|p1: VenuDaAscoInRain|move: Light Screen
|move|p1a: Archaludon|Electro Shot||[still]
|-prepare|p1a: Archaludon|Electro Shot
|-boost|p1a: Archaludon|spa|1
|-anim|p1a: Archaludon|Electro Shot|p2a: Gardevoir
|-activate|p2a: Gardevoir|move: Protect
|move|p2b: Farigiraf|Roar|p1a: Archaludon
|drag|p1a: Pelipper|Pelipper, L50, M, shiny|21/100
|
|-weather|RainDance|[upkeep]
|-damage|p1b: Grimmsnarl|21/100 brn|[from] brn
|upkeep
|turn|8
|
|t:|1783063271
|switch|p1b: Archaludon|Archaludon, L50, M, shiny|100/100
|move|p2b: Farigiraf|Helping Hand|p2a: Gardevoir
|-singleturn|p2a: Gardevoir|Helping Hand|[of] p2b: Farigiraf
|move|p1a: Pelipper|Protect|p1a: Pelipper
|-singleturn|p1a: Pelipper|Protect
|move|p2a: Gardevoir|Hyper Voice|p1b: Archaludon|[spread] p1b
|-activate|p1a: Pelipper|move: Protect
|-damage|p1b: Archaludon|46/100
|-ability|p1b: Archaludon|Stamina|boost
|-boost|p1b: Archaludon|def|1
|
|-weather|none
|-heal|p1b: Archaludon|52/100|[from] item: Leftovers
|upkeep
|turn|9
|
|t:|1783063282
|move|p2b: Farigiraf|Helping Hand|p2a: Gardevoir
|-singleturn|p2a: Gardevoir|Helping Hand|[of] p2b: Farigiraf
|move|p2a: Gardevoir|Hyper Voice|p1a: Pelipper|[spread] p1a,p1b
|-damage|p1a: Pelipper|0 fnt
|-damage|p1b: Archaludon|4/100
|-ability|p1b: Archaludon|Stamina|boost
|-boost|p1b: Archaludon|def|1
|faint|p1a: Pelipper
|move|p1b: Archaludon|Flash Cannon|p2a: Gardevoir
|-supereffective|p2a: Gardevoir|1
|-damage|p2a: Gardevoir|0 fnt
|faint|p2a: Gardevoir
|
|-heal|p1b: Archaludon|10/100|[from] item: Leftovers
|-sideend|p2: Invencible19|move: Tailwind
|upkeep
|
|t:|1783063286
|switch|p1a: Grimmsnarl|Grimmsnarl, L50, M, shiny|21/100 brn
|turn|10
|c|ŌśåInvencible19|gg
|
|t:|1783063299
|move|p1b: Archaludon|Dragon Pulse|p2b: Farigiraf
|-damage|p2b: Farigiraf|62/100
|move|p1a: Grimmsnarl|Spirit Break|p2b: Farigiraf
|-damage|p2b: Farigiraf|47/100
|-unboost|p2b: Farigiraf|spa|1
|-enditem|p2b: Farigiraf|Sitrus Berry|[eat]
|-heal|p2b: Farigiraf|72/100|[from] item: Sitrus Berry
|move|p2b: Farigiraf|Psychic|p1b: Archaludon
|-resisted|p1b: Archaludon|1
|-damage|p1b: Archaludon|1/100
|-ability|p1b: Archaludon|Stamina|boost
|-boost|p1b: Archaludon|def|1
|
|-heal|p1b: Archaludon|7/100|[from] item: Leftovers
|-damage|p1a: Grimmsnarl|15/100 brn|[from] brn
|upkeep
|turn|11
|
|t:|1783063313
|move|p1b: Archaludon|Protect|p1b: Archaludon
|-singleturn|p1b: Archaludon|Protect
|move|p2b: Farigiraf|Psychic|p1b: Archaludon
|-activate|p1b: Archaludon|move: Protect
|move|p1a: Grimmsnarl|Spirit Break|p2b: Farigiraf
|-damage|p2b: Farigiraf|59/100
|-unboost|p2b: Farigiraf|spa|1
|
|-heal|p1b: Archaludon|14/100|[from] item: Leftovers
|-damage|p1a: Grimmsnarl|9/100 brn|[from] brn
|-sideend|p1: VenuDaAscoInRain|move: Light Screen
|upkeep
|turn|12
|c|ŌśåInvencible19|Puesno soy casillas no
|
|t:|1783063327
|move|p1b: Archaludon|Dragon Pulse|p2b: Farigiraf
|-damage|p2b: Farigiraf|22/100
|move|p2b: Farigiraf|Psychic|p1b: Archaludon
|-resisted|p1b: Archaludon|1
|-damage|p1b: Archaludon|3/100
|-ability|p1b: Archaludon|Stamina|boost
|-boost|p1b: Archaludon|def|1
|move|p1a: Grimmsnarl|Spirit Break|p2b: Farigiraf
|-damage|p2b: Farigiraf|8/100
|-unboost|p2b: Farigiraf|spa|1
|
|-heal|p1b: Archaludon|9/100|[from] item: Leftovers
|-damage|p1a: Grimmsnarl|3/100 brn|[from] brn
|upkeep
|turn|13
|c|ŌśåInvencible19|Espero que encuentres a tu Iker
|c|ŌśåVenuDaAscoInRain|casi gans esta eh
|
|t:|1783063341
|move|p1b: Archaludon|Dragon Pulse|p2b: Farigiraf
|-damage|p2b: Farigiraf|0 fnt
|faint|p2b: Farigiraf
|
|win|VenuDaAscoInRain
|raw|VenuDaAscoInRain's rating: 1095 → 1125(+30 for winning)
|raw|Invencible19's rating: 1156 → 1127(-29 for losing)
