|j|☆Navizz0
|j|☆tmjp01
|html|Navizz0tmjp01    
|uhtml|bestof|Game 1 of a best-of-3
|t:|1782540749
|gametype|doubles
|player|p1|Navizz0|ethan|1344
|player|p2|tmjp01|2|1253
|gen|9
|tier|[Gen 9 Champions] VGC 2026 Reg M-B (Bo3)
|rated|
|rule|Species Clause: Limit one of each Pokémon
|rule|Item Clause: Limit 1 of each item
|clearpoke
|poke|p1|Whimsicott, L50, F|
|poke|p1|Delphox, L50, M|
|poke|p1|Kingambit, L50, F|
|poke|p1|Garchomp, L50, F|
|poke|p1|Sneasler, L50, F|
|poke|p1|Floette-Eternal, L50, F|
|poke|p2|Corviknight, L50, F|
|poke|p2|Tyranitar, L50, F|
|poke|p2|Hydreigon, L50, M|
|poke|p2|Froslass, L50, F|
|poke|p2|Garchomp, L50, M|
|poke|p2|Arcanine-Hisui, L50, M|
|teampreview|4
|showteam|p1|Whimsicott||FocusSash|Prankster|WorrySeed,Moonblast,Protect,Tailwind|Timid||F|||50|]Delphox||Delphoxite|Blaze|NastyPlot,Protect,HeatWave,Psyshock|Timid||M|||50|]Kingambit||BlackGlasses|Defiant|SuckerPunch,IronHead,Protect,KowtowCleave|Adamant||F|||50|]Garchomp||LifeOrb|RoughSkin|RockSlide,DragonClaw,Earthquake,Protect|Jolly||F|||50|]Sneasler||WhiteHerb|Unburden|FakeOut,Protect,CloseCombat,DireClaw|Adamant||F|||50|]Floette-Eternal||Floettite|FlowerVeil|EnergyBall,Protect,DazzlingGleam,LightofRuin|Modest||F|||50|
|showteam|p2|Corviknight||OccaBerry|MirrorArmor|BraveBird,Protect,IronHead,Tailwind|Adamant||F|||50|]Tyranitar||Tyranitarite|SandStream|Protect,KnockOff,RockSlide,DragonDance|Adamant||F|||50|]Hydreigon||ChoiceScarf|Levitate|DarkPulse,DracoMeteor,EarthPower,ZenHeadbutt|Timid||M|||50|]Froslass||Froslassite|CursedBody|Blizzard,Protect,ShadowBall,WeatherBall|Timid||F|||50|]Garchomp||LifeOrb|RoughSkin|Protect,DragonClaw,RockSlide,Earthquake|Jolly||M|||50|]Arcanine-Hisui||FocusSash|RockHead|Protect,HeadSmash,ExtremeSpeed,FlareBlitz|Adamant||M|||50|
|inactive|Battle timer is ON: inactive players will automatically lose when time's up. (requested by Navizz0)
|inactive|tmjp01 has 60 seconds left.
|
|t:|1782540788
|teamsize|p1|4
|teamsize|p2|4
|start
|switch|p1a: Sneasler|Sneasler, L50, F|100/100
|switch|p1b: Delphox|Delphox, L50, M|100/100
|switch|p2a: Corviknight|Corviknight, L50, F|100/100
|switch|p2b: Arcanine|Arcanine-Hisui, L50, M|100/100
|turn|1
|
|t:|1782540799
|detailschange|p1b: Delphox|Delphox-Mega, L50, M
|-mega|p1b: Delphox|Delphox|Delphoxite
|move|p2b: Arcanine|Protect|p2b: Arcanine
|-singleturn|p2b: Arcanine|Protect
|move|p1b: Delphox|Heat Wave|p2a: Corviknight|[spread] p2a
|-activate|p2b: Arcanine|move: Protect
|-supereffective|p2a: Corviknight|1
|-enditem|p2a: Corviknight|Occa Berry|[eat]
|-enditem|p2a: Corviknight|Occa Berry|[weaken]
|-damage|p2a: Corviknight|61/100
|move|p1a: Sneasler|Close Combat|p2b: Arcanine
|-activate|p2b: Arcanine|move: Protect
|move|p2a: Corviknight|Tailwind|p2a: Corviknight
|-sidestart|p2: tmjp01|move: Tailwind
|
|upkeep
|turn|2
|inactive|tmjp01 has 30 seconds left.
|
|t:|1782540832
|move|p1b: Delphox|Protect|p1b: Delphox
|-singleturn|p1b: Delphox|Protect
|move|p1a: Sneasler|Protect|p1a: Sneasler
|-singleturn|p1a: Sneasler|Protect
|move|p2b: Arcanine|Flare Blitz|p1a: Sneasler
|-activate|p1a: Sneasler|move: Protect
|move|p2a: Corviknight|Brave Bird|p1a: Sneasler
|-activate|p1a: Sneasler|move: Protect
|
|upkeep
|turn|3
|
|t:|1782540841
|switch|p1a: Garchomp|Garchomp, L50, F|100/100
|move|p2b: Arcanine|Head Smash|p1b: Delphox
|-supereffective|p1b: Delphox|1
|-damage|p1b: Delphox|0 fnt
|faint|p1b: Delphox
|move|p2a: Corviknight|Brave Bird|p1a: Garchomp
|-crit|p1a: Garchomp
|-damage|p1a: Garchomp|29/100
|-damage|p2a: Corviknight|49/100|[from] ability: Rough Skin|[of] p1a: Garchomp
|-damage|p2a: Corviknight|28/100|[from] Recoil
|
|upkeep
|
|t:|1782540849
|switch|p1b: Sneasler|Sneasler, L50, F|100/100
|turn|4
|
|t:|1782540871
|move|p2b: Arcanine|Protect|p2b: Arcanine
|-singleturn|p2b: Arcanine|Protect
|move|p1b: Sneasler|Fake Out|p2a: Corviknight
|-resisted|p2a: Corviknight|1
|-damage|p2a: Corviknight|21/100
|cant|p2a: Corviknight|flinch
|move|p1a: Garchomp|Rock Slide|p2a: Corviknight|[spread] 
|-activate|p2b: Arcanine|move: Protect
|-miss|p1a: Garchomp|p2a: Corviknight
|
|-sideend|p2: tmjp01|move: Tailwind
|upkeep
|turn|5
|inactive|tmjp01 has 30 seconds left.
|
|t:|1782540904
|move|p2b: Arcanine|Extreme Speed|p1b: Sneasler
|-damage|p1b: Sneasler|47/100
|move|p1b: Sneasler|Close Combat|p2b: Arcanine
|-supereffective|p2b: Arcanine|1
|-enditem|p2b: Arcanine|Focus Sash
|-damage|p2b: Arcanine|1/100
|-unboost|p1b: Sneasler|def|1
|-unboost|p1b: Sneasler|spd|1
|-enditem|p1b: Sneasler|White Herb
|-clearnegativeboost|p1b: Sneasler|[silent]
|move|p1a: Garchomp|Rock Slide|p2a: Corviknight|[spread] p2a,p2b
|-supereffective|p2b: Arcanine|1
|-damage|p2a: Corviknight|1/100
|-damage|p2b: Arcanine|0 fnt
|faint|p2b: Arcanine
|-damage|p1a: Garchomp|20/100r|[from] item: Life Orb
|move|p2a: Corviknight|Tailwind|p2a: Corviknight
|-sidestart|p2: tmjp01|move: Tailwind
|
|upkeep
|inactive|tmjp01 has 30 seconds left.
|
|t:|1782540933
|switch|p2b: Froslass|Froslass, L50, F|100/100
|turn|6
|
|t:|1782540951
|switch|p1a: Kingambit|Kingambit, L50, F|100/100
|detailschange|p2b: Froslass|Froslass-Mega, L50, F
|-mega|p2b: Froslass|Froslass|Froslassite
|-weather|Snowscape|[from] ability: Snow Warning|[of] p2b: Froslass
|move|p1b: Sneasler|Protect|p1b: Sneasler
|-singleturn|p1b: Sneasler|Protect
|move|p2b: Froslass|Blizzard|p1a: Kingambit|[spread] p1a
|-activate|p1b: Sneasler|move: Protect
|-resisted|p1a: Kingambit|1
|-damage|p1a: Kingambit|79/100
|move|p2a: Corviknight|Iron Head|p1b: Sneasler
|-activate|p1b: Sneasler|move: Protect
|
|-weather|Snowscape|[upkeep]
|upkeep
|turn|7
|inactive|tmjp01 has 30 seconds left.
|
|t:|1782540980
|switch|p2b: Garchomp|Garchomp, L50, M|100/100
|move|p1b: Sneasler|Close Combat|p2a: Corviknight
|-damage|p2a: Corviknight|0 fnt
|-unboost|p1b: Sneasler|def|1
|-unboost|p1b: Sneasler|spd|1
|faint|p2a: Corviknight
|move|p1a: Kingambit|Kowtow Cleave|p2b: Garchomp
|-damage|p2b: Garchomp|44/100
|-damage|p1a: Kingambit|67/100|[from] ability: Rough Skin|[of] p2b: Garchomp
|
|-weather|Snowscape|[upkeep]
|upkeep
|
|t:|1782540986
|switch|p2a: Froslass|Froslass-Mega, L50, F|100/100
|turn|8
|
|t:|1782540998
|switch|p1a: Garchomp|Garchomp, L50, F|20/100r
|move|p1b: Sneasler|Protect|p1b: Sneasler
|-singleturn|p1b: Sneasler|Protect
|move|p2a: Froslass|Blizzard|p1a: Garchomp|[spread] p1a
|-activate|p1b: Sneasler|move: Protect
|-supereffective|p1a: Garchomp|2
|-damage|p1a: Garchomp|0 fnt
|faint|p1a: Garchomp
|move|p2b: Garchomp|Rock Slide|p1b: Sneasler
|-activate|p1b: Sneasler|move: Protect
|
|-weather|Snowscape|[upkeep]
|-sideend|p2: tmjp01|move: Tailwind
|upkeep
|
|t:|1782541005
|switch|p1a: Kingambit|Kingambit, L50, F|67/100
|turn|9
|
|t:|1782541016
|move|p2a: Froslass|Protect|p2a: Froslass
|-singleturn|p2a: Froslass|Protect
|move|p1b: Sneasler|Close Combat|p2b: Garchomp
|-damage|p2b: Garchomp|0 fnt
|-unboost|p1b: Sneasler|def|1
|-unboost|p1b: Sneasler|spd|1
|-damage|p1b: Sneasler|35/100|[from] ability: Rough Skin|[of] p2b: Garchomp
|faint|p2b: Garchomp
|move|p1a: Kingambit|Kowtow Cleave|p2a: Froslass
|-activate|p2a: Froslass|move: Protect
|
|-weather|Snowscape|[upkeep]
|upkeep
|turn|10
|
|t:|1782541024
|move|p1b: Sneasler|Dire Claw|p2a: Froslass
|-resisted|p2a: Froslass|1
|-damage|p2a: Froslass|75/100
|move|p2a: Froslass|Blizzard|p1b: Sneasler|[spread] p1a,p1b
|-resisted|p1a: Kingambit|1
|-damage|p1a: Kingambit|44/100
|-damage|p1b: Sneasler|0 fnt
|faint|p1b: Sneasler
|move|p1a: Kingambit|Kowtow Cleave|p2a: Froslass
|-supereffective|p2a: Froslass|1
|-damage|p2a: Froslass|0 fnt
|faint|p2a: Froslass
|
|win|Navizz0
||Navizz0 is ready for game 2.
||tmjp01 is ready for game 2.
|uhtml|next|Next: Game 2 of 3
