|j|☆DAVID867
|j|☆worldenddominat0r
|html|DAVID867worldenddominat0r    
|uhtml|bestof|Game 2 of a best-of-3
|t:|1782266424
|gametype|doubles
|player|p1|DAVID867|102|1077
|player|p2|worldenddominat0r|maid-gen6|1155
|gen|9
|tier|[Gen 9 Champions] VGC 2026 Reg M-B (Bo3)
|rated|
|rule|Species Clause: Limit one of each Pokémon
|rule|Item Clause: Limit 1 of each item
|clearpoke
|poke|p1|Metagross, L50|
|poke|p1|Sneasler, L50, F|
|poke|p1|Whimsicott, L50, M|
|poke|p1|Farigiraf, L50, M|
|poke|p1|Garchomp, L50, M|
|poke|p1|Blaziken, L50, F|
|poke|p2|Staraptor, L50, M|
|poke|p2|Maushold-Four, L50|
|poke|p2|Ninetales-Alola, L50, M|
|poke|p2|Delphox, L50, M|
|poke|p2|Basculegion, L50, M|
|poke|p2|Kingambit, L50, F|
|teampreview|4
|showteam|p1|Metagross||Metagrossite|ClearBody|IronHead,PsychicFangs,IcePunch,Protect|Adamant|||||50|]Sneasler||WhiteHerb|Unburden|CloseCombat,DireClaw,Coaching,FakeOut|Jolly||F|||50|]Whimsicott||FocusSash|Prankster|Tailwind,Moonblast,Charm,SunnyDay|Timid||M|||50|]Farigiraf||SitrusBerry|ArmorTail|EnergyBall,Psychic,Roar,TrickRoom|Bold||M|||50|]Garchomp||ChoiceScarf|RoughSkin|RockSlide,Earthquake,StompingTantrum,DragonClaw|Adamant||M|||50|]Blaziken||Blazikenite|SpeedBoost|RockSlide,FlareBlitz,CloseCombat,Protect|Adamant||F|||50|
|showteam|p2|Staraptor||Staraptite|Intimidate|CloseCombat,BraveBird,Protect,Tailwind|Adamant||M|||50|]Maushold-Four||FocusSash|FriendGuard|SuperFang,Protect,FollowMe,Encore|Jolly|||||50|]Ninetales-Alola||NeverMeltIce|SnowWarning|Blizzard,FreezeDry,IcyWind,Protect|Timid||M|||50|]Delphox||Delphoxite|Blaze|HeatWave,Psyshock,Protect,Substitute|Timid||M|||50|]Basculegion||ChoiceScarf|Adaptability|WaveCrash,LastRespects,FlipTurn,AquaJet|Jolly||M|||50|]Kingambit||BlackGlasses|Defiant|KowtowCleave,SuckerPunch,IronHead,Protect|Adamant||F|||50|
|inactive|Battle timer is ON: inactive players will automatically lose when time's up. (requested by worldenddominat0r)
|inactive|worldenddominat0r has 60 seconds left.
|
|t:|1782266484
|teamsize|p1|4
|teamsize|p2|4
|start
|switch|p1a: Farigiraf|Farigiraf, L50, M|100/100
|switch|p1b: Sneasler|Sneasler, L50, F|100/100
|switch|p2a: Staraptor|Staraptor, L50, M|100/100
|switch|p2b: Maushold|Maushold-Four, L50|100/100
|-ability|p2a: Staraptor|Intimidate|boost
|-unboost|p1a: Farigiraf|atk|1
|-unboost|p1b: Sneasler|atk|1
|-enditem|p1b: Sneasler|White Herb
|-clearnegativeboost|p1b: Sneasler|[silent]
|turn|1
|
|t:|1782266505
|move|p2a: Staraptor|Protect|p2a: Staraptor
|-singleturn|p2a: Staraptor|Protect
|move|p1b: Sneasler|Fake Out|p2a: Staraptor
|-activate|p2a: Staraptor|move: Protect
|move|p2b: Maushold|Encore|p1b: Sneasler
|-start|p1b: Sneasler|Encore
|move|p1a: Farigiraf|Trick Room|p1a: Farigiraf
|-fieldstart|move: Trick Room|[of] p1a: Farigiraf
|
|upkeep
|turn|2
|inactive|worldenddominat0r has 30 seconds left.
|
|t:|1782266533
|switch|p2a: Kingambit|Kingambit, L50, F|100/100
|switch|p1b: Whimsicott|Whimsicott, L50, M|100/100
|move|p1a: Farigiraf|Psychic|p2a: Kingambit
|-immune|p2a: Kingambit
|move|p2b: Maushold|Super Fang|p1a: Farigiraf
|-damage|p1a: Farigiraf|50/100y
|-enditem|p1a: Farigiraf|Sitrus Berry|[eat]
|-heal|p1a: Farigiraf|74/100|[from] item: Sitrus Berry
|
|upkeep
|turn|3
|inactive|DAVID867 has 30 seconds left.
|inactive|worldenddominat0r has 30 seconds left.
|inactive|DAVID867 has 20 seconds left.
|inactive|worldenddominat0r has 20 seconds left.
|inactive|worldenddominat0r has 15 seconds left.
|
|t:|1782266575
|move|p2a: Kingambit|Kowtow Cleave|p1a: Farigiraf
|-supereffective|p1a: Farigiraf|1
|-damage|p1a: Farigiraf|0 fnt
|faint|p1a: Farigiraf
|move|p2b: Maushold|Super Fang|p1b: Whimsicott
|-damage|p1b: Whimsicott|50/100g
|move|p1b: Whimsicott|Moonblast|p2b: Maushold
|-damage|p2b: Maushold|59/100
|
|upkeep
|
|t:|1782266587
|switch|p1a: Sneasler|Sneasler, L50, F|100/100
|turn|4
|
|t:|1782266595
|move|p2a: Kingambit|Protect|p2a: Kingambit
|-singleturn|p2a: Kingambit|Protect
|move|p2b: Maushold|Protect|p2b: Maushold
|-singleturn|p2b: Maushold|Protect
|move|p1b: Whimsicott|Moonblast|p2b: Maushold
|-activate|p2b: Maushold|move: Protect
|move|p1a: Sneasler|Close Combat|p2a: Kingambit
|-activate|p2a: Kingambit|move: Protect
|
|upkeep
|turn|5
|
|t:|1782266616
|switch|p2b: Basculegion|Basculegion, L50, M|100/100
|move|p2a: Kingambit|Iron Head|p1b: Whimsicott
|-supereffective|p1b: Whimsicott|1
|-damage|p1b: Whimsicott|0 fnt
|faint|p1b: Whimsicott
|move|p1a: Sneasler|Close Combat|p2a: Kingambit
|-supereffective|p2a: Kingambit|2
|-damage|p2a: Kingambit|0 fnt
|-unboost|p1a: Sneasler|def|1
|-unboost|p1a: Sneasler|spd|1
|faint|p2a: Kingambit
|
|-fieldend|move: Trick Room
|upkeep
|
|t:|1782266627
|switch|p1b: Metagross|Metagross, L50|100/100
|switch|p2a: Staraptor|Staraptor, L50, M|100/100
|-ability|p2a: Staraptor|Intimidate|boost
|-unboost|p1a: Sneasler|atk|1
|-fail|p1b: Metagross|unboost|[from] ability: Clear Body|[of] p1b: Metagross
|turn|6
|
|t:|1782266643
|detailschange|p2a: Staraptor|Staraptor-Mega, L50, M
|-mega|p2a: Staraptor|Staraptor|Staraptite
|detailschange|p1b: Metagross|Metagross-Mega, L50
|-mega|p1b: Metagross|Metagross|Metagrossite
|move|p2b: Basculegion|Wave Crash|p1a: Sneasler
|-damage|p1a: Sneasler|0 fnt
|faint|p1a: Sneasler
|-damage|p2b: Basculegion|73/100|[from] Recoil
|move|p2a: Staraptor|Close Combat|p1b: Metagross
|-damage|p1b: Metagross|53/100
|-boost|p2a: Staraptor|def|1
|-boost|p2a: Staraptor|spd|1
|move|p1b: Metagross|Psychic Fangs|p2a: Staraptor
|-supereffective|p2a: Staraptor|1
|-damage|p2a: Staraptor|5/100
|
|upkeep
|turn|7
|
|t:|1782266662
|move|p1b: Metagross|Protect|p1b: Metagross
|-singleturn|p1b: Metagross|Protect
|move|p2b: Basculegion|Wave Crash|p1b: Metagross
|-activate|p1b: Metagross|move: Protect
|move|p2a: Staraptor|Close Combat|p1b: Metagross
|-activate|p1b: Metagross|move: Protect
|
|upkeep
|turn|8
|
|t:|1782266679
|move|p2b: Basculegion|Wave Crash|p1b: Metagross
|-damage|p1b: Metagross|0 fnt
|faint|p1b: Metagross
|-damage|p2b: Basculegion|57/100|[from] Recoil
|
|win|worldenddominat0r
|raw|DAVID867's rating: 1077 → 1060(-17 for losing)
|raw|worldenddominat0r's rating: 1155 → 1174(+19 for winning)
|l|☆DAVID867
|player|p1|
|c|☆worldenddominat0r|gg
