|j|â˜†FillmooreTJ
|j|â˜†VGCsoul
|html|FillmooreTJVGCsoul    
|uhtml|bestof|Game 2 of a best-of-3
|t:|1783130525
|gametype|doubles
|player|p1|FillmooreTJ|clair|1130
|player|p2|VGCsoul|lance|1026
|gen|9
|tier|[Gen 9 Champions] VGC 2026 Reg M-B (Bo3)
|rated|
|rule|Species Clause: Limit one of each PokÃ©mon
|rule|Item Clause: Limit 1 of each item
|clearpoke
|poke|p1|Raichu, L50, F|
|poke|p1|Basculegion-F, L50, F|
|poke|p1|Ninetales-Alola, L50, F|
|poke|p1|Staraptor, L50, M|
|poke|p1|Arcanine-Hisui, L50, F|
|poke|p1|Tsareena, L50, F|
|poke|p2|Farigiraf, L50, M|
|poke|p2|Blastoise, L50, M|
|poke|p2|Archaludon, L50, M|
|poke|p2|Torkoal, L50, M|
|poke|p2|Drampa, L50, M|
|poke|p2|Kingambit, L50, M|
|teampreview|4
|showteam|p1|Raichu||RaichuniteY|LightningRod|FakeOut,Thunder,FocusBlast,Protect|Timid||F|||50|]Basculegion-F||ChoiceScarf|Adaptability|ShadowBall,MuddyWater,FlipTurn,Blizzard|Modest||F|||50|]Ninetales-Alola||NeverMeltIce|SnowWarning|AuroraVeil,Blizzard,Protect,IcyWind|Timid||F|||50|]Staraptor||Staraptite|Intimidate|CloseCombat,Roost,BraveBird,Protect|Adamant||M|||50|]Arcanine-Hisui||ShucaBerry|Intimidate|HeadSmash,FlareBlitz,ExtremeSpeed,Protect|Adamant||F|||50|]Tsareena||SitrusBerry|QueenlyMajesty|TropKick,LowKick,Taunt,Uturn|Adamant||F|||50|
|showteam|p2|Farigiraf||SitrusBerry|ArmorTail|TwinBeam,HyperVoice,TrickRoom,HelpingHand|Quiet||M|||50|]Blastoise||Blastoisinite|Torrent|FakeOut,WaterSpout,DarkPulse,AuraSphere|Quiet||M|||50|]Archaludon||Leftovers|Stamina|DragonPulse,FlashCannon,RockSlide,Protect|Relaxed||M|||50|]Torkoal||Charcoal|Drought|Eruption,HeatWave,SolarBeam,WeatherBall|Modest||M|||50|]Drampa||Drampanite|CloudNine|HyperVoice,DracoMeteor,Thunderbolt,EnergyBall|Modest||M|||50|]Kingambit||ChopleBerry|Defiant|KowtowCleave,IronHead,SuckerPunch,Protect|Adamant||M|||50|
|
|t:|1783130551
|teamsize|p1|4
|teamsize|p2|4
|start
|switch|p1a: Raichu|Raichu, L50, F|100/100
|switch|p1b: Tsareena|Tsareena, L50, F|100/100
|switch|p2a: Farigiraf|Farigiraf, L50, M|100/100
|switch|p2b: Kingambit|Kingambit, L50, M|100/100
|turn|1
|
|t:|1783130580
|switch|p2a: Drampa|Drampa, L50, M|100/100
|-ability|p2a: Drampa|Cloud Nine
|detailschange|p1a: Raichu|Raichu-Mega-Y, L50, F
|-mega|p1a: Raichu|Raichu|Raichunite Y
|move|p1a: Raichu|Focus Blast|p2b: Kingambit
|-supereffective|p2b: Kingambit|2
|-enditem|p2b: Kingambit|Chople Berry|[eat]
|-enditem|p2b: Kingambit|Chople Berry|[weaken]
|-damage|p2b: Kingambit|4/100
|move|p1b: Tsareena|Taunt|p2a: Drampa
|-start|p2a: Drampa|move: Taunt
|move|p2b: Kingambit|Kowtow Cleave|p1b: Tsareena
|-damage|p1b: Tsareena|40/100
|-enditem|p1b: Tsareena|Sitrus Berry|[eat]
|-heal|p1b: Tsareena|64/100|[from] item: Sitrus Berry
|
|upkeep
|turn|2
|
|t:|1783130606
|switch|p2b: Farigiraf|Farigiraf, L50, M|100/100
|detailschange|p2a: Drampa|Drampa-Mega, L50, M
|-mega|p2a: Drampa|Drampa|Drampanite
|move|p1a: Raichu|Protect|p1a: Raichu
|-singleturn|p1a: Raichu|Protect
|move|p1b: Tsareena|Low Kick|p2b: Farigiraf
|-damage|p2b: Farigiraf|61/100
|move|p2a: Drampa|Hyper Voice|p1b: Tsareena|[spread] p1b
|-activate|p1a: Raichu|move: Protect
|-damage|p1b: Tsareena|18/100
|
|upkeep
|turn|3
|
|t:|1783130627
|move|p1a: Raichu|Focus Blast|p2a: Drampa
|-supereffective|p2a: Drampa|1
|-damage|p2a: Drampa|12/100
|-ability|p2a: Drampa|Berserk|boost
|-boost|p2a: Drampa|spa|1
|move|p1b: Tsareena|Taunt|p2b: Farigiraf
|-start|p2b: Farigiraf|move: Taunt
|move|p2a: Drampa|Hyper Voice|p1a: Raichu|[spread] p1a,p1b
|-damage|p1a: Raichu|0 fnt
|-damage|p1b: Tsareena|0 fnt
|faint|p1a: Raichu
|faint|p1b: Tsareena
|cant|p2b: Farigiraf|move: Taunt|Trick Room
|
|-end|p2a: Drampa|move: Taunt
|upkeep
|
|t:|1783130648
|switch|p1a: Staraptor|Staraptor, L50, M|100/100
|switch|p1b: Arcanine|Arcanine-Hisui, L50, F|100/100
|-ability|p1a: Staraptor|Intimidate|boost
|-unboost|p2a: Drampa|atk|1
|-unboost|p2b: Farigiraf|atk|1
|-ability|p1b: Arcanine|Intimidate|boost
|-unboost|p2a: Drampa|atk|1
|-unboost|p2b: Farigiraf|atk|1
|turn|4
|
|t:|1783130667
|move|p1a: Staraptor|Brave Bird|p2a: Drampa
|-damage|p2a: Drampa|0 fnt
|faint|p2a: Drampa
|-damage|p1a: Staraptor|95/100|[from] Recoil
|move|p1b: Arcanine|Head Smash|p2b: Farigiraf|[miss]
|-miss|p1b: Arcanine|p2b: Farigiraf
|move|p2b: Farigiraf|Twin Beam|p1b: Arcanine
|-damage|p1b: Arcanine|79/100
|-damage|p1b: Arcanine|55/100
|-hitcount|p1b: Arcanine|2
|
|upkeep
|
|t:|1783130679
|switch|p2a: Kingambit|Kingambit, L50, M|4/100
|turn|5
|
|t:|1783130691
|switch|p2b: Torkoal|Torkoal, L50, M|100/100
|-weather|SunnyDay|[from] ability: Drought|[of] p2b: Torkoal
|move|p1b: Arcanine|Protect|p1b: Arcanine
|-singleturn|p1b: Arcanine|Protect
|move|p2a: Kingambit|Sucker Punch||[still]
|-fail|p2a: Kingambit
|move|p1a: Staraptor|Brave Bird|p2a: Kingambit
|-resisted|p2a: Kingambit|1
|-damage|p2a: Kingambit|0 fnt
|faint|p2a: Kingambit
|-damage|p1a: Staraptor|94/100|[from] Recoil
|
|-weather|SunnyDay|[upkeep]
|upkeep
|
|t:|1783130704
|switch|p2a: Farigiraf|Farigiraf, L50, M|61/100
|turn|6
|
|t:|1783130732
|move|p1a: Staraptor|Brave Bird|p2b: Torkoal
|-damage|p2b: Torkoal|47/100
|-damage|p1a: Staraptor|78/100|[from] Recoil
|move|p1b: Arcanine|Head Smash|p2b: Torkoal|[miss]
|-miss|p1b: Arcanine|p2b: Torkoal
|move|p2b: Torkoal|Eruption|p1b: Arcanine|[spread] p1a,p1b
|-resisted|p1b: Arcanine|2
|-damage|p1a: Staraptor|17/100
|-damage|p1b: Arcanine|44/100
|move|p2a: Farigiraf|Trick Room|p2a: Farigiraf
|-fieldstart|move: Trick Room|[of] p2a: Farigiraf
|
|-weather|SunnyDay|[upkeep]
|upkeep
|turn|7
|c|â˜†FillmooreTJ|3 misses of one move
|c|â˜†FillmooreTJ|thank you gamefreak
|
|t:|1783130763
|move|p1b: Arcanine|Protect|p1b: Arcanine
|-singleturn|p1b: Arcanine|Protect
|move|p1a: Staraptor|Protect|p1a: Staraptor
|-singleturn|p1a: Staraptor|Protect
|move|p2b: Torkoal|Eruption|p1a: Staraptor|[spread] 
|-activate|p1a: Staraptor|move: Protect
|-activate|p1b: Arcanine|move: Protect
|move|p2a: Farigiraf|Hyper Voice|p1a: Staraptor|[spread] 
|-activate|p1a: Staraptor|move: Protect
|-activate|p1b: Arcanine|move: Protect
|
|-weather|SunnyDay|[upkeep]
|upkeep
|turn|8
|
|t:|1783130812
|move|p2b: Torkoal|Eruption|p1b: Arcanine|[spread] p1a,p1b
|-crit|p1a: Staraptor
|-resisted|p1b: Arcanine|2
|-damage|p1a: Staraptor|0 fnt
|-damage|p1b: Arcanine|33/100
|faint|p1a: Staraptor
|move|p2a: Farigiraf|Hyper Voice|p1b: Arcanine
|-resisted|p1b: Arcanine|1
|-damage|p1b: Arcanine|9/100
|move|p1b: Arcanine|Head Smash|p2b: Torkoal
|-supereffective|p2b: Torkoal|1
|-damage|p2b: Torkoal|0 fnt
|faint|p2b: Torkoal
|-damage|p1b: Arcanine|0 fnt|[from] Recoil
|faint|p1b: Arcanine
|
|win|VGCsoul
||FillmooreTJ is ready for game 3.
|inactive|VGCsoul has 30 seconds to confirm battle start!
||VGCsoul is ready for game 3.
|uhtml|next|Next: Game 3 of 3
|l|â˜†VGCsoul
|player|p2|
