|j|☆limewarrior
|j|☆Fedex 27
|html|limewarriorFedex 27    
|uhtml|bestof|Game 2 of a best-of-3
|t:|1756186240
|gametype|doubles
|player|p1|limewarrior|dahlia|1157
|player|p2|Fedex 27|will|1099
|gen|9
|tier|[Gen 9] VGC 2025 Reg H (Bo3)
|rated|
|rule|Species Clause: Limit one of each Pokémon
|rule|Item Clause: Limit 1 of each item
|clearpoke
|poke|p1|Dragapult, L50, M|
|poke|p1|Incineroar, L50, M|
|poke|p1|Sinistcha-Masterpiece, L50|
|poke|p1|Ursaluna-Bloodmoon, L50, M|
|poke|p1|Ninetales-Alola, L50, M|
|poke|p1|Kingambit, L50, F|
|poke|p2|Whimsicott, L50, M|
|poke|p2|Annihilape, L50, F|
|poke|p2|Pelipper, L50, F|
|poke|p2|Archaludon, L50, F|
|poke|p2|Sneasler, L50, M|
|poke|p2|Indeedee, L50, M|
|teampreview|4
|showteam|p1|Dragapult||ChoiceBand|ClearBody|DragonDarts,PhantomForce,Outrage,Uturn|||M|||50|,,,,,Dragon]Incineroar||SafetyGoggles|Intimidate|FakeOut,FlareBlitz,KnockOff,PartingShot|||M|||50|,,,,,Ghost]Sinistcha-Masterpiece||CovertCloak|Hospitality|RagePowder,MatchaGotcha,TrickRoom,Protect||||||50|,,,,,Water]Ursaluna-Bloodmoon||AssaultVest|MindsEye|BloodMoon,HyperVoice,EarthPower,VacuumWave|||M|||50|,,,,,Ghost]Ninetales-Alola||FocusSash|SnowWarning|Blizzard,FreezeDry,AuroraVeil,Protect|||M|||50|,,,,,Ice]Kingambit||BlackGlasses|Defiant|KowtowCleave,SuckerPunch,SwordsDance,Protect|||F|||50|,,,,,Dark
|showteam|p2|Whimsicott||FocusSash|Prankster|Tailwind,Taunt,Moonblast,BeatUp|||M|||50|,,,,,Ghost]Annihilape||AssaultVest|Defiant|RageFist,CloseCombat,RockSlide,DrainPunch|||F|||50|,,,,,Fire]Pelipper||CovertCloak|Drizzle|Tailwind,Hurricane,WeatherBall,Protect|||F|||50|,,,,,Ground]Archaludon||LifeOrb|Stamina|ElectroShot,Protect,DracoMeteor,BodyPress|||F|||50|,,,,,Stellar]Sneasler||PsychicSeed|Unburden|Acrobatics,CloseCombat,DireClaw,ThroatChop|||M|||50|,,,,,Dark]Indeedee||ChoiceSpecs|PsychicSurge|ExpandingForce,Imprison,TrickRoom,Trick|||M|||50|,,,,,Psychic
|
|t:|1756186255
|teamsize|p1|4
|teamsize|p2|4
|start
|switch|p1a: Dragapult|Dragapult, L50, M|100/100
|switch|p1b: Sinistcha|Sinistcha-Masterpiece, L50|100/100
|switch|p2a: Sneasler|Sneasler, L50, M|100/100
|switch|p2b: Indeedee|Indeedee, L50, M|100/100
|-fieldstart|move: Psychic Terrain|[from] ability: Psychic Surge|[of] p2b: Indeedee
|-enditem|p2a: Sneasler|Psychic Seed
|-boost|p2a: Sneasler|spd|1|[from] item: Psychic Seed
|turn|1
|
|t:|1756186314
|switch|p1b: Incineroar|Incineroar, L50, M|100/100
|-ability|p1b: Incineroar|Intimidate|boost
|-unboost|p2a: Sneasler|atk|1
|-unboost|p2b: Indeedee|atk|1
|move|p2a: Sneasler|Throat Chop|p1b: Incineroar
|-resisted|p1b: Incineroar
|-damage|p1b: Incineroar|91/100
|-start|p1b: Incineroar|Throat Chop|[silent]
|move|p1a: Dragapult|U-turn|p2b: Indeedee
|-supereffective|p2b: Indeedee
|-damage|p2b: Indeedee|0 fnt
|faint|p2b: Indeedee
|
|t:|1756186327
|switch|p1a: Sinistcha|Sinistcha-Masterpiece, L50|100/100|[from] U-turn
|-heal|p1b: Incineroar|100/100|[from] ability: Hospitality|[of] p1a: Sinistcha
|
|upkeep
|
|t:|1756186333
|switch|p2b: Archaludon|Archaludon, L50, F|100/100
|turn|2
|
|t:|1756186350
|switch|p1b: Dragapult|Dragapult, L50, M|100/100
|move|p1a: Sinistcha|Rage Powder|p1a: Sinistcha
|-singleturn|p1a: Sinistcha|move: Rage Powder
|move|p2a: Sneasler|Dire Claw|p1a: Sinistcha
|-damage|p1a: Sinistcha|75/100
|move|p2b: Archaludon|Draco Meteor|p1a: Sinistcha
|-damage|p1a: Sinistcha|0 fnt
|-unboost|p2b: Archaludon|spa|2
|faint|p1a: Sinistcha
|-damage|p2b: Archaludon|91/100|[from] item: Life Orb
|
|upkeep
|
|t:|1756186366
|switch|p1a: Incineroar|Incineroar, L50, M|100/100
|-ability|p1a: Incineroar|Intimidate|boost
|-unboost|p2a: Sneasler|atk|1
|-unboost|p2b: Archaludon|atk|1
|turn|3
|
|t:|1756186428
|switch|p2a: Pelipper|Pelipper, L50, F|100/100
|-weather|RainDance|[from] ability: Drizzle|[of] p2a: Pelipper
|move|p1b: Dragapult|U-turn|p2a: Pelipper
|-resisted|p2a: Pelipper
|-damage|p2a: Pelipper|80/100
|inactive|Battle timer is ON: inactive players will automatically lose when time's up. (requested by Fedex 27)
|
|t:|1756186435
|switch|p1b: Ursaluna|Ursaluna-Bloodmoon, L50, M|100/100|[from] U-turn
|move|p2b: Archaludon|Electro Shot||[still]
|-prepare|p2b: Archaludon|Electro Shot
|-boost|p2b: Archaludon|spa|1
|-anim|p2b: Archaludon|Electro Shot|p1b: Ursaluna
|-immune|p1b: Ursaluna
|move|p1a: Incineroar|Parting Shot|p2a: Pelipper
|-unboost|p2a: Pelipper|atk|1
|-unboost|p2a: Pelipper|spa|1
|
|t:|1756186448
|switch|p1a: Dragapult|Dragapult, L50, M|100/100|[from] Parting Shot
|
|-weather|RainDance|[upkeep]
|upkeep
|turn|4
|
|t:|1756186469
|-terastallize|p1b: Ursaluna|Ghost
|move|p1a: Dragapult|Dragon Darts|p2a: Pelipper
|-damage|p2a: Pelipper|36/100
|-anim|p1a: Dragapult|Dragon Darts|p2b: Archaludon
|-damage|p2b: Archaludon|61/100
|-ability|p2b: Archaludon|Stamina|boost
|-boost|p2b: Archaludon|def|1
|move|p2b: Archaludon|Body Press|p1b: Ursaluna
|-immune|p1b: Ursaluna
|move|p2a: Pelipper|Weather Ball|p1b: Ursaluna
|-damage|p1b: Ursaluna|70/100
|move|p1b: Ursaluna|Earth Power|p2b: Archaludon
|-supereffective|p2b: Archaludon
|-damage|p2b: Archaludon|0 fnt
|faint|p2b: Archaludon
|
|-weather|RainDance|[upkeep]
|upkeep
|
|t:|1756186486
|switch|p2b: Sneasler|Sneasler, L50, M|100/100
|turn|5
|
|t:|1756186503
|switch|p1b: Incineroar|Incineroar, L50, M|100/100
|-ability|p1b: Incineroar|Intimidate|boost
|-unboost|p2a: Pelipper|atk|1
|-unboost|p2b: Sneasler|atk|1
|-terastallize|p2b: Sneasler|Dark
|move|p1a: Dragapult|Dragon Darts|p2a: Pelipper
|-damage|p2a: Pelipper|0 fnt
|-anim|p1a: Dragapult|Dragon Darts|p2b: Sneasler
|-damage|p2b: Sneasler|39/100
|faint|p2a: Pelipper
|move|p2b: Sneasler|Throat Chop|p1b: Incineroar
|-resisted|p1b: Incineroar
|-damage|p1b: Incineroar|87/100
|-start|p1b: Incineroar|Throat Chop|[silent]
|
|-weather|RainDance|[upkeep]
|-fieldend|move: Psychic Terrain
|upkeep
|turn|6
|-message|Fedex 27 forfeited.
|
|win|limewarrior
|raw|limewarrior's rating: 1157 → 1178(+21 for winning)
|raw|Fedex 27's rating: 1099 → 1078(-21 for losing)
|l|☆Fedex 27
|player|p2|
