|j|☆TailwindMakeItRain
|j|☆palle synchro
|html|TailwindMakeItRainpalle synchro    
|uhtml|bestof|Game 3 of a best-of-3
|t:|1754073974
|gametype|doubles
|player|p1|TailwindMakeItRain|iris|1201
|player|p2|palle synchro|volkner|1274
|gen|9
|tier|[Gen 9] VGC 2025 Reg H (Bo3)
|rated|
|rule|Species Clause: Limit one of each Pokémon
|rule|Item Clause: Limit 1 of each item
|clearpoke
|poke|p1|Gholdengo, L50|
|poke|p1|Incineroar, L50, M|
|poke|p1|Amoonguss, L50, F|
|poke|p1|Sneasler, L50, F|
|poke|p1|Dragonite, L50, F|
|poke|p1|Ursaluna-Bloodmoon, L50, M|
|poke|p2|Whimsicott, L50, F|
|poke|p2|Arcanine-Hisui, L50, M|
|poke|p2|Indeedee, L50, M|
|poke|p2|Sneasler, L50, M|
|poke|p2|Ursaluna-Bloodmoon, L50, M|
|poke|p2|Archaludon, L50, F|
|teampreview|4
|showteam|p1|Gholdengo||LifeOrb|GoodasGold|MakeItRain,ShadowBall,NastyPlot,Protect||||||50|,,,,,Water]Incineroar||SafetyGoggles|Intimidate|PartingShot,FlareBlitz,KnockOff,FakeOut|||M|||50|,,,,,Ghost]Amoonguss||CovertCloak|Regenerator|Spore,RagePowder,PollenPuff,Protect|||F|||50|,,,,,Fairy]Sneasler||FocusSash|Unburden|DireClaw,CloseCombat,ThroatChop,Protect|||F|||50|,,,,,Stellar]Dragonite||LoadedDice|Multiscale|ScaleShot,Tailwind,Haze,Protect|||F|||50|,,,,,Fairy]Ursaluna-Bloodmoon||AssaultVest|MindsEye|BloodMoon,EarthPower,HyperVoice,VacuumWave|||M|||50|,,,,,Water
|showteam|p2|Whimsicott||CovertCloak|Prankster|Moonblast,Taunt,Tailwind,FakeTears|||F|||50|,,,,,Water]Arcanine-Hisui||ClearAmulet|Intimidate|FlareBlitz,RockSlide,HeadSmash,Protect|||M|||50|,,,,,Ghost]Indeedee||FocusSash|PsychicSurge|ExpandingForce,TeraBlast,Imprison,TrickRoom|||M|||50|,,,,,Psychic]Sneasler||PsychicSeed|Unburden|CloseCombat,DireClaw,ThroatChop,Protect|||M|||50|,,,,,Dark]Ursaluna-Bloodmoon||LifeOrb|MindsEye|HyperVoice,BloodMoon,EarthPower,Protect|||M|||50|,,,,,Normal]Archaludon||PowerHerb|Stalwart|ElectroShot,DragonPulse,Thunderbolt,Protect|||F|||50|,,,,,Electric
|inactive|Battle timer is ON: inactive players will automatically lose when time's up. (requested by palle synchro)
|inactive|TailwindMakeItRain has 60 seconds left.
|inactive|TailwindMakeItRain has 30 seconds left.
|
|t:|1754074037
|teamsize|p1|4
|teamsize|p2|4
|start
|switch|p1a: Ursaluna|Ursaluna-Bloodmoon, L50, M|100/100
|switch|p1b: Dragonite|Dragonite, L50, F|100/100
|switch|p2a: Whimsicott|Whimsicott, L50, F|100/100
|switch|p2b: Ursaluna|Ursaluna-Bloodmoon, L50, M|100/100
|turn|1
|inactive|palle synchro has 30 seconds left.
|
|t:|1754074070
|-terastallize|p2b: Ursaluna|Normal
|move|p2a: Whimsicott|Tailwind|p2a: Whimsicott
|-sidestart|p2: palle synchro|move: Tailwind
|move|p2b: Ursaluna|Hyper Voice|p1a: Ursaluna|[spread] p1a,p1b
|-damage|p1a: Ursaluna|55/100
|-damage|p1b: Dragonite|62/100
|-damage|p2b: Ursaluna|91/100|[from] item: Life Orb
|move|p1b: Dragonite|Scale Shot|p2b: Ursaluna|[miss]
|-miss|p1b: Dragonite|p2b: Ursaluna
|move|p1a: Ursaluna|Hyper Voice|p2b: Ursaluna|[spread] p2a,p2b
|-damage|p2a: Whimsicott|50/100
|-damage|p2b: Ursaluna|43/100
|
|upkeep
|turn|2
|
|t:|1754074091
|move|p1a: Ursaluna|Vacuum Wave|p2b: Ursaluna
|-supereffective|p2b: Ursaluna
|-damage|p2b: Ursaluna|3/100
|move|p2a: Whimsicott|Moonblast|p1a: Ursaluna
|-crit|p1a: Ursaluna
|-damage|p1a: Ursaluna|28/100
|move|p2b: Ursaluna|Hyper Voice|p1a: Ursaluna|[spread] p1a,p1b
|-damage|p1a: Ursaluna|0 fnt
|-damage|p1b: Dragonite|0 fnt
|faint|p1a: Ursaluna
|faint|p1b: Dragonite
|-damage|p2b: Ursaluna|0 fnt|[from] item: Life Orb
|faint|p2b: Ursaluna
|
|upkeep
|
|t:|1754074104
|switch|p1b: Sneasler|Sneasler, L50, F|100/100
|switch|p2b: Indeedee|Indeedee, L50, M|100/100
|switch|p1a: Incineroar|Incineroar, L50, M|100/100
|-fieldstart|move: Psychic Terrain|[from] ability: Psychic Surge|[of] p2b: Indeedee
|-ability|p1a: Incineroar|Intimidate|boost
|-unboost|p2a: Whimsicott|atk|1
|-unboost|p2b: Indeedee|atk|1
|turn|3
|
|t:|1754074118
|move|p1b: Sneasler|Protect|p1b: Sneasler
|-singleturn|p1b: Sneasler|Protect
|move|p2a: Whimsicott|Moonblast|p1b: Sneasler
|-activate|p1b: Sneasler|move: Protect
|move|p2b: Indeedee|Expanding Force|p1b: Sneasler|[spread] 
|-activate|p1b: Sneasler|move: Protect
|-immune|p1a: Incineroar
|move|p1a: Incineroar|Knock Off|p2b: Indeedee
|-supereffective|p2b: Indeedee
|-enditem|p2b: Indeedee|Focus Sash
|-damage|p2b: Indeedee|1/100
|
|upkeep
|turn|4
|
|t:|1754074126
|move|p1b: Sneasler|Protect|p1b: Sneasler
|-singleturn|p1b: Sneasler|Protect
|move|p2a: Whimsicott|Moonblast|p1b: Sneasler
|-activate|p1b: Sneasler|move: Protect
|move|p2b: Indeedee|Expanding Force|p1a: Incineroar|[spread] 
|-activate|p1b: Sneasler|move: Protect
|-immune|p1a: Incineroar
|move|p1a: Incineroar|Flare Blitz|p2a: Whimsicott
|-supereffective|p2a: Whimsicott
|-damage|p2a: Whimsicott|0 fnt
|faint|p2a: Whimsicott
|-damage|p1a: Incineroar|87/100|[from] Recoil
|
|-sideend|p2: palle synchro|move: Tailwind
|upkeep
|
|t:|1754074129
|switch|p2a: Arcanine|Arcanine-Hisui, L50, M|100/100
|-ability|p2a: Arcanine|Intimidate|boost
|-unboost|p1a: Incineroar|atk|1
|-unboost|p1b: Sneasler|atk|1
|turn|5
|
|t:|1754074142
|move|p1b: Sneasler|Dire Claw|p2b: Indeedee
|-crit|p2b: Indeedee
|-damage|p2b: Indeedee|0 fnt
|faint|p2b: Indeedee
|move|p2a: Arcanine|Rock Slide|p1b: Sneasler|[spread] p1a,p1b
|-supereffective|p1a: Incineroar
|-crit|p1a: Incineroar
|-resisted|p1b: Sneasler
|-damage|p1a: Incineroar|3/100
|-damage|p1b: Sneasler|74/100
|move|p1a: Incineroar|Knock Off|p2a: Arcanine
|-damage|p2a: Arcanine|67/100
|-enditem|p2a: Arcanine|Clear Amulet|[from] move: Knock Off|[of] p1a: Incineroar
|
|upkeep
|turn|6
|
|t:|1754074151
|-terastallize|p1b: Sneasler|Stellar
|move|p1b: Sneasler|Close Combat|p2a: Arcanine
|-supereffective|p2a: Arcanine
|-damage|p2a: Arcanine|0 fnt
|-unboost|p1b: Sneasler|def|1
|-unboost|p1b: Sneasler|spd|1
|faint|p2a: Arcanine
|
|win|TailwindMakeItRain
|raw|TailwindMakeItRain's rating: 1201 → 1231(+30 for winning)
|raw|palle synchro's rating: 1274 → 1244(-30 for losing)
