|j|☆ravus9
|j|☆quinn2
|html|ravus9quinn2    
|uhtml|bestof|Game 2 of a best-of-3
|t:|1757916170
|gametype|doubles
|player|p1|ravus9|hilbert-wonderlauncher|1078
|player|p2|quinn2|170|1107
|gen|9
|tier|[Gen 9] VGC 2025 Reg H (Bo3)
|rated|
|rule|Species Clause: Limit one of each Pokémon
|rule|Item Clause: Limit 1 of each item
|clearpoke
|poke|p1|Volcarona, L50, F|
|poke|p1|Rillaboom, L50, F|
|poke|p1|Kingambit, L50, F|
|poke|p1|Ninetales-Alola, L50, F|
|poke|p1|Sneasler, L50, M|
|poke|p1|Basculegion, L50, M|
|poke|p2|Golduck, L50, M|
|poke|p2|Flamigo, L50, M|
|poke|p2|Dragapult, L50, M|
|poke|p2|Electabuzz, L50, F|
|poke|p2|Typhlosion-Hisui, L50, M|
|poke|p2|Weavile, L50, F|
|teampreview|4
|showteam|p1|Volcarona||SitrusBerry|FlameBody|Overheat,WillOWisp,RagePowder,Protect|||F|||50|,,,,,Fairy]Rillaboom||AssaultVest|GrassySurge|GrassyGlide,WoodHammer,HighHorsepower,FakeOut|||F|||50|,,,,,Fire]Kingambit||BlackGlasses|Defiant|KowtowCleave,SuckerPunch,SwordsDance,Protect|||F|||50|,,,,,Dark]Ninetales-Alola||LightClay|SnowWarning|Protect,Blizzard,AuroraVeil,Moonblast|||F|||50|,,,,,Ghost]Sneasler||FocusSash|Unburden|CloseCombat,DireClaw,Coaching,Protect|||M|||50|,,,,,Stellar]Basculegion||ChoiceScarf|Adaptability|WaveCrash,FlipTurn,AquaJet,LastRespects|||M|||50|,,,,,Fairy
|showteam|p2|Golduck||FocusSash|CloudNine|IcyWind,Encore,Disable,Protect|||M|||50|,,,,,Grass]Flamigo||CovertCloak|Scrappy|CloseCombat,BraveBird,WideGuard,Protect|||M|||50|,,,,,Fighting]Dragapult||ChoiceBand|ClearBody|DragonDarts,TeraBlast,PhantomForce,Uturn|||M|||50|,,,,,Ghost]Electabuzz||Eviolite|VitalSpirit|ThunderWave,FollowMe,Taunt,Protect|||F|||50|,,,,,Dark]Typhlosion-Hisui||Charcoal|Blaze|Eruption,Overheat,InfernalParade,Protect|||M|||50|,,,,,Fire]Weavile||LifeOrb|Pickpocket|KnockOff,TripleAxel,HoneClaws,Protect|||F|||50|,,,,,Ghost
|
|t:|1757916207
|teamsize|p1|4
|teamsize|p2|4
|start
|switch|p1a: Ninetales|Ninetales-Alola, L50, F|100/100
|switch|p1b: Rillaboom|Rillaboom, L50, F|100/100
|switch|p2a: Golduck|Golduck, L50, M|100/100
|switch|p2b: Flamigo|Flamigo, L50, M|100/100
|-weather|Snowscape|[from] ability: Snow Warning|[of] p1a: Ninetales
|-ability|p2a: Golduck|Cloud Nine
|-fieldstart|move: Grassy Terrain|[from] ability: Grassy Surge|[of] p1b: Rillaboom
|turn|1
|
|t:|1757916240
|move|p2b: Flamigo|Protect|p2b: Flamigo
|-singleturn|p2b: Flamigo|Protect
|move|p1b: Rillaboom|Grassy Glide|p2a: Golduck
|-supereffective|p2a: Golduck
|-damage|p2a: Golduck|11/100
|move|p1a: Ninetales|Moonblast|p2b: Flamigo
|-activate|p2b: Flamigo|move: Protect
|move|p2a: Golduck|Icy Wind|p1b: Rillaboom|[spread] p1a,p1b
|-resisted|p1a: Ninetales
|-supereffective|p1b: Rillaboom
|-damage|p1a: Ninetales|95/100
|-damage|p1b: Rillaboom|86/100
|-unboost|p1a: Ninetales|spe|1
|-unboost|p1b: Rillaboom|spe|1
|
|-weather|Snowscape|[upkeep]
|-heal|p2a: Golduck|17/100|[from] Grassy Terrain
|-heal|p1a: Ninetales|100/100|[from] Grassy Terrain
|-heal|p1b: Rillaboom|92/100|[from] Grassy Terrain
|upkeep
|turn|2
|
|t:|1757916263
|move|p2a: Golduck|Protect|p2a: Golduck
|-singleturn|p2a: Golduck|Protect
|move|p1b: Rillaboom|Grassy Glide|p2a: Golduck
|-activate|p2a: Golduck|move: Protect
|move|p2b: Flamigo|Brave Bird|p1b: Rillaboom
|-supereffective|p1b: Rillaboom
|-damage|p1b: Rillaboom|0 fnt
|faint|p1b: Rillaboom
|-damage|p2b: Flamigo|61/100|[from] Recoil
|move|p1a: Ninetales|Aurora Veil||[still]
|-fail|p1a: Ninetales
|
|-weather|Snowscape|[upkeep]
|-heal|p2a: Golduck|22/100|[from] Grassy Terrain
|upkeep
|
|t:|1757916271
|switch|p1b: Basculegion|Basculegion, L50, M|100/100
|turn|3
|
|t:|1757916297
|move|p1b: Basculegion|Flip Turn|p2a: Golduck
|-resisted|p2a: Golduck
|-damage|p2a: Golduck|0 fnt
|faint|p2a: Golduck
|
|t:|1757916302
|switch|p1b: Kingambit|Kingambit, L50, F|100/100|[from] Flip Turn
|move|p2b: Flamigo|Close Combat|p1b: Kingambit
|-supereffective|p1b: Kingambit
|-damage|p1b: Kingambit|0 fnt
|-unboost|p2b: Flamigo|def|1
|-unboost|p2b: Flamigo|spd|1
|faint|p1b: Kingambit
|move|p1a: Ninetales|Moonblast|p2b: Flamigo
|-supereffective|p2b: Flamigo
|-damage|p2b: Flamigo|0 fnt
|faint|p2b: Flamigo
|
|-weather|Snowscape|[upkeep]
|upkeep
|
|t:|1757916317
|switch|p2b: Electabuzz|Electabuzz, L50, F|100/100
|switch|p2a: Typhlosion|Typhlosion-Hisui, L50, M|100/100
|switch|p1b: Basculegion|Basculegion, L50, M|100/100
|turn|4
|
|t:|1757916343
|-terastallize|p2a: Typhlosion|Fire
|move|p2b: Electabuzz|Follow Me|p2b: Electabuzz
|-singleturn|p2b: Electabuzz|move: Follow Me
|move|p1b: Basculegion|Last Respects|p2b: Electabuzz
|-damage|p2b: Electabuzz|24/100
|move|p2a: Typhlosion|Eruption|p1a: Ninetales|[spread] p1a,p1b
|-supereffective|p1a: Ninetales
|-resisted|p1b: Basculegion
|-damage|p1a: Ninetales|0 fnt
|-damage|p1b: Basculegion|50/100
|faint|p1a: Ninetales
|
|-weather|Snowscape|[upkeep]
|-heal|p1b: Basculegion|56/100|[from] Grassy Terrain
|-heal|p2b: Electabuzz|31/100|[from] Grassy Terrain
|upkeep
|turn|5
|inactive|Battle timer is ON: inactive players will automatically lose when time's up. (requested by quinn2)
|
|t:|1757916363
|move|p2b: Electabuzz|Follow Me|p2b: Electabuzz
|-singleturn|p2b: Electabuzz|move: Follow Me
|move|p1b: Basculegion|Last Respects|p2b: Electabuzz
|-damage|p2b: Electabuzz|0 fnt
|faint|p2b: Electabuzz
|move|p2a: Typhlosion|Eruption|p1b: Basculegion
|-resisted|p1b: Basculegion
|-damage|p1b: Basculegion|0 fnt
|faint|p1b: Basculegion
|
|win|quinn2
||quinn2 is ready for game 3.
|l|☆ravus9
|player|p1|
|inactive|ravus9 has 30 seconds to confirm battle start!
||ravus9 is ready for game 3.
|uhtml|next|Next: Game 3 of 3
