|j|☆slopmachine
|j|☆TipoLucha
|html|slopmachineTipoLucha    
|uhtml|bestof|Game 2 of a best-of-3
|t:|1785742872
|gametype|doubles
|player|p1|slopmachine|medium|1040
|player|p2|TipoLucha|2|1212
|gen|9
|tier|[Gen 9 Champions] VGC 2026 Reg M-B (Bo3)
|rated|
|rule|Species Clause: Limit one of each Pokémon
|rule|Item Clause: Limit 1 of each item
|clearpoke
|poke|p1|Floette-Eternal, L50, F|
|poke|p1|Whimsicott, L50, F|
|poke|p1|Charizard, L50, M|
|poke|p1|Basculegion, L50, M|
|poke|p1|Garchomp, L50, F|
|poke|p1|Incineroar, L50, M|
|poke|p2|Whimsicott, L50, M|
|poke|p2|Froslass, L50, F|
|poke|p2|Scizor, L50, M|
|poke|p2|Sneasler, L50, M|
|poke|p2|Tsareena, L50, F|
|poke|p2|Milotic, L50, M|
|teampreview|4
|showteam|p1|Floette-Eternal||Floettite|FlowerVeil|Protect,DazzlingGleam,DrainingKiss,CalmMind|Modest||F|||50|]Whimsicott||FocusSash|Prankster|Protect,Moonblast,Tailwind,Encore|Timid||F|||50|]Charizard||CharizarditeY|Blaze|Protect,WeatherBall,SolarBeam,HeatWave|Modest||M|||50|]Basculegion||ChoiceScarf|Adaptability|FlipTurn,WaveCrash,LastRespects,AquaJet|Jolly||M|||50|]Garchomp||LifeOrb|RoughSkin|Protect,Earthquake,DragonClaw,RockSlide|Jolly||F|||50|]Incineroar||SitrusBerry|Intimidate|FlareBlitz,ThroatChop,FakeOut,PartingShot|Careful||M|||50|
|showteam|p2|Whimsicott||FocusSash|Prankster|Tailwind,FakeTears,Moonblast,EnergyBall|Timid||M|||50|]Froslass||Froslassite|SnowCloak|Blizzard,ShadowBall,Protect,Psychic|Timid||F|||50|]Scizor||Scizorite|Technician|BugBite,BulletPunch,BrickBreak,Protect|Adamant||M|||50|]Sneasler||WhiteHerb|Unburden|CloseCombat,RockSlide,DireClaw,FakeOut|Adamant||M|||50|]Tsareena||SitrusBerry|QueenlyMajesty|TropKick,LowKick,TripleAxel,Protect|Adamant||F|||50|]Milotic||MysticWater|Competitive|Scald,IceBeam,Protect,IcyWind|Modest||M|||50|
|inactive|Battle timer is ON: inactive players will automatically lose when time's up. (requested by TipoLucha)
|
|t:|1785743005
|teamsize|p1|4
|teamsize|p2|4
|start
|switch|p1a: Garchomp|Garchomp, L50, F|100/100
|switch|p1b: Floette|Floette-Eternal, L50, F|100/100
|switch|p2a: Sneasler|Sneasler, L50, M|100/100
|switch|p2b: Whimsicott|Whimsicott, L50, M|100/100
|turn|1
|inactive|slopmachine has 30 seconds left.
|inactive|TipoLucha has 30 seconds left.
|inactive|slopmachine has 20 seconds left.
|inactive|TipoLucha has 20 seconds left.
|
|t:|1785743044
|move|p1b: Floette|Protect|p1b: Floette
|-singleturn|p1b: Floette|Protect
|move|p2a: Sneasler|Fake Out|p1a: Garchomp
|-damage|p1a: Garchomp|84/100
|-damage|p2a: Sneasler|87/100|[from] ability: Rough Skin|[of] p1a: Garchomp
|move|p2b: Whimsicott|Moonblast|p1a: Garchomp
|-supereffective|p1a: Garchomp|1
|-damage|p1a: Garchomp|2/100
|cant|p1a: Garchomp|flinch
|
|upkeep
|turn|2
|inactive|slopmachine has 30 seconds left.
|inactive|slopmachine has 20 seconds left.
|
|t:|1785743079
|switch|p1b: Incineroar|Incineroar, L50, M|100/100
|-ability|p1b: Incineroar|Intimidate|boost
|-unboost|p2a: Sneasler|atk|1
|-unboost|p2b: Whimsicott|atk|1
|-enditem|p2a: Sneasler|White Herb
|-clearnegativeboost|p2a: Sneasler|[silent]
|move|p2a: Sneasler|Dire Claw|p1b: Incineroar
|-damage|p1b: Incineroar|62/100
|move|p2b: Whimsicott|Moonblast|p1a: Garchomp
|-supereffective|p1a: Garchomp|1
|-damage|p1a: Garchomp|0 fnt
|faint|p1a: Garchomp
|
|upkeep
|
|t:|1785743096
|switch|p1a: Floette|Floette-Eternal, L50, F|100/100
|turn|3
|
|t:|1785743114
|switch|p2a: Milotic|Milotic, L50, M|100/100
|detailschange|p1a: Floette|Floette-Mega, L50, F
|-mega|p1a: Floette|Floette|Floettite
|-ability|p1a: Floette|Fairy Aura
|move|p1b: Incineroar|Fake Out|p2a: Milotic
|-damage|p2a: Milotic|89/100
|move|p2b: Whimsicott|Fake Tears|p1a: Floette
|-unboost|p1a: Floette|spd|2
|move|p1a: Floette|Calm Mind|p1a: Floette
|-boost|p1a: Floette|spa|1
|-boost|p1a: Floette|spd|1
|
|upkeep
|turn|4
|inactive|slopmachine has 30 seconds left.
|inactive|slopmachine has 20 seconds left.
|inactive|slopmachine has 15 seconds left.
|inactive|slopmachine has 10 seconds left.
|inactive|slopmachine has 5 seconds left.
|
|t:|1785743165
|move|p2b: Whimsicott|Moonblast|p1a: Floette
|-damage|p1a: Floette|49/100
|move|p1a: Floette|Dazzling Gleam|p2b: Whimsicott|[spread] p2a,p2b
|-damage|p2a: Milotic|40/100
|-enditem|p2b: Whimsicott|Focus Sash
|-damage|p2b: Whimsicott|1/100
|move|p2a: Milotic|Scald|p1b: Incineroar
|-supereffective|p1b: Incineroar|1
|-damage|p1b: Incineroar|0 fnt
|faint|p1b: Incineroar
|
|upkeep
|
|t:|1785743176
|switch|p1b: Basculegion|Basculegion, L50, M|100/100
|turn|5
|
|t:|1785743196
|move|p2b: Whimsicott|Tailwind|p2b: Whimsicott
|-sidestart|p2: TipoLucha|move: Tailwind
|move|p1b: Basculegion|Last Respects|p2b: Whimsicott
|-damage|p2b: Whimsicott|0 fnt
|faint|p2b: Whimsicott
|move|p2a: Milotic|Icy Wind|p1b: Basculegion|[spread] p1a,p1b
|-resisted|p1b: Basculegion|1
|-damage|p1a: Floette|35/100
|-damage|p1b: Basculegion|92/100
|-unboost|p1a: Floette|spe|1
|-unboost|p1b: Basculegion|spe|1
|move|p1a: Floette|Dazzling Gleam|p2a: Milotic
|-damage|p2a: Milotic|0 fnt
|faint|p2a: Milotic
|
|upkeep
|
|t:|1785743202
|switch|p2b: Froslass|Froslass, L50, F|100/100
|switch|p2a: Sneasler|Sneasler, L50, M|87/100
|turn|6
|inactive|slopmachine has 30 seconds left.
|
|t:|1785743236
|detailschange|p2b: Froslass|Froslass-Mega, L50, F
|-mega|p2b: Froslass|Froslass|Froslassite
|-weather|Snowscape|[from] ability: Snow Warning|[of] p2b: Froslass
|move|p1a: Floette|Protect|p1a: Floette
|-singleturn|p1a: Floette|Protect
|move|p2b: Froslass|Shadow Ball|p1b: Basculegion
|-supereffective|p1b: Basculegion|1
|-damage|p1b: Basculegion|0 fnt
|faint|p1b: Basculegion
|move|p2a: Sneasler|Dire Claw|p1a: Floette
|-activate|p1a: Floette|move: Protect
|
|-weather|Snowscape|[upkeep]
|upkeep
|turn|7
|
|t:|1785743260
|move|p2b: Froslass|Shadow Ball|p1a: Floette
|-damage|p1a: Floette|0 fnt
|faint|p1a: Floette
|
|win|TipoLucha
|raw|slopmachine's rating: 1040 → 1031(-9 for losing)
|raw|TipoLucha's rating: 1212 → 1226(+14 for winning)
|l|☆TipoLucha
|player|p2|
