|j|‽Juaner95
|j|☆master 792
|html|Juaner95master 792    
|uhtml|bestof|Game 2 of a best-of-3
|t:|1786050780
|gametype|doubles
|player|p1|Juaner95|ash-hoenn|1244
|player|p2|master 792|red|1298
|gen|9
|tier|[Gen 9 Champions] VGC 2026 Reg M-B (Bo3)
|rated|
|rule|Species Clause: Limit one of each Pokémon
|rule|Item Clause: Limit 1 of each item
|clearpoke
|poke|p1|Falinks, L50|
|poke|p1|Farigiraf, L50, M, shiny|
|poke|p1|Staraptor, L50, F|
|poke|p1|Incineroar, L50, M|
|poke|p1|Kingambit, L50, M|
|poke|p1|Sinistcha-Masterpiece, L50|
|poke|p2|Gengar, L50, M, shiny|
|poke|p2|Ninetales-Alola, L50, M, shiny|
|poke|p2|Incineroar, L50, F|
|poke|p2|Dragonite, L50, M|
|poke|p2|Kingambit, L50, M|
|poke|p2|Sneasler, L50, F|
|teampreview|4
|showteam|p1|Falinks||Falinksite|Defiant|CloseCombat,RockSlide,Protect,NoRetreat|Adamant|||||50|]Farigiraf||SitrusBerry|ArmorTail|Psychic,HelpingHand,AllySwitch,TrickRoom|Bold||M|||50|]Staraptor||ChoiceScarf|Intimidate|FinalGambit,DualWingbeat,CloseCombat,Tailwind|Jolly||F|||50|]Incineroar||LumBerry|Intimidate|FlareBlitz,ThroatChop,PartingShot,FakeOut|Careful||M|||50|]Kingambit||BlackGlasses|Defiant|KowtowCleave,IronHead,SuckerPunch,LowKick|Brave||M|||50|]Sinistcha-Masterpiece||KasibBerry|Hospitality|MatchaGotcha,RagePowder,TrickRoom,LifeDew|Relaxed|||||50|
|showteam|p2|Gengar||Gengarite|CursedBody|ShadowBall,SludgeBomb,Substitute,Protect|Modest||M|||50|]Ninetales-Alola||ChoiceScarf|SnowWarning|IcyWind,Blizzard,FreezeDry,Encore|Timid||M|||50|]Incineroar||SitrusBerry|Intimidate|FakeOut,ThroatChop,FlareBlitz,PartingShot|Impish||F|||50|]Dragonite||LifeOrb|InnerFocus|DragonClaw,Superpower,ExtremeSpeed,Protect|Adamant||M|||50|]Kingambit||BlackGlasses|Defiant|KowtowCleave,SuckerPunch,LowKick,Protect|Adamant||M|||50|]Sneasler||FocusSash|Unburden|CloseCombat,DireClaw,RockSlide,Protect|Adamant||F|||50|
|inactive|Battle timer is ON: inactive players will automatically lose when time's up. (requested by master 792)
|inactive|Juaner95 has 60 seconds left.
|inactive|Juaner95 has 30 seconds left.
|inactive|Juaner95 has 20 seconds left.
|inactive|Juaner95 has 15 seconds left.
|
|t:|1786050925
|teamsize|p1|4
|teamsize|p2|4
|start
|switch|p1a: Staraptor|Staraptor, L50, F|100/100
|switch|p1b: Incineroar|Incineroar, L50, M|100/100
|switch|p2a: Ninetales|Ninetales-Alola, L50, M, shiny|100/100
|switch|p2b: Sneasler|Sneasler, L50, F|100/100
|-weather|Snowscape|[from] ability: Snow Warning|[of] p2a: Ninetales
|-ability|p1a: Staraptor|Intimidate|boost
|-unboost|p2a: Ninetales|atk|1
|-unboost|p2b: Sneasler|atk|1
|-ability|p1b: Incineroar|Intimidate|boost
|-unboost|p2a: Ninetales|atk|1
|-unboost|p2b: Sneasler|atk|1
|turn|1
|inactive|Juaner95 has 30 seconds left.
|inactive|Juaner95 has 20 seconds left.
|inactive|Juaner95 has 15 seconds left.
|
|t:|1786050967
|move|p1b: Incineroar|Fake Out|p2b: Sneasler
|-damage|p2b: Sneasler|80/100
|move|p2a: Ninetales|Blizzard|p1b: Incineroar|[spread] p1a,p1b
|-supereffective|p1a: Staraptor|1
|-resisted|p1b: Incineroar|1
|-damage|p1a: Staraptor|14/100
|-damage|p1b: Incineroar|89/100
|move|p1a: Staraptor|Final Gambit|p2a: Ninetales
|-damage|p2a: Ninetales|82/100
|faint|p1a: Staraptor
|cant|p2b: Sneasler|flinch
|
|-weather|Snowscape|[upkeep]
|upkeep
|
|t:|1786050977
|switch|p1a: Falinks|Falinks, L50|100/100
|turn|2
|
|t:|1786050982
|detailschange|p1a: Falinks|Falinks-Mega, L50
|-mega|p1a: Falinks|Falinks|Falinksite
|move|p2a: Ninetales|Blizzard|p1a: Falinks|[spread] p1a,p1b
|-resisted|p1b: Incineroar|1
|-damage|p1a: Falinks|48/100
|-damage|p1b: Incineroar|79/100
|move|p2b: Sneasler|Close Combat|p1b: Incineroar
|-supereffective|p1b: Incineroar|1
|-damage|p1b: Incineroar|21/100
|-unboost|p2b: Sneasler|def|1
|-unboost|p2b: Sneasler|spd|1
|move|p1a: Falinks|No Retreat|p1a: Falinks
|-boost|p1a: Falinks|atk|1
|-boost|p1a: Falinks|def|1
|-boost|p1a: Falinks|spa|1
|-boost|p1a: Falinks|spd|1
|-boost|p1a: Falinks|spe|1
|-start|p1a: Falinks|move: No Retreat
|move|p1b: Incineroar|Flare Blitz|p2a: Ninetales
|-supereffective|p2a: Ninetales|1
|-damage|p2a: Ninetales|0 fnt
|faint|p2a: Ninetales
|-damage|p1b: Incineroar|1/100|[from] Recoil
|
|-weather|Snowscape|[upkeep]
|upkeep
|
|t:|1786050990
|switch|p2a: Dragonite|Dragonite, L50, M|100/100
|turn|3
|
|t:|1786051008
|move|p2a: Dragonite|Protect|p2a: Dragonite
|-singleturn|p2a: Dragonite|Protect
|move|p1a: Falinks|Rock Slide|p2a: Dragonite|[spread] p2b
|-activate|p2a: Dragonite|move: Protect
|-resisted|p2b: Sneasler|1
|-damage|p2b: Sneasler|39/100
|cant|p2b: Sneasler|flinch
|move|p1b: Incineroar|Parting Shot|p2a: Dragonite
|-activate|p2a: Dragonite|move: Protect
|
|-weather|Snowscape|[upkeep]
|upkeep
|turn|4
|
|t:|1786051021
|move|p1a: Falinks|Rock Slide|p2b: Sneasler|[spread] p2a,p2b
|-supereffective|p2a: Dragonite|1
|-resisted|p2b: Sneasler|1
|-damage|p2a: Dragonite|33/100
|-damage|p2b: Sneasler|0 fnt
|faint|p2b: Sneasler
|move|p2a: Dragonite|Dragon Claw|p1a: Falinks
|-damage|p1a: Falinks|9/100
|-damage|p2a: Dragonite|23/100|[from] item: Life Orb
|move|p1b: Incineroar|Parting Shot|p2a: Dragonite
|-unboost|p2a: Dragonite|atk|1
|-unboost|p2a: Dragonite|spa|1
|
|t:|1786051029
|switch|p1b: Farigiraf|Farigiraf, L50, M, shiny|100/100|[from] Parting Shot
|
|-weather|Snowscape|[upkeep]
|upkeep
|c|☆master 792|na haxero
|
|t:|1786051038
|switch|p2b: Kingambit|Kingambit, L50, M|100/100
|turn|5
|
|t:|1786051047
|move|p1b: Farigiraf|Ally Switch|p1b: Farigiraf
|swap|p1b: Farigiraf|0|[from] move: Ally Switch
|move|p1b: Falinks|Close Combat|p2b: Kingambit
|-supereffective|p2b: Kingambit|2
|-damage|p2b: Kingambit|0 fnt
|-unboost|p1b: Falinks|def|1
|-unboost|p1b: Falinks|spd|1
|faint|p2b: Kingambit
|move|p2a: Dragonite|Dragon Claw|p1a: Farigiraf
|-damage|p1a: Farigiraf|70/100
|-damage|p2a: Dragonite|13/100|[from] item: Life Orb
|
|-weather|none
|upkeep
|turn|6
|
|t:|1786051064
|move|p1a: Farigiraf|Helping Hand|p1b: Falinks
|-singleturn|p1b: Falinks|Helping Hand|[of] p1a: Farigiraf
|move|p1b: Falinks|Rock Slide|p2a: Dragonite
|-supereffective|p2a: Dragonite|1
|-damage|p2a: Dragonite|0 fnt
|faint|p2a: Dragonite
|
|win|Juaner95
|raw|Juaner95's rating: 1244 → 1273(+29 for winning)
|raw|master 792's rating: 1298 → 1269(-29 for losing)
|c|☆master 792|equipo de bo1
|l|☆master 792
|player|p2|
