|j|☆WestyLiam
|j|☆TheWorkingAnt
|html|WestyLiamTheWorkingAnt    
|uhtml|bestof|Game 2 of a best-of-3
|t:|1754322298
|gametype|doubles
|player|p1|WestyLiam|102|1240
|player|p2|TheWorkingAnt|harlequin|1204
|gen|9
|tier|[Gen 9] VGC 2025 Reg H (Bo3)
|rated|
|rule|Species Clause: Limit one of each Pokémon
|rule|Item Clause: Limit 1 of each item
|clearpoke
|poke|p1|Amoonguss, L50, M|
|poke|p1|Incineroar, L50, M|
|poke|p1|Sneasler, L50, M|
|poke|p1|Dragonite, L50, M|
|poke|p1|Porygon2, L50|
|poke|p1|Gholdengo, L50|
|poke|p2|Dragonite, L50, F|
|poke|p2|Primarina, L50, M|
|poke|p2|Whimsicott, L50, F|
|poke|p2|Gholdengo, L50|
|poke|p2|Incineroar, L50, M|
|poke|p2|Amoonguss, L50, F|
|teampreview|4
|showteam|p1|Amoonguss||SitrusBerry|Regenerator|PollenPuff,Spore,RagePowder,Protect|||M|||50|,,,,,Fairy]Incineroar||SafetyGoggles|Intimidate|FlareBlitz,KnockOff,FakeOut,PartingShot|||M|||50|,,,,,Water]Sneasler||FocusSash|PoisonTouch|CloseCombat,DireClaw,Coaching,Protect|||M|||50|,,,,,Stellar]Dragonite||LoadedDice|Multiscale|ScaleShot,StompingTantrum,Encore,Protect|||M|||50|,,,,,Ground]Porygon2||Eviolite|Download|TeraBlast,IceBeam,TrickRoom,Recover||||||50|,,,,,Ground]Gholdengo||LifeOrb|GoodasGold|MakeItRain,ShadowBall,NastyPlot,Protect||||||50|,,,,,Water
|showteam|p2|Dragonite||LoadedDice|Multiscale|ExtremeSpeed,ScaleShot,Protect,Haze|||F|||50|,,,,,Fairy]Primarina||ThroatSpray|LiquidVoice|HyperVoice,Moonblast,IceBeam,Protect|||M|||50|,,,,,Water]Whimsicott||FocusSash|Prankster|Moonblast,FakeTears,Encore,Tailwind|||F|||50|,,,,,Ghost]Gholdengo||LifeOrb|GoodasGold|MakeItRain,ShadowBall,NastyPlot,Protect||||||50|,,,,,Steel]Incineroar||AssaultVest|Intimidate|FakeOut,KnockOff,FlareBlitz,Uturn|||M|||50|,,,,,Ghost]Amoonguss||RockyHelmet|Regenerator|PollenPuff,Spore,RagePowder,Protect|||F|||50|,,,,,Water
|inactive|Battle timer is ON: inactive players will automatically lose when time's up. (requested by TheWorkingAnt)
|inactive|TheWorkingAnt has 60 seconds left.
|inactive|TheWorkingAnt has 30 seconds left.
|inactive|TheWorkingAnt has 20 seconds left.
|
|t:|1754322372
|teamsize|p1|4
|teamsize|p2|4
|start
|switch|p1a: Amoonguss|Amoonguss, L50, M|100/100
|switch|p1b: Gholdengo|Gholdengo, L50, shiny|100/100
|switch|p2a: Whimsicott|Whimsicott, L50, F, shiny|100/100
|switch|p2b: Gholdengo|Gholdengo, L50|100/100
|turn|1
|inactive|TheWorkingAnt has 30 seconds left.
|inactive|TheWorkingAnt has 20 seconds left.
|inactive|TheWorkingAnt has 15 seconds left.
|inactive|TheWorkingAnt has 10 seconds left.
|inactive|TheWorkingAnt has 5 seconds left.
|
|t:|1754322423
|-terastallize|p1b: Gholdengo|Water
|move|p2a: Whimsicott|Fake Tears|p1a: Amoonguss
|-unboost|p1a: Amoonguss|spd|2
|move|p2b: Gholdengo|Shadow Ball|p1a: Amoonguss
|-damage|p1a: Amoonguss|13/100
|-unboost|p1a: Amoonguss|spd|1
|-enditem|p1a: Amoonguss|Sitrus Berry|[eat]
|-heal|p1a: Amoonguss|38/100|[from] item: Sitrus Berry
|-damage|p2b: Gholdengo|91/100|[from] item: Life Orb
|move|p1b: Gholdengo|Nasty Plot|p1b: Gholdengo
|-boost|p1b: Gholdengo|spa|2
|move|p1a: Amoonguss|Pollen Puff|p1b: Gholdengo
|
|upkeep
|turn|2
|
|t:|1754322442
|switch|p1a: Incineroar|Incineroar, L50, M|100/100
|-ability|p1a: Incineroar|Intimidate|boost
|-unboost|p2a: Whimsicott|atk|1
|-unboost|p2b: Gholdengo|atk|1
|move|p1b: Gholdengo|Protect|p1b: Gholdengo
|-singleturn|p1b: Gholdengo|Protect
|move|p2a: Whimsicott|Encore|p1b: Gholdengo
|-activate|p1b: Gholdengo|move: Protect
|move|p2b: Gholdengo|Shadow Ball|p1b: Gholdengo
|-activate|p1b: Gholdengo|move: Protect
|
|upkeep
|turn|3
|inactive|TheWorkingAnt has 30 seconds left.
|inactive|TheWorkingAnt has 20 seconds left.
|inactive|TheWorkingAnt has 15 seconds left.
|inactive|TheWorkingAnt has 10 seconds left.
|
|t:|1754322490
|-terastallize|p2a: Whimsicott|Ghost
|move|p2b: Gholdengo|Protect|p2b: Gholdengo
|-singleturn|p2b: Gholdengo|Protect
|move|p2a: Whimsicott|Tailwind|p2a: Whimsicott
|-sidestart|p2: TheWorkingAnt|move: Tailwind
|move|p1b: Gholdengo|Shadow Ball|p2b: Gholdengo
|-activate|p2b: Gholdengo|move: Protect
|move|p1a: Incineroar|Parting Shot|p2a: Whimsicott
|-unboost|p2a: Whimsicott|atk|1
|-unboost|p2a: Whimsicott|spa|1
|
|t:|1754322502
|switch|p1a: Amoonguss|Amoonguss, L50, M|71/100|[from] Parting Shot
|
|upkeep
|turn|4
|inactive|TheWorkingAnt has 30 seconds left.
|inactive|TheWorkingAnt has 20 seconds left.
|inactive|TheWorkingAnt has 15 seconds left.
|
|t:|1754322543
|switch|p2a: Primarina|Primarina, L50, M, shiny|100/100
|move|p2b: Gholdengo|Shadow Ball|p1b: Gholdengo
|-damage|p1b: Gholdengo|48/100
|-damage|p2b: Gholdengo|81/100|[from] item: Life Orb
|move|p1b: Gholdengo|Shadow Ball|p2b: Gholdengo
|-supereffective|p2b: Gholdengo
|-damage|p2b: Gholdengo|0 fnt
|faint|p2b: Gholdengo
|-damage|p1b: Gholdengo|39/100|[from] item: Life Orb
|move|p1a: Amoonguss|Pollen Puff|p1b: Gholdengo
|-heal|p1b: Gholdengo|88/100
|
|upkeep
|
|t:|1754322567
|switch|p2b: Whimsicott|Whimsicott, L50, F, shiny, tera:Ghost|100/100
|turn|5
|
|t:|1754322582
|move|p1a: Amoonguss|Rage Powder|p1a: Amoonguss
|-singleturn|p1a: Amoonguss|move: Rage Powder
|move|p2b: Whimsicott|Encore|p1a: Amoonguss
|-start|p1a: Amoonguss|Encore
|move|p2a: Primarina|Hyper Voice|p1a: Amoonguss|[spread] p1a,p1b
|-resisted|p1a: Amoonguss
|-resisted|p1b: Gholdengo
|-damage|p1a: Amoonguss|56/100
|-damage|p1b: Gholdengo|71/100
|-enditem|p2a: Primarina|Throat Spray
|-boost|p2a: Primarina|spa|1|[from] item: Throat Spray
|move|p1b: Gholdengo|Make It Rain|p2a: Primarina|[spread] p2a,p2b
|-damage|p2a: Primarina|0 fnt
|-enditem|p2b: Whimsicott|Focus Sash
|-damage|p2b: Whimsicott|1/100
|-unboost|p1b: Gholdengo|spa|1
|faint|p2a: Primarina
|-damage|p1b: Gholdengo|61/100|[from] item: Life Orb
|
|upkeep
|-message|TheWorkingAnt forfeited.
|raw|WestyLiam's rating: 1240 → 1262(+22 for winning)
|raw|TheWorkingAnt's rating: 1204 → 1182(-22 for losing)
|
|win|WestyLiam
|l|☆TheWorkingAnt
|player|p2|
