|j|☆axcoquette
|j|☆zanquettao
|html|axcoquettezanquettao    
|uhtml|bestof|Game 1 of a best-of-3
|t:|1784505946
|gametype|doubles
|player|p1|axcoquette|102|1173
|player|p2|zanquettao|hilda-wonderlauncher|1173
|gen|9
|tier|[Gen 9 Champions] VGC 2026 Reg M-B (Bo3)
|rated|
|rule|Species Clause: Limit one of each Pokémon
|rule|Item Clause: Limit 1 of each item
|clearpoke
|poke|p1|Ceruledge, L50, M|
|poke|p1|Glimmora, L50, M|
|poke|p1|Sinistcha, L50|
|poke|p1|Raichu, L50, M|
|poke|p1|Sylveon, L50, F|
|poke|p1|Milotic, L50, M|
|poke|p2|Farigiraf, L50, M, shiny|
|poke|p2|Incineroar, L50, M, shiny|
|poke|p2|Torkoal, L50, F|
|poke|p2|Sinistcha-Masterpiece, L50|
|poke|p2|Primarina, L50, F|
|poke|p2|Mawile, L50, M|
|teampreview|4
|showteam|p1|Ceruledge||ColburBerry|FlashFire|BitterBlade,ShadowSneak,BulkUp,Protect|Adamant||M|||50|]Glimmora||Glimmoranite|ToxicDebris|SpikyShield,PowerGem,EarthPower,SludgeBomb|Timid||M|||50|]Sinistcha||SitrusBerry|Hospitality|MatchaGotcha,RagePowder,Protect,LifeDew|Bold|||||50|]Raichu||RaichuniteY|LightningRod|FakeOut,FocusBlast,ZapCannon,Protect|Timid||M|||50|]Sylveon||FairyFeather|Pixilate|HyperVoice,HyperBeam,QuickAttack,Detect|Modest||F|||50|]Milotic||Leftovers|Competitive|Coil,Hypnosis,MuddyWater,Recover|Calm||M|||50|
|showteam|p2|Farigiraf||ColburBerry|ArmorTail|TrickRoom,ConfuseRay,HelpingHand,Protect|Relaxed||M|||50|]Incineroar||ExpertBelt|Intimidate|CloseCombat,FlareBlitz,FakeOut,DarkestLariat|Brave||M|||50|]Torkoal||Charcoal|Drought|Eruption,BodyPress,SolarBeam,Protect|Quiet||F|||50|]Sinistcha-Masterpiece||FocusSash|Hospitality|TrickRoom,MatchaGotcha,ShadowBall,Protect|Quiet|||||50|]Primarina||LifeOrb|LiquidVoice|HyperVoice,DazzlingGleam,IceBeam,Protect|Quiet||F|||50|]Mawile||Mawilite|HyperCutter|SuckerPunch,PlayRough,IronHead,BodySlam|Brave||M|||50|
|inactive|Battle timer is ON: inactive players will automatically lose when time's up. (requested by zanquettao)
|inactive|axcoquette also wants the timer to be on.
|inactive|axcoquette has 60 seconds left.
|inactive|zanquettao has 60 seconds left.
|
|t:|1784505987
|teamsize|p1|4
|teamsize|p2|4
|start
|switch|p1a: Sylveon|Sylveon, L50, F|100/100
|switch|p1b: Ceruledge|Ceruledge, L50, M|100/100
|switch|p2a: Farigiraf|Farigiraf, L50, M, shiny|100/100
|switch|p2b: Incineroar|Incineroar, L50, M, shiny|100/100
|-ability|p2b: Incineroar|Intimidate|boost
|-unboost|p1a: Sylveon|atk|1
|-unboost|p1b: Ceruledge|atk|1
|turn|1
|
|t:|1784506002
|move|p1a: Sylveon|Detect|p1a: Sylveon
|-singleturn|p1a: Sylveon|Protect
|move|p2b: Incineroar|Fake Out|p1a: Sylveon
|-activate|p1a: Sylveon|move: Protect
|move|p1b: Ceruledge|Bulk Up|p1b: Ceruledge
|-boost|p1b: Ceruledge|atk|1
|-boost|p1b: Ceruledge|def|1
|move|p2a: Farigiraf|Trick Room|p2a: Farigiraf
|-fieldstart|move: Trick Room|[of] p2a: Farigiraf
|
|upkeep
|turn|2
|
|t:|1784506025
|move|p2a: Farigiraf|Helping Hand|p2b: Incineroar
|-singleturn|p2b: Incineroar|Helping Hand|[of] p2a: Farigiraf
|move|p2b: Incineroar|Flare Blitz|p1a: Sylveon
|-damage|p1a: Sylveon|0 fnt
|faint|p1a: Sylveon
|-damage|p2b: Incineroar|66/100|[from] Recoil
|move|p1b: Ceruledge|Bitter Blade|p2b: Incineroar
|-resisted|p2b: Incineroar|1
|-damage|p2b: Incineroar|47/100
|
|upkeep
|
|t:|1784506036
|switch|p1a: Milotic|Milotic, L50, M|100/100
|turn|3
|
|t:|1784506046
|move|p2a: Farigiraf|Helping Hand|p2b: Incineroar
|-singleturn|p2b: Incineroar|Helping Hand|[of] p2a: Farigiraf
|move|p2b: Incineroar|Darkest Lariat|p1b: Ceruledge
|-supereffective|p1b: Ceruledge|1
|-enditem|p1b: Ceruledge|Colbur Berry|[eat]
|-enditem|p1b: Ceruledge|Colbur Berry|[weaken]
|-damage|p1b: Ceruledge|24/100
|move|p1a: Milotic|Muddy Water|p2a: Farigiraf|[spread] p2b
|-miss|p1a: Milotic|p2a: Farigiraf
|-supereffective|p2b: Incineroar|1
|-damage|p2b: Incineroar|5/100
|move|p1b: Ceruledge|Bitter Blade|p2b: Incineroar
|-resisted|p2b: Incineroar|1
|-damage|p2b: Incineroar|0 fnt
|-heal|p1b: Ceruledge|28/100|[from] drain|[of] p2b: Incineroar
|faint|p2b: Incineroar
|
|upkeep
|
|t:|1784506066
|switch|p2b: Mawile|Mawile, L50, M|100/100
|turn|4
|
|t:|1784506074
|detailschange|p2b: Mawile|Mawile-Mega, L50, M
|-mega|p2b: Mawile|Mawile|Mawilite
|move|p1b: Ceruledge|Protect|p1b: Ceruledge
|-singleturn|p1b: Ceruledge|Protect
|move|p2b: Mawile|Sucker Punch||[still]
|-fail|p2b: Mawile
|move|p2a: Farigiraf|Confuse Ray|p1a: Milotic
|-start|p1a: Milotic|confusion
|-activate|p1a: Milotic|confusion
|move|p1a: Milotic|Coil|p1a: Milotic
|-boost|p1a: Milotic|atk|1
|-boost|p1a: Milotic|def|1
|-boost|p1a: Milotic|accuracy|1
|
|upkeep
|turn|5
|
|t:|1784506094
|switch|p1b: Sinistcha|Sinistcha, L50|100/100
|move|p2a: Farigiraf|Protect|p2a: Farigiraf
|-singleturn|p2a: Farigiraf|Protect
|move|p2b: Mawile|Sucker Punch||[still]
|-fail|p2b: Mawile
|-activate|p1a: Milotic|confusion
|move|p1a: Milotic|Coil|p1a: Milotic
|-boost|p1a: Milotic|atk|1
|-boost|p1a: Milotic|def|1
|-boost|p1a: Milotic|accuracy|1
|
|-fieldend|move: Trick Room
|upkeep
|turn|6
|inactive|zanquettao has 30 seconds left.
|
|t:|1784506127
|-activate|p1a: Milotic|confusion
|-damage|p1a: Milotic|95/100|[from] confusion
|move|p1b: Sinistcha|Matcha Gotcha|p2a: Farigiraf|[spread] p2a,p2b
|-resisted|p2b: Mawile|1
|-damage|p2a: Farigiraf|73/100
|-damage|p2b: Mawile|84/100
|move|p2b: Mawile|Play Rough|p1b: Sinistcha
|-damage|p1b: Sinistcha|35/100
|-enditem|p1b: Sinistcha|Sitrus Berry|[eat]
|-heal|p1b: Sinistcha|60/100|[from] item: Sitrus Berry
|move|p2a: Farigiraf|Trick Room|p2a: Farigiraf
|-fieldstart|move: Trick Room|[of] p2a: Farigiraf
|
|-heal|p1a: Milotic|100/100|[from] item: Leftovers
|upkeep
|turn|7
|inactive|zanquettao has 30 seconds left.
|inactive|zanquettao has 20 seconds left.
|
|t:|1784506165
|move|p2a: Farigiraf|Helping Hand|p2b: Mawile
|-singleturn|p2b: Mawile|Helping Hand|[of] p2a: Farigiraf
|move|p1b: Sinistcha|Protect|p1b: Sinistcha
|-singleturn|p1b: Sinistcha|Protect
|move|p2b: Mawile|Play Rough|p1a: Milotic|[miss]
|-miss|p2b: Mawile|p1a: Milotic
|-activate|p1a: Milotic|confusion
|move|p1a: Milotic|Hypnosis|p2b: Mawile
|-status|p2b: Mawile|slp|[from] move: Hypnosis
|
|upkeep
|turn|8
|inactive|zanquettao has 30 seconds left.
|
|t:|1784506191
|move|p2a: Farigiraf|Protect|p2a: Farigiraf
|-singleturn|p2a: Farigiraf|Protect
|cant|p2b: Mawile|slp
|move|p1b: Sinistcha|Life Dew||[still]|[spread] p1a,p1b
|-fail|p1a: Milotic|heal
|-heal|p1b: Sinistcha|85/100
|-end|p1a: Milotic|confusion
|move|p1a: Milotic|Muddy Water|p2a: Farigiraf|[spread] p2b
|-activate|p2a: Farigiraf|move: Protect
|-damage|p2b: Mawile|57/100 slp
|
|upkeep
|turn|9
|
|t:|1784506208
|move|p1b: Sinistcha|Protect|p1b: Sinistcha
|-singleturn|p1b: Sinistcha|Protect
|cant|p2b: Mawile|slp
|move|p2a: Farigiraf|Confuse Ray|p1a: Milotic
|-start|p1a: Milotic|confusion
|-activate|p1a: Milotic|confusion
|move|p1a: Milotic|Muddy Water|p2b: Mawile|[spread] p2a,p2b
|-damage|p2a: Farigiraf|48/100
|-damage|p2b: Mawile|33/100 slp
|
|upkeep
|turn|10
|inactive|axcoquette has 30 seconds left.
|
|t:|1784506235
|move|p2a: Farigiraf|Protect|p2a: Farigiraf
|-singleturn|p2a: Farigiraf|Protect
|-curestatus|p2b: Mawile|slp|[msg]
|move|p2b: Mawile|Play Rough|p1a: Milotic
|-damage|p1a: Milotic|62/100
|move|p1b: Sinistcha|Life Dew|p1b: Sinistcha|[spread] p1a,p1b
|-heal|p1a: Milotic|87/100
|-heal|p1b: Sinistcha|100/100
|-activate|p1a: Milotic|confusion
|-damage|p1a: Milotic|82/100|[from] confusion
|
|-heal|p1a: Milotic|88/100|[from] item: Leftovers
|-fieldend|move: Trick Room
|upkeep
|turn|11
|
|t:|1784506256
|move|p2b: Mawile|Sucker Punch|p1b: Sinistcha
|-supereffective|p1b: Sinistcha|1
|-damage|p1b: Sinistcha|34/100
|-activate|p1a: Milotic|confusion
|-damage|p1a: Milotic|83/100|[from] confusion
|move|p1b: Sinistcha|Matcha Gotcha|p2b: Mawile|[spread] p2a,p2b
|-resisted|p2b: Mawile|1
|-damage|p2a: Farigiraf|22/100
|-heal|p1b: Sinistcha|52/100|[from] drain|[of] p2a: Farigiraf
|-damage|p2b: Mawile|19/100
|-heal|p1b: Sinistcha|58/100|[from] drain|[of] p2b: Mawile
|move|p2a: Farigiraf|Trick Room|p2a: Farigiraf
|-fieldstart|move: Trick Room|[of] p2a: Farigiraf
|
|-heal|p1a: Milotic|89/100|[from] item: Leftovers
|upkeep
|turn|12
|
|t:|1784506276
|move|p2b: Mawile|Play Rough|p1b: Sinistcha
|-damage|p1b: Sinistcha|1/100
|move|p2a: Farigiraf|Confuse Ray|p1b: Sinistcha
|-start|p1b: Sinistcha|confusion
|-activate|p1b: Sinistcha|confusion
|move|p1b: Sinistcha|Life Dew|p1b: Sinistcha|[spread] p1a,p1b
|-heal|p1a: Milotic|100/100
|-heal|p1b: Sinistcha|25/100
|-end|p1a: Milotic|confusion
|move|p1a: Milotic|Muddy Water|p2b: Mawile|[spread] p2a,p2b
|-crit|p2a: Farigiraf
|-damage|p2a: Farigiraf|0 fnt
|-damage|p2b: Mawile|0 fnt
|faint|p2a: Farigiraf
|faint|p2b: Mawile
|
|upkeep
|
|t:|1784506291
|switch|p2b: Primarina|Primarina, L50, F|100/100
|turn|13
|
|t:|1784506297
|-activate|p1b: Sinistcha|confusion
|move|p1b: Sinistcha|Protect|p1b: Sinistcha
|-singleturn|p1b: Sinistcha|Protect
|move|p2b: Primarina|Dazzling Gleam|p1b: Sinistcha|[spread] p1a
|-activate|p1b: Sinistcha|move: Protect
|-damage|p1a: Milotic|68/100
|-damage|p2b: Primarina|90/100|[from] item: Life Orb
|move|p1a: Milotic|Hypnosis|p2b: Primarina
|-status|p2b: Primarina|slp|[from] move: Hypnosis
|
|-heal|p1a: Milotic|74/100|[from] item: Leftovers
|upkeep
|turn|14
|-message|zanquettao forfeited.
|
|win|axcoquette
