|j|☆Lucario191
|j|☆AbadanRiyi92
|html|Lucario191AbadanRiyi92    
|uhtml|bestof|Game 1 of a best-of-3
|t:|1784948475
|gametype|doubles
|player|p1|Lucario191|steven|1104
|player|p2|AbadanRiyi92|colress|1234
|gen|9
|tier|[Gen 9 Champions] VGC 2026 Reg M-B (Bo3)
|rated|
|rule|Species Clause: Limit one of each Pokémon
|rule|Item Clause: Limit 1 of each item
|clearpoke
|poke|p1|Charizard, L50, F, shiny|
|poke|p1|Whimsicott, L50, M, shiny|
|poke|p1|Excadrill, L50, M, shiny|
|poke|p1|Incineroar, L50, M, shiny|
|poke|p1|Kingambit, L50, F, shiny|
|poke|p1|Gyarados, L50, M, shiny|
|poke|p2|Gengar, L50, F, shiny|
|poke|p2|Maushold-Four, L50|
|poke|p2|Annihilape, L50, F|
|poke|p2|Incineroar, L50, F|
|poke|p2|Politoed, L50, M, shiny|
|poke|p2|Archaludon, L50, F|
|teampreview|4
|showteam|p1|Charizard||CharizarditeY|SolarPower|SolarBeam,HeatWave,ScorchingSands,Protect|Modest||F|||50|]Whimsicott||FocusSash|Prankster|Moonblast,Encore,FakeTears,Tailwind|Serious||M|||50|]Excadrill||Excadrite|MoldBreaker|Protect,IronHead,HighHorsepower,RockSlide|Adamant||M|||50|]Incineroar||SitrusBerry|Intimidate|FakeOut,FlareBlitz,DarkestLariat,PartingShot|Adamant||M|||50|]Kingambit||BlackGlasses|Defiant|SwordsDance,KowtowCleave,IronHead,SuckerPunch|Brave||F|||50|]Gyarados||MysticWater|Intimidate|DragonDance,Waterfall,Crunch,IronHead|Adamant||M|||50|
|showteam|p2|Gengar||Gengarite|CursedBody|ShadowBall,Disable,PerishSong,Protect|Timid||F|||50|]Maushold-Four||FocusSash|FriendGuard|FollowMe,Encore,BeatUp,Protect|Jolly|||||50|]Annihilape||RoseliBerry|Defiant|RageFist,CloseCombat,Encore,Protect|Jolly||F|||50|]Incineroar||PasshoBerry|Blaze|PartingShot,ThroatChop,Protect,FakeOut|Sassy||F|||50|]Politoed||SitrusBerry|Drizzle|WeatherBall,Encore,PerishSong,Protect|Calm||M|||50|]Archaludon||Leftovers|Stamina|DragonPulse,FlashCannon,ElectroShot,Protect|Bold||F|||50|
|inactive|Battle timer is ON: inactive players will automatically lose when time's up. (requested by Lucario191)
|inactive|AbadanRiyi92 has 60 seconds left.
|
|t:|1784948533
|teamsize|p1|4
|teamsize|p2|4
|start
|switch|p1a: Charizard|Charizard, L50, F, shiny|100/100
|switch|p1b: Whimsicott|Whimsicott, L50, M, shiny|100/100
|switch|p2a: Gengar|Gengar, L50, F, shiny|100/100
|switch|p2b: Incineroar|Incineroar, L50, F|100/100
|turn|1
|inactive|Lucario191 has 30 seconds left.
|inactive|AbadanRiyi92 has 30 seconds left.
|inactive|Lucario191 has 20 seconds left.
|inactive|Lucario191 has 15 seconds left.
|inactive|Lucario191 has 10 seconds left.
|
|t:|1784948581
|detailschange|p2a: Gengar|Gengar-Mega, L50, F, shiny
|-mega|p2a: Gengar|Gengar|Gengarite
|detailschange|p1a: Charizard|Charizard-Mega-Y, L50, F, shiny
|-mega|p1a: Charizard|Charizard|Charizardite Y
|-weather|SunnyDay|[from] ability: Drought|[of] p1a: Charizard
|move|p2b: Incineroar|Fake Out|p1a: Charizard
|-damage|p1a: Charizard|88/100
|move|p1b: Whimsicott|Tailwind|p1b: Whimsicott
|-sidestart|p1: Lucario191|move: Tailwind
|cant|p1a: Charizard|flinch
|move|p2a: Gengar|Perish Song|p2a: Gengar
|-start|p1a: Charizard|perish3|[silent]
|-start|p1b: Whimsicott|perish3|[silent]
|-start|p2a: Gengar|perish3|[silent]
|-start|p2b: Incineroar|perish3|[silent]
|-fieldactivate|move: Perish Song
|
|-weather|SunnyDay|[upkeep]
|-start|p1b: Whimsicott|perish3
|-start|p1a: Charizard|perish3
|-start|p2a: Gengar|perish3
|-start|p2b: Incineroar|perish3
|upkeep
|turn|2
|
|t:|1784948609
|move|p2a: Gengar|Protect|p2a: Gengar
|-singleturn|p2a: Gengar|Protect
|move|p2b: Incineroar|Protect|p2b: Incineroar
|-singleturn|p2b: Incineroar|Protect
|move|p1b: Whimsicott|Moonblast|p2b: Incineroar
|-activate|p2b: Incineroar|move: Protect
|move|p1a: Charizard|Heat Wave|p2a: Gengar|[spread] 
|-activate|p2a: Gengar|move: Protect
|-activate|p2b: Incineroar|move: Protect
|
|-weather|SunnyDay|[upkeep]
|-start|p1b: Whimsicott|perish2
|-start|p1a: Charizard|perish2
|-start|p2a: Gengar|perish2
|-start|p2b: Incineroar|perish2
|upkeep
|turn|3
|inactive|AbadanRiyi92 has 30 seconds left.
|inactive|AbadanRiyi92 has 20 seconds left.
|inactive|AbadanRiyi92 has 15 seconds left.
|
|t:|1784948652
|switch|p2a: Annihilape|Annihilape, L50, F|100/100
|move|p1b: Whimsicott|Fake Tears|p2a: Annihilape
|-unboost|p2a: Annihilape|spd|2
|-ability|p2a: Annihilape|Defiant|boost
|-boost|p2a: Annihilape|atk|2
|move|p1a: Charizard|Scorching Sands|p2a: Annihilape
|-damage|p2a: Annihilape|31/100
|-status|p2a: Annihilape|brn
|move|p2b: Incineroar|Parting Shot|p1a: Charizard
|-unboost|p1a: Charizard|atk|1
|-unboost|p1a: Charizard|spa|1
|
|t:|1784948664
|switch|p2b: Gengar|Gengar-Mega, L50, F, shiny|100/100|[from] Parting Shot
|
|-weather|SunnyDay|[upkeep]
|-damage|p2a: Annihilape|25/100 brn|[from] brn
|-start|p1b: Whimsicott|perish1
|-start|p1a: Charizard|perish1
|upkeep
|turn|4
|inactive|Lucario191 has 30 seconds left.
|
|t:|1784948698
|move|p2b: Gengar|Protect|p2b: Gengar
|-singleturn|p2b: Gengar|Protect
|move|p2a: Annihilape|Protect|p2a: Annihilape
|-singleturn|p2a: Annihilape|Protect
|move|p1b: Whimsicott|Fake Tears|p2b: Gengar
|-activate|p2b: Gengar|move: Protect
|move|p1a: Charizard|Heat Wave|p2b: Gengar|[spread] 
|-activate|p2a: Annihilape|move: Protect
|-activate|p2b: Gengar|move: Protect
|
|-weather|SunnyDay|[upkeep]
|-damage|p2a: Annihilape|19/100 brn|[from] brn
|-start|p1b: Whimsicott|perish0
|-start|p1a: Charizard|perish0
|-sideend|p1: Lucario191|move: Tailwind
|faint|p1b: Whimsicott
|faint|p1a: Charizard
|upkeep
|
|t:|1784948700
|switch|p1b: Excadrill|Excadrill, L50, M, shiny|100/100
|switch|p1a: Incineroar|Incineroar, L50, M, shiny|100/100
|-ability|p1b: Excadrill|Mold Breaker
|-ability|p1a: Incineroar|Intimidate|boost
|-unboost|p2a: Annihilape|atk|1
|-ability|p2a: Annihilape|Defiant|boost
|-boost|p2a: Annihilape|atk|2
|-unboost|p2b: Gengar|atk|1
|turn|5
|inactive|AbadanRiyi92 has 30 seconds left.
|
|t:|1784948728
|move|p1b: Excadrill|Protect|p1b: Excadrill
|-singleturn|p1b: Excadrill|Protect
|move|p2b: Gengar|Perish Song|p2b: Gengar
|-start|p1a: Incineroar|perish3|[silent]
|-start|p1b: Excadrill|perish3|[silent]
|-start|p2a: Annihilape|perish3|[silent]
|-start|p2b: Gengar|perish3|[silent]
|-fieldactivate|move: Perish Song
|move|p2a: Annihilape|Close Combat|p1b: Excadrill
|-activate|p1b: Excadrill|move: Protect
|move|p1a: Incineroar|Darkest Lariat|p2a: Annihilape
|-crit|p2a: Annihilape
|-damage|p2a: Annihilape|0 fnt
|faint|p2a: Annihilape
|
|-weather|none
|-start|p2b: Gengar|perish3
|-start|p1b: Excadrill|perish3
|-start|p1a: Incineroar|perish3
|upkeep
|
|t:|1784948742
|switch|p2a: Incineroar|Incineroar, L50, F|100/100
|turn|6
|
|t:|1784948760
|move|p2b: Gengar|Protect|p2b: Gengar
|-singleturn|p2b: Gengar|Protect
|move|p2a: Incineroar|Protect|p2a: Incineroar
|-singleturn|p2a: Incineroar|Protect
|move|p1b: Excadrill|High Horsepower|p2a: Incineroar
|-activate|p2a: Incineroar|move: Protect
|move|p1a: Incineroar|Darkest Lariat|p2b: Gengar
|-activate|p2b: Gengar|move: Protect
|
|-start|p2b: Gengar|perish2
|-start|p1b: Excadrill|perish2
|-start|p1a: Incineroar|perish2
|upkeep
|turn|7
|-message|Lucario191 forfeited.
|raw|Lucario191's rating: 1104 → 1088(-16 for losing)
|raw|AbadanRiyi92's rating: 1234 → 1250(+16 for winning)
|
|win|AbadanRiyi92
