|j|☆aseyo
|j|☆dont make me walk
|html|aseyodont make me walk    
|uhtml|bestof|Game 2 of a best-of-3
|t:|1756477244
|gametype|doubles
|player|p1|aseyo|266|1303
|player|p2|dont make me walk|red-masters3|1252
|gen|9
|tier|[Gen 9] VGC 2025 Reg H (Bo3)
|rated|
|rule|Species Clause: Limit one of each Pokémon
|rule|Item Clause: Limit 1 of each item
|clearpoke
|poke|p1|Archaludon, L50, M|
|poke|p1|Pelipper, L50, F|
|poke|p1|Basculegion, L50, M|
|poke|p1|Kingambit, L50, M|
|poke|p1|Amoonguss, L50, F|
|poke|p1|Farigiraf, L50, M|
|poke|p2|Ursaluna-Bloodmoon, L50, M|
|poke|p2|Indeedee, L50, M|
|poke|p2|Sneasler, L50, M|
|poke|p2|Incineroar, L50, M|
|poke|p2|Electabuzz, L50, F|
|poke|p2|Talonflame, L50, M|
|teampreview|4
|showteam|p1|Archaludon||AssaultVest|Stamina|DragonPulse,FlashCannon,ElectroShot,BodyPress|||M|||50|,,,,,Grass]Pelipper||FocusSash|Drizzle|WeatherBall,Hurricane,Tailwind,Protect|||F|||50|,,,,,Ground]Basculegion||ChoiceBand|SwiftSwim|WaveCrash,FlipTurn,AquaJet,LastRespects|||M|||50|,,,,,Water]Kingambit||SafetyGoggles|Defiant|KowtowCleave,SwordsDance,SuckerPunch,Protect|||M|||50|,,,,,Dark]Amoonguss||CovertCloak|Regenerator|Spore,RagePowder,ClearSmog,PollenPuff|||F|||50|,,,,,Psychic]Farigiraf||ThroatSpray|ArmorTail|HyperVoice,Psychic,TrickRoom,Protect|||M|||50|,,,,,Fairy
|showteam|p2|Ursaluna-Bloodmoon||LifeOrb|MindsEye|Protect,EarthPower,HyperVoice,BloodMoon|||M|||50|,,,,,Normal]Indeedee||FocusSash|PsychicSurge|ExpandingForce,TeraBlast,TrickRoom,Protect|||M|||50|,,,,,Fighting]Sneasler||PsychicSeed|Unburden|DireClaw,CloseCombat,ThroatChop,Protect|||M|||50|,,,,,Dark]Incineroar||AssaultVest|Intimidate|FakeOut,KnockOff,FlareBlitz,Uturn|||M|||50|,,,,,Grass]Electabuzz||Eviolite|VitalSpirit|Electroweb,Taunt,FollowMe,Protect|||F|||50|,,,,,Ghost]Talonflame||CovertCloak|GaleWings|FlareBlitz,DualWingbeat,WillOWisp,Tailwind|||M|||50|,,,,,Fairy
|inactive|Battle timer is ON: inactive players will automatically lose when time's up. (requested by dont make me walk)
|inactive|aseyo also wants the timer to be on.
|
|t:|1756477266
|teamsize|p1|4
|teamsize|p2|4
|start
|switch|p1a: Basculegion|Basculegion, L50, M|100/100
|switch|p1b: Pelipper|Pelipper, L50, F|100/100
|switch|p2a: Indeedee|Indeedee, L50, M|100/100
|switch|p2b: Sneasler|Sneasler, L50, M|100/100
|-fieldstart|move: Psychic Terrain|[from] ability: Psychic Surge|[of] p2a: Indeedee
|-enditem|p2b: Sneasler|Psychic Seed
|-boost|p2b: Sneasler|spd|1|[from] item: Psychic Seed
|-weather|RainDance|[from] ability: Drizzle|[of] p1b: Pelipper
|turn|1
|
|t:|1756477282
|move|p2b: Sneasler|Throat Chop|p1a: Basculegion
|-supereffective|p1a: Basculegion
|-damage|p1a: Basculegion|29/100
|-start|p1a: Basculegion|Throat Chop|[silent]
|move|p1a: Basculegion|Flip Turn|p2a: Indeedee
|-enditem|p2a: Indeedee|Focus Sash
|-damage|p2a: Indeedee|1/100
|
|t:|1756477288
|switch|p1a: Archaludon|Archaludon, L50, M|100/100|[from] Flip Turn
|move|p1b: Pelipper|Tailwind|p1b: Pelipper
|-sidestart|p1: aseyo|move: Tailwind
|move|p2a: Indeedee|Trick Room|p2a: Indeedee
|-fieldstart|move: Trick Room|[of] p2a: Indeedee
|
|-weather|RainDance|[upkeep]
|upkeep
|turn|2
|
|t:|1756477300
|switch|p2b: Electabuzz|Electabuzz, L50, F|100/100
|move|p2a: Indeedee|Expanding Force|p1b: Pelipper|[spread] p1a,p1b
|-resisted|p1a: Archaludon
|-damage|p1a: Archaludon|82/100
|-damage|p1b: Pelipper|12/100
|-ability|p1a: Archaludon|Stamina|boost
|-boost|p1a: Archaludon|def|1
|move|p1b: Pelipper|Weather Ball|p2b: Electabuzz
|-damage|p2b: Electabuzz|43/100
|move|p1a: Archaludon|Electro Shot||[still]
|-prepare|p1a: Archaludon|Electro Shot
|-boost|p1a: Archaludon|spa|1
|-anim|p1a: Archaludon|Electro Shot|p2b: Electabuzz
|-resisted|p2b: Electabuzz
|-damage|p2b: Electabuzz|19/100
|
|-weather|RainDance|[upkeep]
|upkeep
|turn|3
|
|t:|1756477320
|-terastallize|p2a: Indeedee|Fighting
|move|p2b: Electabuzz|Protect|p2b: Electabuzz
|-singleturn|p2b: Electabuzz|Protect
|move|p1b: Pelipper|Protect|p1b: Pelipper
|-singleturn|p1b: Pelipper|Protect
|move|p2a: Indeedee|Tera Blast|p1a: Archaludon|[anim] Tera Blast Fighting
|-supereffective|p1a: Archaludon
|-damage|p1a: Archaludon|26/100
|-ability|p1a: Archaludon|Stamina|boost
|-boost|p1a: Archaludon|def|1
|move|p1a: Archaludon|Electro Shot||[still]
|-prepare|p1a: Archaludon|Electro Shot
|-boost|p1a: Archaludon|spa|1
|-anim|p1a: Archaludon|Electro Shot|p2b: Electabuzz
|-activate|p2b: Electabuzz|move: Protect
|
|-weather|RainDance|[upkeep]
|upkeep
|turn|4
|
|t:|1756477334
|switch|p2b: Ursaluna|Ursaluna-Bloodmoon, L50, M|100/100
|switch|p1b: Basculegion|Basculegion, L50, M|29/100
|switch|p1a: Farigiraf|Farigiraf, L50, M|100/100
|move|p2a: Indeedee|Expanding Force|p1b: Basculegion|[spread] p1a,p1b
|-resisted|p1a: Farigiraf
|-damage|p1a: Farigiraf|77/100
|-damage|p1b: Basculegion|0 fnt
|faint|p1b: Basculegion
|
|-weather|RainDance|[upkeep]
|-sideend|p1: aseyo|move: Tailwind
|upkeep
|
|t:|1756477340
|switch|p1b: Pelipper|Pelipper, L50, F|12/100
|turn|5
|
|t:|1756477353
|switch|p2a: Electabuzz|Electabuzz, L50, F|19/100
|move|p1b: Pelipper|Protect|p1b: Pelipper
|-singleturn|p1b: Pelipper|Protect
|move|p1a: Farigiraf|Hyper Voice|p2b: Ursaluna|[spread] p2a,p2b
|-damage|p2a: Electabuzz|0 fnt
|-damage|p2b: Ursaluna|61/100
|faint|p2a: Electabuzz
|-enditem|p1a: Farigiraf|Throat Spray
|-boost|p1a: Farigiraf|spa|1|[from] item: Throat Spray
|move|p2b: Ursaluna|Blood Moon|p1a: Farigiraf
|-damage|p1a: Farigiraf|0 fnt
|faint|p1a: Farigiraf
|-damage|p2b: Ursaluna|51/100|[from] item: Life Orb
|
|-weather|none
|-fieldend|move: Trick Room
|-fieldend|move: Psychic Terrain
|upkeep
|
|t:|1756477361
|switch|p2a: Indeedee|Indeedee, L50, M, tera:Fighting|1/100
|switch|p1a: Archaludon|Archaludon, L50, M|26/100
|-fieldstart|move: Psychic Terrain|[from] ability: Psychic Surge|[of] p2a: Indeedee
|turn|6
|-message|aseyo forfeited.
|
|win|dont make me walk
||dont make me walk is ready for game 3.
||aseyo is ready for game 3.
|uhtml|next|Next: Game 3 of 3
|l|☆aseyo
|player|p1|
