|j|☆TeyVgc
|j|☆Bucketeering
|html|TeyVgcBucketeering    
|uhtml|bestof|Game 3 of a best-of-3
|t:|1784060594
|gametype|doubles
|player|p1|TeyVgc|rood|1203
|player|p2|Bucketeering|gentleman-gen4|1249
|gen|9
|tier|[Gen 9 Champions] VGC 2026 Reg M-B (Bo3)
|rated|
|rule|Species Clause: Limit one of each Pokémon
|rule|Item Clause: Limit 1 of each item
|clearpoke
|poke|p1|Raichu, L50, F|
|poke|p1|Sinistcha, L50|
|poke|p1|Ceruledge, L50, F|
|poke|p1|Milotic, L50, F|
|poke|p1|Incineroar, L50, M|
|poke|p1|Floette-Eternal, L50, F|
|poke|p2|Weavile, L50, F|
|poke|p2|Glimmora, L50, F|
|poke|p2|Staraptor, L50, M, shiny|
|poke|p2|Whimsicott, L50, F|
|poke|p2|Basculegion, L50, M|
|poke|p2|Incineroar, L50, M|
|teampreview|4
|showteam|p1|Raichu||RaichuniteY|LightningRod|ZapCannon,FocusBlast,FakeOut,Protect|Timid||F|||50|]Sinistcha||KasibBerry|Hospitality|MatchaGotcha,Protect,RagePowder,TrickRoom|Relaxed|||||50|]Ceruledge||ColburBerry|FlashFire|BitterBlade,ShadowSneak,BulkUp,Protect|Adamant||F|||50|]Milotic||Leftovers|Competitive|MuddyWater,Coil,Hypnosis,Recover|Calm||F|||50|]Incineroar||SitrusBerry|Intimidate|FlareBlitz,ThroatChop,FakeOut,PartingShot|Impish||M|||50|]Floette-Eternal||Floettite|FlowerVeil|CalmMind,Protect,Moonblast,DazzlingGleam|Modest||F|||50|
|showteam|p2|Weavile||FocusSash|Pickpocket|TripleAxel,KnockOff,IceShard,FakeOut|Jolly||F|||50|]Glimmora||Glimmoranite|ToxicDebris|PowerGem,SludgeBomb,EarthPower,SpikyShield|Timid||F|||50|]Staraptor||Staraptite|Intimidate|CloseCombat,BraveBird,Protect,Roost|Jolly||M|||50|]Whimsicott||MentalHerb|Prankster|Tailwind,Encore,Moonblast,Charm|Bold||F|||50|]Basculegion||ChoiceScarf|Adaptability|WaveCrash,LastRespects,AquaJet,FlipTurn|Jolly||M|||50|]Incineroar||PasshoBerry|Intimidate|ThroatChop,FlareBlitz,FakeOut,PartingShot|Adamant||M|||50|
|
|t:|1784060629
|teamsize|p1|4
|teamsize|p2|4
|start
|switch|p1a: Incineroar|Incineroar, L50, M|100/100
|switch|p1b: Floette|Floette-Eternal, L50, F|100/100
|switch|p2a: Weavile|Weavile, L50, F|100/100
|switch|p2b: Staraptor|Staraptor, L50, M, shiny|100/100
|-ability|p2b: Staraptor|Intimidate|boost
|-unboost|p1a: Incineroar|atk|1
|-unboost|p1b: Floette|atk|1
|-ability|p1a: Incineroar|Intimidate|boost
|-unboost|p2a: Weavile|atk|1
|-unboost|p2b: Staraptor|atk|1
|turn|1
|inactive|Battle timer is ON: inactive players will automatically lose when time's up. (requested by Bucketeering)
|
|t:|1784060658
|detailschange|p2b: Staraptor|Staraptor-Mega, L50, M, shiny
|-mega|p2b: Staraptor|Staraptor|Staraptite
|detailschange|p1b: Floette|Floette-Mega, L50, F
|-mega|p1b: Floette|Floette|Floettite
|-ability|p1b: Floette|Fairy Aura
|move|p2b: Staraptor|Protect|p2b: Staraptor
|-singleturn|p2b: Staraptor|Protect
|move|p2a: Weavile|Fake Out|p1b: Floette
|-damage|p1b: Floette|91/100
|cant|p1b: Floette|flinch
|move|p1a: Incineroar|Parting Shot|p2a: Weavile
|-unboost|p2a: Weavile|atk|1
|-unboost|p2a: Weavile|spa|1
|
|t:|1784060671
|switch|p1a: Milotic|Milotic, L50, F|100/100|[from] Parting Shot
|
|upkeep
|turn|2
|
|t:|1784060693
|move|p2a: Weavile|Triple Axel|p1b: Floette
|-damage|p1b: Floette|87/100
|-damage|p1b: Floette|77/100
|-damage|p1b: Floette|62/100
|-hitcount|p1b: Floette|3
|move|p2b: Staraptor|Brave Bird|p1b: Floette
|-damage|p1b: Floette|23/100
|-damage|p2b: Staraptor|85/100|[from] Recoil
|move|p1b: Floette|Dazzling Gleam|p2a: Weavile|[spread] p2a,p2b
|-supereffective|p2a: Weavile|1
|-supereffective|p2b: Staraptor|1
|-enditem|p2a: Weavile|Focus Sash
|-damage|p2a: Weavile|1/100
|-damage|p2b: Staraptor|0 fnt
|faint|p2b: Staraptor
|move|p1a: Milotic|Coil|p1a: Milotic
|-boost|p1a: Milotic|atk|1
|-boost|p1a: Milotic|def|1
|-boost|p1a: Milotic|accuracy|1
|
|upkeep
|
|t:|1784060706
|switch|p2b: Whimsicott|Whimsicott, L50, F|100/100
|turn|3
|
|t:|1784060717
|switch|p1b: Incineroar|Incineroar, L50, M|100/100
|-ability|p1b: Incineroar|Intimidate|boost
|-unboost|p2a: Weavile|atk|1
|-unboost|p2b: Whimsicott|atk|1
|move|p2b: Whimsicott|Encore|p1a: Milotic
|-start|p1a: Milotic|Encore
|move|p2a: Weavile|Triple Axel|p1b: Incineroar
|-resisted|p1b: Incineroar|1
|-damage|p1b: Incineroar|98/100
|-resisted|p1b: Incineroar|1
|-damage|p1b: Incineroar|95/100
|-resisted|p1b: Incineroar|1
|-damage|p1b: Incineroar|91/100
|-hitcount|p1b: Incineroar|3
|move|p1a: Milotic|Coil|p1a: Milotic
|-boost|p1a: Milotic|atk|1
|-boost|p1a: Milotic|def|1
|-boost|p1a: Milotic|accuracy|1
|
|upkeep
|turn|4
|
|t:|1784060736
|move|p2b: Whimsicott|Charm|p1b: Incineroar
|-hint|Since gen 7, Dark is immune to Prankster moves.
|-immune|p1b: Incineroar
|move|p2a: Weavile|Knock Off|p1b: Incineroar
|-resisted|p1b: Incineroar|1
|-damage|p1b: Incineroar|84/100
|-enditem|p1b: Incineroar|Sitrus Berry|[from] move: Knock Off|[of] p2a: Weavile
|move|p1a: Milotic|Coil|p1a: Milotic
|-boost|p1a: Milotic|atk|1
|-boost|p1a: Milotic|def|1
|-boost|p1a: Milotic|accuracy|1
|move|p1b: Incineroar|Flare Blitz|p2a: Weavile
|-supereffective|p2a: Weavile|1
|-damage|p2a: Weavile|0 fnt
|faint|p2a: Weavile
|-damage|p1b: Incineroar|84/100|[from] Recoil
|
|upkeep
|
|t:|1784060742
|switch|p2a: Basculegion|Basculegion, L50, M|100/100
|turn|5
|
|t:|1784060756
|move|p2a: Basculegion|Wave Crash|p1b: Incineroar
|-supereffective|p1b: Incineroar|1
|-damage|p1b: Incineroar|0 fnt
|faint|p1b: Incineroar
|-damage|p2a: Basculegion|71/100|[from] Recoil
|move|p2b: Whimsicott|Moonblast|p1a: Milotic
|-damage|p1a: Milotic|81/100
|move|p1a: Milotic|Coil|p1a: Milotic
|-boost|p1a: Milotic|atk|1
|-boost|p1a: Milotic|def|1
|-boost|p1a: Milotic|accuracy|1
|
|-heal|p1a: Milotic|87/100|[from] item: Leftovers
|-end|p1a: Milotic|Encore
|upkeep
|
|t:|1784060770
|switch|p1b: Sinistcha|Sinistcha, L50|100/100
|-heal|p1a: Milotic|100/100|[from] ability: Hospitality|[of] p1b: Sinistcha
|turn|6
|
|t:|1784060777
|move|p2b: Whimsicott|Encore|p1a: Milotic
|-start|p1a: Milotic|Encore
|move|p2a: Basculegion|Wave Crash|p1b: Sinistcha
|-resisted|p1b: Sinistcha|1
|-damage|p1b: Sinistcha|67/100
|-damage|p2a: Basculegion|61/100|[from] Recoil
|move|p1a: Milotic|Coil|p1a: Milotic
|-boost|p1a: Milotic|atk|1
|-boost|p1a: Milotic|def|1
|-boost|p1a: Milotic|accuracy|1
|move|p1b: Sinistcha|Matcha Gotcha|p2b: Whimsicott|[spread] p2a,p2b
|-supereffective|p2a: Basculegion|1
|-resisted|p2b: Whimsicott|1
|-damage|p2a: Basculegion|0 fnt
|-heal|p1b: Sinistcha|100/100|[from] drain|[of] p2a: Basculegion
|-damage|p2b: Whimsicott|82/100
|faint|p2a: Basculegion
|
|upkeep
|turn|7
|c|☆Bucketeering|ggs
|-message|Bucketeering forfeited.
|
|win|TeyVgc
|raw|TeyVgc's rating: 1203 → 1231(+28 for winning)
|raw|Bucketeering's rating: 1249 → 1221(-28 for losing)
