|j|☆is_katabo
|j|☆dontaskwhaticook
|html|is_katabodontaskwhaticook    
|uhtml|bestof|Game 1 of a best-of-3
|t:|1757780545
|gametype|doubles
|player|p1|is_katabo|101|
|player|p2|dontaskwhaticook|colress|
|gen|9
|tier|[Gen 9] VGC 2025 Reg H (Bo3)
|rule|Species Clause: Limit one of each Pokémon
|rule|Item Clause: Limit 1 of each item
|clearpoke
|poke|p1|Incineroar, L50, F|
|poke|p1|Sneasler, L50, F|
|poke|p1|Amoonguss, L50, M|
|poke|p1|Pelipper, L50, M|
|poke|p1|Archaludon, L50, M|
|poke|p1|Dragonite, L50, F|
|poke|p2|Ludicolo, L50, M|
|poke|p2|Pelipper, L50, F|
|poke|p2|Incineroar, L50, F|
|poke|p2|Ursaluna-Bloodmoon, L50, M|
|poke|p2|Amoonguss, L50, M|
|poke|p2|Archaludon, L50, F|
|teampreview|4
|showteam|p1|Incineroar||SafetyGoggles|Intimidate|FakeOut,KnockOff,FlareBlitz,PartingShot|||F|||50|,,,,,Ghost]Sneasler||WhiteHerb|Unburden|DireClaw,CloseCombat,ThroatChop,Protect|||F|||50|,,,,,Stellar]Amoonguss||SitrusBerry|Regenerator|PollenPuff,RagePowder,Spore,Protect|||M|||50|,,,,,Psychic]Pelipper||FocusSash|Drizzle|WeatherBall,Hurricane,Tailwind,Protect|||M|||50|,,,,,Ghost]Archaludon||AssaultVest|Stamina|ElectroShot,FlashCannon,DracoMeteor,BodyPress|||M|||50|,,,,,Bug]Dragonite||LoadedDice|Multiscale|ScaleShot,Tailwind,Haze,Protect|||F|||50|,,,,,Steel
|showteam|p2|Ludicolo||LifeOrb|SwiftSwim|WeatherBall,MuddyWater,LeafStorm,Protect|||M|||50|,,,,,Water]Pelipper||FocusSash|Drizzle|WeatherBall,Hurricane,Tailwind,Protect|||F|||50|,,,,,Ghost]Incineroar||SafetyGoggles|Intimidate|FakeOut,KnockOff,PartingShot,Taunt|||F|||50|,,,,,Ghost]Ursaluna-Bloodmoon||AssaultVest|MindsEye|BloodMoon,HyperVoice,EarthPower,VacuumWave|||M|||50|,,,,,Grass]Amoonguss||SitrusBerry|Regenerator|Spore,ClearSmog,RagePowder,Protect|||M|||50|,,,,,Fairy]Archaludon||PowerHerb|Sturdy|ElectroShot,DragonPulse,FlashCannon,Protect|||F|||50|,,,,,Electric
|
|t:|1757780604
|teamsize|p1|4
|teamsize|p2|4
|start
|switch|p1a: BRAT|Sneasler, L50, F|100/100
|switch|p1b: Supernova|Dragonite, L50, F|100/100
|switch|p2a: Ursaluna|Ursaluna-Bloodmoon, L50, M|100/100
|switch|p2b: Amoonguss|Amoonguss, L50, M|100/100
|turn|1
|
|t:|1757780645
|switch|p1a: Immaterial|Amoonguss, L50, M, shiny|100/100
|move|p2b: Amoonguss|Protect|p2b: Amoonguss
|-singleturn|p2b: Amoonguss|Protect
|move|p1b: Supernova|Scale Shot|p2a: Ursaluna
|-damage|p2a: Ursaluna|90/100
|-damage|p2a: Ursaluna|78/100
|-damage|p2a: Ursaluna|67/100
|-damage|p2a: Ursaluna|55/100
|-damage|p2a: Ursaluna|45/100
|-hitcount|p2a: Ursaluna|5
|-unboost|p1b: Supernova|def|1
|-boost|p1b: Supernova|spe|1
|move|p2a: Ursaluna|Earth Power|p1a: Immaterial
|-damage|p1a: Immaterial|56/100
|
|upkeep
|turn|2
|
|t:|1757780669
|-terastallize|p2b: Amoonguss|Fairy
|move|p2b: Amoonguss|Rage Powder|p2b: Amoonguss
|-singleturn|p2b: Amoonguss|move: Rage Powder
|move|p1b: Supernova|Scale Shot|p2b: Amoonguss
|-immune|p2b: Amoonguss
|move|p2a: Ursaluna|Blood Moon|p1a: Immaterial
|-damage|p1a: Immaterial|0 fnt
|faint|p1a: Immaterial
|
|upkeep
|
|t:|1757780682
|switch|p1a: Wallsocket|Archaludon, L50, M, shiny|100/100
|turn|3
|
|t:|1757780708
|-terastallize|p1a: Wallsocket|Bug
|move|p2b: Amoonguss|Rage Powder|p2b: Amoonguss
|-singleturn|p2b: Amoonguss|move: Rage Powder
|move|p1b: Supernova|Scale Shot|p2b: Amoonguss
|-immune|p2b: Amoonguss
|move|p1a: Wallsocket|Flash Cannon|p2b: Amoonguss
|-supereffective|p2b: Amoonguss
|-damage|p2b: Amoonguss|53/100
|-unboost|p2b: Amoonguss|spd|1
|move|p2a: Ursaluna|Hyper Voice|p1b: Supernova|[spread] p1a,p1b
|-damage|p1a: Wallsocket|76/100
|-damage|p1b: Supernova|82/100
|-ability|p1a: Wallsocket|Stamina|boost
|-boost|p1a: Wallsocket|def|1
|
|upkeep
|turn|4
|
|t:|1757780734
|switch|p2a: Pelipper|Pelipper, L50, F|100/100
|-weather|RainDance|[from] ability: Drizzle|[of] p2a: Pelipper
|switch|p2b: Archaludon|Archaludon, L50, F|100/100
|move|p1b: Supernova|Scale Shot|p2a: Pelipper
|-damage|p2a: Pelipper|80/100
|-damage|p2a: Pelipper|59/100
|-damage|p2a: Pelipper|40/100
|-damage|p2a: Pelipper|20/100
|-hitcount|p2a: Pelipper|4
|-unboost|p1b: Supernova|def|1
|-boost|p1b: Supernova|spe|1
|move|p1a: Wallsocket|Flash Cannon|p2b: Archaludon
|-resisted|p2b: Archaludon
|-damage|p2b: Archaludon|73/100
|
|-weather|RainDance|[upkeep]
|upkeep
|turn|5
|
|t:|1757780771
|move|p2b: Archaludon|Protect|p2b: Archaludon
|-singleturn|p2b: Archaludon|Protect
|move|p1b: Supernova|Scale Shot|p2b: Archaludon
|-activate|p2b: Archaludon|move: Protect
|move|p2a: Pelipper|Tailwind|p2a: Pelipper
|-sidestart|p2: dontaskwhaticook|move: Tailwind
|move|p1a: Wallsocket|Electro Shot||[still]
|-prepare|p1a: Wallsocket|Electro Shot
|-boost|p1a: Wallsocket|spa|1
|-anim|p1a: Wallsocket|Electro Shot|p2b: Archaludon
|-activate|p2b: Archaludon|move: Protect
|
|-weather|RainDance|[upkeep]
|upkeep
|turn|6
|
|t:|1757780792
|move|p1b: Supernova|Protect|p1b: Supernova
|-singleturn|p1b: Supernova|Protect
|move|p2b: Archaludon|Electro Shot||[still]
|-prepare|p2b: Archaludon|Electro Shot
|-boost|p2b: Archaludon|spa|1
|-anim|p2b: Archaludon|Electro Shot|p1a: Wallsocket
|-damage|p1a: Wallsocket|34/100
|-ability|p1a: Wallsocket|Stamina|boost
|-boost|p1a: Wallsocket|def|1
|move|p2a: Pelipper|Hurricane|p1a: Wallsocket
|-supereffective|p1a: Wallsocket
|-damage|p1a: Wallsocket|0 fnt
|faint|p1a: Wallsocket
|
|-weather|RainDance|[upkeep]
|upkeep
|
|t:|1757780805
|switch|p1a: BRAT|Sneasler, L50, F|100/100
|turn|7
|
|t:|1757780834
|move|p2b: Archaludon|Protect|p2b: Archaludon
|-singleturn|p2b: Archaludon|Protect
|move|p1b: Supernova|Scale Shot|p2a: Pelipper
|-damage|p2a: Pelipper|0 fnt
|faint|p2a: Pelipper
|-hitcount|p2: Pelipper|1
|-unboost|p1b: Supernova|def|1
|-boost|p1b: Supernova|spe|1
|move|p1a: BRAT|Close Combat|p2b: Archaludon
|-activate|p2b: Archaludon|move: Protect
|
|-weather|RainDance|[upkeep]
|upkeep
|
|t:|1757780843
|switch|p2a: Amoonguss|Amoonguss, L50, M, tera:Fairy|86/100
|turn|8
|
|t:|1757780873
|move|p2a: Amoonguss|Rage Powder|p2a: Amoonguss
|-singleturn|p2a: Amoonguss|move: Rage Powder
|move|p1b: Supernova|Haze|p1b: Supernova
|-clearallboost
|move|p2b: Archaludon|Electro Shot||[still]
|-prepare|p2b: Archaludon|Electro Shot
|-boost|p2b: Archaludon|spa|1
|-anim|p2b: Archaludon|Electro Shot|p1a: BRAT
|-damage|p1a: BRAT|12/100
|move|p1a: BRAT|Dire Claw|p2a: Amoonguss
|-supereffective|p2a: Amoonguss
|-crit|p2a: Amoonguss
|-damage|p2a: Amoonguss|0 fnt
|faint|p2a: Amoonguss
|
|-weather|none
|-sideend|p2: dontaskwhaticook|move: Tailwind
|upkeep
|
|t:|1757780886
|switch|p2a: Ursaluna|Ursaluna-Bloodmoon, L50, M|45/100
|turn|9
|
|t:|1757780910
|move|p2a: Ursaluna|Vacuum Wave|p1a: BRAT
|-resisted|p1a: BRAT
|-damage|p1a: BRAT|3/100
|move|p1a: BRAT|Close Combat|p2b: Archaludon
|-supereffective|p2b: Archaludon
|-damage|p2b: Archaludon|0 fnt
|-unboost|p1a: BRAT|def|1
|-unboost|p1a: BRAT|spd|1
|faint|p2b: Archaludon
|-enditem|p1a: BRAT|White Herb
|-clearnegativeboost|p1a: BRAT|[silent]
|move|p1b: Supernova|Scale Shot|p2a: Ursaluna
|-damage|p2a: Ursaluna|34/100
|-damage|p2a: Ursaluna|24/100
|-damage|p2a: Ursaluna|13/100
|-damage|p2a: Ursaluna|3/100
|-damage|p2a: Ursaluna|0 fnt
|faint|p2a: Ursaluna
|-hitcount|p2: Ursaluna|5
|
|win|is_katabo
|inactive|is_katabo has 30 seconds to confirm battle start!
|inactive|dontaskwhaticook has 30 seconds to confirm battle start!
||dontaskwhaticook is ready for game 2.
||dontaskwhaticook is ready for game 2.
|inactive|is_katabo has 20 seconds to confirm battle start!
||is_katabo is ready for game 2.
|uhtml|next|Next: Game 2 of 3
