|j|☆oxtepig2020
|j|☆endK649
|html|oxtepig2020endK649    
|uhtml|bestof|Game 2 of a best-of-3
|t:|1755070953
|gametype|doubles
|player|p1|oxtepig2020|buck|1152
|player|p2|endK649|gambler|1223
|gen|9
|tier|[Gen 9] VGC 2025 Reg H (Bo3)
|rated|
|rule|Species Clause: Limit one of each Pokémon
|rule|Item Clause: Limit 1 of each item
|clearpoke
|poke|p1|Maushold, L50|
|poke|p1|Annihilape, L50, M|
|poke|p1|Ninetales-Alola, L50, M|
|poke|p1|Dragonite, L50, F|
|poke|p1|Corviknight, L50, M|
|poke|p1|Armarouge, L50, M|
|poke|p2|Feraligatr, L50, F|
|poke|p2|Pelipper, L50, M|
|poke|p2|Archaludon, L50, F|
|poke|p2|Electabuzz, L50, F|
|poke|p2|Sneasler, L50, M|
|poke|p2|Tsareena, L50, F|
|teampreview|4
|showteam|p1|Maushold||WideLens|FriendGuard|Protect,FollowMe,PopulationBomb,Taunt||||||50|,,,,,Ghost]Annihilape||Leftovers|Defiant|Protect,RageFist,DrainPunch,BulkUp|||M|||50|,,,,,Water]Ninetales-Alola||FocusSash|SnowWarning|Protect,Blizzard,AuroraVeil,IcyWind|||M|||50|,,,,,Steel]Dragonite||LoadedDice|Multiscale|Protect,ExtremeSpeed,Haze,ScaleShot|||F|||50|,,,,,Normal]Corviknight||SitrusBerry|MirrorArmor|Tailwind,BraveBird,Roost,BodyPress|||M|||50|,,,,,Dragon]Armarouge||LifeOrb|FlashFire|Protect,ExpandingForce,HeatWave,ArmorCannon|||M|||50|,,,,,Grass
|showteam|p2|Feraligatr||LifeOrb|SheerForce|Liquidation,Crunch,DragonDance,Protect|||F|||50|,,,,,Dark]Pelipper||FocusSash|Drizzle|WeatherBall,Hurricane,Tailwind,Protect|||M|||50|,,,,,Stellar]Archaludon||AssaultVest|Stamina|FlashCannon,DracoMeteor,ElectroShot,BodyPress|||F|||50|,,,,,Bug]Electabuzz||Eviolite|VitalSpirit|FollowMe,Electroweb,Taunt,Protect|||F|||50|,,,,,Ghost]Sneasler||WhiteHerb|Unburden|CloseCombat,DireClaw,FakeOut,Coaching|||M|||50|,,,,,Ghost]Tsareena||WideLens|QueenlyMajesty|PowerWhip,TripleAxel,KnockOff,Protect|||F|||50|,,,,,Ice
|inactive|Battle timer is ON: inactive players will automatically lose when time's up. (requested by endK649)
|inactive|oxtepig2020 has 60 seconds left.
|
|t:|1755071027
|teamsize|p1|4
|teamsize|p2|4
|start
|switch|p1a: Maushold|Maushold, L50|100/100
|switch|p1b: Annihilape|Annihilape, L50, M|100/100
|switch|p2a: Archaludon|Archaludon, L50, F, shiny|100/100
|switch|p2b: Sneasler|Sneasler, L50, M, shiny|100/100
|turn|1
|inactive|endK649 has 30 seconds left.
|inactive|endK649 has 20 seconds left.
|
|t:|1755071066
|-terastallize|p1a: Maushold|Ghost
|move|p2b: Sneasler|Close Combat|p1a: Maushold
|-immune|p1a: Maushold
|move|p1a: Maushold|Population Bomb|p2b: Sneasler
|-damage|p2b: Sneasler|87/100
|-damage|p2b: Sneasler|73/100
|-damage|p2b: Sneasler|61/100
|-damage|p2b: Sneasler|49/100
|-damage|p2b: Sneasler|36/100
|-damage|p2b: Sneasler|23/100
|-damage|p2b: Sneasler|9/100
|-damage|p2b: Sneasler|0 fnt
|faint|p2b: Sneasler
|-hitcount|p2: Sneasler|8
|move|p1b: Annihilape|Bulk Up|p1b: Annihilape
|-boost|p1b: Annihilape|atk|1
|-boost|p1b: Annihilape|def|1
|move|p2a: Archaludon|Flash Cannon|p1a: Maushold
|-damage|p1a: Maushold|40/100
|
|upkeep
|
|t:|1755071072
|switch|p2b: Pelipper|Pelipper, L50, M, shiny|100/100
|-weather|RainDance|[from] ability: Drizzle|[of] p2b: Pelipper
|turn|2
|
|t:|1755071089
|-terastallize|p2a: Archaludon|Bug
|move|p2b: Pelipper|Protect|p2b: Pelipper
|-singleturn|p2b: Pelipper|Protect
|move|p1a: Maushold|Population Bomb|p2b: Pelipper
|-activate|p2b: Pelipper|move: Protect
|move|p1b: Annihilape|Rage Fist|p2b: Pelipper
|-activate|p2b: Pelipper|move: Protect
|move|p2a: Archaludon|Electro Shot||[still]
|-prepare|p2a: Archaludon|Electro Shot
|-boost|p2a: Archaludon|spa|1
|-anim|p2a: Archaludon|Electro Shot|p1a: Maushold
|-damage|p1a: Maushold|0 fnt
|faint|p1a: Maushold
|
|-weather|RainDance|[upkeep]
|upkeep
|
|t:|1755071093
|switch|p1a: Ninetales|Ninetales-Alola, L50, M|100/100
|-weather|Snowscape|[from] ability: Snow Warning|[of] p1a: Ninetales
|turn|3
|
|t:|1755071111
|move|p1a: Ninetales|Aurora Veil|p1a: Ninetales
|-sidestart|p1: oxtepig2020|move: Aurora Veil
|move|p1b: Annihilape|Rage Fist|p2b: Pelipper
|-damage|p2b: Pelipper|54/100
|move|p2a: Archaludon|Flash Cannon|p1a: Ninetales
|-supereffective|p1a: Ninetales
|-enditem|p1a: Ninetales|Focus Sash
|-damage|p1a: Ninetales|1/100
|move|p2b: Pelipper|Hurricane|p1b: Annihilape
|-supereffective|p1b: Annihilape
|-damage|p1b: Annihilape|33/100
|
|-weather|Snowscape|[upkeep]
|-heal|p1b: Annihilape|39/100|[from] item: Leftovers
|upkeep
|turn|4
|inactive|endK649 has 30 seconds left.
|
|t:|1755071137
|switch|p2b: Electabuzz|Electabuzz, L50, F, shiny|100/100
|move|p1a: Ninetales|Protect|p1a: Ninetales
|-singleturn|p1a: Ninetales|Protect
|move|p1b: Annihilape|Rage Fist|p2a: Archaludon
|-damage|p2a: Archaludon|50/100
|-ability|p2a: Archaludon|Stamina|boost
|-boost|p2a: Archaludon|def|1
|move|p2a: Archaludon|Draco Meteor|p1b: Annihilape
|-damage|p1b: Annihilape|0 fnt
|-unboost|p2a: Archaludon|spa|2
|faint|p1b: Annihilape
|
|-weather|Snowscape|[upkeep]
|upkeep
|
|t:|1755071148
|switch|p1b: Dragonite|Dragonite, L50, F|100/100
|turn|5
|inactive|endK649 has 30 seconds left.
|
|t:|1755071176
|move|p1a: Ninetales|Blizzard|p2b: Electabuzz|[spread] p2a,p2b
|-damage|p2a: Archaludon|24/100
|-damage|p2b: Electabuzz|77/100
|-status|p2b: Electabuzz|frz
|-ability|p2a: Archaludon|Stamina|boost
|-boost|p2a: Archaludon|def|1
|cant|p2b: Electabuzz|frz
|move|p1b: Dragonite|Scale Shot|p2a: Archaludon
|-damage|p2a: Archaludon|19/100
|-ability|p2a: Archaludon|Stamina|boost
|-boost|p2a: Archaludon|def|1
|-damage|p2a: Archaludon|15/100
|-ability|p2a: Archaludon|Stamina|boost
|-boost|p2a: Archaludon|def|1
|-damage|p2a: Archaludon|10/100
|-ability|p2a: Archaludon|Stamina|boost
|-boost|p2a: Archaludon|def|1
|-damage|p2a: Archaludon|7/100
|-ability|p2a: Archaludon|Stamina|boost
|-boost|p2a: Archaludon|def|1
|-damage|p2a: Archaludon|4/100
|-hitcount|p2a: Archaludon|5
|-unboost|p1b: Dragonite|def|1
|-boost|p1b: Dragonite|spe|1
|move|p2a: Archaludon|Flash Cannon|p1a: Ninetales
|-supereffective|p1a: Ninetales
|-crit|p1a: Ninetales
|-damage|p1a: Ninetales|0 fnt
|faint|p1a: Ninetales
|
|-weather|Snowscape|[upkeep]
|upkeep
|turn|6
|
|t:|1755071197
|cant|p2b: Electabuzz|frz
|move|p1b: Dragonite|Scale Shot|p2a: Archaludon
|-damage|p2a: Archaludon|0 fnt
|faint|p2a: Archaludon
|-hitcount|p2: Archaludon|1
|-unboost|p1b: Dragonite|def|1
|-boost|p1b: Dragonite|spe|1
|
|-weather|Snowscape|[upkeep]
|upkeep
|
|t:|1755071199
|switch|p2a: Pelipper|Pelipper, L50, M, shiny|54/100
|-weather|RainDance|[from] ability: Drizzle|[of] p2a: Pelipper
|turn|7
|
|t:|1755071213
|move|p2a: Pelipper|Protect|p2a: Pelipper
|-singleturn|p2a: Pelipper|Protect
|move|p1b: Dragonite|Scale Shot|p2a: Pelipper
|-activate|p2a: Pelipper|move: Protect
|cant|p2b: Electabuzz|frz
|
|-weather|RainDance|[upkeep]
|-sideend|p1: oxtepig2020|move: Aurora Veil
|upkeep
|turn|8
|
|t:|1755071218
|cant|p2b: Electabuzz|frz
|move|p1b: Dragonite|Scale Shot|p2a: Pelipper
|-damage|p2a: Pelipper|34/100
|-damage|p2a: Pelipper|13/100
|-damage|p2a: Pelipper|0 fnt
|faint|p2a: Pelipper
|-hitcount|p2: Pelipper|3
|-unboost|p1b: Dragonite|def|1
|-boost|p1b: Dragonite|spe|1
|
|-weather|RainDance|[upkeep]
|upkeep
|turn|9
|
|t:|1755071225
|move|p1b: Dragonite|Scale Shot|p2b: Electabuzz
|-damage|p2b: Electabuzz|61/100 frz
|-damage|p2b: Electabuzz|45/100 frz
|-damage|p2b: Electabuzz|27/100 frz
|-damage|p2b: Electabuzz|11/100 frz
|-hitcount|p2b: Electabuzz|4
|-unboost|p1b: Dragonite|def|1
|-boost|p1b: Dragonite|spe|1
|-curestatus|p2b: Electabuzz|frz|[msg]
|move|p2b: Electabuzz|Electroweb|p1b: Dragonite
|-damage|p1b: Dragonite|90/100
|-unboost|p1b: Dragonite|spe|1
|
|-weather|RainDance|[upkeep]
|upkeep
|turn|10
|
|t:|1755071231
|move|p1b: Dragonite|Extreme Speed|p2b: Electabuzz
|-damage|p2b: Electabuzz|0 fnt
|faint|p2b: Electabuzz
|
|win|oxtepig2020
|raw|oxtepig2020's rating: 1152 → 1182(+30 for winning)
|raw|endK649's rating: 1223 → 1193(-30 for losing)
|l|☆oxtepig2020
|player|p1|
