|j|☆MetMattone
|j|☆GholdengoMerchant7
|html|MetMattoneGholdengoMerchant7    
|uhtml|bestof|Game 1 of a best-of-3
|t:|1782751517
|gametype|doubles
|player|p1|MetMattone|iono|1254
|player|p2|GholdengoMerchant7|nate|1312
|gen|9
|tier|[Gen 9 Champions] VGC 2026 Reg M-B (Bo3)
|rated|
|rule|Species Clause: Limit one of each Pokémon
|rule|Item Clause: Limit 1 of each item
|clearpoke
|poke|p1|Swampert, L50, F|
|poke|p1|Pelipper, L50, F|
|poke|p1|Archaludon, L50, M|
|poke|p1|Sinistcha, L50|
|poke|p1|Basculegion, L50, M|
|poke|p1|Lopunny, L50, F|
|poke|p2|Blastoise, L50, M|
|poke|p2|Delphox, L50, F|
|poke|p2|Sneasler, L50, M|
|poke|p2|Incineroar, L50, M|
|poke|p2|Kingambit, L50, M|
|poke|p2|Sinistcha, L50|
|teampreview|4
|showteam|p1|Swampert||Swampertite|Torrent|Protect,HighHorsepower,WaveCrash,IcePunch|Jolly||F|||50|]Pelipper||SitrusBerry|Drizzle|Hurricane,WideGuard,Tailwind,WeatherBall|Modest||F|||50|]Archaludon||Leftovers|Stamina|ElectroShot,FlashCannon,DragonPulse,Protect|Modest||M|||50|]Sinistcha||KasibBerry|Hospitality|MatchaGotcha,RagePowder,LifeDew,TrickRoom|Bold|||||50|]Basculegion||LifeOrb|Adaptability|WaveCrash,LastRespects,AquaJet,Protect|Adamant||M|||50|]Lopunny||Lopunnite|Limber|Protect,RainDance,FakeOut,CloseCombat|Jolly||F|||50|
|showteam|p2|Blastoise||Blastoisinite|RainDish|WaterSpout,DarkPulse,ShellSmash,Protect|Modest||M|||50|]Delphox||Delphoxite|Blaze|HeatWave,Psyshock,NastyPlot,Protect|Timid||F|||50|]Sneasler||FocusSash|PoisonTouch|FakeOut,CloseCombat,DireClaw,QuickGuard|Jolly||M|||50|]Incineroar||SitrusBerry|Intimidate|FakeOut,FlareBlitz,PartingShot,HelpingHand|Impish||M|||50|]Kingambit||BlackGlasses|Defiant|KowtowCleave,SuckerPunch,SwordsDance,Protect|Adamant||M|||50|]Sinistcha||OccaBerry|Hospitality|MatchaGotcha,RagePowder,TrickRoom,Protect|Bold|||||50|
|inactive|Battle timer is ON: inactive players will automatically lose when time's up. (requested by GholdengoMerchant7)
|inactive|MetMattone has 60 seconds left.
|inactive|GholdengoMerchant7 has 60 seconds left.
|
|t:|1782751569
|teamsize|p1|4
|teamsize|p2|4
|start
|switch|p1a: Archaludon|Archaludon, L50, M|100/100
|switch|p1b: Lopunny|Lopunny, L50, F|100/100
|switch|p2a: Blastoise|Blastoise, L50, M|100/100
|switch|p2b: Incineroar|Incineroar, L50, M|100/100
|-ability|p2b: Incineroar|Intimidate|boost
|-unboost|p1a: Archaludon|atk|1
|-unboost|p1b: Lopunny|atk|1
|turn|1
|inactive|GholdengoMerchant7 has 30 seconds left.
|
|t:|1782751595
|detailschange|p1b: Lopunny|Lopunny-Mega, L50, F
|-mega|p1b: Lopunny|Lopunny|Lopunnite
|detailschange|p2a: Blastoise|Blastoise-Mega, L50, M
|-mega|p2a: Blastoise|Blastoise|Blastoisinite
|move|p2a: Blastoise|Protect|p2a: Blastoise
|-singleturn|p2a: Blastoise|Protect
|move|p1b: Lopunny|Rain Dance|p1b: Lopunny
|-weather|RainDance
|move|p1a: Archaludon|Electro Shot||[still]
|-prepare|p1a: Archaludon|Electro Shot
|-boost|p1a: Archaludon|spa|1
|-anim|p1a: Archaludon|Electro Shot|p2a: Blastoise
|-activate|p2a: Blastoise|move: Protect
|move|p2b: Incineroar|Parting Shot|p1a: Archaludon
|-unboost|p1a: Archaludon|atk|1
|-unboost|p1a: Archaludon|spa|1
|
|t:|1782751609
|switch|p2b: Sneasler|Sneasler, L50, M|100/100|[from] Parting Shot
|
|-weather|RainDance|[upkeep]
|upkeep
|turn|2
|
|t:|1782751631
|switch|p1b: Sinistcha|Sinistcha, L50|100/100
|move|p1a: Archaludon|Protect|p1a: Archaludon
|-singleturn|p1a: Archaludon|Protect
|move|p2b: Sneasler|Close Combat|p1a: Archaludon
|-activate|p1a: Archaludon|move: Protect
|move|p2a: Blastoise|Water Spout|p1a: Archaludon|[spread] p1b
|-activate|p1a: Archaludon|move: Protect
|-resisted|p1b: Sinistcha|1
|-damage|p1b: Sinistcha|45/100
|
|-weather|RainDance|[upkeep]
|upkeep
|turn|3
|
|t:|1782751653
|switch|p2a: Sinistcha|Sinistcha, L50|100/100
|move|p2b: Sneasler|Dire Claw|p1b: Sinistcha
|-damage|p1b: Sinistcha|16/100
|move|p1a: Archaludon|Electro Shot||[still]
|-prepare|p1a: Archaludon|Electro Shot
|-boost|p1a: Archaludon|spa|1
|-anim|p1a: Archaludon|Electro Shot|p2a: Sinistcha
|-resisted|p2a: Sinistcha|1
|-damage|p2a: Sinistcha|68/100
|move|p1b: Sinistcha|Matcha Gotcha|p2b: Sneasler|[spread] p2a,p2b
|-resisted|p2a: Sinistcha|1
|-resisted|p2b: Sneasler|1
|-damage|p2a: Sinistcha|57/100
|-heal|p1b: Sinistcha|21/100|[from] drain|[of] p2a: Sinistcha
|-damage|p2b: Sneasler|84/100
|-heal|p1b: Sinistcha|28/100|[from] drain|[of] p2b: Sneasler
|
|-weather|RainDance|[upkeep]
|upkeep
|turn|4
|inactive|GholdengoMerchant7 has 30 seconds left.
|inactive|GholdengoMerchant7 has 20 seconds left.
|inactive|GholdengoMerchant7 has 15 seconds left.
|
|t:|1782751694
|move|p2a: Sinistcha|Rage Powder|p2a: Sinistcha
|-singleturn|p2a: Sinistcha|move: Rage Powder
|move|p2b: Sneasler|Dire Claw|p1b: Sinistcha
|-damage|p1b: Sinistcha|0 fnt
|faint|p1b: Sinistcha
|move|p1a: Archaludon|Electro Shot||[still]
|-prepare|p1a: Archaludon|Electro Shot
|-boost|p1a: Archaludon|spa|1
|-anim|p1a: Archaludon|Electro Shot|p2a: Sinistcha
|-resisted|p2a: Sinistcha|1
|-damage|p2a: Sinistcha|15/100
|
|-weather|RainDance|[upkeep]
|upkeep
|
|t:|1782751714
|switch|p1b: Basculegion|Basculegion, L50, M|100/100
|turn|5
|
|t:|1782751726
|switch|p2b: Incineroar|Incineroar, L50, M|100/100
|-ability|p2b: Incineroar|Intimidate|boost
|-unboost|p1a: Archaludon|atk|1
|-unboost|p1b: Basculegion|atk|1
|move|p1b: Basculegion|Last Respects|p2b: Incineroar
|-resisted|p2b: Incineroar|1
|-damage|p2b: Incineroar|74/100
|-damage|p1b: Basculegion|90/100|[from] item: Life Orb
|move|p1a: Archaludon|Electro Shot||[still]
|-prepare|p1a: Archaludon|Electro Shot
|-boost|p1a: Archaludon|spa|1
|-anim|p1a: Archaludon|Electro Shot|p2a: Sinistcha
|-resisted|p2a: Sinistcha|1
|-damage|p2a: Sinistcha|0 fnt
|faint|p2a: Sinistcha
|
|-weather|none
|upkeep
|
|t:|1782751741
|switch|p2a: Blastoise|Blastoise-Mega, L50, M|100/100
|turn|6
|inactive|GholdengoMerchant7 has 30 seconds left.
|
|t:|1782751776
|switch|p1b: Lopunny|Lopunny-Mega, L50, F|100/100
|move|p2a: Blastoise|Dark Pulse|p1b: Lopunny
|-resisted|p1b: Lopunny|1
|-damage|p1b: Lopunny|71/100
|move|p1a: Archaludon|Dragon Pulse|p2b: Incineroar
|-damage|p2b: Incineroar|0 fnt
|faint|p2b: Incineroar
|
|upkeep
|
|t:|1782751786
|switch|p2b: Sneasler|Sneasler, L50, M|84/100
|turn|7
|
|t:|1782751795
|move|p1b: Lopunny|Fake Out|p2b: Sneasler
|-damage|p2b: Sneasler|50/100g
|cant|p2b: Sneasler|flinch
|move|p2a: Blastoise|Water Spout|p1b: Lopunny|[spread] p1a,p1b
|-resisted|p1a: Archaludon|1
|-damage|p1a: Archaludon|69/100
|-damage|p1b: Lopunny|0 fnt
|-ability|p1a: Archaludon|Stamina|boost
|-boost|p1a: Archaludon|def|1
|faint|p1b: Lopunny
|move|p1a: Archaludon|Dragon Pulse|p2b: Sneasler
|-damage|p2b: Sneasler|0 fnt
|faint|p2b: Sneasler
|
|-heal|p1a: Archaludon|75/100|[from] item: Leftovers
|upkeep
|
|t:|1782751809
|switch|p1b: Basculegion|Basculegion, L50, M|90/100
|turn|8
|
|t:|1782751813
|move|p2a: Blastoise|Water Spout|p1b: Basculegion|[spread] p1a,p1b
|-resisted|p1a: Archaludon|1
|-resisted|p1b: Basculegion|1
|-damage|p1a: Archaludon|43/100
|-damage|p1b: Basculegion|54/100
|-ability|p1a: Archaludon|Stamina|boost
|-boost|p1a: Archaludon|def|1
|move|p1b: Basculegion|Last Respects|p2a: Blastoise
|-damage|p2a: Blastoise|0 fnt
|faint|p2a: Blastoise
|-damage|p1b: Basculegion|44/100|[from] item: Life Orb
|
|win|MetMattone
