|j|☆Duyheeee
|j|☆SpeShadow
|html|DuyheeeeSpeShadow    
|uhtml|bestof|Game 2 of a best-of-3
|t:|1785404017
|gametype|doubles
|player|p1|Duyheeee|lass|
|player|p2|SpeShadow|kieran-champion|
|gen|9
|tier|[Gen 9 Champions] VGC 2026 Reg M-B (Bo3)
|rule|Species Clause: Limit one of each Pokémon
|rule|Item Clause: Limit 1 of each item
|clearpoke
|poke|p1|Staraptor, L50, F|
|poke|p1|Camerupt, L50, M|
|poke|p1|Farigiraf, L50, M|
|poke|p1|Kingambit, L50, F|
|poke|p1|Hatterene, L50, F|
|poke|p1|Scrafty, L50, F|
|poke|p2|Garchomp, L50, F, shiny|
|poke|p2|Venusaur, L50, M|
|poke|p2|Incineroar, L50, M|
|poke|p2|Charizard, L50, F, shiny|
|poke|p2|Toxapex, L50, M|
|poke|p2|Annihilape, L50, M, shiny|
|teampreview|4
|showteam|p1|Staraptor||ChoiceScarf|Reckless|FinalGambit,Uturn,BraveBird,CloseCombat|Jolly||F|||50|]Camerupt||Cameruptite|SolidRock|HeatWave,Eruption,EarthPower,Protect|Quiet||M|||50|]Farigiraf||SitrusBerry|ArmorTail|Psychic,TrickRoom,HelpingHand,Roar|Relaxed||M|||50|]Kingambit||FocusSash|Defiant|KowtowCleave,IronHead,SuckerPunch,Protect|Brave||F|||50|]Hatterene||LifeOrb|MagicBounce|Protect,Psychic,TrickRoom,DazzlingGleam|Quiet||F|||50|]Scrafty||Scraftinite|Intimidate|CloseCombat,FakeOut,KnockOff,Taunt|Brave||F|||50|
|showteam|p2|Garchomp||ChoiceScarf|RoughSkin|Earthquake,RockSlide,DragonClaw,StompingTantrum|Adamant||F|||50|]Venusaur||LifeOrb|Chlorophyll|SludgeBomb,SolarBeam,EarthPower,Protect|Modest||M|||50|]Incineroar||SitrusBerry|Intimidate|FakeOut,FlareBlitz,ThroatChop,PartingShot|Impish||M|||50|]Charizard||CharizarditeY|Blaze|HeatWave,WeatherBall,Protect,HelpingHand|Modest||F|||50|]Toxapex||Leftovers|Regenerator|Infestation,Toxic,WideGuard,BanefulBunker|Bold||M|||50|]Annihilape||FocusSash|Defiant|CloseCombat,PhantomForce,RockTomb,Protect|Jolly||M|||50|
|inactive|Battle timer is ON: inactive players will automatically lose when time's up. (requested by SpeShadow)
|
|t:|1785404040
|teamsize|p1|4
|teamsize|p2|4
|start
|switch|p1a: Farigiraf|Farigiraf, L50, M|100/100
|switch|p1b: Staraptor|Staraptor, L50, F|100/100
|switch|p2a: Incineroar|Incineroar, L50, M|100/100
|switch|p2b: Garchomp|Garchomp, L50, F, shiny|100/100
|-ability|p2a: Incineroar|Intimidate|boost
|-unboost|p1a: Farigiraf|atk|1
|-unboost|p1b: Staraptor|atk|1
|turn|1
|
|t:|1785404059
|move|p1b: Staraptor|Final Gambit|p2b: Garchomp
|-damage|p2b: Garchomp|1/100
|faint|p1b: Staraptor
|move|p2b: Garchomp|Rock Slide|p1a: Farigiraf
|-damage|p1a: Farigiraf|80/100
|move|p2a: Incineroar|Throat Chop|p1a: Farigiraf
|-supereffective|p1a: Farigiraf|1
|-damage|p1a: Farigiraf|34/100
|-start|p1a: Farigiraf|Throat Chop|[silent]
|-enditem|p1a: Farigiraf|Sitrus Berry|[eat]
|-heal|p1a: Farigiraf|59/100|[from] item: Sitrus Berry
|cant|p1a: Farigiraf|flinch
|
|upkeep
|
|t:|1785404073
|switch|p1b: Hatterene|Hatterene, L50, F|100/100
|turn|2
|
|t:|1785404087
|move|p2b: Garchomp|Rock Slide|p1a: Farigiraf|[spread] p1a,p1b
|-damage|p1a: Farigiraf|41/100
|-damage|p1b: Hatterene|73/100
|move|p2a: Incineroar|Parting Shot|p1b: Hatterene
|move|p1b: Hatterene|Parting Shot|p2a: Incineroar|[from] ability: Magic Bounce
|-unboost|p2a: Incineroar|atk|1
|-unboost|p2a: Incineroar|spa|1
|
|t:|1785404094
|switch|p1b: Camerupt|Camerupt, L50, M|100/100|[from] Parting Shot
|cant|p1a: Farigiraf|flinch
|
|-end|p1a: Farigiraf|Throat Chop|[silent]
|upkeep
|turn|3
|
|t:|1785404108
|move|p1b: Camerupt|Protect|p1b: Camerupt
|-singleturn|p1b: Camerupt|Protect
|move|p2b: Garchomp|Rock Slide|p1a: Farigiraf|[spread] p1a
|-activate|p1b: Camerupt|move: Protect
|-damage|p1a: Farigiraf|26/100
|move|p2a: Incineroar|Throat Chop|p1a: Farigiraf
|-supereffective|p1a: Farigiraf|1
|-damage|p1a: Farigiraf|0 fnt
|faint|p1a: Farigiraf
|
|upkeep
|
|t:|1785404115
|switch|p1a: Hatterene|Hatterene, L50, F|73/100
|turn|4
|
|t:|1785404125
|detailschange|p1b: Camerupt|Camerupt-Mega, L50, M
|-mega|p1b: Camerupt|Camerupt|Cameruptite
|move|p2b: Garchomp|Rock Slide|p1a: Hatterene|[spread] p1a,p1b
|-crit|p1b: Camerupt
|-damage|p1a: Hatterene|50/100g
|-damage|p1b: Camerupt|68/100
|move|p2a: Incineroar|Parting Shot|p1b: Camerupt
|-unboost|p1b: Camerupt|atk|1
|-unboost|p1b: Camerupt|spa|1
|
|t:|1785404131
|switch|p2a: Charizard|Charizard, L50, F, shiny|100/100|[from] Parting Shot
|move|p1b: Camerupt|Earth Power|p2a: Charizard
|-immune|p2a: Charizard
|cant|p1a: Hatterene|flinch
|
|upkeep
|turn|5
|-message|Duyheeee forfeited.
|
|win|SpeShadow
||Duyheeee is ready for game 3.
