|j|☆krazeelel
|j|☆Ceriii
|html|krazeelelCeriii    
|uhtml|bestof|Game 1 of a best-of-3
|t:|1784416853
|gametype|doubles
|player|p1|krazeelel|2|
|player|p2|Ceriii|miku-flying|
|gen|9
|tier|[Gen 9 Champions] VGC 2026 Reg M-B (Bo3)
|rule|Species Clause: Limit one of each Pokémon
|rule|Item Clause: Limit 1 of each item
|clearpoke
|poke|p1|Empoleon, L50, M|
|poke|p1|Ampharos, L50, F, shiny|
|poke|p1|Mr. Rime, L50, M|
|poke|p1|Wyrdeer, L50, M|
|poke|p1|Krookodile, L50, M|
|poke|p1|Hawlucha, L50, M|
|poke|p2|Altaria, L50, M|
|poke|p2|Salazzle, L50, F|
|poke|p2|Blastoise, L50, F|
|poke|p2|Rotom-Mow, L50|
|poke|p2|Mudsdale, L50, F|
|poke|p2|Ariados, L50, F|
|teampreview|4
|showteam|p1|Empoleon||LifeOrb|Competitive|HydroPump,FlashCannon,GrassKnot,Protect|Quiet||M|||50|]Ampharos||Ampharosite|Static|Thunderbolt,DragonPulse,DazzlingGleam,Protect|Quiet||F|||50|]Mr. Rime||FocusSash|ScreenCleaner|IceBeam,SheerCold,FakeOut,Hypnosis|Quiet||M|||50|]Wyrdeer||MentalHerb|Intimidate|TrickRoom,Hypnosis,PsyshieldBash,Gravity|Sassy||M|||50|]Krookodile||ChoiceScarf|Moxie|Fissure,HighHorsepower,KnockOff,Earthquake|Adamant||M|||50|]Hawlucha||Hawluchanite|Limber|Entrainment,CloseCombat,BraveBird,Protect|Jolly||M|||50|
|showteam|p2|Altaria||Altarianite|NaturalCure|HyperVoice,Roost,WillOWisp,Protect|Modest||M|||50|]Salazzle||FocusSash|Corrosion|FakeOut,HeatWave,Encore,SludgeBomb|Hasty||F|||50|]Blastoise||SitrusBerry|RainDish|FakeOut,WaveCrash,Yawn,AquaJet|Adamant||F|||50|]Rotom-Mow||OccaBerry|Levitate|Electroweb,LightScreen,LeafStorm,Thunderbolt|Timid|||||50|]Mudsdale||Leftovers|Stamina|BodyPress,HighHorsepower,HeavySlam,Protect|Adamant||F|||50|]Ariados||ScopeLens|Sniper|CrossPoison,Protect,RagePowder,StringShot|Jolly||F|||50|
|
|t:|1784416904
|teamsize|p1|4
|teamsize|p2|4
|start
|switch|p1a: Wyrdeer|Wyrdeer, L50, M|100/100
|switch|p1b: Mr. Rime|Mr. Rime, L50, M|100/100
|switch|p2a: Salazzle|Salazzle, L50, F|100/100
|switch|p2b: Altaria|Altaria, L50, M|100/100
|-ability|p1a: Wyrdeer|Intimidate|boost
|-unboost|p2a: Salazzle|atk|1
|-unboost|p2b: Altaria|atk|1
|turn|1
|
|t:|1784416922
|detailschange|p2b: Altaria|Altaria-Mega, L50, M
|-mega|p2b: Altaria|Altaria|Altarianite
|move|p2a: Salazzle|Fake Out|p1a: Wyrdeer
|-damage|p1a: Wyrdeer|95/100
|move|p1b: Mr. Rime|Fake Out|p2b: Altaria
|-damage|p2b: Altaria|92/100
|cant|p2b: Altaria|flinch
|cant|p1a: Wyrdeer|flinch
|
|upkeep
|turn|2
|
|t:|1784416948
|switch|p1b: Empoleon|Empoleon, L50, M|100/100
|move|p2a: Salazzle|Encore||[still]
|-fail|p2a: Salazzle
|move|p2b: Altaria|Hyper Voice|p1b: Empoleon|[spread] p1a,p1b
|-resisted|p1b: Empoleon|1
|-damage|p1a: Wyrdeer|63/100
|-damage|p1b: Empoleon|82/100
|move|p1a: Wyrdeer|Trick Room|p1a: Wyrdeer
|-fieldstart|move: Trick Room|[of] p1a: Wyrdeer
|
|upkeep
|turn|3
|
|t:|1784416976
|switch|p2b: Mudsdale|Mudsdale, L50, F|100/100
|switch|p2a: Ariados|Ariados, L50, F|100/100
|move|p1b: Empoleon|Hydro Pump|p2a: Ariados
|-damage|p2a: Ariados|0 fnt
|faint|p2a: Ariados
|-damage|p1b: Empoleon|72/100|[from] item: Life Orb
|move|p1a: Wyrdeer|Psyshield Bash|p2b: Mudsdale
|-damage|p2b: Mudsdale|71/100
|-boost|p1a: Wyrdeer|def|1
|-ability|p2b: Mudsdale|Stamina|boost
|-boost|p2b: Mudsdale|def|1
|
|-heal|p2b: Mudsdale|77/100|[from] item: Leftovers
|upkeep
|
|t:|1784416985
|switch|p2a: Salazzle|Salazzle, L50, F|100/100
|turn|4
|
|t:|1784416998
|move|p1b: Empoleon|Protect|p1b: Empoleon
|-singleturn|p1b: Empoleon|Protect
|move|p2a: Salazzle|Fake Out|p1a: Wyrdeer
|-damage|p1a: Wyrdeer|58/100
|move|p2b: Mudsdale|High Horsepower|p1b: Empoleon
|-activate|p1b: Empoleon|move: Protect
|cant|p1a: Wyrdeer|flinch
|
|-heal|p2b: Mudsdale|83/100|[from] item: Leftovers
|upkeep
|turn|5
|
|t:|1784417017
|switch|p2a: Altaria|Altaria-Mega, L50, M|92/100
|move|p2b: Mudsdale|High Horsepower|p1b: Empoleon
|-supereffective|p1b: Empoleon|1
|-damage|p1b: Empoleon|0 fnt
|faint|p1b: Empoleon
|move|p1a: Wyrdeer|Gravity|p1a: Wyrdeer
|-fieldstart|move: Gravity
|
|-heal|p2b: Mudsdale|89/100|[from] item: Leftovers
|upkeep
|
|t:|1784417026
|switch|p1b: Mr. Rime|Mr. Rime, L50, M|100/100
|turn|6
|
|t:|1784417054
|move|p1b: Mr. Rime|Fake Out|p2b: Mudsdale
|-damage|p2b: Mudsdale|84/100
|-ability|p2b: Mudsdale|Stamina|boost
|-boost|p2b: Mudsdale|def|1
|cant|p2b: Mudsdale|flinch
|move|p1a: Wyrdeer|Psyshield Bash|p2a: Altaria
|-damage|p2a: Altaria|62/100
|-boost|p1a: Wyrdeer|def|1
|move|p2a: Altaria|Hyper Voice|p1a: Wyrdeer|[spread] p1a,p1b
|-damage|p1a: Wyrdeer|28/100
|-damage|p1b: Mr. Rime|61/100
|
|-heal|p2b: Mudsdale|89/100|[from] item: Leftovers
|-fieldend|move: Trick Room
|upkeep
|turn|7
|
|t:|1784417099
|switch|p1a: Ampharos|Ampharos, L50, F, shiny|100/100
|move|p2a: Altaria|Hyper Voice|p1a: Ampharos|[spread] p1a,p1b
|-crit|p1a: Ampharos
|-damage|p1a: Ampharos|34/100
|-damage|p1b: Mr. Rime|21/100
|move|p1b: Mr. Rime|Hypnosis|p2b: Mudsdale
|-status|p2b: Mudsdale|slp|[from] move: Hypnosis
|cant|p2b: Mudsdale|slp
|
|-heal|p2b: Mudsdale|95/100 slp|[from] item: Leftovers
|upkeep
|turn|8
|c|☆krazeelel|damn crit
|
|t:|1784417151
|move|p2a: Altaria|Hyper Voice|p1b: Mr. Rime|[spread] p1a,p1b
|-damage|p1a: Ampharos|0 fnt
|-damage|p1b: Mr. Rime|0 fnt
|faint|p1a: Ampharos
|faint|p1b: Mr. Rime
|cant|p2b: Mudsdale|slp
|
|-heal|p2b: Mudsdale|100/100 slp|[from] item: Leftovers
|upkeep
|
|t:|1784417159
|switch|p1b: Wyrdeer|Wyrdeer, L50, M|28/100
|-ability|p1b: Wyrdeer|Intimidate|boost
|-unboost|p2a: Altaria|atk|1
|-unboost|p2b: Mudsdale|atk|1
|turn|9
|
|t:|1784417165
|move|p2a: Altaria|Hyper Voice|p1b: Wyrdeer
|-damage|p1b: Wyrdeer|0 fnt
|faint|p1b: Wyrdeer
|
|win|Ceriii
||Ceriii is ready for game 2.
||krazeelel is ready for game 2.
|uhtml|next|Next: Game 2 of 3
