|j|☆sbhaga34
|j|☆beeetch
|html|sbhaga34beeetch    
|uhtml|bestof|Game 2 of a best-of-3
|t:|1755554652
|gametype|doubles
|player|p1|sbhaga34|hugh|1186
|player|p2|beeetch|beauty-gen4dp|1294
|gen|9
|tier|[Gen 9] VGC 2025 Reg H (Bo3)
|rated|
|rule|Species Clause: Limit one of each Pokémon
|rule|Item Clause: Limit 1 of each item
|clearpoke
|poke|p1|Indeedee-F, L50, F|
|poke|p1|Corviknight, L50, F|
|poke|p1|Tyranitar, L50, M|
|poke|p1|Excadrill, L50, F|
|poke|p1|Gardevoir, L50, M|
|poke|p1|Ursaluna-Bloodmoon, L50, M|
|poke|p2|Toedscruel, L50, F|
|poke|p2|Weezing-Galar, L50, M|
|poke|p2|Corviknight, L50, F|
|poke|p2|Pawmot, L50, F|
|poke|p2|Garchomp, L50, M|
|poke|p2|Typhlosion-Hisui, L50, M|
|teampreview|4
|showteam|p1|Indeedee-F||SafetyGoggles|PsychicSurge|FollowMe,TrickRoom,Imprison,Psychic|||F|||50|,,,,,Fairy]Corviknight||CovertCloak|MirrorArmor|BraveBird,BodyPress,BulkUp,Tailwind|||F|||50|,,,,,Fighting]Tyranitar||WeaknessPolicy|SandStream|RockSlide,KnockOff,LowKick,Protect|||M|||50|,,,,,Flying]Excadrill||FocusSash|SandRush|Earthquake,IronHead,SwordsDance,Protect|||F|||50|,,,,,Ground]Gardevoir||ChoiceScarf|Telepathy|ExpandingForce,DazzlingGleam,Moonblast,IcyWind|||M|||50|,,,,,Psychic]Ursaluna-Bloodmoon||LifeOrb|MindsEye|BloodMoon,HyperVoice,EarthPower,Protect|||M|||50|,,,,,Normal
|showteam|p2|Toedscruel||CovertCloak|MyceliumMight|Spore,EarthPower,AcidSpray,RagePowder|||F|||50|,,,,,Water]Weezing-Galar||ChoiceSpecs|NeutralizingGas|DazzlingGleam,SludgeBomb,StrangeSteam,Flamethrower|||M|||50|,,,,,Fire]Corviknight||SitrusBerry|MirrorArmor|Protect,Tailwind,Roost,BraveBird|||F|||50|,,,,,Dragon]Pawmot||FocusSash|NaturalCure|Protect,CloseCombat,DoubleShock,FakeOut|||F|||50|,,,,,Electric]Garchomp||LifeOrb|RoughSkin|Protect,Earthquake,DragonClaw,StompingTantrum|||M|||50|,,,,,Ground]Typhlosion-Hisui||ChoiceScarf|Blaze|Eruption,SleepTalk,HeatWave,ShadowBall|||M|||50|,,,,,Fire
|
|t:|1755554658
|teamsize|p1|4
|teamsize|p2|4
|start
|switch|p1a: Indeedee|Indeedee-F, L50, F|100/100
|switch|p1b: Gardevoir|Gardevoir, L50, M, shiny|100/100
|switch|p2a: Weezing|Weezing-Galar, L50, M|100/100
|switch|p2b: Typhlosion|Typhlosion-Hisui, L50, M|100/100
|-ability|p2a: Weezing|Neutralizing Gas
|turn|1
|
|t:|1755554671
|-terastallize|p2b: Typhlosion|Fire
|-terastallize|p1b: Gardevoir|Psychic
|move|p2b: Typhlosion|Eruption|p1a: Indeedee|[spread] p1a,p1b
|-damage|p1a: Indeedee|30/100
|-damage|p1b: Gardevoir|18/100
|move|p1b: Gardevoir|Expanding Force|p2a: Weezing
|-supereffective|p2a: Weezing
|-damage|p2a: Weezing|0 fnt
|faint|p2a: Weezing
|-end|p2a: Weezing|ability: Neutralizing Gas
|-fieldstart|move: Psychic Terrain|[from] ability: Psychic Surge|[of] p1a: Indeedee
|move|p1a: Indeedee|Psychic|p2b: Typhlosion
|-damage|p2b: Typhlosion|48/100
|
|upkeep
|
|t:|1755554686
|switch|p2a: Corviknight|Corviknight, L50, F|100/100
|turn|2
|
|t:|1755554709
|switch|p1b: Tyranitar|Tyranitar, L50, M|100/100
|-weather|Sandstorm|[from] ability: Sand Stream|[of] p1b: Tyranitar
|move|p2b: Typhlosion|Eruption|p1b: Tyranitar|[spread] p1a,p1b
|-resisted|p1b: Tyranitar
|-damage|p1a: Indeedee|0 fnt
|-damage|p1b: Tyranitar|88/100
|faint|p1a: Indeedee
|move|p2a: Corviknight|Tailwind|p2a: Corviknight
|-sidestart|p2: beeetch|move: Tailwind
|
|-weather|Sandstorm|[upkeep]
|-damage|p2b: Typhlosion|42/100|[from] Sandstorm
|upkeep
|
|t:|1755554720
|switch|p1a: Ursaluna|Ursaluna-Bloodmoon, L50, M|100/100
|turn|3
|
|t:|1755554746
|move|p2b: Typhlosion|Eruption|p1b: Tyranitar|[spread] p1a,p1b
|-resisted|p1b: Tyranitar
|-damage|p1a: Ursaluna|67/100
|-damage|p1b: Tyranitar|77/100
|move|p2a: Corviknight|Brave Bird|p1a: Ursaluna
|-damage|p1a: Ursaluna|31/100
|-damage|p2a: Corviknight|89/100|[from] Recoil
|move|p1b: Tyranitar|Knock Off|p2a: Corviknight
|-damage|p2a: Corviknight|43/100
|-enditem|p2a: Corviknight|Sitrus Berry|[from] move: Knock Off|[of] p1b: Tyranitar
|move|p1a: Ursaluna|Blood Moon|p2a: Corviknight
|-resisted|p2a: Corviknight
|-damage|p2a: Corviknight|0 fnt
|faint|p2a: Corviknight
|-damage|p1a: Ursaluna|21/100|[from] item: Life Orb
|
|-weather|Sandstorm|[upkeep]
|-damage|p2b: Typhlosion|36/100|[from] Sandstorm
|upkeep
|
|t:|1755554759
|switch|p2a: Garchomp|Garchomp, L50, M|100/100
|turn|4
|
|t:|1755554792
|move|p1b: Tyranitar|Protect|p1b: Tyranitar
|-singleturn|p1b: Tyranitar|Protect
|move|p1a: Ursaluna|Protect|p1a: Ursaluna
|-singleturn|p1a: Ursaluna|Protect
|move|p2b: Typhlosion|Eruption|p1a: Ursaluna|[spread] 
|-activate|p1a: Ursaluna|move: Protect
|-activate|p1b: Tyranitar|move: Protect
|move|p2a: Garchomp|Stomping Tantrum|p1b: Tyranitar
|-activate|p1b: Tyranitar|move: Protect
|
|-weather|Sandstorm|[upkeep]
|-damage|p2b: Typhlosion|30/100|[from] Sandstorm
|upkeep
|turn|5
|
|t:|1755554812
|move|p2b: Typhlosion|Eruption|p1a: Ursaluna|[spread] p1a,p1b
|-resisted|p1b: Tyranitar
|-damage|p1a: Ursaluna|0 fnt
|-damage|p1b: Tyranitar|66/100
|faint|p1a: Ursaluna
|move|p2a: Garchomp|Stomping Tantrum|p1b: Tyranitar
|-supereffective|p1b: Tyranitar
|-damage|p1b: Tyranitar|0 fnt
|faint|p1b: Tyranitar
|-damage|p2a: Garchomp|91/100|[from] item: Life Orb
|
|-weather|Sandstorm|[upkeep]
|-damage|p2b: Typhlosion|24/100|[from] Sandstorm
|-sideend|p2: beeetch|move: Tailwind
|-fieldend|move: Psychic Terrain
|upkeep
|j| K4ren
|l| K4ren
|-message|sbhaga34 forfeited.
|
|win|beeetch
|raw|sbhaga34's rating: 1186 → 1169(-17 for losing)
|raw|beeetch's rating: 1294 → 1311(+17 for winning)
|l|☆sbhaga34
|player|p1|
