|j|☆zwehtut8
|j|☆lilrainteamwahoo
|html|zwehtut8lilrainteamwahoo    
|uhtml|bestof|Game 2 of a best-of-3
|t:|1756999901
|gametype|doubles
|player|p1|zwehtut8|101|1000
|player|p2|lilrainteamwahoo|baker|1080
|gen|9
|tier|[Gen 9] VGC 2025 Reg H (Bo3)
|rated|
|rule|Species Clause: Limit one of each Pokémon
|rule|Item Clause: Limit 1 of each item
|clearpoke
|poke|p1|Ursaluna-Bloodmoon, L50, M|
|poke|p1|Oranguru, L50, F|
|poke|p1|Torkoal, L50, F|
|poke|p1|Typhlosion-Hisui, L50, F|
|poke|p1|Whimsicott, L50, M|
|poke|p1|Annihilape, L50, M|
|poke|p2|Archaludon, L50, M|
|poke|p2|Pelipper, L50, M|
|poke|p2|Indeedee, L50, M|
|poke|p2|Amoonguss, L50, F|
|poke|p2|Basculegion, L50, M|
|poke|p2|Hydreigon, L50, F|
|teampreview|4
|showteam|p1|Ursaluna-Bloodmoon||AssaultVest|MindsEye|BloodMoon,EarthPower,Moonblast,HyperVoice|||M|||50|,,,,,Fairy]Oranguru||AguavBerry|InnerFocus|TrickRoom,Instruct,Thunderbolt,Protect|||F|||50|,,,,,Normal]Torkoal||AirBalloon|Drought|Protect,Overheat,SolarBeam,WeatherBall|||F|||50|,,,,,Fire]Typhlosion-Hisui||LifeOrb|Blaze|Eruption,ShadowBall,BlastBurn,FocusBlast|||F|||50|,,,,,Fire]Whimsicott||FocusSash|Prankster|Tailwind,Moonblast,Encore,Protect|||M|||50|,,,,,Grass]Annihilape||ChoiceScarf|VitalSpirit|Uturn,CloseCombat,RageFist,FinalGambit|||M|||50|,,,,,Fighting
|showteam|p2|Archaludon||AssaultVest|Stamina|ElectroShot,DracoMeteor,BodyPress,FlashCannon|||M|||50|,,,,,Grass]Pelipper||FocusSash|Drizzle|WeatherBall,Hurricane,Tailwind,Protect|||M|||50|,,,,,Ghost]Indeedee||ChoiceScarf|PsychicSurge|ExpandingForce,TeraBlast,Trick,DazzlingGleam|||M|||50|,,,,,Ground]Amoonguss||SitrusBerry|Regenerator|Spore,SludgeBomb,Protect,RagePowder|||F|||50|,,,,,Water]Basculegion||ChoiceBand|SwiftSwim|FlipTurn,WaveCrash,LastRespects,AquaJet|||M|||50|,,,,,Poison]Hydreigon||CovertCloak|Levitate|Taunt,Snarl,DracoMeteor,EarthPower|||F|||50|,,,,,Fairy
|inactive|Battle timer is ON: inactive players will automatically lose when time's up. (requested by zwehtut8)
|
|t:|1756999916
|teamsize|p1|4
|teamsize|p2|4
|start
|switch|p1a: Typhlosion|Typhlosion-Hisui, L50, F|100/100
|switch|p1b: Torkoal|Torkoal, L50, F|100/100
|switch|p2a: Piedragon|Hydreigon, L50, F|100/100
|switch|p2b: Schmooner|Amoonguss, L50, F|100/100
|-weather|SunnyDay|[from] ability: Drought|[of] p1b: Torkoal
|-item|p1b: Torkoal|Air Balloon
|turn|1
|inactive|lilrainteamwahoo has 30 seconds left.
|inactive|zwehtut8 has 30 seconds left.
|inactive|lilrainteamwahoo has 20 seconds left.
|inactive|lilrainteamwahoo has 15 seconds left.
|inactive|lilrainteamwahoo has 10 seconds left.
|inactive|lilrainteamwahoo has 5 seconds left.
|
|t:|1756999971
|switch|p1a: Annihilape|Annihilape, L50, M|100/100
|move|p2a: Piedragon|Taunt|p1a: Annihilape
|-start|p1a: Annihilape|move: Taunt
|move|p2b: Schmooner|Spore|p1a: Annihilape
|-immune|p1a: Annihilape|[from] ability: Vital Spirit
|move|p1b: Torkoal|Weather Ball|p2a: Piedragon
|-resisted|p2a: Piedragon
|-damage|p2a: Piedragon|67/100
|
|-weather|SunnyDay|[upkeep]
|upkeep
|turn|2
|inactive|zwehtut8 has 30 seconds left.
|inactive|lilrainteamwahoo has 30 seconds left.
|
|t:|1757000006
|-terastallize|p2b: Schmooner|Water
|move|p1a: Annihilape|U-turn|p2a: Piedragon
|-supereffective|p2a: Piedragon
|-damage|p2a: Piedragon|22/100
|
|t:|1757000010
|switch|p1a: Whimsicott|Whimsicott, L50, M|100/100|[from] U-turn
|move|p2a: Piedragon|Snarl|p1b: Torkoal|[spread] p1b
|-miss|p2a: Piedragon|p1a: Whimsicott
|-damage|p1b: Torkoal|75/100
|-unboost|p1b: Torkoal|spa|1
|-enditem|p1b: Torkoal|Air Balloon
|move|p2b: Schmooner|Spore|p1b: Torkoal
|-status|p1b: Torkoal|slp|[from] move: Spore
|cant|p1b: Torkoal|slp
|
|-weather|SunnyDay|[upkeep]
|upkeep
|turn|3
|inactive|zwehtut8 has 30 seconds left.
|
|t:|1757000036
|switch|p2a: Arching|Archaludon, L50, M|100/100
|move|p1a: Whimsicott|Moonblast|p2a: Arching
|-damage|p2a: Arching|77/100
|-ability|p2a: Arching|Stamina|boost
|-boost|p2a: Arching|def|1
|move|p2b: Schmooner|Sludge Bomb|p1a: Whimsicott
|-supereffective|p1a: Whimsicott
|-enditem|p1a: Whimsicott|Focus Sash
|-damage|p1a: Whimsicott|1/100
|-curestatus|p1b: Torkoal|slp|[msg]
|move|p1b: Torkoal|Overheat|p2b: Schmooner
|-resisted|p2b: Schmooner
|-damage|p2b: Schmooner|79/100
|-unboost|p1b: Torkoal|spa|2
|
|-weather|SunnyDay|[upkeep]
|upkeep
|turn|4
|inactive|zwehtut8 has 30 seconds left.
|inactive|lilrainteamwahoo has 30 seconds left.
|inactive|lilrainteamwahoo has 20 seconds left.
|
|t:|1757000072
|move|p1b: Torkoal|Protect|p1b: Torkoal
|-singleturn|p1b: Torkoal|Protect
|move|p1a: Whimsicott|Tailwind|p1a: Whimsicott
|-sidestart|p1: zwehtut8|move: Tailwind
|move|p2a: Arching|Draco Meteor|p1b: Torkoal
|-activate|p1b: Torkoal|move: Protect
|move|p2b: Schmooner|Sludge Bomb|p1a: Whimsicott
|-supereffective|p1a: Whimsicott
|-damage|p1a: Whimsicott|0 fnt
|faint|p1a: Whimsicott
|
|-weather|SunnyDay|[upkeep]
|upkeep
|
|t:|1757000084
|switch|p1a: Annihilape|Annihilape, L50, M|100/100
|turn|5
|
|t:|1757000105
|switch|p2a: Smellypper|Pelipper, L50, M|100/100
|-weather|RainDance|[from] ability: Drizzle|[of] p2a: Smellypper
|move|p1a: Annihilape|Close Combat|p2a: Smellypper
|-resisted|p2a: Smellypper
|-damage|p2a: Smellypper|64/100
|-unboost|p1a: Annihilape|def|1
|-unboost|p1a: Annihilape|spd|1
|move|p1b: Torkoal|Solar Beam||[still]
|-prepare|p1b: Torkoal|Solar Beam
|move|p2b: Schmooner|Spore|p1b: Torkoal
|-status|p1b: Torkoal|slp|[from] move: Spore
|
|-weather|RainDance|[upkeep]
|upkeep
|turn|6
|
|t:|1757000124
|switch|p1a: Typhlosion|Typhlosion-Hisui, L50, F|100/100
|move|p2a: Smellypper|Hurricane|p1a: Typhlosion
|-damage|p1a: Typhlosion|36/100
|cant|p1b: Torkoal|slp
|move|p2b: Schmooner|Spore|p1a: Typhlosion
|-status|p1a: Typhlosion|slp|[from] move: Spore
|
|-weather|RainDance|[upkeep]
|upkeep
|turn|7
|-message|zwehtut8 forfeited.
|
|win|lilrainteamwahoo
|raw|zwehtut8's rating: 1000 → 1000(+0 for losing)
|raw|lilrainteamwahoo's rating: 1080 → 1102(+22 for winning)
|l|☆zwehtut8
|player|p1|
