|j|☆KhristianVG
|j|☆icemonggs
|html|KhristianVGicemonggs    
|uhtml|bestof|Game 1 of a best-of-3
|t:|1785004675
|gametype|doubles
|player|p1|KhristianVG|nate|1201
|player|p2|icemonggs|cilan|1187
|gen|9
|tier|[Gen 9 Champions] VGC 2026 Reg M-B (Bo3)
|rated|
|rule|Species Clause: Limit one of each Pokémon
|rule|Item Clause: Limit 1 of each item
|clearpoke
|poke|p1|Sinistcha, L50|
|poke|p1|Delphox, L50, M|
|poke|p1|Incineroar, L50, F|
|poke|p1|Kingambit, L50, F, shiny|
|poke|p1|Sneasler, L50, M|
|poke|p1|Blastoise, L50, M|
|poke|p2|Dragonite, L50, M, shiny|
|poke|p2|Toxapex, L50, F, shiny|
|poke|p2|Sneasler, L50, F|
|poke|p2|Kingambit, L50, M, shiny|
|poke|p2|Charizard, L50, F, shiny|
|poke|p2|Froslass, L50, F, shiny|
|teampreview|4
|showteam|p1|Sinistcha||OccaBerry|Hospitality|TrickRoom,RagePowder,MatchaGotcha,Protect|Bold|||||50|]Delphox||Delphoxite|Blaze|HeatWave,Psychic,NastyPlot,Protect|Timid||M|||50|]Incineroar||SitrusBerry|Intimidate|FakeOut,FlareBlitz,ThroatChop,PartingShot|Careful||F|||50|]Kingambit||BlackGlasses|Defiant|KowtowCleave,SuckerPunch,SwordsDance,Protect|Adamant||F|||50|]Sneasler||FocusSash|PoisonTouch|DireClaw,CloseCombat,FakeOut,QuickGuard|Jolly||M|||50|]Blastoise||Blastoisinite|Torrent|WaterSpout,DarkPulse,ShellSmash,Protect|Modest||M|||50|
|showteam|p2|Dragonite||LifeOrb|InnerFocus|DragonClaw,ExtremeSpeed,LowKick,Protect|Adamant||M|||50|]Toxapex||Leftovers|Regenerator|Infestation,Toxic,WideGuard,BanefulBunker|Bold||F|||50|]Sneasler||FocusSash|PoisonTouch|CloseCombat,PoisonJab,FakeOut,Protect|Jolly||F|||50|]Kingambit||BlackGlasses|Defiant|KowtowCleave,SwordsDance,SuckerPunch,Protect|Adamant||M|||50|]Charizard||CharizarditeY|Blaze|HeatWave,WeatherBall,SolarBeam,Protect|Modest||F|||50|]Froslass||Froslassite|CursedBody|Blizzard,ShadowBall,AuroraVeil,Protect|Modest||F|||50|
|inactive|Battle timer is ON: inactive players will automatically lose when time's up. (requested by KhristianVG)
|l|☆KhristianVG
|inactive|KhristianVG disconnected and has a minute to reconnect!
|player|p1|
|
|t:|1785004703
|teamsize|p1|4
|teamsize|p2|4
|start
|switch|p1a: Delphox|Delphox, L50, M|100/100
|switch|p1b: Incineroar|Incineroar, L50, F|100/100
|switch|p2a: Dragonite|Dragonite, L50, M, shiny|100/100
|switch|p2b: Sneasler|Sneasler, L50, F|100/100
|-ability|p1b: Incineroar|Intimidate|boost
|-fail|p2a: Dragonite|unboost|Attack|[from] ability: Inner Focus|[of] p2a: Dragonite
|-unboost|p2b: Sneasler|atk|1
|turn|1
|j|☆KhristianVG
|inactive|KhristianVG reconnected and has 55 seconds left.
|player|p1|KhristianVG|nate|
|
|t:|1785004727
|move|p1a: Delphox|Protect|p1a: Delphox
|-singleturn|p1a: Delphox|Protect
|move|p2b: Sneasler|Fake Out|p1b: Incineroar
|-damage|p1b: Incineroar|90/100
|cant|p1b: Incineroar|flinch
|move|p2a: Dragonite|Dragon Claw|p1a: Delphox
|-activate|p1a: Delphox|move: Protect
|
|upkeep
|turn|2
|inactive|KhristianVG has 30 seconds left.
|
|t:|1785004759
|detailschange|p1a: Delphox|Delphox-Mega, L50, M
|-mega|p1a: Delphox|Delphox|Delphoxite
|move|p1a: Delphox|Nasty Plot|p1a: Delphox
|-boost|p1a: Delphox|spa|2
|move|p2b: Sneasler|Poison Jab|p1a: Delphox
|-damage|p1a: Delphox|62/100
|-status|p1a: Delphox|psn
|move|p1b: Incineroar|Flare Blitz|p2b: Sneasler
|-damage|p2b: Sneasler|23/100
|-damage|p1b: Incineroar|71/100|[from] Recoil
|move|p2a: Dragonite|Dragon Claw|p1a: Delphox
|-damage|p1a: Delphox|0 fnt
|faint|p1a: Delphox
|-damage|p2a: Dragonite|90/100|[from] item: Life Orb
|
|upkeep
|
|t:|1785004775
|switch|p1a: Kingambit|Kingambit, L50, F, shiny|100/100
|turn|3
|
|t:|1785004786
|switch|p1b: Sinistcha|Sinistcha, L50|100/100
|move|p1a: Kingambit|Protect|p1a: Kingambit
|-singleturn|p1a: Kingambit|Protect
|move|p2b: Sneasler|Close Combat|p1b: Sinistcha
|-immune|p1b: Sinistcha
|move|p2a: Dragonite|Low Kick|p1a: Kingambit
|-activate|p1a: Kingambit|move: Protect
|
|upkeep
|turn|4
|
|t:|1785004804
|move|p1b: Sinistcha|Rage Powder|p1b: Sinistcha
|-singleturn|p1b: Sinistcha|move: Rage Powder
|move|p2b: Sneasler|Poison Jab|p1b: Sinistcha
|-crit|p1b: Sinistcha
|-damage|p1b: Sinistcha|52/100
|-status|p1b: Sinistcha|psn|[from] ability: Poison Touch|[of] p2b: Sneasler
|move|p2a: Dragonite|Dragon Claw|p1b: Sinistcha
|-damage|p1b: Sinistcha|3/100 psn
|-damage|p2a: Dragonite|80/100|[from] item: Life Orb
|move|p1a: Kingambit|Swords Dance|p1a: Kingambit
|-boost|p1a: Kingambit|atk|2
|
|-damage|p1b: Sinistcha|0 fnt|[from] psn
|faint|p1b: Sinistcha
|upkeep
|
|t:|1785004809
|switch|p1b: Incineroar|Incineroar, L50, F|71/100
|-ability|p1b: Incineroar|Intimidate|boost
|-fail|p2a: Dragonite|unboost|Attack|[from] ability: Inner Focus|[of] p2a: Dragonite
|-unboost|p2b: Sneasler|atk|1
|turn|5
|
|t:|1785004826
|move|p2b: Sneasler|Protect|p2b: Sneasler
|-singleturn|p2b: Sneasler|Protect
|move|p2a: Dragonite|Protect|p2a: Dragonite
|-singleturn|p2a: Dragonite|Protect
|move|p1b: Incineroar|Fake Out|p2b: Sneasler
|-activate|p2b: Sneasler|move: Protect
|move|p1a: Kingambit|Sucker Punch||[still]
|-fail|p1a: Kingambit
|
|upkeep
|turn|6
|
|t:|1785004841
|move|p1a: Kingambit|Sucker Punch|p2a: Dragonite
|-damage|p2a: Dragonite|0 fnt
|faint|p2a: Dragonite
|move|p2b: Sneasler|Close Combat|p1a: Kingambit
|-supereffective|p1a: Kingambit|2
|-damage|p1a: Kingambit|7/100
|-unboost|p2b: Sneasler|def|1
|-unboost|p2b: Sneasler|spd|1
|move|p1b: Incineroar|Flare Blitz|p2b: Sneasler
|-damage|p2b: Sneasler|0 fnt
|faint|p2b: Sneasler
|-damage|p1b: Incineroar|65/100|[from] Recoil
|
|upkeep
|
|t:|1785004844
|switch|p2b: Charizard|Charizard, L50, F, shiny|100/100
|switch|p2a: Toxapex|Toxapex, L50, F, shiny|100/100
|turn|7
|
|t:|1785004861
|detailschange|p2b: Charizard|Charizard-Mega-Y, L50, F, shiny
|-mega|p2b: Charizard|Charizard|Charizardite Y
|-weather|SunnyDay|[from] ability: Drought|[of] p2b: Charizard
|move|p1a: Kingambit|Protect|p1a: Kingambit
|-singleturn|p1a: Kingambit|Protect
|move|p2b: Charizard|Heat Wave|p1a: Kingambit|[spread] p1b
|-activate|p1a: Kingambit|move: Protect
|-resisted|p1b: Incineroar|1
|-crit|p1b: Incineroar
|-damage|p1b: Incineroar|25/100
|-enditem|p1b: Incineroar|Sitrus Berry|[eat]
|-heal|p1b: Incineroar|50/100y|[from] item: Sitrus Berry
|move|p1b: Incineroar|Throat Chop|p2b: Charizard
|-damage|p2b: Charizard|70/100
|-start|p2b: Charizard|Throat Chop|[silent]
|move|p2a: Toxapex|Infestation|p1a: Kingambit
|-activate|p1a: Kingambit|move: Protect
|
|-weather|SunnyDay|[upkeep]
|upkeep
|turn|8
|
|t:|1785004880
|move|p1a: Kingambit|Sucker Punch|p2b: Charizard
|-damage|p2b: Charizard|0 fnt
|faint|p2b: Charizard
|move|p1b: Incineroar|Throat Chop|p2a: Toxapex
|-damage|p2a: Toxapex|80/100
|-start|p2a: Toxapex|Throat Chop|[silent]
|move|p2a: Toxapex|Infestation|p1a: Kingambit
|-damage|p1a: Kingambit|3/100
|-activate|p1a: Kingambit|move: Infestation|[of] p2a: Toxapex
|
|-weather|SunnyDay|[upkeep]
|-heal|p2a: Toxapex|85/100|[from] item: Leftovers
|-damage|p1a: Kingambit|0 fnt|[from] move: Infestation|[partiallytrapped]
|faint|p1a: Kingambit
|upkeep
|turn|9
|
|t:|1785004893
|move|p1b: Incineroar|Throat Chop|p2a: Toxapex
|-damage|p2a: Toxapex|66/100
|move|p2a: Toxapex|Toxic|p1b: Incineroar
|-status|p1b: Incineroar|tox
|
|-weather|SunnyDay|[upkeep]
|-heal|p2a: Toxapex|72/100|[from] item: Leftovers
|-damage|p1b: Incineroar|43/100 tox|[from] psn
|-end|p2a: Toxapex|Throat Chop|[silent]
|upkeep
|turn|10
|
|t:|1785004896
|move|p2a: Toxapex|Baneful Bunker|p2a: Toxapex
|-singleturn|p2a: Toxapex|move: Protect
|move|p1b: Incineroar|Flare Blitz|p2a: Toxapex
|-activate|p2a: Toxapex|move: Protect
|
|-weather|SunnyDay|[upkeep]
|-heal|p2a: Toxapex|78/100|[from] item: Leftovers
|-damage|p1b: Incineroar|31/100 tox|[from] psn
|upkeep
|turn|11
|
|t:|1785004899
|move|p1b: Incineroar|Flare Blitz|p2a: Toxapex
|-resisted|p2a: Toxapex|1
|-damage|p2a: Toxapex|54/100
|-damage|p1b: Incineroar|25/100 tox|[from] Recoil
|move|p2a: Toxapex|Infestation|p1b: Incineroar
|-damage|p1b: Incineroar|22/100 tox
|-activate|p1b: Incineroar|move: Infestation|[of] p2a: Toxapex
|
|-weather|none
|-heal|p2a: Toxapex|59/100|[from] item: Leftovers
|-damage|p1b: Incineroar|4/100 tox|[from] psn
|-damage|p1b: Incineroar|0 fnt|[from] move: Infestation|[partiallytrapped]
|faint|p1b: Incineroar
|
|win|icemonggs
||icemonggs is ready for game 2.
||icemonggs is ready for game 2.
||icemonggs is ready for game 2.
||KhristianVG is ready for game 2.
|uhtml|next|Next: Game 2 of 3
