|j|☆mzasquare
|j|☆FilthyJonhy
|html|mzasquareFilthyJonhy    
|uhtml|bestof|Game 3 of a best-of-3
|t:|1756994358
|gametype|doubles
|player|p1|mzasquare|worker-gen4|1191
|player|p2|FilthyJonhy|birdkeeper|1055
|gen|9
|tier|[Gen 9] VGC 2025 Reg H (Bo3)
|rated|
|rule|Species Clause: Limit one of each Pokémon
|rule|Item Clause: Limit 1 of each item
|clearpoke
|poke|p1|Sneasler, L50, M|
|poke|p1|Indeedee, L50, M|
|poke|p1|Volcarona, L50, F|
|poke|p1|Ursaluna-Bloodmoon, L50, M|
|poke|p1|Annihilape, L50, M|
|poke|p1|Tyranitar, L50, M|
|poke|p2|Murkrow, L50, F|
|poke|p2|Ninetales-Alola, L50, M|
|poke|p2|Arcanine-Hisui, L50, F|
|poke|p2|Gholdengo, L50|
|poke|p2|Farigiraf, L50, F|
|poke|p2|Sneasler, L50, F|
|teampreview|4
|showteam|p1|Sneasler||PsychicSeed|Unburden|CloseCombat,DireClaw,ThroatChop,Protect|||M|||50|,,,,,Dark]Indeedee||ChoiceScarf|PsychicSurge|ExpandingForce,TeraBlast,Trick,Protect|||M|||50|,,,,,Psychic]Volcarona||SitrusBerry|FlameBody|Overheat,StruggleBug,RagePowder,Tailwind|||F|||50|,,,,,Grass]Ursaluna-Bloodmoon||LifeOrb|MindsEye|BloodMoon,HyperVoice,EarthPower,Protect|||M|||50|,,,,,Normal]Annihilape||SafetyGoggles|Defiant|CloseCombat,RageFist,Taunt,FinalGambit|||M|||50|,,,,,Fairy]Tyranitar||AssaultVest|SandStream|RockSlide,KnockOff,TeraBlast,LowKick|||M|||50|,,,,,Flying
|showteam|p2|Murkrow||Eviolite|Prankster|Haze,Tailwind,FoulPlay,Taunt|||F|||50|,,,,,Grass]Ninetales-Alola||LightClay|SnowWarning|AuroraVeil,HelpingHand,Blizzard,BatonPass|||M|||50|,,,,,Fire]Arcanine-Hisui||ChoiceScarf|RockHead|CloseCombat,ExtremeSpeed,FlareBlitz,HeadSmash|||F|||50|,,,,,Grass]Gholdengo||LifeOrb|GoodasGold|Protect,NastyPlot,MakeItRain,Hex||||||50|,,,,,Steel]Farigiraf||SafetyGoggles|ArmorTail|HelpingHand,Protect,PsychicNoise,TrickRoom|||F|||50|,,,,,Fairy]Sneasler||FocusSash|PoisonTouch|FakeOut,CloseCombat,Coaching,DireClaw|||F|||50|,,,,,Fighting
|
|t:|1756994427
|teamsize|p1|4
|teamsize|p2|4
|start
|switch|p1a: Annihilape|Annihilape, L50, M|100/100
|switch|p1b: Sneasler|Sneasler, L50, M|100/100
|switch|p2a: Murkrow|Murkrow, L50, F|100/100
|switch|p2b: Sneasler|Sneasler, L50, F|100/100
|turn|1
|
|t:|1756994458
|move|p2a: Murkrow|Tailwind|p2a: Murkrow
|-sidestart|p2: FilthyJonhy|move: Tailwind
|move|p2b: Sneasler|Coaching|p2a: Murkrow
|-boost|p2a: Murkrow|atk|1
|-boost|p2a: Murkrow|def|1
|move|p1b: Sneasler|Dire Claw|p2b: Sneasler
|-resisted|p2b: Sneasler
|-damage|p2b: Sneasler|58/100
|move|p1a: Annihilape|Final Gambit|p2a: Murkrow
|-damage|p2a: Murkrow|0 fnt
|faint|p1a: Annihilape
|faint|p2a: Murkrow
|
|upkeep
|
|t:|1756994474
|switch|p1a: Indeedee|Indeedee, L50, M|100/100
|switch|p2a: Gholdengo|Gholdengo, L50|100/100
|-fieldstart|move: Psychic Terrain|[from] ability: Psychic Surge|[of] p1a: Indeedee
|-enditem|p1b: Sneasler|Psychic Seed
|-boost|p1b: Sneasler|spd|1|[from] item: Psychic Seed
|turn|2
|
|t:|1756994516
|move|p1b: Sneasler|Protect|p1b: Sneasler
|-singleturn|p1b: Sneasler|Protect
|move|p2b: Sneasler|Close Combat|p1b: Sneasler
|-activate|p1b: Sneasler|move: Protect
|move|p2a: Gholdengo|Nasty Plot|p2a: Gholdengo
|-boost|p2a: Gholdengo|spa|2
|move|p1a: Indeedee|Expanding Force|p2b: Sneasler|[spread] p2a,p2b
|-resisted|p2a: Gholdengo
|-supereffective|p2b: Sneasler
|-damage|p2a: Gholdengo|73/100
|-damage|p2b: Sneasler|0 fnt
|faint|p2b: Sneasler
|
|upkeep
|
|t:|1756994529
|switch|p2b: Arcanine|Arcanine-Hisui, L50, F|100/100
|turn|3
|
|t:|1756994566
|move|p2b: Arcanine|Flare Blitz|p1b: Sneasler
|-damage|p1b: Sneasler|7/100
|move|p1b: Sneasler|Close Combat|p2b: Arcanine
|-supereffective|p2b: Arcanine
|-damage|p2b: Arcanine|0 fnt
|-unboost|p1b: Sneasler|def|1
|-unboost|p1b: Sneasler|spd|1
|faint|p2b: Arcanine
|move|p2a: Gholdengo|Make It Rain|p1a: Indeedee|[spread] p1a,p1b
|-damage|p1a: Indeedee|0 fnt
|-damage|p1b: Sneasler|0 fnt
|-unboost|p2a: Gholdengo|spa|1
|faint|p1a: Indeedee
|faint|p1b: Sneasler
|-damage|p2a: Gholdengo|64/100|[from] item: Life Orb
|
|upkeep
|
|t:|1756994578
|switch|p1b: Tyranitar|Tyranitar, L50, M|100/100
|-weather|Sandstorm|[from] ability: Sand Stream|[of] p1b: Tyranitar
|turn|4
|
|t:|1756994609
|-terastallize|p2a: Gholdengo|Steel
|-terastallize|p1b: Tyranitar|Flying
|move|p2a: Gholdengo|Make It Rain|p1b: Tyranitar
|-damage|p1b: Tyranitar|10/100
|-unboost|p2a: Gholdengo|spa|1
|-damage|p2a: Gholdengo|54/100|[from] item: Life Orb
|move|p1b: Tyranitar|Knock Off|p2a: Gholdengo
|-damage|p2a: Gholdengo|5/100
|-enditem|p2a: Gholdengo|Life Orb|[from] move: Knock Off|[of] p1b: Tyranitar
|
|-weather|Sandstorm|[upkeep]
|-damage|p1b: Tyranitar|4/100|[from] Sandstorm
|-sideend|p2: FilthyJonhy|move: Tailwind
|upkeep
|turn|5
|
|t:|1756994624
|move|p2a: Gholdengo|Make It Rain|p1b: Tyranitar
|-crit|p1b: Tyranitar
|-damage|p1b: Tyranitar|0 fnt
|-unboost|p2a: Gholdengo|spa|1
|faint|p1b: Tyranitar
|
|win|FilthyJonhy
|raw|mzasquare's rating: 1191 → 1157(-34 for losing)
|raw|FilthyJonhy's rating: 1055 → 1099(+44 for winning)
