|j|☆Vuultur
|j|☆skywalkingchris
|html|Vuulturskywalkingchris    
|uhtml|bestof|Game 1 of a best-of-3
|t:|1756149939
|gametype|doubles
|player|p1|Vuultur|hilbert-wonderlauncher|1238
|player|p2|skywalkingchris|102|1213
|gen|9
|tier|[Gen 9] VGC 2025 Reg H (Bo3)
|rated|
|rule|Species Clause: Limit one of each Pokémon
|rule|Item Clause: Limit 1 of each item
|clearpoke
|poke|p1|Pelipper, L50, M|
|poke|p1|Archaludon, L50, M|
|poke|p1|Annihilape, L50, F|
|poke|p1|Maushold, L50|
|poke|p1|Rillaboom, L50, M|
|poke|p1|Basculegion, L50, M|
|poke|p2|Murkrow, L50, M|
|poke|p2|Sneasler, L50, F|
|poke|p2|Archaludon, L50, F|
|poke|p2|Indeedee, L50, M|
|poke|p2|Gholdengo, L50|
|poke|p2|Grimmsnarl, L50, M|
|teampreview|4
|showteam|p1|Pelipper||FocusSash|Drizzle|WeatherBall,Hurricane,Protect,Tailwind|||M|||50|,,,,,Ghost]Archaludon||AssaultVest|Stamina|ElectroShot,DracoMeteor,FlashCannon,BodyPress|||M|||50|,,,,,Grass]Annihilape||SafetyGoggles|Defiant|RageFist,DrainPunch,BulkUp,Protect|||F|||50|,,,,,Fire]Maushold||SitrusBerry|FriendGuard|BeatUp,FollowMe,Taunt,Protect||||||50|,,,,,Ghost]Rillaboom||MiracleSeed|GrassySurge|FakeOut,GrassyGlide,WoodHammer,Uturn|||M|||50|,,,,,Fire]Basculegion||ChoiceBand|SwiftSwim|WaveCrash,AquaJet,LastRespects,FlipTurn|||M|||50|,,,,,Water
|showteam|p2|Murkrow||Eviolite|Prankster|Haze,Tailwind,RainDance,BraveBird|||M|||50|,,,,,Ghost]Sneasler||PsychicSeed|Unburden|Protect,ThroatChop,CloseCombat,DireClaw|||F|||50|,,,,,Dark]Archaludon||AssaultVest|Stamina|ElectroShot,BodyPress,FlashCannon,DragonPulse|||F|||50|,,,,,Bug]Indeedee||FocusSash|PsychicSurge|Imprison,TrickRoom,DazzlingGleam,ExpandingForce|||M|||50|,,,,,Psychic]Gholdengo||ChoiceSpecs|GoodasGold|Trick,TeraBlast,ShadowBall,MakeItRain||||||50|,,,,,Water]Grimmsnarl||LightClay|Prankster|Reflect,LightScreen,ThunderWave,SpiritBreak|||M|||50|,,,,,Steel
|
|t:|1756150017
|teamsize|p1|4
|teamsize|p2|4
|start
|switch|p1a: Maushold|Maushold, L50|100/100
|switch|p1b: Annihilape|Annihilape, L50, F|100/100
|switch|p2a: Grimmsnarl|Grimmsnarl, L50, M|100/100
|switch|p2b: Archaludon|Archaludon, L50, F|100/100
|turn|1
|
|t:|1756150041
|switch|p1b: Archaludon|Archaludon, L50, M, shiny|100/100
|switch|p2b: Indeedee|Indeedee, L50, M|100/100
|-fieldstart|move: Psychic Terrain|[from] ability: Psychic Surge|[of] p2b: Indeedee
|move|p2a: Grimmsnarl|Reflect|p2a: Grimmsnarl
|-sidestart|p2: skywalkingchris|Reflect
|move|p1a: Maushold|Beat Up|p1b: Archaludon
|-damage|p1b: Archaludon|99/100
|-ability|p1b: Archaludon|Stamina|boost
|-boost|p1b: Archaludon|def|1
|-damage|p1b: Archaludon|98/100
|-ability|p1b: Archaludon|Stamina|boost
|-boost|p1b: Archaludon|def|1
|-damage|p1b: Archaludon|97/100
|-ability|p1b: Archaludon|Stamina|boost
|-boost|p1b: Archaludon|def|1
|-damage|p1b: Archaludon|96/100
|-ability|p1b: Archaludon|Stamina|boost
|-boost|p1b: Archaludon|def|1
|-hitcount|p1b: Archaludon|4
|
|upkeep
|turn|2
|
|t:|1756150099
|switch|p1a: Rillaboom|Rillaboom, L50, M|100/100
|-fieldstart|move: Grassy Terrain|[from] ability: Grassy Surge|[of] p1a: Rillaboom
|-terastallize|p2b: Indeedee|Psychic
|move|p2a: Grimmsnarl|Thunder Wave|p1a: Rillaboom
|-status|p1a: Rillaboom|par
|move|p2b: Indeedee|Expanding Force|p1a: Rillaboom
|-damage|p1a: Rillaboom|55/100 par
|move|p1b: Archaludon|Body Press|p2b: Indeedee
|-resisted|p2b: Indeedee
|-damage|p2b: Indeedee|48/100
|
|-heal|p2b: Indeedee|54/100|[from] Grassy Terrain
|-heal|p1b: Archaludon|100/100|[from] Grassy Terrain
|-heal|p1a: Rillaboom|61/100 par|[from] Grassy Terrain
|upkeep
|turn|3
|
|t:|1756150128
|switch|p2b: Gholdengo|Gholdengo, L50|100/100
|move|p2a: Grimmsnarl|Thunder Wave|p1b: Archaludon
|-status|p1b: Archaludon|par
|move|p1b: Archaludon|Body Press|p2a: Grimmsnarl
|-damage|p2a: Grimmsnarl|50/100
|cant|p1a: Rillaboom|par
|
|-heal|p2a: Grimmsnarl|56/100|[from] Grassy Terrain
|-heal|p1a: Rillaboom|67/100 par|[from] Grassy Terrain
|upkeep
|turn|4
|
|t:|1756150154
|switch|p1a: Annihilape|Annihilape, L50, F|100/100
|move|p2b: Gholdengo|Make It Rain|p1a: Annihilape|[spread] p1a,p1b
|-resisted|p1b: Archaludon
|-damage|p1a: Annihilape|46/100
|-damage|p1b: Archaludon|71/100 par
|-unboost|p2b: Gholdengo|spa|1
|-ability|p1b: Archaludon|Stamina|boost
|-boost|p1b: Archaludon|def|1
|move|p2a: Grimmsnarl|Spirit Break|p1b: Archaludon
|-damage|p1b: Archaludon|63/100 par
|-unboost|p1b: Archaludon|spa|1
|-ability|p1b: Archaludon|Stamina|boost
|-boost|p1b: Archaludon|def|1
|move|p1b: Archaludon|Electro Shot||[still]
|-prepare|p1b: Archaludon|Electro Shot
|-boost|p1b: Archaludon|spa|1
|
|-heal|p1a: Annihilape|52/100|[from] Grassy Terrain
|-heal|p2a: Grimmsnarl|62/100|[from] Grassy Terrain
|-heal|p1b: Archaludon|69/100 par|[from] Grassy Terrain
|upkeep
|turn|5
|
|t:|1756150185
|-terastallize|p1a: Annihilape|Fire
|move|p2a: Grimmsnarl|Thunder Wave|p1a: Annihilape
|-status|p1a: Annihilape|par
|move|p2b: Gholdengo|Make It Rain|p1a: Annihilape|[spread] p1a,p1b
|-resisted|p1a: Annihilape
|-resisted|p1b: Archaludon
|-damage|p1a: Annihilape|34/100 par
|-damage|p1b: Archaludon|50/100 par
|-unboost|p2b: Gholdengo|spa|1
|move|p1b: Archaludon|Electro Shot|p2b: Gholdengo|[from] lockedmove
|-damage|p2b: Gholdengo|58/100
|move|p1a: Annihilape|Rage Fist|p2b: Gholdengo
|-supereffective|p2b: Gholdengo
|-damage|p2b: Gholdengo|0 fnt
|faint|p2b: Gholdengo
|
|-heal|p2a: Grimmsnarl|68/100|[from] Grassy Terrain
|-heal|p1b: Archaludon|56/100 par|[from] Grassy Terrain
|-heal|p1a: Annihilape|40/100 par|[from] Grassy Terrain
|upkeep
|
|t:|1756150206
|switch|p2b: Indeedee|Indeedee, L50, M, tera:Psychic|54/100
|-fieldstart|move: Psychic Terrain|[from] ability: Psychic Surge|[of] p2b: Indeedee
|turn|6
|
|t:|1756150219
|switch|p1a: Rillaboom|Rillaboom, L50, M|67/100 par
|-fieldstart|move: Grassy Terrain|[from] ability: Grassy Surge|[of] p1a: Rillaboom
|move|p2a: Grimmsnarl|Light Screen|p2a: Grimmsnarl
|-sidestart|p2: skywalkingchris|move: Light Screen
|move|p2b: Indeedee|Expanding Force|p1b: Archaludon
|-resisted|p1b: Archaludon
|-damage|p1b: Archaludon|37/100 par
|move|p1b: Archaludon|Body Press|p2b: Indeedee
|-resisted|p2b: Indeedee
|-damage|p2b: Indeedee|0 fnt
|faint|p2b: Indeedee
|
|-heal|p2a: Grimmsnarl|74/100|[from] Grassy Terrain
|-heal|p1b: Archaludon|43/100 par|[from] Grassy Terrain
|-heal|p1a: Rillaboom|73/100 par|[from] Grassy Terrain
|upkeep
|
|t:|1756150232
|switch|p2b: Archaludon|Archaludon, L50, F|100/100
|turn|7
|
|t:|1756150242
|move|p1a: Rillaboom|Fake Out|p2a: Grimmsnarl
|-damage|p2a: Grimmsnarl|64/100
|move|p2b: Archaludon|Electro Shot||[still]
|-prepare|p2b: Archaludon|Electro Shot
|-boost|p2b: Archaludon|spa|1
|cant|p2a: Grimmsnarl|flinch
|move|p1b: Archaludon|Body Press|p2b: Archaludon
|-supereffective|p2b: Archaludon
|-damage|p2b: Archaludon|5/100
|-ability|p2b: Archaludon|Stamina|boost
|-boost|p2b: Archaludon|def|1
|
|-heal|p2b: Archaludon|11/100|[from] Grassy Terrain
|-heal|p2a: Grimmsnarl|70/100|[from] Grassy Terrain
|-heal|p1b: Archaludon|48/100 par|[from] Grassy Terrain
|-heal|p1a: Rillaboom|79/100 par|[from] Grassy Terrain
|upkeep
|turn|8
|
|t:|1756150266
|move|p1a: Rillaboom|Grassy Glide|p2b: Archaludon
|-resisted|p2b: Archaludon
|-damage|p2b: Archaludon|8/100
|-ability|p2b: Archaludon|Stamina|boost
|-boost|p2b: Archaludon|def|1
|move|p2b: Archaludon|Electro Shot|p1b: Archaludon|[from] lockedmove
|-resisted|p1b: Archaludon
|-crit|p1b: Archaludon
|-damage|p1b: Archaludon|18/100 par
|move|p2a: Grimmsnarl|Spirit Break|p1a: Rillaboom
|-damage|p1a: Rillaboom|44/100 par
|-unboost|p1a: Rillaboom|spa|1
|cant|p1b: Archaludon|par
|
|-heal|p2b: Archaludon|14/100|[from] Grassy Terrain
|-heal|p2a: Grimmsnarl|76/100|[from] Grassy Terrain
|-heal|p1b: Archaludon|24/100 par|[from] Grassy Terrain
|-heal|p1a: Rillaboom|50/100 par|[from] Grassy Terrain
|-sideend|p2: skywalkingchris|Reflect
|upkeep
|turn|9
|
|t:|1756150290
|switch|p1b: Annihilape|Annihilape, L50, F, tera:Fire|40/100 par
|move|p2b: Archaludon|Dragon Pulse|p1b: Annihilape
|-damage|p1b: Annihilape|0 fnt
|faint|p1b: Annihilape
|move|p2a: Grimmsnarl|Spirit Break|p1a: Rillaboom
|-damage|p1a: Rillaboom|17/100 par
|-unboost|p1a: Rillaboom|spa|1
|cant|p1a: Rillaboom|par
|
|-heal|p2b: Archaludon|20/100|[from] Grassy Terrain
|-heal|p2a: Grimmsnarl|82/100|[from] Grassy Terrain
|-heal|p1a: Rillaboom|23/100 par|[from] Grassy Terrain
|upkeep
|
|t:|1756150302
|switch|p1b: Maushold|Maushold, L50|100/100
|turn|10
|
|t:|1756150323
|move|p1b: Maushold|Protect|p1b: Maushold
|-singleturn|p1b: Maushold|Protect
|move|p2a: Grimmsnarl|Thunder Wave|p1b: Maushold
|-activate|p1b: Maushold|move: Protect
|move|p2b: Archaludon|Body Press|p1a: Rillaboom
|-damage|p1a: Rillaboom|0 fnt
|faint|p1a: Rillaboom
|
|-heal|p2b: Archaludon|26/100|[from] Grassy Terrain
|-heal|p2a: Grimmsnarl|88/100|[from] Grassy Terrain
|-fieldend|move: Grassy Terrain
|upkeep
|
|t:|1756150330
|switch|p1a: Archaludon|Archaludon, L50, M, shiny|24/100 par
|turn|11
|
|t:|1756150342
|move|p1b: Maushold|Follow Me|p1b: Maushold
|-singleturn|p1b: Maushold|move: Follow Me
|move|p2a: Grimmsnarl|Thunder Wave|p1b: Maushold
|-status|p1b: Maushold|par
|move|p2b: Archaludon|Body Press|p1b: Maushold
|-supereffective|p1b: Maushold
|-damage|p1b: Maushold|11/100 par
|-enditem|p1b: Maushold|Sitrus Berry|[eat]
|-heal|p1b: Maushold|36/100 par|[from] item: Sitrus Berry
|move|p1a: Archaludon|Draco Meteor|p2b: Archaludon
|-damage|p2b: Archaludon|1/100
|-unboost|p1a: Archaludon|spa|2
|-ability|p2b: Archaludon|Stamina|boost
|-boost|p2b: Archaludon|def|1
|
|upkeep
|turn|12
|
|t:|1756150365
|move|p1b: Maushold|Follow Me|p1b: Maushold
|-singleturn|p1b: Maushold|move: Follow Me
|move|p2b: Archaludon|Body Press|p1b: Maushold
|-supereffective|p1b: Maushold
|-damage|p1b: Maushold|0 fnt
|faint|p1b: Maushold
|move|p2a: Grimmsnarl|Spirit Break|p1a: Archaludon
|-damage|p1a: Archaludon|0 fnt
|faint|p1a: Archaludon
|
|win|skywalkingchris
|inactive|Vuultur has 30 seconds to confirm battle start!
|inactive|skywalkingchris has 30 seconds to confirm battle start!
