|j|☆Lacossg
|j|☆captainspoon
|html|Lacossgcaptainspoon    
|uhtml|bestof|Game 1 of a best-of-3
|t:|1756462983
|gametype|doubles
|player|p1|Lacossg|265|1213
|player|p2|captainspoon|170|1142
|gen|9
|tier|[Gen 9] VGC 2025 Reg H (Bo3)
|rated|
|rule|Species Clause: Limit one of each Pokémon
|rule|Item Clause: Limit 1 of each item
|clearpoke
|poke|p1|Ninetales, L50, F|
|poke|p1|Salamence, L50, M|
|poke|p1|Volcarona, L50, M|
|poke|p1|Rillaboom, L50, M|
|poke|p1|Basculegion, L50, M|
|poke|p1|Flamigo, L50, M|
|poke|p2|Dragonite, L50, F|
|poke|p2|Gholdengo, L50|
|poke|p2|Ursaluna-Bloodmoon, L50, M|
|poke|p2|Annihilape, L50, F|
|poke|p2|Magmar, L50, F|
|poke|p2|Ninetales-Alola, L50, F|
|teampreview|4
|showteam|p1|Ninetales||CovertCloak|Drought|Encore,Disable,Overheat,Extrasensory|||F|||50|,,,,,Dark]Salamence||SafetyGoggles|Intimidate|DragonClaw,TemperFlare,Tailwind,Protect|||M|||50|,,,,,Fire]Volcarona||Leftovers|FlameBody|QuiverDance,FieryDance,TeraBlast,Protect|||M|||50|,,,,,Fairy]Rillaboom||MiracleSeed|GrassySurge|GrassyGlide,WoodHammer,HighHorsepower,FakeOut|||M|||50|,,,,,Grass]Basculegion||ChoiceScarf|Adaptability|WaveCrash,LastRespects,FlipTurn,AquaJet|||M|||50|,,,,,Water]Flamigo||FocusSash|Scrappy|CloseCombat,DualWingbeat,Protect,WideGuard|||M|||50|,,,,,Fighting
|showteam|p2|Dragonite||LoadedDice|Multiscale|ScaleShot,ExtremeSpeed,IceSpinner,Protect|||F|||50|,,,,,Fairy]Gholdengo||MetalCoat|GoodasGold|MakeItRain,ShadowBall,NastyPlot,Protect||||||50|,,,,,Water]Ursaluna-Bloodmoon||AssaultVest|MindsEye|BloodMoon,HyperVoice,VacuumWave,EarthPower|||M|||50|,,,,,Poison]Annihilape||SafetyGoggles|Defiant|DrainPunch,RageFist,BulkUp,Protect|||F|||50|,,,,,Water]Magmar||Eviolite|FlameBody|Overheat,ClearSmog,FollowMe,Protect|||F|||50|,,,,,Ghost]Ninetales-Alola||LightClay|SnowWarning|Blizzard,IcicleSpear,Encore,AuroraVeil|||F|||50|,,,,,Ghost
|inactive|Battle timer is ON: inactive players will automatically lose when time's up. (requested by captainspoon)
|
|t:|1756463045
|teamsize|p1|4
|teamsize|p2|4
|start
|switch|p1a: Volcarona|Volcarona, L50, M|100/100
|switch|p1b: Ninetales|Ninetales, L50, F|100/100
|switch|p2a: Ursaluna|Ursaluna-Bloodmoon, L50, M|100/100
|switch|p2b: Dragonite|Dragonite, L50, F|100/100
|-weather|SunnyDay|[from] ability: Drought|[of] p1b: Ninetales
|turn|1
|inactive|Lacossg has 30 seconds left.
|inactive|captainspoon has 30 seconds left.
|inactive|captainspoon has 20 seconds left.
|inactive|captainspoon has 15 seconds left.
|
|t:|1756463089
|switch|p2b: Ninetales|Ninetales-Alola, L50, F|100/100
|-weather|Snowscape|[from] ability: Snow Warning|[of] p2b: Ninetales
|-terastallize|p1a: Volcarona|Fairy
|move|p1b: Ninetales|Overheat|p2b: Ninetales|[miss]
|-miss|p1b: Ninetales|p2b: Ninetales
|move|p1a: Volcarona|Tera Blast|p2b: Ninetales|[anim] Tera Blast Fairy
|-damage|p2b: Ninetales|63/100
|move|p2a: Ursaluna|Earth Power|p1b: Ninetales
|-supereffective|p1b: Ninetales
|-damage|p1b: Ninetales|0 fnt
|faint|p1b: Ninetales
|
|-weather|Snowscape|[upkeep]
|upkeep
|
|t:|1756463104
|switch|p1b: Basculegion|Basculegion, L50, M|100/100
|turn|2
|inactive|captainspoon has 30 seconds left.
|
|t:|1756463134
|-terastallize|p2a: Ursaluna|Poison
|move|p1b: Basculegion|Wave Crash|p2a: Ursaluna
|-damage|p2a: Ursaluna|43/100
|-damage|p1b: Basculegion|80/100|[from] Recoil
|move|p2b: Ninetales|Aurora Veil|p2b: Ninetales
|-sidestart|p2: captainspoon|move: Aurora Veil
|move|p1a: Volcarona|Quiver Dance|p1a: Volcarona
|-boost|p1a: Volcarona|spa|1
|-boost|p1a: Volcarona|spd|1
|-boost|p1a: Volcarona|spe|1
|move|p2a: Ursaluna|Blood Moon|p1b: Basculegion
|-damage|p1b: Basculegion|0 fnt
|faint|p1b: Basculegion
|
|-weather|Snowscape|[upkeep]
|upkeep
|
|t:|1756463139
|switch|p1b: Flamigo|Flamigo, L50, M|100/100
|turn|3
|
|t:|1756463160
|move|p1b: Flamigo|Wide Guard|p1b: Flamigo
|-singleturn|p1b: Flamigo|Wide Guard
|move|p1a: Volcarona|Fiery Dance|p2b: Ninetales
|-supereffective|p2b: Ninetales
|-crit|p2b: Ninetales
|-damage|p2b: Ninetales|0 fnt
|-boost|p1a: Volcarona|spa|1
|faint|p2b: Ninetales
|move|p2a: Ursaluna|Hyper Voice|p1b: Flamigo|[spread] 
|-activate|p1a: Volcarona|move: Wide Guard
|-activate|p1b: Flamigo|move: Wide Guard
|
|-weather|Snowscape|[upkeep]
|upkeep
|
|t:|1756463164
|switch|p2b: Dragonite|Dragonite, L50, F|100/100
|turn|4
|
|t:|1756463180
|move|p2b: Dragonite|Protect|p2b: Dragonite
|-singleturn|p2b: Dragonite|Protect
|move|p1a: Volcarona|Fiery Dance|p2a: Ursaluna
|-damage|p2a: Ursaluna|4/100
|-boost|p1a: Volcarona|spa|1
|move|p1b: Flamigo|Dual Wingbeat|p2a: Ursaluna|[miss]
|-miss|p1b: Flamigo|p2a: Ursaluna
|move|p2a: Ursaluna|Blood Moon|p1b: Flamigo
|-enditem|p1b: Flamigo|Focus Sash
|-damage|p1b: Flamigo|1/100
|
|-weather|Snowscape|[upkeep]
|upkeep
|turn|5
|inactive|captainspoon has 30 seconds left.
|
|t:|1756463216
|move|p1b: Flamigo|Protect|p1b: Flamigo
|-singleturn|p1b: Flamigo|Protect
|move|p2b: Dragonite|Extreme Speed|p1a: Volcarona
|-damage|p1a: Volcarona|68/100
|move|p2a: Ursaluna|Vacuum Wave|p1b: Flamigo
|-activate|p1b: Flamigo|move: Protect
|move|p1a: Volcarona|Quiver Dance|p1a: Volcarona
|-boost|p1a: Volcarona|spa|1
|-boost|p1a: Volcarona|spd|1
|-boost|p1a: Volcarona|spe|1
|
|-weather|none
|-heal|p1a: Volcarona|74/100|[from] item: Leftovers
|upkeep
|turn|6
|l|☆Lacossg
|inactive|Lacossg disconnected and has a minute to reconnect!
|player|p1|
|j|☆Lacossg
|inactive|Lacossg reconnected and has 50 seconds left.
|player|p1|Lacossg|265|
|
|t:|1756463239
|move|p1b: Flamigo|Protect||[still]
|-fail|p1b: Flamigo
|move|p2b: Dragonite|Extreme Speed|p1a: Volcarona
|-damage|p1a: Volcarona|40/100
|-status|p2b: Dragonite|brn|[from] ability: Flame Body|[of] p1a: Volcarona
|move|p2a: Ursaluna|Vacuum Wave|p1b: Flamigo
|-resisted|p1b: Flamigo
|-damage|p1b: Flamigo|0 fnt
|faint|p1b: Flamigo
|move|p1a: Volcarona|Fiery Dance|p2a: Ursaluna
|-damage|p2a: Ursaluna|0 fnt
|faint|p2a: Ursaluna
|
|-heal|p1a: Volcarona|46/100|[from] item: Leftovers
|-damage|p2b: Dragonite|95/100 brn|[from] brn
|upkeep
|
|t:|1756463249
|switch|p2a: Gholdengo|Gholdengo, L50|100/100
|turn|7
|inactive|captainspoon has 30 seconds left.
|inactive|captainspoon has 20 seconds left.
|
|t:|1756463286
|move|p2b: Dragonite|Extreme Speed|p1a: Volcarona
|-damage|p1a: Volcarona|30/100
|move|p1a: Volcarona|Fiery Dance|p2a: Gholdengo
|-supereffective|p2a: Gholdengo
|-damage|p2a: Gholdengo|0 fnt
|faint|p2a: Gholdengo
|
|-heal|p1a: Volcarona|36/100|[from] item: Leftovers
|-damage|p2b: Dragonite|89/100 brn|[from] brn
|upkeep
|turn|8
|
|t:|1756463297
|move|p1a: Volcarona|Protect|p1a: Volcarona
|-singleturn|p1a: Volcarona|Protect
|move|p2b: Dragonite|Extreme Speed|p1a: Volcarona
|-activate|p1a: Volcarona|move: Protect
|
|-heal|p1a: Volcarona|42/100|[from] item: Leftovers
|-damage|p2b: Dragonite|83/100 brn|[from] brn
|upkeep
|turn|9
|
|t:|1756463301
|move|p2b: Dragonite|Extreme Speed|p1a: Volcarona
|-damage|p1a: Volcarona|27/100
|move|p1a: Volcarona|Tera Blast|p2b: Dragonite|[anim] Tera Blast Fairy
|-supereffective|p2b: Dragonite
|-damage|p2b: Dragonite|0 fnt
|faint|p2b: Dragonite
|
|win|Lacossg
||captainspoon is ready for game 2.
||Lacossg is ready for game 2.
|uhtml|next|Next: Game 2 of 3
