|j|☆king_1511
|j|☆i love all turtles
|html|king_1511i love all turtles    
|uhtml|bestof|Game 1 of a best-of-3
|t:|1785751554
|gametype|doubles
|player|p1|king_1511|101|1000
|player|p2|i love all turtles|volkner|1047
|gen|9
|tier|[Gen 9 Champions] VGC 2026 Reg M-B (Bo3)
|rated|
|rule|Species Clause: Limit one of each Pokémon
|rule|Item Clause: Limit 1 of each item
|clearpoke
|poke|p1|Eelektross, L50, F, shiny|
|poke|p1|Talonflame, L50, M, shiny|
|poke|p1|Garchomp, L50, F, shiny|
|poke|p1|Kingambit, L50, M, shiny|
|poke|p1|Sneasler, L50, M, shiny|
|poke|p1|Basculegion, L50, M, shiny|
|poke|p2|Froslass, L50, F|
|poke|p2|Basculegion, L50, M|
|poke|p2|Kingambit, L50, F|
|poke|p2|Sneasler, L50, F|
|poke|p2|Lycanroc-Dusk, L50, F|
|poke|p2|Scovillain, L50, M, shiny|
|teampreview|4
|showteam|p1|Eelektross||Eelektrossite|Levitate|Thunderbolt,GigaDrain,Flamethrower,Protect|Modest||F|||50|]Talonflame||SharpBeak|GaleWings|Tailwind,FlareBlitz,DualWingbeat,Protect|Jolly||M|||50|]Garchomp||LifeOrb|RoughSkin|Earthquake,DragonClaw,RockSlide,Protect|Jolly||F|||50|]Kingambit||ChopleBerry|Defiant|KowtowCleave,LowKick,IronHead,Protect|Adamant||M|||50|]Sneasler||WhiteHerb|Unburden|DireClaw,CloseCombat,FakeOut,Protect|Jolly||M|||50|]Basculegion||ChoiceScarf|Adaptability|LastRespects,AquaJet,WaveCrash,FlipTurn|Adamant||M|||50|
|showteam|p2|Froslass||Froslassite|CursedBody|Blizzard,ShadowBall,AuroraVeil,Protect|Timid||F|||50|]Basculegion||SitrusBerry|Adaptability|WaveCrash,LastRespects,AquaJet,Protect|Adamant||M|||50|]Kingambit||LifeOrb|Defiant|KowtowCleave,SuckerPunch,SwordsDance,Protect|Adamant||F|||50|]Sneasler||WhiteHerb|Unburden|CloseCombat,GunkShot,Protect,FakeOut|Adamant||F|||50|]Lycanroc-Dusk||FocusSash|ToughClaws|CloseCombat,Accelerock,RockSlide,Protect|Adamant||F|||50|]Scovillain||Scovillainite|Moody|GigaDrain,Overheat,RagePowder,Protect|Bold||M|||50|
|
|t:|1785751600
|teamsize|p1|4
|teamsize|p2|4
|start
|switch|p1a: Sneasler|Sneasler, L50, M, shiny|100/100
|switch|p1b: Talonflame|Talonflame, L50, M, shiny|100/100
|switch|p2a: Basculegion|Basculegion, L50, M|100/100
|switch|p2b: Scovillain|Scovillain, L50, M, shiny|100/100
|turn|1
|inactive|Battle timer is ON: inactive players will automatically lose when time's up. (requested by i love all turtles)
|
|t:|1785751635
|move|p2b: Scovillain|Protect|p2b: Scovillain
|-singleturn|p2b: Scovillain|Protect
|move|p1b: Talonflame|Dual Wingbeat|p2b: Scovillain
|-activate|p2b: Scovillain|move: Protect
|move|p1a: Sneasler|Dire Claw|p2b: Scovillain
|-activate|p2b: Scovillain|move: Protect
|move|p2a: Basculegion|Wave Crash|p1b: Talonflame
|-supereffective|p1b: Talonflame|1
|-damage|p1b: Talonflame|0 fnt
|faint|p1b: Talonflame
|-damage|p2a: Basculegion|76/100|[from] Recoil
|
|-ability|p2b: Scovillain|Moody|boost
|-boost|p2b: Scovillain|spa|2
|-unboost|p2b: Scovillain|atk|1
|upkeep
|
|t:|1785751652
|switch|p1b: Kingambit|Kingambit, L50, M, shiny|100/100
|turn|2
|
|t:|1785751658
|detailschange|p2b: Scovillain|Scovillain-Mega, L50, M, shiny
|-mega|p2b: Scovillain|Scovillain|Scovillainite
|move|p1a: Sneasler|Dire Claw|p2b: Scovillain
|-supereffective|p2b: Scovillain|1
|-damage|p2b: Scovillain|19/100
|-status|p2b: Scovillain|slp
|-status|p1a: Sneasler|brn|[from] ability: Spicy Spray|[of] p2b: Scovillain
|cant|p2b: Scovillain|slp
|move|p2a: Basculegion|Wave Crash|p1a: Sneasler
|-damage|p1a: Sneasler|0 fnt
|faint|p1a: Sneasler
|-damage|p2a: Basculegion|52/100|[from] Recoil
|move|p1b: Kingambit|Kowtow Cleave|p2a: Basculegion
|-supereffective|p2a: Basculegion|1
|-damage|p2a: Basculegion|0 fnt
|faint|p2a: Basculegion
|
|upkeep
|
|t:|1785751680
|switch|p1a: Eelektross|Eelektross, L50, F, shiny|100/100
|switch|p2a: Sneasler|Sneasler, L50, F|100/100
|turn|3
|inactive|king_1511 has 30 seconds left.
|
|t:|1785751711
|detailschange|p1a: Eelektross|Eelektross-Mega, L50, F, shiny
|-mega|p1a: Eelektross|Eelektross|Eelektrossite
|move|p1b: Kingambit|Protect|p1b: Kingambit
|-singleturn|p1b: Kingambit|Protect
|move|p2a: Sneasler|Fake Out|p1a: Eelektross
|-damage|p1a: Eelektross|84/100
|cant|p1a: Eelektross|flinch
|-curestatus|p2b: Scovillain|slp|[msg]
|move|p2b: Scovillain|Overheat|p1b: Kingambit
|-activate|p1b: Kingambit|move: Protect
|
|upkeep
|turn|4
|inactive|king_1511 has 30 seconds left.
|
|t:|1785751738
|move|p2a: Sneasler|Close Combat|p1b: Kingambit
|-supereffective|p1b: Kingambit|2
|-enditem|p1b: Kingambit|Chople Berry|[eat]
|-enditem|p1b: Kingambit|Chople Berry|[weaken]
|-damage|p1b: Kingambit|10/100
|-unboost|p2a: Sneasler|def|1
|-unboost|p2a: Sneasler|spd|1
|-enditem|p2a: Sneasler|White Herb
|-clearnegativeboost|p2a: Sneasler|[silent]
|move|p1a: Eelektross|Flamethrower|p2b: Scovillain
|-damage|p2b: Scovillain|0 fnt
|-status|p1a: Eelektross|brn|[from] ability: Spicy Spray|[of] p2b: Scovillain
|faint|p2b: Scovillain
|-ability|p1a: Eelektross|Eelevate|boost
|-boost|p1a: Eelektross|spa|1
|move|p1b: Kingambit|Kowtow Cleave|p2a: Sneasler
|-resisted|p2a: Sneasler|1
|-damage|p2a: Sneasler|70/100
|
|-damage|p1a: Eelektross|78/100 brn|[from] brn
|upkeep
|
|t:|1785751749
|switch|p2b: Kingambit|Kingambit, L50, F|100/100
|turn|5
|
|t:|1785751766
|move|p2a: Sneasler|Close Combat|p1b: Kingambit
|-supereffective|p1b: Kingambit|2
|-damage|p1b: Kingambit|0 fnt
|-unboost|p2a: Sneasler|def|1
|-unboost|p2a: Sneasler|spd|1
|faint|p1b: Kingambit
|move|p1a: Eelektross|Giga Drain|p2a: Sneasler
|-resisted|p2a: Sneasler|1
|-damage|p2a: Sneasler|36/100
|-heal|p1a: Eelektross|97/100 brn|[from] drain|[of] p2a: Sneasler
|move|p2b: Kingambit|Kowtow Cleave|p1a: Eelektross
|-damage|p1a: Eelektross|17/100 brn
|-damage|p2b: Kingambit|90/100|[from] item: Life Orb
|
|-damage|p1a: Eelektross|11/100 brn|[from] brn
|upkeep
|turn|6
|
|t:|1785751784
|move|p2b: Kingambit|Sucker Punch|p1a: Eelektross
|-damage|p1a: Eelektross|0 fnt
|faint|p1a: Eelektross
|-damage|p2b: Kingambit|80/100|[from] item: Life Orb
|
|win|i love all turtles
