|j|☆UmamusumeDerby
|j|☆Vicentefc2
|html|UmamusumeDerbyVicentefc2    
|uhtml|bestof|Game 1 of a best-of-3
|t:|1757809777
|gametype|doubles
|player|p1|UmamusumeDerby|bugcatcher-gen4dp|1206
|player|p2|Vicentefc2|hilbert|1294
|gen|9
|tier|[Gen 9] VGC 2025 Reg H (Bo3)
|rated|
|rule|Species Clause: Limit one of each Pokémon
|rule|Item Clause: Limit 1 of each item
|clearpoke
|poke|p1|Ninetales-Alola, L50, M|
|poke|p1|Archaludon, L50, F|
|poke|p1|Dragapult, L50, F|
|poke|p1|Sneasler, L50, M|
|poke|p1|Incineroar, L50, M|
|poke|p1|Rillaboom, L50, F|
|poke|p2|Rillaboom, L50, M|
|poke|p2|Annihilape, L50, M|
|poke|p2|Politoed, L50, M|
|poke|p2|Murkrow, L50, M|
|poke|p2|Archaludon, L50, M|
|poke|p2|Maushold, L50|
|teampreview|4
|showteam|p1|Ninetales-Alola||CovertCloak|SnowWarning|IcyWind,AuroraVeil,Blizzard,FreezeDry|||M|||50|,,,,,Water]Archaludon||PowerHerb|Sturdy|ElectroShot,DracoMeteor,Thunderbolt,Protect|||F|||50|,,,,,Electric]Dragapult||ChoiceBand|ClearBody|DragonDarts,Outrage,PhantomForce,Uturn|||F|||50|,,,,,Dragon]Sneasler||FocusSash|PoisonTouch|FakeOut,DireClaw,CloseCombat,Protect|||M|||50|,,,,,Ghost]Incineroar||SafetyGoggles|Intimidate|FlareBlitz,KnockOff,Uturn,FakeOut|||M|||50|,,,,,Bug]Rillaboom||AssaultVest|GrassySurge|WoodHammer,FakeOut,HighHorsepower,GrassyGlide|||F|||50|,,,,,Ghost
|showteam|p2|Rillaboom||AssaultVest|GrassySurge|WoodHammer,GrassyGlide,Uturn,FakeOut|||M|||50|,,,,,Fire]Annihilape||SafetyGoggles|Defiant|DrainPunch,RageFist,BulkUp,Protect|||M|||50|,,,,,Fire]Politoed||LifeOrb|Drizzle|WeatherBall,IceBeam,EarthPower,Protect|||M|||50|,,,,,Grass]Murkrow||Eviolite|Prankster|FoulPlay,Taunt,Haze,Tailwind|||M|||50|,,,,,Steel]Archaludon||PowerHerb|Sturdy|ElectroShot,DracoMeteor,FlashCannon,Protect|||M|||50|,,,,,Electric]Maushold||FocusSash|Technician|PopulationBomb,BeatUp,FollowMe,Protect||||||50|,,,,,Ghost
|inactive|Battle timer is ON: inactive players will automatically lose when time's up. (requested by Vicentefc2)
|
|t:|1757809803
|teamsize|p1|4
|teamsize|p2|4
|start
|switch|p1a: Dragapult|Dragapult, L50, F|100/100
|switch|p1b: Sneasler|Sneasler, L50, M|100/100
|switch|p2a: rocky|Annihilape, L50, M|100/100
|switch|p2b: megadramon|Archaludon, L50, M|100/100
|turn|1
|inactive|Vicentefc2 has 30 seconds left.
|
|t:|1757809829
|-terastallize|p1a: Dragapult|Dragon
|move|p1b: Sneasler|Fake Out|p2b: megadramon
|-resisted|p2b: megadramon
|-damage|p2b: megadramon|94/100
|move|p1a: Dragapult|Outrage|p2a: rocky
|-crit|p2a: rocky
|-damage|p2a: rocky|0 fnt
|faint|p2a: rocky
|cant|p2b: megadramon|flinch
|
|upkeep
|
|t:|1757809841
|switch|p2a: gamabunta|Politoed, L50, M, shiny|100/100
|-weather|RainDance|[from] ability: Drizzle|[of] p2a: gamabunta
|turn|2
|
|t:|1757809855
|move|p2b: megadramon|Protect|p2b: megadramon
|-singleturn|p2b: megadramon|Protect
|move|p1a: Dragapult|Outrage|p2b: megadramon|[from] lockedmove
|-activate|p2b: megadramon|move: Protect
|move|p1b: Sneasler|Close Combat|p2b: megadramon
|-activate|p2b: megadramon|move: Protect
|move|p2a: gamabunta|Ice Beam|p1a: Dragapult
|-supereffective|p1a: Dragapult
|-damage|p1a: Dragapult|3/100
|-status|p1a: Dragapult|frz
|-damage|p2a: gamabunta|91/100|[from] item: Life Orb
|
|-weather|RainDance|[upkeep]
|upkeep
|turn|3
|
|t:|1757809876
|-terastallize|p2b: megadramon|Electric
|-curestatus|p1a: Dragapult|frz|[msg]
|move|p1a: Dragapult|Outrage|p2a: gamabunta
|-crit|p2a: gamabunta
|-damage|p2a: gamabunta|0 fnt
|faint|p2a: gamabunta
|move|p1b: Sneasler|Close Combat|p2b: megadramon
|-damage|p2b: megadramon|44/100
|-unboost|p1b: Sneasler|def|1
|-unboost|p1b: Sneasler|spd|1
|move|p2b: megadramon|Electro Shot||[still]
|-prepare|p2b: megadramon|Electro Shot
|-boost|p2b: megadramon|spa|1
|-anim|p2b: megadramon|Electro Shot|p1b: Sneasler
|-enditem|p1b: Sneasler|Focus Sash
|-damage|p1b: Sneasler|1/100
|
|-weather|RainDance|[upkeep]
|upkeep
|
|t:|1757809884
|switch|p2a: donkey kong|Rillaboom, L50, M|100/100
|-fieldstart|move: Grassy Terrain|[from] ability: Grassy Surge|[of] p2a: donkey kong
|turn|4
|
|t:|1757809897
|move|p2a: donkey kong|Grassy Glide|p1a: Dragapult
|-resisted|p1a: Dragapult
|-damage|p1a: Dragapult|0 fnt
|faint|p1a: Dragapult
|move|p1b: Sneasler|Dire Claw|p2a: donkey kong
|-supereffective|p2a: donkey kong
|-damage|p2a: donkey kong|23/100
|-status|p2a: donkey kong|par
|move|p2b: megadramon|Flash Cannon|p1b: Sneasler
|-damage|p1b: Sneasler|0 fnt
|faint|p1b: Sneasler
|
|-weather|RainDance|[upkeep]
|-heal|p2b: megadramon|50/100|[from] Grassy Terrain
|-heal|p2a: donkey kong|29/100 par|[from] Grassy Terrain
|upkeep
|
|t:|1757809899
|switch|p1a: Ninetales|Ninetales-Alola, L50, M|100/100
|switch|p1b: Archaludon|Archaludon, L50, F, shiny|100/100
|-weather|Snowscape|[from] ability: Snow Warning|[of] p1a: Ninetales
|turn|5
|
|t:|1757809914
|move|p1a: Ninetales|Blizzard|p2b: megadramon|[spread] p2a,p2b
|-supereffective|p2a: donkey kong
|-damage|p2a: donkey kong|0 fnt
|-damage|p2b: megadramon|0 fnt
|faint|p2a: donkey kong
|faint|p2b: megadramon
|
|win|UmamusumeDerby
