|j|☆StarfleetEnsignAnt
|j|☆Jakobtc
|html|StarfleetEnsignAntJakobtc    
|uhtml|bestof|Game 1 of a best-of-3
|t:|1757700488
|gametype|doubles
|player|p1|StarfleetEnsignAnt|swimmerf|1067
|player|p2|Jakobtc|riley|1147
|gen|9
|tier|[Gen 9] VGC 2025 Reg H (Bo3)
|rated|
|rule|Species Clause: Limit one of each Pokémon
|rule|Item Clause: Limit 1 of each item
|clearpoke
|poke|p1|Torkoal, L50, F|
|poke|p1|Lilligant-Hisui, L50, F|
|poke|p1|Ursaluna, L50, M|
|poke|p1|Bronzong, L50|
|poke|p1|Incineroar, L50, M|
|poke|p1|Indeedee-F, L50, F|
|poke|p2|Drifblim, L50, F|
|poke|p2|Indeedee, L50, M|
|poke|p2|Arcanine-Hisui, L50, F|
|poke|p2|Garchomp, L50, M|
|poke|p2|Amoonguss, L50, M|
|poke|p2|Primarina, L50, F|
|teampreview|4
|showteam|p1|Torkoal||Charcoal|Drought|Eruption,HeatWave,EarthPower,Protect|||F|||50|,,,,,Fire]Lilligant-Hisui||FocusSash|Chlorophyll|CloseCombat,LeafBlade,SunnyDay,AfterYou|||F|||50|,,,,,Ghost]Ursaluna||FlameOrb|Guts|Facade,HeadlongRush,ShadowClaw,Protect|||M|||50|,,,,,Ghost]Bronzong||CovertCloak|Levitate|BodyPress,TrickRoom,Safeguard,Protect||||||50|,,,,,Dark]Incineroar||SafetyGoggles|Intimidate|FakeOut,FlareBlitz,KnockOff,PartingShot|||M|||50|,,,,,Ghost]Indeedee-F||MentalHerb|PsychicSurge|Psychic,FollowMe,TrickRoom,HelpingHand|||F|||50|,,,,,Dark
|showteam|p2|Drifblim||PsychicSeed|Unburden|Tailwind,StrengthSap,WillOWisp,Acrobatics|||F|||50|,,,,,Grass]Indeedee||FocusSash|PsychicSurge|ExpandingForce,TeraBlast,SkillSwap,Protect|||M|||50|,,,,,Fighting]Arcanine-Hisui||ChoiceBand|Intimidate|RockSlide,FlareBlitz,ExtremeSpeed,CloseCombat|||F|||50|,,,,,Grass]Garchomp||LifeOrb|RoughSkin|StompingTantrum,DragonClaw,Earthquake,Protect|||M|||50|,,,,,Ground]Amoonguss||SitrusBerry|Regenerator|Spore,LeafStorm,RagePowder,Protect|||M|||50|,,,,,Water]Primarina||MysticWater|LiquidVoice|HyperVoice,Moonblast,Haze,Protect|||F|||50|,,,,,Steel
|c|☆Jakobtc|glhf
|c|☆StarfleetEnsignAnt|u2
|c|☆StarfleetEnsignAnt|WAIT A SECOND WE CANNOT BE NICE
|c|☆StarfleetEnsignAnt|THIS IS THE INTERNET
|c|☆Jakobtc|true
|c|☆StarfleetEnsignAnt|WE HATE EVERYONE
|c|☆StarfleetEnsignAnt|caps to sorry
|c|☆StarfleetEnsignAnt|I mean uhm
|c|☆Jakobtc|you suck lol
|c|☆StarfleetEnsignAnt|I am not sorry!
|c|☆Jakobtc|lol
|c|☆StarfleetEnsignAnt|yes I am sucking, this loly pop is pretty tasty waaaait a second
|c|☆Jakobtc|lol
|
|t:|1757700563
|teamsize|p1|4
|teamsize|p2|4
|start
|switch|p1a: Ursaluna|Ursaluna, L50, M|100/100
|switch|p1b: Bronzong|Bronzong, L50|100/100
|switch|p2a: Drifblim|Drifblim, L50, F|100/100
|switch|p2b: Indeedee|Indeedee, L50, M|100/100
|-fieldstart|move: Psychic Terrain|[from] ability: Psychic Surge|[of] p2b: Indeedee
|-enditem|p2a: Drifblim|Psychic Seed
|-boost|p2a: Drifblim|spd|1|[from] item: Psychic Seed
|turn|1
|
|t:|1757700591
|move|p1a: Ursaluna|Protect|p1a: Ursaluna
|-singleturn|p1a: Ursaluna|Protect
|move|p2a: Drifblim|Strength Sap|p1a: Ursaluna
|-activate|p1a: Ursaluna|move: Protect
|move|p2b: Indeedee|Skill Swap|p1b: Bronzong
|-activate|p2b: Indeedee|move: Skill Swap|Levitate|Psychic Surge|[of] p1b: Bronzong
|move|p1b: Bronzong|Trick Room|p1b: Bronzong
|-fieldstart|move: Trick Room|[of] p1b: Bronzong
|
|-status|p1a: Ursaluna|brn|[from] item: Flame Orb
|upkeep
|turn|2
|
|t:|1757700620
|switch|p2a: Arcanine|Arcanine-Hisui, L50, F|100/100
|-ability|p2a: Arcanine|Intimidate|boost
|-unboost|p1a: Ursaluna|atk|1
|-unboost|p1b: Bronzong|atk|1
|move|p2b: Indeedee|Protect|p2b: Indeedee
|-singleturn|p2b: Indeedee|Protect
|move|p1b: Bronzong|Body Press|p2b: Indeedee
|-activate|p2b: Indeedee|move: Protect
|move|p1a: Ursaluna|Facade|p2b: Indeedee
|-activate|p2b: Indeedee|move: Protect
|
|-damage|p1a: Ursaluna|94/100 brn|[from] brn
|upkeep
|turn|3
|
|t:|1757700638
|switch|p2a: Drifblim|Drifblim, L50, F|100/100
|move|p1b: Bronzong|Body Press|p2b: Indeedee
|-damage|p2b: Indeedee|56/100
|move|p1a: Ursaluna|Facade|p2b: Indeedee
|-damage|p2b: Indeedee|0 fnt
|faint|p2b: Indeedee
|
|-damage|p1a: Ursaluna|88/100 brn|[from] brn
|upkeep
|
|t:|1757700648
|switch|p2b: Arcanine|Arcanine-Hisui, L50, F|100/100
|-ability|p2b: Arcanine|Intimidate|boost
|-unboost|p1a: Ursaluna|atk|1
|-unboost|p1b: Bronzong|atk|1
|turn|4
|
|t:|1757700663
|switch|p1a: Torkoal|Torkoal, L50, F|100/100
|-weather|SunnyDay|[from] ability: Drought|[of] p1a: Torkoal
|-terastallize|p2b: Arcanine|Grass
|move|p1b: Bronzong|Safeguard|p1b: Bronzong
|-sidestart|p1: StarfleetEnsignAnt|Safeguard
|move|p2a: Drifblim|Acrobatics|p1a: Torkoal
|-damage|p1a: Torkoal|75/100
|move|p2b: Arcanine|Flare Blitz|p1a: Torkoal
|-resisted|p1a: Torkoal
|-damage|p1a: Torkoal|24/100
|-damage|p2b: Arcanine|85/100|[from] Recoil
|
|-weather|SunnyDay|[upkeep]
|upkeep
|turn|5
|
|t:|1757700687
|switch|p2b: Primarina|Primarina, L50, F|100/100
|-terastallize|p1a: Torkoal|Fire
|move|p1a: Torkoal|Heat Wave|p2b: Primarina|[spread] p2a
|-miss|p1a: Torkoal|p2b: Primarina
|-damage|p2a: Drifblim|24/100
|move|p1b: Bronzong|Body Press|p2b: Primarina
|-resisted|p2b: Primarina
|-damage|p2b: Primarina|89/100
|move|p2a: Drifblim|Acrobatics|p1a: Torkoal
|-damage|p1a: Torkoal|0 fnt
|faint|p1a: Torkoal
|
|-weather|SunnyDay|[upkeep]
|-fieldend|move: Trick Room
|-fieldend|move: Psychic Terrain
|upkeep
|
|t:|1757700703
|switch|p1a: Indeedee|Indeedee-F, L50, F, shiny|100/100
|-fieldstart|move: Psychic Terrain|[from] ability: Psychic Surge|[of] p1a: Indeedee
|turn|6
|
|t:|1757700712
|move|p2a: Drifblim|Acrobatics|p1a: Indeedee
|-damage|p1a: Indeedee|58/100
|move|p2b: Primarina|Moonblast|p1a: Indeedee
|-damage|p1a: Indeedee|20/100
|move|p1a: Indeedee|Psychic|p2a: Drifblim
|-damage|p2a: Drifblim|0 fnt
|faint|p2a: Drifblim
|move|p1b: Bronzong|Trick Room|p1b: Bronzong
|-fieldstart|move: Trick Room|[of] p1b: Bronzong
|
|-weather|SunnyDay|[upkeep]
|upkeep
|
|t:|1757700721
|switch|p2a: Arcanine|Arcanine-Hisui, L50, F, tera:Grass|85/100
|-ability|p2a: Arcanine|Intimidate|boost
|-unboost|p1a: Indeedee|atk|1
|-unboost|p1b: Bronzong|atk|1
|turn|7
|
|t:|1757700745
|move|p1a: Indeedee|Follow Me|p1a: Indeedee
|-singleturn|p1a: Indeedee|move: Follow Me
|move|p1b: Bronzong|Body Press|p2a: Arcanine
|-damage|p2a: Arcanine|57/100
|move|p2b: Primarina|Moonblast|p1a: Indeedee
|-damage|p1a: Indeedee|0 fnt
|faint|p1a: Indeedee
|move|p2a: Arcanine|Flare Blitz|p1b: Bronzong
|-supereffective|p1b: Bronzong
|-damage|p1b: Bronzong|0 fnt
|faint|p1b: Bronzong
|-damage|p2a: Arcanine|24/100|[from] Recoil
|
|-weather|SunnyDay|[upkeep]
|upkeep
|
|t:|1757700770
|switch|p1b: Ursaluna|Ursaluna, L50, M|88/100 brn
|turn|8
|
|t:|1757700778
|move|p1b: Ursaluna|Facade|p2b: Primarina
|-damage|p2b: Primarina|0 fnt
|faint|p2b: Primarina
|move|p2a: Arcanine|Flare Blitz|p1b: Ursaluna
|-damage|p1b: Ursaluna|0 fnt
|faint|p1b: Ursaluna
|-damage|p2a: Arcanine|0 fnt|[from] Recoil
|faint|p2a: Arcanine
|
|win|Jakobtc
||StarfleetEnsignAnt is ready for game 2.
