|j|☆snailboss
|j|☆Quill86
|html|snailbossQuill86    
|uhtml|bestof|Game 1 of a best-of-3
|t:|1757635203
|gametype|doubles
|player|p1|snailboss|hilda-wonderlauncher|1161
|player|p2|Quill86|lucas|1283
|gen|9
|tier|[Gen 9] VGC 2025 Reg H (Bo3)
|rated|
|rule|Species Clause: Limit one of each Pokémon
|rule|Item Clause: Limit 1 of each item
|clearpoke
|poke|p1|Kingambit, L50, M|
|poke|p1|Rillaboom, L50, F|
|poke|p1|Volcarona, L50, F|
|poke|p1|Tauros-Paldea-Aqua, L50, M|
|poke|p1|Electabuzz, L50, M|
|poke|p1|Ninetales-Alola, L50, F|
|poke|p2|Incineroar, L50, M|
|poke|p2|Gholdengo, L50|
|poke|p2|Ursaluna-Bloodmoon, L50, M|
|poke|p2|Amoonguss, L50, M|
|poke|p2|Indeedee-F, L50, F|
|poke|p2|Kommo-o, L50, M|
|teampreview|4
|showteam|p1|Kingambit||BlackGlasses|Defiant|SuckerPunch,KowtowCleave,SwordsDance,Protect|||M|||50|,,,,,Fire]Rillaboom||AssaultVest|GrassySurge|FakeOut,GrassyGlide,WoodHammer,HighHorsepower|||F|||50|,,,,,Fire]Volcarona||CovertCloak|FlameBody|QuiverDance,HeatWave,GigaDrain,Protect|||F|||50|,,,,,Grass]Tauros-Paldea-Aqua||GrassySeed|Intimidate|WaveCrash,BodyPress,Protect,AquaJet|||M|||50|,,,,,Fire]Electabuzz||Eviolite|VitalSpirit|Taunt,Thunderbolt,Protect,FollowMe|||M|||50|,,,,,Ghost]Ninetales-Alola||FocusSash|SnowWarning|Protect,Encore,FreezeDry,Disable|||F|||50|,,,,,Ghost
|showteam|p2|Incineroar||SafetyGoggles|Intimidate|FakeOut,FlareBlitz,KnockOff,PartingShot|||M|||50|,,,,,Ghost]Gholdengo||SitrusBerry|GoodasGold|MakeItRain,ShadowBall,NastyPlot,Protect||||||50|,,,,,Water]Ursaluna-Bloodmoon||LifeOrb|MindsEye|BloodMoon,HyperVoice,EarthPower,Protect|||M|||50|,,,,,Normal]Amoonguss||MentalHerb|Regenerator|Spore,RagePowder,PollenPuff,ClearSmog|||M|||50|,,,,,Dragon]Indeedee-F||PsychicSeed|PsychicSurge|FollowMe,TrickRoom,HelpingHand,DazzlingGleam|||F|||50|,,,,,Fairy]Kommo-o||Leftovers|Overcoat|Flamethrower,IronDefense,BodyPress,Protect|||M|||50|,,,,,Fire
|inactive|Battle timer is ON: inactive players will automatically lose when time's up. (requested by Quill86)
|
|t:|1757635259
|teamsize|p1|4
|teamsize|p2|4
|start
|switch|p1a: Volcarona|Volcarona, L50, F|100/100
|switch|p1b: Kingambit|Kingambit, L50, M|100/100
|switch|p2a: Indeedee|Indeedee-F, L50, F|100/100
|switch|p2b: Ursaluna|Ursaluna-Bloodmoon, L50, M|100/100
|-fieldstart|move: Psychic Terrain|[from] ability: Psychic Surge|[of] p2a: Indeedee
|-enditem|p2a: Indeedee|Psychic Seed
|-boost|p2a: Indeedee|spd|1|[from] item: Psychic Seed
|turn|1
|
|t:|1757635275
|-terastallize|p2a: Indeedee|Fairy
|move|p1a: Volcarona|Quiver Dance|p1a: Volcarona
|-boost|p1a: Volcarona|spa|1
|-boost|p1a: Volcarona|spd|1
|-boost|p1a: Volcarona|spe|1
|move|p1b: Kingambit|Kowtow Cleave|p2a: Indeedee
|-resisted|p2a: Indeedee
|-damage|p2a: Indeedee|71/100
|move|p2b: Ursaluna|Earth Power|p1b: Kingambit
|-supereffective|p1b: Kingambit
|-damage|p1b: Kingambit|0 fnt
|faint|p1b: Kingambit
|-damage|p2b: Ursaluna|90/100|[from] item: Life Orb
|move|p2a: Indeedee|Trick Room|p2a: Indeedee
|-fieldstart|move: Trick Room|[of] p2a: Indeedee
|
|upkeep
|
|t:|1757635285
|switch|p1b: Rillaboom|Rillaboom, L50, F|100/100
|-fieldstart|move: Grassy Terrain|[from] ability: Grassy Surge|[of] p1b: Rillaboom
|turn|2
|
|t:|1757635301
|switch|p2a: Incineroar|Incineroar, L50, M|100/100
|-ability|p2a: Incineroar|Intimidate|boost
|-unboost|p1a: Volcarona|atk|1
|-unboost|p1b: Rillaboom|atk|1
|move|p2b: Ursaluna|Protect|p2b: Ursaluna
|-singleturn|p2b: Ursaluna|Protect
|move|p1b: Rillaboom|Wood Hammer|p2a: Incineroar
|-resisted|p2a: Incineroar
|-damage|p2a: Incineroar|81/100
|-damage|p1b: Rillaboom|94/100|[from] Recoil
|move|p1a: Volcarona|Heat Wave|p2b: Ursaluna|[spread] 
|-activate|p2b: Ursaluna|move: Protect
|-miss|p1a: Volcarona|p2a: Incineroar
|
|-heal|p2b: Ursaluna|96/100|[from] Grassy Terrain
|-heal|p2a: Incineroar|87/100|[from] Grassy Terrain
|-heal|p1b: Rillaboom|99/100|[from] Grassy Terrain
|upkeep
|turn|3
|inactive|Quill86 has 30 seconds left.
|
|t:|1757635326
|switch|p1b: Tauros|Tauros-Paldea-Aqua, L50, M|100/100
|-ability|p1b: Tauros|Intimidate|boost
|-unboost|p2a: Incineroar|atk|1
|-unboost|p2b: Ursaluna|atk|1
|-enditem|p1b: Tauros|Grassy Seed
|-boost|p1b: Tauros|def|1|[from] item: Grassy Seed
|-terastallize|p1a: Volcarona|Grass
|move|p2b: Ursaluna|Hyper Voice|p1a: Volcarona|[spread] p1a,p1b
|-crit|p1b: Tauros
|-damage|p1a: Volcarona|71/100
|-damage|p1b: Tauros|0 fnt
|faint|p1b: Tauros
|-damage|p2b: Ursaluna|86/100|[from] item: Life Orb
|move|p2a: Incineroar|Flare Blitz|p1a: Volcarona
|-supereffective|p1a: Volcarona
|-damage|p1a: Volcarona|5/100
|-damage|p2a: Incineroar|66/100|[from] Recoil
|move|p1a: Volcarona|Giga Drain|p2b: Ursaluna
|-supereffective|p2b: Ursaluna
|-damage|p2b: Ursaluna|0 fnt
|-heal|p1a: Volcarona|54/100|[from] drain|[of] p2b: Ursaluna
|faint|p2b: Ursaluna
|
|-heal|p2a: Incineroar|72/100|[from] Grassy Terrain
|-heal|p1a: Volcarona|60/100|[from] Grassy Terrain
|upkeep
|
|t:|1757635344
|switch|p2b: Amoonguss|Amoonguss, L50, M|100/100
|switch|p1b: Rillaboom|Rillaboom, L50, F|99/100
|turn|4
|
|t:|1757635355
|switch|p2b: Indeedee|Indeedee-F, L50, F, tera:Fairy|71/100
|-fieldstart|move: Psychic Terrain|[from] ability: Psychic Surge|[of] p2b: Indeedee
|move|p1a: Volcarona|Protect|p1a: Volcarona
|-singleturn|p1a: Volcarona|Protect
|move|p2a: Incineroar|Flare Blitz|p1a: Volcarona
|-activate|p1a: Volcarona|move: Protect
|move|p1b: Rillaboom|High Horsepower|p2a: Incineroar
|-supereffective|p2a: Incineroar
|-damage|p2a: Incineroar|22/100
|
|upkeep
|turn|5
|
|t:|1757635371
|move|p2b: Indeedee|Helping Hand|p2a: Incineroar
|-singleturn|p2a: Incineroar|Helping Hand|[of] p2b: Indeedee
|move|p1a: Volcarona|Protect||[still]
|-fail|p1a: Volcarona
|move|p2a: Incineroar|Flare Blitz|p1a: Volcarona
|-supereffective|p1a: Volcarona
|-damage|p1a: Volcarona|0 fnt
|faint|p1a: Volcarona
|-damage|p2a: Incineroar|3/100|[from] Recoil
|move|p1b: Rillaboom|Wood Hammer|p2b: Indeedee
|-damage|p2b: Indeedee|16/100
|-damage|p1b: Rillaboom|84/100|[from] Recoil
|
|-fieldend|move: Trick Room
|upkeep
|turn|6
|-message|snailboss forfeited.
|
|win|Quill86
||Quill86 is ready for game 2.
||snailboss is ready for game 2.
|uhtml|next|Next: Game 2 of 3
|l|☆Quill86
|player|p2|
