|j|☆wenas noches 2
|j|☆ToastedArt
|html|wenas noches 2ToastedArt    
|uhtml|bestof|Game 1 of a best-of-3
|t:|1785000557
|gametype|doubles
|player|p1|wenas noches 2|266|1061
|player|p2|ToastedArt|artist|1000
|gen|9
|tier|[Gen 9 Champions] VGC 2026 Reg M-B (Bo3)
|rated|
|rule|Species Clause: Limit one of each Pokémon
|rule|Item Clause: Limit 1 of each item
|clearpoke
|poke|p1|Gholdengo, L50|
|poke|p1|Milotic, L50, F|
|poke|p1|Farigiraf, L50, M|
|poke|p1|Whimsicott, L50, F|
|poke|p1|Garchomp, L50, F|
|poke|p1|Dragonite, L50, F|
|poke|p2|Falinks, L50, shiny|
|poke|p2|Incineroar, L50, F|
|poke|p2|Basculegion, L50, M|
|poke|p2|Sneasler, L50, F|
|poke|p2|Kingambit, L50, F|
|poke|p2|Vanilluxe, L50, F, shiny|
|teampreview|4
|showteam|p1|Gholdengo||LifeOrb|GoodasGold|Protect,NastyPlot,MakeItRain,ShadowBall|Bold|||||50|]Milotic||ChoiceScarf|Competitive|Scald,IcyWind,IceBeam,AlluringVoice|Timid||F|||50|]Farigiraf||SitrusBerry|ArmorTail|TwinBeam,AllySwitch,TrickRoom,HelpingHand|Relaxed||M|||50|]Whimsicott||FocusSash|Prankster|Tailwind,Moonblast,WorrySeed,FakeTears|Modest||F|||50|]Garchomp||WhiteHerb|RoughSkin|DragonClaw,StompingTantrum,Protect,RockSlide|Adamant||F|||50|]Dragonite||Dragoninite|Multiscale|DracoMeteor,Flamethrower,Thunderbolt,Protect|Modest||F|||50|
|showteam|p2|Falinks||Falinksite|Defiant|NoRetreat,CloseCombat,RockSlide,Protect|Adamant|||||50|]Incineroar||PasshoBerry|Intimidate|FakeOut,FlareBlitz,ThroatChop,PartingShot|Impish||F|||50|]Basculegion||SitrusBerry|Adaptability|WaveCrash,LastRespects,AquaJet,Protect|Adamant||M|||50|]Sneasler||FocusSash|PoisonTouch|PoisonJab,CloseCombat,FakeOut,Coaching|Jolly||F|||50|]Kingambit||LifeOrb|Defiant|KowtowCleave,SuckerPunch,SwordsDance,Protect|Adamant||F|||50|]Vanilluxe||ChoiceScarf|SnowWarning|Blizzard,FreezeDry,IcyWind,Taunt|Modest||F|||50|
|inactive|Battle timer is ON: inactive players will automatically lose when time's up. (requested by ToastedArt)
|
|t:|1785000586
|teamsize|p1|4
|teamsize|p2|4
|start
|switch|p1a: Gholdengo|Gholdengo, L50|100/100
|switch|p1b: Whimsicott|Whimsicott, L50, F|100/100
|switch|p2a: Kingambit|Kingambit, L50, F|100/100
|switch|p2b: Sneasler|Sneasler, L50, F|100/100
|turn|1
|
|t:|1785000603
|switch|p1b: Milotic|Milotic, L50, F|100/100
|switch|p1a: Garchomp|Garchomp, L50, F|100/100
|move|p2b: Sneasler|Coaching|p2a: Kingambit
|-boost|p2a: Kingambit|atk|1
|-boost|p2a: Kingambit|def|1
|move|p2a: Kingambit|Swords Dance|p2a: Kingambit
|-boost|p2a: Kingambit|atk|2
|
|upkeep
|turn|2
|
|t:|1785000624
|move|p1a: Garchomp|Protect|p1a: Garchomp
|-singleturn|p1a: Garchomp|Protect
|move|p2a: Kingambit|Sucker Punch||[still]
|-fail|p2a: Kingambit
|move|p1b: Milotic|Scald|p2a: Kingambit
|-damage|p2a: Kingambit|65/100
|move|p2b: Sneasler|Coaching|p2a: Kingambit
|-boost|p2a: Kingambit|atk|1
|-boost|p2a: Kingambit|def|1
|
|upkeep
|turn|3
|
|t:|1785000636
|switch|p2b: Vanilluxe|Vanilluxe, L50, F, shiny|100/100
|-weather|Snowscape|[from] ability: Snow Warning|[of] p2b: Vanilluxe
|switch|p1a: Whimsicott|Whimsicott, L50, F|100/100
|move|p2a: Kingambit|Sucker Punch|p1b: Milotic
|-damage|p1b: Milotic|0 fnt
|faint|p1b: Milotic
|-damage|p2a: Kingambit|55/100|[from] item: Life Orb
|
|-weather|Snowscape|[upkeep]
|upkeep
|
|t:|1785000645
|switch|p1b: Garchomp|Garchomp, L50, F|100/100
|turn|4
|
|t:|1785000655
|move|p1b: Garchomp|Protect|p1b: Garchomp
|-singleturn|p1b: Garchomp|Protect
|move|p2a: Kingambit|Sucker Punch||[still]
|-fail|p2a: Kingambit
|move|p2b: Vanilluxe|Blizzard|p1a: Whimsicott|[spread] p1a
|-activate|p1b: Garchomp|move: Protect
|-supereffective|p1a: Whimsicott|1
|-enditem|p1a: Whimsicott|Focus Sash
|-damage|p1a: Whimsicott|1/100
|move|p1a: Whimsicott|Moonblast|p2a: Kingambit
|-damage|p2a: Kingambit|18/100
|
|-weather|Snowscape|[upkeep]
|upkeep
|turn|5
|
|t:|1785000674
|move|p1b: Garchomp|Protect||[still]
|-fail|p1b: Garchomp
|move|p1a: Whimsicott|Tailwind|p1a: Whimsicott
|-sidestart|p1: wenas noches 2|move: Tailwind
|move|p2a: Kingambit|Sucker Punch||[still]
|-fail|p2a: Kingambit
|move|p2b: Vanilluxe|Blizzard|p1b: Garchomp|[spread] p1a,p1b
|-supereffective|p1a: Whimsicott|1
|-supereffective|p1b: Garchomp|2
|-damage|p1a: Whimsicott|0 fnt
|-damage|p1b: Garchomp|0 fnt
|faint|p1a: Whimsicott
|faint|p1b: Garchomp
|
|-weather|Snowscape|[upkeep]
|upkeep
|
|t:|1785000683
|switch|p1b: Gholdengo|Gholdengo, L50|100/100
|turn|6
|
|t:|1785000685
|move|p2a: Kingambit|Sucker Punch|p1b: Gholdengo
|-supereffective|p1b: Gholdengo|1
|-damage|p1b: Gholdengo|0 fnt
|faint|p1b: Gholdengo
|-damage|p2a: Kingambit|9/100|[from] item: Life Orb
|
|win|ToastedArt
