|j|☆sweetlysunny
|j|☆new mental
|html|sweetlysunnynew mental    
|uhtml|bestof|Game 2 of a best-of-3
|t:|1783883698
|gametype|doubles
|player|p1|sweetlysunny|serena|1153
|player|p2|new mental|volkner|1203
|gen|9
|tier|[Gen 9 Champions] VGC 2026 Reg M-B (Bo3)
|rated|
|rule|Species Clause: Limit one of each Pokémon
|rule|Item Clause: Limit 1 of each item
|clearpoke
|poke|p1|Torkoal, L50, M|
|poke|p1|Pyroar, L50, M|
|poke|p1|Vileplume, L50, F|
|poke|p1|Scrafty, L50, M|
|poke|p1|Farigiraf, L50, M|
|poke|p1|Sylveon, L50, F|
|poke|p2|Charizard, L50, F|
|poke|p2|Kingambit, L50, F|
|poke|p2|Sylveon, L50, M|
|poke|p2|Garchomp, L50, M|
|poke|p2|Aerodactyl, L50, F|
|poke|p2|Farigiraf, L50, M|
|teampreview|4
|showteam|p1|Torkoal||Charcoal|Drought|HeatWave,Eruption,HelpingHand,Protect|Quiet||M|||50|]Pyroar||Pyroarite|Unnerve|HeatWave,Overheat,ScorchingSands,Protect|Timid||M|||50|]Vileplume||FocusSash|Chlorophyll|EnergyBall,SludgeBomb,SleepPowder,AfterYou|Timid||F|||50|]Scrafty||Scraftinite|Intimidate|FakeOut,CloseCombat,PoisonJab,KnockOff|Brave||M|||50|]Farigiraf||SitrusBerry|ArmorTail|HyperVoice,Psychic,HelpingHand,TrickRoom|Bold||M|||50|]Sylveon||FairyFeather|Pixilate|HyperVoice,HyperBeam,QuickAttack,Protect|Quiet||F|||50|
|showteam|p2|Charizard||CharizarditeY|SolarPower|Protect,HeatWave,SolarBeam,WeatherBall|Modest||F|||50|]Kingambit||FocusSash|Defiant|IronHead,SuckerPunch,KowtowCleave,LowKick|Adamant||F|||50|]Sylveon||FairyFeather|Pixilate|Detect,HyperVoice,HyperBeam,QuickAttack|Modest||M|||50|]Garchomp||LifeOrb|RoughSkin|Protect,DragonClaw,Earthquake,RockSlide|Jolly||M|||50|]Aerodactyl||Aerodactylite|Unnerve|IceFang,RockSlide,Tailwind,DualWingbeat|Jolly||F|||50|]Farigiraf||SitrusBerry|ArmorTail|TrickRoom,Psychic,Thunderbolt,Roar|Bold||M|||50|
|inactive|Battle timer is ON: inactive players will automatically lose when time's up. (requested by sweetlysunny)
|inactive|sweetlysunny has 60 seconds left.
|
|t:|1783883732
|teamsize|p1|4
|teamsize|p2|4
|start
|switch|p1a: Pyroar|Pyroar, L50, M|100/100
|switch|p1b: Vileplume|Vileplume, L50, F|100/100
|switch|p2a: Sylveon|Sylveon, L50, M|100/100
|switch|p2b: Farigiraf|Farigiraf, L50, M|100/100
|-ability|p1a: Pyroar|Unnerve
|turn|1
|
|t:|1783883755
|detailschange|p1a: Pyroar|Pyroar-Mega, L50, M
|-mega|p1a: Pyroar|Pyroar|Pyroarite
|move|p1a: Pyroar|Heat Wave|p2a: Sylveon|[spread] p2a,p2b
|-damage|p2a: Sylveon|55/100
|-damage|p2b: Farigiraf|44/100
|-enditem|p2b: Farigiraf|Sitrus Berry|[eat]
|-heal|p2b: Farigiraf|69/100|[from] item: Sitrus Berry
|move|p1b: Vileplume|Sleep Powder|p2b: Farigiraf
|-status|p2b: Farigiraf|slp|[from] move: Sleep Powder
|move|p2a: Sylveon|Hyper Voice|p1a: Pyroar|[spread] p1a,p1b
|-resisted|p1a: Pyroar|1
|-resisted|p1b: Vileplume|1
|-damage|p1a: Pyroar|70/100
|-damage|p1b: Vileplume|66/100
|cant|p2b: Farigiraf|slp
|
|upkeep
|turn|2
|
|t:|1783883768
|switch|p1b: Torkoal|Torkoal, L50, M|100/100
|-weather|SunnyDay|[from] ability: Drought|[of] p1b: Torkoal
|move|p2a: Sylveon|Detect|p2a: Sylveon
|-singleturn|p2a: Sylveon|Protect
|move|p1a: Pyroar|Heat Wave|p2b: Farigiraf|[spread] p2b
|-activate|p2a: Sylveon|move: Protect
|-damage|p2b: Farigiraf|0 fnt
|faint|p2b: Farigiraf
|
|-weather|SunnyDay|[upkeep]
|upkeep
|
|t:|1783883776
|switch|p2b: Garchomp|Garchomp, L50, M|100/100
|turn|3
|inactive|new mental has 30 seconds left.
|
|t:|1783883805
|move|p1b: Torkoal|Protect|p1b: Torkoal
|-singleturn|p1b: Torkoal|Protect
|move|p2a: Sylveon|Quick Attack|p1b: Torkoal
|-activate|p1b: Torkoal|move: Protect
|move|p1a: Pyroar|Heat Wave|p2a: Sylveon|[spread] p2a,p2b
|-resisted|p2b: Garchomp|1
|-damage|p2a: Sylveon|0 fnt
|-damage|p2b: Garchomp|57/100
|faint|p2a: Sylveon
|move|p2b: Garchomp|Earthquake|p1a: Pyroar|[spread] p1a
|-activate|p1b: Torkoal|move: Protect
|-supereffective|p1a: Pyroar|1
|-damage|p1a: Pyroar|0 fnt
|faint|p1a: Pyroar
|-damage|p2b: Garchomp|47/100|[from] item: Life Orb
|
|-weather|SunnyDay|[upkeep]
|upkeep
|
|t:|1783883814
|switch|p1a: Vileplume|Vileplume, L50, F|66/100
|switch|p2a: Kingambit|Kingambit, L50, F|100/100
|turn|4
|
|t:|1783883825
|move|p2b: Garchomp|Protect|p2b: Garchomp
|-singleturn|p2b: Garchomp|Protect
|move|p1a: Vileplume|After You|p1b: Torkoal
|-activate|p1b: Torkoal|move: After You
|move|p1b: Torkoal|Eruption|p2a: Kingambit|[spread] p2a
|-activate|p2b: Garchomp|move: Protect
|-supereffective|p2a: Kingambit|1
|-enditem|p2a: Kingambit|Focus Sash
|-damage|p2a: Kingambit|1/100
|move|p2a: Kingambit|Kowtow Cleave|p1b: Torkoal
|-damage|p1b: Torkoal|65/100
|
|-weather|SunnyDay|[upkeep]
|upkeep
|turn|5
|
|t:|1783883838
|move|p2a: Kingambit|Sucker Punch|p1b: Torkoal
|-damage|p1b: Torkoal|31/100
|move|p1a: Vileplume|After You|p1b: Torkoal
|-activate|p1b: Torkoal|move: After You
|move|p1b: Torkoal|Heat Wave|p2b: Garchomp|[spread] p2a,p2b
|-supereffective|p2a: Kingambit|1
|-resisted|p2b: Garchomp|1
|-damage|p2a: Kingambit|0 fnt
|-damage|p2b: Garchomp|14/100
|faint|p2a: Kingambit
|move|p2b: Garchomp|Earthquake|p1b: Torkoal|[spread] p1a,p1b
|-supereffective|p1b: Torkoal|1
|-damage|p1a: Vileplume|0 fnt
|-damage|p1b: Torkoal|0 fnt
|faint|p1a: Vileplume
|faint|p1b: Torkoal
|-damage|p2b: Garchomp|4/100|[from] item: Life Orb
|
|-weather|SunnyDay|[upkeep]
|upkeep
|
|t:|1783883844
|switch|p1b: Sylveon|Sylveon, L50, F|100/100
|turn|6
|
|t:|1783883847
|move|p1b: Sylveon|Quick Attack|p2b: Garchomp
|-supereffective|p2b: Garchomp|1
|-damage|p2b: Garchomp|0 fnt
|-damage|p1b: Sylveon|87/100|[from] ability: Rough Skin|[of] p2b: Garchomp
|faint|p2b: Garchomp
|
|win|sweetlysunny
|raw|sweetlysunny's rating: 1153 → 1182(+29 for winning)
|raw|new mental's rating: 1203 → 1174(-29 for losing)
