|j|☆ZoryaPet
|j|☆retking
|html|ZoryaPetretking    
|uhtml|bestof|Game 3 of a best-of-3
|t:|1782533442
|gametype|doubles
|player|p1|ZoryaPet|2|
|player|p2|retking|n|
|gen|9
|tier|[Gen 9 Champions] VGC 2026 Reg M-B (Bo3)
|rule|Species Clause: Limit one of each Pokémon
|rule|Item Clause: Limit 1 of each item
|clearpoke
|poke|p1|Froslass, L50, F|
|poke|p1|Scovillain, L50, F|
|poke|p1|Lycanroc-Dusk, L50, F, shiny|
|poke|p1|Kingambit, L50, F|
|poke|p1|Sneasler, L50, F|
|poke|p1|Basculegion, L50, M|
|poke|p2|Whimsicott, L50, F|
|poke|p2|Floette-Eternal, L50, F|
|poke|p2|Charizard, L50, M|
|poke|p2|Garchomp, L50, F|
|poke|p2|Basculegion, L50, M|
|poke|p2|Kingambit, L50, F|
|teampreview|4
|showteam|p1|Froslass||Froslassite|CursedBody|Blizzard,ShadowBall,AuroraVeil,Protect|Modest||F|||50|]Scovillain||Scovillainite|Moody|Overheat,GigaDrain,RagePowder,Protect|Bold||F|||50|]Lycanroc-Dusk||FocusSash|ToughClaws|RockSlide,CloseCombat,Accelerock,Protect|Adamant||F|||50|]Kingambit||BlackGlasses|Defiant|KowtowCleave,SuckerPunch,SwordsDance,Protect|Adamant||F|||50|]Sneasler||WhiteHerb|Unburden|FakeOut,CloseCombat,GunkShot,Protect|Adamant||F|||50|]Basculegion||SitrusBerry|Adaptability|WaveCrash,LastRespects,AquaJet,Protect|Adamant||M|||50|
|showteam|p2|Whimsicott||FocusSash|Prankster|Moonblast,Tailwind,Encore,Protect|Timid||F|||50|]Floette-Eternal||Floettite|FlowerVeil|DazzlingGleam,Moonblast,LightofRuin,Protect|Timid||F|||50|]Charizard||CharizarditeY|Blaze|HeatWave,WeatherBall,SolarBeam,Protect|Modest||M|||50|]Garchomp||LifeOrb|RoughSkin|Earthquake,DragonClaw,RockSlide,Protect|Jolly||F|||50|]Basculegion||MysticWater|Adaptability|WaveCrash,LastRespects,AquaJet,Protect|Adamant||M|||50|]Kingambit||BlackGlasses|Defiant|KowtowCleave,SuckerPunch,IronHead,Protect|Adamant||F|||50|
|inactive|Battle timer is ON: inactive players will automatically lose when time's up. (requested by retking)
|inactive|ZoryaPet also wants the timer to be on.
|j| Carneyasada
|j| senseii trey
|j| TalonMasterJ
|j| Noobilio
|j| Mrpizzaofoz
|inactive|ZoryaPet has 60 seconds left.
|l| Noobilio
|inactive|ZoryaPet has 30 seconds left.
|inactive|ZoryaPet has 20 seconds left.
|j| Noobilio
|l| Noobilio
|inactive|ZoryaPet has 15 seconds left.
|j| Noobilio
|inactive|ZoryaPet has 10 seconds left.
|
|t:|1782533527
|teamsize|p1|4
|teamsize|p2|4
|start
|switch|p1a: Ông Già|Kingambit, L50, F|100/100
|switch|p1b: Móng Dài|Sneasler, L50, F|100/100
|switch|p2a: Floette|Floette-Eternal, L50, F|100/100
|switch|p2b: Whimsicott|Whimsicott, L50, F|100/100
|turn|1
|inactive|retking has 30 seconds left.
|inactive|ZoryaPet has 30 seconds left.
|inactive|retking has 20 seconds left.
|inactive|retking has 15 seconds left.
|inactive|retking has 10 seconds left.
|
|t:|1782533574
|move|p2a: Floette|Protect|p2a: Floette
|-singleturn|p2a: Floette|Protect
|move|p1b: Móng Dài|Fake Out|p2a: Floette
|-activate|p2a: Floette|move: Protect
|move|p2b: Whimsicott|Moonblast|p1b: Móng Dài
|-damage|p1b: Móng Dài|54/100
|move|p1a: Ông Già|Swords Dance|p1a: Ông Già
|-boost|p1a: Ông Già|atk|2
|
|upkeep
|turn|2
|
|t:|1782533599
|switch|p1b: Trái Cà|Scovillain, L50, F|100/100
|detailschange|p2a: Floette|Floette-Mega, L50, F
|-mega|p2a: Floette|Floette|Floettite
|-ability|p2a: Floette|Fairy Aura
|move|p1a: Ông Già|Protect|p1a: Ông Già
|-singleturn|p1a: Ông Già|Protect
|move|p2b: Whimsicott|Moonblast|p1b: Trái Cà
|-resisted|p1b: Trái Cà|1
|-damage|p1b: Trái Cà|66/100
|move|p2a: Floette|Light of Ruin|p1a: Ông Già
|-activate|p1a: Ông Già|move: Protect
|
|-ability|p1b: Trái Cà|Moody|boost
|-boost|p1b: Trái Cà|spa|2
|-unboost|p1b: Trái Cà|spd|1
|upkeep
|turn|3
|inactive|ZoryaPet has 30 seconds left.
|inactive|retking has 30 seconds left.
|inactive|retking has 20 seconds left.
|inactive|ZoryaPet has 20 seconds left.
|inactive|retking has 15 seconds left.
|
|t:|1782533641
|detailschange|p1b: Trái Cà|Scovillain-Mega, L50, F
|-mega|p1b: Trái Cà|Scovillain|Scovillainite
|move|p1b: Trái Cà|Rage Powder|p1b: Trái Cà
|-singleturn|p1b: Trái Cà|move: Rage Powder
|move|p2b: Whimsicott|Moonblast|p1a: Ông Già
|-damage|p1a: Ông Già|54/100
|move|p2a: Floette|Dazzling Gleam|p1a: Ông Già|[spread] p1a,p1b
|-resisted|p1b: Trái Cà|1
|-crit|p1b: Trái Cà
|-damage|p1a: Ông Già|5/100
|-damage|p1b: Trái Cà|5/100
|-status|p2a: Floette|brn|[from] ability: Spicy Spray|[of] p1b: Trái Cà
|move|p1a: Ông Già|Swords Dance|p1a: Ông Già
|-boost|p1a: Ông Già|atk|2
|
|-damage|p2a: Floette|94/100 brn|[from] brn
|upkeep
|turn|4
|inactive|ZoryaPet has 30 seconds left.
|inactive|ZoryaPet has 20 seconds left.
|
|t:|1782533680
|move|p2a: Floette|Protect|p2a: Floette
|-singleturn|p2a: Floette|Protect
|move|p1a: Ông Già|Protect|p1a: Ông Già
|-singleturn|p1a: Ông Già|Protect
|move|p2b: Whimsicott|Moonblast|p1a: Ông Già
|-activate|p1a: Ông Già|move: Protect
|move|p1b: Trái Cà|Overheat|p2b: Whimsicott
|-supereffective|p2b: Whimsicott|1
|-enditem|p2b: Whimsicott|Focus Sash
|-damage|p2b: Whimsicott|1/100
|-unboost|p1b: Trái Cà|spa|2
|
|-damage|p2a: Floette|88/100 brn|[from] brn
|upkeep
|turn|5
|inactive|ZoryaPet has 30 seconds left.
|inactive|retking has 30 seconds left.
|
|t:|1782533707
|move|p1b: Trái Cà|Protect|p1b: Trái Cà
|-singleturn|p1b: Trái Cà|Protect
|move|p2b: Whimsicott|Tailwind|p2b: Whimsicott
|-sidestart|p2: retking|move: Tailwind
|move|p1a: Ông Già|Sucker Punch|p2a: Floette
|-resisted|p2a: Floette|1
|-damage|p2a: Floette|0 fnt
|faint|p2a: Floette
|
|upkeep
|
|t:|1782533715
|switch|p2a: Kingambit|Kingambit, L50, F|100/100
|turn|6
|inactive|retking has 30 seconds left.
|inactive|retking has 20 seconds left.
|inactive|retking has 15 seconds left.
|
|t:|1782533757
|move|p1b: Trái Cà|Rage Powder|p1b: Trái Cà
|-singleturn|p1b: Trái Cà|move: Rage Powder
|move|p2b: Whimsicott|Encore|p1b: Trái Cà
|-start|p1b: Trái Cà|Encore
|move|p1a: Ông Già|Sucker Punch||[still]
|-fail|p1a: Ông Già
|move|p2a: Kingambit|Kowtow Cleave|p1b: Trái Cà
|-damage|p1b: Trái Cà|0 fnt
|-status|p2a: Kingambit|brn|[from] ability: Spicy Spray|[of] p1b: Trái Cà
|faint|p1b: Trái Cà
|
|-damage|p2a: Kingambit|94/100 brn|[from] brn
|upkeep
|
|t:|1782533764
|switch|p1b: Móng Dài|Sneasler, L50, F|54/100
|turn|7
|
|t:|1782533779
|switch|p2b: Garchomp|Garchomp, L50, F|100/100
|move|p2a: Kingambit|Protect|p2a: Kingambit
|-singleturn|p2a: Kingambit|Protect
|move|p1a: Ông Già|Sucker Punch||[still]
|-fail|p1a: Ông Già
|move|p1b: Móng Dài|Close Combat|p2a: Kingambit
|-activate|p2a: Kingambit|move: Protect
|
|-damage|p2a: Kingambit|88/100 brn|[from] brn
|upkeep
|turn|8
|
|t:|1782533787
|move|p2a: Kingambit|Sucker Punch|p1a: Ông Già
|-resisted|p1a: Ông Già|1
|-damage|p1a: Ông Già|0 fnt
|faint|p1a: Ông Già
|move|p2b: Garchomp|Dragon Claw|p1b: Móng Dài
|-damage|p1b: Móng Dài|0 fnt
|faint|p1b: Móng Dài
|-damage|p2b: Garchomp|90/100|[from] item: Life Orb
|
|-damage|p2a: Kingambit|82/100 brn|[from] brn
|-sideend|p2: retking|move: Tailwind
|upkeep
|
|t:|1782533790
|switch|p1b: Con Cá|Basculegion, L50, M|100/100
|turn|9
|
|t:|1782533803
|move|p2a: Kingambit|Sucker Punch|p1b: Con Cá
|-supereffective|p1b: Con Cá|1
|-damage|p1b: Con Cá|41/100
|-enditem|p1b: Con Cá|Sitrus Berry|[eat]
|-heal|p1b: Con Cá|65/100|[from] item: Sitrus Berry
|move|p2b: Garchomp|Dragon Claw|p1b: Con Cá
|-damage|p1b: Con Cá|3/100
|-damage|p2b: Garchomp|80/100|[from] item: Life Orb
|move|p1b: Con Cá|Last Respects|p2b: Garchomp
|-damage|p2b: Garchomp|0 fnt
|faint|p2b: Garchomp
|
|-damage|p2a: Kingambit|76/100 brn|[from] brn
|upkeep
|c|☆ZoryaPet|ggs
|
|t:|1782533810
|switch|p2b: Whimsicott|Whimsicott, L50, F|1/100
|turn|10
|l| Noobilio
|c|☆retking|gg
|inactive|ZoryaPet has 30 seconds left.
|
|t:|1782533839
|move|p1b: Con Cá|Aqua Jet|p2b: Whimsicott
|-resisted|p2b: Whimsicott|1
|-damage|p2b: Whimsicott|0 fnt
|faint|p2b: Whimsicott
|move|p2a: Kingambit|Kowtow Cleave|p1b: Con Cá
|-supereffective|p1b: Con Cá|1
|-damage|p1b: Con Cá|0 fnt
|faint|p1b: Con Cá
|
|win|retking
|l| Carneyasada
|l| Mrpizzaofoz
