|j|鈽咵stalonso
|j|鈽哊oitUK_VGC
|html|EstalonsoNoitUK_VGC    
|uhtml|bestof|Game 2 of a best-of-3
|t:|1784837782
|gametype|doubles
|player|p1|Estalonso|170|1089
|player|p2|NoitUK_VGC|102|1151
|gen|9
|tier|[Gen 9 Champions] VGC 2026 Reg M-B (Bo3)
|rated|
|rule|Species Clause: Limit one of each Pok茅mon
|rule|Item Clause: Limit 1 of each item
|clearpoke
|poke|p1|Tyranitar, L50, M|
|poke|p1|Excadrill, L50, F|
|poke|p1|Milotic, L50, F|
|poke|p1|Sinistcha, L50|
|poke|p1|Staraptor, L50, F|
|poke|p1|Gholdengo, L50|
|poke|p2|Gengar, L50, M|
|poke|p2|Ninetales-Alola, L50, M|
|poke|p2|Incineroar, L50, M|
|poke|p2|Kingambit, L50, F|
|poke|p2|Staraptor, L50, M|
|poke|p2|Garchomp, L50, M|
|teampreview|4
|showteam|p1|Tyranitar||Tyranitarite|SandStream|KnockOff,RockSlide,HighHorsepower,Protect|Jolly||M|||50|]Excadrill||FocusSash|SandRush|Earthquake,IronHead,RockSlide,Protect|Adamant||F|||50|]Milotic||SitrusBerry|Competitive|Scald,IcyWind,Haze,Protect|Calm||F|||50|]Sinistcha||ColburBerry|Hospitality|MatchaGotcha,ShadowBall,Protect,RagePowder|Bold|||||50|]Staraptor||Staraptite|Intimidate|CloseCombat,BraveBird,Tailwind,Protect|Jolly||F|||50|]Gholdengo||LifeOrb|GoodasGold|MakeItRain,ShadowBall,NastyPlot,Protect|Modest|||||50|
|showteam|p2|Gengar||Gengarite|CursedBody|ShadowBall,SludgeBomb,Protect,PerishSong|Timid||M|||50|]Ninetales-Alola||NeverMeltIce|SnowWarning|Blizzard,Encore,Protect,Disable|Timid||M|||50|]Incineroar||SitrusBerry|Intimidate|FlareBlitz,PartingShot,Protect,FakeOut|Relaxed||M|||50|]Kingambit||BlackGlasses|Defiant|KowtowCleave,SuckerPunch,Protect,LowKick|Adamant||F|||50|]Staraptor||ChoiceScarf|Intimidate|FinalGambit,CloseCombat,BraveBird,Uturn|Jolly||M|||50|]Garchomp||LifeOrb|RoughSkin|Protect,RockSlide,StompingTantrum,DragonClaw|Adamant||M|||50|
|inactive|Battle timer is ON: inactive players will automatically lose when time's up. (requested by NoitUK_VGC)
|inactive|Estalonso has 60 seconds left.
|
|t:|1784837815
|teamsize|p1|4
|teamsize|p2|4
|start
|switch|p1a: Staraptor|Staraptor, L50, F|100/100
|switch|p1b: Gholdengo|Gholdengo, L50|100/100
|switch|p2a: Gengar|Gengar, L50, M|100/100
|switch|p2b: Kingambit|Kingambit, L50, F|100/100
|-ability|p1a: Staraptor|Intimidate|boost
|-unboost|p2a: Gengar|atk|1
|-unboost|p2b: Kingambit|atk|1
|-ability|p2b: Kingambit|Defiant|boost
|-boost|p2b: Kingambit|atk|2
|turn|1
|inactive|NoitUK_VGC has 30 seconds left.
|inactive|Estalonso has 30 seconds left.
|
|t:|1784837850
|detailschange|p2a: Gengar|Gengar-Mega, L50, M
|-mega|p2a: Gengar|Gengar|Gengarite
|detailschange|p1a: Staraptor|Staraptor-Mega, L50, F
|-mega|p1a: Staraptor|Staraptor|Staraptite
|move|p2a: Gengar|Protect|p2a: Gengar
|-singleturn|p2a: Gengar|Protect
|move|p2b: Kingambit|Protect|p2b: Kingambit
|-singleturn|p2b: Kingambit|Protect
|move|p1a: Staraptor|Tailwind|p1a: Staraptor
|-sidestart|p1: Estalonso|move: Tailwind
|move|p1b: Gholdengo|Nasty Plot|p1b: Gholdengo
|-boost|p1b: Gholdengo|spa|2
|
|upkeep
|turn|2
|
|t:|1784837871
|move|p2b: Kingambit|Sucker Punch|p1b: Gholdengo
|-supereffective|p1b: Gholdengo|1
|-damage|p1b: Gholdengo|0 fnt
|faint|p1b: Gholdengo
|move|p1a: Staraptor|Close Combat|p2b: Kingambit
|-supereffective|p2b: Kingambit|2
|-damage|p2b: Kingambit|0 fnt
|-boost|p1a: Staraptor|def|1
|-boost|p1a: Staraptor|spd|1
|faint|p2b: Kingambit
|move|p2a: Gengar|Shadow Ball|p1a: Staraptor
|-damage|p1a: Staraptor|69/100
|
|upkeep
|
|t:|1784837883
|switch|p1b: Tyranitar|Tyranitar, L50, M|100/100
|switch|p2b: Ninetales|Ninetales-Alola, L50, M|100/100
|-weather|Sandstorm|[from] ability: Sand Stream|[of] p1b: Tyranitar
|-weather|Snowscape|[from] ability: Snow Warning|[of] p2b: Ninetales
|turn|3
|inactive|NoitUK_VGC has 30 seconds left.
|
|t:|1784837911
|move|p2a: Gengar|Protect|p2a: Gengar
|-singleturn|p2a: Gengar|Protect
|move|p1a: Staraptor|Close Combat|p2b: Ninetales
|-damage|p2b: Ninetales|57/100
|-boost|p1a: Staraptor|def|1
|-boost|p1a: Staraptor|spd|1
|move|p1b: Tyranitar|Knock Off|p2a: Gengar
|-activate|p2a: Gengar|move: Protect
|move|p2b: Ninetales|Disable|p1b: Tyranitar
|-start|p1b: Tyranitar|Disable|Knock Off
|
|-weather|Snowscape|[upkeep]
|upkeep
|turn|4
|
|t:|1784837930
|move|p1a: Staraptor|Brave Bird|p2a: Gengar
|-damage|p2a: Gengar|41/100
|-damage|p1a: Staraptor|52/100|[from] Recoil
|move|p1b: Tyranitar|High Horsepower|p2a: Gengar
|-supereffective|p2a: Gengar|1
|-damage|p2a: Gengar|0 fnt
|faint|p2a: Gengar
|move|p2b: Ninetales|Disable|p1a: Staraptor
|-start|p1a: Staraptor|Disable|Brave Bird
|
|-weather|Snowscape|[upkeep]
|-sideend|p1: Estalonso|move: Tailwind
|upkeep
|
|t:|1784837941
|switch|p2a: Garchomp|Garchomp, L50, M|100/100
|turn|5
|
|t:|1784837951
|move|p1b: Tyranitar|Protect|p1b: Tyranitar
|-singleturn|p1b: Tyranitar|Protect
|move|p1a: Staraptor|Tailwind|p1a: Staraptor
|-sidestart|p1: Estalonso|move: Tailwind
|move|p2b: Ninetales|Blizzard|p1b: Tyranitar|[spread] p1a
|-activate|p1b: Tyranitar|move: Protect
|-supereffective|p1a: Staraptor|1
|-damage|p1a: Staraptor|26/100
|-status|p1a: Staraptor|frz
|move|p2a: Garchomp|Rock Slide|p1b: Tyranitar|[spread] 
|-activate|p1b: Tyranitar|move: Protect
|-miss|p2a: Garchomp|p1a: Staraptor
|
|-weather|Snowscape|[upkeep]
|upkeep
|turn|6
|inactive|NoitUK_VGC has 30 seconds left.
|inactive|Estalonso has 30 seconds left.
|
|t:|1784837985
|move|p1b: Tyranitar|Protect||[still]
|-fail|p1b: Tyranitar
|cant|p1a: Staraptor|frz
|move|p2b: Ninetales|Blizzard|p1b: Tyranitar|[spread] p1a,p1b
|-supereffective|p1a: Staraptor|1
|-damage|p1a: Staraptor|0 fnt
|-damage|p1b: Tyranitar|71/100
|faint|p1a: Staraptor
|move|p2a: Garchomp|Stomping Tantrum|p1b: Tyranitar
|-supereffective|p1b: Tyranitar|1
|-damage|p1b: Tyranitar|0 fnt
|faint|p1b: Tyranitar
|-damage|p2a: Garchomp|90/100|[from] item: Life Orb
|
|-weather|Snowscape|[upkeep]
|upkeep
|c|鈽咵stalonso|disgusting luck
|
|t:|1784838000
|switch|p1b: Milotic|Milotic, L50, F|100/100
|turn|7
|
|t:|1784838010
|move|p1b: Milotic|Scald|p2b: Ninetales
|-damage|p2b: Ninetales|27/100
|move|p2b: Ninetales|Blizzard|p1b: Milotic
|-resisted|p1b: Milotic|1
|-damage|p1b: Milotic|86/100
|move|p2a: Garchomp|Rock Slide|p1b: Milotic
|-damage|p1b: Milotic|52/100
|-damage|p2a: Garchomp|80/100|[from] item: Life Orb
|
|-weather|none
|upkeep
|turn|8
|
|t:|1784838024
|move|p2a: Garchomp|Protect|p2a: Garchomp
|-singleturn|p2a: Garchomp|Protect
|move|p1b: Milotic|Icy Wind|p2a: Garchomp|[spread] p2b
|-activate|p2a: Garchomp|move: Protect
|-resisted|p2b: Ninetales|1
|-damage|p2b: Ninetales|22/100
|-unboost|p2b: Ninetales|spe|1
|move|p2b: Ninetales|Disable|p1b: Milotic
|-start|p1b: Milotic|Disable|Icy Wind
|
|-sideend|p1: Estalonso|move: Tailwind
|upkeep
|turn|9
|
|t:|1784838037
|move|p2a: Garchomp|Dragon Claw|p1b: Milotic
|-damage|p1b: Milotic|2/100
|-enditem|p1b: Milotic|Sitrus Berry|[eat]
|-heal|p1b: Milotic|27/100|[from] item: Sitrus Berry
|-damage|p2a: Garchomp|70/100|[from] item: Life Orb
|move|p1b: Milotic|Scald|p2a: Garchomp
|-damage|p2a: Garchomp|42/100
|move|p2b: Ninetales|Encore|p1b: Milotic
|-start|p1b: Milotic|Encore
|
|upkeep
|turn|10
|-message|Estalonso forfeited.
|
|win|NoitUK_VGC
|l|鈽咵stalonso
|player|p1|
||Estalonso is ready for game 3.
