|j|☆Osogressen
|j|☆Pressinblades
|html|OsogressenPressinblades    
|uhtml|bestof|Game 2 of a best-of-3
|t:|1785793377
|gametype|doubles
|player|p1|Osogressen|1|1185
|player|p2|Pressinblades|170|1095
|gen|9
|tier|[Gen 9 Champions] VGC 2026 Reg M-B (Bo3)
|rated|
|rule|Species Clause: Limit one of each Pokémon
|rule|Item Clause: Limit 1 of each item
|clearpoke
|poke|p1|Whimsicott, L50, M, shiny|
|poke|p1|Kingambit, L50, M|
|poke|p1|Garchomp, L50, M|
|poke|p1|Floette-Eternal, L50, F|
|poke|p1|Basculegion, L50, M|
|poke|p1|Charizard, L50, F|
|poke|p2|Talonflame, L50, F|
|poke|p2|Garchomp, L50, F, shiny|
|poke|p2|Maushold, L50|
|poke|p2|Gardevoir, L50, F, shiny|
|poke|p2|Gyarados, L50, M, shiny|
|poke|p2|Metagross, L50, shiny|
|teampreview|4
|showteam|p1|Whimsicott||FocusSash|Prankster|Tailwind,Moonblast,Encore,Protect|Timid||M|||50|]Kingambit||ChopleBerry|Defiant|SuckerPunch,KowtowCleave,IronHead,Protect|Adamant||M|||50|]Garchomp||SitrusBerry|RoughSkin|DragonClaw,Earthquake,RockSlide,Protect|Adamant||M|||50|]Floette-Eternal||Floettite|FlowerVeil|DazzlingGleam,CalmMind,DrainingKiss,Protect|Modest||F|||50|]Basculegion||MysticWater|Adaptability|WaveCrash,AquaJet,Protect,LastRespects|Adamant||M|||50|]Charizard||CharizarditeY|Blaze|HeatWave,SolarBeam,WeatherBall,Protect|Modest||F|||50|
|showteam|p2|Talonflame||SharpBeak|GaleWings|Protect,Tailwind,DualWingbeat,Overheat|Naive||F|||50|]Garchomp||LifeOrb|RoughSkin|Protect,RockSlide,Earthquake,StompingTantrum|Adamant||F|||50|]Maushold||FocusSash|FriendGuard|Protect,SuperFang,FollowMe,Encore|Timid|||||50|]Gardevoir||Gardevoirite|Telepathy|Protect,TrickRoom,HyperVoice,Psychic|Modest||F|||50|]Gyarados||Gyaradosite|Intimidate|Protect,DragonDance,Waterfall,Crunch|Jolly||M|||50|]Metagross||ColburBerry|ClearBody|Protect,BulletPunch,PsychicFangs,HammerArm|Adamant|||||50|
|
|t:|1785793419
|teamsize|p1|4
|teamsize|p2|4
|start
|switch|p1a: Whimsicott|Whimsicott, L50, M, shiny|100/100
|switch|p1b: Floette|Floette-Eternal, L50, F|100/100
|switch|p2a: Garchomp|Garchomp, L50, F, shiny|100/100
|switch|p2b: Gardevoir|Gardevoir, L50, F, shiny|100/100
|turn|1
|
|t:|1785793444
|detailschange|p1b: Floette|Floette-Mega, L50, F
|-mega|p1b: Floette|Floette|Floettite
|-ability|p1b: Floette|Fairy Aura
|detailschange|p2b: Gardevoir|Gardevoir-Mega, L50, F, shiny
|-mega|p2b: Gardevoir|Gardevoir|Gardevoirite
|move|p2a: Garchomp|Protect|p2a: Garchomp
|-singleturn|p2a: Garchomp|Protect
|move|p1a: Whimsicott|Moonblast|p2b: Gardevoir
|-damage|p2b: Gardevoir|63/100
|move|p1b: Floette|Dazzling Gleam|p2a: Garchomp|[spread] p2b
|-activate|p2a: Garchomp|move: Protect
|-damage|p2b: Gardevoir|23/100
|move|p2b: Gardevoir|Hyper Voice|p1b: Floette|[spread] p1a,p1b
|-enditem|p1a: Whimsicott|Focus Sash
|-damage|p1a: Whimsicott|1/100
|-damage|p1b: Floette|42/100
|
|upkeep
|turn|2
|
|t:|1785793474
|move|p2b: Gardevoir|Protect|p2b: Gardevoir
|-singleturn|p2b: Gardevoir|Protect
|move|p1a: Whimsicott|Tailwind|p1a: Whimsicott
|-sidestart|p1: Osogressen|move: Tailwind
|move|p1b: Floette|Dazzling Gleam|p2b: Gardevoir|[spread] p2a
|-activate|p2b: Gardevoir|move: Protect
|-supereffective|p2a: Garchomp|1
|-damage|p2a: Garchomp|0 fnt
|faint|p2a: Garchomp
|
|upkeep
|
|t:|1785793476
|switch|p2a: Talonflame|Talonflame, L50, F|100/100
|turn|3
|
|t:|1785793497
|switch|p2b: Gyarados|Gyarados, L50, M, shiny|100/100
|-ability|p2b: Gyarados|Intimidate|boost
|-unboost|p1a: Whimsicott|atk|1
|-unboost|p1b: Floette|atk|1
|move|p1a: Whimsicott|Encore||[still]
|-fail|p1a: Whimsicott
|move|p2a: Talonflame|Dual Wingbeat|p1b: Floette
|-damage|p1b: Floette|19/100
|-damage|p1b: Floette|0 fnt
|faint|p1b: Floette
|-hitcount|p1: Floette|2
|
|upkeep
|
|t:|1785793510
|switch|p1b: Basculegion|Basculegion, L50, M|100/100
|turn|4
|
|t:|1785793542
|switch|p2a: Gardevoir|Gardevoir-Mega, L50, F, shiny|23/100
|move|p1b: Basculegion|Aqua Jet|p2a: Gardevoir
|-damage|p2a: Gardevoir|0 fnt
|faint|p2a: Gardevoir
|move|p1a: Whimsicott|Moonblast|p2b: Gyarados
|-damage|p2b: Gyarados|65/100
|move|p2b: Gyarados|Waterfall|p1a: Whimsicott
|-resisted|p1a: Whimsicott|1
|-damage|p1a: Whimsicott|0 fnt
|faint|p1a: Whimsicott
|
|upkeep
|
|t:|1785793555
|switch|p1a: Garchomp|Garchomp, L50, M|100/100
|switch|p2a: Talonflame|Talonflame, L50, F|100/100
|turn|5
|
|t:|1785793571
|move|p2a: Talonflame|Protect|p2a: Talonflame
|-singleturn|p2a: Talonflame|Protect
|move|p1b: Basculegion|Aqua Jet|p2a: Talonflame
|-activate|p2a: Talonflame|move: Protect
|move|p1a: Garchomp|Rock Slide|p2a: Talonflame|[spread] p2b
|-activate|p2a: Talonflame|move: Protect
|-supereffective|p2b: Gyarados|1
|-damage|p2b: Gyarados|22/100
|move|p2b: Gyarados|Dragon Dance|p2b: Gyarados
|-boost|p2b: Gyarados|atk|1
|-boost|p2b: Gyarados|spe|1
|
|-sideend|p1: Osogressen|move: Tailwind
|upkeep
|turn|6
|
|t:|1785793591
|move|p2a: Talonflame|Dual Wingbeat|p1a: Garchomp
|-damage|p1a: Garchomp|85/100
|-damage|p2a: Talonflame|87/100|[from] ability: Rough Skin|[of] p1a: Garchomp
|-damage|p1a: Garchomp|69/100
|-damage|p2a: Talonflame|75/100|[from] ability: Rough Skin|[of] p1a: Garchomp
|-hitcount|p1a: Garchomp|2
|move|p1b: Basculegion|Aqua Jet|p2b: Gyarados
|-resisted|p2b: Gyarados|1
|-damage|p2b: Gyarados|2/100
|move|p2b: Gyarados|Waterfall|p1a: Garchomp
|-damage|p1a: Garchomp|16/100
|-damage|p2b: Gyarados|0 fnt|[from] ability: Rough Skin|[of] p1a: Garchomp
|-enditem|p1a: Garchomp|Sitrus Berry|[eat]
|-heal|p1a: Garchomp|41/100|[from] item: Sitrus Berry
|faint|p2b: Gyarados
|move|p1a: Garchomp|Rock Slide|p2a: Talonflame
|-supereffective|p2a: Talonflame|2
|-damage|p2a: Talonflame|0 fnt
|faint|p2a: Talonflame
|
|win|Osogressen
|raw|Osogressen's rating: 1185 → 1204(+19 for winning)
|raw|Pressinblades's rating: 1095 → 1077(-18 for losing)
|l|☆Osogressen
|player|p1|
