|j|☆monsoonisbest
|j|☆Massier1
|html|monsoonisbestMassier1    
|uhtml|bestof|Game 2 of a best-of-3
|t:|1783809502
|gametype|doubles
|player|p1|monsoonisbest|101|1146
|player|p2|Massier1|morty|1119
|gen|9
|tier|[Gen 9 Champions] VGC 2026 Reg M-B (Bo3)
|rated|
|rule|Species Clause: Limit one of each Pokémon
|rule|Item Clause: Limit 1 of each item
|clearpoke
|poke|p1|Gengar, L50, M|
|poke|p1|Incineroar, L50, F|
|poke|p1|Politoed, L50, F, shiny|
|poke|p1|Archaludon, L50, F|
|poke|p1|Vivillon, L50, M|
|poke|p1|Swampert, L50, F|
|poke|p2|Ceruledge, L50, F|
|poke|p2|Eelektross, L50, F|
|poke|p2|Blastoise, L50, F|
|poke|p2|Rotom-Mow, L50|
|poke|p2|Kangaskhan, L50, F|
|poke|p2|Farigiraf, L50, M|
|teampreview|4
|showteam|p1|Gengar||Gengarite|CursedBody|ShadowBall,SludgeBomb,PerishSong,Protect|Timid||M|||50|]Incineroar||PasshoBerry|Intimidate|PartingShot,DarkestLariat,Protect,FakeOut|Sassy||F|||50|]Politoed||SitrusBerry|Drizzle|WeatherBall,PerishSong,Encore,Protect|Calm||F|||50|]Archaludon||Leftovers|Stamina|DragonPulse,FlashCannon,ElectroShot,Protect|Bold||F|||50|]Vivillon||FocusSash|CompoundEyes|Hurricane,SleepPowder,RagePowder,Protect|Timid||M|||50|]Swampert||Swampertite|Torrent|WaveCrash,IcePunch,Earthquake,Protect|Adamant||F|||50|
|showteam|p2|Ceruledge||LifeOrb|FlashFire|BitterBlade,Protect,ShadowSneak,Poltergeist|Jolly||F|||50|]Eelektross||Leftovers|Levitate|Uturn,BodySlam,DrainPunch,ThunderPunch|Adamant||F|||50|]Blastoise||Blastoisinite|Torrent|Protect,Surf,IceBeam,FakeOut|Relaxed||F|||50|]Rotom-Mow||ChoiceScarf|Levitate|LeafStorm,DarkPulse,Thunderbolt,VoltSwitch|Timid|||||50|]Kangaskhan||Kangaskhanite|Scrappy|FakeOut,LastResort|Jolly||F|||50|]Farigiraf||QuickClaw|ArmorTail|Protect,TrickRoom,HyperVoice,Psychic|Sassy||M|||50|
|
|t:|1783809531
|teamsize|p1|4
|teamsize|p2|4
|start
|switch|p1a: Incineroar|Incineroar, L50, F|100/100
|switch|p1b: Gengar|Gengar, L50, M|100/100
|switch|p2a: Blastoise|Blastoise, L50, F|100/100
|switch|p2b: Eelektross|Eelektross, L50, F|100/100
|-ability|p1a: Incineroar|Intimidate|boost
|-unboost|p2a: Blastoise|atk|1
|-unboost|p2b: Eelektross|atk|1
|turn|1
|
|t:|1783809557
|detailschange|p1b: Gengar|Gengar-Mega, L50, M
|-mega|p1b: Gengar|Gengar|Gengarite
|move|p1b: Gengar|Perish Song|p1b: Gengar
|-start|p1a: Incineroar|perish3|[silent]
|-start|p1b: Gengar|perish3|[silent]
|-start|p2a: Blastoise|perish3|[silent]
|-start|p2b: Eelektross|perish3|[silent]
|-fieldactivate|move: Perish Song
|move|p2a: Blastoise|Surf|p1b: Gengar|[spread] p2b,p1a,p1b
|-supereffective|p1a: Incineroar|1
|-enditem|p1a: Incineroar|Passho Berry|[eat]
|-enditem|p1a: Incineroar|Passho Berry|[weaken]
|-damage|p2b: Eelektross|78/100
|-damage|p1a: Incineroar|84/100
|-damage|p1b: Gengar|80/100
|move|p1a: Incineroar|Parting Shot|p2b: Eelektross
|-unboost|p2b: Eelektross|atk|1
|-unboost|p2b: Eelektross|spa|1
|
|t:|1783809562
|switch|p1a: Archaludon|Archaludon, L50, F|100/100|[from] Parting Shot
|move|p2b: Eelektross|Drain Punch|p1a: Archaludon
|-supereffective|p1a: Archaludon|1
|-damage|p1a: Archaludon|81/100
|-heal|p2b: Eelektross|87/100|[from] drain|[of] p1a: Archaludon
|-ability|p1a: Archaludon|Stamina|boost
|-boost|p1a: Archaludon|def|1
|
|-heal|p1a: Archaludon|87/100|[from] item: Leftovers
|-heal|p2b: Eelektross|93/100|[from] item: Leftovers
|-start|p1b: Gengar|perish3
|-start|p2a: Blastoise|perish3
|-start|p2b: Eelektross|perish3
|upkeep
|turn|2
|
|t:|1783809596
|move|p1b: Gengar|Protect|p1b: Gengar
|-singleturn|p1b: Gengar|Protect
|move|p1a: Archaludon|Electro Shot||[still]
|-prepare|p1a: Archaludon|Electro Shot
|-boost|p1a: Archaludon|spa|1
|move|p2a: Blastoise|Ice Beam|p1a: Archaludon
|-damage|p1a: Archaludon|69/100
|-ability|p1a: Archaludon|Stamina|boost
|-boost|p1a: Archaludon|def|1
|move|p2b: Eelektross|U-turn|p1a: Archaludon
|-resisted|p1a: Archaludon|1
|-damage|p1a: Archaludon|67/100
|-ability|p1a: Archaludon|Stamina|boost
|-boost|p1a: Archaludon|def|1
|
|t:|1783809610
|switch|p2b: Rotom|Rotom-Mow, L50|100/100|[from] U-turn
|
|-heal|p1a: Archaludon|73/100|[from] item: Leftovers
|-start|p1b: Gengar|perish2
|-start|p2a: Blastoise|perish2
|upkeep
|turn|3
|
|t:|1783809624
|switch|p1b: Incineroar|Incineroar, L50, F|84/100
|-ability|p1b: Incineroar|Intimidate|boost
|-unboost|p2a: Blastoise|atk|1
|-unboost|p2b: Rotom|atk|1
|move|p2b: Rotom|Dark Pulse|p1b: Incineroar
|-resisted|p1b: Incineroar|1
|-damage|p1b: Incineroar|75/100
|move|p1a: Archaludon|Electro Shot|p2a: Blastoise|[from] lockedmove
|-supereffective|p2a: Blastoise|1
|-damage|p2a: Blastoise|1/100
|move|p2a: Blastoise|Ice Beam|p1a: Archaludon
|-damage|p1a: Archaludon|56/100
|-ability|p1a: Archaludon|Stamina|boost
|-boost|p1a: Archaludon|def|1
|
|-heal|p1a: Archaludon|62/100|[from] item: Leftovers
|-start|p2a: Blastoise|perish1
|upkeep
|turn|4
|
|t:|1783809646
|switch|p2b: Kangaskhan|Kangaskhan, L50, F|100/100
|switch|p2a: Eelektross|Eelektross, L50, F|93/100
|switch|p1b: Politoed|Politoed, L50, F, shiny|100/100
|-weather|RainDance|[from] ability: Drizzle|[of] p1b: Politoed
|move|p1a: Archaludon|Electro Shot||[still]
|-prepare|p1a: Archaludon|Electro Shot
|-boost|p1a: Archaludon|spa|1
|-anim|p1a: Archaludon|Electro Shot|p2a: Eelektross
|-resisted|p2a: Eelektross|1
|-damage|p2a: Eelektross|55/100
|
|-weather|RainDance|[upkeep]
|-heal|p1a: Archaludon|69/100|[from] item: Leftovers
|-heal|p2a: Eelektross|61/100|[from] item: Leftovers
|upkeep
|turn|5
|
|t:|1783809664
|move|p1a: Archaludon|Protect|p1a: Archaludon
|-singleturn|p1a: Archaludon|Protect
|move|p2b: Kangaskhan|Fake Out|p1a: Archaludon
|-activate|p1a: Archaludon|move: Protect
|move|p1b: Politoed|Encore|p2b: Kangaskhan
|-start|p2b: Kangaskhan|Encore
|move|p2a: Eelektross|Thunder Punch|p1b: Politoed
|-supereffective|p1b: Politoed|1
|-damage|p1b: Politoed|29/100
|-enditem|p1b: Politoed|Sitrus Berry|[eat]
|-heal|p1b: Politoed|54/100|[from] item: Sitrus Berry
|
|-weather|RainDance|[upkeep]
|-heal|p1a: Archaludon|75/100|[from] item: Leftovers
|-heal|p2a: Eelektross|68/100|[from] item: Leftovers
|upkeep
|turn|6
|
|t:|1783809675
|switch|p2b: Blastoise|Blastoise, L50, F|1/100
|move|p1a: Archaludon|Dragon Pulse|p2a: Eelektross
|-damage|p2a: Eelektross|0 fnt
|faint|p2a: Eelektross
|move|p1b: Politoed|Weather Ball|p2b: Blastoise
|-resisted|p2b: Blastoise|1
|-damage|p2b: Blastoise|0 fnt
|faint|p2b: Blastoise
|
|-weather|RainDance|[upkeep]
|-heal|p1a: Archaludon|81/100|[from] item: Leftovers
|upkeep
|
|t:|1783809682
|switch|p2b: Kangaskhan|Kangaskhan, L50, F|100/100
|switch|p2a: Rotom|Rotom-Mow, L50|100/100
|turn|7
|
|t:|1783809697
|move|p2b: Kangaskhan|Fake Out|p1b: Politoed
|-damage|p1b: Politoed|40/100
|move|p2a: Rotom|Dark Pulse|p1a: Archaludon
|-damage|p1a: Archaludon|59/100
|-ability|p1a: Archaludon|Stamina|boost
|-boost|p1a: Archaludon|def|1
|move|p1a: Archaludon|Electro Shot||[still]
|-prepare|p1a: Archaludon|Electro Shot
|-boost|p1a: Archaludon|spa|1
|-anim|p1a: Archaludon|Electro Shot|p2b: Kangaskhan
|-damage|p2b: Kangaskhan|0 fnt
|faint|p2b: Kangaskhan
|cant|p1b: Politoed|flinch
|
|-weather|RainDance|[upkeep]
|-heal|p1a: Archaludon|65/100|[from] item: Leftovers
|upkeep
|turn|8
|
|t:|1783809709
|move|p2a: Rotom|Dark Pulse|p1a: Archaludon
|-damage|p1a: Archaludon|42/100
|-ability|p1a: Archaludon|Stamina|boost
|-boost|p1a: Archaludon|def|1
|move|p1a: Archaludon|Dragon Pulse|p2a: Rotom
|-damage|p2a: Rotom|0 fnt
|faint|p2a: Rotom
|
|win|monsoonisbest
|raw|monsoonisbest's rating: 1146 → 1169(+23 for winning)
|raw|Massier1's rating: 1119 → 1096(-23 for losing)
