|j|☆TPShame
|j|☆Usernamecdat
|html|TPShameUsernamecdat    
|uhtml|bestof|Game 1 of a best-of-3
|t:|1785598769
|gametype|doubles
|player|p1|TPShame|169|1076
|player|p2|Usernamecdat|169|1000
|gen|9
|tier|[Gen 9 Champions] VGC 2026 Reg M-B (Bo3)
|rated|
|rule|Species Clause: Limit one of each Pokémon
|rule|Item Clause: Limit 1 of each item
|clearpoke
|poke|p1|Staraptor, L50, M|
|poke|p1|Milotic, L50, F|
|poke|p1|Tyranitar, L50, M|
|poke|p1|Gholdengo, L50|
|poke|p1|Excadrill, L50, M|
|poke|p1|Sinistcha, L50|
|poke|p2|Dragonite, L50, M|
|poke|p2|Noivern, L50, M|
|poke|p2|Metagross, L50|
|poke|p2|Sinistcha, L50|
|poke|p2|Sylveon, L50, F|
|poke|p2|Talonflame, L50, F|
|teampreview|4
|showteam|p1|Staraptor||Staraptite|Intimidate|BraveBird,CloseCombat,Tailwind,Protect|Jolly||M|||50|]Milotic||SitrusBerry|Competitive|Scald,IceBeam,IcyWind,Recover|Modest||F|||50|]Tyranitar||Tyranitarite|SandStream|RockSlide,KnockOff,LowKick,Protect|Adamant||M|||50|]Gholdengo||LifeOrb|GoodasGold|ShadowBall,MakeItRain,NastyPlot,Protect|Modest|||||50|]Excadrill||FocusSash|SandRush|HighHorsepower,IronHead,RockSlide,Protect|Adamant||M|||50|]Sinistcha||ColburBerry|Hospitality|MatchaGotcha,RagePowder,TrickRoom,Protect|Bold|||||50|
|showteam|p2|Dragonite||ScopeLens|Multiscale|ExtremeSpeed,DragonClaw,DragonDance,Protect|Adamant||M|||50|]Noivern||SilkScarf|Telepathy|Tailwind,Boomburst,DragonCheer,Protect|Timid||M|||50|]Metagross||Metagrossite|ClearBody|MeteorMash,PsychicFangs,RockSlide,Protect|Adamant|||||50|]Sinistcha||SitrusBerry|Hospitality|MatchaGotcha,TrickRoom,RagePowder,LifeDew|Relaxed|||||50|]Sylveon||FairyFeather|Pixilate|HyperBeam,HyperVoice,QuickAttack,Protect|Modest||F|||50|]Talonflame||FocusSash|GaleWings|FlareBlitz,WillOWisp,Tailwind,Protect|Serious||F|||50|
|inactive|Battle timer is ON: inactive players will automatically lose when time's up. (requested by TPShame)
|inactive|TPShame has 60 seconds left.
|
|t:|1785598812
|teamsize|p1|4
|teamsize|p2|4
|start
|switch|p1a: Tyranitar|Tyranitar, L50, M|100/100
|switch|p1b: Excadrill|Excadrill, L50, M|100/100
|switch|p2a: Talonflame|Talonflame, L50, F|100/100
|switch|p2b: Metagross|Metagross, L50|100/100
|-weather|Sandstorm|[from] ability: Sand Stream|[of] p1a: Tyranitar
|turn|1
|inactive|TPShame has 30 seconds left.
|
|t:|1785598839
|switch|p1a: Gholdengo|Gholdengo, L50|100/100
|detailschange|p2b: Metagross|Metagross-Mega, L50
|-mega|p2b: Metagross|Metagross|Metagrossite
|move|p2a: Talonflame|Tailwind|p2a: Talonflame
|-sidestart|p2: Usernamecdat|move: Tailwind
|move|p2b: Metagross|Rock Slide|p1b: Excadrill|[spread] p1a,p1b
|-resisted|p1a: Gholdengo|1
|-resisted|p1b: Excadrill|2
|-damage|p1a: Gholdengo|89/100
|-damage|p1b: Excadrill|92/100
|move|p1b: Excadrill|Rock Slide|p2b: Metagross|[spread] p2a,p2b
|-supereffective|p2a: Talonflame|2
|-resisted|p2b: Metagross|1
|-enditem|p2a: Talonflame|Focus Sash
|-damage|p2a: Talonflame|1/100
|-damage|p2b: Metagross|91/100
|
|-weather|Sandstorm|[upkeep]
|-damage|p2a: Talonflame|0 fnt|[from] Sandstorm
|faint|p2a: Talonflame
|upkeep
|inactive|Usernamecdat has 30 seconds left.
|
|t:|1785598864
|switch|p2a: Dragonite|Dragonite, L50, M|100/100
|turn|2
|
|t:|1785598877
|move|p2b: Metagross|Rock Slide|p1a: Gholdengo|[spread] p1b
|-miss|p2b: Metagross|p1a: Gholdengo
|-resisted|p1b: Excadrill|2
|-damage|p1b: Excadrill|84/100
|cant|p1b: Excadrill|flinch
|move|p2a: Dragonite|Dragon Dance|p2a: Dragonite
|-boost|p2a: Dragonite|atk|1
|-boost|p2a: Dragonite|spe|1
|move|p1a: Gholdengo|Nasty Plot|p1a: Gholdengo
|-boost|p1a: Gholdengo|spa|2
|
|-weather|Sandstorm|[upkeep]
|-damage|p2a: Dragonite|93/100|[from] Sandstorm
|upkeep
|turn|3
|
|t:|1785598900
|switch|p1b: Sinistcha|Sinistcha, L50|100/100
|-heal|p1a: Gholdengo|100/100|[from] ability: Hospitality|[of] p1b: Sinistcha
|move|p2a: Dragonite|Dragon Claw|p1b: Sinistcha
|-damage|p1b: Sinistcha|41/100
|move|p2b: Metagross|Rock Slide|p1b: Sinistcha|[spread] p1a,p1b
|-resisted|p1a: Gholdengo|1
|-damage|p1a: Gholdengo|88/100
|-damage|p1b: Sinistcha|22/100
|move|p1a: Gholdengo|Shadow Ball|p2a: Dragonite
|-damage|p2a: Dragonite|0 fnt
|faint|p2a: Dragonite
|-damage|p1a: Gholdengo|78/100|[from] item: Life Orb
|
|-weather|Sandstorm|[upkeep]
|-damage|p1b: Sinistcha|16/100|[from] Sandstorm
|upkeep
|
|t:|1785598921
|switch|p2a: Noivern|Noivern, L50, M|100/100
|turn|4
|
|t:|1785598940
|move|p2b: Metagross|Protect|p2b: Metagross
|-singleturn|p2b: Metagross|Protect
|move|p2a: Noivern|Dragon Cheer|p2b: Metagross
|-start|p2b: Metagross|move: Dragon Cheer
|move|p1a: Gholdengo|Nasty Plot|p1a: Gholdengo
|-boost|p1a: Gholdengo|spa|2
|move|p1b: Sinistcha|Trick Room|p1b: Sinistcha
|-fieldstart|move: Trick Room|[of] p1b: Sinistcha
|
|-weather|Sandstorm|[upkeep]
|-damage|p1b: Sinistcha|10/100|[from] Sandstorm
|-damage|p2a: Noivern|94/100|[from] Sandstorm
|-sideend|p2: Usernamecdat|move: Tailwind
|upkeep
|turn|5
|inactive|Usernamecdat has 30 seconds left.
|
|t:|1785598969
|switch|p1b: Excadrill|Excadrill, L50, M|84/100
|move|p1a: Gholdengo|Shadow Ball|p2b: Metagross
|-supereffective|p2b: Metagross|1
|-damage|p2b: Metagross|0 fnt
|faint|p2b: Metagross
|-damage|p1a: Gholdengo|69/100|[from] item: Life Orb
|move|p2a: Noivern|Dragon Cheer|p2: Metagross|[notarget]
|-fail|p2a: Noivern
|
|-weather|none
|upkeep
|turn|6
|-message|Usernamecdat forfeited.
|
|win|TPShame
