|j|☆joshez
|j|☆Rosarino
|html|joshezRosarino    
|uhtml|bestof|Game 1 of a best-of-3
|t:|1756428182
|gametype|doubles
|player|p1|joshez|2|1028
|player|p2|Rosarino|drayden|1099
|gen|9
|tier|[Gen 9] VGC 2025 Reg H (Bo3)
|rated|
|rule|Species Clause: Limit one of each Pokémon
|rule|Item Clause: Limit 1 of each item
|clearpoke
|poke|p1|Amoonguss, L50, F|
|poke|p1|Sneasler, L50, F|
|poke|p1|Gholdengo, L50|
|poke|p1|Incineroar, L50, F|
|poke|p1|Ursaluna-Bloodmoon, L50, M|
|poke|p1|Dragonite, L50, M|
|poke|p2|Comfey, L50, F|
|poke|p2|Volcarona, L50, F|
|poke|p2|Rillaboom, L50, M|
|poke|p2|Hawlucha, L50, M|
|poke|p2|Porygon2, L50|
|poke|p2|Baxcalibur, L50, F|
|teampreview|4
|showteam|p1|Amoonguss||SitrusBerry|Regenerator|RagePowder,Spore,PollenPuff,Protect|||F|||50|,,,,,Psychic]Sneasler||FocusSash|Unburden|Protect,DireClaw,CloseCombat,ThroatChop|||F|||50|,,,,,Stellar]Gholdengo||LifeOrb|GoodasGold|Protect,MakeItRain,ShadowBall,NastyPlot||||||50|,,,,,Water]Incineroar||SafetyGoggles|Intimidate|KnockOff,PartingShot,FlareBlitz,FakeOut|||F|||50|,,,,,Ghost]Ursaluna-Bloodmoon||AssaultVest|MindsEye|BloodMoon,EarthPower,VacuumWave,HyperVoice|||M|||50|,,,,,Water]Dragonite||LoadedDice|Multiscale|ScaleShot,Tailwind,Haze,Protect|||M|||50|,,,,,Fairy
|showteam|p2|Comfey||CovertCloak|Triage|DazzlingGleam,LeechSeed,FloralHealing,Tailwind|||F|||50|,,,,,Steel]Volcarona||WhiteHerb|FlameBody|Overheat,BugBuzz,Protect,QuiverDance|||F|||50|,,,,,Water]Rillaboom||AssaultVest|GrassySurge|FakeOut,HighHorsepower,WoodHammer,GrassyGlide|||M|||50|,,,,,Poison]Hawlucha||FocusSash|MoldBreaker|FlyingPress,Protect,BulkUp,BraveBird|||M|||50|,,,,,Fighting]Porygon2||Eviolite|Trace|Recover,TeraBlast,Protect,IceBeam||||||50|,,,,,Ground]Baxcalibur||ClearAmulet|ThermalExchange|DragonDance,GlaiveRush,Protect,Earthquake|||F|||50|,,,,,Poison
|inactive|Battle timer is ON: inactive players will automatically lose when time's up. (requested by Rosarino)
|
|t:|1756428208
|teamsize|p1|4
|teamsize|p2|4
|start
|switch|p1a: Incineroar|Incineroar, L50, F|100/100
|switch|p1b: Gholdengo|Gholdengo, L50|100/100
|switch|p2a: Rillaboom|Rillaboom, L50, M|100/100
|switch|p2b: Hawlucha|Hawlucha, L50, M|100/100
|-ability|p2b: Hawlucha|Mold Breaker
|-ability|p1a: Incineroar|Intimidate|boost
|-unboost|p2a: Rillaboom|atk|1
|-unboost|p2b: Hawlucha|atk|1
|-fieldstart|move: Grassy Terrain|[from] ability: Grassy Surge|[of] p2a: Rillaboom
|turn|1
|inactive|joshez has 30 seconds left.
|
|t:|1756428239
|move|p2a: Rillaboom|Fake Out|p1a: Incineroar
|-damage|p1a: Incineroar|90/100
|move|p2b: Hawlucha|Flying Press|p1a: Incineroar
|-supereffective|p1a: Incineroar
|-damage|p1a: Incineroar|27/100
|move|p1b: Gholdengo|Nasty Plot|p1b: Gholdengo
|-boost|p1b: Gholdengo|spa|2
|cant|p1a: Incineroar|flinch
|
|-heal|p1a: Incineroar|33/100|[from] Grassy Terrain
|upkeep
|turn|2
|
|t:|1756428260
|move|p2b: Hawlucha|Flying Press|p1a: Incineroar
|-supereffective|p1a: Incineroar
|-damage|p1a: Incineroar|0 fnt
|faint|p1a: Incineroar
|move|p1b: Gholdengo|Make It Rain|p2b: Hawlucha|[spread] p2a,p2b
|-damage|p2a: Rillaboom|11/100
|-enditem|p2b: Hawlucha|Focus Sash
|-damage|p2b: Hawlucha|1/100
|-unboost|p1b: Gholdengo|spa|1
|-damage|p1b: Gholdengo|91/100|[from] item: Life Orb
|move|p2a: Rillaboom|High Horsepower|p1b: Gholdengo
|-supereffective|p1b: Gholdengo
|-damage|p1b: Gholdengo|37/100
|
|-heal|p1b: Gholdengo|44/100|[from] Grassy Terrain
|-heal|p2a: Rillaboom|16/100|[from] Grassy Terrain
|upkeep
|
|t:|1756428279
|switch|p1a: Ursaluna|Ursaluna-Bloodmoon, L50, M|100/100
|turn|3
|
|t:|1756428292
|move|p1b: Gholdengo|Protect|p1b: Gholdengo
|-singleturn|p1b: Gholdengo|Protect
|move|p2a: Rillaboom|Grassy Glide|p1a: Ursaluna
|-supereffective|p1a: Ursaluna
|-damage|p1a: Ursaluna|63/100
|move|p2b: Hawlucha|Flying Press|p1a: Ursaluna
|-supereffective|p1a: Ursaluna
|-damage|p1a: Ursaluna|16/100
|move|p1a: Ursaluna|Hyper Voice|p2b: Hawlucha|[spread] p2a,p2b
|-damage|p2a: Rillaboom|0 fnt
|-damage|p2b: Hawlucha|0 fnt
|faint|p2a: Rillaboom
|faint|p2b: Hawlucha
|
|-heal|p1b: Gholdengo|50/100|[from] Grassy Terrain
|-heal|p1a: Ursaluna|22/100|[from] Grassy Terrain
|upkeep
|
|t:|1756428302
|switch|p2b: Volcarona|Volcarona, L50, F|100/100
|switch|p2a: Porygon2|Porygon2, L50|100/100
|-ability|p2a: Porygon2|Good as Gold|Trace|[from] ability: Trace|[of] p1b: Gholdengo
|turn|4
|
|t:|1756428319
|move|p1b: Gholdengo|Make It Rain|p2b: Volcarona|[spread] p2a,p2b
|-resisted|p2b: Volcarona
|-damage|p2a: Porygon2|47/100
|-damage|p2b: Volcarona|54/100
|-unboost|p1b: Gholdengo|spa|1
|-damage|p1b: Gholdengo|40/100|[from] item: Life Orb
|move|p2b: Volcarona|Overheat|p1b: Gholdengo
|-supereffective|p1b: Gholdengo
|-damage|p1b: Gholdengo|0 fnt
|-unboost|p2b: Volcarona|spa|2
|faint|p1b: Gholdengo
|-enditem|p2b: Volcarona|White Herb
|-clearnegativeboost|p2b: Volcarona|[silent]
|move|p1a: Ursaluna|Blood Moon|p2b: Volcarona
|-damage|p2b: Volcarona|0 fnt
|faint|p2b: Volcarona
|move|p2a: Porygon2|Ice Beam|p1a: Ursaluna
|-supereffective|p1a: Ursaluna
|-damage|p1a: Ursaluna|0 fnt
|faint|p1a: Ursaluna
|
|-heal|p2a: Porygon2|53/100|[from] Grassy Terrain
|upkeep
|
|t:|1756428342
|switch|p1b: Dragonite|Dragonite, L50, M|100/100
|turn|5
|
|t:|1756428352
|-terastallize|p1b: Dragonite|Fairy
|move|p1b: Dragonite|Scale Shot|p2a: Porygon2
|-damage|p2a: Porygon2|41/100
|-damage|p2a: Porygon2|29/100
|-damage|p2a: Porygon2|17/100
|-damage|p2a: Porygon2|5/100
|-damage|p2a: Porygon2|0 fnt
|faint|p2a: Porygon2
|-hitcount|p2: Porygon2|5
|
|win|joshez
|inactive|joshez has 30 seconds to confirm battle start!
|inactive|Rosarino has 30 seconds to confirm battle start!
||Rosarino is ready for game 2.
