|j|☆dontaskwhaticook
|j|☆trafalgar_vgc
|html|dontaskwhaticooktrafalgar_vgc    
|uhtml|bestof|Game 1 of a best-of-3
|t:|1757783344
|gametype|doubles
|player|p1|dontaskwhaticook|colress|
|player|p2|trafalgar_vgc|cynthia-masters|
|gen|9
|tier|[Gen 9] VGC 2025 Reg H (Bo3)
|rule|Species Clause: Limit one of each Pokémon
|rule|Item Clause: Limit 1 of each item
|clearpoke
|poke|p1|Pelipper, L50, F|
|poke|p1|Ludicolo, L50, M|
|poke|p1|Incineroar, L50, M|
|poke|p1|Ursaluna-Bloodmoon, L50, M|
|poke|p1|Amoonguss, L50, F|
|poke|p1|Archaludon, L50, M|
|poke|p2|Zoroark-Hisui, L50, F|
|poke|p2|Maushold, L50|
|poke|p2|Archaludon, L50, M|
|poke|p2|Pelipper, L50, F|
|poke|p2|Basculegion, L50, M|
|poke|p2|Talonflame, L50, M|
|teampreview|4
|showteam|p1|Pelipper||FocusSash|Drizzle|WeatherBall,Hurricane,Tailwind,Protect|||F|||50|,,,,,Ghost]Ludicolo||LifeOrb|SwiftSwim|WeatherBall,MuddyWater,Protect,LeafStorm|||M|||50|,,,,,Water]Incineroar||SafetyGoggles|Intimidate|FakeOut,KnockOff,PartingShot,Taunt|||M|||50|,,,,,Ghost]Ursaluna-Bloodmoon||AssaultVest|MindsEye|BloodMoon,HyperVoice,EarthPower,VacuumWave|||M|||50|,,,,,Grass]Amoonguss||SitrusBerry|Regenerator|ClearSmog,Spore,RagePowder,Protect|||F|||50|,,,,,Fairy]Archaludon||PowerHerb|Sturdy|ElectroShot,DragonPulse,FlashCannon,Protect|||M|||50|,,,,,Electric
|showteam|p2|Zoroark-Hisui||ChoiceSpecs|Illusion|FocusBlast,ShadowBall,HyperBeam,HyperVoice|||F|||50|,,,,,Stellar]Maushold||WideLens|Technician|PopulationBomb,FollowMe,Taunt,Protect||||||50|,,,,,Ghost]Archaludon||AssaultVest|Stamina|ElectroShot,DracoMeteor,Snarl,BodyPress|||M|||50|,,,,,Fairy]Pelipper||FocusSash|Drizzle|Hurricane,WeatherBall,Protect,WideGuard|||F|||50|,,,,,Ghost]Basculegion||ChoiceBand|SwiftSwim|WaveCrash,FlipTurn,LastRespects,AquaJet|||M|||50|,,,,,Water]Talonflame||CovertCloak|GaleWings|RainDance,Taunt,DualWingbeat,Tailwind|||M|||50|,,,,,Grass
|inactive|Battle timer is ON: inactive players will automatically lose when time's up. (requested by trafalgar_vgc)
|inactive|dontaskwhaticook has 60 seconds left.
|
|t:|1757783405
|teamsize|p1|4
|teamsize|p2|4
|start
|switch|p1a: Amoonguss|Amoonguss, L50, F|100/100
|switch|p1b: Ursaluna|Ursaluna-Bloodmoon, L50, M|100/100
|switch|p2a: Los Yagami|Maushold, L50, shiny|100/100
|switch|p2b: Marco|Talonflame, L50, M, shiny|100/100
|turn|1
|
|t:|1757783424
|move|p1a: Amoonguss|Protect|p1a: Amoonguss
|-singleturn|p1a: Amoonguss|Protect
|move|p2b: Marco|Taunt|p1a: Amoonguss
|-activate|p1a: Amoonguss|move: Protect
|move|p2a: Los Yagami|Population Bomb|p1b: Ursaluna
|-damage|p1b: Ursaluna|92/100
|-damage|p1b: Ursaluna|83/100
|-damage|p1b: Ursaluna|74/100
|-damage|p1b: Ursaluna|66/100
|-damage|p1b: Ursaluna|58/100
|-damage|p1b: Ursaluna|50/100
|-damage|p1b: Ursaluna|43/100
|-damage|p1b: Ursaluna|35/100
|-damage|p1b: Ursaluna|26/100
|-damage|p1b: Ursaluna|17/100
|-hitcount|p1b: Ursaluna|10
|move|p1b: Ursaluna|Blood Moon|p2a: Los Yagami
|-damage|p2a: Los Yagami|0 fnt
|faint|p2a: Los Yagami
|
|upkeep
|
|t:|1757783438
|switch|p2a: ArchaluGon|Archaludon, L50, M, shiny|100/100
|turn|2
|inactive|dontaskwhaticook has 30 seconds left.
|inactive|dontaskwhaticook has 20 seconds left.
|inactive|dontaskwhaticook has 15 seconds left.
|inactive|dontaskwhaticook has 10 seconds left.
|inactive|dontaskwhaticook has 5 seconds left.
|
|t:|1757783489
|switch|p1a: Incineroar|Incineroar, L50, M|100/100
|-ability|p1a: Incineroar|Intimidate|boost
|-unboost|p2a: ArchaluGon|atk|1
|-unboost|p2b: Marco|atk|1
|-terastallize|p2a: ArchaluGon|Fairy
|move|p2b: Marco|Taunt|p1a: Incineroar
|-start|p1a: Incineroar|move: Taunt
|move|p2a: ArchaluGon|Snarl|p1a: Incineroar|[spread] p1a,p1b
|-resisted|p1a: Incineroar
|-crit|p1a: Incineroar
|-damage|p1a: Incineroar|93/100
|-damage|p1b: Ursaluna|9/100
|-unboost|p1a: Incineroar|spa|1
|-unboost|p1b: Ursaluna|spa|1
|move|p1b: Ursaluna|Earth Power|p2a: ArchaluGon
|-damage|p2a: ArchaluGon|77/100
|-ability|p2a: ArchaluGon|Stamina|boost
|-boost|p2a: ArchaluGon|def|1
|
|upkeep
|turn|3
|inactive|dontaskwhaticook has 30 seconds left.
|inactive|dontaskwhaticook has 20 seconds left.
|
|t:|1757783527
|switch|p1b: Amoonguss|Amoonguss, L50, F|100/100
|-terastallize|p1a: Incineroar|Ghost
|move|p2b: Marco|Dual Wingbeat|p1b: Amoonguss|[miss]
|-miss|p2b: Marco|p1b: Amoonguss
|move|p2a: ArchaluGon|Body Press|p1a: Incineroar
|-immune|p1a: Incineroar
|move|p1a: Incineroar|Knock Off|p2a: ArchaluGon
|-resisted|p2a: ArchaluGon
|-damage|p2a: ArchaluGon|68/100
|-ability|p2a: ArchaluGon|Stamina|boost
|-boost|p2a: ArchaluGon|def|1
|-enditem|p2a: ArchaluGon|Assault Vest|[from] move: Knock Off|[of] p1a: Incineroar
|
|upkeep
|turn|4
|inactive|dontaskwhaticook has 30 seconds left.
|
|t:|1757783555
|move|p1b: Amoonguss|Protect|p1b: Amoonguss
|-singleturn|p1b: Amoonguss|Protect
|move|p2b: Marco|Taunt|p1b: Amoonguss
|-activate|p1b: Amoonguss|move: Protect
|move|p2a: ArchaluGon|Snarl|p1b: Amoonguss|[spread] p1a
|-activate|p1b: Amoonguss|move: Protect
|-supereffective|p1a: Incineroar
|-damage|p1a: Incineroar|74/100
|-unboost|p1a: Incineroar|spa|1
|move|p1a: Incineroar|Knock Off|p2b: Marco
|-damage|p2b: Marco|50/100
|-enditem|p2b: Marco|Covert Cloak|[from] move: Knock Off|[of] p1a: Incineroar
|
|-end|p1a: Incineroar|move: Taunt
|upkeep
|turn|5
|
|t:|1757783572
|move|p1b: Amoonguss|Rage Powder|p1b: Amoonguss
|-singleturn|p1b: Amoonguss|move: Rage Powder
|move|p2b: Marco|Tailwind|p2b: Marco
|-sidestart|p2: trafalgar_vgc|move: Tailwind
|move|p2a: ArchaluGon|Snarl|p1a: Incineroar|[spread] p1b
|-miss|p2a: ArchaluGon|p1a: Incineroar
|-damage|p1b: Amoonguss|91/100
|-unboost|p1b: Amoonguss|spa|1
|move|p1a: Incineroar|Parting Shot|p2a: ArchaluGon
|-unboost|p2a: ArchaluGon|atk|1
|-unboost|p2a: ArchaluGon|spa|1
|
|t:|1757783592
|switch|p1a: Archaludon|Archaludon, L50, M|100/100|[from] Parting Shot
|
|upkeep
|turn|6
|
|t:|1757783610
|move|p1b: Amoonguss|Rage Powder|p1b: Amoonguss
|-singleturn|p1b: Amoonguss|move: Rage Powder
|move|p2b: Marco|Taunt|p1b: Amoonguss
|-start|p1b: Amoonguss|move: Taunt
|move|p2a: ArchaluGon|Snarl|p1b: Amoonguss|[spread] p1a,p1b
|-damage|p1a: Archaludon|88/100
|-damage|p1b: Amoonguss|84/100
|-unboost|p1a: Archaludon|spa|1
|-unboost|p1b: Amoonguss|spa|1
|move|p1a: Archaludon|Electro Shot||[still]
|-prepare|p1a: Archaludon|Electro Shot
|-boost|p1a: Archaludon|spa|1
|-enditem|p1a: Archaludon|Power Herb
|-anim|p1a: Archaludon|Electro Shot|p2a: ArchaluGon
|-damage|p2a: ArchaluGon|23/100
|-ability|p2a: ArchaluGon|Stamina|boost
|-boost|p2a: ArchaluGon|def|1
|
|upkeep
|turn|7
|
|t:|1757783626
|switch|p1b: Incineroar|Incineroar, L50, M, tera:Ghost|74/100
|-ability|p1b: Incineroar|Intimidate|boost
|-unboost|p2a: ArchaluGon|atk|1
|-unboost|p2b: Marco|atk|1
|move|p1a: Archaludon|Protect|p1a: Archaludon
|-singleturn|p1a: Archaludon|Protect
|move|p2b: Marco|Dual Wingbeat|p1b: Incineroar
|-damage|p1b: Incineroar|66/100
|-damage|p1b: Incineroar|59/100
|-hitcount|p1b: Incineroar|2
|move|p2a: ArchaluGon|Body Press|p1a: Archaludon
|-activate|p1a: Archaludon|move: Protect
|
|upkeep
|turn|8
|
|t:|1757783647
|move|p1b: Incineroar|Fake Out|p2a: ArchaluGon
|-damage|p2a: ArchaluGon|20/100
|-ability|p2a: ArchaluGon|Stamina|boost
|-boost|p2a: ArchaluGon|def|1
|move|p2b: Marco|Dual Wingbeat|p1b: Incineroar
|-damage|p1b: Incineroar|51/100
|-damage|p1b: Incineroar|44/100
|-hitcount|p1b: Incineroar|2
|cant|p2a: ArchaluGon|flinch
|move|p1a: Archaludon|Flash Cannon|p2a: ArchaluGon
|-supereffective|p2a: ArchaluGon
|-damage|p2a: ArchaluGon|0 fnt
|faint|p2a: ArchaluGon
|
|-sideend|p2: trafalgar_vgc|move: Tailwind
|upkeep
|
|t:|1757783651
|switch|p2a: Yajirobe|Pelipper, L50, F, shiny|100/100
|-weather|RainDance|[from] ability: Drizzle|[of] p2a: Yajirobe
|turn|9
|-message|trafalgar_vgc forfeited.
|
|win|dontaskwhaticook
|l|☆trafalgar_vgc
|player|p2|
||trafalgar_vgc is ready for game 2.
|inactive|dontaskwhaticook has 30 seconds to confirm battle start!
|inactive|dontaskwhaticook has 20 seconds to confirm battle start!
||dontaskwhaticook is ready for game 2.
|uhtml|next|Next: Game 2 of 3
|j|☆trafalgar_vgc
|player|p2|trafalgar_vgc|cynthia-masters|
