|j|☆patoathie
|j|☆maish
|html|patoathiemaish    
|uhtml|bestof|Game 3 of a best-of-3
|t:|1756992896
|gametype|doubles
|player|p1|patoathie|102|1162
|player|p2|maish|roxie|1110
|gen|9
|tier|[Gen 9] VGC 2025 Reg H (Bo3)
|rated|
|rule|Species Clause: Limit one of each Pokémon
|rule|Item Clause: Limit 1 of each item
|clearpoke
|poke|p1|Volcarona, L50, F|
|poke|p1|Sneasler, L50, F|
|poke|p1|Rillaboom, L50, M|
|poke|p1|Dragapult, L50, F|
|poke|p1|Kingambit, L50, F|
|poke|p1|Electabuzz, L50, F|
|poke|p2|Dragonite, L50, F|
|poke|p2|Gholdengo, L50|
|poke|p2|Rillaboom, L50, F|
|poke|p2|Arcanine-Hisui, L50, F|
|poke|p2|Annihilape, L50, F|
|poke|p2|Murkrow, L50, M|
|teampreview|4
|showteam|p1|Volcarona||Leftovers|FlameBody|QuiverDance,HeatWave,TeraBlast,Protect|||F|||50|,,,,,Fairy]Sneasler||FocusSash|Unburden|FakeOut,CloseCombat,DireClaw,Coaching|||F|||50|,,,,,Ghost]Rillaboom||AssaultVest|GrassySurge|FakeOut,WoodHammer,GrassyGlide,Uturn|||M|||50|,,,,,Fire]Dragapult||ChoiceBand|ClearBody|DragonDarts,Outrage,Uturn,PhantomForce|||F|||50|,,,,,Dragon]Kingambit||BlackGlasses|Defiant|SwordsDance,KowtowCleave,SuckerPunch,Protect|||F|||50|,,,,,Dark]Electabuzz||Eviolite|VitalSpirit|FollowMe,Electroweb,HelpingHand,Taunt|||F|||50|,,,,,Ghost
|showteam|p2|Dragonite||LoadedDice|Multiscale|Protect,ScaleShot,LowKick,ExtremeSpeed|||F|||50|,,,,,Fairy]Gholdengo||ChoiceSpecs|GoodasGold|Thunderbolt,PowerGem,MakeItRain,ShadowBall||||||50|,,,,,Steel]Rillaboom||AssaultVest|GrassySurge|FakeOut,HighHorsepower,WoodHammer,GrassyGlide|||F|||50|,,,,,Fire]Arcanine-Hisui||ClearAmulet|Intimidate|Protect,FlareBlitz,RockSlide,ExtremeSpeed|||F|||50|,,,,,Water]Annihilape||FocusSash|Defiant|Coaching,CloseCombat,RageFist,FinalGambit|||F|||50|,,,,,Stellar]Murkrow||Eviolite|Prankster|Haze,Tailwind,FoulPlay,Taunt|||M|||50|,,,,,Ghost
|inactive|Battle timer is ON: inactive players will automatically lose when time's up. (requested by maish)
|inactive|maish has 30 seconds left.
|inactive|patoathie has 60 seconds left.
|l|☆patoathie
|inactive|patoathie disconnected and has a minute to reconnect!
|player|p1|
|j|☆patoathie
|inactive|patoathie reconnected and has 40 seconds left.
|player|p1|patoathie|102|
|inactive|patoathie has 30 seconds left.
|inactive|patoathie has 20 seconds left.
|inactive|patoathie has 15 seconds left.
|
|t:|1756993012
|teamsize|p1|4
|teamsize|p2|4
|start
|switch|p1a: Kingambit|Kingambit, L50, F|100/100
|switch|p1b: Electabuzz|Electabuzz, L50, F|100/100
|switch|p2a: Gholdengo|Gholdengo, L50|100/100
|switch|p2b: Murkrow|Murkrow, L50, M, shiny|100/100
|turn|1
|l|☆patoathie
|inactive|patoathie disconnected and has a minute to reconnect!
|player|p1|
|inactive|maish has 30 seconds left.
|
|t:|1756993038
|-terastallize|p2a: Gholdengo|Steel
|-terastallize|p1a: Kingambit|Dark
|move|p1b: Electabuzz|Helping Hand|p1a: Kingambit
|-singleturn|p1a: Kingambit|Helping Hand|[of] p1b: Electabuzz
|move|p2b: Murkrow|Tailwind|p2b: Murkrow
|-sidestart|p2: maish|move: Tailwind
|move|p1a: Kingambit|Sucker Punch|p2a: Gholdengo
|-damage|p2a: Gholdengo|3/100
|move|p2a: Gholdengo|Make It Rain|p1b: Electabuzz|[spread] p1a,p1b
|-resisted|p1b: Electabuzz
|-damage|p1a: Kingambit|18/100
|-damage|p1b: Electabuzz|69/100
|-unboost|p2a: Gholdengo|spa|1
|
|upkeep
|turn|2
|j|☆patoathie
|inactive|patoathie reconnected and has 35 seconds left.
|player|p1|patoathie|102|
|inactive|patoathie has 30 seconds left.
|inactive|patoathie has 20 seconds left.
|
|t:|1756993073
|switch|p2a: Dragonite|Dragonite, L50, F|100/100
|move|p1a: Kingambit|Protect|p1a: Kingambit
|-singleturn|p1a: Kingambit|Protect
|move|p2b: Murkrow|Taunt|p1b: Electabuzz
|-start|p1b: Electabuzz|move: Taunt
|move|p1b: Electabuzz|Electroweb|p2a: Dragonite|[spread] p2a,p2b
|-supereffective|p2b: Murkrow
|-damage|p2a: Dragonite|93/100
|-damage|p2b: Murkrow|72/100
|-unboost|p2a: Dragonite|spe|1
|-unboost|p2b: Murkrow|spe|1
|
|upkeep
|turn|3
|inactive|maish has 30 seconds left.
|inactive|maish has 20 seconds left.
|inactive|maish has 15 seconds left.
|
|t:|1756993116
|switch|p1a: Volcarona|Volcarona, L50, F|100/100
|move|p2b: Murkrow|Haze|p2b: Murkrow
|-clearallboost
|move|p2a: Dragonite|Scale Shot|p1a: Volcarona
|-damage|p1a: Volcarona|83/100
|-damage|p1a: Volcarona|68/100
|-damage|p1a: Volcarona|50/100
|-damage|p1a: Volcarona|35/100
|-damage|p1a: Volcarona|18/100
|-hitcount|p1a: Volcarona|5
|-unboost|p2a: Dragonite|def|1
|-boost|p2a: Dragonite|spe|1
|move|p1b: Electabuzz|Electroweb|p2a: Dragonite|[spread] p2a,p2b
|-supereffective|p2b: Murkrow
|-damage|p2a: Dragonite|76/100
|-damage|p2b: Murkrow|43/100
|-unboost|p2a: Dragonite|spe|1
|-unboost|p2b: Murkrow|spe|1
|
|-heal|p1a: Volcarona|24/100|[from] item: Leftovers
|upkeep
|turn|4
|inactive|maish has 30 seconds left.
|
|t:|1756993149
|move|p2b: Murkrow|Haze|p2b: Murkrow
|-clearallboost
|move|p2a: Dragonite|Scale Shot|p1b: Electabuzz
|-damage|p1b: Electabuzz|56/100
|-damage|p1b: Electabuzz|44/100
|-damage|p1b: Electabuzz|32/100
|-damage|p1b: Electabuzz|20/100
|-hitcount|p1b: Electabuzz|4
|-unboost|p2a: Dragonite|def|1
|-boost|p2a: Dragonite|spe|1
|move|p1b: Electabuzz|Electroweb|p2a: Dragonite|[spread] p2a,p2b
|-supereffective|p2b: Murkrow
|-damage|p2a: Dragonite|61/100
|-damage|p2b: Murkrow|14/100
|-unboost|p2a: Dragonite|spe|1
|-unboost|p2b: Murkrow|spe|1
|move|p1a: Volcarona|Heat Wave|p2b: Murkrow|[spread] p2a,p2b
|-resisted|p2a: Dragonite
|-damage|p2a: Dragonite|45/100
|-damage|p2b: Murkrow|0 fnt
|-status|p2a: Dragonite|brn
|faint|p2b: Murkrow
|
|-heal|p1a: Volcarona|30/100|[from] item: Leftovers
|-damage|p2a: Dragonite|39/100 brn|[from] brn
|-end|p1b: Electabuzz|move: Taunt
|-sideend|p2: maish|move: Tailwind
|upkeep
|
|t:|1756993163
|switch|p2b: Gholdengo|Gholdengo, L50, tera:Steel|3/100
|turn|5
|
|t:|1756993184
|move|p1a: Volcarona|Protect|p1a: Volcarona
|-singleturn|p1a: Volcarona|Protect
|move|p2a: Dragonite|Extreme Speed|p1a: Volcarona
|-activate|p1a: Volcarona|move: Protect
|move|p2b: Gholdengo|Make It Rain|p1a: Volcarona|[spread] p1b
|-activate|p1a: Volcarona|move: Protect
|-resisted|p1b: Electabuzz
|-damage|p1b: Electabuzz|0 fnt
|-unboost|p2b: Gholdengo|spa|1
|faint|p1b: Electabuzz
|
|-heal|p1a: Volcarona|36/100|[from] item: Leftovers
|-damage|p2a: Dragonite|33/100 brn|[from] brn
|upkeep
|
|t:|1756993196
|switch|p1b: Sneasler|Sneasler, L50, F|100/100
|turn|6
|
|t:|1756993215
|move|p1b: Sneasler|Fake Out|p2b: Gholdengo
|-resisted|p2b: Gholdengo
|-damage|p2b: Gholdengo|0 fnt
|faint|p2b: Gholdengo
|move|p1a: Volcarona|Heat Wave|p2a: Dragonite
|-resisted|p2a: Dragonite
|-damage|p2a: Dragonite|11/100 brn
|move|p2a: Dragonite|Scale Shot|p1a: Volcarona
|-damage|p1a: Volcarona|28/100
|-damage|p1a: Volcarona|20/100
|-damage|p1a: Volcarona|12/100
|-damage|p1a: Volcarona|5/100
|-damage|p1a: Volcarona|0 fnt
|faint|p1a: Volcarona
|-hitcount|p1: Volcarona|5
|-unboost|p2a: Dragonite|def|1
|-boost|p2a: Dragonite|spe|1
|
|-damage|p2a: Dragonite|5/100 brn|[from] brn
|upkeep
|
|t:|1756993229
|switch|p2b: Annihilape|Annihilape, L50, F|100/100
|switch|p1a: Kingambit|Kingambit, L50, F, tera:Dark|18/100
|turn|7
|
|t:|1756993249
|move|p1a: Kingambit|Protect|p1a: Kingambit
|-singleturn|p1a: Kingambit|Protect
|move|p2a: Dragonite|Extreme Speed|p1a: Kingambit
|-activate|p1a: Kingambit|move: Protect
|move|p1b: Sneasler|Dire Claw|p2b: Annihilape
|-resisted|p2b: Annihilape
|-damage|p2b: Annihilape|78/100
|-status|p2b: Annihilape|psn
|move|p2b: Annihilape|Final Gambit|p1b: Sneasler
|-enditem|p1b: Sneasler|Focus Sash
|-damage|p1b: Sneasler|1/100
|faint|p2b: Annihilape
|
|-damage|p2a: Dragonite|0 fnt|[from] brn
|faint|p2a: Dragonite
|
|win|patoathie
|raw|patoathie's rating: 1162 → 1183(+21 for winning)
|raw|maish's rating: 1110 → 1089(-21 for losing)
