|j|☆XiaoBling
|j|☆palle synchro
|html|XiaoBlingpalle synchro    
|uhtml|bestof|Game 2 of a best-of-3
|t:|1784750423
|gametype|doubles
|player|p1|XiaoBling|fisherman|1488
|player|p2|palle synchro|volkner|1444
|gen|9
|tier|[Gen 9 Champions] VGC 2026 Reg M-B (Bo3)
|rated|
|rule|Species Clause: Limit one of each Pokémon
|rule|Item Clause: Limit 1 of each item
|clearpoke
|poke|p1|Charizard, L50, F|
|poke|p1|Venusaur, L50, F|
|poke|p1|Grimmsnarl, L50, M|
|poke|p1|Archaludon, L50, F|
|poke|p1|Basculegion, L50, M|
|poke|p1|Pelipper, L50, F|
|poke|p2|Tyranitar, L50, F|
|poke|p2|Excadrill, L50, F|
|poke|p2|Milotic, L50, F|
|poke|p2|Sinistcha, L50|
|poke|p2|Staraptor, L50, M|
|poke|p2|Gholdengo, L50|
|teampreview|4
|showteam|p1|Charizard||CharizarditeY|Blaze|HeatWave,WeatherBall,SolarBeam,Protect|Modest||F|||50|]Venusaur||FocusSash|Chlorophyll|SleepPowder,SludgeBomb,EarthPower,Protect|Modest||F|||50|]Grimmsnarl||LightClay|Prankster|Reflect,LightScreen,SpiritBreak,PartingShot|Impish||M|||50|]Archaludon||Leftovers|Stamina|ElectroShot,DragonPulse,FlashCannon,Protect|Calm||F|||50|]Basculegion||ChoiceScarf|Adaptability|WaveCrash,LastRespects,AquaJet,FlipTurn|Jolly||M|||50|]Pelipper||SitrusBerry|Drizzle|Hurricane,WeatherBall,WideGuard,Tailwind|Bold||F|||50|
|showteam|p2|Tyranitar||Tyranitarite|SandStream|KnockOff,RockSlide,LowKick,Protect|Jolly||F|||50|]Excadrill||FocusSash|SandRush|Earthquake,IronHead,RockSlide,Protect|Jolly||F|||50|]Milotic||SitrusBerry|Competitive|Scald,IcyWind,Haze,Protect|Calm||F|||50|]Sinistcha||ColburBerry|Hospitality|MatchaGotcha,ShadowBall,Protect,RagePowder|Bold|||||50|]Staraptor||Staraptite|Intimidate|CloseCombat,BraveBird,Tailwind,Protect|Jolly||M|||50|]Gholdengo||LifeOrb|GoodasGold|MakeItRain,ShadowBall,NastyPlot,Protect|Modest|||||50|
|inactive|Battle timer is ON: inactive players will automatically lose when time's up. (requested by XiaoBling)
|
|t:|1784750439
|teamsize|p1|4
|teamsize|p2|4
|start
|switch|p1a: Basculegion|Basculegion, L50, M|100/100
|switch|p1b: Grimmsnarl|Grimmsnarl, L50, M|100/100
|switch|p2a: Tyranitar|Tyranitar, L50, F|100/100
|switch|p2b: Excadrill|Excadrill, L50, F|100/100
|-weather|Sandstorm|[from] ability: Sand Stream|[of] p2a: Tyranitar
|turn|1
|
|t:|1784750456
|switch|p2a: Staraptor|Staraptor, L50, M|100/100
|-ability|p2a: Staraptor|Intimidate|boost
|-unboost|p1a: Basculegion|atk|1
|-unboost|p1b: Grimmsnarl|atk|1
|move|p1b: Grimmsnarl|Parting Shot|p2b: Excadrill
|-unboost|p2b: Excadrill|atk|1
|-unboost|p2b: Excadrill|spa|1
|
|t:|1784750459
|switch|p1b: Pelipper|Pelipper, L50, F|100/100|[from] Parting Shot
|-weather|RainDance|[from] ability: Drizzle|[of] p1b: Pelipper
|move|p1a: Basculegion|Wave Crash|p2a: Staraptor
|-damage|p2a: Staraptor|3/100
|-damage|p1a: Basculegion|69/100|[from] Recoil
|move|p2b: Excadrill|Earthquake|p1a: Basculegion|[spread] p1a
|-immune|p2a: Staraptor
|-immune|p1b: Pelipper
|-damage|p1a: Basculegion|37/100
|
|-weather|RainDance|[upkeep]
|upkeep
|turn|2
|inactive|palle synchro has 30 seconds left.
|inactive|palle synchro has 20 seconds left.
|inactive|palle synchro has 15 seconds left.
|inactive|palle synchro has 10 seconds left.
|inactive|palle synchro has 5 seconds left.
|
|t:|1784750512
|move|p1a: Basculegion|Wave Crash|p2a: Staraptor
|-damage|p2a: Staraptor|0 fnt
|faint|p2a: Staraptor
|-damage|p1a: Basculegion|36/100|[from] Recoil
|move|p2b: Excadrill|Rock Slide|p1a: Basculegion|[spread] p1a
|-miss|p2b: Excadrill|p1b: Pelipper
|-damage|p1a: Basculegion|18/100
|move|p1b: Pelipper|Tailwind|p1b: Pelipper
|-sidestart|p1: XiaoBling|move: Tailwind
|
|-weather|RainDance|[upkeep]
|upkeep
|
|t:|1784750523
|switch|p2a: Tyranitar|Tyranitar, L50, F|100/100
|-weather|Sandstorm|[from] ability: Sand Stream|[of] p2a: Tyranitar
|turn|3
|
|t:|1784750534
|switch|p1a: Grimmsnarl|Grimmsnarl, L50, M|100/100
|switch|p2b: Gholdengo|Gholdengo, L50|100/100
|detailschange|p2a: Tyranitar|Tyranitar-Mega, L50, F
|-mega|p2a: Tyranitar|Tyranitar|Tyranitarite
|move|p1b: Pelipper|Wide Guard|p1b: Pelipper
|-singleturn|p1b: Pelipper|Wide Guard
|move|p2a: Tyranitar|Knock Off|p1a: Grimmsnarl
|-resisted|p1a: Grimmsnarl|2
|-damage|p1a: Grimmsnarl|89/100
|-enditem|p1a: Grimmsnarl|Light Clay|[from] move: Knock Off|[of] p2a: Tyranitar
|
|-weather|Sandstorm|[upkeep]
|-damage|p1b: Pelipper|94/100|[from] Sandstorm
|-damage|p1a: Grimmsnarl|83/100|[from] Sandstorm
|upkeep
|turn|4
|
|t:|1784750557
|switch|p1a: Charizard|Charizard, L50, F|100/100
|move|p1b: Pelipper|Wide Guard|p1b: Pelipper
|-singleturn|p1b: Pelipper|Wide Guard
|move|p2a: Tyranitar|Knock Off|p1b: Pelipper
|-damage|p1b: Pelipper|36/100
|-enditem|p1b: Pelipper|Sitrus Berry|[from] move: Knock Off|[of] p2a: Tyranitar
|move|p2b: Gholdengo|Nasty Plot|p2b: Gholdengo
|-boost|p2b: Gholdengo|spa|2
|
|-weather|Sandstorm|[upkeep]
|-damage|p1a: Charizard|93/100|[from] Sandstorm
|-damage|p1b: Pelipper|30/100|[from] Sandstorm
|upkeep
|turn|5
|
|t:|1784750578
|move|p1a: Charizard|Protect|p1a: Charizard
|-singleturn|p1a: Charizard|Protect
|move|p2b: Gholdengo|Protect|p2b: Gholdengo
|-singleturn|p2b: Gholdengo|Protect
|move|p1b: Pelipper|Weather Ball|p2a: Tyranitar
|-damage|p2a: Tyranitar|88/100
|move|p2a: Tyranitar|Rock Slide|p1a: Charizard|[spread] p1b
|-activate|p1a: Charizard|move: Protect
|-supereffective|p1b: Pelipper|1
|-damage|p1b: Pelipper|0 fnt
|faint|p1b: Pelipper
|
|-weather|Sandstorm|[upkeep]
|-damage|p1a: Charizard|87/100|[from] Sandstorm
|-sideend|p1: XiaoBling|move: Tailwind
|upkeep
|
|t:|1784750580
|switch|p1b: Basculegion|Basculegion, L50, M|18/100
|turn|6
|inactive|palle synchro has 30 seconds left.
|inactive|XiaoBling has 30 seconds left.
|
|t:|1784750620
|detailschange|p1a: Charizard|Charizard-Mega-Y, L50, F
|-mega|p1a: Charizard|Charizard|Charizardite Y
|-weather|SunnyDay|[from] ability: Drought|[of] p1a: Charizard
|move|p2a: Tyranitar|Protect|p2a: Tyranitar
|-singleturn|p2a: Tyranitar|Protect
|move|p1b: Basculegion|Last Respects|p2b: Gholdengo
|-supereffective|p2b: Gholdengo|1
|-damage|p2b: Gholdengo|0 fnt
|faint|p2b: Gholdengo
|move|p1a: Charizard|Solar Beam||[still]
|-prepare|p1a: Charizard|Solar Beam
|-anim|p1a: Charizard|Solar Beam|p2a: Tyranitar
|-activate|p2a: Tyranitar|move: Protect
|
|-weather|SunnyDay|[upkeep]
|upkeep
|
|t:|1784750630
|switch|p2b: Excadrill|Excadrill, L50, F|100/100
|turn|7
|
|t:|1784750641
|move|p1a: Charizard|Protect|p1a: Charizard
|-singleturn|p1a: Charizard|Protect
|move|p1b: Basculegion|Last Respects|p2b: Excadrill
|-damage|p2b: Excadrill|11/100
|move|p2b: Excadrill|Rock Slide|p1a: Charizard|[spread] p1b
|-activate|p1a: Charizard|move: Protect
|-damage|p1b: Basculegion|0 fnt
|faint|p1b: Basculegion
|move|p2a: Tyranitar|Rock Slide|p1a: Charizard
|-activate|p1a: Charizard|move: Protect
|
|-weather|SunnyDay|[upkeep]
|upkeep
|
|t:|1784750643
|switch|p1b: Grimmsnarl|Grimmsnarl, L50, M|83/100
|turn|8
|
|t:|1784750654
|move|p1b: Grimmsnarl|Reflect|p1b: Grimmsnarl
|-sidestart|p1: XiaoBling|Reflect
|move|p2b: Excadrill|Rock Slide|p1b: Grimmsnarl|[spread] p1a,p1b
|-supereffective|p1a: Charizard|2
|-damage|p1a: Charizard|39/100
|-damage|p1b: Grimmsnarl|72/100
|move|p2a: Tyranitar|Rock Slide|p1b: Grimmsnarl|[spread] p1a,p1b
|-supereffective|p1a: Charizard|2
|-damage|p1a: Charizard|0 fnt
|-damage|p1b: Grimmsnarl|53/100
|faint|p1a: Charizard
|
|-weather|SunnyDay|[upkeep]
|upkeep
|turn|9
|-message|XiaoBling forfeited.
|
|win|palle synchro
