|j|☆Mtcoc2
|j|☆IronStandsEternal
|html|Mtcoc2IronStandsEternal    
|uhtml|bestof|Game 1 of a best-of-3
|t:|1757085821
|gametype|doubles
|player|p1|Mtcoc2|1|1195
|player|p2|IronStandsEternal|flint|1182
|gen|9
|tier|[Gen 9] VGC 2025 Reg H (Bo3)
|rated|
|rule|Species Clause: Limit one of each Pokémon
|rule|Item Clause: Limit 1 of each item
|clearpoke
|poke|p1|Charizard, L50, F|
|poke|p1|Torkoal, L50, M|
|poke|p1|Porygon2, L50|
|poke|p1|Incineroar, L50, F|
|poke|p1|Jumpluff, L50, F|
|poke|p1|Ursaluna, L50, F|
|poke|p2|Rillaboom, L50, M|
|poke|p2|Dragonite, L50, M|
|poke|p2|Sneasler, L50, M|
|poke|p2|Ninetales-Alola, L50, F|
|poke|p2|Kingambit, L50, M|
|poke|p2|Volcarona, L50, M|
|teampreview|4
|showteam|p1|Charizard||ChoiceSpecs|SolarPower|HeatWave,Overheat,WeatherBall,AirSlash|||F|||50|,,,,,Ghost]Torkoal||EjectPack|Drought|Eruption,Overheat,HelpingHand,Protect|||M|||50|,,,,,Fire]Porygon2||Eviolite|Download|TeraBlast,IceBeam,Recover,TrickRoom||||||50|,,,,,Fighting]Incineroar||SitrusBerry|Intimidate|FlareBlitz,KnockOff,FakeOut,PartingShot|||F|||50|,,,,,Ghost]Jumpluff||CovertCloak|Chlorophyll|SleepPowder,SunnyDay,RagePowder,Tailwind|||F|||50|,,,,,Water]Ursaluna||FlameOrb|Guts|HeadlongRush,Facade,Earthquake,Protect|||F|||50|,,,,,Ghost
|showteam|p2|Rillaboom||AssaultVest|GrassySurge|WoodHammer,GrassyGlide,HighHorsepower,FakeOut|||M|||50|,,,,,Fire]Dragonite||LoadedDice|Multiscale|Protect,ScaleShot,LowKick,Haze|||M|||50|,,,,,Fairy]Sneasler||WhiteHerb|Unburden|Protect,DireClaw,CloseCombat,Coaching|||M|||50|,,,,,Ghost]Ninetales-Alola||ChoiceSpecs|SnowWarning|Blizzard,IcyWind,Moonblast,FreezeDry|||F|||50|,,,,,Ghost]Kingambit||SafetyGoggles|Defiant|Protect,KowtowCleave,SuckerPunch,SwordsDance|||M|||50|,,,,,Dark]Volcarona||CovertCloak|FlameBody|StruggleBug,RagePowder,Overheat,WillOWisp|||M|||50|,,,,,Fairy
|inactive|Battle timer is ON: inactive players will automatically lose when time's up. (requested by Mtcoc2)
|inactive|Mtcoc2 has 30 seconds left.
|
|t:|1757085892
|teamsize|p1|4
|teamsize|p2|4
|start
|switch|p1a: Charizard|Charizard, L50, F|100/100
|switch|p1b: Jumpluff|Jumpluff, L50, F|100/100
|switch|p2a: Volcarona|Volcarona, L50, M|100/100
|switch|p2b: Kingambit|Kingambit, L50, M|100/100
|turn|1
|inactive|IronStandsEternal has 30 seconds left.
|inactive|IronStandsEternal has 20 seconds left.
|inactive|IronStandsEternal has 15 seconds left.
|inactive|IronStandsEternal has 10 seconds left.
|inactive|IronStandsEternal has 5 seconds left.
|
|t:|1757085946
|-terastallize|p2b: Kingambit|Dark
|move|p2a: Volcarona|Rage Powder|p2a: Volcarona
|-singleturn|p2a: Volcarona|move: Rage Powder
|move|p1b: Jumpluff|Sunny Day|p1b: Jumpluff
|-weather|SunnyDay
|move|p1a: Charizard|Heat Wave|p2a: Volcarona|[spread] p2a
|-miss|p1a: Charizard|p2b: Kingambit
|-damage|p2a: Volcarona|2/100
|move|p2b: Kingambit|Kowtow Cleave|p1a: Charizard
|-damage|p1a: Charizard|6/100
|
|-weather|SunnyDay|[upkeep]
|-damage|p1a: Charizard|0 fnt|[from] ability: Solar Power|[of] p1a: Charizard
|faint|p1a: Charizard
|upkeep
|
|t:|1757085959
|switch|p1a: Torkoal|Torkoal, L50, M|100/100
|turn|2
|
|t:|1757085981
|move|p1a: Torkoal|Protect|p1a: Torkoal
|-singleturn|p1a: Torkoal|Protect
|move|p1b: Jumpluff|Sleep Powder|p2a: Volcarona
|-status|p2a: Volcarona|slp|[from] move: Sleep Powder
|cant|p2a: Volcarona|slp
|move|p2b: Kingambit|Kowtow Cleave|p1a: Torkoal
|-activate|p1a: Torkoal|move: Protect
|
|-weather|SunnyDay|[upkeep]
|upkeep
|turn|3
|
|t:|1757086002
|move|p2b: Kingambit|Sucker Punch|p1a: Torkoal
|-damage|p1a: Torkoal|62/100
|move|p1b: Jumpluff|Tailwind|p1b: Jumpluff
|-sidestart|p1: Mtcoc2|move: Tailwind
|-curestatus|p2a: Volcarona|slp|[msg]
|move|p2a: Volcarona|Struggle Bug|p1b: Jumpluff|[spread] p1a,p1b
|-resisted|p1a: Torkoal
|-damage|p1a: Torkoal|51/100
|-damage|p1b: Jumpluff|83/100
|-unboost|p1a: Torkoal|spa|1
|-enditem|p1a: Torkoal|Eject Pack
|
|t:|1757086011
|switch|p1a: Incineroar|Incineroar, L50, F|100/100
|-ability|p1a: Incineroar|Intimidate|boost
|-unboost|p2a: Volcarona|atk|1
|-unboost|p2b: Kingambit|atk|1
|-ability|p2b: Kingambit|Defiant|boost
|-boost|p2b: Kingambit|atk|2
|
|-weather|SunnyDay|[upkeep]
|upkeep
|turn|4
|inactive|IronStandsEternal has 30 seconds left.
|inactive|IronStandsEternal has 20 seconds left.
|inactive|IronStandsEternal has 15 seconds left.
|inactive|IronStandsEternal has 10 seconds left.
|
|t:|1757086060
|move|p1b: Jumpluff|Sleep Powder|p2a: Volcarona
|-status|p2a: Volcarona|slp|[from] move: Sleep Powder
|move|p1a: Incineroar|Flare Blitz|p2b: Kingambit
|-damage|p2b: Kingambit|39/100
|-damage|p1a: Incineroar|80/100|[from] Recoil
|cant|p2a: Volcarona|slp
|move|p2b: Kingambit|Kowtow Cleave|p1b: Jumpluff
|-damage|p1b: Jumpluff|0 fnt
|faint|p1b: Jumpluff
|
|-weather|SunnyDay|[upkeep]
|upkeep
|
|t:|1757086084
|switch|p1b: Torkoal|Torkoal, L50, M|51/100
|turn|5
|
|t:|1757086103
|move|p2b: Kingambit|Protect|p2b: Kingambit
|-singleturn|p2b: Kingambit|Protect
|move|p1a: Incineroar|Flare Blitz|p2b: Kingambit
|-activate|p2b: Kingambit|move: Protect
|cant|p2a: Volcarona|slp
|move|p1b: Torkoal|Eruption|p2b: Kingambit|[spread] p2a
|-activate|p2b: Kingambit|move: Protect
|-damage|p2a: Volcarona|0 fnt
|faint|p2a: Volcarona
|
|-weather|none
|upkeep
|
|t:|1757086117
|switch|p2a: Sneasler|Sneasler, L50, M|100/100
|turn|6
|inactive|Mtcoc2 has 30 seconds left.
|inactive|IronStandsEternal has 30 seconds left.
|inactive|Mtcoc2 has 20 seconds left.
|inactive|Mtcoc2 has 15 seconds left.
|inactive|Mtcoc2 has 10 seconds left.
|
|t:|1757086166
|-terastallize|p1a: Incineroar|Ghost
|move|p2b: Kingambit|Sucker Punch|p1a: Incineroar
|-supereffective|p1a: Incineroar
|-damage|p1a: Incineroar|0 fnt
|faint|p1a: Incineroar
|move|p2a: Sneasler|Close Combat|p1b: Torkoal
|-damage|p1b: Torkoal|7/100
|-unboost|p2a: Sneasler|def|1
|-unboost|p2a: Sneasler|spd|1
|-enditem|p2a: Sneasler|White Herb
|-clearnegativeboost|p2a: Sneasler|[silent]
|move|p1b: Torkoal|Overheat|p2a: Sneasler
|-damage|p2a: Sneasler|24/100
|-unboost|p1b: Torkoal|spa|2
|
|-sideend|p1: Mtcoc2|move: Tailwind
|upkeep
|turn|7
|-message|Mtcoc2 forfeited.
|
|win|IronStandsEternal
||Mtcoc2 is ready for game 2.
|inactive|IronStandsEternal has 30 seconds to confirm battle start!
|inactive|IronStandsEternal has 20 seconds to confirm battle start!
||IronStandsEternal is ready for game 2.
|uhtml|next|Next: Game 2 of 3
|l|☆Mtcoc2
|player|p1|
