|j|☆lox1sm
|j|☆princeofunderworld
|html|lox1smprinceofunderworld    
|uhtml|bestof|Game 2 of a best-of-3
|t:|1783641456
|gametype|doubles
|player|p1|lox1sm|veteran|1259
|player|p2|princeofunderworld|101|1134
|gen|9
|tier|[Gen 9 Champions] VGC 2026 Reg M-B (Bo3)
|rated|
|rule|Species Clause: Limit one of each Pokémon
|rule|Item Clause: Limit 1 of each item
|clearpoke
|poke|p1|Charizard, L50, M|
|poke|p1|Aerodactyl, L50, F|
|poke|p1|Garchomp, L50, M|
|poke|p1|Kingambit, L50, M|
|poke|p1|Farigiraf, L50, M|
|poke|p1|Primarina, L50, M|
|poke|p2|Kingambit, L50, M|
|poke|p2|Farigiraf, L50, F|
|poke|p2|Garchomp, L50, F|
|poke|p2|Charizard, L50, F|
|poke|p2|Whimsicott, L50, M|
|poke|p2|Toxapex, L50, M|
|teampreview|4
|showteam|p1|Charizard||CharizarditeY|Blaze|HeatWave,WeatherBall,SolarBeam,Protect|Modest||M|||50|]Aerodactyl||Aerodactylite|Unnerve|RockSlide,IceFang,Tailwind,Protect|Jolly||F|||50|]Garchomp||LifeOrb|RoughSkin|DragonClaw,Earthquake,RockSlide,Protect|Jolly||M|||50|]Kingambit||FocusSash|Defiant|KowtowCleave,SuckerPunch,IronHead,LowKick|Adamant||M|||50|]Farigiraf||ExpertBelt|ArmorTail|Psychic,DazzlingGleam,Thunderbolt,TrickRoom|Modest||M|||50|]Primarina||MysticWater|LiquidVoice|HyperVoice,Moonblast,Haze,Protect|Modest||M|||50|
|showteam|p2|Kingambit||BlackGlasses|Defiant|Protect,SuckerPunch,KowtowCleave,IronHead|Brave||M|||50|]Farigiraf||SitrusBerry|ArmorTail|TrickRoom,TwinBeam,Thunderbolt,Protect|Relaxed||F|||50|]Garchomp||LifeOrb|RoughSkin|Earthquake,DragonClaw,RockSlide,Protect|Adamant||F|||50|]Charizard||CharizarditeY|Blaze|HeatWave,WeatherBall,SolarBeam,Protect|Modest||F|||50|]Whimsicott||FocusSash|Prankster|Tailwind,Encore,Moonblast,Protect|Timid||M|||50|]Toxapex||Leftovers|Regenerator|Toxic,WideGuard,Infestation,BanefulBunker|Relaxed||M|||50|
|inactive|Battle timer is ON: inactive players will automatically lose when time's up. (requested by princeofunderworld)
|inactive|lox1sm has 60 seconds left.
|
|t:|1783641511
|teamsize|p1|4
|teamsize|p2|4
|start
|switch|p1a: Aerodactyl|Aerodactyl, L50, F|100/100
|switch|p1b: Primarina|Primarina, L50, M|100/100
|switch|p2a: Toxapex|Toxapex, L50, M|100/100
|switch|p2b: Kingambit|Kingambit, L50, M|100/100
|-ability|p1a: Aerodactyl|Unnerve
|turn|1
|inactive|lox1sm has 30 seconds left.
|inactive|lox1sm has 20 seconds left.
|inactive|princeofunderworld has 30 seconds left.
|
|t:|1783641553
|switch|p1a: Garchomp|Garchomp, L50, M|100/100
|move|p1b: Primarina|Hyper Voice|p2a: Toxapex|[spread] p2a,p2b
|-resisted|p2a: Toxapex|1
|-damage|p2a: Toxapex|83/100
|-damage|p2b: Kingambit|59/100
|move|p2b: Kingambit|Iron Head|p1b: Primarina
|-damage|p1b: Primarina|33/100
|move|p2a: Toxapex|Toxic|p1a: Garchomp
|-status|p1a: Garchomp|tox
|
|-heal|p2a: Toxapex|89/100|[from] item: Leftovers
|-damage|p1a: Garchomp|94/100 tox|[from] psn
|upkeep
|turn|2
|inactive|lox1sm has 30 seconds left.
|
|t:|1783641580
|switch|p1b: Charizard|Charizard, L50, M|100/100
|move|p2a: Toxapex|Wide Guard|p2a: Toxapex
|-singleturn|p2a: Toxapex|Wide Guard
|move|p2b: Kingambit|Sucker Punch|p1a: Garchomp
|-damage|p1a: Garchomp|42/100 tox
|-damage|p2b: Kingambit|47/100|[from] ability: Rough Skin|[of] p1a: Garchomp
|move|p1a: Garchomp|Earthquake|p2b: Kingambit|[spread] 
|-activate|p2a: Toxapex|move: Wide Guard
|-activate|p2b: Kingambit|move: Wide Guard
|-immune|p1b: Charizard
|
|-heal|p2a: Toxapex|94/100|[from] item: Leftovers
|-damage|p1a: Garchomp|30/100 tox|[from] psn
|upkeep
|turn|3
|inactive|lox1sm has 30 seconds left.
|
|t:|1783641611
|switch|p1a: Primarina|Primarina, L50, M|33/100
|detailschange|p1b: Charizard|Charizard-Mega-Y, L50, M
|-mega|p1b: Charizard|Charizard|Charizardite Y
|-weather|SunnyDay|[from] ability: Drought|[of] p1b: Charizard
|move|p2a: Toxapex|Wide Guard|p2a: Toxapex
|-singleturn|p2a: Toxapex|Wide Guard
|move|p2b: Kingambit|Sucker Punch|p1b: Charizard
|-damage|p1b: Charizard|50/100g
|move|p1b: Charizard|Weather Ball|p2b: Kingambit
|-supereffective|p2b: Kingambit|1
|-damage|p2b: Kingambit|0 fnt
|faint|p2b: Kingambit
|
|-weather|SunnyDay|[upkeep]
|-heal|p2a: Toxapex|100/100|[from] item: Leftovers
|upkeep
|
|t:|1783641621
|switch|p2b: Garchomp|Garchomp, L50, F|100/100
|turn|4
|inactive|lox1sm has 30 seconds left.
|inactive|lox1sm has 20 seconds left.
|
|t:|1783641661
|switch|p1b: Aerodactyl|Aerodactyl, L50, F|100/100
|-ability|p1b: Aerodactyl|Unnerve
|move|p2b: Garchomp|Protect|p2b: Garchomp
|-singleturn|p2b: Garchomp|Protect
|move|p1a: Primarina|Moonblast|p2b: Garchomp
|-activate|p2b: Garchomp|move: Protect
|move|p2a: Toxapex|Toxic|p1a: Primarina
|-status|p1a: Primarina|tox
|
|-weather|SunnyDay|[upkeep]
|-damage|p1a: Primarina|27/100 tox|[from] psn
|upkeep
|turn|5
|inactive|lox1sm has 30 seconds left.
|inactive|lox1sm has 20 seconds left.
|inactive|lox1sm has 15 seconds left.
|inactive|lox1sm has 10 seconds left.
|inactive|lox1sm has 5 seconds left.
|
|t:|1783641716
|switch|p2b: Whimsicott|Whimsicott, L50, M|100/100
|move|p1b: Aerodactyl|Rock Slide|p2a: Toxapex|[spread] p2a,p2b
|-damage|p2a: Toxapex|85/100
|-damage|p2b: Whimsicott|62/100
|move|p1a: Primarina|Hyper Voice|p2b: Whimsicott|[spread] p2a,p2b
|-resisted|p2a: Toxapex|1
|-resisted|p2b: Whimsicott|1
|-damage|p2a: Toxapex|77/100
|-damage|p2b: Whimsicott|45/100
|cant|p2a: Toxapex|flinch
|
|-weather|SunnyDay|[upkeep]
|-heal|p2a: Toxapex|83/100|[from] item: Leftovers
|-damage|p1a: Primarina|15/100 tox|[from] psn
|upkeep
|turn|6
|
|t:|1783641732
|switch|p1a: Charizard|Charizard-Mega-Y, L50, M|50/100g
|move|p2b: Whimsicott|Tailwind|p2b: Whimsicott
|-sidestart|p2: princeofunderworld|move: Tailwind
|move|p1b: Aerodactyl|Ice Fang|p2b: Whimsicott
|-supereffective|p2b: Whimsicott|1
|-damage|p2b: Whimsicott|0 fnt
|faint|p2b: Whimsicott
|move|p2a: Toxapex|Toxic|p1b: Aerodactyl
|-status|p1b: Aerodactyl|tox
|
|-weather|SunnyDay|[upkeep]
|-heal|p2a: Toxapex|89/100|[from] item: Leftovers
|-damage|p1b: Aerodactyl|94/100 tox|[from] psn
|upkeep
|
|t:|1783641747
|switch|p2b: Garchomp|Garchomp, L50, F|100/100
|turn|7
|
|t:|1783641766
|move|p2b: Garchomp|Rock Slide|p1a: Charizard|[spread] 
|-miss|p2b: Garchomp|p1a: Charizard
|-miss|p2b: Garchomp|p1b: Aerodactyl
|move|p1b: Aerodactyl|Ice Fang|p2b: Garchomp
|-supereffective|p2b: Garchomp|2
|-damage|p2b: Garchomp|32/100
|-damage|p1b: Aerodactyl|82/100 tox|[from] ability: Rough Skin|[of] p2b: Garchomp
|move|p1a: Charizard|Weather Ball|p2b: Garchomp
|-resisted|p2b: Garchomp|1
|-damage|p2b: Garchomp|0 fnt
|faint|p2b: Garchomp
|move|p2a: Toxapex|Infestation|p1a: Charizard
|-resisted|p1a: Charizard|2
|-damage|p1a: Charizard|49/100
|-activate|p1a: Charizard|move: Infestation|[of] p2a: Toxapex
|
|-weather|none
|-heal|p2a: Toxapex|94/100|[from] item: Leftovers
|-damage|p1b: Aerodactyl|70/100 tox|[from] psn
|-damage|p1a: Charizard|37/100|[from] move: Infestation|[partiallytrapped]
|upkeep
|turn|8
|inactive|lox1sm has 30 seconds left.
|
|t:|1783641795
|move|p1b: Aerodactyl|Ice Fang|p2a: Toxapex
|-resisted|p2a: Toxapex|1
|-damage|p2a: Toxapex|89/100
|move|p1a: Charizard|Solar Beam||[still]
|-prepare|p1a: Charizard|Solar Beam
|move|p2a: Toxapex|Infestation|p1b: Aerodactyl
|-resisted|p1b: Aerodactyl|1
|-damage|p1b: Aerodactyl|68/100 tox
|-activate|p1b: Aerodactyl|move: Infestation|[of] p2a: Toxapex
|
|-heal|p2a: Toxapex|94/100|[from] item: Leftovers
|-damage|p1b: Aerodactyl|50/100g tox|[from] psn
|-damage|p1b: Aerodactyl|38/100 tox|[from] move: Infestation|[partiallytrapped]
|-damage|p1a: Charizard|24/100|[from] move: Infestation|[partiallytrapped]
|upkeep
|turn|9
|inactive|princeofunderworld has 30 seconds left.
|
|t:|1783641825
|move|p2a: Toxapex|Baneful Bunker|p2a: Toxapex
|-singleturn|p2a: Toxapex|move: Protect
|move|p1b: Aerodactyl|Ice Fang|p2a: Toxapex
|-activate|p2a: Toxapex|move: Protect
|move|p1a: Charizard|Solar Beam|p2a: Toxapex|[from] lockedmove
|-activate|p2a: Toxapex|move: Protect
|
|-heal|p2a: Toxapex|100/100|[from] item: Leftovers
|-damage|p1b: Aerodactyl|15/100 tox|[from] psn
|-damage|p1b: Aerodactyl|3/100 tox|[from] move: Infestation|[partiallytrapped]
|-damage|p1a: Charizard|12/100|[from] move: Infestation|[partiallytrapped]
|-sideend|p2: princeofunderworld|move: Tailwind
|upkeep
|turn|10
|
|t:|1783641842
|move|p1b: Aerodactyl|Ice Fang|p2a: Toxapex
|-resisted|p2a: Toxapex|1
|-damage|p2a: Toxapex|94/100
|move|p1a: Charizard|Weather Ball|p2a: Toxapex
|-damage|p2a: Toxapex|78/100
|cant|p2a: Toxapex|flinch
|
|-heal|p2a: Toxapex|84/100|[from] item: Leftovers
|-damage|p1b: Aerodactyl|0 fnt|[from] psn
|faint|p1b: Aerodactyl
|-damage|p1a: Charizard|0 fnt|[from] move: Infestation|[partiallytrapped]
|faint|p1a: Charizard
|upkeep
|
|t:|1783641855
|switch|p1b: Primarina|Primarina, L50, M|15/100 tox
|switch|p1a: Garchomp|Garchomp, L50, M|30/100 tox
|turn|11
|inactive|princeofunderworld has 30 seconds left.
|inactive|lox1sm has 30 seconds left.
|inactive|princeofunderworld has 20 seconds left.
|
|t:|1783641894
|move|p2a: Toxapex|Baneful Bunker|p2a: Toxapex
|-singleturn|p2a: Toxapex|move: Protect
|move|p1a: Garchomp|Dragon Claw|p2a: Toxapex
|-activate|p2a: Toxapex|move: Protect
|move|p1b: Primarina|Moonblast|p2a: Toxapex
|-activate|p2a: Toxapex|move: Protect
|
|-heal|p2a: Toxapex|90/100|[from] item: Leftovers
|-damage|p1a: Garchomp|24/100 tox|[from] psn
|-damage|p1b: Primarina|10/100 tox|[from] psn
|upkeep
|turn|12
|l|☆princeofunderworld
|inactive|princeofunderworld disconnected and has a minute to reconnect!
|player|p2|
|inactive|princeofunderworld has 30 seconds left.
|j|☆princeofunderworld
|inactive|princeofunderworld reconnected and has 25 seconds left.
|player|p2|princeofunderworld|101|
|
|t:|1783641928
|move|p2a: Toxapex|Wide Guard|p2a: Toxapex
|-singleturn|p2a: Toxapex|Wide Guard
|move|p1a: Garchomp|Earthquake|p2a: Toxapex|[spread] p1b
|-activate|p2a: Toxapex|move: Wide Guard
|-damage|p1b: Primarina|0 fnt
|faint|p1b: Primarina
|-damage|p1a: Garchomp|14/100 tox|[from] item: Life Orb
|
|-heal|p2a: Toxapex|96/100|[from] item: Leftovers
|-damage|p1a: Garchomp|2/100 tox|[from] psn
|upkeep
|turn|13
|inactive|lox1sm has 30 seconds left.
|l|☆princeofunderworld
|inactive|princeofunderworld disconnected and has a minute to reconnect!
|player|p2|
|
|t:|1783641959
|move|p2a: Toxapex|Wide Guard|p2a: Toxapex
|-singleturn|p2a: Toxapex|Wide Guard
|move|p1a: Garchomp|Earthquake|p2a: Toxapex
|-activate|p2a: Toxapex|move: Wide Guard
|
|-heal|p2a: Toxapex|100/100|[from] item: Leftovers
|-damage|p1a: Garchomp|0 fnt|[from] psn
|faint|p1a: Garchomp
|
|win|princeofunderworld
|raw|lox1sm's rating: 1259 → 1225(-34 for losing)
|raw|princeofunderworld's rating: 1134 → 1168(+34 for winning)
