|j|☆wafflesniffer3000
|j|☆dreckige_pizza
|html|wafflesniffer3000dreckige_pizza    
|uhtml|bestof|Game 1 of a best-of-3
|t:|1757911169
|gametype|doubles
|player|p1|wafflesniffer3000|170|1029
|player|p2|dreckige_pizza|170|1008
|gen|9
|tier|[Gen 9] VGC 2025 Reg H (Bo3)
|rated|
|rule|Species Clause: Limit one of each Pokémon
|rule|Item Clause: Limit 1 of each item
|clearpoke
|poke|p1|Whimsicott, L50, F|
|poke|p1|Typhlosion-Hisui, L50, M|
|poke|p1|Dachsbun, L50, M|
|poke|p1|Ursaluna-Bloodmoon, L50, M|
|poke|p1|Rillaboom, L50, F|
|poke|p1|Charizard, L50, M|
|poke|p2|Farigiraf, L50, F|
|poke|p2|Armarouge, L50, M|
|poke|p2|Hatterene, L50, F|
|poke|p2|Haxorus, L50, F|
|poke|p2|Skeledirge, L50, M|
|poke|p2|Gothitelle, L50, F|
|teampreview|4
|showteam|p1|Whimsicott||FocusSash|Prankster|Tailwind,SunnyDay,DazzlingGleam,Charm|||F|||50|,,,,,Ghost]Typhlosion-Hisui||ChoiceScarf|Blaze|Eruption,LavaPlume,ShadowBall,Flamethrower|||M|||50|,,,,,Dark]Dachsbun||RockyHelmet|WellBakedBody|BodyPress,Copycat,Protect,Wish|||M|||50|,,,,,Fighting]Ursaluna-Bloodmoon||ThroatSpray|MindsEye|Protect,BloodMoon,HyperVoice,EarthPower|||M|||50|,,,,,Fighting]Rillaboom||LifeOrb|GrassySurge|FakeOut,SolarBlade,GrassyGlide,LowKick|||F|||50|,,,,,Rock]Charizard||WideLens|SolarPower|FireBlast,HeatWave,SolarBeam,Protect|||M|||50|,,,,,Grass
|showteam|p2|Farigiraf||Leftovers|ArmorTail|TrickRoom,HelpingHand,Trick,Crunch|||F|||50|,,,,,Normal]Armarouge||PowerHerb|FlashFire|MeteorBeam,HeatWave,ExpandingForce,TrickRoom|||M|||50|,,,,,Fire]Hatterene||LifeOrb|MagicBounce|DazzlingGleam,ExpandingForce,TrickRoom,CalmMind|||F|||50|,,,,,Fairy]Haxorus||ClearAmulet|MoldBreaker|SwordsDance,CloseCombat,Earthquake,Protect|||F|||50|,,,,,Dragon]Skeledirge||ThroatSpray|Unaware|TorchSong,ShadowBall,HyperVoice,Protect|||M|||50|,,,,,Fire]Gothitelle||FocusSash|ShadowTag|TrickRoom,FakeOut,HealPulse,ThunderWave|||F|||50|,,,,,Psychic
|
|t:|1757911214
|teamsize|p1|4
|teamsize|p2|4
|start
|switch|p1a: Whimsicott|Whimsicott, L50, F|100/100
|switch|p1b: Typhlosion|Typhlosion-Hisui, L50, M|100/100
|switch|p2a: Farigiraf|Farigiraf, L50, F|100/100
|switch|p2b: Armarouge|Armarouge, L50, M|100/100
|turn|1
|
|t:|1757911243
|move|p1a: Whimsicott|Tailwind|p1a: Whimsicott
|-sidestart|p1: wafflesniffer3000|move: Tailwind
|move|p1b: Typhlosion|Shadow Ball|p2b: Armarouge
|-supereffective|p2b: Armarouge
|-damage|p2b: Armarouge|0 fnt
|faint|p2b: Armarouge
|move|p2a: Farigiraf|Crunch|p1b: Typhlosion
|-supereffective|p1b: Typhlosion
|-damage|p1b: Typhlosion|51/100
|
|upkeep
|
|t:|1757911252
|switch|p2b: Skeledirge|Skeledirge, L50, M|100/100
|turn|2
|
|t:|1757911260
|-terastallize|p2b: Skeledirge|Fire
|move|p1b: Typhlosion|Shadow Ball|p2b: Skeledirge
|-damage|p2b: Skeledirge|60/100
|move|p1a: Whimsicott|Dazzling Gleam|p2b: Skeledirge|[spread] p2a,p2b
|-resisted|p2b: Skeledirge
|-damage|p2a: Farigiraf|82/100
|-damage|p2b: Skeledirge|50/100
|move|p2b: Skeledirge|Torch Song|p1a: Whimsicott
|-supereffective|p1a: Whimsicott
|-enditem|p1a: Whimsicott|Focus Sash
|-damage|p1a: Whimsicott|1/100
|-boost|p2b: Skeledirge|spa|1
|-enditem|p2b: Skeledirge|Throat Spray
|-boost|p2b: Skeledirge|spa|1|[from] item: Throat Spray
|move|p2a: Farigiraf|Trick Room|p2a: Farigiraf
|-fieldstart|move: Trick Room|[of] p2a: Farigiraf
|
|-heal|p2a: Farigiraf|88/100|[from] item: Leftovers
|upkeep
|turn|3
|
|t:|1757911288
|switch|p1a: Ursaluna|Ursaluna-Bloodmoon, L50, M|100/100
|move|p2b: Skeledirge|Shadow Ball|p1b: Typhlosion
|-supereffective|p1b: Typhlosion
|-damage|p1b: Typhlosion|0 fnt
|faint|p1b: Typhlosion
|move|p2a: Farigiraf|Crunch|p1a: Ursaluna
|-damage|p1a: Ursaluna|88/100
|
|-heal|p2a: Farigiraf|94/100|[from] item: Leftovers
|upkeep
|
|t:|1757911301
|switch|p1b: Dachsbun|Dachsbun, L50, M|100/100
|turn|4
|l|☆dreckige_pizza
|player|p2|
|j|☆dreckige_pizza
|player|p2|dreckige_pizza|170|
|
|t:|1757911354
|move|p2a: Farigiraf|Helping Hand|p2b: Skeledirge
|-singleturn|p2b: Skeledirge|Helping Hand|[of] p2a: Farigiraf
|move|p2b: Skeledirge|Torch Song|p1a: Ursaluna
|-damage|p1a: Ursaluna|0 fnt
|-boost|p2b: Skeledirge|spa|1
|faint|p1a: Ursaluna
|move|p1b: Dachsbun|Wish|p1b: Dachsbun
|
|-heal|p2a: Farigiraf|99/100|[from] item: Leftovers
|-sideend|p1: wafflesniffer3000|move: Tailwind
|upkeep
|
|t:|1757911366
|switch|p1a: Whimsicott|Whimsicott, L50, F|1/100
|turn|5
|
|t:|1757911381
|move|p2b: Skeledirge|Torch Song|p1b: Dachsbun
|-ability|p1b: Dachsbun|Well-Baked Body|boost
|-boost|p1b: Dachsbun|def|2
|move|p2a: Farigiraf|Crunch|p1a: Whimsicott
|-resisted|p1a: Whimsicott
|-damage|p1a: Whimsicott|0 fnt
|faint|p1a: Whimsicott
|move|p1b: Dachsbun|Body Press|p2b: Skeledirge
|-damage|p2b: Skeledirge|23/100
|
|-heal|p2a: Farigiraf|100/100|[from] item: Leftovers
|upkeep
|turn|6
|
|t:|1757911408
|-terastallize|p1b: Dachsbun|Fighting
|move|p2a: Farigiraf|Helping Hand|p2b: Skeledirge
|-singleturn|p2b: Skeledirge|Helping Hand|[of] p2a: Farigiraf
|move|p2b: Skeledirge|Shadow Ball|p1b: Dachsbun
|-damage|p1b: Dachsbun|0 fnt
|faint|p1b: Dachsbun
|
|win|dreckige_pizza
||dreckige_pizza is ready for game 2.
|inactive|wafflesniffer3000 has 30 seconds to confirm battle start!
|l|☆wafflesniffer3000
|player|p1|
|inactive|wafflesniffer3000 has 20 seconds to confirm battle start!
||wafflesniffer3000 is ready for game 2.
|uhtml|next|Next: Game 2 of 3
|l|☆dreckige_pizza
|player|p2|
