|j|‽kneg
|j|☆DilluVGC
|html|knegDilluVGC    
|uhtml|bestof|Game 2 of a best-of-3
|t:|1784064310
|gametype|doubles
|player|p1|kneg|n|1207
|player|p2|DilluVGC|byron|1180
|gen|9
|tier|[Gen 9 Champions] VGC 2026 Reg M-B (Bo3)
|rated|
|rule|Species Clause: Limit one of each Pokémon
|rule|Item Clause: Limit 1 of each item
|clearpoke
|poke|p1|Aerodactyl, L50, M|
|poke|p1|Kingambit, L50, F|
|poke|p1|Sylveon, L50, M|
|poke|p1|Garchomp, L50, M|
|poke|p1|Charizard, L50, F|
|poke|p1|Incineroar, L50, M|
|poke|p2|Delphox, L50, M|
|poke|p2|Sneasler, L50, M|
|poke|p2|Incineroar, L50, F|
|poke|p2|Sinistcha, L50|
|poke|p2|Blastoise, L50, M|
|poke|p2|Kingambit, L50, F, shiny|
|teampreview|4
|showteam|p1|Aerodactyl||Aerodactylite|Unnerve|RockSlide,IceFang,Tailwind,WideGuard|Jolly||M|||50|]Kingambit||FocusSash|Defiant|KowtowCleave,SuckerPunch,IronHead,Protect|Adamant||F|||50|]Sylveon||FairyFeather|Pixilate|Detect,HyperVoice,HyperBeam,QuickAttack|Modest||M|||50|]Garchomp||LifeOrb|RoughSkin|Earthquake,DragonClaw,StompingTantrum,Protect|Jolly||M|||50|]Charizard||CharizarditeY|Blaze|Protect,HeatWave,SolarBeam,WeatherBall|Modest||F|||50|]Incineroar||SitrusBerry|Intimidate|DarkestLariat,FlareBlitz,FakeOut,PartingShot|Impish||M|||50|
|showteam|p2|Delphox||Delphoxite|Blaze|HeatWave,Psyshock,NastyPlot,Protect|Timid||M|||50|]Sneasler||FocusSash|PoisonTouch|QuickGuard,FakeOut,PoisonJab,CloseCombat|Jolly||M|||50|]Incineroar||SitrusBerry|Intimidate|FakeOut,PartingShot,HelpingHand,FlareBlitz|Impish||F|||50|]Sinistcha||OccaBerry|Hospitality|MatchaGotcha,RagePowder,TrickRoom,Protect|Bold|||||50|]Blastoise||Blastoisinite|RainDish|WaterSpout,DarkPulse,ShellSmash,Protect|Modest||M|||50|]Kingambit||BlackGlasses|Defiant|Protect,SwordsDance,KowtowCleave,SuckerPunch|Adamant||F|||50|
|
|t:|1784064345
|teamsize|p1|4
|teamsize|p2|4
|start
|switch|p1a: Garchomp|Garchomp, L50, M|100/100
|switch|p1b: Charizard|Charizard, L50, F|100/100
|switch|p2a: The Hangman|Kingambit, L50, F, shiny|100/100
|switch|p2b: Maj. Warren|Sneasler, L50, M|100/100
|turn|1
|inactive|Battle timer is ON: inactive players will automatically lose when time's up. (requested by kneg)
|
|t:|1784064391
|detailschange|p1b: Charizard|Charizard-Mega-Y, L50, F
|-mega|p1b: Charizard|Charizard|Charizardite Y
|-weather|SunnyDay|[from] ability: Drought|[of] p1b: Charizard
|move|p2a: The Hangman|Sucker Punch|p1b: Charizard
|-damage|p1b: Charizard|47/100
|move|p2b: Maj. Warren|Poison Jab|p1b: Charizard
|-damage|p1b: Charizard|6/100
|move|p1a: Garchomp|Earthquake|p2a: The Hangman|[spread] p2a,p2b
|-immune|p1b: Charizard
|-supereffective|p2a: The Hangman|1
|-supereffective|p2b: Maj. Warren|1
|-damage|p2a: The Hangman|30/100
|-enditem|p2b: Maj. Warren|Focus Sash
|-damage|p2b: Maj. Warren|1/100
|-damage|p1a: Garchomp|90/100|[from] item: Life Orb
|move|p1b: Charizard|Heat Wave|p2b: Maj. Warren|[spread] p2a,p2b
|-supereffective|p2a: The Hangman|1
|-damage|p2a: The Hangman|0 fnt
|-damage|p2b: Maj. Warren|0 fnt
|faint|p2a: The Hangman
|faint|p2b: Maj. Warren
|
|-weather|SunnyDay|[upkeep]
|upkeep
|
|t:|1784064410
|switch|p2b: Domergue|Delphox, L50, M|100/100
|switch|p2a: Chris Mannix|Incineroar, L50, F|100/100
|-ability|p2a: Chris Mannix|Intimidate|boost
|-unboost|p1a: Garchomp|atk|1
|-unboost|p1b: Charizard|atk|1
|turn|2
|inactive|kneg has 30 seconds left.
|inactive|kneg has 20 seconds left.
|inactive|kneg has 15 seconds left.
|inactive|kneg has 10 seconds left.
|inactive|kneg has 5 seconds left.
|
|t:|1784064465
|detailschange|p2b: Domergue|Delphox-Mega, L50, M
|-mega|p2b: Domergue|Delphox|Delphoxite
|move|p1b: Charizard|Protect|p1b: Charizard
|-singleturn|p1b: Charizard|Protect
|move|p2a: Chris Mannix|Fake Out|p1b: Charizard
|-activate|p1b: Charizard|move: Protect
|move|p2b: Domergue|Nasty Plot|p2b: Domergue
|-boost|p2b: Domergue|spa|2
|move|p1a: Garchomp|Earthquake|p2a: Chris Mannix|[spread] p2a
|-activate|p1b: Charizard|move: Protect
|-immune|p2b: Domergue|[from] ability: Levitate
|-supereffective|p2a: Chris Mannix|1
|-damage|p2a: Chris Mannix|56/100
|-damage|p1a: Garchomp|80/100|[from] item: Life Orb
|
|-weather|SunnyDay|[upkeep]
|upkeep
|turn|3
|
|t:|1784064488
|switch|p1b: Incineroar|Incineroar, L50, M|100/100
|-ability|p1b: Incineroar|Intimidate|boost
|-unboost|p2a: Chris Mannix|atk|1
|-unboost|p2b: Domergue|atk|1
|move|p2a: Chris Mannix|Helping Hand|p2b: Domergue
|-singleturn|p2b: Domergue|Helping Hand|[of] p2a: Chris Mannix
|move|p2b: Domergue|Heat Wave|p1a: Garchomp|[spread] p1a,p1b
|-resisted|p1a: Garchomp|1
|-resisted|p1b: Incineroar|1
|-damage|p1a: Garchomp|0 fnt
|-damage|p1b: Incineroar|13/100
|-enditem|p1b: Incineroar|Sitrus Berry|[eat]
|-heal|p1b: Incineroar|38/100|[from] item: Sitrus Berry
|faint|p1a: Garchomp
|
|-weather|SunnyDay|[upkeep]
|upkeep
|
|t:|1784064501
|switch|p1a: Aerodactyl|Aerodactyl, L50, M|100/100
|-ability|p1a: Aerodactyl|Unnerve
|turn|4
|
|t:|1784064526
|move|p2b: Domergue|Protect|p2b: Domergue
|-singleturn|p2b: Domergue|Protect
|move|p1b: Incineroar|Fake Out|p2b: Domergue
|-activate|p2b: Domergue|move: Protect
|move|p1a: Aerodactyl|Tailwind|p1a: Aerodactyl
|-sidestart|p1: kneg|move: Tailwind
|move|p2a: Chris Mannix|Parting Shot|p1a: Aerodactyl
|-unboost|p1a: Aerodactyl|atk|1
|-unboost|p1a: Aerodactyl|spa|1
|
|-weather|SunnyDay|[upkeep]
|upkeep
|turn|5
|
|t:|1784064548
|move|p2a: Chris Mannix|Helping Hand|p2b: Domergue
|-singleturn|p2b: Domergue|Helping Hand|[of] p2a: Chris Mannix
|move|p1a: Aerodactyl|Rock Slide|p2a: Chris Mannix|[spread] p2b
|-miss|p1a: Aerodactyl|p2a: Chris Mannix
|-supereffective|p2b: Domergue|1
|-damage|p2b: Domergue|63/100
|cant|p2b: Domergue|flinch
|move|p1b: Incineroar|Darkest Lariat|p2b: Domergue
|-supereffective|p2b: Domergue|1
|-damage|p2b: Domergue|0 fnt
|faint|p2b: Domergue
|
|-weather|none
|upkeep
|turn|6
|-message|DilluVGC forfeited.
|
|win|kneg
