|j|☆cubeandcroc
|j|☆Lorido
|html|cubeandcrocLorido    
|uhtml|bestof|Game 1 of a best-of-3
|t:|1785336846
|gametype|doubles
|player|p1|cubeandcroc|1|1208
|player|p2|Lorido|170|1281
|gen|9
|tier|[Gen 9 Champions] VGC 2026 Reg M-B (Bo3)
|rated|
|rule|Species Clause: Limit one of each Pokémon
|rule|Item Clause: Limit 1 of each item
|clearpoke
|poke|p1|Pelipper, L50, M|
|poke|p1|Decidueye-Hisui, L50, M|
|poke|p1|Swampert, L50, F|
|poke|p1|Sneasler, L50, M|
|poke|p1|Volcarona, L50, F|
|poke|p1|Farigiraf, L50, M|
|poke|p2|Delphox, L50, F|
|poke|p2|Incineroar, L50, F|
|poke|p2|Floette-Eternal, L50, F|
|poke|p2|Kingambit, L50, M|
|poke|p2|Sinistcha, L50|
|poke|p2|Sneasler, L50, F|
|teampreview|4
|showteam|p1|Pelipper||FocusSash|Drizzle|WeatherBall,Hurricane,Tailwind,WideGuard|Modest||M|||50|]Decidueye-Hisui||ScopeLens|Overgrow|LeafBlade,TripleArrows,Haze,Protect|Adamant||M|||50|]Swampert||Swampertite|Torrent|Liquidation,Earthquake,IcePunch,Protect|Adamant||F|||50|]Sneasler||WhiteHerb|Unburden|FakeOut,CloseCombat,DireClaw,Protect|Jolly||M|||50|]Volcarona||SitrusBerry|FlameBody|FieryDance,BugBuzz,RagePowder,Protect|Quiet||F|||50|]Farigiraf||ColburBerry|ArmorTail|Psychic,MirrorCoat,TrickRoom,Roar|Bold||M|||50|
|showteam|p2|Delphox||Delphoxite|Blaze|HeatWave,Psychic,NastyPlot,Protect|Timid||F|||50|]Incineroar||SitrusBerry|Intimidate|FlareBlitz,DarkestLariat,FakeOut,PartingShot|Careful||F|||50|]Floette-Eternal||Floettite|FlowerVeil|DazzlingGleam,DrainingKiss,CalmMind,Protect|Bold||F|||50|]Kingambit||BlackGlasses|Defiant|KowtowCleave,SuckerPunch,SwordsDance,Protect|Adamant||M|||50|]Sinistcha||OccaBerry|Hospitality|MatchaGotcha,RagePowder,TrickRoom,Protect|Bold|||||50|]Sneasler||FocusSash|PoisonTouch|CloseCombat,PoisonJab,FakeOut,QuickGuard|Jolly||F|||50|
|
|t:|1785336935
|teamsize|p1|4
|teamsize|p2|4
|start
|switch|p1a: Swampert|Swampert, L50, F|100/100
|switch|p1b: Pelipper|Pelipper, L50, M|100/100
|switch|p2a: Floette|Floette-Eternal, L50, F|100/100
|switch|p2b: Sinistcha|Sinistcha, L50|100/100
|-weather|RainDance|[from] ability: Drizzle|[of] p1b: Pelipper
|turn|1
|
|t:|1785336958
|switch|p1a: Volcarona|Volcarona, L50, F|100/100
|detailschange|p2a: Floette|Floette-Mega, L50, F
|-mega|p2a: Floette|Floette|Floettite
|-ability|p2a: Floette|Fairy Aura
|move|p2b: Sinistcha|Rage Powder|p2b: Sinistcha
|-singleturn|p2b: Sinistcha|move: Rage Powder
|move|p2a: Floette|Calm Mind|p2a: Floette
|-boost|p2a: Floette|spa|1
|-boost|p2a: Floette|spd|1
|move|p1b: Pelipper|Hurricane|p2b: Sinistcha
|-supereffective|p2b: Sinistcha|1
|-damage|p2b: Sinistcha|0 fnt
|faint|p2b: Sinistcha
|
|-weather|RainDance|[upkeep]
|upkeep
|
|t:|1785336976
|switch|p2b: Sneasler|Sneasler, L50, F|100/100
|turn|2
|
|t:|1785336998
|move|p1a: Volcarona|Rage Powder|p1a: Volcarona
|-singleturn|p1a: Volcarona|move: Rage Powder
|move|p2b: Sneasler|Poison Jab|p1a: Volcarona
|-damage|p1a: Volcarona|46/100
|-status|p1a: Volcarona|psn
|-enditem|p1a: Volcarona|Sitrus Berry|[eat]
|-heal|p1a: Volcarona|71/100 psn|[from] item: Sitrus Berry
|move|p2a: Floette|Dazzling Gleam|p1a: Volcarona|[spread] p1a,p1b
|-resisted|p1a: Volcarona|1
|-damage|p1a: Volcarona|43/100 psn
|-damage|p1b: Pelipper|6/100
|move|p1b: Pelipper|Hurricane|p2b: Sneasler
|-supereffective|p2b: Sneasler|1
|-enditem|p2b: Sneasler|Focus Sash
|-damage|p2b: Sneasler|1/100
|
|-weather|RainDance|[upkeep]
|-damage|p1a: Volcarona|31/100 psn|[from] psn
|upkeep
|turn|3
|
|t:|1785337017
|switch|p2b: Incineroar|Incineroar, L50, F|100/100
|-ability|p2b: Incineroar|Intimidate|boost
|-unboost|p1a: Volcarona|atk|1
|-unboost|p1b: Pelipper|atk|1
|move|p1b: Pelipper|Wide Guard|p1b: Pelipper
|-singleturn|p1b: Pelipper|Wide Guard
|move|p2a: Floette|Calm Mind|p2a: Floette
|-boost|p2a: Floette|spa|1
|-boost|p2a: Floette|spd|1
|move|p1a: Volcarona|Bug Buzz|p2b: Incineroar
|-damage|p2b: Incineroar|54/100
|
|-weather|RainDance|[upkeep]
|-damage|p1a: Volcarona|18/100 psn|[from] psn
|upkeep
|turn|4
|
|t:|1785337035
|switch|p1a: Farigiraf|Farigiraf, L50, M|100/100
|move|p1b: Pelipper|Wide Guard|p1b: Pelipper
|-singleturn|p1b: Pelipper|Wide Guard
|move|p2b: Incineroar|Fake Out||[still]
|cant|p1a: Farigiraf|ability: Armor Tail|Fake Out|[of] p2b: Incineroar
|move|p2a: Floette|Draining Kiss|p1a: Farigiraf
|-damage|p1a: Farigiraf|35/100
|
|-weather|RainDance|[upkeep]
|upkeep
|turn|5
|
|t:|1785337053
|switch|p1b: Volcarona|Volcarona, L50, F|18/100 psn
|move|p2a: Floette|Draining Kiss|p1b: Volcarona
|-resisted|p1b: Volcarona|1
|-damage|p1b: Volcarona|0 fnt
|faint|p1b: Volcarona
|move|p2b: Incineroar|Darkest Lariat|p1a: Farigiraf
|-supereffective|p1a: Farigiraf|1
|-enditem|p1a: Farigiraf|Colbur Berry|[eat]
|-enditem|p1a: Farigiraf|Colbur Berry|[weaken]
|-damage|p1a: Farigiraf|11/100
|move|p1a: Farigiraf|Roar|p2a: Floette
|drag|p2a: Sneasler|Sneasler, L50, F|1/100
|
|-weather|none
|upkeep
|
|t:|1785337066
|switch|p1b: Swampert|Swampert, L50, F|100/100
|turn|6
|
|t:|1785337083
|switch|p1a: Pelipper|Pelipper, L50, M|6/100
|-weather|RainDance|[from] ability: Drizzle|[of] p1a: Pelipper
|detailschange|p1b: Swampert|Swampert-Mega, L50, F
|-mega|p1b: Swampert|Swampert|Swampertite
|move|p1b: Swampert|Earthquake|p2a: Sneasler|[spread] p2a,p2b
|-immune|p1a: Pelipper
|-supereffective|p2a: Sneasler|1
|-supereffective|p2b: Incineroar|1
|-damage|p2a: Sneasler|0 fnt
|-damage|p2b: Incineroar|0 fnt
|faint|p2a: Sneasler
|faint|p2b: Incineroar
|
|-weather|RainDance|[upkeep]
|upkeep
|
|t:|1785337092
|switch|p2b: Floette|Floette-Mega, L50, F|100/100
|-ability|p2b: Floette|Fairy Aura
|turn|7
|
|t:|1785337105
|move|p1a: Pelipper|Wide Guard|p1a: Pelipper
|-singleturn|p1a: Pelipper|Wide Guard
|move|p1b: Swampert|Liquidation|p2b: Floette
|-damage|p2b: Floette|31/100
|-unboost|p2b: Floette|def|1
|move|p2b: Floette|Draining Kiss|p1b: Swampert
|-damage|p1b: Swampert|67/100
|-heal|p2b: Floette|58/100|[from] drain|[of] p1b: Swampert
|
|-weather|RainDance|[upkeep]
|upkeep
|turn|8
|
|t:|1785337118
|move|p1a: Pelipper|Wide Guard|p1a: Pelipper
|-singleturn|p1a: Pelipper|Wide Guard
|move|p1b: Swampert|Earthquake|p2b: Floette|[spread] p2b
|-activate|p1a: Pelipper|move: Wide Guard
|-damage|p2b: Floette|0 fnt
|faint|p2b: Floette
|
|win|cubeandcroc
