|j|☆UndeadParadox
|j|☆colemarcusvgc
|html|UndeadParadoxcolemarcusvgc    
|uhtml|bestof|Game 2 of a best-of-3
|t:|1756871468
|gametype|doubles
|player|p1|UndeadParadox|guitarist|1304
|player|p2|colemarcusvgc|n|1182
|gen|9
|tier|[Gen 9] VGC 2025 Reg H (Bo3)
|rated|
|rule|Species Clause: Limit one of each Pokémon
|rule|Item Clause: Limit 1 of each item
|clearpoke
|poke|p1|Sneasler, L50, F|
|poke|p1|Rillaboom, L50, M|
|poke|p1|Incineroar, L50, M|
|poke|p1|Gholdengo, L50|
|poke|p1|Hydreigon, L50, M|
|poke|p1|Gengar, L50, F|
|poke|p2|Indeedee-F, L50, F|
|poke|p2|Hatterene, L50, F|
|poke|p2|Gallade, L50, M|
|poke|p2|Ursaluna, L50, M|
|poke|p2|Lilligant-Hisui, L50, F|
|poke|p2|Torkoal, L50, M|
|teampreview|4
|showteam|p1|Sneasler||GrassySeed|Unburden|CloseCombat,DireClaw,Acrobatics,Protect|||F|||50|,,,,,Flying]Rillaboom||AssaultVest|GrassySurge|WoodHammer,GrassyGlide,FakeOut,HighHorsepower|||M|||50|,,,,,Fire]Incineroar||SafetyGoggles|Intimidate|FlareBlitz,KnockOff,PartingShot,FakeOut|||M|||50|,,,,,Ghost]Gholdengo||MetalCoat|GoodasGold|Protect,MakeItRain,ShadowBall,NastyPlot||||||50|,,,,,Water]Hydreigon||LifeOrb|Levitate|Flamethrower,DracoMeteor,DarkPulse,Protect|||M|||50|,,,,,Fire]Gengar||FocusSash|CursedBody|ShadowBall,Haze,Taunt,IcyWind|||F|||50|,,,,,Ghost
|showteam|p2|Indeedee-F||PsychicSeed|PsychicSurge|TrickRoom,FollowMe,HelpingHand,DazzlingGleam|||F|||50|,,,,,Fire]Hatterene||LifeOrb|MagicBounce|ExpandingForce,TrickRoom,DazzlingGleam,Protect|||F|||50|,,,,,Psychic]Gallade||ClearAmulet|Sharpness|PsychoCut,TrickRoom,SacredSword,WideGuard|||M|||50|,,,,,Grass]Ursaluna||FlameOrb|Guts|HeadlongRush,Facade,SwordsDance,Protect|||M|||50|,,,,,Ghost]Lilligant-Hisui||FocusSash|Chlorophyll|SolarBlade,SleepPowder,CloseCombat,AfterYou|||F|||50|,,,,,Ghost]Torkoal||ChoiceSpecs|Drought|Eruption,HeatWave,WeatherBall,EarthPower|||M|||50|,,,,,Fire
|inactive|Battle timer is ON: inactive players will automatically lose when time's up. (requested by colemarcusvgc)
|
|t:|1756871506
|teamsize|p1|4
|teamsize|p2|4
|start
|switch|p1a: Incineroar|Incineroar, L50, M, shiny|100/100
|switch|p1b: Gengar|Gengar, L50, F|100/100
|switch|p2a: Lilligant|Lilligant-Hisui, L50, F|100/100
|switch|p2b: Torkoal|Torkoal, L50, M|100/100
|-ability|p1a: Incineroar|Intimidate|boost
|-unboost|p2a: Lilligant|atk|1
|-unboost|p2b: Torkoal|atk|1
|-weather|SunnyDay|[from] ability: Drought|[of] p2b: Torkoal
|turn|1
|
|t:|1756871527
|move|p1a: Incineroar|Fake Out|p2b: Torkoal
|-damage|p2b: Torkoal|90/100
|move|p2a: Lilligant|After You|p2b: Torkoal
|-activate|p2b: Torkoal|move: After You
|cant|p2b: Torkoal|flinch
|move|p1b: Gengar|Taunt|p2a: Lilligant
|-start|p2a: Lilligant|move: Taunt
|
|-weather|SunnyDay|[upkeep]
|upkeep
|turn|2
|inactive|colemarcusvgc has 30 seconds left.
|
|t:|1756871557
|switch|p2b: Indeedee|Indeedee-F, L50, F|100/100
|-fieldstart|move: Psychic Terrain|[from] ability: Psychic Surge|[of] p2b: Indeedee
|-enditem|p2b: Indeedee|Psychic Seed
|-boost|p2b: Indeedee|spd|1|[from] item: Psychic Seed
|move|p2a: Lilligant|Solar Blade||[still]
|-prepare|p2a: Lilligant|Solar Blade
|-anim|p2a: Lilligant|Solar Blade|p1b: Gengar
|-resisted|p1b: Gengar
|-damage|p1b: Gengar|64/100
|-start|p2a: Lilligant|Disable|Solar Blade|[from] ability: Cursed Body|[of] p1b: Gengar
|move|p1b: Gengar|Shadow Ball|p2b: Indeedee
|-immune|p2b: Indeedee
|move|p1a: Incineroar|Knock Off|p2b: Indeedee
|-supereffective|p2b: Indeedee
|-damage|p2b: Indeedee|39/100
|
|-weather|SunnyDay|[upkeep]
|upkeep
|turn|3
|
|t:|1756871580
|move|p2a: Lilligant|Close Combat|p1a: Incineroar
|-supereffective|p1a: Incineroar
|-damage|p1a: Incineroar|26/100
|-unboost|p2a: Lilligant|def|1
|-unboost|p2a: Lilligant|spd|1
|move|p1b: Gengar|Taunt|p2b: Indeedee
|-start|p2b: Indeedee|move: Taunt
|move|p1a: Incineroar|Flare Blitz|p2a: Lilligant
|-supereffective|p2a: Lilligant
|-enditem|p2a: Lilligant|Focus Sash
|-damage|p2a: Lilligant|1/100
|-damage|p1a: Incineroar|2/100|[from] Recoil
|cant|p2b: Indeedee|move: Taunt|Trick Room
|
|-weather|SunnyDay|[upkeep]
|upkeep
|turn|4
|inactive|UndeadParadox has 30 seconds left.
|
|t:|1756871608
|switch|p1a: Gholdengo|Gholdengo, L50, shiny|100/100
|move|p2a: Lilligant|Close Combat|p1a: Gholdengo
|-immune|p1a: Gholdengo
|move|p1b: Gengar|Shadow Ball|p2a: Lilligant
|-damage|p2a: Lilligant|0 fnt
|faint|p2a: Lilligant
|move|p2b: Indeedee|Dazzling Gleam|p1b: Gengar|[spread] p1a,p1b
|-resisted|p1a: Gholdengo
|-resisted|p1b: Gengar
|-damage|p1a: Gholdengo|93/100
|-damage|p1b: Gengar|56/100
|-start|p2b: Indeedee|Disable|Dazzling Gleam|[from] ability: Cursed Body|[of] p1b: Gengar
|
|-weather|SunnyDay|[upkeep]
|upkeep
|
|t:|1756871623
|switch|p2a: Gallade|Gallade, L50, M, shiny|100/100
|turn|5
|
|t:|1756871640
|move|p1b: Gengar|Shadow Ball|p2a: Gallade
|-supereffective|p2a: Gallade
|-damage|p2a: Gallade|29/100
|move|p1a: Gholdengo|Shadow Ball|p2a: Gallade
|-supereffective|p2a: Gallade
|-damage|p2a: Gallade|0 fnt
|faint|p2a: Gallade
|-activate|p2b: Indeedee|move: Struggle
|move|p2b: Indeedee|Struggle|p1a: Gholdengo
|-damage|p1a: Gholdengo|87/100
|-damage|p2b: Indeedee|15/100|[from] recoil
|
|-weather|none
|-end|p2b: Indeedee|move: Taunt
|upkeep
|
|t:|1756871645
|switch|p2a: Torkoal|Torkoal, L50, M|90/100
|-weather|SunnyDay|[from] ability: Drought|[of] p2a: Torkoal
|turn|6
|
|t:|1756871669
|-terastallize|p2a: Torkoal|Fire
|move|p1a: Gholdengo|Protect|p1a: Gholdengo
|-singleturn|p1a: Gholdengo|Protect
|move|p1b: Gengar|Taunt|p2b: Indeedee
|-start|p2b: Indeedee|move: Taunt
|move|p2a: Torkoal|Eruption|p1b: Gengar|[spread] p1b
|-activate|p1a: Gholdengo|move: Protect
|-damage|p1b: Gengar|0 fnt
|faint|p1b: Gengar
|cant|p2b: Indeedee|move: Taunt|Trick Room
|
|-weather|SunnyDay|[upkeep]
|-fieldend|move: Psychic Terrain
|upkeep
|
|t:|1756871682
|switch|p1b: Incineroar|Incineroar, L50, M, shiny|2/100
|-ability|p1b: Incineroar|Intimidate|boost
|-unboost|p2a: Torkoal|atk|1
|-unboost|p2b: Indeedee|atk|1
|turn|7
|
|t:|1756871696
|-terastallize|p1a: Gholdengo|Water
|move|p1a: Gholdengo|Shadow Ball|p2a: Torkoal
|-damage|p2a: Torkoal|24/100
|-unboost|p2a: Torkoal|spd|1
|move|p1b: Incineroar|Knock Off|p2a: Torkoal
|-damage|p2a: Torkoal|0 fnt
|-enditem|p2a: Torkoal|Choice Specs|[from] move: Knock Off|[of] p1b: Incineroar
|faint|p2a: Torkoal
|-activate|p2b: Indeedee|move: Struggle
|move|p2b: Indeedee|Struggle|p1a: Gholdengo
|-damage|p1a: Gholdengo|82/100
|-damage|p2b: Indeedee|0 fnt|[from] recoil
|faint|p2b: Indeedee
|
|win|UndeadParadox
|raw|UndeadParadox's rating: 1304 → 1317(+13 for winning)
|raw|colemarcusvgc's rating: 1182 → 1165(-17 for losing)
|l|☆colemarcusvgc
|player|p2|
