|j|☆Axior
|j|☆animus
|html|Axioranimus    
|uhtml|bestof|Game 1 of a best-of-3
|t:|1783367082
|gametype|doubles
|player|p1|Axior|#smogonxnpa2025draftee2|
|player|p2|animus|#scl2spartans|
|gen|9
|tier|[Gen 9 Champions] VGC 2026 Reg M-B (Bo3)
|rule|Species Clause: Limit one of each Pokémon
|rule|Item Clause: Limit 1 of each item
|clearpoke
|poke|p1|Incineroar, L50, M|
|poke|p1|Sneasler, L50, M|
|poke|p1|Delphox, L50, F|
|poke|p1|Kingambit, L50, F|
|poke|p1|Sinistcha, L50|
|poke|p1|Blastoise, L50, M|
|poke|p2|Mamoswine, L50, F|
|poke|p2|Venusaur, L50, M|
|poke|p2|Charizard, L50, M|
|poke|p2|Incineroar, L50, F|
|poke|p2|Garchomp, L50, M|
|poke|p2|Sylveon, L50, M|
|teampreview|4
|showteam|p1|Incineroar||SitrusBerry|Intimidate|FlareBlitz,HelpingHand,PartingShot,FakeOut|Impish||M|||50|]Sneasler||FocusSash|Unburden|CloseCombat,DireClaw,FakeOut,QuickGuard|Jolly||M|||50|]Delphox||Delphoxite|Blaze|HeatWave,Psyshock,NastyPlot,Protect|Timid||F|||50|]Kingambit||BlackGlasses|Defiant|KowtowCleave,SuckerPunch,SwordsDance,Protect|Adamant||F|||50|]Sinistcha||KasibBerry|Hospitality|MatchaGotcha,LifeDew,RagePowder,Protect|Bold|||||50|]Blastoise||Blastoisinite|RainDish|WaterSpout,DarkPulse,ShellSmash,Protect|Timid||M|||50|
|showteam|p2|Mamoswine||FocusSash|Oblivious|HighHorsepower,RockTomb,IceShard,Protect|Jolly||F|||50|]Venusaur||LifeOrb|Chlorophyll|SolarBeam,SludgeBomb,EarthPower,Protect|Modest||M|||50|]Charizard||CharizarditeY|Blaze|HeatWave,WeatherBall,HelpingHand,Protect|Modest||M|||50|]Incineroar||SitrusBerry|Intimidate|FakeOut,FlareBlitz,PartingShot,ThroatChop|Careful||F|||50|]Garchomp||ChoiceScarf|RoughSkin|Earthquake,DragonClaw,IronHead,RockSlide|Adamant||M|||50|]Sylveon||FairyFeather|Pixilate|HyperVoice,Yawn,QuickAttack,Detect|Modest||M|||50|
|j| Sven
|j| Triir
|raw|Moderated chat was set to +!Only users of rank + and higher can talk.
|
|t:|1783367230
|teamsize|p1|4
|teamsize|p2|4
|start
|switch|p1a: Delphox|Delphox, L50, F|100/100
|switch|p1b: Incineroar|Incineroar, L50, M|100/100
|switch|p2a: Sylveon|Sylveon, L50, M|100/100
|switch|p2b: Garchomp|Garchomp, L50, M|100/100
|-ability|p1b: Incineroar|Intimidate|boost
|-unboost|p2a: Sylveon|atk|1
|-unboost|p2b: Garchomp|atk|1
|turn|1
|c|☆Axior|glhf
|c|☆animus|you too
|
|t:|1783367262
|switch|p2a: Incineroar|Incineroar, L50, F|100/100
|-ability|p2a: Incineroar|Intimidate|boost
|-unboost|p1a: Delphox|atk|1
|-unboost|p1b: Incineroar|atk|1
|detailschange|p1a: Delphox|Delphox-Mega, L50, F
|-mega|p1a: Delphox|Delphox|Delphoxite
|move|p1b: Incineroar|Fake Out|p2a: Incineroar
|-damage|p2a: Incineroar|92/100
|move|p2b: Garchomp|Rock Slide|p1b: Incineroar|[spread] p1a,p1b
|-supereffective|p1a: Delphox|1
|-supereffective|p1b: Incineroar|1
|-damage|p1a: Delphox|55/100
|-damage|p1b: Incineroar|79/100
|move|p1a: Delphox|Nasty Plot|p1a: Delphox
|-boost|p1a: Delphox|spa|2
|
|upkeep
|turn|2
|
|t:|1783367307
|switch|p2b: Sylveon|Sylveon, L50, M|100/100
|switch|p1b: Sinistcha|Sinistcha, L50|100/100
|-heal|p1a: Delphox|80/100|[from] ability: Hospitality|[of] p1b: Sinistcha
|move|p1a: Delphox|Protect|p1a: Delphox
|-singleturn|p1a: Delphox|Protect
|move|p2a: Incineroar|Parting Shot|p1b: Sinistcha
|-unboost|p1b: Sinistcha|atk|1
|-unboost|p1b: Sinistcha|spa|1
|
|t:|1783367328
|switch|p2a: Charizard|Charizard, L50, M|100/100|[from] Parting Shot
|
|upkeep
|turn|3
|
|t:|1783367337
|switch|p1b: Incineroar|Incineroar, L50, M|79/100
|-ability|p1b: Incineroar|Intimidate|boost
|-unboost|p2a: Charizard|atk|1
|-unboost|p2b: Sylveon|atk|1
|detailschange|p2a: Charizard|Charizard-Mega-Y, L50, M
|-mega|p2a: Charizard|Charizard|Charizardite Y
|-weather|SunnyDay|[from] ability: Drought|[of] p2a: Charizard
|move|p1a: Delphox|Heat Wave|p2b: Sylveon|[spread] p2a,p2b
|-resisted|p2a: Charizard|1
|-damage|p2a: Charizard|44/100
|-damage|p2b: Sylveon|14/100
|move|p2a: Charizard|Heat Wave|p1b: Incineroar|[spread] p1a,p1b
|-resisted|p1a: Delphox|1
|-resisted|p1b: Incineroar|1
|-damage|p1a: Delphox|51/100
|-damage|p1b: Incineroar|52/100
|move|p2b: Sylveon|Yawn|p1a: Delphox
|-start|p1a: Delphox|move: Yawn|[of] p2b: Sylveon
|
|-weather|SunnyDay|[upkeep]
|upkeep
|turn|4
|
|t:|1783367368
|switch|p2a: Incineroar|Incineroar, L50, F|92/100
|-ability|p2a: Incineroar|Intimidate|boost
|-unboost|p1a: Delphox|atk|1
|-unboost|p1b: Incineroar|atk|1
|switch|p1b: Sinistcha|Sinistcha, L50|100/100
|-heal|p1a: Delphox|76/100|[from] ability: Hospitality|[of] p1b: Sinistcha
|move|p1a: Delphox|Heat Wave|p2a: Incineroar|[spread] p2a,p2b
|-resisted|p2a: Incineroar|1
|-damage|p2a: Incineroar|42/100
|-damage|p2b: Sylveon|0 fnt
|-enditem|p2a: Incineroar|Sitrus Berry|[eat]
|-heal|p2a: Incineroar|66/100|[from] item: Sitrus Berry
|faint|p2b: Sylveon
|
|-weather|SunnyDay|[upkeep]
|-end|p1a: Delphox|move: Yawn|[silent]
|-status|p1a: Delphox|slp
|upkeep
|j|~DaWoblefet
|
|t:|1783367382
|switch|p2b: Charizard|Charizard-Mega-Y, L50, M|44/100
|turn|5
|
|t:|1783367393
|switch|p1b: Incineroar|Incineroar, L50, M|52/100
|-ability|p1b: Incineroar|Intimidate|boost
|-unboost|p2a: Incineroar|atk|1
|-unboost|p2b: Charizard|atk|1
|cant|p1a: Delphox|slp
|move|p2b: Charizard|Heat Wave|p1a: Delphox|[spread] p1a,p1b
|-resisted|p1a: Delphox|1
|-resisted|p1b: Incineroar|1
|-damage|p1a: Delphox|49/100 slp
|-damage|p1b: Incineroar|27/100
|-enditem|p1b: Incineroar|Sitrus Berry|[eat]
|-heal|p1b: Incineroar|52/100|[from] item: Sitrus Berry
|move|p2a: Incineroar|Throat Chop|p1a: Delphox
|-supereffective|p1a: Delphox|1
|-damage|p1a: Delphox|0 fnt
|faint|p1a: Delphox
|
|-weather|SunnyDay|[upkeep]
|upkeep
|
|t:|1783367413
|switch|p1a: Sneasler|Sneasler, L50, M|100/100
|turn|6
|
|t:|1783367470
|switch|p2a: Garchomp|Garchomp, L50, M|100/100
|move|p1a: Sneasler|Dire Claw|p2b: Charizard
|-damage|p2b: Charizard|4/100
|move|p2b: Charizard|Heat Wave|p1b: Incineroar|[spread] p1a,p1b
|-resisted|p1b: Incineroar|1
|-damage|p1a: Sneasler|10/100
|-damage|p1b: Incineroar|25/100
|move|p1b: Incineroar|Parting Shot|p2a: Garchomp
|-unboost|p2a: Garchomp|atk|1
|-unboost|p2a: Garchomp|spa|1
|
|t:|1783367484
|switch|p1b: Sinistcha|Sinistcha, L50|100/100|[from] Parting Shot
|-heal|p1a: Sneasler|34/100|[from] ability: Hospitality|[of] p1b: Sinistcha
|
|-weather|SunnyDay|[upkeep]
|upkeep
|turn|7
|
|t:|1783367503
|switch|p1a: Incineroar|Incineroar, L50, M|25/100
|-ability|p1a: Incineroar|Intimidate|boost
|-unboost|p2a: Garchomp|atk|1
|-unboost|p2b: Charizard|atk|1
|move|p1b: Sinistcha|Protect|p1b: Sinistcha
|-singleturn|p1b: Sinistcha|Protect
|move|p2a: Garchomp|Earthquake|p1a: Incineroar|[spread] p1a
|-activate|p1b: Sinistcha|move: Protect
|-immune|p2b: Charizard
|-supereffective|p1a: Incineroar|1
|-damage|p1a: Incineroar|0 fnt
|faint|p1a: Incineroar
|move|p2b: Charizard|Weather Ball|p1b: Sinistcha
|-activate|p1b: Sinistcha|move: Protect
|
|-weather|none
|upkeep
|
|t:|1783367522
|switch|p1a: Sneasler|Sneasler, L50, M|34/100
|turn|8
|
|t:|1783367535
|switch|p2b: Incineroar|Incineroar, L50, F|66/100
|-ability|p2b: Incineroar|Intimidate|boost
|-unboost|p1a: Sneasler|atk|1
|-unboost|p1b: Sinistcha|atk|1
|move|p1a: Sneasler|Fake Out|p2a: Garchomp
|-damage|p2a: Garchomp|90/100
|-damage|p1a: Sneasler|22/100|[from] ability: Rough Skin|[of] p2a: Garchomp
|cant|p2a: Garchomp|flinch
|move|p1b: Sinistcha|Life Dew||[still]|[spread] p1a,p1b
|-heal|p1a: Sneasler|47/100
|-fail|p1b: Sinistcha|heal
|
|upkeep
|turn|9
|
|t:|1783367576
|move|p2b: Incineroar|Fake Out|p1a: Sneasler
|-damage|p1a: Sneasler|28/100
|move|p2a: Garchomp|Earthquake|p1a: Sneasler|[spread] p2b,p1a,p1b
|-supereffective|p2b: Incineroar|1
|-supereffective|p1a: Sneasler|1
|-resisted|p1b: Sinistcha|1
|-damage|p2b: Incineroar|22/100
|-damage|p1a: Sneasler|0 fnt
|-damage|p1b: Sinistcha|91/100
|faint|p1a: Sneasler
|move|p1b: Sinistcha|Matcha Gotcha|p2a: Garchomp|[spread] p2a,p2b
|-resisted|p2b: Incineroar|1
|-damage|p2a: Garchomp|65/100
|-heal|p1b: Sinistcha|100/100|[from] drain|[of] p2a: Garchomp
|-damage|p2b: Incineroar|12/100
|
|upkeep
|turn|10
|
|t:|1783367593
|move|p2a: Garchomp|Earthquake|p1b: Sinistcha|[spread] p2b,p1b
|-supereffective|p2b: Incineroar|1
|-resisted|p1b: Sinistcha|1
|-damage|p2b: Incineroar|0 fnt
|-damage|p1b: Sinistcha|92/100
|faint|p2b: Incineroar
|move|p1b: Sinistcha|Matcha Gotcha|p2a: Garchomp
|-damage|p2a: Garchomp|30/100
|-heal|p1b: Sinistcha|100/100|[from] drain|[of] p2a: Garchomp
|
|upkeep
|
|t:|1783367595
|switch|p2b: Charizard|Charizard-Mega-Y, L50, M|4/100
|-weather|SunnyDay|[from] ability: Drought|[of] p2b: Charizard
|turn|11
|
|t:|1783367605
|move|p1b: Sinistcha|Protect|p1b: Sinistcha
|-singleturn|p1b: Sinistcha|Protect
|move|p2a: Garchomp|Earthquake|p1b: Sinistcha|[spread] 
|-activate|p1b: Sinistcha|move: Protect
|-immune|p2b: Charizard
|move|p2b: Charizard|Weather Ball|p1b: Sinistcha
|-activate|p1b: Sinistcha|move: Protect
|
|-weather|SunnyDay|[upkeep]
|upkeep
|turn|12
|
|t:|1783367622
|move|p1b: Sinistcha|Protect||[still]
|-fail|p1b: Sinistcha
|move|p2a: Garchomp|Earthquake|p1b: Sinistcha|[spread] p1b
|-immune|p2b: Charizard
|-resisted|p1b: Sinistcha|1
|-damage|p1b: Sinistcha|91/100
|move|p2b: Charizard|Weather Ball|p1b: Sinistcha
|-supereffective|p1b: Sinistcha|1
|-damage|p1b: Sinistcha|0 fnt
|faint|p1b: Sinistcha
|
|win|animus
