|j|☆1OO% Jesus
|j|☆100%swag0%fur
|html|1OO% Jesus100%swag0%fur    
|uhtml|bestof|Game 1 of a best-of-3
|t:|1782313360
|gametype|doubles
|player|p1|1OO% Jesus|lillie-z|
|player|p2|100%swag0%fur|102|
|gen|9
|tier|[Gen 9 Champions] VGC 2026 Reg M-B (Bo3)
|rule|Species Clause: Limit one of each Pokémon
|rule|Item Clause: Limit 1 of each item
|clearpoke
|poke|p1|Charizard, L50, F|
|poke|p1|Whimsicott, L50, M|
|poke|p1|Garchomp, L50, M|
|poke|p1|Basculegion, L50, M|
|poke|p1|Kingambit, L50, M|
|poke|p1|Floette-Eternal, L50, F|
|poke|p2|Pelipper, L50, F|
|poke|p2|Swampert, L50, F|
|poke|p2|Archaludon, L50, M|
|poke|p2|Sinistcha, L50|
|poke|p2|Sableye, L50, F|
|poke|p2|Sneasler, L50, F|
|teampreview|4
|showteam|p1|Charizard||CharizarditeY|Blaze|HeatWave,WeatherBall,SolarBeam,Protect|Modest||F|||50|]Whimsicott||FocusSash|Prankster|Moonblast,Tailwind,Encore,Protect|Timid||M|||50|]Garchomp||LifeOrb|RoughSkin|Earthquake,DragonClaw,RockSlide,Protect|Jolly||M|||50|]Basculegion||MysticWater|Adaptability|WaveCrash,LastRespects,AquaJet,Protect|Adamant||M|||50|]Kingambit||ChopleBerry|Defiant|KowtowCleave,SuckerPunch,IronHead,LowKick|Adamant||M|||50|]Floette-Eternal||Floettite|FlowerVeil|DazzlingGleam,Moonblast,LightofRuin,Protect|Timid||F|||50|
|showteam|p2|Pelipper||LifeOrb|Drizzle|WeatherBall,Hurricane,Protect,Tailwind|Modest||F|||50|]Swampert||Swampertite|Damp|WaveCrash,Earthquake,IcePunch,Protect|Adamant||F|||50|]Archaludon||Leftovers|Stamina|ElectroShot,DragonPulse,FlashCannon,Protect|Modest||M|||50|]Sinistcha||SitrusBerry|Hospitality|MatchaGotcha,RagePowder,TrickRoom,Protect|Bold|||||50|]Sableye||RoseliBerry|Prankster|RainDance,Encore,Disable,WillOWisp|Calm||F|||50|]Sneasler||FocusSash|PoisonTouch|CloseCombat,PoisonJab,FakeOut,Protect|Jolly||F|||50|
|j| rojo53
|j| Shiritu
|c|☆1OO% Jesus|Glhf
|c|☆100%swag0%fur|u2
|
|t:|1782313516
|teamsize|p1|4
|teamsize|p2|4
|start
|switch|p1a: Charizard|Charizard, L50, F|100/100
|switch|p1b: Whimsicott|Whimsicott, L50, M|100/100
|switch|p2a: Sneasler|Sneasler, L50, F|100/100
|switch|p2b: Sableye|Sableye, L50, F|100/100
|turn|1
|
|t:|1782313587
|switch|p1a: Garchomp|Garchomp, L50, M|100/100
|move|p2b: Sableye|Rain Dance|p2b: Sableye
|-weather|RainDance
|move|p2a: Sneasler|Poison Jab|p1b: Whimsicott
|-supereffective|p1b: Whimsicott|2
|-enditem|p1b: Whimsicott|Focus Sash
|-damage|p1b: Whimsicott|1/100
|-status|p1b: Whimsicott|psn
|move|p1b: Whimsicott|Moonblast|p2b: Sableye
|-supereffective|p2b: Sableye|1
|-enditem|p2b: Sableye|Roseli Berry|[eat]
|-enditem|p2b: Sableye|Roseli Berry|[weaken]
|-damage|p2b: Sableye|61/100
|
|-weather|RainDance|[upkeep]
|-damage|p1b: Whimsicott|0 fnt|[from] psn
|faint|p1b: Whimsicott
|upkeep
|
|t:|1782313618
|switch|p1b: Basculegion|Basculegion, L50, M|100/100
|turn|2
|
|t:|1782313691
|switch|p2b: Archaludon|Archaludon, L50, M|100/100
|move|p1b: Basculegion|Aqua Jet|p2b: Archaludon
|-resisted|p2b: Archaludon|1
|-damage|p2b: Archaludon|80/100
|-ability|p2b: Archaludon|Stamina|boost
|-boost|p2b: Archaludon|def|1
|move|p2a: Sneasler|Close Combat|p1a: Garchomp
|-damage|p1a: Garchomp|34/100
|-unboost|p2a: Sneasler|def|1
|-unboost|p2a: Sneasler|spd|1
|-damage|p2a: Sneasler|87/100|[from] ability: Rough Skin|[of] p1a: Garchomp
|move|p1a: Garchomp|Dragon Claw|p2a: Sneasler
|-damage|p2a: Sneasler|0 fnt
|faint|p2a: Sneasler
|-damage|p1a: Garchomp|25/100|[from] item: Life Orb
|
|-weather|RainDance|[upkeep]
|-heal|p2b: Archaludon|86/100|[from] item: Leftovers
|upkeep
|
|t:|1782313709
|switch|p2a: Swampert|Swampert, L50, F|100/100
|turn|3
|inactive|Battle timer is ON: inactive players will automatically lose when time's up. (requested by 1OO% Jesus)
|inactive|100%swag0%fur has 60 seconds left.
|
|t:|1782313770
|detailschange|p2a: Swampert|Swampert-Mega, L50, F
|-mega|p2a: Swampert|Swampert|Swampertite
|move|p1b: Basculegion|Protect|p1b: Basculegion
|-singleturn|p1b: Basculegion|Protect
|move|p2b: Archaludon|Protect|p2b: Archaludon
|-singleturn|p2b: Archaludon|Protect
|move|p2a: Swampert|Earthquake|p1b: Basculegion|[spread] p1a
|-activate|p2b: Archaludon|move: Protect
|-activate|p1b: Basculegion|move: Protect
|-damage|p1a: Garchomp|0 fnt
|faint|p1a: Garchomp
|
|-weather|RainDance|[upkeep]
|-heal|p2b: Archaludon|92/100|[from] item: Leftovers
|upkeep
|
|t:|1782313783
|switch|p1a: Charizard|Charizard, L50, F|100/100
|turn|4
|inactive|1OO% Jesus has 30 seconds left.
|inactive|100%swag0%fur has 30 seconds left.
|inactive|100%swag0%fur has 20 seconds left.
|inactive|100%swag0%fur has 15 seconds left.
|inactive|100%swag0%fur has 10 seconds left.
|inactive|100%swag0%fur has 5 seconds left.
|
|t:|1782313838
|detailschange|p1a: Charizard|Charizard-Mega-Y, L50, F
|-mega|p1a: Charizard|Charizard|Charizardite Y
|-weather|SunnyDay|[from] ability: Drought|[of] p1a: Charizard
|move|p1a: Charizard|Heat Wave|p2a: Swampert|[spread] p2a,p2b
|-resisted|p2a: Swampert|1
|-damage|p2a: Swampert|72/100
|-damage|p2b: Archaludon|25/100
|-ability|p2b: Archaludon|Stamina|boost
|-boost|p2b: Archaludon|def|1
|move|p1b: Basculegion|Last Respects|p2b: Archaludon
|-damage|p2b: Archaludon|0 fnt
|faint|p2b: Archaludon
|move|p2a: Swampert|Wave Crash|p1b: Basculegion
|-resisted|p1b: Basculegion|1
|-damage|p1b: Basculegion|74/100
|-damage|p2a: Swampert|63/100|[from] Recoil
|
|-weather|SunnyDay|[upkeep]
|upkeep
|
|t:|1782313853
|switch|p2b: Sableye|Sableye, L50, F|61/100
|turn|5
|inactive|1OO% Jesus has 30 seconds left.
|inactive|100%swag0%fur has 30 seconds left.
|inactive|1OO% Jesus has 20 seconds left.
|
|t:|1782313890
|move|p2a: Swampert|Protect|p2a: Swampert
|-singleturn|p2a: Swampert|Protect
|move|p2b: Sableye|Rain Dance|p2b: Sableye
|-weather|RainDance
|move|p1a: Charizard|Weather Ball|p2a: Swampert
|-activate|p2a: Swampert|move: Protect
|move|p1b: Basculegion|Wave Crash|p2a: Swampert
|-activate|p2a: Swampert|move: Protect
|
|-weather|RainDance|[upkeep]
|upkeep
|turn|6
|inactive|1OO% Jesus has 30 seconds left.
|inactive|100%swag0%fur has 30 seconds left.
|inactive|1OO% Jesus has 20 seconds left.
|inactive|100%swag0%fur has 20 seconds left.
|inactive|1OO% Jesus has 15 seconds left.
|inactive|100%swag0%fur has 15 seconds left.
|
|t:|1782313935
|move|p1a: Charizard|Protect|p1a: Charizard
|-singleturn|p1a: Charizard|Protect
|move|p1b: Basculegion|Aqua Jet|p2b: Sableye
|-damage|p2b: Sableye|0 fnt
|faint|p2b: Sableye
|move|p2a: Swampert|Wave Crash|p1a: Charizard
|-activate|p1a: Charizard|move: Protect
|
|-weather|RainDance|[upkeep]
|upkeep
|turn|7
|
|t:|1782313947
|move|p2a: Swampert|Earthquake|p1a: Charizard|[spread] p1b
|-immune|p1a: Charizard
|-damage|p1b: Basculegion|20/100y
|move|p1a: Charizard|Weather Ball|p2a: Swampert
|-damage|p2a: Swampert|7/100
|move|p1b: Basculegion|Wave Crash|p2a: Swampert
|-crit|p2a: Swampert
|-damage|p2a: Swampert|0 fnt
|faint|p2a: Swampert
|-damage|p1b: Basculegion|17/100|[from] Recoil
|
|win|1OO% Jesus
|l|☆100%swag0%fur
|player|p2|
|inactive|1OO% Jesus has 30 seconds to confirm battle start!
|inactive|100%swag0%fur has 30 seconds to confirm battle start!
||1OO% Jesus is ready for game 2.
||100%swag0%fur is ready for game 2.
|uhtml|next|Next: Game 2 of 3
