|j|☆ZephyrBreezy
|j|☆EESBen7811
|html|ZephyrBreezyEESBen7811    
|uhtml|bestof|Game 2 of a best-of-3
|t:|1756843508
|gametype|doubles
|player|p1|ZephyrBreezy|miku-flying|1063
|player|p2|EESBen7811|169|1040
|gen|9
|tier|[Gen 9] VGC 2025 Reg H (Bo3)
|rated|
|rule|Species Clause: Limit one of each Pokémon
|rule|Item Clause: Limit 1 of each item
|clearpoke
|poke|p1|Scizor, L50, M|
|poke|p1|Rillaboom, L50, F|
|poke|p1|Flamigo, L50, M|
|poke|p1|Dragonite, L50, M|
|poke|p1|Ninetales-Alola, L50, F|
|poke|p1|Electabuzz, L50, F|
|poke|p2|Incineroar, L50, M|
|poke|p2|Gyarados, L50, M|
|poke|p2|Amoonguss, L50, F|
|poke|p2|Garchomp, L50, M|
|poke|p2|Gholdengo, L50|
|poke|p2|Sneasler, L50, F|
|teampreview|4
|showteam|p1|Scizor||ClearAmulet|Technician|SwordsDance,CloseCombat,BulletPunch,Protect|||M|||50|,,,,,Steel]Rillaboom||AssaultVest|GrassySurge|FakeOut,GrassyGlide,WoodHammer,Uturn|||F|||50|,,,,,Fire]Flamigo||FocusSash|Scrappy|CloseCombat,DualWingbeat,WideGuard,Detect|||M|||50|,,,,,Stellar]Dragonite||LoadedDice|Multiscale|ScaleShot,Tailwind,Protect,Haze|||M|||50|,,,,,Fairy]Ninetales-Alola||CovertCloak|SnowWarning|Blizzard,AuroraVeil,Encore,Protect|||F|||50|,,,,,Water]Electabuzz||Eviolite|VitalSpirit|Electroweb,FollowMe,Taunt,Protect|||F|||50|,,,,,Ghost
|showteam|p2|Incineroar||CovertCloak|Intimidate|FakeOut,FlareBlitz,PartingShot,KnockOff|||M|||50|,,,,,Ghost]Gyarados||ClearAmulet|Moxie|DragonDance,Waterfall,Earthquake,Protect|||M|||50|,,,,,Water]Amoonguss||RockyHelmet|EffectSpore|Spore,SludgeBomb,RagePowder,Protect|||F|||50|,,,,,Dark]Garchomp||LoadedDice|RoughSkin|Earthquake,ScaleShot,SwordsDance,Protect|||M|||50|,,,,,Dragon]Gholdengo||LifeOrb|GoodasGold|MakeItRain,ShadowBall,Psychic,Protect||||||50|,,,,,Water]Sneasler||FocusSash|Unburden|Acrobatics,DireClaw,CloseCombat,FakeOut|||F|||50|,,,,,Poison
|inactive|Battle timer is ON: inactive players will automatically lose when time's up. (requested by ZephyrBreezy)
|
|t:|1756843533
|teamsize|p1|4
|teamsize|p2|4
|start
|switch|p1a: Rillaboom|Rillaboom, L50, F|100/100
|switch|p1b: Ninetales|Ninetales-Alola, L50, F|100/100
|switch|p2a: Gyarados|Gyarados, L50, M, shiny|100/100
|switch|p2b: Incineroar|Incineroar, L50, M|100/100
|-weather|Snowscape|[from] ability: Snow Warning|[of] p1b: Ninetales
|-fieldstart|move: Grassy Terrain|[from] ability: Grassy Surge|[of] p1a: Rillaboom
|-ability|p2b: Incineroar|Intimidate|boost
|-unboost|p1a: Rillaboom|atk|1
|-unboost|p1b: Ninetales|atk|1
|turn|1
|inactive|EESBen7811 has 30 seconds left.
|
|t:|1756843560
|move|p2a: Gyarados|Protect|p2a: Gyarados
|-singleturn|p2a: Gyarados|Protect
|move|p1a: Rillaboom|Fake Out|p2a: Gyarados
|-activate|p2a: Gyarados|move: Protect
|move|p1b: Ninetales|Aurora Veil|p1b: Ninetales
|-sidestart|p1: ZephyrBreezy|move: Aurora Veil
|move|p2b: Incineroar|Parting Shot|p1a: Rillaboom
|-unboost|p1a: Rillaboom|atk|1
|-unboost|p1a: Rillaboom|spa|1
|
|t:|1756843570
|switch|p2b: Sneasler|Sneasler, L50, F|100/100|[from] Parting Shot
|
|-weather|Snowscape|[upkeep]
|upkeep
|turn|2
|
|t:|1756843581
|switch|p2a: Incineroar|Incineroar, L50, M|100/100
|-ability|p2a: Incineroar|Intimidate|boost
|-unboost|p1a: Rillaboom|atk|1
|-unboost|p1b: Ninetales|atk|1
|-terastallize|p1b: Ninetales|Water
|move|p2b: Sneasler|Dire Claw|p1b: Ninetales
|-damage|p1b: Ninetales|65/100
|move|p1b: Ninetales|Blizzard|p2a: Incineroar|[spread] p2a,p2b
|-resisted|p2a: Incineroar
|-damage|p2a: Incineroar|91/100
|-damage|p2b: Sneasler|66/100
|move|p1a: Rillaboom|U-turn|p2b: Sneasler
|-resisted|p2b: Sneasler
|-damage|p2b: Sneasler|62/100
|
|t:|1756843597
|switch|p1a: Flamigo|Flamigo, L50, M|100/100|[from] U-turn
|
|-weather|Snowscape|[upkeep]
|-heal|p2b: Sneasler|68/100|[from] Grassy Terrain
|-heal|p1b: Ninetales|71/100|[from] Grassy Terrain
|-heal|p2a: Incineroar|97/100|[from] Grassy Terrain
|upkeep
|turn|3
|
|t:|1756843610
|move|p2a: Incineroar|Fake Out|p1a: Flamigo
|-damage|p1a: Flamigo|90/100
|move|p2b: Sneasler|Close Combat|p1b: Ninetales
|-damage|p1b: Ninetales|15/100
|-unboost|p2b: Sneasler|def|1
|-unboost|p2b: Sneasler|spd|1
|move|p1b: Ninetales|Blizzard|p2a: Incineroar|[spread] p2a,p2b
|-resisted|p2a: Incineroar
|-damage|p2a: Incineroar|88/100
|-damage|p2b: Sneasler|15/100
|cant|p1a: Flamigo|flinch
|
|-weather|Snowscape|[upkeep]
|-heal|p2b: Sneasler|21/100|[from] Grassy Terrain
|-heal|p1b: Ninetales|21/100|[from] Grassy Terrain
|-heal|p2a: Incineroar|94/100|[from] Grassy Terrain
|upkeep
|turn|4
|
|t:|1756843634
|switch|p1b: Rillaboom|Rillaboom, L50, F|100/100
|move|p2b: Sneasler|Dire Claw|p1b: Rillaboom
|-supereffective|p1b: Rillaboom
|-damage|p1b: Rillaboom|36/100
|move|p1a: Flamigo|Dual Wingbeat|p2b: Sneasler
|-supereffective|p2b: Sneasler
|-damage|p2b: Sneasler|0 fnt
|faint|p2b: Sneasler
|-hitcount|p2: Sneasler|1
|move|p2a: Incineroar|Knock Off|p1a: Flamigo
|-resisted|p1a: Flamigo
|-damage|p1a: Flamigo|72/100
|-enditem|p1a: Flamigo|Focus Sash|[from] move: Knock Off|[of] p2a: Incineroar
|
|-weather|Snowscape|[upkeep]
|-heal|p1b: Rillaboom|42/100|[from] Grassy Terrain
|-heal|p2a: Incineroar|99/100|[from] Grassy Terrain
|upkeep
|
|t:|1756843649
|switch|p2b: Amoonguss|Amoonguss, L50, F|100/100
|turn|5
|
|t:|1756843671
|-terastallize|p2a: Incineroar|Ghost
|move|p1a: Flamigo|Dual Wingbeat|p2a: Incineroar|[miss]
|-miss|p1a: Flamigo|p2a: Incineroar
|move|p1b: Rillaboom|U-turn|p2a: Incineroar
|-resisted|p2a: Incineroar
|-damage|p2a: Incineroar|89/100
|
|t:|1756843679
|switch|p1b: Scizor|Scizor, L50, M|100/100|[from] U-turn
|move|p2a: Incineroar|Flare Blitz|p1b: Scizor
|-supereffective|p1b: Scizor
|-damage|p1b: Scizor|0 fnt
|faint|p1b: Scizor
|-damage|p2a: Incineroar|60/100|[from] Recoil
|move|p2b: Amoonguss|Sludge Bomb|p1a: Flamigo
|-damage|p1a: Flamigo|45/100
|
|-weather|none
|-heal|p2a: Incineroar|66/100|[from] Grassy Terrain
|-sideend|p1: ZephyrBreezy|move: Aurora Veil
|-fieldend|move: Grassy Terrain
|upkeep
|
|t:|1756843693
|switch|p1b: Ninetales|Ninetales-Alola, L50, F, tera:Water|21/100
|-weather|Snowscape|[from] ability: Snow Warning|[of] p1b: Ninetales
|turn|6
|
|t:|1756843707
|move|p1b: Ninetales|Aurora Veil|p1b: Ninetales
|-sidestart|p1: ZephyrBreezy|move: Aurora Veil
|move|p1a: Flamigo|Dual Wingbeat|p2b: Amoonguss
|-supereffective|p2b: Amoonguss
|-damage|p2b: Amoonguss|56/100
|-damage|p1a: Flamigo|29/100|[from] item: Rocky Helmet|[of] p2b: Amoonguss
|-supereffective|p2b: Amoonguss
|-damage|p2b: Amoonguss|15/100
|-damage|p1a: Flamigo|12/100|[from] item: Rocky Helmet|[of] p2b: Amoonguss
|-status|p1a: Flamigo|psn|[from] ability: Effect Spore|[of] p2b: Amoonguss
|-hitcount|p2b: Amoonguss|2
|move|p2a: Incineroar|Flare Blitz|p1b: Ninetales
|-resisted|p1b: Ninetales
|-damage|p1b: Ninetales|2/100
|-damage|p2a: Incineroar|61/100|[from] Recoil
|move|p2b: Amoonguss|Spore||[still]
|-fail|p2b: Amoonguss
|
|-weather|Snowscape|[upkeep]
|-damage|p1a: Flamigo|0 fnt|[from] psn
|faint|p1a: Flamigo
|upkeep
|
|t:|1756843719
|switch|p1a: Rillaboom|Rillaboom, L50, F|42/100
|-fieldstart|move: Grassy Terrain|[from] ability: Grassy Surge|[of] p1a: Rillaboom
|turn|7
|inactive|EESBen7811 has 30 seconds left.
|
|t:|1756843750
|move|p1b: Ninetales|Blizzard|p2b: Amoonguss|[spread] p2a,p2b
|-supereffective|p2b: Amoonguss
|-damage|p2a: Incineroar|43/100
|-damage|p2b: Amoonguss|0 fnt
|faint|p2b: Amoonguss
|move|p1a: Rillaboom|Wood Hammer|p2a: Incineroar
|-damage|p2a: Incineroar|0 fnt
|faint|p2a: Incineroar
|-damage|p1a: Rillaboom|26/100|[from] Recoil
|
|-weather|Snowscape|[upkeep]
|-heal|p1b: Ninetales|8/100|[from] Grassy Terrain
|-heal|p1a: Rillaboom|32/100|[from] Grassy Terrain
|upkeep
|
|t:|1756843762
|switch|p2b: Gyarados|Gyarados, L50, M, shiny|100/100
|turn|8
|
|t:|1756843777
|move|p2b: Gyarados|Protect|p2b: Gyarados
|-singleturn|p2b: Gyarados|Protect
|move|p1b: Ninetales|Blizzard|p2b: Gyarados
|-activate|p2b: Gyarados|move: Protect
|move|p1a: Rillaboom|Wood Hammer|p2b: Gyarados
|-activate|p2b: Gyarados|move: Protect
|
|-weather|Snowscape|[upkeep]
|-heal|p1b: Ninetales|15/100|[from] Grassy Terrain
|-heal|p1a: Rillaboom|38/100|[from] Grassy Terrain
|upkeep
|turn|9
|
|t:|1756843790
|move|p1b: Ninetales|Blizzard|p2b: Gyarados
|-damage|p2b: Gyarados|67/100
|move|p1a: Rillaboom|Wood Hammer|p2b: Gyarados
|-damage|p2b: Gyarados|0 fnt
|faint|p2b: Gyarados
|-damage|p1a: Rillaboom|16/100|[from] Recoil
|
|win|ZephyrBreezy
