|j|☆Freecko99
|j|☆DDBoi_XD
|html|Freecko99DDBoi_XD    
|uhtml|bestof|Game 1 of a best-of-3
|t:|1756376171
|gametype|doubles
|player|p1|Freecko99|101|1204
|player|p2|DDBoi_XD|rosa|1121
|gen|9
|tier|[Gen 9] VGC 2025 Reg H (Bo3)
|rated|
|rule|Species Clause: Limit one of each Pokémon
|rule|Item Clause: Limit 1 of each item
|clearpoke
|poke|p1|Gholdengo, L50|
|poke|p1|Whimsicott, L50, F|
|poke|p1|Pelipper, L50, M|
|poke|p1|Archaludon, L50, M|
|poke|p1|Indeedee-F, L50, F|
|poke|p1|Annihilape, L50, M|
|poke|p2|Gholdengo, L50|
|poke|p2|Sneasler, L50, F|
|poke|p2|Kommo-o, L50, F|
|poke|p2|Electabuzz, L50, F|
|poke|p2|Rillaboom, L50, M|
|poke|p2|Dragonite, L50, M|
|teampreview|4
|showteam|p1|Gholdengo||ChoiceSpecs|GoodasGold|MakeItRain,ShadowBall,PowerGem,Thunderbolt||||||50|,,,,,Steel]Whimsicott||CovertCloak|Prankster|Moonblast,Tailwind,FakeTears,Taunt|||F|||50|,,,,,Dark]Pelipper||SafetyGoggles|Drizzle|WeatherBall,Hurricane,Tailwind,Protect|||M|||50|,,,,,Ghost]Archaludon||AssaultVest|Stamina|DragonPulse,ElectroShot,BodyPress,FlashCannon|||M|||50|,,,,,Grass]Indeedee-F||PsychicSeed|PsychicSurge|Imprison,TrickRoom,FollowMe,Psychic|||F|||50|,,,,,Dark]Annihilape||SitrusBerry|Defiant|CloseCombat,DrainPunch,RageFist,Protect|||M|||50|,,,,,Fire
|showteam|p2|Gholdengo||LifeOrb|GoodasGold|MakeItRain,ShadowBall,NastyPlot,Protect||||||50|,,,,,Water]Sneasler||FocusSash|PoisonTouch|DireClaw,CloseCombat,FakeOut,Protect|||F|||50|,,,,,Stellar]Kommo-o||ThroatSpray|Soundproof|ClangingScales,Flamethrower,ClangorousSoul,Protect|||F|||50|,,,,,Fire]Electabuzz||Eviolite|VitalSpirit|Electroweb,Taunt,FollowMe,Protect|||F|||50|,,,,,Fairy]Rillaboom||AssaultVest|GrassySurge|WoodHammer,HighHorsepower,FakeOut,GrassyGlide|||M|||50|,,,,,Fire]Dragonite||LoadedDice|Multiscale|ScaleShot,Tailwind,Haze,Protect|||M|||50|,,,,,Steel
|
|t:|1756376242
|teamsize|p1|4
|teamsize|p2|4
|start
|switch|p1a: Whimsicott|Whimsicott, L50, F|100/100
|switch|p1b: Gholdengo|Gholdengo, L50|100/100
|switch|p2a: Cummo-o|Kommo-o, L50, F|100/100
|switch|p2b: Erectabuzz|Electabuzz, L50, F|100/100
|turn|1
|
|t:|1756376294
|switch|p1b: Pelipper|Pelipper, L50, M|100/100
|-weather|RainDance|[from] ability: Drizzle|[of] p1b: Pelipper
|-terastallize|p2a: Cummo-o|Fire
|move|p2b: Erectabuzz|Follow Me|p2b: Erectabuzz
|-singleturn|p2b: Erectabuzz|move: Follow Me
|move|p1a: Whimsicott|Tailwind|p1a: Whimsicott
|-sidestart|p1: Freecko99|move: Tailwind
|move|p2a: Cummo-o|Clangorous Soul|p2a: Cummo-o
|-boost|p2a: Cummo-o|atk|1
|-boost|p2a: Cummo-o|def|1
|-boost|p2a: Cummo-o|spa|1
|-boost|p2a: Cummo-o|spd|1
|-boost|p2a: Cummo-o|spe|1
|-damage|p2a: Cummo-o|68/100
|-enditem|p2a: Cummo-o|Throat Spray
|-boost|p2a: Cummo-o|spa|1|[from] item: Throat Spray
|
|-weather|RainDance|[upkeep]
|upkeep
|turn|2
|
|t:|1756376318
|move|p1b: Pelipper|Protect|p1b: Pelipper
|-singleturn|p1b: Pelipper|Protect
|move|p2b: Erectabuzz|Follow Me|p2b: Erectabuzz
|-singleturn|p2b: Erectabuzz|move: Follow Me
|move|p1a: Whimsicott|Taunt|p2b: Erectabuzz
|-start|p2b: Erectabuzz|move: Taunt
|move|p2a: Cummo-o|Clanging Scales|p1a: Whimsicott|[spread] 
|-activate|p1b: Pelipper|move: Protect
|-immune|p1a: Whimsicott
|
|-weather|RainDance|[upkeep]
|upkeep
|turn|3
|
|t:|1756376335
|move|p2a: Cummo-o|Protect|p2a: Cummo-o
|-singleturn|p2a: Cummo-o|Protect
|move|p1a: Whimsicott|Fake Tears|p2a: Cummo-o
|-activate|p2a: Cummo-o|move: Protect
|move|p1b: Pelipper|Weather Ball|p2a: Cummo-o
|-activate|p2a: Cummo-o|move: Protect
|move|p2b: Erectabuzz|Electroweb|p1b: Pelipper|[spread] p1a,p1b
|-resisted|p1a: Whimsicott
|-supereffective|p1b: Pelipper
|-damage|p1a: Whimsicott|92/100
|-damage|p1b: Pelipper|22/100
|-unboost|p1b: Pelipper|spe|1
|
|-weather|RainDance|[upkeep]
|upkeep
|turn|4
|
|t:|1756376386
|move|p1b: Pelipper|Protect|p1b: Pelipper
|-singleturn|p1b: Pelipper|Protect
|move|p1a: Whimsicott|Fake Tears|p2a: Cummo-o
|-unboost|p2a: Cummo-o|spd|2
|move|p2a: Cummo-o|Clanging Scales|p1a: Whimsicott|[spread] 
|-activate|p1b: Pelipper|move: Protect
|-immune|p1a: Whimsicott
|move|p2b: Erectabuzz|Electroweb|p1b: Pelipper|[spread] p1a
|-activate|p1b: Pelipper|move: Protect
|-resisted|p1a: Whimsicott
|-damage|p1a: Whimsicott|83/100
|
|-weather|RainDance|[upkeep]
|-sideend|p1: Freecko99|move: Tailwind
|upkeep
|turn|5
|
|t:|1756376404
|move|p2a: Cummo-o|Protect|p2a: Cummo-o
|-singleturn|p2a: Cummo-o|Protect
|move|p1a: Whimsicott|Tailwind|p1a: Whimsicott
|-sidestart|p1: Freecko99|move: Tailwind
|move|p1b: Pelipper|Weather Ball|p2a: Cummo-o
|-activate|p2a: Cummo-o|move: Protect
|move|p2b: Erectabuzz|Electroweb|p1a: Whimsicott|[spread] p1a,p1b
|-resisted|p1a: Whimsicott
|-supereffective|p1b: Pelipper
|-damage|p1a: Whimsicott|74/100
|-damage|p1b: Pelipper|0 fnt
|faint|p1b: Pelipper
|
|-weather|none
|-end|p2b: Erectabuzz|move: Taunt
|upkeep
|
|t:|1756376417
|switch|p1b: Gholdengo|Gholdengo, L50|100/100
|turn|6
|
|t:|1756376426
|switch|p1b: Archaludon|Archaludon, L50, M|100/100
|move|p2b: Erectabuzz|Follow Me|p2b: Erectabuzz
|-singleturn|p2b: Erectabuzz|move: Follow Me
|move|p1a: Whimsicott|Taunt|p2b: Erectabuzz
|-start|p2b: Erectabuzz|move: Taunt
|move|p2a: Cummo-o|Flamethrower|p1b: Archaludon
|-damage|p1b: Archaludon|43/100
|-ability|p1b: Archaludon|Stamina|boost
|-boost|p1b: Archaludon|def|1
|
|upkeep
|turn|7
|
|t:|1756376445
|switch|p2b: Jizzler|Sneasler, L50, F|100/100
|move|p2a: Cummo-o|Protect|p2a: Cummo-o
|-singleturn|p2a: Cummo-o|Protect
|move|p1a: Whimsicott|Fake Tears|p2b: Jizzler
|-unboost|p2b: Jizzler|spd|2
|move|p1b: Archaludon|Dragon Pulse|p2b: Jizzler
|-enditem|p2b: Jizzler|Focus Sash
|-damage|p2b: Jizzler|1/100
|
|upkeep
|turn|8
|
|t:|1756376479
|-terastallize|p1a: Whimsicott|Dark
|move|p2b: Jizzler|Fake Out|p1b: Archaludon
|-resisted|p1b: Archaludon
|-damage|p1b: Archaludon|39/100
|-ability|p1b: Archaludon|Stamina|boost
|-boost|p1b: Archaludon|def|1
|move|p1a: Whimsicott|Moonblast|p2b: Jizzler
|-damage|p2b: Jizzler|0 fnt
|faint|p2b: Jizzler
|cant|p1b: Archaludon|flinch
|move|p2a: Cummo-o|Flamethrower|p1a: Whimsicott
|-damage|p1a: Whimsicott|0 fnt
|faint|p1a: Whimsicott
|
|-sideend|p1: Freecko99|move: Tailwind
|upkeep
|
|t:|1756376498
|switch|p2b: Erectabuzz|Electabuzz, L50, F|100/100
|switch|p1a: Gholdengo|Gholdengo, L50|100/100
|turn|9
|
|t:|1756376510
|move|p2a: Cummo-o|Clanging Scales|p1b: Archaludon|[spread] p1a,p1b
|-resisted|p1a: Gholdengo
|-damage|p1a: Gholdengo|53/100
|-damage|p1b: Archaludon|0 fnt
|faint|p1b: Archaludon
|-unboost|p2a: Cummo-o|def|1
|move|p1a: Gholdengo|Make It Rain|p2b: Erectabuzz|[spread] p2a,p2b
|-resisted|p2a: Cummo-o
|-resisted|p2b: Erectabuzz
|-damage|p2a: Cummo-o|9/100
|-damage|p2b: Erectabuzz|72/100
|-unboost|p1a: Gholdengo|spa|1
|move|p2b: Erectabuzz|Electroweb|p1a: Gholdengo
|-damage|p1a: Gholdengo|29/100
|-unboost|p1a: Gholdengo|spe|1
|
|upkeep
|turn|10
|-message|Freecko99 forfeited.
|
|win|DDBoi_XD
||DDBoi_XD is ready for game 2.
||Freecko99 is ready for game 2.
|uhtml|next|Next: Game 2 of 3
