|j|☆pressinblades
|j|☆PATRIOTS_VG
|html|pressinbladesPATRIOTS_VG    
|uhtml|bestof|Game 2 of a best-of-3
|t:|1782327952
|gametype|doubles
|player|p1|pressinblades|steven|1202
|player|p2|PATRIOTS_VG|drayden|1225
|gen|9
|tier|[Gen 9 Champions] VGC 2026 Reg M-B (Bo3)
|rated|
|rule|Species Clause: Limit one of each Pokémon
|rule|Item Clause: Limit 1 of each item
|clearpoke
|poke|p1|Talonflame, L50, M, shiny|
|poke|p1|Garchomp, L50, M, shiny|
|poke|p1|Maushold, L50|
|poke|p1|Gardevoir, L50, F, shiny|
|poke|p1|Pyroar, L50, F|
|poke|p1|Torkoal, L50, M|
|poke|p2|Gholdengo, L50|
|poke|p2|Garchomp, L50, M|
|poke|p2|Whimsicott, L50, M|
|poke|p2|Incineroar, L50, F|
|poke|p2|Charizard, L50, M|
|poke|p2|Basculegion, L50, M|
|teampreview|4
|showteam|p1|Talonflame||FocusSash|GaleWings|Protect,DualWingbeat,Tailwind,Overheat|Naive||M|||50|]Garchomp||LifeOrb|RoughSkin|Protect,RockSlide,Earthquake,DragonClaw|Adamant||M|||50|]Maushold||WideLens|FriendGuard|Protect,SuperFang,PopulationBomb,FollowMe|Adamant|||||50|]Gardevoir||Gardevoirite|Telepathy|Protect,TrickRoom,HyperVoice,Psychic|Modest||F|||50|]Pyroar||Pyroarite|Unnerve|Protect,HeatWave,Overheat,WildCharge|Naive||F|||50|]Torkoal||Charcoal|Drought|Protect,Overheat,HeatWave,EarthPower|Quiet||M|||50|
|showteam|p2|Gholdengo||MetalCoat|GoodasGold|MakeItRain,ShadowBall,NastyPlot,Protect|Modest|||||50|]Garchomp||LifeOrb|RoughSkin|Earthquake,DragonClaw,RockSlide,Protect|Jolly||M|||50|]Whimsicott||FocusSash|Prankster|Moonblast,Tailwind,Encore,Protect|Timid||M|||50|]Incineroar||SitrusBerry|Intimidate|FakeOut,ThroatChop,FlareBlitz,PartingShot|Careful||F|||50|]Charizard||CharizarditeY|Blaze|WeatherBall,HeatWave,SolarBeam,Protect|Timid||M|||50|]Basculegion||MysticWater|Adaptability|WaveCrash,LastRespects,AquaJet,Protect|Adamant||M|||50|
|inactive|Battle timer is ON: inactive players will automatically lose when time's up. (requested by PATRIOTS_VG)
|
|t:|1782328027
|teamsize|p1|4
|teamsize|p2|4
|start
|switch|p1a: Maushold|Maushold, L50|100/100
|switch|p1b: Gardevoir|Gardevoir, L50, F, shiny|100/100
|switch|p2a: Incineroar|Incineroar, L50, F|100/100
|switch|p2b: Garchomp|Garchomp, L50, M|100/100
|-ability|p2a: Incineroar|Intimidate|boost
|-unboost|p1a: Maushold|atk|1
|-unboost|p1b: Gardevoir|atk|1
|turn|1
|inactive|PATRIOTS_VG has 30 seconds left.
|inactive|PATRIOTS_VG has 20 seconds left.
|
|t:|1782328064
|switch|p2b: Whimsicott|Whimsicott, L50, M|100/100
|detailschange|p1b: Gardevoir|Gardevoir-Mega, L50, F, shiny
|-mega|p1b: Gardevoir|Gardevoir|Gardevoirite
|move|p2a: Incineroar|Fake Out|p1b: Gardevoir
|-damage|p1b: Gardevoir|89/100
|move|p1a: Maushold|Super Fang|p2a: Incineroar
|-damage|p2a: Incineroar|50/100y
|-enditem|p2a: Incineroar|Sitrus Berry|[eat]
|-heal|p2a: Incineroar|74/100|[from] item: Sitrus Berry
|cant|p1b: Gardevoir|flinch
|
|upkeep
|turn|2
|
|t:|1782328086
|move|p2b: Whimsicott|Tailwind|p2b: Whimsicott
|-sidestart|p2: PATRIOTS_VG|move: Tailwind
|move|p2a: Incineroar|Throat Chop|p1b: Gardevoir
|-damage|p1b: Gardevoir|60/100
|-start|p1b: Gardevoir|Throat Chop|[silent]
|move|p1a: Maushold|Population Bomb|p2b: Whimsicott
|-damage|p2b: Whimsicott|91/100
|-damage|p2b: Whimsicott|83/100
|-damage|p2b: Whimsicott|75/100
|-damage|p2b: Whimsicott|67/100
|-damage|p2b: Whimsicott|59/100
|-damage|p2b: Whimsicott|51/100
|-damage|p2b: Whimsicott|44/100
|-damage|p2b: Whimsicott|35/100
|-damage|p2b: Whimsicott|28/100
|-damage|p2b: Whimsicott|19/100
|-hitcount|p2b: Whimsicott|10
|cant|p1b: Gardevoir|move: Throat Chop
|
|upkeep
|turn|3
|inactive|pressinblades has 30 seconds left.
|inactive|pressinblades has 20 seconds left.
|inactive|pressinblades has 15 seconds left.
|inactive|pressinblades has 10 seconds left.
|inactive|pressinblades has 5 seconds left.
|
|t:|1782328136
|move|p1a: Maushold|Follow Me|p1a: Maushold
|-singleturn|p1a: Maushold|move: Follow Me
|move|p2b: Whimsicott|Moonblast|p1a: Maushold
|-damage|p1a: Maushold|51/100
|move|p2a: Incineroar|Flare Blitz|p1a: Maushold
|-damage|p1a: Maushold|0 fnt
|faint|p1a: Maushold
|-damage|p2a: Incineroar|61/100|[from] Recoil
|move|p1b: Gardevoir|Psychic|p2b: Whimsicott
|-damage|p2b: Whimsicott|0 fnt
|faint|p2b: Whimsicott
|
|-end|p1b: Gardevoir|Throat Chop|[silent]
|upkeep
|
|t:|1782328153
|switch|p2b: Basculegion|Basculegion, L50, M|100/100
|switch|p1a: Garchomp|Garchomp, L50, M, shiny|100/100
|turn|4
|
|t:|1782328168
|move|p1a: Garchomp|Protect|p1a: Garchomp
|-singleturn|p1a: Garchomp|Protect
|move|p1b: Gardevoir|Protect|p1b: Gardevoir
|-singleturn|p1b: Gardevoir|Protect
|move|p2b: Basculegion|Wave Crash|p1a: Garchomp
|-activate|p1a: Garchomp|move: Protect
|move|p2a: Incineroar|Throat Chop|p1a: Garchomp
|-activate|p1a: Garchomp|move: Protect
|
|upkeep
|turn|5
|
|t:|1782328194
|switch|p1a: Torkoal|Torkoal, L50, M|100/100
|-weather|SunnyDay|[from] ability: Drought|[of] p1a: Torkoal
|move|p2b: Basculegion|Wave Crash|p1b: Gardevoir
|-damage|p1b: Gardevoir|0 fnt
|faint|p1b: Gardevoir
|-damage|p2b: Basculegion|82/100|[from] Recoil
|move|p2a: Incineroar|Parting Shot|p1a: Torkoal
|-unboost|p1a: Torkoal|atk|1
|-unboost|p1a: Torkoal|spa|1
|
|t:|1782328201
|switch|p2a: Garchomp|Garchomp, L50, M|100/100|[from] Parting Shot
|
|-weather|SunnyDay|[upkeep]
|-sideend|p2: PATRIOTS_VG|move: Tailwind
|upkeep
|
|t:|1782328209
|switch|p1b: Garchomp|Garchomp, L50, M, shiny|100/100
|turn|6
|
|t:|1782328224
|switch|p2b: Incineroar|Incineroar, L50, F|61/100
|-ability|p2b: Incineroar|Intimidate|boost
|-unboost|p1a: Torkoal|atk|1
|-unboost|p1b: Garchomp|atk|1
|move|p2a: Garchomp|Dragon Claw|p1b: Garchomp
|-supereffective|p1b: Garchomp|1
|-damage|p1b: Garchomp|0 fnt
|-damage|p2a: Garchomp|87/100|[from] ability: Rough Skin|[of] p1b: Garchomp
|faint|p1b: Garchomp
|-damage|p2a: Garchomp|77/100|[from] item: Life Orb
|move|p1a: Torkoal|Earth Power|p2b: Incineroar
|-supereffective|p2b: Incineroar|1
|-damage|p2b: Incineroar|34/100
|
|-weather|SunnyDay|[upkeep]
|upkeep
|turn|7
|-message|pressinblades forfeited.
|
|win|PATRIOTS_VG
||PATRIOTS_VG is ready for game 3.
||pressinblades is ready for game 3.
|uhtml|next|Next: Game 3 of 3
|l|☆PATRIOTS_VG
|player|p2|
