|j|☆Aleysha Mittons
|j|☆GenosseCognetta
|html|Aleysha MittonsGenosseCognetta    
|uhtml|bestof|Game 2 of a best-of-3
|t:|1782314351
|gametype|doubles
|player|p1|Aleysha Mittons|benga|1000
|player|p2|GenosseCognetta|giovanni|1062
|gen|9
|tier|[Gen 9 Champions] VGC 2026 Reg M-B (Bo3)
|rated|
|rule|Species Clause: Limit one of each Pokémon
|rule|Item Clause: Limit 1 of each item
|clearpoke
|poke|p1|Staraptor, L50, M|
|poke|p1|Blaziken, L50, M|
|poke|p1|Milotic, L50, M|
|poke|p1|Mamoswine, L50, M|
|poke|p1|Meowscarada, L50, F|
|poke|p1|Dragonite, L50, F|
|poke|p2|Talonflame, L50, F|
|poke|p2|Garchomp, L50, F|
|poke|p2|Basculegion, L50, M|
|poke|p2|Gardevoir, L50, M|
|poke|p2|Kingambit, L50, M|
|poke|p2|Maushold-Four, L50|
|teampreview|4
|showteam|p1|Staraptor||ChoiceScarf|Intimidate|BraveBird,CloseCombat,FinalGambit,Uturn|Jolly||M|||50|]Blaziken||Blazikenite|SpeedBoost|CloseCombat,FlareBlitz,RockSlide,Protect|Adamant||M|||50|]Milotic||SitrusBerry|Competitive|Scald,IcyWind,Recover,Protect|Modest||M|||50|]Mamoswine||FocusSash|Oblivious|IcicleCrash,IceShard,Earthquake,Protect|Jolly||M|||50|]Meowscarada||LifeOrb|Overgrow|FlowerTrick,KnockOff,SuckerPunch,Protect|Jolly||F|||50|]Dragonite||DragonFang|Multiscale|DragonClaw,ExtremeSpeed,Tailwind,Protect|Adamant||F|||50|
|showteam|p2|Talonflame||SharpBeak|GaleWings|BraveBird,FlareBlitz,Tailwind,Protect|Jolly||F|||50|]Garchomp||LifeOrb|RoughSkin|Earthquake,DragonClaw,RockTomb,Protect|Jolly||F|||50|]Basculegion||MysticWater|Adaptability|WaveCrash,LastRespects,AquaJet,Protect|Jolly||M|||50|]Gardevoir||Gardevoirite|Telepathy|Psyshock,HyperVoice,TrickRoom,Protect|Modest||M|||50|]Kingambit||FocusSash|Defiant|IronHead,KowtowCleave,LowKick,SuckerPunch|Adamant||M|||50|]Maushold-Four||ChopleBerry|FriendGuard|SuperFang,Taunt,FollowMe,Protect|Timid|||||50|
|inactive|Battle timer is ON: inactive players will automatically lose when time's up. (requested by GenosseCognetta)
|inactive|Aleysha Mittons has 60 seconds left.
|inactive|Aleysha Mittons has 30 seconds left.
|
|t:|1782314448
|teamsize|p1|4
|teamsize|p2|4
|start
|switch|p1a: Mamoswine|Mamoswine, L50, M|100/100
|switch|p1b: Dragonite|Dragonite, L50, F|100/100
|switch|p2a: Talonflame|Talonflame, L50, F|100/100
|switch|p2b: Kingambit|Kingambit, L50, M|100/100
|turn|1
|
|t:|1782314464
|move|p2a: Talonflame|Tailwind|p2a: Talonflame
|-sidestart|p2: GenosseCognetta|move: Tailwind
|move|p2b: Kingambit|Iron Head|p1a: Mamoswine
|-supereffective|p1a: Mamoswine|1
|-enditem|p1a: Mamoswine|Focus Sash
|-damage|p1a: Mamoswine|1/100
|move|p1a: Mamoswine|Earthquake|p2a: Talonflame|[spread] p2b
|-immune|p1b: Dragonite
|-immune|p2a: Talonflame
|-supereffective|p2b: Kingambit|1
|-damage|p2b: Kingambit|24/100
|move|p1b: Dragonite|Tailwind|p1b: Dragonite
|-sidestart|p1: Aleysha Mittons|move: Tailwind
|
|upkeep
|turn|2
|
|t:|1782314483
|move|p2a: Talonflame|Brave Bird|p1b: Dragonite
|-damage|p1b: Dragonite|73/100
|-damage|p2a: Talonflame|89/100|[from] Recoil
|move|p1a: Mamoswine|Ice Shard|p2a: Talonflame
|-damage|p2a: Talonflame|54/100
|move|p2b: Kingambit|Sucker Punch|p1b: Dragonite
|-damage|p1b: Dragonite|32/100
|move|p1b: Dragonite|Dragon Claw|p2a: Talonflame
|-damage|p2a: Talonflame|0 fnt
|faint|p2a: Talonflame
|
|upkeep
|
|t:|1782314494
|switch|p2a: Gardevoir|Gardevoir, L50, M|100/100
|turn|3
|
|t:|1782314507
|detailschange|p2a: Gardevoir|Gardevoir-Mega, L50, M
|-mega|p2a: Gardevoir|Gardevoir|Gardevoirite
|move|p1b: Dragonite|Extreme Speed|p2b: Kingambit
|-resisted|p2b: Kingambit|1
|-damage|p2b: Kingambit|10/100
|move|p1a: Mamoswine|Ice Shard|p2b: Kingambit
|-resisted|p2b: Kingambit|1
|-damage|p2b: Kingambit|1/100
|move|p2b: Kingambit|Sucker Punch||[still]
|-fail|p2b: Kingambit
|move|p2a: Gardevoir|Hyper Voice|p1b: Dragonite|[spread] p1a,p1b
|-supereffective|p1b: Dragonite|1
|-damage|p1a: Mamoswine|0 fnt
|-damage|p1b: Dragonite|0 fnt
|faint|p1a: Mamoswine
|faint|p1b: Dragonite
|
|upkeep
|
|t:|1782314517
|switch|p1a: Blaziken|Blaziken, L50, M|100/100
|switch|p1b: Staraptor|Staraptor, L50, M|100/100
|-ability|p1b: Staraptor|Intimidate|boost
|-unboost|p2a: Gardevoir|atk|1
|-unboost|p2b: Kingambit|atk|1
|-ability|p2b: Kingambit|Defiant|boost
|-boost|p2b: Kingambit|atk|2
|turn|4
|
|t:|1782314536
|detailschange|p1a: Blaziken|Blaziken-Mega, L50, M
|-mega|p1a: Blaziken|Blaziken|Blazikenite
|move|p2b: Kingambit|Sucker Punch|p1b: Staraptor
|-damage|p1b: Staraptor|21/100
|move|p1b: Staraptor|Brave Bird|p2b: Kingambit
|-resisted|p2b: Kingambit|1
|-damage|p2b: Kingambit|0 fnt
|faint|p2b: Kingambit
|-damage|p1b: Staraptor|20/100y|[from] Recoil
|move|p1a: Blaziken|Flare Blitz|p2a: Gardevoir
|-damage|p2a: Gardevoir|0 fnt
|faint|p2a: Gardevoir
|-damage|p1a: Blaziken|66/100|[from] Recoil
|
|-sideend|p2: GenosseCognetta|move: Tailwind
|-sideend|p1: Aleysha Mittons|move: Tailwind
|-ability|p1a: Blaziken|Speed Boost|boost
|-boost|p1a: Blaziken|spe|1
|upkeep
|
|t:|1782314550
|switch|p2b: Garchomp|Garchomp, L50, F|100/100
|turn|5
|
|t:|1782314558
|move|p1b: Staraptor|Brave Bird|p2b: Garchomp
|-damage|p2b: Garchomp|50/100g
|-damage|p1b: Staraptor|8/100|[from] ability: Rough Skin|[of] p2b: Garchomp
|-damage|p1b: Staraptor|0 fnt|[from] Recoil
|faint|p1b: Staraptor
|move|p1a: Blaziken|Close Combat|p2b: Garchomp
|-damage|p2b: Garchomp|0 fnt
|-unboost|p1a: Blaziken|def|1
|-unboost|p1a: Blaziken|spd|1
|-damage|p1a: Blaziken|54/100|[from] ability: Rough Skin|[of] p2b: Garchomp
|faint|p2b: Garchomp
|
|win|Aleysha Mittons
|raw|Aleysha Mittons's rating: 1000 → 1047(+47 for winning)
|raw|GenosseCognetta's rating: 1062 → 1039(-23 for losing)
