|j|☆wownowthatsneat
|j|☆boncuss
|html|wownowthatsneatboncuss    
|uhtml|bestof|Game 3 of a best-of-3
|t:|1784170487
|gametype|doubles
|player|p1|wownowthatsneat|ghetsis|1095
|player|p2|boncuss|wattson|1089
|gen|9
|tier|[Gen 9 Champions] VGC 2026 Reg M-B (Bo3)
|rated|
|rule|Species Clause: Limit one of each Pokémon
|rule|Item Clause: Limit 1 of each item
|clearpoke
|poke|p1|Dragalge, L50, M|
|poke|p1|Farigiraf, L50, M|
|poke|p1|Conkeldurr, L50, F|
|poke|p1|Sinistcha-Masterpiece, L50|
|poke|p1|Gholdengo, L50|
|poke|p1|Scrafty, L50, F|
|poke|p2|Skarmory, L50, F|
|poke|p2|Liepard, L50, F|
|poke|p2|Grimmsnarl, L50, M|
|poke|p2|Sinistcha, L50|
|poke|p2|Houndoom, L50, M|
|poke|p2|Malamar, L50, F|
|teampreview|4
|showteam|p1|Dragalge||Dragalgite|Adaptability|DracoMeteor,SludgeBomb,Protect,AcidSpray|Sassy||M|||50|]Farigiraf||MentalHerb|ArmorTail|TrickRoom,HelpingHand,Protect,HyperVoice|Sassy||M|||50|]Conkeldurr||LifeOrb|SheerForce|DrainPunch,Protect,KnockOff,RockSlide|Brave||F|||50|]Sinistcha-Masterpiece||FocusSash|Hospitality|TrickRoom,RagePowder,MatchaGotcha,Protect|Relaxed|||||50|]Gholdengo||MetalCoat|GoodasGold|NastyPlot,MakeItRain,ShadowBall,Protect|Timid|||||50|]Scrafty||Scraftinite|Intimidate|FakeOut,Protect,DrainPunch,KnockOff|Adamant||F|||50|
|showteam|p2|Skarmory||Skarmorite|WeakArmor|IronHead,DrillPeck,Protect,SwordsDance|Adamant||F|||50|]Liepard||FocusSash|Prankster|FakeOut,SunnyDay,FakeTears,Screech|Jolly||F|||50|]Grimmsnarl||RoseliBerry|Prankster|FakeOut,ScaryFace,FakeTears,PartingShot|Jolly||M|||50|]Sinistcha||KasibBerry|Hospitality|MatchaGotcha,RagePowder,PsychUp,TrickRoom|Modest|||||50|]Houndoom||Houndoominite|FlashFire|HeatWave,NastyPlot,DarkPulse,Protect|Timid||M|||50|]Malamar||Leftovers|Contrary|Superpower,StoredPower,Protect,TopsyTurvy|Calm||F|||50|
|inactive|Battle timer is ON: inactive players will automatically lose when time's up. (requested by boncuss)
|inactive|wownowthatsneat has 60 seconds left.
|
|t:|1784170520
|teamsize|p1|4
|teamsize|p2|4
|start
|switch|p1a: Sinistcha|Sinistcha-Masterpiece, L50|100/100
|switch|p1b: Gholdengo|Gholdengo, L50|100/100
|switch|p2a: Houndoom|Houndoom, L50, M|100/100
|switch|p2b: Liepard|Liepard, L50, F|100/100
|turn|1
|inactive|wownowthatsneat has 30 seconds left.
|
|t:|1784170546
|move|p1b: Gholdengo|Protect|p1b: Gholdengo
|-singleturn|p1b: Gholdengo|Protect
|move|p2b: Liepard|Sunny Day|p2b: Liepard
|-weather|SunnyDay
|move|p2a: Houndoom|Heat Wave|p1a: Sinistcha|[spread] p1a
|-activate|p1b: Gholdengo|move: Protect
|-supereffective|p1a: Sinistcha|1
|-damage|p1a: Sinistcha|11/100
|move|p1a: Sinistcha|Trick Room|p1a: Sinistcha
|-fieldstart|move: Trick Room|[of] p1a: Sinistcha
|
|-weather|SunnyDay|[upkeep]
|upkeep
|turn|2
|inactive|wownowthatsneat has 30 seconds left.
|inactive|wownowthatsneat has 20 seconds left.
|
|t:|1784170583
|move|p2b: Liepard|Fake Tears|p1a: Sinistcha
|-unboost|p1a: Sinistcha|spd|2
|move|p1a: Sinistcha|Matcha Gotcha|p2b: Liepard|[spread] p2a
|-miss|p1a: Sinistcha|p2b: Liepard
|-resisted|p2a: Houndoom|1
|-damage|p2a: Houndoom|84/100
|-heal|p1a: Sinistcha|18/100|[from] drain|[of] p2a: Houndoom
|move|p1b: Gholdengo|Make It Rain|p2a: Houndoom|[spread] p2b
|-miss|p1b: Gholdengo|p2a: Houndoom
|-enditem|p2b: Liepard|Focus Sash
|-damage|p2b: Liepard|1/100
|-unboost|p1b: Gholdengo|spa|2
|move|p2a: Houndoom|Heat Wave|p1b: Gholdengo|[spread] p1b
|-miss|p2a: Houndoom|p1a: Sinistcha
|-supereffective|p1b: Gholdengo|1
|-damage|p1b: Gholdengo|0 fnt
|faint|p1b: Gholdengo
|
|-weather|SunnyDay|[upkeep]
|upkeep
|
|t:|1784170606
|switch|p1b: Scrafty|Scrafty, L50, F|100/100
|-ability|p1b: Scrafty|Intimidate|boost
|-unboost|p2a: Houndoom|atk|1
|-unboost|p2b: Liepard|atk|1
|turn|3
|
|t:|1784170619
|switch|p2a: Malamar|Malamar, L50, F|100/100
|detailschange|p1b: Scrafty|Scrafty-Mega, L50, F
|-mega|p1b: Scrafty|Scrafty|Scraftinite
|-ability|p1b: Scrafty|Intimidate|boost
|-boost|p2a: Malamar|atk|1
|-unboost|p2b: Liepard|atk|1
|move|p2b: Liepard|Screech|p2a: Malamar
|-boost|p2a: Malamar|def|2
|move|p1a: Sinistcha|Matcha Gotcha|p2a: Malamar|[spread] p2a,p2b
|-damage|p2a: Malamar|75/100
|-heal|p1a: Sinistcha|32/100|[from] drain|[of] p2a: Malamar
|-damage|p2b: Liepard|0 fnt
|-heal|p1a: Sinistcha|32/100|[from] drain|[of] p2b: Liepard
|-status|p2a: Malamar|brn
|faint|p2b: Liepard
|move|p1b: Scrafty|Drain Punch|p2a: Malamar
|-damage|p2a: Malamar|54/100 brn
|
|-weather|SunnyDay|[upkeep]
|-heal|p2a: Malamar|60/100 brn|[from] item: Leftovers
|-damage|p2a: Malamar|54/100 brn|[from] brn
|upkeep
|
|t:|1784170633
|switch|p2b: Grimmsnarl|Grimmsnarl, L50, M|100/100
|turn|4
|
|t:|1784170650
|move|p1a: Sinistcha|Rage Powder|p1a: Sinistcha
|-singleturn|p1a: Sinistcha|move: Rage Powder
|move|p2b: Grimmsnarl|Fake Tears|p1a: Sinistcha
|-unboost|p1a: Sinistcha|spd|2
|move|p1b: Scrafty|Knock Off|p2a: Malamar
|-damage|p2a: Malamar|27/100 brn
|-enditem|p2a: Malamar|Leftovers|[from] move: Knock Off|[of] p1b: Scrafty
|move|p2a: Malamar|Stored Power|p1a: Sinistcha
|-damage|p1a: Sinistcha|0 fnt
|faint|p1a: Sinistcha
|
|-weather|SunnyDay|[upkeep]
|-damage|p2a: Malamar|21/100 brn|[from] brn
|upkeep
|
|t:|1784170665
|switch|p1a: Dragalge|Dragalge, L50, M|100/100
|turn|5
|
|t:|1784170682
|move|p2a: Malamar|Protect|p2a: Malamar
|-singleturn|p2a: Malamar|Protect
|move|p2b: Grimmsnarl|Fake Tears|p1a: Dragalge
|-unboost|p1a: Dragalge|spd|2
|move|p1a: Dragalge|Sludge Bomb|p2b: Grimmsnarl
|-supereffective|p2b: Grimmsnarl|1
|-damage|p2b: Grimmsnarl|0 fnt
|faint|p2b: Grimmsnarl
|move|p1b: Scrafty|Drain Punch|p2a: Malamar
|-activate|p2a: Malamar|move: Protect
|
|-weather|none
|-damage|p2a: Malamar|15/100 brn|[from] brn
|-fieldend|move: Trick Room
|upkeep
|
|t:|1784170688
|switch|p2b: Houndoom|Houndoom, L50, M|84/100
|turn|6
|
|t:|1784170712
|detailschange|p2b: Houndoom|Houndoom-Mega, L50, M
|-mega|p2b: Houndoom|Houndoom|Houndoominite
|move|p1a: Dragalge|Protect|p1a: Dragalge
|-singleturn|p1a: Dragalge|Protect
|move|p2b: Houndoom|Heat Wave|p1b: Scrafty|[spread] p1b
|-activate|p1a: Dragalge|move: Protect
|-damage|p1b: Scrafty|65/100
|move|p2a: Malamar|Superpower|p1b: Scrafty
|-supereffective|p1b: Scrafty|1
|-damage|p1b: Scrafty|38/100
|-boost|p2a: Malamar|atk|1
|-boost|p2a: Malamar|def|1
|move|p1b: Scrafty|Drain Punch|p2b: Houndoom
|-supereffective|p2b: Houndoom|1
|-damage|p2b: Houndoom|0 fnt
|-heal|p1b: Scrafty|76/100|[from] drain|[of] p2b: Houndoom
|faint|p2b: Houndoom
|
|-damage|p2a: Malamar|8/100 brn|[from] brn
|upkeep
|turn|7
|inactive|wownowthatsneat has 30 seconds left.
|
|t:|1784170743
|move|p2a: Malamar|Stored Power|p1a: Dragalge
|-supereffective|p1a: Dragalge|1
|-damage|p1a: Dragalge|11/100
|move|p1b: Scrafty|Drain Punch|p2a: Malamar
|-damage|p2a: Malamar|0 fnt
|-heal|p1b: Scrafty|81/100|[from] drain|[of] p2a: Malamar
|faint|p2a: Malamar
|
|win|wownowthatsneat
|raw|wownowthatsneat's rating: 1095 → 1120(+25 for winning)
|raw|boncuss's rating: 1089 → 1066(-23 for losing)
|l|☆boncuss
|player|p2|
|c|☆wownowthatsneat|ggs!
