|j|☆Ice124567890
|j|☆Lightoz IV
|html|Ice124567890Lightoz IV    
|uhtml|bestof|Game 1 of a best-of-3
|t:|1784712978
|gametype|doubles
|player|p1|Ice124567890|266|1398
|player|p2|Lightoz IV|blue-gen2|1503
|gen|9
|tier|[Gen 9 Champions] VGC 2026 Reg M-B (Bo3)
|rated|
|rule|Species Clause: Limit one of each Pokémon
|rule|Item Clause: Limit 1 of each item
|clearpoke
|poke|p1|Incineroar, L50, M|
|poke|p1|Sinistcha-Masterpiece, L50|
|poke|p1|Tyranitar, L50, M|
|poke|p1|Sneasler, L50, F|
|poke|p1|Mawile, L50, F|
|poke|p1|Hydreigon, L50, F|
|poke|p2|Raichu, L50, M|
|poke|p2|Kingambit, L50, F, shiny|
|poke|p2|Basculegion, L50, M|
|poke|p2|Aerodactyl, L50, M|
|poke|p2|Farigiraf, L50, M|
|poke|p2|Sylveon, L50, M, shiny|
|teampreview|4
|showteam|p1|Incineroar||SitrusBerry|Intimidate|FakeOut,FlareBlitz,ThroatChop,PartingShot|Impish||M|||50|]Sinistcha-Masterpiece||KasibBerry|Hospitality|MatchaGotcha,RagePowder,TrickRoom,Protect|Relaxed|||||50|]Tyranitar||Tyranitarite|SandStream|RockSlide,KnockOff,DragonDance,Protect|Adamant||M|||50|]Sneasler||FocusSash|PoisonTouch|DireClaw,CloseCombat,FakeOut,Uturn|Jolly||F|||50|]Mawile||Mawilite|HyperCutter|PlayRough,SuckerPunch,SwordsDance,Protect|Careful||F|||50|]Hydreigon||ChoiceScarf|Levitate|DarkPulse,DracoMeteor,EarthPower,Snarl|Modest||F|||50|
|showteam|p2|Raichu||RaichuniteY|LightningRod|ZapCannon,FocusBlast,FakeOut,Protect|Timid||M|||50|]Kingambit||FocusSash|Defiant|KowtowCleave,SuckerPunch,IronHead,LowKick|Adamant||F|||50|]Basculegion||MysticWater|Adaptability|LastRespects,WaveCrash,AquaJet,Protect|Adamant||M|||50|]Aerodactyl||Aerodactylite|Unnerve|RockSlide,DualWingbeat,Tailwind,IceFang|Jolly||M|||50|]Farigiraf||SitrusBerry|ArmorTail|Psychic,Thunderbolt,TrickRoom,Protect|Bold||M|||50|]Sylveon||FairyFeather|Pixilate|HyperVoice,HyperBeam,QuickAttack,Detect|Modest||M|||50|
|inactive|Battle timer is ON: inactive players will automatically lose when time's up. (requested by Ice124567890)
|inactive|Ice124567890 has 60 seconds left.
|inactive|Lightoz IV has 60 seconds left.
|
|t:|1784713026
|teamsize|p1|4
|teamsize|p2|4
|start
|switch|p1a: Mawile|Mawile, L50, F|100/100
|switch|p1b: Sneasler|Sneasler, L50, F|100/100
|switch|p2a: Raichu|Raichu, L50, M|100/100
|switch|p2b: Sylveon|Sylveon, L50, M, shiny|100/100
|turn|1
|
|t:|1784713042
|detailschange|p2a: Raichu|Raichu-Mega-Y, L50, M
|-mega|p2a: Raichu|Raichu|Raichunite Y
|detailschange|p1a: Mawile|Mawile-Mega, L50, F
|-mega|p1a: Mawile|Mawile|Mawilite
|move|p2a: Raichu|Fake Out|p1a: Mawile
|-resisted|p1a: Mawile|1
|-damage|p1a: Mawile|96/100
|move|p1b: Sneasler|Fake Out|p2b: Sylveon
|-damage|p2b: Sylveon|84/100
|cant|p2b: Sylveon|flinch
|cant|p1a: Mawile|flinch
|
|upkeep
|turn|2
|inactive|Ice124567890 has 30 seconds left.
|
|t:|1784713067
|move|p2a: Raichu|Zap Cannon|p1b: Sneasler
|-damage|p1b: Sneasler|17/100
|-status|p1b: Sneasler|par
|move|p2b: Sylveon|Hyper Voice|p1b: Sneasler|[spread] p1a,p1b
|-resisted|p1a: Mawile|1
|-crit|p1a: Mawile
|-damage|p1a: Mawile|61/100
|-damage|p1b: Sneasler|0 fnt
|faint|p1b: Sneasler
|move|p1a: Mawile|Swords Dance|p1a: Mawile
|-boost|p1a: Mawile|atk|2
|
|upkeep
|
|t:|1784713076
|switch|p1b: Sinistcha|Sinistcha-Masterpiece, L50|100/100
|-heal|p1a: Mawile|86/100|[from] ability: Hospitality|[of] p1b: Sinistcha
|turn|3
|
|t:|1784713086
|move|p1a: Mawile|Sucker Punch|p2a: Raichu
|-damage|p2a: Raichu|0 fnt
|faint|p2a: Raichu
|move|p2b: Sylveon|Hyper Voice|p1b: Sinistcha|[spread] p1a,p1b
|-resisted|p1a: Mawile|1
|-damage|p1a: Mawile|59/100
|-damage|p1b: Sinistcha|52/100
|move|p1b: Sinistcha|Trick Room|p1b: Sinistcha
|-fieldstart|move: Trick Room|[of] p1b: Sinistcha
|
|upkeep
|
|t:|1784713088
|switch|p2a: Kingambit|Kingambit, L50, F, shiny|100/100
|turn|4
|
|t:|1784713097
|move|p1a: Mawile|Play Rough|p2a: Kingambit
|-enditem|p2a: Kingambit|Focus Sash
|-damage|p2a: Kingambit|1/100
|move|p1b: Sinistcha|Matcha Gotcha|p2a: Kingambit|[spread] p2a,p2b
|-resisted|p2a: Kingambit|1
|-damage|p2a: Kingambit|0 fnt
|-heal|p1b: Sinistcha|53/100|[from] drain|[of] p2a: Kingambit
|-damage|p2b: Sylveon|65/100
|-heal|p1b: Sinistcha|62/100|[from] drain|[of] p2b: Sylveon
|-status|p2b: Sylveon|brn
|faint|p2a: Kingambit
|move|p2b: Sylveon|Hyper Voice|p1a: Mawile|[spread] p1a,p1b
|-resisted|p1a: Mawile|1
|-damage|p1a: Mawile|35/100
|-damage|p1b: Sinistcha|10/100
|
|-damage|p2b: Sylveon|59/100 brn|[from] brn
|upkeep
|
|t:|1784713100
|switch|p2a: Basculegion|Basculegion, L50, M|100/100
|turn|5
|
|t:|1784713122
|move|p2b: Sylveon|Quick Attack|p1b: Sinistcha
|-damage|p1b: Sinistcha|5/100
|move|p2a: Basculegion|Aqua Jet|p1a: Mawile
|-damage|p1a: Mawile|1/100
|move|p1a: Mawile|Play Rough|p2b: Sylveon
|-damage|p2b: Sylveon|0 fnt
|faint|p2b: Sylveon
|move|p1b: Sinistcha|Matcha Gotcha|p2a: Basculegion
|-supereffective|p2a: Basculegion|1
|-damage|p2a: Basculegion|33/100
|-heal|p1b: Sinistcha|43/100|[from] drain|[of] p2a: Basculegion
|
|upkeep
|turn|6
|-message|Lightoz IV forfeited.
|
|win|Ice124567890
|l|☆Lightoz IV
|player|p2|
||Lightoz IV is ready for game 2.
||Ice124567890 is ready for game 2.
|uhtml|next|Next: Game 2 of 3
|l|☆Ice124567890
|player|p1|
|j|☆Lightoz IV
|player|p2|Lightoz IV|blue-gen2|
