|j|☆Reinisra
|j|☆natsukivgc
|html|Reinisranatsukivgc    
|uhtml|bestof|Game 2 of a best-of-3
|t:|1786032551
|gametype|doubles
|player|p1|Reinisra|2|1086
|player|p2|natsukivgc|101|1180
|gen|9
|tier|[Gen 9 Champions] VGC 2026 Reg M-B (Bo3)
|rated|
|rule|Species Clause: Limit one of each Pokémon
|rule|Item Clause: Limit 1 of each item
|clearpoke
|poke|p1|Hydreigon, L50, F|
|poke|p1|Ninetales-Alola, L50, F|
|poke|p1|Ceruledge, L50, M|
|poke|p1|Metagross, L50|
|poke|p1|Sinistcha, L50|
|poke|p1|Milotic, L50, F|
|poke|p2|Garchomp, L50, F|
|poke|p2|Venusaur, L50, M|
|poke|p2|Incineroar, L50, F|
|poke|p2|Charizard, L50, M|
|poke|p2|Toxapex, L50, M|
|poke|p2|Annihilape, L50, F|
|teampreview|4
|showteam|p1|Hydreigon||LifeOrb|Levitate|Protect,DracoMeteor,EarthPower,DarkPulse|Timid||F|||50|]Ninetales-Alola||NeverMeltIce|SnowWarning|Protect,Encore,Blizzard,Moonblast|Timid||F|||50|]Ceruledge||Charcoal|FlashFire|Protect,BulkUp,BitterBlade,ShadowSneak|Adamant||M|||50|]Metagross||Metagrossite|ClearBody|Protect,PsychicFangs,IronHead,BulletPunch|Jolly|||||50|]Sinistcha||SitrusBerry|Hospitality|MatchaGotcha,TrickRoom,LifeDew,RagePowder|Bold|||||50|]Milotic||Leftovers|Competitive|Scald,Coil,Recover,Hypnosis|Calm||F|||50|
|showteam|p2|Garchomp||ChoiceScarf|RoughSkin|Earthquake,DragonClaw,StompingTantrum,RockSlide|Adamant||F|||50|]Venusaur||LifeOrb|Chlorophyll|SolarBeam,SludgeBomb,EarthPower,Protect|Modest||M|||50|]Incineroar||SitrusBerry|Intimidate|FlareBlitz,ThroatChop,FakeOut,PartingShot|Impish||F|||50|]Charizard||CharizarditeY|Blaze|HeatWave,WeatherBall,Protect,HelpingHand|Modest||M|||50|]Toxapex||Leftovers|Regenerator|Infestation,Toxic,WideGuard,BanefulBunker|Bold||M|||50|]Annihilape||FocusSash|Defiant|CloseCombat,PhantomForce,RockTomb,Protect|Jolly||F|||50|
|
|t:|1786032581
|teamsize|p1|4
|teamsize|p2|4
|start
|switch|p1a: Ceruledge|Ceruledge, L50, M|100/100
|switch|p1b: Hydreigon|Hydreigon, L50, F|100/100
|switch|p2a: Venusaur|Venusaur, L50, M|100/100
|switch|p2b: Charizard|Charizard, L50, M|100/100
|turn|1
|
|t:|1786032610
|detailschange|p2b: Charizard|Charizard-Mega-Y, L50, M
|-mega|p2b: Charizard|Charizard|Charizardite Y
|-weather|SunnyDay|[from] ability: Drought|[of] p2b: Charizard
|move|p2b: Charizard|Helping Hand|p2a: Venusaur
|-singleturn|p2a: Venusaur|Helping Hand|[of] p2b: Charizard
|move|p2a: Venusaur|Earth Power|p1a: Ceruledge
|-supereffective|p1a: Ceruledge|1
|-damage|p1a: Ceruledge|0 fnt
|faint|p1a: Ceruledge
|-damage|p2a: Venusaur|90/100|[from] item: Life Orb
|move|p1b: Hydreigon|Draco Meteor|p2b: Charizard
|-damage|p2b: Charizard|20/100y
|-unboost|p1b: Hydreigon|spa|2
|-damage|p1b: Hydreigon|90/100|[from] item: Life Orb
|
|-weather|SunnyDay|[upkeep]
|upkeep
|
|t:|1786032619
|switch|p1a: Sinistcha|Sinistcha, L50|100/100
|-heal|p1b: Hydreigon|100/100|[from] ability: Hospitality|[of] p1a: Sinistcha
|turn|2
|
|t:|1786032655
|switch|p1b: Ninetales|Ninetales-Alola, L50, F|100/100
|-weather|Snowscape|[from] ability: Snow Warning|[of] p1b: Ninetales
|switch|p2b: Toxapex|Toxapex, L50, M|100/100
|move|p2a: Venusaur|Sludge Bomb|p1b: Ninetales
|-supereffective|p1b: Ninetales|1
|-damage|p1b: Ninetales|0 fnt
|faint|p1b: Ninetales
|-damage|p2a: Venusaur|81/100|[from] item: Life Orb
|move|p1a: Sinistcha|Matcha Gotcha|p2b: Toxapex|[spread] p2a,p2b
|-resisted|p2a: Venusaur|2
|-damage|p2a: Venusaur|74/100
|-damage|p2b: Toxapex|82/100
|
|-weather|Snowscape|[upkeep]
|-heal|p2b: Toxapex|87/100|[from] item: Leftovers
|upkeep
|
|t:|1786032670
|switch|p1b: Hydreigon|Hydreigon, L50, F|100/100
|turn|3
|
|t:|1786032699
|move|p1b: Hydreigon|Earth Power|p2a: Venusaur
|-damage|p2a: Venusaur|25/100
|-damage|p1b: Hydreigon|90/100|[from] item: Life Orb
|move|p2a: Venusaur|Sludge Bomb|p1b: Hydreigon
|-damage|p1b: Hydreigon|25/100
|-damage|p2a: Venusaur|16/100|[from] item: Life Orb
|move|p2b: Toxapex|Toxic|p1b: Hydreigon
|-status|p1b: Hydreigon|tox
|move|p1a: Sinistcha|Trick Room|p1a: Sinistcha
|-fieldstart|move: Trick Room|[of] p1a: Sinistcha
|
|-weather|Snowscape|[upkeep]
|-heal|p2b: Toxapex|93/100|[from] item: Leftovers
|-damage|p1b: Hydreigon|19/100 tox|[from] psn
|upkeep
|turn|4
|inactive|Battle timer is ON: inactive players will automatically lose when time's up. (requested by Reinisra)
|
|t:|1786032723
|move|p2b: Toxapex|Toxic|p1a: Sinistcha
|-status|p1a: Sinistcha|tox
|move|p1a: Sinistcha|Matcha Gotcha|p2b: Toxapex|[spread] p2b
|-miss|p1a: Sinistcha|p2a: Venusaur
|-damage|p2b: Toxapex|75/100
|-status|p2b: Toxapex|brn
|move|p2a: Venusaur|Sludge Bomb|p1a: Sinistcha
|-damage|p1a: Sinistcha|51/100 tox
|-damage|p2a: Venusaur|6/100|[from] item: Life Orb
|move|p1b: Hydreigon|Earth Power|p2b: Toxapex
|-supereffective|p2b: Toxapex|1
|-damage|p2b: Toxapex|9/100 brn
|-damage|p1b: Hydreigon|10/100 tox|[from] item: Life Orb
|
|-weather|Snowscape|[upkeep]
|-heal|p2b: Toxapex|15/100 brn|[from] item: Leftovers
|-damage|p1a: Sinistcha|45/100 tox|[from] psn
|-damage|p1b: Hydreigon|0 fnt|[from] psn
|faint|p1b: Hydreigon
|-damage|p2b: Toxapex|9/100 brn|[from] brn
|upkeep
|-enditem|p1a: Sinistcha|Sitrus Berry|[eat]
|-heal|p1a: Sinistcha|70/100 tox|[from] item: Sitrus Berry
|turn|5
|inactive|natsukivgc has 30 seconds left.
|
|t:|1786032754
|move|p2b: Toxapex|Baneful Bunker|p2b: Toxapex
|-singleturn|p2b: Toxapex|move: Protect
|move|p2a: Venusaur|Protect|p2a: Venusaur
|-singleturn|p2a: Venusaur|Protect
|move|p1a: Sinistcha|Matcha Gotcha|p2b: Toxapex|[spread] 
|-activate|p2a: Venusaur|move: Protect
|-activate|p2b: Toxapex|move: Protect
|
|-weather|Snowscape|[upkeep]
|-heal|p2b: Toxapex|15/100 brn|[from] item: Leftovers
|-damage|p1a: Sinistcha|57/100 tox|[from] psn
|-damage|p2b: Toxapex|9/100 brn|[from] brn
|upkeep
|turn|6
|-message|Reinisra forfeited.
|
|win|natsukivgc
|raw|Reinisra's rating: 1086 → 1069(-17 for losing)
|raw|natsukivgc's rating: 1180 → 1198(+18 for winning)
