|j|☆jqrzzz
|j|☆dericos
|html|jqrzzzdericos    
|uhtml|bestof|Game 2 of a best-of-3
|t:|1782290316
|gametype|doubles
|player|p1|jqrzzz|266|1077
|player|p2|dericos|170|1148
|gen|9
|tier|[Gen 9 Champions] VGC 2026 Reg M-B (Bo3)
|rated|
|rule|Species Clause: Limit one of each Pokémon
|rule|Item Clause: Limit 1 of each item
|clearpoke
|poke|p1|Appletun, L50, M|
|poke|p1|Sinistcha, L50|
|poke|p1|Corviknight, L50, M|
|poke|p1|Excadrill, L50, M|
|poke|p1|Tyranitar, L50, M|
|poke|p1|Grimmsnarl, L50, M|
|poke|p2|Swampert, L50, F|
|poke|p2|Pelipper, L50, M|
|poke|p2|Archaludon, L50, F|
|poke|p2|Sinistcha, L50|
|poke|p2|Maushold-Four, L50|
|poke|p2|Gholdengo, L50|
|teampreview|4
|showteam|p1|Appletun||RoseliBerry|ThickFat|AppleAcid,DracoMeteor,LeechSeed,Protect|Modest||M|||50|]Sinistcha||SitrusBerry|Hospitality|MatchaGotcha,RagePowder,LifeDew,TrickRoom|Calm|||||50|]Corviknight||Leftovers|MirrorArmor|Roost,BraveBird,Tailwind,BulkUp|Careful||M|||50|]Excadrill||LifeOrb|SandRush|Earthquake,RockSlide,PoisonJab,Substitute|Adamant||M|||50|]Tyranitar||Tyranitarite|SandStream|DragonDance,RockSlide,KnockOff,Protect|Careful||M|||50|]Grimmsnarl||LightClay|Prankster|LightScreen,Reflect,PartingShot,FakeOut|Careful||M|||50|
|showteam|p2|Swampert||Swampertite|Torrent|WaveCrash,HighHorsepower,IcePunch,Protect|Adamant||F|||50|]Pelipper||SitrusBerry|Drizzle|WeatherBall,Hurricane,Tailwind,WideGuard|Modest||M|||50|]Archaludon||Leftovers|Stamina|ElectroShot,DragonPulse,FlashCannon,Protect|Calm||F|||50|]Sinistcha||KasibBerry|Hospitality|RagePowder,MatchaGotcha,TrickRoom,Protect|Bold|||||50|]Maushold-Four||FocusSash|FriendGuard|FollowMe,SuperFang,RainDance,Protect|Timid|||||50|]Gholdengo||LifeOrb|GoodasGold|MakeItRain,ShadowBall,NastyPlot,Protect|Modest|||||50|
|inactive|Battle timer is ON: inactive players will automatically lose when time's up. (requested by jqrzzz)
|
|t:|1782290339
|teamsize|p1|4
|teamsize|p2|4
|start
|switch|p1a: Grimmsnarl|Grimmsnarl, L50, M|100/100
|switch|p1b: Tyranitar|Tyranitar, L50, M|100/100
|switch|p2a: Maushold|Maushold-Four, L50|100/100
|switch|p2b: Archaludon|Archaludon, L50, F|100/100
|-weather|Sandstorm|[from] ability: Sand Stream|[of] p1b: Tyranitar
|turn|1
|inactive|dericos has 30 seconds left.
|inactive|dericos has 20 seconds left.
|inactive|dericos has 15 seconds left.
|inactive|dericos has 10 seconds left.
|inactive|dericos has 5 seconds left.
|
|t:|1782290394
|move|p1a: Grimmsnarl|Fake Out|p2a: Maushold
|-damage|p2a: Maushold|84/100
|cant|p2a: Maushold|flinch
|move|p2b: Archaludon|Electro Shot||[still]
|-prepare|p2b: Archaludon|Electro Shot
|-boost|p2b: Archaludon|spa|1
|move|p1b: Tyranitar|Dragon Dance|p1b: Tyranitar
|-boost|p1b: Tyranitar|atk|1
|-boost|p1b: Tyranitar|spe|1
|
|-weather|Sandstorm|[upkeep]
|-damage|p2a: Maushold|78/100|[from] Sandstorm
|-damage|p1a: Grimmsnarl|94/100|[from] Sandstorm
|upkeep
|turn|2
|inactive|jqrzzz has 30 seconds left.
|inactive|jqrzzz has 20 seconds left.
|
|t:|1782290431
|move|p1a: Grimmsnarl|Light Screen|p1a: Grimmsnarl
|-sidestart|p1: jqrzzz|move: Light Screen
|move|p2a: Maushold|Super Fang|p1b: Tyranitar
|-damage|p1b: Tyranitar|50/100g
|move|p1b: Tyranitar|Dragon Dance|p1b: Tyranitar
|-boost|p1b: Tyranitar|atk|1
|-boost|p1b: Tyranitar|spe|1
|move|p2b: Archaludon|Electro Shot|p1a: Grimmsnarl|[from] lockedmove
|-damage|p1a: Grimmsnarl|60/100
|
|-weather|Sandstorm|[upkeep]
|-damage|p2a: Maushold|72/100|[from] Sandstorm
|-damage|p1a: Grimmsnarl|54/100|[from] Sandstorm
|upkeep
|turn|3
|inactive|jqrzzz has 30 seconds left.
|
|t:|1782290458
|move|p1b: Tyranitar|Protect|p1b: Tyranitar
|-singleturn|p1b: Tyranitar|Protect
|move|p1a: Grimmsnarl|Reflect|p1a: Grimmsnarl
|-sidestart|p1: jqrzzz|Reflect
|move|p2a: Maushold|Rain Dance|p2a: Maushold
|-weather|RainDance
|move|p2b: Archaludon|Flash Cannon|p1b: Tyranitar
|-activate|p1b: Tyranitar|move: Protect
|
|-weather|RainDance|[upkeep]
|upkeep
|turn|4
|inactive|jqrzzz has 30 seconds left.
|
|t:|1782290488
|detailschange|p1b: Tyranitar|Tyranitar-Mega, L50, M
|-mega|p1b: Tyranitar|Tyranitar|Tyranitarite
|-weather|Sandstorm|[from] ability: Sand Stream|[of] p1b: Tyranitar
|move|p1a: Grimmsnarl|Parting Shot|p2b: Archaludon
|-unboost|p2b: Archaludon|atk|1
|-unboost|p2b: Archaludon|spa|1
|
|t:|1782290497
|switch|p1a: Corviknight|Corviknight, L50, M|100/100|[from] Parting Shot
|move|p1b: Tyranitar|Knock Off|p2a: Maushold
|-damage|p2a: Maushold|0 fnt
|-enditem|p2a: Maushold|Focus Sash|[from] move: Knock Off|[of] p1b: Tyranitar
|faint|p2a: Maushold
|move|p2b: Archaludon|Flash Cannon|p1b: Tyranitar
|-supereffective|p1b: Tyranitar|1
|-damage|p1b: Tyranitar|30/100
|
|-weather|Sandstorm|[upkeep]
|upkeep
|
|t:|1782290505
|switch|p2a: Swampert|Swampert, L50, F|100/100
|turn|5
|inactive|jqrzzz has 30 seconds left.
|inactive|jqrzzz has 20 seconds left.
|inactive|jqrzzz has 15 seconds left.
|inactive|jqrzzz has 10 seconds left.
|
|t:|1782290552
|switch|p2a: Pelipper|Pelipper, L50, M|100/100
|-weather|RainDance|[from] ability: Drizzle|[of] p2a: Pelipper
|move|p1b: Tyranitar|Protect|p1b: Tyranitar
|-singleturn|p1b: Tyranitar|Protect
|move|p2b: Archaludon|Electro Shot||[still]
|-prepare|p2b: Archaludon|Electro Shot
|-boost|p2b: Archaludon|spa|1
|-anim|p2b: Archaludon|Electro Shot|p1a: Corviknight
|-supereffective|p1a: Corviknight|1
|-damage|p1a: Corviknight|52/100
|move|p1a: Corviknight|Bulk Up|p1a: Corviknight
|-boost|p1a: Corviknight|atk|1
|-boost|p1a: Corviknight|def|1
|
|-weather|RainDance|[upkeep]
|-heal|p1a: Corviknight|58/100|[from] item: Leftovers
|upkeep
|turn|6
|inactive|jqrzzz has 30 seconds left.
|
|t:|1782290579
|move|p1b: Tyranitar|Rock Slide|p2a: Pelipper|[spread] p2a,p2b
|-supereffective|p2a: Pelipper|1
|-resisted|p2b: Archaludon|1
|-damage|p2a: Pelipper|0 fnt
|-damage|p2b: Archaludon|80/100
|-ability|p2b: Archaludon|Stamina|boost
|-boost|p2b: Archaludon|def|1
|faint|p2a: Pelipper
|move|p2b: Archaludon|Electro Shot||[still]
|-prepare|p2b: Archaludon|Electro Shot
|-boost|p2b: Archaludon|spa|1
|-anim|p2b: Archaludon|Electro Shot|p1a: Corviknight
|-supereffective|p1a: Corviknight|1
|-crit|p1a: Corviknight
|-damage|p1a: Corviknight|0 fnt
|faint|p1a: Corviknight
|
|-weather|RainDance|[upkeep]
|-heal|p2b: Archaludon|86/100|[from] item: Leftovers
|upkeep
|
|t:|1782290597
|switch|p2a: Swampert|Swampert, L50, F|100/100
|switch|p1a: Grimmsnarl|Grimmsnarl, L50, M|54/100
|turn|7
|
|t:|1782290615
|detailschange|p2a: Swampert|Swampert-Mega, L50, F
|-mega|p2a: Swampert|Swampert|Swampertite
|move|p1a: Grimmsnarl|Fake Out|p2a: Swampert
|-damage|p2a: Swampert|90/100
|cant|p2a: Swampert|flinch
|move|p1b: Tyranitar|Knock Off|p2a: Swampert
|-damage|p2a: Swampert|35/100
|move|p2b: Archaludon|Flash Cannon|p1a: Grimmsnarl
|-supereffective|p1a: Grimmsnarl|1
|-damage|p1a: Grimmsnarl|0 fnt
|faint|p1a: Grimmsnarl
|
|-weather|RainDance|[upkeep]
|-heal|p2b: Archaludon|92/100|[from] item: Leftovers
|upkeep
|
|t:|1782290627
|switch|p1a: Excadrill|Excadrill, L50, M|100/100
|turn|8
|
|t:|1782290647
|move|p1b: Tyranitar|Protect|p1b: Tyranitar
|-singleturn|p1b: Tyranitar|Protect
|move|p2a: Swampert|Wave Crash|p1a: Excadrill
|-supereffective|p1a: Excadrill|1
|-damage|p1a: Excadrill|0 fnt
|faint|p1a: Excadrill
|-damage|p2a: Swampert|1/100|[from] Recoil
|move|p2b: Archaludon|Flash Cannon|p1b: Tyranitar
|-activate|p1b: Tyranitar|move: Protect
|
|-weather|RainDance|[upkeep]
|-heal|p2b: Archaludon|98/100|[from] item: Leftovers
|upkeep
|turn|9
|inactive|dericos has 30 seconds left.
|
|t:|1782290673
|move|p2a: Swampert|Wave Crash|p1b: Tyranitar
|-supereffective|p1b: Tyranitar|1
|-damage|p1b: Tyranitar|0 fnt
|faint|p1b: Tyranitar
|-damage|p2a: Swampert|0 fnt|[from] Recoil
|faint|p2a: Swampert
|
|win|dericos
|raw|jqrzzz's rating: 1077 → 1060(-17 for losing)
|raw|dericos's rating: 1148 → 1168(+20 for winning)
