|j|☆Mirthinion
|j|☆bimbo mafioso
|html|Mirthinionbimbo mafioso    
|uhtml|bestof|Game 1 of a best-of-3
|t:|1757706223
|gametype|doubles
|player|p1|Mirthinion|veteran|1211
|player|p2|bimbo mafioso|swimmerf|1168
|gen|9
|tier|[Gen 9] VGC 2025 Reg H (Bo3)
|rated|
|rule|Species Clause: Limit one of each Pokémon
|rule|Item Clause: Limit 1 of each item
|clearpoke
|poke|p1|Incineroar, L50, M|
|poke|p1|Ursaluna, L50, M|
|poke|p1|Gholdengo, L50|
|poke|p1|Murkrow, L50, M|
|poke|p1|Annihilape, L50, F|
|poke|p1|Sinistcha, L50|
|poke|p2|Amoonguss, L50, M|
|poke|p2|Incineroar, L50, F|
|poke|p2|Gholdengo, L50|
|poke|p2|Dragonite, L50, F|
|poke|p2|Ursaluna-Bloodmoon, L50, M|
|poke|p2|Sneasler, L50, F|
|teampreview|4
|showteam|p1|Incineroar||SafetyGoggles|Intimidate|FakeOut,PartingShot,KnockOff,FlareBlitz|||M|||50|,,,,,Bug]Ursaluna||FlameOrb|Guts|Protect,Facade,HeadlongRush,Earthquake|||M|||50|,,,,,Ghost]Gholdengo||LifeOrb|GoodasGold|Protect,NastyPlot,ShadowBall,MakeItRain||||||50|,,,,,Water]Murkrow||Eviolite|Prankster|Tailwind,RainDance,FoulPlay,Haze|||M|||50|,,,,,Ghost]Annihilape||Leftovers|Defiant|Protect,BulkUp,RageFist,DrainPunch|||F|||50|,,,,,Fire]Sinistcha||SitrusBerry|Hospitality|TrickRoom,MatchaGotcha,RagePowder,LifeDew||||||50|,,,,,Dark
|showteam|p2|Amoonguss||SitrusBerry|Regenerator|Spore,RagePowder,PollenPuff,Protect|||M|||50|,,,,,Water]Incineroar||SafetyGoggles|Intimidate|FakeOut,KnockOff,FlareBlitz,PartingShot|||F|||50|,,,,,Ghost]Gholdengo||LifeOrb|GoodasGold|MakeItRain,ShadowBall,NastyPlot,Protect||||||50|,,,,,Water]Dragonite||LoadedDice|Multiscale|ScaleShot,Tailwind,Haze,Protect|||F|||50|,,,,,Fairy]Ursaluna-Bloodmoon||AssaultVest|MindsEye|HyperVoice,EarthPower,BloodMoon,VacuumWave|||M|||50|,,,,,Water]Sneasler||FocusSash|Unburden|CloseCombat,DireClaw,ThroatChop,Protect|||F|||50|,,,,,Stellar
|inactive|Battle timer is ON: inactive players will automatically lose when time's up. (requested by Mirthinion)
|inactive|bimbo mafioso also wants the timer to be on.
|inactive|Mirthinion has 60 seconds left.
|inactive|bimbo mafioso has 60 seconds left.
|inactive|bimbo mafioso has 30 seconds left.
|inactive|bimbo mafioso has 20 seconds left.
|
|t:|1757706298
|teamsize|p1|4
|teamsize|p2|4
|start
|switch|p1a: Sinistcha|Sinistcha, L50|100/100
|switch|p1b: Incineroar|Incineroar, L50, M|100/100
|switch|p2a: X2VR|Ursaluna-Bloodmoon, L50, M|100/100
|switch|p2b: Rockstar|Gholdengo, L50|100/100
|-ability|p1b: Incineroar|Intimidate|boost
|-unboost|p2a: X2VR|atk|1
|-unboost|p2b: Rockstar|atk|1
|turn|1
|inactive|Mirthinion has 30 seconds left.
|inactive|Mirthinion has 20 seconds left.
|inactive|bimbo mafioso has 30 seconds left.
|
|t:|1757706339
|switch|p2b: Sfera Ebbasta|Incineroar, L50, F|100/100
|-ability|p2b: Sfera Ebbasta|Intimidate|boost
|-unboost|p1a: Sinistcha|atk|1
|-unboost|p1b: Incineroar|atk|1
|-terastallize|p1a: Sinistcha|Dark
|move|p1b: Incineroar|Fake Out|p2a: X2VR
|-damage|p2a: X2VR|94/100
|cant|p2a: X2VR|flinch
|move|p1a: Sinistcha|Trick Room|p1a: Sinistcha
|-fieldstart|move: Trick Room|[of] p1a: Sinistcha
|
|upkeep
|turn|2
|inactive|Mirthinion has 30 seconds left.
|inactive|bimbo mafioso has 30 seconds left.
|inactive|Mirthinion has 20 seconds left.
|inactive|bimbo mafioso has 20 seconds left.
|
|t:|1757706378
|move|p2b: Sfera Ebbasta|Parting Shot|p1b: Incineroar
|-unboost|p1b: Incineroar|atk|1
|-unboost|p1b: Incineroar|spa|1
|c|☆bimbo mafioso|huh
|c|☆bimbo mafioso|how fast are yo pokemon
|
|t:|1757706398
|switch|p2b: XDVR|Amoonguss, L50, M, shiny|100/100|[from] Parting Shot
|move|p1b: Incineroar|Knock Off|p2a: X2VR
|-damage|p2a: X2VR|77/100
|-enditem|p2a: X2VR|Assault Vest|[from] move: Knock Off|[of] p1b: Incineroar
|move|p1a: Sinistcha|Matcha Gotcha|p2a: X2VR|[spread] p2a
|-miss|p1a: Sinistcha|p2b: XDVR
|-supereffective|p2a: X2VR
|-damage|p2a: X2VR|11/100
|move|p2a: X2VR|Blood Moon|p1b: Incineroar
|-damage|p1b: Incineroar|37/100
|
|upkeep
|turn|3
|c|☆Mirthinion|was just asking myself the same question XD
|c|☆bimbo mafioso|and my incin is speedy
|inactive|Mirthinion has 30 seconds left.
|inactive|bimbo mafioso has 30 seconds left.
|inactive|Mirthinion has 20 seconds left.
|
|t:|1757706433
|switch|p2a: Sfera Ebbasta|Incineroar, L50, F|100/100
|-ability|p2a: Sfera Ebbasta|Intimidate|boost
|-unboost|p1a: Sinistcha|atk|1
|-unboost|p1b: Incineroar|atk|1
|move|p2b: XDVR|Spore|p1a: Sinistcha
|-status|p1a: Sinistcha|slp|[from] move: Spore
|move|p1b: Incineroar|Parting Shot|p2a: Sfera Ebbasta
|-unboost|p2a: Sfera Ebbasta|atk|1
|-unboost|p2a: Sfera Ebbasta|spa|1
|
|t:|1757706442
|switch|p1b: Ursaluna|Ursaluna, L50, M|100/100|[from] Parting Shot
|cant|p1a: Sinistcha|slp
|
|-status|p1b: Ursaluna|brn|[from] item: Flame Orb
|upkeep
|turn|4
|
|t:|1757706467
|switch|p2b: Rockstar|Gholdengo, L50|100/100
|move|p2a: Sfera Ebbasta|Fake Out|p1b: Ursaluna
|-crit|p1b: Ursaluna
|-damage|p1b: Ursaluna|86/100 brn
|cant|p1b: Ursaluna|flinch
|-curestatus|p1a: Sinistcha|slp|[msg]
|move|p1a: Sinistcha|Life Dew||[still]|[spread] p1a,p1b
|-fail|p1a: Sinistcha|heal
|-heal|p1b: Ursaluna|100/100 brn
|
|-damage|p1b: Ursaluna|95/100 brn|[from] brn
|upkeep
|turn|5
|
|t:|1757706488
|switch|p2a: XDVR|Amoonguss, L50, M, shiny|100/100
|switch|p1a: Annihilape|Annihilape, L50, F|100/100
|move|p2b: Rockstar|Protect|p2b: Rockstar
|-singleturn|p2b: Rockstar|Protect
|move|p1b: Ursaluna|Earthquake|p2a: XDVR|[spread] p1a,p2a
|-activate|p2b: Rockstar|move: Protect
|-damage|p1a: Annihilape|36/100
|-damage|p2a: XDVR|39/100
|-enditem|p2a: XDVR|Sitrus Berry|[eat]
|-heal|p2a: XDVR|64/100|[from] item: Sitrus Berry
|
|-heal|p1a: Annihilape|42/100|[from] item: Leftovers
|-damage|p1b: Ursaluna|89/100 brn|[from] brn
|-fieldend|move: Trick Room
|upkeep
|turn|6
|inactive|Mirthinion has 30 seconds left.
|inactive|bimbo mafioso has 30 seconds left.
|inactive|bimbo mafioso has 20 seconds left.
|inactive|bimbo mafioso has 15 seconds left.
|
|t:|1757706530
|switch|p1a: Sinistcha|Sinistcha, L50, tera:Dark|100/100
|-heal|p1b: Ursaluna|100/100 brn|[from] ability: Hospitality|[of] p1a: Sinistcha
|-terastallize|p2b: Rockstar|Water
|move|p2a: XDVR|Protect|p2a: XDVR
|-singleturn|p2a: XDVR|Protect
|move|p2b: Rockstar|Nasty Plot|p2b: Rockstar
|-boost|p2b: Rockstar|spa|2
|move|p1b: Ursaluna|Earthquake|p2b: Rockstar|[spread] p1a,p2b
|-activate|p2a: XDVR|move: Protect
|-damage|p1a: Sinistcha|40/100
|-damage|p2b: Rockstar|31/100
|-enditem|p1a: Sinistcha|Sitrus Berry|[eat]
|-heal|p1a: Sinistcha|65/100|[from] item: Sitrus Berry
|
|-damage|p1b: Ursaluna|95/100 brn|[from] brn
|upkeep
|turn|7
|inactive|Mirthinion has 30 seconds left.
|inactive|Mirthinion has 20 seconds left.
|inactive|Mirthinion has 15 seconds left.
|
|t:|1757706571
|move|p2b: Rockstar|Make It Rain|p1a: Sinistcha|[spread] p1a,p1b
|-damage|p1a: Sinistcha|0 fnt
|-damage|p1b: Ursaluna|0 fnt
|-unboost|p2b: Rockstar|spa|1
|faint|p1a: Sinistcha
|faint|p1b: Ursaluna
|-damage|p2b: Rockstar|21/100|[from] item: Life Orb
|move|p2a: XDVR|Pollen Puff|p2b: Rockstar
|-heal|p2b: Rockstar|71/100
|
|upkeep
|
|t:|1757706582
|switch|p1a: Annihilape|Annihilape, L50, F|42/100
|switch|p1b: Incineroar|Incineroar, L50, M|37/100
|-ability|p1b: Incineroar|Intimidate|boost
|-unboost|p2a: XDVR|atk|1
|-unboost|p2b: Rockstar|atk|1
|turn|8
|inactive|Mirthinion has 30 seconds left.
|
|t:|1757706609
|switch|p2a: X2VR|Ursaluna-Bloodmoon, L50, M|11/100
|move|p1a: Annihilape|Protect|p1a: Annihilape
|-singleturn|p1a: Annihilape|Protect
|move|p2b: Rockstar|Protect|p2b: Rockstar
|-singleturn|p2b: Rockstar|Protect
|move|p1b: Incineroar|Flare Blitz|p2a: X2VR
|-damage|p2a: X2VR|0 fnt
|faint|p2a: X2VR
|-damage|p1b: Incineroar|33/100|[from] Recoil
|
|-heal|p1a: Annihilape|48/100|[from] item: Leftovers
|upkeep
|
|t:|1757706619
|switch|p2a: XDVR|Amoonguss, L50, M, shiny|97/100
|turn|9
|
|t:|1757706626
|move|p1a: Annihilape|Rage Fist|p2b: Rockstar
|-damage|p2b: Rockstar|29/100
|move|p2b: Rockstar|Make It Rain|p1a: Annihilape|[spread] p1a,p1b
|-resisted|p1b: Incineroar
|-damage|p1a: Annihilape|0 fnt
|-damage|p1b: Incineroar|0 fnt
|-unboost|p2b: Rockstar|spa|1
|faint|p1a: Annihilape
|faint|p1b: Incineroar
|-damage|p2b: Rockstar|20/100|[from] item: Life Orb
|
|win|bimbo mafioso
||bimbo mafioso is ready for game 2.
||Mirthinion is ready for game 2.
|uhtml|next|Next: Game 2 of 3
