|j|☆fortree21utube
|j|☆testalt3211
|html|fortree21utubetestalt3211    
|uhtml|bestof|Game 2 of a best-of-3
|t:|1756930562
|gametype|doubles
|player|p1|fortree21utube|265|
|player|p2|testalt3211|pokemonbreeder-gen4|
|gen|9
|tier|[Gen 9] VGC 2025 Reg H (Bo3)
|rule|Species Clause: Limit one of each Pokémon
|rule|Item Clause: Limit 1 of each item
|clearpoke
|poke|p1|Pawmot, L50, M|
|poke|p1|Typhlosion-Hisui, L50, F|
|poke|p1|Weezing-Galar, L50, F|
|poke|p1|Toedscruel, L50, M|
|poke|p1|Corviknight, L50, F|
|poke|p1|Garchomp, L50, F|
|poke|p2|Incineroar, L50, M|
|poke|p2|Amoonguss, L50, F|
|poke|p2|Ursaluna-Bloodmoon, L50, M|
|poke|p2|Sneasler, L50, M|
|poke|p2|Gholdengo, L50|
|poke|p2|Dragonite, L50, F|
|teampreview|4
|showteam|p1|Pawmot||FocusSash|VoltAbsorb|DoubleShock,CloseCombat,FakeOut,Protect|||M|||50|,,,,,Electric]Typhlosion-Hisui||ChoiceScarf|Frisk|Eruption,HeatWave,ShadowBall,SleepTalk|||F|||50|,,,,,Fire]Weezing-Galar||ChoiceSpecs|NeutralizingGas|StrangeSteam,DazzlingGleam,SludgeBomb,Flamethrower|||F|||50|,,,,,Flying]Toedscruel||CovertCloak|MyceliumMight|EarthPower,AcidSpray,Spore,RagePowder|||M|||50|,,,,,Water]Corviknight||SitrusBerry|MirrorArmor|BraveBird,Tailwind,Roost,Protect|||F|||50|,,,,,Dragon]Garchomp||ClearAmulet|RoughSkin|Earthquake,StompingTantrum,DragonClaw,Protect|||F|||50|,,,,,Ground
|showteam|p2|Incineroar||SafetyGoggles|Intimidate|FlareBlitz,KnockOff,PartingShot,FakeOut|||M|||50|,,,,,Ghost]Amoonguss||SitrusBerry|Regenerator|Spore,RagePowder,PollenPuff,Protect|||F|||50|,,,,,Psychic]Ursaluna-Bloodmoon||AssaultVest|MindsEye|HyperVoice,BloodMoon,EarthPower,VacuumWave|||M|||50|,,,,,Water]Sneasler||FocusSash|Unburden|CloseCombat,DireClaw,ThroatChop,Protect|||M|||50|,,,,,Stellar]Gholdengo||LifeOrb|GoodasGold|MakeItRain,ShadowBall,NastyPlot,Protect||||||50|,,,,,Water]Dragonite||LoadedDice|Multiscale|ScaleShot,Tailwind,Haze,Protect|||F|||50|,,,,,Fairy
|
|t:|1756930603
|teamsize|p1|4
|teamsize|p2|4
|start
|switch|p1a: Weezing|Weezing-Galar, L50, F|100/100
|switch|p1b: Typhlosion|Typhlosion-Hisui, L50, F|100/100
|switch|p2a: Gholdengo|Gholdengo, L50|100/100
|switch|p2b: Incineroar|Incineroar, L50, M|100/100
|-ability|p1a: Weezing|Neutralizing Gas
|turn|1
|
|t:|1756930623
|-terastallize|p1b: Typhlosion|Fire
|-terastallize|p2a: Gholdengo|Water
|move|p2b: Incineroar|Fake Out|p1a: Weezing
|-damage|p1a: Weezing|88/100
|move|p1b: Typhlosion|Eruption|p2a: Gholdengo|[spread] p2a,p2b
|-resisted|p2a: Gholdengo
|-resisted|p2b: Incineroar
|-damage|p2a: Gholdengo|59/100
|-damage|p2b: Incineroar|66/100
|move|p2a: Gholdengo|Shadow Ball|p1b: Typhlosion
|-damage|p1b: Typhlosion|29/100
|-damage|p2a: Gholdengo|50/100|[from] item: Life Orb
|cant|p1a: Weezing|flinch
|
|upkeep
|turn|2
|
|t:|1756930658
|switch|p1b: Corviknight|Corviknight, L50, F|100/100
|move|p2a: Gholdengo|Make It Rain|p1b: Corviknight|[spread] p1a,p1b
|-supereffective|p1a: Weezing
|-resisted|p1b: Corviknight
|-damage|p1a: Weezing|0 fnt
|-damage|p1b: Corviknight|79/100
|-unboost|p2a: Gholdengo|spa|1
|faint|p1a: Weezing
|-end|p1a: Weezing|ability: Neutralizing Gas
|-ability|p2b: Incineroar|Intimidate|boost
|-ability|p1b: Corviknight|Mirror Armor
|-unboost|p2b: Incineroar|atk|1
|-damage|p2a: Gholdengo|40/100|[from] item: Life Orb
|move|p2b: Incineroar|Parting Shot|p1b: Corviknight
|-ability|p1b: Corviknight|Mirror Armor
|-unboost|p2b: Incineroar|atk|1
|-ability|p1b: Corviknight|Mirror Armor
|-unboost|p2b: Incineroar|spa|1
|
|t:|1756930665
|switch|p2b: Ursaluna|Ursaluna-Bloodmoon, L50, M|100/100|[from] Parting Shot
|
|upkeep
|
|t:|1756930683
|switch|p1a: Garchomp|Garchomp, L50, F|100/100
|turn|3
|
|t:|1756930700
|switch|p2a: Incineroar|Incineroar, L50, M|66/100
|-ability|p2a: Incineroar|Intimidate|boost
|-fail|p1a: Garchomp|unboost|[from] item: Clear Amulet|[of] p1a: Garchomp
|-ability|p1b: Corviknight|Mirror Armor
|-unboost|p2a: Incineroar|atk|1
|move|p1a: Garchomp|Protect|p1a: Garchomp
|-singleturn|p1a: Garchomp|Protect
|move|p1b: Corviknight|Brave Bird|p2b: Ursaluna
|-damage|p2b: Ursaluna|74/100
|-damage|p1b: Corviknight|70/100|[from] Recoil
|move|p2b: Ursaluna|Blood Moon|p1a: Garchomp
|-activate|p1a: Garchomp|move: Protect
|
|upkeep
|turn|4
|
|t:|1756930725
|move|p2a: Incineroar|Fake Out|p1a: Garchomp
|-damage|p1a: Garchomp|93/100
|-damage|p2a: Incineroar|53/100|[from] ability: Rough Skin|[of] p1a: Garchomp
|cant|p1a: Garchomp|flinch
|move|p1b: Corviknight|Brave Bird|p2a: Incineroar
|-damage|p2a: Incineroar|23/100
|-damage|p1b: Corviknight|60/100|[from] Recoil
|move|p2b: Ursaluna|Hyper Voice|p1b: Corviknight|[spread] p1a,p1b
|-resisted|p1b: Corviknight
|-crit|p1b: Corviknight
|-damage|p1a: Garchomp|54/100
|-damage|p1b: Corviknight|43/100
|-enditem|p1b: Corviknight|Sitrus Berry|[eat]
|-heal|p1b: Corviknight|68/100|[from] item: Sitrus Berry
|
|upkeep
|turn|5
|
|t:|1756930751
|switch|p2a: Amoonguss|Amoonguss, L50, F|100/100
|move|p1a: Garchomp|Earthquake|p2b: Ursaluna|[spread] p2a,p2b
|-immune|p1b: Corviknight
|-damage|p2a: Amoonguss|69/100
|-damage|p2b: Ursaluna|48/100
|move|p1b: Corviknight|Brave Bird|p2b: Ursaluna
|-damage|p2b: Ursaluna|22/100
|-damage|p1b: Corviknight|59/100|[from] Recoil
|move|p2b: Ursaluna|Blood Moon|p1a: Garchomp
|-damage|p1a: Garchomp|0 fnt
|faint|p1a: Garchomp
|
|upkeep
|
|t:|1756930766
|switch|p1a: Typhlosion|Typhlosion-Hisui, L50, F, tera:Fire|29/100
|-item|p2a: Amoonguss|Sitrus Berry|[from] ability: Frisk|[of] p1a: Typhlosion
|-item|p2b: Ursaluna|Assault Vest|[from] ability: Frisk|[of] p1a: Typhlosion
|turn|6
|
|t:|1756930779
|move|p2a: Amoonguss|Protect|p2a: Amoonguss
|-singleturn|p2a: Amoonguss|Protect
|move|p2b: Ursaluna|Vacuum Wave|p1a: Typhlosion
|-damage|p1a: Typhlosion|9/100
|move|p1a: Typhlosion|Heat Wave|p2b: Ursaluna|[spread] p2b
|-activate|p2a: Amoonguss|move: Protect
|-damage|p2b: Ursaluna|0 fnt
|faint|p2b: Ursaluna
|move|p1b: Corviknight|Tailwind|p1b: Corviknight
|-sidestart|p1: fortree21utube|move: Tailwind
|
|upkeep
|
|t:|1756930781
|switch|p2b: Incineroar|Incineroar, L50, M|23/100
|-ability|p2b: Incineroar|Intimidate|boost
|-unboost|p1a: Typhlosion|atk|1
|-ability|p1b: Corviknight|Mirror Armor
|-unboost|p2b: Incineroar|atk|1
|turn|7
|
|t:|1756930801
|move|p2b: Incineroar|Fake Out|p1a: Typhlosion
|-damage|p1a: Typhlosion|0 fnt
|faint|p1a: Typhlosion
|move|p1b: Corviknight|Brave Bird|p2a: Amoonguss
|-supereffective|p2a: Amoonguss
|-damage|p2a: Amoonguss|5/100
|-enditem|p2a: Amoonguss|Sitrus Berry|[eat]
|-heal|p2a: Amoonguss|30/100|[from] item: Sitrus Berry
|-damage|p1b: Corviknight|37/100|[from] Recoil
|move|p2a: Amoonguss|Spore|p1b: Corviknight
|-status|p1b: Corviknight|slp|[from] move: Spore
|
|upkeep
|turn|8
|-message|fortree21utube forfeited.
|
|win|testalt3211
|l|☆fortree21utube
|player|p1|
||testalt3211 is ready for game 3.
|j|☆fortree21utube
|player|p1|fortree21utube|265|
|inactive|fortree21utube has 30 seconds to confirm battle start!
||fortree21utube is ready for game 3.
|uhtml|next|Next: Game 3 of 3
|l|☆fortree21utube
|player|p1|
|j|☆fortree21utube
|player|p1|fortree21utube|265|
