|j|☆steelag0
|j|☆vilan333
|html|steelag0vilan333    
|uhtml|bestof|Game 2 of a best-of-3
|t:|1782428023
|gametype|doubles
|player|p1|steelag0|169|1140
|player|p2|vilan333|marshal|1206
|gen|9
|tier|[Gen 9 Champions] VGC 2026 Reg M-B (Bo3)
|rated|
|rule|Species Clause: Limit one of each Pokémon
|rule|Item Clause: Limit 1 of each item
|clearpoke
|poke|p1|Blaziken, L50, M|
|poke|p1|Hydreigon, L50, F|
|poke|p1|Basculegion, L50, M|
|poke|p1|Whimsicott, L50, M|
|poke|p1|Farigiraf, L50, M|
|poke|p1|Metagross, L50|
|poke|p2|Kangaskhan, L50, F|
|poke|p2|Mawile, L50, M|
|poke|p2|Farigiraf, L50, M|
|poke|p2|Torkoal, L50, M|
|poke|p2|Pyroar, L50, M|
|poke|p2|Aerodactyl, L50, F|
|teampreview|4
|showteam|p1|Blaziken||Blazikenite|SpeedBoost|FlareBlitz,CloseCombat,RockSlide,Detect|Adamant||M|||50|]Hydreigon||ChoiceScarf|Levitate|DracoMeteor,DarkPulse,EarthPower,Snarl|Modest||F|||50|]Basculegion||LifeOrb|Adaptability|WaveCrash,LastRespects,AquaJet,Protect|Adamant||M|||50|]Whimsicott||FocusSash|Prankster|Moonblast,EnergyBall,Tailwind,Protect|Timid||M|||50|]Farigiraf||SitrusBerry|ArmorTail|Psychic,Thunderbolt,Roar,TrickRoom|Bold||M|||50|]Metagross||Metagrossite|ClearBody|PsychicFangs,IronHead,StompingTantrum,Protect|Jolly|||||50|
|showteam|p2|Kangaskhan||LifeOrb|Scrappy|FakeOut,DoubleEdge,HammerArm,IcePunch|Adamant||F|||50|]Mawile||Mawilite|Intimidate|SuckerPunch,PlayRough,SwordsDance,IronHead|Brave||M|||50|]Farigiraf||ColburBerry|ArmorTail|Thunderbolt,Psychic,TrickRoom,HelpingHand|Quiet||M|||50|]Torkoal||Charcoal|Drought|Eruption,WeatherBall,EarthPower,Protect|Quiet||M|||50|]Pyroar||Pyroarite|Unnerve|Protect,HeatWave,Overheat,SolarBeam|Timid||M|||50|]Aerodactyl||FocusSash|Unnerve|RockSlide,Tailwind,DualWingbeat,WideGuard|Jolly||F|||50|
|
|t:|1782428055
|teamsize|p1|4
|teamsize|p2|4
|start
|switch|p1a: Hydreigon|Hydreigon, L50, F|100/100
|switch|p1b: Metagross|Metagross, L50|100/100
|switch|p2a: Farigiraf|Farigiraf, L50, M|100/100
|switch|p2b: Kangaskhan|Kangaskhan, L50, F|100/100
|turn|1
|inactive|Battle timer is ON: inactive players will automatically lose when time's up. (requested by vilan333)
|
|t:|1782428084
|detailschange|p1b: Metagross|Metagross-Mega, L50
|-mega|p1b: Metagross|Metagross|Metagrossite
|move|p2b: Kangaskhan|Fake Out|p1a: Hydreigon
|-damage|p1a: Hydreigon|72/100
|-damage|p2b: Kangaskhan|90/100|[from] item: Life Orb
|cant|p1a: Hydreigon|flinch
|move|p1b: Metagross|Iron Head|p2a: Farigiraf
|-damage|p2a: Farigiraf|50/100y
|move|p2a: Farigiraf|Trick Room|p2a: Farigiraf
|-fieldstart|move: Trick Room|[of] p2a: Farigiraf
|
|upkeep
|turn|2
|inactive|steelag0 has 30 seconds left.
|inactive|steelag0 has 20 seconds left.
|inactive|steelag0 has 15 seconds left.
|inactive|steelag0 has 10 seconds left.
|
|t:|1782428131
|switch|p1a: Farigiraf|Farigiraf, L50, M|100/100
|move|p2a: Farigiraf|Thunderbolt|p1b: Metagross
|-damage|p1b: Metagross|73/100
|move|p2b: Kangaskhan|Hammer Arm|p1a: Farigiraf
|-damage|p1a: Farigiraf|68/100
|-unboost|p2b: Kangaskhan|spe|1
|-damage|p2b: Kangaskhan|80/100|[from] item: Life Orb
|move|p1b: Metagross|Iron Head|p2a: Farigiraf
|-damage|p2a: Farigiraf|0 fnt
|faint|p2a: Farigiraf
|
|upkeep
|
|t:|1782428146
|switch|p2a: Torkoal|Torkoal, L50, M|100/100
|-weather|SunnyDay|[from] ability: Drought|[of] p2a: Torkoal
|turn|3
|
|t:|1782428154
|move|p1b: Metagross|Protect|p1b: Metagross
|-singleturn|p1b: Metagross|Protect
|move|p2a: Torkoal|Eruption|p1a: Farigiraf|[spread] p1a
|-activate|p1b: Metagross|move: Protect
|-damage|p1a: Farigiraf|0 fnt
|faint|p1a: Farigiraf
|move|p2b: Kangaskhan|Double-Edge|p1b: Metagross
|-activate|p1b: Metagross|move: Protect
|
|-weather|SunnyDay|[upkeep]
|upkeep
|
|t:|1782428164
|switch|p1a: Hydreigon|Hydreigon, L50, F|72/100
|turn|4
|
|t:|1782428182
|move|p2a: Torkoal|Eruption|p1b: Metagross|[spread] p1a,p1b
|-resisted|p1a: Hydreigon|1
|-crit|p1a: Hydreigon
|-supereffective|p1b: Metagross|1
|-damage|p1a: Hydreigon|0 fnt
|-damage|p1b: Metagross|0 fnt
|faint|p1a: Hydreigon
|faint|p1b: Metagross
|move|p2b: Kangaskhan|Double-Edge|p1: Hydreigon|[notarget]
|-fail|p2b: Kangaskhan
|
|-weather|SunnyDay|[upkeep]
|upkeep
|
|t:|1782428192
|switch|p1b: Basculegion|Basculegion, L50, M|100/100
|turn|5
|
|t:|1782428201
|move|p1b: Basculegion|Protect|p1b: Basculegion
|-singleturn|p1b: Basculegion|Protect
|move|p2a: Torkoal|Weather Ball|p1b: Basculegion
|-activate|p1b: Basculegion|move: Protect
|move|p2b: Kangaskhan|Double-Edge|p1b: Basculegion
|-activate|p1b: Basculegion|move: Protect
|
|-weather|SunnyDay|[upkeep]
|-fieldend|move: Trick Room
|upkeep
|turn|6
|
|t:|1782428216
|switch|p2b: Mawile|Mawile, L50, M|100/100
|-ability|p2b: Mawile|Intimidate|boost
|-unboost|p1b: Basculegion|atk|1
|move|p1b: Basculegion|Wave Crash|p2b: Mawile
|-damage|p2b: Mawile|48/100
|-damage|p1b: Basculegion|86/100|[from] Recoil
|-damage|p1b: Basculegion|76/100|[from] item: Life Orb
|move|p2a: Torkoal|Weather Ball|p1b: Basculegion
|-resisted|p1b: Basculegion|1
|-damage|p1b: Basculegion|36/100
|
|-weather|SunnyDay|[upkeep]
|upkeep
|turn|7
|-message|steelag0 forfeited.
|
|win|vilan333
|raw|steelag0's rating: 1140 → 1120(-20 for losing)
|raw|vilan333's rating: 1206 → 1226(+20 for winning)
