|j|☆sbhaga34
|j|☆KPR21
|html|sbhaga34KPR21    
|uhtml|bestof|Game 2 of a best-of-3
|t:|1784343350
|gametype|doubles
|player|p1|sbhaga34|hugh|1358
|player|p2|KPR21|marshal|1218
|gen|9
|tier|[Gen 9 Champions] VGC 2026 Reg M-B (Bo3)
|rated|
|rule|Species Clause: Limit one of each Pokémon
|rule|Item Clause: Limit 1 of each item
|clearpoke
|poke|p1|Excadrill, L50, M|
|poke|p1|Tyranitar, L50, M|
|poke|p1|Corviknight, L50, F|
|poke|p1|Rotom-Wash, L50|
|poke|p1|Sinistcha, L50|
|poke|p1|Pyroar, L50, M|
|poke|p2|Tyranitar, L50, F|
|poke|p2|Excadrill, L50, M, shiny|
|poke|p2|Houndstone, L50, M|
|poke|p2|Staraptor, L50, M|
|poke|p2|Rotom-Wash, L50, shiny|
|poke|p2|Hydreigon, L50, F|
|teampreview|4
|showteam|p1|Excadrill||FocusSash|SandRush|Earthquake,IronHead,SwordsDance,Protect|Adamant||M|||50|]Tyranitar||Tyranitarite|SandStream|RockSlide,KnockOff,LowKick,Protect|Adamant||M|||50|]Corviknight||SharpBeak|MirrorArmor|BraveBird,Tailwind,BulkUp,Roost|Careful||F|||50|]Rotom-Wash||ChoiceScarf|Levitate|VoltSwitch,Thunderbolt,Electroweb,HydroPump|Timid|||||50|]Sinistcha||SitrusBerry|Hospitality|MatchaGotcha,TrickRoom,RagePowder,Protect|Calm|||||50|]Pyroar||Pyroarite|Unnerve|Overheat,HeatWave,Flamethrower,Protect|Timid||M|||50|
|showteam|p2|Tyranitar||Tyranitarite|SandStream|Protect,KnockOff,RockSlide,LowKick|Adamant||F|||50|]Excadrill||FocusSash|SandRush|Protect,Earthquake,IronHead,BrickBreak|Adamant||M|||50|]Houndstone||ColburBerry|SandRush|Protect,Snarl,WillOWisp,LastRespects|Jolly||M|||50|]Staraptor||Staraptite|Intimidate|Protect,Tailwind,CloseCombat,BraveBird|Adamant||M|||50|]Rotom-Wash||SitrusBerry|Levitate|Electroweb,HydroPump,Thunderbolt,WillOWisp|Modest|||||50|]Hydreigon||ChoiceScarf|Levitate|Snarl,DragonPulse,DarkPulse,HeatWave|Timid||F|||50|
|inactive|Battle timer is ON: inactive players will automatically lose when time's up. (requested by sbhaga34)
|inactive|KPR21 has 60 seconds left.
|
|t:|1784343414
|teamsize|p1|4
|teamsize|p2|4
|start
|switch|p1a: Corviknight|Corviknight, L50, F|100/100
|switch|p1b: Sinistcha|Sinistcha, L50|100/100
|switch|p2a: Tyranitar|Tyranitar, L50, F|100/100
|switch|p2b: Excadrill|Excadrill, L50, M, shiny|100/100
|-weather|Sandstorm|[from] ability: Sand Stream|[of] p2a: Tyranitar
|turn|1
|
|t:|1784343434
|detailschange|p2a: Tyranitar|Tyranitar-Mega, L50, F
|-mega|p2a: Tyranitar|Tyranitar|Tyranitarite
|move|p1b: Sinistcha|Protect|p1b: Sinistcha
|-singleturn|p1b: Sinistcha|Protect
|move|p2b: Excadrill|Brick Break|p1a: Corviknight
|-damage|p1a: Corviknight|74/100
|move|p2a: Tyranitar|Knock Off|p1a: Corviknight
|-damage|p1a: Corviknight|22/100
|-enditem|p1a: Corviknight|Sharp Beak|[from] move: Knock Off|[of] p2a: Tyranitar
|move|p1a: Corviknight|Tailwind|p1a: Corviknight
|-sidestart|p1: sbhaga34|move: Tailwind
|
|-weather|Sandstorm|[upkeep]
|-damage|p1b: Sinistcha|93/100|[from] Sandstorm
|upkeep
|turn|2
|inactive|sbhaga34 has 30 seconds left.
|inactive|KPR21 has 30 seconds left.
|
|t:|1784343467
|switch|p1a: Rotom|Rotom-Wash, L50|100/100
|move|p2b: Excadrill|Brick Break|p1a: Rotom
|-damage|p1a: Rotom|67/100
|move|p1b: Sinistcha|Matcha Gotcha|p2b: Excadrill|[spread] p2a,p2b
|-supereffective|p2a: Tyranitar|1
|-damage|p2a: Tyranitar|73/100
|-heal|p1b: Sinistcha|100/100|[from] drain|[of] p2a: Tyranitar
|-damage|p2b: Excadrill|65/100
|move|p2a: Tyranitar|Knock Off|p1b: Sinistcha
|-supereffective|p1b: Sinistcha|1
|-damage|p1b: Sinistcha|0 fnt
|-enditem|p1b: Sinistcha|Sitrus Berry|[from] move: Knock Off|[of] p2a: Tyranitar
|faint|p1b: Sinistcha
|
|-weather|Sandstorm|[upkeep]
|-damage|p1a: Rotom|61/100|[from] Sandstorm
|upkeep
|
|t:|1784343480
|switch|p1b: Corviknight|Corviknight, L50, F|22/100
|turn|3
|
|t:|1784343493
|move|p2b: Excadrill|Protect|p2b: Excadrill
|-singleturn|p2b: Excadrill|Protect
|move|p2a: Tyranitar|Protect|p2a: Tyranitar
|-singleturn|p2a: Tyranitar|Protect
|move|p1a: Rotom|Hydro Pump|p2a: Tyranitar
|-activate|p2a: Tyranitar|move: Protect
|move|p1b: Corviknight|Roost|p1b: Corviknight
|-heal|p1b: Corviknight|72/100
|-singleturn|p1b: Corviknight|move: Roost
|
|-weather|Sandstorm|[upkeep]
|-damage|p1a: Rotom|56/100|[from] Sandstorm
|upkeep
|turn|4
|inactive|KPR21 has 30 seconds left.
|
|t:|1784343522
|switch|p2b: Rotom|Rotom-Wash, L50, shiny|100/100
|move|p1a: Rotom|Hydro Pump|p2b: Rotom|[miss]
|-miss|p1a: Rotom|p2b: Rotom
|move|p1b: Corviknight|Bulk Up|p1b: Corviknight
|-boost|p1b: Corviknight|atk|1
|-boost|p1b: Corviknight|def|1
|move|p2a: Tyranitar|Knock Off|p1a: Rotom
|-crit|p1a: Rotom
|-damage|p1a: Rotom|0 fnt
|-enditem|p1a: Rotom|Choice Scarf|[from] move: Knock Off|[of] p2a: Tyranitar
|faint|p1a: Rotom
|
|-weather|Sandstorm|[upkeep]
|-damage|p2b: Rotom|94/100|[from] Sandstorm
|-sideend|p1: sbhaga34|move: Tailwind
|upkeep
|
|t:|1784343533
|switch|p1a: Tyranitar|Tyranitar, L50, M|100/100
|turn|5
|-message|sbhaga34 forfeited.
|
|win|KPR21
