|j|☆55runedark1
|j|☆DoctrPlague
|html|55runedark1DoctrPlague    
|uhtml|bestof|Game 3 of a best-of-3
|t:|1783736012
|gametype|doubles
|player|p1|55runedark1|miku-ground|
|player|p2|DoctrPlague|plasmagrunt|
|gen|9
|tier|[Gen 9 Champions] VGC 2026 Reg M-B (Bo3)
|rule|Species Clause: Limit one of each Pokémon
|rule|Item Clause: Limit 1 of each item
|raw|1 custom rule: !Force Open Team Sheets
|clearpoke
|poke|p1|Corviknight, L50, F|
|poke|p1|Mudsdale, L50, F|
|poke|p1|Floette-Eternal, L50, F|
|poke|p1|Toxapex, L50, F|
|poke|p1|Scrafty, L50, F|
|poke|p1|Dragonite, L50, F|
|poke|p2|Gengar, L50, M|
|poke|p2|Sinistcha, L50|
|poke|p2|Snorlax, L50, F|
|poke|p2|Mr. Rime, L50, F|
|poke|p2|Basculegion-F, L50, F|
|poke|p2|Lycanroc-Dusk, L50, M|
|teampreview|4
|
|t:|1783736030
|teamsize|p1|4
|teamsize|p2|4
|start
|switch|p1a: Puzzle And Dragons|Dragonite, L50, F|100/100
|switch|p1b: ZZZ|Scrafty, L50, F|100/100
|switch|p2a: Grimace Shake|Gengar, L50, M|100/100
|switch|p2b: British|Mr. Rime, L50, F|100/100
|-ability|p1b: ZZZ|Intimidate|boost
|-unboost|p2a: Grimace Shake|atk|1
|-unboost|p2b: British|atk|1
|turn|1
|
|t:|1783736062
|detailschange|p2a: Grimace Shake|Gengar-Mega, L50, M
|-mega|p2a: Grimace Shake|Gengar|Gengarite
|move|p1a: Puzzle And Dragons|Protect|p1a: Puzzle And Dragons
|-singleturn|p1a: Puzzle And Dragons|Protect
|move|p2b: British|Fake Out|p1a: Puzzle And Dragons
|-activate|p1a: Puzzle And Dragons|move: Protect
|move|p2a: Grimace Shake|Will-O-Wisp|p1b: ZZZ
|-status|p1b: ZZZ|brn
|move|p1b: ZZZ|Crunch|p2a: Grimace Shake
|-supereffective|p2a: Grimace Shake|1
|-crit|p2a: Grimace Shake
|-damage|p2a: Grimace Shake|35/100
|
|-damage|p1b: ZZZ|94/100 brn|[from] brn
|upkeep
|turn|2
|
|t:|1783736101
|detailschange|p1a: Puzzle And Dragons|Dragonite-Mega, L50, F
|-mega|p1a: Puzzle And Dragons|Dragonite|Dragoninite
|move|p2a: Grimace Shake|Protect|p2a: Grimace Shake
|-singleturn|p2a: Grimace Shake|Protect
|move|p1a: Puzzle And Dragons|Fire Blast|p2b: British
|-supereffective|p2b: British|1
|-damage|p2b: British|34/100
|move|p2b: British|Ice Beam|p1a: Puzzle And Dragons
|-supereffective|p1a: Puzzle And Dragons|2
|-damage|p1a: Puzzle And Dragons|42/100
|move|p1b: ZZZ|Crunch|p2b: British
|-supereffective|p2b: British|1
|-damage|p2b: British|1/100
|-unboost|p2b: British|def|1
|
|-damage|p1b: ZZZ|88/100 brn|[from] brn
|upkeep
|turn|3
|
|t:|1783736148
|move|p2a: Grimace Shake|Dazzling Gleam|p1b: ZZZ|[spread] p1a,p1b
|-supereffective|p1a: Puzzle And Dragons|1
|-supereffective|p1b: ZZZ|2
|-enditem|p1b: ZZZ|Roseli Berry|[eat]
|-enditem|p1b: ZZZ|Roseli Berry|[weaken]
|-damage|p1a: Puzzle And Dragons|5/100
|-damage|p1b: ZZZ|45/100 brn
|move|p1a: Puzzle And Dragons|Fire Blast|p2b: British
|-supereffective|p2b: British|1
|-damage|p2b: British|0 fnt
|faint|p2b: British
|move|p1b: ZZZ|Crunch|p2a: Grimace Shake
|-supereffective|p2a: Grimace Shake|1
|-damage|p2a: Grimace Shake|0 fnt
|faint|p2a: Grimace Shake
|
|-damage|p1b: ZZZ|39/100 brn|[from] brn
|upkeep
|
|t:|1783736168
|switch|p2a: Dogmeat|Lycanroc-Dusk, L50, M|100/100
|switch|p2b: Bait&Tackle|Basculegion-F, L50, F|100/100
|turn|4
|
|t:|1783736180
|move|p1a: Puzzle And Dragons|Protect|p1a: Puzzle And Dragons
|-singleturn|p1a: Puzzle And Dragons|Protect
|move|p1b: ZZZ|Protect|p1b: ZZZ
|-singleturn|p1b: ZZZ|Protect
|move|p2b: Bait&Tackle|Aqua Jet|p1a: Puzzle And Dragons
|-activate|p1a: Puzzle And Dragons|move: Protect
|move|p2a: Dogmeat|Close Combat|p1b: ZZZ
|-activate|p1b: ZZZ|move: Protect
|
|-damage|p1b: ZZZ|33/100 brn|[from] brn
|upkeep
|turn|5
|c|☆DoctrPlague|songs almost over,cmon
|
|t:|1783736260
|move|p2b: Bait&Tackle|Aqua Jet|p1b: ZZZ
|-crit|p1b: ZZZ
|-damage|p1b: ZZZ|1/100 brn
|-damage|p2b: Bait&Tackle|90/100|[from] item: Life Orb
|move|p2a: Dogmeat|Rock Slide|p1a: Puzzle And Dragons|[spread] p1a,p1b
|-supereffective|p1a: Puzzle And Dragons|1
|-resisted|p1b: ZZZ|1
|-damage|p1a: Puzzle And Dragons|0 fnt
|-damage|p1b: ZZZ|0 fnt
|faint|p1a: Puzzle And Dragons
|faint|p1b: ZZZ
|
|upkeep
|
|t:|1783736270
|switch|p1a: Uma|Mudsdale, L50, F|100/100
|switch|p1b: Arknights|Corviknight, L50, F|100/100
|-ability|p1b: Arknights|Unnerve
|turn|6
|
|t:|1783736295
|move|p2a: Dogmeat|Protect|p2a: Dogmeat
|-singleturn|p2a: Dogmeat|Protect
|move|p2b: Bait&Tackle|Wave Crash|p1a: Uma
|-supereffective|p1a: Uma|1
|-damage|p1a: Uma|0 fnt
|faint|p1a: Uma
|-damage|p2b: Bait&Tackle|60/100|[from] Recoil
|-damage|p2b: Bait&Tackle|50/100g|[from] item: Life Orb
|move|p1b: Arknights|Brave Bird|p2b: Bait&Tackle
|-damage|p2b: Bait&Tackle|0 fnt
|faint|p2b: Bait&Tackle
|-damage|p1b: Arknights|81/100|[from] Recoil
|
|upkeep
|turn|7
|
|t:|1783736318
|move|p2a: Dogmeat|Rock Slide|p1b: Arknights
|-damage|p1b: Arknights|49/100
|move|p1b: Arknights|Iron Head|p2a: Dogmeat
|-supereffective|p2a: Dogmeat|1
|-crit|p2a: Dogmeat
|-enditem|p2a: Dogmeat|Focus Sash
|-damage|p2a: Dogmeat|1/100
|
|upkeep
|turn|8
|
|t:|1783736331
|move|p2a: Dogmeat|Rock Slide|p1b: Arknights|[miss]
|-miss|p2a: Dogmeat|p1b: Arknights
|move|p1b: Arknights|Iron Head|p2a: Dogmeat
|-supereffective|p2a: Dogmeat|1
|-crit|p2a: Dogmeat
|-damage|p2a: Dogmeat|0 fnt
|faint|p2a: Dogmeat
|
|win|55runedark1
