|j|☆lettitripppp
|j|☆Pokemonkey25
|html|lettitrippppPokemonkey25    
|uhtml|bestof|Game 2 of a best-of-3
|t:|1785008599
|gametype|doubles
|player|p1|lettitripppp|lucas|1187
|player|p2|Pokemonkey25|swimmerf|1157
|gen|9
|tier|[Gen 9 Champions] VGC 2026 Reg M-B (Bo3)
|rated|
|rule|Species Clause: Limit one of each Pokémon
|rule|Item Clause: Limit 1 of each item
|clearpoke
|poke|p1|Charizard, L50, F, shiny|
|poke|p1|Basculegion, L50, M, shiny|
|poke|p1|Pelipper, L50, F|
|poke|p1|Venusaur, L50, F|
|poke|p1|Archaludon, L50, F|
|poke|p1|Grimmsnarl, L50, M, shiny|
|poke|p2|Sinistcha, L50|
|poke|p2|Pelipper, L50, F|
|poke|p2|Grimmsnarl, L50, M|
|poke|p2|Maushold-Four, L50|
|poke|p2|Lucario, L50, F, shiny|
|poke|p2|Blastoise, L50, M|
|teampreview|4
|showteam|p1|Charizard||CharizarditeY|Blaze|WeatherBall,SolarBeam,HeatWave,Protect|Modest||F|||50|]Basculegion||ChoiceScarf|Adaptability|LastRespects,WaveCrash,FlipTurn,AquaJet|Jolly||M|||50|]Pelipper||SitrusBerry|Drizzle|WeatherBall,WideGuard,Hurricane,Tailwind|Modest||F|||50|]Venusaur||FocusSash|Chlorophyll|SleepPowder,SludgeBomb,EarthPower,Protect|Timid||F|||50|]Archaludon||Leftovers|Stamina|FlashCannon,DragonPulse,ElectroShot,Protect|Calm||F|||50|]Grimmsnarl||LightClay|Prankster|PartingShot,LightScreen,SpiritBreak,Reflect|Relaxed||M|||50|
|showteam|p2|Sinistcha||BrightPowder|Hospitality|RagePowder,MatchaGotcha,LifeDew,ShadowBall|Calm|||||50|]Pelipper||LifeOrb|Drizzle|WideGuard,MuddyWater,Hurricane,Tailwind|Modest||F|||50|]Grimmsnarl||LightClay|Prankster|LightScreen,Reflect,Taunt,PartingShot|Careful||M|||50|]Maushold-Four||ChopleBerry|FriendGuard|FollowMe,BeatUp,SuperFang,Protect|Impish|||||50|]Lucario||Lucarionite|Justified|ExtremeSpeed,Detect,DrainPunch,MeteorMash|Careful||F|||50|]Blastoise||Blastoisinite|RainDish|ShellSmash,DarkPulse,WaterSpout,Protect|Modest||M|||50|
|inactive|Battle timer is ON: inactive players will automatically lose when time's up. (requested by lettitripppp)
|
|t:|1785008613
|teamsize|p1|4
|teamsize|p2|4
|start
|switch|p1a: AGNI|Charizard, L50, F, shiny|100/100
|switch|p1b: GO JOHAN|Grimmsnarl, L50, M, shiny|100/100
|switch|p2a: imp or tint|Grimmsnarl, L50, M|100/100
|switch|p2b: Turtle|Blastoise, L50, M|100/100
|turn|1
|
|t:|1785008629
|detailschange|p1a: AGNI|Charizard-Mega-Y, L50, F, shiny
|-mega|p1a: AGNI|Charizard|Charizardite Y
|-weather|SunnyDay|[from] ability: Drought|[of] p1a: AGNI
|detailschange|p2b: Turtle|Blastoise-Mega, L50, M
|-mega|p2b: Turtle|Blastoise|Blastoisinite
|move|p2a: imp or tint|Light Screen|p2a: imp or tint
|-sidestart|p2: Pokemonkey25|move: Light Screen
|move|p1b: GO JOHAN|Light Screen|p1b: GO JOHAN
|-sidestart|p1: lettitripppp|move: Light Screen
|move|p1a: AGNI|Heat Wave|p2b: Turtle|[spread] p2a,p2b
|-resisted|p2b: Turtle|1
|-damage|p2a: imp or tint|63/100
|-damage|p2b: Turtle|82/100
|move|p2b: Turtle|Shell Smash|p2b: Turtle
|-unboost|p2b: Turtle|def|1
|-unboost|p2b: Turtle|spd|1
|-boost|p2b: Turtle|atk|2
|-boost|p2b: Turtle|spa|2
|-boost|p2b: Turtle|spe|2
|
|-weather|SunnyDay|[upkeep]
|upkeep
|turn|2
|inactive|Pokemonkey25 has 30 seconds left.
|
|t:|1785008659
|switch|p1a: SOFT-SLEEP|Venusaur, L50, F|100/100
|switch|p2a: mine|Pelipper, L50, F|100/100
|-weather|RainDance|[from] ability: Drizzle|[of] p2a: mine
|move|p1b: GO JOHAN|Parting Shot|p2b: Turtle
|-unboost|p2b: Turtle|atk|1
|-unboost|p2b: Turtle|spa|1
|
|t:|1785008668
|switch|p1b: AGNI|Charizard-Mega-Y, L50, F, shiny|100/100|[from] Parting Shot
|-weather|SunnyDay|[from] ability: Drought|[of] p1b: AGNI
|move|p2b: Turtle|Water Spout|p1b: AGNI|[spread] p1a,p1b
|-resisted|p1a: SOFT-SLEEP|1
|-supereffective|p1b: AGNI|1
|-damage|p1a: SOFT-SLEEP|85/100
|-damage|p1b: AGNI|52/100
|
|-weather|SunnyDay|[upkeep]
|upkeep
|turn|3
|
|t:|1785008682
|switch|p2a: starbucks|Sinistcha, L50|100/100
|-heal|p2b: Turtle|100/100|[from] ability: Hospitality|[of] p2a: starbucks
|move|p2b: Turtle|Protect|p2b: Turtle
|-singleturn|p2b: Turtle|Protect
|move|p1a: SOFT-SLEEP|Sleep Powder|p2a: starbucks
|-immune|p2a: starbucks
|move|p1b: AGNI|Solar Beam||[still]
|-prepare|p1b: AGNI|Solar Beam
|-anim|p1b: AGNI|Solar Beam|p2b: Turtle
|-activate|p2b: Turtle|move: Protect
|
|-weather|SunnyDay|[upkeep]
|upkeep
|turn|4
|
|t:|1785008705
|switch|p1b: GO JOHAN|Grimmsnarl, L50, M, shiny|100/100
|switch|p2a: mine|Pelipper, L50, F|100/100
|-weather|RainDance|[from] ability: Drizzle|[of] p2a: mine
|move|p2b: Turtle|Water Spout|p1a: SOFT-SLEEP|[spread] p1a,p1b
|-resisted|p1a: SOFT-SLEEP|1
|-damage|p1a: SOFT-SLEEP|33/100
|-damage|p1b: GO JOHAN|11/100
|move|p1a: SOFT-SLEEP|Sleep Powder|p2b: Turtle
|-status|p2b: Turtle|slp|[from] move: Sleep Powder
|
|-weather|RainDance|[upkeep]
|upkeep
|turn|5
|
|t:|1785008730
|cant|p2b: Turtle|slp
|move|p1b: GO JOHAN|Parting Shot|p2b: Turtle
|-unboost|p2b: Turtle|atk|1
|-unboost|p2b: Turtle|spa|1
|
|t:|1785008735
|switch|p1b: AGNI|Charizard-Mega-Y, L50, F, shiny|52/100|[from] Parting Shot
|-weather|SunnyDay|[from] ability: Drought|[of] p1b: AGNI
|move|p1a: SOFT-SLEEP|Sleep Powder|p2a: mine
|-status|p2a: mine|slp|[from] move: Sleep Powder
|cant|p2a: mine|slp
|
|-weather|SunnyDay|[upkeep]
|upkeep
|turn|6
|
|t:|1785008753
|switch|p2a: imp or tint|Grimmsnarl, L50, M|63/100
|cant|p2b: Turtle|slp
|move|p1a: SOFT-SLEEP|Sludge Bomb|p2b: Turtle
|-damage|p2b: Turtle|61/100 slp
|move|p1b: AGNI|Solar Beam||[still]
|-prepare|p1b: AGNI|Solar Beam
|-anim|p1b: AGNI|Solar Beam|p2b: Turtle
|-supereffective|p2b: Turtle|1
|-damage|p2b: Turtle|0 fnt
|faint|p2b: Turtle
|
|-weather|SunnyDay|[upkeep]
|upkeep
|
|t:|1785008768
|switch|p2b: mine|Pelipper, L50, F|100/100 slp
|-weather|RainDance|[from] ability: Drizzle|[of] p2b: mine
|turn|7
|
|t:|1785008780
|switch|p1b: GO JOHAN|Grimmsnarl, L50, M, shiny|11/100
|move|p2a: imp or tint|Taunt|p1a: SOFT-SLEEP
|-start|p1a: SOFT-SLEEP|move: Taunt
|cant|p1a: SOFT-SLEEP|move: Taunt|Sleep Powder
|-curestatus|p2b: mine|slp|[msg]
|move|p2b: mine|Muddy Water|p1b: GO JOHAN|[spread] p1a,p1b
|-resisted|p1a: SOFT-SLEEP|1
|-damage|p1a: SOFT-SLEEP|14/100
|-damage|p1b: GO JOHAN|0 fnt
|faint|p1b: GO JOHAN
|-damage|p2b: mine|90/100|[from] item: Life Orb
|
|-weather|RainDance|[upkeep]
|upkeep
|
|t:|1785008790
|switch|p1b: AGNI|Charizard-Mega-Y, L50, F, shiny|52/100
|-weather|SunnyDay|[from] ability: Drought|[of] p1b: AGNI
|turn|8
|
|t:|1785008809
|switch|p2b: starbucks|Sinistcha, L50|100/100
|-heal|p2a: imp or tint|88/100|[from] ability: Hospitality|[of] p2b: starbucks
|move|p2a: imp or tint|Parting Shot|p1b: AGNI
|-unboost|p1b: AGNI|atk|1
|-unboost|p1b: AGNI|spa|1
|
|t:|1785008816
|switch|p2a: mine|Pelipper, L50, F|90/100|[from] Parting Shot
|-weather|RainDance|[from] ability: Drizzle|[of] p2a: mine
|move|p1a: SOFT-SLEEP|Sludge Bomb|p2a: mine
|-damage|p2a: mine|56/100
|move|p1b: AGNI|Weather Ball|p2a: mine
|-resisted|p2a: mine|1
|-damage|p2a: mine|41/100
|
|-weather|RainDance|[upkeep]
|-sideend|p1: lettitripppp|move: Light Screen
|-sideend|p2: Pokemonkey25|move: Light Screen
|upkeep
|turn|9
|
|t:|1785008840
|move|p2b: starbucks|Rage Powder|p2b: starbucks
|-singleturn|p2b: starbucks|move: Rage Powder
|move|p1a: SOFT-SLEEP|Sludge Bomb|p2a: mine
|-damage|p2a: mine|0 fnt
|faint|p2a: mine
|move|p1b: AGNI|Weather Ball|p2b: starbucks
|-resisted|p2b: starbucks|1
|-damage|p2b: starbucks|85/100
|
|-weather|RainDance|[upkeep]
|-end|p1a: SOFT-SLEEP|move: Taunt
|upkeep
|
|t:|1785008852
|switch|p2a: imp or tint|Grimmsnarl, L50, M|88/100
|turn|10
|
|t:|1785008868
|switch|p1b: GHOSTWAVE|Basculegion, L50, M, shiny|100/100
|move|p2a: imp or tint|Taunt|p1a: SOFT-SLEEP
|-start|p1a: SOFT-SLEEP|move: Taunt
|move|p1a: SOFT-SLEEP|Sludge Bomb|p2a: imp or tint
|-supereffective|p2a: imp or tint|1
|-damage|p2a: imp or tint|19/100
|move|p2b: starbucks|Shadow Ball|p1a: SOFT-SLEEP
|-damage|p1a: SOFT-SLEEP|0 fnt
|faint|p1a: SOFT-SLEEP
|
|-weather|RainDance|[upkeep]
|upkeep
|
|t:|1785008880
|switch|p1a: AGNI|Charizard-Mega-Y, L50, F, shiny|52/100
|-weather|SunnyDay|[from] ability: Drought|[of] p1a: AGNI
|turn|11
|
|t:|1785008892
|move|p2a: imp or tint|Light Screen|p2a: imp or tint
|-sidestart|p2: Pokemonkey25|move: Light Screen
|move|p1b: GHOSTWAVE|Last Respects|p2b: starbucks
|-supereffective|p2b: starbucks|1
|-damage|p2b: starbucks|0 fnt
|faint|p2b: starbucks
|move|p1a: AGNI|Weather Ball|p2a: imp or tint
|-damage|p2a: imp or tint|0 fnt
|faint|p2a: imp or tint
|
|win|lettitripppp
||Pokemonkey25 is ready for game 3.
|inactive|lettitripppp has 30 seconds to confirm battle start!
||lettitripppp is ready for game 3.
|uhtml|next|Next: Game 3 of 3
