|j|☆Fedex 27
|j|☆EnzoPS
|html|Fedex 27EnzoPS    
|uhtml|bestof|Game 3 of a best-of-3
|t:|1756236072
|gametype|doubles
|player|p1|Fedex 27|will|1108
|player|p2|EnzoPS|cynthia-gen4|1137
|gen|9
|tier|[Gen 9] VGC 2025 Reg H (Bo3)
|rated|
|rule|Species Clause: Limit one of each Pokémon
|rule|Item Clause: Limit 1 of each item
|clearpoke
|poke|p1|Whimsicott, L50, F|
|poke|p1|Annihilape, L50, F|
|poke|p1|Pelipper, L50, M|
|poke|p1|Archaludon, L50, F|
|poke|p1|Sneasler, L50, F|
|poke|p1|Indeedee, L50, M|
|poke|p2|Pelipper, L50, M|
|poke|p2|Amoonguss, L50, M|
|poke|p2|Archaludon, L50, F|
|poke|p2|Basculegion, L50, M|
|poke|p2|Gholdengo, L50|
|poke|p2|Incineroar, L50, M|
|teampreview|4
|showteam|p1|Whimsicott||FocusSash|Prankster|Tailwind,Taunt,Moonblast,BeatUp|||F|||50|,,,,,Ghost]Annihilape||AssaultVest|Defiant|RageFist,CloseCombat,RockSlide,DrainPunch|||F|||50|,,,,,Fire]Pelipper||CovertCloak|Drizzle|Tailwind,Hurricane,WeatherBall,Protect|||M|||50|,,,,,Ground]Archaludon||LifeOrb|Stamina|ElectroShot,Protect,DracoMeteor,BodyPress|||F|||50|,,,,,Stellar]Sneasler||PsychicSeed|Unburden|Acrobatics,CloseCombat,DireClaw,ThroatChop|||F|||50|,,,,,Dark]Indeedee||ChoiceSpecs|PsychicSurge|ExpandingForce,Imprison,TrickRoom,Trick|||M|||50|,,,,,Psychic
|showteam|p2|Pelipper||FocusSash|Drizzle|Protect,WeatherBall,Hurricane,Tailwind|||M|||50|,,,,,Ground]Amoonguss||SitrusBerry|Regenerator|Protect,Spore,RagePowder,PollenPuff|||M|||50|,,,,,Water]Archaludon||AssaultVest|Stamina|DragonPulse,ElectroShot,FlashCannon,BodyPress|||F|||50|,,,,,Grass]Basculegion||ChoiceBand|SwiftSwim|FlipTurn,WaveCrash,AquaJet,LastRespects|||M|||50|,,,,,Grass]Gholdengo||LifeOrb|GoodasGold|Protect,MakeItRain,ShadowBall,NastyPlot||||||50|,,,,,Water]Incineroar||SafetyGoggles|Intimidate|FlareBlitz,KnockOff,PartingShot,FakeOut|||M|||50|,,,,,Ghost
|inactive|Battle timer is ON: inactive players will automatically lose when time's up. (requested by Fedex 27)
|
|t:|1756236103
|teamsize|p1|4
|teamsize|p2|4
|start
|switch|p1a: Whimsicott|Whimsicott, L50, F|100/100
|switch|p1b: Archaludon|Archaludon, L50, F|100/100
|switch|p2a: Archaludon|Archaludon, L50, F|100/100
|switch|p2b: Pelipper|Pelipper, L50, M|100/100
|-weather|RainDance|[from] ability: Drizzle|[of] p2b: Pelipper
|turn|1
|
|t:|1756236126
|move|p1a: Whimsicott|Tailwind|p1a: Whimsicott
|-sidestart|p1: Fedex 27|move: Tailwind
|move|p1b: Archaludon|Draco Meteor|p2a: Archaludon
|-damage|p2a: Archaludon|34/100
|-unboost|p1b: Archaludon|spa|2
|-ability|p2a: Archaludon|Stamina|boost
|-boost|p2a: Archaludon|def|1
|-damage|p1b: Archaludon|91/100|[from] item: Life Orb
|move|p2a: Archaludon|Flash Cannon|p1a: Whimsicott
|-supereffective|p1a: Whimsicott
|-enditem|p1a: Whimsicott|Focus Sash
|-damage|p1a: Whimsicott|1/100
|move|p2b: Pelipper|Tailwind|p2b: Pelipper
|-sidestart|p2: EnzoPS|move: Tailwind
|
|-weather|RainDance|[upkeep]
|upkeep
|turn|2
|inactive|EnzoPS has 30 seconds left.
|inactive|EnzoPS has 20 seconds left.
|
|t:|1756236163
|switch|p2a: Amoonguss|Amoonguss, L50, M|100/100
|move|p1a: Whimsicott|Moonblast|p2a: Amoonguss
|-resisted|p2a: Amoonguss
|-damage|p2a: Amoonguss|86/100
|move|p1b: Archaludon|Electro Shot||[still]
|-prepare|p1b: Archaludon|Electro Shot
|-boost|p1b: Archaludon|spa|1
|-anim|p1b: Archaludon|Electro Shot|p2b: Pelipper
|-supereffective|p2b: Pelipper
|-enditem|p2b: Pelipper|Focus Sash
|-damage|p2b: Pelipper|1/100
|-damage|p1b: Archaludon|81/100|[from] item: Life Orb
|move|p2b: Pelipper|Hurricane|p1a: Whimsicott
|-supereffective|p1a: Whimsicott
|-damage|p1a: Whimsicott|0 fnt
|faint|p1a: Whimsicott
|
|-weather|RainDance|[upkeep]
|upkeep
|inactive|Fedex 27 has 30 seconds left.
|
|t:|1756236190
|switch|p1a: Sneasler|Sneasler, L50, F|100/100
|turn|3
|inactive|EnzoPS has 30 seconds left.
|inactive|EnzoPS has 20 seconds left.
|
|t:|1756236228
|move|p2b: Pelipper|Protect|p2b: Pelipper
|-singleturn|p2b: Pelipper|Protect
|move|p1a: Sneasler|Acrobatics|p2a: Amoonguss
|-supereffective|p2a: Amoonguss
|-damage|p2a: Amoonguss|56/100
|move|p1b: Archaludon|Draco Meteor|p2a: Amoonguss|[miss]
|-miss|p1b: Archaludon|p2a: Amoonguss
|move|p2a: Amoonguss|Spore|p1a: Sneasler
|-status|p1a: Sneasler|slp|[from] move: Spore
|
|-weather|RainDance|[upkeep]
|upkeep
|turn|4
|
|t:|1756236248
|switch|p2b: Archaludon|Archaludon, L50, F|34/100
|cant|p1a: Sneasler|slp
|move|p1b: Archaludon|Draco Meteor|p2a: Amoonguss
|-damage|p2a: Amoonguss|0 fnt
|-unboost|p1b: Archaludon|spa|2
|faint|p2a: Amoonguss
|-damage|p1b: Archaludon|72/100|[from] item: Life Orb
|
|-weather|RainDance|[upkeep]
|-sideend|p1: Fedex 27|move: Tailwind
|-sideend|p2: EnzoPS|move: Tailwind
|upkeep
|
|t:|1756236258
|switch|p2a: Gholdengo|Gholdengo, L50|100/100
|turn|5
|
|t:|1756236280
|cant|p1a: Sneasler|slp
|move|p2a: Gholdengo|Nasty Plot|p2a: Gholdengo
|-boost|p2a: Gholdengo|spa|2
|move|p1b: Archaludon|Body Press|p2b: Archaludon
|-supereffective|p2b: Archaludon
|-crit|p2b: Archaludon
|-damage|p2b: Archaludon|0 fnt
|faint|p2b: Archaludon
|-damage|p1b: Archaludon|62/100|[from] item: Life Orb
|
|-weather|none
|upkeep
|
|t:|1756236290
|switch|p2b: Pelipper|Pelipper, L50, M|1/100
|-weather|RainDance|[from] ability: Drizzle|[of] p2b: Pelipper
|turn|6
|
|t:|1756236302
|-terastallize|p2a: Gholdengo|Water
|move|p1b: Archaludon|Protect|p1b: Archaludon
|-singleturn|p1b: Archaludon|Protect
|-curestatus|p1a: Sneasler|slp|[msg]
|move|p1a: Sneasler|Throat Chop|p2a: Gholdengo
|-damage|p2a: Gholdengo|71/100
|-start|p2a: Gholdengo|Throat Chop|[silent]
|move|p2a: Gholdengo|Shadow Ball|p1b: Archaludon
|-activate|p1b: Archaludon|move: Protect
|move|p2b: Pelipper|Tailwind|p2b: Pelipper
|-sidestart|p2: EnzoPS|move: Tailwind
|
|-weather|RainDance|[upkeep]
|upkeep
|turn|7
|inactive|Fedex 27 has 30 seconds left.
|inactive|EnzoPS has 30 seconds left.
|inactive|Fedex 27 has 20 seconds left.
|inactive|EnzoPS has 20 seconds left.
|
|t:|1756236341
|move|p2a: Gholdengo|Nasty Plot|p2a: Gholdengo
|-boost|p2a: Gholdengo|spa|2
|move|p2b: Pelipper|Hurricane|p1a: Sneasler
|-supereffective|p1a: Sneasler
|-damage|p1a: Sneasler|0 fnt
|faint|p1a: Sneasler
|move|p1b: Archaludon|Electro Shot||[still]
|-prepare|p1b: Archaludon|Electro Shot
|-boost|p1b: Archaludon|spa|1
|-anim|p1b: Archaludon|Electro Shot|p2b: Pelipper
|-supereffective|p2b: Pelipper
|-damage|p2b: Pelipper|0 fnt
|faint|p2b: Pelipper
|-damage|p1b: Archaludon|52/100|[from] item: Life Orb
|
|-weather|RainDance|[upkeep]
|-end|p2a: Gholdengo|Throat Chop|[silent]
|upkeep
|
|t:|1756236354
|switch|p1a: Annihilape|Annihilape, L50, F|100/100
|turn|8
|
|t:|1756236367
|-terastallize|p1a: Annihilape|Fire
|move|p1b: Archaludon|Protect|p1b: Archaludon
|-singleturn|p1b: Archaludon|Protect
|move|p2a: Gholdengo|Shadow Ball|p1b: Archaludon
|-activate|p1b: Archaludon|move: Protect
|move|p1a: Annihilape|Close Combat|p2a: Gholdengo
|-damage|p2a: Gholdengo|6/100
|-unboost|p1a: Annihilape|def|1
|-unboost|p1a: Annihilape|spd|1
|
|-weather|RainDance|[upkeep]
|upkeep
|turn|9
|
|t:|1756236389
|move|p2a: Gholdengo|Make It Rain|p1b: Archaludon|[spread] p1a,p1b
|-resisted|p1a: Annihilape
|-resisted|p1b: Archaludon
|-damage|p1a: Annihilape|22/100
|-damage|p1b: Archaludon|0 fnt
|-unboost|p2a: Gholdengo|spa|1
|faint|p1b: Archaludon
|-damage|p2a: Gholdengo|0 fnt|[from] item: Life Orb
|faint|p2a: Gholdengo
|
|win|Fedex 27
|raw|Fedex 27's rating: 1108 → 1135(+27 for winning)
|raw|EnzoPS's rating: 1137 → 1110(-27 for losing)
