|j|☆Gestral
|j|☆Crystneel
|html|GestralCrystneel    
|uhtml|bestof|Game 2 of a best-of-3
|t:|1756924872
|gametype|doubles
|player|p1|Gestral|170|1094
|player|p2|Crystneel|101|1081
|gen|9
|tier|[Gen 9] VGC 2025 Reg H (Bo3)
|rated|
|rule|Species Clause: Limit one of each Pokémon
|rule|Item Clause: Limit 1 of each item
|clearpoke
|poke|p1|Sneasler, L50, F|
|poke|p1|Kingambit, L50, F|
|poke|p1|Garchomp, L50, M|
|poke|p1|Gholdengo, L50|
|poke|p1|Murkrow, L50, F|
|poke|p1|Incineroar, L50, M|
|poke|p2|Volcarona, L50, F|
|poke|p2|Electabuzz, L50, F|
|poke|p2|Sneasler, L50, M|
|poke|p2|Rillaboom, L50, F|
|poke|p2|Dragonite, L50, F|
|poke|p2|Ursaluna-Bloodmoon, L50, M|
|teampreview|4
|showteam|p1|Sneasler||FocusSash|PoisonTouch|FakeOut,CloseCombat,DireClaw,Protect|||F|||50|,,,,,Flying]Kingambit||AssaultVest|Defiant|LowKick,KowtowCleave,SuckerPunch,IronHead|||F|||50|,,,,,Dark]Garchomp||LifeOrb|RoughSkin|StompingTantrum,Earthquake,DragonClaw,Protect|||M|||50|,,,,,Ground]Gholdengo||Leftovers|GoodasGold|NastyPlot,ShadowBall,MakeItRain,Protect||||||50|,,,,,Steel]Murkrow||CovertCloak|Prankster|Tailwind,Haze,FoulPlay,Protect|||F|||50|,,,,,Dark]Incineroar||SitrusBerry|Intimidate|FlareBlitz,KnockOff,FakeOut,PartingShot|||M|||50|,,,,,Ghost
|showteam|p2|Volcarona||Leftovers|FlameBody|FieryDance,QuiverDance,GigaDrain,Protect|||F|||50|,,,,,Water]Electabuzz||Eviolite|Static|FollowMe,Electroweb,VoltSwitch,Taunt|||F|||50|,,,,,Fairy]Sneasler||GrassySeed|Unburden|DireClaw,CloseCombat,ThroatChop,Protect|||M|||50|,,,,,Dark]Rillaboom||AssaultVest|GrassySurge|FakeOut,GrassyGlide,WoodHammer,Uturn|||F|||50|,,,,,Fire]Dragonite||LoadedDice|Multiscale|ExtremeSpeed,ScaleShot,IceSpinner,LowKick|||F|||50|,,,,,Normal]Ursaluna-Bloodmoon||ThroatSpray|MindsEye|BloodMoon,HyperVoice,EarthPower,Protect|||M|||50|,,,,,Poison
|inactive|Battle timer is ON: inactive players will automatically lose when time's up. (requested by Crystneel)
|
|t:|1756924905
|teamsize|p1|4
|teamsize|p2|4
|start
|switch|p1a: Garchomp|Garchomp, L50, M|100/100
|switch|p1b: Sneasler|Sneasler, L50, F, shiny|100/100
|switch|p2a: Dragonite|Dragonite, L50, F|100/100
|switch|p2b: Electabuzz|Electabuzz, L50, F|100/100
|turn|1
|inactive|Crystneel has 30 seconds left.
|
|t:|1756924932
|switch|p1a: Incineroar|Incineroar, L50, M, shiny|100/100
|-ability|p1a: Incineroar|Intimidate|boost
|-unboost|p2a: Dragonite|atk|1
|-unboost|p2b: Electabuzz|atk|1
|switch|p2a: Volcarona|Volcarona, L50, F|100/100
|move|p1b: Sneasler|Dire Claw|p2a: Volcarona
|-damage|p2a: Volcarona|53/100
|-status|p2a: Volcarona|slp
|-status|p1b: Sneasler|brn|[from] ability: Flame Body|[of] p2a: Volcarona
|move|p2b: Electabuzz|Volt Switch|p1b: Sneasler
|-damage|p1b: Sneasler|70/100 brn
|
|t:|1756924950
|switch|p2b: Rillaboom|Rillaboom, L50, F|100/100|[from] Volt Switch
|-fieldstart|move: Grassy Terrain|[from] ability: Grassy Surge|[of] p2b: Rillaboom
|
|-heal|p1b: Sneasler|75/100 brn|[from] Grassy Terrain
|-heal|p2a: Volcarona|59/100 slp|[from] Grassy Terrain
|-heal|p2a: Volcarona|64/100 slp|[from] item: Leftovers
|-damage|p1b: Sneasler|70/100 brn|[from] brn
|upkeep
|turn|2
|
|t:|1756924968
|-terastallize|p1a: Incineroar|Ghost
|move|p2b: Rillaboom|Fake Out|p1b: Sneasler
|-damage|p1b: Sneasler|45/100 brn
|cant|p1b: Sneasler|flinch
|cant|p2a: Volcarona|slp
|move|p1a: Incineroar|Knock Off|p2a: Volcarona
|-damage|p2a: Volcarona|15/100 slp
|-enditem|p2a: Volcarona|Leftovers|[from] move: Knock Off|[of] p1a: Incineroar
|
|-heal|p1b: Sneasler|51/100 brn|[from] Grassy Terrain
|-heal|p2a: Volcarona|21/100 slp|[from] Grassy Terrain
|-damage|p1b: Sneasler|45/100 brn|[from] brn
|upkeep
|turn|3
|
|t:|1756924986
|move|p1b: Sneasler|Dire Claw|p2b: Rillaboom
|-supereffective|p2b: Rillaboom
|-damage|p2b: Rillaboom|58/100
|cant|p2a: Volcarona|slp
|move|p2b: Rillaboom|Wood Hammer|p1a: Incineroar
|-damage|p1a: Incineroar|15/100
|-enditem|p1a: Incineroar|Sitrus Berry|[eat]
|-heal|p1a: Incineroar|40/100|[from] item: Sitrus Berry
|-damage|p2b: Rillaboom|30/100|[from] Recoil
|move|p1a: Incineroar|Flare Blitz|p2a: Volcarona
|-crit|p2a: Volcarona
|-damage|p2a: Volcarona|0 fnt
|-status|p1a: Incineroar|brn|[from] ability: Flame Body|[of] p2a: Volcarona
|faint|p2a: Volcarona
|-damage|p1a: Incineroar|34/100 brn|[from] Recoil
|
|-heal|p1b: Sneasler|51/100 brn|[from] Grassy Terrain
|-heal|p2b: Rillaboom|36/100|[from] Grassy Terrain
|-heal|p1a: Incineroar|40/100 brn|[from] Grassy Terrain
|-damage|p1b: Sneasler|45/100 brn|[from] brn
|-damage|p1a: Incineroar|34/100 brn|[from] brn
|upkeep
|
|t:|1756925000
|switch|p2a: Electabuzz|Electabuzz, L50, F|100/100
|turn|4
|
|t:|1756925021
|move|p1b: Sneasler|Dire Claw|p2b: Rillaboom
|-supereffective|p2b: Rillaboom
|-damage|p2b: Rillaboom|0 fnt
|faint|p2b: Rillaboom
|move|p2a: Electabuzz|Electroweb|p1b: Sneasler|[spread] p1a,p1b
|-damage|p1a: Incineroar|23/100 brn
|-damage|p1b: Sneasler|26/100 brn
|-unboost|p1a: Incineroar|spe|1
|-unboost|p1b: Sneasler|spe|1
|move|p1a: Incineroar|Flare Blitz|p2a: Electabuzz
|-damage|p2a: Electabuzz|76/100
|-damage|p1a: Incineroar|16/100 brn|[from] Recoil
|
|-heal|p1b: Sneasler|32/100 brn|[from] Grassy Terrain
|-heal|p2a: Electabuzz|82/100|[from] Grassy Terrain
|-heal|p1a: Incineroar|22/100 brn|[from] Grassy Terrain
|-damage|p1b: Sneasler|26/100 brn|[from] brn
|-damage|p1a: Incineroar|16/100 brn|[from] brn
|upkeep
|
|t:|1756925035
|switch|p2b: Dragonite|Dragonite, L50, F|100/100
|turn|5
|
|t:|1756925048
|move|p2b: Dragonite|Scale Shot|p1b: Sneasler
|-damage|p1b: Sneasler|0 fnt
|faint|p1b: Sneasler
|-hitcount|p1: Sneasler|1
|-unboost|p2b: Dragonite|def|1
|-boost|p2b: Dragonite|spe|1
|move|p2a: Electabuzz|Volt Switch|p1a: Incineroar
|-damage|p1a: Incineroar|0 fnt
|faint|p1a: Incineroar
|
|-heal|p2a: Electabuzz|88/100|[from] Grassy Terrain
|-fieldend|move: Grassy Terrain
|upkeep
|
|t:|1756925051
|switch|p1b: Garchomp|Garchomp, L50, M|100/100
|switch|p1a: Murkrow|Murkrow, L50, F|100/100
|turn|6
|inactive|Crystneel has 30 seconds left.
|
|t:|1756925084
|-terastallize|p2a: Electabuzz|Fairy
|move|p2a: Electabuzz|Follow Me|p2a: Electabuzz
|-singleturn|p2a: Electabuzz|move: Follow Me
|move|p1a: Murkrow|Tailwind|p1a: Murkrow
|-sidestart|p1: Gestral|move: Tailwind
|move|p1b: Garchomp|Dragon Claw|p2a: Electabuzz
|-immune|p2a: Electabuzz
|move|p2b: Dragonite|Ice Spinner|p1b: Garchomp
|-supereffective|p1b: Garchomp
|-damage|p1b: Garchomp|0 fnt
|-damage|p2b: Dragonite|88/100|[from] ability: Rough Skin|[of] p1b: Garchomp
|faint|p1b: Garchomp
|
|upkeep
|turn|7
|-message|Gestral forfeited.
|
|win|Crystneel
|raw|Gestral's rating: 1094 → 1069(-25 for losing)
|raw|Crystneel's rating: 1081 → 1110(+29 for winning)
|l|☆Gestral
|player|p1|
