|j|☆pinkey569
|j|☆KIME09122
|html|pinkey569KIME09122    
|uhtml|bestof|Game 2 of a best-of-3
|t:|1756598478
|gametype|doubles
|player|p1|pinkey569|102|1030
|player|p2|KIME09122|101|1006
|gen|9
|tier|[Gen 9] VGC 2025 Reg H (Bo3)
|rated|
|rule|Species Clause: Limit one of each Pokémon
|rule|Item Clause: Limit 1 of each item
|clearpoke
|poke|p1|Tyranitar, L50, M|
|poke|p1|Dragonite, L50, M|
|poke|p1|Excadrill, L50, M|
|poke|p1|Volcarona, L50, M|
|poke|p1|Kilowattrel, L50, M|
|poke|p1|Indeedee, L50, M|
|poke|p2|Gothitelle, L50, F|
|poke|p2|Incineroar, L50, F|
|poke|p2|Amoonguss, L50, F|
|poke|p2|Politoed, L50, F|
|poke|p2|Archaludon, L50, M|
|poke|p2|Ludicolo, L50, F|
|teampreview|4
|showteam|p1|Tyranitar||AssaultVest|SandStream|RockSlide,KnockOff,TeraBlast,LowKick|||M|||50|,,,,,Flying]Dragonite||LoadedDice|Multiscale|Protect,ThunderWave,Roar,ScaleShot|||M|||50|,,,,,Fairy]Excadrill||LifeOrb|SandRush|Protect,Earthquake,IronHead,TeraBlast|||M|||50|,,,,,Fairy]Volcarona||SitrusBerry|FlameBody|Tailwind,RagePowder,Overheat,StruggleBug|||M|||50|,,,,,Grass]Kilowattrel||ChoiceSpecs|Competitive|Thunderbolt,Discharge,AirSlash,WeatherBall|||M|||50|,,,,,Ghost]Indeedee||FocusSash|PsychicSurge|TrickRoom,HelpingHand,ExpandingForce,TeraBlast|||M|||50|,,,,,Psychic
|showteam|p2|Gothitelle||SitrusBerry|ShadowTag|FakeOut,Protect,ExpandingForce,TrickRoom|||F|||50|,,,,,Psychic]Incineroar||SafetyGoggles|Intimidate|FakeOut,KnockOff,PartingShot,Protect|||F|||50|,,,,,Fire]Amoonguss||EjectButton|Regenerator|Protect,RagePowder,Spore,SludgeBomb|||F|||50|,,,,,Poison]Politoed||CovertCloak|Drizzle|Encore,PerishSong,WeatherBall,Protect|||F|||50|,,,,,Water]Archaludon||RockyHelmet|Stamina|ElectroShot,IronDefense,BodyPress,FoulPlay|||M|||50|,,,,,Steel]Ludicolo||KingsRock|SwiftSwim|FakeOut,WeatherBall,EnergyBall,Fling|||F|||50|,,,,,Water
|
|t:|1756598539
|teamsize|p1|4
|teamsize|p2|4
|start
|switch|p1a: Dragonite|Dragonite, L50, M|100/100
|switch|p1b: Indeedee|Indeedee, L50, M|100/100
|switch|p2a: Gothitelle|Gothitelle, L50, F|100/100
|switch|p2b: Politoed|Politoed, L50, F|100/100
|-fieldstart|move: Psychic Terrain|[from] ability: Psychic Surge|[of] p1b: Indeedee
|-weather|RainDance|[from] ability: Drizzle|[of] p2b: Politoed
|turn|1
|
|t:|1756598565
|move|p2a: Gothitelle|Fake Out|p1a: Dragonite
|-hint|Psychic Terrain doesn't affect Pokémon immune to Ground.
|-damage|p1a: Dragonite|97/100
|move|p1b: Indeedee|Expanding Force|p2a: Gothitelle|[spread] p2a,p2b
|-resisted|p2a: Gothitelle
|-damage|p2a: Gothitelle|82/100
|-damage|p2b: Politoed|66/100
|cant|p1a: Dragonite|flinch
|move|p2b: Politoed|Perish Song|p2b: Politoed
|-start|p1a: Dragonite|perish3|[silent]
|-start|p1b: Indeedee|perish3|[silent]
|-start|p2a: Gothitelle|perish3|[silent]
|-start|p2b: Politoed|perish3|[silent]
|-fieldactivate|move: Perish Song
|
|-weather|RainDance|[upkeep]
|-start|p1b: Indeedee|perish3
|-start|p1a: Dragonite|perish3
|-start|p2b: Politoed|perish3
|-start|p2a: Gothitelle|perish3
|upkeep
|turn|2
|
|t:|1756598584
|move|p2b: Politoed|Protect|p2b: Politoed
|-singleturn|p2b: Politoed|Protect
|move|p2a: Gothitelle|Protect|p2a: Gothitelle
|-singleturn|p2a: Gothitelle|Protect
|move|p1b: Indeedee|Expanding Force|p2b: Politoed|[spread] 
|-activate|p2a: Gothitelle|move: Protect
|-activate|p2b: Politoed|move: Protect
|move|p1a: Dragonite|Roar|p2a: Gothitelle
|drag|p2a: Archaludon|Archaludon, L50, M|100/100
|
|-weather|RainDance|[upkeep]
|-start|p1b: Indeedee|perish2
|-start|p1a: Dragonite|perish2
|-start|p2b: Politoed|perish2
|upkeep
|turn|3
|
|t:|1756598592
|switch|p1b: Excadrill|Excadrill, L50, M|100/100
|switch|p1a: Tyranitar|Tyranitar, L50, M|100/100
|-weather|Sandstorm|[from] ability: Sand Stream|[of] p1a: Tyranitar
|switch|p2a: Gothitelle|Gothitelle, L50, F|82/100
|move|p2b: Politoed|Perish Song|p2b: Politoed
|-start|p1a: Tyranitar|perish3|[silent]
|-start|p1b: Excadrill|perish3|[silent]
|-start|p2a: Gothitelle|perish3|[silent]
|-fieldactivate|move: Perish Song
|
|-weather|Sandstorm|[upkeep]
|-damage|p2b: Politoed|60/100|[from] Sandstorm
|-damage|p2a: Gothitelle|76/100|[from] Sandstorm
|-start|p1b: Excadrill|perish3
|-start|p2b: Politoed|perish1
|-start|p1a: Tyranitar|perish3
|-start|p2a: Gothitelle|perish3
|upkeep
|turn|4
|
|t:|1756598615
|switch|p2b: Archaludon|Archaludon, L50, M|100/100
|-terastallize|p1a: Tyranitar|Flying
|move|p2a: Gothitelle|Protect|p2a: Gothitelle
|-singleturn|p2a: Gothitelle|Protect
|move|p1b: Excadrill|Earthquake|p2a: Gothitelle|[spread] p2b
|-activate|p2a: Gothitelle|move: Protect
|-immune|p1a: Tyranitar
|-supereffective|p2b: Archaludon
|-damage|p2b: Archaludon|24/100
|-ability|p2b: Archaludon|Stamina|boost
|-boost|p2b: Archaludon|def|1
|-damage|p1b: Excadrill|91/100|[from] item: Life Orb
|move|p1a: Tyranitar|Low Kick|p2b: Archaludon
|-supereffective|p2b: Archaludon
|-damage|p2b: Archaludon|0 fnt
|-damage|p1a: Tyranitar|84/100|[from] item: Rocky Helmet|[of] p2b: Archaludon
|faint|p2b: Archaludon
|
|-weather|Sandstorm|[upkeep]
|-damage|p1a: Tyranitar|78/100|[from] Sandstorm
|-damage|p2a: Gothitelle|69/100|[from] Sandstorm
|-start|p1b: Excadrill|perish2
|-start|p1a: Tyranitar|perish2
|-start|p2a: Gothitelle|perish2
|upkeep
|
|t:|1756598640
|switch|p2b: Politoed|Politoed, L50, F|60/100
|-weather|RainDance|[from] ability: Drizzle|[of] p2b: Politoed
|turn|5
|
|t:|1756598655
|switch|p2a: Amoonguss|Amoonguss, L50, F|100/100
|move|p1b: Excadrill|Earthquake|p2b: Politoed|[spread] p2a,p2b
|-immune|p1a: Tyranitar
|-damage|p2a: Amoonguss|40/100
|-damage|p2b: Politoed|0 fnt
|faint|p2b: Politoed
|-enditem|p2a: Amoonguss|Eject Button
|-damage|p1b: Excadrill|81/100|[from] item: Life Orb
|
|t:|1756598658
|switch|p2a: Gothitelle|Gothitelle, L50, F|69/100
|move|p1a: Tyranitar|Tera Blast|p2a: Gothitelle|[anim] Tera Blast Flying
|-damage|p2a: Gothitelle|21/100
|-enditem|p2a: Gothitelle|Sitrus Berry|[eat]
|-heal|p2a: Gothitelle|46/100|[from] item: Sitrus Berry
|
|-weather|RainDance|[upkeep]
|-start|p1b: Excadrill|perish1
|-start|p1a: Tyranitar|perish1
|-fieldend|move: Psychic Terrain
|upkeep
|
|t:|1756598660
|switch|p2b: Amoonguss|Amoonguss, L50, F|74/100
|turn|6
|
|t:|1756598671
|move|p2a: Gothitelle|Protect|p2a: Gothitelle
|-singleturn|p2a: Gothitelle|Protect
|move|p2b: Amoonguss|Protect|p2b: Amoonguss
|-singleturn|p2b: Amoonguss|Protect
|move|p1b: Excadrill|Earthquake|p2a: Gothitelle|[spread] 
|-activate|p2a: Gothitelle|move: Protect
|-activate|p2b: Amoonguss|move: Protect
|-immune|p1a: Tyranitar
|move|p1a: Tyranitar|Tera Blast|p2b: Amoonguss|[anim] Tera Blast Flying
|-activate|p2b: Amoonguss|move: Protect
|
|-weather|RainDance|[upkeep]
|-start|p1b: Excadrill|perish0
|-start|p1a: Tyranitar|perish0
|faint|p1b: Excadrill
|faint|p1a: Tyranitar
|upkeep
|
|t:|1756598673
|switch|p1b: Dragonite|Dragonite, L50, M|97/100
|switch|p1a: Indeedee|Indeedee, L50, M|100/100
|-fieldstart|move: Psychic Terrain|[from] ability: Psychic Surge|[of] p1a: Indeedee
|turn|7
|
|t:|1756598707
|move|p1a: Indeedee|Expanding Force|p2a: Gothitelle|[spread] p2a,p2b
|-resisted|p2a: Gothitelle
|-supereffective|p2b: Amoonguss
|-damage|p2a: Gothitelle|26/100
|-damage|p2b: Amoonguss|0 fnt
|faint|p2b: Amoonguss
|move|p1b: Dragonite|Scale Shot|p2a: Gothitelle
|-damage|p2a: Gothitelle|12/100
|-damage|p2a: Gothitelle|0 fnt
|faint|p2a: Gothitelle
|-hitcount|p2: Gothitelle|2
|
|win|pinkey569
||KIME09122 is ready for game 3.
||pinkey569 is ready for game 3.
|uhtml|next|Next: Game 3 of 3
|l|☆KIME09122
|player|p2|
