|j|☆Allat78
|j|☆Mashuno
|html|Allat78Mashuno    
|uhtml|bestof|Game 1 of a best-of-3
|t:|1784306636
|gametype|doubles
|player|p1|Allat78|hilbert-wonderlauncher|1172
|player|p2|Mashuno|harlequin|1194
|gen|9
|tier|[Gen 9 Champions] VGC 2026 Reg M-B (Bo3)
|rated|
|rule|Species Clause: Limit one of each Pokémon
|rule|Item Clause: Limit 1 of each item
|clearpoke
|poke|p1|Kommo-o, L50, F|
|poke|p1|Sinistcha, L50|
|poke|p1|Hydreigon, L50, M|
|poke|p1|Ditto, L50|
|poke|p1|Incineroar, L50, M|
|poke|p1|Kangaskhan, L50, F|
|poke|p2|Pelipper, L50, M|
|poke|p2|Archaludon, L50, M|
|poke|p2|Blastoise, L50, F|
|poke|p2|Sinistcha, L50|
|poke|p2|Sableye, L50, F|
|poke|p2|Sneasler, L50, F|
|teampreview|4
|showteam|p1|Kommo-o||DragonFang|Bulletproof|ClangingScales,AuraSphere,ClangorousSoul,Protect|Modest||F|||50|]Sinistcha||OccaBerry|Hospitality|MatchaGotcha,LifeDew,Protect,RagePowder|Bold|||||50|]Hydreigon||ChoiceScarf|Levitate|DracoMeteor,DarkPulse,Snarl,EarthPower|Timid||M|||50|]Ditto||LifeOrb|Imposter|Transform|Timid|||||50|]Incineroar||ChopleBerry|Intimidate|FlareBlitz,ThroatChop,FakeOut,PartingShot|Adamant||M|||50|]Kangaskhan||Kangaskhanite|Scrappy|FakeOut,DoubleEdge,SuckerPunch,Protect|Jolly||F|||50|
|showteam|p2|Pelipper||FocusSash|Drizzle|WeatherBall,Hurricane,Tailwind,RainDance|Modest||M|||50|]Archaludon||Leftovers|Stamina|Protect,DracoMeteor,FlashCannon,ElectroShot|Modest||M|||50|]Blastoise||Blastoisinite|RainDish|Protect,FakeOut,WaterSpout,DarkPulse|Modest||F|||50|]Sinistcha||SitrusBerry|Hospitality|MatchaGotcha,RagePowder,LifeDew,TrickRoom|Bold|||||50|]Sableye||LightClay|Prankster|FoulPlay,LightScreen,Reflect,RainDance|Impish||F|||50|]Sneasler||WhiteHerb|Unburden|FakeOut,DireClaw,CloseCombat,RockSlide|Jolly||F|||50|
|c|☆Mashuno|gl hf <3
|
|t:|1784306713
|teamsize|p1|4
|teamsize|p2|4
|start
|switch|p1a: Kommo-o|Kommo-o, L50, F|100/100
|switch|p1b: Kangaskhan|Kangaskhan, L50, F|100/100
|switch|p2a: Blastoise|Blastoise, L50, F|100/100
|switch|p2b: Iroh|Sinistcha, L50|100/100
|turn|1
|
|t:|1784306746
|detailschange|p2a: Blastoise|Blastoise-Mega, L50, F
|-mega|p2a: Blastoise|Blastoise|Blastoisinite
|move|p1b: Kangaskhan|Fake Out|p2b: Iroh
|-damage|p2b: Iroh|87/100
|move|p2a: Blastoise|Fake Out|p1a: Kommo-o
|-damage|p1a: Kommo-o|90/100
|cant|p1a: Kommo-o|flinch
|cant|p2b: Iroh|flinch
|
|upkeep
|turn|2
|
|t:|1784306799
|detailschange|p1b: Kangaskhan|Kangaskhan-Mega, L50, F
|-mega|p1b: Kangaskhan|Kangaskhan|Kangaskhanite
|move|p2a: Blastoise|Protect|p2a: Blastoise
|-singleturn|p2a: Blastoise|Protect
|move|p1b: Kangaskhan|Double-Edge|p2a: Blastoise
|-activate|p2a: Blastoise|move: Protect
|move|p1a: Kommo-o|Clangorous Soul|p1a: Kommo-o
|-boost|p1a: Kommo-o|atk|1
|-boost|p1a: Kommo-o|def|1
|-boost|p1a: Kommo-o|spa|1
|-boost|p1a: Kommo-o|spd|1
|-boost|p1a: Kommo-o|spe|1
|-damage|p1a: Kommo-o|58/100
|move|p2b: Iroh|Trick Room|p2b: Iroh
|-fieldstart|move: Trick Room|[of] p2b: Iroh
|
|upkeep
|turn|3
|
|t:|1784306820
|switch|p2b: Dai News|Pelipper, L50, M|100/100
|-weather|RainDance|[from] ability: Drizzle|[of] p2b: Dai News
|move|p1a: Kommo-o|Protect|p1a: Kommo-o
|-singleturn|p1a: Kommo-o|Protect
|move|p1b: Kangaskhan|Sucker Punch|p2a: Blastoise
|-damage|p2a: Blastoise|80/100
|-damage|p2a: Blastoise|75/100
|-hitcount|p2a: Blastoise|2
|move|p2a: Blastoise|Water Spout|p1a: Kommo-o|[spread] p1b
|-activate|p1a: Kommo-o|move: Protect
|-damage|p1b: Kangaskhan|32/100
|
|-weather|RainDance|[upkeep]
|upkeep
|turn|4
|
|t:|1784306845
|switch|p2b: Iroh|Sinistcha, L50|87/100
|-heal|p2a: Blastoise|100/100|[from] ability: Hospitality|[of] p2b: Iroh
|move|p1b: Kangaskhan|Sucker Punch|p2a: Blastoise
|-damage|p2a: Blastoise|80/100
|-damage|p2a: Blastoise|75/100
|-hitcount|p2a: Blastoise|2
|move|p2a: Blastoise|Water Spout|p1b: Kangaskhan|[spread] p1a,p1b
|-resisted|p1a: Kommo-o|1
|-damage|p1a: Kommo-o|29/100
|-damage|p1b: Kangaskhan|0 fnt
|faint|p1b: Kangaskhan
|move|p1a: Kommo-o|Clanging Scales|p2b: Iroh|[spread] p2a,p2b
|-damage|p2a: Blastoise|16/100
|-damage|p2b: Iroh|21/100
|-enditem|p2b: Iroh|Sitrus Berry|[eat]
|-heal|p2b: Iroh|46/100|[from] item: Sitrus Berry
|-unboost|p1a: Kommo-o|def|1
|
|-weather|RainDance|[upkeep]
|upkeep
|
|t:|1784306858
|switch|p1b: Sinistcha|Sinistcha, L50|100/100
|-heal|p1a: Kommo-o|53/100|[from] ability: Hospitality|[of] p1b: Sinistcha
|turn|5
|inactive|Battle timer is ON: inactive players will automatically lose when time's up. (requested by Allat78)
|
|t:|1784306923
|move|p1b: Sinistcha|Life Dew||[still]|[spread] p1a,p1b
|-heal|p1a: Kommo-o|78/100
|-fail|p1b: Sinistcha|heal
|move|p2b: Iroh|Life Dew|p2b: Iroh|[spread] p2a,p2b
|-heal|p2a: Blastoise|41/100
|-heal|p2b: Iroh|71/100
|move|p2a: Blastoise|Dark Pulse|p1b: Sinistcha
|-supereffective|p1b: Sinistcha|1
|-damage|p1b: Sinistcha|0 fnt
|faint|p1b: Sinistcha
|move|p1a: Kommo-o|Clanging Scales|p2a: Blastoise|[spread] p2a,p2b
|-damage|p2a: Blastoise|0 fnt
|-damage|p2b: Iroh|0 fnt
|faint|p2a: Blastoise
|faint|p2b: Iroh
|-unboost|p1a: Kommo-o|def|1
|
|-weather|RainDance|[upkeep]
|upkeep
|
|t:|1784306941
|switch|p2b: Kocho|Sneasler, L50, F|100/100
|switch|p1b: Ditto|Ditto, L50|100/100
|switch|p2a: Dai News|Pelipper, L50, M|100/100
|-transform|p1b: Ditto|p2a: Dai News|[from] ability: Imposter
|turn|6
|inactive|Mashuno has 30 seconds left.
|
|t:|1784306974
|move|p1a: Kommo-o|Protect|p1a: Kommo-o
|-singleturn|p1a: Kommo-o|Protect
|move|p2b: Kocho|Fake Out|p1b: Ditto
|-damage|p1b: Ditto|84/100
|move|p2a: Dai News|Tailwind|p2a: Dai News
|-sidestart|p2: Mashuno|move: Tailwind
|cant|p1b: Ditto|flinch
|
|-weather|RainDance|[upkeep]
|-fieldend|move: Trick Room
|upkeep
|turn|7
|inactive|Mashuno has 30 seconds left.
|inactive|Mashuno has 20 seconds left.
|inactive|Mashuno has 15 seconds left.
|
|t:|1784307018
|move|p2b: Kocho|Close Combat|p1a: Kommo-o
|-damage|p1a: Kommo-o|0 fnt
|-unboost|p2b: Kocho|def|1
|-unboost|p2b: Kocho|spd|1
|faint|p1a: Kommo-o
|-enditem|p2b: Kocho|White Herb
|-clearnegativeboost|p2b: Kocho|[silent]
|move|p2a: Dai News|Hurricane|p1b: Ditto
|-damage|p1b: Ditto|20/100y
|move|p1b: Ditto|Hurricane|p2b: Kocho
|-supereffective|p2b: Kocho|1
|-damage|p2b: Kocho|0 fnt
|faint|p2b: Kocho
|-damage|p1b: Ditto|10/100|[from] item: Life Orb
|
|-weather|none
|upkeep
|turn|8
|
|t:|1784307037
|move|p2a: Dai News|Weather Ball|p1b: Ditto
|-damage|p1b: Ditto|0 fnt
|faint|p1b: Ditto
|
|win|Mashuno
||Mashuno is ready for game 2.
||Allat78 is ready for game 2.
|uhtml|next|Next: Game 2 of 3
|l|☆Allat78
|player|p1|
