|j|☆skovaks
|j|☆toughlogvgc
|html|skovakstoughlogvgc    
|uhtml|bestof|Game 1 of a best-of-3
|t:|1783786330
|gametype|doubles
|player|p1|skovaks|1|1000
|player|p2|toughlogvgc|2|1136
|gen|9
|tier|[Gen 9 Champions] VGC 2026 Reg M-B (Bo3)
|rated|
|rule|Species Clause: Limit one of each Pokémon
|rule|Item Clause: Limit 1 of each item
|clearpoke
|poke|p1|Charizard, L50, M|
|poke|p1|Whimsicott, L50, F|
|poke|p1|Milotic, L50, M|
|poke|p1|Kingambit, L50, M|
|poke|p1|Grimmsnarl, L50, M|
|poke|p1|Chandelure, L50, M|
|poke|p2|Charizard, L50, M|
|poke|p2|Garchomp, L50, M|
|poke|p2|Basculegion, L50, M|
|poke|p2|Whimsicott, L50, F|
|poke|p2|Kingambit, L50, F|
|poke|p2|Floette-Eternal, L50, F|
|teampreview|4
|showteam|p1|Charizard||CharizarditeX|Blaze|FlareBlitz,DragonClaw,DragonDance,Protect|Adamant||M|||50|]Whimsicott||FocusSash|Prankster|Moonblast,Tailwind,SunnyDay,Charm|Modest||F|||50|]Milotic||Leftovers|Competitive|Coil,Recover,Scald,Hypnosis|Modest||M|||50|]Kingambit||LifeOrb|Defiant|IronHead,SuckerPunch,Protect,NightSlash|Adamant||M|||50|]Grimmsnarl||LightClay|Prankster|FakeOut,LightScreen,Reflect,SpiritBreak|Adamant||M|||50|]Chandelure||ChoiceScarf|FlashFire|EnergyBall,ShadowBall,HeatWave,Psychic|Modest||M|||50|
|showteam|p2|Charizard||CharizarditeY|Blaze|HeatWave,SolarBeam,Protect,WeatherBall|Modest||M|||50|]Garchomp||LifeOrb|RoughSkin|DragonClaw,Earthquake,RockSlide,Protect|Jolly||M|||50|]Basculegion||ChoiceScarf|Adaptability|WaveCrash,AquaJet,FlipTurn,LastRespects|Adamant||M|||50|]Whimsicott||FocusSash|Prankster|Moonblast,Tailwind,Protect,Encore|Timid||F|||50|]Kingambit||BlackGlasses|Defiant|IronHead,KowtowCleave,Protect,SuckerPunch|Adamant||F|||50|]Floette-Eternal||Floettite|FlowerVeil|Moonblast,LightofRuin,DazzlingGleam,Protect|Modest||F|||50|
|inactive|Battle timer is ON: inactive players will automatically lose when time's up. (requested by skovaks)
|inactive|toughlogvgc has 60 seconds left.
|
|t:|1783786416
|teamsize|p1|4
|teamsize|p2|4
|start
|switch|p1a: Grimmsnarl|Grimmsnarl, L50, M|100/100
|switch|p1b: Kingambit|Kingambit, L50, M|100/100
|switch|p2a: Whimsicott|Whimsicott, L50, F|100/100
|switch|p2b: Garchomp|Garchomp, L50, M|100/100
|turn|1
|inactive|skovaks has 30 seconds left.
|inactive|skovaks has 20 seconds left.
|inactive|skovaks has 15 seconds left.
|inactive|skovaks has 10 seconds left.
|inactive|skovaks has 5 seconds left.
|
|t:|1783786469
|move|p2a: Whimsicott|Protect|p2a: Whimsicott
|-singleturn|p2a: Whimsicott|Protect
|move|p2b: Garchomp|Protect|p2b: Garchomp
|-singleturn|p2b: Garchomp|Protect
|move|p1a: Grimmsnarl|Fake Out|p2a: Whimsicott
|-activate|p2a: Whimsicott|move: Protect
|move|p1b: Kingambit|Iron Head|p2a: Whimsicott
|-activate|p2a: Whimsicott|move: Protect
|
|upkeep
|turn|2
|
|t:|1783786490
|move|p2a: Whimsicott|Tailwind|p2a: Whimsicott
|-sidestart|p2: toughlogvgc|move: Tailwind
|move|p2b: Garchomp|Earthquake|p1b: Kingambit|[spread] p2a,p1a,p1b
|-resisted|p2a: Whimsicott|1
|-supereffective|p1b: Kingambit|1
|-damage|p2a: Whimsicott|64/100
|-damage|p1a: Grimmsnarl|42/100
|-damage|p1b: Kingambit|28/100
|-damage|p2b: Garchomp|90/100|[from] item: Life Orb
|move|p1a: Grimmsnarl|Spirit Break|p2b: Garchomp
|-supereffective|p2b: Garchomp|1
|-damage|p2b: Garchomp|18/100
|-unboost|p2b: Garchomp|spa|1
|-damage|p1a: Grimmsnarl|29/100|[from] ability: Rough Skin|[of] p2b: Garchomp
|move|p1b: Kingambit|Iron Head|p2a: Whimsicott
|-supereffective|p2a: Whimsicott|1
|-damage|p2a: Whimsicott|0 fnt
|faint|p2a: Whimsicott
|-damage|p1b: Kingambit|18/100|[from] item: Life Orb
|
|upkeep
|inactive|toughlogvgc has 30 seconds left.
|
|t:|1783786515
|switch|p2a: Basculegion|Basculegion, L50, M|100/100
|turn|3
|
|t:|1783786524
|move|p2b: Garchomp|Protect|p2b: Garchomp
|-singleturn|p2b: Garchomp|Protect
|move|p2a: Basculegion|Aqua Jet|p1b: Kingambit
|-damage|p1b: Kingambit|0 fnt
|faint|p1b: Kingambit
|move|p1a: Grimmsnarl|Reflect|p1a: Grimmsnarl
|-sidestart|p1: skovaks|Reflect
|
|upkeep
|
|t:|1783786532
|switch|p1b: Milotic|Milotic, L50, M|100/100
|turn|4
|
|t:|1783786555
|move|p2a: Basculegion|Aqua Jet|p1a: Grimmsnarl
|-damage|p1a: Grimmsnarl|9/100
|move|p1a: Grimmsnarl|Light Screen|p1a: Grimmsnarl
|-sidestart|p1: skovaks|move: Light Screen
|move|p2b: Garchomp|Rock Slide|p1b: Milotic|[spread] p1a,p1b
|-damage|p1a: Grimmsnarl|0 fnt
|-damage|p1b: Milotic|85/100
|faint|p1a: Grimmsnarl
|-damage|p2b: Garchomp|8/100|[from] item: Life Orb
|cant|p1b: Milotic|flinch
|
|-heal|p1b: Milotic|91/100|[from] item: Leftovers
|upkeep
|
|t:|1783786567
|switch|p1a: Charizard|Charizard, L50, M|100/100
|turn|5
|
|t:|1783786576
|detailschange|p1a: Charizard|Charizard-Mega-X, L50, M
|-mega|p1a: Charizard|Charizard|Charizardite X
|move|p1a: Charizard|Protect|p1a: Charizard
|-singleturn|p1a: Charizard|Protect
|move|p2a: Basculegion|Aqua Jet|p1a: Charizard
|-activate|p1a: Charizard|move: Protect
|move|p2b: Garchomp|Rock Slide|p1b: Milotic|[spread] p1b
|-activate|p1a: Charizard|move: Protect
|-damage|p1b: Milotic|77/100
|-damage|p2b: Garchomp|0 fnt|[from] item: Life Orb
|faint|p2b: Garchomp
|move|p1b: Milotic|Scald|p2a: Basculegion
|-resisted|p2a: Basculegion|1
|-damage|p2a: Basculegion|84/100
|
|-heal|p1b: Milotic|83/100|[from] item: Leftovers
|-sideend|p2: toughlogvgc|move: Tailwind
|upkeep
|
|t:|1783786592
|switch|p2b: Floette|Floette-Eternal, L50, F|100/100
|turn|6
|
|t:|1783786614
|detailschange|p2b: Floette|Floette-Mega, L50, F
|-mega|p2b: Floette|Floette|Floettite
|-ability|p2b: Floette|Fairy Aura
|move|p2a: Basculegion|Aqua Jet|p1a: Charizard
|-damage|p1a: Charizard|82/100
|move|p2b: Floette|Moonblast|p1a: Charizard
|-damage|p1a: Charizard|34/100
|move|p1a: Charizard|Flare Blitz|p2b: Floette
|-damage|p2b: Floette|16/100
|-damage|p1a: Charizard|10/100|[from] Recoil
|move|p1b: Milotic|Hypnosis|p2b: Floette
|-status|p2b: Floette|slp|[from] move: Hypnosis
|
|-heal|p1b: Milotic|89/100|[from] item: Leftovers
|upkeep
|turn|7
|inactive|toughlogvgc has 30 seconds left.
|
|t:|1783786639
|move|p1a: Charizard|Protect|p1a: Charizard
|-singleturn|p1a: Charizard|Protect
|move|p2a: Basculegion|Aqua Jet|p1a: Charizard
|-activate|p1a: Charizard|move: Protect
|cant|p2b: Floette|slp
|move|p1b: Milotic|Scald|p2b: Floette
|-damage|p2b: Floette|0 fnt
|faint|p2b: Floette
|
|-heal|p1b: Milotic|95/100|[from] item: Leftovers
|upkeep
|turn|8
|
|t:|1783786655
|move|p2a: Basculegion|Aqua Jet|p1a: Charizard
|-damage|p1a: Charizard|0 fnt
|faint|p1a: Charizard
|move|p1b: Milotic|Coil|p1b: Milotic
|-boost|p1b: Milotic|atk|1
|-boost|p1b: Milotic|def|1
|-boost|p1b: Milotic|accuracy|1
|
|-heal|p1b: Milotic|100/100|[from] item: Leftovers
|upkeep
|turn|9
|
|t:|1783786669
|move|p2a: Basculegion|Aqua Jet|p1b: Milotic
|-resisted|p1b: Milotic|1
|-damage|p1b: Milotic|94/100
|move|p1b: Milotic|Hypnosis|p2a: Basculegion|[miss]
|-miss|p1b: Milotic|p2a: Basculegion
|
|-heal|p1b: Milotic|100/100|[from] item: Leftovers
|upkeep
|turn|10
|-message|toughlogvgc forfeited.
|
|win|skovaks
|l|☆toughlogvgc
|player|p2|
||toughlogvgc is ready for game 2.
||skovaks is ready for game 2.
|uhtml|next|Next: Game 2 of 3
|j|☆toughlogvgc
|player|p2|toughlogvgc|2|
