|j|☆MetaknightXIII
|j|☆sadnessvgc
|html|MetaknightXIIIsadnessvgc    
|uhtml|bestof|Game 3 of a best-of-3
|t:|1785644317
|gametype|doubles
|player|p1|MetaknightXIII|veteran|1324
|player|p2|sadnessvgc|chase|1251
|gen|9
|tier|[Gen 9 Champions] VGC 2026 Reg M-B (Bo3)
|rated|
|rule|Species Clause: Limit one of each Pokémon
|rule|Item Clause: Limit 1 of each item
|clearpoke
|poke|p1|Staraptor, L50, M|
|poke|p1|Delphox, L50, F, shiny|
|poke|p1|Glimmora, L50, F|
|poke|p1|Mamoswine, L50, F|
|poke|p1|Kingambit, L50, F|
|poke|p1|Whimsicott, L50, M|
|poke|p2|Floette-Eternal, L50, F|
|poke|p2|Whimsicott, L50, M, shiny|
|poke|p2|Garchomp, L50, M, shiny|
|poke|p2|Kingambit, L50, M, shiny|
|poke|p2|Basculegion, L50, M, shiny|
|poke|p2|Charizard, L50, M, shiny|
|teampreview|4
|showteam|p1|Staraptor||Staraptite|Intimidate|CloseCombat,DualWingbeat,Roost,Protect|Jolly||M|||50|]Delphox||Delphoxite|Blaze|HeatWave,Psychic,Encore,Protect|Modest||F|||50|]Glimmora||FocusSash|ToxicDebris|PowerGem,SludgeBomb,EarthPower,SpikyShield|Timid||F|||50|]Mamoswine||LifeOrb|Oblivious|IceShard,HighHorsepower,Earthquake,Protect|Jolly||F|||50|]Kingambit||ChopleBerry|Defiant|KowtowCleave,SuckerPunch,IronHead,LowKick|Adamant||F|||50|]Whimsicott||OccaBerry|Prankster|Moonblast,Tailwind,Charm,LightScreen|Timid||M|||50|
|showteam|p2|Floette-Eternal||Floettite|FlowerVeil|DazzlingGleam,Moonblast,Protect,LightofRuin|Timid||F|||50|]Whimsicott||FocusSash|Prankster|Moonblast,Protect,Encore,Tailwind|Timid||M|||50|]Garchomp||RoseliBerry|RoughSkin|Earthquake,DragonClaw,PoisonJab,RockSlide|Jolly||M|||50|]Kingambit||ChopleBerry|Defiant|KowtowCleave,LowKick,SuckerPunch,IronHead|Adamant||M|||50|]Basculegion||LifeOrb|Adaptability|LastRespects,WaveCrash,AquaJet,Protect|Adamant||M|||50|]Charizard||CharizarditeY|Blaze|HeatWave,WeatherBall,SolarBeam,Protect|Modest||M|||50|
|inactive|Battle timer is ON: inactive players will automatically lose when time's up. (requested by sadnessvgc)
|inactive|sadnessvgc has 60 seconds left.
|inactive|sadnessvgc has 30 seconds left.
|
|t:|1785644383
|teamsize|p1|4
|teamsize|p2|4
|start
|switch|p1a: Delphox|Delphox, L50, F, shiny|100/100
|switch|p1b: Glimmora|Glimmora, L50, F|100/100
|switch|p2a: Whimsicott|Whimsicott, L50, M, shiny|100/100
|switch|p2b: Kingambit|Kingambit, L50, M, shiny|100/100
|turn|1
|inactive|MetaknightXIII has 30 seconds left.
|inactive|sadnessvgc has 30 seconds left.
|
|t:|1785644417
|detailschange|p1a: Delphox|Delphox-Mega, L50, F, shiny
|-mega|p1a: Delphox|Delphox|Delphoxite
|move|p2a: Whimsicott|Moonblast|p1b: Glimmora
|-resisted|p1b: Glimmora|1
|-damage|p1b: Glimmora|77/100
|move|p1a: Delphox|Heat Wave|p2a: Whimsicott|[spread] p2a,p2b
|-supereffective|p2a: Whimsicott|1
|-supereffective|p2b: Kingambit|1
|-enditem|p2a: Whimsicott|Focus Sash
|-damage|p2a: Whimsicott|1/100
|-damage|p2b: Kingambit|24/100
|-status|p2b: Kingambit|brn
|move|p1b: Glimmora|Earth Power|p2b: Kingambit
|-supereffective|p2b: Kingambit|1
|-damage|p2b: Kingambit|0 fnt
|faint|p2b: Kingambit
|
|upkeep
|
|t:|1785644432
|switch|p2b: Basculegion|Basculegion, L50, M, shiny|100/100
|turn|2
|inactive|MetaknightXIII has 30 seconds left.
|
|t:|1785644461
|move|p2a: Whimsicott|Protect|p2a: Whimsicott
|-singleturn|p2a: Whimsicott|Protect
|move|p2b: Basculegion|Protect|p2b: Basculegion
|-singleturn|p2b: Basculegion|Protect
|move|p1a: Delphox|Heat Wave|p2a: Whimsicott|[spread] 
|-activate|p2a: Whimsicott|move: Protect
|-activate|p2b: Basculegion|move: Protect
|move|p1b: Glimmora|Power Gem|p2a: Whimsicott
|-activate|p2a: Whimsicott|move: Protect
|
|upkeep
|turn|3
|
|t:|1785644476
|move|p2a: Whimsicott|Tailwind|p2a: Whimsicott
|-sidestart|p2: sadnessvgc|move: Tailwind
|move|p2b: Basculegion|Wave Crash|p1b: Glimmora
|-supereffective|p1b: Glimmora|1
|-damage|p1b: Glimmora|0 fnt
|-activate|p1b: Glimmora|ability: Toxic Debris
|-sidestart|p2: sadnessvgc|move: Toxic Spikes
|faint|p1b: Glimmora
|-damage|p2b: Basculegion|79/100|[from] Recoil
|-damage|p2b: Basculegion|70/100|[from] item: Life Orb
|move|p1a: Delphox|Heat Wave|p2b: Basculegion|[spread] p2a,p2b
|-supereffective|p2a: Whimsicott|1
|-resisted|p2b: Basculegion|1
|-damage|p2a: Whimsicott|0 fnt
|-damage|p2b: Basculegion|45/100
|faint|p2a: Whimsicott
|
|upkeep
|
|t:|1785644491
|switch|p2a: Floette|Floette-Eternal, L50, F|100/100
|switch|p1b: Kingambit|Kingambit, L50, F|100/100
|-status|p2a: Floette|psn
|turn|4
|
|t:|1785644514
|detailschange|p2a: Floette|Floette-Mega, L50, F
|-mega|p2a: Floette|Floette|Floettite
|-ability|p2a: Floette|Fairy Aura
|move|p2b: Basculegion|Protect|p2b: Basculegion
|-singleturn|p2b: Basculegion|Protect
|move|p1a: Delphox|Protect|p1a: Delphox
|-singleturn|p1a: Delphox|Protect
|move|p2a: Floette|Light of Ruin|p1b: Kingambit
|-damage|p1b: Kingambit|0 fnt
|faint|p1b: Kingambit
|-damage|p2a: Floette|30/100 psn|[from] Recoil
|
|-damage|p2a: Floette|18/100 psn|[from] psn
|upkeep
|
|t:|1785644520
|switch|p1b: Mamoswine|Mamoswine, L50, F|100/100
|turn|5
|inactive|sadnessvgc has 30 seconds left.
|
|t:|1785644550
|move|p1b: Mamoswine|Ice Shard|p2a: Floette
|-damage|p2a: Floette|0 fnt
|faint|p2a: Floette
|-damage|p1b: Mamoswine|90/100|[from] item: Life Orb
|move|p2b: Basculegion|Last Respects|p1a: Delphox
|-supereffective|p1a: Delphox|1
|-damage|p1a: Delphox|0 fnt
|faint|p1a: Delphox
|-damage|p2b: Basculegion|35/100|[from] item: Life Orb
|
|upkeep
|turn|6
|
|t:|1785644561
|move|p1b: Mamoswine|Protect|p1b: Mamoswine
|-singleturn|p1b: Mamoswine|Protect
|move|p2b: Basculegion|Wave Crash|p1b: Mamoswine
|-activate|p1b: Mamoswine|move: Protect
|
|-sideend|p2: sadnessvgc|move: Tailwind
|upkeep
|turn|7
|
|t:|1785644568
|move|p2b: Basculegion|Aqua Jet|p1b: Mamoswine
|-supereffective|p1b: Mamoswine|1
|-damage|p1b: Mamoswine|4/100
|-damage|p2b: Basculegion|26/100|[from] item: Life Orb
|move|p1b: Mamoswine|Earthquake|p2b: Basculegion
|-damage|p2b: Basculegion|0 fnt
|faint|p2b: Basculegion
|-damage|p1b: Mamoswine|0 fnt|[from] item: Life Orb
|faint|p1b: Mamoswine
|
|win|MetaknightXIII
|raw|MetaknightXIII's rating: 1324 → 1340(+16 for winning)
|raw|sadnessvgc's rating: 1251 → 1231(-20 for losing)
|c|☆sadnessvgc|gg
