|j|☆Rat Rizzo
|j|☆iflamercenar
|html|Rat Rizzoiflamercenar    
|uhtml|bestof|Game 3 of a best-of-3
|t:|1756602519
|gametype|doubles
|player|p1|Rat Rizzo|1|1183
|player|p2|iflamercenar|acetrainer-gen4dp|1296
|gen|9
|tier|[Gen 9] VGC 2025 Reg H (Bo3)
|rated|
|rule|Species Clause: Limit one of each Pokémon
|rule|Item Clause: Limit 1 of each item
|clearpoke
|poke|p1|Dragonite, L50, F|
|poke|p1|Gholdengo, L50|
|poke|p1|Incineroar, L50, F|
|poke|p1|Amoonguss, L50, M|
|poke|p1|Sneasler, L50, M|
|poke|p1|Ursaluna-Bloodmoon, L50, M|
|poke|p2|Sneasler, L50, M|
|poke|p2|Volcarona, L50, M|
|poke|p2|Dragonite, L50, F|
|poke|p2|Rillaboom, L50, M|
|poke|p2|Gholdengo, L50|
|poke|p2|Amoonguss, L50, M|
|teampreview|4
|showteam|p1|Dragonite||LoadedDice|Multiscale|Protect,TeraBlast,ScaleShot,IceSpinner|||F|||50|,,,,,Fairy]Gholdengo||Leftovers|GoodasGold|Protect,NastyPlot,ShadowBall,MakeItRain||||||50|,,,,,Water]Incineroar||SafetyGoggles|Intimidate|FakeOut,FlareBlitz,KnockOff,PartingShot|||F|||50|,,,,,Ghost]Amoonguss||RockyHelmet|Regenerator|PollenPuff,Protect,Spore,RagePowder|||M|||50|,,,,,Water]Sneasler||FocusSash|Unburden|Protect,DireClaw,ThroatChop,CloseCombat|||M|||50|,,,,,Poison]Ursaluna-Bloodmoon||AssaultVest|MindsEye|BloodMoon,EarthPower,HyperVoice,VacuumWave|||M|||50|,,,,,Normal
|showteam|p2|Sneasler||GrassySeed|Unburden|DireClaw,CloseCombat,ThroatChop,Protect|||M|||50|,,,,,Dark]Volcarona||Leftovers|FlameBody|HeatWave,QuiverDance,TeraBlast,Protect|||M|||50|,,,,,Fairy]Dragonite||LoadedDice|Multiscale|ScaleShot,ExtremeSpeed,Haze,Protect|||F|||50|,,,,,Steel]Rillaboom||AssaultVest|GrassySurge|WoodHammer,GrassyGlide,HighHorsepower,FakeOut|||M|||50|,,,,,Fire]Gholdengo||SitrusBerry|GoodasGold|MakeItRain,ShadowBall,NastyPlot,Protect||||||50|,,,,,Water]Amoonguss||CovertCloak|Regenerator|Spore,PollenPuff,SludgeBomb,Protect|||M|||50|,,,,,Water
|inactive|Battle timer is ON: inactive players will automatically lose when time's up. (requested by Rat Rizzo)
|inactive|Rat Rizzo has 60 seconds left.
|inactive|iflamercenar has 60 seconds left.
|
|t:|1756602576
|teamsize|p1|4
|teamsize|p2|4
|start
|switch|p1a: Gholdengo|Gholdengo, L50|100/100
|switch|p1b: Incineroar|Incineroar, L50, F|100/100
|switch|p2a: Volcarona|Volcarona, L50, M|100/100
|switch|p2b: Amoonguss|Amoonguss, L50, M|100/100
|-ability|p1b: Incineroar|Intimidate|boost
|-unboost|p2a: Volcarona|atk|1
|-unboost|p2b: Amoonguss|atk|1
|turn|1
|
|t:|1756602594
|switch|p2b: Rillaboom|Rillaboom, L50, M|100/100
|-fieldstart|move: Grassy Terrain|[from] ability: Grassy Surge|[of] p2b: Rillaboom
|move|p1b: Incineroar|Fake Out|p2a: Volcarona
|-damage|p2a: Volcarona|85/100
|cant|p2a: Volcarona|flinch
|move|p1a: Gholdengo|Nasty Plot|p1a: Gholdengo
|-boost|p1a: Gholdengo|spa|2
|
|-heal|p2a: Volcarona|92/100|[from] Grassy Terrain
|-heal|p2a: Volcarona|98/100|[from] item: Leftovers
|upkeep
|turn|2
|inactive|Rat Rizzo has 30 seconds left.
|inactive|Rat Rizzo has 20 seconds left.
|
|t:|1756602631
|-terastallize|p2b: Rillaboom|Fire
|move|p1a: Gholdengo|Protect|p1a: Gholdengo
|-singleturn|p1a: Gholdengo|Protect
|move|p2a: Volcarona|Heat Wave|p1a: Gholdengo|[spread] p1b
|-activate|p1a: Gholdengo|move: Protect
|-resisted|p1b: Incineroar
|-damage|p1b: Incineroar|88/100
|move|p2b: Rillaboom|Wood Hammer|p1a: Gholdengo
|-activate|p1a: Gholdengo|move: Protect
|move|p1b: Incineroar|Parting Shot|p2a: Volcarona
|-unboost|p2a: Volcarona|atk|1
|-unboost|p2a: Volcarona|spa|1
|
|t:|1756602642
|switch|p1b: Sneasler|Sneasler, L50, M|100/100|[from] Parting Shot
|
|-heal|p2a: Volcarona|100/100|[from] Grassy Terrain
|upkeep
|turn|3
|
|t:|1756602652
|-terastallize|p1a: Gholdengo|Water
|move|p1b: Sneasler|Dire Claw|p2b: Rillaboom
|-damage|p2b: Rillaboom|58/100
|move|p2a: Volcarona|Heat Wave|p1b: Sneasler|[spread] p1a,p1b
|-resisted|p1a: Gholdengo
|-damage|p1a: Gholdengo|90/100
|-damage|p1b: Sneasler|68/100
|-status|p1b: Sneasler|brn
|move|p1a: Gholdengo|Make It Rain|p2a: Volcarona|[spread] p2a,p2b
|-resisted|p2a: Volcarona
|-resisted|p2b: Rillaboom
|-damage|p2a: Volcarona|59/100
|-damage|p2b: Rillaboom|22/100
|-unboost|p1a: Gholdengo|spa|1
|move|p2b: Rillaboom|Wood Hammer|p1a: Gholdengo
|-supereffective|p1a: Gholdengo
|-damage|p1a: Gholdengo|0 fnt
|faint|p1a: Gholdengo
|-damage|p2b: Rillaboom|0 fnt|[from] Recoil
|faint|p2b: Rillaboom
|
|-heal|p1b: Sneasler|73/100 brn|[from] Grassy Terrain
|-heal|p2a: Volcarona|66/100|[from] Grassy Terrain
|-heal|p2a: Volcarona|72/100|[from] item: Leftovers
|-damage|p1b: Sneasler|68/100 brn|[from] brn
|upkeep
|
|t:|1756602671
|switch|p1a: Ursaluna|Ursaluna-Bloodmoon, L50, M|100/100
|switch|p2b: Amoonguss|Amoonguss, L50, M|100/100
|turn|4
|inactive|iflamercenar has 30 seconds left.
|
|t:|1756602697
|switch|p2a: Gholdengo|Gholdengo, L50|100/100
|move|p1b: Sneasler|Dire Claw|p2b: Amoonguss
|-damage|p2b: Amoonguss|81/100
|move|p1a: Ursaluna|Blood Moon|p2b: Amoonguss
|-damage|p2b: Amoonguss|16/100
|move|p2b: Amoonguss|Spore|p1a: Ursaluna
|-status|p1a: Ursaluna|slp|[from] move: Spore
|
|-heal|p1b: Sneasler|73/100 brn|[from] Grassy Terrain
|-heal|p2b: Amoonguss|22/100|[from] Grassy Terrain
|-damage|p1b: Sneasler|68/100 brn|[from] brn
|upkeep
|turn|5
|
|t:|1756602713
|switch|p2b: Volcarona|Volcarona, L50, M|72/100
|move|p1b: Sneasler|Throat Chop|p2a: Gholdengo
|-supereffective|p2a: Gholdengo
|-damage|p2a: Gholdengo|72/100
|-start|p2a: Gholdengo|Throat Chop|[silent]
|move|p2a: Gholdengo|Nasty Plot|p2a: Gholdengo
|-boost|p2a: Gholdengo|spa|2
|cant|p1a: Ursaluna|slp
|
|-heal|p1b: Sneasler|73/100 brn|[from] Grassy Terrain
|-heal|p2b: Volcarona|78/100|[from] Grassy Terrain
|-heal|p2b: Volcarona|84/100|[from] item: Leftovers
|-heal|p2a: Gholdengo|78/100|[from] Grassy Terrain
|-damage|p1b: Sneasler|68/100 brn|[from] brn
|-fieldend|move: Grassy Terrain
|upkeep
|turn|6
|
|t:|1756602729
|move|p1b: Sneasler|Throat Chop|p2a: Gholdengo
|-supereffective|p2a: Gholdengo
|-damage|p2a: Gholdengo|48/100
|-enditem|p2a: Gholdengo|Sitrus Berry|[eat]
|-heal|p2a: Gholdengo|73/100|[from] item: Sitrus Berry
|move|p2b: Volcarona|Quiver Dance|p2b: Volcarona
|-boost|p2b: Volcarona|spa|1
|-boost|p2b: Volcarona|spd|1
|-boost|p2b: Volcarona|spe|1
|move|p2a: Gholdengo|Make It Rain|p1a: Ursaluna|[spread] p1a,p1b
|-damage|p1a: Ursaluna|36/100 slp
|-damage|p1b: Sneasler|0 fnt
|-unboost|p2a: Gholdengo|spa|1
|faint|p1b: Sneasler
|-curestatus|p1a: Ursaluna|slp|[msg]
|move|p1a: Ursaluna|Earth Power|p2a: Gholdengo
|-supereffective|p2a: Gholdengo
|-damage|p2a: Gholdengo|0 fnt
|faint|p2a: Gholdengo
|
|-heal|p2b: Volcarona|91/100|[from] item: Leftovers
|upkeep
|
|t:|1756602747
|switch|p1b: Incineroar|Incineroar, L50, F|88/100
|switch|p2a: Amoonguss|Amoonguss, L50, M|56/100
|-ability|p1b: Incineroar|Intimidate|boost
|-unboost|p2a: Amoonguss|atk|1
|-unboost|p2b: Volcarona|atk|1
|turn|7
|inactive|Rat Rizzo has 30 seconds left.
|inactive|Rat Rizzo has 20 seconds left.
|inactive|Rat Rizzo has 15 seconds left.
|inactive|Rat Rizzo has 10 seconds left.
|
|t:|1756602794
|move|p2b: Volcarona|Protect|p2b: Volcarona
|-singleturn|p2b: Volcarona|Protect
|move|p2a: Amoonguss|Protect|p2a: Amoonguss
|-singleturn|p2a: Amoonguss|Protect
|move|p1b: Incineroar|Fake Out|p2a: Amoonguss
|-activate|p2a: Amoonguss|move: Protect
|move|p1a: Ursaluna|Hyper Voice|p2a: Amoonguss|[spread] 
|-activate|p2a: Amoonguss|move: Protect
|-activate|p2b: Volcarona|move: Protect
|
|-heal|p2b: Volcarona|97/100|[from] item: Leftovers
|upkeep
|turn|8
|
|t:|1756602809
|move|p2b: Volcarona|Heat Wave|p1a: Ursaluna|[spread] p1a,p1b
|-resisted|p1b: Incineroar
|-damage|p1a: Ursaluna|0 fnt
|-damage|p1b: Incineroar|68/100
|faint|p1a: Ursaluna
|move|p1b: Incineroar|Flare Blitz|p2b: Volcarona
|-damage|p2b: Volcarona|34/100
|-damage|p1b: Incineroar|47/100|[from] Recoil
|move|p2a: Amoonguss|Sludge Bomb|p1b: Incineroar
|-damage|p1b: Incineroar|26/100
|
|-heal|p2b: Volcarona|40/100|[from] item: Leftovers
|upkeep
|turn|9
|
|t:|1756602821
|move|p2b: Volcarona|Tera Blast|p1b: Incineroar
|-damage|p1b: Incineroar|0 fnt
|faint|p1b: Incineroar
|
|win|iflamercenar
|raw|Rat Rizzo's rating: 1183 → 1166(-17 for losing)
|raw|iflamercenar's rating: 1296 → 1313(+17 for winning)
|c|☆Rat Rizzo|gg
|l|☆iflamercenar
|player|p2|
