|j|☆EgoJJ
|j|☆FlareIsSolar
|html|EgoJJFlareIsSolar    
|uhtml|bestof|Game 1 of a best-of-3
|t:|1756941316
|gametype|doubles
|player|p1|EgoJJ|brock|1167
|player|p2|FlareIsSolar|volkner|1285
|gen|9
|tier|[Gen 9] VGC 2025 Reg H (Bo3)
|rated|
|rule|Species Clause: Limit one of each Pokémon
|rule|Item Clause: Limit 1 of each item
|clearpoke
|poke|p1|Hatterene, L50, F|
|poke|p1|Indeedee-F, L50, F|
|poke|p1|Ursaluna, L50, M|
|poke|p1|Torkoal, L50, M|
|poke|p1|Lilligant-Hisui, L50, F|
|poke|p1|Gallade, L50, M|
|poke|p2|Tyranitar, L50, M|
|poke|p2|Excadrill, L50, F|
|poke|p2|Kommo-o, L50, F|
|poke|p2|Basculegion, L50, M|
|poke|p2|Amoonguss, L50, M|
|poke|p2|Incineroar, L50, M|
|teampreview|4
|showteam|p1|Hatterene||LifeOrb|MagicBounce|ExpandingForce,TrickRoom,DazzlingGleam,Protect|||F|||50|,,,,,Psychic]Indeedee-F||PsychicSeed|PsychicSurge|TrickRoom,FollowMe,HelpingHand,DazzlingGleam|||F|||50|,,,,,Fire]Ursaluna||FlameOrb|Guts|HeadlongRush,Facade,SwordsDance,Protect|||M|||50|,,,,,Ghost]Torkoal||ChoiceSpecs|Drought|Eruption,HeatWave,WeatherBall,EarthPower|||M|||50|,,,,,Fire]Lilligant-Hisui||FocusSash|Chlorophyll|SolarBlade,SleepPowder,CloseCombat,AfterYou|||F|||50|,,,,,Ghost]Gallade||ClearAmulet|Sharpness|PsychoCut,TrickRoom,SacredSword,WideGuard|||M|||50|,,,,,Grass
|showteam|p2|Tyranitar||AssaultVest|SandStream|KnockOff,RockSlide,LowKick,TeraBlast|||M|||50|,,,,,Flying]Excadrill||FocusSash|SandRush|Earthquake,HighHorsepower,IronHead,Protect|||F|||50|,,,,,Ground]Kommo-o||ThroatSpray|Overcoat|ClangorousSoul,ClangingScales,AuraSphere,Protect|||F|||50|,,,,,Steel]Basculegion||ChoiceScarf|Adaptability|WaveCrash,LastRespects,FlipTurn,AquaJet|||M|||50|,,,,,Grass]Amoonguss||SitrusBerry|Regenerator|PollenPuff,Spore,RagePowder,Protect|||M|||50|,,,,,Water]Incineroar||SafetyGoggles|Intimidate|KnockOff,FlareBlitz,PartingShot,FakeOut|||M|||50|,,,,,Ghost
|inactive|Battle timer is ON: inactive players will automatically lose when time's up. (requested by EgoJJ)
|
|t:|1756941345
|teamsize|p1|4
|teamsize|p2|4
|start
|switch|p1a: 紫竽超可愛|Indeedee-F, L50, F, shiny|100/100
|switch|p1b: 紫竽親衛隊|Gallade, L50, M, shiny|100/100
|switch|p2a: Excadrill|Excadrill, L50, F|100/100
|switch|p2b: Amoonguss|Amoonguss, L50, M|100/100
|-fieldstart|move: Psychic Terrain|[from] ability: Psychic Surge|[of] p1a: 紫竽超可愛
|-enditem|p1a: 紫竽超可愛|Psychic Seed
|-boost|p1a: 紫竽超可愛|spd|1|[from] item: Psychic Seed
|turn|1
|inactive|EgoJJ has 30 seconds left.
|inactive|EgoJJ has 20 seconds left.
|inactive|EgoJJ has 15 seconds left.
|inactive|EgoJJ has 10 seconds left.
|
|t:|1756941394
|switch|p2b: Tyranitar|Tyranitar, L50, M|100/100
|-weather|Sandstorm|[from] ability: Sand Stream|[of] p2b: Tyranitar
|move|p1a: 紫竽超可愛|Follow Me|p1a: 紫竽超可愛
|-singleturn|p1a: 紫竽超可愛|move: Follow Me
|move|p2a: Excadrill|Iron Head|p1a: 紫竽超可愛
|-damage|p1a: 紫竽超可愛|58/100
|move|p1b: 紫竽親衛隊|Trick Room|p1b: 紫竽親衛隊
|-fieldstart|move: Trick Room|[of] p1b: 紫竽親衛隊
|
|-weather|Sandstorm|[upkeep]
|-damage|p1b: 紫竽親衛隊|95/100|[from] Sandstorm
|-damage|p1a: 紫竽超可愛|51/100|[from] Sandstorm
|upkeep
|turn|2
|inactive|EgoJJ has 30 seconds left.
|
|t:|1756941429
|switch|p1a: 太樂巴戈斯|Torkoal, L50, M, shiny|100/100
|-weather|SunnyDay|[from] ability: Drought|[of] p1a: 太樂巴戈斯
|-terastallize|p2b: Tyranitar|Flying
|move|p1b: 紫竽親衛隊|Sacred Sword|p2a: Excadrill
|-supereffective|p2a: Excadrill
|-enditem|p2a: Excadrill|Focus Sash
|-damage|p2a: Excadrill|1/100
|move|p2b: Tyranitar|Tera Blast|p1b: 紫竽親衛隊|[anim] Tera Blast Flying
|-supereffective|p1b: 紫竽親衛隊
|-damage|p1b: 紫竽親衛隊|0 fnt
|faint|p1b: 紫竽親衛隊
|move|p2a: Excadrill|High Horsepower|p1a: 太樂巴戈斯
|-supereffective|p1a: 太樂巴戈斯
|-damage|p1a: 太樂巴戈斯|19/100
|
|-weather|SunnyDay|[upkeep]
|upkeep
|inactive|EgoJJ has 30 seconds left.
|
|t:|1756941462
|switch|p1b: 一拳月月熊|Ursaluna, L50, M, shiny|100/100
|turn|3
|inactive|EgoJJ has 30 seconds left.
|
|t:|1756941495
|switch|p2a: Incineroar|Incineroar, L50, M|100/100
|-ability|p2a: Incineroar|Intimidate|boost
|-unboost|p1a: 太樂巴戈斯|atk|1
|-unboost|p1b: 一拳月月熊|atk|1
|-terastallize|p1a: 太樂巴戈斯|Fire
|move|p1a: 太樂巴戈斯|Heat Wave|p2a: Incineroar|[spread] p2a,p2b
|-resisted|p2a: Incineroar
|-damage|p2a: Incineroar|58/100
|-damage|p2b: Tyranitar|47/100
|move|p1b: 一拳月月熊|Facade|p2b: Tyranitar
|-damage|p2b: Tyranitar|27/100
|move|p2b: Tyranitar|Knock Off|p1b: 一拳月月熊
|-damage|p1b: 一拳月月熊|60/100
|-enditem|p1b: 一拳月月熊|Flame Orb|[from] move: Knock Off|[of] p2b: Tyranitar
|
|-weather|SunnyDay|[upkeep]
|upkeep
|turn|4
|
|t:|1756941512
|switch|p2b: Amoonguss|Amoonguss, L50, M|100/100
|move|p1a: 太樂巴戈斯|Heat Wave|p2b: Amoonguss|[spread] p2a
|-miss|p1a: 太樂巴戈斯|p2b: Amoonguss
|-resisted|p2a: Incineroar
|-damage|p2a: Incineroar|21/100
|move|p1b: 一拳月月熊|Headlong Rush|p2a: Incineroar
|-supereffective|p2a: Incineroar
|-damage|p2a: Incineroar|0 fnt
|-unboost|p1b: 一拳月月熊|def|1
|-unboost|p1b: 一拳月月熊|spd|1
|faint|p2a: Incineroar
|
|-weather|SunnyDay|[upkeep]
|upkeep
|
|t:|1756941515
|switch|p2a: Excadrill|Excadrill, L50, F|1/100
|turn|5
|
|t:|1756941535
|switch|p1b: 紫竽超可愛|Indeedee-F, L50, F, shiny|51/100
|move|p2b: Amoonguss|Protect|p2b: Amoonguss
|-singleturn|p2b: Amoonguss|Protect
|move|p2a: Excadrill|Protect|p2a: Excadrill
|-singleturn|p2a: Excadrill|Protect
|move|p1a: 太樂巴戈斯|Heat Wave|p2a: Excadrill|[spread] 
|-activate|p2a: Excadrill|move: Protect
|-activate|p2b: Amoonguss|move: Protect
|
|-weather|SunnyDay|[upkeep]
|-fieldend|move: Trick Room
|-fieldend|move: Psychic Terrain
|upkeep
|turn|6
|-message|EgoJJ forfeited.
|
|win|FlareIsSolar
||FlareIsSolar is ready for game 2.
||EgoJJ is ready for game 2.
|uhtml|next|Next: Game 2 of 3
