|j|☆Quill86
|j|☆huntr/x rumi
|html|Quill86huntr/x rumi    
|uhtml|bestof|Game 2 of a best-of-3
|t:|1757829201
|gametype|doubles
|player|p1|Quill86|lucas|1185
|player|p2|huntr/x rumi|guitarist|1299
|gen|9
|tier|[Gen 9] VGC 2025 Reg H (Bo3)
|rated|
|rule|Species Clause: Limit one of each Pokémon
|rule|Item Clause: Limit 1 of each item
|clearpoke
|poke|p1|Incineroar, L50, M|
|poke|p1|Gholdengo, L50|
|poke|p1|Ursaluna-Bloodmoon, L50, M|
|poke|p1|Indeedee-F, L50, F|
|poke|p1|Gallade, L50, M|
|poke|p1|Torkoal, L50, M|
|poke|p2|Hatterene, L50, F|
|poke|p2|Indeedee-F, L50, F|
|poke|p2|Torkoal, L50, F|
|poke|p2|Ursaluna, L50, M|
|poke|p2|Maushold, L50|
|poke|p2|Malamar, L50, F|
|teampreview|4
|showteam|p1|Incineroar||SafetyGoggles|Intimidate|FakeOut,FlareBlitz,KnockOff,PartingShot|||M|||50|,,,,,Ghost]Gholdengo||SitrusBerry|GoodasGold|MakeItRain,ShadowBall,NastyPlot,Protect||||||50|,,,,,Water]Ursaluna-Bloodmoon||LifeOrb|MindsEye|BloodMoon,HyperVoice,EarthPower,Protect|||M|||50|,,,,,Normal]Indeedee-F||PsychicSeed|PsychicSurge|FollowMe,TrickRoom,HelpingHand,DazzlingGleam|||F|||50|,,,,,Fairy]Gallade||ClearAmulet|Sharpness|SacredSword,PsychoCut,WideGuard,TrickRoom|||M|||50|,,,,,Grass]Torkoal||Leftovers|Drought|Eruption,WeatherBall,Yawn,Protect|||M|||50|,,,,,Fire
|showteam|p2|Hatterene||CovertCloak|MagicBounce|ExpandingForce,DazzlingGleam,TeraBlast,TrickRoom|||F|||50|,,,,,Fire]Indeedee-F||PsychicSeed|PsychicSurge|Psychic,FollowMe,HelpingHand,TrickRoom|||F|||50|,,,,,Water]Torkoal||Charcoal|Drought|Eruption,HeatWave,EarthPower,Overheat|||F|||50|,,,,,Fire]Ursaluna||FlameOrb|Guts|Facade,Earthquake,HeadlongRush,Protect|||M|||50|,,,,,Ghost]Maushold||WideLens|Technician|PopulationBomb,FollowMe,Taunt,Protect||||||50|,,,,,Poison]Malamar||IronBall|Contrary|Superpower,KnockOff,TrickRoom,TopsyTurvy|||F|||50|,,,,,Grass
|
|t:|1757829211
|teamsize|p1|4
|teamsize|p2|4
|start
|switch|p1a: Indeedee|Indeedee-F, L50, F|100/100
|switch|p1b: Gallade|Gallade, L50, M|100/100
|switch|p2a: Maushold|Maushold, L50|100/100
|switch|p2b: Indeedee|Indeedee-F, L50, F|100/100
|-fieldstart|move: Psychic Terrain|[from] ability: Psychic Surge|[of] p1a: Indeedee
|-enditem|p1a: Indeedee|Psychic Seed
|-boost|p1a: Indeedee|spd|1|[from] item: Psychic Seed
|-enditem|p2b: Indeedee|Psychic Seed
|-boost|p2b: Indeedee|spd|1|[from] item: Psychic Seed
|turn|1
|
|t:|1757829233
|move|p1a: Indeedee|Helping Hand|p1b: Gallade
|-singleturn|p1b: Gallade|Helping Hand|[of] p1a: Indeedee
|move|p2b: Indeedee|Follow Me|p2b: Indeedee
|-singleturn|p2b: Indeedee|move: Follow Me
|move|p2a: Maushold|Population Bomb|p1a: Indeedee
|-damage|p1a: Indeedee|90/100
|-damage|p1a: Indeedee|79/100
|-damage|p1a: Indeedee|67/100
|-damage|p1a: Indeedee|56/100
|-damage|p1a: Indeedee|45/100
|-damage|p1a: Indeedee|33/100
|-damage|p1a: Indeedee|21/100
|-damage|p1a: Indeedee|9/100
|-damage|p1a: Indeedee|0 fnt
|faint|p1a: Indeedee
|-hitcount|p1: Indeedee|9
|move|p1b: Gallade|Psycho Cut|p2b: Indeedee
|-resisted|p2b: Indeedee
|-damage|p2b: Indeedee|45/100
|
|upkeep
|
|t:|1757829238
|switch|p1a: Ursaluna|Ursaluna-Bloodmoon, L50, M|100/100
|turn|2
|
|t:|1757829260
|-terastallize|p1a: Ursaluna|Normal
|move|p2b: Indeedee|Helping Hand|p2a: Maushold
|-singleturn|p2a: Maushold|Helping Hand|[of] p2b: Indeedee
|move|p2a: Maushold|Population Bomb|p1a: Ursaluna
|-damage|p1a: Ursaluna|90/100
|-damage|p1a: Ursaluna|79/100
|-damage|p1a: Ursaluna|67/100
|-damage|p1a: Ursaluna|55/100
|-damage|p1a: Ursaluna|44/100
|-crit|p1a: Ursaluna
|-damage|p1a: Ursaluna|28/100
|-damage|p1a: Ursaluna|15/100
|-damage|p1a: Ursaluna|4/100
|-damage|p1a: Ursaluna|0 fnt
|faint|p1a: Ursaluna
|-hitcount|p1: Ursaluna|9
|move|p1b: Gallade|Trick Room|p1b: Gallade
|-fieldstart|move: Trick Room|[of] p1b: Gallade
|
|upkeep
|
|t:|1757829279
|switch|p1a: Torkoal|Torkoal, L50, M|100/100
|-weather|SunnyDay|[from] ability: Drought|[of] p1a: Torkoal
|turn|3
|
|t:|1757829315
|move|p2a: Maushold|Protect|p2a: Maushold
|-singleturn|p2a: Maushold|Protect
|move|p1a: Torkoal|Eruption|p2b: Indeedee|[spread] p2b
|-activate|p2a: Maushold|move: Protect
|-damage|p2b: Indeedee|2/100
|move|p1b: Gallade|Psycho Cut|p2a: Maushold
|-activate|p2a: Maushold|move: Protect
|move|p2b: Indeedee|Psychic|p1b: Gallade
|-damage|p1b: Gallade|66/100
|
|-weather|SunnyDay|[upkeep]
|upkeep
|turn|4
|
|t:|1757829333
|move|p2a: Maushold|Protect||[still]
|-fail|p2a: Maushold
|move|p1a: Torkoal|Eruption|p2a: Maushold|[spread] p2a,p2b
|-damage|p2a: Maushold|0 fnt
|-damage|p2b: Indeedee|0 fnt
|faint|p2a: Maushold
|faint|p2b: Indeedee
|move|p1b: Gallade|Psycho Cut|p2: Maushold|[notarget]
|-fail|p1b: Gallade
|
|-weather|SunnyDay|[upkeep]
|upkeep
|
|t:|1757829336
|switch|p2b: Hatterene|Hatterene, L50, F|100/100
|switch|p2a: Torkoal|Torkoal, L50, F|100/100
|turn|5
|
|t:|1757829352
|-terastallize|p2b: Hatterene|Fire
|move|p1b: Gallade|Wide Guard|p1b: Gallade
|-singleturn|p1b: Gallade|Wide Guard
|move|p2a: Torkoal|Earth Power|p1a: Torkoal
|-supereffective|p1a: Torkoal
|-damage|p1a: Torkoal|29/100
|move|p1a: Torkoal|Eruption|p2a: Torkoal|[spread] p2a,p2b
|-resisted|p2a: Torkoal
|-resisted|p2b: Hatterene
|-damage|p2a: Torkoal|87/100
|-damage|p2b: Hatterene|90/100
|move|p2b: Hatterene|Tera Blast|p1b: Gallade|[anim] Tera Blast Fire
|-damage|p1b: Gallade|0 fnt
|faint|p1b: Gallade
|
|-weather|SunnyDay|[upkeep]
|-heal|p1a: Torkoal|36/100|[from] item: Leftovers
|-fieldend|move: Psychic Terrain
|upkeep
|turn|6
|
|t:|1757829365
|move|p2a: Torkoal|Earth Power|p1a: Torkoal
|-supereffective|p1a: Torkoal
|-damage|p1a: Torkoal|0 fnt
|faint|p1a: Torkoal
|
|win|huntr/x rumi
||huntr/x rumi is ready for game 3.
||Quill86 is ready for game 3.
|uhtml|next|Next: Game 3 of 3
|l|☆Quill86
|player|p1|
