|j|☆Chalky Cheeks
|j|☆noah100800
|html|Chalky Cheeksnoah100800    
|uhtml|bestof|Game 2 of a best-of-3
|t:|1783887392
|gametype|doubles
|player|p1|Chalky Cheeks|102|1198
|player|p2|noah100800|265|1262
|gen|9
|tier|[Gen 9 Champions] VGC 2026 Reg M-B (Bo3)
|rated|
|rule|Species Clause: Limit one of each Pokémon
|rule|Item Clause: Limit 1 of each item
|clearpoke
|poke|p1|Sinistcha-Masterpiece, L50, shiny|
|poke|p1|Volcarona, L50, M|
|poke|p1|Basculegion, L50, M|
|poke|p1|Raichu, L50, M|
|poke|p1|Scrafty, L50, M|
|poke|p1|Ninetales-Alola, L50, M|
|poke|p2|Delphox, L50, F|
|poke|p2|Blastoise, L50, M|
|poke|p2|Sneasler, L50, M|
|poke|p2|Incineroar, L50, M|
|poke|p2|Sinistcha, L50|
|poke|p2|Kingambit, L50, M, shiny|
|teampreview|4
|showteam|p1|Sinistcha-Masterpiece||SitrusBerry|Hospitality|MatchaGotcha,RagePowder,Protect,TrickRoom|Modest|||||50|]Volcarona||LifeOrb|FlameBody|HeatWave,GigaDrain,Protect,QuiverDance|Timid||M|||50|]Basculegion||ChoiceScarf|Adaptability|LastRespects,WaveCrash,Soak,AquaJet|Jolly||M|||50|]Raichu||RaichuniteY|LightningRod|ZapCannon,FocusBlast,Protect,FakeOut|Timid||M|||50|]Scrafty||Scraftinite|Intimidate|KnockOff,CloseCombat,FakeOut,RockTomb|Careful||M|||50|]Ninetales-Alola||FocusSash|SnowWarning|Blizzard,Moonblast,NastyPlot,FreezeDry|Timid||M|||50|
|showteam|p2|Delphox||Delphoxite|Blaze|Protect,NastyPlot,HeatWave,Psyshock|Modest||F|||50|]Blastoise||Blastoisinite|RainDish|Protect,ShellSmash,WaterSpout,DarkPulse|Modest||M|||50|]Sneasler||WhiteHerb|Unburden|CloseCombat,GunkShot,FakeOut,Feint|Jolly||M|||50|]Incineroar||SitrusBerry|Intimidate|FlareBlitz,FakeOut,ThroatChop,PartingShot|Impish||M|||50|]Sinistcha||KasibBerry|Hospitality|Protect,MatchaGotcha,RagePowder,LifeDew|Bold|||||50|]Kingambit||FocusSash|Defiant|Protect,SuckerPunch,KowtowCleave,IronHead|Adamant||M|||50|
|
|t:|1783887429
|teamsize|p1|4
|teamsize|p2|4
|start
|switch|p1a: Sinistcha|Sinistcha-Masterpiece, L50, shiny|100/100
|switch|p1b: Raichu|Raichu, L50, M|100/100
|switch|p2a: Kingambit|Kingambit, L50, M, shiny|100/100
|switch|p2b: Incineroar|Incineroar, L50, M|100/100
|-ability|p2b: Incineroar|Intimidate|boost
|-unboost|p1a: Sinistcha|atk|1
|-unboost|p1b: Raichu|atk|1
|turn|1
|inactive|Battle timer is ON: inactive players will automatically lose when time's up. (requested by Chalky Cheeks)
|inactive|Chalky Cheeks has 60 seconds left.
|
|t:|1783887471
|switch|p2a: Sinistcha|Sinistcha, L50|100/100
|move|p1b: Raichu|Protect|p1b: Raichu
|-singleturn|p1b: Raichu|Protect
|move|p1a: Sinistcha|Protect|p1a: Sinistcha
|-singleturn|p1a: Sinistcha|Protect
|move|p2b: Incineroar|Flare Blitz|p1b: Raichu
|-activate|p1b: Raichu|move: Protect
|
|upkeep
|turn|2
|inactive|Chalky Cheeks has 30 seconds left.
|inactive|noah100800 has 30 seconds left.
|inactive|noah100800 has 20 seconds left.
|inactive|noah100800 has 15 seconds left.
|inactive|noah100800 has 10 seconds left.
|
|t:|1783887518
|switch|p1b: Scrafty|Scrafty, L50, M|100/100
|-ability|p1b: Scrafty|Intimidate|boost
|-unboost|p2a: Sinistcha|atk|1
|-unboost|p2b: Incineroar|atk|1
|switch|p1a: Volcarona|Volcarona, L50, M|100/100
|move|p2a: Sinistcha|Rage Powder|p2a: Sinistcha
|-singleturn|p2a: Sinistcha|move: Rage Powder
|move|p2b: Incineroar|Flare Blitz|p1a: Volcarona
|-damage|p1a: Volcarona|59/100
|-damage|p2b: Incineroar|88/100|[from] Recoil
|
|upkeep
|turn|3
|inactive|noah100800 has 30 seconds left.
|
|t:|1783887551
|switch|p2a: Kingambit|Kingambit, L50, M, shiny|100/100
|move|p1b: Scrafty|Fake Out|p2b: Incineroar
|-damage|p2b: Incineroar|81/100
|move|p1a: Volcarona|Quiver Dance|p1a: Volcarona
|-boost|p1a: Volcarona|spa|1
|-boost|p1a: Volcarona|spd|1
|-boost|p1a: Volcarona|spe|1
|cant|p2b: Incineroar|flinch
|
|upkeep
|turn|4
|inactive|Chalky Cheeks has 30 seconds left.
|inactive|Chalky Cheeks has 20 seconds left.
|inactive|Chalky Cheeks has 15 seconds left.
|inactive|noah100800 has 30 seconds left.
|inactive|Chalky Cheeks has 10 seconds left.
|inactive|Chalky Cheeks has 5 seconds left.
|inactive|noah100800 has 20 seconds left.
|
|t:|1783887604
|switch|p2b: Sinistcha|Sinistcha, L50|100/100
|move|p1a: Volcarona|Protect|p1a: Volcarona
|-singleturn|p1a: Volcarona|Protect
|move|p2a: Kingambit|Sucker Punch||[still]
|-fail|p2a: Kingambit
|move|p1b: Scrafty|Knock Off|p2b: Sinistcha
|-supereffective|p2b: Sinistcha|1
|-damage|p2b: Sinistcha|52/100
|-enditem|p2b: Sinistcha|Kasib Berry|[from] move: Knock Off|[of] p1b: Scrafty
|
|upkeep
|turn|5
|inactive|Chalky Cheeks has 30 seconds left.
|inactive|noah100800 has 30 seconds left.
|
|t:|1783887634
|switch|p2a: Incineroar|Incineroar, L50, M|81/100
|-ability|p2a: Incineroar|Intimidate|boost
|-unboost|p1a: Volcarona|atk|1
|-unboost|p1b: Scrafty|atk|1
|move|p1a: Volcarona|Heat Wave|p2a: Incineroar|[spread] p2a,p2b
|-resisted|p2a: Incineroar|1
|-supereffective|p2b: Sinistcha|1
|-damage|p2a: Incineroar|48/100
|-damage|p2b: Sinistcha|0 fnt
|-enditem|p2a: Incineroar|Sitrus Berry|[eat]
|-heal|p2a: Incineroar|73/100|[from] item: Sitrus Berry
|faint|p2b: Sinistcha
|-damage|p1a: Volcarona|49/100|[from] item: Life Orb
|move|p1b: Scrafty|Knock Off|p2a: Incineroar
|-resisted|p2a: Incineroar|1
|-damage|p2a: Incineroar|68/100
|
|upkeep
|
|t:|1783887650
|switch|p2b: Delphox|Delphox, L50, F|100/100
|turn|6
|
|t:|1783887670
|detailschange|p2b: Delphox|Delphox-Mega, L50, F
|-mega|p2b: Delphox|Delphox|Delphoxite
|move|p1a: Volcarona|Protect|p1a: Volcarona
|-singleturn|p1a: Volcarona|Protect
|move|p2a: Incineroar|Fake Out|p1b: Scrafty
|-damage|p1b: Scrafty|89/100
|move|p2b: Delphox|Nasty Plot|p2b: Delphox
|-boost|p2b: Delphox|spa|2
|cant|p1b: Scrafty|flinch
|
|upkeep
|turn|7
|inactive|Chalky Cheeks has 30 seconds left.
|
|t:|1783887703
|move|p1a: Volcarona|Heat Wave|p2b: Delphox|[spread] p2b
|-miss|p1a: Volcarona|p2a: Incineroar
|-resisted|p2b: Delphox|1
|-damage|p2b: Delphox|75/100
|-damage|p1a: Volcarona|40/100|[from] item: Life Orb
|move|p2b: Delphox|Heat Wave|p1b: Scrafty|[spread] p1a
|-miss|p2b: Delphox|p1b: Scrafty
|-damage|p1a: Volcarona|0 fnt
|faint|p1a: Volcarona
|move|p2a: Incineroar|Parting Shot|p1b: Scrafty
|-unboost|p1b: Scrafty|atk|1
|-unboost|p1b: Scrafty|spa|1
|
|t:|1783887716
|switch|p2a: Kingambit|Kingambit, L50, M, shiny|100/100|[from] Parting Shot
|move|p1b: Scrafty|Rock Tomb|p2b: Delphox
|-supereffective|p2b: Delphox|1
|-damage|p2b: Delphox|56/100
|-unboost|p2b: Delphox|spe|1
|
|upkeep
|
|t:|1783887725
|switch|p1a: Raichu|Raichu, L50, M|100/100
|turn|8
|inactive|Chalky Cheeks has 30 seconds left.
|inactive|Chalky Cheeks has 20 seconds left.
|inactive|Chalky Cheeks has 15 seconds left.
|
|t:|1783887767
|switch|p1a: Sinistcha|Sinistcha-Masterpiece, L50, shiny|100/100
|-heal|p1b: Scrafty|100/100|[from] ability: Hospitality|[of] p1a: Sinistcha
|switch|p2a: Incineroar|Incineroar, L50, M|68/100
|-ability|p2a: Incineroar|Intimidate|boost
|-unboost|p1a: Sinistcha|atk|1
|-unboost|p1b: Scrafty|atk|1
|move|p2b: Delphox|Protect|p2b: Delphox
|-singleturn|p2b: Delphox|Protect
|move|p1b: Scrafty|Knock Off|p2a: Incineroar
|-resisted|p2a: Incineroar|1
|-damage|p2a: Incineroar|65/100
|
|upkeep
|turn|9
|inactive|Chalky Cheeks has 30 seconds left.
|inactive|Chalky Cheeks has 20 seconds left.
|inactive|Chalky Cheeks has 15 seconds left.
|inactive|Chalky Cheeks has 10 seconds left.
|inactive|Chalky Cheeks has 5 seconds left.
|
|t:|1783887817
|move|p1a: Sinistcha|Protect|p1a: Sinistcha
|-singleturn|p1a: Sinistcha|Protect
|move|p2a: Incineroar|Fake Out|p1b: Scrafty
|-damage|p1b: Scrafty|90/100
|move|p2b: Delphox|Heat Wave|p1b: Scrafty|[spread] p1b
|-activate|p1a: Sinistcha|move: Protect
|-damage|p1b: Scrafty|23/100
|cant|p1b: Scrafty|flinch
|
|upkeep
|turn|10
|inactive|Chalky Cheeks has 30 seconds left.
|
|t:|1783887844
|move|p1a: Sinistcha|Rage Powder|p1a: Sinistcha
|-singleturn|p1a: Sinistcha|move: Rage Powder
|move|p2b: Delphox|Heat Wave|p1b: Scrafty|[spread] p1a,p1b
|-supereffective|p1a: Sinistcha|1
|-damage|p1a: Sinistcha|0 fnt
|-damage|p1b: Scrafty|0 fnt
|faint|p1a: Sinistcha
|faint|p1b: Scrafty
|move|p2a: Incineroar|Flare Blitz|p1: Sinistcha|[notarget]
|-fail|p2a: Incineroar
|
|upkeep
|
|t:|1783887848
|switch|p1b: Raichu|Raichu, L50, M|100/100
|turn|11
|
|t:|1783887870
|detailschange|p1b: Raichu|Raichu-Mega-Y, L50, M
|-mega|p1b: Raichu|Raichu|Raichunite Y
|move|p1b: Raichu|Zap Cannon|p2b: Delphox
|-damage|p2b: Delphox|3/100
|-status|p2b: Delphox|par
|move|p2a: Incineroar|Parting Shot|p1b: Raichu
|-unboost|p1b: Raichu|atk|1
|-unboost|p1b: Raichu|spa|1
|
|t:|1783887879
|switch|p2a: Kingambit|Kingambit, L50, M, shiny|100/100|[from] Parting Shot
|move|p2b: Delphox|Psyshock|p1b: Raichu
|-damage|p1b: Raichu|0 fnt
|faint|p1b: Raichu
|
|win|noah100800
|raw|Chalky Cheeks's rating: 1198 → 1178(-20 for losing)
|raw|noah100800's rating: 1262 → 1282(+20 for winning)
|c|☆Chalky Cheeks|Well didnt even matter
|c|☆noah100800|ggs
|c|☆Chalky Cheeks|Gg
|c|☆noah100800|i don’t think it would’ve
|l|☆Chalky Cheeks
|player|p1|
|c|☆noah100800|gambit has sash intact and incin is still about 50%
