|j|☆marcosdeltasena31
|j|☆Hemz0 0
|html|marcosdeltasena31Hemz0 0    
|uhtml|bestof|Game 3 of a best-of-3
|t:|1756614364
|gametype|doubles
|player|p1|marcosdeltasena31|hilbert|1340
|player|p2|Hemz0 0|depotagent|1214
|gen|9
|tier|[Gen 9] VGC 2025 Reg H (Bo3)
|rated|
|rule|Species Clause: Limit one of each Pokémon
|rule|Item Clause: Limit 1 of each item
|clearpoke
|poke|p1|Dragonite, L50, F|
|poke|p1|Sneasler, L50, F|
|poke|p1|Volcarona, L50, M|
|poke|p1|Rillaboom, L50, M|
|poke|p1|Kingambit, L50, F|
|poke|p1|Electabuzz, L50, F|
|poke|p2|Pelipper, L50, M|
|poke|p2|Archaludon, L50, F|
|poke|p2|Incineroar, L50, F|
|poke|p2|Sneasler, L50, F|
|poke|p2|Rillaboom, L50, M|
|poke|p2|Gholdengo, L50|
|teampreview|4
|showteam|p1|Dragonite||LoadedDice|Multiscale|ScaleShot,ExtremeSpeed,Haze,Protect|||F|||50|,,,,,Fairy]Sneasler||FocusSash|PoisonTouch|DireClaw,CloseCombat,FakeOut,Coaching|||F|||50|,,,,,Ghost]Volcarona||CovertCloak|FlameBody|HeatWave,TeraBlast,QuiverDance,Protect|||M|||50|,,,,,Fairy]Rillaboom||AssaultVest|GrassySurge|WoodHammer,FakeOut,GrassyGlide,HighHorsepower|||M|||50|,,,,,Fire]Kingambit||BlackGlasses|Defiant|KowtowCleave,SwordsDance,SuckerPunch,Protect|||F|||50|,,,,,Dark]Electabuzz||Eviolite|VitalSpirit|Electroweb,FollowMe,Taunt,Protect|||F|||50|,,,,,Ghost
|showteam|p2|Pelipper||ChoiceScarf|Drizzle|WeatherBall,Hurricane,Tailwind,Uturn|||M|||50|,,,,,Ghost]Archaludon||PowerHerb|Sturdy|ElectroShot,DragonPulse,FlashCannon,Protect|||F|||50|,,,,,Electric]Incineroar||SafetyGoggles|Intimidate|Taunt,FakeOut,KnockOff,PartingShot|||F|||50|,,,,,Ghost]Sneasler||GrassySeed|Unburden|CloseCombat,DireClaw,ThroatChop,Protect|||F|||50|,,,,,Dark]Rillaboom||AssaultVest|GrassySurge|WoodHammer,GrassyGlide,FakeOut,HighHorsepower|||M|||50|,,,,,Fire]Gholdengo||MetalCoat|GoodasGold|ShadowBall,MakeItRain,NastyPlot,Protect||||||50|,,,,,Fighting
|
|t:|1756614402
|teamsize|p1|4
|teamsize|p2|4
|start
|switch|p1a: Dragonite|Dragonite, L50, F|100/100
|switch|p1b: Sneasler|Sneasler, L50, F|100/100
|switch|p2a: Sabzi Wala|Rillaboom, L50, M, shiny|100/100
|switch|p2b: Gholdengo|Gholdengo, L50|100/100
|-fieldstart|move: Grassy Terrain|[from] ability: Grassy Surge|[of] p2a: Sabzi Wala
|turn|1
|
|t:|1756614413
|move|p1b: Sneasler|Fake Out|p2a: Sabzi Wala
|-damage|p2a: Sabzi Wala|88/100
|cant|p2a: Sabzi Wala|flinch
|move|p1a: Dragonite|Scale Shot|p2a: Sabzi Wala
|-crit|p2a: Sabzi Wala
|-damage|p2a: Sabzi Wala|65/100
|-damage|p2a: Sabzi Wala|51/100
|-damage|p2a: Sabzi Wala|38/100
|-damage|p2a: Sabzi Wala|25/100
|-hitcount|p2a: Sabzi Wala|4
|-unboost|p1a: Dragonite|def|1
|-boost|p1a: Dragonite|spe|1
|move|p2b: Gholdengo|Nasty Plot|p2b: Gholdengo
|-boost|p2b: Gholdengo|spa|2
|
|-heal|p2a: Sabzi Wala|31/100|[from] Grassy Terrain
|upkeep
|turn|2
|
|t:|1756614430
|switch|p2a: Sneasler|Sneasler, L50, F|100/100
|-enditem|p2a: Sneasler|Grassy Seed
|-boost|p2a: Sneasler|def|1|[from] item: Grassy Seed
|move|p1a: Dragonite|Haze|p1a: Dragonite
|-clearallboost
|move|p1b: Sneasler|Close Combat|p2a: Sneasler
|-resisted|p2a: Sneasler
|-damage|p2a: Sneasler|46/100
|-unboost|p1b: Sneasler|def|1
|-unboost|p1b: Sneasler|spd|1
|move|p2b: Gholdengo|Make It Rain|p1b: Sneasler|[spread] p1a,p1b
|-damage|p1a: Dragonite|70/100
|-enditem|p1b: Sneasler|Focus Sash
|-damage|p1b: Sneasler|1/100
|-unboost|p2b: Gholdengo|spa|1
|
|-heal|p2a: Sneasler|52/100|[from] Grassy Terrain
|-heal|p1b: Sneasler|7/100|[from] Grassy Terrain
|upkeep
|turn|3
|
|t:|1756614487
|move|p1a: Dragonite|Extreme Speed|p2a: Sneasler
|-damage|p2a: Sneasler|0 fnt
|faint|p2a: Sneasler
|move|p1b: Sneasler|Dire Claw|p2b: Gholdengo
|-immune|p2b: Gholdengo
|move|p2b: Gholdengo|Nasty Plot|p2b: Gholdengo
|-boost|p2b: Gholdengo|spa|2
|
|-heal|p1b: Sneasler|13/100|[from] Grassy Terrain
|upkeep
|
|t:|1756614493
|switch|p2a: Sabzi Wala|Rillaboom, L50, M, shiny|31/100
|turn|4
|
|t:|1756614505
|move|p1a: Dragonite|Protect|p1a: Dragonite
|-singleturn|p1a: Dragonite|Protect
|move|p2a: Sabzi Wala|Fake Out|p1b: Sneasler
|-damage|p1b: Sneasler|0 fnt
|faint|p1b: Sneasler
|move|p2b: Gholdengo|Nasty Plot|p2b: Gholdengo
|-boost|p2b: Gholdengo|spa|2
|
|-heal|p2a: Sabzi Wala|37/100|[from] Grassy Terrain
|upkeep
|
|t:|1756614512
|switch|p1b: Kingambit|Kingambit, L50, F|100/100
|turn|5
|
|t:|1756614542
|move|p2b: Gholdengo|Protect|p2b: Gholdengo
|-singleturn|p2b: Gholdengo|Protect
|move|p1a: Dragonite|Extreme Speed|p2a: Sabzi Wala
|-damage|p2a: Sabzi Wala|9/100
|move|p2a: Sabzi Wala|High Horsepower|p1b: Kingambit|[miss]
|-miss|p2a: Sabzi Wala|p1b: Kingambit
|move|p1b: Kingambit|Kowtow Cleave|p2b: Gholdengo
|-activate|p2b: Gholdengo|move: Protect
|
|-heal|p2a: Sabzi Wala|15/100|[from] Grassy Terrain
|-fieldend|move: Grassy Terrain
|upkeep
|turn|6
|
|t:|1756614560
|switch|p2a: Pelipper|Pelipper, L50, M|100/100
|-weather|RainDance|[from] ability: Drizzle|[of] p2a: Pelipper
|-terastallize|p2b: Gholdengo|Fighting
|move|p1a: Dragonite|Extreme Speed|p2a: Pelipper
|-damage|p2a: Pelipper|62/100
|move|p2b: Gholdengo|Make It Rain|p1b: Kingambit|[spread] p1a,p1b
|-crit|p1a: Dragonite
|-resisted|p1b: Kingambit
|-damage|p1a: Dragonite|0 fnt
|-damage|p1b: Kingambit|40/100
|-unboost|p2b: Gholdengo|spa|1
|faint|p1a: Dragonite
|move|p1b: Kingambit|Kowtow Cleave|p2b: Gholdengo
|-resisted|p2b: Gholdengo
|-crit|p2b: Gholdengo
|-damage|p2b: Gholdengo|58/100
|
|-weather|RainDance|[upkeep]
|upkeep
|
|t:|1756614566
|switch|p1a: Electabuzz|Electabuzz, L50, F|100/100
|turn|7
|
|t:|1756614620
|move|p2b: Gholdengo|Protect|p2b: Gholdengo
|-singleturn|p2b: Gholdengo|Protect
|move|p1b: Kingambit|Protect|p1b: Kingambit
|-singleturn|p1b: Kingambit|Protect
|move|p2a: Pelipper|Tailwind|p2a: Pelipper
|-sidestart|p2: Hemz0 0|move: Tailwind
|move|p1a: Electabuzz|Electroweb|p2b: Gholdengo|[spread] 
|-activate|p2b: Gholdengo|move: Protect
|-miss|p1a: Electabuzz|p2a: Pelipper
|
|-weather|RainDance|[upkeep]
|upkeep
|turn|8
|
|t:|1756614633
|switch|p2a: Sabzi Wala|Rillaboom, L50, M, shiny|15/100
|-fieldstart|move: Grassy Terrain|[from] ability: Grassy Surge|[of] p2a: Sabzi Wala
|-terastallize|p1b: Kingambit|Dark
|move|p1b: Kingambit|Sucker Punch|p2b: Gholdengo
|-resisted|p2b: Gholdengo
|-damage|p2b: Gholdengo|27/100
|move|p2b: Gholdengo|Make It Rain|p1b: Kingambit|[spread] p1a,p1b
|-resisted|p1a: Electabuzz
|-damage|p1a: Electabuzz|61/100
|-damage|p1b: Kingambit|0 fnt
|-unboost|p2b: Gholdengo|spa|1
|faint|p1b: Kingambit
|move|p1a: Electabuzz|Electroweb|p2b: Gholdengo|[spread] p2a,p2b
|-resisted|p2a: Sabzi Wala
|-damage|p2a: Sabzi Wala|10/100
|-damage|p2b: Gholdengo|12/100
|-unboost|p2a: Sabzi Wala|spe|1
|-unboost|p2b: Gholdengo|spe|1
|
|-weather|RainDance|[upkeep]
|-heal|p2b: Gholdengo|19/100|[from] Grassy Terrain
|-heal|p2a: Sabzi Wala|15/100|[from] Grassy Terrain
|-heal|p1a: Electabuzz|67/100|[from] Grassy Terrain
|upkeep
|turn|9
|
|t:|1756614653
|move|p1a: Electabuzz|Protect|p1a: Electabuzz
|-singleturn|p1a: Electabuzz|Protect
|move|p2a: Sabzi Wala|Fake Out|p1a: Electabuzz
|-activate|p1a: Electabuzz|move: Protect
|move|p2b: Gholdengo|Nasty Plot|p2b: Gholdengo
|-boost|p2b: Gholdengo|spa|2
|
|-weather|RainDance|[upkeep]
|-heal|p2b: Gholdengo|25/100|[from] Grassy Terrain
|-heal|p2a: Sabzi Wala|21/100|[from] Grassy Terrain
|-heal|p1a: Electabuzz|72/100|[from] Grassy Terrain
|upkeep
|turn|10
|
|t:|1756614660
|move|p2b: Gholdengo|Protect|p2b: Gholdengo
|-singleturn|p2b: Gholdengo|Protect
|move|p2a: Sabzi Wala|High Horsepower|p1a: Electabuzz
|-supereffective|p1a: Electabuzz
|-damage|p1a: Electabuzz|27/100
|move|p1a: Electabuzz|Electroweb|p2b: Gholdengo|[spread] 
|-activate|p2b: Gholdengo|move: Protect
|-miss|p1a: Electabuzz|p2a: Sabzi Wala
|
|-weather|none
|-heal|p2b: Gholdengo|31/100|[from] Grassy Terrain
|-heal|p2a: Sabzi Wala|27/100|[from] Grassy Terrain
|-heal|p1a: Electabuzz|33/100|[from] Grassy Terrain
|-sideend|p2: Hemz0 0|move: Tailwind
|upkeep
|turn|11
|
|t:|1756614678
|move|p1a: Electabuzz|Electroweb|p2b: Gholdengo|[spread] p2a,p2b
|-resisted|p2a: Sabzi Wala
|-damage|p2a: Sabzi Wala|23/100
|-damage|p2b: Gholdengo|17/100
|-unboost|p2a: Sabzi Wala|spe|1
|-unboost|p2b: Gholdengo|spe|1
|move|p2b: Gholdengo|Make It Rain|p1a: Electabuzz
|-resisted|p1a: Electabuzz
|-damage|p1a: Electabuzz|0 fnt
|-unboost|p2b: Gholdengo|spa|1
|faint|p1a: Electabuzz
|
|win|Hemz0 0
|raw|marcosdeltasena31's rating: 1340 → 1313(-27 for losing)
|raw|Hemz0 0's rating: 1214 → 1248(+34 for winning)
|c|☆Hemz0 0|gg
|l|☆marcosdeltasena31
|player|p1|
