|j|☆Draikenos
|j|☆Pzgoo
|html|DraikenosPzgoo    
|uhtml|bestof|Game 1 of a best-of-3
|t:|1784182677
|gametype|doubles
|player|p1|Draikenos|170|1212
|player|p2|Pzgoo|1|1264
|gen|9
|tier|[Gen 9 Champions] VGC 2026 Reg M-B (Bo3)
|rated|
|rule|Species Clause: Limit one of each Pokémon
|rule|Item Clause: Limit 1 of each item
|clearpoke
|poke|p1|Swampert, L50, M, shiny|
|poke|p1|Pelipper, L50, M, shiny|
|poke|p1|Grimmsnarl, L50, M, shiny|
|poke|p1|Archaludon, L50, M, shiny|
|poke|p1|Sinistcha-Masterpiece, L50, shiny|
|poke|p1|Mawile, L50, M, shiny|
|poke|p2|Froslass, L50, F|
|poke|p2|Glaceon, L50, M|
|poke|p2|Garchomp, L50, F|
|poke|p2|Talonflame, L50, F|
|poke|p2|Sneasler, L50, M|
|poke|p2|Kingambit, L50, M|
|teampreview|4
|showteam|p1|Swampert||Swampertite|Torrent|Protect,WaveCrash,HighHorsepower,IcePunch|Adamant||M|||50|]Pelipper||FocusSash|Drizzle|Protect,WeatherBall,Hurricane,Tailwind|Modest||M|||50|]Grimmsnarl||LightClay|Prankster|FoulPlay,Reflect,LightScreen,PartingShot|Careful||M|||50|]Archaludon||Leftovers|Stamina|Protect,FlashCannon,DragonPulse,ElectroShot|Modest||M|||50|]Sinistcha-Masterpiece||KasibBerry|Hospitality|RagePowder,MatchaGotcha,LifeDew,TrickRoom|Bold|||||50|]Mawile||Mawilite|HyperCutter|Protect,PlayRough,BrickBreak,SuckerPunch|Adamant||M|||50|
|showteam|p2|Froslass||Froslassite|SnowCloak|Blizzard,ShadowBall,Taunt,Protect|Modest||F|||50|]Glaceon||NeverMeltIce|SnowCloak|FreezeDry,Blizzard,IceShard,Protect|Modest||M|||50|]Garchomp||LifeOrb|RoughSkin|Earthquake,RockSlide,DragonClaw,Protect|Jolly||F|||50|]Talonflame||SharpBeak|GaleWings|FlareBlitz,BraveBird,Tailwind,Protect|Jolly||F|||50|]Sneasler||FocusSash|Unburden|FakeOut,CloseCombat,DireClaw,Protect|Adamant||M|||50|]Kingambit||ChopleBerry|Defiant|KowtowCleave,SuckerPunch,LowKick,Protect|Adamant||M|||50|
|inactive|Battle timer is ON: inactive players will automatically lose when time's up. (requested by Draikenos)
|inactive|Draikenos has 60 seconds left.
|inactive|Draikenos has 30 seconds left.
|inactive|Draikenos has 20 seconds left.
|inactive|Draikenos has 15 seconds left.
|inactive|Draikenos has 10 seconds left.
|inactive|Draikenos has 5 seconds left.
|
|t:|1784182826
|teamsize|p1|4
|teamsize|p2|4
|start
|switch|p1a: Mawile|Mawile, L50, M, shiny|100/100
|switch|p1b: Grimmsnarl|Grimmsnarl, L50, M, shiny|100/100
|switch|p2a: Kingambit|Kingambit, L50, M|100/100
|switch|p2b: Sneasler|Sneasler, L50, M|100/100
|turn|1
|inactive|Pzgoo has 30 seconds left.
|
|t:|1784182861
|move|p1a: Mawile|Protect|p1a: Mawile
|-singleturn|p1a: Mawile|Protect
|move|p1b: Grimmsnarl|Reflect|p1b: Grimmsnarl
|-sidestart|p1: Draikenos|Reflect
|move|p2b: Sneasler|Dire Claw|p1b: Grimmsnarl
|-supereffective|p1b: Grimmsnarl|1
|-damage|p1b: Grimmsnarl|30/100
|-status|p1b: Grimmsnarl|par
|move|p2a: Kingambit|Low Kick|p1b: Grimmsnarl
|-damage|p1b: Grimmsnarl|9/100 par
|
|upkeep
|turn|2
|inactive|Draikenos has 30 seconds left.
|inactive|Pzgoo has 30 seconds left.
|inactive|Draikenos has 20 seconds left.
|inactive|Draikenos has 15 seconds left.
|inactive|Draikenos has 10 seconds left.
|inactive|Pzgoo has 20 seconds left.
|
|t:|1784182908
|switch|p2a: Froslass|Froslass, L50, F|100/100
|detailschange|p1a: Mawile|Mawile-Mega, L50, M, shiny
|-mega|p1a: Mawile|Mawile|Mawilite
|move|p2b: Sneasler|Protect|p2b: Sneasler
|-singleturn|p2b: Sneasler|Protect
|move|p1b: Grimmsnarl|Parting Shot|p2b: Sneasler
|-activate|p2b: Sneasler|move: Protect
|move|p1a: Mawile|Play Rough|p2b: Sneasler
|-activate|p2b: Sneasler|move: Protect
|
|upkeep
|turn|3
|inactive|Draikenos has 30 seconds left.
|inactive|Pzgoo has 30 seconds left.
|inactive|Draikenos has 20 seconds left.
|inactive|Draikenos has 15 seconds left.
|inactive|Draikenos has 10 seconds left.
|inactive|Draikenos has 5 seconds left.
|
|t:|1784182959
|switch|p2a: Kingambit|Kingambit, L50, M|100/100
|move|p1b: Grimmsnarl|Light Screen|p1b: Grimmsnarl
|-sidestart|p1: Draikenos|move: Light Screen
|move|p2b: Sneasler|Dire Claw|p1b: Grimmsnarl
|-supereffective|p1b: Grimmsnarl|1
|-damage|p1b: Grimmsnarl|0 fnt
|faint|p1b: Grimmsnarl
|move|p1a: Mawile|Play Rough|p2b: Sneasler
|-enditem|p2b: Sneasler|Focus Sash
|-damage|p2b: Sneasler|1/100
|
|upkeep
|
|t:|1784182975
|switch|p1b: Pelipper|Pelipper, L50, M, shiny|100/100
|-weather|RainDance|[from] ability: Drizzle|[of] p1b: Pelipper
|turn|4
|inactive|Draikenos has 30 seconds left.
|
|t:|1784183000
|switch|p2b: Glaceon|Glaceon, L50, M|100/100
|move|p1b: Pelipper|Weather Ball|p2a: Kingambit
|-damage|p2a: Kingambit|27/100
|move|p2a: Kingambit|Kowtow Cleave|p1b: Pelipper
|-damage|p1b: Pelipper|61/100
|move|p1a: Mawile|Brick Break|p2a: Kingambit
|-supereffective|p2a: Kingambit|2
|-enditem|p2a: Kingambit|Chople Berry|[eat]
|-enditem|p2a: Kingambit|Chople Berry|[weaken]
|-damage|p2a: Kingambit|0 fnt
|faint|p2a: Kingambit
|
|-weather|RainDance|[upkeep]
|upkeep
|
|t:|1784183009
|switch|p2a: Froslass|Froslass, L50, F|100/100
|turn|5
|
|t:|1784183026
|switch|p1b: Archaludon|Archaludon, L50, M, shiny|100/100
|detailschange|p2a: Froslass|Froslass-Mega, L50, F
|-mega|p2a: Froslass|Froslass|Froslassite
|-weather|Snowscape|[from] ability: Snow Warning|[of] p2a: Froslass
|move|p1a: Mawile|Sucker Punch||[still]
|-fail|p1a: Mawile
|move|p2a: Froslass|Taunt|p1b: Archaludon
|-start|p1b: Archaludon|move: Taunt
|move|p2b: Glaceon|Blizzard|p1b: Archaludon|[spread] p1a,p1b
|-resisted|p1a: Mawile|1
|-damage|p1a: Mawile|77/100
|-damage|p1b: Archaludon|64/100
|-ability|p1b: Archaludon|Stamina|boost
|-boost|p1b: Archaludon|def|1
|
|-weather|Snowscape|[upkeep]
|-heal|p1b: Archaludon|71/100|[from] item: Leftovers
|upkeep
|turn|6
|inactive|Draikenos has 30 seconds left.
|inactive|Draikenos has 20 seconds left.
|inactive|Draikenos has 15 seconds left.
|inactive|Draikenos has 10 seconds left.
|
|t:|1784183073
|move|p2a: Froslass|Blizzard|p1a: Mawile|[spread] p1a,p1b
|-resisted|p1a: Mawile|1
|-damage|p1a: Mawile|58/100
|-damage|p1b: Archaludon|37/100
|-ability|p1b: Archaludon|Stamina|boost
|-boost|p1b: Archaludon|def|1
|move|p1b: Archaludon|Flash Cannon|p2b: Glaceon
|-supereffective|p2b: Glaceon|1
|-damage|p2b: Glaceon|11/100
|move|p2b: Glaceon|Freeze-Dry|p1a: Mawile
|-resisted|p1a: Mawile|1
|-damage|p1a: Mawile|38/100
|move|p1a: Mawile|Play Rough|p2b: Glaceon|[miss]
|-miss|p1a: Mawile|p2b: Glaceon
|
|-weather|Snowscape|[upkeep]
|-heal|p1b: Archaludon|43/100|[from] item: Leftovers
|upkeep
|turn|7
|inactive|Pzgoo has 30 seconds left.
|
|t:|1784183105
|move|p1a: Mawile|Sucker Punch|p2a: Froslass
|-supereffective|p2a: Froslass|1
|-damage|p2a: Froslass|23/100
|move|p2a: Froslass|Blizzard|p1a: Mawile|[spread] p1a,p1b
|-resisted|p1a: Mawile|1
|-damage|p1a: Mawile|19/100
|-damage|p1b: Archaludon|12/100
|-ability|p1b: Archaludon|Stamina|boost
|-boost|p1b: Archaludon|def|1
|move|p1b: Archaludon|Flash Cannon|p2b: Glaceon
|-supereffective|p2b: Glaceon|1
|-damage|p2b: Glaceon|0 fnt
|faint|p2b: Glaceon
|
|-weather|Snowscape|[upkeep]
|-heal|p1b: Archaludon|18/100|[from] item: Leftovers
|-end|p1b: Archaludon|move: Taunt
|upkeep
|
|t:|1784183111
|switch|p2b: Sneasler|Sneasler, L50, M|1/100
|turn|8
|
|t:|1784183126
|move|p1b: Archaludon|Protect|p1b: Archaludon
|-singleturn|p1b: Archaludon|Protect
|move|p1a: Mawile|Protect|p1a: Mawile
|-singleturn|p1a: Mawile|Protect
|move|p2b: Sneasler|Fake Out|p1a: Mawile
|-activate|p1a: Mawile|move: Protect
|move|p2a: Froslass|Shadow Ball|p1b: Archaludon
|-activate|p1b: Archaludon|move: Protect
|
|-weather|Snowscape|[upkeep]
|-heal|p1b: Archaludon|24/100|[from] item: Leftovers
|-sideend|p1: Draikenos|Reflect
|upkeep
|turn|9
|
|t:|1784183149
|move|p2a: Froslass|Protect|p2a: Froslass
|-singleturn|p2a: Froslass|Protect
|move|p1a: Mawile|Sucker Punch|p2b: Sneasler
|-resisted|p2b: Sneasler|1
|-damage|p2b: Sneasler|0 fnt
|faint|p2b: Sneasler
|move|p1b: Archaludon|Flash Cannon|p2a: Froslass
|-activate|p2a: Froslass|move: Protect
|
|-weather|none
|-heal|p1b: Archaludon|30/100|[from] item: Leftovers
|upkeep
|turn|10
|
|t:|1784183162
|move|p1a: Mawile|Sucker Punch|p2a: Froslass
|-supereffective|p2a: Froslass|1
|-damage|p2a: Froslass|0 fnt
|faint|p2a: Froslass
|
|win|Draikenos
|l|☆Pzgoo
|player|p2|
||Pzgoo is ready for game 2.
||Draikenos is ready for game 2.
|uhtml|next|Next: Game 2 of 3
