|j|☆pentagonfoot
|j|☆HalcyonJon
|html|pentagonfootHalcyonJon    
|uhtml|bestof|Game 1 of a best-of-3
|t:|1757656129
|gametype|doubles
|player|p1|pentagonfoot|caitlin|1140
|player|p2|HalcyonJon|pokemonbreeder|1190
|gen|9
|tier|[Gen 9] VGC 2025 Reg H (Bo3)
|rated|
|rule|Species Clause: Limit one of each Pokémon
|rule|Item Clause: Limit 1 of each item
|clearpoke
|poke|p1|Politoed, L50, F|
|poke|p1|Gothitelle, L50, M|
|poke|p1|Incineroar, L50, F|
|poke|p1|Amoonguss, L50, F|
|poke|p1|Kingdra, L50, M|
|poke|p1|Archaludon, L50, F|
|poke|p2|Torkoal, L50, M|
|poke|p2|Indeedee-F, L50, F|
|poke|p2|Glimmora, L50, F|
|poke|p2|Gallade, L50, M|
|poke|p2|Incineroar, L50, M|
|poke|p2|Delphox, L50, F|
|teampreview|4
|showteam|p1|Politoed||Leftovers|Drizzle|Protect,WeatherBall,PerishSong,Encore|||F|||50|,,,,,Grass]Gothitelle||SitrusBerry|ShadowTag|Protect,Psychic,FakeOut,TrickRoom|||M|||50|,,,,,Dark]Incineroar||SafetyGoggles|Intimidate|Protect,KnockOff,FakeOut,PartingShot|||F|||50|,,,,,Ghost]Amoonguss||EjectButton|Regenerator|Protect,RagePowder,PollenPuff,Spore|||F|||50|,,,,,Fairy]Kingdra||LifeOrb|SwiftSwim|Protect,WeatherBall,DracoMeteor,MuddyWater|||M|||50|,,,,,Stellar]Archaludon||PowerHerb|Sturdy|Protect,ElectroShot,DragonPulse,FlashCannon|||F|||50|,,,,,Electric
|showteam|p2|Torkoal||AssaultVest|Drought|Eruption,WeatherBall,SolarBeam,EarthPower|||M|||50|,,,,,Grass]Indeedee-F||RockyHelmet|PsychicSurge|Psychic,FollowMe,HelpingHand,TrickRoom|||F|||50|,,,,,Fairy]Glimmora||FocusSash|ToxicDebris|SludgeBomb,PowerGem,StealthRock,SpikyShield|||F|||50|,,,,,Grass]Gallade||ClearAmulet|Sharpness|SacredSword,PsychoCut,TrickRoom,WideGuard|||M|||50|,,,,,Fire]Incineroar||SafetyGoggles|Intimidate|FlareBlitz,KnockOff,FakeOut,PartingShot|||M|||50|,,,,,Ghost]Delphox||PsychicSeed|Magician|Flamethrower,ExpandingForce,NastyPlot,Protect|||F|||50|,,,,,Dark
|inactive|Battle timer is ON: inactive players will automatically lose when time's up. (requested by pentagonfoot)
|inactive|HalcyonJon has 60 seconds left.
|
|t:|1757656169
|teamsize|p1|4
|teamsize|p2|4
|start
|switch|p1a: ey|Gothitelle, L50, M|100/100
|switch|p1b: ish|Kingdra, L50, M|100/100
|switch|p2a: Sigh...|Incineroar, L50, M|100/100
|switch|p2b: Torkoal|Torkoal, L50, M|100/100
|-ability|p2a: Sigh...|Intimidate|boost
|-unboost|p1a: ey|atk|1
|-unboost|p1b: ish|atk|1
|-weather|SunnyDay|[from] ability: Drought|[of] p2b: Torkoal
|turn|1
|inactive|HalcyonJon has 30 seconds left.
|inactive|HalcyonJon has 20 seconds left.
|
|t:|1757656209
|-terastallize|p2b: Torkoal|Grass
|move|p1b: ish|Protect|p1b: ish
|-singleturn|p1b: ish|Protect
|move|p1a: ey|Protect|p1a: ey
|-singleturn|p1a: ey|Protect
|move|p2a: Sigh...|Fake Out|p1b: ish
|-activate|p1b: ish|move: Protect
|move|p2b: Torkoal|Weather Ball|p1a: ey
|-activate|p1a: ey|move: Protect
|
|-weather|SunnyDay|[upkeep]
|upkeep
|turn|2
|inactive|pentagonfoot has 30 seconds left.
|inactive|HalcyonJon has 30 seconds left.
|inactive|pentagonfoot has 20 seconds left.
|inactive|pentagonfoot has 15 seconds left.
|inactive|pentagonfoot has 10 seconds left.
|inactive|pentagonfoot has 5 seconds left.
|
|t:|1757656260
|-terastallize|p1a: ey|Dark
|move|p1b: ish|Weather Ball|p2b: Torkoal
|-supereffective|p2b: Torkoal
|-damage|p2b: Torkoal|0 fnt
|faint|p2b: Torkoal
|-damage|p1b: ish|91/100|[from] item: Life Orb
|move|p2a: Sigh...|Knock Off|p1a: ey
|-resisted|p1a: ey
|-damage|p1a: ey|82/100
|-enditem|p1a: ey|Sitrus Berry|[from] move: Knock Off|[of] p2a: Sigh...
|move|p1a: ey|Psychic|p2a: Sigh...
|-immune|p2a: Sigh...
|
|-weather|SunnyDay|[upkeep]
|upkeep
|
|t:|1757656281
|switch|p2b: Indeedee|Indeedee-F, L50, F|100/100
|-fieldstart|move: Psychic Terrain|[from] ability: Psychic Surge|[of] p2b: Indeedee
|turn|3
|
|t:|1757656294
|switch|p1a: Wolf|Politoed, L50, F|100/100
|-weather|RainDance|[from] ability: Drizzle|[of] p1a: Wolf
|move|p1b: ish|Weather Ball|p2b: Indeedee
|-damage|p2b: Indeedee|25/100
|-damage|p1b: ish|81/100|[from] item: Life Orb
|move|p2a: Sigh...|Knock Off|p1b: ish
|-damage|p1b: ish|28/100
|-enditem|p1b: ish|Life Orb|[from] move: Knock Off|[of] p2a: Sigh...
|move|p2b: Indeedee|Trick Room|p2b: Indeedee
|-fieldstart|move: Trick Room|[of] p2b: Indeedee
|
|-weather|RainDance|[upkeep]
|upkeep
|turn|4
|inactive|pentagonfoot has 30 seconds left.
|inactive|HalcyonJon has 30 seconds left.
|
|t:|1757656324
|move|p1b: ish|Protect|p1b: ish
|-singleturn|p1b: ish|Protect
|move|p2b: Indeedee|Follow Me|p2b: Indeedee
|-singleturn|p2b: Indeedee|move: Follow Me
|move|p2a: Sigh...|Knock Off|p1a: Wolf
|-damage|p1a: Wolf|57/100
|-enditem|p1a: Wolf|Leftovers|[from] move: Knock Off|[of] p2a: Sigh...
|move|p1a: Wolf|Weather Ball|p2b: Indeedee
|-damage|p2b: Indeedee|0 fnt
|faint|p2b: Indeedee
|
|-weather|RainDance|[upkeep]
|upkeep
|
|t:|1757656335
|switch|p2b: Gallade|Gallade, L50, M|100/100
|turn|5
|
|t:|1757656356
|switch|p1b: con|Incineroar, L50, F|100/100
|-ability|p1b: con|Intimidate|boost
|-unboost|p2a: Sigh...|atk|1
|-fail|p2b: Gallade|unboost|[from] item: Clear Amulet|[of] p2b: Gallade
|move|p1a: Wolf|Protect|p1a: Wolf
|-singleturn|p1a: Wolf|Protect
|move|p2a: Sigh...|Knock Off|p1b: con
|-resisted|p1b: con
|-damage|p1b: con|87/100
|-enditem|p1b: con|Safety Goggles|[from] move: Knock Off|[of] p2a: Sigh...
|move|p2b: Gallade|Sacred Sword|p1a: Wolf
|-activate|p1a: Wolf|move: Protect
|
|-weather|RainDance|[upkeep]
|upkeep
|turn|6
|inactive|HalcyonJon has 30 seconds left.
|
|t:|1757656382
|switch|p1a: ey|Gothitelle, L50, M, tera:Dark|82/100
|move|p1b: con|Protect|p1b: con
|-singleturn|p1b: con|Protect
|move|p2a: Sigh...|Parting Shot|p1b: con
|-activate|p1b: con|move: Protect
|move|p2b: Gallade|Sacred Sword|p1a: ey
|-supereffective|p1a: ey
|-damage|p1a: ey|0 fnt
|faint|p1a: ey
|
|-weather|RainDance|[upkeep]
|upkeep
|
|t:|1757656402
|switch|p1a: ish|Kingdra, L50, M|28/100
|turn|7
|
|t:|1757656417
|move|p1a: ish|Protect|p1a: ish
|-singleturn|p1a: ish|Protect
|move|p1b: con|Parting Shot|p2a: Sigh...
|-unboost|p2a: Sigh...|atk|1
|-unboost|p2a: Sigh...|spa|1
|
|t:|1757656423
|switch|p1b: Wolf|Politoed, L50, F|57/100|[from] Parting Shot
|move|p2a: Sigh...|Knock Off|p1a: ish
|-activate|p1a: ish|move: Protect
|move|p2b: Gallade|Sacred Sword|p1b: Wolf
|-damage|p1b: Wolf|0 fnt
|faint|p1b: Wolf
|
|-weather|none
|-fieldend|move: Trick Room
|-fieldend|move: Psychic Terrain
|upkeep
|-message|pentagonfoot forfeited.
|
|win|HalcyonJon
||pentagonfoot is ready for game 2.
||HalcyonJon is ready for game 2.
|uhtml|next|Next: Game 2 of 3
