|j|☆Reckzz
|j|☆speqtral09
|html|Reckzzspeqtral09    
|uhtml|bestof|Game 3 of a best-of-3
|t:|1784446388
|gametype|doubles
|player|p1|Reckzz|266|1135
|player|p2|speqtral09|102|1025
|gen|9
|tier|[Gen 9 Champions] VGC 2026 Reg M-B (Bo3)
|rated|
|rule|Species Clause: Limit one of each Pokémon
|rule|Item Clause: Limit 1 of each item
|clearpoke
|poke|p1|Sneasler, L50, M|
|poke|p1|Blastoise, L50, M|
|poke|p1|Kingambit, L50, M|
|poke|p1|Incineroar, L50, M|
|poke|p1|Delphox, L50, F|
|poke|p1|Sinistcha, L50|
|poke|p2|Clefable, L50, F|
|poke|p2|Farigiraf, L50, M|
|poke|p2|Camerupt, L50, F|
|poke|p2|Aerodactyl, L50, M|
|poke|p2|Sneasler, L50, F|
|poke|p2|Primarina, L50, F|
|teampreview|4
|showteam|p1|Sneasler||FocusSash|PoisonTouch|PoisonJab,CloseCombat,FakeOut,QuickGuard|Jolly||M|||50|]Blastoise||Blastoisinite|RainDish|DarkPulse,WaterSpout,ShellSmash,Protect|Modest||M|||50|]Kingambit||BlackGlasses|Defiant|KowtowCleave,SuckerPunch,SwordsDance,Protect|Adamant||M|||50|]Incineroar||SitrusBerry|Intimidate|FlareBlitz,HelpingHand,PartingShot,FakeOut|Careful||M|||50|]Delphox||Delphoxite|Blaze|HeatWave,NastyPlot,Psyshock,Protect|Modest||F|||50|]Sinistcha||KasibBerry|Hospitality|MatchaGotcha,RagePowder,TrickRoom,Protect|Bold|||||50|
|showteam|p2|Clefable||SitrusBerry|Unaware|LifeDew,AfterYou,FollowMe,Moonblast|Calm||F|||50|]Farigiraf||ColburBerry|ArmorTail|TrickRoom,HelpingHand,TwinBeam,Thunderbolt|Sassy||M|||50|]Camerupt||Cameruptite|SolidRock|AncientPower,HeatWave,EarthPower,Protect|Modest||F|||50|]Aerodactyl||FocusSash|Unnerve|DualWingbeat,Tailwind,RockSlide,WideGuard|Jolly||M|||50|]Sneasler||WhiteHerb|Unburden|DireClaw,CloseCombat,FakeOut,Protect|Adamant||F|||50|]Primarina||LifeOrb|LiquidVoice|CalmMind,HyperVoice,Moonblast,Protect|Modest||F|||50|
|inactive|Battle timer is ON: inactive players will automatically lose when time's up. (requested by Reckzz)
|
|t:|1784446433
|teamsize|p1|4
|teamsize|p2|4
|start
|switch|p1a: Sinistcha|Sinistcha, L50|100/100
|switch|p1b: Blastoise|Blastoise, L50, M|100/100
|switch|p2a: Clefable|Clefable, L50, F|100/100
|switch|p2b: Primarina|Primarina, L50, F|100/100
|turn|1
|inactive|speqtral09 has 30 seconds left.
|inactive|Reckzz has 30 seconds left.
|inactive|speqtral09 has 20 seconds left.
|
|t:|1784446472
|switch|p2a: Farigiraf|Farigiraf, L50, M|100/100
|detailschange|p1b: Blastoise|Blastoise-Mega, L50, M
|-mega|p1b: Blastoise|Blastoise|Blastoisinite
|move|p1b: Blastoise|Shell Smash|p1b: Blastoise
|-unboost|p1b: Blastoise|def|1
|-unboost|p1b: Blastoise|spd|1
|-boost|p1b: Blastoise|atk|2
|-boost|p1b: Blastoise|spa|2
|-boost|p1b: Blastoise|spe|2
|move|p1a: Sinistcha|Matcha Gotcha|p2b: Primarina|[spread] p2a,p2b
|-supereffective|p2b: Primarina|1
|-damage|p2a: Farigiraf|78/100
|-damage|p2b: Primarina|58/100
|move|p2b: Primarina|Calm Mind|p2b: Primarina
|-boost|p2b: Primarina|spa|1
|-boost|p2b: Primarina|spd|1
|
|upkeep
|turn|2
|inactive|speqtral09 has 30 seconds left.
|inactive|Reckzz has 30 seconds left.
|
|t:|1784446505
|move|p2b: Primarina|Protect|p2b: Primarina
|-singleturn|p2b: Primarina|Protect
|move|p1b: Blastoise|Water Spout|p2a: Farigiraf|[spread] p2a
|-activate|p2b: Primarina|move: Protect
|-damage|p2a: Farigiraf|0 fnt
|faint|p2a: Farigiraf
|move|p1a: Sinistcha|Matcha Gotcha|p2b: Primarina
|-activate|p2b: Primarina|move: Protect
|
|upkeep
|
|t:|1784446517
|switch|p2a: Clefable|Clefable, L50, F|100/100
|turn|3
|
|t:|1784446531
|move|p1b: Blastoise|Water Spout|p2a: Clefable|[spread] p2a,p2b
|-resisted|p2b: Primarina|1
|-damage|p2a: Clefable|49/100
|-damage|p2b: Primarina|24/100
|-enditem|p2a: Clefable|Sitrus Berry|[eat]
|-heal|p2a: Clefable|73/100|[from] item: Sitrus Berry
|move|p1a: Sinistcha|Matcha Gotcha|p2a: Clefable|[spread] p2a,p2b
|-supereffective|p2b: Primarina|1
|-damage|p2a: Clefable|54/100
|-damage|p2b: Primarina|0 fnt
|faint|p2b: Primarina
|move|p2a: Clefable|After You|p2: Primarina|[notarget]
|-fail|p2a: Clefable
|
|upkeep
|
|t:|1784446543
|switch|p2b: Aerodactyl|Aerodactyl, L50, M|100/100
|-ability|p2b: Aerodactyl|Unnerve
|turn|4
|
|t:|1784446565
|move|p1b: Blastoise|Protect|p1b: Blastoise
|-singleturn|p1b: Blastoise|Protect
|move|p2b: Aerodactyl|Tailwind|p2b: Aerodactyl
|-sidestart|p2: speqtral09|move: Tailwind
|move|p2a: Clefable|Moonblast|p1b: Blastoise
|-activate|p1b: Blastoise|move: Protect
|move|p1a: Sinistcha|Matcha Gotcha|p2a: Clefable|[spread] p2a,p2b
|-damage|p2a: Clefable|35/100
|-damage|p2b: Aerodactyl|64/100
|-status|p2a: Clefable|brn
|
|-damage|p2a: Clefable|29/100 brn|[from] brn
|upkeep
|turn|5
|inactive|speqtral09 has 30 seconds left.
|
|t:|1784446594
|move|p1a: Sinistcha|Rage Powder|p1a: Sinistcha
|-singleturn|p1a: Sinistcha|move: Rage Powder
|move|p2b: Aerodactyl|Dual Wingbeat|p1a: Sinistcha
|-supereffective|p1a: Sinistcha|1
|-damage|p1a: Sinistcha|69/100
|-supereffective|p1a: Sinistcha|1
|-damage|p1a: Sinistcha|41/100
|-hitcount|p1a: Sinistcha|2
|move|p1b: Blastoise|Dark Pulse|p2b: Aerodactyl
|-damage|p2b: Aerodactyl|0 fnt
|faint|p2b: Aerodactyl
|move|p2a: Clefable|Moonblast|p1a: Sinistcha
|-damage|p1a: Sinistcha|11/100
|
|-damage|p2a: Clefable|23/100 brn|[from] brn
|upkeep
|turn|6
|
|t:|1784446609
|move|p1a: Sinistcha|Rage Powder|p1a: Sinistcha
|-singleturn|p1a: Sinistcha|move: Rage Powder
|move|p1b: Blastoise|Water Spout|p2a: Clefable
|-damage|p2a: Clefable|0 fnt
|faint|p2a: Clefable
|
|win|Reckzz
|raw|Reckzz's rating: 1135 → 1152(+17 for winning)
|raw|speqtral09's rating: 1025 → 1015(-10 for losing)
|l|☆speqtral09
|player|p2|
