|j|☆citrus12340
|j|☆TOPlagueKnight
|html|citrus12340TOPlagueKnight    
|uhtml|bestof|Game 2 of a best-of-3
|t:|1785401326
|gametype|doubles
|player|p1|citrus12340|170|1091
|player|p2|TOPlagueKnight|emmet|1000
|gen|9
|tier|[Gen 9 Champions] VGC 2026 Reg M-B (Bo3)
|rated|
|rule|Species Clause: Limit one of each Pokémon
|rule|Item Clause: Limit 1 of each item
|clearpoke
|poke|p1|Ceruledge, L50, F|
|poke|p1|Ninetales-Alola, L50, F|
|poke|p1|Incineroar, L50, F|
|poke|p1|Sinistcha, L50|
|poke|p1|Raichu, L50, M|
|poke|p1|Milotic, L50, F|
|poke|p2|Aerodactyl, L50, F|
|poke|p2|Raichu, L50, M|
|poke|p2|Archaludon, L50, M|
|poke|p2|Politoed, L50, M|
|poke|p2|Basculegion, L50, M|
|poke|p2|Swampert, L50, F|
|teampreview|4
|showteam|p1|Ceruledge||ColburBerry|FlashFire|BitterBlade,ShadowSneak,BulkUp,Protect|Adamant||F|||50|]Ninetales-Alola||FocusSash|SnowWarning|Blizzard,FreezeDry,AuroraVeil,Protect|Timid||F|||50|]Incineroar||SitrusBerry|Intimidate|FakeOut,FlareBlitz,PartingShot,ThroatChop|Careful||F|||50|]Sinistcha||KasibBerry|Hospitality|MatchaGotcha,LifeDew,RagePowder,TrickRoom|Bold|||||50|]Raichu||RaichuniteY|LightningRod|FakeOut,ZapCannon,FocusBlast,Protect|Timid||M|||50|]Milotic||Leftovers|Competitive|Coil,Hypnosis,Scald,Protect|Bold||F|||50|
|showteam|p2|Aerodactyl||FocusSash|Pressure|WideGuard,Tailwind,Protect,RockSlide|Jolly||F|||50|]Raichu||RaichuniteY|LightningRod|ZapCannon,FocusBlast,NastyPlot,FakeOut|Timid||M|||50|]Archaludon||Leftovers|Stamina|FlashCannon,DracoMeteor,Thunderbolt,StealthRock|Modest||M|||50|]Politoed||DampRock|Drizzle|Haze,WeatherBall,IceBeam,Encore|Bold||M|||50|]Basculegion||ChoiceScarf|Adaptability|WaveCrash,LastRespects,FlipTurn,AquaJet|Adamant||M|||50|]Swampert||Swampertite|Damp|WaveCrash,Earthquake,IcePunch,Protect|Adamant||F|||50|
|inactive|Battle timer is ON: inactive players will automatically lose when time's up. (requested by citrus12340)
|inactive|citrus12340 has 60 seconds left.
|inactive|TOPlagueKnight has 60 seconds left.
|
|t:|1785401369
|teamsize|p1|4
|teamsize|p2|4
|start
|switch|p1a: Ceruledge|Ceruledge, L50, F|100/100
|switch|p1b: Incineroar|Incineroar, L50, F|100/100
|switch|p2a: Politoed|Politoed, L50, M|100/100
|switch|p2b: Swampert|Swampert, L50, F|100/100
|-weather|RainDance|[from] ability: Drizzle|[of] p2a: Politoed
|-ability|p1b: Incineroar|Intimidate|boost
|-unboost|p2a: Politoed|atk|1
|-unboost|p2b: Swampert|atk|1
|turn|1
|inactive|citrus12340 has 30 seconds left.
|
|t:|1785401400
|switch|p1b: Ninetales|Ninetales-Alola, L50, F|100/100
|-weather|Snowscape|[from] ability: Snow Warning|[of] p1b: Ninetales
|detailschange|p2b: Swampert|Swampert-Mega, L50, F
|-mega|p2b: Swampert|Swampert|Swampertite
|move|p2b: Swampert|Earthquake|p1b: Ninetales|[spread] p2a,p1a,p1b
|-supereffective|p1a: Ceruledge|1
|-damage|p2a: Politoed|72/100
|-damage|p1a: Ceruledge|40/100
|-damage|p1b: Ninetales|69/100
|move|p1a: Ceruledge|Bulk Up|p1a: Ceruledge
|-boost|p1a: Ceruledge|atk|1
|-boost|p1a: Ceruledge|def|1
|move|p2a: Politoed|Weather Ball|p1a: Ceruledge
|-resisted|p1a: Ceruledge|1
|-damage|p1a: Ceruledge|29/100
|
|-weather|Snowscape|[upkeep]
|upkeep
|turn|2
|
|t:|1785401422
|switch|p2a: Aerodactyl|Aerodactyl, L50, F|100/100
|-ability|p2a: Aerodactyl|Pressure
|move|p2b: Swampert|Protect|p2b: Swampert
|-singleturn|p2b: Swampert|Protect
|move|p1b: Ninetales|Freeze-Dry|p2b: Swampert
|-activate|p2b: Swampert|move: Protect
|move|p1a: Ceruledge|Bitter Blade|p2a: Aerodactyl
|-resisted|p2a: Aerodactyl|1
|-damage|p2a: Aerodactyl|52/100
|-heal|p1a: Ceruledge|50/100g|[from] drain|[of] p2a: Aerodactyl
|
|-weather|Snowscape|[upkeep]
|upkeep
|turn|3
|
|t:|1785401446
|switch|p1b: Incineroar|Incineroar, L50, F|100/100
|-ability|p1b: Incineroar|Intimidate|boost
|-unboost|p2a: Aerodactyl|atk|1
|-unboost|p2b: Swampert|atk|1
|switch|p2b: Politoed|Politoed, L50, M|72/100
|-weather|RainDance|[from] ability: Drizzle|[of] p2b: Politoed
|move|p1a: Ceruledge|Protect|p1a: Ceruledge
|-singleturn|p1a: Ceruledge|Protect
|move|p2a: Aerodactyl|Rock Slide|p1b: Incineroar|[spread] p1b
|-activate|p1a: Ceruledge|move: Protect
|-supereffective|p1b: Incineroar|1
|-damage|p1b: Incineroar|69/100
|
|-weather|RainDance|[upkeep]
|upkeep
|turn|4
|inactive|citrus12340 has 30 seconds left.
|inactive|TOPlagueKnight has 30 seconds left.
|
|t:|1785401481
|switch|p2b: Swampert|Swampert-Mega, L50, F|100/100
|move|p1b: Incineroar|Fake Out|p2b: Swampert
|-damage|p2b: Swampert|89/100
|move|p2a: Aerodactyl|Tailwind|p2a: Aerodactyl
|-sidestart|p2: TOPlagueKnight|move: Tailwind
|move|p1a: Ceruledge|Bitter Blade|p2a: Aerodactyl
|-resisted|p2a: Aerodactyl|1
|-damage|p2a: Aerodactyl|29/100
|-heal|p1a: Ceruledge|60/100|[from] drain|[of] p2a: Aerodactyl
|
|-weather|RainDance|[upkeep]
|upkeep
|turn|5
|inactive|citrus12340 has 30 seconds left.
|
|t:|1785401516
|move|p2a: Aerodactyl|Protect|p2a: Aerodactyl
|-singleturn|p2a: Aerodactyl|Protect
|move|p1a: Ceruledge|Protect|p1a: Ceruledge
|-singleturn|p1a: Ceruledge|Protect
|move|p2b: Swampert|Wave Crash|p1a: Ceruledge
|-activate|p1a: Ceruledge|move: Protect
|move|p1b: Incineroar|Parting Shot|p2b: Swampert
|-unboost|p2b: Swampert|atk|1
|-unboost|p2b: Swampert|spa|1
|
|t:|1785401530
|switch|p1b: Raichu|Raichu, L50, M|100/100|[from] Parting Shot
|
|-weather|RainDance|[upkeep]
|upkeep
|turn|6
|
|t:|1785401543
|detailschange|p1b: Raichu|Raichu-Mega-Y, L50, M
|-mega|p1b: Raichu|Raichu|Raichunite Y
|move|p1b: Raichu|Fake Out|p2b: Swampert
|-damage|p2b: Swampert|81/100
|move|p1a: Ceruledge|Shadow Sneak|p2a: Aerodactyl
|-damage|p2a: Aerodactyl|0 fnt
|faint|p2a: Aerodactyl
|cant|p2b: Swampert|flinch
|
|-weather|RainDance|[upkeep]
|upkeep
|
|t:|1785401552
|switch|p2a: Basculegion|Basculegion, L50, M|100/100
|turn|7
|inactive|citrus12340 has 30 seconds left.
|inactive|citrus12340 has 20 seconds left.
|
|t:|1785401590
|switch|p1b: Incineroar|Incineroar, L50, F|69/100
|-ability|p1b: Incineroar|Intimidate|boost
|-unboost|p2a: Basculegion|atk|1
|-unboost|p2b: Swampert|atk|1
|move|p1a: Ceruledge|Protect|p1a: Ceruledge
|-singleturn|p1a: Ceruledge|Protect
|move|p2b: Swampert|Wave Crash|p1a: Ceruledge
|-activate|p1a: Ceruledge|move: Protect
|move|p2a: Basculegion|Wave Crash|p1b: Incineroar
|-supereffective|p1b: Incineroar|1
|-damage|p1b: Incineroar|0 fnt
|faint|p1b: Incineroar
|-damage|p2a: Basculegion|76/100|[from] Recoil
|
|-weather|RainDance|[upkeep]
|-sideend|p2: TOPlagueKnight|move: Tailwind
|upkeep
|
|t:|1785401606
|switch|p1b: Raichu|Raichu-Mega-Y, L50, M|100/100
|turn|8
|
|t:|1785401613
|move|p1b: Raichu|Fake Out|p2b: Swampert
|-damage|p2b: Swampert|73/100
|move|p1a: Ceruledge|Shadow Sneak|p2a: Basculegion
|-supereffective|p2a: Basculegion|1
|-damage|p2a: Basculegion|1/100
|cant|p2b: Swampert|flinch
|move|p2a: Basculegion|Wave Crash|p1b: Raichu
|-damage|p1b: Raichu|0 fnt
|faint|p1b: Raichu
|-damage|p2a: Basculegion|0 fnt|[from] Recoil
|faint|p2a: Basculegion
|
|-weather|RainDance|[upkeep]
|upkeep
|
|t:|1785401625
|switch|p1b: Ninetales|Ninetales-Alola, L50, F|69/100
|switch|p2a: Politoed|Politoed, L50, M|72/100
|-weather|Snowscape|[from] ability: Snow Warning|[of] p1b: Ninetales
|-weather|RainDance|[from] ability: Drizzle|[of] p2a: Politoed
|turn|9
|
|t:|1785401640
|move|p1a: Ceruledge|Shadow Sneak|p2a: Politoed
|-damage|p2a: Politoed|47/100
|move|p2b: Swampert|Wave Crash|p1b: Ninetales
|-damage|p1b: Ninetales|0 fnt
|faint|p1b: Ninetales
|-damage|p2b: Swampert|54/100|[from] Recoil
|move|p2a: Politoed|Weather Ball|p1a: Ceruledge
|-supereffective|p1a: Ceruledge|1
|-damage|p1a: Ceruledge|0 fnt
|faint|p1a: Ceruledge
|
|win|TOPlagueKnight
|raw|citrus12340's rating: 1091 → 1061(-30 for losing)
|raw|TOPlagueKnight's rating: 1000 → 1050(+50 for winning)
|l|☆citrus12340
|player|p1|
