|j|☆rennui-
|j|☆Ozzmousis
|html|rennui-Ozzmousis    
|uhtml|bestof|Game 1 of a best-of-3
|t:|1784925774
|gametype|doubles
|player|p1|rennui-|cheryl|1052
|player|p2|Ozzmousis|2|1000
|gen|9
|tier|[Gen 9 Champions] VGC 2026 Reg M-B (Bo3)
|rated|
|rule|Species Clause: Limit one of each Pokémon
|rule|Item Clause: Limit 1 of each item
|clearpoke
|poke|p1|Kingambit, L50, F, shiny|
|poke|p1|Charizard, L50, M, shiny|
|poke|p1|Aerodactyl, L50, M|
|poke|p1|Farigiraf, L50, M, shiny|
|poke|p1|Garchomp, L50, M|
|poke|p1|Sylveon, L50, F|
|poke|p2|Scolipede, L50, M|
|poke|p2|Sinistcha-Masterpiece, L50|
|poke|p2|Altaria, L50, M|
|poke|p2|Ceruledge, L50, F|
|poke|p2|Annihilape, L50, M|
|poke|p2|Kangaskhan, L50, F|
|teampreview|4
|showteam|p1|Kingambit||FocusSash|Defiant|KowtowCleave,IronHead,SuckerPunch,LowKick|Adamant||F|||50|]Charizard||CharizarditeY|Blaze|HeatWave,SolarBeam,WeatherBall,Protect|Modest||M|||50|]Aerodactyl||Aerodactylite|Unnerve|RockSlide,DualWingbeat,IceFang,Tailwind|Jolly||M|||50|]Farigiraf||SitrusBerry|ArmorTail|TwinBeam,HelpingHand,TrickRoom,Protect|Bold||M|||50|]Garchomp||LifeOrb|RoughSkin|RockTomb,DragonClaw,StompingTantrum,Protect|Jolly||M|||50|]Sylveon||FairyFeather|Pixilate|HyperVoice,HyperBeam,QuickAttack,Protect|Modest||F|||50|
|showteam|p2|Scolipede||Scolipite|SpeedBoost|LeechLife,PoisonJab,Protect,RockSlide|Adamant||M|||50|]Sinistcha-Masterpiece||KasibBerry|Hospitality|LifeDew,MatchaGotcha,RagePowder,TrickRoom|Bold|||||50|]Altaria||SitrusBerry|CloudNine|Tailwind,WillOWisp,Roar,DracoMeteor|Timid||M|||50|]Ceruledge||Leftovers|FlashFire|BulkUp,BitterBlade,ShadowSneak,Protect|Adamant||F|||50|]Annihilape||FocusSash|Defiant|Coaching,RockTomb,CloseCombat,Protect|Jolly||M|||50|]Kangaskhan||Kangaskhanite|Scrappy|FakeOut,IcePunch,DoubleEdge,SuckerPunch|Adamant||F|||50|
|inactive|Battle timer is ON: inactive players will automatically lose when time's up. (requested by Ozzmousis)
|inactive|rennui- also wants the timer to be on.
|inactive|rennui- has 60 seconds left.
|inactive|Ozzmousis has 60 seconds left.
|
|t:|1784925834
|teamsize|p1|4
|teamsize|p2|4
|start
|switch|p1a: Farigiraf|Farigiraf, L50, M, shiny|100/100
|switch|p1b: Kingambit|Kingambit, L50, F, shiny|100/100
|switch|p2a: Scolipede|Scolipede, L50, M|100/100
|switch|p2b: Annihilape|Annihilape, L50, M|100/100
|turn|1
|inactive|rennui- has 30 seconds left.
|inactive|Ozzmousis has 30 seconds left.
|inactive|rennui- has 20 seconds left.
|inactive|Ozzmousis has 20 seconds left.
|inactive|rennui- has 15 seconds left.
|
|t:|1784925876
|switch|p1b: Sylveon|Sylveon, L50, F|100/100
|move|p2b: Annihilape|Coaching|p2a: Scolipede
|-boost|p2a: Scolipede|atk|1
|-boost|p2a: Scolipede|def|1
|move|p2a: Scolipede|Leech Life|p1a: Farigiraf
|-supereffective|p1a: Farigiraf|1
|-damage|p1a: Farigiraf|13/100
|-enditem|p1a: Farigiraf|Sitrus Berry|[eat]
|-heal|p1a: Farigiraf|38/100|[from] item: Sitrus Berry
|move|p1a: Farigiraf|Trick Room|p1a: Farigiraf
|-fieldstart|move: Trick Room|[of] p1a: Farigiraf
|
|-ability|p2a: Scolipede|Speed Boost|boost
|-boost|p2a: Scolipede|spe|1
|upkeep
|turn|2
|inactive|Ozzmousis has 30 seconds left.
|inactive|Ozzmousis has 20 seconds left.
|
|t:|1784925912
|detailschange|p2a: Scolipede|Scolipede-Mega, L50, M
|-mega|p2a: Scolipede|Scolipede|Scolipite
|move|p2b: Annihilape|Protect|p2b: Annihilape
|-singleturn|p2b: Annihilape|Protect
|move|p1a: Farigiraf|Twin Beam|p2a: Scolipede
|-supereffective|p2a: Scolipede|1
|-damage|p2a: Scolipede|61/100
|-supereffective|p2a: Scolipede|1
|-damage|p2a: Scolipede|20/100y
|-hitcount|p2a: Scolipede|2
|move|p1b: Sylveon|Hyper Voice|p2b: Annihilape|[spread] p2a
|-activate|p2b: Annihilape|move: Protect
|-resisted|p2a: Scolipede|1
|-damage|p2a: Scolipede|0 fnt
|faint|p2a: Scolipede
|
|upkeep
|
|t:|1784925927
|switch|p2a: Ceruledge|Ceruledge, L50, F|100/100
|turn|3
|
|t:|1784925948
|move|p1a: Farigiraf|Helping Hand|p1b: Sylveon
|-singleturn|p1b: Sylveon|Helping Hand|[of] p1a: Farigiraf
|move|p1b: Sylveon|Hyper Voice|p2b: Annihilape|[spread] p2a,p2b
|-resisted|p2a: Ceruledge|1
|-supereffective|p2b: Annihilape|1
|-damage|p2a: Ceruledge|62/100
|-enditem|p2b: Annihilape|Focus Sash
|-damage|p2b: Annihilape|1/100
|move|p2a: Ceruledge|Bitter Blade|p1a: Farigiraf
|-damage|p1a: Farigiraf|0 fnt
|-heal|p2a: Ceruledge|87/100|[from] drain|[of] p1a: Farigiraf
|faint|p1a: Farigiraf
|move|p2b: Annihilape|Coaching|p2a: Ceruledge
|-boost|p2a: Ceruledge|atk|1
|-boost|p2a: Ceruledge|def|1
|
|-heal|p2a: Ceruledge|93/100|[from] item: Leftovers
|upkeep
|
|t:|1784925958
|switch|p1a: Kingambit|Kingambit, L50, F, shiny|100/100
|turn|4
|inactive|Ozzmousis has 30 seconds left.
|
|t:|1784925985
|switch|p2b: Altaria|Altaria, L50, M|100/100
|-ability|p2b: Altaria|Cloud Nine
|move|p2a: Ceruledge|Protect|p2a: Ceruledge
|-singleturn|p2a: Ceruledge|Protect
|move|p1b: Sylveon|Hyper Voice|p2b: Altaria|[spread] p2b
|-activate|p2a: Ceruledge|move: Protect
|-supereffective|p2b: Altaria|1
|-damage|p2b: Altaria|13/100
|-enditem|p2b: Altaria|Sitrus Berry|[eat]
|-heal|p2b: Altaria|37/100|[from] item: Sitrus Berry
|move|p1a: Kingambit|Kowtow Cleave|p2a: Ceruledge
|-activate|p2a: Ceruledge|move: Protect
|
|-heal|p2a: Ceruledge|99/100|[from] item: Leftovers
|upkeep
|turn|5
|
|t:|1784926009
|move|p1b: Sylveon|Hyper Voice|p2b: Altaria|[spread] p2a,p2b
|-resisted|p2a: Ceruledge|1
|-supereffective|p2b: Altaria|1
|-damage|p2a: Ceruledge|74/100
|-damage|p2b: Altaria|0 fnt
|faint|p2b: Altaria
|move|p1a: Kingambit|Kowtow Cleave|p2a: Ceruledge
|-supereffective|p2a: Ceruledge|1
|-damage|p2a: Ceruledge|0 fnt
|faint|p2a: Ceruledge
|
|-fieldend|move: Trick Room
|upkeep
|
|t:|1784926021
|switch|p2b: Annihilape|Annihilape, L50, M|1/100
|turn|6
|
|t:|1784926026
|move|p1a: Kingambit|Sucker Punch|p2b: Annihilape
|-damage|p2b: Annihilape|0 fnt
|faint|p2b: Annihilape
|
|win|rennui-
