|j|☆viatles
|j|☆chrizanagi
|html|viatleschrizanagi    
|uhtml|bestof|Game 2 of a best-of-3
|t:|1757019948
|gametype|doubles
|player|p1|viatles|hiker|1024
|player|p2|chrizanagi|wattson|1008
|gen|9
|tier|[Gen 9] VGC 2025 Reg H (Bo3)
|rated|
|rule|Species Clause: Limit one of each Pokémon
|rule|Item Clause: Limit 1 of each item
|clearpoke
|poke|p1|Serperior, L50, M|
|poke|p1|Grimmsnarl, L50, M|
|poke|p1|Empoleon, L50, F|
|poke|p1|Garchomp, L50, M|
|poke|p1|Araquanid, L50, F|
|poke|p1|Garganacl, L50, M|
|poke|p2|Kingambit, L50, M|
|poke|p2|Rillaboom, L50, M|
|poke|p2|Dragapult, L50, F|
|poke|p2|Sneasler, L50, F|
|poke|p2|Incineroar, L50, M|
|poke|p2|Ninetales-Alola, L50, F|
|teampreview|4
|showteam|p1|Serperior||CovertCloak|Contrary|Protect,LeafStorm,TeraBlast,GrassPledge|||M|||50|,,,,,Stellar]Grimmsnarl||LightClay|Prankster|LightScreen,Reflect,SpiritBreak,ThunderWave|||M|||50|,,,,,Ghost]Empoleon||ChopleBerry|Competitive|WaterPledge,FlashCannon,Haze,Protect|||F|||50|,,,,,Grass]Garchomp||LoadedDice|RoughSkin|ScaleShot,Earthquake,IronHead,Protect|||M|||50|,,,,,Steel]Araquanid||SafetyGoggles|WaterBubble|WideGuard,Protect,Liquidation,Infestation|||F|||50|,,,,,Grass]Garganacl||Leftovers|PurifyingSalt|SaltCure,Recover,Protect,ThunderPunch|||M|||50|,,,,,Water
|showteam|p2|Kingambit||BlackGlasses|Defiant|KowtowCleave,SuckerPunch,SwordsDance,Protect|||M|||50|,,,,,Dark]Rillaboom||AssaultVest|GrassySurge|WoodHammer,GrassyGlide,HighHorsepower,FakeOut|||M|||50|,,,,,Fire]Dragapult||ChoiceBand|ClearBody|DragonDarts,PhantomForce,Outrage,Uturn|||F|||50|,,,,,Dragon]Sneasler||FocusSash|PoisonTouch|CloseCombat,DireClaw,FakeOut,Protect|||F|||50|,,,,,Stellar]Incineroar||SafetyGoggles|Intimidate|FakeOut,KnockOff,PartingShot,Protect|||M|||50|,,,,,Ghost]Ninetales-Alola||LightClay|SnowWarning|Blizzard,Encore,IcyWind,AuroraVeil|||F|||50|,,,,,Ghost
|inactive|Battle timer is ON: inactive players will automatically lose when time's up. (requested by chrizanagi)
|
|t:|1757019967
|teamsize|p1|4
|teamsize|p2|4
|start
|switch|p1a: Grimmsnarl|Grimmsnarl, L50, M|100/100
|switch|p1b: Garganacl|Garganacl, L50, M|100/100
|switch|p2a: Dragapult|Dragapult, L50, F|100/100
|switch|p2b: Sneasler|Sneasler, L50, F|100/100
|turn|1
|
|t:|1757019983
|-terastallize|p2a: Dragapult|Dragon
|-terastallize|p1a: Grimmsnarl|Ghost
|move|p1a: Grimmsnarl|Thunder Wave|p2a: Dragapult
|-status|p2a: Dragapult|par
|move|p2b: Sneasler|Dire Claw|p1a: Grimmsnarl
|-resisted|p1a: Grimmsnarl
|-damage|p1a: Grimmsnarl|80/100
|-status|p1a: Grimmsnarl|par
|move|p2a: Dragapult|Dragon Darts|p1b: Garganacl
|-damage|p1b: Garganacl|65/100
|-anim|p2a: Dragapult|Dragon Darts|p1a: Grimmsnarl
|-damage|p1a: Grimmsnarl|33/100 par
|move|p1b: Garganacl|Salt Cure|p2b: Sneasler
|-resisted|p2b: Sneasler
|-damage|p2b: Sneasler|87/100
|-start|p2b: Sneasler|Salt Cure
|
|-heal|p1b: Garganacl|71/100|[from] item: Leftovers
|-damage|p2b: Sneasler|75/100|[from] Salt Cure
|upkeep
|turn|2
|inactive|chrizanagi has 30 seconds left.
|
|t:|1757020011
|cant|p1a: Grimmsnarl|par
|move|p2b: Sneasler|Close Combat|p1b: Garganacl
|-supereffective|p1b: Garganacl
|-damage|p1b: Garganacl|0 fnt
|-unboost|p2b: Sneasler|def|1
|-unboost|p2b: Sneasler|spd|1
|faint|p1b: Garganacl
|move|p2a: Dragapult|Dragon Darts|p1a: Grimmsnarl
|-damage|p1a: Grimmsnarl|0 fnt
|faint|p1a: Grimmsnarl
|
|-damage|p2b: Sneasler|62/100|[from] Salt Cure
|upkeep
|
|t:|1757020023
|switch|p1a: Serperior|Serperior, L50, M|100/100
|switch|p1b: Empoleon|Empoleon, L50, F|100/100
|turn|3
|
|t:|1757020035
|move|p2b: Sneasler|Close Combat|p1b: Empoleon
|-supereffective|p1b: Empoleon
|-enditem|p1b: Empoleon|Chople Berry|[eat]
|-enditem|p1b: Empoleon|Chople Berry|[weaken]
|-damage|p1b: Empoleon|46/100
|-unboost|p2b: Sneasler|def|1
|-unboost|p2b: Sneasler|spd|1
|move|p1a: Serperior|Grass Pledge|p2a: Dragapult
|-waiting|p1a: Serperior|p1b: Empoleon
|move|p1b: Empoleon|Water Pledge|p2a: Dragapult|[from] move: Grass Pledge
|-combine
|-resisted|p2a: Dragapult
|-damage|p2a: Dragapult|60/100 par
|-sidestart|p2: chrizanagi|Grass Pledge
|cant|p2a: Dragapult|par
|
|-damage|p2b: Sneasler|50/100|[from] Salt Cure
|upkeep
|turn|4
|
|t:|1757020058
|switch|p2b: Ninetales|Ninetales-Alola, L50, F|100/100
|-weather|Snowscape|[from] ability: Snow Warning|[of] p2b: Ninetales
|move|p1a: Serperior|Leaf Storm|p2b: Ninetales
|-damage|p2b: Ninetales|45/100
|-boost|p1a: Serperior|spa|2
|move|p1b: Empoleon|Flash Cannon|p2a: Dragapult
|-damage|p2a: Dragapult|17/100 par
|move|p2a: Dragapult|Dragon Darts|p1a: Serperior
|-crit|p1a: Serperior
|-damage|p1a: Serperior|9/100
|-anim|p2a: Dragapult|Dragon Darts|p1b: Empoleon
|-resisted|p1b: Empoleon
|-damage|p1b: Empoleon|24/100
|
|-weather|Snowscape|[upkeep]
|upkeep
|turn|5
|
|t:|1757020081
|move|p1a: Serperior|Protect|p1a: Serperior
|-singleturn|p1a: Serperior|Protect
|move|p1b: Empoleon|Flash Cannon|p2b: Ninetales
|-supereffective|p2b: Ninetales
|-damage|p2b: Ninetales|0 fnt
|faint|p2b: Ninetales
|move|p2a: Dragapult|Dragon Darts|p1b: Empoleon
|-resisted|p1b: Empoleon
|-crit|p1b: Empoleon
|-damage|p1b: Empoleon|0 fnt
|faint|p1b: Empoleon
|
|-weather|Snowscape|[upkeep]
|upkeep
|
|t:|1757020091
|switch|p2b: Sneasler|Sneasler, L50, F|50/100
|turn|6
|c|☆chrizanagi|gg
|c|☆viatles|gg
|
|t:|1757020100
|move|p2b: Sneasler|Fake Out|p1a: Serperior
|-damage|p1a: Serperior|0 fnt
|faint|p1a: Serperior
|
|win|chrizanagi
|raw|viatles's rating: 1024 → 1010(-14 for losing)
|raw|chrizanagi's rating: 1008 → 1049(+41 for winning)
