|j|☆tbpgerard
|j|☆Escalon209
|html|tbpgerardEscalon209    
|uhtml|bestof|Game 2 of a best-of-3
|t:|1757648209
|gametype|doubles
|player|p1|tbpgerard|guitarist|1159
|player|p2|Escalon209|striker|1136
|gen|9
|tier|[Gen 9] VGC 2025 Reg H (Bo3)
|rated|
|rule|Species Clause: Limit one of each Pokémon
|rule|Item Clause: Limit 1 of each item
|clearpoke
|poke|p1|Indeedee-F, L50, F|
|poke|p1|Hatterene, L50, F|
|poke|p1|Gallade, L50, M|
|poke|p1|Ursaluna, L50, M|
|poke|p1|Lilligant-Hisui, L50, F|
|poke|p1|Torkoal, L50, M|
|poke|p2|Torkoal, L50, F|
|poke|p2|Jumpluff, L50, M|
|poke|p2|Charizard, L50, M|
|poke|p2|Porygon2, L50|
|poke|p2|Ursaluna, L50, M|
|poke|p2|Incineroar, L50, M|
|teampreview|4
|showteam|p1|Indeedee-F||SafetyGoggles|PsychicSurge|DazzlingGleam,FollowMe,HelpingHand,TrickRoom|||F|||50|,,,,,Fairy]Hatterene||LifeOrb|MagicBounce|ExpandingForce,DazzlingGleam,Protect,TrickRoom|||F|||50|,,,,,Water]Gallade||ClearAmulet|Sharpness|SacredSword,PsychoCut,WideGuard,TrickRoom|||M|||50|,,,,,Grass]Ursaluna||FlameOrb|Guts|Facade,HeadlongRush,Substitute,Protect|||M|||50|,,,,,Ghost]Lilligant-Hisui||FocusSash|Chlorophyll|CloseCombat,LeafBlade,SleepPowder,AfterYou|||F|||50|,,,,,Ghost]Torkoal||ChoiceSpecs|Drought|Eruption,HeatWave,Flamethrower,ClearSmog|||M|||50|,,,,,Fire
|showteam|p2|Torkoal||Charcoal|Drought|Eruption,HeatWave,EarthPower,Protect|||F|||50|,,,,,Fire]Jumpluff||WideLens|Chlorophyll|RagePowder,SleepPowder,Tailwind,PollenPuff|||M|||50|,,,,,Ghost]Charizard||LifeOrb|SolarPower|HeatWave,Overheat,AirSlash,Protect|||M|||50|,,,,,Ghost]Porygon2||Eviolite|Download|TeraBlast,IceBeam,Recover,TrickRoom||||||50|,,,,,Poison]Ursaluna||FlameOrb|Guts|Earthquake,Facade,Protect,HeadlongRush|||M|||50|,,,,,Ghost]Incineroar||SafetyGoggles|Intimidate|FlareBlitz,KnockOff,PartingShot,FakeOut|||M|||50|,,,,,Bug
|inactive|Battle timer is ON: inactive players will automatically lose when time's up. (requested by Escalon209)
|
|t:|1757648221
|teamsize|p1|4
|teamsize|p2|4
|start
|switch|p1a: labubu|Indeedee-F, L50, F|100/100
|switch|p1b: matcha|Gallade, L50, M|100/100
|switch|p2a: Jumpluff|Jumpluff, L50, M|100/100
|switch|p2b: Charizard|Charizard, L50, M|100/100
|-fieldstart|move: Psychic Terrain|[from] ability: Psychic Surge|[of] p1a: labubu
|turn|1
|
|t:|1757648228
|switch|p2a: Torkoal|Torkoal, L50, F, shiny|100/100
|-weather|SunnyDay|[from] ability: Drought|[of] p2a: Torkoal
|move|p1a: labubu|Follow Me|p1a: labubu
|-singleturn|p1a: labubu|move: Follow Me
|move|p2b: Charizard|Heat Wave|p1a: labubu|[spread] p1a
|-miss|p2b: Charizard|p1b: matcha
|-damage|p1a: labubu|7/100
|-damage|p2b: Charizard|91/100|[from] item: Life Orb
|move|p1b: matcha|Trick Room|p1b: matcha
|-fieldstart|move: Trick Room|[of] p1b: matcha
|
|-weather|SunnyDay|[upkeep]
|-damage|p2b: Charizard|78/100|[from] ability: Solar Power|[of] p2b: Charizard
|upkeep
|turn|2
|inactive|tbpgerard has 30 seconds left.
|
|t:|1757648254
|move|p1b: matcha|Wide Guard|p1b: matcha
|-singleturn|p1b: matcha|Wide Guard
|move|p2a: Torkoal|Earth Power|p1a: labubu
|-damage|p1a: labubu|0 fnt
|faint|p1a: labubu
|move|p2b: Charizard|Overheat|p1b: matcha
|-damage|p1b: matcha|0 fnt
|-unboost|p2b: Charizard|spa|2
|faint|p1b: matcha
|-damage|p2b: Charizard|69/100|[from] item: Life Orb
|
|-weather|SunnyDay|[upkeep]
|-damage|p2b: Charizard|56/100|[from] ability: Solar Power|[of] p2b: Charizard
|upkeep
|
|t:|1757648263
|switch|p1b: fem lit|Torkoal, L50, M|100/100
|switch|p1a: clairo|Hatterene, L50, F, shiny|100/100
|turn|3
|
|t:|1757648283
|move|p2a: Torkoal|Protect|p2a: Torkoal
|-singleturn|p2a: Torkoal|Protect
|move|p2b: Charizard|Protect|p2b: Charizard
|-singleturn|p2b: Charizard|Protect
|move|p1b: fem lit|Flamethrower|p2a: Torkoal
|-activate|p2a: Torkoal|move: Protect
|move|p1a: clairo|Expanding Force|p2a: Torkoal|[spread] 
|-activate|p2a: Torkoal|move: Protect
|-activate|p2b: Charizard|move: Protect
|
|-weather|SunnyDay|[upkeep]
|-damage|p2b: Charizard|44/100|[from] ability: Solar Power|[of] p2b: Charizard
|upkeep
|turn|4
|
|t:|1757648301
|switch|p2a: Jumpluff|Jumpluff, L50, M|100/100
|switch|p2b: Ursaluna|Ursaluna, L50, M|100/100
|-terastallize|p1a: clairo|Water
|move|p1b: fem lit|Flamethrower|p2a: Jumpluff
|-supereffective|p2a: Jumpluff
|-damage|p2a: Jumpluff|0 fnt
|faint|p2a: Jumpluff
|move|p1a: clairo|Expanding Force|p2b: Ursaluna
|-damage|p2b: Ursaluna|0 fnt
|faint|p2b: Ursaluna
|-damage|p1a: clairo|91/100|[from] item: Life Orb
|
|-weather|SunnyDay|[upkeep]
|upkeep
|
|t:|1757648315
|switch|p2b: Charizard|Charizard, L50, M|44/100
|switch|p2a: Torkoal|Torkoal, L50, F, shiny|100/100
|turn|5
|
|t:|1757648323
|move|p2a: Torkoal|Protect|p2a: Torkoal
|-singleturn|p2a: Torkoal|Protect
|move|p2b: Charizard|Protect|p2b: Charizard
|-singleturn|p2b: Charizard|Protect
|move|p1b: fem lit|Flamethrower|p2a: Torkoal
|-activate|p2a: Torkoal|move: Protect
|move|p1a: clairo|Expanding Force|p2b: Charizard|[spread] 
|-activate|p2a: Torkoal|move: Protect
|-activate|p2b: Charizard|move: Protect
|
|-weather|none
|-fieldend|move: Trick Room
|-fieldend|move: Psychic Terrain
|upkeep
|turn|6
|
|t:|1757648347
|move|p2b: Charizard|Air Slash|p1b: fem lit
|-damage|p1b: fem lit|41/100
|-damage|p2b: Charizard|34/100|[from] item: Life Orb
|move|p2a: Torkoal|Earth Power|p1b: fem lit
|-supereffective|p1b: fem lit
|-damage|p1b: fem lit|0 fnt
|faint|p1b: fem lit
|move|p1a: clairo|Trick Room|p1a: clairo
|-fieldstart|move: Trick Room|[of] p1a: clairo
|
|upkeep
|turn|7
|
|t:|1757648362
|-terastallize|p2a: Torkoal|Fire
|move|p1a: clairo|Expanding Force|p2a: Torkoal
|-damage|p2a: Torkoal|25/100
|-damage|p1a: clairo|82/100|[from] item: Life Orb
|move|p2a: Torkoal|Eruption|p1a: clairo
|-resisted|p1a: clairo
|-damage|p1a: clairo|66/100
|move|p2b: Charizard|Overheat|p1a: clairo
|-resisted|p1a: clairo
|-damage|p1a: clairo|26/100
|-unboost|p2b: Charizard|spa|2
|-damage|p2b: Charizard|25/100|[from] item: Life Orb
|
|upkeep
|turn|8
|
|t:|1757648378
|move|p1a: clairo|Expanding Force|p2b: Charizard
|-damage|p2b: Charizard|0 fnt
|faint|p2b: Charizard
|-damage|p1a: clairo|16/100|[from] item: Life Orb
|move|p2a: Torkoal|Earth Power|p1a: clairo
|-damage|p1a: clairo|0 fnt
|faint|p1a: clairo
|
|win|Escalon209
|raw|tbpgerard's rating: 1159 → 1132(-27 for losing)
|raw|Escalon209's rating: 1136 → 1163(+27 for winning)
|l|☆Escalon209
|player|p2|
