|j|☆BeatrizPinzon
|j|☆pawmifleet
|html|BeatrizPinzonpawmifleet    
|uhtml|bestof|Game 2 of a best-of-3
|t:|1784417356
|gametype|doubles
|player|p1|BeatrizPinzon|clerkf|1279
|player|p2|pawmifleet|fisherman-gen4|1201
|gen|9
|tier|[Gen 9 Champions] VGC 2026 Reg M-B (Bo3)
|rated|
|rule|Species Clause: Limit one of each Pokémon
|rule|Item Clause: Limit 1 of each item
|clearpoke
|poke|p1|Swampert, L50, M|
|poke|p1|Sableye, L50, M|
|poke|p1|Pelipper, L50, F|
|poke|p1|Archaludon, L50, M|
|poke|p1|Venusaur, L50, M|
|poke|p1|Gholdengo, L50|
|poke|p2|Incineroar, L50, M|
|poke|p2|Venusaur, L50, M|
|poke|p2|Charizard, L50, M|
|poke|p2|Garchomp, L50, M|
|poke|p2|Toxapex, L50, M|
|poke|p2|Annihilape, L50, F|
|teampreview|4
|showteam|p1|Swampert||Swampertite|Torrent|WaveCrash,HighHorsepower,IcePunch,Protect|Adamant||M|||50|]Sableye||RoseliBerry|Prankster|Encore,LightScreen,Reflect,RainDance|Sassy||M|||50|]Pelipper||SitrusBerry|Drizzle|Hurricane,WeatherBall,Tailwind,WideGuard|Modest||F|||50|]Archaludon||Leftovers|Stamina|DragonPulse,ElectroShot,FlashCannon,Protect|Calm||M|||50|]Venusaur||Venusaurite|Chlorophyll|SludgeBomb,GigaDrain,EarthPower,Protect|Modest||M|||50|]Gholdengo||LifeOrb|GoodasGold|MakeItRain,ShadowBall,PowerGem,Protect|Timid|||||50|
|showteam|p2|Incineroar||SitrusBerry|Intimidate|FakeOut,ThroatChop,FlareBlitz,PartingShot|Impish||M|||50|]Venusaur||LifeOrb|Chlorophyll|SolarBeam,SludgeBomb,EarthPower,Protect|Modest||M|||50|]Charizard||CharizarditeY|Blaze|HeatWave,WeatherBall,HelpingHand,Protect|Modest||M|||50|]Garchomp||ChoiceScarf|RoughSkin|DragonClaw,Earthquake,RockSlide,StompingTantrum|Adamant||M|||50|]Toxapex||Leftovers|Regenerator|Infestation,Toxic,BanefulBunker,WideGuard|Bold||M|||50|]Annihilape||FocusSash|Defiant|PhantomForce,CloseCombat,RockTomb,Protect|Jolly||F|||50|
|
|t:|1784417375
|teamsize|p1|4
|teamsize|p2|4
|start
|switch|p1a: Top G|Sableye, L50, M|100/100
|switch|p1b: Gholdengo|Gholdengo, L50|100/100
|switch|p2a: Venusaur|Venusaur, L50, M|100/100
|switch|p2b: Garchomp|Garchomp, L50, M|100/100
|turn|1
|
|t:|1784417394
|move|p1b: Gholdengo|Protect|p1b: Gholdengo
|-singleturn|p1b: Gholdengo|Protect
|move|p1a: Top G|Reflect|p1a: Top G
|-sidestart|p1: BeatrizPinzon|Reflect
|move|p2b: Garchomp|Stomping Tantrum|p1b: Gholdengo
|-activate|p1b: Gholdengo|move: Protect
|move|p2a: Venusaur|Earth Power|p1b: Gholdengo
|-activate|p1b: Gholdengo|move: Protect
|
|upkeep
|turn|2
|
|t:|1784417413
|switch|p1b: Ororo|Pelipper, L50, F|100/100
|-weather|RainDance|[from] ability: Drizzle|[of] p1b: Ororo
|move|p1a: Top G|Light Screen|p1a: Top G
|-sidestart|p1: BeatrizPinzon|move: Light Screen
|move|p2b: Garchomp|Stomping Tantrum|p1b: Ororo
|-immune|p1b: Ororo
|move|p2a: Venusaur|Earth Power|p1b: Ororo
|-immune|p1b: Ororo
|
|-weather|RainDance|[upkeep]
|upkeep
|turn|3
|
|t:|1784417438
|move|p1a: Top G|Encore|p2a: Venusaur
|-start|p2a: Venusaur|Encore
|move|p2b: Garchomp|Stomping Tantrum|p1a: Top G
|-damage|p1a: Top G|32/100
|move|p2a: Venusaur|Earth Power|p1a: Top G
|-damage|p1a: Top G|3/100
|-damage|p2a: Venusaur|90/100|[from] item: Life Orb
|move|p1b: Ororo|Tailwind|p1b: Ororo
|-sidestart|p1: BeatrizPinzon|move: Tailwind
|
|-weather|RainDance|[upkeep]
|upkeep
|turn|4
|
|t:|1784417458
|switch|p1a: Trevor|Venusaur, L50, M|100/100
|move|p2b: Garchomp|Stomping Tantrum|p1a: Trevor
|-damage|p1a: Trevor|68/100
|move|p1b: Ororo|Hurricane|p2a: Venusaur
|-supereffective|p2a: Venusaur|1
|-damage|p2a: Venusaur|0 fnt
|faint|p2a: Venusaur
|
|-weather|RainDance|[upkeep]
|upkeep
|
|t:|1784417471
|switch|p2a: Charizard|Charizard, L50, M|100/100
|turn|5
|
|t:|1784417480
|switch|p1b: Top G|Sableye, L50, M|3/100
|detailschange|p2a: Charizard|Charizard-Mega-Y, L50, M
|-mega|p2a: Charizard|Charizard|Charizardite Y
|-weather|SunnyDay|[from] ability: Drought|[of] p2a: Charizard
|move|p1a: Trevor|Protect|p1a: Trevor
|-singleturn|p1a: Trevor|Protect
|move|p2b: Garchomp|Stomping Tantrum|p1a: Trevor
|-activate|p1a: Trevor|move: Protect
|move|p2a: Charizard|Heat Wave|p1b: Top G|[spread] p1b
|-activate|p1a: Trevor|move: Protect
|-damage|p1b: Top G|0 fnt
|faint|p1b: Top G
|
|-weather|SunnyDay|[upkeep]
|-sideend|p1: BeatrizPinzon|Reflect
|upkeep
|
|t:|1784417496
|switch|p1b: Ororo|Pelipper, L50, F|100/100
|-weather|RainDance|[from] ability: Drizzle|[of] p1b: Ororo
|turn|6
|
|t:|1784417524
|switch|p2a: Toxapex|Toxapex, L50, M|100/100
|detailschange|p1a: Trevor|Venusaur-Mega, L50, M
|-mega|p1a: Trevor|Venusaur|Venusaurite
|move|p2b: Garchomp|Stomping Tantrum|p1a: Trevor
|-damage|p1a: Trevor|34/100
|move|p1a: Trevor|Earth Power|p2a: Toxapex
|-supereffective|p2a: Toxapex|1
|-damage|p2a: Toxapex|46/100
|move|p1b: Ororo|Weather Ball|p2a: Toxapex
|-resisted|p2a: Toxapex|1
|-damage|p2a: Toxapex|23/100
|
|-weather|RainDance|[upkeep]
|-heal|p2a: Toxapex|29/100|[from] item: Leftovers
|-sideend|p1: BeatrizPinzon|move: Light Screen
|-sideend|p1: BeatrizPinzon|move: Tailwind
|upkeep
|turn|7
|
|t:|1784417551
|move|p1a: Trevor|Protect|p1a: Trevor
|-singleturn|p1a: Trevor|Protect
|move|p2b: Garchomp|Stomping Tantrum|p1a: Trevor
|-activate|p1a: Trevor|move: Protect
|move|p1b: Ororo|Tailwind|p1b: Ororo
|-sidestart|p1: BeatrizPinzon|move: Tailwind
|move|p2a: Toxapex|Toxic|p1a: Trevor
|-activate|p1a: Trevor|move: Protect
|
|-weather|RainDance|[upkeep]
|-heal|p2a: Toxapex|35/100|[from] item: Leftovers
|upkeep
|turn|8
|
|t:|1784417574
|move|p2b: Garchomp|Stomping Tantrum|p1a: Trevor
|-damage|p1a: Trevor|1/100
|move|p1a: Trevor|Giga Drain|p2b: Garchomp
|-damage|p2b: Garchomp|57/100
|-heal|p1a: Trevor|25/100|[from] drain|[of] p2b: Garchomp
|move|p1b: Ororo|Weather Ball|p2b: Garchomp
|-damage|p2b: Garchomp|0 fnt
|faint|p2b: Garchomp
|move|p2a: Toxapex|Toxic|p1a: Trevor
|-immune|p1a: Trevor
|
|-weather|RainDance|[upkeep]
|-heal|p2a: Toxapex|40/100|[from] item: Leftovers
|upkeep
|
|t:|1784417586
|switch|p2b: Charizard|Charizard-Mega-Y, L50, M|100/100
|-weather|SunnyDay|[from] ability: Drought|[of] p2b: Charizard
|turn|9
|
|t:|1784417602
|move|p1a: Trevor|Earth Power|p2a: Toxapex
|-supereffective|p2a: Toxapex|1
|-damage|p2a: Toxapex|0 fnt
|faint|p2a: Toxapex
|move|p1b: Ororo|Hurricane|p2b: Charizard
|-damage|p2b: Charizard|63/100
|-start|p2b: Charizard|confusion
|-activate|p2b: Charizard|confusion
|move|p2b: Charizard|Weather Ball|p1a: Trevor
|-supereffective|p1a: Trevor|1
|-damage|p1a: Trevor|0 fnt
|faint|p1a: Trevor
|
|-weather|SunnyDay|[upkeep]
|upkeep
|
|t:|1784417614
|switch|p1a: Gholdengo|Gholdengo, L50|100/100
|turn|10
|
|t:|1784417622
|move|p1a: Gholdengo|Power Gem|p2b: Charizard
|-supereffective|p2b: Charizard|2
|-damage|p2b: Charizard|0 fnt
|faint|p2b: Charizard
|-damage|p1a: Gholdengo|90/100|[from] item: Life Orb
|
|win|BeatrizPinzon
|raw|BeatrizPinzon's rating: 1279 → 1298(+19 for winning)
|raw|pawmifleet's rating: 1201 → 1182(-19 for losing)
