|j|☆cro0kid
|j|☆rowansmuscleshirt
|html|cro0kidrowansmuscleshirt    
|uhtml|bestof|Game 2 of a best-of-3
|t:|1757698219
|gametype|doubles
|player|p1|cro0kid|wallace|1230
|player|p2|rowansmuscleshirt|ltsurge|1202
|gen|9
|tier|[Gen 9] VGC 2025 Reg H (Bo3)
|rated|
|rule|Species Clause: Limit one of each Pokémon
|rule|Item Clause: Limit 1 of each item
|clearpoke
|poke|p1|Glimmora, L50, F|
|poke|p1|Dondozo, L50, F|
|poke|p1|Tatsugiri, L50, F|
|poke|p1|Gliscor, L50, F|
|poke|p1|Gholdengo, L50|
|poke|p1|Rillaboom, L50, M|
|poke|p2|Dragonite, L50, M|
|poke|p2|Gholdengo, L50|
|poke|p2|Ursaluna-Bloodmoon, L50, M|
|poke|p2|Pelipper, L50, M|
|poke|p2|Archaludon, L50, M|
|poke|p2|Basculegion, L50, M|
|teampreview|4
|showteam|p1|Glimmora||CovertCloak|ToxicDebris|PowerGem,MortalSpin,EarthPower,SpikyShield|||F|||50|,,,,,Grass]Dondozo||Leftovers|Unaware|WaveCrash,OrderUp,Protect,Earthquake|||F|||50|,,,,,Grass]Tatsugiri||WideLens|Commander|MuddyWater,DracoMeteor,IcyWind,Protect|||F|||50|,,,,,Dragon]Gliscor||ToxicOrb|PoisonHeal|Facade,Earthquake,Protect,SwordsDance|||F|||50|,,,,,Normal]Gholdengo||ChoiceSpecs|GoodasGold|MakeItRain,ShadowBall,Trick,Thunderbolt||||||50|,,,,,Steel]Rillaboom||AssaultVest|GrassySurge|Uturn,WoodHammer,GrassyGlide,FakeOut|||M|||50|,,,,,Grass
|showteam|p2|Dragonite||LoadedDice|Multiscale|ScaleShot,IceSpinner,Haze,Protect|||M|||50|,,,,,Fairy]Gholdengo||LifeOrb|GoodasGold|MakeItRain,ShadowBall,NastyPlot,Protect||||||50|,,,,,Water]Ursaluna-Bloodmoon||AssaultVest|MindsEye|BloodMoon,EarthPower,HyperVoice,VacuumWave|||M|||50|,,,,,Water]Pelipper||FocusSash|Drizzle|WeatherBall,Hurricane,Tailwind,Protect|||M|||50|,,,,,Stellar]Archaludon||PowerHerb|Sturdy|Thunderbolt,ElectroShot,FlashCannon,Protect|||M|||50|,,,,,Electric]Basculegion||ChoiceBand|SwiftSwim|WaveCrash,FlipTurn,LastRespects,AquaJet|||M|||50|,,,,,Grass
|inactive|Battle timer is ON: inactive players will automatically lose when time's up. (requested by rowansmuscleshirt)
|
|t:|1757698237
|teamsize|p1|4
|teamsize|p2|4
|start
|switch|p1a: Gholdengo|Gholdengo, L50|100/100
|switch|p1b: Glimmora|Glimmora, L50, F|100/100
|switch|p2a: Pelipper|Pelipper, L50, M|100/100
|switch|p2b: Basculegion|Basculegion, L50, M|100/100
|-weather|RainDance|[from] ability: Drizzle|[of] p2a: Pelipper
|turn|1
|
|t:|1757698248
|switch|p1a: Rillaboom|Rillaboom, L50, M|100/100
|-fieldstart|move: Grassy Terrain|[from] ability: Grassy Surge|[of] p1a: Rillaboom
|move|p2b: Basculegion|Wave Crash|p1a: Rillaboom
|-resisted|p1a: Rillaboom
|-damage|p1a: Rillaboom|42/100
|-damage|p2b: Basculegion|80/100|[from] Recoil
|move|p2a: Pelipper|Tailwind|p2a: Pelipper
|-sidestart|p2: rowansmuscleshirt|move: Tailwind
|move|p1b: Glimmora|Power Gem|p2a: Pelipper
|-supereffective|p2a: Pelipper
|-enditem|p2a: Pelipper|Focus Sash
|-damage|p2a: Pelipper|1/100
|
|-weather|RainDance|[upkeep]
|-heal|p2b: Basculegion|86/100|[from] Grassy Terrain
|-heal|p1a: Rillaboom|47/100|[from] Grassy Terrain
|upkeep
|turn|2
|inactive|cro0kid has 30 seconds left.
|
|t:|1757698277
|move|p2a: Pelipper|Protect|p2a: Pelipper
|-singleturn|p2a: Pelipper|Protect
|move|p1a: Rillaboom|Grassy Glide|p2b: Basculegion
|-supereffective|p2b: Basculegion
|-damage|p2b: Basculegion|0 fnt
|faint|p2b: Basculegion
|move|p1b: Glimmora|Mortal Spin|p2a: Pelipper
|-activate|p2a: Pelipper|move: Protect
|
|-weather|RainDance|[upkeep]
|-heal|p1a: Rillaboom|53/100|[from] Grassy Terrain
|upkeep
|
|t:|1757698288
|switch|p2b: Gholdengo|Gholdengo, L50|100/100
|turn|3
|
|t:|1757698300
|switch|p2a: Dragonite|Dragonite, L50, M|100/100
|switch|p1b: Gliscor|Gliscor, L50, F|100/100
|move|p1a: Rillaboom|Grassy Glide|p2a: Dragonite
|-resisted|p2a: Dragonite
|-damage|p2a: Dragonite|96/100
|move|p2b: Gholdengo|Nasty Plot|p2b: Gholdengo
|-boost|p2b: Gholdengo|spa|2
|
|-weather|RainDance|[upkeep]
|-heal|p1a: Rillaboom|59/100|[from] Grassy Terrain
|-status|p1b: Gliscor|tox|[from] item: Toxic Orb
|upkeep
|turn|4
|inactive|cro0kid has 30 seconds left.
|inactive|rowansmuscleshirt has 30 seconds left.
|inactive|cro0kid has 20 seconds left.
|inactive|rowansmuscleshirt has 20 seconds left.
|
|t:|1757698336
|move|p2b: Gholdengo|Make It Rain|p1a: Rillaboom|[spread] p1a,p1b
|-damage|p1a: Rillaboom|0 fnt
|-damage|p1b: Gliscor|0 fnt
|-unboost|p2b: Gholdengo|spa|1
|faint|p1a: Rillaboom
|faint|p1b: Gliscor
|-damage|p2b: Gholdengo|91/100|[from] item: Life Orb
|move|p2a: Dragonite|Scale Shot|p1: Rillaboom|[notarget]
|-fail|p2a: Dragonite
|
|-weather|RainDance|[upkeep]
|-heal|p2b: Gholdengo|97/100|[from] Grassy Terrain
|-sideend|p2: rowansmuscleshirt|move: Tailwind
|upkeep
|
|t:|1757698342
|switch|p1b: Glimmora|Glimmora, L50, F|100/100
|switch|p1a: Gholdengo|Gholdengo, L50|100/100
|turn|5
|
|t:|1757698366
|-terastallize|p1a: Gholdengo|Steel
|move|p2b: Gholdengo|Protect|p2b: Gholdengo
|-singleturn|p2b: Gholdengo|Protect
|move|p2a: Dragonite|Protect|p2a: Dragonite
|-singleturn|p2a: Dragonite|Protect
|move|p1a: Gholdengo|Shadow Ball|p2b: Gholdengo
|-activate|p2b: Gholdengo|move: Protect
|move|p1b: Glimmora|Power Gem|p2a: Dragonite
|-activate|p2a: Dragonite|move: Protect
|
|-weather|none
|-heal|p2b: Gholdengo|100/100|[from] Grassy Terrain
|-fieldend|move: Grassy Terrain
|upkeep
|turn|6
|
|t:|1757698381
|-terastallize|p2b: Gholdengo|Water
|move|p1b: Glimmora|Spiky Shield|p1b: Glimmora
|-singleturn|p1b: Glimmora|move: Protect
|move|p1a: Gholdengo|Shadow Ball|p2b: Gholdengo
|-damage|p2b: Gholdengo|33/100
|move|p2b: Gholdengo|Make It Rain|p1b: Glimmora|[spread] p1a
|-activate|p1b: Glimmora|move: Protect
|-resisted|p1a: Gholdengo
|-damage|p1a: Gholdengo|50/100
|-unboost|p2b: Gholdengo|spa|1
|-damage|p2b: Gholdengo|23/100|[from] item: Life Orb
|move|p2a: Dragonite|Scale Shot|p1b: Glimmora
|-activate|p1b: Glimmora|move: Protect
|
|upkeep
|turn|7
|
|t:|1757698404
|move|p2b: Gholdengo|Protect|p2b: Gholdengo
|-singleturn|p2b: Gholdengo|Protect
|move|p1a: Gholdengo|Shadow Ball|p2b: Gholdengo
|-activate|p2b: Gholdengo|move: Protect
|move|p2a: Dragonite|Scale Shot|p1a: Gholdengo
|-resisted|p1a: Gholdengo
|-damage|p1a: Gholdengo|41/100
|-resisted|p1a: Gholdengo
|-damage|p1a: Gholdengo|32/100
|-resisted|p1a: Gholdengo
|-damage|p1a: Gholdengo|24/100
|-resisted|p1a: Gholdengo
|-damage|p1a: Gholdengo|15/100
|-resisted|p1a: Gholdengo
|-damage|p1a: Gholdengo|7/100
|-hitcount|p1a: Gholdengo|5
|-unboost|p2a: Dragonite|def|1
|-boost|p2a: Dragonite|spe|1
|move|p1b: Glimmora|Power Gem|p2a: Dragonite
|-supereffective|p2a: Dragonite
|-damage|p2a: Dragonite|0 fnt
|faint|p2a: Dragonite
|
|upkeep
|
|t:|1757698418
|switch|p2a: Pelipper|Pelipper, L50, M|1/100
|-weather|RainDance|[from] ability: Drizzle|[of] p2a: Pelipper
|turn|8
|
|t:|1757698424
|move|p1a: Gholdengo|Shadow Ball|p2b: Gholdengo
|-damage|p2b: Gholdengo|0 fnt
|faint|p2b: Gholdengo
|move|p2a: Pelipper|Tailwind|p2a: Pelipper
|-sidestart|p2: rowansmuscleshirt|move: Tailwind
|move|p1b: Glimmora|Power Gem|p2a: Pelipper
|-supereffective|p2a: Pelipper
|-damage|p2a: Pelipper|0 fnt
|faint|p2a: Pelipper
|
|win|cro0kid
||rowansmuscleshirt is ready for game 3.
||cro0kid is ready for game 3.
|uhtml|next|Next: Game 3 of 3
