|j|☆TurtleGamin2
|j|☆rknsx17
|html|TurtleGamin2rknsx17    
|uhtml|bestof|Game 3 of a best-of-3
|t:|1783469690
|gametype|doubles
|player|p1|TurtleGamin2|wallace|1000
|player|p2|rknsx17|steven|1143
|gen|9
|tier|[Gen 9 Champions] VGC 2026 Reg M-B (Bo3)
|rated|
|rule|Species Clause: Limit one of each Pokémon
|rule|Item Clause: Limit 1 of each item
|clearpoke
|poke|p1|Scizor, L50, M|
|poke|p1|Floette-Eternal, L50, F|
|poke|p1|Maushold-Four, L50|
|poke|p1|Altaria, L50, M|
|poke|p1|Annihilape, L50, M|
|poke|p1|Araquanid, L50, F|
|poke|p2|Blaziken, L50, M|
|poke|p2|Kingambit, L50, F|
|poke|p2|Torkoal, L50, M|
|poke|p2|Aerodactyl, L50, M|
|poke|p2|Primarina, L50, F|
|poke|p2|Scizor, L50, M|
|teampreview|4
|showteam|p1|Scizor||Scizorite|Technician|BugBite,BulletPunch,SwordsDance,Protect|Adamant||M|||50|]Floette-Eternal||Floettite|FlowerVeil|Moonblast,DazzlingGleam,CalmMind,Protect|Modest||F|||50|]Maushold-Four||WideLens|FriendGuard|PopulationBomb,BeatUp,Protect,FollowMe|Serious|||||50|]Altaria||SitrusBerry|CloudNine|DragonPulse,Tailwind,Haze,Protect|Calm||M|||50|]Annihilape||LifeOrb|Defiant|RageFist,CloseCombat,DrainPunch,Protect|Jolly||M|||50|]Araquanid||Leftovers|WaterBubble|Liquidation,LeechLife,StickyWeb,Protect|Careful||F|||50|
|showteam|p2|Blaziken||Blazikenite|SpeedBoost|FlareBlitz,CloseCombat,RockSlide,Protect|Adamant||M|||50|]Kingambit||LifeOrb|Defiant|KowtowCleave,IronHead,LowKick,SuckerPunch|Adamant||F|||50|]Torkoal||Leftovers|Drought|BurningJealousy,Yawn,WeatherBall,Protect|Relaxed||M|||50|]Aerodactyl||FocusSash|Unnerve|DualWingbeat,WideGuard,Tailwind,RockSlide|Jolly||M|||50|]Primarina||ExpertBelt|LiquidVoice|CalmMind,HyperVoice,Moonblast,Protect|Modest||F|||50|]Scizor||Scizorite|Technician|BulletPunch,BugBite,SwordsDance,Protect|Adamant||M|||50|
|inactive|Battle timer is ON: inactive players will automatically lose when time's up. (requested by TurtleGamin2)
|
|t:|1783469723
|teamsize|p1|4
|teamsize|p2|4
|start
|switch|p1a: Scizor|Scizor, L50, M|100/100
|switch|p1b: Araquanid|Araquanid, L50, F|100/100
|switch|p2a: Aerodactyl|Aerodactyl, L50, M|100/100
|switch|p2b: Primarina|Primarina, L50, F|100/100
|-ability|p2a: Aerodactyl|Unnerve
|turn|1
|
|t:|1783469741
|detailschange|p1a: Scizor|Scizor-Mega, L50, M
|-mega|p1a: Scizor|Scizor|Scizorite
|move|p2a: Aerodactyl|Rock Slide|p1b: Araquanid|[spread] p1a,p1b
|-supereffective|p1b: Araquanid|1
|-damage|p1a: Scizor|80/100
|-damage|p1b: Araquanid|44/100
|move|p1a: Scizor|Swords Dance|p1a: Scizor
|-boost|p1a: Scizor|atk|2
|move|p2b: Primarina|Moonblast|p1b: Araquanid
|-damage|p1b: Araquanid|13/100
|move|p1b: Araquanid|Liquidation|p2a: Aerodactyl
|-supereffective|p2a: Aerodactyl|1
|-enditem|p2a: Aerodactyl|Focus Sash
|-damage|p2a: Aerodactyl|1/100
|
|-heal|p1b: Araquanid|18/100|[from] item: Leftovers
|upkeep
|turn|2
|
|t:|1783469759
|switch|p2a: Kingambit|Kingambit, L50, F|100/100
|move|p1b: Araquanid|Protect|p1b: Araquanid
|-singleturn|p1b: Araquanid|Protect
|move|p1a: Scizor|Bullet Punch|p2a: Kingambit
|-resisted|p2a: Kingambit|1
|-damage|p2a: Kingambit|74/100
|move|p2b: Primarina|Calm Mind|p2b: Primarina
|-boost|p2b: Primarina|spa|1
|-boost|p2b: Primarina|spd|1
|
|-heal|p1b: Araquanid|24/100|[from] item: Leftovers
|upkeep
|turn|3
|inactive|TurtleGamin2 has 30 seconds left.
|
|t:|1783469786
|move|p2a: Kingambit|Sucker Punch||[still]
|-fail|p2a: Kingambit
|move|p1a: Scizor|Swords Dance|p1a: Scizor
|-boost|p1a: Scizor|atk|2
|move|p2b: Primarina|Moonblast|p1b: Araquanid
|-damage|p1b: Araquanid|0 fnt
|faint|p1b: Araquanid
|
|upkeep
|
|t:|1783469796
|switch|p1b: Altaria|Altaria, L50, M|100/100
|-ability|p1b: Altaria|Cloud Nine
|turn|4
|
|t:|1783469819
|move|p1a: Scizor|Bullet Punch|p2b: Primarina
|-damage|p2b: Primarina|0 fnt
|faint|p2b: Primarina
|move|p2a: Kingambit|Sucker Punch||[still]
|-fail|p2a: Kingambit
|move|p1b: Altaria|Tailwind|p1b: Altaria
|-sidestart|p1: TurtleGamin2|move: Tailwind
|
|upkeep
|
|t:|1783469835
|switch|p2b: Scizor|Scizor, L50, M|100/100
|turn|5
|
|t:|1783469847
|detailschange|p2b: Scizor|Scizor-Mega, L50, M
|-mega|p2b: Scizor|Scizor|Scizorite
|move|p1a: Scizor|Bullet Punch|p2a: Kingambit
|-resisted|p2a: Kingambit|1
|-damage|p2a: Kingambit|34/100
|move|p1b: Altaria|Dragon Pulse|p2a: Kingambit
|-resisted|p2a: Kingambit|1
|-damage|p2a: Kingambit|22/100
|move|p2b: Scizor|Swords Dance|p2b: Scizor
|-boost|p2b: Scizor|atk|2
|move|p2a: Kingambit|Kowtow Cleave|p1a: Scizor
|-damage|p1a: Scizor|31/100
|-damage|p2a: Kingambit|12/100|[from] item: Life Orb
|
|upkeep
|turn|6
|inactive|rknsx17 has 30 seconds left.
|
|t:|1783469873
|switch|p2a: Aerodactyl|Aerodactyl, L50, M|1/100
|-ability|p2a: Aerodactyl|Unnerve
|move|p1b: Altaria|Protect|p1b: Altaria
|-singleturn|p1b: Altaria|Protect
|move|p1a: Scizor|Bullet Punch|p2a: Aerodactyl
|-supereffective|p2a: Aerodactyl|1
|-damage|p2a: Aerodactyl|0 fnt
|faint|p2a: Aerodactyl
|move|p2b: Scizor|Bug Bite|p1a: Scizor
|-resisted|p1a: Scizor|1
|-damage|p1a: Scizor|0 fnt
|faint|p1a: Scizor
|
|upkeep
|
|t:|1783469885
|switch|p2a: Kingambit|Kingambit, L50, F|12/100
|switch|p1a: Maushold|Maushold-Four, L50|100/100
|turn|7
|inactive|TurtleGamin2 has 30 seconds left.
|inactive|rknsx17 has 30 seconds left.
|
|t:|1783469924
|move|p1a: Maushold|Follow Me|p1a: Maushold
|-singleturn|p1a: Maushold|move: Follow Me
|move|p2b: Scizor|Bullet Punch|p1a: Maushold
|-damage|p1a: Maushold|20/100y
|move|p1b: Altaria|Haze|p1b: Altaria
|-clearallboost
|move|p2a: Kingambit|Kowtow Cleave|p1a: Maushold
|-damage|p1a: Maushold|0 fnt
|faint|p1a: Maushold
|-damage|p2a: Kingambit|3/100|[from] item: Life Orb
|
|-sideend|p1: TurtleGamin2|move: Tailwind
|upkeep
|turn|8
|-message|TurtleGamin2 forfeited.
|
|win|rknsx17
|raw|TurtleGamin2's rating: 1000 → 1000(+0 for losing)
|raw|rknsx17's rating: 1143 → 1158(+15 for winning)
|l|☆TurtleGamin2
|player|p1|
