|j|☆GS Barnabe
|j|☆Cro1998
|html|GS BarnabeCro1998    
|uhtml|bestof|Game 2 of a best-of-3
|t:|1785797162
|gametype|doubles
|player|p1|GS Barnabe|170|1264
|player|p2|Cro1998|gambler|1143
|gen|9
|tier|[Gen 9 Champions] VGC 2026 Reg M-B (Bo3)
|rated|
|rule|Species Clause: Limit one of each Pokémon
|rule|Item Clause: Limit 1 of each item
|clearpoke
|poke|p1|Clefable, L50, M|
|poke|p1|Tyranitar, L50, F|
|poke|p1|Garchomp, L50, M|
|poke|p1|Gholdengo, L50|
|poke|p1|Rotom-Wash, L50|
|poke|p1|Aerodactyl, L50, M|
|poke|p2|Garchomp, L50, M|
|poke|p2|Sylveon, L50, M|
|poke|p2|Farigiraf, L50, F|
|poke|p2|Kingambit, L50, M|
|poke|p2|Aerodactyl, L50, M|
|poke|p2|Charizard, L50, M|
|teampreview|4
|showteam|p1|Clefable||SitrusBerry|Unaware|Moonblast,FollowMe,HealPulse,Protect|Bold||M|||50|]Tyranitar||ChoiceScarf|SandStream|RockSlide,KnockOff,IcePunch,Superpower|Jolly||F|||50|]Garchomp||Garchompite|SandVeil|DracoMeteor,EarthPower,PowerGem,Protect|Modest||M|||50|]Gholdengo||LifeOrb|GoodasGold|MakeItRain,ShadowBall,NastyPlot,Protect|Modest|||||50|]Rotom-Wash||Leftovers|Levitate|HydroPump,VoltSwitch,WillOWisp,Protect|Calm|||||50|]Aerodactyl||Aerodactylite|RockHead|RockSlide,DualWingbeat,Tailwind,Protect|Jolly||M|||50|
|showteam|p2|Garchomp||LifeOrb|RoughSkin|Earthquake,StompingTantrum,Protect,DragonClaw|Jolly||M|||50|]Sylveon||FairyFeather|Pixilate|HyperVoice,HyperBeam,QuickAttack,Detect|Modest||M|||50|]Farigiraf||SitrusBerry|ArmorTail|Psychic,Protect,Thunderbolt,TrickRoom|Bold||F|||50|]Kingambit||FocusSash|Defiant|KowtowCleave,SuckerPunch,LowKick,IronHead|Adamant||M|||50|]Aerodactyl||Aerodactylite|Unnerve|RockSlide,DualWingbeat,Tailwind,IceFang|Jolly||M|||50|]Charizard||CharizarditeY|SolarPower|WeatherBall,HeatWave,SolarBeam,Protect|Modest||M|||50|
|inactive|Battle timer is ON: inactive players will automatically lose when time's up. (requested by GS Barnabe)
|inactive|Cro1998 has 60 seconds left.
|
|t:|1785797245
|teamsize|p1|4
|teamsize|p2|4
|start
|switch|p1a: Aerodactyl|Aerodactyl, L50, M|100/100
|switch|p1b: Rotom|Rotom-Wash, L50|100/100
|switch|p2a: Sylveon|Sylveon, L50, M|100/100
|switch|p2b: Charizard|Charizard, L50, M|100/100
|turn|1
|
|t:|1785797267
|detailschange|p1a: Aerodactyl|Aerodactyl-Mega, L50, M
|-mega|p1a: Aerodactyl|Aerodactyl|Aerodactylite
|move|p2b: Charizard|Protect|p2b: Charizard
|-singleturn|p2b: Charizard|Protect
|move|p1a: Aerodactyl|Rock Slide|p2a: Sylveon|[spread] p2a
|-activate|p2b: Charizard|move: Protect
|-damage|p2a: Sylveon|64/100
|move|p1b: Rotom|Hydro Pump|p2a: Sylveon
|-crit|p2a: Sylveon
|-damage|p2a: Sylveon|10/100
|move|p2a: Sylveon|Hyper Voice|p1b: Rotom|[spread] p1a,p1b
|-damage|p1a: Aerodactyl|45/100
|-damage|p1b: Rotom|53/100
|
|-heal|p1b: Rotom|58/100|[from] item: Leftovers
|upkeep
|turn|2
|inactive|Cro1998 has 30 seconds left.
|inactive|Cro1998 has 20 seconds left.
|
|t:|1785797304
|switch|p2b: Farigiraf|Farigiraf, L50, F|100/100
|move|p2a: Sylveon|Detect|p2a: Sylveon
|-singleturn|p2a: Sylveon|Protect
|move|p1a: Aerodactyl|Rock Slide|p2b: Farigiraf|[spread] 
|-activate|p2a: Sylveon|move: Protect
|-miss|p1a: Aerodactyl|p2b: Farigiraf
|move|p1b: Rotom|Hydro Pump|p2b: Farigiraf
|-damage|p2b: Farigiraf|67/100
|
|-heal|p1b: Rotom|64/100|[from] item: Leftovers
|upkeep
|turn|3
|inactive|GS Barnabe has 30 seconds left.
|inactive|Cro1998 has 30 seconds left.
|inactive|GS Barnabe has 20 seconds left.
|inactive|GS Barnabe has 15 seconds left.
|
|t:|1785797348
|switch|p1a: Tyranitar|Tyranitar, L50, F|100/100
|-weather|Sandstorm|[from] ability: Sand Stream|[of] p1a: Tyranitar
|switch|p2a: Kingambit|Kingambit, L50, M|100/100
|move|p1b: Rotom|Volt Switch|p2a: Kingambit
|-damage|p2a: Kingambit|70/100
|
|t:|1785797370
|switch|p1b: Aerodactyl|Aerodactyl-Mega, L50, M|45/100|[from] Volt Switch
|move|p2b: Farigiraf|Thunderbolt|p1a: Tyranitar
|-crit|p1a: Tyranitar
|-damage|p1a: Tyranitar|76/100
|
|-weather|Sandstorm|[upkeep]
|-damage|p2b: Farigiraf|61/100|[from] Sandstorm
|upkeep
|turn|4
|
|t:|1785797394
|switch|p2a: Sylveon|Sylveon, L50, M|10/100
|move|p1b: Aerodactyl|Rock Slide|p2a: Sylveon|[spread] p2b
|-miss|p1b: Aerodactyl|p2a: Sylveon
|-damage|p2b: Farigiraf|36/100
|-enditem|p2b: Farigiraf|Sitrus Berry|[eat]
|-heal|p2b: Farigiraf|61/100|[from] item: Sitrus Berry
|move|p1a: Tyranitar|Superpower|p2a: Sylveon
|-resisted|p2a: Sylveon|1
|-damage|p2a: Sylveon|0 fnt
|-unboost|p1a: Tyranitar|atk|1
|-unboost|p1a: Tyranitar|def|1
|faint|p2a: Sylveon
|move|p2b: Farigiraf|Trick Room|p2b: Farigiraf
|-fieldstart|move: Trick Room|[of] p2b: Farigiraf
|
|-weather|Sandstorm|[upkeep]
|-damage|p2b: Farigiraf|55/100|[from] Sandstorm
|upkeep
|
|t:|1785797411
|switch|p2a: Kingambit|Kingambit, L50, M|70/100
|turn|5
|
|t:|1785797435
|switch|p1a: Rotom|Rotom-Wash, L50|64/100
|switch|p1b: Gholdengo|Gholdengo, L50|100/100
|move|p2b: Farigiraf|Psychic|p1b: Gholdengo
|-resisted|p1b: Gholdengo|1
|-damage|p1b: Gholdengo|84/100
|move|p2a: Kingambit|Iron Head|p1a: Rotom
|-resisted|p1a: Rotom|2
|-damage|p1a: Rotom|52/100
|
|-weather|Sandstorm|[upkeep]
|-damage|p2b: Farigiraf|50/100y|[from] Sandstorm
|-damage|p1a: Rotom|46/100|[from] Sandstorm
|-heal|p1a: Rotom|52/100|[from] item: Leftovers
|upkeep
|turn|6
|inactive|GS Barnabe has 30 seconds left.
|inactive|Cro1998 has 30 seconds left.
|
|t:|1785797462
|move|p1b: Gholdengo|Protect|p1b: Gholdengo
|-singleturn|p1b: Gholdengo|Protect
|move|p2b: Farigiraf|Psychic|p1a: Rotom
|-damage|p1a: Rotom|21/100
|move|p2a: Kingambit|Kowtow Cleave|p1a: Rotom
|-damage|p1a: Rotom|0 fnt
|faint|p1a: Rotom
|
|-weather|Sandstorm|[upkeep]
|-damage|p2b: Farigiraf|44/100|[from] Sandstorm
|upkeep
|
|t:|1785797475
|switch|p1a: Aerodactyl|Aerodactyl-Mega, L50, M|45/100
|turn|7
|inactive|GS Barnabe has 30 seconds left.
|inactive|Cro1998 has 30 seconds left.
|
|t:|1785797509
|switch|p1b: Tyranitar|Tyranitar, L50, F|76/100
|move|p1a: Aerodactyl|Protect|p1a: Aerodactyl
|-singleturn|p1a: Aerodactyl|Protect
|move|p2b: Farigiraf|Thunderbolt|p1b: Tyranitar
|-damage|p1b: Tyranitar|61/100
|move|p2a: Kingambit|Iron Head|p1a: Aerodactyl
|-activate|p1a: Aerodactyl|move: Protect
|
|-weather|none
|upkeep
|turn|8
|inactive|GS Barnabe has 30 seconds left.
|inactive|Cro1998 has 30 seconds left.
|
|t:|1785797539
|switch|p1b: Gholdengo|Gholdengo, L50|84/100
|move|p2b: Farigiraf|Thunderbolt|p1b: Gholdengo
|-damage|p1b: Gholdengo|60/100
|move|p2a: Kingambit|Kowtow Cleave|p1a: Aerodactyl
|-damage|p1a: Aerodactyl|0 fnt
|faint|p1a: Aerodactyl
|
|-fieldend|move: Trick Room
|upkeep
|
|t:|1785797548
|switch|p1a: Tyranitar|Tyranitar, L50, F|61/100
|-weather|Sandstorm|[from] ability: Sand Stream|[of] p1a: Tyranitar
|turn|9
|inactive|Cro1998 has 30 seconds left.
|
|t:|1785797574
|move|p2a: Kingambit|Sucker Punch||[still]
|-fail|p2a: Kingambit
|move|p1a: Tyranitar|Superpower|p2a: Kingambit
|-supereffective|p2a: Kingambit|2
|-damage|p2a: Kingambit|0 fnt
|-unboost|p1a: Tyranitar|atk|1
|-unboost|p1a: Tyranitar|def|1
|faint|p2a: Kingambit
|move|p1b: Gholdengo|Nasty Plot|p1b: Gholdengo
|-boost|p1b: Gholdengo|spa|2
|move|p2b: Farigiraf|Trick Room|p2b: Farigiraf
|-fieldstart|move: Trick Room|[of] p2b: Farigiraf
|
|-weather|Sandstorm|[upkeep]
|-damage|p2b: Farigiraf|38/100|[from] Sandstorm
|upkeep
|
|t:|1785797587
|switch|p2a: Charizard|Charizard, L50, M|100/100
|turn|10
|
|t:|1785797610
|detailschange|p2a: Charizard|Charizard-Mega-Y, L50, M
|-mega|p2a: Charizard|Charizard|Charizardite Y
|-weather|SunnyDay|[from] ability: Drought|[of] p2a: Charizard
|move|p2b: Farigiraf|Thunderbolt|p1a: Tyranitar
|-damage|p1a: Tyranitar|40/100
|move|p1b: Gholdengo|Make It Rain|p2a: Charizard|[spread] p2a,p2b
|-resisted|p2a: Charizard|1
|-damage|p2a: Charizard|48/100
|-damage|p2b: Farigiraf|0 fnt
|-unboost|p1b: Gholdengo|spa|2
|faint|p2b: Farigiraf
|-damage|p1b: Gholdengo|51/100|[from] item: Life Orb
|move|p2a: Charizard|Solar Beam||[still]
|-prepare|p2a: Charizard|Solar Beam
|-anim|p2a: Charizard|Solar Beam|p1a: Tyranitar
|-supereffective|p1a: Tyranitar|1
|-damage|p1a: Tyranitar|0 fnt
|faint|p1a: Tyranitar
|
|-weather|SunnyDay|[upkeep]
|upkeep
|turn|11
|
|t:|1785797633
|move|p1b: Gholdengo|Shadow Ball|p2a: Charizard
|-damage|p2a: Charizard|3/100
|-damage|p1b: Gholdengo|41/100|[from] item: Life Orb
|move|p2a: Charizard|Weather Ball|p1b: Gholdengo
|-supereffective|p1b: Gholdengo|1
|-damage|p1b: Gholdengo|0 fnt
|faint|p1b: Gholdengo
|
|win|Cro1998
|inactive|GS Barnabe has 30 seconds to confirm battle start!
|inactive|Cro1998 has 30 seconds to confirm battle start!
