|j|☆gene takavic
|j|☆Fr3gsy
|html|gene takavicFr3gsy    
|uhtml|bestof|Game 3 of a best-of-3
|t:|1756536599
|gametype|doubles
|player|p1|gene takavic|pryce|1196
|player|p2|Fr3gsy|giovanni|1173
|gen|9
|tier|[Gen 9] VGC 2025 Reg H (Bo3)
|rated|
|rule|Species Clause: Limit one of each Pokémon
|rule|Item Clause: Limit 1 of each item
|clearpoke
|poke|p1|Charizard, L50, F|
|poke|p1|Torkoal, L50, M|
|poke|p1|Porygon2, L50|
|poke|p1|Incineroar, L50, F|
|poke|p1|Jumpluff, L50, F|
|poke|p1|Ursaluna, L50, M|
|poke|p2|Incineroar, L50, F|
|poke|p2|Indeedee-F, L50, F|
|poke|p2|Armarouge, L50, M|
|poke|p2|Ursaluna, L50, F|
|poke|p2|Dragapult, L50, M|
|poke|p2|Annihilape, L50, F|
|teampreview|4
|showteam|p1|Charizard||ChoiceSpecs|SolarPower|HeatWave,Overheat,WeatherBall,AirSlash|||F|||50|,,,,,Ghost]Torkoal||EjectPack|Drought|Eruption,Overheat,HelpingHand,Protect|||M|||50|,,,,,Fire]Porygon2||Eviolite|Download|TeraBlast,IceBeam,Recover,TrickRoom||||||50|,,,,,Fighting]Incineroar||SitrusBerry|Intimidate|FlareBlitz,KnockOff,FakeOut,PartingShot|||F|||50|,,,,,Ghost]Jumpluff||CovertCloak|Chlorophyll|SleepPowder,SunnyDay,RagePowder,Tailwind|||F|||50|,,,,,Water]Ursaluna||FlameOrb|Guts|HeadlongRush,Facade,Earthquake,Protect|||M|||50|,,,,,Ghost
|showteam|p2|Incineroar||SafetyGoggles|Intimidate|FakeOut,PartingShot,FlareBlitz,KnockOff|||F|||50|,,,,,Ghost]Indeedee-F||PsychicSeed|PsychicSurge|HelpingHand,FollowMe,DazzlingGleam,TrickRoom|||F|||50|,,,,,Fairy]Armarouge||LifeOrb|FlashFire|HeatWave,ExpandingForce,Protect,TrickRoom|||M|||50|,,,,,Grass]Ursaluna||FlameOrb|Guts|Facade,Protect,HeadlongRush,SwordsDance|||F|||50|,,,,,Ghost]Dragapult||ChoiceBand|ClearBody|DragonDarts,TeraBlast,Uturn,SuckerPunch|||M|||50|,,,,,Ghost]Annihilape||ChoiceScarf|Defiant|FinalGambit,Coaching,RageFist,Uturn|||F|||50|,,,,,Fire
|inactive|Battle timer is ON: inactive players will automatically lose when time's up. (requested by gene takavic)
|
|t:|1756536618
|teamsize|p1|4
|teamsize|p2|4
|start
|switch|p1a: Charizard|Charizard, L50, F|100/100
|switch|p1b: Jumpluff|Jumpluff, L50, F|100/100
|switch|p2a: Indeedee|Indeedee-F, L50, F, shiny|100/100
|switch|p2b: Armarouge|Armarouge, L50, M, shiny|100/100
|-fieldstart|move: Psychic Terrain|[from] ability: Psychic Surge|[of] p2a: Indeedee
|-enditem|p2a: Indeedee|Psychic Seed
|-boost|p2a: Indeedee|spd|1|[from] item: Psychic Seed
|turn|1
|inactive|gene takavic has 30 seconds left.
|inactive|Fr3gsy has 30 seconds left.
|inactive|gene takavic has 20 seconds left.
|inactive|Fr3gsy has 20 seconds left.
|inactive|Fr3gsy has 15 seconds left.
|inactive|Fr3gsy has 10 seconds left.
|inactive|Fr3gsy has 5 seconds left.
|
|t:|1756536671
|switch|p1a: Incineroar|Incineroar, L50, F|100/100
|-ability|p1a: Incineroar|Intimidate|boost
|-unboost|p2a: Indeedee|atk|1
|-unboost|p2b: Armarouge|atk|1
|move|p2a: Indeedee|Follow Me|p2a: Indeedee
|-singleturn|p2a: Indeedee|move: Follow Me
|move|p1b: Jumpluff|Sleep Powder|p2a: Indeedee
|-status|p2a: Indeedee|slp|[from] move: Sleep Powder
|move|p2b: Armarouge|Expanding Force|p1b: Jumpluff|[spread] p1b
|-immune|p1a: Incineroar
|-damage|p1b: Jumpluff|24/100
|-damage|p2b: Armarouge|91/100|[from] item: Life Orb
|
|upkeep
|turn|2
|inactive|gene takavic has 30 seconds left.
|inactive|Fr3gsy has 30 seconds left.
|
|t:|1756536700
|move|p2b: Armarouge|Protect|p2b: Armarouge
|-singleturn|p2b: Armarouge|Protect
|move|p1b: Jumpluff|Tailwind|p1b: Jumpluff
|-sidestart|p1: gene takavic|move: Tailwind
|move|p1a: Incineroar|Knock Off|p2b: Armarouge
|-activate|p2b: Armarouge|move: Protect
|cant|p2a: Indeedee|slp
|
|upkeep
|turn|3
|
|t:|1756536715
|cant|p2a: Indeedee|slp
|move|p1b: Jumpluff|Sunny Day|p1b: Jumpluff
|-weather|SunnyDay
|move|p1a: Incineroar|Knock Off|p2b: Armarouge
|-supereffective|p2b: Armarouge
|-damage|p2b: Armarouge|0 fnt
|-enditem|p2b: Armarouge|Life Orb|[from] move: Knock Off|[of] p1a: Incineroar
|faint|p2b: Armarouge
|
|-weather|SunnyDay|[upkeep]
|upkeep
|
|t:|1756536726
|switch|p2b: Ursaluna|Ursaluna, L50, F|100/100
|turn|4
|inactive|gene takavic has 30 seconds left.
|
|t:|1756536758
|switch|p1a: Charizard|Charizard, L50, F|100/100
|move|p2b: Ursaluna|Protect|p2b: Ursaluna
|-singleturn|p2b: Ursaluna|Protect
|move|p1b: Jumpluff|Sleep Powder|p2b: Ursaluna
|-activate|p2b: Ursaluna|move: Protect
|-curestatus|p2a: Indeedee|slp|[msg]
|move|p2a: Indeedee|Trick Room|p2a: Indeedee
|-fieldstart|move: Trick Room|[of] p2a: Indeedee
|
|-weather|SunnyDay|[upkeep]
|-damage|p1a: Charizard|88/100|[from] ability: Solar Power|[of] p1a: Charizard
|-status|p2b: Ursaluna|brn|[from] item: Flame Orb
|upkeep
|turn|5
|inactive|Fr3gsy has 30 seconds left.
|
|t:|1756536783
|move|p2a: Indeedee|Helping Hand|p2b: Ursaluna
|-singleturn|p2b: Ursaluna|Helping Hand|[of] p2a: Indeedee
|move|p1b: Jumpluff|Rage Powder|p1b: Jumpluff
|-singleturn|p1b: Jumpluff|move: Rage Powder
|move|p2b: Ursaluna|Facade|p1b: Jumpluff
|-damage|p1b: Jumpluff|0 fnt
|faint|p1b: Jumpluff
|move|p1a: Charizard|Heat Wave|p2a: Indeedee|[spread] p2a,p2b
|-damage|p2a: Indeedee|36/100
|-damage|p2b: Ursaluna|3/100 brn
|
|-weather|SunnyDay|[upkeep]
|-damage|p1a: Charizard|76/100|[from] ability: Solar Power|[of] p1a: Charizard
|-damage|p2b: Ursaluna|0 fnt|[from] brn
|faint|p2b: Ursaluna
|-sideend|p1: gene takavic|move: Tailwind
|-fieldend|move: Psychic Terrain
|upkeep
|
|t:|1756536801
|switch|p2b: Annihilape|Annihilape, L50, F|100/100
|switch|p1b: Incineroar|Incineroar, L50, F|100/100
|-ability|p1b: Incineroar|Intimidate|boost
|-unboost|p2a: Indeedee|atk|1
|-unboost|p2b: Annihilape|atk|1
|-ability|p2b: Annihilape|Defiant|boost
|-boost|p2b: Annihilape|atk|2
|turn|6
|inactive|Fr3gsy has 30 seconds left.
|
|t:|1756536832
|move|p2a: Indeedee|Dazzling Gleam|p1b: Incineroar|[spread] p1a,p1b
|-resisted|p1a: Charizard
|-damage|p1a: Charizard|67/100
|-damage|p1b: Incineroar|88/100
|move|p1b: Incineroar|Flare Blitz|p2b: Annihilape
|-damage|p2b: Annihilape|20/100
|-status|p2b: Annihilape|brn
|-damage|p1b: Incineroar|59/100|[from] Recoil
|move|p1a: Charizard|Heat Wave|p2b: Annihilape|[spread] p2a
|-miss|p1a: Charizard|p2b: Annihilape
|-damage|p2a: Indeedee|0 fnt
|faint|p2a: Indeedee
|move|p2b: Annihilape|Rage Fist|p1a: Charizard
|-crit|p1a: Charizard
|-damage|p1a: Charizard|4/100
|
|-weather|SunnyDay|[upkeep]
|-damage|p1a: Charizard|0 fnt|[from] ability: Solar Power|[of] p1a: Charizard
|faint|p1a: Charizard
|-damage|p2b: Annihilape|14/100 brn|[from] brn
|upkeep
|
|t:|1756536843
|switch|p1a: Ursaluna|Ursaluna, L50, M|100/100
|turn|7
|
|t:|1756536867
|move|p1a: Ursaluna|Headlong Rush|p2b: Annihilape
|-damage|p2b: Annihilape|0 fnt
|-unboost|p1a: Ursaluna|def|1
|-unboost|p1a: Ursaluna|spd|1
|faint|p2b: Annihilape
|
|win|gene takavic
|raw|gene takavic's rating: 1196 → 1219(+23 for winning)
|raw|Fr3gsy's rating: 1173 → 1150(-23 for losing)
