|j|☆superbigmariofan1
|j|☆2-3 Drop Man
|html|superbigmariofan12-3 Drop Man    
|uhtml|bestof|Game 3 of a best-of-3
|t:|1757188161
|gametype|doubles
|player|p1|superbigmariofan1|266|1045
|player|p2|2-3 Drop Man|benga|1000
|gen|9
|tier|[Gen 9] VGC 2025 Reg H (Bo3)
|rated|
|rule|Species Clause: Limit one of each Pokémon
|rule|Item Clause: Limit 1 of each item
|clearpoke
|poke|p1|Porygon2, L50|
|poke|p1|Ursaluna, L50, F|
|poke|p1|Gholdengo, L50|
|poke|p1|Incineroar, L50, F|
|poke|p1|Amoonguss, L50, F|
|poke|p1|Talonflame, L50, M|
|poke|p2|Gholdengo, L50|
|poke|p2|Dragonite, L50, M|
|poke|p2|Sneasler, L50, F|
|poke|p2|Incineroar, L50, F|
|poke|p2|Indeedee, L50, M|
|poke|p2|Ninetales-Alola, L50, M|
|teampreview|4
|showteam|p1|Porygon2||Eviolite|Download|TeraBlast,IceBeam,TrickRoom,Recover||||||50|,,,,,Fighting]Ursaluna||FlameOrb|Guts|HeadlongRush,Facade,Roar,Protect|||F|||50|,,,,,Ghost]Gholdengo||ChoiceSpecs|GoodasGold|MakeItRain,ShadowBall,PowerGem,Trick||||||50|,,,,,Steel]Incineroar||SafetyGoggles|Intimidate|FlareBlitz,KnockOff,PartingShot,FakeOut|||F|||50|,,,,,Grass]Amoonguss||MentalHerb|Regenerator|Spore,Protect,RagePowder,PollenPuff|||F|||50|,,,,,Psychic]Talonflame||CovertCloak|GaleWings|BraveBird,Tailwind,FlareBlitz,Taunt|||M|||50|,,,,,Ghost
|showteam|p2|Gholdengo||LifeOrb|GoodasGold|Protect,MakeItRain,ShadowBall,NastyPlot||||||50|,,,,,Water]Dragonite||LoadedDice|Multiscale|ScaleShot,Tailwind,Haze,Protect|||M|||50|,,,,,Fairy]Sneasler||PsychicSeed|Unburden|Protect,DireClaw,CloseCombat,ThroatChop|||F|||50|,,,,,Dark]Incineroar||SafetyGoggles|Intimidate|KnockOff,PartingShot,FlareBlitz,FakeOut|||F|||50|,,,,,Ghost]Indeedee||ChoiceScarf|PsychicSurge|Protect,Trick,TeraBlast,ExpandingForce|||M|||50|,,,,,Psychic]Ninetales-Alola||FocusSash|SnowWarning|Blizzard,IcyWind,Encore,AuroraVeil|||M|||50|,,,,,Ghost
|inactive|Battle timer is ON: inactive players will automatically lose when time's up. (requested by superbigmariofan1)
|j| RealAthenaCykes
|inactive|superbigmariofan1 has 60 seconds left.
|
|t:|1757188203
|teamsize|p1|4
|teamsize|p2|4
|start
|switch|p1a: Gholdengo|Gholdengo, L50|100/100
|switch|p1b: Incineroar|Incineroar, L50, F|100/100
|switch|p2a: Incineroar|Incineroar, L50, F|100/100
|switch|p2b: Gholdengo|Gholdengo, L50|100/100
|-ability|p1b: Incineroar|Intimidate|boost
|-unboost|p2a: Incineroar|atk|1
|-unboost|p2b: Gholdengo|atk|1
|-ability|p2a: Incineroar|Intimidate|boost
|-unboost|p1a: Gholdengo|atk|1
|-unboost|p1b: Incineroar|atk|1
|turn|1
|inactive|2-3 Drop Man has 30 seconds left.
|inactive|2-3 Drop Man has 20 seconds left.
|
|t:|1757188239
|-terastallize|p1a: Gholdengo|Steel
|move|p1b: Incineroar|Fake Out|p2a: Incineroar
|-damage|p2a: Incineroar|94/100
|cant|p2a: Incineroar|flinch
|move|p2b: Gholdengo|Nasty Plot|p2b: Gholdengo
|-boost|p2b: Gholdengo|spa|2
|move|p1a: Gholdengo|Make It Rain|p2a: Incineroar|[spread] p2a,p2b
|-resisted|p2a: Incineroar
|-resisted|p2b: Gholdengo
|-damage|p2a: Incineroar|54/100
|-damage|p2b: Gholdengo|41/100
|-unboost|p1a: Gholdengo|spa|1
|
|upkeep
|turn|2
|inactive|superbigmariofan1 has 30 seconds left.
|inactive|superbigmariofan1 has 20 seconds left.
|inactive|superbigmariofan1 has 15 seconds left.
|inactive|superbigmariofan1 has 10 seconds left.
|
|t:|1757188292
|switch|p1a: Ursaluna|Ursaluna, L50, F, shiny|100/100
|move|p2b: Gholdengo|Protect|p2b: Gholdengo
|-singleturn|p2b: Gholdengo|Protect
|move|p1b: Incineroar|Parting Shot|p2a: Incineroar
|-unboost|p2a: Incineroar|atk|1
|-unboost|p2a: Incineroar|spa|1
|
|t:|1757188298
|switch|p1b: Porygon2|Porygon2, L50, shiny|100/100|[from] Parting Shot
|-ability|p1b: Porygon2|Download|boost
|-boost|p1b: Porygon2|atk|1
|move|p2a: Incineroar|Flare Blitz|p1a: Ursaluna
|-damage|p1a: Ursaluna|81/100
|-damage|p2a: Incineroar|47/100|[from] Recoil
|
|-status|p1a: Ursaluna|brn|[from] item: Flame Orb
|upkeep
|turn|3
|inactive|superbigmariofan1 has 30 seconds left.
|inactive|superbigmariofan1 has 20 seconds left.
|inactive|superbigmariofan1 has 15 seconds left.
|
|t:|1757188343
|switch|p1a: Incineroar|Incineroar, L50, F|100/100
|-ability|p1a: Incineroar|Intimidate|boost
|-unboost|p2a: Incineroar|atk|1
|-unboost|p2b: Gholdengo|atk|1
|move|p2b: Gholdengo|Make It Rain|p1a: Incineroar|[spread] p1a,p1b
|-resisted|p1a: Incineroar
|-damage|p1a: Incineroar|54/100
|-damage|p1b: Porygon2|35/100
|-unboost|p2b: Gholdengo|spa|1
|-damage|p2b: Gholdengo|32/100|[from] item: Life Orb
|move|p2a: Incineroar|Knock Off|p1b: Porygon2
|-damage|p1b: Porygon2|27/100
|-enditem|p1b: Porygon2|Eviolite|[from] move: Knock Off|[of] p2a: Incineroar
|move|p1b: Porygon2|Trick Room|p1b: Porygon2
|-fieldstart|move: Trick Room|[of] p1b: Porygon2
|
|upkeep
|turn|4
|
|t:|1757188364
|move|p2b: Gholdengo|Protect|p2b: Gholdengo
|-singleturn|p2b: Gholdengo|Protect
|move|p1a: Incineroar|Fake Out|p2a: Incineroar
|-damage|p2a: Incineroar|37/100
|move|p1b: Porygon2|Tera Blast|p2a: Incineroar
|-damage|p2a: Incineroar|16/100
|cant|p2a: Incineroar|flinch
|
|upkeep
|turn|5
|
|t:|1757188382
|switch|p2b: Dragonite|Dragonite, L50, M|100/100
|move|p1b: Porygon2|Tera Blast|p2b: Dragonite
|-damage|p2b: Dragonite|85/100
|move|p2a: Incineroar|Flare Blitz|p1b: Porygon2
|-damage|p1b: Porygon2|11/100
|-damage|p2a: Incineroar|11/100|[from] Recoil
|move|p1a: Incineroar|Knock Off|p2b: Dragonite
|-damage|p2b: Dragonite|44/100
|-enditem|p2b: Dragonite|Loaded Dice|[from] move: Knock Off|[of] p1a: Incineroar
|
|upkeep
|turn|6
|inactive|2-3 Drop Man has 30 seconds left.
|
|t:|1757188408
|move|p2b: Dragonite|Protect|p2b: Dragonite
|-singleturn|p2b: Dragonite|Protect
|move|p1b: Porygon2|Recover|p1b: Porygon2
|-heal|p1b: Porygon2|61/100
|move|p2a: Incineroar|Parting Shot|p1b: Porygon2
|-unboost|p1b: Porygon2|atk|1
|-unboost|p1b: Porygon2|spa|1
|
|t:|1757188416
|switch|p2a: Gholdengo|Gholdengo, L50|32/100|[from] Parting Shot
|move|p1a: Incineroar|Parting Shot|p2a: Gholdengo
|-immune|p2a: Gholdengo|[from] ability: Good as Gold
|
|upkeep
|turn|7
|inactive|superbigmariofan1 has 30 seconds left.
|
|t:|1757188458
|switch|p2b: Incineroar|Incineroar, L50, F|11/100
|-ability|p2b: Incineroar|Intimidate|boost
|-unboost|p1a: Incineroar|atk|1
|-unboost|p1b: Porygon2|atk|1
|move|p2a: Gholdengo|Protect|p2a: Gholdengo
|-singleturn|p2a: Gholdengo|Protect
|move|p1b: Porygon2|Recover|p1b: Porygon2
|-heal|p1b: Porygon2|100/100
|move|p1a: Incineroar|Parting Shot|p2b: Incineroar
|-unboost|p2b: Incineroar|atk|1
|-unboost|p2b: Incineroar|spa|1
|
|t:|1757188466
|switch|p1a: Ursaluna|Ursaluna, L50, F, shiny|81/100 brn|[from] Parting Shot
|
|-damage|p1a: Ursaluna|75/100 brn|[from] brn
|-fieldend|move: Trick Room
|upkeep
|turn|8
|
|t:|1757188485
|switch|p2a: Ninetales|Ninetales-Alola, L50, M|100/100
|-weather|Snowscape|[from] ability: Snow Warning|[of] p2a: Ninetales
|switch|p1a: Incineroar|Incineroar, L50, F|54/100
|-ability|p1a: Incineroar|Intimidate|boost
|-unboost|p2a: Ninetales|atk|1
|-unboost|p2b: Incineroar|atk|1
|move|p2b: Incineroar|Fake Out|p1b: Porygon2
|-damage|p1b: Porygon2|96/100
|cant|p1b: Porygon2|flinch
|
|-weather|Snowscape|[upkeep]
|upkeep
|turn|9
|inactive|superbigmariofan1 has 30 seconds left.
|inactive|2-3 Drop Man has 30 seconds left.
|inactive|superbigmariofan1 has 20 seconds left.
|inactive|superbigmariofan1 has 15 seconds left.
|inactive|superbigmariofan1 has 10 seconds left.
|inactive|superbigmariofan1 has 5 seconds left.
|
|t:|1757188535
|switch|p1b: Gholdengo|Gholdengo, L50, tera:Steel|100/100
|-terastallize|p2a: Ninetales|Ghost
|move|p1a: Incineroar|Fake Out|p2b: Incineroar
|-damage|p2b: Incineroar|1/100
|move|p2a: Ninetales|Aurora Veil|p2a: Ninetales
|-sidestart|p2: 2-3 Drop Man|move: Aurora Veil
|cant|p2b: Incineroar|flinch
|
|-weather|Snowscape|[upkeep]
|upkeep
|turn|10
|inactive|superbigmariofan1 has 30 seconds left.
|inactive|superbigmariofan1 has 20 seconds left.
|inactive|superbigmariofan1 has 15 seconds left.
|inactive|superbigmariofan1 has 10 seconds left.
|inactive|superbigmariofan1 has 5 seconds left.
|
|t:|1757188591
|switch|p1b: Porygon2|Porygon2, L50, shiny|96/100
|-ability|p1b: Porygon2|Download|boost
|-boost|p1b: Porygon2|atk|1
|move|p2a: Ninetales|Icy Wind|p1a: Incineroar|[spread] p1a,p1b
|-resisted|p1a: Incineroar
|-damage|p1a: Incineroar|47/100
|-damage|p1b: Porygon2|83/100
|-unboost|p1a: Incineroar|spe|1
|-unboost|p1b: Porygon2|spe|1
|move|p2b: Incineroar|Flare Blitz|p1b: Porygon2
|-damage|p1b: Porygon2|63/100
|-damage|p2b: Incineroar|0 fnt|[from] Recoil
|faint|p2b: Incineroar
|move|p1a: Incineroar|Knock Off|p2a: Ninetales
|-supereffective|p2a: Ninetales
|-damage|p2a: Ninetales|17/100
|-enditem|p2a: Ninetales|Focus Sash|[from] move: Knock Off|[of] p1a: Incineroar
|
|-weather|Snowscape|[upkeep]
|upkeep
|
|t:|1757188600
|switch|p2b: Dragonite|Dragonite, L50, M|44/100
|turn|11
|
|t:|1757188622
|switch|p1a: Ursaluna|Ursaluna, L50, F, shiny|75/100 brn
|move|p2a: Ninetales|Blizzard|p1a: Ursaluna|[spread] p1a,p1b
|-supereffective|p1a: Ursaluna
|-damage|p1a: Ursaluna|19/100 brn
|-damage|p1b: Porygon2|39/100
|move|p2b: Dragonite|Scale Shot|p1a: Ursaluna
|-damage|p1a: Ursaluna|7/100 brn
|-damage|p1a: Ursaluna|0 fnt
|faint|p1a: Ursaluna
|-hitcount|p1: Ursaluna|2
|-unboost|p2b: Dragonite|def|1
|-boost|p2b: Dragonite|spe|1
|move|p1b: Porygon2|Trick Room|p1b: Porygon2
|-fieldstart|move: Trick Room|[of] p1b: Porygon2
|
|-weather|Snowscape|[upkeep]
|upkeep
|
|t:|1757188633
|switch|p1a: Gholdengo|Gholdengo, L50, tera:Steel|100/100
|turn|12
|-message|2-3 Drop Man forfeited.
|
|win|superbigmariofan1
|raw|superbigmariofan1's rating: 1045 → 1074(+29 for winning)
|raw|2-3 Drop Man's rating: 1000 → 1000(+0 for losing)
