|j|☆Pzdns99
|j|☆Troutlegs
|html|Pzdns99Troutlegs    
|uhtml|bestof|Game 3 of a best-of-3
|t:|1754963452
|gametype|doubles
|player|p1|Pzdns99|grimsley|1329
|player|p2|Troutlegs|workerice|1175
|gen|9
|tier|[Gen 9] VGC 2025 Reg H (Bo3)
|rated|
|rule|Species Clause: Limit one of each Pokémon
|rule|Item Clause: Limit 1 of each item
|clearpoke
|poke|p1|Annihilape, L50, F|
|poke|p1|Pelipper, L50, F|
|poke|p1|Archaludon, L50, M|
|poke|p1|Lumineon, L50, F|
|poke|p1|Amoonguss, L50, F|
|poke|p1|Gallade, L50, M|
|poke|p2|Sneasler, L50, F|
|poke|p2|Amoonguss, L50, M|
|poke|p2|Ursaluna, L50, F|
|poke|p2|Porygon2, L50|
|poke|p2|Milotic, L50, F|
|poke|p2|Gholdengo, L50|
|teampreview|4
|showteam|p1|Annihilape||FocusSash|Defiant|CloseCombat,RageFist,Taunt,Protect|||F|||50|,,,,,Stellar]Pelipper||ChoiceSpecs|Drizzle|Hurricane,MuddyWater,WeatherBall,Uturn|||F|||50|,,,,,Ghost]Archaludon||AssaultVest|Stamina|ElectroShot,BodyPress,Snarl,DracoMeteor|||M|||50|,,,,,Bug]Lumineon||CovertCloak|SwiftSwim|FlipTurn,Tailwind,Encore,RainDance|||F|||50|,,,,,Grass]Amoonguss||RockyHelmet|Regenerator|PollenPuff,ClearSmog,RagePowder,Spore|||F|||50|,,,,,Psychic]Gallade||LumBerry|Sharpness|TrickRoom,SacredSword,PsychoCut,WideGuard|||M|||50|,,,,,Steel
|showteam|p2|Sneasler||FocusSash|Unburden|FakeOut,DireClaw,CloseCombat,Protect|||F|||50|,,,,,Ghost]Amoonguss||RockyHelmet|Regenerator|RagePowder,ClearSmog,Spore,Protect|||M|||50|,,,,,Water]Ursaluna||FlameOrb|Guts|Facade,HeadlongRush,Earthquake,Protect|||F|||50|,,,,,Ghost]Porygon2||Eviolite|Download|TeraBlast,ShadowBall,Recover,TrickRoom||||||50|,,,,,Flying]Milotic||CovertCloak|Competitive|MuddyWater,Coil,Hypnosis,Recover|||F|||50|,,,,,Grass]Gholdengo||ChoiceScarf|GoodasGold|ShadowBall,MakeItRain,FocusBlast,Trick||||||50|,,,,,Steel
|inactive|Battle timer is ON: inactive players will automatically lose when time's up. (requested by Troutlegs)
|
|t:|1754963483
|teamsize|p1|4
|teamsize|p2|4
|start
|switch|p1a: Amoonguss|Amoonguss, L50, F|100/100
|switch|p1b: Annihilape|Annihilape, L50, F|100/100
|switch|p2a: Porygon2|Porygon2, L50|100/100
|switch|p2b: Gholdengo|Gholdengo, L50|100/100
|-ability|p2a: Porygon2|Download|boost
|-boost|p2a: Porygon2|atk|1
|turn|1
|inactive|Troutlegs has 30 seconds left.
|
|t:|1754963509
|switch|p2a: Sneasler|Sneasler, L50, F|100/100
|move|p2b: Gholdengo|Trick|p1a: Amoonguss
|-activate|p2b: Gholdengo|move: Trick|[of] p1a: Amoonguss
|-item|p1a: Amoonguss|Choice Scarf|[from] move: Trick
|-item|p2b: Gholdengo|Rocky Helmet|[from] move: Trick
|move|p1b: Annihilape|Rage Fist|p2b: Gholdengo
|-supereffective|p2b: Gholdengo
|-damage|p2b: Gholdengo|49/100
|-damage|p1b: Annihilape|84/100|[from] item: Rocky Helmet|[of] p2b: Gholdengo
|move|p1a: Amoonguss|Spore|p2a: Sneasler
|-status|p2a: Sneasler|slp|[from] move: Spore
|
|upkeep
|turn|2
|
|t:|1754963529
|cant|p2a: Sneasler|slp
|move|p1b: Annihilape|Rage Fist|p2b: Gholdengo
|-supereffective|p2b: Gholdengo
|-damage|p2b: Gholdengo|0 fnt
|-damage|p1b: Annihilape|68/100|[from] item: Rocky Helmet|[of] p2b: Gholdengo
|faint|p2b: Gholdengo
|move|p1a: Amoonguss|Spore|p2a: Sneasler
|-fail|p2a: Sneasler|slp
|
|upkeep
|
|t:|1754963540
|switch|p2b: Porygon2|Porygon2, L50|100/100
|-ability|p2b: Porygon2|Download|boost
|-boost|p2b: Porygon2|atk|1
|turn|3
|
|t:|1754963554
|switch|p1b: Pelipper|Pelipper, L50, F|100/100
|-weather|RainDance|[from] ability: Drizzle|[of] p1b: Pelipper
|-terastallize|p2b: Porygon2|Flying
|cant|p2a: Sneasler|slp
|move|p2b: Porygon2|Tera Blast|p1a: Amoonguss|[anim] Tera Blast Flying
|-supereffective|p1a: Amoonguss
|-damage|p1a: Amoonguss|40/100
|move|p1a: Amoonguss|Spore|p2b: Porygon2
|-status|p2b: Porygon2|slp|[from] move: Spore
|
|-weather|RainDance|[upkeep]
|upkeep
|turn|4
|
|t:|1754963577
|cant|p2a: Sneasler|slp
|move|p1b: Pelipper|Muddy Water|p2b: Porygon2|[spread] p2a,p2b
|-damage|p2a: Sneasler|6/100 slp
|-damage|p2b: Porygon2|63/100 slp
|-unboost|p2a: Sneasler|accuracy|1
|move|p1a: Amoonguss|Spore|p2a: Sneasler
|-fail|p2a: Sneasler|slp
|cant|p2b: Porygon2|slp
|
|-weather|RainDance|[upkeep]
|upkeep
|turn|5
|
|t:|1754963598
|switch|p1a: Archaludon|Archaludon, L50, M|100/100
|-curestatus|p2a: Sneasler|slp|[msg]
|move|p2a: Sneasler|Dire Claw|p1b: Pelipper
|-damage|p1b: Pelipper|52/100
|move|p1b: Pelipper|Muddy Water|p2b: Porygon2|[spread] p2a,p2b
|-damage|p2a: Sneasler|0 fnt
|-damage|p2b: Porygon2|22/100 slp
|-unboost|p2b: Porygon2|accuracy|1
|faint|p2a: Sneasler
|-curestatus|p2b: Porygon2|slp|[msg]
|move|p2b: Porygon2|Trick Room|p2b: Porygon2
|-fieldstart|move: Trick Room|[of] p2b: Porygon2
|
|-weather|RainDance|[upkeep]
|upkeep
|
|t:|1754963608
|switch|p2a: Ursaluna|Ursaluna, L50, F|100/100
|turn|6
|inactive|Pzdns99 has 30 seconds left.
|
|t:|1754963634
|-terastallize|p1a: Archaludon|Bug
|move|p2a: Ursaluna|Facade|p1b: Pelipper
|-damage|p1b: Pelipper|0 fnt
|faint|p1b: Pelipper
|move|p2b: Porygon2|Tera Blast|p1a: Archaludon|[anim] Tera Blast Flying
|-supereffective|p1a: Archaludon
|-damage|p1a: Archaludon|48/100
|-ability|p1a: Archaludon|Stamina|boost
|-boost|p1a: Archaludon|def|1
|move|p1a: Archaludon|Body Press|p2a: Ursaluna
|-supereffective|p2a: Ursaluna
|-damage|p2a: Ursaluna|48/100
|
|-weather|RainDance|[upkeep]
|-status|p2a: Ursaluna|brn|[from] item: Flame Orb
|upkeep
|
|t:|1754963640
|switch|p1b: Amoonguss|Amoonguss, L50, F|74/100
|turn|7
|
|t:|1754963655
|move|p1b: Amoonguss|Rage Powder|p1b: Amoonguss
|-singleturn|p1b: Amoonguss|move: Rage Powder
|move|p2a: Ursaluna|Facade|p1b: Amoonguss
|-damage|p1b: Amoonguss|0 fnt
|faint|p1b: Amoonguss
|move|p2b: Porygon2|Tera Blast|p1a: Archaludon|[anim] Tera Blast Flying|[miss]
|-miss|p2b: Porygon2|p1a: Archaludon
|move|p1a: Archaludon|Body Press|p2a: Ursaluna
|-supereffective|p2a: Ursaluna
|-damage|p2a: Ursaluna|0 fnt
|faint|p2a: Ursaluna
|
|-weather|none
|upkeep
|
|t:|1754963667
|switch|p1b: Annihilape|Annihilape, L50, F|68/100
|turn|8
|c|☆Troutlegs|this game sucks
|c|☆Troutlegs|you should have lost
|
|t:|1754963691
|move|p2b: Porygon2|Tera Blast|p1a: Archaludon|[anim] Tera Blast Flying
|-supereffective|p1a: Archaludon
|-damage|p1a: Archaludon|17/100
|-ability|p1a: Archaludon|Stamina|boost
|-boost|p1a: Archaludon|def|1
|move|p1a: Archaludon|Draco Meteor|p2b: Porygon2
|-damage|p2b: Porygon2|0 fnt
|-unboost|p1a: Archaludon|spa|2
|faint|p2b: Porygon2
|
|win|Pzdns99
|raw|Pzdns99's rating: 1329 → 1341(+12 for winning)
|raw|Troutlegs's rating: 1175 → 1160(-15 for losing)
|l|☆Troutlegs
|player|p2|
