|j|☆marillrag1
|j|☆Lorido
|html|marillrag1Lorido    
|uhtml|bestof|Game 1 of a best-of-3
|t:|1785478628
|gametype|doubles
|player|p1|marillrag1|170|1343
|player|p2|Lorido|102|1290
|gen|9
|tier|[Gen 9 Champions] VGC 2026 Reg M-B (Bo3)
|rated|
|rule|Species Clause: Limit one of each Pokémon
|rule|Item Clause: Limit 1 of each item
|clearpoke
|poke|p1|Charizard, L50, F|
|poke|p1|Kingambit, L50, M|
|poke|p1|Whimsicott, L50, M|
|poke|p1|Ninetales-Alola, L50, F|
|poke|p1|Kommo-o, L50, F|
|poke|p1|Glimmora, L50, M|
|poke|p2|Delphox, L50, M|
|poke|p2|Incineroar, L50, M|
|poke|p2|Floette-Eternal, L50, F|
|poke|p2|Kingambit, L50, M|
|poke|p2|Sinistcha, L50|
|poke|p2|Sneasler, L50, M|
|teampreview|4
|showteam|p1|Charizard||CharizarditeY|Blaze|Protect,HeatWave,SolarBeam,WeatherBall|Modest||F|||50|]Kingambit||BlackGlasses|Defiant|Protect,KowtowCleave,IronHead,SuckerPunch|Adamant||M|||50|]Whimsicott||FocusSash|Prankster|Protect,Moonblast,Tailwind,Encore|Timid||M|||50|]Ninetales-Alola||NeverMeltIce|SnowWarning|Protect,Blizzard,Disable,FreezeDry|Timid||F|||50|]Kommo-o||LifeOrb|Overcoat|Protect,AuraSphere,ClangingScales,VacuumWave|Modest||F|||50|]Glimmora||Glimmoranite|ToxicDebris|SpikyShield,SludgeBomb,PowerGem,EarthPower|Modest||M|||50|
|showteam|p2|Delphox||Delphoxite|Blaze|HeatWave,Psychic,NastyPlot,Protect|Timid||M|||50|]Incineroar||SitrusBerry|Intimidate|FlareBlitz,DarkestLariat,FakeOut,PartingShot|Careful||M|||50|]Floette-Eternal||Floettite|FlowerVeil|DazzlingGleam,DrainingKiss,CalmMind,Protect|Bold||F|||50|]Kingambit||BlackGlasses|Defiant|KowtowCleave,SuckerPunch,SwordsDance,Protect|Adamant||M|||50|]Sinistcha||OccaBerry|Hospitality|MatchaGotcha,RagePowder,TrickRoom,Protect|Bold|||||50|]Sneasler||FocusSash|PoisonTouch|CloseCombat,PoisonJab,FakeOut,QuickGuard|Jolly||M|||50|
|inactive|Battle timer is ON: inactive players will automatically lose when time's up. (requested by marillrag1)
|inactive|Lorido has 60 seconds left.
|inactive|Lorido has 30 seconds left.
|
|t:|1785478743
|teamsize|p1|4
|teamsize|p2|4
|start
|switch|p1a: Whimsicott|Whimsicott, L50, M|100/100
|switch|p1b: Charizard|Charizard, L50, F|100/100
|switch|p2a: Delphox|Delphox, L50, M|100/100
|switch|p2b: Sneasler|Sneasler, L50, M|100/100
|turn|1
|inactive|marillrag1 has 30 seconds left.
|inactive|Lorido has 30 seconds left.
|
|t:|1785478772
|detailschange|p2a: Delphox|Delphox-Mega, L50, M
|-mega|p2a: Delphox|Delphox|Delphoxite
|detailschange|p1b: Charizard|Charizard-Mega-Y, L50, F
|-mega|p1b: Charizard|Charizard|Charizardite Y
|-weather|SunnyDay|[from] ability: Drought|[of] p1b: Charizard
|move|p2b: Sneasler|Fake Out|p1b: Charizard
|-damage|p1b: Charizard|85/100
|move|p1a: Whimsicott|Tailwind|p1a: Whimsicott
|-sidestart|p1: marillrag1|move: Tailwind
|cant|p1b: Charizard|flinch
|move|p2a: Delphox|Nasty Plot|p2a: Delphox
|-boost|p2a: Delphox|spa|2
|
|-weather|SunnyDay|[upkeep]
|upkeep
|turn|2
|
|t:|1785478789
|switch|p2b: Incineroar|Incineroar, L50, M|100/100
|-ability|p2b: Incineroar|Intimidate|boost
|-unboost|p1a: Whimsicott|atk|1
|-unboost|p1b: Charizard|atk|1
|move|p2a: Delphox|Protect|p2a: Delphox
|-singleturn|p2a: Delphox|Protect
|move|p1a: Whimsicott|Moonblast|p2b: Incineroar
|-crit|p2b: Incineroar
|-damage|p2b: Incineroar|59/100
|-unboost|p2b: Incineroar|spa|1
|move|p1b: Charizard|Heat Wave|p2a: Delphox|[spread] p2b
|-activate|p2a: Delphox|move: Protect
|-resisted|p2b: Incineroar|1
|-damage|p2b: Incineroar|35/100
|-enditem|p2b: Incineroar|Sitrus Berry|[eat]
|-heal|p2b: Incineroar|59/100|[from] item: Sitrus Berry
|
|-weather|SunnyDay|[upkeep]
|upkeep
|turn|3
|inactive|marillrag1 has 30 seconds left.
|inactive|marillrag1 has 20 seconds left.
|
|t:|1785478824
|move|p1a: Whimsicott|Protect|p1a: Whimsicott
|-singleturn|p1a: Whimsicott|Protect
|move|p2b: Incineroar|Fake Out|p1a: Whimsicott
|-activate|p1a: Whimsicott|move: Protect
|move|p1b: Charizard|Heat Wave|p2b: Incineroar|[spread] p2a
|-miss|p1b: Charizard|p2b: Incineroar
|-resisted|p2a: Delphox|1
|-damage|p2a: Delphox|74/100
|move|p2a: Delphox|Psychic|p1b: Charizard
|-damage|p1b: Charizard|0 fnt
|faint|p1b: Charizard
|
|-weather|SunnyDay|[upkeep]
|upkeep
|
|t:|1785478836
|switch|p1b: Glimmora|Glimmora, L50, M|100/100
|turn|4
|inactive|Lorido has 30 seconds left.
|inactive|marillrag1 has 30 seconds left.
|
|t:|1785478869
|move|p2a: Delphox|Protect|p2a: Delphox
|-singleturn|p2a: Delphox|Protect
|move|p1a: Whimsicott|Moonblast|p2b: Incineroar
|-damage|p2b: Incineroar|30/100
|move|p1b: Glimmora|Earth Power|p2b: Incineroar
|-supereffective|p2b: Incineroar|1
|-damage|p2b: Incineroar|0 fnt
|faint|p2b: Incineroar
|
|-weather|SunnyDay|[upkeep]
|-sideend|p1: marillrag1|move: Tailwind
|upkeep
|
|t:|1785478877
|switch|p2b: Sneasler|Sneasler, L50, M|100/100
|turn|5
|
|t:|1785478891
|move|p1a: Whimsicott|Protect|p1a: Whimsicott
|-singleturn|p1a: Whimsicott|Protect
|move|p1b: Glimmora|Spiky Shield|p1b: Glimmora
|-singleturn|p1b: Glimmora|move: Protect
|move|p2b: Sneasler|Fake Out|p1a: Whimsicott
|-activate|p1a: Whimsicott|move: Protect
|move|p2a: Delphox|Psychic|p1b: Glimmora
|-activate|p1b: Glimmora|move: Protect
|
|-weather|none
|upkeep
|turn|6
|
|t:|1785478911
|move|p2a: Delphox|Protect|p2a: Delphox
|-singleturn|p2a: Delphox|Protect
|move|p1a: Whimsicott|Tailwind|p1a: Whimsicott
|-sidestart|p1: marillrag1|move: Tailwind
|move|p1b: Glimmora|Power Gem|p2a: Delphox
|-activate|p2a: Delphox|move: Protect
|move|p2b: Sneasler|Close Combat|p1b: Glimmora
|-damage|p1b: Glimmora|35/100
|-unboost|p2b: Sneasler|def|1
|-unboost|p2b: Sneasler|spd|1
|-activate|p1b: Glimmora|ability: Toxic Debris
|-sidestart|p2: Lorido|move: Toxic Spikes
|
|upkeep
|turn|7
|inactive|Lorido has 30 seconds left.
|inactive|marillrag1 has 30 seconds left.
|inactive|marillrag1 has 20 seconds left.
|
|t:|1785478963
|move|p1b: Glimmora|Spiky Shield|p1b: Glimmora
|-singleturn|p1b: Glimmora|move: Protect
|move|p1a: Whimsicott|Moonblast|p2b: Sneasler
|-damage|p2b: Sneasler|29/100
|move|p2a: Delphox|Heat Wave|p1b: Glimmora|[spread] p1a
|-activate|p1b: Glimmora|move: Protect
|-supereffective|p1a: Whimsicott|1
|-enditem|p1a: Whimsicott|Focus Sash
|-damage|p1a: Whimsicott|1/100
|move|p2b: Sneasler|Close Combat|p1b: Glimmora
|-activate|p1b: Glimmora|move: Protect
|-damage|p2b: Sneasler|17/100|[from] Spiky Shield|[of] p1b: Glimmora
|
|upkeep
|turn|8
|
|t:|1785478983
|switch|p2b: Sinistcha|Sinistcha, L50|100/100
|-status|p2b: Sinistcha|psn
|-heal|p2a: Delphox|98/100|[from] ability: Hospitality|[of] p2b: Sinistcha
|move|p2a: Delphox|Protect|p2a: Delphox
|-singleturn|p2a: Delphox|Protect
|move|p1a: Whimsicott|Moonblast|p2b: Sinistcha
|-damage|p2b: Sinistcha|66/100 psn
|move|p1b: Glimmora|Power Gem|p2a: Delphox
|-activate|p2a: Delphox|move: Protect
|
|-damage|p2b: Sinistcha|53/100 psn|[from] psn
|upkeep
|turn|9
|
|t:|1785479001
|move|p1a: Whimsicott|Encore|p2a: Delphox
|-start|p2a: Delphox|Encore
|move|p2a: Delphox|Protect||[still]
|-fail|p2a: Delphox
|move|p1b: Glimmora|Sludge Bomb|p2b: Sinistcha
|-damage|p2b: Sinistcha|6/100 psn
|move|p2b: Sinistcha|Matcha Gotcha|p1a: Whimsicott|[spread] p1a,p1b
|-resisted|p1a: Whimsicott|1
|-damage|p1a: Whimsicott|0 fnt
|-heal|p2b: Sinistcha|6/100 psn|[from] drain|[of] p1a: Whimsicott
|-damage|p1b: Glimmora|6/100
|-heal|p2b: Sinistcha|20/100y psn|[from] drain|[of] p1b: Glimmora
|faint|p1a: Whimsicott
|
|-damage|p2b: Sinistcha|8/100 psn|[from] psn
|-sideend|p1: marillrag1|move: Tailwind
|upkeep
|
|t:|1785479003
|switch|p1a: Kommo-o|Kommo-o, L50, F|100/100
|turn|10
|inactive|marillrag1 has 30 seconds left.
|inactive|Lorido has 30 seconds left.
|inactive|marillrag1 has 20 seconds left.
|inactive|Lorido has 20 seconds left.
|inactive|marillrag1 has 15 seconds left.
|inactive|Lorido has 15 seconds left.
|inactive|Lorido has 10 seconds left.
|inactive|Lorido has 5 seconds left.
|
|t:|1785479054
|switch|p2a: Sneasler|Sneasler, L50, M|17/100
|-sideend|p2: Lorido|move: Toxic Spikes|[of] p2a: Sneasler
|move|p1b: Glimmora|Power Gem|p2a: Sneasler
|-resisted|p2a: Sneasler|1
|-crit|p2a: Sneasler
|-damage|p2a: Sneasler|0 fnt
|faint|p2a: Sneasler
|move|p1a: Kommo-o|Clanging Scales|p2b: Sinistcha
|-damage|p2b: Sinistcha|0 fnt
|faint|p2b: Sinistcha
|-unboost|p1a: Kommo-o|def|1
|-damage|p1a: Kommo-o|90/100|[from] item: Life Orb
|
|upkeep
|
|t:|1785479064
|switch|p2b: Delphox|Delphox-Mega, L50, M|98/100
|turn|11
|
|t:|1785479083
|move|p1b: Glimmora|Spiky Shield|p1b: Glimmora
|-singleturn|p1b: Glimmora|move: Protect
|move|p2b: Delphox|Heat Wave|p1a: Kommo-o|[spread] p1a
|-activate|p1b: Glimmora|move: Protect
|-resisted|p1a: Kommo-o|1
|-damage|p1a: Kommo-o|70/100
|move|p1a: Kommo-o|Clanging Scales|p2b: Delphox
|-damage|p2b: Delphox|33/100
|-unboost|p1a: Kommo-o|def|1
|-damage|p1a: Kommo-o|61/100|[from] item: Life Orb
|
|upkeep
|turn|12
|
|t:|1785479098
|move|p2b: Delphox|Heat Wave|p1a: Kommo-o|[spread] p1a,p1b
|-resisted|p1a: Kommo-o|1
|-resisted|p1b: Glimmora|1
|-crit|p1b: Glimmora
|-damage|p1a: Kommo-o|39/100
|-damage|p1b: Glimmora|0 fnt
|faint|p1b: Glimmora
|move|p1a: Kommo-o|Clanging Scales|p2b: Delphox
|-damage|p2b: Delphox|0 fnt
|faint|p2b: Delphox
|-damage|p1a: Kommo-o|29/100|[from] item: Life Orb
|
|win|marillrag1
||marillrag1 is ready for game 2.
||Lorido is ready for game 2.
|uhtml|next|Next: Game 2 of 3
