|j|☆papoilo
|j|☆kassike
|html|papoilokassike    
|uhtml|bestof|Game 1 of a best-of-3
|t:|1785364758
|gametype|doubles
|player|p1|papoilo|fisherman-gen4|1091
|player|p2|kassike|byron|1125
|gen|9
|tier|[Gen 9 Champions] VGC 2026 Reg M-B (Bo3)
|rated|
|rule|Species Clause: Limit one of each Pokémon
|rule|Item Clause: Limit 1 of each item
|clearpoke
|poke|p1|Gardevoir, L50, M|
|poke|p1|Talonflame, L50, M|
|poke|p1|Kingambit, L50, F|
|poke|p1|Basculegion, L50, M|
|poke|p1|Kommo-o, L50, F|
|poke|p1|Maushold, L50|
|poke|p2|Dragonite, L50, M|
|poke|p2|Sneasler, L50, F|
|poke|p2|Glimmora, L50, F|
|poke|p2|Kingambit, L50, F|
|poke|p2|Froslass, L50, F|
|poke|p2|Delphox, L50, F|
|teampreview|4
|showteam|p1|Gardevoir||Gardevoirite|Synchronize|HyperVoice,Psychic,Thunderbolt,Protect|Modest||M|||50|]Talonflame||SharpBeak|GaleWings|DualWingbeat,FlareBlitz,Tailwind,Protect|Jolly||M|||50|]Kingambit||ExpertBelt|Defiant|SuckerPunch,KowtowCleave,IronHead,LowKick|Jolly||F|||50|]Basculegion||ChoiceScarf|Adaptability|WaveCrash,LastRespects,AquaJet,FlipTurn|Jolly||M|||50|]Kommo-o||LifeOrb|Soundproof|ClangingScales,AuraSphere,DracoMeteor,Protect|Modest||F|||50|]Maushold|||FriendGuard|SuperFang,FollowMe,Feint,Protect|Jolly|||||50|
|showteam|p2|Dragonite||Leftovers|Multiscale|Protect,DragonDance,DragonClaw,RockSlide|Adamant||M|||50|]Sneasler||WhiteHerb|Unburden|FakeOut,QuickGuard,DireClaw,CloseCombat|Adamant||F|||50|]Glimmora||FocusSash|ToxicDebris|SpikyShield,PowerGem,SludgeBomb,EarthPower|Modest||F|||50|]Kingambit||BlackGlasses|Defiant|Protect,SwordsDance,KowtowCleave,SuckerPunch|Adamant||F|||50|]Froslass||Froslassite|SnowCloak|Protect,AuroraVeil,Blizzard,ShadowBall|Timid||F|||50|]Delphox||Delphoxite|Blaze|Protect,CalmMind,HeatWave,Psyshock|Timid||F|||50|
|inactive|Battle timer is ON: inactive players will automatically lose when time's up. (requested by papoilo)
|inactive|papoilo has 60 seconds left.
|inactive|kassike has 60 seconds left.
|
|t:|1785364822
|teamsize|p1|4
|teamsize|p2|4
|start
|switch|p1a: Talonflame|Talonflame, L50, M|100/100
|switch|p1b: Kommo-o|Kommo-o, L50, F|100/100
|switch|p2a: Sneasler|Sneasler, L50, F|100/100
|switch|p2b: Glimmora|Glimmora, L50, F|100/100
|turn|1
|
|t:|1785364847
|move|p1a: Talonflame|Protect|p1a: Talonflame
|-singleturn|p1a: Talonflame|Protect
|move|p1b: Kommo-o|Protect|p1b: Kommo-o
|-singleturn|p1b: Kommo-o|Protect
|move|p2a: Sneasler|Fake Out|p1a: Talonflame
|-activate|p1a: Talonflame|move: Protect
|move|p2b: Glimmora|Sludge Bomb|p1b: Kommo-o
|-activate|p1b: Kommo-o|move: Protect
|
|upkeep
|turn|2
|inactive|papoilo has 30 seconds left.
|
|t:|1785364875
|move|p2a: Sneasler|Quick Guard|p2a: Sneasler
|-singleturn|p2a: Sneasler|Quick Guard
|move|p1a: Talonflame|Dual Wingbeat|p2a: Sneasler
|-activate|p2a: Sneasler|move: Quick Guard
|move|p2b: Glimmora|Power Gem|p1a: Talonflame
|-supereffective|p1a: Talonflame|2
|-damage|p1a: Talonflame|0 fnt
|faint|p1a: Talonflame
|move|p1b: Kommo-o|Aura Sphere|p2b: Glimmora
|-damage|p2b: Glimmora|36/100
|-damage|p1b: Kommo-o|90/100|[from] item: Life Orb
|
|upkeep
|
|t:|1785364889
|switch|p1a: Gardevoir|Gardevoir, L50, M|100/100
|turn|3
|
|t:|1785364901
|detailschange|p1a: Gardevoir|Gardevoir-Mega, L50, M
|-mega|p1a: Gardevoir|Gardevoir|Gardevoirite
|move|p1a: Gardevoir|Protect|p1a: Gardevoir
|-singleturn|p1a: Gardevoir|Protect
|move|p2a: Sneasler|Dire Claw|p1a: Gardevoir
|-activate|p1a: Gardevoir|move: Protect
|move|p2b: Glimmora|Sludge Bomb|p1b: Kommo-o
|-damage|p1b: Kommo-o|32/100
|move|p1b: Kommo-o|Draco Meteor|p2a: Sneasler|[miss]
|-miss|p1b: Kommo-o|p2a: Sneasler
|
|upkeep
|turn|4
|
|t:|1785364917
|switch|p1a: Kingambit|Kingambit, L50, F|100/100
|move|p1b: Kommo-o|Protect|p1b: Kommo-o
|-singleturn|p1b: Kommo-o|Protect
|move|p2a: Sneasler|Dire Claw|p1a: Kingambit
|-immune|p1a: Kingambit
|move|p2b: Glimmora|Sludge Bomb|p1b: Kommo-o
|-activate|p1b: Kommo-o|move: Protect
|
|upkeep
|turn|5
|
|t:|1785364930
|move|p2b: Glimmora|Spiky Shield|p2b: Glimmora
|-singleturn|p2b: Glimmora|move: Protect
|move|p1a: Kingambit|Sucker Punch||[still]
|-fail|p1a: Kingambit
|move|p2a: Sneasler|Close Combat|p1b: Kommo-o
|-damage|p1b: Kommo-o|0 fnt
|-unboost|p2a: Sneasler|def|1
|-unboost|p2a: Sneasler|spd|1
|faint|p1b: Kommo-o
|-enditem|p2a: Sneasler|White Herb
|-clearnegativeboost|p2a: Sneasler|[silent]
|
|upkeep
|
|t:|1785364938
|switch|p1b: Gardevoir|Gardevoir-Mega, L50, M|100/100
|turn|6
|
|t:|1785364951
|move|p2a: Sneasler|Close Combat|p1a: Kingambit
|-supereffective|p1a: Kingambit|2
|-damage|p1a: Kingambit|0 fnt
|-unboost|p2a: Sneasler|def|1
|-unboost|p2a: Sneasler|spd|1
|faint|p1a: Kingambit
|move|p1b: Gardevoir|Psychic|p2a: Sneasler
|-supereffective|p2a: Sneasler|2
|-damage|p2a: Sneasler|0 fnt
|faint|p2a: Sneasler
|move|p2b: Glimmora|Sludge Bomb|p1b: Gardevoir
|-supereffective|p1b: Gardevoir|1
|-damage|p1b: Gardevoir|1/100
|
|upkeep
|
|t:|1785364962
|switch|p2a: Delphox|Delphox, L50, F|100/100
|turn|7
|-message|papoilo forfeited.
|
|win|kassike
|l|☆papoilo
|player|p1|
||papoilo is ready for game 2.
|l|☆kassike
|player|p2|
||kassike is ready for game 2.
|uhtml|next|Next: Game 2 of 3
|j|☆papoilo
|player|p1|papoilo|fisherman-gen4|
