|j|☆shawnie.d
|j|☆hovercat2475
|html|shawnie.dhovercat2475    
|uhtml|bestof|Game 3 of a best-of-3
|t:|1784700690
|gametype|doubles
|player|p1|shawnie.d|shauntal|
|player|p2|hovercat2475|lady-gen4|
|gen|9
|tier|[Gen 9 Champions] VGC 2026 Reg M-B (Bo3)
|rule|Species Clause: Limit one of each Pokémon
|rule|Item Clause: Limit 1 of each item
|clearpoke
|poke|p1|Chandelure, L50, F|
|poke|p1|Garchomp, L50, F|
|poke|p1|Scolipede, L50, F|
|poke|p1|Tsareena, L50, F|
|poke|p1|Whimsicott, L50, M, shiny|
|poke|p1|Starmie, L50|
|poke|p2|Abomasnow, L50, F|
|poke|p2|Maushold, L50|
|poke|p2|Aegislash, L50, F|
|poke|p2|Charizard, L50, M|
|poke|p2|Annihilape, L50, M|
|poke|p2|Floette-Eternal, L50, F|
|teampreview|4
|showteam|p1|Chandelure||Chandelurite|Infiltrator|HeatWave,ShadowBall,Protect,TrickRoom|Modest||F|||50|]Garchomp||LifeOrb|RoughSkin|StompingTantrum,DragonClaw,Protect,RockSlide|Jolly||F|||50|]Scolipede||Scolipite|SpeedBoost|PoisonJab,LeechLife,Protect,SwordsDance|Adamant||F|||50|]Tsareena||WideLens|QueenlyMajesty|PowerWhip,TripleAxel,Protect,HelpingHand|Adamant||F|||50|]Whimsicott||FocusSash|Prankster|Moonblast,Encore,SunnyDay,Tailwind|Modest||M|||50|]Starmie||ChoiceScarf|NaturalCure|IcyWind,Psychic,Thunderbolt,Scald|Modest|||||50|
|showteam|p2|Abomasnow||Abomasite|SnowWarning|Blizzard,EnergyBall,EarthPower,Protect|Modest||F|||50|]Maushold||SitrusBerry|FriendGuard|FollowMe,AfterYou,SuperFang,Protect|Timid|||||50|]Aegislash||KasibBerry|StanceChange|WideGuard,Poltergeist,ShadowSneak,SwordsDance|Adamant||F|||50|]Charizard||CharizarditeX|Blaze|SwordsDance,ScaleShot,FlareBlitz,Protect|Adamant||M|||50|]Annihilape||ChoiceScarf|InnerFocus|ShadowClaw,CloseCombat,RockTomb,IcePunch|Jolly||M|||50|]Floette-Eternal||FairyFeather|FlowerVeil|DazzlingGleam,CalmMind,Moonblast,Protect|Modest||F|||50|
|inactive|Battle timer is ON: inactive players will automatically lose when time's up. (requested by hovercat2475)
|j| him223
|j| myriad1
|inactive|shawnie.d has 60 seconds left.
|inactive|hovercat2475 has 60 seconds left.
|
|t:|1784700735
|teamsize|p1|4
|teamsize|p2|4
|start
|switch|p1a: Drifter|Whimsicott, L50, M, shiny|100/100
|switch|p1b: Artificer|Chandelure, L50, F|100/100
|switch|p2a: Charizard|Charizard, L50, M|100/100
|switch|p2b: Maushold|Maushold, L50|100/100
|turn|1
|j| willowedB3
|inactive|shawnie.d has 30 seconds left.
|inactive|shawnie.d has 20 seconds left.
|inactive|shawnie.d has 15 seconds left.
|inactive|shawnie.d has 10 seconds left.
|
|t:|1784700781
|detailschange|p2a: Charizard|Charizard-Mega-X, L50, M
|-mega|p2a: Charizard|Charizard|Charizardite X
|detailschange|p1b: Artificer|Chandelure-Mega, L50, F
|-mega|p1b: Artificer|Chandelure|Chandelurite
|move|p2b: Maushold|Follow Me|p2b: Maushold
|-singleturn|p2b: Maushold|move: Follow Me
|move|p2a: Charizard|Swords Dance|p2a: Charizard
|-boost|p2a: Charizard|atk|2
|move|p1a: Drifter|Moonblast|p2b: Maushold
|-damage|p2b: Maushold|50/100g
|move|p1b: Artificer|Shadow Ball|p2b: Maushold
|-immune|p2b: Maushold
|
|upkeep
|turn|2
|inactive|shawnie.d has 30 seconds left.
|l| him223
|inactive|shawnie.d has 20 seconds left.
|inactive|shawnie.d has 15 seconds left.
|
|t:|1784700825
|move|p1b: Artificer|Protect|p1b: Artificer
|-singleturn|p1b: Artificer|Protect
|move|p2b: Maushold|Follow Me|p2b: Maushold
|-singleturn|p2b: Maushold|move: Follow Me
|move|p2a: Charizard|Scale Shot|p1b: Artificer
|-activate|p1b: Artificer|move: Protect
|move|p1a: Drifter|Moonblast|p2b: Maushold
|-damage|p2b: Maushold|7/100
|-enditem|p2b: Maushold|Sitrus Berry|[eat]
|-heal|p2b: Maushold|32/100|[from] item: Sitrus Berry
|
|upkeep
|turn|3
|j| him223
|inactive|shawnie.d has 30 seconds left.
|inactive|hovercat2475 has 30 seconds left.
|inactive|shawnie.d has 20 seconds left.
|
|t:|1784700861
|move|p2b: Maushold|Protect|p2b: Maushold
|-singleturn|p2b: Maushold|Protect
|move|p1a: Drifter|Tailwind|p1a: Drifter
|-sidestart|p1: shawnie.d|move: Tailwind
|move|p1b: Artificer|Heat Wave|p2b: Maushold|[spread] p2a
|-activate|p2b: Maushold|move: Protect
|-resisted|p2a: Charizard|2
|-damage|p2a: Charizard|87/100
|move|p2a: Charizard|Scale Shot|p1b: Artificer
|-damage|p1b: Artificer|69/100
|-damage|p1b: Artificer|41/100
|-damage|p1b: Artificer|14/100
|-crit|p1b: Artificer
|-damage|p1b: Artificer|0 fnt
|faint|p1b: Artificer
|-hitcount|p1: Artificer|4
|-unboost|p2a: Charizard|def|1
|-boost|p2a: Charizard|spe|1
|
|upkeep
|
|t:|1784700879
|switch|p1b: REX|Starmie, L50|100/100
|turn|4
|
|t:|1784700903
|move|p2b: Maushold|Follow Me|p2b: Maushold
|-singleturn|p2b: Maushold|move: Follow Me
|move|p1b: REX|Scald|p2b: Maushold
|-damage|p2b: Maushold|0 fnt
|faint|p2b: Maushold
|move|p1a: Drifter|Moonblast|p2a: Charizard
|-damage|p2a: Charizard|40/100
|move|p2a: Charizard|Scale Shot|p1b: REX
|-damage|p1b: REX|57/100
|-damage|p1b: REX|14/100
|-damage|p1b: REX|0 fnt
|faint|p1b: REX
|-hitcount|p1: REX|3
|-unboost|p2a: Charizard|def|1
|-boost|p2a: Charizard|spe|1
|
|upkeep
|c| myriad1|luckiest scale shot of all time
|inactive|hovercat2475 has 30 seconds left.
|
|t:|1784700932
|switch|p2b: Annihilape|Annihilape, L50, M|100/100
|switch|p1b: Mercenary|Garchomp, L50, F|100/100
|turn|5
|inactive|shawnie.d has 30 seconds left.
|inactive|hovercat2475 has 30 seconds left.
|
|t:|1784700962
|move|p1b: Mercenary|Dragon Claw|p2a: Charizard
|-supereffective|p2a: Charizard|1
|-damage|p2a: Charizard|0 fnt
|faint|p2a: Charizard
|-damage|p1b: Mercenary|90/100|[from] item: Life Orb
|move|p1a: Drifter|Moonblast|p2b: Annihilape
|-supereffective|p2b: Annihilape|1
|-damage|p2b: Annihilape|12/100
|move|p2b: Annihilape|Ice Punch|p1b: Mercenary
|-supereffective|p1b: Mercenary|2
|-damage|p1b: Mercenary|0 fnt
|-damage|p2b: Annihilape|0 fnt|[from] ability: Rough Skin|[of] p1b: Mercenary
|faint|p1b: Mercenary
|faint|p2b: Annihilape
|
|upkeep
|
|t:|1784700972
|switch|p2a: Aegislash|Aegislash, L50, F|100/100
|turn|6
|c|☆hovercat2475|ggs
|c|☆shawnie.d|ggs
|c|☆hovercat2475|mb for scale luck lol
|
|t:|1784700995
|move|p1a: Drifter|Moonblast|p2a: Aegislash
|-resisted|p2a: Aegislash|1
|-crit|p2a: Aegislash
|-damage|p2a: Aegislash|76/100
|-formechange|p2a: Aegislash|Aegislash-Blade|
|move|p2a: Aegislash|Poltergeist|p1a: Drifter
|-activate|p1a: Drifter|move: Poltergeist|Focus Sash
|-damage|p1a: Drifter|26/100
|
|-sideend|p1: shawnie.d|move: Tailwind
|upkeep
|turn|7
|
|t:|1784701003
|move|p2a: Aegislash|Shadow Sneak|p1a: Drifter
|-damage|p1a: Drifter|0 fnt
|faint|p1a: Drifter
|
|win|hovercat2475
|l| him223
|l| myriad1
