|j|☆ApostrofoRosaVGC
|j|☆eyspartan
|html|ApostrofoRosaVGCeyspartan    
|uhtml|bestof|Game 3 of a best-of-3
|t:|1755676515
|gametype|doubles
|player|p1|ApostrofoRosaVGC|102|1256
|player|p2|eyspartan|265|1324
|gen|9
|tier|[Gen 9] VGC 2025 Reg H (Bo3)
|rated|
|rule|Species Clause: Limit one of each Pokémon
|rule|Item Clause: Limit 1 of each item
|clearpoke
|poke|p1|Gholdengo, L50|
|poke|p1|Archaludon, L50, M|
|poke|p1|Dragonite, L50, M|
|poke|p1|Pelipper, L50, M|
|poke|p1|Maushold-Four, L50|
|poke|p1|Grimmsnarl, L50, M|
|poke|p2|Sinistcha-Masterpiece, L50|
|poke|p2|Ursaluna, L50, M|
|poke|p2|Archaludon, L50, F|
|poke|p2|Pelipper, L50, M|
|poke|p2|Basculegion, L50, M|
|poke|p2|Incineroar, L50, F|
|teampreview|4
|showteam|p1|Gholdengo||LifeOrb|GoodasGold|MakeItRain,ShadowBall,NastyPlot,Protect||||||50|,,,,,Water]Archaludon||AssaultVest|Stamina|DragonPulse,ElectroShot,BodyPress,Snarl|||M|||50|,,,,,Bug]Dragonite||LoadedDice|Multiscale|ScaleShot,ExtremeSpeed,Tailwind,Protect|||M|||50|,,,,,Steel]Pelipper||FocusSash|Drizzle|WeatherBall,Hurricane,Tailwind,Protect|||M|||50|,,,,,Ground]Maushold-Four||SafetyGoggles|FriendGuard|SuperFang,BeatUp,FollowMe,Protect||||||50|,,,,,Ghost]Grimmsnarl||LightClay|Prankster|SpiritBreak,ThunderWave,Reflect,LightScreen|||M|||50|,,,,,Ghost
|showteam|p2|Sinistcha-Masterpiece||SitrusBerry|Hospitality|RagePowder,TrickRoom,MatchaGotcha,LifeDew||||||50|,,,,,Water]Ursaluna||FlameOrb|Guts|Protect,HeadlongRush,Earthquake,Facade|||M|||50|,,,,,Ghost]Archaludon||AssaultVest|Stamina|Snarl,DracoMeteor,BodyPress,ElectroShot|||F|||50|,,,,,Grass]Pelipper||FocusSash|Drizzle|Protect,Tailwind,WeatherBall,Hurricane|||M|||50|,,,,,Ground]Basculegion||ChoiceBand|SwiftSwim|AquaJet,WaveCrash,LastRespects,FlipTurn|||M|||50|,,,,,Water]Incineroar||SafetyGoggles|Intimidate|FakeOut,Taunt,KnockOff,PartingShot|||F|||50|,,,,,Ghost
|
|t:|1755676549
|teamsize|p1|4
|teamsize|p2|4
|start
|switch|p1a: Maushold|Maushold-Four, L50|100/100
|switch|p1b: Archaludon|Archaludon, L50, M|100/100
|switch|p2a: Sinistcha|Sinistcha-Masterpiece, L50|100/100
|switch|p2b: Ursaluna|Ursaluna, L50, M|100/100
|turn|1
|inactive|Battle timer is ON: inactive players will automatically lose when time's up. (requested by eyspartan)
|
|t:|1755676579
|move|p1a: Maushold|Beat Up|p1b: Archaludon
|-damage|p1b: Archaludon|99/100
|-ability|p1b: Archaludon|Stamina|boost
|-boost|p1b: Archaludon|def|1
|-damage|p1b: Archaludon|99/100
|-ability|p1b: Archaludon|Stamina|boost
|-boost|p1b: Archaludon|def|1
|-damage|p1b: Archaludon|98/100
|-ability|p1b: Archaludon|Stamina|boost
|-boost|p1b: Archaludon|def|1
|-damage|p1b: Archaludon|98/100
|-ability|p1b: Archaludon|Stamina|boost
|-boost|p1b: Archaludon|def|1
|-hitcount|p1b: Archaludon|4
|move|p1b: Archaludon|Dragon Pulse|p2a: Sinistcha
|-damage|p2a: Sinistcha|58/100
|move|p2b: Ursaluna|Headlong Rush|p1b: Archaludon
|-supereffective|p1b: Archaludon
|-damage|p1b: Archaludon|71/100
|-unboost|p2b: Ursaluna|def|1
|-unboost|p2b: Ursaluna|spd|1
|-ability|p1b: Archaludon|Stamina|boost
|-boost|p1b: Archaludon|def|1
|move|p2a: Sinistcha|Trick Room|p2a: Sinistcha
|-fieldstart|move: Trick Room|[of] p2a: Sinistcha
|
|-status|p2b: Ursaluna|brn|[from] item: Flame Orb
|upkeep
|turn|2
|inactive|ApostrofoRosaVGC has 30 seconds left.
|inactive|eyspartan has 30 seconds left.
|
|t:|1755676609
|-terastallize|p2b: Ursaluna|Ghost
|move|p1a: Maushold|Protect|p1a: Maushold
|-singleturn|p1a: Maushold|Protect
|move|p2b: Ursaluna|Facade|p1a: Maushold
|-activate|p1a: Maushold|move: Protect
|move|p2a: Sinistcha|Life Dew||[still]|[spread] p2a,p2b
|-heal|p2a: Sinistcha|84/100
|-fail|p2b: Ursaluna|heal
|move|p1b: Archaludon|Snarl|p2a: Sinistcha|[spread] p2a
|-miss|p1b: Archaludon|p2b: Ursaluna
|-supereffective|p2a: Sinistcha
|-damage|p2a: Sinistcha|59/100
|-unboost|p2a: Sinistcha|spa|1
|
|-damage|p2b: Ursaluna|95/100 brn|[from] brn
|upkeep
|turn|3
|inactive|ApostrofoRosaVGC has 30 seconds left.
|
|t:|1755676642
|-terastallize|p1a: Maushold|Ghost
|move|p1a: Maushold|Follow Me|p1a: Maushold
|-singleturn|p1a: Maushold|move: Follow Me
|move|p2b: Ursaluna|Headlong Rush|p1a: Maushold
|-damage|p1a: Maushold|0 fnt
|-unboost|p2b: Ursaluna|def|1
|-unboost|p2b: Ursaluna|spd|1
|faint|p1a: Maushold
|move|p2a: Sinistcha|Life Dew|p2a: Sinistcha|[spread] p2a,p2b
|-heal|p2a: Sinistcha|84/100
|-heal|p2b: Ursaluna|100/100 brn
|move|p1b: Archaludon|Snarl|p2b: Ursaluna|[spread] p2a,p2b
|-supereffective|p2a: Sinistcha
|-supereffective|p2b: Ursaluna
|-damage|p2a: Sinistcha|57/100
|-damage|p2b: Ursaluna|56/100 brn
|-unboost|p2a: Sinistcha|spa|1
|-unboost|p2b: Ursaluna|spa|1
|
|-damage|p2b: Ursaluna|50/100 brn|[from] brn
|upkeep
|
|t:|1755676660
|switch|p1a: Pelipper|Pelipper, L50, M|100/100
|-weather|RainDance|[from] ability: Drizzle|[of] p1a: Pelipper
|turn|4
|
|t:|1755676673
|switch|p2b: Archaludon|Archaludon, L50, F|100/100
|switch|p1a: Gholdengo|Gholdengo, L50|100/100
|move|p2a: Sinistcha|Matcha Gotcha|p1b: Archaludon|[spread] p1a,p1b
|-resisted|p1a: Gholdengo
|-resisted|p1b: Archaludon
|-damage|p1a: Gholdengo|93/100
|-heal|p2a: Sinistcha|61/100|[from] drain|[of] p1a: Gholdengo
|-damage|p1b: Archaludon|69/100
|-heal|p2a: Sinistcha|62/100|[from] drain|[of] p1b: Archaludon
|-status|p1a: Gholdengo|brn
|-status|p1b: Archaludon|brn
|-ability|p1b: Archaludon|Stamina|boost
|-boost|p1b: Archaludon|def|1
|move|p1b: Archaludon|Snarl|p2b: Archaludon|[spread] p2a,p2b
|-supereffective|p2a: Sinistcha
|-damage|p2a: Sinistcha|37/100
|-damage|p2b: Archaludon|93/100
|-unboost|p2a: Sinistcha|spa|1
|-unboost|p2b: Archaludon|spa|1
|-ability|p2b: Archaludon|Stamina|boost
|-boost|p2b: Archaludon|def|1
|-enditem|p2a: Sinistcha|Sitrus Berry|[eat]
|-heal|p2a: Sinistcha|62/100|[from] item: Sitrus Berry
|
|-weather|RainDance|[upkeep]
|-damage|p1b: Archaludon|63/100 brn|[from] brn
|-damage|p1a: Gholdengo|87/100 brn|[from] brn
|upkeep
|turn|5
|inactive|eyspartan has 30 seconds left.
|inactive|eyspartan has 20 seconds left.
|inactive|ApostrofoRosaVGC has 30 seconds left.
|
|t:|1755676722
|move|p2a: Sinistcha|Life Dew|p2a: Sinistcha|[spread] p2a,p2b
|-heal|p2a: Sinistcha|87/100
|-heal|p2b: Archaludon|100/100
|move|p2b: Archaludon|Draco Meteor|p1b: Archaludon
|-damage|p1b: Archaludon|34/100 brn
|-unboost|p2b: Archaludon|spa|2
|move|p1b: Archaludon|Body Press|p2b: Archaludon
|-supereffective|p2b: Archaludon
|-damage|p2b: Archaludon|48/100
|-ability|p2b: Archaludon|Stamina|boost
|-boost|p2b: Archaludon|def|1
|move|p1a: Gholdengo|Nasty Plot|p1a: Gholdengo
|-boost|p1a: Gholdengo|spa|2
|
|-weather|RainDance|[upkeep]
|-damage|p1b: Archaludon|27/100 brn|[from] brn
|-damage|p1a: Gholdengo|82/100 brn|[from] brn
|-fieldend|move: Trick Room
|upkeep
|turn|6
|inactive|ApostrofoRosaVGC has 30 seconds left.
|inactive|eyspartan has 30 seconds left.
|
|t:|1755676756
|move|p1a: Gholdengo|Shadow Ball|p2a: Sinistcha
|-supereffective|p2a: Sinistcha
|-damage|p2a: Sinistcha|0 fnt
|faint|p2a: Sinistcha
|-damage|p1a: Gholdengo|72/100 brn|[from] item: Life Orb
|move|p1b: Archaludon|Body Press|p2b: Archaludon
|-supereffective|p2b: Archaludon
|-damage|p2b: Archaludon|9/100
|-ability|p2b: Archaludon|Stamina|boost
|-boost|p2b: Archaludon|def|1
|move|p2b: Archaludon|Body Press|p1b: Archaludon
|-supereffective|p1b: Archaludon
|-damage|p1b: Archaludon|6/100 brn
|
|-weather|RainDance|[upkeep]
|-damage|p1a: Gholdengo|66/100 brn|[from] brn
|-damage|p1b: Archaludon|0 fnt|[from] brn
|faint|p1b: Archaludon
|upkeep
|
|t:|1755676770
|switch|p1b: Pelipper|Pelipper, L50, M|100/100
|switch|p2a: Pelipper|Pelipper, L50, M|100/100
|turn|7
|
|t:|1755676783
|move|p1a: Gholdengo|Make It Rain|p2b: Archaludon|[spread] p2a,p2b
|-resisted|p2a: Pelipper
|-resisted|p2b: Archaludon
|-enditem|p2a: Pelipper|Focus Sash
|-damage|p2a: Pelipper|1/100
|-damage|p2b: Archaludon|0 fnt
|-unboost|p1a: Gholdengo|spa|1
|faint|p2b: Archaludon
|-damage|p1a: Gholdengo|57/100 brn|[from] item: Life Orb
|move|p2a: Pelipper|Tailwind|p2a: Pelipper
|-sidestart|p2: eyspartan|move: Tailwind
|move|p1b: Pelipper|Weather Ball|p2a: Pelipper
|-resisted|p2a: Pelipper
|-damage|p2a: Pelipper|0 fnt
|faint|p2a: Pelipper
|
|-weather|RainDance|[upkeep]
|-damage|p1a: Gholdengo|51/100 brn|[from] brn
|upkeep
|
|t:|1755676792
|switch|p2b: Ursaluna|Ursaluna, L50, M, tera:Ghost|50/100 brn
|turn|8
|-message|eyspartan forfeited.
|
|win|ApostrofoRosaVGC
|raw|ApostrofoRosaVGC's rating: 1256 → 1286(+30 for winning)
|raw|eyspartan's rating: 1324 → 1300(-24 for losing)
|l|☆eyspartan
|player|p2|
