|j|☆KingK0opa
|j|☆Pietplezier7
|html|KingK0opaPietplezier7    
|uhtml|bestof|Game 2 of a best-of-3
|t:|1784744104
|gametype|doubles
|player|p1|KingK0opa|bugsy|
|player|p2|Pietplezier7|265|
|gen|9
|tier|[Gen 9 Champions] VGC 2026 Reg M-B (Bo3)
|rule|Species Clause: Limit one of each Pokémon
|rule|Item Clause: Limit 1 of each item
|clearpoke
|poke|p1|Chimecho, L50, M|
|poke|p1|Mudsdale, L50, F|
|poke|p1|Farigiraf, L50, F|
|poke|p1|Vivillon, L50, M|
|poke|p1|Vanilluxe, L50, F|
|poke|p1|Scrafty, L50, M|
|poke|p2|Aerodactyl, L50, M|
|poke|p2|Charizard, L50, M|
|poke|p2|Incineroar, L50, M|
|poke|p2|Kingambit, L50, F|
|poke|p2|Sylveon, L50, M|
|poke|p2|Garchomp, L50, M|
|teampreview|4
|showteam|p1|Chimecho||Chimechite|Levitate|Psychic,FlashCannon,CalmMind,TrickRoom|Quiet||M|||50|]Mudsdale||LifeOrb|InnerFocus|Earthquake,HighHorsepower,RockSlide,HeavySlam|Brave||F|||50|]Farigiraf||SitrusBerry|ArmorTail|PsychicNoise,Thunderbolt,TrickRoom,Protect|Relaxed||F|||50|]Vivillon||FocusSash|CompoundEyes|Hurricane,SleepPowder,RagePowder,Protect|Timid||M|||50|]Vanilluxe||NeverMeltIce|SnowWarning|Blizzard,FreezeDry,IceShard,Protect|Quiet||F|||50|]Scrafty||Scraftinite|Intimidate|FakeOut,CloseCombat,Crunch,IronHead|Brave||M|||50|
|showteam|p2|Aerodactyl||Aerodactylite|Unnerve|RockSlide,DualWingbeat,WideGuard,Tailwind|Jolly||M|||50|]Charizard||CharizarditeY|Blaze|HeatWave,WeatherBall,SolarBeam,Protect|Modest||M|||50|]Incineroar||SitrusBerry|Intimidate|FlareBlitz,DarkestLariat,FakeOut,PartingShot|Impish||M|||50|]Kingambit||FocusSash|Defiant|KowtowCleave,IronHead,SuckerPunch,LowKick|Adamant||F|||50|]Sylveon||FairyFeather|Pixilate|HyperVoice,HyperBeam,QuickAttack,Detect|Modest||M|||50|]Garchomp||LifeOrb|RoughSkin|Earthquake,DragonClaw,RockSlide,Protect|Jolly||M|||50|
|inactive|Battle timer is ON: inactive players will automatically lose when time's up. (requested by Pietplezier7)
|inactive|KingK0opa also wants the timer to be on.
|inactive|KingK0opa has 60 seconds left.
|inactive|Pietplezier7 has 60 seconds left.
|inactive|KingK0opa has 30 seconds left.
|
|t:|1784744170
|teamsize|p1|4
|teamsize|p2|4
|start
|switch|p1a: Chimecho|Chimecho, L50, M|100/100
|switch|p1b: Scrafty|Scrafty, L50, M|100/100
|switch|p2a: Kingambit|Kingambit, L50, F|100/100
|switch|p2b: Sylveon|Sylveon, L50, M|100/100
|-ability|p1b: Scrafty|Intimidate|boost
|-unboost|p2a: Kingambit|atk|1
|-ability|p2a: Kingambit|Defiant|boost
|-boost|p2a: Kingambit|atk|2
|-unboost|p2b: Sylveon|atk|1
|turn|1
|inactive|KingK0opa has 30 seconds left.
|inactive|Pietplezier7 has 30 seconds left.
|inactive|KingK0opa has 20 seconds left.
|
|t:|1784744207
|detailschange|p1a: Chimecho|Chimecho-Mega, L50, M
|-mega|p1a: Chimecho|Chimecho|Chimechite
|move|p1b: Scrafty|Fake Out|p2a: Kingambit
|-resisted|p2a: Kingambit|1
|-damage|p2a: Kingambit|95/100
|move|p2b: Sylveon|Hyper Voice|p1b: Scrafty|[spread] p1a,p1b
|-resisted|p1a: Chimecho|1
|-supereffective|p1b: Scrafty|2
|-damage|p1a: Chimecho|80/100
|-damage|p1b: Scrafty|0 fnt
|faint|p1b: Scrafty
|cant|p2a: Kingambit|flinch
|move|p1a: Chimecho|Trick Room|p1a: Chimecho
|-fieldstart|move: Trick Room|[of] p1a: Chimecho
|
|upkeep
|
|t:|1784744215
|switch|p1b: Mudsdale|Mudsdale, L50, F|100/100
|turn|2
|inactive|Pietplezier7 has 30 seconds left.
|inactive|Pietplezier7 has 20 seconds left.
|inactive|Pietplezier7 has 15 seconds left.
|inactive|Pietplezier7 has 10 seconds left.
|
|t:|1784744262
|move|p2a: Kingambit|Sucker Punch|p1b: Mudsdale
|-damage|p1b: Mudsdale|37/100
|move|p1b: Mudsdale|Earthquake|p2b: Sylveon|[spread] p2a,p2b
|-immune|p1a: Chimecho|[from] ability: Levitate
|-supereffective|p2a: Kingambit|1
|-damage|p2a: Kingambit|16/100
|-damage|p2b: Sylveon|30/100
|-damage|p1b: Mudsdale|27/100|[from] item: Life Orb
|move|p1a: Chimecho|Calm Mind|p1a: Chimecho
|-boost|p1a: Chimecho|spa|1
|-boost|p1a: Chimecho|spd|1
|move|p2b: Sylveon|Hyper Voice|p1a: Chimecho|[spread] p1a,p1b
|-resisted|p1a: Chimecho|1
|-crit|p1b: Mudsdale
|-damage|p1a: Chimecho|67/100
|-damage|p1b: Mudsdale|0 fnt
|faint|p1b: Mudsdale
|
|upkeep
|
|t:|1784744273
|switch|p1b: Vanilluxe|Vanilluxe, L50, F|100/100
|-weather|Snowscape|[from] ability: Snow Warning|[of] p1b: Vanilluxe
|turn|3
|inactive|Pietplezier7 has 30 seconds left.
|inactive|Pietplezier7 has 20 seconds left.
|inactive|Pietplezier7 has 15 seconds left.
|
|t:|1784744313
|move|p2a: Kingambit|Sucker Punch||[still]
|-fail|p2a: Kingambit
|move|p1a: Chimecho|Calm Mind|p1a: Chimecho
|-boost|p1a: Chimecho|spa|1
|-boost|p1a: Chimecho|spd|1
|move|p1b: Vanilluxe|Blizzard|p2b: Sylveon|[spread] p2a,p2b
|-resisted|p2a: Kingambit|1
|-damage|p2a: Kingambit|0 fnt
|-damage|p2b: Sylveon|0 fnt
|faint|p2a: Kingambit
|faint|p2b: Sylveon
|
|-weather|Snowscape|[upkeep]
|upkeep
|
|t:|1784744321
|switch|p2a: Garchomp|Garchomp, L50, M|100/100
|switch|p2b: Charizard|Charizard, L50, M|100/100
|turn|4
|
|t:|1784744338
|detailschange|p2b: Charizard|Charizard-Mega-Y, L50, M
|-mega|p2b: Charizard|Charizard|Charizardite Y
|-weather|SunnyDay|[from] ability: Drought|[of] p2b: Charizard
|move|p2a: Garchomp|Protect|p2a: Garchomp
|-singleturn|p2a: Garchomp|Protect
|move|p1a: Chimecho|Psychic|p2b: Charizard
|-damage|p2b: Charizard|9/100
|-unboost|p2b: Charizard|spd|1
|move|p1b: Vanilluxe|Freeze-Dry|p2a: Garchomp
|-activate|p2a: Garchomp|move: Protect
|move|p2b: Charizard|Heat Wave|p1a: Chimecho|[spread] p1a,p1b
|-supereffective|p1a: Chimecho|1
|-supereffective|p1b: Vanilluxe|1
|-damage|p1a: Chimecho|19/100
|-damage|p1b: Vanilluxe|0 fnt
|faint|p1b: Vanilluxe
|
|-weather|SunnyDay|[upkeep]
|upkeep
|turn|5
|
|t:|1784744360
|move|p2b: Charizard|Protect|p2b: Charizard
|-singleturn|p2b: Charizard|Protect
|move|p1a: Chimecho|Psychic|p2a: Garchomp
|-damage|p2a: Garchomp|0 fnt
|faint|p2a: Garchomp
|
|-weather|SunnyDay|[upkeep]
|-fieldend|move: Trick Room
|upkeep
|turn|6
|
|t:|1784744368
|move|p2b: Charizard|Weather Ball|p1a: Chimecho
|-supereffective|p1a: Chimecho|1
|-damage|p1a: Chimecho|0 fnt
|faint|p1a: Chimecho
|
|win|Pietplezier7
||Pietplezier7 is ready for game 3.
||KingK0opa is ready for game 3.
|uhtml|next|Next: Game 3 of 3
|l|☆KingK0opa
|player|p1|
