|j|☆iceshard00
|j|☆dperrynuts
|html|iceshard00dperrynuts    
|uhtml|bestof|Game 1 of a best-of-3
|t:|1783622573
|gametype|doubles
|player|p1|iceshard00|lucas|1000
|player|p2|dperrynuts|aaron|1000
|gen|9
|tier|[Gen 9 Champions] VGC 2026 Reg M-B (Bo3)
|rated|
|rule|Species Clause: Limit one of each Pokémon
|rule|Item Clause: Limit 1 of each item
|clearpoke
|poke|p1|Whimsicott, L50, F|
|poke|p1|Chesnaught, L50, M, shiny|
|poke|p1|Pelipper, L50, F|
|poke|p1|Mawile, L50, M|
|poke|p1|Glimmora, L50, M|
|poke|p1|Incineroar, L50, M|
|poke|p2|Pelipper, L50, M|
|poke|p2|Sableye, L50, M|
|poke|p2|Incineroar, L50, M|
|poke|p2|Dragonite, L50, M|
|poke|p2|Meganium, L50, F|
|poke|p2|Swampert, L50, M|
|teampreview|4
|showteam|p1|Whimsicott||FocusSash|Prankster|Moonblast,TrickRoom,GrassyTerrain,Encore|Bold||F|||50|]Chesnaught||Chesnaughtite|Bulletproof|GrassyGlide,DrainPunch,BellyDrum,SpikyShield|Sassy||M|||50|]Pelipper||LifeOrb|Drizzle|Hurricane,WeatherBall,Tailwind,WideGuard|Quiet||F|||50|]Mawile||Mawilite|HyperCutter|PlayRough,SuckerPunch,SwordsDance,Protect|Brave||M|||50|]Glimmora||ExpertBelt|ToxicDebris|PowerGem,EarthPower,SludgeBomb,SpikyShield|Modest||M|||50|]Incineroar||SitrusBerry|Intimidate|FakeOut,PartingShot,DarkestLariat,WillOWisp|Brave||M|||50|
|showteam|p2|Pelipper||FocusSash|Drizzle|WeatherBall,Hurricane,Tailwind,Protect|Timid||M|||50|]Sableye||MentalHerb|Prankster|RainDance,Reflect,LightScreen,Encore|Calm||M|||50|]Incineroar||SitrusBerry|Intimidate|FlareBlitz,DarkestLariat,PartingShot,FakeOut|Adamant||M|||50|]Dragonite||Dragoninite|Multiscale|DracoMeteor,Hurricane,Thunder,Protect|Timid||M|||50|]Meganium||Meganiumite|LeafGuard|SolarBeam,DazzlingGleam,WeatherBall,Protect|Modest||F|||50|]Swampert||Swampertite|Torrent|WaveCrash,Earthquake,IcePunch,Protect|Adamant||M|||50|
|j| EstelVgc
|l| EstelVgc
|j| Dripius131
|
|t:|1783622639
|teamsize|p1|4
|teamsize|p2|4
|start
|switch|p1a: Incineroar|Incineroar, L50, M|100/100
|switch|p1b: Whimsicott|Whimsicott, L50, F|100/100
|switch|p2a: Incineroar|Incineroar, L50, M|100/100
|switch|p2b: Sableye|Sableye, L50, M|100/100
|-ability|p2a: Incineroar|Intimidate|boost
|-unboost|p1a: Incineroar|atk|1
|-unboost|p1b: Whimsicott|atk|1
|-ability|p1a: Incineroar|Intimidate|boost
|-unboost|p2a: Incineroar|atk|1
|-unboost|p2b: Sableye|atk|1
|turn|1
|l| Dripius131
|inactive|Battle timer is ON: inactive players will automatically lose when time's up. (requested by iceshard00)
|
|t:|1783622682
|move|p2a: Incineroar|Fake Out|p1a: Incineroar
|-damage|p1a: Incineroar|93/100
|cant|p1a: Incineroar|flinch
|move|p2b: Sableye|Light Screen|p2b: Sableye
|-sidestart|p2: dperrynuts|move: Light Screen
|move|p1b: Whimsicott|Trick Room|p1b: Whimsicott
|-fieldstart|move: Trick Room|[of] p1b: Whimsicott
|
|upkeep
|turn|2
|inactive|iceshard00 has 30 seconds left.
|inactive|dperrynuts has 30 seconds left.
|inactive|iceshard00 has 20 seconds left.
|
|t:|1783622719
|move|p2b: Sableye|Reflect|p2b: Sableye
|-sidestart|p2: dperrynuts|Reflect
|move|p1b: Whimsicott|Encore|p2b: Sableye
|-hint|Since gen 7, Dark is immune to Prankster moves.
|-immune|p2b: Sableye
|move|p1a: Incineroar|Parting Shot|p2a: Incineroar
|-unboost|p2a: Incineroar|atk|1
|-unboost|p2a: Incineroar|spa|1
|
|t:|1783622728
|switch|p1a: Glimmora|Glimmora, L50, M|100/100|[from] Parting Shot
|move|p2a: Incineroar|Parting Shot|p1a: Glimmora
|-unboost|p1a: Glimmora|atk|1
|-unboost|p1a: Glimmora|spa|1
|
|t:|1783622753
|switch|p2a: Meganium|Meganium, L50, F|100/100|[from] Parting Shot
|
|upkeep
|turn|3
|
|t:|1783622774
|switch|p2b: Incineroar|Incineroar, L50, M|100/100
|-ability|p2b: Incineroar|Intimidate|boost
|-unboost|p1a: Glimmora|atk|1
|-unboost|p1b: Whimsicott|atk|1
|detailschange|p2a: Meganium|Meganium-Mega, L50, F
|-mega|p2a: Meganium|Meganium|Meganiumite
|move|p2a: Meganium|Solar Beam||[still]
|-prepare|p2a: Meganium|Solar Beam
|-activate|p2a: Meganium|ability: Mega Sol
|-anim|p2a: Meganium|Solar Beam|p1a: Glimmora
|-damage|p1a: Glimmora|43/100
|move|p1a: Glimmora|Sludge Bomb|p2a: Meganium
|-supereffective|p2a: Meganium|2
|-damage|p2a: Meganium|0 fnt
|faint|p2a: Meganium
|move|p1b: Whimsicott|Moonblast|p2b: Incineroar
|-damage|p2b: Incineroar|81/100
|
|upkeep
|inactive|dperrynuts has 30 seconds left.
|inactive|dperrynuts has 20 seconds left.
|inactive|dperrynuts has 15 seconds left.
|inactive|dperrynuts has 10 seconds left.
|inactive|dperrynuts has 5 seconds left.
|
|t:|1783622829
|switch|p2a: Sableye|Sableye, L50, M|100/100
|turn|4
|inactive|iceshard00 has 30 seconds left.
|
|t:|1783622862
|switch|p1b: Mawile|Mawile, L50, M|100/100
|move|p1a: Glimmora|Spiky Shield|p1a: Glimmora
|-singleturn|p1a: Glimmora|move: Protect
|move|p2a: Sableye|Rain Dance|p2a: Sableye
|-weather|RainDance
|move|p2b: Incineroar|Parting Shot|p1a: Glimmora
|-activate|p1a: Glimmora|move: Protect
|
|-weather|RainDance|[upkeep]
|upkeep
|turn|5
|inactive|iceshard00 has 30 seconds left.
|
|t:|1783622889
|switch|p1a: Whimsicott|Whimsicott, L50, F|100/100
|detailschange|p1b: Mawile|Mawile-Mega, L50, M
|-mega|p1b: Mawile|Mawile|Mawilite
|move|p2a: Sableye|Encore||[still]
|-fail|p2a: Sableye
|move|p1b: Mawile|Play Rough|p2b: Incineroar
|-damage|p2b: Incineroar|18/100
|-enditem|p2b: Incineroar|Sitrus Berry|[eat]
|-heal|p2b: Incineroar|43/100|[from] item: Sitrus Berry
|move|p2b: Incineroar|Parting Shot|p1a: Whimsicott
|-unboost|p1a: Whimsicott|atk|1
|-unboost|p1a: Whimsicott|spa|1
|
|t:|1783622903
|switch|p2b: Dragonite|Dragonite, L50, M|100/100|[from] Parting Shot
|
|-weather|RainDance|[upkeep]
|-sideend|p2: dperrynuts|move: Light Screen
|-fieldend|move: Trick Room
|upkeep
|turn|6
|
|t:|1783622922
|move|p2a: Sableye|Rain Dance||[still]
|-fail|p2a: Sableye
|move|p1b: Mawile|Sucker Punch|p2b: Dragonite
|-damage|p2b: Dragonite|81/100
|move|p2b: Dragonite|Thunder|p1b: Mawile
|-damage|p1b: Mawile|70/100
|move|p1a: Whimsicott|Trick Room|p1a: Whimsicott
|-fieldstart|move: Trick Room|[of] p1a: Whimsicott
|
|-weather|RainDance|[upkeep]
|-sideend|p2: dperrynuts|Reflect
|upkeep
|turn|7
|-message|dperrynuts forfeited.
|raw|iceshard00's rating: 1000 → 1040(+40 for winning)
|raw|dperrynuts's rating: 1000 → 1000(+0 for losing)
|
|win|iceshard00
|l|☆dperrynuts
|player|p2|
