|j|☆SMY23
|j|☆tang de maracuja
|html|SMY23tang de maracuja    
|uhtml|bestof|Game 3 of a best-of-3
|t:|1784650044
|gametype|doubles
|player|p1|SMY23|266|1056
|player|p2|tang de maracuja|morty|1174
|gen|9
|tier|[Gen 9 Champions] VGC 2026 Reg M-B (Bo3)
|rated|
|rule|Species Clause: Limit one of each Pokémon
|rule|Item Clause: Limit 1 of each item
|clearpoke
|poke|p1|Delphox, L50, F|
|poke|p1|Garchomp, L50, F|
|poke|p1|Rotom-Wash, L50|
|poke|p1|Sneasler, L50, M|
|poke|p1|Tsareena, L50, F|
|poke|p1|Gyarados, L50, F|
|poke|p2|Gengar, L50, M|
|poke|p2|Archaludon, L50, F|
|poke|p2|Politoed, L50, F|
|poke|p2|Swampert, L50, F|
|poke|p2|Vivillon, L50, M|
|poke|p2|Incineroar, L50, M|
|teampreview|4
|showteam|p1|Delphox||Delphoxite|Blaze|HeatWave,Psyshock,NastyPlot,Protect|Timid||F|||50|]Garchomp||LifeOrb|RoughSkin|Earthquake,DragonClaw,RockSlide,Protect|Jolly||F|||50|]Rotom-Wash||SitrusBerry|Levitate|HydroPump,Thunderbolt,WillOWisp,Protect|Modest|||||50|]Sneasler||WhiteHerb|Unburden|CloseCombat,GunkShot,Protect,Feint|Adamant||M|||50|]Tsareena||ChoiceScarf|QueenlyMajesty|PowerWhip,TripleAxel,KnockOff,LowKick|Jolly||F|||50|]Gyarados||Gyaradosite|Intimidate|Waterfall,Crunch,DragonDance,Protect|Jolly||F|||50|
|showteam|p2|Gengar||Gengarite|CursedBody|ShadowBall,SludgeBomb,PerishSong,Protect|Modest||M|||50|]Archaludon||Leftovers|Stamina|ElectroShot,DragonPulse,FlashCannon,Protect|Bold||F|||50|]Politoed||SitrusBerry|Drizzle|WeatherBall,Hypnosis,PerishSong,Protect|Calm||F|||50|]Swampert||Swampertite|Torrent|WaveCrash,Earthquake,IcePunch,Protect|Adamant||F|||50|]Vivillon||FocusSash|CompoundEyes|Hurricane,SleepPowder,RagePowder,Protect|Timid||M|||50|]Incineroar||PasshoBerry|Intimidate|ThroatChop,FakeOut,PartingShot,Protect|Impish||M|||50|
|inactive|Battle timer is ON: inactive players will automatically lose when time's up. (requested by SMY23)
|inactive|tang de maracuja also wants the timer to be on.
|inactive|SMY23 has 60 seconds left.
|
|t:|1784650091
|teamsize|p1|4
|teamsize|p2|4
|start
|switch|p1a: Sneasler|Sneasler, L50, M|100/100
|switch|p1b: Tsareena|Tsareena, L50, F|100/100
|switch|p2a: Swampert|Swampert, L50, F|100/100
|switch|p2b: Vivillon|Vivillon, L50, M|100/100
|turn|1
|inactive|SMY23 has 30 seconds left.
|inactive|SMY23 has 20 seconds left.
|inactive|SMY23 has 15 seconds left.
|
|t:|1784650133
|switch|p1b: Rotom|Rotom-Wash, L50|100/100
|switch|p2a: Archaludon|Archaludon, L50, F|100/100
|move|p1a: Sneasler|Close Combat|p2a: Archaludon
|-supereffective|p2a: Archaludon|1
|-damage|p2a: Archaludon|29/100
|-unboost|p1a: Sneasler|def|1
|-unboost|p1a: Sneasler|spd|1
|-ability|p2a: Archaludon|Stamina|boost
|-boost|p2a: Archaludon|def|1
|-enditem|p1a: Sneasler|White Herb
|-clearnegativeboost|p1a: Sneasler|[silent]
|move|p2b: Vivillon|Hurricane|p1a: Sneasler
|-supereffective|p1a: Sneasler|1
|-damage|p1a: Sneasler|0 fnt
|faint|p1a: Sneasler
|
|-heal|p2a: Archaludon|36/100|[from] item: Leftovers
|upkeep
|
|t:|1784650146
|switch|p1a: Delphox|Delphox, L50, F|100/100
|turn|2
|inactive|tang de maracuja has 30 seconds left.
|
|t:|1784650178
|detailschange|p1a: Delphox|Delphox-Mega, L50, F
|-mega|p1a: Delphox|Delphox|Delphoxite
|move|p1a: Delphox|Heat Wave|p2a: Archaludon|[spread] p2a,p2b
|-supereffective|p2b: Vivillon|1
|-damage|p2a: Archaludon|0 fnt
|-enditem|p2b: Vivillon|Focus Sash
|-damage|p2b: Vivillon|1/100
|faint|p2a: Archaludon
|move|p2b: Vivillon|Sleep Powder|p1a: Delphox
|-status|p1a: Delphox|slp|[from] move: Sleep Powder
|move|p1b: Rotom|Will-O-Wisp|p2b: Vivillon
|-status|p2b: Vivillon|brn
|
|-damage|p2b: Vivillon|0 fnt|[from] brn
|faint|p2b: Vivillon
|upkeep
|
|t:|1784650184
|switch|p2b: Politoed|Politoed, L50, F|100/100
|switch|p2a: Swampert|Swampert, L50, F|100/100
|-weather|RainDance|[from] ability: Drizzle|[of] p2b: Politoed
|turn|3
|
|t:|1784650208
|detailschange|p2a: Swampert|Swampert-Mega, L50, F
|-mega|p2a: Swampert|Swampert|Swampertite
|cant|p1a: Delphox|slp
|move|p2a: Swampert|Ice Punch|p1a: Delphox
|-resisted|p1a: Delphox|1
|-damage|p1a: Delphox|77/100 slp
|move|p1b: Rotom|Will-O-Wisp|p2a: Swampert
|-status|p2a: Swampert|brn
|move|p2b: Politoed|Hypnosis|p1b: Rotom
|-status|p1b: Rotom|slp|[from] move: Hypnosis
|
|-weather|RainDance|[upkeep]
|-damage|p2a: Swampert|93/100 brn|[from] brn
|upkeep
|turn|4
|
|t:|1784650226
|-curestatus|p1a: Delphox|slp|[msg]
|move|p1a: Delphox|Protect|p1a: Delphox
|-singleturn|p1a: Delphox|Protect
|move|p2a: Swampert|Ice Punch|p1a: Delphox
|-activate|p1a: Delphox|move: Protect
|cant|p1b: Rotom|slp
|move|p2b: Politoed|Weather Ball|p1a: Delphox
|-activate|p1a: Delphox|move: Protect
|
|-weather|RainDance|[upkeep]
|-damage|p2a: Swampert|87/100 brn|[from] brn
|upkeep
|turn|5
|-message|tang de maracuja forfeited.
|
|win|SMY23
