|j|☆ChouRaven
|j|☆yungleandoer96
|html|ChouRavenyungleandoer96    
|uhtml|bestof|Game 2 of a best-of-3
|t:|1756255975
|gametype|doubles
|player|p1|ChouRaven|boarder|
|player|p2|yungleandoer96|265|
|gen|9
|tier|[Gen 9] VGC 2025 Reg H (Bo3)
|rule|Species Clause: Limit one of each Pokémon
|rule|Item Clause: Limit 1 of each item
|clearpoke
|poke|p1|Sinistcha, L50|
|poke|p1|Ursaluna-Bloodmoon, L50, M|
|poke|p1|Conkeldurr, L50, M|
|poke|p1|Armarouge, L50, M|
|poke|p1|Archaludon, L50, F|
|poke|p1|Primarina, L50, M|
|poke|p2|Incineroar, L50, F|
|poke|p2|Amoonguss, L50, F|
|poke|p2|Ursaluna-Bloodmoon, L50, M|
|poke|p2|Sneasler, L50, F|
|poke|p2|Gholdengo, L50|
|poke|p2|Dragonite, L50, M|
|teampreview|4
|showteam|p1|Sinistcha||SitrusBerry|Hospitality|RagePowder,TrickRoom,MatchaGotcha,StrengthSap||||||50|,,,,,Water]Ursaluna-Bloodmoon||AssaultVest|MindsEye|BloodMoon,HyperVoice,EarthPower,VacuumWave|||M|||50|,,,,,Normal]Conkeldurr||FlameOrb|Guts|CloseCombat,KnockOff,PoisonJab,Detect|||M|||50|,,,,,Fighting]Armarouge||LifeOrb|FlashFire|ArmorCannon,Psychic,WideGuard,TrickRoom|||M|||50|,,,,,Grass]Archaludon||PowerHerb|Stamina|ElectroShot,DragonPulse,BodyPress,Protect|||F|||50|,,,,,Ghost]Primarina||ThroatSpray|LiquidVoice|HyperVoice,Moonblast,TeraBlast,Protect|||M|||50|,,,,,Fire
|showteam|p2|Incineroar||SafetyGoggles|Intimidate|FlareBlitz,KnockOff,PartingShot,FakeOut|||F|||50|,,,,,Ghost]Amoonguss||SitrusBerry|Regenerator|Spore,RagePowder,PollenPuff,Protect|||F|||50|,,,,,Psychic]Ursaluna-Bloodmoon||AssaultVest|MindsEye|HyperVoice,BloodMoon,EarthPower,VacuumWave|||M|||50|,,,,,Water]Sneasler||FocusSash|Unburden|CloseCombat,DireClaw,ThroatChop,Protect|||F|||50|,,,,,Stellar]Gholdengo||LifeOrb|GoodasGold|MakeItRain,ShadowBall,NastyPlot,Protect||||||50|,,,,,Water]Dragonite||LoadedDice|Multiscale|ScaleShot,Tailwind,Haze,Protect|||M|||50|,,,,,Fairy
|c|☆yungleandoer96|glhf
|
|t:|1756255992
|teamsize|p1|4
|teamsize|p2|4
|start
|switch|p1a: Sinistcha|Sinistcha, L50|100/100
|switch|p1b: Armarouge|Armarouge, L50, M|100/100
|switch|p2a: Gholdengo|Gholdengo, L50|100/100
|switch|p2b: Incineroar|Incineroar, L50, F|100/100
|-ability|p2b: Incineroar|Intimidate|boost
|-unboost|p1a: Sinistcha|atk|1
|-unboost|p1b: Armarouge|atk|1
|turn|1
|c|☆ChouRaven|You too
|
|t:|1756256052
|move|p2b: Incineroar|Fake Out|p1b: Armarouge
|-damage|p1b: Armarouge|91/100
|move|p1a: Sinistcha|Rage Powder|p1a: Sinistcha
|-singleturn|p1a: Sinistcha|move: Rage Powder
|move|p2a: Gholdengo|Make It Rain|p1a: Sinistcha|[spread] p1a,p1b
|-resisted|p1b: Armarouge
|-damage|p1a: Sinistcha|47/100
|-damage|p1b: Armarouge|55/100
|-unboost|p2a: Gholdengo|spa|1
|-enditem|p1a: Sinistcha|Sitrus Berry|[eat]
|-heal|p1a: Sinistcha|72/100|[from] item: Sitrus Berry
|-damage|p2a: Gholdengo|91/100|[from] item: Life Orb
|cant|p1b: Armarouge|flinch
|
|upkeep
|turn|2
|
|t:|1756256075
|move|p2a: Gholdengo|Shadow Ball|p1a: Sinistcha
|-supereffective|p1a: Sinistcha
|-damage|p1a: Sinistcha|4/100
|-damage|p2a: Gholdengo|81/100|[from] item: Life Orb
|move|p2b: Incineroar|Knock Off|p1b: Armarouge
|-supereffective|p1b: Armarouge
|-damage|p1b: Armarouge|0 fnt
|-enditem|p1b: Armarouge|Life Orb|[from] move: Knock Off|[of] p2b: Incineroar
|faint|p1b: Armarouge
|move|p1a: Sinistcha|Trick Room|p1a: Sinistcha
|-fieldstart|move: Trick Room|[of] p1a: Sinistcha
|
|upkeep
|
|t:|1756256086
|switch|p1b: Ursaluna|Ursaluna-Bloodmoon, L50, M|100/100
|turn|3
|
|t:|1756256109
|switch|p1a: Conkeldurr|Conkeldurr, L50, M|100/100
|switch|p2a: Amoonguss|Amoonguss, L50, F|100/100
|-terastallize|p1b: Ursaluna|Normal
|move|p1b: Ursaluna|Hyper Voice|p2a: Amoonguss|[spread] p2a,p2b
|-damage|p2a: Amoonguss|57/100
|-damage|p2b: Incineroar|56/100
|move|p2b: Incineroar|Parting Shot|p1b: Ursaluna
|-unboost|p1b: Ursaluna|atk|1
|-unboost|p1b: Ursaluna|spa|1
|
|t:|1756256123
|switch|p2b: Gholdengo|Gholdengo, L50|81/100|[from] Parting Shot
|
|-status|p1a: Conkeldurr|brn|[from] item: Flame Orb
|upkeep
|turn|4
|
|t:|1756256143
|switch|p1b: Sinistcha|Sinistcha, L50|4/100
|switch|p2b: Incineroar|Incineroar, L50, F|56/100
|-ability|p2b: Incineroar|Intimidate|boost
|-unboost|p1a: Conkeldurr|atk|1
|-unboost|p1b: Sinistcha|atk|1
|move|p2a: Amoonguss|Protect|p2a: Amoonguss
|-singleturn|p2a: Amoonguss|Protect
|move|p1a: Conkeldurr|Knock Off|p2b: Incineroar
|-resisted|p2b: Incineroar
|-damage|p2b: Incineroar|40/100
|-enditem|p2b: Incineroar|Safety Goggles|[from] move: Knock Off|[of] p1a: Conkeldurr
|
|-damage|p1a: Conkeldurr|94/100 brn|[from] brn
|upkeep
|turn|5
|
|t:|1756256188
|move|p1a: Conkeldurr|Detect|p1a: Conkeldurr
|-singleturn|p1a: Conkeldurr|Protect
|move|p2a: Amoonguss|Pollen Puff|p2b: Incineroar
|-heal|p2b: Incineroar|90/100
|move|p1b: Sinistcha|Matcha Gotcha|p2a: Amoonguss|[spread] p2b
|-miss|p1b: Sinistcha|p2a: Amoonguss
|-resisted|p2b: Incineroar
|-damage|p2b: Incineroar|80/100
|-heal|p1b: Sinistcha|10/100|[from] drain|[of] p2b: Incineroar
|move|p2b: Incineroar|Knock Off|p1b: Sinistcha
|-supereffective|p1b: Sinistcha
|-damage|p1b: Sinistcha|0 fnt
|faint|p1b: Sinistcha
|
|-damage|p1a: Conkeldurr|88/100 brn|[from] brn
|upkeep
|
|t:|1756256204
|switch|p1b: Ursaluna|Ursaluna-Bloodmoon, L50, M, tera:Normal|100/100
|turn|6
|
|t:|1756256254
|move|p1a: Conkeldurr|Knock Off|p2a: Amoonguss
|-damage|p2a: Amoonguss|24/100
|-enditem|p2a: Amoonguss|Sitrus Berry|[from] move: Knock Off|[of] p1a: Conkeldurr
|move|p1b: Ursaluna|Blood Moon|p2a: Amoonguss
|-damage|p2a: Amoonguss|0 fnt
|faint|p2a: Amoonguss
|move|p2b: Incineroar|Parting Shot|p1b: Ursaluna
|-unboost|p1b: Ursaluna|atk|1
|-unboost|p1b: Ursaluna|spa|1
|
|t:|1756256261
|switch|p2b: Gholdengo|Gholdengo, L50|81/100|[from] Parting Shot
|
|-damage|p1a: Conkeldurr|82/100 brn|[from] brn
|-fieldend|move: Trick Room
|upkeep
|
|t:|1756256263
|switch|p2a: Incineroar|Incineroar, L50, F|80/100
|-ability|p2a: Incineroar|Intimidate|boost
|-unboost|p1a: Conkeldurr|atk|1
|-unboost|p1b: Ursaluna|atk|1
|turn|7
|
|t:|1756256294
|-terastallize|p2b: Gholdengo|Water
|move|p2a: Incineroar|Fake Out|p1b: Ursaluna
|-damage|p1b: Ursaluna|92/100
|move|p2b: Gholdengo|Nasty Plot|p2b: Gholdengo
|-boost|p2b: Gholdengo|spa|2
|cant|p1b: Ursaluna|flinch
|move|p1a: Conkeldurr|Close Combat|p2a: Incineroar
|-supereffective|p2a: Incineroar
|-damage|p2a: Incineroar|0 fnt
|-unboost|p1a: Conkeldurr|def|1
|-unboost|p1a: Conkeldurr|spd|1
|faint|p2a: Incineroar
|
|-damage|p1a: Conkeldurr|76/100 brn|[from] brn
|upkeep
|
|t:|1756256317
|switch|p2a: Ursaluna|Ursaluna-Bloodmoon, L50, M|100/100
|turn|8
|
|t:|1756256334
|move|p1a: Conkeldurr|Detect|p1a: Conkeldurr
|-singleturn|p1a: Conkeldurr|Protect
|move|p2b: Gholdengo|Make It Rain|p1a: Conkeldurr|[spread] p1b
|-activate|p1a: Conkeldurr|move: Protect
|-damage|p1b: Ursaluna|1/100
|-unboost|p2b: Gholdengo|spa|1
|-damage|p2b: Gholdengo|72/100|[from] item: Life Orb
|move|p2a: Ursaluna|Blood Moon|p1b: Ursaluna
|-damage|p1b: Ursaluna|0 fnt
|faint|p1b: Ursaluna
|
|-damage|p1a: Conkeldurr|70/100 brn|[from] brn
|upkeep
|turn|9
|
|t:|1756256365
|move|p2b: Gholdengo|Make It Rain|p1a: Conkeldurr
|-damage|p1a: Conkeldurr|0 fnt
|-unboost|p2b: Gholdengo|spa|1
|faint|p1a: Conkeldurr
|-damage|p2b: Gholdengo|62/100|[from] item: Life Orb
|
|win|yungleandoer96
|c|☆yungleandoer96|ggs
|c|☆ChouRaven|gg
|c|☆yungleandoer96|wp
|c|☆ChouRaven|Rusty as hell, and forgot to Tera Armarouge to Grass game one
|c|☆ChouRaven|And just plain miscalled it turn 1 in game 2
|c|☆ChouRaven|Good practice though
|c|☆yungleandoer96|thanks for the games
|l|☆yungleandoer96
|player|p2|
|c|☆ChouRaven|You too
