|j|☆lettitripppp
|j|☆big electric fan
|html|lettitrippppbig electric fan    
|uhtml|bestof|Game 2 of a best-of-3
|t:|1784165957
|gametype|doubles
|player|p1|lettitripppp|lucas|1242
|player|p2|big electric fan|liza|1296
|gen|9
|tier|[Gen 9 Champions] VGC 2026 Reg M-B (Bo3)
|rated|
|rule|Species Clause: Limit one of each Pokémon
|rule|Item Clause: Limit 1 of each item
|clearpoke
|poke|p1|Charizard, L50, M, shiny|
|poke|p1|Floette-Eternal, L50, F|
|poke|p1|Basculegion, L50, M|
|poke|p1|Whimsicott, L50, M, shiny|
|poke|p1|Garchomp, L50, M|
|poke|p1|Kingambit, L50, M, shiny|
|poke|p2|Scrafty, L50, F|
|poke|p2|Metagross, L50|
|poke|p2|Mamoswine, L50, M|
|poke|p2|Toxapex, L50, M|
|poke|p2|Dragonite, L50, F|
|poke|p2|Charizard, L50, M|
|teampreview|4
|showteam|p1|Charizard||CharizarditeY|Blaze|WeatherBall,SolarBeam,HeatWave,Protect|Modest||M|||50|]Floette-Eternal||Floettite|FlowerVeil|DazzlingGleam,LightofRuin,Moonblast,Protect|Timid||F|||50|]Basculegion||LifeOrb|Adaptability|LastRespects,WaveCrash,AquaJet,Protect|Adamant||M|||50|]Whimsicott||FocusSash|Prankster|Moonblast,Tailwind,Encore,Protect|Timid||M|||50|]Garchomp||RoseliBerry|RoughSkin|DragonClaw,Earthquake,PoisonJab,RockSlide|Jolly||M|||50|]Kingambit||ChopleBerry|Defiant|KowtowCleave,SuckerPunch,LowKick,Protect|Adamant||M|||50|
|showteam|p2|Scrafty||Scraftinite|Intimidate|ThroatChop,DrainPunch,FakeOut,Protect|Impish||F|||50|]Metagross||MetalCoat|ClearBody|MeteorMash,PsychicFangs,BulletPunch,Protect|Adamant|||||50|]Mamoswine||FocusSash|Oblivious|Earthquake,IcicleCrash,IceShard,Protect|Adamant||M|||50|]Toxapex||Leftovers|Regenerator|Infestation,Toxic,WideGuard,BanefulBunker|Bold||M|||50|]Dragonite||DragonFang|Multiscale|DragonClaw,ExtremeSpeed,FirePunch,Protect|Adamant||F|||50|]Charizard||CharizarditeY|Blaze|HeatWave,SolarBeam,WeatherBall,Protect|Timid||M|||50|
|inactive|Battle timer is ON: inactive players will automatically lose when time's up. (requested by lettitripppp)
|
|t:|1784165974
|teamsize|p1|4
|teamsize|p2|4
|start
|switch|p1a: CRUSH SHARK|Garchomp, L50, M|100/100
|switch|p1b: LETS GO AGAIN|Whimsicott, L50, M, shiny|100/100
|switch|p2a: Charizard|Charizard, L50, M|100/100
|switch|p2b: Scrafty|Scrafty, L50, F|100/100
|-ability|p2b: Scrafty|Intimidate|boost
|-unboost|p1a: CRUSH SHARK|atk|1
|-unboost|p1b: LETS GO AGAIN|atk|1
|turn|1
|
|t:|1784165988
|detailschange|p2a: Charizard|Charizard-Mega-Y, L50, M
|-mega|p2a: Charizard|Charizard|Charizardite Y
|-weather|SunnyDay|[from] ability: Drought|[of] p2a: Charizard
|move|p2b: Scrafty|Fake Out|p1a: CRUSH SHARK
|-damage|p1a: CRUSH SHARK|91/100
|-damage|p2b: Scrafty|87/100|[from] ability: Rough Skin|[of] p1a: CRUSH SHARK
|move|p1b: LETS GO AGAIN|Moonblast|p2b: Scrafty
|-supereffective|p2b: Scrafty|2
|-damage|p2b: Scrafty|0 fnt
|faint|p2b: Scrafty
|cant|p1a: CRUSH SHARK|flinch
|move|p2a: Charizard|Heat Wave|p1a: CRUSH SHARK|[spread] p1a,p1b
|-resisted|p1a: CRUSH SHARK|1
|-supereffective|p1b: LETS GO AGAIN|1
|-damage|p1a: CRUSH SHARK|58/100
|-enditem|p1b: LETS GO AGAIN|Focus Sash
|-damage|p1b: LETS GO AGAIN|1/100
|
|-weather|SunnyDay|[upkeep]
|upkeep
|
|t:|1784166004
|switch|p2b: Toxapex|Toxapex, L50, M|100/100
|turn|2
|
|t:|1784166013
|move|p2a: Charizard|Protect|p2a: Charizard
|-singleturn|p2a: Charizard|Protect
|move|p1b: LETS GO AGAIN|Tailwind|p1b: LETS GO AGAIN
|-sidestart|p1: lettitripppp|move: Tailwind
|move|p1a: CRUSH SHARK|Dragon Claw|p2a: Charizard
|-activate|p2a: Charizard|move: Protect
|move|p2b: Toxapex|Toxic|p1a: CRUSH SHARK
|-status|p1a: CRUSH SHARK|tox
|
|-weather|SunnyDay|[upkeep]
|-damage|p1a: CRUSH SHARK|52/100 tox|[from] psn
|upkeep
|turn|3
|
|t:|1784166029
|switch|p2a: Dragonite|Dragonite, L50, F|100/100
|move|p1b: LETS GO AGAIN|Encore|p2b: Toxapex
|-start|p2b: Toxapex|Encore
|move|p1a: CRUSH SHARK|Earthquake|p2b: Toxapex|[spread] p1b,p2b
|-immune|p2a: Dragonite
|-resisted|p1b: LETS GO AGAIN|1
|-crit|p1b: LETS GO AGAIN
|-supereffective|p2b: Toxapex|1
|-damage|p1b: LETS GO AGAIN|0 fnt
|-damage|p2b: Toxapex|64/100
|faint|p1b: LETS GO AGAIN
|move|p2b: Toxapex|Toxic|p1a: CRUSH SHARK
|-fail|p1a: CRUSH SHARK|tox
|
|-weather|SunnyDay|[upkeep]
|-heal|p2b: Toxapex|70/100|[from] item: Leftovers
|-damage|p1a: CRUSH SHARK|40/100 tox|[from] psn
|upkeep
|
|t:|1784166042
|switch|p1b: GHOSTWAVE|Basculegion, L50, M|100/100
|turn|4
|
|t:|1784166052
|move|p2a: Dragonite|Protect|p2a: Dragonite
|-singleturn|p2a: Dragonite|Protect
|move|p1a: CRUSH SHARK|Dragon Claw|p2a: Dragonite
|-activate|p2a: Dragonite|move: Protect
|move|p1b: GHOSTWAVE|Last Respects|p2a: Dragonite
|-activate|p2a: Dragonite|move: Protect
|move|p2b: Toxapex|Toxic|p1b: GHOSTWAVE
|-status|p1b: GHOSTWAVE|tox
|
|-weather|SunnyDay|[upkeep]
|-heal|p2b: Toxapex|75/100|[from] item: Leftovers
|-damage|p1a: CRUSH SHARK|22/100 tox|[from] psn
|-damage|p1b: GHOSTWAVE|93/100 tox|[from] psn
|upkeep
|turn|5
|
|t:|1784166074
|switch|p2a: Charizard|Charizard-Mega-Y, L50, M|100/100
|move|p1a: CRUSH SHARK|Earthquake|p2a: Charizard|[spread] p1b,p2b
|-immune|p2a: Charizard
|-supereffective|p2b: Toxapex|1
|-damage|p1b: GHOSTWAVE|71/100 tox
|-damage|p2b: Toxapex|41/100
|move|p1b: GHOSTWAVE|Last Respects|p2b: Toxapex
|-damage|p2b: Toxapex|0 fnt
|faint|p2b: Toxapex
|-damage|p1b: GHOSTWAVE|61/100 tox|[from] item: Life Orb
|
|-weather|none
|-damage|p1a: CRUSH SHARK|0 fnt|[from] psn
|faint|p1a: CRUSH SHARK
|-damage|p1b: GHOSTWAVE|49/100 tox|[from] psn
|-sideend|p1: lettitripppp|move: Tailwind
|upkeep
|
|t:|1784166083
|switch|p1a: RUINOUS LIGHT|Floette-Eternal, L50, F|100/100
|switch|p2b: Dragonite|Dragonite, L50, F|100/100
|turn|6
|
|t:|1784166091
|detailschange|p1a: RUINOUS LIGHT|Floette-Mega, L50, F
|-mega|p1a: RUINOUS LIGHT|Floette|Floettite
|-ability|p1a: RUINOUS LIGHT|Fairy Aura
|move|p2b: Dragonite|Extreme Speed|p1a: RUINOUS LIGHT
|-damage|p1a: RUINOUS LIGHT|60/100
|move|p1a: RUINOUS LIGHT|Dazzling Gleam|p2a: Charizard|[spread] p2a,p2b
|-resisted|p2a: Charizard|1
|-supereffective|p2b: Dragonite|1
|-damage|p2a: Charizard|76/100
|-damage|p2b: Dragonite|57/100
|move|p2a: Charizard|Heat Wave|p1a: RUINOUS LIGHT|[spread] p1a,p1b
|-resisted|p1b: GHOSTWAVE|1
|-damage|p1a: RUINOUS LIGHT|30/100
|-damage|p1b: GHOSTWAVE|27/100 tox
|-status|p1a: RUINOUS LIGHT|brn
|move|p1b: GHOSTWAVE|Wave Crash|p2a: Charizard
|-supereffective|p2a: Charizard|1
|-damage|p2a: Charizard|0 fnt
|faint|p2a: Charizard
|-damage|p1b: GHOSTWAVE|6/100 tox|[from] Recoil
|-damage|p1b: GHOSTWAVE|0 fnt|[from] item: Life Orb
|faint|p1b: GHOSTWAVE
|
|-damage|p1a: RUINOUS LIGHT|24/100 brn|[from] brn
|upkeep
|turn|7
|
|t:|1784166106
|move|p2b: Dragonite|Protect|p2b: Dragonite
|-singleturn|p2b: Dragonite|Protect
|move|p1a: RUINOUS LIGHT|Moonblast|p2b: Dragonite
|-activate|p2b: Dragonite|move: Protect
|
|-damage|p1a: RUINOUS LIGHT|18/100 brn|[from] brn
|upkeep
|turn|8
|
|t:|1784166109
|move|p2b: Dragonite|Extreme Speed|p1a: RUINOUS LIGHT
|-damage|p1a: RUINOUS LIGHT|0 fnt
|faint|p1a: RUINOUS LIGHT
|
|win|big electric fan
|raw|lettitripppp's rating: 1242 → 1221(-21 for losing)
|raw|big electric fan's rating: 1296 → 1317(+21 for winning)
