|j|☆UndeadParadox
|j|☆hl498
|html|UndeadParadoxhl498    
|uhtml|bestof|Game 3 of a best-of-3
|t:|1756786493
|gametype|doubles
|player|p1|UndeadParadox|guitarist|1180
|player|p2|hl498|hilbert|1083
|gen|9
|tier|[Gen 9] VGC 2025 Reg H (Bo3)
|rated|
|rule|Species Clause: Limit one of each Pokémon
|rule|Item Clause: Limit 1 of each item
|clearpoke
|poke|p1|Sneasler, L50, F|
|poke|p1|Rillaboom, L50, M|
|poke|p1|Incineroar, L50, F|
|poke|p1|Gholdengo, L50|
|poke|p1|Hydreigon, L50, M|
|poke|p1|Gengar, L50, M|
|poke|p2|Garchomp, L50, M|
|poke|p2|Amoonguss, L50, F|
|poke|p2|Tyranitar, L50, M|
|poke|p2|Gholdengo, L50|
|poke|p2|Incineroar, L50, M|
|poke|p2|Kilowattrel, L50, F|
|teampreview|4
|showteam|p1|Sneasler||GrassySeed|Unburden|CloseCombat,DireClaw,Acrobatics,Protect|||F|||50|,,,,,Flying]Rillaboom||AssaultVest|GrassySurge|WoodHammer,GrassyGlide,FakeOut,HighHorsepower|||M|||50|,,,,,Fire]Incineroar||SafetyGoggles|Intimidate|FlareBlitz,KnockOff,PartingShot,FakeOut|||F|||50|,,,,,Ghost]Gholdengo||MetalCoat|GoodasGold|Protect,MakeItRain,ShadowBall,NastyPlot||||||50|,,,,,Water]Hydreigon||LifeOrb|Levitate|Flamethrower,DracoMeteor,DarkPulse,Protect|||M|||50|,,,,,Fire]Gengar||FocusSash|CursedBody|ShadowBall,Haze,Taunt,IcyWind|||M|||50|,,,,,Ghost
|showteam|p2|Garchomp||LifeOrb|SandVeil|Earthquake,Protect,StompingTantrum,DragonClaw|||M|||50|,,,,,Steel]Amoonguss||SitrusBerry|Regenerator|Spore,Protect,PollenPuff,RagePowder|||F|||50|,,,,,Water]Tyranitar||AssaultVest|SandStream|RockSlide,TeraBlast,KnockOff,LowKick|||M|||50|,,,,,Flying]Gholdengo||Leftovers|GoodasGold|NastyPlot,Protect,MakeItRain,ShadowBall||||||50|,,,,,Fairy]Incineroar||SafetyGoggles|Intimidate|KnockOff,FlareBlitz,PartingShot,FakeOut|||M|||50|,,,,,Bug]Kilowattrel||CovertCloak|Competitive|AirCutter,Thunderbolt,VoltSwitch,Tailwind|||F|||50|,,,,,Steel
|
|t:|1756786525
|teamsize|p1|4
|teamsize|p2|4
|start
|switch|p1a: Incineroar|Incineroar, L50, F, shiny|100/100
|switch|p1b: Gholdengo|Gholdengo, L50, shiny|100/100
|switch|p2a: Kilowattrel|Kilowattrel, L50, F|100/100
|switch|p2b: Incineroar|Incineroar, L50, M|100/100
|-ability|p1a: Incineroar|Intimidate|boost
|-unboost|p2a: Kilowattrel|atk|1
|-ability|p2a: Kilowattrel|Competitive|boost
|-boost|p2a: Kilowattrel|spa|2
|-unboost|p2b: Incineroar|atk|1
|-ability|p2b: Incineroar|Intimidate|boost
|-unboost|p1a: Incineroar|atk|1
|-unboost|p1b: Gholdengo|atk|1
|turn|1
|
|t:|1756786556
|move|p1a: Incineroar|Fake Out|p2b: Incineroar
|-damage|p2b: Incineroar|94/100
|move|p2a: Kilowattrel|Tailwind|p2a: Kilowattrel
|-sidestart|p2: hl498|move: Tailwind
|cant|p2b: Incineroar|flinch
|move|p1b: Gholdengo|Shadow Ball|p2a: Kilowattrel
|-damage|p2a: Kilowattrel|20/100
|
|upkeep
|turn|2
|
|t:|1756786571
|move|p1b: Gholdengo|Protect|p1b: Gholdengo
|-singleturn|p1b: Gholdengo|Protect
|move|p2a: Kilowattrel|Thunderbolt|p1a: Incineroar
|-damage|p1a: Incineroar|24/100
|move|p2b: Incineroar|Knock Off|p1a: Incineroar
|-resisted|p1a: Incineroar
|-damage|p1a: Incineroar|11/100
|-enditem|p1a: Incineroar|Safety Goggles|[from] move: Knock Off|[of] p2b: Incineroar
|move|p1a: Incineroar|Knock Off|p2a: Kilowattrel
|-damage|p2a: Kilowattrel|0 fnt
|-enditem|p2a: Kilowattrel|Covert Cloak|[from] move: Knock Off|[of] p1a: Incineroar
|faint|p2a: Kilowattrel
|
|upkeep
|
|t:|1756786585
|switch|p2a: Tyranitar|Tyranitar, L50, M|100/100
|-weather|Sandstorm|[from] ability: Sand Stream|[of] p2a: Tyranitar
|turn|3
|
|t:|1756786614
|switch|p1b: Sneasler|Sneasler, L50, F, shiny|100/100
|switch|p1a: Rillaboom|Rillaboom, L50, M|100/100
|-fieldstart|move: Grassy Terrain|[from] ability: Grassy Surge|[of] p1a: Rillaboom
|-enditem|p1b: Sneasler|Grassy Seed
|-boost|p1b: Sneasler|def|1|[from] item: Grassy Seed
|move|p2a: Tyranitar|Rock Slide|p1b: Sneasler|[spread] p1a,p1b
|-crit|p1a: Rillaboom
|-resisted|p1b: Sneasler
|-damage|p1a: Rillaboom|59/100
|-damage|p1b: Sneasler|82/100
|move|p2b: Incineroar|Flare Blitz|p1b: Sneasler
|-damage|p1b: Sneasler|47/100
|-damage|p2b: Incineroar|85/100|[from] Recoil
|
|-weather|Sandstorm|[upkeep]
|-damage|p1b: Sneasler|42/100|[from] Sandstorm
|-damage|p1a: Rillaboom|53/100|[from] Sandstorm
|-heal|p1b: Sneasler|47/100|[from] Grassy Terrain
|-heal|p2b: Incineroar|91/100|[from] Grassy Terrain
|-heal|p1a: Rillaboom|59/100|[from] Grassy Terrain
|upkeep
|turn|4
|
|t:|1756786653
|-terastallize|p2a: Tyranitar|Flying
|move|p1a: Rillaboom|Fake Out|p2a: Tyranitar
|-damage|p2a: Tyranitar|89/100
|move|p1b: Sneasler|Close Combat|p2b: Incineroar
|-supereffective|p2b: Incineroar
|-damage|p2b: Incineroar|0 fnt
|-unboost|p1b: Sneasler|def|1
|-unboost|p1b: Sneasler|spd|1
|faint|p2b: Incineroar
|cant|p2a: Tyranitar|flinch
|
|-weather|Sandstorm|[upkeep]
|-damage|p1b: Sneasler|42/100|[from] Sandstorm
|-damage|p2a: Tyranitar|83/100|[from] Sandstorm
|-damage|p1a: Rillaboom|53/100|[from] Sandstorm
|-heal|p1b: Sneasler|47/100|[from] Grassy Terrain
|-heal|p1a: Rillaboom|59/100|[from] Grassy Terrain
|-sideend|p2: hl498|move: Tailwind
|upkeep
|
|t:|1756786664
|switch|p2b: Garchomp|Garchomp, L50, M|100/100
|turn|5
|
|t:|1756786681
|switch|p1a: Incineroar|Incineroar, L50, F, shiny|11/100
|-ability|p1a: Incineroar|Intimidate|boost
|-unboost|p2a: Tyranitar|atk|1
|-unboost|p2b: Garchomp|atk|1
|move|p1b: Sneasler|Protect|p1b: Sneasler
|-singleturn|p1b: Sneasler|Protect
|move|p2b: Garchomp|Dragon Claw|p1b: Sneasler
|-activate|p1b: Sneasler|move: Protect
|move|p2a: Tyranitar|Tera Blast|p1a: Incineroar|[anim] Tera Blast Flying
|-damage|p1a: Incineroar|0 fnt
|faint|p1a: Incineroar
|
|-weather|Sandstorm|[upkeep]
|-damage|p1b: Sneasler|42/100|[from] Sandstorm
|-damage|p2a: Tyranitar|77/100|[from] Sandstorm
|-heal|p1b: Sneasler|47/100|[from] Grassy Terrain
|upkeep
|
|t:|1756786692
|switch|p1a: Rillaboom|Rillaboom, L50, M|59/100
|turn|6
|
|t:|1756786729
|move|p1a: Rillaboom|Fake Out|p2a: Tyranitar
|-damage|p2a: Tyranitar|65/100
|move|p1b: Sneasler|Dire Claw|p2a: Tyranitar
|-damage|p2a: Tyranitar|28/100
|-status|p2a: Tyranitar|psn
|move|p2b: Garchomp|Dragon Claw|p1b: Sneasler
|-damage|p1b: Sneasler|0 fnt
|faint|p1b: Sneasler
|-damage|p2b: Garchomp|91/100|[from] item: Life Orb
|cant|p2a: Tyranitar|flinch
|
|-weather|Sandstorm|[upkeep]
|-damage|p1a: Rillaboom|53/100|[from] Sandstorm
|-damage|p2a: Tyranitar|22/100 psn|[from] Sandstorm
|-heal|p2b: Garchomp|97/100|[from] Grassy Terrain
|-heal|p1a: Rillaboom|59/100|[from] Grassy Terrain
|-damage|p2a: Tyranitar|10/100 psn|[from] psn
|upkeep
|
|t:|1756786737
|switch|p1b: Gholdengo|Gholdengo, L50, shiny|100/100
|turn|7
|
|t:|1756786749
|-terastallize|p1b: Gholdengo|Water
|move|p1a: Rillaboom|Grassy Glide|p2a: Tyranitar
|-resisted|p2a: Tyranitar
|-damage|p2a: Tyranitar|0 fnt
|faint|p2a: Tyranitar
|move|p2b: Garchomp|Dragon Claw|p1a: Rillaboom
|-damage|p1a: Rillaboom|24/100
|-damage|p2b: Garchomp|87/100|[from] item: Life Orb
|move|p1b: Gholdengo|Make It Rain|p2b: Garchomp|[miss]
|-miss|p1b: Gholdengo|p2b: Garchomp
|
|-weather|none
|-heal|p2b: Garchomp|93/100|[from] Grassy Terrain
|-heal|p1a: Rillaboom|30/100|[from] Grassy Terrain
|-fieldend|move: Grassy Terrain
|upkeep
|turn|8
|-message|hl498 forfeited.
|
|win|UndeadParadox
|raw|UndeadParadox's rating: 1180 → 1198(+18 for winning)
|raw|hl498's rating: 1083 → 1067(-16 for losing)
|l|☆hl498
|player|p2|
