|j|☆7amont
|j|☆BlackStag52
|html|7amontBlackStag52    
|uhtml|bestof|Game 1 of a best-of-3
|t:|1782345724
|gametype|doubles
|player|p1|7amont|burglar|1028
|player|p2|BlackStag52|lorelei-gen3|1124
|gen|9
|tier|[Gen 9 Champions] VGC 2026 Reg M-B (Bo3)
|rated|
|rule|Species Clause: Limit one of each Pokémon
|rule|Item Clause: Limit 1 of each item
|clearpoke
|poke|p1|Dragapult, L50, M|
|poke|p1|Runerigus, L50, F|
|poke|p1|Grimmsnarl, L50, M|
|poke|p1|Staraptor, L50, F|
|poke|p1|Metagross, L50|
|poke|p1|Sinistcha-Masterpiece, L50|
|poke|p2|Garchomp, L50, M|
|poke|p2|Eelektross, L50, F|
|poke|p2|Sinistcha, L50|
|poke|p2|Primarina, L50, F|
|poke|p2|Vivillon-High Plains, L50, F|
|poke|p2|Sneasler, L50, M|
|teampreview|4
|showteam|p1|Dragapult||ChoiceScarf|ClearBody|DragonDarts,PhantomForce,SuckerPunch,Uturn|Adamant||M|||50|]Runerigus||Leftovers|WanderingSpirit|Protect,NightShade,Haze,AllySwitch|Sassy||F|||50|]Grimmsnarl||LightClay|Prankster|Reflect,LightScreen,SuckerPunch,PartingShot|Adamant||M|||50|]Staraptor||Staraptite|Intimidate|Protect,Roost,CloseCombat,BraveBird|Jolly||F|||50|]Metagross||Metagrossite|ClearBody|Protect,IronHead,PsychicFangs,BulletPunch|Jolly|||||50|]Sinistcha-Masterpiece||SitrusBerry|Hospitality|Protect,MatchaGotcha,TrickRoom,RagePowder|Calm|||||50|
|showteam|p2|Garchomp||LifeOrb|RoughSkin|DragonClaw,Earthquake,Protect,RockSlide|Impish||M|||50|]Eelektross||Eelektrossite|Levitate|GrassKnot,Thunderbolt,Protect,Flamethrower|Modest||F|||50|]Sinistcha||KasibBerry|Hospitality|MatchaGotcha,RagePowder,TrickRoom,LifeDew|Bold|||||50|]Primarina||FairyFeather|LiquidVoice|DazzlingGleam,EnergyBall,HyperVoice,Protect|Modest||F|||50|]Vivillon-High Plains||FocusSash|FriendGuard|Tailwind,AirSlash,PollenPuff,Protect|Timid||F|||50|]Sneasler||WhiteHerb|Unburden|FakeOut,CloseCombat,DireClaw,Protect|Adamant||M|||50|
|inactive|Battle timer is ON: inactive players will automatically lose when time's up. (requested by 7amont)
|inactive|BlackStag52 has 60 seconds left.
|inactive|BlackStag52 has 30 seconds left.
|inactive|BlackStag52 has 20 seconds left.
|inactive|BlackStag52 has 15 seconds left.
|
|t:|1782345802
|teamsize|p1|4
|teamsize|p2|4
|start
|switch|p1a: Grimmsnarl|Grimmsnarl, L50, M|100/100
|switch|p1b: Staraptor|Staraptor, L50, F|100/100
|switch|p2a: Garchomp|Garchomp, L50, M|100/100
|switch|p2b: Primarina|Primarina, L50, F|100/100
|-ability|p1b: Staraptor|Intimidate|boost
|-unboost|p2a: Garchomp|atk|1
|-unboost|p2b: Primarina|atk|1
|turn|1
|inactive|7amont has 30 seconds left.
|inactive|7amont has 20 seconds left.
|inactive|7amont has 15 seconds left.
|inactive|7amont has 10 seconds left.
|inactive|7amont has 5 seconds left.
|
|t:|1782345853
|move|p1b: Staraptor|Protect|p1b: Staraptor
|-singleturn|p1b: Staraptor|Protect
|move|p1a: Grimmsnarl|Light Screen|p1a: Grimmsnarl
|-sidestart|p1: 7amont|move: Light Screen
|move|p2a: Garchomp|Rock Slide|p1a: Grimmsnarl|[spread] p1a
|-activate|p1b: Staraptor|move: Protect
|-damage|p1a: Grimmsnarl|82/100
|-damage|p2a: Garchomp|90/100|[from] item: Life Orb
|move|p2b: Primarina|Dazzling Gleam|p1b: Staraptor|[spread] p1a
|-activate|p1b: Staraptor|move: Protect
|-supereffective|p1a: Grimmsnarl|1
|-damage|p1a: Grimmsnarl|26/100
|
|upkeep
|turn|2
|
|t:|1782345873
|detailschange|p1b: Staraptor|Staraptor-Mega, L50, F
|-mega|p1b: Staraptor|Staraptor|Staraptite
|move|p1a: Grimmsnarl|Parting Shot|p2b: Primarina
|-unboost|p2b: Primarina|atk|1
|-unboost|p2b: Primarina|spa|1
|
|t:|1782345878
|switch|p1a: Sinistcha|Sinistcha-Masterpiece, L50|100/100|[from] Parting Shot
|move|p1b: Staraptor|Close Combat|p2a: Garchomp
|-damage|p2a: Garchomp|41/100
|-boost|p1b: Staraptor|def|1
|-boost|p1b: Staraptor|spd|1
|-damage|p1b: Staraptor|87/100|[from] ability: Rough Skin|[of] p2a: Garchomp
|move|p2a: Garchomp|Rock Slide|p1b: Staraptor|[spread] p1a,p1b
|-damage|p1a: Sinistcha|85/100
|-damage|p1b: Staraptor|77/100
|-damage|p2a: Garchomp|31/100|[from] item: Life Orb
|move|p2b: Primarina|Dazzling Gleam|p1b: Staraptor|[spread] p1a,p1b
|-supereffective|p1b: Staraptor|1
|-damage|p1a: Sinistcha|67/100
|-damage|p1b: Staraptor|51/100
|
|upkeep
|turn|3
|
|t:|1782345902
|switch|p1a: Grimmsnarl|Grimmsnarl, L50, M|26/100
|switch|p2b: Vivillon|Vivillon-High Plains, L50, F|100/100
|move|p2a: Garchomp|Protect|p2a: Garchomp
|-singleturn|p2a: Garchomp|Protect
|move|p1b: Staraptor|Roost|p1b: Staraptor
|-heal|p1b: Staraptor|100/100
|-singleturn|p1b: Staraptor|move: Roost
|
|upkeep
|turn|4
|
|t:|1782345917
|move|p1a: Grimmsnarl|Parting Shot|p2a: Garchomp
|-unboost|p2a: Garchomp|atk|1
|-unboost|p2a: Garchomp|spa|1
|
|t:|1782345922
|switch|p1a: Dragapult|Dragapult, L50, M|100/100|[from] Parting Shot
|move|p1b: Staraptor|Close Combat|p2a: Garchomp
|-crit|p2a: Garchomp
|-damage|p2a: Garchomp|0 fnt
|-boost|p1b: Staraptor|def|1
|-boost|p1b: Staraptor|spd|1
|-damage|p1b: Staraptor|87/100|[from] ability: Rough Skin|[of] p2a: Garchomp
|faint|p2a: Garchomp
|move|p2b: Vivillon|Tailwind|p2b: Vivillon
|-sidestart|p2: BlackStag52|move: Tailwind
|
|upkeep
|
|t:|1782345929
|switch|p2a: Eelektross|Eelektross, L50, F|100/100
|turn|5
|
|t:|1782345946
|detailschange|p2a: Eelektross|Eelektross-Mega, L50, F
|-mega|p2a: Eelektross|Eelektross|Eelektrossite
|move|p2b: Vivillon|Air Slash|p1b: Staraptor
|-supereffective|p1b: Staraptor|1
|-damage|p1b: Staraptor|62/100
|move|p1a: Dragapult|Dragon Darts|p2a: Eelektross
|-damage|p2a: Eelektross|80/100
|-anim|p1a: Dragapult|Dragon Darts|p2b: Vivillon
|-damage|p2b: Vivillon|46/100
|move|p2a: Eelektross|Thunderbolt|p1b: Staraptor
|-supereffective|p1b: Staraptor|1
|-damage|p1b: Staraptor|24/100
|cant|p1b: Staraptor|flinch
|
|upkeep
|turn|6
|inactive|BlackStag52 has 30 seconds left.
|
|t:|1782345972
|switch|p1a: Sinistcha|Sinistcha-Masterpiece, L50|67/100
|-heal|p1b: Staraptor|49/100|[from] ability: Hospitality|[of] p1a: Sinistcha
|move|p2b: Vivillon|Protect|p2b: Vivillon
|-singleturn|p2b: Vivillon|Protect
|move|p1b: Staraptor|Protect|p1b: Staraptor
|-singleturn|p1b: Staraptor|Protect
|move|p2a: Eelektross|Thunderbolt|p1b: Staraptor
|-activate|p1b: Staraptor|move: Protect
|
|upkeep
|turn|7
|
|t:|1782345986
|move|p1a: Sinistcha|Rage Powder|p1a: Sinistcha
|-singleturn|p1a: Sinistcha|move: Rage Powder
|move|p2b: Vivillon|Air Slash|p1a: Sinistcha
|-supereffective|p1a: Sinistcha|1
|-damage|p1a: Sinistcha|25/100
|-enditem|p1a: Sinistcha|Sitrus Berry|[eat]
|-heal|p1a: Sinistcha|49/100|[from] item: Sitrus Berry
|move|p2a: Eelektross|Thunderbolt|p1a: Sinistcha
|-resisted|p1a: Sinistcha|1
|-damage|p1a: Sinistcha|33/100
|move|p1b: Staraptor|Roost|p1b: Staraptor
|-heal|p1b: Staraptor|99/100
|-singleturn|p1b: Staraptor|move: Roost
|
|-sideend|p2: BlackStag52|move: Tailwind
|upkeep
|turn|8
|
|t:|1782346006
|switch|p1a: Grimmsnarl|Grimmsnarl, L50, M|26/100
|move|p2b: Vivillon|Protect|p2b: Vivillon
|-singleturn|p2b: Vivillon|Protect
|move|p1b: Staraptor|Close Combat|p2a: Eelektross
|-damage|p2a: Eelektross|30/100
|-boost|p1b: Staraptor|def|1
|-boost|p1b: Staraptor|spd|1
|move|p2a: Eelektross|Flamethrower|p1a: Grimmsnarl
|-damage|p1a: Grimmsnarl|3/100
|
|-sideend|p1: 7amont|move: Light Screen
|upkeep
|turn|9
|
|t:|1782346030
|move|p1a: Grimmsnarl|Light Screen|p1a: Grimmsnarl
|-sidestart|p1: 7amont|move: Light Screen
|move|p1b: Staraptor|Brave Bird|p2b: Vivillon
|-supereffective|p2b: Vivillon|1
|-damage|p2b: Vivillon|0 fnt
|faint|p2b: Vivillon
|-damage|p1b: Staraptor|84/100|[from] Recoil
|move|p2a: Eelektross|Thunderbolt|p1b: Staraptor
|-supereffective|p1b: Staraptor|1
|-damage|p1b: Staraptor|52/100
|
|upkeep
|
|t:|1782346038
|switch|p2b: Primarina|Primarina, L50, F|100/100
|turn|10
|
|t:|1782346048
|move|p2a: Eelektross|Protect|p2a: Eelektross
|-singleturn|p2a: Eelektross|Protect
|move|p1a: Grimmsnarl|Parting Shot|p2b: Primarina
|-unboost|p2b: Primarina|atk|1
|-unboost|p2b: Primarina|spa|1
|
|t:|1782346052
|switch|p1a: Sinistcha|Sinistcha-Masterpiece, L50|33/100|[from] Parting Shot
|-heal|p1b: Staraptor|77/100|[from] ability: Hospitality|[of] p1a: Sinistcha
|move|p1b: Staraptor|Close Combat|p2a: Eelektross
|-activate|p2a: Eelektross|move: Protect
|move|p2b: Primarina|Dazzling Gleam|p1a: Sinistcha|[spread] p1a,p1b
|-supereffective|p1b: Staraptor|1
|-damage|p1a: Sinistcha|17/100
|-damage|p1b: Staraptor|59/100
|
|upkeep
|turn|11
|
|t:|1782346064
|switch|p1a: Grimmsnarl|Grimmsnarl, L50, M|3/100
|move|p1b: Staraptor|Protect|p1b: Staraptor
|-singleturn|p1b: Staraptor|Protect
|move|p2a: Eelektross|Thunderbolt|p1b: Staraptor
|-activate|p1b: Staraptor|move: Protect
|move|p2b: Primarina|Dazzling Gleam|p1b: Staraptor|[spread] p1a
|-activate|p1b: Staraptor|move: Protect
|-supereffective|p1a: Grimmsnarl|1
|-damage|p1a: Grimmsnarl|0 fnt
|faint|p1a: Grimmsnarl
|
|upkeep
|
|t:|1782346069
|switch|p1a: Sinistcha|Sinistcha-Masterpiece, L50|17/100
|-heal|p1b: Staraptor|84/100|[from] ability: Hospitality|[of] p1a: Sinistcha
|turn|12
|-message|BlackStag52 forfeited.
|
|win|7amont
