|j|â˜†Tanisha
|j|â˜†GetaJobApplication
|html|TanishaGetaJobApplication    
|uhtml|bestof|Game 1 of a best-of-3
|t:|1757087548
|gametype|doubles
|player|p1|Tanisha|jupiter|1253
|player|p2|GetaJobApplication|cynthia-gen4|1164
|gen|9
|tier|[Gen 9] VGC 2025 Reg H (Bo3)
|rated|
|rule|Species Clause: Limit one of each PokÃ©mon
|rule|Item Clause: Limit 1 of each item
|clearpoke
|poke|p1|Kommo-o, L50, M|
|poke|p1|Dondozo, L50, M|
|poke|p1|Rillaboom, L50, M|
|poke|p1|Sneasler, L50, F|
|poke|p1|Electabuzz, L50, M|
|poke|p1|Gholdengo, L50|
|poke|p2|Rillaboom, L50, M|
|poke|p2|Magmar, L50, M|
|poke|p2|Kingambit, L50, F|
|poke|p2|Ninetales-Alola, L50, M|
|poke|p2|Basculegion, L50, M|
|poke|p2|Sneasler, L50, F|
|teampreview|4
|showteam|p1|Kommo-o||ThroatSpray|Soundproof|ClangorousSoul,ClangingScales,Flamethrower,Protect|||M|||50|,,,,,Fire]Dondozo||Leftovers|Unaware|WaveCrash,Fissure,Yawn,Protect|||M|||50|,,,,,Flying]Rillaboom||AssaultVest|GrassySurge|FakeOut,WoodHammer,GrassyGlide,HighHorsepower|||M|||50|,,,,,Fire]Sneasler||FocusSash|Unburden|FakeOut,DireClaw,CloseCombat,Protect|||F|||50|,,,,,Stellar]Electabuzz||Eviolite|VitalSpirit|Electroweb,FollowMe,HelpingHand,Protect|||M|||50|,,,,,Grass]Gholdengo||ChoiceSpecs|GoodasGold|MakeItRain,ShadowBall,DazzlingGleam,PowerGem||||||50|,,,,,Fairy
|showteam|p2|Rillaboom||AssaultVest|GrassySurge|DrumBeating,GrassyGlide,FakeOut,Uturn|||M|||50|,,,,,Ghost]Magmar||Eviolite|VitalSpirit|Overheat,FollowMe,Taunt,Protect|||M|||50|,,,,,Ghost]Kingambit||BlackGlasses|Defiant|KowtowCleave,SuckerPunch,SwordsDance,Protect|||F|||50|,,,,,Fire]Ninetales-Alola||LifeOrb|SnowWarning|Blizzard,FreezeDry,Encore,Protect|||M|||50|,,,,,Ghost]Basculegion||ChoiceScarf|Adaptability|WaveCrash,LastRespects,FlipTurn,TeraBlast|||M|||50|,,,,,Fighting]Sneasler||FocusSash|PoisonTouch|CloseCombat,DireClaw,FakeOut,Protect|||F|||50|,,,,,Ghost
|inactive|Battle timer is ON: inactive players will automatically lose when time's up. (requested by GetaJobApplication)
|
|t:|1757087619
|teamsize|p1|4
|teamsize|p2|4
|start
|switch|p1a: Gholdengo|Gholdengo, L50|100/100
|switch|p1b: Electabuzz|Electabuzz, L50, M|100/100
|switch|p2a: Ninetales|Ninetales-Alola, L50, M|100/100
|switch|p2b: Basculegion|Basculegion, L50, M|100/100
|-weather|Snowscape|[from] ability: Snow Warning|[of] p2a: Ninetales
|turn|1
|inactive|Tanisha has 30 seconds left.
|
|t:|1757087647
|move|p2a: Ninetales|Protect|p2a: Ninetales
|-singleturn|p2a: Ninetales|Protect
|move|p2b: Basculegion|Wave Crash|p1a: Gholdengo
|-damage|p1a: Gholdengo|0 fnt
|faint|p1a: Gholdengo
|-damage|p2b: Basculegion|73/100|[from] Recoil
|move|p1b: Electabuzz|Electroweb|p2b: Basculegion|[spread] p2b
|-activate|p2a: Ninetales|move: Protect
|-supereffective|p2b: Basculegion
|-damage|p2b: Basculegion|41/100
|-unboost|p2b: Basculegion|spe|1
|
|-weather|Snowscape|[upkeep]
|upkeep
|
|t:|1757087663
|switch|p1a: Kommo-o|Kommo-o, L50, M|100/100
|turn|2
|
|t:|1757087676
|switch|p2b: Kingambit|Kingambit, L50, F|100/100
|-terastallize|p1a: Kommo-o|Fire
|move|p1b: Electabuzz|Follow Me|p1b: Electabuzz
|-singleturn|p1b: Electabuzz|move: Follow Me
|move|p2a: Ninetales|Blizzard|p1b: Electabuzz|[spread] p1a,p1b
|-resisted|p1a: Kommo-o
|-damage|p1a: Kommo-o|80/100
|-damage|p1b: Electabuzz|67/100
|-damage|p2a: Ninetales|91/100|[from] item: Life Orb
|move|p1a: Kommo-o|Clangorous Soul|p1a: Kommo-o
|-boost|p1a: Kommo-o|atk|1
|-boost|p1a: Kommo-o|def|1
|-boost|p1a: Kommo-o|spa|1
|-boost|p1a: Kommo-o|spd|1
|-boost|p1a: Kommo-o|spe|1
|-damage|p1a: Kommo-o|48/100
|-enditem|p1a: Kommo-o|Throat Spray
|-boost|p1a: Kommo-o|spa|1|[from] item: Throat Spray
|
|-weather|Snowscape|[upkeep]
|upkeep
|turn|3
|inactive|Tanisha has 30 seconds left.
|inactive|GetaJobApplication has 30 seconds left.
|inactive|Tanisha has 20 seconds left.
|inactive|Tanisha has 15 seconds left.
|
|t:|1757087721
|-terastallize|p2b: Kingambit|Fire
|move|p1b: Electabuzz|Follow Me|p1b: Electabuzz
|-singleturn|p1b: Electabuzz|move: Follow Me
|move|p1a: Kommo-o|Flamethrower|p2a: Ninetales
|-supereffective|p2a: Ninetales
|-damage|p2a: Ninetales|0 fnt
|faint|p2a: Ninetales
|move|p2b: Kingambit|Swords Dance|p2b: Kingambit
|-boost|p2b: Kingambit|atk|2
|
|-weather|Snowscape|[upkeep]
|upkeep
|
|t:|1757087729
|switch|p2a: Rillaboom|Rillaboom, L50, M|100/100
|-fieldstart|move: Grassy Terrain|[from] ability: Grassy Surge|[of] p2a: Rillaboom
|turn|4
|
|t:|1757087737
|move|p1a: Kommo-o|Protect|p1a: Kommo-o
|-singleturn|p1a: Kommo-o|Protect
|move|p1b: Electabuzz|Protect|p1b: Electabuzz
|-singleturn|p1b: Electabuzz|Protect
|move|p2a: Rillaboom|Fake Out|p1b: Electabuzz
|-activate|p1b: Electabuzz|move: Protect
|move|p2b: Kingambit|Sucker Punch||[still]
|-fail|p2b: Kingambit
|
|-weather|Snowscape|[upkeep]
|-heal|p1a: Kommo-o|54/100|[from] Grassy Terrain
|-heal|p1b: Electabuzz|73/100|[from] Grassy Terrain
|upkeep
|turn|5
|
|t:|1757087753
|switch|p2a: Basculegion|Basculegion, L50, M|41/100
|move|p1b: Electabuzz|Follow Me|p1b: Electabuzz
|-singleturn|p1b: Electabuzz|move: Follow Me
|move|p1a: Kommo-o|Clanging Scales|p2b: Kingambit|[spread] p2a,p2b
|-damage|p2a: Basculegion|0 fnt
|-damage|p2b: Kingambit|37/100
|faint|p2a: Basculegion
|-unboost|p1a: Kommo-o|def|1
|move|p2b: Kingambit|Kowtow Cleave|p1b: Electabuzz
|-damage|p1b: Electabuzz|0 fnt
|faint|p1b: Electabuzz
|
|-weather|none
|-heal|p1a: Kommo-o|59/100|[from] Grassy Terrain
|-heal|p2b: Kingambit|43/100|[from] Grassy Terrain
|upkeep
|
|t:|1757087765
|switch|p1b: Sneasler|Sneasler, L50, F|100/100
|switch|p2a: Rillaboom|Rillaboom, L50, M|100/100
|turn|6
|
|t:|1757087778
|move|p2a: Rillaboom|Fake Out|p1a: Kommo-o
|-damage|p1a: Kommo-o|48/100
|move|p2b: Kingambit|Sucker Punch|p1b: Sneasler
|-resisted|p1b: Sneasler
|-damage|p1b: Sneasler|22/100
|cant|p1a: Kommo-o|flinch
|move|p1b: Sneasler|Close Combat|p2b: Kingambit
|-damage|p2b: Kingambit|0 fnt
|-unboost|p1b: Sneasler|def|1
|-unboost|p1b: Sneasler|spd|1
|faint|p2b: Kingambit
|
|-heal|p1a: Kommo-o|54/100|[from] Grassy Terrain
|-heal|p1b: Sneasler|27/100|[from] Grassy Terrain
|upkeep
|turn|7
|
|t:|1757087791
|move|p2a: Rillaboom|Grassy Glide|p1b: Sneasler
|-resisted|p1b: Sneasler
|-damage|p1b: Sneasler|0 fnt
|faint|p1b: Sneasler
|move|p1a: Kommo-o|Flamethrower|p2a: Rillaboom
|-supereffective|p2a: Rillaboom
|-damage|p2a: Rillaboom|6/100
|
|-heal|p1a: Kommo-o|59/100|[from] Grassy Terrain
|-heal|p2a: Rillaboom|12/100|[from] Grassy Terrain
|upkeep
|turn|8
|
|t:|1757087799
|move|p2a: Rillaboom|Grassy Glide|p1a: Kommo-o
|-resisted|p1a: Kommo-o
|-damage|p1a: Kommo-o|43/100
|move|p1a: Kommo-o|Flamethrower|p2a: Rillaboom
|-supereffective|p2a: Rillaboom
|-damage|p2a: Rillaboom|0 fnt
|faint|p2a: Rillaboom
|
|win|Tanisha
||Tanisha is ready for game 2.
||GetaJobApplication is ready for game 2.
|uhtml|next|Next: Game 2 of 3
|l|â˜†Tanisha
|player|p1|
