|j|☆morgie d timmy
|j|☆Minedea101
|html|morgie d timmyMinedea101    
|uhtml|bestof|Game 3 of a best-of-3
|t:|1783973998
|gametype|doubles
|player|p1|morgie d timmy|169|
|player|p2|Minedea101|skyla|
|gen|9
|tier|[Gen 9 Champions] VGC 2026 Reg M-B (Bo3)
|rule|Species Clause: Limit one of each Pokémon
|rule|Item Clause: Limit 1 of each item
|clearpoke
|poke|p1|Archaludon, L50, F|
|poke|p1|Charizard, L50, M|
|poke|p1|Grimmsnarl, L50, M|
|poke|p1|Basculegion, L50, M|
|poke|p1|Pelipper, L50, F|
|poke|p1|Venusaur, L50, M|
|poke|p2|Eelektross, L50, F|
|poke|p2|Whimsicott, L50, F, shiny|
|poke|p2|Garchomp, L50, F|
|poke|p2|Basculegion, L50, M|
|poke|p2|Kingambit, L50, M|
|poke|p2|Charizard, L50, M, shiny|
|teampreview|4
|showteam|p1|Archaludon||Leftovers|Stamina|FlashCannon,ElectroShot,DragonPulse,Protect|Calm||F|||50|]Charizard||CharizarditeY|Blaze|HeatWave,SolarBeam,WeatherBall,Protect|Modest||M|||50|]Grimmsnarl||LightClay|Prankster|Reflect,PartingShot,LightScreen,SpiritBreak|Careful||M|||50|]Basculegion||ChoiceScarf|Adaptability|AquaJet,FlipTurn,WaveCrash,LastRespects|Adamant||M|||50|]Pelipper||SitrusBerry|Drizzle|WideGuard,Tailwind,WeatherBall,Hurricane|Calm||F|||50|]Venusaur||FocusSash|Chlorophyll|SleepPowder,SludgeBomb,Protect,EarthPower|Timid||M|||50|
|showteam|p2|Eelektross||Eelektrossite|Levitate|Coil,DrainPunch,Protect,WildCharge|Careful||F|||50|]Whimsicott||FairyFeather|Prankster|Tailwind,Encore,Protect,Moonblast|Timid||F|||50|]Garchomp||LifeOrb|RoughSkin|ScaleShot,Protect,Earthquake,RockSlide|Jolly||F|||50|]Basculegion||SitrusBerry|Adaptability|AquaJet,LastRespects,Protect,WaveCrash|Adamant||M|||50|]Kingambit||FocusSash|Defiant|IronHead,LowKick,KowtowCleave,SuckerPunch|Adamant||M|||50|]Charizard||CharizarditeY|Blaze|SolarBeam,HeatWave,WeatherBall,Protect|Modest||M|||50|
|j| Jim9174
|
|t:|1783974380
|teamsize|p1|4
|teamsize|p2|4
|start
|switch|p1a: Charizard|Charizard, L50, M|100/100
|switch|p1b: Venusaur|Venusaur, L50, M|100/100
|switch|p2a: The Eel Deal|Eelektross, L50, F|100/100
|switch|p2b: 410bn dead cops|Garchomp, L50, F|100/100
|turn|1
|
|t:|1783974597
|switch|p2b: Asbestos|Whimsicott, L50, F, shiny|100/100
|detailschange|p1a: Charizard|Charizard-Mega-Y, L50, M
|-mega|p1a: Charizard|Charizard|Charizardite Y
|-weather|SunnyDay|[from] ability: Drought|[of] p1a: Charizard
|detailschange|p2a: The Eel Deal|Eelektross-Mega, L50, F
|-mega|p2a: The Eel Deal|Eelektross|Eelektrossite
|move|p1b: Venusaur|Sleep Powder|p2b: Asbestos
|-immune|p2b: Asbestos
|move|p1a: Charizard|Heat Wave|p2b: Asbestos|[spread] p2a,p2b
|-supereffective|p2b: Asbestos|1
|-damage|p2a: The Eel Deal|45/100
|-damage|p2b: Asbestos|0 fnt
|faint|p2b: Asbestos
|move|p2a: The Eel Deal|Coil|p2a: The Eel Deal
|-boost|p2a: The Eel Deal|atk|1
|-boost|p2a: The Eel Deal|def|1
|-boost|p2a: The Eel Deal|accuracy|1
|
|-weather|SunnyDay|[upkeep]
|upkeep
|
|t:|1783974611
|switch|p2b: 410bn dead cops|Garchomp, L50, F|100/100
|turn|2
|
|t:|1783974644
|move|p2a: The Eel Deal|Protect|p2a: The Eel Deal
|-singleturn|p2a: The Eel Deal|Protect
|move|p1b: Venusaur|Sleep Powder|p2b: 410bn dead cops
|-status|p2b: 410bn dead cops|slp|[from] move: Sleep Powder
|cant|p2b: 410bn dead cops|slp
|move|p1a: Charizard|Heat Wave|p2b: 410bn dead cops|[spread] 
|-activate|p2a: The Eel Deal|move: Protect
|-miss|p1a: Charizard|p2b: 410bn dead cops
|
|-weather|SunnyDay|[upkeep]
|upkeep
|turn|3
|
|t:|1783974708
|switch|p2a: Adrian Monk|Basculegion, L50, M|100/100
|move|p1b: Venusaur|Earth Power|p2b: 410bn dead cops
|-damage|p2b: 410bn dead cops|72/100 slp
|cant|p2b: 410bn dead cops|slp
|move|p1a: Charizard|Heat Wave|p2a: Adrian Monk|[spread] p2a,p2b
|-resisted|p2a: Adrian Monk|1
|-resisted|p2b: 410bn dead cops|1
|-damage|p2a: Adrian Monk|66/100
|-damage|p2b: 410bn dead cops|35/100 slp
|-status|p2a: Adrian Monk|brn
|
|-weather|SunnyDay|[upkeep]
|-damage|p2a: Adrian Monk|60/100 brn|[from] brn
|upkeep
|turn|4
|
|t:|1783974763
|move|p1b: Venusaur|Protect|p1b: Venusaur
|-singleturn|p1b: Venusaur|Protect
|move|p1a: Charizard|Protect|p1a: Charizard
|-singleturn|p1a: Charizard|Protect
|move|p2a: Adrian Monk|Protect|p2a: Adrian Monk
|-singleturn|p2a: Adrian Monk|Protect
|-curestatus|p2b: 410bn dead cops|slp|[msg]
|move|p2b: 410bn dead cops|Rock Slide|p1b: Venusaur|[spread] 
|-activate|p1a: Charizard|move: Protect
|-activate|p1b: Venusaur|move: Protect
|
|-weather|SunnyDay|[upkeep]
|-damage|p2a: Adrian Monk|54/100 brn|[from] brn
|upkeep
|turn|5
|
|t:|1783974804
|switch|p1a: Grimmsnarl|Grimmsnarl, L50, M|100/100
|move|p2b: 410bn dead cops|Protect|p2b: 410bn dead cops
|-singleturn|p2b: 410bn dead cops|Protect
|move|p1b: Venusaur|Earth Power|p2a: Adrian Monk
|-damage|p2a: Adrian Monk|26/100 brn
|-enditem|p2a: Adrian Monk|Sitrus Berry|[eat]
|-heal|p2a: Adrian Monk|51/100 brn|[from] item: Sitrus Berry
|move|p2a: Adrian Monk|Last Respects|p1b: Venusaur
|-damage|p1b: Venusaur|54/100
|
|-weather|none
|-damage|p2a: Adrian Monk|44/100 brn|[from] brn
|upkeep
|turn|6
|
|t:|1783974862
|move|p1b: Venusaur|Protect|p1b: Venusaur
|-singleturn|p1b: Venusaur|Protect
|move|p1a: Grimmsnarl|Reflect|p1a: Grimmsnarl
|-sidestart|p1: morgie d timmy|Reflect
|move|p2b: 410bn dead cops|Scale Shot|p1b: Venusaur
|-activate|p1b: Venusaur|move: Protect
|move|p2a: Adrian Monk|Last Respects|p1b: Venusaur
|-activate|p1b: Venusaur|move: Protect
|
|-damage|p2a: Adrian Monk|38/100 brn|[from] brn
|upkeep
|turn|7
|
|t:|1783974916
|move|p1a: Grimmsnarl|Parting Shot|p2b: 410bn dead cops
|-unboost|p2b: 410bn dead cops|atk|1
|-unboost|p2b: 410bn dead cops|spa|1
|
|t:|1783974922
|switch|p1a: Charizard|Charizard-Mega-Y, L50, M|100/100|[from] Parting Shot
|-weather|SunnyDay|[from] ability: Drought|[of] p1a: Charizard
|move|p1b: Venusaur|Sleep Powder|p2b: 410bn dead cops
|-status|p2b: 410bn dead cops|slp|[from] move: Sleep Powder
|cant|p2b: 410bn dead cops|slp
|move|p2a: Adrian Monk|Last Respects|p1b: Venusaur
|-damage|p1b: Venusaur|23/100
|
|-weather|SunnyDay|[upkeep]
|-damage|p2a: Adrian Monk|32/100 brn|[from] brn
|upkeep
|turn|8
|
|t:|1783974986
|move|p2a: Adrian Monk|Protect|p2a: Adrian Monk
|-singleturn|p2a: Adrian Monk|Protect
|move|p1b: Venusaur|Earth Power|p2b: 410bn dead cops
|-damage|p2b: 410bn dead cops|9/100 slp
|-unboost|p2b: 410bn dead cops|spd|1
|-curestatus|p2b: 410bn dead cops|slp|[msg]
|move|p2b: 410bn dead cops|Rock Slide|p1a: Charizard|[spread] p1a,p1b
|-supereffective|p1a: Charizard|2
|-damage|p1a: Charizard|48/100
|-damage|p1b: Venusaur|8/100
|-damage|p2b: 410bn dead cops|0 fnt|[from] item: Life Orb
|faint|p2b: 410bn dead cops
|move|p1a: Charizard|Solar Beam||[still]
|-prepare|p1a: Charizard|Solar Beam
|-anim|p1a: Charizard|Solar Beam|p2a: Adrian Monk
|-activate|p2a: Adrian Monk|move: Protect
|
|-weather|SunnyDay|[upkeep]
|-damage|p2a: Adrian Monk|26/100 brn|[from] brn
|upkeep
|
|t:|1783975002
|switch|p2b: The Eel Deal|Eelektross-Mega, L50, F|45/100
|turn|9
|
|t:|1783975028
|move|p2a: Adrian Monk|Aqua Jet|p1b: Venusaur
|-resisted|p1b: Venusaur|1
|-damage|p1b: Venusaur|5/100
|move|p1b: Venusaur|Earth Power|p2a: Adrian Monk
|-damage|p2a: Adrian Monk|0 fnt
|faint|p2a: Adrian Monk
|move|p1a: Charizard|Weather Ball|p2b: The Eel Deal
|-damage|p2b: The Eel Deal|0 fnt
|faint|p2b: The Eel Deal
|
|win|morgie d timmy
|c|☆Minedea101|ggs
|c|☆morgie d timmy|ggs
|l|☆Minedea101
|player|p2|
|l| Jim9174
