|j|☆EQof1
|j|☆jrohn33
|html|EQof1jrohn33    
|uhtml|bestof|Game 3 of a best-of-3
|t:|1782326094
|gametype|doubles
|player|p1|EQof1|170|1044
|player|p2|jrohn33|artist-gen4|1105
|gen|9
|tier|[Gen 9 Champions] VGC 2026 Reg M-B (Bo3)
|rated|
|rule|Species Clause: Limit one of each Pokémon
|rule|Item Clause: Limit 1 of each item
|clearpoke
|poke|p1|Garchomp, L50, M|
|poke|p1|Oranguru, L50, M|
|poke|p1|Incineroar, L50, M|
|poke|p1|Sylveon, L50, F|
|poke|p1|Venusaur, L50, M|
|poke|p1|Corviknight, L50, F|
|poke|p2|Raichu, L50, M|
|poke|p2|Gholdengo, L50, shiny|
|poke|p2|Whimsicott, L50, M, shiny|
|poke|p2|Garchomp, L50, F, shiny|
|poke|p2|Basculegion, L50, M|
|poke|p2|Blaziken, L50, F, shiny|
|teampreview|4
|showteam|p1|Garchomp||Garchompite|SandVeil|Earthquake,DragonClaw,RockSlide,Protect|Adamant||M|||50|]Oranguru||SitrusBerry|Telepathy|Instruct,TrickRoom,Psychic,Protect|Sassy||M|||50|]Incineroar||ChopleBerry|Intimidate|FlareBlitz,ThroatChop,PartingShot,FakeOut|Adamant||M|||50|]Sylveon||FairyFeather|Pixilate|HyperVoice,HyperBeam,QuickAttack,Detect|Quiet||F|||50|]Venusaur||Venusaurite|Overgrow|GigaDrain,SludgeBomb,EarthPower,Protect|Calm||M|||50|]Corviknight||Leftovers|MirrorArmor|BraveBird,IronHead,Tailwind,BulkUp|Adamant||F|||50|
|showteam|p2|Raichu||RaichuniteY|Static|FocusBlast,ZapCannon,FakeOut,Protect|Modest||M|||50|]Gholdengo||LifeOrb|GoodasGold|NastyPlot,MakeItRain,Protect,ShadowBall|Modest|||||50|]Whimsicott||FocusSash|Prankster|Moonblast,Tailwind,Protect,Encore|Timid||M|||50|]Garchomp||ExpertBelt|RoughSkin|Earthquake,DragonClaw,Protect,RockSlide|Jolly||F|||50|]Basculegion||MysticWater|Adaptability|Liquidation,AquaJet,Protect,LastRespects|Jolly||M|||50|]Blaziken||Blazikenite|SpeedBoost|CloseCombat,FlareBlitz,Protect,BulkUp|Jolly||F|||50|
|inactive|Battle timer is ON: inactive players will automatically lose when time's up. (requested by jrohn33)
|inactive|EQof1 has 60 seconds left.
|
|t:|1782326144
|teamsize|p1|4
|teamsize|p2|4
|start
|switch|p1a: Sylveon|Sylveon, L50, F|100/100
|switch|p1b: Oranguru|Oranguru, L50, M|100/100
|switch|p2a: Gholdengo|Gholdengo, L50, shiny|100/100
|switch|p2b: Blaziken|Blaziken, L50, F, shiny|100/100
|turn|1
|
|t:|1782326162
|detailschange|p2b: Blaziken|Blaziken-Mega, L50, F, shiny
|-mega|p2b: Blaziken|Blaziken|Blazikenite
|move|p2b: Blaziken|Protect|p2b: Blaziken
|-singleturn|p2b: Blaziken|Protect
|move|p1a: Sylveon|Detect|p1a: Sylveon
|-singleturn|p1a: Sylveon|Protect
|move|p2a: Gholdengo|Make It Rain|p1b: Oranguru|[spread] p1b
|-activate|p1a: Sylveon|move: Protect
|-damage|p1b: Oranguru|57/100
|-unboost|p2a: Gholdengo|spa|2
|-damage|p2a: Gholdengo|90/100|[from] item: Life Orb
|move|p1b: Oranguru|Trick Room|p1b: Oranguru
|-fieldstart|move: Trick Room|[of] p1b: Oranguru
|
|-ability|p2b: Blaziken|Speed Boost|boost
|-boost|p2b: Blaziken|spe|1
|upkeep
|turn|2
|
|t:|1782326183
|switch|p2a: Basculegion|Basculegion, L50, M|100/100
|switch|p2b: Garchomp|Garchomp, L50, F, shiny|100/100
|move|p1a: Sylveon|Hyper Voice|p2a: Basculegion|[spread] p2a,p2b
|-supereffective|p2b: Garchomp|1
|-damage|p2a: Basculegion|48/100
|-damage|p2b: Garchomp|0 fnt
|faint|p2b: Garchomp
|move|p1b: Oranguru|Psychic|p2a: Basculegion
|-damage|p2a: Basculegion|17/100
|
|upkeep
|
|t:|1782326188
|switch|p2b: Gholdengo|Gholdengo, L50, shiny|90/100
|turn|3
|
|t:|1782326202
|move|p2a: Basculegion|Protect|p2a: Basculegion
|-singleturn|p2a: Basculegion|Protect
|move|p1a: Sylveon|Hyper Beam|p2b: Gholdengo|[miss]
|-miss|p1a: Sylveon|p2b: Gholdengo
|move|p1b: Oranguru|Instruct||[still]
|-fail|p1b: Oranguru
|move|p2b: Gholdengo|Nasty Plot|p2b: Gholdengo
|-boost|p2b: Gholdengo|spa|2
|
|upkeep
|turn|4
|inactive|EQof1 has 30 seconds left.
|
|t:|1782326234
|switch|p1a: Corviknight|Corviknight, L50, F|100/100
|move|p1b: Oranguru|Psychic|p2a: Basculegion
|-damage|p2a: Basculegion|0 fnt
|faint|p2a: Basculegion
|move|p2b: Gholdengo|Make It Rain|p1b: Oranguru|[spread] p1a,p1b
|-resisted|p1a: Corviknight|1
|-damage|p1a: Corviknight|47/100
|-damage|p1b: Oranguru|0 fnt
|-unboost|p2b: Gholdengo|spa|2
|faint|p1b: Oranguru
|-damage|p2b: Gholdengo|80/100|[from] item: Life Orb
|
|-heal|p1a: Corviknight|53/100|[from] item: Leftovers
|upkeep
|
|t:|1782326246
|switch|p1b: Garchomp|Garchomp, L50, M|100/100
|switch|p2a: Blaziken|Blaziken-Mega, L50, F, shiny|100/100
|turn|5
|
|t:|1782326265
|detailschange|p1b: Garchomp|Garchomp-Mega, L50, M
|-mega|p1b: Garchomp|Garchomp|Garchompite
|move|p1a: Corviknight|Tailwind|p1a: Corviknight
|-sidestart|p1: EQof1|move: Tailwind
|move|p2b: Gholdengo|Shadow Ball|p1b: Garchomp
|-damage|p1b: Garchomp|56/100
|-damage|p2b: Gholdengo|70/100|[from] item: Life Orb
|move|p2a: Blaziken|Close Combat|p1b: Garchomp
|-damage|p1b: Garchomp|1/100
|-unboost|p2a: Blaziken|def|1
|-unboost|p2a: Blaziken|spd|1
|move|p1b: Garchomp|Earthquake|p2a: Blaziken|[spread] p2a,p2b
|-immune|p1a: Corviknight
|-supereffective|p2a: Blaziken|1
|-supereffective|p2b: Gholdengo|1
|-damage|p2a: Blaziken|0 fnt
|-damage|p2b: Gholdengo|0 fnt
|faint|p2a: Blaziken
|faint|p2b: Gholdengo
|
|win|EQof1
|raw|EQof1's rating: 1044 → 1083(+39 for winning)
|raw|jrohn33's rating: 1105 → 1076(-29 for losing)
|l|☆jrohn33
|player|p2|
