|j|☆dansclops
|j|☆habeebomarali123
|html|dansclopshabeebomarali123    
|uhtml|bestof|Game 1 of a best-of-3
|t:|1756179400
|gametype|doubles
|player|p1|dansclops|102|1091
|player|p2|habeebomarali123|giovanni|1096
|gen|9
|tier|[Gen 9] VGC 2025 Reg H (Bo3)
|rated|
|rule|Species Clause: Limit one of each Pokémon
|rule|Item Clause: Limit 1 of each item
|clearpoke
|poke|p1|Cloyster, L50, F|
|poke|p1|Volcarona, L50, F|
|poke|p1|Ursaluna-Bloodmoon, L50, M|
|poke|p1|Dragapult, L50, F|
|poke|p1|Amoonguss, L50, F|
|poke|p1|Ninetales-Alola, L50, F|
|poke|p2|Rillaboom, L50, F|
|poke|p2|Volcarona, L50, M|
|poke|p2|Dragapult, L50, M|
|poke|p2|Gholdengo, L50|
|poke|p2|Murkrow, L50, M|
|poke|p2|Sneasler, L50, M|
|teampreview|4
|showteam|p1|Cloyster||WhiteHerb|SkillLink|IcicleSpear,RockBlast,RazorShell,ShellSmash|||F|||50|,,,,,Grass]Volcarona||RockyHelmet|FlameBody|RagePowder,HeatWave,WillOWisp,StruggleBug|||F|||50|,,,,,Steel]Ursaluna-Bloodmoon||AssaultVest|MindsEye|HyperVoice,VacuumWave,EarthPower,BloodMoon|||M|||50|,,,,,Normal]Dragapult||ChoiceBand|ClearBody|DragonDarts,Uturn,TeraBlast,SuckerPunch|||F|||50|,,,,,Ghost]Amoonguss||SitrusBerry|Regenerator|Protect,Spore,RagePowder,PollenPuff|||F|||50|,,,,,Fairy]Ninetales-Alola||LightClay|SnowWarning|AuroraVeil,Blizzard,Moonblast,Protect|||F|||50|,,,,,Ghost
|showteam|p2|Rillaboom||AssaultVest|GrassySurge|FakeOut,GrassyGlide,KnockOff,WoodHammer|||F|||50|,,,,,Fire]Volcarona||GrassySeed|FlameBody|Protect,QuiverDance,TeraBlast,HeatWave|||M|||50|,,,,,Fairy]Dragapult||ChoiceBand|ClearBody|DragonDarts,PhantomForce,Uturn,SuckerPunch|||M|||50|,,,,,Dragon]Gholdengo||ChoiceSpecs|GoodasGold|ShadowBall,MakeItRain,FocusBlast,Thunderbolt||||||50|,,,,,Water]Murkrow||Eviolite|Prankster|Tailwind,Haze,Taunt,Protect|||M|||50|,,,,,Ghost]Sneasler||FocusSash|Unburden|Protect,DireClaw,CloseCombat,Coaching|||M|||50|,,,,,Stellar
|inactive|Battle timer is ON: inactive players will automatically lose when time's up. (requested by dansclops)
|inactive|habeebomarali123 has 60 seconds left.
|
|t:|1756179459
|teamsize|p1|4
|teamsize|p2|4
|start
|switch|p1a: Volcarona|Volcarona, L50, F|100/100
|switch|p1b: Ninetales|Ninetales-Alola, L50, F|100/100
|switch|p2a: Rillaboom|Rillaboom, L50, F|100/100
|switch|p2b: Volcarona|Volcarona, L50, M|100/100
|-weather|Snowscape|[from] ability: Snow Warning|[of] p1b: Ninetales
|-fieldstart|move: Grassy Terrain|[from] ability: Grassy Surge|[of] p2a: Rillaboom
|-enditem|p2b: Volcarona|Grassy Seed
|-boost|p2b: Volcarona|def|1|[from] item: Grassy Seed
|turn|1
|inactive|dansclops has 30 seconds left.
|
|t:|1756179489
|-terastallize|p1b: Ninetales|Ghost
|move|p2a: Rillaboom|Fake Out|p1b: Ninetales
|-immune|p1b: Ninetales
|move|p1b: Ninetales|Blizzard|p2b: Volcarona|[spread] p2a,p2b
|-supereffective|p2a: Rillaboom
|-resisted|p2b: Volcarona
|-damage|p2a: Rillaboom|62/100
|-damage|p2b: Volcarona|89/100
|move|p1a: Volcarona|Struggle Bug|p2b: Volcarona|[spread] p2a,p2b
|-supereffective|p2a: Rillaboom
|-resisted|p2b: Volcarona
|-damage|p2a: Rillaboom|38/100
|-damage|p2b: Volcarona|80/100
|-unboost|p2a: Rillaboom|spa|1
|-unboost|p2b: Volcarona|spa|1
|move|p2b: Volcarona|Quiver Dance|p2b: Volcarona
|-boost|p2b: Volcarona|spa|1
|-boost|p2b: Volcarona|spd|1
|-boost|p2b: Volcarona|spe|1
|
|-weather|Snowscape|[upkeep]
|-heal|p2b: Volcarona|86/100|[from] Grassy Terrain
|-heal|p2a: Rillaboom|43/100|[from] Grassy Terrain
|upkeep
|turn|2
|
|t:|1756179506
|move|p2b: Volcarona|Heat Wave|p1a: Volcarona|[spread] p1a,p1b
|-damage|p1a: Volcarona|63/100
|-damage|p1b: Ninetales|58/100
|move|p1b: Ninetales|Blizzard|p2b: Volcarona|[spread] p2a,p2b
|-supereffective|p2a: Rillaboom
|-resisted|p2b: Volcarona
|-damage|p2a: Rillaboom|5/100
|-damage|p2b: Volcarona|78/100
|move|p1a: Volcarona|Heat Wave|p2b: Volcarona|[spread] p2a,p2b
|-supereffective|p2a: Rillaboom
|-damage|p2a: Rillaboom|0 fnt
|-damage|p2b: Volcarona|59/100
|faint|p2a: Rillaboom
|
|-weather|Snowscape|[upkeep]
|-heal|p2b: Volcarona|65/100|[from] Grassy Terrain
|-heal|p1b: Ninetales|64/100|[from] Grassy Terrain
|-heal|p1a: Volcarona|69/100|[from] Grassy Terrain
|upkeep
|
|t:|1756179510
|switch|p2a: Dragapult|Dragapult, L50, M|100/100
|turn|3
|
|t:|1756179528
|move|p2a: Dragapult|Phantom Force||[still]
|-prepare|p2a: Dragapult|Phantom Force
|move|p2b: Volcarona|Quiver Dance|p2b: Volcarona
|-boost|p2b: Volcarona|spa|1
|-boost|p2b: Volcarona|spd|1
|-boost|p2b: Volcarona|spe|1
|move|p1b: Ninetales|Aurora Veil|p1b: Ninetales
|-sidestart|p1: dansclops|move: Aurora Veil
|move|p1a: Volcarona|Will-O-Wisp|p2a: Dragapult|[miss]
|-miss|p1a: Volcarona|p2a: Dragapult
|
|-weather|Snowscape|[upkeep]
|-heal|p2b: Volcarona|71/100|[from] Grassy Terrain
|-heal|p1b: Ninetales|70/100|[from] Grassy Terrain
|-heal|p1a: Volcarona|75/100|[from] Grassy Terrain
|upkeep
|turn|4
|
|t:|1756179545
|move|p2b: Volcarona|Heat Wave|p1a: Volcarona|[spread] p1a,p1b
|-damage|p1a: Volcarona|38/100
|-damage|p1b: Ninetales|24/100
|move|p2a: Dragapult|Phantom Force|p1b: Ninetales|[from] lockedmove
|-supereffective|p1b: Ninetales
|-damage|p1b: Ninetales|0 fnt
|faint|p1b: Ninetales
|move|p1a: Volcarona|Struggle Bug|p2b: Volcarona|[spread] p2a,p2b
|-resisted|p2a: Dragapult
|-resisted|p2b: Volcarona
|-damage|p2a: Dragapult|89/100
|-damage|p2b: Volcarona|67/100
|-unboost|p2b: Volcarona|spa|1
|
|-weather|Snowscape|[upkeep]
|-heal|p2b: Volcarona|74/100|[from] Grassy Terrain
|-heal|p2a: Dragapult|95/100|[from] Grassy Terrain
|-heal|p1a: Volcarona|44/100|[from] Grassy Terrain
|upkeep
|
|t:|1756179552
|switch|p1b: Cloyster|Cloyster, L50, F|100/100
|turn|5
|
|t:|1756179573
|move|p2b: Volcarona|Protect|p2b: Volcarona
|-singleturn|p2b: Volcarona|Protect
|move|p1a: Volcarona|Rage Powder|p1a: Volcarona
|-singleturn|p1a: Volcarona|move: Rage Powder
|move|p2a: Dragapult|Phantom Force||[still]
|-prepare|p2a: Dragapult|Phantom Force
|move|p1b: Cloyster|Shell Smash|p1b: Cloyster
|-unboost|p1b: Cloyster|def|1
|-unboost|p1b: Cloyster|spd|1
|-boost|p1b: Cloyster|atk|2
|-boost|p1b: Cloyster|spa|2
|-boost|p1b: Cloyster|spe|2
|-enditem|p1b: Cloyster|White Herb
|-clearnegativeboost|p1b: Cloyster|[silent]
|
|-weather|none
|-heal|p2b: Volcarona|80/100|[from] Grassy Terrain
|-heal|p1a: Volcarona|50/100|[from] Grassy Terrain
|-fieldend|move: Grassy Terrain
|upkeep
|turn|6
|
|t:|1756179591
|-terastallize|p2b: Volcarona|Fairy
|move|p1a: Volcarona|Rage Powder|p1a: Volcarona
|-singleturn|p1a: Volcarona|move: Rage Powder
|move|p2b: Volcarona|Tera Blast|p1a: Volcarona|[anim] Tera Blast Fairy
|-resisted|p1a: Volcarona
|-damage|p1a: Volcarona|36/100
|move|p2a: Dragapult|Phantom Force|p1a: Volcarona|[from] lockedmove
|-damage|p1a: Volcarona|0 fnt
|-damage|p2a: Dragapult|78/100|[from] item: Rocky Helmet|[of] p1a: Volcarona
|-status|p2a: Dragapult|brn|[from] ability: Flame Body|[of] p1a: Volcarona
|faint|p1a: Volcarona
|move|p1b: Cloyster|Rock Blast|p2b: Volcarona
|-damage|p2b: Volcarona|67/100
|-damage|p2b: Volcarona|54/100
|-damage|p2b: Volcarona|42/100
|-damage|p2b: Volcarona|28/100
|-damage|p2b: Volcarona|15/100
|-hitcount|p2b: Volcarona|5
|
|-damage|p2a: Dragapult|72/100 brn|[from] brn
|upkeep
|
|t:|1756179612
|switch|p1a: Amoonguss|Amoonguss, L50, F|100/100
|turn|7
|
|t:|1756179621
|move|p2b: Volcarona|Protect|p2b: Volcarona
|-singleturn|p2b: Volcarona|Protect
|move|p1a: Amoonguss|Rage Powder|p1a: Amoonguss
|-singleturn|p1a: Amoonguss|move: Rage Powder
|move|p2a: Dragapult|Phantom Force||[still]
|-prepare|p2a: Dragapult|Phantom Force
|move|p1b: Cloyster|Icicle Spear|p2b: Volcarona
|-activate|p2b: Volcarona|move: Protect
|
|-damage|p2a: Dragapult|66/100 brn|[from] brn
|upkeep
|turn|8
|
|t:|1756179628
|move|p1a: Amoonguss|Rage Powder|p1a: Amoonguss
|-singleturn|p1a: Amoonguss|move: Rage Powder
|move|p2b: Volcarona|Heat Wave|p1a: Amoonguss|[spread] p1a
|-miss|p2b: Volcarona|p1b: Cloyster
|-supereffective|p1a: Amoonguss
|-damage|p1a: Amoonguss|55/100
|move|p2a: Dragapult|Phantom Force|p1a: Amoonguss|[from] lockedmove
|-damage|p1a: Amoonguss|39/100
|-enditem|p1a: Amoonguss|Sitrus Berry|[eat]
|-heal|p1a: Amoonguss|63/100|[from] item: Sitrus Berry
|move|p1b: Cloyster|Icicle Spear|p2b: Volcarona
|-damage|p2b: Volcarona|0 fnt
|faint|p2b: Volcarona
|-hitcount|p2: Volcarona|1
|
|-damage|p2a: Dragapult|60/100 brn|[from] brn
|upkeep
|
|t:|1756179637
|switch|p2b: Sneasler|Sneasler, L50, M|100/100
|turn|9
|
|t:|1756179658
|move|p1a: Amoonguss|Rage Powder|p1a: Amoonguss
|-singleturn|p1a: Amoonguss|move: Rage Powder
|move|p2a: Dragapult|Phantom Force||[still]
|-prepare|p2a: Dragapult|Phantom Force
|move|p1b: Cloyster|Icicle Spear|p2b: Sneasler
|-damage|p2b: Sneasler|62/100
|-damage|p2b: Sneasler|19/100
|-damage|p2b: Sneasler|0 fnt
|faint|p2b: Sneasler
|-hitcount|p2: Sneasler|3
|
|-damage|p2a: Dragapult|54/100 brn|[from] brn
|upkeep
|turn|10
|
|t:|1756179674
|move|p1a: Amoonguss|Rage Powder|p1a: Amoonguss
|-singleturn|p1a: Amoonguss|move: Rage Powder
|move|p2a: Dragapult|Phantom Force|p1a: Amoonguss|[from] lockedmove
|-damage|p1a: Amoonguss|46/100
|move|p1b: Cloyster|Shell Smash|p1b: Cloyster
|-unboost|p1b: Cloyster|def|1
|-unboost|p1b: Cloyster|spd|1
|-boost|p1b: Cloyster|atk|2
|-boost|p1b: Cloyster|spa|2
|-boost|p1b: Cloyster|spe|2
|
|-damage|p2a: Dragapult|48/100 brn|[from] brn
|-sideend|p1: dansclops|move: Aurora Veil
|upkeep
|turn|11
|-message|habeebomarali123 forfeited.
|
|win|dansclops
