|j|☆hugoggg
|j|☆Inteligent8pro
|html|hugogggInteligent8pro    
|uhtml|bestof|Game 2 of a best-of-3
|t:|1786192419
|gametype|doubles
|player|p1|hugoggg|266|1297
|player|p2|Inteligent8pro|elesa|1200
|gen|9
|tier|[Gen 9 Champions] VGC 2026 Reg M-B (Bo3)
|rated|
|rule|Species Clause: Limit one of each Pokémon
|rule|Item Clause: Limit 1 of each item
|clearpoke
|poke|p1|Froslass, L50, F|
|poke|p1|Dragonite, L50, F, shiny|
|poke|p1|Sneasler, L50, F|
|poke|p1|Arcanine-Hisui, L50, F|
|poke|p1|Gholdengo, L50|
|poke|p1|Kingambit, L50, F|
|poke|p2|Blaziken, L50, M|
|poke|p2|Venusaur, L50, M|
|poke|p2|Kingambit, L50, M|
|poke|p2|Ninetales-Alola, L50, M|
|poke|p2|Lycanroc-Dusk, L50, M|
|poke|p2|Basculegion, L50, M|
|teampreview|4
|showteam|p1|Froslass||Froslassite|CursedBody|Blizzard,ShadowBall,AuroraVeil,Protect|Modest||F|||50|]Dragonite||DragonFang|Multiscale|ScaleShot,Haze,Tailwind,Protect|Adamant||F|||50|]Sneasler||WhiteHerb|Unburden|CloseCombat,GunkShot,FakeOut,Protect|Adamant||F|||50|]Arcanine-Hisui||FocusSash|RockHead|HeadSmash,FlareBlitz,ExtremeSpeed,Protect|Adamant||F|||50|]Gholdengo||ChoiceScarf|GoodasGold|MakeItRain,ShadowBall,PowerGem,Trick|Modest|||||50|]Kingambit||LifeOrb|Defiant|KowtowCleave,SuckerPunch,SwordsDance,Protect|Adamant||F|||50|
|showteam|p2|Blaziken||Blazikenite|SpeedBoost|FlareBlitz,CloseCombat,RockSlide,Detect|Adamant||M|||50|]Venusaur||Venusaurite|Chlorophyll|GigaDrain,SludgeBomb,EarthPower,Protect|Modest||M|||50|]Kingambit||LifeOrb|Defiant|KowtowCleave,SuckerPunch,IronHead,Protect|Adamant||M|||50|]Ninetales-Alola||NeverMeltIce|SnowWarning|Blizzard,FreezeDry,Encore,Protect|Timid||M|||50|]Lycanroc-Dusk||FocusSash|ToughClaws|RockSlide,Accelerock,CloseCombat,Protect|Adamant||M|||50|]Basculegion||ChoiceScarf|Adaptability|LastRespects,WaveCrash,AquaJet,FlipTurn|Jolly||M|||50|
|inactive|Battle timer is ON: inactive players will automatically lose when time's up. (requested by Inteligent8pro)
|inactive|hugoggg has 60 seconds left.
|inactive|Inteligent8pro has 60 seconds left.
|
|t:|1786192465
|teamsize|p1|4
|teamsize|p2|4
|start
|switch|p1a: Flop era|Gholdengo, L50|100/100
|switch|p1b: Streetcat|Sneasler, L50, F|100/100
|switch|p2a: Blaziken|Blaziken, L50, M|100/100
|switch|p2b: Ninetales|Ninetales-Alola, L50, M|100/100
|-weather|Snowscape|[from] ability: Snow Warning|[of] p2b: Ninetales
|turn|1
|
|t:|1786192483
|move|p2b: Ninetales|Protect|p2b: Ninetales
|-singleturn|p2b: Ninetales|Protect
|move|p2a: Blaziken|Detect|p2a: Blaziken
|-singleturn|p2a: Blaziken|Protect
|move|p1a: Flop era|Make It Rain|p2a: Blaziken|[spread] 
|-activate|p2a: Blaziken|move: Protect
|-activate|p2b: Ninetales|move: Protect
|move|p1b: Streetcat|Close Combat|p2a: Blaziken
|-activate|p2a: Blaziken|move: Protect
|
|-weather|Snowscape|[upkeep]
|-ability|p2a: Blaziken|Speed Boost|boost
|-boost|p2a: Blaziken|spe|1
|upkeep
|turn|2
|inactive|Inteligent8pro has 30 seconds left.
|
|t:|1786192516
|switch|p2b: Kingambit|Kingambit, L50, M|100/100
|detailschange|p2a: Blaziken|Blaziken-Mega, L50, M
|-mega|p2a: Blaziken|Blaziken|Blazikenite
|move|p2a: Blaziken|Flare Blitz|p1b: Streetcat
|-damage|p1b: Streetcat|13/100
|-damage|p2a: Blaziken|68/100|[from] Recoil
|move|p1a: Flop era|Make It Rain|p2b: Kingambit|[spread] p2a,p2b
|-resisted|p2a: Blaziken|1
|-resisted|p2b: Kingambit|1
|-damage|p2a: Blaziken|31/100
|-damage|p2b: Kingambit|77/100
|-unboost|p1a: Flop era|spa|2
|move|p1b: Streetcat|Close Combat|p2a: Blaziken
|-damage|p2a: Blaziken|0 fnt
|-unboost|p1b: Streetcat|def|1
|-unboost|p1b: Streetcat|spd|1
|faint|p2a: Blaziken
|-enditem|p1b: Streetcat|White Herb
|-clearnegativeboost|p1b: Streetcat|[silent]
|
|-weather|Snowscape|[upkeep]
|upkeep
|
|t:|1786192536
|switch|p2a: Basculegion|Basculegion, L50, M|100/100
|turn|3
|inactive|hugoggg has 30 seconds left.
|inactive|Inteligent8pro has 30 seconds left.
|inactive|hugoggg has 20 seconds left.
|inactive|hugoggg has 15 seconds left.
|inactive|hugoggg has 10 seconds left.
|
|t:|1786192584
|switch|p1a: Ghost rule|Froslass, L50, F|100/100
|move|p1b: Streetcat|Protect|p1b: Streetcat
|-singleturn|p1b: Streetcat|Protect
|move|p2a: Basculegion|Last Respects|p1a: Ghost rule
|-supereffective|p1a: Ghost rule|1
|-damage|p1a: Ghost rule|0 fnt
|faint|p1a: Ghost rule
|move|p2b: Kingambit|Kowtow Cleave|p1b: Streetcat
|-activate|p1b: Streetcat|move: Protect
|
|-weather|Snowscape|[upkeep]
|upkeep
|
|t:|1786192602
|switch|p1a: Animal|Arcanine-Hisui, L50, F|100/100
|turn|4
|inactive|hugoggg has 30 seconds left.
|inactive|hugoggg has 20 seconds left.
|inactive|hugoggg has 15 seconds left.
|inactive|hugoggg has 10 seconds left.
|
|t:|1786192649
|move|p2b: Kingambit|Protect|p2b: Kingambit
|-singleturn|p2b: Kingambit|Protect
|move|p1b: Streetcat|Close Combat|p2b: Kingambit
|-activate|p2b: Kingambit|move: Protect
|move|p2a: Basculegion|Last Respects|p1a: Animal
|-crit|p1a: Animal
|-enditem|p1a: Animal|Focus Sash
|-damage|p1a: Animal|1/100
|move|p1a: Animal|Head Smash|p2a: Basculegion
|-damage|p2a: Basculegion|5/100
|
|-weather|Snowscape|[upkeep]
|upkeep
|turn|5
|inactive|hugoggg has 30 seconds left.
|inactive|hugoggg has 20 seconds left.
|inactive|hugoggg has 15 seconds left.
|
|t:|1786192691
|switch|p1b: Flop era|Gholdengo, L50|100/100
|move|p1a: Animal|Protect|p1a: Animal
|-singleturn|p1a: Animal|Protect
|move|p2b: Kingambit|Sucker Punch||[still]
|-fail|p2b: Kingambit
|move|p2a: Basculegion|Last Respects|p1a: Animal
|-activate|p1a: Animal|move: Protect
|
|-weather|none
|upkeep
|turn|6
|inactive|hugoggg has 30 seconds left.
|inactive|hugoggg has 20 seconds left.
|inactive|hugoggg has 15 seconds left.
|
|t:|1786192734
|switch|p1a: Streetcat|Sneasler, L50, F|13/100
|move|p2b: Kingambit|Sucker Punch||[still]
|-fail|p2b: Kingambit
|move|p2a: Basculegion|Last Respects|p1a: Streetcat
|-crit|p1a: Streetcat
|-damage|p1a: Streetcat|0 fnt
|faint|p1a: Streetcat
|move|p1b: Flop era|Trick|p2b: Kingambit
|-activate|p1b: Flop era|move: Trick|[of] p2b: Kingambit
|-item|p2b: Kingambit|Choice Scarf|[from] move: Trick
|-item|p1b: Flop era|Life Orb|[from] move: Trick
|
|upkeep
|
|t:|1786192740
|switch|p1a: Animal|Arcanine-Hisui, L50, F|1/100
|turn|7
|inactive|hugoggg has 30 seconds left.
|inactive|Inteligent8pro has 30 seconds left.
|inactive|hugoggg has 20 seconds left.
|inactive|Inteligent8pro has 20 seconds left.
|inactive|Inteligent8pro has 15 seconds left.
|
|t:|1786192783
|move|p2a: Basculegion|Last Respects|p1b: Flop era
|-supereffective|p1b: Flop era|1
|-damage|p1b: Flop era|0 fnt
|faint|p1b: Flop era
|move|p1a: Animal|Flare Blitz|p2b: Kingambit
|-supereffective|p2b: Kingambit|1
|-damage|p2b: Kingambit|0 fnt
|faint|p2b: Kingambit
|
|upkeep
|-message|hugoggg forfeited.
|
|win|Inteligent8pro
