|j|☆tsteelerfan
|j|☆hinoky
|html|tsteelerfanhinoky    
|uhtml|bestof|Game 1 of a best-of-3
|t:|1785874214
|gametype|doubles
|player|p1|tsteelerfan|101|1062
|player|p2|hinoky|wattson|1180
|gen|9
|tier|[Gen 9 Champions] VGC 2026 Reg M-B (Bo3)
|rated|
|rule|Species Clause: Limit one of each Pokémon
|rule|Item Clause: Limit 1 of each item
|clearpoke
|poke|p1|Gengar, L50, F|
|poke|p1|Kingambit, L50, F, shiny|
|poke|p1|Hydreigon, L50, M, shiny|
|poke|p1|Primarina, L50, F|
|poke|p1|Steelix, L50, F|
|poke|p1|Vivillon, L50, F|
|poke|p2|Kingambit, L50, F|
|poke|p2|Glimmora, L50, F|
|poke|p2|Whimsicott, L50, F|
|poke|p2|Delphox, L50, M|
|poke|p2|Garchomp, L50, F|
|poke|p2|Staraptor, L50, M|
|teampreview|4
|showteam|p1|Gengar||Gengarite|CursedBody|PerishSong,ShadowBall,Protect,Substitute|Timid||F|||50|]Kingambit||ChopleBerry|Defiant|SuckerPunch,SwordsDance,KowtowCleave,Protect|Adamant||F|||50|]Hydreigon||Leftovers|Levitate|Tailwind,DracoMeteor,Protect,FireBlast|Timid||M|||50|]Primarina||MysticWater|LiquidVoice|HyperVoice,Moonblast,PerishSong,Protect|Modest||F|||50|]Steelix||Steelixite|RockHead|SteelBeam,Protect,BodyPress,HighHorsepower|Relaxed||F|||50|]Vivillon||ChoiceScarf|CompoundEyes|SleepPowder,Uturn,AirSlash,GigaDrain|Timid||F|||50|
|showteam|p2|Kingambit||ChopleBerry|Defiant|SuckerPunch,KowtowCleave,IronHead,LowKick|Adamant||F|||50|]Glimmora||FocusSash|ToxicDebris|SludgeBomb,PowerGem,EarthPower,SpikyShield|Timid||F|||50|]Whimsicott||OccaBerry|Prankster|Moonblast,Tailwind,Charm,Protect|Timid||F|||50|]Delphox||Delphoxite|Blaze|HeatWave,Psyshock,Substitute,Protect|Modest||M|||50|]Garchomp||LifeOrb|RoughSkin|DragonClaw,Earthquake,RockSlide,Protect|Jolly||F|||50|]Staraptor||Staraptite|Intimidate|BraveBird,CloseCombat,Roost,Protect|Jolly||M|||50|
|inactive|Battle timer is ON: inactive players will automatically lose when time's up. (requested by tsteelerfan)
|
|t:|1785874262
|teamsize|p1|4
|teamsize|p2|4
|start
|switch|p1a: Gengar|Gengar, L50, F|100/100
|switch|p1b: Vivillon|Vivillon, L50, F|100/100
|switch|p2a: Whimsicott|Whimsicott, L50, F|100/100
|switch|p2b: Delphox|Delphox, L50, M|100/100
|turn|1
|inactive|tsteelerfan has 30 seconds left.
|inactive|tsteelerfan has 20 seconds left.
|
|t:|1785874297
|switch|p1b: Primarina|Primarina, L50, F|100/100
|detailschange|p2b: Delphox|Delphox-Mega, L50, M
|-mega|p2b: Delphox|Delphox|Delphoxite
|move|p1a: Gengar|Protect|p1a: Gengar
|-singleturn|p1a: Gengar|Protect
|move|p2a: Whimsicott|Tailwind|p2a: Whimsicott
|-sidestart|p2: hinoky|move: Tailwind
|move|p2b: Delphox|Substitute|p2b: Delphox
|-start|p2b: Delphox|Substitute
|-damage|p2b: Delphox|75/100
|
|upkeep
|turn|2
|inactive|hinoky has 30 seconds left.
|
|t:|1785874327
|switch|p2a: Kingambit|Kingambit, L50, F|100/100
|switch|p1a: Hydreigon|Hydreigon, L50, M, shiny|100/100
|move|p2b: Delphox|Psyshock|p1b: Primarina
|-damage|p1b: Primarina|47/100
|move|p1b: Primarina|Hyper Voice|p2a: Kingambit|[spread] p2a,p2b
|-supereffective|p2b: Delphox|1
|-damage|p2a: Kingambit|67/100
|-damage|p2b: Delphox|7/100
|
|upkeep
|turn|3
|inactive|tsteelerfan has 30 seconds left.
|
|t:|1785874353
|move|p1b: Primarina|Protect|p1b: Primarina
|-singleturn|p1b: Primarina|Protect
|move|p2b: Delphox|Psyshock|p1b: Primarina
|-activate|p1b: Primarina|move: Protect
|move|p1a: Hydreigon|Fire Blast|p2a: Kingambit
|-supereffective|p2a: Kingambit|1
|-damage|p2a: Kingambit|10/100
|-status|p2a: Kingambit|brn
|move|p2a: Kingambit|Low Kick|p1a: Hydreigon
|-supereffective|p1a: Hydreigon|1
|-damage|p1a: Hydreigon|62/100
|
|-heal|p1a: Hydreigon|68/100|[from] item: Leftovers
|-damage|p2a: Kingambit|4/100 brn|[from] brn
|upkeep
|turn|4
|inactive|tsteelerfan has 30 seconds left.
|
|t:|1785874379
|move|p2a: Kingambit|Sucker Punch||[still]
|-fail|p2a: Kingambit
|move|p2b: Delphox|Psyshock|p1b: Primarina
|-damage|p1b: Primarina|0 fnt
|faint|p1b: Primarina
|move|p1a: Hydreigon|Tailwind|p1a: Hydreigon
|-sidestart|p1: tsteelerfan|move: Tailwind
|
|-heal|p1a: Hydreigon|73/100|[from] item: Leftovers
|-damage|p2a: Kingambit|0 fnt|[from] brn
|faint|p2a: Kingambit
|-sideend|p2: hinoky|move: Tailwind
|upkeep
|
|t:|1785874390
|switch|p1b: Gengar|Gengar, L50, F|100/100
|switch|p2a: Whimsicott|Whimsicott, L50, F|100/100
|turn|5
|inactive|tsteelerfan has 30 seconds left.
|inactive|tsteelerfan has 20 seconds left.
|inactive|tsteelerfan has 15 seconds left.
|inactive|tsteelerfan has 10 seconds left.
|
|t:|1785874435
|switch|p1b: Vivillon|Vivillon, L50, F|100/100
|move|p2a: Whimsicott|Tailwind|p2a: Whimsicott
|-sidestart|p2: hinoky|move: Tailwind
|move|p2b: Delphox|Psyshock|p1b: Vivillon
|-damage|p1b: Vivillon|19/100
|move|p1a: Hydreigon|Fire Blast|p2b: Delphox
|-resisted|p2b: Delphox|1
|-activate|p2b: Delphox|move: Substitute|[damage]
|
|-heal|p1a: Hydreigon|79/100|[from] item: Leftovers
|upkeep
|turn|6
|inactive|tsteelerfan has 30 seconds left.
|
|t:|1785874461
|move|p2a: Whimsicott|Protect|p2a: Whimsicott
|-singleturn|p2a: Whimsicott|Protect
|move|p1b: Vivillon|Air Slash|p2a: Whimsicott
|-activate|p2a: Whimsicott|move: Protect
|move|p2b: Delphox|Heat Wave|p1a: Hydreigon|[spread] p1a,p1b
|-resisted|p1a: Hydreigon|1
|-supereffective|p1b: Vivillon|1
|-damage|p1a: Hydreigon|60/100
|-damage|p1b: Vivillon|0 fnt
|faint|p1b: Vivillon
|move|p1a: Hydreigon|Fire Blast|p2b: Delphox|[miss]
|-miss|p1a: Hydreigon|p2b: Delphox
|
|-heal|p1a: Hydreigon|65/100|[from] item: Leftovers
|upkeep
|
|t:|1785874470
|switch|p1b: Gengar|Gengar, L50, F|100/100
|turn|7
|inactive|tsteelerfan has 30 seconds left.
|
|t:|1785874500
|move|p2b: Delphox|Psyshock|p1b: Gengar
|-supereffective|p1b: Gengar|1
|-damage|p1b: Gengar|0 fnt
|-start|p2b: Delphox|Disable|Psyshock|[from] ability: Cursed Body|[of] p1b: Gengar
|faint|p1b: Gengar
|move|p2a: Whimsicott|Moonblast|p1a: Hydreigon
|-supereffective|p1a: Hydreigon|2
|-damage|p1a: Hydreigon|0 fnt
|faint|p1a: Hydreigon
|
|win|hinoky
||tsteelerfan is ready for game 2.
