|j|☆kickercasillas
|j|☆GamerDzha
|html|kickercasillasGamerDzha    
|uhtml|bestof|Game 2 of a best-of-3
|t:|1783335070
|gametype|doubles
|player|p1|kickercasillas|lillie-z|1212
|player|p2|GamerDzha|ivor|1120
|gen|9
|tier|[Gen 9 Champions] VGC 2026 Reg M-B (Bo3)
|rated|
|rule|Species Clause: Limit one of each Pokémon
|rule|Item Clause: Limit 1 of each item
|clearpoke
|poke|p1|Aerodactyl, L50, F, shiny|
|poke|p1|Garchomp, L50, F, shiny|
|poke|p1|Kingambit, L50, M, shiny|
|poke|p1|Charizard, L50, M, shiny|
|poke|p1|Sylveon, L50, F, shiny|
|poke|p1|Farigiraf, L50, F|
|poke|p2|Charizard, L50, F|
|poke|p2|Raichu, L50, F|
|poke|p2|Garchomp, L50, M|
|poke|p2|Whimsicott, L50, M|
|poke|p2|Incineroar, L50, F|
|poke|p2|Sneasler, L50, F|
|teampreview|4
|showteam|p1|Aerodactyl||Aerodactylite|Unnerve|IceFang,RockSlide,Tailwind,DualWingbeat|Jolly||F|||50|]Garchomp||LifeOrb|RoughSkin|DragonClaw,StompingTantrum,Earthquake,Protect|Jolly||F|||50|]Kingambit||FocusSash|Defiant|SuckerPunch,KowtowCleave,IronHead,LowKick|Adamant||M|||50|]Charizard||CharizarditeY|Blaze|Protect,WeatherBall,HeatWave,SolarBeam|Modest||M|||50|]Sylveon||FairyFeather|Pixilate|Protect,HyperVoice,HyperBeam,QuickAttack|Modest||F|||50|]Farigiraf||SitrusBerry|ArmorTail|TrickRoom,Thunderbolt,Roar,Psychic|Bold||F|||50|
|showteam|p2|Charizard||CharizarditeY|Blaze|WeatherBall,HeatWave,SolarBeam,Protect|Modest||F|||50|]Raichu||RaichuniteY|LightningRod|ZapCannon,FocusBlast,GrassKnot,Protect|Timid||F|||50|]Garchomp||LifeOrb|RoughSkin|StompingTantrum,DragonClaw,RockSlide,Protect|Jolly||M|||50|]Whimsicott||FocusSash|Prankster|Moonblast,Tailwind,Encore,Protect|Timid||M|||50|]Incineroar||SitrusBerry|Intimidate|ThroatChop,FakeOut,FlareBlitz,PartingShot|Impish||F|||50|]Sneasler||WhiteHerb|Unburden|CloseCombat,DireClaw,FakeOut,Protect|Adamant||F|||50|
|inactive|Battle timer is ON: inactive players will automatically lose when time's up. (requested by kickercasillas)
|
|t:|1783335103
|teamsize|p1|4
|teamsize|p2|4
|start
|switch|p1a: Wakka|Aerodactyl, L50, F, shiny|100/100
|switch|p1b: Kimahri|Garchomp, L50, F, shiny|100/100
|switch|p2a: Raichu|Raichu, L50, F|100/100
|switch|p2b: Whimsicott|Whimsicott, L50, M|100/100
|-ability|p1a: Wakka|Unnerve
|turn|1
|inactive|kickercasillas has 30 seconds left.
|
|t:|1783335137
|detailschange|p1a: Wakka|Aerodactyl-Mega, L50, F, shiny
|-mega|p1a: Wakka|Aerodactyl|Aerodactylite
|detailschange|p2a: Raichu|Raichu-Mega-Y, L50, F
|-mega|p2a: Raichu|Raichu|Raichunite Y
|move|p2b: Whimsicott|Tailwind|p2b: Whimsicott
|-sidestart|p2: GamerDzha|move: Tailwind
|move|p2a: Raichu|Zap Cannon|p1a: Wakka
|-supereffective|p1a: Wakka|1
|-damage|p1a: Wakka|0 fnt
|faint|p1a: Wakka
|move|p1b: Kimahri|Stomping Tantrum|p2a: Raichu
|-supereffective|p2a: Raichu|1
|-damage|p2a: Raichu|0 fnt
|faint|p2a: Raichu
|-damage|p1b: Kimahri|90/100|[from] item: Life Orb
|
|upkeep
|
|t:|1783335149
|switch|p1a: Lulu|Farigiraf, L50, F|100/100
|switch|p2a: Garchomp|Garchomp, L50, M|100/100
|turn|2
|
|t:|1783335160
|switch|p2a: Incineroar|Incineroar, L50, F|100/100
|-ability|p2a: Incineroar|Intimidate|boost
|-unboost|p1a: Lulu|atk|1
|-unboost|p1b: Kimahri|atk|1
|move|p1b: Kimahri|Protect|p1b: Kimahri
|-singleturn|p1b: Kimahri|Protect
|move|p2b: Whimsicott|Moonblast|p1b: Kimahri
|-activate|p1b: Kimahri|move: Protect
|move|p1a: Lulu|Trick Room|p1a: Lulu
|-fieldstart|move: Trick Room|[of] p1a: Lulu
|
|upkeep
|turn|3
|
|t:|1783335186
|move|p1a: Lulu|Psychic|p2b: Whimsicott
|-damage|p2b: Whimsicott|42/100
|move|p1b: Kimahri|Stomping Tantrum|p2a: Incineroar
|-supereffective|p2a: Incineroar|1
|-damage|p2a: Incineroar|38/100
|-enditem|p2a: Incineroar|Sitrus Berry|[eat]
|-heal|p2a: Incineroar|62/100|[from] item: Sitrus Berry
|-damage|p1b: Kimahri|80/100|[from] item: Life Orb
|move|p2a: Incineroar|Throat Chop|p1a: Lulu
|-supereffective|p1a: Lulu|1
|-damage|p1a: Lulu|55/100
|-start|p1a: Lulu|Throat Chop|[silent]
|move|p2b: Whimsicott|Moonblast|p1b: Kimahri
|-supereffective|p1b: Kimahri|1
|-damage|p1b: Kimahri|7/100
|
|upkeep
|turn|4
|
|t:|1783335205
|move|p2b: Whimsicott|Protect|p2b: Whimsicott
|-singleturn|p2b: Whimsicott|Protect
|move|p1a: Lulu|Psychic|p2b: Whimsicott
|-activate|p2b: Whimsicott|move: Protect
|move|p1b: Kimahri|Dragon Claw|p2a: Incineroar
|-damage|p2a: Incineroar|30/100
|-damage|p1b: Kimahri|0 fnt|[from] item: Life Orb
|faint|p1b: Kimahri
|move|p2a: Incineroar|Parting Shot|p1a: Lulu
|-unboost|p1a: Lulu|atk|1
|-unboost|p1a: Lulu|spa|1
|
|t:|1783335214
|switch|p2a: Garchomp|Garchomp, L50, M|100/100|[from] Parting Shot
|
|-end|p1a: Lulu|Throat Chop|[silent]
|-sideend|p2: GamerDzha|move: Tailwind
|upkeep
|
|t:|1783335216
|switch|p1b: Yuna|Sylveon, L50, F, shiny|100/100
|turn|5
|
|t:|1783335239
|move|p2a: Garchomp|Protect|p2a: Garchomp
|-singleturn|p2a: Garchomp|Protect
|move|p1a: Lulu|Psychic|p2a: Garchomp
|-activate|p2a: Garchomp|move: Protect
|move|p1b: Yuna|Hyper Voice|p2a: Garchomp|[spread] p2b
|-activate|p2a: Garchomp|move: Protect
|-damage|p2b: Whimsicott|0 fnt
|faint|p2b: Whimsicott
|
|upkeep
|
|t:|1783335241
|switch|p2b: Incineroar|Incineroar, L50, F|30/100
|-ability|p2b: Incineroar|Intimidate|boost
|-unboost|p1a: Lulu|atk|1
|-unboost|p1b: Yuna|atk|1
|turn|6
|
|t:|1783335250
|move|p2a: Garchomp|Protect||[still]
|-fail|p2a: Garchomp
|move|p1a: Lulu|Psychic|p2a: Garchomp
|-damage|p2a: Garchomp|76/100
|-unboost|p2a: Garchomp|spd|1
|move|p1b: Yuna|Hyper Voice|p2b: Incineroar|[spread] p2a,p2b
|-supereffective|p2a: Garchomp|1
|-damage|p2a: Garchomp|0 fnt
|-damage|p2b: Incineroar|0 fnt
|faint|p2a: Garchomp
|faint|p2b: Incineroar
|
|win|kickercasillas
|raw|kickercasillas's rating: 1212 → 1231(+19 for winning)
|raw|GamerDzha's rating: 1120 → 1101(-19 for losing)
|l|☆GamerDzha
|player|p2|
