|j|☆MetaphorCrazyMonk
|j|☆QueerCrocodile
|html|MetaphorCrazyMonkQueerCrocodile    
|uhtml|bestof|Game 2 of a best-of-3
|t:|1783045393
|gametype|doubles
|player|p1|MetaphorCrazyMonk|expert-gen6|1413
|player|p2|QueerCrocodile|cynthia-gen4|1404
|gen|9
|tier|[Gen 9 Champions] VGC 2026 Reg M-B (Bo3)
|rated|
|rule|Species Clause: Limit one of each Pokémon
|rule|Item Clause: Limit 1 of each item
|clearpoke
|poke|p1|Floette-Eternal, L50, F|
|poke|p1|Sinistcha, L50|
|poke|p1|Incineroar, L50, M|
|poke|p1|Delphox, L50, M|
|poke|p1|Kingambit, L50, M|
|poke|p1|Sneasler, L50, M|
|poke|p2|Charizard, L50, F|
|poke|p2|Whimsicott, L50, F, shiny|
|poke|p2|Garchomp, L50, M, shiny|
|poke|p2|Sneasler, L50, F|
|poke|p2|Basculegion, L50, M|
|poke|p2|Sylveon, L50, M, shiny|
|teampreview|4
|showteam|p1|Floette-Eternal||Floettite|FlowerVeil|Moonblast,DazzlingGleam,CalmMind,Protect|Modest||F|||50|]Sinistcha||ColburBerry|Hospitality|MatchaGotcha,RagePowder,Protect,TrickRoom|Bold|||||50|]Incineroar||SitrusBerry|Intimidate|FlareBlitz,PartingShot,FakeOut,HelpingHand|Careful||M|||50|]Delphox||Delphoxite|Blaze|HeatWave,Psyshock,NastyPlot,Protect|Timid||M|||50|]Kingambit||BlackGlasses|Defiant|KowtowCleave,SuckerPunch,SwordsDance,Protect|Adamant||M|||50|]Sneasler||FocusSash|Unburden|CloseCombat,DireClaw,FakeOut,QuickGuard|Jolly||M|||50|
|showteam|p2|Charizard||CharizarditeY|Blaze|HeatWave,WeatherBall,SolarBeam,Protect|Modest||F|||50|]Whimsicott||FocusSash|Prankster|Moonblast,Tailwind,Encore,Protect|Timid||F|||50|]Garchomp||LifeOrb|RoughSkin|DragonClaw,RockSlide,Earthquake,Protect|Jolly||M|||50|]Sneasler||WhiteHerb|Unburden|CloseCombat,DireClaw,FakeOut,Protect|Adamant||F|||50|]Basculegion||ChoiceScarf|Adaptability|WaveCrash,LastRespects,AquaJet,FlipTurn|Jolly||M|||50|]Sylveon||FairyFeather|Pixilate|HyperVoice,HyperBeam,QuickAttack,Protect|Modest||M|||50|
|inactive|Battle timer is ON: inactive players will automatically lose when time's up. (requested by QueerCrocodile)
|
|t:|1783045413
|teamsize|p1|4
|teamsize|p2|4
|start
|switch|p1a: El Dictador|Delphox, L50, M|100/100
|switch|p1b: Apache Kid|Kingambit, L50, M|100/100
|switch|p2a: Basculegion|Basculegion, L50, M|100/100
|switch|p2b: Charizard|Charizard, L50, F|100/100
|turn|1
|
|t:|1783045423
|switch|p2a: Whimsicott|Whimsicott, L50, F, shiny|100/100
|detailschange|p1a: El Dictador|Delphox-Mega, L50, M
|-mega|p1a: El Dictador|Delphox|Delphoxite
|detailschange|p2b: Charizard|Charizard-Mega-Y, L50, F
|-mega|p2b: Charizard|Charizard|Charizardite Y
|-weather|SunnyDay|[from] ability: Drought|[of] p2b: Charizard
|move|p1b: Apache Kid|Sucker Punch||[still]
|-fail|p1b: Apache Kid
|move|p1a: El Dictador|Nasty Plot|p1a: El Dictador
|-boost|p1a: El Dictador|spa|2
|move|p2b: Charizard|Heat Wave|p1a: El Dictador|[spread] p1a,p1b
|-resisted|p1a: El Dictador|1
|-supereffective|p1b: Apache Kid|1
|-damage|p1a: El Dictador|68/100
|-damage|p1b: Apache Kid|0 fnt
|faint|p1b: Apache Kid
|
|-weather|SunnyDay|[upkeep]
|upkeep
|
|t:|1783045431
|switch|p1b: Gradisce|Incineroar, L50, M|100/100
|-ability|p1b: Gradisce|Intimidate|boost
|-unboost|p2a: Whimsicott|atk|1
|-unboost|p2b: Charizard|atk|1
|turn|2
|
|t:|1783045451
|move|p2a: Whimsicott|Protect|p2a: Whimsicott
|-singleturn|p2a: Whimsicott|Protect
|move|p1b: Gradisce|Fake Out|p2a: Whimsicott
|-activate|p2a: Whimsicott|move: Protect
|move|p1a: El Dictador|Psyshock|p2b: Charizard
|-damage|p2b: Charizard|0 fnt
|faint|p2b: Charizard
|
|-weather|SunnyDay|[upkeep]
|upkeep
|
|t:|1783045460
|switch|p2b: Basculegion|Basculegion, L50, M|100/100
|turn|3
|
|t:|1783045473
|move|p1a: El Dictador|Protect|p1a: El Dictador
|-singleturn|p1a: El Dictador|Protect
|move|p2b: Basculegion|Flip Turn|p1b: Gradisce
|-supereffective|p1b: Gradisce|1
|-damage|p1b: Gradisce|68/100
|
|t:|1783045476
|switch|p2b: Sneasler|Sneasler, L50, F|100/100|[from] Flip Turn
|move|p2a: Whimsicott|Moonblast|p1b: Gradisce
|-damage|p1b: Gradisce|40/100
|-enditem|p1b: Gradisce|Sitrus Berry|[eat]
|-heal|p1b: Gradisce|64/100|[from] item: Sitrus Berry
|move|p1b: Gradisce|Parting Shot|p2b: Sneasler
|-unboost|p2b: Sneasler|atk|1
|-unboost|p2b: Sneasler|spa|1
|
|t:|1783045481
|switch|p1b: Il Conto?|Sinistcha, L50|100/100|[from] Parting Shot
|-enditem|p2b: Sneasler|White Herb
|-clearnegativeboost|p2b: Sneasler|[silent]
|-heal|p1a: El Dictador|93/100|[from] ability: Hospitality|[of] p1b: Il Conto?
|
|-weather|SunnyDay|[upkeep]
|upkeep
|turn|4
|
|t:|1783045495
|switch|p1a: Gradisce|Incineroar, L50, M|64/100
|-ability|p1a: Gradisce|Intimidate|boost
|-unboost|p2a: Whimsicott|atk|1
|-unboost|p2b: Sneasler|atk|1
|move|p2a: Whimsicott|Encore|p1a: Gradisce
|-hint|Since gen 7, Dark is immune to Prankster moves.
|-immune|p1a: Gradisce
|move|p2b: Sneasler|Dire Claw|p1b: Il Conto?
|-damage|p1b: Il Conto?|74/100
|move|p1b: Il Conto?|Trick Room|p1b: Il Conto?
|-fieldstart|move: Trick Room|[of] p1b: Il Conto?
|
|-weather|SunnyDay|[upkeep]
|upkeep
|turn|5
|
|t:|1783045505
|move|p2a: Whimsicott|Protect|p2a: Whimsicott
|-singleturn|p2a: Whimsicott|Protect
|move|p1a: Gradisce|Flare Blitz|p2b: Sneasler
|-damage|p2b: Sneasler|0 fnt
|faint|p2b: Sneasler
|-damage|p1a: Gradisce|39/100|[from] Recoil
|move|p1b: Il Conto?|Matcha Gotcha|p2a: Whimsicott
|-activate|p2a: Whimsicott|move: Protect
|
|-weather|none
|upkeep
|
|t:|1783045510
|switch|p2b: Basculegion|Basculegion, L50, M|100/100
|turn|6
|
|t:|1783045516
|move|p1a: Gradisce|Flare Blitz|p2a: Whimsicott
|-supereffective|p2a: Whimsicott|1
|-enditem|p2a: Whimsicott|Focus Sash
|-damage|p2a: Whimsicott|1/100
|-damage|p1a: Gradisce|16/100|[from] Recoil
|move|p1b: Il Conto?|Matcha Gotcha|p2a: Whimsicott|[spread] p2b
|-miss|p1b: Il Conto?|p2a: Whimsicott
|-supereffective|p2b: Basculegion|1
|-damage|p2b: Basculegion|44/100
|-heal|p1b: Il Conto?|100/100|[from] drain|[of] p2b: Basculegion
|move|p2a: Whimsicott|Moonblast|p1b: Il Conto?
|-damage|p1b: Il Conto?|69/100
|move|p2b: Basculegion|Wave Crash|p1a: Gradisce
|-supereffective|p1a: Gradisce|1
|-damage|p1a: Gradisce|0 fnt
|faint|p1a: Gradisce
|-damage|p2b: Basculegion|38/100|[from] Recoil
|
|upkeep
|-message|QueerCrocodile forfeited.
|
|win|MetaphorCrazyMonk
|raw|MetaphorCrazyMonk's rating: 1413 → 1432(+19 for winning)
|raw|QueerCrocodile's rating: 1404 → 1385(-19 for losing)
|l|☆QueerCrocodile
|player|p2|
