|j|☆trevYAH
|j|☆testdigi
|html|trevYAHtestdigi    
|uhtml|bestof|Game 3 of a best-of-3
|t:|1784808896
|gametype|doubles
|player|p1|trevYAH|trevor|1225
|player|p2|testdigi|101|1132
|gen|9
|tier|[Gen 9 Champions] VGC 2026 Reg M-B (Bo3)
|rated|
|rule|Species Clause: Limit one of each Pokémon
|rule|Item Clause: Limit 1 of each item
|clearpoke
|poke|p1|Blaziken, L50, M, shiny|
|poke|p1|Kingambit, L50, M, shiny|
|poke|p1|Dragonite, L50, F, shiny|
|poke|p1|Ninetales-Alola, L50, F, shiny|
|poke|p1|Gengar, L50, F, shiny|
|poke|p1|Incineroar, L50, F, shiny|
|poke|p2|Raichu, L50, M|
|poke|p2|Toxapex, L50, F|
|poke|p2|Mamoswine, L50, F|
|poke|p2|Sylveon, L50, M|
|poke|p2|Corviknight, L50, F|
|poke|p2|Basculegion, L50, M|
|teampreview|4
|showteam|p1|Blaziken||Blazikenite|SpeedBoost|CloseCombat,RockSlide,FlareBlitz,Detect|Adamant||M|||50|]Kingambit||LifeOrb|Defiant|KowtowCleave,IronHead,SuckerPunch,Protect|Adamant||M|||50|]Dragonite||HabanBerry|InnerFocus|DragonClaw,LowKick,ExtremeSpeed,Protect|Adamant||F|||50|]Ninetales-Alola||FocusSash|SnowWarning|Blizzard,FreezeDry,Encore,Protect|Timid||F|||50|]Gengar||Gengarite|CursedBody|ShadowBall,Disable,PerishSong,Protect|Modest||F|||50|]Incineroar||SitrusBerry|Intimidate|FlareBlitz,PartingShot,FakeOut,Protect|Relaxed||F|||50|
|showteam|p2|Raichu||RaichuniteY|LightningRod|ZapCannon,FocusBlast,FakeOut,Protect|Timid||M|||50|]Toxapex||Leftovers|Regenerator|Infestation,Toxic,WideGuard,BanefulBunker|Impish||F|||50|]Mamoswine||LifeOrb|Oblivious|StompingTantrum,IceShard,RockSlide,Protect|Adamant||F|||50|]Sylveon||FairyFeather|Pixilate|HyperVoice,QuickAttack,Yawn,Detect|Modest||M|||50|]Corviknight||OccaBerry|MirrorArmor|IronHead,BraveBird,Tailwind,Protect|Adamant||F|||50|]Basculegion||FocusSash|Adaptability|LastRespects,Liquidation,AquaJet,Protect|Adamant||M|||50|
|
|t:|1784808952
|teamsize|p1|4
|teamsize|p2|4
|start
|switch|p1a: my way|Blaziken, L50, M, shiny|100/100
|switch|p1b: less|Dragonite, L50, F, shiny|100/100
|switch|p2a: Sylveon|Sylveon, L50, M|100/100
|switch|p2b: Corviknight|Corviknight, L50, F|100/100
|turn|1
|l|☆trevYAH
|player|p1|
|j|☆trevYAH
|player|p1|trevYAH|trevor|
|inactive|Battle timer is ON: inactive players will automatically lose when time's up. (requested by testdigi)
|
|t:|1784808996
|detailschange|p1a: my way|Blaziken-Mega, L50, M, shiny
|-mega|p1a: my way|Blaziken|Blazikenite
|move|p1b: less|Protect|p1b: less
|-singleturn|p1b: less|Protect
|move|p1a: my way|Flare Blitz|p2b: Corviknight
|-supereffective|p2b: Corviknight|1
|-enditem|p2b: Corviknight|Occa Berry|[eat]
|-enditem|p2b: Corviknight|Occa Berry|[weaken]
|-damage|p2b: Corviknight|29/100
|-damage|p1a: my way|69/100|[from] Recoil
|move|p2b: Corviknight|Tailwind|p2b: Corviknight
|-sidestart|p2: testdigi|move: Tailwind
|move|p2a: Sylveon|Yawn|p1a: my way
|-start|p1a: my way|move: Yawn|[of] p2a: Sylveon
|
|-ability|p1a: my way|Speed Boost|boost
|-boost|p1a: my way|spe|1
|upkeep
|turn|2
|
|t:|1784809017
|move|p2b: Corviknight|Protect|p2b: Corviknight
|-singleturn|p2b: Corviknight|Protect
|move|p1b: less|Extreme Speed|p2a: Sylveon
|-damage|p2a: Sylveon|69/100
|move|p1a: my way|Flare Blitz|p2a: Sylveon
|-damage|p2a: Sylveon|0 fnt
|faint|p2a: Sylveon
|-damage|p1a: my way|41/100|[from] Recoil
|
|-end|p1a: my way|move: Yawn|[silent]
|-status|p1a: my way|slp
|-ability|p1a: my way|Speed Boost|boost
|-boost|p1a: my way|spe|1
|upkeep
|
|t:|1784809029
|switch|p2a: Mamoswine|Mamoswine, L50, F|100/100
|turn|3
|
|t:|1784809042
|switch|p1b: Begged|Incineroar, L50, F, shiny|100/100
|-ability|p1b: Begged|Intimidate|boost
|-fail|p2a: Mamoswine|unboost|Attack|[from] ability: Oblivious|[of] p2a: Mamoswine
|-ability|p2b: Corviknight|Mirror Armor
|-unboost|p1b: Begged|atk|1
|cant|p1a: my way|slp
|move|p2a: Mamoswine|Rock Slide|p1b: Begged|[spread] p1a
|-miss|p2a: Mamoswine|p1b: Begged
|-damage|p1a: my way|0 fnt
|faint|p1a: my way
|-damage|p2a: Mamoswine|90/100|[from] item: Life Orb
|move|p2b: Corviknight|Brave Bird|p1b: Begged
|-damage|p1b: Begged|65/100
|-damage|p2b: Corviknight|18/100|[from] Recoil
|
|upkeep
|
|t:|1784809055
|switch|p1a: Drop Dead|Kingambit, L50, M, shiny|100/100
|turn|4
|
|t:|1784809068
|move|p2a: Mamoswine|Protect|p2a: Mamoswine
|-singleturn|p2a: Mamoswine|Protect
|move|p1b: Begged|Fake Out|p2a: Mamoswine
|-activate|p2a: Mamoswine|move: Protect
|move|p1a: Drop Dead|Sucker Punch||[still]
|-fail|p1a: Drop Dead
|move|p2b: Corviknight|Tailwind||[still]
|-fail|p2b: Corviknight
|
|-sideend|p2: testdigi|move: Tailwind
|upkeep
|turn|5
|
|t:|1784809082
|move|p1a: Drop Dead|Protect|p1a: Drop Dead
|-singleturn|p1a: Drop Dead|Protect
|move|p1b: Begged|Protect|p1b: Begged
|-singleturn|p1b: Begged|Protect
|move|p2a: Mamoswine|Stomping Tantrum|p1a: Drop Dead
|-activate|p1a: Drop Dead|move: Protect
|move|p2b: Corviknight|Tailwind|p2b: Corviknight
|-sidestart|p2: testdigi|move: Tailwind
|
|upkeep
|turn|6
|l|☆trevYAH
|inactive|trevYAH disconnected and has a minute to reconnect!
|player|p1|
|inactive|trevYAH has 30 seconds left.
|inactive|testdigi has 30 seconds left.
|j|☆trevYAH
|inactive|trevYAH reconnected and has 30 seconds left.
|player|p1|trevYAH|trevor|
|inactive|trevYAH has 20 seconds left.
|inactive|testdigi has 20 seconds left.
|inactive|trevYAH has 15 seconds left.
|inactive|testdigi has 15 seconds left.
|inactive|testdigi has 10 seconds left.
|
|t:|1784809127
|move|p2a: Mamoswine|Rock Slide|p1b: Begged|[spread] p1b
|-miss|p2a: Mamoswine|p1a: Drop Dead
|-supereffective|p1b: Begged|1
|-damage|p1b: Begged|26/100
|-enditem|p1b: Begged|Sitrus Berry|[eat]
|-heal|p1b: Begged|51/100|[from] item: Sitrus Berry
|-damage|p2a: Mamoswine|80/100|[from] item: Life Orb
|move|p2b: Corviknight|Iron Head|p1a: Drop Dead
|-resisted|p1a: Drop Dead|1
|-damage|p1a: Drop Dead|87/100
|move|p1a: Drop Dead|Iron Head|p2a: Mamoswine
|-supereffective|p2a: Mamoswine|1
|-damage|p2a: Mamoswine|0 fnt
|faint|p2a: Mamoswine
|-damage|p1a: Drop Dead|78/100|[from] item: Life Orb
|cant|p1b: Begged|flinch
|
|upkeep
|
|t:|1784809135
|switch|p2a: Raichu|Raichu, L50, M|100/100
|turn|7
|
|t:|1784809159
|detailschange|p2a: Raichu|Raichu-Mega-Y, L50, M
|-mega|p2a: Raichu|Raichu|Raichunite Y
|move|p2b: Corviknight|Protect|p2b: Corviknight
|-singleturn|p2b: Corviknight|Protect
|move|p1a: Drop Dead|Sucker Punch|p2a: Raichu
|-damage|p2a: Raichu|27/100
|-damage|p1a: Drop Dead|68/100|[from] item: Life Orb
|move|p2a: Raichu|Zap Cannon|p1a: Drop Dead
|-damage|p1a: Drop Dead|3/100
|-status|p1a: Drop Dead|par
|move|p1b: Begged|Flare Blitz|p2b: Corviknight
|-activate|p2b: Corviknight|move: Protect
|
|upkeep
|turn|8
|
|t:|1784809169
|cant|p1a: Drop Dead|par
|move|p2a: Raichu|Focus Blast|p1b: Begged
|-supereffective|p1b: Begged|1
|-damage|p1b: Begged|0 fnt
|faint|p1b: Begged
|move|p2b: Corviknight|Iron Head|p1a: Drop Dead
|-resisted|p1a: Drop Dead|1
|-damage|p1a: Drop Dead|0 fnt
|faint|p1a: Drop Dead
|
|-sideend|p2: testdigi|move: Tailwind
|upkeep
|
|t:|1784809173
|switch|p1b: less|Dragonite, L50, F, shiny|100/100
|turn|9
|
|t:|1784809188
|move|p2a: Raichu|Protect|p2a: Raichu
|-singleturn|p2a: Raichu|Protect
|move|p1b: less|Extreme Speed|p2a: Raichu
|-activate|p2a: Raichu|move: Protect
|move|p2b: Corviknight|Tailwind|p2b: Corviknight
|-sidestart|p2: testdigi|move: Tailwind
|
|upkeep
|turn|10
|
|t:|1784809199
|move|p1b: less|Extreme Speed|p2a: Raichu
|-damage|p2a: Raichu|0 fnt
|faint|p2a: Raichu
|move|p2b: Corviknight|Iron Head|p1b: less
|-damage|p1b: less|70/100
|
|upkeep
|turn|11
|
|t:|1784809205
|move|p2b: Corviknight|Iron Head|p1b: less
|-damage|p1b: less|41/100
|move|p1b: less|Low Kick|p2b: Corviknight
|-damage|p2b: Corviknight|0 fnt
|faint|p2b: Corviknight
|
|win|trevYAH
