|j|☆Spasio
|j|☆akahyden
|html|Spasioakahyden    
|uhtml|bestof|Game 2 of a best-of-3
|t:|1755445211
|gametype|doubles
|player|p1|Spasio|102|1422
|player|p2|akahyden|1|1289
|gen|9
|tier|[Gen 9] VGC 2025 Reg H (Bo3)
|rated|
|rule|Species Clause: Limit one of each Pokémon
|rule|Item Clause: Limit 1 of each item
|clearpoke
|poke|p1|Gholdengo, L50|
|poke|p1|Sneasler, L50, M|
|poke|p1|Rillaboom, L50, F|
|poke|p1|Dragonite, L50, M|
|poke|p1|Ninetales-Alola, L50, F|
|poke|p1|Arcanine-Hisui, L50, F|
|poke|p2|Incineroar, L50, F|
|poke|p2|Amoonguss, L50, M|
|poke|p2|Ursaluna-Bloodmoon, L50, M|
|poke|p2|Sneasler, L50, M|
|poke|p2|Gholdengo, L50|
|poke|p2|Dragonite, L50, F|
|teampreview|4
|showteam|p1|Gholdengo||GrassySeed|GoodasGold|NastyPlot,MakeItRain,ShadowBall,Protect||||||50|,,,,,Water]Sneasler||WhiteHerb|Unburden|CloseCombat,DireClaw,Coaching,Protect|||M|||50|,,,,,Ghost]Rillaboom||AssaultVest|GrassySurge|FakeOut,GrassyGlide,DrumBeating,HighHorsepower|||F|||50|,,,,,Fire]Dragonite||LoadedDice|Multiscale|ScaleShot,StompingTantrum,Tailwind,Protect|||M|||50|,,,,,Ground]Ninetales-Alola||FocusSash|SnowWarning|Blizzard,IcyWind,Encore,AuroraVeil|||F|||50|,,,,,Ghost]Arcanine-Hisui||ClearAmulet|Intimidate|RockSlide,FlareBlitz,ExtremeSpeed,Protect|||F|||50|,,,,,Water
|showteam|p2|Incineroar||SafetyGoggles|Intimidate|FlareBlitz,KnockOff,PartingShot,FakeOut|||F|||50|,,,,,Ghost]Amoonguss||SitrusBerry|Regenerator|Spore,RagePowder,PollenPuff,Protect|||M|||50|,,,,,Psychic]Ursaluna-Bloodmoon||AssaultVest|MindsEye|HyperVoice,BloodMoon,EarthPower,VacuumWave|||M|||50|,,,,,Water]Sneasler||FocusSash|Unburden|CloseCombat,DireClaw,ThroatChop,Protect|||M|||50|,,,,,Stellar]Gholdengo||LifeOrb|GoodasGold|MakeItRain,ShadowBall,NastyPlot,Protect||||||50|,,,,,Water]Dragonite||LoadedDice|Multiscale|ScaleShot,Tailwind,Haze,Protect|||F|||50|,,,,,Fairy
|inactive|Battle timer is ON: inactive players will automatically lose when time's up. (requested by Spasio)
|
|t:|1755445222
|teamsize|p1|4
|teamsize|p2|4
|start
|switch|p1a: Gholdengo|Gholdengo, L50|100/100
|switch|p1b: Rillaboom|Rillaboom, L50, F|100/100
|switch|p2a: Dragonite|Dragonite, L50, F|100/100
|switch|p2b: Gholdengo|Gholdengo, L50|100/100
|-fieldstart|move: Grassy Terrain|[from] ability: Grassy Surge|[of] p1b: Rillaboom
|-enditem|p1a: Gholdengo|Grassy Seed
|-boost|p1a: Gholdengo|def|1|[from] item: Grassy Seed
|turn|1
|inactive|akahyden has 30 seconds left.
|
|t:|1755445250
|move|p1b: Rillaboom|Fake Out|p2a: Dragonite
|-damage|p2a: Dragonite|94/100
|move|p2b: Gholdengo|Nasty Plot|p2b: Gholdengo
|-boost|p2b: Gholdengo|spa|2
|move|p1a: Gholdengo|Nasty Plot|p1a: Gholdengo
|-boost|p1a: Gholdengo|spa|2
|cant|p2a: Dragonite|flinch
|
|upkeep
|turn|2
|inactive|akahyden has 30 seconds left.
|
|t:|1755445287
|-terastallize|p1a: Gholdengo|Water
|move|p2b: Gholdengo|Protect|p2b: Gholdengo
|-singleturn|p2b: Gholdengo|Protect
|move|p1b: Rillaboom|Drum Beating|p2a: Dragonite
|-resisted|p2a: Dragonite
|-damage|p2a: Dragonite|80/100
|-unboost|p2a: Dragonite|spe|1
|move|p1a: Gholdengo|Shadow Ball|p2a: Dragonite
|-damage|p2a: Dragonite|2/100
|move|p2a: Dragonite|Tailwind|p2a: Dragonite
|-sidestart|p2: akahyden|move: Tailwind
|
|upkeep
|turn|3
|
|t:|1755445306
|-terastallize|p2b: Gholdengo|Water
|move|p1a: Gholdengo|Protect|p1a: Gholdengo
|-singleturn|p1a: Gholdengo|Protect
|move|p1b: Rillaboom|Grassy Glide|p2a: Dragonite
|-resisted|p2a: Dragonite
|-damage|p2a: Dragonite|0 fnt
|faint|p2a: Dragonite
|move|p2b: Gholdengo|Make It Rain|p1b: Rillaboom|[spread] p1b
|-activate|p1a: Gholdengo|move: Protect
|-damage|p1b: Rillaboom|0 fnt
|-unboost|p2b: Gholdengo|spa|1
|faint|p1b: Rillaboom
|-damage|p2b: Gholdengo|91/100|[from] item: Life Orb
|
|-heal|p2b: Gholdengo|97/100|[from] Grassy Terrain
|upkeep
|
|t:|1755445321
|switch|p1b: Ninetales|Ninetales-Alola, L50, F|100/100
|switch|p2a: Incineroar|Incineroar, L50, F|100/100
|-weather|Snowscape|[from] ability: Snow Warning|[of] p1b: Ninetales
|-ability|p2a: Incineroar|Intimidate|boost
|-unboost|p1a: Gholdengo|atk|1
|-unboost|p1b: Ninetales|atk|1
|turn|4
|
|t:|1755445344
|move|p2a: Incineroar|Fake Out|p1a: Gholdengo
|-damage|p1a: Gholdengo|93/100
|move|p2b: Gholdengo|Make It Rain|p1b: Ninetales|[spread] p1a,p1b
|-resisted|p1a: Gholdengo
|-supereffective|p1b: Ninetales
|-damage|p1a: Gholdengo|50/100
|-enditem|p1b: Ninetales|Focus Sash
|-damage|p1b: Ninetales|1/100
|-unboost|p2b: Gholdengo|spa|1
|-damage|p2b: Gholdengo|88/100|[from] item: Life Orb
|move|p1b: Ninetales|Aurora Veil|p1b: Ninetales
|-sidestart|p1: Spasio|move: Aurora Veil
|cant|p1a: Gholdengo|flinch
|
|-weather|Snowscape|[upkeep]
|-heal|p2b: Gholdengo|94/100|[from] Grassy Terrain
|-heal|p1b: Ninetales|7/100|[from] Grassy Terrain
|-heal|p1a: Gholdengo|57/100|[from] Grassy Terrain
|upkeep
|turn|5
|inactive|akahyden has 30 seconds left.
|inactive|akahyden has 20 seconds left.
|inactive|akahyden has 15 seconds left.
|inactive|akahyden has 10 seconds left.
|j| BarrigaTheBold
|
|t:|1755445395
|move|p1a: Gholdengo|Protect|p1a: Gholdengo
|-singleturn|p1a: Gholdengo|Protect
|move|p2b: Gholdengo|Make It Rain|p1b: Ninetales|[spread] p1b
|-activate|p1a: Gholdengo|move: Protect
|-supereffective|p1b: Ninetales
|-damage|p1b: Ninetales|0 fnt
|-unboost|p2b: Gholdengo|spa|1
|faint|p1b: Ninetales
|-damage|p2b: Gholdengo|84/100|[from] item: Life Orb
|move|p2a: Incineroar|Knock Off|p1a: Gholdengo
|-activate|p1a: Gholdengo|move: Protect
|
|-weather|Snowscape|[upkeep]
|-heal|p2b: Gholdengo|90/100|[from] Grassy Terrain
|-heal|p1a: Gholdengo|63/100|[from] Grassy Terrain
|-sideend|p2: akahyden|move: Tailwind
|-fieldend|move: Grassy Terrain
|upkeep
|
|t:|1755445411
|switch|p1b: Arcanine|Arcanine-Hisui, L50, F|100/100
|-ability|p1b: Arcanine|Intimidate|boost
|-unboost|p2a: Incineroar|atk|1
|-unboost|p2b: Gholdengo|atk|1
|turn|6
|inactive|akahyden has 30 seconds left.
|
|t:|1755445445
|move|p1b: Arcanine|Rock Slide|p2b: Gholdengo|[spread] p2a,p2b
|-supereffective|p2a: Incineroar
|-damage|p2a: Incineroar|55/100
|-damage|p2b: Gholdengo|63/100
|move|p2b: Gholdengo|Nasty Plot|p2b: Gholdengo
|-boost|p2b: Gholdengo|spa|2
|move|p1a: Gholdengo|Shadow Ball|p2b: Gholdengo
|-damage|p2b: Gholdengo|0 fnt
|faint|p2b: Gholdengo
|move|p2a: Incineroar|Knock Off|p1b: Arcanine
|-damage|p1b: Arcanine|78/100
|-enditem|p1b: Arcanine|Clear Amulet|[from] move: Knock Off|[of] p2a: Incineroar
|
|-weather|Snowscape|[upkeep]
|upkeep
|
|t:|1755445455
|switch|p2b: Sneasler|Sneasler, L50, M|100/100
|turn|7
|
|t:|1755445463
|move|p1b: Arcanine|Extreme Speed|p2b: Sneasler
|-damage|p2b: Sneasler|56/100
|move|p2b: Sneasler|Close Combat|p1b: Arcanine
|-supereffective|p1b: Arcanine
|-damage|p1b: Arcanine|0 fnt
|-unboost|p2b: Sneasler|def|1
|-unboost|p2b: Sneasler|spd|1
|faint|p1b: Arcanine
|move|p1a: Gholdengo|Make It Rain|p2a: Incineroar|[spread] p2a,p2b
|-resisted|p2a: Incineroar
|-damage|p2a: Incineroar|19/100
|-damage|p2b: Sneasler|0 fnt
|-unboost|p1a: Gholdengo|spa|1
|faint|p2b: Sneasler
|move|p2a: Incineroar|Knock Off|p1a: Gholdengo
|-damage|p1a: Gholdengo|55/100
|
|-weather|Snowscape|[upkeep]
|upkeep
|turn|8
|-message|akahyden forfeited.
|
|win|Spasio
|raw|Spasio's rating: 1411 → 1424(+13 for winning)
|raw|akahyden's rating: 1289 → 1272(-17 for losing)
|l|☆akahyden
|player|p2|
|l|☆Spasio
|player|p1|
|j|☆akahyden
|player|p2|akahyden|1|
