|j|☆2cmdemaximopoder
|j|☆4wobu
|html|2cmdemaximopoder4wobu    
|uhtml|bestof|Game 1 of a best-of-3
|t:|1783584160
|gametype|doubles
|player|p1|2cmdemaximopoder|265|1108
|player|p2|4wobu|2|1000
|gen|9
|tier|[Gen 9 Champions] VGC 2026 Reg M-B (Bo3)
|rated|
|rule|Species Clause: Limit one of each Pokémon
|rule|Item Clause: Limit 1 of each item
|clearpoke
|poke|p1|Blastoise, L50, F|
|poke|p1|Delphox, L50, M|
|poke|p1|Incineroar, L50, M|
|poke|p1|Sneasler, L50, M|
|poke|p1|Sinistcha, L50|
|poke|p1|Maushold-Four, L50|
|poke|p2|Decidueye-Hisui, L50, M|
|poke|p2|Arcanine-Hisui, L50, F|
|poke|p2|Charizard, L50, M|
|poke|p2|Venusaur, L50, M|
|poke|p2|Dragapult, L50, F|
|poke|p2|Kingambit, L50, F|
|teampreview|4
|showteam|p1|Blastoise||Blastoisinite|RainDish|WaterSpout,DarkPulse,ShellSmash,Protect|Modest||F|||50|]Delphox||Delphoxite|Blaze|HeatWave,Psyshock,NastyPlot,Protect|Timid||M|||50|]Incineroar||SitrusBerry|Intimidate|FakeOut,FlareBlitz,ThroatChop,PartingShot|Impish||M|||50|]Sneasler||FocusSash|PoisonTouch|FakeOut,CloseCombat,DireClaw,QuickGuard|Jolly||M|||50|]Sinistcha||KasibBerry|Hospitality|MatchaGotcha,LifeDew,RagePowder,Protect|Bold|||||50|]Maushold-Four||ChopleBerry|FriendGuard|SuperFang,Feint,FollowMe,Protect|Impish|||||50|
|showteam|p2|Decidueye-Hisui||ScopeLens|Scrappy|TripleArrows,LeafBlade,Protect,Tailwind|Careful||M|||50|]Arcanine-Hisui||LifeOrb|RockHead|FlareBlitz,HeadSmash,ExtremeSpeed,Protect|Jolly||F|||50|]Charizard||CharizarditeY|Blaze|HeatWave,Protect,WeatherBall,ScorchingSands|Timid||M|||50|]Venusaur||SitrusBerry|Chlorophyll|SleepPowder,SolarBeam,SludgeBomb,EarthPower|Timid||M|||50|]Dragapult||DragonFang|ClearBody|WillOWisp,DragonDarts,PsychicFangs,PhantomForce|Jolly||F|||50|]Kingambit||BlackGlasses|Defiant|SuckerPunch,KowtowCleave,IronHead,Protect|Adamant||F|||50|
|inactive|Battle timer is ON: inactive players will automatically lose when time's up. (requested by 2cmdemaximopoder)
|
|t:|1783584224
|teamsize|p1|4
|teamsize|p2|4
|start
|switch|p1a: Blastoise|Blastoise, L50, F|100/100
|switch|p1b: Maushold|Maushold-Four, L50|100/100
|switch|p2a: Decidueye|Decidueye-Hisui, L50, M|100/100
|switch|p2b: Charizard|Charizard, L50, M|100/100
|turn|1
|
|t:|1783584241
|detailschange|p2b: Charizard|Charizard-Mega-Y, L50, M
|-mega|p2b: Charizard|Charizard|Charizardite Y
|-weather|SunnyDay|[from] ability: Drought|[of] p2b: Charizard
|detailschange|p1a: Blastoise|Blastoise-Mega, L50, F
|-mega|p1a: Blastoise|Blastoise|Blastoisinite
|move|p2b: Charizard|Protect|p2b: Charizard
|-singleturn|p2b: Charizard|Protect
|move|p1b: Maushold|Follow Me|p1b: Maushold
|-singleturn|p1b: Maushold|move: Follow Me
|move|p1a: Blastoise|Shell Smash|p1a: Blastoise
|-unboost|p1a: Blastoise|def|1
|-unboost|p1a: Blastoise|spd|1
|-boost|p1a: Blastoise|atk|2
|-boost|p1a: Blastoise|spa|2
|-boost|p1a: Blastoise|spe|2
|move|p2a: Decidueye|Triple Arrows|p1b: Maushold
|-supereffective|p1b: Maushold|1
|-crit|p1b: Maushold
|-enditem|p1b: Maushold|Chople Berry|[eat]
|-enditem|p1b: Maushold|Chople Berry|[weaken]
|-damage|p1b: Maushold|48/100
|-unboost|p1b: Maushold|def|1
|
|-weather|SunnyDay|[upkeep]
|upkeep
|turn|2
|inactive|4wobu has 30 seconds left.
|
|t:|1783584267
|move|p1b: Maushold|Follow Me|p1b: Maushold
|-singleturn|p1b: Maushold|move: Follow Me
|move|p1a: Blastoise|Water Spout|p2b: Charizard|[spread] p2a,p2b
|-resisted|p2a: Decidueye|1
|-supereffective|p2b: Charizard|1
|-damage|p2a: Decidueye|79/100
|-damage|p2b: Charizard|0 fnt
|faint|p2b: Charizard
|move|p2a: Decidueye|Triple Arrows|p1b: Maushold
|-supereffective|p1b: Maushold|1
|-crit|p1b: Maushold
|-damage|p1b: Maushold|0 fnt
|faint|p1b: Maushold
|
|-weather|SunnyDay|[upkeep]
|upkeep
|
|t:|1783584286
|switch|p2b: Dragapult|Dragapult, L50, F|100/100
|switch|p1b: Sinistcha|Sinistcha, L50|100/100
|turn|3
|
|t:|1783584294
|move|p1b: Sinistcha|Rage Powder|p1b: Sinistcha
|-singleturn|p1b: Sinistcha|move: Rage Powder
|move|p1a: Blastoise|Dark Pulse|p2b: Dragapult
|-supereffective|p2b: Dragapult|1
|-damage|p2b: Dragapult|0 fnt
|faint|p2b: Dragapult
|move|p2a: Decidueye|Tailwind|p2a: Decidueye
|-sidestart|p2: 4wobu|move: Tailwind
|
|-weather|SunnyDay|[upkeep]
|upkeep
|
|t:|1783584301
|switch|p2b: Arcanine|Arcanine-Hisui, L50, F|100/100
|turn|4
|
|t:|1783584312
|move|p1b: Sinistcha|Rage Powder|p1b: Sinistcha
|-singleturn|p1b: Sinistcha|move: Rage Powder
|move|p2b: Arcanine|Flare Blitz|p1b: Sinistcha
|-supereffective|p1b: Sinistcha|1
|-damage|p1b: Sinistcha|0 fnt
|faint|p1b: Sinistcha
|-damage|p2b: Arcanine|90/100|[from] item: Life Orb
|move|p1a: Blastoise|Water Spout|p2b: Arcanine|[spread] p2a,p2b
|-resisted|p2a: Decidueye|1
|-supereffective|p2b: Arcanine|2
|-damage|p2a: Decidueye|56/100
|-damage|p2b: Arcanine|0 fnt
|faint|p2b: Arcanine
|move|p2a: Decidueye|Leaf Blade|p1a: Blastoise
|-supereffective|p1a: Blastoise|1
|-damage|p1a: Blastoise|3/100
|
|-weather|SunnyDay|[upkeep]
|upkeep
|
|t:|1783584320
|switch|p1b: Sneasler|Sneasler, L50, M|100/100
|turn|5
|
|t:|1783584328
|move|p2a: Decidueye|Protect|p2a: Decidueye
|-singleturn|p2a: Decidueye|Protect
|move|p1b: Sneasler|Fake Out|p2a: Decidueye
|-activate|p2a: Decidueye|move: Protect
|move|p1a: Blastoise|Shell Smash|p1a: Blastoise
|-unboost|p1a: Blastoise|def|1
|-unboost|p1a: Blastoise|spd|1
|-boost|p1a: Blastoise|atk|2
|-boost|p1a: Blastoise|spa|2
|-boost|p1a: Blastoise|spe|2
|
|-weather|none
|upkeep
|turn|6
|
|t:|1783584336
|move|p1a: Blastoise|Dark Pulse|p2a: Decidueye
|-resisted|p2a: Decidueye|1
|-damage|p2a: Decidueye|8/100
|move|p1b: Sneasler|Dire Claw|p2a: Decidueye
|-supereffective|p2a: Decidueye|1
|-damage|p2a: Decidueye|0 fnt
|faint|p2a: Decidueye
|
|win|2cmdemaximopoder
