|j|☆JigglypuffVGC
|j|☆DriveMusic
|html|JigglypuffVGCDriveMusic    
|uhtml|bestof|Game 2 of a best-of-3
|t:|1782367690
|gametype|doubles
|player|p1|JigglypuffVGC|1|1079
|player|p2|DriveMusic|veteranf|1000
|gen|9
|tier|[Gen 9 Champions] VGC 2026 Reg M-B (Bo3)
|rated|
|rule|Species Clause: Limit one of each Pokémon
|rule|Item Clause: Limit 1 of each item
|clearpoke
|poke|p1|Pyroar, L50, M|
|poke|p1|Ninetales, L50, F|
|poke|p1|Whimsicott, L50, F|
|poke|p1|Basculegion, L50, M|
|poke|p1|Floette-Eternal, L50, F|
|poke|p1|Farigiraf, L50, F|
|poke|p2|Dragalge, L50, M|
|poke|p2|Toxapex, L50, M|
|poke|p2|Slowking-Galar, L50, M|
|poke|p2|Samurott-Hisui, L50, M|
|poke|p2|Rhyperior, L50, F|
|poke|p2|Glimmora, L50, F|
|teampreview|4
|showteam|p1|Pyroar||Pyroarite|Unnerve|SolarBeam,HeatWave,Overheat,Protect|Timid||M|||50|]Ninetales||ChoiceScarf|Drought|SolarBeam,FakeTears,HeatWave,Overheat|Modest||F|||50|]Whimsicott||FocusSash|Prankster|Moonblast,Protect,SunnyDay,Tailwind|Timid||F|||50|]Basculegion||LifeOrb|Adaptability|LastRespects,WaveCrash,AquaJet,Protect|Adamant||M|||50|]Floette-Eternal||Floettite|FlowerVeil|LightofRuin,Moonblast,DazzlingGleam,Protect|Modest||F|||50|]Farigiraf||SitrusBerry|ArmorTail|HelpingHand,TrickRoom,Thunderbolt,TwinBeam|Bold||F|||50|
|showteam|p2|Dragalge||Dragalgite|Adaptability|Protect,FlipTurn,DracoMeteor,SludgeBomb|Calm||M|||50|]Toxapex||Leftovers|Regenerator|BanefulBunker,Toxic,Infestation,Recover|Bold||M|||50|]Slowking-Galar||SitrusBerry|Regenerator|Protect,ChillyReception,Psychic,SludgeBomb|Calm||M|||50|]Samurott-Hisui||ChoiceScarf|Sharpness|SacredSword,CeaselessEdge,AquaCutter,FlipTurn|Jolly||M|||50|]Rhyperior||PasshoBerry|LightningRod|Protect,HighHorsepower,RockSlide,BodyPress|Impish||F|||50|]Glimmora||FocusSash|ToxicDebris|SpikyShield,StealthRock,PowerGem,SludgeBomb|Timid||F|||50|
|inactive|Battle timer is ON: inactive players will automatically lose when time's up. (requested by DriveMusic)
|
|t:|1782367711
|teamsize|p1|4
|teamsize|p2|4
|start
|switch|p1a: Pyroar|Pyroar, L50, M|100/100
|switch|p1b: Ninetales|Ninetales, L50, F|100/100
|switch|p2a: Glimmora|Glimmora, L50, F|100/100
|switch|p2b: Slowking|Slowking-Galar, L50, M|100/100
|-ability|p1a: Pyroar|Unnerve
|-weather|SunnyDay|[from] ability: Drought|[of] p1b: Ninetales
|turn|1
|
|t:|1782367735
|detailschange|p1a: Pyroar|Pyroar-Mega, L50, M
|-mega|p1a: Pyroar|Pyroar|Pyroarite
|move|p1b: Ninetales|Heat Wave|p2a: Glimmora|[spread] p2a
|-miss|p1b: Ninetales|p2b: Slowking
|-resisted|p2a: Glimmora|1
|-damage|p2a: Glimmora|72/100
|move|p1a: Pyroar|Solar Beam||[still]
|-prepare|p1a: Pyroar|Solar Beam
|-anim|p1a: Pyroar|Solar Beam|p2a: Glimmora
|-damage|p2a: Glimmora|20/100y
|move|p2a: Glimmora|Power Gem|p1a: Pyroar
|-supereffective|p1a: Pyroar|1
|-damage|p1a: Pyroar|0 fnt
|faint|p1a: Pyroar
|-prepare|p2b: Slowking|Chilly Reception|[premajor]
|move|p2b: Slowking|Chilly Reception|p2b: Slowking
|-weather|Snowscape
|
|t:|1782367752
|switch|p2b: Toxapex|Toxapex, L50, M|100/100|[from] Chilly Reception
|
|-weather|Snowscape|[upkeep]
|upkeep
|
|t:|1782367756
|switch|p1a: Whimsicott|Whimsicott, L50, F|100/100
|turn|2
|
|t:|1782367762
|move|p1a: Whimsicott|Sunny Day|p1a: Whimsicott
|-weather|SunnyDay
|move|p1b: Ninetales|Heat Wave|p2a: Glimmora|[spread] p2b
|-miss|p1b: Ninetales|p2a: Glimmora
|-resisted|p2b: Toxapex|1
|-damage|p2b: Toxapex|82/100
|move|p2a: Glimmora|Sludge Bomb|p1a: Whimsicott
|-supereffective|p1a: Whimsicott|2
|-enditem|p1a: Whimsicott|Focus Sash
|-damage|p1a: Whimsicott|1/100
|-status|p1a: Whimsicott|psn
|move|p2b: Toxapex|Toxic|p1b: Ninetales
|-status|p1b: Ninetales|tox
|
|-weather|SunnyDay|[upkeep]
|-heal|p2b: Toxapex|87/100|[from] item: Leftovers
|-damage|p1b: Ninetales|93/100 tox|[from] psn
|-damage|p1a: Whimsicott|0 fnt|[from] psn
|faint|p1a: Whimsicott
|upkeep
|
|t:|1782367772
|switch|p1a: Basculegion|Basculegion, L50, M|100/100
|turn|3
|
|t:|1782367794
|move|p2a: Glimmora|Spiky Shield|p2a: Glimmora
|-singleturn|p2a: Glimmora|move: Protect
|move|p1a: Basculegion|Protect|p1a: Basculegion
|-singleturn|p1a: Basculegion|Protect
|move|p2b: Toxapex|Baneful Bunker|p2b: Toxapex
|-singleturn|p2b: Toxapex|move: Protect
|move|p1b: Ninetales|Heat Wave|p2a: Glimmora|[spread] 
|-activate|p2a: Glimmora|move: Protect
|-activate|p2b: Toxapex|move: Protect
|
|-weather|SunnyDay|[upkeep]
|-heal|p2b: Toxapex|93/100|[from] item: Leftovers
|-damage|p1b: Ninetales|81/100 tox|[from] psn
|upkeep
|turn|4
|
|t:|1782367815
|move|p1b: Ninetales|Heat Wave|p2a: Glimmora|[spread] p2a
|-miss|p1b: Ninetales|p2b: Toxapex
|-resisted|p2a: Glimmora|1
|-damage|p2a: Glimmora|0 fnt
|faint|p2a: Glimmora
|move|p1a: Basculegion|Last Respects|p2b: Toxapex
|-damage|p2b: Toxapex|10/100
|-damage|p1a: Basculegion|90/100|[from] item: Life Orb
|move|p2b: Toxapex|Toxic|p1a: Basculegion
|-status|p1a: Basculegion|tox
|
|-weather|SunnyDay|[upkeep]
|-heal|p2b: Toxapex|16/100|[from] item: Leftovers
|-damage|p1b: Ninetales|63/100 tox|[from] psn
|-damage|p1a: Basculegion|84/100 tox|[from] psn
|upkeep
|
|t:|1782367823
|switch|p2a: Dragalge|Dragalge, L50, M|100/100
|turn|5
|
|t:|1782367828
|detailschange|p2a: Dragalge|Dragalge-Mega, L50, M
|-mega|p2a: Dragalge|Dragalge|Dragalgite
|move|p1b: Ninetales|Heat Wave|p2b: Toxapex|[spread] p2a,p2b
|-resisted|p2a: Dragalge|1
|-resisted|p2b: Toxapex|1
|-damage|p2a: Dragalge|87/100
|-damage|p2b: Toxapex|0 fnt
|faint|p2b: Toxapex
|move|p1a: Basculegion|Last Respects|p2a: Dragalge
|-damage|p2a: Dragalge|0 fnt
|faint|p2a: Dragalge
|-damage|p1a: Basculegion|74/100 tox|[from] item: Life Orb
|
|-weather|SunnyDay|[upkeep]
|-damage|p1b: Ninetales|39/100 tox|[from] psn
|-damage|p1a: Basculegion|63/100 tox|[from] psn
|upkeep
|
|t:|1782367834
|switch|p2b: Slowking|Slowking-Galar, L50, M|100/100
|turn|6
|
|t:|1782367839
|move|p1b: Ninetales|Heat Wave|p2b: Slowking
|-crit|p2b: Slowking
|-damage|p2b: Slowking|36/100
|-enditem|p2b: Slowking|Sitrus Berry|[eat]
|-heal|p2b: Slowking|60/100|[from] item: Sitrus Berry
|move|p1a: Basculegion|Last Respects|p2b: Slowking
|-supereffective|p2b: Slowking|1
|-damage|p2b: Slowking|0 fnt
|faint|p2b: Slowking
|-damage|p1a: Basculegion|53/100 tox|[from] item: Life Orb
|
|win|JigglypuffVGC
|raw|JigglypuffVGC's rating: 1079 → 1101(+22 for winning)
|raw|DriveMusic's rating: 1000 → 1000(+0 for losing)
|l|☆DriveMusic
|player|p2|
