|j|☆crescentsoul
|j|☆Chochito Pelao
|html|crescentsoulChochito Pelao    
|uhtml|bestof|Game 3 of a best-of-3
|t:|1785058354
|gametype|doubles
|player|p1|crescentsoul|steven|1196
|player|p2|Chochito Pelao|striker|1251
|gen|9
|tier|[Gen 9 Champions] VGC 2026 Reg M-B (Bo3)
|rated|
|rule|Species Clause: Limit one of each Pokémon
|rule|Item Clause: Limit 1 of each item
|clearpoke
|poke|p1|Glimmora, L50, F|
|poke|p1|Ninetales-Alola, L50, F|
|poke|p1|Talonflame, L50, F|
|poke|p1|Basculegion, L50, M|
|poke|p1|Kommo-o, L50, M|
|poke|p1|Kingambit, L50, M|
|poke|p2|Incineroar, L50, F|
|poke|p2|Sinistcha-Masterpiece, L50, shiny|
|poke|p2|Floette-Eternal, L50, F|
|poke|p2|Kingambit, L50, F|
|poke|p2|Sneasler, L50, F|
|poke|p2|Delphox, L50, F, shiny|
|teampreview|4
|showteam|p1|Glimmora||Glimmoranite|ToxicDebris|PowerGem,SludgeBomb,EarthPower,SpikyShield|Modest||F|||50|]Ninetales-Alola||NeverMeltIce|SnowWarning|Blizzard,FreezeDry,AuroraVeil,Protect|Timid||F|||50|]Talonflame||SharpBeak|GaleWings|DualWingbeat,FlareBlitz,Tailwind,QuickGuard|Jolly||F|||50|]Basculegion||ChoiceScarf|Adaptability|WaveCrash,AquaJet,FlipTurn,LastRespects|Jolly||M|||50|]Kommo-o||LifeOrb|Soundproof|ClangingScales,DracoMeteor,AuraSphere,Protect|Modest||M|||50|]Kingambit||FocusSash|Defiant|SuckerPunch,KowtowCleave,IronHead,LowKick|Adamant||M|||50|
|showteam|p2|Incineroar||SitrusBerry|Intimidate|FakeOut,PartingShot,ThroatChop,FlareBlitz|Careful||F|||50|]Sinistcha-Masterpiece||ColburBerry|Hospitality|MatchaGotcha,LifeDew,RagePowder,TrickRoom|Bold|||||50|]Floette-Eternal||Floettite|FlowerVeil|Moonblast,DazzlingGleam,CalmMind,Protect|Modest||F|||50|]Kingambit||BlackGlasses|Defiant|KowtowCleave,SuckerPunch,SwordsDance,Protect|Adamant||F|||50|]Sneasler||FocusSash|PoisonTouch|FakeOut,CloseCombat,DireClaw,QuickGuard|Jolly||F|||50|]Delphox||Delphoxite|Blaze|HeatWave,Psyshock,NastyPlot,Protect|Timid||F|||50|
|
|t:|1785058393
|teamsize|p1|4
|teamsize|p2|4
|start
|switch|p1a: Talonflame|Talonflame, L50, F|100/100
|switch|p1b: Glimmora|Glimmora, L50, F|100/100
|switch|p2a: Sneasler|Sneasler, L50, F|100/100
|switch|p2b: Floette|Floette-Eternal, L50, F|100/100
|turn|1
|
|t:|1785058420
|switch|p2b: Kingambit|Kingambit, L50, F|100/100
|move|p1b: Glimmora|Spiky Shield|p1b: Glimmora
|-singleturn|p1b: Glimmora|move: Protect
|move|p2a: Sneasler|Fake Out|p1a: Talonflame
|-damage|p1a: Talonflame|79/100
|cant|p1a: Talonflame|flinch
|
|upkeep
|turn|2
|
|t:|1785058494
|switch|p2a: Floette|Floette-Eternal, L50, F|100/100
|switch|p1b: Kingambit|Kingambit, L50, M|100/100
|move|p2b: Kingambit|Sucker Punch|p1a: Talonflame
|-damage|p1a: Talonflame|5/100
|move|p1a: Talonflame|Dual Wingbeat|p2a: Floette
|-damage|p2a: Floette|81/100
|-damage|p2a: Floette|61/100
|-hitcount|p2a: Floette|2
|
|upkeep
|turn|3
|
|t:|1785058512
|switch|p2b: Sinistcha|Sinistcha-Masterpiece, L50, shiny|100/100
|-heal|p2a: Floette|86/100|[from] ability: Hospitality|[of] p2b: Sinistcha
|detailschange|p2a: Floette|Floette-Mega, L50, F
|-mega|p2a: Floette|Floette|Floettite
|-ability|p2a: Floette|Fairy Aura
|move|p1a: Talonflame|Tailwind|p1a: Talonflame
|-sidestart|p1: crescentsoul|move: Tailwind
|move|p1b: Kingambit|Iron Head|p2a: Floette
|-supereffective|p2a: Floette|1
|-damage|p2a: Floette|0 fnt
|faint|p2a: Floette
|
|upkeep
|
|t:|1785058531
|switch|p2a: Sneasler|Sneasler, L50, F|100/100
|turn|4
|
|t:|1785058561
|move|p1a: Talonflame|Dual Wingbeat|p2a: Sneasler
|-supereffective|p2a: Sneasler|1
|-damage|p2a: Sneasler|31/100
|-supereffective|p2a: Sneasler|1
|-damage|p2a: Sneasler|0 fnt
|faint|p2a: Sneasler
|-hitcount|p2: Sneasler|2
|move|p1b: Kingambit|Kowtow Cleave|p2b: Sinistcha
|-supereffective|p2b: Sinistcha|1
|-enditem|p2b: Sinistcha|Colbur Berry|[eat]
|-enditem|p2b: Sinistcha|Colbur Berry|[weaken]
|-damage|p2b: Sinistcha|58/100
|move|p2b: Sinistcha|Trick Room|p2b: Sinistcha
|-fieldstart|move: Trick Room|[of] p2b: Sinistcha
|
|upkeep
|
|t:|1785058564
|switch|p2a: Kingambit|Kingambit, L50, F|100/100
|turn|5
|
|t:|1785058573
|move|p2a: Kingambit|Kowtow Cleave|p1b: Kingambit
|-resisted|p1b: Kingambit|1
|-damage|p1b: Kingambit|71/100
|move|p2b: Sinistcha|Matcha Gotcha|p1b: Kingambit|[spread] p1a,p1b
|-resisted|p1a: Talonflame|2
|-resisted|p1b: Kingambit|1
|-damage|p1a: Talonflame|0 fnt
|-heal|p2b: Sinistcha|61/100|[from] drain|[of] p1a: Talonflame
|-damage|p1b: Kingambit|58/100
|-heal|p2b: Sinistcha|68/100|[from] drain|[of] p1b: Kingambit
|faint|p1a: Talonflame
|move|p1b: Kingambit|Low Kick|p2a: Kingambit
|-supereffective|p2a: Kingambit|2
|-damage|p2a: Kingambit|0 fnt
|faint|p2a: Kingambit
|
|upkeep
|
|t:|1785058578
|switch|p1a: Basculegion|Basculegion, L50, M|100/100
|turn|6
|
|t:|1785058583
|move|p2b: Sinistcha|Matcha Gotcha|p1b: Kingambit|[spread] p1b
|-miss|p2b: Sinistcha|p1a: Basculegion
|-resisted|p1b: Kingambit|1
|-damage|p1b: Kingambit|44/100
|-heal|p2b: Sinistcha|75/100|[from] drain|[of] p1b: Kingambit
|move|p1b: Kingambit|Kowtow Cleave|p2b: Sinistcha
|-supereffective|p2b: Sinistcha|1
|-damage|p2b: Sinistcha|0 fnt
|faint|p2b: Sinistcha
|
|win|crescentsoul
