|j|☆vglabmty
|j|☆fergalhopper
|html|vglabmtyfergalhopper    
|uhtml|bestof|Game 1 of a best-of-3
|t:|1784757032
|gametype|doubles
|player|p1|vglabmty|101|1120
|player|p2|fergalhopper|1|1043
|gen|9
|tier|[Gen 9 Champions] VGC 2026 Reg M-B (Bo3)
|rated|
|rule|Species Clause: Limit one of each Pokémon
|rule|Item Clause: Limit 1 of each item
|clearpoke
|poke|p1|Clefable, L50, M|
|poke|p1|Farigiraf, L50, F|
|poke|p1|Tyranitar, L50, M|
|poke|p1|Houndstone, L50, F|
|poke|p1|Sneasler, L50, M|
|poke|p1|Aurorus, L50, M|
|poke|p2|Blaziken, L50, M|
|poke|p2|Whimsicott, L50, F|
|poke|p2|Maushold-Four, L50|
|poke|p2|Gholdengo, L50|
|poke|p2|Tsareena, L50, F|
|poke|p2|Annihilape, L50, M|
|teampreview|4
|showteam|p1|Clefable||Leftovers|MagicGuard|Protect,FollowMe,LifeDew,DazzlingGleam|Calm||M|||50|]Farigiraf||SitrusBerry|ArmorTail|HelpingHand,Thunderbolt,TwinBeam,TrickRoom|Relaxed||F|||50|]Tyranitar||Tyranitarite|SandStream|DragonDance,KnockOff,RockSlide,Protect|Adamant||M|||50|]Houndstone||SpellTag|SandRush|LastRespects,PhantomForce,WillOWisp,Protect|Adamant||F|||50|]Sneasler||WhiteHerb|Unburden|FakeOut,DireClaw,CloseCombat,NightSlash|Adamant||M|||50|]Aurorus||LifeOrb|Refrigerate|HyperVoice,EarthPower,HyperBeam,Protect|Quiet||M|||50|
|showteam|p2|Blaziken||Blazikenite|SpeedBoost|FlareBlitz,CloseCombat,RockSlide,Protect|Adamant||M|||50|]Whimsicott||FocusSash|Prankster|Moonblast,Tailwind,Charm,Protect|Timid||F|||50|]Maushold-Four||WideLens|Technician|Protect,PopulationBomb,FollowMe,Feint|Adamant|||||50|]Gholdengo||LifeOrb|GoodasGold|MakeItRain,ShadowBall,NastyPlot,Protect|Modest|||||50|]Tsareena||LightClay|QueenlyMajesty|TropKick,LightScreen,Reflect,Taunt|Careful||F|||50|]Annihilape||SitrusBerry|Defiant|PhantomForce,CloseCombat,RockTomb,Protect|Adamant||M|||50|
|
|t:|1784757098
|teamsize|p1|4
|teamsize|p2|4
|start
|switch|p1a: Farigiraf|Farigiraf, L50, F|100/100
|switch|p1b: Sneasler|Sneasler, L50, M|100/100
|switch|p2a: Tsareena|Tsareena, L50, F|100/100
|switch|p2b: Gholdengo|Gholdengo, L50|100/100
|turn|1
|inactive|Battle timer is ON: inactive players will automatically lose when time's up. (requested by vglabmty)
|
|t:|1784757156
|move|p1a: Farigiraf|Helping Hand|p1b: Sneasler
|-singleturn|p1b: Sneasler|Helping Hand|[of] p1a: Farigiraf
|move|p1b: Sneasler|Dire Claw|p2a: Tsareena
|-supereffective|p2a: Tsareena|1
|-damage|p2a: Tsareena|0 fnt
|faint|p2a: Tsareena
|move|p2b: Gholdengo|Make It Rain|p1a: Farigiraf|[spread] p1a
|-miss|p2b: Gholdengo|p1b: Sneasler
|-damage|p1a: Farigiraf|42/100
|-unboost|p2b: Gholdengo|spa|2
|-enditem|p1a: Farigiraf|Sitrus Berry|[eat]
|-heal|p1a: Farigiraf|67/100|[from] item: Sitrus Berry
|-damage|p2b: Gholdengo|90/100|[from] item: Life Orb
|
|upkeep
|inactive|fergalhopper has 30 seconds left.
|inactive|fergalhopper has 20 seconds left.
|inactive|fergalhopper has 15 seconds left.
|
|t:|1784757201
|switch|p2a: Whimsicott|Whimsicott, L50, F|100/100
|turn|2
|inactive|fergalhopper has 30 seconds left.
|inactive|fergalhopper has 20 seconds left.
|
|t:|1784757239
|switch|p2a: Annihilape|Annihilape, L50, M|100/100
|move|p1a: Farigiraf|Helping Hand|p1b: Sneasler
|-singleturn|p1b: Sneasler|Helping Hand|[of] p1a: Farigiraf
|move|p2b: Gholdengo|Protect|p2b: Gholdengo
|-singleturn|p2b: Gholdengo|Protect
|move|p1b: Sneasler|Night Slash|p2b: Gholdengo
|-activate|p2b: Gholdengo|move: Protect
|
|upkeep
|turn|3
|inactive|vglabmty has 30 seconds left.
|inactive|fergalhopper has 30 seconds left.
|inactive|vglabmty has 20 seconds left.
|inactive|fergalhopper has 20 seconds left.
|inactive|vglabmty has 15 seconds left.
|inactive|fergalhopper has 15 seconds left.
|inactive|vglabmty has 10 seconds left.
|
|t:|1784757284
|move|p1b: Sneasler|Night Slash|p2b: Gholdengo
|-supereffective|p2b: Gholdengo|1
|-crit|p2b: Gholdengo
|-damage|p2b: Gholdengo|23/100
|move|p2b: Gholdengo|Make It Rain|p1a: Farigiraf|[spread] p1a,p1b
|-damage|p1a: Farigiraf|40/100
|-damage|p1b: Sneasler|64/100
|-unboost|p2b: Gholdengo|spa|2
|-damage|p2b: Gholdengo|14/100|[from] item: Life Orb
|move|p2a: Annihilape|Close Combat|p1b: Sneasler
|-resisted|p1b: Sneasler|1
|-damage|p1b: Sneasler|13/100
|-unboost|p2a: Annihilape|def|1
|-unboost|p2a: Annihilape|spd|1
|move|p1a: Farigiraf|Twin Beam|p2a: Annihilape
|-supereffective|p2a: Annihilape|1
|-crit|p2a: Annihilape
|-damage|p2a: Annihilape|32/100
|-enditem|p2a: Annihilape|Sitrus Berry|[eat]
|-heal|p2a: Annihilape|57/100|[from] item: Sitrus Berry
|-supereffective|p2a: Annihilape|1
|-damage|p2a: Annihilape|18/100
|-hitcount|p2a: Annihilape|2
|
|upkeep
|turn|4
|inactive|vglabmty has 30 seconds left.
|inactive|fergalhopper has 30 seconds left.
|inactive|vglabmty has 20 seconds left.
|inactive|fergalhopper has 20 seconds left.
|inactive|vglabmty has 15 seconds left.
|
|t:|1784757326
|switch|p1b: Clefable|Clefable, L50, M|100/100
|move|p2b: Gholdengo|Protect|p2b: Gholdengo
|-singleturn|p2b: Gholdengo|Protect
|move|p2a: Annihilape|Rock Tomb|p1b: Clefable
|-damage|p1b: Clefable|74/100
|-unboost|p1b: Clefable|spe|1
|move|p1a: Farigiraf|Twin Beam|p2a: Annihilape
|-supereffective|p2a: Annihilape|1
|-damage|p2a: Annihilape|0 fnt
|faint|p2a: Annihilape
|-hitcount|p2: Annihilape|1
|
|-heal|p1b: Clefable|80/100|[from] item: Leftovers
|upkeep
|
|t:|1784757341
|switch|p2a: Whimsicott|Whimsicott, L50, F|100/100
|turn|5
|
|t:|1784757359
|move|p1a: Farigiraf|Helping Hand|p1b: Clefable
|-singleturn|p1b: Clefable|Helping Hand|[of] p1a: Farigiraf
|move|p2a: Whimsicott|Tailwind|p2a: Whimsicott
|-sidestart|p2: fergalhopper|move: Tailwind
|move|p2b: Gholdengo|Nasty Plot|p2b: Gholdengo
|-boost|p2b: Gholdengo|spa|2
|move|p1b: Clefable|Dazzling Gleam|p2b: Gholdengo|[spread] p2a,p2b
|-resisted|p2b: Gholdengo|1
|-damage|p2a: Whimsicott|51/100
|-damage|p2b: Gholdengo|1/100
|
|-heal|p1b: Clefable|86/100|[from] item: Leftovers
|upkeep
|turn|6
|
|t:|1784757381
|move|p1a: Farigiraf|Helping Hand|p1b: Clefable
|-singleturn|p1b: Clefable|Helping Hand|[of] p1a: Farigiraf
|move|p2a: Whimsicott|Moonblast|p1a: Farigiraf
|-damage|p1a: Farigiraf|6/100
|move|p2b: Gholdengo|Make It Rain|p1a: Farigiraf|[spread] p1a,p1b
|-supereffective|p1b: Clefable|1
|-damage|p1a: Farigiraf|0 fnt
|-damage|p1b: Clefable|48/100
|-unboost|p2b: Gholdengo|spa|2
|faint|p1a: Farigiraf
|-damage|p2b: Gholdengo|0 fnt|[from] item: Life Orb
|faint|p2b: Gholdengo
|move|p1b: Clefable|Dazzling Gleam|p2a: Whimsicott
|-damage|p2a: Whimsicott|0 fnt
|faint|p2a: Whimsicott
|
|win|vglabmty
|inactive|vglabmty has 30 seconds to confirm battle start!
|inactive|fergalhopper has 30 seconds to confirm battle start!
|inactive|vglabmty has 20 seconds to confirm battle start!
|inactive|fergalhopper has 20 seconds to confirm battle start!
||fergalhopper is ready for game 2.
|inactive|vglabmty has 10 seconds to confirm battle start!
||vglabmty is ready for game 2.
|uhtml|next|Next: Game 2 of 3
|l|☆vglabmty
|player|p1|
