|j|☆freyartchan
|j|☆Onir the magician
|html|freyartchanOnir the magician    
|uhtml|bestof|Game 1 of a best-of-3
|t:|1756842083
|gametype|doubles
|player|p1|freyartchan|kieran-champion|1139
|player|p2|Onir the magician|brycenman|1071
|gen|9
|tier|[Gen 9] VGC 2025 Reg H (Bo3)
|rated|
|rule|Species Clause: Limit one of each Pokémon
|rule|Item Clause: Limit 1 of each item
|clearpoke
|poke|p1|Sylveon, L50, F|
|poke|p1|Archaludon, L50, F|
|poke|p1|Incineroar, L50, M|
|poke|p1|Ursaluna, L50, F|
|poke|p1|Ribombee, L50, M|
|poke|p1|Porygon2, L50|
|poke|p2|Porygon2, L50|
|poke|p2|Incineroar, L50, M|
|poke|p2|Amoonguss, L50, M|
|poke|p2|Ursaluna, L50, M|
|poke|p2|Gholdengo, L50|
|poke|p2|Kilowattrel, L50, M|
|teampreview|4
|showteam|p1|Sylveon||LifeOrb|Pixilate|HyperVoice,QuickAttack,TeraBlast,Protect|||F|||50|,,,,,Fire]Archaludon||PowerHerb|Sturdy|FlashCannon,DracoMeteor,ElectroShot,Protect|||F|||50|,,,,,Electric]Incineroar||SafetyGoggles|Intimidate|FakeOut,FlareBlitz,KnockOff,PartingShot|||M|||50|,,,,,Ghost]Ursaluna||FlameOrb|Guts|Facade,HeadlongRush,Earthquake,Protect|||F|||50|,,,,,Ghost]Ribombee||CovertCloak|SweetVeil|Tailwind,PollenPuff,StruggleBug,Protect|||M|||50|,,,,,Water]Porygon2||Eviolite|Download|TeraBlast,IceBeam,Recover,TrickRoom||||||50|,,,,,Flying
|showteam|p2|Porygon2||Eviolite|Download|TeraBlast,IceBeam,Recover,TrickRoom||||||50|,,,,,Fighting]Incineroar||AssaultVest|Intimidate|KnockOff,FlareBlitz,Uturn,FakeOut|||M|||50|,,,,,Grass]Amoonguss||CovertCloak|Regenerator|Spore,RagePowder,PoisonPowder,ClearSmog|||M|||50|,,,,,Fairy]Ursaluna||FlameOrb|Guts|Facade,HeadlongRush,Earthquake,Protect|||M|||50|,,,,,Ghost]Gholdengo||LifeOrb|GoodasGold|MakeItRain,ShadowBall,NastyPlot,Protect||||||50|,,,,,Flying]Kilowattrel||FocusSash|Competitive|Thunderbolt,AirSlash,Tailwind,Protect|||M|||50|,,,,,Ghost
|
|t:|1756842141
|teamsize|p1|4
|teamsize|p2|4
|start
|switch|p1a: Honey|Ribombee, L50, M|100/100
|switch|p1b: Luna|Ursaluna, L50, F|100/100
|switch|p2a: Gholdengo|Gholdengo, L50|100/100
|switch|p2b: Incineroar|Incineroar, L50, M|100/100
|-ability|p2b: Incineroar|Intimidate|boost
|-unboost|p1a: Honey|atk|1
|-unboost|p1b: Luna|atk|1
|turn|1
|
|t:|1756842180
|move|p1b: Luna|Protect|p1b: Luna
|-singleturn|p1b: Luna|Protect
|move|p1a: Honey|Tailwind|p1a: Honey
|-sidestart|p1: freyartchan|move: Tailwind
|move|p2a: Gholdengo|Nasty Plot|p2a: Gholdengo
|-boost|p2a: Gholdengo|spa|2
|move|p2b: Incineroar|Knock Off|p1b: Luna
|-activate|p1b: Luna|move: Protect
|
|-status|p1b: Luna|brn|[from] item: Flame Orb
|upkeep
|turn|2
|
|t:|1756842222
|switch|p2b: Porygon2|Porygon2, L50, shiny|100/100
|-ability|p2b: Porygon2|Download|boost
|-boost|p2b: Porygon2|spa|1
|-terastallize|p2a: Gholdengo|Flying
|move|p1a: Honey|Pollen Puff|p2b: Porygon2
|-damage|p2b: Porygon2|80/100
|move|p1b: Luna|Headlong Rush|p2a: Gholdengo
|-immune|p2a: Gholdengo
|move|p2a: Gholdengo|Make It Rain|p1a: Honey|[spread] p1a,p1b
|-supereffective|p1a: Honey
|-damage|p1a: Honey|0 fnt
|-damage|p1b: Luna|0 fnt
|-unboost|p2a: Gholdengo|spa|1
|faint|p1a: Honey
|faint|p1b: Luna
|-damage|p2a: Gholdengo|91/100|[from] item: Life Orb
|
|upkeep
|
|t:|1756842241
|switch|p1a: Lillie|Sylveon, L50, F|100/100
|switch|p1b: Scotti|Incineroar, L50, M|100/100
|-ability|p1b: Scotti|Intimidate|boost
|-unboost|p2a: Gholdengo|atk|1
|-unboost|p2b: Porygon2|atk|1
|turn|3
|
|t:|1756842259
|switch|p2b: Incineroar|Incineroar, L50, M|100/100
|-ability|p2b: Incineroar|Intimidate|boost
|-unboost|p1a: Lillie|atk|1
|-unboost|p1b: Scotti|atk|1
|move|p2a: Gholdengo|Protect|p2a: Gholdengo
|-singleturn|p2a: Gholdengo|Protect
|move|p1b: Scotti|Fake Out|p2b: Incineroar
|-damage|p2b: Incineroar|93/100
|move|p1a: Lillie|Hyper Voice|p2a: Gholdengo|[spread] p2b
|-activate|p2a: Gholdengo|move: Protect
|-damage|p2b: Incineroar|62/100
|-damage|p1a: Lillie|91/100|[from] item: Life Orb
|
|upkeep
|turn|4
|
|t:|1756842301
|move|p2b: Incineroar|Fake Out|p1a: Lillie
|-damage|p1a: Lillie|76/100
|cant|p1a: Lillie|flinch
|move|p1b: Scotti|Flare Blitz|p2a: Gholdengo
|-damage|p2a: Gholdengo|54/100
|-damage|p1b: Scotti|90/100|[from] Recoil
|move|p2a: Gholdengo|Nasty Plot|p2a: Gholdengo
|-boost|p2a: Gholdengo|spa|2
|
|-sideend|p1: freyartchan|move: Tailwind
|upkeep
|turn|5
|-message|freyartchan forfeited.
|
|win|Onir the magician
||freyartchan is ready for game 2.
||Onir the magician is ready for game 2.
|uhtml|next|Next: Game 2 of 3
|l|☆Onir the magician
|player|p2|
