|j|☆Sebastianboi13
|j|☆raksbach
|html|Sebastianboi13raksbach    
|uhtml|bestof|Game 2 of a best-of-3
|t:|1784551012
|gametype|doubles
|player|p1|Sebastianboi13|1|1146
|player|p2|raksbach|266|1248
|gen|9
|tier|[Gen 9 Champions] VGC 2026 Reg M-B (Bo3)
|rated|
|rule|Species Clause: Limit one of each Pokémon
|rule|Item Clause: Limit 1 of each item
|clearpoke
|poke|p1|Gholdengo, L50|
|poke|p1|Floette-Eternal, L50, F|
|poke|p1|Incineroar, L50, M|
|poke|p1|Sneasler, L50, F|
|poke|p1|Whimsicott, L50, M|
|poke|p1|Hydreigon, L50, M|
|poke|p2|Incineroar, L50, F|
|poke|p2|Maushold, L50|
|poke|p2|Sinistcha, L50|
|poke|p2|Sneasler, L50, F|
|poke|p2|Blastoise, L50, F|
|poke|p2|Delphox, L50, F|
|teampreview|4
|showteam|p1|Gholdengo||FocusSash|GoodasGold|PowerGem,ShadowBall,MakeItRain,Protect|Timid|||||50|]Floette-Eternal||Floettite|FlowerVeil|CalmMind,DazzlingGleam,Moonblast,Protect|Modest||F|||50|]Incineroar||ChopleBerry|Intimidate|PartingShot,Protect,DarkestLariat,FakeOut|Careful||M|||50|]Sneasler||WhiteHerb|Unburden|CloseCombat,DireClaw,Protect,FakeOut|Adamant||F|||50|]Whimsicott||FairyFeather|Prankster|Moonblast,Protect,Tailwind,Encore|Bold||M|||50|]Hydreigon||ChoiceScarf|Levitate|Snarl,DracoMeteor,DarkPulse,EarthPower|Timid||M|||50|
|showteam|p2|Incineroar||SitrusBerry|Intimidate|FakeOut,FlareBlitz,DarkestLariat,PartingShot|Impish||F|||50|]Maushold||ChopleBerry|FriendGuard|SuperFang,FollowMe,Protect,Feint|Impish|||||50|]Sinistcha||OccaBerry|Hospitality|MatchaGotcha,LifeDew,RagePowder,Protect|Bold|||||50|]Sneasler||FocusSash|PoisonTouch|FakeOut,CloseCombat,DireClaw,QuickGuard|Jolly||F|||50|]Blastoise||Blastoisinite|Torrent|WaterSpout,DarkPulse,ShellSmash,Protect|Modest||F|||50|]Delphox||Delphoxite|Blaze|HeatWave,Psychic,NastyPlot,Protect|Timid||F|||50|
|inactive|Battle timer is ON: inactive players will automatically lose when time's up. (requested by raksbach)
|inactive|Sebastianboi13 also wants the timer to be on.
|
|t:|1784551033
|teamsize|p1|4
|teamsize|p2|4
|start
|switch|p1a: Gholdengo|Gholdengo, L50|100/100
|switch|p1b: Whimsicott|Whimsicott, L50, M|100/100
|switch|p2a: Sneasler|Sneasler, L50, F|100/100
|switch|p2b: Incineroar|Incineroar, L50, F|100/100
|-ability|p2b: Incineroar|Intimidate|boost
|-unboost|p1a: Gholdengo|atk|1
|-unboost|p1b: Whimsicott|atk|1
|turn|1
|
|t:|1784551056
|move|p1b: Whimsicott|Protect|p1b: Whimsicott
|-singleturn|p1b: Whimsicott|Protect
|move|p1a: Gholdengo|Protect|p1a: Gholdengo
|-singleturn|p1a: Gholdengo|Protect
|move|p2b: Incineroar|Fake Out|p1b: Whimsicott
|-activate|p1b: Whimsicott|move: Protect
|move|p2a: Sneasler|Dire Claw|p1b: Whimsicott
|-activate|p1b: Whimsicott|move: Protect
|
|upkeep
|turn|2
|
|t:|1784551071
|move|p1b: Whimsicott|Encore|p2b: Incineroar
|-hint|Since gen 7, Dark is immune to Prankster moves.
|-immune|p2b: Incineroar
|move|p2a: Sneasler|Dire Claw|p1b: Whimsicott
|-supereffective|p1b: Whimsicott|2
|-damage|p1b: Whimsicott|0 fnt
|faint|p1b: Whimsicott
|move|p1a: Gholdengo|Shadow Ball|p2a: Sneasler
|-damage|p2a: Sneasler|35/100
|move|p2b: Incineroar|Flare Blitz|p1a: Gholdengo
|-supereffective|p1a: Gholdengo|1
|-enditem|p1a: Gholdengo|Focus Sash
|-damage|p1a: Gholdengo|1/100
|-damage|p2b: Incineroar|73/100|[from] Recoil
|
|upkeep
|
|t:|1784551074
|switch|p1b: Floette|Floette-Eternal, L50, F|100/100
|turn|3
|
|t:|1784551094
|switch|p2a: Sinistcha|Sinistcha, L50|100/100
|-heal|p2b: Incineroar|98/100|[from] ability: Hospitality|[of] p2a: Sinistcha
|detailschange|p1b: Floette|Floette-Mega, L50, F
|-mega|p1b: Floette|Floette|Floettite
|-ability|p1b: Floette|Fairy Aura
|move|p1a: Gholdengo|Make It Rain|p2b: Incineroar|[spread] p2a,p2b
|-resisted|p2b: Incineroar|1
|-damage|p2a: Sinistcha|57/100
|-damage|p2b: Incineroar|79/100
|-unboost|p1a: Gholdengo|spa|2
|move|p1b: Floette|Dazzling Gleam|p2b: Incineroar|[spread] p2a,p2b
|-crit|p2a: Sinistcha
|-damage|p2a: Sinistcha|0 fnt
|-damage|p2b: Incineroar|33/100
|-enditem|p2b: Incineroar|Sitrus Berry|[eat]
|-heal|p2b: Incineroar|58/100|[from] item: Sitrus Berry
|faint|p2a: Sinistcha
|move|p2b: Incineroar|Parting Shot|p1b: Floette
|-unboost|p1b: Floette|atk|1
|-unboost|p1b: Floette|spa|1
|
|t:|1784551114
|switch|p2b: Sneasler|Sneasler, L50, F|35/100|[from] Parting Shot
|
|upkeep
|
|t:|1784551119
|switch|p2a: Incineroar|Incineroar, L50, F|58/100
|-ability|p2a: Incineroar|Intimidate|boost
|-unboost|p1a: Gholdengo|atk|1
|-unboost|p1b: Floette|atk|1
|turn|4
|
|t:|1784551129
|move|p2b: Sneasler|Fake Out|p1b: Floette
|-damage|p1b: Floette|83/100
|move|p1a: Gholdengo|Power Gem|p2a: Incineroar
|-supereffective|p2a: Incineroar|1
|-damage|p2a: Incineroar|33/100
|cant|p1b: Floette|flinch
|move|p2a: Incineroar|Flare Blitz|p1a: Gholdengo
|-supereffective|p1a: Gholdengo|1
|-crit|p1a: Gholdengo
|-damage|p1a: Gholdengo|0 fnt
|faint|p1a: Gholdengo
|-damage|p2a: Incineroar|33/100|[from] Recoil
|
|upkeep
|
|t:|1784551131
|switch|p1a: Hydreigon|Hydreigon, L50, M|100/100
|turn|5
|
|t:|1784551144
|move|p1a: Hydreigon|Earth Power|p2b: Sneasler
|-supereffective|p2b: Sneasler|1
|-damage|p2b: Sneasler|0 fnt
|faint|p2b: Sneasler
|move|p1b: Floette|Moonblast|p2a: Incineroar
|-damage|p2a: Incineroar|0 fnt
|faint|p2a: Incineroar
|
|upkeep
|
|t:|1784551150
|switch|p2b: Delphox|Delphox, L50, F|100/100
|turn|6
|
|t:|1784551159
|detailschange|p2b: Delphox|Delphox-Mega, L50, F
|-mega|p2b: Delphox|Delphox|Delphoxite
|move|p1a: Hydreigon|Earth Power|p2b: Delphox
|-immune|p2b: Delphox|[from] ability: Levitate
|move|p2b: Delphox|Nasty Plot|p2b: Delphox
|-boost|p2b: Delphox|spa|2
|move|p1b: Floette|Moonblast|p2b: Delphox
|-resisted|p2b: Delphox|1
|-damage|p2b: Delphox|78/100
|
|upkeep
|turn|7
|
|t:|1784551175
|move|p1a: Hydreigon|Earth Power|p2b: Delphox
|-immune|p2b: Delphox|[from] ability: Levitate
|move|p2b: Delphox|Psychic|p1b: Floette
|-damage|p1b: Floette|9/100
|move|p1b: Floette|Moonblast|p2b: Delphox
|-resisted|p2b: Delphox|1
|-damage|p2b: Delphox|53/100
|
|upkeep
|turn|8
|
|t:|1784551185
|move|p1b: Floette|Protect|p1b: Floette
|-singleturn|p1b: Floette|Protect
|move|p1a: Hydreigon|Earth Power|p2b: Delphox
|-immune|p2b: Delphox|[from] ability: Levitate
|move|p2b: Delphox|Psychic|p1b: Floette
|-activate|p1b: Floette|move: Protect
|
|upkeep
|turn|9
|
|t:|1784551188
|move|p1b: Floette|Protect|p1b: Floette
|-singleturn|p1b: Floette|Protect
|move|p1a: Hydreigon|Earth Power|p2b: Delphox
|-immune|p2b: Delphox|[from] ability: Levitate
|move|p2b: Delphox|Psychic|p1b: Floette
|-activate|p1b: Floette|move: Protect
|
|upkeep
|turn|10
|
|t:|1784551191
|move|p1b: Floette|Protect|p1b: Floette
|-singleturn|p1b: Floette|Protect
|move|p1a: Hydreigon|Earth Power|p2b: Delphox
|-immune|p2b: Delphox|[from] ability: Levitate
|move|p2b: Delphox|Psychic|p1b: Floette
|-activate|p1b: Floette|move: Protect
|
|upkeep
|turn|11
|c|☆raksbach|Please 4
|
|t:|1784551198
|move|p1b: Floette|Protect||[still]
|-fail|p1b: Floette
|move|p1a: Hydreigon|Earth Power|p2b: Delphox
|-immune|p2b: Delphox|[from] ability: Levitate
|move|p2b: Delphox|Psychic|p1b: Floette
|-damage|p1b: Floette|0 fnt
|faint|p1b: Floette
|
|upkeep
|turn|12
|c|☆Sebastianboi13|Ggs
|c|☆raksbach|ggs
|c|☆Sebastianboi13|that was crazy
|c|☆raksbach|3 protect in a row
|inactive|Sebastianboi13 has 30 seconds left.
|
|t:|1784551228
|move|p1a: Hydreigon|Earth Power|p2b: Delphox
|-immune|p2b: Delphox|[from] ability: Levitate
|move|p2b: Delphox|Nasty Plot|p2b: Delphox
|-boost|p2b: Delphox|spa|2
|
|upkeep
|turn|13
|
|t:|1784551235
|move|p1a: Hydreigon|Earth Power|p2b: Delphox
|-immune|p2b: Delphox|[from] ability: Levitate
|move|p2b: Delphox|Heat Wave|p1a: Hydreigon
|-resisted|p1a: Hydreigon|1
|-damage|p1a: Hydreigon|13/100
|
|upkeep
|turn|14
|
|t:|1784551237
|move|p1a: Hydreigon|Earth Power|p2b: Delphox
|-immune|p2b: Delphox|[from] ability: Levitate
|move|p2b: Delphox|Heat Wave|p1a: Hydreigon
|-resisted|p1a: Hydreigon|1
|-damage|p1a: Hydreigon|0 fnt
|faint|p1a: Hydreigon
|
|win|raksbach
|raw|Sebastianboi13's rating: 1146 → 1128(-18 for losing)
|raw|raksbach's rating: 1248 → 1266(+18 for winning)
