|j|☆KrisKiwii
|j|☆marilli
|html|KrisKiwiimarilli    
|uhtml|bestof|Game 2 of a best-of-3
|t:|1783102165
|gametype|doubles
|player|p1|KrisKiwii|acetrainerf-gen4dp|
|player|p2|marilli|#splxityrants|
|gen|9
|tier|[Gen 9 Champions] VGC 2026 Reg M-B (Bo3)
|rule|Species Clause: Limit one of each Pokémon
|rule|Item Clause: Limit 1 of each item
|clearpoke
|poke|p1|Metagross, L50, shiny|
|poke|p1|Charizard, L50, F, shiny|
|poke|p1|Incineroar, L50, M, shiny|
|poke|p1|Garchomp, L50, F, shiny|
|poke|p1|Hydreigon, L50, F, shiny|
|poke|p1|Toxapex, L50, M, shiny|
|poke|p2|Gengar, L50, M|
|poke|p2|Incineroar, L50, F|
|poke|p2|Politoed, L50, M|
|poke|p2|Archaludon, L50, M|
|poke|p2|Vivillon, L50, M|
|poke|p2|Swampert, L50, F|
|teampreview|4
|showteam|p1|Metagross||Metagrossite|ClearBody|IronHead,PsychicFangs,BodyPress,Protect|Jolly|||||50|]Charizard||CharizarditeY|Blaze|HeatWave,WeatherBall,SolarBeam,Protect|Timid||F|||50|]Incineroar||SitrusBerry|Intimidate|FlareBlitz,ThroatChop,FakeOut,PartingShot|Impish||M|||50|]Garchomp||LifeOrb|RoughSkin|Earthquake,DragonClaw,RockSlide,Protect|Jolly||F|||50|]Hydreigon||ChoiceScarf|Levitate|DracoMeteor,DarkPulse,Snarl,HeatWave|Modest||F|||50|]Toxapex||Leftovers|Regenerator|Infestation,WideGuard,Toxic,BanefulBunker|Bold||M|||50|
|showteam|p2|Gengar||Gengarite|CursedBody|ShadowBall,PerishSong,SludgeBomb,Protect|Timid||M|||50|]Incineroar||PasshoBerry|Intimidate|DarkestLariat,PartingShot,FakeOut,Protect|Sassy||F|||50|]Politoed||SitrusBerry|Drizzle|WeatherBall,PerishSong,Encore,Protect|Calm||M|||50|]Archaludon||Leftovers|Stamina|DragonPulse,FlashCannon,ElectroShot,Protect|Bold||M|||50|]Vivillon||FocusSash|CompoundEyes|Hurricane,SleepPowder,RagePowder,Protect|Timid||M|||50|]Swampert||Swampertite|Torrent|WaveCrash,IcePunch,Earthquake,Protect|Adamant||F|||50|
|inactive|Battle timer is ON: inactive players will automatically lose when time's up. (requested by KrisKiwii)
|j| rovbmc
|j| kunal
|j| Code
|l| rovbmc
|j| cryptbloom
|j| robbie0301
|j| coconutdk
|j| Fainting Spells
|inactive|KrisKiwii has 60 seconds left.
|j| ScribbleScribble
|j| rovbmc
|l| Fainting Spells
|
|t:|1783102209
|teamsize|p1|4
|teamsize|p2|4
|start
|switch|p1a: Ol' Reliable|Incineroar, L50, M, shiny|100/100
|switch|p1b: Triple Kelp|Hydreigon, L50, F, shiny|100/100
|switch|p2a: Gengar|Gengar, L50, M|100/100
|switch|p2b: Incineroar|Incineroar, L50, F|100/100
|-ability|p1a: Ol' Reliable|Intimidate|boost
|-unboost|p2a: Gengar|atk|1
|-unboost|p2b: Incineroar|atk|1
|-ability|p2b: Incineroar|Intimidate|boost
|-unboost|p1a: Ol' Reliable|atk|1
|-unboost|p1b: Triple Kelp|atk|1
|turn|1
|j| Damovgc
|
|t:|1783102222
|switch|p1a: Jarrkhan|Garchomp, L50, F, shiny|100/100
|switch|p2b: Archaludon|Archaludon, L50, M|100/100
|detailschange|p2a: Gengar|Gengar-Mega, L50, M
|-mega|p2a: Gengar|Gengar|Gengarite
|move|p2a: Gengar|Protect|p2a: Gengar
|-singleturn|p2a: Gengar|Protect
|move|p1b: Triple Kelp|Dark Pulse|p2a: Gengar
|-activate|p2a: Gengar|move: Protect
|
|upkeep
|turn|2
|l| rovbmc
|inactive|marilli has 30 seconds left.
|
|t:|1783102247
|switch|p2a: Incineroar|Incineroar, L50, F|100/100
|-ability|p2a: Incineroar|Intimidate|boost
|-unboost|p1a: Jarrkhan|atk|1
|-unboost|p1b: Triple Kelp|atk|1
|move|p1b: Triple Kelp|Dark Pulse|p2b: Archaludon
|-damage|p2b: Archaludon|56/100
|-ability|p2b: Archaludon|Stamina|boost
|-boost|p2b: Archaludon|def|1
|move|p1a: Jarrkhan|Earthquake|p2b: Archaludon|[spread] p2a,p2b
|-immune|p1b: Triple Kelp|[from] ability: Levitate
|-supereffective|p2a: Incineroar|1
|-supereffective|p2b: Archaludon|1
|-damage|p2a: Incineroar|41/100
|-damage|p2b: Archaludon|27/100
|-ability|p2b: Archaludon|Stamina|boost
|-boost|p2b: Archaludon|def|1
|-damage|p1a: Jarrkhan|90/100|[from] item: Life Orb
|move|p2b: Archaludon|Dragon Pulse|p1a: Jarrkhan
|-supereffective|p1a: Jarrkhan|1
|-damage|p1a: Jarrkhan|5/100
|
|-heal|p2b: Archaludon|34/100|[from] item: Leftovers
|upkeep
|turn|3
|j| rovbmc
|l| rovbmc
|inactive|KrisKiwii has 30 seconds left.
|
|t:|1783102273
|switch|p1b: Ol' Reliable|Incineroar, L50, M, shiny|100/100
|-ability|p1b: Ol' Reliable|Intimidate|boost
|-unboost|p2a: Incineroar|atk|1
|-unboost|p2b: Archaludon|atk|1
|move|p1a: Jarrkhan|Protect|p1a: Jarrkhan
|-singleturn|p1a: Jarrkhan|Protect
|move|p2b: Archaludon|Protect|p2b: Archaludon
|-singleturn|p2b: Archaludon|Protect
|move|p2a: Incineroar|Parting Shot|p1b: Ol' Reliable
|-unboost|p1b: Ol' Reliable|atk|1
|-unboost|p1b: Ol' Reliable|spa|1
|j| rovbmc
|
|t:|1783102285
|switch|p2a: Gengar|Gengar-Mega, L50, M|100/100|[from] Parting Shot
|
|-heal|p2b: Archaludon|40/100|[from] item: Leftovers
|upkeep
|turn|4
|l| rovbmc
|inactive|marilli has 30 seconds left.
|
|t:|1783102320
|switch|p2b: Incineroar|Incineroar, L50, F|41/100
|-ability|p2b: Incineroar|Intimidate|boost
|-unboost|p1a: Jarrkhan|atk|1
|-unboost|p1b: Ol' Reliable|atk|1
|move|p2a: Gengar|Shadow Ball|p1a: Jarrkhan
|-damage|p1a: Jarrkhan|0 fnt
|faint|p1a: Jarrkhan
|move|p1b: Ol' Reliable|Parting Shot|p2b: Incineroar
|-unboost|p2b: Incineroar|atk|1
|-unboost|p2b: Incineroar|spa|1
|j| rovbmc
|l| rovbmc
|
|t:|1783102327
|switch|p1b: Triple Kelp|Hydreigon, L50, F, shiny|100/100|[from] Parting Shot
|
|upkeep
|
|t:|1783102329
|switch|p1a: Ol' Reliable|Incineroar, L50, M, shiny|100/100
|-ability|p1a: Ol' Reliable|Intimidate|boost
|-unboost|p2a: Gengar|atk|1
|-unboost|p2b: Incineroar|atk|1
|turn|5
|j| rovbmc
|j| Fainting Spells
|
|t:|1783102345
|switch|p2b: Archaludon|Archaludon, L50, M|40/100
|move|p1b: Triple Kelp|Dark Pulse|p2a: Gengar
|-supereffective|p2a: Gengar|1
|-damage|p2a: Gengar|5/100
|move|p2a: Gengar|Perish Song|p2a: Gengar
|-start|p1a: Ol' Reliable|perish3|[silent]
|-start|p1b: Triple Kelp|perish3|[silent]
|-start|p2a: Gengar|perish3|[silent]
|-start|p2b: Archaludon|perish3|[silent]
|-fieldactivate|move: Perish Song
|move|p1a: Ol' Reliable|Throat Chop|p2b: Archaludon
|-damage|p2b: Archaludon|20/100y
|-start|p2b: Archaludon|Throat Chop|[silent]
|-ability|p2b: Archaludon|Stamina|boost
|-boost|p2b: Archaludon|def|1
|
|-heal|p2b: Archaludon|26/100|[from] item: Leftovers
|-start|p1b: Triple Kelp|perish3
|-start|p2a: Gengar|perish3
|-start|p2b: Archaludon|perish3
|-start|p1a: Ol' Reliable|perish3
|upkeep
|turn|6
|
|t:|1783102368
|move|p2a: Gengar|Protect|p2a: Gengar
|-singleturn|p2a: Gengar|Protect
|move|p2b: Archaludon|Protect|p2b: Archaludon
|-singleturn|p2b: Archaludon|Protect
|move|p1b: Triple Kelp|Dark Pulse|p2b: Archaludon
|-activate|p2b: Archaludon|move: Protect
|move|p1a: Ol' Reliable|Throat Chop|p2a: Gengar
|-activate|p2a: Gengar|move: Protect
|
|-heal|p2b: Archaludon|32/100|[from] item: Leftovers
|-end|p2b: Archaludon|Throat Chop|[silent]
|-start|p1b: Triple Kelp|perish2
|-start|p2a: Gengar|perish2
|-start|p2b: Archaludon|perish2
|-start|p1a: Ol' Reliable|perish2
|upkeep
|turn|7
|inactive|marilli has 30 seconds left.
|j| Sratsym
|
|t:|1783102403
|switch|p2a: Incineroar|Incineroar, L50, F|41/100
|-ability|p2a: Incineroar|Intimidate|boost
|-unboost|p1a: Ol' Reliable|atk|1
|-unboost|p1b: Triple Kelp|atk|1
|move|p1b: Triple Kelp|Dark Pulse|p2b: Archaludon
|-damage|p2b: Archaludon|0 fnt
|faint|p2b: Archaludon
|move|p1a: Ol' Reliable|Parting Shot|p2a: Incineroar
|-unboost|p2a: Incineroar|atk|1
|-unboost|p2a: Incineroar|spa|1
|
|t:|1783102409
|switch|p1a: Xaria|Charizard, L50, F, shiny|100/100|[from] Parting Shot
|
|-start|p1b: Triple Kelp|perish1
|upkeep
|
|t:|1783102416
|switch|p2b: Gengar|Gengar-Mega, L50, M|5/100
|turn|8
|
|t:|1783102428
|move|p2b: Gengar|Protect|p2b: Gengar
|-singleturn|p2b: Gengar|Protect
|move|p2a: Incineroar|Protect|p2a: Incineroar
|-singleturn|p2a: Incineroar|Protect
|move|p1b: Triple Kelp|Dark Pulse|p2a: Incineroar
|-activate|p2a: Incineroar|move: Protect
|move|p1a: Xaria|Heat Wave|p2a: Incineroar|[spread] 
|-activate|p2a: Incineroar|move: Protect
|-activate|p2b: Gengar|move: Protect
|
|-start|p1b: Triple Kelp|perish0
|faint|p1b: Triple Kelp
|upkeep
|
|t:|1783102432
|switch|p1b: Ol' Reliable|Incineroar, L50, M, shiny|100/100
|-ability|p1b: Ol' Reliable|Intimidate|boost
|-unboost|p2a: Incineroar|atk|1
|-unboost|p2b: Gengar|atk|1
|turn|9
|
|t:|1783102446
|move|p1b: Ol' Reliable|Fake Out|p2a: Incineroar
|-damage|p2a: Incineroar|32/100
|move|p2b: Gengar|Perish Song|p2b: Gengar
|-start|p1a: Xaria|perish3|[silent]
|-start|p1b: Ol' Reliable|perish3|[silent]
|-start|p2a: Incineroar|perish3|[silent]
|-start|p2b: Gengar|perish3|[silent]
|-fieldactivate|move: Perish Song
|move|p1a: Xaria|Heat Wave|p2a: Incineroar|[spread] p2a,p2b
|-resisted|p2a: Incineroar|1
|-damage|p2a: Incineroar|23/100
|-damage|p2b: Gengar|0 fnt
|faint|p2b: Gengar
|cant|p2a: Incineroar|flinch
|
|-start|p1a: Xaria|perish3
|-start|p1b: Ol' Reliable|perish3
|-start|p2a: Incineroar|perish3
|upkeep
|
|t:|1783102459
|switch|p2b: Politoed|Politoed, L50, M|100/100
|-weather|RainDance|[from] ability: Drizzle|[of] p2b: Politoed
|turn|10
|
|t:|1783102476
|detailschange|p1a: Xaria|Charizard-Mega-Y, L50, F, shiny
|-mega|p1a: Xaria|Charizard|Charizardite Y
|-weather|SunnyDay|[from] ability: Drought|[of] p1a: Xaria
|move|p2b: Politoed|Protect|p2b: Politoed
|-singleturn|p2b: Politoed|Protect
|move|p2a: Incineroar|Protect|p2a: Incineroar
|-singleturn|p2a: Incineroar|Protect
|move|p1a: Xaria|Solar Beam||[still]
|-prepare|p1a: Xaria|Solar Beam
|-anim|p1a: Xaria|Solar Beam|p2b: Politoed
|-activate|p2b: Politoed|move: Protect
|move|p1b: Ol' Reliable|Flare Blitz|p2a: Incineroar
|-activate|p2a: Incineroar|move: Protect
|
|-weather|SunnyDay|[upkeep]
|-start|p1a: Xaria|perish2
|-start|p1b: Ol' Reliable|perish2
|-start|p2a: Incineroar|perish2
|upkeep
|turn|11
|inactive|KrisKiwii has 30 seconds left.
|
|t:|1783102505
|move|p1a: Xaria|Solar Beam||[still]
|-prepare|p1a: Xaria|Solar Beam
|-anim|p1a: Xaria|Solar Beam|p2b: Politoed
|-supereffective|p2b: Politoed|1
|-damage|p2b: Politoed|36/100
|-enditem|p2b: Politoed|Sitrus Berry|[eat]
|-heal|p2b: Politoed|60/100|[from] item: Sitrus Berry
|move|p2b: Politoed|Encore|p1a: Xaria
|-start|p1a: Xaria|Encore
|move|p1b: Ol' Reliable|Flare Blitz|p2a: Incineroar
|-resisted|p2a: Incineroar|1
|-crit|p2a: Incineroar
|-damage|p2a: Incineroar|0 fnt
|faint|p2a: Incineroar
|-damage|p1b: Ol' Reliable|92/100|[from] Recoil
|
|-weather|SunnyDay|[upkeep]
|-start|p1a: Xaria|perish1
|-start|p1b: Ol' Reliable|perish1
|upkeep
|turn|12
|c|☆KrisKiwii|gg!
|c|☆marilli|gg
|l| Fainting Spells
|
|t:|1783102523
|move|p2b: Politoed|Protect|p2b: Politoed
|-singleturn|p2b: Politoed|Protect
|move|p1a: Xaria|Solar Beam||[still]
|-prepare|p1a: Xaria|Solar Beam
|-anim|p1a: Xaria|Solar Beam|p2b: Politoed
|-activate|p2b: Politoed|move: Protect
|move|p1b: Ol' Reliable|Throat Chop|p2b: Politoed
|-activate|p2b: Politoed|move: Protect
|
|-weather|SunnyDay|[upkeep]
|-start|p1a: Xaria|perish0
|-start|p1b: Ol' Reliable|perish0
|faint|p1a: Xaria
|faint|p1b: Ol' Reliable
|
|win|marilli
|l| rovbmc
|l| Damovgc
|l| Sratsym
|l| ScribbleScribble
|l|☆KrisKiwii
|player|p1|
|l| cryptbloom
|j| Izzy22x
