|j|☆TobiYume
|j|☆A Regu1ar Guy
|html|TobiYumeA Regu1ar Guy    
|uhtml|bestof|Game 1 of a best-of-3
|t:|1784572744
|gametype|doubles
|player|p1|TobiYume|cheren-gen5bw2|1316
|player|p2|A Regu1ar Guy|elesa|1491
|gen|9
|tier|[Gen 9 Champions] VGC 2026 Reg M-B (Bo3)
|rated|
|rule|Species Clause: Limit one of each Pokémon
|rule|Item Clause: Limit 1 of each item
|clearpoke
|poke|p1|Tyranitar, L50, M|
|poke|p1|Excadrill, L50, M|
|poke|p1|Gholdengo, L50|
|poke|p1|Sinistcha, L50|
|poke|p1|Staraptor, L50, M|
|poke|p1|Sylveon, L50, F|
|poke|p2|Froslass, L50, F|
|poke|p2|Dragonite, L50, M|
|poke|p2|Sneasler, L50, M|
|poke|p2|Kingambit, L50, M|
|poke|p2|Arcanine-Hisui, L50, M|
|poke|p2|Venusaur, L50, F|
|teampreview|4
|showteam|p1|Tyranitar||Tyranitarite|SandStream|RockSlide,KnockOff,LowKick,Protect|Jolly||M|||50|]Excadrill||FocusSash|SandRush|IronHead,HighHorsepower,RockSlide,Protect|Adamant||M|||50|]Gholdengo||LifeOrb|GoodasGold|ShadowBall,MakeItRain,NastyPlot,Protect|Modest|||||50|]Sinistcha||ColburBerry|Hospitality|MatchaGotcha,RagePowder,TrickRoom,Protect|Bold|||||50|]Staraptor||Staraptite|Intimidate|BraveBird,CloseCombat,Tailwind,Protect|Jolly||M|||50|]Sylveon||FairyFeather|Pixilate|HyperVoice,HyperBeam,QuickAttack,Protect|Modest||F|||50|
|showteam|p2|Froslass||Froslassite|CursedBody|Blizzard,ShadowBall,AuroraVeil,Protect|Timid||F|||50|]Dragonite||LifeOrb|InnerFocus|DragonClaw,ExtremeSpeed,Tailwind,Protect|Adamant||M|||50|]Sneasler||WhiteHerb|Unburden|CloseCombat,DireClaw,FakeOut,Protect|Adamant||M|||50|]Kingambit||BlackGlasses|Defiant|KowtowCleave,SuckerPunch,SwordsDance,Protect|Adamant||M|||50|]Arcanine-Hisui||FocusSash|RockHead|FlareBlitz,HeadSmash,ExtremeSpeed,Protect|Jolly||M|||50|]Venusaur||Venusaurite|Overgrow|GigaDrain,SludgeBomb,EarthPower,Protect|Modest||F|||50|
|inactive|Battle timer is ON: inactive players will automatically lose when time's up. (requested by A Regu1ar Guy)
|
|t:|1784572766
|teamsize|p1|4
|teamsize|p2|4
|start
|switch|p1a: Tyranitar|Tyranitar, L50, M|100/100
|switch|p1b: Excadrill|Excadrill, L50, M|100/100
|switch|p2a: Venusaur|Venusaur, L50, F|100/100
|switch|p2b: Arcanine|Arcanine-Hisui, L50, M|100/100
|-weather|Sandstorm|[from] ability: Sand Stream|[of] p1a: Tyranitar
|turn|1
|inactive|TobiYume has 30 seconds left.
|inactive|TobiYume has 20 seconds left.
|
|t:|1784572802
|switch|p1a: Staraptor|Staraptor, L50, M|100/100
|-ability|p1a: Staraptor|Intimidate|boost
|-unboost|p2a: Venusaur|atk|1
|-unboost|p2b: Arcanine|atk|1
|detailschange|p2a: Venusaur|Venusaur-Mega, L50, F
|-mega|p2a: Venusaur|Venusaur|Venusaurite
|move|p2b: Arcanine|Protect|p2b: Arcanine
|-singleturn|p2b: Arcanine|Protect
|move|p1b: Excadrill|High Horsepower|p2b: Arcanine
|-activate|p2b: Arcanine|move: Protect
|move|p2a: Venusaur|Earth Power|p1b: Excadrill
|-supereffective|p1b: Excadrill|1
|-damage|p1b: Excadrill|14/100
|
|-weather|Sandstorm|[upkeep]
|-damage|p1a: Staraptor|94/100|[from] Sandstorm
|-damage|p2a: Venusaur|94/100|[from] Sandstorm
|upkeep
|turn|2
|inactive|A Regu1ar Guy has 30 seconds left.
|inactive|A Regu1ar Guy has 20 seconds left.
|
|t:|1784572837
|switch|p2b: Kingambit|Kingambit, L50, M|100/100
|detailschange|p1a: Staraptor|Staraptor-Mega, L50, M
|-mega|p1a: Staraptor|Staraptor|Staraptite
|move|p1b: Excadrill|Iron Head|p2b: Kingambit
|-resisted|p2b: Kingambit|1
|-damage|p2b: Kingambit|82/100
|move|p1a: Staraptor|Close Combat|p2b: Kingambit
|-supereffective|p2b: Kingambit|2
|-damage|p2b: Kingambit|0 fnt
|-boost|p1a: Staraptor|def|1
|-boost|p1a: Staraptor|spd|1
|faint|p2b: Kingambit
|move|p2a: Venusaur|Giga Drain|p1b: Excadrill
|-damage|p1b: Excadrill|0 fnt
|-heal|p2a: Venusaur|100/100|[from] drain|[of] p1b: Excadrill
|faint|p1b: Excadrill
|
|-weather|Sandstorm|[upkeep]
|-damage|p1a: Staraptor|88/100|[from] Sandstorm
|-damage|p2a: Venusaur|94/100|[from] Sandstorm
|upkeep
|
|t:|1784572854
|switch|p1b: Tyranitar|Tyranitar, L50, M|100/100
|switch|p2b: Arcanine|Arcanine-Hisui, L50, M|100/100
|turn|3
|
|t:|1784572861
|switch|p2a: Sneasler|Sneasler, L50, M|100/100
|move|p2b: Arcanine|Protect|p2b: Arcanine
|-singleturn|p2b: Arcanine|Protect
|move|p1b: Tyranitar|Protect|p1b: Tyranitar
|-singleturn|p1b: Tyranitar|Protect
|move|p1a: Staraptor|Tailwind|p1a: Staraptor
|-sidestart|p1: TobiYume|move: Tailwind
|
|-weather|Sandstorm|[upkeep]
|-damage|p1a: Staraptor|82/100|[from] Sandstorm
|-damage|p2a: Sneasler|94/100|[from] Sandstorm
|upkeep
|turn|4
|
|t:|1784572874
|switch|p1b: Sinistcha|Sinistcha, L50|100/100
|-heal|p1a: Staraptor|100/100|[from] ability: Hospitality|[of] p1b: Sinistcha
|move|p1a: Staraptor|Close Combat|p2b: Arcanine
|-supereffective|p2b: Arcanine|1
|-crit|p2b: Arcanine
|-enditem|p2b: Arcanine|Focus Sash
|-damage|p2b: Arcanine|1/100
|-boost|p1a: Staraptor|def|1
|-boost|p1a: Staraptor|spd|1
|move|p2a: Sneasler|Close Combat|p1b: Sinistcha
|-immune|p1b: Sinistcha
|move|p2b: Arcanine|Head Smash|p1a: Staraptor
|-crit|p1a: Staraptor
|-damage|p1a: Staraptor|0 fnt
|faint|p1a: Staraptor
|
|-weather|Sandstorm|[upkeep]
|-damage|p1b: Sinistcha|94/100|[from] Sandstorm
|-damage|p2a: Sneasler|88/100|[from] Sandstorm
|upkeep
|
|t:|1784572884
|switch|p1a: Tyranitar|Tyranitar, L50, M|100/100
|turn|5
|
|t:|1784572897
|move|p2a: Sneasler|Protect|p2a: Sneasler
|-singleturn|p2a: Sneasler|Protect
|move|p2b: Arcanine|Extreme Speed|p1a: Tyranitar
|-resisted|p1a: Tyranitar|1
|-damage|p1a: Tyranitar|88/100
|move|p1a: Tyranitar|Rock Slide|p2b: Arcanine|[spread] p2b
|-activate|p2a: Sneasler|move: Protect
|-supereffective|p2b: Arcanine|1
|-damage|p2b: Arcanine|0 fnt
|faint|p2b: Arcanine
|move|p1b: Sinistcha|Matcha Gotcha|p2a: Sneasler
|-activate|p2a: Sneasler|move: Protect
|
|-weather|none
|upkeep
|
|t:|1784572898
|switch|p2b: Venusaur|Venusaur-Mega, L50, F|94/100
|turn|6
|
|t:|1784572905
|move|p1a: Tyranitar|Knock Off|p2a: Sneasler
|-resisted|p2a: Sneasler|1
|-damage|p2a: Sneasler|59/100
|-enditem|p2a: Sneasler|White Herb|[from] move: Knock Off|[of] p1a: Tyranitar
|move|p2a: Sneasler|Dire Claw|p1a: Tyranitar
|-resisted|p1a: Tyranitar|1
|-damage|p1a: Tyranitar|71/100
|move|p1b: Sinistcha|Matcha Gotcha|p2b: Venusaur|[spread] p2a,p2b
|-resisted|p2a: Sneasler|1
|-resisted|p2b: Venusaur|2
|-damage|p2a: Sneasler|45/100
|-heal|p1b: Sinistcha|100/100|[from] drain|[of] p2a: Sneasler
|-damage|p2b: Venusaur|88/100
|move|p2b: Venusaur|Earth Power|p1a: Tyranitar
|-supereffective|p1a: Tyranitar|1
|-damage|p1a: Tyranitar|14/100
|
|-sideend|p1: TobiYume|move: Tailwind
|upkeep
|turn|7
|
|t:|1784572915
|move|p1a: Tyranitar|Protect|p1a: Tyranitar
|-singleturn|p1a: Tyranitar|Protect
|move|p2a: Sneasler|Dire Claw|p1a: Tyranitar
|-activate|p1a: Tyranitar|move: Protect
|move|p2b: Venusaur|Sludge Bomb|p1b: Sinistcha
|-damage|p1b: Sinistcha|50/100g
|move|p1b: Sinistcha|Matcha Gotcha|p2b: Venusaur|[spread] p2b
|-miss|p1b: Sinistcha|p2a: Sneasler
|-resisted|p2b: Venusaur|2
|-damage|p2b: Venusaur|83/100
|-heal|p1b: Sinistcha|53/100|[from] drain|[of] p2b: Venusaur
|
|upkeep
|turn|8
|
|t:|1784572921
|move|p1a: Tyranitar|Protect||[still]
|-fail|p1a: Tyranitar
|move|p2a: Sneasler|Dire Claw|p1a: Tyranitar
|-resisted|p1a: Tyranitar|1
|-damage|p1a: Tyranitar|0 fnt
|faint|p1a: Tyranitar
|move|p2b: Venusaur|Sludge Bomb|p1b: Sinistcha
|-damage|p1b: Sinistcha|6/100
|move|p1b: Sinistcha|Trick Room|p1b: Sinistcha
|-fieldstart|move: Trick Room|[of] p1b: Sinistcha
|
|upkeep
|turn|9
|
|t:|1784572925
|move|p1b: Sinistcha|Matcha Gotcha|p2a: Sneasler|[spread] p2a,p2b
|-resisted|p2a: Sneasler|1
|-resisted|p2b: Venusaur|2
|-damage|p2a: Sneasler|29/100
|-heal|p1b: Sinistcha|14/100|[from] drain|[of] p2a: Sneasler
|-damage|p2b: Venusaur|78/100
|-heal|p1b: Sinistcha|17/100|[from] drain|[of] p2b: Venusaur
|-status|p2b: Venusaur|brn
|move|p2b: Venusaur|Sludge Bomb|p1b: Sinistcha
|-damage|p1b: Sinistcha|0 fnt
|faint|p1b: Sinistcha
|
|win|A Regu1ar Guy
||A Regu1ar Guy is ready for game 2.
||TobiYume is ready for game 2.
|uhtml|next|Next: Game 2 of 3
|l|☆A Regu1ar Guy
|player|p2|
