|j|☆Voltx5
|j|☆That1Morpecko
|html|Voltx5That1Morpecko    
|uhtml|bestof|Game 2 of a best-of-3
|t:|1782702086
|gametype|doubles
|player|p1|Voltx5|169|1168
|player|p2|That1Morpecko|hiker-gen4|1187
|gen|9
|tier|[Gen 9 Champions] VGC 2026 Reg M-B (Bo3)
|rated|
|rule|Species Clause: Limit one of each Pokémon
|rule|Item Clause: Limit 1 of each item
|clearpoke
|poke|p1|Raichu, L50, M|
|poke|p1|Lopunny, L50, F|
|poke|p1|Torkoal, L50, M|
|poke|p1|Spiritomb, L50, M, shiny|
|poke|p1|Sinistcha-Masterpiece, L50|
|poke|p1|Annihilape, L50, F, shiny|
|poke|p2|Sinistcha, L50|
|poke|p2|Incineroar, L50, F|
|poke|p2|Milotic, L50, F|
|poke|p2|Raichu, L50, F|
|poke|p2|Floette-Eternal, L50, F|
|poke|p2|Ceruledge, L50, F|
|teampreview|4
|showteam|p1|Raichu||RaichuniteX|LightningRod|FakeOut,RisingVoltage,DazzlingGleam,Protect|Modest||M|||50|]Lopunny||Lopunnite|Limber|FakeOut,AfterYou,CloseCombat,Facade|Jolly||F|||50|]Torkoal||Charcoal|Drought|Protect,Eruption,Flamethrower,EarthPower|Quiet||M|||50|]Spiritomb||RoseliBerry|Infiltrator|Protect,TrickRoom,DarkPulse,NastyPlot|Quiet||M|||50|]Sinistcha-Masterpiece||SitrusBerry|Hospitality|Protect,RagePowder,MatchaGotcha,LifeDew|Relaxed|||||50|]Annihilape||ExpertBelt|Defiant|Protect,CloseCombat,IcePunch,ShadowClaw|Adamant||F|||50|
|showteam|p2|Sinistcha||KasibBerry|Hospitality|MatchaGotcha,LifeDew,RagePowder,Protect|Relaxed|||||50|]Incineroar||SitrusBerry|Intimidate|FlareBlitz,ThroatChop,FakeOut,PartingShot|Impish||F|||50|]Milotic||Leftovers|Competitive|MuddyWater,Coil,Hypnosis,Protect|Calm||F|||50|]Raichu||RaichuniteY|LightningRod|ZapCannon,FocusBlast,FakeOut,Protect|Timid||F|||50|]Floette-Eternal||Floettite|FlowerVeil|DazzlingGleam,DrainingKiss,CalmMind,Protect|Timid||F|||50|]Ceruledge||ColburBerry|FlashFire|BitterBlade,ShadowSneak,BulkUp,Protect|Adamant||F|||50|
|inactive|Battle timer is ON: inactive players will automatically lose when time's up. (requested by That1Morpecko)
|inactive|Voltx5 has 60 seconds left.
|inactive|That1Morpecko has 60 seconds left.
|
|t:|1782702125
|teamsize|p1|4
|teamsize|p2|4
|start
|switch|p1a: Lopunny|Lopunny, L50, F|100/100
|switch|p1b: Torkoal|Torkoal, L50, M|100/100
|switch|p2a: Floette|Floette-Eternal, L50, F|100/100
|switch|p2b: Incineroar|Incineroar, L50, F|100/100
|-ability|p2b: Incineroar|Intimidate|boost
|-unboost|p1a: Lopunny|atk|1
|-unboost|p1b: Torkoal|atk|1
|-weather|SunnyDay|[from] ability: Drought|[of] p1b: Torkoal
|turn|1
|
|t:|1782702139
|detailschange|p1a: Lopunny|Lopunny-Mega, L50, F
|-mega|p1a: Lopunny|Lopunny|Lopunnite
|detailschange|p2a: Floette|Floette-Mega, L50, F
|-mega|p2a: Floette|Floette|Floettite
|-ability|p2a: Floette|Fairy Aura
|move|p1b: Torkoal|Protect|p1b: Torkoal
|-singleturn|p1b: Torkoal|Protect
|move|p1a: Lopunny|Fake Out|p2a: Floette
|-damage|p2a: Floette|85/100
|move|p2b: Incineroar|Fake Out|p1b: Torkoal
|-activate|p1b: Torkoal|move: Protect
|cant|p2a: Floette|flinch
|
|-weather|SunnyDay|[upkeep]
|upkeep
|turn|2
|inactive|Voltx5 has 30 seconds left.
|inactive|That1Morpecko has 30 seconds left.
|inactive|Voltx5 has 20 seconds left.
|
|t:|1782702178
|switch|p1a: Sinistcha|Sinistcha-Masterpiece, L50|100/100
|move|p2a: Floette|Protect|p2a: Floette
|-singleturn|p2a: Floette|Protect
|move|p2b: Incineroar|Parting Shot|p1b: Torkoal
|-unboost|p1b: Torkoal|atk|1
|-unboost|p1b: Torkoal|spa|1
|
|t:|1782702186
|switch|p2b: Sinistcha|Sinistcha, L50|100/100|[from] Parting Shot
|-heal|p2a: Floette|100/100|[from] ability: Hospitality|[of] p2b: Sinistcha
|move|p1b: Torkoal|Flamethrower|p2a: Floette
|-activate|p2a: Floette|move: Protect
|
|-weather|SunnyDay|[upkeep]
|upkeep
|turn|3
|
|t:|1782702205
|move|p2a: Floette|Dazzling Gleam|p1a: Sinistcha|[spread] p1a,p1b
|-resisted|p1b: Torkoal|1
|-damage|p1a: Sinistcha|65/100
|-damage|p1b: Torkoal|74/100
|move|p2b: Sinistcha|Life Dew||[still]|[still]|[spread] 
|-fail|p2a: Floette|heal
|-fail|p2b: Sinistcha|heal
|move|p1a: Sinistcha|Life Dew|p1a: Sinistcha|[spread] p1a,p1b
|-heal|p1a: Sinistcha|91/100
|-heal|p1b: Torkoal|100/100
|move|p1b: Torkoal|Eruption|p2a: Floette|[spread] p2a,p2b
|-supereffective|p2b: Sinistcha|1
|-crit|p2b: Sinistcha
|-damage|p2a: Floette|53/100
|-damage|p2b: Sinistcha|0 fnt
|faint|p2b: Sinistcha
|
|-weather|SunnyDay|[upkeep]
|upkeep
|
|t:|1782702229
|switch|p2b: Ceruledge|Ceruledge, L50, F|100/100
|turn|4
|
|t:|1782702253
|move|p2a: Floette|Calm Mind|p2a: Floette
|-boost|p2a: Floette|spa|1
|-boost|p2a: Floette|spd|1
|move|p2b: Ceruledge|Bitter Blade|p1a: Sinistcha
|-supereffective|p1a: Sinistcha|1
|-damage|p1a: Sinistcha|0 fnt
|faint|p1a: Sinistcha
|move|p1b: Torkoal|Flamethrower|p2a: Floette
|-damage|p2a: Floette|26/100
|
|-weather|SunnyDay|[upkeep]
|upkeep
|
|t:|1782702263
|switch|p1a: Lopunny|Lopunny-Mega, L50, F|100/100
|turn|5
|
|t:|1782702274
|move|p2a: Floette|Protect|p2a: Floette
|-singleturn|p2a: Floette|Protect
|move|p1a: Lopunny|Fake Out|p2b: Ceruledge
|-damage|p2b: Ceruledge|75/100
|cant|p2b: Ceruledge|flinch
|move|p1b: Torkoal|Eruption|p2a: Floette|[spread] 
|-activate|p2a: Floette|move: Protect
|-start|p2b: Ceruledge|ability: Flash Fire
|
|-weather|none
|upkeep
|turn|6
|inactive|Voltx5 has 30 seconds left.
|inactive|That1Morpecko has 30 seconds left.
|
|t:|1782702306
|move|p2a: Floette|Protect|p2a: Floette
|-singleturn|p2a: Floette|Protect
|move|p1a: Lopunny|Close Combat|p2b: Ceruledge
|-damage|p2b: Ceruledge|1/100
|-unboost|p1a: Lopunny|def|1
|-unboost|p1a: Lopunny|spd|1
|move|p2b: Ceruledge|Bitter Blade|p1a: Lopunny
|-damage|p1a: Lopunny|0 fnt
|-heal|p2b: Ceruledge|40/100|[from] drain|[of] p1a: Lopunny
|faint|p1a: Lopunny
|move|p1b: Torkoal|Eruption|p2a: Floette|[spread] 
|-activate|p2a: Floette|move: Protect
|-immune|p2b: Ceruledge|[from] ability: Flash Fire
|
|upkeep
|
|t:|1782702311
|switch|p1a: Spiritomb|Spiritomb, L50, M, shiny|100/100
|turn|7
|
|t:|1782702328
|move|p1b: Torkoal|Protect|p1b: Torkoal
|-singleturn|p1b: Torkoal|Protect
|move|p2b: Ceruledge|Shadow Sneak|p1b: Torkoal
|-activate|p1b: Torkoal|move: Protect
|move|p2a: Floette|Dazzling Gleam|p1b: Torkoal|[spread] p1a
|-activate|p1b: Torkoal|move: Protect
|-supereffective|p1a: Spiritomb|1
|-enditem|p1a: Spiritomb|Roseli Berry|[eat]
|-enditem|p1a: Spiritomb|Roseli Berry|[weaken]
|-damage|p1a: Spiritomb|43/100
|move|p1a: Spiritomb|Trick Room|p1a: Spiritomb
|-fieldstart|move: Trick Room|[of] p1a: Spiritomb
|
|upkeep
|turn|8
|
|t:|1782702344
|move|p2a: Floette|Protect|p2a: Floette
|-singleturn|p2a: Floette|Protect
|move|p2b: Ceruledge|Shadow Sneak|p1b: Torkoal
|-damage|p1b: Torkoal|79/100
|move|p1b: Torkoal|Eruption|p2b: Ceruledge|[spread] 
|-activate|p2a: Floette|move: Protect
|-immune|p2b: Ceruledge|[from] ability: Flash Fire
|move|p1a: Spiritomb|Dark Pulse|p2b: Ceruledge
|-supereffective|p2b: Ceruledge|1
|-enditem|p2b: Ceruledge|Colbur Berry|[eat]
|-enditem|p2b: Ceruledge|Colbur Berry|[weaken]
|-damage|p2b: Ceruledge|11/100
|
|upkeep
|turn|9
|
|t:|1782702369
|switch|p2a: Incineroar|Incineroar, L50, F|100/100
|-ability|p2a: Incineroar|Intimidate|boost
|-unboost|p1a: Spiritomb|atk|1
|-unboost|p1b: Torkoal|atk|1
|move|p2b: Ceruledge|Shadow Sneak|p1b: Torkoal
|-damage|p1b: Torkoal|58/100
|move|p1b: Torkoal|Eruption|p2b: Ceruledge|[spread] p2a
|-immune|p2b: Ceruledge|[from] ability: Flash Fire
|-resisted|p2a: Incineroar|1
|-damage|p2a: Incineroar|91/100
|move|p1a: Spiritomb|Dark Pulse|p2b: Ceruledge
|-supereffective|p2b: Ceruledge|1
|-damage|p2b: Ceruledge|0 fnt
|faint|p2b: Ceruledge
|
|upkeep
|
|t:|1782702381
|switch|p2b: Floette|Floette-Mega, L50, F|26/100
|-ability|p2b: Floette|Fairy Aura
|turn|10
|
|t:|1782702392
|move|p1b: Torkoal|Protect|p1b: Torkoal
|-singleturn|p1b: Torkoal|Protect
|move|p1a: Spiritomb|Protect|p1a: Spiritomb
|-singleturn|p1a: Spiritomb|Protect
|move|p2a: Incineroar|Fake Out|p1b: Torkoal
|-activate|p1b: Torkoal|move: Protect
|move|p2b: Floette|Draining Kiss|p1a: Spiritomb
|-activate|p1a: Spiritomb|move: Protect
|
|upkeep
|turn|11
|
|t:|1782702405
|move|p2b: Floette|Protect|p2b: Floette
|-singleturn|p2b: Floette|Protect
|move|p1b: Torkoal|Earth Power|p2a: Incineroar
|-supereffective|p2a: Incineroar|1
|-damage|p2a: Incineroar|56/100
|move|p1a: Spiritomb|Nasty Plot|p1a: Spiritomb
|-boost|p1a: Spiritomb|spa|2
|move|p2a: Incineroar|Throat Chop|p1b: Torkoal
|-damage|p1b: Torkoal|31/100
|-start|p1b: Torkoal|Throat Chop|[silent]
|
|-fieldend|move: Trick Room
|upkeep
|turn|12
|
|t:|1782702422
|move|p2b: Floette|Dazzling Gleam|p1a: Spiritomb|[spread] p1a,p1b
|-supereffective|p1a: Spiritomb|1
|-resisted|p1b: Torkoal|1
|-damage|p1a: Spiritomb|0 fnt
|-damage|p1b: Torkoal|9/100
|faint|p1a: Spiritomb
|move|p2a: Incineroar|Throat Chop|p1b: Torkoal
|-damage|p1b: Torkoal|0 fnt
|faint|p1b: Torkoal
|
|win|That1Morpecko
|raw|Voltx5's rating: 1168 → 1144(-24 for losing)
|raw|That1Morpecko's rating: 1187 → 1211(+24 for winning)
|l|☆Voltx5
|player|p1|
