|j|☆Sandyboio66
|j|☆ScarletHunter22
|html|Sandyboio66ScarletHunter22    
|uhtml|bestof|Game 1 of a best-of-3
|t:|1757787578
|gametype|doubles
|player|p1|Sandyboio66|102|1143
|player|p2|ScarletHunter22|1|1109
|gen|9
|tier|[Gen 9] VGC 2025 Reg H (Bo3)
|rated|
|rule|Species Clause: Limit one of each Pokémon
|rule|Item Clause: Limit 1 of each item
|clearpoke
|poke|p1|Ninetales-Alola, L50, M|
|poke|p1|Basculegion, L50, M|
|poke|p1|Sneasler, L50, M|
|poke|p1|Ceruledge, L50, M|
|poke|p1|Magnezone, L50|
|poke|p1|Salamence, L50, M|
|poke|p2|Kilowattrel, L50, M|
|poke|p2|Amoonguss, L50, M|
|poke|p2|Incineroar, L50, F|
|poke|p2|Porygon2, L50|
|poke|p2|Gholdengo, L50|
|poke|p2|Ursaluna, L50, F|
|teampreview|4
|showteam|p1|Ninetales-Alola||NeverMeltIce|SnowWarning|Protect,Blizzard,FreezeDry,Encore|||M|||50|,,,,,Ghost]Basculegion||ChoiceScarf|Adaptability|WaveCrash,LastRespects,TeraBlast,FlipTurn|||M|||50|,,,,,Fairy]Sneasler||AssaultVest|PoisonTouch|FakeOut,CloseCombat,ThroatChop,DireClaw|||M|||50|,,,,,Dark]Ceruledge||ClearAmulet|FlashFire|BitterBlade,CloseCombat,BulkUp,Protect|||M|||50|,,,,,Fighting]Magnezone||ChoiceSpecs|Analytic|VoltSwitch,Thunderbolt,FlashCannon,TeraBlast||||||50|,,,,,Flying]Salamence||LifeOrb|Intimidate|DracoMeteor,AirSlash,Tailwind,Protect|||M|||50|,,,,,Flying
|showteam|p2|Kilowattrel||FocusSash|Competitive|Thunderbolt,AirSlash,Tailwind,Protect|||M|||50|,,,,,Ghost]Amoonguss||SitrusBerry|Regenerator|PollenPuff,Spore,RagePowder,Protect|||M|||50|,,,,,Water]Incineroar||SafetyGoggles|Intimidate|FakeOut,FlareBlitz,KnockOff,PartingShot|||F|||50|,,,,,Ghost]Porygon2||Eviolite|Download|TeraBlast,IceBeam,Recover,TrickRoom||||||50|,,,,,Fighting]Gholdengo||MetalCoat|GoodasGold|MakeItRain,ShadowBall,NastyPlot,Protect||||||50|,,,,,Flying]Ursaluna||FlameOrb|Guts|Facade,HeadlongRush,Earthquake,Protect|||F|||50|,,,,,Ghost
|
|t:|1757787647
|teamsize|p1|4
|teamsize|p2|4
|start
|switch|p1a: Sneasler|Sneasler, L50, M|100/100
|switch|p1b: Ceruledge|Ceruledge, L50, M|100/100
|switch|p2a: Gholdengo|Gholdengo, L50|100/100
|switch|p2b: Kilowattrel|Kilowattrel, L50, M|100/100
|turn|1
|
|t:|1757787675
|move|p2a: Gholdengo|Protect|p2a: Gholdengo
|-singleturn|p2a: Gholdengo|Protect
|move|p1a: Sneasler|Fake Out|p2b: Kilowattrel
|-damage|p2b: Kilowattrel|76/100
|-status|p2b: Kilowattrel|psn|[from] ability: Poison Touch|[of] p1a: Sneasler
|cant|p2b: Kilowattrel|flinch
|move|p1b: Ceruledge|Bitter Blade|p2a: Gholdengo
|-activate|p2a: Gholdengo|move: Protect
|
|-damage|p2b: Kilowattrel|64/100 psn|[from] psn
|upkeep
|turn|2
|
|t:|1757787696
|move|p2b: Kilowattrel|Tailwind|p2b: Kilowattrel
|-sidestart|p2: ScarletHunter22|move: Tailwind
|move|p2a: Gholdengo|Shadow Ball|p1b: Ceruledge
|-supereffective|p1b: Ceruledge
|-damage|p1b: Ceruledge|0 fnt
|faint|p1b: Ceruledge
|move|p1a: Sneasler|Close Combat|p2a: Gholdengo
|-immune|p2a: Gholdengo
|
|-damage|p2b: Kilowattrel|52/100 psn|[from] psn
|upkeep
|
|t:|1757787708
|switch|p1b: Salamence|Salamence, L50, M|100/100
|-ability|p1b: Salamence|Intimidate|boost
|-unboost|p2a: Gholdengo|atk|1
|-unboost|p2b: Kilowattrel|atk|1
|-ability|p2b: Kilowattrel|Competitive|boost
|-boost|p2b: Kilowattrel|spa|2
|turn|3
|
|t:|1757787763
|-terastallize|p1a: Sneasler|Dark
|move|p2b: Kilowattrel|Air Slash|p1a: Sneasler
|-damage|p1a: Sneasler|38/100
|move|p2a: Gholdengo|Make It Rain|p1a: Sneasler|[spread] p1a,p1b
|-damage|p1a: Sneasler|0 fnt
|-damage|p1b: Salamence|23/100
|-unboost|p2a: Gholdengo|spa|1
|faint|p1a: Sneasler
|move|p1b: Salamence|Tailwind|p1b: Salamence
|-sidestart|p1: Sandyboio66|move: Tailwind
|
|-damage|p2b: Kilowattrel|39/100 psn|[from] psn
|upkeep
|
|t:|1757787772
|switch|p1a: Basculegion|Basculegion, L50, M|100/100
|turn|4
|
|t:|1757787798
|move|p2a: Gholdengo|Protect|p2a: Gholdengo
|-singleturn|p2a: Gholdengo|Protect
|move|p1a: Basculegion|Last Respects|p2b: Kilowattrel
|-damage|p2b: Kilowattrel|0 fnt
|faint|p2b: Kilowattrel
|move|p1b: Salamence|Air Slash|p2a: Gholdengo
|-activate|p2a: Gholdengo|move: Protect
|
|upkeep
|
|t:|1757787807
|switch|p2b: Incineroar|Incineroar, L50, F|100/100
|-ability|p2b: Incineroar|Intimidate|boost
|-unboost|p1a: Basculegion|atk|1
|-unboost|p1b: Salamence|atk|1
|turn|5
|
|t:|1757787829
|switch|p2a: Porygon2|Porygon2, L50|100/100
|-ability|p2a: Porygon2|Download|boost
|-boost|p2a: Porygon2|atk|1
|-terastallize|p2b: Incineroar|Ghost
|move|p1a: Basculegion|Last Respects|p2a: Porygon2
|-immune|p2a: Porygon2
|move|p1b: Salamence|Air Slash|p2a: Porygon2|[miss]
|-miss|p1b: Salamence|p2a: Porygon2
|move|p2b: Incineroar|Knock Off|p1a: Basculegion
|-supereffective|p1a: Basculegion
|-damage|p1a: Basculegion|0 fnt
|-enditem|p1a: Basculegion|Choice Scarf|[from] move: Knock Off|[of] p2b: Incineroar
|faint|p1a: Basculegion
|
|-sideend|p2: ScarletHunter22|move: Tailwind
|upkeep
|turn|6
|-message|Sandyboio66 forfeited.
|
|win|ScarletHunter22
|l|☆Sandyboio66
|player|p1|
||Sandyboio66 is ready for game 2.
||ScarletHunter22 is ready for game 2.
|uhtml|next|Next: Game 2 of 3
