|j|☆MegaJouleVGC
|j|☆Sylviana GL
|html|MegaJouleVGCSylviana GL    
|uhtml|bestof|Game 3 of a best-of-3
|t:|1784792800
|gametype|doubles
|player|p1|MegaJouleVGC|artist|1271
|player|p2|Sylviana GL|caitlin|1172
|gen|9
|tier|[Gen 9 Champions] VGC 2026 Reg M-B (Bo3)
|rated|
|rule|Species Clause: Limit one of each Pokémon
|rule|Item Clause: Limit 1 of each item
|clearpoke
|poke|p1|Staraptor, L50, F|
|poke|p1|Whimsicott, L50, F|
|poke|p1|Kingambit, L50, M|
|poke|p1|Toxapex, L50, F|
|poke|p1|Sinistcha, L50|
|poke|p1|Camerupt, L50, F|
|poke|p2|Aerodactyl, L50, M, shiny|
|poke|p2|Charizard, L50, F|
|poke|p2|Sylveon, L50, F|
|poke|p2|Garchomp, L50, M|
|poke|p2|Kingambit, L50, F|
|poke|p2|Incineroar, L50, M|
|teampreview|4
|showteam|p1|Staraptor||Staraptite|Intimidate|CloseCombat,BraveBird,Roost,Protect|Jolly||F|||50|]Whimsicott||FairyFeather|Prankster|Tailwind,Encore,Moonblast,Charm|Timid||F|||50|]Kingambit||FocusSash|Defiant|SuckerPunch,IronHead,SwordsDance,Protect|Adamant||M|||50|]Toxapex||Leftovers|Regenerator|WideGuard,Toxic,Infestation,BanefulBunker|Sassy||F|||50|]Sinistcha||CobaBerry|Hospitality|TrickRoom,RagePowder,MatchaGotcha,Protect|Relaxed|||||50|]Camerupt||Cameruptite|SolidRock|EarthPower,AncientPower,Eruption,Protect|Quiet||F|||50|
|showteam|p2|Aerodactyl||Aerodactylite|Unnerve|RockSlide,IceFang,Tailwind,WideGuard|Jolly||M|||50|]Charizard||CharizarditeY|Blaze|HeatWave,WeatherBall,SolarBeam,Protect|Modest||F|||50|]Sylveon||FairyFeather|Pixilate|HyperVoice,HyperBeam,QuickAttack,Detect|Modest||F|||50|]Garchomp||LifeOrb|RoughSkin|DragonClaw,Earthquake,StompingTantrum,Protect|Jolly||M|||50|]Kingambit||FocusSash|Defiant|SuckerPunch,KowtowCleave,IronHead,Protect|Adamant||F|||50|]Incineroar||SitrusBerry|Intimidate|FlareBlitz,ThroatChop,FakeOut,PartingShot|Impish||M|||50|
|inactive|Battle timer is ON: inactive players will automatically lose when time's up. (requested by MegaJouleVGC)
|inactive|MegaJouleVGC has 60 seconds left.
|inactive|MegaJouleVGC has 30 seconds left.
|
|t:|1784792864
|teamsize|p1|4
|teamsize|p2|4
|start
|switch|p1a: Toxapex|Toxapex, L50, F|100/100
|switch|p1b: Kingambit|Kingambit, L50, M|100/100
|switch|p2a: Aerodactyl|Aerodactyl, L50, M, shiny|100/100
|switch|p2b: Sylveon|Sylveon, L50, F|100/100
|-ability|p2a: Aerodactyl|Unnerve
|turn|1
|inactive|Sylviana GL has 30 seconds left.
|
|t:|1784792890
|move|p1b: Kingambit|Protect|p1b: Kingambit
|-singleturn|p1b: Kingambit|Protect
|move|p2a: Aerodactyl|Ice Fang|p1b: Kingambit
|-activate|p1b: Kingambit|move: Protect
|move|p2b: Sylveon|Hyper Beam|p1b: Kingambit
|-activate|p1b: Kingambit|move: Protect
|move|p1a: Toxapex|Infestation|p2a: Aerodactyl
|-resisted|p2a: Aerodactyl|1
|-damage|p2a: Aerodactyl|98/100
|-activate|p2a: Aerodactyl|move: Infestation|[of] p1a: Toxapex
|
|-damage|p2a: Aerodactyl|86/100|[from] move: Infestation|[partiallytrapped]
|upkeep
|turn|2
|inactive|MegaJouleVGC has 30 seconds left.
|inactive|MegaJouleVGC has 20 seconds left.
|inactive|MegaJouleVGC has 15 seconds left.
|
|t:|1784792933
|move|p2b: Sylveon|Detect|p2b: Sylveon
|-singleturn|p2b: Sylveon|Protect
|move|p1b: Kingambit|Sucker Punch||[still]
|-fail|p1b: Kingambit
|move|p2a: Aerodactyl|Tailwind|p2a: Aerodactyl
|-sidestart|p2: Sylviana GL|move: Tailwind
|move|p1a: Toxapex|Toxic|p2b: Sylveon
|-activate|p2b: Sylveon|move: Protect
|
|-damage|p2a: Aerodactyl|74/100|[from] move: Infestation|[partiallytrapped]
|upkeep
|turn|3
|inactive|MegaJouleVGC has 30 seconds left.
|inactive|Sylviana GL has 30 seconds left.
|
|t:|1784792967
|move|p1b: Kingambit|Sucker Punch|p2a: Aerodactyl
|-damage|p2a: Aerodactyl|21/100
|move|p2a: Aerodactyl|Ice Fang|p1b: Kingambit
|-resisted|p1b: Kingambit|1
|-damage|p1b: Kingambit|92/100
|move|p2b: Sylveon|Hyper Beam|p1b: Kingambit
|-damage|p1b: Kingambit|0 fnt
|-mustrecharge|p2b: Sylveon
|faint|p1b: Kingambit
|move|p1a: Toxapex|Toxic|p2b: Sylveon
|-status|p2b: Sylveon|tox
|
|-damage|p2b: Sylveon|94/100 tox|[from] psn
|-damage|p2a: Aerodactyl|9/100|[from] move: Infestation|[partiallytrapped]
|upkeep
|
|t:|1784792978
|switch|p1b: Staraptor|Staraptor, L50, F|100/100
|-ability|p1b: Staraptor|Intimidate|boost
|-unboost|p2a: Aerodactyl|atk|1
|-unboost|p2b: Sylveon|atk|1
|turn|4
|inactive|MegaJouleVGC has 30 seconds left.
|
|t:|1784793009
|detailschange|p1b: Staraptor|Staraptor-Mega, L50, F
|-mega|p1b: Staraptor|Staraptor|Staraptite
|move|p2a: Aerodactyl|Ice Fang|p1b: Staraptor
|-supereffective|p1b: Staraptor|1
|-damage|p1b: Staraptor|79/100
|cant|p2b: Sylveon|recharge
|move|p1b: Staraptor|Close Combat|p2b: Sylveon
|-resisted|p2b: Sylveon|1
|-damage|p2b: Sylveon|63/100 tox
|-boost|p1b: Staraptor|def|1
|-boost|p1b: Staraptor|spd|1
|move|p1a: Toxapex|Infestation|p2b: Sylveon
|-resisted|p2b: Sylveon|1
|-damage|p2b: Sylveon|62/100 tox
|-activate|p2b: Sylveon|move: Infestation|[of] p1a: Toxapex
|
|-damage|p2b: Sylveon|51/100 tox|[from] psn
|-damage|p2a: Aerodactyl|0 fnt|[from] move: Infestation|[partiallytrapped]
|faint|p2a: Aerodactyl
|-damage|p2b: Sylveon|38/100 tox|[from] move: Infestation|[partiallytrapped]
|upkeep
|
|t:|1784793019
|switch|p2a: Garchomp|Garchomp, L50, M|100/100
|turn|5
|inactive|Sylviana GL has 30 seconds left.
|
|t:|1784793047
|switch|p1a: Whimsicott|Whimsicott, L50, F|100/100
|move|p1b: Staraptor|Protect|p1b: Staraptor
|-singleturn|p1b: Staraptor|Protect
|move|p2a: Garchomp|Stomping Tantrum|p1a: Whimsicott
|-resisted|p1a: Whimsicott|1
|-damage|p1a: Whimsicott|62/100
|-damage|p2a: Garchomp|90/100|[from] item: Life Orb
|move|p2b: Sylveon|Hyper Beam|p1b: Staraptor
|-activate|p1b: Staraptor|move: Protect
|
|-damage|p2b: Sylveon|21/100 tox|[from] psn
|-end|p2b: Sylveon|Infestation|[partiallytrapped]|[silent]
|-sideend|p2: Sylviana GL|move: Tailwind
|upkeep
|turn|6
|inactive|MegaJouleVGC has 30 seconds left.
|inactive|Sylviana GL has 30 seconds left.
|
|t:|1784793076
|move|p2b: Sylveon|Quick Attack|p1b: Staraptor
|-supereffective|p1b: Staraptor|1
|-damage|p1b: Staraptor|68/100
|move|p1a: Whimsicott|Moonblast|p2a: Garchomp
|-supereffective|p2a: Garchomp|1
|-damage|p2a: Garchomp|0 fnt
|faint|p2a: Garchomp
|move|p1b: Staraptor|Close Combat|p2b: Sylveon
|-resisted|p2b: Sylveon|1
|-damage|p2b: Sylveon|0 fnt
|-boost|p1b: Staraptor|def|1
|-boost|p1b: Staraptor|spd|1
|faint|p2b: Sylveon
|
|upkeep
|
|t:|1784793082
|switch|p2b: Charizard|Charizard, L50, F|100/100
|turn|7
|
|t:|1784793088
|detailschange|p2b: Charizard|Charizard-Mega-Y, L50, F
|-mega|p2b: Charizard|Charizard|Charizardite Y
|-weather|SunnyDay|[from] ability: Drought|[of] p2b: Charizard
|move|p1a: Whimsicott|Charm|p1b: Staraptor
|-boost|p1b: Staraptor|atk|2
|move|p1b: Staraptor|Brave Bird|p2b: Charizard
|-damage|p2b: Charizard|0 fnt
|faint|p2b: Charizard
|-damage|p1b: Staraptor|38/100|[from] Recoil
|
|win|MegaJouleVGC
|raw|MegaJouleVGC's rating: 1271 → 1289(+18 for winning)
|raw|Sylviana GL's rating: 1172 → 1154(-18 for losing)
|c|☆MegaJouleVGC|ggwp
|l|☆MegaJouleVGC
|player|p1|
