|j|☆JaLax06
|j|☆elchechin
|html|JaLax06elchechin    
|uhtml|bestof|Game 1 of a best-of-3
|t:|1782606721
|gametype|doubles
|player|p1|JaLax06|1|
|player|p2|elchechin|169|
|gen|9
|tier|[Gen 9 Champions] VGC 2026 Reg M-B (Bo3)
|rule|Species Clause: Limit one of each Pokémon
|rule|Item Clause: Limit 1 of each item
|clearpoke
|poke|p1|Raichu, L50, M|
|poke|p1|Pelipper, L50, F|
|poke|p1|Swampert, L50, F|
|poke|p1|Archaludon, L50, M|
|poke|p1|Basculegion, L50, M|
|poke|p1|Sinistcha, L50|
|poke|p2|Grimmsnarl, L50, M|
|poke|p2|Swampert, L50, F|
|poke|p2|Pelipper, L50, F|
|poke|p2|Archaludon, L50, F|
|poke|p2|Sinistcha, L50|
|poke|p2|Metagross, L50|
|teampreview|4
|showteam|p1|Raichu||RaichuniteY|LightningRod|ZapCannon,FakeOut,VoltSwitch,FocusBlast|Timid||M|||50|]Pelipper||FocusSash|Drizzle|WeatherBall,Tailwind,WideGuard,IceBeam|Modest||F|||50|]Swampert||Swampertite|Torrent|Earthquake,WaveCrash,Protect,IcePunch|Adamant||F|||50|]Archaludon||Leftovers|Stamina|ElectroShot,DragonPulse,Protect,FlashCannon|Modest||M|||50|]Basculegion||LifeOrb|SwiftSwim|AquaJet,LastRespects,WaveCrash,Protect|Adamant||M|||50|]Sinistcha||SitrusBerry|Hospitality|Protect,RagePowder,MatchaGotcha,LifeDew|Calm|||||50|
|showteam|p2|Grimmsnarl||LightClay|Prankster|FoulPlay,PartingShot,LightScreen,Reflect|Calm||M|||50|]Swampert||Swampertite|Damp|Protect,IcePunch,WaveCrash,Earthquake|Adamant||F|||50|]Pelipper||SitrusBerry|Drizzle|WideGuard,Tailwind,WeatherBall,Hurricane|Modest||F|||50|]Archaludon||Leftovers|Stamina|Protect,ElectroShot,FlashCannon,DragonPulse|Modest||F|||50|]Sinistcha||CobaBerry|Hospitality|Protect,TrickRoom,MatchaGotcha,RagePowder|Relaxed|||||50|]Metagross||Metagrossite|ClearBody|Protect,BodyPress,PsychicFangs,IronHead|Jolly|||||50|
|c|☆JaLax06|suerte bro!
|c|☆elchechin|igualmente!
|
|t:|1782606816
|teamsize|p1|4
|teamsize|p2|4
|start
|switch|p1a: Raichu|Raichu, L50, M|100/100
|switch|p1b: Archaludon|Archaludon, L50, M|100/100
|switch|p2a: Grimmsnarl|Grimmsnarl, L50, M|100/100
|switch|p2b: Swampert|Swampert, L50, F|100/100
|turn|1
|
|t:|1782606858
|switch|p2a: Pelipper|Pelipper, L50, F|100/100
|-weather|RainDance|[from] ability: Drizzle|[of] p2a: Pelipper
|detailschange|p1a: Raichu|Raichu-Mega-Y, L50, M
|-mega|p1a: Raichu|Raichu|Raichunite Y
|detailschange|p2b: Swampert|Swampert-Mega, L50, F
|-mega|p2b: Swampert|Swampert|Swampertite
|move|p1a: Raichu|Fake Out|p2b: Swampert
|-damage|p2b: Swampert|92/100
|cant|p2b: Swampert|flinch
|move|p1b: Archaludon|Dragon Pulse|p2b: Swampert
|-damage|p2b: Swampert|51/100
|
|-weather|RainDance|[upkeep]
|upkeep
|turn|2
|
|t:|1782606891
|move|p2b: Swampert|Earthquake|p1b: Archaludon|[spread] p1a,p1b
|-immune|p2a: Pelipper
|-supereffective|p1a: Raichu|1
|-supereffective|p1b: Archaludon|1
|-damage|p1a: Raichu|0 fnt
|-damage|p1b: Archaludon|31/100
|-ability|p1b: Archaludon|Stamina|boost
|-boost|p1b: Archaludon|def|1
|faint|p1a: Raichu
|move|p1b: Archaludon|Electro Shot||[still]
|-prepare|p1b: Archaludon|Electro Shot
|-boost|p1b: Archaludon|spa|1
|-anim|p1b: Archaludon|Electro Shot|p2a: Pelipper
|-supereffective|p2a: Pelipper|2
|-damage|p2a: Pelipper|0 fnt
|faint|p2a: Pelipper
|
|-weather|RainDance|[upkeep]
|-heal|p1b: Archaludon|37/100|[from] item: Leftovers
|upkeep
|
|t:|1782606910
|switch|p1a: Pelipper|Pelipper, L50, F|100/100
|switch|p2a: Archaludon|Archaludon, L50, F|100/100
|turn|3
|
|t:|1782606936
|move|p1b: Archaludon|Protect|p1b: Archaludon
|-singleturn|p1b: Archaludon|Protect
|move|p2b: Swampert|Ice Punch|p1a: Pelipper
|-damage|p1a: Pelipper|57/100
|move|p1a: Pelipper|Tailwind|p1a: Pelipper
|-sidestart|p1: JaLax06|move: Tailwind
|move|p2a: Archaludon|Electro Shot||[still]
|-prepare|p2a: Archaludon|Electro Shot
|-boost|p2a: Archaludon|spa|1
|-anim|p2a: Archaludon|Electro Shot|p1a: Pelipper
|-supereffective|p1a: Pelipper|2
|-damage|p1a: Pelipper|0 fnt
|faint|p1a: Pelipper
|
|-weather|RainDance|[upkeep]
|-heal|p1b: Archaludon|43/100|[from] item: Leftovers
|upkeep
|
|t:|1782606943
|switch|p1a: Basculegion|Basculegion, L50, M|100/100
|turn|4
|
|t:|1782606971
|move|p2b: Swampert|Protect|p2b: Swampert
|-singleturn|p2b: Swampert|Protect
|move|p1a: Basculegion|Wave Crash|p2b: Swampert
|-activate|p2b: Swampert|move: Protect
|move|p1b: Archaludon|Dragon Pulse|p2a: Archaludon
|-damage|p2a: Archaludon|37/100
|-ability|p2a: Archaludon|Stamina|boost
|-boost|p2a: Archaludon|def|1
|move|p2a: Archaludon|Electro Shot||[still]
|-prepare|p2a: Archaludon|Electro Shot
|-boost|p2a: Archaludon|spa|1
|-anim|p2a: Archaludon|Electro Shot|p1a: Basculegion
|-supereffective|p1a: Basculegion|1
|-damage|p1a: Basculegion|0 fnt
|faint|p1a: Basculegion
|
|-weather|RainDance|[upkeep]
|-heal|p1b: Archaludon|49/100|[from] item: Leftovers
|-heal|p2a: Archaludon|43/100|[from] item: Leftovers
|upkeep
|turn|5
|
|t:|1782607001
|move|p1b: Archaludon|Dragon Pulse|p2a: Archaludon
|-damage|p2a: Archaludon|0 fnt
|faint|p2a: Archaludon
|move|p2b: Swampert|Ice Punch|p1b: Archaludon
|-damage|p1b: Archaludon|34/100
|-ability|p1b: Archaludon|Stamina|boost
|-boost|p1b: Archaludon|def|1
|
|-weather|none
|-heal|p1b: Archaludon|40/100|[from] item: Leftovers
|upkeep
|
|t:|1782607010
|switch|p2a: Grimmsnarl|Grimmsnarl, L50, M|100/100
|turn|6
|
|t:|1782607024
|move|p2b: Swampert|Protect|p2b: Swampert
|-singleturn|p2b: Swampert|Protect
|move|p2a: Grimmsnarl|Light Screen|p2a: Grimmsnarl
|-sidestart|p2: elchechin|move: Light Screen
|move|p1b: Archaludon|Dragon Pulse|p2b: Swampert
|-activate|p2b: Swampert|move: Protect
|
|-heal|p1b: Archaludon|46/100|[from] item: Leftovers
|-sideend|p1: JaLax06|move: Tailwind
|upkeep
|turn|7
|
|t:|1782607050
|move|p2a: Grimmsnarl|Reflect|p2a: Grimmsnarl
|-sidestart|p2: elchechin|Reflect
|move|p1b: Archaludon|Dragon Pulse|p2b: Swampert
|-damage|p2b: Swampert|11/100
|move|p2b: Swampert|Earthquake|p1b: Archaludon|[spread] p2a,p1b
|-supereffective|p1b: Archaludon|1
|-crit|p1b: Archaludon
|-damage|p2a: Grimmsnarl|67/100
|-damage|p1b: Archaludon|0 fnt
|faint|p1b: Archaludon
|
|win|elchechin
|inactive|JaLax06 has 30 seconds to confirm battle start!
|inactive|elchechin has 30 seconds to confirm battle start!
||JaLax06 is ready for game 2.
|inactive|elchechin has 20 seconds to confirm battle start!
|inactive|elchechin has 10 seconds to confirm battle start!
|l|☆elchechin
|player|p2|
|uhtml|next|Next: Game 2 of 3
