|j|☆KingEffigy
|j|☆pokeopposition
|html|KingEffigypokeopposition    
|uhtml|bestof|Game 1 of a best-of-3
|t:|1782354884
|gametype|doubles
|player|p1|KingEffigy|102|1000
|player|p2|pokeopposition|silver|1040
|gen|9
|tier|[Gen 9 Champions] VGC 2026 Reg M-B (Bo3)
|rated|
|rule|Species Clause: Limit one of each Pokémon
|rule|Item Clause: Limit 1 of each item
|clearpoke
|poke|p1|Gengar, L50, M|
|poke|p1|Aromatisse, L50, F|
|poke|p1|Dragapult, L50, M|
|poke|p1|Incineroar, L50, F|
|poke|p1|Whimsicott, L50, F|
|poke|p1|Garchomp, L50, F|
|poke|p2|Aerodactyl, L50, M, shiny|
|poke|p2|Charizard, L50, F, shiny|
|poke|p2|Zoroark-Hisui, L50, M|
|poke|p2|Garchomp, L50, F, shiny|
|poke|p2|Kingambit, L50, M, shiny|
|poke|p2|Meowscarada, L50, M, shiny|
|teampreview|4
|showteam|p1|Gengar||Gengarite|CursedBody|NastyPlot,ShadowBall,Protect,DazzlingGleam|Timid||M|||50|]Aromatisse||SitrusBerry|AromaVeil|AllySwitch,Encore,Moonblast,HelpingHand|Sassy||F|||50|]Dragapult||ExpertBelt|ClearBody|DragonDarts,PhantomForce,Uturn,PsychicFangs|Jolly||M|||50|]Incineroar||QuickClaw|Intimidate|FakeOut,DarkestLariat,PartingShot,FlareBlitz|Adamant||F|||50|]Whimsicott||FairyFeather|Prankster|Tailwind,Moonblast,Taunt,WorrySeed|Bold||F|||50|]Garchomp||LifeOrb|RoughSkin|RockSlide,Earthquake,Protect,IronHead|Jolly||F|||50|
|showteam|p2|Aerodactyl||Aerodactylite|Unnerve|DualWingbeat,RockSlide,Tailwind,WideGuard|Jolly||M|||50|]Charizard||CharizarditeY|Blaze|HeatWave,WeatherBall,Hurricane,Protect|Timid||F|||50|]Zoroark-Hisui||FocusSash|Illusion|HyperVoice,BitterMalice,Taunt,Protect|Timid||M|||50|]Garchomp||LifeOrb|RoughSkin|DragonClaw,RockSlide,Earthquake,Protect|Jolly||F|||50|]Kingambit||ChopleBerry|Defiant|SuckerPunch,KowtowCleave,LowKick,Protect|Adamant||M|||50|]Meowscarada||ChoiceScarf|Protean|FlowerTrick,KnockOff,PlayRough,Uturn|Jolly||M|||50|
|inactive|Battle timer is ON: inactive players will automatically lose when time's up. (requested by KingEffigy)
|inactive|KingEffigy has 60 seconds left.
|inactive|pokeopposition has 60 seconds left.
|
|t:|1782354919
|teamsize|p1|4
|teamsize|p2|4
|start
|switch|p1a: Aromatisse|Aromatisse, L50, F|100/100
|switch|p1b: Incineroar|Incineroar, L50, F|100/100
|switch|p2a: Kingambit|Kingambit, L50, M, shiny|100/100
|switch|p2b: Charizard|Charizard, L50, F, shiny|100/100
|-ability|p1b: Incineroar|Intimidate|boost
|-unboost|p2a: Kingambit|atk|1
|-ability|p2a: Kingambit|Defiant|boost
|-boost|p2a: Kingambit|atk|2
|-unboost|p2b: Charizard|atk|1
|turn|1
|
|t:|1782354938
|move|p1b: Incineroar|Fake Out|p2b: Charizard
|-immune|p2b: Charizard
|move|p1a: Aromatisse|Ally Switch|p1a: Aromatisse
|swap|p1a: Aromatisse|1|[from] move: Ally Switch
|move|p2b: Charizard|Taunt|p1a: Incineroar
|-block|p1a: Incineroar|ability: Aroma Veil|[of] p1b: Aromatisse
|move|p2a: Kingambit|Low Kick|p1b: Aromatisse
|-resisted|p1b: Aromatisse|1
|-damage|p1b: Aromatisse|86/100
|
|upkeep
|turn|2
|c|☆pokeopposition|oh yeah
|c|☆pokeopposition|i forgot about that ablity ngl
|c|☆pokeopposition|ability*
|inactive|pokeopposition has 30 seconds left.
|inactive|pokeopposition has 20 seconds left.
|inactive|pokeopposition has 15 seconds left.
|inactive|pokeopposition has 10 seconds left.
|inactive|pokeopposition has 5 seconds left.
|
|t:|1782354989
|move|p1b: Aromatisse|Helping Hand|p1a: Incineroar
|-singleturn|p1a: Incineroar|Helping Hand|[of] p1b: Aromatisse
|move|p2b: Charizard|Hyper Voice|p1b: Aromatisse|[spread] p1a,p1b
|-damage|p1a: Incineroar|68/100
|-damage|p1b: Aromatisse|61/100
|move|p1a: Incineroar|Darkest Lariat|p2b: Charizard
|-supereffective|p2b: Charizard|1
|-enditem|p2b: Charizard|Focus Sash
|-damage|p2b: Charizard|1/100
|replace|p2b: Zoroark|Zoroark-Hisui, L50, M
|-end|p2b: Zoroark|Illusion
|move|p2a: Kingambit|Low Kick|p1a: Incineroar
|-supereffective|p1a: Incineroar|1
|-damage|p1a: Incineroar|0 fnt
|faint|p1a: Incineroar
|
|upkeep
|
|t:|1782355002
|switch|p1a: Dragapult|Dragapult, L50, M|100/100
|turn|3
|inactive|KingEffigy has 30 seconds left.
|
|t:|1782355027
|move|p2a: Kingambit|Sucker Punch|p1a: Dragapult
|-supereffective|p1a: Dragapult|1
|-damage|p1a: Dragapult|0 fnt
|faint|p1a: Dragapult
|move|p2b: Zoroark|Bitter Malice|p1b: Aromatisse
|-damage|p1b: Aromatisse|38/100
|-unboost|p1b: Aromatisse|atk|1
|-enditem|p1b: Aromatisse|Sitrus Berry|[eat]
|-heal|p1b: Aromatisse|62/100|[from] item: Sitrus Berry
|move|p1b: Aromatisse|Encore|p2a: Kingambit
|-start|p2a: Kingambit|Encore
|
|upkeep
|
|t:|1782355040
|switch|p1a: Garchomp|Garchomp, L50, F|100/100
|turn|4
|
|t:|1782355050
|move|p1a: Garchomp|Protect|p1a: Garchomp
|-singleturn|p1a: Garchomp|Protect
|move|p2a: Kingambit|Sucker Punch||[still]
|-fail|p2a: Kingambit
|move|p2b: Zoroark|Bitter Malice|p1a: Garchomp
|-activate|p1a: Garchomp|move: Protect
|move|p1b: Aromatisse|Moonblast|p2b: Zoroark
|-damage|p2b: Zoroark|0 fnt
|faint|p2b: Zoroark
|
|upkeep
|
|t:|1782355060
|switch|p2b: Aerodactyl|Aerodactyl, L50, M, shiny|100/100
|-ability|p2b: Aerodactyl|Unnerve
|turn|5
|
|t:|1782355078
|detailschange|p2b: Aerodactyl|Aerodactyl-Mega, L50, M, shiny
|-mega|p2b: Aerodactyl|Aerodactyl|Aerodactylite
|move|p1b: Aromatisse|Helping Hand|p1a: Garchomp
|-singleturn|p1a: Garchomp|Helping Hand|[of] p1b: Aromatisse
|move|p2a: Kingambit|Sucker Punch|p1a: Garchomp
|-damage|p1a: Garchomp|32/100
|-damage|p2a: Kingambit|87/100|[from] ability: Rough Skin|[of] p1a: Garchomp
|move|p2b: Aerodactyl|Dual Wingbeat|p1a: Garchomp
|-damage|p1a: Garchomp|5/100
|-damage|p2b: Aerodactyl|87/100|[from] ability: Rough Skin|[of] p1a: Garchomp
|-damage|p1a: Garchomp|0 fnt
|-damage|p2b: Aerodactyl|75/100|[from] ability: Rough Skin|[of] p1a: Garchomp
|faint|p1a: Garchomp
|-hitcount|p1: Garchomp|2
|
|upkeep
|turn|6
|-message|KingEffigy forfeited.
|raw|KingEffigy's rating: 1000 → 1000(+0 for losing)
|raw|pokeopposition's rating: 1040 → 1070(+30 for winning)
|
|win|pokeopposition
|l|☆KingEffigy
|player|p1|
