|j|☆HalcyonJon
|j|☆floorrain
|html|HalcyonJonfloorrain    
|uhtml|bestof|Game 1 of a best-of-3
|t:|1757656957
|gametype|doubles
|player|p1|HalcyonJon|pokemonbreeder|1211
|player|p2|floorrain|102|1386
|gen|9
|tier|[Gen 9] VGC 2025 Reg H (Bo3)
|rated|
|rule|Species Clause: Limit one of each Pokémon
|rule|Item Clause: Limit 1 of each item
|clearpoke
|poke|p1|Torkoal, L50, F|
|poke|p1|Indeedee-F, L50, F|
|poke|p1|Glimmora, L50, F|
|poke|p1|Gallade, L50, M|
|poke|p1|Incineroar, L50, M|
|poke|p1|Delphox, L50, M|
|poke|p2|Dragonite, L50, F|
|poke|p2|Gholdengo, L50|
|poke|p2|Ursaluna-Bloodmoon, L50, M|
|poke|p2|Annihilape, L50, F|
|poke|p2|Maushold-Four, L50|
|poke|p2|Rillaboom, L50, M|
|teampreview|4
|showteam|p1|Torkoal||AssaultVest|Drought|Eruption,WeatherBall,SolarBeam,EarthPower|||F|||50|,,,,,Grass]Indeedee-F||RockyHelmet|PsychicSurge|Psychic,FollowMe,HelpingHand,TrickRoom|||F|||50|,,,,,Fairy]Glimmora||FocusSash|ToxicDebris|SludgeBomb,PowerGem,StealthRock,SpikyShield|||F|||50|,,,,,Grass]Gallade||ClearAmulet|Sharpness|SacredSword,PsychoCut,TrickRoom,WideGuard|||M|||50|,,,,,Fire]Incineroar||SafetyGoggles|Intimidate|FlareBlitz,KnockOff,FakeOut,PartingShot|||M|||50|,,,,,Ghost]Delphox||PsychicSeed|Magician|Flamethrower,ExpandingForce,NastyPlot,Protect|||M|||50|,,,,,Dark
|showteam|p2|Dragonite||LoadedDice|Multiscale|ScaleShot,Tailwind,Haze,Protect|||F|||50|,,,,,Fairy]Gholdengo||LifeOrb|GoodasGold|MakeItRain,ShadowBall,NastyPlot,Protect||||||50|,,,,,Water]Ursaluna-Bloodmoon||AssaultVest|MindsEye|BloodMoon,EarthPower,HyperVoice,VacuumWave|||M|||50|,,,,,Water]Annihilape||SitrusBerry|Defiant|DrainPunch,RageFist,BulkUp,Protect|||F|||50|,,,,,Fire]Maushold-Four||FocusSash|FriendGuard|SuperFang,BeatUp,FollowMe,Protect||||||50|,,,,,Ghost]Rillaboom||MiracleSeed|GrassySurge|WoodHammer,GrassyGlide,HighHorsepower,FakeOut|||M|||50|,,,,,Fire
|
|t:|1757657008
|teamsize|p1|4
|teamsize|p2|4
|start
|switch|p1a: Delphox|Delphox, L50, M|100/100
|switch|p1b: Indeedee|Indeedee-F, L50, F|100/100
|switch|p2a: Dragonite|Dragonite, L50, F|100/100
|switch|p2b: Ursaluna|Ursaluna-Bloodmoon, L50, M|100/100
|-fieldstart|move: Psychic Terrain|[from] ability: Psychic Surge|[of] p1b: Indeedee
|-enditem|p1a: Delphox|Psychic Seed
|-boost|p1a: Delphox|spd|1|[from] item: Psychic Seed
|turn|1
|
|t:|1757657034
|switch|p2a: Rillaboom|Rillaboom, L50, M|100/100
|-fieldstart|move: Grassy Terrain|[from] ability: Grassy Surge|[of] p2a: Rillaboom
|-terastallize|p1b: Indeedee|Fairy
|move|p1b: Indeedee|Follow Me|p1b: Indeedee
|-singleturn|p1b: Indeedee|move: Follow Me
|move|p1a: Delphox|Expanding Force|p2a: Rillaboom
|-damage|p2a: Rillaboom|59/100
|-item|p1a: Delphox|Miracle Seed|[from] ability: Magician|[of] p2a: Rillaboom
|move|p2b: Ursaluna|Blood Moon|p1b: Indeedee
|-damage|p1b: Indeedee|39/100
|
|-heal|p2a: Rillaboom|65/100|[from] Grassy Terrain
|-heal|p1b: Indeedee|45/100|[from] Grassy Terrain
|upkeep
|turn|2
|
|t:|1757657082
|switch|p1b: Torkoal|Torkoal, L50, F|100/100
|-weather|SunnyDay|[from] ability: Drought|[of] p1b: Torkoal
|-terastallize|p2a: Rillaboom|Fire
|move|p1a: Delphox|Protect|p1a: Delphox
|-singleturn|p1a: Delphox|Protect
|move|p2a: Rillaboom|High Horsepower|p1b: Torkoal
|-supereffective|p1b: Torkoal
|-damage|p1b: Torkoal|48/100
|move|p2b: Ursaluna|Earth Power|p1b: Torkoal
|-supereffective|p1b: Torkoal
|-damage|p1b: Torkoal|0 fnt
|faint|p1b: Torkoal
|
|-weather|SunnyDay|[upkeep]
|-heal|p2a: Rillaboom|71/100|[from] Grassy Terrain
|upkeep
|
|t:|1757657097
|switch|p1b: Indeedee|Indeedee-F, L50, F, tera:Fairy|45/100
|-fieldstart|move: Psychic Terrain|[from] ability: Psychic Surge|[of] p1b: Indeedee
|turn|3
|
|t:|1757657108
|switch|p2a: Dragonite|Dragonite, L50, F|100/100
|move|p1b: Indeedee|Helping Hand|p1a: Delphox
|-singleturn|p1a: Delphox|Helping Hand|[of] p1b: Indeedee
|move|p1a: Delphox|Expanding Force|p2b: Ursaluna|[spread] p2a,p2b
|-crit|p2a: Dragonite
|-damage|p2a: Dragonite|37/100
|-damage|p2b: Ursaluna|51/100
|move|p2b: Ursaluna|Blood Moon|p1b: Indeedee
|-damage|p1b: Indeedee|0 fnt
|faint|p1b: Indeedee
|
|-weather|SunnyDay|[upkeep]
|upkeep
|
|t:|1757657121
|switch|p1b: Sigh...|Incineroar, L50, M|100/100
|-ability|p1b: Sigh...|Intimidate|boost
|-unboost|p2a: Dragonite|atk|1
|-unboost|p2b: Ursaluna|atk|1
|turn|4
|
|t:|1757657155
|switch|p2b: Rillaboom|Rillaboom, L50, M, tera:Fire|71/100
|-fieldstart|move: Grassy Terrain|[from] ability: Grassy Surge|[of] p2b: Rillaboom
|move|p1a: Delphox|Expanding Force|p2a: Dragonite
|-damage|p2a: Dragonite|0 fnt
|faint|p2a: Dragonite
|move|p1b: Sigh...|Flare Blitz|p2b: Rillaboom
|-resisted|p2b: Rillaboom
|-damage|p2b: Rillaboom|33/100
|-damage|p1b: Sigh...|88/100|[from] Recoil
|
|-weather|SunnyDay|[upkeep]
|-heal|p2b: Rillaboom|39/100|[from] Grassy Terrain
|-heal|p1b: Sigh...|94/100|[from] Grassy Terrain
|upkeep
|
|t:|1757657166
|switch|p2a: Ursaluna|Ursaluna-Bloodmoon, L50, M|51/100
|turn|5
|
|t:|1757657191
|move|p2b: Rillaboom|Fake Out|p1a: Delphox
|-crit|p1a: Delphox
|-damage|p1a: Delphox|67/100
|cant|p1a: Delphox|flinch
|move|p1b: Sigh...|Flare Blitz|p2a: Ursaluna
|-damage|p2a: Ursaluna|0 fnt
|faint|p2a: Ursaluna
|-damage|p1b: Sigh...|77/100|[from] Recoil
|
|-weather|SunnyDay|[upkeep]
|-heal|p1a: Delphox|73/100|[from] Grassy Terrain
|-heal|p2b: Rillaboom|45/100|[from] Grassy Terrain
|-heal|p1b: Sigh...|83/100|[from] Grassy Terrain
|upkeep
|
|t:|1757657199
|switch|p2a: Gholdengo|Gholdengo, L50|100/100
|turn|6
|
|t:|1757657212
|move|p2a: Gholdengo|Protect|p2a: Gholdengo
|-singleturn|p2a: Gholdengo|Protect
|move|p1a: Delphox|Flamethrower|p2a: Gholdengo
|-activate|p2a: Gholdengo|move: Protect
|move|p2b: Rillaboom|High Horsepower|p1a: Delphox
|-supereffective|p1a: Delphox
|-damage|p1a: Delphox|0 fnt
|faint|p1a: Delphox
|move|p1b: Sigh...|Knock Off|p2b: Rillaboom
|-damage|p2b: Rillaboom|19/100
|
|-weather|none
|-heal|p2b: Rillaboom|25/100|[from] Grassy Terrain
|-heal|p1b: Sigh...|89/100|[from] Grassy Terrain
|upkeep
|turn|7
|
|t:|1757657236
|move|p2a: Gholdengo|Make It Rain|p1b: Sigh...
|-resisted|p1b: Sigh...
|-damage|p1b: Sigh...|60/100
|-unboost|p2a: Gholdengo|spa|1
|-damage|p2a: Gholdengo|91/100|[from] item: Life Orb
|move|p2b: Rillaboom|High Horsepower|p1b: Sigh...
|-supereffective|p1b: Sigh...
|-damage|p1b: Sigh...|1/100
|move|p1b: Sigh...|Knock Off|p2a: Gholdengo
|-supereffective|p2a: Gholdengo
|-damage|p2a: Gholdengo|5/100
|-enditem|p2a: Gholdengo|Life Orb|[from] move: Knock Off|[of] p1b: Sigh...
|
|-heal|p2a: Gholdengo|11/100|[from] Grassy Terrain
|-heal|p2b: Rillaboom|31/100|[from] Grassy Terrain
|-heal|p1b: Sigh...|7/100|[from] Grassy Terrain
|upkeep
|turn|8
|-message|HalcyonJon forfeited.
|
|win|floorrain
||HalcyonJon is ready for game 2.
||floorrain is ready for game 2.
|uhtml|next|Next: Game 2 of 3
