|j|☆YungDungBeetle
|j|☆CCmanny
|html|YungDungBeetleCCmanny    
|uhtml|bestof|Game 3 of a best-of-3
|t:|1756907249
|gametype|doubles
|player|p1|YungDungBeetle|n|1130
|player|p2|CCmanny|ethan|1102
|gen|9
|tier|[Gen 9] VGC 2025 Reg H (Bo3)
|rated|
|rule|Species Clause: Limit one of each Pokémon
|rule|Item Clause: Limit 1 of each item
|clearpoke
|poke|p1|Rillaboom, L50, M|
|poke|p1|Baxcalibur, L50, M|
|poke|p1|Volcarona, L50, M|
|poke|p1|Annihilape, L50, M|
|poke|p1|Kingambit, L50, M|
|poke|p1|Dondozo, L50, M|
|poke|p2|Kingambit, L50, F|
|poke|p2|Primarina, L50, F|
|poke|p2|Sneasler, L50, F|
|poke|p2|Magmar, L50, F|
|poke|p2|Rillaboom, L50, F|
|poke|p2|Dragapult, L50, F|
|teampreview|4
|showteam|p1|Rillaboom||AssaultVest|GrassySurge|GrassyGlide,WoodHammer,FakeOut,HighHorsepower|||M|||50|,,,,,Fire]Baxcalibur||LoadedDice|ThermalExchange|ScaleShot,IcicleSpear,IceShard,Protect|||M|||50|,,,,,Ghost]Volcarona||GrassySeed|FlameBody|Protect,HeatWave,GigaDrain,QuiverDance|||M|||50|,,,,,Grass]Annihilape||FocusSash|Defiant|CloseCombat,RageFist,Coaching,Taunt|||M|||50|,,,,,Water]Kingambit||BlackGlasses|Defiant|Protect,KowtowCleave,SuckerPunch,SwordsDance|||M|||50|,,,,,Ghost]Dondozo||Leftovers|Unaware|WaveCrash,Fissure,Yawn,Protect|||M|||50|,,,,,Bug
|showteam|p2|Kingambit||BlackGlasses|Defiant|KowtowCleave,SuckerPunch,SwordsDance,Protect|||F|||50|,,,,,Ghost]Primarina||SitrusBerry|LiquidVoice|HyperVoice,Moonblast,Haze,Protect|||F|||50|,,,,,Water]Sneasler||FocusSash|PoisonTouch|DireClaw,CloseCombat,FakeOut,Protect|||F|||50|,,,,,Stellar]Magmar||Eviolite|VitalSpirit|Overheat,WillOWisp,FollowMe,Protect|||F|||50|,,,,,Ghost]Rillaboom||AssaultVest|GrassySurge|WoodHammer,GrassyGlide,HighHorsepower,FakeOut|||F|||50|,,,,,Fire]Dragapult||ChoiceBand|ClearBody|DragonDarts,TeraBlast,PhantomForce,Uturn|||F|||50|,,,,,Ghost
|inactive|Battle timer is ON: inactive players will automatically lose when time's up. (requested by YungDungBeetle)
|
|t:|1756907261
|teamsize|p1|4
|teamsize|p2|4
|start
|switch|p1a: Annihilape|Annihilape, L50, M|100/100
|switch|p1b: BIG BODY BENZ|Baxcalibur, L50, M|100/100
|switch|p2a: Dragapult|Dragapult, L50, F|100/100
|switch|p2b: Magmar|Magmar, L50, F|100/100
|turn|1
|inactive|CCmanny has 30 seconds left.
|
|t:|1756907292
|move|p2a: Dragapult|Dragon Darts|p1b: BIG BODY BENZ
|-supereffective|p1b: BIG BODY BENZ
|-damage|p1b: BIG BODY BENZ|28/100
|-anim|p2a: Dragapult|Dragon Darts|p1a: Annihilape
|-damage|p1a: Annihilape|56/100
|move|p1a: Annihilape|Coaching|p1b: BIG BODY BENZ
|-boost|p1b: BIG BODY BENZ|atk|1
|-boost|p1b: BIG BODY BENZ|def|1
|move|p1b: BIG BODY BENZ|Scale Shot|p2a: Dragapult
|-supereffective|p2a: Dragapult
|-damage|p2a: Dragapult|37/100
|-supereffective|p2a: Dragapult
|-damage|p2a: Dragapult|0 fnt
|faint|p2a: Dragapult
|-hitcount|p2: Dragapult|2
|-unboost|p1b: BIG BODY BENZ|def|1
|-boost|p1b: BIG BODY BENZ|spe|1
|move|p2b: Magmar|Overheat|p1a: Annihilape|[miss]
|-miss|p2b: Magmar|p1a: Annihilape
|
|upkeep
|
|t:|1756907311
|switch|p2a: Primarina|Primarina, L50, F|100/100
|turn|2
|
|t:|1756907327
|move|p1b: BIG BODY BENZ|Scale Shot|p2b: Magmar
|-damage|p2b: Magmar|82/100
|-damage|p2b: Magmar|63/100
|-damage|p2b: Magmar|44/100
|-crit|p2b: Magmar
|-damage|p2b: Magmar|14/100
|-hitcount|p2b: Magmar|4
|-unboost|p1b: BIG BODY BENZ|def|1
|-boost|p1b: BIG BODY BENZ|spe|1
|move|p1a: Annihilape|Rage Fist|p2b: Magmar
|-damage|p2b: Magmar|0 fnt
|faint|p2b: Magmar
|move|p2a: Primarina|Hyper Voice|p1a: Annihilape|[spread] p1a,p1b
|-resisted|p1b: BIG BODY BENZ
|-damage|p1a: Annihilape|20/100
|-damage|p1b: BIG BODY BENZ|10/100
|
|upkeep
|
|t:|1756907343
|switch|p2b: Sneasler|Sneasler, L50, F|100/100
|turn|3
|
|t:|1756907364
|move|p2b: Sneasler|Protect|p2b: Sneasler
|-singleturn|p2b: Sneasler|Protect
|move|p1b: BIG BODY BENZ|Icicle Spear|p2b: Sneasler
|-activate|p2b: Sneasler|move: Protect
|move|p1a: Annihilape|Rage Fist|p2a: Primarina
|-damage|p2a: Primarina|34/100
|-enditem|p2a: Primarina|Sitrus Berry|[eat]
|-heal|p2a: Primarina|59/100|[from] item: Sitrus Berry
|move|p2a: Primarina|Haze|p2a: Primarina
|-clearallboost
|
|upkeep
|turn|4
|
|t:|1756907383
|move|p2b: Sneasler|Dire Claw|p1b: BIG BODY BENZ
|-damage|p1b: BIG BODY BENZ|0 fnt
|faint|p1b: BIG BODY BENZ
|move|p1a: Annihilape|Rage Fist|p2a: Primarina
|-damage|p2a: Primarina|0 fnt
|faint|p2a: Primarina
|
|upkeep
|
|t:|1756907388
|switch|p1b: Volcarona|Volcarona, L50, M|100/100
|turn|5
|
|t:|1756907397
|-terastallize|p2b: Sneasler|Stellar
|move|p2b: Sneasler|Dire Claw|p1a: Annihilape
|-resisted|p1a: Annihilape
|-damage|p1a: Annihilape|0 fnt
|faint|p1a: Annihilape
|move|p1b: Volcarona|Heat Wave|p2b: Sneasler
|-damage|p2b: Sneasler|39/100
|
|upkeep
|
|t:|1756907402
|switch|p1a: King Von|Kingambit, L50, M|100/100
|turn|6
|
|t:|1756907407
|-terastallize|p1a: King Von|Ghost
|move|p1a: King Von|Sucker Punch|p2b: Sneasler
|-resisted|p2b: Sneasler
|-crit|p2b: Sneasler
|-damage|p2b: Sneasler|0 fnt
|faint|p2b: Sneasler
|
|win|YungDungBeetle
|raw|YungDungBeetle's rating: 1130 → 1153(+23 for winning)
|raw|CCmanny's rating: 1102 → 1079(-23 for losing)
