|j|☆tostine
|j|☆Divine Monkey King
|html|tostineDivine Monkey King    
|uhtml|bestof|Game 2 of a best-of-3
|t:|1784822698
|gametype|doubles
|player|p1|tostine|101|1153
|player|p2|Divine Monkey King|silver|1143
|gen|9
|tier|[Gen 9 Champions] VGC 2026 Reg M-B (Bo3)
|rated|
|rule|Species Clause: Limit one of each Pokémon
|rule|Item Clause: Limit 1 of each item
|clearpoke
|poke|p1|Meganium, L50, M|
|poke|p1|Farigiraf, L50, M|
|poke|p1|Politoed, L50, M|
|poke|p1|Basculegion, L50, M|
|poke|p1|Ninetales-Alola, L50, F|
|poke|p1|Drampa, L50, M|
|poke|p2|Tyranitar, L50, M, shiny|
|poke|p2|Aerodactyl, L50, M, shiny|
|poke|p2|Pelipper, L50, M, shiny|
|poke|p2|Basculegion, L50, M, shiny|
|poke|p2|Beedrill, L50, M, shiny|
|poke|p2|Annihilape, L50, M, shiny|
|teampreview|4
|showteam|p1|Meganium||Meganiumite|LeafGuard|SolarBeam,DazzlingGleam,Synthesis,WeatherBall|Quiet||M|||50|]Farigiraf||SitrusBerry|ArmorTail|TrickRoom,HyperVoice,AllySwitch,HelpingHand|Sassy||M|||50|]Politoed||DampRock|Drizzle|Encore,HelpingHand,MuddyWater,IcyWind|Bold||M|||50|]Basculegion||ChoiceScarf|Adaptability|WaveCrash,FlipTurn,LastRespects,PsychicFangs|Jolly||M|||50|]Ninetales-Alola||BabiriBerry|SnowWarning|Blizzard,Disable,AuroraVeil,Protect|Timid||F|||50|]Drampa||Drampanite|Berserk|Protect,HyperVoice,DracoMeteor,Roost|Modest||M|||50|
|showteam|p2|Tyranitar||Tyranitarite|SandStream|BrickBreak,KnockOff,Protect,RockSlide|Adamant||M|||50|]Aerodactyl||FocusSash|Unnerve|DualWingbeat,IronHead,Protect,Tailwind|Jolly||M|||50|]Pelipper||WacanBerry|Drizzle|Hurricane,IceBeam,Protect,WeatherBall|Calm||M|||50|]Basculegion||MysticWater|SwiftSwim|AquaJet,FlipTurn,LastRespects,Protect|Adamant||M|||50|]Beedrill||Beedrillite|Sniper|PoisonJab,Protect,Uturn,FellStinger|Jolly||M|||50|]Annihilape||Leftovers|Defiant|BulkUp,DrainPunch,Protect,ThunderPunch|Adamant||M|||50|
|
|t:|1784822757
|teamsize|p1|4
|teamsize|p2|4
|start
|switch|p1a: Farigiraf|Farigiraf, L50, M|100/100
|switch|p1b: Politoed|Politoed, L50, M|100/100
|switch|p2a: Tyranitar|Tyranitar, L50, M, shiny|100/100
|switch|p2b: Aerodactyl|Aerodactyl, L50, M, shiny|100/100
|-ability|p2b: Aerodactyl|Unnerve
|-weather|RainDance|[from] ability: Drizzle|[of] p1b: Politoed
|-weather|Sandstorm|[from] ability: Sand Stream|[of] p2a: Tyranitar
|turn|1
|
|t:|1784822773
|move|p2b: Aerodactyl|Iron Head|p1a: Farigiraf
|-damage|p1a: Farigiraf|75/100
|move|p1b: Politoed|Encore|p2b: Aerodactyl
|-start|p2b: Aerodactyl|Encore
|move|p2a: Tyranitar|Knock Off|p1a: Farigiraf
|-supereffective|p1a: Farigiraf|1
|-damage|p1a: Farigiraf|0 fnt
|-enditem|p1a: Farigiraf|Sitrus Berry|[from] move: Knock Off|[of] p2a: Tyranitar
|faint|p1a: Farigiraf
|
|-weather|Sandstorm|[upkeep]
|-damage|p1b: Politoed|93/100|[from] Sandstorm
|upkeep
|
|t:|1784822784
|switch|p1a: Basculegion|Basculegion, L50, M|100/100
|turn|2
|
|t:|1784822802
|move|p1a: Basculegion|Wave Crash|p2a: Tyranitar
|-supereffective|p2a: Tyranitar|1
|-damage|p2a: Tyranitar|0 fnt
|faint|p2a: Tyranitar
|-damage|p1a: Basculegion|65/100|[from] Recoil
|move|p2b: Aerodactyl|Iron Head|p1b: Politoed
|-resisted|p1b: Politoed|1
|-damage|p1b: Politoed|84/100
|move|p1b: Politoed|Muddy Water|p2b: Aerodactyl
|-supereffective|p2b: Aerodactyl|1
|-damage|p2b: Aerodactyl|41/100
|
|-weather|Sandstorm|[upkeep]
|-damage|p1a: Basculegion|59/100|[from] Sandstorm
|-damage|p1b: Politoed|78/100|[from] Sandstorm
|upkeep
|
|t:|1784822820
|switch|p2a: Beedrill|Beedrill, L50, M, shiny|100/100
|turn|3
|
|t:|1784822837
|switch|p2b: Pelipper|Pelipper, L50, M, shiny|100/100
|-weather|RainDance|[from] ability: Drizzle|[of] p2b: Pelipper
|detailschange|p2a: Beedrill|Beedrill-Mega, L50, M, shiny
|-mega|p2a: Beedrill|Beedrill|Beedrillite
|move|p2a: Beedrill|Protect|p2a: Beedrill
|-singleturn|p2a: Beedrill|Protect
|move|p1a: Basculegion|Wave Crash|p2a: Beedrill
|-activate|p2a: Beedrill|move: Protect
|move|p1b: Politoed|Muddy Water|p2a: Beedrill|[spread] 
|-activate|p2a: Beedrill|move: Protect
|-miss|p1b: Politoed|p2b: Pelipper
|
|-weather|RainDance|[upkeep]
|upkeep
|turn|4
|
|t:|1784822875
|switch|p1a: Drampa|Drampa, L50, M|100/100
|move|p2a: Beedrill|U-turn|p1a: Drampa
|-damage|p1a: Drampa|36/100
|-ability|p1a: Drampa|Berserk|boost
|-boost|p1a: Drampa|spa|1
|
|t:|1784822882
|switch|p2a: Aerodactyl|Aerodactyl, L50, M, shiny|41/100|[from] U-turn
|-ability|p2a: Aerodactyl|Unnerve
|move|p2b: Pelipper|Hurricane|p1a: Drampa
|-damage|p1a: Drampa|0 fnt
|faint|p1a: Drampa
|move|p1b: Politoed|Icy Wind|p2b: Pelipper|[spread] p2a,p2b
|-supereffective|p2a: Aerodactyl|1
|-damage|p2a: Aerodactyl|17/100
|-damage|p2b: Pelipper|88/100
|-unboost|p2a: Aerodactyl|spe|1
|-unboost|p2b: Pelipper|spe|1
|
|-weather|RainDance|[upkeep]
|upkeep
|
|t:|1784822888
|switch|p1a: Basculegion|Basculegion, L50, M|59/100
|turn|5
|
|t:|1784822925
|move|p1a: Basculegion|Last Respects|p2b: Pelipper
|-damage|p2b: Pelipper|0 fnt
|faint|p2b: Pelipper
|move|p2a: Aerodactyl|Tailwind|p2a: Aerodactyl
|-sidestart|p2: Divine Monkey King|move: Tailwind
|move|p1b: Politoed|Icy Wind|p2a: Aerodactyl
|-supereffective|p2a: Aerodactyl|1
|-damage|p2a: Aerodactyl|0 fnt
|faint|p2a: Aerodactyl
|
|-weather|RainDance|[upkeep]
|upkeep
|
|t:|1784822935
|switch|p2b: Beedrill|Beedrill-Mega, L50, M, shiny|100/100
|turn|6
|
|t:|1784822945
|move|p2b: Beedrill|Poison Jab|p1a: Basculegion
|-resisted|p1a: Basculegion|1
|-damage|p1a: Basculegion|17/100
|move|p1a: Basculegion|Last Respects|p2b: Beedrill
|-damage|p2b: Beedrill|0 fnt
|faint|p2b: Beedrill
|
|win|tostine
||tostine is ready for game 3.
||Divine Monkey King is ready for game 3.
|uhtml|next|Next: Game 3 of 3
|l|☆tostine
|player|p1|
