|j|☆hytori
|j|☆dinosakura
|html|hytoridinosakura    
|uhtml|bestof|Game 2 of a best-of-3
|t:|1757746756
|gametype|doubles
|player|p1|hytori|dawn|
|player|p2|dinosakura|picnicker|
|gen|9
|tier|[Gen 9] VGC 2025 Reg H (Bo3)
|rule|Species Clause: Limit one of each Pokémon
|rule|Item Clause: Limit 1 of each item
|clearpoke
|poke|p1|Incineroar, L50, M|
|poke|p1|Pelipper, L50, M|
|poke|p1|Basculegion, L50, M|
|poke|p1|Amoonguss, L50, F|
|poke|p1|Maushold-Four, L50|
|poke|p1|Archaludon, L50, F|
|poke|p2|Charizard, L50, M|
|poke|p2|Torkoal, L50, M|
|poke|p2|Porygon2, L50|
|poke|p2|Incineroar, L50, M|
|poke|p2|Jumpluff, L50, F|
|poke|p2|Ursaluna, L50, F|
|teampreview|4
|showteam|p1|Incineroar||SafetyGoggles|Intimidate|FakeOut,FlareBlitz,KnockOff,PartingShot|||M|||50|,,,,,Ghost]Pelipper||FocusSash|Drizzle|Hurricane,WeatherBall,Tailwind,Protect|||M|||50|,,,,,Ghost]Basculegion||MysticWater|SwiftSwim|Protect,WaveCrash,AquaJet,LastRespects|||M|||50|,,,,,Water]Amoonguss||SitrusBerry|Regenerator|Spore,RagePowder,PollenPuff,ClearSmog|||F|||50|,,,,,Water]Maushold-Four||WideLens|Technician|PopulationBomb,FollowMe,Taunt,Protect||||||50|,,,,,Grass]Archaludon||AssaultVest|Stamina|ElectroShot,DragonPulse,FlashCannon,BodyPress|||F|||50|,,,,,Bug
|showteam|p2|Charizard||ChoiceSpecs|SolarPower|HeatWave,Overheat,WeatherBall,AirSlash|||M|||50|,,,,,Ghost]Torkoal||EjectPack|Drought|Eruption,Overheat,HelpingHand,Protect|||M|||50|,,,,,Fire]Porygon2||Eviolite|Download|TeraBlast,IceBeam,Recover,TrickRoom||||||50|,,,,,Fighting]Incineroar||SitrusBerry|Intimidate|FlareBlitz,KnockOff,FakeOut,PartingShot|||M|||50|,,,,,Ghost]Jumpluff||CovertCloak|Chlorophyll|SleepPowder,SunnyDay,RagePowder,Tailwind|||F|||50|,,,,,Water]Ursaluna||FlameOrb|Guts|HeadlongRush,Facade,Earthquake,Protect|||F|||50|,,,,,Ghost
|j| JakkuDiamond
|
|t:|1757746811
|teamsize|p1|4
|teamsize|p2|4
|start
|switch|p1a: Maushold|Maushold-Four, L50|100/100
|switch|p1b: Archaludon|Archaludon, L50, F, shiny|100/100
|switch|p2a: Charizard|Charizard, L50, M|100/100
|switch|p2b: Torkoal|Torkoal, L50, M|100/100
|-weather|SunnyDay|[from] ability: Drought|[of] p2b: Torkoal
|turn|1
|
|t:|1757746848
|switch|p1b: Pelipper|Pelipper, L50, M|100/100
|-weather|RainDance|[from] ability: Drizzle|[of] p1b: Pelipper
|move|p1a: Maushold|Population Bomb|p2a: Charizard
|-damage|p2a: Charizard|90/100
|-damage|p2a: Charizard|78/100
|-damage|p2a: Charizard|66/100
|-damage|p2a: Charizard|55/100
|-damage|p2a: Charizard|43/100
|-damage|p2a: Charizard|29/100
|-hitcount|p2a: Charizard|6
|move|p2a: Charizard|Heat Wave|p1b: Pelipper|[spread] p1a,p1b
|-resisted|p1b: Pelipper
|-damage|p1a: Maushold|71/100
|-damage|p1b: Pelipper|78/100
|move|p2b: Torkoal|Overheat|p1b: Pelipper
|-resisted|p1b: Pelipper
|-crit|p1b: Pelipper
|-damage|p1b: Pelipper|38/100
|-unboost|p2b: Torkoal|spa|2
|-enditem|p2b: Torkoal|Eject Pack
|
|t:|1757746864
|switch|p2b: Porygon2|Porygon2, L50|100/100
|-ability|p2b: Porygon2|Download|boost
|-boost|p2b: Porygon2|spa|1
|
|-weather|RainDance|[upkeep]
|upkeep
|turn|2
|
|t:|1757746893
|switch|p2a: Ursaluna|Ursaluna, L50, F|100/100
|move|p1a: Maushold|Population Bomb|p2b: Porygon2
|-damage|p2b: Porygon2|94/100
|-damage|p2b: Porygon2|88/100
|-damage|p2b: Porygon2|81/100
|-damage|p2b: Porygon2|76/100
|-damage|p2b: Porygon2|71/100
|-damage|p2b: Porygon2|65/100
|-damage|p2b: Porygon2|58/100
|-damage|p2b: Porygon2|52/100
|-damage|p2b: Porygon2|46/100
|-damage|p2b: Porygon2|40/100
|-hitcount|p2b: Porygon2|10
|move|p1b: Pelipper|Weather Ball|p2b: Porygon2
|-damage|p2b: Porygon2|0 fnt
|faint|p2b: Porygon2
|
|-weather|RainDance|[upkeep]
|-status|p2a: Ursaluna|brn|[from] item: Flame Orb
|upkeep
|
|t:|1757746911
|switch|p2b: Torkoal|Torkoal, L50, M|100/100
|-weather|SunnyDay|[from] ability: Drought|[of] p2b: Torkoal
|turn|3
|
|t:|1757746983
|switch|p1b: Archaludon|Archaludon, L50, F, shiny|100/100
|-terastallize|p2a: Ursaluna|Ghost
|move|p1a: Maushold|Population Bomb|p2b: Torkoal
|-damage|p2b: Torkoal|94/100
|-damage|p2b: Torkoal|87/100
|-damage|p2b: Torkoal|81/100
|-damage|p2b: Torkoal|76/100
|-damage|p2b: Torkoal|68/100
|-damage|p2b: Torkoal|62/100
|-damage|p2b: Torkoal|56/100
|-damage|p2b: Torkoal|50/100
|-damage|p2b: Torkoal|43/100
|-damage|p2b: Torkoal|37/100
|-hitcount|p2b: Torkoal|10
|move|p2a: Ursaluna|Facade|p1b: Archaludon
|-resisted|p1b: Archaludon
|-damage|p1b: Archaludon|54/100
|-ability|p1b: Archaludon|Stamina|boost
|-boost|p1b: Archaludon|def|1
|move|p2b: Torkoal|Overheat|p1a: Maushold
|-damage|p1a: Maushold|0 fnt
|-unboost|p2b: Torkoal|spa|2
|faint|p1a: Maushold
|
|-weather|SunnyDay|[upkeep]
|-damage|p2a: Ursaluna|95/100 brn|[from] brn
|upkeep
|
|t:|1757747002
|switch|p1a: Pelipper|Pelipper, L50, M|38/100
|-weather|RainDance|[from] ability: Drizzle|[of] p1a: Pelipper
|turn|4
|
|t:|1757747025
|switch|p2b: Charizard|Charizard, L50, M|29/100
|move|p2a: Ursaluna|Protect|p2a: Ursaluna
|-singleturn|p2a: Ursaluna|Protect
|move|p1a: Pelipper|Weather Ball|p2b: Charizard
|-supereffective|p2b: Charizard
|-damage|p2b: Charizard|0 fnt
|faint|p2b: Charizard
|move|p1b: Archaludon|Electro Shot||[still]
|-prepare|p1b: Archaludon|Electro Shot
|-boost|p1b: Archaludon|spa|1
|-anim|p1b: Archaludon|Electro Shot|p2a: Ursaluna
|-activate|p2a: Ursaluna|move: Protect
|
|-weather|RainDance|[upkeep]
|-damage|p2a: Ursaluna|89/100 brn|[from] brn
|upkeep
|
|t:|1757747031
|switch|p2b: Torkoal|Torkoal, L50, M|37/100
|-weather|SunnyDay|[from] ability: Drought|[of] p2b: Torkoal
|turn|5
|
|t:|1757747049
|switch|p1a: Basculegion|Basculegion, L50, M|100/100
|move|p2a: Ursaluna|Protect|p2a: Ursaluna
|-singleturn|p2a: Ursaluna|Protect
|move|p1b: Archaludon|Body Press|p2a: Ursaluna
|-activate|p2a: Ursaluna|move: Protect
|move|p2b: Torkoal|Overheat|p1b: Archaludon
|-damage|p1b: Archaludon|2/100
|-unboost|p2b: Torkoal|spa|2
|-ability|p1b: Archaludon|Stamina|boost
|-boost|p1b: Archaludon|def|1
|
|-weather|SunnyDay|[upkeep]
|-damage|p2a: Ursaluna|83/100 brn|[from] brn
|upkeep
|turn|6
|
|t:|1757747088
|switch|p1b: Pelipper|Pelipper, L50, M|38/100
|-weather|RainDance|[from] ability: Drizzle|[of] p1b: Pelipper
|move|p2b: Torkoal|Helping Hand|p2a: Ursaluna
|-singleturn|p2a: Ursaluna|Helping Hand|[of] p2b: Torkoal
|move|p1a: Basculegion|Aqua Jet|p2b: Torkoal
|-supereffective|p2b: Torkoal
|-damage|p2b: Torkoal|0 fnt
|faint|p2b: Torkoal
|move|p2a: Ursaluna|Facade|p1b: Pelipper
|-damage|p1b: Pelipper|0 fnt
|faint|p1b: Pelipper
|
|-weather|RainDance|[upkeep]
|-damage|p2a: Ursaluna|77/100 brn|[from] brn
|upkeep
|
|t:|1757747099
|switch|p1b: Archaludon|Archaludon, L50, F, shiny|2/100
|turn|7
|
|t:|1757747122
|-terastallize|p1a: Basculegion|Water
|move|p1a: Basculegion|Wave Crash|p2a: Ursaluna
|-damage|p2a: Ursaluna|0 fnt
|faint|p2a: Ursaluna
|-damage|p1a: Basculegion|72/100|[from] Recoil
|
|win|hytori
