|j|☆subchompiscrazy
|j|☆brentdeg
|html|subchompiscrazybrentdeg    
|uhtml|bestof|Game 2 of a best-of-3
|t:|1783875739
|gametype|doubles
|player|p1|subchompiscrazy|whitney|
|player|p2|brentdeg|clown|
|gen|9
|tier|[Gen 9 Champions] VGC 2026 Reg M-B (Bo3)
|rule|Species Clause: Limit one of each Pokémon
|rule|Item Clause: Limit 1 of each item
|clearpoke
|poke|p1|Kingambit, L50, M, shiny|
|poke|p1|Delphox, L50, F, shiny|
|poke|p1|Garchomp, L50, F, shiny|
|poke|p1|Aerodactyl, L50, M, shiny|
|poke|p1|Tsareena, L50, F, shiny|
|poke|p1|Sneasler, L50, M, shiny|
|poke|p2|Charizard, L50, M|
|poke|p2|Whimsicott, L50, M|
|poke|p2|Kingambit, L50, F|
|poke|p2|Basculegion, L50, M|
|poke|p2|Garchomp, L50, M|
|poke|p2|Floette-Eternal, L50, F|
|teampreview|4
|showteam|p1|Kingambit||ChopleBerry|Defiant|Protect,SuckerPunch,IronHead,KowtowCleave|Adamant||M|||50|]Delphox||Delphoxite|Blaze|Protect,HeatWave,Psychic,Encore|Timid||F|||50|]Garchomp|||RoughSkin|Protect,RockSlide,StompingTantrum,Earthquake|Adamant||F|||50|]Aerodactyl||FocusSash|Unnerve|Protect,RockSlide,DualWingbeat,Tailwind|Jolly||M|||50|]Tsareena||SitrusBerry|QueenlyMajesty|TropKick,LowKick,TripleAxel,SunnyDay|Adamant||F|||50|]Sneasler||WhiteHerb|Unburden|FakeOut,DireClaw,CloseCombat,Feint|Adamant||M|||50|
|showteam|p2|Charizard||CharizarditeY|Blaze|HeatWave,WeatherBall,SolarBeam,Protect|Modest||M|||50|]Whimsicott||FocusSash|Prankster|Protect,Moonblast,Encore,Tailwind|Timid||M|||50|]Kingambit||BlackGlasses|Defiant|KowtowCleave,SuckerPunch,IronHead,Protect|Adamant||F|||50|]Basculegion||LifeOrb|Adaptability|WaveCrash,LastRespects,AquaJet,Protect|Adamant||M|||50|]Garchomp||SitrusBerry|RoughSkin|Earthquake,RockSlide,DragonClaw,Protect|Jolly||M|||50|]Floette-Eternal||Floettite|FlowerVeil|Moonblast,DazzlingGleam,LightofRuin,Protect|Modest||F|||50|
|inactive|Battle timer is ON: inactive players will automatically lose when time's up. (requested by subchompiscrazy)
|inactive|subchompiscrazy has 60 seconds left.
|inactive|subchompiscrazy has 30 seconds left.
|inactive|subchompiscrazy has 20 seconds left.
|inactive|subchompiscrazy has 15 seconds left.
|inactive|subchompiscrazy has 10 seconds left.
|inactive|subchompiscrazy has 5 seconds left.
|
|t:|1783875825
|teamsize|p1|4
|teamsize|p2|4
|start
|switch|p1a: Sneasler|Sneasler, L50, M, shiny|100/100
|switch|p1b: Aerodactyl|Aerodactyl, L50, M, shiny|100/100
|switch|p2a: Basculegion|Basculegion, L50, M|100/100
|switch|p2b: Whimsicott|Whimsicott, L50, M|100/100
|-ability|p1b: Aerodactyl|Unnerve
|turn|1
|inactive|brentdeg has 30 seconds left.
|
|t:|1783875857
|move|p1a: Sneasler|Fake Out|p2b: Whimsicott
|-damage|p2b: Whimsicott|78/100
|cant|p2b: Whimsicott|flinch
|move|p1b: Aerodactyl|Tailwind|p1b: Aerodactyl
|-sidestart|p1: subchompiscrazy|move: Tailwind
|move|p2a: Basculegion|Wave Crash|p1a: Sneasler
|-damage|p1a: Sneasler|0 fnt
|faint|p1a: Sneasler
|-damage|p2a: Basculegion|68/100|[from] Recoil
|-damage|p2a: Basculegion|59/100|[from] item: Life Orb
|
|upkeep
|
|t:|1783875872
|switch|p1a: Garchomp|Garchomp, L50, F, shiny|100/100
|turn|2
|
|t:|1783875887
|move|p2a: Basculegion|Protect|p2a: Basculegion
|-singleturn|p2a: Basculegion|Protect
|move|p2b: Whimsicott|Encore|p1b: Aerodactyl
|-start|p1b: Aerodactyl|Encore
|move|p1b: Aerodactyl|Tailwind||[still]
|-fail|p1b: Aerodactyl
|move|p1a: Garchomp|Earthquake|p2b: Whimsicott|[spread] p2b
|-activate|p2a: Basculegion|move: Protect
|-immune|p1b: Aerodactyl
|-resisted|p2b: Whimsicott|1
|-damage|p2b: Whimsicott|50/100g
|
|upkeep
|turn|3
|inactive|subchompiscrazy has 30 seconds left.
|inactive|brentdeg has 30 seconds left.
|
|t:|1783875927
|switch|p1b: Delphox|Delphox, L50, F, shiny|100/100
|switch|p2a: Garchomp|Garchomp, L50, M|100/100
|move|p2b: Whimsicott|Tailwind|p2b: Whimsicott
|-sidestart|p2: brentdeg|move: Tailwind
|move|p1a: Garchomp|Earthquake|p2b: Whimsicott|[spread] p1b,p2a,p2b
|-supereffective|p1b: Delphox|1
|-resisted|p2b: Whimsicott|1
|-damage|p1b: Delphox|8/100
|-damage|p2a: Garchomp|65/100
|-damage|p2b: Whimsicott|21/100
|
|upkeep
|turn|4
|
|t:|1783875947
|detailschange|p1b: Delphox|Delphox-Mega, L50, F, shiny
|-mega|p1b: Delphox|Delphox|Delphoxite
|move|p1b: Delphox|Protect|p1b: Delphox
|-singleturn|p1b: Delphox|Protect
|move|p2b: Whimsicott|Moonblast|p1b: Delphox
|-activate|p1b: Delphox|move: Protect
|move|p2a: Garchomp|Dragon Claw|p1a: Garchomp
|-supereffective|p1a: Garchomp|1
|-damage|p1a: Garchomp|35/100
|-damage|p2a: Garchomp|52/100|[from] ability: Rough Skin|[of] p1a: Garchomp
|move|p1a: Garchomp|Earthquake|p2b: Whimsicott|[spread] p2a,p2b
|-activate|p1b: Delphox|move: Protect
|-resisted|p2b: Whimsicott|1
|-crit|p2b: Whimsicott
|-damage|p2a: Garchomp|12/100
|-damage|p2b: Whimsicott|0 fnt
|-enditem|p2a: Garchomp|Sitrus Berry|[eat]
|-heal|p2a: Garchomp|37/100|[from] item: Sitrus Berry
|faint|p2b: Whimsicott
|
|-sideend|p1: subchompiscrazy|move: Tailwind
|upkeep
|
|t:|1783875970
|switch|p2b: Charizard|Charizard, L50, M|100/100
|turn|5
|
|t:|1783875984
|detailschange|p2b: Charizard|Charizard-Mega-Y, L50, M
|-mega|p2b: Charizard|Charizard|Charizardite Y
|-weather|SunnyDay|[from] ability: Drought|[of] p2b: Charizard
|move|p1a: Garchomp|Protect|p1a: Garchomp
|-singleturn|p1a: Garchomp|Protect
|move|p2a: Garchomp|Rock Slide|p1b: Delphox|[spread] 
|-activate|p1a: Garchomp|move: Protect
|-miss|p2a: Garchomp|p1b: Delphox
|move|p2b: Charizard|Heat Wave|p1b: Delphox|[spread] p1b
|-activate|p1a: Garchomp|move: Protect
|-resisted|p1b: Delphox|1
|-damage|p1b: Delphox|0 fnt
|faint|p1b: Delphox
|
|-weather|SunnyDay|[upkeep]
|upkeep
|
|t:|1783875999
|switch|p1b: Aerodactyl|Aerodactyl, L50, M, shiny|100/100
|-ability|p1b: Aerodactyl|Unnerve
|turn|6
|
|t:|1783876010
|move|p1a: Garchomp|Protect||[still]
|-fail|p1a: Garchomp
|move|p2a: Garchomp|Rock Slide|p1a: Garchomp|[spread] p1a
|-miss|p2a: Garchomp|p1b: Aerodactyl
|-resisted|p1a: Garchomp|1
|-damage|p1a: Garchomp|27/100
|move|p2b: Charizard|Heat Wave|p1b: Aerodactyl|[spread] p1a,p1b
|-resisted|p1a: Garchomp|1
|-resisted|p1b: Aerodactyl|1
|-damage|p1a: Garchomp|0 fnt
|-damage|p1b: Aerodactyl|57/100
|faint|p1a: Garchomp
|move|p1b: Aerodactyl|Rock Slide|p2a: Garchomp|[spread] p2a,p2b
|-resisted|p2a: Garchomp|1
|-supereffective|p2b: Charizard|2
|-crit|p2b: Charizard
|-damage|p2a: Garchomp|25/100
|-damage|p2b: Charizard|0 fnt
|faint|p2b: Charizard
|
|-weather|SunnyDay|[upkeep]
|-sideend|p2: brentdeg|move: Tailwind
|upkeep
|
|t:|1783876026
|switch|p2b: Basculegion|Basculegion, L50, M|59/100
|turn|7
|
|t:|1783876036
|move|p1b: Aerodactyl|Rock Slide|p2a: Garchomp|[spread] p2a,p2b
|-resisted|p2a: Garchomp|1
|-damage|p2a: Garchomp|13/100
|-damage|p2b: Basculegion|29/100
|cant|p2a: Garchomp|flinch
|move|p2b: Basculegion|Wave Crash|p1b: Aerodactyl
|-supereffective|p1b: Aerodactyl|1
|-crit|p1b: Aerodactyl
|-damage|p1b: Aerodactyl|0 fnt
|faint|p1b: Aerodactyl
|-damage|p2b: Basculegion|14/100|[from] Recoil
|-damage|p2b: Basculegion|4/100|[from] item: Life Orb
|
|win|brentdeg
|inactive|subchompiscrazy has 30 seconds to confirm battle start!
|inactive|brentdeg has 30 seconds to confirm battle start!
||subchompiscrazy is ready for game 3.
|inactive|brentdeg has 20 seconds to confirm battle start!
|inactive|brentdeg has 10 seconds to confirm battle start!
