|j|☆NBZ-H
|j|☆importarcade
|html|NBZ-Himportarcade    
|uhtml|bestof|Game 3 of a best-of-3
|t:|1784476562
|gametype|doubles
|player|p1|NBZ-H|169|1133
|player|p2|importarcade|ethan|1083
|gen|9
|tier|[Gen 9 Champions] VGC 2026 Reg M-B (Bo3)
|rated|
|rule|Species Clause: Limit one of each Pokémon
|rule|Item Clause: Limit 1 of each item
|clearpoke
|poke|p1|Blastoise, L50, F|
|poke|p1|Incineroar, L50, F|
|poke|p1|Sinistcha, L50|
|poke|p1|Quaquaval, L50, M|
|poke|p1|Raichu, L50, M|
|poke|p1|Sylveon, L50, F|
|poke|p2|Venusaur, L50, M|
|poke|p2|Charizard, L50, M|
|poke|p2|Grimmsnarl, L50, M|
|poke|p2|Archaludon, L50, F|
|poke|p2|Basculegion, L50, M|
|poke|p2|Pelipper, L50, F|
|teampreview|4
|showteam|p1|Blastoise||Blastoisinite|Torrent|WaterSpout,ShellSmash,AuraSphere,WaterPulse|Modest||F|||50|]Incineroar||ChopleBerry|Intimidate|FakeOut,FlareBlitz,PartingShot,DarkestLariat|Adamant||F|||50|]Sinistcha||OccaBerry|Hospitality|ShadowBall,MatchaGotcha,RagePowder,TrickRoom|Modest|||||50|]Quaquaval||LifeOrb|Moxie|AquaStep,AquaJet,CloseCombat,TripleAxel|Jolly||M|||50|]Raichu||RaichuniteY|LightningRod|FakeOut,ZapCannon,FocusBlast,VoltSwitch|Hasty||M|||50|]Sylveon||FairyFeather|Pixilate|HyperVoice,QuickAttack,MysticalFire,Protect|Sassy||F|||50|
|showteam|p2|Venusaur||FocusSash|Chlorophyll|SludgeBomb,EarthPower,SleepPowder,Protect|Modest||M|||50|]Charizard||CharizarditeY|Blaze|Protect,HeatWave,SolarBeam,WeatherBall|Modest||M|||50|]Grimmsnarl||LightClay|Prankster|SpiritBreak,LightScreen,Reflect,PartingShot|Sassy||M|||50|]Archaludon||Leftovers|Stamina|ElectroShot,DragonPulse,FlashCannon,Protect|Calm||F|||50|]Basculegion||ChoiceScarf|Adaptability|WaveCrash,LastRespects,AquaJet,FlipTurn|Jolly||M|||50|]Pelipper||SitrusBerry|Drizzle|Hurricane,WeatherBall,Tailwind,WideGuard|Modest||F|||50|
|inactive|Battle timer is ON: inactive players will automatically lose when time's up. (requested by NBZ-H)
|inactive|importarcade has 60 seconds left.
|
|t:|1784476617
|teamsize|p1|4
|teamsize|p2|4
|start
|switch|p1a: Incineroar|Incineroar, L50, F|100/100
|switch|p1b: Sinistcha|Sinistcha, L50|100/100
|switch|p2a: Charizard|Charizard, L50, M|100/100
|switch|p2b: Venusaur|Venusaur, L50, M|100/100
|-ability|p1a: Incineroar|Intimidate|boost
|-unboost|p2a: Charizard|atk|1
|-unboost|p2b: Venusaur|atk|1
|turn|1
|inactive|importarcade has 30 seconds left.
|
|t:|1784476646
|detailschange|p2a: Charizard|Charizard-Mega-Y, L50, M
|-mega|p2a: Charizard|Charizard|Charizardite Y
|-weather|SunnyDay|[from] ability: Drought|[of] p2a: Charizard
|move|p1a: Incineroar|Fake Out|p2a: Charizard
|-damage|p2a: Charizard|83/100
|move|p2b: Venusaur|Sludge Bomb|p1a: Incineroar
|-damage|p1a: Incineroar|59/100
|-status|p1a: Incineroar|psn
|cant|p2a: Charizard|flinch
|move|p1b: Sinistcha|Trick Room|p1b: Sinistcha
|-fieldstart|move: Trick Room|[of] p1b: Sinistcha
|
|-weather|SunnyDay|[upkeep]
|-damage|p1a: Incineroar|47/100 psn|[from] psn
|upkeep
|turn|2
|inactive|importarcade has 30 seconds left.
|inactive|NBZ-H has 30 seconds left.
|inactive|importarcade has 20 seconds left.
|
|t:|1784476682
|switch|p1b: Blastoise|Blastoise, L50, F|100/100
|move|p1a: Incineroar|Flare Blitz|p2b: Venusaur
|-supereffective|p2b: Venusaur|1
|-enditem|p2b: Venusaur|Focus Sash
|-damage|p2b: Venusaur|1/100
|-damage|p1a: Incineroar|22/100 psn|[from] Recoil
|move|p2a: Charizard|Heat Wave|p1b: Blastoise|[spread] p1a,p1b
|-resisted|p1a: Incineroar|1
|-resisted|p1b: Blastoise|1
|-damage|p1a: Incineroar|0 fnt
|-damage|p1b: Blastoise|70/100
|faint|p1a: Incineroar
|move|p2b: Venusaur|Earth Power|p1b: Blastoise
|-damage|p1b: Blastoise|43/100
|
|-weather|SunnyDay|[upkeep]
|upkeep
|
|t:|1784476693
|switch|p1a: Sinistcha|Sinistcha, L50|100/100
|-heal|p1b: Blastoise|68/100|[from] ability: Hospitality|[of] p1a: Sinistcha
|turn|3
|
|t:|1784476718
|switch|p2b: Archaludon|Archaludon, L50, F|100/100
|detailschange|p1b: Blastoise|Blastoise-Mega, L50, F
|-mega|p1b: Blastoise|Blastoise|Blastoisinite
|move|p2a: Charizard|Protect|p2a: Charizard
|-singleturn|p2a: Charizard|Protect
|move|p1a: Sinistcha|Shadow Ball|p2a: Charizard
|-activate|p2a: Charizard|move: Protect
|move|p1b: Blastoise|Water Spout|p2a: Charizard|[spread] p2b
|-activate|p2a: Charizard|move: Protect
|-resisted|p2b: Archaludon|1
|-damage|p2b: Archaludon|89/100
|-ability|p2b: Archaludon|Stamina|boost
|-boost|p2b: Archaludon|def|1
|
|-weather|SunnyDay|[upkeep]
|-heal|p2b: Archaludon|95/100|[from] item: Leftovers
|upkeep
|turn|4
|
|t:|1784476740
|switch|p2a: Pelipper|Pelipper, L50, F|100/100
|-weather|RainDance|[from] ability: Drizzle|[of] p2a: Pelipper
|move|p1a: Sinistcha|Shadow Ball|p2a: Pelipper
|-damage|p2a: Pelipper|43/100
|-enditem|p2a: Pelipper|Sitrus Berry|[eat]
|-heal|p2a: Pelipper|68/100|[from] item: Sitrus Berry
|move|p1b: Blastoise|Water Spout|p2a: Pelipper|[spread] p2a,p2b
|-resisted|p2a: Pelipper|1
|-resisted|p2b: Archaludon|1
|-damage|p2a: Pelipper|21/100
|-damage|p2b: Archaludon|66/100
|-ability|p2b: Archaludon|Stamina|boost
|-boost|p2b: Archaludon|def|1
|move|p2b: Archaludon|Electro Shot||[still]
|-prepare|p2b: Archaludon|Electro Shot
|-boost|p2b: Archaludon|spa|1
|-anim|p2b: Archaludon|Electro Shot|p1b: Blastoise
|-supereffective|p1b: Blastoise|1
|-damage|p1b: Blastoise|0 fnt
|faint|p1b: Blastoise
|
|-weather|RainDance|[upkeep]
|-heal|p2b: Archaludon|72/100|[from] item: Leftovers
|upkeep
|
|t:|1784476753
|switch|p1b: Raichu|Raichu, L50, M|100/100
|turn|5
|inactive|importarcade has 30 seconds left.
|
|t:|1784476779
|switch|p2a: Venusaur|Venusaur, L50, M|1/100
|move|p1a: Sinistcha|Rage Powder|p1a: Sinistcha
|-singleturn|p1a: Sinistcha|move: Rage Powder
|move|p2b: Archaludon|Dragon Pulse|p1a: Sinistcha
|-damage|p1a: Sinistcha|34/100
|move|p1b: Raichu|Volt Switch|p2a: Venusaur
|-resisted|p2a: Venusaur|1
|-damage|p2a: Venusaur|0 fnt
|faint|p2a: Venusaur
|
|-weather|RainDance|[upkeep]
|-heal|p2b: Archaludon|78/100|[from] item: Leftovers
|-fieldend|move: Trick Room
|upkeep
|
|t:|1784476798
|switch|p2a: Charizard|Charizard-Mega-Y, L50, M|83/100
|-weather|SunnyDay|[from] ability: Drought|[of] p2a: Charizard
|turn|6
|
|t:|1784476819
|move|p2a: Charizard|Protect|p2a: Charizard
|-singleturn|p2a: Charizard|Protect
|move|p1a: Sinistcha|Rage Powder|p1a: Sinistcha
|-singleturn|p1a: Sinistcha|move: Rage Powder
|move|p1b: Raichu|Volt Switch|p2a: Charizard
|-activate|p2a: Charizard|move: Protect
|move|p2b: Archaludon|Dragon Pulse|p1a: Sinistcha
|-damage|p1a: Sinistcha|0 fnt
|faint|p1a: Sinistcha
|
|-weather|SunnyDay|[upkeep]
|-heal|p2b: Archaludon|84/100|[from] item: Leftovers
|upkeep
|turn|7
|
|t:|1784476836
|switch|p2a: Pelipper|Pelipper, L50, F|21/100
|-weather|RainDance|[from] ability: Drizzle|[of] p2a: Pelipper
|move|p1b: Raichu|Volt Switch|p2a: Pelipper
|-supereffective|p2a: Pelipper|2
|-damage|p2a: Pelipper|0 fnt
|faint|p2a: Pelipper
|move|p2b: Archaludon|Dragon Pulse|p1b: Raichu
|-damage|p1b: Raichu|14/100
|
|-weather|RainDance|[upkeep]
|-heal|p2b: Archaludon|90/100|[from] item: Leftovers
|upkeep
|
|t:|1784476848
|switch|p2a: Charizard|Charizard-Mega-Y, L50, M|83/100
|-weather|SunnyDay|[from] ability: Drought|[of] p2a: Charizard
|turn|8
|inactive|NBZ-H has 30 seconds left.
|inactive|NBZ-H has 20 seconds left.
|inactive|NBZ-H has 15 seconds left.
|l|☆NBZ-H
|inactive|NBZ-H disconnected and has a minute to reconnect!
|player|p1|
|inactive|NBZ-H has 10 seconds left.
|inactive|NBZ-H has 5 seconds left.
|-message|NBZ-H lost due to inactivity.
|
|win|importarcade
|raw|NBZ-H's rating: 1133 → 1104(-29 for losing)
|raw|importarcade's rating: 1083 → 1114(+31 for winning)
|c|☆importarcade|coward
