|j|☆CappoFeFe
|j|☆LaxIsLoveLaxIsLife
|html|CappoFeFeLaxIsLoveLaxIsLife    
|uhtml|bestof|Game 3 of a best-of-3
|t:|1784806044
|gametype|doubles
|player|p1|CappoFeFe|101|1281
|player|p2|LaxIsLoveLaxIsLife|bugcatcher-gen4dp|1228
|gen|9
|tier|[Gen 9 Champions] VGC 2026 Reg M-B (Bo3)
|rated|
|rule|Species Clause: Limit one of each Pokémon
|rule|Item Clause: Limit 1 of each item
|clearpoke
|poke|p1|Gardevoir, L50, M, shiny|
|poke|p1|Maushold-Four, L50, shiny|
|poke|p1|Torkoal, L50, F, shiny|
|poke|p1|Basculegion, L50, M|
|poke|p1|Venusaur, L50, F, shiny|
|poke|p1|Incineroar, L50, F, shiny|
|poke|p2|Floette-Eternal, L50, F|
|poke|p2|Raichu, L50, M|
|poke|p2|Sinistcha, L50|
|poke|p2|Weavile, L50, M|
|poke|p2|Ceruledge, L50, F|
|poke|p2|Milotic, L50, F|
|teampreview|4
|showteam|p1|Gardevoir||Gardevoirite|Synchronize|HyperVoice,Psyshock,TrickRoom,Protect|Modest||M|||50|]Maushold-Four||ChopleBerry|FriendGuard|SuperFang,AfterYou,FollowMe,Protect|Jolly|||||50|]Torkoal||Charcoal|Drought|Eruption,HeatWave,AncientPower,Protect|Quiet||F|||50|]Basculegion||MysticWater|Adaptability|WaveCrash,LastRespects,AquaJet,Protect|Adamant||M|||50|]Venusaur||FocusSash|Chlorophyll|SludgeBomb,EarthPower,SleepPowder,Protect|Modest||F|||50|]Incineroar||SitrusBerry|Intimidate|FakeOut,PartingShot,FlareBlitz,ThroatChop|Adamant||F|||50|
|showteam|p2|Floette-Eternal||Floettite|FlowerVeil|Protect,DrainingKiss,DazzlingGleam,CalmMind|Modest||F|||50|]Raichu||RaichuniteY|LightningRod|ZapCannon,FocusBlast,Protect,FakeOut|Timid||M|||50|]Sinistcha||KasibBerry|Hospitality|MatchaGotcha,LifeDew,Protect,RagePowder|Relaxed|||||50|]Weavile||FocusSash|Pickpocket|KnockOff,TripleAxel,LowKick,FakeOut|Jolly||M|||50|]Ceruledge||ColburBerry|FlashFire|BitterBlade,ShadowSneak,Protect,BulkUp|Adamant||F|||50|]Milotic||Leftovers|Competitive|MuddyWater,Coil,Protect,Hypnosis|Calm||F|||50|
|
|t:|1784806060
|teamsize|p1|4
|teamsize|p2|4
|start
|switch|p1a: Gardevoir|Gardevoir, L50, M, shiny|100/100
|switch|p1b: Maushold|Maushold-Four, L50, shiny|100/100
|switch|p2a: Ceruledge|Ceruledge, L50, F|100/100
|switch|p2b: Milotic|Milotic, L50, F|100/100
|turn|1
|
|t:|1784806080
|detailschange|p1a: Gardevoir|Gardevoir-Mega, L50, M, shiny
|-mega|p1a: Gardevoir|Gardevoir|Gardevoirite
|move|p2b: Milotic|Protect|p2b: Milotic
|-singleturn|p2b: Milotic|Protect
|move|p1b: Maushold|Super Fang|p2b: Milotic
|-activate|p2b: Milotic|move: Protect
|move|p1a: Gardevoir|Hyper Voice|p2b: Milotic|[spread] p2a
|-activate|p2b: Milotic|move: Protect
|-resisted|p2a: Ceruledge|1
|-damage|p2a: Ceruledge|71/100
|move|p2a: Ceruledge|Bulk Up|p2a: Ceruledge
|-boost|p2a: Ceruledge|atk|1
|-boost|p2a: Ceruledge|def|1
|
|upkeep
|turn|2
|
|t:|1784806099
|move|p1b: Maushold|Protect|p1b: Maushold
|-singleturn|p1b: Maushold|Protect
|move|p1a: Gardevoir|Hyper Voice|p2a: Ceruledge|[spread] p2a,p2b
|-resisted|p2a: Ceruledge|1
|-damage|p2a: Ceruledge|45/100
|-damage|p2b: Milotic|64/100
|move|p2b: Milotic|Hypnosis|p1b: Maushold
|-activate|p1b: Maushold|move: Protect
|move|p2a: Ceruledge|Bitter Blade|p1a: Gardevoir
|-damage|p1a: Gardevoir|24/100
|-heal|p2a: Ceruledge|81/100|[from] drain|[of] p1a: Gardevoir
|
|-heal|p2b: Milotic|70/100|[from] item: Leftovers
|upkeep
|turn|3
|
|t:|1784806119
|move|p1a: Gardevoir|Protect|p1a: Gardevoir
|-singleturn|p1a: Gardevoir|Protect
|move|p2b: Milotic|Protect|p2b: Milotic
|-singleturn|p2b: Milotic|Protect
|move|p1b: Maushold|Super Fang|p2b: Milotic
|-activate|p2b: Milotic|move: Protect
|move|p2a: Ceruledge|Bitter Blade|p1a: Gardevoir
|-activate|p1a: Gardevoir|move: Protect
|
|-heal|p2b: Milotic|76/100|[from] item: Leftovers
|upkeep
|turn|4
|
|t:|1784806135
|move|p1b: Maushold|Follow Me|p1b: Maushold
|-singleturn|p1b: Maushold|move: Follow Me
|move|p1a: Gardevoir|Hyper Voice|p2a: Ceruledge|[spread] p2a,p2b
|-resisted|p2a: Ceruledge|1
|-damage|p2a: Ceruledge|54/100
|-damage|p2b: Milotic|39/100
|move|p2b: Milotic|Coil|p2b: Milotic
|-boost|p2b: Milotic|atk|1
|-boost|p2b: Milotic|def|1
|-boost|p2b: Milotic|accuracy|1
|move|p2a: Ceruledge|Bitter Blade|p1b: Maushold
|-damage|p1b: Maushold|13/100
|-heal|p2a: Ceruledge|97/100|[from] drain|[of] p1b: Maushold
|
|-heal|p2b: Milotic|45/100|[from] item: Leftovers
|upkeep
|turn|5
|
|t:|1784806160
|switch|p1b: Incineroar|Incineroar, L50, F, shiny|100/100
|-ability|p1b: Incineroar|Intimidate|boost
|-unboost|p2a: Ceruledge|atk|1
|-unboost|p2b: Milotic|atk|1
|-ability|p2b: Milotic|Competitive|boost
|-boost|p2b: Milotic|spa|2
|move|p2b: Milotic|Protect|p2b: Milotic
|-singleturn|p2b: Milotic|Protect
|move|p1a: Gardevoir|Hyper Voice|p2a: Ceruledge|[spread] p2a
|-activate|p2b: Milotic|move: Protect
|-resisted|p2a: Ceruledge|1
|-damage|p2a: Ceruledge|69/100
|move|p2a: Ceruledge|Bitter Blade|p1a: Gardevoir
|-damage|p1a: Gardevoir|0 fnt
|-heal|p2a: Ceruledge|81/100|[from] drain|[of] p1a: Gardevoir
|faint|p1a: Gardevoir
|
|-heal|p2b: Milotic|51/100|[from] item: Leftovers
|upkeep
|
|t:|1784806167
|switch|p1a: Basculegion|Basculegion, L50, M|100/100
|turn|6
|
|t:|1784806193
|switch|p2a: Sinistcha|Sinistcha, L50|100/100
|-heal|p2b: Milotic|76/100|[from] ability: Hospitality|[of] p2a: Sinistcha
|move|p1b: Incineroar|Fake Out|p2b: Milotic
|-crit|p2b: Milotic
|-damage|p2b: Milotic|56/100
|cant|p2b: Milotic|flinch
|move|p1a: Basculegion|Last Respects|p2a: Sinistcha
|-supereffective|p2a: Sinistcha|1
|-enditem|p2a: Sinistcha|Kasib Berry|[eat]
|-enditem|p2a: Sinistcha|Kasib Berry|[weaken]
|-damage|p2a: Sinistcha|47/100
|
|-heal|p2b: Milotic|62/100|[from] item: Leftovers
|upkeep
|turn|7
|
|t:|1784806204
|move|p1a: Basculegion|Protect|p1a: Basculegion
|-singleturn|p1a: Basculegion|Protect
|move|p2b: Milotic|Coil|p2b: Milotic
|-boost|p2b: Milotic|atk|1
|-boost|p2b: Milotic|def|1
|-boost|p2b: Milotic|accuracy|1
|move|p2a: Sinistcha|Life Dew|p2a: Sinistcha|[spread] p2a,p2b
|-heal|p2a: Sinistcha|72/100
|-heal|p2b: Milotic|87/100
|move|p1b: Incineroar|Flare Blitz|p2a: Sinistcha
|-supereffective|p2a: Sinistcha|1
|-damage|p2a: Sinistcha|0 fnt
|faint|p2a: Sinistcha
|-damage|p1b: Incineroar|78/100|[from] Recoil
|
|-heal|p2b: Milotic|93/100|[from] item: Leftovers
|upkeep
|
|t:|1784806207
|switch|p2a: Raichu|Raichu, L50, M|100/100
|turn|8
|
|t:|1784806230
|switch|p1b: Maushold|Maushold-Four, L50, shiny|13/100
|detailschange|p2a: Raichu|Raichu-Mega-Y, L50, M
|-mega|p2a: Raichu|Raichu|Raichunite Y
|move|p2a: Raichu|Zap Cannon|p1a: Basculegion
|-supereffective|p1a: Basculegion|1
|-damage|p1a: Basculegion|9/100
|-status|p1a: Basculegion|par
|move|p2b: Milotic|Muddy Water|p1a: Basculegion|[spread] p1a,p1b
|-resisted|p1a: Basculegion|1
|-damage|p1a: Basculegion|0 fnt
|-damage|p1b: Maushold|0 fnt
|faint|p1a: Basculegion
|faint|p1b: Maushold
|
|-heal|p2b: Milotic|99/100|[from] item: Leftovers
|upkeep
|-message|CappoFeFe forfeited.
|
|win|LaxIsLoveLaxIsLife
|raw|CappoFeFe's rating: 1281 → 1252(-29 for losing)
|raw|LaxIsLoveLaxIsLife's rating: 1228 → 1257(+29 for winning)
|l|☆CappoFeFe
|player|p1|
