|j|☆galloway2001
|j|☆nicven
|html|galloway2001nicven    
|uhtml|bestof|Game 3 of a best-of-3
|t:|1786035856
|gametype|doubles
|player|p1|galloway2001|265|1337
|player|p2|nicven|ghetsis|1235
|gen|9
|tier|[Gen 9 Champions] VGC 2026 Reg M-B (Bo3)
|rated|
|rule|Species Clause: Limit one of each Pokémon
|rule|Item Clause: Limit 1 of each item
|clearpoke
|poke|p1|Froslass, L50, F|
|poke|p1|Scovillain, L50, F|
|poke|p1|Lycanroc-Dusk, L50, M|
|poke|p1|Sneasler, L50, M|
|poke|p1|Kingambit, L50, M|
|poke|p1|Basculegion, L50, M|
|poke|p2|Froslass, L50, F|
|poke|p2|Sneasler, L50, M|
|poke|p2|Kingambit, L50, M|
|poke|p2|Basculegion, L50, M|
|poke|p2|Arcanine-Hisui, L50, M|
|poke|p2|Raichu, L50, M|
|teampreview|4
|showteam|p1|Froslass||Froslassite|CursedBody|Blizzard,ShadowBall,AuroraVeil,Protect|Modest||F|||50|]Scovillain||Scovillainite|Moody|Overheat,GigaDrain,RagePowder,Protect|Bold||F|||50|]Lycanroc-Dusk||FocusSash|ToughClaws|RockSlide,CloseCombat,Accelerock,Protect|Adamant||M|||50|]Sneasler||WhiteHerb|Unburden|FakeOut,CloseCombat,GunkShot,Protect|Adamant||M|||50|]Kingambit||BlackGlasses|Defiant|KowtowCleave,SuckerPunch,SwordsDance,Protect|Adamant||M|||50|]Basculegion||SitrusBerry|Adaptability|WaveCrash,LastRespects,AquaJet,Protect|Adamant||M|||50|
|showteam|p2|Froslass||Froslassite|CursedBody|Blizzard,ShadowBall,AuroraVeil,Protect|Timid||F|||50|]Sneasler||WhiteHerb|Unburden|CloseCombat,GunkShot,FakeOut,Protect|Adamant||M|||50|]Kingambit||LifeOrb|Defiant|KowtowCleave,SuckerPunch,SwordsDance,Protect|Adamant||M|||50|]Basculegion||SitrusBerry|Adaptability|WaveCrash,AquaJet,LastRespects,Protect|Adamant||M|||50|]Arcanine-Hisui||FocusSash|RockHead|RockSlide,FlareBlitz,HeadSmash,Protect|Adamant||M|||50|]Raichu||RaichuniteY|LightningRod|ZapCannon,FocusBlast,FakeOut,Protect|Timid||M|||50|
|inactive|Battle timer is ON: inactive players will automatically lose when time's up. (requested by galloway2001)
|
|t:|1786035908
|teamsize|p1|4
|teamsize|p2|4
|start
|switch|p1a: Scovillain|Scovillain, L50, F|100/100
|switch|p1b: Kingambit|Kingambit, L50, M|100/100
|switch|p2a: Raichu|Raichu, L50, M|100/100
|switch|p2b: Arcanine|Arcanine-Hisui, L50, M|100/100
|turn|1
|
|t:|1786035934
|switch|p2a: Sneasler|Sneasler, L50, M|100/100
|move|p1a: Scovillain|Protect|p1a: Scovillain
|-singleturn|p1a: Scovillain|Protect
|move|p1b: Kingambit|Protect|p1b: Kingambit
|-singleturn|p1b: Kingambit|Protect
|move|p2b: Arcanine|Head Smash|p1a: Scovillain
|-activate|p1a: Scovillain|move: Protect
|
|-ability|p1a: Scovillain|Moody|boost
|-boost|p1a: Scovillain|def|2
|-unboost|p1a: Scovillain|spa|1
|upkeep
|turn|2
|
|t:|1786035954
|switch|p1b: Basculegion|Basculegion, L50, M|100/100
|detailschange|p1a: Scovillain|Scovillain-Mega, L50, F
|-mega|p1a: Scovillain|Scovillain|Scovillainite
|move|p2a: Sneasler|Fake Out|p1b: Basculegion
|-immune|p1b: Basculegion
|move|p2b: Arcanine|Head Smash|p1a: Scovillain
|-supereffective|p1a: Scovillain|1
|-damage|p1a: Scovillain|25/100
|-immune|p2b: Arcanine
|move|p1a: Scovillain|Giga Drain|p2b: Arcanine
|-damage|p2b: Arcanine|72/100
|-heal|p1a: Scovillain|39/100|[from] drain|[of] p2b: Arcanine
|
|upkeep
|turn|3
|
|t:|1786035975
|switch|p2b: Kingambit|Kingambit, L50, M|100/100
|move|p1b: Basculegion|Aqua Jet|p2b: Kingambit
|-damage|p2b: Kingambit|79/100
|move|p2a: Sneasler|Gunk Shot|p1a: Scovillain
|-supereffective|p1a: Scovillain|1
|-damage|p1a: Scovillain|0 fnt
|-status|p2a: Sneasler|brn|[from] ability: Spicy Spray|[of] p1a: Scovillain
|faint|p1a: Scovillain
|
|-damage|p2a: Sneasler|94/100 brn|[from] brn
|upkeep
|
|t:|1786035982
|switch|p1a: Sneasler|Sneasler, L50, M|100/100
|turn|4
|
|t:|1786036001
|move|p2b: Kingambit|Protect|p2b: Kingambit
|-singleturn|p2b: Kingambit|Protect
|move|p1a: Sneasler|Close Combat|p2b: Kingambit
|-activate|p2b: Kingambit|move: Protect
|move|p2a: Sneasler|Close Combat|p1a: Sneasler
|-resisted|p1a: Sneasler|1
|-damage|p1a: Sneasler|76/100
|-unboost|p2a: Sneasler|def|1
|-unboost|p2a: Sneasler|spd|1
|-enditem|p2a: Sneasler|White Herb
|-clearnegativeboost|p2a: Sneasler|[silent]
|move|p1b: Basculegion|Last Respects|p2a: Sneasler
|-damage|p2a: Sneasler|4/100 brn
|
|-damage|p2a: Sneasler|0 fnt|[from] brn
|faint|p2a: Sneasler
|upkeep
|
|t:|1786036022
|switch|p2a: Raichu|Raichu, L50, M|100/100
|turn|5
|inactive|nicven has 30 seconds left.
|inactive|nicven has 20 seconds left.
|
|t:|1786036058
|detailschange|p2a: Raichu|Raichu-Mega-Y, L50, M
|-mega|p2a: Raichu|Raichu|Raichunite Y
|move|p2a: Raichu|Zap Cannon|p1a: Sneasler
|-damage|p1a: Sneasler|0 fnt
|faint|p1a: Sneasler
|move|p1b: Basculegion|Wave Crash|p2b: Kingambit
|-damage|p2b: Kingambit|19/100
|-damage|p1b: Basculegion|81/100|[from] Recoil
|move|p2b: Kingambit|Kowtow Cleave|p1b: Basculegion
|-supereffective|p1b: Basculegion|1
|-damage|p1b: Basculegion|0 fnt
|faint|p1b: Basculegion
|-damage|p2b: Kingambit|10/100|[from] item: Life Orb
|
|upkeep
|c|☆nicven|gg
|
|t:|1786036073
|switch|p1b: Kingambit|Kingambit, L50, M|100/100
|turn|6
|
|t:|1786036083
|move|p1b: Kingambit|Sucker Punch|p2a: Raichu
|-damage|p2a: Raichu|17/100
|move|p2a: Raichu|Focus Blast|p1b: Kingambit
|-supereffective|p1b: Kingambit|2
|-damage|p1b: Kingambit|0 fnt
|faint|p1b: Kingambit
|
|win|nicven
|raw|galloway2001's rating: 1337 → 1311(-26 for losing)
|raw|nicven's rating: 1235 → 1267(+32 for winning)
|l|☆galloway2001
|player|p1|
