|j|☆new mental
|j|☆i miss my miraidon
|html|new mentali miss my miraidon    
|uhtml|bestof|Game 3 of a best-of-3
|t:|1784924710
|gametype|doubles
|player|p1|new mental|volkner|1377
|player|p2|i miss my miraidon|1|1425
|gen|9
|tier|[Gen 9 Champions] VGC 2026 Reg M-B (Bo3)
|rated|
|rule|Species Clause: Limit one of each Pokémon
|rule|Item Clause: Limit 1 of each item
|clearpoke
|poke|p1|Charizard, L50, F|
|poke|p1|Garchomp, L50, F|
|poke|p1|Incineroar, L50, M|
|poke|p1|Venusaur, L50, F|
|poke|p1|Toxapex, L50, M|
|poke|p1|Sylveon, L50, M|
|poke|p2|Glimmora, L50, M|
|poke|p2|Charizard, L50, F|
|poke|p2|Whimsicott, L50, F|
|poke|p2|Kommo-o, L50, M|
|poke|p2|Kingambit, L50, F|
|poke|p2|Ninetales-Alola, L50, F|
|teampreview|4
|showteam|p1|Charizard||CharizarditeY|SolarPower|WeatherBall,HeatWave,AncientPower,Protect|Modest||F|||50|]Garchomp||ChoiceScarf|RoughSkin|RockSlide,DragonClaw,Earthquake,StompingTantrum|Adamant||F|||50|]Incineroar||SitrusBerry|Intimidate|FlareBlitz,FakeOut,DarkestLariat,PartingShot|Impish||M|||50|]Venusaur||LifeOrb|Chlorophyll|SludgeBomb,LeafStorm,EarthPower,Protect|Modest||F|||50|]Toxapex||Leftovers|Regenerator|Infestation,Toxic,WideGuard,BanefulBunker|Bold||M|||50|]Sylveon||FairyFeather|Pixilate|HyperVoice,QuickAttack,Yawn,Detect|Modest||M|||50|
|showteam|p2|Glimmora||Glimmoranite|ToxicDebris|PowerGem,SludgeBomb,EarthPower,SpikyShield|Modest||M|||50|]Charizard||CharizarditeY|Blaze|HeatWave,WeatherBall,SolarBeam,Protect|Modest||F|||50|]Whimsicott||FocusSash|Prankster|Moonblast,Tailwind,Encore,Protect|Timid||F|||50|]Kommo-o||LifeOrb|Overcoat|ClangingScales,AuraSphere,VacuumWave,Protect|Modest||M|||50|]Kingambit||BlackGlasses|Defiant|KowtowCleave,SuckerPunch,IronHead,Protect|Adamant||F|||50|]Ninetales-Alola||NeverMeltIce|SnowWarning|Blizzard,FreezeDry,Disable,Protect|Timid||F|||50|
|c|☆new mental|why not sound proof?
|c|☆i miss my miraidon|sleep powder venu
|c|☆new mental|ouh
|c|☆i miss my miraidon|vivilion perish
|c|☆new mental|good good
|
|t:|1784924779
|teamsize|p1|4
|teamsize|p2|4
|start
|switch|p1a: Garchomp|Garchomp, L50, F|100/100
|switch|p1b: Charizard|Charizard, L50, F|100/100
|switch|p2a: Glimmora|Glimmora, L50, M|100/100
|switch|p2b: Whimsicott|Whimsicott, L50, F|100/100
|turn|1
|
|t:|1784924792
|switch|p2a: Kommo-o|Kommo-o, L50, M|100/100
|detailschange|p1b: Charizard|Charizard-Mega-Y, L50, F
|-mega|p1b: Charizard|Charizard|Charizardite Y
|-weather|SunnyDay|[from] ability: Drought|[of] p1b: Charizard
|move|p2b: Whimsicott|Tailwind|p2b: Whimsicott
|-sidestart|p2: i miss my miraidon|move: Tailwind
|move|p1a: Garchomp|Earthquake|p2b: Whimsicott|[spread] p2a,p2b
|-immune|p1b: Charizard
|-resisted|p2b: Whimsicott|1
|-damage|p2a: Kommo-o|55/100
|-damage|p2b: Whimsicott|70/100
|move|p1b: Charizard|Heat Wave|p2b: Whimsicott|[spread] p2a,p2b
|-resisted|p2a: Kommo-o|1
|-supereffective|p2b: Whimsicott|1
|-damage|p2a: Kommo-o|22/100
|-damage|p2b: Whimsicott|0 fnt
|faint|p2b: Whimsicott
|
|-weather|SunnyDay|[upkeep]
|upkeep
|
|t:|1784924797
|switch|p2b: Glimmora|Glimmora, L50, M|100/100
|turn|2
|
|t:|1784924806
|switch|p1a: Incineroar|Incineroar, L50, M|100/100
|-ability|p1a: Incineroar|Intimidate|boost
|-unboost|p2a: Kommo-o|atk|1
|-unboost|p2b: Glimmora|atk|1
|switch|p1b: Toxapex|Toxapex, L50, M|100/100
|detailschange|p2b: Glimmora|Glimmora-Mega, L50, M
|-mega|p2b: Glimmora|Glimmora|Glimmoranite
|move|p2b: Glimmora|Power Gem|p1b: Toxapex
|-damage|p1b: Toxapex|49/100
|move|p2a: Kommo-o|Clanging Scales|p1a: Incineroar|[spread] p1a,p1b
|-damage|p1a: Incineroar|54/100
|-damage|p1b: Toxapex|12/100
|-unboost|p2a: Kommo-o|def|1
|-damage|p2a: Kommo-o|12/100|[from] item: Life Orb
|
|-weather|SunnyDay|[upkeep]
|-heal|p1b: Toxapex|17/100|[from] item: Leftovers
|upkeep
|turn|3
|
|t:|1784924830
|move|p2b: Glimmora|Spiky Shield|p2b: Glimmora
|-singleturn|p2b: Glimmora|move: Protect
|move|p2a: Kommo-o|Protect|p2a: Kommo-o
|-singleturn|p2a: Kommo-o|Protect
|move|p1a: Incineroar|Fake Out|p2a: Kommo-o
|-activate|p2a: Kommo-o|move: Protect
|move|p1b: Toxapex|Infestation|p2b: Glimmora
|-activate|p2b: Glimmora|move: Protect
|-damage|p1b: Toxapex|5/100|[from] Spiky Shield|[of] p2b: Glimmora
|
|-weather|SunnyDay|[upkeep]
|-heal|p1b: Toxapex|11/100|[from] item: Leftovers
|upkeep
|turn|4
|
|t:|1784924849
|switch|p2a: Ninetales|Ninetales-Alola, L50, F|100/100
|-weather|Snowscape|[from] ability: Snow Warning|[of] p2a: Ninetales
|switch|p1a: Charizard|Charizard-Mega-Y, L50, F|100/100
|-weather|SunnyDay|[from] ability: Drought|[of] p1a: Charizard
|move|p1b: Toxapex|Baneful Bunker|p1b: Toxapex
|-singleturn|p1b: Toxapex|move: Protect
|move|p2b: Glimmora|Power Gem|p1a: Charizard
|-supereffective|p1a: Charizard|2
|-damage|p1a: Charizard|0 fnt
|faint|p1a: Charizard
|
|-weather|SunnyDay|[upkeep]
|-heal|p1b: Toxapex|17/100|[from] item: Leftovers
|-sideend|p2: i miss my miraidon|move: Tailwind
|upkeep
|
|t:|1784924858
|switch|p1a: Incineroar|Incineroar, L50, M|54/100
|-ability|p1a: Incineroar|Intimidate|boost
|-unboost|p2a: Ninetales|atk|1
|-unboost|p2b: Glimmora|atk|1
|turn|5
|
|t:|1784924886
|move|p2a: Ninetales|Protect|p2a: Ninetales
|-singleturn|p2a: Ninetales|Protect
|move|p2b: Glimmora|Spiky Shield|p2b: Glimmora
|-singleturn|p2b: Glimmora|move: Protect
|move|p1a: Incineroar|Flare Blitz|p2a: Ninetales
|-activate|p2a: Ninetales|move: Protect
|move|p1b: Toxapex|Infestation|p2b: Glimmora
|-activate|p2b: Glimmora|move: Protect
|-damage|p1b: Toxapex|5/100|[from] Spiky Shield|[of] p2b: Glimmora
|
|-weather|SunnyDay|[upkeep]
|-heal|p1b: Toxapex|10/100|[from] item: Leftovers
|upkeep
|turn|6
|
|t:|1784924892
|move|p1b: Toxapex|Baneful Bunker|p1b: Toxapex
|-singleturn|p1b: Toxapex|move: Protect
|move|p2a: Ninetales|Freeze-Dry|p1b: Toxapex
|-activate|p1b: Toxapex|move: Protect
|move|p2b: Glimmora|Power Gem|p1a: Incineroar
|-supereffective|p1a: Incineroar|1
|-damage|p1a: Incineroar|0 fnt
|faint|p1a: Incineroar
|
|-weather|SunnyDay|[upkeep]
|-heal|p1b: Toxapex|16/100|[from] item: Leftovers
|upkeep
|
|t:|1784924898
|switch|p1a: Garchomp|Garchomp, L50, F|100/100
|turn|7
|
|t:|1784924905
|move|p2b: Glimmora|Spiky Shield|p2b: Glimmora
|-singleturn|p2b: Glimmora|move: Protect
|move|p1b: Toxapex|Wide Guard|p1b: Toxapex
|-singleturn|p1b: Toxapex|Wide Guard
|move|p1a: Garchomp|Earthquake|p2b: Glimmora|[spread] p2a
|-activate|p1b: Toxapex|move: Wide Guard
|-activate|p2b: Glimmora|move: Protect
|-damage|p2a: Ninetales|40/100
|move|p2a: Ninetales|Freeze-Dry|p1a: Garchomp
|-supereffective|p1a: Garchomp|2
|-damage|p1a: Garchomp|0 fnt
|faint|p1a: Garchomp
|
|-weather|SunnyDay|[upkeep]
|-heal|p1b: Toxapex|22/100|[from] item: Leftovers
|upkeep
|turn|8
|
|t:|1784924918
|move|p2a: Ninetales|Freeze-Dry|p1b: Toxapex
|-supereffective|p1b: Toxapex|1
|-damage|p1b: Toxapex|0 fnt
|faint|p1b: Toxapex
|
|win|i miss my miraidon
|raw|new mental's rating: 1377 → 1360(-17 for losing)
|raw|i miss my miraidon's rating: 1425 → 1442(+17 for winning)
