|j|☆blarajan
|j|☆LeunamTG
|html|blarajanLeunamTG    
|uhtml|bestof|Game 1 of a best-of-3
|t:|1782762919
|gametype|doubles
|player|p1|blarajan|#blarajan|
|player|p2|LeunamTG|skyla|
|gen|9
|tier|[Gen 9 Champions] VGC 2026 Reg M-B (Bo3)
|rule|Species Clause: Limit one of each Pokémon
|rule|Item Clause: Limit 1 of each item
|clearpoke
|poke|p1|Incineroar, L50, F|
|poke|p1|Swampert, L50, F|
|poke|p1|Archaludon, L50, F|
|poke|p1|Grimmsnarl, L50, M|
|poke|p1|Venusaur, L50, M|
|poke|p1|Pelipper, L50, M|
|poke|p2|Archaludon, L50, F|
|poke|p2|Floette-Eternal, L50, F|
|poke|p2|Incineroar, L50, F|
|poke|p2|Pelipper, L50, F|
|poke|p2|Sinistcha, L50|
|poke|p2|Swampert, L50, M|
|teampreview|4
|showteam|p1|Incineroar||SitrusBerry|Intimidate|FlareBlitz,ThroatChop,FakeOut,PartingShot|Careful||F|||50|]Swampert||Swampertite|Damp|WaveCrash,Earthquake,FlipTurn,Protect|Adamant||F|||50|]Archaludon||Leftovers|Stamina|FlashCannon,ElectroShot,DragonPulse,Protect|Calm||F|||50|]Grimmsnarl||LightClay|Prankster|SpiritBreak,Reflect,LightScreen,PartingShot|Careful||M|||50|]Venusaur||Venusaurite|Chlorophyll|Protect,SludgeBomb,GigaDrain,EarthPower|Modest||M|||50|]Pelipper||LifeOrb|Drizzle|Hurricane,WeatherBall,Tailwind,WideGuard|Modest||M|||50|
|showteam|p2|Archaludon||Leftovers|Stamina|FlashCannon,DracoMeteor,ElectroShot,Protect|Modest||F|||50|]Floette-Eternal||Floettite|FlowerVeil|Moonblast,DazzlingGleam,CalmMind,Protect|Timid||F|||50|]Incineroar||PasshoBerry|Intimidate|PartingShot,FlareBlitz,ThroatChop,FakeOut|Careful||F|||50|]Pelipper||FocusSash|Drizzle|WeatherBall,Hurricane,WideGuard,HelpingHand|Timid||F|||50|]Sinistcha||SitrusBerry|Hospitality|MatchaGotcha,LifeDew,RagePowder,Protect|Bold|||||50|]Swampert||Swampertite|Damp|WaveCrash,Earthquake,IcePunch,Protect|Adamant||M|||50|
|j| Helios of Sun
|j| pop smoke
|c|☆blarajan|hf
|c|☆LeunamTG|GLHF!
|j| PandaMan7567
|j| templevgc
|j| Pd0nZ
|j| LOS OgyZ
|j| val16
|l| losogyz
|j| ck49
|j| xmarsh
|j| DubiousVGC
|j| damnwheresheat
|c| ck49|BARK BARK
|l| xmarsh
|j| pipppo
|j| rkd272
|
|t:|1782763066
|teamsize|p1|4
|teamsize|p2|4
|start
|switch|p1a: Incineroar|Incineroar, L50, F|100/100
|switch|p1b: Venusaur|Venusaur, L50, M|100/100
|switch|p2a: Incineroar|Incineroar, L50, F|100/100
|switch|p2b: Floette|Floette-Eternal, L50, F|100/100
|-ability|p1a: Incineroar|Intimidate|boost
|-unboost|p2a: Incineroar|atk|1
|-unboost|p2b: Floette|atk|1
|-ability|p2a: Incineroar|Intimidate|boost
|-unboost|p1a: Incineroar|atk|1
|-unboost|p1b: Venusaur|atk|1
|turn|1
|j| YOASOBI stan
|j| Finabas
|j| InkVG
|
|t:|1782763110
|switch|p1b: Archaludon|Archaludon, L50, F|100/100
|detailschange|p2b: Floette|Floette-Mega, L50, F
|-mega|p2b: Floette|Floette|Floettite
|-ability|p2b: Floette|Fairy Aura
|move|p1a: Incineroar|Fake Out|p2b: Floette
|-damage|p2b: Floette|91/100
|move|p2a: Incineroar|Fake Out|p1b: Archaludon
|-resisted|p1b: Archaludon|1
|-damage|p1b: Archaludon|97/100
|-ability|p1b: Archaludon|Stamina|boost
|-boost|p1b: Archaludon|def|1
|cant|p2b: Floette|flinch
|
|-heal|p1b: Archaludon|100/100|[from] item: Leftovers
|upkeep
|turn|2
|
|t:|1782763136
|move|p2b: Floette|Calm Mind|p2b: Floette
|-boost|p2b: Floette|spa|1
|-boost|p2b: Floette|spd|1
|move|p1a: Incineroar|Parting Shot|p2b: Floette
|-unboost|p2b: Floette|atk|1
|-unboost|p2b: Floette|spa|1
|
|t:|1782763141
|switch|p1a: Pelipper|Pelipper, L50, M|100/100|[from] Parting Shot
|-weather|RainDance|[from] ability: Drizzle|[of] p1a: Pelipper
|move|p1b: Archaludon|Electro Shot||[still]
|-prepare|p1b: Archaludon|Electro Shot
|-boost|p1b: Archaludon|spa|1
|-anim|p1b: Archaludon|Electro Shot|p2b: Floette
|-damage|p2b: Floette|61/100
|move|p2a: Incineroar|Parting Shot|p1b: Archaludon
|-unboost|p1b: Archaludon|atk|1
|-unboost|p1b: Archaludon|spa|1
|
|t:|1782763152
|switch|p2a: Sinistcha|Sinistcha, L50|100/100|[from] Parting Shot
|-heal|p2b: Floette|86/100|[from] ability: Hospitality|[of] p2a: Sinistcha
|
|-weather|RainDance|[upkeep]
|upkeep
|turn|3
|j| Jamstiffer
|
|t:|1782763187
|switch|p1b: Venusaur|Venusaur, L50, M|100/100
|switch|p2a: Incineroar|Incineroar, L50, F|100/100
|-ability|p2a: Incineroar|Intimidate|boost
|-unboost|p1a: Pelipper|atk|1
|-unboost|p1b: Venusaur|atk|1
|move|p2b: Floette|Moonblast|p1a: Pelipper
|-damage|p1a: Pelipper|22/100
|move|p1a: Pelipper|Tailwind|p1a: Pelipper
|-sidestart|p1: blarajan|move: Tailwind
|
|-weather|RainDance|[upkeep]
|upkeep
|turn|4
|l| Finabas
|j| Ally
|
|t:|1782763241
|detailschange|p1b: Venusaur|Venusaur-Mega, L50, M
|-mega|p1b: Venusaur|Venusaur|Venusaurite
|move|p2a: Incineroar|Fake Out|p1b: Venusaur
|-damage|p1b: Venusaur|91/100
|cant|p1b: Venusaur|flinch
|move|p1a: Pelipper|Weather Ball|p2b: Floette
|-damage|p2b: Floette|41/100
|-damage|p1a: Pelipper|13/100|[from] item: Life Orb
|move|p2b: Floette|Calm Mind|p2b: Floette
|-boost|p2b: Floette|spa|1
|-boost|p2b: Floette|spd|1
|
|-weather|RainDance|[upkeep]
|upkeep
|turn|5
|j|+radio free c-side
|
|t:|1782763315
|move|p2b: Floette|Protect|p2b: Floette
|-singleturn|p2b: Floette|Protect
|move|p1b: Venusaur|Sludge Bomb|p2b: Floette
|-activate|p2b: Floette|move: Protect
|move|p1a: Pelipper|Weather Ball|p2a: Incineroar
|-supereffective|p2a: Incineroar|1
|-enditem|p2a: Incineroar|Passho Berry|[eat]
|-enditem|p2a: Incineroar|Passho Berry|[weaken]
|-damage|p2a: Incineroar|41/100
|-damage|p1a: Pelipper|3/100|[from] item: Life Orb
|move|p2a: Incineroar|Parting Shot|p1b: Venusaur
|-unboost|p1b: Venusaur|atk|1
|-unboost|p1b: Venusaur|spa|1
|
|t:|1782763328
|switch|p2a: Sinistcha|Sinistcha, L50|100/100|[from] Parting Shot
|-heal|p2b: Floette|66/100|[from] ability: Hospitality|[of] p2a: Sinistcha
|
|-weather|RainDance|[upkeep]
|upkeep
|turn|6
|l|+radio free c-side
|j| A Regu1ar Guy
|l| YOASOBI stan
|l| ck49
|l| InkVG
|j| baaaaat_
|
|t:|1782763379
|switch|p2a: Incineroar|Incineroar, L50, F|41/100
|-ability|p2a: Incineroar|Intimidate|boost
|-unboost|p1a: Pelipper|atk|1
|-unboost|p1b: Venusaur|atk|1
|move|p1b: Venusaur|Sludge Bomb|p2b: Floette
|-supereffective|p2b: Floette|1
|-damage|p2b: Floette|38/100
|move|p1a: Pelipper|Hurricane|p2b: Floette
|-damage|p2b: Floette|15/100
|-damage|p1a: Pelipper|0 fnt|[from] item: Life Orb
|faint|p1a: Pelipper
|move|p2b: Floette|Moonblast|p1b: Venusaur
|-resisted|p1b: Venusaur|1
|-damage|p1b: Venusaur|50/100g
|
|-weather|none
|-sideend|p1: blarajan|move: Tailwind
|upkeep
|l| baaaaat_
|j| InkVG
|
|t:|1782763396
|switch|p1a: Incineroar|Incineroar, L50, F|100/100
|-ability|p1a: Incineroar|Intimidate|boost
|-unboost|p2a: Incineroar|atk|1
|-unboost|p2b: Floette|atk|1
|turn|7
|j| Fainting Spells
|j| PartingShotToSinis
|l| A Regu1ar Guy
|l| InkVG
|
|t:|1782763455
|switch|p2a: Sinistcha|Sinistcha, L50|100/100
|-heal|p2b: Floette|40/100|[from] ability: Hospitality|[of] p2a: Sinistcha
|move|p2b: Floette|Protect|p2b: Floette
|-singleturn|p2b: Floette|Protect
|move|p1b: Venusaur|Sludge Bomb|p2b: Floette
|-activate|p2b: Floette|move: Protect
|move|p1a: Incineroar|Flare Blitz|p2b: Floette
|-activate|p2b: Floette|move: Protect
|
|upkeep
|turn|8
|j| InkVG
|j| A Regu1ar Guy
|
|t:|1782763480
|move|p2a: Sinistcha|Rage Powder|p2a: Sinistcha
|-singleturn|p2a: Sinistcha|move: Rage Powder
|move|p2b: Floette|Dazzling Gleam|p1a: Incineroar|[spread] p1a,p1b
|-resisted|p1b: Venusaur|1
|-damage|p1a: Incineroar|40/100
|-damage|p1b: Venusaur|22/100
|-enditem|p1a: Incineroar|Sitrus Berry|[eat]
|-heal|p1a: Incineroar|65/100|[from] item: Sitrus Berry
|move|p1b: Venusaur|Sludge Bomb|p2b: Floette
|-supereffective|p2b: Floette|1
|-damage|p2b: Floette|15/100
|move|p1a: Incineroar|Parting Shot|p2a: Sinistcha
|-unboost|p2a: Sinistcha|atk|1
|-unboost|p2a: Sinistcha|spa|1
|
|t:|1782763492
|switch|p1a: Archaludon|Archaludon, L50, F|100/100|[from] Parting Shot
|
|upkeep
|turn|9
|l| InkVG
|j| Finabas
|j| InkVG
|l| A Regu1ar Guy
|
|t:|1782763562
|move|p1b: Venusaur|Protect|p1b: Venusaur
|-singleturn|p1b: Venusaur|Protect
|move|p1a: Archaludon|Protect|p1a: Archaludon
|-singleturn|p1a: Archaludon|Protect
|move|p2a: Sinistcha|Rage Powder|p2a: Sinistcha
|-singleturn|p2a: Sinistcha|move: Rage Powder
|move|p2b: Floette|Dazzling Gleam|p1a: Archaludon|[spread] 
|-activate|p1a: Archaludon|move: Protect
|-activate|p1b: Venusaur|move: Protect
|
|upkeep
|turn|10
|l| InkVG
|j| InkVG
|c|☆blarajan|that was a misclick but i think game is over
|-message|blarajan forfeited.
|
|win|LeunamTG
||blarajan is ready for game 2.
|inactive|LeunamTG has 30 seconds to confirm battle start!
|c|☆LeunamTG|Sorry about that
||LeunamTG is ready for game 2.
|uhtml|next|Next: Game 2 of 3
|l| InkVG
|l| Ally
|j| InkVG
|l| InkVG
|j| A Regu1ar Guy
|l| Finabas
|j| Rolling Stonedge
|l| Rolling Stonedge
|l| Fainting Spells
|j| Finabas
|j| Code
|j|+PinkSylvie
|l| A Regu1ar Guy
|j| AleK97
|l| Finabas
|j| MajorStar
|l| MajorStar
|l|☆blarajan
|player|p1|
|l|+PinkSylvie
|l| Pd0nZ
|l| damnwheresheat
|l| PandaMan7567
|l| rkd272
|j| PandaMan7567
|j| Himothy23
|l| Helios of Sun
|j| rkd272
