|j|☆naibot2814
|j|☆standardamerican
|html|naibot2814standardamerican    
|uhtml|bestof|Game 1 of a best-of-3
|t:|1784747950
|gametype|doubles
|player|p1|naibot2814|colress|
|player|p2|standardamerican|266|
|gen|9
|tier|[Gen 9 Champions] VGC 2026 Reg M-B (Bo3)
|rule|Species Clause: Limit one of each Pokémon
|rule|Item Clause: Limit 1 of each item
|clearpoke
|poke|p1|Blastoise, L50, M|
|poke|p1|Incineroar, L50, M|
|poke|p1|Sneasler, L50, M|
|poke|p1|Sinistcha, L50|
|poke|p1|Kingambit, L50, M, shiny|
|poke|p1|Delphox, L50, F|
|poke|p2|Sinistcha, L50|
|poke|p2|Incineroar, L50, F|
|poke|p2|Milotic, L50, F|
|poke|p2|Raichu, L50, F|
|poke|p2|Gardevoir, L50, F|
|poke|p2|Ceruledge, L50, F|
|teampreview|4
|showteam|p1|Blastoise||Blastoisinite|Torrent|WaterSpout,DarkPulse,ShellSmash,Protect|Modest||M|||50|]Incineroar||SitrusBerry|Intimidate|FakeOut,FlareBlitz,DarkestLariat,PartingShot|Careful||M|||50|]Sneasler||FocusSash|PoisonTouch|FakeOut,CloseCombat,PoisonJab,RockTomb|Jolly||M|||50|]Sinistcha||KasibBerry|Hospitality|MatchaGotcha,TrickRoom,RagePowder,Protect|Bold|||||50|]Kingambit||BlackGlasses|Defiant|KowtowCleave,SuckerPunch,SwordsDance,Protect|Adamant||M|||50|]Delphox||Delphoxite|Blaze|HeatWave,Psyshock,NastyPlot,Protect|Timid||F|||50|
|showteam|p2|Sinistcha||KasibBerry|Hospitality|MatchaGotcha,Imprison,RagePowder,Protect|Relaxed|||||50|]Incineroar||SitrusBerry|Intimidate|FlareBlitz,DarkestLariat,FakeOut,PartingShot|Careful||F|||50|]Milotic||Leftovers|Competitive|MuddyWater,Coil,Hypnosis,Protect|Calm||F|||50|]Raichu||RaichuniteY|LightningRod|ZapCannon,FocusBlast,FakeOut,Protect|Timid||F|||50|]Gardevoir||Gardevoirite|Trace|HyperVoice,Psyshock,TrickRoom,Protect|Modest||F|||50|]Ceruledge||ColburBerry|FlashFire|BitterBlade,ShadowSneak,BulkUp,Protect|Adamant||F|||50|
|
|t:|1784747986
|teamsize|p1|4
|teamsize|p2|4
|start
|switch|p1a: Blastoise|Blastoise, L50, M|100/100
|switch|p1b: Sneasler|Sneasler, L50, M|100/100
|switch|p2a: Sinistcha|Sinistcha, L50|100/100
|switch|p2b: Milotic|Milotic, L50, F|100/100
|turn|1
|
|t:|1784748010
|detailschange|p1a: Blastoise|Blastoise-Mega, L50, M
|-mega|p1a: Blastoise|Blastoise|Blastoisinite
|move|p2a: Sinistcha|Protect|p2a: Sinistcha
|-singleturn|p2a: Sinistcha|Protect
|move|p1b: Sneasler|Poison Jab|p2a: Sinistcha
|-activate|p2a: Sinistcha|move: Protect
|move|p1a: Blastoise|Dark Pulse|p2a: Sinistcha
|-activate|p2a: Sinistcha|move: Protect
|move|p2b: Milotic|Coil|p2b: Milotic
|-boost|p2b: Milotic|atk|1
|-boost|p2b: Milotic|def|1
|-boost|p2b: Milotic|accuracy|1
|
|upkeep
|turn|2
|
|t:|1784748036
|move|p1b: Sneasler|Poison Jab|p2a: Sinistcha
|-crit|p2a: Sinistcha
|-damage|p2a: Sinistcha|50/100g
|-status|p2a: Sinistcha|psn
|move|p1a: Blastoise|Dark Pulse|p2a: Sinistcha
|-supereffective|p2a: Sinistcha|1
|-damage|p2a: Sinistcha|0 fnt
|faint|p2a: Sinistcha
|move|p2b: Milotic|Hypnosis|p1a: Blastoise
|-status|p1a: Blastoise|slp|[from] move: Hypnosis
|
|upkeep
|
|t:|1784748042
|switch|p2a: Incineroar|Incineroar, L50, F|100/100
|-ability|p2a: Incineroar|Intimidate|boost
|-unboost|p1a: Blastoise|atk|1
|-unboost|p1b: Sneasler|atk|1
|turn|3
|
|t:|1784748056
|move|p2a: Incineroar|Fake Out|p1b: Sneasler
|-damage|p1b: Sneasler|81/100
|cant|p1b: Sneasler|flinch
|cant|p1a: Blastoise|slp
|move|p2b: Milotic|Muddy Water|p1a: Blastoise|[spread] p1a,p1b
|-resisted|p1a: Blastoise|1
|-damage|p1a: Blastoise|87/100 slp
|-damage|p1b: Sneasler|50/100g
|
|upkeep
|turn|4
|
|t:|1784748073
|switch|p1b: Sinistcha|Sinistcha, L50|100/100
|-heal|p1a: Blastoise|100/100 slp|[from] ability: Hospitality|[of] p1b: Sinistcha
|cant|p1a: Blastoise|slp
|move|p2b: Milotic|Muddy Water|p1b: Sinistcha|[spread] p1a,p1b
|-resisted|p1a: Blastoise|1
|-resisted|p1b: Sinistcha|1
|-damage|p1a: Blastoise|87/100 slp
|-damage|p1b: Sinistcha|88/100
|move|p2a: Incineroar|Parting Shot|p1a: Blastoise
|-unboost|p1a: Blastoise|atk|1
|-unboost|p1a: Blastoise|spa|1
|
|t:|1784748084
|switch|p2a: Gardevoir|Gardevoir, L50, F|100/100|[from] Parting Shot
|-ability|p2a: Gardevoir|Mega Launcher|Trace|[from] ability: Trace|[of] p1a: Blastoise
|
|upkeep
|turn|5
|
|t:|1784748103
|detailschange|p2a: Gardevoir|Gardevoir-Mega, L50, F
|-mega|p2a: Gardevoir|Gardevoir|Gardevoirite
|move|p2a: Gardevoir|Protect|p2a: Gardevoir
|-singleturn|p2a: Gardevoir|Protect
|move|p1b: Sinistcha|Rage Powder|p1b: Sinistcha
|-singleturn|p1b: Sinistcha|move: Rage Powder
|-curestatus|p1a: Blastoise|slp|[msg]
|move|p1a: Blastoise|Shell Smash|p1a: Blastoise
|-unboost|p1a: Blastoise|def|1
|-unboost|p1a: Blastoise|spd|1
|-boost|p1a: Blastoise|atk|2
|-boost|p1a: Blastoise|spa|2
|-boost|p1a: Blastoise|spe|2
|move|p2b: Milotic|Hypnosis|p1b: Sinistcha
|-status|p1b: Sinistcha|slp|[from] move: Hypnosis
|
|upkeep
|turn|6
|
|t:|1784748123
|switch|p2a: Incineroar|Incineroar, L50, F|100/100
|-ability|p2a: Incineroar|Intimidate|boost
|-unboost|p1a: Blastoise|atk|1
|-unboost|p1b: Sinistcha|atk|1
|move|p1a: Blastoise|Water Spout|p2b: Milotic|[spread] p2a,p2b
|-supereffective|p2a: Incineroar|1
|-resisted|p2b: Milotic|1
|-damage|p2a: Incineroar|0 fnt
|-damage|p2b: Milotic|73/100
|faint|p2a: Incineroar
|move|p2b: Milotic|Hypnosis|p1a: Blastoise
|-status|p1a: Blastoise|slp|[from] move: Hypnosis
|cant|p1b: Sinistcha|slp
|
|-heal|p2b: Milotic|79/100|[from] item: Leftovers
|upkeep
|
|t:|1784748127
|switch|p2a: Gardevoir|Gardevoir-Mega, L50, F|100/100
|turn|7
|
|t:|1784748140
|cant|p1a: Blastoise|slp
|move|p2a: Gardevoir|Hyper Voice|p1a: Blastoise|[spread] p1a,p1b
|-damage|p1a: Blastoise|10/100 slp
|-damage|p1b: Sinistcha|33/100 slp
|move|p2b: Milotic|Muddy Water|p1b: Sinistcha|[spread] p1a,p1b
|-resisted|p1a: Blastoise|1
|-resisted|p1b: Sinistcha|1
|-damage|p1a: Blastoise|0 fnt
|-damage|p1b: Sinistcha|21/100 slp
|-unboost|p1b: Sinistcha|accuracy|1
|faint|p1a: Blastoise
|cant|p1b: Sinistcha|slp
|
|-heal|p2b: Milotic|85/100|[from] item: Leftovers
|upkeep
|
|t:|1784748153
|switch|p1a: Sneasler|Sneasler, L50, M|50/100g
|turn|8
|
|t:|1784748180
|move|p2a: Gardevoir|Protect|p2a: Gardevoir
|-singleturn|p2a: Gardevoir|Protect
|move|p1a: Sneasler|Fake Out|p2b: Milotic
|-damage|p2b: Milotic|77/100
|cant|p2b: Milotic|flinch
|-curestatus|p1b: Sinistcha|slp|[msg]
|move|p1b: Sinistcha|Matcha Gotcha|p2b: Milotic|[spread] p2b
|-activate|p2a: Gardevoir|move: Protect
|-supereffective|p2b: Milotic|1
|-damage|p2b: Milotic|45/100
|-heal|p1b: Sinistcha|40/100|[from] drain|[of] p2b: Milotic
|-status|p2b: Milotic|brn
|
|-heal|p2b: Milotic|50/100g brn|[from] item: Leftovers
|-damage|p2b: Milotic|45/100 brn|[from] brn
|upkeep
|turn|9
|
|t:|1784748203
|switch|p1b: Incineroar|Incineroar, L50, M|100/100
|-ability|p1b: Incineroar|Intimidate|boost
|-unboost|p2a: Gardevoir|atk|1
|-unboost|p2b: Milotic|atk|1
|-ability|p2b: Milotic|Competitive|boost
|-boost|p2b: Milotic|spa|2
|move|p1a: Sneasler|Poison Jab|p2a: Gardevoir
|-supereffective|p2a: Gardevoir|1
|-damage|p2a: Gardevoir|0 fnt
|faint|p2a: Gardevoir
|move|p2b: Milotic|Hypnosis|p1b: Incineroar
|-status|p1b: Incineroar|slp|[from] move: Hypnosis
|
|-heal|p2b: Milotic|50/100g brn|[from] item: Leftovers
|-damage|p2b: Milotic|45/100 brn|[from] brn
|upkeep
|turn|10
|
|t:|1784748216
|move|p1a: Sneasler|Close Combat|p2b: Milotic
|-damage|p2b: Milotic|9/100 brn
|-unboost|p1a: Sneasler|def|1
|-unboost|p1a: Sneasler|spd|1
|move|p2b: Milotic|Muddy Water|p1a: Sneasler|[spread] p1a,p1b
|-supereffective|p1b: Incineroar|1
|-damage|p1a: Sneasler|0 fnt
|-damage|p1b: Incineroar|28/100 slp
|-unboost|p1b: Incineroar|accuracy|1
|-enditem|p1b: Incineroar|Sitrus Berry|[eat]
|-heal|p1b: Incineroar|53/100 slp|[from] item: Sitrus Berry
|faint|p1a: Sneasler
|cant|p1b: Incineroar|slp
|
|-heal|p2b: Milotic|15/100 brn|[from] item: Leftovers
|-damage|p2b: Milotic|9/100 brn|[from] brn
|upkeep
|
|t:|1784748220
|switch|p1a: Sinistcha|Sinistcha, L50|40/100
|-heal|p1b: Incineroar|78/100 slp|[from] ability: Hospitality|[of] p1a: Sinistcha
|turn|11
|
|t:|1784748233
|move|p1a: Sinistcha|Protect|p1a: Sinistcha
|-singleturn|p1a: Sinistcha|Protect
|move|p2b: Milotic|Hypnosis|p1a: Sinistcha
|-activate|p1a: Sinistcha|move: Protect
|cant|p1b: Incineroar|slp
|
|-heal|p2b: Milotic|15/100 brn|[from] item: Leftovers
|-damage|p2b: Milotic|9/100 brn|[from] brn
|upkeep
|turn|12
|
|t:|1784748242
|move|p2b: Milotic|Muddy Water|p1a: Sinistcha|[spread] p1a,p1b
|-resisted|p1a: Sinistcha|1
|-supereffective|p1b: Incineroar|1
|-damage|p1a: Sinistcha|17/100
|-damage|p1b: Incineroar|8/100 slp
|-unboost|p1a: Sinistcha|accuracy|1
|-unboost|p1b: Incineroar|accuracy|1
|move|p1a: Sinistcha|Matcha Gotcha|p2b: Milotic
|-supereffective|p2b: Milotic|1
|-damage|p2b: Milotic|0 fnt
|-heal|p1a: Sinistcha|23/100|[from] drain|[of] p2b: Milotic
|faint|p2b: Milotic
|
|win|naibot2814
