|j|☆ben harpic
|j|☆Jakobtc
|html|ben harpicJakobtc    
|uhtml|bestof|Game 2 of a best-of-3
|t:|1756664095
|gametype|doubles
|player|p1|ben harpic|266|1309
|player|p2|Jakobtc|riley|1193
|gen|9
|tier|[Gen 9] VGC 2025 Reg H (Bo3)
|rated|
|rule|Species Clause: Limit one of each Pokémon
|rule|Item Clause: Limit 1 of each item
|clearpoke
|poke|p1|Dragapult, L50, F|
|poke|p1|Archaludon, L50, F|
|poke|p1|Rillaboom, L50, F|
|poke|p1|Annihilape, L50, M|
|poke|p1|Maushold-Four, L50|
|poke|p1|Weezing, L50, F|
|poke|p2|Gholdengo, L50|
|poke|p2|Incineroar, L50, F|
|poke|p2|Amoonguss, L50, M|
|poke|p2|Ursaluna, L50, M|
|poke|p2|Porygon2, L50|
|poke|p2|Kilowattrel, L50, F|
|teampreview|4
|showteam|p1|Dragapult||LightClay|ClearBody|DragonDarts,Reflect,LightScreen,ThunderWave|||F|||50|,,,,,Steel]Archaludon||RockyHelmet|Stalwart|DragonTail,Protect,StealthRock,Roar|||F|||50|,,,,,Ghost]Rillaboom||MiracleSeed|GrassySurge|WoodHammer,FakeOut,WorrySeed,GrassyGlide|||F|||50|,,,,,Grass]Annihilape||Leftovers|Defiant|RageFist,Protect,BulkUp,DrainPunch|||M|||50|,,,,,Normal]Maushold-Four||WideLens|FriendGuard|PopulationBomb,Protect,Taunt,ThunderWave||||||50|,,,,,Ghost]Weezing||WikiBerry|NeutralizingGas|SludgeBomb,Protect,Taunt,WillOWisp|||F|||50|,,,,,Ghost
|showteam|p2|Gholdengo||LifeOrb|GoodasGold|MakeItRain,ShadowBall,NastyPlot,Protect||||||50|,,,,,Dragon]Incineroar||SafetyGoggles|Intimidate|FakeOut,FlareBlitz,KnockOff,PartingShot|||F|||50|,,,,,Bug]Amoonguss||SitrusBerry|Regenerator|Spore,RagePowder,PollenPuff,Protect|||M|||50|,,,,,Psychic]Ursaluna||FlameOrb|Guts|Facade,HeadlongRush,Earthquake,Protect|||M|||50|,,,,,Ghost]Porygon2||Eviolite|Download|TeraBlast,IceBeam,Recover,TrickRoom||||||50|,,,,,Fighting]Kilowattrel||FocusSash|Competitive|AirSlash,Thunderbolt,Tailwind,Protect|||F|||50|,,,,,Ghost
|
|t:|1756664154
|teamsize|p1|4
|teamsize|p2|4
|start
|switch|p1a: Dragapult|Dragapult, L50, F|100/100
|switch|p1b: Weezing|Weezing, L50, F|100/100
|switch|p2a: Porygon2|Porygon2, L50, shiny|100/100
|switch|p2b: Gholdengo|Gholdengo, L50|100/100
|-ability|p1b: Weezing|Neutralizing Gas
|turn|1
|
|t:|1756664175
|move|p2b: Gholdengo|Protect|p2b: Gholdengo
|-singleturn|p2b: Gholdengo|Protect
|move|p1a: Dragapult|Thunder Wave|p2b: Gholdengo
|-activate|p2b: Gholdengo|move: Protect
|move|p1b: Weezing|Taunt|p2a: Porygon2
|-start|p2a: Porygon2|move: Taunt
|move|p2a: Porygon2|Ice Beam|p1a: Dragapult
|-supereffective|p1a: Dragapult
|-damage|p1a: Dragapult|34/100
|
|upkeep
|turn|2
|
|t:|1756664194
|move|p1a: Dragapult|Thunder Wave|p2b: Gholdengo
|-status|p2b: Gholdengo|par
|move|p1b: Weezing|Taunt|p2b: Gholdengo
|-start|p2b: Gholdengo|move: Taunt
|move|p2a: Porygon2|Ice Beam|p1b: Weezing
|-damage|p1b: Weezing|67/100
|cant|p2b: Gholdengo|move: Taunt|Nasty Plot
|
|upkeep
|turn|3
|
|t:|1756664210
|switch|p1a: Annihilape|Annihilape, L50, M|100/100
|-end|p1b: Weezing|ability: Neutralizing Gas
|-ability|p2a: Porygon2|Download|boost
|-boost|p2a: Porygon2|atk|1
|switch|p1b: Rillaboom|Rillaboom, L50, F|100/100
|-fieldstart|move: Grassy Terrain|[from] ability: Grassy Surge|[of] p1b: Rillaboom
|switch|p2a: Kilowattrel|Kilowattrel, L50, F|100/100
|move|p2b: Gholdengo|Make It Rain|p1a: Annihilape|[spread] p1a,p1b
|-crit|p1a: Annihilape
|-damage|p1a: Annihilape|42/100
|-damage|p1b: Rillaboom|48/100
|-unboost|p2b: Gholdengo|spa|1
|-damage|p2b: Gholdengo|91/100 par|[from] item: Life Orb
|
|-heal|p1b: Rillaboom|54/100|[from] Grassy Terrain
|-heal|p1a: Annihilape|49/100|[from] Grassy Terrain
|-heal|p1a: Annihilape|55/100|[from] item: Leftovers
|-heal|p2b: Gholdengo|97/100 par|[from] Grassy Terrain
|upkeep
|turn|4
|
|t:|1756664237
|switch|p1b: Weezing|Weezing, L50, F|67/100
|-ability|p1b: Weezing|Neutralizing Gas
|switch|p2b: Porygon2|Porygon2, L50, shiny|100/100
|-terastallize|p2a: Kilowattrel|Ghost
|move|p2a: Kilowattrel|Air Slash|p1a: Annihilape
|-supereffective|p1a: Annihilape
|-damage|p1a: Annihilape|8/100
|move|p1a: Annihilape|Rage Fist|p2a: Kilowattrel
|-supereffective|p2a: Kilowattrel
|-enditem|p2a: Kilowattrel|Focus Sash
|-damage|p2a: Kilowattrel|1/100
|
|-heal|p2a: Kilowattrel|7/100|[from] Grassy Terrain
|-heal|p1a: Annihilape|14/100|[from] Grassy Terrain
|-heal|p1a: Annihilape|20/100|[from] item: Leftovers
|-heal|p1b: Weezing|73/100|[from] Grassy Terrain
|upkeep
|turn|5
|
|t:|1756664263
|switch|p1a: Rillaboom|Rillaboom, L50, F|54/100
|switch|p2b: Incineroar|Incineroar, L50, F|100/100
|move|p2a: Kilowattrel|Protect|p2a: Kilowattrel
|-singleturn|p2a: Kilowattrel|Protect
|move|p1b: Weezing|Sludge Bomb|p2b: Incineroar
|-damage|p2b: Incineroar|78/100
|
|-heal|p2a: Kilowattrel|14/100|[from] Grassy Terrain
|-heal|p1a: Rillaboom|60/100|[from] Grassy Terrain
|-heal|p1b: Weezing|79/100|[from] Grassy Terrain
|-heal|p2b: Incineroar|84/100|[from] Grassy Terrain
|upkeep
|turn|6
|inactive|Battle timer is ON: inactive players will automatically lose when time's up. (requested by Jakobtc)
|
|t:|1756664293
|switch|p2a: Gholdengo|Gholdengo, L50|97/100 par
|-end|p1b: Weezing|ability: Neutralizing Gas
|-ability|p2b: Incineroar|Intimidate|boost
|-unboost|p1a: Rillaboom|atk|1
|-unboost|p1b: Weezing|atk|1
|switch|p1b: Annihilape|Annihilape, L50, M|20/100
|move|p1a: Rillaboom|Grassy Glide|p2a: Gholdengo
|-resisted|p2a: Gholdengo
|-damage|p2a: Gholdengo|83/100 par
|move|p2b: Incineroar|Flare Blitz|p1a: Rillaboom
|-supereffective|p1a: Rillaboom
|-crit|p1a: Rillaboom
|-damage|p1a: Rillaboom|0 fnt
|faint|p1a: Rillaboom
|-damage|p2b: Incineroar|65/100|[from] Recoil
|
|-heal|p1b: Annihilape|26/100|[from] Grassy Terrain
|-heal|p1b: Annihilape|33/100|[from] item: Leftovers
|-heal|p2b: Incineroar|71/100|[from] Grassy Terrain
|-heal|p2a: Gholdengo|89/100 par|[from] Grassy Terrain
|upkeep
|
|t:|1756664299
|switch|p1a: Dragapult|Dragapult, L50, F|34/100
|turn|7
|inactive|Jakobtc has 30 seconds left.
|inactive|Jakobtc has 20 seconds left.
|inactive|Jakobtc has 15 seconds left.
|
|t:|1756664339
|switch|p2b: Kilowattrel|Kilowattrel, L50, F, tera:Ghost|14/100
|move|p1a: Dragapult|Dragon Darts|p2b: Kilowattrel
|-damage|p2b: Kilowattrel|0 fnt
|-anim|p1a: Dragapult|Dragon Darts|p2a: Gholdengo
|-resisted|p2a: Gholdengo
|-damage|p2a: Gholdengo|77/100 par
|faint|p2b: Kilowattrel
|move|p1b: Annihilape|Drain Punch|p2a: Gholdengo
|-immune|p2a: Gholdengo
|move|p2a: Gholdengo|Make It Rain|p1a: Dragapult|[spread] p1a,p1b
|-damage|p1a: Dragapult|0 fnt
|-damage|p1b: Annihilape|0 fnt
|-unboost|p2a: Gholdengo|spa|1
|faint|p1a: Dragapult
|faint|p1b: Annihilape
|-damage|p2a: Gholdengo|68/100 par|[from] item: Life Orb
|
|-heal|p2a: Gholdengo|74/100 par|[from] Grassy Terrain
|-fieldend|move: Grassy Terrain
|upkeep
|-message|ben harpic forfeited.
|
|win|Jakobtc
|raw|ben harpic's rating: 1309 → 1283(-26 for losing)
|raw|Jakobtc's rating: 1193 → 1226(+33 for winning)
|l|☆ben harpic
|player|p1|
|c|☆Jakobtc|gg
