|j|☆twilightgaming
|j|☆FruitloopsFL
|html|twilightgamingFruitloopsFL    
|uhtml|bestof|Game 1 of a best-of-3
|t:|1783530855
|gametype|doubles
|player|p1|twilightgaming|sabrina-masters|
|player|p2|FruitloopsFL|alder|
|gen|9
|tier|[Gen 9 Champions] VGC 2026 Reg M-B (Bo3)
|rule|Species Clause: Limit one of each Pokémon
|rule|Item Clause: Limit 1 of each item
|clearpoke
|poke|p1|Staraptor, L50, M, shiny|
|poke|p1|Mimikyu, L50, M|
|poke|p1|Whimsicott, L50, F|
|poke|p1|Sylveon, L50, M|
|poke|p1|Grimmsnarl, L50, M|
|poke|p1|Kingambit, L50, M, shiny|
|poke|p2|Toucannon, L50, M|
|poke|p2|Grimmsnarl, L50, M|
|poke|p2|Raichu, L50, F|
|poke|p2|Garchomp, L50, M|
|poke|p2|Annihilape, L50, M|
|poke|p2|Volcarona, L50, M|
|teampreview|4
|showteam|p1|Staraptor||Staraptite|Intimidate|BraveBird,CloseCombat,Roost,Protect|Timid||M|||50|]Mimikyu||SpellTag|Disguise|ShadowClaw,ShadowSneak,PlayRough,Protect|Adamant||M|||50|]Whimsicott||FocusSash|Prankster|Tailwind,Moonblast,Protect,Encore|Calm||F|||50|]Sylveon||Leftovers|Pixilate|HyperVoice,CalmMind,Wish,Protect|Bold||M|||50|]Grimmsnarl||RoseliBerry|Prankster|FakeOut,PartingShot,SpiritBreak,ScaryFace|Careful||M|||50|]Kingambit||ChopleBerry|Defiant|KowtowCleave,SuckerPunch,IronHead,Protect|Adamant||M|||50|
|showteam|p2|Toucannon||SilkScarf|SkillLink|Tailwind,BulletSeed,Boomburst,Protect|Impish||M|||50|]Grimmsnarl||LightClay|Prankster|FakeOut,PartingShot,Reflect,LightScreen|Careful||M|||50|]Raichu||RaichuniteY|LightningRod|FakeOut,GrassKnot,FocusBlast,ZapCannon|Hasty||F|||50|]Garchomp||LifeOrb|RoughSkin|RockSlide,Earthquake,DragonClaw,Protect|Jolly||M|||50|]Annihilape||Leftovers|Defiant|IcePunch,RageFist,DrainPunch,Protect|Adamant||M|||50|]Volcarona||ChartiBerry|FlameBody|RagePowder,MorningSun,WillOWisp,HeatWave|Calm||M|||50|
|c|☆FruitloopsFL|glhf
|
|t:|1783530969
|teamsize|p1|4
|teamsize|p2|4
|start
|switch|p1a: Sylveon|Sylveon, L50, M|100/100
|switch|p1b: Grimmsnarl|Grimmsnarl, L50, M|100/100
|switch|p2a: Grimmsnarl|Grimmsnarl, L50, M|100/100
|switch|p2b: Raichu|Raichu, L50, F|100/100
|turn|1
|
|t:|1783531023
|detailschange|p2b: Raichu|Raichu-Mega-Y, L50, F
|-mega|p2b: Raichu|Raichu|Raichunite Y
|move|p1a: Sylveon|Protect|p1a: Sylveon
|-singleturn|p1a: Sylveon|Protect
|move|p2b: Raichu|Fake Out|p1a: Sylveon
|-activate|p1a: Sylveon|move: Protect
|move|p2a: Grimmsnarl|Fake Out|p1b: Grimmsnarl
|-damage|p1b: Grimmsnarl|88/100
|cant|p1b: Grimmsnarl|flinch
|
|upkeep
|turn|2
|
|t:|1783531089
|move|p2a: Grimmsnarl|Parting Shot|p1a: Sylveon
|-unboost|p1a: Sylveon|atk|1
|-unboost|p1a: Sylveon|spa|1
|
|t:|1783531094
|switch|p2a: Volcarona|Volcarona, L50, M|100/100|[from] Parting Shot
|move|p2b: Raichu|Zap Cannon|p1a: Sylveon
|-damage|p1a: Sylveon|47/100
|-status|p1a: Sylveon|par
|move|p1b: Grimmsnarl|Spirit Break|p2b: Raichu
|-damage|p2b: Raichu|33/100
|-unboost|p2b: Raichu|spa|1
|cant|p1a: Sylveon|par
|
|-heal|p1a: Sylveon|53/100 par|[from] item: Leftovers
|upkeep
|turn|3
|
|t:|1783531229
|switch|p2b: Grimmsnarl|Grimmsnarl, L50, M|100/100
|move|p2a: Volcarona|Heat Wave|p1b: Grimmsnarl|[spread] p1a,p1b
|-crit|p1b: Grimmsnarl
|-damage|p1a: Sylveon|28/100 par
|-damage|p1b: Grimmsnarl|46/100
|move|p1b: Grimmsnarl|Spirit Break|p2b: Grimmsnarl
|-supereffective|p2b: Grimmsnarl|1
|-damage|p2b: Grimmsnarl|24/100
|-unboost|p2b: Grimmsnarl|spa|1
|move|p1a: Sylveon|Wish|p1a: Sylveon
|
|-heal|p1a: Sylveon|34/100 par|[from] item: Leftovers
|upkeep
|turn|4
|
|t:|1783531263
|move|p1a: Sylveon|Protect|p1a: Sylveon
|-singleturn|p1a: Sylveon|Protect
|move|p2b: Grimmsnarl|Light Screen|p2b: Grimmsnarl
|-sidestart|p2: FruitloopsFL|move: Light Screen
|move|p1b: Grimmsnarl|Parting Shot|p2a: Volcarona
|-unboost|p2a: Volcarona|atk|1
|-unboost|p2a: Volcarona|spa|1
|
|t:|1783531274
|switch|p1b: Staraptor|Staraptor, L50, M, shiny|100/100|[from] Parting Shot
|-ability|p1b: Staraptor|Intimidate|boost
|-unboost|p2a: Volcarona|atk|1
|-unboost|p2b: Grimmsnarl|atk|1
|move|p2a: Volcarona|Will-O-Wisp|p1b: Staraptor
|-status|p1b: Staraptor|brn
|
|-heal|p1a: Sylveon|84/100 par|[from] move: Wish|[wisher] Sylveon
|-heal|p1a: Sylveon|90/100 par|[from] item: Leftovers
|-damage|p1b: Staraptor|93/100 brn|[from] brn
|upkeep
|turn|5
|
|t:|1783531305
|move|p1b: Staraptor|Protect|p1b: Staraptor
|-singleturn|p1b: Staraptor|Protect
|move|p2b: Grimmsnarl|Parting Shot|p1a: Sylveon
|-unboost|p1a: Sylveon|atk|1
|-unboost|p1a: Sylveon|spa|1
|
|t:|1783531327
|switch|p2b: Raichu|Raichu-Mega-Y, L50, F|33/100|[from] Parting Shot
|move|p2a: Volcarona|Heat Wave|p1a: Sylveon|[spread] p1a
|-activate|p1b: Staraptor|move: Protect
|-damage|p1a: Sylveon|74/100 par
|move|p1a: Sylveon|Hyper Voice|p2b: Raichu|[spread] p2a,p2b
|-resisted|p2a: Volcarona|1
|-damage|p2a: Volcarona|96/100
|-damage|p2b: Raichu|16/100
|
|-heal|p1a: Sylveon|80/100 par|[from] item: Leftovers
|-damage|p1b: Staraptor|87/100 brn|[from] brn
|upkeep
|turn|6
|
|t:|1783531386
|switch|p1b: Grimmsnarl|Grimmsnarl, L50, M|46/100
|move|p2b: Raichu|Zap Cannon|p1b: Grimmsnarl
|-damage|p1b: Grimmsnarl|0 fnt
|faint|p1b: Grimmsnarl
|move|p2a: Volcarona|Heat Wave|p1a: Sylveon|[miss]
|-miss|p2a: Volcarona|p1a: Sylveon
|move|p1a: Sylveon|Calm Mind|p1a: Sylveon
|-boost|p1a: Sylveon|spa|1
|-boost|p1a: Sylveon|spd|1
|
|-heal|p1a: Sylveon|87/100 par|[from] item: Leftovers
|upkeep
|
|t:|1783531414
|switch|p1b: Staraptor|Staraptor, L50, M, shiny|87/100 brn
|-ability|p1b: Staraptor|Intimidate|boost
|-unboost|p2a: Volcarona|atk|1
|-unboost|p2b: Raichu|atk|1
|turn|7
|
|t:|1783531449
|move|p1b: Staraptor|Protect|p1b: Staraptor
|-singleturn|p1b: Staraptor|Protect
|move|p2b: Raichu|Zap Cannon|p1a: Sylveon
|-damage|p1a: Sylveon|51/100 par
|move|p2a: Volcarona|Heat Wave|p1a: Sylveon|[spread] p1a
|-activate|p1b: Staraptor|move: Protect
|-damage|p1a: Sylveon|39/100 par
|cant|p1a: Sylveon|par
|
|-heal|p1a: Sylveon|46/100 par|[from] item: Leftovers
|-damage|p1b: Staraptor|81/100 brn|[from] brn
|upkeep
|turn|8
|
|t:|1783531464
|switch|p1b: Whimsicott|Whimsicott, L50, F|100/100
|switch|p2a: Garchomp|Garchomp, L50, M|100/100
|move|p2b: Raichu|Zap Cannon|p1b: Whimsicott
|-resisted|p1b: Whimsicott|1
|-damage|p1b: Whimsicott|55/100
|-status|p1b: Whimsicott|par
|cant|p1a: Sylveon|par
|
|-heal|p1a: Sylveon|52/100 par|[from] item: Leftovers
|upkeep
|turn|9
|
|t:|1783531496
|move|p1b: Whimsicott|Protect|p1b: Whimsicott
|-singleturn|p1b: Whimsicott|Protect
|move|p1a: Sylveon|Protect|p1a: Sylveon
|-singleturn|p1a: Sylveon|Protect
|move|p2b: Raichu|Zap Cannon|p1a: Sylveon
|-activate|p1a: Sylveon|move: Protect
|move|p2a: Garchomp|Rock Slide|p1b: Whimsicott|[spread] 
|-activate|p1a: Sylveon|move: Protect
|-activate|p1b: Whimsicott|move: Protect
|
|-heal|p1a: Sylveon|58/100 par|[from] item: Leftovers
|upkeep
|turn|10
|
|t:|1783531514
|move|p1b: Whimsicott|Tailwind|p1b: Whimsicott
|-sidestart|p1: twilightgaming|move: Tailwind
|move|p2b: Raichu|Zap Cannon|p1a: Sylveon
|-damage|p1a: Sylveon|25/100 par
|move|p2a: Garchomp|Rock Slide|p1a: Sylveon|[spread] 
|-miss|p2a: Garchomp|p1a: Sylveon
|-miss|p2a: Garchomp|p1b: Whimsicott
|move|p1a: Sylveon|Hyper Voice|p2b: Raichu|[spread] p2a,p2b
|-supereffective|p2a: Garchomp|1
|-damage|p2a: Garchomp|64/100
|-damage|p2b: Raichu|0 fnt
|faint|p2b: Raichu
|
|-heal|p1a: Sylveon|31/100 par|[from] item: Leftovers
|upkeep
|
|t:|1783531540
|switch|p2b: Grimmsnarl|Grimmsnarl, L50, M|24/100
|turn|11
|
|t:|1783531557
|move|p1b: Whimsicott|Protect|p1b: Whimsicott
|-singleturn|p1b: Whimsicott|Protect
|move|p1a: Sylveon|Protect|p1a: Sylveon
|-singleturn|p1a: Sylveon|Protect
|move|p2b: Grimmsnarl|Fake Out|p1a: Sylveon
|-activate|p1a: Sylveon|move: Protect
|move|p2a: Garchomp|Rock Slide|p1b: Whimsicott|[spread] 
|-activate|p1a: Sylveon|move: Protect
|-activate|p1b: Whimsicott|move: Protect
|
|-heal|p1a: Sylveon|37/100 par|[from] item: Leftovers
|-sideend|p2: FruitloopsFL|move: Light Screen
|upkeep
|turn|12
|
|t:|1783531574
|move|p1b: Whimsicott|Encore|p2b: Grimmsnarl
|-hint|Since gen 7, Dark is immune to Prankster moves.
|-immune|p2b: Grimmsnarl
|move|p2b: Grimmsnarl|Light Screen|p2b: Grimmsnarl
|-sidestart|p2: FruitloopsFL|move: Light Screen
|move|p2a: Garchomp|Rock Slide|p1b: Whimsicott|[spread] p1a,p1b
|-damage|p1a: Sylveon|15/100 par
|-damage|p1b: Whimsicott|21/100 par
|-damage|p2a: Garchomp|55/100|[from] item: Life Orb
|move|p1a: Sylveon|Hyper Voice|p2b: Grimmsnarl|[spread] p2a,p2b
|-supereffective|p2a: Garchomp|1
|-supereffective|p2b: Grimmsnarl|1
|-damage|p2a: Garchomp|22/100
|-damage|p2b: Grimmsnarl|4/100
|
|-heal|p1a: Sylveon|21/100 par|[from] item: Leftovers
|upkeep
|turn|13
|
|t:|1783531632
|move|p1b: Whimsicott|Protect|p1b: Whimsicott
|-singleturn|p1b: Whimsicott|Protect
|move|p2b: Grimmsnarl|Parting Shot|p1a: Sylveon
|-unboost|p1a: Sylveon|atk|1
|-unboost|p1a: Sylveon|spa|1
|
|t:|1783531643
|switch|p2b: Volcarona|Volcarona, L50, M|96/100|[from] Parting Shot
|move|p2a: Garchomp|Rock Slide|p1a: Sylveon|[spread] p1a
|-activate|p1b: Whimsicott|move: Protect
|-damage|p1a: Sylveon|0 fnt
|faint|p1a: Sylveon
|-damage|p2a: Garchomp|12/100|[from] item: Life Orb
|
|-sideend|p1: twilightgaming|move: Tailwind
|upkeep
|
|t:|1783531653
|switch|p1a: Staraptor|Staraptor, L50, M, shiny|81/100 brn
|-ability|p1a: Staraptor|Intimidate|boost
|-unboost|p2a: Garchomp|atk|1
|-unboost|p2b: Volcarona|atk|1
|turn|14
|
|t:|1783531696
|move|p1b: Whimsicott|Protect|p1b: Whimsicott
|-singleturn|p1b: Whimsicott|Protect
|move|p2a: Garchomp|Protect|p2a: Garchomp
|-singleturn|p2a: Garchomp|Protect
|move|p1a: Staraptor|Protect|p1a: Staraptor
|-singleturn|p1a: Staraptor|Protect
|move|p2b: Volcarona|Heat Wave|p1a: Staraptor|[spread] 
|-activate|p1a: Staraptor|move: Protect
|-activate|p1b: Whimsicott|move: Protect
|
|-damage|p1a: Staraptor|75/100 brn|[from] brn
|upkeep
|turn|15
|
|t:|1783531729
|detailschange|p1a: Staraptor|Staraptor-Mega, L50, M, shiny
|-mega|p1a: Staraptor|Staraptor|Staraptite
|cant|p1b: Whimsicott|par
|move|p1a: Staraptor|Close Combat|p2b: Volcarona
|-resisted|p2b: Volcarona|1
|-damage|p2b: Volcarona|78/100
|-boost|p1a: Staraptor|def|1
|-boost|p1a: Staraptor|spd|1
|move|p2a: Garchomp|Dragon Claw|p1a: Staraptor
|-damage|p1a: Staraptor|54/100 brn
|-damage|p2a: Garchomp|2/100|[from] item: Life Orb
|move|p2b: Volcarona|Heat Wave|p1b: Whimsicott|[spread] 
|-miss|p2b: Volcarona|p1a: Staraptor
|-miss|p2b: Volcarona|p1b: Whimsicott
|
|-damage|p1a: Staraptor|47/100 brn|[from] brn
|upkeep
|turn|16
|
|t:|1783531769
|switch|p2a: Grimmsnarl|Grimmsnarl, L50, M|4/100
|move|p1a: Staraptor|Protect|p1a: Staraptor
|-singleturn|p1a: Staraptor|Protect
|move|p1b: Whimsicott|Tailwind|p1b: Whimsicott
|-sidestart|p1: twilightgaming|move: Tailwind
|move|p2b: Volcarona|Heat Wave|p1a: Staraptor|[spread] p1b
|-activate|p1a: Staraptor|move: Protect
|-supereffective|p1b: Whimsicott|1
|-damage|p1b: Whimsicott|0 fnt
|faint|p1b: Whimsicott
|
|-damage|p1a: Staraptor|41/100 brn|[from] brn
|upkeep
|turn|17
|
|t:|1783531788
|move|p1a: Staraptor|Protect||[still]
|-fail|p1a: Staraptor
|move|p2a: Grimmsnarl|Fake Out|p1a: Staraptor
|-damage|p1a: Staraptor|35/100 brn
|move|p2b: Volcarona|Heat Wave|p1a: Staraptor
|-damage|p1a: Staraptor|3/100 brn
|
|-damage|p1a: Staraptor|0 fnt|[from] brn
|faint|p1a: Staraptor
|
|win|FruitloopsFL
|c|☆FruitloopsFL|gg
|inactive|twilightgaming has 30 seconds to confirm battle start!
|inactive|FruitloopsFL has 30 seconds to confirm battle start!
||FruitloopsFL is ready for game 2.
||twilightgaming is ready for game 2.
|uhtml|next|Next: Game 2 of 3
