|j|☆TobiYume
|j|☆Arsene14
|html|TobiYumeArsene14    
|uhtml|bestof|Game 2 of a best-of-3
|t:|1784566274
|gametype|doubles
|player|p1|TobiYume|cheren-gen5bw2|1234
|player|p2|Arsene14|steven|1178
|gen|9
|tier|[Gen 9 Champions] VGC 2026 Reg M-B (Bo3)
|rated|
|rule|Species Clause: Limit one of each Pokémon
|rule|Item Clause: Limit 1 of each item
|clearpoke
|poke|p1|Tyranitar, L50, F|
|poke|p1|Excadrill, L50, M|
|poke|p1|Gholdengo, L50|
|poke|p1|Sinistcha, L50|
|poke|p1|Staraptor, L50, M|
|poke|p1|Sylveon, L50, F|
|poke|p2|Charizard, L50, M|
|poke|p2|Aerodactyl, L50, M|
|poke|p2|Farigiraf, L50, M|
|poke|p2|Kingambit, L50, F|
|poke|p2|Sylveon, L50, F|
|poke|p2|Garchomp, L50, F, shiny|
|teampreview|4
|showteam|p1|Tyranitar||Tyranitarite|SandStream|RockSlide,KnockOff,LowKick,Protect|Jolly||F|||50|]Excadrill||FocusSash|SandRush|IronHead,HighHorsepower,RockSlide,Protect|Adamant||M|||50|]Gholdengo||LifeOrb|GoodasGold|ShadowBall,MakeItRain,NastyPlot,Protect|Modest|||||50|]Sinistcha||ColburBerry|Hospitality|MatchaGotcha,RagePowder,TrickRoom,Protect|Bold|||||50|]Staraptor||Staraptite|Intimidate|BraveBird,CloseCombat,Tailwind,Protect|Jolly||M|||50|]Sylveon||FairyFeather|Pixilate|HyperVoice,HyperBeam,QuickAttack,Protect|Modest||F|||50|
|showteam|p2|Charizard||CharizarditeY|Blaze|Protect,HeatWave,SolarBeam,WeatherBall|Modest||M|||50|]Aerodactyl||Aerodactylite|Unnerve|RockSlide,DualWingbeat,IceFang,Tailwind|Jolly||M|||50|]Farigiraf||SitrusBerry|ArmorTail|PsychicFangs,Thunderbolt,SunnyDay,TrickRoom|Serious||M|||50|]Kingambit||FocusSash|Defiant|KowtowCleave,BrickBreak,IronHead,SuckerPunch|Adamant||F|||50|]Sylveon||FairyFeather|Pixilate|QuickAttack,HyperBeam,HyperVoice,Protect|Modest||F|||50|]Garchomp||LifeOrb|RoughSkin|DragonClaw,StompingTantrum,Protect,Earthquake|Jolly||F|||50|
|
|t:|1784566336
|teamsize|p1|4
|teamsize|p2|4
|start
|switch|p1a: Staraptor|Staraptor, L50, M|100/100
|switch|p1b: Sylveon|Sylveon, L50, F|100/100
|switch|p2a: MUSLERAAAAAA|Aerodactyl, L50, M|100/100
|switch|p2b: MegaKingampi|Kingambit, L50, F|100/100
|-ability|p2a: MUSLERAAAAAA|Unnerve
|-ability|p1a: Staraptor|Intimidate|boost
|-unboost|p2a: MUSLERAAAAAA|atk|1
|-unboost|p2b: MegaKingampi|atk|1
|-ability|p2b: MegaKingampi|Defiant|boost
|-boost|p2b: MegaKingampi|atk|2
|turn|1
|
|t:|1784566362
|detailschange|p1a: Staraptor|Staraptor-Mega, L50, M
|-mega|p1a: Staraptor|Staraptor|Staraptite
|move|p1b: Sylveon|Quick Attack|p2b: MegaKingampi
|-damage|p2b: MegaKingampi|88/100
|move|p2a: MUSLERAAAAAA|Tailwind|p2a: MUSLERAAAAAA
|-sidestart|p2: Arsene14|move: Tailwind
|move|p2b: MegaKingampi|Kowtow Cleave|p1a: Staraptor
|-resisted|p1a: Staraptor|1
|-damage|p1a: Staraptor|63/100
|move|p1a: Staraptor|Tailwind|p1a: Staraptor
|-sidestart|p1: TobiYume|move: Tailwind
|
|upkeep
|turn|2
|
|t:|1784566380
|move|p2a: MUSLERAAAAAA|Rock Slide|p1b: Sylveon|[spread] p1a,p1b
|-damage|p1a: Staraptor|48/100
|-damage|p1b: Sylveon|82/100
|move|p1a: Staraptor|Close Combat|p2b: MegaKingampi
|-supereffective|p2b: MegaKingampi|2
|-damage|p2b: MegaKingampi|0 fnt
|-boost|p1a: Staraptor|def|1
|-boost|p1a: Staraptor|spd|1
|faint|p2b: MegaKingampi
|cant|p1b: Sylveon|flinch
|
|upkeep
|
|t:|1784566391
|switch|p2b: CHAKKK|Sylveon, L50, F|100/100
|turn|3
|
|t:|1784566406
|detailschange|p2a: MUSLERAAAAAA|Aerodactyl-Mega, L50, M
|-mega|p2a: MUSLERAAAAAA|Aerodactyl|Aerodactylite
|move|p2a: MUSLERAAAAAA|Dual Wingbeat|p1a: Staraptor
|-supereffective|p1a: Staraptor|1
|-crit|p1a: Staraptor
|-damage|p1a: Staraptor|0 fnt
|faint|p1a: Staraptor
|-hitcount|p1: Staraptor|1
|move|p1b: Sylveon|Hyper Beam|p2b: CHAKKK
|-damage|p2b: CHAKKK|7/100
|-mustrecharge|p1b: Sylveon
|move|p2b: CHAKKK|Hyper Beam|p1b: Sylveon
|-damage|p1b: Sylveon|0 fnt
|-mustrecharge|p2b: CHAKKK
|faint|p1b: Sylveon
|
|upkeep
|
|t:|1784566420
|switch|p1a: Tyranitar|Tyranitar, L50, F|100/100
|switch|p1b: Excadrill|Excadrill, L50, M|100/100
|-weather|Sandstorm|[from] ability: Sand Stream|[of] p1a: Tyranitar
|turn|4
|
|t:|1784566443
|move|p1b: Excadrill|Rock Slide|p2b: CHAKKK|[spread] p2a,p2b
|-supereffective|p2a: MUSLERAAAAAA|1
|-damage|p2a: MUSLERAAAAAA|50/100g
|-damage|p2b: CHAKKK|0 fnt
|faint|p2b: CHAKKK
|cant|p2a: MUSLERAAAAAA|flinch
|move|p1a: Tyranitar|Rock Slide|p2a: MUSLERAAAAAA
|-supereffective|p2a: MUSLERAAAAAA|1
|-damage|p2a: MUSLERAAAAAA|0 fnt
|faint|p2a: MUSLERAAAAAA
|
|-weather|Sandstorm|[upkeep]
|-sideend|p2: Arsene14|move: Tailwind
|-sideend|p1: TobiYume|move: Tailwind
|upkeep
|
|t:|1784566456
|switch|p2b: El Reseñas|Garchomp, L50, F, shiny|100/100
|turn|5
|
|t:|1784566462
|move|p1b: Excadrill|Iron Head|p2b: El Reseñas
|-damage|p2b: El Reseñas|55/100
|-damage|p1b: Excadrill|87/100|[from] ability: Rough Skin|[of] p2b: El Reseñas
|move|p2b: El Reseñas|Earthquake|p1a: Tyranitar|[spread] p1a,p1b
|-supereffective|p1a: Tyranitar|1
|-supereffective|p1b: Excadrill|1
|-damage|p1a: Tyranitar|14/100
|-damage|p1b: Excadrill|0 fnt
|faint|p1b: Excadrill
|-damage|p2b: El Reseñas|46/100|[from] item: Life Orb
|move|p1a: Tyranitar|Knock Off|p2b: El Reseñas
|-damage|p2b: El Reseñas|0 fnt
|-damage|p1a: Tyranitar|2/100|[from] ability: Rough Skin|[of] p2b: El Reseñas
|-enditem|p2b: El Reseñas|Life Orb|[from] move: Knock Off|[of] p1a: Tyranitar
|faint|p2b: El Reseñas
|
|win|TobiYume
|raw|TobiYume's rating: 1234 → 1255(+21 for winning)
|raw|Arsene14's rating: 1178 → 1157(-21 for losing)
