|j|☆ZeraXx
|j|☆master 792
|html|ZeraXxmaster 792    
|uhtml|bestof|Game 1 of a best-of-3
|t:|1784170291
|gametype|doubles
|player|p1|ZeraXx|169|1257
|player|p2|master 792|red|1200
|gen|9
|tier|[Gen 9 Champions] VGC 2026 Reg M-B (Bo3)
|rated|
|rule|Species Clause: Limit one of each Pokémon
|rule|Item Clause: Limit 1 of each item
|clearpoke
|poke|p1|Excadrill, L50, F|
|poke|p1|Tyranitar, L50, F|
|poke|p1|Sneasler, L50, M|
|poke|p1|Rotom-Wash, L50|
|poke|p1|Talonflame, L50, M|
|poke|p1|Sinistcha-Masterpiece, L50|
|poke|p2|Metagross, L50, shiny|
|poke|p2|Incineroar, L50, M|
|poke|p2|Sinistcha, L50, shiny|
|poke|p2|Floette-Eternal, L50, F|
|poke|p2|Politoed, L50, F|
|poke|p2|Maushold, L50|
|teampreview|4
|showteam|p1|Excadrill||FocusSash|SandRush|HighHorsepower,IronHead,RockSlide,Protect|Adamant||F|||50|]Tyranitar||Tyranitarite|SandStream|Protect,RockSlide,KnockOff,DragonDance|Adamant||F|||50|]Sneasler||WhiteHerb|Unburden|FakeOut,CloseCombat,DireClaw,Protect|Adamant||M|||50|]Rotom-Wash||Leftovers|Levitate|WillOWisp,Thunderbolt,LightScreen,HydroPump|Calm|||||50|]Talonflame||SharpBeak|GaleWings|Protect,FlareBlitz,BraveBird,SwordsDance|Adamant||M|||50|]Sinistcha-Masterpiece||SitrusBerry|Hospitality|RagePowder,TrickRoom,MatchaGotcha,Protect|Bold|||||50|
|showteam|p2|Metagross||Metagrossite|ClearBody|IronDefense,BodyPress,PsychicFangs,Protect|Impish|||||50|]Incineroar||PasshoBerry|Intimidate|FakeOut,FlareBlitz,PartingShot,DarkestLariat|Adamant||M|||50|]Sinistcha||SitrusBerry|Hospitality|MatchaGotcha,TrickRoom,RagePowder,LifeDew|Calm|||||50|]Floette-Eternal||Floettite|FlowerVeil|Moonblast,DazzlingGleam,CalmMind,Protect|Modest||F|||50|]Politoed||Leftovers|Drizzle|WeatherBall,PerishSong,IceBeam,Protect|Bold||F|||50|]Maushold||ChopleBerry|FriendGuard|Taunt,FollowMe,SuperFang,Protect|Careful|||||50|
|inactive|Battle timer is ON: inactive players will automatically lose when time's up. (requested by master 792)
|
|t:|1784170330
|teamsize|p1|4
|teamsize|p2|4
|start
|switch|p1a: Tyranitar|Tyranitar, L50, F|100/100
|switch|p1b: Sinistcha|Sinistcha-Masterpiece, L50|100/100
|switch|p2a: Metagross|Metagross, L50, shiny|100/100
|switch|p2b: Sinistcha|Sinistcha, L50, shiny|100/100
|-weather|Sandstorm|[from] ability: Sand Stream|[of] p1a: Tyranitar
|turn|1
|
|t:|1784170351
|detailschange|p1a: Tyranitar|Tyranitar-Mega, L50, F
|-mega|p1a: Tyranitar|Tyranitar|Tyranitarite
|detailschange|p2a: Metagross|Metagross-Mega, L50, shiny
|-mega|p2a: Metagross|Metagross|Metagrossite
|move|p2b: Sinistcha|Rage Powder|p2b: Sinistcha
|-singleturn|p2b: Sinistcha|move: Rage Powder
|move|p2a: Metagross|Iron Defense|p2a: Metagross
|-boost|p2a: Metagross|def|2
|move|p1a: Tyranitar|Knock Off|p2b: Sinistcha
|-supereffective|p2b: Sinistcha|1
|-damage|p2b: Sinistcha|0 fnt
|-enditem|p2b: Sinistcha|Sitrus Berry|[from] move: Knock Off|[of] p1a: Tyranitar
|faint|p2b: Sinistcha
|move|p1b: Sinistcha|Matcha Gotcha|p2a: Metagross|[miss]
|-miss|p1b: Sinistcha|p2a: Metagross
|
|-weather|Sandstorm|[upkeep]
|-damage|p1b: Sinistcha|93/100|[from] Sandstorm
|upkeep
|
|t:|1784170360
|switch|p2b: Politoed|Politoed, L50, F|100/100
|-weather|RainDance|[from] ability: Drizzle|[of] p2b: Politoed
|turn|2
|
|t:|1784170370
|move|p1a: Tyranitar|Protect|p1a: Tyranitar
|-singleturn|p1a: Tyranitar|Protect
|move|p2a: Metagross|Psychic Fangs|p1b: Sinistcha
|-damage|p1b: Sinistcha|51/100
|move|p1b: Sinistcha|Matcha Gotcha|p2b: Politoed|[spread] p2a,p2b
|-resisted|p2a: Metagross|1
|-supereffective|p2b: Politoed|1
|-damage|p2a: Metagross|91/100
|-heal|p1b: Sinistcha|55/100|[from] drain|[of] p2a: Metagross
|-damage|p2b: Politoed|62/100
|-heal|p1b: Sinistcha|75/100|[from] drain|[of] p2b: Politoed
|move|p2b: Politoed|Ice Beam|p1b: Sinistcha
|-supereffective|p1b: Sinistcha|1
|-damage|p1b: Sinistcha|42/100
|-enditem|p1b: Sinistcha|Sitrus Berry|[eat]
|-heal|p1b: Sinistcha|66/100|[from] item: Sitrus Berry
|
|-weather|RainDance|[upkeep]
|-heal|p2b: Politoed|68/100|[from] item: Leftovers
|upkeep
|turn|3
|
|t:|1784170390
|switch|p1a: Rotom|Rotom-Wash, L50|100/100
|move|p2a: Metagross|Body Press|p1a: Rotom
|-damage|p1a: Rotom|28/100
|move|p1b: Sinistcha|Matcha Gotcha|p2a: Metagross|[spread] p2a,p2b
|-resisted|p2a: Metagross|1
|-crit|p2a: Metagross
|-supereffective|p2b: Politoed|1
|-damage|p2a: Metagross|79/100
|-heal|p1b: Sinistcha|73/100|[from] drain|[of] p2a: Metagross
|-damage|p2b: Politoed|23/100
|-heal|p1b: Sinistcha|97/100|[from] drain|[of] p2b: Politoed
|-status|p2b: Politoed|brn
|move|p2b: Politoed|Ice Beam|p1b: Sinistcha
|-supereffective|p1b: Sinistcha|1
|-damage|p1b: Sinistcha|60/100
|
|-weather|RainDance|[upkeep]
|-heal|p1a: Rotom|33/100|[from] item: Leftovers
|-heal|p2b: Politoed|30/100 brn|[from] item: Leftovers
|-damage|p2b: Politoed|23/100 brn|[from] brn
|upkeep
|turn|4
|
|t:|1784170414
|switch|p2b: Maushold|Maushold, L50|100/100
|move|p1b: Sinistcha|Rage Powder|p1b: Sinistcha
|-singleturn|p1b: Sinistcha|move: Rage Powder
|move|p2a: Metagross|Psychic Fangs|p1b: Sinistcha
|-damage|p1b: Sinistcha|16/100
|move|p1a: Rotom|Will-O-Wisp|p2a: Metagross|[miss]
|-miss|p1a: Rotom|p2a: Metagross
|
|-weather|RainDance|[upkeep]
|-heal|p1a: Rotom|39/100|[from] item: Leftovers
|upkeep
|turn|5
|
|t:|1784170426
|move|p1b: Sinistcha|Protect|p1b: Sinistcha
|-singleturn|p1b: Sinistcha|Protect
|move|p2b: Maushold|Follow Me|p2b: Maushold
|-singleturn|p2b: Maushold|move: Follow Me
|move|p2a: Metagross|Body Press|p1a: Rotom
|-damage|p1a: Rotom|0 fnt
|faint|p1a: Rotom
|
|-weather|RainDance|[upkeep]
|upkeep
|
|t:|1784170435
|switch|p1a: Tyranitar|Tyranitar-Mega, L50, F|100/100
|-weather|Sandstorm|[from] ability: Sand Stream|[of] p1a: Tyranitar
|turn|6
|
|t:|1784170443
|move|p1b: Sinistcha|Rage Powder|p1b: Sinistcha
|-singleturn|p1b: Sinistcha|move: Rage Powder
|move|p2b: Maushold|Taunt|p1b: Sinistcha
|-start|p1b: Sinistcha|move: Taunt
|move|p2a: Metagross|Psychic Fangs|p1b: Sinistcha
|-damage|p1b: Sinistcha|0 fnt
|faint|p1b: Sinistcha
|move|p1a: Tyranitar|Knock Off|p2a: Metagross
|-supereffective|p2a: Metagross|1
|-damage|p2a: Metagross|59/100
|
|-weather|Sandstorm|[upkeep]
|-damage|p2b: Maushold|93/100|[from] Sandstorm
|upkeep
|
|t:|1784170456
|switch|p1b: Excadrill|Excadrill, L50, F|100/100
|turn|7
|
|t:|1784170462
|move|p1a: Tyranitar|Protect|p1a: Tyranitar
|-singleturn|p1a: Tyranitar|Protect
|move|p2b: Maushold|Follow Me|p2b: Maushold
|-singleturn|p2b: Maushold|move: Follow Me
|move|p1b: Excadrill|High Horsepower|p2b: Maushold
|-damage|p2b: Maushold|34/100
|move|p2a: Metagross|Body Press|p1a: Tyranitar
|-activate|p1a: Tyranitar|move: Protect
|
|-weather|Sandstorm|[upkeep]
|-damage|p2b: Maushold|28/100|[from] Sandstorm
|upkeep
|turn|8
|-message|ZeraXx forfeited.
|
|win|master 792
|l|☆ZeraXx
|player|p1|
||ZeraXx is ready for game 2.
||master 792 is ready for game 2.
|uhtml|next|Next: Game 2 of 3
