|j|☆anino23
|j|☆akirahakari
|html|anino23akirahakari    
|uhtml|bestof|Game 1 of a best-of-3
|t:|1783705095
|gametype|doubles
|player|p1|anino23|101|1097
|player|p2|akirahakari|rosa|1000
|gen|9
|tier|[Gen 9 Champions] VGC 2026 Reg M-B (Bo3)
|rated|
|rule|Species Clause: Limit one of each Pokémon
|rule|Item Clause: Limit 1 of each item
|clearpoke
|poke|p1|Pyroar, L50, M, shiny|
|poke|p1|Scrafty, L50, F|
|poke|p1|Mamoswine, L50, M|
|poke|p1|Venusaur, L50, F|
|poke|p1|Torkoal, L50, M|
|poke|p1|Farigiraf, L50, M|
|poke|p2|Charizard, L50, M, shiny|
|poke|p2|Garchomp, L50, M|
|poke|p2|Whimsicott, L50, F, shiny|
|poke|p2|Basculegion, L50, M, shiny|
|poke|p2|Sylveon, L50, F, shiny|
|poke|p2|Incineroar, L50, M|
|teampreview|4
|showteam|p1|Pyroar||Pyroarite|Unnerve|HeatWave,Overheat,Yawn,Protect|Timid||M|||50|]Scrafty||Scraftinite|Intimidate|FakeOut,IcePunch,DrainPunch,KnockOff|Adamant||F|||50|]Mamoswine||FocusSash|Oblivious|IceShard,HighHorsepower,RockSlide,Protect|Jolly||M|||50|]Venusaur||LifeOrb|Chlorophyll|EnergyBall,EarthPower,SludgeBomb,Protect|Modest||F|||50|]Torkoal||HeatRock|Drought|Eruption,HelpingHand,WeatherBall,Protect|Quiet||M|||50|]Farigiraf||SitrusBerry|ArmorTail|Psychic,Thunderbolt,TrickRoom,Protect|Quiet||M|||50|
|showteam|p2|Charizard||CharizarditeY|Blaze|HeatWave,SolarBeam,WeatherBall,Protect|Modest||M|||50|]Garchomp||LifeOrb|RoughSkin|DragonClaw,StompingTantrum,RockSlide,Protect|Jolly||M|||50|]Whimsicott||FocusSash|Prankster|Moonblast,Tailwind,Encore,SunnyDay|Timid||F|||50|]Basculegion||ChoiceScarf|Adaptability|WaveCrash,FlipTurn,AquaJet,LastRespects|Jolly||M|||50|]Sylveon||FairyFeather|Pixilate|HyperVoice,QuickAttack,HyperBeam,Protect|Modest||F|||50|]Incineroar||SitrusBerry|Intimidate|FakeOut,DarkestLariat,FlareBlitz,PartingShot|Adamant||M|||50|
|inactive|Battle timer is ON: inactive players will automatically lose when time's up. (requested by anino23)
|
|t:|1783705135
|teamsize|p1|4
|teamsize|p2|4
|start
|switch|p1a: Mamoswine|Mamoswine, L50, M|100/100
|switch|p1b: Pyroar|Pyroar, L50, M, shiny|100/100
|switch|p2a: Charizard|Charizard, L50, M, shiny|100/100
|switch|p2b: Incineroar|Incineroar, L50, M|100/100
|-ability|p1b: Pyroar|Unnerve
|-ability|p2b: Incineroar|Intimidate|boost
|-fail|p1a: Mamoswine|unboost|Attack|[from] ability: Oblivious|[of] p1a: Mamoswine
|-unboost|p1b: Pyroar|atk|1
|turn|1
|
|t:|1783705160
|switch|p1b: Farigiraf|Farigiraf, L50, M|100/100
|detailschange|p2a: Charizard|Charizard-Mega-Y, L50, M, shiny
|-mega|p2a: Charizard|Charizard|Charizardite Y
|-weather|SunnyDay|[from] ability: Drought|[of] p2a: Charizard
|move|p2b: Incineroar|Fake Out||[still]
|cant|p1b: Farigiraf|ability: Armor Tail|Fake Out|[of] p2b: Incineroar
|move|p2a: Charizard|Heat Wave|p1b: Farigiraf|[spread] p1a,p1b
|-supereffective|p1a: Mamoswine|1
|-enditem|p1a: Mamoswine|Focus Sash
|-damage|p1a: Mamoswine|1/100
|-damage|p1b: Farigiraf|30/100
|-enditem|p1b: Farigiraf|Sitrus Berry|[eat]
|-heal|p1b: Farigiraf|55/100|[from] item: Sitrus Berry
|move|p1a: Mamoswine|Rock Slide|p2b: Incineroar|[spread] p2a,p2b
|-supereffective|p2a: Charizard|2
|-supereffective|p2b: Incineroar|1
|-damage|p2a: Charizard|0 fnt
|-damage|p2b: Incineroar|66/100
|faint|p2a: Charizard
|
|-weather|SunnyDay|[upkeep]
|upkeep
|inactive|akirahakari has 30 seconds left.
|
|t:|1783705185
|switch|p2a: Sylveon|Sylveon, L50, F, shiny|100/100
|turn|2
|inactive|anino23 has 30 seconds left.
|inactive|anino23 has 20 seconds left.
|inactive|anino23 has 15 seconds left.
|inactive|anino23 has 10 seconds left.
|
|t:|1783705232
|switch|p2b: Whimsicott|Whimsicott, L50, F, shiny|100/100
|move|p1b: Farigiraf|Protect|p1b: Farigiraf
|-singleturn|p1b: Farigiraf|Protect
|move|p1a: Mamoswine|High Horsepower|p2b: Whimsicott
|-resisted|p2b: Whimsicott|1
|-damage|p2b: Whimsicott|62/100
|move|p2a: Sylveon|Hyper Voice|p1a: Mamoswine|[spread] p1a
|-activate|p1b: Farigiraf|move: Protect
|-damage|p1a: Mamoswine|0 fnt
|faint|p1a: Mamoswine
|
|-weather|SunnyDay|[upkeep]
|upkeep
|
|t:|1783705252
|switch|p1a: Pyroar|Pyroar, L50, M, shiny|100/100
|-ability|p1a: Pyroar|Unnerve
|turn|3
|
|t:|1783705272
|detailschange|p1a: Pyroar|Pyroar-Mega, L50, M, shiny
|-mega|p1a: Pyroar|Pyroar|Pyroarite
|move|p2b: Whimsicott|Tailwind|p2b: Whimsicott
|-sidestart|p2: akirahakari|move: Tailwind
|move|p1a: Pyroar|Heat Wave|p2a: Sylveon|[spread] p2b
|-miss|p1a: Pyroar|p2a: Sylveon
|-supereffective|p2b: Whimsicott|1
|-damage|p2b: Whimsicott|0 fnt
|faint|p2b: Whimsicott
|move|p2a: Sylveon|Hyper Voice|p1b: Farigiraf|[spread] p1a,p1b
|-resisted|p1a: Pyroar|1
|-damage|p1a: Pyroar|70/100
|-damage|p1b: Farigiraf|8/100
|move|p1b: Farigiraf|Psychic|p2a: Sylveon
|-damage|p2a: Sylveon|68/100
|
|-weather|SunnyDay|[upkeep]
|upkeep
|
|t:|1783705289
|switch|p2b: Incineroar|Incineroar, L50, M|66/100
|-ability|p2b: Incineroar|Intimidate|boost
|-unboost|p1a: Pyroar|atk|1
|-unboost|p1b: Farigiraf|atk|1
|turn|4
|
|t:|1783705300
|move|p1b: Farigiraf|Protect|p1b: Farigiraf
|-singleturn|p1b: Farigiraf|Protect
|move|p1a: Pyroar|Heat Wave|p2a: Sylveon|[spread] p2a,p2b
|-resisted|p2b: Incineroar|1
|-damage|p2a: Sylveon|6/100
|-damage|p2b: Incineroar|29/100
|-enditem|p2b: Incineroar|Sitrus Berry|[eat]
|-heal|p2b: Incineroar|53/100|[from] item: Sitrus Berry
|move|p2b: Incineroar|Darkest Lariat|p1a: Pyroar
|-damage|p1a: Pyroar|24/100
|move|p2a: Sylveon|Hyper Voice|p1a: Pyroar|[spread] p1a
|-activate|p1b: Farigiraf|move: Protect
|-resisted|p1a: Pyroar|1
|-damage|p1a: Pyroar|0 fnt
|faint|p1a: Pyroar
|
|-weather|SunnyDay|[upkeep]
|upkeep
|
|t:|1783705315
|switch|p1a: Venusaur|Venusaur, L50, F|100/100
|turn|5
|
|t:|1783705325
|move|p2a: Sylveon|Protect|p2a: Sylveon
|-singleturn|p2a: Sylveon|Protect
|move|p1a: Venusaur|Earth Power|p2b: Incineroar
|-supereffective|p2b: Incineroar|1
|-damage|p2b: Incineroar|0 fnt
|faint|p2b: Incineroar
|-damage|p1a: Venusaur|90/100|[from] item: Life Orb
|move|p1b: Farigiraf|Psychic|p2a: Sylveon
|-activate|p2a: Sylveon|move: Protect
|
|-weather|none
|upkeep
|turn|6
|-message|akirahakari forfeited.
|
|win|anino23
|l|☆akirahakari
|player|p2|
|raw|anino23's rating: 1097 → 1116(+19 for winning)
|raw|akirahakari's rating: 1000 → 1000(+0 for losing)
