|j|☆luckyross
|j|☆LastHorzion
|html|luckyrossLastHorzion    
|uhtml|bestof|Game 1 of a best-of-3
|t:|1756958260
|gametype|doubles
|player|p1|luckyross|fisherman-gen4|1255
|player|p2|LastHorzion|steven|1323
|gen|9
|tier|[Gen 9] VGC 2025 Reg H (Bo3)
|rated|
|rule|Species Clause: Limit one of each Pokémon
|rule|Item Clause: Limit 1 of each item
|clearpoke
|poke|p1|Tyranitar, L50, F|
|poke|p1|Excadrill, L50, M|
|poke|p1|Indeedee, L50, M|
|poke|p1|Sneasler, L50, M|
|poke|p1|Corviknight, L50, M|
|poke|p1|Hydreigon, L50, M|
|poke|p2|Sneasler, L50, F|
|poke|p2|Ursaluna-Bloodmoon, L50, M|
|poke|p2|Whimsicott, L50, F|
|poke|p2|Typhlosion-Hisui, L50, M|
|poke|p2|Indeedee, L50, M|
|poke|p2|Dragapult, L50, M|
|teampreview|4
|showteam|p1|Tyranitar||AssaultVest|SandStream|KnockOff,RockSlide,TeraBlast,LowKick|||F|||50|,,,,,Flying]Excadrill||FocusSash|SandRush|Earthquake,IronHead,HighHorsepower,Protect|||M|||50|,,,,,Stellar]Indeedee||ChoiceScarf|PsychicSurge|ExpandingForce,TeraBlast,Trick,Protect|||M|||50|,,,,,Psychic]Sneasler||WhiteHerb|Unburden|DireClaw,CloseCombat,Coaching,FakeOut|||M|||50|,,,,,Stellar]Corviknight||PsychicSeed|MirrorArmor|BraveBird,PowerTrip,BulkUp,Roost|||M|||50|,,,,,Water]Hydreigon||LifeOrb|Levitate|DracoMeteor,DarkPulse,Protect,Tailwind|||M|||50|,,,,,Ghost
|showteam|p2|Sneasler||PsychicSeed|Unburden|CloseCombat,DireClaw,ThroatChop,Protect|||F|||50|,,,,,Dark]Ursaluna-Bloodmoon||LifeOrb|MindsEye|BloodMoon,EarthPower,HyperVoice,Protect|||M|||50|,,,,,Ghost]Whimsicott||CovertCloak|Prankster|Tailwind,Moonblast,Encore,SunnyDay|||F|||50|,,,,,Water]Typhlosion-Hisui||ChoiceScarf|Blaze|Eruption,ShadowBall,HeatWave,Overheat|||M|||50|,,,,,Fire]Indeedee||FocusSash|PsychicSurge|ExpandingForce,TeraBlast,Imprison,TrickRoom|||M|||50|,,,,,Ground]Dragapult||ChoiceBand|ClearBody|DragonDarts,Uturn,PhantomForce,Outrage|||M|||50|,,,,,Dragon
|inactive|Battle timer is ON: inactive players will automatically lose when time's up. (requested by LastHorzion)
|inactive|luckyross has 60 seconds left.
|inactive|LastHorzion has 60 seconds left.
|inactive|luckyross has 30 seconds left.
|
|t:|1756958323
|teamsize|p1|4
|teamsize|p2|4
|start
|switch|p1a: My Goat|Hydreigon, L50, M|100/100
|switch|p1b: Indeedee|Indeedee, L50, M|100/100
|switch|p2a: Whimsicott|Whimsicott, L50, F|100/100
|switch|p2b: Ursaluna|Ursaluna-Bloodmoon, L50, M|100/100
|-fieldstart|move: Psychic Terrain|[from] ability: Psychic Surge|[of] p1b: Indeedee
|turn|1
|inactive|LastHorzion has 30 seconds left.
|
|t:|1756958351
|move|p2a: Whimsicott|Tailwind|p2a: Whimsicott
|-sidestart|p2: LastHorzion|move: Tailwind
|move|p1b: Indeedee|Expanding Force|p2a: Whimsicott|[spread] p2a,p2b
|-damage|p2a: Whimsicott|8/100
|-damage|p2b: Ursaluna|22/100
|move|p2b: Ursaluna|Blood Moon|p1b: Indeedee
|-damage|p1b: Indeedee|0 fnt
|faint|p1b: Indeedee
|-damage|p2b: Ursaluna|13/100|[from] item: Life Orb
|move|p1a: My Goat|Tailwind|p1a: My Goat
|-sidestart|p1: luckyross|move: Tailwind
|
|upkeep
|
|t:|1756958364
|switch|p1b: Go to sleep|Sneasler, L50, M|100/100
|turn|2
|
|t:|1756958383
|move|p2b: Ursaluna|Protect|p2b: Ursaluna
|-singleturn|p2b: Ursaluna|Protect
|move|p1b: Go to sleep|Close Combat|p2a: Whimsicott
|-resisted|p2a: Whimsicott
|-damage|p2a: Whimsicott|0 fnt
|-unboost|p1b: Go to sleep|def|1
|-unboost|p1b: Go to sleep|spd|1
|faint|p2a: Whimsicott
|-enditem|p1b: Go to sleep|White Herb
|-clearnegativeboost|p1b: Go to sleep|[silent]
|move|p1a: My Goat|Dark Pulse|p2b: Ursaluna
|-activate|p2b: Ursaluna|move: Protect
|
|upkeep
|
|t:|1756958391
|switch|p2a: Sneasler|Sneasler, L50, F|100/100
|-enditem|p2a: Sneasler|Psychic Seed
|-boost|p2a: Sneasler|spd|1|[from] item: Psychic Seed
|turn|3
|inactive|luckyross has 30 seconds left.
|inactive|LastHorzion has 30 seconds left.
|
|t:|1756958426
|-terastallize|p1a: My Goat|Ghost
|move|p1b: Go to sleep|Dire Claw|p2b: Ursaluna
|-resisted|p2b: Ursaluna
|-damage|p2b: Ursaluna|0 fnt
|faint|p2b: Ursaluna
|move|p2a: Sneasler|Dire Claw|p1b: Go to sleep
|-resisted|p1b: Go to sleep
|-damage|p1b: Go to sleep|59/100
|move|p1a: My Goat|Draco Meteor|p2a: Sneasler
|-damage|p2a: Sneasler|24/100
|-unboost|p1a: My Goat|spa|2
|-damage|p1a: My Goat|91/100|[from] item: Life Orb
|
|upkeep
|
|t:|1756958437
|switch|p2b: Typhlosion|Typhlosion-Hisui, L50, M|100/100
|turn|4
|
|t:|1756958457
|-terastallize|p2b: Typhlosion|Fire
|move|p1b: Go to sleep|Dire Claw|p2a: Sneasler
|-resisted|p2a: Sneasler
|-damage|p2a: Sneasler|0 fnt
|faint|p2a: Sneasler
|move|p2b: Typhlosion|Eruption|p1a: My Goat|[spread] p1a,p1b
|-damage|p1a: My Goat|5/100
|-damage|p1b: Go to sleep|0 fnt
|faint|p1b: Go to sleep
|move|p1a: My Goat|Dark Pulse|p2b: Typhlosion
|-damage|p2b: Typhlosion|60/100
|-damage|p1a: My Goat|0 fnt|[from] item: Life Orb
|faint|p1a: My Goat
|
|-sideend|p2: LastHorzion|move: Tailwind
|-sideend|p1: luckyross|move: Tailwind
|upkeep
|
|t:|1756958472
|switch|p1b: Tyranitar|Tyranitar, L50, F|100/100
|-weather|Sandstorm|[from] ability: Sand Stream|[of] p1b: Tyranitar
|turn|5
|
|t:|1756958477
|move|p2b: Typhlosion|Eruption|p1b: Tyranitar
|-resisted|p1b: Tyranitar
|-damage|p1b: Tyranitar|88/100
|move|p1b: Tyranitar|Knock Off|p2b: Typhlosion
|-damage|p2b: Typhlosion|0 fnt
|-enditem|p2b: Typhlosion|Choice Scarf|[from] move: Knock Off|[of] p1b: Tyranitar
|faint|p2b: Typhlosion
|
|win|luckyross
||LastHorzion is ready for game 2.
|inactive|luckyross has 30 seconds to confirm battle start!
||luckyross is ready for game 2.
|uhtml|next|Next: Game 2 of 3
|l|☆luckyross
|player|p1|
