|j|☆bruthie
|j|☆Luke693VGC
|html|bruthieLuke693VGC    
|uhtml|bestof|Game 3 of a best-of-3
|t:|1756651180
|gametype|doubles
|player|p1|bruthie|lady-gen4|1046
|player|p2|Luke693VGC|cyclist-gen4|1042
|gen|9
|tier|[Gen 9] VGC 2025 Reg H (Bo3)
|rated|
|rule|Species Clause: Limit one of each Pokémon
|rule|Item Clause: Limit 1 of each item
|clearpoke
|poke|p1|Sneasler, L50, M|
|poke|p1|Hydreigon, L50, M|
|poke|p1|Sinistcha, L50|
|poke|p1|Basculegion, L50, M|
|poke|p1|Incineroar, L50, M|
|poke|p1|Scizor, L50, F|
|poke|p2|Archaludon, L50, M|
|poke|p2|Pelipper, L50, M|
|poke|p2|Basculegion, L50, M|
|poke|p2|Sinistcha, L50|
|poke|p2|Maushold-Four, L50|
|poke|p2|Annihilape, L50, F|
|teampreview|4
|showteam|p1|Sneasler||FocusSash|PoisonTouch|FakeOut,DireClaw,CloseCombat,Protect|||M|||50|,,,,,Stellar]Hydreigon||SitrusBerry|Levitate|Snarl,DracoMeteor,Tailwind,Protect|||M|||50|,,,,,Ghost]Sinistcha||RockyHelmet|Hospitality|RagePowder,StrengthSap,MatchaGotcha,Protect||||||50|,,,,,Water]Basculegion||ChoiceScarf|Adaptability|WaveCrash,LastRespects,AquaJet,FlipTurn|||M|||50|,,,,,Water]Incineroar||AssaultVest|Intimidate|FakeOut,KnockOff,FlareBlitz,Uturn|||M|||50|,,,,,Grass]Scizor||MetalCoat|Technician|BulletPunch,CloseCombat,Uturn,Protect|||F|||50|,,,,,Fire
|showteam|p2|Archaludon||AssaultVest|Stamina|DracoMeteor,FlashCannon,ElectroShot,BodyPress|||M|||50|,,,,,Grass]Pelipper||FocusSash|Drizzle|Hurricane,WeatherBall,Tailwind,HelpingHand|||M|||50|,,,,,Stellar]Basculegion||ChoiceBand|SwiftSwim|WaveCrash,FlipTurn,LastRespects,AquaJet|||M|||50|,,,,,Grass]Sinistcha||SitrusBerry|Hospitality|MatchaGotcha,LifeDew,RagePowder,TrickRoom||||||50|,,,,,Fairy]Maushold-Four||SafetyGoggles|FriendGuard|BeatUp,FollowMe,Taunt,Protect||||||50|,,,,,Ghost]Annihilape||Leftovers|Defiant|DrainPunch,RageFist,BulkUp,Protect|||F|||50|,,,,,Grass
|
|t:|1756651191
|teamsize|p1|4
|teamsize|p2|4
|start
|switch|p1a: Sneasler|Sneasler, L50, M|100/100
|switch|p1b: Hydreigon|Hydreigon, L50, M|100/100
|switch|p2a: Archaludon|Archaludon, L50, M|100/100
|switch|p2b: Pelipper|Pelipper, L50, M|100/100
|-weather|RainDance|[from] ability: Drizzle|[of] p2b: Pelipper
|turn|1
|inactive|Battle timer is ON: inactive players will automatically lose when time's up. (requested by Luke693VGC)
|
|t:|1756651212
|-terastallize|p1a: Sneasler|Stellar
|-terastallize|p2a: Archaludon|Grass
|move|p1a: Sneasler|Close Combat|p2a: Archaludon
|-damage|p2a: Archaludon|45/100
|-unboost|p1a: Sneasler|def|1
|-unboost|p1a: Sneasler|spd|1
|-ability|p2a: Archaludon|Stamina|boost
|-boost|p2a: Archaludon|def|1
|move|p1b: Hydreigon|Tailwind|p1b: Hydreigon
|-sidestart|p1: bruthie|move: Tailwind
|move|p2b: Pelipper|Tailwind|p2b: Pelipper
|-sidestart|p2: Luke693VGC|move: Tailwind
|move|p2a: Archaludon|Electro Shot||[still]
|-prepare|p2a: Archaludon|Electro Shot
|-boost|p2a: Archaludon|spa|1
|-anim|p2a: Archaludon|Electro Shot|p1a: Sneasler
|-enditem|p1a: Sneasler|Focus Sash
|-damage|p1a: Sneasler|1/100
|
|-weather|RainDance|[upkeep]
|upkeep
|turn|2
|inactive|Luke693VGC has 30 seconds left.
|
|t:|1756651241
|switch|p2b: Sinistcha|Sinistcha, L50|100/100
|-heal|p2a: Archaludon|70/100|[from] ability: Hospitality|[of] p2b: Sinistcha
|move|p1a: Sneasler|Dire Claw|p2b: Sinistcha
|-damage|p2b: Sinistcha|53/100
|-status|p2b: Sinistcha|psn
|move|p1b: Hydreigon|Draco Meteor|p2a: Archaludon
|-crit|p2a: Archaludon
|-damage|p2a: Archaludon|0 fnt
|-unboost|p1b: Hydreigon|spa|2
|faint|p2a: Archaludon
|
|-weather|RainDance|[upkeep]
|-damage|p2b: Sinistcha|40/100 psn|[from] psn
|upkeep
|-enditem|p2b: Sinistcha|Sitrus Berry|[eat]
|-heal|p2b: Sinistcha|65/100 psn|[from] item: Sitrus Berry
|
|t:|1756651257
|switch|p2a: Basculegion|Basculegion, L50, M|100/100
|turn|3
|
|t:|1756651277
|move|p2a: Basculegion|Last Respects|p1b: Hydreigon
|-resisted|p1b: Hydreigon
|-damage|p1b: Hydreigon|66/100
|move|p1a: Sneasler|Dire Claw|p2b: Sinistcha
|-damage|p2b: Sinistcha|29/100 psn
|move|p1b: Hydreigon|Snarl|p2b: Sinistcha|[spread] p2b
|-miss|p1b: Hydreigon|p2a: Basculegion
|-supereffective|p2b: Sinistcha
|-damage|p2b: Sinistcha|11/100 psn
|-unboost|p2b: Sinistcha|spa|1
|move|p2b: Sinistcha|Matcha Gotcha|p1b: Hydreigon|[spread] p1a,p1b
|-resisted|p1a: Sneasler
|-resisted|p1b: Hydreigon
|-damage|p1a: Sneasler|0 fnt
|-heal|p2b: Sinistcha|12/100 psn|[from] drain|[of] p1a: Sneasler
|-damage|p1b: Hydreigon|58/100
|-heal|p2b: Sinistcha|16/100 psn|[from] drain|[of] p1b: Hydreigon
|faint|p1a: Sneasler
|
|-weather|RainDance|[upkeep]
|-damage|p2b: Sinistcha|4/100 psn|[from] psn
|upkeep
|
|t:|1756651301
|switch|p1a: Sinistcha|Sinistcha, L50|100/100
|-heal|p1b: Hydreigon|83/100|[from] ability: Hospitality|[of] p1a: Sinistcha
|turn|4
|
|t:|1756651315
|switch|p2a: Pelipper|Pelipper, L50, M|100/100
|move|p1a: Sinistcha|Protect|p1a: Sinistcha
|-singleturn|p1a: Sinistcha|Protect
|move|p1b: Hydreigon|Snarl|p2b: Sinistcha|[spread] p2b
|-miss|p1b: Hydreigon|p2a: Pelipper
|-supereffective|p2b: Sinistcha
|-damage|p2b: Sinistcha|0 fnt
|faint|p2b: Sinistcha
|
|-weather|RainDance|[upkeep]
|-sideend|p2: Luke693VGC|move: Tailwind
|-sideend|p1: bruthie|move: Tailwind
|upkeep
|
|t:|1756651326
|switch|p2b: Basculegion|Basculegion, L50, M|100/100
|turn|5
|
|t:|1756651342
|switch|p1b: Basculegion|Basculegion, L50, M|100/100
|move|p2a: Pelipper|Helping Hand|p2b: Basculegion
|-singleturn|p2b: Basculegion|Helping Hand|[of] p2a: Pelipper
|move|p1a: Sinistcha|Rage Powder|p1a: Sinistcha
|-singleturn|p1a: Sinistcha|move: Rage Powder
|move|p2b: Basculegion|Wave Crash|p1a: Sinistcha
|-resisted|p1a: Sinistcha
|-damage|p1a: Sinistcha|24/100
|-damage|p2b: Basculegion|84/100|[from] item: Rocky Helmet|[of] p1a: Sinistcha
|-damage|p2b: Basculegion|61/100|[from] Recoil
|
|-weather|none
|upkeep
|turn|6
|
|t:|1756651366
|move|p1b: Basculegion|Last Respects|p2b: Basculegion
|-supereffective|p2b: Basculegion
|-damage|p2b: Basculegion|0 fnt
|faint|p2b: Basculegion
|move|p2a: Pelipper|Weather Ball|p1b: Basculegion
|-immune|p1b: Basculegion
|move|p1a: Sinistcha|Matcha Gotcha|p2a: Pelipper
|-damage|p2a: Pelipper|45/100
|-heal|p1a: Sinistcha|46/100|[from] drain|[of] p2a: Pelipper
|
|upkeep
|turn|7
|-message|Luke693VGC forfeited.
|
|win|bruthie
|raw|bruthie's rating: 1046 → 1079(+33 for winning)
|raw|Luke693VGC's rating: 1042 → 1026(-16 for losing)
