|j|☆Jakobtc
|j|☆zaher birgir
|html|Jakobtczaher birgir    
|uhtml|bestof|Game 3 of a best-of-3
|t:|1756781186
|gametype|doubles
|player|p1|Jakobtc|riley|1198
|player|p2|zaher birgir|wallace|1112
|gen|9
|tier|[Gen 9] VGC 2025 Reg H (Bo3)
|rated|
|rule|Species Clause: Limit one of each Pokémon
|rule|Item Clause: Limit 1 of each item
|clearpoke
|poke|p1|Gholdengo, L50|
|poke|p1|Incineroar, L50, M|
|poke|p1|Porygon2, L50|
|poke|p1|Ursaluna, L50, M|
|poke|p1|Kilowattrel, L50, M|
|poke|p1|Sneasler, L50, M|
|poke|p2|Politoed, L50, M|
|poke|p2|Gothitelle, L50, F|
|poke|p2|Incineroar, L50, M|
|poke|p2|Kingdra, L50, M|
|poke|p2|Sinistcha, L50|
|poke|p2|Chandelure, L50, M|
|teampreview|4
|showteam|p1|Gholdengo||LifeOrb|GoodasGold|MakeItRain,ShadowBall,NastyPlot,Protect||||||50|,,,,,Water]Incineroar||SafetyGoggles|Intimidate|FakeOut,FlareBlitz,KnockOff,PartingShot|||M|||50|,,,,,Bug]Porygon2||Eviolite|Download|TeraBlast,IceBeam,TrickRoom,Recover||||||50|,,,,,Fighting]Ursaluna||FlameOrb|Guts|Facade,HeadlongRush,Earthquake,Protect|||M|||50|,,,,,Ghost]Kilowattrel||FocusSash|Competitive|AirSlash,Thunderbolt,Tailwind,Protect|||M|||50|,,,,,Ghost]Sneasler||WhiteHerb|Unburden|DireClaw,CloseCombat,Taunt,Protect|||M|||50|,,,,,Stellar
|showteam|p2|Politoed||CovertCloak|Drizzle|PerishSong,WeatherBall,Protect,Encore|||M|||50|,,,,,Grass]Gothitelle||SitrusBerry|ShadowTag|FakeOut,Protect,Psychic,Taunt|||F|||50|,,,,,Fairy]Incineroar||SafetyGoggles|Intimidate|FakeOut,PartingShot,Protect,KnockOff|||M|||50|,,,,,Bug]Kingdra||FocusSash|SwiftSwim|Protect,Scald,DracoMeteor,MuddyWater|||M|||50|,,,,,Water]Sinistcha||RockyHelmet|Hospitality|RagePowder,MatchaGotcha,Protect,LifeDew||||||50|,,,,,Water]Chandelure||ChoiceScarf|FlashFire|ShadowBall,HeatWave,EnergyBall,Flamethrower|||M|||50|,,,,,Grass
|inactive|Battle timer is ON: inactive players will automatically lose when time's up. (requested by zaher birgir)
|
|t:|1756781216
|teamsize|p1|4
|teamsize|p2|4
|start
|switch|p1a: Incineroar|Incineroar, L50, M|100/100
|switch|p1b: Porygon2|Porygon2, L50, shiny|100/100
|switch|p2a: Politoed|Politoed, L50, M|100/100
|switch|p2b: Kingdra|Kingdra, L50, M|100/100
|-ability|p1a: Incineroar|Intimidate|boost
|-unboost|p2a: Politoed|atk|1
|-unboost|p2b: Kingdra|atk|1
|-weather|RainDance|[from] ability: Drizzle|[of] p2a: Politoed
|-ability|p1b: Porygon2|Download|boost
|-boost|p1b: Porygon2|atk|1
|turn|1
|inactive|Jakobtc has 30 seconds left.
|
|t:|1756781251
|-terastallize|p2b: Kingdra|Water
|move|p2b: Kingdra|Muddy Water|p1a: Incineroar|[spread] p1a,p1b
|-supereffective|p1a: Incineroar
|-damage|p1a: Incineroar|0 fnt
|-damage|p1b: Porygon2|60/100
|faint|p1a: Incineroar
|move|p2a: Politoed|Weather Ball|p1b: Porygon2
|-damage|p1b: Porygon2|27/100
|move|p1b: Porygon2|Trick Room|p1b: Porygon2
|-fieldstart|move: Trick Room|[of] p1b: Porygon2
|
|-weather|RainDance|[upkeep]
|upkeep
|
|t:|1756781263
|switch|p1a: Ursaluna|Ursaluna, L50, M|100/100
|turn|2
|
|t:|1756781285
|-terastallize|p1a: Ursaluna|Ghost
|move|p2a: Politoed|Protect|p2a: Politoed
|-singleturn|p2a: Politoed|Protect
|move|p1a: Ursaluna|Facade|p2b: Kingdra
|-damage|p2b: Kingdra|52/100
|move|p1b: Porygon2|Tera Blast|p2b: Kingdra
|-damage|p2b: Kingdra|10/100
|move|p2b: Kingdra|Muddy Water|p1a: Ursaluna|[spread] p1a,p1b
|-damage|p1a: Ursaluna|43/100
|-damage|p1b: Porygon2|0 fnt
|-unboost|p1a: Ursaluna|accuracy|1
|faint|p1b: Porygon2
|
|-weather|RainDance|[upkeep]
|-status|p1a: Ursaluna|brn|[from] item: Flame Orb
|upkeep
|
|t:|1756781304
|switch|p1b: Gholdengo|Gholdengo, L50|100/100
|turn|3
|j| teamthief420
|l| teamthief420
|inactive|Jakobtc has 30 seconds left.
|inactive|zaher birgir has 30 seconds left.
|inactive|Jakobtc has 20 seconds left.
|inactive|Jakobtc has 15 seconds left.
|inactive|Jakobtc has 10 seconds left.
|
|t:|1756781350
|switch|p2a: Gothitelle|Gothitelle, L50, F|100/100
|move|p2b: Kingdra|Protect|p2b: Kingdra
|-singleturn|p2b: Kingdra|Protect
|move|p1a: Ursaluna|Facade|p2a: Gothitelle
|-damage|p2a: Gothitelle|4/100
|-enditem|p2a: Gothitelle|Sitrus Berry|[eat]
|-heal|p2a: Gothitelle|29/100|[from] item: Sitrus Berry
|move|p1b: Gholdengo|Make It Rain|p2a: Gothitelle|[spread] p2a
|-activate|p2b: Kingdra|move: Protect
|-crit|p2a: Gothitelle
|-damage|p2a: Gothitelle|0 fnt
|-unboost|p1b: Gholdengo|spa|1
|faint|p2a: Gothitelle
|-damage|p1b: Gholdengo|91/100|[from] item: Life Orb
|
|-weather|RainDance|[upkeep]
|-damage|p1a: Ursaluna|37/100 brn|[from] brn
|upkeep
|
|t:|1756781369
|switch|p2a: Politoed|Politoed, L50, M|100/100
|turn|4
|inactive|Jakobtc has 30 seconds left.
|inactive|Jakobtc has 20 seconds left.
|inactive|Jakobtc has 15 seconds left.
|inactive|Jakobtc has 10 seconds left.
|
|t:|1756781419
|switch|p2b: Chandelure|Chandelure, L50, M|100/100
|move|p1a: Ursaluna|Headlong Rush|p2b: Chandelure
|-supereffective|p2b: Chandelure
|-damage|p2b: Chandelure|0 fnt
|-unboost|p1a: Ursaluna|def|1
|-unboost|p1a: Ursaluna|spd|1
|faint|p2b: Chandelure
|move|p2a: Politoed|Weather Ball|p1a: Ursaluna
|-damage|p1a: Ursaluna|0 fnt
|faint|p1a: Ursaluna
|move|p1b: Gholdengo|Nasty Plot|p1b: Gholdengo
|-boost|p1b: Gholdengo|spa|2
|
|-weather|RainDance|[upkeep]
|upkeep
|
|t:|1756781425
|switch|p2b: Kingdra|Kingdra, L50, M, tera:Water|10/100
|turn|5
|inactive|Jakobtc has 30 seconds left.
|inactive|Jakobtc has 20 seconds left.
|
|t:|1756781463
|move|p1b: Gholdengo|Protect|p1b: Gholdengo
|-singleturn|p1b: Gholdengo|Protect
|move|p2b: Kingdra|Protect|p2b: Kingdra
|-singleturn|p2b: Kingdra|Protect
|move|p2a: Politoed|Weather Ball|p1b: Gholdengo
|-activate|p1b: Gholdengo|move: Protect
|
|-weather|none
|-fieldend|move: Trick Room
|upkeep
|turn|6
|
|t:|1756781475
|move|p2b: Kingdra|Scald|p1b: Gholdengo
|-damage|p1b: Gholdengo|44/100
|-status|p1b: Gholdengo|brn
|move|p1b: Gholdengo|Make It Rain|p2a: Politoed|[spread] p2a,p2b
|-resisted|p2a: Politoed
|-resisted|p2b: Kingdra
|-damage|p2a: Politoed|61/100
|-damage|p2b: Kingdra|0 fnt
|-unboost|p1b: Gholdengo|spa|1
|faint|p2b: Kingdra
|-damage|p1b: Gholdengo|35/100 brn|[from] item: Life Orb
|move|p2a: Politoed|Weather Ball|p1b: Gholdengo
|-immune|p1b: Gholdengo
|
|-damage|p1b: Gholdengo|28/100 brn|[from] brn
|upkeep
|turn|7
|
|t:|1756781496
|move|p1b: Gholdengo|Nasty Plot|p1b: Gholdengo
|-boost|p1b: Gholdengo|spa|2
|move|p2a: Politoed|Encore|p1b: Gholdengo
|-immune|p1b: Gholdengo|[from] ability: Good as Gold
|
|-damage|p1b: Gholdengo|22/100 brn|[from] brn
|upkeep
|turn|8
|
|t:|1756781503
|move|p2a: Politoed|Protect|p2a: Politoed
|-singleturn|p2a: Politoed|Protect
|move|p1b: Gholdengo|Shadow Ball|p2a: Politoed
|-activate|p2a: Politoed|move: Protect
|
|-damage|p1b: Gholdengo|16/100 brn|[from] brn
|upkeep
|turn|9
|
|t:|1756781513
|move|p2a: Politoed|Protect||[still]
|-fail|p2a: Politoed
|move|p1b: Gholdengo|Shadow Ball|p2a: Politoed
|-damage|p2a: Politoed|0 fnt
|faint|p2a: Politoed
|-damage|p1b: Gholdengo|7/100 brn|[from] item: Life Orb
|
|win|Jakobtc
|raw|Jakobtc's rating: 1198 → 1217(+19 for winning)
|raw|zaher birgir's rating: 1112 → 1093(-19 for losing)
|l|☆zaher birgir
|player|p2|
