|j|☆kokomiiiii
|j|☆Karkz
|html|kokomiiiiiKarkz    
|uhtml|bestof|Game 1 of a best-of-3
|t:|1757903939
|gametype|doubles
|player|p1|kokomiiiii|lillie-masters|1172
|player|p2|Karkz|lance|1156
|gen|9
|tier|[Gen 9] VGC 2025 Reg H (Bo3)
|rated|
|rule|Species Clause: Limit one of each Pokémon
|rule|Item Clause: Limit 1 of each item
|clearpoke
|poke|p1|Gholdengo, L50|
|poke|p1|Ursaluna, L50, M|
|poke|p1|Dragonite, L50, F|
|poke|p1|Porygon2, L50|
|poke|p1|Incineroar, L50, M|
|poke|p1|Amoonguss, L50, M|
|poke|p2|Garganacl, L50, M|
|poke|p2|Volcarona, L50, F|
|poke|p2|Dondozo, L50, F|
|poke|p2|Grimmsnarl, L50, M|
|poke|p2|Rillaboom, L50, F|
|poke|p2|Tyranitar, L50, M|
|teampreview|4
|showteam|p1|Gholdengo||LifeOrb|GoodasGold|MakeItRain,ShadowBall,NastyPlot,Protect||||||50|,,,,,Water]Ursaluna||FlameOrb|Guts|HeadlongRush,Facade,Earthquake,Protect|||M|||50|,,,,,Ghost]Dragonite||LoadedDice|Multiscale|ScaleShot,Haze,Tailwind,Protect|||F|||50|,,,,,Fairy]Porygon2||Eviolite|Download|IceBeam,TeraBlast,TrickRoom,Recover||||||50|,,,,,Fighting]Incineroar||SafetyGoggles|Intimidate|FakeOut,KnockOff,FlareBlitz,PartingShot|||M|||50|,,,,,Ghost]Amoonguss||SitrusBerry|Regenerator|RagePowder,PollenPuff,Spore,Protect|||M|||50|,,,,,Water
|showteam|p2|Garganacl||SitrusBerry|PurifyingSalt|SaltCure,Recover,IronDefense,Protect|||M|||50|,,,,,Poison]Volcarona||Leftovers|FlameBody|HeatWave,GigaDrain,QuiverDance,Protect|||F|||50|,,,,,Dragon]Dondozo||SafetyGoggles|Unaware|WaveCrash,Fissure,Yawn,Protect|||F|||50|,,,,,Dragon]Grimmsnarl||LightClay|Prankster|SpiritBreak,ThunderWave,Reflect,LightScreen|||M|||50|,,,,,Ghost]Rillaboom||MiracleSeed|GrassySurge|WoodHammer,GrassyGlide,Uturn,FakeOut|||F|||50|,,,,,Grass]Tyranitar||AssaultVest|SandStream|RockSlide,KnockOff,TeraBlast,SandTomb|||M|||50|,,,,,Flying
|inactive|Battle timer is ON: inactive players will automatically lose when time's up. (requested by Karkz)
|inactive|kokomiiiii has 60 seconds left.
|inactive|Karkz has 60 seconds left.
|
|t:|1757903984
|teamsize|p1|4
|teamsize|p2|4
|start
|switch|p1a: Midcineroar|Incineroar, L50, M, shiny|100/100
|switch|p1b: Annoyingon2|Porygon2, L50, shiny|100/100
|switch|p2a: Boto|Dondozo, L50, F|100/100
|switch|p2b: Mothra|Volcarona, L50, F|100/100
|-ability|p1a: Midcineroar|Intimidate|boost
|-unboost|p2a: Boto|atk|1
|-unboost|p2b: Mothra|atk|1
|-ability|p1b: Annoyingon2|Download|boost
|-boost|p1b: Annoyingon2|spa|1
|turn|1
|
|t:|1757904000
|move|p2b: Mothra|Protect|p2b: Mothra
|-singleturn|p2b: Mothra|Protect
|move|p1a: Midcineroar|Parting Shot|p2b: Mothra
|-activate|p2b: Mothra|move: Protect
|move|p2a: Boto|Yawn|p1b: Annoyingon2
|-start|p1b: Annoyingon2|move: Yawn|[of] p2a: Boto
|move|p1b: Annoyingon2|Trick Room|p1b: Annoyingon2
|-fieldstart|move: Trick Room|[of] p1b: Annoyingon2
|
|upkeep
|turn|2
|
|t:|1757904020
|switch|p1b: bam|Ursaluna, L50, M, shiny|100/100
|move|p2a: Boto|Yawn|p1b: bam
|-start|p1b: bam|move: Yawn|[of] p2a: Boto
|move|p1a: Midcineroar|Knock Off|p2b: Mothra
|-damage|p2b: Mothra|64/100
|-enditem|p2b: Mothra|Leftovers|[from] move: Knock Off|[of] p1a: Midcineroar
|move|p2b: Mothra|Giga Drain|p1b: bam
|-supereffective|p1b: bam
|-damage|p1b: bam|55/100
|-heal|p2b: Mothra|91/100|[from] drain|[of] p1b: bam
|
|-status|p1b: bam|brn|[from] item: Flame Orb
|upkeep
|turn|3
|
|t:|1757904041
|move|p2b: Mothra|Protect|p2b: Mothra
|-singleturn|p2b: Mothra|Protect
|move|p2a: Boto|Wave Crash|p1b: bam
|-supereffective|p1b: bam
|-damage|p1b: bam|8/100 brn
|-damage|p2a: Boto|87/100|[from] Recoil
|move|p1b: bam|Facade|p2b: Mothra
|-activate|p2b: Mothra|move: Protect
|move|p1a: Midcineroar|Parting Shot|p2a: Boto
|-unboost|p2a: Boto|atk|1
|-unboost|p2a: Boto|spa|1
|
|t:|1757904045
|switch|p1a: Annoyingon2|Porygon2, L50, shiny|100/100|[from] Parting Shot
|-ability|p1a: Annoyingon2|Download|boost
|-boost|p1a: Annoyingon2|spa|1
|
|-damage|p1b: bam|2/100 brn|[from] brn
|-end|p1b: bam|move: Yawn|[silent]
|upkeep
|turn|4
|
|t:|1757904068
|switch|p1b: Midcineroar|Incineroar, L50, M, shiny|100/100
|-ability|p1b: Midcineroar|Intimidate|boost
|-unboost|p2a: Boto|atk|1
|-unboost|p2b: Mothra|atk|1
|switch|p2b: Haruspex|Garganacl, L50, M|100/100
|move|p2a: Boto|Protect|p2a: Boto
|-singleturn|p2a: Boto|Protect
|move|p1a: Annoyingon2|Tera Blast|p2a: Boto
|-activate|p2a: Boto|move: Protect
|
|upkeep
|turn|5
|
|t:|1757904081
|switch|p1b: da king|Gholdengo, L50|100/100
|move|p2b: Haruspex|Iron Defense|p2b: Haruspex
|-boost|p2b: Haruspex|def|2
|move|p2a: Boto|Wave Crash|p1a: Annoyingon2
|-damage|p1a: Annoyingon2|90/100
|-damage|p2a: Boto|84/100|[from] Recoil
|move|p1a: Annoyingon2|Tera Blast|p2a: Boto
|-damage|p2a: Boto|57/100
|
|-fieldend|move: Trick Room
|upkeep
|turn|6
|
|t:|1757904095
|switch|p2a: Mothra|Volcarona, L50, F|91/100
|-terastallize|p2b: Haruspex|Poison
|move|p1b: da king|Nasty Plot|p1b: da king
|-boost|p1b: da king|spa|2
|move|p1a: Annoyingon2|Tera Blast|p2a: Mothra
|-damage|p2a: Mothra|49/100
|move|p2b: Haruspex|Salt Cure|p1b: da king
|-resisted|p1b: da king
|-damage|p1b: da king|93/100
|-start|p1b: da king|Salt Cure
|
|-damage|p1b: da king|69/100|[from] Salt Cure
|upkeep
|turn|7
|
|t:|1757904106
|-terastallize|p1b: da king|Water
|move|p2a: Mothra|Protect|p2a: Mothra
|-singleturn|p2a: Mothra|Protect
|move|p1b: da king|Make It Rain|p2a: Mothra|[spread] p2b
|-activate|p2a: Mothra|move: Protect
|-damage|p2b: Haruspex|26/100
|-unboost|p1b: da king|spa|1
|-enditem|p2b: Haruspex|Sitrus Berry|[eat]
|-heal|p2b: Haruspex|51/100|[from] item: Sitrus Berry
|-damage|p1b: da king|59/100|[from] item: Life Orb
|move|p1a: Annoyingon2|Tera Blast|p2b: Haruspex
|-damage|p2b: Haruspex|16/100
|move|p2b: Haruspex|Recover|p2b: Haruspex
|-heal|p2b: Haruspex|66/100
|
|-damage|p1b: da king|35/100|[from] Salt Cure
|upkeep
|turn|8
|
|t:|1757904124
|switch|p2a: Boto|Dondozo, L50, F|57/100
|move|p1b: da king|Make It Rain|p2a: Boto|[spread] p2a,p2b
|-resisted|p2a: Boto
|-damage|p2a: Boto|36/100
|-damage|p2b: Haruspex|2/100
|-unboost|p1b: da king|spa|1
|-damage|p1b: da king|25/100|[from] item: Life Orb
|move|p1a: Annoyingon2|Tera Blast|p2a: Boto
|-damage|p2a: Boto|12/100
|move|p2b: Haruspex|Recover|p2b: Haruspex
|-heal|p2b: Haruspex|52/100
|
|-damage|p1b: da king|0 fnt|[from] Salt Cure
|faint|p1b: da king
|upkeep
|
|t:|1757904134
|switch|p1b: bam|Ursaluna, L50, M, shiny|2/100 brn
|turn|9
|
|t:|1757904150
|switch|p1b: Midcineroar|Incineroar, L50, M, shiny|100/100
|-ability|p1b: Midcineroar|Intimidate|boost
|-unboost|p2a: Boto|atk|1
|-unboost|p2b: Haruspex|atk|1
|move|p2a: Boto|Protect|p2a: Boto
|-singleturn|p2a: Boto|Protect
|move|p2b: Haruspex|Protect|p2b: Haruspex
|-singleturn|p2b: Haruspex|Protect
|move|p1a: Annoyingon2|Tera Blast|p2b: Haruspex
|-activate|p2b: Haruspex|move: Protect
|
|upkeep
|turn|10
|
|t:|1757904162
|switch|p2a: Mothra|Volcarona, L50, F|49/100
|move|p1b: Midcineroar|Fake Out|p2b: Haruspex
|-damage|p2b: Haruspex|48/100
|move|p1a: Annoyingon2|Tera Blast|p2a: Mothra
|-damage|p2a: Mothra|7/100
|cant|p2b: Haruspex|flinch
|
|upkeep
|turn|11
|
|t:|1757904172
|switch|p2a: Gangrel|Rillaboom, L50, F|100/100
|-fieldstart|move: Grassy Terrain|[from] ability: Grassy Surge|[of] p2a: Gangrel
|move|p1b: Midcineroar|Knock Off|p2a: Gangrel
|-damage|p2a: Gangrel|64/100
|-enditem|p2a: Gangrel|Miracle Seed|[from] move: Knock Off|[of] p1b: Midcineroar
|move|p1a: Annoyingon2|Tera Blast|p2b: Haruspex
|-damage|p2b: Haruspex|11/100
|move|p2b: Haruspex|Recover|p2b: Haruspex
|-heal|p2b: Haruspex|61/100
|
|-heal|p2a: Gangrel|70/100|[from] Grassy Terrain
|-heal|p1a: Annoyingon2|95/100|[from] Grassy Terrain
|-heal|p2b: Haruspex|67/100|[from] Grassy Terrain
|upkeep
|turn|12
|inactive|kokomiiiii has 30 seconds left.
|
|t:|1757904199
|move|p2a: Gangrel|Fake Out|p1b: Midcineroar
|-damage|p1b: Midcineroar|87/100
|cant|p1b: Midcineroar|flinch
|move|p1a: Annoyingon2|Ice Beam|p2a: Gangrel
|-supereffective|p2a: Gangrel
|-damage|p2a: Gangrel|0 fnt
|faint|p2a: Gangrel
|move|p2b: Haruspex|Iron Defense|p2b: Haruspex
|-boost|p2b: Haruspex|def|2
|
|-heal|p1b: Midcineroar|93/100|[from] Grassy Terrain
|-heal|p1a: Annoyingon2|100/100|[from] Grassy Terrain
|-heal|p2b: Haruspex|73/100|[from] Grassy Terrain
|upkeep
|
|t:|1757904207
|switch|p2a: Mothra|Volcarona, L50, F|7/100
|turn|13
|
|t:|1757904216
|move|p2a: Mothra|Protect|p2a: Mothra
|-singleturn|p2a: Mothra|Protect
|move|p1b: Midcineroar|Knock Off|p2a: Mothra
|-activate|p2a: Mothra|move: Protect
|move|p1a: Annoyingon2|Tera Blast|p2b: Haruspex
|-damage|p2b: Haruspex|36/100
|move|p2b: Haruspex|Salt Cure|p1a: Annoyingon2
|-crit|p1a: Annoyingon2
|-damage|p1a: Annoyingon2|88/100
|-start|p1a: Annoyingon2|Salt Cure
|
|-heal|p2a: Mothra|13/100|[from] Grassy Terrain
|-heal|p1b: Midcineroar|99/100|[from] Grassy Terrain
|-heal|p1a: Annoyingon2|94/100|[from] Grassy Terrain
|-heal|p2b: Haruspex|42/100|[from] Grassy Terrain
|-damage|p1a: Annoyingon2|82/100|[from] Salt Cure
|upkeep
|turn|14
|
|t:|1757904229
|move|p2a: Mothra|Giga Drain|p1a: Annoyingon2
|-damage|p1a: Annoyingon2|62/100
|-heal|p2a: Mothra|21/100|[from] drain|[of] p1a: Annoyingon2
|move|p1b: Midcineroar|Knock Off|p2a: Mothra
|-damage|p2a: Mothra|0 fnt
|faint|p2a: Mothra
|move|p1a: Annoyingon2|Tera Blast|p2b: Haruspex
|-damage|p2b: Haruspex|9/100
|move|p2b: Haruspex|Recover|p2b: Haruspex
|-heal|p2b: Haruspex|59/100
|
|-heal|p1b: Midcineroar|100/100|[from] Grassy Terrain
|-heal|p1a: Annoyingon2|68/100|[from] Grassy Terrain
|-heal|p2b: Haruspex|65/100|[from] Grassy Terrain
|-damage|p1a: Annoyingon2|56/100|[from] Salt Cure
|upkeep
|
|t:|1757904232
|switch|p2a: Boto|Dondozo, L50, F|12/100
|turn|15
|
|t:|1757904248
|move|p2a: Boto|Protect|p2a: Boto
|-singleturn|p2a: Boto|Protect
|move|p1b: Midcineroar|Knock Off|p2a: Boto
|-activate|p2a: Boto|move: Protect
|move|p1a: Annoyingon2|Recover|p1a: Annoyingon2
|-heal|p1a: Annoyingon2|100/100
|move|p2b: Haruspex|Salt Cure|p1b: Midcineroar
|-supereffective|p1b: Midcineroar
|-damage|p1b: Midcineroar|82/100
|-start|p1b: Midcineroar|Salt Cure
|
|-heal|p1b: Midcineroar|88/100|[from] Grassy Terrain
|-heal|p2a: Boto|18/100|[from] Grassy Terrain
|-heal|p2b: Haruspex|71/100|[from] Grassy Terrain
|-damage|p1b: Midcineroar|76/100|[from] Salt Cure
|-damage|p1a: Annoyingon2|88/100|[from] Salt Cure
|-fieldend|move: Grassy Terrain
|upkeep
|turn|16
|
|t:|1757904267
|move|p1b: Midcineroar|Parting Shot|p2b: Haruspex
|-unboost|p2b: Haruspex|atk|1
|-unboost|p2b: Haruspex|spa|1
|inactive|kokomiiiii has 30 seconds left.
|inactive|kokomiiiii has 20 seconds left.
|inactive|kokomiiiii has 15 seconds left.
|inactive|kokomiiiii has 10 seconds left.
|
|t:|1757904316
|switch|p1b: bam|Ursaluna, L50, M, shiny|2/100 brn|[from] Parting Shot
|move|p1a: Annoyingon2|Tera Blast|p2a: Boto
|-damage|p2a: Boto|0 fnt
|faint|p2a: Boto
|move|p2b: Haruspex|Iron Defense|p2b: Haruspex
|-boost|p2b: Haruspex|def|2
|
|-damage|p1b: bam|0 fnt|[from] brn
|faint|p1b: bam
|-damage|p1a: Annoyingon2|76/100|[from] Salt Cure
|upkeep
|
|t:|1757904324
|switch|p1b: Midcineroar|Incineroar, L50, M, shiny|76/100
|-ability|p1b: Midcineroar|Intimidate|boost
|-unboost|p2b: Haruspex|atk|1
|turn|17
|
|t:|1757904329
|move|p2b: Haruspex|Protect|p2b: Haruspex
|-singleturn|p2b: Haruspex|Protect
|move|p1b: Midcineroar|Fake Out|p2b: Haruspex
|-activate|p2b: Haruspex|move: Protect
|move|p1a: Annoyingon2|Recover|p1a: Annoyingon2
|-heal|p1a: Annoyingon2|100/100
|
|-damage|p1a: Annoyingon2|88/100|[from] Salt Cure
|upkeep
|turn|18
|
|t:|1757904340
|move|p1b: Midcineroar|Flare Blitz|p2b: Haruspex
|-damage|p2b: Haruspex|63/100
|-damage|p1b: Midcineroar|73/100|[from] Recoil
|move|p1a: Annoyingon2|Tera Blast|p2b: Haruspex
|-damage|p2b: Haruspex|26/100
|move|p2b: Haruspex|Salt Cure|p1b: Midcineroar
|-supereffective|p1b: Midcineroar
|-damage|p1b: Midcineroar|61/100
|-start|p1b: Midcineroar|Salt Cure
|
|-damage|p1b: Midcineroar|49/100|[from] Salt Cure
|-damage|p1a: Annoyingon2|76/100|[from] Salt Cure
|upkeep
|turn|19
|
|t:|1757904348
|move|p2b: Haruspex|Protect|p2b: Haruspex
|-singleturn|p2b: Haruspex|Protect
|move|p1b: Midcineroar|Flare Blitz|p2b: Haruspex
|-activate|p2b: Haruspex|move: Protect
|move|p1a: Annoyingon2|Tera Blast|p2b: Haruspex
|-activate|p2b: Haruspex|move: Protect
|
|-damage|p1b: Midcineroar|36/100|[from] Salt Cure
|-damage|p1a: Annoyingon2|64/100|[from] Salt Cure
|upkeep
|turn|20
|
|t:|1757904352
|move|p1b: Midcineroar|Flare Blitz|p2b: Haruspex
|-damage|p2b: Haruspex|18/100
|-damage|p1b: Midcineroar|34/100|[from] Recoil
|move|p1a: Annoyingon2|Tera Blast|p2b: Haruspex
|-damage|p2b: Haruspex|0 fnt
|faint|p2b: Haruspex
|
|win|kokomiiiii
||Karkz is ready for game 2.
