|j|☆DaGondy
|j|☆doatzmgoatz
|html|DaGondydoatzmgoatz    
|uhtml|bestof|Game 3 of a best-of-3
|t:|1784511839
|gametype|doubles
|player|p1|DaGondy|mars|
|player|p2|doatzmgoatz|102|
|gen|9
|tier|[Gen 9 Champions] VGC 2026 Reg M-B (Bo3)
|rule|Species Clause: Limit one of each Pokémon
|rule|Item Clause: Limit 1 of each item
|clearpoke
|poke|p1|Ditto, L50, shiny|
|poke|p1|Pelipper, L50, M|
|poke|p1|Eelektross, L50, F|
|poke|p1|Roserade, L50, F|
|poke|p1|Lycanroc-Dusk, L50, M, shiny|
|poke|p1|Whimsicott, L50, F|
|poke|p2|Gengar, L50, M|
|poke|p2|Incineroar, L50, F|
|poke|p2|Hydreigon, L50, M|
|poke|p2|Clefable, L50, F|
|poke|p2|Vaporeon, L50, F|
|poke|p2|Noivern, L50, M|
|teampreview|4
|showteam|p1|Ditto||FocusSash|Imposter|Transform|Bold|||||50|]Pelipper||SitrusBerry|Drizzle|Tailwind,Hurricane,Roost,Protect|Bold||M|||50|]Eelektross||Eelektrossite|Levitate|Flamethrower,GrassKnot,Thunder,VoltSwitch|Timid||F|||50|]Roserade||PoisonBarb|PoisonPoint|Extrasensory,LeafStorm,SleepPowder,SludgeBomb|Timid||F|||50|]Lycanroc-Dusk||HardStone|ToughClaws|Accelerock,CloseCombat,StoneEdge,BrickBreak|Jolly||M|||50|]Whimsicott||Leftovers|Prankster|Tailwind,Moonblast,Uturn,Encore|Bold||F|||50|
|showteam|p2|Gengar||Gengarite|CursedBody|SludgeWave,ShadowBall,NastyPlot,Substitute|Timid||M|||50|]Incineroar||SitrusBerry|Intimidate|BrickBreak,Earthquake,PartingShot,FakeOut|Adamant||F|||50|]Hydreigon||LifeOrb|Levitate|EarthPower,DracoMeteor,DarkPulse,Uturn|Timid||M|||50|]Clefable||Leftovers|MagicGuard|FollowMe,LightScreen,DazzlingGleam,Gravity|Calm||F|||50|]Vaporeon||MysticWater|WaterAbsorb|Scald,Protect,RainDance,IceBeam|Bold||F|||50|]Noivern||ExpertBelt|Telepathy|Tailwind,Boomburst,Hurricane,Uturn|Timid||M|||50|
|
|t:|1784511908
|teamsize|p1|4
|teamsize|p2|4
|start
|switch|p1a: Ditto|Ditto, L50, shiny|100/100
|switch|p1b: Whimsicott|Whimsicott, L50, F|100/100
|switch|p2a: Gengar|Gengar, L50, M|100/100
|switch|p2b: Clefable|Clefable, L50, F|100/100
|-transform|p1a: Ditto|p2b: Clefable|[from] ability: Imposter
|turn|1
|
|t:|1784511926
|detailschange|p2a: Gengar|Gengar-Mega, L50, M
|-mega|p2a: Gengar|Gengar|Gengarite
|move|p2b: Clefable|Follow Me|p2b: Clefable
|-singleturn|p2b: Clefable|move: Follow Me
|move|p1b: Whimsicott|Tailwind|p1b: Whimsicott
|-sidestart|p1: DaGondy|move: Tailwind
|move|p2a: Gengar|Nasty Plot|p2a: Gengar
|-boost|p2a: Gengar|spa|2
|move|p1a: Ditto|Light Screen|p1a: Ditto
|-sidestart|p1: DaGondy|move: Light Screen
|
|upkeep
|turn|2
|
|t:|1784511942
|move|p1a: Ditto|Follow Me|p1a: Ditto
|-singleturn|p1a: Ditto|move: Follow Me
|move|p2b: Clefable|Follow Me|p2b: Clefable
|-singleturn|p2b: Clefable|move: Follow Me
|move|p1b: Whimsicott|Moonblast|p2b: Clefable
|-damage|p2b: Clefable|82/100
|move|p2a: Gengar|Sludge Wave|p1b: Whimsicott|[spread] p2b,p1a,p1b
|-supereffective|p2b: Clefable|1
|-crit|p2b: Clefable
|-supereffective|p1a: Ditto|1
|-supereffective|p1b: Whimsicott|2
|-damage|p2b: Clefable|0 fnt
|-enditem|p1a: Ditto|Focus Sash
|-damage|p1a: Ditto|1/100
|-damage|p1b: Whimsicott|0 fnt
|faint|p2b: Clefable
|faint|p1b: Whimsicott
|
|upkeep
|
|t:|1784511955
|switch|p1b: Pelipper|Pelipper, L50, M|100/100
|switch|p2b: Noivern|Noivern, L50, M|100/100
|-weather|RainDance|[from] ability: Drizzle|[of] p1b: Pelipper
|turn|3
|
|t:|1784511972
|move|p1b: Pelipper|Protect|p1b: Pelipper
|-singleturn|p1b: Pelipper|Protect
|move|p2a: Gengar|Sludge Wave|p1a: Ditto|[spread] p1a
|-activate|p1b: Pelipper|move: Protect
|-activate|p2b: Noivern|ability: Telepathy
|-supereffective|p1a: Ditto|1
|-damage|p1a: Ditto|0 fnt
|faint|p1a: Ditto
|move|p2b: Noivern|Boomburst|p1b: Pelipper|[spread] 
|-activate|p1b: Pelipper|move: Protect
|-immune|p2a: Gengar
|
|-weather|RainDance|[upkeep]
|upkeep
|
|t:|1784511984
|switch|p1a: Eelektross|Eelektross, L50, F|100/100
|turn|4
|
|t:|1784511994
|detailschange|p1a: Eelektross|Eelektross-Mega, L50, F
|-mega|p1a: Eelektross|Eelektross|Eelektrossite
|move|p1a: Eelektross|Thunder|p2a: Gengar
|-damage|p2a: Gengar|25/100
|move|p2a: Gengar|Substitute|p2a: Gengar
|-start|p2a: Gengar|Substitute
|-damage|p2a: Gengar|1/100
|move|p2b: Noivern|Boomburst|p1a: Eelektross|[spread] p1a,p1b
|-immune|p2a: Gengar
|-damage|p1a: Eelektross|77/100
|-damage|p1b: Pelipper|70/100
|move|p1b: Pelipper|Hurricane|p2b: Noivern
|-damage|p2b: Noivern|47/100
|-start|p2b: Noivern|confusion
|
|-weather|RainDance|[upkeep]
|-sideend|p1: DaGondy|move: Tailwind
|upkeep
|turn|5
|
|t:|1784512020
|move|p2a: Gengar|Sludge Wave|p1a: Eelektross|[spread] p1a,p1b
|-activate|p2b: Noivern|ability: Telepathy
|-damage|p1a: Eelektross|6/100
|-damage|p1b: Pelipper|0 fnt
|faint|p1b: Pelipper
|-activate|p2b: Noivern|confusion
|move|p2b: Noivern|Boomburst|p1a: Eelektross|[spread] p1a
|-immune|p2a: Gengar
|-damage|p1a: Eelektross|0 fnt
|faint|p1a: Eelektross
|
|win|doatzmgoatz
