|j|☆NemoAK
|j|☆TeyVgc
|html|NemoAKTeyVgc    
|uhtml|bestof|Game 3 of a best-of-3
|t:|1756958648
|gametype|doubles
|player|p1|NemoAK|266|1167
|player|p2|TeyVgc|benga|1276
|gen|9
|tier|[Gen 9] VGC 2025 Reg H (Bo3)
|rated|
|rule|Species Clause: Limit one of each Pokémon
|rule|Item Clause: Limit 1 of each item
|clearpoke
|poke|p1|Armarouge, L50, M|
|poke|p1|Garchomp, L50, M|
|poke|p1|Indeedee-F, L50, F|
|poke|p1|Murkrow, L50, M|
|poke|p1|Kingdra, L50, M|
|poke|p1|Torkoal, L50, F|
|poke|p2|Gholdengo, L50|
|poke|p2|Dragonite, L50, F|
|poke|p2|Sneasler, L50, M|
|poke|p2|Incineroar, L50, F|
|poke|p2|Indeedee, L50, M|
|poke|p2|Gastrodon, L50, M|
|teampreview|4
|showteam|p1|Armarouge||PowerHerb|FlashFire|ExpandingForce,ArmorCannon,MeteorBeam,TrickRoom|||M|||50|,,,,,Bug]Garchomp||LifeOrb|RoughSkin|BreakingSwipe,Protect,StompingTantrum,Earthquake|||M|||50|,,,,,Fairy]Indeedee-F||PsychicSeed|PsychicSurge|Psychic,TrickRoom,HelpingHand,FollowMe|||F|||50|,,,,,Fairy]Murkrow||Eviolite|Prankster|FoulPlay,RainDance,Haze,Tailwind|||M|||50|,,,,,Ghost]Kingdra||MysticWater|SwiftSwim|WeatherBall,DracoMeteor,MuddyWater,Protect|||M|||50|,,,,,Water]Torkoal||CovertCloak|Drought|Eruption,HeatWave,EarthPower,Protect|||F|||50|,,,,,Fire
|showteam|p2|Gholdengo||LifeOrb|GoodasGold|Protect,MakeItRain,ShadowBall,NastyPlot||||||50|,,,,,Water]Dragonite||LoadedDice|Multiscale|ScaleShot,Tailwind,Haze,Protect|||F|||50|,,,,,Fairy]Sneasler||PsychicSeed|Unburden|Protect,DireClaw,CloseCombat,ThroatChop|||M|||50|,,,,,Dark]Incineroar||SafetyGoggles|Intimidate|KnockOff,PartingShot,FlareBlitz,FakeOut|||F|||50|,,,,,Ghost]Indeedee||FocusSash|PsychicSurge|ExpandingForce,TrickRoom,Imprison,TeraBlast|||M|||50|,,,,,Fighting]Gastrodon||Leftovers|StormDrain|EarthPower,Yawn,Recover,IceBeam|||M|||50|,,,,,Poison
|inactive|Battle timer is ON: inactive players will automatically lose when time's up. (requested by NemoAK)
|
|t:|1756958664
|teamsize|p1|4
|teamsize|p2|4
|start
|switch|p1a: Murkrow|Murkrow, L50, M|100/100
|switch|p1b: Garchomp|Garchomp, L50, M|100/100
|switch|p2a: Dragonite|Dragonite, L50, F|100/100
|switch|p2b: Incineroar|Incineroar, L50, F|100/100
|-ability|p2b: Incineroar|Intimidate|boost
|-unboost|p1a: Murkrow|atk|1
|-unboost|p1b: Garchomp|atk|1
|turn|1
|inactive|NemoAK has 30 seconds left.
|inactive|NemoAK has 20 seconds left.
|inactive|TeyVgc has 30 seconds left.
|
|t:|1756958706
|-terastallize|p1b: Garchomp|Fairy
|move|p2b: Incineroar|Fake Out|p1b: Garchomp
|-damage|p1b: Garchomp|87/100
|-damage|p2b: Incineroar|88/100|[from] ability: Rough Skin|[of] p1b: Garchomp
|cant|p1b: Garchomp|flinch
|move|p2a: Dragonite|Scale Shot|p1b: Garchomp
|-immune|p1b: Garchomp
|move|p1a: Murkrow|Foul Play|p2a: Dragonite
|-damage|p2a: Dragonite|68/100
|
|upkeep
|turn|2
|inactive|TeyVgc has 30 seconds left.
|
|t:|1756958731
|move|p2a: Dragonite|Protect|p2a: Dragonite
|-singleturn|p2a: Dragonite|Protect
|move|p1a: Murkrow|Haze|p1a: Murkrow
|-clearallboost
|move|p1b: Garchomp|Breaking Swipe|p2b: Incineroar|[spread] p2b
|-activate|p2a: Dragonite|move: Protect
|-crit|p2b: Incineroar
|-damage|p2b: Incineroar|47/100
|-unboost|p2b: Incineroar|atk|1
|-damage|p1b: Garchomp|78/100|[from] item: Life Orb
|move|p2b: Incineroar|Parting Shot|p1b: Garchomp
|-unboost|p1b: Garchomp|atk|1
|-unboost|p1b: Garchomp|spa|1
|
|t:|1756958744
|switch|p2b: Sneasler|Sneasler, L50, M|100/100|[from] Parting Shot
|
|upkeep
|turn|3
|
|t:|1756958761
|switch|p2a: Indeedee|Indeedee, L50, M|100/100
|-fieldstart|move: Psychic Terrain|[from] ability: Psychic Surge|[of] p2a: Indeedee
|-enditem|p2b: Sneasler|Psychic Seed
|-boost|p2b: Sneasler|spd|1|[from] item: Psychic Seed
|move|p1a: Murkrow|Tailwind|p1a: Murkrow
|-sidestart|p1: NemoAK|move: Tailwind
|move|p2b: Sneasler|Dire Claw|p1b: Garchomp
|-supereffective|p1b: Garchomp
|-damage|p1b: Garchomp|0 fnt
|-damage|p2b: Sneasler|88/100|[from] ability: Rough Skin|[of] p1b: Garchomp
|faint|p1b: Garchomp
|
|upkeep
|
|t:|1756958782
|switch|p1b: Kingdra|Kingdra, L50, M|100/100
|turn|4
|inactive|TeyVgc has 30 seconds left.
|inactive|TeyVgc has 20 seconds left.
|
|t:|1756958821
|move|p2b: Sneasler|Protect|p2b: Sneasler
|-singleturn|p2b: Sneasler|Protect
|move|p1b: Kingdra|Muddy Water|p2a: Indeedee|[spread] p2a
|-activate|p2b: Sneasler|move: Protect
|-damage|p2a: Indeedee|45/100
|move|p1a: Murkrow|Foul Play|p2a: Indeedee
|-supereffective|p2a: Indeedee
|-damage|p2a: Indeedee|0 fnt
|faint|p2a: Indeedee
|
|upkeep
|
|t:|1756958831
|switch|p2a: Dragonite|Dragonite, L50, F|68/100
|turn|5
|
|t:|1756958851
|move|p1a: Murkrow|Rain Dance|p1a: Murkrow
|-weather|RainDance
|move|p1b: Kingdra|Draco Meteor|p2a: Dragonite
|-supereffective|p2a: Dragonite
|-damage|p2a: Dragonite|0 fnt
|-unboost|p1b: Kingdra|spa|2
|faint|p2a: Dragonite
|move|p2b: Sneasler|Dire Claw|p1b: Kingdra
|-damage|p1b: Kingdra|46/100
|-status|p1b: Kingdra|par
|
|-weather|RainDance|[upkeep]
|upkeep
|
|t:|1756958862
|switch|p2a: Incineroar|Incineroar, L50, F|47/100
|-ability|p2a: Incineroar|Intimidate|boost
|-unboost|p1a: Murkrow|atk|1
|-unboost|p1b: Kingdra|atk|1
|turn|6
|
|t:|1756958871
|move|p2b: Sneasler|Dire Claw|p1b: Kingdra
|-damage|p1b: Kingdra|0 fnt
|faint|p1b: Kingdra
|move|p1a: Murkrow|Foul Play|p2b: Sneasler
|-resisted|p2b: Sneasler
|-damage|p2b: Sneasler|44/100
|move|p2a: Incineroar|Knock Off|p1a: Murkrow
|-resisted|p1a: Murkrow
|-damage|p1a: Murkrow|75/100
|-enditem|p1a: Murkrow|Eviolite|[from] move: Knock Off|[of] p2a: Incineroar
|
|-weather|RainDance|[upkeep]
|-sideend|p1: NemoAK|move: Tailwind
|upkeep
|
|t:|1756958884
|switch|p1b: Armarouge|Armarouge, L50, M|100/100
|turn|7
|inactive|TeyVgc has 30 seconds left.
|inactive|TeyVgc has 20 seconds left.
|inactive|TeyVgc has 15 seconds left.
|inactive|TeyVgc has 10 seconds left.
|
|t:|1756958931
|-terastallize|p2b: Sneasler|Dark
|move|p1a: Murkrow|Tailwind|p1a: Murkrow
|-sidestart|p1: NemoAK|move: Tailwind
|move|p2b: Sneasler|Throat Chop|p1b: Armarouge
|-supereffective|p1b: Armarouge
|-damage|p1b: Armarouge|25/100
|-start|p1b: Armarouge|Throat Chop|[silent]
|move|p1b: Armarouge|Meteor Beam||[still]
|-prepare|p1b: Armarouge|Meteor Beam
|-boost|p1b: Armarouge|spa|1
|-enditem|p1b: Armarouge|Power Herb
|-anim|p1b: Armarouge|Meteor Beam|p2a: Incineroar
|-supereffective|p2a: Incineroar
|-damage|p2a: Incineroar|0 fnt
|faint|p2a: Incineroar
|
|-weather|RainDance|[upkeep]
|-fieldend|move: Psychic Terrain
|upkeep
|turn|8
|
|t:|1756958955
|move|p2b: Sneasler|Dire Claw|p1b: Armarouge
|-damage|p1b: Armarouge|0 fnt
|faint|p1b: Armarouge
|move|p1a: Murkrow|Foul Play|p2b: Sneasler
|-resisted|p2b: Sneasler
|-damage|p2b: Sneasler|6/100
|
|-weather|RainDance|[upkeep]
|upkeep
|turn|9
|
|t:|1756958966
|move|p2b: Sneasler|Protect|p2b: Sneasler
|-singleturn|p2b: Sneasler|Protect
|move|p1a: Murkrow|Foul Play|p2b: Sneasler
|-activate|p2b: Sneasler|move: Protect
|
|-weather|none
|upkeep
|turn|10
|
|t:|1756958974
|move|p2b: Sneasler|Close Combat|p1a: Murkrow
|-damage|p1a: Murkrow|0 fnt
|-unboost|p2b: Sneasler|def|1
|-unboost|p2b: Sneasler|spd|1
|faint|p1a: Murkrow
|
|win|TeyVgc
|raw|NemoAK's rating: 1167 → 1150(-17 for losing)
|raw|TeyVgc's rating: 1276 → 1293(+17 for winning)
