|j|☆dfdfdfgdfdt
|j|☆jerry22
|html|dfdfdfgdfdtjerry22    
|uhtml|bestof|Game 1 of a best-of-3
|t:|1756253602
|gametype|doubles
|player|p1|dfdfdfgdfdt|265|1218
|player|p2|jerry22|ingo|1131
|gen|9
|tier|[Gen 9] VGC 2025 Reg H (Bo3)
|rated|
|rule|Species Clause: Limit one of each Pokémon
|rule|Item Clause: Limit 1 of each item
|clearpoke
|poke|p1|Sneasler, L50, F|
|poke|p1|Dragapult, L50, M|
|poke|p1|Primarina, L50, M|
|poke|p1|Rillaboom, L50, F|
|poke|p1|Kingambit, L50, M|
|poke|p1|Magmar, L50, M|
|poke|p2|Baxcalibur, L50, F|
|poke|p2|Rillaboom, L50, M|
|poke|p2|Magmar, L50, M|
|poke|p2|Primarina, L50, M|
|poke|p2|Kingambit, L50, F|
|poke|p2|Sneasler, L50, F|
|teampreview|4
|showteam|p1|Sneasler||FocusSash|PoisonTouch|CloseCombat,DireClaw,FakeOut,Protect|||F|||50|,,,,,Stellar]Dragapult||ChoiceBand|ClearBody|DragonDarts,TeraBlast,PhantomForce,Uturn|||M|||50|,,,,,Ghost]Primarina||SitrusBerry|LiquidVoice|HyperVoice,Moonblast,Haze,Protect|||M|||50|,,,,,Water]Rillaboom||AssaultVest|GrassySurge|WoodHammer,GrassyGlide,HighHorsepower,FakeOut|||F|||50|,,,,,Fire]Kingambit||BlackGlasses|Defiant|KowtowCleave,SuckerPunch,SwordsDance,Protect|||M|||50|,,,,,Ghost]Magmar||Eviolite|VitalSpirit|Overheat,WillOWisp,FollowMe,Protect|||M|||50|,,,,,Ghost
|showteam|p2|Baxcalibur||LoadedDice|ThermalExchange|Protect,IceShard,IcicleSpear,ScaleShot|||F|||50|,,,,,Ghost]Rillaboom||AssaultVest|GrassySurge|FakeOut,HighHorsepower,GrassyGlide,WoodHammer|||M|||50|,,,,,Fire]Magmar||Eviolite|VitalSpirit|Protect,WillOWisp,FollowMe,HeatWave|||M|||50|,,,,,Dark]Primarina||SitrusBerry|LiquidVoice|Protect,Haze,Moonblast,HyperVoice|||M|||50|,,,,,Poison]Kingambit||BlackGlasses|Defiant|Protect,SwordsDance,SuckerPunch,KowtowCleave|||F|||50|,,,,,Dark]Sneasler||FocusSash|Unburden|Protect,Coaching,DireClaw,CloseCombat|||F|||50|,,,,,Ghost
|
|t:|1756253663
|teamsize|p1|4
|teamsize|p2|4
|start
|switch|p1a: Magmar|Magmar, L50, M|100/100
|switch|p1b: Kingambit|Kingambit, L50, M|100/100
|switch|p2a: Kingambit|Kingambit, L50, F|100/100
|switch|p2b: Sneasler|Sneasler, L50, F|100/100
|turn|1
|
|t:|1756253700
|move|p2b: Sneasler|Coaching|p2a: Kingambit
|-boost|p2a: Kingambit|atk|1
|-boost|p2a: Kingambit|def|1
|move|p1a: Magmar|Will-O-Wisp|p2a: Kingambit
|-status|p2a: Kingambit|brn
|move|p1b: Kingambit|Kowtow Cleave|p2b: Sneasler
|-resisted|p2b: Sneasler
|-damage|p2b: Sneasler|50/100
|move|p2a: Kingambit|Swords Dance|p2a: Kingambit
|-boost|p2a: Kingambit|atk|2
|
|-damage|p2a: Kingambit|95/100 brn|[from] brn
|upkeep
|turn|2
|
|t:|1756253752
|-terastallize|p2a: Kingambit|Dark
|move|p1b: Kingambit|Protect|p1b: Kingambit
|-singleturn|p1b: Kingambit|Protect
|move|p2b: Sneasler|Close Combat|p1b: Kingambit
|-activate|p1b: Kingambit|move: Protect
|move|p1a: Magmar|Overheat|p2a: Kingambit
|-damage|p2a: Kingambit|45/100 brn
|-unboost|p1a: Magmar|spa|2
|move|p2a: Kingambit|Kowtow Cleave|p1a: Magmar
|-damage|p1a: Magmar|19/100
|
|-damage|p2a: Kingambit|40/100 brn|[from] brn
|upkeep
|turn|3
|inactive|Battle timer is ON: inactive players will automatically lose when time's up. (requested by jerry22)
|inactive|dfdfdfgdfdt has 60 seconds left.
|inactive|jerry22 has 60 seconds left.
|inactive|dfdfdfgdfdt has 30 seconds left.
|
|t:|1756253817
|switch|p1a: Sneasler|Sneasler, L50, F|100/100
|switch|p2a: Rillaboom|Rillaboom, L50, M|100/100
|-fieldstart|move: Grassy Terrain|[from] ability: Grassy Surge|[of] p2a: Rillaboom
|-terastallize|p1b: Kingambit|Ghost
|move|p2b: Sneasler|Coaching|p2a: Rillaboom
|-boost|p2a: Rillaboom|atk|1
|-boost|p2a: Rillaboom|def|1
|move|p1b: Kingambit|Kowtow Cleave|p2a: Rillaboom
|-damage|p2a: Rillaboom|68/100
|
|-heal|p2b: Sneasler|56/100|[from] Grassy Terrain
|-heal|p2a: Rillaboom|74/100|[from] Grassy Terrain
|upkeep
|turn|4
|inactive|dfdfdfgdfdt has 30 seconds left.
|inactive|jerry22 has 30 seconds left.
|j| TomorrowTylor
|inactive|jerry22 has 20 seconds left.
|inactive|jerry22 has 15 seconds left.
|inactive|jerry22 has 10 seconds left.
|inactive|jerry22 has 5 seconds left.
|
|t:|1756253869
|move|p1a: Sneasler|Fake Out|p2a: Rillaboom
|-damage|p2a: Rillaboom|64/100
|cant|p2a: Rillaboom|flinch
|move|p2b: Sneasler|Coaching|p2a: Rillaboom
|-boost|p2a: Rillaboom|atk|1
|-boost|p2a: Rillaboom|def|1
|move|p1b: Kingambit|Swords Dance|p1b: Kingambit
|-boost|p1b: Kingambit|atk|2
|
|-heal|p2b: Sneasler|61/100|[from] Grassy Terrain
|-heal|p2a: Rillaboom|70/100|[from] Grassy Terrain
|upkeep
|turn|5
|
|t:|1756253890
|move|p1b: Kingambit|Sucker Punch|p2a: Rillaboom
|-damage|p2a: Rillaboom|28/100
|move|p2b: Sneasler|Dire Claw|p1a: Sneasler
|-resisted|p1a: Sneasler
|-damage|p1a: Sneasler|66/100
|move|p1a: Sneasler|Dire Claw|p2a: Rillaboom
|-supereffective|p2a: Rillaboom
|-damage|p2a: Rillaboom|0 fnt
|faint|p2a: Rillaboom
|
|-heal|p1a: Sneasler|71/100|[from] Grassy Terrain
|-heal|p2b: Sneasler|67/100|[from] Grassy Terrain
|upkeep
|
|t:|1756253897
|switch|p2a: Kingambit|Kingambit, L50, F, tera:Dark|40/100 brn
|turn|6
|
|t:|1756253922
|move|p1b: Kingambit|Sucker Punch|p2b: Sneasler
|-resisted|p2b: Sneasler
|-crit|p2b: Sneasler
|-damage|p2b: Sneasler|0 fnt
|faint|p2b: Sneasler
|move|p1a: Sneasler|Close Combat|p2a: Kingambit
|-supereffective|p2a: Kingambit
|-damage|p2a: Kingambit|0 fnt
|-unboost|p1a: Sneasler|def|1
|-unboost|p1a: Sneasler|spd|1
|faint|p2a: Kingambit
|
|-heal|p1a: Sneasler|77/100|[from] Grassy Terrain
|upkeep
|-message|jerry22 forfeited.
|
|win|dfdfdfgdfdt
|l|☆jerry22
|player|p2|
||dfdfdfgdfdt is ready for game 2.
||jerry22 is ready for game 2.
|uhtml|next|Next: Game 2 of 3
|l| TomorrowTylor
|l|☆dfdfdfgdfdt
|player|p1|
|j|☆dfdfdfgdfdt
|player|p1|dfdfdfgdfdt|265|
