|j|☆shronkk
|j|☆starunbroken
|html|shronkkstarunbroken    
|uhtml|bestof|Game 1 of a best-of-3
|t:|1785108370
|gametype|doubles
|player|p1|shronkk|ghetsis|
|player|p2|starunbroken|steven|
|gen|9
|tier|[Gen 9 Champions] VGC 2026 Reg M-B (Bo3)
|rule|Species Clause: Limit one of each Pokémon
|rule|Item Clause: Limit 1 of each item
|clearpoke
|poke|p1|Tyranitar, L50, F|
|poke|p1|Excadrill, L50, M|
|poke|p1|Aerodactyl, L50, F|
|poke|p1|Gholdengo, L50|
|poke|p1|Rotom-Heat, L50|
|poke|p1|Raichu, L50, M|
|poke|p2|Tinkaton, L50, F|
|poke|p2|Gengar, L50, F|
|poke|p2|Arcanine, L50, F|
|poke|p2|Gallade, L50, M, shiny|
|poke|p2|Kingambit, L50, M|
|poke|p2|Farigiraf, L50, M|
|teampreview|4
|showteam|p1|Tyranitar||Tyranitarite|SandStream|KnockOff,LowKick,Protect,RockSlide|Adamant||F|||50|]Excadrill||ExpertBelt|SandRush|Earthquake,RockSlide,IronHead,Protect|Adamant||M|||50|]Aerodactyl||FocusSash|Unnerve|RockSlide,Tailwind,Protect,WideGuard|Jolly||F|||50|]Gholdengo||LifeOrb|GoodasGold|NastyPlot,MakeItRain,Protect,ShadowBall|Modest|||||50|]Rotom-Heat||PasshoBerry|Levitate|Discharge,WillOWisp,VoltSwitch,Overheat|Calm|||||50|]Raichu||RaichuniteY|LightningRod|ZapCannon,FakeOut,FocusBlast,GrassKnot|Modest||M|||50|
|showteam|p2|Tinkaton||ShucaBerry|MoldBreaker|GigatonHammer,FakeOut,PlayRough,Protect|Jolly||F|||50|]Gengar||FocusSash|CursedBody|IcyWind,SludgeBomb,Protect,WillOWisp|Timid||F|||50|]Arcanine||Leftovers|Intimidate|Howl,Protect,WillOWisp,FlareBlitz|Impish||F|||50|]Gallade||Galladite|Justified|CloseCombat,Protect,KnockOff,RockSlide|Jolly||M|||50|]Kingambit||BlackGlasses|Defiant|KowtowCleave,SuckerPunch,LowKick,SwordsDance|Brave||M|||50|]Farigiraf||SitrusBerry|ArmorTail|HyperVoice,Psychic,TrickRoom,AllySwitch|Bold||M|||50|
|inactive|Battle timer is ON: inactive players will automatically lose when time's up. (requested by starunbroken)
|
|t:|1785108402
|teamsize|p1|4
|teamsize|p2|4
|start
|switch|p1a: Tyranitar|Tyranitar, L50, F|100/100
|switch|p1b: Excadrill|Excadrill, L50, M|100/100
|switch|p2a: Tinkaton|Tinkaton, L50, F|100/100
|switch|p2b: Gengar|Gengar, L50, F|100/100
|-ability|p2a: Tinkaton|Mold Breaker
|-weather|Sandstorm|[from] ability: Sand Stream|[of] p1a: Tyranitar
|turn|1
|c|☆starunbroken|isnt team sheets suppose to be off
|c|☆shronkk|it forces it on just dont look
|inactive|starunbroken has 30 seconds left.
|
|t:|1785108429
|move|p1a: Tyranitar|Protect|p1a: Tyranitar
|-singleturn|p1a: Tyranitar|Protect
|move|p2a: Tinkaton|Fake Out|p1b: Excadrill
|-resisted|p1b: Excadrill|1
|-damage|p1b: Excadrill|93/100
|cant|p1b: Excadrill|flinch
|move|p2b: Gengar|Icy Wind|p1b: Excadrill|[spread] p1b
|-activate|p1a: Tyranitar|move: Protect
|-damage|p1b: Excadrill|74/100
|-unboost|p1b: Excadrill|spe|1
|
|-weather|Sandstorm|[upkeep]
|-damage|p2b: Gengar|94/100|[from] Sandstorm
|upkeep
|turn|2
|
|t:|1785108451
|switch|p1a: Aerodactyl|Aerodactyl, L50, F|100/100
|-ability|p1a: Aerodactyl|Unnerve
|move|p1b: Excadrill|Earthquake|p2b: Gengar|[spread] p2a,p2b
|-immune|p1a: Aerodactyl
|-supereffective|p2a: Tinkaton|1
|-supereffective|p2b: Gengar|1
|-damage|p2a: Tinkaton|5/100
|-damage|p2b: Gengar|0 fnt
|-start|p1b: Excadrill|Disable|Earthquake|[from] ability: Cursed Body|[of] p2b: Gengar
|faint|p2b: Gengar
|move|p2a: Tinkaton|Gigaton Hammer|p1a: Aerodactyl
|-supereffective|p1a: Aerodactyl|1
|-enditem|p1a: Aerodactyl|Focus Sash
|-damage|p1a: Aerodactyl|1/100
|
|-weather|Sandstorm|[upkeep]
|upkeep
|
|t:|1785108466
|switch|p2b: Kingambit|Kingambit, L50, M|100/100
|turn|3
|
|t:|1785108486
|move|p2a: Tinkaton|Protect|p2a: Tinkaton
|-singleturn|p2a: Tinkaton|Protect
|move|p2b: Kingambit|Sucker Punch||[still]
|-fail|p2b: Kingambit
|move|p1a: Aerodactyl|Tailwind|p1a: Aerodactyl
|-sidestart|p1: shronkk|move: Tailwind
|move|p1b: Excadrill|Rock Slide|p2a: Tinkaton|[spread] p2b
|-activate|p2a: Tinkaton|move: Protect
|-resisted|p2b: Kingambit|1
|-damage|p2b: Kingambit|92/100
|
|-weather|Sandstorm|[upkeep]
|upkeep
|turn|4
|inactive|shronkk has 30 seconds left.
|
|t:|1785108520
|switch|p1b: Tyranitar|Tyranitar, L50, F|100/100
|move|p2b: Kingambit|Sucker Punch|p1a: Aerodactyl
|-damage|p1a: Aerodactyl|0 fnt
|faint|p1a: Aerodactyl
|move|p2a: Tinkaton|Gigaton Hammer|p1b: Tyranitar
|-supereffective|p1b: Tyranitar|1
|-damage|p1b: Tyranitar|20/100y
|
|-weather|Sandstorm|[upkeep]
|upkeep
|
|t:|1785108530
|switch|p1a: Excadrill|Excadrill, L50, M|74/100
|turn|5
|
|t:|1785108550
|move|p1b: Tyranitar|Protect|p1b: Tyranitar
|-singleturn|p1b: Tyranitar|Protect
|move|p2a: Tinkaton|Protect|p2a: Tinkaton
|-singleturn|p2a: Tinkaton|Protect
|move|p2b: Kingambit|Sucker Punch|p1a: Excadrill
|-damage|p1a: Excadrill|2/100
|move|p1a: Excadrill|Earthquake|p2b: Kingambit|[spread] p2b
|-activate|p1b: Tyranitar|move: Protect
|-activate|p2a: Tinkaton|move: Protect
|-supereffective|p2b: Kingambit|1
|-damage|p2b: Kingambit|11/100
|
|-weather|none
|upkeep
|turn|6
|inactive|starunbroken has 30 seconds left.
|
|t:|1785108577
|detailschange|p1b: Tyranitar|Tyranitar-Mega, L50, F
|-mega|p1b: Tyranitar|Tyranitar|Tyranitarite
|-weather|Sandstorm|[from] ability: Sand Stream|[of] p1b: Tyranitar
|move|p1a: Excadrill|Protect|p1a: Excadrill
|-singleturn|p1a: Excadrill|Protect
|move|p2b: Kingambit|Sucker Punch|p1b: Tyranitar
|-resisted|p1b: Tyranitar|1
|-damage|p1b: Tyranitar|5/100
|move|p1b: Tyranitar|Rock Slide|p2a: Tinkaton|[spread] p2a,p2b
|-resisted|p2a: Tinkaton|1
|-resisted|p2b: Kingambit|1
|-damage|p2a: Tinkaton|0 fnt
|-damage|p2b: Kingambit|0 fnt
|faint|p2a: Tinkaton
|faint|p2b: Kingambit
|
|-weather|Sandstorm|[upkeep]
|-sideend|p1: shronkk|move: Tailwind
|upkeep
|
|t:|1785108585
|switch|p2b: Gallade|Gallade, L50, M, shiny|100/100
|turn|7
|inactive|shronkk has 30 seconds left.
|
|t:|1785108615
|detailschange|p2b: Gallade|Gallade-Mega, L50, M, shiny
|-mega|p2b: Gallade|Gallade|Galladite
|move|p1a: Excadrill|Iron Head|p2b: Gallade
|-damage|p2b: Gallade|37/100
|move|p2b: Gallade|Rock Slide|p1b: Tyranitar|[spread] p1a
|-miss|p2b: Gallade|p1b: Tyranitar
|-resisted|p1a: Excadrill|2
|-damage|p1a: Excadrill|0 fnt
|faint|p1a: Excadrill
|move|p1b: Tyranitar|Rock Slide|p2b: Gallade
|-resisted|p2b: Gallade|1
|-damage|p2b: Gallade|1/100
|
|-weather|Sandstorm|[upkeep]
|-damage|p2b: Gallade|0 fnt|[from] Sandstorm
|faint|p2b: Gallade
|
|win|shronkk
||starunbroken is ready for game 2.
|inactive|shronkk has 30 seconds to confirm battle start!
