|j|☆Chaos16
|j|☆Trieshjan
|html|Chaos16Trieshjan    
|uhtml|bestof|Game 1 of a best-of-3
|t:|1757916481
|gametype|doubles
|player|p1|Chaos16|skyla|1153
|player|p2|Trieshjan|101|1040
|gen|9
|tier|[Gen 9] VGC 2025 Reg H (Bo3)
|rated|
|rule|Species Clause: Limit one of each Pokémon
|rule|Item Clause: Limit 1 of each item
|clearpoke
|poke|p1|Ursaluna-Bloodmoon, L50, M|
|poke|p1|Farigiraf, L50, M|
|poke|p1|Sneasler, L50, M|
|poke|p1|Whimsicott, L50, F|
|poke|p1|Annihilape, L50, F|
|poke|p1|Incineroar, L50, M|
|poke|p2|Venonat, L50, M|
|poke|p2|Ribombee, L50, F|
|poke|p2|Volcarona, L50, M|
|poke|p2|Annihilape, L50, M|
|poke|p2|Scizor, L50, M|
|poke|p2|Kommo-o, L50, M|
|teampreview|4
|showteam|p1|Ursaluna-Bloodmoon||ThroatSpray|MindsEye|Protect,HyperVoice,BloodMoon,EarthPower|||M|||50|,,,,,Normal]Farigiraf||SitrusBerry|ArmorTail|TrickRoom,Psychic,Protect,HelpingHand|||M|||50|,,,,,Dark]Sneasler||NormalGem|Unburden|FakeOut,DireClaw,CloseCombat,Protect|||M|||50|,,,,,Dark]Whimsicott||FocusSash|Prankster|Tailwind,Encore,Moonblast,Taunt|||F|||50|,,,,,Steel]Annihilape||Leftovers|Defiant|RageFist,DrainPunch,BulkUp,Protect|||F|||50|,,,,,Water]Incineroar||SafetyGoggles|Intimidate|FakeOut,FlareBlitz,KnockOff,PartingShot|||M|||50|,,,,,Ghost
|showteam|p2|Venonat||Eviolite|CompoundEyes|SleepPowder,Toxic,RagePowder,MorningSun|||M|||50|,,,,,Grass]Ribombee||FocusSash|ShieldDust|SunnyDay,Moonblast,FakeTears,Tailwind|||F|||50|,,,,,Dark]Volcarona||ChoiceSpecs|FlameBody|Overheat,HeatWave,BugBuzz,FieryDance|||M|||50|,,,,,Fire]Annihilape||ChoiceScarf|Defiant|FinalGambit,RageFist,CloseCombat,Coaching|||M|||50|,,,,,Stellar]Scizor||AssaultVest|Technician|BulletPunch,DualWingbeat,Lunge,Uturn|||M|||50|,,,,,Water]Kommo-o||ClearAmulet|Overcoat|IronDefense,BodyPress,Protect,ThroatChop|||M|||50|,,,,,Steel
|
|t:|1757916501
|teamsize|p1|4
|teamsize|p2|4
|start
|switch|p1a: Farigiraf|Farigiraf, L50, M, shiny|100/100
|switch|p1b: Ursaluna|Ursaluna-Bloodmoon, L50, M|100/100
|switch|p2a: Venonat|Venonat, L50, M|100/100
|switch|p2b: Kommo-o|Kommo-o, L50, M|100/100
|turn|1
|
|t:|1757916534
|move|p2a: Venonat|Rage Powder|p2a: Venonat
|-singleturn|p2a: Venonat|move: Rage Powder
|move|p2b: Kommo-o|Iron Defense|p2b: Kommo-o
|-boost|p2b: Kommo-o|def|2
|move|p1b: Ursaluna|Hyper Voice|p2a: Venonat|[spread] p2a,p2b
|-damage|p2a: Venonat|64/100
|-damage|p2b: Kommo-o|64/100
|-enditem|p1b: Ursaluna|Throat Spray
|-boost|p1b: Ursaluna|spa|1|[from] item: Throat Spray
|move|p1a: Farigiraf|Trick Room|p1a: Farigiraf
|-fieldstart|move: Trick Room|[of] p1a: Farigiraf
|
|upkeep
|turn|2
|
|t:|1757916558
|-terastallize|p1b: Ursaluna|Normal
|-terastallize|p2b: Kommo-o|Steel
|move|p1a: Farigiraf|Helping Hand|p1b: Ursaluna
|-singleturn|p1b: Ursaluna|Helping Hand|[of] p1a: Farigiraf
|move|p2a: Venonat|Rage Powder|p2a: Venonat
|-singleturn|p2a: Venonat|move: Rage Powder
|move|p1b: Ursaluna|Hyper Voice|p2b: Kommo-o|[spread] p2a,p2b
|-resisted|p2b: Kommo-o
|-damage|p2a: Venonat|0 fnt
|-damage|p2b: Kommo-o|10/100
|faint|p2a: Venonat
|move|p2b: Kommo-o|Body Press|p1b: Ursaluna
|-supereffective|p1b: Ursaluna
|-damage|p1b: Ursaluna|2/100
|
|upkeep
|
|t:|1757916580
|switch|p2a: Scizor|Scizor, L50, M|100/100
|turn|3
|
|t:|1757916589
|move|p1a: Farigiraf|Helping Hand|p1b: Ursaluna
|-singleturn|p1b: Ursaluna|Helping Hand|[of] p1a: Farigiraf
|move|p2b: Kommo-o|Protect|p2b: Kommo-o
|-singleturn|p2b: Kommo-o|Protect
|move|p2a: Scizor|U-turn|p1b: Ursaluna
|-damage|p1b: Ursaluna|0 fnt
|faint|p1b: Ursaluna
|
|t:|1757916599
|switch|p2a: Volcarona|Volcarona, L50, M|100/100|[from] U-turn
|
|upkeep
|
|t:|1757916608
|switch|p1b: Annihilape|Annihilape, L50, F|100/100
|turn|4
|
|t:|1757916632
|move|p1a: Farigiraf|Psychic|p2a: Volcarona
|-damage|p2a: Volcarona|62/100
|move|p1b: Annihilape|Drain Punch|p2b: Kommo-o
|-supereffective|p2b: Kommo-o
|-damage|p2b: Kommo-o|0 fnt
|faint|p2b: Kommo-o
|move|p2a: Volcarona|Heat Wave|p1b: Annihilape|[spread] p1a,p1b
|-damage|p1a: Farigiraf|53/100
|-damage|p1b: Annihilape|57/100
|
|-heal|p1b: Annihilape|63/100|[from] item: Leftovers
|upkeep
|
|t:|1757916641
|switch|p2b: Scizor|Scizor, L50, M|100/100
|turn|5
|
|t:|1757916662
|move|p1a: Farigiraf|Helping Hand|p1b: Annihilape
|-singleturn|p1b: Annihilape|Helping Hand|[of] p1a: Farigiraf
|move|p2b: Scizor|Dual Wingbeat|p1b: Annihilape
|-supereffective|p1b: Annihilape
|-damage|p1b: Annihilape|25/100
|-supereffective|p1b: Annihilape
|-damage|p1b: Annihilape|0 fnt
|faint|p1b: Annihilape
|-hitcount|p1: Annihilape|2
|move|p2a: Volcarona|Heat Wave|p1a: Farigiraf
|-damage|p1a: Farigiraf|0 fnt
|faint|p1a: Farigiraf
|
|-fieldend|move: Trick Room
|upkeep
|
|t:|1757916670
|switch|p1b: Incineroar|Incineroar, L50, M, shiny|100/100
|-ability|p1b: Incineroar|Intimidate|boost
|-unboost|p2a: Volcarona|atk|1
|-unboost|p2b: Scizor|atk|1
|turn|6
|
|t:|1757916681
|move|p2a: Volcarona|Heat Wave|p1b: Incineroar
|-resisted|p1b: Incineroar
|-damage|p1b: Incineroar|64/100
|move|p1b: Incineroar|Flare Blitz|p2b: Scizor
|-supereffective|p2b: Scizor
|-damage|p2b: Scizor|0 fnt
|faint|p2b: Scizor
|-damage|p1b: Incineroar|38/100|[from] Recoil
|
|upkeep
|turn|7
|
|t:|1757916696
|move|p2a: Volcarona|Heat Wave|p1b: Incineroar
|-resisted|p1b: Incineroar
|-damage|p1b: Incineroar|3/100
|move|p1b: Incineroar|Flare Blitz|p2a: Volcarona
|-damage|p2a: Volcarona|0 fnt
|faint|p2a: Volcarona
|-damage|p1b: Incineroar|0 fnt|[from] Recoil
|faint|p1b: Incineroar
|
|win|Chaos16
|l|☆Trieshjan
|player|p2|
|raw|Chaos16's rating: 1153 → 1170(+17 for winning)
|raw|Trieshjan's rating: 1040 → 1029(-11 for losing)
|l|☆Chaos16
|player|p1|
