|j|☆Mupigg
|j|☆Surwiival
|html|MupiggSurwiival    
|uhtml|bestof|Game 2 of a best-of-3
|t:|1756308289
|gametype|doubles
|player|p1|Mupigg|266|1021
|player|p2|Surwiival|170|1090
|gen|9
|tier|[Gen 9] VGC 2025 Reg H (Bo3)
|rated|
|rule|Species Clause: Limit one of each Pokémon
|rule|Item Clause: Limit 1 of each item
|clearpoke
|poke|p1|Dragonite, L50, F|
|poke|p1|Kingambit, L50, M|
|poke|p1|Ninetales-Alola, L50, M|
|poke|p1|Incineroar, L50, M|
|poke|p1|Amoonguss, L50, M|
|poke|p1|Garchomp, L50, F|
|poke|p2|Incineroar, L50, M|
|poke|p2|Sneasler, L50, M|
|poke|p2|Kingambit, L50, F|
|poke|p2|Electabuzz, L50, F|
|poke|p2|Baxcalibur, L50, F|
|poke|p2|Primarina, L50, F|
|teampreview|4
|showteam|p1|Dragonite||LumBerry|Multiscale|TeraBlast,ExtremeSpeed,LowKick,Protect|||F|||50|,,,,,Flying]Kingambit||AssaultVest|Defiant|KowtowCleave,IronHead,LowKick,SuckerPunch|||M|||50|,,,,,Dark]Ninetales-Alola||FocusSash|SnowWarning|Blizzard,FreezeDry,Encore,Protect|||M|||50|,,,,,Ice]Incineroar||SafetyGoggles|Intimidate|FakeOut,FlareBlitz,KnockOff,PartingShot|||M|||50|,,,,,Ghost]Amoonguss||SitrusBerry|Regenerator|Spore,RagePowder,PollenPuff,ClearSmog|||M|||50|,,,,,Water]Garchomp||LifeOrb|RoughSkin|Earthquake,DragonClaw,StompingTantrum,Protect|||F|||50|,,,,,Steel
|showteam|p2|Incineroar||SitrusBerry|Intimidate|FakeOut,PartingShot,FlareBlitz,KnockOff|||M|||50|,,,,,Grass]Sneasler||FocusSash|Unburden|FakeOut,CloseCombat,DireClaw,Coaching|||M|||50|,,,,,Stellar]Kingambit||SafetyGoggles|Defiant|KowtowCleave,SuckerPunch,SwordsDance,Protect|||F|||50|,,,,,Ghost]Electabuzz||Eviolite|VitalSpirit|VoltSwitch,Taunt,FollowMe,Protect|||F|||50|,,,,,Ghost]Baxcalibur||LoadedDice|ThermalExchange|ScaleShot,IcicleSpear,IceShard,Protect|||F|||50|,,,,,Poison]Primarina||ThroatSpray|LiquidVoice|HyperVoice,Moonblast,Haze,Protect|||F|||50|,,,,,Water
|
|t:|1756308372
|teamsize|p1|4
|teamsize|p2|4
|start
|switch|p1a: Incineroar|Incineroar, L50, M|100/100
|switch|p1b: Amoonguss|Amoonguss, L50, M|100/100
|switch|p2a: Electabuzz|Electabuzz, L50, F|100/100
|switch|p2b: Primarina|Primarina, L50, F|100/100
|-ability|p1a: Incineroar|Intimidate|boost
|-unboost|p2a: Electabuzz|atk|1
|-unboost|p2b: Primarina|atk|1
|turn|1
|
|t:|1756308405
|move|p2b: Primarina|Protect|p2b: Primarina
|-singleturn|p2b: Primarina|Protect
|move|p1a: Incineroar|Fake Out|p2b: Primarina
|-activate|p2b: Primarina|move: Protect
|move|p2a: Electabuzz|Taunt|p1b: Amoonguss
|-start|p1b: Amoonguss|move: Taunt
|cant|p1b: Amoonguss|move: Taunt|Spore
|
|upkeep
|turn|2
|
|t:|1756308434
|switch|p1b: Ninetales|Ninetales-Alola, L50, M|100/100
|-weather|Snowscape|[from] ability: Snow Warning|[of] p1b: Ninetales
|-terastallize|p2b: Primarina|Water
|-terastallize|p1a: Incineroar|Ghost
|move|p2a: Electabuzz|Follow Me|p2a: Electabuzz
|-singleturn|p2a: Electabuzz|move: Follow Me
|move|p2b: Primarina|Hyper Voice|p1a: Incineroar|[spread] p1a,p1b
|-damage|p1a: Incineroar|71/100
|-damage|p1b: Ninetales|41/100
|-enditem|p2b: Primarina|Throat Spray
|-boost|p2b: Primarina|spa|1|[from] item: Throat Spray
|move|p1a: Incineroar|Knock Off|p2a: Electabuzz
|-damage|p2a: Electabuzz|67/100
|-enditem|p2a: Electabuzz|Eviolite|[from] move: Knock Off|[of] p1a: Incineroar
|
|-weather|Snowscape|[upkeep]
|upkeep
|turn|3
|
|t:|1756308457
|switch|p1a: Amoonguss|Amoonguss, L50, M|100/100
|move|p1b: Ninetales|Protect|p1b: Ninetales
|-singleturn|p1b: Ninetales|Protect
|move|p2a: Electabuzz|Follow Me|p2a: Electabuzz
|-singleturn|p2a: Electabuzz|move: Follow Me
|move|p2b: Primarina|Hyper Voice|p1a: Amoonguss|[spread] p1a
|-activate|p1b: Ninetales|move: Protect
|-resisted|p1a: Amoonguss
|-damage|p1a: Amoonguss|75/100
|
|-weather|Snowscape|[upkeep]
|upkeep
|turn|4
|
|t:|1756308489
|switch|p1a: Kingambit|Kingambit, L50, M|100/100
|move|p2b: Primarina|Protect|p2b: Primarina
|-singleturn|p2b: Primarina|Protect
|move|p1b: Ninetales|Freeze-Dry|p2b: Primarina
|-activate|p2b: Primarina|move: Protect
|move|p2a: Electabuzz|Taunt|p1a: Kingambit
|-start|p1a: Kingambit|move: Taunt
|
|-weather|Snowscape|[upkeep]
|upkeep
|turn|5
|
|t:|1756308505
|move|p1b: Ninetales|Protect|p1b: Ninetales
|-singleturn|p1b: Ninetales|Protect
|move|p2a: Electabuzz|Follow Me|p2a: Electabuzz
|-singleturn|p2a: Electabuzz|move: Follow Me
|move|p2b: Primarina|Hyper Voice|p1a: Kingambit|[spread] p1a
|-activate|p1b: Ninetales|move: Protect
|-crit|p1a: Kingambit
|-damage|p1a: Kingambit|31/100
|move|p1a: Kingambit|Kowtow Cleave|p2a: Electabuzz
|-damage|p2a: Electabuzz|3/100
|
|-weather|Snowscape|[upkeep]
|upkeep
|turn|6
|
|t:|1756308538
|switch|p1a: Amoonguss|Amoonguss, L50, M|100/100
|move|p1b: Ninetales|Protect||[still]
|-fail|p1b: Ninetales
|move|p2a: Electabuzz|Follow Me|p2a: Electabuzz
|-singleturn|p2a: Electabuzz|move: Follow Me
|move|p2b: Primarina|Hyper Voice|p1b: Ninetales|[spread] p1a,p1b
|-resisted|p1a: Amoonguss
|-damage|p1a: Amoonguss|76/100
|-damage|p1b: Ninetales|0 fnt
|faint|p1b: Ninetales
|
|-weather|none
|upkeep
|
|t:|1756308545
|switch|p1b: Incineroar|Incineroar, L50, M, tera:Ghost|71/100
|-ability|p1b: Incineroar|Intimidate|boost
|-unboost|p2a: Electabuzz|atk|1
|-unboost|p2b: Primarina|atk|1
|turn|7
|
|t:|1756308564
|move|p2a: Electabuzz|Protect|p2a: Electabuzz
|-singleturn|p2a: Electabuzz|Protect
|move|p2b: Primarina|Protect|p2b: Primarina
|-singleturn|p2b: Primarina|Protect
|move|p1b: Incineroar|Fake Out|p2a: Electabuzz
|-activate|p2a: Electabuzz|move: Protect
|move|p1a: Amoonguss|Pollen Puff|p1b: Incineroar
|-heal|p1b: Incineroar|100/100
|
|upkeep
|turn|8
|
|t:|1756308587
|switch|p1a: Kingambit|Kingambit, L50, M|31/100
|move|p2a: Electabuzz|Taunt|p1a: Kingambit
|-start|p1a: Kingambit|move: Taunt
|move|p2b: Primarina|Hyper Voice|p1b: Incineroar|[spread] p1a,p1b
|-damage|p1a: Kingambit|0 fnt
|-damage|p1b: Incineroar|55/100
|faint|p1a: Kingambit
|move|p1b: Incineroar|Knock Off|p2a: Electabuzz
|-damage|p2a: Electabuzz|0 fnt
|faint|p2a: Electabuzz
|
|upkeep
|c|☆Mupigg|ggwp
|
|t:|1756308603
|switch|p2a: Baxcalibur|Baxcalibur, L50, F|100/100
|switch|p1a: Amoonguss|Amoonguss, L50, M|100/100
|turn|9
|
|t:|1756308615
|move|p1b: Incineroar|Fake Out||[still]
|-hint|Fake Out only works on your first turn out.
|-fail|p1b: Incineroar
|move|p2a: Baxcalibur|Icicle Spear|p1a: Amoonguss
|-supereffective|p1a: Amoonguss
|-damage|p1a: Amoonguss|70/100
|-supereffective|p1a: Amoonguss
|-damage|p1a: Amoonguss|43/100
|-enditem|p1a: Amoonguss|Sitrus Berry|[eat]
|-heal|p1a: Amoonguss|68/100|[from] item: Sitrus Berry
|-supereffective|p1a: Amoonguss
|-damage|p1a: Amoonguss|38/100
|-supereffective|p1a: Amoonguss
|-damage|p1a: Amoonguss|8/100
|-hitcount|p1a: Amoonguss|4
|move|p2b: Primarina|Hyper Voice|p1b: Incineroar|[spread] p1a,p1b
|-resisted|p1a: Amoonguss
|-damage|p1a: Amoonguss|0 fnt
|-damage|p1b: Incineroar|9/100
|faint|p1a: Amoonguss
|
|upkeep
|turn|10
|-message|Mupigg forfeited.
|
|win|Surwiival
|raw|Mupigg's rating: 1021 → 1010(-11 for losing)
|raw|Surwiival's rating: 1090 → 1111(+21 for winning)
|l|☆Mupigg
|player|p1|
