|j|☆ShakenNBaken027
|j|☆TheZapapicoZoruas
|html|ShakenNBaken027TheZapapicoZoruas    
|uhtml|bestof|Game 2 of a best-of-3
|t:|1784596215
|gametype|doubles
|player|p1|ShakenNBaken027|wallace|
|player|p2|TheZapapicoZoruas|169|
|gen|9
|tier|[Gen 9 Champions] VGC 2026 Reg M-B (Bo3)
|rule|Species Clause: Limit one of each Pokémon
|rule|Item Clause: Limit 1 of each item
|clearpoke
|poke|p1|Floette-Eternal, L50, F|
|poke|p1|Sinistcha-Masterpiece, L50|
|poke|p1|Gardevoir, L50, F, shiny|
|poke|p1|Meowstic, L50, M|
|poke|p1|Houndoom, L50, F|
|poke|p1|Armarouge, L50, F|
|poke|p2|Corviknight, L50, F|
|poke|p2|Umbreon, L50, M|
|poke|p2|Scizor, L50, M|
|poke|p2|Chandelure, L50, F|
|poke|p2|Froslass, L50, F|
|poke|p2|Weavile, L50, M|
|teampreview|4
|showteam|p1|Floette-Eternal||Floettite|FlowerVeil|LightofRuin,DrainingKiss,Protect,EnergyBall|Timid||F|||50|]Sinistcha-Masterpiece||SitrusBerry|Hospitality|FoulPlay,ShadowBall,MatchaGotcha,RagePowder|Modest|||||50|]Gardevoir||Gardevoirite|Trace|Psychic,MysticalFire,HyperVoice,Protect|Timid||F|||50|]Meowstic||LightClay|Prankster|FakeOut,DarkPulse,LightScreen,ShadowBall|Hasty||M|||50|]Houndoom||QuickClaw|Unnerve|Flamethrower,DarkPulse,Protect,Roar|Timid||F|||50|]Armarouge||Leftovers|WeakArmor|ExpandingForce,HeatWave,ShadowBall,FlashCannon|Modest||F|||50|
|showteam|p2|Corviknight||LumBerry|MirrorArmor|BraveBird,Tailwind,IronHead,Roost|Impish||F|||50|]Umbreon||Leftovers|InnerFocus|Snarl,FoulPlay,Wish,Crunch|Sassy||M|||50|]Scizor||OccaBerry|Swarm|BugBuzz,KnockOff,Uturn,XScissor|Brave||M|||50|]Chandelure||SpellTag|FlashFire|ShadowBall,HeatWave,EnergyBall,DarkPulse|Timid||F|||50|]Froslass||Froslassite|CursedBody|Avalanche,Crunch,Reflect,DestinyBond|Jolly||F|||50|]Weavile||FocusSash|Pressure|TripleAxel,KnockOff,IceShard,Protect|Jolly||M|||50|
|
|t:|1784596257
|teamsize|p1|4
|teamsize|p2|4
|start
|switch|p1a: Houndoom|Houndoom, L50, F|100/100
|switch|p1b: Meowstic|Meowstic, L50, M|100/100
|switch|p2a: Scizor|Scizor, L50, M|100/100
|switch|p2b: Corviknight|Corviknight, L50, F|100/100
|-ability|p1a: Houndoom|Unnerve
|turn|1
|-activate|p1a: Houndoom|item: Quick Claw
|
|t:|1784596290
|move|p1b: Meowstic|Fake Out|p2b: Corviknight
|-resisted|p2b: Corviknight|1
|-damage|p2b: Corviknight|98/100
|move|p1a: Houndoom|Flamethrower|p2a: Scizor
|-supereffective|p2a: Scizor|2
|-damage|p2a: Scizor|0 fnt
|faint|p2a: Scizor
|cant|p2b: Corviknight|flinch
|
|upkeep
|
|t:|1784596310
|switch|p2a: Weavile|Weavile, L50, M|100/100
|-ability|p2a: Weavile|Pressure
|turn|2
|
|t:|1784596352
|move|p2a: Weavile|Knock Off|p1b: Meowstic
|-supereffective|p1b: Meowstic|1
|-damage|p1b: Meowstic|0 fnt
|-enditem|p1b: Meowstic|Light Clay|[from] move: Knock Off|[of] p2a: Weavile
|faint|p1b: Meowstic
|move|p1a: Houndoom|Flamethrower|p2a: Weavile
|-supereffective|p2a: Weavile|1
|-enditem|p2a: Weavile|Focus Sash
|-damage|p2a: Weavile|1/100
|move|p2b: Corviknight|Brave Bird|p1a: Houndoom
|-damage|p1a: Houndoom|21/100
|-damage|p2b: Corviknight|79/100|[from] Recoil
|
|upkeep
|
|t:|1784596383
|switch|p1b: Armarouge|Armarouge, L50, F|100/100
|turn|3
|-activate|p1a: Houndoom|item: Quick Claw
|
|t:|1784596402
|move|p1a: Houndoom|Flamethrower|p2b: Corviknight
|-supereffective|p2b: Corviknight|1
|-damage|p2b: Corviknight|0 fnt
|faint|p2b: Corviknight
|move|p2a: Weavile|Knock Off|p1b: Armarouge
|-supereffective|p1b: Armarouge|1
|-damage|p1b: Armarouge|3/100
|-ability|p1b: Armarouge|Weak Armor|boost
|-unboost|p1b: Armarouge|def|1
|-boost|p1b: Armarouge|spe|2
|-enditem|p1b: Armarouge|Leftovers|[from] move: Knock Off|[of] p2a: Weavile
|move|p1b: Armarouge|Heat Wave|p2a: Weavile
|-supereffective|p2a: Weavile|1
|-damage|p2a: Weavile|0 fnt
|faint|p2a: Weavile
|
|upkeep
|
|t:|1784596408
|switch|p2b: Umbreon|Umbreon, L50, M|100/100
|turn|4
|
|t:|1784596425
|move|p1b: Armarouge|Heat Wave|p2b: Umbreon
|-damage|p2b: Umbreon|71/100
|move|p1a: Houndoom|Flamethrower|p2b: Umbreon
|-damage|p2b: Umbreon|47/100
|-status|p2b: Umbreon|brn
|move|p2b: Umbreon|Foul Play|p1b: Armarouge
|-supereffective|p1b: Armarouge|1
|-damage|p1b: Armarouge|0 fnt
|faint|p1b: Armarouge
|
|-heal|p2b: Umbreon|52/100 brn|[from] item: Leftovers
|-damage|p2b: Umbreon|47/100 brn|[from] brn
|upkeep
|
|t:|1784596440
|switch|p1b: Gardevoir|Gardevoir, L50, F, shiny|100/100
|-ability|p1b: Gardevoir|Inner Focus|Trace|[from] ability: Trace|[of] p2b: Umbreon
|turn|5
|-activate|p1a: Houndoom|item: Quick Claw
|
|t:|1784596458
|detailschange|p1b: Gardevoir|Gardevoir-Mega, L50, F, shiny
|-mega|p1b: Gardevoir|Gardevoir|Gardevoirite
|move|p1a: Houndoom|Protect|p1a: Houndoom
|-singleturn|p1a: Houndoom|Protect
|move|p1b: Gardevoir|Hyper Voice|p2b: Umbreon
|-supereffective|p2b: Umbreon|1
|-crit|p2b: Umbreon
|-damage|p2b: Umbreon|0 fnt
|faint|p2b: Umbreon
|
|win|ShakenNBaken027
