|j|☆NoitUK_VGC
|j|☆n-da-npc
|html|NoitUK_VGCn-da-npc    
|uhtml|bestof|Game 1 of a best-of-3
|t:|1784835151
|gametype|doubles
|player|p1|NoitUK_VGC|102|1177
|player|p2|n-da-npc|nate|1186
|gen|9
|tier|[Gen 9 Champions] VGC 2026 Reg M-B (Bo3)
|rated|
|rule|Species Clause: Limit one of each Pokémon
|rule|Item Clause: Limit 1 of each item
|clearpoke
|poke|p1|Gengar, L50, M|
|poke|p1|Ninetales-Alola, L50, M|
|poke|p1|Incineroar, L50, M|
|poke|p1|Kingambit, L50, M|
|poke|p1|Staraptor, L50, M|
|poke|p1|Garchomp, L50, M|
|poke|p2|Gourgeist-Super, L50, F|
|poke|p2|Scrafty, L50, M|
|poke|p2|Tyranitar, L50, M|
|poke|p2|Garchomp, L50, M|
|poke|p2|Sylveon, L50, F|
|poke|p2|Tinkaton, L50, F|
|teampreview|4
|showteam|p1|Gengar||Gengarite|CursedBody|ShadowBall,SludgeBomb,Protect,PerishSong|Timid||M|||50|]Ninetales-Alola||NeverMeltIce|SnowWarning|Blizzard,Encore,Protect,Disable|Timid||M|||50|]Incineroar||SitrusBerry|Intimidate|FlareBlitz,PartingShot,Protect,FakeOut|Relaxed||M|||50|]Kingambit||BlackGlasses|Defiant|KowtowCleave,SuckerPunch,Protect,LowKick|Adamant||M|||50|]Staraptor||ChoiceScarf|Intimidate|FinalGambit,CloseCombat,BraveBird,Uturn|Jolly||M|||50|]Garchomp||LifeOrb|RoughSkin|Protect,RockSlide,StompingTantrum,DragonClaw|Adamant||M|||50|
|showteam|p2|Gourgeist-Super||ColburBerry|Insomnia|TrickorTreat,SkillSwap,TrickRoom,WillOWisp|Sassy||F|||50|]Scrafty||SitrusBerry|Intimidate|FakeOut,CloseCombat,Coaching,Protect|Careful||M|||50|]Tyranitar||Tyranitarite|SandStream|Protect,KnockOff,RockSlide,Curse|Relaxed||M|||50|]Garchomp||Garchompite|RoughSkin|Protect,Earthquake,IronHead,RockSlide|Brave||M|||50|]Sylveon||FairyFeather|Pixilate|Protect,HyperVoice,HyperBeam,Yawn|Quiet||F|||50|]Tinkaton||FocusSash|MoldBreaker|Protect,FakeOut,GigatonHammer,Feint|Brave||F|||50|
|inactive|Battle timer is ON: inactive players will automatically lose when time's up. (requested by n-da-npc)
|inactive|NoitUK_VGC has 60 seconds left.
|inactive|n-da-npc has 60 seconds left.
|inactive|NoitUK_VGC has 30 seconds left.
|inactive|NoitUK_VGC has 20 seconds left.
|
|t:|1784835223
|teamsize|p1|4
|teamsize|p2|4
|start
|switch|p1a: Gengar|Gengar, L50, M|100/100
|switch|p1b: Staraptor|Staraptor, L50, M|100/100
|switch|p2a: setter 1|Gourgeist-Super, L50, F|100/100
|switch|p2b: menace 1|Tyranitar, L50, M|100/100
|-ability|p1b: Staraptor|Intimidate|boost
|-unboost|p2a: setter 1|atk|1
|-unboost|p2b: menace 1|atk|1
|-weather|Sandstorm|[from] ability: Sand Stream|[of] p2b: menace 1
|turn|1
|inactive|NoitUK_VGC has 30 seconds left.
|inactive|NoitUK_VGC has 20 seconds left.
|
|t:|1784835258
|detailschange|p1a: Gengar|Gengar-Mega, L50, M
|-mega|p1a: Gengar|Gengar|Gengarite
|move|p1b: Staraptor|U-turn|p2a: setter 1
|-damage|p2a: setter 1|84/100
|
|t:|1784835262
|switch|p1b: Incineroar|Incineroar, L50, M|100/100|[from] U-turn
|-ability|p1b: Incineroar|Intimidate|boost
|-unboost|p2a: setter 1|atk|1
|-unboost|p2b: menace 1|atk|1
|move|p1a: Gengar|Shadow Ball|p2a: setter 1
|-supereffective|p2a: setter 1|1
|-damage|p2a: setter 1|5/100
|move|p2b: menace 1|Knock Off|p1a: Gengar
|-supereffective|p1a: Gengar|1
|-damage|p1a: Gengar|67/100
|move|p2a: setter 1|Trick Room|p2a: setter 1
|-fieldstart|move: Trick Room|[of] p2a: setter 1
|
|-weather|Sandstorm|[upkeep]
|-damage|p2a: setter 1|0 fnt|[from] Sandstorm
|-damage|p1b: Incineroar|94/100|[from] Sandstorm
|-damage|p1a: Gengar|61/100|[from] Sandstorm
|faint|p2a: setter 1
|upkeep
|
|t:|1784835279
|switch|p2a: menace 2|Garchomp, L50, M|100/100
|turn|2
|
|t:|1784835293
|move|p2b: menace 1|Protect|p2b: menace 1
|-singleturn|p2b: menace 1|Protect
|move|p2a: menace 2|Protect|p2a: menace 2
|-singleturn|p2a: menace 2|Protect
|move|p1a: Gengar|Protect|p1a: Gengar
|-singleturn|p1a: Gengar|Protect
|move|p1b: Incineroar|Parting Shot|p2a: menace 2
|-activate|p2a: menace 2|move: Protect
|
|-weather|Sandstorm|[upkeep]
|-damage|p1b: Incineroar|88/100|[from] Sandstorm
|-damage|p1a: Gengar|55/100|[from] Sandstorm
|upkeep
|turn|3
|
|t:|1784835307
|switch|p1a: Staraptor|Staraptor, L50, M|100/100
|-ability|p1a: Staraptor|Intimidate|boost
|-unboost|p2a: menace 2|atk|1
|-unboost|p2b: menace 1|atk|1
|detailschange|p2a: menace 2|Garchomp-Mega, L50, M
|-mega|p2a: menace 2|Garchomp|Garchompite
|move|p1b: Incineroar|Parting Shot|p2a: menace 2
|-unboost|p2a: menace 2|atk|1
|-unboost|p2a: menace 2|spa|1
|
|t:|1784835316
|switch|p1b: Kingambit|Kingambit, L50, M|100/100|[from] Parting Shot
|move|p2b: menace 1|Rock Slide|p1a: Staraptor|[spread] p1a,p1b
|-supereffective|p1a: Staraptor|1
|-resisted|p1b: Kingambit|1
|-damage|p1a: Staraptor|75/100
|-damage|p1b: Kingambit|96/100
|move|p2a: menace 2|Rock Slide|p1b: Kingambit|[spread] p1a,p1b
|-supereffective|p1a: Staraptor|1
|-resisted|p1b: Kingambit|1
|-damage|p1a: Staraptor|35/100
|-damage|p1b: Kingambit|90/100
|
|-weather|Sandstorm|[upkeep]
|-damage|p1a: Staraptor|29/100|[from] Sandstorm
|upkeep
|turn|4
|inactive|n-da-npc has 30 seconds left.
|
|t:|1784835343
|switch|p2b: not a menace|Sylveon, L50, F|100/100
|switch|p1a: Incineroar|Incineroar, L50, M|88/100
|-ability|p1a: Incineroar|Intimidate|boost
|-unboost|p2a: menace 2|atk|1
|-unboost|p2b: not a menace|atk|1
|move|p1b: Kingambit|Low Kick|p2b: not a menace
|-resisted|p2b: not a menace|1
|-damage|p2b: not a menace|90/100
|move|p2a: menace 2|Earthquake|p1a: Incineroar|[spread] p2b,p1a,p1b
|-supereffective|p1a: Incineroar|1
|-supereffective|p1b: Kingambit|1
|-damage|p2b: not a menace|56/100
|-damage|p1a: Incineroar|48/100
|-damage|p1b: Kingambit|46/100
|-enditem|p1a: Incineroar|Sitrus Berry|[eat]
|-heal|p1a: Incineroar|73/100|[from] item: Sitrus Berry
|
|-weather|Sandstorm|[upkeep]
|-damage|p1a: Incineroar|67/100|[from] Sandstorm
|-damage|p2b: not a menace|50/100g|[from] Sandstorm
|upkeep
|turn|5
|inactive|NoitUK_VGC has 30 seconds left.
|
|t:|1784835376
|switch|p2a: menace 1|Tyranitar, L50, M|100/100
|move|p2b: not a menace|Protect|p2b: not a menace
|-singleturn|p2b: not a menace|Protect
|move|p1a: Incineroar|Fake Out|p2b: not a menace
|-activate|p2b: not a menace|move: Protect
|move|p1b: Kingambit|Kowtow Cleave|p2a: menace 1
|-resisted|p2a: menace 1|1
|-damage|p2a: menace 1|81/100
|
|-weather|none
|-fieldend|move: Trick Room
|upkeep
|turn|6
|
|t:|1784835396
|move|p2a: menace 1|Protect|p2a: menace 1
|-singleturn|p2a: menace 1|Protect
|move|p1b: Kingambit|Low Kick|p2a: menace 1
|-activate|p2a: menace 1|move: Protect
|move|p1a: Incineroar|Parting Shot|p2a: menace 1
|-activate|p2a: menace 1|move: Protect
|move|p2b: not a menace|Hyper Voice|p1a: Incineroar|[spread] p1a,p1b
|-damage|p1a: Incineroar|26/100
|-damage|p1b: Kingambit|0 fnt
|faint|p1b: Kingambit
|
|upkeep
|
|t:|1784835407
|switch|p1b: Gengar|Gengar-Mega, L50, M|55/100
|turn|7
|
|t:|1784835418
|move|p2b: not a menace|Protect|p2b: not a menace
|-singleturn|p2b: not a menace|Protect
|move|p1b: Gengar|Perish Song|p1b: Gengar
|-start|p1a: Incineroar|perish3|[silent]
|-start|p1b: Gengar|perish3|[silent]
|-start|p2a: menace 1|perish3|[silent]
|-start|p2b: not a menace|perish3|[silent]
|-fieldactivate|move: Perish Song
|move|p2a: menace 1|Knock Off|p1b: Gengar
|-supereffective|p1b: Gengar|1
|-damage|p1b: Gengar|0 fnt
|faint|p1b: Gengar
|move|p1a: Incineroar|Flare Blitz|p2b: not a menace
|-activate|p2b: not a menace|move: Protect
|
|-start|p2b: not a menace|perish3
|-start|p2a: menace 1|perish3
|-start|p1a: Incineroar|perish3
|upkeep
|
|t:|1784835430
|switch|p1b: Staraptor|Staraptor, L50, M|29/100
|-ability|p1b: Staraptor|Intimidate|boost
|-unboost|p2a: menace 1|atk|1
|-unboost|p2b: not a menace|atk|1
|turn|8
|
|t:|1784835446
|move|p1b: Staraptor|Close Combat|p2b: not a menace
|-resisted|p2b: not a menace|1
|-damage|p2b: not a menace|28/100
|-unboost|p1b: Staraptor|def|1
|-unboost|p1b: Staraptor|spd|1
|move|p2a: menace 1|Rock Slide|p1a: Incineroar|[spread] p1a,p1b
|-supereffective|p1a: Incineroar|1
|-supereffective|p1b: Staraptor|1
|-damage|p1a: Incineroar|1/100
|-damage|p1b: Staraptor|0 fnt
|faint|p1b: Staraptor
|move|p1a: Incineroar|Flare Blitz|p2b: not a menace
|-crit|p2b: not a menace
|-damage|p2b: not a menace|0 fnt
|faint|p2b: not a menace
|-damage|p1a: Incineroar|0 fnt|[from] Recoil
|faint|p1a: Incineroar
|
|win|n-da-npc
|inactive|NoitUK_VGC has 30 seconds to confirm battle start!
|inactive|n-da-npc has 30 seconds to confirm battle start!
||n-da-npc is ready for game 2.
