|j|☆exessvgc
|j|☆gluconfix
|html|exessvgcgluconfix    
|uhtml|bestof|Game 3 of a best-of-3
|t:|1782391454
|gametype|doubles
|player|p1|exessvgc|lucas|1149
|player|p2|gluconfix|proton|1060
|gen|9
|tier|[Gen 9 Champions] VGC 2026 Reg M-B (Bo3)
|rated|
|rule|Species Clause: Limit one of each Pokémon
|rule|Item Clause: Limit 1 of each item
|clearpoke
|poke|p1|Charizard, L50, M|
|poke|p1|Sneasler, L50, F|
|poke|p1|Farigiraf, L50, F|
|poke|p1|Aerodactyl, L50, F|
|poke|p1|Kingambit, L50, M|
|poke|p1|Sylveon, L50, M|
|poke|p2|Froslass, L50, F, shiny|
|poke|p2|Drampa, L50, M|
|poke|p2|Charizard, L50, F, shiny|
|poke|p2|Ceruledge, L50, M, shiny|
|poke|p2|Politoed, L50, F|
|poke|p2|Palafin, L50, M, shiny|
|teampreview|4
|showteam|p1|Charizard||CharizarditeX|Blaze|DragonDance,DragonClaw,FlareBlitz,Protect|Jolly||M|||50|]Sneasler||WhiteHerb|Unburden|FakeOut,Protect,CloseCombat,DireClaw|Jolly||F|||50|]Farigiraf||SitrusBerry|ArmorTail|TrickRoom,Thunderbolt,HelpingHand,TwinBeam|Calm||F|||50|]Aerodactyl||FocusSash|Unnerve|RockSlide,Tailwind,DualWingbeat,Protect|Jolly||F|||50|]Kingambit||LifeOrb|Defiant|KowtowCleave,SuckerPunch,IronHead,Protect|Brave||M|||50|]Sylveon||FairyFeather|Pixilate|HyperVoice,HyperBeam,Protect,QuickAttack|Quiet||M|||50|
|showteam|p2|Froslass||Froslassite|CursedBody|AuroraVeil,Blizzard,IcyWind,WillOWisp|Timid||F|||50|]Drampa||LifeOrb|Berserk|Blizzard,CalmMind,HeatWave,Hurricane|Modest||M|||50|]Charizard||CharizarditeY|Blaze|Protect,Roost,HeatWave,SolarBeam|Modest||F|||50|]Ceruledge||ExpertBelt|WeakArmor|BitterBlade,CloseCombat,Curse,Poltergeist|Jolly||M|||50|]Politoed||Leftovers|Drizzle|HydroPump,Haze,Protect,IceBeam|Calm||F|||50|]Palafin||ChoiceScarf|ZerotoHero|FlipTurn,Liquidation,BodySlam,DrainPunch|Jolly||M|||50|
|inactive|Battle timer is ON: inactive players will automatically lose when time's up. (requested by gluconfix)
|
|t:|1782391466
|teamsize|p1|4
|teamsize|p2|4
|start
|switch|p1a: DINOSAUVO|Aerodactyl, L50, F|100/100
|switch|p1b: LA GIRAFFA|Farigiraf, L50, F|100/100
|switch|p2a: Froslass|Froslass, L50, F, shiny|100/100
|switch|p2b: Drampa|Drampa, L50, M|100/100
|-ability|p1a: DINOSAUVO|Unnerve
|turn|1
|
|t:|1782391480
|detailschange|p2a: Froslass|Froslass-Mega, L50, F, shiny
|-mega|p2a: Froslass|Froslass|Froslassite
|-weather|Snowscape|[from] ability: Snow Warning|[of] p2a: Froslass
|move|p1b: LA GIRAFFA|Helping Hand|p1a: DINOSAUVO
|-singleturn|p1a: DINOSAUVO|Helping Hand|[of] p1b: LA GIRAFFA
|move|p1a: DINOSAUVO|Rock Slide|p2b: Drampa|[spread] p2a,p2b
|-supereffective|p2a: Froslass|1
|-crit|p2a: Froslass
|-damage|p2a: Froslass|0 fnt
|-damage|p2b: Drampa|55/100
|faint|p2a: Froslass
|move|p2b: Drampa|Calm Mind|p2b: Drampa
|-boost|p2b: Drampa|spa|1
|-boost|p2b: Drampa|spd|1
|
|-weather|Snowscape|[upkeep]
|upkeep
|
|t:|1782391494
|switch|p2a: Palafin|Palafin, L50, M, shiny|100/100
|turn|2
|
|t:|1782391506
|move|p2a: Palafin|Flip Turn|p1a: DINOSAUVO
|-supereffective|p1a: DINOSAUVO|1
|-damage|p1a: DINOSAUVO|33/100
|
|t:|1782391513
|detailschange|p2a: Palafin|Palafin-Hero, L50, M, shiny
|switch|p2a: Politoed|Politoed, L50, F|100/100|[from] Flip Turn
|-weather|RainDance|[from] ability: Drizzle|[of] p2a: Politoed
|move|p1a: DINOSAUVO|Tailwind|p1a: DINOSAUVO
|-sidestart|p1: exessvgc|move: Tailwind
|move|p1b: LA GIRAFFA|Thunderbolt|p2a: Politoed
|-supereffective|p2a: Politoed|1
|-damage|p2a: Politoed|69/100
|move|p2b: Drampa|Blizzard|p1a: DINOSAUVO|[spread] p1a
|-miss|p2b: Drampa|p1b: LA GIRAFFA
|-supereffective|p1a: DINOSAUVO|1
|-damage|p1a: DINOSAUVO|0 fnt
|faint|p1a: DINOSAUVO
|-damage|p2b: Drampa|45/100|[from] item: Life Orb
|
|-weather|RainDance|[upkeep]
|-heal|p2a: Politoed|75/100|[from] item: Leftovers
|upkeep
|
|t:|1782391528
|switch|p1a: Sylveon|Sylveon, L50, M|100/100
|turn|3
|
|t:|1782391539
|move|p1b: LA GIRAFFA|Thunderbolt|p2a: Politoed
|-supereffective|p2a: Politoed|1
|-damage|p2a: Politoed|43/100
|move|p1a: Sylveon|Hyper Voice|p2a: Politoed|[spread] p2a,p2b
|-supereffective|p2b: Drampa|1
|-damage|p2a: Politoed|12/100
|-damage|p2b: Drampa|0 fnt
|faint|p2b: Drampa
|move|p2a: Politoed|Hydro Pump|p1a: Sylveon
|-damage|p1a: Sylveon|57/100
|
|-weather|RainDance|[upkeep]
|-heal|p2a: Politoed|18/100|[from] item: Leftovers
|upkeep
|
|t:|1782391550
|switch|p2b: Palafin|Palafin-Hero, L50, M, shiny|100/100
|-activate|p2b: Palafin|ability: Zero to Hero
|turn|4
|
|t:|1782391565
|move|p1a: Sylveon|Protect|p1a: Sylveon
|-singleturn|p1a: Sylveon|Protect
|move|p2b: Palafin|Liquidation|p1a: Sylveon
|-activate|p1a: Sylveon|move: Protect
|move|p1b: LA GIRAFFA|Thunderbolt|p2b: Palafin
|-supereffective|p2b: Palafin|1
|-damage|p2b: Palafin|52/100
|move|p2a: Politoed|Hydro Pump|p1b: LA GIRAFFA|[miss]
|-miss|p2a: Politoed|p1b: LA GIRAFFA
|
|-weather|RainDance|[upkeep]
|-heal|p2a: Politoed|24/100|[from] item: Leftovers
|upkeep
|turn|5
|
|t:|1782391578
|move|p1a: Sylveon|Quick Attack|p2b: Palafin
|-damage|p2b: Palafin|38/100
|move|p2b: Palafin|Liquidation|p1a: Sylveon
|-damage|p1a: Sylveon|0 fnt
|faint|p1a: Sylveon
|move|p1b: LA GIRAFFA|Thunderbolt|p2b: Palafin
|-supereffective|p2b: Palafin|1
|-damage|p2b: Palafin|0 fnt
|faint|p2b: Palafin
|move|p2a: Politoed|Hydro Pump|p1b: LA GIRAFFA
|-damage|p1b: LA GIRAFFA|53/100
|
|-weather|RainDance|[upkeep]
|-heal|p2a: Politoed|30/100|[from] item: Leftovers
|-sideend|p1: exessvgc|move: Tailwind
|upkeep
|
|t:|1782391586
|switch|p1a: EXESS|Charizard, L50, M|100/100
|turn|6
|
|t:|1782391592
|detailschange|p1a: EXESS|Charizard-Mega-X, L50, M
|-mega|p1a: EXESS|Charizard|Charizardite X
|move|p1a: EXESS|Dragon Claw|p2a: Politoed
|-damage|p2a: Politoed|0 fnt
|faint|p2a: Politoed
|
|win|exessvgc
|raw|exessvgc's rating: 1149 → 1168(+19 for winning)
|raw|gluconfix's rating: 1060 → 1046(-14 for losing)
|l|☆gluconfix
|player|p2|
