|j|☆Ake295
|j|☆Jaybee394
|html|Ake295Jaybee394    
|uhtml|bestof|Game 1 of a best-of-3
|t:|1757667878
|gametype|doubles
|player|p1|Ake295|266|1112
|player|p2|Jaybee394|265|1096
|gen|9
|tier|[Gen 9] VGC 2025 Reg H (Bo3)
|rated|
|rule|Species Clause: Limit one of each Pokémon
|rule|Item Clause: Limit 1 of each item
|clearpoke
|poke|p1|Kingambit, L50, F|
|poke|p1|Rillaboom, L50, M|
|poke|p1|Electabuzz, L50, F|
|poke|p1|Sneasler, L50, M|
|poke|p1|Dragonite, L50, F|
|poke|p1|Volcarona, L50, F|
|poke|p2|Volcarona, L50, F|
|poke|p2|Ninetales-Alola, L50, M|
|poke|p2|Kingambit, L50, M|
|poke|p2|Rillaboom, L50, F|
|poke|p2|Sneasler, L50, M|
|poke|p2|Electabuzz, L50, M|
|teampreview|4
|showteam|p1|Kingambit||BlackGlasses|Defiant|KowtowCleave,SuckerPunch,SwordsDance,Protect|||F|||50|,,,,,Ghost]Rillaboom||AssaultVest|GrassySurge|WoodHammer,GrassyGlide,FakeOut,HighHorsepower|||M|||50|,,,,,Fire]Electabuzz||Eviolite|VitalSpirit|Electroweb,Taunt,FollowMe,Protect|||F|||50|,,,,,Ghost]Sneasler||FocusSash|PoisonTouch|CloseCombat,DireClaw,FakeOut,Coaching|||M|||50|,,,,,Stellar]Dragonite||LoadedDice|Multiscale|Protect,ScaleShot,Haze,ExtremeSpeed|||F|||50|,,,,,Fairy]Volcarona||Leftovers|FlameBody|HeatWave,TeraBlast,QuiverDance,Protect|||F|||50|,,,,,Fairy
|showteam|p2|Volcarona||LifeOrb|FlameBody|HeatWave,TeraBlast,Protect,QuiverDance|||F|||50|,,,,,Water]Ninetales-Alola||ChoiceSpecs|SnowWarning|Blizzard,Moonblast,AuroraVeil,FreezeDry|||M|||50|,,,,,Water]Kingambit||SafetyGoggles|Defiant|SuckerPunch,KowtowCleave,Protect,SwordsDance|||M|||50|,,,,,Dark]Rillaboom||AssaultVest|GrassySurge|WoodHammer,GrassyGlide,FakeOut,HighHorsepower|||F|||50|,,,,,Fire]Sneasler||FocusSash|Unburden|DireClaw,CloseCombat,FakeOut,Protect|||M|||50|,,,,,Stellar]Electabuzz||Eviolite|VitalSpirit|Electroweb,FollowMe,Taunt,Protect|||M|||50|,,,,,Ghost
|inactive|Battle timer is ON: inactive players will automatically lose when time's up. (requested by Ake295)
|inactive|Jaybee394 has 60 seconds left.
|
|t:|1757667993
|teamsize|p1|4
|teamsize|p2|4
|start
|switch|p1a: Volcarona|Volcarona, L50, F|100/100
|switch|p1b: Sneasler|Sneasler, L50, M|100/100
|switch|p2a: Sneasler|Sneasler, L50, M|100/100
|switch|p2b: Volcarona|Volcarona, L50, F|100/100
|turn|1
|inactive|Jaybee394 has 30 seconds left.
|
|t:|1757668024
|move|p2a: Sneasler|Fake Out|p1b: Sneasler
|-damage|p1b: Sneasler|75/100
|cant|p1b: Sneasler|flinch
|move|p2b: Volcarona|Quiver Dance|p2b: Volcarona
|-boost|p2b: Volcarona|spa|1
|-boost|p2b: Volcarona|spd|1
|-boost|p2b: Volcarona|spe|1
|move|p1a: Volcarona|Quiver Dance|p1a: Volcarona
|-boost|p1a: Volcarona|spa|1
|-boost|p1a: Volcarona|spd|1
|-boost|p1a: Volcarona|spe|1
|
|upkeep
|turn|2
|inactive|Jaybee394 has 30 seconds left.
|
|t:|1757668058
|move|p2b: Volcarona|Heat Wave|p1a: Volcarona|[spread] p1a,p1b
|-damage|p1a: Volcarona|65/100
|-damage|p1b: Sneasler|0 fnt
|faint|p1b: Sneasler
|-damage|p2b: Volcarona|91/100|[from] item: Life Orb
|move|p1a: Volcarona|Heat Wave|p2b: Volcarona|[spread] p2a,p2b
|-crit|p2b: Volcarona
|-damage|p2a: Sneasler|20/100
|-damage|p2b: Volcarona|14/100
|-status|p2a: Sneasler|brn
|move|p2a: Sneasler|Dire Claw|p1a: Volcarona
|-damage|p1a: Volcarona|41/100
|
|-heal|p1a: Volcarona|47/100|[from] item: Leftovers
|-damage|p2a: Sneasler|14/100 brn|[from] brn
|upkeep
|
|t:|1757668073
|switch|p1b: Rillaboom|Rillaboom, L50, M|100/100
|-fieldstart|move: Grassy Terrain|[from] ability: Grassy Surge|[of] p1b: Rillaboom
|turn|3
|
|t:|1757668097
|-terastallize|p1b: Rillaboom|Fire
|move|p2b: Volcarona|Protect|p2b: Volcarona
|-singleturn|p2b: Volcarona|Protect
|move|p1a: Volcarona|Quiver Dance|p1a: Volcarona
|-boost|p1a: Volcarona|spa|1
|-boost|p1a: Volcarona|spd|1
|-boost|p1a: Volcarona|spe|1
|move|p2a: Sneasler|Dire Claw|p1b: Rillaboom
|-damage|p1b: Rillaboom|81/100
|move|p1b: Rillaboom|High Horsepower|p2b: Volcarona
|-activate|p2b: Volcarona|move: Protect
|
|-heal|p1a: Volcarona|53/100|[from] Grassy Terrain
|-heal|p1a: Volcarona|59/100|[from] item: Leftovers
|-heal|p2b: Volcarona|20/100|[from] Grassy Terrain
|-heal|p2a: Sneasler|20/100 brn|[from] Grassy Terrain
|-heal|p1b: Rillaboom|87/100|[from] Grassy Terrain
|-damage|p2a: Sneasler|14/100 brn|[from] brn
|upkeep
|turn|4
|inactive|Ake295 has 30 seconds left.
|inactive|Jaybee394 has 30 seconds left.
|inactive|Jaybee394 has 20 seconds left.
|inactive|Jaybee394 has 15 seconds left.
|inactive|Jaybee394 has 10 seconds left.
|
|t:|1757668143
|move|p2b: Volcarona|Protect||[still]
|-fail|p2b: Volcarona
|move|p1b: Rillaboom|Grassy Glide|p2a: Sneasler
|-resisted|p2a: Sneasler
|-damage|p2a: Sneasler|0 fnt
|faint|p2a: Sneasler
|move|p1a: Volcarona|Tera Blast|p2b: Volcarona
|-damage|p2b: Volcarona|0 fnt
|faint|p2b: Volcarona
|
|-heal|p1a: Volcarona|66/100|[from] Grassy Terrain
|-heal|p1a: Volcarona|72/100|[from] item: Leftovers
|-heal|p1b: Rillaboom|93/100|[from] Grassy Terrain
|upkeep
|
|t:|1757668157
|switch|p2a: Ninetales|Ninetales-Alola, L50, M|100/100
|switch|p2b: Rillaboom|Rillaboom, L50, F|100/100
|-weather|Snowscape|[from] ability: Snow Warning|[of] p2a: Ninetales
|turn|5
|inactive|Ake295 has 30 seconds left.
|
|t:|1757668186
|-terastallize|p2a: Ninetales|Water
|move|p1a: Volcarona|Protect|p1a: Volcarona
|-singleturn|p1a: Volcarona|Protect
|move|p2b: Rillaboom|Fake Out|p1b: Rillaboom
|-damage|p1b: Rillaboom|80/100
|move|p2a: Ninetales|Blizzard|p1b: Rillaboom|[spread] p1b
|-activate|p1a: Volcarona|move: Protect
|-resisted|p1b: Rillaboom
|-damage|p1b: Rillaboom|66/100
|cant|p1b: Rillaboom|flinch
|
|-weather|Snowscape|[upkeep]
|-heal|p1a: Volcarona|78/100|[from] Grassy Terrain
|-heal|p1a: Volcarona|84/100|[from] item: Leftovers
|-heal|p1b: Rillaboom|72/100|[from] Grassy Terrain
|upkeep
|turn|6
|
|t:|1757668208
|move|p1a: Volcarona|Heat Wave|p2a: Ninetales|[spread] p2a,p2b
|-resisted|p2a: Ninetales
|-supereffective|p2b: Rillaboom
|-damage|p2a: Ninetales|68/100
|-damage|p2b: Rillaboom|5/100
|move|p2a: Ninetales|Blizzard|p1b: Rillaboom|[spread] p1a,p1b
|-resisted|p1a: Volcarona
|-resisted|p1b: Rillaboom
|-damage|p1a: Volcarona|77/100
|-damage|p1b: Rillaboom|59/100
|move|p1b: Rillaboom|Wood Hammer|p2a: Ninetales
|-supereffective|p2a: Ninetales
|-damage|p2a: Ninetales|0 fnt
|faint|p2a: Ninetales
|-damage|p1b: Rillaboom|39/100|[from] Recoil
|move|p2b: Rillaboom|High Horsepower|p1a: Volcarona
|-damage|p1a: Volcarona|40/100
|
|-weather|Snowscape|[upkeep]
|-heal|p1a: Volcarona|46/100|[from] Grassy Terrain
|-heal|p1a: Volcarona|52/100|[from] item: Leftovers
|-heal|p1b: Rillaboom|45/100|[from] Grassy Terrain
|-heal|p2b: Rillaboom|11/100|[from] Grassy Terrain
|upkeep
|turn|7
|
|t:|1757668230
|move|p1b: Rillaboom|Grassy Glide|p2b: Rillaboom
|-resisted|p2b: Rillaboom
|-damage|p2b: Rillaboom|0 fnt
|faint|p2b: Rillaboom
|
|win|Ake295
||Ake295 is ready for game 2.
||Jaybee394 is ready for game 2.
|uhtml|next|Next: Game 2 of 3
