|j|☆Crystneel
|j|☆Maxblueface
|html|CrystneelMaxblueface    
|uhtml|bestof|Game 1 of a best-of-3
|t:|1756925163
|gametype|doubles
|player|p1|Crystneel|101|1110
|player|p2|Maxblueface|265|1045
|gen|9
|tier|[Gen 9] VGC 2025 Reg H (Bo3)
|rated|
|rule|Species Clause: Limit one of each Pokémon
|rule|Item Clause: Limit 1 of each item
|clearpoke
|poke|p1|Volcarona, L50, F|
|poke|p1|Electabuzz, L50, F|
|poke|p1|Sneasler, L50, M|
|poke|p1|Rillaboom, L50, F|
|poke|p1|Dragonite, L50, F|
|poke|p1|Ursaluna-Bloodmoon, L50, M|
|poke|p2|Annihilape, L50, F|
|poke|p2|Whimsicott, L50, F|
|poke|p2|Garchomp, L50, M|
|poke|p2|Clefable, L50, F|
|poke|p2|Hydreigon, L50, M|
|poke|p2|Gholdengo, L50|
|teampreview|4
|showteam|p1|Volcarona||Leftovers|FlameBody|FieryDance,QuiverDance,GigaDrain,Protect|||F|||50|,,,,,Water]Electabuzz||Eviolite|Static|FollowMe,Electroweb,VoltSwitch,Taunt|||F|||50|,,,,,Fairy]Sneasler||GrassySeed|Unburden|DireClaw,CloseCombat,ThroatChop,Protect|||M|||50|,,,,,Dark]Rillaboom||AssaultVest|GrassySurge|FakeOut,GrassyGlide,WoodHammer,Uturn|||F|||50|,,,,,Fire]Dragonite||LoadedDice|Multiscale|ExtremeSpeed,ScaleShot,IceSpinner,LowKick|||F|||50|,,,,,Normal]Ursaluna-Bloodmoon||ThroatSpray|MindsEye|BloodMoon,HyperVoice,EarthPower,Protect|||M|||50|,,,,,Poison
|showteam|p2|Annihilape||SafetyGoggles|Defiant|Protect,BulkUp,DrainPunch,RageFist|||F|||50|,,,,,Water]Whimsicott||FocusSash|Prankster|SunnyDay,Encore,Tailwind,Moonblast|||F|||50|,,,,,Ghost]Garchomp||LifeOrb|RoughSkin|Protect,StompingTantrum,DragonClaw,Earthquake|||M|||50|,,,,,Steel]Clefable||SitrusBerry|Unaware|Protect,FollowMe,MistyTerrain,Moonblast|||F|||50|,,,,,Water]Hydreigon||ChoiceSpecs|Levitate|HeatWave,Snarl,DarkPulse,DracoMeteor|||M|||50|,,,,,Fire]Gholdengo||MetalCoat|GoodasGold|Protect,NastyPlot,ShadowBall,MakeItRain||||||50|,,,,,Steel
|
|t:|1756925203
|teamsize|p1|4
|teamsize|p2|4
|start
|switch|p1a: Volcarona|Volcarona, L50, F|100/100
|switch|p1b: Electabuzz|Electabuzz, L50, F|100/100
|switch|p2a: Hydreigon|Hydreigon, L50, M|100/100
|switch|p2b: Whimsicott|Whimsicott, L50, F|100/100
|turn|1
|
|t:|1756925243
|move|p1b: Electabuzz|Follow Me|p1b: Electabuzz
|-singleturn|p1b: Electabuzz|move: Follow Me
|move|p2b: Whimsicott|Moonblast|p1b: Electabuzz
|-damage|p1b: Electabuzz|78/100
|-unboost|p1b: Electabuzz|spa|1
|move|p2a: Hydreigon|Draco Meteor|p1b: Electabuzz
|-damage|p1b: Electabuzz|14/100
|-unboost|p2a: Hydreigon|spa|2
|move|p1a: Volcarona|Fiery Dance|p2b: Whimsicott
|-supereffective|p2b: Whimsicott
|-enditem|p2b: Whimsicott|Focus Sash
|-damage|p2b: Whimsicott|1/100
|
|upkeep
|turn|2
|
|t:|1756925282
|switch|p1b: Rillaboom|Rillaboom, L50, F|100/100
|-fieldstart|move: Grassy Terrain|[from] ability: Grassy Surge|[of] p1b: Rillaboom
|move|p2b: Whimsicott|Tailwind|p2b: Whimsicott
|-sidestart|p2: Maxblueface|move: Tailwind
|move|p2a: Hydreigon|Draco Meteor|p1b: Rillaboom
|-damage|p1b: Rillaboom|59/100
|-unboost|p2a: Hydreigon|spa|2
|move|p1a: Volcarona|Fiery Dance|p2b: Whimsicott
|-supereffective|p2b: Whimsicott
|-damage|p2b: Whimsicott|0 fnt
|-boost|p1a: Volcarona|spa|1
|faint|p2b: Whimsicott
|
|-heal|p1b: Rillaboom|65/100|[from] Grassy Terrain
|upkeep
|
|t:|1756925319
|switch|p2b: Garchomp|Garchomp, L50, M|100/100
|turn|3
|
|t:|1756925335
|switch|p2a: Annihilape|Annihilape, L50, F|100/100
|move|p1b: Rillaboom|Fake Out|p2b: Garchomp
|-damage|p2b: Garchomp|86/100
|-damage|p1b: Rillaboom|53/100|[from] ability: Rough Skin|[of] p2b: Garchomp
|cant|p2b: Garchomp|flinch
|move|p1a: Volcarona|Quiver Dance|p1a: Volcarona
|-boost|p1a: Volcarona|spa|1
|-boost|p1a: Volcarona|spd|1
|-boost|p1a: Volcarona|spe|1
|
|-heal|p2b: Garchomp|92/100|[from] Grassy Terrain
|-heal|p1b: Rillaboom|59/100|[from] Grassy Terrain
|upkeep
|turn|4
|
|t:|1756925375
|move|p1a: Volcarona|Protect|p1a: Volcarona
|-singleturn|p1a: Volcarona|Protect
|move|p2b: Garchomp|Dragon Claw|p1b: Rillaboom
|-damage|p1b: Rillaboom|9/100
|-damage|p2b: Garchomp|82/100|[from] item: Life Orb
|move|p2a: Annihilape|Drain Punch|p1b: Rillaboom
|-damage|p1b: Rillaboom|0 fnt
|faint|p1b: Rillaboom
|
|-heal|p2b: Garchomp|88/100|[from] Grassy Terrain
|upkeep
|
|t:|1756925383
|switch|p1b: Electabuzz|Electabuzz, L50, F|14/100
|turn|5
|
|t:|1756925412
|move|p1b: Electabuzz|Follow Me|p1b: Electabuzz
|-singleturn|p1b: Electabuzz|move: Follow Me
|move|p2b: Garchomp|Dragon Claw|p1b: Electabuzz
|-damage|p1b: Electabuzz|0 fnt
|faint|p1b: Electabuzz
|-damage|p2b: Garchomp|78/100|[from] item: Life Orb
|move|p2a: Annihilape|Rage Fist|p1a: Volcarona
|-damage|p1a: Volcarona|76/100
|move|p1a: Volcarona|Giga Drain|p2b: Garchomp
|-damage|p2b: Garchomp|8/100
|-heal|p1a: Volcarona|100/100|[from] drain|[of] p2b: Garchomp
|
|-heal|p2b: Garchomp|14/100|[from] Grassy Terrain
|-sideend|p2: Maxblueface|move: Tailwind
|upkeep
|
|t:|1756925426
|switch|p1b: Sneasler|Sneasler, L50, M|100/100
|-enditem|p1b: Sneasler|Grassy Seed
|-boost|p1b: Sneasler|def|1|[from] item: Grassy Seed
|turn|6
|
|t:|1756925438
|move|p2b: Garchomp|Protect|p2b: Garchomp
|-singleturn|p2b: Garchomp|Protect
|move|p2a: Annihilape|Protect|p2a: Annihilape
|-singleturn|p2a: Annihilape|Protect
|move|p1b: Sneasler|Dire Claw|p2a: Annihilape
|-activate|p2a: Annihilape|move: Protect
|move|p1a: Volcarona|Fiery Dance|p2b: Garchomp
|-activate|p2b: Garchomp|move: Protect
|
|-heal|p2b: Garchomp|20/100|[from] Grassy Terrain
|-fieldend|move: Grassy Terrain
|upkeep
|turn|7
|inactive|Battle timer is ON: inactive players will automatically lose when time's up. (requested by Crystneel)
|
|t:|1756925489
|move|p2b: Garchomp|Protect|p2b: Garchomp
|-singleturn|p2b: Garchomp|Protect
|move|p1b: Sneasler|Dire Claw|p2a: Annihilape
|-resisted|p2a: Annihilape
|-damage|p2a: Annihilape|78/100
|-status|p2a: Annihilape|slp
|move|p1a: Volcarona|Fiery Dance|p2a: Annihilape
|-damage|p2a: Annihilape|18/100 slp
|-boost|p1a: Volcarona|spa|1
|cant|p2a: Annihilape|slp
|
|upkeep
|turn|8
|inactive|Maxblueface has 30 seconds left.
|
|t:|1756925519
|move|p1b: Sneasler|Dire Claw|p2a: Annihilape
|-resisted|p2a: Annihilape
|-damage|p2a: Annihilape|0 fnt
|faint|p2a: Annihilape
|move|p1a: Volcarona|Fiery Dance|p2b: Garchomp
|-resisted|p2b: Garchomp
|-damage|p2b: Garchomp|0 fnt
|-boost|p1a: Volcarona|spa|1
|faint|p2b: Garchomp
|
|upkeep
|
|t:|1756925530
|switch|p2b: Hydreigon|Hydreigon, L50, M|100/100
|turn|9
|
|t:|1756925539
|-terastallize|p2b: Hydreigon|Fire
|move|p1b: Sneasler|Close Combat|p2b: Hydreigon
|-damage|p2b: Hydreigon|25/100
|-unboost|p1b: Sneasler|def|1
|-unboost|p1b: Sneasler|spd|1
|move|p1a: Volcarona|Fiery Dance|p2b: Hydreigon
|-resisted|p2b: Hydreigon
|-damage|p2b: Hydreigon|0 fnt
|faint|p2b: Hydreigon
|
|win|Crystneel
