|j|☆NerdConsultant
|j|☆fooresd
|html|NerdConsultantfooresd    
|uhtml|bestof|Game 3 of a best-of-3
|t:|1755725356
|gametype|doubles
|player|p1|NerdConsultant|roxie|1179
|player|p2|fooresd|bugcatcher-gen4dp|1180
|gen|9
|tier|[Gen 9] VGC 2025 Reg H (Bo3)
|rated|
|rule|Species Clause: Limit one of each Pokémon
|rule|Item Clause: Limit 1 of each item
|clearpoke
|poke|p1|Kingambit, L50, M|
|poke|p1|Rillaboom, L50, M|
|poke|p1|Archaludon, L50, F|
|poke|p1|Basculegion, L50, M|
|poke|p1|Electabuzz, L50, M|
|poke|p1|Pelipper, L50, M|
|poke|p2|Ursaluna, L50, M|
|poke|p2|Kilowattrel, L50, F|
|poke|p2|Gholdengo, L50|
|poke|p2|Incineroar, L50, F|
|poke|p2|Amoonguss, L50, M|
|poke|p2|Porygon2, L50|
|teampreview|4
|showteam|p1|Kingambit||BlackGlasses|Defiant|KowtowCleave,SwordsDance,SuckerPunch,Protect|||M|||50|,,,,,Dark]Rillaboom||LoadedDice|GrassySurge|HighHorsepower,GrassyGlide,BulletSeed,FakeOut|||M|||50|,,,,,Fire]Archaludon||AssaultVest|Stamina|ElectroShot,BodyPress,DracoMeteor,FlashCannon|||F|||50|,,,,,Bug]Basculegion||ChoiceBand|SwiftSwim|WaveCrash,AquaJet,LastRespects,FlipTurn|||M|||50|,,,,,Grass]Electabuzz||Eviolite|VitalSpirit|Electroweb,Taunt,FollowMe,Protect|||M|||50|,,,,,Ghost]Pelipper||FocusSash|Drizzle|Tailwind,WeatherBall,Hurricane,Protect|||M|||50|,,,,,Ghost
|showteam|p2|Ursaluna||FlameOrb|Guts|Facade,HeadlongRush,Earthquake,Protect|||M|||50|,,,,,Fairy]Kilowattrel||FocusSash|Competitive|Thunderbolt,AirSlash,Tailwind,Protect|||F|||50|,,,,,Ghost]Gholdengo||LifeOrb|GoodasGold|MakeItRain,ShadowBall,NastyPlot,Protect||||||50|,,,,,Flying]Incineroar||AssaultVest|Intimidate|KnockOff,FlareBlitz,Uturn,FakeOut|||F|||50|,,,,,Grass]Amoonguss||SitrusBerry|Regenerator|Spore,RagePowder,SludgeBomb,Protect|||M|||50|,,,,,Water]Porygon2||Eviolite|Download|TeraBlast,IceBeam,Recover,TrickRoom||||||50|,,,,,Fighting
|inactive|Battle timer is ON: inactive players will automatically lose when time's up. (requested by fooresd)
|inactive|NerdConsultant has 60 seconds left.
|inactive|fooresd has 60 seconds left.
|
|t:|1755725391
|teamsize|p1|4
|teamsize|p2|4
|start
|switch|p1a: Pelipper|Pelipper, L50, M|100/100
|switch|p1b: Electabuzz|Electabuzz, L50, M|100/100
|switch|p2a: Kilowattrel|Kilowattrel, L50, F|100/100
|switch|p2b: Amoonguss|Amoonguss, L50, M, shiny|100/100
|-weather|RainDance|[from] ability: Drizzle|[of] p1a: Pelipper
|turn|1
|
|t:|1755725409
|switch|p2b: Ursaluna|Ursaluna, L50, M|100/100
|move|p2a: Kilowattrel|Tailwind|p2a: Kilowattrel
|-sidestart|p2: fooresd|move: Tailwind
|move|p1b: Electabuzz|Taunt|p2b: Ursaluna
|-start|p2b: Ursaluna|move: Taunt
|move|p1a: Pelipper|Tailwind|p1a: Pelipper
|-sidestart|p1: NerdConsultant|move: Tailwind
|
|-weather|RainDance|[upkeep]
|-status|p2b: Ursaluna|brn|[from] item: Flame Orb
|upkeep
|turn|2
|inactive|fooresd has 30 seconds left.
|inactive|NerdConsultant has 30 seconds left.
|inactive|fooresd has 20 seconds left.
|
|t:|1755725445
|-terastallize|p2b: Ursaluna|Fairy
|move|p1b: Electabuzz|Protect|p1b: Electabuzz
|-singleturn|p1b: Electabuzz|Protect
|move|p2a: Kilowattrel|Thunderbolt|p1a: Pelipper
|-supereffective|p1a: Pelipper
|-enditem|p1a: Pelipper|Focus Sash
|-damage|p1a: Pelipper|1/100
|move|p1a: Pelipper|Weather Ball|p2b: Ursaluna
|-damage|p2b: Ursaluna|28/100 brn
|move|p2b: Ursaluna|Facade|p1b: Electabuzz
|-activate|p1b: Electabuzz|move: Protect
|
|-weather|RainDance|[upkeep]
|-damage|p2b: Ursaluna|22/100 brn|[from] brn
|upkeep
|turn|3
|inactive|NerdConsultant has 30 seconds left.
|inactive|fooresd has 30 seconds left.
|
|t:|1755725484
|move|p1a: Pelipper|Protect|p1a: Pelipper
|-singleturn|p1a: Pelipper|Protect
|move|p2a: Kilowattrel|Thunderbolt|p1a: Pelipper
|-activate|p1a: Pelipper|move: Protect
|move|p1b: Electabuzz|Electroweb|p2b: Ursaluna|[spread] p2a,p2b
|-damage|p2a: Kilowattrel|73/100
|-damage|p2b: Ursaluna|8/100 brn
|-unboost|p2a: Kilowattrel|spe|1
|-ability|p2a: Kilowattrel|Competitive|boost
|-boost|p2a: Kilowattrel|spa|2
|-unboost|p2b: Ursaluna|spe|1
|move|p2b: Ursaluna|Headlong Rush|p1b: Electabuzz
|-supereffective|p1b: Electabuzz
|-damage|p1b: Electabuzz|0 fnt
|-unboost|p2b: Ursaluna|def|1
|-unboost|p2b: Ursaluna|spd|1
|faint|p1b: Electabuzz
|
|-weather|RainDance|[upkeep]
|-damage|p2b: Ursaluna|2/100 brn|[from] brn
|-end|p2b: Ursaluna|move: Taunt
|upkeep
|
|t:|1755725503
|switch|p1b: Basculegion|Basculegion, L50, M|100/100
|turn|4
|
|t:|1755725523
|switch|p2a: Amoonguss|Amoonguss, L50, M, shiny|100/100
|move|p1b: Basculegion|Flip Turn|p2a: Amoonguss
|-resisted|p2a: Amoonguss
|-damage|p2a: Amoonguss|69/100
|
|t:|1755725528
|switch|p1b: Archaludon|Archaludon, L50, F|100/100|[from] Flip Turn
|move|p1a: Pelipper|Hurricane|p2a: Amoonguss
|-supereffective|p2a: Amoonguss
|-damage|p2a: Amoonguss|0 fnt
|faint|p2a: Amoonguss
|move|p2b: Ursaluna|Headlong Rush|p1b: Archaludon
|-supereffective|p1b: Archaludon
|-damage|p1b: Archaludon|0 fnt
|-unboost|p2b: Ursaluna|def|1
|-unboost|p2b: Ursaluna|spd|1
|faint|p1b: Archaludon
|
|-weather|RainDance|[upkeep]
|-damage|p2b: Ursaluna|0 fnt|[from] brn
|faint|p2b: Ursaluna
|-sideend|p1: NerdConsultant|move: Tailwind
|-sideend|p2: fooresd|move: Tailwind
|upkeep
|
|t:|1755725542
|switch|p1b: Basculegion|Basculegion, L50, M|100/100
|switch|p2b: Kilowattrel|Kilowattrel, L50, F|73/100
|switch|p2a: Gholdengo|Gholdengo, L50|100/100
|turn|5
|
|t:|1755725566
|-terastallize|p1b: Basculegion|Grass
|move|p1b: Basculegion|Last Respects|p2b: Kilowattrel
|-damage|p2b: Kilowattrel|0 fnt
|faint|p2b: Kilowattrel
|move|p2a: Gholdengo|Make It Rain|p1a: Pelipper|[spread] p1a,p1b
|-resisted|p1a: Pelipper
|-damage|p1a: Pelipper|0 fnt
|-damage|p1b: Basculegion|36/100
|-unboost|p2a: Gholdengo|spa|1
|faint|p1a: Pelipper
|-damage|p2a: Gholdengo|91/100|[from] item: Life Orb
|
|-weather|none
|upkeep
|turn|6
|
|t:|1755725579
|move|p2a: Gholdengo|Make It Rain|p1b: Basculegion
|-damage|p1b: Basculegion|0 fnt
|-unboost|p2a: Gholdengo|spa|1
|faint|p1b: Basculegion
|-damage|p2a: Gholdengo|82/100|[from] item: Life Orb
|
|win|fooresd
|raw|NerdConsultant's rating: 1179 → 1154(-25 for losing)
|raw|fooresd's rating: 1180 → 1205(+25 for winning)
|c|☆fooresd|ggs, fun bo3
|c|☆NerdConsultant|gg
|l|☆fooresd
|player|p2|
