|j|☆SakiVGC
|j|☆ChrisJHall13
|html|SakiVGCChrisJHall13    
|uhtml|bestof|Game 2 of a best-of-3
|t:|1784745713
|gametype|doubles
|player|p1|SakiVGC|bellelba|1165
|player|p2|ChrisJHall13|1|1270
|gen|9
|tier|[Gen 9 Champions] VGC 2026 Reg M-B (Bo3)
|rated|
|rule|Species Clause: Limit one of each Pokémon
|rule|Item Clause: Limit 1 of each item
|clearpoke
|poke|p1|Incineroar, L50, F|
|poke|p1|Milotic, L50, M|
|poke|p1|Sinistcha-Masterpiece, L50|
|poke|p1|Sylveon, L50, F|
|poke|p1|Kingambit, L50, M|
|poke|p1|Blaziken, L50, F|
|poke|p2|Incineroar, L50, F|
|poke|p2|Ninetales-Alola, L50, F|
|poke|p2|Gengar, L50, M|
|poke|p2|Dragonite, L50, M|
|poke|p2|Snorlax, L50, M|
|poke|p2|Scrafty, L50, F|
|teampreview|4
|showteam|p1|Incineroar||SitrusBerry|Intimidate|FlareBlitz,DarkestLariat,FakeOut,PartingShot|Careful||F|||50|]Milotic||Leftovers|Competitive|MuddyWater,Hypnosis,Coil,Protect|Bold||M|||50|]Sinistcha-Masterpiece||ColburBerry|Hospitality|MatchaGotcha,RagePowder,TrickRoom,LifeDew|Bold|||||50|]Sylveon||FairyFeather|Pixilate|HyperVoice,HyperBeam,QuickAttack,Protect|Modest||F|||50|]Kingambit||BlackGlasses|Defiant|SuckerPunch,KowtowCleave,SwordsDance,Protect|Adamant||M|||50|]Blaziken||Blazikenite|SpeedBoost|FlareBlitz,CloseCombat,RockSlide,Detect|Adamant||F|||50|
|showteam|p2|Incineroar||ShucaBerry|Intimidate|FakeOut,DarkestLariat,Protect,PartingShot|Careful||F|||50|]Ninetales-Alola||FocusSash|SnowWarning|Blizzard,Protect,Encore,Disable|Timid||F|||50|]Gengar||Gengarite|CursedBody|PerishSong,ShadowBall,Protect,SludgeBomb|Modest||M|||50|]Dragonite||LifeOrb|InnerFocus|DragonClaw,ExtremeSpeed,Protect,LowKick|Adamant||M|||50|]Snorlax||Leftovers|ThickFat|Yawn,Fissure,DoubleEdge,Protect|Relaxed||M|||50|]Scrafty||SitrusBerry|Intimidate|CloseCombat,KnockOff,FakeOut,Protect|Adamant||F|||50|
|inactive|Battle timer is ON: inactive players will automatically lose when time's up. (requested by SakiVGC)
|inactive|ChrisJHall13 has 60 seconds left.
|
|t:|1784745750
|teamsize|p1|4
|teamsize|p2|4
|start
|switch|p1a: Kingambit|Kingambit, L50, M|100/100
|switch|p1b: Incineroar|Incineroar, L50, F|100/100
|switch|p2a: Gengar|Gengar, L50, M|100/100
|switch|p2b: Scrafty|Scrafty, L50, F|100/100
|-ability|p2b: Scrafty|Intimidate|boost
|-unboost|p1a: Kingambit|atk|1
|-ability|p1a: Kingambit|Defiant|boost
|-boost|p1a: Kingambit|atk|2
|-unboost|p1b: Incineroar|atk|1
|-ability|p1b: Incineroar|Intimidate|boost
|-unboost|p2a: Gengar|atk|1
|-unboost|p2b: Scrafty|atk|1
|turn|1
|inactive|SakiVGC has 30 seconds left.
|inactive|ChrisJHall13 has 30 seconds left.
|inactive|SakiVGC has 20 seconds left.
|inactive|SakiVGC has 15 seconds left.
|inactive|ChrisJHall13 has 20 seconds left.
|inactive|ChrisJHall13 has 15 seconds left.
|
|t:|1784745795
|switch|p2a: Incineroar|Incineroar, L50, F|100/100
|-ability|p2a: Incineroar|Intimidate|boost
|-unboost|p1a: Kingambit|atk|1
|-ability|p1a: Kingambit|Defiant|boost
|-boost|p1a: Kingambit|atk|2
|-unboost|p1b: Incineroar|atk|1
|move|p1b: Incineroar|Fake Out|p2b: Scrafty
|-damage|p2b: Scrafty|94/100
|cant|p2b: Scrafty|flinch
|move|p1a: Kingambit|Kowtow Cleave|p2a: Incineroar
|-resisted|p2a: Incineroar|1
|-damage|p2a: Incineroar|48/100
|
|upkeep
|turn|2
|
|t:|1784745815
|switch|p1b: Sinistcha|Sinistcha-Masterpiece, L50|100/100
|move|p1a: Kingambit|Protect|p1a: Kingambit
|-singleturn|p1a: Kingambit|Protect
|move|p2b: Scrafty|Close Combat|p1a: Kingambit
|-activate|p1a: Kingambit|move: Protect
|move|p2a: Incineroar|Parting Shot|p1b: Sinistcha
|-unboost|p1b: Sinistcha|atk|1
|-unboost|p1b: Sinistcha|spa|1
|inactive|ChrisJHall13 has 30 seconds left.
|
|t:|1784745842
|switch|p2a: Gengar|Gengar, L50, M|100/100|[from] Parting Shot
|
|upkeep
|turn|3
|
|t:|1784745862
|detailschange|p2a: Gengar|Gengar-Mega, L50, M
|-mega|p2a: Gengar|Gengar|Gengarite
|move|p1b: Sinistcha|Rage Powder|p1b: Sinistcha
|-singleturn|p1b: Sinistcha|move: Rage Powder
|move|p1a: Kingambit|Sucker Punch||[still]
|-fail|p1a: Kingambit
|move|p2a: Gengar|Perish Song|p2a: Gengar
|-start|p1a: Kingambit|perish3|[silent]
|-start|p1b: Sinistcha|perish3|[silent]
|-start|p2a: Gengar|perish3|[silent]
|-start|p2b: Scrafty|perish3|[silent]
|-fieldactivate|move: Perish Song
|move|p2b: Scrafty|Close Combat|p1b: Sinistcha
|-immune|p1b: Sinistcha
|
|-start|p2a: Gengar|perish3
|-start|p1b: Sinistcha|perish3
|-start|p2b: Scrafty|perish3
|-start|p1a: Kingambit|perish3
|upkeep
|turn|4
|
|t:|1784745876
|move|p2a: Gengar|Protect|p2a: Gengar
|-singleturn|p2a: Gengar|Protect
|move|p2b: Scrafty|Protect|p2b: Scrafty
|-singleturn|p2b: Scrafty|Protect
|move|p1b: Sinistcha|Rage Powder|p1b: Sinistcha
|-singleturn|p1b: Sinistcha|move: Rage Powder
|move|p1a: Kingambit|Kowtow Cleave|p2a: Gengar
|-activate|p2a: Gengar|move: Protect
|
|-start|p2a: Gengar|perish2
|-start|p1b: Sinistcha|perish2
|-start|p2b: Scrafty|perish2
|-start|p1a: Kingambit|perish2
|upkeep
|turn|5
|
|t:|1784745895
|switch|p2a: Incineroar|Incineroar, L50, F|48/100
|-ability|p2a: Incineroar|Intimidate|boost
|-unboost|p1a: Kingambit|atk|1
|-ability|p1a: Kingambit|Defiant|boost
|-boost|p1a: Kingambit|atk|2
|-unboost|p1b: Sinistcha|atk|1
|move|p1b: Sinistcha|Rage Powder|p1b: Sinistcha
|-singleturn|p1b: Sinistcha|move: Rage Powder
|move|p2b: Scrafty|Close Combat|p1b: Sinistcha
|-immune|p1b: Sinistcha
|move|p1a: Kingambit|Kowtow Cleave|p2a: Incineroar
|-resisted|p2a: Incineroar|1
|-damage|p2a: Incineroar|0 fnt
|faint|p2a: Incineroar
|
|-start|p1b: Sinistcha|perish1
|-start|p2b: Scrafty|perish1
|-start|p1a: Kingambit|perish1
|upkeep
|
|t:|1784745910
|switch|p2a: Gengar|Gengar-Mega, L50, M|100/100
|turn|6
|
|t:|1784745916
|switch|p2b: Dragonite|Dragonite, L50, M|100/100
|move|p2a: Gengar|Protect|p2a: Gengar
|-singleturn|p2a: Gengar|Protect
|move|p1b: Sinistcha|Matcha Gotcha|p2b: Dragonite|[spread] p2b
|-activate|p2a: Gengar|move: Protect
|-resisted|p2b: Dragonite|2
|-damage|p2b: Dragonite|96/100
|move|p1a: Kingambit|Kowtow Cleave|p2b: Dragonite
|-damage|p2b: Dragonite|0 fnt
|faint|p2b: Dragonite
|
|-start|p1b: Sinistcha|perish0
|-start|p1a: Kingambit|perish0
|faint|p1b: Sinistcha
|faint|p1a: Kingambit
|upkeep
|
|t:|1784745934
|switch|p2b: Scrafty|Scrafty, L50, F|94/100
|switch|p1b: Blaziken|Blaziken, L50, F|100/100
|switch|p1a: Incineroar|Incineroar, L50, F|100/100
|-ability|p2b: Scrafty|Intimidate|boost
|-unboost|p1a: Incineroar|atk|1
|-unboost|p1b: Blaziken|atk|1
|-ability|p1a: Incineroar|Intimidate|boost
|-unboost|p2a: Gengar|atk|1
|-unboost|p2b: Scrafty|atk|1
|turn|7
|inactive|ChrisJHall13 has 30 seconds left.
|
|t:|1784745960
|detailschange|p1b: Blaziken|Blaziken-Mega, L50, F
|-mega|p1b: Blaziken|Blaziken|Blazikenite
|move|p2b: Scrafty|Fake Out|p1b: Blaziken
|-damage|p1b: Blaziken|90/100
|move|p1a: Incineroar|Fake Out|p2b: Scrafty
|-damage|p2b: Scrafty|88/100
|move|p2a: Gengar|Perish Song|p2a: Gengar
|-start|p1a: Incineroar|perish3|[silent]
|-start|p1b: Blaziken|perish3|[silent]
|-start|p2a: Gengar|perish3|[silent]
|-start|p2b: Scrafty|perish3|[silent]
|-fieldactivate|move: Perish Song
|cant|p1b: Blaziken|flinch
|
|-start|p2a: Gengar|perish3
|-start|p1b: Blaziken|perish3
|-start|p2b: Scrafty|perish3
|-start|p1a: Incineroar|perish3
|-ability|p1b: Blaziken|Speed Boost|boost
|-boost|p1b: Blaziken|spe|1
|upkeep
|turn|8
|
|t:|1784745983
|move|p1b: Blaziken|Flare Blitz|p2a: Gengar
|-damage|p2a: Gengar|37/100
|-damage|p1b: Blaziken|68/100|[from] Recoil
|move|p2a: Gengar|Sludge Bomb|p1a: Incineroar
|-damage|p1a: Incineroar|62/100
|move|p2b: Scrafty|Close Combat|p1a: Incineroar
|-supereffective|p1a: Incineroar|1
|-damage|p1a: Incineroar|13/100
|-unboost|p2b: Scrafty|def|1
|-unboost|p2b: Scrafty|spd|1
|-enditem|p1a: Incineroar|Sitrus Berry|[eat]
|-heal|p1a: Incineroar|38/100|[from] item: Sitrus Berry
|move|p1a: Incineroar|Darkest Lariat|p2a: Gengar
|-supereffective|p2a: Gengar|1
|-damage|p2a: Gengar|0 fnt
|faint|p2a: Gengar
|
|-start|p1b: Blaziken|perish2
|-start|p2b: Scrafty|perish2
|-start|p1a: Incineroar|perish2
|-ability|p1b: Blaziken|Speed Boost|boost
|-boost|p1b: Blaziken|spe|1
|upkeep
|turn|9
|
|t:|1784746003
|move|p1b: Blaziken|Close Combat|p2b: Scrafty
|-supereffective|p2b: Scrafty|1
|-damage|p2b: Scrafty|0 fnt
|-unboost|p1b: Blaziken|def|1
|-unboost|p1b: Blaziken|spd|1
|faint|p2b: Scrafty
|
|win|SakiVGC
||ChrisJHall13 is ready for game 3.
||SakiVGC is ready for game 3.
|uhtml|next|Next: Game 3 of 3
|l|☆SakiVGC
|player|p1|
