|j|☆gmpp
|j|☆viatles
|html|gmppviatles    
|uhtml|bestof|Game 1 of a best-of-3
|t:|1757021318
|gametype|doubles
|player|p1|gmpp|hilda|1054
|player|p2|viatles|hiker|1000
|gen|9
|tier|[Gen 9] VGC 2025 Reg H (Bo3)
|rated|
|rule|Species Clause: Limit one of each Pokémon
|rule|Item Clause: Limit 1 of each item
|clearpoke
|poke|p1|Archaludon, L50, M|
|poke|p1|Rillaboom, L50, M|
|poke|p1|Incineroar, L50, F|
|poke|p1|Pelipper, L50, M|
|poke|p1|Kingambit, L50, F|
|poke|p1|Azumarill, L50, M|
|poke|p2|Serperior, L50, M|
|poke|p2|Grimmsnarl, L50, M|
|poke|p2|Empoleon, L50, M|
|poke|p2|Garchomp, L50, M|
|poke|p2|Araquanid, L50, M|
|poke|p2|Garganacl, L50, M|
|teampreview|4
|showteam|p1|Archaludon||AssaultVest|Stamina|DracoMeteor,FlashCannon,ElectroShot,BodyPress|||M|||50|,,,,,Grass]Rillaboom||MiracleSeed|GrassySurge|FakeOut,WoodHammer,GrassyGlide,Uturn|||M|||50|,,,,,Grass]Incineroar||SafetyGoggles|Intimidate|WillOWisp,FakeOut,KnockOff,PartingShot|||F|||50|,,,,,Ghost]Pelipper||FocusSash|Drizzle|Hurricane,Tailwind,Protect,WeatherBall|||M|||50|,,,,,Steel]Kingambit||BlackGlasses|Defiant|SuckerPunch,KowtowCleave,Protect,SwordsDance|||F|||50|,,,,,Dark]Azumarill||ChoiceBand|HugePower|AquaJet,Liquidation,IceSpinner,PlayRough|||M|||50|,,,,,Water
|showteam|p2|Serperior||CovertCloak|Contrary|Protect,LeafStorm,TeraBlast,GrassPledge|||M|||50|,,,,,Stellar]Grimmsnarl||LightClay|Prankster|LightScreen,Reflect,SpiritBreak,ThunderWave|||M|||50|,,,,,Ghost]Empoleon||ChopleBerry|Competitive|WaterPledge,FlashCannon,Haze,Protect|||M|||50|,,,,,Grass]Garchomp||LoadedDice|RoughSkin|ScaleShot,Earthquake,IronHead,Protect|||M|||50|,,,,,Steel]Araquanid||SafetyGoggles|WaterBubble|WideGuard,Protect,Liquidation,Infestation|||M|||50|,,,,,Grass]Garganacl||Leftovers|PurifyingSalt|SaltCure,Recover,Protect,ThunderPunch|||M|||50|,,,,,Water
|c|☆viatles|gl hf
|inactive|Battle timer is ON: inactive players will automatically lose when time's up. (requested by viatles)
|
|t:|1757021338
|teamsize|p1|4
|teamsize|p2|4
|start
|switch|p1a: Pelipper|Pelipper, L50, M, shiny|100/100
|switch|p1b: Azumarill|Azumarill, L50, M, shiny|100/100
|switch|p2a: Grimmsnarl|Grimmsnarl, L50, M|100/100
|switch|p2b: Empoleon|Empoleon, L50, M|100/100
|-weather|RainDance|[from] ability: Drizzle|[of] p1a: Pelipper
|turn|1
|
|t:|1757021355
|move|p2b: Empoleon|Protect|p2b: Empoleon
|-singleturn|p2b: Empoleon|Protect
|move|p2a: Grimmsnarl|Thunder Wave|p1b: Azumarill
|-status|p1b: Azumarill|par
|move|p1a: Pelipper|Tailwind|p1a: Pelipper
|-sidestart|p1: gmpp|move: Tailwind
|move|p1b: Azumarill|Play Rough|p2a: Grimmsnarl
|-supereffective|p2a: Grimmsnarl
|-damage|p2a: Grimmsnarl|0 fnt
|faint|p2a: Grimmsnarl
|
|-weather|RainDance|[upkeep]
|upkeep
|
|t:|1757021367
|switch|p2a: Serperior|Serperior, L50, M|100/100
|turn|2
|
|t:|1757021376
|-terastallize|p2a: Serperior|Stellar
|move|p1a: Pelipper|Hurricane|p2a: Serperior
|-supereffective|p2a: Serperior
|-damage|p2a: Serperior|17/100
|move|p2a: Serperior|Tera Blast|p1a: Pelipper|[anim] Tera Blast Stellar
|-damage|p1a: Pelipper|59/100
|-boost|p2a: Serperior|atk|1
|-boost|p2a: Serperior|spa|1
|move|p2b: Empoleon|Flash Cannon|p1b: Azumarill
|-damage|p1b: Azumarill|66/100 par
|move|p1b: Azumarill|Play Rough|p2a: Serperior
|-damage|p2a: Serperior|0 fnt
|faint|p2a: Serperior
|
|-weather|RainDance|[upkeep]
|upkeep
|
|t:|1757021390
|switch|p2a: Garganacl|Garganacl, L50, M|100/100
|turn|3
|
|t:|1757021399
|move|p1a: Pelipper|Weather Ball|p2a: Garganacl
|-supereffective|p2a: Garganacl
|-damage|p2a: Garganacl|33/100
|move|p2b: Empoleon|Water Pledge|p1b: Azumarill
|-resisted|p1b: Azumarill
|-damage|p1b: Azumarill|40/100 par
|move|p1b: Azumarill|Play Rough|p2a: Garganacl
|-damage|p2a: Garganacl|0 fnt
|faint|p2a: Garganacl
|
|-weather|RainDance|[upkeep]
|upkeep
|turn|4
|
|t:|1757021424
|move|p1a: Pelipper|Weather Ball|p2b: Empoleon
|-resisted|p2b: Empoleon
|-damage|p2b: Empoleon|76/100
|move|p2b: Empoleon|Flash Cannon|p1b: Azumarill
|-damage|p1b: Azumarill|4/100 par
|move|p1b: Azumarill|Play Rough|p2b: Empoleon
|-resisted|p2b: Empoleon
|-crit|p2b: Empoleon
|-damage|p2b: Empoleon|22/100
|
|-weather|RainDance|[upkeep]
|-sideend|p1: gmpp|move: Tailwind
|upkeep
|turn|5
|
|t:|1757021436
|move|p1a: Pelipper|Hurricane|p2b: Empoleon
|-resisted|p2b: Empoleon
|-damage|p2b: Empoleon|6/100
|-start|p2b: Empoleon|confusion
|-activate|p2b: Empoleon|confusion
|move|p2b: Empoleon|Flash Cannon|p1b: Azumarill
|-damage|p1b: Azumarill|0 fnt
|faint|p1b: Azumarill
|
|-weather|none
|upkeep
|
|t:|1757021445
|switch|p1b: Kingambit|Kingambit, L50, F, shiny|100/100
|turn|6
|
|t:|1757021453
|move|p1b: Kingambit|Sucker Punch|p2b: Empoleon
|-damage|p2b: Empoleon|0 fnt
|faint|p2b: Empoleon
|
|win|gmpp
||gmpp is ready for game 2.
