|j|☆Slowjow
|j|☆Aotius
|html|SlowjowAotius    
|uhtml|bestof|Game 1 of a best-of-3
|t:|1757720226
|gametype|doubles
|player|p1|Slowjow|1|1281
|player|p2|Aotius|170|1183
|gen|9
|tier|[Gen 9] VGC 2025 Reg H (Bo3)
|rated|
|rule|Species Clause: Limit one of each Pokémon
|rule|Item Clause: Limit 1 of each item
|clearpoke
|poke|p1|Gliscor, L50, F|
|poke|p1|Electabuzz, L50, F|
|poke|p1|Tauros-Paldea-Blaze, L50, M|
|poke|p1|Gastrodon, L50, M|
|poke|p1|Kingambit, L50, M|
|poke|p1|Ninetales-Alola, L50, M|
|poke|p2|Gholdengo, L50|
|poke|p2|Sneasler, L50, M|
|poke|p2|Rillaboom, L50, M|
|poke|p2|Dragonite, L50, F|
|poke|p2|Ninetales-Alola, L50, M|
|poke|p2|Arcanine-Hisui, L50, M|
|teampreview|4
|showteam|p1|Gliscor||ToxicOrb|PoisonHeal|HighHorsepower,DualWingbeat,SwordsDance,Protect|||F|||50|,,,,,Water]Electabuzz||Eviolite|VitalSpirit|Electroweb,Taunt,FollowMe,Protect|||F|||50|,,,,,Ghost]Tauros-Paldea-Blaze||MirrorHerb|Intimidate|RagingBull,CloseCombat,WillOWisp,Protect|||M|||50|,,,,,Grass]Gastrodon||Leftovers|StormDrain|MuddyWater,ClearSmog,Yawn,Protect|||M|||50|,,,,,Fire]Kingambit||BlackGlasses|Defiant|KowtowCleave,SuckerPunch,SwordsDance,Protect|||M|||50|,,,,,Dark]Ninetales-Alola||LightClay|SnowWarning|AuroraVeil,FreezeDry,Encore,Protect|||M|||50|,,,,,Water
|showteam|p2|Gholdengo||GrassySeed|GoodasGold|NastyPlot,MakeItRain,ShadowBall,Protect||||||50|,,,,,Water]Sneasler||WhiteHerb|Unburden|CloseCombat,DireClaw,Coaching,Protect|||M|||50|,,,,,Ghost]Rillaboom||AssaultVest|GrassySurge|FakeOut,GrassyGlide,DrumBeating,HighHorsepower|||M|||50|,,,,,Fire]Dragonite||LoadedDice|Multiscale|ScaleShot,StompingTantrum,Tailwind,Protect|||F|||50|,,,,,Ground]Ninetales-Alola||FocusSash|SnowWarning|Blizzard,IcyWind,Encore,AuroraVeil|||M|||50|,,,,,Ghost]Arcanine-Hisui||ClearAmulet|Intimidate|RockSlide,FlareBlitz,ExtremeSpeed,Protect|||M|||50|,,,,,Water
|inactive|Battle timer is ON: inactive players will automatically lose when time's up. (requested by Aotius)
|inactive|Aotius has 60 seconds left.
|inactive|Aotius has 30 seconds left.
|
|t:|1757720297
|teamsize|p1|4
|teamsize|p2|4
|start
|switch|p1a: Electabuzz|Electabuzz, L50, F|100/100
|switch|p1b: Kingambit|Kingambit, L50, M|100/100
|switch|p2a: Sneasler|Sneasler, L50, M|100/100
|switch|p2b: Arcanine|Arcanine-Hisui, L50, M|100/100
|-ability|p2b: Arcanine|Intimidate|boost
|-unboost|p1a: Electabuzz|atk|1
|-unboost|p1b: Kingambit|atk|1
|-ability|p1b: Kingambit|Defiant|boost
|-boost|p1b: Kingambit|atk|2
|turn|1
|
|t:|1757720324
|move|p1b: Kingambit|Sucker Punch|p2b: Arcanine
|-damage|p2b: Arcanine|6/100
|move|p2a: Sneasler|Coaching|p2b: Arcanine
|-boost|p2b: Arcanine|atk|1
|-boost|p2b: Arcanine|def|1
|move|p2b: Arcanine|Flare Blitz|p1b: Kingambit
|-supereffective|p1b: Kingambit
|-damage|p1b: Kingambit|0 fnt
|faint|p1b: Kingambit
|-damage|p2b: Arcanine|0 fnt|[from] Recoil
|faint|p2b: Arcanine
|move|p1a: Electabuzz|Electroweb|p2a: Sneasler
|-damage|p2a: Sneasler|80/100
|-unboost|p2a: Sneasler|spe|1
|-enditem|p2a: Sneasler|White Herb
|-clearnegativeboost|p2a: Sneasler|[silent]
|
|upkeep
|
|t:|1757720345
|switch|p2b: Rillaboom|Rillaboom, L50, M|100/100
|switch|p1b: Tauros|Tauros-Paldea-Blaze, L50, M|100/100
|-ability|p1b: Tauros|Intimidate|boost
|-unboost|p2a: Sneasler|atk|1
|-unboost|p2b: Rillaboom|atk|1
|-fieldstart|move: Grassy Terrain|[from] ability: Grassy Surge|[of] p2b: Rillaboom
|turn|2
|inactive|Aotius has 30 seconds left.
|
|t:|1757720375
|-terastallize|p2b: Rillaboom|Fire
|move|p1b: Tauros|Protect|p1b: Tauros
|-singleturn|p1b: Tauros|Protect
|move|p2b: Rillaboom|Fake Out|p1a: Electabuzz
|-damage|p1a: Electabuzz|94/100
|move|p2a: Sneasler|Dire Claw|p1b: Tauros
|-activate|p1b: Tauros|move: Protect
|cant|p1a: Electabuzz|flinch
|
|-heal|p2a: Sneasler|86/100|[from] Grassy Terrain
|-heal|p1a: Electabuzz|99/100|[from] Grassy Terrain
|upkeep
|turn|3
|inactive|Slowjow has 30 seconds left.
|
|t:|1757720406
|move|p1a: Electabuzz|Follow Me|p1a: Electabuzz
|-singleturn|p1a: Electabuzz|move: Follow Me
|move|p2a: Sneasler|Dire Claw|p1a: Electabuzz
|-damage|p1a: Electabuzz|78/100
|move|p1b: Tauros|Raging Bull|p2a: Sneasler
|-damage|p2a: Sneasler|31/100
|move|p2b: Rillaboom|High Horsepower|p1a: Electabuzz
|-supereffective|p1a: Electabuzz
|-damage|p1a: Electabuzz|46/100
|
|-heal|p2a: Sneasler|37/100|[from] Grassy Terrain
|-heal|p1a: Electabuzz|52/100|[from] Grassy Terrain
|upkeep
|turn|4
|
|t:|1757720425
|move|p2a: Sneasler|Protect|p2a: Sneasler
|-singleturn|p2a: Sneasler|Protect
|move|p1b: Tauros|Protect|p1b: Tauros
|-singleturn|p1b: Tauros|Protect
|move|p2b: Rillaboom|High Horsepower|p1b: Tauros
|-activate|p1b: Tauros|move: Protect
|move|p1a: Electabuzz|Electroweb|p2b: Rillaboom|[spread] p2b
|-activate|p2a: Sneasler|move: Protect
|-crit|p2b: Rillaboom
|-damage|p2b: Rillaboom|81/100
|-unboost|p2b: Rillaboom|spe|1
|
|-heal|p2a: Sneasler|43/100|[from] Grassy Terrain
|-heal|p1a: Electabuzz|57/100|[from] Grassy Terrain
|-heal|p2b: Rillaboom|87/100|[from] Grassy Terrain
|upkeep
|turn|5
|
|t:|1757720448
|switch|p1b: Gastrodon|Gastrodon, L50, M|100/100
|move|p2a: Sneasler|Dire Claw|p1b: Gastrodon
|-resisted|p1b: Gastrodon
|-damage|p1b: Gastrodon|89/100
|-status|p1b: Gastrodon|psn
|move|p1a: Electabuzz|Electroweb|p2b: Rillaboom|[spread] p2a,p2b
|-damage|p2a: Sneasler|26/100
|-damage|p2b: Rillaboom|76/100
|-unboost|p2a: Sneasler|spe|1
|-unboost|p2b: Rillaboom|spe|1
|move|p2b: Rillaboom|High Horsepower|p1b: Gastrodon
|-damage|p1b: Gastrodon|74/100 psn
|
|-heal|p2a: Sneasler|33/100|[from] Grassy Terrain
|-heal|p1a: Electabuzz|63/100|[from] Grassy Terrain
|-heal|p2b: Rillaboom|82/100|[from] Grassy Terrain
|-heal|p1b: Gastrodon|80/100 psn|[from] Grassy Terrain
|-heal|p1b: Gastrodon|86/100 psn|[from] item: Leftovers
|-damage|p1b: Gastrodon|74/100 psn|[from] psn
|upkeep
|turn|6
|inactive|Slowjow has 30 seconds left.
|
|t:|1757720481
|switch|p2b: Ninetales|Ninetales-Alola, L50, M|100/100
|-weather|Snowscape|[from] ability: Snow Warning|[of] p2b: Ninetales
|move|p1a: Electabuzz|Follow Me|p1a: Electabuzz
|-singleturn|p1a: Electabuzz|move: Follow Me
|move|p2a: Sneasler|Dire Claw|p1a: Electabuzz
|-damage|p1a: Electabuzz|44/100
|move|p1b: Gastrodon|Muddy Water|p2b: Ninetales|[spread] p2b
|-miss|p1b: Gastrodon|p2a: Sneasler
|-damage|p2b: Ninetales|72/100
|
|-weather|Snowscape|[upkeep]
|-heal|p2a: Sneasler|39/100|[from] Grassy Terrain
|-heal|p2b: Ninetales|78/100|[from] Grassy Terrain
|-heal|p1a: Electabuzz|49/100|[from] Grassy Terrain
|-heal|p1b: Gastrodon|80/100 psn|[from] Grassy Terrain
|-heal|p1b: Gastrodon|86/100 psn|[from] item: Leftovers
|-damage|p1b: Gastrodon|73/100 psn|[from] psn
|-fieldend|move: Grassy Terrain
|upkeep
|turn|7
|
|t:|1757720505
|move|p2a: Sneasler|Dire Claw|p1a: Electabuzz
|-damage|p1a: Electabuzz|28/100
|move|p2b: Ninetales|Aurora Veil|p2b: Ninetales
|-sidestart|p2: Aotius|move: Aurora Veil
|move|p1a: Electabuzz|Electroweb|p2b: Ninetales|[spread] p2b
|-miss|p1a: Electabuzz|p2a: Sneasler
|-damage|p2b: Ninetales|66/100
|-unboost|p2b: Ninetales|spe|1
|move|p1b: Gastrodon|Muddy Water|p2b: Ninetales|[spread] 
|-miss|p1b: Gastrodon|p2a: Sneasler
|-miss|p1b: Gastrodon|p2b: Ninetales
|
|-weather|Snowscape|[upkeep]
|-heal|p1b: Gastrodon|79/100 psn|[from] item: Leftovers
|-damage|p1b: Gastrodon|67/100 psn|[from] psn
|upkeep
|turn|8
|
|t:|1757720526
|move|p1a: Electabuzz|Protect|p1a: Electabuzz
|-singleturn|p1a: Electabuzz|Protect
|move|p2a: Sneasler|Dire Claw|p1a: Electabuzz
|-activate|p1a: Electabuzz|move: Protect
|move|p2b: Ninetales|Icy Wind|p1a: Electabuzz|[spread] p1b
|-activate|p1a: Electabuzz|move: Protect
|-damage|p1b: Gastrodon|53/100 psn
|-unboost|p1b: Gastrodon|spe|1
|move|p1b: Gastrodon|Muddy Water|p2b: Ninetales|[spread] p2a,p2b
|-damage|p2a: Sneasler|22/100
|-damage|p2b: Ninetales|50/100
|-unboost|p2b: Ninetales|accuracy|1
|
|-weather|Snowscape|[upkeep]
|-heal|p1b: Gastrodon|59/100 psn|[from] item: Leftovers
|-damage|p1b: Gastrodon|46/100 psn|[from] psn
|upkeep
|turn|9
|inactive|Slowjow has 30 seconds left.
|
|t:|1757720557
|move|p1a: Electabuzz|Follow Me|p1a: Electabuzz
|-singleturn|p1a: Electabuzz|move: Follow Me
|move|p2a: Sneasler|Dire Claw|p1a: Electabuzz
|-damage|p1a: Electabuzz|8/100
|move|p2b: Ninetales|Blizzard|p1a: Electabuzz|[spread] p1a,p1b
|-crit|p1b: Gastrodon
|-damage|p1a: Electabuzz|0 fnt
|-damage|p1b: Gastrodon|0 fnt
|faint|p1a: Electabuzz
|faint|p1b: Gastrodon
|
|-weather|Snowscape|[upkeep]
|upkeep
|
|t:|1757720570
|switch|p1a: Tauros|Tauros-Paldea-Blaze, L50, M|100/100
|-ability|p1a: Tauros|Intimidate|boost
|-unboost|p2a: Sneasler|atk|1
|-unboost|p2b: Ninetales|atk|1
|turn|10
|
|t:|1757720579
|move|p2a: Sneasler|Dire Claw|p1a: Tauros
|-damage|p1a: Tauros|78/100
|-status|p1a: Tauros|par
|move|p2b: Ninetales|Icy Wind|p1a: Tauros
|-resisted|p1a: Tauros
|-damage|p1a: Tauros|64/100 par
|-unboost|p1a: Tauros|spe|1
|cant|p1a: Tauros|par
|
|-weather|none
|upkeep
|turn|11
|
|t:|1757720592
|move|p2a: Sneasler|Dire Claw|p1a: Tauros
|-damage|p1a: Tauros|42/100 par
|move|p2b: Ninetales|Icy Wind|p1a: Tauros
|-resisted|p1a: Tauros
|-damage|p1a: Tauros|28/100 par
|-unboost|p1a: Tauros|spe|1
|move|p1a: Tauros|Raging Bull|p2a: Sneasler
|-sideend|p2: Aotius|move: Aurora Veil
|-damage|p2a: Sneasler|0 fnt
|faint|p2a: Sneasler
|
|upkeep
|
|t:|1757720601
|switch|p2a: Rillaboom|Rillaboom, L50, M, tera:Fire|82/100
|-fieldstart|move: Grassy Terrain|[from] ability: Grassy Surge|[of] p2a: Rillaboom
|turn|12
|
|t:|1757720608
|move|p1a: Tauros|Protect|p1a: Tauros
|-singleturn|p1a: Tauros|Protect
|move|p2a: Rillaboom|Fake Out|p1a: Tauros
|-activate|p1a: Tauros|move: Protect
|move|p2b: Ninetales|Encore|p1a: Tauros
|-activate|p1a: Tauros|move: Protect
|
|-heal|p2a: Rillaboom|88/100|[from] Grassy Terrain
|-heal|p2b: Ninetales|56/100|[from] Grassy Terrain
|-heal|p1a: Tauros|34/100 par|[from] Grassy Terrain
|upkeep
|turn|13
|
|t:|1757720619
|move|p2a: Rillaboom|High Horsepower|p1a: Tauros
|-supereffective|p1a: Tauros
|-damage|p1a: Tauros|0 fnt
|faint|p1a: Tauros
|
|win|Aotius
||Aotius is ready for game 2.
|inactive|Slowjow has 30 seconds to confirm battle start!
||Slowjow is ready for game 2.
|uhtml|next|Next: Game 2 of 3
