|j|â˜†Ruben1452
|j|â˜†bananatreeenjoyer
|html|Ruben1452bananatreeenjoyer    
|uhtml|bestof|Game 2 of a best-of-3
|t:|1756784076
|gametype|doubles
|player|p1|Ruben1452|hilbert-wonderlauncher|1201
|player|p2|bananatreeenjoyer|silver|1055
|gen|9
|tier|[Gen 9] VGC 2025 Reg H (Bo3)
|rated|
|rule|Species Clause: Limit one of each PokÃ©mon
|rule|Item Clause: Limit 1 of each item
|clearpoke
|poke|p1|Incineroar, L50, F|
|poke|p1|Basculegion, L50, M|
|poke|p1|Pelipper, L50, M|
|poke|p1|Amoonguss, L50, M|
|poke|p1|Archaludon, L50, M|
|poke|p1|Gholdengo, L50|
|poke|p2|Gyarados, L50, M|
|poke|p2|Indeedee, L50, M|
|poke|p2|Sneasler, L50, F|
|poke|p2|Tyranitar, L50, M|
|poke|p2|Ursaluna-Bloodmoon, L50, M|
|poke|p2|Volcarona, L50, F|
|teampreview|4
|showteam|p1|Incineroar||SafetyGoggles|Intimidate|FakeOut,PartingShot,Taunt,KnockOff|||F|||50|,,,,,Ghost]Basculegion||ChoiceBand|SwiftSwim|WaveCrash,LastRespects,FlipTurn,AquaJet|||M|||50|,,,,,Grass]Pelipper||FocusSash|Drizzle|WeatherBall,Hurricane,Tailwind,WideGuard|||M|||50|,,,,,Ground]Amoonguss||SitrusBerry|Regenerator|Spore,RagePowder,PollenPuff,Protect|||M|||50|,,,,,Water]Archaludon||AssaultVest|Stamina|ElectroShot,DragonPulse,FlashCannon,BodyPress|||M|||50|,,,,,Bug]Gholdengo||LifeOrb|GoodasGold|MakeItRain,ShadowBall,NastyPlot,Protect||||||50|,,,,,Water
|showteam|p2|Gyarados||SafetyGoggles|Intimidate|Taunt,ThunderWave,Waterfall,Protect|||M|||50|,,,,,Steel]Indeedee||ChoiceScarf|PsychicSurge|ExpandingForce,TeraBlast,Trick,Protect|||M|||50|,,,,,Psychic]Sneasler||PsychicSeed|Unburden|CloseCombat,DireClaw,ThroatChop,Protect|||F|||50|,,,,,Dark]Tyranitar||AssaultVest|SandStream|LowKick,TeraBlast,KnockOff,RockSlide|||M|||50|,,,,,Flying]Ursaluna-Bloodmoon||LifeOrb|MindsEye|HyperVoice,BloodMoon,EarthPower,Protect|||M|||50|,,,,,Normal]Volcarona||SitrusBerry|FlameBody|Overheat,StruggleBug,RagePowder,Tailwind|||F|||50|,,,,,Grass
|inactive|Battle timer is ON: inactive players will automatically lose when time's up. (requested by Ruben1452)
|inactive|bananatreeenjoyer has 60 seconds left.
|
|t:|1756784114
|teamsize|p1|4
|teamsize|p2|4
|start
|switch|p1a: Basculegion|Basculegion, L50, M|100/100
|switch|p1b: Incineroar|Incineroar, L50, F|100/100
|switch|p2a: Kalan|Volcarona, L50, F|100/100
|switch|p2b: Althair|Ursaluna-Bloodmoon, L50, M|100/100
|-ability|p1b: Incineroar|Intimidate|boost
|-unboost|p2a: Kalan|atk|1
|-unboost|p2b: Althair|atk|1
|turn|1
|inactive|bananatreeenjoyer has 30 seconds left.
|inactive|bananatreeenjoyer has 20 seconds left.
|inactive|bananatreeenjoyer has 15 seconds left.
|
|t:|1756784155
|switch|p1b: Pelipper|Pelipper, L50, M|100/100
|-weather|RainDance|[from] ability: Drizzle|[of] p1b: Pelipper
|-terastallize|p2a: Kalan|Grass
|move|p2b: Althair|Protect|p2b: Althair
|-singleturn|p2b: Althair|Protect
|move|p1a: Basculegion|Flip Turn|p2a: Kalan
|-resisted|p2a: Kalan
|-damage|p2a: Kalan|55/100
|l|â˜†Ruben1452
|inactive|Ruben1452 disconnected and has a minute to reconnect!
|player|p1|
|inactive|Ruben1452 has 30 seconds left.
|inactive|Ruben1452 has 20 seconds left.
|inactive|Ruben1452 has 15 seconds left.
|inactive|Ruben1452 has 10 seconds left.
|j|â˜†Ruben1452
|inactive|Ruben1452 reconnected and has 10 seconds left.
|player|p1|Ruben1452|hilbert-wonderlauncher|
|inactive|Ruben1452 has 5 seconds left.
|
|t:|1756784208
|switch|p1a: Incineroar|Incineroar, L50, F|100/100|[from] Flip Turn
|-ability|p1a: Incineroar|Intimidate|boost
|-unboost|p2a: Kalan|atk|1
|-unboost|p2b: Althair|atk|1
|move|p2a: Kalan|Tailwind|p2a: Kalan
|-sidestart|p2: bananatreeenjoyer|move: Tailwind
|
|-weather|RainDance|[upkeep]
|upkeep
|turn|2
|
|t:|1756784228
|move|p1a: Incineroar|Fake Out|p2b: Althair
|-damage|p2b: Althair|93/100
|move|p2a: Kalan|Struggle Bug|p1b: Pelipper|[spread] p1a,p1b
|-resisted|p1b: Pelipper
|-damage|p1a: Incineroar|87/100
|-damage|p1b: Pelipper|87/100
|-unboost|p1a: Incineroar|spa|1
|-unboost|p1b: Pelipper|spa|1
|cant|p2b: Althair|flinch
|move|p1b: Pelipper|Hurricane|p2a: Kalan
|-supereffective|p2a: Kalan
|-damage|p2a: Kalan|0 fnt
|faint|p2a: Kalan
|
|-weather|RainDance|[upkeep]
|upkeep
|
|t:|1756784241
|switch|p2a: Herod|Sneasler, L50, F|100/100
|turn|3
|inactive|bananatreeenjoyer has 30 seconds left.
|
|t:|1756784269
|-terastallize|p1a: Incineroar|Ghost
|move|p2a: Herod|Close Combat|p1a: Incineroar
|-immune|p1a: Incineroar
|move|p2b: Althair|Blood Moon|p1b: Pelipper
|-damage|p1b: Pelipper|0 fnt
|faint|p1b: Pelipper
|-damage|p2b: Althair|83/100|[from] item: Life Orb
|move|p1a: Incineroar|Parting Shot|p2b: Althair
|-unboost|p2b: Althair|atk|1
|-unboost|p2b: Althair|spa|1
|
|t:|1756784286
|switch|p1a: Gholdengo|Gholdengo, L50|100/100|[from] Parting Shot
|
|-weather|RainDance|[upkeep]
|upkeep
|
|t:|1756784291
|switch|p1b: Incineroar|Incineroar, L50, F, tera:Ghost|87/100
|-ability|p1b: Incineroar|Intimidate|boost
|-unboost|p2a: Herod|atk|1
|-unboost|p2b: Althair|atk|1
|turn|4
|
|t:|1756784315
|switch|p2a: Haltane|Tyranitar, L50, M|100/100
|-weather|Sandstorm|[from] ability: Sand Stream|[of] p2a: Haltane
|move|p1a: Gholdengo|Protect|p1a: Gholdengo
|-singleturn|p1a: Gholdengo|Protect
|move|p2b: Althair|Earth Power|p1a: Gholdengo
|-activate|p1a: Gholdengo|move: Protect
|move|p1b: Incineroar|Knock Off|p2b: Althair
|-damage|p2b: Althair|51/100
|-enditem|p2b: Althair|Life Orb|[from] move: Knock Off|[of] p1b: Incineroar
|
|-weather|Sandstorm|[upkeep]
|-sideend|p2: bananatreeenjoyer|move: Tailwind
|upkeep
|turn|5
|inactive|Ruben1452 has 30 seconds left.
|inactive|bananatreeenjoyer has 30 seconds left.
|inactive|Ruben1452 has 20 seconds left.
|
|t:|1756784353
|move|p1a: Gholdengo|Make It Rain|p2a: Haltane|[spread] p2a,p2b
|-supereffective|p2a: Haltane
|-damage|p2a: Haltane|50/100
|-damage|p2b: Althair|0 fnt
|-unboost|p1a: Gholdengo|spa|1
|faint|p2b: Althair
|-damage|p1a: Gholdengo|91/100|[from] item: Life Orb
|move|p2a: Haltane|Knock Off|p1b: Incineroar
|-supereffective|p1b: Incineroar
|-damage|p1b: Incineroar|0 fnt
|-enditem|p1b: Incineroar|Safety Goggles|[from] move: Knock Off|[of] p2a: Haltane
|faint|p1b: Incineroar
|
|-weather|Sandstorm|[upkeep]
|upkeep
|
|t:|1756784367
|switch|p2b: Herod|Sneasler, L50, F|100/100
|switch|p1b: Basculegion|Basculegion, L50, M|100/100
|turn|6
|inactive|Ruben1452 has 30 seconds left.
|
|t:|1756784400
|move|p2b: Herod|Throat Chop|p1b: Basculegion
|-supereffective|p1b: Basculegion
|-damage|p1b: Basculegion|31/100
|-start|p1b: Basculegion|Throat Chop|[silent]
|move|p1a: Gholdengo|Nasty Plot|p1a: Gholdengo
|-boost|p1a: Gholdengo|spa|2
|move|p1b: Basculegion|Wave Crash|p2a: Haltane
|-supereffective|p2a: Haltane
|-damage|p2a: Haltane|0 fnt
|faint|p2a: Haltane
|-damage|p1b: Basculegion|16/100|[from] Recoil
|
|-weather|Sandstorm|[upkeep]
|-damage|p2b: Herod|95/100|[from] Sandstorm
|-damage|p1b: Basculegion|10/100|[from] Sandstorm
|upkeep
|turn|7
|
|t:|1756784424
|move|p2b: Herod|Protect|p2b: Herod
|-singleturn|p2b: Herod|Protect
|move|p1a: Gholdengo|Make It Rain|p2b: Herod
|-activate|p2b: Herod|move: Protect
|move|p1b: Basculegion|Wave Crash|p2b: Herod
|-activate|p2b: Herod|move: Protect
|
|-weather|Sandstorm|[upkeep]
|-damage|p2b: Herod|89/100|[from] Sandstorm
|-damage|p1b: Basculegion|4/100|[from] Sandstorm
|-end|p1b: Basculegion|Throat Chop|[silent]
|upkeep
|turn|8
|inactive|bananatreeenjoyer has 30 seconds left.
|
|t:|1756784452
|move|p2b: Herod|Throat Chop|p1a: Gholdengo
|-supereffective|p1a: Gholdengo
|-damage|p1a: Gholdengo|26/100
|-start|p1a: Gholdengo|Throat Chop|[silent]
|move|p1a: Gholdengo|Make It Rain|p2b: Herod
|-damage|p2b: Herod|0 fnt
|-unboost|p1a: Gholdengo|spa|1
|faint|p2b: Herod
|-damage|p1a: Gholdengo|16/100|[from] item: Life Orb
|
|win|Ruben1452
|raw|Ruben1452's rating: 1201 → 1216(+15 for winning)
|raw|bananatreeenjoyer's rating: 1055 → 1044(-11 for losing)
|l|â˜†bananatreeenjoyer
|player|p2|
|j|â˜†bananatreeenjoyer
|player|p2|bananatreeenjoyer|silver|
