|j|☆MurQrow
|j|☆Fransan12
|html|MurQrowFransan12    
|uhtml|bestof|Game 2 of a best-of-3
|t:|1756849677
|gametype|doubles
|player|p1|MurQrow|101|1004
|player|p2|Fransan12|2|1000
|gen|9
|tier|[Gen 9] VGC 2025 Reg H (Bo3)
|rated|
|rule|Species Clause: Limit one of each Pokémon
|rule|Item Clause: Limit 1 of each item
|clearpoke
|poke|p1|Ninetales-Alola, L50, F|
|poke|p1|Baxcalibur, L50, M|
|poke|p1|Gholdengo, L50|
|poke|p1|Magmar, L50, M|
|poke|p1|Rillaboom, L50, M|
|poke|p1|Flamigo, L50, F|
|poke|p2|Incineroar, L50, F|
|poke|p2|Slowbro-Galar, L50, F|
|poke|p2|Decidueye-Hisui, L50, F|
|poke|p2|Talonflame, L50, F|
|poke|p2|Dragapult, L50, M|
|poke|p2|Sinistcha, L50|
|teampreview|4
|showteam|p1|Ninetales-Alola||CovertCloak|SnowWarning|Blizzard,IcyWind,Encore,AuroraVeil|||F|||50|,,,,,Fire]Baxcalibur||LoadedDice|ThermalExchange|Protect,IceShard,IcicleSpear,ScaleShot|||M|||50|,,,,,Water]Gholdengo||LifeOrb|GoodasGold|NastyPlot,Protect,MakeItRain,ShadowBall||||||50|,,,,,Water]Magmar||Eviolite|VitalSpirit|ClearSmog,FollowMe,Protect,Flamethrower|||M|||50|,,,,,Ghost]Rillaboom||AssaultVest|GrassySurge|FakeOut,GrassyGlide,WoodHammer,HighHorsepower|||M|||50|,,,,,Fire]Flamigo||ChoiceScarf|Scrappy|CloseCombat,BraveBird,DualWingbeat,Tailwind|||F|||50|,,,,,Ghost
|showteam|p2|Incineroar||EjectButton|Intimidate|FakeOut,PartingShot,KnockOff,Bulldoze|||F|||50|,,,,,Fire]Slowbro-Galar||ExpertBelt|OwnTempo|PoisonJab,ZenHeadbutt,DrainPunch,Protect|||F|||50|,,,,,Poison]Decidueye-Hisui||CovertCloak|Scrappy|Coaching,CloseCombat,TripleArrows,LightScreen|||F|||50|,,,,,Poison]Talonflame||FocusSash|GaleWings|Tailwind,BraveBird,Protect,DualWingbeat|||F|||50|,,,,,Fire]Dragapult||LifeOrb|ClearBody|PsychicFangs,DragonDarts,SuckerPunch,WillOWisp|||M|||50|,,,,,Dragon]Sinistcha||RockyHelmet|Hospitality|MatchaGotcha,TrickRoom,RagePowder,LifeDew||||||50|,,,,,Grass
|inactive|Battle timer is ON: inactive players will automatically lose when time's up. (requested by Fransan12)
|inactive|MurQrow also wants the timer to be on.
|
|t:|1756849694
|teamsize|p1|4
|teamsize|p2|4
|start
|switch|p1a: Ninetales|Ninetales-Alola, L50, F|100/100
|switch|p1b: Flush five|Baxcalibur, L50, M|100/100
|switch|p2a: Slowbro|Slowbro-Galar, L50, F|100/100
|switch|p2b: Incineroar|Incineroar, L50, F|100/100
|-weather|Snowscape|[from] ability: Snow Warning|[of] p1a: Ninetales
|-ability|p2b: Incineroar|Intimidate|boost
|-unboost|p1a: Ninetales|atk|1
|-unboost|p1b: Flush five|atk|1
|turn|1
|inactive|MurQrow has 30 seconds left.
|
|t:|1756849724
|move|p1b: Flush five|Protect|p1b: Flush five
|-singleturn|p1b: Flush five|Protect
|move|p2b: Incineroar|Fake Out|p1b: Flush five
|-activate|p1b: Flush five|move: Protect
|move|p1a: Ninetales|Aurora Veil|p1a: Ninetales
|-sidestart|p1: MurQrow|move: Aurora Veil
|move|p2a: Slowbro|Poison Jab|p1a: Ninetales
|-supereffective|p1a: Ninetales
|-damage|p1a: Ninetales|47/100
|
|-weather|Snowscape|[upkeep]
|upkeep
|turn|2
|
|t:|1756849740
|move|p1a: Ninetales|Blizzard|p2a: Slowbro|[spread] p2a,p2b
|-resisted|p2b: Incineroar
|-damage|p2a: Slowbro|74/100
|-damage|p2b: Incineroar|88/100
|-enditem|p2b: Incineroar|Eject Button
|
|t:|1756849744
|switch|p2b: Sinistcha|Sinistcha, L50|100/100
|-heal|p2a: Slowbro|99/100|[from] ability: Hospitality|[of] p2b: Sinistcha
|move|p1b: Flush five|Scale Shot|p2a: Slowbro
|-damage|p2a: Slowbro|88/100
|-damage|p2a: Slowbro|77/100
|-damage|p2a: Slowbro|66/100
|-damage|p2a: Slowbro|56/100
|-damage|p2a: Slowbro|47/100
|-hitcount|p2a: Slowbro|5
|-unboost|p1b: Flush five|def|1
|-boost|p1b: Flush five|spe|1
|move|p2a: Slowbro|Poison Jab|p1a: Ninetales
|-supereffective|p1a: Ninetales
|-damage|p1a: Ninetales|0 fnt
|faint|p1a: Ninetales
|
|-weather|Snowscape|[upkeep]
|upkeep
|
|t:|1756849762
|switch|p1a: Flamigo|Flamigo, L50, F|100/100
|turn|3
|
|t:|1756849776
|switch|p2b: Incineroar|Incineroar, L50, F|88/100
|-ability|p2b: Incineroar|Intimidate|boost
|-fail|p1a: Flamigo|unboost|Attack|[from] ability: Scrappy|[of] p1a: Flamigo
|-unboost|p1b: Flush five|atk|1
|move|p1a: Flamigo|Brave Bird|p2b: Incineroar
|-damage|p2b: Incineroar|27/100
|-damage|p1a: Flamigo|75/100|[from] Recoil
|move|p1b: Flush five|Icicle Spear|p2a: Slowbro
|-damage|p2a: Slowbro|39/100
|-damage|p2a: Slowbro|32/100
|-damage|p2a: Slowbro|24/100
|-damage|p2a: Slowbro|16/100
|-hitcount|p2a: Slowbro|4
|move|p2a: Slowbro|Drain Punch|p1b: Flush five
|-supereffective|p1b: Flush five
|-damage|p1b: Flush five|64/100
|-heal|p2a: Slowbro|34/100|[from] drain|[of] p1b: Flush five
|
|-weather|Snowscape|[upkeep]
|upkeep
|turn|4
|
|t:|1756849799
|-terastallize|p1a: Flamigo|Ghost
|move|p2b: Incineroar|Fake Out|p1a: Flamigo
|-immune|p1a: Flamigo
|move|p1a: Flamigo|Brave Bird|p2b: Incineroar
|-damage|p2b: Incineroar|0 fnt
|faint|p2b: Incineroar
|-damage|p1a: Flamigo|63/100|[from] Recoil
|move|p1b: Flush five|Icicle Spear|p2a: Slowbro
|-damage|p2a: Slowbro|26/100
|-damage|p2a: Slowbro|18/100
|-damage|p2a: Slowbro|10/100
|-damage|p2a: Slowbro|2/100
|-hitcount|p2a: Slowbro|4
|move|p2a: Slowbro|Drain Punch|p1b: Flush five
|-supereffective|p1b: Flush five
|-damage|p1b: Flush five|26/100
|-heal|p2a: Slowbro|20/100|[from] drain|[of] p1b: Flush five
|
|-weather|Snowscape|[upkeep]
|upkeep
|
|t:|1756849807
|switch|p2b: Sinistcha|Sinistcha, L50|100/100
|-heal|p2a: Slowbro|45/100|[from] ability: Hospitality|[of] p2b: Sinistcha
|turn|5
|
|t:|1756849825
|move|p1b: Flush five|Protect|p1b: Flush five
|-singleturn|p1b: Flush five|Protect
|move|p1a: Flamigo|Brave Bird|p2b: Sinistcha
|-supereffective|p2b: Sinistcha
|-damage|p2b: Sinistcha|0 fnt
|-damage|p1a: Flamigo|47/100|[from] item: Rocky Helmet|[of] p2b: Sinistcha
|faint|p2b: Sinistcha
|-damage|p1a: Flamigo|9/100|[from] Recoil
|move|p2a: Slowbro|Drain Punch|p1b: Flush five
|-activate|p1b: Flush five|move: Protect
|
|-weather|none
|-sideend|p1: MurQrow|move: Aurora Veil
|upkeep
|
|t:|1756849828
|switch|p2b: Decidueye|Decidueye-Hisui, L50, F|100/100
|turn|6
|
|t:|1756849847
|move|p1a: Flamigo|Brave Bird|p2b: Decidueye
|-supereffective|p2b: Decidueye
|-damage|p2b: Decidueye|0 fnt
|faint|p2b: Decidueye
|-damage|p1a: Flamigo|0 fnt|[from] Recoil
|faint|p1a: Flamigo
|move|p1b: Flush five|Icicle Spear|p2a: Slowbro
|-damage|p2a: Slowbro|38/100
|-damage|p2a: Slowbro|30/100
|-damage|p2a: Slowbro|22/100
|-damage|p2a: Slowbro|14/100
|-damage|p2a: Slowbro|6/100
|-hitcount|p2a: Slowbro|5
|move|p2a: Slowbro|Drain Punch|p1b: Flush five
|-supereffective|p1b: Flush five
|-damage|p1b: Flush five|0 fnt
|-heal|p2a: Slowbro|19/100|[from] drain|[of] p1b: Flush five
|faint|p1b: Flush five
|
|upkeep
|
|t:|1756849865
|switch|p1b: Rillaboom|Rillaboom, L50, M|100/100
|-fieldstart|move: Grassy Terrain|[from] ability: Grassy Surge|[of] p1b: Rillaboom
|turn|7
|
|t:|1756849870
|-terastallize|p2a: Slowbro|Poison
|move|p1b: Rillaboom|Fake Out|p2a: Slowbro
|-damage|p2a: Slowbro|7/100
|cant|p2a: Slowbro|flinch
|
|-heal|p2a: Slowbro|13/100|[from] Grassy Terrain
|upkeep
|turn|8
|c|☆Fransan12|Gg
|
|t:|1756849881
|move|p1b: Rillaboom|High Horsepower|p2a: Slowbro
|-supereffective|p2a: Slowbro
|-damage|p2a: Slowbro|0 fnt
|faint|p2a: Slowbro
|
|win|MurQrow
|raw|MurQrow's rating: 1004 → 1043(+39 for winning)
|raw|Fransan12's rating: 1000 → 1000(+0 for losing)
