|j|☆HorrendousCheese
|j|☆koronops5
|html|HorrendousCheesekoronops5    
|uhtml|bestof|Game 1 of a best-of-3
|t:|1756771710
|gametype|doubles
|player|p1|HorrendousCheese|burglar|1186
|player|p2|koronops5|170|1148
|gen|9
|tier|[Gen 9] VGC 2025 Reg H (Bo3)
|rated|
|rule|Species Clause: Limit one of each Pokémon
|rule|Item Clause: Limit 1 of each item
|clearpoke
|poke|p1|Maushold-Four, L50|
|poke|p1|Incineroar, L50, F|
|poke|p1|Pelipper, L50, F|
|poke|p1|Sinistcha, L50|
|poke|p1|Ursaluna, L50, F|
|poke|p1|Hydreigon, L50, F|
|poke|p2|Charizard, L50, M|
|poke|p2|Torkoal, L50, F|
|poke|p2|Porygon2, L50|
|poke|p2|Incineroar, L50, M|
|poke|p2|Jumpluff, L50, M|
|poke|p2|Ursaluna, L50, F|
|teampreview|4
|showteam|p1|Maushold-Four||WideLens|Technician|Protect,FollowMe,ThunderWave,PopulationBomb||||||50|,,,,,Grass]Incineroar||SafetyGoggles|Intimidate|PartingShot,Taunt,FakeOut,KnockOff|||F|||50|,,,,,Ghost]Pelipper||FocusSash|Drizzle|Protect,Tailwind,Hurricane,MuddyWater|||F|||50|,,,,,Ghost]Sinistcha||MentalHerb|Hospitality|TrickRoom,RagePowder,MatchaGotcha,ShadowBall||||||50|,,,,,Water]Ursaluna||FlameOrb|Guts|Protect,HeadlongRush,Earthquake,Facade|||F|||50|,,,,,Ghost]Hydreigon||ChoiceSpecs|Levitate|HeatWave,Snarl,DarkPulse,DragonPulse|||F|||50|,,,,,Fire
|showteam|p2|Charizard||ChoiceSpecs|SolarPower|HeatWave,DragonPulse,WeatherBall,AirSlash|||M|||50|,,,,,Ghost]Torkoal||EjectPack|Drought|Eruption,Overheat,HelpingHand,Protect|||F|||50|,,,,,Fire]Porygon2||Eviolite|Download|TeraBlast,IceBeam,Recover,TrickRoom||||||50|,,,,,Fighting]Incineroar||SitrusBerry|Intimidate|FlareBlitz,KnockOff,FakeOut,PartingShot|||M|||50|,,,,,Ghost]Jumpluff||CovertCloak|Chlorophyll|SleepPowder,SunnyDay,RagePowder,Tailwind|||M|||50|,,,,,Water]Ursaluna||FlameOrb|Guts|HeadlongRush,Facade,Earthquake,Protect|||F|||50|,,,,,Ghost
|inactive|Battle timer is ON: inactive players will automatically lose when time's up. (requested by HorrendousCheese)
|inactive|koronops5 has 60 seconds left.
|
|t:|1756771795
|teamsize|p1|4
|teamsize|p2|4
|start
|switch|p1a: Maushold|Maushold-Four, L50|100/100
|switch|p1b: Incineroar|Incineroar, L50, F|100/100
|switch|p2a: Charizard|Charizard, L50, M|100/100
|switch|p2b: Jumpluff|Jumpluff, L50, M|100/100
|-ability|p1b: Incineroar|Intimidate|boost
|-unboost|p2a: Charizard|atk|1
|-unboost|p2b: Jumpluff|atk|1
|turn|1
|inactive|koronops5 has 30 seconds left.
|inactive|koronops5 has 20 seconds left.
|inactive|koronops5 has 15 seconds left.
|inactive|koronops5 has 10 seconds left.
|
|t:|1756771841
|switch|p2a: Incineroar|Incineroar, L50, M|100/100
|-ability|p2a: Incineroar|Intimidate|boost
|-unboost|p1a: Maushold|atk|1
|-unboost|p1b: Incineroar|atk|1
|switch|p1b: Pelipper|Pelipper, L50, F|100/100
|-weather|RainDance|[from] ability: Drizzle|[of] p1b: Pelipper
|move|p1a: Maushold|Population Bomb|p2b: Jumpluff
|-damage|p2b: Jumpluff|92/100
|-damage|p2b: Jumpluff|82/100
|-damage|p2b: Jumpluff|71/100
|-damage|p2b: Jumpluff|62/100
|-damage|p2b: Jumpluff|52/100
|-damage|p2b: Jumpluff|42/100
|-damage|p2b: Jumpluff|33/100
|-damage|p2b: Jumpluff|23/100
|-damage|p2b: Jumpluff|13/100
|-damage|p2b: Jumpluff|4/100
|-hitcount|p2b: Jumpluff|10
|move|p2b: Jumpluff|Sleep Powder|p1a: Maushold
|-status|p1a: Maushold|slp|[from] move: Sleep Powder
|
|-weather|RainDance|[upkeep]
|upkeep
|turn|2
|inactive|HorrendousCheese has 30 seconds left.
|inactive|koronops5 has 30 seconds left.
|
|t:|1756771872
|move|p1b: Pelipper|Protect|p1b: Pelipper
|-singleturn|p1b: Pelipper|Protect
|move|p2a: Incineroar|Fake Out|p1b: Pelipper
|-activate|p1b: Pelipper|move: Protect
|cant|p1a: Maushold|slp
|move|p2b: Jumpluff|Sunny Day|p2b: Jumpluff
|-weather|SunnyDay
|
|-weather|SunnyDay|[upkeep]
|upkeep
|turn|3
|
|t:|1756771888
|switch|p1b: Incineroar|Incineroar, L50, F|100/100
|-ability|p1b: Incineroar|Intimidate|boost
|-unboost|p2a: Incineroar|atk|1
|-unboost|p2b: Jumpluff|atk|1
|move|p2b: Jumpluff|Tailwind|p2b: Jumpluff
|-sidestart|p2: koronops5|move: Tailwind
|move|p2a: Incineroar|Knock Off|p1a: Maushold
|-damage|p1a: Maushold|54/100 slp
|-enditem|p1a: Maushold|Wide Lens|[from] move: Knock Off|[of] p2a: Incineroar
|cant|p1a: Maushold|slp
|
|-weather|SunnyDay|[upkeep]
|upkeep
|turn|4
|
|t:|1756771906
|switch|p2b: Ursaluna|Ursaluna, L50, F|100/100
|move|p2a: Incineroar|Parting Shot|p1a: Maushold
|-unboost|p1a: Maushold|atk|1
|-unboost|p1a: Maushold|spa|1
|
|t:|1756771913
|switch|p2a: Charizard|Charizard, L50, M|100/100|[from] Parting Shot
|-curestatus|p1a: Maushold|slp|[msg]
|move|p1a: Maushold|Population Bomb|p2b: Ursaluna
|-damage|p2b: Ursaluna|95/100
|-damage|p2b: Ursaluna|91/100
|-damage|p2b: Ursaluna|86/100
|-hitcount|p2b: Ursaluna|3
|move|p1b: Incineroar|Parting Shot|p2a: Charizard
|-unboost|p2a: Charizard|atk|1
|-unboost|p2a: Charizard|spa|1
|
|t:|1756771924
|switch|p1b: Pelipper|Pelipper, L50, F|100/100|[from] Parting Shot
|-weather|RainDance|[from] ability: Drizzle|[of] p1b: Pelipper
|
|-weather|RainDance|[upkeep]
|-status|p2b: Ursaluna|brn|[from] item: Flame Orb
|upkeep
|turn|5
|inactive|koronops5 has 30 seconds left.
|inactive|koronops5 has 20 seconds left.
|
|t:|1756771964
|switch|p1a: Incineroar|Incineroar, L50, F|100/100
|-ability|p1a: Incineroar|Intimidate|boost
|-unboost|p2a: Charizard|atk|1
|-unboost|p2b: Ursaluna|atk|1
|-terastallize|p2b: Ursaluna|Ghost
|move|p2a: Charizard|Weather Ball|p1a: Incineroar
|-supereffective|p1a: Incineroar
|-damage|p1a: Incineroar|28/100
|move|p2b: Ursaluna|Facade|p1b: Pelipper
|-enditem|p1b: Pelipper|Focus Sash
|-damage|p1b: Pelipper|1/100
|move|p1b: Pelipper|Muddy Water|p2b: Ursaluna|[spread] p2a,p2b
|-supereffective|p2a: Charizard
|-damage|p2a: Charizard|0 fnt
|-damage|p2b: Ursaluna|44/100 brn
|faint|p2a: Charizard
|
|-weather|RainDance|[upkeep]
|-damage|p2b: Ursaluna|38/100 brn|[from] brn
|upkeep
|
|t:|1756771980
|switch|p2a: Jumpluff|Jumpluff, L50, M|4/100
|turn|6
|
|t:|1756771991
|move|p2a: Jumpluff|Sunny Day|p2a: Jumpluff
|-weather|SunnyDay
|move|p2b: Ursaluna|Earthquake|p1a: Incineroar|[spread] p1a
|-immune|p2a: Jumpluff
|-immune|p1b: Pelipper
|-supereffective|p1a: Incineroar
|-damage|p1a: Incineroar|0 fnt
|faint|p1a: Incineroar
|move|p1b: Pelipper|Muddy Water|p2a: Jumpluff|[spread] p2a,p2b
|-resisted|p2a: Jumpluff
|-damage|p2a: Jumpluff|0 fnt
|-damage|p2b: Ursaluna|26/100 brn
|-unboost|p2b: Ursaluna|accuracy|1
|faint|p2a: Jumpluff
|
|-weather|SunnyDay|[upkeep]
|-damage|p2b: Ursaluna|20/100 brn|[from] brn
|-sideend|p2: koronops5|move: Tailwind
|upkeep
|
|t:|1756772007
|switch|p2a: Incineroar|Incineroar, L50, M|100/100
|switch|p1a: Maushold|Maushold-Four, L50|54/100
|-ability|p2a: Incineroar|Intimidate|boost
|-unboost|p1a: Maushold|atk|1
|-unboost|p1b: Pelipper|atk|1
|turn|7
|
|t:|1756772018
|move|p1a: Maushold|Protect|p1a: Maushold
|-singleturn|p1a: Maushold|Protect
|move|p1b: Pelipper|Protect|p1b: Pelipper
|-singleturn|p1b: Pelipper|Protect
|move|p2a: Incineroar|Fake Out|p1b: Pelipper
|-activate|p1b: Pelipper|move: Protect
|move|p2b: Ursaluna|Facade|p1a: Maushold
|-activate|p1a: Maushold|move: Protect
|
|-weather|SunnyDay|[upkeep]
|-damage|p2b: Ursaluna|14/100 brn|[from] brn
|upkeep
|turn|8
|
|t:|1756772032
|move|p2b: Ursaluna|Protect|p2b: Ursaluna
|-singleturn|p2b: Ursaluna|Protect
|move|p1a: Maushold|Population Bomb|p2a: Incineroar|[miss]
|-miss|p1a: Maushold|p2a: Incineroar
|move|p1b: Pelipper|Muddy Water|p2b: Ursaluna|[spread] p2a
|-activate|p2b: Ursaluna|move: Protect
|-supereffective|p2a: Incineroar
|-damage|p2a: Incineroar|74/100
|move|p2a: Incineroar|Knock Off|p1b: Pelipper
|-damage|p1b: Pelipper|0 fnt
|faint|p1b: Pelipper
|
|-weather|SunnyDay|[upkeep]
|-damage|p2b: Ursaluna|8/100 brn|[from] brn
|upkeep
|
|t:|1756772040
|switch|p1b: Hydreigon|Hydreigon, L50, F|100/100
|turn|9
|
|t:|1756772049
|move|p1a: Maushold|Population Bomb|p2a: Incineroar
|-damage|p2a: Incineroar|66/100
|-damage|p2a: Incineroar|58/100
|-damage|p2a: Incineroar|50/100
|-enditem|p2a: Incineroar|Sitrus Berry|[eat]
|-heal|p2a: Incineroar|75/100|[from] item: Sitrus Berry
|-damage|p2a: Incineroar|68/100
|-hitcount|p2a: Incineroar|4
|move|p1b: Hydreigon|Dragon Pulse|p2b: Ursaluna
|-damage|p2b: Ursaluna|0 fnt
|faint|p2b: Ursaluna
|move|p2a: Incineroar|Knock Off|p1b: Hydreigon
|-resisted|p1b: Hydreigon
|-damage|p1b: Hydreigon|78/100
|-enditem|p1b: Hydreigon|Choice Specs|[from] move: Knock Off|[of] p2a: Incineroar
|
|-weather|SunnyDay|[upkeep]
|upkeep
|turn|10
|-message|koronops5 forfeited.
|
|win|HorrendousCheese
|l|☆koronops5
|player|p2|
||koronops5 is ready for game 2.
||HorrendousCheese is ready for game 2.
|uhtml|next|Next: Game 2 of 3
|j|☆koronops5
|player|p2|koronops5|170|
