|j|☆rancidspy
|j|☆duraflameusa
|html|rancidspyduraflameusa    
|uhtml|bestof|Game 1 of a best-of-3
|t:|1786008809
|gametype|doubles
|player|p1|rancidspy|1|1134
|player|p2|duraflameusa|byron|1070
|gen|9
|tier|[Gen 9 Champions] VGC 2026 Reg M-B (Bo3)
|rated|
|rule|Species Clause: Limit one of each Pokémon
|rule|Item Clause: Limit 1 of each item
|clearpoke
|poke|p1|Staraptor, L50, M|
|poke|p1|Mamoswine, L50, M|
|poke|p1|Bellibolt, L50, M|
|poke|p1|Sinistcha, L50|
|poke|p1|Grimmsnarl, L50, M|
|poke|p1|Ceruledge, L50, F|
|poke|p2|Gengar, L50, M|
|poke|p2|Politoed, L50, M|
|poke|p2|Incineroar, L50, F|
|poke|p2|Archaludon, L50, F|
|poke|p2|Swampert, L50, F|
|poke|p2|Vivillon-Pokeball, L50, M|
|teampreview|4
|showteam|p1|Staraptor||Staraptite|Intimidate|BraveBird,CloseCombat,Tailwind,Protect|Jolly||M|||50|]Mamoswine||FocusSash|Oblivious|IceShard,HighHorsepower,RockTomb,Protect|Adamant||M|||50|]Bellibolt||Leftovers|Electromorphosis|MuddyWater,Thunderbolt,ParabolicCharge,SlackOff|Modest||M|||50|]Sinistcha||KasibBerry|Hospitality|MatchaGotcha,RagePowder,TrickRoom,Protect|Bold|||||50|]Grimmsnarl||LightClay|Prankster|SpiritBreak,Reflect,LightScreen,PartingShot|Impish||M|||50|]Ceruledge||ColburBerry|FlashFire|ShadowSneak,BitterBlade,BulkUp,Protect|Serious||F|||50|
|showteam|p2|Gengar||Gengarite|CursedBody|ShadowBall,SludgeBomb,Disable,Protect|Bold||M|||50|]Politoed||SitrusBerry|Drizzle|PerishSong,Encore,MuddyWater,Protect|Calm||M|||50|]Incineroar||PasshoBerry|Intimidate|FakeOut,DarkestLariat,PartingShot,Protect|Careful||F|||50|]Archaludon||Leftovers|Stamina|ElectroShot,DracoMeteor,FlashCannon,Protect|Timid||F|||50|]Swampert||Swampertite|Damp|Earthquake,WaveCrash,StompingTantrum,Protect|Adamant||F|||50|]Vivillon-Pokeball||ChoiceScarf|CompoundEyes|SleepPowder,Tailwind,PollenPuff,RainDance|Timid||M|||50|
|
|t:|1786008846
|teamsize|p1|4
|teamsize|p2|4
|start
|switch|p1a: Grimmsnarl|Grimmsnarl, L50, M|100/100
|switch|p1b: Mamoswine|Mamoswine, L50, M|100/100
|switch|p2a: Incineroar|Incineroar, L50, F|100/100
|switch|p2b: Archaludon|Archaludon, L50, F|100/100
|-ability|p2a: Incineroar|Intimidate|boost
|-unboost|p1a: Grimmsnarl|atk|1
|-fail|p1b: Mamoswine|unboost|Attack|[from] ability: Oblivious|[of] p1b: Mamoswine
|turn|1
|
|t:|1786008876
|move|p2a: Incineroar|Fake Out|p1b: Mamoswine
|-damage|p1b: Mamoswine|86/100
|move|p1a: Grimmsnarl|Light Screen|p1a: Grimmsnarl
|-sidestart|p1: rancidspy|move: Light Screen
|move|p2b: Archaludon|Flash Cannon|p1b: Mamoswine
|-supereffective|p1b: Mamoswine|1
|-damage|p1b: Mamoswine|13/100
|cant|p1b: Mamoswine|flinch
|
|upkeep
|turn|2
|
|t:|1786008897
|switch|p2b: Politoed|Politoed, L50, M|100/100
|-weather|RainDance|[from] ability: Drizzle|[of] p2b: Politoed
|move|p1a: Grimmsnarl|Parting Shot|p2b: Politoed
|-unboost|p2b: Politoed|atk|1
|-unboost|p2b: Politoed|spa|1
|
|t:|1786008907
|switch|p1a: Staraptor|Staraptor, L50, M|100/100|[from] Parting Shot
|-ability|p1a: Staraptor|Intimidate|boost
|-unboost|p2a: Incineroar|atk|1
|-unboost|p2b: Politoed|atk|1
|move|p1b: Mamoswine|High Horsepower|p2b: Politoed
|-damage|p2b: Politoed|37/100
|-enditem|p2b: Politoed|Sitrus Berry|[eat]
|-heal|p2b: Politoed|62/100|[from] item: Sitrus Berry
|move|p2a: Incineroar|Darkest Lariat|p1b: Mamoswine
|-damage|p1b: Mamoswine|0 fnt
|faint|p1b: Mamoswine
|
|-weather|RainDance|[upkeep]
|upkeep
|
|t:|1786008919
|switch|p1b: Grimmsnarl|Grimmsnarl, L50, M|100/100
|turn|3
|inactive|Battle timer is ON: inactive players will automatically lose when time's up. (requested by rancidspy)
|
|t:|1786008940
|detailschange|p1a: Staraptor|Staraptor-Mega, L50, M
|-mega|p1a: Staraptor|Staraptor|Staraptite
|move|p1a: Staraptor|Close Combat|p2b: Politoed
|-crit|p2b: Politoed
|-damage|p2b: Politoed|0 fnt
|-boost|p1a: Staraptor|def|1
|-boost|p1a: Staraptor|spd|1
|faint|p2b: Politoed
|move|p1b: Grimmsnarl|Spirit Break|p2a: Incineroar
|-damage|p2a: Incineroar|71/100
|-unboost|p2a: Incineroar|spa|1
|move|p2a: Incineroar|Darkest Lariat|p1a: Staraptor
|-resisted|p1a: Staraptor|1
|-damage|p1a: Staraptor|90/100
|
|-weather|RainDance|[upkeep]
|upkeep
|
|t:|1786008957
|switch|p2b: Swampert|Swampert, L50, F|100/100
|turn|4
|
|t:|1786008972
|detailschange|p2b: Swampert|Swampert-Mega, L50, F
|-mega|p2b: Swampert|Swampert|Swampertite
|move|p1b: Grimmsnarl|Reflect|p1b: Grimmsnarl
|-sidestart|p1: rancidspy|Reflect
|move|p2b: Swampert|Wave Crash|p1a: Staraptor
|-damage|p1a: Staraptor|41/100
|-damage|p2b: Swampert|84/100|[from] Recoil
|move|p1a: Staraptor|Close Combat|p2a: Incineroar
|-supereffective|p2a: Incineroar|1
|-damage|p2a: Incineroar|0 fnt
|-boost|p1a: Staraptor|def|1
|-boost|p1a: Staraptor|spd|1
|faint|p2a: Incineroar
|
|-weather|RainDance|[upkeep]
|upkeep
|
|t:|1786008977
|switch|p2a: Archaludon|Archaludon, L50, F|100/100
|turn|5
|
|t:|1786008994
|switch|p1b: Sinistcha|Sinistcha, L50|100/100
|-heal|p1a: Staraptor|65/100|[from] ability: Hospitality|[of] p1b: Sinistcha
|move|p1a: Staraptor|Protect|p1a: Staraptor
|-singleturn|p1a: Staraptor|Protect
|move|p2b: Swampert|Wave Crash|p1a: Staraptor
|-activate|p1a: Staraptor|move: Protect
|move|p2a: Archaludon|Electro Shot||[still]
|-prepare|p2a: Archaludon|Electro Shot
|-boost|p2a: Archaludon|spa|1
|-anim|p2a: Archaludon|Electro Shot|p1a: Staraptor
|-activate|p1a: Staraptor|move: Protect
|
|-weather|RainDance|[upkeep]
|upkeep
|turn|6
|inactive|rancidspy has 30 seconds left.
|inactive|duraflameusa has 30 seconds left.
|
|t:|1786009025
|move|p2b: Swampert|Protect|p2b: Swampert
|-singleturn|p2b: Swampert|Protect
|move|p1b: Sinistcha|Rage Powder|p1b: Sinistcha
|-singleturn|p1b: Sinistcha|move: Rage Powder
|move|p1a: Staraptor|Close Combat|p2b: Swampert
|-activate|p2b: Swampert|move: Protect
|move|p2a: Archaludon|Electro Shot||[still]
|-prepare|p2a: Archaludon|Electro Shot
|-boost|p2a: Archaludon|spa|1
|-anim|p2a: Archaludon|Electro Shot|p1b: Sinistcha
|-resisted|p1b: Sinistcha|1
|-damage|p1b: Sinistcha|69/100
|
|-weather|none
|upkeep
|turn|7
|-message|duraflameusa forfeited.
|
|win|rancidspy
||duraflameusa is ready for game 2.
|l|☆rancidspy
|player|p1|
||rancidspy is ready for game 2.
|uhtml|next|Next: Game 2 of 3
