|j|☆NatRus3
|j|☆LegionVGC
|html|NatRus3LegionVGC    
|uhtml|bestof|Game 2 of a best-of-3
|t:|1757909256
|gametype|doubles
|player|p1|NatRus3|102|1118
|player|p2|LegionVGC|169|1167
|gen|9
|tier|[Gen 9] VGC 2025 Reg H (Bo3)
|rated|
|rule|Species Clause: Limit one of each Pokémon
|rule|Item Clause: Limit 1 of each item
|clearpoke
|poke|p1|Pelipper, L50, F|
|poke|p1|Archaludon, L50, M|
|poke|p1|Flamigo, L50, F|
|poke|p1|Basculegion, L50, M|
|poke|p1|Incineroar, L50, M|
|poke|p1|Whimsicott, L50, M|
|poke|p2|Jumpluff, L50, F|
|poke|p2|Charizard, L50, M|
|poke|p2|Incineroar, L50, M|
|poke|p2|Ursaluna, L50, M|
|poke|p2|Porygon2, L50|
|poke|p2|Torkoal, L50, M|
|teampreview|4
|showteam|p1|Pelipper||FocusSash|Drizzle|MuddyWater,Hurricane,WideGuard,Protect|||F|||50|,,,,,Ghost]Archaludon||AssaultVest|Stamina|ElectroShot,DragonPulse,FlashCannon,BodyPress|||M|||50|,,,,,Fairy]Flamigo||WhiteHerb|Scrappy|CloseCombat,Acrobatics,Feint,Protect|||F|||50|,,,,,Ghost]Basculegion||LifeOrb|SwiftSwim|AquaJet,LastRespects,WaveCrash,Protect|||M|||50|,,,,,Water]Incineroar||RockyHelmet|Intimidate|FakeOut,KnockOff,FlareBlitz,PartingShot|||M|||50|,,,,,Grass]Whimsicott||CovertCloak|Prankster|Tailwind,Encore,BeatUp,Moonblast|||M|||50|,,,,,Flying
|showteam|p2|Jumpluff||CovertCloak|Chlorophyll|RagePowder,SleepPowder,SunnyDay,Tailwind|||F|||50|,,,,,Water]Charizard||ChoiceSpecs|SolarPower|HeatWave,Overheat,WeatherBall,AirSlash|||M|||50|,,,,,Ghost]Incineroar||SafetyGoggles|Intimidate|FlareBlitz,KnockOff,FakeOut,PartingShot|||M|||50|,,,,,Ghost]Ursaluna||FlameOrb|Guts|HeadlongRush,Facade,Earthquake,Protect|||M|||50|,,,,,Ghost]Porygon2||Eviolite|Download|TeraBlast,IceBeam,Recover,TrickRoom||||||50|,,,,,Fighting]Torkoal||EjectPack|Drought|Eruption,Overheat,HelpingHand,Protect|||M|||50|,,,,,Fire
|inactive|Battle timer is ON: inactive players will automatically lose when time's up. (requested by NatRus3)
|
|t:|1757909272
|teamsize|p1|4
|teamsize|p2|4
|start
|switch|p1a: Incineroar|Incineroar, L50, M|100/100
|switch|p1b: Flamigo|Flamigo, L50, F|100/100
|switch|p2a: Scat Pack|Incineroar, L50, M|100/100
|switch|p2b: Blueberry|Jumpluff, L50, F|100/100
|-ability|p2a: Scat Pack|Intimidate|boost
|-unboost|p1a: Incineroar|atk|1
|-fail|p1b: Flamigo|unboost|Attack|[from] ability: Scrappy|[of] p1b: Flamigo
|-ability|p1a: Incineroar|Intimidate|boost
|-unboost|p2a: Scat Pack|atk|1
|-unboost|p2b: Blueberry|atk|1
|turn|1
|inactive|NatRus3 has 30 seconds left.
|inactive|LegionVGC has 30 seconds left.
|
|t:|1757909303
|-terastallize|p1b: Flamigo|Ghost
|move|p2a: Scat Pack|Fake Out|p1a: Incineroar
|-damage|p1a: Incineroar|92/100
|-damage|p2a: Scat Pack|84/100|[from] item: Rocky Helmet|[of] p1a: Incineroar
|move|p2b: Blueberry|Sleep Powder|p1b: Flamigo
|-status|p1b: Flamigo|slp|[from] move: Sleep Powder
|cant|p1b: Flamigo|slp
|cant|p1a: Incineroar|flinch
|
|upkeep
|turn|2
|
|t:|1757909325
|move|p2b: Blueberry|Sleep Powder|p1a: Incineroar
|-status|p1a: Incineroar|slp|[from] move: Sleep Powder
|cant|p1b: Flamigo|slp
|move|p2a: Scat Pack|Knock Off|p1b: Flamigo
|-supereffective|p1b: Flamigo
|-damage|p1b: Flamigo|41/100 slp
|-enditem|p1b: Flamigo|White Herb|[from] move: Knock Off|[of] p2a: Scat Pack
|cant|p1a: Incineroar|slp
|
|upkeep
|turn|3
|
|t:|1757909338
|move|p2b: Blueberry|Tailwind|p2b: Blueberry
|-sidestart|p2: LegionVGC|move: Tailwind
|move|p2a: Scat Pack|Knock Off|p1b: Flamigo
|-supereffective|p1b: Flamigo
|-damage|p1b: Flamigo|0 fnt
|faint|p1b: Flamigo
|-curestatus|p1a: Incineroar|slp|[msg]
|move|p1a: Incineroar|Flare Blitz|p2b: Blueberry
|-supereffective|p2b: Blueberry
|-damage|p2b: Blueberry|0 fnt
|faint|p2b: Blueberry
|-damage|p1a: Incineroar|62/100|[from] Recoil
|
|upkeep
|
|t:|1757909353
|switch|p2b: Starbreaker|Porygon2, L50|100/100
|switch|p1b: Archaludon|Archaludon, L50, M|100/100
|-ability|p2b: Starbreaker|Download|boost
|-boost|p2b: Starbreaker|spa|1
|turn|4
|inactive|LegionVGC has 30 seconds left.
|
|t:|1757909388
|move|p2a: Scat Pack|Knock Off|p1b: Archaludon
|-damage|p1b: Archaludon|80/100
|-ability|p1b: Archaludon|Stamina|boost
|-boost|p1b: Archaludon|def|1
|-enditem|p1b: Archaludon|Assault Vest|[from] move: Knock Off|[of] p2a: Scat Pack
|move|p2b: Starbreaker|Ice Beam|p1b: Archaludon
|-damage|p1b: Archaludon|27/100
|-ability|p1b: Archaludon|Stamina|boost
|-boost|p1b: Archaludon|def|1
|move|p1b: Archaludon|Body Press|p2b: Starbreaker
|-supereffective|p2b: Starbreaker
|-damage|p2b: Starbreaker|42/100
|move|p1a: Incineroar|Knock Off|p2b: Starbreaker
|-damage|p2b: Starbreaker|23/100
|-enditem|p2b: Starbreaker|Eviolite|[from] move: Knock Off|[of] p1a: Incineroar
|
|upkeep
|turn|5
|inactive|LegionVGC has 30 seconds left.
|
|t:|1757909416
|switch|p1b: Pelipper|Pelipper, L50, F|100/100
|-weather|RainDance|[from] ability: Drizzle|[of] p1b: Pelipper
|move|p2a: Scat Pack|Knock Off|p1a: Incineroar
|-resisted|p1a: Incineroar
|-damage|p1a: Incineroar|46/100
|-damage|p2a: Scat Pack|68/100|[from] item: Rocky Helmet|[of] p1a: Incineroar
|-enditem|p1a: Incineroar|Rocky Helmet|[from] move: Knock Off|[of] p2a: Scat Pack
|move|p2b: Starbreaker|Ice Beam|p1b: Pelipper
|-damage|p1b: Pelipper|45/100
|move|p1a: Incineroar|Parting Shot|p2b: Starbreaker
|-unboost|p2b: Starbreaker|atk|1
|-unboost|p2b: Starbreaker|spa|1
|
|t:|1757909430
|switch|p1a: Archaludon|Archaludon, L50, M|27/100|[from] Parting Shot
|
|-weather|RainDance|[upkeep]
|upkeep
|turn|6
|
|t:|1757909446
|switch|p1a: Incineroar|Incineroar, L50, M|46/100
|-ability|p1a: Incineroar|Intimidate|boost
|-unboost|p2a: Scat Pack|atk|1
|-unboost|p2b: Starbreaker|atk|1
|move|p2a: Scat Pack|Parting Shot|p1a: Incineroar
|-unboost|p1a: Incineroar|atk|1
|-unboost|p1a: Incineroar|spa|1
|
|t:|1757909454
|switch|p2a: Baloo|Ursaluna, L50, M, shiny|100/100|[from] Parting Shot
|move|p2b: Starbreaker|Ice Beam|p1a: Incineroar
|-resisted|p1a: Incineroar
|-damage|p1a: Incineroar|35/100
|-status|p1a: Incineroar|frz
|move|p1b: Pelipper|Muddy Water|p2a: Baloo|[spread] p2a,p2b
|-supereffective|p2a: Baloo
|-damage|p2a: Baloo|41/100
|-damage|p2b: Starbreaker|0 fnt
|faint|p2b: Starbreaker
|
|-weather|RainDance|[upkeep]
|-sideend|p2: LegionVGC|move: Tailwind
|-status|p2a: Baloo|brn|[from] item: Flame Orb
|upkeep
|
|t:|1757909467
|switch|p2b: Scat Pack|Incineroar, L50, M|68/100
|-ability|p2b: Scat Pack|Intimidate|boost
|-unboost|p1a: Incineroar|atk|1
|-unboost|p1b: Pelipper|atk|1
|turn|7
|
|t:|1757909492
|move|p2b: Scat Pack|Fake Out|p1b: Pelipper
|-damage|p1b: Pelipper|35/100
|cant|p1a: Incineroar|frz
|cant|p1b: Pelipper|flinch
|move|p2a: Baloo|Facade|p1b: Pelipper
|-damage|p1b: Pelipper|0 fnt
|faint|p1b: Pelipper
|
|-weather|RainDance|[upkeep]
|-damage|p2a: Baloo|35/100 brn|[from] brn
|upkeep
|
|t:|1757909505
|switch|p1b: Archaludon|Archaludon, L50, M|27/100
|turn|8
|
|t:|1757909518
|-terastallize|p2a: Baloo|Ghost
|move|p2b: Scat Pack|Knock Off|p1b: Archaludon
|-damage|p1b: Archaludon|6/100
|-ability|p1b: Archaludon|Stamina|boost
|-boost|p1b: Archaludon|def|1
|move|p1b: Archaludon|Body Press|p2a: Baloo
|-immune|p2a: Baloo
|move|p2a: Baloo|Earthquake|p1a: Incineroar|[spread] p2b,p1a,p1b
|-supereffective|p2b: Scat Pack
|-supereffective|p1a: Incineroar
|-supereffective|p1b: Archaludon
|-damage|p2b: Scat Pack|0 fnt
|-damage|p1a: Incineroar|0 fnt
|-damage|p1b: Archaludon|0 fnt
|faint|p2b: Scat Pack
|faint|p1a: Incineroar
|faint|p1b: Archaludon
|
|win|LegionVGC
|inactive|NatRus3 has 30 seconds to confirm battle start!
|inactive|LegionVGC has 30 seconds to confirm battle start!
|l|☆NatRus3
|player|p1|
||LegionVGC is ready for game 3.
||NatRus3 is ready for game 3.
|uhtml|next|Next: Game 3 of 3
