|j|☆Chatter Mane
|j|☆Fairy Juice Jay
|html|Chatter ManeFairy Juice Jay    
|uhtml|bestof|Game 2 of a best-of-3
|t:|1783201760
|gametype|doubles
|player|p1|Chatter Mane|zinnia|
|player|p2|Fairy Juice Jay|burgh-masters|
|gen|9
|tier|[Gen 9 Champions] VGC 2026 Reg M-B (Bo3)
|rule|Species Clause: Limit one of each Pokémon
|rule|Item Clause: Limit 1 of each item
|clearpoke
|poke|p1|Froslass, L50, F, shiny|
|poke|p1|Scovillain, L50, F, shiny|
|poke|p1|Rotom-Wash, L50, shiny|
|poke|p1|Glimmora, L50, M, shiny|
|poke|p1|Aegislash, L50, F, shiny|
|poke|p1|Kommo-o, L50, F|
|poke|p2|Tyranitar, L50, F|
|poke|p2|Venusaur, L50, M|
|poke|p2|Excadrill, L50, F|
|poke|p2|Rotom-Heat, L50|
|poke|p2|Aegislash, L50, F|
|poke|p2|Primarina, L50, M|
|teampreview|4
|showteam|p1|Froslass||Froslassite|CursedBody|Blizzard,ShadowBall,AuroraVeil,Protect|Modest||F|||50|]Scovillain||Scovillainite|Moody|Overheat,GigaDrain,RagePowder,Protect|Calm||F|||50|]Rotom-Wash||ChoiceScarf|Levitate|HydroPump,Thunderbolt,Electroweb,Trick|Timid|||||50|]Glimmora||FocusSash|ToxicDebris|SludgeBomb,PowerGem,EarthPower,SpikyShield|Modest||M|||50|]Aegislash||LifeOrb|StanceChange|Poltergeist,IronHead,ShadowSneak,KingsShield|Adamant||F|||50|]Kommo-o||Leftovers|Bulletproof|ClangingScales,AuraSphere,ClangorousSoul,Protect|Modest||F|||50|
|showteam|p2|Tyranitar||Tyranitarite|SandStream|RockSlide,KnockOff,Superpower,Protect|Adamant||F|||50|]Venusaur||Venusaurite|Chlorophyll|GigaDrain,SludgeBomb,LeechSeed,Protect|Bold||M|||50|]Excadrill||FocusSash|SandRush|HighHorsepower,IronHead,RockSlide,Protect|Adamant||F|||50|]Rotom-Heat||SitrusBerry|Levitate|Thunderbolt,Overheat,WillOWisp,Protect|Modest|||||50|]Aegislash||WhiteHerb|StanceChange|IronHead,Poltergeist,ShadowSneak,KingsShield|Adamant||F|||50|]Primarina||Leftovers|LiquidVoice|HyperVoice,Moonblast,AquaJet,Protect|Modest||M|||50|
|inactive|Battle timer is ON: inactive players will automatically lose when time's up. (requested by Fairy Juice Jay)
|
|t:|1783201778
|teamsize|p1|4
|teamsize|p2|4
|start
|switch|p1a: Scovillain|Scovillain, L50, F, shiny|100/100
|switch|p1b: Aegislash|Aegislash, L50, F, shiny|100/100
|switch|p2a: Petal|Venusaur, L50, M|100/100
|switch|p2b: Zippy|Rotom-Heat, L50|100/100
|turn|1
|
|t:|1783201791
|move|p2a: Petal|Protect|p2a: Petal
|-singleturn|p2a: Petal|Protect
|move|p1a: Scovillain|Protect|p1a: Scovillain
|-singleturn|p1a: Scovillain|Protect
|move|p1b: Aegislash|King's Shield|p1b: Aegislash
|-singleturn|p1b: Aegislash|Protect
|move|p2b: Zippy|Overheat|p1b: Aegislash
|-activate|p1b: Aegislash|move: Protect
|
|-ability|p1a: Scovillain|Moody|boost
|-boost|p1a: Scovillain|spe|2
|-unboost|p1a: Scovillain|spd|1
|upkeep
|turn|2
|
|t:|1783201801
|switch|p1a: Glimmora|Glimmora, L50, M, shiny|100/100
|switch|p1b: Rotom|Rotom-Wash, L50, shiny|100/100
|detailschange|p2a: Petal|Venusaur-Mega, L50, M
|-mega|p2a: Petal|Venusaur|Venusaurite
|move|p2b: Zippy|Overheat|p1b: Rotom
|-resisted|p1b: Rotom|1
|-damage|p1b: Rotom|59/100
|-unboost|p2b: Zippy|spa|2
|move|p2a: Petal|Sludge Bomb|p1a: Glimmora
|-resisted|p1a: Glimmora|2
|-damage|p1a: Glimmora|86/100
|
|upkeep
|turn|3
|inactive|Fairy Juice Jay has 30 seconds left.
|inactive|Fairy Juice Jay has 20 seconds left.
|inactive|Fairy Juice Jay has 15 seconds left.
|inactive|Chatter Mane has 30 seconds left.
|
|t:|1783201849
|switch|p1b: Aegislash|Aegislash, L50, F, shiny|100/100
|switch|p2b: Primarina|Primarina, L50, M|100/100
|move|p1a: Glimmora|Sludge Bomb|p2a: Petal
|-damage|p2a: Petal|61/100
|move|p2a: Petal|Giga Drain|p1b: Aegislash
|-resisted|p1b: Aegislash|1
|-damage|p1b: Aegislash|87/100
|-heal|p2a: Petal|66/100|[from] drain|[of] p1b: Aegislash
|
|upkeep
|turn|4
|inactive|Fairy Juice Jay has 30 seconds left.
|
|t:|1783201874
|move|p1a: Glimmora|Sludge Bomb|p2a: Petal
|-damage|p2a: Petal|26/100
|move|p2a: Petal|Giga Drain|p1a: Glimmora
|-damage|p1a: Glimmora|43/100
|-heal|p2a: Petal|44/100|[from] drain|[of] p1a: Glimmora
|-formechange|p1b: Aegislash|Aegislash-Blade|
|move|p1b: Aegislash|Poltergeist|p2b: Primarina
|-activate|p2b: Primarina|move: Poltergeist|Leftovers
|-damage|p2b: Primarina|5/100
|-damage|p1b: Aegislash|77/100|[from] item: Life Orb
|move|p2b: Primarina|Hyper Voice|p1a: Glimmora|[spread] p1a,p1b
|-supereffective|p1a: Glimmora|1
|-damage|p1a: Glimmora|0 fnt
|-damage|p1b: Aegislash|9/100
|faint|p1a: Glimmora
|
|-heal|p2b: Primarina|11/100|[from] item: Leftovers
|upkeep
|
|t:|1783201889
|switch|p1a: Scovillain|Scovillain, L50, F, shiny|100/100
|turn|5
|
|t:|1783201908
|detailschange|p1a: Scovillain|Scovillain-Mega, L50, F, shiny
|-mega|p1a: Scovillain|Scovillain|Scovillainite
|move|p2b: Primarina|Aqua Jet|p1b: Aegislash
|-damage|p1b: Aegislash|0 fnt
|faint|p1b: Aegislash
|move|p2a: Petal|Sludge Bomb|p1a: Scovillain
|-supereffective|p1a: Scovillain|1
|-damage|p1a: Scovillain|36/100
|-status|p1a: Scovillain|psn
|-status|p2a: Petal|brn|[from] ability: Spicy Spray|[of] p1a: Scovillain
|move|p1a: Scovillain|Giga Drain|p2b: Primarina
|-supereffective|p2b: Primarina|1
|-damage|p2b: Primarina|0 fnt
|-heal|p1a: Scovillain|42/100 psn|[from] drain|[of] p2b: Primarina
|faint|p2b: Primarina
|
|-damage|p1a: Scovillain|30/100 psn|[from] psn
|-damage|p2a: Petal|39/100 brn|[from] brn
|upkeep
|
|t:|1783201925
|switch|p1b: Rotom|Rotom-Wash, L50, shiny|59/100
|switch|p2b: Aegislash|Aegislash, L50, F|100/100
|turn|6
|
|t:|1783201942
|-formechange|p2b: Aegislash|Aegislash-Blade|
|move|p2b: Aegislash|Shadow Sneak|p1a: Scovillain
|-damage|p1a: Scovillain|0 fnt
|-status|p2b: Aegislash|brn|[from] ability: Spicy Spray|[of] p1a: Scovillain
|faint|p1a: Scovillain
|move|p1b: Rotom|Trick|p2b: Aegislash
|-activate|p1b: Rotom|move: Trick|[of] p2b: Aegislash
|-item|p2b: Aegislash|Choice Scarf|[from] move: Trick
|-item|p1b: Rotom|White Herb|[from] move: Trick
|move|p2a: Petal|Giga Drain|p1b: Rotom
|-supereffective|p1b: Rotom|1
|-damage|p1b: Rotom|0 fnt
|-heal|p2a: Petal|59/100 brn|[from] drain|[of] p1b: Rotom
|faint|p1b: Rotom
|
|win|Fairy Juice Jay
|c|☆Fairy Juice Jay|GGs
