|j|☆Piedrer
|j|☆wind charmer
|html|Piedrerwind charmer    
|uhtml|bestof|Game 3 of a best-of-3
|t:|1756252758
|gametype|doubles
|player|p1|Piedrer|red|1049
|player|p2|wind charmer|jasmine|1000
|gen|9
|tier|[Gen 9] VGC 2025 Reg H (Bo3)
|rated|
|rule|Species Clause: Limit one of each Pokémon
|rule|Item Clause: Limit 1 of each item
|clearpoke
|poke|p1|Incineroar, L50, F|
|poke|p1|Pelipper, L50, F|
|poke|p1|Basculegion, L50, M|
|poke|p1|Amoonguss, L50, M|
|poke|p1|Maushold-Four, L50|
|poke|p1|Archaludon, L50, M|
|poke|p2|Garchomp, L50, F|
|poke|p2|Milotic, L50, F|
|poke|p2|Gholdengo, L50|
|poke|p2|Talonflame, L50, F|
|poke|p2|Amoonguss, L50, F|
|poke|p2|Tyranitar, L50, M|
|teampreview|4
|showteam|p1|Incineroar||SafetyGoggles|Intimidate|FakeOut,FlareBlitz,KnockOff,PartingShot|||F|||50|,,,,,Ghost]Pelipper||FocusSash|Drizzle|Hurricane,WeatherBall,Tailwind,Protect|||F|||50|,,,,,Ghost]Basculegion||MysticWater|SwiftSwim|Protect,WaveCrash,AquaJet,LastRespects|||M|||50|,,,,,Water]Amoonguss||SitrusBerry|Regenerator|Spore,RagePowder,PollenPuff,ClearSmog|||M|||50|,,,,,Water]Maushold-Four||WideLens|Technician|PopulationBomb,FollowMe,Taunt,Protect||||||50|,,,,,Grass]Archaludon||AssaultVest|Stamina|ElectroShot,DragonPulse,FlashCannon,BodyPress|||M|||50|,,,,,Grass
|showteam|p2|Garchomp||LifeOrb|RoughSkin|Earthquake,StompingTantrum,DragonClaw,Protect|||F|||50|,,,,,Ground]Milotic||SafetyGoggles|Competitive|Scald,IcyWind,Haze,Protect|||F|||50|,,,,,Dragon]Gholdengo||MetalCoat|GoodasGold|MakeItRain,ShadowBall,NastyPlot,Protect||||||50|,,,,,Flying]Talonflame||CovertCloak|GaleWings|BraveBird,Tailwind,WillOWisp,Taunt|||F|||50|,,,,,Ghost]Amoonguss||SitrusBerry|Regenerator|Spore,PollenPuff,RagePowder,Protect|||F|||50|,,,,,Water]Tyranitar||AssaultVest|SandStream|RockSlide,KnockOff,LowKick,TeraBlast|||M|||50|,,,,,Flying
|inactive|Battle timer is ON: inactive players will automatically lose when time's up. (requested by Piedrer)
|inactive|wind charmer has 60 seconds left.
|
|t:|1756252822
|teamsize|p1|4
|teamsize|p2|4
|start
|switch|p1a: Pelipper|Pelipper, L50, F|100/100
|switch|p1b: Archaludon|Archaludon, L50, M|100/100
|switch|p2a: Talonflame|Talonflame, L50, F|100/100
|switch|p2b: Garchomp|Garchomp, L50, F|100/100
|-weather|RainDance|[from] ability: Drizzle|[of] p1a: Pelipper
|turn|1
|
|t:|1756252845
|switch|p2b: Tyranitar|Tyranitar, L50, M|100/100
|-weather|Sandstorm|[from] ability: Sand Stream|[of] p2b: Tyranitar
|-terastallize|p1b: Archaludon|Grass
|move|p2a: Talonflame|Tailwind|p2a: Talonflame
|-sidestart|p2: wind charmer|move: Tailwind
|move|p1a: Pelipper|Tailwind|p1a: Pelipper
|-sidestart|p1: Piedrer|move: Tailwind
|move|p1b: Archaludon|Dragon Pulse|p2b: Tyranitar
|-crit|p2b: Tyranitar
|-damage|p2b: Tyranitar|76/100
|
|-weather|Sandstorm|[upkeep]
|-damage|p2a: Talonflame|94/100|[from] Sandstorm
|-damage|p1a: Pelipper|95/100|[from] Sandstorm
|-damage|p1b: Archaludon|94/100|[from] Sandstorm
|upkeep
|turn|2
|inactive|wind charmer has 30 seconds left.
|inactive|wind charmer has 20 seconds left.
|inactive|wind charmer has 15 seconds left.
|inactive|wind charmer has 10 seconds left.
|
|t:|1756252890
|switch|p2a: Gholdengo|Gholdengo, L50|100/100
|move|p1a: Pelipper|Weather Ball|p2b: Tyranitar
|-damage|p2b: Tyranitar|63/100
|move|p1b: Archaludon|Body Press|p2b: Tyranitar
|-supereffective|p2b: Tyranitar
|-damage|p2b: Tyranitar|0 fnt
|faint|p2b: Tyranitar
|
|-weather|Sandstorm|[upkeep]
|-damage|p1a: Pelipper|89/100|[from] Sandstorm
|-damage|p1b: Archaludon|88/100|[from] Sandstorm
|upkeep
|inactive|wind charmer has 30 seconds left.
|
|t:|1756252918
|switch|p2b: Talonflame|Talonflame, L50, F|94/100
|turn|3
|inactive|wind charmer has 30 seconds left.
|inactive|wind charmer has 20 seconds left.
|inactive|wind charmer has 15 seconds left.
|
|t:|1756252962
|switch|p1b: Basculegion|Basculegion, L50, M|100/100
|-terastallize|p2b: Talonflame|Ghost
|move|p2b: Talonflame|Will-O-Wisp|p1b: Basculegion
|-status|p1b: Basculegion|brn
|move|p2a: Gholdengo|Shadow Ball|p1b: Basculegion
|-supereffective|p1b: Basculegion
|-damage|p1b: Basculegion|0 fnt
|faint|p1b: Basculegion
|move|p1a: Pelipper|Weather Ball|p2b: Talonflame
|-damage|p2b: Talonflame|56/100
|
|-weather|Sandstorm|[upkeep]
|-damage|p2b: Talonflame|50/100|[from] Sandstorm
|-damage|p1a: Pelipper|83/100|[from] Sandstorm
|upkeep
|
|t:|1756252978
|switch|p1b: Maushold|Maushold-Four, L50|100/100
|turn|4
|inactive|wind charmer has 30 seconds left.
|inactive|wind charmer has 20 seconds left.
|inactive|wind charmer has 15 seconds left.
|inactive|wind charmer has 10 seconds left.
|inactive|wind charmer has 5 seconds left.
|
|t:|1756253031
|switch|p1a: Archaludon|Archaludon, L50, M, tera:Grass|88/100
|move|p1b: Maushold|Follow Me|p1b: Maushold
|-singleturn|p1b: Maushold|move: Follow Me
|move|p2b: Talonflame|Will-O-Wisp|p1b: Maushold
|-status|p1b: Maushold|brn
|move|p2a: Gholdengo|Nasty Plot|p2a: Gholdengo
|-boost|p2a: Gholdengo|spa|2
|
|-weather|Sandstorm|[upkeep]
|-damage|p2b: Talonflame|44/100|[from] Sandstorm
|-damage|p1b: Maushold|94/100 brn|[from] Sandstorm
|-damage|p1a: Archaludon|82/100|[from] Sandstorm
|-damage|p1b: Maushold|88/100 brn|[from] brn
|-sideend|p1: Piedrer|move: Tailwind
|-sideend|p2: wind charmer|move: Tailwind
|upkeep
|turn|5
|inactive|Piedrer has 30 seconds left.
|
|t:|1756253064
|move|p1b: Maushold|Follow Me|p1b: Maushold
|-singleturn|p1b: Maushold|move: Follow Me
|move|p2b: Talonflame|Tailwind|p2b: Talonflame
|-sidestart|p2: wind charmer|move: Tailwind
|move|p2a: Gholdengo|Make It Rain|p1b: Maushold|[spread] p1a,p1b
|-damage|p1a: Archaludon|0 fnt
|-damage|p1b: Maushold|0 fnt
|-unboost|p2a: Gholdengo|spa|1
|faint|p1a: Archaludon
|faint|p1b: Maushold
|
|-weather|none
|upkeep
|-message|Piedrer forfeited.
|raw|Piedrer's rating: 1049 → 1029(-20 for losing)
|raw|wind charmer's rating: 1000 → 1046(+46 for winning)
|
|win|wind charmer
|l|☆Piedrer
|player|p1|
