|j|☆Alysonz
|j|☆benjitulio
|html|Alysonzbenjitulio    
|uhtml|bestof|Game 2 of a best-of-3
|t:|1783209008
|gametype|doubles
|player|p1|Alysonz|steven|1052
|player|p2|benjitulio|wattson|1000
|gen|9
|tier|[Gen 9 Champions] VGC 2026 Reg M-B (Bo3)
|rated|
|rule|Species Clause: Limit one of each Pokémon
|rule|Item Clause: Limit 1 of each item
|clearpoke
|poke|p1|Aegislash, L50, F|
|poke|p1|Greninja, L50, M|
|poke|p1|Gengar, L50, F|
|poke|p1|Ninetales-Alola, L50, M|
|poke|p1|Whimsicott, L50, F|
|poke|p1|Incineroar, L50, F|
|poke|p2|Maushold-Four, L50|
|poke|p2|Incineroar, L50, M|
|poke|p2|Metagross, L50|
|poke|p2|Aerodactyl, L50, M|
|poke|p2|Primarina, L50, M|
|poke|p2|Sinistcha, L50|
|teampreview|4
|showteam|p1|Aegislash||Leftovers|StanceChange|BrickBreak,KingsShield,IronHead,WideGuard|Adamant||F|||50|]Greninja||Greninjite|Protean|Blizzard,DarkPulse,WaterShuriken,Protect|Timid||M|||50|]Gengar||Gengarite|CursedBody|PerishSong,Protect,AcidSpray,ShadowBall|Timid||F|||50|]Ninetales-Alola||IcyRock|SnowWarning|FreezeDry,Blizzard,Encore,Protect|Timid||M|||50|]Whimsicott||FocusSash|Prankster|Encore,Tailwind,EnergyBall,Moonblast|Timid||F|||50|]Incineroar||SitrusBerry|Intimidate|Protect,FakeOut,PartingShot,FlareBlitz|Relaxed||F|||50|
|showteam|p2|Maushold-Four||FocusSash|FriendGuard|FollowMe,RainDance,PopulationBomb,SuperFang|Jolly|||||50|]Incineroar||ChopleBerry|Intimidate|FakeOut,FlareBlitz,PartingShot,DarkestLariat|Impish||M|||50|]Metagross||Metagrossite|ClearBody|IronHead,Protect,PsychicFangs,Earthquake|Adamant|||||50|]Aerodactyl||FocusBand|Unnerve|RockSlide,Protect,Tailwind,IceFang|Jolly||M|||50|]Primarina||ChoiceScarf|LiquidVoice|HyperVoice,HydroPump,IcyWind,Moonblast|Modest||M|||50|]Sinistcha||Leftovers|Hospitality|MatchaGotcha,LifeDew,ShadowBall,RagePowder|Calm|||||50|
|inactive|Battle timer is ON: inactive players will automatically lose when time's up. (requested by Alysonz)
|j| Agent_999_999
|
|t:|1783209037
|teamsize|p1|4
|teamsize|p2|4
|start
|switch|p1a: Ryuk|Gengar, L50, F|100/100
|switch|p1b: Aldebaran|Incineroar, L50, F|100/100
|switch|p2a: Aerodactyl|Aerodactyl, L50, M|100/100
|switch|p2b: Primarina|Primarina, L50, M|100/100
|-ability|p2a: Aerodactyl|Unnerve
|-ability|p1b: Aldebaran|Intimidate|boost
|-unboost|p2a: Aerodactyl|atk|1
|-unboost|p2b: Primarina|atk|1
|turn|1
|
|t:|1783209057
|switch|p2a: Metagross|Metagross, L50|100/100
|detailschange|p1a: Ryuk|Gengar-Mega, L50, F
|-mega|p1a: Ryuk|Gengar|Gengarite
|move|p1b: Aldebaran|Fake Out|p2a: Metagross
|-resisted|p2a: Metagross|1
|-damage|p2a: Metagross|94/100
|move|p1a: Ryuk|Perish Song|p1a: Ryuk
|-start|p1a: Ryuk|perish3|[silent]
|-start|p1b: Aldebaran|perish3|[silent]
|-start|p2a: Metagross|perish3|[silent]
|-start|p2b: Primarina|perish3|[silent]
|-fieldactivate|move: Perish Song
|move|p2b: Primarina|Icy Wind|p1a: Ryuk|[spread] p1a,p1b
|-resisted|p1b: Aldebaran|1
|-crit|p1b: Aldebaran
|-damage|p1a: Ryuk|81/100
|-damage|p1b: Aldebaran|90/100
|-unboost|p1a: Ryuk|spe|1
|-unboost|p1b: Aldebaran|spe|1
|
|-start|p2b: Primarina|perish3
|-start|p1a: Ryuk|perish3
|-start|p2a: Metagross|perish3
|-start|p1b: Aldebaran|perish3
|upkeep
|turn|2
|
|t:|1783209081
|detailschange|p2a: Metagross|Metagross-Mega, L50
|-mega|p2a: Metagross|Metagross|Metagrossite
|move|p1a: Ryuk|Protect|p1a: Ryuk
|-singleturn|p1a: Ryuk|Protect
|move|p1b: Aldebaran|Protect|p1b: Aldebaran
|-singleturn|p1b: Aldebaran|Protect
|move|p2b: Primarina|Icy Wind|p1a: Ryuk|[spread] 
|-activate|p1a: Ryuk|move: Protect
|-activate|p1b: Aldebaran|move: Protect
|move|p2a: Metagross|Psychic Fangs|p1a: Ryuk
|-activate|p1a: Ryuk|move: Protect
|
|-start|p2b: Primarina|perish2
|-start|p2a: Metagross|perish2
|-start|p1a: Ryuk|perish2
|-start|p1b: Aldebaran|perish2
|upkeep
|turn|3
|inactive|Alysonz has 30 seconds left.
|
|t:|1783209115
|switch|p1a: Echidna|Whimsicott, L50, F|100/100
|move|p2b: Primarina|Icy Wind|p1a: Echidna|[spread] p1a,p1b
|-supereffective|p1a: Echidna|1
|-resisted|p1b: Aldebaran|1
|-crit|p1b: Aldebaran
|-damage|p1a: Echidna|51/100
|-damage|p1b: Aldebaran|80/100
|-unboost|p1a: Echidna|spe|1
|-unboost|p1b: Aldebaran|spe|1
|move|p2a: Metagross|Psychic Fangs|p1a: Echidna
|-damage|p1a: Echidna|0 fnt
|faint|p1a: Echidna
|move|p1b: Aldebaran|Parting Shot|p2a: Metagross
|-unboost|p2a: Metagross|atk|1
|-unboost|p2a: Metagross|spa|1
|
|t:|1783209130
|switch|p1b: Ryuk|Gengar-Mega, L50, F|81/100|[from] Parting Shot
|
|-start|p2b: Primarina|perish1
|-start|p2a: Metagross|perish1
|upkeep
|
|t:|1783209135
|switch|p1a: Aldebaran|Incineroar, L50, F|80/100
|-ability|p1a: Aldebaran|Intimidate|boost
|-unboost|p2a: Metagross|atk|1
|-unboost|p2b: Primarina|atk|1
|turn|4
|
|t:|1783209142
|move|p1b: Ryuk|Protect|p1b: Ryuk
|-singleturn|p1b: Ryuk|Protect
|move|p1a: Aldebaran|Protect|p1a: Aldebaran
|-singleturn|p1a: Aldebaran|Protect
|move|p2b: Primarina|Icy Wind|p1a: Aldebaran|[spread] 
|-activate|p1a: Aldebaran|move: Protect
|-activate|p1b: Ryuk|move: Protect
|move|p2a: Metagross|Earthquake|p1b: Ryuk|[spread] p2b
|-activate|p1a: Aldebaran|move: Protect
|-activate|p1b: Ryuk|move: Protect
|-damage|p2b: Primarina|77/100
|
|-start|p2b: Primarina|perish0
|-start|p2a: Metagross|perish0
|faint|p2b: Primarina
|faint|p2a: Metagross
|upkeep
|
|t:|1783209145
|switch|p2a: Aerodactyl|Aerodactyl, L50, M|100/100
|switch|p2b: Incineroar|Incineroar, L50, M|100/100
|-ability|p2a: Aerodactyl|Unnerve
|-ability|p2b: Incineroar|Intimidate|boost
|-unboost|p1a: Aldebaran|atk|1
|-unboost|p1b: Ryuk|atk|1
|turn|5
|inactive|Alysonz has 30 seconds left.
|
|t:|1783209174
|move|p2a: Aerodactyl|Protect|p2a: Aerodactyl
|-singleturn|p2a: Aerodactyl|Protect
|move|p1b: Ryuk|Perish Song|p1b: Ryuk
|-start|p1a: Aldebaran|perish3|[silent]
|-start|p1b: Ryuk|perish3|[silent]
|-start|p2a: Aerodactyl|perish3|[silent]
|-start|p2b: Incineroar|perish3|[silent]
|-fieldactivate|move: Perish Song
|move|p2b: Incineroar|Darkest Lariat|p1b: Ryuk
|-supereffective|p1b: Ryuk|1
|-damage|p1b: Ryuk|0 fnt
|faint|p1b: Ryuk
|move|p1a: Aldebaran|Parting Shot|p2a: Aerodactyl
|-activate|p2a: Aerodactyl|move: Protect
|
|-start|p2a: Aerodactyl|perish3
|-start|p2b: Incineroar|perish3
|-start|p1a: Aldebaran|perish3
|upkeep
|
|t:|1783209187
|switch|p1b: Akashia|Aegislash, L50, F|100/100
|turn|6
|
|t:|1783209207
|move|p1b: Akashia|King's Shield|p1b: Akashia
|-singleturn|p1b: Akashia|Protect
|move|p2a: Aerodactyl|Rock Slide|p1b: Akashia|[spread] p1a
|-activate|p1b: Akashia|move: Protect
|-supereffective|p1a: Aldebaran|1
|-damage|p1a: Aldebaran|41/100
|move|p2b: Incineroar|Parting Shot|p1b: Akashia
|-unboost|p1b: Akashia|atk|1
|-unboost|p1b: Akashia|spa|1
|move|p1a: Aldebaran|Parting Shot|p2a: Aerodactyl
|-unboost|p2a: Aerodactyl|atk|1
|-unboost|p2a: Aerodactyl|spa|1
|
|-start|p2a: Aerodactyl|perish2
|-start|p2b: Incineroar|perish2
|-start|p1a: Aldebaran|perish2
|upkeep
|turn|7
|
|t:|1783209230
|move|p1b: Akashia|Wide Guard|p1b: Akashia
|-singleturn|p1b: Akashia|Wide Guard
|move|p2a: Aerodactyl|Rock Slide|p1a: Aldebaran|[spread] 
|-activate|p1a: Aldebaran|move: Wide Guard
|-activate|p1b: Akashia|move: Wide Guard
|move|p2b: Incineroar|Flare Blitz|p1b: Akashia
|-supereffective|p1b: Akashia|1
|-damage|p1b: Akashia|2/100
|-damage|p2b: Incineroar|78/100|[from] Recoil
|move|p1a: Aldebaran|Parting Shot|p2b: Incineroar
|-unboost|p2b: Incineroar|atk|1
|-unboost|p2b: Incineroar|spa|1
|
|-heal|p1b: Akashia|8/100|[from] item: Leftovers
|-start|p2a: Aerodactyl|perish1
|-start|p2b: Incineroar|perish1
|-start|p1a: Aldebaran|perish1
|upkeep
|turn|8
|
|t:|1783209252
|move|p1b: Akashia|King's Shield||[still]
|-fail|p1b: Akashia
|move|p1a: Aldebaran|Protect|p1a: Aldebaran
|-singleturn|p1a: Aldebaran|Protect
|move|p2a: Aerodactyl|Rock Slide|p1b: Akashia|[spread] p1b
|-activate|p1a: Aldebaran|move: Protect
|-resisted|p1b: Akashia|1
|-damage|p1b: Akashia|0 fnt
|faint|p1b: Akashia
|move|p2b: Incineroar|Flare Blitz|p1a: Aldebaran
|-activate|p1a: Aldebaran|move: Protect
|
|-start|p2a: Aerodactyl|perish0
|-start|p2b: Incineroar|perish0
|-start|p1a: Aldebaran|perish0
|faint|p2a: Aerodactyl
|faint|p2b: Incineroar
|faint|p1a: Aldebaran
|
|win|Alysonz
