|j|☆nagc_17
|j|☆gio0314
|html|nagc_17gio0314    
|uhtml|bestof|Game 2 of a best-of-3
|t:|1785253210
|gametype|doubles
|player|p1|nagc_17|scientist|
|player|p2|gio0314|2|
|gen|9
|tier|[Gen 9 Champions] VGC 2026 Reg M-B (Bo3)
|rule|Species Clause: Limit one of each Pokémon
|rule|Item Clause: Limit 1 of each item
|clearpoke
|poke|p1|Starmie, L50|
|poke|p1|Kingambit, L50, M|
|poke|p1|Sinistcha, L50|
|poke|p1|Archaludon, L50, F|
|poke|p1|Pelipper, L50, M|
|poke|p1|Basculegion, L50, M|
|poke|p2|Lucario, L50, F|
|poke|p2|Sableye, L50, M|
|poke|p2|Lycanroc-Dusk, L50, M|
|poke|p2|Luxray, L50, M|
|poke|p2|Hydreigon, L50, F|
|poke|p2|Talonflame, L50, F|
|teampreview|4
|showteam|p1|Starmie||Starminite|Illuminate|AquaJet,FlipTurn,ZenHeadbutt,Liquidation|Adamant|||||50|]Kingambit||ChopleBerry|Defiant|KowtowCleave,SuckerPunch,Protect,BrickBreak|Adamant||M|||50|]Sinistcha||SitrusBerry|Hospitality|MatchaGotcha,RagePowder,Protect,TrickRoom|Adamant|||||50|]Archaludon||Leftovers|Stamina|ElectroShot,FlashCannon,DracoMeteor,Protect|Adamant||F|||50|]Pelipper||FocusSash|Drizzle|Hurricane,WeatherBall,WideGuard,Tailwind|Adamant||M|||50|]Basculegion||ChoiceScarf|Adaptability|AquaJet,LastRespects,FlipTurn,WaveCrash|Adamant||M|||50|
|showteam|p2|Lucario||Lucarionite|InnerFocus|CloseCombat,MeteorMash,Protect,Crunch|Jolly||F|||50|]Sableye||SitrusBerry|Prankster|Reflect,KnockOff,Encore,LightScreen|Careful||M|||50|]Lycanroc-Dusk||LifeOrb|ToughClaws|RockSlide,Accelerock,CloseCombat,Protect|Jolly||M|||50|]Luxray||ShucaBerry|Intimidate|Superpower,HelpingHand,Protect,WildCharge|Adamant||M|||50|]Hydreigon||FocusSash|Levitate|EarthPower,DracoMeteor,DarkPulse,Protect|Modest||F|||50|]Talonflame|||GaleWings|Acrobatics,Tailwind,FlareBlitz,Uturn|Jolly||F|||50|
|
|t:|1785253256
|teamsize|p1|4
|teamsize|p2|4
|start
|switch|p1a: Pelipper|Pelipper, L50, M|100/100
|switch|p1b: Starmie|Starmie, L50|100/100
|switch|p2a: Boyer|Sableye, L50, M|100/100
|switch|p2b: Lucyfah|Luxray, L50, M|100/100
|-ability|p2b: Lucyfah|Intimidate|boost
|-unboost|p1a: Pelipper|atk|1
|-unboost|p1b: Starmie|atk|1
|-weather|RainDance|[from] ability: Drizzle|[of] p1a: Pelipper
|turn|1
|
|t:|1785253323
|switch|p1a: Archaludon|Archaludon, L50, F|100/100
|detailschange|p1b: Starmie|Starmie-Mega, L50
|-mega|p1b: Starmie|Starmie|Starminite
|move|p2b: Lucyfah|Protect|p2b: Lucyfah
|-singleturn|p2b: Lucyfah|Protect
|move|p2a: Boyer|Reflect|p2a: Boyer
|-sidestart|p2: gio0314|Reflect
|move|p1b: Starmie|Flip Turn|p2b: Lucyfah
|-activate|p2b: Lucyfah|move: Protect
|
|-weather|RainDance|[upkeep]
|upkeep
|turn|2
|
|t:|1785253361
|switch|p1b: Sinistcha|Sinistcha, L50|100/100
|switch|p2b: Negreiron|Hydreigon, L50, F|100/100
|move|p1a: Archaludon|Electro Shot||[still]
|-prepare|p1a: Archaludon|Electro Shot
|-boost|p1a: Archaludon|spa|1
|-anim|p1a: Archaludon|Electro Shot|p2a: Boyer
|-damage|p2a: Boyer|31/100
|-enditem|p2a: Boyer|Sitrus Berry|[eat]
|-heal|p2a: Boyer|56/100|[from] item: Sitrus Berry
|move|p2a: Boyer|Knock Off|p1b: Sinistcha
|-supereffective|p1b: Sinistcha|1
|-damage|p1b: Sinistcha|55/100
|-enditem|p1b: Sinistcha|Sitrus Berry|[from] move: Knock Off|[of] p2a: Boyer
|
|-weather|RainDance|[upkeep]
|upkeep
|turn|3
|inactive|Battle timer is ON: inactive players will automatically lose when time's up. (requested by gio0314)
|
|t:|1785253435
|move|p1a: Archaludon|Protect|p1a: Archaludon
|-singleturn|p1a: Archaludon|Protect
|move|p2a: Boyer|Light Screen|p2a: Boyer
|-sidestart|p2: gio0314|move: Light Screen
|move|p2b: Negreiron|Dark Pulse|p1b: Sinistcha
|-supereffective|p1b: Sinistcha|1
|-damage|p1b: Sinistcha|0 fnt
|faint|p1b: Sinistcha
|
|-weather|RainDance|[upkeep]
|upkeep
|
|t:|1785253449
|switch|p1b: Pelipper|Pelipper, L50, M|100/100
|turn|4
|inactive|nagc_17 has 30 seconds left.
|
|t:|1785253477
|move|p2a: Boyer|Encore|p1a: Archaludon
|-start|p1a: Archaludon|Encore
|move|p1a: Archaludon|Protect||[still]
|-fail|p1a: Archaludon
|move|p2b: Negreiron|Dark Pulse|p1b: Pelipper
|-damage|p1b: Pelipper|38/100
|cant|p1b: Pelipper|flinch
|
|-weather|RainDance|[upkeep]
|upkeep
|turn|5
|inactive|nagc_17 has 30 seconds left.
|inactive|gio0314 has 30 seconds left.
|inactive|gio0314 has 20 seconds left.
|
|t:|1785253512
|switch|p1a: Starmie|Starmie-Mega, L50|100/100
|switch|p2a: Lucyfah|Luxray, L50, M|100/100
|-ability|p2a: Lucyfah|Intimidate|boost
|-unboost|p1a: Starmie|atk|1
|-unboost|p1b: Pelipper|atk|1
|move|p1b: Pelipper|Wide Guard|p1b: Pelipper
|-singleturn|p1b: Pelipper|Wide Guard
|move|p2b: Negreiron|Dark Pulse|p1b: Pelipper
|-damage|p1b: Pelipper|0 fnt
|faint|p1b: Pelipper
|
|-weather|none
|-sideend|p2: gio0314|Reflect
|upkeep
|
|t:|1785253530
|switch|p1b: Archaludon|Archaludon, L50, F|100/100
|turn|6
|inactive|nagc_17 has 30 seconds left.
|inactive|nagc_17 has 20 seconds left.
|
|t:|1785253568
|move|p1a: Starmie|Aqua Jet|p2b: Negreiron
|-resisted|p2b: Negreiron|1
|-damage|p2b: Negreiron|87/100
|move|p2b: Negreiron|Dark Pulse|p1a: Starmie
|-supereffective|p1a: Starmie|1
|-damage|p1a: Starmie|0 fnt
|faint|p1a: Starmie
|move|p1b: Archaludon|Draco Meteor|p2b: Negreiron
|-supereffective|p2b: Negreiron|1
|-damage|p2b: Negreiron|0 fnt
|-unboost|p1b: Archaludon|spa|2
|faint|p2b: Negreiron
|move|p2a: Lucyfah|Wild Charge|p1b: Archaludon
|-resisted|p1b: Archaludon|1
|-damage|p1b: Archaludon|83/100
|-ability|p1b: Archaludon|Stamina|boost
|-boost|p1b: Archaludon|def|1
|-damage|p2a: Lucyfah|95/100|[from] Recoil
|
|-heal|p1b: Archaludon|89/100|[from] item: Leftovers
|upkeep
|
|t:|1785253588
|switch|p2b: Boyer|Sableye, L50, M|56/100
|turn|7
|inactive|nagc_17 has 30 seconds left.
|
|t:|1785253622
|switch|p2a: Lukas|Lucario, L50, F|100/100
|move|p2b: Boyer|Encore|p1b: Archaludon
|-start|p1b: Archaludon|Encore
|move|p1b: Archaludon|Draco Meteor|p2a: Lukas
|-resisted|p2a: Lukas|1
|-damage|p2a: Lukas|83/100
|-unboost|p1b: Archaludon|spa|2
|
|-heal|p1b: Archaludon|95/100|[from] item: Leftovers
|-sideend|p2: gio0314|move: Light Screen
|upkeep
|turn|8
|
|t:|1785253644
|detailschange|p2a: Lukas|Lucario-Mega, L50, F
|-mega|p2a: Lukas|Lucario|Lucarionite
|move|p2b: Boyer|Light Screen|p2b: Boyer
|-sidestart|p2: gio0314|move: Light Screen
|move|p2a: Lukas|Close Combat|p1b: Archaludon
|-supereffective|p1b: Archaludon|1
|-damage|p1b: Archaludon|8/100
|-unboost|p2a: Lukas|def|1
|-unboost|p2a: Lukas|spd|1
|-ability|p1b: Archaludon|Stamina|boost
|-boost|p1b: Archaludon|def|1
|move|p1b: Archaludon|Draco Meteor|p2a: Lukas
|-resisted|p2a: Lukas|1
|-damage|p2a: Lukas|68/100
|-unboost|p1b: Archaludon|spa|2
|
|-heal|p1b: Archaludon|14/100|[from] item: Leftovers
|upkeep
|turn|9
|
|t:|1785253663
|move|p2a: Lukas|Close Combat|p1b: Archaludon
|-supereffective|p1b: Archaludon|1
|-damage|p1b: Archaludon|0 fnt
|-unboost|p2a: Lukas|def|1
|-unboost|p2a: Lukas|spd|1
|faint|p1b: Archaludon
|
|win|gio0314
