|j|☆GWMicroK
|j|☆bearlover997
|html|GWMicroKbearlover997    
|uhtml|bestof|Game 2 of a best-of-3
|t:|1783618406
|gametype|doubles
|player|p1|GWMicroK|169|1040
|player|p2|bearlover997|sage|1046
|gen|9
|tier|[Gen 9 Champions] VGC 2026 Reg M-B (Bo3)
|rated|
|rule|Species Clause: Limit one of each Pokémon
|rule|Item Clause: Limit 1 of each item
|clearpoke
|poke|p1|Ditto, L50, shiny|
|poke|p1|Sinistcha-Masterpiece, L50, shiny|
|poke|p1|Pelipper, L50, F|
|poke|p1|Swampert, L50, F|
|poke|p1|Tyranitar, L50, F|
|poke|p1|Archaludon, L50, F|
|poke|p2|Mamoswine, L50, M, shiny|
|poke|p2|Sinistcha, L50|
|poke|p2|Eelektross, L50, F, shiny|
|poke|p2|Oranguru, L50, F|
|poke|p2|Whimsicott, L50, M|
|poke|p2|Incineroar, L50, M|
|teampreview|4
|showteam|p1|Ditto||QuickClaw|Imposter|Transform|Relaxed|||||50|]Sinistcha-Masterpiece||SitrusBerry|Hospitality|MatchaGotcha,TrickRoom,LifeDew,RagePowder|Bold|||||50|]Pelipper||FocusSash|Drizzle|WeatherBall,Hurricane,WideGuard,Tailwind|Timid||F|||50|]Swampert||Swampertite|Damp|WaveCrash,Earthquake,IcePunch,Protect|Adamant||F|||50|]Tyranitar||Tyranitarite|SandStream|KnockOff,RockSlide,DragonDance,Protect|Adamant||F|||50|]Archaludon||Leftovers|Stamina|DragonPulse,FlashCannon,ElectroShot,Protect|Modest||F|||50|
|showteam|p2|Mamoswine||LifeOrb|Oblivious|IceShard,Earthquake,Protect,RockSlide|Adamant||M|||50|]Sinistcha||Leftovers|Hospitality|MatchaGotcha,RagePowder,Protect,TrickRoom|Relaxed|||||50|]Eelektross||Eelektrossite|Levitate|Discharge,Protect,Flamethrower,GigaDrain|Modest||F|||50|]Oranguru||MentalHerb|Telepathy|TrickRoom,Instruct,Protect,PsychicNoise|Sassy||F|||50|]Whimsicott||FocusSash|Prankster|Tailwind,Protect,Moonblast,Encore|Bold||M|||50|]Incineroar||PasshoBerry|Intimidate|FakeOut,PartingShot,FlareBlitz,CloseCombat|Adamant||M|||50|
|inactive|Battle timer is ON: inactive players will automatically lose when time's up. (requested by bearlover997)
|
|t:|1783618435
|teamsize|p1|4
|teamsize|p2|4
|start
|switch|p1a: Tyranitar|Tyranitar, L50, F|100/100
|switch|p1b: Archaludon|Archaludon, L50, F|100/100
|switch|p2a: Oranguru|Oranguru, L50, F|100/100
|switch|p2b: Incineroar|Incineroar, L50, M|100/100
|-weather|Sandstorm|[from] ability: Sand Stream|[of] p1a: Tyranitar
|-ability|p2b: Incineroar|Intimidate|boost
|-unboost|p1a: Tyranitar|atk|1
|-unboost|p1b: Archaludon|atk|1
|turn|1
|inactive|GWMicroK has 30 seconds left.
|
|t:|1783618463
|move|p1a: Tyranitar|Protect|p1a: Tyranitar
|-singleturn|p1a: Tyranitar|Protect
|move|p2b: Incineroar|Fake Out|p1a: Tyranitar
|-activate|p1a: Tyranitar|move: Protect
|move|p1b: Archaludon|Dragon Pulse|p2b: Incineroar
|-damage|p2b: Incineroar|60/100
|move|p2a: Oranguru|Trick Room|p2a: Oranguru
|-fieldstart|move: Trick Room|[of] p2a: Oranguru
|
|-weather|Sandstorm|[upkeep]
|-damage|p2a: Oranguru|93/100|[from] Sandstorm
|-damage|p2b: Incineroar|54/100|[from] Sandstorm
|upkeep
|turn|2
|
|t:|1783618483
|switch|p2a: Mamoswine|Mamoswine, L50, M, shiny|100/100
|switch|p1a: Sinistcha|Sinistcha-Masterpiece, L50, shiny|100/100
|move|p2b: Incineroar|Close Combat|p1a: Sinistcha
|-immune|p1a: Sinistcha
|move|p1b: Archaludon|Dragon Pulse|p2b: Incineroar
|-damage|p2b: Incineroar|16/100
|
|-weather|Sandstorm|[upkeep]
|-damage|p2b: Incineroar|10/100|[from] Sandstorm
|-damage|p1a: Sinistcha|93/100|[from] Sandstorm
|upkeep
|turn|3
|inactive|GWMicroK has 30 seconds left.
|
|t:|1783618510
|switch|p1a: Ditto|Ditto, L50, shiny|100/100
|-transform|p1a: Ditto|p2b: Incineroar|[from] ability: Imposter
|-ability|p1a: Ditto|Intimidate|boost
|-fail|p2a: Mamoswine|unboost|Attack|[from] ability: Oblivious|[of] p2a: Mamoswine
|-unboost|p2b: Incineroar|atk|1
|move|p2b: Incineroar|Flare Blitz|p1a: Ditto
|-resisted|p1a: Ditto|1
|-damage|p1a: Ditto|72/100
|-damage|p2b: Incineroar|3/100|[from] Recoil
|move|p2a: Mamoswine|Earthquake|p1a: Ditto|[spread] p2b,p1a,p1b
|-supereffective|p2b: Incineroar|1
|-crit|p2b: Incineroar
|-supereffective|p1a: Ditto|1
|-supereffective|p1b: Archaludon|1
|-damage|p2b: Incineroar|0 fnt
|-damage|p1a: Ditto|0 fnt
|-damage|p1b: Archaludon|14/100
|-ability|p1b: Archaludon|Stamina|boost
|-boost|p1b: Archaludon|def|1
|faint|p2b: Incineroar
|faint|p1a: Ditto
|-damage|p2a: Mamoswine|90/100|[from] item: Life Orb
|move|p1b: Archaludon|Flash Cannon|p2a: Mamoswine
|-supereffective|p2a: Mamoswine|1
|-damage|p2a: Mamoswine|0 fnt
|faint|p2a: Mamoswine
|
|-weather|Sandstorm|[upkeep]
|-heal|p1b: Archaludon|20/100y|[from] item: Leftovers
|upkeep
|inactive|GWMicroK has 30 seconds left.
|
|t:|1783618537
|switch|p1a: Sinistcha|Sinistcha-Masterpiece, L50, shiny|93/100
|switch|p2b: Eelektross|Eelektross, L50, F, shiny|100/100
|switch|p2a: Oranguru|Oranguru, L50, F|93/100
|-heal|p1b: Archaludon|45/100|[from] ability: Hospitality|[of] p1a: Sinistcha
|turn|4
|
|t:|1783618555
|switch|p1b: Tyranitar|Tyranitar, L50, F|100/100
|detailschange|p2b: Eelektross|Eelektross-Mega, L50, F, shiny
|-mega|p2b: Eelektross|Eelektross|Eelektrossite
|move|p2a: Oranguru|Psychic Noise|p1b: Tyranitar
|-immune|p1b: Tyranitar
|move|p2b: Eelektross|Discharge|p1a: Sinistcha|[spread] p1a,p1b
|-activate|p2a: Oranguru|ability: Telepathy
|-resisted|p1a: Sinistcha|1
|-damage|p1a: Sinistcha|78/100
|-damage|p1b: Tyranitar|78/100
|-status|p1a: Sinistcha|par
|move|p1a: Sinistcha|Trick Room|p1a: Sinistcha
|-fieldend|move: Trick Room
|
|-weather|Sandstorm|[upkeep]
|-damage|p2b: Eelektross|93/100|[from] Sandstorm
|-damage|p2a: Oranguru|87/100|[from] Sandstorm
|-damage|p1a: Sinistcha|72/100 par|[from] Sandstorm
|upkeep
|turn|5
|inactive|GWMicroK has 30 seconds left.
|
|t:|1783618581
|detailschange|p1b: Tyranitar|Tyranitar-Mega, L50, F
|-mega|p1b: Tyranitar|Tyranitar|Tyranitarite
|move|p1b: Tyranitar|Knock Off|p2a: Oranguru
|-supereffective|p2a: Oranguru|1
|-damage|p2a: Oranguru|0 fnt
|-enditem|p2a: Oranguru|Mental Herb|[from] move: Knock Off|[of] p1b: Tyranitar
|faint|p2a: Oranguru
|move|p2b: Eelektross|Flamethrower|p1a: Sinistcha
|-supereffective|p1a: Sinistcha|1
|-damage|p1a: Sinistcha|6/100 par
|-enditem|p1a: Sinistcha|Sitrus Berry|[eat]
|-heal|p1a: Sinistcha|30/100 par|[from] item: Sitrus Berry
|cant|p1a: Sinistcha|par
|
|-weather|none
|upkeep
|turn|6
|inactive|GWMicroK has 30 seconds left.
|
|t:|1783618615
|switch|p1b: Archaludon|Archaludon, L50, F|45/100
|move|p2b: Eelektross|Discharge|p1b: Archaludon|[spread] p1a,p1b
|-resisted|p1a: Sinistcha|1
|-resisted|p1b: Archaludon|1
|-damage|p1a: Sinistcha|15/100 par
|-damage|p1b: Archaludon|23/100
|-status|p1b: Archaludon|par
|-ability|p1b: Archaludon|Stamina|boost
|-boost|p1b: Archaludon|def|1
|move|p1a: Sinistcha|Life Dew|p1a: Sinistcha|[spread] p1a,p1b
|-heal|p1a: Sinistcha|40/100 par
|-heal|p1b: Archaludon|48/100 par
|
|-heal|p1b: Archaludon|55/100 par|[from] item: Leftovers
|upkeep
|turn|7
|
|t:|1783618636
|move|p2b: Eelektross|Flamethrower|p1a: Sinistcha
|-supereffective|p1a: Sinistcha|1
|-damage|p1a: Sinistcha|0 fnt
|faint|p1a: Sinistcha
|-ability|p2b: Eelektross|Eelevate|boost
|-boost|p2b: Eelektross|spa|1
|move|p1b: Archaludon|Dragon Pulse|p2b: Eelektross
|-damage|p2b: Eelektross|54/100
|
|-heal|p1b: Archaludon|61/100 par|[from] item: Leftovers
|upkeep
|
|t:|1783618649
|switch|p1a: Tyranitar|Tyranitar-Mega, L50, F|78/100
|-weather|Sandstorm|[from] ability: Sand Stream|[of] p1a: Tyranitar
|turn|8
|
|t:|1783618657
|move|p1a: Tyranitar|Knock Off|p2b: Eelektross
|-damage|p2b: Eelektross|1/100
|move|p2b: Eelektross|Discharge|p1a: Tyranitar|[spread] p1a,p1b
|-resisted|p1b: Archaludon|1
|-crit|p1b: Archaludon
|-damage|p1a: Tyranitar|52/100
|-damage|p1b: Archaludon|18/100 par
|-status|p1a: Tyranitar|par
|-ability|p1b: Archaludon|Stamina|boost
|-boost|p1b: Archaludon|def|1
|move|p1b: Archaludon|Dragon Pulse|p2b: Eelektross
|-damage|p2b: Eelektross|0 fnt
|faint|p2b: Eelektross
|
|win|GWMicroK
|raw|GWMicroK's rating: 1040 → 1075(+35 for winning)
|raw|bearlover997's rating: 1046 → 1029(-17 for losing)
|l|☆bearlover997
|player|p2|
