|j|☆Astano
|j|☆raksbach
|html|Astanoraksbach    
|uhtml|bestof|Game 3 of a best-of-3
|t:|1783603250
|gametype|doubles
|player|p1|Astano|102|1125
|player|p2|raksbach|170|1062
|gen|9
|tier|[Gen 9 Champions] VGC 2026 Reg M-B (Bo3)
|rated|
|rule|Species Clause: Limit one of each Pokémon
|rule|Item Clause: Limit 1 of each item
|clearpoke
|poke|p1|Swampert, L50, M|
|poke|p1|Sableye, L50, M|
|poke|p1|Archaludon, L50, M|
|poke|p1|Pelipper, L50, M|
|poke|p1|Sylveon, L50, M|
|poke|p1|Venusaur, L50, M|
|poke|p2|Incineroar, L50, M|
|poke|p2|Maushold, L50|
|poke|p2|Sinistcha, L50|
|poke|p2|Sneasler, L50, F|
|poke|p2|Blastoise, L50, M|
|poke|p2|Delphox, L50, F|
|teampreview|4
|showteam|p1|Swampert||Swampertite|Torrent|Protect,WaveCrash,Earthquake,HighHorsepower|Adamant||M|||50|]Sableye||LightClay|Prankster|Encore,Reflect,LightScreen,RainDance|Bold||M|||50|]Archaludon||Leftovers|Stamina|Protect,DragonPulse,FlashCannon,ElectroShot|Modest||M|||50|]Pelipper||SitrusBerry|Drizzle|Protect,WeatherBall,Hurricane,Tailwind|Bold||M|||50|]Sylveon||FairyFeather|Pixilate|Detect,HyperVoice,Moonblast,QuickAttack|Modest||M|||50|]Venusaur||Venusaurite|Overgrow|Protect,GigaDrain,SludgeBomb,EarthPower|Modest||M|||50|
|showteam|p2|Incineroar||SitrusBerry|Intimidate|FakeOut,FlareBlitz,DarkestLariat,PartingShot|Impish||M|||50|]Maushold||ChopleBerry|FriendGuard|SuperFang,FollowMe,Protect,Feint|Impish|||||50|]Sinistcha||OccaBerry|Hospitality|MatchaGotcha,LifeDew,RagePowder,Protect|Bold|||||50|]Sneasler||FocusSash|PoisonTouch|FakeOut,CloseCombat,DireClaw,QuickGuard|Jolly||F|||50|]Blastoise||Blastoisinite|Torrent|WaterSpout,DarkPulse,ShellSmash,Protect|Modest||M|||50|]Delphox||Delphoxite|Blaze|HeatWave,Psychic,NastyPlot,Protect|Timid||F|||50|
|inactive|Battle timer is ON: inactive players will automatically lose when time's up. (requested by raksbach)
|
|t:|1783603277
|teamsize|p1|4
|teamsize|p2|4
|start
|switch|p1a: Venusaur|Venusaur, L50, M|100/100
|switch|p1b: Sableye|Sableye, L50, M|100/100
|switch|p2a: Sinistcha|Sinistcha, L50|100/100
|switch|p2b: Blastoise|Blastoise, L50, M|100/100
|turn|1
|inactive|raksbach has 30 seconds left.
|inactive|raksbach has 20 seconds left.
|
|t:|1783603316
|detailschange|p1a: Venusaur|Venusaur-Mega, L50, M
|-mega|p1a: Venusaur|Venusaur|Venusaurite
|move|p2b: Blastoise|Protect|p2b: Blastoise
|-singleturn|p2b: Blastoise|Protect
|move|p1b: Sableye|Light Screen|p1b: Sableye
|-sidestart|p1: Astano|move: Light Screen
|move|p1a: Venusaur|Sludge Bomb|p2a: Sinistcha
|-damage|p2a: Sinistcha|56/100
|-status|p2a: Sinistcha|psn
|move|p2a: Sinistcha|Matcha Gotcha|p1a: Venusaur|[spread] p1a,p1b
|-resisted|p1a: Venusaur|2
|-damage|p1a: Venusaur|96/100
|-heal|p2a: Sinistcha|57/100 psn|[from] drain|[of] p1a: Venusaur
|-damage|p1b: Sableye|81/100
|-heal|p2a: Sinistcha|66/100 psn|[from] drain|[of] p1b: Sableye
|
|-damage|p2a: Sinistcha|53/100 psn|[from] psn
|upkeep
|turn|2
|
|t:|1783603337
|switch|p2b: Maushold|Maushold, L50|100/100
|move|p1b: Sableye|Encore||[still]
|-fail|p1b: Sableye
|move|p1a: Venusaur|Sludge Bomb|p2a: Sinistcha
|-crit|p2a: Sinistcha
|-damage|p2a: Sinistcha|1/100 psn
|move|p2a: Sinistcha|Life Dew||[still]|[spread] p2a,p2b
|-heal|p2a: Sinistcha|25/100 psn
|-fail|p2b: Maushold|heal
|
|-damage|p2a: Sinistcha|13/100 psn|[from] psn
|upkeep
|turn|3
|
|t:|1783603352
|switch|p2a: Sneasler|Sneasler, L50, F|100/100
|move|p1b: Sableye|Reflect|p1b: Sableye
|-sidestart|p1: Astano|Reflect
|move|p2b: Maushold|Super Fang|p1a: Venusaur
|-damage|p1a: Venusaur|48/100
|move|p1a: Venusaur|Sludge Bomb|p2a: Sneasler
|-resisted|p2a: Sneasler|1
|-damage|p2a: Sneasler|76/100
|
|upkeep
|turn|4
|
|t:|1783603373
|switch|p1b: Sylveon|Sylveon, L50, M|100/100
|move|p2b: Maushold|Feint|p1a: Venusaur
|-damage|p1a: Venusaur|43/100
|move|p2a: Sneasler|Dire Claw|p1a: Venusaur
|-damage|p1a: Venusaur|17/100
|move|p1a: Venusaur|Earth Power|p2a: Sneasler
|-supereffective|p2a: Sneasler|1
|-damage|p2a: Sneasler|5/100
|
|upkeep
|turn|5
|
|t:|1783603391
|move|p2b: Maushold|Feint|p1a: Venusaur
|-damage|p1a: Venusaur|12/100
|move|p2a: Sneasler|Dire Claw|p1b: Sylveon
|-supereffective|p1b: Sylveon|1
|-damage|p1b: Sylveon|48/100
|-status|p1b: Sylveon|slp
|move|p1a: Venusaur|Giga Drain|p2b: Maushold
|-damage|p2b: Maushold|56/100
|-heal|p1a: Venusaur|35/100|[from] drain|[of] p2b: Maushold
|cant|p1b: Sylveon|slp
|
|upkeep
|turn|6
|
|t:|1783603404
|move|p2b: Maushold|Feint|p1a: Venusaur
|-damage|p1a: Venusaur|30/100
|move|p2a: Sneasler|Dire Claw|p1a: Venusaur
|-damage|p1a: Venusaur|7/100
|move|p1a: Venusaur|Giga Drain|p2b: Maushold
|-damage|p2b: Maushold|8/100
|-heal|p1a: Venusaur|32/100|[from] drain|[of] p2b: Maushold
|cant|p1b: Sylveon|slp
|
|upkeep
|turn|7
|
|t:|1783603421
|move|p2a: Sneasler|Dire Claw|p1b: Sylveon
|-supereffective|p1b: Sylveon|1
|-damage|p1b: Sylveon|0 fnt
|faint|p1b: Sylveon
|move|p2b: Maushold|Super Fang|p1a: Venusaur|[miss]
|-miss|p2b: Maushold|p1a: Venusaur
|move|p1a: Venusaur|Earth Power|p2a: Sneasler
|-supereffective|p2a: Sneasler|1
|-damage|p2a: Sneasler|0 fnt
|faint|p2a: Sneasler
|
|upkeep
|
|t:|1783603428
|switch|p2a: Blastoise|Blastoise, L50, M|100/100
|switch|p1b: Archaludon|Archaludon, L50, M|100/100
|turn|8
|
|t:|1783603434
|detailschange|p2a: Blastoise|Blastoise-Mega, L50, M
|-mega|p2a: Blastoise|Blastoise|Blastoisinite
|move|p2b: Maushold|Follow Me|p2b: Maushold
|-singleturn|p2b: Maushold|move: Follow Me
|move|p2a: Blastoise|Shell Smash|p2a: Blastoise
|-unboost|p2a: Blastoise|def|1
|-unboost|p2a: Blastoise|spd|1
|-boost|p2a: Blastoise|atk|2
|-boost|p2a: Blastoise|spa|2
|-boost|p2a: Blastoise|spe|2
|move|p1a: Venusaur|Giga Drain|p2b: Maushold
|-damage|p2b: Maushold|0 fnt
|-heal|p1a: Venusaur|37/100|[from] drain|[of] p2b: Maushold
|faint|p2b: Maushold
|move|p1b: Archaludon|Dragon Pulse|p2a: Blastoise
|-damage|p2a: Blastoise|31/100
|
|-sideend|p1: Astano|move: Light Screen
|upkeep
|
|t:|1783603448
|switch|p2b: Sinistcha|Sinistcha, L50|13/100 psn
|-heal|p2a: Blastoise|56/100|[from] ability: Hospitality|[of] p2b: Sinistcha
|turn|9
|
|t:|1783603459
|move|p2b: Sinistcha|Rage Powder|p2b: Sinistcha
|-singleturn|p2b: Sinistcha|move: Rage Powder
|move|p2a: Blastoise|Dark Pulse|p1a: Venusaur
|-damage|p1a: Venusaur|0 fnt
|faint|p1a: Venusaur
|move|p1b: Archaludon|Dragon Pulse|p2b: Sinistcha
|-damage|p2b: Sinistcha|0 fnt
|faint|p2b: Sinistcha
|
|upkeep
|
|t:|1783603463
|switch|p1a: Sableye|Sableye, L50, M|81/100
|turn|10
|
|t:|1783603480
|move|p1a: Sableye|Light Screen|p1a: Sableye
|-sidestart|p1: Astano|move: Light Screen
|move|p2a: Blastoise|Dark Pulse|p1b: Archaludon
|-damage|p1b: Archaludon|30/100
|-ability|p1b: Archaludon|Stamina|boost
|-boost|p1b: Archaludon|def|1
|move|p1b: Archaludon|Dragon Pulse|p2a: Blastoise
|-damage|p2a: Blastoise|0 fnt
|faint|p2a: Blastoise
|
|win|Astano
|raw|Astano's rating: 1125 → 1146(+21 for winning)
|raw|raksbach's rating: 1062 → 1046(-16 for losing)
