|j|☆noriaki kasai
|j|☆rorain fearow
|html|noriaki kasairorain fearow    
|uhtml|bestof|Game 2 of a best-of-3
|t:|1757164072
|gametype|doubles
|player|p1|noriaki kasai|swimmer-gen4dp|1305
|player|p2|rorain fearow|birdkeeper|1196
|gen|9
|tier|[Gen 9] VGC 2025 Reg H (Bo3)
|rated|
|rule|Species Clause: Limit one of each Pokémon
|rule|Item Clause: Limit 1 of each item
|clearpoke
|poke|p1|Annihilape, L50, F|
|poke|p1|Sinistcha, L50|
|poke|p1|Maushold-Four, L50|
|poke|p1|Klefki, L50, M|
|poke|p1|Ursaluna-Bloodmoon, L50, M|
|poke|p1|Ninetales-Alola, L50, F|
|poke|p2|Archaludon, L50, M|
|poke|p2|Ursaluna-Bloodmoon, L50, M|
|poke|p2|Rillaboom, L50, M|
|poke|p2|Incineroar, L50, F|
|poke|p2|Smeargle, L50, M|
|poke|p2|Farigiraf, L50, F|
|teampreview|4
|showteam|p1|Annihilape||Leftovers|Defiant|Protect,BulkUp,DrainPunch,RageFist|||F|||50|,,,,,Fire]Sinistcha||SitrusBerry|Hospitality|MatchaGotcha,TrickRoom,LifeDew,RagePowder||||||50|,,,,,Water]Maushold-Four||FocusSash|FriendGuard|FollowMe,Taunt,BeatUp,Protect||||||50|,,,,,Ghost]Klefki||LightClay|Prankster|Reflect,LightScreen,MistyTerrain,DazzlingGleam|||M|||50|,,,,,Ghost]Ursaluna-Bloodmoon||AssaultVest|MindsEye|BloodMoon,HyperVoice,EarthPower,VacuumWave|||M|||50|,,,,,Water]Ninetales-Alola||ChoiceSpecs|SnowWarning|Blizzard,IcyWind,FreezeDry,Moonblast|||F|||50|,,,,,Ghost
|showteam|p2|Archaludon||PowerHerb|Sturdy|DragonPulse,Thunderbolt,ElectroShot,Protect|||M|||50|,,,,,Electric]Ursaluna-Bloodmoon||GrassySeed|MindsEye|EarthPower,HyperVoice,CalmMind,Protect|||M|||50|,,,,,Dragon]Rillaboom||AssaultVest|GrassySurge|WoodHammer,GrassyGlide,Uturn,FakeOut|||M|||50|,,,,,Fire]Incineroar||SafetyGoggles|Intimidate|FlareBlitz,PartingShot,KnockOff,FakeOut|||F|||50|,,,,,Ghost]Smeargle||FocusSash|Moody|Spore,Decorate,WideGuard,FollowMe|||M|||50|,,,,,Grass]Farigiraf||LifeOrb|ArmorTail|HyperVoice,TwinBeam,TrickRoom,Protect|||F|||50|,,,,,Fairy
|inactive|Battle timer is ON: inactive players will automatically lose when time's up. (requested by noriaki kasai)
|
|t:|1757164100
|teamsize|p1|4
|teamsize|p2|4
|start
|switch|p1a: Annihilape|Annihilape, L50, F, shiny|100/100
|switch|p1b: Maushold|Maushold-Four, L50|100/100
|switch|p2a: Ursaluna|Ursaluna-Bloodmoon, L50, M|100/100
|switch|p2b: Rillaboom|Rillaboom, L50, M|100/100
|-fieldstart|move: Grassy Terrain|[from] ability: Grassy Surge|[of] p2b: Rillaboom
|-enditem|p2a: Ursaluna|Grassy Seed
|-boost|p2a: Ursaluna|def|1|[from] item: Grassy Seed
|turn|1
|inactive|noriaki kasai has 30 seconds left.
|inactive|noriaki kasai has 20 seconds left.
|inactive|noriaki kasai has 15 seconds left.
|
|t:|1757164141
|-terastallize|p1b: Maushold|Ghost
|move|p2b: Rillaboom|Fake Out|p1b: Maushold
|-immune|p1b: Maushold
|move|p1b: Maushold|Taunt|p2a: Ursaluna
|-start|p2a: Ursaluna|move: Taunt
|move|p1a: Annihilape|Rage Fist|p2b: Rillaboom
|-damage|p2b: Rillaboom|80/100
|cant|p2a: Ursaluna|move: Taunt|Calm Mind
|
|-heal|p2b: Rillaboom|86/100|[from] Grassy Terrain
|upkeep
|turn|2
|inactive|noriaki kasai has 30 seconds left.
|
|t:|1757164168
|switch|p2b: Farigiraf|Farigiraf, L50, F|100/100
|move|p1b: Maushold|Beat Up|p1a: Annihilape
|-damage|p1a: Annihilape|99/100
|-damage|p1a: Annihilape|97/100
|-damage|p1a: Annihilape|95/100
|-damage|p1a: Annihilape|93/100
|-hitcount|p1a: Annihilape|4
|move|p1a: Annihilape|Rage Fist|p2b: Farigiraf
|-immune|p2b: Farigiraf
|move|p2a: Ursaluna|Hyper Voice|p1a: Annihilape|[spread] p1a,p1b
|-damage|p1a: Annihilape|70/100
|-damage|p1b: Maushold|54/100
|
|-heal|p1b: Maushold|60/100|[from] Grassy Terrain
|-heal|p1a: Annihilape|76/100|[from] Grassy Terrain
|-heal|p1a: Annihilape|82/100|[from] item: Leftovers
|upkeep
|turn|3
|
|t:|1757164188
|move|p1b: Maushold|Taunt|p2b: Farigiraf
|-start|p2b: Farigiraf|move: Taunt
|move|p1a: Annihilape|Drain Punch|p2a: Ursaluna
|-supereffective|p2a: Ursaluna
|-damage|p2a: Ursaluna|72/100
|-heal|p1a: Annihilape|97/100|[from] drain|[of] p2a: Ursaluna
|move|p2b: Farigiraf|Twin Beam|p1a: Annihilape
|-supereffective|p1a: Annihilape
|-damage|p1a: Annihilape|63/100
|-supereffective|p1a: Annihilape
|-damage|p1a: Annihilape|26/100
|-hitcount|p1a: Annihilape|2
|-damage|p2b: Farigiraf|91/100|[from] item: Life Orb
|move|p2a: Ursaluna|Hyper Voice|p1b: Maushold|[spread] p1a,p1b
|-damage|p1a: Annihilape|3/100
|-damage|p1b: Maushold|10/100
|
|-heal|p1b: Maushold|16/100|[from] Grassy Terrain
|-heal|p1a: Annihilape|9/100|[from] Grassy Terrain
|-heal|p1a: Annihilape|15/100|[from] item: Leftovers
|-heal|p2b: Farigiraf|97/100|[from] Grassy Terrain
|-heal|p2a: Ursaluna|78/100|[from] Grassy Terrain
|-end|p2a: Ursaluna|move: Taunt
|upkeep
|turn|4
|inactive|noriaki kasai has 30 seconds left.
|inactive|noriaki kasai has 20 seconds left.
|inactive|noriaki kasai has 15 seconds left.
|inactive|noriaki kasai has 10 seconds left.
|
|t:|1757164233
|switch|p1a: Ursaluna|Ursaluna-Bloodmoon, L50, M|100/100
|move|p1b: Maushold|Taunt|p2a: Ursaluna
|-start|p2a: Ursaluna|move: Taunt
|move|p2b: Farigiraf|Twin Beam|p1a: Ursaluna
|-damage|p1a: Ursaluna|87/100
|-damage|p1a: Ursaluna|75/100
|-hitcount|p1a: Ursaluna|2
|-damage|p2b: Farigiraf|87/100|[from] item: Life Orb
|cant|p2a: Ursaluna|move: Taunt|Calm Mind
|
|-heal|p1b: Maushold|22/100|[from] Grassy Terrain
|-heal|p2b: Farigiraf|93/100|[from] Grassy Terrain
|-heal|p1a: Ursaluna|81/100|[from] Grassy Terrain
|-heal|p2a: Ursaluna|84/100|[from] Grassy Terrain
|upkeep
|turn|5
|inactive|noriaki kasai has 30 seconds left.
|
|t:|1757164264
|move|p1b: Maushold|Follow Me|p1b: Maushold
|-singleturn|p1b: Maushold|move: Follow Me
|move|p2b: Farigiraf|Hyper Voice|p1b: Maushold|[spread] p1a
|-immune|p1b: Maushold
|-damage|p1a: Ursaluna|64/100
|-damage|p2b: Farigiraf|84/100|[from] item: Life Orb
|move|p1a: Ursaluna|Blood Moon|p2a: Ursaluna
|-damage|p2a: Ursaluna|2/100
|move|p2a: Ursaluna|Hyper Voice|p1a: Ursaluna|[spread] p1a,p1b
|-damage|p1a: Ursaluna|47/100
|-damage|p1b: Maushold|0 fnt
|faint|p1b: Maushold
|
|-heal|p2b: Farigiraf|90/100|[from] Grassy Terrain
|-heal|p2a: Ursaluna|8/100|[from] Grassy Terrain
|-heal|p1a: Ursaluna|53/100|[from] Grassy Terrain
|-end|p2b: Farigiraf|move: Taunt
|-fieldend|move: Grassy Terrain
|upkeep
|
|t:|1757164286
|switch|p1b: Ninetales|Ninetales-Alola, L50, F, shiny|100/100
|-weather|Snowscape|[from] ability: Snow Warning|[of] p1b: Ninetales
|turn|6
|inactive|noriaki kasai has 30 seconds left.
|
|t:|1757164312
|move|p2b: Farigiraf|Protect|p2b: Farigiraf
|-singleturn|p2b: Farigiraf|Protect
|move|p1b: Ninetales|Blizzard|p2a: Ursaluna|[spread] p2a
|-activate|p2b: Farigiraf|move: Protect
|-supereffective|p2a: Ursaluna
|-damage|p2a: Ursaluna|0 fnt
|faint|p2a: Ursaluna
|move|p1a: Ursaluna|Earth Power|p2b: Farigiraf
|-activate|p2b: Farigiraf|move: Protect
|
|-weather|Snowscape|[upkeep]
|upkeep
|inactive|rorain fearow has 30 seconds left.
|inactive|rorain fearow has 20 seconds left.
|inactive|rorain fearow has 15 seconds left.
|inactive|rorain fearow has 10 seconds left.
|inactive|rorain fearow has 5 seconds left.
|
|t:|1757164367
|switch|p2a: Rillaboom|Rillaboom, L50, M|86/100
|-fieldstart|move: Grassy Terrain|[from] ability: Grassy Surge|[of] p2a: Rillaboom
|turn|7
|inactive|rorain fearow has 30 seconds left.
|inactive|rorain fearow has 20 seconds left.
|inactive|rorain fearow has 15 seconds left.
|inactive|rorain fearow has 10 seconds left.
|inactive|rorain fearow has 5 seconds left.
|
|t:|1757164422
|move|p1b: Ninetales|Blizzard|p2b: Farigiraf|[spread] p2a,p2b
|-supereffective|p2a: Rillaboom
|-damage|p2a: Rillaboom|14/100
|-damage|p2b: Farigiraf|31/100
|move|p2b: Farigiraf|Hyper Voice|p1b: Ninetales|[spread] p1a,p1b
|-damage|p1a: Ursaluna|27/100
|-damage|p1b: Ninetales|53/100
|-damage|p2b: Farigiraf|22/100|[from] item: Life Orb
|move|p2a: Rillaboom|Wood Hammer|p1a: Ursaluna
|-supereffective|p1a: Ursaluna
|-damage|p1a: Ursaluna|0 fnt
|faint|p1a: Ursaluna
|-damage|p2a: Rillaboom|4/100|[from] Recoil
|
|-weather|Snowscape|[upkeep]
|-heal|p1b: Ninetales|59/100|[from] Grassy Terrain
|-heal|p2b: Farigiraf|28/100|[from] Grassy Terrain
|-heal|p2a: Rillaboom|10/100|[from] Grassy Terrain
|upkeep
|
|t:|1757164434
|switch|p1a: Annihilape|Annihilape, L50, F, shiny|15/100
|turn|8
|
|t:|1757164451
|move|p1a: Annihilape|Protect|p1a: Annihilape
|-singleturn|p1a: Annihilape|Protect
|move|p2a: Rillaboom|Fake Out||[still]
|-hint|Fake Out only works on your first turn out.
|-fail|p2a: Rillaboom
|move|p1b: Ninetales|Blizzard|p2a: Rillaboom|[spread] p2a,p2b
|-supereffective|p2a: Rillaboom
|-damage|p2a: Rillaboom|0 fnt
|-damage|p2b: Farigiraf|0 fnt
|faint|p2a: Rillaboom
|faint|p2b: Farigiraf
|
|-weather|Snowscape|[upkeep]
|-heal|p1b: Ninetales|65/100|[from] Grassy Terrain
|-heal|p1a: Annihilape|22/100|[from] Grassy Terrain
|-heal|p1a: Annihilape|28/100|[from] item: Leftovers
|upkeep
|-message|rorain fearow forfeited.
|
|win|noriaki kasai
|raw|noriaki kasai's rating: 1305 → 1319(+14 for winning)
|raw|rorain fearow's rating: 1196 → 1179(-17 for losing)
