|j|‽ECARRY
|j|☆Chelicerate1
|html|ECARRYChelicerate1    
|uhtml|bestof|Game 2 of a best-of-3
|t:|1785141614
|gametype|doubles
|player|p1|ECARRY|2|1354
|player|p2|Chelicerate1|ethan|1351
|gen|9
|tier|[Gen 9 Champions] VGC 2026 Reg M-B (Bo3)
|rated|
|rule|Species Clause: Limit one of each Pokémon
|rule|Item Clause: Limit 1 of each item
|clearpoke
|poke|p1|Floette-Eternal, L50, F|
|poke|p1|Charizard, L50, F|
|poke|p1|Whimsicott, L50, M|
|poke|p1|Garchomp, L50, F|
|poke|p1|Basculegion, L50, M|
|poke|p1|Kingambit, L50, F|
|poke|p2|Grimmsnarl, L50, M|
|poke|p2|Basculegion, L50, M|
|poke|p2|Charizard, L50, F|
|poke|p2|Pelipper, L50, M|
|poke|p2|Venusaur, L50, M|
|poke|p2|Archaludon, L50, M|
|teampreview|4
|showteam|p1|Floette-Eternal||Floettite|FlowerVeil|Moonblast,DazzlingGleam,LightofRuin,Protect|Modest||F|||50|]Charizard||CharizarditeY|Blaze|HeatWave,WeatherBall,SolarBeam,Protect|Modest||F|||50|]Whimsicott||FocusSash|Prankster|Moonblast,Encore,Tailwind,Protect|Timid||M|||50|]Garchomp||LifeOrb|RoughSkin|DragonClaw,Earthquake,Protect,RockSlide|Jolly||F|||50|]Basculegion||MysticWater|Adaptability|WaveCrash,LastRespects,AquaJet,Protect|Adamant||M|||50|]Kingambit||BlackGlasses|Defiant|KowtowCleave,IronHead,SuckerPunch,Protect|Adamant||F|||50|
|showteam|p2|Grimmsnarl||LightClay|Prankster|SpiritBreak,PartingShot,Reflect,LightScreen|Sassy||M|||50|]Basculegion||ChoiceScarf|Adaptability|LastRespects,WaveCrash,AquaJet,FlipTurn|Jolly||M|||50|]Charizard||CharizarditeY|Blaze|Protect,HeatWave,WeatherBall,SolarBeam|Modest||F|||50|]Pelipper||SitrusBerry|Drizzle|Hurricane,WeatherBall,Tailwind,WideGuard|Modest||M|||50|]Venusaur||FocusSash|Chlorophyll|SludgeBomb,SleepPowder,EarthPower,Protect|Modest||M|||50|]Archaludon||Leftovers|Stamina|ElectroShot,DragonPulse,FlashCannon,Protect|Calm||M|||50|
|inactive|Battle timer is ON: inactive players will automatically lose when time's up. (requested by Chelicerate1)
|
|t:|1785141639
|teamsize|p1|4
|teamsize|p2|4
|start
|switch|p1a: Garchomp|Garchomp, L50, F|100/100
|switch|p1b: Whimsicott|Whimsicott, L50, M|100/100
|switch|p2a: Grimmsnarl|Grimmsnarl, L50, M|100/100
|switch|p2b: Charizard|Charizard, L50, F|100/100
|turn|1
|
|t:|1785141661
|switch|p2b: Archaludon|Archaludon, L50, M|100/100
|move|p2a: Grimmsnarl|Reflect|p2a: Grimmsnarl
|-sidestart|p2: Chelicerate1|Reflect
|move|p1b: Whimsicott|Moonblast|p2a: Grimmsnarl
|-supereffective|p2a: Grimmsnarl|1
|-damage|p2a: Grimmsnarl|40/100
|move|p1a: Garchomp|Rock Slide|p2a: Grimmsnarl|[spread] p2a
|-miss|p1a: Garchomp|p2b: Archaludon
|-damage|p2a: Grimmsnarl|23/100
|-damage|p1a: Garchomp|90/100|[from] item: Life Orb
|
|upkeep
|turn|2
|inactive|Chelicerate1 has 30 seconds left.
|
|t:|1785141692
|switch|p1a: Floette|Floette-Eternal, L50, F|100/100
|move|p2a: Grimmsnarl|Parting Shot|p1a: Floette
|-unboost|p1a: Floette|atk|1
|-unboost|p1a: Floette|spa|1
|
|t:|1785141694
|switch|p2a: Pelipper|Pelipper, L50, M|100/100|[from] Parting Shot
|-weather|RainDance|[from] ability: Drizzle|[of] p2a: Pelipper
|move|p1b: Whimsicott|Moonblast|p2a: Pelipper
|-damage|p2a: Pelipper|49/100
|-enditem|p2a: Pelipper|Sitrus Berry|[eat]
|-heal|p2a: Pelipper|74/100|[from] item: Sitrus Berry
|move|p2b: Archaludon|Dragon Pulse|p1a: Floette
|-immune|p1a: Floette
|
|-weather|RainDance|[upkeep]
|upkeep
|turn|3
|inactive|ECARRY has 30 seconds left.
|
|t:|1785141723
|detailschange|p1a: Floette|Floette-Mega, L50, F
|-mega|p1a: Floette|Floette|Floettite
|-ability|p1a: Floette|Fairy Aura
|move|p1b: Whimsicott|Encore|p2b: Archaludon
|-start|p2b: Archaludon|Encore
|move|p1a: Floette|Dazzling Gleam|p2a: Pelipper|[spread] p2a,p2b
|-damage|p2a: Pelipper|28/100
|-damage|p2b: Archaludon|72/100
|-ability|p2b: Archaludon|Stamina|boost
|-boost|p2b: Archaludon|def|1
|move|p2b: Archaludon|Dragon Pulse|p1a: Floette
|-immune|p1a: Floette
|move|p2a: Pelipper|Hurricane|p1b: Whimsicott
|-supereffective|p1b: Whimsicott|1
|-enditem|p1b: Whimsicott|Focus Sash
|-damage|p1b: Whimsicott|1/100
|
|-weather|RainDance|[upkeep]
|-heal|p2b: Archaludon|78/100|[from] item: Leftovers
|upkeep
|turn|4
|inactive|ECARRY has 30 seconds left.
|inactive|Chelicerate1 has 30 seconds left.
|
|t:|1785141756
|switch|p2b: Charizard|Charizard, L50, F|100/100
|move|p2a: Pelipper|Wide Guard|p2a: Pelipper
|-singleturn|p2a: Pelipper|Wide Guard
|move|p1b: Whimsicott|Moonblast|p2a: Pelipper
|-damage|p2a: Pelipper|0 fnt
|faint|p2a: Pelipper
|move|p1a: Floette|Moonblast|p2b: Charizard
|-resisted|p2b: Charizard|1
|-damage|p2b: Charizard|70/100
|
|-weather|RainDance|[upkeep]
|upkeep
|
|t:|1785141759
|switch|p2a: Archaludon|Archaludon, L50, M|78/100
|turn|5
|
|t:|1785141772
|switch|p1a: Garchomp|Garchomp, L50, F|90/100
|move|p1b: Whimsicott|Protect|p1b: Whimsicott
|-singleturn|p1b: Whimsicott|Protect
|move|p2b: Charizard|Heat Wave|p1a: Garchomp|[spread] p1a
|-activate|p1b: Whimsicott|move: Protect
|-resisted|p1a: Garchomp|1
|-damage|p1a: Garchomp|82/100
|move|p2a: Archaludon|Electro Shot||[still]
|-prepare|p2a: Archaludon|Electro Shot
|-boost|p2a: Archaludon|spa|1
|-anim|p2a: Archaludon|Electro Shot|p1a: Garchomp
|-immune|p1a: Garchomp
|
|-weather|RainDance|[upkeep]
|-heal|p2a: Archaludon|84/100|[from] item: Leftovers
|upkeep
|turn|6
|inactive|Chelicerate1 has 30 seconds left.
|inactive|Chelicerate1 has 20 seconds left.
|
|t:|1785141808
|detailschange|p2b: Charizard|Charizard-Mega-Y, L50, F
|-mega|p2b: Charizard|Charizard|Charizardite Y
|-weather|SunnyDay|[from] ability: Drought|[of] p2b: Charizard
|move|p1b: Whimsicott|Encore|p2a: Archaludon
|-start|p2a: Archaludon|Encore
|move|p1a: Garchomp|Rock Slide|p2b: Charizard|[spread] p2a,p2b
|-resisted|p2a: Archaludon|1
|-supereffective|p2b: Charizard|2
|-damage|p2a: Archaludon|79/100
|-damage|p2b: Charizard|0 fnt
|-ability|p2a: Archaludon|Stamina|boost
|-boost|p2a: Archaludon|def|1
|faint|p2b: Charizard
|-damage|p1a: Garchomp|72/100|[from] item: Life Orb
|move|p2a: Archaludon|Electro Shot||[still]
|-prepare|p2a: Archaludon|Electro Shot
|-boost|p2a: Archaludon|spa|1
|
|-weather|SunnyDay|[upkeep]
|-heal|p2a: Archaludon|85/100|[from] item: Leftovers
|upkeep
|
|t:|1785141823
|switch|p2b: Grimmsnarl|Grimmsnarl, L50, M|23/100
|turn|7
|
|t:|1785141827
|move|p1b: Whimsicott|Moonblast|p2b: Grimmsnarl
|-supereffective|p2b: Grimmsnarl|1
|-damage|p2b: Grimmsnarl|0 fnt
|faint|p2b: Grimmsnarl
|move|p1a: Garchomp|Earthquake|p2a: Archaludon|[spread] p1b,p2a
|-resisted|p1b: Whimsicott|1
|-supereffective|p2a: Archaludon|1
|-damage|p1b: Whimsicott|0 fnt
|-damage|p2a: Archaludon|55/100
|-ability|p2a: Archaludon|Stamina|boost
|-boost|p2a: Archaludon|def|1
|faint|p1b: Whimsicott
|-damage|p1a: Garchomp|63/100|[from] item: Life Orb
|move|p2a: Archaludon|Electro Shot|p1a: Garchomp|[from] lockedmove
|-immune|p1a: Garchomp
|
|-weather|SunnyDay|[upkeep]
|-heal|p2a: Archaludon|61/100|[from] item: Leftovers
|upkeep
|
|t:|1785141831
|switch|p1b: Floette|Floette-Mega, L50, F|100/100
|-ability|p1b: Floette|Fairy Aura
|turn|8
|-message|Chelicerate1 forfeited.
|
|win|ECARRY
||ECARRY is ready for game 3.
|inactive|Chelicerate1 has 30 seconds to confirm battle start!
|inactive|Chelicerate1 has 20 seconds to confirm battle start!
|inactive|Chelicerate1 has 10 seconds to confirm battle start!
