|j|☆pokeplaygg
|j|☆Tchoubib
|html|pokeplayggTchoubib    
|uhtml|bestof|Game 1 of a best-of-3
|t:|1782666898
|gametype|doubles
|player|p1|pokeplaygg|170|1321
|player|p2|Tchoubib|1|1397
|gen|9
|tier|[Gen 9 Champions] VGC 2026 Reg M-B (Bo3)
|rated|
|rule|Species Clause: Limit one of each Pokémon
|rule|Item Clause: Limit 1 of each item
|clearpoke
|poke|p1|Pelipper, L50, M|
|poke|p1|Archaludon, L50, M|
|poke|p1|Swampert, L50, M|
|poke|p1|Venusaur, L50, F|
|poke|p1|Aerodactyl, L50, F|
|poke|p1|Basculegion, L50, M|
|poke|p2|Incineroar, L50, F|
|poke|p2|Floette-Eternal, L50, F|
|poke|p2|Sinistcha, L50|
|poke|p2|Sneasler, L50, F|
|poke|p2|Delphox, L50, M|
|poke|p2|Kingambit, L50, M|
|teampreview|4
|showteam|p1|Pelipper||LifeOrb|Drizzle|Protect,Hurricane,MuddyWater,Tailwind|Modest||M|||50|]Archaludon||Leftovers|Stamina|Protect,ElectroShot,DracoMeteor,FlashCannon|Modest||M|||50|]Swampert||Swampertite|Torrent|Protect,WaveCrash,Earthquake,IcePunch|Adamant||M|||50|]Venusaur||Venusaurite|Chlorophyll|Protect,SleepPowder,SludgeBomb,EarthPower|Modest||F|||50|]Aerodactyl||FocusSash|Unnerve|Protect,Tailwind,RockSlide,PsychicFangs|Jolly||F|||50|]Basculegion||ChoiceScarf|Adaptability|LastRespects,WaveCrash,FlipTurn,AquaJet|Jolly||M|||50|
|showteam|p2|Incineroar||SitrusBerry|Intimidate|FakeOut,PartingShot,ThroatChop,FlareBlitz|Careful||F|||50|]Floette-Eternal||Floettite|FlowerVeil|DazzlingGleam,Moonblast,CalmMind,Protect|Modest||F|||50|]Sinistcha||OccaBerry|Hospitality|MatchaGotcha,RagePowder,TrickRoom,Protect|Bold|||||50|]Sneasler||FocusSash|PoisonTouch|QuickGuard,FakeOut,PoisonJab,CloseCombat|Jolly||F|||50|]Delphox||Delphoxite|Blaze|Protect,NastyPlot,HeatWave,Psyshock|Timid||M|||50|]Kingambit||BlackGlasses|Defiant|Protect,SwordsDance,KowtowCleave,SuckerPunch|Adamant||M|||50|
|inactive|Battle timer is ON: inactive players will automatically lose when time's up. (requested by pokeplaygg)
|inactive|Tchoubib has 60 seconds left.
|
|t:|1782666945
|teamsize|p1|4
|teamsize|p2|4
|start
|switch|p1a: Venusaur|Venusaur, L50, F|100/100
|switch|p1b: Archaludon|Archaludon, L50, M|100/100
|switch|p2a: Incineroar|Incineroar, L50, F|100/100
|switch|p2b: Kingambit|Kingambit, L50, M|100/100
|-ability|p2a: Incineroar|Intimidate|boost
|-unboost|p1a: Venusaur|atk|1
|-unboost|p1b: Archaludon|atk|1
|turn|1
|
|t:|1782666962
|move|p1b: Archaludon|Protect|p1b: Archaludon
|-singleturn|p1b: Archaludon|Protect
|move|p1a: Venusaur|Protect|p1a: Venusaur
|-singleturn|p1a: Venusaur|Protect
|move|p2a: Incineroar|Parting Shot|p1b: Archaludon
|-activate|p1b: Archaludon|move: Protect
|move|p2b: Kingambit|Swords Dance|p2b: Kingambit
|-boost|p2b: Kingambit|atk|2
|
|upkeep
|turn|2
|inactive|Tchoubib has 30 seconds left.
|inactive|Tchoubib has 20 seconds left.
|inactive|Tchoubib has 15 seconds left.
|
|t:|1782667006
|switch|p1b: Pelipper|Pelipper, L50, M|100/100
|-weather|RainDance|[from] ability: Drizzle|[of] p1b: Pelipper
|move|p2b: Kingambit|Protect|p2b: Kingambit
|-singleturn|p2b: Kingambit|Protect
|move|p2a: Incineroar|Parting Shot|p1b: Pelipper
|-unboost|p1b: Pelipper|atk|1
|-unboost|p1b: Pelipper|spa|1
|
|t:|1782667016
|switch|p2a: Floette|Floette-Eternal, L50, F|100/100|[from] Parting Shot
|move|p1a: Venusaur|Sleep Powder|p2b: Kingambit
|-activate|p2b: Kingambit|move: Protect
|
|-weather|RainDance|[upkeep]
|upkeep
|turn|3
|
|t:|1782667036
|detailschange|p2a: Floette|Floette-Mega, L50, F
|-mega|p2a: Floette|Floette|Floettite
|-ability|p2a: Floette|Fairy Aura
|move|p2a: Floette|Moonblast|p1b: Pelipper
|-damage|p1b: Pelipper|0 fnt
|faint|p1b: Pelipper
|move|p1a: Venusaur|Sleep Powder|p2b: Kingambit
|-status|p2b: Kingambit|slp|[from] move: Sleep Powder
|cant|p2b: Kingambit|slp
|
|-weather|RainDance|[upkeep]
|upkeep
|
|t:|1782667043
|switch|p1b: Swampert|Swampert, L50, M|100/100
|turn|4
|inactive|Tchoubib has 30 seconds left.
|
|t:|1782667074
|switch|p2a: Incineroar|Incineroar, L50, F|100/100
|-ability|p2a: Incineroar|Intimidate|boost
|-unboost|p1a: Venusaur|atk|1
|-unboost|p1b: Swampert|atk|1
|detailschange|p1b: Swampert|Swampert-Mega, L50, M
|-mega|p1b: Swampert|Swampert|Swampertite
|cant|p2b: Kingambit|slp
|move|p1b: Swampert|Wave Crash|p2b: Kingambit
|-damage|p2b: Kingambit|45/100 slp
|-damage|p1b: Swampert|79/100|[from] Recoil
|move|p1a: Venusaur|Earth Power|p2b: Kingambit
|-supereffective|p2b: Kingambit|1
|-damage|p2b: Kingambit|0 fnt
|faint|p2b: Kingambit
|
|-weather|RainDance|[upkeep]
|upkeep
|
|t:|1782667098
|switch|p2b: Floette|Floette-Mega, L50, F|100/100
|-ability|p2b: Floette|Fairy Aura
|turn|5
|inactive|Tchoubib has 30 seconds left.
|
|t:|1782667126
|move|p2a: Incineroar|Fake Out|p1a: Venusaur
|-damage|p1a: Venusaur|88/100
|move|p1b: Swampert|Wave Crash|p2a: Incineroar
|-supereffective|p2a: Incineroar|1
|-damage|p2a: Incineroar|0 fnt
|faint|p2a: Incineroar
|-damage|p1b: Swampert|41/100|[from] Recoil
|move|p2b: Floette|Moonblast|p1b: Swampert
|-damage|p1b: Swampert|0 fnt
|faint|p1b: Swampert
|cant|p1a: Venusaur|flinch
|
|-weather|RainDance|[upkeep]
|upkeep
|
|t:|1782667131
|switch|p1b: Archaludon|Archaludon, L50, M|100/100
|switch|p2a: Sinistcha|Sinistcha, L50|100/100
|turn|6
|
|t:|1782667144
|move|p2a: Sinistcha|Rage Powder|p2a: Sinistcha
|-singleturn|p2a: Sinistcha|move: Rage Powder
|move|p2b: Floette|Calm Mind|p2b: Floette
|-boost|p2b: Floette|spa|1
|-boost|p2b: Floette|spd|1
|move|p1b: Archaludon|Electro Shot||[still]
|-prepare|p1b: Archaludon|Electro Shot
|-boost|p1b: Archaludon|spa|1
|-anim|p1b: Archaludon|Electro Shot|p2a: Sinistcha
|-resisted|p2a: Sinistcha|1
|-damage|p2a: Sinistcha|65/100
|move|p1a: Venusaur|Sleep Powder|p2b: Floette|[miss]
|-miss|p1a: Venusaur|p2b: Floette
|
|-weather|none
|upkeep
|turn|7
|
|t:|1782667166
|move|p2b: Floette|Protect|p2b: Floette
|-singleturn|p2b: Floette|Protect
|move|p2a: Sinistcha|Protect|p2a: Sinistcha
|-singleturn|p2a: Sinistcha|Protect
|move|p1b: Archaludon|Draco Meteor|p2a: Sinistcha
|-activate|p2a: Sinistcha|move: Protect
|move|p1a: Venusaur|Sleep Powder|p2b: Floette
|-activate|p2b: Floette|move: Protect
|
|upkeep
|turn|8
|
|t:|1782667172
|move|p1b: Archaludon|Protect|p1b: Archaludon
|-singleturn|p1b: Archaludon|Protect
|move|p2b: Floette|Moonblast|p1b: Archaludon
|-activate|p1b: Archaludon|move: Protect
|move|p1a: Venusaur|Sleep Powder|p2b: Floette
|-status|p2b: Floette|slp|[from] move: Sleep Powder
|move|p2a: Sinistcha|Matcha Gotcha|p1b: Archaludon|[spread] p1a
|-activate|p1b: Archaludon|move: Protect
|-resisted|p1a: Venusaur|2
|-damage|p1a: Venusaur|81/100
|-heal|p2a: Sinistcha|68/100|[from] drain|[of] p1a: Venusaur
|
|upkeep
|turn|9
|
|t:|1782667187
|move|p2a: Sinistcha|Rage Powder|p2a: Sinistcha
|-singleturn|p2a: Sinistcha|move: Rage Powder
|cant|p2b: Floette|slp
|move|p1b: Archaludon|Flash Cannon|p2a: Sinistcha
|-damage|p2a: Sinistcha|2/100
|move|p1a: Venusaur|Sludge Bomb|p2b: Floette
|-supereffective|p2b: Floette|1
|-damage|p2b: Floette|55/100 slp
|
|upkeep
|turn|10
|
|t:|1782667196
|move|p2a: Sinistcha|Rage Powder|p2a: Sinistcha
|-singleturn|p2a: Sinistcha|move: Rage Powder
|cant|p2b: Floette|slp
|move|p1b: Archaludon|Flash Cannon|p2a: Sinistcha
|-damage|p2a: Sinistcha|0 fnt
|faint|p2a: Sinistcha
|move|p1a: Venusaur|Sludge Bomb|p2b: Floette
|-supereffective|p2b: Floette|1
|-damage|p2b: Floette|6/100 slp
|
|upkeep
|turn|11
|
|t:|1782667204
|move|p1b: Archaludon|Protect|p1b: Archaludon
|-singleturn|p1b: Archaludon|Protect
|-curestatus|p2b: Floette|slp|[msg]
|move|p2b: Floette|Dazzling Gleam|p1a: Venusaur|[spread] p1a
|-activate|p1b: Archaludon|move: Protect
|-resisted|p1a: Venusaur|1
|-damage|p1a: Venusaur|48/100
|move|p1a: Venusaur|Sludge Bomb|p2b: Floette
|-supereffective|p2b: Floette|1
|-damage|p2b: Floette|0 fnt
|faint|p2b: Floette
|
|win|pokeplaygg
||Tchoubib is ready for game 2.
||pokeplaygg is ready for game 2.
|uhtml|next|Next: Game 2 of 3
|l|☆pokeplaygg
|player|p1|
