|j|☆Pepitolopalote
|j|☆Huasometa
|html|PepitolopaloteHuasometa    
|uhtml|bestof|Game 3 of a best-of-3
|t:|1783700943
|gametype|doubles
|player|p1|Pepitolopalote|hiker-gen4|1169
|player|p2|Huasometa|elesa|1274
|gen|9
|tier|[Gen 9 Champions] VGC 2026 Reg M-B (Bo3)
|rated|
|rule|Species Clause: Limit one of each Pokémon
|rule|Item Clause: Limit 1 of each item
|clearpoke
|poke|p1|Charizard, L50, M|
|poke|p1|Sylveon, L50, F|
|poke|p1|Farigiraf, L50, M|
|poke|p1|Aerodactyl, L50, M|
|poke|p1|Garchomp, L50, M|
|poke|p1|Kingambit, L50, F|
|poke|p2|Chandelure, L50, F|
|poke|p2|Kangaskhan, L50, F|
|poke|p2|Sylveon, L50, F|
|poke|p2|Kingambit, L50, F|
|poke|p2|Rotom-Wash, L50|
|poke|p2|Venusaur, L50, M|
|teampreview|4
|showteam|p1|Charizard||CharizarditeY|SolarPower|Protect,WeatherBall,SolarBeam,HeatWave|Modest||M|||50|]Sylveon||FairyFeather|Pixilate|Protect,HyperVoice,QuickAttack,HyperBeam|Modest||F|||50|]Farigiraf||SitrusBerry|ArmorTail|Psychic,Roar,TrickRoom,Thunderbolt|Bold||M|||50|]Aerodactyl||Aerodactylite|Unnerve|RockSlide,DualWingbeat,Tailwind,IceFang|Jolly||M|||50|]Garchomp||LifeOrb|RoughSkin|Earthquake,StompingTantrum,DragonClaw,Protect|Jolly||M|||50|]Kingambit||FocusSash|Defiant|KowtowCleave,IronHead,SuckerPunch,LowKick|Adamant||F|||50|
|showteam|p2|Chandelure||FocusSash|FlashFire|HeatWave,ShadowBall,TrickRoom,Taunt|Quiet||F|||50|]Kangaskhan||Kangaskhanite|InnerFocus|FakeOut,DoubleEdge,SuckerPunch,HammerArm|Brave||F|||50|]Sylveon||FairyFeather|Pixilate|HyperVoice,Protect,HyperBeam,QuickAttack|Quiet||F|||50|]Kingambit||BlackGlasses|Defiant|KowtowCleave,SuckerPunch,IronHead,Protect|Brave||F|||50|]Rotom-Wash||SitrusBerry|Levitate|ThunderWave,VoltSwitch,HydroPump,Protect|Calm|||||50|]Venusaur||Venusaurite|Chlorophyll|EarthPower,SleepPowder,GigaDrain,Protect|Modest||M|||50|
|
|t:|1783700968
|teamsize|p1|4
|teamsize|p2|4
|start
|switch|p1a: Aerodactyl|Aerodactyl, L50, M|100/100
|switch|p1b: Garchomp|Garchomp, L50, M|100/100
|switch|p2a: Kangaskhan|Kangaskhan, L50, F|100/100
|switch|p2b: Chandelure|Chandelure, L50, F|100/100
|-ability|p1a: Aerodactyl|Unnerve
|turn|1
|inactive|Battle timer is ON: inactive players will automatically lose when time's up. (requested by Pepitolopalote)
|
|t:|1783701005
|detailschange|p2a: Kangaskhan|Kangaskhan-Mega, L50, F
|-mega|p2a: Kangaskhan|Kangaskhan|Kangaskhanite
|move|p2a: Kangaskhan|Fake Out|p1a: Aerodactyl
|-resisted|p1a: Aerodactyl|1
|-damage|p1a: Aerodactyl|86/100
|-resisted|p1a: Aerodactyl|1
|-damage|p1a: Aerodactyl|83/100
|-hitcount|p1a: Aerodactyl|2
|cant|p1a: Aerodactyl|flinch
|move|p1b: Garchomp|Earthquake|p2a: Kangaskhan|[spread] p2a,p2b
|-immune|p1a: Aerodactyl
|-supereffective|p2b: Chandelure|1
|-damage|p2a: Kangaskhan|61/100
|-enditem|p2b: Chandelure|Focus Sash
|-damage|p2b: Chandelure|1/100
|-damage|p1b: Garchomp|90/100|[from] item: Life Orb
|move|p2b: Chandelure|Trick Room|p2b: Chandelure
|-fieldstart|move: Trick Room|[of] p2b: Chandelure
|
|upkeep
|turn|2
|
|t:|1783701030
|move|p2b: Chandelure|Shadow Ball|p1a: Aerodactyl
|-damage|p1a: Aerodactyl|22/100
|move|p2a: Kangaskhan|Hammer Arm|p1a: Aerodactyl
|-damage|p1a: Aerodactyl|0 fnt
|-unboost|p2a: Kangaskhan|spe|1
|faint|p1a: Aerodactyl
|move|p1b: Garchomp|Earthquake|p2b: Chandelure|[spread] p2a,p2b
|-supereffective|p2b: Chandelure|1
|-crit|p2b: Chandelure
|-damage|p2a: Kangaskhan|20/100y
|-damage|p2b: Chandelure|0 fnt
|faint|p2b: Chandelure
|-damage|p1b: Garchomp|80/100|[from] item: Life Orb
|
|upkeep
|
|t:|1783701038
|switch|p2b: Sylveon|Sylveon, L50, F|100/100
|switch|p1a: Kingambit|Kingambit, L50, F|100/100
|turn|3
|
|t:|1783701047
|switch|p1b: Charizard|Charizard, L50, M|100/100
|move|p1a: Kingambit|Sucker Punch|p2a: Kangaskhan
|-damage|p2a: Kangaskhan|0 fnt
|faint|p2a: Kangaskhan
|move|p2b: Sylveon|Hyper Voice|p1b: Charizard|[spread] p1a,p1b
|-resisted|p1b: Charizard|1
|-damage|p1a: Kingambit|43/100
|-damage|p1b: Charizard|72/100
|
|upkeep
|
|t:|1783701053
|switch|p2a: Kingambit|Kingambit, L50, F|100/100
|turn|4
|
|t:|1783701059
|move|p1b: Charizard|Protect|p1b: Charizard
|-singleturn|p1b: Charizard|Protect
|move|p1a: Kingambit|Sucker Punch|p2b: Sylveon
|-resisted|p2b: Sylveon|1
|-damage|p2b: Sylveon|79/100
|move|p2a: Kingambit|Kowtow Cleave|p1b: Charizard
|-activate|p1b: Charizard|move: Protect
|move|p2b: Sylveon|Hyper Voice|p1a: Kingambit|[spread] p1a
|-activate|p1b: Charizard|move: Protect
|-damage|p1a: Kingambit|0 fnt
|faint|p1a: Kingambit
|
|upkeep
|
|t:|1783701068
|switch|p1a: Garchomp|Garchomp, L50, M|80/100
|turn|5
|
|t:|1783701077
|detailschange|p1b: Charizard|Charizard-Mega-Y, L50, M
|-mega|p1b: Charizard|Charizard|Charizardite Y
|-weather|SunnyDay|[from] ability: Drought|[of] p1b: Charizard
|move|p1a: Garchomp|Protect|p1a: Garchomp
|-singleturn|p1a: Garchomp|Protect
|move|p2a: Kingambit|Kowtow Cleave|p1b: Charizard
|-damage|p1b: Charizard|13/100
|move|p2b: Sylveon|Hyper Voice|p1b: Charizard|[spread] p1b
|-activate|p1a: Garchomp|move: Protect
|-resisted|p1b: Charizard|1
|-damage|p1b: Charizard|0 fnt
|faint|p1b: Charizard
|
|-weather|SunnyDay|[upkeep]
|-fieldend|move: Trick Room
|upkeep
|turn|6
|
|t:|1783701092
|move|p1a: Garchomp|Earthquake|p2b: Sylveon|[spread] p2a,p2b
|-supereffective|p2a: Kingambit|1
|-damage|p2a: Kingambit|20/100y
|-damage|p2b: Sylveon|27/100
|-damage|p1a: Garchomp|70/100|[from] item: Life Orb
|move|p2b: Sylveon|Hyper Voice|p1a: Garchomp
|-supereffective|p1a: Garchomp|1
|-damage|p1a: Garchomp|0 fnt
|faint|p1a: Garchomp
|
|win|Huasometa
|raw|Pepitolopalote's rating: 1169 → 1151(-18 for losing)
|raw|Huasometa's rating: 1274 → 1292(+18 for winning)
|c|☆Pepitolopalote|gg
|l|☆Pepitolopalote
|player|p1|
|c|☆Huasometa|gg
