|j|☆AbacusStabacus
|j|☆playrornds
|html|AbacusStabacusplayrornds    
|uhtml|bestof|Game 2 of a best-of-3
|t:|1757190950
|gametype|doubles
|player|p1|AbacusStabacus|102|1142
|player|p2|playrornds|giovanni-gen1rb|1162
|gen|9
|tier|[Gen 9] VGC 2025 Reg H (Bo3)
|rated|
|rule|Species Clause: Limit one of each Pokémon
|rule|Item Clause: Limit 1 of each item
|clearpoke
|poke|p1|Kingambit, L50, F|
|poke|p1|Overqwil, L50, F|
|poke|p1|Archaludon, L50, M|
|poke|p1|Rillaboom, L50, F|
|poke|p1|Pelipper, L50, M|
|poke|p1|Primarina, L50, M|
|poke|p2|Ursaluna, L50, F|
|poke|p2|Charizard, L50, F|
|poke|p2|Torkoal, L50, F|
|poke|p2|Jumpluff, L50, M|
|poke|p2|Incineroar, L50, M|
|poke|p2|Porygon2, L50|
|teampreview|4
|showteam|p1|Kingambit||LifeOrb|Defiant|SwordsDance,KowtowCleave,SuckerPunch,Protect|||F|||50|,,,,,Dark]Overqwil||ChoiceBand|SwiftSwim|AquaJet,Crunch,Waterfall,PoisonJab|||F|||50|,,,,,Water]Archaludon||AssaultVest|Stamina|BodyPress,DracoMeteor,ElectroShot,SteelBeam|||M|||50|,,,,,Electric]Rillaboom||SitrusBerry|GrassySurge|FakeOut,BrickBreak,GrassyGlide,WoodHammer|||F|||50|,,,,,Water]Pelipper||CovertCloak|Drizzle|MuddyWater,Hurricane,Tailwind,Protect|||M|||50|,,,,,Ground]Primarina||ThroatSpray|LiquidVoice|HyperVoice,Haze,DazzlingGleam,Encore|||M|||50|,,,,,Steel
|showteam|p2|Ursaluna||FlameOrb|Guts|HeadlongRush,Facade,Earthquake,Protect|||F|||50|,,,,,Ghost]Charizard||ChoiceSpecs|SolarPower|HeatWave,Overheat,WeatherBall,AirSlash|||F|||50|,,,,,Ghost]Torkoal||EjectPack|Drought|Eruption,Overheat,HelpingHand,Protect|||F|||50|,,,,,Fire]Jumpluff||CovertCloak|Chlorophyll|SleepPowder,SunnyDay,RagePowder,Tailwind|||M|||50|,,,,,Water]Incineroar||SitrusBerry|Intimidate|FlareBlitz,KnockOff,FakeOut,PartingShot|||M|||50|,,,,,Ghost]Porygon2||Eviolite|Download|TeraBlast,IceBeam,Recover,TrickRoom||||||50|,,,,,Fighting
|inactive|Battle timer is ON: inactive players will automatically lose when time's up. (requested by playrornds)
|
|t:|1757190977
|teamsize|p1|4
|teamsize|p2|4
|start
|switch|p1a: Pelipper|Pelipper, L50, M|100/100
|switch|p1b: Primarina|Primarina, L50, M|100/100
|switch|p2a: Incineroar|Incineroar, L50, M|100/100
|switch|p2b: Porygon2|Porygon2, L50|100/100
|-ability|p2a: Incineroar|Intimidate|boost
|-unboost|p1a: Pelipper|atk|1
|-unboost|p1b: Primarina|atk|1
|-weather|RainDance|[from] ability: Drizzle|[of] p1a: Pelipper
|-ability|p2b: Porygon2|Download|boost
|-boost|p2b: Porygon2|spa|1
|turn|1
|inactive|playrornds has 30 seconds left.
|
|t:|1757191006
|move|p2a: Incineroar|Fake Out|p1b: Primarina
|-damage|p1b: Primarina|85/100
|move|p1a: Pelipper|Muddy Water|p2b: Porygon2|[spread] p2a,p2b
|-supereffective|p2a: Incineroar
|-damage|p2a: Incineroar|31/100
|-damage|p2b: Porygon2|77/100
|-unboost|p2a: Incineroar|accuracy|1
|-enditem|p2a: Incineroar|Sitrus Berry|[eat]
|-heal|p2a: Incineroar|56/100|[from] item: Sitrus Berry
|cant|p1b: Primarina|flinch
|move|p2b: Porygon2|Trick Room|p2b: Porygon2
|-fieldstart|move: Trick Room|[of] p2b: Porygon2
|
|-weather|RainDance|[upkeep]
|upkeep
|turn|2
|inactive|AbacusStabacus has 30 seconds left.
|inactive|playrornds has 30 seconds left.
|inactive|playrornds has 20 seconds left.
|inactive|playrornds has 15 seconds left.
|inactive|playrornds has 10 seconds left.
|inactive|playrornds has 5 seconds left.
|
|t:|1757191058
|switch|p2b: Torkoal|Torkoal, L50, F, shiny|100/100
|-weather|SunnyDay|[from] ability: Drought|[of] p2b: Torkoal
|move|p1b: Primarina|Hyper Voice|p2b: Torkoal|[spread] p2a,p2b
|-supereffective|p2a: Incineroar
|-supereffective|p2b: Torkoal
|-damage|p2a: Incineroar|19/100
|-damage|p2b: Torkoal|50/100
|-enditem|p1b: Primarina|Throat Spray
|-boost|p1b: Primarina|spa|1|[from] item: Throat Spray
|move|p1a: Pelipper|Muddy Water|p2b: Torkoal|[spread] p2a,p2b
|-supereffective|p2a: Incineroar
|-supereffective|p2b: Torkoal
|-damage|p2a: Incineroar|0 fnt
|-damage|p2b: Torkoal|19/100
|-unboost|p2b: Torkoal|accuracy|1
|faint|p2a: Incineroar
|-enditem|p2b: Torkoal|Eject Pack
|
|t:|1757191060
|switch|p2b: Porygon2|Porygon2, L50|77/100
|-ability|p2b: Porygon2|Download|boost
|-boost|p2b: Porygon2|spa|1
|
|-weather|SunnyDay|[upkeep]
|upkeep
|
|t:|1757191072
|switch|p2a: Ursaluna|Ursaluna, L50, F, shiny|100/100
|turn|3
|inactive|playrornds has 30 seconds left.
|
|t:|1757191102
|switch|p1a: Rillaboom|Rillaboom, L50, F|100/100
|-fieldstart|move: Grassy Terrain|[from] ability: Grassy Surge|[of] p1a: Rillaboom
|-terastallize|p2a: Ursaluna|Ghost
|move|p1b: Primarina|Hyper Voice|p2b: Porygon2|[spread] p2a,p2b
|-damage|p2a: Ursaluna|74/100
|-damage|p2b: Porygon2|58/100
|move|p2b: Porygon2|Tera Blast|p1a: Rillaboom
|-damage|p1a: Rillaboom|31/100
|-enditem|p1a: Rillaboom|Sitrus Berry|[eat]
|-heal|p1a: Rillaboom|56/100|[from] item: Sitrus Berry
|move|p2a: Ursaluna|Facade|p1b: Primarina
|-damage|p1b: Primarina|32/100
|
|-weather|SunnyDay|[upkeep]
|-heal|p1b: Primarina|37/100|[from] Grassy Terrain
|-heal|p2b: Porygon2|65/100|[from] Grassy Terrain
|-heal|p2a: Ursaluna|79/100|[from] Grassy Terrain
|-heal|p1a: Rillaboom|61/100|[from] Grassy Terrain
|-status|p2a: Ursaluna|brn|[from] item: Flame Orb
|upkeep
|turn|4
|
|t:|1757191121
|move|p1b: Primarina|Dazzling Gleam|p2a: Ursaluna|[spread] p2a,p2b
|-damage|p2a: Ursaluna|30/100 brn
|-damage|p2b: Porygon2|33/100
|move|p2b: Porygon2|Ice Beam|p1a: Rillaboom
|-supereffective|p1a: Rillaboom
|-damage|p1a: Rillaboom|0 fnt
|faint|p1a: Rillaboom
|move|p2a: Ursaluna|Facade|p1b: Primarina
|-damage|p1b: Primarina|0 fnt
|faint|p1b: Primarina
|
|-weather|SunnyDay|[upkeep]
|-heal|p2b: Porygon2|39/100|[from] Grassy Terrain
|-heal|p2a: Ursaluna|35/100 brn|[from] Grassy Terrain
|-damage|p2a: Ursaluna|30/100 brn|[from] brn
|upkeep
|
|t:|1757191124
|switch|p1b: Overqwil|Overqwil, L50, F|100/100
|switch|p1a: Pelipper|Pelipper, L50, M|100/100
|-weather|RainDance|[from] ability: Drizzle|[of] p1a: Pelipper
|turn|5
|
|t:|1757191146
|switch|p2b: Torkoal|Torkoal, L50, F, shiny|19/100
|-weather|SunnyDay|[from] ability: Drought|[of] p2b: Torkoal
|move|p1a: Pelipper|Muddy Water|p2b: Torkoal|[spread] p2a,p2b
|-supereffective|p2b: Torkoal
|-damage|p2a: Ursaluna|19/100 brn
|-damage|p2b: Torkoal|0 fnt
|-unboost|p2a: Ursaluna|accuracy|1
|faint|p2b: Torkoal
|move|p2a: Ursaluna|Facade|p1b: Overqwil
|-damage|p1b: Overqwil|0 fnt
|faint|p1b: Overqwil
|
|-weather|SunnyDay|[upkeep]
|-heal|p2a: Ursaluna|25/100 brn|[from] Grassy Terrain
|-damage|p2a: Ursaluna|19/100 brn|[from] brn
|-fieldend|move: Trick Room
|upkeep
|
|t:|1757191148
|switch|p2b: Porygon2|Porygon2, L50|39/100
|-ability|p2b: Porygon2|Download|boost
|-boost|p2b: Porygon2|spa|1
|turn|6
|
|t:|1757191170
|move|p2a: Ursaluna|Facade|p1a: Pelipper
|-damage|p1a: Pelipper|0 fnt
|faint|p1a: Pelipper
|
|win|playrornds
