|j|☆Bbob415
|j|☆PackOfCamelBlues
|html|Bbob415PackOfCamelBlues    
|uhtml|bestof|Game 3 of a best-of-3
|t:|1783206635
|gametype|doubles
|player|p1|Bbob415|n|
|player|p2|PackOfCamelBlues|pryce|
|gen|9
|tier|[Gen 9 Champions] VGC 2026 Reg M-B (Bo3)
|rule|Species Clause: Limit one of each Pokémon
|rule|Item Clause: Limit 1 of each item
|clearpoke
|poke|p1|Charizard, L50, M|
|poke|p1|Whimsicott, L50, F|
|poke|p1|Basculegion, L50, M|
|poke|p1|Mawile, L50, M|
|poke|p1|Farigiraf, L50, F|
|poke|p1|Garchomp, L50, F|
|poke|p2|Swampert, L50, M, shiny|
|poke|p2|Pelipper, L50, M, shiny|
|poke|p2|Archaludon, L50, M, shiny|
|poke|p2|Overqwil, L50, F, shiny|
|poke|p2|Grimmsnarl, L50, M, shiny|
|poke|p2|Sinistcha, L50, shiny|
|teampreview|4
|showteam|p1|Charizard||CharizarditeY|SolarPower|HeatWave,WeatherBall,SolarBeam,Protect|Modest||M|||50|]Whimsicott||FocusSash|Prankster|Moonblast,Tailwind,Encore,Protect|Timid||F|||50|]Basculegion||SitrusBerry|Adaptability|WaveCrash,AquaJet,LastRespects,Protect|Adamant||M|||50|]Mawile||Mawilite|HyperCutter|PlayRough,IronHead,SuckerPunch,RockSlide|Adamant||M|||50|]Farigiraf||ColburBerry|ArmorTail|HyperVoice,Psychic,HelpingHand,TrickRoom|Relaxed||F|||50|]Garchomp||LifeOrb|RoughSkin|Earthquake,DragonClaw,RockSlide,Protect|Jolly||F|||50|
|showteam|p2|Swampert||Swampertite|Damp|WaveCrash,HighHorsepower,IcePunch,Protect|Adamant||M|||50|]Pelipper||LifeOrb|Drizzle|Hurricane,WeatherBall,Tailwind,Protect|Timid||M|||50|]Archaludon||Leftovers|Stamina|FlashCannon,DragonPulse,ElectroShot,Protect|Modest||M|||50|]Overqwil||FocusSash|SwiftSwim|GunkShot,RainDance,Crunch,Taunt|Adamant||F|||50|]Grimmsnarl||LightClay|Prankster|SpiritBreak,PartingShot,LightScreen,Reflect|Calm||M|||50|]Sinistcha||KasibBerry|Hospitality|MatchaGotcha,RagePowder,LifeDew,TrickRoom|Bold|||||50|
|j| Izzywooperstan
|j| Autin Mago
|j| RunningRad
|j| x-4 drop la
|j| thebigmacky
|j| coolguy14604
|j| ZardiCharVGC
|j| triziateam
|l| ZardiCharVGC
|
|t:|1783206697
|teamsize|p1|4
|teamsize|p2|4
|start
|switch|p1a: Garchomp|Garchomp, L50, F|100/100
|switch|p1b: Charizard|Charizard, L50, M|100/100
|switch|p2a: wig|Grimmsnarl, L50, M, shiny|100/100
|switch|p2b: Performative|Sinistcha, L50, shiny|100/100
|turn|1
|
|t:|1783206735
|switch|p2b: $PL4s#|Pelipper, L50, M, shiny|100/100
|-weather|RainDance|[from] ability: Drizzle|[of] p2b: $PL4s#
|detailschange|p1b: Charizard|Charizard-Mega-Y, L50, M
|-mega|p1b: Charizard|Charizard|Charizardite Y
|-weather|SunnyDay|[from] ability: Drought|[of] p1b: Charizard
|move|p2a: wig|Light Screen|p2a: wig
|-sidestart|p2: PackOfCamelBlues|move: Light Screen
|move|p1a: Garchomp|Earthquake|p2a: wig|[spread] p2a
|-immune|p1b: Charizard
|-immune|p2b: $PL4s#
|-damage|p2a: wig|43/100
|-damage|p1a: Garchomp|90/100|[from] item: Life Orb
|move|p1b: Charizard|Heat Wave|p2a: wig|[spread] p2a,p2b
|-resisted|p2b: $PL4s#|1
|-damage|p2a: wig|1/100
|-damage|p2b: $PL4s#|58/100
|
|-weather|SunnyDay|[upkeep]
|upkeep
|turn|2
|j| ZardiCharVGC
|
|t:|1783206757
|switch|p2b: Performative|Sinistcha, L50, shiny|100/100
|-heal|p2a: wig|25/100|[from] ability: Hospitality|[of] p2b: Performative
|move|p2a: wig|Parting Shot|p1a: Garchomp
|-unboost|p1a: Garchomp|atk|1
|-unboost|p1a: Garchomp|spa|1
|
|t:|1783206765
|switch|p2a: $PL4s#|Pelipper, L50, M, shiny|58/100|[from] Parting Shot
|-weather|RainDance|[from] ability: Drizzle|[of] p2a: $PL4s#
|move|p1a: Garchomp|Rock Slide|p2b: Performative|[spread] p2a,p2b
|-supereffective|p2a: $PL4s#|1
|-damage|p2a: $PL4s#|14/100
|-damage|p2b: Performative|86/100
|-damage|p1a: Garchomp|80/100|[from] item: Life Orb
|move|p1b: Charizard|Solar Beam||[still]
|-prepare|p1b: Charizard|Solar Beam
|
|-weather|RainDance|[upkeep]
|upkeep
|turn|3
|
|t:|1783206790
|switch|p2a: Big Pert 30|Swampert, L50, M, shiny|100/100
|move|p1a: Garchomp|Rock Slide|p2a: Big Pert 30|[spread] p2a,p2b
|-resisted|p2a: Big Pert 30|1
|-damage|p2a: Big Pert 30|92/100
|-damage|p2b: Performative|74/100
|-damage|p1a: Garchomp|70/100|[from] item: Life Orb
|move|p1b: Charizard|Solar Beam|p2b: Performative|[from] lockedmove
|-resisted|p2b: Performative|1
|-damage|p2b: Performative|64/100
|move|p2b: Performative|Matcha Gotcha|p1b: Charizard|[spread] p1a,p1b
|-crit|p1a: Garchomp
|-resisted|p1b: Charizard|2
|-damage|p1a: Garchomp|30/100
|-heal|p2b: Performative|86/100|[from] drain|[of] p1a: Garchomp
|-damage|p1b: Charizard|94/100
|-heal|p2b: Performative|89/100|[from] drain|[of] p1b: Charizard
|-status|p1a: Garchomp|brn
|
|-weather|RainDance|[upkeep]
|-damage|p1a: Garchomp|24/100 brn|[from] brn
|upkeep
|turn|4
|c|☆PackOfCamelBlues|Lol
|l| ZardiCharVGC
|c| triziateam|Ufff.
|
|t:|1783206831
|switch|p1b: Farigiraf|Farigiraf, L50, F|100/100
|detailschange|p2a: Big Pert 30|Swampert-Mega, L50, M, shiny
|-mega|p2a: Big Pert 30|Swampert|Swampertite
|move|p1a: Garchomp|Protect|p1a: Garchomp
|-singleturn|p1a: Garchomp|Protect
|move|p2a: Big Pert 30|Wave Crash|p1b: Farigiraf
|-damage|p1b: Farigiraf|0 fnt
|faint|p1b: Farigiraf
|-damage|p2a: Big Pert 30|49/100|[from] Recoil
|move|p2b: Performative|Matcha Gotcha|p1a: Garchomp
|-activate|p1a: Garchomp|move: Protect
|
|-weather|RainDance|[upkeep]
|-damage|p1a: Garchomp|18/100 brn|[from] brn
|upkeep
|
|t:|1783206846
|switch|p1b: Charizard|Charizard-Mega-Y, L50, M|94/100
|-weather|SunnyDay|[from] ability: Drought|[of] p1b: Charizard
|turn|5
|
|t:|1783206860
|switch|p1b: Basculegion|Basculegion, L50, M|100/100
|switch|p2b: $PL4s#|Pelipper, L50, M, shiny|14/100
|-weather|RainDance|[from] ability: Drizzle|[of] p2b: $PL4s#
|move|p2a: Big Pert 30|Wave Crash|p1b: Basculegion
|-resisted|p1b: Basculegion|1
|-crit|p1b: Basculegion
|-damage|p1b: Basculegion|23/100
|-enditem|p1b: Basculegion|Sitrus Berry|[eat]
|-heal|p1b: Basculegion|48/100|[from] item: Sitrus Berry
|-damage|p2a: Big Pert 30|21/100|[from] Recoil
|move|p1a: Garchomp|Rock Slide|p2a: Big Pert 30|[spread] p2a,p2b
|-resisted|p2a: Big Pert 30|1
|-supereffective|p2b: $PL4s#|1
|-damage|p2a: Big Pert 30|17/100
|-damage|p2b: $PL4s#|0 fnt
|faint|p2b: $PL4s#
|-damage|p1a: Garchomp|8/100 brn|[from] item: Life Orb
|
|-weather|RainDance|[upkeep]
|-damage|p1a: Garchomp|2/100 brn|[from] brn
|upkeep
|l| Autin Mago
|
|t:|1783206875
|switch|p2b: Performative|Sinistcha, L50, shiny|89/100
|-heal|p2a: Big Pert 30|42/100|[from] ability: Hospitality|[of] p2b: Performative
|turn|6
|
|t:|1783206888
|move|p2a: Big Pert 30|Protect|p2a: Big Pert 30
|-singleturn|p2a: Big Pert 30|Protect
|move|p1a: Garchomp|Dragon Claw|p2b: Performative
|-damage|p2b: Performative|76/100
|-damage|p1a: Garchomp|0 fnt|[from] item: Life Orb
|faint|p1a: Garchomp
|move|p1b: Basculegion|Last Respects|p2a: Big Pert 30
|-activate|p2a: Big Pert 30|move: Protect
|move|p2b: Performative|Life Dew|p2b: Performative|[spread] p2a,p2b
|-heal|p2a: Big Pert 30|67/100
|-heal|p2b: Performative|100/100
|
|-weather|RainDance|[upkeep]
|upkeep
|
|t:|1783206902
|switch|p1a: Charizard|Charizard-Mega-Y, L50, M|94/100
|-weather|SunnyDay|[from] ability: Drought|[of] p1a: Charizard
|turn|7
|
|t:|1783206923
|move|p2b: Performative|Rage Powder|p2b: Performative
|-singleturn|p2b: Performative|move: Rage Powder
|move|p1a: Charizard|Weather Ball|p2b: Performative
|-supereffective|p2b: Performative|1
|-damage|p2b: Performative|0 fnt
|faint|p2b: Performative
|move|p2a: Big Pert 30|Wave Crash|p1a: Charizard
|-supereffective|p1a: Charizard|1
|-damage|p1a: Charizard|0 fnt
|faint|p1a: Charizard
|-damage|p2a: Big Pert 30|40/100|[from] Recoil
|move|p1b: Basculegion|Last Respects|p2a: Big Pert 30
|-damage|p2a: Big Pert 30|0 fnt
|faint|p2a: Big Pert 30
|
|-weather|SunnyDay|[upkeep]
|upkeep
|j| ZardiCharVGC
|
|t:|1783206932
|switch|p2b: wig|Grimmsnarl, L50, M, shiny|25/100
|turn|8
|l| coolguy14604
|c|☆PackOfCamelBlues|Damn
|c|☆PackOfCamelBlues|ggd
|c|☆Bbob415|not over yet
|j| coolguy14604
|
|t:|1783206961
|move|p1b: Basculegion|Wave Crash|p2b: wig
|-damage|p2b: wig|0 fnt
|faint|p2b: wig
|-damage|p1b: Basculegion|40/100|[from] Recoil
|
|win|Bbob415
|c|☆Bbob415|ggs
|l| Izzywooperstan
|l| triziateam
|l| ZardiCharVGC
|l| coolguy14604
|c|☆PackOfCamelBlues|The solar beam turn es so funny
|c|☆Bbob415|fr lol
|l| RunningRad
|c|☆Bbob415|well played
|c|☆PackOfCamelBlues|Ggs wp
|l| x-4 drop la
|l|☆PackOfCamelBlues
|player|p2|
|j| manyarmskeephead
|l| manyarmskeephead
|j| coolguy14604
|l| coolguy14604
