|j|☆Ethan's Bleakmiss
|j|☆cocobennyy
|html|Ethan's Bleakmisscocobennyy    
|uhtml|bestof|Game 2 of a best-of-3
|t:|1784560877
|gametype|doubles
|player|p1|Ethan's Bleakmiss|unknown|1122
|player|p2|cocobennyy|medium|1148
|gen|9
|tier|[Gen 9 Champions] VGC 2026 Reg M-B (Bo3)
|rated|
|rule|Species Clause: Limit one of each Pokémon
|rule|Item Clause: Limit 1 of each item
|clearpoke
|poke|p1|Blaziken, L50, M|
|poke|p1|Ninetales-Alola, L50, F|
|poke|p1|Kingambit, L50, F, shiny|
|poke|p1|Basculegion, L50, M, shiny|
|poke|p1|Farigiraf, L50, F, shiny|
|poke|p1|Slowbro, L50, M, shiny|
|poke|p2|Charizard, L50, M|
|poke|p2|Mimikyu, L50, F|
|poke|p2|Politoed, L50, M|
|poke|p2|Venusaur, L50, M|
|poke|p2|Archaludon, L50, M|
|poke|p2|Sableye, L50, M|
|teampreview|4
|showteam|p1|Blaziken||Blazikenite|SpeedBoost|CloseCombat,FlareBlitz,StoneEdge,Detect|Adamant||M|||50|]Ninetales-Alola||NeverMeltIce|SnowWarning|Blizzard,FreezeDry,Encore,Protect|Timid||F|||50|]Kingambit||LifeOrb|Defiant|SuckerPunch,KowtowCleave,IronHead,Protect|Brave||F|||50|]Basculegion||ChoiceScarf|Adaptability|WaveCrash,LastRespects,FlipTurn,AquaJet|Adamant||M|||50|]Farigiraf||SitrusBerry|ArmorTail|HyperVoice,Psychic,TrickRoom,HelpingHand|Sassy||F|||50|]Slowbro||Slowbronite|Regenerator|BodyPress,Protect,Scald,Psychic|Quiet||M|||50|
|showteam|p2|Charizard||CharizarditeY|Blaze|Protect,HeatWave,WeatherBall,SolarBeam|Modest||M|||50|]Mimikyu||LifeOrb|Disguise|Protect,PlayRough,ShadowClaw,TrickRoom|Adamant||F|||50|]Politoed||SitrusBerry|Drizzle|Protect,PerishSong,IceBeam,WeatherBall|Calm||M|||50|]Venusaur||Venusaurite|Chlorophyll|Protect,SludgeBomb,GigaDrain,EarthPower|Modest||M|||50|]Archaludon||Leftovers|Stamina|Protect,ElectroShot,FlashCannon,DragonPulse|Timid||M|||50|]Sableye||LightClay|Prankster|Quash,RainDance,LightScreen,Reflect|Careful||M|||50|
|inactive|Battle timer is ON: inactive players will automatically lose when time's up. (requested by Ethan's Bleakmiss)
|inactive|Ethan's Bleakmiss has 60 seconds left.
|inactive|cocobennyy has 60 seconds left.
|inactive|cocobennyy has 30 seconds left.
|inactive|cocobennyy has 20 seconds left.
|inactive|cocobennyy has 15 seconds left.
|inactive|cocobennyy has 10 seconds left.
|inactive|cocobennyy has 5 seconds left.
|
|t:|1784560965
|teamsize|p1|4
|teamsize|p2|4
|start
|switch|p1a: Basculegion|Basculegion, L50, M, shiny|100/100
|switch|p1b: Kingambit|Kingambit, L50, F, shiny|100/100
|switch|p2a: Politoed|Politoed, L50, M|100/100
|switch|p2b: Sableye|Sableye, L50, M|100/100
|-weather|RainDance|[from] ability: Drizzle|[of] p2a: Politoed
|turn|1
|inactive|cocobennyy has 30 seconds left.
|
|t:|1784560993
|move|p2b: Sableye|Reflect|p2b: Sableye
|-sidestart|p2: cocobennyy|Reflect
|move|p1a: Basculegion|Flip Turn|p2b: Sableye
|-damage|p2b: Sableye|41/100
|
|t:|1784561000
|switch|p1a: Farigiraf|Farigiraf, L50, F, shiny|100/100|[from] Flip Turn
|move|p2a: Politoed|Weather Ball|p1a: Farigiraf
|-damage|p1a: Farigiraf|57/100
|move|p1b: Kingambit|Kowtow Cleave|p2a: Politoed
|-crit|p2a: Politoed
|-damage|p2a: Politoed|4/100
|-enditem|p2a: Politoed|Sitrus Berry|[eat]
|-heal|p2a: Politoed|29/100|[from] item: Sitrus Berry
|-damage|p1b: Kingambit|90/100|[from] item: Life Orb
|
|-weather|RainDance|[upkeep]
|upkeep
|turn|2
|inactive|cocobennyy has 30 seconds left.
|inactive|cocobennyy has 20 seconds left.
|inactive|cocobennyy has 15 seconds left.
|
|t:|1784561041
|move|p2b: Sableye|Light Screen|p2b: Sableye
|-sidestart|p2: cocobennyy|move: Light Screen
|move|p2a: Politoed|Weather Ball|p1b: Kingambit
|-damage|p1b: Kingambit|45/100
|move|p1a: Farigiraf|Psychic|p2a: Politoed
|-damage|p2a: Politoed|12/100
|-unboost|p2a: Politoed|spd|1
|move|p1b: Kingambit|Kowtow Cleave|p2b: Sableye
|-damage|p2b: Sableye|0 fnt
|faint|p2b: Sableye
|-damage|p1b: Kingambit|35/100|[from] item: Life Orb
|
|-weather|RainDance|[upkeep]
|upkeep
|
|t:|1784561054
|switch|p2b: Archaludon|Archaludon, L50, M|100/100
|turn|3
|inactive|Ethan's Bleakmiss has 30 seconds left.
|
|t:|1784561086
|switch|p1b: Slowbro|Slowbro, L50, M, shiny|100/100
|move|p2b: Archaludon|Electro Shot||[still]
|-prepare|p2b: Archaludon|Electro Shot
|-boost|p2b: Archaludon|spa|1
|-anim|p2b: Archaludon|Electro Shot|p1a: Farigiraf
|-damage|p1a: Farigiraf|15/100
|-enditem|p1a: Farigiraf|Sitrus Berry|[eat]
|-heal|p1a: Farigiraf|40/100|[from] item: Sitrus Berry
|move|p2a: Politoed|Weather Ball|p1b: Slowbro
|-resisted|p1b: Slowbro|1
|-damage|p1b: Slowbro|72/100
|move|p1a: Farigiraf|Psychic|p2a: Politoed
|-damage|p2a: Politoed|0 fnt
|faint|p2a: Politoed
|
|-weather|RainDance|[upkeep]
|upkeep
|
|t:|1784561101
|switch|p2a: Venusaur|Venusaur, L50, M|100/100
|turn|4
|
|t:|1784561117
|detailschange|p2a: Venusaur|Venusaur-Mega, L50, M
|-mega|p2a: Venusaur|Venusaur|Venusaurite
|detailschange|p1b: Slowbro|Slowbro-Mega, L50, M, shiny
|-mega|p1b: Slowbro|Slowbro|Slowbronite
|move|p1b: Slowbro|Protect|p1b: Slowbro
|-singleturn|p1b: Slowbro|Protect
|move|p2b: Archaludon|Electro Shot||[still]
|-prepare|p2b: Archaludon|Electro Shot
|-boost|p2b: Archaludon|spa|1
|-anim|p2b: Archaludon|Electro Shot|p1b: Slowbro
|-activate|p1b: Slowbro|move: Protect
|move|p2a: Venusaur|Sludge Bomb|p1a: Farigiraf
|-damage|p1a: Farigiraf|1/100
|-status|p1a: Farigiraf|psn
|move|p1a: Farigiraf|Trick Room|p1a: Farigiraf
|-fieldstart|move: Trick Room|[of] p1a: Farigiraf
|
|-weather|RainDance|[upkeep]
|-damage|p1a: Farigiraf|0 fnt|[from] psn
|faint|p1a: Farigiraf
|upkeep
|
|t:|1784561134
|switch|p1a: Kingambit|Kingambit, L50, F, shiny|35/100
|turn|5
|
|t:|1784561147
|move|p2a: Venusaur|Protect|p2a: Venusaur
|-singleturn|p2a: Venusaur|Protect
|move|p1b: Slowbro|Body Press|p2b: Archaludon
|-supereffective|p2b: Archaludon|1
|-damage|p2b: Archaludon|69/100
|-ability|p2b: Archaludon|Stamina|boost
|-boost|p2b: Archaludon|def|1
|move|p1a: Kingambit|Kowtow Cleave|p2a: Venusaur
|-activate|p2a: Venusaur|move: Protect
|move|p2b: Archaludon|Electro Shot||[still]
|-prepare|p2b: Archaludon|Electro Shot
|-boost|p2b: Archaludon|spa|1
|-anim|p2b: Archaludon|Electro Shot|p1b: Slowbro
|-supereffective|p1b: Slowbro|1
|-damage|p1b: Slowbro|0 fnt
|faint|p1b: Slowbro
|
|-weather|none
|-heal|p2b: Archaludon|75/100|[from] item: Leftovers
|upkeep
|
|t:|1784561163
|switch|p1b: Basculegion|Basculegion, L50, M, shiny|100/100
|turn|6
|
|t:|1784561178
|move|p1a: Kingambit|Kowtow Cleave|p2b: Archaludon
|-damage|p2b: Archaludon|55/100
|-ability|p2b: Archaludon|Stamina|boost
|-boost|p2b: Archaludon|def|1
|-damage|p1a: Kingambit|26/100|[from] item: Life Orb
|move|p2a: Venusaur|Giga Drain|p1b: Basculegion
|-supereffective|p1b: Basculegion|1
|-damage|p1b: Basculegion|11/100
|move|p2b: Archaludon|Dragon Pulse|p1b: Basculegion
|-damage|p1b: Basculegion|0 fnt
|faint|p1b: Basculegion
|
|-heal|p2b: Archaludon|61/100|[from] item: Leftovers
|upkeep
|turn|7
|
|t:|1784561194
|move|p1a: Kingambit|Kowtow Cleave|p2b: Archaludon
|-crit|p2b: Archaludon
|-damage|p2b: Archaludon|0 fnt
|faint|p2b: Archaludon
|-damage|p1a: Kingambit|16/100|[from] item: Life Orb
|move|p2a: Venusaur|Earth Power|p1a: Kingambit
|-supereffective|p1a: Kingambit|1
|-damage|p1a: Kingambit|0 fnt
|faint|p1a: Kingambit
|
|win|cocobennyy
||Ethan's Bleakmiss is ready for game 3.
|inactive|cocobennyy has 30 seconds to confirm battle start!
|inactive|cocobennyy has 20 seconds to confirm battle start!
||cocobennyy is ready for game 3.
|uhtml|next|Next: Game 3 of 3
