|j|☆sum1dum
|j|☆mangosol
|html|sum1dummangosol    
|uhtml|bestof|Game 1 of a best-of-3
|t:|1782348088
|gametype|doubles
|player|p1|sum1dum|rosa|1095
|player|p2|mangosol|102|1162
|gen|9
|tier|[Gen 9 Champions] VGC 2026 Reg M-B (Bo3)
|rated|
|rule|Species Clause: Limit one of each Pokémon
|rule|Item Clause: Limit 1 of each item
|clearpoke
|poke|p1|Gliscor, L50, F|
|poke|p1|Primarina, L50, M|
|poke|p1|Metagross, L50|
|poke|p1|Ninetales-Alola, L50, F|
|poke|p1|Incineroar, L50, F|
|poke|p1|Sinistcha, L50|
|poke|p2|Kingambit, L50, M|
|poke|p2|Swampert, L50, F|
|poke|p2|Pelipper, L50, F|
|poke|p2|Archaludon, L50, M|
|poke|p2|Basculegion, L50, M|
|poke|p2|Sinistcha, L50|
|teampreview|4
|showteam|p1|Gliscor||LifeOrb|HyperCutter|DualWingbeat,HighHorsepower,RockSlide,Protect|Jolly||F|||50|]Primarina||Leftovers|LiquidVoice|CalmMind,HyperVoice,Moonblast,Protect|Modest||M|||50|]Metagross||Metagrossite|ClearBody|BulletPunch,IronHead,Protect,PsychicFangs|Jolly|||||50|]Ninetales-Alola||LightClay|SnowWarning|AuroraVeil,FreezeDry,Moonblast,Protect|Timid||F|||50|]Incineroar||ChopleBerry|Intimidate|FakeOut,FlareBlitz,DarkestLariat,PartingShot|Impish||F|||50|]Sinistcha||SitrusBerry|Hospitality|MatchaGotcha,Protect,LifeDew,RagePowder|Bold|||||50|
|showteam|p2|Kingambit||LifeOrb|Defiant|SuckerPunch,IronHead,Protect,LowKick|Adamant||M|||50|]Swampert||Swampertite|Torrent|WaveCrash,HighHorsepower,Protect,IcePunch|Adamant||F|||50|]Pelipper||DampRock|Drizzle|Hurricane,Tailwind,RainDance,WideGuard|Bold||F|||50|]Archaludon||Leftovers|Stamina|ElectroShot,Protect,FlashCannon,DragonPulse|Calm||M|||50|]Basculegion||ChoiceScarf|Adaptability|WaveCrash,AquaJet,LastRespects,FlipTurn|Jolly||M|||50|]Sinistcha||SitrusBerry|Hospitality|MatchaGotcha,LifeDew,RagePowder,TrickRoom|Relaxed|||||50|
|inactive|Battle timer is ON: inactive players will automatically lose when time's up. (requested by sum1dum)
|inactive|sum1dum has 60 seconds left.
|inactive|mangosol has 60 seconds left.
|inactive|mangosol has 30 seconds left.
|
|t:|1782348157
|teamsize|p1|4
|teamsize|p2|4
|start
|switch|p1a: Patience|Primarina, L50, M|100/100
|switch|p1b: Bravery|Gliscor, L50, F|100/100
|switch|p2a: Kingambit|Kingambit, L50, M|100/100
|switch|p2b: Basculegion|Basculegion, L50, M|100/100
|turn|1
|inactive|mangosol has 30 seconds left.
|inactive|sum1dum has 30 seconds left.
|inactive|mangosol has 20 seconds left.
|inactive|sum1dum has 20 seconds left.
|inactive|mangosol has 15 seconds left.
|inactive|sum1dum has 15 seconds left.
|
|t:|1782348204
|switch|p2a: Pelipper|Pelipper, L50, F|100/100
|-weather|RainDance|[from] ability: Drizzle|[of] p2a: Pelipper
|move|p1b: Bravery|Protect|p1b: Bravery
|-singleturn|p1b: Bravery|Protect
|move|p2b: Basculegion|Wave Crash|p1b: Bravery
|-activate|p1b: Bravery|move: Protect
|move|p1a: Patience|Moonblast|p2a: Pelipper
|-damage|p2a: Pelipper|43/100
|
|-weather|RainDance|[upkeep]
|upkeep
|turn|2
|inactive|mangosol has 30 seconds left.
|
|t:|1782348234
|switch|p1b: Integrity|Ninetales-Alola, L50, F|100/100
|-weather|Snowscape|[from] ability: Snow Warning|[of] p1b: Integrity
|move|p2b: Basculegion|Wave Crash|p1b: Integrity
|-damage|p1b: Integrity|25/100
|-damage|p2b: Basculegion|81/100|[from] Recoil
|move|p2a: Pelipper|Tailwind|p2a: Pelipper
|-sidestart|p2: mangosol|move: Tailwind
|move|p1a: Patience|Moonblast|p2b: Basculegion
|-damage|p2b: Basculegion|27/100
|-unboost|p2b: Basculegion|spa|1
|
|-weather|Snowscape|[upkeep]
|upkeep
|turn|3
|inactive|mangosol has 30 seconds left.
|
|t:|1782348265
|move|p1b: Integrity|Protect|p1b: Integrity
|-singleturn|p1b: Integrity|Protect
|move|p2b: Basculegion|Wave Crash|p1b: Integrity
|-activate|p1b: Integrity|move: Protect
|move|p2a: Pelipper|Rain Dance|p2a: Pelipper
|-weather|RainDance
|move|p1a: Patience|Moonblast|p2b: Basculegion
|-damage|p2b: Basculegion|0 fnt
|faint|p2b: Basculegion
|
|-weather|RainDance|[upkeep]
|upkeep
|
|t:|1782348287
|switch|p2b: Swampert|Swampert, L50, F|100/100
|turn|4
|
|t:|1782348310
|switch|p1b: Justice|Incineroar, L50, F|100/100
|-ability|p1b: Justice|Intimidate|boost
|-unboost|p2a: Pelipper|atk|1
|-unboost|p2b: Swampert|atk|1
|detailschange|p2b: Swampert|Swampert-Mega, L50, F
|-mega|p2b: Swampert|Swampert|Swampertite
|move|p2b: Swampert|High Horsepower|p1a: Patience
|-damage|p1a: Patience|56/100
|move|p2a: Pelipper|Hurricane|p1a: Patience
|-damage|p1a: Patience|25/100
|-start|p1a: Patience|confusion
|-activate|p1a: Patience|confusion
|move|p1a: Patience|Moonblast|p2a: Pelipper
|-damage|p2a: Pelipper|0 fnt
|faint|p2a: Pelipper
|
|-weather|RainDance|[upkeep]
|-heal|p1a: Patience|31/100|[from] item: Leftovers
|upkeep
|
|t:|1782348326
|switch|p2a: Kingambit|Kingambit, L50, M|100/100
|turn|5
|
|t:|1782348344
|switch|p1a: Integrity|Ninetales-Alola, L50, F|25/100
|-weather|Snowscape|[from] ability: Snow Warning|[of] p1a: Integrity
|move|p2b: Swampert|High Horsepower|p1b: Justice
|-supereffective|p1b: Justice|1
|-damage|p1b: Justice|36/100
|move|p2a: Kingambit|Iron Head|p1a: Integrity
|-supereffective|p1a: Integrity|2
|-damage|p1a: Integrity|0 fnt
|faint|p1a: Integrity
|-damage|p2a: Kingambit|90/100|[from] item: Life Orb
|move|p1b: Justice|Flare Blitz|p2a: Kingambit
|-supereffective|p2a: Kingambit|1
|-damage|p2a: Kingambit|25/100
|-damage|p1b: Justice|14/100|[from] Recoil
|
|-weather|Snowscape|[upkeep]
|-sideend|p2: mangosol|move: Tailwind
|upkeep
|
|t:|1782348354
|switch|p1a: Bravery|Gliscor, L50, F|100/100
|turn|6
|
|t:|1782348369
|move|p2a: Kingambit|Protect|p2a: Kingambit
|-singleturn|p2a: Kingambit|Protect
|move|p1a: Bravery|High Horsepower|p2a: Kingambit
|-activate|p2a: Kingambit|move: Protect
|move|p2b: Swampert|Ice Punch|p1a: Bravery
|-supereffective|p1a: Bravery|2
|-crit|p1a: Bravery
|-damage|p1a: Bravery|0 fnt
|faint|p1a: Bravery
|move|p1b: Justice|Parting Shot|p2b: Swampert
|-unboost|p2b: Swampert|atk|1
|-unboost|p2b: Swampert|spa|1
|
|t:|1782348371
|switch|p1b: Patience|Primarina, L50, M|31/100|[from] Parting Shot
|
|-weather|Snowscape|[upkeep]
|-heal|p1b: Patience|37/100|[from] item: Leftovers
|upkeep
|
|t:|1782348373
|switch|p1a: Justice|Incineroar, L50, F|14/100
|-ability|p1a: Justice|Intimidate|boost
|-unboost|p2a: Kingambit|atk|1
|-ability|p2a: Kingambit|Defiant|boost
|-boost|p2a: Kingambit|atk|2
|-unboost|p2b: Swampert|atk|1
|turn|7
|inactive|mangosol has 30 seconds left.
|
|t:|1782348400
|move|p1a: Justice|Fake Out|p2a: Kingambit
|-resisted|p2a: Kingambit|1
|-damage|p2a: Kingambit|21/100
|cant|p2a: Kingambit|flinch
|move|p2b: Swampert|High Horsepower|p1b: Patience
|-damage|p1b: Patience|11/100
|move|p1b: Patience|Hyper Voice|p2a: Kingambit|[spread] p2a,p2b
|-crit|p2b: Swampert
|-damage|p2a: Kingambit|0 fnt
|-damage|p2b: Swampert|59/100
|faint|p2a: Kingambit
|
|-weather|Snowscape|[upkeep]
|-heal|p1b: Patience|17/100|[from] item: Leftovers
|upkeep
|turn|8
|
|t:|1782348420
|move|p1b: Patience|Protect|p1b: Patience
|-singleturn|p1b: Patience|Protect
|move|p2b: Swampert|High Horsepower|p1a: Justice
|-supereffective|p1a: Justice|1
|-damage|p1a: Justice|0 fnt
|faint|p1a: Justice
|
|-weather|Snowscape|[upkeep]
|-heal|p1b: Patience|22/100|[from] item: Leftovers
|upkeep
|turn|9
|
|t:|1782348430
|move|p2b: Swampert|High Horsepower|p1b: Patience
|-damage|p1b: Patience|0 fnt
|faint|p1b: Patience
|
|win|mangosol
