|j|☆cakepopdance
|j|☆SFmrmimers
|html|cakepopdanceSFmrmimers    
|uhtml|bestof|Game 2 of a best-of-3
|t:|1757649782
|gametype|doubles
|player|p1|cakepopdance|101|1053
|player|p2|SFmrmimers|n|1100
|gen|9
|tier|[Gen 9] VGC 2025 Reg H (Bo3)
|rated|
|rule|Species Clause: Limit one of each Pokémon
|rule|Item Clause: Limit 1 of each item
|clearpoke
|poke|p1|Dragapult, L50, F|
|poke|p1|Incineroar, L50, F|
|poke|p1|Amoonguss, L50, F|
|poke|p1|Primarina, L50, F|
|poke|p1|Sneasler, L50, M|
|poke|p1|Whimsicott, L50, F|
|poke|p2|Tyranitar, L50, F|
|poke|p2|Garchomp, L50, F|
|poke|p2|Gholdengo, L50|
|poke|p2|Amoonguss, L50, M|
|poke|p2|Kilowattrel, L50, F|
|poke|p2|Incineroar, L50, F|
|teampreview|4
|showteam|p1|Dragapult||ChoiceBand|ClearBody|DragonDarts,TeraBlast,PhantomForce,Facade|||F|||50|,,,,,Ghost]Incineroar||SafetyGoggles|Intimidate|FakeOut,FlareBlitz,KnockOff,PartingShot|||F|||50|,,,,,Grass]Amoonguss||SitrusBerry|Regenerator|Spore,RagePowder,PollenPuff,Protect|||F|||50|,,,,,Water]Primarina||ThroatSpray|LiquidVoice|HyperVoice,Moonblast,AquaJet,Protect|||F|||50|,,,,,Water]Sneasler||FocusSash|Unburden|DireClaw,CloseCombat,FakeOut,Protect|||M|||50|,,,,,Ghost]Whimsicott||CovertCloak|Prankster|Tailwind,Encore,Moonblast,Taunt|||F|||50|,,,,,Dark
|showteam|p2|Tyranitar||AssaultVest|SandStream|RockSlide,KnockOff,TeraBlast,LowKick|||F|||50|,,,,,Flying]Garchomp||LifeOrb|RoughSkin|Earthquake,StompingTantrum,DragonClaw,Protect|||F|||50|,,,,,Fire]Gholdengo||IronPlate|GoodasGold|MakeItRain,ShadowBall,NastyPlot,Protect||||||50|,,,,,Flying]Amoonguss||SitrusBerry|Regenerator|Spore,RagePowder,PollenPuff,Protect|||M|||50|,,,,,Water]Kilowattrel||FocusSash|Competitive|Thunderbolt,Protect,Tailwind,AirSlash|||F|||50|,,,,,Ghost]Incineroar||SafetyGoggles|Intimidate|FakeOut,PartingShot,KnockOff,FlareBlitz|||F|||50|,,,,,Ghost
|inactive|Battle timer is ON: inactive players will automatically lose when time's up. (requested by cakepopdance)
|
|t:|1757649793
|teamsize|p1|4
|teamsize|p2|4
|start
|switch|p1a: Dragapult|Dragapult, L50, F|100/100
|switch|p1b: Amoonguss|Amoonguss, L50, F|100/100
|switch|p2a: Incineroar|Incineroar, L50, F, shiny|100/100
|switch|p2b: Kilowattrel|Kilowattrel, L50, F|100/100
|-ability|p2a: Incineroar|Intimidate|boost
|-fail|p1a: Dragapult|unboost|[from] ability: Clear Body|[of] p1a: Dragapult
|-unboost|p1b: Amoonguss|atk|1
|turn|1
|inactive|cakepopdance has 30 seconds left.
|inactive|cakepopdance has 20 seconds left.
|inactive|cakepopdance has 15 seconds left.
|inactive|cakepopdance has 10 seconds left.
|
|t:|1757649840
|move|p1b: Amoonguss|Rage Powder|p1b: Amoonguss
|-singleturn|p1b: Amoonguss|move: Rage Powder
|move|p2b: Kilowattrel|Air Slash|p1b: Amoonguss
|-supereffective|p1b: Amoonguss
|-damage|p1b: Amoonguss|53/100
|move|p1a: Dragapult|Dragon Darts|p2b: Kilowattrel
|-damage|p2b: Kilowattrel|27/100
|-anim|p1a: Dragapult|Dragon Darts|p2a: Incineroar
|-damage|p2a: Incineroar|57/100
|move|p2a: Incineroar|Knock Off|p1a: Dragapult
|-supereffective|p1a: Dragapult
|-damage|p1a: Dragapult|0 fnt
|-enditem|p1a: Dragapult|Choice Band|[from] move: Knock Off|[of] p2a: Incineroar
|faint|p1a: Dragapult
|
|upkeep
|
|t:|1757649853
|switch|p1a: Primarina|Primarina, L50, F|100/100
|turn|2
|
|t:|1757649859
|-terastallize|p1a: Primarina|Water
|move|p1b: Amoonguss|Rage Powder|p1b: Amoonguss
|-singleturn|p1b: Amoonguss|move: Rage Powder
|move|p2b: Kilowattrel|Thunderbolt|p1b: Amoonguss
|-resisted|p1b: Amoonguss
|-damage|p1b: Amoonguss|40/100
|-enditem|p1b: Amoonguss|Sitrus Berry|[eat]
|-heal|p1b: Amoonguss|65/100|[from] item: Sitrus Berry
|move|p2a: Incineroar|Flare Blitz|p1b: Amoonguss
|-supereffective|p1b: Amoonguss
|-damage|p1b: Amoonguss|0 fnt
|faint|p1b: Amoonguss
|-damage|p2a: Incineroar|33/100|[from] Recoil
|move|p1a: Primarina|Hyper Voice|p2b: Kilowattrel|[spread] p2a,p2b
|-supereffective|p2a: Incineroar
|-damage|p2a: Incineroar|0 fnt
|-damage|p2b: Kilowattrel|0 fnt
|faint|p2a: Incineroar
|faint|p2b: Kilowattrel
|-enditem|p1a: Primarina|Throat Spray
|-boost|p1a: Primarina|spa|1|[from] item: Throat Spray
|
|upkeep
|
|t:|1757649883
|switch|p2b: Gholdengo|Gholdengo, L50|100/100
|switch|p2a: Tyranitar|Tyranitar, L50, F|100/100
|switch|p1b: Incineroar|Incineroar, L50, F|100/100
|-weather|Sandstorm|[from] ability: Sand Stream|[of] p2a: Tyranitar
|-ability|p1b: Incineroar|Intimidate|boost
|-unboost|p2a: Tyranitar|atk|1
|-unboost|p2b: Gholdengo|atk|1
|turn|3
|inactive|SFmrmimers has 30 seconds left.
|
|t:|1757649915
|move|p1a: Primarina|Protect|p1a: Primarina
|-singleturn|p1a: Primarina|Protect
|move|p2b: Gholdengo|Make It Rain|p1a: Primarina|[spread] p1b
|-activate|p1a: Primarina|move: Protect
|-resisted|p1b: Incineroar
|-damage|p1b: Incineroar|75/100
|-unboost|p2b: Gholdengo|spa|1
|move|p2a: Tyranitar|Knock Off|p1a: Primarina
|-activate|p1a: Primarina|move: Protect
|move|p1b: Incineroar|Knock Off|p2b: Gholdengo
|-supereffective|p2b: Gholdengo
|-damage|p2b: Gholdengo|0 fnt
|-enditem|p2b: Gholdengo|Iron Plate|[from] move: Knock Off|[of] p1b: Incineroar
|faint|p2b: Gholdengo
|
|-weather|Sandstorm|[upkeep]
|-damage|p1a: Primarina|95/100|[from] Sandstorm
|upkeep
|turn|4
|inactive|cakepopdance has 30 seconds left.
|
|t:|1757649943
|move|p2a: Tyranitar|Rock Slide|p1b: Incineroar|[spread] p1a,p1b
|-supereffective|p1b: Incineroar
|-damage|p1a: Primarina|69/100
|-damage|p1b: Incineroar|36/100
|move|p1b: Incineroar|Knock Off|p2a: Tyranitar
|-resisted|p2a: Tyranitar
|-damage|p2a: Tyranitar|77/100
|-enditem|p2a: Tyranitar|Assault Vest|[from] move: Knock Off|[of] p1b: Incineroar
|cant|p1a: Primarina|flinch
|
|-weather|Sandstorm|[upkeep]
|-damage|p1a: Primarina|63/100|[from] Sandstorm
|upkeep
|turn|5
|inactive|cakepopdance has 30 seconds left.
|
|t:|1757649974
|-terastallize|p2a: Tyranitar|Flying
|move|p2a: Tyranitar|Rock Slide|p1a: Primarina|[spread] p1a,p1b
|-supereffective|p1b: Incineroar
|-damage|p1a: Primarina|35/100
|-damage|p1b: Incineroar|0 fnt
|faint|p1b: Incineroar
|move|p1a: Primarina|Hyper Voice|p2a: Tyranitar
|-damage|p2a: Tyranitar|0 fnt
|faint|p2a: Tyranitar
|
|win|cakepopdance
|raw|cakepopdance's rating: 1053 → 1089(+36 for winning)
|raw|SFmrmimers's rating: 1100 → 1072(-28 for losing)
|l|☆SFmrmimers
|player|p2|
|l|☆cakepopdance
|player|p1|
