|j|Ōśåtirion
|j|ŌśåFell Blue
|html|tirionFell Blue    
|uhtml|bestof|Game 1 of a best-of-3
|t:|1782449227
|gametype|doubles
|player|p1|tirion|169|1028
|player|p2|Fell Blue|gwynn|1145
|gen|9
|tier|[Gen 9 Champions] VGC 2026 Reg M-B (Bo3)
|rated|
|rule|Species Clause: Limit one of each Pok├®mon
|rule|Item Clause: Limit 1 of each item
|clearpoke
|poke|p1|Blastoise, L50, M|
|poke|p1|Archaludon, L50, F|
|poke|p1|Sinistcha, L50|
|poke|p1|Politoed, L50, F|
|poke|p1|Scizor, L50, F|
|poke|p1|Farigiraf, L50, M|
|poke|p2|Torkoal, L50, F|
|poke|p2|Pyroar, L50, M|
|poke|p2|Farigiraf, L50, M|
|poke|p2|Mawile, L50, F|
|poke|p2|Gyarados, L50, M|
|poke|p2|Kangaskhan, L50, F|
|teampreview|4
|showteam|p1|Blastoise||Blastoisinite|RainDish|WaterSpout,AuraSphere,DarkPulse,FakeOut|Quiet||M|||50|]Archaludon||Leftovers|Stamina|ElectroShot,AuraSphere,FlashCannon,Protect|Bold||F|||50|]Sinistcha||CobaBerry|Hospitality|MatchaGotcha,RagePowder,TrickRoom,LifeDew|Sassy|||||50|]Politoed||MysticWater|Drizzle|ChillingWater,IceBeam,WeatherBall,HelpingHand|Bold||F|||50|]Scizor||Scizorite|Technician|BugBite,BulletPunch,KnockOff,SwordsDance|Brave||F|||50|]Farigiraf||ColburBerry|ArmorTail|TwinBeam,TrickRoom,RainDance,Protect|Relaxed||M|||50|
|showteam|p2|Torkoal||Charcoal|Drought|Eruption,WeatherBall,HelpingHand,Protect|Quiet||F|||50|]Pyroar||Pyroarite|Rivalry|Overheat,HeatWave,Flamethrower,Protect|Timid||M|||50|]Farigiraf||SitrusBerry|ArmorTail|Psychic,TrickRoom,HelpingHand,Protect|Bold||M|||50|]Mawile||Mawilite|HyperCutter|PlayRough,BrickBreak,SuckerPunch,Protect|Brave||F|||50|]Gyarados||ExpertBelt|Intimidate|StoneEdge,PowerWhip,IceFang,Protect|Adamant||M|||50|]Kangaskhan||SilkScarf|Scrappy|FakeOut,LastResort|Brave||F|||50|
|
|t:|1782449312
|teamsize|p1|4
|teamsize|p2|4
|start
|switch|p1a: Farigiraf|Farigiraf, L50, M|100/100
|switch|p1b: Blastoise|Blastoise, L50, M|100/100
|switch|p2a: Farigiraf|Farigiraf, L50, M|100/100
|switch|p2b: Pyroar|Pyroar, L50, M|100/100
|turn|1
|
|t:|1782449349
|switch|p1b: Politoed|Politoed, L50, F|100/100
|-weather|RainDance|[from] ability: Drizzle|[of] p1b: Politoed
|switch|p2a: Torkoal|Torkoal, L50, F|100/100
|-weather|SunnyDay|[from] ability: Drought|[of] p2a: Torkoal
|detailschange|p2b: Pyroar|Pyroar-Mega, L50, M
|-mega|p2b: Pyroar|Pyroar|Pyroarite
|move|p2b: Pyroar|Heat Wave|p1a: Farigiraf|[spread] p1a,p1b
|-crit|p1a: Farigiraf
|-resisted|p1b: Politoed|1
|-damage|p1a: Farigiraf|0 fnt
|-damage|p1b: Politoed|65/100
|faint|p1a: Farigiraf
|
|-weather|SunnyDay|[upkeep]
|upkeep
|c|Ōśåtirion|OW
|
|t:|1782449369
|switch|p1a: Blastoise|Blastoise, L50, M|100/100
|turn|2
|c|ŌśåFell Blue|Damn
|c|Ōśåtirion|lmao
|c|ŌśåFell Blue|­¤śŁ­¤żŻ
|
|t:|1782449399
|switch|p1b: Archaludon|Archaludon, L50, F|100/100
|switch|p2a: Farigiraf|Farigiraf, L50, M|100/100
|detailschange|p1a: Blastoise|Blastoise-Mega, L50, M
|-mega|p1a: Blastoise|Blastoise|Blastoisinite
|move|p1a: Blastoise|Fake Out||[still]
|cant|p2a: Farigiraf|ability: Armor Tail|Fake Out|[of] p1a: Blastoise
|move|p2b: Pyroar|Overheat|p1b: Archaludon
|-crit|p1b: Archaludon
|-damage|p1b: Archaludon|0 fnt
|-unboost|p2b: Pyroar|spa|2
|faint|p1b: Archaludon
|
|-weather|SunnyDay|[upkeep]
|upkeep
|c|Ōśåtirion|hahahahaha
|
|t:|1782449414
|switch|p1b: Politoed|Politoed, L50, F|65/100
|-weather|RainDance|[from] ability: Drizzle|[of] p1b: Politoed
|turn|3
|c|Ōśåtirion|GG man
|c|Ōśåtirion|lmao
|c|ŌśåFell Blue|This guy must be called critroar
|c|ŌśåFell Blue|Gg
|
|t:|1782449449
|switch|p2a: Torkoal|Torkoal, L50, F|100/100
|-weather|SunnyDay|[from] ability: Drought|[of] p2a: Torkoal
|move|p1b: Politoed|Helping Hand|p1a: Blastoise
|-singleturn|p1a: Blastoise|Helping Hand|[of] p1b: Politoed
|move|p2b: Pyroar|Overheat|p1b: Politoed
|-resisted|p1b: Politoed|1
|-damage|p1b: Politoed|27/100
|-unboost|p2b: Pyroar|spa|2
|move|p1a: Blastoise|Water Spout|p2a: Torkoal|[spread] p2a,p2b
|-supereffective|p2a: Torkoal|1
|-supereffective|p2b: Pyroar|1
|-damage|p2a: Torkoal|0 fnt
|-damage|p2b: Pyroar|0 fnt
|faint|p2a: Torkoal
|faint|p2b: Pyroar
|
|-weather|SunnyDay|[upkeep]
|upkeep
|
|t:|1782449458
|switch|p2b: Gyarados|Gyarados, L50, M|100/100
|switch|p2a: Farigiraf|Farigiraf, L50, M|100/100
|-ability|p2b: Gyarados|Intimidate|boost
|-unboost|p1a: Blastoise|atk|1
|-unboost|p1b: Politoed|atk|1
|turn|4
|
|t:|1782449474
|move|p1b: Politoed|Helping Hand|p1a: Blastoise
|-singleturn|p1a: Blastoise|Helping Hand|[of] p1b: Politoed
|move|p2a: Farigiraf|Helping Hand|p2b: Gyarados
|-singleturn|p2b: Gyarados|Helping Hand|[of] p2a: Farigiraf
|move|p2b: Gyarados|Power Whip|p1a: Blastoise
|-supereffective|p1a: Blastoise|1
|-damage|p1a: Blastoise|0 fnt
|faint|p1a: Blastoise
|
|-weather|SunnyDay|[upkeep]
|upkeep
|turn|5
|c|Ōśåtirion|DANG
|
|t:|1782449488
|move|p2a: Farigiraf|Helping Hand|p2b: Gyarados
|-singleturn|p2b: Gyarados|Helping Hand|[of] p2a: Farigiraf
|move|p2b: Gyarados|Power Whip|p1b: Politoed
|-supereffective|p1b: Politoed|1
|-damage|p1b: Politoed|0 fnt
|faint|p1b: Politoed
|
|win|Fell Blue
|c|Ōśåtirion|didnt know he got that
|c|ŌśåFell Blue|Ye
|inactive|tirion has 30 seconds to confirm battle start!
|inactive|Fell Blue has 30 seconds to confirm battle start!
||Fell Blue is ready for game 2.
||tirion is ready for game 2.
|uhtml|next|Next: Game 2 of 3
