|j|☆bluntmaster9000
|j|☆MrTedno
|html|bluntmaster9000MrTedno    
|uhtml|bestof|Game 2 of a best-of-3
|t:|1756583084
|gametype|doubles
|player|p1|bluntmaster9000|101|1161
|player|p2|MrTedno|barry|1257
|gen|9
|tier|[Gen 9] VGC 2025 Reg H (Bo3)
|rated|
|rule|Species Clause: Limit one of each Pokémon
|rule|Item Clause: Limit 1 of each item
|clearpoke
|poke|p1|Gholdengo, L50|
|poke|p1|Tyranitar, L50, F|
|poke|p1|Amoonguss, L50, F|
|poke|p1|Sneasler, L50, M|
|poke|p1|Salamence, L50, M|
|poke|p1|Volcarona, L50, M|
|poke|p2|Dondozo, L50, F|
|poke|p2|Tatsugiri, L50, F|
|poke|p2|Politoed, L50, F|
|poke|p2|Archaludon, L50, F|
|poke|p2|Amoonguss, L50, M|
|poke|p2|Overqwil, L50, M|
|teampreview|4
|showteam|p1|Gholdengo||LifeOrb|GoodasGold|MakeItRain,ShadowBall,NastyPlot,Protect||||||50|,,,,,Water]Tyranitar||LoadedDice|SandStream|RockBlast,KnockOff,Taunt,LowKick|||F|||50|,,,,,Ghost]Amoonguss||SitrusBerry|Regenerator|Spore,PollenPuff,Protect,RagePowder|||F|||50|,,,,,Water]Sneasler||WhiteHerb|Unburden|DireClaw,CloseCombat,FakeOut,Protect|||M|||50|,,,,,Stellar]Salamence||AssaultVest|Intimidate|DracoMeteor,DragonPulse,HeatWave,Hurricane|||M|||50|,,,,,Fire]Volcarona||CovertCloak|FlameBody|Overheat,RagePowder,Tailwind,StruggleBug|||M|||50|,,,,,Grass
|showteam|p2|Dondozo||LifeOrb|Unaware|Surf,Protect,SleepTalk|||F|||50|,,,,,Water]Tatsugiri||FocusSash|Commander|DracoMeteor,Protect,MuddyWater,Taunt|||F|||50|,,,,,Stellar]Politoed||SitrusBerry|Drizzle|WeatherBall,IceBeam,Haze,Protect|||F|||50|,,,,,Steel]Archaludon||AssaultVest|Stamina|BodyPress,ElectroShot,DragonPulse,FlashCannon|||F|||50|,,,,,Grass]Amoonguss||RockyHelmet|Regenerator|Spore,RagePowder,PollenPuff,Protect|||M|||50|,,,,,Fairy]Overqwil||ChoiceBand|SwiftSwim|PoisonJab,ThroatChop,Liquidation,PinMissile|||M|||50|,,,,,Ghost
|inactive|Battle timer is ON: inactive players will automatically lose when time's up. (requested by bluntmaster9000)
|inactive|bluntmaster9000 has 60 seconds left.
|inactive|MrTedno has 60 seconds left.
|
|t:|1756583119
|teamsize|p1|4
|teamsize|p2|4
|start
|switch|p1a: Amoonguss|Amoonguss, L50, F|100/100
|switch|p1b: Sneasler|Sneasler, L50, M|100/100
|switch|p2a: Kwazii|Dondozo, L50, F|100/100
|switch|p2b: Shellington|Overqwil, L50, M|100/100
|turn|1
|inactive|MrTedno has 30 seconds left.
|
|t:|1756583154
|switch|p2a: Tweak|Politoed, L50, F|100/100
|-weather|RainDance|[from] ability: Drizzle|[of] p2a: Tweak
|move|p1b: Sneasler|Fake Out|p2b: Shellington
|-damage|p2b: Shellington|81/100
|cant|p2b: Shellington|flinch
|move|p1a: Amoonguss|Spore|p2a: Tweak
|-status|p2a: Tweak|slp|[from] move: Spore
|
|-weather|RainDance|[upkeep]
|upkeep
|turn|2
|inactive|bluntmaster9000 has 30 seconds left.
|inactive|MrTedno has 30 seconds left.
|
|t:|1756583188
|move|p1a: Amoonguss|Rage Powder|p1a: Amoonguss
|-singleturn|p1a: Amoonguss|move: Rage Powder
|move|p2b: Shellington|Liquidation|p1a: Amoonguss
|-resisted|p1a: Amoonguss
|-damage|p1a: Amoonguss|72/100
|-unboost|p1a: Amoonguss|def|1
|move|p1b: Sneasler|Close Combat|p2a: Tweak
|-damage|p2a: Tweak|21/100 slp
|-unboost|p1b: Sneasler|def|1
|-unboost|p1b: Sneasler|spd|1
|-enditem|p2a: Tweak|Sitrus Berry|[eat]
|-heal|p2a: Tweak|46/100 slp|[from] item: Sitrus Berry
|-enditem|p1b: Sneasler|White Herb
|-clearnegativeboost|p1b: Sneasler|[silent]
|cant|p2a: Tweak|slp
|
|-weather|RainDance|[upkeep]
|upkeep
|turn|3
|
|t:|1756583208
|switch|p2a: Kwazii|Dondozo, L50, F|100/100
|move|p1b: Sneasler|Close Combat|p2b: Shellington
|-damage|p2b: Shellington|0 fnt
|-unboost|p1b: Sneasler|def|1
|-unboost|p1b: Sneasler|spd|1
|faint|p2b: Shellington
|move|p1a: Amoonguss|Spore|p2a: Kwazii
|-status|p2a: Kwazii|slp|[from] move: Spore
|
|-weather|RainDance|[upkeep]
|upkeep
|
|t:|1756583217
|switch|p2b: Tweak|Politoed, L50, F|46/100 slp
|turn|4
|
|t:|1756583240
|switch|p2b: Peso|Tatsugiri, L50, F|100/100
|-activate|p2b: Peso|ability: Commander|[of] p2a: Kwazii
|-boost|p2a: Kwazii|atk|2
|-boost|p2a: Kwazii|spa|2
|-boost|p2a: Kwazii|spe|2
|-boost|p2a: Kwazii|def|2
|-boost|p2a: Kwazii|spd|2
|-terastallize|p2a: Kwazii|Water
|move|p1b: Sneasler|Close Combat|p2a: Kwazii
|-damage|p2a: Kwazii|74/100 slp
|-unboost|p1b: Sneasler|def|1
|-unboost|p1b: Sneasler|spd|1
|cant|p2a: Kwazii|slp
|move|p2a: Kwazii|Sleep Talk|p2a: Kwazii
|move|p2a: Kwazii|Protect|p2a: Kwazii|[from] move: Sleep Talk
|-singleturn|p2a: Kwazii|Protect
|move|p1a: Amoonguss|Pollen Puff|p2a: Kwazii
|-activate|p2a: Kwazii|move: Protect
|
|-weather|RainDance|[upkeep]
|upkeep
|turn|5
|
|t:|1756583260
|switch|p1a: Tyranitar|Tyranitar, L50, F|100/100
|-weather|Sandstorm|[from] ability: Sand Stream|[of] p1a: Tyranitar
|move|p1b: Sneasler|Close Combat|p2a: Kwazii
|-damage|p2a: Kwazii|48/100 slp
|-unboost|p1b: Sneasler|def|1
|-unboost|p1b: Sneasler|spd|1
|cant|p2a: Kwazii|slp
|move|p2a: Kwazii|Sleep Talk|p2a: Kwazii
|move|p2a: Kwazii|Protect||[from] move: Sleep Talk|[still]
|-fail|p2a: Kwazii
|
|-weather|Sandstorm|[upkeep]
|-damage|p1b: Sneasler|95/100|[from] Sandstorm
|-damage|p2a: Kwazii|42/100 slp|[from] Sandstorm
|-damage|p2b: Peso|94/100|[from] Sandstorm
|upkeep
|turn|6
|inactive|bluntmaster9000 has 30 seconds left.
|inactive|bluntmaster9000 has 20 seconds left.
|
|t:|1756583297
|-terastallize|p1a: Tyranitar|Ghost
|move|p1b: Sneasler|Close Combat|p2a: Kwazii
|-damage|p2a: Kwazii|16/100 slp
|-unboost|p1b: Sneasler|def|1
|-unboost|p1b: Sneasler|spd|1
|-curestatus|p2a: Kwazii|slp|[msg]
|move|p2a: Kwazii|Surf|p1b: Sneasler|[spread] p1a,p1b
|-miss|p2a: Kwazii|p2b: Peso
|-damage|p1a: Tyranitar|17/100
|-damage|p1b: Sneasler|0 fnt
|faint|p1b: Sneasler
|-damage|p2a: Kwazii|6/100|[from] item: Life Orb
|move|p1a: Tyranitar|Knock Off|p2a: Kwazii
|-damage|p2a: Kwazii|0 fnt
|-enditem|p2a: Kwazii|Life Orb|[from] move: Knock Off|[of] p1a: Tyranitar
|faint|p2a: Kwazii
|
|-weather|Sandstorm|[upkeep]
|-damage|p2b: Peso|88/100|[from] Sandstorm
|-damage|p1a: Tyranitar|11/100|[from] Sandstorm
|upkeep
|inactive|bluntmaster9000 has 30 seconds left.
|
|t:|1756583328
|switch|p1b: Salamence|Salamence, L50, M|100/100
|switch|p2a: Tweak|Politoed, L50, F|46/100 slp
|-ability|p1b: Salamence|Intimidate|boost
|-unboost|p2a: Tweak|atk|1
|-unboost|p2b: Peso|atk|1
|-weather|RainDance|[from] ability: Drizzle|[of] p2a: Tweak
|turn|7
|inactive|MrTedno has 30 seconds left.
|
|t:|1756583357
|move|p2b: Peso|Protect|p2b: Peso
|-singleturn|p2b: Peso|Protect
|move|p1b: Salamence|Dragon Pulse|p2b: Peso
|-activate|p2b: Peso|move: Protect
|move|p1a: Tyranitar|Rock Blast|p2b: Peso
|-activate|p2b: Peso|move: Protect
|cant|p2a: Tweak|slp
|
|-weather|RainDance|[upkeep]
|upkeep
|turn|8
|
|t:|1756583373
|move|p1b: Salamence|Draco Meteor|p2b: Peso
|-supereffective|p2b: Peso
|-damage|p2b: Peso|0 fnt
|-unboost|p1b: Salamence|spa|2
|faint|p2b: Peso
|move|p1a: Tyranitar|Rock Blast|p2a: Tweak
|-damage|p2a: Tweak|29/100 slp
|-crit|p2a: Tweak
|-damage|p2a: Tweak|4/100 slp
|-damage|p2a: Tweak|0 fnt
|faint|p2a: Tweak
|-hitcount|p2: Tweak|3
|
|win|bluntmaster9000
|raw|bluntmaster9000's rating: 1161 → 1193(+32 for winning)
|raw|MrTedno's rating: 1257 → 1225(-32 for losing)
|l|☆MrTedno
|player|p2|
