|j|☆CaligoKnight
|j|☆Kirasso
|html|CaligoKnightKirasso    
|uhtml|bestof|Game 2 of a best-of-3
|t:|1782704185
|gametype|doubles
|player|p1|CaligoKnight|170|1051
|player|p2|Kirasso|veteran|1000
|gen|9
|tier|[Gen 9 Champions] VGC 2026 Reg M-B (Bo3)
|rated|
|rule|Species Clause: Limit one of each Pokémon
|rule|Item Clause: Limit 1 of each item
|clearpoke
|poke|p1|Metagross, L50|
|poke|p1|Tyranitar, L50, M|
|poke|p1|Excadrill, L50, M|
|poke|p1|Grimmsnarl, L50, M|
|poke|p1|Sneasler, L50, M|
|poke|p1|Sinistcha, L50|
|poke|p2|Staraptor, L50, M|
|poke|p2|Raichu, L50, M|
|poke|p2|Gholdengo, L50|
|poke|p2|Garchomp, L50, M|
|poke|p2|Incineroar, L50, M|
|poke|p2|Clefable, L50, M|
|teampreview|4
|showteam|p1|Metagross||Metagrossite|ClearBody|IronHead,BrickBreak,IcePunch,Protect|Jolly|||||50|]Tyranitar||Tyranitarite|SandStream|RockSlide,KnockOff,DragonDance,Protect|Jolly||M|||50|]Excadrill||FocusSash|SandRush|Earthquake,IronHead,RockSlide,Protect|Adamant||M|||50|]Grimmsnarl||RoseliBerry|Prankster|FoulPlay,PartingShot,LightScreen,Reflect|Careful||M|||50|]Sneasler||WhiteHerb|Unburden|FakeOut,CloseCombat,DireClaw,Protect|Adamant||M|||50|]Sinistcha||SitrusBerry|Hospitality|MatchaGotcha,Protect,RagePowder,LifeDew|Bold|||||50|
|showteam|p2|Staraptor||Staraptite|Intimidate|BraveBird,CloseCombat,Tailwind,Protect|Jolly||M|||50|]Raichu||FocusSash|LightningRod|VoltSwitch,Charm,Encore,FakeOut|Timid||M|||50|]Gholdengo||Leftovers|GoodasGold|MakeItRain,ShadowBall,NastyPlot,Protect|Modest|||||50|]Garchomp||LifeOrb|RoughSkin|RockTomb,DragonClaw,Earthquake,Protect|Jolly||M|||50|]Incineroar||PasshoBerry|Intimidate|FlareBlitz,ThroatChop,PartingShot,FakeOut|Impish||M|||50|]Clefable||SitrusBerry|Unaware|Moonblast,LifeDew,FollowMe,Protect|Bold||M|||50|
|inactive|Battle timer is ON: inactive players will automatically lose when time's up. (requested by Kirasso)
|inactive|CaligoKnight has 60 seconds left.
|
|t:|1782704220
|teamsize|p1|4
|teamsize|p2|4
|start
|switch|p1a: Grimmsnarl|Grimmsnarl, L50, M|100/100
|switch|p1b: Tyranitar|Tyranitar, L50, M|100/100
|switch|p2a: Incineroar|Incineroar, L50, M|100/100
|switch|p2b: Garchomp|Garchomp, L50, M|100/100
|-weather|Sandstorm|[from] ability: Sand Stream|[of] p1b: Tyranitar
|-ability|p2a: Incineroar|Intimidate|boost
|-unboost|p1a: Grimmsnarl|atk|1
|-unboost|p1b: Tyranitar|atk|1
|turn|1
|inactive|CaligoKnight has 30 seconds left.
|inactive|Kirasso has 30 seconds left.
|inactive|Kirasso has 20 seconds left.
|
|t:|1782704258
|switch|p2b: Staraptor|Staraptor, L50, M|100/100
|-ability|p2b: Staraptor|Intimidate|boost
|-unboost|p1a: Grimmsnarl|atk|1
|-unboost|p1b: Tyranitar|atk|1
|switch|p1b: Sinistcha|Sinistcha, L50|100/100
|move|p2a: Incineroar|Fake Out|p1b: Sinistcha
|-immune|p1b: Sinistcha
|move|p1a: Grimmsnarl|Reflect|p1a: Grimmsnarl
|-sidestart|p1: CaligoKnight|Reflect
|
|-weather|Sandstorm|[upkeep]
|-damage|p2b: Staraptor|94/100|[from] Sandstorm
|-damage|p2a: Incineroar|94/100|[from] Sandstorm
|-damage|p1b: Sinistcha|93/100|[from] Sandstorm
|-damage|p1a: Grimmsnarl|94/100|[from] Sandstorm
|upkeep
|turn|2
|inactive|CaligoKnight has 30 seconds left.
|
|t:|1782704287
|detailschange|p2b: Staraptor|Staraptor-Mega, L50, M
|-mega|p2b: Staraptor|Staraptor|Staraptite
|move|p1b: Sinistcha|Protect|p1b: Sinistcha
|-singleturn|p1b: Sinistcha|Protect
|move|p1a: Grimmsnarl|Parting Shot|p2b: Staraptor
|-boost|p2b: Staraptor|atk|1
|-boost|p2b: Staraptor|spa|1
|
|t:|1782704302
|switch|p1a: Excadrill|Excadrill, L50, M|100/100|[from] Parting Shot
|move|p2b: Staraptor|Close Combat|p1a: Excadrill
|-supereffective|p1a: Excadrill|1
|-enditem|p1a: Excadrill|Focus Sash
|-damage|p1a: Excadrill|1/100
|-boost|p2b: Staraptor|def|1
|-boost|p2b: Staraptor|spd|1
|move|p2a: Incineroar|Flare Blitz|p1b: Sinistcha
|-activate|p1b: Sinistcha|move: Protect
|
|-weather|Sandstorm|[upkeep]
|-damage|p2b: Staraptor|88/100|[from] Sandstorm
|-damage|p2a: Incineroar|88/100|[from] Sandstorm
|-damage|p1b: Sinistcha|87/100|[from] Sandstorm
|upkeep
|turn|3
|inactive|CaligoKnight has 30 seconds left.
|inactive|CaligoKnight has 20 seconds left.
|
|t:|1782704338
|switch|p1a: Tyranitar|Tyranitar, L50, M|100/100
|switch|p2a: Garchomp|Garchomp, L50, M|100/100
|move|p1b: Sinistcha|Rage Powder|p1b: Sinistcha
|-singleturn|p1b: Sinistcha|move: Rage Powder
|move|p2b: Staraptor|Brave Bird|p1b: Sinistcha
|-supereffective|p1b: Sinistcha|1
|-damage|p1b: Sinistcha|0 fnt
|faint|p1b: Sinistcha
|-damage|p2b: Staraptor|59/100|[from] Recoil
|
|-weather|Sandstorm|[upkeep]
|-damage|p2b: Staraptor|53/100|[from] Sandstorm
|upkeep
|
|t:|1782704358
|switch|p1b: Grimmsnarl|Grimmsnarl, L50, M|94/100
|turn|4
|
|t:|1782704368
|switch|p2a: Incineroar|Incineroar, L50, M|88/100
|-ability|p2a: Incineroar|Intimidate|boost
|-unboost|p1a: Tyranitar|atk|1
|-unboost|p1b: Grimmsnarl|atk|1
|detailschange|p1a: Tyranitar|Tyranitar-Mega, L50, M
|-mega|p1a: Tyranitar|Tyranitar|Tyranitarite
|move|p2b: Staraptor|Close Combat|p1a: Tyranitar
|-supereffective|p1a: Tyranitar|2
|-damage|p1a: Tyranitar|0 fnt
|-boost|p2b: Staraptor|def|1
|-boost|p2b: Staraptor|spd|1
|faint|p1a: Tyranitar
|move|p1b: Grimmsnarl|Foul Play|p2b: Staraptor
|-resisted|p2b: Staraptor|1
|-damage|p2b: Staraptor|33/100
|
|-weather|Sandstorm|[upkeep]
|-damage|p2b: Staraptor|27/100|[from] Sandstorm
|-damage|p2a: Incineroar|82/100|[from] Sandstorm
|-damage|p1b: Grimmsnarl|88/100|[from] Sandstorm
|upkeep
|
|t:|1782704384
|switch|p1a: Excadrill|Excadrill, L50, M|1/100
|turn|5
|
|t:|1782704393
|move|p2a: Incineroar|Fake Out|p1a: Excadrill
|-resisted|p1a: Excadrill|1
|-damage|p1a: Excadrill|0 fnt
|faint|p1a: Excadrill
|move|p2b: Staraptor|Close Combat|p1b: Grimmsnarl
|-damage|p1b: Grimmsnarl|30/100
|-boost|p2b: Staraptor|def|1
|-boost|p2b: Staraptor|spd|1
|move|p1b: Grimmsnarl|Foul Play|p2b: Staraptor
|-resisted|p2b: Staraptor|1
|-damage|p2b: Staraptor|11/100
|
|-weather|none
|-sideend|p1: CaligoKnight|Reflect
|upkeep
|turn|6
|inactive|CaligoKnight has 30 seconds left.
|
|t:|1782704423
|move|p2b: Staraptor|Protect|p2b: Staraptor
|-singleturn|p2b: Staraptor|Protect
|move|p2a: Incineroar|Flare Blitz|p1b: Grimmsnarl
|-damage|p1b: Grimmsnarl|0 fnt
|faint|p1b: Grimmsnarl
|-damage|p2a: Incineroar|72/100|[from] Recoil
|
|win|Kirasso
|raw|CaligoKnight's rating: 1051 → 1031(-20 for losing)
|raw|Kirasso's rating: 1000 → 1046(+46 for winning)
