|j|☆chikondi
|j|☆iiFWM
|html|chikondiiiFWM    
|uhtml|bestof|Game 2 of a best-of-3
|t:|1783959178
|gametype|doubles
|player|p1|chikondi|galacticgruntf|
|player|p2|iiFWM|candice|
|gen|9
|tier|[Gen 9 Champions] VGC 2026 Reg M-B (Bo3)
|rule|Species Clause: Limit one of each Pokémon
|rule|Item Clause: Limit 1 of each item
|clearpoke
|poke|p1|Sneasler, L50, M|
|poke|p1|Blastoise, L50, M|
|poke|p1|Kingambit, L50, M|
|poke|p1|Incineroar, L50, M|
|poke|p1|Delphox, L50, F|
|poke|p1|Sinistcha, L50|
|poke|p2|Charizard, L50, M, shiny|
|poke|p2|Toxapex, L50, F, shiny|
|poke|p2|Grimmsnarl, L50, M, shiny|
|poke|p2|Garchomp, L50, M, shiny|
|poke|p2|Hydreigon, L50, F, shiny|
|poke|p2|Metagross, L50, shiny|
|teampreview|4
|showteam|p1|Sneasler||FocusSash|PoisonTouch|PoisonJab,CloseCombat,FakeOut,QuickGuard|Jolly||M|||50|]Blastoise||Blastoisinite|RainDish|DarkPulse,WaterSpout,ShellSmash,Protect|Modest||M|||50|]Kingambit||BlackGlasses|Defiant|KowtowCleave,SuckerPunch,SwordsDance,Protect|Adamant||M|||50|]Incineroar||SitrusBerry|Intimidate|FlareBlitz,HelpingHand,PartingShot,FakeOut|Careful||M|||50|]Delphox||Delphoxite|Blaze|HeatWave,NastyPlot,Psyshock,Protect|Modest||F|||50|]Sinistcha||KasibBerry|Hospitality|MatchaGotcha,RagePowder,TrickRoom,Protect|Bold|||||50|
|showteam|p2|Charizard||CharizarditeY|Blaze|HeatWave,WeatherBall,SolarBeam,Protect|Timid||M|||50|]Toxapex||Leftovers|Regenerator|BanefulBunker,Infestation,Toxic,WideGuard|Bold||F|||50|]Grimmsnarl||RoseliBerry|Prankster|FakeOut,Reflect,PartingShot,FoulPlay|Sassy||M|||50|]Garchomp||SitrusBerry|RoughSkin|Protect,Earthquake,DragonClaw,RockSlide|Adamant||M|||50|]Hydreigon||ChoiceScarf|Levitate|EarthPower,DarkPulse,DracoMeteor,Snarl|Modest||F|||50|]Metagross||Metagrossite|ClearBody|IronHead,BulletPunch,HammerArm,Protect|Adamant|||||50|
|j| bwhitevgc
|j| 2cake
|
|t:|1783959242
|teamsize|p1|4
|teamsize|p2|4
|start
|switch|p1a: Sneasler|Sneasler, L50, M|100/100
|switch|p1b: Kingambit|Kingambit, L50, M|100/100
|switch|p2a: Toxapex|Toxapex, L50, F, shiny|100/100
|switch|p2b: Charizard|Charizard, L50, M, shiny|100/100
|turn|1
|
|t:|1783959269
|switch|p2b: Garchomp|Garchomp, L50, M, shiny|100/100
|move|p1a: Sneasler|Fake Out|p2b: Garchomp
|-crit|p2b: Garchomp
|-damage|p2b: Garchomp|81/100
|-damage|p1a: Sneasler|87/100|[from] ability: Rough Skin|[of] p2b: Garchomp
|-status|p2b: Garchomp|psn|[from] ability: Poison Touch|[of] p1a: Sneasler
|move|p1b: Kingambit|Swords Dance|p1b: Kingambit
|-boost|p1b: Kingambit|atk|2
|move|p2a: Toxapex|Infestation|p1a: Sneasler
|-resisted|p1a: Sneasler|2
|-damage|p1a: Sneasler|87/100
|-activate|p1a: Sneasler|move: Infestation|[of] p2a: Toxapex
|
|-damage|p2b: Garchomp|69/100 psn|[from] psn
|-damage|p1a: Sneasler|75/100|[from] move: Infestation|[partiallytrapped]
|upkeep
|turn|2
|
|t:|1783959310
|move|p2a: Toxapex|Wide Guard|p2a: Toxapex
|-singleturn|p2a: Toxapex|Wide Guard
|move|p1b: Kingambit|Sucker Punch|p2b: Garchomp
|-damage|p2b: Garchomp|0 fnt
|-damage|p1b: Kingambit|87/100|[from] ability: Rough Skin|[of] p2b: Garchomp
|faint|p2b: Garchomp
|move|p1a: Sneasler|Poison Jab|p2a: Toxapex
|-resisted|p2a: Toxapex|1
|-damage|p2a: Toxapex|86/100
|
|-heal|p2a: Toxapex|92/100|[from] item: Leftovers
|-damage|p1a: Sneasler|63/100|[from] move: Infestation|[partiallytrapped]
|upkeep
|
|t:|1783959326
|switch|p2b: Hydreigon|Hydreigon, L50, F, shiny|100/100
|turn|3
|l| 2cake
|inactive|Battle timer is ON: inactive players will automatically lose when time's up. (requested by iiFWM)
|
|t:|1783959398
|move|p2b: Hydreigon|Earth Power|p1a: Sneasler
|-supereffective|p1a: Sneasler|1
|-damage|p1a: Sneasler|0 fnt
|faint|p1a: Sneasler
|move|p1b: Kingambit|Kowtow Cleave|p2b: Hydreigon
|-resisted|p2b: Hydreigon|1
|-damage|p2b: Hydreigon|44/100
|move|p2a: Toxapex|Infestation|p1b: Kingambit
|-damage|p1b: Kingambit|85/100
|-activate|p1b: Kingambit|move: Infestation|[of] p2a: Toxapex
|
|-heal|p2a: Toxapex|98/100|[from] item: Leftovers
|-damage|p1b: Kingambit|73/100|[from] move: Infestation|[partiallytrapped]
|upkeep
|
|t:|1783959414
|switch|p1a: Delphox|Delphox, L50, F|100/100
|turn|4
|
|t:|1783959436
|detailschange|p1a: Delphox|Delphox-Mega, L50, F
|-mega|p1a: Delphox|Delphox|Delphoxite
|move|p1b: Kingambit|Sucker Punch|p2b: Hydreigon
|-resisted|p2b: Hydreigon|1
|-damage|p2b: Hydreigon|0 fnt
|faint|p2b: Hydreigon
|move|p1a: Delphox|Nasty Plot|p1a: Delphox
|-boost|p1a: Delphox|spa|2
|move|p2a: Toxapex|Toxic|p1a: Delphox
|-status|p1a: Delphox|tox
|
|-heal|p2a: Toxapex|100/100|[from] item: Leftovers
|-damage|p1a: Delphox|94/100 tox|[from] psn
|-damage|p1b: Kingambit|61/100|[from] move: Infestation|[partiallytrapped]
|upkeep
|
|t:|1783959441
|switch|p2b: Charizard|Charizard, L50, M, shiny|100/100
|turn|5
|
|t:|1783959455
|detailschange|p2b: Charizard|Charizard-Mega-Y, L50, M, shiny
|-mega|p2b: Charizard|Charizard|Charizardite Y
|-weather|SunnyDay|[from] ability: Drought|[of] p2b: Charizard
|move|p2a: Toxapex|Baneful Bunker|p2a: Toxapex
|-singleturn|p2a: Toxapex|move: Protect
|move|p1b: Kingambit|Sucker Punch|p2b: Charizard
|-damage|p2b: Charizard|15/100
|move|p1a: Delphox|Psyshock|p2a: Toxapex
|-activate|p2a: Toxapex|move: Protect
|move|p2b: Charizard|Heat Wave|p1b: Kingambit|[spread] p1a,p1b
|-resisted|p1a: Delphox|1
|-supereffective|p1b: Kingambit|1
|-damage|p1a: Delphox|69/100 tox
|-damage|p1b: Kingambit|0 fnt
|faint|p1b: Kingambit
|
|-weather|SunnyDay|[upkeep]
|-damage|p1a: Delphox|58/100 tox|[from] psn
|upkeep
|
|t:|1783959467
|switch|p1b: Incineroar|Incineroar, L50, M|100/100
|-ability|p1b: Incineroar|Intimidate|boost
|-unboost|p2a: Toxapex|atk|1
|-unboost|p2b: Charizard|atk|1
|turn|6
|j| Coldflame2802
|inactive|chikondi has 30 seconds left.
|inactive|iiFWM has 30 seconds left.
|inactive|iiFWM has 20 seconds left.
|
|t:|1783959504
|move|p1b: Incineroar|Fake Out|p2b: Charizard
|-damage|p2b: Charizard|4/100
|move|p1a: Delphox|Psyshock|p2a: Toxapex
|-supereffective|p2a: Toxapex|1
|-damage|p2a: Toxapex|0 fnt
|faint|p2a: Toxapex
|cant|p2b: Charizard|flinch
|
|-weather|SunnyDay|[upkeep]
|-damage|p1a: Delphox|41/100 tox|[from] psn
|upkeep
|turn|7
|
|t:|1783959515
|move|p2b: Charizard|Protect|p2b: Charizard
|-singleturn|p2b: Charizard|Protect
|move|p1a: Delphox|Psyshock|p2b: Charizard
|-activate|p2b: Charizard|move: Protect
|move|p1b: Incineroar|Flare Blitz|p2b: Charizard
|-activate|p2b: Charizard|move: Protect
|
|-weather|SunnyDay|[upkeep]
|-damage|p1a: Delphox|17/100 tox|[from] psn
|upkeep
|turn|8
|
|t:|1783959523
|move|p2b: Charizard|Protect||[still]
|-fail|p2b: Charizard
|move|p1a: Delphox|Psyshock|p2b: Charizard
|-damage|p2b: Charizard|0 fnt
|faint|p2b: Charizard
|
|win|chikondi
||iiFWM is ready for game 3.
||chikondi is ready for game 3.
|uhtml|next|Next: Game 3 of 3
|l| bwhitevgc
|l| Coldflame2802
