|j|‚ėÜKilltoosad
|j|‚ėÜtakeshivgc-test
|html|Killtoosadtakeshivgc-test    
|uhtml|bestof|Game 2 of a best-of-3
|t:|1757913304
|gametype|doubles
|player|p1|Killtoosad|170|
|player|p2|takeshivgc-test|sabrina|
|gen|9
|tier|[Gen 9] VGC 2025 Reg H (Bo3)
|rule|Species Clause: Limit one of each Pok√©mon
|rule|Item Clause: Limit 1 of each item
|clearpoke
|poke|p1|Meowstic, L50, M|
|poke|p1|Meowscarada, L50, F|
|poke|p1|Ninetales-Alola, L50, M|
|poke|p1|Baxcalibur, L50, M|
|poke|p1|Incineroar, L50, F|
|poke|p1|Braviary-Hisui, L50, M|
|poke|p2|Armarouge, L50, F|
|poke|p2|Indeedee-F, L50, F|
|poke|p2|Ursaluna, L50, F|
|poke|p2|Gallade, L50, M|
|poke|p2|Hatterene, L50, F|
|poke|p2|Torkoal, L50, M|
|teampreview|4
|showteam|p1|Meowstic||MentalHerb|Prankster|Gravity,FakeOut,SkillSwap,Psychic|||M|||50|,,,,,Ghost]Meowscarada||FocusSash|Protean|TripleAxel,FlowerTrick,KnockOff,Protect|||F|||50|,,,,,Dark]Ninetales-Alola||CovertCloak|SnowWarning|AuroraVeil,Hypnosis,IcyWind,Protect|||M|||50|,,,,,Water]Baxcalibur||ClearAmulet|ThermalExchange|GlaiveRush,Protect,HighHorsepower,SwordsDance|||M|||50|,,,,,Ground]Incineroar||AssaultVest|Intimidate|FlareBlitz,KnockOff,Uturn,FakeOut|||F|||50|,,,,,Dragon]Braviary-Hisui||LifeOrb|SheerForce|Hurricane,Psychic,Protect,HeatWave|||M|||50|,,,,,Fire
|showteam|p2|Armarouge||PowerHerb|FlashFire|MeteorBeam,ExpandingForce,ArmorCannon,TrickRoom|||F|||50|,,,,,Grass]Indeedee-F||PsychicSeed|PsychicSurge|Psychic,TrickRoom,HelpingHand,FollowMe|||F|||50|,,,,,Grass]Ursaluna||FlameOrb|Guts|Facade,Earthquake,HeadlongRush,Protect|||F|||50|,,,,,Ghost]Gallade||ClearAmulet|Sharpness|SacredSword,PsychoCut,WideGuard,TrickRoom|||M|||50|,,,,,Fire]Hatterene||LifeOrb|MagicBounce|ExpandingForce,DazzlingGleam,TrickRoom,MysticalFire|||F|||50|,,,,,Fire]Torkoal||ChoiceSpecs|Drought|Eruption,WeatherBall,Protect,HeatWave|||M|||50|,,,,,Fire
|
|t:|1757913341
|teamsize|p1|4
|teamsize|p2|4
|start
|switch|p1a: Meowstic|Meowstic, L50, M|100/100
|switch|p1b: Ninetales|Ninetales-Alola, L50, M|100/100
|switch|p2a: Indeedee|Indeedee-F, L50, F|100/100
|switch|p2b: Armarouge|Armarouge, L50, F|100/100
|-weather|Snowscape|[from] ability: Snow Warning|[of] p1b: Ninetales
|-fieldstart|move: Psychic Terrain|[from] ability: Psychic Surge|[of] p2a: Indeedee
|-enditem|p2a: Indeedee|Psychic Seed
|-boost|p2a: Indeedee|spd|1|[from] item: Psychic Seed
|turn|1
|
|t:|1757913366
|switch|p2a: Hatterene|Hatterene, L50, F|100/100
|move|p1a: Meowstic|Gravity|p1a: Meowstic
|-fieldstart|move: Gravity
|move|p1b: Ninetales|Hypnosis|p2b: Armarouge
|-status|p2b: Armarouge|slp|[from] move: Hypnosis
|cant|p2b: Armarouge|slp
|
|-weather|Snowscape|[upkeep]
|upkeep
|turn|2
|
|t:|1757913387
|switch|p1a: Baxcalibur|Baxcalibur, L50, M|100/100
|move|p1b: Ninetales|Hypnosis|p2a: Hatterene
|move|p2a: Hatterene|Hypnosis|p1b: Ninetales|[from] ability: Magic Bounce
|-status|p1b: Ninetales|slp|[from] move: Hypnosis
|cant|p2b: Armarouge|slp
|move|p2a: Hatterene|Trick Room|p2a: Hatterene
|-fieldstart|move: Trick Room|[of] p2a: Hatterene
|
|-weather|Snowscape|[upkeep]
|upkeep
|turn|3
|c|‚ėÜtakeshivgc-test|Cmon bud
|c|‚ėÜKilltoosad|Lol I forgot about magic bounce
|c|‚ėÜtakeshivgc-test|Lmao
|c|‚ėÜKilltoosad|yo it's 1am on my laptop
|c|‚ėÜKilltoosad|I don't remember shit
|c|‚ėÜtakeshivgc-test|ūüėāūüėāūüėā fair enough
|
|t:|1757913433
|-terastallize|p1a: Baxcalibur|Ground
|move|p2a: Hatterene|Expanding Force|p1b: Ninetales|[spread] p1a,p1b
|-damage|p1a: Baxcalibur|16/100
|-damage|p1b: Ninetales|9/100 slp
|-damage|p2a: Hatterene|91/100|[from] item: Life Orb
|cant|p2b: Armarouge|slp
|move|p1a: Baxcalibur|High Horsepower|p2b: Armarouge
|-supereffective|p2b: Armarouge
|-damage|p2b: Armarouge|9/100 slp
|cant|p1b: Ninetales|slp
|
|-weather|Snowscape|[upkeep]
|upkeep
|turn|4
|
|t:|1757913451
|switch|p2b: Torkoal|Torkoal, L50, M|100/100
|-weather|SunnyDay|[from] ability: Drought|[of] p2b: Torkoal
|switch|p1a: Incineroar|Incineroar, L50, F|100/100
|-ability|p1a: Incineroar|Intimidate|boost
|-unboost|p2a: Hatterene|atk|1
|-unboost|p2b: Torkoal|atk|1
|switch|p1b: Meowstic|Meowstic, L50, M|100/100
|move|p2a: Hatterene|Expanding Force|p1a: Incineroar|[spread] p1b
|-immune|p1a: Incineroar
|-resisted|p1b: Meowstic
|-damage|p1b: Meowstic|52/100
|-damage|p2a: Hatterene|82/100|[from] item: Life Orb
|
|-weather|SunnyDay|[upkeep]
|upkeep
|turn|5
|
|t:|1757913479
|switch|p1b: Ninetales|Ninetales-Alola, L50, M|9/100 slp
|-weather|Snowscape|[from] ability: Snow Warning|[of] p1b: Ninetales
|-terastallize|p2b: Torkoal|Fire
|move|p2b: Torkoal|Eruption|p1a: Incineroar|[spread] p1a,p1b
|-resisted|p1a: Incineroar
|-supereffective|p1b: Ninetales
|-damage|p1a: Incineroar|70/100
|-damage|p1b: Ninetales|0 fnt
|faint|p1b: Ninetales
|move|p2a: Hatterene|Dazzling Gleam|p1a: Incineroar
|-damage|p1a: Incineroar|33/100
|-damage|p2a: Hatterene|72/100|[from] item: Life Orb
|move|p1a: Incineroar|Knock Off|p2b: Torkoal
|-damage|p2b: Torkoal|65/100
|-enditem|p2b: Torkoal|Choice Specs|[from] move: Knock Off|[of] p1a: Incineroar
|
|-weather|Snowscape|[upkeep]
|-fieldend|move: Gravity
|-fieldend|move: Psychic Terrain
|upkeep
|
|t:|1757913499
|switch|p1b: Meowstic|Meowstic, L50, M|52/100
|turn|6
|
|t:|1757913516
|switch|p2b: Indeedee|Indeedee-F, L50, F|100/100
|-fieldstart|move: Psychic Terrain|[from] ability: Psychic Surge|[of] p2b: Indeedee
|move|p1b: Meowstic|Fake Out|p2a: Hatterene
|-activate|p2a: Hatterene|move: Psychic Terrain
|move|p2a: Hatterene|Dazzling Gleam|p1b: Meowstic|[spread] p1a,p1b
|-damage|p1a: Incineroar|8/100
|-damage|p1b: Meowstic|4/100
|-damage|p2a: Hatterene|63/100|[from] item: Life Orb
|move|p1a: Incineroar|Knock Off|p2a: Hatterene
|-damage|p2a: Hatterene|15/100
|-enditem|p2a: Hatterene|Life Orb|[from] move: Knock Off|[of] p1a: Incineroar
|
|-weather|Snowscape|[upkeep]
|-fieldend|move: Trick Room
|upkeep
|turn|7
|
|t:|1757913558
|switch|p2a: Armarouge|Armarouge, L50, F|9/100 slp
|move|p1b: Meowstic|Psychic|p2a: Armarouge
|-resisted|p2a: Armarouge
|-damage|p2a: Armarouge|0 fnt
|faint|p2a: Armarouge
|move|p1a: Incineroar|U-turn|p2b: Indeedee
|-supereffective|p2b: Indeedee
|-damage|p2b: Indeedee|58/100
|
|t:|1757913566
|switch|p1a: Baxcalibur|Baxcalibur, L50, M, tera:Ground|16/100|[from] U-turn
|move|p2b: Indeedee|Trick Room|p2b: Indeedee
|-fieldstart|move: Trick Room|[of] p2b: Indeedee
|
|-weather|Snowscape|[upkeep]
|upkeep
|
|t:|1757913574
|switch|p2a: Hatterene|Hatterene, L50, F|15/100
|turn|8
|
|t:|1757913588
|switch|p2b: Torkoal|Torkoal, L50, M, tera:Fire|65/100
|-weather|SunnyDay|[from] ability: Drought|[of] p2b: Torkoal
|move|p1a: Baxcalibur|Protect|p1a: Baxcalibur
|-singleturn|p1a: Baxcalibur|Protect
|move|p2a: Hatterene|Dazzling Gleam|p1a: Baxcalibur|[spread] p1b
|-activate|p1a: Baxcalibur|move: Protect
|-damage|p1b: Meowstic|0 fnt
|faint|p1b: Meowstic
|
|-weather|SunnyDay|[upkeep]
|upkeep
|
|t:|1757913598
|switch|p1b: Incineroar|Incineroar, L50, F|8/100
|-ability|p1b: Incineroar|Intimidate|boost
|-unboost|p2a: Hatterene|atk|1
|-unboost|p2b: Torkoal|atk|1
|turn|9
|
|t:|1757913613
|move|p2b: Torkoal|Heat Wave|p1a: Baxcalibur|[spread] p1a,p1b
|-resisted|p1b: Incineroar
|-damage|p1a: Baxcalibur|0 fnt
|-damage|p1b: Incineroar|0 fnt
|faint|p1a: Baxcalibur
|faint|p1b: Incineroar
|
|win|takeshivgc-test
|c|‚ėÜKilltoosad|gg lmao
|c|‚ėÜtakeshivgc-test|Ggs lmao
|c|‚ėÜtakeshivgc-test|I still liked your old team
|c|‚ėÜKilltoosad|'Meh
|c|‚ėÜKilltoosad|I hate everything in reg H
|c|‚ėÜKilltoosad|Litterally everything
|c|‚ėÜKilltoosad|Just gonna try to find something that's just funny to play
|c|‚ėÜtakeshivgc-test|Yeah it is a weird reg
|c|‚ėÜtakeshivgc-test|But i like it better than all the calys
|c|‚ėÜKilltoosad|Tbh this season i don't believe I will try really hard
|c|‚ėÜKilltoosad|I don,t have the money to go to lots of event
|c|‚ėÜtakeshivgc-test|Thats fair, was gonna ask about regionals
|c|‚ėÜKilltoosad|Idk yet what I'm gonna do
|c|‚ėÜKilltoosad|I want to do vegas for the fun
|c|‚ėÜKilltoosad|Even though I hate reg H
|c|‚ėÜKilltoosad|Then after that, eh who knows
|c|‚ėÜtakeshivgc-test|I cant helo much in vegas, but im going to aim for Seatle. Might be able to help you then
|c|‚ėÜKilltoosad|NAIC would be fun, it was really fun last year
|c|‚ėÜKilltoosad|Seatle might be doable, but it,s a big maybe
|c|‚ėÜtakeshivgc-test|Thats also my goal this year
|c|‚ėÜKilltoosad|And that's probably the only 3 I'll do
|c|‚ėÜKilltoosad|Maybe LA if it happens
|c|‚ėÜtakeshivgc-test|Same exact plan. When seatle gets closer ill hit you up. But i gtg, good luck with the team building. I can help more tomorrow
|c|‚ėÜKilltoosad|Ok gn !
|l|‚ėÜKilltoosad
|player|p1|
|c|‚ėÜtakeshivgc-test|U2!
|l|‚ėÜtakeshivgc-test
|player|p2|
