|j|â˜†Tanisha
|j|â˜†GetaJobApplication
|html|TanishaGetaJobApplication    
|uhtml|bestof|Game 2 of a best-of-3
|t:|1757087801
|gametype|doubles
|player|p1|Tanisha|jupiter|1253
|player|p2|GetaJobApplication|cynthia-gen4|1164
|gen|9
|tier|[Gen 9] VGC 2025 Reg H (Bo3)
|rated|
|rule|Species Clause: Limit one of each PokÃ©mon
|rule|Item Clause: Limit 1 of each item
|clearpoke
|poke|p1|Kommo-o, L50, M|
|poke|p1|Dondozo, L50, M|
|poke|p1|Rillaboom, L50, M|
|poke|p1|Sneasler, L50, F|
|poke|p1|Electabuzz, L50, M|
|poke|p1|Gholdengo, L50|
|poke|p2|Rillaboom, L50, M|
|poke|p2|Magmar, L50, M|
|poke|p2|Kingambit, L50, F|
|poke|p2|Ninetales-Alola, L50, M|
|poke|p2|Basculegion, L50, M|
|poke|p2|Sneasler, L50, F|
|teampreview|4
|showteam|p1|Kommo-o||ThroatSpray|Soundproof|ClangorousSoul,ClangingScales,Flamethrower,Protect|||M|||50|,,,,,Fire]Dondozo||Leftovers|Unaware|WaveCrash,Fissure,Yawn,Protect|||M|||50|,,,,,Flying]Rillaboom||AssaultVest|GrassySurge|FakeOut,WoodHammer,GrassyGlide,HighHorsepower|||M|||50|,,,,,Fire]Sneasler||FocusSash|Unburden|FakeOut,DireClaw,CloseCombat,Protect|||F|||50|,,,,,Stellar]Electabuzz||Eviolite|VitalSpirit|Electroweb,FollowMe,HelpingHand,Protect|||M|||50|,,,,,Grass]Gholdengo||ChoiceSpecs|GoodasGold|MakeItRain,ShadowBall,DazzlingGleam,PowerGem||||||50|,,,,,Fairy
|showteam|p2|Rillaboom||AssaultVest|GrassySurge|DrumBeating,GrassyGlide,FakeOut,Uturn|||M|||50|,,,,,Ghost]Magmar||Eviolite|VitalSpirit|Overheat,FollowMe,Taunt,Protect|||M|||50|,,,,,Ghost]Kingambit||BlackGlasses|Defiant|KowtowCleave,SuckerPunch,SwordsDance,Protect|||F|||50|,,,,,Fire]Ninetales-Alola||LifeOrb|SnowWarning|Blizzard,FreezeDry,Encore,Protect|||M|||50|,,,,,Ghost]Basculegion||ChoiceScarf|Adaptability|WaveCrash,LastRespects,FlipTurn,TeraBlast|||M|||50|,,,,,Fighting]Sneasler||FocusSash|PoisonTouch|CloseCombat,DireClaw,FakeOut,Protect|||F|||50|,,,,,Ghost
|inactive|Battle timer is ON: inactive players will automatically lose when time's up. (requested by GetaJobApplication)
|
|t:|1757087855
|teamsize|p1|4
|teamsize|p2|4
|start
|switch|p1a: Dondozo|Dondozo, L50, M|100/100
|switch|p1b: Gholdengo|Gholdengo, L50|100/100
|switch|p2a: Ninetales|Ninetales-Alola, L50, M|100/100
|switch|p2b: Basculegion|Basculegion, L50, M|100/100
|-weather|Snowscape|[from] ability: Snow Warning|[of] p2a: Ninetales
|turn|1
|
|t:|1757087879
|switch|p1b: Electabuzz|Electabuzz, L50, M|100/100
|move|p2b: Basculegion|Wave Crash|p1b: Electabuzz
|-damage|p1b: Electabuzz|25/100
|-damage|p2b: Basculegion|79/100|[from] Recoil
|move|p2a: Ninetales|Freeze-Dry|p1a: Dondozo
|-supereffective|p1a: Dondozo
|-damage|p1a: Dondozo|48/100
|-damage|p2a: Ninetales|91/100|[from] item: Life Orb
|move|p1a: Dondozo|Yawn|p2b: Basculegion
|-start|p2b: Basculegion|move: Yawn|[of] p1a: Dondozo
|
|-weather|Snowscape|[upkeep]
|-heal|p1a: Dondozo|54/100|[from] item: Leftovers
|upkeep
|turn|2
|
|t:|1757087902
|switch|p2b: Kingambit|Kingambit, L50, F|100/100
|move|p2a: Ninetales|Protect|p2a: Ninetales
|-singleturn|p2a: Ninetales|Protect
|move|p1b: Electabuzz|Follow Me|p1b: Electabuzz
|-singleturn|p1b: Electabuzz|move: Follow Me
|move|p1a: Dondozo|Yawn|p2a: Ninetales
|-activate|p2a: Ninetales|move: Protect
|
|-weather|Snowscape|[upkeep]
|-heal|p1a: Dondozo|60/100|[from] item: Leftovers
|upkeep
|turn|3
|
|t:|1757087924
|switch|p1b: Gholdengo|Gholdengo, L50|100/100
|move|p2a: Ninetales|Blizzard|p1a: Dondozo|[spread] p1a,p1b
|-resisted|p1a: Dondozo
|-resisted|p1b: Gholdengo
|-damage|p1a: Dondozo|45/100
|-damage|p1b: Gholdengo|77/100
|-damage|p2a: Ninetales|82/100|[from] item: Life Orb
|move|p2b: Kingambit|Kowtow Cleave|p1a: Dondozo
|-damage|p1a: Dondozo|9/100
|move|p1a: Dondozo|Yawn|p2b: Kingambit
|-start|p2b: Kingambit|move: Yawn|[of] p1a: Dondozo
|
|-weather|Snowscape|[upkeep]
|-heal|p1a: Dondozo|15/100|[from] item: Leftovers
|upkeep
|turn|4
|inactive|Tanisha has 30 seconds left.
|inactive|Tanisha has 20 seconds left.
|
|t:|1757087961
|move|p2b: Kingambit|Sucker Punch|p1b: Gholdengo
|-supereffective|p1b: Gholdengo
|-damage|p1b: Gholdengo|0 fnt
|faint|p1b: Gholdengo
|move|p2a: Ninetales|Blizzard|p1a: Dondozo
|-resisted|p1a: Dondozo
|-damage|p1a: Dondozo|0 fnt
|faint|p1a: Dondozo
|-damage|p2a: Ninetales|72/100|[from] item: Life Orb
|
|-weather|Snowscape|[upkeep]
|-end|p2b: Kingambit|move: Yawn|[silent]
|-status|p2b: Kingambit|slp
|upkeep
|
|t:|1757087967
|switch|p1b: Electabuzz|Electabuzz, L50, M|25/100
|switch|p1a: Kommo-o|Kommo-o, L50, M|100/100
|turn|5
|
|t:|1757087976
|switch|p2b: Sneasler|Sneasler, L50, F|100/100
|-terastallize|p1a: Kommo-o|Fire
|move|p1b: Electabuzz|Protect|p1b: Electabuzz
|-singleturn|p1b: Electabuzz|Protect
|move|p2a: Ninetales|Blizzard|p1a: Kommo-o|[spread] p1a
|-activate|p1b: Electabuzz|move: Protect
|-resisted|p1a: Kommo-o
|-damage|p1a: Kommo-o|80/100
|-damage|p2a: Ninetales|63/100|[from] item: Life Orb
|move|p1a: Kommo-o|Clangorous Soul|p1a: Kommo-o
|-boost|p1a: Kommo-o|atk|1
|-boost|p1a: Kommo-o|def|1
|-boost|p1a: Kommo-o|spa|1
|-boost|p1a: Kommo-o|spd|1
|-boost|p1a: Kommo-o|spe|1
|-damage|p1a: Kommo-o|47/100
|-enditem|p1a: Kommo-o|Throat Spray
|-boost|p1a: Kommo-o|spa|1|[from] item: Throat Spray
|
|-weather|none
|upkeep
|turn|6
|inactive|Tanisha has 30 seconds left.
|inactive|GetaJobApplication has 30 seconds left.
|
|t:|1757088012
|move|p2b: Sneasler|Fake Out|p1a: Kommo-o
|-damage|p1a: Kommo-o|39/100
|cant|p1a: Kommo-o|flinch
|move|p2a: Ninetales|Blizzard|p1a: Kommo-o|[spread] p1b
|-miss|p2a: Ninetales|p1a: Kommo-o
|-damage|p1b: Electabuzz|0 fnt
|faint|p1b: Electabuzz
|-damage|p2a: Ninetales|54/100|[from] item: Life Orb
|
|upkeep
|turn|7
|
|t:|1757088028
|move|p1a: Kommo-o|Flamethrower|p2b: Sneasler
|-damage|p2b: Sneasler|11/100
|move|p2a: Ninetales|Encore|p1a: Kommo-o
|-start|p1a: Kommo-o|Encore
|move|p2b: Sneasler|Close Combat|p1a: Kommo-o
|-damage|p1a: Kommo-o|0 fnt
|-unboost|p2b: Sneasler|def|1
|-unboost|p2b: Sneasler|spd|1
|faint|p1a: Kommo-o
|
|win|GetaJobApplication
||Tanisha is ready for game 3.
||GetaJobApplication is ready for game 3.
|uhtml|next|Next: Game 3 of 3
|l|â˜†Tanisha
|player|p1|
