|j|☆Pokeventurer
|j|☆Silhouetiquette
|html|PokeventurerSilhouetiquette    
|uhtml|bestof|Game 1 of a best-of-3
|t:|1757019766
|gametype|doubles
|player|p1|Pokeventurer|2|1098
|player|p2|Silhouetiquette|101|1083
|gen|9
|tier|[Gen 9] VGC 2025 Reg H (Bo3)
|rated|
|rule|Species Clause: Limit one of each Pokémon
|rule|Item Clause: Limit 1 of each item
|clearpoke
|poke|p1|Basculegion, L50, M|
|poke|p1|Pelipper, L50, F|
|poke|p1|Archaludon, L50, F|
|poke|p1|Rillaboom, L50, F|
|poke|p1|Maushold, L50|
|poke|p1|Annihilape, L50, F|
|poke|p2|Tyranitar, L50, F|
|poke|p2|Excadrill, L50, F|
|poke|p2|Kilowattrel, L50, F|
|poke|p2|Volcarona, L50, F|
|poke|p2|Indeedee, L50, M|
|poke|p2|Sneasler, L50, F|
|teampreview|4
|showteam|p1|Basculegion||ChoiceBand|SwiftSwim|WaveCrash,FlipTurn,LastRespects,AquaJet|||M|||50|,,,,,Water]Pelipper||FocusSash|Drizzle|WeatherBall,Hurricane,Tailwind,Protect|||F|||50|,,,,,Stellar]Archaludon||AssaultVest|Stamina|ElectroShot,FlashCannon,Snarl,BodyPress|||F|||50|,,,,,Grass]Rillaboom||CobaBerry|GrassySurge|FakeOut,GrassyGlide,WoodHammer,Uturn|||F|||50|,,,,,Steel]Maushold||CovertCloak|FriendGuard|FollowMe,BeatUp,SuperFang,Taunt||||||50|,,,,,Ghost]Annihilape||SafetyGoggles|Defiant|DrainPunch,RageFist,BulkUp,Protect|||F|||50|,,,,,Fire
|showteam|p2|Tyranitar||AssaultVest|SandStream|RockSlide,KnockOff,TeraBlast,LowKick|||F|||50|,,,,,Flying]Excadrill||ClearAmulet|SandRush|Earthquake,IronHead,StompingTantrum,Protect|||F|||50|,,,,,Ground]Kilowattrel||ChoiceSpecs|Competitive|WeatherBall,Thunderbolt,AirSlash,Hurricane|||F|||50|,,,,,Stellar]Volcarona||SitrusBerry|FlameBody|RagePowder,WillOWisp,Protect,StruggleBug|||F|||50|,,,,,Grass]Indeedee||FocusSash|PsychicSurge|ExpandingForce,Imprison,TrickRoom,TeraBlast|||M|||50|,,,,,Fighting]Sneasler||PsychicSeed|Unburden|DireClaw,CloseCombat,Acrobatics,Protect|||F|||50|,,,,,Flying
|inactive|Battle timer is ON: inactive players will automatically lose when time's up. (requested by Silhouetiquette)
|inactive|Pokeventurer has 60 seconds left.
|
|t:|1757019816
|teamsize|p1|4
|teamsize|p2|4
|start
|switch|p1a: Zoom!Wake|Basculegion, L50, M|100/100
|switch|p1b: London Paris&Tokyo|Archaludon, L50, F|100/100
|switch|p2a: Indeedee|Indeedee, L50, M|100/100
|switch|p2b: Sneasler|Sneasler, L50, F|100/100
|-fieldstart|move: Psychic Terrain|[from] ability: Psychic Surge|[of] p2a: Indeedee
|-enditem|p2b: Sneasler|Psychic Seed
|-boost|p2b: Sneasler|spd|1|[from] item: Psychic Seed
|turn|1
|inactive|Pokeventurer has 30 seconds left.
|
|t:|1757019843
|switch|p1b: MonkeyDo2|Rillaboom, L50, F|100/100
|-fieldstart|move: Grassy Terrain|[from] ability: Grassy Surge|[of] p1b: MonkeyDo2
|move|p2b: Sneasler|Close Combat|p1b: MonkeyDo2
|-damage|p1b: MonkeyDo2|39/100
|-unboost|p2b: Sneasler|def|1
|-unboost|p2b: Sneasler|spd|1
|move|p2a: Indeedee|Expanding Force|p1b: MonkeyDo2
|-damage|p1b: MonkeyDo2|6/100
|move|p1a: Zoom!Wake|Flip Turn|p2a: Indeedee
|-enditem|p2a: Indeedee|Focus Sash
|-damage|p2a: Indeedee|1/100
|
|t:|1757019858
|switch|p1a: London Paris&Tokyo|Archaludon, L50, F|100/100|[from] Flip Turn
|
|-heal|p2a: Indeedee|7/100|[from] Grassy Terrain
|-heal|p1b: MonkeyDo2|12/100|[from] Grassy Terrain
|upkeep
|turn|2
|inactive|Pokeventurer has 30 seconds left.
|
|t:|1757019886
|switch|p2a: Excadrill|Excadrill, L50, F|100/100
|switch|p1a: Zoom!Wake|Basculegion, L50, M|100/100
|move|p2b: Sneasler|Close Combat|p1a: Zoom!Wake
|-immune|p1a: Zoom!Wake
|move|p1b: MonkeyDo2|Wood Hammer|p2a: Excadrill
|-damage|p2a: Excadrill|0 fnt
|faint|p2a: Excadrill
|-damage|p1b: MonkeyDo2|0 fnt|[from] Recoil
|faint|p1b: MonkeyDo2
|
|upkeep
|
|t:|1757019903
|switch|p2a: Indeedee|Indeedee, L50, M|7/100
|switch|p1b: BigMouth|Pelipper, L50, F|100/100
|-fieldstart|move: Psychic Terrain|[from] ability: Psychic Surge|[of] p2a: Indeedee
|-weather|RainDance|[from] ability: Drizzle|[of] p1b: BigMouth
|turn|3
|
|t:|1757019925
|-terastallize|p2b: Sneasler|Flying
|move|p2b: Sneasler|Acrobatics|p1a: Zoom!Wake
|-damage|p1a: Zoom!Wake|20/100
|move|p1a: Zoom!Wake|Wave Crash|p2a: Indeedee
|-damage|p2a: Indeedee|0 fnt
|faint|p2a: Indeedee
|-damage|p1a: Zoom!Wake|19/100|[from] Recoil
|move|p1b: BigMouth|Tailwind|p1b: BigMouth
|-sidestart|p1: Pokeventurer|move: Tailwind
|
|-weather|RainDance|[upkeep]
|upkeep
|
|t:|1757019936
|switch|p2a: Tyranitar|Tyranitar, L50, F|100/100
|-weather|Sandstorm|[from] ability: Sand Stream|[of] p2a: Tyranitar
|turn|4
|
|t:|1757019951
|switch|p1a: London Paris&Tokyo|Archaludon, L50, F|100/100
|move|p1b: BigMouth|Protect|p1b: BigMouth
|-singleturn|p1b: BigMouth|Protect
|move|p2b: Sneasler|Acrobatics|p1a: London Paris&Tokyo
|-resisted|p1a: London Paris&Tokyo
|-damage|p1a: London Paris&Tokyo|78/100
|-ability|p1a: London Paris&Tokyo|Stamina|boost
|-boost|p1a: London Paris&Tokyo|def|1
|move|p2a: Tyranitar|Rock Slide|p1b: BigMouth|[spread] p1a
|-activate|p1b: BigMouth|move: Protect
|-resisted|p1a: London Paris&Tokyo
|-damage|p1a: London Paris&Tokyo|70/100
|-ability|p1a: London Paris&Tokyo|Stamina|boost
|-boost|p1a: London Paris&Tokyo|def|1
|
|-weather|Sandstorm|[upkeep]
|-damage|p2b: Sneasler|95/100|[from] Sandstorm
|-damage|p1b: BigMouth|95/100|[from] Sandstorm
|upkeep
|turn|5
|
|t:|1757019963
|-terastallize|p1a: London Paris&Tokyo|Grass
|move|p2b: Sneasler|Close Combat|p1a: London Paris&Tokyo
|-damage|p1a: London Paris&Tokyo|42/100
|-unboost|p2b: Sneasler|def|1
|-unboost|p2b: Sneasler|spd|1
|-ability|p1a: London Paris&Tokyo|Stamina|boost
|-boost|p1a: London Paris&Tokyo|def|1
|move|p1a: London Paris&Tokyo|Body Press|p2a: Tyranitar
|-supereffective|p2a: Tyranitar
|-crit|p2a: Tyranitar
|-damage|p2a: Tyranitar|0 fnt
|faint|p2a: Tyranitar
|move|p1b: BigMouth|Weather Ball|p2b: Sneasler
|-supereffective|p2b: Sneasler
|-damage|p2b: Sneasler|0 fnt
|faint|p2b: Sneasler
|
|win|Pokeventurer
||Pokeventurer is ready for game 2.
||Silhouetiquette is ready for game 2.
|uhtml|next|Next: Game 2 of 3
|l|☆Silhouetiquette
|player|p2|
