|j|☆neuesspielzeug
|j|☆bpecina03
|html|neuesspielzeugbpecina03    
|uhtml|bestof|Game 1 of a best-of-3
|t:|1784519293
|gametype|doubles
|player|p1|neuesspielzeug|2|1227
|player|p2|bpecina03|169|1238
|gen|9
|tier|[Gen 9 Champions] VGC 2026 Reg M-B (Bo3)
|rated|
|rule|Species Clause: Limit one of each Pokémon
|rule|Item Clause: Limit 1 of each item
|clearpoke
|poke|p1|Scrafty, L50, M|
|poke|p1|Toxapex, L50, M|
|poke|p1|Metagross, L50|
|poke|p1|Chandelure, L50, M|
|poke|p1|Hydreigon, L50, F|
|poke|p1|Sneasler, L50, M|
|poke|p2|Delphox, L50, M|
|poke|p2|Meowscarada, L50, M|
|poke|p2|Kingambit, L50, M|
|poke|p2|Aerodactyl, L50, M|
|poke|p2|Sylveon, L50, M|
|poke|p2|Basculegion, L50, M|
|teampreview|4
|showteam|p1|Scrafty||Scraftinite|Intimidate|FakeOut,DrainPunch,KnockOff,PoisonJab|Careful||M|||50|]Toxapex||Leftovers|Regenerator|Infestation,Toxic,BanefulBunker,WideGuard|Bold||M|||50|]Metagross||Metagrossite|ClearBody|PsychicFangs,StompingTantrum,IcePunch,Protect|Jolly|||||50|]Chandelure||FocusSash|FlashFire|EnergyBall,HeatWave,ShadowBall,Protect|Timid||M|||50|]Hydreigon||ChoiceScarf|Levitate|DracoMeteor,Snarl,DarkPulse,EarthPower|Modest||F|||50|]Sneasler||LifeOrb|PoisonTouch|FakeOut,CloseCombat,DireClaw,Protect|Jolly||M|||50|
|showteam|p2|Delphox||Delphoxite|Blaze|Protect,Encore,HeatWave,Psychic|Timid||M|||50|]Meowscarada||ChoiceScarf|Protean|TripleAxel,KnockOff,FlowerTrick,Uturn|Adamant||M|||50|]Kingambit||LifeOrb|Defiant|KowtowCleave,IronHead,SuckerPunch,Protect|Adamant||M|||50|]Aerodactyl||Aerodactylite|Unnerve|RockSlide,Tailwind,Protect,DualWingbeat|Jolly||M|||50|]Sylveon||FairyFeather|Pixilate|Protect,HyperVoice,HyperBeam,QuickAttack|Modest||M|||50|]Basculegion||FocusSash|Adaptability|LastRespects,Liquidation,AquaJet,Protect|Jolly||M|||50|
|inactive|Battle timer is ON: inactive players will automatically lose when time's up. (requested by bpecina03)
|inactive|neuesspielzeug has 60 seconds left.
|
|t:|1784519367
|teamsize|p1|4
|teamsize|p2|4
|start
|switch|p1a: Scrafty|Scrafty, L50, M|100/100
|switch|p1b: Hydreigon|Hydreigon, L50, F|100/100
|switch|p2a: Aerodactyl|Aerodactyl, L50, M|100/100
|switch|p2b: Kingambit|Kingambit, L50, M|100/100
|-ability|p2a: Aerodactyl|Unnerve
|-ability|p1a: Scrafty|Intimidate|boost
|-unboost|p2a: Aerodactyl|atk|1
|-unboost|p2b: Kingambit|atk|1
|-ability|p2b: Kingambit|Defiant|boost
|-boost|p2b: Kingambit|atk|2
|turn|1
|
|t:|1784519390
|detailschange|p2a: Aerodactyl|Aerodactyl-Mega, L50, M
|-mega|p2a: Aerodactyl|Aerodactyl|Aerodactylite
|move|p2b: Kingambit|Protect|p2b: Kingambit
|-singleturn|p2b: Kingambit|Protect
|move|p1b: Hydreigon|Draco Meteor|p2a: Aerodactyl
|-damage|p2a: Aerodactyl|8/100
|-unboost|p1b: Hydreigon|spa|2
|move|p2a: Aerodactyl|Tailwind|p2a: Aerodactyl
|-sidestart|p2: bpecina03|move: Tailwind
|move|p1a: Scrafty|Drain Punch|p2b: Kingambit
|-activate|p2b: Kingambit|move: Protect
|
|upkeep
|turn|2
|
|t:|1784519408
|detailschange|p1a: Scrafty|Scrafty-Mega, L50, M
|-mega|p1a: Scrafty|Scrafty|Scraftinite
|-ability|p1a: Scrafty|Intimidate|boost
|-unboost|p2a: Aerodactyl|atk|1
|-unboost|p2b: Kingambit|atk|1
|-ability|p2b: Kingambit|Defiant|boost
|-boost|p2b: Kingambit|atk|2
|move|p2a: Aerodactyl|Dual Wingbeat|p1a: Scrafty
|-supereffective|p1a: Scrafty|1
|-damage|p1a: Scrafty|74/100
|-supereffective|p1a: Scrafty|1
|-damage|p1a: Scrafty|52/100
|-hitcount|p1a: Scrafty|2
|move|p1b: Hydreigon|Draco Meteor|p2a: Aerodactyl
|-damage|p2a: Aerodactyl|0 fnt
|-unboost|p1b: Hydreigon|spa|2
|faint|p2a: Aerodactyl
|move|p2b: Kingambit|Iron Head|p1a: Scrafty
|-damage|p1a: Scrafty|0 fnt
|faint|p1a: Scrafty
|-damage|p2b: Kingambit|90/100|[from] item: Life Orb
|
|upkeep
|
|t:|1784519425
|switch|p2a: Meowscarada|Meowscarada, L50, M|100/100
|switch|p1a: Chandelure|Chandelure, L50, M|100/100
|turn|3
|
|t:|1784519446
|switch|p1b: Metagross|Metagross, L50|100/100
|move|p1a: Chandelure|Protect|p1a: Chandelure
|-singleturn|p1a: Chandelure|Protect
|move|p2a: Meowscarada|Triple Axel|p1a: Chandelure
|-start|p2a: Meowscarada|typechange|Ice|[from] ability: Protean
|-activate|p1a: Chandelure|move: Protect
|move|p2b: Kingambit|Kowtow Cleave|p1a: Chandelure
|-activate|p1a: Chandelure|move: Protect
|
|upkeep
|turn|4
|inactive|neuesspielzeug has 30 seconds left.
|inactive|bpecina03 has 30 seconds left.
|inactive|neuesspielzeug has 20 seconds left.
|inactive|neuesspielzeug has 15 seconds left.
|inactive|neuesspielzeug has 10 seconds left.
|inactive|neuesspielzeug has 5 seconds left.
|
|t:|1784519496
|switch|p2a: Sylveon|Sylveon, L50, M|100/100
|move|p2b: Kingambit|Protect|p2b: Kingambit
|-singleturn|p2b: Kingambit|Protect
|move|p1a: Chandelure|Heat Wave|p2a: Sylveon|[spread] p2a
|-activate|p2b: Kingambit|move: Protect
|-damage|p2a: Sylveon|70/100
|move|p1b: Metagross|Psychic Fangs|p2a: Sylveon
|-damage|p2a: Sylveon|17/100
|
|-sideend|p2: bpecina03|move: Tailwind
|upkeep
|turn|5
|inactive|neuesspielzeug has 30 seconds left.
|
|t:|1784519527
|move|p2a: Sylveon|Quick Attack|p1a: Chandelure
|-resisted|p1a: Chandelure|1
|-damage|p1a: Chandelure|91/100
|move|p2b: Kingambit|Sucker Punch|p1b: Metagross
|-supereffective|p1b: Metagross|1
|-damage|p1b: Metagross|0 fnt
|faint|p1b: Metagross
|-damage|p2b: Kingambit|80/100|[from] item: Life Orb
|move|p1a: Chandelure|Heat Wave|p2b: Kingambit|[spread] p2a,p2b
|-supereffective|p2b: Kingambit|1
|-damage|p2a: Sylveon|0 fnt
|-damage|p2b: Kingambit|2/100
|faint|p2a: Sylveon
|
|upkeep
|
|t:|1784519539
|switch|p1b: Hydreigon|Hydreigon, L50, F|100/100
|switch|p2a: Meowscarada|Meowscarada, L50, M|100/100
|turn|6
|
|t:|1784519549
|move|p1a: Chandelure|Protect|p1a: Chandelure
|-singleturn|p1a: Chandelure|Protect
|move|p2b: Kingambit|Sucker Punch||[still]
|-fail|p2b: Kingambit
|move|p2a: Meowscarada|Triple Axel|p1b: Hydreigon
|-start|p2a: Meowscarada|typechange|Ice|[from] ability: Protean
|-supereffective|p1b: Hydreigon|1
|-damage|p1b: Hydreigon|77/100
|-hitcount|p1b: Hydreigon|1
|move|p1b: Hydreigon|Earth Power|p2b: Kingambit
|-supereffective|p2b: Kingambit|1
|-damage|p2b: Kingambit|0 fnt
|faint|p2b: Kingambit
|
|upkeep
|turn|7
|
|t:|1784519563
|move|p2a: Meowscarada|Triple Axel|p1b: Hydreigon
|-supereffective|p1b: Hydreigon|1
|-damage|p1b: Hydreigon|51/100
|-supereffective|p1b: Hydreigon|1
|-crit|p1b: Hydreigon
|-damage|p1b: Hydreigon|0 fnt
|faint|p1b: Hydreigon
|-hitcount|p1: Hydreigon|2
|move|p1a: Chandelure|Heat Wave|p2a: Meowscarada
|-supereffective|p2a: Meowscarada|1
|-damage|p2a: Meowscarada|0 fnt
|faint|p2a: Meowscarada
|
|win|neuesspielzeug
