|j|☆miggylovania
|j|☆namboyVGC
|html|miggylovanianamboyVGC    
|uhtml|bestof|Game 1 of a best-of-3
|t:|1784657925
|gametype|doubles
|player|p1|miggylovania|102|1054
|player|p2|namboyVGC|pokemonranger-gen4|1148
|gen|9
|tier|[Gen 9 Champions] VGC 2026 Reg M-B (Bo3)
|rated|
|rule|Species Clause: Limit one of each Pokémon
|rule|Item Clause: Limit 1 of each item
|clearpoke
|poke|p1|Raichu, L50, F|
|poke|p1|Ninetales-Alola, L50, F|
|poke|p1|Typhlosion, L50, M|
|poke|p1|Jolteon, L50, F|
|poke|p1|Palafin, L50, F|
|poke|p1|Talonflame, L50, F|
|poke|p2|Swampert, L50, F|
|poke|p2|Sinistcha-Masterpiece, L50|
|poke|p2|Archaludon, L50, M|
|poke|p2|Pelipper, L50, F|
|poke|p2|Maushold, L50|
|poke|p2|Grimmsnarl, L50, M|
|teampreview|4
|showteam|p1|Raichu||RaichuniteX|LightningRod|FakeOut,Protect,RisingVoltage,VoltSwitch|Timid||F|||50|]Ninetales-Alola||FocusSash|SnowWarning|Blizzard,Protect,FreezeDry,Roar|Timid||F|||50|]Typhlosion||Charcoal|FlashFire|Eruption,Protect,FireBlast,ScorchingSands|Modest||M|||50|]Jolteon||LifeOrb|VoltAbsorb|RisingVoltage,Protect,WeatherBall,VoltSwitch|Modest||F|||50|]Palafin||MysticWater|ZerotoHero|JetPunch,FlipTurn,WaveCrash,Protect|Adamant||F|||50|]Talonflame|||GaleWings|Tailwind,Acrobatics,SunnyDay,QuickGuard|Jolly||F|||50|
|showteam|p2|Swampert||Swampertite|Damp|WaveCrash,HighHorsepower,IcePunch,Protect|Adamant||F|||50|]Sinistcha-Masterpiece||SitrusBerry|Hospitality|MatchaGotcha,LifeDew,TrickRoom,RagePowder|Bold|||||50|]Archaludon||Leftovers|Stamina|DragonPulse,ElectroShot,FlashCannon,Protect|Calm||M|||50|]Pelipper||FocusSash|Drizzle|WeatherBall,Hurricane,Protect,Tailwind|Modest||F|||50|]Maushold||WideLens|Technician|PopulationBomb,RainDance,FollowMe,Protect|Jolly|||||50|]Grimmsnarl||LightClay|Prankster|SpiritBreak,LightScreen,Reflect,PartingShot|Sassy||M|||50|
|inactive|Battle timer is ON: inactive players will automatically lose when time's up. (requested by namboyVGC)
|
|t:|1784657951
|teamsize|p1|4
|teamsize|p2|4
|start
|switch|p1a: Talonflame|Talonflame, L50, F|100/100
|switch|p1b: Raichu|Raichu, L50, F|100/100
|switch|p2a: Grimmsnarl|Grimmsnarl, L50, M|100/100
|switch|p2b: Swampert|Swampert, L50, F|100/100
|turn|1
|
|t:|1784657967
|detailschange|p2b: Swampert|Swampert-Mega, L50, F
|-mega|p2b: Swampert|Swampert|Swampertite
|move|p1b: Raichu|Fake Out|p2b: Swampert
|-damage|p2b: Swampert|93/100
|move|p1a: Talonflame|Tailwind|p1a: Talonflame
|-sidestart|p1: miggylovania|move: Tailwind
|move|p2a: Grimmsnarl|Reflect|p2a: Grimmsnarl
|-sidestart|p2: namboyVGC|Reflect
|cant|p2b: Swampert|flinch
|
|upkeep
|turn|2
|inactive|namboyVGC has 30 seconds left.
|
|t:|1784657994
|detailschange|p1b: Raichu|Raichu-Mega-X, L50, F
|-mega|p1b: Raichu|Raichu|Raichunite X
|-fieldstart|move: Electric Terrain|[from] ability: Electric Surge|[of] p1b: Raichu
|move|p1a: Talonflame|Acrobatics|p2b: Swampert
|-damage|p2b: Swampert|67/100
|move|p2a: Grimmsnarl|Light Screen|p2a: Grimmsnarl
|-sidestart|p2: namboyVGC|move: Light Screen
|move|p1b: Raichu|Volt Switch|p2a: Grimmsnarl
|-damage|p2a: Grimmsnarl|77/100
|
|t:|1784658004
|switch|p1b: Jolteon|Jolteon, L50, F|100/100|[from] Volt Switch
|move|p2b: Swampert|High Horsepower|p1b: Jolteon
|-supereffective|p1b: Jolteon|1
|-damage|p1b: Jolteon|0 fnt
|faint|p1b: Jolteon
|
|upkeep
|
|t:|1784658015
|switch|p1b: Typhlosion|Typhlosion, L50, M|100/100
|turn|3
|
|t:|1784658036
|move|p2a: Grimmsnarl|Parting Shot|p1b: Typhlosion
|-unboost|p1b: Typhlosion|atk|1
|-unboost|p1b: Typhlosion|spa|1
|
|t:|1784658040
|switch|p2a: Pelipper|Pelipper, L50, F|100/100|[from] Parting Shot
|-weather|RainDance|[from] ability: Drizzle|[of] p2a: Pelipper
|move|p1a: Talonflame|Sunny Day|p1a: Talonflame
|-weather|SunnyDay
|move|p1b: Typhlosion|Eruption|p2b: Swampert|[spread] p2a,p2b
|-resisted|p2a: Pelipper|1
|-resisted|p2b: Swampert|1
|-damage|p2a: Pelipper|56/100
|-damage|p2b: Swampert|48/100
|move|p2b: Swampert|High Horsepower|p1b: Typhlosion
|-supereffective|p1b: Typhlosion|1
|-damage|p1b: Typhlosion|0 fnt
|faint|p1b: Typhlosion
|
|-weather|SunnyDay|[upkeep]
|upkeep
|
|t:|1784658054
|switch|p1b: Raichu|Raichu-Mega-X, L50, F|100/100
|turn|4
|
|t:|1784658064
|move|p2b: Swampert|Protect|p2b: Swampert
|-singleturn|p2b: Swampert|Protect
|move|p2a: Pelipper|Protect|p2a: Pelipper
|-singleturn|p2a: Pelipper|Protect
|move|p1b: Raichu|Fake Out|p2a: Pelipper
|-activate|p2a: Pelipper|move: Protect
|move|p1a: Talonflame|Acrobatics|p2b: Swampert
|-activate|p2b: Swampert|move: Protect
|
|-weather|SunnyDay|[upkeep]
|-sideend|p1: miggylovania|move: Tailwind
|upkeep
|turn|5
|
|t:|1784658079
|switch|p2a: Grimmsnarl|Grimmsnarl, L50, M|77/100
|move|p1b: Raichu|Protect|p1b: Raichu
|-singleturn|p1b: Raichu|Protect
|move|p1a: Talonflame|Acrobatics|p2b: Swampert
|-damage|p2b: Swampert|20/100y
|move|p2b: Swampert|High Horsepower|p1b: Raichu
|-activate|p1b: Raichu|move: Protect
|
|-weather|SunnyDay|[upkeep]
|upkeep
|turn|6
|
|t:|1784658095
|move|p2b: Swampert|Protect|p2b: Swampert
|-singleturn|p2b: Swampert|Protect
|move|p1a: Talonflame|Acrobatics|p2b: Swampert
|-activate|p2b: Swampert|move: Protect
|move|p2a: Grimmsnarl|Parting Shot|p1a: Talonflame
|-unboost|p1a: Talonflame|atk|1
|-unboost|p1a: Talonflame|spa|1
|
|t:|1784658104
|switch|p2a: Maushold|Maushold, L50|100/100|[from] Parting Shot
|move|p1b: Raichu|Rising Voltage|p2a: Maushold
|-hint|Rising Voltage's BP doubled on grounded target.
|-damage|p2a: Maushold|22/100
|
|-weather|SunnyDay|[upkeep]
|-fieldend|move: Electric Terrain
|upkeep
|turn|7
|
|t:|1784658121
|move|p2a: Maushold|Protect|p2a: Maushold
|-singleturn|p2a: Maushold|Protect
|move|p1b: Raichu|Protect|p1b: Raichu
|-singleturn|p1b: Raichu|Protect
|move|p1a: Talonflame|Acrobatics|p2b: Swampert
|-damage|p2b: Swampert|1/100
|move|p2b: Swampert|High Horsepower|p1b: Raichu
|-activate|p1b: Raichu|move: Protect
|
|-weather|none
|upkeep
|turn|8
|
|t:|1784658135
|move|p2a: Maushold|Follow Me|p2a: Maushold
|-singleturn|p2a: Maushold|move: Follow Me
|move|p1a: Talonflame|Acrobatics|p2a: Maushold
|-damage|p2a: Maushold|0 fnt
|faint|p2a: Maushold
|move|p1b: Raichu|Rising Voltage|p2b: Swampert
|-immune|p2b: Swampert
|move|p2b: Swampert|High Horsepower|p1b: Raichu
|-supereffective|p1b: Raichu|1
|-damage|p1b: Raichu|0 fnt
|faint|p1b: Raichu
|
|-sideend|p2: namboyVGC|Reflect
|upkeep
|-message|miggylovania forfeited.
|
|win|namboyVGC
