|j|☆samki9
|j|☆Delacruso
|html|samki9Delacruso    
|uhtml|bestof|Game 1 of a best-of-3
|t:|1756747876
|gametype|doubles
|player|p1|samki9|170|1052
|player|p2|Delacruso|red|1131
|gen|9
|tier|[Gen 9] VGC 2025 Reg H (Bo3)
|rated|
|rule|Species Clause: Limit one of each Pokémon
|rule|Item Clause: Limit 1 of each item
|clearpoke
|poke|p1|Tyranitar, L50, M|
|poke|p1|Garchomp, L50, F|
|poke|p1|Corviknight, L50, M|
|poke|p1|Incineroar, L50, M|
|poke|p1|Gholdengo, L50|
|poke|p1|Vaporeon, L50, M|
|poke|p2|Ninetales, L50, M|
|poke|p2|Charizard, L50, M|
|poke|p2|Jumpluff, L50, F|
|poke|p2|Ursaluna-Bloodmoon, L50, M|
|poke|p2|Incineroar, L50, M|
|poke|p2|Porygon2, L50|
|teampreview|4
|showteam|p1|Tyranitar||AssaultVest|SandStream|RockSlide,KnockOff,IcePunch,TeraBlast|||M|||50|,,,,,Flying]Garchomp||LifeOrb|SandVeil|DragonClaw,Earthquake,StompingTantrum,Protect|||F|||50|,,,,,Steel]Corviknight||SitrusBerry|MirrorArmor|BraveBird,Tailwind,Defog,Protect|||M|||50|,,,,,Dragon]Incineroar||CovertCloak|Intimidate|FakeOut,PartingShot,Taunt,FlareBlitz|||M|||50|,,,,,Bug]Gholdengo||ChoiceSpecs|GoodasGold|MakeItRain,ShadowBall,Trick,Protect||||||50|,,,,,Water]Vaporeon||SafetyGoggles|WaterAbsorb|Scald,IcyWind,Haze,Protect|||M|||50|,,,,,Fairy
|showteam|p2|Ninetales||Charcoal|Drought|BatonPass,CalmMind,WillOWisp,HeatWave|||M|||50|,,,,,Grass]Charizard||ChoiceSpecs|SolarPower|DragonPulse,HeatWave,Overheat,WeatherBall|||M|||50|,,,,,Ghost]Jumpluff||CovertCloak|Chlorophyll|SleepPowder,SunnyDay,Tailwind,RagePowder|||F|||50|,,,,,Water]Ursaluna-Bloodmoon||AssaultVest|MindsEye|EarthPower,BloodMoon,HyperVoice,VacuumWave|||M|||50|,,,,,Normal]Incineroar||SitrusBerry|Intimidate|FakeOut,FlareBlitz,KnockOff,PartingShot|||M|||50|,,,,,Ghost]Porygon2||Eviolite|Download|Thunderbolt,IceBeam,Recover,TrickRoom||||||50|,,,,,Electric
|inactive|Battle timer is ON: inactive players will automatically lose when time's up. (requested by Delacruso)
|inactive|samki9 has 60 seconds left.
|
|t:|1756747943
|teamsize|p1|4
|teamsize|p2|4
|start
|switch|p1a: Gholdengo|Gholdengo, L50|100/100
|switch|p1b: Corviknight|Corviknight, L50, M, shiny|100/100
|switch|p2a: Jumpluff|Jumpluff, L50, F|100/100
|switch|p2b: Ninetales|Ninetales, L50, M|100/100
|-weather|SunnyDay|[from] ability: Drought|[of] p2b: Ninetales
|turn|1
|inactive|samki9 has 30 seconds left.
|inactive|Delacruso has 30 seconds left.
|inactive|Delacruso has 20 seconds left.
|
|t:|1756747980
|switch|p1a: Tyranitar|Tyranitar, L50, M|100/100
|-weather|Sandstorm|[from] ability: Sand Stream|[of] p1a: Tyranitar
|move|p2a: Jumpluff|Sleep Powder|p1b: Corviknight|[miss]
|-miss|p2a: Jumpluff|p1b: Corviknight
|move|p2b: Ninetales|Calm Mind|p2b: Ninetales
|-boost|p2b: Ninetales|spa|1
|-boost|p2b: Ninetales|spd|1
|move|p1b: Corviknight|Brave Bird|p2a: Jumpluff
|-supereffective|p2a: Jumpluff
|-damage|p2a: Jumpluff|8/100
|-damage|p1b: Corviknight|73/100|[from] Recoil
|
|-weather|Sandstorm|[upkeep]
|-damage|p2a: Jumpluff|2/100|[from] Sandstorm
|-damage|p2b: Ninetales|94/100|[from] Sandstorm
|upkeep
|turn|2
|inactive|samki9 has 30 seconds left.
|inactive|Delacruso has 30 seconds left.
|inactive|Delacruso has 20 seconds left.
|inactive|Delacruso has 15 seconds left.
|
|t:|1756748023
|switch|p1a: Gholdengo|Gholdengo, L50|100/100
|move|p1b: Corviknight|Protect|p1b: Corviknight
|-singleturn|p1b: Corviknight|Protect
|move|p2a: Jumpluff|Tailwind|p2a: Jumpluff
|-sidestart|p2: Delacruso|move: Tailwind
|move|p2b: Ninetales|Baton Pass|p2b: Ninetales
|
|t:|1756748031
|switch|p2b: Ursaluna|Ursaluna-Bloodmoon, L50, M|100/100|[from] Baton Pass
|
|-weather|Sandstorm|[upkeep]
|-damage|p2a: Jumpluff|0 fnt|[from] Sandstorm
|faint|p2a: Jumpluff
|upkeep
|
|t:|1756748043
|switch|p2a: Incineroar|Incineroar, L50, M, shiny|100/100
|-ability|p2a: Incineroar|Intimidate|boost
|-unboost|p1a: Gholdengo|atk|1
|-ability|p1b: Corviknight|Mirror Armor
|-unboost|p2a: Incineroar|atk|1
|turn|3
|inactive|samki9 has 30 seconds left.
|inactive|Delacruso has 30 seconds left.
|inactive|Delacruso has 20 seconds left.
|
|t:|1756748081
|switch|p1a: Vaporeon|Vaporeon, L50, M|100/100
|-terastallize|p2b: Ursaluna|Normal
|move|p2b: Ursaluna|Hyper Voice|p1b: Corviknight|[spread] p1a,p1b
|-resisted|p1b: Corviknight
|-damage|p1a: Vaporeon|36/100
|-damage|p1b: Corviknight|35/100
|-enditem|p1b: Corviknight|Sitrus Berry|[eat]
|-heal|p1b: Corviknight|60/100|[from] item: Sitrus Berry
|move|p2a: Incineroar|Parting Shot|p1a: Vaporeon
|-unboost|p1a: Vaporeon|atk|1
|-unboost|p1a: Vaporeon|spa|1
|
|t:|1756748092
|switch|p2a: Ninetales|Ninetales, L50, M|94/100|[from] Parting Shot
|-weather|SunnyDay|[from] ability: Drought|[of] p2a: Ninetales
|move|p1b: Corviknight|Tailwind|p1b: Corviknight
|-sidestart|p1: samki9|move: Tailwind
|
|-weather|SunnyDay|[upkeep]
|upkeep
|turn|4
|
|t:|1756748113
|switch|p1b: Tyranitar|Tyranitar, L50, M|100/100
|-weather|Sandstorm|[from] ability: Sand Stream|[of] p1b: Tyranitar
|move|p2a: Ninetales|Heat Wave|p1b: Tyranitar|[spread] p1a,p1b
|-resisted|p1a: Vaporeon
|-resisted|p1b: Tyranitar
|-damage|p1a: Vaporeon|27/100
|-damage|p1b: Tyranitar|96/100
|-status|p1a: Vaporeon|brn
|move|p2b: Ursaluna|Hyper Voice|p1b: Tyranitar|[spread] p1a,p1b
|-resisted|p1b: Tyranitar
|-damage|p1a: Vaporeon|0 fnt
|-damage|p1b: Tyranitar|79/100
|faint|p1a: Vaporeon
|
|-weather|Sandstorm|[upkeep]
|-damage|p2a: Ninetales|88/100|[from] Sandstorm
|-damage|p2b: Ursaluna|95/100|[from] Sandstorm
|upkeep
|
|t:|1756748135
|switch|p1a: Gholdengo|Gholdengo, L50|100/100
|turn|5
|inactive|Delacruso has 30 seconds left.
|inactive|Delacruso has 20 seconds left.
|
|t:|1756748171
|switch|p2a: Incineroar|Incineroar, L50, M, shiny|100/100
|-ability|p2a: Incineroar|Intimidate|boost
|-unboost|p1a: Gholdengo|atk|1
|-unboost|p1b: Tyranitar|atk|1
|move|p1a: Gholdengo|Make It Rain|p2b: Ursaluna|[spread] p2a,p2b
|-resisted|p2a: Incineroar
|-damage|p2a: Incineroar|63/100
|-damage|p2b: Ursaluna|49/100
|-unboost|p1a: Gholdengo|spa|1
|move|p2b: Ursaluna|Blood Moon|p1b: Tyranitar
|-resisted|p1b: Tyranitar
|-damage|p1b: Tyranitar|48/100
|move|p1b: Tyranitar|Knock Off|p2b: Ursaluna
|-damage|p2b: Ursaluna|20/100
|-enditem|p2b: Ursaluna|Assault Vest|[from] move: Knock Off|[of] p1b: Tyranitar
|
|-weather|Sandstorm|[upkeep]
|-damage|p2b: Ursaluna|14/100|[from] Sandstorm
|-damage|p2a: Incineroar|57/100|[from] Sandstorm
|-sideend|p2: Delacruso|move: Tailwind
|upkeep
|turn|6
|inactive|Delacruso has 30 seconds left.
|inactive|samki9 has 30 seconds left.
|inactive|Delacruso has 20 seconds left.
|
|t:|1756748208
|switch|p2b: Ninetales|Ninetales, L50, M|88/100
|-weather|SunnyDay|[from] ability: Drought|[of] p2b: Ninetales
|move|p1a: Gholdengo|Make It Rain|p2b: Ninetales|[spread] p2a,p2b
|-resisted|p2a: Incineroar
|-resisted|p2b: Ninetales
|-damage|p2a: Incineroar|33/100
|-damage|p2b: Ninetales|62/100
|-unboost|p1a: Gholdengo|spa|1
|-enditem|p2a: Incineroar|Sitrus Berry|[eat]
|-heal|p2a: Incineroar|57/100|[from] item: Sitrus Berry
|move|p1b: Tyranitar|Rock Slide|p2a: Incineroar|[spread] 
|-miss|p1b: Tyranitar|p2a: Incineroar
|-miss|p1b: Tyranitar|p2b: Ninetales
|move|p2a: Incineroar|Flare Blitz|p1a: Gholdengo
|-supereffective|p1a: Gholdengo
|-damage|p1a: Gholdengo|0 fnt
|faint|p1a: Gholdengo
|-damage|p2a: Incineroar|29/100|[from] Recoil
|
|-weather|SunnyDay|[upkeep]
|-sideend|p1: samki9|move: Tailwind
|upkeep
|
|t:|1756748226
|switch|p1a: Corviknight|Corviknight, L50, M, shiny|60/100
|turn|7
|
|t:|1756748245
|-terastallize|p1a: Corviknight|Dragon
|move|p2b: Ninetales|Heat Wave|p1a: Corviknight|[spread] p1a,p1b
|-resisted|p1a: Corviknight
|-resisted|p1b: Tyranitar
|-damage|p1a: Corviknight|44/100
|-damage|p1b: Tyranitar|37/100
|-status|p1b: Tyranitar|brn
|move|p1a: Corviknight|Tailwind|p1a: Corviknight
|-sidestart|p1: samki9|move: Tailwind
|move|p1b: Tyranitar|Rock Slide|p2b: Ninetales|[spread] p2a,p2b
|-supereffective|p2a: Incineroar
|-supereffective|p2b: Ninetales
|-damage|p2a: Incineroar|11/100
|-damage|p2b: Ninetales|45/100
|move|p2a: Incineroar|Parting Shot|p1b: Tyranitar
|-unboost|p1b: Tyranitar|atk|1
|-unboost|p1b: Tyranitar|spa|1
|
|t:|1756748259
|switch|p2a: Ursaluna|Ursaluna-Bloodmoon, L50, M, tera:Normal|14/100|[from] Parting Shot
|
|-weather|SunnyDay|[upkeep]
|-damage|p1b: Tyranitar|31/100 brn|[from] brn
|upkeep
|turn|8
|
|t:|1756748269
|move|p2a: Ursaluna|Vacuum Wave|p1b: Tyranitar
|-supereffective|p1b: Tyranitar
|-damage|p1b: Tyranitar|0 fnt
|faint|p1b: Tyranitar
|move|p1a: Corviknight|Brave Bird|p2a: Ursaluna
|-damage|p2a: Ursaluna|0 fnt
|faint|p2a: Ursaluna
|-damage|p1a: Corviknight|40/100|[from] Recoil
|move|p2b: Ninetales|Heat Wave|p1a: Corviknight|[miss]
|-miss|p2b: Ninetales|p1a: Corviknight
|
|-weather|SunnyDay|[upkeep]
|upkeep
|
|t:|1756748280
|switch|p2a: Incineroar|Incineroar, L50, M, shiny|11/100
|-ability|p2a: Incineroar|Intimidate|boost
|-ability|p1a: Corviknight|Mirror Armor
|-unboost|p2a: Incineroar|atk|1
|turn|9
|
|t:|1756748300
|move|p1a: Corviknight|Protect|p1a: Corviknight
|-singleturn|p1a: Corviknight|Protect
|move|p2a: Incineroar|Fake Out|p1a: Corviknight
|-activate|p1a: Corviknight|move: Protect
|move|p2b: Ninetales|Calm Mind|p2b: Ninetales
|-boost|p2b: Ninetales|spa|1
|-boost|p2b: Ninetales|spd|1
|
|-weather|SunnyDay|[upkeep]
|upkeep
|turn|10
|
|t:|1756748320
|move|p1a: Corviknight|Brave Bird|p2b: Ninetales
|-damage|p2b: Ninetales|12/100
|-damage|p1a: Corviknight|30/100|[from] Recoil
|move|p2b: Ninetales|Heat Wave|p1a: Corviknight
|-resisted|p1a: Corviknight
|-damage|p1a: Corviknight|0 fnt
|faint|p1a: Corviknight
|
|win|Delacruso
|inactive|samki9 has 30 seconds to confirm battle start!
|inactive|Delacruso has 30 seconds to confirm battle start!
||Delacruso is ready for game 2.
||samki9 is ready for game 2.
|uhtml|next|Next: Game 2 of 3
