|j|â˜†BernieBrando
|j|â˜†tonsofpax
|html|BernieBrandotonsofpax    
|uhtml|bestof|Game 1 of a best-of-3
|t:|1756748572
|gametype|doubles
|player|p1|BernieBrando|adaman|
|player|p2|tonsofpax|bellelba|
|gen|9
|tier|[Gen 9] VGC 2025 Reg H (Bo3)
|rule|Species Clause: Limit one of each PokÃ©mon
|rule|Item Clause: Limit 1 of each item
|clearpoke
|poke|p1|Indeedee-F, L50, F|
|poke|p1|Espathra, L50, M|
|poke|p1|Amoonguss, L50, M|
|poke|p1|Torracat, L50, F|
|poke|p1|Bastiodon, L50, F|
|poke|p1|Malamar, L50, F|
|poke|p2|Indeedee-F, L50, F|
|poke|p2|Oricorio-Sensu, L50, M|
|poke|p2|Tauros-Paldea-Blaze, L50, M|
|poke|p2|Gastrodon-East, L50, F|
|poke|p2|Ribombee, L50, M|
|poke|p2|Raichu, L50, F|
|teampreview|4
|showteam|p1|Indeedee-F||PsychicSeed|PsychicSurge|FollowMe,TrickRoom,HelpingHand,Psychic|||F|||50|,,,,,Grass]Espathra||FocusSash|SpeedBoost|Protect,LuminaCrash,ExpandingForce,DazzlingGleam|||M|||50|,,,,,Psychic]Amoonguss||RockyHelmet|Regenerator|RagePowder,Spore,PollenPuff,SludgeBomb|||M|||50|,,,,,Water]Torracat||Eviolite|Intimidate|FakeOut,PartingShot,HeatWave,Taunt|||F|||50|,,,,,Grass]Bastiodon||Leftovers|Soundproof|BodyPress,IronDefense,RockSlide,Taunt|||F|||50|,,,,,Fighting]Malamar||CovertCloak|Contrary|Superpower,KnockOff,TrickRoom,TopsyTurvy|||F|||50|,,,,,Steel
|showteam|p2|Indeedee-F||RockyHelmet|PsychicSurge|FollowMe,TrickRoom,DazzlingGleam,HelpingHand|||F|||50|,,,,,Grass]Oricorio-Sensu||LifeOrb|Dancer|RevelationDance,AirSlash,QuiverDance,Protect|||M|||50|,,,,,Grass]Tauros-Paldea-Blaze||SafetyGoggles|Intimidate|FlareBlitz,CloseCombat,Protect,RagingBull|||M|||50|,,,,,Fire]Gastrodon-East||SitrusBerry|StormDrain|ClearSmog,EarthPower,Yawn,Protect|||F|||50|,,,,,Ghost]Ribombee||FocusSash|ShieldDust|Tailwind,QuiverDance,PollenPuff,Moonblast|||M|||50|,,,,,Fairy]Raichu||AssaultVest|LightningRod|FakeOut,Nuzzle,KnockOff,VoltSwitch|||F|||50|,,,,,Ghost
|c|â˜†tonsofpax|Glhf
|c|â˜†BernieBrando|u2
|inactive|Battle timer is ON: inactive players will automatically lose when time's up. (requested by tonsofpax)
|inactive|BernieBrando has 60 seconds left.
|inactive|tonsofpax has 60 seconds left.
|
|t:|1756748640
|teamsize|p1|4
|teamsize|p2|4
|start
|switch|p1a: Lady Gaga|Espathra, L50, M|100/100
|switch|p1b: Incinerunt|Torracat, L50, F|100/100
|switch|p2a: Truthos|Tauros-Paldea-Blaze, L50, M|100/100
|switch|p2b: Ribombagree|Ribombee, L50, M, shiny|100/100
|-ability|p2a: Truthos|Intimidate|boost
|-unboost|p1a: Lady Gaga|atk|1
|-unboost|p1b: Incinerunt|atk|1
|-ability|p1b: Incinerunt|Intimidate|boost
|-unboost|p2a: Truthos|atk|1
|-unboost|p2b: Ribombagree|atk|1
|turn|1
|inactive|BernieBrando has 30 seconds left.
|inactive|tonsofpax has 30 seconds left.
|inactive|BernieBrando has 20 seconds left.
|inactive|BernieBrando has 15 seconds left.
|
|t:|1756748682
|move|p2a: Truthos|Protect|p2a: Truthos
|-singleturn|p2a: Truthos|Protect
|move|p1a: Lady Gaga|Protect|p1a: Lady Gaga
|-singleturn|p1a: Lady Gaga|Protect
|move|p1b: Incinerunt|Fake Out|p2b: Ribombagree
|-damage|p2b: Ribombagree|93/100
|move|p2b: Ribombagree|Tailwind|p2b: Ribombagree
|-sidestart|p2: tonsofpax|move: Tailwind
|
|-ability|p1a: Lady Gaga|Speed Boost|boost
|-boost|p1a: Lady Gaga|spe|1
|upkeep
|turn|2
|inactive|BernieBrando has 30 seconds left.
|c|â˜†BernieBrando|is that what shield dust does
|inactive|BernieBrando has 20 seconds left.
|c|â˜†tonsofpax|Basically covert cloak
|inactive|BernieBrando has 15 seconds left.
|inactive|BernieBrando has 10 seconds left.
|
|t:|1756748728
|switch|p1b: Min Min|Indeedee-F, L50, F|100/100
|-fieldstart|move: Psychic Terrain|[from] ability: Psychic Surge|[of] p1b: Min Min
|-enditem|p1b: Min Min|Psychic Seed
|-boost|p1b: Min Min|spd|1|[from] item: Psychic Seed
|move|p2b: Ribombagree|Pollen Puff|p1a: Lady Gaga
|-supereffective|p1a: Lady Gaga
|-enditem|p1a: Lady Gaga|Focus Sash
|-damage|p1a: Lady Gaga|1/100
|move|p2a: Truthos|Raging Bull|p1a: Lady Gaga
|-damage|p1a: Lady Gaga|0 fnt
|faint|p1a: Lady Gaga
|
|upkeep
|c|â˜†BernieBrando|bad time to find that out lmao
|inactive|BernieBrando has 30 seconds left.
|
|t:|1756748757
|switch|p1a: Miramichi|Amoonguss, L50, M|100/100
|turn|3
|c|â˜†tonsofpax|Just a touch bad lol
|inactive|BernieBrando has 30 seconds left.
|inactive|tonsofpax has 30 seconds left.
|inactive|BernieBrando has 20 seconds left.
|inactive|tonsofpax has 20 seconds left.
|inactive|BernieBrando has 15 seconds left.
|inactive|tonsofpax has 15 seconds left.
|inactive|BernieBrando has 10 seconds left.
|inactive|tonsofpax has 10 seconds left.
|
|t:|1756748802
|-terastallize|p1a: Miramichi|Water
|move|p2b: Ribombagree|Pollen Puff|p1b: Min Min
|-supereffective|p1b: Min Min
|-damage|p1b: Min Min|49/100
|move|p2a: Truthos|Flare Blitz|p1b: Min Min
|-damage|p1b: Min Min|11/100
|-damage|p2a: Truthos|86/100|[from] Recoil
|move|p1a: Miramichi|Sludge Bomb|p2a: Truthos
|-damage|p2a: Truthos|41/100
|move|p1b: Min Min|Trick Room|p1b: Min Min
|-fieldstart|move: Trick Room|[of] p1b: Min Min
|
|upkeep
|turn|4
|inactive|tonsofpax has 30 seconds left.
|inactive|tonsofpax has 20 seconds left.
|inactive|tonsofpax has 15 seconds left.
|inactive|tonsofpax has 10 seconds left.
|inactive|tonsofpax has 5 seconds left.
|
|t:|1756748854
|move|p1a: Miramichi|Spore|p2b: Ribombagree
|-status|p2b: Ribombagree|slp|[from] move: Spore
|move|p1b: Min Min|Psychic|p2a: Truthos
|-supereffective|p2a: Truthos
|-damage|p2a: Truthos|0 fnt
|faint|p2a: Truthos
|cant|p2b: Ribombagree|slp
|
|-sideend|p2: tonsofpax|move: Tailwind
|upkeep
|
|t:|1756748861
|switch|p2a: Oriconsensus|Oricorio-Sensu, L50, M|100/100
|turn|5
|inactive|BernieBrando has 30 seconds left.
|inactive|BernieBrando has 20 seconds left.
|inactive|BernieBrando has 15 seconds left.
|
|t:|1756748903
|move|p2a: Oriconsensus|Protect|p2a: Oriconsensus
|-singleturn|p2a: Oriconsensus|Protect
|move|p1a: Miramichi|Pollen Puff|p1b: Min Min
|-heal|p1b: Min Min|60/100
|move|p1b: Min Min|Psychic|p2a: Oriconsensus
|-activate|p2a: Oriconsensus|move: Protect
|cant|p2b: Ribombagree|slp
|
|upkeep
|turn|6
|inactive|BernieBrando has 30 seconds left.
|inactive|tonsofpax has 30 seconds left.
|
|t:|1756748937
|-terastallize|p2a: Oriconsensus|Grass
|move|p1b: Min Min|Follow Me|p1b: Min Min
|-singleturn|p1b: Min Min|move: Follow Me
|move|p1a: Miramichi|Sludge Bomb|p2a: Oriconsensus
|-supereffective|p2a: Oriconsensus
|-damage|p2a: Oriconsensus|19/100
|-status|p2a: Oriconsensus|psn
|move|p2a: Oriconsensus|Revelation Dance|p1b: Min Min
|-damage|p1b: Min Min|26/100
|-damage|p2a: Oriconsensus|9/100 psn|[from] item: Life Orb
|cant|p2b: Ribombagree|slp
|
|-damage|p2a: Oriconsensus|0 fnt|[from] psn
|faint|p2a: Oriconsensus
|-fieldend|move: Psychic Terrain
|upkeep
|
|t:|1756748952
|switch|p2a: Gastruedon|Gastrodon-East, L50, F|100/100
|turn|7
|inactive|BernieBrando has 30 seconds left.
|inactive|BernieBrando has 20 seconds left.
|
|t:|1756748991
|move|p1b: Min Min|Helping Hand|p1a: Miramichi
|-singleturn|p1a: Miramichi|Helping Hand|[of] p1b: Min Min
|move|p2a: Gastruedon|Protect|p2a: Gastruedon
|-singleturn|p2a: Gastruedon|Protect
|move|p1a: Miramichi|Sludge Bomb|p2b: Ribombagree
|-supereffective|p2b: Ribombagree
|-damage|p2b: Ribombagree|0 fnt
|faint|p2b: Ribombagree
|
|-fieldend|move: Trick Room
|upkeep
|turn|8
|
|t:|1756749007
|move|p1b: Min Min|Psychic|p2a: Gastruedon
|-damage|p2a: Gastruedon|75/100
|move|p1a: Miramichi|Spore|p2a: Gastruedon
|-status|p2a: Gastruedon|slp|[from] move: Spore
|cant|p2a: Gastruedon|slp
|
|upkeep
|turn|9
|
|t:|1756749022
|-curestatus|p2a: Gastruedon|slp|[msg]
|move|p2a: Gastruedon|Protect|p2a: Gastruedon
|-singleturn|p2a: Gastruedon|Protect
|move|p1b: Min Min|Psychic|p2a: Gastruedon
|-activate|p2a: Gastruedon|move: Protect
|move|p1a: Miramichi|Pollen Puff|p2a: Gastruedon
|-activate|p2a: Gastruedon|move: Protect
|
|upkeep
|turn|10
|
|t:|1756749037
|move|p1b: Min Min|Psychic|p2a: Gastruedon
|-damage|p2a: Gastruedon|48/100
|-enditem|p2a: Gastruedon|Sitrus Berry|[eat]
|-heal|p2a: Gastruedon|73/100|[from] item: Sitrus Berry
|move|p1a: Miramichi|Spore|p2a: Gastruedon
|-status|p2a: Gastruedon|slp|[from] move: Spore
|cant|p2a: Gastruedon|slp
|
|upkeep
|turn|11
|c|â˜†tonsofpax|Ofc that couldn't happen earlier lol
|
|t:|1756749048
|move|p1b: Min Min|Psychic|p2a: Gastruedon
|-damage|p2a: Gastruedon|46/100 slp
|move|p1a: Miramichi|Pollen Puff|p1b: Min Min
|-heal|p1b: Min Min|76/100
|-curestatus|p2a: Gastruedon|slp|[msg]
|move|p2a: Gastruedon|Earth Power|p1b: Min Min
|-damage|p1b: Min Min|51/100
|
|upkeep
|turn|12
|
|t:|1756749060
|move|p1b: Min Min|Psychic|p2a: Gastruedon
|-damage|p2a: Gastruedon|19/100
|move|p1a: Miramichi|Spore|p2a: Gastruedon
|-status|p2a: Gastruedon|slp|[from] move: Spore
|cant|p2a: Gastruedon|slp
|
|upkeep
|turn|13
|
|t:|1756749070
|move|p1b: Min Min|Psychic|p2a: Gastruedon
|-damage|p2a: Gastruedon|0 fnt
|faint|p2a: Gastruedon
|
|win|BernieBrando
||tonsofpax is ready for game 2.
||BernieBrando is ready for game 2.
|uhtml|next|Next: Game 2 of 3
