|j|☆romanicus
|j|☆Cogao vascaino
|html|romanicusCogao vascaino    
|uhtml|bestof|Game 3 of a best-of-3
|t:|1755354873
|gametype|doubles
|player|p1|romanicus|1|1237
|player|p2|Cogao vascaino|bugcatcher-gen4dp|1310
|gen|9
|tier|[Gen 9] VGC 2025 Reg H (Bo3)
|rated|
|rule|Species Clause: Limit one of each Pokémon
|rule|Item Clause: Limit 1 of each item
|clearpoke
|poke|p1|Archaludon, L50, F|
|poke|p1|Pelipper, L50, F|
|poke|p1|Rillaboom, L50, F|
|poke|p1|Araquanid, L50, M|
|poke|p1|Basculegion, L50, M|
|poke|p1|Amoonguss, L50, F|
|poke|p2|Charizard, L50, M|
|poke|p2|Torkoal, L50, F|
|poke|p2|Porygon2, L50|
|poke|p2|Incineroar, L50, M|
|poke|p2|Jumpluff, L50, F|
|poke|p2|Ursaluna, L50, F|
|teampreview|4
|showteam|p1|Archaludon||AssaultVest|Stamina|ElectroShot,DragonPulse,Snarl,BodyPress|||F|||50|,,,,,Grass]Pelipper||FocusSash|Drizzle|Hurricane,WeatherBall,Tailwind,Protect|||F|||50|,,,,,Ghost]Rillaboom||LoadedDice|GrassySurge|BulletSeed,GrassyGlide,FakeOut,HighHorsepower|||F|||50|,,,,,Poison]Araquanid||SafetyGoggles|WaterBubble|Liquidation,LeechLife,WideGuard,Protect|||M|||50|,,,,,Water]Basculegion||ChoiceBand|SwiftSwim|WaveCrash,LastRespects,AquaJet,FlipTurn|||M|||50|,,,,,Grass]Amoonguss||SitrusBerry|Regenerator|ClearSmog,PollenPuff,Spore,RagePowder|||F|||50|,,,,,Steel
|showteam|p2|Charizard||ChoiceSpecs|SolarPower|HeatWave,Overheat,WeatherBall,AirSlash|||M|||50|,,,,,Ghost]Torkoal||EjectPack|Drought|Eruption,Overheat,HelpingHand,Protect|||F|||50|,,,,,Fire]Porygon2||Eviolite|Download|IceBeam,TeraBlast,TrickRoom,Recover||||||50|,,,,,Fighting]Incineroar||SitrusBerry|Intimidate|FlareBlitz,KnockOff,FakeOut,PartingShot|||M|||50|,,,,,Ghost]Jumpluff||CovertCloak|Chlorophyll|SleepPowder,SunnyDay,RagePowder,Tailwind|||F|||50|,,,,,Water]Ursaluna||FlameOrb|Guts|HeadlongRush,Facade,Earthquake,Protect|||F|||50|,,,,,Ghost
|
|t:|1755354919
|teamsize|p1|4
|teamsize|p2|4
|start
|switch|p1a: Archaludon|Archaludon, L50, F|100/100
|switch|p1b: Araquanid|Araquanid, L50, M|100/100
|switch|p2a: Jumpluff|Jumpluff, L50, F|100/100
|switch|p2b: Charizard|Charizard, L50, M|100/100
|turn|1
|inactive|Battle timer is ON: inactive players will automatically lose when time's up. (requested by romanicus)
|
|t:|1755354943
|switch|p1a: Pelipper|Pelipper, L50, F|100/100
|-weather|RainDance|[from] ability: Drizzle|[of] p1a: Pelipper
|-terastallize|p2b: Charizard|Ghost
|-terastallize|p1b: Araquanid|Water
|move|p2a: Jumpluff|Sunny Day|p2a: Jumpluff
|-weather|SunnyDay
|move|p2b: Charizard|Air Slash|p1b: Araquanid
|-damage|p1b: Araquanid|42/100
|move|p1b: Araquanid|Liquidation|p2a: Jumpluff
|-resisted|p2a: Jumpluff
|-damage|p2a: Jumpluff|74/100
|
|-weather|SunnyDay|[upkeep]
|-damage|p2b: Charizard|88/100|[from] ability: Solar Power|[of] p2b: Charizard
|upkeep
|turn|2
|inactive|romanicus has 30 seconds left.
|inactive|romanicus has 20 seconds left.
|inactive|romanicus has 15 seconds left.
|
|t:|1755354986
|switch|p1b: Archaludon|Archaludon, L50, F|100/100
|move|p2a: Jumpluff|Sleep Powder|p1a: Pelipper
|-status|p1a: Pelipper|slp|[from] move: Sleep Powder
|move|p2b: Charizard|Air Slash|p1a: Pelipper
|-enditem|p1a: Pelipper|Focus Sash
|-damage|p1a: Pelipper|1/100 slp
|cant|p1a: Pelipper|slp
|
|-weather|SunnyDay|[upkeep]
|-damage|p2b: Charizard|76/100|[from] ability: Solar Power|[of] p2b: Charizard
|upkeep
|turn|3
|inactive|romanicus has 30 seconds left.
|inactive|Cogao vascaino has 30 seconds left.
|inactive|romanicus has 20 seconds left.
|inactive|Cogao vascaino has 20 seconds left.
|
|t:|1755355026
|switch|p1a: Araquanid|Araquanid, L50, M, tera:Water|42/100
|move|p2a: Jumpluff|Sleep Powder|p1b: Archaludon
|-status|p1b: Archaludon|slp|[from] move: Sleep Powder
|move|p2b: Charizard|Air Slash|p1a: Araquanid
|-damage|p1a: Araquanid|0 fnt
|faint|p1a: Araquanid
|cant|p1b: Archaludon|slp
|
|-weather|SunnyDay|[upkeep]
|-damage|p2b: Charizard|63/100|[from] ability: Solar Power|[of] p2b: Charizard
|upkeep
|
|t:|1755355037
|switch|p1a: Pelipper|Pelipper, L50, F|1/100 slp
|-weather|RainDance|[from] ability: Drizzle|[of] p1a: Pelipper
|turn|4
|inactive|romanicus has 30 seconds left.
|inactive|romanicus has 20 seconds left.
|
|t:|1755355076
|move|p2a: Jumpluff|Sunny Day|p2a: Jumpluff
|-weather|SunnyDay
|move|p2b: Charizard|Air Slash|p1a: Pelipper
|-damage|p1a: Pelipper|0 fnt
|faint|p1a: Pelipper
|cant|p1b: Archaludon|slp
|
|-weather|SunnyDay|[upkeep]
|-damage|p2b: Charizard|51/100|[from] ability: Solar Power|[of] p2b: Charizard
|upkeep
|
|t:|1755355084
|switch|p1a: Basculegion|Basculegion, L50, M|100/100
|turn|5
|
|t:|1755355093
|move|p2a: Jumpluff|Rage Powder|p2a: Jumpluff
|-singleturn|p2a: Jumpluff|move: Rage Powder
|move|p2b: Charizard|Air Slash|p1a: Basculegion
|-damage|p1a: Basculegion|27/100
|move|p1a: Basculegion|Last Respects|p2a: Jumpluff
|-damage|p2a: Jumpluff|0 fnt
|faint|p2a: Jumpluff
|-curestatus|p1b: Archaludon|slp|[msg]
|move|p1b: Archaludon|Snarl|p2b: Charizard
|-supereffective|p2b: Charizard
|-damage|p2b: Charizard|0 fnt
|faint|p2b: Charizard
|
|-weather|SunnyDay|[upkeep]
|upkeep
|
|t:|1755355103
|switch|p2a: Ursaluna|Ursaluna, L50, F|100/100
|switch|p2b: Porygon2|Porygon2, L50|100/100
|-ability|p2b: Porygon2|Download|boost
|-boost|p2b: Porygon2|spa|1
|turn|6
|inactive|romanicus has 30 seconds left.
|inactive|romanicus has 20 seconds left.
|inactive|romanicus has 15 seconds left.
|
|t:|1755355148
|move|p2a: Ursaluna|Protect|p2a: Ursaluna
|-singleturn|p2a: Ursaluna|Protect
|move|p1a: Basculegion|Last Respects|p1b: Archaludon
|-damage|p1b: Archaludon|25/100
|-ability|p1b: Archaludon|Stamina|boost
|-boost|p1b: Archaludon|def|1
|move|p1b: Archaludon|Body Press|p2b: Porygon2
|-supereffective|p2b: Porygon2
|-damage|p2b: Porygon2|55/100
|move|p2b: Porygon2|Trick Room|p2b: Porygon2
|-fieldstart|move: Trick Room|[of] p2b: Porygon2
|
|-weather|SunnyDay|[upkeep]
|-status|p2a: Ursaluna|brn|[from] item: Flame Orb
|upkeep
|turn|7
|-message|romanicus forfeited.
|
|win|Cogao vascaino
|raw|romanicus's rating: 1237 → 1217(-20 for losing)
|raw|Cogao vascaino's rating: 1310 → 1326(+16 for winning)
|l|☆romanicus
|player|p1|
|c|☆Cogao vascaino|Nice play
