|j|☆viatles
|j|☆Dorito99
|html|viatlesDorito99    
|uhtml|bestof|Game 2 of a best-of-3
|t:|1757018474
|gametype|doubles
|player|p1|viatles|hiker|1052
|player|p2|Dorito99|riley|1107
|gen|9
|tier|[Gen 9] VGC 2025 Reg H (Bo3)
|rated|
|rule|Species Clause: Limit one of each Pokémon
|rule|Item Clause: Limit 1 of each item
|clearpoke
|poke|p1|Serperior, L50, F|
|poke|p1|Grimmsnarl, L50, M|
|poke|p1|Empoleon, L50, F|
|poke|p1|Garchomp, L50, M|
|poke|p1|Araquanid, L50, F|
|poke|p1|Garganacl, L50, M|
|poke|p2|Kingambit, L50, F|
|poke|p2|Clawitzer, L50, M|
|poke|p2|Farigiraf, L50, M|
|poke|p2|Talonflame, L50, F|
|poke|p2|Kommo-o, L50, M|
|poke|p2|Amoonguss, L50, F|
|teampreview|4
|showteam|p1|Serperior||CovertCloak|Contrary|Protect,LeafStorm,TeraBlast,GrassPledge|||F|||50|,,,,,Stellar]Grimmsnarl||LightClay|Prankster|LightScreen,Reflect,SpiritBreak,ThunderWave|||M|||50|,,,,,Ghost]Empoleon||ChopleBerry|Competitive|WaterPledge,FlashCannon,Haze,Protect|||F|||50|,,,,,Grass]Garchomp||LoadedDice|RoughSkin|ScaleShot,Earthquake,IronHead,Protect|||M|||50|,,,,,Steel]Araquanid||SafetyGoggles|WaterBubble|WideGuard,Protect,Liquidation,Infestation|||F|||50|,,,,,Grass]Garganacl||Leftovers|PurifyingSalt|SaltCure,Recover,Protect,ThunderPunch|||M|||50|,,,,,Water
|showteam|p2|Kingambit||BlackGlasses|Defiant|SuckerPunch,KowtowCleave,IronHead,Protect|||F|||50|,,,,,Flying]Clawitzer||LifeOrb|MegaLauncher|AuraSphere,DarkPulse,WaterPulse,Protect|||M|||50|,,,,,Dark]Farigiraf||NormalGem|ArmorTail|TrickRoom,HyperVoice,Protect,AllySwitch|||M|||50|,,,,,Grass]Talonflame||CovertCloak|GaleWings|Tailwind,BraveBird,Protect,FlareBlitz|||F|||50|,,,,,Flying]Kommo-o||ThroatSpray|Overcoat|ClangorousSoul,ClangingScales,VacuumWave,FlashCannon|||M|||50|,,,,,Steel]Amoonguss||RockyHelmet|Regenerator|PollenPuff,Spore,RagePowder,Protect|||F|||50|,,,,,Water
|inactive|Battle timer is ON: inactive players will automatically lose when time's up. (requested by viatles)
|
|t:|1757018485
|teamsize|p1|4
|teamsize|p2|4
|start
|switch|p1a: Grimmsnarl|Grimmsnarl, L50, M|100/100
|switch|p1b: Garganacl|Garganacl, L50, M|100/100
|switch|p2a: Amoonguss|Amoonguss, L50, F, shiny|100/100
|switch|p2b: Kommo-o|Kommo-o, L50, M, shiny|100/100
|turn|1
|
|t:|1757018506
|move|p1a: Grimmsnarl|Light Screen|p1a: Grimmsnarl
|-sidestart|p1: viatles|move: Light Screen
|move|p2b: Kommo-o|Flash Cannon|p1a: Grimmsnarl
|-supereffective|p1a: Grimmsnarl
|-damage|p1a: Grimmsnarl|63/100
|move|p1b: Garganacl|Salt Cure|p2b: Kommo-o
|-resisted|p2b: Kommo-o
|-damage|p2b: Kommo-o|94/100
|-start|p2b: Kommo-o|Salt Cure
|move|p2a: Amoonguss|Spore|p1a: Grimmsnarl
|-status|p1a: Grimmsnarl|slp|[from] move: Spore
|
|-damage|p2b: Kommo-o|82/100|[from] Salt Cure
|upkeep
|turn|2
|
|t:|1757018524
|switch|p2b: Red Lobsta hotbox|Clawitzer, L50, M, shiny|100/100
|cant|p1a: Grimmsnarl|slp
|move|p1b: Garganacl|Salt Cure|p2a: Amoonguss
|-damage|p2a: Amoonguss|88/100
|-start|p2a: Amoonguss|Salt Cure
|move|p2a: Amoonguss|Spore|p1b: Garganacl
|-immune|p1b: Garganacl|[from] ability: Purifying Salt
|
|-damage|p2a: Amoonguss|75/100|[from] Salt Cure
|upkeep
|turn|3
|
|t:|1757018546
|-terastallize|p1b: Garganacl|Water
|move|p2a: Amoonguss|Rage Powder|p2a: Amoonguss
|-singleturn|p2a: Amoonguss|move: Rage Powder
|-curestatus|p1a: Grimmsnarl|slp|[msg]
|move|p1a: Grimmsnarl|Thunder Wave|p2a: Amoonguss
|-status|p2a: Amoonguss|par
|move|p2b: Red Lobsta hotbox|Water Pulse|p1a: Grimmsnarl
|-damage|p1a: Grimmsnarl|18/100
|-damage|p2b: Red Lobsta hotbox|91/100|[from] item: Life Orb
|move|p1b: Garganacl|Salt Cure|p2a: Amoonguss
|-damage|p2a: Amoonguss|64/100 par
|
|-damage|p2a: Amoonguss|51/100 par|[from] Salt Cure
|upkeep
|turn|4
|
|t:|1757018567
|move|p2b: Red Lobsta hotbox|Protect|p2b: Red Lobsta hotbox
|-singleturn|p2b: Red Lobsta hotbox|Protect
|move|p1a: Grimmsnarl|Spirit Break|p2b: Red Lobsta hotbox
|-activate|p2b: Red Lobsta hotbox|move: Protect
|move|p1b: Garganacl|Thunder Punch|p2b: Red Lobsta hotbox
|-activate|p2b: Red Lobsta hotbox|move: Protect
|cant|p2a: Amoonguss|par
|
|-damage|p2a: Amoonguss|39/100 par|[from] Salt Cure
|upkeep
|turn|5
|inactive|Dorito99 has 30 seconds left.
|
|t:|1757018594
|-terastallize|p2b: Red Lobsta hotbox|Dark
|move|p2a: Amoonguss|Rage Powder|p2a: Amoonguss
|-singleturn|p2a: Amoonguss|move: Rage Powder
|move|p1a: Grimmsnarl|Thunder Wave|p2a: Amoonguss
|-fail|p2a: Amoonguss|par
|move|p2b: Red Lobsta hotbox|Water Pulse|p1a: Grimmsnarl
|-damage|p1a: Grimmsnarl|0 fnt
|faint|p1a: Grimmsnarl
|-damage|p2b: Red Lobsta hotbox|81/100|[from] item: Life Orb
|move|p1b: Garganacl|Salt Cure|p2a: Amoonguss
|-damage|p2a: Amoonguss|28/100 par
|
|-damage|p2a: Amoonguss|15/100 par|[from] Salt Cure
|upkeep
|
|t:|1757018609
|switch|p1a: Serperior|Serperior, L50, F|100/100
|turn|6
|
|t:|1757018628
|move|p1b: Garganacl|Protect|p1b: Garganacl
|-singleturn|p1b: Garganacl|Protect
|move|p2a: Amoonguss|Rage Powder|p2a: Amoonguss
|-singleturn|p2a: Amoonguss|move: Rage Powder
|move|p1a: Serperior|Leaf Storm|p2a: Amoonguss
|-resisted|p2a: Amoonguss
|-damage|p2a: Amoonguss|5/100 par
|-boost|p1a: Serperior|spa|2
|move|p2b: Red Lobsta hotbox|Dark Pulse|p1a: Serperior
|-damage|p1a: Serperior|34/100
|-damage|p2b: Red Lobsta hotbox|72/100|[from] item: Life Orb
|
|-damage|p2a: Amoonguss|0 fnt|[from] Salt Cure
|faint|p2a: Amoonguss
|upkeep
|
|t:|1757018642
|switch|p2a: Kommo-o|Kommo-o, L50, M, shiny|82/100
|turn|7
|
|t:|1757018662
|switch|p2a: Queengambit|Kingambit, L50, F, shiny|100/100
|move|p1a: Serperior|Protect|p1a: Serperior
|-singleturn|p1a: Serperior|Protect
|move|p2b: Red Lobsta hotbox|Dark Pulse|p1a: Serperior
|-activate|p1a: Serperior|move: Protect
|move|p1b: Garganacl|Salt Cure|p2b: Red Lobsta hotbox
|-damage|p2b: Red Lobsta hotbox|53/100
|-start|p2b: Red Lobsta hotbox|Salt Cure
|
|-damage|p2b: Red Lobsta hotbox|41/100|[from] Salt Cure
|upkeep
|turn|8
|
|t:|1757018681
|switch|p1a: Empoleon|Empoleon, L50, F|100/100
|move|p2a: Queengambit|Sucker Punch||[still]
|-fail|p2a: Queengambit
|move|p2b: Red Lobsta hotbox|Dark Pulse|p1b: Garganacl
|-damage|p1b: Garganacl|65/100
|-damage|p2b: Red Lobsta hotbox|31/100|[from] item: Life Orb
|move|p1b: Garganacl|Salt Cure|p2a: Queengambit
|-resisted|p2a: Queengambit
|-damage|p2a: Queengambit|95/100
|-start|p2a: Queengambit|Salt Cure
|
|-heal|p1b: Garganacl|71/100|[from] item: Leftovers
|-damage|p2b: Red Lobsta hotbox|19/100|[from] Salt Cure
|-damage|p2a: Queengambit|71/100|[from] Salt Cure
|-sideend|p1: viatles|move: Light Screen
|upkeep
|turn|9
|inactive|Dorito99 has 30 seconds left.
|
|t:|1757018708
|move|p2b: Red Lobsta hotbox|Aura Sphere|p1a: Empoleon
|-supereffective|p1a: Empoleon
|-enditem|p1a: Empoleon|Chople Berry|[eat]
|-enditem|p1a: Empoleon|Chople Berry|[weaken]
|-damage|p1a: Empoleon|50/100
|-damage|p2b: Red Lobsta hotbox|9/100|[from] item: Life Orb
|move|p1a: Empoleon|Water Pledge|p2b: Red Lobsta hotbox
|-crit|p2b: Red Lobsta hotbox
|-damage|p2b: Red Lobsta hotbox|0 fnt
|faint|p2b: Red Lobsta hotbox
|move|p2a: Queengambit|Kowtow Cleave|p1b: Garganacl
|-damage|p1b: Garganacl|33/100
|move|p1b: Garganacl|Recover|p1b: Garganacl
|-heal|p1b: Garganacl|84/100
|
|-heal|p1b: Garganacl|89/100|[from] item: Leftovers
|-damage|p2a: Queengambit|46/100|[from] Salt Cure
|upkeep
|
|t:|1757018724
|switch|p2b: Kommo-o|Kommo-o, L50, M, shiny|82/100
|turn|10
|
|t:|1757018734
|move|p2b: Kommo-o|Clanging Scales|p1b: Garganacl|[spread] p1a,p1b
|-resisted|p1a: Empoleon
|-damage|p1a: Empoleon|33/100
|-damage|p1b: Garganacl|63/100
|-unboost|p2b: Kommo-o|def|1
|-enditem|p2b: Kommo-o|Throat Spray
|-boost|p2b: Kommo-o|spa|1|[from] item: Throat Spray
|move|p1a: Empoleon|Flash Cannon|p2b: Kommo-o
|-damage|p2b: Kommo-o|49/100
|move|p2a: Queengambit|Kowtow Cleave|p1b: Garganacl
|-damage|p1b: Garganacl|23/100
|move|p1b: Garganacl|Salt Cure|p2b: Kommo-o
|-resisted|p2b: Kommo-o
|-crit|p2b: Kommo-o
|-damage|p2b: Kommo-o|35/100
|-start|p2b: Kommo-o|Salt Cure
|
|-heal|p1b: Garganacl|29/100|[from] item: Leftovers
|-damage|p2b: Kommo-o|23/100|[from] Salt Cure
|-damage|p2a: Queengambit|21/100|[from] Salt Cure
|upkeep
|turn|11
|
|t:|1757018759
|move|p1b: Garganacl|Protect|p1b: Garganacl
|-singleturn|p1b: Garganacl|Protect
|move|p2b: Kommo-o|Clanging Scales|p1a: Empoleon|[spread] p1a
|-activate|p1b: Garganacl|move: Protect
|-resisted|p1a: Empoleon
|-damage|p1a: Empoleon|5/100
|-unboost|p2b: Kommo-o|def|1
|move|p1a: Empoleon|Water Pledge|p2b: Kommo-o
|-resisted|p2b: Kommo-o
|-damage|p2b: Kommo-o|8/100
|move|p2a: Queengambit|Kowtow Cleave|p1a: Empoleon
|-damage|p1a: Empoleon|0 fnt
|faint|p1a: Empoleon
|
|-heal|p1b: Garganacl|35/100|[from] item: Leftovers
|-damage|p2b: Kommo-o|0 fnt|[from] Salt Cure
|faint|p2b: Kommo-o
|-damage|p2a: Queengambit|0 fnt|[from] Salt Cure
|faint|p2a: Queengambit
|
|win|viatles
||Dorito99 is ready for game 3.
|inactive|viatles has 30 seconds to confirm battle start!
|inactive|viatles has 20 seconds to confirm battle start!
||viatles is ready for game 3.
|uhtml|next|Next: Game 3 of 3
