|j|☆Mumblin'Penguin
|j|☆breloomb01
|html|Mumblin'Penguinbreloomb01    
|uhtml|bestof|Game 3 of a best-of-3
|t:|1757783857
|gametype|doubles
|player|p1|Mumblin'Penguin|gambler|1281
|player|p2|breloomb01|170|1286
|gen|9
|tier|[Gen 9] VGC 2025 Reg H (Bo3)
|rated|
|rule|Species Clause: Limit one of each Pokémon
|rule|Item Clause: Limit 1 of each item
|clearpoke
|poke|p1|Ursaluna-Bloodmoon, L50, M|
|poke|p1|Gholdengo, L50|
|poke|p1|Dragonite, L50, M|
|poke|p1|Sneasler, L50, F|
|poke|p1|Incineroar, L50, F|
|poke|p1|Amoonguss, L50, M|
|poke|p2|Amoonguss, L50, M|
|poke|p2|Pelipper, L50, M|
|poke|p2|Archaludon, L50, M|
|poke|p2|Basculegion, L50, M|
|poke|p2|Gholdengo, L50|
|poke|p2|Weavile, L50, F|
|teampreview|4
|showteam|p1|Ursaluna-Bloodmoon||AssaultVest|MindsEye|BloodMoon,EarthPower,VacuumWave,HyperVoice|||M|||50|,,,,,Water]Gholdengo||LifeOrb|GoodasGold|Protect,MakeItRain,ShadowBall,NastyPlot||||||50|,,,,,Water]Dragonite||LoadedDice|Multiscale|ScaleShot,Tailwind,Haze,Protect|||M|||50|,,,,,Fairy]Sneasler||FocusSash|Unburden|Protect,DireClaw,CloseCombat,ThroatChop|||F|||50|,,,,,Stellar]Incineroar||SafetyGoggles|Intimidate|KnockOff,PartingShot,FlareBlitz,FakeOut|||F|||50|,,,,,Ghost]Amoonguss||SitrusBerry|Regenerator|RagePowder,Spore,PollenPuff,Protect|||M|||50|,,,,,Psychic
|showteam|p2|Amoonguss||CovertCloak|Regenerator|PollenPuff,RagePowder,Spore,ClearSmog|||M|||50|,,,,,Water]Pelipper||SafetyGoggles|Drizzle|WeatherBall,Hurricane,Tailwind,Protect|||M|||50|,,,,,Ghost]Archaludon||AssaultVest|Stamina|DragonPulse,ElectroShot,Snarl,BodyPress|||M|||50|,,,,,Bug]Basculegion||ChoiceBand|SwiftSwim|WaveCrash,AquaJet,LastRespects,FlipTurn|||M|||50|,,,,,Fairy]Gholdengo||MetalCoat|GoodasGold|MakeItRain,NastyPlot,ShadowBall,Protect||||||50|,,,,,Water]Weavile||FocusSash|Pickpocket|FakeOut,IceSpinner,KnockOff,BeatUp|||F|||50|,,,,,Ghost
|
|t:|1757783876
|teamsize|p1|4
|teamsize|p2|4
|start
|switch|p1a: Dragonite|Dragonite, L50, M|100/100
|switch|p1b: Gholdengo|Gholdengo, L50|100/100
|switch|p2a: Archaludon|Archaludon, L50, M|100/100
|switch|p2b: Basculegion|Basculegion, L50, M|100/100
|turn|1
|
|t:|1757783905
|switch|p2a: Pelipper|Pelipper, L50, M|100/100
|-weather|RainDance|[from] ability: Drizzle|[of] p2a: Pelipper
|move|p1b: Gholdengo|Protect|p1b: Gholdengo
|-singleturn|p1b: Gholdengo|Protect
|move|p2b: Basculegion|Wave Crash|p1b: Gholdengo
|-activate|p1b: Gholdengo|move: Protect
|move|p1a: Dragonite|Tailwind|p1a: Dragonite
|-sidestart|p1: Mumblin'Penguin|move: Tailwind
|
|-weather|RainDance|[upkeep]
|upkeep
|turn|2
|
|t:|1757783965
|-terastallize|p1b: Gholdengo|Water
|move|p1b: Gholdengo|Shadow Ball|p2a: Pelipper
|-damage|p2a: Pelipper|24/100
|-damage|p1b: Gholdengo|91/100|[from] item: Life Orb
|move|p1a: Dragonite|Scale Shot|p2a: Pelipper
|-damage|p2a: Pelipper|8/100
|-damage|p2a: Pelipper|0 fnt
|faint|p2a: Pelipper
|-hitcount|p2: Pelipper|2
|-unboost|p1a: Dragonite|def|1
|-boost|p1a: Dragonite|spe|1
|move|p2b: Basculegion|Wave Crash|p1b: Gholdengo
|-resisted|p1b: Gholdengo
|-crit|p1b: Gholdengo
|-damage|p1b: Gholdengo|0 fnt
|faint|p1b: Gholdengo
|-damage|p2b: Basculegion|73/100|[from] Recoil
|
|-weather|RainDance|[upkeep]
|upkeep
|
|t:|1757783985
|switch|p1b: Amoonguss|Amoonguss, L50, M|100/100
|switch|p2a: Archaludon|Archaludon, L50, M|100/100
|turn|3
|
|t:|1757784003
|-terastallize|p2b: Basculegion|Fairy
|move|p1a: Dragonite|Protect|p1a: Dragonite
|-singleturn|p1a: Dragonite|Protect
|move|p2b: Basculegion|Wave Crash|p1b: Amoonguss
|-resisted|p1b: Amoonguss
|-damage|p1b: Amoonguss|43/100
|-enditem|p1b: Amoonguss|Sitrus Berry|[eat]
|-heal|p1b: Amoonguss|68/100|[from] item: Sitrus Berry
|-damage|p2b: Basculegion|52/100|[from] Recoil
|move|p2a: Archaludon|Electro Shot||[still]
|-prepare|p2a: Archaludon|Electro Shot
|-boost|p2a: Archaludon|spa|1
|-anim|p2a: Archaludon|Electro Shot|p1b: Amoonguss
|-resisted|p1b: Amoonguss
|-damage|p1b: Amoonguss|39/100
|move|p1b: Amoonguss|Spore|p2a: Archaludon
|-status|p2a: Archaludon|slp|[from] move: Spore
|
|-weather|RainDance|[upkeep]
|upkeep
|turn|4
|
|t:|1757784037
|switch|p1a: Incineroar|Incineroar, L50, F|100/100
|-ability|p1a: Incineroar|Intimidate|boost
|-unboost|p2a: Archaludon|atk|1
|-unboost|p2b: Basculegion|atk|1
|switch|p2b: Amoonguss|Amoonguss, L50, M|100/100
|cant|p2a: Archaludon|slp
|move|p1b: Amoonguss|Spore|p2b: Amoonguss
|-immune|p2b: Amoonguss
|
|-weather|RainDance|[upkeep]
|-sideend|p1: Mumblin'Penguin|move: Tailwind
|upkeep
|turn|5
|
|t:|1757784064
|switch|p1b: Dragonite|Dragonite, L50, M|100/100
|cant|p2a: Archaludon|slp
|move|p1a: Incineroar|Knock Off|p2a: Archaludon
|-damage|p2a: Archaludon|70/100 slp
|-ability|p2a: Archaludon|Stamina|boost
|-boost|p2a: Archaludon|def|1
|-enditem|p2a: Archaludon|Assault Vest|[from] move: Knock Off|[of] p1a: Incineroar
|move|p2b: Amoonguss|Pollen Puff|p2a: Archaludon
|-heal|p2a: Archaludon|100/100 slp
|
|-weather|none
|upkeep
|turn|6
|
|t:|1757784083
|move|p1b: Dragonite|Tailwind|p1b: Dragonite
|-sidestart|p1: Mumblin'Penguin|move: Tailwind
|move|p1a: Incineroar|Flare Blitz|p2b: Amoonguss
|-supereffective|p2b: Amoonguss
|-damage|p2b: Amoonguss|13/100
|-damage|p1a: Incineroar|68/100|[from] Recoil
|-curestatus|p2a: Archaludon|slp|[msg]
|move|p2a: Archaludon|Dragon Pulse|p1b: Dragonite
|-supereffective|p1b: Dragonite
|-damage|p1b: Dragonite|26/100
|move|p2b: Amoonguss|Spore|p1b: Dragonite
|-status|p1b: Dragonite|slp|[from] move: Spore
|
|upkeep
|turn|7
|
|t:|1757784121
|cant|p1b: Dragonite|slp
|move|p1a: Incineroar|Flare Blitz|p2a: Archaludon
|-damage|p2a: Archaludon|75/100
|-ability|p2a: Archaludon|Stamina|boost
|-boost|p2a: Archaludon|def|1
|-damage|p1a: Incineroar|60/100|[from] Recoil
|move|p2a: Archaludon|Dragon Pulse|p1b: Dragonite
|-supereffective|p1b: Dragonite
|-damage|p1b: Dragonite|0 fnt
|faint|p1b: Dragonite
|move|p2b: Amoonguss|Pollen Puff|p2a: Archaludon
|-heal|p2a: Archaludon|100/100
|
|upkeep
|
|t:|1757784133
|switch|p1b: Amoonguss|Amoonguss, L50, M|72/100
|turn|8
|
|t:|1757784144
|move|p1a: Incineroar|Flare Blitz|p2b: Amoonguss
|-supereffective|p2b: Amoonguss
|-damage|p2b: Amoonguss|0 fnt
|faint|p2b: Amoonguss
|-damage|p1a: Incineroar|56/100|[from] Recoil
|move|p2a: Archaludon|Dragon Pulse|p1b: Amoonguss
|-crit|p1b: Amoonguss
|-damage|p1b: Amoonguss|0 fnt
|faint|p1b: Amoonguss
|
|upkeep
|
|t:|1757784146
|switch|p2b: Basculegion|Basculegion, L50, M, tera:Fairy|52/100
|turn|9
|
|t:|1757784155
|move|p1a: Incineroar|Flare Blitz|p2b: Basculegion
|-damage|p2b: Basculegion|0 fnt
|faint|p2b: Basculegion
|-damage|p1a: Incineroar|39/100|[from] Recoil
|move|p2a: Archaludon|Body Press|p1a: Incineroar
|-supereffective|p1a: Incineroar
|-damage|p1a: Incineroar|0 fnt
|faint|p1a: Incineroar
|
|win|breloomb01
|raw|Mumblin'Penguin's rating: 1281 → 1256(-25 for losing)
|raw|breloomb01's rating: 1286 → 1311(+25 for winning)
|l|☆Mumblin'Penguin
|player|p1|
|l|☆breloomb01
|player|p2|
|j|☆breloomb01
|player|p2|breloomb01|170|
|l|☆breloomb01
|player|p2|
|j|☆breloomb01
|player|p2|breloomb01|170|
|l|☆breloomb01
|player|p2|
|j|☆breloomb01
|player|p2|breloomb01|170|
