|j|☆newcastle mets
|j|☆HohnWolf
|html|newcastle metsHohnWolf    
|uhtml|bestof|Game 2 of a best-of-3
|t:|1786089002
|gametype|doubles
|player|p1|newcastle mets|pilot|
|player|p2|HohnWolf|102|
|gen|9
|tier|[Gen 9 Champions] VGC 2026 Reg M-B (Bo3)
|rule|Species Clause: Limit one of each Pokémon
|rule|Item Clause: Limit 1 of each item
|clearpoke
|poke|p1|Grimmsnarl, L50, M|
|poke|p1|Swampert, L50, M|
|poke|p1|Pelipper, L50, M|
|poke|p1|Archaludon, L50, F|
|poke|p1|Venusaur, L50, M|
|poke|p1|Basculegion, L50, M|
|poke|p2|Meganium, L50, M|
|poke|p2|Aerodactyl, L50, M|
|poke|p2|Tauros-Paldea-Aqua, L50, M|
|poke|p2|Kangaskhan, L50, F|
|poke|p2|Tyranitar, L50, M|
|poke|p2|Typhlosion-Hisui, L50, F|
|teampreview|4
|showteam|p1|Grimmsnarl||LightClay|Prankster|SpiritBreak,Reflect,LightScreen,PartingShot|Careful||M|||50|]Swampert||Swampertite|Torrent|WaveCrash,Earthquake,IcePunch,Protect|Adamant||M|||50|]Pelipper||SitrusBerry|Drizzle|WeatherBall,Hurricane,Tailwind,WideGuard|Bold||M|||50|]Archaludon||Leftovers|Stamina|ElectroShot,DragonPulse,FlashCannon,Protect|Modest||F|||50|]Venusaur||Venusaurite|Chlorophyll|SludgeBomb,GigaDrain,EarthPower,Protect|Modest||M|||50|]Basculegion||ChoiceScarf|Adaptability|WaveCrash,LastRespects,AquaJet,FlipTurn|Jolly||M|||50|
|showteam|p2|Meganium||Meganiumite|LeafGuard|Protect,DazzlingGleam,SolarBeam,WeatherBall|Modest||M|||50|]Aerodactyl||FocusSash|Unnerve|Tailwind,DualWingbeat,RockSlide,Protect|Jolly||M|||50|]Tauros-Paldea-Aqua||LifeOrb|Intimidate|AquaJet,CloseCombat,WaveCrash,Protect|Jolly||M|||50|]Kangaskhan||Kangaskhanite|InnerFocus|FakeOut,DoubleEdge,SuckerPunch,LowKick|Adamant||F|||50|]Tyranitar||Leftovers|SandStream|RockSlide,Protect,KnockOff,LowKick|Adamant||M|||50|]Typhlosion-Hisui||ChoiceScarf|Frisk|Eruption,ShadowBall,HeatWave,FocusBlast|Modest||F|||50|
|
|t:|1786089032
|teamsize|p1|4
|teamsize|p2|4
|start
|switch|p1a: Grimmsnarl|Grimmsnarl, L50, M|100/100
|switch|p1b: Venusaur|Venusaur, L50, M|100/100
|switch|p2a: Kangaskhan|Kangaskhan, L50, F|100/100
|switch|p2b: Tauros|Tauros-Paldea-Aqua, L50, M|100/100
|-ability|p2b: Tauros|Intimidate|boost
|-unboost|p1a: Grimmsnarl|atk|1
|-unboost|p1b: Venusaur|atk|1
|turn|1
|
|t:|1786089053
|detailschange|p2a: Kangaskhan|Kangaskhan-Mega, L50, F
|-mega|p2a: Kangaskhan|Kangaskhan|Kangaskhanite
|detailschange|p1b: Venusaur|Venusaur-Mega, L50, M
|-mega|p1b: Venusaur|Venusaur|Venusaurite
|move|p2a: Kangaskhan|Fake Out|p1b: Venusaur
|-damage|p1b: Venusaur|83/100
|-damage|p1b: Venusaur|80/100
|-hitcount|p1b: Venusaur|2
|move|p1a: Grimmsnarl|Reflect|p1a: Grimmsnarl
|-sidestart|p1: newcastle mets|Reflect
|move|p2b: Tauros|Close Combat|p1a: Grimmsnarl
|-damage|p1a: Grimmsnarl|51/100
|-unboost|p2b: Tauros|def|1
|-unboost|p2b: Tauros|spd|1
|-damage|p2b: Tauros|90/100|[from] item: Life Orb
|cant|p1b: Venusaur|flinch
|
|upkeep
|turn|2
|
|t:|1786089092
|move|p2b: Tauros|Protect|p2b: Tauros
|-singleturn|p2b: Tauros|Protect
|move|p1a: Grimmsnarl|Light Screen|p1a: Grimmsnarl
|-sidestart|p1: newcastle mets|move: Light Screen
|move|p2a: Kangaskhan|Double-Edge|p1a: Grimmsnarl
|-damage|p1a: Grimmsnarl|2/100
|-damage|p1a: Grimmsnarl|0 fnt
|faint|p1a: Grimmsnarl
|-hitcount|p1: Grimmsnarl|2
|-damage|p2a: Kangaskhan|80/100|[from] Recoil
|move|p1b: Venusaur|Giga Drain|p2b: Tauros
|-activate|p2b: Tauros|move: Protect
|
|upkeep
|
|t:|1786089106
|switch|p1a: Pelipper|Pelipper, L50, M|100/100
|-weather|RainDance|[from] ability: Drizzle|[of] p1a: Pelipper
|turn|3
|
|t:|1786089125
|switch|p2b: Tyranitar|Tyranitar, L50, M|100/100
|-weather|Sandstorm|[from] ability: Sand Stream|[of] p2b: Tyranitar
|move|p2a: Kangaskhan|Double-Edge|p1b: Venusaur
|-damage|p1b: Venusaur|46/100
|-damage|p1b: Venusaur|39/100
|-hitcount|p1b: Venusaur|2
|-damage|p2a: Kangaskhan|67/100|[from] Recoil
|move|p1a: Pelipper|Tailwind|p1a: Pelipper
|-sidestart|p1: newcastle mets|move: Tailwind
|move|p1b: Venusaur|Giga Drain|p2b: Tyranitar
|-supereffective|p2b: Tyranitar|1
|-damage|p2b: Tyranitar|62/100
|-heal|p1b: Venusaur|60/100|[from] drain|[of] p2b: Tyranitar
|
|-weather|Sandstorm|[upkeep]
|-damage|p1a: Pelipper|94/100|[from] Sandstorm
|-damage|p1b: Venusaur|54/100|[from] Sandstorm
|-damage|p2a: Kangaskhan|60/100|[from] Sandstorm
|-heal|p2b: Tyranitar|68/100|[from] item: Leftovers
|upkeep
|turn|4
|
|t:|1786089164
|switch|p1a: Swampert|Swampert, L50, M|100/100
|move|p1b: Venusaur|Sludge Bomb|p2a: Kangaskhan
|-damage|p2a: Kangaskhan|21/100
|-status|p2a: Kangaskhan|psn
|move|p2a: Kangaskhan|Double-Edge|p1b: Venusaur
|-damage|p1b: Venusaur|22/100
|-damage|p1b: Venusaur|14/100
|-hitcount|p1b: Venusaur|2
|-damage|p2a: Kangaskhan|8/100 psn|[from] Recoil
|move|p2b: Tyranitar|Rock Slide|p1a: Swampert|[spread] p1b
|-miss|p2b: Tyranitar|p1a: Swampert
|-damage|p1b: Venusaur|0 fnt
|faint|p1b: Venusaur
|
|-weather|Sandstorm|[upkeep]
|-damage|p2a: Kangaskhan|2/100 psn|[from] Sandstorm
|-heal|p2b: Tyranitar|73/100|[from] item: Leftovers
|-damage|p2a: Kangaskhan|0 fnt|[from] psn
|faint|p2a: Kangaskhan
|upkeep
|
|t:|1786089184
|switch|p2a: Tauros|Tauros-Paldea-Aqua, L50, M|90/100
|switch|p1b: Pelipper|Pelipper, L50, M|94/100
|-weather|RainDance|[from] ability: Drizzle|[of] p1b: Pelipper
|-ability|p2a: Tauros|Intimidate|boost
|-unboost|p1a: Swampert|atk|1
|-unboost|p1b: Pelipper|atk|1
|turn|5
|
|t:|1786089201
|switch|p2b: Typhlosion|Typhlosion-Hisui, L50, F|100/100
|-item|p1a: Swampert|Swampertite|[from] ability: Frisk|[of] p2b: Typhlosion
|-item|p1b: Pelipper|Sitrus Berry|[from] ability: Frisk|[of] p2b: Typhlosion
|move|p1a: Swampert|Earthquake|p2b: Typhlosion|[spread] p2a,p2b
|-immune|p1b: Pelipper
|-supereffective|p2b: Typhlosion|1
|-damage|p2a: Tauros|60/100
|-damage|p2b: Typhlosion|28/100
|move|p1b: Pelipper|Weather Ball|p2b: Typhlosion
|-supereffective|p2b: Typhlosion|1
|-damage|p2b: Typhlosion|0 fnt
|faint|p2b: Typhlosion
|move|p2a: Tauros|Wave Crash|p1a: Swampert
|-damage|p1a: Swampert|13/100
|-damage|p2a: Tauros|27/100|[from] Recoil
|-damage|p2a: Tauros|17/100|[from] item: Life Orb
|
|-weather|RainDance|[upkeep]
|upkeep
|
|t:|1786089218
|switch|p2b: Tyranitar|Tyranitar, L50, M|73/100
|-weather|Sandstorm|[from] ability: Sand Stream|[of] p2b: Tyranitar
|turn|6
|
|t:|1786089231
|move|p1b: Pelipper|Wide Guard|p1b: Pelipper
|-singleturn|p1b: Pelipper|Wide Guard
|move|p2a: Tauros|Aqua Jet|p1a: Swampert
|-damage|p1a: Swampert|0 fnt
|faint|p1a: Swampert
|-damage|p2a: Tauros|7/100|[from] item: Life Orb
|move|p2b: Tyranitar|Knock Off|p1b: Pelipper
|-damage|p1b: Pelipper|58/100
|-enditem|p1b: Pelipper|Sitrus Berry|[from] move: Knock Off|[of] p2b: Tyranitar
|
|-weather|Sandstorm|[upkeep]
|-damage|p1b: Pelipper|52/100|[from] Sandstorm
|-damage|p2a: Tauros|1/100|[from] Sandstorm
|-heal|p2b: Tyranitar|79/100|[from] item: Leftovers
|-sideend|p1: newcastle mets|move: Tailwind
|upkeep
|turn|7
|
|t:|1786089263
|move|p2a: Tauros|Wave Crash|p1b: Pelipper
|-resisted|p1b: Pelipper|1
|-damage|p1b: Pelipper|30/100
|-damage|p2a: Tauros|0 fnt|[from] Recoil
|faint|p2a: Tauros
|move|p1b: Pelipper|Weather Ball|p2b: Tyranitar
|-damage|p2b: Tyranitar|67/100
|move|p2b: Tyranitar|Rock Slide|p1b: Pelipper
|-supereffective|p1b: Pelipper|1
|-damage|p1b: Pelipper|0 fnt
|faint|p1b: Pelipper
|
|win|HohnWolf
|inactive|newcastle mets has 30 seconds to confirm battle start!
|inactive|HohnWolf has 30 seconds to confirm battle start!
||newcastle mets is ready for game 3.
||HohnWolf is ready for game 3.
|uhtml|next|Next: Game 3 of 3
