|j|☆Thisiswhyweclash
|j|☆jauja
|html|Thisiswhyweclashjauja    
|uhtml|bestof|Game 3 of a best-of-3
|t:|1756826576
|gametype|doubles
|player|p1|Thisiswhyweclash|schoolkid-gen4dp|1167
|player|p2|jauja|102|1174
|gen|9
|tier|[Gen 9] VGC 2025 Reg H (Bo3)
|rated|
|rule|Species Clause: Limit one of each Pokémon
|rule|Item Clause: Limit 1 of each item
|clearpoke
|poke|p1|Dragonite, L50, M|
|poke|p1|Gholdengo, L50|
|poke|p1|Ursaluna-Bloodmoon, L50, M|
|poke|p1|Annihilape, L50, F|
|poke|p1|Maushold-Four, L50|
|poke|p1|Rillaboom, L50, F|
|poke|p2|Sneasler, L50, M|
|poke|p2|Indeedee, L50, M|
|poke|p2|Volcarona, L50, F|
|poke|p2|Ursaluna-Bloodmoon, L50, M|
|poke|p2|Annihilape, L50, M|
|poke|p2|Tyranitar, L50, M|
|teampreview|4
|showteam|p1|Dragonite||LoadedDice|Multiscale|ScaleShot,Tailwind,Haze,Protect|||M|||50|,,,,,Fairy]Gholdengo||LifeOrb|GoodasGold|MakeItRain,ShadowBall,NastyPlot,Protect||||||50|,,,,,Water]Ursaluna-Bloodmoon||AssaultVest|MindsEye|BloodMoon,EarthPower,HyperVoice,VacuumWave|||M|||50|,,,,,Water]Annihilape||SitrusBerry|Defiant|DrainPunch,RageFist,BulkUp,Protect|||F|||50|,,,,,Fire]Maushold-Four||FocusSash|FriendGuard|SuperFang,BeatUp,FollowMe,Protect||||||50|,,,,,Ghost]Rillaboom||MiracleSeed|GrassySurge|WoodHammer,GrassyGlide,HighHorsepower,FakeOut|||F|||50|,,,,,Fire
|showteam|p2|Sneasler||PsychicSeed|Unburden|CloseCombat,DireClaw,ThroatChop,Protect|||M|||50|,,,,,Dark]Indeedee||ChoiceScarf|PsychicSurge|ExpandingForce,TeraBlast,Trick,Protect|||M|||50|,,,,,Psychic]Volcarona||SitrusBerry|FlameBody|Overheat,StruggleBug,RagePowder,Tailwind|||F|||50|,,,,,Grass]Ursaluna-Bloodmoon||LifeOrb|MindsEye|BloodMoon,HyperVoice,EarthPower,Protect|||M|||50|,,,,,Normal]Annihilape||SafetyGoggles|Defiant|CloseCombat,RageFist,Taunt,FinalGambit|||M|||50|,,,,,Fairy]Tyranitar||AssaultVest|SandStream|RockSlide,KnockOff,TeraBlast,LowKick|||M|||50|,,,,,Flying
|
|t:|1756826603
|teamsize|p1|4
|teamsize|p2|4
|start
|switch|p1a: Dragonite|Dragonite, L50, M|100/100
|switch|p1b: Annihilape|Annihilape, L50, F|100/100
|switch|p2a: Volcarona|Volcarona, L50, F|100/100
|switch|p2b: Annihilape|Annihilape, L50, M|100/100
|turn|1
|
|t:|1756826621
|move|p1a: Dragonite|Protect|p1a: Dragonite
|-singleturn|p1a: Dragonite|Protect
|move|p2a: Volcarona|Tailwind|p2a: Volcarona
|-sidestart|p2: jauja|move: Tailwind
|move|p2b: Annihilape|Taunt|p1a: Dragonite
|-activate|p1a: Dragonite|move: Protect
|move|p1b: Annihilape|Bulk Up|p1b: Annihilape
|-boost|p1b: Annihilape|atk|1
|-boost|p1b: Annihilape|def|1
|
|upkeep
|turn|2
|j| Arkhept
|l| Arkhept
|
|t:|1756826657
|switch|p2a: Sneasler|Sneasler, L50, M|100/100
|move|p2b: Annihilape|Taunt|p1a: Dragonite
|-start|p1a: Dragonite|move: Taunt
|move|p1b: Annihilape|Bulk Up|p1b: Annihilape
|-boost|p1b: Annihilape|atk|1
|-boost|p1b: Annihilape|def|1
|move|p1a: Dragonite|Scale Shot|p2a: Sneasler
|-crit|p2a: Sneasler
|-damage|p2a: Sneasler|63/100
|-damage|p2a: Sneasler|37/100
|-damage|p2a: Sneasler|13/100
|-damage|p2a: Sneasler|0 fnt
|faint|p2a: Sneasler
|-hitcount|p2: Sneasler|4
|-unboost|p1a: Dragonite|def|1
|-boost|p1a: Dragonite|spe|1
|
|upkeep
|
|t:|1756826664
|switch|p2a: Indeedee|Indeedee, L50, M|100/100
|-fieldstart|move: Psychic Terrain|[from] ability: Psychic Surge|[of] p2a: Indeedee
|turn|3
|
|t:|1756826691
|switch|p1a: Rillaboom|Rillaboom, L50, F|100/100
|-fieldstart|move: Grassy Terrain|[from] ability: Grassy Surge|[of] p1a: Rillaboom
|-terastallize|p1b: Annihilape|Fire
|move|p2a: Indeedee|Expanding Force|p1a: Rillaboom
|-damage|p1a: Rillaboom|57/100
|move|p2b: Annihilape|Final Gambit|p1b: Annihilape
|-damage|p1b: Annihilape|0 fnt
|faint|p2b: Annihilape
|faint|p1b: Annihilape
|
|-heal|p1a: Rillaboom|63/100|[from] Grassy Terrain
|upkeep
|
|t:|1756826706
|switch|p1b: Dragonite|Dragonite, L50, M|100/100
|switch|p2b: Volcarona|Volcarona, L50, F|100/100
|turn|4
|
|t:|1756826724
|move|p1a: Rillaboom|Fake Out|p2b: Volcarona
|-damage|p2b: Volcarona|82/100
|move|p2a: Indeedee|Expanding Force|p1a: Rillaboom
|-damage|p1a: Rillaboom|13/100
|cant|p2b: Volcarona|flinch
|move|p1b: Dragonite|Tailwind|p1b: Dragonite
|-sidestart|p1: Thisiswhyweclash|move: Tailwind
|
|-heal|p2b: Volcarona|88/100|[from] Grassy Terrain
|-heal|p1a: Rillaboom|19/100|[from] Grassy Terrain
|-sideend|p2: jauja|move: Tailwind
|upkeep
|turn|5
|
|t:|1756826737
|-terastallize|p2a: Indeedee|Psychic
|move|p1b: Dragonite|Scale Shot|p2b: Volcarona
|-damage|p2b: Volcarona|69/100
|-damage|p2b: Volcarona|51/100
|-damage|p2b: Volcarona|33/100
|-enditem|p2b: Volcarona|Sitrus Berry|[eat]
|-heal|p2b: Volcarona|58/100|[from] item: Sitrus Berry
|-damage|p2b: Volcarona|40/100
|-hitcount|p2b: Volcarona|4
|-unboost|p1b: Dragonite|def|1
|-boost|p1b: Dragonite|spe|1
|move|p1a: Rillaboom|High Horsepower|p2b: Volcarona
|-damage|p2b: Volcarona|0 fnt
|-status|p1a: Rillaboom|brn|[from] ability: Flame Body|[of] p2b: Volcarona
|faint|p2b: Volcarona
|move|p2a: Indeedee|Expanding Force|p1b: Dragonite
|-damage|p1b: Dragonite|74/100
|
|-heal|p1a: Rillaboom|25/100 brn|[from] Grassy Terrain
|-damage|p1a: Rillaboom|19/100 brn|[from] brn
|upkeep
|turn|6
|-message|jauja forfeited.
|
|win|Thisiswhyweclash
|raw|Thisiswhyweclash's rating: 1167 → 1193(+26 for winning)
|raw|jauja's rating: 1174 → 1148(-26 for losing)
|l|☆jauja
|player|p2|
