|j|☆Someoneofficial
|j|☆reuniclusglazr
|html|Someoneofficialreuniclusglazr    
|uhtml|bestof|Game 1 of a best-of-3
|t:|1784923577
|gametype|doubles
|player|p1|Someoneofficial|170|
|player|p2|reuniclusglazr|flannery|
|gen|9
|tier|[Gen 9 Champions] VGC 2026 Reg M-B (Bo3)
|rule|Species Clause: Limit one of each Pokémon
|rule|Item Clause: Limit 1 of each item
|clearpoke
|poke|p1|Charizard, L50, F, shiny|
|poke|p1|Raichu, L50, M, shiny|
|poke|p1|Sinistcha, L50, shiny|
|poke|p1|Vivillon-Fancy, L50, F|
|poke|p1|Basculegion, L50, M|
|poke|p1|Sneasler, L50, M, shiny|
|poke|p2|Incineroar, L50, M|
|poke|p2|Hawlucha, L50, M|
|poke|p2|Sinistcha, L50|
|poke|p2|Froslass, L50, F|
|poke|p2|Beartic, L50, F|
|poke|p2|Snorlax, L50, M|
|teampreview|4
|showteam|p1|Charizard||CharizarditeX|Blaze|BreakingSwipe,DragonDance,FlareBlitz,Protect|Adamant||F|||50|]Raichu||RaichuniteY|LightningRod|FakeOut,Protect,FocusBlast,ZapCannon|Timid||M|||50|]Sinistcha||ColburBerry|Hospitality|RagePowder,MatchaGotcha,TrickRoom,Imprison|Bold|||||50|]Vivillon-Fancy||FocusSash|CompoundEyes|Protect,Tailwind,SleepPowder,SunnyDay|Timid||F|||50|]Basculegion||ChoiceScarf|Adaptability|LastRespects,WaveCrash,AquaJet,FlipTurn|Jolly||M|||50|]Sneasler||WhiteHerb|Unburden|Protect,FakeOut,CloseCombat,DireClaw|Adamant||M|||50|
|showteam|p2|Incineroar||SitrusBerry|Intimidate|FakeOut,PartingShot,FlareBlitz,DarkestLariat|Adamant||M|||50|]Hawlucha||Hawluchanite|MoldBreaker|Entrainment,Detect,Coaching,FlyingPress|Jolly||M|||50|]Sinistcha||FocusSash|Hospitality|RagePowder,MatchaGotcha,StrengthSap,TrickRoom|Bold|||||50|]Froslass||Froslassite|SnowCloak|NastyPlot,Blizzard,AuroraVeil,WillOWisp|Modest||F|||50|]Beartic||LifeOrb|SlushRush|IcicleCrash,HeavySlam,BrickBreak,Protect|Jolly||F|||50|]Snorlax||Leftovers|ThickFat|Fissure,SmackDown,Stockpile,Protect|Relaxed||M|||50|
|j| guxueprimalblade
|j| HEROBREIN9
|c| guxueprimalblade|hi
|c| HEROBREIN9|hi
|c| guxueprimalblade|hi
|c| HEROBREIN9|ok
|
|t:|1784923630
|teamsize|p1|4
|teamsize|p2|4
|start
|switch|p1a: Sneasler|Sneasler, L50, M, shiny|100/100
|switch|p1b: Vivillon|Vivillon-Fancy, L50, F|100/100
|switch|p2a: Nachos|Incineroar, L50, M|100/100
|switch|p2b: Ouhh Shi|Froslass, L50, F|100/100
|-ability|p2a: Nachos|Intimidate|boost
|-unboost|p1a: Sneasler|atk|1
|-unboost|p1b: Vivillon|atk|1
|-enditem|p1a: Sneasler|White Herb
|-clearnegativeboost|p1a: Sneasler|[silent]
|turn|1
|j| hakoryu
|
|t:|1784923654
|switch|p2b: Performative|Sinistcha, L50|100/100
|move|p1a: Sneasler|Fake Out|p2a: Nachos
|-damage|p2a: Nachos|83/100
|cant|p2a: Nachos|flinch
|move|p1b: Vivillon|Sleep Powder|p2b: Performative
|-immune|p2b: Performative
|
|upkeep
|turn|2
|c| hakoryu|septile is hacking
|
|t:|1784923672
|switch|p1b: Chonka chi|Raichu, L50, M, shiny|100/100
|move|p2b: Performative|Rage Powder|p2b: Performative
|-singleturn|p2b: Performative|move: Rage Powder
|move|p1a: Sneasler|Dire Claw|p2b: Performative
|-damage|p2b: Performative|62/100
|move|p2a: Nachos|Flare Blitz|p1b: Chonka chi
|-damage|p1b: Chonka chi|10/100
|-damage|p2a: Nachos|54/100|[from] Recoil
|
|upkeep
|turn|3
|c| HEROBREIN9|holy rigged
|
|t:|1784923694
|detailschange|p1b: Chonka chi|Raichu-Mega-Y, L50, M, shiny
|-mega|p1b: Chonka chi|Raichu|Raichunite Y
|move|p1a: Sneasler|Dire Claw|p2b: Performative
|-damage|p2b: Performative|27/100
|-status|p2b: Performative|slp
|move|p1b: Chonka chi|Zap Cannon|p2a: Nachos
|-damage|p2a: Nachos|0 fnt
|faint|p2a: Nachos
|cant|p2b: Performative|slp
|
|upkeep
|
|t:|1784923705
|switch|p2a: Ouhh Shi|Froslass, L50, F|100/100
|turn|4
|c| hakoryu|the dire is crazy
|
|t:|1784923735
|detailschange|p2a: Ouhh Shi|Froslass-Mega, L50, F
|-mega|p2a: Ouhh Shi|Froslass|Froslassite
|-weather|Snowscape|[from] ability: Snow Warning|[of] p2a: Ouhh Shi
|cant|p2b: Performative|slp
|move|p1a: Sneasler|Dire Claw|p2b: Performative
|-damage|p2b: Performative|0 fnt
|-fail|p2b: Performative|slp
|faint|p2b: Performative
|move|p1b: Chonka chi|Zap Cannon|p2a: Ouhh Shi
|-damage|p2a: Ouhh Shi|25/100
|-status|p2a: Ouhh Shi|par
|move|p2a: Ouhh Shi|Blizzard|p1a: Sneasler|[spread] p1a,p1b
|-damage|p1a: Sneasler|28/100
|-damage|p1b: Chonka chi|0 fnt
|faint|p1b: Chonka chi
|
|-weather|Snowscape|[upkeep]
|upkeep
|
|t:|1784923770
|switch|p1b: Vivillon|Vivillon-Fancy, L50, F|100/100
|switch|p2b: 7/11|Beartic, L50, F|100/100
|turn|5
|
|t:|1784923789
|move|p1a: Sneasler|Protect|p1a: Sneasler
|-singleturn|p1a: Sneasler|Protect
|move|p2b: 7/11|Icicle Crash|p1a: Sneasler
|-activate|p1a: Sneasler|move: Protect
|move|p1b: Vivillon|Sunny Day|p1b: Vivillon
|-weather|SunnyDay
|move|p2a: Ouhh Shi|Blizzard|p1b: Vivillon|[spread] p1b
|-activate|p1a: Sneasler|move: Protect
|-supereffective|p1b: Vivillon|1
|-enditem|p1b: Vivillon|Focus Sash
|-damage|p1b: Vivillon|1/100
|
|-weather|SunnyDay|[upkeep]
|upkeep
|turn|6
|
|t:|1784923807
|move|p2b: 7/11|Protect|p2b: 7/11
|-singleturn|p2b: 7/11|Protect
|move|p1a: Sneasler|Dire Claw|p2a: Ouhh Shi
|-resisted|p2a: Ouhh Shi|1
|-damage|p2a: Ouhh Shi|0 fnt
|faint|p2a: Ouhh Shi
|move|p1b: Vivillon|Sleep Powder|p2b: 7/11
|-activate|p2b: 7/11|move: Protect
|
|-weather|SunnyDay|[upkeep]
|upkeep
|turn|7
|
|t:|1784923826
|move|p1a: Sneasler|Close Combat|p2b: 7/11
|-supereffective|p2b: 7/11|1
|-damage|p2b: 7/11|0 fnt
|-unboost|p1a: Sneasler|def|1
|-unboost|p1a: Sneasler|spd|1
|faint|p2b: 7/11
|
|win|Someoneofficial
|c|☆reuniclusglazr|ggs
|c|☆Someoneofficial|Ggs
||Someoneofficial is ready for game 2.
|c| hakoryu|sunny day is crazu
|inactive|reuniclusglazr has 30 seconds to confirm battle start!
||reuniclusglazr is ready for game 2.
|uhtml|next|Next: Game 2 of 3
