|j|☆furretusedpunch
|j|☆resourcespro
|html|furretusedpunchresourcespro    
|uhtml|bestof|Game 1 of a best-of-3
|t:|1786059416
|gametype|doubles
|player|p1|furretusedpunch|lacey|1201
|player|p2|resourcespro|266|1100
|gen|9
|tier|[Gen 9 Champions] VGC 2026 Reg M-B (Bo3)
|rated|
|rule|Species Clause: Limit one of each Pokémon
|rule|Item Clause: Limit 1 of each item
|clearpoke
|poke|p1|Staraptor, L50, M|
|poke|p1|Arcanine-Hisui, L50, M|
|poke|p1|Kingambit, L50, M|
|poke|p1|Sylveon, L50, M|
|poke|p1|Raichu, L50, M|
|poke|p1|Farigiraf, L50, F|
|poke|p2|Annihilape, L50, F|
|poke|p2|Clefable, L50, F|
|poke|p2|Excadrill, L50, M|
|poke|p2|Tyranitar, L50, M|
|poke|p2|Sinistcha-Masterpiece, L50|
|poke|p2|Aegislash, L50, M|
|teampreview|4
|showteam|p1|Staraptor||Staraptite|Intimidate|DualWingbeat,CloseCombat,Tailwind,Protect|Jolly||M|||50|]Arcanine-Hisui||FocusSash|RockHead|FlareBlitz,HeadSmash,ExtremeSpeed,Protect|Jolly||M|||50|]Kingambit||LifeOrb|Defiant|KowtowCleave,SuckerPunch,SwordsDance,Protect|Adamant||M|||50|]Sylveon||FairyFeather|Pixilate|HyperVoice,HyperBeam,QuickAttack,Detect|Modest||M|||50|]Raichu||RaichuniteY|LightningRod|ZapCannon,FocusBlast,FakeOut,Protect|Timid||M|||50|]Farigiraf||SitrusBerry|ArmorTail|Psychic,HelpingHand,TrickRoom,Protect|Calm||F|||50|
|showteam|p2|Annihilape|||InnerFocus|BulkUp,Acrobatics,DrainPunch,RageFist|Adamant||F|||50|]Clefable||Clefablite|MagicGuard|FollowMe,DazzlingGleam,LightScreen,Thunderbolt|Modest||F|||50|]Excadrill||FocusSash|SandRush|Earthquake,RockSlide,SwordsDance,BrickBreak|Adamant||M|||50|]Tyranitar||SmoothRock|SandStream|FireBlast,IceBeam,Thunderbolt,DarkPulse|Modest||M|||50|]Sinistcha-Masterpiece||Leftovers|Hospitality|LifeDew,MatchaGotcha,CalmMind,Hex|Bold|||||50|]Aegislash||ScopeLens|StanceChange|KingsShield,IronHead,Substitute,ShadowClaw|Careful||M|||50|
|
|t:|1786059532
|teamsize|p1|4
|teamsize|p2|4
|start
|switch|p1a: Raichu|Raichu, L50, M|100/100
|switch|p1b: Arcanine|Arcanine-Hisui, L50, M|100/100
|switch|p2a: Clefable|Clefable, L50, F|100/100
|switch|p2b: Annihilape|Annihilape, L50, F|100/100
|turn|1
|
|t:|1786059558
|move|p1a: Raichu|Fake Out|p2a: Clefable
|-damage|p2a: Clefable|91/100
|move|p1b: Arcanine|Flare Blitz|p2b: Annihilape
|-damage|p2b: Annihilape|44/100
|move|p2b: Annihilape|Drain Punch|p1b: Arcanine
|-supereffective|p1b: Arcanine|1
|-damage|p1b: Arcanine|7/100
|-heal|p2b: Annihilape|81/100|[from] drain|[of] p1b: Arcanine
|cant|p2a: Clefable|flinch
|
|upkeep
|turn|2
|
|t:|1786059624
|detailschange|p1a: Raichu|Raichu-Mega-Y, L50, M
|-mega|p1a: Raichu|Raichu|Raichunite Y
|move|p2a: Clefable|Follow Me|p2a: Clefable
|-singleturn|p2a: Clefable|move: Follow Me
|move|p1a: Raichu|Zap Cannon|p2a: Clefable
|-damage|p2a: Clefable|27/100
|-status|p2a: Clefable|par
|move|p1b: Arcanine|Flare Blitz|p2a: Clefable
|-damage|p2a: Clefable|0 fnt
|faint|p2a: Clefable
|move|p2b: Annihilape|Drain Punch|p1a: Raichu
|-damage|p1a: Raichu|35/100
|-heal|p2b: Annihilape|100/100|[from] drain|[of] p1a: Raichu
|
|upkeep
|
|t:|1786059640
|switch|p2a: Excadrill|Excadrill, L50, M|100/100
|turn|3
|
|t:|1786059676
|switch|p2b: Tyranitar|Tyranitar, L50, M|100/100
|-weather|Sandstorm|[from] ability: Sand Stream|[of] p2b: Tyranitar
|move|p1a: Raichu|Protect|p1a: Raichu
|-singleturn|p1a: Raichu|Protect
|move|p1b: Arcanine|Protect|p1b: Arcanine
|-singleturn|p1b: Arcanine|Protect
|move|p2a: Excadrill|Rock Slide|p1b: Arcanine|[spread] 
|-activate|p1a: Raichu|move: Protect
|-activate|p1b: Arcanine|move: Protect
|
|-weather|Sandstorm|[upkeep]
|-damage|p1a: Raichu|29/100|[from] Sandstorm
|upkeep
|turn|4
|
|t:|1786059710
|switch|p1a: Staraptor|Staraptor, L50, M|100/100
|-ability|p1a: Staraptor|Intimidate|boost
|-unboost|p2a: Excadrill|atk|1
|-unboost|p2b: Tyranitar|atk|1
|move|p1b: Arcanine|Extreme Speed|p2a: Excadrill
|-resisted|p2a: Excadrill|1
|-damage|p2a: Excadrill|81/100
|move|p2a: Excadrill|Rock Slide|p1a: Staraptor|[spread] 
|-miss|p2a: Excadrill|p1a: Staraptor
|-miss|p2a: Excadrill|p1b: Arcanine
|move|p2b: Tyranitar|Ice Beam|p1a: Staraptor
|-supereffective|p1a: Staraptor|1
|-damage|p1a: Staraptor|14/100
|
|-weather|Sandstorm|[upkeep]
|-damage|p1a: Staraptor|8/100|[from] Sandstorm
|upkeep
|turn|5
|
|t:|1786059741
|move|p2a: Excadrill|Rock Slide|p1b: Arcanine|[spread] p1a,p1b
|-supereffective|p1a: Staraptor|1
|-supereffective|p1b: Arcanine|1
|-damage|p1a: Staraptor|0 fnt
|-damage|p1b: Arcanine|0 fnt
|faint|p1a: Staraptor
|faint|p1b: Arcanine
|move|p2b: Tyranitar|Dark Pulse|p1: Staraptor|[notarget]
|-fail|p2b: Tyranitar
|
|-weather|Sandstorm|[upkeep]
|upkeep
|
|t:|1786059744
|switch|p1a: Raichu|Raichu-Mega-Y, L50, M|29/100
|switch|p1b: Sylveon|Sylveon, L50, M|100/100
|turn|6
|
|t:|1786059791
|switch|p2a: Annihilape|Annihilape, L50, F|100/100
|move|p1a: Raichu|Fake Out|p2a: Annihilape
|-immune|p2a: Annihilape
|move|p1b: Sylveon|Hyper Voice|p2b: Tyranitar|[spread] p2a,p2b
|-supereffective|p2a: Annihilape|1
|-supereffective|p2b: Tyranitar|1
|-damage|p2a: Annihilape|19/100
|-damage|p2b: Tyranitar|39/100
|move|p2b: Tyranitar|Dark Pulse|p1a: Raichu
|-damage|p1a: Raichu|0 fnt
|faint|p1a: Raichu
|
|-weather|Sandstorm|[upkeep]
|-damage|p2a: Annihilape|13/100|[from] Sandstorm
|-damage|p1b: Sylveon|94/100|[from] Sandstorm
|upkeep
|turn|7
|
|t:|1786059824
|move|p1b: Sylveon|Quick Attack|p2a: Annihilape
|-supereffective|p2a: Annihilape|1
|-damage|p2a: Annihilape|0 fnt
|faint|p2a: Annihilape
|move|p2b: Tyranitar|Thunderbolt|p1b: Sylveon
|-damage|p1b: Sylveon|74/100
|
|-weather|Sandstorm|[upkeep]
|-damage|p1b: Sylveon|68/100|[from] Sandstorm
|upkeep
|
|t:|1786059833
|switch|p2a: Excadrill|Excadrill, L50, M|81/100
|turn|8
|
|t:|1786059845
|move|p2a: Excadrill|Rock Slide|p1b: Sylveon
|-damage|p1b: Sylveon|31/100
|move|p1b: Sylveon|Hyper Voice|p2b: Tyranitar|[spread] p2a,p2b
|-resisted|p2a: Excadrill|1
|-supereffective|p2b: Tyranitar|1
|-damage|p2a: Excadrill|49/100
|-damage|p2b: Tyranitar|0 fnt
|faint|p2b: Tyranitar
|
|-weather|Sandstorm|[upkeep]
|-damage|p1b: Sylveon|25/100|[from] Sandstorm
|upkeep
|turn|9
|
|t:|1786059854
|move|p2a: Excadrill|Earthquake|p1b: Sylveon
|-damage|p1b: Sylveon|0 fnt
|faint|p1b: Sylveon
|
|win|resourcespro
