|j|☆koihoiboi
|j|☆Nadelsssss
|html|koihoiboiNadelsssss    
|uhtml|bestof|Game 2 of a best-of-3
|t:|1785924178
|gametype|doubles
|player|p1|koihoiboi|266|1180
|player|p2|Nadelsssss|steven|1179
|gen|9
|tier|[Gen 9 Champions] VGC 2026 Reg M-B (Bo3)
|rated|
|rule|Species Clause: Limit one of each Pokémon
|rule|Item Clause: Limit 1 of each item
|clearpoke
|poke|p1|Staraptor, L50, F|
|poke|p1|Whimsicott, L50, M|
|poke|p1|Kingambit, L50, F|
|poke|p1|Gengar, L50, F|
|poke|p1|Garchomp, L50, M|
|poke|p1|Sinistcha, L50|
|poke|p2|Charizard, L50, M|
|poke|p2|Sylveon, L50, F|
|poke|p2|Farigiraf, L50, M|
|poke|p2|Garchomp, L50, M|
|poke|p2|Aerodactyl, L50, M|
|poke|p2|Kingambit, L50, M|
|teampreview|4
|showteam|p1|Staraptor||Staraptite|Intimidate|Protect,BraveBird,CloseCombat,Roost|Jolly||F|||50|]Whimsicott||FairyFeather|Prankster|Encore,Tailwind,Charm,Moonblast|Timid||M|||50|]Kingambit||FocusSash|Defiant|Protect,IronHead,SuckerPunch,KowtowCleave|Adamant||F|||50|]Gengar||Gengarite|CursedBody|Protect,ShadowBall,Psychic,SludgeBomb|Timid||F|||50|]Garchomp||ChoiceScarf|RoughSkin|DragonClaw,Earthquake,RockSlide,StompingTantrum|Adamant||M|||50|]Sinistcha||SitrusBerry|Hospitality|MatchaGotcha,LifeDew,ShadowBall,TrickRoom|Modest|||||50|
|showteam|p2|Charizard||CharizarditeY|SolarPower|WeatherBall,HeatWave,SolarBeam,Protect|Modest||M|||50|]Sylveon||FairyFeather|Pixilate|HyperVoice,HyperBeam,QuickAttack,Detect|Modest||F|||50|]Farigiraf||SitrusBerry|ArmorTail|PsychicFangs,Thunderbolt,SunnyDay,TrickRoom|Relaxed||M|||50|]Garchomp||LifeOrb|RoughSkin|DragonClaw,Earthquake,StompingTantrum,Protect|Jolly||M|||50|]Aerodactyl||Aerodactylite|Unnerve|RockSlide,DualWingbeat,Tailwind,IceFang|Jolly||M|||50|]Kingambit||FocusSash|Defiant|SuckerPunch,KowtowCleave,IronHead,LowKick|Adamant||M|||50|
|inactive|Battle timer is ON: inactive players will automatically lose when time's up. (requested by koihoiboi)
|inactive|Nadelsssss has 60 seconds left.
|
|t:|1785924229
|teamsize|p1|4
|teamsize|p2|4
|start
|switch|p1a: Whimsicott|Whimsicott, L50, M|100/100
|switch|p1b: Garchomp|Garchomp, L50, M|100/100
|switch|p2a: Kingambit|Kingambit, L50, M|100/100
|switch|p2b: Aerodactyl|Aerodactyl, L50, M|100/100
|-ability|p2b: Aerodactyl|Unnerve
|turn|1
|inactive|koihoiboi has 30 seconds left.
|inactive|Nadelsssss has 30 seconds left.
|
|t:|1785924264
|detailschange|p2b: Aerodactyl|Aerodactyl-Mega, L50, M
|-mega|p2b: Aerodactyl|Aerodactyl|Aerodactylite
|move|p1a: Whimsicott|Charm|p2b: Aerodactyl
|-unboost|p2b: Aerodactyl|atk|2
|move|p1b: Garchomp|Stomping Tantrum|p2a: Kingambit
|-supereffective|p2a: Kingambit|1
|-damage|p2a: Kingambit|31/100
|move|p2b: Aerodactyl|Tailwind|p2b: Aerodactyl
|-sidestart|p2: Nadelsssss|move: Tailwind
|move|p2a: Kingambit|Iron Head|p1a: Whimsicott
|-supereffective|p1a: Whimsicott|1
|-damage|p1a: Whimsicott|0 fnt
|faint|p1a: Whimsicott
|
|upkeep
|
|t:|1785924278
|switch|p1a: Sinistcha|Sinistcha, L50|100/100
|turn|2
|
|t:|1785924296
|move|p2b: Aerodactyl|Ice Fang|p1b: Garchomp
|-supereffective|p1b: Garchomp|2
|-damage|p1b: Garchomp|43/100
|-damage|p2b: Aerodactyl|87/100|[from] ability: Rough Skin|[of] p1b: Garchomp
|move|p1b: Garchomp|Stomping Tantrum|p2a: Kingambit
|-supereffective|p2a: Kingambit|1
|-damage|p2a: Kingambit|0 fnt
|faint|p2a: Kingambit
|move|p1a: Sinistcha|Trick Room|p1a: Sinistcha
|-fieldstart|move: Trick Room|[of] p1a: Sinistcha
|
|upkeep
|
|t:|1785924306
|switch|p2a: Farigiraf|Farigiraf, L50, M|100/100
|turn|3
|
|t:|1785924323
|switch|p1b: Staraptor|Staraptor, L50, F|100/100
|-ability|p1b: Staraptor|Intimidate|boost
|-unboost|p2a: Farigiraf|atk|1
|-unboost|p2b: Aerodactyl|atk|1
|switch|p2b: Sylveon|Sylveon, L50, F|100/100
|move|p1a: Sinistcha|Matcha Gotcha|p2b: Sylveon|[spread] p2a,p2b
|-damage|p2a: Farigiraf|70/100
|-damage|p2b: Sylveon|76/100
|move|p2a: Farigiraf|Trick Room|p2a: Farigiraf
|-fieldend|move: Trick Room
|
|upkeep
|turn|4
|inactive|Nadelsssss has 30 seconds left.
|
|t:|1785924348
|switch|p2a: Aerodactyl|Aerodactyl-Mega, L50, M|87/100
|detailschange|p1b: Staraptor|Staraptor-Mega, L50, F
|-mega|p1b: Staraptor|Staraptor|Staraptite
|move|p1b: Staraptor|Protect|p1b: Staraptor
|-singleturn|p1b: Staraptor|Protect
|move|p2b: Sylveon|Hyper Voice|p1a: Sinistcha|[spread] p1a
|-activate|p1b: Staraptor|move: Protect
|-damage|p1a: Sinistcha|46/100
|-enditem|p1a: Sinistcha|Sitrus Berry|[eat]
|-heal|p1a: Sinistcha|70/100|[from] item: Sitrus Berry
|move|p1a: Sinistcha|Matcha Gotcha|p2b: Sylveon|[spread] p2a,p2b
|-damage|p2a: Aerodactyl|58/100
|-heal|p1a: Sinistcha|85/100|[from] drain|[of] p2a: Aerodactyl
|-damage|p2b: Sylveon|53/100
|-heal|p1a: Sinistcha|97/100|[from] drain|[of] p2b: Sylveon
|
|-sideend|p2: Nadelsssss|move: Tailwind
|upkeep
|turn|5
|inactive|koihoiboi has 30 seconds left.
|inactive|Nadelsssss has 30 seconds left.
|inactive|Nadelsssss has 20 seconds left.
|inactive|Nadelsssss has 15 seconds left.
|inactive|Nadelsssss has 10 seconds left.
|
|t:|1785924395
|move|p2a: Aerodactyl|Tailwind|p2a: Aerodactyl
|-sidestart|p2: Nadelsssss|move: Tailwind
|move|p2b: Sylveon|Hyper Voice|p1a: Sinistcha|[spread] p1a,p1b
|-supereffective|p1b: Staraptor|1
|-damage|p1a: Sinistcha|48/100
|-damage|p1b: Staraptor|2/100
|move|p1b: Staraptor|Close Combat|p2a: Aerodactyl
|-damage|p2a: Aerodactyl|0 fnt
|-boost|p1b: Staraptor|def|1
|-boost|p1b: Staraptor|spd|1
|faint|p2a: Aerodactyl
|move|p1a: Sinistcha|Matcha Gotcha|p2b: Sylveon
|-damage|p2b: Sylveon|22/100
|-heal|p1a: Sinistcha|64/100|[from] drain|[of] p2b: Sylveon
|
|upkeep
|
|t:|1785924409
|switch|p2a: Farigiraf|Farigiraf, L50, M|70/100
|turn|6
|
|t:|1785924428
|move|p1b: Staraptor|Protect|p1b: Staraptor
|-singleturn|p1b: Staraptor|Protect
|move|p2b: Sylveon|Hyper Voice|p1a: Sinistcha|[spread] p1a
|-activate|p1b: Staraptor|move: Protect
|-damage|p1a: Sinistcha|11/100
|move|p2a: Farigiraf|Psychic Fangs|p1b: Staraptor
|-activate|p1b: Staraptor|move: Protect
|move|p1a: Sinistcha|Life Dew|p1a: Sinistcha|[spread] p1a,p1b
|-heal|p1a: Sinistcha|36/100
|-heal|p1b: Staraptor|27/100
|
|upkeep
|turn|7
|
|t:|1785924445
|switch|p1b: Garchomp|Garchomp, L50, M|43/100
|move|p2b: Sylveon|Hyper Voice|p1a: Sinistcha|[spread] p1a,p1b
|-supereffective|p1b: Garchomp|1
|-damage|p1a: Sinistcha|0 fnt
|-damage|p1b: Garchomp|0 fnt
|faint|p1a: Sinistcha
|faint|p1b: Garchomp
|move|p2a: Farigiraf|Psychic Fangs|p1: Sinistcha|[notarget]
|-fail|p2a: Farigiraf
|
|upkeep
|
|t:|1785924453
|switch|p1b: Staraptor|Staraptor-Mega, L50, F|27/100
|turn|8
|
|t:|1785924458
|move|p1b: Staraptor|Protect|p1b: Staraptor
|-singleturn|p1b: Staraptor|Protect
|move|p2b: Sylveon|Hyper Voice|p1b: Staraptor
|-activate|p1b: Staraptor|move: Protect
|move|p2a: Farigiraf|Psychic Fangs|p1b: Staraptor
|-activate|p1b: Staraptor|move: Protect
|
|-sideend|p2: Nadelsssss|move: Tailwind
|upkeep
|turn|9
|
|t:|1785924475
|move|p2b: Sylveon|Quick Attack|p1b: Staraptor
|-supereffective|p1b: Staraptor|1
|-damage|p1b: Staraptor|0 fnt
|faint|p1b: Staraptor
|
|win|Nadelsssss
||koihoiboi is ready for game 3.
|inactive|Nadelsssss has 30 seconds to confirm battle start!
||Nadelsssss is ready for game 3.
|uhtml|next|Next: Game 3 of 3
|l|☆Nadelsssss
|player|p2|
