|j|☆Diegoelsocorrista
|j|☆Sincubii
|html|DiegoelsocorristaSincubii    
|uhtml|bestof|Game 3 of a best-of-3
|t:|1756379507
|gametype|doubles
|player|p1|Diegoelsocorrista|blaine-lgpe|1046
|player|p2|Sincubii|palmer|1097
|gen|9
|tier|[Gen 9] VGC 2025 Reg H (Bo3)
|rated|
|rule|Species Clause: Limit one of each Pokémon
|rule|Item Clause: Limit 1 of each item
|clearpoke
|poke|p1|Archaludon, L50, F|
|poke|p1|Rillaboom, L50, M|
|poke|p1|Basculegion, L50, M|
|poke|p1|Kingambit, L50, M|
|poke|p1|Pelipper, L50, M|
|poke|p1|Electabuzz, L50, F|
|poke|p2|Weavile, L50, M|
|poke|p2|Rillaboom, L50, M|
|poke|p2|Magnezone, L50|
|poke|p2|Dragonite, L50, F|
|poke|p2|Ninetales-Alola, L50, M|
|poke|p2|Infernape, L50, F|
|teampreview|4
|showteam|p1|Archaludon||AssaultVest|Stamina|ElectroShot,DracoMeteor,FlashCannon,BodyPress|||F|||50|,,,,,Fairy]Rillaboom||LoadedDice|GrassySurge|BulletSeed,GrassyGlide,FakeOut,HighHorsepower|||M|||50|,,,,,Fire]Basculegion||ChoiceBand|SwiftSwim|WaveCrash,LastRespects,FlipTurn,AquaJet|||M|||50|,,,,,Grass]Kingambit||BlackGlasses|Defiant|KowtowCleave,SuckerPunch,SwordsDance,Protect|||M|||50|,,,,,Dark]Pelipper||FocusSash|Drizzle|WeatherBall,Hurricane,Tailwind,Protect|||M|||50|,,,,,Ghost]Electabuzz||Eviolite|VitalSpirit|Electroweb,Taunt,FollowMe,Protect|||F|||50|,,,,,Ghost
|showteam|p2|Weavile||LifeOrb|Pressure|IceSpinner,FakeOut,KnockOff,IceShard|||M|||50|,,,,,Ghost]Rillaboom||MiracleSeed|GrassySurge|FakeOut,GrassyGlide,WoodHammer,Protect|||M|||50|,,,,,Grass]Magnezone||ChoiceScarf|Sturdy|VoltSwitch,Electroweb,Thunderbolt,FlashCannon||||||50|,,,,,Flying]Dragonite||LoadedDice|Multiscale|Protect,ScaleShot,Tailwind,Haze|||F|||50|,,,,,Fairy]Ninetales-Alola||CovertCloak|SnowWarning|Blizzard,AuroraVeil,Encore,IcyWind|||M|||50|,,,,,Water]Infernape||ChoiceSpecs|Blaze|HeatWave,Overheat,AuraSphere,ScorchingSands|||F|||50|,,,,,Fire
|
|t:|1756379569
|teamsize|p1|4
|teamsize|p2|4
|start
|switch|p1a: Archaludon|Archaludon, L50, F, shiny|100/100
|switch|p1b: Rillaboom|Rillaboom, L50, M|100/100
|switch|p2a: Dragonite|Dragonite, L50, F|100/100
|switch|p2b: Rillaboom|Rillaboom, L50, M|100/100
|-fieldstart|move: Grassy Terrain|[from] ability: Grassy Surge|[of] p1b: Rillaboom
|turn|1
|inactive|Battle timer is ON: inactive players will automatically lose when time's up. (requested by Diegoelsocorrista)
|
|t:|1756379588
|-terastallize|p2a: Dragonite|Fairy
|move|p1b: Rillaboom|Fake Out|p2a: Dragonite
|-damage|p2a: Dragonite|94/100
|move|p2b: Rillaboom|Fake Out|p1b: Rillaboom
|-damage|p1b: Rillaboom|85/100
|move|p1a: Archaludon|Draco Meteor|p2a: Dragonite
|-immune|p2a: Dragonite
|cant|p2a: Dragonite|flinch
|
|-heal|p1b: Rillaboom|91/100|[from] Grassy Terrain
|-heal|p2a: Dragonite|99/100|[from] Grassy Terrain
|upkeep
|turn|2
|inactive|Diegoelsocorrista has 30 seconds left.
|
|t:|1756379614
|move|p1b: Rillaboom|Bullet Seed|p1a: Archaludon
|-resisted|p1a: Archaludon
|-damage|p1a: Archaludon|97/100
|-ability|p1a: Archaludon|Stamina|boost
|-boost|p1a: Archaludon|def|1
|-resisted|p1a: Archaludon
|-damage|p1a: Archaludon|96/100
|-ability|p1a: Archaludon|Stamina|boost
|-boost|p1a: Archaludon|def|1
|-resisted|p1a: Archaludon
|-damage|p1a: Archaludon|95/100
|-ability|p1a: Archaludon|Stamina|boost
|-boost|p1a: Archaludon|def|1
|-resisted|p1a: Archaludon
|-damage|p1a: Archaludon|94/100
|-ability|p1a: Archaludon|Stamina|boost
|-boost|p1a: Archaludon|def|1
|-hitcount|p1a: Archaludon|4
|move|p1a: Archaludon|Flash Cannon|p2a: Dragonite
|-supereffective|p2a: Dragonite
|-damage|p2a: Dragonite|29/100
|move|p2a: Dragonite|Scale Shot|p1b: Rillaboom
|-damage|p1b: Rillaboom|76/100
|-damage|p1b: Rillaboom|63/100
|-damage|p1b: Rillaboom|48/100
|-damage|p1b: Rillaboom|34/100
|-damage|p1b: Rillaboom|18/100
|-hitcount|p1b: Rillaboom|5
|-unboost|p2a: Dragonite|def|1
|-boost|p2a: Dragonite|spe|1
|move|p2b: Rillaboom|Wood Hammer|p1b: Rillaboom
|-resisted|p1b: Rillaboom
|-damage|p1b: Rillaboom|0 fnt
|faint|p1b: Rillaboom
|-damage|p2b: Rillaboom|95/100|[from] Recoil
|
|-heal|p2a: Dragonite|35/100|[from] Grassy Terrain
|-heal|p1a: Archaludon|99/100|[from] Grassy Terrain
|-heal|p2b: Rillaboom|100/100|[from] Grassy Terrain
|upkeep
|
|t:|1756379630
|switch|p1b: Pelipper|Pelipper, L50, M|100/100
|-weather|RainDance|[from] ability: Drizzle|[of] p1b: Pelipper
|turn|3
|
|t:|1756379644
|move|p2b: Rillaboom|Grassy Glide|p1b: Pelipper
|-damage|p1b: Pelipper|34/100
|move|p2a: Dragonite|Tailwind|p2a: Dragonite
|-sidestart|p2: Sincubii|move: Tailwind
|move|p1a: Archaludon|Electro Shot||[still]
|-prepare|p1a: Archaludon|Electro Shot
|-boost|p1a: Archaludon|spa|1
|-anim|p1a: Archaludon|Electro Shot|p2a: Dragonite
|-damage|p2a: Dragonite|0 fnt
|faint|p2a: Dragonite
|move|p1b: Pelipper|Hurricane|p2b: Rillaboom
|-supereffective|p2b: Rillaboom
|-damage|p2b: Rillaboom|0 fnt
|faint|p2b: Rillaboom
|
|-weather|RainDance|[upkeep]
|-heal|p1a: Archaludon|100/100|[from] Grassy Terrain
|upkeep
|
|t:|1756379649
|switch|p2a: Magnezone|Magnezone, L50|100/100
|switch|p2b: Infernape|Infernape, L50, F|100/100
|turn|4
|inactive|Diegoelsocorrista has 30 seconds left.
|
|t:|1756379679
|-terastallize|p1a: Archaludon|Fairy
|move|p2a: Magnezone|Electroweb|p1b: Pelipper|[spread] p1a
|-miss|p2a: Magnezone|p1b: Pelipper
|-damage|p1a: Archaludon|83/100
|-unboost|p1a: Archaludon|spe|1
|-ability|p1a: Archaludon|Stamina|boost
|-boost|p1a: Archaludon|def|1
|move|p2b: Infernape|Aura Sphere|p1a: Archaludon
|-resisted|p1a: Archaludon
|-damage|p1a: Archaludon|64/100
|-ability|p1a: Archaludon|Stamina|boost
|-boost|p1a: Archaludon|def|1
|move|p1b: Pelipper|Tailwind|p1b: Pelipper
|-sidestart|p1: Diegoelsocorrista|move: Tailwind
|move|p1a: Archaludon|Body Press|p2a: Magnezone
|-supereffective|p2a: Magnezone
|-ability|p2a: Magnezone|Sturdy
|-damage|p2a: Magnezone|1/100
|
|-weather|RainDance|[upkeep]
|-heal|p2a: Magnezone|7/100|[from] Grassy Terrain
|-heal|p1a: Archaludon|70/100|[from] Grassy Terrain
|upkeep
|turn|5
|-message|Sincubii forfeited.
|
|win|Diegoelsocorrista
|raw|Diegoelsocorrista's rating: 1046 → 1084(+38 for winning)
|raw|Sincubii's rating: 1097 → 1069(-28 for losing)
|l|☆Sincubii
|player|p2|
