|j|☆fcjavic01
|j|☆Il Mule
|html|fcjavic01Il Mule    
|uhtml|bestof|Game 1 of a best-of-3
|t:|1785422870
|gametype|doubles
|player|p1|fcjavic01|ninjaboy|1489
|player|p2|Il Mule|salvatore|1435
|gen|9
|tier|[Gen 9 Champions] VGC 2026 Reg M-B (Bo3)
|rated|
|rule|Species Clause: Limit one of each Pokémon
|rule|Item Clause: Limit 1 of each item
|clearpoke
|poke|p1|Floette-Eternal, L50, F|
|poke|p1|Charizard, L50, F|
|poke|p1|Basculegion, L50, M|
|poke|p1|Garchomp, L50, M|
|poke|p1|Whimsicott, L50, M|
|poke|p1|Kingambit, L50, M|
|poke|p2|Excadrill, L50, F|
|poke|p2|Tyranitar, L50, M|
|poke|p2|Sneasler, L50, M|
|poke|p2|Incineroar, L50, M|
|poke|p2|Blastoise, L50, F|
|poke|p2|Sinistcha, L50|
|teampreview|4
|showteam|p1|Floette-Eternal||Floettite|FlowerVeil|DazzlingGleam,Protect,Moonblast,LightofRuin|Modest||F|||50|]Charizard||CharizarditeY|Blaze|Protect,SolarBeam,WeatherBall,HeatWave|Modest||F|||50|]Basculegion||ChoiceScarf|Adaptability|FlipTurn,WaveCrash,LastRespects,AquaJet|Jolly||M|||50|]Garchomp||LifeOrb|RoughSkin|Protect,Earthquake,DragonClaw,RockSlide|Jolly||M|||50|]Whimsicott||FocusSash|Prankster|Moonblast,Encore,Protect,Tailwind|Timid||M|||50|]Kingambit||BlackGlasses|Defiant|Protect,KowtowCleave,IronHead,SuckerPunch|Adamant||M|||50|
|showteam|p2|Excadrill||FocusSash|SandRush|HighHorsepower,RockSlide,IronHead,Protect|Adamant||F|||50|]Tyranitar||Tyranitarite|SandStream|KnockOff,RockSlide,DragonDance,Protect|Adamant||M|||50|]Sneasler||WhiteHerb|Unburden|CloseCombat,DireClaw,Coaching,FakeOut|Jolly||M|||50|]Incineroar||SitrusBerry|Intimidate|FlareBlitz,HelpingHand,PartingShot,FakeOut|Impish||M|||50|]Blastoise||Blastoisinite|Torrent|WaterSpout,DarkPulse,ShellSmash,Protect|Modest||F|||50|]Sinistcha||ColburBerry|Hospitality|ShadowBall,LeafStorm,RagePowder,Protect|Bold|||||50|
|inactive|Battle timer is ON: inactive players will automatically lose when time's up. (requested by fcjavic01)
|j| Tridello
|inactive|Il Mule has 60 seconds left.
|c| Tridello|ma quello è blastoise
|c|☆Il Mule|porca troia se è una merda questa analisi di mercato
|j| cheat99
|c| Tridello|non so se te lo hanno mai detto ma dovresti provare un'altra mega acqua su blastoise
|
|t:|1785422927
|teamsize|p1|4
|teamsize|p2|4
|start
|switch|p1a: Whimsicott|Whimsicott, L50, M|100/100
|switch|p1b: Floette|Floette-Eternal, L50, F|100/100
|switch|p2a: Sidy|Incineroar, L50, M|100/100
|switch|p2b: Quando provo|Tyranitar, L50, M|100/100
|-weather|Sandstorm|[from] ability: Sand Stream|[of] p2b: Quando provo
|-ability|p2a: Sidy|Intimidate|boost
|-block|p1a: Whimsicott|ability: Flower Veil|[of] p1b: Floette
|-unboost|p1b: Floette|atk|1
|turn|1
|
|t:|1785422947
|switch|p2b: Sabotage|Sneasler, L50, M|100/100
|detailschange|p1b: Floette|Floette-Mega, L50, F
|-mega|p1b: Floette|Floette|Floettite
|-ability|p1b: Floette|Fairy Aura
|move|p2a: Sidy|Fake Out|p1b: Floette
|-damage|p1b: Floette|87/100
|move|p1a: Whimsicott|Moonblast|p2b: Sabotage
|-damage|p2b: Sabotage|47/100
|-unboost|p2b: Sabotage|spa|1
|-enditem|p2b: Sabotage|White Herb
|-clearnegativeboost|p2b: Sabotage|[silent]
|cant|p1b: Floette|flinch
|
|-weather|Sandstorm|[upkeep]
|-damage|p2b: Sabotage|41/100|[from] Sandstorm
|-damage|p1a: Whimsicott|94/100|[from] Sandstorm
|-damage|p1b: Floette|81/100|[from] Sandstorm
|-damage|p2a: Sidy|94/100|[from] Sandstorm
|upkeep
|turn|2
|j| rovesciaporci
|l| cheat99
|
|t:|1785422968
|switch|p1b: Garchomp|Garchomp, L50, M|100/100
|switch|p2a: Las brulè|Sinistcha, L50|100/100
|-heal|p2b: Sabotage|65/100|[from] ability: Hospitality|[of] p2a: Las brulè
|move|p1a: Whimsicott|Protect|p1a: Whimsicott
|-singleturn|p1a: Whimsicott|Protect
|move|p2b: Sabotage|Dire Claw|p1b: Garchomp
|-resisted|p1b: Garchomp|1
|-damage|p1b: Garchomp|82/100
|-damage|p2b: Sabotage|53/100|[from] ability: Rough Skin|[of] p1b: Garchomp
|
|-weather|Sandstorm|[upkeep]
|-damage|p2b: Sabotage|47/100|[from] Sandstorm
|-damage|p1a: Whimsicott|88/100|[from] Sandstorm
|-damage|p2a: Las brulè|93/100|[from] Sandstorm
|upkeep
|turn|3
|c| rovesciaporci|calafato già meglio di felaco
|c| Tridello|venustoise
|c|☆Il Mule|ho i miei dubbi
|inactive|Il Mule has 30 seconds left.
|j| lakaka siuuu
|
|t:|1785422996
|switch|p2b: Sidy|Incineroar, L50, M|94/100
|-ability|p2b: Sidy|Intimidate|boost
|-unboost|p1a: Whimsicott|atk|1
|-unboost|p1b: Garchomp|atk|1
|move|p1a: Whimsicott|Tailwind|p1a: Whimsicott
|-sidestart|p1: fcjavic01|move: Tailwind
|move|p1b: Garchomp|Earthquake|p2a: Las brulè|[spread] p1a,p2a,p2b
|-resisted|p1a: Whimsicott|1
|-resisted|p2a: Las brulè|1
|-supereffective|p2b: Sidy|1
|-damage|p1a: Whimsicott|62/100
|-damage|p2a: Las brulè|78/100
|-damage|p2b: Sidy|40/100
|-enditem|p2b: Sidy|Sitrus Berry|[eat]
|-heal|p2b: Sidy|64/100|[from] item: Sitrus Berry
|-damage|p1b: Garchomp|72/100|[from] item: Life Orb
|move|p2a: Las brulè|Shadow Ball|p1a: Whimsicott
|-damage|p1a: Whimsicott|7/100
|
|-weather|Sandstorm|[upkeep]
|-damage|p1a: Whimsicott|1/100|[from] Sandstorm
|-damage|p2a: Las brulè|72/100|[from] Sandstorm
|-damage|p2b: Sidy|58/100|[from] Sandstorm
|upkeep
|turn|4
|
|t:|1785423020
|switch|p1a: Floette|Floette-Mega, L50, F|81/100
|-ability|p1a: Floette|Fairy Aura
|switch|p1b: Kingambit|Kingambit, L50, M|100/100
|move|p2a: Las brulè|Shadow Ball|p1b: Kingambit
|-resisted|p1b: Kingambit|1
|-damage|p1b: Kingambit|82/100
|move|p2b: Sidy|Parting Shot|p1b: Kingambit
|-unboost|p1b: Kingambit|atk|1
|-ability|p1b: Kingambit|Defiant|boost
|-boost|p1b: Kingambit|atk|2
|-unboost|p1b: Kingambit|spa|1
|-ability|p1b: Kingambit|Defiant|boost
|-boost|p1b: Kingambit|atk|2
|c|☆Il Mule|g2
|
|t:|1785423032
|switch|p2b: Sabotage|Sneasler, L50, M|47/100|[from] Parting Shot
|
|-weather|Sandstorm|[upkeep]
|-damage|p1a: Floette|75/100|[from] Sandstorm
|-damage|p2b: Sabotage|41/100|[from] Sandstorm
|-damage|p2a: Las brulè|66/100|[from] Sandstorm
|upkeep
|turn|5
|c| lakaka siuuu|vinta
|j| cheat99
|l| cheat99
|c|☆Il Mule|non ne posso più dei pokemon
|inactive|Il Mule has 30 seconds left.
|
|t:|1785423057
|move|p2a: Las brulè|Rage Powder|p2a: Las brulè
|-singleturn|p2a: Las brulè|move: Rage Powder
|move|p1a: Floette|Dazzling Gleam|p2b: Sabotage|[spread] p2a,p2b
|-damage|p2a: Las brulè|21/100
|-damage|p2b: Sabotage|0 fnt
|faint|p2b: Sabotage
|move|p1b: Kingambit|Kowtow Cleave|p2a: Las brulè
|-supereffective|p2a: Las brulè|1
|-enditem|p2a: Las brulè|Colbur Berry|[eat]
|-enditem|p2a: Las brulè|Colbur Berry|[weaken]
|-damage|p2a: Las brulè|0 fnt
|faint|p2a: Las brulè
|
|-weather|none
|upkeep
|-message|Il Mule forfeited.
|
|win|fcjavic01
