|j|☆Capravolante97
|j|☆jeanryupr
|html|Capravolante97jeanryupr    
|uhtml|bestof|Game 2 of a best-of-3
|t:|1785790147
|gametype|doubles
|player|p1|Capravolante97|fantina|1264
|player|p2|jeanryupr|169|1207
|gen|9
|tier|[Gen 9 Champions] VGC 2026 Reg M-B (Bo3)
|rated|
|rule|Species Clause: Limit one of each Pokémon
|rule|Item Clause: Limit 1 of each item
|clearpoke
|poke|p1|Salazzle, L50, F, shiny|
|poke|p1|Staraptor, L50, F|
|poke|p1|Gholdengo, L50|
|poke|p1|Tyranitar, L50, M|
|poke|p1|Sinistcha, L50|
|poke|p1|Garchomp, L50, M, shiny|
|poke|p2|Raichu, L50, M|
|poke|p2|Aerodactyl, L50, M|
|poke|p2|Floette-Eternal, L50, F|
|poke|p2|Kingambit, L50, M|
|poke|p2|Farigiraf, L50, F|
|poke|p2|Kommo-o, L50, F|
|teampreview|4
|showteam|p1|Salazzle||FocusSash|Corrosion|FakeOut,Endeavor,Overheat,SludgeBomb|Timid||F|||50|]Staraptor||Staraptite|Intimidate|CloseCombat,BraveBird,Tailwind,Protect|Jolly||F|||50|]Gholdengo||LifeOrb|GoodasGold|MakeItRain,ShadowBall,NastyPlot,Protect|Modest|||||50|]Tyranitar||ChoiceScarf|SandStream|IcePunch,KnockOff,RockSlide,HighHorsepower|Jolly||M|||50|]Sinistcha||KasibBerry|Hospitality|MatchaGotcha,RagePowder,Protect,TrickRoom|Calm|||||50|]Garchomp||Garchompite|RoughSkin|PowerGem,DracoMeteor,EarthPower,Protect|Modest||M|||50|
|showteam|p2|Raichu||RaichuniteY|LightningRod|ZapCannon,FocusBlast,FakeOut,Protect|Timid||M|||50|]Aerodactyl||FocusSash|Unnerve|WideGuard,DualWingbeat,RockSlide,Tailwind|Jolly||M|||50|]Floette-Eternal||Floettite|FlowerVeil|CalmMind,DazzlingGleam,DrainingKiss,Protect|Timid||F|||50|]Kingambit||LifeOrb|Defiant|KowtowCleave,Protect,SuckerPunch,SwordsDance|Adamant||M|||50|]Farigiraf||SitrusBerry|ArmorTail|TrickRoom,HelpingHand,Thunderbolt,Psychic|Bold||F|||50|]Kommo-o||Leftovers|Soundproof|ClangingScales,AuraSphere,ClangorousSoul,Protect|Modest||F|||50|
|inactive|Battle timer is ON: inactive players will automatically lose when time's up. (requested by Capravolante97)
|inactive|Capravolante97 has 60 seconds left.
|inactive|Capravolante97 has 30 seconds left.
|inactive|Capravolante97 has 20 seconds left.
|inactive|Capravolante97 has 15 seconds left.
|inactive|Capravolante97 has 10 seconds left.
|inactive|Capravolante97 has 5 seconds left.
|
|t:|1785790235
|teamsize|p1|4
|teamsize|p2|4
|start
|switch|p1a: Salazzle|Salazzle, L50, F, shiny|100/100
|switch|p1b: Staraptor|Staraptor, L50, F|100/100
|switch|p2a: Floette|Floette-Eternal, L50, F|100/100
|switch|p2b: Kommo-o|Kommo-o, L50, F|100/100
|-ability|p1b: Staraptor|Intimidate|boost
|-unboost|p2a: Floette|atk|1
|-unboost|p2b: Kommo-o|atk|1
|turn|1
|inactive|Capravolante97 has 30 seconds left.
|inactive|jeanryupr has 30 seconds left.
|inactive|Capravolante97 has 20 seconds left.
|inactive|Capravolante97 has 15 seconds left.
|inactive|jeanryupr has 20 seconds left.
|inactive|Capravolante97 has 10 seconds left.
|inactive|jeanryupr has 15 seconds left.
|inactive|Capravolante97 has 5 seconds left.
|inactive|jeanryupr has 10 seconds left.
|
|t:|1785790288
|switch|p2a: Farigiraf|Farigiraf, L50, F|100/100
|detailschange|p1b: Staraptor|Staraptor-Mega, L50, F
|-mega|p1b: Staraptor|Staraptor|Staraptite
|move|p1a: Salazzle|Sludge Bomb|p2a: Farigiraf
|-damage|p2a: Farigiraf|57/100
|move|p1b: Staraptor|Tailwind|p1b: Staraptor
|-sidestart|p1: Capravolante97|move: Tailwind
|move|p2b: Kommo-o|Clangorous Soul|p2b: Kommo-o
|-boost|p2b: Kommo-o|atk|1
|-boost|p2b: Kommo-o|def|1
|-boost|p2b: Kommo-o|spa|1
|-boost|p2b: Kommo-o|spd|1
|-boost|p2b: Kommo-o|spe|1
|-damage|p2b: Kommo-o|67/100
|
|-heal|p2b: Kommo-o|73/100|[from] item: Leftovers
|upkeep
|turn|2
|inactive|Capravolante97 has 30 seconds left.
|j| WhimsicottTornadus
|inactive|Capravolante97 has 20 seconds left.
|l| WhimsicottTornadus
|inactive|Capravolante97 has 15 seconds left.
|inactive|Capravolante97 has 10 seconds left.
|inactive|Capravolante97 has 5 seconds left.
|
|t:|1785790339
|move|p2b: Kommo-o|Protect|p2b: Kommo-o
|-singleturn|p2b: Kommo-o|Protect
|move|p1a: Salazzle|Sludge Bomb|p2a: Farigiraf
|-damage|p2a: Farigiraf|18/100
|-enditem|p2a: Farigiraf|Sitrus Berry|[eat]
|-heal|p2a: Farigiraf|42/100|[from] item: Sitrus Berry
|move|p1b: Staraptor|Close Combat|p2a: Farigiraf
|-damage|p2a: Farigiraf|0 fnt
|-boost|p1b: Staraptor|def|1
|-boost|p1b: Staraptor|spd|1
|faint|p2a: Farigiraf
|
|-heal|p2b: Kommo-o|79/100|[from] item: Leftovers
|upkeep
|
|t:|1785790352
|switch|p2a: Kingambit|Kingambit, L50, M|100/100
|turn|3
|
|t:|1785790362
|move|p2a: Kingambit|Sucker Punch|p1a: Salazzle
|-enditem|p1a: Salazzle|Focus Sash
|-damage|p1a: Salazzle|1/100
|-damage|p2a: Kingambit|90/100|[from] item: Life Orb
|move|p1a: Salazzle|Overheat|p2a: Kingambit
|-supereffective|p2a: Kingambit|1
|-damage|p2a: Kingambit|0 fnt
|-unboost|p1a: Salazzle|spa|2
|faint|p2a: Kingambit
|move|p1b: Staraptor|Brave Bird|p2b: Kommo-o
|-supereffective|p2b: Kommo-o|1
|-damage|p2b: Kommo-o|18/100
|-damage|p1b: Staraptor|80/100|[from] Recoil
|move|p2b: Kommo-o|Clanging Scales|p1b: Staraptor|[spread] p1a,p1b
|-damage|p1a: Salazzle|0 fnt
|-damage|p1b: Staraptor|47/100
|faint|p1a: Salazzle
|-unboost|p2b: Kommo-o|def|1
|
|-heal|p2b: Kommo-o|24/100|[from] item: Leftovers
|upkeep
|inactive|Capravolante97 has 30 seconds left.
|
|t:|1785790391
|switch|p1a: Sinistcha|Sinistcha, L50|100/100
|switch|p2a: Floette|Floette-Eternal, L50, F|100/100
|-heal|p1b: Staraptor|72/100|[from] ability: Hospitality|[of] p1a: Sinistcha
|turn|4
|
|t:|1785790414
|detailschange|p2a: Floette|Floette-Mega, L50, F
|-mega|p2a: Floette|Floette|Floettite
|-ability|p2a: Floette|Fairy Aura
|move|p2a: Floette|Protect|p2a: Floette
|-singleturn|p2a: Floette|Protect
|move|p2b: Kommo-o|Protect|p2b: Kommo-o
|-singleturn|p2b: Kommo-o|Protect
|move|p1b: Staraptor|Brave Bird|p2a: Floette
|-activate|p2a: Floette|move: Protect
|move|p1a: Sinistcha|Trick Room|p1a: Sinistcha
|-fieldstart|move: Trick Room|[of] p1a: Sinistcha
|
|-heal|p2b: Kommo-o|30/100|[from] item: Leftovers
|-sideend|p1: Capravolante97|move: Tailwind
|upkeep
|turn|5
|inactive|Capravolante97 has 30 seconds left.
|inactive|jeanryupr has 30 seconds left.
|inactive|Capravolante97 has 20 seconds left.
|inactive|jeanryupr has 20 seconds left.
|inactive|Capravolante97 has 15 seconds left.
|
|t:|1785790456
|switch|p1a: Gholdengo|Gholdengo, L50|100/100
|move|p1b: Staraptor|Protect|p1b: Staraptor
|-singleturn|p1b: Staraptor|Protect
|move|p2b: Kommo-o|Clanging Scales|p1a: Gholdengo|[spread] p1a
|-activate|p1b: Staraptor|move: Protect
|-resisted|p1a: Gholdengo|1
|-damage|p1a: Gholdengo|75/100
|-unboost|p2b: Kommo-o|def|1
|move|p2a: Floette|Dazzling Gleam|p1a: Gholdengo|[spread] p1a
|-activate|p1b: Staraptor|move: Protect
|-resisted|p1a: Gholdengo|1
|-damage|p1a: Gholdengo|54/100
|
|-heal|p2b: Kommo-o|36/100|[from] item: Leftovers
|upkeep
|turn|6
|
|t:|1785790475
|switch|p1b: Sinistcha|Sinistcha, L50|100/100
|-heal|p1a: Gholdengo|79/100|[from] ability: Hospitality|[of] p1b: Sinistcha
|move|p1a: Gholdengo|Nasty Plot|p1a: Gholdengo
|-boost|p1a: Gholdengo|spa|2
|move|p2b: Kommo-o|Clanging Scales|p1b: Sinistcha|[spread] p1a,p1b
|-resisted|p1a: Gholdengo|1
|-damage|p1a: Gholdengo|54/100
|-damage|p1b: Sinistcha|52/100
|-unboost|p2b: Kommo-o|def|1
|move|p2a: Floette|Dazzling Gleam|p1a: Gholdengo|[spread] p1a,p1b
|-resisted|p1a: Gholdengo|1
|-damage|p1a: Gholdengo|34/100
|-damage|p1b: Sinistcha|11/100
|
|-heal|p2b: Kommo-o|42/100|[from] item: Leftovers
|upkeep
|turn|7
|
|t:|1785790498
|switch|p1b: Staraptor|Staraptor-Mega, L50, F|72/100
|move|p2a: Floette|Protect|p2a: Floette
|-singleturn|p2a: Floette|Protect
|move|p1a: Gholdengo|Make It Rain|p2a: Floette|[spread] p2b
|-activate|p2a: Floette|move: Protect
|-crit|p2b: Kommo-o
|-damage|p2b: Kommo-o|0 fnt
|-unboost|p1a: Gholdengo|spa|2
|faint|p2b: Kommo-o
|-damage|p1a: Gholdengo|24/100|[from] item: Life Orb
|
|upkeep
|turn|8
|
|t:|1785790513
|move|p1b: Staraptor|Protect|p1b: Staraptor
|-singleturn|p1b: Staraptor|Protect
|move|p1a: Gholdengo|Make It Rain|p2a: Floette
|-supereffective|p2a: Floette|1
|-damage|p2a: Floette|0 fnt
|-unboost|p1a: Gholdengo|spa|2
|faint|p2a: Floette
|-damage|p1a: Gholdengo|15/100|[from] item: Life Orb
|
|win|Capravolante97
