|j|☆Purgatory12
|j|☆Verdas1128
|html|Purgatory12Verdas1128    
|uhtml|bestof|Game 2 of a best-of-3
|t:|1784065023
|gametype|doubles
|player|p1|Purgatory12|1|1091
|player|p2|Verdas1128|rei|1000
|gen|9
|tier|[Gen 9 Champions] VGC 2026 Reg M-B (Bo3)
|rated|
|rule|Species Clause: Limit one of each Pokémon
|rule|Item Clause: Limit 1 of each item
|clearpoke
|poke|p1|Aerodactyl, L50, F|
|poke|p1|Venusaur, L50, M|
|poke|p1|Charizard, L50, M|
|poke|p1|Garchomp, L50, F|
|poke|p1|Basculegion, L50, M|
|poke|p1|Raichu, L50, F|
|poke|p2|Metagross, L50|
|poke|p2|Pelipper, L50, F|
|poke|p2|Swampert, L50, M|
|poke|p2|Archaludon, L50, M|
|poke|p2|Sinistcha-Masterpiece, L50|
|poke|p2|Grimmsnarl, L50, M|
|teampreview|4
|showteam|p1|Aerodactyl||Aerodactylite|Unnerve|Tailwind,RockSlide,DualWingbeat,Protect|Jolly||F|||50|]Venusaur||FocusSash|Chlorophyll|GigaDrain,SludgeBomb,SleepPowder,Protect|Modest||M|||50|]Charizard||CharizarditeY|Blaze|WeatherBall,HeatWave,Protect,SolarBeam|Timid||M|||50|]Garchomp||LifeOrb|RoughSkin|Earthquake,RockSlide,DragonClaw,Protect|Jolly||F|||50|]Basculegion||ChoiceScarf|Adaptability|FlipTurn,WaveCrash,LastRespects,AquaJet|Jolly||M|||50|]Raichu||RaichuniteY|Static|ZapCannon,FocusBlast,Protect,FakeOut|Timid||F|||50|
|showteam|p2|Metagross||Metagrossite|ClearBody|BodyPress,IronHead,PsychicFangs,Protect|Jolly|||||50|]Pelipper||DampRock|Drizzle|Tailwind,WideGuard,Protect,WeatherBall|Modest||F|||50|]Swampert||Swampertite|Torrent|IcePunch,WaveCrash,Earthquake,Protect|Jolly||M|||50|]Archaludon||Leftovers|Stamina|ElectroShot,FlashCannon,DragonPulse,Protect|Modest||M|||50|]Sinistcha-Masterpiece||SitrusBerry|Hospitality|MatchaGotcha,Protect,RagePowder,ShadowBall|Bold|||||50|]Grimmsnarl||LightClay|Prankster|LightScreen,Reflect,Protect,SpiritBreak|Impish||M|||50|
|inactive|Battle timer is ON: inactive players will automatically lose when time's up. (requested by Verdas1128)
|
|t:|1784065035
|teamsize|p1|4
|teamsize|p2|4
|start
|switch|p1a: Raichu|Raichu, L50, F|100/100
|switch|p1b: Venusaur|Venusaur, L50, M|100/100
|switch|p2a: Archaludon|Archaludon, L50, M|100/100
|switch|p2b: Pelipper|Pelipper, L50, F|100/100
|-weather|RainDance|[from] ability: Drizzle|[of] p2b: Pelipper
|turn|1
|inactive|Purgatory12 has 30 seconds left.
|
|t:|1784065062
|switch|p2b: Sinistcha|Sinistcha-Masterpiece, L50|100/100
|detailschange|p1a: Raichu|Raichu-Mega-Y, L50, F
|-mega|p1a: Raichu|Raichu|Raichunite Y
|move|p1a: Raichu|Zap Cannon|p2b: Sinistcha
|-resisted|p2b: Sinistcha|1
|-damage|p2b: Sinistcha|66/100
|-status|p2b: Sinistcha|par
|move|p1b: Venusaur|Sleep Powder|p2a: Archaludon
|-status|p2a: Archaludon|slp|[from] move: Sleep Powder
|cant|p2a: Archaludon|slp
|
|-weather|RainDance|[upkeep]
|upkeep
|turn|2
|inactive|Purgatory12 has 30 seconds left.
|
|t:|1784065090
|switch|p1a: Charizard|Charizard, L50, M|100/100
|-curestatus|p2a: Archaludon|slp|[msg]
|move|p2a: Archaludon|Protect|p2a: Archaludon
|-singleturn|p2a: Archaludon|Protect
|move|p1b: Venusaur|Sludge Bomb|p2b: Sinistcha
|-damage|p2b: Sinistcha|25/100 par
|-enditem|p2b: Sinistcha|Sitrus Berry|[eat]
|-heal|p2b: Sinistcha|50/100g par|[from] item: Sitrus Berry
|move|p2b: Sinistcha|Matcha Gotcha|p1a: Charizard|[spread] p1a,p1b
|-resisted|p1a: Charizard|2
|-resisted|p1b: Venusaur|2
|-damage|p1a: Charizard|93/100
|-heal|p2b: Sinistcha|53/100 par|[from] drain|[of] p1a: Charizard
|-damage|p1b: Venusaur|93/100
|-heal|p2b: Sinistcha|56/100 par|[from] drain|[of] p1b: Venusaur
|
|-weather|RainDance|[upkeep]
|upkeep
|turn|3
|inactive|Purgatory12 has 30 seconds left.
|
|t:|1784065121
|move|p1a: Charizard|Heat Wave|p2a: Archaludon|[spread] p2a
|-miss|p1a: Charizard|p2b: Sinistcha
|-damage|p2a: Archaludon|81/100
|-status|p2a: Archaludon|brn
|-ability|p2a: Archaludon|Stamina|boost
|-boost|p2a: Archaludon|def|1
|move|p1b: Venusaur|Sleep Powder||[still]
|-fail|p1b: Venusaur
|move|p2a: Archaludon|Electro Shot||[still]
|-prepare|p2a: Archaludon|Electro Shot
|-boost|p2a: Archaludon|spa|1
|-anim|p2a: Archaludon|Electro Shot|p1a: Charizard
|-supereffective|p1a: Charizard|1
|-damage|p1a: Charizard|0 fnt
|faint|p1a: Charizard
|move|p2b: Sinistcha|Shadow Ball|p1b: Venusaur
|-damage|p1b: Venusaur|56/100
|-unboost|p1b: Venusaur|spd|1
|
|-weather|RainDance|[upkeep]
|-heal|p2a: Archaludon|87/100 brn|[from] item: Leftovers
|-damage|p2a: Archaludon|81/100 brn|[from] brn
|upkeep
|inactive|Purgatory12 has 30 seconds left.
|
|t:|1784065150
|switch|p1a: Raichu|Raichu-Mega-Y, L50, F|100/100
|turn|4
|
|t:|1784065161
|switch|p2b: Swampert|Swampert, L50, M|100/100
|move|p2a: Archaludon|Protect|p2a: Archaludon
|-singleturn|p2a: Archaludon|Protect
|move|p1a: Raichu|Fake Out|p2a: Archaludon
|-activate|p2a: Archaludon|move: Protect
|move|p1b: Venusaur|Sludge Bomb|p2b: Swampert
|-resisted|p2b: Swampert|1
|-damage|p2b: Swampert|75/100
|
|-weather|RainDance|[upkeep]
|-heal|p2a: Archaludon|87/100 brn|[from] item: Leftovers
|-damage|p2a: Archaludon|81/100 brn|[from] brn
|upkeep
|turn|5
|inactive|Purgatory12 has 30 seconds left.
|
|t:|1784065192
|switch|p1b: Basculegion|Basculegion, L50, M|100/100
|switch|p2a: Sinistcha|Sinistcha-Masterpiece, L50|56/100 par
|-heal|p2b: Swampert|100/100|[from] ability: Hospitality|[of] p2a: Sinistcha
|detailschange|p2b: Swampert|Swampert-Mega, L50, M
|-mega|p2b: Swampert|Swampert|Swampertite
|move|p2b: Swampert|Ice Punch|p1b: Basculegion
|-resisted|p1b: Basculegion|1
|-damage|p1b: Basculegion|82/100
|move|p1a: Raichu|Focus Blast|p2a: Sinistcha
|-immune|p2a: Sinistcha
|
|-weather|RainDance|[upkeep]
|upkeep
|turn|6
|
|t:|1784065217
|move|p2a: Sinistcha|Rage Powder|p2a: Sinistcha
|-singleturn|p2a: Sinistcha|move: Rage Powder
|move|p2b: Swampert|Earthquake|p1a: Raichu|[spread] p2a,p1a,p1b
|-resisted|p2a: Sinistcha|1
|-supereffective|p1a: Raichu|1
|-damage|p2a: Sinistcha|37/100 par
|-damage|p1a: Raichu|0 fnt
|-damage|p1b: Basculegion|23/100
|faint|p1a: Raichu
|move|p1b: Basculegion|Last Respects|p2a: Sinistcha
|-supereffective|p2a: Sinistcha|1
|-damage|p2a: Sinistcha|0 fnt
|faint|p2a: Sinistcha
|
|-weather|RainDance|[upkeep]
|upkeep
|
|t:|1784065238
|switch|p1a: Venusaur|Venusaur, L50, M|56/100
|switch|p2a: Archaludon|Archaludon, L50, M|81/100 brn
|turn|7
|
|t:|1784065248
|move|p2b: Swampert|Protect|p2b: Swampert
|-singleturn|p2b: Swampert|Protect
|move|p1b: Basculegion|Last Respects|p2a: Archaludon
|-damage|p2a: Archaludon|11/100 brn
|-ability|p2a: Archaludon|Stamina|boost
|-boost|p2a: Archaludon|def|1
|move|p1a: Venusaur|Giga Drain|p2b: Swampert
|-activate|p2b: Swampert|move: Protect
|move|p2a: Archaludon|Dragon Pulse|p1b: Basculegion
|-damage|p1b: Basculegion|0 fnt
|faint|p1b: Basculegion
|
|-weather|RainDance|[upkeep]
|-heal|p2a: Archaludon|17/100 brn|[from] item: Leftovers
|-damage|p2a: Archaludon|11/100 brn|[from] brn
|upkeep
|turn|8
|
|t:|1784065266
|move|p1a: Venusaur|Protect|p1a: Venusaur
|-singleturn|p1a: Venusaur|Protect
|move|p2b: Swampert|Ice Punch|p1a: Venusaur
|-activate|p1a: Venusaur|move: Protect
|move|p2a: Archaludon|Dragon Pulse|p1a: Venusaur
|-activate|p1a: Venusaur|move: Protect
|
|-weather|none
|-heal|p2a: Archaludon|17/100 brn|[from] item: Leftovers
|-damage|p2a: Archaludon|11/100 brn|[from] brn
|upkeep
|turn|9
|
|t:|1784065284
|switch|p2b: Pelipper|Pelipper, L50, F|100/100
|-weather|RainDance|[from] ability: Drizzle|[of] p2b: Pelipper
|move|p2a: Archaludon|Protect|p2a: Archaludon
|-singleturn|p2a: Archaludon|Protect
|move|p1a: Venusaur|Giga Drain|p2b: Pelipper
|-crit|p2b: Pelipper
|-damage|p2b: Pelipper|22/100
|-heal|p1a: Venusaur|94/100|[from] drain|[of] p2b: Pelipper
|
|-weather|RainDance|[upkeep]
|-heal|p2a: Archaludon|17/100 brn|[from] item: Leftovers
|-damage|p2a: Archaludon|11/100 brn|[from] brn
|upkeep
|turn|10
|
|t:|1784065297
|move|p1a: Venusaur|Giga Drain|p2b: Pelipper
|-damage|p2b: Pelipper|0 fnt
|-heal|p1a: Venusaur|100/100|[from] drain|[of] p2b: Pelipper
|faint|p2b: Pelipper
|move|p2a: Archaludon|Dragon Pulse|p1a: Venusaur
|-damage|p1a: Venusaur|53/100
|
|-weather|RainDance|[upkeep]
|-heal|p2a: Archaludon|17/100 brn|[from] item: Leftovers
|-damage|p2a: Archaludon|11/100 brn|[from] brn
|upkeep
|
|t:|1784065301
|switch|p2b: Swampert|Swampert-Mega, L50, M|100/100
|turn|11
|
|t:|1784065307
|move|p2b: Swampert|Ice Punch|p1a: Venusaur
|-supereffective|p1a: Venusaur|1
|-damage|p1a: Venusaur|0 fnt
|faint|p1a: Venusaur
|
|win|Verdas1128
