|j|☆3antar
|j|☆RamonTheKiller
|html|3antarRamonTheKiller    
|uhtml|bestof|Game 2 of a best-of-3
|t:|1756819749
|gametype|doubles
|player|p1|3antar|brycenman|1061
|player|p2|RamonTheKiller|palmer|1168
|gen|9
|tier|[Gen 9] VGC 2025 Reg H (Bo3)
|rated|
|rule|Species Clause: Limit one of each Pokémon
|rule|Item Clause: Limit 1 of each item
|clearpoke
|poke|p1|Spiritomb, L50, M|
|poke|p1|Avalugg-Hisui, L50, M|
|poke|p1|Ursaluna-Bloodmoon, L50, M|
|poke|p1|Grimmsnarl, L50, M|
|poke|p1|Hatterene, L50, F|
|poke|p1|Abomasnow, L50, M|
|poke|p2|Incineroar, L50, M|
|poke|p2|Amoonguss, L50, F|
|poke|p2|Gholdengo, L50|
|poke|p2|Dragonite, L50, F|
|poke|p2|Sneasler, L50, F|
|poke|p2|Primarina, L50, F|
|teampreview|4
|showteam|p1|Spiritomb||SitrusBerry|Pressure|WillOWisp,TrickRoom,HelpingHand,Poltergeist|||M|||50|,,,,,Steel]Avalugg-Hisui||AssaultVest|Sturdy|MountainGale,HighHorsepower,BodyPress,RockSlide|||M|||50|,,,,,Ghost]Ursaluna-Bloodmoon||ThroatSpray|MindsEye|BloodMoon,HyperVoice,EarthPower,Protect|||M|||50|,,,,,Normal]Grimmsnarl||EjectButton|Prankster|SpiritBreak,FakeTears,FakeOut,PartingShot|||M|||50|,,,,,Ghost]Hatterene||CovertCloak|MagicBounce|ExpandingForce,TeraBlast,TrickRoom,Protect|||F|||50|,,,,,Fire]Abomasnow||LightClay|SnowWarning|AuroraVeil,Blizzard,GrassKnot,Protect|||M|||50|,,,,,Water
|showteam|p2|Incineroar||SafetyGoggles|Intimidate|KnockOff,FakeOut,PartingShot,FlareBlitz|||M|||50|,,,,,Ghost]Amoonguss||RockyHelmet|Regenerator|RagePowder,PollenPuff,Spore,Protect|||F|||50|,,,,,Fairy]Gholdengo||LifeOrb|GoodasGold|MakeItRain,ShadowBall,NastyPlot,Protect||||||50|,,,,,Water]Dragonite||LoadedDice|Multiscale|ScaleShot,Protect,Tailwind,Haze|||F|||50|,,,,,Fairy]Sneasler||FocusSash|Unburden|DireClaw,CloseCombat,Protect,ThroatChop|||F|||50|,,,,,Stellar]Primarina||AssaultVest|LiquidVoice|HyperVoice,Moonblast,IcyWind,TeraBlast|||F|||50|,,,,,Poison
|inactive|Battle timer is ON: inactive players will automatically lose when time's up. (requested by RamonTheKiller)
|
|t:|1756819780
|teamsize|p1|4
|teamsize|p2|4
|start
|switch|p1a: Hatterene|Hatterene, L50, F, shiny|100/100
|switch|p1b: Grimmsnarl|Grimmsnarl, L50, M, shiny|100/100
|switch|p2a: Gholdengo|Gholdengo, L50|100/100
|switch|p2b: Incineroar|Incineroar, L50, M|100/100
|-ability|p2b: Incineroar|Intimidate|boost
|-unboost|p1a: Hatterene|atk|1
|-unboost|p1b: Grimmsnarl|atk|1
|turn|1
|
|t:|1756819796
|-terastallize|p1a: Hatterene|Fire
|move|p1b: Grimmsnarl|Fake Out|p2b: Incineroar
|-damage|p2b: Incineroar|93/100
|move|p2a: Gholdengo|Shadow Ball|p1a: Hatterene
|-damage|p1a: Hatterene|46/100
|-damage|p2a: Gholdengo|91/100|[from] item: Life Orb
|cant|p2b: Incineroar|flinch
|move|p1a: Hatterene|Trick Room|p1a: Hatterene
|-fieldstart|move: Trick Room|[of] p1a: Hatterene
|
|upkeep
|turn|2
|inactive|3antar has 30 seconds left.
|
|t:|1756819827
|switch|p2a: Primarina|Primarina, L50, F|100/100
|move|p1a: Hatterene|Tera Blast|p2a: Primarina|[anim] Tera Blast Fire
|-resisted|p2a: Primarina
|-damage|p2a: Primarina|88/100
|move|p1b: Grimmsnarl|Spirit Break|p2a: Primarina
|-damage|p2a: Primarina|63/100
|-unboost|p2a: Primarina|spa|1
|move|p2b: Incineroar|Knock Off|p1a: Hatterene
|-damage|p1a: Hatterene|6/100
|-enditem|p1a: Hatterene|Covert Cloak|[from] move: Knock Off|[of] p2b: Incineroar
|
|upkeep
|turn|3
|
|t:|1756819846
|move|p1b: Grimmsnarl|Parting Shot|p1a: Hatterene
|move|p1a: Hatterene|Parting Shot|p1b: Grimmsnarl|[from] ability: Magic Bounce
|-unboost|p1b: Grimmsnarl|atk|1
|-unboost|p1b: Grimmsnarl|spa|1
|
|t:|1756819853
|switch|p1a: Avalugg|Avalugg-Hisui, L50, M, shiny|100/100|[from] Parting Shot
|move|p2a: Primarina|Hyper Voice|p1b: Grimmsnarl|[spread] p1a,p1b
|-supereffective|p1a: Avalugg
|-damage|p1a: Avalugg|65/100
|-damage|p1b: Grimmsnarl|77/100
|-enditem|p1b: Grimmsnarl|Eject Button
|
|t:|1756819860
|switch|p1b: Ursaluna|Ursaluna-Bloodmoon, L50, M|100/100
|move|p2b: Incineroar|Parting Shot|p1b: Ursaluna
|-unboost|p1b: Ursaluna|atk|1
|-unboost|p1b: Ursaluna|spa|1
|
|t:|1756819868
|switch|p2b: Gholdengo|Gholdengo, L50|91/100|[from] Parting Shot
|
|upkeep
|turn|4
|
|t:|1756819876
|-terastallize|p2b: Gholdengo|Water
|move|p1a: Avalugg|High Horsepower|p2b: Gholdengo
|-damage|p2b: Gholdengo|60/100
|move|p1b: Ursaluna|Hyper Voice|p2b: Gholdengo|[spread] p2a,p2b
|-crit|p2a: Primarina
|-damage|p2a: Primarina|31/100
|-damage|p2b: Gholdengo|31/100
|-enditem|p1b: Ursaluna|Throat Spray
|-boost|p1b: Ursaluna|spa|1|[from] item: Throat Spray
|move|p2a: Primarina|Hyper Voice|p1a: Avalugg|[spread] p1a,p1b
|-supereffective|p1a: Avalugg
|-supereffective|p1b: Ursaluna
|-damage|p1a: Avalugg|28/100
|-damage|p1b: Ursaluna|50/100
|move|p2b: Gholdengo|Make It Rain|p1b: Ursaluna|[spread] p1a,p1b
|-supereffective|p1a: Avalugg
|-damage|p1a: Avalugg|0 fnt
|-damage|p1b: Ursaluna|0 fnt
|-unboost|p2b: Gholdengo|spa|1
|faint|p1a: Avalugg
|faint|p1b: Ursaluna
|-damage|p2b: Gholdengo|21/100|[from] item: Life Orb
|
|upkeep
|
|t:|1756819886
|switch|p1a: Hatterene|Hatterene, L50, F, shiny, tera:Fire|6/100
|switch|p1b: Grimmsnarl|Grimmsnarl, L50, M, shiny|77/100
|turn|5
|-message|3antar forfeited.
|
|win|RamonTheKiller
|raw|3antar's rating: 1061 → 1048(-13 for losing)
|raw|RamonTheKiller's rating: 1168 → 1186(+18 for winning)
|l|☆3antar
|player|p1|
