|j|☆forzalupi1912
|j|☆aqueousbloop
|html|forzalupi1912aqueousbloop    
|uhtml|bestof|Game 1 of a best-of-3
|t:|1756210935
|gametype|doubles
|player|p1|forzalupi1912|169|1046
|player|p2|aqueousbloop|101|1062
|gen|9
|tier|[Gen 9] VGC 2025 Reg H (Bo3)
|rated|
|rule|Species Clause: Limit one of each Pokémon
|rule|Item Clause: Limit 1 of each item
|clearpoke
|poke|p1|Charizard, L50, M|
|poke|p1|Torkoal, L50, F|
|poke|p1|Porygon2, L50|
|poke|p1|Incineroar, L50, M|
|poke|p1|Jumpluff, L50, F|
|poke|p1|Ursaluna, L50, M|
|poke|p2|Sneasler, L50, F|
|poke|p2|Basculegion, L50, M|
|poke|p2|Pelipper, L50, M|
|poke|p2|Indeedee-F, L50, F|
|poke|p2|Lurantis, L50, F|
|poke|p2|Hatterene, L50, F|
|teampreview|4
|showteam|p1|Charizard||ChoiceSpecs|SolarPower|HeatWave,Overheat,WeatherBall,AirSlash|||M|||50|,,,,,Ghost]Torkoal||EjectPack|Drought|Eruption,Overheat,HelpingHand,Protect|||F|||50|,,,,,Fire]Porygon2||Eviolite|Download|TeraBlast,IceBeam,Recover,TrickRoom||||||50|,,,,,Fighting]Incineroar||SitrusBerry|Intimidate|FlareBlitz,KnockOff,FakeOut,PartingShot|||M|||50|,,,,,Ghost]Jumpluff||CovertCloak|Chlorophyll|SleepPowder,SunnyDay,RagePowder,Tailwind|||F|||50|,,,,,Water]Ursaluna||FlameOrb|Guts|HeadlongRush,Facade,Earthquake,Protect|||M|||50|,,,,,Ghost
|showteam|p2|Sneasler||PsychicSeed|Unburden|ThroatChop,CloseCombat,DireClaw,FakeOut|||F|||50|,,,,,Dark]Basculegion||ChoiceBand|SwiftSwim|FlipTurn,WaveCrash,LastRespects,AquaJet|||M|||50|,,,,,Grass]Pelipper||FocusSash|Drizzle|Hurricane,WeatherBall,WideGuard,Protect|||M|||50|,,,,,Ghost]Indeedee-F||SafetyGoggles|PsychicSurge|TrickRoom,FollowMe,HelpingHand,Psychic|||F|||50|,,,,,Fairy]Lurantis||AssaultVest|Contrary|Superpower,LeafBlade,KnockOff,LeechLife|||F|||50|,,,,,Poison]Hatterene||LifeOrb|MagicBounce|TrickRoom,ExpandingForce,DazzlingGleam,Protect|||F|||50|,,,,,Psychic
|inactive|Battle timer is ON: inactive players will automatically lose when time's up. (requested by forzalupi1912)
|inactive|forzalupi1912 has 60 seconds left.
|inactive|aqueousbloop has 60 seconds left.
|inactive|forzalupi1912 has 30 seconds left.
|
|t:|1756211001
|teamsize|p1|4
|teamsize|p2|4
|start
|switch|p1a: Incineroar|Incineroar, L50, M|100/100
|switch|p1b: Porygon2|Porygon2, L50|100/100
|switch|p2a: Basculegion|Basculegion, L50, M|100/100
|switch|p2b: Sneasler|Sneasler, L50, F|100/100
|-ability|p1a: Incineroar|Intimidate|boost
|-unboost|p2a: Basculegion|atk|1
|-unboost|p2b: Sneasler|atk|1
|-ability|p1b: Porygon2|Download|boost
|-boost|p1b: Porygon2|atk|1
|turn|1
|inactive|forzalupi1912 has 30 seconds left.
|inactive|aqueousbloop has 30 seconds left.
|inactive|aqueousbloop has 20 seconds left.
|inactive|aqueousbloop has 15 seconds left.
|inactive|forzalupi1912 has 20 seconds left.
|
|t:|1756211047
|switch|p1a: Torkoal|Torkoal, L50, F|100/100
|-weather|SunnyDay|[from] ability: Drought|[of] p1a: Torkoal
|move|p2b: Sneasler|Fake Out|p1a: Torkoal
|-damage|p1a: Torkoal|92/100
|move|p2a: Basculegion|Flip Turn|p1a: Torkoal
|-supereffective|p1a: Torkoal
|-damage|p1a: Torkoal|71/100
|
|t:|1756211057
|switch|p2a: Pelipper|Pelipper, L50, M|100/100|[from] Flip Turn
|-weather|RainDance|[from] ability: Drizzle|[of] p2a: Pelipper
|move|p1b: Porygon2|Tera Blast|p2b: Sneasler
|-damage|p2b: Sneasler|48/100
|
|-weather|RainDance|[upkeep]
|upkeep
|turn|2
|inactive|aqueousbloop has 30 seconds left.
|inactive|forzalupi1912 has 30 seconds left.
|inactive|aqueousbloop has 20 seconds left.
|inactive|aqueousbloop has 15 seconds left.
|inactive|aqueousbloop has 10 seconds left.
|
|t:|1756211104
|switch|p1a: Incineroar|Incineroar, L50, M|100/100
|-ability|p1a: Incineroar|Intimidate|boost
|-unboost|p2a: Pelipper|atk|1
|-unboost|p2b: Sneasler|atk|1
|move|p2a: Pelipper|Wide Guard|p2a: Pelipper
|-singleturn|p2a: Pelipper|Wide Guard
|move|p2b: Sneasler|Close Combat|p1b: Porygon2
|-supereffective|p1b: Porygon2
|-damage|p1b: Porygon2|54/100
|-unboost|p2b: Sneasler|def|1
|-unboost|p2b: Sneasler|spd|1
|move|p1b: Porygon2|Trick Room|p1b: Porygon2
|-fieldstart|move: Trick Room|[of] p1b: Porygon2
|
|-weather|RainDance|[upkeep]
|upkeep
|turn|3
|inactive|forzalupi1912 has 30 seconds left.
|inactive|aqueousbloop has 30 seconds left.
|inactive|forzalupi1912 has 20 seconds left.
|inactive|aqueousbloop has 20 seconds left.
|
|t:|1756211143
|switch|p1b: Torkoal|Torkoal, L50, F|71/100
|-weather|SunnyDay|[from] ability: Drought|[of] p1b: Torkoal
|switch|p2a: Lurantis|Lurantis, L50, F|100/100
|switch|p2b: Basculegion|Basculegion, L50, M|100/100
|move|p1a: Incineroar|Flare Blitz|p2b: Basculegion
|-resisted|p2b: Basculegion
|-damage|p2b: Basculegion|50/100
|-damage|p1a: Incineroar|84/100|[from] Recoil
|
|-weather|SunnyDay|[upkeep]
|upkeep
|turn|4
|inactive|forzalupi1912 has 30 seconds left.
|inactive|aqueousbloop has 30 seconds left.
|inactive|aqueousbloop has 20 seconds left.
|inactive|aqueousbloop has 15 seconds left.
|inactive|aqueousbloop has 10 seconds left.
|inactive|aqueousbloop has 5 seconds left.
|
|t:|1756211194
|switch|p2a: Sneasler|Sneasler, L50, F|48/100
|switch|p2b: Pelipper|Pelipper, L50, M|100/100
|-weather|RainDance|[from] ability: Drizzle|[of] p2b: Pelipper
|move|p1b: Torkoal|Overheat|p2a: Sneasler|[miss]
|-miss|p1b: Torkoal|p2a: Sneasler
|move|p1a: Incineroar|Knock Off|p2b: Pelipper
|-damage|p2b: Pelipper|59/100
|-enditem|p2b: Pelipper|Focus Sash|[from] move: Knock Off|[of] p1a: Incineroar
|
|-weather|RainDance|[upkeep]
|upkeep
|turn|5
|
|t:|1756211218
|switch|p1b: Porygon2|Porygon2, L50|54/100
|-ability|p1b: Porygon2|Download|boost
|-boost|p1b: Porygon2|spa|1
|move|p2a: Sneasler|Fake Out|p1b: Porygon2
|-damage|p1b: Porygon2|44/100
|move|p2b: Pelipper|Weather Ball|p1b: Porygon2
|-damage|p1b: Porygon2|0 fnt
|faint|p1b: Porygon2
|move|p1a: Incineroar|Parting Shot|p2b: Pelipper
|-unboost|p2b: Pelipper|atk|1
|-unboost|p2b: Pelipper|spa|1
|
|t:|1756211231
|switch|p1a: Torkoal|Torkoal, L50, F|71/100|[from] Parting Shot
|-weather|SunnyDay|[from] ability: Drought|[of] p1a: Torkoal
|
|-weather|SunnyDay|[upkeep]
|upkeep
|
|t:|1756211243
|switch|p1b: Charizard|Charizard, L50, M|100/100
|turn|6
|inactive|aqueousbloop has 30 seconds left.
|inactive|aqueousbloop has 20 seconds left.
|inactive|aqueousbloop has 15 seconds left.
|inactive|aqueousbloop has 10 seconds left.
|inactive|aqueousbloop has 5 seconds left.
|
|t:|1756211294
|switch|p2b: Lurantis|Lurantis, L50, F|100/100
|move|p1a: Torkoal|Eruption|p2b: Lurantis|[spread] p2a,p2b
|-supereffective|p2b: Lurantis
|-damage|p2a: Sneasler|0 fnt
|-damage|p2b: Lurantis|24/100
|faint|p2a: Sneasler
|move|p1b: Charizard|Heat Wave|p2b: Lurantis
|-supereffective|p2b: Lurantis
|-damage|p2b: Lurantis|0 fnt
|faint|p2b: Lurantis
|
|-weather|SunnyDay|[upkeep]
|-damage|p1b: Charizard|88/100|[from] ability: Solar Power|[of] p1b: Charizard
|-fieldend|move: Trick Room
|upkeep
|
|t:|1756211307
|switch|p2a: Pelipper|Pelipper, L50, M|59/100
|switch|p2b: Basculegion|Basculegion, L50, M|50/100
|-weather|RainDance|[from] ability: Drizzle|[of] p2a: Pelipper
|turn|7
|inactive|aqueousbloop has 30 seconds left.
|
|t:|1756211336
|switch|p1a: Incineroar|Incineroar, L50, M|84/100
|-ability|p1a: Incineroar|Intimidate|boost
|-unboost|p2a: Pelipper|atk|1
|-unboost|p2b: Basculegion|atk|1
|move|p2b: Basculegion|Wave Crash|p1b: Charizard
|-supereffective|p1b: Charizard
|-damage|p1b: Charizard|0 fnt
|faint|p1b: Charizard
|-damage|p2b: Basculegion|27/100|[from] Recoil
|move|p2a: Pelipper|Weather Ball|p1a: Incineroar
|-supereffective|p1a: Incineroar
|-damage|p1a: Incineroar|0 fnt
|faint|p1a: Incineroar
|
|-weather|RainDance|[upkeep]
|upkeep
|
|t:|1756211350
|switch|p1a: Torkoal|Torkoal, L50, F|71/100
|-weather|SunnyDay|[from] ability: Drought|[of] p1a: Torkoal
|turn|8
|
|t:|1756211362
|move|p2a: Pelipper|Wide Guard|p2a: Pelipper
|-singleturn|p2a: Pelipper|Wide Guard
|move|p2b: Basculegion|Wave Crash|p1a: Torkoal
|-supereffective|p1a: Torkoal
|-damage|p1a: Torkoal|22/100
|-damage|p2b: Basculegion|13/100|[from] Recoil
|move|p1a: Torkoal|Overheat|p2a: Pelipper
|-resisted|p2a: Pelipper
|-damage|p2a: Pelipper|2/100
|-unboost|p1a: Torkoal|spa|2
|
|-weather|SunnyDay|[upkeep]
|upkeep
|turn|9
|inactive|aqueousbloop has 30 seconds left.
|
|t:|1756211396
|move|p2b: Basculegion|Wave Crash|p1a: Torkoal
|-supereffective|p1a: Torkoal
|-damage|p1a: Torkoal|0 fnt
|faint|p1a: Torkoal
|-damage|p2b: Basculegion|6/100|[from] Recoil
|
|win|aqueousbloop
||forzalupi1912 is ready for game 2.
|inactive|aqueousbloop has 30 seconds to confirm battle start!
||aqueousbloop is ready for game 2.
|uhtml|next|Next: Game 2 of 3
|l|☆forzalupi1912
|player|p1|
