|j|☆taj11
|j|☆blunerg
|html|taj11blunerg    
|uhtml|bestof|Game 1 of a best-of-3
|t:|1757838354
|gametype|doubles
|player|p1|taj11|265|1227
|player|p2|blunerg|bugcatcher-gen4dp|1225
|gen|9
|tier|[Gen 9] VGC 2025 Reg H (Bo3)
|rated|
|rule|Species Clause: Limit one of each Pokémon
|rule|Item Clause: Limit 1 of each item
|clearpoke
|poke|p1|Volcarona, L50, F|
|poke|p1|Rillaboom, L50, F|
|poke|p1|Baxcalibur, L50, M|
|poke|p1|Kingambit, L50, F|
|poke|p1|Sneasler, L50, F|
|poke|p1|Dondozo, L50, F|
|poke|p2|Ninetales-Alola, L50, M|
|poke|p2|Rillaboom, L50, F|
|poke|p2|Magmar, L50, F|
|poke|p2|Sneasler, L50, F|
|poke|p2|Kingambit, L50, M|
|poke|p2|Basculegion, L50, M|
|teampreview|4
|showteam|p1|Volcarona||CovertCloak|FlameBody|HeatWave,TeraBlast,QuiverDance,RagePowder|||F|||50|,,,,,Fairy]Rillaboom||AssaultVest|GrassySurge|WoodHammer,GrassyGlide,HighHorsepower,FakeOut|||F|||50|,,,,,Water]Baxcalibur||LoadedDice|ThermalExchange|IceShard,ScaleShot,IcicleSpear,Protect|||M|||50|,,,,,Ghost]Kingambit||BlackGlasses|Defiant|KowtowCleave,SuckerPunch,SwordsDance,Protect|||F|||50|,,,,,Ghost]Sneasler||FocusSash|PoisonTouch|CloseCombat,DireClaw,Coaching,FakeOut|||F|||50|,,,,,Stellar]Dondozo||Leftovers|Unaware|Protect,Liquidation,Yawn,Fissure|||F|||50|,,,,,Poison
|showteam|p2|Ninetales-Alola||LifeOrb|SnowWarning|Blizzard,Moonblast,Encore,Protect|||M|||50|,,,,,Ghost]Rillaboom||AssaultVest|GrassySurge|WoodHammer,FakeOut,Uturn,GrassyGlide|||F|||50|,,,,,Water]Magmar||Eviolite|VitalSpirit|Protect,HeatWave,Taunt,FollowMe|||F|||50|,,,,,Ghost]Sneasler||FocusSash|PoisonTouch|FakeOut,DireClaw,CloseCombat,Protect|||F|||50|,,,,,Stellar]Kingambit||BlackGlasses|Defiant|KowtowCleave,SwordsDance,SuckerPunch,Protect|||M|||50|,,,,,Fire]Basculegion||ChoiceScarf|Adaptability|WaveCrash,FlipTurn,TeraBlast,LastRespects|||M|||50|,,,,,Fighting
|inactive|Battle timer is ON: inactive players will automatically lose when time's up. (requested by blunerg)
|inactive|blunerg has 60 seconds left.
|inactive|blunerg has 30 seconds left.
|inactive|blunerg has 20 seconds left.
|inactive|blunerg has 15 seconds left.
|inactive|blunerg has 10 seconds left.
|inactive|blunerg has 5 seconds left.
|
|t:|1757838442
|teamsize|p1|4
|teamsize|p2|4
|start
|switch|p1a: BoomBoom|Rillaboom, L50, F|100/100
|switch|p1b: Godchilla|Baxcalibur, L50, M|100/100
|switch|p2a: Kingambit|Kingambit, L50, M|100/100
|switch|p2b: Basculegion|Basculegion, L50, M|100/100
|-fieldstart|move: Grassy Terrain|[from] ability: Grassy Surge|[of] p1a: BoomBoom
|turn|1
|inactive|taj11 has 30 seconds left.
|
|t:|1757838469
|switch|p2b: Ninetales|Ninetales-Alola, L50, M|100/100
|-weather|Snowscape|[from] ability: Snow Warning|[of] p2b: Ninetales
|switch|p1b: Lè Fish|Dondozo, L50, F|100/100
|move|p1a: BoomBoom|Wood Hammer|p2b: Ninetales
|-damage|p2b: Ninetales|19/100
|-damage|p1a: BoomBoom|81/100|[from] Recoil
|move|p2a: Kingambit|Swords Dance|p2a: Kingambit
|-boost|p2a: Kingambit|atk|2
|
|-weather|Snowscape|[upkeep]
|-heal|p2b: Ninetales|25/100|[from] Grassy Terrain
|-heal|p1a: BoomBoom|87/100|[from] Grassy Terrain
|upkeep
|turn|2
|
|t:|1757838491
|switch|p1a: Clawbird|Sneasler, L50, F|100/100
|move|p2b: Ninetales|Protect|p2b: Ninetales
|-singleturn|p2b: Ninetales|Protect
|move|p2a: Kingambit|Kowtow Cleave|p1a: Clawbird
|-resisted|p1a: Clawbird
|-enditem|p1a: Clawbird|Focus Sash
|-damage|p1a: Clawbird|1/100
|move|p1b: Lè Fish|Yawn|p2a: Kingambit
|-start|p2a: Kingambit|move: Yawn|[of] p1b: Lè Fish
|
|-weather|Snowscape|[upkeep]
|-heal|p1a: Clawbird|7/100|[from] Grassy Terrain
|-heal|p2b: Ninetales|32/100|[from] Grassy Terrain
|upkeep
|turn|3
|inactive|taj11 has 30 seconds left.
|
|t:|1757838516
|switch|p2a: Basculegion|Basculegion, L50, M|100/100
|-terastallize|p2b: Ninetales|Ghost
|move|p1a: Clawbird|Fake Out|p2b: Ninetales
|-immune|p2b: Ninetales
|move|p2b: Ninetales|Blizzard|p1b: Lè Fish|[spread] p1a,p1b
|-resisted|p1b: Lè Fish
|-damage|p1a: Clawbird|0 fnt
|-damage|p1b: Lè Fish|86/100
|faint|p1a: Clawbird
|-damage|p2b: Ninetales|22/100|[from] item: Life Orb
|move|p1b: Lè Fish|Yawn|p2b: Ninetales
|-start|p2b: Ninetales|move: Yawn|[of] p1b: Lè Fish
|
|-weather|Snowscape|[upkeep]
|-heal|p2b: Ninetales|28/100|[from] Grassy Terrain
|-heal|p1b: Lè Fish|92/100|[from] Grassy Terrain
|-heal|p1b: Lè Fish|98/100|[from] item: Leftovers
|upkeep
|
|t:|1757838536
|switch|p1a: BoomBoom|Rillaboom, L50, F|87/100
|turn|4
|
|t:|1757838556
|switch|p2a: Sneasler|Sneasler, L50, F|100/100
|switch|p2b: Kingambit|Kingambit, L50, M|100/100
|-terastallize|p1a: BoomBoom|Water
|move|p1a: BoomBoom|Grassy Glide|p2a: Sneasler
|-resisted|p2a: Sneasler
|-damage|p2a: Sneasler|72/100
|move|p1b: Lè Fish|Yawn|p2b: Kingambit
|-start|p2b: Kingambit|move: Yawn|[of] p1b: Lè Fish
|
|-weather|Snowscape|[upkeep]
|-heal|p2a: Sneasler|78/100|[from] Grassy Terrain
|-heal|p1a: BoomBoom|93/100|[from] Grassy Terrain
|-heal|p1b: Lè Fish|100/100|[from] Grassy Terrain
|upkeep
|turn|5
|inactive|blunerg has 30 seconds left.
|
|t:|1757838583
|move|p2b: Kingambit|Sucker Punch|p1a: BoomBoom
|-damage|p1a: BoomBoom|42/100
|move|p2a: Sneasler|Close Combat|p1a: BoomBoom
|-damage|p1a: BoomBoom|0 fnt
|-unboost|p2a: Sneasler|def|1
|-unboost|p2a: Sneasler|spd|1
|faint|p1a: BoomBoom
|move|p1b: Lè Fish|Yawn||[still]
|-fail|p1b: Lè Fish
|
|-weather|none
|-heal|p2a: Sneasler|84/100|[from] Grassy Terrain
|-end|p2b: Kingambit|move: Yawn|[silent]
|-status|p2b: Kingambit|slp
|-fieldend|move: Grassy Terrain
|upkeep
|
|t:|1757838589
|switch|p1a: Godchilla|Baxcalibur, L50, M|100/100
|turn|6
|
|t:|1757838607
|move|p2a: Sneasler|Protect|p2a: Sneasler
|-singleturn|p2a: Sneasler|Protect
|move|p1a: Godchilla|Scale Shot|p2a: Sneasler
|-activate|p2a: Sneasler|move: Protect
|cant|p2b: Kingambit|slp
|move|p1b: Lè Fish|Yawn|p2a: Sneasler
|-activate|p2a: Sneasler|move: Protect
|
|upkeep
|turn|7
|
|t:|1757838617
|move|p2a: Sneasler|Close Combat|p1a: Godchilla
|-supereffective|p1a: Godchilla
|-damage|p1a: Godchilla|0 fnt
|-unboost|p2a: Sneasler|def|1
|-unboost|p2a: Sneasler|spd|1
|faint|p1a: Godchilla
|cant|p2b: Kingambit|slp
|move|p1b: Lè Fish|Fissure|p2b: Kingambit|[miss]
|-miss|p1b: Lè Fish|p2b: Kingambit
|
|upkeep
|turn|8
|
|t:|1757838632
|move|p2a: Sneasler|Close Combat|p1b: Lè Fish
|-damage|p1b: Lè Fish|65/100
|-unboost|p2a: Sneasler|def|1
|-unboost|p2a: Sneasler|spd|1
|cant|p2b: Kingambit|slp
|move|p1b: Lè Fish|Liquidation|p2a: Sneasler
|-damage|p2a: Sneasler|35/100
|
|-heal|p1b: Lè Fish|72/100|[from] item: Leftovers
|upkeep
|turn|9
|
|t:|1757838643
|move|p2a: Sneasler|Close Combat|p1b: Lè Fish
|-damage|p1b: Lè Fish|38/100
|-unboost|p2a: Sneasler|def|1
|-unboost|p2a: Sneasler|spd|1
|-status|p1b: Lè Fish|psn|[from] ability: Poison Touch|[of] p2a: Sneasler
|-curestatus|p2b: Kingambit|slp|[msg]
|move|p2b: Kingambit|Kowtow Cleave|p1b: Lè Fish
|-damage|p1b: Lè Fish|5/100 psn
|move|p1b: Lè Fish|Yawn|p2b: Kingambit
|-start|p2b: Kingambit|move: Yawn|[of] p1b: Lè Fish
|
|-heal|p1b: Lè Fish|11/100 psn|[from] item: Leftovers
|-damage|p1b: Lè Fish|0 fnt|[from] psn
|faint|p1b: Lè Fish
|
|win|blunerg
||taj11 is ready for game 2.
||blunerg is ready for game 2.
|uhtml|next|Next: Game 2 of 3
|l|☆blunerg
|player|p2|
