|j|☆ENDERLANDA
|j|☆puigdoubleplay
|html|ENDERLANDApuigdoubleplay    
|uhtml|bestof|Game 2 of a best-of-3
|t:|1785351907
|gametype|doubles
|player|p1|ENDERLANDA|2|1328
|player|p2|puigdoubleplay|waiter-gen4dp|1470
|gen|9
|tier|[Gen 9 Champions] VGC 2026 Reg M-B (Bo3)
|rated|
|rule|Species Clause: Limit one of each Pokémon
|rule|Item Clause: Limit 1 of each item
|clearpoke
|poke|p1|Charizard, L50, F|
|poke|p1|Milotic, L50, M|
|poke|p1|Floette-Eternal, L50, F|
|poke|p1|Grimmsnarl, L50, M|
|poke|p1|Sinistcha, L50|
|poke|p1|Incineroar, L50, M|
|poke|p2|Charizard, L50, F|
|poke|p2|Floette-Eternal, L50, F|
|poke|p2|Basculegion, L50, M|
|poke|p2|Whimsicott, L50, F|
|poke|p2|Garchomp, L50, M|
|poke|p2|Kingambit, L50, F|
|teampreview|4
|showteam|p1|Charizard||CharizarditeX|Blaze|Protect,DragonDance,DragonRush,FlareBlitz|Adamant||F|||50|]Milotic||Leftovers|Competitive|Coil,MuddyWater,Hypnosis,Protect|Calm||M|||50|]Floette-Eternal||Floettite|FlowerVeil|Moonblast,DazzlingGleam,Protect,CalmMind|Modest||F|||50|]Grimmsnarl||LightClay|Prankster|LightScreen,Reflect,SpiritBreak,PartingShot|Impish||M|||50|]Sinistcha||ColburBerry|Hospitality|MatchaGotcha,TrickRoom,RagePowder,Protect|Calm|||||50|]Incineroar||SitrusBerry|Intimidate|FakeOut,FlareBlitz,PartingShot,ThroatChop|Adamant||M|||50|
|showteam|p2|Charizard||CharizarditeY|Blaze|HeatWave,SolarBeam,Protect,WeatherBall|Modest||F|||50|]Floette-Eternal||Floettite|FlowerVeil|Moonblast,DazzlingGleam,LightofRuin,Protect|Timid||F|||50|]Basculegion||LifeOrb|Adaptability|WaveCrash,AquaJet,Protect,LastRespects|Adamant||M|||50|]Whimsicott||FocusSash|Prankster|Moonblast,Tailwind,Protect,Encore|Timid||F|||50|]Garchomp||SitrusBerry|RoughSkin|RockTomb,DragonClaw,Protect,Earthquake|Adamant||M|||50|]Kingambit||ChopleBerry|Defiant|KowtowCleave,IronHead,SuckerPunch,LowKick|Adamant||F|||50|
|inactive|Battle timer is ON: inactive players will automatically lose when time's up. (requested by puigdoubleplay)
|
|t:|1785351925
|teamsize|p1|4
|teamsize|p2|4
|start
|switch|p1a: Milotic|Milotic, L50, M|100/100
|switch|p1b: Grimmsnarl|Grimmsnarl, L50, M|100/100
|switch|p2a: Whimsicott|Whimsicott, L50, F|100/100
|switch|p2b: Floette|Floette-Eternal, L50, F|100/100
|turn|1
|inactive|ENDERLANDA has 30 seconds left.
|inactive|ENDERLANDA has 20 seconds left.
|
|t:|1785351961
|detailschange|p2b: Floette|Floette-Mega, L50, F
|-mega|p2b: Floette|Floette|Floettite
|-ability|p2b: Floette|Fairy Aura
|move|p1b: Grimmsnarl|Light Screen|p1b: Grimmsnarl
|-sidestart|p1: ENDERLANDA|move: Light Screen
|move|p2a: Whimsicott|Moonblast|p1b: Grimmsnarl
|-supereffective|p1b: Grimmsnarl|1
|-damage|p1b: Grimmsnarl|44/100
|move|p2b: Floette|Dazzling Gleam|p1b: Grimmsnarl|[spread] p1a,p1b
|-crit|p1a: Milotic
|-supereffective|p1b: Grimmsnarl|1
|-damage|p1a: Milotic|50/100g
|-damage|p1b: Grimmsnarl|0 fnt
|faint|p1b: Grimmsnarl
|move|p1a: Milotic|Hypnosis|p2b: Floette|[miss]
|-miss|p1a: Milotic|p2b: Floette
|
|-heal|p1a: Milotic|56/100|[from] item: Leftovers
|upkeep
|
|t:|1785351975
|switch|p1b: Charizard|Charizard, L50, F|100/100
|turn|2
|inactive|ENDERLANDA has 30 seconds left.
|
|t:|1785352002
|move|p2a: Whimsicott|Moonblast|p1a: Milotic
|-damage|p1a: Milotic|37/100
|move|p2b: Floette|Light of Ruin|p1a: Milotic
|-damage|p1a: Milotic|0 fnt
|faint|p1a: Milotic
|-damage|p2b: Floette|74/100|[from] Recoil
|move|p1b: Charizard|Flare Blitz|p2a: Whimsicott
|-supereffective|p2a: Whimsicott|1
|-enditem|p2a: Whimsicott|Focus Sash
|-damage|p2a: Whimsicott|1/100
|-damage|p1b: Charizard|73/100|[from] Recoil
|
|upkeep
|
|t:|1785352015
|switch|p1a: Sinistcha|Sinistcha, L50|100/100
|-heal|p1b: Charizard|98/100|[from] ability: Hospitality|[of] p1a: Sinistcha
|turn|3
|
|t:|1785352033
|move|p2a: Whimsicott|Protect|p2a: Whimsicott
|-singleturn|p2a: Whimsicott|Protect
|move|p2b: Floette|Moonblast|p1a: Sinistcha
|-damage|p1a: Sinistcha|52/100
|move|p1b: Charizard|Flare Blitz|p2a: Whimsicott
|-activate|p2a: Whimsicott|move: Protect
|move|p1a: Sinistcha|Trick Room|p1a: Sinistcha
|-fieldstart|move: Trick Room|[of] p1a: Sinistcha
|
|upkeep
|turn|4
|inactive|ENDERLANDA has 30 seconds left.
|inactive|ENDERLANDA has 20 seconds left.
|
|t:|1785352069
|move|p1a: Sinistcha|Protect|p1a: Sinistcha
|-singleturn|p1a: Sinistcha|Protect
|move|p2a: Whimsicott|Encore|p1a: Sinistcha
|-activate|p1a: Sinistcha|move: Protect
|move|p1b: Charizard|Flare Blitz|p2a: Whimsicott
|-supereffective|p2a: Whimsicott|1
|-damage|p2a: Whimsicott|0 fnt
|faint|p2a: Whimsicott
|-damage|p1b: Charizard|97/100|[from] Recoil
|move|p2b: Floette|Dazzling Gleam|p1b: Charizard|[spread] p1b
|-activate|p1a: Sinistcha|move: Protect
|-resisted|p1b: Charizard|1
|-damage|p1b: Charizard|80/100
|
|upkeep
|
|t:|1785352090
|switch|p2a: Garchomp|Garchomp, L50, M|100/100
|turn|5
|j| tedidn
|inactive|ENDERLANDA has 30 seconds left.
|inactive|ENDERLANDA has 20 seconds left.
|
|t:|1785352129
|detailschange|p1b: Charizard|Charizard-Mega-X, L50, F
|-mega|p1b: Charizard|Charizard|Charizardite X
|move|p1a: Sinistcha|Matcha Gotcha|p2b: Floette|[spread] p2a,p2b
|-damage|p2a: Garchomp|76/100
|-heal|p1a: Sinistcha|66/100|[from] drain|[of] p2a: Garchomp
|-damage|p2b: Floette|54/100
|-heal|p1a: Sinistcha|75/100|[from] drain|[of] p2b: Floette
|move|p1b: Charizard|Dragon Rush|p2a: Garchomp|[miss]
|-miss|p1b: Charizard|p2a: Garchomp
|move|p2a: Garchomp|Dragon Claw|p1a: Sinistcha
|-damage|p1a: Sinistcha|41/100
|move|p2b: Floette|Moonblast|p1a: Sinistcha
|-damage|p1a: Sinistcha|0 fnt
|faint|p1a: Sinistcha
|
|upkeep
|turn|6
|
|t:|1785352151
|move|p1b: Charizard|Dragon Rush|p2a: Garchomp
|-supereffective|p2a: Garchomp|1
|-damage|p2a: Garchomp|0 fnt
|-damage|p1b: Charizard|67/100|[from] ability: Rough Skin|[of] p2a: Garchomp
|faint|p2a: Garchomp
|move|p2b: Floette|Moonblast|p1b: Charizard
|-damage|p1b: Charizard|8/100
|
|upkeep
|
|t:|1785352156
|switch|p2a: Basculegion|Basculegion, L50, M|100/100
|turn|7
|
|t:|1785352161
|move|p2a: Basculegion|Last Respects|p1b: Charizard
|-damage|p1b: Charizard|0 fnt
|faint|p1b: Charizard
|-damage|p2a: Basculegion|90/100|[from] item: Life Orb
|
|win|puigdoubleplay
|raw|ENDERLANDA's rating: 1328 → 1316(-12 for losing)
|raw|puigdoubleplay's rating: 1470 → 1482(+12 for winning)
