|j|☆BaimeJoytWeeGeeCee
|j|☆K1rbyChaos
|html|BaimeJoytWeeGeeCeeK1rbyChaos    
|uhtml|bestof|Game 1 of a best-of-3
|t:|1756690763
|gametype|doubles
|player|p1|BaimeJoytWeeGeeCee|dawn|1000
|player|p2|K1rbyChaos|n|1000
|gen|9
|tier|[Gen 9] VGC 2025 Reg H (Bo3)
|rated|
|rule|Species Clause: Limit one of each Pokémon
|rule|Item Clause: Limit 1 of each item
|clearpoke
|poke|p1|Maushold-Four, L50|
|poke|p1|Annihilape, L50, F|
|poke|p1|Pelipper, L50, M|
|poke|p1|Archaludon, L50, F|
|poke|p1|Basculegion, L50, M|
|poke|p1|Kingambit, L50, M|
|poke|p2|Gyarados, L50, F|
|poke|p2|Garchomp, L50, F|
|poke|p2|Annihilape, L50, F|
|poke|p2|Volcarona, L50, M|
|teampreview|4
|showteam|p1|Maushold-Four||SafetyGoggles|FriendGuard|FollowMe,Protect,Taunt,BeatUp||||||50|,,,,,Ghost]Annihilape||Leftovers|Defiant|RageFist,DrainPunch,BulkUp,Protect|||F|||50|,,,,,Fire]Pelipper||FocusSash|Drizzle|Hurricane,WeatherBall,Tailwind,Protect|||M|||50|,,,,,Ghost]Archaludon||AssaultVest|Stamina|DracoMeteor,ElectroShot,BodyPress,FlashCannon|||F|||50|,,,,,Grass]Basculegion||ChoiceBand|SwiftSwim|LastRespects,WaveCrash,AquaJet,FlipTurn|||M|||50|,,,,,Grass]Kingambit||BlackGlasses|Defiant|KowtowCleave,SuckerPunch,IronHead,Protect|||M|||50|,,,,,Dark
|showteam|p2|Gyarados||SitrusBerry|Intimidate|HelpingHand,Protect,Waterfall,ThunderWave|||F|||50|,,,,,Dragon]Garchomp||ClearAmulet|RoughSkin|Earthquake,DragonClaw,StompingTantrum,Protect|||F|||50|,,,,,Fire]Annihilape||ChoiceScarf|Defiant|ShadowClaw,SmackDown,CloseCombat,FinalGambit|||F|||50|,,,,,Grass]Volcarona||SafetyGoggles|FlameBody|HeatWave,QuiverDance,Protect,GigaDrain|||M|||50|,,,,,Grass
|inactive|Battle timer is ON: inactive players will automatically lose when time's up. (requested by BaimeJoytWeeGeeCee)
|inactive|K1rbyChaos also wants the timer to be on.
|inactive|BaimeJoytWeeGeeCee has 60 seconds left.
|
|t:|1756690815
|teamsize|p1|4
|teamsize|p2|4
|start
|switch|p1a: Kingambit|Kingambit, L50, M|100/100
|switch|p1b: Pelipper|Pelipper, L50, M|100/100
|switch|p2a: Annihilape|Annihilape, L50, F|100/100
|switch|p2b: Garchomp|Garchomp, L50, F|100/100
|-weather|RainDance|[from] ability: Drizzle|[of] p1b: Pelipper
|turn|1
|
|t:|1756690837
|switch|p1a: Basculegion|Basculegion, L50, M|100/100
|move|p1b: Pelipper|Protect|p1b: Pelipper
|-singleturn|p1b: Pelipper|Protect
|move|p2a: Annihilape|Smack Down|p1b: Pelipper
|-activate|p1b: Pelipper|move: Protect
|move|p2b: Garchomp|Earthquake|p1b: Pelipper|[spread] p2a,p1a
|-activate|p1b: Pelipper|move: Protect
|-damage|p2a: Annihilape|62/100
|-damage|p1a: Basculegion|51/100
|
|-weather|RainDance|[upkeep]
|upkeep
|turn|2
|
|t:|1756690855
|switch|p2a: Gyarados|Gyarados, L50, F|100/100
|-ability|p2a: Gyarados|Intimidate|boost
|-unboost|p1a: Basculegion|atk|1
|-unboost|p1b: Pelipper|atk|1
|move|p1a: Basculegion|Wave Crash|p2b: Garchomp
|-damage|p2b: Garchomp|17/100
|-damage|p1a: Basculegion|38/100|[from] ability: Rough Skin|[of] p2b: Garchomp
|-damage|p1a: Basculegion|13/100|[from] Recoil
|move|p2b: Garchomp|Stomping Tantrum|p1a: Basculegion
|-damage|p1a: Basculegion|0 fnt
|faint|p1a: Basculegion
|move|p1b: Pelipper|Hurricane|p2a: Gyarados
|-damage|p2a: Gyarados|64/100
|-start|p2a: Gyarados|confusion
|
|-weather|RainDance|[upkeep]
|upkeep
|
|t:|1756690869
|switch|p1a: Kingambit|Kingambit, L50, M|100/100
|turn|3
|
|t:|1756690890
|move|p1a: Kingambit|Sucker Punch|p2b: Garchomp
|-damage|p2b: Garchomp|0 fnt
|-damage|p1a: Kingambit|88/100|[from] ability: Rough Skin|[of] p2b: Garchomp
|faint|p2b: Garchomp
|move|p1b: Pelipper|Hurricane|p2a: Gyarados
|-damage|p2a: Gyarados|26/100
|-enditem|p2a: Gyarados|Sitrus Berry|[eat]
|-heal|p2a: Gyarados|51/100|[from] item: Sitrus Berry
|-activate|p2a: Gyarados|confusion
|move|p2a: Gyarados|Waterfall|p1b: Pelipper
|-resisted|p1b: Pelipper
|-damage|p1b: Pelipper|65/100
|
|-weather|RainDance|[upkeep]
|upkeep
|inactive|K1rbyChaos has 30 seconds left.
|
|t:|1756690919
|switch|p2b: Annihilape|Annihilape, L50, F|62/100
|turn|4
|
|t:|1756690929
|switch|p2b: Volcarona|Volcarona, L50, M|100/100
|move|p1b: Pelipper|Protect|p1b: Pelipper
|-singleturn|p1b: Pelipper|Protect
|move|p1a: Kingambit|Protect|p1a: Kingambit
|-singleturn|p1a: Kingambit|Protect
|-activate|p2a: Gyarados|confusion
|move|p2a: Gyarados|Waterfall|p1b: Pelipper
|-activate|p1b: Pelipper|move: Protect
|
|-weather|RainDance|[upkeep]
|upkeep
|turn|5
|
|t:|1756690949
|-terastallize|p2b: Volcarona|Grass
|move|p2b: Volcarona|Giga Drain|p1b: Pelipper
|-crit|p1b: Pelipper
|-damage|p1b: Pelipper|0 fnt
|faint|p1b: Pelipper
|-activate|p2a: Gyarados|confusion
|-damage|p2a: Gyarados|39/100|[from] confusion
|move|p1a: Kingambit|Kowtow Cleave|p2a: Gyarados
|-damage|p2a: Gyarados|0 fnt
|faint|p2a: Gyarados
|
|-weather|none
|upkeep
|
|t:|1756690960
|switch|p1b: Annihilape|Annihilape, L50, F, shiny|100/100
|switch|p2a: Annihilape|Annihilape, L50, F|62/100
|turn|6
|
|t:|1756690981
|-terastallize|p1b: Annihilape|Fire
|move|p2a: Annihilape|Shadow Claw|p1b: Annihilape
|-damage|p1b: Annihilape|73/100
|move|p2b: Volcarona|Quiver Dance|p2b: Volcarona
|-boost|p2b: Volcarona|spa|1
|-boost|p2b: Volcarona|spd|1
|-boost|p2b: Volcarona|spe|1
|move|p1b: Annihilape|Bulk Up|p1b: Annihilape
|-boost|p1b: Annihilape|atk|1
|-boost|p1b: Annihilape|def|1
|move|p1a: Kingambit|Kowtow Cleave|p2a: Annihilape
|-damage|p2a: Annihilape|0 fnt
|faint|p2a: Annihilape
|
|-heal|p1b: Annihilape|79/100|[from] item: Leftovers
|upkeep
|turn|7
|
|t:|1756691004
|move|p1a: Kingambit|Sucker Punch|p1b: Annihilape
|-damage|p1b: Annihilape|48/100
|move|p2b: Volcarona|Heat Wave|p1b: Annihilape|[spread] p1b
|-miss|p2b: Volcarona|p1a: Kingambit
|-resisted|p1b: Annihilape
|-damage|p1b: Annihilape|22/100
|move|p1b: Annihilape|Rage Fist|p2b: Volcarona
|-damage|p2b: Volcarona|0 fnt
|faint|p2b: Volcarona
|
|win|BaimeJoytWeeGeeCee
|inactive|BaimeJoytWeeGeeCee has 30 seconds to confirm battle start!
|inactive|K1rbyChaos has 30 seconds to confirm battle start!
||BaimeJoytWeeGeeCee is ready for game 2.
||K1rbyChaos is ready for game 2.
|uhtml|next|Next: Game 2 of 3
|l|☆K1rbyChaos
|player|p2|
