|j|☆FlowerBoyFan
|j|☆PikaTROD
|html|FlowerBoyFanPikaTROD    
|uhtml|bestof|Game 2 of a best-of-3
|t:|1756938704
|gametype|doubles
|player|p1|FlowerBoyFan|marshal|1371
|player|p2|PikaTROD|265|1500
|gen|9
|tier|[Gen 9] VGC 2025 Reg H (Bo3)
|rated|
|rule|Species Clause: Limit one of each Pokémon
|rule|Item Clause: Limit 1 of each item
|clearpoke
|poke|p1|Incineroar, L50, F|
|poke|p1|Gholdengo, L50|
|poke|p1|Ninetales-Alola, L50, M|
|poke|p1|Annihilape, L50, F|
|poke|p1|Amoonguss, L50, M|
|poke|p1|Ursaluna-Bloodmoon, L50, M|
|poke|p2|Kingambit, L50, F|
|poke|p2|Primarina, L50, M|
|poke|p2|Sneasler, L50, M|
|poke|p2|Magmar, L50, M|
|poke|p2|Rillaboom, L50, M|
|poke|p2|Dragapult, L50, M|
|teampreview|4
|showteam|p1|Incineroar||SafetyGoggles|Intimidate|FlareBlitz,KnockOff,FakeOut,PartingShot|||F|||50|,,,,,Grass]Gholdengo||LifeOrb|GoodasGold|MakeItRain,ShadowBall,NastyPlot,Protect||||||50|,,,,,Water]Ninetales-Alola||LightClay|SnowWarning|Blizzard,IcicleSpear,IcyWind,AuroraVeil|||M|||50|,,,,,Ghost]Annihilape||LumBerry|Defiant|RageFist,DrainPunch,BulkUp,Protect|||F|||50|,,,,,Fire]Amoonguss||SitrusBerry|Regenerator|ClearSmog,PollenPuff,Spore,RagePowder|||M|||50|,,,,,Psychic]Ursaluna-Bloodmoon||AssaultVest|MindsEye|BloodMoon,HyperVoice,EarthPower,Snarl|||M|||50|,,,,,Electric
|showteam|p2|Kingambit||BlackGlasses|Defiant|KowtowCleave,SuckerPunch,SwordsDance,Protect|||F|||50|,,,,,Dark]Primarina||SitrusBerry|LiquidVoice|HyperVoice,Moonblast,Haze,Protect|||M|||50|,,,,,Water]Sneasler||FocusSash|Unburden|CloseCombat,DireClaw,FakeOut,Protect|||M|||50|,,,,,Stellar]Magmar||Eviolite|VitalSpirit|Overheat,WillOWisp,FollowMe,Protect|||M|||50|,,,,,Ghost]Rillaboom||AssaultVest|GrassySurge|WoodHammer,GrassyGlide,HighHorsepower,FakeOut|||M|||50|,,,,,Fire]Dragapult||ChoiceBand|ClearBody|DragonDarts,PhantomForce,Outrage,Uturn|||M|||50|,,,,,Dragon
|inactive|Battle timer is ON: inactive players will automatically lose when time's up. (requested by FlowerBoyFan)
|j| teamthief420
|inactive|PikaTROD has 60 seconds left.
|
|t:|1756938743
|teamsize|p1|4
|teamsize|p2|4
|start
|switch|p1a: Incineroar|Incineroar, L50, F|100/100
|switch|p1b: Gholdengo|Gholdengo, L50|100/100
|switch|p2a: Dragapult|Dragapult, L50, M|100/100
|switch|p2b: Magmar|Magmar, L50, M|100/100
|-ability|p1a: Incineroar|Intimidate|boost
|-fail|p2a: Dragapult|unboost|[from] ability: Clear Body|[of] p2a: Dragapult
|-unboost|p2b: Magmar|atk|1
|turn|1
|inactive|FlowerBoyFan has 30 seconds left.
|inactive|PikaTROD has 30 seconds left.
|
|t:|1756938773
|switch|p1a: Amoonguss|Amoonguss, L50, M|100/100
|move|p2b: Magmar|Protect|p2b: Magmar
|-singleturn|p2b: Magmar|Protect
|move|p2a: Dragapult|U-turn|p1a: Amoonguss
|-damage|p1a: Amoonguss|63/100
|
|t:|1756938779
|switch|p2a: Sneasler|Sneasler, L50, M|100/100|[from] U-turn
|move|p1b: Gholdengo|Shadow Ball|p2b: Magmar
|-activate|p2b: Magmar|move: Protect
|
|upkeep
|turn|2
|
|t:|1756938803
|switch|p1a: Incineroar|Incineroar, L50, F|100/100
|-ability|p1a: Incineroar|Intimidate|boost
|-unboost|p2a: Sneasler|atk|1
|-unboost|p2b: Magmar|atk|1
|-terastallize|p1b: Gholdengo|Water
|move|p2a: Sneasler|Fake Out|p1a: Incineroar
|-crit|p1a: Incineroar
|-damage|p1a: Incineroar|81/100
|move|p1b: Gholdengo|Nasty Plot|p1b: Gholdengo
|-boost|p1b: Gholdengo|spa|2
|move|p2b: Magmar|Overheat|p1b: Gholdengo
|-resisted|p1b: Gholdengo
|-damage|p1b: Gholdengo|76/100
|-unboost|p2b: Magmar|spa|2
|
|upkeep
|turn|3
|inactive|PikaTROD has 30 seconds left.
|inactive|PikaTROD has 20 seconds left.
|inactive|PikaTROD has 15 seconds left.
|
|t:|1756938845
|move|p2b: Magmar|Protect|p2b: Magmar
|-singleturn|p2b: Magmar|Protect
|move|p1a: Incineroar|Fake Out|p2a: Sneasler
|-crit|p2a: Sneasler
|-damage|p2a: Sneasler|68/100
|cant|p2a: Sneasler|flinch
|move|p1b: Gholdengo|Nasty Plot|p1b: Gholdengo
|-boost|p1b: Gholdengo|spa|2
|
|upkeep
|turn|4
|inactive|PikaTROD has 30 seconds left.
|inactive|PikaTROD has 20 seconds left.
|inactive|PikaTROD has 15 seconds left.
|inactive|PikaTROD has 10 seconds left.
|
|t:|1756938895
|switch|p1a: Amoonguss|Amoonguss, L50, M|96/100
|move|p2b: Magmar|Protect||[still]
|-fail|p2b: Magmar
|move|p2a: Sneasler|Close Combat|p1a: Amoonguss
|-resisted|p1a: Amoonguss
|-damage|p1a: Amoonguss|76/100
|-unboost|p2a: Sneasler|def|1
|-unboost|p2a: Sneasler|spd|1
|move|p1b: Gholdengo|Make It Rain|p2b: Magmar|[spread] p2a,p2b
|-resisted|p2b: Magmar
|-crit|p2b: Magmar
|-damage|p2a: Sneasler|0 fnt
|-damage|p2b: Magmar|10/100
|-unboost|p1b: Gholdengo|spa|1
|faint|p2a: Sneasler
|-damage|p1b: Gholdengo|67/100|[from] item: Life Orb
|
|upkeep
|
|t:|1756938898
|switch|p2a: Dragapult|Dragapult, L50, M|100/100
|turn|5
|inactive|PikaTROD has 30 seconds left.
|inactive|PikaTROD has 20 seconds left.
|inactive|PikaTROD has 15 seconds left.
|inactive|PikaTROD has 10 seconds left.
|
|t:|1756938946
|move|p2b: Magmar|Follow Me|p2b: Magmar
|-singleturn|p2b: Magmar|move: Follow Me
|move|p1a: Amoonguss|Rage Powder|p1a: Amoonguss
|-singleturn|p1a: Amoonguss|move: Rage Powder
|move|p2a: Dragapult|Outrage|p1a: Amoonguss
|-damage|p1a: Amoonguss|0 fnt
|faint|p1a: Amoonguss
|move|p1b: Gholdengo|Make It Rain|p2b: Magmar|[spread] p2a,p2b
|-resisted|p2b: Magmar
|-damage|p2a: Dragapult|0 fnt
|-damage|p2b: Magmar|0 fnt
|-unboost|p1b: Gholdengo|spa|1
|faint|p2a: Dragapult
|faint|p2b: Magmar
|-damage|p1b: Gholdengo|57/100|[from] item: Life Orb
|
|upkeep
|
|t:|1756938956
|switch|p2b: Primarina|Primarina, L50, M|100/100
|switch|p1a: Incineroar|Incineroar, L50, F|81/100
|-ability|p1a: Incineroar|Intimidate|boost
|-unboost|p2b: Primarina|atk|1
|turn|6
|l| teamthief420
|
|t:|1756938961
|move|p2b: Primarina|Protect|p2b: Primarina
|-singleturn|p2b: Primarina|Protect
|move|p1a: Incineroar|Fake Out|p2b: Primarina
|-activate|p2b: Primarina|move: Protect
|move|p1b: Gholdengo|Make It Rain|p2b: Primarina
|-activate|p2b: Primarina|move: Protect
|
|upkeep
|turn|7
|
|t:|1756938967
|-terastallize|p2b: Primarina|Water
|move|p1b: Gholdengo|Make It Rain|p2b: Primarina
|-resisted|p2b: Primarina
|-damage|p2b: Primarina|42/100
|-unboost|p1b: Gholdengo|spa|1
|-enditem|p2b: Primarina|Sitrus Berry|[eat]
|-heal|p2b: Primarina|67/100|[from] item: Sitrus Berry
|-damage|p1b: Gholdengo|47/100|[from] item: Life Orb
|move|p1a: Incineroar|Knock Off|p2b: Primarina
|-damage|p2b: Primarina|39/100
|move|p2b: Primarina|Hyper Voice|p1a: Incineroar|[spread] p1a,p1b
|-supereffective|p1a: Incineroar
|-resisted|p1b: Gholdengo
|-damage|p1a: Incineroar|0 fnt
|-damage|p1b: Gholdengo|27/100
|faint|p1a: Incineroar
|
|upkeep
|
|t:|1756938972
|switch|p1a: Annihilape|Annihilape, L50, F|100/100
|turn|8
|
|t:|1756938981
|move|p1a: Annihilape|Bulk Up|p1a: Annihilape
|-boost|p1a: Annihilape|atk|1
|-boost|p1a: Annihilape|def|1
|move|p1b: Gholdengo|Shadow Ball|p2b: Primarina
|-damage|p2b: Primarina|0 fnt
|faint|p2b: Primarina
|-damage|p1b: Gholdengo|17/100|[from] item: Life Orb
|
|win|FlowerBoyFan
||FlowerBoyFan is ready for game 3.
||PikaTROD is ready for game 3.
|uhtml|next|Next: Game 3 of 3
|l|☆FlowerBoyFan
|player|p1|
