|j|☆CostlessGem1
|j|☆NBZ-H
|html|CostlessGem1NBZ-H    
|uhtml|bestof|Game 1 of a best-of-3
|t:|1757705647
|gametype|doubles
|player|p1|CostlessGem1|steven|1086
|player|p2|NBZ-H|266|1047
|gen|9
|tier|[Gen 9] VGC 2025 Reg H (Bo3)
|rated|
|rule|Species Clause: Limit one of each Pokémon
|rule|Item Clause: Limit 1 of each item
|clearpoke
|poke|p1|Metagross, L50|
|poke|p1|Typhlosion-Hisui, L50, M|
|poke|p1|Whimsicott, L50, F|
|poke|p1|Dragonite, L50, M|
|poke|p1|Incineroar, L50, F|
|poke|p1|Ninetales-Alola, L50, M|
|poke|p2|Lurantis, L50, F|
|poke|p2|Whimsicott, L50, M|
|poke|p2|Typhlosion-Hisui, L50, F|
|poke|p2|Farigiraf, L50, F|
|poke|p2|Torkoal, L50, M|
|poke|p2|Victreebel, L50, M|
|teampreview|4
|showteam|p1|Metagross||AssaultVest|ClearBody|PsychicFangs,BulletPunch,HeavySlam,StompingTantrum||||||50|,,,,,Grass]Typhlosion-Hisui||ChoiceScarf|Blaze|Eruption,ShadowBall,HeatWave,Overheat|||M|||50|,,,,,Fire]Whimsicott||FocusSash|Prankster|Tailwind,SunnyDay,Encore,Moonblast|||F|||50|,,,,,Ghost]Dragonite||LoadedDice|Multiscale|ScaleShot,Protect,Haze,ExtremeSpeed|||M|||50|,,,,,Normal]Incineroar||SafetyGoggles|Intimidate|FakeOut,KnockOff,PartingShot,FlareBlitz|||F|||50|,,,,,Ghost]Ninetales-Alola||LightClay|SnowWarning|Blizzard,AuroraVeil,Protect,Moonblast|||M|||50|,,,,,Ghost
|showteam|p2|Lurantis||AssaultVest|Contrary|Superpower,LeafBlade,KnockOff,PoisonJab|||F|||50|,,,,,Poison]Whimsicott||FocusSash|Prankster|Tailwind,Tickle,FakeTears,Encore|||M|||50|,,,,,Dark]Typhlosion-Hisui||ChoiceSpecs|Blaze|Eruption,ShadowBall,HeatWave,InfernalParade|||F|||50|,,,,,Fire]Farigiraf||ThroatSpray|ArmorTail|TrickRoom,FoulPlay,HyperVoice,Protect|||F|||50|,,,,,Fairy]Torkoal||Charcoal|Drought|Eruption,Protect,SolarBeam,Flamethrower|||M|||50|,,,,,Fire]Victreebel||LifeOrb|Chlorophyll|KnockOff,LeechLife,PoisonJab,LeafBlade|||M|||50|,,,,,Dragon
|
|t:|1757705678
|teamsize|p1|4
|teamsize|p2|4
|start
|switch|p1a: Whimsicott|Whimsicott, L50, F, shiny|100/100
|switch|p1b: Typhlosion|Typhlosion-Hisui, L50, M, shiny|100/100
|switch|p2a: Farigiraf|Farigiraf, L50, F|100/100
|switch|p2b: Lurantis|Lurantis, L50, F|100/100
|turn|1
|inactive|Battle timer is ON: inactive players will automatically lose when time's up. (requested by NBZ-H)
|
|t:|1757705702
|-terastallize|p2b: Lurantis|Poison
|move|p1a: Whimsicott|Sunny Day|p1a: Whimsicott
|-weather|SunnyDay
|move|p1b: Typhlosion|Eruption|p2b: Lurantis|[spread] p2a,p2b
|-damage|p2a: Farigiraf|35/100
|-damage|p2b: Lurantis|36/100
|move|p2b: Lurantis|Knock Off|p1b: Typhlosion
|-supereffective|p1b: Typhlosion
|-crit|p1b: Typhlosion
|-damage|p1b: Typhlosion|0 fnt
|-enditem|p1b: Typhlosion|Choice Scarf|[from] move: Knock Off|[of] p2b: Lurantis
|faint|p1b: Typhlosion
|move|p2a: Farigiraf|Trick Room|p2a: Farigiraf
|-fieldstart|move: Trick Room|[of] p2a: Farigiraf
|
|-weather|SunnyDay|[upkeep]
|upkeep
|
|t:|1757705711
|switch|p1b: Ninetales|Ninetales-Alola, L50, M, shiny|100/100
|-weather|Snowscape|[from] ability: Snow Warning|[of] p1b: Ninetales
|turn|2
|
|t:|1757705733
|switch|p2b: Torkoal|Torkoal, L50, M|100/100
|-weather|SunnyDay|[from] ability: Drought|[of] p2b: Torkoal
|move|p1a: Whimsicott|Encore||[still]
|cant|p2a: Farigiraf|ability: Armor Tail|Encore|[of] p1a: Whimsicott
|move|p2a: Farigiraf|Hyper Voice|p1a: Whimsicott|[spread] p1a,p1b
|-damage|p1a: Whimsicott|59/100
|-damage|p1b: Ninetales|66/100
|-enditem|p2a: Farigiraf|Throat Spray
|-boost|p2a: Farigiraf|spa|1|[from] item: Throat Spray
|move|p1b: Ninetales|Blizzard|p2a: Farigiraf|[spread] p2a,p2b
|-resisted|p2b: Torkoal
|-damage|p2a: Farigiraf|11/100
|-damage|p2b: Torkoal|81/100
|
|-weather|SunnyDay|[upkeep]
|upkeep
|turn|3
|
|t:|1757705752
|switch|p1b: Dragonite|Dragonite, L50, M, shiny|100/100
|move|p1a: Whimsicott|Tailwind|p1a: Whimsicott
|-sidestart|p1: CostlessGem1|move: Tailwind
|move|p2b: Torkoal|Eruption|p1a: Whimsicott|[spread] p1a,p1b
|-supereffective|p1a: Whimsicott
|-resisted|p1b: Dragonite
|-damage|p1a: Whimsicott|0 fnt
|-damage|p1b: Dragonite|81/100
|faint|p1a: Whimsicott
|move|p2a: Farigiraf|Hyper Voice|p1b: Dragonite
|-damage|p1b: Dragonite|18/100
|
|-weather|SunnyDay|[upkeep]
|upkeep
|
|t:|1757705759
|switch|p1a: Ninetales|Ninetales-Alola, L50, M, shiny|66/100
|-weather|Snowscape|[from] ability: Snow Warning|[of] p1a: Ninetales
|turn|4
|
|t:|1757705774
|move|p2b: Torkoal|Protect|p2b: Torkoal
|-singleturn|p2b: Torkoal|Protect
|move|p1b: Dragonite|Protect|p1b: Dragonite
|-singleturn|p1b: Dragonite|Protect
|move|p2a: Farigiraf|Hyper Voice|p1a: Ninetales|[spread] p1a
|-activate|p1b: Dragonite|move: Protect
|-damage|p1a: Ninetales|13/100
|move|p1a: Ninetales|Blizzard|p2a: Farigiraf|[spread] p2a
|-activate|p2b: Torkoal|move: Protect
|-damage|p2a: Farigiraf|0 fnt
|faint|p2a: Farigiraf
|
|-weather|Snowscape|[upkeep]
|upkeep
|
|t:|1757705780
|switch|p2a: Whimsicott|Whimsicott, L50, M|100/100
|turn|5
|
|t:|1757705791
|move|p1b: Dragonite|Protect||[still]
|-fail|p1b: Dragonite
|move|p1a: Ninetales|Protect|p1a: Ninetales
|-singleturn|p1a: Ninetales|Protect
|move|p2a: Whimsicott|Encore|p1b: Dragonite
|-start|p1b: Dragonite|Encore
|move|p2b: Torkoal|Flamethrower|p1a: Ninetales
|-activate|p1a: Ninetales|move: Protect
|
|-weather|Snowscape|[upkeep]
|-fieldend|move: Trick Room
|upkeep
|turn|6
|
|t:|1757705803
|move|p1b: Dragonite|Protect|p1b: Dragonite
|-singleturn|p1b: Dragonite|Protect
|move|p2a: Whimsicott|Encore|p1a: Ninetales
|-start|p1a: Ninetales|Encore
|move|p1a: Ninetales|Protect|p1a: Ninetales
|-singleturn|p1a: Ninetales|Protect
|move|p2b: Torkoal|Flamethrower|p1a: Ninetales
|-activate|p1a: Ninetales|move: Protect
|
|-weather|Snowscape|[upkeep]
|-sideend|p1: CostlessGem1|move: Tailwind
|upkeep
|turn|7
|
|t:|1757705813
|switch|p2a: Lurantis|Lurantis, L50, F, tera:Poison|36/100
|move|p1a: Ninetales|Protect|p1a: Ninetales
|-singleturn|p1a: Ninetales|Protect
|move|p1b: Dragonite|Protect|p1b: Dragonite
|-singleturn|p1b: Dragonite|Protect
|move|p2b: Torkoal|Flamethrower|p1a: Ninetales
|-activate|p1a: Ninetales|move: Protect
|
|-weather|Snowscape|[upkeep]
|upkeep
|turn|8
|
|t:|1757705825
|move|p1a: Ninetales|Protect||[still]
|-fail|p1a: Ninetales
|move|p1b: Dragonite|Protect||[still]
|-fail|p1b: Dragonite
|move|p2a: Lurantis|Poison Jab|p1a: Ninetales
|-supereffective|p1a: Ninetales
|-damage|p1a: Ninetales|0 fnt
|faint|p1a: Ninetales
|move|p2b: Torkoal|Flamethrower|p1b: Dragonite
|-resisted|p1b: Dragonite
|-damage|p1b: Dragonite|0 fnt
|faint|p1b: Dragonite
|
|win|NBZ-H
||CostlessGem1 is ready for game 2.
||NBZ-H is ready for game 2.
|uhtml|next|Next: Game 2 of 3
|l|☆CostlessGem1
|player|p1|
|l|☆NBZ-H
|player|p2|
