|j|☆HolgerD
|j|☆kingdracothe3rd
|html|HolgerDkingdracothe3rd    
|uhtml|bestof|Game 1 of a best-of-3
|t:|1757001713
|gametype|doubles
|player|p1|HolgerD|170|1367
|player|p2|kingdracothe3rd|nobunaga-conquest|1305
|gen|9
|tier|[Gen 9] VGC 2025 Reg H (Bo3)
|rated|
|rule|Species Clause: Limit one of each Pokémon
|rule|Item Clause: Limit 1 of each item
|clearpoke
|poke|p1|Maushold, L50|
|poke|p1|Pelipper, L50, F|
|poke|p1|Archaludon, L50, M|
|poke|p1|Ursaluna, L50, M|
|poke|p1|Sinistcha, L50|
|poke|p1|Basculegion, L50, M|
|poke|p2|Kingambit, L50, F|
|poke|p2|Electabuzz, L50, M|
|poke|p2|Sneasler, L50, F|
|poke|p2|Corviknight, L50, M|
|poke|p2|Ursaluna-Bloodmoon, L50, M|
|poke|p2|Rillaboom, L50, F|
|teampreview|4
|showteam|p1|Maushold||WideLens|Technician|PopulationBomb,FollowMe,Taunt,Protect||||||50|,,,,,Ghost]Pelipper||FocusSash|Drizzle|Hurricane,MuddyWater,Tailwind,Protect|||F|||50|,,,,,Ghost]Archaludon||AssaultVest|Stamina|DragonPulse,ElectroShot,BodyPress,FlashCannon|||M|||50|,,,,,Bug]Ursaluna||FlameOrb|Guts|Facade,HeadlongRush,Earthquake,Protect|||M|||50|,,,,,Ghost]Sinistcha||SitrusBerry|Hospitality|MatchaGotcha,LifeDew,RagePowder,TrickRoom||||||50|,,,,,Dark]Basculegion||ChoiceBand|SwiftSwim|AquaJet,FlipTurn,LastRespects,WaveCrash|||M|||50|,,,,,Water
|showteam|p2|Kingambit||DreadPlate|Defiant|KowtowCleave,SuckerPunch,SwordsDance,Protect|||F|||50|,,,,,Dark]Electabuzz||Eviolite|VitalSpirit|Electroweb,FollowMe,Taunt,VoltSwitch|||M|||50|,,,,,Dragon]Sneasler||FocusSash|Unburden|CloseCombat,DireClaw,Coaching,FakeOut|||F|||50|,,,,,Stellar]Corviknight||Leftovers|MirrorArmor|BraveBird,BodyPress,BulkUp,Roost|||M|||50|,,,,,Dragon]Ursaluna-Bloodmoon||AssaultVest|MindsEye|BloodMoon,HyperVoice,EarthPower,VacuumWave|||M|||50|,,,,,Dragon]Rillaboom||MiracleSeed|GrassySurge|WoodHammer,GrassyGlide,HighHorsepower,FakeOut|||F|||50|,,,,,Fire
|inactive|Battle timer is ON: inactive players will automatically lose when time's up. (requested by kingdracothe3rd)
|
|t:|1757001785
|teamsize|p1|4
|teamsize|p2|4
|start
|switch|p1a: Maushold|Maushold, L50|100/100
|switch|p1b: Basculegion|Basculegion, L50, M|100/100
|switch|p2a: Kingambit|Kingambit, L50, F, shiny|100/100
|switch|p2b: Electabuzz|Electabuzz, L50, M, shiny|100/100
|turn|1
|inactive|HolgerD has 30 seconds left.
|inactive|HolgerD has 20 seconds left.
|
|t:|1757001820
|move|p2b: Electabuzz|Follow Me|p2b: Electabuzz
|-singleturn|p2b: Electabuzz|move: Follow Me
|move|p1a: Maushold|Population Bomb|p2b: Electabuzz
|-crit|p2b: Electabuzz
|-damage|p2b: Electabuzz|88/100
|-damage|p2b: Electabuzz|79/100
|-damage|p2b: Electabuzz|70/100
|-damage|p2b: Electabuzz|62/100
|-damage|p2b: Electabuzz|53/100
|-damage|p2b: Electabuzz|44/100
|-damage|p2b: Electabuzz|35/100
|-damage|p2b: Electabuzz|27/100
|-damage|p2b: Electabuzz|19/100
|-damage|p2b: Electabuzz|10/100
|-hitcount|p2b: Electabuzz|10
|move|p1b: Basculegion|Flip Turn|p2b: Electabuzz
|-damage|p2b: Electabuzz|0 fnt
|faint|p2b: Electabuzz
|
|t:|1757001839
|switch|p1b: Archaludon|Archaludon, L50, M|100/100|[from] Flip Turn
|move|p2a: Kingambit|Swords Dance|p2a: Kingambit
|-boost|p2a: Kingambit|atk|2
|
|upkeep
|
|t:|1757001845
|switch|p2b: Sneasler|Sneasler, L50, F|100/100
|turn|2
|inactive|HolgerD has 30 seconds left.
|inactive|HolgerD has 20 seconds left.
|inactive|HolgerD has 15 seconds left.
|
|t:|1757001887
|switch|p1a: Pelipper|Pelipper, L50, F|100/100
|-weather|RainDance|[from] ability: Drizzle|[of] p1a: Pelipper
|-terastallize|p1b: Archaludon|Bug
|-terastallize|p2a: Kingambit|Dark
|move|p2b: Sneasler|Fake Out|p1b: Archaludon
|-damage|p1b: Archaludon|91/100
|-ability|p1b: Archaludon|Stamina|boost
|-boost|p1b: Archaludon|def|1
|cant|p1b: Archaludon|flinch
|move|p2a: Kingambit|Kowtow Cleave|p1b: Archaludon
|-damage|p1b: Archaludon|23/100
|-ability|p1b: Archaludon|Stamina|boost
|-boost|p1b: Archaludon|def|1
|
|-weather|RainDance|[upkeep]
|upkeep
|turn|3
|inactive|HolgerD has 30 seconds left.
|
|t:|1757001913
|move|p2a: Kingambit|Sucker Punch|p1b: Archaludon
|-damage|p1b: Archaludon|0 fnt
|faint|p1b: Archaludon
|move|p2b: Sneasler|Dire Claw|p1a: Pelipper
|-damage|p1a: Pelipper|47/100
|-status|p1a: Pelipper|slp
|cant|p1a: Pelipper|slp
|
|-weather|RainDance|[upkeep]
|upkeep
|
|t:|1757001920
|switch|p1b: Maushold|Maushold, L50|100/100
|turn|4
|
|t:|1757001934
|move|p1b: Maushold|Protect|p1b: Maushold
|-singleturn|p1b: Maushold|Protect
|move|p2a: Kingambit|Sucker Punch||[still]
|-fail|p2a: Kingambit
|move|p2b: Sneasler|Close Combat|p1b: Maushold
|-activate|p1b: Maushold|move: Protect
|-curestatus|p1a: Pelipper|slp|[msg]
|move|p1a: Pelipper|Muddy Water|p2a: Kingambit|[spread] p2a,p2b
|-damage|p2a: Kingambit|60/100
|-damage|p2b: Sneasler|44/100
|-unboost|p2a: Kingambit|accuracy|1
|-ability|p2a: Kingambit|Defiant|boost
|-boost|p2a: Kingambit|atk|2
|
|-weather|RainDance|[upkeep]
|upkeep
|turn|5
|inactive|HolgerD has 30 seconds left.
|inactive|kingdracothe3rd has 30 seconds left.
|
|t:|1757001966
|switch|p1b: Basculegion|Basculegion, L50, M|100/100
|move|p2a: Kingambit|Protect|p2a: Kingambit
|-singleturn|p2a: Kingambit|Protect
|move|p2b: Sneasler|Close Combat|p1b: Basculegion
|-immune|p1b: Basculegion
|move|p1a: Pelipper|Tailwind|p1a: Pelipper
|-sidestart|p1: HolgerD|move: Tailwind
|
|-weather|RainDance|[upkeep]
|upkeep
|turn|6
|
|t:|1757001990
|move|p1b: Basculegion|Aqua Jet|p2a: Kingambit
|-damage|p2a: Kingambit|27/100
|move|p2a: Kingambit|Sucker Punch|p1a: Pelipper
|-damage|p1a: Pelipper|0 fnt
|faint|p1a: Pelipper
|move|p2b: Sneasler|Coaching|p2a: Kingambit
|-boost|p2a: Kingambit|atk|1
|-boost|p2a: Kingambit|def|1
|
|-weather|none
|upkeep
|
|t:|1757001997
|switch|p1a: Maushold|Maushold, L50|100/100
|turn|7
|
|t:|1757002014
|move|p1b: Basculegion|Aqua Jet|p2b: Sneasler
|-damage|p2b: Sneasler|0 fnt
|faint|p2b: Sneasler
|move|p2a: Kingambit|Sucker Punch|p1a: Maushold
|-damage|p1a: Maushold|0 fnt
|faint|p1a: Maushold
|
|upkeep
|
|t:|1757002021
|switch|p2b: Ursaluna|Ursaluna-Bloodmoon, L50, M|100/100
|turn|8
|
|t:|1757002028
|move|p1b: Basculegion|Aqua Jet|p2b: Ursaluna
|-supereffective|p2b: Ursaluna
|-damage|p2b: Ursaluna|53/100
|move|p2b: Ursaluna|Blood Moon|p1b: Basculegion
|-damage|p1b: Basculegion|16/100
|move|p2a: Kingambit|Kowtow Cleave|p1b: Basculegion
|-supereffective|p1b: Basculegion
|-damage|p1b: Basculegion|0 fnt
|faint|p1b: Basculegion
|
|win|kingdracothe3rd
|inactive|HolgerD has 30 seconds to confirm battle start!
|inactive|kingdracothe3rd has 30 seconds to confirm battle start!
||HolgerD is ready for game 2.
||kingdracothe3rd is ready for game 2.
|uhtml|next|Next: Game 2 of 3
|l|☆kingdracothe3rd
|player|p2|
