|j|☆aefrmm
|j|☆five_loko_gold
|html|aefrmmfive_loko_gold    
|uhtml|bestof|Game 3 of a best-of-3
|t:|1756265100
|gametype|doubles
|player|p1|aefrmm|pokemonrangerf-gen4|1072
|player|p2|five_loko_gold|266|1065
|gen|9
|tier|[Gen 9] VGC 2025 Reg H (Bo3)
|rated|
|rule|Species Clause: Limit one of each Pokémon
|rule|Item Clause: Limit 1 of each item
|clearpoke
|poke|p1|Ninetales-Alola, L50, F|
|poke|p1|Basculegion, L50, M|
|poke|p1|Magmar, L50, M|
|poke|p1|Sneasler, L50, M|
|poke|p1|Rillaboom, L50, M|
|poke|p1|Kingambit, L50, M|
|poke|p2|Rillaboom, L50, F|
|poke|p2|Sneasler, L50, F|
|poke|p2|Dragonite, L50, F|
|poke|p2|Kingambit, L50, F|
|poke|p2|Electabuzz, L50, F|
|poke|p2|Volcarona, L50, M|
|teampreview|4
|showteam|p1|Ninetales-Alola||LifeOrb|SnowWarning|Blizzard,FreezeDry,Encore,Protect|||F|||50|,,,,,Ghost]Basculegion||ChoiceScarf|Adaptability|WaveCrash,LastRespects,FlipTurn,TeraBlast|||M|||50|,,,,,Fighting]Magmar||Eviolite|VitalSpirit|Taunt,HeatWave,FollowMe,Protect|||M|||50|,,,,,Water]Sneasler||FocusSash|PoisonTouch|CloseCombat,DireClaw,FakeOut,Protect|||M|||50|,,,,,Stellar]Rillaboom||AssaultVest|GrassySurge|WoodHammer,GrassyGlide,Uturn,FakeOut|||M|||50|,,,,,Water]Kingambit||BlackGlasses|Defiant|KowtowCleave,SuckerPunch,SwordsDance,Protect|||M|||50|,,,,,Fire
|showteam|p2|Rillaboom||AssaultVest|GrassySurge|WoodHammer,GrassyGlide,HighHorsepower,FakeOut|||F|||50|,,,,,Fire]Sneasler||FocusSash|Unburden|CloseCombat,DireClaw,Coaching,Protect|||F|||50|,,,,,Stellar]Dragonite||LoadedDice|Multiscale|ScaleShot,Haze,ExtremeSpeed,Protect|||F|||50|,,,,,Fairy]Kingambit||BlackGlasses|Defiant|Protect,KowtowCleave,SuckerPunch,SwordsDance|||F|||50|,,,,,Dark]Electabuzz||Eviolite|VitalSpirit|Taunt,FollowMe,Thunderbolt,Protect|||F|||50|,,,,,Ghost]Volcarona||Leftovers|FlameBody|Protect,HeatWave,TeraBlast,QuiverDance|||M|||50|,,,,,Fairy
|inactive|Battle timer is ON: inactive players will automatically lose when time's up. (requested by aefrmm)
|j| Goku De Sunga
|l| Goku De Sunga
|inactive|aefrmm has 60 seconds left.
|inactive|aefrmm has 30 seconds left.
|inactive|aefrmm has 20 seconds left.
|inactive|aefrmm has 15 seconds left.
|inactive|aefrmm has 10 seconds left.
|
|t:|1756265185
|teamsize|p1|4
|teamsize|p2|4
|start
|switch|p1a: Sneasler|Sneasler, L50, M|100/100
|switch|p1b: Kingambit|Kingambit, L50, M|100/100
|switch|p2a: Electabuzz|Electabuzz, L50, F|100/100
|switch|p2b: Volcarona|Volcarona, L50, M, shiny|100/100
|turn|1
|inactive|five_loko_gold has 30 seconds left.
|inactive|five_loko_gold has 20 seconds left.
|inactive|five_loko_gold has 15 seconds left.
|
|t:|1756265229
|switch|p2a: Rillaboom|Rillaboom, L50, F|100/100
|-fieldstart|move: Grassy Terrain|[from] ability: Grassy Surge|[of] p2a: Rillaboom
|-terastallize|p1b: Kingambit|Fire
|move|p1a: Sneasler|Dire Claw|p2b: Volcarona
|-damage|p2b: Volcarona|41/100
|-status|p2b: Volcarona|slp
|cant|p2b: Volcarona|slp
|move|p1b: Kingambit|Kowtow Cleave|p2a: Rillaboom
|-damage|p2a: Rillaboom|43/100
|
|-heal|p2b: Volcarona|47/100 slp|[from] Grassy Terrain
|-heal|p2b: Volcarona|54/100 slp|[from] item: Leftovers
|-heal|p2a: Rillaboom|49/100|[from] Grassy Terrain
|upkeep
|turn|2
|inactive|five_loko_gold has 30 seconds left.
|inactive|five_loko_gold has 20 seconds left.
|inactive|five_loko_gold has 15 seconds left.
|
|t:|1756265272
|switch|p2a: Electabuzz|Electabuzz, L50, F|100/100
|move|p1a: Sneasler|Dire Claw|p2a: Electabuzz
|-damage|p2a: Electabuzz|67/100
|-curestatus|p2b: Volcarona|slp|[msg]
|move|p2b: Volcarona|Quiver Dance|p2b: Volcarona
|-boost|p2b: Volcarona|spa|1
|-boost|p2b: Volcarona|spd|1
|-boost|p2b: Volcarona|spe|1
|move|p1b: Kingambit|Swords Dance|p1b: Kingambit
|-boost|p1b: Kingambit|atk|2
|
|-heal|p2b: Volcarona|60/100|[from] Grassy Terrain
|-heal|p2b: Volcarona|66/100|[from] item: Leftovers
|-heal|p2a: Electabuzz|73/100|[from] Grassy Terrain
|upkeep
|turn|3
|inactive|aefrmm has 30 seconds left.
|
|t:|1756265307
|move|p1b: Kingambit|Protect|p1b: Kingambit
|-singleturn|p1b: Kingambit|Protect
|move|p2a: Electabuzz|Follow Me|p2a: Electabuzz
|-singleturn|p2a: Electabuzz|move: Follow Me
|move|p2b: Volcarona|Quiver Dance|p2b: Volcarona
|-boost|p2b: Volcarona|spa|1
|-boost|p2b: Volcarona|spd|1
|-boost|p2b: Volcarona|spe|1
|move|p1a: Sneasler|Close Combat|p2a: Electabuzz
|-damage|p2a: Electabuzz|19/100
|-unboost|p1a: Sneasler|def|1
|-unboost|p1a: Sneasler|spd|1
|
|-heal|p2b: Volcarona|72/100|[from] Grassy Terrain
|-heal|p2b: Volcarona|79/100|[from] item: Leftovers
|-heal|p2a: Electabuzz|25/100|[from] Grassy Terrain
|upkeep
|turn|4
|inactive|five_loko_gold has 30 seconds left.
|
|t:|1756265340
|move|p2b: Volcarona|Protect|p2b: Volcarona
|-singleturn|p2b: Volcarona|Protect
|move|p1a: Sneasler|Dire Claw|p2a: Electabuzz
|-damage|p2a: Electabuzz|0 fnt
|faint|p2a: Electabuzz
|move|p1b: Kingambit|Kowtow Cleave|p2b: Volcarona
|-activate|p2b: Volcarona|move: Protect
|
|-heal|p2b: Volcarona|85/100|[from] Grassy Terrain
|-heal|p2b: Volcarona|91/100|[from] item: Leftovers
|upkeep
|
|t:|1756265351
|switch|p2a: Rillaboom|Rillaboom, L50, F|49/100
|turn|5
|inactive|five_loko_gold has 30 seconds left.
|
|t:|1756265378
|-terastallize|p2b: Volcarona|Fairy
|move|p1a: Sneasler|Protect|p1a: Sneasler
|-singleturn|p1a: Sneasler|Protect
|move|p1b: Kingambit|Protect|p1b: Kingambit
|-singleturn|p1b: Kingambit|Protect
|move|p2a: Rillaboom|Fake Out|p1a: Sneasler
|-activate|p1a: Sneasler|move: Protect
|move|p2b: Volcarona|Heat Wave|p1a: Sneasler|[spread] 
|-activate|p1a: Sneasler|move: Protect
|-activate|p1b: Kingambit|move: Protect
|
|-heal|p2b: Volcarona|97/100|[from] Grassy Terrain
|-heal|p2b: Volcarona|100/100|[from] item: Leftovers
|-heal|p2a: Rillaboom|55/100|[from] Grassy Terrain
|-fieldend|move: Grassy Terrain
|upkeep
|turn|6
|
|t:|1756265394
|switch|p2a: Dragonite|Dragonite, L50, F|100/100
|move|p2b: Volcarona|Protect|p2b: Volcarona
|-singleturn|p2b: Volcarona|Protect
|move|p1b: Kingambit|Sucker Punch||[still]
|-fail|p1b: Kingambit
|move|p1a: Sneasler|Dire Claw|p2b: Volcarona
|-activate|p2b: Volcarona|move: Protect
|
|upkeep
|turn|7
|inactive|aefrmm has 30 seconds left.
|inactive|five_loko_gold has 30 seconds left.
|inactive|aefrmm has 20 seconds left.
|inactive|five_loko_gold has 20 seconds left.
|inactive|aefrmm has 15 seconds left.
|inactive|five_loko_gold has 15 seconds left.
|inactive|aefrmm has 10 seconds left.
|inactive|five_loko_gold has 10 seconds left.
|inactive|aefrmm has 5 seconds left.
|inactive|five_loko_gold has 5 seconds left.
|
|t:|1756265447
|move|p2a: Dragonite|Extreme Speed|p1a: Sneasler
|-damage|p1a: Sneasler|22/100
|move|p2b: Volcarona|Quiver Dance|p2b: Volcarona
|-boost|p2b: Volcarona|spa|1
|-boost|p2b: Volcarona|spd|1
|-boost|p2b: Volcarona|spe|1
|move|p1a: Sneasler|Dire Claw|p2b: Volcarona
|-supereffective|p2b: Volcarona
|-damage|p2b: Volcarona|0 fnt
|-status|p1a: Sneasler|brn|[from] ability: Flame Body|[of] p2b: Volcarona
|faint|p2b: Volcarona
|move|p1b: Kingambit|Kowtow Cleave|p2a: Dragonite
|-damage|p2a: Dragonite|35/100
|
|-damage|p1a: Sneasler|16/100 brn|[from] brn
|upkeep
|
|t:|1756265456
|switch|p2b: Rillaboom|Rillaboom, L50, F|55/100
|-fieldstart|move: Grassy Terrain|[from] ability: Grassy Surge|[of] p2b: Rillaboom
|turn|8
|inactive|five_loko_gold has 30 seconds left.
|
|t:|1756265483
|move|p1a: Sneasler|Protect|p1a: Sneasler
|-singleturn|p1a: Sneasler|Protect
|move|p1b: Kingambit|Protect|p1b: Kingambit
|-singleturn|p1b: Kingambit|Protect
|move|p2b: Rillaboom|Fake Out|p1b: Kingambit
|-activate|p1b: Kingambit|move: Protect
|move|p2a: Dragonite|Scale Shot|p1a: Sneasler
|-activate|p1a: Sneasler|move: Protect
|
|-heal|p1a: Sneasler|22/100 brn|[from] Grassy Terrain
|-heal|p2b: Rillaboom|61/100|[from] Grassy Terrain
|-damage|p1a: Sneasler|16/100 brn|[from] brn
|upkeep
|turn|9
|
|t:|1756265506
|move|p2b: Rillaboom|Grassy Glide|p1a: Sneasler
|-resisted|p1a: Sneasler
|-damage|p1a: Sneasler|0 fnt
|faint|p1a: Sneasler
|move|p1b: Kingambit|Sucker Punch||[still]
|-fail|p1b: Kingambit
|move|p2a: Dragonite|Haze|p2a: Dragonite
|-clearallboost
|
|-heal|p2b: Rillaboom|67/100|[from] Grassy Terrain
|upkeep
|
|t:|1756265516
|switch|p1a: Ninetales|Ninetales-Alola, L50, F|100/100
|-weather|Snowscape|[from] ability: Snow Warning|[of] p1a: Ninetales
|turn|10
|
|t:|1756265540
|move|p2a: Dragonite|Extreme Speed|p1a: Ninetales
|-damage|p1a: Ninetales|67/100
|move|p1b: Kingambit|Sucker Punch|p2b: Rillaboom
|-damage|p2b: Rillaboom|16/100
|move|p1a: Ninetales|Blizzard|p2a: Dragonite|[spread] p2a,p2b
|-supereffective|p2a: Dragonite
|-supereffective|p2b: Rillaboom
|-damage|p2a: Dragonite|0 fnt
|-damage|p2b: Rillaboom|0 fnt
|faint|p2a: Dragonite
|faint|p2b: Rillaboom
|-damage|p1a: Ninetales|58/100|[from] item: Life Orb
|
|win|aefrmm
|raw|aefrmm's rating: 1072 → 1101(+29 for winning)
|raw|five_loko_gold's rating: 1065 → 1046(-19 for losing)
|l|☆five_loko_gold
|player|p2|
|c|☆aefrmm|gg
