|j|☆k0nvit
|j|☆binx7171
|html|k0nvitbinx7171    
|uhtml|bestof|Game 1 of a best-of-3
|t:|1785697199
|gametype|doubles
|player|p1|k0nvit|170|
|player|p2|binx7171|265|
|gen|9
|tier|[Gen 9 Champions] VGC 2026 Reg M-B (Bo3)
|rule|Species Clause: Limit one of each Pokémon
|rule|Item Clause: Limit 1 of each item
|clearpoke
|poke|p1|Mimikyu, L50, M|
|poke|p1|Torkoal, L50, M|
|poke|p1|Glimmora, L50, F|
|poke|p1|Tsareena, L50, F|
|poke|p1|Clefable, L50, M|
|poke|p1|Samurott-Hisui, L50, F|
|poke|p2|Weavile, L50, M|
|poke|p2|Dragapult, L50, M|
|poke|p2|Scizor, L50, F|
|poke|p2|Corviknight, L50, M|
|poke|p2|Slowbro-Galar, L50, F|
|poke|p2|Basculegion, L50, M|
|teampreview|4
|showteam|p1|Mimikyu||KasibBerry|Disguise|ShadowSneak,TrickRoom,PlayRough,SwordsDance|Brave||M|||50|]Torkoal||LifeOrb|Drought|Eruption,SolarBeam,Protect,WillOWisp|Quiet||M|||50|]Glimmora||Glimmoranite|ToxicDebris|SludgeBomb,SpikyShield,DazzlingGleam,EarthPower|Quiet||F|||50|]Tsareena||WideLens|QueenlyMajesty|PowerWhip,TripleAxel,HighJumpKick,Protect|Brave||F|||50|]Clefable||BabiriBerry|Unaware|Moonblast,FollowMe,Protect,Encore|Sassy||M|||50|]Samurott-Hisui||BlackGlasses|Sharpness|AquaCutter,CeaselessEdge,Protect,SuckerPunch|Brave||F|||50|
|showteam|p2|Weavile||FocusSash|Pressure|IceShard,KnockOff,IcicleCrash,LowKick|Jolly||M|||50|]Dragapult||LifeOrb|ClearBody|DragonDarts,ShadowBall,Uturn,Flamethrower|Timid||M|||50|]Scizor||Scizorite|Technician|BulletPunch,SwordsDance,Uturn,CloseCombat|Adamant||F|||50|]Corviknight||Leftovers|MirrorArmor|IronDefense,Roost,Defog,Uturn|Careful||M|||50|]Slowbro-Galar||SitrusBerry|Regenerator|Surf,TrickRoom,SlackOff,Psyshock|Bold||F|||50|]Basculegion||ChoiceScarf|Adaptability|WaveCrash,ShadowBall,AquaJet,FlipTurn|Adamant||M|||50|
|
|t:|1785697239
|teamsize|p1|4
|teamsize|p2|4
|start
|switch|p1a: Mimikyu|Mimikyu, L50, M|100/100
|switch|p1b: Clefable|Clefable, L50, M|100/100
|switch|p2a: Weavile|Weavile, L50, M|100/100
|switch|p2b: Dragapult|Dragapult, L50, M|100/100
|-ability|p2a: Weavile|Pressure
|turn|1
|
|t:|1785697278
|move|p1b: Clefable|Follow Me|p1b: Clefable
|-singleturn|p1b: Clefable|move: Follow Me
|move|p2b: Dragapult|Shadow Ball|p1b: Clefable
|-damage|p1b: Clefable|72/100
|-damage|p2b: Dragapult|90/100|[from] item: Life Orb
|move|p2a: Weavile|Icicle Crash|p1b: Clefable|[miss]
|-miss|p2a: Weavile|p1b: Clefable
|move|p1a: Mimikyu|Swords Dance|p1a: Mimikyu
|-boost|p1a: Mimikyu|atk|2
|
|upkeep
|turn|2
|
|t:|1785697312
|switch|p2a: Scizor|Scizor, L50, F|100/100
|move|p1b: Clefable|Follow Me|p1b: Clefable
|-singleturn|p1b: Clefable|move: Follow Me
|move|p2b: Dragapult|Shadow Ball|p1b: Clefable
|-damage|p1b: Clefable|39/100
|-damage|p2b: Dragapult|80/100|[from] item: Life Orb
|move|p1a: Mimikyu|Trick Room|p1a: Mimikyu
|-fieldstart|move: Trick Room|[of] p1a: Mimikyu
|
|upkeep
|turn|3
|
|t:|1785697333
|move|p1b: Clefable|Follow Me|p1b: Clefable
|-singleturn|p1b: Clefable|move: Follow Me
|move|p2a: Scizor|Bullet Punch|p1b: Clefable
|-supereffective|p1b: Clefable|1
|-enditem|p1b: Clefable|Babiri Berry|[eat]
|-enditem|p1b: Clefable|Babiri Berry|[weaken]
|-damage|p1b: Clefable|6/100
|move|p1a: Mimikyu|Play Rough|p2b: Dragapult
|-supereffective|p2b: Dragapult|1
|-damage|p2b: Dragapult|0 fnt
|faint|p2b: Dragapult
|
|upkeep
|
|t:|1785697345
|switch|p2b: Basculegion|Basculegion, L50, M|100/100
|turn|4
|
|t:|1785697356
|move|p1b: Clefable|Protect|p1b: Clefable
|-singleturn|p1b: Clefable|Protect
|move|p2a: Scizor|Bullet Punch|p1a: Mimikyu
|-activate|p1a: Mimikyu|ability: Disguise
|-damage|p1a: Mimikyu|100/100
|detailschange|p1a: Mimikyu|Mimikyu-Busted, L50, M
|-damage|p1a: Mimikyu|87/100|[from] pokemon: Mimikyu-Busted
|move|p1a: Mimikyu|Shadow Sneak|p2b: Basculegion
|-supereffective|p2b: Basculegion|1
|-damage|p2b: Basculegion|15/100
|move|p2b: Basculegion|Shadow Ball|p1a: Mimikyu
|-supereffective|p1a: Mimikyu|1
|-enditem|p1a: Mimikyu|Kasib Berry|[eat]
|-enditem|p1a: Mimikyu|Kasib Berry|[weaken]
|-damage|p1a: Mimikyu|50/100g
|-unboost|p1a: Mimikyu|spd|1
|
|upkeep
|turn|5
|
|t:|1785697382
|move|p1b: Clefable|Follow Me|p1b: Clefable
|-singleturn|p1b: Clefable|move: Follow Me
|move|p2a: Scizor|Bullet Punch|p1b: Clefable
|-supereffective|p1b: Clefable|1
|-damage|p1b: Clefable|0 fnt
|faint|p1b: Clefable
|move|p1a: Mimikyu|Shadow Sneak|p2b: Basculegion
|-supereffective|p2b: Basculegion|1
|-damage|p2b: Basculegion|0 fnt
|faint|p2b: Basculegion
|
|upkeep
|
|t:|1785697392
|switch|p1b: Torkoal|Torkoal, L50, M|100/100
|switch|p2b: Weavile|Weavile, L50, M|100/100
|-weather|SunnyDay|[from] ability: Drought|[of] p1b: Torkoal
|-ability|p2b: Weavile|Pressure
|turn|6
|
|t:|1785697413
|detailschange|p2a: Scizor|Scizor-Mega, L50, F
|-mega|p2a: Scizor|Scizor|Scizorite
|move|p2a: Scizor|Bullet Punch|p1a: Mimikyu
|-supereffective|p1a: Mimikyu|1
|-damage|p1a: Mimikyu|0 fnt
|faint|p1a: Mimikyu
|move|p1b: Torkoal|Eruption|p2b: Weavile|[spread] p2a,p2b
|-supereffective|p2a: Scizor|2
|-supereffective|p2b: Weavile|1
|-damage|p2a: Scizor|0 fnt
|-enditem|p2b: Weavile|Focus Sash
|-damage|p2b: Weavile|1/100
|faint|p2a: Scizor
|-damage|p1b: Torkoal|90/100|[from] item: Life Orb
|move|p2b: Weavile|Knock Off|p1b: Torkoal
|-damage|p1b: Torkoal|55/100
|-enditem|p1b: Torkoal|Life Orb|[from] move: Knock Off|[of] p2b: Weavile
|
|-weather|SunnyDay|[upkeep]
|-fieldend|move: Trick Room
|upkeep
|
|t:|1785697429
|switch|p1a: Tsareena|Tsareena, L50, F|100/100
|turn|7
|
|t:|1785697435
|move|p2b: Weavile|Ice Shard||[still]
|cant|p1a: Tsareena|ability: Queenly Majesty|Ice Shard|[of] p2b: Weavile
|move|p1a: Tsareena|High Jump Kick|p2b: Weavile
|-supereffective|p2b: Weavile|2
|-damage|p2b: Weavile|0 fnt
|faint|p2b: Weavile
|
|win|k0nvit
||k0nvit is ready for game 2.
|inactive|binx7171 has 30 seconds to confirm battle start!
||binx7171 is ready for game 2.
|uhtml|next|Next: Game 2 of 3
|l|☆binx7171
|player|p2|
