|j|☆Spliffbaeless
|j|☆soymalo1
|html|Spliffbaelesssoymalo1    
|uhtml|bestof|Game 3 of a best-of-3
|t:|1785694941
|gametype|doubles
|player|p1|Spliffbaeless|steven|1215
|player|p2|soymalo1|2|1091
|gen|9
|tier|[Gen 9 Champions] VGC 2026 Reg M-B (Bo3)
|rated|
|rule|Species Clause: Limit one of each Pokémon
|rule|Item Clause: Limit 1 of each item
|clearpoke
|poke|p1|Raichu, L50, M, shiny|
|poke|p1|Mawile, L50, M|
|poke|p1|Sinistcha, L50|
|poke|p1|Ceruledge, L50, M|
|poke|p1|Milotic, L50, M|
|poke|p1|Incineroar, L50, F, shiny|
|poke|p2|Aerodactyl, L50, F|
|poke|p2|Kingambit, L50, F|
|poke|p2|Sylveon, L50, F|
|poke|p2|Garchomp, L50, M|
|poke|p2|Charizard, L50, F|
|poke|p2|Incineroar, L50, M|
|teampreview|4
|showteam|p1|Raichu||RaichuniteY|LightningRod|ZapCannon,FocusBlast,FakeOut,Protect|Timid||M|||50|]Mawile||Mawilite|HyperCutter|PlayRough,SuckerPunch,SwordsDance,Protect|Adamant||M|||50|]Sinistcha||KasibBerry|Hospitality|MatchaGotcha,LifeDew,RagePowder,Protect|Relaxed|||||50|]Ceruledge||ColburBerry|FlashFire|BitterBlade,ShadowSneak,BulkUp,Protect|Adamant||M|||50|]Milotic||Leftovers|Competitive|MuddyWater,Coil,Hypnosis,Protect|Calm||M|||50|]Incineroar||SitrusBerry|Intimidate|FlareBlitz,ThroatChop,FakeOut,PartingShot|Impish||F|||50|
|showteam|p2|Aerodactyl||Aerodactylite|Unnerve|RockSlide,IceFang,Tailwind,WideGuard|Jolly||F|||50|]Kingambit||FocusSash|Defiant|KowtowCleave,SuckerPunch,IronHead,Protect|Adamant||F|||50|]Sylveon||FairyFeather|Pixilate|Detect,HyperVoice,HyperBeam,QuickAttack|Modest||F|||50|]Garchomp||LifeOrb|RoughSkin|Earthquake,DragonClaw,StompingTantrum,Protect|Jolly||M|||50|]Charizard||CharizarditeY|Blaze|Protect,HeatWave,SolarBeam,WeatherBall|Modest||F|||50|]Incineroar||SitrusBerry|Intimidate|DarkestLariat,FlareBlitz,FakeOut,PartingShot|Impish||M|||50|
|inactive|Battle timer is ON: inactive players will automatically lose when time's up. (requested by soymalo1)
|
|t:|1785694964
|teamsize|p1|4
|teamsize|p2|4
|start
|switch|p1a: Birdman|Milotic, L50, M|100/100
|switch|p1b: Lil Wayne|Raichu, L50, M, shiny|100/100
|switch|p2a: Charizard|Charizard, L50, F|100/100
|switch|p2b: Aerodactyl|Aerodactyl, L50, F|100/100
|-ability|p2b: Aerodactyl|Unnerve
|turn|1
|
|t:|1785694986
|detailschange|p1b: Lil Wayne|Raichu-Mega-Y, L50, M, shiny
|-mega|p1b: Lil Wayne|Raichu|Raichunite Y
|detailschange|p2a: Charizard|Charizard-Mega-Y, L50, F
|-mega|p2a: Charizard|Charizard|Charizardite Y
|-weather|SunnyDay|[from] ability: Drought|[of] p2a: Charizard
|move|p2a: Charizard|Protect|p2a: Charizard
|-singleturn|p2a: Charizard|Protect
|move|p1a: Birdman|Protect|p1a: Birdman
|-singleturn|p1a: Birdman|Protect
|move|p1b: Lil Wayne|Zap Cannon|p2b: Aerodactyl
|-supereffective|p2b: Aerodactyl|1
|-damage|p2b: Aerodactyl|0 fnt
|faint|p2b: Aerodactyl
|
|-weather|SunnyDay|[upkeep]
|upkeep
|
|t:|1785695000
|switch|p2b: Kingambit|Kingambit, L50, F|100/100
|turn|2
|
|t:|1785695028
|switch|p2a: Garchomp|Garchomp, L50, M|100/100
|move|p1b: Lil Wayne|Zap Cannon|p2a: Garchomp
|-immune|p2a: Garchomp
|move|p1a: Birdman|Coil|p1a: Birdman
|-boost|p1a: Birdman|atk|1
|-boost|p1a: Birdman|def|1
|-boost|p1a: Birdman|accuracy|1
|move|p2b: Kingambit|Kowtow Cleave|p1a: Birdman
|-damage|p1a: Birdman|71/100
|
|-weather|SunnyDay|[upkeep]
|-heal|p1a: Birdman|77/100|[from] item: Leftovers
|upkeep
|turn|3
|
|t:|1785695044
|move|p1b: Lil Wayne|Protect|p1b: Lil Wayne
|-singleturn|p1b: Lil Wayne|Protect
|move|p2b: Kingambit|Protect|p2b: Kingambit
|-singleturn|p2b: Kingambit|Protect
|move|p2a: Garchomp|Earthquake|p1b: Lil Wayne|[spread] p1a
|-activate|p2b: Kingambit|move: Protect
|-activate|p1b: Lil Wayne|move: Protect
|-crit|p1a: Birdman
|-damage|p1a: Birdman|12/100
|-damage|p2a: Garchomp|90/100|[from] item: Life Orb
|move|p1a: Birdman|Hypnosis|p2a: Garchomp
|-status|p2a: Garchomp|slp|[from] move: Hypnosis
|
|-weather|SunnyDay|[upkeep]
|-heal|p1a: Birdman|18/100|[from] item: Leftovers
|upkeep
|turn|4
|inactive|soymalo1 has 30 seconds left.
|
|t:|1785695070
|switch|p2b: Charizard|Charizard-Mega-Y, L50, F|100/100
|move|p1b: Lil Wayne|Focus Blast|p2b: Charizard
|-resisted|p2b: Charizard|1
|-damage|p2b: Charizard|82/100
|cant|p2a: Garchomp|slp
|move|p1a: Birdman|Muddy Water|p2b: Charizard|[spread] p2a,p2b
|-supereffective|p2b: Charizard|1
|-damage|p2a: Garchomp|78/100 slp
|-damage|p2b: Charizard|62/100
|-unboost|p2b: Charizard|accuracy|1
|
|-weather|SunnyDay|[upkeep]
|-heal|p1a: Birdman|24/100|[from] item: Leftovers
|upkeep
|turn|5
|
|t:|1785695092
|switch|p1a: Tyga|Incineroar, L50, F, shiny|100/100
|-ability|p1a: Tyga|Intimidate|boost
|-unboost|p2a: Garchomp|atk|1
|-unboost|p2b: Charizard|atk|1
|move|p2b: Charizard|Protect|p2b: Charizard
|-singleturn|p2b: Charizard|Protect
|move|p1b: Lil Wayne|Focus Blast|p2a: Garchomp
|-damage|p2a: Garchomp|31/100 slp
|cant|p2a: Garchomp|slp
|
|-weather|none
|upkeep
|turn|6
|inactive|soymalo1 has 30 seconds left.
|
|t:|1785695124
|switch|p2b: Kingambit|Kingambit, L50, F|100/100
|move|p1a: Tyga|Fake Out|p2a: Garchomp
|-damage|p2a: Garchomp|19/100 slp
|-damage|p1a: Tyga|87/100|[from] ability: Rough Skin|[of] p2a: Garchomp
|move|p1b: Lil Wayne|Zap Cannon|p2b: Kingambit
|-damage|p2b: Kingambit|34/100
|-status|p2b: Kingambit|par
|-curestatus|p2a: Garchomp|slp|[msg]
|cant|p2a: Garchomp|flinch
|
|upkeep
|turn|7
|
|t:|1785695139
|move|p1b: Lil Wayne|Protect|p1b: Lil Wayne
|-singleturn|p1b: Lil Wayne|Protect
|move|p2a: Garchomp|Earthquake|p1b: Lil Wayne|[spread] p2b,p1a
|-activate|p1b: Lil Wayne|move: Protect
|-supereffective|p2b: Kingambit|1
|-supereffective|p1a: Tyga|1
|-damage|p2b: Kingambit|0 fnt
|-damage|p1a: Tyga|36/100
|-enditem|p1a: Tyga|Sitrus Berry|[eat]
|-heal|p1a: Tyga|60/100|[from] item: Sitrus Berry
|faint|p2b: Kingambit
|-damage|p2a: Garchomp|9/100|[from] item: Life Orb
|move|p1a: Tyga|Flare Blitz|p2a: Garchomp
|-resisted|p2a: Garchomp|1
|-damage|p2a: Garchomp|0 fnt
|-damage|p1a: Tyga|48/100|[from] ability: Rough Skin|[of] p2a: Garchomp
|faint|p2a: Garchomp
|-damage|p1a: Tyga|45/100|[from] Recoil
|
|upkeep
|inactive|soymalo1 has 30 seconds left.
|inactive|soymalo1 has 20 seconds left.
|
|t:|1785695177
|switch|p2a: Charizard|Charizard-Mega-Y, L50, F|62/100
|-weather|SunnyDay|[from] ability: Drought|[of] p2a: Charizard
|turn|8
|
|t:|1785695184
|move|p1b: Lil Wayne|Zap Cannon|p2a: Charizard
|-supereffective|p2a: Charizard|1
|-damage|p2a: Charizard|0 fnt
|faint|p2a: Charizard
|
|win|Spliffbaeless
|raw|Spliffbaeless's rating: 1215 → 1231(+16 for winning)
|raw|soymalo1's rating: 1091 → 1075(-16 for losing)
|l|☆Spliffbaeless
|player|p1|
