|j|☆lindseyyy
|j|☆SuprEpcGuy
|html|lindseyyySuprEpcGuy    
|uhtml|bestof|Game 2 of a best-of-3
|t:|1784249753
|gametype|doubles
|player|p1|lindseyyy|170|1137
|player|p2|SuprEpcGuy|shauntal|1117
|gen|9
|tier|[Gen 9 Champions] VGC 2026 Reg M-B (Bo3)
|rated|
|rule|Species Clause: Limit one of each Pokémon
|rule|Item Clause: Limit 1 of each item
|clearpoke
|poke|p1|Rotom-Wash, L50|
|poke|p1|Ninetales-Alola, L50, M|
|poke|p1|Kingambit, L50, F|
|poke|p1|Sneasler, L50, M|
|poke|p1|Tsareena, L50, F|
|poke|p1|Aerodactyl, L50, F|
|poke|p2|Zoroark-Hisui, L50, F|
|poke|p2|Sylveon, L50, M|
|poke|p2|Pyroar, L50, M|
|poke|p2|Torkoal, L50, F|
|poke|p2|Incineroar, L50, M|
|poke|p2|Farigiraf, L50, F|
|teampreview|4
|showteam|p1|Rotom-Wash||Magnet|Levitate|WillOWisp,HydroPump,Thunderbolt,Protect|Modest|||||50|]Ninetales-Alola||NeverMeltIce|SnowWarning|Howl,Blizzard,IcyWind,Protect|Timid||M|||50|]Kingambit||BlackGlasses|Defiant|Protect,KowtowCleave,SuckerPunch,SwordsDance|Adamant||F|||50|]Sneasler||WhiteHerb|Unburden|CloseCombat,DireClaw,RockTomb,FakeOut|Adamant||M|||50|]Tsareena||ChoiceScarf|QueenlyMajesty|TropKick,TripleAxel,LowKick,KnockOff|Jolly||F|||50|]Aerodactyl||Aerodactylite|Unnerve|Protect,RockSlide,Tailwind,DualWingbeat|Jolly||F|||50|
|showteam|p2|Zoroark-Hisui||FocusSash|Illusion|Round,ShadowBall,Taunt,WillOWisp|Timid||F|||50|]Sylveon||FairyFeather|Pixilate|HyperVoice,Round,QuickAttack,Detect|Modest||M|||50|]Pyroar||Pyroarite|Rivalry|HeatWave,Flamethrower,Round,Protect|Timid||M|||50|]Torkoal||Charcoal|Drought|Eruption,WeatherBall,EarthPower,Protect|Quiet||F|||50|]Incineroar||LifeOrb|Intimidate|FlareBlitz,DarkestLariat,FakeOut,PartingShot|Adamant||M|||50|]Farigiraf||ColburBerry|ArmorTail|Psychic,Thunderbolt,TrickRoom,HelpingHand|Quiet||F|||50|
|inactive|Battle timer is ON: inactive players will automatically lose when time's up. (requested by SuprEpcGuy)
|inactive|lindseyyy also wants the timer to be on.
|inactive|lindseyyy has 60 seconds left.
|
|t:|1784249813
|teamsize|p1|4
|teamsize|p2|4
|start
|switch|p1a: Amanda|Sneasler, L50, M|100/100
|switch|p1b: Shoganai|Kingambit, L50, F|100/100
|switch|p2a: Farigiraf|Farigiraf, L50, F|100/100
|switch|p2b: Pyroar|Pyroar, L50, M|100/100
|turn|1
|inactive|SuprEpcGuy has 30 seconds left.
|inactive|SuprEpcGuy has 20 seconds left.
|
|t:|1784249850
|detailschange|p2b: Pyroar|Pyroar-Mega, L50, M
|-mega|p2b: Pyroar|Pyroar|Pyroarite
|move|p2b: Pyroar|Heat Wave|p1a: Amanda|[spread] p1a,p1b
|-supereffective|p1b: Shoganai|1
|-damage|p1a: Amanda|20/100y
|-damage|p1b: Shoganai|0 fnt
|-status|p1a: Amanda|brn
|faint|p1b: Shoganai
|move|p2a: Farigiraf|Will-O-Wisp|p1a: Amanda|[miss]
|-miss|p2a: Farigiraf|p1a: Amanda
|move|p1a: Amanda|Close Combat|p2b: Pyroar
|-supereffective|p2b: Pyroar|1
|-damage|p2b: Pyroar|19/100
|-unboost|p1a: Amanda|def|1
|-unboost|p1a: Amanda|spd|1
|-enditem|p1a: Amanda|White Herb
|-clearnegativeboost|p1a: Amanda|[silent]
|
|-damage|p1a: Amanda|14/100 brn|[from] brn
|upkeep
|
|t:|1784249874
|switch|p1b: STELLVRIS|Aerodactyl, L50, F|100/100
|-ability|p1b: STELLVRIS|Unnerve
|turn|2
|
|t:|1784249897
|detailschange|p1b: STELLVRIS|Aerodactyl-Mega, L50, F
|-mega|p1b: STELLVRIS|Aerodactyl|Aerodactylite
|move|p2b: Pyroar|Protect|p2b: Pyroar
|-singleturn|p2b: Pyroar|Protect
|move|p1a: Amanda|Rock Tomb|p2a: Farigiraf
|-damage|p2a: Farigiraf|75/100
|-unboost|p2a: Farigiraf|spe|1
|replace|p2a: Boo|Zoroark-Hisui, L50, F
|-end|p2a: Boo|Illusion
|move|p1b: STELLVRIS|Dual Wingbeat|p2a: Boo
|-damage|p2a: Boo|21/100
|-damage|p2a: Boo|0 fnt
|faint|p2a: Boo
|-hitcount|p2: Boo|2
|
|-damage|p1a: Amanda|9/100 brn|[from] brn
|upkeep
|
|t:|1784249910
|switch|p2a: Farigiraf|Farigiraf, L50, F|100/100
|turn|3
|inactive|SuprEpcGuy has 30 seconds left.
|
|t:|1784249941
|move|p1a: Amanda|Dire Claw|p2a: Farigiraf
|-damage|p2a: Farigiraf|75/100
|-status|p2a: Farigiraf|psn
|move|p1b: STELLVRIS|Rock Slide|p2b: Pyroar|[spread] p2a,p2b
|-supereffective|p2b: Pyroar|1
|-damage|p2a: Farigiraf|46/100 psn
|-damage|p2b: Pyroar|0 fnt
|faint|p2b: Pyroar
|move|p2a: Farigiraf|Thunderbolt|p1b: STELLVRIS
|-supereffective|p1b: STELLVRIS|1
|-damage|p1b: STELLVRIS|45/100
|
|-damage|p2a: Farigiraf|34/100 psn|[from] psn
|-damage|p1a: Amanda|3/100 brn|[from] brn
|upkeep
|
|t:|1784249949
|switch|p2b: Torkoal|Torkoal, L50, F|100/100
|-weather|SunnyDay|[from] ability: Drought|[of] p2b: Torkoal
|turn|4
|
|t:|1784249962
|move|p2b: Torkoal|Protect|p2b: Torkoal
|-singleturn|p2b: Torkoal|Protect
|move|p1a: Amanda|Close Combat|p2a: Farigiraf
|-damage|p2a: Farigiraf|0 fnt
|-unboost|p1a: Amanda|def|1
|-unboost|p1a: Amanda|spd|1
|faint|p2a: Farigiraf
|move|p1b: STELLVRIS|Rock Slide|p2b: Torkoal
|-activate|p2b: Torkoal|move: Protect
|
|-weather|SunnyDay|[upkeep]
|-damage|p1a: Amanda|0 fnt|[from] brn
|faint|p1a: Amanda
|upkeep
|
|t:|1784249967
|switch|p1a: Simple&Clean|Rotom-Wash, L50|100/100
|turn|5
|
|t:|1784249972
|move|p1b: STELLVRIS|Rock Slide|p2b: Torkoal
|-supereffective|p2b: Torkoal|1
|-damage|p2b: Torkoal|42/100
|move|p1a: Simple&Clean|Thunderbolt|p2b: Torkoal
|-damage|p2b: Torkoal|0 fnt
|faint|p2b: Torkoal
|
|win|lindseyyy
|raw|lindseyyy's rating: 1137 → 1161(+24 for winning)
|raw|SuprEpcGuy's rating: 1117 → 1093(-24 for losing)
