|j|☆SongokuVG Fr
|j|☆beeetch
|html|SongokuVG Frbeeetch    
|uhtml|bestof|Game 3 of a best-of-3
|t:|1754568584
|gametype|doubles
|player|p1|SongokuVG Fr|lucian|1272
|player|p2|beeetch|beauty-gen4dp|1165
|gen|9
|tier|[Gen 9] VGC 2025 Reg H (Bo3)
|rated|
|rule|Species Clause: Limit one of each Pokémon
|rule|Item Clause: Limit 1 of each item
|clearpoke
|poke|p1|Ursaluna, L50, M|
|poke|p1|Tauros-Paldea-Aqua, L50, M|
|poke|p1|Vivillon, L50, M|
|poke|p1|Gholdengo, L50|
|poke|p1|Incineroar, L50, F|
|poke|p1|Porygon2, L50|
|poke|p2|Toedscruel, L50, M|
|poke|p2|Weezing-Galar, L50, F|
|poke|p2|Corviknight, L50, M|
|poke|p2|Pawmot, L50, F|
|poke|p2|Garchomp, L50, M|
|poke|p2|Typhlosion-Hisui, L50, M|
|teampreview|4
|showteam|p1|Ursaluna||FlameOrb|Guts|Earthquake,Facade,HeadlongRush,Protect|||M|||50|,,,,,Ghost]Tauros-Paldea-Aqua||MirrorHerb|Intimidate|CloseCombat,WaveCrash,Protect,AquaJet|||M|||50|,,,,,Water]Vivillon||FocusSash|CompoundEyes|Tailwind,Hurricane,Protect,SleepPowder|||M|||50|,,,,,Ghost]Gholdengo||MetalCoat|GoodasGold|MakeItRain,ShadowBall,NastyPlot,Protect||||||50|,,,,,Dragon]Incineroar||SafetyGoggles|Intimidate|FakeOut,FlareBlitz,KnockOff,PartingShot|||F|||50|,,,,,Ghost]Porygon2||Eviolite|Download|TeraBlast,TrickRoom,Recover,IceBeam||||||50|,,,,,Flying
|showteam|p2|Toedscruel||CovertCloak|MyceliumMight|Spore,EarthPower,AcidSpray,RagePowder|||M|||50|,,,,,Water]Weezing-Galar||ChoiceSpecs|NeutralizingGas|DazzlingGleam,SludgeBomb,StrangeSteam,Flamethrower|||F|||50|,,,,,Fire]Corviknight||SitrusBerry|MirrorArmor|Protect,Tailwind,Roost,BraveBird|||M|||50|,,,,,Dragon]Pawmot||FocusSash|NaturalCure|Protect,CloseCombat,DoubleShock,FakeOut|||F|||50|,,,,,Electric]Garchomp||LifeOrb|RoughSkin|Protect,Earthquake,DragonClaw,StompingTantrum|||M|||50|,,,,,Ground]Typhlosion-Hisui||ChoiceScarf|Blaze|Eruption,SleepTalk,HeatWave,ShadowBall|||M|||50|,,,,,Fire
|inactive|Battle timer is ON: inactive players will automatically lose when time's up. (requested by SongokuVG Fr)
|
|t:|1754568634
|teamsize|p1|4
|teamsize|p2|4
|start
|switch|p1a: Vivillon|Vivillon, L50, M|100/100
|switch|p1b: Incineroar|Incineroar, L50, F|100/100
|switch|p2a: Toedscruel|Toedscruel, L50, M|100/100
|switch|p2b: Weezing|Weezing-Galar, L50, F|100/100
|-ability|p2b: Weezing|Neutralizing Gas
|turn|1
|
|t:|1754568648
|-terastallize|p2a: Toedscruel|Water
|move|p2a: Toedscruel|Spore|p1a: Vivillon
|-status|p1a: Vivillon|slp|[from] move: Spore
|cant|p1a: Vivillon|slp
|move|p2b: Weezing|Dazzling Gleam|p1a: Vivillon|[spread] p1a,p1b
|-damage|p1a: Vivillon|30/100 slp
|-damage|p1b: Incineroar|66/100
|move|p1b: Incineroar|Flare Blitz|p2a: Toedscruel
|-resisted|p2a: Toedscruel
|-damage|p2a: Toedscruel|72/100
|-damage|p1b: Incineroar|58/100|[from] Recoil
|
|upkeep
|turn|2
|
|t:|1754568665
|-terastallize|p1b: Incineroar|Ghost
|-curestatus|p1a: Vivillon|slp|[msg]
|move|p1a: Vivillon|Protect|p1a: Vivillon
|-singleturn|p1a: Vivillon|Protect
|move|p2a: Toedscruel|Earth Power|p1b: Incineroar
|-damage|p1b: Incineroar|36/100
|-unboost|p1b: Incineroar|spd|1
|move|p2b: Weezing|Dazzling Gleam|p1b: Incineroar|[spread] p1b
|-activate|p1a: Vivillon|move: Protect
|-damage|p1b: Incineroar|0 fnt
|faint|p1b: Incineroar
|
|upkeep
|
|t:|1754568677
|switch|p1b: Porygon2|Porygon2, L50|100/100
|turn|3
|
|t:|1754568684
|move|p2a: Toedscruel|Spore|p1b: Porygon2
|-status|p1b: Porygon2|slp|[from] move: Spore
|move|p1a: Vivillon|Tailwind|p1a: Vivillon
|-sidestart|p1: SongokuVG Fr|move: Tailwind
|move|p2b: Weezing|Dazzling Gleam|p1a: Vivillon|[spread] p1a,p1b
|-damage|p1a: Vivillon|0 fnt
|-damage|p1b: Porygon2|79/100 slp
|faint|p1a: Vivillon
|cant|p1b: Porygon2|slp
|
|upkeep
|
|t:|1754568690
|switch|p1a: Ursaluna|Ursaluna, L50, M|100/100
|turn|4
|
|t:|1754568703
|move|p1a: Ursaluna|Protect|p1a: Ursaluna
|-singleturn|p1a: Ursaluna|Protect
|move|p2a: Toedscruel|Spore|p1a: Ursaluna
|-activate|p1a: Ursaluna|move: Protect
|cant|p1b: Porygon2|slp
|move|p2b: Weezing|Dazzling Gleam|p1a: Ursaluna|[spread] p1b
|-activate|p1a: Ursaluna|move: Protect
|-damage|p1b: Porygon2|55/100 slp
|
|-status|p1a: Ursaluna|brn|[from] item: Flame Orb
|upkeep
|turn|5
|
|t:|1754568718
|move|p1a: Ursaluna|Facade|p2a: Toedscruel
|-damage|p2a: Toedscruel|0 fnt
|faint|p2a: Toedscruel
|-curestatus|p1b: Porygon2|slp|[msg]
|move|p1b: Porygon2|Recover|p1b: Porygon2
|-heal|p1b: Porygon2|100/100
|move|p2b: Weezing|Dazzling Gleam|p1a: Ursaluna|[spread] p1a,p1b
|-crit|p1b: Porygon2
|-damage|p1a: Ursaluna|66/100 brn
|-damage|p1b: Porygon2|69/100
|
|-damage|p1a: Ursaluna|61/100 brn|[from] brn
|upkeep
|
|t:|1754568734
|switch|p2a: Pawmot|Pawmot, L50, F|100/100
|turn|6
|
|t:|1754568752
|move|p2a: Pawmot|Close Combat|p1a: Ursaluna
|-supereffective|p1a: Ursaluna
|-damage|p1a: Ursaluna|0 fnt
|-unboost|p2a: Pawmot|def|1
|-unboost|p2a: Pawmot|spd|1
|faint|p1a: Ursaluna
|move|p1b: Porygon2|Recover|p1b: Porygon2
|-heal|p1b: Porygon2|100/100
|move|p2b: Weezing|Dazzling Gleam|p1b: Porygon2
|-damage|p1b: Porygon2|72/100
|
|-sideend|p1: SongokuVG Fr|move: Tailwind
|upkeep
|turn|7
|-message|SongokuVG Fr forfeited.
|
|win|beeetch
|raw|SongokuVG Fr's rating: 1272 → 1240(-32 for losing)
|raw|beeetch's rating: 1165 → 1197(+32 for winning)
|l|☆SongokuVG Fr
|player|p1|
