|j|☆hundohunter24
|j|☆hungry hillo
|html|hundohunter24hungry hillo    
|uhtml|bestof|Game 2 of a best-of-3
|t:|1757182369
|gametype|doubles
|player|p1|hundohunter24|cynthia|
|player|p2|hungry hillo|n|
|gen|9
|tier|[Gen 9] VGC 2025 Reg H (Bo3)
|rule|Species Clause: Limit one of each Pokémon
|rule|Item Clause: Limit 1 of each item
|clearpoke
|poke|p1|Garchomp, L50, M|
|poke|p1|Rotom-Heat, L50|
|poke|p1|Hatterene, L50, F|
|poke|p1|Orthworm, L50, M|
|poke|p1|Ursaluna-Bloodmoon, L50, M|
|poke|p1|Gyarados, L50, M|
|poke|p2|Kingambit, L50, F|
|poke|p2|Electabuzz, L50, M|
|poke|p2|Ursaluna-Bloodmoon, L50, M|
|poke|p2|Incineroar, L50, M|
|poke|p2|Whimsicott, L50, M|
|poke|p2|Annihilape, L50, M|
|teampreview|4
|showteam|p1|Garchomp||LifeOrb|RoughSkin|Earthquake,Protect,DragonClaw,IronHead|||M|||50|,,,,,Steel]Rotom-Heat||ChoiceScarf|Levitate|Overheat,TeraBlast,VoltSwitch,Thunderbolt||||||50|,,,,,Fairy]Hatterene||FocusSash|MagicBounce|TrickRoom,LifeDew,DazzlingGleam,Protect|||F|||50|,,,,,Ghost]Orthworm||SitrusBerry|EarthEater|ShedTail,BodyPress,Protect,HeavySlam|||M|||50|,,,,,Fire]Ursaluna-Bloodmoon||SafetyGoggles|MindsEye|HyperVoice,BloodMoon,Protect,EarthPower|||M|||50|,,,,,Normal]Gyarados||CovertCloak|Intimidate|Taunt,ThunderWave,Waterfall,DragonCheer|||M|||50|,,,,,Fire
|showteam|p2|Kingambit||BlackGlasses|Defiant|SuckerPunch,KowtowCleave,SwordsDance,Protect|||F|||50|,,,,,Dark]Electabuzz||Eviolite|VitalSpirit|Thunderbolt,FollowMe,Taunt,HelpingHand|||M|||50|,,,,,Ghost]Ursaluna-Bloodmoon||LifeOrb|MindsEye|EarthPower,BloodMoon,HyperVoice,Protect|||M|||50|,,,,,Normal]Incineroar||AssaultVest|Intimidate|KnockOff,FlareBlitz,Uturn,FakeOut|||M|||50|,,,,,Bug]Whimsicott||CovertCloak|Prankster|Tailwind,BeatUp,Moonblast,Encore|||M|||50|,,,,,Dragon]Annihilape||SafetyGoggles|Defiant|RageFist,DrainPunch,BulkUp,Protect|||M|||50|,,,,,Fire
|inactive|Battle timer is ON: inactive players will automatically lose when time's up. (requested by hundohunter24)
|inactiveoff|Battle timer is now OFF.
|
|t:|1757182394
|teamsize|p1|4
|teamsize|p2|4
|start
|switch|p1a: Garchomp|Garchomp, L50, M, shiny|100/100
|switch|p1b: Rotom|Rotom-Heat, L50, shiny|100/100
|switch|p2a: Whimsicott|Whimsicott, L50, M|100/100
|switch|p2b: Annihilape|Annihilape, L50, M|100/100
|turn|1
|
|t:|1757182420
|move|p2a: Whimsicott|Tailwind|p2a: Whimsicott
|-sidestart|p2: hungry hillo|move: Tailwind
|move|p2b: Annihilape|Bulk Up|p2b: Annihilape
|-boost|p2b: Annihilape|atk|1
|-boost|p2b: Annihilape|def|1
|move|p1b: Rotom|Overheat|p2a: Whimsicott
|-supereffective|p2a: Whimsicott
|-damage|p2a: Whimsicott|0 fnt
|-unboost|p1b: Rotom|spa|2
|faint|p2a: Whimsicott
|move|p1a: Garchomp|Dragon Claw|p2b: Annihilape
|-damage|p2b: Annihilape|65/100
|-damage|p1a: Garchomp|91/100|[from] item: Life Orb
|
|upkeep
|
|t:|1757182430
|switch|p2a: lion|Ursaluna-Bloodmoon, L50, M|100/100
|turn|2
|
|t:|1757182450
|-terastallize|p2a: lion|Normal
|move|p2b: Annihilape|Bulk Up|p2b: Annihilape
|-boost|p2b: Annihilape|atk|1
|-boost|p2b: Annihilape|def|1
|move|p1b: Rotom|Overheat|p2b: Annihilape
|-damage|p2b: Annihilape|37/100
|-unboost|p1b: Rotom|spa|2
|move|p2a: lion|Blood Moon|p1b: Rotom
|-damage|p1b: Rotom|0 fnt
|faint|p1b: Rotom
|-damage|p2a: lion|91/100|[from] item: Life Orb
|move|p1a: Garchomp|Earthquake|p2a: lion|[spread] p2a,p2b
|-damage|p2a: lion|45/100
|-damage|p2b: Annihilape|11/100
|-damage|p1a: Garchomp|81/100|[from] item: Life Orb
|
|upkeep
|
|t:|1757182475
|switch|p1b: Hatterene|Hatterene, L50, F, shiny|100/100
|turn|3
|
|t:|1757182487
|move|p1b: Hatterene|Protect|p1b: Hatterene
|-singleturn|p1b: Hatterene|Protect
|move|p2b: Annihilape|Rage Fist|p1b: Hatterene
|-activate|p1b: Hatterene|move: Protect
|move|p2a: lion|Hyper Voice|p1a: Garchomp|[spread] p1a
|-activate|p1b: Hatterene|move: Protect
|-damage|p1a: Garchomp|4/100
|-damage|p2a: lion|36/100|[from] item: Life Orb
|move|p1a: Garchomp|Earthquake|p2b: Annihilape|[spread] p2a,p2b
|-activate|p1b: Hatterene|move: Protect
|-damage|p2a: lion|0 fnt
|-damage|p2b: Annihilape|0 fnt
|faint|p2a: lion
|faint|p2b: Annihilape
|-damage|p1a: Garchomp|0 fnt|[from] item: Life Orb
|faint|p1a: Garchomp
|
|upkeep
|
|t:|1757182500
|switch|p1a: Ursaluna|Ursaluna-Bloodmoon, L50, M|100/100
|switch|p2b: Shang chi|Kingambit, L50, F, shiny|100/100
|turn|4
|
|t:|1757182512
|move|p1a: Ursaluna|Protect|p1a: Ursaluna
|-singleturn|p1a: Ursaluna|Protect
|move|p2b: Shang chi|Swords Dance|p2b: Shang chi
|-boost|p2b: Shang chi|atk|2
|move|p1b: Hatterene|Dazzling Gleam|p2b: Shang chi
|-damage|p2b: Shang chi|61/100
|
|-sideend|p2: hungry hillo|move: Tailwind
|upkeep
|turn|5
|
|t:|1757182522
|move|p2b: Shang chi|Sucker Punch|p1a: Ursaluna
|-damage|p1a: Ursaluna|35/100
|move|p1a: Ursaluna|Earth Power|p2b: Shang chi
|-supereffective|p2b: Shang chi
|-damage|p2b: Shang chi|0 fnt
|faint|p2b: Shang chi
|
|win|hundohunter24
