|j|☆veryreally
|j|☆SRareFox
|html|veryreallySRareFox    
|uhtml|bestof|Game 1 of a best-of-3
|t:|1757244667
|gametype|doubles
|player|p1|veryreally|1|1179
|player|p2|SRareFox|170|1262
|gen|9
|tier|[Gen 9] VGC 2025 Reg H (Bo3)
|rated|
|rule|Species Clause: Limit one of each Pokémon
|rule|Item Clause: Limit 1 of each item
|clearpoke
|poke|p1|Baxcalibur, L50, F|
|poke|p1|Dondozo, L50, M|
|poke|p1|Kingambit, L50, M|
|poke|p1|Rillaboom, L50, M|
|poke|p1|Sneasler, L50, F|
|poke|p1|Volcarona, L50, M|
|poke|p2|Indeedee-F, L50, F|
|poke|p2|Gallade, L50, M|
|poke|p2|Hatterene, L50, F|
|poke|p2|Ursaluna, L50, F|
|poke|p2|Torkoal, L50, M|
|poke|p2|Porygon2, L50|
|teampreview|4
|showteam|p1|Baxcalibur||LoadedDice|ThermalExchange|IcicleSpear,ScaleShot,Protect,IceShard|||F|||50|,,,,,Ghost]Dondozo||Leftovers|Unaware|Liquidation,Fissure,Protect,Yawn|||M|||50|,,,,,Bug]Kingambit||SafetyGoggles|Defiant|KowtowCleave,SuckerPunch,Protect,SwordsDance|||M|||50|,,,,,Dark]Rillaboom||AssaultVest|GrassySurge|FakeOut,GrassyGlide,HighHorsepower,WoodHammer|||M|||50|,,,,,Water]Sneasler||FocusSash|Unburden|DireClaw,CloseCombat,Protect,Coaching|||F|||50|,,,,,Stellar]Volcarona||CovertCloak|FlameBody|HeatWave,TeraBlast,RagePowder,QuiverDance|||M|||50|,,,,,Fairy
|showteam|p2|Indeedee-F||SafetyGoggles|PsychicSurge|Psychic,FollowMe,TrickRoom,HelpingHand|||F|||50|,,,,,Water]Gallade||ClearAmulet|Sharpness|PsychoCut,SacredSword,TrickRoom,WideGuard|||M|||50|,,,,,Grass]Hatterene||LifeOrb|MagicBounce|ExpandingForce,DazzlingGleam,TrickRoom,MysticalFire|||F|||50|,,,,,Fire]Ursaluna||FlameOrb|Guts|Facade,HeadlongRush,Earthquake,Protect|||F|||50|,,,,,Ghost]Torkoal||Charcoal|Drought|Eruption,WeatherBall,ClearSmog,Protect|||M|||50|,,,,,Fire]Porygon2||Eviolite|Download|IceBeam,TeraBlast,TrickRoom,Recover||||||50|,,,,,Flying
|inactive|Battle timer is ON: inactive players will automatically lose when time's up. (requested by SRareFox)
|inactive|veryreally has 60 seconds left.
|inactive|SRareFox has 60 seconds left.
|
|t:|1757244719
|teamsize|p1|4
|teamsize|p2|4
|start
|switch|p1a: Sneasler|Sneasler, L50, F|100/100
|switch|p1b: Dondozo|Dondozo, L50, M|100/100
|switch|p2a: Gallade|Gallade, L50, M|100/100
|switch|p2b: Hatterene|Hatterene, L50, F|100/100
|turn|1
|inactive|SRareFox has 30 seconds left.
|inactive|veryreally has 30 seconds left.
|
|t:|1757244753
|-terastallize|p2b: Hatterene|Fire
|move|p1a: Sneasler|Coaching|p1b: Dondozo
|-boost|p1b: Dondozo|atk|1
|-boost|p1b: Dondozo|def|1
|move|p1b: Dondozo|Yawn|p2a: Gallade
|-start|p2a: Gallade|move: Yawn|[of] p1b: Dondozo
|move|p2b: Hatterene|Dazzling Gleam|p1b: Dondozo|[spread] p1a,p1b
|-damage|p1a: Sneasler|40/100
|-damage|p1b: Dondozo|71/100
|-damage|p2b: Hatterene|91/100|[from] item: Life Orb
|move|p2a: Gallade|Trick Room|p2a: Gallade
|-fieldstart|move: Trick Room|[of] p2a: Gallade
|
|-heal|p1b: Dondozo|77/100|[from] item: Leftovers
|upkeep
|turn|2
|inactive|veryreally has 30 seconds left.
|
|t:|1757244787
|switch|p2a: Indeedee|Indeedee-F, L50, F|100/100
|-fieldstart|move: Psychic Terrain|[from] ability: Psychic Surge|[of] p2a: Indeedee
|switch|p1a: Rillaboom|Rillaboom, L50, M|100/100
|-fieldstart|move: Grassy Terrain|[from] ability: Grassy Surge|[of] p1a: Rillaboom
|move|p2b: Hatterene|Expanding Force|p1a: Rillaboom
|-damage|p1a: Rillaboom|61/100
|-damage|p2b: Hatterene|81/100|[from] item: Life Orb
|move|p1b: Dondozo|Liquidation|p2b: Hatterene
|-supereffective|p2b: Hatterene
|-damage|p2b: Hatterene|0 fnt
|faint|p2b: Hatterene
|
|-heal|p1b: Dondozo|84/100|[from] Grassy Terrain
|-heal|p1b: Dondozo|90/100|[from] item: Leftovers
|-heal|p1a: Rillaboom|67/100|[from] Grassy Terrain
|upkeep
|
|t:|1757244804
|switch|p2b: Ursaluna|Ursaluna, L50, F|100/100
|turn|3
|
|t:|1757244826
|move|p2b: Ursaluna|Protect|p2b: Ursaluna
|-singleturn|p2b: Ursaluna|Protect
|move|p1a: Rillaboom|Fake Out|p2b: Ursaluna
|-activate|p2b: Ursaluna|move: Protect
|move|p1b: Dondozo|Yawn|p2a: Indeedee
|-start|p2a: Indeedee|move: Yawn|[of] p1b: Dondozo
|move|p2a: Indeedee|Psychic|p1b: Dondozo
|-damage|p1b: Dondozo|67/100
|
|-heal|p1b: Dondozo|74/100|[from] Grassy Terrain
|-heal|p1b: Dondozo|80/100|[from] item: Leftovers
|-heal|p1a: Rillaboom|73/100|[from] Grassy Terrain
|-status|p2b: Ursaluna|brn|[from] item: Flame Orb
|upkeep
|turn|4
|
|t:|1757244843
|switch|p2a: Gallade|Gallade, L50, M|100/100
|move|p1a: Rillaboom|Grassy Glide|p2b: Ursaluna
|-supereffective|p2b: Ursaluna
|-damage|p2b: Ursaluna|45/100 brn
|move|p2b: Ursaluna|Facade|p1a: Rillaboom
|-damage|p1a: Rillaboom|0 fnt
|faint|p1a: Rillaboom
|move|p1b: Dondozo|Liquidation|p2b: Ursaluna
|-supereffective|p2b: Ursaluna
|-damage|p2b: Ursaluna|0 fnt
|faint|p2b: Ursaluna
|
|-heal|p1b: Dondozo|86/100|[from] Grassy Terrain
|-heal|p1b: Dondozo|92/100|[from] item: Leftovers
|upkeep
|
|t:|1757244853
|switch|p2b: Indeedee|Indeedee-F, L50, F|100/100
|switch|p1a: Sneasler|Sneasler, L50, F|40/100
|-fieldstart|move: Psychic Terrain|[from] ability: Psychic Surge|[of] p2b: Indeedee
|turn|5
|
|t:|1757244862
|move|p1a: Sneasler|Protect|p1a: Sneasler
|-singleturn|p1a: Sneasler|Protect
|move|p1b: Dondozo|Yawn|p2b: Indeedee
|-start|p2b: Indeedee|move: Yawn|[of] p1b: Dondozo
|move|p2a: Gallade|Trick Room|p2a: Gallade
|-fieldend|move: Trick Room
|move|p2b: Indeedee|Trick Room|p2b: Indeedee
|-fieldstart|move: Trick Room|[of] p2b: Indeedee
|
|-heal|p1b: Dondozo|99/100|[from] item: Leftovers
|upkeep
|turn|6
|
|t:|1757244883
|move|p1b: Dondozo|Liquidation|p2a: Gallade
|-damage|p2a: Gallade|35/100
|move|p2a: Gallade|Sacred Sword|p1b: Dondozo
|-damage|p1b: Dondozo|58/100
|move|p2b: Indeedee|Psychic|p1a: Sneasler
|-supereffective|p1a: Sneasler
|-damage|p1a: Sneasler|0 fnt
|faint|p1a: Sneasler
|
|-heal|p1b: Dondozo|64/100|[from] item: Leftovers
|-end|p2b: Indeedee|move: Yawn|[silent]
|-status|p2b: Indeedee|slp
|upkeep
|
|t:|1757244891
|switch|p1a: Volcarona|Volcarona, L50, M|100/100
|turn|7
|-message|SRareFox forfeited.
|
|win|veryreally
||veryreally is ready for game 2.
