|j|☆sigueinventando
|j|☆Duca_tommy
|html|sigueinventandoDuca_tommy    
|uhtml|bestof|Game 1 of a best-of-3
|t:|1757703816
|gametype|doubles
|player|p1|sigueinventando|benga|1273
|player|p2|Duca_tommy|169|1233
|gen|9
|tier|[Gen 9] VGC 2025 Reg H (Bo3)
|rated|
|rule|Species Clause: Limit one of each Pokémon
|rule|Item Clause: Limit 1 of each item
|clearpoke
|poke|p1|Jumpluff, L50, F|
|poke|p1|Torkoal, L50, M|
|poke|p1|Garchomp, L50, M|
|poke|p1|Kingambit, L50, M|
|poke|p1|Typhlosion-Hisui, L50, M|
|poke|p1|Dragonite, L50, M|
|poke|p2|Hydrapple, L50, M|
|poke|p2|Indeedee-F, L50, F|
|poke|p2|Gallade, L50, M|
|poke|p2|Torkoal, L50, F|
|poke|p2|Zoroark-Hisui, L50, M|
|poke|p2|Hatterene, L50, F|
|teampreview|4
|showteam|p1|Jumpluff||CovertCloak|Chlorophyll|Tailwind,LeafStorm,Encore,SleepPowder|||F|||50|,,,,,Dark]Torkoal||EjectPack|Drought|BurningJealousy,Overheat,HelpingHand,Protect|||M|||50|,,,,,Fire]Garchomp||LifeOrb|RoughSkin|DragonClaw,StompingTantrum,Earthquake,Protect|||M|||50|,,,,,Fire]Kingambit||AssaultVest|Defiant|SuckerPunch,KowtowCleave,LowKick,IronHead|||M|||50|,,,,,Flying]Typhlosion-Hisui||ChoiceSpecs|Blaze|Eruption,HeatWave,Overheat,ShadowBall|||M|||50|,,,,,Fire]Dragonite||LoadedDice|Multiscale|ScaleShot,ExtremeSpeed,IceSpinner,Protect|||M|||50|,,,,,Fairy
|showteam|p2|Hydrapple||AssaultVest|Regenerator|PollenPuff,SolarBeam,EnergyBall,FickleBeam|||M|||50|,,,,,Poison]Indeedee-F||PsychicSeed|PsychicSurge|TrickRoom,FollowMe,HelpingHand,Psychic|||F|||50|,,,,,Grass]Gallade||ClearAmulet|Sharpness|PsychoCut,SacredSword,WideGuard,TrickRoom|||M|||50|,,,,,Grass]Torkoal||Charcoal|Drought|Eruption,HeatWave,WeatherBall,Protect|||F|||50|,,,,,Fire]Zoroark-Hisui||ChoiceSpecs|Illusion|HyperBeam,HyperVoice,BitterMalice,ShadowBall|||M|||50|,,,,,Normal]Hatterene||LifeOrb|MagicBounce|TrickRoom,ExpandingForce,MysticalFire,Protect|||F|||50|,,,,,Fire
|inactive|Battle timer is ON: inactive players will automatically lose when time's up. (requested by Duca_tommy)
|inactive|sigueinventando has 60 seconds left.
|
|t:|1757703866
|teamsize|p1|4
|teamsize|p2|4
|start
|switch|p1a: Jumpluff|Jumpluff, L50, F|100/100
|switch|p1b: Dragonite|Dragonite, L50, M|100/100
|switch|p2a: Indeedee|Indeedee-F, L50, F|100/100
|switch|p2b: Gallade|Gallade, L50, M|100/100
|-fieldstart|move: Psychic Terrain|[from] ability: Psychic Surge|[of] p2a: Indeedee
|-enditem|p2a: Indeedee|Psychic Seed
|-boost|p2a: Indeedee|spd|1|[from] item: Psychic Seed
|turn|1
|
|t:|1757703876
|-terastallize|p2a: Indeedee|Grass
|move|p2a: Indeedee|Follow Me|p2a: Indeedee
|-singleturn|p2a: Indeedee|move: Follow Me
|move|p1a: Jumpluff|Sleep Powder|p2a: Indeedee
|-immune|p2a: Indeedee
|move|p1b: Dragonite|Ice Spinner|p2a: Indeedee
|-supereffective|p2a: Indeedee
|-damage|p2a: Indeedee|37/100
|-fieldend|move: Psychic Terrain
|move|p2b: Gallade|Trick Room|p2b: Gallade
|-fieldstart|move: Trick Room|[of] p2b: Gallade
|
|upkeep
|turn|2
|inactive|sigueinventando has 30 seconds left.
|inactive|Duca_tommy has 30 seconds left.
|inactive|sigueinventando has 20 seconds left.
|inactive|sigueinventando has 15 seconds left.
|
|t:|1757703918
|switch|p2a: Torkoal|Torkoal, L50, F|100/100
|-weather|SunnyDay|[from] ability: Drought|[of] p2a: Torkoal
|switch|p1a: Kingambit|Kingambit, L50, M|100/100
|move|p1b: Dragonite|Protect|p1b: Dragonite
|-singleturn|p1b: Dragonite|Protect
|move|p2b: Gallade|Sacred Sword|p1b: Dragonite
|-activate|p1b: Dragonite|move: Protect
|
|-weather|SunnyDay|[upkeep]
|upkeep
|turn|3
|inactive|sigueinventando has 30 seconds left.
|inactive|sigueinventando has 20 seconds left.
|inactive|sigueinventando has 15 seconds left.
|
|t:|1757703959
|-terastallize|p1a: Kingambit|Flying
|move|p2a: Torkoal|Eruption|p1a: Kingambit|[spread] p1a,p1b
|-resisted|p1b: Dragonite
|-damage|p1a: Kingambit|45/100
|-damage|p1b: Dragonite|78/100
|move|p1a: Kingambit|Kowtow Cleave|p2a: Torkoal
|-damage|p2a: Torkoal|65/100
|move|p2b: Gallade|Psycho Cut|p1b: Dragonite
|-damage|p1b: Dragonite|16/100
|move|p1b: Dragonite|Scale Shot|p2a: Torkoal
|-damage|p2a: Torkoal|54/100
|-damage|p2a: Torkoal|42/100
|-damage|p2a: Torkoal|31/100
|-damage|p2a: Torkoal|21/100
|-damage|p2a: Torkoal|8/100
|-hitcount|p2a: Torkoal|5
|-unboost|p1b: Dragonite|def|1
|-boost|p1b: Dragonite|spe|1
|
|-weather|SunnyDay|[upkeep]
|upkeep
|turn|4
|inactive|sigueinventando has 30 seconds left.
|inactive|Duca_tommy has 30 seconds left.
|
|t:|1757703988
|switch|p2a: Indeedee|Indeedee-F, L50, F, tera:Grass|37/100
|-fieldstart|move: Psychic Terrain|[from] ability: Psychic Surge|[of] p2a: Indeedee
|move|p1b: Dragonite|Protect|p1b: Dragonite
|-singleturn|p1b: Dragonite|Protect
|move|p1a: Kingambit|Sucker Punch||[still]
|-fail|p1a: Kingambit
|move|p2b: Gallade|Psycho Cut|p1b: Dragonite
|-activate|p1b: Dragonite|move: Protect
|
|-weather|SunnyDay|[upkeep]
|upkeep
|turn|5
|inactive|Duca_tommy has 30 seconds left.
|
|t:|1757704020
|move|p1a: Kingambit|Kowtow Cleave|p2a: Indeedee
|-damage|p2a: Indeedee|0 fnt
|faint|p2a: Indeedee
|move|p2b: Gallade|Psycho Cut|p1a: Kingambit
|-damage|p1a: Kingambit|0 fnt
|faint|p1a: Kingambit
|move|p1b: Dragonite|Scale Shot|p2b: Gallade
|-damage|p2b: Gallade|78/100
|-damage|p2b: Gallade|58/100
|-damage|p2b: Gallade|39/100
|-damage|p2b: Gallade|18/100
|-damage|p2b: Gallade|0 fnt
|faint|p2b: Gallade
|-hitcount|p2: Gallade|5
|-unboost|p1b: Dragonite|def|1
|-boost|p1b: Dragonite|spe|1
|
|-weather|SunnyDay|[upkeep]
|-fieldend|move: Trick Room
|upkeep
|
|t:|1757704038
|switch|p2b: Hatterene|Hatterene, L50, F|100/100
|switch|p2a: Torkoal|Torkoal, L50, F|8/100
|switch|p1a: Jumpluff|Jumpluff, L50, F|100/100
|turn|6
|
|t:|1757704056
|move|p1a: Jumpluff|Leaf Storm|p2b: Hatterene
|-damage|p2b: Hatterene|71/100
|-unboost|p1a: Jumpluff|spa|2
|move|p1b: Dragonite|Ice Spinner|p2b: Hatterene
|-damage|p2b: Hatterene|33/100
|-fieldend|move: Psychic Terrain
|move|p2b: Hatterene|Mystical Fire|p1a: Jumpluff
|-supereffective|p1a: Jumpluff
|-damage|p1a: Jumpluff|0 fnt
|faint|p1a: Jumpluff
|-damage|p2b: Hatterene|24/100|[from] item: Life Orb
|move|p2a: Torkoal|Weather Ball|p1b: Dragonite
|-resisted|p1b: Dragonite
|-damage|p1b: Dragonite|0 fnt
|faint|p1b: Dragonite
|
|-weather|none
|upkeep
|
|t:|1757704071
|switch|p1a: Torkoal|Torkoal, L50, M|100/100
|-weather|SunnyDay|[from] ability: Drought|[of] p1a: Torkoal
|turn|7
|inactive|Duca_tommy has 30 seconds left.
|
|t:|1757704096
|move|p1a: Torkoal|Burning Jealousy|p2a: Torkoal|[spread] p2a,p2b
|-resisted|p2a: Torkoal
|-crit|p2a: Torkoal
|-damage|p2a: Torkoal|0 fnt
|-damage|p2b: Hatterene|0 fnt
|faint|p2a: Torkoal
|faint|p2b: Hatterene
|
|win|sigueinventando
||Duca_tommy is ready for game 2.
|inactive|sigueinventando has 30 seconds to confirm battle start!
|inactive|sigueinventando has 20 seconds to confirm battle start!
|inactive|sigueinventando has 10 seconds to confirm battle start!
|uhtml|next|Next: Game 2 of 3
|l|☆sigueinventando
|player|p1|
|l|☆Duca_tommy
|player|p2|
