|j|☆MrManlyMeep
|j|☆teyvgc
|html|MrManlyMeepteyvgc    
|uhtml|bestof|Game 1 of a best-of-3
|t:|1785198104
|gametype|doubles
|player|p1|MrManlyMeep|1|1173
|player|p2|teyvgc|rood|1277
|gen|9
|tier|[Gen 9 Champions] VGC 2026 Reg M-B (Bo3)
|rated|
|rule|Species Clause: Limit one of each Pokémon
|rule|Item Clause: Limit 1 of each item
|clearpoke
|poke|p1|Clefable, L50, M|
|poke|p1|Tyranitar, L50, M|
|poke|p1|Gholdengo, L50|
|poke|p1|Lucario, L50, F|
|poke|p1|Hydreigon, L50, F|
|poke|p1|Azumarill, L50, F|
|poke|p2|Kingambit, L50, F|
|poke|p2|Garchomp, L50, F|
|poke|p2|Farigiraf, L50, F|
|poke|p2|Charizard, L50, M|
|poke|p2|Sylveon, L50, F|
|poke|p2|Aerodactyl, L50, M|
|teampreview|4
|showteam|p1|Clefable||Clefablite|Unaware|FollowMe,CalmMind,Moonblast,Protect|Bold||M|||50|]Tyranitar||LumBerry|SandStream|StealthRock,KnockOff,RockSlide,Protect|Careful||M|||50|]Gholdengo||LifeOrb|GoodasGold|NastyPlot,MakeItRain,ShadowBall,Protect|Modest|||||50|]Lucario||Lucarionite|InnerFocus|AuraSphere,VacuumWave,FlashCannon,Protect|Timid||F|||50|]Hydreigon||ChoiceScarf|Levitate|DracoMeteor,DarkPulse,EarthPower,HeatWave|Timid||F|||50|]Azumarill||MysticWater|HugePower|AquaJet,Liquidation,IceSpinner,Protect|Adamant||F|||50|
|showteam|p2|Kingambit||BlackGlasses|Defiant|Protect,IronHead,SuckerPunch,KowtowCleave|Brave||F|||50|]Garchomp||LifeOrb|RoughSkin|DragonClaw,Earthquake,RockSlide,Protect|Jolly||F|||50|]Farigiraf||SitrusBerry|ArmorTail|TwinBeam,Thunderbolt,TrickRoom,HelpingHand|Bold||F|||50|]Charizard||CharizarditeY|Blaze|Protect,HeatWave,SolarBeam,WeatherBall|Modest||M|||50|]Sylveon||FairyFeather|Pixilate|Detect,HyperBeam,HyperVoice,QuickAttack|Modest||F|||50|]Aerodactyl||Aerodactylite|Unnerve|WideGuard,RockSlide,DualWingbeat,Tailwind|Jolly||M|||50|
|
|t:|1785198142
|teamsize|p1|4
|teamsize|p2|4
|start
|switch|p1a: Tyranitar|Tyranitar, L50, M|100/100
|switch|p1b: Azumarill|Azumarill, L50, F|100/100
|switch|p2a: Obsession|Aerodactyl, L50, M|100/100
|switch|p2b: Bear|Kingambit, L50, F|100/100
|-ability|p2a: Obsession|Unnerve
|-weather|Sandstorm|[from] ability: Sand Stream|[of] p1a: Tyranitar
|turn|1
|
|t:|1785198156
|move|p2a: Obsession|Tailwind|p2a: Obsession
|-sidestart|p2: teyvgc|move: Tailwind
|move|p2b: Bear|Iron Head|p1b: Azumarill
|-damage|p1b: Azumarill|50/100g
|move|p1a: Tyranitar|Stealth Rock|p2b: Bear
|-sidestart|p2: teyvgc|move: Stealth Rock
|move|p1b: Azumarill|Liquidation|p2a: Obsession
|-supereffective|p2a: Obsession|1
|-damage|p2a: Obsession|0 fnt
|faint|p2a: Obsession
|
|-weather|Sandstorm|[upkeep]
|-damage|p1b: Azumarill|44/100|[from] Sandstorm
|upkeep
|
|t:|1785198166
|switch|p2a: Ian|Garchomp, L50, F|100/100
|-damage|p2a: Ian|94/100|[from] Stealth Rock
|turn|2
|
|t:|1785198192
|move|p2a: Ian|Earthquake|p1b: Azumarill|[spread] p2b,p1a,p1b
|-supereffective|p2b: Bear|1
|-supereffective|p1a: Tyranitar|1
|-damage|p2b: Bear|27/100
|-damage|p1a: Tyranitar|16/100
|-damage|p1b: Azumarill|0 fnt
|faint|p1b: Azumarill
|-damage|p2a: Ian|84/100|[from] item: Life Orb
|move|p2b: Bear|Iron Head|p1a: Tyranitar
|-supereffective|p1a: Tyranitar|1
|-damage|p1a: Tyranitar|0 fnt
|faint|p1a: Tyranitar
|
|-weather|Sandstorm|[upkeep]
|upkeep
|
|t:|1785198202
|switch|p1a: Hydreigon|Hydreigon, L50, F|100/100
|switch|p1b: Lucario|Lucario, L50, F|100/100
|turn|3
|
|t:|1785198232
|detailschange|p1b: Lucario|Lucario-Mega, L50, F
|-mega|p1b: Lucario|Lucario|Lucarionite
|move|p2a: Ian|Dragon Claw|p1a: Hydreigon
|-supereffective|p1a: Hydreigon|1
|-damage|p1a: Hydreigon|0 fnt
|faint|p1a: Hydreigon
|-damage|p2a: Ian|74/100|[from] item: Life Orb
|move|p1b: Lucario|Aura Sphere|p2a: Ian
|-damage|p2a: Ian|10/100
|move|p2b: Bear|Kowtow Cleave|p1b: Lucario
|-resisted|p1b: Lucario|1
|-damage|p1b: Lucario|61/100
|
|-weather|Sandstorm|[upkeep]
|upkeep
|turn|4
|
|t:|1785198257
|move|p1b: Lucario|Protect|p1b: Lucario
|-singleturn|p1b: Lucario|Protect
|move|p2a: Ian|Earthquake|p1b: Lucario|[spread] p2b
|-activate|p1b: Lucario|move: Protect
|-supereffective|p2b: Bear|1
|-damage|p2b: Bear|0 fnt
|faint|p2b: Bear
|-damage|p2a: Ian|1/100|[from] item: Life Orb
|
|-weather|Sandstorm|[upkeep]
|-sideend|p2: teyvgc|move: Tailwind
|upkeep
|
|t:|1785198263
|switch|p2b: Nikki|Charizard, L50, M|100/100
|-damage|p2b: Nikki|50/100g|[from] Stealth Rock
|turn|5
|
|t:|1785198277
|detailschange|p2b: Nikki|Charizard-Mega-Y, L50, M
|-mega|p2b: Nikki|Charizard|Charizardite Y
|-weather|SunnyDay|[from] ability: Drought|[of] p2b: Nikki
|move|p1b: Lucario|Flash Cannon|p2b: Nikki
|-resisted|p2b: Nikki|1
|-damage|p2b: Nikki|23/100
|move|p2a: Ian|Earthquake|p1b: Lucario|[spread] p1b
|-immune|p2b: Nikki
|-supereffective|p1b: Lucario|1
|-damage|p1b: Lucario|0 fnt
|faint|p1b: Lucario
|-damage|p2a: Ian|0 fnt|[from] item: Life Orb
|faint|p2a: Ian
|
|win|teyvgc
