|j|☆miseria010
|j|☆champions-rl-fizix
|html|miseria010champions-rl-fizix    
|uhtml|bestof|Game 1 of a best-of-3
|t:|1785838952
|gametype|doubles
|player|p1|miseria010|unknown|1045
|player|p2|champions-rl-fizix|1|1027
|gen|9
|tier|[Gen 9 Champions] VGC 2026 Reg M-B (Bo3)
|rated|
|rule|Species Clause: Limit one of each Pokémon
|rule|Item Clause: Limit 1 of each item
|clearpoke
|poke|p1|Charizard, L50, M, shiny|
|poke|p1|Garchomp, L50, M|
|poke|p1|Incineroar, L50, M, shiny|
|poke|p1|Venusaur, L50, M|
|poke|p1|Toxapex, L50, F|
|poke|p1|Sylveon, L50, F|
|poke|p2|Glimmora, L50, M|
|poke|p2|Kingambit, L50, M|
|poke|p2|Sinistcha, L50|
|poke|p2|Staraptor, L50, M|
|poke|p2|Weavile, L50, M|
|poke|p2|Whimsicott, L50, F|
|teampreview|4
|showteam|p1|Charizard||CharizarditeY|SolarPower|WeatherBall,HeatWave,AncientPower,Protect|Modest||M|||50|]Garchomp||ChoiceScarf|RoughSkin|RockSlide,DragonClaw,Earthquake,StompingTantrum|Adamant||M|||50|]Incineroar||SitrusBerry|Intimidate|FlareBlitz,FakeOut,DarkestLariat,PartingShot|Impish||M|||50|]Venusaur||LifeOrb|Chlorophyll|SludgeBomb,EnergyBall,EarthPower,Protect|Modest||M|||50|]Toxapex||Leftovers|Regenerator|Infestation,Toxic,WideGuard,BanefulBunker|Bold||F|||50|]Sylveon||FairyFeather|Pixilate|Detect,HyperVoice,HyperBeam,QuickAttack|Modest||F|||50|
|showteam|p2|Glimmora||Glimmoranite|ToxicDebris|PowerGem,SludgeBomb,EarthPower,SpikyShield|Timid||M|||50|]Kingambit||BlackGlasses|Defiant|KowtowCleave,SuckerPunch,SwordsDance,Protect|Adamant||M|||50|]Sinistcha||CobaBerry|Hospitality|MatchaGotcha,RagePowder,LifeDew,Protect|Bold|||||50|]Staraptor||Staraptite|Intimidate|BraveBird,CloseCombat,Uturn,Protect|Jolly||M|||50|]Weavile||WideLens|Pressure|KnockOff,TripleAxel,Taunt,FakeOut|Jolly||M|||50|]Whimsicott||FocusSash|Prankster|Moonblast,Tailwind,Encore,Tickle|Timid||F|||50|
|inactive|Battle timer is ON: inactive players will automatically lose when time's up. (requested by champions-rl-fizix)
|
|t:|1785838972
|teamsize|p1|4
|teamsize|p2|4
|start
|switch|p1a: Garchomp|Garchomp, L50, M|100/100
|switch|p1b: Sylveon|Sylveon, L50, F|100/100
|switch|p2a: Kingambit|Kingambit, L50, M|100/100
|switch|p2b: Sinistcha|Sinistcha, L50|100/100
|turn|1
|
|t:|1785838989
|move|p2b: Sinistcha|Protect|p2b: Sinistcha
|-singleturn|p2b: Sinistcha|Protect
|move|p2a: Kingambit|Protect|p2a: Kingambit
|-singleturn|p2a: Kingambit|Protect
|move|p1a: Garchomp|Rock Slide|p2b: Sinistcha|[spread] 
|-activate|p2a: Kingambit|move: Protect
|-activate|p2b: Sinistcha|move: Protect
|move|p1b: Sylveon|Hyper Voice|p2b: Sinistcha|[spread] 
|-activate|p2a: Kingambit|move: Protect
|-activate|p2b: Sinistcha|move: Protect
|
|upkeep
|turn|2
|
|t:|1785838995
|move|p2a: Kingambit|Protect||[still]
|-fail|p2a: Kingambit
|move|p2b: Sinistcha|Rage Powder|p2b: Sinistcha
|-singleturn|p2b: Sinistcha|move: Rage Powder
|move|p1a: Garchomp|Rock Slide|p2a: Kingambit|[spread] p2a,p2b
|-resisted|p2a: Kingambit|1
|-damage|p2a: Kingambit|92/100
|-damage|p2b: Sinistcha|77/100
|move|p1b: Sylveon|Hyper Voice|p2a: Kingambit|[spread] p2a,p2b
|-damage|p2a: Kingambit|45/100
|-damage|p2b: Sinistcha|26/100
|
|upkeep
|turn|3
|
|t:|1785839008
|move|p2b: Sinistcha|Protect|p2b: Sinistcha
|-singleturn|p2b: Sinistcha|Protect
|move|p2a: Kingambit|Protect|p2a: Kingambit
|-singleturn|p2a: Kingambit|Protect
|move|p1a: Garchomp|Rock Slide|p2b: Sinistcha|[spread] 
|-activate|p2a: Kingambit|move: Protect
|-activate|p2b: Sinistcha|move: Protect
|move|p1b: Sylveon|Hyper Voice|p2a: Kingambit|[spread] 
|-activate|p2a: Kingambit|move: Protect
|-activate|p2b: Sinistcha|move: Protect
|
|upkeep
|turn|4
|
|t:|1785839013
|move|p2a: Kingambit|Protect|p2a: Kingambit
|-singleturn|p2a: Kingambit|Protect
|move|p2b: Sinistcha|Rage Powder|p2b: Sinistcha
|-singleturn|p2b: Sinistcha|move: Rage Powder
|move|p1a: Garchomp|Rock Slide|p2a: Kingambit|[spread] p2b
|-activate|p2a: Kingambit|move: Protect
|-damage|p2b: Sinistcha|3/100
|move|p1b: Sylveon|Hyper Voice|p2b: Sinistcha|[spread] p2b
|-activate|p2a: Kingambit|move: Protect
|-crit|p2b: Sinistcha
|-damage|p2b: Sinistcha|0 fnt
|faint|p2b: Sinistcha
|
|upkeep
|
|t:|1785839013
|switch|p2b: Weavile|Weavile, L50, M|100/100
|-ability|p2b: Weavile|Pressure
|turn|5
|
|t:|1785839029
|switch|p2a: Staraptor|Staraptor, L50, M|100/100
|-ability|p2a: Staraptor|Intimidate|boost
|-unboost|p1a: Garchomp|atk|1
|-unboost|p1b: Sylveon|atk|1
|move|p1a: Garchomp|Rock Slide|p2b: Weavile|[spread] p2a,p2b
|-supereffective|p2a: Staraptor|1
|-supereffective|p2b: Weavile|1
|-damage|p2a: Staraptor|56/100
|-damage|p2b: Weavile|51/100
|move|p2b: Weavile|Triple Axel|p1a: Garchomp
|-supereffective|p1a: Garchomp|2
|-damage|p1a: Garchomp|60/100
|-damage|p2b: Weavile|38/100|[from] ability: Rough Skin|[of] p1a: Garchomp
|-supereffective|p1a: Garchomp|2
|-damage|p1a: Garchomp|0 fnt
|-damage|p2b: Weavile|26/100|[from] ability: Rough Skin|[of] p1a: Garchomp
|faint|p1a: Garchomp
|-hitcount|p1: Garchomp|2
|move|p1b: Sylveon|Hyper Voice|p2b: Weavile|[spread] p2a,p2b
|-crit|p2a: Staraptor
|-supereffective|p2b: Weavile|1
|-damage|p2a: Staraptor|0 fnt
|-damage|p2b: Weavile|0 fnt
|faint|p2a: Staraptor
|faint|p2b: Weavile
|
|upkeep
|
|t:|1785839053
|switch|p2b: Kingambit|Kingambit, L50, M|45/100
|switch|p1a: Charizard|Charizard, L50, M, shiny|100/100
|turn|6
|
|t:|1785839063
|move|p2b: Kingambit|Sucker Punch|p1a: Charizard
|-damage|p1a: Charizard|41/100
|move|p1a: Charizard|Heat Wave|p2b: Kingambit
|-supereffective|p2b: Kingambit|1
|-damage|p2b: Kingambit|0 fnt
|faint|p2b: Kingambit
|
|win|miseria010
||champions-rl-fizix is ready for game 2.
|inactive|miseria010 has 30 seconds to confirm battle start!
||miseria010 is ready for game 2.
|uhtml|next|Next: Game 2 of 3
