|j|☆ShadowArachne
|j|☆redjaguar
|html|ShadowArachneredjaguar    
|uhtml|bestof|Game 1 of a best-of-3
|t:|1784572507
|gametype|doubles
|player|p1|ShadowArachne|sabrina|1092
|player|p2|redjaguar|gambler|1000
|gen|9
|tier|[Gen 9 Champions] VGC 2026 Reg M-B (Bo3)
|rated|
|rule|Species Clause: Limit one of each Pokémon
|rule|Item Clause: Limit 1 of each item
|clearpoke
|poke|p1|Sinistcha, L50|
|poke|p1|Camerupt, L50, M|
|poke|p1|Milotic, L50, F|
|poke|p1|Sylveon, L50, M|
|poke|p1|Armarouge, L50, M|
|poke|p1|Chesnaught, L50, M|
|poke|p2|Dragonite, L50, F|
|poke|p2|Gardevoir, L50, M|
|poke|p2|Raichu, L50, F|
|poke|p2|Kingambit, L50, F|
|poke|p2|Incineroar, L50, F|
|poke|p2|Empoleon, L50, F|
|teampreview|4
|showteam|p1|Sinistcha||ColburBerry|Hospitality|MatchaGotcha,TrickRoom,LifeDew,Protect|Relaxed|||||50|]Camerupt||Cameruptite|SolidRock|EarthPower,RockSlide,Overheat,Protect|Modest||M|||50|]Milotic||Leftovers|Competitive|MuddyWater,Coil,Hypnosis,Protect|Quiet||F|||50|]Sylveon||FairyFeather|Pixilate|HyperVoice,ShadowBall,Moonblast,Protect|Quiet||M|||50|]Armarouge||LifeOrb|FlashFire|BurnUp,TrickRoom,Psyshock,Protect|Quiet||M|||50|]Chesnaught||Chesnaughtite|Bulletproof|BodyPress,IronDefense,SpikyShield,WoodHammer|Brave||M|||50|
|showteam|p2|Dragonite||ExpertBelt|Multiscale|IceSpinner,StompingTantrum,ExtremeSpeed,Protect|Adamant||F|||50|]Gardevoir||Gardevoirite|Trace|HyperVoice,MysticalFire,Protect,Psychic|Timid||M|||50|]Raichu||SitrusBerry|LightningRod|FakeOut,HelpingHand,Nuzzle,Encore|Timid||F|||50|]Kingambit||BlackGlasses|SupremeOverlord|KowtowCleave,SuckerPunch,Protect,IronHead|Adamant||F|||50|]Incineroar||WhiteHerb|Intimidate|FakeOut,FlareBlitz,PartingShot,Taunt|Impish||F|||50|]Empoleon||Leftovers|Competitive|IcyWind,Protect,FlashCannon,HydroCannon|Modest||F|||50|
|
|t:|1784572559
|teamsize|p1|4
|teamsize|p2|4
|start
|switch|p1a: Camerupt|Camerupt, L50, M|100/100
|switch|p1b: Armarouge|Armarouge, L50, M|100/100
|switch|p2a: Incineroar|Incineroar, L50, F|100/100
|switch|p2b: Empoleon|Empoleon, L50, F|100/100
|-ability|p2a: Incineroar|Intimidate|boost
|-unboost|p1a: Camerupt|atk|1
|-unboost|p1b: Armarouge|atk|1
|turn|1
|
|t:|1784572591
|detailschange|p1a: Camerupt|Camerupt-Mega, L50, M
|-mega|p1a: Camerupt|Camerupt|Cameruptite
|move|p1a: Camerupt|Protect|p1a: Camerupt
|-singleturn|p1a: Camerupt|Protect
|move|p2a: Incineroar|Taunt|p1b: Armarouge
|-start|p1b: Armarouge|move: Taunt
|move|p2b: Empoleon|Hydro Cannon|p1a: Camerupt
|-activate|p1a: Camerupt|move: Protect
|cant|p1b: Armarouge|move: Taunt|Trick Room
|
|upkeep
|turn|2
|
|t:|1784572635
|switch|p1b: Sylveon|Sylveon, L50, M|100/100
|switch|p1a: Sinistcha|Sinistcha, L50|100/100
|move|p2a: Incineroar|Parting Shot|p1b: Sylveon
|-unboost|p1b: Sylveon|atk|1
|-unboost|p1b: Sylveon|spa|1
|
|t:|1784572645
|switch|p2a: Kingambit|Kingambit, L50, F|100/100|[from] Parting Shot
|move|p2b: Empoleon|Flash Cannon|p1a: Sinistcha
|-damage|p1a: Sinistcha|64/100
|
|upkeep
|turn|3
|
|t:|1784572669
|move|p1b: Sylveon|Protect|p1b: Sylveon
|-singleturn|p1b: Sylveon|Protect
|move|p1a: Sinistcha|Matcha Gotcha|p2a: Kingambit|[spread] p2a,p2b
|-resisted|p2a: Kingambit|1
|-damage|p2a: Kingambit|88/100
|-heal|p1a: Sinistcha|71/100|[from] drain|[of] p2a: Kingambit
|-damage|p2b: Empoleon|79/100
|-heal|p1a: Sinistcha|82/100|[from] drain|[of] p2b: Empoleon
|move|p2b: Empoleon|Flash Cannon|p1b: Sylveon
|-activate|p1b: Sylveon|move: Protect
|move|p2a: Kingambit|Kowtow Cleave|p1a: Sinistcha
|-supereffective|p1a: Sinistcha|1
|-enditem|p1a: Sinistcha|Colbur Berry|[eat]
|-enditem|p1a: Sinistcha|Colbur Berry|[weaken]
|-damage|p1a: Sinistcha|39/100
|
|-heal|p2b: Empoleon|84/100|[from] item: Leftovers
|upkeep
|turn|4
|
|t:|1784572714
|move|p2b: Empoleon|Flash Cannon|p1b: Sylveon
|-supereffective|p1b: Sylveon|1
|-damage|p1b: Sylveon|38/100
|-unboost|p1b: Sylveon|spd|1
|move|p1b: Sylveon|Shadow Ball|p2b: Empoleon
|-damage|p2b: Empoleon|69/100
|-unboost|p2b: Empoleon|spd|1
|-ability|p2b: Empoleon|Competitive|boost
|-boost|p2b: Empoleon|spa|2
|move|p2a: Kingambit|Iron Head|p1b: Sylveon
|-supereffective|p1b: Sylveon|1
|-damage|p1b: Sylveon|0 fnt
|faint|p1b: Sylveon
|move|p1a: Sinistcha|Trick Room|p1a: Sinistcha
|-fieldstart|move: Trick Room|[of] p1a: Sinistcha
|
|-heal|p2b: Empoleon|74/100|[from] item: Leftovers
|upkeep
|
|t:|1784572735
|switch|p1b: Armarouge|Armarouge, L50, M|100/100
|turn|5
|
|t:|1784572760
|move|p2a: Kingambit|Protect|p2a: Kingambit
|-singleturn|p2a: Kingambit|Protect
|move|p2b: Empoleon|Hydro Cannon|p1b: Armarouge|[miss]
|-miss|p2b: Empoleon|p1b: Armarouge
|move|p1a: Sinistcha|Life Dew||[still]|[spread] p1a,p1b
|-heal|p1a: Sinistcha|65/100
|-fail|p1b: Armarouge|heal
|move|p1b: Armarouge|Burn Up|p2a: Kingambit
|-activate|p2a: Kingambit|move: Protect
|
|-heal|p2b: Empoleon|80/100|[from] item: Leftovers
|upkeep
|turn|6
|
|t:|1784572807
|move|p2a: Kingambit|Sucker Punch|p1b: Armarouge
|-supereffective|p1b: Armarouge|1
|-damage|p1b: Armarouge|23/100
|move|p2b: Empoleon|Hydro Cannon|p1b: Armarouge
|-supereffective|p1b: Armarouge|1
|-damage|p1b: Armarouge|0 fnt
|-mustrecharge|p2b: Empoleon
|faint|p1b: Armarouge
|move|p1a: Sinistcha|Life Dew|p1a: Sinistcha
|-heal|p1a: Sinistcha|90/100
|
|-heal|p2b: Empoleon|86/100|[from] item: Leftovers
|upkeep
|
|t:|1784572821
|switch|p1b: Camerupt|Camerupt-Mega, L50, M|100/100
|turn|7
|
|t:|1784572833
|move|p2a: Kingambit|Sucker Punch|p1b: Camerupt
|-damage|p1b: Camerupt|60/100
|move|p1b: Camerupt|Overheat|p2a: Kingambit
|-supereffective|p2a: Kingambit|1
|-damage|p2a: Kingambit|0 fnt
|-unboost|p1b: Camerupt|spa|2
|faint|p2a: Kingambit
|-end|p2a: Kingambit|fallenundefined|[silent]
|cant|p2b: Empoleon|recharge
|move|p1a: Sinistcha|Life Dew|p1a: Sinistcha|[spread] p1a,p1b
|-heal|p1a: Sinistcha|100/100
|-heal|p1b: Camerupt|84/100
|
|-heal|p2b: Empoleon|92/100|[from] item: Leftovers
|upkeep
|
|t:|1784572848
|switch|p2a: Incineroar|Incineroar, L50, F|100/100
|-ability|p2a: Incineroar|Intimidate|boost
|-unboost|p1a: Sinistcha|atk|1
|-unboost|p1b: Camerupt|atk|1
|turn|8
|
|t:|1784572879
|move|p2a: Incineroar|Fake Out|p1b: Camerupt
|-damage|p1b: Camerupt|74/100
|cant|p1b: Camerupt|flinch
|move|p2b: Empoleon|Flash Cannon|p1a: Sinistcha
|-damage|p1a: Sinistcha|25/100
|move|p1a: Sinistcha|Life Dew|p1a: Sinistcha|[spread] p1a,p1b
|-heal|p1a: Sinistcha|51/100
|-heal|p1b: Camerupt|99/100
|
|-heal|p2b: Empoleon|97/100|[from] item: Leftovers
|-fieldend|move: Trick Room
|upkeep
|turn|9
|
|t:|1784572901
|move|p2a: Incineroar|Flare Blitz|p1a: Sinistcha
|-supereffective|p1a: Sinistcha|1
|-damage|p1a: Sinistcha|0 fnt
|faint|p1a: Sinistcha
|-damage|p2a: Incineroar|85/100|[from] Recoil
|move|p2b: Empoleon|Flash Cannon|p1b: Camerupt
|-resisted|p1b: Camerupt|1
|-damage|p1b: Camerupt|60/100
|move|p1b: Camerupt|Earth Power|p2b: Empoleon
|-supereffective|p2b: Empoleon|1
|-damage|p2b: Empoleon|24/100
|
|-heal|p2b: Empoleon|30/100|[from] item: Leftovers
|upkeep
|turn|10
|
|t:|1784572920
|move|p2a: Incineroar|Parting Shot|p1b: Camerupt
|-unboost|p1b: Camerupt|atk|1
|-unboost|p1b: Camerupt|spa|1
|
|t:|1784572923
|switch|p2a: Dragonite|Dragonite, L50, F|100/100|[from] Parting Shot
|move|p2b: Empoleon|Hydro Cannon|p1b: Camerupt
|-supereffective|p1b: Camerupt|2
|-damage|p1b: Camerupt|0 fnt
|-mustrecharge|p2b: Empoleon
|faint|p1b: Camerupt
|
|win|redjaguar
|inactive|ShadowArachne has 30 seconds to confirm battle start!
|inactive|redjaguar has 30 seconds to confirm battle start!
||redjaguar is ready for game 2.
||ShadowArachne is ready for game 2.
|uhtml|next|Next: Game 2 of 3
|l|☆ShadowArachne
|player|p1|
