|j|☆Office Miggy
|j|☆Bread248
|html|Office MiggyBread248    
|uhtml|bestof|Game 2 of a best-of-3
|t:|1756149234
|gametype|doubles
|player|p1|Office Miggy|102|1279
|player|p2|Bread248|170|1373
|gen|9
|tier|[Gen 9] VGC 2025 Reg H (Bo3)
|rated|
|rule|Species Clause: Limit one of each Pokémon
|rule|Item Clause: Limit 1 of each item
|clearpoke
|poke|p1|Incineroar, L50, M|
|poke|p1|Amoonguss, L50, M|
|poke|p1|Pelipper, L50, F|
|poke|p1|Whimsicott, L50, F|
|poke|p1|Basculegion, L50, M|
|poke|p1|Archaludon, L50, F|
|poke|p2|Kingambit, L50, F|
|poke|p2|Rillaboom, L50, F|
|poke|p2|Electabuzz, L50, M|
|poke|p2|Volcarona, L50, M|
|poke|p2|Sneasler, L50, F|
|poke|p2|Dragonite, L50, F|
|teampreview|4
|showteam|p1|Incineroar||SafetyGoggles|Intimidate|FakeOut,PartingShot,Taunt,KnockOff|||M|||50|,,,,,Ghost]Amoonguss||SitrusBerry|Regenerator|PollenPuff,Spore,RagePowder,Protect|||M|||50|,,,,,Electric]Pelipper||FocusSash|Drizzle|WeatherBall,Hurricane,Protect,WideGuard|||F|||50|,,,,,Stellar]Whimsicott||CovertCloak|Prankster|Tailwind,LightScreen,Encore,Moonblast|||F|||50|,,,,,Water]Basculegion||ChoiceBand|SwiftSwim|LastRespects,WaveCrash,FlipTurn,AquaJet|||M|||50|,,,,,Grass]Archaludon||AssaultVest|Stamina|ElectroShot,FlashCannon,BodyPress,DragonPulse|||F|||50|,,,,,Grass
|showteam|p2|Kingambit||BlackGlasses|Defiant|Protect,KowtowCleave,SuckerPunch,SwordsDance|||F|||50|,,,,,Dark]Rillaboom||AssaultVest|GrassySurge|WoodHammer,GrassyGlide,HighHorsepower,FakeOut|||F|||50|,,,,,Fire]Electabuzz||Eviolite|VitalSpirit|Protect,Thunderbolt,HelpingHand,FollowMe|||M|||50|,,,,,Ghost]Volcarona||CovertCloak|FlameBody|Protect,HeatWave,TeraBlast,QuiverDance|||M|||50|,,,,,Fairy]Sneasler||FocusSash|Unburden|CloseCombat,DireClaw,Coaching,FakeOut|||F|||50|,,,,,Stellar]Dragonite||LoadedDice|Multiscale|ScaleShot,Haze,ExtremeSpeed,Protect|||F|||50|,,,,,Fairy
|inactive|Battle timer is ON: inactive players will automatically lose when time's up. (requested by Bread248)
|
|t:|1756149249
|teamsize|p1|4
|teamsize|p2|4
|start
|switch|p1a: Pelipper|Pelipper, L50, F|100/100
|switch|p1b: Basculegion|Basculegion, L50, M|100/100
|switch|p2a: Dragonite|Dragonite, L50, F|100/100
|switch|p2b: Sneasler|Sneasler, L50, F|100/100
|-weather|RainDance|[from] ability: Drizzle|[of] p1a: Pelipper
|turn|1
|
|t:|1756149258
|switch|p1a: Archaludon|Archaludon, L50, F|100/100
|move|p1b: Basculegion|Flip Turn|p2b: Sneasler
|-enditem|p2b: Sneasler|Focus Sash
|-damage|p2b: Sneasler|1/100
|
|t:|1756149264
|switch|p1b: Whimsicott|Whimsicott, L50, F|100/100|[from] Flip Turn
|move|p2b: Sneasler|Coaching|p2a: Dragonite
|-boost|p2a: Dragonite|atk|1
|-boost|p2a: Dragonite|def|1
|move|p2a: Dragonite|Scale Shot|p1a: Archaludon|[miss]
|-miss|p2a: Dragonite|p1a: Archaludon
|
|-weather|RainDance|[upkeep]
|upkeep
|turn|2
|inactive|Bread248 has 30 seconds left.
|inactive|Bread248 has 20 seconds left.
|
|t:|1756149304
|switch|p2b: Electabuzz|Electabuzz, L50, M, shiny|100/100
|move|p2a: Dragonite|Extreme Speed|p1b: Whimsicott
|-damage|p1b: Whimsicott|47/100
|move|p1b: Whimsicott|Encore||[still]
|-fail|p1b: Whimsicott
|move|p1a: Archaludon|Electro Shot||[still]
|-prepare|p1a: Archaludon|Electro Shot
|-boost|p1a: Archaludon|spa|1
|-anim|p1a: Archaludon|Electro Shot|p2a: Dragonite
|-damage|p2a: Dragonite|67/100
|
|-weather|RainDance|[upkeep]
|upkeep
|turn|3
|
|t:|1756149331
|switch|p1b: Basculegion|Basculegion, L50, M|100/100
|move|p2b: Electabuzz|Follow Me|p2b: Electabuzz
|-singleturn|p2b: Electabuzz|move: Follow Me
|move|p2a: Dragonite|Extreme Speed|p1b: Basculegion
|-immune|p1b: Basculegion
|move|p1a: Archaludon|Electro Shot||[still]
|-prepare|p1a: Archaludon|Electro Shot
|-boost|p1a: Archaludon|spa|1
|-anim|p1a: Archaludon|Electro Shot|p2b: Electabuzz
|-resisted|p2b: Electabuzz
|-damage|p2b: Electabuzz|70/100
|
|-weather|RainDance|[upkeep]
|upkeep
|turn|4
|
|t:|1756149351
|switch|p2b: Rillaboom|Rillaboom, L50, F, shiny|100/100
|-fieldstart|move: Grassy Terrain|[from] ability: Grassy Surge|[of] p2b: Rillaboom
|-terastallize|p2a: Dragonite|Fairy
|move|p2a: Dragonite|Protect|p2a: Dragonite
|-singleturn|p2a: Dragonite|Protect
|move|p1b: Basculegion|Flip Turn|p2b: Rillaboom
|-resisted|p2b: Rillaboom
|-damage|p2b: Rillaboom|70/100
|
|t:|1756149374
|switch|p1b: Pelipper|Pelipper, L50, F|100/100|[from] Flip Turn
|move|p1a: Archaludon|Electro Shot||[still]
|-prepare|p1a: Archaludon|Electro Shot
|-boost|p1a: Archaludon|spa|1
|-anim|p1a: Archaludon|Electro Shot|p2a: Dragonite
|-activate|p2a: Dragonite|move: Protect
|
|-weather|RainDance|[upkeep]
|-heal|p2a: Dragonite|73/100|[from] Grassy Terrain
|-heal|p2b: Rillaboom|76/100|[from] Grassy Terrain
|upkeep
|turn|5
|
|t:|1756149389
|switch|p1b: Whimsicott|Whimsicott, L50, F|47/100
|move|p2a: Dragonite|Haze|p2a: Dragonite
|-clearallboost
|move|p2b: Rillaboom|Wood Hammer|p1b: Whimsicott
|-resisted|p1b: Whimsicott
|-damage|p1b: Whimsicott|0 fnt
|faint|p1b: Whimsicott
|-damage|p2b: Rillaboom|64/100|[from] Recoil
|move|p1a: Archaludon|Electro Shot||[still]
|-prepare|p1a: Archaludon|Electro Shot
|-boost|p1a: Archaludon|spa|1
|-anim|p1a: Archaludon|Electro Shot|p2a: Dragonite
|-damage|p2a: Dragonite|11/100
|
|-weather|none
|-heal|p2a: Dragonite|17/100|[from] Grassy Terrain
|-heal|p2b: Rillaboom|70/100|[from] Grassy Terrain
|upkeep
|inactive|Office Miggy has 30 seconds left.
|inactive|Office Miggy has 20 seconds left.
|
|t:|1756149429
|switch|p1b: Basculegion|Basculegion, L50, M|100/100
|turn|6
|
|t:|1756149438
|switch|p1a: Pelipper|Pelipper, L50, F|100/100
|-weather|RainDance|[from] ability: Drizzle|[of] p1a: Pelipper
|-terastallize|p1b: Basculegion|Grass
|move|p1b: Basculegion|Flip Turn|p2a: Dragonite
|-damage|p2a: Dragonite|0 fnt
|faint|p2a: Dragonite
|
|t:|1756149446
|switch|p1b: Archaludon|Archaludon, L50, F|100/100|[from] Flip Turn
|move|p2b: Rillaboom|Wood Hammer|p1b: Archaludon
|-resisted|p1b: Archaludon
|-damage|p1b: Archaludon|87/100
|-ability|p1b: Archaludon|Stamina|boost
|-boost|p1b: Archaludon|def|1
|-damage|p2b: Rillaboom|66/100|[from] Recoil
|
|-weather|RainDance|[upkeep]
|-heal|p1b: Archaludon|94/100|[from] Grassy Terrain
|-heal|p2b: Rillaboom|72/100|[from] Grassy Terrain
|upkeep
|
|t:|1756149458
|switch|p2a: Sneasler|Sneasler, L50, F|1/100
|turn|7
|
|t:|1756149469
|move|p2b: Rillaboom|Fake Out||[still]
|-hint|Fake Out only works on your first turn out.
|-fail|p2b: Rillaboom
|move|p2a: Sneasler|Close Combat|p1b: Archaludon
|-supereffective|p1b: Archaludon
|-damage|p1b: Archaludon|34/100
|-unboost|p2a: Sneasler|def|1
|-unboost|p2a: Sneasler|spd|1
|-ability|p1b: Archaludon|Stamina|boost
|-boost|p1b: Archaludon|def|1
|move|p1a: Pelipper|Hurricane|p2b: Rillaboom
|-supereffective|p2b: Rillaboom
|-damage|p2b: Rillaboom|5/100
|move|p1b: Archaludon|Electro Shot||[still]
|-prepare|p1b: Archaludon|Electro Shot
|-boost|p1b: Archaludon|spa|1
|-anim|p1b: Archaludon|Electro Shot|p2a: Sneasler
|-damage|p2a: Sneasler|0 fnt
|faint|p2a: Sneasler
|
|-weather|RainDance|[upkeep]
|-heal|p2b: Rillaboom|11/100|[from] Grassy Terrain
|-heal|p1b: Archaludon|41/100|[from] Grassy Terrain
|upkeep
|-message|Bread248 forfeited.
|
|win|Office Miggy
|raw|Office Miggy's rating: 1279 → 1311(+32 for winning)
|raw|Bread248's rating: 1373 → 1348(-25 for losing)
|c|☆Office Miggy|GG WP
|l|☆Bread248
|player|p2|
|j|☆Bread248
|player|p2|Bread248|170|
