|j|☆MetVGC
|j|☆Luis el Fentaniler
|html|MetVGCLuis el Fentaniler    
|uhtml|bestof|Game 3 of a best-of-3
|t:|1755418577
|gametype|doubles
|player|p1|MetVGC|linebacker|1208
|player|p2|Luis el Fentaniler|miku-ground|1246
|gen|9
|tier|[Gen 9] VGC 2025 Reg H (Bo3)
|rated|
|rule|Species Clause: Limit one of each Pokémon
|rule|Item Clause: Limit 1 of each item
|clearpoke
|poke|p1|Ursaluna, L50, F|
|poke|p1|Porygon2, L50|
|poke|p1|Torkoal, L50, M|
|poke|p1|Jumpluff, L50, M|
|poke|p1|Charizard, L50, M|
|poke|p1|Incineroar, L50, F|
|poke|p2|Pelipper, L50, M|
|poke|p2|Archaludon, L50, M|
|poke|p2|Basculegion, L50, M|
|poke|p2|Amoonguss, L50, M|
|poke|p2|Incineroar, L50, F|
|poke|p2|Rillaboom, L50, M|
|teampreview|4
|showteam|p1|Ursaluna||FlameOrb|Guts|Facade,HeadlongRush,Earthquake,Protect|||F|||50|,,,,,Ghost]Porygon2||Eviolite|Download|TeraBlast,IceBeam,TrickRoom,Recover||||||50|,,,,,Fighting]Torkoal||EjectPack|Drought|Protect,Overheat,HelpingHand,Eruption|||M|||50|,,,,,Fire]Jumpluff||CovertCloak|Chlorophyll|SleepPowder,Tailwind,SunnyDay,RagePowder|||M|||50|,,,,,Dark]Charizard||ChoiceSpecs|SolarPower|WeatherBall,Overheat,AirSlash,HeatWave|||M|||50|,,,,,Ghost]Incineroar||AssaultVest|Intimidate|FakeOut,Uturn,KnockOff,FlareBlitz|||F|||50|,,,,,Grass
|showteam|p2|Pelipper||FocusSash|Drizzle|Protect,Tailwind,WeatherBall,Hurricane|||M|||50|,,,,,Ghost]Archaludon||AssaultVest|Stamina|BodyPress,ElectroShot,DracoMeteor,FlashCannon|||M|||50|,,,,,Grass]Basculegion||ChoiceBand|SwiftSwim|LastRespects,FlipTurn,WaveCrash,AquaJet|||M|||50|,,,,,Water]Amoonguss||RockyHelmet|Regenerator|Protect,ClearSmog,Spore,RagePowder|||M|||50|,,,,,Water]Incineroar||SafetyGoggles|Intimidate|FakeOut,KnockOff,PartingShot,Taunt|||F|||50|,,,,,Ghost]Rillaboom||LoadedDice|GrassySurge|FakeOut,BulletSeed,GrassyGlide,Uturn|||M|||50|,,,,,Fire
|inactive|Battle timer is ON: inactive players will automatically lose when time's up. (requested by MetVGC)
|
|t:|1755418602
|teamsize|p1|4
|teamsize|p2|4
|start
|switch|p1a: Jumpluff|Jumpluff, L50, M|100/100
|switch|p1b: Charizard|Charizard, L50, M|100/100
|switch|p2a: Incineroar|Incineroar, L50, F|100/100
|switch|p2b: Amoonguss|Amoonguss, L50, M|100/100
|-ability|p2a: Incineroar|Intimidate|boost
|-unboost|p1a: Jumpluff|atk|1
|-unboost|p1b: Charizard|atk|1
|turn|1
|
|t:|1755418622
|move|p2b: Amoonguss|Protect|p2b: Amoonguss
|-singleturn|p2b: Amoonguss|Protect
|move|p1a: Jumpluff|Rage Powder|p1a: Jumpluff
|-singleturn|p1a: Jumpluff|move: Rage Powder
|move|p1b: Charizard|Air Slash|p2a: Incineroar
|-damage|p2a: Incineroar|59/100
|move|p2a: Incineroar|Taunt|p1a: Jumpluff
|-start|p1a: Jumpluff|move: Taunt
|
|upkeep
|turn|2
|inactive|Luis el Fentaniler has 30 seconds left.
|
|t:|1755418651
|switch|p1a: Torkoal|Torkoal, L50, M|100/100
|-weather|SunnyDay|[from] ability: Drought|[of] p1a: Torkoal
|-terastallize|p2b: Amoonguss|Water
|move|p1b: Charizard|Air Slash|p2a: Incineroar
|-damage|p2a: Incineroar|0 fnt
|faint|p2a: Incineroar
|move|p2b: Amoonguss|Spore|p1b: Charizard
|-status|p1b: Charizard|slp|[from] move: Spore
|
|-weather|SunnyDay|[upkeep]
|-damage|p1b: Charizard|88/100 slp|[from] ability: Solar Power|[of] p1b: Charizard
|upkeep
|
|t:|1755418665
|switch|p2a: Basculegion|Basculegion, L50, M|100/100
|turn|3
|
|t:|1755418684
|switch|p1a: Jumpluff|Jumpluff, L50, M|100/100
|cant|p1b: Charizard|slp
|move|p2a: Basculegion|Flip Turn|p1b: Charizard
|-supereffective|p1b: Charizard
|-damage|p1b: Charizard|22/100 slp
|
|t:|1755418690
|switch|p2a: Pelipper|Pelipper, L50, M|100/100|[from] Flip Turn
|-weather|RainDance|[from] ability: Drizzle|[of] p2a: Pelipper
|move|p2b: Amoonguss|Spore|p1a: Jumpluff
|-immune|p1a: Jumpluff
|
|-weather|RainDance|[upkeep]
|upkeep
|turn|4
|
|t:|1755418707
|move|p1a: Jumpluff|Sleep Powder|p2b: Amoonguss
|-status|p2b: Amoonguss|slp|[from] move: Sleep Powder
|-curestatus|p1b: Charizard|slp|[msg]
|move|p1b: Charizard|Air Slash|p2a: Pelipper
|-damage|p2a: Pelipper|7/100
|move|p2a: Pelipper|Weather Ball|p1a: Jumpluff
|-resisted|p1a: Jumpluff
|-damage|p1a: Jumpluff|70/100
|cant|p2b: Amoonguss|slp
|
|-weather|RainDance|[upkeep]
|upkeep
|turn|5
|
|t:|1755418721
|move|p2a: Pelipper|Protect|p2a: Pelipper
|-singleturn|p2a: Pelipper|Protect
|move|p1a: Jumpluff|Tailwind|p1a: Jumpluff
|-sidestart|p1: MetVGC|move: Tailwind
|move|p1b: Charizard|Air Slash|p2a: Pelipper
|-activate|p2a: Pelipper|move: Protect
|cant|p2b: Amoonguss|slp
|
|-weather|RainDance|[upkeep]
|upkeep
|turn|6
|
|t:|1755418733
|switch|p2a: Basculegion|Basculegion, L50, M|100/100
|move|p1a: Jumpluff|Sleep Powder|p2a: Basculegion
|-status|p2a: Basculegion|slp|[from] move: Sleep Powder
|move|p1b: Charizard|Air Slash|p2b: Amoonguss
|-damage|p2b: Amoonguss|58/100 slp
|cant|p2b: Amoonguss|slp
|
|-weather|RainDance|[upkeep]
|upkeep
|turn|7
|
|t:|1755418746
|cant|p2a: Basculegion|slp
|move|p1a: Jumpluff|Sunny Day|p1a: Jumpluff
|-weather|SunnyDay
|move|p1b: Charizard|Air Slash|p2b: Amoonguss
|-damage|p2b: Amoonguss|2/100 slp
|-curestatus|p2b: Amoonguss|slp|[msg]
|move|p2b: Amoonguss|Spore|p1b: Charizard
|-status|p1b: Charizard|slp|[from] move: Spore
|
|-weather|SunnyDay|[upkeep]
|-damage|p1b: Charizard|10/100 slp|[from] ability: Solar Power|[of] p1b: Charizard
|upkeep
|turn|8
|
|t:|1755418763
|move|p2b: Amoonguss|Protect|p2b: Amoonguss
|-singleturn|p2b: Amoonguss|Protect
|move|p1a: Jumpluff|Rage Powder|p1a: Jumpluff
|-singleturn|p1a: Jumpluff|move: Rage Powder
|cant|p1b: Charizard|slp
|cant|p2a: Basculegion|slp
|
|-weather|SunnyDay|[upkeep]
|-damage|p1b: Charizard|0 fnt|[from] ability: Solar Power|[of] p1b: Charizard
|faint|p1b: Charizard
|-sideend|p1: MetVGC|move: Tailwind
|upkeep
|
|t:|1755418769
|switch|p1b: Torkoal|Torkoal, L50, M|100/100
|turn|9
|
|t:|1755418777
|switch|p2b: Pelipper|Pelipper, L50, M|7/100
|-weather|RainDance|[from] ability: Drizzle|[of] p2b: Pelipper
|-curestatus|p2a: Basculegion|slp|[msg]
|move|p2a: Basculegion|Last Respects|p1a: Jumpluff
|-damage|p1a: Jumpluff|0 fnt
|faint|p1a: Jumpluff
|move|p1b: Torkoal|Eruption|p2a: Basculegion|[spread] p2a,p2b
|-resisted|p2a: Basculegion
|-resisted|p2b: Pelipper
|-damage|p2a: Basculegion|88/100
|-damage|p2b: Pelipper|0 fnt
|faint|p2b: Pelipper
|
|-weather|RainDance|[upkeep]
|upkeep
|
|t:|1755418791
|switch|p1a: Porygon2|Porygon2, L50|100/100
|switch|p2b: Amoonguss|Amoonguss, L50, M, tera:Water|35/100
|-ability|p1a: Porygon2|Download|boost
|-boost|p1a: Porygon2|atk|1
|turn|10
|
|t:|1755418808
|move|p1b: Torkoal|Helping Hand|p1a: Porygon2
|-singleturn|p1a: Porygon2|Helping Hand|[of] p1b: Torkoal
|move|p2b: Amoonguss|Protect|p2b: Amoonguss
|-singleturn|p2b: Amoonguss|Protect
|move|p2a: Basculegion|Last Respects|p1b: Torkoal
|-damage|p1b: Torkoal|8/100
|move|p1a: Porygon2|Tera Blast|p2b: Amoonguss
|-activate|p2b: Amoonguss|move: Protect
|
|-weather|RainDance|[upkeep]
|upkeep
|turn|11
|
|t:|1755418818
|move|p1b: Torkoal|Helping Hand|p1a: Porygon2
|-singleturn|p1a: Porygon2|Helping Hand|[of] p1b: Torkoal
|move|p2a: Basculegion|Last Respects|p1b: Torkoal
|-damage|p1b: Torkoal|0 fnt
|faint|p1b: Torkoal
|move|p1a: Porygon2|Tera Blast|p2b: Amoonguss
|-damage|p2b: Amoonguss|0 fnt
|faint|p2b: Amoonguss
|
|-weather|RainDance|[upkeep]
|upkeep
|turn|12
|
|t:|1755418824
|move|p2a: Basculegion|Last Respects|p1a: Porygon2
|-immune|p1a: Porygon2
|move|p1a: Porygon2|Ice Beam|p2a: Basculegion
|-resisted|p2a: Basculegion
|-damage|p2a: Basculegion|71/100
|
|-weather|RainDance|[upkeep]
|upkeep
|turn|13
|
|t:|1755418830
|move|p2a: Basculegion|Last Respects|p1a: Porygon2
|-immune|p1a: Porygon2
|move|p1a: Porygon2|Ice Beam|p2a: Basculegion
|-resisted|p2a: Basculegion
|-damage|p2a: Basculegion|54/100
|
|-weather|none
|upkeep
|turn|14
|
|t:|1755418835
|move|p2a: Basculegion|Last Respects|p1a: Porygon2
|-immune|p1a: Porygon2
|move|p1a: Porygon2|Ice Beam|p2a: Basculegion
|-resisted|p2a: Basculegion
|-damage|p2a: Basculegion|39/100
|
|upkeep
|turn|15
|
|t:|1755418841
|move|p2a: Basculegion|Last Respects|p1a: Porygon2
|-immune|p1a: Porygon2
|move|p1a: Porygon2|Ice Beam|p2a: Basculegion
|-resisted|p2a: Basculegion
|-damage|p2a: Basculegion|22/100
|
|upkeep
|turn|16
|
|t:|1755418844
|move|p2a: Basculegion|Last Respects|p1a: Porygon2
|-immune|p1a: Porygon2
|move|p1a: Porygon2|Ice Beam|p2a: Basculegion
|-resisted|p2a: Basculegion
|-damage|p2a: Basculegion|5/100
|
|upkeep
|turn|17
|
|t:|1755418849
|move|p2a: Basculegion|Last Respects|p1a: Porygon2
|-immune|p1a: Porygon2
|move|p1a: Porygon2|Ice Beam|p2a: Basculegion
|-resisted|p2a: Basculegion
|-damage|p2a: Basculegion|0 fnt
|faint|p2a: Basculegion
|
|win|MetVGC
|raw|MetVGC's rating: 1208 → 1236(+28 for winning)
|raw|Luis el Fentaniler's rating: 1246 → 1218(-28 for losing)
|l|☆MetVGC
|player|p1|
