|j|☆nameless0016
|j|☆elsadm27
|html|nameless0016elsadm27    
|uhtml|bestof|Game 1 of a best-of-3
|t:|1785881681
|gametype|doubles
|player|p1|nameless0016|swimmerf|
|player|p2|elsadm27|101|
|gen|9
|tier|[Gen 9 Champions] VGC 2026 Reg M-B (Bo3)
|rule|Species Clause: Limit one of each Pokémon
|rule|Item Clause: Limit 1 of each item
|clearpoke
|poke|p1|Sinistcha, L50|
|poke|p1|Incineroar, L50, F|
|poke|p1|Milotic, L50, M|
|poke|p1|Raichu, L50, F|
|poke|p1|Floette-Eternal, L50, F|
|poke|p1|Ceruledge, L50, M|
|poke|p2|Audino, L50, F|
|poke|p2|Overqwil, L50, M|
|poke|p2|Malamar, L50, F|
|poke|p2|Whimsicott, L50, F|
|poke|p2|Chandelure, L50, F|
|poke|p2|Zoroark-Hisui, L50, M|
|teampreview|4
|showteam|p1|Sinistcha||KasibBerry|Hospitality|MatchaGotcha,LifeDew,RagePowder,Protect|Relaxed|||||50|]Incineroar||SitrusBerry|Intimidate|FlareBlitz,ThroatChop,FakeOut,PartingShot|Impish||F|||50|]Milotic||Leftovers|Competitive|MuddyWater,Coil,Hypnosis,Protect|Calm||M|||50|]Raichu||RaichuniteY|LightningRod|ZapCannon,FocusBlast,FakeOut,Protect|Timid||F|||50|]Floette-Eternal||Floettite|FlowerVeil|DazzlingGleam,DrainingKiss,CalmMind,Protect|Timid||F|||50|]Ceruledge||ColburBerry|FlashFire|BitterBlade,ShadowSneak,BulkUp,Protect|Adamant||M|||50|
|showteam|p2|Audino||MentalHerb|Healer|SimpleBeam,HealPulse,Protect,TrickRoom|Relaxed||F|||50|]Overqwil||Leftovers|PoisonPoint|ThroatChop,Stockpile,SwordsDance,Minimize|Relaxed||M|||50|]Malamar||Malamarite|Contrary|Superpower,ThroatChop,PsychUp,Rest|Sassy||F|||50|]Whimsicott||LifeOrb|Prankster|Memento,SunnyDay,LightScreen,GrassKnot|Modest||F|||50|]Chandelure||BrightPowder|FlashFire|Flamethrower,Minimize,AcidArmor,CalmMind|Relaxed||F|||50|]Zoroark-Hisui||ChoiceScarf|Illusion|RainDance,WillOWisp,Taunt,Memento|Hasty||M|||50|
|inactive|Battle timer is ON: inactive players will automatically lose when time's up. (requested by nameless0016)
|inactive|nameless0016 has 60 seconds left.
|inactive|elsadm27 has 60 seconds left.
|inactive|nameless0016 has 30 seconds left.
|inactive|nameless0016 has 20 seconds left.
|
|t:|1785881760
|teamsize|p1|4
|teamsize|p2|4
|start
|switch|p1a: Raichu|Raichu, L50, F|100/100
|switch|p1b: Incineroar|Incineroar, L50, F|100/100
|switch|p2a: Audino|Audino, L50, F|100/100
|switch|p2b: Malamar|Malamar, L50, F|100/100
|-ability|p1b: Incineroar|Intimidate|boost
|-unboost|p2a: Audino|atk|1
|-unboost|p2b: Malamar|atk|1
|turn|1
|inactive|nameless0016 has 30 seconds left.
|inactive|nameless0016 has 20 seconds left.
|inactive|elsadm27 has 30 seconds left.
|inactive|nameless0016 has 15 seconds left.
|inactive|nameless0016 has 10 seconds left.
|inactive|elsadm27 has 20 seconds left.
|inactive|nameless0016 has 5 seconds left.
|inactive|elsadm27 has 15 seconds left.
|
|t:|1785881813
|detailschange|p1a: Raichu|Raichu-Mega-Y, L50, F
|-mega|p1a: Raichu|Raichu|Raichunite Y
|move|p1b: Incineroar|Fake Out|p2a: Audino
|-damage|p2a: Audino|92/100
|move|p2b: Malamar|Memento|p1a: Raichu
|-unboost|p1a: Raichu|atk|2
|-unboost|p1a: Raichu|spa|2
|faint|p2b: Malamar
|move|p1a: Raichu|Zap Cannon|p2a: Audino
|-damage|p2a: Audino|60/100
|-status|p2a: Audino|par
|cant|p2a: Audino|flinch
|
|upkeep
|
|t:|1785881822
|switch|p2b: Overqwil|Overqwil, L50, M|100/100
|turn|2
|
|t:|1785881845
|switch|p1a: Milotic|Milotic, L50, M|100/100
|switch|p1b: Sinistcha|Sinistcha, L50|100/100
|move|p2b: Overqwil|Minimize|p2b: Overqwil
|-boost|p2b: Overqwil|evasion|2
|move|p2a: Audino|Trick Room|p2a: Audino
|-fieldstart|move: Trick Room|[of] p2a: Audino
|
|upkeep
|turn|3
|inactive|nameless0016 has 30 seconds left.
|inactive|nameless0016 has 20 seconds left.
|inactive|nameless0016 has 15 seconds left.
|
|t:|1785881886
|move|p1b: Sinistcha|Protect|p1b: Sinistcha
|-singleturn|p1b: Sinistcha|Protect
|move|p2a: Audino|Simple Beam|p2b: Overqwil|[miss]
|-miss|p2a: Audino|p2b: Overqwil
|move|p2b: Overqwil|Minimize|p2b: Overqwil
|-boost|p2b: Overqwil|evasion|2
|move|p1a: Milotic|Coil|p1a: Milotic
|-boost|p1a: Milotic|atk|1
|-boost|p1a: Milotic|def|1
|-boost|p1a: Milotic|accuracy|1
|
|upkeep
|turn|4
|inactive|nameless0016 has 30 seconds left.
|
|t:|1785881914
|cant|p2a: Audino|par
|move|p1b: Sinistcha|Matcha Gotcha|p2b: Overqwil|[spread] p2a,p2b
|-resisted|p2b: Overqwil|1
|-damage|p2a: Audino|39/100 par
|-damage|p2b: Overqwil|89/100
|move|p2b: Overqwil|Stockpile|p2b: Overqwil
|-start|p2b: Overqwil|stockpile1
|-boost|p2b: Overqwil|def|1
|-boost|p2b: Overqwil|spd|1
|move|p1a: Milotic|Muddy Water|p2a: Audino|[spread] p2a,p2b
|-crit|p2b: Overqwil
|-damage|p2a: Audino|16/100 par
|-damage|p2b: Overqwil|58/100
|-unboost|p2b: Overqwil|accuracy|1
|
|-heal|p2b: Overqwil|65/100|[from] item: Leftovers
|upkeep
|turn|5
|
|t:|1785881938
|move|p2a: Audino|Heal Pulse|p2b: Overqwil
|-heal|p2b: Overqwil|100/100
|move|p1b: Sinistcha|Matcha Gotcha|p2b: Overqwil|[spread] p2a
|-miss|p1b: Sinistcha|p2b: Overqwil
|-damage|p2a: Audino|0 fnt
|faint|p2a: Audino
|move|p2b: Overqwil|Stockpile|p2b: Overqwil
|-start|p2b: Overqwil|stockpile2
|-boost|p2b: Overqwil|def|1
|-boost|p2b: Overqwil|spd|1
|move|p1a: Milotic|Muddy Water|p2b: Overqwil
|-damage|p2b: Overqwil|85/100
|
|-heal|p2b: Overqwil|91/100|[from] item: Leftovers
|upkeep
|
|t:|1785881952
|switch|p2a: Malamar|Malamar, L50, F|100/100
|turn|6
|
|t:|1785881966
|detailschange|p2a: Malamar|Malamar-Mega, L50, F
|-mega|p2a: Malamar|Malamar|Malamarite
|move|p1b: Sinistcha|Matcha Gotcha|p2b: Overqwil|[spread] p2b
|-miss|p1b: Sinistcha|p2a: Malamar
|-resisted|p2b: Overqwil|1
|-damage|p2b: Overqwil|85/100
|move|p2b: Overqwil|Swords Dance|p2b: Overqwil
|-boost|p2b: Overqwil|atk|2
|move|p2a: Malamar|Superpower|p1a: Milotic
|-damage|p1a: Milotic|84/100
|-boost|p2a: Malamar|atk|1
|-boost|p2a: Malamar|def|1
|move|p1a: Milotic|Muddy Water|p2a: Malamar|[spread] p2a,p2b
|-damage|p2a: Malamar|86/100
|-damage|p2b: Overqwil|72/100
|-unboost|p2b: Overqwil|accuracy|1
|
|-heal|p2b: Overqwil|79/100|[from] item: Leftovers
|-heal|p1a: Milotic|90/100|[from] item: Leftovers
|-fieldend|move: Trick Room
|upkeep
|turn|7
|
|t:|1785881985
|switch|p1b: Incineroar|Incineroar, L50, F|100/100
|-ability|p1b: Incineroar|Intimidate|boost
|-boost|p2a: Malamar|atk|1
|-unboost|p2b: Overqwil|atk|1
|move|p1a: Milotic|Muddy Water|p2b: Overqwil|[spread] p2a,p2b
|-damage|p2a: Malamar|70/100
|-damage|p2b: Overqwil|68/100
|-boost|p2a: Malamar|accuracy|1
|move|p2a: Malamar|Superpower|p1a: Milotic
|-damage|p1a: Milotic|57/100
|-boost|p2a: Malamar|atk|1
|-boost|p2a: Malamar|def|1
|move|p2b: Overqwil|Minimize|p2b: Overqwil
|-boost|p2b: Overqwil|evasion|2
|
|-heal|p1a: Milotic|63/100|[from] item: Leftovers
|-heal|p2b: Overqwil|74/100|[from] item: Leftovers
|upkeep
|turn|8
|inactive|nameless0016 has 30 seconds left.
|inactive|nameless0016 has 20 seconds left.
|inactive|elsadm27 has 30 seconds left.
|inactive|nameless0016 has 15 seconds left.
|inactive|nameless0016 has 10 seconds left.
|inactive|nameless0016 has 5 seconds left.
|
|t:|1785882036
|move|p1a: Milotic|Muddy Water|p2a: Malamar|[spread] p2a,p2b
|-damage|p2a: Malamar|56/100
|-damage|p2b: Overqwil|63/100
|move|p2a: Malamar|Superpower|p1b: Incineroar
|-supereffective|p1b: Incineroar|1
|-damage|p1b: Incineroar|3/100
|-boost|p2a: Malamar|atk|1
|-boost|p2a: Malamar|def|1
|-enditem|p1b: Incineroar|Sitrus Berry|[eat]
|-heal|p1b: Incineroar|28/100|[from] item: Sitrus Berry
|move|p2b: Overqwil|Stockpile|p2b: Overqwil
|-start|p2b: Overqwil|stockpile3
|-boost|p2b: Overqwil|def|1
|-boost|p2b: Overqwil|spd|1
|move|p1b: Incineroar|Flare Blitz|p2a: Malamar
|-damage|p2a: Malamar|37/100
|-damage|p1b: Incineroar|22/100|[from] Recoil
|
|-heal|p1a: Milotic|69/100|[from] item: Leftovers
|-heal|p2b: Overqwil|69/100|[from] item: Leftovers
|upkeep
|turn|9
|
|t:|1785882060
|move|p1a: Milotic|Muddy Water|p2a: Malamar|[spread] p2a,p2b
|-damage|p2a: Malamar|24/100
|-damage|p2b: Overqwil|59/100
|move|p2a: Malamar|Rest|p2a: Malamar
|-status|p2a: Malamar|slp|[from] move: Rest
|-heal|p2a: Malamar|100/100 slp|[silent]
|move|p2b: Overqwil|Stockpile||[still]
|-fail|p2b: Overqwil
|move|p1b: Incineroar|Parting Shot|p2b: Overqwil
|-unboost|p2b: Overqwil|atk|1
|-unboost|p2b: Overqwil|spa|1
|
|t:|1785882073
|switch|p1b: Raichu|Raichu-Mega-Y, L50, F|100/100|[from] Parting Shot
|
|-heal|p1a: Milotic|75/100|[from] item: Leftovers
|-heal|p2b: Overqwil|65/100|[from] item: Leftovers
|upkeep
|turn|10
|inactive|nameless0016 has 30 seconds left.
|
|t:|1785882101
|switch|p1a: Sinistcha|Sinistcha, L50|100/100
|move|p1b: Raichu|Protect|p1b: Raichu
|-singleturn|p1b: Raichu|Protect
|cant|p2a: Malamar|slp
|move|p2b: Overqwil|Throat Chop|p1b: Raichu
|-activate|p1b: Raichu|move: Protect
|
|-heal|p2b: Overqwil|71/100|[from] item: Leftovers
|upkeep
|turn|11
|
|t:|1785882122
|move|p1a: Sinistcha|Rage Powder|p1a: Sinistcha
|-singleturn|p1a: Sinistcha|move: Rage Powder
|move|p1b: Raichu|Zap Cannon|p2b: Overqwil
|-damage|p2b: Overqwil|46/100
|-status|p2b: Overqwil|par
|cant|p2a: Malamar|slp
|move|p2b: Overqwil|Throat Chop|p1a: Sinistcha
|-supereffective|p1a: Sinistcha|1
|-damage|p1a: Sinistcha|46/100
|-start|p1a: Sinistcha|Throat Chop|[silent]
|
|-heal|p2b: Overqwil|53/100 par|[from] item: Leftovers
|upkeep
|turn|12
|inactive|nameless0016 has 30 seconds left.
|
|t:|1785882150
|move|p1a: Sinistcha|Rage Powder|p1a: Sinistcha
|-singleturn|p1a: Sinistcha|move: Rage Powder
|move|p1b: Raichu|Zap Cannon|p2b: Overqwil
|-crit|p2b: Overqwil
|-damage|p2b: Overqwil|0 fnt
|faint|p2b: Overqwil
|-curestatus|p2a: Malamar|slp|[msg]
|move|p2a: Malamar|Psych Up|p1a: Sinistcha
|-copyboost|p2a: Malamar|p1a: Sinistcha|[from] move: Psych Up
|
|-end|p1a: Sinistcha|Throat Chop|[silent]
|upkeep
|turn|13
|c|☆nameless0016|?????
|inactive|elsadm27 has 30 seconds left.
|-message|elsadm27 forfeited.
|
|win|nameless0016
||elsadm27 is ready for game 2.
