|j|☆Fr3gsy
|j|☆BenniOVY
|html|Fr3gsyBenniOVY    
|uhtml|bestof|Game 2 of a best-of-3
|t:|1757751105
|gametype|doubles
|player|p1|Fr3gsy|cynthia|1115
|player|p2|BenniOVY|102|1191
|gen|9
|tier|[Gen 9] VGC 2025 Reg H (Bo3)
|rated|
|rule|Species Clause: Limit one of each Pokémon
|rule|Item Clause: Limit 1 of each item
|clearpoke
|poke|p1|Annihilape, L50, M|
|poke|p1|Maushold, L50|
|poke|p1|Kommo-o, L50, F|
|poke|p1|Murkrow, L50, M|
|poke|p1|Rillaboom, L50, M|
|poke|p1|Incineroar, L50, M|
|poke|p2|Archaludon, L50, F|
|poke|p2|Ursaluna, L50, F|
|poke|p2|Dragonite, L50, M|
|poke|p2|Sinistcha-Masterpiece, L50|
|poke|p2|Pelipper, L50, F|
|poke|p2|Basculegion, L50, M|
|teampreview|4
|showteam|p1|Annihilape||Leftovers|Defiant|RageFist,DrainPunch,BulkUp,Protect|||M|||50|,,,,,Fire]Maushold||SafetyGoggles|FriendGuard|FollowMe,BeatUp,HelpingHand,Protect||||||50|,,,,,Ghost]Kommo-o||ThroatSpray|Overcoat|ClangorousSoul,ClangingScales,Protect,FlashCannon|||F|||50|,,,,,Steel]Murkrow||Eviolite|Prankster|BraveBird,Tailwind,Taunt,Quash|||M|||50|,,,,,Ghost]Rillaboom||AssaultVest|GrassySurge|FakeOut,HighHorsepower,GrassyGlide,Uturn|||M|||50|,,,,,Fire]Incineroar||SitrusBerry|Intimidate|FakeOut,FlareBlitz,KnockOff,PartingShot|||M|||50|,,,,,Ghost
|showteam|p2|Archaludon||AssaultVest|Stamina|FlashCannon,ElectroShot,BodyPress,DragonPulse|||F|||50|,,,,,Bug]Ursaluna||FlameOrb|Guts|Facade,HeadlongRush,Earthquake,Protect|||F|||50|,,,,,Ghost]Dragonite||LoadedDice|Multiscale|ScaleShot,Haze,Tailwind,Protect|||M|||50|,,,,,Fairy]Sinistcha-Masterpiece||SitrusBerry|Hospitality|MatchaGotcha,LifeDew,TrickRoom,RagePowder||||||50|,,,,,Fairy]Pelipper||FocusSash|Drizzle|WeatherBall,Hurricane,Tailwind,Protect|||F|||50|,,,,,Ghost]Basculegion||ChoiceBand|SwiftSwim|FlipTurn,WaveCrash,AquaJet,LastRespects|||M|||50|,,,,,Water
|
|t:|1757751123
|teamsize|p1|4
|teamsize|p2|4
|start
|switch|p1a: Kommo-o|Kommo-o, L50, F, shiny|100/100
|switch|p1b: Murkrow|Murkrow, L50, M, shiny|100/100
|switch|p2a: Ursaluna|Ursaluna, L50, F|100/100
|switch|p2b: Dragonite|Dragonite, L50, M|100/100
|turn|1
|
|t:|1757751140
|switch|p1a: Annihilape|Annihilape, L50, M, shiny|100/100
|move|p1b: Murkrow|Tailwind|p1b: Murkrow
|-sidestart|p1: Fr3gsy|move: Tailwind
|move|p2b: Dragonite|Scale Shot|p1b: Murkrow
|-damage|p1b: Murkrow|86/100
|-damage|p1b: Murkrow|69/100
|-damage|p1b: Murkrow|53/100
|-damage|p1b: Murkrow|36/100
|-hitcount|p1b: Murkrow|4
|-unboost|p2b: Dragonite|def|1
|-boost|p2b: Dragonite|spe|1
|move|p2a: Ursaluna|Earthquake|p1b: Murkrow|[spread] p1a
|-immune|p2b: Dragonite
|-immune|p1b: Murkrow
|-damage|p1a: Annihilape|57/100
|
|-heal|p1a: Annihilape|63/100|[from] item: Leftovers
|-status|p2a: Ursaluna|brn|[from] item: Flame Orb
|upkeep
|turn|2
|
|t:|1757751182
|move|p2b: Dragonite|Protect|p2b: Dragonite
|-singleturn|p2b: Dragonite|Protect
|move|p1b: Murkrow|Taunt|p2b: Dragonite
|-activate|p2b: Dragonite|move: Protect
|move|p1a: Annihilape|Bulk Up|p1a: Annihilape
|-boost|p1a: Annihilape|atk|1
|-boost|p1a: Annihilape|def|1
|move|p2a: Ursaluna|Headlong Rush|p1a: Annihilape
|-damage|p1a: Annihilape|0 fnt
|-unboost|p2a: Ursaluna|def|1
|-unboost|p2a: Ursaluna|spd|1
|faint|p1a: Annihilape
|
|-damage|p2a: Ursaluna|95/100 brn|[from] brn
|upkeep
|
|t:|1757751198
|switch|p1a: Kommo-o|Kommo-o, L50, F, shiny|100/100
|turn|3
|
|t:|1757751211
|move|p1a: Kommo-o|Clanging Scales|p2b: Dragonite|[spread] p2a,p2b
|-supereffective|p2b: Dragonite
|-crit|p2b: Dragonite
|-damage|p2a: Ursaluna|53/100 brn
|-damage|p2b: Dragonite|57/100
|-unboost|p1a: Kommo-o|def|1
|-enditem|p1a: Kommo-o|Throat Spray
|-boost|p1a: Kommo-o|spa|1|[from] item: Throat Spray
|move|p1b: Murkrow|Brave Bird|p2b: Dragonite
|-damage|p2b: Dragonite|0 fnt
|faint|p2b: Dragonite
|-damage|p1b: Murkrow|17/100|[from] Recoil
|move|p2a: Ursaluna|Earthquake|p1a: Kommo-o|[spread] p1a
|-immune|p1b: Murkrow
|-damage|p1a: Kommo-o|27/100
|
|-damage|p2a: Ursaluna|48/100 brn|[from] brn
|upkeep
|
|t:|1757751214
|switch|p2b: Archaludon|Archaludon, L50, F|100/100
|turn|4
|
|t:|1757751236
|switch|p2a: Pelipper|Pelipper, L50, F|100/100
|-weather|RainDance|[from] ability: Drizzle|[of] p2a: Pelipper
|move|p1a: Kommo-o|Clanging Scales|p2a: Pelipper|[spread] p2a,p2b
|-damage|p2a: Pelipper|26/100
|-damage|p2b: Archaludon|73/100
|-ability|p2b: Archaludon|Stamina|boost
|-boost|p2b: Archaludon|def|1
|-unboost|p1a: Kommo-o|def|1
|move|p1b: Murkrow|Brave Bird|p2a: Pelipper
|-damage|p2a: Pelipper|0 fnt
|faint|p2a: Pelipper
|-damage|p1b: Murkrow|10/100|[from] Recoil
|move|p2b: Archaludon|Dragon Pulse|p1a: Kommo-o
|-supereffective|p1a: Kommo-o
|-damage|p1a: Kommo-o|0 fnt
|faint|p1a: Kommo-o
|
|-weather|RainDance|[upkeep]
|-sideend|p1: Fr3gsy|move: Tailwind
|upkeep
|
|t:|1757751255
|switch|p2a: Ursaluna|Ursaluna, L50, F|48/100 brn
|switch|p1a: Maushold|Maushold, L50, shiny|100/100
|turn|5
|-message|Fr3gsy forfeited.
|raw|Fr3gsy's rating: 1115 → 1095(-20 for losing)
|raw|BenniOVY's rating: 1191 → 1211(+20 for winning)
|
|win|BenniOVY
|l|☆Fr3gsy
|player|p1|
|l|☆BenniOVY
|player|p2|
|j|☆BenniOVY
|player|p2|BenniOVY|102|
