|j|☆siusshjs
|j|☆raksbach
|html|siusshjsraksbach    
|uhtml|bestof|Game 1 of a best-of-3
|t:|1783420361
|gametype|doubles
|player|p1|siusshjs|169|1118
|player|p2|raksbach|265|1148
|gen|9
|tier|[Gen 9 Champions] VGC 2026 Reg M-B (Bo3)
|rated|
|rule|Species Clause: Limit one of each Pokémon
|rule|Item Clause: Limit 1 of each item
|clearpoke
|poke|p1|Delphox, L50, F|
|poke|p1|Sinistcha, L50|
|poke|p1|Sneasler, L50, M|
|poke|p1|Hydreigon, L50, M|
|poke|p1|Metagross, L50|
|poke|p1|Aegislash, L50, F|
|poke|p2|Incineroar, L50, M|
|poke|p2|Maushold, L50|
|poke|p2|Sinistcha, L50|
|poke|p2|Sneasler, L50, F|
|poke|p2|Blastoise, L50, F|
|poke|p2|Delphox, L50, M|
|teampreview|4
|showteam|p1|Delphox||Delphoxite|Blaze|HeatWave,Psychic,Protect,TrickRoom|Timid||F|||50|]Sinistcha||SitrusBerry|Hospitality|Imprison,TrickRoom,MatchaGotcha,RagePowder|Relaxed|||||50|]Sneasler||FocusSash|PoisonTouch|FakeOut,CloseCombat,DireClaw,Protect|Jolly||M|||50|]Hydreigon||ChoiceScarf|Levitate|DracoMeteor,Snarl,DarkPulse,FlashCannon|Modest||M|||50|]Metagross||Metagrossite|ClearBody|MeteorMash,PsychicFangs,Protect,RockSlide|Jolly|||||50|]Aegislash||LifeOrb|StanceChange|ShadowSneak,KingsShield,IronHead,Poltergeist|Adamant||F|||50|
|showteam|p2|Incineroar||SitrusBerry|Intimidate|FakeOut,FlareBlitz,DarkestLariat,PartingShot|Impish||M|||50|]Maushold||ChopleBerry|FriendGuard|SuperFang,FollowMe,Protect,Feint|Impish|||||50|]Sinistcha||OccaBerry|Hospitality|MatchaGotcha,LifeDew,RagePowder,Protect|Bold|||||50|]Sneasler||FocusSash|PoisonTouch|FakeOut,CloseCombat,DireClaw,QuickGuard|Jolly||F|||50|]Blastoise||Blastoisinite|Torrent|WaterSpout,DarkPulse,ShellSmash,Protect|Modest||F|||50|]Delphox||Delphoxite|Blaze|HeatWave,Psychic,NastyPlot,Protect|Timid||M|||50|
|inactive|Battle timer is ON: inactive players will automatically lose when time's up. (requested by raksbach)
|inactive|siusshjs also wants the timer to be on.
|inactive|siusshjs has 60 seconds left.
|inactive|raksbach has 60 seconds left.
|
|t:|1783420401
|teamsize|p1|4
|teamsize|p2|4
|start
|switch|p1a: Metagross|Metagross, L50|100/100
|switch|p1b: Hydreigon|Hydreigon, L50, M|100/100
|switch|p2a: Sneasler|Sneasler, L50, F|100/100
|switch|p2b: Blastoise|Blastoise, L50, F|100/100
|turn|1
|inactive|raksbach has 30 seconds left.
|
|t:|1783420427
|detailschange|p1a: Metagross|Metagross-Mega, L50
|-mega|p1a: Metagross|Metagross|Metagrossite
|detailschange|p2b: Blastoise|Blastoise-Mega, L50, F
|-mega|p2b: Blastoise|Blastoise|Blastoisinite
|move|p2a: Sneasler|Fake Out|p1b: Hydreigon
|-damage|p1b: Hydreigon|82/100
|cant|p1b: Hydreigon|flinch
|move|p1a: Metagross|Psychic Fangs|p2a: Sneasler
|-supereffective|p2a: Sneasler|2
|-enditem|p2a: Sneasler|Focus Sash
|-damage|p2a: Sneasler|1/100
|move|p2b: Blastoise|Shell Smash|p2b: Blastoise
|-unboost|p2b: Blastoise|def|1
|-unboost|p2b: Blastoise|spd|1
|-boost|p2b: Blastoise|atk|2
|-boost|p2b: Blastoise|spa|2
|-boost|p2b: Blastoise|spe|2
|
|upkeep
|turn|2
|inactive|raksbach has 30 seconds left.
|
|t:|1783420454
|move|p1a: Metagross|Protect|p1a: Metagross
|-singleturn|p1a: Metagross|Protect
|move|p2b: Blastoise|Water Spout|p1b: Hydreigon|[spread] p1b
|-activate|p1a: Metagross|move: Protect
|-resisted|p1b: Hydreigon|1
|-damage|p1b: Hydreigon|2/100
|move|p1b: Hydreigon|Snarl|p2a: Sneasler|[spread] p2a,p2b
|-resisted|p2a: Sneasler|1
|-damage|p2a: Sneasler|0 fnt
|-damage|p2b: Blastoise|67/100
|-unboost|p2b: Blastoise|spa|1
|faint|p2a: Sneasler
|
|upkeep
|
|t:|1783420467
|switch|p2a: Sinistcha|Sinistcha, L50|100/100
|-heal|p2b: Blastoise|91/100|[from] ability: Hospitality|[of] p2a: Sinistcha
|turn|3
|
|t:|1783420480
|move|p2a: Sinistcha|Rage Powder|p2a: Sinistcha
|-singleturn|p2a: Sinistcha|move: Rage Powder
|move|p2b: Blastoise|Water Spout|p1a: Metagross|[spread] p1a,p1b
|-resisted|p1b: Hydreigon|1
|-damage|p1a: Metagross|6/100
|-damage|p1b: Hydreigon|0 fnt
|faint|p1b: Hydreigon
|move|p1a: Metagross|Psychic Fangs|p2a: Sinistcha
|-damage|p2a: Sinistcha|51/100
|
|upkeep
|
|t:|1783420487
|switch|p1b: Sneasler|Sneasler, L50, M|100/100
|turn|4
|
|t:|1783420494
|move|p1b: Sneasler|Fake Out|p2b: Blastoise
|-damage|p2b: Blastoise|69/100
|-status|p2b: Blastoise|psn|[from] ability: Poison Touch|[of] p1b: Sneasler
|move|p2a: Sinistcha|Rage Powder|p2a: Sinistcha
|-singleturn|p2a: Sinistcha|move: Rage Powder
|cant|p2b: Blastoise|flinch
|move|p1a: Metagross|Psychic Fangs|p2a: Sinistcha
|-damage|p2a: Sinistcha|0 fnt
|faint|p2a: Sinistcha
|
|-damage|p2b: Blastoise|57/100 psn|[from] psn
|upkeep
|
|t:|1783420504
|switch|p2a: Maushold|Maushold, L50|100/100
|turn|5
|
|t:|1783420511
|move|p1b: Sneasler|Protect|p1b: Sneasler
|-singleturn|p1b: Sneasler|Protect
|move|p1a: Metagross|Protect|p1a: Metagross
|-singleturn|p1a: Metagross|Protect
|move|p2a: Maushold|Feint|p1b: Sneasler
|-activate|p1b: Sneasler|move: Feint
|-damage|p1b: Sneasler|84/100
|move|p2b: Blastoise|Water Spout|p1a: Metagross|[spread] p1b
|-activate|p1a: Metagross|move: Protect
|-damage|p1b: Sneasler|1/100
|
|-damage|p2b: Blastoise|45/100 psn|[from] psn
|upkeep
|turn|6
|
|t:|1783420529
|move|p1b: Sneasler|Protect|p1b: Sneasler
|-singleturn|p1b: Sneasler|Protect
|move|p1a: Metagross|Protect|p1a: Metagross
|-singleturn|p1a: Metagross|Protect
|move|p2a: Maushold|Feint|p1b: Sneasler
|-activate|p1b: Sneasler|move: Feint
|-damage|p1b: Sneasler|0 fnt
|faint|p1b: Sneasler
|move|p2b: Blastoise|Dark Pulse|p1a: Metagross
|-activate|p1a: Metagross|move: Protect
|
|-damage|p2b: Blastoise|32/100 psn|[from] psn
|upkeep
|
|t:|1783420540
|switch|p1b: Aegislash|Aegislash, L50, F|100/100
|turn|7
|c|☆raksbach|2 Double protects xd
|
|t:|1783420550
|move|p2a: Maushold|Follow Me|p2a: Maushold
|-singleturn|p2a: Maushold|move: Follow Me
|-formechange|p1b: Aegislash|Aegislash-Blade|
|move|p1b: Aegislash|Shadow Sneak|p2a: Maushold
|-immune|p2a: Maushold
|move|p2b: Blastoise|Dark Pulse|p1b: Aegislash
|-supereffective|p1b: Aegislash|1
|-damage|p1b: Aegislash|0 fnt
|faint|p1b: Aegislash
|move|p1a: Metagross|Psychic Fangs|p2a: Maushold
|-damage|p2a: Maushold|43/100
|
|-damage|p2b: Blastoise|20/100y psn|[from] psn
|upkeep
|turn|8
|
|t:|1783420563
|move|p2a: Maushold|Follow Me|p2a: Maushold
|-singleturn|p2a: Maushold|move: Follow Me
|move|p2b: Blastoise|Dark Pulse|p1a: Metagross
|-supereffective|p1a: Metagross|1
|-damage|p1a: Metagross|0 fnt
|faint|p1a: Metagross
|
|win|raksbach
