|j|☆TYRGHASAD
|j|☆zrmbe
|html|TYRGHASADzrmbe    
|uhtml|bestof|Game 3 of a best-of-3
|t:|1785027452
|gametype|doubles
|player|p1|TYRGHASAD|102|
|player|p2|zrmbe|pokemaniac|
|gen|9
|tier|[Gen 9 Champions] VGC 2026 Reg M-B (Bo3)
|rule|Species Clause: Limit one of each Pokémon
|rule|Item Clause: Limit 1 of each item
|clearpoke
|poke|p1|Emboar, L50, M, shiny|
|poke|p1|Whimsicott, L50, M|
|poke|p1|Metagross, L50|
|poke|p1|Corviknight, L50, M|
|poke|p1|Primarina, L50, M|
|poke|p1|Tsareena, L50, F|
|poke|p2|Aegislash, L50, M|
|poke|p2|Rotom-Wash, L50|
|poke|p2|Scizor, L50, M|
|poke|p2|Noivern, L50, M|
|poke|p2|Arcanine, L50, M|
|poke|p2|Ceruledge, L50, F|
|teampreview|4
|showteam|p1|Emboar||Emboarite|Blaze|FlareBlitz,Protect,Earthquake,SuckerPunch|Adamant||M|||50|]Whimsicott||FocusSash|Prankster|GigaDrain,DazzlingGleam,Protect,Tailwind|Timid||M|||50|]Metagross||Leftovers|ClearBody|BodyPress,Earthquake,PsychicFangs,BulletPunch|Relaxed|||||50|]Corviknight||SitrusBerry|Pressure|BraveBird,IronDefense,Uturn,Roost|Impish||M|||50|]Primarina||LifeOrb|Torrent|CalmMind,Surf,Moonblast,Substitute|Modest||M|||50|]Tsareena||LumBerry|QueenlyMajesty|PowerWhip,KnockOff,Protect,Uturn|Jolly||F|||50|
|showteam|p2|Aegislash||SpellTag|StanceChange|WideGuard,ShadowBall,FlashCannon,KingsShield|Sassy||M|||50|]Rotom-Wash||SitrusBerry|Levitate|HydroPump,Thunderbolt,WillOWisp,VoltSwitch|Timid|||||50|]Scizor||Scizorite|Technician|BulletPunch,KnockOff,SwordsDance,Protect|Adamant||M|||50|]Noivern||FocusSash|Infiltrator|Tailwind,Taunt,DracoMeteor,Protect|Timid||M|||50|]Arcanine||Leftovers|Intimidate|FlareBlitz,Snarl,WillOWisp,Protect|Sassy||M|||50|]Ceruledge||LifeOrb|WeakArmor|Protect,BitterBlade,ShadowSneak,CloseCombat|Jolly||F|||50|
|
|t:|1785027517
|teamsize|p1|4
|teamsize|p2|4
|start
|switch|p1a: Whimsicott|Whimsicott, L50, M|100/100
|switch|p1b: Primarina|Primarina, L50, M|100/100
|switch|p2a: Noivern|Noivern, L50, M|100/100
|switch|p2b: Arcanine|Arcanine, L50, M|100/100
|-ability|p2b: Arcanine|Intimidate|boost
|-unboost|p1a: Whimsicott|atk|1
|-unboost|p1b: Primarina|atk|1
|turn|1
|
|t:|1785027577
|move|p2a: Noivern|Protect|p2a: Noivern
|-singleturn|p2a: Noivern|Protect
|move|p1a: Whimsicott|Dazzling Gleam|p2b: Arcanine|[spread] p2b
|-activate|p2a: Noivern|move: Protect
|-resisted|p2b: Arcanine|1
|-damage|p2b: Arcanine|91/100
|move|p2b: Arcanine|Flare Blitz|p1a: Whimsicott
|-supereffective|p1a: Whimsicott|1
|-enditem|p1a: Whimsicott|Focus Sash
|-damage|p1a: Whimsicott|1/100
|-damage|p2b: Arcanine|68/100|[from] Recoil
|move|p1b: Primarina|Moonblast|p2a: Noivern
|-activate|p2a: Noivern|move: Protect
|
|-heal|p2b: Arcanine|74/100|[from] item: Leftovers
|upkeep
|turn|2
|
|t:|1785027639
|move|p1a: Whimsicott|Tailwind|p1a: Whimsicott
|-sidestart|p1: TYRGHASAD|move: Tailwind
|move|p2a: Noivern|Tailwind|p2a: Noivern
|-sidestart|p2: zrmbe|move: Tailwind
|move|p2b: Arcanine|Snarl|p1a: Whimsicott|[spread] p1a,p1b
|-resisted|p1a: Whimsicott|1
|-resisted|p1b: Primarina|1
|-damage|p1a: Whimsicott|0 fnt
|-damage|p1b: Primarina|96/100
|-unboost|p1b: Primarina|spa|1
|faint|p1a: Whimsicott
|move|p1b: Primarina|Substitute|p1b: Primarina
|-start|p1b: Primarina|Substitute
|-damage|p1b: Primarina|71/100
|
|-heal|p2b: Arcanine|80/100|[from] item: Leftovers
|upkeep
|
|t:|1785027658
|switch|p1a: Emboar|Emboar, L50, M, shiny|100/100
|turn|3
|
|t:|1785027718
|switch|p2b: Rotom|Rotom-Wash, L50|100/100
|detailschange|p1a: Emboar|Emboar-Mega, L50, M, shiny
|-mega|p1a: Emboar|Emboar|Emboarite
|-ability|p1a: Emboar|Mold Breaker
|move|p2a: Noivern|Protect|p2a: Noivern
|-singleturn|p2a: Noivern|Protect
|move|p1a: Emboar|Sucker Punch||[still]
|-fail|p1a: Emboar
|move|p1b: Primarina|Calm Mind|p1b: Primarina
|-boost|p1b: Primarina|spa|1
|-boost|p1b: Primarina|spd|1
|
|upkeep
|turn|4
|
|t:|1785027791
|switch|p2a: Arcanine|Arcanine, L50, M|80/100
|-ability|p2a: Arcanine|Intimidate|boost
|-unboost|p1a: Emboar|atk|1
|-immune|p1b: Primarina
|move|p1a: Emboar|Protect|p1a: Emboar
|-singleturn|p1a: Emboar|Protect
|move|p2b: Rotom|Thunderbolt|p1b: Primarina
|-supereffective|p1b: Primarina|1
|-end|p1b: Primarina|Substitute
|move|p1b: Primarina|Calm Mind|p1b: Primarina
|-boost|p1b: Primarina|spa|1
|-boost|p1b: Primarina|spd|1
|
|-heal|p2a: Arcanine|86/100|[from] item: Leftovers
|upkeep
|turn|5
|
|t:|1785027849
|move|p2a: Arcanine|Protect|p2a: Arcanine
|-singleturn|p2a: Arcanine|Protect
|move|p2b: Rotom|Hydro Pump|p1a: Emboar|[miss]
|-miss|p2b: Rotom|p1a: Emboar
|move|p1a: Emboar|Earthquake|p2a: Arcanine|[spread] p1b,p2b
|-activate|p2a: Arcanine|move: Protect
|-supereffective|p2b: Rotom|1
|-damage|p1b: Primarina|47/100
|-damage|p2b: Rotom|40/100
|-enditem|p2b: Rotom|Sitrus Berry|[eat]
|-heal|p2b: Rotom|64/100|[from] item: Sitrus Berry
|move|p1b: Primarina|Substitute|p1b: Primarina
|-start|p1b: Primarina|Substitute
|-damage|p1b: Primarina|22/100
|
|-heal|p2a: Arcanine|92/100|[from] item: Leftovers
|-sideend|p1: TYRGHASAD|move: Tailwind
|-sideend|p2: zrmbe|move: Tailwind
|upkeep
|turn|6
|
|t:|1785027879
|switch|p2a: Noivern|Noivern, L50, M|100/100
|move|p1a: Emboar|Protect|p1a: Emboar
|-singleturn|p1a: Emboar|Protect
|move|p2b: Rotom|Volt Switch|p1b: Primarina
|-supereffective|p1b: Primarina|1
|-end|p1b: Primarina|Substitute
|
|t:|1785027887
|switch|p2b: Arcanine|Arcanine, L50, M|92/100|[from] Volt Switch
|-ability|p2b: Arcanine|Intimidate|boost
|-unboost|p1a: Emboar|atk|1
|-unboost|p1b: Primarina|atk|1
|move|p1b: Primarina|Surf|p2a: Noivern|[spread] p2a,p2b
|-activate|p1a: Emboar|move: Protect
|-resisted|p2a: Noivern|1
|-supereffective|p2b: Arcanine|1
|-damage|p2a: Noivern|39/100
|-damage|p2b: Arcanine|0 fnt
|faint|p2b: Arcanine
|-damage|p1b: Primarina|13/100|[from] item: Life Orb
|
|upkeep
|
|t:|1785027899
|switch|p2b: Rotom|Rotom-Wash, L50|64/100
|turn|7
|
|t:|1785028001
|move|p2a: Noivern|Protect|p2a: Noivern
|-singleturn|p2a: Noivern|Protect
|move|p1a: Emboar|Sucker Punch|p2b: Rotom
|-damage|p2b: Rotom|43/100
|move|p2b: Rotom|Hydro Pump|p1a: Emboar
|-supereffective|p1a: Emboar|1
|-damage|p1a: Emboar|29/100
|move|p1b: Primarina|Moonblast|p2a: Noivern
|-activate|p2a: Noivern|move: Protect
|
|upkeep
|turn|8
|
|t:|1785028103
|move|p2a: Noivern|Protect||[still]
|-fail|p2a: Noivern
|move|p1a: Emboar|Protect|p1a: Emboar
|-singleturn|p1a: Emboar|Protect
|move|p2b: Rotom|Thunderbolt|p1b: Primarina
|-supereffective|p1b: Primarina|1
|-damage|p1b: Primarina|0 fnt
|faint|p1b: Primarina
|
|upkeep
|
|t:|1785028112
|switch|p1b: Corviknight|Corviknight, L50, M|100/100
|-ability|p1b: Corviknight|Pressure
|turn|9
|
|t:|1785028166
|move|p2a: Noivern|Protect|p2a: Noivern
|-singleturn|p2a: Noivern|Protect
|move|p1a: Emboar|Sucker Punch|p2b: Rotom
|-damage|p2b: Rotom|22/100
|move|p2b: Rotom|Hydro Pump|p1a: Emboar
|-supereffective|p1a: Emboar|1
|-damage|p1a: Emboar|0 fnt
|faint|p1a: Emboar
|move|p1b: Corviknight|U-turn|p2b: Rotom
|-damage|p2b: Rotom|1/100
|
|upkeep
|turn|10
|
|t:|1785028199
|move|p2a: Noivern|Taunt|p1b: Corviknight
|-start|p1b: Corviknight|move: Taunt
|move|p2b: Rotom|Volt Switch|p1b: Corviknight
|-supereffective|p1b: Corviknight|1
|-damage|p1b: Corviknight|55/100
|
|t:|1785028205
|switch|p2b: Ceruledge|Ceruledge, L50, F|100/100|[from] Volt Switch
|move|p1b: Corviknight|U-turn|p2b: Ceruledge
|-resisted|p2b: Ceruledge|2
|-damage|p2b: Ceruledge|95/100
|-ability|p2b: Ceruledge|Weak Armor|boost
|-unboost|p2b: Ceruledge|def|1
|-boost|p2b: Ceruledge|spe|2
|
|upkeep
|turn|11
|
|t:|1785028242
|move|p2a: Noivern|Protect|p2a: Noivern
|-singleturn|p2a: Noivern|Protect
|move|p2b: Ceruledge|Bitter Blade|p1b: Corviknight
|-supereffective|p1b: Corviknight|1
|-damage|p1b: Corviknight|0 fnt
|-heal|p2b: Ceruledge|100/100|[from] drain|[of] p1b: Corviknight
|faint|p1b: Corviknight
|-damage|p2b: Ceruledge|90/100|[from] item: Life Orb
|
|win|zrmbe
|l|☆TYRGHASAD
|player|p1|
