|j|☆spruffer
|j|☆xongog
|html|sprufferxongog    
|uhtml|bestof|Game 2 of a best-of-3
|t:|1784918805
|gametype|doubles
|player|p1|spruffer|koga|
|player|p2|xongog|medium|
|gen|9
|tier|[Gen 9 Champions] VGC 2026 Reg M-B (Bo3)
|rule|Species Clause: Limit one of each Pokémon
|rule|Item Clause: Limit 1 of each item
|clearpoke
|poke|p1|Basculegion, L50, M, shiny|
|poke|p1|Tyranitar, L50, F|
|poke|p1|Dragonite, L50, M|
|poke|p1|Raichu, L50, M|
|poke|p1|Sableye, L50, F|
|poke|p1|Floette-Eternal, L50, F|
|poke|p2|Archaludon, L50, F|
|poke|p2|Politoed, L50, M|
|poke|p2|Swampert, L50, M|
|poke|p2|Overqwil, L50, M|
|poke|p2|Heliolisk, L50, M|
|poke|p2|Klefki, L50, F|
|teampreview|4
|showteam|p1|Basculegion||LifeOrb|Adaptability|LastRespects,WaveCrash,AquaJet,Protect|Jolly||M|||50|]Tyranitar||ChoiceScarf|SandStream|RockSlide,FirePunch,BodyPress,HeavySlam|Jolly||F|||50|]Dragonite||DragonFang|Multiscale|DragonClaw,DragonDance,ExtremeSpeed,Protect|Adamant||M|||50|]Raichu||RaichuniteY|LightningRod|FakeOut,Thunderbolt,ZapCannon,Protect|Modest||M|||50|]Sableye||Sablenite|Prankster|Encore,FoulPlay,Reflect,LightScreen|Serious||F|||50|]Floette-Eternal||Floettite|FlowerVeil|DazzlingGleam,Psychic,CalmMind,Protect|Bold||F|||50|
|showteam|p2|Archaludon||Leftovers|Stamina|FlashCannon,ElectroShot,Protect,AuraSphere|Serious||F|||50|]Politoed||SitrusBerry|Drizzle|WeatherBall,Protect,PerishSong,RainDance|Sassy||M|||50|]Swampert||Swampertite|Torrent|WaveCrash,KnockOff,Protect,RockSlide|Adamant||M|||50|]Overqwil||ExpertBelt|SwiftSwim|Liquidation,ThroatChop,PoisonJab,Protect|Jolly||M|||50|]Heliolisk||ChoiceScarf|DrySkin|VoltSwitch,Surf,DarkPulse,HyperVoice|Modest||M|||50|]Klefki||LightClay|Prankster|DazzlingGleam,LightScreen,Reflect,ThunderWave|Calm||F|||50|
|j| RunningRad
|j| brtsz
|j| presidentperssson
|j| SneakyEne
|j| amarokay
|
|t:|1784918846
|teamsize|p1|4
|teamsize|p2|4
|start
|switch|p1a: Tyranitar|Tyranitar, L50, F|100/100
|switch|p1b: Raichu|Raichu, L50, M|100/100
|switch|p2a: Klefki|Klefki, L50, F|100/100
|switch|p2b: Archaludon|Archaludon, L50, F|100/100
|-weather|Sandstorm|[from] ability: Sand Stream|[of] p1a: Tyranitar
|turn|1
|j| quasmosis
|
|t:|1784918893
|detailschange|p1b: Raichu|Raichu-Mega-Y, L50, M
|-mega|p1b: Raichu|Raichu|Raichunite Y
|move|p2a: Klefki|Light Screen|p2a: Klefki
|-sidestart|p2: xongog|move: Light Screen
|move|p1b: Raichu|Zap Cannon|p2b: Archaludon
|-resisted|p2b: Archaludon|1
|-damage|p2b: Archaludon|72/100
|-status|p2b: Archaludon|par
|-ability|p2b: Archaludon|Stamina|boost
|-boost|p2b: Archaludon|def|1
|move|p1a: Tyranitar|Body Press|p2b: Archaludon
|-supereffective|p2b: Archaludon|1
|-crit|p2b: Archaludon
|-damage|p2b: Archaludon|28/100 par
|-ability|p2b: Archaludon|Stamina|boost
|-boost|p2b: Archaludon|def|1
|move|p2b: Archaludon|Aura Sphere|p1a: Tyranitar
|-supereffective|p1a: Tyranitar|2
|-damage|p1a: Tyranitar|41/100
|
|-weather|Sandstorm|[upkeep]
|-damage|p1b: Raichu|94/100|[from] Sandstorm
|-heal|p2b: Archaludon|34/100 par|[from] item: Leftovers
|upkeep
|turn|2
|
|t:|1784918927
|move|p2b: Archaludon|Protect|p2b: Archaludon
|-singleturn|p2b: Archaludon|Protect
|move|p1b: Raichu|Zap Cannon|p2b: Archaludon
|-activate|p2b: Archaludon|move: Protect
|move|p1a: Tyranitar|Body Press|p2b: Archaludon
|-activate|p2b: Archaludon|move: Protect
|move|p2a: Klefki|Dazzling Gleam|p1b: Raichu|[spread] p1a,p1b
|-supereffective|p1a: Tyranitar|1
|-crit|p1b: Raichu
|-damage|p1a: Tyranitar|16/100
|-damage|p1b: Raichu|52/100
|
|-weather|Sandstorm|[upkeep]
|-damage|p1b: Raichu|46/100|[from] Sandstorm
|-heal|p2b: Archaludon|40/100 par|[from] item: Leftovers
|upkeep
|turn|3
|
|t:|1784918945
|move|p2a: Klefki|Reflect|p2a: Klefki
|-sidestart|p2: xongog|Reflect
|move|p1b: Raichu|Zap Cannon|p2a: Klefki
|-damage|p2a: Klefki|55/100
|-status|p2a: Klefki|par
|move|p1a: Tyranitar|Body Press|p2b: Archaludon
|-supereffective|p2b: Archaludon|1
|-damage|p2b: Archaludon|30/100 par
|-ability|p2b: Archaludon|Stamina|boost
|-boost|p2b: Archaludon|def|1
|move|p2b: Archaludon|Aura Sphere|p1a: Tyranitar
|-supereffective|p1a: Tyranitar|2
|-damage|p1a: Tyranitar|0 fnt
|faint|p1a: Tyranitar
|
|-weather|Sandstorm|[upkeep]
|-damage|p1b: Raichu|40/100|[from] Sandstorm
|-heal|p2b: Archaludon|37/100 par|[from] item: Leftovers
|upkeep
|
|t:|1784918973
|switch|p1a: Dragonite|Dragonite, L50, M|100/100
|turn|4
|
|t:|1784919015
|move|p2a: Klefki|Thunder Wave|p1a: Dragonite
|-status|p1a: Dragonite|par
|move|p1b: Raichu|Zap Cannon|p2b: Archaludon
|-resisted|p2b: Archaludon|1
|-damage|p2b: Archaludon|8/100 par
|-ability|p2b: Archaludon|Stamina|boost
|-boost|p2b: Archaludon|def|1
|move|p1a: Dragonite|Dragon Dance|p1a: Dragonite
|-boost|p1a: Dragonite|atk|1
|-boost|p1a: Dragonite|spe|1
|move|p2b: Archaludon|Aura Sphere|p1b: Raichu
|-damage|p1b: Raichu|7/100
|
|-weather|Sandstorm|[upkeep]
|-damage|p1b: Raichu|1/100|[from] Sandstorm
|-damage|p1a: Dragonite|94/100 par|[from] Sandstorm
|-heal|p2b: Archaludon|14/100 par|[from] item: Leftovers
|upkeep
|turn|5
|
|t:|1784919088
|move|p2b: Archaludon|Protect|p2b: Archaludon
|-singleturn|p2b: Archaludon|Protect
|move|p1b: Raichu|Zap Cannon|p2a: Klefki
|-damage|p2a: Klefki|12/100 par
|move|p1a: Dragonite|Dragon Claw|p2b: Archaludon
|-activate|p2b: Archaludon|move: Protect
|move|p2a: Klefki|Dazzling Gleam|p1a: Dragonite|[spread] p1a,p1b
|-supereffective|p1a: Dragonite|1
|-damage|p1a: Dragonite|60/100 par
|-damage|p1b: Raichu|0 fnt
|faint|p1b: Raichu
|
|-weather|none
|-heal|p2b: Archaludon|20/100y par|[from] item: Leftovers
|upkeep
|
|t:|1784919095
|switch|p1b: Basculegion|Basculegion, L50, M, shiny|100/100
|turn|6
|
|t:|1784919122
|move|p1a: Dragonite|Extreme Speed|p2a: Klefki
|-resisted|p2a: Klefki|1
|-crit|p2a: Klefki
|-damage|p2a: Klefki|0 fnt
|faint|p2a: Klefki
|move|p1b: Basculegion|Last Respects|p2b: Archaludon
|-damage|p2b: Archaludon|1/100 par
|-ability|p2b: Archaludon|Stamina|boost
|-boost|p2b: Archaludon|def|1
|-damage|p1b: Basculegion|90/100|[from] item: Life Orb
|move|p2b: Archaludon|Flash Cannon|p1a: Dragonite
|-damage|p1a: Dragonite|19/100 par
|
|-heal|p2b: Archaludon|6/100 par|[from] item: Leftovers
|upkeep
|
|t:|1784919149
|switch|p2a: Swampert|Swampert, L50, M|100/100
|turn|7
|
|t:|1784919179
|detailschange|p2a: Swampert|Swampert-Mega, L50, M
|-mega|p2a: Swampert|Swampert|Swampertite
|move|p1a: Dragonite|Extreme Speed|p2a: Swampert
|-damage|p2a: Swampert|76/100
|move|p1b: Basculegion|Last Respects|p2a: Swampert
|-damage|p2a: Swampert|10/100
|-damage|p1b: Basculegion|80/100|[from] item: Life Orb
|move|p2a: Swampert|Knock Off|p1b: Basculegion
|-supereffective|p1b: Basculegion|1
|-damage|p1b: Basculegion|0 fnt
|-enditem|p1b: Basculegion|Life Orb|[from] move: Knock Off|[of] p2a: Swampert
|faint|p1b: Basculegion
|move|p2b: Archaludon|Flash Cannon|p1a: Dragonite
|-damage|p1a: Dragonite|0 fnt
|faint|p1a: Dragonite
|
|win|xongog
||spruffer is ready for game 3.
|inactive|xongog has 30 seconds to confirm battle start!
||xongog is ready for game 3.
|uhtml|next|Next: Game 3 of 3
