|j|☆fergalhopper
|j|☆GalickGunAttack
|html|fergalhopperGalickGunAttack    
|uhtml|bestof|Game 1 of a best-of-3
|t:|1784917668
|gametype|doubles
|player|p1|fergalhopper|169|1093
|player|p2|GalickGunAttack|acetrainersnow|1152
|gen|9
|tier|[Gen 9 Champions] VGC 2026 Reg M-B (Bo3)
|rated|
|rule|Species Clause: Limit one of each Pokémon
|rule|Item Clause: Limit 1 of each item
|clearpoke
|poke|p1|Blaziken, L50, M|
|poke|p1|Whimsicott, L50, F|
|poke|p1|Maushold, L50|
|poke|p1|Gholdengo, L50|
|poke|p1|Tsareena, L50, F|
|poke|p1|Annihilape, L50, M|
|poke|p2|Farigiraf, L50, M|
|poke|p2|Staraptor, L50, M|
|poke|p2|Incineroar, L50, F|
|poke|p2|Whimsicott, L50, F|
|poke|p2|Garchomp, L50, F|
|poke|p2|Kingambit, L50, F|
|teampreview|4
|showteam|p1|Blaziken||Blazikenite|SpeedBoost|FlareBlitz,CloseCombat,RockSlide,Protect|Adamant||M|||50|]Whimsicott||FocusSash|Prankster|Moonblast,Tailwind,Charm,Protect|Timid||F|||50|]Maushold||WideLens|Technician|Protect,PopulationBomb,Feint,FollowMe|Adamant|||||50|]Gholdengo||LifeOrb|GoodasGold|MakeItRain,ShadowBall,NastyPlot,Protect|Modest|||||50|]Tsareena||LightClay|QueenlyMajesty|TropKick,LightScreen,Reflect,Taunt|Careful||F|||50|]Annihilape||SitrusBerry|Defiant|PhantomForce,CloseCombat,RockTomb,Protect|Adamant||M|||50|
|showteam|p2|Farigiraf||SitrusBerry|ArmorTail|DazzlingGleam,HelpingHand,LightScreen,TwinBeam|Calm||M|||50|]Staraptor||Staraptite|Intimidate|BraveBird,CloseCombat,DualWingbeat,Protect|Jolly||M|||50|]Incineroar||ChopleBerry|Intimidate|FakeOut,FlareBlitz,LashOut,PartingShot|Adamant||F|||50|]Whimsicott||FocusSash|Prankster|Tailwind,Moonblast,Charm,Taunt|Jolly||F|||50|]Garchomp||RoseliBerry|RoughSkin|Earthquake,Protect,DragonClaw,RockSlide|Adamant||F|||50|]Kingambit||BlackGlasses|Defiant|KowtowCleave,IronHead,SuckerPunch,Protect|Adamant||F|||50|
|
|t:|1784917745
|teamsize|p1|4
|teamsize|p2|4
|start
|switch|p1a: Whimsicott|Whimsicott, L50, F|100/100
|switch|p1b: Annihilape|Annihilape, L50, M|100/100
|switch|p2a: Farigiraf|Farigiraf, L50, M|100/100
|switch|p2b: Incineroar|Incineroar, L50, F|100/100
|-ability|p2b: Incineroar|Intimidate|boost
|-unboost|p1a: Whimsicott|atk|1
|-unboost|p1b: Annihilape|atk|1
|-ability|p1b: Annihilape|Defiant|boost
|-boost|p1b: Annihilape|atk|2
|turn|1
|j| Suzette312
|inactive|Battle timer is ON: inactive players will automatically lose when time's up. (requested by GalickGunAttack)
|
|t:|1784917776
|move|p2b: Incineroar|Fake Out|p1a: Whimsicott
|-damage|p1a: Whimsicott|80/100
|cant|p1a: Whimsicott|flinch
|move|p1b: Annihilape|Rock Tomb|p2b: Incineroar
|-supereffective|p2b: Incineroar|1
|-damage|p2b: Incineroar|39/100
|-unboost|p2b: Incineroar|spe|1
|move|p2a: Farigiraf|Twin Beam|p1b: Annihilape
|-supereffective|p1b: Annihilape|1
|-damage|p1b: Annihilape|72/100
|-supereffective|p1b: Annihilape|1
|-damage|p1b: Annihilape|46/100
|-enditem|p1b: Annihilape|Sitrus Berry|[eat]
|-heal|p1b: Annihilape|71/100|[from] item: Sitrus Berry
|-hitcount|p1b: Annihilape|2
|
|upkeep
|turn|2
|l| Suzette312
|inactive|fergalhopper has 30 seconds left.
|inactive|GalickGunAttack has 30 seconds left.
|inactive|GalickGunAttack has 20 seconds left.
|inactive|GalickGunAttack has 15 seconds left.
|inactive|GalickGunAttack has 10 seconds left.
|inactive|GalickGunAttack has 5 seconds left.
|
|t:|1784917831
|move|p1a: Whimsicott|Tailwind|p1a: Whimsicott
|-sidestart|p1: fergalhopper|move: Tailwind
|move|p1b: Annihilape|Rock Tomb|p2b: Incineroar
|-supereffective|p2b: Incineroar|1
|-damage|p2b: Incineroar|0 fnt
|faint|p2b: Incineroar
|move|p2a: Farigiraf|Dazzling Gleam|p1b: Annihilape|[spread] p1a,p1b
|-supereffective|p1b: Annihilape|1
|-damage|p1a: Whimsicott|59/100
|-damage|p1b: Annihilape|41/100
|
|upkeep
|
|t:|1784917844
|switch|p2b: Staraptor|Staraptor, L50, M|100/100
|-ability|p2b: Staraptor|Intimidate|boost
|-unboost|p1a: Whimsicott|atk|1
|-unboost|p1b: Annihilape|atk|1
|-ability|p1b: Annihilape|Defiant|boost
|-boost|p1b: Annihilape|atk|2
|turn|3
|inactive|fergalhopper has 30 seconds left.
|
|t:|1784917871
|detailschange|p2b: Staraptor|Staraptor-Mega, L50, M
|-mega|p2b: Staraptor|Staraptor|Staraptite
|move|p1a: Whimsicott|Moonblast|p2a: Farigiraf
|-damage|p2a: Farigiraf|74/100
|move|p1b: Annihilape|Phantom Force||[still]
|-prepare|p1b: Annihilape|Phantom Force
|move|p2b: Staraptor|Dual Wingbeat|p1a: Whimsicott
|-supereffective|p1a: Whimsicott|1
|-damage|p1a: Whimsicott|0 fnt
|faint|p1a: Whimsicott
|-hitcount|p1: Whimsicott|1
|move|p2a: Farigiraf|Twin Beam|p1b: Annihilape|[miss]
|-miss|p2a: Farigiraf|p1b: Annihilape
|
|upkeep
|
|t:|1784917885
|switch|p1a: Gholdengo|Gholdengo, L50|100/100
|turn|4
|
|t:|1784917909
|move|p1a: Gholdengo|Nasty Plot|p1a: Gholdengo
|-boost|p1a: Gholdengo|spa|2
|move|p1b: Annihilape|Phantom Force|p2b: Staraptor|[from] lockedmove
|-damage|p2b: Staraptor|0 fnt
|faint|p2b: Staraptor
|move|p2a: Farigiraf|Twin Beam|p1a: Gholdengo
|-resisted|p1a: Gholdengo|1
|-damage|p1a: Gholdengo|92/100
|-resisted|p1a: Gholdengo|1
|-damage|p1a: Gholdengo|85/100
|-hitcount|p1a: Gholdengo|2
|
|upkeep
|
|t:|1784917915
|switch|p2b: Kingambit|Kingambit, L50, F|100/100
|turn|5
|
|t:|1784917937
|move|p2b: Kingambit|Sucker Punch|p1a: Gholdengo
|-supereffective|p1a: Gholdengo|1
|-damage|p1a: Gholdengo|0 fnt
|faint|p1a: Gholdengo
|move|p1b: Annihilape|Close Combat|p2b: Kingambit
|-supereffective|p2b: Kingambit|2
|-damage|p2b: Kingambit|0 fnt
|-unboost|p1b: Annihilape|def|1
|-unboost|p1b: Annihilape|spd|1
|faint|p2b: Kingambit
|move|p2a: Farigiraf|Dazzling Gleam|p1b: Annihilape
|-supereffective|p1b: Annihilape|1
|-damage|p1b: Annihilape|0 fnt
|faint|p1b: Annihilape
|
|-sideend|p1: fergalhopper|move: Tailwind
|upkeep
|
|t:|1784917951
|switch|p1b: Blaziken|Blaziken, L50, M|100/100
|turn|6
|inactive|GalickGunAttack has 30 seconds left.
|inactive|GalickGunAttack has 20 seconds left.
|inactive|GalickGunAttack has 15 seconds left.
|inactive|GalickGunAttack has 10 seconds left.
|inactive|GalickGunAttack has 5 seconds left.
|
|t:|1784918006
|detailschange|p1b: Blaziken|Blaziken-Mega, L50, M
|-mega|p1b: Blaziken|Blaziken|Blazikenite
|move|p1b: Blaziken|Close Combat|p2a: Farigiraf
|-damage|p2a: Farigiraf|0 fnt
|-unboost|p1b: Blaziken|def|1
|-unboost|p1b: Blaziken|spd|1
|faint|p2a: Farigiraf
|
|win|fergalhopper
||GalickGunAttack is ready for game 2.
