|j|☆Staryu360
|j|☆hpeezy
|html|Staryu360hpeezy    
|uhtml|bestof|Game 1 of a best-of-3
|t:|1783631131
|gametype|doubles
|player|p1|Staryu360|170|1094
|player|p2|hpeezy|169|1017
|gen|9
|tier|[Gen 9 Champions] VGC 2026 Reg M-B (Bo3)
|rated|
|rule|Species Clause: Limit one of each Pokémon
|rule|Item Clause: Limit 1 of each item
|clearpoke
|poke|p1|Incineroar, L50, M|
|poke|p1|Aerodactyl, L50, M|
|poke|p1|Floette-Eternal, L50, F|
|poke|p1|Sinistcha, L50|
|poke|p1|Toxicroak, L50, M|
|poke|p1|Swampert, L50, F|
|poke|p2|Sableye, L50, M|
|poke|p2|Raichu, L50, F|
|poke|p2|Ninetales-Alola, L50, M|
|poke|p2|Sneasler, L50, F|
|poke|p2|Starmie, L50|
|poke|p2|Tinkaton, L50, F|
|teampreview|4
|showteam|p1|Incineroar||SitrusBerry|Intimidate|FakeOut,FlareBlitz,ThroatChop,PartingShot|Careful||M|||50|]Aerodactyl||Aerodactylite|Unnerve|DualWingbeat,Tailwind,Protect,RockSlide|Jolly||M|||50|]Floette-Eternal||Floettite|FlowerVeil|Moonblast,DazzlingGleam,CalmMind,Protect|Modest||F|||50|]Sinistcha||ColburBerry|Hospitality|RagePowder,Protect,MatchaGotcha,TrickRoom|Calm|||||50|]Toxicroak||FocusSash|DrySkin|FakeOut,CloseCombat,PoisonJab,SuckerPunch|Adamant||M|||50|]Swampert||LifeOrb|Torrent|Protect,Surf,EarthPower,IceBeam|Modest||F|||50|
|showteam|p2|Sableye||RoseliBerry|Prankster|Quash,FakeOut,Encore,RainDance|Impish||M|||50|]Raichu||RaichuniteY|LightningRod|ZapCannon,FocusBlast,GrassKnot,Protect|Hasty||F|||50|]Ninetales-Alola||LightClay|SnowWarning|Blizzard,AuroraVeil,Protect,DarkPulse|Timid||M|||50|]Sneasler||ExpertBelt|PoisonTouch|DireClaw,CloseCombat,Protect,FakeOut|Jolly||F|||50|]Starmie||Starminite|Analytic|HydroPump,IceBeam,FlashCannon,Protect|Timid|||||50|]Tinkaton||Leftovers|MoldBreaker|FakeOut,SkillSwap,GigatonHammer,WoodHammer|Jolly||F|||50|
|inactive|Battle timer is ON: inactive players will automatically lose when time's up. (requested by hpeezy)
|inactive|Staryu360 has 60 seconds left.
|inactive|hpeezy has 60 seconds left.
|inactive|Staryu360 has 30 seconds left.
|inactive|Staryu360 has 20 seconds left.
|inactive|Staryu360 has 15 seconds left.
|inactive|Staryu360 has 10 seconds left.
|inactive|Staryu360 has 5 seconds left.
|
|t:|1783631220
|teamsize|p1|4
|teamsize|p2|4
|start
|switch|p1a: Incineroar|Incineroar, L50, M|100/100
|switch|p1b: Sinistcha|Sinistcha, L50|100/100
|switch|p2a: Sableye|Sableye, L50, M|100/100
|switch|p2b: Raichu|Raichu, L50, F|100/100
|-ability|p1a: Incineroar|Intimidate|boost
|-unboost|p2a: Sableye|atk|1
|-unboost|p2b: Raichu|atk|1
|turn|1
|
|t:|1783631243
|switch|p2b: Sneasler|Sneasler, L50, F|100/100
|switch|p1a: Swampert|Swampert, L50, F|100/100
|move|p2a: Sableye|Quash|p1b: Sinistcha
|-activate|p1b: Sinistcha|move: Quash
|move|p1b: Sinistcha|Trick Room|p1b: Sinistcha
|-fieldstart|move: Trick Room|[of] p1b: Sinistcha
|
|upkeep
|turn|2
|inactive|Staryu360 has 30 seconds left.
|
|t:|1783631269
|switch|p1b: Incineroar|Incineroar, L50, M|100/100
|-ability|p1b: Incineroar|Intimidate|boost
|-unboost|p2a: Sableye|atk|1
|-unboost|p2b: Sneasler|atk|1
|move|p2b: Sneasler|Fake Out|p1a: Swampert
|-damage|p1a: Swampert|90/100
|move|p2a: Sableye|Encore|p1b: Incineroar
|-hint|Since gen 7, Dark is immune to Prankster moves.
|-immune|p1b: Incineroar
|cant|p1a: Swampert|flinch
|
|upkeep
|turn|3
|
|t:|1783631285
|switch|p2a: Raichu|Raichu, L50, F|100/100
|move|p2b: Sneasler|Protect|p2b: Sneasler
|-singleturn|p2b: Sneasler|Protect
|move|p1a: Swampert|Earth Power|p2b: Sneasler
|-activate|p2b: Sneasler|move: Protect
|move|p1b: Incineroar|Parting Shot|p2b: Sneasler
|-activate|p2b: Sneasler|move: Protect
|
|upkeep
|turn|4
|inactive|Staryu360 has 30 seconds left.
|inactive|hpeezy has 30 seconds left.
|inactive|hpeezy has 20 seconds left.
|
|t:|1783631323
|switch|p2b: Sableye|Sableye, L50, M|100/100
|move|p2a: Raichu|Protect|p2a: Raichu
|-singleturn|p2a: Raichu|Protect
|move|p1a: Swampert|Earth Power|p2a: Raichu
|-activate|p2a: Raichu|move: Protect
|move|p1b: Incineroar|Parting Shot|p2b: Sableye
|-unboost|p2b: Sableye|atk|1
|-unboost|p2b: Sableye|spa|1
|
|t:|1783631335
|switch|p1b: Floette|Floette-Eternal, L50, F|100/100|[from] Parting Shot
|
|upkeep
|turn|5
|inactive|hpeezy has 30 seconds left.
|inactive|hpeezy has 20 seconds left.
|inactive|hpeezy has 15 seconds left.
|
|t:|1783631377
|detailschange|p1b: Floette|Floette-Mega, L50, F
|-mega|p1b: Floette|Floette|Floettite
|-ability|p1b: Floette|Fairy Aura
|detailschange|p2a: Raichu|Raichu-Mega-Y, L50, F
|-mega|p2a: Raichu|Raichu|Raichunite Y
|move|p2b: Sableye|Fake Out|p1a: Swampert
|-damage|p1a: Swampert|86/100
|cant|p1a: Swampert|flinch
|move|p1b: Floette|Dazzling Gleam|p2b: Sableye|[spread] p2a,p2b
|-supereffective|p2b: Sableye|1
|-enditem|p2b: Sableye|Roseli Berry|[eat]
|-enditem|p2b: Sableye|Roseli Berry|[weaken]
|-damage|p2a: Raichu|33/100
|-damage|p2b: Sableye|34/100
|move|p2a: Raichu|Grass Knot|p1a: Swampert
|-supereffective|p1a: Swampert|2
|-crit|p1a: Swampert
|-damage|p1a: Swampert|0 fnt
|faint|p1a: Swampert
|
|-fieldend|move: Trick Room
|upkeep
|
|t:|1783631386
|switch|p1a: Sinistcha|Sinistcha, L50|100/100
|turn|6
|inactive|hpeezy has 30 seconds left.
|
|t:|1783631413
|switch|p2a: Tinkaton|Tinkaton, L50, F|100/100
|-ability|p2a: Tinkaton|Mold Breaker
|move|p1a: Sinistcha|Rage Powder|p1a: Sinistcha
|-singleturn|p1a: Sinistcha|move: Rage Powder
|move|p2b: Sableye|Encore|p1a: Sinistcha
|-start|p1a: Sinistcha|Encore
|move|p1b: Floette|Dazzling Gleam|p2b: Sableye|[spread] p2a,p2b
|-resisted|p2a: Tinkaton|1
|-crit|p2a: Tinkaton
|-supereffective|p2b: Sableye|1
|-damage|p2a: Tinkaton|64/100
|-damage|p2b: Sableye|0 fnt
|faint|p2b: Sableye
|
|-heal|p2a: Tinkaton|70/100|[from] item: Leftovers
|upkeep
|
|t:|1783631424
|switch|p2b: Sneasler|Sneasler, L50, F|100/100
|turn|7
|
|t:|1783631448
|switch|p1a: Incineroar|Incineroar, L50, M|100/100
|-ability|p1a: Incineroar|Intimidate|boost
|-unboost|p2a: Tinkaton|atk|1
|-unboost|p2b: Sneasler|atk|1
|move|p1b: Floette|Protect|p1b: Floette
|-singleturn|p1b: Floette|Protect
|move|p2b: Sneasler|Fake Out|p1b: Floette
|-activate|p1b: Floette|move: Protect
|move|p2a: Tinkaton|Skill Swap|p1a: Incineroar
|-activate|p2a: Tinkaton|Skill Swap|Intimidate|Mold Breaker|[of] p1a: Incineroar
|-ability|p1a: Incineroar|Mold Breaker
|-ability|p2a: Tinkaton|Intimidate|boost
|-unboost|p1a: Incineroar|atk|1
|-unboost|p1b: Floette|atk|1
|
|-heal|p2a: Tinkaton|77/100|[from] item: Leftovers
|upkeep
|turn|8
|
|t:|1783631476
|switch|p1b: Sinistcha|Sinistcha, L50|100/100
|move|p1a: Incineroar|Fake Out|p2b: Sneasler
|-damage|p2b: Sneasler|87/100
|cant|p2b: Sneasler|flinch
|move|p2a: Tinkaton|Gigaton Hammer|p1b: Sinistcha
|-damage|p1b: Sinistcha|67/100
|
|-heal|p2a: Tinkaton|83/100|[from] item: Leftovers
|upkeep
|turn|9
|
|t:|1783631493
|move|p2b: Sneasler|Dire Claw|p1b: Sinistcha
|-damage|p1b: Sinistcha|42/100
|move|p2a: Tinkaton|Skill Swap|p1b: Sinistcha
|-activate|p2a: Tinkaton|Skill Swap|Hospitality|Intimidate|[of] p1b: Sinistcha
|-ability|p1b: Sinistcha|Intimidate|boost
|-unboost|p2a: Tinkaton|atk|1
|-unboost|p2b: Sneasler|atk|1
|-heal|p2b: Sneasler|100/100|[from] ability: Hospitality|[of] p2a: Tinkaton
|move|p1b: Sinistcha|Matcha Gotcha|p2a: Tinkaton|[spread] p2a,p2b
|-resisted|p2a: Tinkaton|1
|-resisted|p2b: Sneasler|1
|-damage|p2a: Tinkaton|70/100
|-heal|p1b: Sinistcha|48/100|[from] drain|[of] p2a: Tinkaton
|-damage|p2b: Sneasler|84/100
|-heal|p1b: Sinistcha|55/100|[from] drain|[of] p2b: Sneasler
|-status|p2b: Sneasler|brn
|move|p1a: Incineroar|Flare Blitz|p2b: Sneasler
|-damage|p2b: Sneasler|28/100 brn
|-damage|p1a: Incineroar|85/100|[from] Recoil
|
|-heal|p2a: Tinkaton|76/100|[from] item: Leftovers
|-damage|p2b: Sneasler|22/100 brn|[from] brn
|upkeep
|turn|10
|inactive|hpeezy has 30 seconds left.
|
|t:|1783631521
|switch|p2a: Raichu|Raichu-Mega-Y, L50, F|33/100
|move|p2b: Sneasler|Dire Claw|p1b: Sinistcha
|-damage|p1b: Sinistcha|47/100
|move|p1b: Sinistcha|Matcha Gotcha|p2b: Sneasler|[spread] p2a,p2b
|-resisted|p2b: Sneasler|1
|-damage|p2a: Raichu|0 fnt
|-heal|p1b: Sinistcha|60/100|[from] drain|[of] p2a: Raichu
|-damage|p2b: Sneasler|5/100 brn
|-heal|p1b: Sinistcha|67/100|[from] drain|[of] p2b: Sneasler
|faint|p2a: Raichu
|move|p1a: Incineroar|Flare Blitz|p2b: Sneasler
|-damage|p2b: Sneasler|0 fnt
|faint|p2b: Sneasler
|-damage|p1a: Incineroar|84/100|[from] Recoil
|
|upkeep
|-message|hpeezy forfeited.
|
|win|Staryu360
|l|☆hpeezy
|player|p2|
||Staryu360 is ready for game 2.
||hpeezy is ready for game 2.
|uhtml|next|Next: Game 2 of 3
