|j|â˜†edhen
|j|â˜†pressinblades
|html|edhenpressinblades    
|uhtml|bestof|Game 2 of a best-of-3
|t:|1782332508
|gametype|doubles
|player|p1|edhen|clair|1149
|player|p2|pressinblades|steven|1132
|gen|9
|tier|[Gen 9 Champions] VGC 2026 Reg M-B (Bo3)
|rated|
|rule|Species Clause: Limit one of each PokÃ©mon
|rule|Item Clause: Limit 1 of each item
|clearpoke
|poke|p1|Raichu, L50, F|
|poke|p1|Venusaur, L50, M|
|poke|p1|Pelipper, L50, F|
|poke|p1|Archaludon, L50, M|
|poke|p1|Grimmsnarl, L50, M|
|poke|p1|Basculegion, L50, M|
|poke|p2|Talonflame, L50, F, shiny|
|poke|p2|Garchomp, L50, F, shiny|
|poke|p2|Maushold, L50|
|poke|p2|Gardevoir, L50, M, shiny|
|poke|p2|Pyroar, L50, F|
|poke|p2|Torkoal, L50, M|
|teampreview|4
|showteam|p1|Raichu||RaichuniteX|LightningRod|FakeOut,VoltTackle,VoltSwitch,Encore|Jolly||F|||50|]Venusaur||Venusaurite|Chlorophyll|Protect,SludgeBomb,EarthPower,GigaDrain|Modest||M|||50|]Pelipper||SitrusBerry|Drizzle|WeatherBall,Tailwind,Hurricane,WideGuard|Bold||F|||50|]Archaludon||Leftovers|Stamina|Protect,DragonPulse,FlashCannon,ElectroShot|Bold||M|||50|]Grimmsnarl||LightClay|Prankster|LightScreen,SpiritBreak,Reflect,PartingShot|Careful||M|||50|]Basculegion||ChoiceScarf|Adaptability|FlipTurn,WaveCrash,LastRespects,AquaJet|Jolly||M|||50|
|showteam|p2|Talonflame||FocusSash|GaleWings|Protect,DualWingbeat,Tailwind,Overheat|Naive||F|||50|]Garchomp||LifeOrb|RoughSkin|Protect,RockSlide,StompingTantrum,DragonClaw|Adamant||F|||50|]Maushold||WideLens|FriendGuard|Protect,SuperFang,PopulationBomb,FollowMe|Adamant|||||50|]Gardevoir||Gardevoirite|Telepathy|Protect,TrickRoom,HyperVoice,Psychic|Modest||M|||50|]Pyroar||Pyroarite|Unnerve|Protect,HeatWave,Overheat,WildCharge|Naive||F|||50|]Torkoal||Charcoal|Drought|Protect,Overheat,HeatWave,EarthPower|Quiet||M|||50|
|
|t:|1782332594
|teamsize|p1|4
|teamsize|p2|4
|start
|switch|p1a: Raichu|Raichu, L50, F|100/100
|switch|p1b: Basculegion|Basculegion, L50, M|100/100
|switch|p2a: Maushold|Maushold, L50|100/100
|switch|p2b: Gardevoir|Gardevoir, L50, M, shiny|100/100
|turn|1
|inactive|Battle timer is ON: inactive players will automatically lose when time's up. (requested by edhen)
|
|t:|1782332686
|detailschange|p1a: Raichu|Raichu-Mega-X, L50, F
|-mega|p1a: Raichu|Raichu|Raichunite X
|-fieldstart|move: Electric Terrain|[from] ability: Electric Surge|[of] p1a: Raichu
|move|p2a: Maushold|Protect|p2a: Maushold
|-singleturn|p2a: Maushold|Protect
|move|p2b: Gardevoir|Protect|p2b: Gardevoir
|-singleturn|p2b: Gardevoir|Protect
|move|p1b: Basculegion|Wave Crash|p2a: Maushold
|-activate|p2a: Maushold|move: Protect
|move|p1a: Raichu|Volt Tackle|p2b: Gardevoir
|-activate|p2b: Gardevoir|move: Protect
|
|upkeep
|turn|2
|
|t:|1782332701
|switch|p2b: Torkoal|Torkoal, L50, M|100/100
|-weather|SunnyDay|[from] ability: Drought|[of] p2b: Torkoal
|move|p1b: Basculegion|Wave Crash|p2a: Maushold
|-damage|p2a: Maushold|49/100
|-damage|p1b: Basculegion|87/100|[from] Recoil
|move|p1a: Raichu|Volt Tackle|p2b: Torkoal
|-damage|p2b: Torkoal|55/100
|-damage|p1a: Raichu|81/100|[from] Recoil
|move|p2a: Maushold|Population Bomb|p1a: Raichu
|-damage|p1a: Raichu|70/100
|-damage|p1a: Raichu|59/100
|-damage|p1a: Raichu|48/100
|-crit|p1a: Raichu
|-damage|p1a: Raichu|30/100
|-damage|p1a: Raichu|18/100
|-damage|p1a: Raichu|8/100
|-damage|p1a: Raichu|0 fnt
|faint|p1a: Raichu
|-hitcount|p1: Raichu|7
|
|-weather|SunnyDay|[upkeep]
|upkeep
|
|t:|1782332717
|switch|p1a: Venusaur|Venusaur, L50, M|100/100
|turn|3
|c|â˜†pressinblades|use Mega raichu Y
|c|â˜†pressinblades|trust
|inactive|edhen has 30 seconds left.
|inactive|pressinblades has 30 seconds left.
|c|â˜†edhen|im just messing with diff teams I've found
|inactive|edhen has 20 seconds left.
|
|t:|1782332756
|move|p2a: Maushold|Follow Me|p2a: Maushold
|-singleturn|p2a: Maushold|move: Follow Me
|move|p1a: Venusaur|Sludge Bomb|p2a: Maushold
|-damage|p2a: Maushold|0 fnt
|faint|p2a: Maushold
|move|p1b: Basculegion|Wave Crash|p2b: Torkoal
|-supereffective|p2b: Torkoal|1
|-damage|p2b: Torkoal|5/100
|-damage|p1b: Basculegion|72/100|[from] Recoil
|move|p2b: Torkoal|Heat Wave|p1a: Venusaur|[spread] p1b
|-miss|p2b: Torkoal|p1a: Venusaur
|-resisted|p1b: Basculegion|1
|-damage|p1b: Basculegion|45/100
|
|-weather|SunnyDay|[upkeep]
|upkeep
|
|t:|1782332775
|switch|p2a: Talonflame|Talonflame, L50, F, shiny|100/100
|turn|4
|
|t:|1782332795
|move|p1a: Venusaur|Protect|p1a: Venusaur
|-singleturn|p1a: Venusaur|Protect
|move|p2b: Torkoal|Protect|p2b: Torkoal
|-singleturn|p2b: Torkoal|Protect
|move|p2a: Talonflame|Dual Wingbeat|p1b: Basculegion
|-damage|p1b: Basculegion|27/100
|-damage|p1b: Basculegion|9/100
|-hitcount|p1b: Basculegion|2
|move|p1b: Basculegion|Wave Crash|p2a: Talonflame
|-supereffective|p2a: Talonflame|1
|-enditem|p2a: Talonflame|Focus Sash
|-damage|p2a: Talonflame|1/100
|-damage|p1b: Basculegion|0 fnt|[from] Recoil
|faint|p1b: Basculegion
|
|-weather|SunnyDay|[upkeep]
|upkeep
|
|t:|1782332802
|switch|p1b: Grimmsnarl|Grimmsnarl, L50, M|100/100
|turn|5
|
|t:|1782332823
|move|p1b: Grimmsnarl|Reflect|p1b: Grimmsnarl
|-sidestart|p1: edhen|Reflect
|move|p1a: Venusaur|Sludge Bomb|p2b: Torkoal
|-damage|p2b: Torkoal|0 fnt
|faint|p2b: Torkoal
|move|p2a: Talonflame|Overheat|p1a: Venusaur
|-supereffective|p1a: Venusaur|1
|-damage|p1a: Venusaur|0 fnt
|-unboost|p2a: Talonflame|spa|2
|faint|p1a: Venusaur
|
|-weather|SunnyDay|[upkeep]
|-fieldend|move: Electric Terrain
|upkeep
|
|t:|1782332833
|switch|p2b: Gardevoir|Gardevoir, L50, M, shiny|100/100
|turn|6
|
|t:|1782332840
|detailschange|p2b: Gardevoir|Gardevoir-Mega, L50, M, shiny
|-mega|p2b: Gardevoir|Gardevoir|Gardevoirite
|move|p2a: Talonflame|Tailwind|p2a: Talonflame
|-sidestart|p2: pressinblades|move: Tailwind
|move|p2b: Gardevoir|Hyper Voice|p1b: Grimmsnarl
|-supereffective|p1b: Grimmsnarl|1
|-damage|p1b: Grimmsnarl|0 fnt
|faint|p1b: Grimmsnarl
|
|win|pressinblades
|raw|edhen's rating: 1149 → 1123(-26 for losing)
|raw|pressinblades's rating: 1132 → 1158(+26 for winning)
