|j|☆testdigi
|j|☆Chavo666
|html|testdigiChavo666    
|uhtml|bestof|Game 2 of a best-of-3
|t:|1785418114
|gametype|doubles
|player|p1|testdigi|169|1085
|player|p2|Chavo666|steven|1174
|gen|9
|tier|[Gen 9 Champions] VGC 2026 Reg M-B (Bo3)
|rated|
|rule|Species Clause: Limit one of each Pokémon
|rule|Item Clause: Limit 1 of each item
|clearpoke
|poke|p1|Tyranitar, L50, F|
|poke|p1|Excadrill, L50, F|
|poke|p1|Gholdengo, L50, shiny|
|poke|p1|Milotic, L50, F, shiny|
|poke|p1|Sinistcha, L50|
|poke|p1|Staraptor, L50, F|
|poke|p2|Dragonite, L50, F|
|poke|p2|Glimmora, L50, M|
|poke|p2|Kingambit, L50, F|
|poke|p2|Milotic, L50, M|
|poke|p2|Garchomp, L50, F|
|poke|p2|Whimsicott, L50, M|
|teampreview|4
|showteam|p1|Tyranitar||Tyranitarite|SandStream|RockSlide,KnockOff,LowKick,Protect|Adamant||F|||50|]Excadrill||FocusSash|SandRush|HighHorsepower,IronHead,RockTomb,Protect|Adamant||F|||50|]Gholdengo||LifeOrb|GoodasGold|ShadowBall,MakeItRain,NastyPlot,Protect|Modest|||||50|]Milotic||Leftovers|Competitive|Scald,Recover,IcyWind,Protect|Calm||F|||50|]Sinistcha||ColburBerry|Hospitality|MatchaGotcha,ShadowBall,RagePowder,Protect|Relaxed|||||50|]Staraptor||Staraptite|Intimidate|CloseCombat,BraveBird,Tailwind,Protect|Jolly||F|||50|
|showteam|p2|Dragonite||Dragoninite|Multiscale|Flamethrower,AirSlash,Protect,DragonPulse|Modest||F|||50|]Glimmora||Glimmoranite|ToxicDebris|EarthPower,PowerGem,SludgeBomb,Protect|Timid||M|||50|]Kingambit||BlackGlasses|Defiant|KowtowCleave,LowKick,SuckerPunch,IronHead|Adamant||F|||50|]Milotic||Leftovers|Competitive|IcyWind,DragonCheer,Scald,Recover|Bold||M|||50|]Garchomp||LifeOrb|RoughSkin|Earthquake,DragonClaw,RockSlide,Protect|Jolly||F|||50|]Whimsicott||FocusSash|Prankster|Encore,Tailwind,Protect,Moonblast|Timid||M|||50|
|
|t:|1785418141
|teamsize|p1|4
|teamsize|p2|4
|start
|switch|p1a: Sinistcha|Sinistcha, L50|100/100
|switch|p1b: Staraptor|Staraptor, L50, F|100/100
|switch|p2a: Dragonite|Dragonite, L50, F|100/100
|switch|p2b: Milotic|Milotic, L50, M|100/100
|-ability|p1b: Staraptor|Intimidate|boost
|-unboost|p2a: Dragonite|atk|1
|-unboost|p2b: Milotic|atk|1
|-ability|p2b: Milotic|Competitive|boost
|-boost|p2b: Milotic|spa|2
|turn|1
|
|t:|1785418156
|detailschange|p1b: Staraptor|Staraptor-Mega, L50, F
|-mega|p1b: Staraptor|Staraptor|Staraptite
|detailschange|p2a: Dragonite|Dragonite-Mega, L50, F
|-mega|p2a: Dragonite|Dragonite|Dragoninite
|move|p1a: Sinistcha|Rage Powder|p1a: Sinistcha
|-singleturn|p1a: Sinistcha|move: Rage Powder
|move|p1b: Staraptor|Close Combat|p2a: Dragonite
|-resisted|p2a: Dragonite|1
|-damage|p2a: Dragonite|86/100
|-boost|p1b: Staraptor|def|1
|-boost|p1b: Staraptor|spd|1
|move|p2a: Dragonite|Air Slash|p1a: Sinistcha
|-supereffective|p1a: Sinistcha|1
|-damage|p1a: Sinistcha|2/100
|move|p2b: Milotic|Scald|p1a: Sinistcha
|-resisted|p1a: Sinistcha|1
|-damage|p1a: Sinistcha|0 fnt
|faint|p1a: Sinistcha
|
|upkeep
|
|t:|1785418170
|switch|p1a: Tyranitar|Tyranitar, L50, F|100/100
|-weather|Sandstorm|[from] ability: Sand Stream|[of] p1a: Tyranitar
|turn|2
|
|t:|1785418186
|move|p2a: Dragonite|Protect|p2a: Dragonite
|-singleturn|p2a: Dragonite|Protect
|move|p1b: Staraptor|Close Combat|p2b: Milotic
|-crit|p2b: Milotic
|-damage|p2b: Milotic|35/100
|-boost|p1b: Staraptor|def|1
|-boost|p1b: Staraptor|spd|1
|move|p1a: Tyranitar|Rock Slide|p2a: Dragonite|[spread] p2b
|-activate|p2a: Dragonite|move: Protect
|-damage|p2b: Milotic|8/100
|cant|p2b: Milotic|flinch
|
|-weather|Sandstorm|[upkeep]
|-damage|p1b: Staraptor|94/100|[from] Sandstorm
|-damage|p2a: Dragonite|80/100|[from] Sandstorm
|-damage|p2b: Milotic|2/100|[from] Sandstorm
|-heal|p2b: Milotic|8/100|[from] item: Leftovers
|upkeep
|turn|3
|
|t:|1785418216
|move|p1b: Staraptor|Close Combat|p2a: Dragonite
|-resisted|p2a: Dragonite|1
|-damage|p2a: Dragonite|54/100
|-boost|p1b: Staraptor|def|1
|-boost|p1b: Staraptor|spd|1
|move|p2a: Dragonite|Air Slash|p1b: Staraptor
|-supereffective|p1b: Staraptor|1
|-damage|p1b: Staraptor|54/100
|move|p1a: Tyranitar|Rock Slide|p2a: Dragonite|[spread] p2a,p2b
|-supereffective|p2a: Dragonite|1
|-damage|p2a: Dragonite|0 fnt
|-damage|p2b: Milotic|0 fnt
|faint|p2a: Dragonite
|faint|p2b: Milotic
|
|-weather|Sandstorm|[upkeep]
|-damage|p1b: Staraptor|48/100|[from] Sandstorm
|upkeep
|
|t:|1785418227
|switch|p2a: Garchomp|Garchomp, L50, F|100/100
|switch|p2b: Kingambit|Kingambit, L50, F|100/100
|turn|4
|
|t:|1785418243
|move|p1a: Tyranitar|Protect|p1a: Tyranitar
|-singleturn|p1a: Tyranitar|Protect
|move|p2b: Kingambit|Sucker Punch||[still]
|-fail|p2b: Kingambit
|move|p1b: Staraptor|Tailwind|p1b: Staraptor
|-sidestart|p1: testdigi|move: Tailwind
|move|p2a: Garchomp|Rock Slide|p1b: Staraptor|[spread] p1b
|-activate|p1a: Tyranitar|move: Protect
|-damage|p1b: Staraptor|39/100
|-damage|p2a: Garchomp|90/100|[from] item: Life Orb
|
|-weather|Sandstorm|[upkeep]
|-damage|p1b: Staraptor|33/100|[from] Sandstorm
|upkeep
|turn|5
|
|t:|1785418271
|move|p2b: Kingambit|Sucker Punch|p1b: Staraptor
|-resisted|p1b: Staraptor|1
|-damage|p1b: Staraptor|23/100
|move|p1b: Staraptor|Close Combat|p2b: Kingambit
|-supereffective|p2b: Kingambit|2
|-damage|p2b: Kingambit|0 fnt
|-boost|p1b: Staraptor|def|1
|-boost|p1b: Staraptor|spd|1
|faint|p2b: Kingambit
|move|p1a: Tyranitar|Knock Off|p2a: Garchomp
|-damage|p2a: Garchomp|39/100
|-damage|p1a: Tyranitar|87/100|[from] ability: Rough Skin|[of] p2a: Garchomp
|-enditem|p2a: Garchomp|Life Orb|[from] move: Knock Off|[of] p1a: Tyranitar
|move|p2a: Garchomp|Rock Slide|p1a: Tyranitar|[spread] p1a,p1b
|-damage|p1a: Tyranitar|71/100
|-damage|p1b: Staraptor|17/100
|
|-weather|Sandstorm|[upkeep]
|-damage|p1b: Staraptor|11/100|[from] Sandstorm
|upkeep
|turn|6
|
|t:|1785418286
|move|p1b: Staraptor|Close Combat|p2a: Garchomp
|-damage|p2a: Garchomp|0 fnt
|-boost|p1b: Staraptor|def|1
|-boost|p1b: Staraptor|spd|1
|-damage|p1b: Staraptor|0 fnt|[from] ability: Rough Skin|[of] p2a: Garchomp
|faint|p2a: Garchomp
|faint|p1b: Staraptor
|
|win|testdigi
||testdigi is ready for game 3.
|inactive|Chavo666 has 30 seconds to confirm battle start!
|inactive|Chavo666 has 20 seconds to confirm battle start!
|inactive|Chavo666 has 10 seconds to confirm battle start!
|uhtml|next|Next: Game 3 of 3
