|j|☆MrPhoenixGC
|j|☆laufey#1fan
|html|MrPhoenixGClaufey#1fan    
|uhtml|bestof|Game 2 of a best-of-3
|t:|1757134702
|gametype|doubles
|player|p1|MrPhoenixGC|1|1166
|player|p2|laufey#1fan|lady|1319
|gen|9
|tier|[Gen 9] VGC 2025 Reg H (Bo3)
|rated|
|rule|Species Clause: Limit one of each Pokémon
|rule|Item Clause: Limit 1 of each item
|clearpoke
|poke|p1|Gholdengo, L50|
|poke|p1|Pelipper, L50, M|
|poke|p1|Archaludon, L50, F|
|poke|p1|Ursaluna, L50, F|
|poke|p1|Dragonite, L50, F|
|poke|p1|Sinistcha, L50|
|poke|p2|Kingambit, L50, M|
|poke|p2|Ursaluna-Bloodmoon, L50, M|
|poke|p2|Sinistcha, L50|
|poke|p2|Ninetales-Alola, L50, F|
|poke|p2|Sneasler, L50, M|
|poke|p2|Dragonite, L50, M|
|teampreview|4
|showteam|p1|Gholdengo||ChoiceScarf|GoodasGold|MakeItRain,ShadowBall,Trick,Protect||||||50|,,,,,Water]Pelipper||FocusSash|Drizzle|Protect,MuddyWater,Hurricane,WideGuard|||M|||50|,,,,,Ghost]Archaludon||AssaultVest|Stamina|BodyPress,Snarl,ElectroShot,FlashCannon|||F|||50|,,,,,Bug]Ursaluna||FlameOrb|Guts|Protect,Facade,Earthquake,HeadlongRush|||F|||50|,,,,,Ghost]Dragonite||LoadedDice|Multiscale|ScaleShot,Haze,Tailwind,Protect|||F|||50|,,,,,Fairy]Sinistcha||SitrusBerry|Hospitality|TrickRoom,MatchaGotcha,LifeDew,RagePowder||||||50|,,,,,Dark
|showteam|p2|Kingambit||BlackGlasses|Defiant|KowtowCleave,SwordsDance,SuckerPunch,Protect|||M|||50|,,,,,Fire]Ursaluna-Bloodmoon||AssaultVest|MindsEye|BloodMoon,EarthPower,HyperVoice,VacuumWave|||M|||50|,,,,,Water]Sinistcha||SitrusBerry|Hospitality|Protect,MatchaGotcha,TrickRoom,RagePowder||||||50|,,,,,Water]Ninetales-Alola||ChoiceSpecs|SnowWarning|Blizzard,Moonblast,FreezeDry,DazzlingGleam|||F|||50|,,,,,Ghost]Sneasler||FocusSash|Unburden|CloseCombat,DireClaw,Coaching,FakeOut|||M|||50|,,,,,Ghost]Dragonite||LoadedDice|Multiscale|Protect,ScaleShot,StompingTantrum,Haze|||M|||50|,,,,,Steel
|
|t:|1757134747
|teamsize|p1|4
|teamsize|p2|4
|start
|switch|p1a: Ursaluna|Ursaluna, L50, F|100/100
|switch|p1b: Dragonite|Dragonite, L50, F|100/100
|switch|p2a: JOYBOY|Dragonite, L50, M|100/100
|switch|p2b: Sabotage|Sneasler, L50, M|100/100
|turn|1
|inactive|Battle timer is ON: inactive players will automatically lose when time's up. (requested by laufey#1fan)
|
|t:|1757134770
|move|p1b: Dragonite|Protect|p1b: Dragonite
|-singleturn|p1b: Dragonite|Protect
|move|p1a: Ursaluna|Protect|p1a: Ursaluna
|-singleturn|p1a: Ursaluna|Protect
|move|p2b: Sabotage|Fake Out|p1b: Dragonite
|-activate|p1b: Dragonite|move: Protect
|move|p2a: JOYBOY|Scale Shot|p1a: Ursaluna
|-activate|p1a: Ursaluna|move: Protect
|
|-status|p1a: Ursaluna|brn|[from] item: Flame Orb
|upkeep
|turn|2
|inactive|MrPhoenixGC has 30 seconds left.
|inactive|MrPhoenixGC has 20 seconds left.
|
|t:|1757134808
|move|p2a: JOYBOY|Protect|p2a: JOYBOY
|-singleturn|p2a: JOYBOY|Protect
|move|p2b: Sabotage|Coaching|p2a: JOYBOY
|-boost|p2a: JOYBOY|atk|1
|-boost|p2a: JOYBOY|def|1
|move|p1b: Dragonite|Scale Shot|p2b: Sabotage
|-damage|p2b: Sabotage|75/100
|-damage|p2b: Sabotage|51/100
|-damage|p2b: Sabotage|26/100
|-crit|p2b: Sabotage
|-damage|p2b: Sabotage|0 fnt
|faint|p2b: Sabotage
|-hitcount|p2: Sabotage|4
|-unboost|p1b: Dragonite|def|1
|-boost|p1b: Dragonite|spe|1
|move|p1a: Ursaluna|Facade|p2a: JOYBOY
|-activate|p2a: JOYBOY|move: Protect
|
|-damage|p1a: Ursaluna|94/100 brn|[from] brn
|upkeep
|
|t:|1757134816
|switch|p2b: Mr.Eclectic|Sinistcha, L50, shiny|100/100
|turn|3
|inactive|MrPhoenixGC has 30 seconds left.
|inactive|MrPhoenixGC has 20 seconds left.
|inactive|laufey#1fan has 30 seconds left.
|inactive|MrPhoenixGC has 15 seconds left.
|inactive|MrPhoenixGC has 10 seconds left.
|inactive|laufey#1fan has 20 seconds left.
|
|t:|1757134865
|-terastallize|p2a: JOYBOY|Steel
|move|p1b: Dragonite|Scale Shot|p2a: JOYBOY
|-resisted|p2a: JOYBOY
|-damage|p2a: JOYBOY|98/100
|-resisted|p2a: JOYBOY
|-damage|p2a: JOYBOY|93/100
|-resisted|p2a: JOYBOY
|-damage|p2a: JOYBOY|88/100
|-resisted|p2a: JOYBOY
|-damage|p2a: JOYBOY|83/100
|-hitcount|p2a: JOYBOY|4
|-unboost|p1b: Dragonite|def|1
|-boost|p1b: Dragonite|spe|1
|move|p2a: JOYBOY|Scale Shot|p1a: Ursaluna|[miss]
|-miss|p2a: JOYBOY|p1a: Ursaluna
|move|p1a: Ursaluna|Headlong Rush|p2b: Mr.Eclectic
|-resisted|p2b: Mr.Eclectic
|-damage|p2b: Mr.Eclectic|51/100
|-unboost|p1a: Ursaluna|def|1
|-unboost|p1a: Ursaluna|spd|1
|move|p2b: Mr.Eclectic|Matcha Gotcha|p1a: Ursaluna|[spread] p1a,p1b
|-supereffective|p1a: Ursaluna
|-resisted|p1b: Dragonite
|-damage|p1a: Ursaluna|24/100 brn
|-heal|p2b: Mr.Eclectic|92/100|[from] drain|[of] p1a: Ursaluna
|-damage|p1b: Dragonite|98/100
|-heal|p2b: Mr.Eclectic|94/100|[from] drain|[of] p1b: Dragonite
|
|-damage|p1a: Ursaluna|18/100 brn|[from] brn
|upkeep
|turn|4
|inactive|MrPhoenixGC has 30 seconds left.
|inactive|laufey#1fan has 30 seconds left.
|inactive|MrPhoenixGC has 20 seconds left.
|inactive|MrPhoenixGC has 15 seconds left.
|inactive|laufey#1fan has 20 seconds left.
|inactive|MrPhoenixGC has 10 seconds left.
|inactive|MrPhoenixGC has 5 seconds left.
|
|t:|1757134917
|-terastallize|p1b: Dragonite|Fairy
|move|p2a: JOYBOY|Protect|p2a: JOYBOY
|-singleturn|p2a: JOYBOY|Protect
|move|p1a: Ursaluna|Protect|p1a: Ursaluna
|-singleturn|p1a: Ursaluna|Protect
|move|p1b: Dragonite|Scale Shot|p2b: Mr.Eclectic
|-damage|p2b: Mr.Eclectic|80/100
|-damage|p2b: Mr.Eclectic|67/100
|-damage|p2b: Mr.Eclectic|54/100
|-damage|p2b: Mr.Eclectic|41/100
|-enditem|p2b: Mr.Eclectic|Sitrus Berry|[eat]
|-heal|p2b: Mr.Eclectic|66/100|[from] item: Sitrus Berry
|-damage|p2b: Mr.Eclectic|52/100
|-hitcount|p2b: Mr.Eclectic|5
|-unboost|p1b: Dragonite|def|1
|-boost|p1b: Dragonite|spe|1
|move|p2b: Mr.Eclectic|Matcha Gotcha|p1b: Dragonite|[spread] 
|-activate|p1a: Ursaluna|move: Protect
|-miss|p2b: Mr.Eclectic|p1b: Dragonite
|
|-damage|p1a: Ursaluna|12/100 brn|[from] brn
|upkeep
|turn|5
|inactive|MrPhoenixGC has 30 seconds left.
|inactive|MrPhoenixGC has 20 seconds left.
|inactive|laufey#1fan has 30 seconds left.
|
|t:|1757134955
|move|p2b: Mr.Eclectic|Rage Powder|p2b: Mr.Eclectic
|-singleturn|p2b: Mr.Eclectic|move: Rage Powder
|move|p1b: Dragonite|Tailwind|p1b: Dragonite
|-sidestart|p1: MrPhoenixGC|move: Tailwind
|move|p1a: Ursaluna|Headlong Rush|p2b: Mr.Eclectic
|-resisted|p2b: Mr.Eclectic
|-damage|p2b: Mr.Eclectic|2/100
|-unboost|p1a: Ursaluna|def|1
|-unboost|p1a: Ursaluna|spd|1
|move|p2a: JOYBOY|Stomping Tantrum|p1a: Ursaluna
|-damage|p1a: Ursaluna|0 fnt
|faint|p1a: Ursaluna
|
|upkeep
|
|t:|1757134976
|switch|p1a: Archaludon|Archaludon, L50, F|100/100
|turn|6
|inactive|MrPhoenixGC has 30 seconds left.
|
|t:|1757135003
|switch|p2b: Laufey|Ninetales-Alola, L50, F, shiny|100/100
|-weather|Snowscape|[from] ability: Snow Warning|[of] p2b: Laufey
|move|p1b: Dragonite|Protect|p1b: Dragonite
|-singleturn|p1b: Dragonite|Protect
|move|p2a: JOYBOY|Protect|p2a: JOYBOY
|-singleturn|p2a: JOYBOY|Protect
|move|p1a: Archaludon|Flash Cannon|p2b: Laufey
|-supereffective|p2b: Laufey
|-damage|p2b: Laufey|0 fnt
|faint|p2b: Laufey
|
|-weather|Snowscape|[upkeep]
|upkeep
|
|t:|1757135012
|switch|p2b: Mr.Eclectic|Sinistcha, L50, shiny|2/100
|-heal|p2a: JOYBOY|100/100|[from] ability: Hospitality|[of] p2b: Mr.Eclectic
|turn|7
|
|t:|1757135029
|switch|p1b: Pelipper|Pelipper, L50, M|100/100
|-weather|RainDance|[from] ability: Drizzle|[of] p1b: Pelipper
|move|p2b: Mr.Eclectic|Protect|p2b: Mr.Eclectic
|-singleturn|p2b: Mr.Eclectic|Protect
|move|p1a: Archaludon|Snarl|p2a: JOYBOY|[spread] p2a
|-activate|p2b: Mr.Eclectic|move: Protect
|-damage|p2a: JOYBOY|95/100
|-unboost|p2a: JOYBOY|spa|1
|move|p2a: JOYBOY|Stomping Tantrum|p1a: Archaludon
|-supereffective|p1a: Archaludon
|-damage|p1a: Archaludon|40/100
|-ability|p1a: Archaludon|Stamina|boost
|-boost|p1a: Archaludon|def|1
|
|-weather|RainDance|[upkeep]
|upkeep
|turn|8
|inactive|MrPhoenixGC has 30 seconds left.
|inactive|MrPhoenixGC has 20 seconds left.
|inactive|laufey#1fan has 30 seconds left.
|
|t:|1757135066
|move|p2a: JOYBOY|Protect|p2a: JOYBOY
|-singleturn|p2a: JOYBOY|Protect
|move|p2b: Mr.Eclectic|Protect|p2b: Mr.Eclectic
|-singleturn|p2b: Mr.Eclectic|Protect
|move|p1a: Archaludon|Body Press|p2a: JOYBOY
|-activate|p2a: JOYBOY|move: Protect
|move|p1b: Pelipper|Muddy Water|p2a: JOYBOY|[spread] 
|-activate|p2a: JOYBOY|move: Protect
|-activate|p2b: Mr.Eclectic|move: Protect
|
|-weather|RainDance|[upkeep]
|-sideend|p1: MrPhoenixGC|move: Tailwind
|upkeep
|turn|9
|inactive|MrPhoenixGC has 30 seconds left.
|
|t:|1757135099
|move|p1b: Pelipper|Protect|p1b: Pelipper
|-singleturn|p1b: Pelipper|Protect
|move|p2a: JOYBOY|Stomping Tantrum|p1a: Archaludon
|-supereffective|p1a: Archaludon
|-damage|p1a: Archaludon|2/100
|-ability|p1a: Archaludon|Stamina|boost
|-boost|p1a: Archaludon|def|1
|move|p1a: Archaludon|Snarl|p2a: JOYBOY|[spread] p2a,p2b
|-supereffective|p2b: Mr.Eclectic
|-damage|p2a: JOYBOY|84/100
|-damage|p2b: Mr.Eclectic|0 fnt
|-unboost|p2a: JOYBOY|spa|1
|faint|p2b: Mr.Eclectic
|
|-weather|RainDance|[upkeep]
|upkeep
|turn|10
|
|t:|1757135117
|move|p2a: JOYBOY|Scale Shot|p1a: Archaludon
|-damage|p1a: Archaludon|0 fnt
|faint|p1a: Archaludon
|-hitcount|p1: Archaludon|1
|-unboost|p2a: JOYBOY|def|1
|-boost|p2a: JOYBOY|spe|1
|move|p1b: Pelipper|Hurricane|p2a: JOYBOY
|-resisted|p2a: JOYBOY
|-damage|p2a: JOYBOY|56/100
|
|-weather|RainDance|[upkeep]
|upkeep
|
|t:|1757135129
|switch|p1a: Dragonite|Dragonite, L50, F, tera:Fairy|98/100
|turn|11
|
|t:|1757135150
|move|p2a: JOYBOY|Stomping Tantrum|p1a: Dragonite
|-damage|p1a: Dragonite|50/100
|move|p1a: Dragonite|Tailwind|p1a: Dragonite
|-sidestart|p1: MrPhoenixGC|move: Tailwind
|move|p1b: Pelipper|Hurricane|p2a: JOYBOY
|-resisted|p2a: JOYBOY
|-crit|p2a: JOYBOY
|-damage|p2a: JOYBOY|15/100
|
|-weather|none
|upkeep
|turn|12
|-message|laufey#1fan forfeited.
|
|win|MrPhoenixGC
||laufey#1fan is ready for game 3.
|inactive|MrPhoenixGC has 30 seconds to confirm battle start!
|inactive|MrPhoenixGC has 20 seconds to confirm battle start!
||MrPhoenixGC is ready for game 3.
|uhtml|next|Next: Game 3 of 3
