|j|☆Utilaty
|j|☆wodaiogien
|html|Utilatywodaiogien    
|uhtml|bestof|Game 3 of a best-of-3
|t:|1782279486
|gametype|doubles
|player|p1|Utilaty|ethan|1074
|player|p2|wodaiogien|1|1024
|gen|9
|tier|[Gen 9 Champions] VGC 2026 Reg M-B (Bo3)
|rated|
|rule|Species Clause: Limit one of each Pokémon
|rule|Item Clause: Limit 1 of each item
|clearpoke
|poke|p1|Tyranitar, L50, F|
|poke|p1|Excadrill, L50, M|
|poke|p1|Rotom-Wash, L50|
|poke|p1|Corviknight, L50, M|
|poke|p1|Incineroar, L50, M|
|poke|p1|Farigiraf, L50, F|
|poke|p2|Ninetales-Alola, L50, M|
|poke|p2|Raichu, L50, M|
|poke|p2|Basculegion, L50, M|
|poke|p2|Incineroar, L50, M|
|poke|p2|Kingambit, L50, M|
|poke|p2|Farigiraf, L50, F|
|teampreview|4
|showteam|p1|Tyranitar||Tyranitarite|SandStream|RockSlide,FoulPlay,IcePunch,Protect|Adamant||F|||50|]Excadrill||FocusSash|SandRush|HighHorsepower,IronHead,RockSlide,Protect|Adamant||M|||50|]Rotom-Wash||Magnet|Levitate|VoltSwitch,Thunderbolt,HydroPump,WillOWisp|Calm|||||50|]Corviknight||Leftovers|MirrorArmor|IronHead,BraveBird,BulkUp,Tailwind|Careful||M|||50|]Incineroar||ShucaBerry|Intimidate|FakeOut,FlareBlitz,PartingShot,DarkestLariat|Impish||M|||50|]Farigiraf||SitrusBerry|ArmorTail|Psychic,HyperVoice,TrickRoom,HelpingHand|Relaxed||F|||50|
|showteam|p2|Ninetales-Alola||FocusSash|SnowWarning|Blizzard,FreezeDry,Encore,Protect|Timid||M|||50|]Raichu||RaichuniteY|LightningRod|ZapCannon,FocusBlast,FakeOut,Protect|Timid||M|||50|]Basculegion||LifeOrb|Adaptability|WaveCrash,AquaJet,LastRespects,Protect|Adamant||M|||50|]Incineroar||ShucaBerry|Intimidate|FlareBlitz,PartingShot,FakeOut,DarkPulse|Careful||M|||50|]Kingambit||ChopleBerry|Defiant|KowtowCleave,SuckerPunch,IronHead,LowKick|Adamant||M|||50|]Farigiraf||SitrusBerry|ArmorTail|TwinBeam,TrickRoom,HelpingHand,Protect|Relaxed||F|||50|
|inactive|Battle timer is ON: inactive players will automatically lose when time's up. (requested by wodaiogien)
|
|t:|1782279515
|teamsize|p1|4
|teamsize|p2|4
|start
|switch|p1a: Farigiraf|Farigiraf, L50, F|100/100
|switch|p1b: Incineroar|Incineroar, L50, M|100/100
|switch|p2a: Incineroar|Incineroar, L50, M|100/100
|switch|p2b: Raichu|Raichu, L50, M|100/100
|-ability|p1b: Incineroar|Intimidate|boost
|-unboost|p2a: Incineroar|atk|1
|-unboost|p2b: Raichu|atk|1
|-ability|p2a: Incineroar|Intimidate|boost
|-unboost|p1a: Farigiraf|atk|1
|-unboost|p1b: Incineroar|atk|1
|turn|1
|inactive|Utilaty has 30 seconds left.
|inactive|wodaiogien has 30 seconds left.
|
|t:|1782279545
|detailschange|p2b: Raichu|Raichu-Mega-Y, L50, M
|-mega|p2b: Raichu|Raichu|Raichunite Y
|move|p1b: Incineroar|Fake Out|p2a: Incineroar
|-damage|p2a: Incineroar|94/100
|move|p2b: Raichu|Focus Blast|p1a: Farigiraf
|-damage|p1a: Farigiraf|56/100
|cant|p2a: Incineroar|flinch
|move|p1a: Farigiraf|Trick Room|p1a: Farigiraf
|-fieldstart|move: Trick Room|[of] p1a: Farigiraf
|
|upkeep
|turn|2
|inactive|Utilaty has 30 seconds left.
|inactive|wodaiogien has 30 seconds left.
|
|t:|1782279577
|move|p2b: Raichu|Protect|p2b: Raichu
|-singleturn|p2b: Raichu|Protect
|move|p1a: Farigiraf|Hyper Voice|p2a: Incineroar|[spread] p2a
|-activate|p2b: Raichu|move: Protect
|-damage|p2a: Incineroar|71/100
|move|p2a: Incineroar|Dark Pulse|p1a: Farigiraf
|-supereffective|p1a: Farigiraf|1
|-damage|p1a: Farigiraf|13/100
|-enditem|p1a: Farigiraf|Sitrus Berry|[eat]
|-heal|p1a: Farigiraf|38/100|[from] item: Sitrus Berry
|move|p1b: Incineroar|Flare Blitz|p2b: Raichu
|-activate|p2b: Raichu|move: Protect
|
|upkeep
|turn|3
|
|t:|1782279595
|move|p1a: Farigiraf|Hyper Voice|p2b: Raichu|[spread] p2a,p2b
|-crit|p2a: Incineroar
|-damage|p2a: Incineroar|42/100
|-damage|p2b: Raichu|60/100
|move|p2a: Incineroar|Dark Pulse|p1a: Farigiraf
|-supereffective|p1a: Farigiraf|1
|-damage|p1a: Farigiraf|0 fnt
|faint|p1a: Farigiraf
|move|p1b: Incineroar|Darkest Lariat|p2b: Raichu
|-damage|p2b: Raichu|26/100
|move|p2b: Raichu|Focus Blast|p1b: Incineroar
|-supereffective|p1b: Incineroar|1
|-damage|p1b: Incineroar|31/100
|
|upkeep
|
|t:|1782279611
|switch|p1a: Tyranitar|Tyranitar, L50, F|100/100
|-weather|Sandstorm|[from] ability: Sand Stream|[of] p1a: Tyranitar
|turn|4
|inactive|wodaiogien has 30 seconds left.
|
|t:|1782279638
|detailschange|p1a: Tyranitar|Tyranitar-Mega, L50, F
|-mega|p1a: Tyranitar|Tyranitar|Tyranitarite
|move|p2b: Raichu|Protect|p2b: Raichu
|-singleturn|p2b: Raichu|Protect
|move|p2a: Incineroar|Parting Shot|p1a: Tyranitar
|-unboost|p1a: Tyranitar|atk|1
|-unboost|p1a: Tyranitar|spa|1
|
|t:|1782279647
|switch|p2a: Ninetales|Ninetales-Alola, L50, M|100/100|[from] Parting Shot
|-weather|Snowscape|[from] ability: Snow Warning|[of] p2a: Ninetales
|move|p1b: Incineroar|Darkest Lariat|p2b: Raichu
|-activate|p2b: Raichu|move: Protect
|move|p1a: Tyranitar|Rock Slide|p2a: Ninetales|[spread] p2a
|-activate|p2b: Raichu|move: Protect
|-supereffective|p2a: Ninetales|1
|-damage|p2a: Ninetales|45/100
|
|-weather|Snowscape|[upkeep]
|upkeep
|turn|5
|
|t:|1782279672
|switch|p2b: Incineroar|Incineroar, L50, M|42/100
|-ability|p2b: Incineroar|Intimidate|boost
|-unboost|p1a: Tyranitar|atk|1
|-unboost|p1b: Incineroar|atk|1
|move|p2a: Ninetales|Protect|p2a: Ninetales
|-singleturn|p2a: Ninetales|Protect
|move|p1b: Incineroar|Flare Blitz|p2a: Ninetales
|-activate|p2a: Ninetales|move: Protect
|move|p1a: Tyranitar|Rock Slide|p2a: Ninetales|[spread] p2b
|-activate|p2a: Ninetales|move: Protect
|-supereffective|p2b: Incineroar|1
|-damage|p2b: Incineroar|8/100
|
|-weather|Snowscape|[upkeep]
|-fieldend|move: Trick Room
|upkeep
|turn|6
|inactive|wodaiogien has 30 seconds left.
|inactive|wodaiogien has 20 seconds left.
|inactive|wodaiogien has 15 seconds left.
|inactive|wodaiogien has 10 seconds left.
|
|t:|1782279721
|move|p1a: Tyranitar|Protect|p1a: Tyranitar
|-singleturn|p1a: Tyranitar|Protect
|move|p2a: Ninetales|Blizzard|p1a: Tyranitar|[spread] p1b
|-activate|p1a: Tyranitar|move: Protect
|-resisted|p1b: Incineroar|1
|-damage|p1b: Incineroar|17/100
|move|p1b: Incineroar|Flare Blitz|p2a: Ninetales
|-supereffective|p2a: Ninetales|1
|-damage|p2a: Ninetales|0 fnt
|faint|p2a: Ninetales
|-damage|p1b: Incineroar|6/100|[from] Recoil
|move|p2b: Incineroar|Flare Blitz|p1b: Incineroar
|-resisted|p1b: Incineroar|1
|-damage|p1b: Incineroar|0 fnt
|faint|p1b: Incineroar
|-damage|p2b: Incineroar|6/100|[from] Recoil
|
|-weather|Snowscape|[upkeep]
|upkeep
|inactive|wodaiogien has 30 seconds left.
|
|t:|1782279748
|switch|p2a: Basculegion|Basculegion, L50, M|100/100
|switch|p1b: Rotom|Rotom-Wash, L50|100/100
|turn|7
|
|t:|1782279768
|move|p2a: Basculegion|Protect|p2a: Basculegion
|-singleturn|p2a: Basculegion|Protect
|move|p1b: Rotom|Thunderbolt|p2a: Basculegion
|-activate|p2a: Basculegion|move: Protect
|move|p1a: Tyranitar|Rock Slide|p2b: Incineroar|[spread] p2b
|-activate|p2a: Basculegion|move: Protect
|-supereffective|p2b: Incineroar|1
|-damage|p2b: Incineroar|0 fnt
|faint|p2b: Incineroar
|
|-weather|Snowscape|[upkeep]
|upkeep
|
|t:|1782279776
|switch|p2b: Raichu|Raichu-Mega-Y, L50, M|26/100
|turn|8
|inactive|wodaiogien has 30 seconds left.
|
|t:|1782279807
|move|p2b: Raichu|Fake Out|p1b: Rotom
|-damage|p1b: Rotom|90/100
|move|p2a: Basculegion|Last Respects|p1b: Rotom
|-damage|p1b: Rotom|0 fnt
|faint|p1b: Rotom
|-damage|p2a: Basculegion|90/100|[from] item: Life Orb
|move|p1a: Tyranitar|Rock Slide|p2a: Basculegion|[spread] p2a,p2b
|-damage|p2a: Basculegion|69/100
|-damage|p2b: Raichu|0 fnt
|faint|p2b: Raichu
|
|-weather|none
|upkeep
|turn|9
|inactive|wodaiogien has 30 seconds left.
|inactive|wodaiogien has 20 seconds left.
|
|t:|1782279843
|move|p2a: Basculegion|Wave Crash|p1a: Tyranitar
|-supereffective|p1a: Tyranitar|1
|-damage|p1a: Tyranitar|0 fnt
|faint|p1a: Tyranitar
|-damage|p2a: Basculegion|37/100|[from] Recoil
|-damage|p2a: Basculegion|27/100|[from] item: Life Orb
|
|win|wodaiogien
|raw|Utilaty's rating: 1074 → 1050(-24 for losing)
|raw|wodaiogien's rating: 1024 → 1066(+42 for winning)
