|j|☆vilan333
|j|☆SP-9733
|html|vilan333SP-9733    
|uhtml|bestof|Game 3 of a best-of-3
|t:|1782364942
|gametype|doubles
|player|p1|vilan333|marshal|1154
|player|p2|SP-9733|n|1178
|gen|9
|tier|[Gen 9 Champions] VGC 2026 Reg M-B (Bo3)
|rated|
|rule|Species Clause: Limit one of each Pokémon
|rule|Item Clause: Limit 1 of each item
|clearpoke
|poke|p1|Vileplume, L50, F|
|poke|p1|Kangaskhan, L50, F|
|poke|p1|Farigiraf, L50, F|
|poke|p1|Torkoal, L50, M|
|poke|p1|Basculegion, L50, M|
|poke|p1|Kommo-o, L50, M|
|poke|p2|Swampert, L50, M|
|poke|p2|Pelipper, L50, F|
|poke|p2|Archaludon, L50, M|
|poke|p2|Sneasler, L50, F|
|poke|p2|Whimsicott, L50, F|
|poke|p2|Staraptor, L50, M|
|teampreview|4
|showteam|p1|Vileplume||FocusSash|Chlorophyll|SludgeBomb,EnergyBall,SleepPowder,AfterYou|Timid||F|||50|]Kangaskhan||Kangaskhanite|Scrappy|DoubleEdge,FakeOut,LowKick,SuckerPunch|Adamant||F|||50|]Farigiraf||ColburBerry|ArmorTail|HyperVoice,Psychic,Protect,TrickRoom|Quiet||F|||50|]Torkoal||Charcoal|Drought|Eruption,WeatherBall,EarthPower,Protect|Quiet||M|||50|]Basculegion||ChoiceScarf|Adaptability|AquaJet,WaveCrash,LastRespects,FlipTurn|Jolly||M|||50|]Kommo-o||HabanBerry|Overcoat|ClangingScales,AuraSphere,Protect,ClangorousSoul|Modest||M|||50|
|showteam|p2|Swampert||Swampertite|Torrent|WaveCrash,Earthquake,Protect,IcePunch|Adamant||M|||50|]Pelipper||SharpBeak|Drizzle|WeatherBall,Hurricane,WideGuard,Tailwind|Modest||F|||50|]Archaludon||Leftovers|Stamina|ElectroShot,FlashCannon,DragonPulse,Protect|Modest||M|||50|]Sneasler||WhiteHerb|Unburden|FakeOut,CloseCombat,DireClaw,Coaching|Jolly||F|||50|]Whimsicott||FocusSash|Prankster|Tailwind,Encore,WorrySeed,EnergyBall|Timid||F|||50|]Staraptor||ChoiceScarf|Intimidate|DualWingbeat,CloseCombat,FinalGambit,Uturn|Adamant||M|||50|
|inactive|Battle timer is ON: inactive players will automatically lose when time's up. (requested by SP-9733)
|inactive|vilan333 has 60 seconds left.
|
|t:|1782364983
|teamsize|p1|4
|teamsize|p2|4
|start
|switch|p1a: Kommo-o|Kommo-o, L50, M|100/100
|switch|p1b: Kangaskhan|Kangaskhan, L50, F|100/100
|switch|p2a: Staraptor|Staraptor, L50, M|100/100
|switch|p2b: Archaludon|Archaludon, L50, M|100/100
|-ability|p2a: Staraptor|Intimidate|boost
|-unboost|p1a: Kommo-o|atk|1
|-fail|p1b: Kangaskhan|unboost|Attack|[from] ability: Scrappy|[of] p1b: Kangaskhan
|turn|1
|
|t:|1782365006
|switch|p2a: Swampert|Swampert, L50, M|100/100
|detailschange|p1b: Kangaskhan|Kangaskhan-Mega, L50, F
|-mega|p1b: Kangaskhan|Kangaskhan|Kangaskhanite
|move|p1b: Kangaskhan|Fake Out|p2a: Swampert
|-damage|p2a: Swampert|82/100
|-damage|p2a: Swampert|79/100
|-hitcount|p2a: Swampert|2
|move|p1a: Kommo-o|Clangorous Soul|p1a: Kommo-o
|-boost|p1a: Kommo-o|atk|1
|-boost|p1a: Kommo-o|def|1
|-boost|p1a: Kommo-o|spa|1
|-boost|p1a: Kommo-o|spd|1
|-boost|p1a: Kommo-o|spe|1
|-damage|p1a: Kommo-o|67/100
|move|p2b: Archaludon|Dragon Pulse|p1a: Kommo-o
|-supereffective|p1a: Kommo-o|1
|-enditem|p1a: Kommo-o|Haban Berry|[eat]
|-enditem|p1a: Kommo-o|Haban Berry|[weaken]
|-damage|p1a: Kommo-o|32/100
|
|upkeep
|turn|2
|inactive|vilan333 has 30 seconds left.
|inactive|SP-9733 has 30 seconds left.
|inactive|SP-9733 has 20 seconds left.
|inactive|SP-9733 has 15 seconds left.
|inactive|vilan333 has 20 seconds left.
|inactive|SP-9733 has 10 seconds left.
|inactive|SP-9733 has 5 seconds left.
|
|t:|1782365061
|move|p1a: Kommo-o|Protect|p1a: Kommo-o
|-singleturn|p1a: Kommo-o|Protect
|move|p1b: Kangaskhan|Double-Edge|p2a: Swampert
|-damage|p2a: Swampert|23/100
|-damage|p2a: Swampert|10/100
|-hitcount|p2a: Swampert|2
|-damage|p1b: Kangaskhan|79/100|[from] Recoil
|move|p2b: Archaludon|Electro Shot||[still]
|-prepare|p2b: Archaludon|Electro Shot
|-boost|p2b: Archaludon|spa|1
|move|p2a: Swampert|Wave Crash|p1b: Kangaskhan
|-damage|p1b: Kangaskhan|16/100
|-damage|p2a: Swampert|0 fnt|[from] Recoil
|faint|p2a: Swampert
|
|upkeep
|
|t:|1782365068
|switch|p2a: Staraptor|Staraptor, L50, M|100/100
|-ability|p2a: Staraptor|Intimidate|boost
|-unboost|p1a: Kommo-o|atk|1
|-unboost|p1b: Kangaskhan|atk|1
|turn|3
|
|t:|1782365092
|move|p1b: Kangaskhan|Sucker Punch|p2a: Staraptor
|-damage|p2a: Staraptor|83/100
|-damage|p2a: Staraptor|79/100
|-hitcount|p2a: Staraptor|2
|move|p2a: Staraptor|Dual Wingbeat|p1a: Kommo-o
|-supereffective|p1a: Kommo-o|1
|-damage|p1a: Kommo-o|7/100
|-supereffective|p1a: Kommo-o|1
|-damage|p1a: Kommo-o|0 fnt
|faint|p1a: Kommo-o
|-hitcount|p1: Kommo-o|2
|move|p2b: Archaludon|Electro Shot|p1b: Kangaskhan|[from] lockedmove
|-damage|p1b: Kangaskhan|0 fnt
|faint|p1b: Kangaskhan
|
|upkeep
|
|t:|1782365108
|switch|p1a: Torkoal|Torkoal, L50, M|100/100
|switch|p1b: Basculegion|Basculegion, L50, M|100/100
|-weather|SunnyDay|[from] ability: Drought|[of] p1a: Torkoal
|turn|4
|
|t:|1782365122
|switch|p2a: Pelipper|Pelipper, L50, F|100/100
|-weather|RainDance|[from] ability: Drizzle|[of] p2a: Pelipper
|move|p2b: Archaludon|Protect|p2b: Archaludon
|-singleturn|p2b: Archaludon|Protect
|move|p1b: Basculegion|Last Respects|p2b: Archaludon
|-activate|p2b: Archaludon|move: Protect
|move|p1a: Torkoal|Weather Ball|p2a: Pelipper
|-resisted|p2a: Pelipper|1
|-damage|p2a: Pelipper|68/100
|
|-weather|RainDance|[upkeep]
|upkeep
|turn|5
|-message|vilan333 forfeited.
|
|win|SP-9733
|raw|vilan333's rating: 1154 → 1131(-23 for losing)
|raw|SP-9733's rating: 1178 → 1201(+23 for winning)
|l|☆vilan333
|player|p1|
|j|☆vilan333
|player|p1|vilan333|marshal|
