|j|☆latios66
|j|☆MetaknightXIII
|html|latios66MetaknightXIII    
|uhtml|bestof|Game 3 of a best-of-3
|t:|1756849543
|gametype|doubles
|player|p1|latios66|1|1131
|player|p2|MetaknightXIII|veteran|1245
|gen|9
|tier|[Gen 9] VGC 2025 Reg H (Bo3)
|rated|
|rule|Species Clause: Limit one of each Pokémon
|rule|Item Clause: Limit 1 of each item
|clearpoke
|poke|p1|Toedscruel, L50, M|
|poke|p1|Weezing-Galar, L50, F|
|poke|p1|Dragapult, L50, M|
|poke|p1|Typhlosion-Hisui, L50, M|
|poke|p1|Torkoal, L50, F|
|poke|p1|Slaking, L50, F|
|poke|p2|Kingdra, L50, M|
|poke|p2|Archaludon, L50, F|
|poke|p2|Politoed, L50, M|
|poke|p2|Gothitelle, L50, F|
|poke|p2|Incineroar, L50, M|
|poke|p2|Amoonguss, L50, M|
|teampreview|4
|showteam|p1|Toedscruel||CovertCloak|MyceliumMight|Spore,EarthPower,AcidSpray,RagePowder|||M|||50|,,,,,Water]Weezing-Galar||ChoiceSpecs|NeutralizingGas|DazzlingGleam,SludgeBomb,StrangeSteam,Thunderbolt|||F|||50|,,,,,Bug]Dragapult||ChoiceBand|Infiltrator|DragonDarts,Outrage,SuckerPunch,Uturn|||M|||50|,,,,,Dragon]Typhlosion-Hisui||ChoiceScarf|Blaze|Eruption,SleepTalk,HeatWave,ShadowBall|||M|||50|,,,,,Fire]Torkoal||EjectPack|Drought|HelpingHand,Eruption,TeraBlast,Protect|||F|||50|,,,,,Rock]Slaking||ToxicOrb|Truant|Facade,Protect,SuckerPunch,SlackOff|||F|||50|,,,,,Dark
|showteam|p2|Kingdra||LifeOrb|SwiftSwim|WeatherBall,MuddyWater,DracoMeteor,Protect|||M|||50|,,,,,Stellar]Archaludon||PowerHerb|Sturdy|ElectroShot,FlashCannon,DragonPulse,Protect|||F|||50|,,,,,Electric]Politoed||Leftovers|Drizzle|WeatherBall,PerishSong,Encore,Protect|||M|||50|,,,,,Grass]Gothitelle||SitrusBerry|ShadowTag|FakeOut,Psychic,TrickRoom,Protect|||F|||50|,,,,,Dark]Incineroar||SafetyGoggles|Intimidate|FakeOut,KnockOff,PartingShot,Protect|||M|||50|,,,,,Ghost]Amoonguss||EjectButton|Regenerator|Spore,RagePowder,PollenPuff,Protect|||M|||50|,,,,,Fairy
|inactive|Battle timer is ON: inactive players will automatically lose when time's up. (requested by latios66)
|inactive|MetaknightXIII has 60 seconds left.
|
|t:|1756849582
|teamsize|p1|4
|teamsize|p2|4
|start
|switch|p1a: Toedscruel|Toedscruel, L50, M|100/100
|switch|p1b: Weezing|Weezing-Galar, L50, F|100/100
|switch|p2a: Politoed|Politoed, L50, M|100/100
|switch|p2b: Incineroar|Incineroar, L50, M|100/100
|-ability|p1b: Weezing|Neutralizing Gas
|turn|1
|
|t:|1756849606
|-terastallize|p2a: Politoed|Grass
|move|p2b: Incineroar|Fake Out|p1b: Weezing
|-damage|p1b: Weezing|90/100
|move|p1a: Toedscruel|Earth Power|p2b: Incineroar
|-supereffective|p2b: Incineroar
|-damage|p2b: Incineroar|67/100
|move|p2a: Politoed|Perish Song|p2a: Politoed
|-start|p1a: Toedscruel|perish3|[silent]
|-start|p1b: Weezing|perish3|[silent]
|-start|p2a: Politoed|perish3|[silent]
|-start|p2b: Incineroar|perish3|[silent]
|-fieldactivate|move: Perish Song
|cant|p1b: Weezing|flinch
|
|-start|p1a: Toedscruel|perish3
|-start|p2a: Politoed|perish3
|-start|p1b: Weezing|perish3
|-start|p2b: Incineroar|perish3
|upkeep
|turn|2
|inactive|latios66 has 30 seconds left.
|inactive|MetaknightXIII has 30 seconds left.
|
|t:|1756849636
|move|p1a: Toedscruel|Earth Power|p2b: Incineroar
|-supereffective|p2b: Incineroar
|-damage|p2b: Incineroar|28/100
|move|p2a: Politoed|Encore|p1a: Toedscruel
|-start|p1a: Toedscruel|Encore
|move|p1b: Weezing|Dazzling Gleam|p2a: Politoed|[spread] p2a,p2b
|-crit|p2b: Incineroar
|-damage|p2a: Politoed|73/100
|-damage|p2b: Incineroar|0 fnt
|faint|p2b: Incineroar
|
|-heal|p2a: Politoed|79/100|[from] item: Leftovers
|-start|p1a: Toedscruel|perish2
|-start|p2a: Politoed|perish2
|-start|p1b: Weezing|perish2
|upkeep
|
|t:|1756849646
|switch|p2b: Amoonguss|Amoonguss, L50, M|100/100
|turn|3
|
|t:|1756849656
|move|p2a: Politoed|Protect|p2a: Politoed
|-singleturn|p2a: Politoed|Protect
|move|p1a: Toedscruel|Earth Power|p2b: Amoonguss
|-damage|p2b: Amoonguss|80/100
|-enditem|p2b: Amoonguss|Eject Button
|
|t:|1756849662
|switch|p2b: Archaludon|Archaludon, L50, F|100/100
|move|p1b: Weezing|Dazzling Gleam|p2a: Politoed|[spread] p2b
|-activate|p2a: Politoed|move: Protect
|-damage|p2b: Archaludon|44/100
|
|-heal|p2a: Politoed|85/100|[from] item: Leftovers
|-start|p1a: Toedscruel|perish1
|-start|p2a: Politoed|perish1
|-start|p1b: Weezing|perish1
|upkeep
|turn|4
|
|t:|1756849672
|switch|p1a: Torkoal|Torkoal, L50, F, shiny|100/100
|switch|p2a: Amoonguss|Amoonguss, L50, M|80/100
|-end|p1b: Weezing|ability: Neutralizing Gas
|-weather|SunnyDay|[from] ability: Drought|[of] p1a: Torkoal
|switch|p1b: Typhlosion|Typhlosion-Hisui, L50, M|100/100
|move|p2b: Archaludon|Protect||[still]
|-fail|p2b: Archaludon
|
|-weather|SunnyDay|[upkeep]
|upkeep
|turn|5
|
|t:|1756849683
|switch|p2a: Politoed|Politoed, L50, M, tera:Grass|85/100
|-weather|RainDance|[from] ability: Drizzle|[of] p2a: Politoed
|-terastallize|p1b: Typhlosion|Fire
|move|p1a: Torkoal|Helping Hand|p1b: Typhlosion
|-singleturn|p1b: Typhlosion|Helping Hand|[of] p1a: Torkoal
|move|p1b: Typhlosion|Eruption|p2a: Politoed|[spread] p2a,p2b
|-supereffective|p2a: Politoed
|-damage|p2a: Politoed|0 fnt
|-damage|p2b: Archaludon|0 fnt
|faint|p2a: Politoed
|faint|p2b: Archaludon
|
|-weather|RainDance|[upkeep]
|upkeep
|-message|MetaknightXIII forfeited.
|
|win|latios66
|raw|latios66's rating: 1131 → 1164(+33 for winning)
|raw|MetaknightXIII's rating: 1245 → 1212(-33 for losing)
|l|☆MetaknightXIII
|player|p2|
