|j|☆gundnub
|j|☆blisswy
|html|gundnubblisswy    
|uhtml|bestof|Game 3 of a best-of-3
|t:|1783281483
|gametype|doubles
|player|p1|gundnub|pokemonranger-gen4|
|player|p2|blisswy|lady-gen4|
|gen|9
|tier|[Gen 9 Champions] VGC 2026 Reg M-B (Bo3)
|rule|Species Clause: Limit one of each Pokémon
|rule|Item Clause: Limit 1 of each item
|clearpoke
|poke|p1|Altaria, L50, F|
|poke|p1|Gliscor, L50, F|
|poke|p1|Ariados, L50, M|
|poke|p1|Arcanine, L50, M|
|poke|p1|Aggron, L50, F|
|poke|p1|Blastoise, L50, F|
|poke|p2|Krookodile, L50, F|
|poke|p2|Klefki, L50, F|
|poke|p2|Floette-Eternal, L50, F|
|poke|p2|Charizard, L50, F|
|poke|p2|Gengar, L50, F|
|poke|p2|Pinsir, L50, M|
|teampreview|4
|showteam|p1|Altaria||Altarianite|NaturalCure|Protect,HyperVoice,DragonPulse,Roost|Modest||F|||50|]Gliscor||LifeOrb|HyperCutter|Protect,HighHorsepower,DualWingbeat,Tailwind|Adamant||F|||50|]Ariados||SitrusBerry|Insomnia|Protect,KnockOff,RagePowder,StringShot|Impish||M|||50|]Arcanine||PasshoBerry|Intimidate|Protect,FlareBlitz,ExtremeSpeed,WillOWisp|Careful||M|||50|]Aggron||Aggronite|Sturdy|Protect,HeavySlam,BodyPress,IronDefense|Impish||F|||50|]Blastoise||MysticWater|Torrent|WaterSpout,LifeDew,FlipTurn,FakeOut|Modest||F|||50|
|showteam|p2|Krookodile||LifeOrb|Intimidate|Earthquake,KnockOff,Protect,Snarl|Jolly||F|||50|]Klefki||LightClay|Prankster|Reflect,LightScreen,DazzlingGleam,SunnyDay|Sassy||F|||50|]Floette-Eternal||FairyFeather|FlowerVeil|DrainingKiss,CalmMind,DazzlingGleam,Protect|Modest||F|||50|]Charizard||ChoiceScarf|SolarPower|HeatWave,WeatherBall,DragonPulse,SolarBeam|Modest||F|||50|]Gengar||FocusSash|CursedBody|ShadowBall,Taunt,IcyWind,SludgeBomb|Timid||F|||50|]Pinsir||Pinsirite|HyperCutter|BodySlam,Lunge,Protect,QuickAttack|Jolly||M|||50|
|inactive|Battle timer is ON: inactive players will automatically lose when time's up. (requested by gundnub)
|inactive|gundnub has 60 seconds left.
|inactive|blisswy has 60 seconds left.
|
|t:|1783281555
|teamsize|p1|4
|teamsize|p2|4
|start
|switch|p1a: Arcanine|Arcanine, L50, M|100/100
|switch|p1b: Altaria|Altaria, L50, F|100/100
|switch|p2a: Gengar|Gengar, L50, F|100/100
|switch|p2b: Klefki|Klefki, L50, F|100/100
|-ability|p1a: Arcanine|Intimidate|boost
|-unboost|p2a: Gengar|atk|1
|-unboost|p2b: Klefki|atk|1
|turn|1
|inactive|gundnub has 30 seconds left.
|
|t:|1783281583
|switch|p1b: Gliscor|Gliscor, L50, F|100/100
|move|p2b: Klefki|Reflect|p2b: Klefki
|-sidestart|p2: blisswy|Reflect
|move|p2a: Gengar|Icy Wind|p1a: Arcanine|[spread] p1a,p1b
|-resisted|p1a: Arcanine|1
|-supereffective|p1b: Gliscor|2
|-damage|p1a: Arcanine|94/100
|-damage|p1b: Gliscor|19/100
|-unboost|p1a: Arcanine|spe|1
|-unboost|p1b: Gliscor|spe|1
|move|p1a: Arcanine|Flare Blitz|p2a: Gengar
|-damage|p2a: Gengar|43/100
|-damage|p1a: Arcanine|81/100|[from] Recoil
|
|upkeep
|turn|2
|
|t:|1783281598
|switch|p1b: Blastoise|Blastoise, L50, F|100/100
|switch|p2b: Krookodile|Krookodile, L50, F|100/100
|-ability|p2b: Krookodile|Intimidate|boost
|-unboost|p1a: Arcanine|atk|1
|-unboost|p1b: Blastoise|atk|1
|move|p2a: Gengar|Icy Wind|p1a: Arcanine|[spread] p1a,p1b
|-resisted|p1a: Arcanine|1
|-resisted|p1b: Blastoise|1
|-damage|p1a: Arcanine|75/100
|-damage|p1b: Blastoise|93/100
|-unboost|p1a: Arcanine|spe|1
|-unboost|p1b: Blastoise|spe|1
|move|p1a: Arcanine|Flare Blitz|p2a: Gengar
|-crit|p2a: Gengar
|-damage|p2a: Gengar|0 fnt
|faint|p2a: Gengar
|-damage|p1a: Arcanine|65/100|[from] Recoil
|
|upkeep
|
|t:|1783281610
|switch|p2a: Klefki|Klefki, L50, F|100/100
|turn|3
|
|t:|1783281616
|switch|p1a: Gliscor|Gliscor, L50, F|19/100
|move|p2a: Klefki|Light Screen|p2a: Klefki
|-sidestart|p2: blisswy|move: Light Screen
|move|p2b: Krookodile|Snarl|p1b: Blastoise|[spread] p1a
|-miss|p2b: Krookodile|p1b: Blastoise
|-damage|p1a: Gliscor|3/100
|-unboost|p1a: Gliscor|spa|1
|-damage|p2b: Krookodile|90/100|[from] item: Life Orb
|move|p1b: Blastoise|Water Spout|p2a: Klefki|[spread] p2a,p2b
|-supereffective|p2b: Krookodile|1
|-damage|p2a: Klefki|71/100
|-damage|p2b: Krookodile|0 fnt
|faint|p2b: Krookodile
|
|upkeep
|
|t:|1783281627
|switch|p2b: Charizard|Charizard, L50, F|100/100
|turn|4
|
|t:|1783281644
|move|p2b: Charizard|Dragon Pulse|p1b: Blastoise
|-damage|p1b: Blastoise|68/100
|move|p1a: Gliscor|High Horsepower|p2a: Klefki|[miss]
|-miss|p1a: Gliscor|p2a: Klefki
|move|p2a: Klefki|Dazzling Gleam|p1a: Gliscor|[spread] p1a,p1b
|-damage|p1a: Gliscor|0 fnt
|-damage|p1b: Blastoise|54/100
|faint|p1a: Gliscor
|move|p1b: Blastoise|Flip Turn|p2b: Charizard
|-supereffective|p2b: Charizard|1
|-damage|p2b: Charizard|76/100
|
|t:|1783281657
|switch|p1b: Arcanine|Arcanine, L50, M|65/100|[from] Flip Turn
|-ability|p1b: Arcanine|Intimidate|boost
|-unboost|p2a: Klefki|atk|1
|-unboost|p2b: Charizard|atk|1
|
|upkeep
|
|t:|1783281659
|switch|p1a: Altaria|Altaria, L50, F|100/100
|turn|5
|
|t:|1783281677
|detailschange|p1a: Altaria|Altaria-Mega, L50, F
|-mega|p1a: Altaria|Altaria|Altarianite
|move|p2b: Charizard|Dragon Pulse|p1b: Arcanine
|-damage|p1b: Arcanine|40/100
|move|p1b: Arcanine|Flare Blitz|p2a: Klefki
|-supereffective|p2a: Klefki|1
|-damage|p2a: Klefki|12/100
|-damage|p1b: Arcanine|24/100|[from] Recoil
|move|p1a: Altaria|Hyper Voice|p2a: Klefki|[spread] p2a,p2b
|-resisted|p2a: Klefki|1
|-resisted|p2b: Charizard|1
|-damage|p2a: Klefki|0 fnt
|-damage|p2b: Charizard|56/100
|faint|p2a: Klefki
|
|upkeep
|turn|6
|-message|blisswy forfeited.
|
|win|gundnub
|c|☆blisswy|ggs
|c|☆gundnub|ggwp
|l|☆blisswy
|player|p2|
