|j|☆tedidn
|j|☆TMJS01
|html|tedidnTMJS01    
|uhtml|bestof|Game 3 of a best-of-3
|t:|1782530048
|gametype|doubles
|player|p1|tedidn|marshal|1315
|player|p2|TMJS01|unknown|1433
|gen|9
|tier|[Gen 9 Champions] VGC 2026 Reg M-B (Bo3)
|rated|
|rule|Species Clause: Limit one of each Pokémon
|rule|Item Clause: Limit 1 of each item
|clearpoke
|poke|p1|Charizard, L50, F|
|poke|p1|Gholdengo, L50|
|poke|p1|Floette-Eternal, L50, F|
|poke|p1|Basculegion, L50, M|
|poke|p1|Garchomp, L50, M|
|poke|p1|Grimmsnarl, L50, M|
|poke|p2|Sinistcha, L50|
|poke|p2|Incineroar, L50, M|
|poke|p2|Garchomp, L50, F|
|poke|p2|Floette-Eternal, L50, F|
|poke|p2|Delphox, L50, F|
|poke|p2|Kingambit, L50, F|
|teampreview|4
|showteam|p1|Charizard||CharizarditeY|Blaze|HeatWave,WeatherBall,SolarBeam,Protect|Modest||F|||50|]Gholdengo||LifeOrb|GoodasGold|MakeItRain,ShadowBall,PowerGem,Protect|Modest|||||50|]Floette-Eternal||Floettite|FlowerVeil|Moonblast,DazzlingGleam,LightofRuin,Protect|Modest||F|||50|]Basculegion||ChoiceScarf|Adaptability|WaveCrash,FlipTurn,LastRespects,AquaJet|Jolly||M|||50|]Garchomp||SitrusBerry|RoughSkin|StompingTantrum,DragonClaw,RockSlide,Protect|Adamant||M|||50|]Grimmsnarl||LightClay|Prankster|SpiritBreak,PartingShot,Reflect,LightScreen|Careful||M|||50|
|showteam|p2|Sinistcha||KasibBerry|Hospitality|MatchaGotcha,RagePowder,TrickRoom,LifeDew|Relaxed|||||50|]Incineroar||ChopleBerry|Intimidate|ThroatChop,FlareBlitz,PartingShot,FakeOut|Adamant||M|||50|]Garchomp||LifeOrb|RoughSkin|ScaleShot,StompingTantrum,Protect,RockTomb|Jolly||F|||50|]Floette-Eternal||Floettite|FlowerVeil|Protect,CalmMind,Moonblast,DazzlingGleam|Modest||F|||50|]Delphox||Delphoxite|Blaze|NastyPlot,HeatWave,Psyshock,Protect|Timid||F|||50|]Kingambit||FocusSash|Defiant|SuckerPunch,IronHead,KowtowCleave,LowKick|Brave||F|||50|
|inactive|Battle timer is ON: inactive players will automatically lose when time's up. (requested by TMJS01)
|inactive|tedidn also wants the timer to be on.
|inactive|TMJS01 has 60 seconds left.
|
|t:|1782530079
|teamsize|p1|4
|teamsize|p2|4
|start
|switch|p1a: iPad Kid|Floette-Eternal, L50, F|100/100
|switch|p1b: On Sight|Garchomp, L50, M|100/100
|switch|p2a: Incineroar|Incineroar, L50, M|100/100
|switch|p2b: Kingambit|Kingambit, L50, F|100/100
|-ability|p2a: Incineroar|Intimidate|boost
|-unboost|p1a: iPad Kid|atk|1
|-unboost|p1b: On Sight|atk|1
|turn|1
|
|t:|1782530089
|move|p1b: On Sight|Protect|p1b: On Sight
|-singleturn|p1b: On Sight|Protect
|move|p1a: iPad Kid|Protect|p1a: iPad Kid
|-singleturn|p1a: iPad Kid|Protect
|move|p2a: Incineroar|Fake Out|p1b: On Sight
|-activate|p1b: On Sight|move: Protect
|move|p2b: Kingambit|Iron Head|p1a: iPad Kid
|-activate|p1a: iPad Kid|move: Protect
|
|upkeep
|turn|2
|inactive|TMJS01 has 30 seconds left.
|
|t:|1782530114
|detailschange|p1a: iPad Kid|Floette-Mega, L50, F
|-mega|p1a: iPad Kid|Floette|Floettite
|-ability|p1a: iPad Kid|Fairy Aura
|move|p1b: On Sight|Stomping Tantrum|p2b: Kingambit
|-supereffective|p2b: Kingambit|1
|-damage|p2b: Kingambit|56/100
|move|p1a: iPad Kid|Moonblast|p2b: Kingambit
|-damage|p2b: Kingambit|0 fnt
|faint|p2b: Kingambit
|move|p2a: Incineroar|Parting Shot|p1a: iPad Kid
|-unboost|p1a: iPad Kid|atk|1
|-unboost|p1a: iPad Kid|spa|1
|
|t:|1782530123
|switch|p2a: Floette|Floette-Eternal, L50, F|100/100|[from] Parting Shot
|
|upkeep
|
|t:|1782530125
|switch|p2b: Garchomp|Garchomp, L50, F|100/100
|turn|3
|
|t:|1782530137
|switch|p1a: Slur Slinger|Grimmsnarl, L50, M|100/100
|detailschange|p2a: Floette|Floette-Mega, L50, F
|-mega|p2a: Floette|Floette|Floettite
|-ability|p2a: Floette|Fairy Aura
|move|p2b: Garchomp|Protect|p2b: Garchomp
|-singleturn|p2b: Garchomp|Protect
|move|p1b: On Sight|Dragon Claw|p2b: Garchomp
|-activate|p2b: Garchomp|move: Protect
|move|p2a: Floette|Calm Mind|p2a: Floette
|-boost|p2a: Floette|spa|1
|-boost|p2a: Floette|spd|1
|
|upkeep
|turn|4
|
|t:|1782530147
|move|p1a: Slur Slinger|Light Screen|p1a: Slur Slinger
|-sidestart|p1: tedidn|move: Light Screen
|move|p2b: Garchomp|Stomping Tantrum|p1b: On Sight
|-damage|p1b: On Sight|53/100
|-damage|p2b: Garchomp|87/100|[from] ability: Rough Skin|[of] p1b: On Sight
|-damage|p2b: Garchomp|78/100|[from] item: Life Orb
|move|p1b: On Sight|Dragon Claw|p2b: Garchomp
|-supereffective|p2b: Garchomp|1
|-damage|p2b: Garchomp|16/100
|-damage|p1b: On Sight|40/100|[from] ability: Rough Skin|[of] p2b: Garchomp
|-enditem|p1b: On Sight|Sitrus Berry|[eat]
|-heal|p1b: On Sight|65/100|[from] item: Sitrus Berry
|move|p2a: Floette|Dazzling Gleam|p1b: On Sight|[spread] p1a,p1b
|-supereffective|p1a: Slur Slinger|1
|-supereffective|p1b: On Sight|1
|-damage|p1a: Slur Slinger|12/100
|-damage|p1b: On Sight|0 fnt
|faint|p1b: On Sight
|
|upkeep
|
|t:|1782530163
|switch|p1b: iPad Kid|Floette-Mega, L50, F|100/100
|-ability|p1b: iPad Kid|Fairy Aura
|turn|5
|
|t:|1782530181
|move|p1a: Slur Slinger|Reflect|p1a: Slur Slinger
|-sidestart|p1: tedidn|Reflect
|move|p2b: Garchomp|Scale Shot|p1a: Slur Slinger
|-immune|p1a: Slur Slinger
|move|p1b: iPad Kid|Dazzling Gleam|p2a: Floette|[spread] p2a,p2b
|-supereffective|p2b: Garchomp|1
|-damage|p2a: Floette|73/100
|-damage|p2b: Garchomp|0 fnt
|faint|p2b: Garchomp
|move|p2a: Floette|Moonblast|p1a: Slur Slinger
|-supereffective|p1a: Slur Slinger|1
|-damage|p1a: Slur Slinger|0 fnt
|faint|p1a: Slur Slinger
|
|upkeep
|
|t:|1782530187
|switch|p2b: Incineroar|Incineroar, L50, M|100/100
|switch|p1a: Eye Candy|Basculegion, L50, M|100/100
|-ability|p2b: Incineroar|Intimidate|boost
|-unboost|p1a: Eye Candy|atk|1
|-unboost|p1b: iPad Kid|atk|1
|turn|6
|
|t:|1782530198
|move|p1a: Eye Candy|Wave Crash|p2b: Incineroar
|-supereffective|p2b: Incineroar|1
|-damage|p2b: Incineroar|6/100
|-damage|p1a: Eye Candy|69/100|[from] Recoil
|move|p1b: iPad Kid|Moonblast|p2b: Incineroar
|-damage|p2b: Incineroar|0 fnt
|faint|p2b: Incineroar
|move|p2a: Floette|Moonblast|p1a: Eye Candy
|-damage|p1a: Eye Candy|0 fnt
|faint|p1a: Eye Candy
|
|upkeep
|turn|7
|
|t:|1782530208
|move|p2a: Floette|Protect|p2a: Floette
|-singleturn|p2a: Floette|Protect
|move|p1b: iPad Kid|Moonblast|p2a: Floette
|-activate|p2a: Floette|move: Protect
|
|upkeep
|turn|8
|
|t:|1782530211
|move|p1b: iPad Kid|Moonblast|p2a: Floette
|-damage|p2a: Floette|35/100
|move|p2a: Floette|Moonblast|p1b: iPad Kid
|-damage|p1b: iPad Kid|43/100
|
|upkeep
|turn|9
|
|t:|1782530217
|move|p2a: Floette|Protect|p2a: Floette
|-singleturn|p2a: Floette|Protect
|move|p1b: iPad Kid|Moonblast|p2a: Floette
|-activate|p2a: Floette|move: Protect
|
|upkeep
|turn|10
|
|t:|1782530223
|move|p1b: iPad Kid|Moonblast|p2a: Floette
|-damage|p2a: Floette|0 fnt
|faint|p2a: Floette
|
|win|tedidn
|raw|tedidn's rating: 1315 → 1342(+27 for winning)
|raw|TMJS01's rating: 1433 → 1406(-27 for losing)
