|j|☆JonnyNerd
|j|☆DeewompostYT
|html|JonnyNerdDeewompostYT    
|uhtml|bestof|Game 1 of a best-of-3
|t:|1785288716
|gametype|doubles
|player|p1|JonnyNerd|waiter-gen4dp|
|player|p2|DeewompostYT|guitarist|
|gen|9
|tier|[Gen 9 Champions] VGC 2026 Reg M-B (Bo3)
|rule|Species Clause: Limit one of each Pokémon
|rule|Item Clause: Limit 1 of each item
|clearpoke
|poke|p1|Mamoswine, L50, M|
|poke|p1|Basculegion, L50, M|
|poke|p1|Gardevoir, L50, F|
|poke|p1|Maushold-Four, L50|
|poke|p1|Talonflame, L50, F|
|poke|p1|Raichu, L50, M|
|poke|p2|Whimsicott, L50, M|
|poke|p2|Kommo-o, L50, M|
|poke|p2|Charizard, L50, F|
|poke|p2|Incineroar, L50, F|
|poke|p2|Sylveon, L50, F|
|poke|p2|Basculegion, L50, M|
|teampreview|4
|showteam|p1|Mamoswine||FocusSash|Oblivious|Protect,IceShard,RockTomb,Earthquake|Adamant||M|||50|]Basculegion||ChoiceScarf|Adaptability|LastRespects,WaveCrash,AquaJet,FlipTurn|Jolly||M|||50|]Gardevoir||Gardevoirite|Telepathy|Protect,Psyshock,HyperVoice,CalmMind|Modest||F|||50|]Maushold-Four||ChopleBerry|FriendGuard|Protect,SuperFang,Taunt,FollowMe|Impish|||||50|]Talonflame||SharpBeak|GaleWings|QuickGuard,Tailwind,BraveBird,FlareBlitz|Jolly||F|||50|]Raichu||RaichuniteY|LightningRod|Protect,FakeOut,ZapCannon,FocusBlast|Modest||M|||50|
|showteam|p2|Whimsicott||FocusSash|Prankster|Tailwind,Moonblast,Encore,Protect|Timid||M|||50|]Kommo-o||LifeOrb|Overcoat|ClangingScales,AuraSphere,VacuumWave,Protect|Modest||M|||50|]Charizard||CharizarditeY|Blaze|HeatWave,SolarBeam,WeatherBall,Protect|Modest||F|||50|]Incineroar||SitrusBerry|Intimidate|FakeOut,FlareBlitz,DarkestLariat,PartingShot|Adamant||F|||50|]Sylveon||FairyFeather|Pixilate|HyperVoice,HyperBeam,QuickAttack,Detect|Modest||F|||50|]Basculegion||MysticWater|SwiftSwim|WaveCrash,LastRespects,AquaJet,Protect|Adamant||M|||50|
|c|☆DeewompostYT|Then was fast
|c|☆JonnyNerd|yeah
|
|t:|1785288759
|teamsize|p1|4
|teamsize|p2|4
|start
|switch|p1a: Maushold|Maushold-Four, L50|100/100
|switch|p1b: Gardevoir|Gardevoir, L50, F|100/100
|switch|p2a: Basculegion|Basculegion, L50, M|100/100
|switch|p2b: Sylveon|Sylveon, L50, F|100/100
|turn|1
|
|t:|1785288817
|detailschange|p1b: Gardevoir|Gardevoir-Mega, L50, F
|-mega|p1b: Gardevoir|Gardevoir|Gardevoirite
|move|p1a: Maushold|Follow Me|p1a: Maushold
|-singleturn|p1a: Maushold|move: Follow Me
|move|p1b: Gardevoir|Hyper Voice|p2b: Sylveon|[spread] p2a,p2b
|-damage|p2a: Basculegion|43/100
|-damage|p2b: Sylveon|65/100
|move|p2a: Basculegion|Wave Crash|p1a: Maushold
|-damage|p1a: Maushold|30/100
|-damage|p2a: Basculegion|22/100|[from] Recoil
|move|p2b: Sylveon|Hyper Voice|p1b: Gardevoir|[spread] p1a,p1b
|-damage|p1a: Maushold|0 fnt
|-damage|p1b: Gardevoir|70/100
|faint|p1a: Maushold
|
|upkeep
|
|t:|1785288829
|switch|p1a: Basculegion|Basculegion, L50, M|100/100
|turn|2
|
|t:|1785288839
|move|p2b: Sylveon|Detect|p2b: Sylveon
|-singleturn|p2b: Sylveon|Protect
|move|p2a: Basculegion|Aqua Jet|p1b: Gardevoir
|-damage|p1b: Gardevoir|42/100
|move|p1a: Basculegion|Wave Crash|p2b: Sylveon
|-activate|p2b: Sylveon|move: Protect
|move|p1b: Gardevoir|Calm Mind|p1b: Gardevoir
|-boost|p1b: Gardevoir|spa|1
|-boost|p1b: Gardevoir|spd|1
|
|upkeep
|turn|3
|
|t:|1785288879
|move|p2a: Basculegion|Protect|p2a: Basculegion
|-singleturn|p2a: Basculegion|Protect
|move|p2b: Sylveon|Quick Attack|p1b: Gardevoir
|-damage|p1b: Gardevoir|27/100
|move|p1a: Basculegion|Wave Crash|p2b: Sylveon
|-damage|p2b: Sylveon|0 fnt
|faint|p2b: Sylveon
|-damage|p1a: Basculegion|77/100|[from] Recoil
|move|p1b: Gardevoir|Hyper Voice|p2a: Basculegion
|-activate|p2a: Basculegion|move: Protect
|
|upkeep
|
|t:|1785288892
|switch|p2b: Charizard|Charizard, L50, F|100/100
|turn|4
|
|t:|1785288927
|move|p2b: Charizard|Protect|p2b: Charizard
|-singleturn|p2b: Charizard|Protect
|move|p1b: Gardevoir|Protect|p1b: Gardevoir
|-singleturn|p1b: Gardevoir|Protect
|move|p2a: Basculegion|Aqua Jet|p1b: Gardevoir
|-activate|p1b: Gardevoir|move: Protect
|move|p1a: Basculegion|Wave Crash|p2b: Charizard
|-activate|p2b: Charizard|move: Protect
|
|upkeep
|turn|5
|
|t:|1785288963
|detailschange|p2b: Charizard|Charizard-Mega-Y, L50, F
|-mega|p2b: Charizard|Charizard|Charizardite Y
|-weather|SunnyDay|[from] ability: Drought|[of] p2b: Charizard
|move|p2a: Basculegion|Aqua Jet|p1b: Gardevoir
|-damage|p1b: Gardevoir|13/100
|move|p1a: Basculegion|Wave Crash|p2b: Charizard
|-supereffective|p2b: Charizard|1
|-damage|p2b: Charizard|7/100
|-damage|p1a: Basculegion|52/100|[from] Recoil
|move|p2b: Charizard|Solar Beam||[still]
|-prepare|p2b: Charizard|Solar Beam
|-anim|p2b: Charizard|Solar Beam|p1a: Basculegion
|-supereffective|p1a: Basculegion|1
|-damage|p1a: Basculegion|0 fnt
|faint|p1a: Basculegion
|move|p1b: Gardevoir|Hyper Voice|p2a: Basculegion|[spread] p2a,p2b
|-resisted|p2b: Charizard|1
|-damage|p2a: Basculegion|0 fnt
|-damage|p2b: Charizard|0 fnt
|faint|p2a: Basculegion
|faint|p2b: Charizard
|
|-weather|SunnyDay|[upkeep]
|upkeep
|
|t:|1785288978
|switch|p2b: Incineroar|Incineroar, L50, F|100/100
|switch|p1a: Mamoswine|Mamoswine, L50, M|100/100
|-ability|p2b: Incineroar|Intimidate|boost
|-fail|p1a: Mamoswine|unboost|Attack|[from] ability: Oblivious|[of] p1a: Mamoswine
|-unboost|p1b: Gardevoir|atk|1
|turn|6
|
|t:|1785288991
|move|p1b: Gardevoir|Protect|p1b: Gardevoir
|-singleturn|p1b: Gardevoir|Protect
|move|p1a: Mamoswine|Earthquake|p2b: Incineroar|[spread] p2b
|-activate|p1b: Gardevoir|move: Protect
|-supereffective|p2b: Incineroar|1
|-damage|p2b: Incineroar|0 fnt
|faint|p2b: Incineroar
|
|win|JonnyNerd
||DeewompostYT is ready for game 2.
||JonnyNerd is ready for game 2.
|uhtml|next|Next: Game 2 of 3
|l|☆JonnyNerd
|player|p1|
