|j|☆resetrose
|j|☆masticant3
|html|resetrosemasticant3    
|uhtml|bestof|Game 3 of a best-of-3
|t:|1785964362
|gametype|doubles
|player|p1|resetrose|101|
|player|p2|masticant3|cress|
|gen|9
|tier|[Gen 9 Champions] VGC 2026 Reg M-B (Bo3)
|rule|Species Clause: Limit one of each Pokémon
|rule|Item Clause: Limit 1 of each item
|clearpoke
|poke|p1|Forretress, L50, M|
|poke|p1|Torkoal, L50, F|
|poke|p1|Lycanroc-Midnight, L50, M|
|poke|p1|Gourgeist-Super, L50, M|
|poke|p1|Simipour, L50, F|
|poke|p1|Farigiraf, L50, M|
|poke|p2|Sceptile, L50, M|
|poke|p2|Rotom-Heat, L50|
|poke|p2|Vivillon, L50, F|
|poke|p2|Basculegion, L50, M|
|poke|p2|Lopunny, L50, M|
|poke|p2|Simisear, L50, M|
|teampreview|4
|showteam|p1|Forretress||IronBall|Sturdy|PainSplit,SunnyDay,GyroBall,HelpingHand|Brave||M|||50|]Torkoal||Charcoal|Drought|Eruption,WeatherBall,EarthPower,Protect|Quiet||F|||50|]Lycanroc-Midnight||ChoiceScarf|NoGuard|KnockOff,StoneEdge,Snarl,PlayRough|Jolly||M|||50|]Gourgeist-Super||OccaBerry|Frisk|PowerWhip,Poltergeist,WillOWisp,TrickRoom|Brave||M|||50|]Simipour||FocusSash|Torrent|FakeOut,FlipTurn,Scald,IceBeam|Timid||F|||50|]Farigiraf||SitrusBerry|ArmorTail|AllySwitch,TrickRoom,Thunderbolt,Psychic|Quiet||M|||50|
|showteam|p2|Sceptile||Sceptilite|Overgrow|Protect,LeafStorm,EarthPower,VacuumWave|Modest||M|||50|]Rotom-Heat||ChoiceScarf|Levitate|Discharge,Overheat,VoltSwitch,DarkPulse|Modest|||||50|]Vivillon||SitrusBerry|ShieldDust|Protect,RagePowder,SleepPowder,Hurricane|Timid||F|||50|]Basculegion||LifeOrb|SwiftSwim|Protect,AquaJet,WaveCrash,LastRespects|Jolly||M|||50|]Lopunny||SilkScarf|Limber|FakeOut,Uturn,QuickAttack,Encore|Adamant||M|||50|]Simisear||FocusSash|Blaze|FakeOut,RockSlide,Overheat,Protect|Naughty||M|||50|
|inactive|Battle timer is ON: inactive players will automatically lose when time's up. (requested by masticant3)
|inactiveoff|Battle timer is now OFF.
|
|t:|1785964390
|teamsize|p1|4
|teamsize|p2|4
|start
|switch|p1a: Simipour|Simipour, L50, F|100/100
|switch|p1b: Farigiraf|Farigiraf, L50, M|100/100
|switch|p2a: Simisear|Simisear, L50, M|100/100
|switch|p2b: Rotom|Rotom-Heat, L50|100/100
|turn|1
|
|t:|1785964405
|switch|p2a: Sceptile|Sceptile, L50, M|100/100
|move|p1b: Farigiraf|Ally Switch|p1b: Farigiraf
|swap|p1b: Farigiraf|0|[from] move: Ally Switch
|move|p2b: Rotom|Volt Switch|p1a: Farigiraf
|-damage|p1a: Farigiraf|71/100
|
|t:|1785964427
|switch|p2b: Basculegion|Basculegion, L50, M|100/100|[from] Volt Switch
|move|p1b: Simipour|Scald|p2b: Basculegion
|-resisted|p2b: Basculegion|1
|-damage|p2b: Basculegion|81/100
|
|upkeep
|turn|2
|
|t:|1785964442
|detailschange|p2a: Sceptile|Sceptile-Mega, L50, M
|-mega|p2a: Sceptile|Sceptile|Sceptilite
|move|p1a: Farigiraf|Ally Switch|p1a: Farigiraf
|swap|p1a: Farigiraf|1|[from] move: Ally Switch
|move|p2a: Sceptile|Leaf Storm|p1a: Simipour
|-supereffective|p1a: Simipour|1
|-enditem|p1a: Simipour|Focus Sash
|-damage|p1a: Simipour|1/100
|-unboost|p2a: Sceptile|spa|2
|move|p1a: Simipour|Ice Beam|p2a: Sceptile
|-supereffective|p2a: Sceptile|2
|-damage|p2a: Sceptile|0 fnt
|faint|p2a: Sceptile
|move|p2b: Basculegion|Wave Crash|p1a: Simipour
|-resisted|p1a: Simipour|1
|-damage|p1a: Simipour|0 fnt
|faint|p1a: Simipour
|-damage|p2b: Basculegion|81/100|[from] Recoil
|-damage|p2b: Basculegion|71/100|[from] item: Life Orb
|
|upkeep
|
|t:|1785964466
|switch|p2a: Rotom|Rotom-Heat, L50|100/100
|switch|p1a: Torkoal|Torkoal, L50, F|100/100
|-weather|SunnyDay|[from] ability: Drought|[of] p1a: Torkoal
|turn|3
|
|t:|1785964490
|switch|p1a: Forretress|Forretress, L50, M|100/100
|move|p2a: Rotom|Dark Pulse|p1b: Farigiraf
|-supereffective|p1b: Farigiraf|1
|-damage|p1b: Farigiraf|20/100y
|-enditem|p1b: Farigiraf|Sitrus Berry|[eat]
|-heal|p1b: Farigiraf|45/100|[from] item: Sitrus Berry
|move|p2b: Basculegion|Wave Crash|p1a: Forretress
|-damage|p1a: Forretress|68/100
|-damage|p2b: Basculegion|63/100|[from] Recoil
|-damage|p2b: Basculegion|54/100|[from] item: Life Orb
|cant|p1b: Farigiraf|flinch
|
|-weather|SunnyDay|[upkeep]
|upkeep
|turn|4
|
|t:|1785964515
|switch|p2b: Simisear|Simisear, L50, M|100/100
|move|p2a: Rotom|Dark Pulse|p1b: Farigiraf
|-supereffective|p1b: Farigiraf|1
|-damage|p1b: Farigiraf|0 fnt
|faint|p1b: Farigiraf
|move|p1a: Forretress|Gyro Ball|p2b: Simisear
|-resisted|p2b: Simisear|1
|-damage|p2b: Simisear|56/100
|
|-weather|SunnyDay|[upkeep]
|upkeep
|
|t:|1785964525
|switch|p1b: Torkoal|Torkoal, L50, F|100/100
|turn|5
|
|t:|1785964534
|move|p1b: Torkoal|Protect|p1b: Torkoal
|-singleturn|p1b: Torkoal|Protect
|move|p2a: Rotom|Dark Pulse|p1b: Torkoal
|-activate|p1b: Torkoal|move: Protect
|move|p2b: Simisear|Rock Slide|p1a: Forretress|[spread] p1a
|-activate|p1b: Torkoal|move: Protect
|-damage|p1a: Forretress|54/100
|move|p1a: Forretress|Pain Split|p2a: Rotom
|-sethp|p2a: Rotom|80/100|[from] move: Pain Split|[silent]
|-sethp|p1a: Forretress|71/100|[from] move: Pain Split
|
|-weather|SunnyDay|[upkeep]
|upkeep
|turn|6
|
|t:|1785964558
|move|p1a: Forretress|Helping Hand|p1b: Torkoal
|-singleturn|p1b: Torkoal|Helping Hand|[of] p1a: Forretress
|move|p2a: Rotom|Dark Pulse|p1b: Torkoal
|-damage|p1b: Torkoal|66/100
|move|p2b: Simisear|Rock Slide|p1a: Forretress|[spread] p1a,p1b
|-supereffective|p1b: Torkoal|1
|-damage|p1a: Forretress|56/100
|-damage|p1b: Torkoal|41/100
|move|p1b: Torkoal|Eruption|p2b: Simisear|[spread] p2a,p2b
|-resisted|p2a: Rotom|1
|-resisted|p2b: Simisear|1
|-damage|p2a: Rotom|44/100
|-damage|p2b: Simisear|8/100
|
|-weather|SunnyDay|[upkeep]
|upkeep
|turn|7
|
|t:|1785964578
|move|p1b: Torkoal|Protect|p1b: Torkoal
|-singleturn|p1b: Torkoal|Protect
|move|p2a: Rotom|Dark Pulse|p1b: Torkoal
|-activate|p1b: Torkoal|move: Protect
|move|p2b: Simisear|Overheat|p1a: Forretress
|-supereffective|p1a: Forretress|2
|-damage|p1a: Forretress|0 fnt
|-unboost|p2b: Simisear|spa|2
|faint|p1a: Forretress
|
|-weather|none
|upkeep
|turn|8
|-message|resetrose forfeited.
|
|win|masticant3
