|j|☆Destralito
|j|☆noodleSandwich111
|html|DestralitonoodleSandwich111    
|uhtml|bestof|Game 3 of a best-of-3
|t:|1756155811
|gametype|doubles
|player|p1|Destralito|clown|1104
|player|p2|noodleSandwich111|unknownf|1137
|gen|9
|tier|[Gen 9] VGC 2025 Reg H (Bo3)
|rated|
|rule|Species Clause: Limit one of each Pokémon
|rule|Item Clause: Limit 1 of each item
|clearpoke
|poke|p1|Indeedee, L50, M|
|poke|p1|Magmar, L50, M|
|poke|p1|Corviknight, L50, M|
|poke|p1|Sneasler, L50, F|
|poke|p1|Tyranitar, L50, M|
|poke|p1|Excadrill, L50, M|
|poke|p2|Volcarona, L50, F|
|poke|p2|Grimmsnarl, L50, M|
|poke|p2|Dragonite, L50, M|
|poke|p2|Sneasler, L50, M|
|poke|p2|Annihilape, L50, M|
|poke|p2|Ursaluna-Bloodmoon, L50, M|
|teampreview|4
|showteam|p1|Indeedee||ChoiceScarf|PsychicSurge|Trick,ExpandingForce,TeraBlast,Protect|||M|||50|,,,,,Psychic]Magmar||Eviolite|VitalSpirit|HeatWave,FollowMe,HelpingHand,Protect|||M|||50|,,,,,Flying]Corviknight||PsychicSeed|MirrorArmor|BraveBird,Roost,BulkUp,PowerTrip|||M|||50|,,,,,Water]Sneasler||WhiteHerb|Unburden|Coaching,CloseCombat,DireClaw,Protect|||F|||50|,,,,,Flying]Tyranitar||AssaultVest|SandStream|RockSlide,KnockOff,LowKick,TeraBlast|||M|||50|,,,,,Flying]Excadrill||FocusSash|SandRush|Earthquake,DrillRun,IronHead,Protect|||M|||50|,,,,,Ground
|showteam|p2|Volcarona||Leftovers|FlameBody|Protect,HeatWave,QuiverDance,GigaDrain|||F|||50|,,,,,Grass]Grimmsnarl||LightClay|Prankster|SpiritBreak,LightScreen,Reflect,ThunderWave|||M|||50|,,,,,Steel]Dragonite||LoadedDice|InnerFocus|ScaleShot,LowKick,ExtremeSpeed,Haze|||M|||50|,,,,,Steel]Sneasler||FocusSash|Unburden|DireClaw,FakeOut,CloseCombat,ThroatChop|||M|||50|,,,,,Dark]Annihilape||SafetyGoggles|Defiant|Protect,DrainPunch,BulkUp,RageFist|||M|||50|,,,,,Fire]Ursaluna-Bloodmoon||AssaultVest|MindsEye|EarthPower,BloodMoon,HyperVoice,VacuumWave|||M|||50|,,,,,Water
|j| teamthief420
|inactive|Battle timer is ON: inactive players will automatically lose when time's up. (requested by Destralito)
|inactive|noodleSandwich111 has 60 seconds left.
|l| teamthief420
|
|t:|1756155907
|teamsize|p1|4
|teamsize|p2|4
|start
|switch|p1a: Indeedee|Indeedee, L50, M|100/100
|switch|p1b: Corviknight|Corviknight, L50, M|100/100
|switch|p2a: Ursaluna|Ursaluna-Bloodmoon, L50, M|100/100
|switch|p2b: Sneasler|Sneasler, L50, M|100/100
|-fieldstart|move: Psychic Terrain|[from] ability: Psychic Surge|[of] p1a: Indeedee
|-enditem|p1b: Corviknight|Psychic Seed
|-boost|p1b: Corviknight|spd|1|[from] item: Psychic Seed
|turn|1
|inactive|noodleSandwich111 has 30 seconds left.
|inactive|noodleSandwich111 has 20 seconds left.
|inactive|noodleSandwich111 has 15 seconds left.
|
|t:|1756155948
|switch|p1a: Magmar|Magmar, L50, M|100/100
|switch|p2a: Grimmsnarl|Grimmsnarl, L50, M|100/100
|-terastallize|p2b: Sneasler|Dark
|move|p2b: Sneasler|Throat Chop|p1a: Magmar
|-damage|p1a: Magmar|64/100
|-start|p1a: Magmar|Throat Chop|[silent]
|move|p1b: Corviknight|Bulk Up|p1b: Corviknight
|-boost|p1b: Corviknight|atk|1
|-boost|p1b: Corviknight|def|1
|
|upkeep
|turn|2
|inactive|Destralito has 30 seconds left.
|inactive|noodleSandwich111 has 30 seconds left.
|inactive|Destralito has 20 seconds left.
|inactive|Destralito has 15 seconds left.
|inactive|Destralito has 10 seconds left.
|
|t:|1756155996
|move|p2a: Grimmsnarl|Reflect|p2a: Grimmsnarl
|-sidestart|p2: noodleSandwich111|Reflect
|move|p2b: Sneasler|Dire Claw|p1a: Magmar
|-damage|p1a: Magmar|32/100
|-status|p1a: Magmar|psn
|move|p1a: Magmar|Heat Wave|p2b: Sneasler|[spread] p2a,p2b
|-damage|p2a: Grimmsnarl|78/100
|-damage|p2b: Sneasler|63/100
|move|p1b: Corviknight|Bulk Up|p1b: Corviknight
|-boost|p1b: Corviknight|atk|1
|-boost|p1b: Corviknight|def|1
|
|-damage|p1a: Magmar|20/100 psn|[from] psn
|-end|p1a: Magmar|Throat Chop|[silent]
|upkeep
|turn|3
|inactive|Destralito has 30 seconds left.
|inactive|noodleSandwich111 has 30 seconds left.
|inactive|Destralito has 20 seconds left.
|inactive|noodleSandwich111 has 20 seconds left.
|inactive|Destralito has 15 seconds left.
|inactive|noodleSandwich111 has 15 seconds left.
|inactive|noodleSandwich111 has 10 seconds left.
|
|t:|1756156047
|move|p1a: Magmar|Protect|p1a: Magmar
|-singleturn|p1a: Magmar|Protect
|move|p2a: Grimmsnarl|Thunder Wave|p1b: Corviknight
|-status|p1b: Corviknight|par
|move|p2b: Sneasler|Throat Chop|p1a: Magmar
|-activate|p1a: Magmar|move: Protect
|move|p1b: Corviknight|Brave Bird|p2b: Sneasler
|-damage|p2b: Sneasler|0 fnt
|faint|p2b: Sneasler
|-damage|p1b: Corviknight|85/100 par|[from] Recoil
|
|-damage|p1a: Magmar|8/100 psn|[from] psn
|upkeep
|
|t:|1756156051
|switch|p2b: Dragonite|Dragonite, L50, M|100/100
|turn|4
|inactive|Destralito has 30 seconds left.
|inactive|noodleSandwich111 has 30 seconds left.
|inactive|Destralito has 20 seconds left.
|inactive|Destralito has 15 seconds left.
|
|t:|1756156093
|switch|p2a: Ursaluna|Ursaluna-Bloodmoon, L50, M|100/100
|move|p1a: Magmar|Follow Me|p1a: Magmar
|-singleturn|p1a: Magmar|move: Follow Me
|move|p2b: Dragonite|Haze|p2b: Dragonite
|-clearallboost
|move|p1b: Corviknight|Roost|p1b: Corviknight
|-heal|p1b: Corviknight|100/100 par
|-singleturn|p1b: Corviknight|move: Roost
|
|-damage|p1a: Magmar|0 fnt|[from] psn
|faint|p1a: Magmar
|upkeep
|
|t:|1756156117
|switch|p1a: Indeedee|Indeedee, L50, M|100/100
|turn|5
|inactive|Destralito has 30 seconds left.
|inactive|Destralito has 20 seconds left.
|inactive|Destralito has 15 seconds left.
|
|t:|1756156158
|-terastallize|p1a: Indeedee|Psychic
|move|p1a: Indeedee|Expanding Force|p2a: Ursaluna|[spread] p2a,p2b
|-damage|p2a: Ursaluna|40/100
|-damage|p2b: Dragonite|18/100
|move|p2b: Dragonite|Scale Shot|p1a: Indeedee
|-damage|p1a: Indeedee|66/100
|-damage|p1a: Indeedee|37/100
|-damage|p1a: Indeedee|8/100
|-damage|p1a: Indeedee|0 fnt
|faint|p1a: Indeedee
|-hitcount|p1: Indeedee|4
|-unboost|p2b: Dragonite|def|1
|-boost|p2b: Dragonite|spe|1
|move|p2a: Ursaluna|Hyper Voice|p1b: Corviknight
|-resisted|p1b: Corviknight
|-damage|p1b: Corviknight|77/100 par
|move|p1b: Corviknight|Brave Bird|p2a: Ursaluna
|-damage|p2a: Ursaluna|19/100
|-damage|p1b: Corviknight|70/100 par|[from] Recoil
|
|-fieldend|move: Psychic Terrain
|upkeep
|
|t:|1756156181
|switch|p1a: Sneasler|Sneasler, L50, F|100/100
|turn|6
|inactive|noodleSandwich111 has 30 seconds left.
|inactive|noodleSandwich111 has 20 seconds left.
|
|t:|1756156220
|move|p1a: Sneasler|Protect|p1a: Sneasler
|-singleturn|p1a: Sneasler|Protect
|move|p2b: Dragonite|Scale Shot|p1a: Sneasler
|-activate|p1a: Sneasler|move: Protect
|move|p2a: Ursaluna|Blood Moon|p1b: Corviknight
|-resisted|p1b: Corviknight
|-damage|p1b: Corviknight|33/100 par
|move|p1b: Corviknight|Brave Bird|p2b: Dragonite
|-damage|p2b: Dragonite|0 fnt
|faint|p2b: Dragonite
|-damage|p1b: Corviknight|28/100 par|[from] Recoil
|
|upkeep
|
|t:|1756156224
|switch|p2b: Grimmsnarl|Grimmsnarl, L50, M|78/100
|turn|7
|
|t:|1756156242
|move|p2b: Grimmsnarl|Thunder Wave|p1a: Sneasler
|-status|p1a: Sneasler|par
|move|p1a: Sneasler|Close Combat|p2a: Ursaluna
|-supereffective|p2a: Ursaluna
|-damage|p2a: Ursaluna|0 fnt
|-unboost|p1a: Sneasler|def|1
|-unboost|p1a: Sneasler|spd|1
|faint|p2a: Ursaluna
|-enditem|p1a: Sneasler|White Herb
|-clearnegativeboost|p1a: Sneasler|[silent]
|cant|p1b: Corviknight|par
|
|upkeep
|turn|8
|
|t:|1756156257
|move|p1a: Sneasler|Dire Claw|p2b: Grimmsnarl
|-supereffective|p2b: Grimmsnarl
|-damage|p2b: Grimmsnarl|18/100
|-status|p2b: Grimmsnarl|psn
|move|p2b: Grimmsnarl|Spirit Break|p1a: Sneasler
|-damage|p1a: Sneasler|49/100 par
|-unboost|p1a: Sneasler|spa|1
|move|p1b: Corviknight|Roost|p1b: Corviknight
|-heal|p1b: Corviknight|78/100 par
|-singleturn|p1b: Corviknight|move: Roost
|
|-damage|p2b: Grimmsnarl|6/100 psn|[from] psn
|upkeep
|turn|9
|
|t:|1756156277
|move|p2b: Grimmsnarl|Thunder Wave|p1a: Sneasler
|-fail|p1a: Sneasler|par
|move|p1a: Sneasler|Close Combat|p2b: Grimmsnarl
|-damage|p2b: Grimmsnarl|0 fnt
|-unboost|p1a: Sneasler|def|1
|-unboost|p1a: Sneasler|spd|1
|faint|p2b: Grimmsnarl
|
|win|Destralito
|raw|Destralito's rating: 1104 → 1131(+27 for winning)
|raw|noodleSandwich111's rating: 1137 → 1110(-27 for losing)
