|j|☆Javy Moment
|j|☆ZeraSora
|html|Javy MomentZeraSora    
|uhtml|bestof|Game 3 of a best-of-3
|t:|1756420086
|gametype|doubles
|player|p1|Javy Moment|2|
|player|p2|ZeraSora|steven|
|gen|9
|tier|[Gen 9] VGC 2025 Reg H (Bo3)
|rule|Species Clause: Limit one of each Pokémon
|rule|Item Clause: Limit 1 of each item
|clearpoke
|poke|p1|Yanmega, L50, M|
|poke|p1|Sableye, L50, F|
|poke|p1|Ursaluna, L50, M|
|poke|p1|Corviknight, L50, F|
|poke|p1|Volcarona, L50, F|
|poke|p1|Primarina, L50, F|
|poke|p2|Volcarona, L50, M|
|poke|p2|Rillaboom, L50, M|
|poke|p2|Gholdengo, L50|
|poke|p2|Whimsicott, L50, M|
|poke|p2|Palafin, L50, M|
|poke|p2|Ursaluna-Bloodmoon, L50, M|
|teampreview|4
|showteam|p1|Yanmega||FocusSash|SpeedBoost|AirSlash,Tailwind,Hypnosis,Protect|||M|||50|,,,,,Ghost]Sableye||EjectButton|Prankster|FoulPlay,Gravity,FakeOut,Quash|||F|||50|,,,,,Steel]Ursaluna||FlameOrb|Guts|Protect,Facade,HeadlongRush,Earthquake|||M|||50|,,,,,Ground]Corviknight||AguavBerry|MirrorArmor|BraveBird,Tailwind,Protect,Roost|||F|||50|,,,,,Dragon]Volcarona||CovertCloak|FlameBody|QuiverDance,HeatWave,GigaDrain,Protect|||F|||50|,,,,,Grass]Primarina||ThroatSpray|LiquidVoice|HyperVoice,Moonblast,Protect,PerishSong|||F|||50|,,,,,Ghost
|showteam|p2|Volcarona||Leftovers|FlameBody|TeraBlast,HeatWave,QuiverDance,Protect|||M|||50|,,,,,Fairy]Rillaboom||AssaultVest|GrassySurge|FakeOut,GrassyGlide,WoodHammer,Uturn|||M|||50|,,,,,Fire]Gholdengo||IronPlate|GoodasGold|NastyPlot,Protect,MakeItRain,ShadowBall||||||50|,,,,,Steel]Whimsicott||CovertCloak|Prankster|Tailwind,Moonblast,HelpingHand,Taunt|||M|||50|,,,,,Water]Palafin||ChoiceBand|ZerotoHero|JetPunch,WaveCrash,FlipTurn,CloseCombat|||M|||50|,,,,,Water]Ursaluna-Bloodmoon||LifeOrb|MindsEye|HyperVoice,BloodMoon,EarthPower,Protect|||M|||50|,,,,,Normal
|j| Sogerto
|j| L1mun
|j| nebbyblast
|j| Scarlanox
|j| Adam2Big
|j| ConnorClub
|j| sharkssss
|
|t:|1756420147
|teamsize|p1|4
|teamsize|p2|4
|start
|switch|p1a: Corviknight|Corviknight, L50, F|100/100
|switch|p1b: Volcarona|Volcarona, L50, F|100/100
|switch|p2a: Palafin|Palafin, L50, M|100/100
|switch|p2b: Ursaluna|Ursaluna-Bloodmoon, L50, M|100/100
|turn|1
|
|t:|1756420224
|detailschange|p2a: Palafin|Palafin-Hero, L50, M
|switch|p2a: Volcarona|Volcarona, L50, M, shiny|100/100
|-terastallize|p1b: Volcarona|Grass
|-terastallize|p2b: Ursaluna|Normal
|move|p1b: Volcarona|Quiver Dance|p1b: Volcarona
|-boost|p1b: Volcarona|spa|1
|-boost|p1b: Volcarona|spd|1
|-boost|p1b: Volcarona|spe|1
|move|p2b: Ursaluna|Blood Moon|p1b: Volcarona
|-damage|p1b: Volcarona|29/100
|-damage|p2b: Ursaluna|91/100|[from] item: Life Orb
|move|p1a: Corviknight|Brave Bird|p2b: Ursaluna
|-damage|p2b: Ursaluna|53/100
|-damage|p1a: Corviknight|89/100|[from] Recoil
|
|upkeep
|turn|2
|j| SistasUnited
|n| Spud5You|spud5you
|c| Spud5You|Hopeful this is one of the greatest days in Pokemon history.
|
|t:|1756420438
|move|p2b: Ursaluna|Protect|p2b: Ursaluna
|-singleturn|p2b: Ursaluna|Protect
|move|p1b: Volcarona|Heat Wave|p2a: Volcarona|[spread] p2a
|-activate|p2b: Ursaluna|move: Protect
|-damage|p2a: Volcarona|55/100
|move|p2a: Volcarona|Heat Wave|p1b: Volcarona|[spread] p1a,p1b
|-supereffective|p1a: Corviknight
|-supereffective|p1b: Volcarona
|-damage|p1a: Corviknight|33/100
|-damage|p1b: Volcarona|0 fnt
|faint|p1b: Volcarona
|move|p1a: Corviknight|Brave Bird|p2a: Volcarona
|-supereffective|p2a: Volcarona
|-damage|p2a: Volcarona|0 fnt
|faint|p2a: Volcarona
|-damage|p1a: Corviknight|17/100|[from] Recoil
|-enditem|p1a: Corviknight|Aguav Berry|[eat]
|-heal|p1a: Corviknight|50/100|[from] item: Aguav Berry
|
|upkeep
|c| Spud5You|Perfect move Sora
|c|☆ZeraSora|thanks i'm really stressing atm xD
|
|t:|1756420469
|switch|p2a: Palafin|Palafin-Hero, L50, M|100/100
|switch|p1b: Primarina|Primarina, L50, F|100/100
|-activate|p2a: Palafin|ability: Zero to Hero
|turn|3
|c| Spud5You|The key is that you killed his Tera and didn’t greed trying to quiver
|c| Spud5You|and your dude is big now
|c| Spud5You|Go get em, beast
|l| SistasUnited
|j| SistasUnited
|
|t:|1756420572
|switch|p2b: Rillaboom|Rillaboom, L50, M|100/100
|-fieldstart|move: Grassy Terrain|[from] ability: Grassy Surge|[of] p2b: Rillaboom
|move|p1a: Corviknight|Protect|p1a: Corviknight
|-singleturn|p1a: Corviknight|Protect
|move|p2a: Palafin|Wave Crash|p1a: Corviknight
|-activate|p1a: Corviknight|move: Protect
|move|p1b: Primarina|Hyper Voice|p2b: Rillaboom|[spread] p2a,p2b
|-resisted|p2a: Palafin
|-resisted|p2b: Rillaboom
|-damage|p2a: Palafin|77/100
|-damage|p2b: Rillaboom|88/100
|-enditem|p1b: Primarina|Throat Spray
|-boost|p1b: Primarina|spa|1|[from] item: Throat Spray
|
|-heal|p2a: Palafin|83/100|[from] Grassy Terrain
|-heal|p2b: Rillaboom|94/100|[from] Grassy Terrain
|upkeep
|turn|4
|c| Spud5You|OH SHIT
|c| Spud5You|SORA GOT THAT ROLLY ON EM
|l| Spud5You
|l| SistasUnited
|l| nebbyblast
|j| SistasUnited
|
|t:|1756420701
|move|p2b: Rillaboom|Grassy Glide|p1b: Primarina
|-supereffective|p1b: Primarina
|-damage|p1b: Primarina|0 fnt
|faint|p1b: Primarina
|move|p2a: Palafin|Wave Crash|p1a: Corviknight
|-damage|p1a: Corviknight|0 fnt
|faint|p1a: Corviknight
|-damage|p2a: Palafin|64/100|[from] Recoil
|
|-heal|p2a: Palafin|70/100|[from] Grassy Terrain
|-heal|p2b: Rillaboom|99/100|[from] Grassy Terrain
|upkeep
|c|☆Javy Moment|gg
|
|t:|1756420710
|switch|p1a: Ursaluna|Ursaluna, L50, M|100/100
|turn|5
|
|t:|1756420723
|move|p2a: Palafin|Wave Crash|p1a: Ursaluna
|-supereffective|p1a: Ursaluna
|-damage|p1a: Ursaluna|0 fnt
|faint|p1a: Ursaluna
|-damage|p2a: Palafin|31/100|[from] Recoil
|
|win|ZeraSora
|c| sharkssss|SORAAA
|c|☆ZeraSora|gg!
|l| SistasUnited
|j| Spud5You
|c| L1mun|generational
|l| Sogerto
|l|☆Javy Moment
|player|p1|
|l| Spud5You
|l| Scarlanox
|c| L1mun|enjoy your holiday javy see ya next week for the valorant finals
|l| L1mun
|l| sharkssss
|j| nebbyblast
|l| nebbyblast
