|j|☆jraro7
|j|☆anino23
|html|jraro7anino23    
|uhtml|bestof|Game 1 of a best-of-3
|t:|1783618937
|gametype|doubles
|player|p1|jraro7|volkner|1064
|player|p2|anino23|266|1000
|gen|9
|tier|[Gen 9 Champions] VGC 2026 Reg M-B (Bo3)
|rated|
|rule|Species Clause: Limit one of each Pokémon
|rule|Item Clause: Limit 1 of each item
|clearpoke
|poke|p1|Charizard, L50, M|
|poke|p1|Pangoro, L50, F|
|poke|p1|Heracross, L50, M|
|poke|p1|Diggersby, L50, F|
|poke|p1|Whimsicott, L50, M|
|poke|p1|Aegislash, L50, M|
|poke|p2|Pyroar, L50, F|
|poke|p2|Scrafty, L50, M|
|poke|p2|Mamoswine, L50, F|
|poke|p2|Venusaur, L50, M|
|poke|p2|Torkoal, L50, F|
|poke|p2|Farigiraf, L50, M|
|teampreview|4
|showteam|p1|Charizard||CharizarditeY|Blaze|HeatWave,SolarBeam,AirSlash,Protect|Modest||M|||50|]Pangoro||LifeOrb|Scrappy|KnockOff,CloseCombat,IcePunch,Protect|Jolly||F|||50|]Heracross||Heracronite|Swarm|PinMissile,RockBlast,CloseCombat,Protect|Adamant||M|||50|]Diggersby||SilkScarf|HugePower|Earthquake,WildCharge,BodySlam,Protect|Adamant||F|||50|]Whimsicott||FocusSash|Prankster|Tailwind,Encore,Moonblast,Protect|Timid||M|||50|]Aegislash||Leftovers|StanceChange|KingsShield,ShadowBall,FlashCannon,WideGuard|Quiet||M|||50|
|showteam|p2|Pyroar||Pyroarite|Unnerve|HeatWave,Overheat,Yawn,Protect|Timid||F|||50|]Scrafty||Scraftinite|Intimidate|FakeOut,IcePunch,DrainPunch,KnockOff|Adamant||M|||50|]Mamoswine||FocusSash|Oblivious|IceShard,HighHorsepower,RockSlide,Protect|Jolly||F|||50|]Venusaur||LifeOrb|Chlorophyll|EnergyBall,EarthPower,SludgeBomb,Protect|Modest||M|||50|]Torkoal||HeatRock|Drought|Eruption,HelpingHand,WeatherBall,Protect|Quiet||F|||50|]Farigiraf||SitrusBerry|ArmorTail|Psychic,Thunderbolt,TrickRoom,Protect|Quiet||M|||50|
|inactive|Battle timer is ON: inactive players will automatically lose when time's up. (requested by anino23)
|inactive|anino23 has 60 seconds left.
|inactive|jraro7 has 60 seconds left.
|
|t:|1783618994
|teamsize|p1|4
|teamsize|p2|4
|start
|switch|p1a: Pangoro|Pangoro, L50, F|100/100
|switch|p1b: Heracross|Heracross, L50, M|100/100
|switch|p2a: Mamoswine|Mamoswine, L50, F|100/100
|switch|p2b: Pyroar|Pyroar, L50, F|100/100
|-ability|p2b: Pyroar|Unnerve
|turn|1
|inactive|anino23 has 30 seconds left.
|inactive|jraro7 has 30 seconds left.
|inactive|anino23 has 20 seconds left.
|inactive|jraro7 has 20 seconds left.
|inactive|anino23 has 15 seconds left.
|inactive|anino23 has 10 seconds left.
|
|t:|1783619044
|switch|p1b: Diggersby|Diggersby, L50, F|100/100
|detailschange|p2b: Pyroar|Pyroar-Mega, L50, F
|-mega|p2b: Pyroar|Pyroar|Pyroarite
|move|p2b: Pyroar|Protect|p2b: Pyroar
|-singleturn|p2b: Pyroar|Protect
|move|p2a: Mamoswine|Rock Slide|p1b: Diggersby|[spread] p1a,p1b
|-resisted|p1a: Pangoro|1
|-resisted|p1b: Diggersby|1
|-crit|p1b: Diggersby
|-damage|p1a: Pangoro|87/100
|-damage|p1b: Diggersby|79/100
|move|p1a: Pangoro|Close Combat|p2a: Mamoswine
|-supereffective|p2a: Mamoswine|1
|-enditem|p2a: Mamoswine|Focus Sash
|-damage|p2a: Mamoswine|1/100
|-unboost|p1a: Pangoro|def|1
|-unboost|p1a: Pangoro|spd|1
|-damage|p1a: Pangoro|77/100|[from] item: Life Orb
|
|upkeep
|turn|2
|inactive|jraro7 has 30 seconds left.
|inactive|anino23 has 30 seconds left.
|inactive|anino23 has 20 seconds left.
|inactive|anino23 has 15 seconds left.
|inactive|anino23 has 10 seconds left.
|
|t:|1783619090
|move|p1a: Pangoro|Protect|p1a: Pangoro
|-singleturn|p1a: Pangoro|Protect
|move|p2a: Mamoswine|Ice Shard|p1b: Diggersby
|-supereffective|p1b: Diggersby|1
|-damage|p1b: Diggersby|20/100y
|move|p2b: Pyroar|Heat Wave|p1a: Pangoro|[spread] p1b
|-activate|p1a: Pangoro|move: Protect
|-damage|p1b: Diggersby|0 fnt
|faint|p1b: Diggersby
|
|upkeep
|
|t:|1783619100
|switch|p1b: Aegislash|Aegislash, L50, M|100/100
|turn|3
|inactive|jraro7 has 30 seconds left.
|
|t:|1783619125
|move|p1b: Aegislash|Wide Guard|p1b: Aegislash
|-singleturn|p1b: Aegislash|Wide Guard
|move|p2b: Pyroar|Overheat|p1a: Pangoro
|-damage|p1a: Pangoro|0 fnt
|-unboost|p2b: Pyroar|spa|2
|faint|p1a: Pangoro
|move|p2a: Mamoswine|High Horsepower|p1b: Aegislash
|-supereffective|p1b: Aegislash|1
|-damage|p1b: Aegislash|23/100
|
|-heal|p1b: Aegislash|29/100|[from] item: Leftovers
|upkeep
|
|t:|1783619132
|switch|p1a: Heracross|Heracross, L50, M|100/100
|turn|4
|
|t:|1783619156
|switch|p2b: Farigiraf|Farigiraf, L50, M|100/100
|detailschange|p1a: Heracross|Heracross-Mega, L50, M
|-mega|p1a: Heracross|Heracross|Heracronite
|move|p2a: Mamoswine|Protect|p2a: Mamoswine
|-singleturn|p2a: Mamoswine|Protect
|move|p1a: Heracross|Rock Blast|p2b: Farigiraf
|-damage|p2b: Farigiraf|88/100
|-damage|p2b: Farigiraf|77/100
|-damage|p2b: Farigiraf|65/100
|-damage|p2b: Farigiraf|53/100
|-damage|p2b: Farigiraf|41/100
|-enditem|p2b: Farigiraf|Sitrus Berry|[eat]
|-heal|p2b: Farigiraf|65/100|[from] item: Sitrus Berry
|-hitcount|p2b: Farigiraf|5
|-formechange|p1b: Aegislash|Aegislash-Blade|
|move|p1b: Aegislash|Flash Cannon|p2a: Mamoswine
|-activate|p2a: Mamoswine|move: Protect
|
|-heal|p1b: Aegislash|35/100|[from] item: Leftovers
|upkeep
|turn|5
|
|t:|1783619177
|move|p2a: Mamoswine|High Horsepower|p1b: Aegislash
|-supereffective|p1b: Aegislash|1
|-damage|p1b: Aegislash|0 fnt
|faint|p1b: Aegislash
|move|p1a: Heracross|Pin Missile|p2b: Farigiraf
|-supereffective|p2b: Farigiraf|1
|-damage|p2b: Farigiraf|33/100
|-supereffective|p2b: Farigiraf|1
|-damage|p2b: Farigiraf|1/100
|-supereffective|p2b: Farigiraf|1
|-damage|p2b: Farigiraf|0 fnt
|faint|p2b: Farigiraf
|-hitcount|p2: Farigiraf|3
|
|upkeep
|
|t:|1783619188
|switch|p2b: Pyroar|Pyroar-Mega, L50, F|100/100
|turn|6
|
|t:|1783619199
|move|p2b: Pyroar|Yawn|p1a: Heracross
|-start|p1a: Heracross|move: Yawn|[of] p2b: Pyroar
|move|p2a: Mamoswine|Rock Slide|p1a: Heracross
|-damage|p1a: Heracross|72/100
|cant|p1a: Heracross|flinch
|
|upkeep
|turn|7
|inactive|jraro7 has 30 seconds left.
|inactive|jraro7 has 20 seconds left.
|inactive|jraro7 has 15 seconds left.
|inactive|jraro7 has 10 seconds left.
|inactive|jraro7 has 5 seconds left.
|
|t:|1783619254
|move|p2b: Pyroar|Protect|p2b: Pyroar
|-singleturn|p2b: Pyroar|Protect
|move|p2a: Mamoswine|Protect|p2a: Mamoswine
|-singleturn|p2a: Mamoswine|Protect
|move|p1a: Heracross|Pin Missile|p2b: Pyroar
|-activate|p2b: Pyroar|move: Protect
|
|-end|p1a: Heracross|move: Yawn|[silent]
|-status|p1a: Heracross|slp
|upkeep
|turn|8
|inactive|jraro7 has 30 seconds left.
|inactive|jraro7 has 20 seconds left.
|inactive|jraro7 has 15 seconds left.
|inactive|jraro7 has 10 seconds left.
|inactive|jraro7 has 5 seconds left.
|
|t:|1783619310
|move|p2a: Mamoswine|Ice Shard|p1a: Heracross
|-damage|p1a: Heracross|50/100g slp
|move|p2b: Pyroar|Heat Wave|p1a: Heracross
|-supereffective|p1a: Heracross|1
|-damage|p1a: Heracross|0 fnt
|faint|p1a: Heracross
|
|win|anino23
||anino23 is ready for game 2.
|inactive|jraro7 has 30 seconds to confirm battle start!
|inactive|jraro7 has 20 seconds to confirm battle start!
|inactive|jraro7 has 10 seconds to confirm battle start!
|uhtml|next|Next: Game 2 of 3
|l|☆jraro7
|player|p1|
|l|☆anino23
|player|p2|
|j|☆anino23
|player|p2|anino23|266|
|l|☆anino23
|player|p2|
|j|☆anino23
|player|p2|anino23|266|
