|j|☆reshiee
|j|☆GymGlofer
|html|reshieeGymGlofer    
|uhtml|bestof|Game 3 of a best-of-3
|t:|1785096395
|gametype|doubles
|player|p1|reshiee|gwynn|1131
|player|p2|GymGlofer|blackbelt|1129
|gen|9
|tier|[Gen 9 Champions] VGC 2026 Reg M-B (Bo3)
|rated|
|rule|Species Clause: Limit one of each Pokémon
|rule|Item Clause: Limit 1 of each item
|clearpoke
|poke|p1|Charizard, L50, M|
|poke|p1|Venusaur, L50, F|
|poke|p1|Pelipper, L50, F|
|poke|p1|Grimmsnarl, L50, M|
|poke|p1|Basculegion, L50, M|
|poke|p1|Archaludon, L50, M|
|poke|p2|Quaquaval, L50, M|
|poke|p2|Greninja, L50, F|
|poke|p2|Pelipper, L50, F|
|poke|p2|Basculegion-F, L50, F|
|poke|p2|Starmie, L50|
|poke|p2|Swampert, L50, M|
|teampreview|4
|showteam|p1|Charizard||CharizarditeY|Blaze|HeatWave,WeatherBall,SolarBeam,Protect|Modest||M|||50|]Venusaur||FocusSash|Chlorophyll|SludgeBomb,EarthPower,SleepPowder,Protect|Modest||F|||50|]Pelipper||SitrusBerry|Drizzle|Hurricane,WeatherBall,Tailwind,WideGuard|Modest||F|||50|]Grimmsnarl||LightClay|Prankster|SpiritBreak,Reflect,LightScreen,PartingShot|Sassy||M|||50|]Basculegion||ChoiceScarf|Adaptability|WaveCrash,LastRespects,FlipTurn,AquaJet|Jolly||M|||50|]Archaludon||Leftovers|Stamina|DragonPulse,FlashCannon,ElectroShot,Protect|Calm||M|||50|
|showteam|p2|Quaquaval||FocusSash|Moxie|AquaStep,CloseCombat,TripleAxel,Protect|Jolly||M|||50|]Greninja||Greninjite|Protean|FlipTurn,DarkPulse,IcyWind,Protect|Hasty||F|||50|]Pelipper||ZoomLens|Drizzle|MuddyWater,Hurricane,WideGuard,Protect|Quiet||F|||50|]Basculegion-F||LifeOrb|Adaptability|ChillingWater,ShadowBall,AquaJet,Protect|Timid||F|||50|]Starmie||ChoiceScarf|Illuminate|HydroPump,Psychic,Thunder,IceBeam|Timid|||||50|]Swampert||Swampertite|Torrent|WaveCrash,Earthquake,BrickBreak,Protect|Adamant||M|||50|
|inactive|Battle timer is ON: inactive players will automatically lose when time's up. (requested by GymGlofer)
|
|t:|1785096406
|teamsize|p1|4
|teamsize|p2|4
|start
|switch|p1a: Grimmsnarl|Grimmsnarl, L50, M|100/100
|switch|p1b: Archaludon|Archaludon, L50, M|100/100
|switch|p2a: Pelipper|Pelipper, L50, F|100/100
|switch|p2b: Swampert|Swampert, L50, M|100/100
|-weather|RainDance|[from] ability: Drizzle|[of] p2a: Pelipper
|turn|1
|inactive|reshiee has 30 seconds left.
|inactive|GymGlofer has 30 seconds left.
|
|t:|1785096435
|detailschange|p2b: Swampert|Swampert-Mega, L50, M
|-mega|p2b: Swampert|Swampert|Swampertite
|move|p2a: Pelipper|Protect|p2a: Pelipper
|-singleturn|p2a: Pelipper|Protect
|move|p1a: Grimmsnarl|Parting Shot|p2b: Swampert
|-unboost|p2b: Swampert|atk|1
|-unboost|p2b: Swampert|spa|1
|
|t:|1785096443
|switch|p1a: Basculegion|Basculegion, L50, M|100/100|[from] Parting Shot
|move|p2b: Swampert|Wave Crash|p1a: Basculegion
|-resisted|p1a: Basculegion|1
|-damage|p1a: Basculegion|56/100
|-damage|p2b: Swampert|86/100|[from] Recoil
|move|p1b: Archaludon|Electro Shot||[still]
|-prepare|p1b: Archaludon|Electro Shot
|-boost|p1b: Archaludon|spa|1
|-anim|p1b: Archaludon|Electro Shot|p2a: Pelipper
|-activate|p2a: Pelipper|move: Protect
|
|-weather|RainDance|[upkeep]
|upkeep
|turn|2
|inactive|reshiee has 30 seconds left.
|inactive|reshiee has 20 seconds left.
|inactive|reshiee has 15 seconds left.
|
|t:|1785096484
|switch|p2b: Quaquaval|Quaquaval, L50, M|100/100
|move|p1a: Basculegion|Flip Turn|p2b: Quaquaval
|-resisted|p2b: Quaquaval|1
|-damage|p2b: Quaquaval|63/100
|
|t:|1785096493
|switch|p1a: Grimmsnarl|Grimmsnarl, L50, M|100/100|[from] Flip Turn
|move|p1b: Archaludon|Electro Shot||[still]
|-prepare|p1b: Archaludon|Electro Shot
|-boost|p1b: Archaludon|spa|1
|-anim|p1b: Archaludon|Electro Shot|p2a: Pelipper
|-supereffective|p2a: Pelipper|2
|-damage|p2a: Pelipper|0 fnt
|faint|p2a: Pelipper
|
|-weather|RainDance|[upkeep]
|upkeep
|
|t:|1785096499
|switch|p2a: Swampert|Swampert-Mega, L50, M|86/100
|turn|3
|inactive|reshiee has 30 seconds left.
|
|t:|1785096526
|move|p2a: Swampert|Protect|p2a: Swampert
|-singleturn|p2a: Swampert|Protect
|move|p1a: Grimmsnarl|Reflect|p1a: Grimmsnarl
|-sidestart|p1: reshiee|Reflect
|move|p2b: Quaquaval|Close Combat|p1b: Archaludon
|-supereffective|p1b: Archaludon|1
|-damage|p1b: Archaludon|46/100
|-unboost|p2b: Quaquaval|def|1
|-unboost|p2b: Quaquaval|spd|1
|-ability|p1b: Archaludon|Stamina|boost
|-boost|p1b: Archaludon|def|1
|move|p1b: Archaludon|Electro Shot||[still]
|-prepare|p1b: Archaludon|Electro Shot
|-boost|p1b: Archaludon|spa|1
|-anim|p1b: Archaludon|Electro Shot|p2b: Quaquaval
|-supereffective|p2b: Quaquaval|1
|-damage|p2b: Quaquaval|0 fnt
|faint|p2b: Quaquaval
|
|-weather|RainDance|[upkeep]
|-heal|p1b: Archaludon|52/100|[from] item: Leftovers
|upkeep
|
|t:|1785096541
|switch|p2b: Basculegion|Basculegion-F, L50, F|100/100
|turn|4
|
|t:|1785096552
|move|p1b: Archaludon|Protect|p1b: Archaludon
|-singleturn|p1b: Archaludon|Protect
|move|p1a: Grimmsnarl|Parting Shot|p2a: Swampert
|-unboost|p2a: Swampert|atk|1
|-unboost|p2a: Swampert|spa|1
|
|t:|1785096574
|switch|p1a: Charizard|Charizard, L50, M|100/100|[from] Parting Shot
|move|p2a: Swampert|Brick Break|p1a: Charizard
|-sideend|p1: reshiee|Reflect
|-resisted|p1a: Charizard|1
|-damage|p1a: Charizard|90/100
|move|p2b: Basculegion|Shadow Ball|p1a: Charizard
|-damage|p1a: Charizard|28/100
|-unboost|p1a: Charizard|spd|1
|-damage|p2b: Basculegion|90/100|[from] item: Life Orb
|
|-weather|RainDance|[upkeep]
|-heal|p1b: Archaludon|58/100|[from] item: Leftovers
|upkeep
|turn|5
|
|t:|1785096598
|detailschange|p1a: Charizard|Charizard-Mega-Y, L50, M
|-mega|p1a: Charizard|Charizard|Charizardite Y
|-weather|SunnyDay|[from] ability: Drought|[of] p1a: Charizard
|move|p1a: Charizard|Protect|p1a: Charizard
|-singleturn|p1a: Charizard|Protect
|move|p2b: Basculegion|Shadow Ball|p1a: Charizard
|-activate|p1a: Charizard|move: Protect
|move|p1b: Archaludon|Dragon Pulse|p2a: Swampert
|-damage|p2a: Swampert|11/100
|move|p2a: Swampert|Earthquake|p1a: Charizard|[spread] p2b,p1b
|-activate|p1a: Charizard|move: Protect
|-supereffective|p1b: Archaludon|1
|-damage|p2b: Basculegion|51/100
|-damage|p1b: Archaludon|28/100
|-ability|p1b: Archaludon|Stamina|boost
|-boost|p1b: Archaludon|def|1
|
|-weather|SunnyDay|[upkeep]
|-heal|p1b: Archaludon|34/100|[from] item: Leftovers
|upkeep
|turn|6
|
|t:|1785096622
|move|p2a: Swampert|Protect|p2a: Swampert
|-singleturn|p2a: Swampert|Protect
|move|p2b: Basculegion|Shadow Ball|p1b: Archaludon
|-damage|p1b: Archaludon|0 fnt
|faint|p1b: Archaludon
|-damage|p2b: Basculegion|42/100|[from] item: Life Orb
|move|p1a: Charizard|Heat Wave|p2b: Basculegion|[spread] 
|-activate|p2a: Swampert|move: Protect
|-miss|p1a: Charizard|p2b: Basculegion
|
|-weather|SunnyDay|[upkeep]
|upkeep
|
|t:|1785096640
|switch|p1b: Grimmsnarl|Grimmsnarl, L50, M|100/100
|turn|7
|
|t:|1785096654
|move|p1a: Charizard|Protect|p1a: Charizard
|-singleturn|p1a: Charizard|Protect
|move|p1b: Grimmsnarl|Parting Shot|p2b: Basculegion
|-unboost|p2b: Basculegion|atk|1
|-unboost|p2b: Basculegion|spa|1
|
|t:|1785096660
|switch|p1b: Basculegion|Basculegion, L50, M|56/100|[from] Parting Shot
|move|p2b: Basculegion|Shadow Ball|p1a: Charizard
|-activate|p1a: Charizard|move: Protect
|move|p2a: Swampert|Brick Break|p1b: Basculegion
|-immune|p1b: Basculegion
|
|-weather|SunnyDay|[upkeep]
|upkeep
|turn|8
|
|t:|1785096679
|move|p2a: Swampert|Protect|p2a: Swampert
|-singleturn|p2a: Swampert|Protect
|move|p1b: Basculegion|Aqua Jet|p2a: Swampert
|-activate|p2a: Swampert|move: Protect
|move|p2b: Basculegion|Shadow Ball|p1b: Basculegion
|-supereffective|p1b: Basculegion|1
|-damage|p1b: Basculegion|0 fnt
|faint|p1b: Basculegion
|-damage|p2b: Basculegion|32/100|[from] item: Life Orb
|move|p1a: Charizard|Heat Wave|p2b: Basculegion|[spread] p2b
|-activate|p2a: Swampert|move: Protect
|-resisted|p2b: Basculegion|1
|-damage|p2b: Basculegion|0 fnt
|faint|p2b: Basculegion
|
|-weather|SunnyDay|[upkeep]
|upkeep
|
|t:|1785096694
|switch|p1b: Grimmsnarl|Grimmsnarl, L50, M|100/100
|turn|9
|
|t:|1785096704
|move|p1b: Grimmsnarl|Reflect|p1b: Grimmsnarl
|-sidestart|p1: reshiee|Reflect
|move|p1a: Charizard|Solar Beam||[still]
|-prepare|p1a: Charizard|Solar Beam
|-anim|p1a: Charizard|Solar Beam|p2a: Swampert
|-supereffective|p2a: Swampert|2
|-damage|p2a: Swampert|0 fnt
|faint|p2a: Swampert
|
|win|reshiee
|raw|reshiee's rating: 1131 → 1156(+25 for winning)
|raw|GymGlofer's rating: 1129 → 1104(-25 for losing)
|c|☆reshiee|gg, i love to seeswampert teams as i was running em for a long while until a did shit at a local
|c|☆GymGlofer|Gg, play very well
|l|☆GymGlofer
|player|p2|
|c|☆reshiee|thank you, yourr arely see fem basc but very threatening
