|j|☆KatKraydel
|j|☆monkeychese
|html|KatKraydelmonkeychese    
|uhtml|bestof|Game 3 of a best-of-3
|t:|1785025786
|gametype|doubles
|player|p1|KatKraydel|lebanne|
|player|p2|monkeychese|lucas|
|gen|9
|tier|[Gen 9 Champions] VGC 2026 Reg M-B (Bo3)
|rule|Species Clause: Limit one of each Pokémon
|rule|Item Clause: Limit 1 of each item
|clearpoke
|poke|p1|Garchomp, L50, F|
|poke|p1|Whimsicott, L50, M|
|poke|p1|Kingambit, L50, M|
|poke|p1|Hawlucha, L50, F|
|poke|p1|Ceruledge, L50, F|
|poke|p1|Ninetales-Alola, L50, F|
|poke|p2|Blaziken, L50, F|
|poke|p2|Lycanroc-Dusk, L50, F|
|poke|p2|Kingambit, L50, F|
|poke|p2|Ninetales-Alola, L50, M|
|poke|p2|Basculegion, L50, M|
|poke|p2|Floette-Eternal, L50, F|
|teampreview|4
|showteam|p1|Garchomp||LifeOrb|RoughSkin|StompingTantrum,DragonClaw,RockSlide,Protect|Jolly||F|||50|]Whimsicott||FocusSash|Prankster|Moonblast,Tailwind,LightScreen,Protect|Timid||M|||50|]Kingambit||BlackGlasses|Defiant|KowtowCleave,SuckerPunch,IronHead,Protect|Adamant||M|||50|]Hawlucha||Hawluchanite|MoldBreaker|CloseCombat,BraveBird,StoneEdge,Protect|Adamant||F|||50|]Ceruledge||ColburBerry|FlashFire|BitterBlade,ShadowSneak,BulkUp,Protect|Adamant||F|||50|]Ninetales-Alola||NeverMeltIce|SnowWarning|Blizzard,FreezeDry,Encore,Protect|Timid||F|||50|
|showteam|p2|Blaziken||Blazikenite|SpeedBoost|FlareBlitz,CloseCombat,StoneEdge,Protect|Adamant||F|||50|]Lycanroc-Dusk||FocusSash|ToughClaws|RockSlide,CloseCombat,Accelerock,Protect|Jolly||F|||50|]Kingambit||LifeOrb|Defiant|KowtowCleave,SuckerPunch,IronHead,Protect|Adamant||F|||50|]Ninetales-Alola||NeverMeltIce|SnowWarning|Blizzard,FreezeDry,Encore,Protect|Timid||M|||50|]Basculegion||ChoiceScarf|Adaptability|WaveCrash,LastRespects,AquaJet,FlipTurn|Jolly||M|||50|]Floette-Eternal||Floettite|FlowerVeil|Moonblast,LightofRuin,DazzlingGleam,Protect|Timid||F|||50|
|j| larpnoahc17
|c|☆KatKraydel|God I hate Blaziken
|c| larpnoahc17|I js ohko that guy w sludge
|
|t:|1785025821
|teamsize|p1|4
|teamsize|p2|4
|start
|switch|p1a: Ceruledge|Ceruledge, L50, F|100/100
|switch|p1b: Whimsicott|Whimsicott, L50, M|100/100
|switch|p2a: Ninetales|Ninetales-Alola, L50, M|100/100
|switch|p2b: Blaziken|Blaziken, L50, F|100/100
|-weather|Snowscape|[from] ability: Snow Warning|[of] p2a: Ninetales
|turn|1
|
|t:|1785025829
|switch|p2a: Basculegion|Basculegion, L50, M|100/100
|detailschange|p2b: Blaziken|Blaziken-Mega, L50, F
|-mega|p2b: Blaziken|Blaziken|Blazikenite
|move|p1b: Whimsicott|Tailwind|p1b: Whimsicott
|-sidestart|p1: KatKraydel|move: Tailwind
|move|p1a: Ceruledge|Bitter Blade|p2a: Basculegion
|-resisted|p2a: Basculegion|1
|-damage|p2a: Basculegion|70/100
|move|p2b: Blaziken|Stone Edge|p1a: Ceruledge|[miss]
|-miss|p2b: Blaziken|p1a: Ceruledge
|
|-weather|Snowscape|[upkeep]
|-ability|p2b: Blaziken|Speed Boost|boost
|-boost|p2b: Blaziken|spe|1
|upkeep
|turn|2
|c| larpnoahc17|holy stone edges
|c|☆monkeychese|fuck you blaziken
|
|t:|1785025853
|switch|p2a: Lycanroc|Lycanroc-Dusk, L50, F|100/100
|switch|p1a: Kingambit|Kingambit, L50, M|100/100
|move|p1b: Whimsicott|Moonblast|p2a: Lycanroc
|-damage|p2a: Lycanroc|38/100
|move|p2b: Blaziken|Stone Edge|p1a: Kingambit|[miss]
|-miss|p2b: Blaziken|p1a: Kingambit
|
|-weather|Snowscape|[upkeep]
|-ability|p2b: Blaziken|Speed Boost|boost
|-boost|p2b: Blaziken|spe|1
|upkeep
|turn|3
|c| larpnoahc17|BLAZIKEN
|
|t:|1785025872
|switch|p1a: Ceruledge|Ceruledge, L50, F|100/100
|move|p2a: Lycanroc|Accelerock|p1b: Whimsicott
|-damage|p1b: Whimsicott|62/100
|move|p1b: Whimsicott|Moonblast|p2a: Lycanroc
|-damage|p2a: Lycanroc|0 fnt
|faint|p2a: Lycanroc
|move|p2b: Blaziken|Flare Blitz|p1b: Whimsicott
|-supereffective|p1b: Whimsicott|1
|-damage|p1b: Whimsicott|0 fnt
|faint|p1b: Whimsicott
|-damage|p2b: Blaziken|82/100|[from] Recoil
|
|-weather|Snowscape|[upkeep]
|-ability|p2b: Blaziken|Speed Boost|boost
|-boost|p2b: Blaziken|spe|1
|upkeep
|
|t:|1785025887
|switch|p1b: Hawlucha|Hawlucha, L50, F|100/100
|switch|p2a: Ninetales|Ninetales-Alola, L50, M|100/100
|-ability|p1b: Hawlucha|Mold Breaker
|turn|4
|
|t:|1785025894
|detailschange|p1b: Hawlucha|Hawlucha-Mega, L50, F
|-mega|p1b: Hawlucha|Hawlucha|Hawluchanite
|move|p2b: Blaziken|Protect|p2b: Blaziken
|-singleturn|p2b: Blaziken|Protect
|move|p2a: Ninetales|Protect|p2a: Ninetales
|-singleturn|p2a: Ninetales|Protect
|move|p1b: Hawlucha|Brave Bird|p2b: Blaziken
|-activate|p2b: Blaziken|move: Protect
|move|p1a: Ceruledge|Bitter Blade|p2a: Ninetales
|-activate|p2a: Ninetales|move: Protect
|
|-weather|Snowscape|[upkeep]
|-sideend|p1: KatKraydel|move: Tailwind
|-ability|p2b: Blaziken|Speed Boost|boost
|-boost|p2b: Blaziken|spe|1
|upkeep
|turn|5
|
|t:|1785025904
|move|p1b: Hawlucha|Protect|p1b: Hawlucha
|-singleturn|p1b: Hawlucha|Protect
|move|p2b: Blaziken|Stone Edge|p1a: Ceruledge|[miss]
|-miss|p2b: Blaziken|p1a: Ceruledge
|move|p2a: Ninetales|Blizzard|p1b: Hawlucha|[spread] p1a
|-activate|p1b: Hawlucha|move: Protect
|-resisted|p1a: Ceruledge|1
|-damage|p1a: Ceruledge|84/100
|move|p1a: Ceruledge|Bitter Blade|p2a: Ninetales
|-supereffective|p2a: Ninetales|1
|-damage|p2a: Ninetales|10/100
|-heal|p1a: Ceruledge|100/100|[from] drain|[of] p2a: Ninetales
|
|-weather|none
|-ability|p2b: Blaziken|Speed Boost|boost
|-boost|p2b: Blaziken|spe|1
|upkeep
|turn|6
|
|t:|1785025920
|move|p1a: Ceruledge|Shadow Sneak|p2a: Ninetales
|-damage|p2a: Ninetales|0 fnt
|faint|p2a: Ninetales
|move|p2b: Blaziken|Stone Edge|p1a: Ceruledge
|-supereffective|p1a: Ceruledge|1
|-damage|p1a: Ceruledge|18/100
|move|p1b: Hawlucha|Brave Bird|p2b: Blaziken
|-supereffective|p2b: Blaziken|1
|-damage|p2b: Blaziken|0 fnt
|faint|p2b: Blaziken
|-damage|p1b: Hawlucha|72/100|[from] Recoil
|
|upkeep
|c|☆monkeychese|BLAZIKEN
|
|t:|1785025926
|switch|p2b: Basculegion|Basculegion, L50, M|70/100
|turn|7
|c| larpnoahc17|bro is 1/4
|c| larpnoahc17|or smth
|
|t:|1785025933
|move|p1a: Ceruledge|Shadow Sneak|p2b: Basculegion
|-supereffective|p2b: Basculegion|1
|-crit|p2b: Basculegion
|-damage|p2b: Basculegion|0 fnt
|faint|p2b: Basculegion
|
|win|KatKraydel
|c|☆monkeychese|wtv
|l| larpnoahc17
|c|☆monkeychese|gg
|l|☆monkeychese
|player|p2|
|j| larpnoahc17
