|j|☆ddx9000
|j|☆Lemonade Insurance
|html|ddx9000Lemonade Insurance    
|uhtml|bestof|Game 3 of a best-of-3
|t:|1756838260
|gametype|doubles
|player|p1|ddx9000|elesa|1210
|player|p2|Lemonade Insurance|266|1257
|gen|9
|tier|[Gen 9] VGC 2025 Reg H (Bo3)
|rated|
|rule|Species Clause: Limit one of each Pokémon
|rule|Item Clause: Limit 1 of each item
|clearpoke
|poke|p1|Incineroar, L50, M|
|poke|p1|Porygon2, L50|
|poke|p1|Amoonguss, L50, F|
|poke|p1|Hydreigon, L50, F|
|poke|p1|Ursaluna, L50, F|
|poke|p1|Gholdengo, L50|
|poke|p2|Indeedee, L50, M|
|poke|p2|Sneasler, L50, F|
|poke|p2|Annihilape, L50, M|
|poke|p2|Volcarona, L50, F|
|poke|p2|Excadrill, L50, F|
|poke|p2|Tyranitar, L50, M|
|teampreview|4
|showteam|p1|Incineroar||AssaultVest|Intimidate|FakeOut,Uturn,FlareBlitz,KnockOff|||M|||50|,,,,,Ghost]Porygon2||Eviolite|Download|TeraBlast,IceBeam,Recover,TrickRoom||||||50|,,,,,Fighting]Amoonguss||RockyHelmet|Regenerator|Spore,ClearSmog,RagePowder,PollenPuff|||F|||50|,,,,,Water]Hydreigon||SafetyGoggles|Levitate|Tailwind,Snarl,Protect,DracoMeteor|||F|||50|,,,,,Ghost]Ursaluna||FlameOrb|Guts|Protect,HeadlongRush,Earthquake,Facade|||F|||50|,,,,,Ghost]Gholdengo||LifeOrb|GoodasGold|Protect,NastyPlot,MakeItRain,ShadowBall||||||50|,,,,,Water
|showteam|p2|Indeedee||ChoiceScarf|PsychicSurge|ExpandingForce,TeraBlast,Trick,Protect|||M|||50|,,,,,Psychic]Sneasler||PsychicSeed|Unburden|CloseCombat,DireClaw,ThroatChop,Protect|||F|||50|,,,,,Dark]Annihilape||SafetyGoggles|Defiant|CloseCombat,RageFist,Taunt,FinalGambit|||M|||50|,,,,,Fairy]Volcarona||SitrusBerry|FlameBody|Overheat,StruggleBug,RagePowder,Tailwind|||F|||50|,,,,,Grass]Excadrill||FocusSash|SandRush|RockSlide,HighHorsepower,IronHead,Protect|||F|||50|,,,,,Stellar]Tyranitar||AssaultVest|SandStream|RockSlide,KnockOff,TeraBlast,LowKick|||M|||50|,,,,,Flying
|
|t:|1756838298
|teamsize|p1|4
|teamsize|p2|4
|start
|switch|p1a: Hydreigon|Hydreigon, L50, F|100/100
|switch|p1b: Ursaluna|Ursaluna, L50, F|100/100
|switch|p2a: Sneasler|Sneasler, L50, F|100/100
|switch|p2b: Annihilape|Annihilape, L50, M|100/100
|turn|1
|
|t:|1756838313
|-terastallize|p1a: Hydreigon|Ghost
|move|p1b: Ursaluna|Protect|p1b: Ursaluna
|-singleturn|p1b: Ursaluna|Protect
|move|p2a: Sneasler|Throat Chop|p1b: Ursaluna
|-activate|p1b: Ursaluna|move: Protect
|move|p1a: Hydreigon|Tailwind|p1a: Hydreigon
|-sidestart|p1: ddx9000|move: Tailwind
|move|p2b: Annihilape|Close Combat|p1a: Hydreigon
|-immune|p1a: Hydreigon
|
|-status|p1b: Ursaluna|brn|[from] item: Flame Orb
|upkeep
|turn|2
|
|t:|1756838341
|move|p1a: Hydreigon|Draco Meteor|p2b: Annihilape
|-damage|p2b: Annihilape|34/100
|-unboost|p1a: Hydreigon|spa|2
|move|p1b: Ursaluna|Earthquake|p2b: Annihilape|[spread] p2a,p2b
|-immune|p1a: Hydreigon|[from] ability: Levitate
|-supereffective|p2a: Sneasler
|-crit|p2b: Annihilape
|-damage|p2a: Sneasler|0 fnt
|-damage|p2b: Annihilape|0 fnt
|faint|p2a: Sneasler
|faint|p2b: Annihilape
|
|-damage|p1b: Ursaluna|95/100 brn|[from] brn
|upkeep
|
|t:|1756838353
|switch|p2a: Excadrill|Excadrill, L50, F|100/100
|switch|p2b: Tyranitar|Tyranitar, L50, M|100/100
|-weather|Sandstorm|[from] ability: Sand Stream|[of] p2b: Tyranitar
|turn|3
|
|t:|1756838371
|switch|p1b: Incineroar|Incineroar, L50, M, shiny|100/100
|-ability|p1b: Incineroar|Intimidate|boost
|-unboost|p2a: Excadrill|atk|1
|-unboost|p2b: Tyranitar|atk|1
|-terastallize|p2b: Tyranitar|Flying
|move|p1a: Hydreigon|Protect|p1a: Hydreigon
|-singleturn|p1a: Hydreigon|Protect
|move|p2a: Excadrill|Rock Slide|p1b: Incineroar|[spread] p1b
|-activate|p1a: Hydreigon|move: Protect
|-supereffective|p1b: Incineroar
|-damage|p1b: Incineroar|72/100
|move|p2b: Tyranitar|Rock Slide|p1b: Incineroar|[spread] p1b
|-activate|p1a: Hydreigon|move: Protect
|-supereffective|p1b: Incineroar
|-damage|p1b: Incineroar|27/100
|
|-weather|Sandstorm|[upkeep]
|-damage|p1b: Incineroar|22/100|[from] Sandstorm
|-damage|p2b: Tyranitar|95/100|[from] Sandstorm
|upkeep
|turn|4
|
|t:|1756838400
|switch|p1b: Porygon2|Porygon2, L50|100/100
|-ability|p1b: Porygon2|Download|boost
|-boost|p1b: Porygon2|spa|1
|move|p1a: Hydreigon|Draco Meteor|p2a: Excadrill
|-resisted|p2a: Excadrill
|-damage|p2a: Excadrill|77/100
|-unboost|p1a: Hydreigon|spa|2
|move|p2a: Excadrill|Rock Slide|p1a: Hydreigon|[spread] p1a,p1b
|-damage|p1a: Hydreigon|83/100
|-damage|p1b: Porygon2|92/100
|move|p2b: Tyranitar|Knock Off|p1a: Hydreigon
|-supereffective|p1a: Hydreigon
|-damage|p1a: Hydreigon|0 fnt
|-enditem|p1a: Hydreigon|Safety Goggles|[from] move: Knock Off|[of] p2b: Tyranitar
|faint|p1a: Hydreigon
|
|-weather|Sandstorm|[upkeep]
|-damage|p1b: Porygon2|86/100|[from] Sandstorm
|-damage|p2b: Tyranitar|89/100|[from] Sandstorm
|-sideend|p1: ddx9000|move: Tailwind
|upkeep
|
|t:|1756838414
|switch|p1a: Incineroar|Incineroar, L50, M, shiny|22/100
|-ability|p1a: Incineroar|Intimidate|boost
|-unboost|p2a: Excadrill|atk|1
|-unboost|p2b: Tyranitar|atk|1
|turn|5
|inactive|Battle timer is ON: inactive players will automatically lose when time's up. (requested by Lemonade Insurance)
|l|☆ddx9000
|inactive|ddx9000 disconnected and has a minute to reconnect!
|player|p1|
|inactive|ddx9000 has 30 seconds to reconnect!
|j|☆ddx9000
|inactive|ddx9000 reconnected and has 35 seconds left.
|player|p1|ddx9000|elesa|
|inactive|ddx9000 has 30 seconds left.
|
|t:|1756838492
|move|p1a: Incineroar|Fake Out|p2a: Excadrill
|-resisted|p2a: Excadrill
|-damage|p2a: Excadrill|68/100
|cant|p2a: Excadrill|flinch
|move|p2b: Tyranitar|Rock Slide|p1a: Incineroar|[spread] p1b
|-miss|p2b: Tyranitar|p1a: Incineroar
|-damage|p1b: Porygon2|77/100
|move|p1b: Porygon2|Trick Room|p1b: Porygon2
|-fieldstart|move: Trick Room|[of] p1b: Porygon2
|
|-weather|Sandstorm|[upkeep]
|-damage|p1b: Porygon2|70/100|[from] Sandstorm
|-damage|p1a: Incineroar|16/100|[from] Sandstorm
|-damage|p2b: Tyranitar|83/100|[from] Sandstorm
|upkeep
|turn|6
|
|t:|1756838513
|move|p1b: Porygon2|Ice Beam|p2b: Tyranitar
|-supereffective|p2b: Tyranitar
|-damage|p2b: Tyranitar|28/100
|move|p1a: Incineroar|Flare Blitz|p2a: Excadrill
|-supereffective|p2a: Excadrill
|-damage|p2a: Excadrill|0 fnt
|faint|p2a: Excadrill
|-damage|p1a: Incineroar|0 fnt|[from] Recoil
|faint|p1a: Incineroar
|move|p2b: Tyranitar|Knock Off|p1b: Porygon2
|-damage|p1b: Porygon2|52/100
|-enditem|p1b: Porygon2|Eviolite|[from] move: Knock Off|[of] p2b: Tyranitar
|
|-weather|Sandstorm|[upkeep]
|-damage|p1b: Porygon2|45/100|[from] Sandstorm
|-damage|p2b: Tyranitar|23/100|[from] Sandstorm
|upkeep
|
|t:|1756838520
|switch|p1a: Ursaluna|Ursaluna, L50, F|95/100 brn
|turn|7
|-message|Lemonade Insurance forfeited.
|
|win|ddx9000
|raw|ddx9000's rating: 1210 → 1238(+28 for winning)
|raw|Lemonade Insurance's rating: 1257 → 1229(-28 for losing)
|l|☆Lemonade Insurance
|player|p2|
