|j|☆toughlogvgc
|j|☆Im_Neutro
|html|toughlogvgcIm_Neutro    
|uhtml|bestof|Game 2 of a best-of-3
|t:|1784400151
|gametype|doubles
|player|p1|toughlogvgc|2|1220
|player|p2|Im_Neutro|noland|1191
|gen|9
|tier|[Gen 9 Champions] VGC 2026 Reg M-B (Bo3)
|rated|
|rule|Species Clause: Limit one of each Pokémon
|rule|Item Clause: Limit 1 of each item
|clearpoke
|poke|p1|Charizard, L50, M|
|poke|p1|Garchomp, L50, M|
|poke|p1|Basculegion, L50, M|
|poke|p1|Whimsicott, L50, F|
|poke|p1|Kingambit, L50, F|
|poke|p1|Floette-Eternal, L50, F|
|poke|p2|Gengar, L50, F|
|poke|p2|Kingambit, L50, F|
|poke|p2|Incineroar, L50, F|
|poke|p2|Farigiraf, L50, M|
|poke|p2|Primarina, L50, M|
|poke|p2|Kommo-o, L50, F|
|teampreview|4
|showteam|p1|Charizard||CharizarditeY|Blaze|HeatWave,SolarBeam,Protect,WeatherBall|Modest||M|||50|]Garchomp||LifeOrb|RoughSkin|DragonClaw,Earthquake,RockSlide,Protect|Jolly||M|||50|]Basculegion||ChoiceScarf|Adaptability|WaveCrash,AquaJet,FlipTurn,LastRespects|Adamant||M|||50|]Whimsicott||FocusSash|Prankster|Moonblast,Tailwind,Protect,Encore|Timid||F|||50|]Kingambit||BlackGlasses|Defiant|IronHead,KowtowCleave,Protect,SuckerPunch|Adamant||F|||50|]Floette-Eternal||Floettite|FlowerVeil|Moonblast,LightofRuin,DazzlingGleam,Protect|Modest||F|||50|
|showteam|p2|Gengar||Gengarite|CursedBody|PerishSong,Protect,ShadowBall,Disable|Timid||F|||50|]Kingambit||BlackGlasses|Defiant|KowtowCleave,IronHead,SuckerPunch,Protect|Brave||F|||50|]Incineroar||PasshoBerry|Intimidate|FlareBlitz,FakeOut,PartingShot,Protect|Relaxed||F|||50|]Farigiraf||ColburBerry|ArmorTail|TrickRoom,Roar,Protect,TwinBeam|Sassy||M|||50|]Primarina||SitrusBerry|LiquidVoice|HyperVoice,PerishSong,Protect,Encore|Sassy||M|||50|]Kommo-o||Leftovers|Soundproof|ClangorousSoul,ClangingScales,AuraSphere,Protect|Modest||F|||50|
|inactive|Battle timer is ON: inactive players will automatically lose when time's up. (requested by Im_Neutro)
|inactive|toughlogvgc has 60 seconds left.
|
|t:|1784400190
|teamsize|p1|4
|teamsize|p2|4
|start
|switch|p1a: Basculegion|Basculegion, L50, M|100/100
|switch|p1b: Whimsicott|Whimsicott, L50, F|100/100
|switch|p2a: Gengar|Gengar, L50, F|100/100
|switch|p2b: Incineroar|Incineroar, L50, F|100/100
|-ability|p2b: Incineroar|Intimidate|boost
|-unboost|p1a: Basculegion|atk|1
|-unboost|p1b: Whimsicott|atk|1
|turn|1
|inactive|toughlogvgc has 30 seconds left.
|
|t:|1784400218
|detailschange|p2a: Gengar|Gengar-Mega, L50, F
|-mega|p2a: Gengar|Gengar|Gengarite
|move|p1b: Whimsicott|Protect|p1b: Whimsicott
|-singleturn|p1b: Whimsicott|Protect
|move|p2b: Incineroar|Fake Out|p1b: Whimsicott
|-activate|p1b: Whimsicott|move: Protect
|move|p2a: Gengar|Shadow Ball|p1a: Basculegion
|-supereffective|p1a: Basculegion|1
|-damage|p1a: Basculegion|0 fnt
|faint|p1a: Basculegion
|
|upkeep
|
|t:|1784400227
|switch|p1a: Kingambit|Kingambit, L50, F|100/100
|turn|2
|
|t:|1784400243
|move|p2a: Gengar|Protect|p2a: Gengar
|-singleturn|p2a: Gengar|Protect
|move|p1b: Whimsicott|Encore|p2a: Gengar
|-activate|p2a: Gengar|move: Protect
|move|p2b: Incineroar|Flare Blitz|p1a: Kingambit
|-supereffective|p1a: Kingambit|1
|-damage|p1a: Kingambit|20/100y
|-status|p1a: Kingambit|brn
|-damage|p2b: Incineroar|73/100|[from] Recoil
|move|p1a: Kingambit|Kowtow Cleave|p2a: Gengar
|-activate|p2a: Gengar|move: Protect
|
|-damage|p1a: Kingambit|14/100 brn|[from] brn
|upkeep
|turn|3
|
|t:|1784400260
|move|p1b: Whimsicott|Tailwind|p1b: Whimsicott
|-sidestart|p1: toughlogvgc|move: Tailwind
|move|p2a: Gengar|Disable|p1a: Kingambit
|-start|p1a: Kingambit|Disable|Kowtow Cleave
|cant|p1a: Kingambit|Disable|Kowtow Cleave
|move|p2b: Incineroar|Flare Blitz|p1a: Kingambit
|-supereffective|p1a: Kingambit|1
|-damage|p1a: Kingambit|0 fnt
|faint|p1a: Kingambit
|-damage|p2b: Incineroar|68/100|[from] Recoil
|
|upkeep
|
|t:|1784400270
|switch|p1a: Charizard|Charizard, L50, M|100/100
|turn|4
|
|t:|1784400283
|detailschange|p1a: Charizard|Charizard-Mega-Y, L50, M
|-mega|p1a: Charizard|Charizard|Charizardite Y
|-weather|SunnyDay|[from] ability: Drought|[of] p1a: Charizard
|move|p2a: Gengar|Protect|p2a: Gengar
|-singleturn|p2a: Gengar|Protect
|move|p1b: Whimsicott|Encore|p2b: Incineroar
|-hint|Since gen 7, Dark is immune to Prankster moves.
|-immune|p2b: Incineroar
|move|p1a: Charizard|Weather Ball|p2a: Gengar
|-activate|p2a: Gengar|move: Protect
|move|p2b: Incineroar|Parting Shot|p1a: Charizard
|-unboost|p1a: Charizard|atk|1
|-unboost|p1a: Charizard|spa|1
|
|t:|1784400287
|switch|p2b: Farigiraf|Farigiraf, L50, M|100/100|[from] Parting Shot
|
|-weather|SunnyDay|[upkeep]
|upkeep
|turn|5
|
|t:|1784400301
|move|p1b: Whimsicott|Moonblast|p2a: Gengar
|-resisted|p2a: Gengar|1
|-damage|p2a: Gengar|80/100
|move|p1a: Charizard|Weather Ball|p2a: Gengar
|-damage|p2a: Gengar|16/100
|move|p2a: Gengar|Perish Song|p2a: Gengar
|-start|p1a: Charizard|perish3|[silent]
|-start|p1b: Whimsicott|perish3|[silent]
|-start|p2a: Gengar|perish3|[silent]
|-start|p2b: Farigiraf|perish3|[silent]
|-fieldactivate|move: Perish Song
|move|p2b: Farigiraf|Trick Room|p2b: Farigiraf
|-fieldstart|move: Trick Room|[of] p2b: Farigiraf
|
|-weather|SunnyDay|[upkeep]
|-start|p2b: Farigiraf|perish3
|-start|p2a: Gengar|perish3
|-start|p1a: Charizard|perish3
|-start|p1b: Whimsicott|perish3
|upkeep
|turn|6
|-message|toughlogvgc forfeited.
|
|win|Im_Neutro
|raw|toughlogvgc's rating: 1220 → 1193(-27 for losing)
|raw|Im_Neutro's rating: 1191 → 1218(+27 for winning)
|l|☆toughlogvgc
|player|p1|
|j|☆toughlogvgc
|player|p1|toughlogvgc|2|
|l|☆Im_Neutro
|player|p2|
