|j|☆RedAllay
|j|☆psychic system
|html|RedAllaypsychic system    
|uhtml|bestof|Game 2 of a best-of-3
|t:|1757783738
|gametype|doubles
|player|p1|RedAllay|gladion|1075
|player|p2|psychic system|dawn|1045
|gen|9
|tier|[Gen 9] VGC 2025 Reg H (Bo3)
|rated|
|rule|Species Clause: Limit one of each Pokémon
|rule|Item Clause: Limit 1 of each item
|clearpoke
|poke|p1|Kilowattrel, L50, M|
|poke|p1|Kingambit, L50, F|
|poke|p1|Garchomp, L50, F|
|poke|p1|Primarina, L50, F|
|poke|p1|Amoonguss, L50, M|
|poke|p1|Incineroar, L50, F|
|poke|p2|Maushold, L50|
|poke|p2|Basculegion, L50, M|
|poke|p2|Electabuzz, L50, F|
|poke|p2|Rillaboom, L50, F|
|poke|p2|Volcarona, L50, F|
|poke|p2|Annihilape, L50, M|
|teampreview|4
|showteam|p1|Kilowattrel||LifeOrb|Competitive|VoltSwitch,Hurricane,Tailwind,Protect|||M|||50|,,,,,Ghost]Kingambit||SafetyGoggles|Defiant|KowtowCleave,SuckerPunch,SwordsDance,Protect|||F|||50|,,,,,Dark]Garchomp||LoadedDice|RoughSkin|ScaleShot,StompingTantrum,SwordsDance,Protect|||F|||50|,,,,,Steel]Primarina||ThroatSpray|LiquidVoice|HyperVoice,Moonblast,CalmMind,Protect|||F|||50|,,,,,Grass]Amoonguss||SitrusBerry|Regenerator|Spore,RagePowder,SludgeBomb,Protect|||M|||50|,,,,,Water]Incineroar||RockyHelmet|Intimidate|FlareBlitz,KnockOff,PartingShot,FakeOut|||F|||50|,,,,,Ghost
|showteam|p2|Maushold||SafetyGoggles|FriendGuard|BeatUp,FollowMe,Taunt,Protect||||||50|,,,,,Normal]Basculegion||ChoiceScarf|Adaptability|WaveCrash,AquaJet,LastRespects,FlipTurn|||M|||50|,,,,,Water]Electabuzz||Eviolite|VitalSpirit|Electroweb,Taunt,FollowMe,Protect|||F|||50|,,,,,Ghost]Rillaboom||AssaultVest|GrassySurge|WoodHammer,GrassyGlide,HighHorsepower,FakeOut|||F|||50|,,,,,Fire]Volcarona||CovertCloak|FlameBody|HeatWave,TeraBlast,QuiverDance,Protect|||F|||50|,,,,,Fairy]Annihilape||Leftovers|Defiant|DrainPunch,RageFist,BulkUp,Protect|||M|||50|,,,,,Water
|inactive|Battle timer is ON: inactive players will automatically lose when time's up. (requested by RedAllay)
|
|t:|1757783756
|teamsize|p1|4
|teamsize|p2|4
|start
|switch|p1a: No. 1 Party Anthem|Primarina, L50, F|100/100
|switch|p1b: Brianstorm|Kilowattrel, L50, M|100/100
|switch|p2a: Maushold|Maushold, L50|100/100
|switch|p2b: Annihilape|Annihilape, L50, M|100/100
|turn|1
|inactive|psychic system has 30 seconds left.
|
|t:|1757783788
|move|p1b: Brianstorm|Volt Switch|p2b: Annihilape
|-damage|p2b: Annihilape|70/100
|-damage|p1b: Brianstorm|91/100|[from] item: Life Orb
|
|t:|1757783791
|switch|p1b: D is for Dangerous|Amoonguss, L50, M|100/100|[from] Volt Switch
|move|p2a: Maushold|Beat Up|p2b: Annihilape
|-damage|p2b: Annihilape|68/100
|-damage|p2b: Annihilape|66/100
|-damage|p2b: Annihilape|64/100
|-damage|p2b: Annihilape|63/100
|-hitcount|p2b: Annihilape|4
|move|p2b: Annihilape|Rage Fist|p1b: D is for Dangerous
|-damage|p1b: D is for Dangerous|0 fnt
|faint|p1b: D is for Dangerous
|move|p1a: No. 1 Party Anthem|Moonblast|p2b: Annihilape
|-supereffective|p2b: Annihilape
|-damage|p2b: Annihilape|0 fnt
|faint|p2b: Annihilape
|
|upkeep
|
|t:|1757783806
|switch|p2b: Electabuzz|Electabuzz, L50, F|100/100
|switch|p1b: Brianstorm|Kilowattrel, L50, M|91/100
|turn|2
|
|t:|1757783817
|move|p1b: Brianstorm|Tailwind|p1b: Brianstorm
|-sidestart|p1: RedAllay|move: Tailwind
|move|p1a: No. 1 Party Anthem|Calm Mind|p1a: No. 1 Party Anthem
|-boost|p1a: No. 1 Party Anthem|spa|1
|-boost|p1a: No. 1 Party Anthem|spd|1
|move|p2a: Maushold|Taunt|p1a: No. 1 Party Anthem
|-start|p1a: No. 1 Party Anthem|move: Taunt
|move|p2b: Electabuzz|Electroweb|p1a: No. 1 Party Anthem|[spread] p1a,p1b
|-supereffective|p1a: No. 1 Party Anthem
|-damage|p1a: No. 1 Party Anthem|87/100
|-damage|p1b: Brianstorm|66/100
|-unboost|p1a: No. 1 Party Anthem|spe|1
|-unboost|p1b: Brianstorm|spe|1
|-ability|p1b: Brianstorm|Competitive|boost
|-boost|p1b: Brianstorm|spa|2
|
|upkeep
|turn|3
|
|t:|1757783835
|move|p1b: Brianstorm|Hurricane|p2a: Maushold
|-damage|p2a: Maushold|0 fnt
|faint|p2a: Maushold
|-damage|p1b: Brianstorm|57/100|[from] item: Life Orb
|move|p2b: Electabuzz|Electroweb|p1b: Brianstorm|[spread] p1a,p1b
|-supereffective|p1a: No. 1 Party Anthem
|-damage|p1a: No. 1 Party Anthem|69/100
|-damage|p1b: Brianstorm|33/100
|-unboost|p1a: No. 1 Party Anthem|spe|1
|-unboost|p1b: Brianstorm|spe|1
|-ability|p1b: Brianstorm|Competitive|boost
|-boost|p1b: Brianstorm|spa|2
|move|p1a: No. 1 Party Anthem|Hyper Voice|p2b: Electabuzz
|-damage|p2b: Electabuzz|42/100
|-enditem|p1a: No. 1 Party Anthem|Throat Spray
|-boost|p1a: No. 1 Party Anthem|spa|1|[from] item: Throat Spray
|
|upkeep
|
|t:|1757783843
|switch|p2a: Basculegion|Basculegion, L50, M|100/100
|turn|4
|inactive|psychic system has 30 seconds left.
|
|t:|1757783877
|move|p2b: Electabuzz|Follow Me|p2b: Electabuzz
|-singleturn|p2b: Electabuzz|move: Follow Me
|move|p2a: Basculegion|Last Respects|p1a: No. 1 Party Anthem
|-crit|p1a: No. 1 Party Anthem
|-damage|p1a: No. 1 Party Anthem|0 fnt
|faint|p1a: No. 1 Party Anthem
|move|p1b: Brianstorm|Volt Switch|p2b: Electabuzz
|-resisted|p2b: Electabuzz
|-damage|p2b: Electabuzz|0 fnt
|faint|p2b: Electabuzz
|-damage|p1b: Brianstorm|24/100|[from] item: Life Orb
|
|t:|1757783885
|switch|p1b: Mardy Bum|Kingambit, L50, F|100/100|[from] Volt Switch
|
|upkeep
|
|t:|1757783887
|switch|p1a: Brianstorm|Kilowattrel, L50, M|24/100
|turn|5
|-message|psychic system forfeited.
|
|win|RedAllay
||psychic system is ready for game 3.
|inactive|RedAllay has 30 seconds to confirm battle start!
||RedAllay is ready for game 3.
|uhtml|next|Next: Game 3 of 3
|l|☆psychic system
|player|p2|
|l|☆RedAllay
|player|p1|
|j|☆psychic system
|player|p2|psychic system|dawn|
