|j|☆Abhi504
|j|☆abscondia_licorice
|html|Abhi504abscondia_licorice    
|uhtml|bestof|Game 3 of a best-of-3
|t:|1785881765
|gametype|doubles
|player|p1|Abhi504|266|1144
|player|p2|abscondia_licorice|fisherman|1124
|gen|9
|tier|[Gen 9 Champions] VGC 2026 Reg M-B (Bo3)
|rated|
|rule|Species Clause: Limit one of each Pokémon
|rule|Item Clause: Limit 1 of each item
|clearpoke
|poke|p1|Pelipper, L50, M|
|poke|p1|Swampert, L50, M|
|poke|p1|Archaludon, L50, M|
|poke|p1|Ditto, L50|
|poke|p1|Staraptor, L50, F|
|poke|p1|Grimmsnarl, L50, M|
|poke|p2|Tyranitar, L50, F|
|poke|p2|Excadrill, L50, M|
|poke|p2|Gholdengo, L50|
|poke|p2|Milotic, L50, M|
|poke|p2|Sinistcha, L50|
|poke|p2|Staraptor, L50, M|
|teampreview|4
|showteam|p1|Pelipper||FocusSash|Drizzle|Hurricane,WeatherBall,Protect,WideGuard|Bold||M|||50|]Swampert||Swampertite|Torrent|WaveCrash,IcePunch,Earthquake,Protect|Adamant||M|||50|]Archaludon||LifeOrb|Stamina|ElectroShot,FlashCannon,Protect,DragonPulse|Timid||M|||50|]Ditto||SitrusBerry|Imposter|Transform|Bold|||||50|]Staraptor||Staraptite|Intimidate|Protect,Tailwind,CloseCombat,BraveBird|Jolly||F|||50|]Grimmsnarl||LightClay|Prankster|LightScreen,PartingShot,Reflect,SpiritBreak|Adamant||M|||50|
|showteam|p2|Tyranitar||Tyranitarite|SandStream|RockSlide,KnockOff,LowKick,Protect|Jolly||F|||50|]Excadrill||FocusSash|SandRush|HighHorsepower,IronHead,RockSlide,Protect|Adamant||M|||50|]Gholdengo||LifeOrb|GoodasGold|MakeItRain,ShadowBall,NastyPlot,Protect|Modest|||||50|]Milotic||SitrusBerry|Competitive|Scald,IceBeam,IcyWind,Protect|Calm||M|||50|]Sinistcha||ColburBerry|Hospitality|MatchaGotcha,ShadowBall,RagePowder,Protect|Bold|||||50|]Staraptor||Staraptite|Intimidate|BraveBird,CloseCombat,Tailwind,Protect|Jolly||M|||50|
|inactive|Battle timer is ON: inactive players will automatically lose when time's up. (requested by abscondia_licorice)
|
|t:|1785881784
|teamsize|p1|4
|teamsize|p2|4
|start
|switch|p1a: Pelipper|Pelipper, L50, M|100/100
|switch|p1b: Swampert|Swampert, L50, M|100/100
|switch|p2a: Gholdengo|Gholdengo, L50|100/100
|switch|p2b: Staraptor|Staraptor, L50, M|100/100
|-ability|p2b: Staraptor|Intimidate|boost
|-unboost|p1a: Pelipper|atk|1
|-unboost|p1b: Swampert|atk|1
|-weather|RainDance|[from] ability: Drizzle|[of] p1a: Pelipper
|turn|1
|
|t:|1785881804
|switch|p2a: Sinistcha|Sinistcha, L50|100/100
|detailschange|p1b: Swampert|Swampert-Mega, L50, M
|-mega|p1b: Swampert|Swampert|Swampertite
|move|p2b: Staraptor|Protect|p2b: Staraptor
|-singleturn|p2b: Staraptor|Protect
|move|p1b: Swampert|Earthquake|p2a: Sinistcha|[spread] p2a
|-activate|p2b: Staraptor|move: Protect
|-immune|p1a: Pelipper
|-resisted|p2a: Sinistcha|1
|-damage|p2a: Sinistcha|87/100
|move|p1a: Pelipper|Hurricane|p2b: Staraptor
|-activate|p2b: Staraptor|move: Protect
|
|-weather|RainDance|[upkeep]
|upkeep
|turn|2
|
|t:|1785881829
|move|p1a: Pelipper|Wide Guard|p1a: Pelipper
|-singleturn|p1a: Pelipper|Wide Guard
|move|p1b: Swampert|Ice Punch|p2b: Staraptor
|-supereffective|p2b: Staraptor|1
|-damage|p2b: Staraptor|49/100
|move|p2b: Staraptor|Tailwind|p2b: Staraptor
|-sidestart|p2: abscondia_licorice|move: Tailwind
|move|p2a: Sinistcha|Matcha Gotcha|p1a: Pelipper|[spread] 
|-activate|p1a: Pelipper|move: Wide Guard
|-activate|p1b: Swampert|move: Wide Guard
|
|-weather|RainDance|[upkeep]
|upkeep
|turn|3
|inactive|abscondia_licorice has 30 seconds left.
|inactive|Abhi504 has 30 seconds left.
|
|t:|1785881860
|switch|p1b: Archaludon|Archaludon, L50, M|100/100
|move|p2b: Staraptor|Protect|p2b: Staraptor
|-singleturn|p2b: Staraptor|Protect
|move|p2a: Sinistcha|Matcha Gotcha|p1a: Pelipper|[spread] p1a,p1b
|-resisted|p1b: Archaludon|2
|-damage|p1a: Pelipper|67/100
|-heal|p2a: Sinistcha|100/100|[from] drain|[of] p1a: Pelipper
|-damage|p1b: Archaludon|91/100
|-ability|p1b: Archaludon|Stamina|boost
|-boost|p1b: Archaludon|def|1
|move|p1a: Pelipper|Hurricane|p2b: Staraptor
|-activate|p2b: Staraptor|move: Protect
|
|-weather|RainDance|[upkeep]
|upkeep
|turn|4
|inactive|abscondia_licorice has 30 seconds left.
|inactive|Abhi504 has 30 seconds left.
|
|t:|1785881896
|switch|p2a: Tyranitar|Tyranitar, L50, F|100/100
|-weather|Sandstorm|[from] ability: Sand Stream|[of] p2a: Tyranitar
|detailschange|p2b: Staraptor|Staraptor-Mega, L50, M
|-mega|p2b: Staraptor|Staraptor|Staraptite
|move|p1b: Archaludon|Protect|p1b: Archaludon
|-singleturn|p1b: Archaludon|Protect
|move|p2b: Staraptor|Brave Bird|p1a: Pelipper
|-damage|p1a: Pelipper|22/100
|-damage|p2b: Staraptor|36/100|[from] Recoil
|move|p1a: Pelipper|Weather Ball|p2b: Staraptor
|-damage|p2b: Staraptor|15/100
|
|-weather|Sandstorm|[upkeep]
|-damage|p2b: Staraptor|9/100|[from] Sandstorm
|-damage|p1a: Pelipper|16/100|[from] Sandstorm
|upkeep
|turn|5
|inactive|Abhi504 has 30 seconds left.
|inactive|Abhi504 has 20 seconds left.
|
|t:|1785881933
|switch|p1a: Ditto|Ditto, L50|100/100
|-transform|p1a: Ditto|p2b: Staraptor|[from] ability: Imposter
|move|p1b: Archaludon|Protect||[still]
|-fail|p1b: Archaludon
|move|p2b: Staraptor|Close Combat|p1b: Archaludon
|-supereffective|p1b: Archaludon|1
|-damage|p1b: Archaludon|22/100
|-boost|p2b: Staraptor|def|1
|-boost|p2b: Staraptor|spd|1
|-ability|p1b: Archaludon|Stamina|boost
|-boost|p1b: Archaludon|def|1
|move|p2a: Tyranitar|Knock Off|p1b: Archaludon
|-damage|p1b: Archaludon|2/100
|-ability|p1b: Archaludon|Stamina|boost
|-boost|p1b: Archaludon|def|1
|-enditem|p1b: Archaludon|Life Orb|[from] move: Knock Off|[of] p2a: Tyranitar
|
|-weather|Sandstorm|[upkeep]
|-damage|p2b: Staraptor|3/100|[from] Sandstorm
|-damage|p1a: Ditto|94/100|[from] Sandstorm
|-sideend|p2: abscondia_licorice|move: Tailwind
|upkeep
|turn|6
|inactive|Abhi504 has 30 seconds left.
|inactive|abscondia_licorice has 30 seconds left.
|inactive|abscondia_licorice has 20 seconds left.
|inactive|abscondia_licorice has 15 seconds left.
|
|t:|1785881975
|switch|p1b: Pelipper|Pelipper, L50, M|16/100
|-weather|RainDance|[from] ability: Drizzle|[of] p1b: Pelipper
|move|p1a: Ditto|Brave Bird|p2b: Staraptor
|-supereffective|p2b: Staraptor|1
|-damage|p2b: Staraptor|0 fnt
|faint|p2b: Staraptor
|-damage|p1a: Ditto|92/100|[from] Recoil
|move|p2a: Tyranitar|Rock Slide|p1b: Pelipper|[spread] p1a,p1b
|-supereffective|p1b: Pelipper|1
|-damage|p1a: Ditto|60/100
|-damage|p1b: Pelipper|0 fnt
|faint|p1b: Pelipper
|
|-weather|RainDance|[upkeep]
|upkeep
|
|t:|1785881989
|switch|p2b: Gholdengo|Gholdengo, L50|100/100
|switch|p1b: Archaludon|Archaludon, L50, M|2/100
|turn|7
|
|t:|1785882008
|switch|p2a: Sinistcha|Sinistcha, L50|100/100
|move|p1a: Ditto|Close Combat|p2a: Sinistcha
|-immune|p2a: Sinistcha
|move|p1b: Archaludon|Electro Shot||[still]
|-prepare|p1b: Archaludon|Electro Shot
|-boost|p1b: Archaludon|spa|1
|-anim|p1b: Archaludon|Electro Shot|p2b: Gholdengo
|-damage|p2b: Gholdengo|24/100
|move|p2b: Gholdengo|Nasty Plot|p2b: Gholdengo
|-boost|p2b: Gholdengo|spa|2
|
|-weather|RainDance|[upkeep]
|upkeep
|turn|8
|inactive|Abhi504 has 30 seconds left.
|
|t:|1785882042
|move|p1a: Ditto|Protect|p1a: Ditto
|-singleturn|p1a: Ditto|Protect
|move|p2a: Sinistcha|Protect|p2a: Sinistcha
|-singleturn|p2a: Sinistcha|Protect
|move|p1b: Archaludon|Dragon Pulse|p2b: Gholdengo
|-resisted|p2b: Gholdengo|1
|-damage|p2b: Gholdengo|0 fnt
|faint|p2b: Gholdengo
|
|-weather|RainDance|[upkeep]
|upkeep
|
|t:|1785882054
|switch|p2b: Tyranitar|Tyranitar, L50, F|100/100
|-weather|Sandstorm|[from] ability: Sand Stream|[of] p2b: Tyranitar
|turn|9
|
|t:|1785882073
|move|p2a: Sinistcha|Rage Powder|p2a: Sinistcha
|-singleturn|p2a: Sinistcha|move: Rage Powder
|move|p1a: Ditto|Brave Bird|p2a: Sinistcha
|-supereffective|p2a: Sinistcha|1
|-damage|p2a: Sinistcha|16/100
|-damage|p1a: Ditto|29/100|[from] Recoil
|-enditem|p1a: Ditto|Sitrus Berry|[eat]
|-heal|p1a: Ditto|53/100|[from] item: Sitrus Berry
|move|p1b: Archaludon|Flash Cannon|p2a: Sinistcha
|-damage|p2a: Sinistcha|0 fnt
|faint|p2a: Sinistcha
|move|p2b: Tyranitar|Rock Slide|p1a: Ditto|[spread] p1a,p1b
|-resisted|p1b: Archaludon|1
|-damage|p1a: Ditto|20/100r
|-damage|p1b: Archaludon|0 fnt
|faint|p1b: Archaludon
|
|-weather|Sandstorm|[upkeep]
|-damage|p1a: Ditto|14/100|[from] Sandstorm
|upkeep
|
|t:|1785882089
|switch|p1b: Swampert|Swampert-Mega, L50, M|100/100
|turn|10
|
|t:|1785882095
|move|p1a: Ditto|Close Combat|p2b: Tyranitar
|-supereffective|p2b: Tyranitar|2
|-crit|p2b: Tyranitar
|-damage|p2b: Tyranitar|0 fnt
|-boost|p1a: Ditto|def|1
|-boost|p1a: Ditto|spd|1
|faint|p2b: Tyranitar
|
|win|Abhi504
|raw|Abhi504's rating: 1144 → 1168(+24 for winning)
|raw|abscondia_licorice's rating: 1124 → 1100(-24 for losing)
|l|☆abscondia_licorice
|player|p2|
|j|☆abscondia_licorice
|player|p2|abscondia_licorice|fisherman|
|l|☆Abhi504
|player|p1|
