|j|☆BaimeJoytWeeGeeCee
|j|☆K1rbyChaos
|html|BaimeJoytWeeGeeCeeK1rbyChaos    
|uhtml|bestof|Game 2 of a best-of-3
|t:|1756691016
|gametype|doubles
|player|p1|BaimeJoytWeeGeeCee|dawn|1000
|player|p2|K1rbyChaos|n|1000
|gen|9
|tier|[Gen 9] VGC 2025 Reg H (Bo3)
|rated|
|rule|Species Clause: Limit one of each Pokémon
|rule|Item Clause: Limit 1 of each item
|clearpoke
|poke|p1|Maushold-Four, L50|
|poke|p1|Annihilape, L50, F|
|poke|p1|Pelipper, L50, M|
|poke|p1|Archaludon, L50, F|
|poke|p1|Basculegion, L50, M|
|poke|p1|Kingambit, L50, M|
|poke|p2|Gyarados, L50, F|
|poke|p2|Garchomp, L50, F|
|poke|p2|Annihilape, L50, F|
|poke|p2|Volcarona, L50, M|
|teampreview|4
|showteam|p1|Maushold-Four||SafetyGoggles|FriendGuard|FollowMe,Protect,Taunt,BeatUp||||||50|,,,,,Ghost]Annihilape||Leftovers|Defiant|RageFist,DrainPunch,BulkUp,Protect|||F|||50|,,,,,Fire]Pelipper||FocusSash|Drizzle|Hurricane,WeatherBall,Tailwind,Protect|||M|||50|,,,,,Ghost]Archaludon||AssaultVest|Stamina|DracoMeteor,ElectroShot,BodyPress,FlashCannon|||F|||50|,,,,,Grass]Basculegion||ChoiceBand|SwiftSwim|LastRespects,WaveCrash,AquaJet,FlipTurn|||M|||50|,,,,,Grass]Kingambit||BlackGlasses|Defiant|KowtowCleave,SuckerPunch,IronHead,Protect|||M|||50|,,,,,Dark
|showteam|p2|Gyarados||SitrusBerry|Intimidate|HelpingHand,Protect,Waterfall,ThunderWave|||F|||50|,,,,,Dragon]Garchomp||ClearAmulet|RoughSkin|Earthquake,DragonClaw,StompingTantrum,Protect|||F|||50|,,,,,Fire]Annihilape||ChoiceScarf|Defiant|ShadowClaw,SmackDown,CloseCombat,FinalGambit|||F|||50|,,,,,Grass]Volcarona||SafetyGoggles|FlameBody|HeatWave,QuiverDance,Protect,GigaDrain|||M|||50|,,,,,Grass
|inactive|Battle timer is ON: inactive players will automatically lose when time's up. (requested by BaimeJoytWeeGeeCee)
|inactive|K1rbyChaos also wants the timer to be on.
|
|t:|1756691044
|teamsize|p1|4
|teamsize|p2|4
|start
|switch|p1a: Maushold|Maushold-Four, L50|100/100
|switch|p1b: Annihilape|Annihilape, L50, F, shiny|100/100
|switch|p2a: Gyarados|Gyarados, L50, F|100/100
|switch|p2b: Garchomp|Garchomp, L50, F|100/100
|-ability|p2a: Gyarados|Intimidate|boost
|-unboost|p1a: Maushold|atk|1
|-unboost|p1b: Annihilape|atk|1
|-ability|p1b: Annihilape|Defiant|boost
|-boost|p1b: Annihilape|atk|2
|turn|1
|
|t:|1756691064
|move|p2a: Gyarados|Helping Hand|p2b: Garchomp
|-singleturn|p2b: Garchomp|Helping Hand|[of] p2a: Gyarados
|move|p1a: Maushold|Taunt|p2a: Gyarados
|-start|p2a: Gyarados|move: Taunt
|move|p2b: Garchomp|Earthquake|p1a: Maushold|[spread] p1a,p1b
|-immune|p2a: Gyarados
|-crit|p1b: Annihilape
|-damage|p1a: Maushold|29/100
|-damage|p1b: Annihilape|39/100
|move|p1b: Annihilape|Bulk Up|p1b: Annihilape
|-boost|p1b: Annihilape|atk|1
|-boost|p1b: Annihilape|def|1
|
|-heal|p1b: Annihilape|45/100|[from] item: Leftovers
|upkeep
|turn|2
|
|t:|1756691086
|switch|p1a: Pelipper|Pelipper, L50, M|100/100
|-weather|RainDance|[from] ability: Drizzle|[of] p1a: Pelipper
|move|p1b: Annihilape|Protect|p1b: Annihilape
|-singleturn|p1b: Annihilape|Protect
|move|p2b: Garchomp|Earthquake|p1b: Annihilape|[spread] 
|-activate|p1b: Annihilape|move: Protect
|-immune|p2a: Gyarados
|-immune|p1a: Pelipper
|move|p2a: Gyarados|Waterfall|p1b: Annihilape
|-activate|p1b: Annihilape|move: Protect
|
|-weather|RainDance|[upkeep]
|-heal|p1b: Annihilape|51/100|[from] item: Leftovers
|upkeep
|turn|3
|
|t:|1756691106
|move|p2b: Garchomp|Stomping Tantrum|p1b: Annihilape
|-damage|p1b: Annihilape|0 fnt
|faint|p1b: Annihilape
|move|p1a: Pelipper|Tailwind|p1a: Pelipper
|-sidestart|p1: BaimeJoytWeeGeeCee|move: Tailwind
|move|p2a: Gyarados|Waterfall|p1a: Pelipper
|-resisted|p1a: Pelipper
|-damage|p1a: Pelipper|64/100
|
|-weather|RainDance|[upkeep]
|upkeep
|
|t:|1756691116
|switch|p1b: Basculegion|Basculegion, L50, M|100/100
|turn|4
|
|t:|1756691137
|switch|p2a: Volcarona|Volcarona, L50, M|100/100
|move|p2b: Garchomp|Protect|p2b: Garchomp
|-singleturn|p2b: Garchomp|Protect
|move|p1b: Basculegion|Wave Crash|p2b: Garchomp
|-activate|p2b: Garchomp|move: Protect
|move|p1a: Pelipper|Hurricane|p2a: Volcarona
|-supereffective|p2a: Volcarona
|-crit|p2a: Volcarona
|-damage|p2a: Volcarona|0 fnt
|faint|p2a: Volcarona
|
|-weather|RainDance|[upkeep]
|upkeep
|
|t:|1756691142
|switch|p2a: Gyarados|Gyarados, L50, F|100/100
|-ability|p2a: Gyarados|Intimidate|boost
|-unboost|p1a: Pelipper|atk|1
|-unboost|p1b: Basculegion|atk|1
|turn|5
|inactive|K1rbyChaos has 30 seconds left.
|
|t:|1756691172
|move|p2b: Garchomp|Protect||[still]
|-fail|p2b: Garchomp
|move|p1b: Basculegion|Wave Crash|p2b: Garchomp
|-damage|p2b: Garchomp|19/100
|-damage|p1b: Basculegion|88/100|[from] ability: Rough Skin|[of] p2b: Garchomp
|-damage|p1b: Basculegion|63/100|[from] Recoil
|move|p1a: Pelipper|Hurricane|p2b: Garchomp
|-damage|p2b: Garchomp|0 fnt
|faint|p2b: Garchomp
|move|p2a: Gyarados|Thunder Wave|p1b: Basculegion
|-status|p1b: Basculegion|par
|
|-weather|RainDance|[upkeep]
|upkeep
|
|t:|1756691176
|switch|p2b: Annihilape|Annihilape, L50, F|100/100
|turn|6
|
|t:|1756691197
|-terastallize|p1a: Pelipper|Ghost
|cant|p1b: Basculegion|par
|move|p1a: Pelipper|Hurricane|p2b: Annihilape
|-supereffective|p2b: Annihilape
|-damage|p2b: Annihilape|8/100
|move|p2b: Annihilape|Shadow Claw|p1b: Basculegion
|-supereffective|p1b: Basculegion
|-damage|p1b: Basculegion|0 fnt
|faint|p1b: Basculegion
|move|p2a: Gyarados|Waterfall|p1a: Pelipper
|-damage|p1a: Pelipper|0 fnt
|faint|p1a: Pelipper
|
|-weather|none
|-sideend|p1: BaimeJoytWeeGeeCee|move: Tailwind
|upkeep
|-message|BaimeJoytWeeGeeCee forfeited.
|
|win|K1rbyChaos
||BaimeJoytWeeGeeCee is ready for game 3.
||K1rbyChaos is ready for game 3.
|uhtml|next|Next: Game 3 of 3
|l|☆K1rbyChaos
|player|p2|
