|j|☆PsychedelicDawgII
|j|☆NewTrainaOnDaBlock
|html|PsychedelicDawgIINewTrainaOnDaBlock    
|uhtml|bestof|Game 2 of a best-of-3
|t:|1785806537
|gametype|doubles
|player|p1|PsychedelicDawgII|clerk|
|player|p2|NewTrainaOnDaBlock|265|
|gen|9
|tier|[Gen 9 Champions] VGC 2026 Reg M-B (Bo3)
|rule|Species Clause: Limit one of each Pokémon
|rule|Item Clause: Limit 1 of each item
|clearpoke
|poke|p1|Pinsir, L50, M|
|poke|p1|Volcarona, L50, M|
|poke|p1|Grimmsnarl, L50, M|
|poke|p1|Tyranitar, L50, F|
|poke|p1|Gengar, L50, F|
|poke|p1|Skarmory, L50, M|
|poke|p2|Drampa, L50, F|
|poke|p2|Meowstic, L50, M|
|poke|p2|Heracross, L50, M|
|poke|p2|Maushold-Four, L50|
|poke|p2|Florges, L50, F|
|poke|p2|Decidueye-Hisui, L50, F|
|teampreview|4
|showteam|p1|Pinsir||Pinsirite|HyperCutter|Protect,BodySlam,RockSlide,Feint|Jolly||M|||50|]Volcarona||PasshoBerry|FlameBody|Protect,QuiverDance,HeatWave,GigaDrain|Modest||M|||50|]Grimmsnarl||LightClay|Prankster|FakeOut,Reflect,Taunt,SuckerPunch|Adamant||M|||50|]Tyranitar||ChopleBerry|SandStream|RockSlide,KnockOff,HeavySlam,Protect|Brave||F|||50|]Gengar||Gengarite|CursedBody|Protect,SludgeBomb,ShadowBall,TrickRoom|Timid||F|||50|]Skarmory||Leftovers|Sturdy|IronDefense,Roost,BodyPress,Protect|Careful||M|||50|
|showteam|p2|Drampa||Drampanite|CloudNine|EarthPower,DragonPulse,Thunderbolt,Protect|Quiet||F|||50|]Meowstic||LightClay|Prankster|TrickRoom,Reflect,LightScreen,Thunderbolt|Calm||M|||50|]Heracross||Heracronite|Guts|RockBlast,Detect,PinMissile,BrickBreak|Naughty||M|||50|]Maushold-Four||BrightPowder|FriendGuard|Protect,FollowMe,SuperFang,HelpingHand|Bold|||||50|]Florges||Leftovers|FlowerVeil|PollenPuff,Moonblast,HelpingHand,Protect|Calm||F|||50|]Decidueye-Hisui||ScopeLens|Scrappy|Protect,LeafBlade,TripleArrows,SuckerPunch|Brave||F|||50|
|
|t:|1785806599
|teamsize|p1|4
|teamsize|p2|4
|start
|switch|p1a: Buns|Gengar, L50, F|100/100
|switch|p1b: Corona|Volcarona, L50, M|100/100
|switch|p2a: Meowstic|Meowstic, L50, M|100/100
|switch|p2b: Heracross|Heracross, L50, M|100/100
|turn|1
|
|t:|1785806630
|switch|p1b: Claymore|Tyranitar, L50, F|100/100
|-weather|Sandstorm|[from] ability: Sand Stream|[of] p1b: Claymore
|detailschange|p1a: Buns|Gengar-Mega, L50, F
|-mega|p1a: Buns|Gengar|Gengarite
|move|p1a: Buns|Protect|p1a: Buns
|-singleturn|p1a: Buns|Protect
|move|p2b: Heracross|Detect|p2b: Heracross
|-singleturn|p2b: Heracross|Protect
|move|p2a: Meowstic|Trick Room|p2a: Meowstic
|-fieldstart|move: Trick Room|[of] p2a: Meowstic
|
|-weather|Sandstorm|[upkeep]
|-damage|p2b: Heracross|94/100|[from] Sandstorm
|-damage|p2a: Meowstic|93/100|[from] Sandstorm
|-damage|p1a: Buns|94/100|[from] Sandstorm
|upkeep
|turn|2
|
|t:|1785806665
|move|p2a: Meowstic|Light Screen|p2a: Meowstic
|-sidestart|p2: NewTrainaOnDaBlock|move: Light Screen
|move|p1b: Claymore|Rock Slide|p2b: Heracross|[spread] p2a,p2b
|-crit|p2a: Meowstic
|-crit|p2b: Heracross
|-damage|p2a: Meowstic|46/100
|-damage|p2b: Heracross|39/100
|cant|p2b: Heracross|flinch
|move|p1a: Buns|Sludge Bomb|p2b: Heracross
|-damage|p2b: Heracross|0 fnt
|faint|p2b: Heracross
|
|-weather|Sandstorm|[upkeep]
|-damage|p2a: Meowstic|40/100|[from] Sandstorm
|-damage|p1a: Buns|88/100|[from] Sandstorm
|upkeep
|
|t:|1785806678
|switch|p2b: Decidueye|Decidueye-Hisui, L50, F|100/100
|turn|3
|
|t:|1785806691
|move|p1a: Buns|Protect|p1a: Buns
|-singleturn|p1a: Buns|Protect
|move|p2a: Meowstic|Reflect|p2a: Meowstic
|-sidestart|p2: NewTrainaOnDaBlock|Reflect
|move|p2b: Decidueye|Triple Arrows|p1b: Claymore
|-supereffective|p1b: Claymore|2
|-crit|p1b: Claymore
|-enditem|p1b: Claymore|Chople Berry|[eat]
|-enditem|p1b: Claymore|Chople Berry|[weaken]
|-damage|p1b: Claymore|0 fnt
|faint|p1b: Claymore
|
|-weather|Sandstorm|[upkeep]
|-damage|p2b: Decidueye|93/100|[from] Sandstorm
|-damage|p2a: Meowstic|34/100|[from] Sandstorm
|-damage|p1a: Buns|82/100|[from] Sandstorm
|upkeep
|
|t:|1785806722
|switch|p1b: Corona|Volcarona, L50, M|100/100
|turn|4
|
|t:|1785806778
|move|p2b: Decidueye|Sucker Punch||[still]
|-fail|p2b: Decidueye
|move|p1b: Corona|Quiver Dance|p1b: Corona
|-boost|p1b: Corona|spa|1
|-boost|p1b: Corona|spd|1
|-boost|p1b: Corona|spe|1
|move|p2a: Meowstic|Thunderbolt|p1b: Corona
|-damage|p1b: Corona|89/100
|move|p1a: Buns|Trick Room|p1a: Buns
|-fieldend|move: Trick Room
|
|-weather|Sandstorm|[upkeep]
|-damage|p1b: Corona|83/100|[from] Sandstorm
|-damage|p1a: Buns|76/100|[from] Sandstorm
|-damage|p2a: Meowstic|28/100|[from] Sandstorm
|-damage|p2b: Decidueye|87/100|[from] Sandstorm
|upkeep
|turn|5
|
|t:|1785806829
|move|p2b: Decidueye|Protect|p2b: Decidueye
|-singleturn|p2b: Decidueye|Protect
|move|p1b: Corona|Heat Wave|p2a: Meowstic|[spread] p2a
|-activate|p2b: Decidueye|move: Protect
|-damage|p2a: Meowstic|0 fnt
|faint|p2a: Meowstic
|move|p1a: Buns|Sludge Bomb|p2b: Decidueye
|-activate|p2b: Decidueye|move: Protect
|
|-weather|none
|upkeep
|
|t:|1785806839
|switch|p2a: Maushold|Maushold-Four, L50|100/100
|turn|6
|
|t:|1785806869
|switch|p1a: The Greek|Grimmsnarl, L50, M|100/100
|move|p1b: Corona|Protect|p1b: Corona
|-singleturn|p1b: Corona|Protect
|move|p2b: Decidueye|Sucker Punch||[still]
|-fail|p2b: Decidueye
|move|p2a: Maushold|Super Fang|p1b: Corona
|-activate|p1b: Corona|move: Protect
|
|upkeep
|turn|7
|
|t:|1785806897
|move|p1a: The Greek|Fake Out|p2a: Maushold
|-damage|p2a: Maushold|90/100
|cant|p2a: Maushold|flinch
|move|p1b: Corona|Heat Wave|p2a: Maushold|[spread] p2a,p2b
|-supereffective|p2b: Decidueye|1
|-damage|p2a: Maushold|48/100
|-damage|p2b: Decidueye|35/100
|move|p2b: Decidueye|Triple Arrows|p1b: Corona
|-resisted|p1b: Corona|1
|-damage|p1b: Corona|59/100
|-unboost|p1b: Corona|def|1
|
|upkeep
|turn|8
|
|t:|1785806919
|move|p2a: Maushold|Follow Me|p2a: Maushold
|-singleturn|p2a: Maushold|move: Follow Me
|move|p1a: The Greek|Reflect|p1a: The Greek
|-sidestart|p1: PsychedelicDawgII|Reflect
|move|p1b: Corona|Heat Wave|p2a: Maushold|[spread] p2a,p2b
|-supereffective|p2b: Decidueye|1
|-damage|p2a: Maushold|6/100
|-damage|p2b: Decidueye|0 fnt
|faint|p2b: Decidueye
|
|upkeep
|turn|9
|
|t:|1785806940
|move|p1a: The Greek|Sucker Punch|p2a: Maushold
|-damage|p2a: Maushold|0 fnt
|faint|p2a: Maushold
|
|win|PsychedelicDawgII
|l|☆PsychedelicDawgII
|player|p1|
