|j|☆platanoso
|j|☆rlm00
|html|platanosorlm00    
|uhtml|bestof|Game 1 of a best-of-3
|t:|1785962941
|gametype|doubles
|player|p1|platanoso|madame-gen4|1232
|player|p2|rlm00|1|1361
|gen|9
|tier|[Gen 9 Champions] VGC 2026 Reg M-B (Bo3)
|rated|
|rule|Species Clause: Limit one of each Pokémon
|rule|Item Clause: Limit 1 of each item
|clearpoke
|poke|p1|Floette-Eternal, L50, F|
|poke|p1|Sneasler, L50, F|
|poke|p1|Incineroar, L50, F|
|poke|p1|Sinistcha, L50|
|poke|p1|Delphox, L50, M|
|poke|p1|Garchomp, L50, F|
|poke|p2|Staraptor, L50, M|
|poke|p2|Raichu, L50, M|
|poke|p2|Sylveon, L50, M|
|poke|p2|Farigiraf, L50, F|
|poke|p2|Arcanine-Hisui, L50, F|
|poke|p2|Kingambit, L50, M|
|teampreview|4
|showteam|p1|Floette-Eternal||Floettite|FlowerVeil|DazzlingGleam,DrainingKiss,CalmMind,Protect|Modest||F|||50|]Sneasler||FocusSash|PoisonTouch|CloseCombat,PoisonJab,FakeOut,Protect|Jolly||F|||50|]Incineroar||SitrusBerry|Intimidate|FlareBlitz,DarkestLariat,PartingShot,FakeOut|Impish||F|||50|]Sinistcha||OccaBerry|Hospitality|MatchaGotcha,RagePowder,TrickRoom,Protect|Bold|||||50|]Delphox||Delphoxite|Blaze|Psychic,HeatWave,NastyPlot,Protect|Timid||M|||50|]Garchomp||ChoiceScarf|RoughSkin|DragonClaw,StompingTantrum,Earthquake,RockSlide|Adamant||F|||50|
|showteam|p2|Staraptor||Staraptite|Intimidate|Protect,Tailwind,CloseCombat,DualWingbeat|Jolly||M|||50|]Raichu||RaichuniteY|LightningRod|Protect,ZapCannon,FocusBlast,FakeOut|Timid||M|||50|]Sylveon||FairyFeather|Pixilate|Detect,HyperBeam,HyperVoice,QuickAttack|Modest||M|||50|]Farigiraf||SitrusBerry|ArmorTail|Protect,TrickRoom,HelpingHand,Psychic|Relaxed||F|||50|]Arcanine-Hisui||FocusSash|RockHead|Protect,HeadSmash,ExtremeSpeed,FlareBlitz|Adamant||F|||50|]Kingambit||LifeOrb|Defiant|Protect,SuckerPunch,SwordsDance,KowtowCleave|Adamant||M|||50|
|inactive|Battle timer is ON: inactive players will automatically lose when time's up. (requested by rlm00)
|inactive|platanoso has 60 seconds left.
|inactive|rlm00 has 60 seconds left.
|inactive|platanoso has 30 seconds left.
|inactive|rlm00 has 30 seconds left.
|inactive|rlm00 has 20 seconds left.
|inactive|rlm00 has 15 seconds left.
|inactive|rlm00 has 10 seconds left.
|
|t:|1785963029
|teamsize|p1|4
|teamsize|p2|4
|start
|switch|p1a: Delphox|Delphox, L50, M|100/100
|switch|p1b: Garchomp|Garchomp, L50, F|100/100
|switch|p2a: Raichu|Raichu, L50, M|100/100
|switch|p2b: Kingambit|Kingambit, L50, M|100/100
|turn|1
|inactive|platanoso has 30 seconds left.
|inactive|platanoso has 20 seconds left.
|inactive|platanoso has 15 seconds left.
|
|t:|1785963071
|detailschange|p2a: Raichu|Raichu-Mega-Y, L50, M
|-mega|p2a: Raichu|Raichu|Raichunite Y
|detailschange|p1a: Delphox|Delphox-Mega, L50, M
|-mega|p1a: Delphox|Delphox|Delphoxite
|move|p2a: Raichu|Fake Out|p1b: Garchomp
|-damage|p1b: Garchomp|91/100
|-damage|p2a: Raichu|87/100|[from] ability: Rough Skin|[of] p1b: Garchomp
|cant|p1b: Garchomp|flinch
|move|p1a: Delphox|Nasty Plot|p1a: Delphox
|-boost|p1a: Delphox|spa|2
|move|p2b: Kingambit|Swords Dance|p2b: Kingambit
|-boost|p2b: Kingambit|atk|2
|
|upkeep
|turn|2
|
|t:|1785963089
|switch|p1b: Sinistcha|Sinistcha, L50|100/100
|move|p2b: Kingambit|Sucker Punch||[still]
|-fail|p2b: Kingambit
|move|p2a: Raichu|Zap Cannon|p1a: Delphox
|-damage|p1a: Delphox|50/100y
|-status|p1a: Delphox|par
|move|p1a: Delphox|Heat Wave|p2b: Kingambit|[spread] p2a,p2b
|-supereffective|p2b: Kingambit|1
|-damage|p2a: Raichu|0 fnt
|-damage|p2b: Kingambit|0 fnt
|faint|p2a: Raichu
|faint|p2b: Kingambit
|
|upkeep
|
|t:|1785963092
|switch|p2a: Sylveon|Sylveon, L50, M|100/100
|switch|p2b: Farigiraf|Farigiraf, L50, F|100/100
|turn|3
|inactive|platanoso has 30 seconds left.
|
|t:|1785963119
|move|p2b: Farigiraf|Helping Hand|p2a: Sylveon
|-singleturn|p2a: Sylveon|Helping Hand|[of] p2b: Farigiraf
|move|p1a: Delphox|Protect|p1a: Delphox
|-singleturn|p1a: Delphox|Protect
|move|p2a: Sylveon|Hyper Voice|p1a: Delphox|[spread] p1b
|-activate|p1a: Delphox|move: Protect
|-damage|p1b: Sinistcha|35/100
|move|p1b: Sinistcha|Trick Room|p1b: Sinistcha
|-fieldstart|move: Trick Room|[of] p1b: Sinistcha
|
|upkeep
|turn|4
|
|t:|1785963132
|move|p2b: Farigiraf|Helping Hand|p2a: Sylveon
|-singleturn|p2a: Sylveon|Helping Hand|[of] p2b: Farigiraf
|move|p2a: Sylveon|Hyper Voice|p1a: Delphox|[spread] p1a,p1b
|-resisted|p1a: Delphox|1
|-damage|p1a: Delphox|19/100 par
|-damage|p1b: Sinistcha|0 fnt
|faint|p1b: Sinistcha
|move|p1a: Delphox|Heat Wave|p2a: Sylveon|[spread] p2a,p2b
|-damage|p2a: Sylveon|46/100
|-damage|p2b: Farigiraf|37/100
|-enditem|p2b: Farigiraf|Sitrus Berry|[eat]
|-heal|p2b: Farigiraf|62/100|[from] item: Sitrus Berry
|
|upkeep
|
|t:|1785963144
|switch|p1b: Sneasler|Sneasler, L50, F|100/100
|turn|5
|
|t:|1785963167
|move|p2b: Farigiraf|Helping Hand|p2a: Sylveon
|-singleturn|p2a: Sylveon|Helping Hand|[of] p2b: Farigiraf
|move|p2a: Sylveon|Hyper Voice|p1a: Delphox|[spread] p1a,p1b
|-resisted|p1a: Delphox|1
|-damage|p1a: Delphox|0 fnt
|-damage|p1b: Sneasler|6/100
|faint|p1a: Delphox
|move|p1b: Sneasler|Poison Jab|p2a: Sylveon
|-supereffective|p2a: Sylveon|1
|-crit|p2a: Sylveon
|-damage|p2a: Sylveon|0 fnt
|faint|p2a: Sylveon
|
|upkeep
|
|t:|1785963179
|switch|p1a: Garchomp|Garchomp, L50, F|91/100
|turn|6
|
|t:|1785963191
|move|p2b: Farigiraf|Psychic|p1b: Sneasler
|-supereffective|p1b: Sneasler|2
|-damage|p1b: Sneasler|0 fnt
|faint|p1b: Sneasler
|move|p1a: Garchomp|Earthquake|p2b: Farigiraf
|-damage|p2b: Farigiraf|15/100
|
|upkeep
|turn|7
|
|t:|1785963198
|move|p2b: Farigiraf|Psychic|p1a: Garchomp
|-damage|p1a: Garchomp|57/100
|move|p1a: Garchomp|Earthquake|p2b: Farigiraf
|-damage|p2b: Farigiraf|0 fnt
|faint|p2b: Farigiraf
|
|win|platanoso
||platanoso is ready for game 2.
||rlm00 is ready for game 2.
|uhtml|next|Next: Game 2 of 3
