|j|☆stwebty1
|j|☆platanoso
|html|stwebty1platanoso    
|uhtml|bestof|Game 2 of a best-of-3
|t:|1785899844
|gametype|doubles
|player|p1|stwebty1|169|1113
|player|p2|platanoso|madame-gen4|1225
|gen|9
|tier|[Gen 9 Champions] VGC 2026 Reg M-B (Bo3)
|rated|
|rule|Species Clause: Limit one of each Pokémon
|rule|Item Clause: Limit 1 of each item
|clearpoke
|poke|p1|Charizard, L50, M, shiny|
|poke|p1|Venusaur, L50, M|
|poke|p1|Pelipper, L50, F|
|poke|p1|Archaludon, L50, F|
|poke|p1|Basculegion, L50, M|
|poke|p1|Grimmsnarl, L50, M|
|poke|p2|Floette-Eternal, L50, F|
|poke|p2|Sneasler, L50, M|
|poke|p2|Incineroar, L50, F|
|poke|p2|Sinistcha, L50|
|poke|p2|Delphox, L50, M|
|poke|p2|Garchomp, L50, F|
|teampreview|4
|showteam|p1|Charizard||CharizarditeY|Blaze|WeatherBall,HeatWave,Protect,SolarBeam|Modest||M|||50|]Venusaur||FocusSash|Chlorophyll|SludgeBomb,EarthPower,Protect,SleepPowder|Serious||M|||50|]Pelipper||SitrusBerry|Drizzle|WeatherBall,WideGuard,Hurricane,Tailwind|Modest||F|||50|]Archaludon||Leftovers|Stamina|DragonPulse,FlashCannon,ElectroShot,Protect|Serious||F|||50|]Basculegion||ChoiceScarf|Adaptability|AquaJet,FlipTurn,LastRespects,WaveCrash|Jolly||M|||50|]Grimmsnarl||LightClay|Prankster|LightScreen,Reflect,SpiritBreak,PartingShot|Sassy||M|||50|
|showteam|p2|Floette-Eternal||Floettite|FlowerVeil|DazzlingGleam,DrainingKiss,CalmMind,Protect|Modest||F|||50|]Sneasler||FocusSash|PoisonTouch|CloseCombat,PoisonJab,FakeOut,Protect|Jolly||M|||50|]Incineroar||SitrusBerry|Intimidate|FlareBlitz,DarkestLariat,PartingShot,FakeOut|Impish||F|||50|]Sinistcha||OccaBerry|Hospitality|MatchaGotcha,RagePowder,TrickRoom,Protect|Bold|||||50|]Delphox||Delphoxite|Blaze|Psychic,HeatWave,NastyPlot,Protect|Timid||M|||50|]Garchomp||ChoiceScarf|RoughSkin|DragonClaw,StompingTantrum,Earthquake,RockSlide|Adamant||F|||50|
|inactive|Battle timer is ON: inactive players will automatically lose when time's up. (requested by platanoso)
|
|t:|1785899880
|teamsize|p1|4
|teamsize|p2|4
|start
|switch|p1a: Basculegion|Basculegion, L50, M|100/100
|switch|p1b: Grimmsnarl|Grimmsnarl, L50, M|100/100
|switch|p2a: Sneasler|Sneasler, L50, M|100/100
|switch|p2b: Delphox|Delphox, L50, M|100/100
|turn|1
|inactive|stwebty1 has 30 seconds left.
|
|t:|1785899910
|switch|p2b: Sinistcha|Sinistcha, L50|100/100
|move|p1b: Grimmsnarl|Light Screen|p1b: Grimmsnarl
|-sidestart|p1: stwebty1|move: Light Screen
|move|p1a: Basculegion|Wave Crash|p2a: Sneasler
|-enditem|p2a: Sneasler|Focus Sash
|-damage|p2a: Sneasler|1/100
|-damage|p1a: Basculegion|73/100|[from] Recoil
|move|p2a: Sneasler|Poison Jab|p1b: Grimmsnarl
|-supereffective|p1b: Grimmsnarl|1
|-damage|p1b: Grimmsnarl|16/100
|
|upkeep
|turn|2
|inactive|stwebty1 has 30 seconds left.
|inactive|stwebty1 has 20 seconds left.
|inactive|stwebty1 has 15 seconds left.
|inactive|stwebty1 has 10 seconds left.
|inactive|stwebty1 has 5 seconds left.
|
|t:|1785899965
|switch|p2a: Delphox|Delphox, L50, M|100/100
|move|p2b: Sinistcha|Rage Powder|p2b: Sinistcha
|-singleturn|p2b: Sinistcha|move: Rage Powder
|move|p1b: Grimmsnarl|Light Screen||[still]
|-fail|p1b: Grimmsnarl
|move|p1a: Basculegion|Wave Crash|p2b: Sinistcha
|-resisted|p2b: Sinistcha|1
|-damage|p2b: Sinistcha|74/100
|-damage|p1a: Basculegion|66/100|[from] Recoil
|
|upkeep
|turn|3
|inactive|stwebty1 has 30 seconds left.
|
|t:|1785899998
|switch|p1a: Pelipper|Pelipper, L50, F|100/100
|-weather|RainDance|[from] ability: Drizzle|[of] p1a: Pelipper
|detailschange|p2a: Delphox|Delphox-Mega, L50, M
|-mega|p2a: Delphox|Delphox|Delphoxite
|move|p2b: Sinistcha|Rage Powder|p2b: Sinistcha
|-singleturn|p2b: Sinistcha|move: Rage Powder
|move|p1b: Grimmsnarl|Parting Shot|p2b: Sinistcha
|-unboost|p2b: Sinistcha|atk|1
|-unboost|p2b: Sinistcha|spa|1
|inactive|stwebty1 has 30 seconds left.
|inactive|stwebty1 has 20 seconds left.
|
|t:|1785900033
|switch|p1b: Basculegion|Basculegion, L50, M|66/100|[from] Parting Shot
|move|p2a: Delphox|Nasty Plot|p2a: Delphox
|-boost|p2a: Delphox|spa|2
|
|-weather|RainDance|[upkeep]
|upkeep
|turn|4
|
|t:|1785900060
|move|p2b: Sinistcha|Rage Powder|p2b: Sinistcha
|-singleturn|p2b: Sinistcha|move: Rage Powder
|move|p1b: Basculegion|Flip Turn|p2b: Sinistcha
|-resisted|p2b: Sinistcha|1
|-damage|p2b: Sinistcha|52/100
|
|t:|1785900066
|switch|p1b: Grimmsnarl|Grimmsnarl, L50, M|16/100|[from] Flip Turn
|move|p2a: Delphox|Psychic|p1a: Pelipper
|-damage|p1a: Pelipper|19/100
|-enditem|p1a: Pelipper|Sitrus Berry|[eat]
|-heal|p1a: Pelipper|43/100|[from] item: Sitrus Berry
|move|p1a: Pelipper|Hurricane|p2b: Sinistcha
|-supereffective|p2b: Sinistcha|1
|-damage|p2b: Sinistcha|0 fnt
|faint|p2b: Sinistcha
|
|-weather|RainDance|[upkeep]
|upkeep
|
|t:|1785900079
|switch|p2b: Sneasler|Sneasler, L50, M|1/100
|turn|5
|inactive|stwebty1 has 30 seconds left.
|
|t:|1785900112
|switch|p1a: Basculegion|Basculegion, L50, M|66/100
|move|p2b: Sneasler|Fake Out|p1b: Grimmsnarl
|-damage|p1b: Grimmsnarl|2/100
|move|p2a: Delphox|Psychic|p1a: Basculegion
|-damage|p1a: Basculegion|0 fnt
|faint|p1a: Basculegion
|cant|p1b: Grimmsnarl|flinch
|
|-weather|RainDance|[upkeep]
|upkeep
|
|t:|1785900125
|switch|p1a: Archaludon|Archaludon, L50, F|100/100
|turn|6
|inactive|stwebty1 has 30 seconds left.
|inactive|stwebty1 has 20 seconds left.
|inactive|stwebty1 has 15 seconds left.
|
|t:|1785900165
|move|p2a: Delphox|Heat Wave|p1b: Grimmsnarl|[spread] p1a,p1b
|-crit|p1a: Archaludon
|-damage|p1a: Archaludon|49/100
|-damage|p1b: Grimmsnarl|0 fnt
|-ability|p1a: Archaludon|Stamina|boost
|-boost|p1a: Archaludon|def|1
|faint|p1b: Grimmsnarl
|move|p2b: Sneasler|Close Combat|p1a: Archaludon
|-supereffective|p1a: Archaludon|1
|-damage|p1a: Archaludon|0 fnt
|-unboost|p2b: Sneasler|def|1
|-unboost|p2b: Sneasler|spd|1
|faint|p1a: Archaludon
|
|-weather|RainDance|[upkeep]
|upkeep
|
|t:|1785900171
|switch|p1a: Pelipper|Pelipper, L50, F|43/100
|turn|7
|
|t:|1785900175
|move|p2a: Delphox|Psychic|p1a: Pelipper
|-damage|p1a: Pelipper|0 fnt
|faint|p1a: Pelipper
|
|win|platanoso
