|j|☆chungoc
|j|☆importarcade
|html|chungocimportarcade    
|uhtml|bestof|Game 1 of a best-of-3
|t:|1784689410
|gametype|doubles
|player|p1|chungoc|birdkeeper|1145
|player|p2|importarcade|ethan|1067
|gen|9
|tier|[Gen 9 Champions] VGC 2026 Reg M-B (Bo3)
|rated|
|rule|Species Clause: Limit one of each Pokémon
|rule|Item Clause: Limit 1 of each item
|clearpoke
|poke|p1|Tyranitar, L50, M, shiny|
|poke|p1|Whimsicott, L50, F|
|poke|p1|Excadrill, L50, M|
|poke|p1|Rotom-Wash, L50|
|poke|p1|Hydreigon, L50, M|
|poke|p1|Delphox, L50, F|
|poke|p2|Sneasler, L50, M|
|poke|p2|Blastoise, L50, M|
|poke|p2|Kingambit, L50, M|
|poke|p2|Incineroar, L50, M|
|poke|p2|Delphox, L50, F|
|poke|p2|Sinistcha, L50|
|teampreview|4
|showteam|p1|Tyranitar||Tyranitarite|SandStream|RockSlide,KnockOff,Protect,LowKick|Adamant||M|||50|]Whimsicott||FocusSash|Prankster|Moonblast,Tailwind,Encore,Taunt|Timid||F|||50|]Excadrill||LifeOrb|SandRush|HighHorsepower,IronHead,RockSlide,Protect|Adamant||M|||50|]Rotom-Wash||SitrusBerry|Levitate|Protect,WillOWisp,Thunderbolt,HydroPump|Modest|||||50|]Hydreigon||RoseliBerry|Levitate|Protect,DarkPulse,DracoMeteor,FlashCannon|Modest||M|||50|]Delphox||Delphoxite|Blaze|HeatWave,Psychic,Protect,DazzlingGleam|Modest||F|||50|
|showteam|p2|Sneasler||FocusSash|PoisonTouch|PoisonJab,CloseCombat,FakeOut,QuickGuard|Jolly||M|||50|]Blastoise||Blastoisinite|RainDish|DarkPulse,WaterSpout,ShellSmash,Protect|Modest||M|||50|]Kingambit||BlackGlasses|Defiant|KowtowCleave,SuckerPunch,SwordsDance,Protect|Adamant||M|||50|]Incineroar||SitrusBerry|Intimidate|FlareBlitz,HelpingHand,PartingShot,FakeOut|Careful||M|||50|]Delphox||Delphoxite|Blaze|HeatWave,NastyPlot,Psyshock,Protect|Modest||F|||50|]Sinistcha||KasibBerry|Hospitality|MatchaGotcha,RagePowder,TrickRoom,Protect|Bold|||||50|
|
|t:|1784689478
|teamsize|p1|4
|teamsize|p2|4
|start
|switch|p1a: Whimsicott|Whimsicott, L50, F|100/100
|switch|p1b: Hydreigon|Hydreigon, L50, M|100/100
|switch|p2a: Blastoise|Blastoise, L50, M|100/100
|switch|p2b: Incineroar|Incineroar, L50, M|100/100
|-ability|p2b: Incineroar|Intimidate|boost
|-unboost|p1a: Whimsicott|atk|1
|-unboost|p1b: Hydreigon|atk|1
|turn|1
|
|t:|1784689507
|detailschange|p2a: Blastoise|Blastoise-Mega, L50, M
|-mega|p2a: Blastoise|Blastoise|Blastoisinite
|move|p2b: Incineroar|Helping Hand|p2a: Blastoise
|-singleturn|p2a: Blastoise|Helping Hand|[of] p2b: Incineroar
|move|p1a: Whimsicott|Moonblast|p2a: Blastoise
|-damage|p2a: Blastoise|63/100
|move|p1b: Hydreigon|Draco Meteor|p2b: Incineroar
|-damage|p2b: Incineroar|39/100
|-unboost|p1b: Hydreigon|spa|2
|-enditem|p2b: Incineroar|Sitrus Berry|[eat]
|-heal|p2b: Incineroar|63/100|[from] item: Sitrus Berry
|move|p2a: Blastoise|Water Spout|p1a: Whimsicott|[spread] p1a,p1b
|-resisted|p1a: Whimsicott|1
|-resisted|p1b: Hydreigon|1
|-damage|p1a: Whimsicott|51/100
|-damage|p1b: Hydreigon|63/100
|
|upkeep
|turn|2
|
|t:|1784689555
|move|p2a: Blastoise|Protect|p2a: Blastoise
|-singleturn|p2a: Blastoise|Protect
|move|p1a: Whimsicott|Moonblast|p2b: Incineroar
|-crit|p2b: Incineroar
|-damage|p2b: Incineroar|24/100
|move|p1b: Hydreigon|Dark Pulse|p2a: Blastoise
|-activate|p2a: Blastoise|move: Protect
|move|p2b: Incineroar|Flare Blitz|p1a: Whimsicott
|-supereffective|p1a: Whimsicott|1
|-damage|p1a: Whimsicott|0 fnt
|faint|p1a: Whimsicott
|-damage|p2b: Incineroar|13/100|[from] Recoil
|
|upkeep
|
|t:|1784689561
|switch|p1a: Rotom|Rotom-Wash, L50|100/100
|turn|3
|
|t:|1784689596
|switch|p2a: Sinistcha|Sinistcha, L50|100/100
|-heal|p2b: Incineroar|38/100|[from] ability: Hospitality|[of] p2a: Sinistcha
|move|p1b: Hydreigon|Protect|p1b: Hydreigon
|-singleturn|p1b: Hydreigon|Protect
|move|p1a: Rotom|Thunderbolt|p2a: Sinistcha
|-resisted|p2a: Sinistcha|1
|-damage|p2a: Sinistcha|79/100
|move|p2b: Incineroar|Parting Shot|p1a: Rotom
|-unboost|p1a: Rotom|atk|1
|-unboost|p1a: Rotom|spa|1
|
|t:|1784689610
|switch|p2b: Kingambit|Kingambit, L50, M|100/100|[from] Parting Shot
|
|upkeep
|turn|4
|
|t:|1784689639
|switch|p1b: Delphox|Delphox, L50, F|100/100
|move|p2a: Sinistcha|Protect|p2a: Sinistcha
|-singleturn|p2a: Sinistcha|Protect
|move|p1a: Rotom|Will-O-Wisp|p2b: Kingambit
|-status|p2b: Kingambit|brn
|move|p2b: Kingambit|Swords Dance|p2b: Kingambit
|-boost|p2b: Kingambit|atk|2
|
|-damage|p2b: Kingambit|94/100 brn|[from] brn
|upkeep
|turn|5
|
|t:|1784689680
|switch|p2a: Incineroar|Incineroar, L50, M|38/100
|-ability|p2a: Incineroar|Intimidate|boost
|-unboost|p1a: Rotom|atk|1
|-unboost|p1b: Delphox|atk|1
|detailschange|p1b: Delphox|Delphox-Mega, L50, F
|-mega|p1b: Delphox|Delphox|Delphoxite
|move|p1a: Rotom|Protect|p1a: Rotom
|-singleturn|p1a: Rotom|Protect
|move|p1b: Delphox|Heat Wave|p2b: Kingambit|[spread] p2a
|-miss|p1b: Delphox|p2b: Kingambit
|-resisted|p2a: Incineroar|1
|-damage|p2a: Incineroar|18/100
|move|p2b: Kingambit|Kowtow Cleave|p1b: Delphox
|-supereffective|p1b: Delphox|1
|-damage|p1b: Delphox|0 fnt
|faint|p1b: Delphox
|
|-damage|p2b: Kingambit|88/100 brn|[from] brn
|upkeep
|
|t:|1784689697
|switch|p1b: Hydreigon|Hydreigon, L50, M|63/100
|turn|6
|
|t:|1784689722
|move|p2a: Incineroar|Fake Out|p1a: Rotom
|-damage|p1a: Rotom|85/100
|move|p1b: Hydreigon|Dark Pulse|p2a: Incineroar
|-resisted|p2a: Incineroar|1
|-damage|p2a: Incineroar|1/100
|cant|p1a: Rotom|flinch
|move|p2b: Kingambit|Kowtow Cleave|p1a: Rotom
|-damage|p1a: Rotom|15/100
|-enditem|p1a: Rotom|Sitrus Berry|[eat]
|-heal|p1a: Rotom|40/100|[from] item: Sitrus Berry
|
|-damage|p2b: Kingambit|82/100 brn|[from] brn
|upkeep
|turn|7
|
|t:|1784689760
|switch|p2a: Blastoise|Blastoise-Mega, L50, M|63/100
|move|p1b: Hydreigon|Dark Pulse|p2a: Blastoise
|-damage|p2a: Blastoise|18/100
|move|p1a: Rotom|Hydro Pump|p2b: Kingambit
|-damage|p2b: Kingambit|54/100 brn
|move|p2b: Kingambit|Kowtow Cleave|p1b: Hydreigon
|-resisted|p1b: Hydreigon|1
|-damage|p1b: Hydreigon|31/100
|
|-damage|p2b: Kingambit|48/100 brn|[from] brn
|upkeep
|turn|8
|
|t:|1784689795
|switch|p2a: Sinistcha|Sinistcha, L50|79/100
|-heal|p2b: Kingambit|73/100 brn|[from] ability: Hospitality|[of] p2a: Sinistcha
|move|p1b: Hydreigon|Draco Meteor|p2b: Kingambit
|-resisted|p2b: Kingambit|1
|-damage|p2b: Kingambit|47/100 brn
|-unboost|p1b: Hydreigon|spa|2
|move|p1a: Rotom|Thunderbolt|p2a: Sinistcha
|-resisted|p2a: Sinistcha|1
|-damage|p2a: Sinistcha|65/100
|move|p2b: Kingambit|Kowtow Cleave|p1a: Rotom
|-damage|p1a: Rotom|0 fnt
|faint|p1a: Rotom
|
|-damage|p2b: Kingambit|41/100 brn|[from] brn
|upkeep
|turn|9
|
|t:|1784689814
|move|p2a: Sinistcha|Protect|p2a: Sinistcha
|-singleturn|p2a: Sinistcha|Protect
|move|p1b: Hydreigon|Dark Pulse|p2a: Sinistcha
|-activate|p2a: Sinistcha|move: Protect
|move|p2b: Kingambit|Kowtow Cleave|p1b: Hydreigon
|-resisted|p1b: Hydreigon|1
|-damage|p1b: Hydreigon|1/100
|
|-damage|p2b: Kingambit|35/100 brn|[from] brn
|upkeep
|turn|10
|-message|chungoc forfeited.
|
|win|importarcade
|l|☆chungoc
|player|p1|
||chungoc is ready for game 2.
||importarcade is ready for game 2.
|uhtml|next|Next: Game 2 of 3
