|j|☆anivgc
|j|☆huntr/x rumi
|html|anivgchuntr/x rumi    
|uhtml|bestof|Game 3 of a best-of-3
|t:|1755638393
|gametype|doubles
|player|p1|anivgc|266|1367
|player|p2|huntr/x rumi|acetrainerf|1269
|gen|9
|tier|[Gen 9] VGC 2025 Reg H (Bo3)
|rated|
|rule|Species Clause: Limit one of each Pokémon
|rule|Item Clause: Limit 1 of each item
|clearpoke
|poke|p1|Kingambit, L50, F|
|poke|p1|Basculegion, L50, M|
|poke|p1|Magmar, L50, F|
|poke|p1|Rillaboom, L50, F|
|poke|p1|Sneasler, L50, F|
|poke|p1|Dragonite, L50, F|
|poke|p2|Whimsicott, L50, M|
|poke|p2|Gholdengo, L50|
|poke|p2|Garchomp, L50, F|
|poke|p2|Ditto, L50|
|poke|p2|Incineroar, L50, M|
|poke|p2|Milotic, L50, F|
|teampreview|4
|showteam|p1|Kingambit||BlackGlasses|Defiant|KowtowCleave,SuckerPunch,SwordsDance,Protect|||F|||50|,,,,,Dark]Basculegion||ChoiceScarf|Adaptability|WaveCrash,LastRespects,FlipTurn,TeraBlast|||M|||50|,,,,,Fairy]Magmar||Eviolite|VitalSpirit|Overheat,WillOWisp,FollowMe,Protect|||F|||50|,,,,,Ghost]Rillaboom||AssaultVest|GrassySurge|WoodHammer,GrassyGlide,HighHorsepower,FakeOut|||F|||50|,,,,,Fire]Sneasler||GrassySeed|Unburden|CloseCombat,DireClaw,Coaching,FakeOut|||F|||50|,,,,,Stellar]Dragonite||LoadedDice|Multiscale|ScaleShot,ExtremeSpeed,Haze,Protect|||F|||50|,,,,,Normal
|showteam|p2|Whimsicott||FocusSash|Prankster|Protect,Moonblast,Tailwind,Encore|||M|||50|,,,,,Ghost]Gholdengo||ChoiceSpecs|GoodasGold|MakeItRain,ShadowBall,Protect,Trick||||||50|,,,,,Steel]Garchomp||LifeOrb|RoughSkin|Protect,StompingTantrum,DragonClaw,Earthquake|||F|||50|,,,,,Ground]Ditto||CovertCloak|Imposter|Transform||||||50|,,,,,Grass]Incineroar||SafetyGoggles|Intimidate|FakeOut,FlareBlitz,KnockOff,PartingShot|||M|||50|,,,,,Ghost]Milotic||SitrusBerry|Competitive|IcyWind,Scald,Protect,Haze|||F|||50|,,,,,Grass
|
|t:|1755638424
|teamsize|p1|4
|teamsize|p2|4
|start
|switch|p1a: When One Falls|Kingambit, L50, F|100/100
|switch|p1b: Alicia|Sneasler, L50, F|100/100
|switch|p2a: Whimsicott|Whimsicott, L50, M, shiny|100/100
|switch|p2b: Garchomp|Garchomp, L50, F|100/100
|turn|1
|
|t:|1755638457
|move|p2a: Whimsicott|Protect|p2a: Whimsicott
|-singleturn|p2a: Whimsicott|Protect
|move|p2b: Garchomp|Protect|p2b: Garchomp
|-singleturn|p2b: Garchomp|Protect
|move|p1b: Alicia|Fake Out|p2b: Garchomp
|-activate|p2b: Garchomp|move: Protect
|move|p1a: When One Falls|Swords Dance|p1a: When One Falls
|-boost|p1a: When One Falls|atk|2
|
|upkeep
|turn|2
|
|t:|1755638467
|switch|p2b: Ditto|Ditto, L50, shiny|100/100
|-transform|p2b: Ditto|p1a: When One Falls|[from] ability: Imposter
|-terastallize|p1a: When One Falls|Dark
|move|p2a: Whimsicott|Encore|p1b: Alicia
|-start|p1b: Alicia|Encore
|move|p1a: When One Falls|Sucker Punch||[still]
|-fail|p1a: When One Falls
|move|p1b: Alicia|Fake Out||[still]
|-hint|Fake Out only works on your first turn out.
|-fail|p1b: Alicia
|
|upkeep
|turn|3
|
|t:|1755638480
|switch|p1b: Monoco|Rillaboom, L50, F|100/100
|-fieldstart|move: Grassy Terrain|[from] ability: Grassy Surge|[of] p1b: Monoco
|move|p1a: When One Falls|Protect|p1a: When One Falls
|-singleturn|p1a: When One Falls|Protect
|move|p2a: Whimsicott|Moonblast|p1a: When One Falls
|-activate|p1a: When One Falls|move: Protect
|move|p2b: Ditto|Swords Dance|p2b: Ditto
|-boost|p2b: Ditto|atk|2
|
|upkeep
|turn|4
|
|t:|1755638502
|switch|p1b: Alicia|Sneasler, L50, F|100/100
|-enditem|p1b: Alicia|Grassy Seed
|-boost|p1b: Alicia|def|1|[from] item: Grassy Seed
|move|p2a: Whimsicott|Protect|p2a: Whimsicott
|-singleturn|p2a: Whimsicott|Protect
|move|p1a: When One Falls|Kowtow Cleave|p2b: Ditto
|-resisted|p2b: Ditto
|-damage|p2b: Ditto|25/100
|move|p2b: Ditto|Kowtow Cleave|p1b: Alicia
|-resisted|p1b: Alicia
|-damage|p1b: Alicia|16/100
|
|-heal|p1b: Alicia|22/100|[from] Grassy Terrain
|-heal|p2b: Ditto|31/100|[from] Grassy Terrain
|upkeep
|turn|5
|
|t:|1755638540
|-terastallize|p2a: Whimsicott|Ghost
|move|p2b: Ditto|Sucker Punch|p1a: When One Falls
|-resisted|p1a: When One Falls
|-damage|p1a: When One Falls|54/100
|move|p1b: Alicia|Coaching|p1a: When One Falls
|-boost|p1a: When One Falls|atk|1
|-boost|p1a: When One Falls|def|1
|move|p2a: Whimsicott|Moonblast|p1a: When One Falls
|-supereffective|p1a: When One Falls
|-damage|p1a: When One Falls|0 fnt
|faint|p1a: When One Falls
|
|-heal|p1b: Alicia|28/100|[from] Grassy Terrain
|-heal|p2b: Ditto|37/100|[from] Grassy Terrain
|upkeep
|
|t:|1755638555
|switch|p1a: Monoco|Rillaboom, L50, F|100/100
|turn|6
|
|t:|1755638570
|move|p2a: Whimsicott|Encore|p1b: Alicia
|-start|p1b: Alicia|Encore
|move|p1b: Alicia|Coaching|p1a: Monoco
|-boost|p1a: Monoco|atk|1
|-boost|p1a: Monoco|def|1
|move|p1a: Monoco|High Horsepower|p2b: Ditto
|-supereffective|p2b: Ditto
|-damage|p2b: Ditto|0 fnt
|faint|p2b: Ditto
|
|-heal|p1b: Alicia|33/100|[from] Grassy Terrain
|upkeep
|
|t:|1755638581
|switch|p2b: Gholdengo|Gholdengo, L50|100/100
|turn|7
|
|t:|1755638588
|move|p2a: Whimsicott|Tailwind|p2a: Whimsicott
|-sidestart|p2: huntr/x rumi|move: Tailwind
|move|p1b: Alicia|Coaching|p1a: Monoco
|-boost|p1a: Monoco|atk|1
|-boost|p1a: Monoco|def|1
|move|p2b: Gholdengo|Make It Rain|p1b: Alicia|[spread] p1a,p1b
|-damage|p1a: Monoco|34/100
|-damage|p1b: Alicia|0 fnt
|-unboost|p2b: Gholdengo|spa|1
|faint|p1b: Alicia
|move|p1a: Monoco|High Horsepower|p2b: Gholdengo|[miss]
|-miss|p1a: Monoco|p2b: Gholdengo
|
|-heal|p1a: Monoco|40/100|[from] Grassy Terrain
|-fieldend|move: Grassy Terrain
|upkeep
|
|t:|1755638600
|switch|p1b: We Continue|Basculegion, L50, M|100/100
|turn|8
|
|t:|1755638611
|move|p2a: Whimsicott|Moonblast|p1a: Monoco
|-damage|p1a: Monoco|11/100
|-unboost|p1a: Monoco|spa|1
|move|p2b: Gholdengo|Make It Rain|p1a: Monoco|[spread] p1a,p1b
|-resisted|p1b: We Continue
|-damage|p1a: Monoco|0 fnt
|-damage|p1b: We Continue|73/100
|-unboost|p2b: Gholdengo|spa|1
|faint|p1a: Monoco
|move|p1b: We Continue|Last Respects|p2a: Whimsicott
|-supereffective|p2a: Whimsicott
|-enditem|p2a: Whimsicott|Focus Sash
|-damage|p2a: Whimsicott|1/100
|
|upkeep
|turn|9
|
|t:|1755638623
|switch|p2b: Garchomp|Garchomp, L50, F|100/100
|move|p2a: Whimsicott|Moonblast|p1b: We Continue
|-damage|p1b: We Continue|31/100
|-unboost|p1b: We Continue|spa|1
|move|p1b: We Continue|Last Respects|p2b: Garchomp
|-damage|p2b: Garchomp|0 fnt
|faint|p2b: Garchomp
|
|upkeep
|
|t:|1755638625
|switch|p2b: Gholdengo|Gholdengo, L50|100/100
|turn|10
|
|t:|1755638629
|move|p2a: Whimsicott|Moonblast|p1b: We Continue
|-damage|p1b: We Continue|0 fnt
|faint|p1b: We Continue
|
|win|huntr/x rumi
|raw|anivgc's rating: 1367 → 1342(-25 for losing)
|raw|huntr/x rumi's rating: 1269 → 1301(+32 for winning)
|l|☆anivgc
|player|p1|
