|j|☆crescentsoul
|j|☆Sergeants25
|html|crescentsoulSergeants25    
|uhtml|bestof|Game 1 of a best-of-3
|t:|1785072664
|gametype|doubles
|player|p1|crescentsoul|steven|1202
|player|p2|Sergeants25|169|1084
|gen|9
|tier|[Gen 9 Champions] VGC 2026 Reg M-B (Bo3)
|rated|
|rule|Species Clause: Limit one of each Pokémon
|rule|Item Clause: Limit 1 of each item
|clearpoke
|poke|p1|Glimmora, L50, M|
|poke|p1|Ninetales-Alola, L50, F|
|poke|p1|Talonflame, L50, F|
|poke|p1|Basculegion, L50, M|
|poke|p1|Kommo-o, L50, F|
|poke|p1|Kingambit, L50, F|
|poke|p2|Excadrill, L50, M|
|poke|p2|Tyranitar, L50, M|
|poke|p2|Gholdengo, L50|
|poke|p2|Milotic, L50, F, shiny|
|poke|p2|Staraptor, L50, M, shiny|
|poke|p2|Sinistcha, L50|
|teampreview|4
|showteam|p1|Glimmora||Glimmoranite|ToxicDebris|PowerGem,SludgeBomb,EarthPower,SpikyShield|Modest||M|||50|]Ninetales-Alola||NeverMeltIce|SnowWarning|Blizzard,FreezeDry,AuroraVeil,Protect|Timid||F|||50|]Talonflame||SharpBeak|GaleWings|DualWingbeat,FlareBlitz,Tailwind,QuickGuard|Jolly||F|||50|]Basculegion||ChoiceScarf|Adaptability|WaveCrash,AquaJet,FlipTurn,LastRespects|Jolly||M|||50|]Kommo-o||LifeOrb|Soundproof|ClangingScales,DracoMeteor,AuraSphere,Protect|Modest||F|||50|]Kingambit||FocusSash|Defiant|SuckerPunch,KowtowCleave,IronHead,LowKick|Adamant||F|||50|
|showteam|p2|Excadrill||FocusSash|SandRush|Earthquake,IronHead,StompingTantrum,Protect|Adamant||M|||50|]Tyranitar||Tyranitarite|SandStream|RockSlide,KnockOff,StompingTantrum,Protect|Jolly||M|||50|]Gholdengo||LifeOrb|GoodasGold|MakeItRain,ShadowBall,NastyPlot,Protect|Timid|||||50|]Milotic||Leftovers|Competitive|Scald,Haze,IceBeam,Protect|Calm||F|||50|]Staraptor||Staraptite|Intimidate|CloseCombat,BraveBird,Tailwind,Protect|Jolly||M|||50|]Sinistcha||ColburBerry|Hospitality|MatchaGotcha,RagePowder,TrickRoom,Protect|Bold|||||50|
|
|t:|1785072699
|teamsize|p1|4
|teamsize|p2|4
|start
|switch|p1a: Talonflame|Talonflame, L50, F|100/100
|switch|p1b: Basculegion|Basculegion, L50, M|100/100
|switch|p2a: Tyranitar|Tyranitar, L50, M|100/100
|switch|p2b: Excadrill|Excadrill, L50, M|100/100
|-weather|Sandstorm|[from] ability: Sand Stream|[of] p2a: Tyranitar
|turn|1
|j| tedidn
|
|t:|1785072731
|move|p1a: Talonflame|Tailwind|p1a: Talonflame
|-sidestart|p1: crescentsoul|move: Tailwind
|move|p1b: Basculegion|Wave Crash|p2b: Excadrill
|-supereffective|p2b: Excadrill|1
|-enditem|p2b: Excadrill|Focus Sash
|-damage|p2b: Excadrill|1/100
|-damage|p1b: Basculegion|68/100|[from] Recoil
|move|p2b: Excadrill|Stomping Tantrum|p1b: Basculegion
|-damage|p1b: Basculegion|12/100
|move|p2a: Tyranitar|Rock Slide|p1a: Talonflame|[spread] 
|-miss|p2a: Tyranitar|p1a: Talonflame
|-miss|p2a: Tyranitar|p1b: Basculegion
|
|-weather|Sandstorm|[upkeep]
|-damage|p1b: Basculegion|6/100|[from] Sandstorm
|-damage|p1a: Talonflame|94/100|[from] Sandstorm
|upkeep
|turn|2
|l| tedidn
|j| tedidn
|
|t:|1785072759
|switch|p1a: Glimmora|Glimmora, L50, M|100/100
|move|p2b: Excadrill|Protect|p2b: Excadrill
|-singleturn|p2b: Excadrill|Protect
|move|p2a: Tyranitar|Protect|p2a: Tyranitar
|-singleturn|p2a: Tyranitar|Protect
|move|p1b: Basculegion|Wave Crash|p2a: Tyranitar
|-activate|p2a: Tyranitar|move: Protect
|
|-weather|Sandstorm|[upkeep]
|-damage|p1b: Basculegion|1/100|[from] Sandstorm
|upkeep
|turn|3
|
|t:|1785072802
|switch|p2a: Sinistcha|Sinistcha, L50|100/100
|-heal|p2b: Excadrill|25/100|[from] ability: Hospitality|[of] p2a: Sinistcha
|detailschange|p1a: Glimmora|Glimmora-Mega, L50, M
|-mega|p1a: Glimmora|Glimmora|Glimmoranite
|move|p1a: Glimmora|Spiky Shield|p1a: Glimmora
|-singleturn|p1a: Glimmora|move: Protect
|move|p1b: Basculegion|Wave Crash|p2b: Excadrill
|-supereffective|p2b: Excadrill|1
|-damage|p2b: Excadrill|0 fnt
|faint|p2b: Excadrill
|-damage|p1b: Basculegion|0 fnt|[from] Recoil
|faint|p1b: Basculegion
|
|-weather|Sandstorm|[upkeep]
|-damage|p2a: Sinistcha|93/100|[from] Sandstorm
|upkeep
|
|t:|1785072821
|switch|p1b: Talonflame|Talonflame, L50, F|94/100
|switch|p2b: Gholdengo|Gholdengo, L50|100/100
|turn|4
|
|t:|1785072843
|move|p1a: Glimmora|Spiky Shield||[still]
|-fail|p1a: Glimmora
|move|p2b: Gholdengo|Protect|p2b: Gholdengo
|-singleturn|p2b: Gholdengo|Protect
|move|p2a: Sinistcha|Protect|p2a: Sinistcha
|-singleturn|p2a: Sinistcha|Protect
|move|p1b: Talonflame|Flare Blitz|p2a: Sinistcha
|-activate|p2a: Sinistcha|move: Protect
|
|-weather|Sandstorm|[upkeep]
|-damage|p1b: Talonflame|88/100|[from] Sandstorm
|-damage|p2a: Sinistcha|87/100|[from] Sandstorm
|-sideend|p1: crescentsoul|move: Tailwind
|upkeep
|turn|5
|
|t:|1785072872
|switch|p2a: Tyranitar|Tyranitar, L50, M|100/100
|move|p1b: Talonflame|Flare Blitz|p2b: Gholdengo
|-supereffective|p2b: Gholdengo|1
|-crit|p2b: Gholdengo
|-damage|p2b: Gholdengo|0 fnt
|faint|p2b: Gholdengo
|-damage|p1b: Talonflame|53/100|[from] Recoil
|move|p1a: Glimmora|Earth Power|p2a: Tyranitar
|-supereffective|p2a: Tyranitar|1
|-damage|p2a: Tyranitar|44/100
|
|-weather|none
|upkeep
|inactive|Battle timer is ON: inactive players will automatically lose when time's up. (requested by crescentsoul)
|-message|Sergeants25 forfeited.
|raw|crescentsoul's rating: 1202 → 1219(+17 for winning)
|raw|Sergeants25's rating: 1084 → 1069(-15 for losing)
|
|win|crescentsoul
