|j|☆MackleMorelull
|j|☆treb clef
|html|MackleMorelulltreb clef    
|uhtml|bestof|Game 1 of a best-of-3
|t:|1784402801
|gametype|doubles
|player|p1|MackleMorelull|worker|
|player|p2|treb clef|clay|
|gen|9
|tier|[Gen 9 Champions] VGC 2026 Reg M-B (Bo3)
|rule|Species Clause: Limit one of each Pokémon
|rule|Item Clause: Limit 1 of each item
|clearpoke
|poke|p1|Sinistcha, L50|
|poke|p1|Klefki, L50, M|
|poke|p1|Azumarill, L50, F|
|poke|p1|Drampa, L50, M|
|poke|p1|Aerodactyl, L50, F|
|poke|p1|Conkeldurr, L50, M|
|poke|p2|Floette-Eternal, L50, F|
|poke|p2|Milotic, L50, M|
|poke|p2|Grimmsnarl, L50, M|
|poke|p2|Hydreigon, L50, M|
|poke|p2|Staraptor, L50, F|
|poke|p2|Arcanine-Hisui, L50, M|
|teampreview|4
|showteam|p1|Sinistcha||SitrusBerry|Hospitality|LifeDew,RagePowder,MatchaGotcha,TrickRoom|Relaxed|||||50|]Klefki||MentalHerb|Prankster|TrickRoom,LightScreen,DrainingKiss,Reflect|Relaxed||M|||50|]Azumarill||ExpertBelt|HugePower|Liquidation,AquaJet,PlayRough,Protect|Adamant||F|||50|]Drampa||Drampanite|CloudNine|DragonPulse,HyperVoice,Protect,EarthPower|Modest||M|||50|]Aerodactyl||Aerodactylite|Unnerve|RockSlide,DualWingbeat,PsychicFangs,WideGuard|Jolly||F|||50|]Conkeldurr||LifeOrb|IronFist|HammerArm,DrainPunch,RockSlide,KnockOff|Adamant||M|||50|
|showteam|p2|Floette-Eternal||Floettite|FlowerVeil|DrainingKiss,DazzlingGleam,Protect,CalmMind|Modest||F|||50|]Milotic||Leftovers|Competitive|LifeDew,IcyWind,Scald,Protect|Bold||M|||50|]Grimmsnarl||LightClay|Prankster|LightScreen,Reflect,ScaryFace,SpiritBreak|Careful||M|||50|]Hydreigon||DragonFang|Levitate|Taunt,Tailwind,Snarl,DracoMeteor|Timid||M|||50|]Staraptor||Staraptite|Intimidate|Protect,Roost,CloseCombat,BraveBird|Jolly||F|||50|]Arcanine-Hisui||ChoiceScarf|RockHead|WillOWisp,RockSlide,FlareBlitz,HeadSmash|Jolly||M|||50|
|
|t:|1784402838
|teamsize|p1|4
|teamsize|p2|4
|start
|switch|p1a: House Keys|Klefki, L50, M|100/100
|switch|p1b: Great Great Grampa|Aerodactyl, L50, F|100/100
|switch|p2a: Hydreigon|Hydreigon, L50, M|100/100
|switch|p2b: Staraptor|Staraptor, L50, F|100/100
|-ability|p1b: Great Great Grampa|Unnerve
|-ability|p2b: Staraptor|Intimidate|boost
|-unboost|p1a: House Keys|atk|1
|-unboost|p1b: Great Great Grampa|atk|1
|turn|1
|
|t:|1784402871
|switch|p2a: Milotic|Milotic, L50, M|100/100
|detailschange|p1b: Great Great Grampa|Aerodactyl-Mega, L50, F
|-mega|p1b: Great Great Grampa|Aerodactyl|Aerodactylite
|detailschange|p2b: Staraptor|Staraptor-Mega, L50, F
|-mega|p2b: Staraptor|Staraptor|Staraptite
|move|p1b: Great Great Grampa|Dual Wingbeat|p2b: Staraptor
|-supereffective|p2b: Staraptor|1
|-damage|p2b: Staraptor|67/100
|-supereffective|p2b: Staraptor|1
|-crit|p2b: Staraptor
|-damage|p2b: Staraptor|0 fnt
|faint|p2b: Staraptor
|-hitcount|p2: Staraptor|2
|move|p1a: House Keys|Trick Room|p1a: House Keys
|-fieldstart|move: Trick Room|[of] p1a: House Keys
|
|upkeep
|
|t:|1784402927
|switch|p2b: Grimmsnarl|Grimmsnarl, L50, M|100/100
|turn|2
|
|t:|1784402972
|switch|p1a: Gramp Gramp|Conkeldurr, L50, M|100/100
|move|p2b: Grimmsnarl|Reflect|p2b: Grimmsnarl
|-sidestart|p2: treb clef|Reflect
|move|p2a: Milotic|Scald|p1b: Great Great Grampa
|-supereffective|p1b: Great Great Grampa|1
|-damage|p1b: Great Great Grampa|37/100
|move|p1b: Great Great Grampa|Rock Slide|p2a: Milotic|[spread] p2a,p2b
|-damage|p2a: Milotic|88/100
|-damage|p2b: Grimmsnarl|82/100
|
|-heal|p2a: Milotic|94/100|[from] item: Leftovers
|upkeep
|turn|3
|
|t:|1784403002
|switch|p1b: The Drank|Sinistcha, L50|100/100
|move|p1a: Gramp Gramp|Hammer Arm|p2a: Milotic
|-crit|p2a: Milotic
|-damage|p2a: Milotic|0 fnt
|-unboost|p1a: Gramp Gramp|spe|1
|faint|p2a: Milotic
|-damage|p1a: Gramp Gramp|90/100|[from] item: Life Orb
|move|p2b: Grimmsnarl|Spirit Break|p1a: Gramp Gramp
|-supereffective|p1a: Gramp Gramp|1
|-damage|p1a: Gramp Gramp|41/100
|-unboost|p1a: Gramp Gramp|spa|1
|
|upkeep
|
|t:|1784403018
|switch|p2a: Hydreigon|Hydreigon, L50, M|100/100
|turn|4
|
|t:|1784403048
|move|p1a: Gramp Gramp|Hammer Arm|p2a: Hydreigon
|-supereffective|p2a: Hydreigon|1
|-damage|p2a: Hydreigon|0 fnt
|-unboost|p1a: Gramp Gramp|spe|1
|faint|p2a: Hydreigon
|-damage|p1a: Gramp Gramp|31/100|[from] item: Life Orb
|move|p2b: Grimmsnarl|Spirit Break|p1a: Gramp Gramp
|-supereffective|p1a: Gramp Gramp|1
|-damage|p1a: Gramp Gramp|0 fnt
|faint|p1a: Gramp Gramp
|move|p1b: The Drank|Life Dew||[still]
|-fail|p1b: The Drank|heal
|
|upkeep
|
|t:|1784403059
|switch|p1a: House Keys|Klefki, L50, M|100/100
|turn|5
|
|t:|1784403073
|move|p2b: Grimmsnarl|Spirit Break|p1b: The Drank
|-damage|p1b: The Drank|79/100
|-unboost|p1b: The Drank|spa|1
|move|p1b: The Drank|Matcha Gotcha|p2b: Grimmsnarl
|-damage|p2b: Grimmsnarl|64/100
|-heal|p1b: The Drank|89/100|[from] drain|[of] p2b: Grimmsnarl
|move|p1a: House Keys|Draining Kiss|p2b: Grimmsnarl
|-supereffective|p2b: Grimmsnarl|1
|-damage|p2b: Grimmsnarl|40/100
|
|-fieldend|move: Trick Room
|upkeep
|turn|6
|
|t:|1784403078
|move|p1a: House Keys|Draining Kiss|p2b: Grimmsnarl
|-supereffective|p2b: Grimmsnarl|1
|-damage|p2b: Grimmsnarl|16/100
|move|p1b: The Drank|Matcha Gotcha|p2b: Grimmsnarl
|-damage|p2b: Grimmsnarl|0 fnt
|-heal|p1b: The Drank|98/100|[from] drain|[of] p2b: Grimmsnarl
|faint|p2b: Grimmsnarl
|
|win|MackleMorelull
||MackleMorelull is ready for game 2.
|inactive|treb clef has 30 seconds to confirm battle start!
||treb clef is ready for game 2.
|uhtml|next|Next: Game 2 of 3
|l|☆treb clef
|player|p2|
|j|☆treb clef
|player|p2|treb clef|clay|
