|j|☆FlyingAntsArmy
|j|☆Cristante Terabug
|html|FlyingAntsArmyCristante Terabug    
|uhtml|bestof|Game 2 of a best-of-3
|t:|1756766289
|gametype|doubles
|player|p1|FlyingAntsArmy|clerk|1126
|player|p2|Cristante Terabug|kieran-champion|1226
|gen|9
|tier|[Gen 9] VGC 2025 Reg H (Bo3)
|rated|
|rule|Species Clause: Limit one of each Pokémon
|rule|Item Clause: Limit 1 of each item
|clearpoke
|poke|p1|Pelipper, L50, F|
|poke|p1|Basculegion, L50, M|
|poke|p1|Archaludon, L50, M|
|poke|p1|Rillaboom, L50, M|
|poke|p1|Kingambit, L50, F|
|poke|p1|Electabuzz, L50, M|
|poke|p2|Incineroar, L50, M|
|poke|p2|Pelipper, L50, M|
|poke|p2|Archaludon, L50, M|
|poke|p2|Dragonite, L50, M|
|poke|p2|Sinistcha, L50|
|poke|p2|Ursaluna, L50, M|
|teampreview|4
|showteam|p1|Pelipper||FocusSash|Drizzle|Hurricane,WeatherBall,Tailwind,Protect|||F|||50|,,,,,Ghost]Basculegion||LifeOrb|SwiftSwim|Protect,WaveCrash,AquaJet,LastRespects|||M|||50|,,,,,Water]Archaludon||AssaultVest|Stamina|ElectroShot,DragonPulse,FlashCannon,BodyPress|||M|||50|,,,,,Grass]Rillaboom||LoadedDice|GrassySurge|GrassyGlide,WoodHammer,BulletSeed,FakeOut|||M|||50|,,,,,Water]Kingambit||BlackGlasses|Defiant|KowtowCleave,SwordsDance,SuckerPunch,Protect|||F|||50|,,,,,Dark]Electabuzz||Eviolite|VitalSpirit|Electroweb,FollowMe,Taunt,Protect|||M|||50|,,,,,Ghost
|showteam|p2|Incineroar||SafetyGoggles|Intimidate|FakeOut,PartingShot,KnockOff,Taunt|||M|||50|,,,,,Ghost]Pelipper||FocusSash|Drizzle|Hurricane,MuddyWater,Tailwind,Protect|||M|||50|,,,,,Ghost]Archaludon||AssaultVest|Stamina|ElectroShot,Snarl,FlashCannon,BodyPress|||M|||50|,,,,,Bug]Dragonite||LoadedDice|Multiscale|ScaleShot,Tailwind,Haze,Protect|||M|||50|,,,,,Fairy]Sinistcha||SitrusBerry|Hospitality|MatchaGotcha,RagePowder,LifeDew,TrickRoom||||||50|,,,,,Dark]Ursaluna||FlameOrb|Guts|Earthquake,Facade,HeadlongRush,Protect|||M|||50|,,,,,Ghost
|inactive|Battle timer is ON: inactive players will automatically lose when time's up. (requested by FlyingAntsArmy)
|j| subhamcheee
|
|t:|1756766307
|teamsize|p1|4
|teamsize|p2|4
|start
|switch|p1a: Archaludon|Archaludon, L50, M, shiny|100/100
|switch|p1b: Rillaboom|Rillaboom, L50, M|100/100
|switch|p2a: Paolo|Dragonite, L50, M|100/100
|switch|p2b: Olmo|Ursaluna, L50, M|100/100
|-fieldstart|move: Grassy Terrain|[from] ability: Grassy Surge|[of] p1b: Rillaboom
|turn|1
|inactive|Cristante Terabug has 30 seconds left.
|
|t:|1756766335
|-terastallize|p1a: Archaludon|Grass
|-terastallize|p2b: Olmo|Ghost
|move|p1b: Rillaboom|Fake Out|p2a: Paolo
|-damage|p2a: Paolo|93/100
|cant|p2a: Paolo|flinch
|move|p1a: Archaludon|Body Press|p2b: Olmo
|-immune|p2b: Olmo
|move|p2b: Olmo|Headlong Rush|p1a: Archaludon
|-resisted|p1a: Archaludon
|-damage|p1a: Archaludon|73/100
|-unboost|p2b: Olmo|def|1
|-unboost|p2b: Olmo|spd|1
|-ability|p1a: Archaludon|Stamina|boost
|-boost|p1a: Archaludon|def|1
|
|-heal|p1a: Archaludon|79/100|[from] Grassy Terrain
|-status|p2b: Olmo|brn|[from] item: Flame Orb
|upkeep
|turn|2
|
|t:|1756766356
|switch|p1b: Pelipper|Pelipper, L50, F|100/100
|-weather|RainDance|[from] ability: Drizzle|[of] p1b: Pelipper
|move|p2a: Paolo|Haze|p2a: Paolo
|-clearallboost
|move|p1a: Archaludon|Electro Shot||[still]
|-prepare|p1a: Archaludon|Electro Shot
|-boost|p1a: Archaludon|spa|1
|-anim|p1a: Archaludon|Electro Shot|p2b: Olmo
|-damage|p2b: Olmo|37/100 brn
|move|p2b: Olmo|Facade|p1a: Archaludon
|-damage|p1a: Archaludon|0 fnt
|faint|p1a: Archaludon
|
|-weather|RainDance|[upkeep]
|-heal|p2b: Olmo|43/100 brn|[from] Grassy Terrain
|-damage|p2b: Olmo|37/100 brn|[from] brn
|upkeep
|
|t:|1756766370
|switch|p1a: Basculegion|Basculegion, L50, M, shiny|100/100
|turn|3
|inactive|Cristante Terabug has 30 seconds left.
|inactive|Cristante Terabug has 20 seconds left.
|
|t:|1756766412
|move|p2a: Paolo|Protect|p2a: Paolo
|-singleturn|p2a: Paolo|Protect
|move|p1a: Basculegion|Last Respects|p2a: Paolo
|-activate|p2a: Paolo|move: Protect
|move|p1b: Pelipper|Weather Ball|p2b: Olmo
|-damage|p2b: Olmo|0 fnt
|faint|p2b: Olmo
|
|-weather|RainDance|[upkeep]
|upkeep
|
|t:|1756766421
|switch|p2b: Luca|Archaludon, L50, M|100/100
|turn|4
|inactive|Cristante Terabug has 30 seconds left.
|
|t:|1756766448
|move|p1a: Basculegion|Last Respects|p2a: Paolo
|-damage|p2a: Paolo|14/100
|-damage|p1a: Basculegion|91/100|[from] item: Life Orb
|move|p2a: Paolo|Scale Shot|p2b: Luca
|-damage|p2b: Luca|91/100
|-ability|p2b: Luca|Stamina|boost
|-boost|p2b: Luca|def|1
|-damage|p2b: Luca|85/100
|-ability|p2b: Luca|Stamina|boost
|-boost|p2b: Luca|def|1
|-damage|p2b: Luca|79/100
|-ability|p2b: Luca|Stamina|boost
|-boost|p2b: Luca|def|1
|-damage|p2b: Luca|75/100
|-ability|p2b: Luca|Stamina|boost
|-boost|p2b: Luca|def|1
|-hitcount|p2b: Luca|4
|-unboost|p2a: Paolo|def|1
|-boost|p2a: Paolo|spe|1
|move|p2b: Luca|Electro Shot||[still]
|-prepare|p2b: Luca|Electro Shot
|-boost|p2b: Luca|spa|1
|-anim|p2b: Luca|Electro Shot|p1a: Basculegion
|-supereffective|p1a: Basculegion
|-damage|p1a: Basculegion|0 fnt
|faint|p1a: Basculegion
|move|p1b: Pelipper|Hurricane|p2b: Luca
|-resisted|p2b: Luca
|-damage|p2b: Luca|55/100
|-start|p2b: Luca|confusion
|-ability|p2b: Luca|Stamina|boost
|-boost|p2b: Luca|def|1
|
|-weather|RainDance|[upkeep]
|-heal|p2b: Luca|62/100|[from] Grassy Terrain
|upkeep
|c|☆FlyingAntsArmy|Ma Luca e Paolo QUEI Luca e Paolo?
|
|t:|1756766470
|switch|p1a: Rillaboom|Rillaboom, L50, M|100/100
|turn|5
|c|☆Cristante Terabug|si ahah
|c|☆FlyingAntsArmy|Adoro
|
|t:|1756766490
|move|p1a: Rillaboom|Fake Out|p2a: Paolo
|-damage|p2a: Paolo|0 fnt
|faint|p2a: Paolo
|-activate|p2b: Luca|confusion
|move|p2b: Luca|Body Press|p1a: Rillaboom
|-damage|p1a: Rillaboom|20/100
|move|p1b: Pelipper|Hurricane|p2b: Luca
|-resisted|p2b: Luca
|-damage|p2b: Luca|45/100
|-ability|p2b: Luca|Stamina|boost
|-boost|p2b: Luca|def|1
|
|-weather|RainDance|[upkeep]
|-heal|p2b: Luca|51/100|[from] Grassy Terrain
|-heal|p1a: Rillaboom|26/100|[from] Grassy Terrain
|-fieldend|move: Grassy Terrain
|upkeep
|
|t:|1756766498
|switch|p2a: Wanda|Sinistcha, L50, shiny|100/100
|-heal|p2b: Luca|76/100|[from] ability: Hospitality|[of] p2a: Wanda
|turn|6
|
|t:|1756766510
|-end|p2b: Luca|confusion
|move|p2b: Luca|Electro Shot||[still]
|-prepare|p2b: Luca|Electro Shot
|-boost|p2b: Luca|spa|1
|-anim|p2b: Luca|Electro Shot|p1b: Pelipper
|-supereffective|p1b: Pelipper
|-enditem|p1b: Pelipper|Focus Sash
|-damage|p1b: Pelipper|1/100
|move|p1b: Pelipper|Hurricane|p2a: Wanda
|-supereffective|p2a: Wanda
|-damage|p2a: Wanda|6/100
|-start|p2a: Wanda|confusion
|-enditem|p2a: Wanda|Sitrus Berry|[eat]
|-heal|p2a: Wanda|31/100|[from] item: Sitrus Berry
|move|p1a: Rillaboom|Wood Hammer|p2b: Luca
|-resisted|p2b: Luca
|-damage|p2b: Luca|73/100
|-damage|p1a: Rillaboom|25/100|[from] Recoil
|-activate|p2a: Wanda|confusion
|move|p2a: Wanda|Matcha Gotcha|p1a: Rillaboom|[spread] p1a
|-miss|p2a: Wanda|p1b: Pelipper
|-resisted|p1a: Rillaboom
|-damage|p1a: Rillaboom|13/100
|-heal|p2a: Wanda|38/100|[from] drain|[of] p1a: Rillaboom
|-status|p1a: Rillaboom|brn
|
|-weather|none
|-damage|p1a: Rillaboom|7/100 brn|[from] brn
|upkeep
|turn|7
|inactive|FlyingAntsArmy has 30 seconds left.
|c|☆FlyingAntsArmy|GG
|c|☆Cristante Terabug|gg
|l| subhamcheee
|-message|FlyingAntsArmy forfeited.
|raw|FlyingAntsArmy's rating: 1126 → 1108(-18 for losing)
|raw|Cristante Terabug's rating: 1226 → 1244(+18 for winning)
|
|win|Cristante Terabug
