|j|☆new mental
|j|☆NemoAK
|html|new mentalNemoAK    
|uhtml|bestof|Game 2 of a best-of-3
|t:|1786107184
|gametype|doubles
|player|p1|new mental|volkner|1318
|player|p2|NemoAK|170|1247
|gen|9
|tier|[Gen 9 Champions] VGC 2026 Reg M-B (Bo3)
|rated|
|rule|Species Clause: Limit one of each Pokémon
|rule|Item Clause: Limit 1 of each item
|clearpoke
|poke|p1|Charizard, L50, F|
|poke|p1|Garchomp, L50, M|
|poke|p1|Incineroar, L50, F|
|poke|p1|Venusaur, L50, F|
|poke|p1|Toxapex, L50, M|
|poke|p1|Sylveon, L50, F|
|poke|p2|Staraptor, L50, M|
|poke|p2|Grimmsnarl, L50, M|
|poke|p2|Basculegion, L50, M|
|poke|p2|Farigiraf, L50, M|
|poke|p2|Garchomp, L50, M|
|poke|p2|Camerupt, L50, M|
|teampreview|4
|showteam|p1|Charizard||CharizarditeY|Blaze|WeatherBall,HeatWave,AncientPower,Protect|Modest||F|||50|]Garchomp||ChoiceScarf|RoughSkin|RockSlide,DragonClaw,Earthquake,StompingTantrum|Adamant||M|||50|]Incineroar||SitrusBerry|Intimidate|FlareBlitz,FakeOut,DarkestLariat,PartingShot|Impish||F|||50|]Venusaur||LifeOrb|Chlorophyll|SludgeBomb,LeafStorm,EarthPower,Protect|Modest||F|||50|]Toxapex||Leftovers|Regenerator|Infestation,Toxic,WideGuard,BanefulBunker|Bold||M|||50|]Sylveon||FairyFeather|Pixilate|HyperVoice,QuickAttack,Yawn,Detect|Modest||F|||50|
|showteam|p2|Staraptor||Staraptite|Intimidate|CloseCombat,BraveBird,Tailwind,Protect|Jolly||M|||50|]Grimmsnarl||LightClay|Prankster|PartingShot,LightScreen,Reflect,SpiritBreak|Brave||M|||50|]Basculegion||ChoiceScarf|Adaptability|LastRespects,WaveCrash,AquaJet,FlipTurn|Adamant||M|||50|]Farigiraf||SitrusBerry|ArmorTail|Psychic,HyperVoice,TrickRoom,HelpingHand|Quiet||M|||50|]Garchomp||LifeOrb|RoughSkin|Earthquake,RockSlide,ScaleShot,Protect|Jolly||M|||50|]Camerupt||Cameruptite|MagmaArmor|HeatWave,EarthPower,AncientPower,Protect|Quiet||M|||50|
|
|t:|1786107206
|teamsize|p1|4
|teamsize|p2|4
|start
|switch|p1a: Charizard|Charizard, L50, F|100/100
|switch|p1b: Incineroar|Incineroar, L50, F|100/100
|switch|p2a: Gringotts|Grimmsnarl, L50, M|100/100
|switch|p2b: 6”3|Farigiraf, L50, M|100/100
|-ability|p1b: Incineroar|Intimidate|boost
|-unboost|p2a: Gringotts|atk|1
|-unboost|p2b: 6”3|atk|1
|turn|1
|
|t:|1786107231
|switch|p2a: Pompei|Camerupt, L50, M|100/100
|detailschange|p1a: Charizard|Charizard-Mega-Y, L50, F
|-mega|p1a: Charizard|Charizard|Charizardite Y
|-weather|SunnyDay|[from] ability: Drought|[of] p1a: Charizard
|move|p1a: Charizard|Heat Wave|p2a: Pompei|[spread] p2a,p2b
|-resisted|p2a: Pompei|1
|-damage|p2a: Pompei|52/100
|-damage|p2b: 6”3|39/100
|-enditem|p2b: 6”3|Sitrus Berry|[eat]
|-heal|p2b: 6”3|64/100|[from] item: Sitrus Berry
|move|p1b: Incineroar|Darkest Lariat|p2b: 6”3
|-supereffective|p2b: 6”3|1
|-damage|p2b: 6”3|6/100
|move|p2b: 6”3|Trick Room|p2b: 6”3
|-fieldstart|move: Trick Room|[of] p2b: 6”3
|
|-weather|SunnyDay|[upkeep]
|upkeep
|turn|2
|
|t:|1786107293
|detailschange|p2a: Pompei|Camerupt-Mega, L50, M
|-mega|p2a: Pompei|Camerupt|Cameruptite
|move|p2a: Pompei|Earth Power|p1b: Incineroar
|-supereffective|p1b: Incineroar|1
|-damage|p1b: Incineroar|0 fnt
|faint|p1b: Incineroar
|move|p2b: 6”3|Hyper Voice|p1a: Charizard
|-damage|p1a: Charizard|62/100
|move|p1a: Charizard|Heat Wave|p2b: 6”3|[spread] p2b
|-miss|p1a: Charizard|p2a: Pompei
|-damage|p2b: 6”3|0 fnt
|faint|p2b: 6”3
|
|-weather|SunnyDay|[upkeep]
|upkeep
|inactive|Battle timer is ON: inactive players will automatically lose when time's up. (requested by new mental)
|
|t:|1786107314
|switch|p2b: Gringotts|Grimmsnarl, L50, M|100/100
|switch|p1b: Toxapex|Toxapex, L50, M|100/100
|turn|3
|
|t:|1786107319
|move|p2a: Pompei|Earth Power|p1b: Toxapex
|-supereffective|p1b: Toxapex|1
|-damage|p1b: Toxapex|0 fnt
|faint|p1b: Toxapex
|move|p2b: Gringotts|Spirit Break|p1a: Charizard
|-resisted|p1a: Charizard|1
|-damage|p1a: Charizard|44/100
|-unboost|p1a: Charizard|spa|1
|move|p1a: Charizard|Heat Wave|p2b: Gringotts|[spread] p2a,p2b
|-resisted|p2a: Pompei|1
|-damage|p2a: Pompei|25/100
|-damage|p2b: Gringotts|60/100
|-status|p2b: Gringotts|brn
|
|-weather|SunnyDay|[upkeep]
|-damage|p2b: Gringotts|54/100 brn|[from] brn
|upkeep
|
|t:|1786107325
|switch|p1b: Garchomp|Garchomp, L50, M|100/100
|turn|4
|
|t:|1786107333
|move|p1a: Charizard|Protect|p1a: Charizard
|-singleturn|p1a: Charizard|Protect
|move|p2a: Pompei|Earth Power|p1b: Garchomp
|-damage|p1b: Garchomp|18/100
|move|p2b: Gringotts|Spirit Break|p1b: Garchomp
|-supereffective|p1b: Garchomp|1
|-damage|p1b: Garchomp|0 fnt
|-damage|p2b: Gringotts|42/100 brn|[from] ability: Rough Skin|[of] p1b: Garchomp
|faint|p1b: Garchomp
|
|-weather|SunnyDay|[upkeep]
|-damage|p2b: Gringotts|36/100 brn|[from] brn
|upkeep
|turn|5
|
|t:|1786107338
|move|p2b: Gringotts|Parting Shot|p1a: Charizard
|-unboost|p1a: Charizard|atk|1
|-unboost|p1a: Charizard|spa|1
|
|t:|1786107340
|switch|p2b: Toothless|Garchomp, L50, M|100/100|[from] Parting Shot
|move|p2a: Pompei|Ancient Power|p1a: Charizard
|-supereffective|p1a: Charizard|2
|-damage|p1a: Charizard|0 fnt
|faint|p1a: Charizard
|
|win|NemoAK
|raw|new mental's rating: 1318 → 1294(-24 for losing)
|raw|NemoAK's rating: 1247 → 1277(+30 for winning)
