|j|☆ElPatood
|j|☆roidv
|html|ElPatoodroidv    
|uhtml|bestof|Game 1 of a best-of-3
|t:|1783790182
|gametype|doubles
|player|p1|ElPatood|102|1032
|player|p2|roidv|265|1040
|gen|9
|tier|[Gen 9 Champions] VGC 2026 Reg M-B (Bo3)
|rated|
|rule|Species Clause: Limit one of each Pokémon
|rule|Item Clause: Limit 1 of each item
|clearpoke
|poke|p1|Swampert, L50, F|
|poke|p1|Venusaur, L50, M|
|poke|p1|Archaludon, L50, M|
|poke|p1|Pelipper, L50, M|
|poke|p1|Grimmsnarl, L50, M|
|poke|p1|Farigiraf, L50, M|
|poke|p2|Arcanine-Hisui, L50, M|
|poke|p2|Torkoal, L50, M|
|poke|p2|Lucario, L50, M|
|poke|p2|Milotic, L50, F|
|poke|p2|Corviknight, L50, M, shiny|
|poke|p2|Umbreon, L50, M, shiny|
|teampreview|4
|showteam|p1|Swampert||Swampertite|Torrent|Earthquake,IcePunch,WaveCrash,Protect|Adamant||F|||50|]Venusaur||Venusaurite|Chlorophyll|SludgeBomb,GigaDrain,EarthPower,EnergyBall|Modest||M|||50|]Archaludon||Leftovers|Stamina|ElectroShot,DragonPulse,FlashCannon,Protect|Timid||M|||50|]Pelipper||FocusSash|Drizzle|Hurricane,WeatherBall,Tailwind,WideGuard|Modest||M|||50|]Grimmsnarl||LightClay|Prankster|Reflect,LightScreen,PartingShot,FoulPlay|Calm||M|||50|]Farigiraf||SitrusBerry|ArmorTail|TrickRoom,RainDance,HelpingHand,TwinBeam|Calm||M|||50|
|showteam|p2|Arcanine-Hisui||FocusSash|RockHead|FlareBlitz,RockSlide,HeadSmash,ExtremeSpeed|Jolly||M|||50|]Torkoal||Charcoal|Drought|Eruption,HeatWave,SolarBeam,Protect|Quiet||M|||50|]Lucario||Lucarionite|InnerFocus|SwordsDance,CloseCombat,BulletPunch,MeteorMash|Jolly||M|||50|]Milotic||MysticWater|Competitive|MuddyWater,Scald,IceBeam,LightScreen|Timid||F|||50|]Corviknight||SitrusBerry|MirrorArmor|Curse,BodyPress,IronHead,Roost|Sassy||M|||50|]Umbreon||Leftovers|Synchronize|Toxic,Yawn,Snarl,Moonlight|Relaxed||M|||50|
|inactive|Battle timer is ON: inactive players will automatically lose when time's up. (requested by ElPatood)
|
|t:|1783790223
|teamsize|p1|4
|teamsize|p2|4
|start
|switch|p1a: Swampert|Swampert, L50, F|100/100
|switch|p1b: Farigiraf|Farigiraf, L50, M|100/100
|switch|p2a: Umbreon|Umbreon, L50, M, shiny|100/100
|switch|p2b: Arcanine|Arcanine-Hisui, L50, M|100/100
|turn|1
|inactive|ElPatood has 30 seconds left.
|
|t:|1783790249
|switch|p1b: Pelipper|Pelipper, L50, M|100/100
|-weather|RainDance|[from] ability: Drizzle|[of] p1b: Pelipper
|detailschange|p1a: Swampert|Swampert-Mega, L50, F
|-mega|p1a: Swampert|Swampert|Swampertite
|move|p1a: Swampert|Earthquake|p2b: Arcanine|[spread] p2a,p2b
|-immune|p1b: Pelipper
|-supereffective|p2b: Arcanine|2
|-damage|p2a: Umbreon|68/100
|-enditem|p2b: Arcanine|Focus Sash
|-damage|p2b: Arcanine|1/100
|move|p2b: Arcanine|Rock Slide|p1a: Swampert|[spread] p1a,p1b
|-resisted|p1a: Swampert|1
|-supereffective|p1b: Pelipper|1
|-damage|p1a: Swampert|88/100
|-damage|p1b: Pelipper|42/100
|move|p2a: Umbreon|Yawn|p1a: Swampert
|-start|p1a: Swampert|move: Yawn|[of] p2a: Umbreon
|
|-weather|RainDance|[upkeep]
|-heal|p2a: Umbreon|74/100|[from] item: Leftovers
|upkeep
|turn|2
|inactive|ElPatood has 30 seconds left.
|inactive|ElPatood has 20 seconds left.
|inactive|ElPatood has 15 seconds left.
|inactive|ElPatood has 10 seconds left.
|inactive|ElPatood has 5 seconds left.
|
|t:|1783790301
|move|p1b: Pelipper|Wide Guard|p1b: Pelipper
|-singleturn|p1b: Pelipper|Wide Guard
|move|p2b: Arcanine|Extreme Speed|p1b: Pelipper
|-damage|p1b: Pelipper|16/100
|move|p1a: Swampert|Earthquake|p2a: Umbreon|[spread] p2a,p2b
|-activate|p1b: Pelipper|move: Wide Guard
|-supereffective|p2b: Arcanine|2
|-damage|p2a: Umbreon|43/100
|-damage|p2b: Arcanine|0 fnt
|faint|p2b: Arcanine
|move|p2a: Umbreon|Toxic|p1b: Pelipper
|-status|p1b: Pelipper|tox
|
|-weather|RainDance|[upkeep]
|-heal|p2a: Umbreon|49/100|[from] item: Leftovers
|-damage|p1b: Pelipper|10/100 tox|[from] psn
|-end|p1a: Swampert|move: Yawn|[silent]
|-status|p1a: Swampert|slp
|upkeep
|
|t:|1783790320
|switch|p2b: Torkoal|Torkoal, L50, M|100/100
|-weather|SunnyDay|[from] ability: Drought|[of] p2b: Torkoal
|turn|3
|
|t:|1783790342
|switch|p1a: Archaludon|Archaludon, L50, M|100/100
|switch|p1b: Farigiraf|Farigiraf, L50, M|100/100
|move|p2a: Umbreon|Moonlight|p2a: Umbreon
|-heal|p2a: Umbreon|100/100
|move|p2b: Torkoal|Solar Beam||[still]
|-prepare|p2b: Torkoal|Solar Beam
|-anim|p2b: Torkoal|Solar Beam|p1a: Archaludon
|-resisted|p1a: Archaludon|2
|-damage|p1a: Archaludon|86/100
|-ability|p1a: Archaludon|Stamina|boost
|-boost|p1a: Archaludon|def|1
|
|-weather|SunnyDay|[upkeep]
|-heal|p1a: Archaludon|92/100|[from] item: Leftovers
|upkeep
|turn|4
|
|t:|1783790366
|move|p1a: Archaludon|Protect|p1a: Archaludon
|-singleturn|p1a: Archaludon|Protect
|move|p1b: Farigiraf|Rain Dance|p1b: Farigiraf
|-weather|RainDance
|move|p2a: Umbreon|Yawn|p1a: Archaludon
|-activate|p1a: Archaludon|move: Protect
|move|p2b: Torkoal|Eruption|p1a: Archaludon|[spread] p1b
|-activate|p1a: Archaludon|move: Protect
|-damage|p1b: Farigiraf|78/100
|
|-weather|RainDance|[upkeep]
|-heal|p1a: Archaludon|98/100|[from] item: Leftovers
|upkeep
|turn|5
|inactive|ElPatood has 30 seconds left.
|
|t:|1783790394
|switch|p2b: Lucario|Lucario, L50, M|100/100
|move|p1b: Farigiraf|Helping Hand|p1a: Archaludon
|-singleturn|p1a: Archaludon|Helping Hand|[of] p1b: Farigiraf
|move|p1a: Archaludon|Electro Shot||[still]
|-prepare|p1a: Archaludon|Electro Shot
|-boost|p1a: Archaludon|spa|1
|-anim|p1a: Archaludon|Electro Shot|p2b: Lucario
|-damage|p2b: Lucario|0 fnt
|faint|p2b: Lucario
|move|p2a: Umbreon|Yawn|p1a: Archaludon
|-start|p1a: Archaludon|move: Yawn|[of] p2a: Umbreon
|
|-weather|RainDance|[upkeep]
|-heal|p1a: Archaludon|100/100|[from] item: Leftovers
|upkeep
|
|t:|1783790408
|switch|p2b: Torkoal|Torkoal, L50, M|100/100
|-weather|SunnyDay|[from] ability: Drought|[of] p2b: Torkoal
|turn|6
|
|t:|1783790430
|switch|p1a: Swampert|Swampert-Mega, L50, F|88/100 slp
|switch|p1b: Pelipper|Pelipper, L50, M|10/100 tox
|-weather|RainDance|[from] ability: Drizzle|[of] p1b: Pelipper
|move|p2a: Umbreon|Toxic|p1b: Pelipper
|-fail|p1b: Pelipper|tox
|move|p2b: Torkoal|Solar Beam||[still]
|-prepare|p2b: Torkoal|Solar Beam
|
|-weather|RainDance|[upkeep]
|-damage|p1b: Pelipper|4/100 tox|[from] psn
|upkeep
|turn|7
|
|t:|1783790454
|switch|p1b: Archaludon|Archaludon, L50, M|100/100
|cant|p1a: Swampert|slp
|move|p2a: Umbreon|Snarl|p1a: Swampert|[spread] p1a,p1b
|-damage|p1a: Swampert|79/100 slp
|-damage|p1b: Archaludon|85/100
|-unboost|p1a: Swampert|spa|1
|-unboost|p1b: Archaludon|spa|1
|-ability|p1b: Archaludon|Stamina|boost
|-boost|p1b: Archaludon|def|1
|move|p2b: Torkoal|Solar Beam|p1b: Archaludon|[from] lockedmove
|-resisted|p1b: Archaludon|2
|-damage|p1b: Archaludon|79/100
|-ability|p1b: Archaludon|Stamina|boost
|-boost|p1b: Archaludon|def|1
|
|-weather|RainDance|[upkeep]
|-heal|p1b: Archaludon|85/100|[from] item: Leftovers
|upkeep
|turn|8
|
|t:|1783790475
|cant|p1a: Swampert|slp
|move|p1b: Archaludon|Electro Shot||[still]
|-prepare|p1b: Archaludon|Electro Shot
|-boost|p1b: Archaludon|spa|1
|-anim|p1b: Archaludon|Electro Shot|p2a: Umbreon
|-damage|p2a: Umbreon|73/100
|move|p2a: Umbreon|Yawn|p1b: Archaludon
|-start|p1b: Archaludon|move: Yawn|[of] p2a: Umbreon
|move|p2b: Torkoal|Solar Beam||[still]
|-prepare|p2b: Torkoal|Solar Beam
|
|-weather|RainDance|[upkeep]
|-heal|p1b: Archaludon|91/100|[from] item: Leftovers
|-heal|p2a: Umbreon|79/100|[from] item: Leftovers
|upkeep
|turn|9
|
|t:|1783790496
|switch|p1b: Farigiraf|Farigiraf, L50, M|78/100
|-curestatus|p1a: Swampert|slp|[msg]
|move|p1a: Swampert|Wave Crash|p2b: Torkoal
|-supereffective|p2b: Torkoal|1
|-damage|p2b: Torkoal|0 fnt
|faint|p2b: Torkoal
|-damage|p1a: Swampert|46/100|[from] Recoil
|move|p2a: Umbreon|Moonlight|p2a: Umbreon
|-heal|p2a: Umbreon|100/100
|
|-weather|RainDance|[upkeep]
|upkeep
|turn|10
|inactive|ElPatood has 30 seconds left.
|inactive|ElPatood has 20 seconds left.
|inactive|ElPatood has 15 seconds left.
|inactive|ElPatood has 10 seconds left.
|inactive|ElPatood has 5 seconds left.
|
|t:|1783790551
|move|p1a: Swampert|Earthquake|p2a: Umbreon|[spread] p1b,p2a
|-damage|p1b: Farigiraf|33/100
|-damage|p2a: Umbreon|66/100
|-enditem|p1b: Farigiraf|Sitrus Berry|[eat]
|-heal|p1b: Farigiraf|57/100|[from] item: Sitrus Berry
|move|p2a: Umbreon|Snarl|p1a: Swampert|[spread] p1a,p1b
|-supereffective|p1b: Farigiraf|1
|-damage|p1a: Swampert|37/100
|-damage|p1b: Farigiraf|43/100
|-unboost|p1a: Swampert|spa|1
|-unboost|p1b: Farigiraf|spa|1
|move|p1b: Farigiraf|Trick Room|p1b: Farigiraf
|-fieldstart|move: Trick Room|[of] p1b: Farigiraf
|
|-weather|none
|-heal|p2a: Umbreon|72/100|[from] item: Leftovers
|upkeep
|turn|11
|inactive|ElPatood has 30 seconds left.
|inactive|ElPatood has 20 seconds left.
|
|t:|1783790587
|switch|p1a: Pelipper|Pelipper, L50, M|4/100 tox
|-weather|RainDance|[from] ability: Drizzle|[of] p1a: Pelipper
|move|p2a: Umbreon|Moonlight|p2a: Umbreon
|-heal|p2a: Umbreon|97/100
|move|p1b: Farigiraf|Trick Room|p1b: Farigiraf
|-fieldend|move: Trick Room
|
|-weather|RainDance|[upkeep]
|-heal|p2a: Umbreon|100/100|[from] item: Leftovers
|-damage|p1a: Pelipper|0 fnt|[from] psn
|faint|p1a: Pelipper
|upkeep
|
|t:|1783790601
|switch|p1a: Archaludon|Archaludon, L50, M|91/100
|turn|12
|
|t:|1783790611
|move|p1b: Farigiraf|Helping Hand|p1a: Archaludon
|-singleturn|p1a: Archaludon|Helping Hand|[of] p1b: Farigiraf
|move|p1a: Archaludon|Electro Shot||[still]
|-prepare|p1a: Archaludon|Electro Shot
|-boost|p1a: Archaludon|spa|1
|-anim|p1a: Archaludon|Electro Shot|p2a: Umbreon
|-damage|p2a: Umbreon|30/100
|move|p2a: Umbreon|Toxic|p1b: Farigiraf
|-status|p1b: Farigiraf|tox
|
|-weather|RainDance|[upkeep]
|-heal|p1a: Archaludon|97/100|[from] item: Leftovers
|-heal|p2a: Umbreon|36/100|[from] item: Leftovers
|-damage|p1b: Farigiraf|37/100 tox|[from] psn
|upkeep
|turn|13
|inactive|ElPatood has 30 seconds left.
|inactive|ElPatood has 20 seconds left.
|inactive|ElPatood has 15 seconds left.
|inactive|ElPatood has 10 seconds left.
|
|t:|1783790658
|move|p1b: Farigiraf|Helping Hand|p1a: Archaludon
|-singleturn|p1a: Archaludon|Helping Hand|[of] p1b: Farigiraf
|move|p1a: Archaludon|Electro Shot||[still]
|-prepare|p1a: Archaludon|Electro Shot
|-boost|p1a: Archaludon|spa|1
|-anim|p1a: Archaludon|Electro Shot|p2a: Umbreon
|-damage|p2a: Umbreon|0 fnt
|faint|p2a: Umbreon
|
|win|ElPatood
||roidv is ready for game 2.
