|j|☆Cxmbxt
|j|☆Alj-kun
|html|CxmbxtAlj-kun    
|uhtml|bestof|Game 1 of a best-of-3
|t:|1786110931
|gametype|doubles
|player|p1|Cxmbxt|169|1067
|player|p2|Alj-kun|benga|1068
|gen|9
|tier|[Gen 9 Champions] VGC 2026 Reg M-B (Bo3)
|rated|
|rule|Species Clause: Limit one of each Pokémon
|rule|Item Clause: Limit 1 of each item
|clearpoke
|poke|p1|Sinistcha-Masterpiece, L50|
|poke|p1|Incineroar, L50, F|
|poke|p1|Floette-Eternal, L50, F|
|poke|p1|Whimsicott, L50, F|
|poke|p1|Hawlucha, L50, F|
|poke|p1|Rotom-Wash, L50|
|poke|p2|Tyranitar, L50, M|
|poke|p2|Excadrill, L50, F|
|poke|p2|Milotic, L50, M|
|poke|p2|Sinistcha-Masterpiece, L50|
|poke|p2|Staraptor, L50, M|
|poke|p2|Gholdengo, L50|
|teampreview|4
|showteam|p1|Sinistcha-Masterpiece||Leftovers|Hospitality|ShadowBall,MatchaGotcha,Reflect,StrengthSap|Modest|||||50|]Incineroar||ExpertBelt|Intimidate|DarkestLariat,FakeOut,FlareBlitz,Taunt|Adamant||F|||50|]Floette-Eternal||Floettite|FlowerVeil|CalmMind,DazzlingGleam,Protect,Moonblast|Modest||F|||50|]Whimsicott||FocusSash|Prankster|Encore,Moonblast,Tailwind,LightScreen|Modest||F|||50|]Hawlucha||Hawluchanite|Limber|DrainPunch,HighJumpKick,RockSlide,SwordsDance|Adamant||F|||50|]Rotom-Wash||ChoiceScarf|Levitate|Protect,WillOWisp,VoltSwitch,Trick|Serious|||||50|
|showteam|p2|Tyranitar||Tyranitarite|SandStream|RockSlide,KnockOff,LowKick,Protect|Jolly||M|||50|]Excadrill||FocusSash|SandRush|IronHead,HighHorsepower,RockSlide,Protect|Jolly||F|||50|]Milotic||Leftovers|Competitive|Scald,IcyWind,IceBeam,Protect|Calm||M|||50|]Sinistcha-Masterpiece||ColburBerry|Hospitality|MatchaGotcha,ShadowBall,Protect,RagePowder|Bold|||||50|]Staraptor||Staraptite|Intimidate|CloseCombat,BraveBird,Tailwind,Protect|Jolly||M|||50|]Gholdengo||LifeOrb|GoodasGold|ShadowBall,MakeItRain,NastyPlot,Protect|Modest|||||50|
|
|t:|1786110977
|teamsize|p1|4
|teamsize|p2|4
|start
|switch|p1a: Incineroar|Incineroar, L50, F|100/100
|switch|p1b: Whimsicott|Whimsicott, L50, F|100/100
|switch|p2a: Tyranitar|Tyranitar, L50, M|100/100
|switch|p2b: Excadrill|Excadrill, L50, F|100/100
|-weather|Sandstorm|[from] ability: Sand Stream|[of] p2a: Tyranitar
|-ability|p1a: Incineroar|Intimidate|boost
|-unboost|p2a: Tyranitar|atk|1
|-unboost|p2b: Excadrill|atk|1
|turn|1
|
|t:|1786111011
|detailschange|p2a: Tyranitar|Tyranitar-Mega, L50, M
|-mega|p2a: Tyranitar|Tyranitar|Tyranitarite
|move|p1a: Incineroar|Fake Out|p2b: Excadrill
|-resisted|p2b: Excadrill|1
|-damage|p2b: Excadrill|89/100
|move|p1b: Whimsicott|Tailwind|p1b: Whimsicott
|-sidestart|p1: Cxmbxt|move: Tailwind
|cant|p2b: Excadrill|flinch
|move|p2a: Tyranitar|Rock Slide|p1a: Incineroar|[spread] p1a,p1b
|-supereffective|p1a: Incineroar|1
|-damage|p1a: Incineroar|58/100
|-damage|p1b: Whimsicott|68/100
|
|-weather|Sandstorm|[upkeep]
|-damage|p1b: Whimsicott|62/100|[from] Sandstorm
|-damage|p1a: Incineroar|52/100|[from] Sandstorm
|upkeep
|turn|2
|
|t:|1786111045
|switch|p1a: Rotom|Rotom-Wash, L50|100/100
|move|p2b: Excadrill|Protect|p2b: Excadrill
|-singleturn|p2b: Excadrill|Protect
|move|p1b: Whimsicott|Moonblast|p2a: Tyranitar
|-supereffective|p2a: Tyranitar|1
|-damage|p2a: Tyranitar|56/100
|move|p2a: Tyranitar|Low Kick|p1a: Rotom
|-crit|p1a: Rotom
|-damage|p1a: Rotom|85/100
|
|-weather|Sandstorm|[upkeep]
|-damage|p1a: Rotom|79/100|[from] Sandstorm
|-damage|p1b: Whimsicott|56/100|[from] Sandstorm
|upkeep
|turn|3
|
|t:|1786111070
|switch|p2b: Gholdengo|Gholdengo, L50|100/100
|switch|p2a: Sinistcha|Sinistcha-Masterpiece, L50|100/100
|move|p1a: Rotom|Will-O-Wisp|p2b: Gholdengo
|-immune|p2b: Gholdengo|[from] ability: Good as Gold
|move|p1b: Whimsicott|Moonblast|p2a: Sinistcha
|-damage|p2a: Sinistcha|61/100
|
|-weather|Sandstorm|[upkeep]
|-damage|p1a: Rotom|74/100|[from] Sandstorm
|-damage|p1b: Whimsicott|51/100|[from] Sandstorm
|-damage|p2a: Sinistcha|56/100|[from] Sandstorm
|upkeep
|turn|4
|
|t:|1786111091
|switch|p1a: Incineroar|Incineroar, L50, F|52/100
|-ability|p1a: Incineroar|Intimidate|boost
|-unboost|p2a: Sinistcha|atk|1
|-unboost|p2b: Gholdengo|atk|1
|move|p2a: Sinistcha|Rage Powder|p2a: Sinistcha
|-singleturn|p2a: Sinistcha|move: Rage Powder
|move|p1b: Whimsicott|Light Screen|p1b: Whimsicott
|-sidestart|p1: Cxmbxt|move: Light Screen
|move|p2b: Gholdengo|Nasty Plot|p2b: Gholdengo
|-boost|p2b: Gholdengo|spa|2
|
|-weather|Sandstorm|[upkeep]
|-damage|p1b: Whimsicott|45/100|[from] Sandstorm
|-damage|p1a: Incineroar|46/100|[from] Sandstorm
|-damage|p2a: Sinistcha|50/100g|[from] Sandstorm
|-sideend|p1: Cxmbxt|move: Tailwind
|upkeep
|turn|5
|
|t:|1786111132
|switch|p2b: Excadrill|Excadrill, L50, F|89/100
|switch|p2a: Tyranitar|Tyranitar-Mega, L50, M|56/100
|move|p1b: Whimsicott|Encore||[still]
|-fail|p1b: Whimsicott
|move|p1a: Incineroar|Taunt|p2a: Tyranitar
|-start|p2a: Tyranitar|move: Taunt
|
|-weather|none
|upkeep
|turn|6
|
|t:|1786111161
|move|p1b: Whimsicott|Tailwind|p1b: Whimsicott
|-sidestart|p1: Cxmbxt|move: Tailwind
|move|p1a: Incineroar|Flare Blitz|p2b: Excadrill
|-supereffective|p2b: Excadrill|1
|-damage|p2b: Excadrill|0 fnt
|faint|p2b: Excadrill
|-damage|p1a: Incineroar|18/100|[from] Recoil
|move|p2a: Tyranitar|Low Kick|p1a: Incineroar
|-supereffective|p1a: Incineroar|1
|-damage|p1a: Incineroar|0 fnt
|faint|p1a: Incineroar
|
|upkeep
|
|t:|1786111178
|switch|p2b: Sinistcha|Sinistcha-Masterpiece, L50|50/100g
|switch|p1a: Hawlucha|Hawlucha, L50, F|100/100
|-heal|p2a: Tyranitar|81/100|[from] ability: Hospitality|[of] p2b: Sinistcha
|turn|7
|
|t:|1786111198
|detailschange|p1a: Hawlucha|Hawlucha-Mega, L50, F
|-mega|p1a: Hawlucha|Hawlucha|Hawluchanite
|move|p1a: Hawlucha|Swords Dance|p1a: Hawlucha
|-boost|p1a: Hawlucha|atk|2
|move|p1b: Whimsicott|Moonblast|p2b: Sinistcha
|-damage|p2b: Sinistcha|12/100
|move|p2a: Tyranitar|Rock Slide|p1a: Hawlucha|[spread] p1a,p1b
|-damage|p1a: Hawlucha|64/100
|-damage|p1b: Whimsicott|0 fnt
|faint|p1b: Whimsicott
|move|p2b: Sinistcha|Shadow Ball|p1a: Hawlucha
|-damage|p1a: Hawlucha|41/100
|
|-end|p2a: Tyranitar|move: Taunt
|upkeep
|
|t:|1786111212
|switch|p1b: Rotom|Rotom-Wash, L50|74/100
|turn|8
|
|t:|1786111241
|switch|p2b: Gholdengo|Gholdengo, L50|100/100
|move|p1b: Rotom|Volt Switch|p2a: Tyranitar
|-damage|p2a: Tyranitar|54/100
|move|p1a: Hawlucha|Rock Slide|p2b: Gholdengo|[spread] p2a,p2b
|-resisted|p2b: Gholdengo|1
|-crit|p2b: Gholdengo
|-damage|p2a: Tyranitar|28/100
|-damage|p2b: Gholdengo|74/100
|cant|p2a: Tyranitar|flinch
|
|-sideend|p1: Cxmbxt|move: Light Screen
|upkeep
|turn|9
|
|t:|1786111261
|switch|p2a: Sinistcha|Sinistcha-Masterpiece, L50|12/100
|-heal|p2b: Gholdengo|98/100|[from] ability: Hospitality|[of] p2a: Sinistcha
|move|p1b: Rotom|Volt Switch|p2a: Sinistcha
|-resisted|p2a: Sinistcha|1
|-damage|p2a: Sinistcha|0 fnt
|faint|p2a: Sinistcha
|move|p1a: Hawlucha|Rock Slide|p2b: Gholdengo
|-resisted|p2b: Gholdengo|1
|-damage|p2b: Gholdengo|75/100
|move|p2b: Gholdengo|Shadow Ball|p1a: Hawlucha
|-damage|p1a: Hawlucha|0 fnt
|faint|p1a: Hawlucha
|-damage|p2b: Gholdengo|66/100|[from] item: Life Orb
|
|-sideend|p1: Cxmbxt|move: Tailwind
|upkeep
|
|t:|1786111277
|switch|p2a: Tyranitar|Tyranitar-Mega, L50, M|28/100
|-weather|Sandstorm|[from] ability: Sand Stream|[of] p2a: Tyranitar
|turn|10
|
|t:|1786111286
|move|p1b: Rotom|Volt Switch|p2a: Tyranitar
|-damage|p2a: Tyranitar|9/100
|move|p2a: Tyranitar|Rock Slide|p1b: Rotom
|-damage|p1b: Rotom|14/100
|move|p2b: Gholdengo|Shadow Ball|p1b: Rotom
|-damage|p1b: Rotom|0 fnt
|faint|p1b: Rotom
|-damage|p2b: Gholdengo|56/100|[from] item: Life Orb
|
|win|Alj-kun
||Cxmbxt is ready for game 2.
|inactive|Alj-kun has 30 seconds to confirm battle start!
||Alj-kun is ready for game 2.
|uhtml|next|Next: Game 2 of 3
|l|☆Cxmbxt
|player|p1|
