|j|☆hopiumoncrack
|j|☆Imnotgcb
|html|hopiumoncrackImnotgcb    
|uhtml|bestof|Game 1 of a best-of-3
|t:|1784654260
|gametype|doubles
|player|p1|hopiumoncrack|1|1149
|player|p2|Imnotgcb|169|1154
|gen|9
|tier|[Gen 9 Champions] VGC 2026 Reg M-B (Bo3)
|rated|
|rule|Species Clause: Limit one of each Pokémon
|rule|Item Clause: Limit 1 of each item
|clearpoke
|poke|p1|Incineroar, L50, F, shiny|
|poke|p1|Farigiraf, L50, F, shiny|
|poke|p1|Mawile, L50, F, shiny|
|poke|p1|Basculegion, L50, M, shiny|
|poke|p1|Ninetales-Alola, L50, F|
|poke|p1|Dragonite, L50, M|
|poke|p2|Heliolisk, L50, F|
|poke|p2|Charizard, L50, M|
|poke|p2|Farigiraf, L50, M|
|poke|p2|Kingambit, L50, F|
|poke|p2|Whimsicott, L50, M|
|poke|p2|Feraligatr, L50, F|
|teampreview|4
|showteam|p1|Incineroar||PasshoBerry|Intimidate|FakeOut,FlareBlitz,ThroatChop,PartingShot|Brave||F|||50|]Farigiraf||ColburBerry|ArmorTail|Protect,HelpingHand,Psychic,TrickRoom|Bold||F|||50|]Mawile||Mawilite|HyperCutter|Protect,PlayRough,SuckerPunch,SwordsDance|Brave||F|||50|]Basculegion||ChoiceScarf|Adaptability|WaveCrash,LastRespects,AquaJet,FlipTurn|Jolly||M|||50|]Ninetales-Alola||FocusSash|SnowWarning|Protect,Blizzard,FreezeDry,Moonblast|Timid||F|||50|]Dragonite||Dragoninite|InnerFocus|Protect,DragonPulse,Thunderbolt,HeatWave|Modest||M|||50|
|showteam|p2|Heliolisk||LifeOrb|SolarPower|WeatherBall,Protect,Thunderbolt,HyperBeam|Timid||F|||50|]Charizard||CharizarditeY|Blaze|WeatherBall,SolarBeam,Protect,HeatWave|Timid||M|||50|]Farigiraf||ColburBerry|ArmorTail|MirrorCoat,HelpingHand,SunnyDay,TrickRoom|Sassy||M|||50|]Kingambit||ChopleBerry|Defiant|Protect,SuckerPunch,IronHead,LowKick|Adamant||F|||50|]Whimsicott||FocusSash|Prankster|EnergyBall,Protect,Tailwind,Encore|Timid||M|||50|]Feraligatr||Feraligite|Torrent|RockSlide,DoubleEdge,SwordsDance,Protect|Adamant||F|||50|
|inactive|Battle timer is ON: inactive players will automatically lose when time's up. (requested by hopiumoncrack)
|inactive|Imnotgcb has 60 seconds left.
|
|t:|1784654330
|teamsize|p1|4
|teamsize|p2|4
|start
|switch|p1a: Basculegion|Basculegion, L50, M, shiny|100/100
|switch|p1b: Dragonite|Dragonite, L50, M|100/100
|switch|p2a: Farigiraf|Farigiraf, L50, M|100/100
|switch|p2b: Charizard|Charizard, L50, M|100/100
|turn|1
|inactive|hopiumoncrack has 30 seconds left.
|inactive|Imnotgcb has 30 seconds left.
|inactive|hopiumoncrack has 20 seconds left.
|
|t:|1784654367
|detailschange|p2b: Charizard|Charizard-Mega-Y, L50, M
|-mega|p2b: Charizard|Charizard|Charizardite Y
|-weather|SunnyDay|[from] ability: Drought|[of] p2b: Charizard
|detailschange|p1b: Dragonite|Dragonite-Mega, L50, M
|-mega|p1b: Dragonite|Dragonite|Dragoninite
|move|p2b: Charizard|Protect|p2b: Charizard
|-singleturn|p2b: Charizard|Protect
|move|p1a: Basculegion|Wave Crash|p2b: Charizard
|-activate|p2b: Charizard|move: Protect
|move|p1b: Dragonite|Heat Wave|p2b: Charizard|[spread] p2a
|-activate|p2b: Charizard|move: Protect
|-damage|p2a: Farigiraf|66/100
|move|p2a: Farigiraf|Mirror Coat|p1b: Dragonite
|-damage|p1b: Dragonite|8/100
|
|-weather|SunnyDay|[upkeep]
|upkeep
|turn|2
|inactive|Imnotgcb has 30 seconds left.
|
|t:|1784654395
|switch|p2b: Heliolisk|Heliolisk, L50, F|100/100
|move|p1a: Basculegion|Wave Crash|p2b: Heliolisk
|-damage|p2b: Heliolisk|29/100
|-damage|p1a: Basculegion|83/100|[from] Recoil
|move|p1b: Dragonite|Heat Wave|p2a: Farigiraf|[spread] p2a
|-miss|p1b: Dragonite|p2b: Heliolisk
|-damage|p2a: Farigiraf|31/100
|move|p2a: Farigiraf|Mirror Coat|p1b: Dragonite
|-damage|p1b: Dragonite|0 fnt
|faint|p1b: Dragonite
|
|-weather|SunnyDay|[upkeep]
|-damage|p2b: Heliolisk|17/100|[from] ability: Solar Power|[of] p2b: Heliolisk
|upkeep
|
|t:|1784654414
|switch|p1b: Incineroar|Incineroar, L50, F, shiny|100/100
|-ability|p1b: Incineroar|Intimidate|boost
|-unboost|p2a: Farigiraf|atk|1
|-unboost|p2b: Heliolisk|atk|1
|turn|3
|inactive|Imnotgcb has 30 seconds left.
|
|t:|1784654441
|move|p2a: Farigiraf|Helping Hand|p2b: Heliolisk
|-singleturn|p2b: Heliolisk|Helping Hand|[of] p2a: Farigiraf
|move|p1a: Basculegion|Wave Crash|p2b: Heliolisk
|-damage|p2b: Heliolisk|0 fnt
|faint|p2b: Heliolisk
|-damage|p1a: Basculegion|79/100|[from] Recoil
|move|p1b: Incineroar|Flare Blitz|p2a: Farigiraf
|-damage|p2a: Farigiraf|0 fnt
|faint|p2a: Farigiraf
|-damage|p1b: Incineroar|88/100|[from] Recoil
|
|-weather|SunnyDay|[upkeep]
|upkeep
|
|t:|1784654456
|switch|p2b: Kingambit|Kingambit, L50, F|100/100
|switch|p2a: Charizard|Charizard-Mega-Y, L50, M|100/100
|turn|4
|inactive|hopiumoncrack has 30 seconds left.
|inactive|Imnotgcb has 30 seconds left.
|
|t:|1784654505
|switch|p1a: Ninetales|Ninetales-Alola, L50, F|100/100
|-weather|Snowscape|[from] ability: Snow Warning|[of] p1a: Ninetales
|move|p2b: Kingambit|Protect|p2b: Kingambit
|-singleturn|p2b: Kingambit|Protect
|move|p2a: Charizard|Weather Ball|p1b: Incineroar
|-resisted|p1b: Incineroar|1
|-damage|p1b: Incineroar|71/100
|move|p1b: Incineroar|Flare Blitz|p2b: Kingambit
|-activate|p2b: Kingambit|move: Protect
|
|-weather|Snowscape|[upkeep]
|upkeep
|turn|5
|-message|Imnotgcb forfeited.
|
|win|hopiumoncrack
