|j|☆bellytelevision
|j|☆memeberserk
|html|bellytelevisionmemeberserk    
|uhtml|bestof|Game 1 of a best-of-3
|t:|1782752950
|gametype|doubles
|player|p1|bellytelevision|biker|1034
|player|p2|memeberserk|lance|1114
|gen|9
|tier|[Gen 9 Champions] VGC 2026 Reg M-B (Bo3)
|rated|
|rule|Species Clause: Limit one of each Pokémon
|rule|Item Clause: Limit 1 of each item
|clearpoke
|poke|p1|Venusaur, L50, M, shiny|
|poke|p1|Swampert, L50, M|
|poke|p1|Sinistcha, L50|
|poke|p1|Pelipper, L50, F|
|poke|p1|Archaludon, L50, M, shiny|
|poke|p1|Sableye, L50, F, shiny|
|poke|p2|Grimmsnarl, L50, M|
|poke|p2|Toxapex, L50, M|
|poke|p2|Pelipper, L50, M|
|poke|p2|Swampert, L50, M|
|poke|p2|Staraptor, L50, F|
|poke|p2|Sinistcha, L50|
|teampreview|4
|showteam|p1|Venusaur||Venusaurite|Chlorophyll|GigaDrain,SludgeBomb,Protect,EarthPower|Modest||M|||50|]Swampert||Swampertite|Torrent|WaveCrash,IcePunch,HighHorsepower,Protect|Adamant||M|||50|]Sinistcha||CobaBerry|Hospitality|RagePowder,MatchaGotcha,LifeDew,TrickRoom|Sassy|||||50|]Pelipper||SitrusBerry|Drizzle|Tailwind,Hurricane,WeatherBall,WideGuard|Bold||F|||50|]Archaludon||Leftovers|Stamina|ElectroShot,FlashCannon,DragonPulse,Protect|Modest||M|||50|]Sableye||LightClay|Prankster|RainDance,Reflect,LightScreen,WillOWisp|Sassy||F|||50|
|showteam|p2|Grimmsnarl||LightClay|Prankster|LightScreen,Reflect,PartingShot,SpiritBreak|Careful||M|||50|]Toxapex||Leftovers|Regenerator|Infestation,Toxic,BanefulBunker,WideGuard|Bold||M|||50|]Pelipper||FocusSash|Drizzle|Hurricane,WeatherBall,Protect,Tailwind|Timid||M|||50|]Swampert||Swampertite|Torrent|Earthquake,WaveCrash,Protect,IcePunch|Adamant||M|||50|]Staraptor||Staraptite|Intimidate|CloseCombat,Roost,Protect,BraveBird|Adamant||F|||50|]Sinistcha||ColburBerry|Hospitality|MatchaGotcha,Protect,RagePowder,StrengthSap|Bold|||||50|
|
|t:|1782752989
|teamsize|p1|4
|teamsize|p2|4
|start
|switch|p1a: Sableye|Sableye, L50, F, shiny|100/100
|switch|p1b: Pelipper|Pelipper, L50, F|100/100
|switch|p2a: Grimmsnarl|Grimmsnarl, L50, M|100/100
|switch|p2b: Staraptor|Staraptor, L50, F|100/100
|-ability|p2b: Staraptor|Intimidate|boost
|-unboost|p1a: Sableye|atk|1
|-unboost|p1b: Pelipper|atk|1
|-weather|RainDance|[from] ability: Drizzle|[of] p1b: Pelipper
|turn|1
|inactive|Battle timer is ON: inactive players will automatically lose when time's up. (requested by memeberserk)
|inactive|bellytelevision has 60 seconds left.
|
|t:|1782753040
|switch|p2b: Toxapex|Toxapex, L50, M|100/100
|switch|p1b: Archaludon|Archaludon, L50, M, shiny|100/100
|move|p2a: Grimmsnarl|Light Screen|p2a: Grimmsnarl
|-sidestart|p2: memeberserk|move: Light Screen
|move|p1a: Sableye|Will-O-Wisp|p2b: Toxapex
|-status|p2b: Toxapex|brn
|
|-weather|RainDance|[upkeep]
|-damage|p2b: Toxapex|94/100 brn|[from] brn
|upkeep
|turn|2
|inactive|bellytelevision has 30 seconds left.
|
|t:|1782753065
|move|p2a: Grimmsnarl|Parting Shot|p1b: Archaludon
|-unboost|p1b: Archaludon|atk|1
|-unboost|p1b: Archaludon|spa|1
|
|t:|1782753072
|switch|p2a: Sinistcha|Sinistcha, L50|100/100|[from] Parting Shot
|-heal|p2b: Toxapex|100/100 brn|[from] ability: Hospitality|[of] p2a: Sinistcha
|move|p1a: Sableye|Light Screen|p1a: Sableye
|-sidestart|p1: bellytelevision|move: Light Screen
|move|p1b: Archaludon|Electro Shot||[still]
|-prepare|p1b: Archaludon|Electro Shot
|-boost|p1b: Archaludon|spa|1
|-anim|p1b: Archaludon|Electro Shot|p2b: Toxapex
|-supereffective|p2b: Toxapex|1
|-damage|p2b: Toxapex|56/100 brn
|move|p2b: Toxapex|Toxic|p1a: Sableye
|-status|p1a: Sableye|tox
|
|-weather|RainDance|[upkeep]
|-heal|p2b: Toxapex|62/100 brn|[from] item: Leftovers
|-damage|p1a: Sableye|94/100 tox|[from] psn
|-damage|p2b: Toxapex|56/100 brn|[from] brn
|upkeep
|turn|3
|inactive|bellytelevision has 30 seconds left.
|
|t:|1782753099
|move|p2a: Sinistcha|Rage Powder|p2a: Sinistcha
|-singleturn|p2a: Sinistcha|move: Rage Powder
|move|p1a: Sableye|Light Screen||[still]
|-fail|p1a: Sableye
|move|p1b: Archaludon|Electro Shot||[still]
|-prepare|p1b: Archaludon|Electro Shot
|-boost|p1b: Archaludon|spa|1
|-anim|p1b: Archaludon|Electro Shot|p2a: Sinistcha
|-resisted|p2a: Sinistcha|1
|-damage|p2a: Sinistcha|78/100
|move|p2b: Toxapex|Infestation|p1a: Sableye
|-damage|p1a: Sableye|91/100 tox
|-activate|p1a: Sableye|move: Infestation|[of] p2b: Toxapex
|
|-weather|RainDance|[upkeep]
|-heal|p2b: Toxapex|62/100 brn|[from] item: Leftovers
|-damage|p1a: Sableye|80/100 tox|[from] psn
|-damage|p2b: Toxapex|56/100 brn|[from] brn
|-damage|p1a: Sableye|68/100 tox|[from] move: Infestation|[partiallytrapped]
|upkeep
|turn|4
|
|t:|1782753124
|-heal|p2b: Toxapex|89/100 brn|[from] ability: Regenerator|[silent]
|switch|p2b: Staraptor|Staraptor, L50, F|100/100
|-ability|p2b: Staraptor|Intimidate|boost
|-unboost|p1a: Sableye|atk|1
|-unboost|p1b: Archaludon|atk|1
|move|p2a: Sinistcha|Rage Powder|p2a: Sinistcha
|-singleturn|p2a: Sinistcha|move: Rage Powder
|move|p1a: Sableye|Will-O-Wisp|p2a: Sinistcha
|-status|p2a: Sinistcha|brn
|move|p1b: Archaludon|Electro Shot||[still]
|-prepare|p1b: Archaludon|Electro Shot
|-boost|p1b: Archaludon|spa|1
|-anim|p1b: Archaludon|Electro Shot|p2a: Sinistcha
|-resisted|p2a: Sinistcha|1
|-crit|p2a: Sinistcha
|-damage|p2a: Sinistcha|8/100 brn
|
|-weather|RainDance|[upkeep]
|-damage|p1a: Sableye|50/100g tox|[from] psn
|-damage|p2a: Sinistcha|2/100 brn|[from] brn
|-end|p1a: Sableye|Infestation|[partiallytrapped]|[silent]
|upkeep
|turn|5
|inactive|bellytelevision has 30 seconds left.
|
|t:|1782753155
|detailschange|p2b: Staraptor|Staraptor-Mega, L50, F
|-mega|p2b: Staraptor|Staraptor|Staraptite
|move|p1b: Archaludon|Protect|p1b: Archaludon
|-singleturn|p1b: Archaludon|Protect
|move|p2a: Sinistcha|Rage Powder|p2a: Sinistcha
|-singleturn|p2a: Sinistcha|move: Rage Powder
|move|p1a: Sableye|Reflect|p1a: Sableye
|-sidestart|p1: bellytelevision|Reflect
|move|p2b: Staraptor|Close Combat|p1b: Archaludon
|-activate|p1b: Archaludon|move: Protect
|
|-weather|none
|-damage|p1a: Sableye|28/100 tox|[from] psn
|-damage|p2a: Sinistcha|0 fnt|[from] brn
|faint|p2a: Sinistcha
|upkeep
|
|t:|1782753172
|switch|p2a: Grimmsnarl|Grimmsnarl, L50, M|100/100
|turn|6
|
|t:|1782753187
|move|p1a: Sableye|Rain Dance|p1a: Sableye
|-weather|RainDance
|move|p2b: Staraptor|Close Combat|p1b: Archaludon
|-supereffective|p1b: Archaludon|1
|-damage|p1b: Archaludon|26/100
|-boost|p2b: Staraptor|def|1
|-boost|p2b: Staraptor|spd|1
|-ability|p1b: Archaludon|Stamina|boost
|-boost|p1b: Archaludon|def|1
|move|p1b: Archaludon|Electro Shot||[still]
|-prepare|p1b: Archaludon|Electro Shot
|-boost|p1b: Archaludon|spa|1
|-anim|p1b: Archaludon|Electro Shot|p2b: Staraptor
|-supereffective|p2b: Staraptor|1
|-damage|p2b: Staraptor|15/100
|move|p2a: Grimmsnarl|Spirit Break|p1a: Sableye
|-supereffective|p1a: Sableye|1
|-damage|p1a: Sableye|0 fnt
|faint|p1a: Sableye
|
|-weather|RainDance|[upkeep]
|-heal|p1b: Archaludon|32/100|[from] item: Leftovers
|upkeep
|
|t:|1782753207
|switch|p1a: Sinistcha|Sinistcha, L50|100/100
|-heal|p1b: Archaludon|57/100|[from] ability: Hospitality|[of] p1a: Sinistcha
|turn|7
|
|t:|1782753217
|move|p1a: Sinistcha|Rage Powder|p1a: Sinistcha
|-singleturn|p1a: Sinistcha|move: Rage Powder
|move|p2a: Grimmsnarl|Parting Shot|p1a: Sinistcha
|-unboost|p1a: Sinistcha|atk|1
|-unboost|p1a: Sinistcha|spa|1
|
|t:|1782753221
|switch|p2a: Toxapex|Toxapex, L50, M|89/100 brn|[from] Parting Shot
|move|p2b: Staraptor|Roost|p2b: Staraptor
|-heal|p2b: Staraptor|65/100
|-singleturn|p2b: Staraptor|move: Roost
|move|p1b: Archaludon|Electro Shot||[still]
|-prepare|p1b: Archaludon|Electro Shot
|-boost|p1b: Archaludon|spa|1
|-anim|p1b: Archaludon|Electro Shot|p2b: Staraptor
|-damage|p2b: Staraptor|11/100
|
|-weather|RainDance|[upkeep]
|-heal|p1b: Archaludon|64/100|[from] item: Leftovers
|-heal|p2a: Toxapex|95/100 brn|[from] item: Leftovers
|-damage|p2a: Toxapex|89/100 brn|[from] brn
|upkeep
|turn|8
|
|t:|1782753245
|switch|p1a: Pelipper|Pelipper, L50, F|100/100
|move|p2b: Staraptor|Protect|p2b: Staraptor
|-singleturn|p2b: Staraptor|Protect
|move|p1b: Archaludon|Electro Shot||[still]
|-prepare|p1b: Archaludon|Electro Shot
|-boost|p1b: Archaludon|spa|1
|-anim|p1b: Archaludon|Electro Shot|p2b: Staraptor
|-activate|p2b: Staraptor|move: Protect
|move|p2a: Toxapex|Toxic|p1a: Pelipper
|-status|p1a: Pelipper|tox
|
|-weather|RainDance|[upkeep]
|-heal|p1b: Archaludon|70/100|[from] item: Leftovers
|-heal|p2a: Toxapex|95/100 brn|[from] item: Leftovers
|-damage|p1a: Pelipper|93/100 tox|[from] psn
|-damage|p2a: Toxapex|89/100 brn|[from] brn
|-sideend|p2: memeberserk|move: Light Screen
|upkeep
|turn|9
|
|t:|1782753269
|move|p2b: Staraptor|Roost|p2b: Staraptor
|-heal|p2b: Staraptor|61/100
|-singleturn|p2b: Staraptor|move: Roost
|move|p1b: Archaludon|Electro Shot||[still]
|-prepare|p1b: Archaludon|Electro Shot
|-boost|p1b: Archaludon|spa|1
|-anim|p1b: Archaludon|Electro Shot|p2b: Staraptor
|-damage|p2b: Staraptor|0 fnt
|faint|p2b: Staraptor
|move|p1a: Pelipper|Tailwind|p1a: Pelipper
|-sidestart|p1: bellytelevision|move: Tailwind
|move|p2a: Toxapex|Infestation|p1b: Archaludon
|-resisted|p1b: Archaludon|1
|-damage|p1b: Archaludon|69/100
|-activate|p1b: Archaludon|move: Infestation|[of] p2a: Toxapex
|-ability|p1b: Archaludon|Stamina|boost
|-boost|p1b: Archaludon|def|1
|
|-weather|RainDance|[upkeep]
|-heal|p1b: Archaludon|75/100|[from] item: Leftovers
|-heal|p2a: Toxapex|95/100 brn|[from] item: Leftovers
|-damage|p1a: Pelipper|81/100 tox|[from] psn
|-damage|p2a: Toxapex|89/100 brn|[from] brn
|-damage|p1b: Archaludon|63/100|[from] move: Infestation|[partiallytrapped]
|-sideend|p1: bellytelevision|move: Light Screen
|upkeep
|
|t:|1782753289
|switch|p2b: Grimmsnarl|Grimmsnarl, L50, M|100/100
|turn|10
|
|t:|1782753304
|move|p1b: Archaludon|Electro Shot||[still]
|-prepare|p1b: Archaludon|Electro Shot
|-boost|p1b: Archaludon|spa|0
|-anim|p1b: Archaludon|Electro Shot|p2b: Grimmsnarl
|-damage|p2b: Grimmsnarl|0 fnt
|faint|p2b: Grimmsnarl
|move|p1a: Pelipper|Hurricane|p2a: Toxapex
|-damage|p2a: Toxapex|61/100 brn
|move|p2a: Toxapex|Infestation|p1a: Pelipper
|-resisted|p1a: Pelipper|1
|-damage|p1a: Pelipper|80/100 tox
|-activate|p1a: Pelipper|move: Infestation|[of] p2a: Toxapex
|
|-weather|none
|-heal|p1b: Archaludon|69/100|[from] item: Leftovers
|-heal|p2a: Toxapex|66/100 brn|[from] item: Leftovers
|-damage|p1a: Pelipper|62/100 tox|[from] psn
|-damage|p2a: Toxapex|61/100 brn|[from] brn
|-damage|p1b: Archaludon|56/100|[from] move: Infestation|[partiallytrapped]
|-damage|p1a: Pelipper|50/100y tox|[from] move: Infestation|[partiallytrapped]
|upkeep
|-enditem|p1a: Pelipper|Sitrus Berry|[eat]
|-heal|p1a: Pelipper|74/100 tox|[from] item: Sitrus Berry
|turn|11
|-message|memeberserk forfeited.
|
|win|bellytelevision
|l|☆memeberserk
|player|p2|
||memeberserk is ready for game 2.
|inactive|bellytelevision has 30 seconds to confirm battle start!
||bellytelevision is ready for game 2.
|uhtml|next|Next: Game 2 of 3
