|j|☆PTP_VGC
|j|‽Livnlarge27
|html|PTP_VGCLivnlarge27    
|uhtml|bestof|Game 2 of a best-of-3
|t:|1754950531
|gametype|doubles
|player|p1|PTP_VGC|102|1328
|player|p2|Livnlarge27|red|1445
|gen|9
|tier|[Gen 9] VGC 2025 Reg H (Bo3)
|rated|
|rule|Species Clause: Limit one of each Pokémon
|rule|Item Clause: Limit 1 of each item
|clearpoke
|poke|p1|Arcanine-Hisui, L50, F|
|poke|p1|Weezing, L50, F|
|poke|p1|Porygon2, L50|
|poke|p1|Weavile, L50, F|
|poke|p1|Pawmot, L50, M|
|poke|p1|Toedscruel, L50, F|
|poke|p2|Blastoise, L50, F|
|poke|p2|Dragapult, L50, M|
|poke|p2|Indeedee-F, L50, F|
|poke|p2|Sneasler, L50, M|
|poke|p2|Armarouge, L50, M|
|poke|p2|Whimsicott, L50, F|
|teampreview|4
|showteam|p1|Arcanine-Hisui||AbilityShield|Intimidate|FlareBlitz,RockSlide,ExtremeSpeed,Protect|||F|||50|,,,,,Ghost]Weezing||SitrusBerry|NeutralizingGas|SludgeBomb,WillOWisp,Taunt,Protect|||F|||50|,,,,,Grass]Porygon2||Eviolite|Download|TeraBlast,IceBeam,Recover,TrickRoom||||||50|,,,,,Water]Weavile||WideLens|Pressure|KnockOff,TripleAxel,FakeOut,Protect|||F|||50|,,,,,Stellar]Pawmot||FocusSash|NaturalCure|DoubleShock,CloseCombat,RevivalBlessing,Protect|||M|||50|,,,,,Stellar]Toedscruel||LifeOrb|MyceliumMight|EarthPower,EnergyBall,Spore,RagePowder|||F|||50|,,,,,Water
|showteam|p2|Blastoise||MysticWater|Torrent|Protect,WaterSpout,HydroCannon,ShellSmash|||F|||50|,,,,,Water]Dragapult||ChoiceBand|ClearBody|DragonDarts,Uturn,PhantomForce,Outrage|||M|||50|,,,,,Dragon]Indeedee-F||SafetyGoggles|PsychicSurge|Imprison,FollowMe,HelpingHand,TrickRoom|||F|||50|,,,,,Fairy]Sneasler||PsychicSeed|Unburden|FakeOut,CloseCombat,DireClaw,ThroatChop|||M|||50|,,,,,Dark]Armarouge||LifeOrb|FlashFire|ExpandingForce,ArmorCannon,ClearSmog,AuraSphere|||M|||50|,,,,,Grass]Whimsicott||CovertCloak|Prankster|Tailwind,Moonblast,Encore,Taunt|||F|||50|,,,,,Dark
|inactive|Battle timer is ON: inactive players will automatically lose when time's up. (requested by PTP_VGC)
|inactive|Livnlarge27 has 60 seconds left.
|
|t:|1754950575
|teamsize|p1|4
|teamsize|p2|4
|start
|switch|p1a: Speedwalker|Weavile, L50, F|100/100
|switch|p1b: Adr. & Adr.|Weezing, L50, F|100/100
|switch|p2a: Blastoise|Blastoise, L50, F|100/100
|switch|p2b: Sneasler|Sneasler, L50, M|100/100
|-ability|p1b: Adr. & Adr.|Neutralizing Gas
|turn|1
|
|t:|1754950582
|move|p1a: Speedwalker|Triple Axel|p2b: Sneasler
|-damage|p2b: Sneasler|81/100
|-damage|p2b: Sneasler|44/100
|-crit|p2b: Sneasler
|-damage|p2b: Sneasler|0 fnt
|faint|p2b: Sneasler
|-hitcount|p2: Sneasler|3
|move|p2a: Blastoise|Shell Smash|p2a: Blastoise
|-unboost|p2a: Blastoise|def|1
|-unboost|p2a: Blastoise|spd|1
|-boost|p2a: Blastoise|atk|2
|-boost|p2a: Blastoise|spa|2
|-boost|p2a: Blastoise|spe|2
|move|p1b: Adr. & Adr.|Sludge Bomb|p2a: Blastoise
|-damage|p2a: Blastoise|58/100
|
|upkeep
|
|t:|1754950590
|switch|p2b: Dragapult|Dragapult, L50, M|100/100
|turn|2
|
|t:|1754950612
|-terastallize|p2a: Blastoise|Water
|move|p1b: Adr. & Adr.|Protect|p1b: Adr. & Adr.
|-singleturn|p1b: Adr. & Adr.|Protect
|move|p2a: Blastoise|Water Spout|p1a: Speedwalker|[spread] p1a
|-activate|p1b: Adr. & Adr.|move: Protect
|-damage|p1a: Speedwalker|0 fnt
|faint|p1a: Speedwalker
|move|p2b: Dragapult|Dragon Darts|p1b: Adr. & Adr.
|-activate|p1b: Adr. & Adr.|move: Protect
|
|upkeep
|
|t:|1754950615
|switch|p1a: Vulfmon|Arcanine-Hisui, L50, F|100/100
|-ability|p1a: Vulfmon|Intimidate|boost
|-unboost|p2a: Blastoise|atk|1
|-unboost|p2b: Dragapult|atk|1
|turn|3
|
|t:|1754950622
|switch|p2b: Indeedee|Indeedee-F, L50, F|100/100
|move|p2a: Blastoise|Protect|p2a: Blastoise
|-singleturn|p2a: Blastoise|Protect
|move|p1a: Vulfmon|Extreme Speed|p2a: Blastoise
|-activate|p2a: Blastoise|move: Protect
|move|p1b: Adr. & Adr.|Will-O-Wisp|p2b: Indeedee
|-status|p2b: Indeedee|brn
|
|-damage|p2b: Indeedee|94/100 brn|[from] brn
|upkeep
|turn|4
|
|t:|1754950645
|move|p1a: Vulfmon|Extreme Speed|p2a: Blastoise
|-damage|p2a: Blastoise|19/100
|move|p2b: Indeedee|Follow Me|p2b: Indeedee
|-singleturn|p2b: Indeedee|move: Follow Me
|move|p2a: Blastoise|Water Spout|p1a: Vulfmon|[spread] p1a,p1b
|-supereffective|p1a: Vulfmon
|-damage|p1a: Vulfmon|0 fnt
|-damage|p1b: Adr. & Adr.|68/100
|faint|p1a: Vulfmon
|move|p1b: Adr. & Adr.|Taunt|p2b: Indeedee
|-start|p2b: Indeedee|move: Taunt
|
|-damage|p2b: Indeedee|88/100 brn|[from] brn
|upkeep
|
|t:|1754950652
|switch|p1a: Funky Duck|Porygon2, L50|100/100
|turn|5
|
|t:|1754950665
|switch|p2b: Dragapult|Dragapult, L50, M|100/100
|-terastallize|p1a: Funky Duck|Water
|move|p1b: Adr. & Adr.|Protect|p1b: Adr. & Adr.
|-singleturn|p1b: Adr. & Adr.|Protect
|move|p2a: Blastoise|Hydro Cannon|p1a: Funky Duck
|-resisted|p1a: Funky Duck
|-damage|p1a: Funky Duck|34/100
|-mustrecharge|p2a: Blastoise
|move|p1a: Funky Duck|Trick Room|p1a: Funky Duck
|-fieldstart|move: Trick Room|[of] p1a: Funky Duck
|
|upkeep
|turn|6
|
|t:|1754950679
|switch|p2b: Indeedee|Indeedee-F, L50, F|88/100 brn
|move|p1a: Funky Duck|Recover|p1a: Funky Duck
|-heal|p1a: Funky Duck|84/100
|move|p1b: Adr. & Adr.|Sludge Bomb|p2a: Blastoise
|-damage|p2a: Blastoise|0 fnt
|faint|p2a: Blastoise
|
|-damage|p2b: Indeedee|82/100 brn|[from] brn
|upkeep
|
|t:|1754950686
|switch|p2a: Dragapult|Dragapult, L50, M|100/100
|turn|7
|
|t:|1754950698
|move|p2b: Indeedee|Follow Me|p2b: Indeedee
|-singleturn|p2b: Indeedee|move: Follow Me
|move|p1a: Funky Duck|Recover|p1a: Funky Duck
|-heal|p1a: Funky Duck|100/100
|move|p1b: Adr. & Adr.|Taunt|p2b: Indeedee
|-start|p2b: Indeedee|move: Taunt
|move|p2a: Dragapult|Outrage|p1a: Funky Duck
|-damage|p1a: Funky Duck|34/100
|
|-damage|p2b: Indeedee|76/100 brn|[from] brn
|upkeep
|turn|8
|
|t:|1754950712
|move|p1a: Funky Duck|Ice Beam|p2a: Dragapult
|-supereffective|p2a: Dragapult
|-damage|p2a: Dragapult|29/100
|move|p1b: Adr. & Adr.|Sludge Bomb|p2a: Dragapult
|-resisted|p2a: Dragapult
|-damage|p2a: Dragapult|10/100
|-activate|p2b: Indeedee|move: Struggle
|move|p2b: Indeedee|Struggle|p1b: Adr. & Adr.
|-damage|p1b: Adr. & Adr.|66/100
|-damage|p2b: Indeedee|51/100 brn|[from] recoil
|move|p2a: Dragapult|Outrage|p1a: Funky Duck|[from] lockedmove
|-damage|p1a: Funky Duck|0 fnt
|faint|p1a: Funky Duck
|-start|p2a: Dragapult|confusion|[fatigue]
|
|-damage|p2b: Indeedee|45/100 brn|[from] brn
|upkeep
|turn|9
|
|t:|1754950720
|move|p1b: Adr. & Adr.|Sludge Bomb|p2b: Indeedee
|-damage|p2b: Indeedee|20/100 brn
|-activate|p2b: Indeedee|move: Struggle
|move|p2b: Indeedee|Struggle|p1b: Adr. & Adr.
|-damage|p1b: Adr. & Adr.|63/100
|-damage|p2b: Indeedee|0 fnt|[from] recoil
|faint|p2b: Indeedee
|-activate|p2a: Dragapult|confusion
|-damage|p2a: Dragapult|0 fnt|[from] confusion
|faint|p2a: Dragapult
|
|win|PTP_VGC
|raw|PTP_VGC's rating: 1328 → 1354(+26 for winning)
|raw|Livnlarge27's rating: 1445 → 1419(-26 for losing)
|l|‽Livnlarge27
|player|p2|
