|j|☆owbd
|j|☆ElAvi04
|html|owbdElAvi04    
|uhtml|bestof|Game 1 of a best-of-3
|t:|1785489981
|gametype|doubles
|player|p1|owbd|cynthia-gen4|1225
|player|p2|ElAvi04|1|1149
|gen|9
|tier|[Gen 9 Champions] VGC 2026 Reg M-B (Bo3)
|rated|
|rule|Species Clause: Limit one of each Pokémon
|rule|Item Clause: Limit 1 of each item
|clearpoke
|poke|p1|Charizard, L50, M, shiny|
|poke|p1|Floette-Eternal, L50, F|
|poke|p1|Kingambit, L50, F, shiny|
|poke|p1|Garchomp, L50, M, shiny|
|poke|p1|Basculegion, L50, M|
|poke|p1|Whimsicott, L50, F, shiny|
|poke|p2|Arcanine-Hisui, L50, F|
|poke|p2|Maushold, L50|
|poke|p2|Staraptor, L50, M|
|poke|p2|Milotic, L50, F|
|poke|p2|Sinistcha, L50|
|poke|p2|Mawile, L50, F|
|teampreview|4
|showteam|p1|Charizard||CharizarditeY|Blaze|HeatWave,WeatherBall,SolarBeam,Protect|Modest||M|||50|]Floette-Eternal||Floettite|FlowerVeil|Moonblast,DazzlingGleam,LightofRuin,Protect|Modest||F|||50|]Kingambit||BlackGlasses|Defiant|IronHead,KowtowCleave,SuckerPunch,Protect|Adamant||F|||50|]Garchomp||LifeOrb|RoughSkin|RockSlide,DragonClaw,Earthquake,Protect|Jolly||M|||50|]Basculegion||MysticWater|Adaptability|WaveCrash,LastRespects,AquaJet,Protect|Adamant||M|||50|]Whimsicott||FocusSash|Prankster|Moonblast,Encore,Tailwind,Protect|Timid||F|||50|
|showteam|p2|Arcanine-Hisui||FocusSash|RockHead|FlareBlitz,HeadSmash,ExtremeSpeed,Protect|Jolly||F|||50|]Maushold||ChopleBerry|FriendGuard|FollowMe,Charm,Feint,AfterYou|Jolly|||||50|]Staraptor||Staraptite|Intimidate|CloseCombat,BraveBird,Tailwind,Protect|Jolly||M|||50|]Milotic||SitrusBerry|Competitive|Scald,IcyWind,IceBeam,Protect|Calm||F|||50|]Sinistcha||KasibBerry|Hospitality|MatchaGotcha,RagePowder,LifeDew,TrickRoom|Relaxed|||||50|]Mawile||Mawilite|HyperCutter|PlayRough,IronHead,SuckerPunch,Protect|Adamant||F|||50|
|inactive|Battle timer is ON: inactive players will automatically lose when time's up. (requested by owbd)
|c|☆ElAvi04|glhf
|
|t:|1785490008
|teamsize|p1|4
|teamsize|p2|4
|start
|switch|p1a: Whimsicott|Whimsicott, L50, F, shiny|100/100
|switch|p1b: Floette|Floette-Eternal, L50, F|100/100
|switch|p2a: Better Rem|Milotic, L50, F|100/100
|switch|p2b: Mawile|Mawile, L50, F|100/100
|turn|1
|c|☆owbd|glhf
|inactive|owbd has 30 seconds left.
|inactive|ElAvi04 has 30 seconds left.
|inactive|owbd has 20 seconds left.
|
|t:|1785490044
|switch|p1b: Garchomp|Garchomp, L50, M, shiny|100/100
|detailschange|p2b: Mawile|Mawile-Mega, L50, F
|-mega|p2b: Mawile|Mawile|Mawilite
|move|p1a: Whimsicott|Tailwind|p1a: Whimsicott
|-sidestart|p1: owbd|move: Tailwind
|move|p2a: Better Rem|Icy Wind|p1b: Garchomp|[spread] p1a,p1b
|-supereffective|p1a: Whimsicott|1
|-supereffective|p1b: Garchomp|2
|-damage|p1a: Whimsicott|69/100
|-damage|p1b: Garchomp|58/100
|-unboost|p1a: Whimsicott|spe|1
|-unboost|p1b: Garchomp|spe|1
|move|p2b: Mawile|Iron Head|p1a: Whimsicott
|-supereffective|p1a: Whimsicott|1
|-damage|p1a: Whimsicott|0 fnt
|faint|p1a: Whimsicott
|
|upkeep
|
|t:|1785490058
|switch|p1a: Floette|Floette-Eternal, L50, F|100/100
|turn|2
|inactive|ElAvi04 has 30 seconds left.
|inactive|ElAvi04 has 20 seconds left.
|inactive|ElAvi04 has 15 seconds left.
|
|t:|1785490102
|detailschange|p1a: Floette|Floette-Mega, L50, F
|-mega|p1a: Floette|Floette|Floettite
|-ability|p1a: Floette|Fairy Aura
|move|p1a: Floette|Dazzling Gleam|p2b: Mawile|[spread] p2a,p2b
|-crit|p2a: Better Rem
|-resisted|p2b: Mawile|1
|-damage|p2a: Better Rem|44/100
|-damage|p2b: Mawile|71/100
|-enditem|p2a: Better Rem|Sitrus Berry|[eat]
|-heal|p2a: Better Rem|69/100|[from] item: Sitrus Berry
|move|p1b: Garchomp|Earthquake|p2b: Mawile|[spread] p1a,p2a,p2b
|-supereffective|p2b: Mawile|1
|-damage|p1a: Floette|37/100
|-damage|p2a: Better Rem|23/100
|-damage|p2b: Mawile|0 fnt
|faint|p2b: Mawile
|-damage|p1b: Garchomp|48/100|[from] item: Life Orb
|move|p2a: Better Rem|Icy Wind|p1b: Garchomp|[spread] p1a,p1b
|-supereffective|p1b: Garchomp|2
|-damage|p1a: Floette|29/100
|-damage|p1b: Garchomp|3/100
|-unboost|p1a: Floette|spe|1
|-unboost|p1b: Garchomp|spe|1
|
|upkeep
|
|t:|1785490112
|switch|p2b: Blanquita|Arcanine-Hisui, L50, F|100/100
|turn|3
|inactive|ElAvi04 has 30 seconds left.
|
|t:|1785490140
|switch|p1b: Kingambit|Kingambit, L50, F, shiny|100/100
|move|p2b: Blanquita|Protect|p2b: Blanquita
|-singleturn|p2b: Blanquita|Protect
|move|p2a: Better Rem|Protect|p2a: Better Rem
|-singleturn|p2a: Better Rem|Protect
|move|p1a: Floette|Dazzling Gleam|p2a: Better Rem|[spread] 
|-activate|p2a: Better Rem|move: Protect
|-activate|p2b: Blanquita|move: Protect
|
|upkeep
|turn|4
|inactive|ElAvi04 has 30 seconds left.
|inactive|ElAvi04 has 20 seconds left.
|inactive|ElAvi04 has 15 seconds left.
|inactive|ElAvi04 has 10 seconds left.
|
|t:|1785490186
|switch|p2b: SO CUTE|Maushold, L50|100/100
|move|p1b: Kingambit|Sucker Punch|p2a: Better Rem
|-damage|p2a: Better Rem|0 fnt
|faint|p2a: Better Rem
|move|p1a: Floette|Dazzling Gleam|p2b: SO CUTE
|-damage|p2b: SO CUTE|9/100
|
|-sideend|p1: owbd|move: Tailwind
|upkeep
|
|t:|1785490193
|switch|p2a: Blanquita|Arcanine-Hisui, L50, F|100/100
|turn|5
|
|t:|1785490206
|move|p2b: SO CUTE|Feint|p1a: Floette
|-damage|p1a: Floette|17/100
|move|p2a: Blanquita|Extreme Speed|p1a: Floette
|-damage|p1a: Floette|0 fnt
|faint|p1a: Floette
|move|p1b: Kingambit|Sucker Punch||[still]
|-fail|p1b: Kingambit
|
|upkeep
|
|t:|1785490215
|switch|p1a: Garchomp|Garchomp, L50, M, shiny|3/100
|turn|6
|
|t:|1785490228
|move|p2b: SO CUTE|Feint|p1a: Garchomp
|-damage|p1a: Garchomp|0 fnt
|faint|p1a: Garchomp
|move|p2a: Blanquita|Flare Blitz|p1b: Kingambit
|-supereffective|p1b: Kingambit|1
|-damage|p1b: Kingambit|12/100
|move|p1b: Kingambit|Kowtow Cleave|p2a: Blanquita
|-damage|p2a: Blanquita|46/100
|
|upkeep
|turn|7
|
|t:|1785490250
|move|p2b: SO CUTE|Feint|p1b: Kingambit
|-resisted|p1b: Kingambit|1
|-damage|p1b: Kingambit|9/100
|move|p2a: Blanquita|Extreme Speed|p1b: Kingambit
|-resisted|p1b: Kingambit|1
|-damage|p1b: Kingambit|0 fnt
|faint|p1b: Kingambit
|
|win|ElAvi04
||ElAvi04 is ready for game 2.
|inactive|owbd has 30 seconds to confirm battle start!
||owbd is ready for game 2.
|uhtml|next|Next: Game 2 of 3
