|j|☆dengonumber1fan
|j|☆Shnipe_Cizy
|html|dengonumber1fanShnipe_Cizy    
|uhtml|bestof|Game 1 of a best-of-3
|t:|1757695234
|gametype|doubles
|player|p1|dengonumber1fan|benga|
|player|p2|Shnipe_Cizy|blue-masters2|
|gen|9
|tier|[Gen 9] VGC 2025 Reg H (Bo3)
|rule|Species Clause: Limit one of each Pokémon
|rule|Item Clause: Limit 1 of each item
|clearpoke
|poke|p1|Sneasler, L50, F|
|poke|p1|Gholdengo, L50|
|poke|p1|Ursaluna-Bloodmoon, L50, M|
|poke|p1|Incineroar, L50, M|
|poke|p1|Annihilape, L50, F|
|poke|p1|Rillaboom, L50, M|
|poke|p2|Dondozo, L50, M|
|poke|p2|Tatsugiri, L50, M|
|poke|p2|Sneasler, L50, F|
|poke|p2|Indeedee, L50, M|
|poke|p2|Talonflame, L50, M|
|poke|p2|Ursaluna-Bloodmoon, L50, M|
|teampreview|4
|showteam|p1|Sneasler||GrassySeed|Unburden|CloseCombat,DireClaw,Acrobatics,Protect|||F|||50|,,,,,Flying]Gholdengo||ChoiceScarf|GoodasGold|MakeItRain,ShadowBall,Trick,Protect||||||50|,,,,,Steel]Ursaluna-Bloodmoon||Leftovers|MindsEye|BloodMoon,EarthPower,CalmMind,Protect|||M|||50|,,,,,Water]Incineroar||SitrusBerry|Intimidate|KnockOff,PartingShot,FlareBlitz,FakeOut|||M|||50|,,,,,Ghost]Annihilape||SafetyGoggles|Defiant|CloseCombat,RageFist,FinalGambit,Coaching|||F|||50|,,,,,Grass]Rillaboom||AssaultVest|GrassySurge|DrumBeating,GrassyGlide,HighHorsepower,FakeOut|||M|||50|,,,,,Fire
|showteam|p2|Dondozo||CovertCloak|Unaware|WaveCrash,OrderUp,TeraBlast,Protect|||M|||50|,,,,,Poison]Tatsugiri||SafetyGoggles|Commander|DragonPulse,MuddyWater,Taunt,Protect|||M|||50|,,,,,Fairy]Sneasler||PsychicSeed|Unburden|DireClaw,CloseCombat,ThroatChop,Protect|||F|||50|,,,,,Dark]Indeedee||FocusSash|PsychicSurge|ExpandingForce,TrickRoom,Imprison,Protect|||M|||50|,,,,,Psychic]Talonflame||ClearAmulet|GaleWings|BraveBird,FlareBlitz,Tailwind,Protect|||M|||50|,,,,,Ghost]Ursaluna-Bloodmoon||LifeOrb|MindsEye|BloodMoon,HyperVoice,EarthPower,Protect|||M|||50|,,,,,Normal
|inactive|Battle timer is ON: inactive players will automatically lose when time's up. (requested by dengonumber1fan)
|c|☆Shnipe_Cizy|well well well
|c|☆dengonumber1fan|glhf
|c|☆Shnipe_Cizy|glhf
|inactive|dengonumber1fan has 60 seconds left.
|inactive|Shnipe_Cizy has 60 seconds left.
|
|t:|1757695301
|teamsize|p1|4
|teamsize|p2|4
|start
|switch|p1a: Sneasler|Sneasler, L50, F|100/100
|switch|p1b: Ursaluna|Ursaluna-Bloodmoon, L50, M|100/100
|switch|p2a: Talonflame|Talonflame, L50, M|100/100
|switch|p2b: Ursaluna|Ursaluna-Bloodmoon, L50, M|100/100
|turn|1
|inactive|dengonumber1fan has 30 seconds left.
|inactive|Shnipe_Cizy has 30 seconds left.
|inactive|dengonumber1fan has 20 seconds left.
|inactive|dengonumber1fan has 15 seconds left.
|inactive|dengonumber1fan has 10 seconds left.
|inactive|dengonumber1fan has 5 seconds left.
|
|t:|1757695351
|switch|p1b: Rillaboom|Rillaboom, L50, M|100/100
|-fieldstart|move: Grassy Terrain|[from] ability: Grassy Surge|[of] p1b: Rillaboom
|-enditem|p1a: Sneasler|Grassy Seed
|-boost|p1a: Sneasler|def|1|[from] item: Grassy Seed
|-terastallize|p1a: Sneasler|Flying
|move|p2b: Ursaluna|Protect|p2b: Ursaluna
|-singleturn|p2b: Ursaluna|Protect
|move|p2a: Talonflame|Brave Bird|p1a: Sneasler
|-damage|p1a: Sneasler|56/100
|-damage|p2a: Talonflame|84/100|[from] Recoil
|move|p1a: Sneasler|Close Combat|p2b: Ursaluna
|-activate|p2b: Ursaluna|move: Protect
|
|upkeep
|turn|2
|inactive|dengonumber1fan has 30 seconds left.
|
|t:|1757695377
|switch|p2a: Dondozo|Dondozo, L50, M|100/100
|switch|p2b: Tatsugiri|Tatsugiri, L50, M|100/100
|-activate|p2b: Tatsugiri|ability: Commander|[of] p2a: Dondozo
|-boost|p2a: Dondozo|atk|2
|-boost|p2a: Dondozo|spa|2
|-boost|p2a: Dondozo|spe|2
|-boost|p2a: Dondozo|def|2
|-boost|p2a: Dondozo|spd|2
|move|p1a: Sneasler|Dire Claw|p2a: Dondozo
|-damage|p2a: Dondozo|87/100
|move|p1b: Rillaboom|Drum Beating|p2b: Tatsugiri|[miss]
|-miss|p1b: Rillaboom|p2b: Tatsugiri
|
|-heal|p2a: Dondozo|93/100|[from] Grassy Terrain
|upkeep
|turn|3
|inactive|dengonumber1fan has 30 seconds left.
|inactive|dengonumber1fan has 20 seconds left.
|
|t:|1757695415
|switch|p1b: Incineroar|Incineroar, L50, M|100/100
|-ability|p1b: Incineroar|Intimidate|boost
|-unboost|p2a: Dondozo|atk|1
|-unboost|p2b: Tatsugiri|atk|1
|-terastallize|p2a: Dondozo|Poison
|move|p1a: Sneasler|Acrobatics|p2a: Dondozo
|-damage|p2a: Dondozo|74/100
|move|p2a: Dondozo|Order Up|p1b: Incineroar
|-damage|p1b: Incineroar|70/100
|-boost|p2a: Dondozo|atk|1
|
|-heal|p2a: Dondozo|80/100|[from] Grassy Terrain
|-heal|p1b: Incineroar|76/100|[from] Grassy Terrain
|upkeep
|turn|4
|inactive|dengonumber1fan has 30 seconds left.
|
|t:|1757695442
|switch|p1b: Rillaboom|Rillaboom, L50, M|100/100
|move|p1a: Sneasler|Acrobatics|p2a: Dondozo
|-crit|p2a: Dondozo
|-damage|p2a: Dondozo|22/100
|move|p2a: Dondozo|Order Up|p1a: Sneasler
|-damage|p1a: Sneasler|0 fnt
|faint|p1a: Sneasler
|-boost|p2a: Dondozo|atk|1
|
|-heal|p2a: Dondozo|28/100|[from] Grassy Terrain
|upkeep
|
|t:|1757695451
|switch|p1a: Ursaluna|Ursaluna-Bloodmoon, L50, M|100/100
|turn|5
|
|t:|1757695468
|move|p2a: Dondozo|Protect|p2a: Dondozo
|-singleturn|p2a: Dondozo|Protect
|move|p1a: Ursaluna|Protect|p1a: Ursaluna
|-singleturn|p1a: Ursaluna|Protect
|move|p1b: Rillaboom|High Horsepower|p2a: Dondozo
|-activate|p2a: Dondozo|move: Protect
|
|-heal|p2a: Dondozo|34/100|[from] Grassy Terrain
|-fieldend|move: Grassy Terrain
|upkeep
|turn|6
|
|t:|1757695487
|switch|p1a: Incineroar|Incineroar, L50, M|76/100
|-ability|p1a: Incineroar|Intimidate|boost
|-unboost|p2a: Dondozo|atk|1
|-unboost|p2b: Tatsugiri|atk|1
|move|p2a: Dondozo|Tera Blast|p1b: Rillaboom|[anim] Tera Blast Poison
|-supereffective|p1b: Rillaboom
|-damage|p1b: Rillaboom|0 fnt
|faint|p1b: Rillaboom
|
|upkeep
|
|t:|1757695496
|switch|p1b: Ursaluna|Ursaluna-Bloodmoon, L50, M|100/100
|turn|7
|
|t:|1757695510
|move|p2a: Dondozo|Wave Crash|p1a: Incineroar
|-supereffective|p1a: Incineroar
|-damage|p1a: Incineroar|0 fnt
|faint|p1a: Incineroar
|-damage|p2a: Dondozo|12/100|[from] Recoil
|move|p1b: Ursaluna|Earth Power|p2a: Dondozo
|-supereffective|p2a: Dondozo
|-damage|p2a: Dondozo|0 fnt
|faint|p2a: Dondozo
|
|upkeep
|
|t:|1757695513
|switch|p2a: Talonflame|Talonflame, L50, M|84/100
|turn|8
|
|t:|1757695519
|move|p2a: Talonflame|Protect|p2a: Talonflame
|-singleturn|p2a: Talonflame|Protect
|move|p2b: Tatsugiri|Dragon Pulse|p1b: Ursaluna
|-damage|p1b: Ursaluna|59/100
|move|p1b: Ursaluna|Blood Moon|p2a: Talonflame
|-activate|p2a: Talonflame|move: Protect
|
|-heal|p1b: Ursaluna|65/100|[from] item: Leftovers
|upkeep
|turn|9
|
|t:|1757695526
|move|p2a: Talonflame|Tailwind|p2a: Talonflame
|-sidestart|p2: Shnipe_Cizy|move: Tailwind
|move|p2b: Tatsugiri|Dragon Pulse|p1b: Ursaluna
|-damage|p1b: Ursaluna|19/100
|move|p1b: Ursaluna|Calm Mind|p1b: Ursaluna
|-boost|p1b: Ursaluna|spa|1
|-boost|p1b: Ursaluna|spd|1
|
|-heal|p1b: Ursaluna|25/100|[from] item: Leftovers
|upkeep
|turn|10
|
|t:|1757695532
|move|p2a: Talonflame|Brave Bird|p1b: Ursaluna
|-damage|p1b: Ursaluna|0 fnt
|faint|p1b: Ursaluna
|-damage|p2a: Talonflame|72/100|[from] Recoil
|
|win|Shnipe_Cizy
|c|☆Shnipe_Cizy|gg
|l|☆dengonumber1fan
|player|p1|
||Shnipe_Cizy is ready for game 2.
||dengonumber1fan is ready for game 2.
|uhtml|next|Next: Game 2 of 3
|j|☆dengonumber1fan
|player|p1|dengonumber1fan|benga|
