|j|☆superperish14
|j|☆LeonardPlayz
|html|superperish14LeonardPlayz    
|uhtml|bestof|Game 3 of a best-of-3
|t:|1784111089
|gametype|doubles
|player|p1|superperish14|worker|1118
|player|p2|LeonardPlayz|hilbert-wonderlauncher|1125
|gen|9
|tier|[Gen 9 Champions] VGC 2026 Reg M-B (Bo3)
|rated|
|rule|Species Clause: Limit one of each Pokémon
|rule|Item Clause: Limit 1 of each item
|clearpoke
|poke|p1|Gengar, L50, M|
|poke|p1|Incineroar, L50, M|
|poke|p1|Archaludon, L50, M|
|poke|p1|Politoed, L50, M|
|poke|p1|Aerodactyl, L50, M|
|poke|p1|Kingambit, L50, F|
|poke|p2|Barbaracle, L50, M|
|poke|p2|Gardevoir, L50, M|
|poke|p2|Volcarona, L50, M|
|poke|p2|Gengar, L50, M|
|poke|p2|Mr. Rime, L50, F|
|poke|p2|Krookodile, L50, M|
|teampreview|4
|showteam|p1|Gengar||Gengarite|CursedBody|SludgeBomb,ShadowBall,PerishSong,Protect|Modest||M|||50|]Incineroar||PasshoBerry|Intimidate|FlareBlitz,PartingShot,FakeOut,Protect|Relaxed||M|||50|]Archaludon||Leftovers|Stamina|DragonPulse,FlashCannon,ElectroShot,Protect|Modest||M|||50|]Politoed||SitrusBerry|Drizzle|WeatherBall,Encore,PerishSong,Protect|Calm||M|||50|]Aerodactyl||Aerodactylite|Unnerve|RockSlide,DualWingbeat,IceFang,Tailwind|Adamant||M|||50|]Kingambit||FocusSash|Defiant|KowtowCleave,IronHead,SuckerPunch,LowKick|Adamant||F|||50|
|showteam|p2|Barbaracle||Barbaracite|ToughClaws|RockSlide,BrickBreak,ShellSmash,Protect|Adamant||M|||50|]Gardevoir||Gardevoirite|Telepathy|HyperVoice,Psyshock,Thunderbolt,Protect|Timid||M|||50|]Volcarona||ChartiBerry|FlameBody|Tailwind,Flamethrower,WillOWisp,RagePowder|Timid||M|||50|]Gengar||FocusSash|CursedBody|ShadowBall,SludgeBomb,Taunt,Protect|Timid||M|||50|]Mr. Rime||NeverMeltIce|ScreenCleaner|FakeOut,FreezeDry,Encore,Protect|Timid||F|||50|]Krookodile||ChopleBerry|Intimidate|StoneEdge,HighHorsepower,KnockOff,Protect|Adamant||M|||50|
|inactive|Battle timer is ON: inactive players will automatically lose when time's up. (requested by LeonardPlayz)
|
|t:|1784111113
|teamsize|p1|4
|teamsize|p2|4
|start
|switch|p1a: Gengar|Gengar, L50, M|100/100
|switch|p1b: Incineroar|Incineroar, L50, M|100/100
|switch|p2a: Barbaracle|Barbaracle, L50, M|100/100
|switch|p2b: Gengar|Gengar, L50, M|100/100
|-ability|p1b: Incineroar|Intimidate|boost
|-unboost|p2a: Barbaracle|atk|1
|-unboost|p2b: Gengar|atk|1
|turn|1
|inactive|superperish14 has 30 seconds left.
|
|t:|1784111148
|detailschange|p1a: Gengar|Gengar-Mega, L50, M
|-mega|p1a: Gengar|Gengar|Gengarite
|move|p1b: Incineroar|Fake Out|p2a: Barbaracle
|-resisted|p2a: Barbaracle|1
|-damage|p2a: Barbaracle|94/100
|move|p2b: Gengar|Taunt|p1a: Gengar
|-start|p1a: Gengar|move: Taunt
|cant|p1a: Gengar|move: Taunt|Perish Song
|cant|p2a: Barbaracle|flinch
|
|upkeep
|turn|2
|
|t:|1784111160
|switch|p1a: Kingambit|Kingambit, L50, F|100/100
|move|p2b: Gengar|Shadow Ball|p1a: Kingambit
|-resisted|p1a: Kingambit|1
|-damage|p1a: Kingambit|76/100
|move|p2a: Barbaracle|Shell Smash|p2a: Barbaracle
|-unboost|p2a: Barbaracle|def|1
|-unboost|p2a: Barbaracle|spd|1
|-boost|p2a: Barbaracle|atk|2
|-boost|p2a: Barbaracle|spa|2
|-boost|p2a: Barbaracle|spe|2
|move|p1b: Incineroar|Parting Shot|p2a: Barbaracle
|-unboost|p2a: Barbaracle|atk|1
|-unboost|p2a: Barbaracle|spa|1
|
|t:|1784111181
|switch|p1b: Gengar|Gengar-Mega, L50, M|100/100|[from] Parting Shot
|
|upkeep
|turn|3
|
|t:|1784111190
|detailschange|p2a: Barbaracle|Barbaracle-Mega, L50, M
|-mega|p2a: Barbaracle|Barbaracle|Barbaracite
|move|p1a: Kingambit|Sucker Punch|p2a: Barbaracle
|-resisted|p2a: Barbaracle|1
|-damage|p2a: Barbaracle|68/100
|move|p2a: Barbaracle|Brick Break|p1a: Kingambit
|-supereffective|p1a: Kingambit|2
|-damage|p1a: Kingambit|0 fnt
|faint|p1a: Kingambit
|move|p2b: Gengar|Shadow Ball|p1b: Gengar
|-supereffective|p1b: Gengar|1
|-damage|p1b: Gengar|23/100
|move|p1b: Gengar|Shadow Ball|p2b: Gengar
|-supereffective|p2b: Gengar|1
|-enditem|p2b: Gengar|Focus Sash
|-damage|p2b: Gengar|1/100
|-unboost|p2b: Gengar|spd|1
|
|upkeep
|
|t:|1784111196
|switch|p1a: Incineroar|Incineroar, L50, M|100/100
|-ability|p1a: Incineroar|Intimidate|boost
|-unboost|p2a: Barbaracle|atk|1
|-unboost|p2b: Gengar|atk|1
|turn|4
|
|t:|1784111218
|move|p2b: Gengar|Protect|p2b: Gengar
|-singleturn|p2b: Gengar|Protect
|move|p1a: Incineroar|Fake Out|p2a: Barbaracle
|-resisted|p2a: Barbaracle|1
|-damage|p2a: Barbaracle|61/100
|cant|p2a: Barbaracle|flinch
|move|p1b: Gengar|Shadow Ball|p2a: Barbaracle
|-damage|p2a: Barbaracle|0 fnt
|faint|p2a: Barbaracle
|
|upkeep
|
|t:|1784111230
|switch|p2a: Krookodile|Krookodile, L50, M|100/100
|-ability|p2a: Krookodile|Intimidate|boost
|-unboost|p1a: Incineroar|atk|1
|-unboost|p1b: Gengar|atk|1
|turn|5
|
|t:|1784111246
|switch|p1b: Politoed|Politoed, L50, M|100/100
|-weather|RainDance|[from] ability: Drizzle|[of] p1b: Politoed
|move|p2b: Gengar|Sludge Bomb|p1a: Incineroar
|-damage|p1a: Incineroar|57/100
|-status|p1a: Incineroar|psn
|move|p2a: Krookodile|High Horsepower|p1a: Incineroar
|-supereffective|p1a: Incineroar|1
|-damage|p1a: Incineroar|0 fnt
|faint|p1a: Incineroar
|
|-weather|RainDance|[upkeep]
|upkeep
|
|t:|1784111257
|switch|p1a: Gengar|Gengar-Mega, L50, M|23/100
|turn|6
|inactive|superperish14 has 30 seconds left.
|
|t:|1784111285
|move|p1a: Gengar|Protect|p1a: Gengar
|-singleturn|p1a: Gengar|Protect
|move|p2b: Gengar|Shadow Ball|p1a: Gengar
|-activate|p1a: Gengar|move: Protect
|move|p2a: Krookodile|Knock Off|p1b: Politoed
|-damage|p1b: Politoed|50/100g
|-enditem|p1b: Politoed|Sitrus Berry|[from] move: Knock Off|[of] p2a: Krookodile
|move|p1b: Politoed|Weather Ball|p2a: Krookodile
|-supereffective|p2a: Krookodile|1
|-damage|p2a: Krookodile|0 fnt
|faint|p2a: Krookodile
|
|-weather|RainDance|[upkeep]
|upkeep
|
|t:|1784111291
|switch|p2a: Mr. Rime|Mr. Rime, L50, F|100/100
|turn|7
|
|t:|1784111302
|move|p2a: Mr. Rime|Fake Out|p1b: Politoed
|-damage|p1b: Politoed|44/100
|move|p2b: Gengar|Shadow Ball|p1a: Gengar
|-supereffective|p1a: Gengar|1
|-damage|p1a: Gengar|0 fnt
|faint|p1a: Gengar
|cant|p1b: Politoed|flinch
|
|-weather|RainDance|[upkeep]
|upkeep
|turn|8
|
|t:|1784111311
|move|p2b: Gengar|Sludge Bomb|p1b: Politoed
|-damage|p1b: Politoed|7/100
|-status|p1b: Politoed|psn
|move|p2a: Mr. Rime|Freeze-Dry|p1b: Politoed
|-supereffective|p1b: Politoed|1
|-damage|p1b: Politoed|0 fnt
|faint|p1b: Politoed
|
|win|LeonardPlayz
|raw|superperish14's rating: 1118 → 1094(-24 for losing)
|raw|LeonardPlayz's rating: 1125 → 1149(+24 for winning)
|l|☆superperish14
|player|p1|
