|j|☆A Regu1ar Guy
|j|☆aseyo
|html|A Regu1ar Guyaseyo    
|uhtml|bestof|Game 3 of a best-of-3
|t:|1756465530
|gametype|doubles
|player|p1|A Regu1ar Guy|elesa|1311
|player|p2|aseyo|101|1299
|gen|9
|tier|[Gen 9] VGC 2025 Reg H (Bo3)
|rated|
|rule|Species Clause: Limit one of each Pokémon
|rule|Item Clause: Limit 1 of each item
|clearpoke
|poke|p1|Volcarona, L50, F|
|poke|p1|Rillaboom, L50, M|
|poke|p1|Electabuzz, L50, M|
|poke|p1|Tauros-Paldea-Aqua, L50, M|
|poke|p1|Dragonite, L50, F|
|poke|p1|Ninetales-Alola, L50, F|
|poke|p2|Archaludon, L50, M|
|poke|p2|Pelipper, L50, F|
|poke|p2|Rillaboom, L50, M|
|poke|p2|Basculegion, L50, M|
|poke|p2|Electabuzz, L50, F|
|poke|p2|Kingambit, L50, M|
|teampreview|4
|showteam|p1|Volcarona||GrassySeed|FlameBody|HeatWave,GigaDrain,QuiverDance,Protect|||F|||50|,,,,,Grass]Rillaboom||AssaultVest|GrassySurge|FakeOut,WoodHammer,GrassyGlide,HighHorsepower|||M|||50|,,,,,Fire]Electabuzz||Eviolite|VitalSpirit|Thunderbolt,FollowMe,Taunt,Protect|||M|||50|,,,,,Ghost]Tauros-Paldea-Aqua||MirrorHerb|Intimidate|WaveCrash,AquaJet,CloseCombat,Protect|||M|||50|,,,,,Water]Dragonite||LoadedDice|Multiscale|ScaleShot,Haze,Tailwind,Protect|||F|||50|,,,,,Fairy]Ninetales-Alola||FocusSash|SnowWarning|Blizzard,Mist,AuroraVeil,Encore|||F|||50|,,,,,Ghost
|showteam|p2|Archaludon||AssaultVest|Stamina|DragonPulse,FlashCannon,ElectroShot,BodyPress|||M|||50|,,,,,Bug]Pelipper||FocusSash|Drizzle|WeatherBall,Hurricane,Tailwind,Protect|||F|||50|,,,,,Ground]Rillaboom||LoadedDice|GrassySurge|BulletSeed,GrassyGlide,HighHorsepower,FakeOut|||M|||50|,,,,,Fire]Basculegion||ChoiceBand|SwiftSwim|WaveCrash,FlipTurn,AquaJet,LastRespects|||M|||50|,,,,,Water]Electabuzz||Eviolite|VitalSpirit|Electroweb,Taunt,Protect,FollowMe|||F|||50|,,,,,Ghost]Kingambit||BlackGlasses|Defiant|KowtowCleave,SwordsDance,SuckerPunch,Protect|||M|||50|,,,,,Dark
|inactive|Battle timer is ON: inactive players will automatically lose when time's up. (requested by aseyo)
|inactive|aseyo has 60 seconds left.
|
|t:|1756465583
|teamsize|p1|4
|teamsize|p2|4
|start
|switch|p1a: Volcarona|Volcarona, L50, F, shiny|100/100
|switch|p1b: Electabuzz|Electabuzz, L50, M|100/100
|switch|p2a: Kingambit|Kingambit, L50, M|100/100
|switch|p2b: Basculegion|Basculegion, L50, M|100/100
|turn|1
|
|t:|1756465600
|switch|p2a: Pelipper|Pelipper, L50, F|100/100
|-weather|RainDance|[from] ability: Drizzle|[of] p2a: Pelipper
|-terastallize|p1a: Volcarona|Grass
|-terastallize|p2b: Basculegion|Water
|move|p1b: Electabuzz|Follow Me|p1b: Electabuzz
|-singleturn|p1b: Electabuzz|move: Follow Me
|move|p2b: Basculegion|Wave Crash|p1b: Electabuzz
|-damage|p1b: Electabuzz|0 fnt
|faint|p1b: Electabuzz
|-damage|p2b: Basculegion|72/100|[from] Recoil
|move|p1a: Volcarona|Quiver Dance|p1a: Volcarona
|-boost|p1a: Volcarona|spa|1
|-boost|p1a: Volcarona|spd|1
|-boost|p1a: Volcarona|spe|1
|
|-weather|RainDance|[upkeep]
|upkeep
|
|t:|1756465603
|switch|p1b: Rillaboom|Rillaboom, L50, M|100/100
|-fieldstart|move: Grassy Terrain|[from] ability: Grassy Surge|[of] p1b: Rillaboom
|-enditem|p1a: Volcarona|Grassy Seed
|-boost|p1a: Volcarona|def|1|[from] item: Grassy Seed
|turn|2
|
|t:|1756465627
|move|p1b: Rillaboom|Fake Out|p2a: Pelipper
|-crit|p2a: Pelipper
|-damage|p2a: Pelipper|72/100
|move|p2b: Basculegion|Wave Crash|p1a: Volcarona
|-resisted|p1a: Volcarona
|-damage|p1a: Volcarona|26/100
|-status|p2b: Basculegion|brn|[from] ability: Flame Body|[of] p1a: Volcarona
|-damage|p2b: Basculegion|48/100 brn|[from] Recoil
|move|p1a: Volcarona|Quiver Dance|p1a: Volcarona
|-boost|p1a: Volcarona|spa|1
|-boost|p1a: Volcarona|spd|1
|-boost|p1a: Volcarona|spe|1
|cant|p2a: Pelipper|flinch
|
|-weather|RainDance|[upkeep]
|-heal|p1a: Volcarona|32/100|[from] Grassy Terrain
|-heal|p2b: Basculegion|54/100 brn|[from] Grassy Terrain
|-damage|p2b: Basculegion|48/100 brn|[from] brn
|upkeep
|turn|3
|
|t:|1756465644
|switch|p2b: Archaludon|Archaludon, L50, M|100/100
|move|p2a: Pelipper|Protect|p2a: Pelipper
|-singleturn|p2a: Pelipper|Protect
|move|p1a: Volcarona|Giga Drain|p2a: Pelipper
|-activate|p2a: Pelipper|move: Protect
|move|p1b: Rillaboom|High Horsepower|p2b: Archaludon
|-supereffective|p2b: Archaludon
|-damage|p2b: Archaludon|56/100
|-ability|p2b: Archaludon|Stamina|boost
|-boost|p2b: Archaludon|def|1
|
|-weather|RainDance|[upkeep]
|-heal|p1a: Volcarona|39/100|[from] Grassy Terrain
|-heal|p2b: Archaludon|62/100|[from] Grassy Terrain
|upkeep
|turn|4
|
|t:|1756465668
|switch|p2a: Kingambit|Kingambit, L50, M|100/100
|move|p1a: Volcarona|Giga Drain|p2a: Kingambit
|-resisted|p2a: Kingambit
|-damage|p2a: Kingambit|51/100
|-heal|p1a: Volcarona|65/100|[from] drain|[of] p2a: Kingambit
|move|p2b: Archaludon|Electro Shot||[still]
|-prepare|p2b: Archaludon|Electro Shot
|-boost|p2b: Archaludon|spa|1
|-anim|p2b: Archaludon|Electro Shot|p1a: Volcarona
|-resisted|p1a: Volcarona
|-damage|p1a: Volcarona|52/100
|move|p1b: Rillaboom|High Horsepower|p2a: Kingambit|[miss]
|-miss|p1b: Rillaboom|p2a: Kingambit
|
|-weather|RainDance|[upkeep]
|-heal|p1a: Volcarona|58/100|[from] Grassy Terrain
|-heal|p2b: Archaludon|68/100|[from] Grassy Terrain
|-heal|p2a: Kingambit|57/100|[from] Grassy Terrain
|upkeep
|turn|5
|inactive|aseyo has 30 seconds left.
|inactive|aseyo has 20 seconds left.
|inactive|aseyo has 15 seconds left.
|inactive|aseyo has 10 seconds left.
|
|t:|1756465717
|move|p1a: Volcarona|Heat Wave|p2a: Kingambit|[spread] p2b
|-miss|p1a: Volcarona|p2a: Kingambit
|-damage|p2b: Archaludon|43/100
|-ability|p2b: Archaludon|Stamina|boost
|-boost|p2b: Archaludon|def|1
|move|p2b: Archaludon|Electro Shot||[still]
|-prepare|p2b: Archaludon|Electro Shot
|-boost|p2b: Archaludon|spa|1
|-anim|p2b: Archaludon|Electro Shot|p1a: Volcarona
|-resisted|p1a: Volcarona
|-damage|p1a: Volcarona|39/100
|move|p1b: Rillaboom|High Horsepower|p2b: Archaludon
|-supereffective|p2b: Archaludon
|-damage|p2b: Archaludon|18/100
|-ability|p2b: Archaludon|Stamina|boost
|-boost|p2b: Archaludon|def|1
|move|p2a: Kingambit|Swords Dance|p2a: Kingambit
|-boost|p2a: Kingambit|atk|2
|
|-weather|none
|-heal|p1a: Volcarona|45/100|[from] Grassy Terrain
|-heal|p2b: Archaludon|24/100|[from] Grassy Terrain
|-heal|p2a: Kingambit|63/100|[from] Grassy Terrain
|upkeep
|turn|6
|
|t:|1756465740
|move|p1b: Rillaboom|Grassy Glide|p2a: Kingambit
|-resisted|p2a: Kingambit
|-damage|p2a: Kingambit|48/100
|move|p2a: Kingambit|Sucker Punch|p1a: Volcarona
|-damage|p1a: Volcarona|0 fnt
|-status|p2a: Kingambit|brn|[from] ability: Flame Body|[of] p1a: Volcarona
|faint|p1a: Volcarona
|move|p2b: Archaludon|Body Press|p1b: Rillaboom
|-damage|p1b: Rillaboom|51/100
|
|-heal|p2b: Archaludon|31/100|[from] Grassy Terrain
|-heal|p1b: Rillaboom|57/100|[from] Grassy Terrain
|-heal|p2a: Kingambit|54/100 brn|[from] Grassy Terrain
|-damage|p2a: Kingambit|48/100 brn|[from] brn
|-fieldend|move: Grassy Terrain
|upkeep
|
|t:|1756465744
|switch|p1a: Tauros|Tauros-Paldea-Aqua, L50, M|100/100
|-ability|p1a: Tauros|Intimidate|boost
|-unboost|p2a: Kingambit|atk|1
|-ability|p2a: Kingambit|Defiant|boost
|-boost|p2a: Kingambit|atk|2
|-unboost|p2b: Archaludon|atk|1
|-enditem|p1a: Tauros|Mirror Herb
|-boost|p1a: Tauros|atk|2|[from] item: Mirror Herb
|turn|7
|
|t:|1756465759
|move|p2a: Kingambit|Sucker Punch|p1b: Rillaboom
|-damage|p1b: Rillaboom|5/100
|move|p1a: Tauros|Close Combat|p2b: Archaludon
|-supereffective|p2b: Archaludon
|-damage|p2b: Archaludon|0 fnt
|-unboost|p1a: Tauros|def|1
|-unboost|p1a: Tauros|spd|1
|faint|p2b: Archaludon
|move|p1b: Rillaboom|Wood Hammer|p2a: Kingambit
|-resisted|p2a: Kingambit
|-damage|p2a: Kingambit|27/100 brn
|-damage|p1b: Rillaboom|0 fnt|[from] Recoil
|faint|p1b: Rillaboom
|
|-damage|p2a: Kingambit|21/100 brn|[from] brn
|upkeep
|
|t:|1756465770
|switch|p2b: Pelipper|Pelipper, L50, F|72/100
|-weather|RainDance|[from] ability: Drizzle|[of] p2b: Pelipper
|turn|8
|
|t:|1756465773
|move|p2a: Kingambit|Sucker Punch|p1a: Tauros
|-resisted|p1a: Tauros
|-damage|p1a: Tauros|53/100
|move|p1a: Tauros|Wave Crash|p2b: Pelipper
|-resisted|p2b: Pelipper
|-damage|p2b: Pelipper|0 fnt
|faint|p2b: Pelipper
|-damage|p1a: Tauros|33/100|[from] Recoil
|
|-weather|RainDance|[upkeep]
|-damage|p2a: Kingambit|15/100 brn|[from] brn
|upkeep
|
|t:|1756465781
|switch|p2b: Basculegion|Basculegion, L50, M, tera:Water|48/100 brn
|turn|9
|
|t:|1756465787
|move|p1a: Tauros|Protect|p1a: Tauros
|-singleturn|p1a: Tauros|Protect
|move|p2b: Basculegion|Last Respects|p1a: Tauros
|-activate|p1a: Tauros|move: Protect
|move|p2a: Kingambit|Kowtow Cleave|p1a: Tauros
|-activate|p1a: Tauros|move: Protect
|
|-weather|RainDance|[upkeep]
|-damage|p2b: Basculegion|42/100 brn|[from] brn
|-damage|p2a: Kingambit|10/100 brn|[from] brn
|upkeep
|turn|10
|
|t:|1756465792
|move|p1a: Tauros|Aqua Jet|p2b: Basculegion
|-resisted|p2b: Basculegion
|-damage|p2b: Basculegion|12/100 brn
|move|p2b: Basculegion|Last Respects|p1a: Tauros
|-crit|p1a: Tauros
|-damage|p1a: Tauros|0 fnt
|faint|p1a: Tauros
|
|win|aseyo
|raw|A Regu1ar Guy's rating: 1311 → 1290(-21 for losing)
|raw|aseyo's rating: 1299 → 1325(+26 for winning)
|l|☆A Regu1ar Guy
|player|p1|
