|j|☆marillrag1
|j|☆Koraidonkoalition
|html|marillrag1Koraidonkoalition    
|uhtml|bestof|Game 1 of a best-of-3
|t:|1785083367
|gametype|doubles
|player|p1|marillrag1|169|1080
|player|p2|Koraidonkoalition|colress|1224
|gen|9
|tier|[Gen 9 Champions] VGC 2026 Reg M-B (Bo3)
|rated|
|rule|Species Clause: Limit one of each Pokémon
|rule|Item Clause: Limit 1 of each item
|clearpoke
|poke|p1|Delphox, L50, M|
|poke|p1|Sneasler, L50, M|
|poke|p1|Incineroar, L50, F|
|poke|p1|Sinistcha, L50|
|poke|p1|Kingambit, L50, F|
|poke|p1|Blastoise, L50, F|
|poke|p2|Tyranitar, L50, F|
|poke|p2|Excadrill, L50, F|
|poke|p2|Milotic, L50, M|
|poke|p2|Sinistcha, L50|
|poke|p2|Staraptor, L50, F|
|poke|p2|Gholdengo, L50|
|teampreview|4
|showteam|p1|Delphox||Delphoxite|Blaze|Protect,HeatWave,Psyshock,NastyPlot|Modest||M|||50|]Sneasler||FocusSash|PoisonTouch|PoisonJab,CloseCombat,FakeOut,QuickGuard|Jolly||M|||50|]Incineroar||SitrusBerry|Intimidate|FlareBlitz,FakeOut,PartingShot,HelpingHand|Careful||F|||50|]Sinistcha||ColburBerry|Hospitality|Protect,MatchaGotcha,RagePowder,TrickRoom|Bold|||||50|]Kingambit||LifeOrb|Defiant|Protect,KowtowCleave,SwordsDance,SuckerPunch|Adamant||F|||50|]Blastoise||Blastoisinite|Torrent|Protect,WaterSpout,DarkPulse,ShellSmash|Modest||F|||50|
|showteam|p2|Tyranitar||Tyranitarite|SandStream|KnockOff,RockSlide,LowKick,Protect|Jolly||F|||50|]Excadrill||FocusSash|SandRush|Earthquake,IronHead,RockSlide,Protect|Adamant||F|||50|]Milotic||SitrusBerry|Competitive|Scald,IcyWind,Haze,Protect|Calm||M|||50|]Sinistcha||ColburBerry|Hospitality|MatchaGotcha,ShadowBall,Protect,RagePowder|Bold|||||50|]Staraptor||Staraptite|Intimidate|CloseCombat,BraveBird,Tailwind,Protect|Jolly||F|||50|]Gholdengo||LifeOrb|GoodasGold|MakeItRain,ShadowBall,NastyPlot,Protect|Modest|||||50|
|
|t:|1785083430
|teamsize|p1|4
|teamsize|p2|4
|start
|switch|p1a: Incineroar|Incineroar, L50, F|100/100
|switch|p1b: Blastoise|Blastoise, L50, F|100/100
|switch|p2a: Milotic|Milotic, L50, M|100/100
|switch|p2b: Gholdengo|Gholdengo, L50|100/100
|-ability|p1a: Incineroar|Intimidate|boost
|-unboost|p2a: Milotic|atk|1
|-ability|p2a: Milotic|Competitive|boost
|-boost|p2a: Milotic|spa|2
|-unboost|p2b: Gholdengo|atk|1
|turn|1
|
|t:|1785083459
|detailschange|p1b: Blastoise|Blastoise-Mega, L50, F
|-mega|p1b: Blastoise|Blastoise|Blastoisinite
|move|p1a: Incineroar|Fake Out|p2a: Milotic
|-damage|p2a: Milotic|89/100
|move|p1b: Blastoise|Dark Pulse|p2b: Gholdengo
|-supereffective|p2b: Gholdengo|1
|-damage|p2b: Gholdengo|19/100
|cant|p2a: Milotic|flinch
|move|p2b: Gholdengo|Shadow Ball|p1b: Blastoise
|-damage|p1b: Blastoise|51/100
|-unboost|p1b: Blastoise|spd|1
|-damage|p2b: Gholdengo|10/100|[from] item: Life Orb
|
|upkeep
|turn|2
|
|t:|1785083498
|switch|p1a: Sinistcha|Sinistcha, L50|100/100
|-heal|p1b: Blastoise|76/100|[from] ability: Hospitality|[of] p1a: Sinistcha
|move|p1b: Blastoise|Water Spout|p2b: Gholdengo|[spread] p2a,p2b
|-resisted|p2a: Milotic|1
|-damage|p2a: Milotic|72/100
|-damage|p2b: Gholdengo|0 fnt
|faint|p2b: Gholdengo
|move|p2a: Milotic|Scald|p1a: Sinistcha
|-resisted|p1a: Sinistcha|1
|-damage|p1a: Sinistcha|69/100
|
|upkeep
|
|t:|1785083508
|switch|p2b: Tyranitar|Tyranitar, L50, F|100/100
|-weather|Sandstorm|[from] ability: Sand Stream|[of] p2b: Tyranitar
|turn|3
|
|t:|1785083537
|detailschange|p2b: Tyranitar|Tyranitar-Mega, L50, F
|-mega|p2b: Tyranitar|Tyranitar|Tyranitarite
|move|p1a: Sinistcha|Protect|p1a: Sinistcha
|-singleturn|p1a: Sinistcha|Protect
|move|p2b: Tyranitar|Rock Slide|p1a: Sinistcha|[spread] 
|-activate|p1a: Sinistcha|move: Protect
|-miss|p2b: Tyranitar|p1b: Blastoise
|move|p1b: Blastoise|Dark Pulse|p2a: Milotic
|-damage|p2a: Milotic|42/100
|-enditem|p2a: Milotic|Sitrus Berry|[eat]
|-heal|p2a: Milotic|66/100|[from] item: Sitrus Berry
|move|p2a: Milotic|Icy Wind|p1a: Sinistcha|[spread] p1b
|-activate|p1a: Sinistcha|move: Protect
|-resisted|p1b: Blastoise|1
|-damage|p1b: Blastoise|61/100
|-unboost|p1b: Blastoise|spe|1
|
|-weather|Sandstorm|[upkeep]
|-damage|p2a: Milotic|61/100|[from] Sandstorm
|-damage|p1a: Sinistcha|63/100|[from] Sandstorm
|-damage|p1b: Blastoise|55/100|[from] Sandstorm
|upkeep
|turn|4
|
|t:|1785083558
|switch|p1b: Incineroar|Incineroar, L50, F|100/100
|-ability|p1b: Incineroar|Intimidate|boost
|-unboost|p2a: Milotic|atk|1
|-ability|p2a: Milotic|Competitive|boost
|-boost|p2a: Milotic|spa|2
|-unboost|p2b: Tyranitar|atk|1
|move|p2b: Tyranitar|Rock Slide|p1a: Sinistcha|[spread] p1a,p1b
|-supereffective|p1b: Incineroar|1
|-damage|p1a: Sinistcha|46/100
|-damage|p1b: Incineroar|63/100
|move|p2a: Milotic|Icy Wind|p1a: Sinistcha|[spread] p1a,p1b
|-supereffective|p1a: Sinistcha|1
|-resisted|p1b: Incineroar|1
|-crit|p1b: Incineroar
|-damage|p1a: Sinistcha|0 fnt
|-damage|p1b: Incineroar|46/100
|-unboost|p1b: Incineroar|spe|1
|-enditem|p1b: Incineroar|Sitrus Berry|[eat]
|-heal|p1b: Incineroar|71/100|[from] item: Sitrus Berry
|faint|p1a: Sinistcha
|
|-weather|Sandstorm|[upkeep]
|-damage|p2a: Milotic|55/100|[from] Sandstorm
|-damage|p1b: Incineroar|65/100|[from] Sandstorm
|upkeep
|
|t:|1785083576
|switch|p1a: Blastoise|Blastoise-Mega, L50, F|55/100
|turn|5
|
|t:|1785083592
|move|p1b: Incineroar|Helping Hand|p1a: Blastoise
|-singleturn|p1a: Blastoise|Helping Hand|[of] p1b: Incineroar
|move|p2b: Tyranitar|Rock Slide|p1b: Incineroar|[spread] p1a,p1b
|-supereffective|p1b: Incineroar|1
|-damage|p1a: Blastoise|33/100
|-damage|p1b: Incineroar|29/100
|cant|p1a: Blastoise|flinch
|move|p2a: Milotic|Scald|p1a: Blastoise
|-resisted|p1a: Blastoise|1
|-damage|p1a: Blastoise|0 fnt
|faint|p1a: Blastoise
|
|-weather|Sandstorm|[upkeep]
|-damage|p2a: Milotic|49/100|[from] Sandstorm
|-damage|p1b: Incineroar|23/100|[from] Sandstorm
|upkeep
|-message|marillrag1 forfeited.
|
|win|Koraidonkoalition
||marillrag1 is ready for game 2.
||Koraidonkoalition is ready for game 2.
|uhtml|next|Next: Game 2 of 3
|l|☆Koraidonkoalition
|player|p2|
