|j|☆TrainerRed86
|j|☆washingtongargacha
|html|TrainerRed86washingtongargacha    
|uhtml|bestof|Game 3 of a best-of-3
|t:|1757203471
|gametype|doubles
|player|p1|TrainerRed86|red|1067
|player|p2|washingtongargacha|169|1048
|gen|9
|tier|[Gen 9] VGC 2025 Reg H (Bo3)
|rated|
|rule|Species Clause: Limit one of each Pokémon
|rule|Item Clause: Limit 1 of each item
|clearpoke
|poke|p1|Ceruledge, L50, F|
|poke|p1|Ursaluna-Bloodmoon, L50, M|
|poke|p1|Gyarados, L50, M|
|poke|p1|Rillaboom, L50, F|
|poke|p1|Sneasler, L50, M|
|poke|p1|Whimsicott, L50, F|
|poke|p2|Talonflame, L50, M|
|poke|p2|Gholdengo, L50|
|poke|p2|Dragonite, L50, F|
|poke|p2|Archaludon, L50, M|
|poke|p2|Tyranitar, L50, M|
|poke|p2|Garchomp, L50, F|
|teampreview|4
|showteam|p1|Ceruledge||ClearAmulet|FlashFire|BitterBlade,ShadowSneak,SwordsDance,Protect|||F|||50|,,,,,Grass]Ursaluna-Bloodmoon||LifeOrb|MindsEye|BloodMoon,HyperVoice,EarthPower,Protect|||M|||50|,,,,,Normal]Gyarados||SitrusBerry|Intimidate|Waterfall,Taunt,ThunderWave,HelpingHand|||M|||50|,,,,,Grass]Rillaboom||AssaultVest|GrassySurge|FakeOut,GrassyGlide,WoodHammer,HighHorsepower|||F|||50|,,,,,Fire]Sneasler||GrassySeed|Unburden|FakeOut,DireClaw,CloseCombat,Protect|||M|||50|,,,,,Ghost]Whimsicott||CovertCloak|Prankster|Moonblast,Tailwind,SunnyDay,Encore|||F|||50|,,,,,Water
|showteam|p2|Talonflame||CovertCloak|GaleWings|Tailwind,DualWingbeat,Taunt,FlareBlitz|||M|||50|,,,,,Ghost]Gholdengo||ChoiceSpecs|GoodasGold|MakeItRain,SteelBeam,ShadowBall,PowerGem||||||50|,,,,,Flying]Dragonite||LoadedDice|Multiscale|ScaleShot,IceSpinner,Haze,Protect|||F|||50|,,,,,Steel]Archaludon||PowerHerb|Sturdy|FlashCannon,ElectroShot,DracoMeteor,Protect|||M|||50|,,,,,Flying]Tyranitar||AssaultVest|SandStream|KnockOff,RockSlide,TeraBlast,LowKick|||M|||50|,,,,,Flying]Garchomp||LifeOrb|RoughSkin|DragonClaw,StompingTantrum,Earthquake,Protect|||F|||50|,,,,,Steel
|inactive|Battle timer is ON: inactive players will automatically lose when time's up. (requested by washingtongargacha)
|
|t:|1757203501
|teamsize|p1|4
|teamsize|p2|4
|start
|switch|p1a: Whimsicott|Whimsicott, L50, F|100/100
|switch|p1b: Rillaboom|Rillaboom, L50, F|100/100
|switch|p2a: Talonflame|Talonflame, L50, M|100/100
|switch|p2b: Tyranitar|Tyranitar, L50, M|100/100
|-fieldstart|move: Grassy Terrain|[from] ability: Grassy Surge|[of] p1b: Rillaboom
|-weather|Sandstorm|[from] ability: Sand Stream|[of] p2b: Tyranitar
|turn|1
|inactive|washingtongargacha has 30 seconds left.
|inactive|washingtongargacha has 20 seconds left.
|inactive|washingtongargacha has 15 seconds left.
|
|t:|1757203543
|-terastallize|p2b: Tyranitar|Flying
|move|p1b: Rillaboom|Fake Out|p2b: Tyranitar
|-damage|p2b: Tyranitar|87/100
|move|p1a: Whimsicott|Tailwind|p1a: Whimsicott
|-sidestart|p1: TrainerRed86|move: Tailwind
|move|p2a: Talonflame|Flare Blitz|p1a: Whimsicott
|-supereffective|p1a: Whimsicott
|-damage|p1a: Whimsicott|14/100
|-damage|p2a: Talonflame|74/100|[from] Recoil
|cant|p2b: Tyranitar|flinch
|
|-weather|Sandstorm|[upkeep]
|-damage|p1a: Whimsicott|8/100|[from] Sandstorm
|-damage|p1b: Rillaboom|95/100|[from] Sandstorm
|-damage|p2a: Talonflame|68/100|[from] Sandstorm
|-damage|p2b: Tyranitar|81/100|[from] Sandstorm
|-heal|p1a: Whimsicott|14/100|[from] Grassy Terrain
|-heal|p1b: Rillaboom|100/100|[from] Grassy Terrain
|upkeep
|turn|2
|inactive|TrainerRed86 has 30 seconds left.
|
|t:|1757203578
|move|p1a: Whimsicott|Encore|p2a: Talonflame
|-start|p2a: Talonflame|Encore
|move|p1b: Rillaboom|Wood Hammer|p2b: Tyranitar
|-resisted|p2b: Tyranitar
|-damage|p2b: Tyranitar|44/100
|-damage|p1b: Rillaboom|88/100|[from] Recoil
|move|p2a: Talonflame|Flare Blitz|p1b: Rillaboom
|-supereffective|p1b: Rillaboom
|-damage|p1b: Rillaboom|15/100
|-damage|p2a: Talonflame|42/100|[from] Recoil
|move|p2b: Tyranitar|Tera Blast|p1b: Rillaboom|[anim] Tera Blast Flying
|-supereffective|p1b: Rillaboom
|-damage|p1b: Rillaboom|0 fnt
|faint|p1b: Rillaboom
|
|-weather|Sandstorm|[upkeep]
|-damage|p1a: Whimsicott|8/100|[from] Sandstorm
|-damage|p2a: Talonflame|36/100|[from] Sandstorm
|-damage|p2b: Tyranitar|39/100|[from] Sandstorm
|-heal|p1a: Whimsicott|14/100|[from] Grassy Terrain
|upkeep
|
|t:|1757203595
|switch|p1b: Sneasler|Sneasler, L50, M|100/100
|-enditem|p1b: Sneasler|Grassy Seed
|-boost|p1b: Sneasler|def|1|[from] item: Grassy Seed
|turn|3
|
|t:|1757203611
|switch|p2a: Gholdengo|Gholdengo, L50|100/100
|move|p1b: Sneasler|Dire Claw|p2a: Gholdengo
|-immune|p2a: Gholdengo
|move|p1a: Whimsicott|Moonblast|p2b: Tyranitar
|-damage|p2b: Tyranitar|19/100
|move|p2b: Tyranitar|Rock Slide|p1b: Sneasler|[spread] p1a,p1b
|-resisted|p1b: Sneasler
|-damage|p1a: Whimsicott|0 fnt
|-damage|p1b: Sneasler|83/100
|faint|p1a: Whimsicott
|
|-weather|Sandstorm|[upkeep]
|-damage|p1b: Sneasler|77/100|[from] Sandstorm
|-damage|p2b: Tyranitar|14/100|[from] Sandstorm
|-heal|p1b: Sneasler|83/100|[from] Grassy Terrain
|upkeep
|
|t:|1757203626
|switch|p1a: Ceruledge|Ceruledge, L50, F, shiny|100/100
|turn|4
|inactive|TrainerRed86 has 30 seconds left.
|inactive|washingtongargacha has 30 seconds left.
|
|t:|1757203654
|switch|p2a: Dragonite|Dragonite, L50, F|100/100
|-terastallize|p1a: Ceruledge|Grass
|move|p1b: Sneasler|Dire Claw|p2b: Tyranitar
|-damage|p2b: Tyranitar|0 fnt
|faint|p2b: Tyranitar
|move|p1a: Ceruledge|Bitter Blade|p2a: Dragonite
|-resisted|p2a: Dragonite
|-damage|p2a: Dragonite|89/100
|
|-weather|Sandstorm|[upkeep]
|-damage|p1b: Sneasler|77/100|[from] Sandstorm
|-damage|p1a: Ceruledge|94/100|[from] Sandstorm
|-damage|p2a: Dragonite|83/100|[from] Sandstorm
|-heal|p1b: Sneasler|83/100|[from] Grassy Terrain
|-heal|p1a: Ceruledge|100/100|[from] Grassy Terrain
|-sideend|p1: TrainerRed86|move: Tailwind
|upkeep
|
|t:|1757203668
|switch|p2b: Gholdengo|Gholdengo, L50|100/100
|turn|5
|inactive|washingtongargacha has 30 seconds left.
|inactive|washingtongargacha has 20 seconds left.
|
|t:|1757203705
|switch|p2b: Talonflame|Talonflame, L50, M|36/100
|move|p1b: Sneasler|Dire Claw|p2a: Dragonite
|-damage|p2a: Dragonite|39/100
|-status|p2a: Dragonite|par
|move|p1a: Ceruledge|Bitter Blade|p2b: Talonflame
|-resisted|p2b: Talonflame
|-damage|p2b: Talonflame|4/100
|cant|p2a: Dragonite|par
|
|-weather|none
|-heal|p1b: Sneasler|89/100|[from] Grassy Terrain
|-fieldend|move: Grassy Terrain
|upkeep
|turn|6
|
|t:|1757203721
|move|p1a: Ceruledge|Shadow Sneak|p2b: Talonflame
|-damage|p2b: Talonflame|0 fnt
|faint|p2b: Talonflame
|move|p1b: Sneasler|Dire Claw|p2a: Dragonite
|-damage|p2a: Dragonite|0 fnt
|faint|p2a: Dragonite
|
|upkeep
|
|t:|1757203728
|switch|p2b: Gholdengo|Gholdengo, L50|100/100
|turn|7
|inactive|TrainerRed86 has 30 seconds left.
|
|t:|1757203762
|move|p1b: Sneasler|Protect|p1b: Sneasler
|-singleturn|p1b: Sneasler|Protect
|move|p1a: Ceruledge|Shadow Sneak|p2b: Gholdengo
|-supereffective|p2b: Gholdengo
|-damage|p2b: Gholdengo|52/100
|move|p2b: Gholdengo|Make It Rain|p1a: Ceruledge|[spread] p1a
|-activate|p1b: Sneasler|move: Protect
|-damage|p1a: Ceruledge|25/100
|-unboost|p2b: Gholdengo|spa|1
|
|upkeep
|turn|8
|inactive|washingtongargacha has 30 seconds left.
|
|t:|1757203787
|move|p1b: Sneasler|Protect|p1b: Sneasler
|-singleturn|p1b: Sneasler|Protect
|move|p2b: Gholdengo|Make It Rain|p1a: Ceruledge|[spread] p1a
|-activate|p1b: Sneasler|move: Protect
|-damage|p1a: Ceruledge|0 fnt
|-unboost|p2b: Gholdengo|spa|1
|faint|p1a: Ceruledge
|
|upkeep
|turn|9
|
|t:|1757203800
|move|p1b: Sneasler|Dire Claw|p2b: Gholdengo
|-immune|p2b: Gholdengo
|move|p2b: Gholdengo|Make It Rain|p1b: Sneasler
|-damage|p1b: Sneasler|18/100
|-unboost|p2b: Gholdengo|spa|1
|
|upkeep
|turn|10
|
|t:|1757203809
|move|p1b: Sneasler|Dire Claw|p2b: Gholdengo
|-immune|p2b: Gholdengo
|move|p2b: Gholdengo|Make It Rain|p1b: Sneasler
|-damage|p1b: Sneasler|0 fnt
|-unboost|p2b: Gholdengo|spa|1
|faint|p1b: Sneasler
|
|win|washingtongargacha
|raw|TrainerRed86's rating: 1067 → 1046(-21 for losing)
|raw|washingtongargacha's rating: 1048 → 1083(+35 for winning)
