|j|☆buggy es el rey
|j|☆ToastedArt
|html|buggy es el reyToastedArt    
|uhtml|bestof|Game 2 of a best-of-3
|t:|1784478301
|gametype|doubles
|player|p1|buggy es el rey|gambler|1056
|player|p2|ToastedArt|iris|1046
|gen|9
|tier|[Gen 9 Champions] VGC 2026 Reg M-B (Bo3)
|rated|
|rule|Species Clause: Limit one of each Pokémon
|rule|Item Clause: Limit 1 of each item
|clearpoke
|poke|p1|Aerodactyl, L50, M|
|poke|p1|Farigiraf, L50, F, shiny|
|poke|p1|Charizard, L50, M, shiny|
|poke|p1|Garchomp, L50, M|
|poke|p1|Sylveon, L50, F|
|poke|p1|Kingambit, L50, M, shiny|
|poke|p2|Falinks, L50, shiny|
|poke|p2|Incineroar, L50, F|
|poke|p2|Vanilluxe, L50, M, shiny|
|poke|p2|Basculegion, L50, M, shiny|
|poke|p2|Sneasler, L50, F|
|poke|p2|Dragonite, L50, F, shiny|
|teampreview|4
|showteam|p1|Aerodactyl||Aerodactylite|Unnerve|RockSlide,Tailwind,DualWingbeat,IceFang|Jolly||M|||50|]Farigiraf||SitrusBerry|ArmorTail|Roar,TrickRoom,TwinBeam,Thunderbolt|Modest||F|||50|]Charizard||CharizarditeY|Blaze|SolarBeam,Protect,WeatherBall,HeatWave|Modest||M|||50|]Garchomp||SoftSand|RoughSkin|Earthquake,Protect,DragonClaw,RockSlide|Adamant||M|||50|]Sylveon||FairyFeather|Pixilate|QuickAttack,HyperVoice,HyperBeam,Protect|Modest||F|||50|]Kingambit||FocusSash|Defiant|SuckerPunch,KowtowCleave,LowKick,IronHead|Adamant||M|||50|
|showteam|p2|Falinks||Falinksite|Defiant|NoRetreat,CloseCombat,RockSlide,Protect|Adamant|||||50|]Incineroar||Charcoal|Intimidate|FlareBlitz,ThroatChop,FakeOut,PartingShot|Adamant||F|||50|]Vanilluxe||ChoiceScarf|SnowWarning|Blizzard,FreezeDry,IcyWind,SheerCold|Modest||M|||50|]Basculegion||SitrusBerry|Adaptability|WaveCrash,LastRespects,AquaJet,Protect|Adamant||M|||50|]Sneasler||FocusSash|PoisonTouch|PoisonJab,CloseCombat,FakeOut,Coaching|Jolly||F|||50|]Dragonite||DragonFang|Multiscale|DragonClaw,ExtremeSpeed,LowKick,Tailwind|Adamant||F|||50|
|inactive|Battle timer is ON: inactive players will automatically lose when time's up. (requested by ToastedArt)
|inactive|ToastedArt has 60 seconds left.
|inactive|ToastedArt has 30 seconds left.
|inactive|ToastedArt has 20 seconds left.
|
|t:|1784478372
|teamsize|p1|4
|teamsize|p2|4
|start
|switch|p1a: Farigiraf|Farigiraf, L50, F, shiny|100/100
|switch|p1b: Kingambit|Kingambit, L50, M, shiny|100/100
|switch|p2a: Vanilluxe|Vanilluxe, L50, M, shiny|100/100
|switch|p2b: Falinks|Falinks, L50, shiny|100/100
|-weather|Snowscape|[from] ability: Snow Warning|[of] p2a: Vanilluxe
|turn|1
|inactive|buggy es el rey has 30 seconds left.
|inactive|ToastedArt has 30 seconds left.
|inactive|buggy es el rey has 20 seconds left.
|inactive|buggy es el rey has 15 seconds left.
|
|t:|1784478414
|switch|p1b: Charizard|Charizard, L50, M, shiny|100/100
|detailschange|p2b: Falinks|Falinks-Mega, L50, shiny
|-mega|p2b: Falinks|Falinks|Falinksite
|move|p2a: Vanilluxe|Blizzard|p1b: Charizard|[spread] p1a,p1b
|-damage|p1a: Farigiraf|58/100
|-damage|p1b: Charizard|38/100
|move|p2b: Falinks|Close Combat|p1a: Farigiraf
|-damage|p1a: Farigiraf|0 fnt
|-unboost|p2b: Falinks|def|1
|-unboost|p2b: Falinks|spd|1
|faint|p1a: Farigiraf
|
|-weather|Snowscape|[upkeep]
|upkeep
|
|t:|1784478427
|switch|p1a: Sylveon|Sylveon, L50, F|100/100
|turn|2
|
|t:|1784478434
|switch|p2b: Incineroar|Incineroar, L50, F|100/100
|-ability|p2b: Incineroar|Intimidate|boost
|-unboost|p1a: Sylveon|atk|1
|-unboost|p1b: Charizard|atk|1
|detailschange|p1b: Charizard|Charizard-Mega-Y, L50, M, shiny
|-mega|p1b: Charizard|Charizard|Charizardite Y
|-weather|SunnyDay|[from] ability: Drought|[of] p1b: Charizard
|move|p1b: Charizard|Protect|p1b: Charizard
|-singleturn|p1b: Charizard|Protect
|move|p2a: Vanilluxe|Blizzard|p1a: Sylveon|[spread] 
|-activate|p1b: Charizard|move: Protect
|-miss|p2a: Vanilluxe|p1a: Sylveon
|move|p1a: Sylveon|Hyper Voice|p2a: Vanilluxe|[spread] p2a,p2b
|-crit|p2b: Incineroar
|-damage|p2a: Vanilluxe|46/100
|-damage|p2b: Incineroar|27/100
|
|-weather|SunnyDay|[upkeep]
|upkeep
|turn|3
|inactive|buggy es el rey has 30 seconds left.
|
|t:|1784478464
|move|p2b: Incineroar|Fake Out|p1a: Sylveon
|-damage|p1a: Sylveon|86/100
|move|p2a: Vanilluxe|Blizzard|p1a: Sylveon|[spread] p1a,p1b
|-damage|p1a: Sylveon|57/100
|-damage|p1b: Charizard|0 fnt
|faint|p1b: Charizard
|cant|p1a: Sylveon|flinch
|
|-weather|SunnyDay|[upkeep]
|upkeep
|
|t:|1784478472
|switch|p1b: Kingambit|Kingambit, L50, M, shiny|100/100
|turn|4
|
|t:|1784478477
|move|p1b: Kingambit|Sucker Punch|p2a: Vanilluxe
|-damage|p2a: Vanilluxe|0 fnt
|faint|p2a: Vanilluxe
|move|p2b: Incineroar|Parting Shot|p1a: Sylveon
|-unboost|p1a: Sylveon|atk|1
|-unboost|p1a: Sylveon|spa|1
|
|t:|1784478482
|switch|p2b: Basculegion|Basculegion, L50, M, shiny|100/100|[from] Parting Shot
|move|p1a: Sylveon|Hyper Voice|p2b: Basculegion
|-damage|p2b: Basculegion|61/100
|
|-weather|SunnyDay|[upkeep]
|upkeep
|
|t:|1784478486
|switch|p2a: Falinks|Falinks-Mega, L50, shiny|100/100
|turn|5
|
|t:|1784478504
|move|p2b: Basculegion|Aqua Jet|p1b: Kingambit
|-damage|p1b: Kingambit|90/100
|move|p1b: Kingambit|Sucker Punch||[still]
|-fail|p1b: Kingambit
|move|p2a: Falinks|Close Combat|p1b: Kingambit
|-supereffective|p1b: Kingambit|2
|-damage|p1b: Kingambit|0 fnt
|-unboost|p2a: Falinks|def|1
|-unboost|p2a: Falinks|spd|1
|faint|p1b: Kingambit
|move|p1a: Sylveon|Hyper Beam|p2a: Falinks
|-supereffective|p2a: Falinks|1
|-damage|p2a: Falinks|0 fnt
|-mustrecharge|p1a: Sylveon
|faint|p2a: Falinks
|
|-weather|SunnyDay|[upkeep]
|upkeep
|
|t:|1784478510
|switch|p2a: Incineroar|Incineroar, L50, F|27/100
|-ability|p2a: Incineroar|Intimidate|boost
|-unboost|p1a: Sylveon|atk|1
|turn|6
|-message|buggy es el rey forfeited.
|
|win|ToastedArt
|raw|buggy es el rey's rating: 1056 → 1037(-19 for losing)
|raw|ToastedArt's rating: 1046 → 1080(+34 for winning)
