|j|☆nagc_17
|j|☆gio0314
|html|nagc_17gio0314    
|uhtml|bestof|Game 2 of a best-of-3
|t:|1785251833
|gametype|doubles
|player|p1|nagc_17|scientist|
|player|p2|gio0314|2|
|gen|9
|tier|[Gen 9 Champions] VGC 2026 Reg M-B (Bo3)
|rule|Species Clause: Limit one of each Pokémon
|rule|Item Clause: Limit 1 of each item
|clearpoke
|poke|p1|Blastoise, L50, F|
|poke|p1|Farigiraf, L50, M|
|poke|p1|Torkoal, L50, M|
|poke|p1|Incineroar, L50, F|
|poke|p1|Hatterene, L50, F|
|poke|p1|Clefable, L50, M|
|poke|p2|Lucario, L50, F|
|poke|p2|Sableye, L50, M|
|poke|p2|Lycanroc-Dusk, L50, M|
|poke|p2|Luxray, L50, M|
|poke|p2|Hydreigon, L50, F|
|poke|p2|Talonflame, L50, F|
|teampreview|4
|showteam|p1|Blastoise||Blastoisinite|Torrent|DarkPulse,AuraSphere,WaterPulse,Protect|Adamant||F|||50|]Farigiraf||FocusSash|ArmorTail|TrickRoom,PsychicNoise,Thunderbolt,Protect|Adamant||M|||50|]Torkoal||Charcoal|Drought|Eruption,HeatWave,SolarBeam,Protect|Adamant||M|||50|]Incineroar||Leftovers|Intimidate|FakeOut,DarkestLariat,CloseCombat,PartingShot|Adamant||F|||50|]Hatterene||ExpertBelt|MagicBounce|Psychic,DazzlingGleam,TrickRoom,Protect|Adamant||F|||50|]Clefable||Clefablite|MagicGuard|Moonblast,HealPulse,Thunderbolt,FollowMe|Adamant||M|||50|
|showteam|p2|Lucario||Lucarionite|InnerFocus|CloseCombat,MeteorMash,Protect,Crunch|Jolly||F|||50|]Sableye||SitrusBerry|Prankster|Reflect,KnockOff,Encore,LightScreen|Careful||M|||50|]Lycanroc-Dusk||LifeOrb|ToughClaws|RockSlide,Accelerock,CloseCombat,Protect|Jolly||M|||50|]Luxray||ShucaBerry|Intimidate|Superpower,HelpingHand,Protect,WildCharge|Adamant||M|||50|]Hydreigon||FocusSash|Levitate|EarthPower,DracoMeteor,DarkPulse,Protect|Modest||F|||50|]Talonflame|||GaleWings|Acrobatics,Tailwind,FlareBlitz,Uturn|Jolly||F|||50|
|
|t:|1785251867
|teamsize|p1|4
|teamsize|p2|4
|start
|switch|p1a: Farigiraf|Farigiraf, L50, M|100/100
|switch|p1b: Incineroar|Incineroar, L50, F|100/100
|switch|p2a: Lucyfah|Luxray, L50, M|100/100
|switch|p2b: Negreiron|Hydreigon, L50, F|100/100
|-ability|p2a: Lucyfah|Intimidate|boost
|-unboost|p1a: Farigiraf|atk|1
|-unboost|p1b: Incineroar|atk|1
|-ability|p1b: Incineroar|Intimidate|boost
|-unboost|p2a: Lucyfah|atk|1
|-unboost|p2b: Negreiron|atk|1
|turn|1
|inactive|Battle timer is ON: inactive players will automatically lose when time's up. (requested by gio0314)
|
|t:|1785251916
|move|p1b: Incineroar|Fake Out|p2a: Lucyfah
|-damage|p2a: Lucyfah|91/100
|move|p2b: Negreiron|Dark Pulse|p1a: Farigiraf
|-supereffective|p1a: Farigiraf|1
|-damage|p1a: Farigiraf|3/100
|cant|p2a: Lucyfah|flinch
|move|p1a: Farigiraf|Trick Room|p1a: Farigiraf
|-fieldstart|move: Trick Room|[of] p1a: Farigiraf
|
|upkeep
|turn|2
|inactive|nagc_17 has 30 seconds left.
|inactive|gio0314 has 30 seconds left.
|inactive|nagc_17 has 20 seconds left.
|inactive|nagc_17 has 15 seconds left.
|
|t:|1785251960
|switch|p1a: Hatterene|Hatterene, L50, F|100/100
|move|p1b: Incineroar|Close Combat|p2b: Negreiron
|-supereffective|p2b: Negreiron|1
|-damage|p2b: Negreiron|43/100
|-unboost|p1b: Incineroar|def|1
|-unboost|p1b: Incineroar|spd|1
|move|p2a: Lucyfah|Wild Charge|p1a: Hatterene
|-damage|p1a: Hatterene|61/100
|-damage|p2a: Lucyfah|82/100|[from] Recoil
|move|p2b: Negreiron|Earth Power|p1b: Incineroar
|-supereffective|p1b: Incineroar|1
|-damage|p1b: Incineroar|21/100
|
|-heal|p1b: Incineroar|27/100|[from] item: Leftovers
|upkeep
|turn|3
|
|t:|1785251983
|move|p2b: Negreiron|Protect|p2b: Negreiron
|-singleturn|p2b: Negreiron|Protect
|move|p1a: Hatterene|Dazzling Gleam|p2a: Lucyfah|[spread] p2a
|-activate|p2b: Negreiron|move: Protect
|-damage|p2a: Lucyfah|47/100
|move|p1b: Incineroar|Parting Shot|p2a: Lucyfah
|-unboost|p2a: Lucyfah|atk|1
|-unboost|p2a: Lucyfah|spa|1
|
|t:|1785251994
|switch|p1b: Torkoal|Torkoal, L50, M|100/100|[from] Parting Shot
|-weather|SunnyDay|[from] ability: Drought|[of] p1b: Torkoal
|move|p2a: Lucyfah|Superpower|p1b: Torkoal
|-damage|p1b: Torkoal|83/100
|-unboost|p2a: Lucyfah|atk|1
|-unboost|p2a: Lucyfah|def|1
|
|-weather|SunnyDay|[upkeep]
|upkeep
|turn|4
|inactive|gio0314 has 30 seconds left.
|inactive|gio0314 has 20 seconds left.
|inactive|gio0314 has 15 seconds left.
|inactive|gio0314 has 10 seconds left.
|
|t:|1785252041
|move|p1b: Torkoal|Eruption|p2b: Negreiron|[spread] p2a,p2b
|-crit|p2a: Lucyfah
|-resisted|p2b: Negreiron|1
|-damage|p2a: Lucyfah|0 fnt
|-damage|p2b: Negreiron|10/100
|faint|p2a: Lucyfah
|move|p1a: Hatterene|Dazzling Gleam|p2b: Negreiron
|-supereffective|p2b: Negreiron|2
|-damage|p2b: Negreiron|0 fnt
|faint|p2b: Negreiron
|
|-weather|SunnyDay|[upkeep]
|upkeep
|
|t:|1785252050
|switch|p2a: Lukas|Lucario, L50, F|100/100
|switch|p2b: Like a rock|Lycanroc-Dusk, L50, M|100/100
|turn|5
|inactive|nagc_17 has 30 seconds left.
|
|t:|1785252077
|detailschange|p2a: Lukas|Lucario-Mega, L50, F
|-mega|p2a: Lukas|Lucario|Lucarionite
|move|p2a: Lukas|Protect|p2a: Lukas
|-singleturn|p2a: Lukas|Protect
|move|p2b: Like a rock|Accelerock|p1b: Torkoal
|-supereffective|p1b: Torkoal|1
|-damage|p1b: Torkoal|34/100
|-damage|p2b: Like a rock|90/100|[from] item: Life Orb
|move|p1b: Torkoal|Heat Wave|p2b: Like a rock|[spread] p2b
|-activate|p2a: Lukas|move: Protect
|-resisted|p2b: Like a rock|1
|-damage|p2b: Like a rock|52/100
|move|p1a: Hatterene|Psychic|p2b: Like a rock
|-damage|p2b: Like a rock|0 fnt
|faint|p2b: Like a rock
|
|-weather|SunnyDay|[upkeep]
|-fieldend|move: Trick Room
|upkeep
|turn|6
|inactive|nagc_17 has 30 seconds left.
|
|t:|1785252110
|switch|p1b: Incineroar|Incineroar, L50, F|27/100
|-ability|p1b: Incineroar|Intimidate|boost
|-unboost|p2a: Lukas|atk|1
|move|p2a: Lukas|Meteor Mash|p1a: Hatterene
|-supereffective|p1a: Hatterene|1
|-damage|p1a: Hatterene|0 fnt
|faint|p1a: Hatterene
|
|-weather|SunnyDay|[upkeep]
|-heal|p1b: Incineroar|33/100|[from] item: Leftovers
|upkeep
|
|t:|1785252122
|switch|p1a: Farigiraf|Farigiraf, L50, M|3/100
|turn|7
|
|t:|1785252147
|move|p2a: Lukas|Protect|p2a: Lukas
|-singleturn|p2a: Lukas|Protect
|move|p1b: Incineroar|Fake Out|p2a: Lukas
|-activate|p2a: Lukas|move: Protect
|move|p1a: Farigiraf|Trick Room|p1a: Farigiraf
|-fieldstart|move: Trick Room|[of] p1a: Farigiraf
|
|-weather|none
|-heal|p1b: Incineroar|39/100|[from] item: Leftovers
|upkeep
|turn|8
|
|t:|1785252165
|move|p1a: Farigiraf|Psychic Noise|p2a: Lukas
|-damage|p2a: Lukas|56/100
|-start|p2a: Lukas|move: Heal Block
|move|p1b: Incineroar|Close Combat|p2a: Lukas
|-supereffective|p2a: Lukas|1
|-damage|p2a: Lukas|0 fnt
|-unboost|p1b: Incineroar|def|1
|-unboost|p1b: Incineroar|spd|1
|faint|p2a: Lukas
|
|win|nagc_17
||gio0314 is ready for game 3.
|inactive|nagc_17 has 30 seconds to confirm battle start!
||nagc_17 is ready for game 3.
|uhtml|next|Next: Game 3 of 3
