|j|☆Gozante
|j|☆palle synchro
|html|Gozantepalle synchro    
|uhtml|bestof|Game 2 of a best-of-3
|t:|1754223684
|gametype|doubles
|player|p1|Gozante|265|1232
|player|p2|palle synchro|volkner|1233
|gen|9
|tier|[Gen 9] VGC 2025 Reg H (Bo3)
|rated|
|rule|Species Clause: Limit one of each Pokémon
|rule|Item Clause: Limit 1 of each item
|clearpoke
|poke|p1|Hatterene, L50, F|
|poke|p1|Indeedee-F, L50, F|
|poke|p1|Torkoal, L50, M|
|poke|p1|Ursaluna, L50, M|
|poke|p1|Gallade, L50, M|
|poke|p1|Lilligant-Hisui, L50, F|
|poke|p2|Whimsicott, L50, M|
|poke|p2|Arcanine-Hisui, L50, M|
|poke|p2|Indeedee, L50, M|
|poke|p2|Sneasler, L50, F|
|poke|p2|Ursaluna-Bloodmoon, L50, M|
|poke|p2|Archaludon, L50, F|
|teampreview|4
|showteam|p1|Hatterene||LifeOrb|MagicBounce|ExpandingForce,DazzlingGleam,Psychic,TrickRoom|||F|||50|,,,,,Psychic]Indeedee-F||PsychicSeed|PsychicSurge|Psychic,FollowMe,HelpingHand,TrickRoom|||F|||50|,,,,,Water]Torkoal||ChoiceSpecs|Drought|Eruption,HeatWave,EarthPower,WeatherBall|||M|||50|,,,,,Fire]Ursaluna||FlameOrb|Guts|Facade,Earthquake,HeadlongRush,Protect|||M|||50|,,,,,Ghost]Gallade||ClearAmulet|Sharpness|SacredSword,PsychoCut,WideGuard,TrickRoom|||M|||50|,,,,,Grass]Lilligant-Hisui||FocusSash|Chlorophyll|AfterYou,CloseCombat,SolarBlade,SleepPowder|||F|||50|,,,,,Ghost
|showteam|p2|Whimsicott||CovertCloak|Prankster|Moonblast,Taunt,Tailwind,FakeTears|||M|||50|,,,,,Water]Arcanine-Hisui||ClearAmulet|Intimidate|FlareBlitz,RockBlast,HeadSmash,Protect|||M|||50|,,,,,Ghost]Indeedee||FocusSash|PsychicSurge|ExpandingForce,TeraBlast,Imprison,TrickRoom|||M|||50|,,,,,Psychic]Sneasler||PsychicSeed|Unburden|CloseCombat,DireClaw,ThroatChop,Protect|||F|||50|,,,,,Dark]Ursaluna-Bloodmoon||LifeOrb|MindsEye|HyperVoice,BloodMoon,EarthPower,Protect|||M|||50|,,,,,Normal]Archaludon||PowerHerb|Sturdy|ElectroShot,DragonPulse,Thunderbolt,Protect|||F|||50|,,,,,Electric
|inactive|Battle timer is ON: inactive players will automatically lose when time's up. (requested by palle synchro)
|
|t:|1754223693
|teamsize|p1|4
|teamsize|p2|4
|start
|switch|p1a: Lilligant|Lilligant-Hisui, L50, F|100/100
|switch|p1b: Torkoal|Torkoal, L50, M|100/100
|switch|p2a: Indeedee|Indeedee, L50, M|100/100
|switch|p2b: Sneasler|Sneasler, L50, F|100/100
|-fieldstart|move: Psychic Terrain|[from] ability: Psychic Surge|[of] p2a: Indeedee
|-enditem|p2b: Sneasler|Psychic Seed
|-boost|p2b: Sneasler|spd|1|[from] item: Psychic Seed
|-weather|SunnyDay|[from] ability: Drought|[of] p1b: Torkoal
|turn|1
|
|t:|1754223698
|-terastallize|p2a: Indeedee|Psychic
|move|p2b: Sneasler|Dire Claw|p1a: Lilligant
|-supereffective|p1a: Lilligant
|-enditem|p1a: Lilligant|Focus Sash
|-damage|p1a: Lilligant|1/100
|move|p1a: Lilligant|Sleep Powder|p2a: Indeedee
|-status|p2a: Indeedee|slp|[from] move: Sleep Powder
|cant|p2a: Indeedee|slp
|move|p1b: Torkoal|Heat Wave|p2a: Indeedee|[spread] p2b
|-miss|p1b: Torkoal|p2a: Indeedee
|-damage|p2b: Sneasler|31/100
|
|-weather|SunnyDay|[upkeep]
|upkeep
|turn|2
|l|☆Gozante
|inactive|Gozante disconnected and has a minute to reconnect!
|player|p1|
|inactive|Gozante has 30 seconds left.
|j|☆Gozante
|inactive|Gozante reconnected and has 25 seconds left.
|player|p1|Gozante|265|
|inactive|Gozante has 20 seconds left.
|inactive|Gozante has 15 seconds left.
|
|t:|1754223740
|move|p2b: Sneasler|Dire Claw|p1a: Lilligant
|-supereffective|p1a: Lilligant
|-damage|p1a: Lilligant|0 fnt
|faint|p1a: Lilligant
|cant|p2a: Indeedee|slp
|move|p1b: Torkoal|Heat Wave|p2b: Sneasler|[spread] p2a,p2b
|-damage|p2a: Indeedee|12/100 slp
|-damage|p2b: Sneasler|0 fnt
|faint|p2b: Sneasler
|
|-weather|SunnyDay|[upkeep]
|upkeep
|
|t:|1754223753
|switch|p2b: Ursaluna|Ursaluna-Bloodmoon, L50, M|100/100
|switch|p1a: Gallade|Gallade, L50, M|100/100
|turn|3
|
|t:|1754223760
|move|p1a: Gallade|Wide Guard|p1a: Gallade
|-singleturn|p1a: Gallade|Wide Guard
|-curestatus|p2a: Indeedee|slp|[msg]
|move|p2a: Indeedee|Expanding Force|p1a: Gallade|[spread] 
|-activate|p1a: Gallade|move: Wide Guard
|-activate|p1b: Torkoal|move: Wide Guard
|move|p2b: Ursaluna|Earth Power|p1b: Torkoal
|-supereffective|p1b: Torkoal
|-damage|p1b: Torkoal|0 fnt
|faint|p1b: Torkoal
|-damage|p2b: Ursaluna|91/100|[from] item: Life Orb
|
|-weather|SunnyDay|[upkeep]
|upkeep
|
|t:|1754223768
|switch|p1b: Hatterene|Hatterene, L50, F|100/100
|turn|4
|
|t:|1754223785
|move|p2a: Indeedee|Imprison|p2a: Indeedee
|-start|p2a: Indeedee|move: Imprison
|move|p2b: Ursaluna|Blood Moon|p1b: Hatterene
|-damage|p1b: Hatterene|0 fnt
|faint|p1b: Hatterene
|-damage|p2b: Ursaluna|81/100|[from] item: Life Orb
|move|p1a: Gallade|Sacred Sword|p2b: Ursaluna
|-supereffective|p2b: Ursaluna
|-damage|p2b: Ursaluna|0 fnt
|faint|p2b: Ursaluna
|
|-weather|SunnyDay|[upkeep]
|upkeep
|
|t:|1754223791
|switch|p2b: Arcanine|Arcanine-Hisui, L50, M|100/100
|-ability|p2b: Arcanine|Intimidate|boost
|-fail|p1a: Gallade|unboost|[from] item: Clear Amulet|[of] p1a: Gallade
|turn|5
|
|t:|1754223797
|move|p2a: Indeedee|Expanding Force|p1a: Gallade
|-damage|p1a: Gallade|21/100
|move|p2b: Arcanine|Flare Blitz|p1a: Gallade
|-damage|p1a: Gallade|0 fnt
|faint|p1a: Gallade
|-damage|p2b: Arcanine|93/100|[from] Recoil
|
|win|palle synchro
|raw|Gozante's rating: 1232 → 1207(-25 for losing)
|raw|palle synchro's rating: 1233 → 1258(+25 for winning)
