|j|☆Ethan's Bleakmiss
|j|☆LazyTurtle69
|html|Ethan's BleakmissLazyTurtle69    
|uhtml|bestof|Game 2 of a best-of-3
|t:|1784731542
|gametype|doubles
|player|p1|Ethan's Bleakmiss|unknown|1085
|player|p2|LazyTurtle69|buck|1108
|gen|9
|tier|[Gen 9 Champions] VGC 2026 Reg M-B (Bo3)
|rated|
|rule|Species Clause: Limit one of each Pokémon
|rule|Item Clause: Limit 1 of each item
|clearpoke
|poke|p1|Blaziken, L50, M|
|poke|p1|Ninetales-Alola, L50, F|
|poke|p1|Kingambit, L50, M|
|poke|p1|Lycanroc-Dusk, L50, F, shiny|
|poke|p1|Venusaur, L50, F, shiny|
|poke|p1|Clefable, L50, F, shiny|
|poke|p2|Slowking, L50, F|
|poke|p2|Drampa, L50, M|
|poke|p2|Mudsdale, L50, M|
|poke|p2|Farigiraf, L50, M|
|poke|p2|Tinkaton, L50, F|
|poke|p2|Crabominable, L50, M|
|teampreview|4
|showteam|p1|Blaziken||Blazikenite|SpeedBoost|CloseCombat,FlareBlitz,StoneEdge,Detect|Adamant||M|||50|]Ninetales-Alola||NeverMeltIce|SnowWarning|Blizzard,FreezeDry,Encore,Protect|Timid||F|||50|]Kingambit||LifeOrb|Defiant|SuckerPunch,KowtowCleave,IronHead,Protect|Adamant||M|||50|]Lycanroc-Dusk||FocusSash|ToughClaws|Accelerock,SwordsDance,Protect,RockSlide|Jolly||F|||50|]Venusaur||Venusaurite|Chlorophyll|SleepPowder,EnergyBall,SludgeBomb,Protect|Modest||F|||50|]Clefable||SitrusBerry|MagicGuard|Protect,FollowMe,HelpingHand,Moonblast|Bold||F|||50|
|showteam|p2|Slowking||FocusSash|Oblivious|Swagger,TrickRoom,HealPulse,Psychic|Sassy||F|||50|]Drampa||Drampanite|Berserk|HyperVoice,DragonPulse,Protect,EarthPower|Modest||M|||50|]Mudsdale||PasshoBerry|OwnTempo|RockSlide,Protect,HighHorsepower,BodySlam|Sassy||M|||50|]Farigiraf||ColburBerry|ArmorTail|HelpingHand,TrickRoom,DazzlingGleam,AllySwitch|Sassy||M|||50|]Tinkaton||ShucaBerry|OwnTempo|FakeOut,GigatonHammer,PlayRough,BrickBreak|Relaxed||F|||50|]Crabominable||Crabominite|HyperCutter|ThunderPunch,DrainPunch,IceHammer,Protect|Adamant||M|||50|
|inactive|Battle timer is ON: inactive players will automatically lose when time's up. (requested by Ethan's Bleakmiss)
|inactive|LazyTurtle69 also wants the timer to be on.
|inactive|Ethan's Bleakmiss has 60 seconds left.
|inactive|Ethan's Bleakmiss has 30 seconds left.
|
|t:|1784731606
|teamsize|p1|4
|teamsize|p2|4
|start
|switch|p1a: Clefable|Clefable, L50, F, shiny|100/100
|switch|p1b: Kingambit|Kingambit, L50, M|100/100
|switch|p2a: Mudsdale|Mudsdale, L50, M|100/100
|switch|p2b: Slowking|Slowking, L50, F|100/100
|turn|1
|
|t:|1784731625
|move|p1a: Clefable|Moonblast|p2b: Slowking
|-damage|p2b: Slowking|78/100
|move|p1b: Kingambit|Kowtow Cleave|p2b: Slowking
|-supereffective|p2b: Slowking|1
|-damage|p2b: Slowking|0 fnt
|faint|p2b: Slowking
|-damage|p1b: Kingambit|90/100|[from] item: Life Orb
|move|p2a: Mudsdale|High Horsepower|p1b: Kingambit
|-supereffective|p1b: Kingambit|1
|-damage|p1b: Kingambit|28/100
|
|upkeep
|
|t:|1784731639
|switch|p2b: Crabominable|Crabominable, L50, M|100/100
|turn|2
|
|t:|1784731653
|move|p2b: Crabominable|Protect|p2b: Crabominable
|-singleturn|p2b: Crabominable|Protect
|move|p1a: Clefable|Follow Me|p1a: Clefable
|-singleturn|p1a: Clefable|move: Follow Me
|move|p1b: Kingambit|Iron Head|p2b: Crabominable
|-activate|p2b: Crabominable|move: Protect
|move|p2a: Mudsdale|High Horsepower|p1a: Clefable
|-damage|p1a: Clefable|68/100
|
|upkeep
|turn|3
|
|t:|1784731669
|detailschange|p2b: Crabominable|Crabominable-Mega, L50, M
|-mega|p2b: Crabominable|Crabominable|Crabominite
|move|p1a: Clefable|Follow Me|p1a: Clefable
|-singleturn|p1a: Clefable|move: Follow Me
|move|p1b: Kingambit|Iron Head|p2b: Crabominable
|-supereffective|p2b: Crabominable|1
|-damage|p2b: Crabominable|1/100
|-damage|p1b: Kingambit|18/100|[from] item: Life Orb
|move|p2b: Crabominable|Ice Hammer|p1a: Clefable
|-damage|p1a: Clefable|0 fnt
|-unboost|p2b: Crabominable|spe|1
|faint|p1a: Clefable
|move|p2a: Mudsdale|High Horsepower|p1b: Kingambit
|-supereffective|p1b: Kingambit|1
|-damage|p1b: Kingambit|0 fnt
|faint|p1b: Kingambit
|
|upkeep
|
|t:|1784731683
|switch|p1a: Blaziken|Blaziken, L50, M|100/100
|switch|p1b: Lycanroc|Lycanroc-Dusk, L50, F, shiny|100/100
|turn|4
|
|t:|1784731699
|detailschange|p1a: Blaziken|Blaziken-Mega, L50, M
|-mega|p1a: Blaziken|Blaziken|Blazikenite
|move|p2b: Crabominable|Protect|p2b: Crabominable
|-singleturn|p2b: Crabominable|Protect
|move|p1b: Lycanroc|Rock Slide|p2a: Mudsdale|[spread] p2a
|-activate|p2b: Crabominable|move: Protect
|-resisted|p2a: Mudsdale|1
|-damage|p2a: Mudsdale|91/100
|move|p1a: Blaziken|Close Combat|p2a: Mudsdale
|-damage|p2a: Mudsdale|35/100
|-unboost|p1a: Blaziken|def|1
|-unboost|p1a: Blaziken|spd|1
|cant|p2a: Mudsdale|flinch
|
|-ability|p1a: Blaziken|Speed Boost|boost
|-boost|p1a: Blaziken|spe|1
|upkeep
|turn|5
|inactive|Ethan's Bleakmiss has 30 seconds left.
|
|t:|1784731726
|move|p2a: Mudsdale|Protect|p2a: Mudsdale
|-singleturn|p2a: Mudsdale|Protect
|move|p1b: Lycanroc|Accelerock|p2b: Crabominable
|-damage|p2b: Crabominable|0 fnt
|faint|p2b: Crabominable
|move|p1a: Blaziken|Close Combat|p2a: Mudsdale
|-activate|p2a: Mudsdale|move: Protect
|
|-ability|p1a: Blaziken|Speed Boost|boost
|-boost|p1a: Blaziken|spe|1
|upkeep
|
|t:|1784731738
|switch|p2b: Drampa|Drampa, L50, M|100/100
|turn|6
|
|t:|1784731747
|move|p2b: Drampa|Protect|p2b: Drampa
|-singleturn|p2b: Drampa|Protect
|move|p1a: Blaziken|Close Combat|p2a: Mudsdale
|-damage|p2a: Mudsdale|0 fnt
|-unboost|p1a: Blaziken|def|1
|-unboost|p1a: Blaziken|spd|1
|faint|p2a: Mudsdale
|move|p1b: Lycanroc|Swords Dance|p1b: Lycanroc
|-boost|p1b: Lycanroc|atk|2
|
|-ability|p1a: Blaziken|Speed Boost|boost
|-boost|p1a: Blaziken|spe|1
|upkeep
|turn|7
|c|☆LazyTurtle69|F ag
|-message|LazyTurtle69 forfeited.
|raw|Ethan's Bleakmiss's rating: 1085 → 1114(+29 for winning)
|raw|LazyTurtle69's rating: 1108 → 1081(-27 for losing)
|
|win|Ethan's Bleakmiss
