|j|вҳҶplatanoso
|j|вҳҶMetaphorCrazyMonk
|html|platanosoMetaphorCrazyMonk    
|uhtml|bestof|Game 1 of a best-of-3
|t:|1785960685
|gametype|doubles
|player|p1|platanoso|madame-gen4|1243
|player|p2|MetaphorCrazyMonk|2|1351
|gen|9
|tier|[Gen 9 Champions] VGC 2026 Reg M-B (Bo3)
|rated|
|rule|Species Clause: Limit one of each PokГ©mon
|rule|Item Clause: Limit 1 of each item
|clearpoke
|poke|p1|Floette-Eternal, L50, F|
|poke|p1|Sneasler, L50, F|
|poke|p1|Incineroar, L50, M|
|poke|p1|Sinistcha, L50|
|poke|p1|Delphox, L50, M|
|poke|p1|Garchomp, L50, F|
|poke|p2|Tyranitar, L50, M|
|poke|p2|Excadrill, L50, M, shiny|
|poke|p2|Sneasler, L50, M|
|poke|p2|Delphox, L50, F|
|poke|p2|Incineroar, L50, M|
|poke|p2|Sinistcha, L50|
|teampreview|4
|showteam|p1|Floette-Eternal||Floettite|FlowerVeil|DazzlingGleam,DrainingKiss,CalmMind,Protect|Modest||F|||50|]Sneasler||FocusSash|PoisonTouch|CloseCombat,PoisonJab,FakeOut,Protect|Jolly||F|||50|]Incineroar||SitrusBerry|Intimidate|FlareBlitz,DarkestLariat,PartingShot,FakeOut|Impish||M|||50|]Sinistcha||OccaBerry|Hospitality|MatchaGotcha,RagePowder,TrickRoom,Protect|Bold|||||50|]Delphox||Delphoxite|Blaze|Psychic,HeatWave,NastyPlot,Protect|Timid||M|||50|]Garchomp||ChoiceScarf|RoughSkin|DragonClaw,StompingTantrum,Earthquake,RockSlide|Adamant||F|||50|
|showteam|p2|Tyranitar||Tyranitarite|SandStream|RockSlide,KnockOff,DragonDance,Protect|Jolly||M|||50|]Excadrill||FocusSash|SandRush|HighHorsepower,IronHead,RockSlide,Protect|Adamant||M|||50|]Sneasler||WhiteHerb|Unburden|CloseCombat,DireClaw,FakeOut,Coaching|Jolly||M|||50|]Delphox||Delphoxite|Blaze|HeatWave,Psychic,NastyPlot,Protect|Timid||F|||50|]Incineroar||SitrusBerry|Intimidate|FlareBlitz,ThroatChop,FakeOut,PartingShot|Impish||M|||50|]Sinistcha||ColburBerry|Hospitality|MatchaGotcha,RagePowder,TrickRoom,Protect|Bold|||||50|
|inactive|Battle timer is ON: inactive players will automatically lose when time's up. (requested by platanoso)
|j| ImKaiDoh
|
|t:|1785960791
|teamsize|p1|4
|teamsize|p2|4
|start
|switch|p1a: Incineroar|Incineroar, L50, M|100/100
|switch|p1b: Delphox|Delphox, L50, M|100/100
|switch|p2a: pizia|Delphox, L50, F|100/100
|switch|p2b: b.alario|Incineroar, L50, M|100/100
|-ability|p2b: b.alario|Intimidate|boost
|-unboost|p1a: Incineroar|atk|1
|-unboost|p1b: Delphox|atk|1
|-ability|p1a: Incineroar|Intimidate|boost
|-unboost|p2a: pizia|atk|1
|-unboost|p2b: b.alario|atk|1
|turn|1
|l| ImKaiDoh
|
|t:|1785960810
|detailschange|p2a: pizia|Delphox-Mega, L50, F
|-mega|p2a: pizia|Delphox|Delphoxite
|detailschange|p1b: Delphox|Delphox-Mega, L50, M
|-mega|p1b: Delphox|Delphox|Delphoxite
|move|p2b: b.alario|Fake Out|p1b: Delphox
|-damage|p1b: Delphox|90/100
|move|p2a: pizia|Nasty Plot|p2a: pizia
|-boost|p2a: pizia|spa|2
|cant|p1b: Delphox|flinch
|move|p1a: Incineroar|Parting Shot|p2a: pizia
|-unboost|p2a: pizia|atk|1
|-unboost|p2a: pizia|spa|1
|
|t:|1785960824
|switch|p1a: Sinistcha|Sinistcha, L50|100/100|[from] Parting Shot
|-heal|p1b: Delphox|100/100|[from] ability: Hospitality|[of] p1a: Sinistcha
|
|upkeep
|turn|2
|
|t:|1785960842
|switch|p1a: Incineroar|Incineroar, L50, M|100/100
|-ability|p1a: Incineroar|Intimidate|boost
|-unboost|p2a: pizia|atk|1
|-unboost|p2b: b.alario|atk|1
|move|p1b: Delphox|Protect|p1b: Delphox
|-singleturn|p1b: Delphox|Protect
|move|p2a: pizia|Nasty Plot|p2a: pizia
|-boost|p2a: pizia|spa|2
|move|p2b: b.alario|Parting Shot|p1b: Delphox
|-activate|p1b: Delphox|move: Protect
|
|upkeep
|turn|3
|inactive|platanoso has 30 seconds left.
|
|t:|1785960870
|switch|p2b: quando provo|Tyranitar, L50, M|100/100
|-weather|Sandstorm|[from] ability: Sand Stream|[of] p2b: quando provo
|move|p2a: pizia|Protect|p2a: pizia
|-singleturn|p2a: pizia|Protect
|move|p1b: Delphox|Heat Wave|p2b: quando provo|[spread] p2b
|-activate|p2a: pizia|move: Protect
|-resisted|p2b: quando provo|1
|-damage|p2b: quando provo|89/100
|move|p1a: Incineroar|Darkest Lariat|p2a: pizia
|-activate|p2a: pizia|move: Protect
|
|-weather|Sandstorm|[upkeep]
|-damage|p2a: pizia|93/100|[from] Sandstorm
|-damage|p1b: Delphox|93/100|[from] Sandstorm
|-damage|p1a: Incineroar|94/100|[from] Sandstorm
|upkeep
|turn|4
|inactive|platanoso has 30 seconds left.
|
|t:|1785960898
|switch|p1b: Sinistcha|Sinistcha, L50|100/100
|-heal|p1a: Incineroar|100/100|[from] ability: Hospitality|[of] p1b: Sinistcha
|move|p2a: pizia|Heat Wave|p1a: Incineroar|[spread] p1a,p1b
|-resisted|p1a: Incineroar|1
|-supereffective|p1b: Sinistcha|1
|-enditem|p1b: Sinistcha|Occa Berry|[eat]
|-enditem|p1b: Sinistcha|Occa Berry|[weaken]
|-damage|p1a: Incineroar|52/100
|-damage|p1b: Sinistcha|0 fnt
|faint|p1b: Sinistcha
|move|p2b: quando provo|Rock Slide|p1a: Incineroar
|-supereffective|p1a: Incineroar|1
|-damage|p1a: Incineroar|2/100
|-enditem|p1a: Incineroar|Sitrus Berry|[eat]
|-heal|p1a: Incineroar|27/100|[from] item: Sitrus Berry
|move|p1a: Incineroar|Darkest Lariat|p2a: pizia
|-supereffective|p2a: pizia|1
|-damage|p2a: pizia|0 fnt
|faint|p2a: pizia
|
|-weather|Sandstorm|[upkeep]
|-damage|p1a: Incineroar|21/100|[from] Sandstorm
|upkeep
|
|t:|1785960918
|switch|p2a: b.alario|Incineroar, L50, M|100/100
|switch|p1b: Sneasler|Sneasler, L50, F|100/100
|-ability|p2a: b.alario|Intimidate|boost
|-unboost|p1a: Incineroar|atk|1
|-unboost|p1b: Sneasler|atk|1
|turn|5
|inactive|MetaphorCrazyMonk has 30 seconds left.
|
|t:|1785960954
|switch|p2b: las brulГЁ|Sinistcha, L50|100/100
|switch|p1a: Delphox|Delphox-Mega, L50, M|93/100
|move|p1b: Sneasler|Fake Out|p2a: b.alario
|-damage|p2a: b.alario|93/100
|cant|p2a: b.alario|flinch
|
|-weather|Sandstorm|[upkeep]
|-damage|p1a: Delphox|87/100|[from] Sandstorm
|-damage|p1b: Sneasler|94/100|[from] Sandstorm
|-damage|p2b: las brulГЁ|93/100|[from] Sandstorm
|-damage|p2a: b.alario|87/100|[from] Sandstorm
|upkeep
|turn|6
|inactive|MetaphorCrazyMonk has 30 seconds left.
|
|t:|1785960981
|move|p2b: las brulГЁ|Protect|p2b: las brulГЁ
|-singleturn|p2b: las brulГЁ|Protect
|move|p1a: Delphox|Heat Wave|p2b: las brulГЁ|[spread] p2a
|-activate|p2b: las brulГЁ|move: Protect
|-resisted|p2a: b.alario|1
|-damage|p2a: b.alario|70/100
|move|p1b: Sneasler|Close Combat|p2a: b.alario
|-supereffective|p2a: b.alario|1
|-damage|p2a: b.alario|6/100
|-unboost|p1b: Sneasler|def|1
|-unboost|p1b: Sneasler|spd|1
|-enditem|p2a: b.alario|Sitrus Berry|[eat]
|-heal|p2a: b.alario|31/100|[from] item: Sitrus Berry
|move|p2a: b.alario|Parting Shot|p1a: Delphox
|-unboost|p1a: Delphox|atk|1
|-unboost|p1a: Delphox|spa|1
|
|t:|1785960992
|switch|p2a: quando provo|Tyranitar, L50, M|89/100|[from] Parting Shot
|
|-weather|Sandstorm|[upkeep]
|-damage|p1a: Delphox|81/100|[from] Sandstorm
|-damage|p1b: Sneasler|88/100|[from] Sandstorm
|-damage|p2b: las brulГЁ|87/100|[from] Sandstorm
|upkeep
|turn|7
|
|t:|1785961007
|switch|p1a: Incineroar|Incineroar, L50, M|21/100
|-ability|p1a: Incineroar|Intimidate|boost
|-unboost|p2a: quando provo|atk|1
|-unboost|p2b: las brulГЁ|atk|1
|move|p1b: Sneasler|Protect|p1b: Sneasler
|-singleturn|p1b: Sneasler|Protect
|move|p2b: las brulГЁ|Rage Powder|p2b: las brulГЁ
|-singleturn|p2b: las brulГЁ|move: Rage Powder
|move|p2a: quando provo|Dragon Dance|p2a: quando provo
|-boost|p2a: quando provo|atk|1
|-boost|p2a: quando provo|spe|1
|
|-weather|none
|upkeep
|turn|8
|inactive|platanoso has 30 seconds left.
|inactive|platanoso has 20 seconds left.
|inactive|MetaphorCrazyMonk has 30 seconds left.
|inactive|platanoso has 15 seconds left.
|inactive|MetaphorCrazyMonk has 20 seconds left.
|inactive|platanoso has 10 seconds left.
|inactive|MetaphorCrazyMonk has 15 seconds left.
|
|t:|1785961066
|move|p2b: las brulГЁ|Rage Powder|p2b: las brulГЁ
|-singleturn|p2b: las brulГЁ|move: Rage Powder
|move|p1b: Sneasler|Close Combat|p2b: las brulГЁ
|-immune|p2b: las brulГЁ
|move|p2a: quando provo|Rock Slide|p1a: Incineroar|[spread] p1a,p1b
|-supereffective|p1a: Incineroar|1
|-resisted|p1b: Sneasler|1
|-damage|p1a: Incineroar|0 fnt
|-damage|p1b: Sneasler|56/100
|faint|p1a: Incineroar
|
|upkeep
|
|t:|1785961072
|switch|p1a: Delphox|Delphox-Mega, L50, M|81/100
|turn|9
|
|t:|1785961085
|move|p2b: las brulГЁ|Rage Powder|p2b: las brulГЁ
|-singleturn|p2b: las brulГЁ|move: Rage Powder
|move|p1a: Delphox|Heat Wave|p2a: quando provo|[spread] p2a,p2b
|-resisted|p2a: quando provo|1
|-supereffective|p2b: las brulГЁ|1
|-damage|p2a: quando provo|73/100
|-damage|p2b: las brulГЁ|9/100
|move|p1b: Sneasler|Close Combat|p2b: las brulГЁ
|-immune|p2b: las brulГЁ
|move|p2a: quando provo|Knock Off|p1a: Delphox
|-supereffective|p1a: Delphox|1
|-damage|p1a: Delphox|15/100
|
|upkeep
|turn|10
|inactive|MetaphorCrazyMonk has 30 seconds left.
|inactive|MetaphorCrazyMonk has 20 seconds left.
|
|t:|1785961124
|move|p2a: quando provo|Protect|p2a: quando provo
|-singleturn|p2a: quando provo|Protect
|move|p1a: Delphox|Psychic|p2b: las brulГЁ
|-damage|p2b: las brulГЁ|0 fnt
|faint|p2b: las brulГЁ
|move|p1b: Sneasler|Close Combat|p2a: quando provo
|-activate|p2a: quando provo|move: Protect
|
|upkeep
|
|t:|1785961129
|switch|p2b: b.alario|Incineroar, L50, M|31/100
|-ability|p2b: b.alario|Intimidate|boost
|-unboost|p1a: Delphox|atk|1
|-unboost|p1b: Sneasler|atk|1
|turn|11
|
|t:|1785961145
|move|p2b: b.alario|Fake Out|p1b: Sneasler
|-damage|p1b: Sneasler|31/100
|move|p1a: Delphox|Heat Wave|p2b: b.alario|[spread] p2b
|-miss|p1a: Delphox|p2a: quando provo
|-resisted|p2b: b.alario|1
|-crit|p2b: b.alario
|-damage|p2b: b.alario|6/100
|cant|p1b: Sneasler|flinch
|move|p2a: quando provo|Dragon Dance|p2a: quando provo
|-boost|p2a: quando provo|atk|1
|-boost|p2a: quando provo|spe|1
|
|upkeep
|turn|12
|inactive|MetaphorCrazyMonk has 30 seconds left.
|inactive|MetaphorCrazyMonk has 20 seconds left.
|inactive|MetaphorCrazyMonk has 15 seconds left.
|
|t:|1785961190
|move|p2a: quando provo|Knock Off|p1b: Sneasler
|-resisted|p1b: Sneasler|1
|-damage|p1b: Sneasler|0 fnt
|-enditem|p1b: Sneasler|Focus Sash|[from] move: Knock Off|[of] p2a: quando provo
|faint|p1b: Sneasler
|move|p1a: Delphox|Heat Wave|p2b: b.alario|[spread] p2a,p2b
|-resisted|p2a: quando provo|1
|-resisted|p2b: b.alario|1
|-damage|p2a: quando provo|55/100
|-damage|p2b: b.alario|0 fnt
|faint|p2b: b.alario
|
|upkeep
|turn|13
|
|t:|1785961196
|move|p2a: quando provo|Knock Off|p1a: Delphox
|-supereffective|p1a: Delphox|1
|-damage|p1a: Delphox|0 fnt
|faint|p1a: Delphox
|
|win|MetaphorCrazyMonk
||platanoso is ready for game 2.
||MetaphorCrazyMonk is ready for game 2.
|uhtml|next|Next: Game 2 of 3
