|j|☆mokuzz
|j|☆Lolgorilla
|html|mokuzzLolgorilla    
|uhtml|bestof|Game 2 of a best-of-3
|t:|1785080390
|gametype|doubles
|player|p1|mokuzz|skierf|1081
|player|p2|Lolgorilla|266|1164
|gen|9
|tier|[Gen 9 Champions] VGC 2026 Reg M-B (Bo3)
|rated|
|rule|Species Clause: Limit one of each Pokémon
|rule|Item Clause: Limit 1 of each item
|clearpoke
|poke|p1|Delphox, L50, M|
|poke|p1|Sylveon, L50, M|
|poke|p1|Incineroar, L50, M|
|poke|p1|Scovillain, L50, M|
|poke|p1|Sinistcha, L50|
|poke|p1|Garchomp, L50, F|
|poke|p2|Tyranitar, L50, M|
|poke|p2|Gardevoir, L50, M|
|poke|p2|Gyarados, L50, F|
|poke|p2|Excadrill, L50, F|
|poke|p2|Sinistcha, L50|
|poke|p2|Rotom-Heat, L50|
|teampreview|4
|showteam|p1|Delphox||Delphoxite|Blaze|HeatWave,Psyshock,NastyPlot,Protect|Timid||M|||50|]Sylveon||Leftovers|Pixilate|HyperVoice,Moonblast,CalmMind,Detect|Bold||M|||50|]Incineroar||SitrusBerry|Intimidate|ThroatChop,FlareBlitz,PartingShot,FakeOut|Adamant||M|||50|]Scovillain||Scovillainite|Moody|GigaDrain,Flamethrower,RagePowder,Protect|Calm||M|||50|]Sinistcha||ColburBerry|Hospitality|MatchaGotcha,RagePowder,LifeDew,TrickRoom|Sassy|||||50|]Garchomp||LifeOrb|SandVeil|RockSlide,DragonClaw,StompingTantrum,Protect|Jolly||F|||50|
|showteam|p2|Tyranitar||Tyranitarite|SandStream|RockSlide,Crunch,Protect,DragonDance|Jolly||M|||50|]Gardevoir||Gardevoirite|Telepathy|Psyshock,HyperVoice,CalmMind,Protect|Modest||M|||50|]Gyarados||Leftovers|Intimidate|Waterfall,ThunderWave,Taunt,Protect|Careful||F|||50|]Excadrill||FocusSash|SandRush|IronHead,Earthquake,HighHorsepower,Protect|Jolly||F|||50|]Sinistcha||SitrusBerry|Hospitality|MatchaGotcha,ShadowBall,RagePowder,TrickRoom|Modest|||||50|]Rotom-Heat||ChoiceScarf|Levitate|Overheat,Thunderbolt,VoltSwitch,Discharge|Timid|||||50|
|inactive|Battle timer is ON: inactive players will automatically lose when time's up. (requested by Lolgorilla)
|
|t:|1785080415
|teamsize|p1|4
|teamsize|p2|4
|start
|switch|p1a: Sylveon|Sylveon, L50, M|100/100
|switch|p1b: Incineroar|Incineroar, L50, M|100/100
|switch|p2a: Tyranitar|Tyranitar, L50, M|100/100
|switch|p2b: Rotom|Rotom-Heat, L50|100/100
|-weather|Sandstorm|[from] ability: Sand Stream|[of] p2a: Tyranitar
|-ability|p1b: Incineroar|Intimidate|boost
|-unboost|p2a: Tyranitar|atk|1
|-unboost|p2b: Rotom|atk|1
|turn|1
|
|t:|1785080438
|detailschange|p2a: Tyranitar|Tyranitar-Mega, L50, M
|-mega|p2a: Tyranitar|Tyranitar|Tyranitarite
|move|p1b: Incineroar|Fake Out|p2b: Rotom
|-damage|p2b: Rotom|85/100
|cant|p2b: Rotom|flinch
|move|p2a: Tyranitar|Dragon Dance|p2a: Tyranitar
|-boost|p2a: Tyranitar|atk|1
|-boost|p2a: Tyranitar|spe|1
|move|p1a: Sylveon|Calm Mind|p1a: Sylveon
|-boost|p1a: Sylveon|spa|1
|-boost|p1a: Sylveon|spd|1
|
|-weather|Sandstorm|[upkeep]
|-damage|p2b: Rotom|79/100|[from] Sandstorm
|-damage|p1a: Sylveon|93/100|[from] Sandstorm
|-damage|p1b: Incineroar|94/100|[from] Sandstorm
|-heal|p1a: Sylveon|100/100|[from] item: Leftovers
|upkeep
|turn|2
|inactive|mokuzz has 30 seconds left.
|
|t:|1785080465
|move|p2b: Rotom|Volt Switch|p1b: Incineroar
|-damage|p1b: Incineroar|68/100
|
|t:|1785080488
|switch|p2b: Excadrill|Excadrill, L50, F|100/100|[from] Volt Switch
|move|p2a: Tyranitar|Rock Slide|p1a: Sylveon|[spread] p1a,p1b
|-supereffective|p1b: Incineroar|1
|-damage|p1a: Sylveon|68/100
|-damage|p1b: Incineroar|14/100
|-enditem|p1b: Incineroar|Sitrus Berry|[eat]
|-heal|p1b: Incineroar|39/100|[from] item: Sitrus Berry
|cant|p1a: Sylveon|flinch
|move|p1b: Incineroar|Parting Shot|p2a: Tyranitar
|-unboost|p2a: Tyranitar|atk|1
|-unboost|p2a: Tyranitar|spa|1
|
|t:|1785080501
|switch|p1b: Sinistcha|Sinistcha, L50|100/100|[from] Parting Shot
|-heal|p1a: Sylveon|93/100|[from] ability: Hospitality|[of] p1b: Sinistcha
|
|-weather|Sandstorm|[upkeep]
|-damage|p1a: Sylveon|87/100|[from] Sandstorm
|-damage|p1b: Sinistcha|93/100|[from] Sandstorm
|-heal|p1a: Sylveon|93/100|[from] item: Leftovers
|upkeep
|turn|3
|inactive|mokuzz has 30 seconds left.
|
|t:|1785080527
|switch|p2a: Rotom|Rotom-Heat, L50|79/100
|move|p1a: Sylveon|Detect|p1a: Sylveon
|-singleturn|p1a: Sylveon|Protect
|move|p2b: Excadrill|Earthquake|p1b: Sinistcha|[spread] p1b
|-activate|p1a: Sylveon|move: Protect
|-immune|p2a: Rotom|[from] ability: Levitate
|-resisted|p1b: Sinistcha|1
|-damage|p1b: Sinistcha|75/100
|move|p1b: Sinistcha|Trick Room|p1b: Sinistcha
|-fieldstart|move: Trick Room|[of] p1b: Sinistcha
|
|-weather|Sandstorm|[upkeep]
|-damage|p1b: Sinistcha|69/100|[from] Sandstorm
|-damage|p1a: Sylveon|87/100|[from] Sandstorm
|-damage|p2a: Rotom|73/100|[from] Sandstorm
|-heal|p1a: Sylveon|93/100|[from] item: Leftovers
|upkeep
|turn|4
|inactive|mokuzz has 30 seconds left.
|inactive|mokuzz has 20 seconds left.
|inactive|mokuzz has 15 seconds left.
|inactive|mokuzz has 10 seconds left.
|
|t:|1785080572
|switch|p1b: Garchomp|Garchomp, L50, F|100/100
|move|p1a: Sylveon|Hyper Voice|p2a: Rotom|[spread] p2a,p2b
|-resisted|p2a: Rotom|1
|-resisted|p2b: Excadrill|1
|-damage|p2a: Rotom|46/100
|-damage|p2b: Excadrill|68/100
|move|p2a: Rotom|Overheat|p1b: Garchomp|[miss]
|-miss|p2a: Rotom|p1b: Garchomp
|move|p2b: Excadrill|Iron Head|p1a: Sylveon
|-supereffective|p1a: Sylveon|1
|-damage|p1a: Sylveon|18/100
|
|-weather|Sandstorm|[upkeep]
|-damage|p1a: Sylveon|12/100|[from] Sandstorm
|-damage|p2a: Rotom|40/100|[from] Sandstorm
|-heal|p1a: Sylveon|18/100|[from] item: Leftovers
|upkeep
|turn|5
|
|t:|1785080590
|switch|p2a: Sinistcha|Sinistcha, L50|100/100
|-heal|p2b: Excadrill|92/100|[from] ability: Hospitality|[of] p2a: Sinistcha
|move|p1a: Sylveon|Detect|p1a: Sylveon
|-singleturn|p1a: Sylveon|Protect
|move|p2b: Excadrill|Protect|p2b: Excadrill
|-singleturn|p2b: Excadrill|Protect
|move|p1b: Garchomp|Stomping Tantrum|p2b: Excadrill
|-activate|p2b: Excadrill|move: Protect
|
|-weather|none
|-heal|p1a: Sylveon|25/100|[from] item: Leftovers
|upkeep
|turn|6
|inactive|Lolgorilla has 30 seconds left.
|inactive|mokuzz has 30 seconds left.
|
|t:|1785080627
|move|p2a: Sinistcha|Matcha Gotcha|p1b: Garchomp|[spread] p1b
|-miss|p2a: Sinistcha|p1a: Sylveon
|-damage|p1b: Garchomp|70/100
|move|p1a: Sylveon|Hyper Voice|p2a: Sinistcha|[spread] p2a,p2b
|-resisted|p2b: Excadrill|1
|-crit|p2b: Excadrill
|-damage|p2a: Sinistcha|52/100
|-damage|p2b: Excadrill|48/100
|move|p2b: Excadrill|Earthquake|p1a: Sylveon|[spread] p2a,p1a,p1b
|-resisted|p2a: Sinistcha|1
|-damage|p2a: Sinistcha|34/100
|-damage|p1a: Sylveon|0 fnt
|-damage|p1b: Garchomp|29/100
|-enditem|p2a: Sinistcha|Sitrus Berry|[eat]
|-heal|p2a: Sinistcha|59/100|[from] item: Sitrus Berry
|faint|p1a: Sylveon
|move|p1b: Garchomp|Stomping Tantrum|p2b: Excadrill
|-supereffective|p2b: Excadrill|1
|-damage|p2b: Excadrill|0 fnt
|faint|p2b: Excadrill
|-damage|p1b: Garchomp|20/100r|[from] item: Life Orb
|
|upkeep
|
|t:|1785080649
|switch|p1a: Sinistcha|Sinistcha, L50|69/100
|switch|p2b: Tyranitar|Tyranitar-Mega, L50, M|100/100
|-weather|Sandstorm|[from] ability: Sand Stream|[of] p2b: Tyranitar
|-heal|p1b: Garchomp|44/100|[from] ability: Hospitality|[of] p1a: Sinistcha
|turn|7
|
|t:|1785080670
|move|p1b: Garchomp|Protect|p1b: Garchomp
|-singleturn|p1b: Garchomp|Protect
|move|p2a: Sinistcha|Rage Powder|p2a: Sinistcha
|-singleturn|p2a: Sinistcha|move: Rage Powder
|move|p1a: Sinistcha|Life Dew|p1a: Sinistcha|[spread] p1a,p1b
|-heal|p1a: Sinistcha|94/100
|-heal|p1b: Garchomp|69/100
|move|p2b: Tyranitar|Dragon Dance|p2b: Tyranitar
|-boost|p2b: Tyranitar|atk|1
|-boost|p2b: Tyranitar|spe|1
|
|-weather|Sandstorm|[upkeep]
|-damage|p1a: Sinistcha|88/100|[from] Sandstorm
|-damage|p2a: Sinistcha|53/100|[from] Sandstorm
|-fieldend|move: Trick Room
|upkeep
|turn|8
|inactive|mokuzz has 30 seconds left.
|inactive|mokuzz has 20 seconds left.
|
|t:|1785080707
|switch|p1a: Incineroar|Incineroar, L50, M|39/100
|-ability|p1a: Incineroar|Intimidate|boost
|-unboost|p2a: Sinistcha|atk|1
|-unboost|p2b: Tyranitar|atk|1
|move|p2a: Sinistcha|Rage Powder|p2a: Sinistcha
|-singleturn|p2a: Sinistcha|move: Rage Powder
|move|p2b: Tyranitar|Crunch|p1b: Garchomp
|-damage|p1b: Garchomp|15/100
|move|p1b: Garchomp|Dragon Claw|p2a: Sinistcha
|-damage|p2a: Sinistcha|2/100
|-damage|p1b: Garchomp|5/100|[from] item: Life Orb
|
|-weather|Sandstorm|[upkeep]
|-damage|p2a: Sinistcha|0 fnt|[from] Sandstorm
|-damage|p1a: Incineroar|33/100|[from] Sandstorm
|faint|p2a: Sinistcha
|upkeep
|l|☆Lolgorilla
|inactive|Lolgorilla disconnected and has a minute to reconnect!
|player|p2|
|inactive|Lolgorilla has 30 seconds left.
|j|☆Lolgorilla
|inactive|Lolgorilla reconnected and has 30 seconds left.
|player|p2|Lolgorilla|266|
|inactive|Lolgorilla has 20 seconds left.
|inactive|Lolgorilla has 15 seconds left.
|
|t:|1785080748
|switch|p2a: Rotom|Rotom-Heat, L50|40/100
|turn|9
|
|t:|1785080763
|switch|p1a: Sinistcha|Sinistcha, L50|88/100
|-heal|p1b: Garchomp|30/100|[from] ability: Hospitality|[of] p1a: Sinistcha
|move|p1b: Garchomp|Protect|p1b: Garchomp
|-singleturn|p1b: Garchomp|Protect
|move|p2a: Rotom|Thunderbolt|p1a: Sinistcha
|-resisted|p1a: Sinistcha|1
|-damage|p1a: Sinistcha|71/100
|move|p2b: Tyranitar|Rock Slide|p1a: Sinistcha|[spread] 
|-activate|p1b: Garchomp|move: Protect
|-miss|p2b: Tyranitar|p1a: Sinistcha
|
|-weather|Sandstorm|[upkeep]
|-damage|p2a: Rotom|34/100|[from] Sandstorm
|-damage|p1a: Sinistcha|65/100|[from] Sandstorm
|upkeep
|turn|10
|inactive|mokuzz has 30 seconds left.
|
|t:|1785080790
|move|p1a: Sinistcha|Rage Powder|p1a: Sinistcha
|-singleturn|p1a: Sinistcha|move: Rage Powder
|move|p2a: Rotom|Thunderbolt|p1a: Sinistcha
|-resisted|p1a: Sinistcha|1
|-damage|p1a: Sinistcha|48/100
|move|p2b: Tyranitar|Rock Slide|p1b: Garchomp|[spread] p1a,p1b
|-resisted|p1b: Garchomp|1
|-damage|p1a: Sinistcha|14/100
|-damage|p1b: Garchomp|14/100
|cant|p1b: Garchomp|flinch
|
|-weather|Sandstorm|[upkeep]
|-damage|p2a: Rotom|28/100|[from] Sandstorm
|-damage|p1a: Sinistcha|8/100|[from] Sandstorm
|upkeep
|turn|11
|
|t:|1785080804
|move|p1a: Sinistcha|Rage Powder|p1a: Sinistcha
|-singleturn|p1a: Sinistcha|move: Rage Powder
|move|p2a: Rotom|Thunderbolt|p1a: Sinistcha
|-resisted|p1a: Sinistcha|1
|-damage|p1a: Sinistcha|0 fnt
|faint|p1a: Sinistcha
|move|p2b: Tyranitar|Crunch|p1b: Garchomp|[miss]
|-miss|p2b: Tyranitar|p1b: Garchomp
|move|p1b: Garchomp|Stomping Tantrum|p2b: Tyranitar
|-supereffective|p2b: Tyranitar|1
|-damage|p2b: Tyranitar|0 fnt
|faint|p2b: Tyranitar
|-damage|p1b: Garchomp|4/100|[from] item: Life Orb
|
|-weather|none
|upkeep
|
|t:|1785080818
|switch|p1a: Incineroar|Incineroar, L50, M|33/100
|-ability|p1a: Incineroar|Intimidate|boost
|-unboost|p2a: Rotom|atk|1
|turn|12
|inactive|Lolgorilla has 30 seconds left.
|inactive|Lolgorilla has 20 seconds left.
|c|☆mokuzz|woh I did not mean to have sand veil on my Garchomp
|inactive|Lolgorilla has 15 seconds left.
|inactive|Lolgorilla has 10 seconds left.
|inactive|Lolgorilla has 5 seconds left.
|
|t:|1785080874
|move|p1a: Incineroar|Fake Out|p2a: Rotom
|-damage|p2a: Rotom|13/100
|cant|p2a: Rotom|flinch
|move|p1b: Garchomp|Dragon Claw|p2a: Rotom
|-damage|p2a: Rotom|0 fnt
|faint|p2a: Rotom
|-damage|p1b: Garchomp|0 fnt|[from] item: Life Orb
|faint|p1b: Garchomp
|
|win|mokuzz
|raw|mokuzz's rating: 1081 → 1115(+34 for winning)
|raw|Lolgorilla's rating: 1164 → 1133(-31 for losing)
|c|☆mokuzz|thank you for the games
