|j|☆lucky777n
|j|☆NIEeee
|html|lucky777nNIEeee    
|uhtml|bestof|Game 3 of a best-of-3
|t:|1783995908
|gametype|doubles
|player|p1|lucky777n|boarder|1045
|player|p2|NIEeee|170|1000
|gen|9
|tier|[Gen 9 Champions] VGC 2026 Reg M-B (Bo3)
|rated|
|rule|Species Clause: Limit one of each Pokémon
|rule|Item Clause: Limit 1 of each item
|clearpoke
|poke|p1|Gengar, L50, F|
|poke|p1|Incineroar, L50, F|
|poke|p1|Snorlax, L50, F|
|poke|p1|Ninetales-Alola, L50, M|
|poke|p1|Kingambit, L50, F|
|poke|p1|Sneasler, L50, M|
|poke|p2|Mawile, L50, F, shiny|
|poke|p2|Farigiraf, L50, M|
|poke|p2|Kangaskhan, L50, F|
|poke|p2|Incineroar, L50, M|
|poke|p2|Torkoal, L50, M|
|poke|p2|Lycanroc-Midnight, L50, M|
|teampreview|4
|showteam|p1|Gengar||Gengarite|CursedBody|ShadowBall,Disable,PerishSong,Protect|Timid||F|||50|]Incineroar||SitrusBerry|Intimidate|FakeOut,FlareBlitz,PartingShot,Protect|Relaxed||F|||50|]Snorlax||Leftovers|ThickFat|Fissure,Encore,Yawn,Protect|Relaxed||F|||50|]Ninetales-Alola||NeverMeltIce|SnowWarning|Blizzard,FreezeDry,Encore,Protect|Timid||M|||50|]Kingambit||BlackGlasses|Defiant|SuckerPunch,KowtowCleave,SwordsDance,Protect|Adamant||F|||50|]Sneasler||WhiteHerb|Unburden|FakeOut,CloseCombat,GunkShot,Protect|Jolly||M|||50|
|showteam|p2|Mawile||Mawilite|HyperCutter|SuckerPunch,PlayRough,SwordsDance,BrickBreak|Brave||F|||50|]Farigiraf||SitrusBerry|ArmorTail|HelpingHand,TrickRoom,LightScreen,TwinBeam|Quiet||M|||50|]Kangaskhan||ChopleBerry|Scrappy|FakeOut,LastResort|Brave||F|||50|]Incineroar||Leftovers|Blaze|FakeOut,Taunt,WillOWisp,PartingShot|Impish||M|||50|]Torkoal||Charcoal|Drought|WeatherBall,Protect,Eruption,BodyPress|Quiet||M|||50|]Lycanroc-Midnight||LifeOrb|NoGuard|RockSlide,StoneEdge,Protect,CloseCombat|Jolly||M|||50|
|
|t:|1783995928
|teamsize|p1|4
|teamsize|p2|4
|start
|switch|p1a: Gengar|Gengar, L50, F|100/100
|switch|p1b: Kingambit|Kingambit, L50, F|100/100
|switch|p2a: Kangaskhan|Kangaskhan, L50, F|100/100
|switch|p2b: Torkoal|Torkoal, L50, M|100/100
|-weather|SunnyDay|[from] ability: Drought|[of] p2b: Torkoal
|turn|1
|
|t:|1783995944
|switch|p1b: Incineroar|Incineroar, L50, F|100/100
|-ability|p1b: Incineroar|Intimidate|boost
|-fail|p2a: Kangaskhan|unboost|Attack|[from] ability: Scrappy|[of] p2a: Kangaskhan
|-unboost|p2b: Torkoal|atk|1
|detailschange|p1a: Gengar|Gengar-Mega, L50, F
|-mega|p1a: Gengar|Gengar|Gengarite
|move|p1a: Gengar|Protect|p1a: Gengar
|-singleturn|p1a: Gengar|Protect
|move|p2a: Kangaskhan|Fake Out|p1b: Incineroar
|-damage|p1b: Incineroar|85/100
|move|p2b: Torkoal|Eruption|p1b: Incineroar|[spread] p1b
|-activate|p1a: Gengar|move: Protect
|-resisted|p1b: Incineroar|1
|-damage|p1b: Incineroar|46/100
|-enditem|p1b: Incineroar|Sitrus Berry|[eat]
|-heal|p1b: Incineroar|71/100|[from] item: Sitrus Berry
|
|-weather|SunnyDay|[upkeep]
|upkeep
|turn|2
|
|t:|1783995975
|move|p1b: Incineroar|Fake Out|p2b: Torkoal
|-damage|p2b: Torkoal|91/100
|move|p1a: Gengar|Perish Song|p1a: Gengar
|-start|p1a: Gengar|perish3|[silent]
|-start|p1b: Incineroar|perish3|[silent]
|-start|p2a: Kangaskhan|perish3|[silent]
|-start|p2b: Torkoal|perish3|[silent]
|-fieldactivate|move: Perish Song
|move|p2a: Kangaskhan|Last Resort|p1a: Gengar
|-damage|p1a: Gengar|21/100
|cant|p2b: Torkoal|flinch
|
|-weather|SunnyDay|[upkeep]
|-start|p1a: Gengar|perish3
|-start|p2a: Kangaskhan|perish3
|-start|p1b: Incineroar|perish3
|-start|p2b: Torkoal|perish3
|upkeep
|turn|3
|
|t:|1783996008
|move|p1a: Gengar|Protect|p1a: Gengar
|-singleturn|p1a: Gengar|Protect
|move|p1b: Incineroar|Protect|p1b: Incineroar
|-singleturn|p1b: Incineroar|Protect
|move|p2a: Kangaskhan|Last Resort|p1b: Incineroar
|-activate|p1b: Incineroar|move: Protect
|move|p2b: Torkoal|Eruption|p1a: Gengar|[spread] 
|-activate|p1a: Gengar|move: Protect
|-activate|p1b: Incineroar|move: Protect
|
|-weather|SunnyDay|[upkeep]
|-start|p1a: Gengar|perish2
|-start|p2a: Kangaskhan|perish2
|-start|p1b: Incineroar|perish2
|-start|p2b: Torkoal|perish2
|upkeep
|turn|4
|
|t:|1783996032
|switch|p1a: Sneasler|Sneasler, L50, M|100/100
|move|p2a: Kangaskhan|Last Resort|p1b: Incineroar
|-damage|p1b: Incineroar|26/100
|move|p1b: Incineroar|Parting Shot|p2b: Torkoal
|-unboost|p2b: Torkoal|atk|1
|-unboost|p2b: Torkoal|spa|1
|
|t:|1783996040
|switch|p1b: Gengar|Gengar-Mega, L50, F|21/100|[from] Parting Shot
|move|p2b: Torkoal|Eruption|p1a: Sneasler|[spread] p1a,p1b
|-damage|p1a: Sneasler|36/100
|-damage|p1b: Gengar|0 fnt
|faint|p1b: Gengar
|
|-weather|SunnyDay|[upkeep]
|-start|p2a: Kangaskhan|perish1
|-start|p2b: Torkoal|perish1
|upkeep
|
|t:|1783996052
|switch|p1b: Kingambit|Kingambit, L50, F|100/100
|turn|5
|
|t:|1783996072
|switch|p2a: Mawile|Mawile, L50, F, shiny|100/100
|move|p1a: Sneasler|Close Combat|p2a: Mawile
|-damage|p2a: Mawile|35/100
|-unboost|p1a: Sneasler|def|1
|-unboost|p1a: Sneasler|spd|1
|-enditem|p1a: Sneasler|White Herb
|-clearnegativeboost|p1a: Sneasler|[silent]
|move|p1b: Kingambit|Kowtow Cleave|p2b: Torkoal
|-damage|p2b: Torkoal|46/100
|move|p2b: Torkoal|Eruption|p1a: Sneasler|[spread] p1a,p1b
|-supereffective|p1b: Kingambit|1
|-damage|p1a: Sneasler|0 fnt
|-damage|p1b: Kingambit|47/100
|faint|p1a: Sneasler
|
|-weather|none
|-start|p2b: Torkoal|perish0
|upkeep
|faint|p2b: Torkoal
|
|t:|1783996092
|switch|p1a: Incineroar|Incineroar, L50, F|26/100
|switch|p2b: Kangaskhan|Kangaskhan, L50, F|100/100
|-ability|p1a: Incineroar|Intimidate|boost
|-fail|p2a: Mawile|unboost|Attack|[from] ability: Hyper Cutter|[of] p2a: Mawile
|-fail|p2b: Kangaskhan|unboost|Attack|[from] ability: Scrappy|[of] p2b: Kangaskhan
|turn|6
|
|t:|1783996110
|detailschange|p2a: Mawile|Mawile-Mega, L50, F, shiny
|-mega|p2a: Mawile|Mawile|Mawilite
|move|p2b: Kangaskhan|Fake Out|p1b: Kingambit
|-resisted|p1b: Kingambit|1
|-damage|p1b: Kingambit|41/100
|move|p2a: Mawile|Sucker Punch|p1a: Incineroar
|-resisted|p1a: Incineroar|1
|-damage|p1a: Incineroar|8/100
|move|p1a: Incineroar|Flare Blitz|p2a: Mawile
|-supereffective|p2a: Mawile|1
|-damage|p2a: Mawile|0 fnt
|faint|p2a: Mawile
|-damage|p1a: Incineroar|0 fnt|[from] Recoil
|faint|p1a: Incineroar
|cant|p1b: Kingambit|flinch
|
|upkeep
|
|t:|1783996127
|switch|p2a: Lycanroc|Lycanroc-Midnight, L50, M|100/100
|turn|7
|
|t:|1783996138
|move|p1b: Kingambit|Sucker Punch|p2a: Lycanroc
|-damage|p2a: Lycanroc|24/100
|move|p2a: Lycanroc|Close Combat|p1b: Kingambit
|-supereffective|p1b: Kingambit|2
|-damage|p1b: Kingambit|0 fnt
|-unboost|p2a: Lycanroc|def|1
|-unboost|p2a: Lycanroc|spd|1
|faint|p1b: Kingambit
|-damage|p2a: Lycanroc|14/100|[from] item: Life Orb
|
|win|NIEeee
|raw|lucky777n's rating: 1045 → 1026(-19 for losing)
|raw|NIEeee's rating: 1000 → 1045(+45 for winning)
