|j|☆Zelphyy
|j|☆hide on whimsicott
|html|Zelphyyhide on whimsicott    
|uhtml|bestof|Game 1 of a best-of-3
|t:|1782661716
|gametype|doubles
|player|p1|Zelphyy|dancer|1000
|player|p2|hide on whimsicott|artist-gen4|1000
|gen|9
|tier|[Gen 9 Champions] VGC 2026 Reg M-B (Bo3)
|rated|
|rule|Species Clause: Limit one of each Pokémon
|rule|Item Clause: Limit 1 of each item
|clearpoke
|poke|p1|Swampert, L50, M|
|poke|p1|Pelipper, L50, M|
|poke|p1|Basculegion, L50, M|
|poke|p1|Archaludon, L50, M|
|poke|p1|Dragonite, L50, M|
|poke|p1|Incineroar, L50, M|
|poke|p2|Gardevoir, L50, F|
|poke|p2|Basculegion, L50, M|
|poke|p2|Pelipper, L50, F|
|poke|p2|Archaludon, L50, F|
|poke|p2|Maushold-Four, L50|
|poke|p2|Swampert, L50, M|
|teampreview|4
|showteam|p1|Swampert||Swampertite|Torrent|Protect,WaveCrash,Earthquake,IcePunch|Adamant||M|||50|]Pelipper||FocusSash|Drizzle|Hurricane,Tailwind,WeatherBall,WideGuard|Modest||M|||50|]Basculegion||ChoiceScarf|Adaptability|WaveCrash,LastRespects,AquaJet,Protect|Adamant||M|||50|]Archaludon||Leftovers|Stamina|ElectroShot,FlashCannon,Protect,DracoMeteor|Modest||M|||50|]Dragonite||Dragoninite|Multiscale|DragonPulse,Thunderbolt,Hurricane,Protect|Modest||M|||50|]Incineroar||SitrusBerry|Intimidate|PartingShot,FakeOut,FlareBlitz,ThroatChop|Careful||M|||50|
|showteam|p2|Gardevoir||Gardevoirite|Trace|Psyshock,HyperVoice,Protect,TrickRoom|Modest||F|||50|]Basculegion||ChoiceScarf|Adaptability|LastRespects,WaveCrash,PsychicFangs,FlipTurn|Adamant||M|||50|]Pelipper||SitrusBerry|Drizzle|Hurricane,Tailwind,WeatherBall,RainDance|Bold||F|||50|]Archaludon||Leftovers|Stamina|ElectroShot,DragonPulse,FlashCannon,Protect|Modest||F|||50|]Maushold-Four||FocusSash|FriendGuard|Feint,SuperFang,Protect,FollowMe|Jolly|||||50|]Swampert||Swampertite|Torrent|IcePunch,HighHorsepower,WaveCrash,Protect|Adamant||M|||50|
|inactive|Battle timer is ON: inactive players will automatically lose when time's up. (requested by hide on whimsicott)
|inactive|Zelphyy has 60 seconds left.
|inactive|hide on whimsicott has 60 seconds left.
|j| lopsarrob
|l| lopsarrob
|inactive|Zelphyy has 30 seconds left.
|
|t:|1782661785
|teamsize|p1|4
|teamsize|p2|4
|start
|switch|p1a: Swampert|Swampert, L50, M|100/100
|switch|p1b: Pelipper|Pelipper, L50, M|100/100
|switch|p2a: Basculegion|Basculegion, L50, M|100/100
|switch|p2b: Gardevoir|Gardevoir, L50, F|100/100
|-weather|RainDance|[from] ability: Drizzle|[of] p1b: Pelipper
|-ability|p2b: Gardevoir|Torrent|Trace|[from] ability: Trace|[of] p1a: Swampert
|turn|1
|j| lopsarrob
|l| lopsarrob
|inactive|Zelphyy has 30 seconds left.
|inactive|hide on whimsicott has 30 seconds left.
|inactive|Zelphyy has 20 seconds left.
|inactive|hide on whimsicott has 20 seconds left.
|inactive|Zelphyy has 15 seconds left.
|inactive|hide on whimsicott has 15 seconds left.
|inactive|Zelphyy has 10 seconds left.
|inactive|hide on whimsicott has 10 seconds left.
|inactive|Zelphyy has 5 seconds left.
|
|t:|1782661840
|switch|p2b: Maushold|Maushold-Four, L50|100/100
|move|p1a: Swampert|Protect|p1a: Swampert
|-singleturn|p1a: Swampert|Protect
|move|p2a: Basculegion|Wave Crash|p1a: Swampert
|-activate|p1a: Swampert|move: Protect
|move|p1b: Pelipper|Hurricane|p2a: Basculegion
|-damage|p2a: Basculegion|56/100
|
|-weather|RainDance|[upkeep]
|upkeep
|turn|2
|inactive|Zelphyy has 30 seconds left.
|inactive|Zelphyy has 20 seconds left.
|inactive|Zelphyy has 15 seconds left.
|inactive|Zelphyy has 10 seconds left.
|
|t:|1782661885
|detailschange|p1a: Swampert|Swampert-Mega, L50, M
|-mega|p1a: Swampert|Swampert|Swampertite
|move|p2b: Maushold|Feint|p1b: Pelipper
|-damage|p1b: Pelipper|84/100
|move|p1a: Swampert|Wave Crash|p2b: Maushold
|-enditem|p2b: Maushold|Focus Sash
|-damage|p2b: Maushold|1/100
|-damage|p1a: Swampert|72/100|[from] Recoil
|move|p2a: Basculegion|Wave Crash|p1b: Pelipper
|-resisted|p1b: Pelipper|1
|-crit|p1b: Pelipper
|-damage|p1b: Pelipper|0 fnt
|faint|p1b: Pelipper
|-damage|p2a: Basculegion|37/100|[from] Recoil
|
|-weather|RainDance|[upkeep]
|upkeep
|
|t:|1782661900
|switch|p1b: Incineroar|Incineroar, L50, M|100/100
|-ability|p1b: Incineroar|Intimidate|boost
|-unboost|p2a: Basculegion|atk|1
|-unboost|p2b: Maushold|atk|1
|turn|3
|inactive|hide on whimsicott has 30 seconds left.
|inactive|Zelphyy has 30 seconds left.
|
|t:|1782661937
|switch|p2b: Archaludon|Archaludon, L50, F|100/100
|move|p1a: Swampert|Earthquake|p2a: Basculegion|[spread] p1b,p2a,p2b
|-supereffective|p1b: Incineroar|1
|-crit|p1b: Incineroar
|-supereffective|p2b: Archaludon|1
|-damage|p1b: Incineroar|0 fnt
|-damage|p2a: Basculegion|0 fnt
|-damage|p2b: Archaludon|26/100
|-ability|p2b: Archaludon|Stamina|boost
|-boost|p2b: Archaludon|def|1
|faint|p1b: Incineroar
|faint|p2a: Basculegion
|
|-weather|RainDance|[upkeep]
|-heal|p2b: Archaludon|32/100|[from] item: Leftovers
|upkeep
|
|t:|1782661952
|switch|p2a: Maushold|Maushold-Four, L50|1/100
|switch|p1b: Dragonite|Dragonite, L50, M|100/100
|turn|4
|
|t:|1782661967
|move|p2a: Maushold|Protect|p2a: Maushold
|-singleturn|p2a: Maushold|Protect
|move|p1b: Dragonite|Protect|p1b: Dragonite
|-singleturn|p1b: Dragonite|Protect
|move|p2b: Archaludon|Protect|p2b: Archaludon
|-singleturn|p2b: Archaludon|Protect
|move|p1a: Swampert|Earthquake|p2a: Maushold|[spread] 
|-activate|p1b: Dragonite|move: Protect
|-activate|p2a: Maushold|move: Protect
|-activate|p2b: Archaludon|move: Protect
|
|-weather|RainDance|[upkeep]
|-heal|p2b: Archaludon|39/100|[from] item: Leftovers
|upkeep
|turn|5
|inactive|hide on whimsicott has 30 seconds left.
|inactive|Zelphyy has 30 seconds left.
|inactive|hide on whimsicott has 20 seconds left.
|
|t:|1782662008
|move|p2a: Maushold|Feint|p1b: Dragonite
|-damage|p1b: Dragonite|94/100
|move|p1a: Swampert|Earthquake|p2a: Maushold|[spread] p2a,p2b
|-immune|p1b: Dragonite
|-supereffective|p2b: Archaludon|1
|-damage|p2a: Maushold|0 fnt
|-damage|p2b: Archaludon|2/100
|-ability|p2b: Archaludon|Stamina|boost
|-boost|p2b: Archaludon|def|1
|faint|p2a: Maushold
|move|p1b: Dragonite|Hurricane|p2b: Archaludon
|-resisted|p2b: Archaludon|1
|-damage|p2b: Archaludon|0 fnt
|faint|p2b: Archaludon
|
|-weather|none
|upkeep
|
|t:|1782662011
|switch|p2b: Gardevoir|Gardevoir, L50, F|100/100
|-ability|p2b: Gardevoir|Swift Swim|Trace|[from] ability: Trace|[of] p1a: Swampert
|turn|6
|inactive|Zelphyy has 30 seconds left.
|
|t:|1782662037
|detailschange|p2b: Gardevoir|Gardevoir-Mega, L50, F
|-mega|p2b: Gardevoir|Gardevoir|Gardevoirite
|move|p2b: Gardevoir|Hyper Voice|p1a: Swampert|[spread] p1a,p1b
|-supereffective|p1b: Dragonite|1
|-damage|p1a: Swampert|27/100
|-damage|p1b: Dragonite|0 fnt
|faint|p1b: Dragonite
|move|p1a: Swampert|Wave Crash|p2b: Gardevoir
|-damage|p2b: Gardevoir|0 fnt
|faint|p2b: Gardevoir
|-damage|p1a: Swampert|0 fnt|[from] Recoil
|faint|p1a: Swampert
|
|win|Zelphyy
