|j|‚òÜSabis RPPLF
|j|‚òÜartymasion
|html|Sabis RPPLFartymasion    
|uhtml|bestof|Game 3 of a best-of-3
|t:|1782337445
|gametype|doubles
|player|p1|Sabis RPPLF|ltsurge|
|player|p2|artymasion|#ndwcvfrance|
|gen|9
|tier|[Gen 9 Champions] VGC 2026 Reg M-B (Bo3)
|rule|Species Clause: Limit one of each Pok√©mon
|rule|Item Clause: Limit 1 of each item
|clearpoke
|poke|p1|Staraptor, L50, F, shiny|
|poke|p1|Farigiraf, L50, M|
|poke|p1|Mawile, L50, F|
|poke|p1|Sableye, L50, F, shiny|
|poke|p1|Torkoal, L50, M|
|poke|p1|Garchomp, L50, M|
|poke|p2|Scrafty, L50, F|
|poke|p2|Gholdengo, L50|
|poke|p2|Aerodactyl, L50, F|
|poke|p2|Garchomp, L50, M|
|poke|p2|Ninetales-Alola, L50, F|
|poke|p2|Sylveon, L50, F|
|teampreview|4
|showteam|p1|Staraptor||ChoiceScarf|Intimidate|FinalGambit,BraveBird,CloseCombat,Uturn|Jolly||F|||50|]Farigiraf||SitrusBerry|ArmorTail|Psychic,Thunderbolt,TrickRoom,Protect|Modest||M|||50|]Mawile||Mawilite|Intimidate|PlayRough,SuckerPunch,IronHead,Protect|Brave||F|||50|]Sableye||FocusSash|Prankster|Quash,FakeOut,WillOWisp,Encore|Impish||F|||50|]Torkoal||Charcoal|Drought|Eruption,EarthPower,HeatWave,Protect|Quiet||M|||50|]Garchomp||LifeOrb|RoughSkin|Earthquake,RockSlide,DragonClaw,Protect|Jolly||M|||50|
|showteam|p2|Scrafty||Scraftinite|Intimidate|DrainPunch,SwordsDance,KnockOff,FakeOut|Adamant||F|||50|]Gholdengo||ChoiceScarf|GoodasGold|MakeItRain,SteelBeam,ShadowBall,PowerGem|Modest|||||50|]Aerodactyl||FocusSash|Unnerve|DualWingbeat,RockSlide,Tailwind,Protect|Jolly||F|||50|]Garchomp||RoseliBerry|RoughSkin|DragonClaw,RockSlide,PoisonJab,Earthquake|Adamant||M|||50|]Ninetales-Alola||LightClay|SnowWarning|AuroraVeil,IcyWind,Encore,Blizzard|Timid||F|||50|]Sylveon||LifeOrb|Pixilate|HyperBeam,HyperVoice,QuickAttack,Detect|Modest||F|||50|
|j| Sulfura152
|j| Frankl1‚ô•
|j| Kindyy
|j| Themagiclicorne
|
|t:|1782337478
|teamsize|p1|4
|teamsize|p2|4
|start
|switch|p1a: Coucou|Staraptor, L50, F, shiny|100/100
|switch|p1b: Melman|Farigiraf, L50, M|100/100
|switch|p2a: pas d‚Äôinspi|Sylveon, L50, F|100/100
|switch|p2b: maison|Ninetales-Alola, L50, F|100/100
|-ability|p1a: Coucou|Intimidate|boost
|-unboost|p2a: pas d‚Äôinspi|atk|1
|-unboost|p2b: maison|atk|1
|-weather|Snowscape|[from] ability: Snow Warning|[of] p2b: maison
|turn|1
|
|t:|1782337519
|move|p1a: Coucou|U-turn|p2b: maison
|-resisted|p2b: maison|1
|-damage|p2b: maison|90/100
|
|t:|1782337523
|switch|p1a: Krakatoa|Torkoal, L50, M|100/100|[from] U-turn
|-weather|SunnyDay|[from] ability: Drought|[of] p1a: Krakatoa
|move|p2b: maison|Aurora Veil||[still]
|-fail|p2b: maison
|move|p2a: pas d‚Äôinspi|Hyper Beam|p1b: Melman|[miss]
|-miss|p2a: pas d‚Äôinspi|p1b: Melman
|move|p1b: Melman|Trick Room|p1b: Melman
|-fieldstart|move: Trick Room|[of] p1b: Melman
|
|-weather|SunnyDay|[upkeep]
|upkeep
|turn|2
|j| Trigazelli
|
|t:|1782337660
|switch|p2b: patatexman|Scrafty, L50, F|100/100
|-ability|p2b: patatexman|Intimidate|boost
|-unboost|p1a: Krakatoa|atk|1
|-unboost|p1b: Melman|atk|1
|move|p2a: pas d‚Äôinspi|Detect|p2a: pas d‚Äôinspi
|-singleturn|p2a: pas d‚Äôinspi|Protect
|move|p1a: Krakatoa|Eruption|p2b: patatexman|[spread] p2b
|-activate|p2a: pas d‚Äôinspi|move: Protect
|-damage|p2b: patatexman|0 fnt
|faint|p2b: patatexman
|move|p1b: Melman|Psychic|p2a: pas d‚Äôinspi
|-activate|p2a: pas d‚Äôinspi|move: Protect
|
|-weather|SunnyDay|[upkeep]
|upkeep
|
|t:|1782337678
|switch|p2b: maison|Ninetales-Alola, L50, F|90/100
|-weather|Snowscape|[from] ability: Snow Warning|[of] p2b: maison
|turn|3
|
|t:|1782337721
|move|p1b: Melman|Protect|p1b: Melman
|-singleturn|p1b: Melman|Protect
|move|p1a: Krakatoa|Eruption|p2b: maison|[spread] p2a,p2b
|-supereffective|p2b: maison|1
|-damage|p2a: pas d‚Äôinspi|49/100
|-damage|p2b: maison|0 fnt
|faint|p2b: maison
|move|p2a: pas d‚Äôinspi|Hyper Voice|p1a: Krakatoa|[spread] p1a
|-activate|p1b: Melman|move: Protect
|-resisted|p1a: Krakatoa|1
|-damage|p1a: Krakatoa|65/100
|-damage|p2a: pas d‚Äôinspi|39/100|[from] item: Life Orb
|
|-weather|Snowscape|[upkeep]
|upkeep
|
|t:|1782337736
|switch|p2b: hasbulza|Garchomp, L50, M|100/100
|turn|4
|
|t:|1782337807
|move|p2a: pas d‚Äôinspi|Detect|p2a: pas d‚Äôinspi
|-singleturn|p2a: pas d‚Äôinspi|Protect
|move|p1a: Krakatoa|Eruption|p2a: pas d‚Äôinspi|[spread] p2b
|-activate|p2a: pas d‚Äôinspi|move: Protect
|-resisted|p2b: hasbulza|1
|-damage|p2b: hasbulza|78/100
|move|p1b: Melman|Psychic|p2a: pas d‚Äôinspi
|-activate|p2a: pas d‚Äôinspi|move: Protect
|move|p2b: hasbulza|Earthquake|p1b: Melman|[spread] p1a,p1b
|-activate|p2a: pas d‚Äôinspi|move: Protect
|-supereffective|p1a: Krakatoa|1
|-damage|p1a: Krakatoa|1/100
|-damage|p1b: Melman|61/100
|
|-weather|Snowscape|[upkeep]
|upkeep
|turn|5
|
|t:|1782337864
|switch|p1b: Coucou|Staraptor, L50, F, shiny|100/100
|-ability|p1b: Coucou|Intimidate|boost
|-unboost|p2a: pas d‚Äôinspi|atk|1
|-unboost|p2b: hasbulza|atk|1
|move|p2a: pas d‚Äôinspi|Quick Attack|p1a: Krakatoa
|-resisted|p1a: Krakatoa|1
|-crit|p1a: Krakatoa
|-damage|p1a: Krakatoa|0 fnt
|faint|p1a: Krakatoa
|-damage|p2a: pas d‚Äôinspi|29/100|[from] item: Life Orb
|move|p2b: hasbulza|Dragon Claw|p1b: Coucou
|-damage|p1b: Coucou|62/100
|
|-weather|Snowscape|[upkeep]
|-fieldend|move: Trick Room
|upkeep
|c| Frankl1‚ô•|ouayyyyyyyyyyyyyyy
|c| Frankl1‚ô•|ARTYYYYYYYYYYY
|c| Frankl1‚ô•|sale crit
|
|t:|1782337916
|switch|p1a: Melman|Farigiraf, L50, M|61/100
|turn|6
|
|t:|1782337952
|move|p2a: pas d‚Äôinspi|Detect|p2a: pas d‚Äôinspi
|-singleturn|p2a: pas d‚Äôinspi|Protect
|move|p1b: Coucou|Final Gambit|p2b: hasbulza
|-damage|p2b: hasbulza|13/100
|faint|p1b: Coucou
|move|p2b: hasbulza|Earthquake|p1a: Melman|[spread] p1a
|-activate|p2a: pas d‚Äôinspi|move: Protect
|-damage|p1a: Melman|35/100
|-enditem|p1a: Melman|Sitrus Berry|[eat]
|-heal|p1a: Melman|60/100|[from] item: Sitrus Berry
|move|p1a: Melman|Psychic|p2b: hasbulza
|-damage|p2b: hasbulza|0 fnt
|faint|p2b: hasbulza
|
|-weather|Snowscape|[upkeep]
|upkeep
|
|t:|1782337969
|switch|p1b: Chompette|Mawile, L50, F|100/100
|-ability|p1b: Chompette|Intimidate|boost
|-unboost|p2a: pas d‚Äôinspi|atk|1
|turn|7
|l| Kindyy
|
|t:|1782337976
|detailschange|p1b: Chompette|Mawile-Mega, L50, F
|-mega|p1b: Chompette|Mawile|Mawilite
|move|p2a: pas d‚Äôinspi|Hyper Voice|p1b: Chompette|[spread] p1a,p1b
|-resisted|p1b: Chompette|1
|-damage|p1a: Melman|8/100
|-damage|p1b: Chompette|69/100
|-damage|p2a: pas d‚Äôinspi|19/100|[from] item: Life Orb
|move|p1a: Melman|Psychic|p2a: pas d‚Äôinspi
|-damage|p2a: pas d‚Äôinspi|0 fnt
|faint|p2a: pas d‚Äôinspi
|
|win|Sabis RPPLF
|c|‚òÜSabis RPPLF|Gg
|l| Trigazelli
|l| Themagiclicorne
|l|‚òÜartymasion
|player|p2|
