|j|☆SixHeroes
|html|SixHeroesxdi8723    
|uhtml|bestof|Game 2 of a best-of-3
|t:|1757158501
|gametype|doubles
|player|p1|SixHeroes|1|1052
|player|p2|xdi8723|veteran|1066
|gen|9
|tier|[Gen 9] VGC 2025 Reg H (Bo3)
|rated|
|rule|Species Clause: Limit one of each Pokémon
|rule|Item Clause: Limit 1 of each item
|clearpoke
|poke|p1|Talonflame, L50, M|
|poke|p1|Farigiraf, L50, F|
|poke|p1|Garchomp, L50, M|
|poke|p1|Hydreigon, L50, M|
|poke|p1|Rotom-Wash, L50|
|poke|p1|Hariyama, L50, M|
|poke|p2|Gholdengo, L50|
|poke|p2|Amoonguss, L50, M|
|poke|p2|Incineroar, L50, F|
|poke|p2|Kommo-o, L50, F|
|poke|p2|Ninetales-Alola, L50, F|
|poke|p2|Dragonite, L50, M|
|teampreview|4
|showteam|p1|Talonflame||SharpBeak|GaleWings|DualWingbeat,Tailwind,FlareBlitz,Taunt|||M|||50|,,,,,Ghost]Farigiraf||ThroatSpray|ArmorTail|HyperVoice,ExpandingForce,TrickRoom,Imprison|||F|||50|,,,,,Dark]Garchomp||LifeOrb|SandVeil|ScaleShot,StompingTantrum,Earthquake,Protect|||M|||50|,,,,,Ground]Hydreigon||ScopeLens|Levitate|DarkPulse,HeatWave,DragonPulse,FocusEnergy|||M|||50|,,,,,Fire]Rotom-Wash||ChoiceSpecs|Levitate|VoltSwitch,ShadowBall,HydroPump,Discharge||||||50|,,,,,Ghost]Hariyama||AssaultVest|ThickFat|KnockOff,CloseCombat,UpperHand,FakeOut|||M|||50|,,,,,Dark
|showteam|p2|Gholdengo||ChoiceSpecs|GoodasGold|MakeItRain,ShadowBall,Trick,FocusBlast||||||50|,,,,,Steel]Amoonguss||RockyHelmet|Regenerator|Protect,RagePowder,Spore,PollenPuff|||M|||50|,,,,,Fairy]Incineroar||SafetyGoggles|Intimidate|FakeOut,FlareBlitz,KnockOff,PartingShot|||F|||50|,,,,,Ghost]Kommo-o||ThroatSpray|Soundproof|Protect,ClangingScales,Flamethrower,ClangorousSoul|||F|||50|,,,,,Fire]Ninetales-Alola||FocusSash|SnowWarning|Protect,Blizzard,FreezeDry,Encore|||F|||50|,,,,,Ice]Dragonite||AssaultVest|Multiscale|ExtremeSpeed,TeraBlast,IceSpinner,StompingTantrum|||M|||50|,,,,,Flying
|j|☆xdi8723
|player|p2|xdi8723|veteran|
|inactive|Battle timer is ON: inactive players will automatically lose when time's up. (requested by SixHeroes)
|
|t:|1757158535
|teamsize|p1|4
|teamsize|p2|4
|start
|switch|p1a: Garchomp|Garchomp, L50, M|100/100
|switch|p1b: Rotom|Rotom-Wash, L50|100/100
|switch|p2a: Kommo-o|Kommo-o, L50, F|100/100
|switch|p2b: Manolo|Amoonguss, L50, M|100/100
|turn|1
|inactive|xdi8723 has 30 seconds left.
|
|t:|1757158564
|-terastallize|p1a: Garchomp|Ground
|move|p1a: Garchomp|Earthquake|p2a: Kommo-o|[spread] p2a,p2b
|-immune|p1b: Rotom|[from] ability: Levitate
|-damage|p2a: Kommo-o|41/100
|-damage|p2b: Manolo|47/100
|-damage|p1a: Garchomp|91/100|[from] item: Life Orb
|move|p1b: Rotom|Discharge|p2a: Kommo-o|[spread] p2a,p2b
|-immune|p1a: Garchomp
|-resisted|p2a: Kommo-o
|-resisted|p2b: Manolo
|-damage|p2a: Kommo-o|21/100
|-damage|p2b: Manolo|31/100
|move|p2a: Kommo-o|Clangorous Soul||[still]
|-fail|p2a: Kommo-o
|move|p2b: Manolo|Spore|p1a: Garchomp
|-status|p1a: Garchomp|slp|[from] move: Spore
|
|upkeep
|turn|2
|inactive|xdi8723 has 30 seconds left.
|
|t:|1757158598
|cant|p1a: Garchomp|slp
|move|p1b: Rotom|Discharge|p2b: Manolo|[spread] p2a,p2b
|-immune|p1a: Garchomp
|-resisted|p2a: Kommo-o
|-resisted|p2b: Manolo
|-damage|p2a: Kommo-o|0 fnt
|-damage|p2b: Manolo|12/100
|faint|p2a: Kommo-o
|move|p2b: Manolo|Pollen Puff|p2: Kommo-o|[notarget]
|-fail|p2b: Manolo
|
|upkeep
|
|t:|1757158609
|switch|p2a: Gholdengo|Gholdengo, L50|100/100
|turn|3
|
|t:|1757158626
|-terastallize|p2a: Gholdengo|Steel
|move|p2b: Manolo|Protect|p2b: Manolo
|-singleturn|p2b: Manolo|Protect
|cant|p1a: Garchomp|slp
|move|p1b: Rotom|Discharge|p2a: Gholdengo|[spread] p2a
|-activate|p2b: Manolo|move: Protect
|-immune|p1a: Garchomp
|-damage|p2a: Gholdengo|52/100
|-status|p2a: Gholdengo|par
|move|p2a: Gholdengo|Make It Rain|p1a: Garchomp|[spread] p1a,p1b
|-resisted|p1b: Rotom
|-damage|p1a: Garchomp|0 fnt
|-damage|p1b: Rotom|68/100
|-unboost|p2a: Gholdengo|spa|1
|faint|p1a: Garchomp
|
|upkeep
|inactive|SixHeroes has 30 seconds left.
|
|t:|1757158655
|switch|p1a: Talonflame|Talonflame, L50, M|100/100
|turn|4
|
|t:|1757158671
|switch|p1b: Farigiraf|Farigiraf, L50, F|100/100
|move|p2b: Manolo|Rage Powder|p2b: Manolo
|-singleturn|p2b: Manolo|move: Rage Powder
|move|p1a: Talonflame|Dual Wingbeat|p2b: Manolo
|-supereffective|p2b: Manolo
|-damage|p2b: Manolo|0 fnt
|-damage|p1a: Talonflame|84/100|[from] item: Rocky Helmet|[of] p2b: Manolo
|faint|p2b: Manolo
|-hitcount|p2: Manolo|1
|move|p2a: Gholdengo|Make It Rain|p1b: Farigiraf|[spread] p1a,p1b
|-resisted|p1a: Talonflame
|-damage|p1a: Talonflame|34/100
|-damage|p1b: Farigiraf|42/100
|-unboost|p2a: Gholdengo|spa|1
|
|upkeep
|
|t:|1757158689
|switch|p2b: Ninetales|Ninetales-Alola, L50, F|100/100
|-weather|Snowscape|[from] ability: Snow Warning|[of] p2b: Ninetales
|turn|5
|inactive|SixHeroes has 30 seconds left.
|
|t:|1757158716
|move|p2b: Ninetales|Protect|p2b: Ninetales
|-singleturn|p2b: Ninetales|Protect
|move|p1a: Talonflame|Flare Blitz|p2a: Gholdengo
|-supereffective|p2a: Gholdengo
|-damage|p2a: Gholdengo|0 fnt
|faint|p2a: Gholdengo
|-damage|p1a: Talonflame|17/100|[from] Recoil
|move|p1b: Farigiraf|Hyper Voice|p2b: Ninetales
|-activate|p2b: Ninetales|move: Protect
|
|-weather|Snowscape|[upkeep]
|upkeep
|turn|6
|
|t:|1757158731
|move|p1a: Talonflame|Flare Blitz|p2b: Ninetales
|-supereffective|p2b: Ninetales
|-damage|p2b: Ninetales|15/100
|-damage|p1a: Talonflame|0 fnt|[from] Recoil
|faint|p1a: Talonflame
|move|p2b: Ninetales|Blizzard|p1b: Farigiraf
|-damage|p1b: Farigiraf|3/100
|move|p1b: Farigiraf|Hyper Voice|p2b: Ninetales
|-damage|p2b: Ninetales|0 fnt
|faint|p2b: Ninetales
|-enditem|p1b: Farigiraf|Throat Spray
|
|win|SixHeroes
||SixHeroes is ready for game 3.
|inactive|xdi8723 has 30 seconds to confirm battle start!
