|j|☆TheRainRainRain
|j|☆CrazyyBoi
|html|TheRainRainRainCrazyyBoi    
|uhtml|bestof|Game 1 of a best-of-3
|t:|1757238119
|gametype|doubles
|player|p1|TheRainRainRain|sailor|1275
|player|p2|CrazyyBoi|102|1217
|gen|9
|tier|[Gen 9] VGC 2025 Reg H (Bo3)
|rated|
|rule|Species Clause: Limit one of each Pokémon
|rule|Item Clause: Limit 1 of each item
|clearpoke
|poke|p1|Incineroar, L50, F|
|poke|p1|Ursaluna-Bloodmoon, L50, M|
|poke|p1|Gholdengo, L50|
|poke|p1|Rillaboom, L50, M|
|poke|p1|Dragonite, L50, M|
|poke|p1|Sneasler, L50, F|
|poke|p2|Maushold-Four, L50|
|poke|p2|Sableye, L50, F|
|poke|p2|Gothitelle, L50, F|
|poke|p2|Kommo-o, L50, F|
|poke|p2|Incineroar, L50, F|
|poke|p2|Primarina, L50, F|
|teampreview|4
|showteam|p1|Incineroar||SafetyGoggles|Intimidate|FlareBlitz,KnockOff,FakeOut,PartingShot|||F|||50|,,,,,Ghost]Ursaluna-Bloodmoon||Leftovers|MindsEye|BloodMoon,EarthPower,CalmMind,Protect|||M|||50|,,,,,Electric]Gholdengo||LifeOrb|GoodasGold|MakeItRain,ShadowBall,NastyPlot,Protect||||||50|,,,,,Water]Rillaboom||AssaultVest|GrassySurge|FakeOut,GrassyGlide,WoodHammer,HighHorsepower|||M|||50|,,,,,Fire]Dragonite||LoadedDice|Multiscale|Tailwind,ScaleShot,Protect,Haze|||M|||50|,,,,,Fairy]Sneasler||FocusSash|PoisonTouch|CloseCombat,DireClaw,Coaching,FakeOut|||F|||50|,,,,,Ghost
|showteam|p2|Maushold-Four||WideLens|Technician|Protect,PopulationBomb,Bite,FollowMe||||||50|,,,,,Poison]Sableye||FocusSash|Prankster|FakeOut,Quash,Disable,Encore|||F|||50|,,,,,Grass]Gothitelle||SitrusBerry|ShadowTag|FakeOut,Psychic,TrickRoom,Protect|||F|||50|,,,,,Steel]Kommo-o||ThroatSpray|Overcoat|ClangorousSoul,ClangingScales,Protect,AuraSphere|||F|||50|,,,,,Steel]Incineroar||SafetyGoggles|Intimidate|FakeOut,PartingShot,KnockOff,Taunt|||F|||50|,,,,,Ghost]Primarina||LifeOrb|LiquidVoice|HyperVoice,Moonblast,PerishSong,Protect|||F|||50|,,,,,Dragon
|inactive|Battle timer is ON: inactive players will automatically lose when time's up. (requested by TheRainRainRain)
|inactive|TheRainRainRain has 60 seconds left.
|inactive|TheRainRainRain has 30 seconds left.
|
|t:|1757238195
|teamsize|p1|4
|teamsize|p2|4
|start
|switch|p1a: Dragonite|Dragonite, L50, M|100/100
|switch|p1b: Gholdengo|Gholdengo, L50|100/100
|switch|p2a: Incineroar|Incineroar, L50, F|100/100
|switch|p2b: Gothitelle|Gothitelle, L50, F|100/100
|-ability|p2a: Incineroar|Intimidate|boost
|-unboost|p1a: Dragonite|atk|1
|-unboost|p1b: Gholdengo|atk|1
|turn|1
|
|t:|1757238217
|switch|p1b: Incineroar|Incineroar, L50, F|100/100
|-ability|p1b: Incineroar|Intimidate|boost
|-unboost|p2a: Incineroar|atk|1
|-unboost|p2b: Gothitelle|atk|1
|move|p1a: Dragonite|Protect|p1a: Dragonite
|-singleturn|p1a: Dragonite|Protect
|move|p2b: Gothitelle|Fake Out|p1a: Dragonite
|-activate|p1a: Dragonite|move: Protect
|move|p2a: Incineroar|Knock Off|p1b: Incineroar
|-resisted|p1b: Incineroar
|-damage|p1b: Incineroar|89/100
|-enditem|p1b: Incineroar|Safety Goggles|[from] move: Knock Off|[of] p2a: Incineroar
|
|upkeep
|turn|2
|inactive|TheRainRainRain has 30 seconds left.
|
|t:|1757238243
|move|p2b: Gothitelle|Protect|p2b: Gothitelle
|-singleturn|p2b: Gothitelle|Protect
|move|p1b: Incineroar|Fake Out|p2a: Incineroar
|-damage|p2a: Incineroar|91/100
|move|p1a: Dragonite|Haze|p1a: Dragonite
|-clearallboost
|cant|p2a: Incineroar|flinch
|
|upkeep
|turn|3
|inactive|TheRainRainRain has 30 seconds left.
|inactive|TheRainRainRain has 20 seconds left.
|
|t:|1757238288
|move|p1a: Dragonite|Scale Shot|p2a: Incineroar
|-damage|p2a: Incineroar|79/100
|-damage|p2a: Incineroar|68/100
|-damage|p2a: Incineroar|56/100
|-damage|p2a: Incineroar|43/100
|-hitcount|p2a: Incineroar|4
|-unboost|p1a: Dragonite|def|1
|-boost|p1a: Dragonite|spe|1
|move|p1b: Incineroar|Knock Off|p2a: Incineroar
|-resisted|p2a: Incineroar
|-damage|p2a: Incineroar|27/100
|-enditem|p2a: Incineroar|Safety Goggles|[from] move: Knock Off|[of] p1b: Incineroar
|move|p2a: Incineroar|Taunt|p1b: Incineroar
|-start|p1b: Incineroar|move: Taunt
|move|p2b: Gothitelle|Trick Room|p2b: Gothitelle
|-fieldstart|move: Trick Room|[of] p2b: Gothitelle
|
|upkeep
|turn|4
|inactive|TheRainRainRain has 30 seconds left.
|inactive|CrazyyBoi has 30 seconds left.
|inactive|TheRainRainRain has 20 seconds left.
|
|t:|1757238324
|move|p2b: Gothitelle|Protect|p2b: Gothitelle
|-singleturn|p2b: Gothitelle|Protect
|move|p1a: Dragonite|Protect|p1a: Dragonite
|-singleturn|p1a: Dragonite|Protect
|move|p2a: Incineroar|Parting Shot|p1b: Incineroar
|-unboost|p1b: Incineroar|atk|1
|-unboost|p1b: Incineroar|spa|1
|
|t:|1757238332
|switch|p2a: Primarina|Primarina, L50, F|100/100|[from] Parting Shot
|move|p1b: Incineroar|Knock Off|p2b: Gothitelle
|-activate|p2b: Gothitelle|move: Protect
|
|upkeep
|turn|5
|inactive|TheRainRainRain has 30 seconds left.
|inactive|TheRainRainRain has 20 seconds left.
|inactive|TheRainRainRain has 15 seconds left.
|inactive|TheRainRainRain has 10 seconds left.
|
|t:|1757238380
|-terastallize|p2b: Gothitelle|Steel
|-terastallize|p1a: Dragonite|Fairy
|move|p2b: Gothitelle|Psychic|p1a: Dragonite
|-damage|p1a: Dragonite|84/100
|move|p2a: Primarina|Perish Song|p2a: Primarina
|-start|p1a: Dragonite|perish3|[silent]
|-start|p1b: Incineroar|perish3|[silent]
|-start|p2a: Primarina|perish3|[silent]
|-start|p2b: Gothitelle|perish3|[silent]
|-fieldactivate|move: Perish Song
|move|p1b: Incineroar|Knock Off|p2a: Primarina
|-resisted|p2a: Primarina
|-damage|p2a: Primarina|86/100
|-enditem|p2a: Primarina|Life Orb|[from] move: Knock Off|[of] p1b: Incineroar
|move|p1a: Dragonite|Scale Shot|p2b: Gothitelle
|-resisted|p2b: Gothitelle
|-damage|p2b: Gothitelle|94/100
|-resisted|p2b: Gothitelle
|-damage|p2b: Gothitelle|89/100
|-resisted|p2b: Gothitelle
|-damage|p2b: Gothitelle|83/100
|-resisted|p2b: Gothitelle
|-damage|p2b: Gothitelle|76/100
|-resisted|p2b: Gothitelle
|-damage|p2b: Gothitelle|69/100
|-hitcount|p2b: Gothitelle|5
|-unboost|p1a: Dragonite|def|1
|-boost|p1a: Dragonite|spe|1
|
|-start|p2b: Gothitelle|perish3
|-start|p2a: Primarina|perish3
|-start|p1b: Incineroar|perish3
|-start|p1a: Dragonite|perish3
|upkeep
|turn|6
|inactive|TheRainRainRain has 30 seconds left.
|
|t:|1757238410
|switch|p2a: Incineroar|Incineroar, L50, F|27/100
|-ability|p2a: Incineroar|Intimidate|boost
|-unboost|p1a: Dragonite|atk|1
|-unboost|p1b: Incineroar|atk|1
|move|p2b: Gothitelle|Protect|p2b: Gothitelle
|-singleturn|p2b: Gothitelle|Protect
|move|p1a: Dragonite|Protect|p1a: Dragonite
|-singleturn|p1a: Dragonite|Protect
|move|p1b: Incineroar|Knock Off|p2b: Gothitelle
|-activate|p2b: Gothitelle|move: Protect
|
|-end|p1b: Incineroar|move: Taunt
|-start|p2b: Gothitelle|perish2
|-start|p1b: Incineroar|perish2
|-start|p1a: Dragonite|perish2
|upkeep
|turn|7
|inactive|CrazyyBoi has 30 seconds left.
|inactive|TheRainRainRain has 30 seconds left.
|inactive|CrazyyBoi has 20 seconds left.
|inactive|CrazyyBoi has 15 seconds left.
|
|t:|1757238453
|move|p2b: Gothitelle|Protect|p2b: Gothitelle
|-singleturn|p2b: Gothitelle|Protect
|move|p2a: Incineroar|Taunt|p1b: Incineroar
|-start|p1b: Incineroar|move: Taunt
|move|p1b: Incineroar|Flare Blitz|p2b: Gothitelle
|-activate|p2b: Gothitelle|move: Protect
|move|p1a: Dragonite|Scale Shot|p2a: Incineroar|[miss]
|-miss|p1a: Dragonite|p2a: Incineroar
|
|-start|p2b: Gothitelle|perish1
|-start|p1b: Incineroar|perish1
|-start|p1a: Dragonite|perish1
|-fieldend|move: Trick Room
|upkeep
|turn|8
|inactive|TheRainRainRain has 30 seconds left.
|inactive|CrazyyBoi has 30 seconds left.
|inactive|TheRainRainRain has 20 seconds left.
|
|t:|1757238488
|move|p1a: Dragonite|Tailwind|p1a: Dragonite
|-sidestart|p1: TheRainRainRain|move: Tailwind
|move|p1b: Incineroar|Flare Blitz|p2a: Incineroar
|-resisted|p2a: Incineroar
|-damage|p2a: Incineroar|16/100
|-damage|p1b: Incineroar|85/100|[from] Recoil
|move|p2a: Incineroar|Parting Shot|p1b: Incineroar
|-unboost|p1b: Incineroar|atk|1
|-unboost|p1b: Incineroar|spa|1
|
|t:|1757238499
|switch|p2a: Primarina|Primarina, L50, F|86/100|[from] Parting Shot
|move|p2b: Gothitelle|Trick Room|p2b: Gothitelle
|-fieldstart|move: Trick Room|[of] p2b: Gothitelle
|
|-start|p2b: Gothitelle|perish0
|-start|p1b: Incineroar|perish0
|-start|p1a: Dragonite|perish0
|faint|p2b: Gothitelle
|faint|p1b: Incineroar
|faint|p1a: Dragonite
|upkeep
|
|t:|1757238514
|switch|p2b: Incineroar|Incineroar, L50, F|16/100
|switch|p1b: Rillaboom|Rillaboom, L50, M|100/100
|switch|p1a: Gholdengo|Gholdengo, L50|100/100
|-ability|p2b: Incineroar|Intimidate|boost
|-unboost|p1a: Gholdengo|atk|1
|-unboost|p1b: Rillaboom|atk|1
|-fieldstart|move: Grassy Terrain|[from] ability: Grassy Surge|[of] p1b: Rillaboom
|turn|9
|
|t:|1757238535
|move|p2b: Incineroar|Fake Out|p1b: Rillaboom
|-damage|p1b: Rillaboom|91/100
|cant|p1b: Rillaboom|flinch
|move|p2a: Primarina|Hyper Voice|p1b: Rillaboom|[spread] p1a,p1b
|-resisted|p1b: Rillaboom
|-damage|p1a: Gholdengo|59/100
|-damage|p1b: Rillaboom|77/100
|move|p1a: Gholdengo|Shadow Ball|p2b: Incineroar
|-resisted|p2b: Incineroar
|-damage|p2b: Incineroar|0 fnt
|faint|p2b: Incineroar
|-damage|p1a: Gholdengo|50/100|[from] item: Life Orb
|
|-heal|p2a: Primarina|92/100|[from] Grassy Terrain
|-heal|p1b: Rillaboom|83/100|[from] Grassy Terrain
|-heal|p1a: Gholdengo|56/100|[from] Grassy Terrain
|upkeep
|
|t:|1757238546
|switch|p2b: Sableye|Sableye, L50, F|100/100
|turn|10
|
|t:|1757238556
|move|p1a: Gholdengo|Protect|p1a: Gholdengo
|-singleturn|p1a: Gholdengo|Protect
|move|p2b: Sableye|Fake Out|p1b: Rillaboom
|-damage|p1b: Rillaboom|75/100
|move|p2a: Primarina|Hyper Voice|p1b: Rillaboom|[spread] p1b
|-activate|p1a: Gholdengo|move: Protect
|-resisted|p1b: Rillaboom
|-damage|p1b: Rillaboom|61/100
|cant|p1b: Rillaboom|flinch
|
|-heal|p2a: Primarina|98/100|[from] Grassy Terrain
|-heal|p1b: Rillaboom|67/100|[from] Grassy Terrain
|-heal|p1a: Gholdengo|62/100|[from] Grassy Terrain
|upkeep
|turn|11
|
|t:|1757238575
|move|p2a: Primarina|Protect|p2a: Primarina
|-singleturn|p2a: Primarina|Protect
|move|p2b: Sableye|Disable||[still]
|-fail|p2b: Sableye
|move|p1b: Rillaboom|Wood Hammer|p2b: Sableye
|-damage|p2b: Sableye|29/100
|-damage|p1b: Rillaboom|48/100|[from] Recoil
|move|p1a: Gholdengo|Make It Rain|p2b: Sableye|[spread] p2b
|-activate|p2a: Primarina|move: Protect
|-damage|p2b: Sableye|0 fnt
|-unboost|p1a: Gholdengo|spa|1
|faint|p2b: Sableye
|-damage|p1a: Gholdengo|52/100|[from] item: Life Orb
|
|-heal|p2a: Primarina|100/100|[from] Grassy Terrain
|-heal|p1b: Rillaboom|54/100|[from] Grassy Terrain
|-heal|p1a: Gholdengo|59/100|[from] Grassy Terrain
|-sideend|p1: TheRainRainRain|move: Tailwind
|upkeep
|turn|12
|
|t:|1757238590
|move|p1a: Gholdengo|Protect|p1a: Gholdengo
|-singleturn|p1a: Gholdengo|Protect
|move|p1b: Rillaboom|Grassy Glide|p2a: Primarina
|-supereffective|p2a: Primarina
|-damage|p2a: Primarina|43/100
|move|p2a: Primarina|Moonblast|p1b: Rillaboom
|-damage|p1b: Rillaboom|16/100
|-unboost|p1b: Rillaboom|spa|1
|
|-heal|p2a: Primarina|49/100|[from] Grassy Terrain
|-heal|p1b: Rillaboom|22/100|[from] Grassy Terrain
|-heal|p1a: Gholdengo|65/100|[from] Grassy Terrain
|-fieldend|move: Trick Room
|upkeep
|turn|13
|
|t:|1757238600
|move|p2a: Primarina|Protect|p2a: Primarina
|-singleturn|p2a: Primarina|Protect
|move|p1a: Gholdengo|Make It Rain|p2a: Primarina
|-activate|p2a: Primarina|move: Protect
|move|p1b: Rillaboom|Wood Hammer|p2a: Primarina
|-activate|p2a: Primarina|move: Protect
|
|-heal|p1a: Gholdengo|71/100|[from] Grassy Terrain
|-heal|p1b: Rillaboom|28/100|[from] Grassy Terrain
|-heal|p2a: Primarina|55/100|[from] Grassy Terrain
|-fieldend|move: Grassy Terrain
|upkeep
|turn|14
|-message|CrazyyBoi forfeited.
|
|win|TheRainRainRain
|l|☆CrazyyBoi
|player|p2|
||TheRainRainRain is ready for game 2.
||CrazyyBoi is ready for game 2.
|uhtml|next|Next: Game 2 of 3
