|j|☆Alecat
|j|☆Richiskz
|html|AlecatRichiskz    
|uhtml|bestof|Game 2 of a best-of-3
|t:|1757848369
|gametype|doubles
|player|p1|Alecat|scientistf|1076
|player|p2|Richiskz|byron|1099
|gen|9
|tier|[Gen 9] VGC 2025 Reg H (Bo3)
|rated|
|rule|Species Clause: Limit one of each Pokémon
|rule|Item Clause: Limit 1 of each item
|clearpoke
|poke|p1|Sneasler, L50, M|
|poke|p1|Magmar, L50, M|
|poke|p1|Rillaboom, L50, M|
|poke|p1|Espathra, L50, M|
|poke|p1|Kingambit, L50, M|
|poke|p1|Arcanine-Hisui, L50, F|
|poke|p2|Frosmoth, L50, F|
|poke|p2|Dragonite, L50, M|
|poke|p2|Rillaboom, L50, M|
|poke|p2|Ninetales-Alola, L50, M|
|poke|p2|Incineroar, L50, M|
|poke|p2|Electabuzz, L50, M|
|teampreview|4
|showteam|p1|Sneasler||FocusSash|Unburden|FakeOut,CloseCombat,DireClaw,Coaching|||M|||50|,,,,,Ghost]Magmar||Eviolite|VitalSpirit|FollowMe,HeatWave,Taunt,Protect|||M|||50|,,,,,Dragon]Rillaboom||AssaultVest|GrassySurge|FakeOut,WoodHammer,GrassyGlide,HighHorsepower|||M|||50|,,,,,Fire]Espathra||GrassySeed|SpeedBoost|StoredPower,TeraBlast,CalmMind,Protect|||M|||50|,,,,,Fighting]Kingambit||SafetyGoggles|Defiant|KowtowCleave,SuckerPunch,SwordsDance,Protect|||M|||50|,,,,,Dark]Arcanine-Hisui||LoadedDice|Intimidate|FlareBlitz,RockBlast,ExtremeSpeed,Protect|||F|||50|,,,,,Ghost
|showteam|p2|Frosmoth||Leftovers|ShieldDust|Blizzard,TeraBlast,QuiverDance,Protect|||F|||50|,,,,,Water]Dragonite||LoadedDice|Multiscale|ScaleShot,Tailwind,ExtremeSpeed,Protect|||M|||50|,,,,,Dragon]Rillaboom||AssaultVest|GrassySurge|FakeOut,GrassyGlide,WoodHammer,Uturn|||M|||50|,,,,,Grass]Ninetales-Alola||LightClay|SnowWarning|AuroraVeil,Blizzard,Disable,Protect|||M|||50|,,,,,Ice]Incineroar||SafetyGoggles|Intimidate|FakeOut,FlareBlitz,PartingShot,KnockOff|||M|||50|,,,,,Fire]Electabuzz||Eviolite|Static|FollowMe,Electroweb,Taunt,Protect|||M|||50|,,,,,Electric
|inactive|Battle timer is ON: inactive players will automatically lose when time's up. (requested by Richiskz)
|inactive|Alecat also wants the timer to be on.
|inactive|Alecat has 60 seconds left.
|
|t:|1757848410
|teamsize|p1|4
|teamsize|p2|4
|start
|switch|p1a: Sneasler|Sneasler, L50, M|100/100
|switch|p1b: Rillaboom|Rillaboom, L50, M|100/100
|switch|p2a: Incineroar|Incineroar, L50, M|100/100
|switch|p2b: Frosmoth|Frosmoth, L50, F, shiny|100/100
|-fieldstart|move: Grassy Terrain|[from] ability: Grassy Surge|[of] p1b: Rillaboom
|-ability|p2a: Incineroar|Intimidate|boost
|-unboost|p1a: Sneasler|atk|1
|-unboost|p1b: Rillaboom|atk|1
|turn|1
|inactive|Richiskz has 30 seconds left.
|
|t:|1757848437
|move|p2b: Frosmoth|Protect|p2b: Frosmoth
|-singleturn|p2b: Frosmoth|Protect
|move|p1b: Rillaboom|Fake Out|p2a: Incineroar
|-crit|p2a: Incineroar
|-damage|p2a: Incineroar|82/100
|move|p1a: Sneasler|Dire Claw|p2b: Frosmoth
|-activate|p2b: Frosmoth|move: Protect
|cant|p2a: Incineroar|flinch
|
|-heal|p2a: Incineroar|88/100|[from] Grassy Terrain
|upkeep
|turn|2
|inactive|Alecat has 30 seconds left.
|
|t:|1757848469
|switch|p1a: Arcanine|Arcanine-Hisui, L50, F, shiny|100/100
|-ability|p1a: Arcanine|Intimidate|boost
|-unboost|p2a: Incineroar|atk|1
|-unboost|p2b: Frosmoth|atk|1
|move|p2b: Frosmoth|Quiver Dance|p2b: Frosmoth
|-boost|p2b: Frosmoth|spa|1
|-boost|p2b: Frosmoth|spd|1
|-boost|p2b: Frosmoth|spe|1
|move|p1b: Rillaboom|Wood Hammer|p2b: Frosmoth
|-resisted|p2b: Frosmoth
|-crit|p2b: Frosmoth
|-damage|p2b: Frosmoth|2/100
|-damage|p1b: Rillaboom|73/100|[from] Recoil
|move|p2a: Incineroar|Parting Shot|p1a: Arcanine
|-unboost|p1a: Arcanine|atk|1
|-unboost|p1a: Arcanine|spa|1
|
|t:|1757848486
|switch|p2a: Rillaboom|Rillaboom, L50, M|100/100|[from] Parting Shot
|
|-heal|p2b: Frosmoth|8/100|[from] Grassy Terrain
|-heal|p2b: Frosmoth|15/100|[from] item: Leftovers
|-heal|p1b: Rillaboom|79/100|[from] Grassy Terrain
|upkeep
|turn|3
|
|t:|1757848508
|-terastallize|p2b: Frosmoth|Water
|move|p2a: Rillaboom|Fake Out|p1b: Rillaboom
|-damage|p1b: Rillaboom|64/100
|cant|p1b: Rillaboom|flinch
|move|p2b: Frosmoth|Tera Blast|p1a: Arcanine|[anim] Tera Blast Water
|-supereffective|p1a: Arcanine
|-damage|p1a: Arcanine|0 fnt
|faint|p1a: Arcanine
|
|-heal|p2b: Frosmoth|21/100|[from] Grassy Terrain
|-heal|p2b: Frosmoth|27/100|[from] item: Leftovers
|-heal|p1b: Rillaboom|70/100|[from] Grassy Terrain
|upkeep
|
|t:|1757848523
|switch|p1a: Kingambit|Kingambit, L50, M|100/100
|turn|4
|
|t:|1757848538
|switch|p1b: Sneasler|Sneasler, L50, M|100/100
|switch|p2a: Incineroar|Incineroar, L50, M|88/100
|-ability|p2a: Incineroar|Intimidate|boost
|-unboost|p1a: Kingambit|atk|1
|-ability|p1a: Kingambit|Defiant|boost
|-boost|p1a: Kingambit|atk|2
|-unboost|p1b: Sneasler|atk|1
|move|p2b: Frosmoth|Protect|p2b: Frosmoth
|-singleturn|p2b: Frosmoth|Protect
|move|p1a: Kingambit|Swords Dance|p1a: Kingambit
|-boost|p1a: Kingambit|atk|2
|
|-heal|p2b: Frosmoth|33/100|[from] Grassy Terrain
|-heal|p2b: Frosmoth|39/100|[from] item: Leftovers
|-heal|p2a: Incineroar|94/100|[from] Grassy Terrain
|upkeep
|turn|5
|inactive|Richiskz has 30 seconds left.
|inactive|Richiskz has 20 seconds left.
|inactive|Richiskz has 15 seconds left.
|inactive|Richiskz has 10 seconds left.
|inactive|Richiskz has 5 seconds left.
|
|t:|1757848589
|move|p1b: Sneasler|Fake Out|p2a: Incineroar
|-damage|p2a: Incineroar|85/100
|move|p2b: Frosmoth|Quiver Dance|p2b: Frosmoth
|-boost|p2b: Frosmoth|spa|1
|-boost|p2b: Frosmoth|spd|1
|-boost|p2b: Frosmoth|spe|1
|cant|p2a: Incineroar|flinch
|move|p1a: Kingambit|Kowtow Cleave|p2b: Frosmoth
|-damage|p2b: Frosmoth|0 fnt
|faint|p2b: Frosmoth
|
|-heal|p2a: Incineroar|91/100|[from] Grassy Terrain
|-fieldend|move: Grassy Terrain
|upkeep
|
|t:|1757848604
|switch|p2b: Rillaboom|Rillaboom, L50, M|100/100
|-fieldstart|move: Grassy Terrain|[from] ability: Grassy Surge|[of] p2b: Rillaboom
|turn|6
|inactive|Richiskz has 30 seconds left.
|inactive|Richiskz has 20 seconds left.
|l|☆Richiskz
|inactive|Richiskz disconnected and has a minute to reconnect!
|player|p2|
|inactive|Richiskz has 15 seconds left.
|inactive|Richiskz has 10 seconds left.
|inactive|Richiskz has 5 seconds left.
|-message|Richiskz lost due to inactivity.
|
|win|Alecat
|inactive|Alecat has 30 seconds to confirm battle start!
|inactive|Richiskz has 30 seconds to confirm battle start!
||Alecat is ready for game 3.
