|j|☆Amonio
|j|☆Npc red panther
|html|AmonioNpc red panther    
|uhtml|bestof|Game 1 of a best-of-3
|t:|1757690507
|gametype|doubles
|player|p1|Amonio|101|1057
|player|p2|Npc red panther|266|1150
|gen|9
|tier|[Gen 9] VGC 2025 Reg H (Bo3)
|rated|
|rule|Species Clause: Limit one of each Pokémon
|rule|Item Clause: Limit 1 of each item
|clearpoke
|poke|p1|Talonflame, L50, M|
|poke|p1|Sneasler, L50, F|
|poke|p1|Indeedee, L50, M|
|poke|p1|Archaludon, L50, F|
|poke|p1|Sinistcha, L50|
|poke|p1|Pelipper, L50, F|
|poke|p2|Scyther, L50, M|
|poke|p2|Pelipper, L50, F|
|poke|p2|Basculegion, L50, M|
|poke|p2|Archaludon, L50, M|
|poke|p2|Incineroar, L50, F|
|poke|p2|Rillaboom, L50, F|
|teampreview|4
|showteam|p1|Talonflame||CovertCloak|GaleWings|BraveBird,WillOWisp,Tailwind,Taunt|||M|||50|,,,,,Ghost]Sneasler||PsychicSeed|Unburden|DireClaw,ThroatChop,CloseCombat,Protect|||F|||50|,,,,,Dark]Indeedee||ChoiceSpecs|PsychicSurge|ExpandingForce,DazzlingGleam,ShadowBall,TeraBlast|||M|||50|,,,,,Fighting]Archaludon||AssaultVest|Stamina|DracoMeteor,ElectroShot,Snarl,BodyPress|||F|||50|,,,,,Bug]Sinistcha||SitrusBerry|Hospitality|MatchaGotcha,RagePowder,LifeDew,Protect||||||50|,,,,,Water]Pelipper||FocusSash|Drizzle|Hurricane,MuddyWater,WideGuard,Protect|||F|||50|,,,,,Ghost
|showteam|p2|Scyther||Eviolite|Technician|DualWingbeat,CloseCombat,Lunge,Protect|||M|||50|,,,,,Water]Pelipper||FocusSash|Drizzle|Tailwind,Hurricane,WeatherBall,Protect|||F|||50|,,,,,Stellar]Basculegion||ChoiceBand|SwiftSwim|WaveCrash,FlipTurn,AquaJet,LastRespects|||M|||50|,,,,,Water]Archaludon||PowerHerb|Sturdy|ElectroShot,DragonPulse,FlashCannon,Protect|||M|||50|,,,,,Grass]Incineroar||SafetyGoggles|Intimidate|FakeOut,FlareBlitz,KnockOff,PartingShot|||F|||50|,,,,,Ghost]Rillaboom||AssaultVest|GrassySurge|FakeOut,GrassyGlide,WoodHammer,Uturn|||F|||50|,,,,,Fire
|l|☆Npc red panther
|player|p2|
|inactive|Battle timer is ON: inactive players will automatically lose when time's up. (requested by Amonio)
|j|☆Npc red panther
|inactive|Npc red panther reconnected and has 90 seconds left.
|player|p2|Npc red panther|266|
|inactive|Npc red panther has 60 seconds left.
|
|t:|1757690570
|teamsize|p1|4
|teamsize|p2|4
|start
|switch|p1a: Sneasler|Sneasler, L50, F|100/100
|switch|p1b: Indeedee|Indeedee, L50, M|100/100
|switch|p2a: Scyther|Scyther, L50, M|100/100
|switch|p2b: Archaludon|Archaludon, L50, M|100/100
|-fieldstart|move: Psychic Terrain|[from] ability: Psychic Surge|[of] p1b: Indeedee
|-enditem|p1a: Sneasler|Psychic Seed
|-boost|p1a: Sneasler|spd|1|[from] item: Psychic Seed
|turn|1
|inactive|Amonio has 30 seconds left.
|inactive|Npc red panther has 30 seconds left.
|
|t:|1757690601
|switch|p2b: Rillaboom|Rillaboom, L50, F|100/100
|-fieldstart|move: Grassy Terrain|[from] ability: Grassy Surge|[of] p2b: Rillaboom
|move|p1a: Sneasler|Dire Claw|p2a: Scyther
|-damage|p2a: Scyther|62/100
|-status|p2a: Scyther|slp
|move|p1b: Indeedee|Expanding Force|p2b: Rillaboom
|-crit|p2b: Rillaboom
|-damage|p2b: Rillaboom|50/100
|cant|p2a: Scyther|slp
|
|-heal|p2b: Rillaboom|57/100|[from] Grassy Terrain
|upkeep
|turn|2
|
|t:|1757690620
|move|p2b: Rillaboom|Fake Out|p1a: Sneasler
|-damage|p1a: Sneasler|78/100
|cant|p1a: Sneasler|flinch
|move|p1b: Indeedee|Expanding Force|p2a: Scyther
|-damage|p2a: Scyther|15/100 slp
|-curestatus|p2a: Scyther|slp|[msg]
|move|p2a: Scyther|Lunge|p1b: Indeedee
|-supereffective|p1b: Indeedee
|-damage|p1b: Indeedee|0 fnt
|faint|p1b: Indeedee
|
|-heal|p1a: Sneasler|84/100|[from] Grassy Terrain
|-heal|p2b: Rillaboom|63/100|[from] Grassy Terrain
|upkeep
|
|t:|1757690631
|switch|p1b: Archaludon|Archaludon, L50, F|100/100
|turn|3
|
|t:|1757690648
|switch|p2b: Incineroar|Incineroar, L50, F|100/100
|-ability|p2b: Incineroar|Intimidate|boost
|-unboost|p1a: Sneasler|atk|1
|-unboost|p1b: Archaludon|atk|1
|-terastallize|p1b: Archaludon|Bug
|move|p2a: Scyther|Protect|p2a: Scyther
|-singleturn|p2a: Scyther|Protect
|move|p1a: Sneasler|Dire Claw|p2b: Incineroar
|-damage|p2b: Incineroar|77/100
|move|p1b: Archaludon|Body Press|p2a: Scyther
|-activate|p2a: Scyther|move: Protect
|
|-heal|p1a: Sneasler|90/100|[from] Grassy Terrain
|-heal|p2b: Incineroar|83/100|[from] Grassy Terrain
|upkeep
|turn|4
|
|t:|1757690670
|move|p1a: Sneasler|Protect|p1a: Sneasler
|-singleturn|p1a: Sneasler|Protect
|move|p2b: Incineroar|Fake Out|p1a: Sneasler
|-activate|p1a: Sneasler|move: Protect
|move|p2a: Scyther|Dual Wingbeat|p1b: Archaludon
|-supereffective|p1b: Archaludon
|-damage|p1b: Archaludon|61/100
|-ability|p1b: Archaludon|Stamina|boost
|-boost|p1b: Archaludon|def|1
|-supereffective|p1b: Archaludon
|-damage|p1b: Archaludon|33/100
|-ability|p1b: Archaludon|Stamina|boost
|-boost|p1b: Archaludon|def|1
|-hitcount|p1b: Archaludon|2
|move|p1b: Archaludon|Body Press|p2b: Incineroar
|-supereffective|p2b: Incineroar
|-damage|p2b: Incineroar|0 fnt
|faint|p2b: Incineroar
|
|-heal|p1a: Sneasler|96/100|[from] Grassy Terrain
|-heal|p1b: Archaludon|39/100|[from] Grassy Terrain
|upkeep
|
|t:|1757690673
|switch|p2b: Archaludon|Archaludon, L50, M|100/100
|turn|5
|
|t:|1757690692
|-terastallize|p2b: Archaludon|Grass
|move|p1a: Sneasler|Dire Claw|p2a: Scyther
|-damage|p2a: Scyther|0 fnt
|faint|p2a: Scyther
|move|p2b: Archaludon|Electro Shot||[still]
|-prepare|p2b: Archaludon|Electro Shot
|-boost|p2b: Archaludon|spa|1
|-enditem|p2b: Archaludon|Power Herb
|-anim|p2b: Archaludon|Electro Shot|p1a: Sneasler
|-damage|p1a: Sneasler|37/100
|move|p1b: Archaludon|Body Press|p2b: Archaludon
|-damage|p2b: Archaludon|57/100
|
|-heal|p1a: Sneasler|43/100|[from] Grassy Terrain
|-heal|p2b: Archaludon|63/100|[from] Grassy Terrain
|-heal|p1b: Archaludon|45/100|[from] Grassy Terrain
|-fieldend|move: Grassy Terrain
|upkeep
|
|t:|1757690709
|switch|p2a: Rillaboom|Rillaboom, L50, F|63/100
|-fieldstart|move: Grassy Terrain|[from] ability: Grassy Surge|[of] p2a: Rillaboom
|turn|6
|
|t:|1757690720
|switch|p1b: Sinistcha|Sinistcha, L50|100/100
|-heal|p1a: Sneasler|68/100|[from] ability: Hospitality|[of] p1b: Sinistcha
|move|p1a: Sneasler|Protect|p1a: Sneasler
|-singleturn|p1a: Sneasler|Protect
|move|p2a: Rillaboom|Fake Out|p1a: Sneasler
|-activate|p1a: Sneasler|move: Protect
|move|p2b: Archaludon|Dragon Pulse|p1b: Sinistcha
|-damage|p1b: Sinistcha|32/100
|-enditem|p1b: Sinistcha|Sitrus Berry|[eat]
|-heal|p1b: Sinistcha|57/100|[from] item: Sitrus Berry
|
|-heal|p1a: Sneasler|74/100|[from] Grassy Terrain
|-heal|p2b: Archaludon|69/100|[from] Grassy Terrain
|-heal|p2a: Rillaboom|69/100|[from] Grassy Terrain
|-heal|p1b: Sinistcha|64/100|[from] Grassy Terrain
|upkeep
|turn|7
|
|t:|1757690742
|move|p2b: Archaludon|Protect|p2b: Archaludon
|-singleturn|p2b: Archaludon|Protect
|move|p1b: Sinistcha|Rage Powder|p1b: Sinistcha
|-singleturn|p1b: Sinistcha|move: Rage Powder
|move|p1a: Sneasler|Dire Claw|p2b: Archaludon
|-activate|p2b: Archaludon|move: Protect
|move|p2a: Rillaboom|Wood Hammer|p1a: Sneasler
|-resisted|p1a: Sneasler
|-damage|p1a: Sneasler|12/100
|-damage|p2a: Rillaboom|52/100|[from] Recoil
|
|-heal|p1a: Sneasler|18/100|[from] Grassy Terrain
|-heal|p2b: Archaludon|75/100|[from] Grassy Terrain
|-heal|p2a: Rillaboom|58/100|[from] Grassy Terrain
|-heal|p1b: Sinistcha|70/100|[from] Grassy Terrain
|upkeep
|turn|8
|
|t:|1757690757
|move|p2a: Rillaboom|Grassy Glide|p1a: Sneasler
|-resisted|p1a: Sneasler
|-damage|p1a: Sneasler|0 fnt
|faint|p1a: Sneasler
|move|p2b: Archaludon|Flash Cannon|p1b: Sinistcha
|-damage|p1b: Sinistcha|0 fnt
|faint|p1b: Sinistcha
|
|-heal|p2b: Archaludon|81/100|[from] Grassy Terrain
|-heal|p2a: Rillaboom|64/100|[from] Grassy Terrain
|upkeep
|
|t:|1757690764
|switch|p1b: Archaludon|Archaludon, L50, F, tera:Bug|45/100
|turn|9
|-message|Amonio forfeited.
|
|win|Npc red panther
||Amonio is ready for game 2.
||Npc red panther is ready for game 2.
|uhtml|next|Next: Game 2 of 3
