|j|☆Jao9222
|j|☆sillyfrog2003
|html|Jao9222sillyfrog2003    
|uhtml|bestof|Game 2 of a best-of-3
|t:|1757654471
|gametype|doubles
|player|p1|Jao9222|102|1019
|player|p2|sillyfrog2003|guitarist|1027
|gen|9
|tier|[Gen 9] VGC 2025 Reg H (Bo3)
|rated|
|rule|Species Clause: Limit one of each Pokémon
|rule|Item Clause: Limit 1 of each item
|clearpoke
|poke|p1|Pelipper, L50, M|
|poke|p1|Archaludon, L50, M|
|poke|p1|Basculegion, L50, M|
|poke|p1|Amoonguss, L50, M|
|poke|p1|Incineroar, L50, M|
|poke|p1|Maushold-Four, L50|
|poke|p2|Typhlosion-Hisui, L50, F|
|poke|p2|Whimsicott, L50, F|
|poke|p2|Sneasler, L50, F|
|poke|p2|Ursaluna, L50, M|
|poke|p2|Torkoal, L50, F|
|poke|p2|Bronzong, L50|
|teampreview|4
|showteam|p1|Pelipper||DampRock|Drizzle|WeatherBall,Tailwind,Hurricane,Protect|||M|||50|,,,,,Water]Archaludon||PowerHerb|Stamina|BodyPress,ElectroShot,DragonPulse,FlashCannon|||M|||50|,,,,,Electric]Basculegion||ChoiceBand|SwiftSwim|FlipTurn,LastRespects,Waterfall,WaveCrash|||M|||50|,,,,,Water]Amoonguss||RockyHelmet|Regenerator|Spore,PollenPuff,RagePowder,Protect|||M|||50|,,,,,Fairy]Incineroar||SitrusBerry|Intimidate|FakeOut,FlareBlitz,PartingShot,KnockOff|||M|||50|,,,,,Ghost]Maushold-Four||WideLens|Technician|PopulationBomb,TidyUp,ThunderWave,Encore||||||50|,,,,,Normal
|showteam|p2|Typhlosion-Hisui||ChoiceSpecs|Frisk|Eruption,ShadowBall,Flamethrower,HeatWave|||F|||50|,,,,,Fire]Whimsicott||CovertCloak|Prankster|Moonblast,Tailwind,Taunt,SunnyDay|||F|||50|,,,,,Dark]Sneasler||WhiteHerb|Unburden|DireClaw,CloseCombat,Acrobatics,Protect|||F|||50|,,,,,Flying]Ursaluna||FlameOrb|Guts|Protect,Facade,Earthquake,HeadlongRush|||M|||50|,,,,,Water]Torkoal||Charcoal|Drought|Eruption,Flamethrower,ClearSmog,Protect|||F|||50|,,,,,Fire]Bronzong||MentalHerb|Levitate|GyroBall,SkillSwap,PsychicTerrain,TrickRoom||||||50|,,,,,Fairy
|
|t:|1757654515
|teamsize|p1|4
|teamsize|p2|4
|start
|switch|p1a: Incineroar|Incineroar, L50, M|100/100
|switch|p1b: Maushold|Maushold-Four, L50|100/100
|switch|p2a: Whimsicott|Whimsicott, L50, F|100/100
|switch|p2b: Typhlosion|Typhlosion-Hisui, L50, F|100/100
|-item|p1a: Incineroar|Sitrus Berry|[from] ability: Frisk|[of] p2b: Typhlosion
|-item|p1b: Maushold|Wide Lens|[from] ability: Frisk|[of] p2b: Typhlosion
|-ability|p1a: Incineroar|Intimidate|boost
|-unboost|p2a: Whimsicott|atk|1
|-unboost|p2b: Typhlosion|atk|1
|turn|1
|inactive|Battle timer is ON: inactive players will automatically lose when time's up. (requested by sillyfrog2003)
|inactive|Jao9222 has 60 seconds left.
|
|t:|1757654553
|switch|p1b: Pelipper|Pelipper, L50, M|100/100
|-weather|RainDance|[from] ability: Drizzle|[of] p1b: Pelipper
|switch|p2b: Sneasler|Sneasler, L50, F|100/100
|move|p2a: Whimsicott|Tailwind|p2a: Whimsicott
|-sidestart|p2: sillyfrog2003|move: Tailwind
|move|p1a: Incineroar|Knock Off|p2b: Sneasler
|-resisted|p2b: Sneasler
|-damage|p2b: Sneasler|66/100
|-enditem|p2b: Sneasler|White Herb|[from] move: Knock Off|[of] p1a: Incineroar
|
|-weather|RainDance|[upkeep]
|upkeep
|turn|2
|inactive|sillyfrog2003 has 30 seconds left.
|
|t:|1757654579
|move|p2a: Whimsicott|Sunny Day|p2a: Whimsicott
|-weather|SunnyDay
|move|p2b: Sneasler|Dire Claw|p1b: Pelipper
|-damage|p1b: Pelipper|54/100
|move|p1b: Pelipper|Tailwind|p1b: Pelipper
|-sidestart|p1: Jao9222|move: Tailwind
|move|p1a: Incineroar|Flare Blitz|p2a: Whimsicott
|-supereffective|p2a: Whimsicott
|-damage|p2a: Whimsicott|0 fnt
|faint|p2a: Whimsicott
|-damage|p1a: Incineroar|73/100|[from] Recoil
|
|-weather|SunnyDay|[upkeep]
|upkeep
|
|t:|1757654590
|switch|p2a: Typhlosion|Typhlosion-Hisui, L50, F|100/100
|-item|p1a: Incineroar|Sitrus Berry|[from] ability: Frisk|[of] p2a: Typhlosion
|-item|p1b: Pelipper|Damp Rock|[from] ability: Frisk|[of] p2a: Typhlosion
|turn|3
|inactive|Jao9222 has 30 seconds left.
|
|t:|1757654621
|switch|p1b: Archaludon|Archaludon, L50, M|100/100
|-terastallize|p2a: Typhlosion|Fire
|move|p2b: Sneasler|Close Combat|p1a: Incineroar
|-supereffective|p1a: Incineroar
|-damage|p1a: Incineroar|0 fnt
|-unboost|p2b: Sneasler|def|1
|-unboost|p2b: Sneasler|spd|1
|faint|p1a: Incineroar
|move|p2a: Typhlosion|Eruption|p1b: Archaludon
|-damage|p1b: Archaludon|0 fnt
|faint|p1b: Archaludon
|
|-weather|SunnyDay|[upkeep]
|upkeep
|
|t:|1757654630
|switch|p1b: Maushold|Maushold-Four, L50|100/100
|switch|p1a: Pelipper|Pelipper, L50, M|54/100
|-weather|RainDance|[from] ability: Drizzle|[of] p1a: Pelipper
|turn|4
|inactive|Jao9222 has 30 seconds left.
|
|t:|1757654664
|move|p1a: Pelipper|Protect|p1a: Pelipper
|-singleturn|p1a: Pelipper|Protect
|move|p2b: Sneasler|Close Combat|p1b: Maushold
|-supereffective|p1b: Maushold
|-damage|p1b: Maushold|0 fnt
|-unboost|p2b: Sneasler|def|1
|-unboost|p2b: Sneasler|spd|1
|faint|p1b: Maushold
|move|p2a: Typhlosion|Eruption|p1a: Pelipper
|-activate|p1a: Pelipper|move: Protect
|
|-weather|RainDance|[upkeep]
|-sideend|p2: sillyfrog2003|move: Tailwind
|upkeep
|turn|5
|
|t:|1757654679
|switch|p2b: Ursaluna|Ursaluna, L50, M|100/100
|move|p1a: Pelipper|Weather Ball|p2a: Typhlosion
|-supereffective|p2a: Typhlosion
|-damage|p2a: Typhlosion|0 fnt
|faint|p2a: Typhlosion
|
|-weather|RainDance|[upkeep]
|-sideend|p1: Jao9222|move: Tailwind
|-status|p2b: Ursaluna|brn|[from] item: Flame Orb
|upkeep
|
|t:|1757654689
|switch|p2a: Sneasler|Sneasler, L50, F|66/100
|turn|6
|
|t:|1757654694
|move|p2a: Sneasler|Dire Claw|p1a: Pelipper
|-damage|p1a: Pelipper|10/100
|-status|p1a: Pelipper|psn
|move|p1a: Pelipper|Hurricane|p2a: Sneasler
|-supereffective|p2a: Sneasler
|-damage|p2a: Sneasler|0 fnt
|faint|p2a: Sneasler
|move|p2b: Ursaluna|Facade|p1a: Pelipper
|-damage|p1a: Pelipper|0 fnt
|faint|p1a: Pelipper
|
|win|sillyfrog2003
|l|☆sillyfrog2003
|player|p2|
|inactive|Jao9222 has 30 seconds to confirm battle start!
|inactive|sillyfrog2003 has 30 seconds to confirm battle start!
||sillyfrog2003 is ready for game 3.
||Jao9222 is ready for game 3.
|uhtml|next|Next: Game 3 of 3
