|j|☆mikewwm8
|j|☆Saladcookies
|html|mikewwm8Saladcookies    
|uhtml|bestof|Game 2 of a best-of-3
|t:|1783980253
|gametype|doubles
|player|p1|mikewwm8|101|
|player|p2|Saladcookies|janitor|
|gen|9
|tier|[Gen 9 Champions] VGC 2026 Reg M-B (Bo3)
|rule|Species Clause: Limit one of each Pokémon
|rule|Item Clause: Limit 1 of each item
|clearpoke
|poke|p1|Raichu, L50, M|
|poke|p1|Mawile, L50, M|
|poke|p1|Sinistcha, L50, shiny|
|poke|p1|Ceruledge, L50, F|
|poke|p1|Milotic, L50, M, shiny|
|poke|p1|Incineroar, L50, M|
|poke|p2|Sneasler, L50, F|
|poke|p2|Blastoise, L50, M|
|poke|p2|Malamar, L50, F|
|poke|p2|Incineroar, L50, M|
|poke|p2|Delphox, L50, M|
|poke|p2|Sinistcha, L50|
|teampreview|4
|showteam|p1|Raichu||RaichuniteY|LightningRod|ZapCannon,FocusBlast,FakeOut,Protect|Timid||M|||50|]Mawile||Mawilite|HyperCutter|PlayRough,SuckerPunch,SwordsDance,Protect|Adamant||M|||50|]Sinistcha||KasibBerry|Hospitality|MatchaGotcha,LifeDew,RagePowder,Protect|Relaxed|||||50|]Ceruledge||ColburBerry|FlashFire|BitterBlade,ShadowSneak,BulkUp,Protect|Adamant||F|||50|]Milotic||Leftovers|Competitive|MuddyWater,Coil,Hypnosis,Protect|Calm||M|||50|]Incineroar||SitrusBerry|Intimidate|FlareBlitz,ThroatChop,FakeOut,PartingShot|Impish||M|||50|
|showteam|p2|Sneasler||FocusSash|PoisonTouch|PoisonJab,CloseCombat,FakeOut,Protect|Jolly||F|||50|]Blastoise||Blastoisinite|RainDish|DarkPulse,WaterSpout,ShellSmash,Protect|Modest||M|||50|]Malamar||Leftovers|Contrary|Superpower,KnockOff,TopsyTurvy,Protect|Adamant||F|||50|]Incineroar||SitrusBerry|Intimidate|FlareBlitz,ThroatChop,PartingShot,FakeOut|Careful||M|||50|]Delphox||Delphoxite|Blaze|HeatWave,NastyPlot,Psychic,Protect|Modest||M|||50|]Sinistcha||KasibBerry|Hospitality|MatchaGotcha,RagePowder,TrickRoom,Protect|Bold|||||50|
|inactive|Battle timer is ON: inactive players will automatically lose when time's up. (requested by mikewwm8)
|inactive|mikewwm8 has 60 seconds left.
|
|t:|1783980318
|teamsize|p1|4
|teamsize|p2|4
|start
|switch|p1a: Raichu|Raichu, L50, M|100/100
|switch|p1b: Milotic|Milotic, L50, M, shiny|100/100
|switch|p2a: Sinistcha|Sinistcha, L50|100/100
|switch|p2b: Blastoise|Blastoise, L50, M|100/100
|turn|1
|
|t:|1783980339
|detailschange|p1a: Raichu|Raichu-Mega-Y, L50, M
|-mega|p1a: Raichu|Raichu|Raichunite Y
|detailschange|p2b: Blastoise|Blastoise-Mega, L50, M
|-mega|p2b: Blastoise|Blastoise|Blastoisinite
|move|p1a: Raichu|Fake Out|p2b: Blastoise
|-damage|p2b: Blastoise|91/100
|move|p2a: Sinistcha|Rage Powder|p2a: Sinistcha
|-singleturn|p2a: Sinistcha|move: Rage Powder
|cant|p2b: Blastoise|flinch
|move|p1b: Milotic|Coil|p1b: Milotic
|-boost|p1b: Milotic|atk|1
|-boost|p1b: Milotic|def|1
|-boost|p1b: Milotic|accuracy|1
|
|upkeep
|turn|2
|
|t:|1783980357
|move|p2a: Sinistcha|Rage Powder|p2a: Sinistcha
|-singleturn|p2a: Sinistcha|move: Rage Powder
|move|p1a: Raichu|Zap Cannon|p2a: Sinistcha
|-resisted|p2a: Sinistcha|1
|-damage|p2a: Sinistcha|70/100
|-status|p2a: Sinistcha|par
|move|p2b: Blastoise|Shell Smash|p2b: Blastoise
|-unboost|p2b: Blastoise|def|1
|-unboost|p2b: Blastoise|spd|1
|-boost|p2b: Blastoise|atk|2
|-boost|p2b: Blastoise|spa|2
|-boost|p2b: Blastoise|spe|2
|move|p1b: Milotic|Hypnosis||[still]
|-fail|p1b: Milotic
|
|upkeep
|turn|3
|
|t:|1783980370
|move|p1a: Raichu|Protect|p1a: Raichu
|-singleturn|p1a: Raichu|Protect
|cant|p2a: Sinistcha|par
|move|p2b: Blastoise|Water Spout|p1a: Raichu|[spread] p1b
|-activate|p1a: Raichu|move: Protect
|-resisted|p1b: Milotic|1
|-damage|p1b: Milotic|62/100
|move|p1b: Milotic|Muddy Water|p2a: Sinistcha|[spread] p2a,p2b
|-resisted|p2a: Sinistcha|1
|-resisted|p2b: Blastoise|1
|-damage|p2a: Sinistcha|57/100 par
|-damage|p2b: Blastoise|72/100
|-unboost|p2a: Sinistcha|accuracy|1
|
|-heal|p1b: Milotic|68/100|[from] item: Leftovers
|upkeep
|turn|4
|
|t:|1783980386
|move|p2a: Sinistcha|Rage Powder|p2a: Sinistcha
|-singleturn|p2a: Sinistcha|move: Rage Powder
|move|p2b: Blastoise|Water Spout|p1b: Milotic|[spread] p1a,p1b
|-resisted|p1b: Milotic|1
|-damage|p1a: Raichu|0 fnt
|-damage|p1b: Milotic|37/100
|faint|p1a: Raichu
|move|p1b: Milotic|Muddy Water|p2a: Sinistcha|[spread] p2a,p2b
|-resisted|p2a: Sinistcha|1
|-resisted|p2b: Blastoise|1
|-damage|p2a: Sinistcha|47/100 par
|-damage|p2b: Blastoise|54/100
|
|-heal|p1b: Milotic|43/100|[from] item: Leftovers
|upkeep
|
|t:|1783980397
|switch|p1a: Ceruledge|Ceruledge, L50, F|100/100
|turn|5
|
|t:|1783980416
|move|p2a: Sinistcha|Rage Powder|p2a: Sinistcha
|-singleturn|p2a: Sinistcha|move: Rage Powder
|move|p1a: Ceruledge|Shadow Sneak|p2a: Sinistcha
|-supereffective|p2a: Sinistcha|1
|-enditem|p2a: Sinistcha|Kasib Berry|[eat]
|-enditem|p2a: Sinistcha|Kasib Berry|[weaken]
|-damage|p2a: Sinistcha|29/100 par
|move|p2b: Blastoise|Dark Pulse|p1b: Milotic
|-damage|p1b: Milotic|0 fnt
|faint|p1b: Milotic
|
|upkeep
|
|t:|1783980424
|switch|p1b: Incineroar|Incineroar, L50, M|100/100
|-ability|p1b: Incineroar|Intimidate|boost
|-unboost|p2a: Sinistcha|atk|1
|-unboost|p2b: Blastoise|atk|1
|turn|6
|
|t:|1783980427
|switch|p2a: Incineroar|Incineroar, L50, M|100/100
|-ability|p2a: Incineroar|Intimidate|boost
|-unboost|p1a: Ceruledge|atk|1
|-unboost|p1b: Incineroar|atk|1
|move|p2b: Blastoise|Protect|p2b: Blastoise
|-singleturn|p2b: Blastoise|Protect
|move|p1b: Incineroar|Fake Out|p2b: Blastoise
|-activate|p2b: Blastoise|move: Protect
|move|p1a: Ceruledge|Bulk Up|p1a: Ceruledge
|-boost|p1a: Ceruledge|atk|1
|-boost|p1a: Ceruledge|def|1
|
|upkeep
|turn|7
|
|t:|1783980433
|switch|p2a: Sinistcha|Sinistcha, L50|29/100 par
|-heal|p2b: Blastoise|79/100|[from] ability: Hospitality|[of] p2a: Sinistcha
|move|p1a: Ceruledge|Shadow Sneak|p2b: Blastoise
|-damage|p2b: Blastoise|45/100
|move|p2b: Blastoise|Water Spout|p1a: Ceruledge|[spread] p1a,p1b
|-supereffective|p1a: Ceruledge|1
|-supereffective|p1b: Incineroar|1
|-damage|p1a: Ceruledge|0 fnt
|-damage|p1b: Incineroar|0 fnt
|faint|p1a: Ceruledge
|faint|p1b: Incineroar
|
|win|Saladcookies
||mikewwm8 is ready for game 3.
||Saladcookies is ready for game 3.
|uhtml|next|Next: Game 3 of 3
