|j|☆dragonboy2100
|j|☆huntr/x rumi
|html|dragonboy2100huntr/x rumi    
|uhtml|bestof|Game 1 of a best-of-3
|t:|1756779646
|gametype|doubles
|player|p1|dragonboy2100|sage|1213
|player|p2|huntr/x rumi|guitarist|1279
|gen|9
|tier|[Gen 9] VGC 2025 Reg H (Bo3)
|rated|
|rule|Species Clause: Limit one of each Pokémon
|rule|Item Clause: Limit 1 of each item
|clearpoke
|poke|p1|Corviknight, L50, M|
|poke|p1|Indeedee, L50, M|
|poke|p1|Sinistcha, L50|
|poke|p1|Tyranitar, L50, M|
|poke|p1|Excadrill, L50, M|
|poke|p1|Sneasler, L50, M|
|poke|p2|Grimmsnarl, L50, M|
|poke|p2|Incineroar, L50, F|
|poke|p2|Gliscor, L50, M|
|poke|p2|Archaludon, L50, F|
|poke|p2|Sinistcha, L50|
|poke|p2|Pelipper, L50, F|
|teampreview|4
|showteam|p1|Corviknight||PsychicSeed|MirrorArmor|BraveBird,PowerTrip,BulkUp,Roost|||M|||50|,,,,,Water]Indeedee||ChoiceScarf|PsychicSurge|ExpandingForce,TeraBlast,Protect,Trick|||M|||50|,,,,,Psychic]Sinistcha||SitrusBerry|Hospitality|MatchaGotcha,ShadowBall,RagePowder,Protect||||||50|,,,,,Water]Tyranitar||AssaultVest|SandStream|RockSlide,KnockOff,LowKick,TeraBlast|||M|||50|,,,,,Flying]Excadrill||FocusSash|SandRush|Earthquake,IronHead,SwordsDance,Protect|||M|||50|,,,,,Ground]Sneasler||WhiteHerb|Unburden|CloseCombat,DireClaw,Coaching,FakeOut|||M|||50|,,,,,Flying
|showteam|p2|Grimmsnarl||LightClay|Prankster|ThunderWave,LightScreen,Reflect,SpiritBreak|||M|||50|,,,,,Ghost]Incineroar||SafetyGoggles|Intimidate|FakeOut,KnockOff,FlareBlitz,PartingShot|||F|||50|,,,,,Ghost]Gliscor||ToxicOrb|PoisonHeal|DualWingbeat,SwordsDance,Protect,HighHorsepower|||M|||50|,,,,,Water]Archaludon||PowerHerb|Stalwart|ElectroShot,DracoMeteor,Thunderbolt,Protect|||F|||50|,,,,,Electric]Sinistcha||AssaultVest|Hospitality|MatchaGotcha,ShadowBall,Scald,Hex||||||50|,,,,,Water]Pelipper||FocusSash|Drizzle|WeatherBall,Hurricane,Tailwind,Protect|||F|||50|,,,,,Ghost
|c|☆huntr/x rumi|Hi matin
|c|☆dragonboy2100|LOL
|c|☆dragonboy2100|hi blake
|c|☆huntr/x rumi|I have ur plushies
|inactive|Battle timer is ON: inactive players will automatically lose when time's up. (requested by dragonboy2100)
|c|☆dragonboy2100|!
|c|☆huntr/x rumi|Or whatever u ordered from.worlds
|inactive|dragonboy2100 has 60 seconds left.
|inactive|huntr/x rumi has 60 seconds left.
|inactive|dragonboy2100 has 30 seconds left.
|inactive|dragonboy2100 has 20 seconds left.
|inactive|dragonboy2100 has 15 seconds left.
|inactive|dragonboy2100 has 10 seconds left.
|inactive|dragonboy2100 has 5 seconds left.
|
|t:|1756779753
|teamsize|p1|4
|teamsize|p2|4
|start
|switch|p1a: Sneasler|Sneasler, L50, M|100/100
|switch|p1b: Excadrill|Excadrill, L50, M|100/100
|switch|p2a: Pelipper|Pelipper, L50, F|100/100
|switch|p2b: Archaludon|Archaludon, L50, F|100/100
|-weather|RainDance|[from] ability: Drizzle|[of] p2a: Pelipper
|turn|1
|inactive|dragonboy2100 has 30 seconds left.
|
|t:|1756779779
|switch|p2b: Gliscor|Gliscor, L50, M, shiny|100/100
|move|p1a: Sneasler|Fake Out|p2a: Pelipper
|-crit|p2a: Pelipper
|-damage|p2a: Pelipper|70/100
|move|p1b: Excadrill|Swords Dance|p1b: Excadrill
|-boost|p1b: Excadrill|atk|2
|cant|p2a: Pelipper|flinch
|
|-weather|RainDance|[upkeep]
|-status|p2b: Gliscor|tox|[from] item: Toxic Orb
|upkeep
|turn|2
|
|t:|1756779801
|move|p2a: Pelipper|Protect|p2a: Pelipper
|-singleturn|p2a: Pelipper|Protect
|move|p1a: Sneasler|Coaching|p1b: Excadrill
|-boost|p1b: Excadrill|atk|1
|-boost|p1b: Excadrill|def|1
|move|p1b: Excadrill|Iron Head|p2a: Pelipper
|-activate|p2a: Pelipper|move: Protect
|move|p2b: Gliscor|High Horsepower|p1b: Excadrill
|-supereffective|p1b: Excadrill
|-damage|p1b: Excadrill|26/100
|
|-weather|RainDance|[upkeep]
|upkeep
|turn|3
|
|t:|1756779826
|switch|p1a: Sinistcha|Sinistcha, L50|100/100
|-heal|p1b: Excadrill|51/100|[from] ability: Hospitality|[of] p1a: Sinistcha
|switch|p2a: Archaludon|Archaludon, L50, F|100/100
|move|p1b: Excadrill|Protect|p1b: Excadrill
|-singleturn|p1b: Excadrill|Protect
|move|p2b: Gliscor|Swords Dance|p2b: Gliscor
|-boost|p2b: Gliscor|atk|2
|
|-weather|RainDance|[upkeep]
|upkeep
|turn|4
|inactive|dragonboy2100 has 30 seconds left.
|
|t:|1756779851
|switch|p1a: Tyranitar|Tyranitar, L50, M|100/100
|-weather|Sandstorm|[from] ability: Sand Stream|[of] p1a: Tyranitar
|move|p2a: Archaludon|Protect|p2a: Archaludon
|-singleturn|p2a: Archaludon|Protect
|move|p1b: Excadrill|Iron Head|p2b: Gliscor
|-damage|p2b: Gliscor|2/100 tox
|cant|p2b: Gliscor|flinch
|
|-weather|Sandstorm|[upkeep]
|-heal|p2b: Gliscor|14/100 tox|[from] ability: Poison Heal
|upkeep
|turn|5
|c|☆dragonboy2100|classic
|inactive|dragonboy2100 has 30 seconds left.
|inactive|huntr/x rumi has 30 seconds left.
|
|t:|1756779882
|switch|p2a: Sinistcha|Sinistcha, L50|100/100
|-heal|p2b: Gliscor|38/100 tox|[from] ability: Hospitality|[of] p2a: Sinistcha
|switch|p1a: Sinistcha|Sinistcha, L50|100/100
|-heal|p1b: Excadrill|76/100|[from] ability: Hospitality|[of] p1a: Sinistcha
|-terastallize|p1b: Excadrill|Ground
|move|p2b: Gliscor|Protect|p2b: Gliscor
|-singleturn|p2b: Gliscor|Protect
|move|p1b: Excadrill|Earthquake|p2b: Gliscor|[spread] p1a,p2a
|-activate|p2b: Gliscor|move: Protect
|-resisted|p1a: Sinistcha
|-resisted|p2a: Sinistcha
|-damage|p1a: Sinistcha|36/100
|-damage|p2a: Sinistcha|33/100
|-enditem|p1a: Sinistcha|Sitrus Berry|[eat]
|-heal|p1a: Sinistcha|61/100|[from] item: Sitrus Berry
|
|-weather|Sandstorm|[upkeep]
|-damage|p2a: Sinistcha|27/100|[from] Sandstorm
|-damage|p1a: Sinistcha|55/100|[from] Sandstorm
|-heal|p2b: Gliscor|50/100 tox|[from] ability: Poison Heal
|upkeep
|turn|6
|
|t:|1756779901
|switch|p2a: Pelipper|Pelipper, L50, F|70/100
|-weather|RainDance|[from] ability: Drizzle|[of] p2a: Pelipper
|-terastallize|p2b: Gliscor|Water
|move|p1b: Excadrill|Iron Head|p2b: Gliscor
|-resisted|p2b: Gliscor
|-damage|p2b: Gliscor|1/100 tox
|move|p2b: Gliscor|Dual Wingbeat|p1b: Excadrill
|-damage|p1b: Excadrill|47/100
|-damage|p1b: Excadrill|19/100
|-hitcount|p1b: Excadrill|2
|move|p1a: Sinistcha|Shadow Ball|p2a: Pelipper
|-damage|p2a: Pelipper|8/100
|
|-weather|RainDance|[upkeep]
|-heal|p2b: Gliscor|13/100 tox|[from] ability: Poison Heal
|upkeep
|turn|7
|
|t:|1756779923
|switch|p1a: Tyranitar|Tyranitar, L50, M|100/100
|-weather|Sandstorm|[from] ability: Sand Stream|[of] p1a: Tyranitar
|move|p2b: Gliscor|Protect|p2b: Gliscor
|-singleturn|p2b: Gliscor|Protect
|move|p1b: Excadrill|Iron Head|p2b: Gliscor
|-activate|p2b: Gliscor|move: Protect
|move|p2a: Pelipper|Tailwind|p2a: Pelipper
|-sidestart|p2: huntr/x rumi|move: Tailwind
|
|-weather|Sandstorm|[upkeep]
|-damage|p2a: Pelipper|2/100|[from] Sandstorm
|-damage|p2b: Gliscor|7/100 tox|[from] Sandstorm
|-heal|p2b: Gliscor|19/100 tox|[from] ability: Poison Heal
|upkeep
|turn|8
|
|t:|1756779938
|switch|p2a: Sinistcha|Sinistcha, L50|27/100
|-heal|p2b: Gliscor|44/100 tox|[from] ability: Hospitality|[of] p2a: Sinistcha
|switch|p1a: Sinistcha|Sinistcha, L50|55/100
|-heal|p1b: Excadrill|44/100|[from] ability: Hospitality|[of] p1a: Sinistcha
|move|p1b: Excadrill|Earthquake|p2a: Sinistcha|[spread] p1a,p2a,p2b
|-resisted|p1a: Sinistcha
|-resisted|p2a: Sinistcha
|-damage|p1a: Sinistcha|0 fnt
|-damage|p2a: Sinistcha|0 fnt
|-damage|p2b: Gliscor|0 fnt
|faint|p1a: Sinistcha
|faint|p2a: Sinistcha
|faint|p2b: Gliscor
|
|-weather|Sandstorm|[upkeep]
|upkeep
|
|t:|1756779945
|switch|p2b: Archaludon|Archaludon, L50, F|100/100
|switch|p2a: Pelipper|Pelipper, L50, F|2/100
|switch|p1a: Tyranitar|Tyranitar, L50, M|100/100
|-weather|RainDance|[from] ability: Drizzle|[of] p2a: Pelipper
|-weather|Sandstorm|[from] ability: Sand Stream|[of] p1a: Tyranitar
|turn|9
|
|t:|1756779959
|move|p1b: Excadrill|Protect|p1b: Excadrill
|-singleturn|p1b: Excadrill|Protect
|move|p2a: Pelipper|Hurricane|p1b: Excadrill
|-activate|p1b: Excadrill|move: Protect
|move|p2b: Archaludon|Draco Meteor|p1b: Excadrill
|-activate|p1b: Excadrill|move: Protect
|move|p1a: Tyranitar|Low Kick|p2b: Archaludon
|-supereffective|p2b: Archaludon
|-damage|p2b: Archaludon|60/100
|
|-weather|Sandstorm|[upkeep]
|-damage|p2a: Pelipper|0 fnt|[from] Sandstorm
|faint|p2a: Pelipper
|upkeep
|turn|10
|
|t:|1756779969
|move|p1b: Excadrill|Earthquake|p2b: Archaludon|[spread] p1a,p2b
|-supereffective|p1a: Tyranitar
|-supereffective|p2b: Archaludon
|-damage|p1a: Tyranitar|0 fnt
|-damage|p2b: Archaludon|0 fnt
|faint|p1a: Tyranitar
|faint|p2b: Archaludon
|
|win|dragonboy2100
||huntr/x rumi is ready for game 2.
||dragonboy2100 is ready for game 2.
|uhtml|next|Next: Game 2 of 3
