|j|☆Beeetch
|j|☆rorain fearow
|html|Beeetchrorain fearow    
|uhtml|bestof|Game 2 of a best-of-3
|t:|1757198054
|gametype|doubles
|player|p1|Beeetch|beauty-gen4dp|1176
|player|p2|rorain fearow|birdkeeper|1210
|gen|9
|tier|[Gen 9] VGC 2025 Reg H (Bo3)
|rated|
|rule|Species Clause: Limit one of each Pokémon
|rule|Item Clause: Limit 1 of each item
|clearpoke
|poke|p1|Excadrill, L50, F|
|poke|p1|Tyranitar, L50, M|
|poke|p1|Sneasler, L50, M|
|poke|p1|Indeedee, L50, M|
|poke|p1|Corviknight, L50, M|
|poke|p1|Annihilape, L50, M|
|poke|p2|Annihilape, L50, F|
|poke|p2|Archaludon, L50, F|
|poke|p2|Gothitelle, L50, M|
|poke|p2|Politoed, L50, F|
|poke|p2|Dondozo, L50, F|
|poke|p2|Tatsugiri, L50, F|
|teampreview|4
|showteam|p1|Excadrill||FocusSash|SandRush|IronHead,HighHorsepower,Earthquake,Protect|||F|||50|,,,,,Stellar]Tyranitar||AssaultVest|SandStream|RockSlide,KnockOff,TeraBlast,LowKick|||M|||50|,,,,,Flying]Sneasler||PsychicSeed|Unburden|DireClaw,CloseCombat,ThroatChop,Protect|||M|||50|,,,,,Dark]Indeedee||ChoiceScarf|PsychicSurge|ExpandingForce,TeraBlast,Protect,Trick|||M|||50|,,,,,Psychic]Corviknight||Leftovers|MirrorArmor|BraveBird,BulkUp,Roost,Tailwind|||M|||50|,,,,,Dragon]Annihilape||SafetyGoggles|Defiant|CloseCombat,FinalGambit,RageFist,Taunt|||M|||50|,,,,,Water
|showteam|p2|Annihilape||SafetyGoggles|Defiant|FinalGambit,CloseCombat,RageFist,StealthRock|||F|||50|,,,,,Water]Archaludon||PowerHerb|Stalwart|DragonPulse,Thunderbolt,ElectroShot,Protect|||F|||50|,,,,,Electric]Gothitelle||SitrusBerry|ShadowTag|Imprison,ExpandingForce,FakeOut,Protect|||M|||50|,,,,,Grass]Politoed||Leftovers|Drizzle|MuddyWater,Haze,PerishSong,Protect|||F|||50|,,,,,Grass]Dondozo||CovertCloak|Unaware|WaveCrash,OrderUp,Rest,Substitute|||F|||50|,,,,,Grass]Tatsugiri||FocusSash|Commander|MuddyWater,MirrorCoat,Counter,Taunt|||F|||50|,,,,,Fairy
|
|t:|1757198067
|teamsize|p1|4
|teamsize|p2|4
|start
|switch|p1a: Annihilape|Annihilape, L50, M|100/100
|switch|p1b: Excadrill|Excadrill, L50, F, shiny|100/100
|switch|p2a: Gothitelle|Gothitelle, L50, M|100/100
|switch|p2b: Politoed|Politoed, L50, F|100/100
|-weather|RainDance|[from] ability: Drizzle|[of] p2b: Politoed
|turn|1
|
|t:|1757198099
|move|p2a: Gothitelle|Fake Out|p1b: Excadrill
|-resisted|p1b: Excadrill
|-damage|p1b: Excadrill|97/100
|move|p1a: Annihilape|Taunt|p2a: Gothitelle
|-start|p2a: Gothitelle|move: Taunt
|cant|p1b: Excadrill|flinch
|move|p2b: Politoed|Muddy Water|p1b: Excadrill|[spread] p1a,p1b
|-supereffective|p1b: Excadrill
|-damage|p1a: Annihilape|72/100
|-damage|p1b: Excadrill|6/100
|
|-weather|RainDance|[upkeep]
|upkeep
|turn|2
|
|t:|1757198114
|switch|p1a: Tyranitar|Tyranitar, L50, M, shiny|100/100
|-weather|Sandstorm|[from] ability: Sand Stream|[of] p1a: Tyranitar
|move|p1b: Excadrill|Protect|p1b: Excadrill
|-singleturn|p1b: Excadrill|Protect
|move|p2b: Politoed|Muddy Water|p1b: Excadrill|[spread] p1a
|-activate|p1b: Excadrill|move: Protect
|-supereffective|p1a: Tyranitar
|-damage|p1a: Tyranitar|81/100
|move|p2a: Gothitelle|Expanding Force|p1a: Tyranitar
|-immune|p1a: Tyranitar
|
|-weather|Sandstorm|[upkeep]
|-damage|p2b: Politoed|94/100|[from] Sandstorm
|-damage|p2a: Gothitelle|94/100|[from] Sandstorm
|-heal|p2b: Politoed|100/100|[from] item: Leftovers
|upkeep
|turn|3
|
|t:|1757198133
|switch|p2a: Dondozo|Dondozo, L50, F|100/100
|-terastallize|p1a: Tyranitar|Flying
|move|p1b: Excadrill|Earthquake|p2b: Politoed|[spread] p2a,p2b
|-immune|p1a: Tyranitar
|-damage|p2a: Dondozo|72/100
|-damage|p2b: Politoed|65/100
|move|p1a: Tyranitar|Knock Off|p2a: Dondozo
|-damage|p2a: Dondozo|31/100
|-enditem|p2a: Dondozo|Covert Cloak|[from] move: Knock Off|[of] p1a: Tyranitar
|move|p2b: Politoed|Muddy Water|p1b: Excadrill|[spread] p1a
|-miss|p2b: Politoed|p1b: Excadrill
|-damage|p1a: Tyranitar|69/100
|-unboost|p1a: Tyranitar|accuracy|1
|
|-weather|Sandstorm|[upkeep]
|-damage|p1a: Tyranitar|63/100|[from] Sandstorm
|-damage|p2b: Politoed|59/100|[from] Sandstorm
|-damage|p2a: Dondozo|24/100|[from] Sandstorm
|-heal|p2b: Politoed|65/100|[from] item: Leftovers
|upkeep
|turn|4
|
|t:|1757198155
|switch|p1a: Corviknight|Corviknight, L50, M|100/100
|switch|p2b: Tatsugiri|Tatsugiri, L50, F|100/100
|-activate|p2b: Tatsugiri|ability: Commander|[of] p2a: Dondozo
|-boost|p2a: Dondozo|atk|2
|-boost|p2a: Dondozo|spa|2
|-boost|p2a: Dondozo|spe|2
|-boost|p2a: Dondozo|def|2
|-boost|p2a: Dondozo|spd|2
|move|p1b: Excadrill|Earthquake|p2b: Tatsugiri|[spread] p2a
|-miss|p1b: Excadrill|p2b: Tatsugiri
|-immune|p1a: Corviknight
|-damage|p2a: Dondozo|11/100
|move|p2a: Dondozo|Rest|p2a: Dondozo
|-status|p2a: Dondozo|slp|[from] move: Rest
|-heal|p2a: Dondozo|100/100 slp|[silent]
|
|-weather|Sandstorm|[upkeep]
|-damage|p2a: Dondozo|94/100 slp|[from] Sandstorm
|-damage|p2b: Tatsugiri|94/100|[from] Sandstorm
|upkeep
|turn|5
|
|t:|1757198186
|switch|p1b: Annihilape|Annihilape, L50, M|72/100
|cant|p2a: Dondozo|slp
|move|p1a: Corviknight|Tailwind|p1a: Corviknight
|-sidestart|p1: Beeetch|move: Tailwind
|
|-weather|Sandstorm|[upkeep]
|-damage|p2a: Dondozo|88/100 slp|[from] Sandstorm
|-damage|p2b: Tatsugiri|88/100|[from] Sandstorm
|upkeep
|turn|6
|inactive|Battle timer is ON: inactive players will automatically lose when time's up. (requested by Beeetch)
|
|t:|1757198233
|move|p1b: Annihilape|Rage Fist|p2a: Dondozo
|-damage|p2a: Dondozo|72/100 slp
|move|p1a: Corviknight|Brave Bird|p2a: Dondozo
|-damage|p2a: Dondozo|55/100 slp
|-damage|p1a: Corviknight|94/100|[from] Recoil
|cant|p2a: Dondozo|slp
|
|-weather|none
|-heal|p1a: Corviknight|100/100|[from] item: Leftovers
|upkeep
|turn|7
|
|t:|1757198249
|move|p1b: Annihilape|Final Gambit|p2a: Dondozo
|-damage|p2a: Dondozo|0 fnt
|faint|p1b: Annihilape
|faint|p2a: Dondozo
|move|p1a: Corviknight|Brave Bird|p2b: Tatsugiri
|-damage|p2b: Tatsugiri|6/100
|-damage|p1a: Corviknight|80/100|[from] Recoil
|
|-heal|p1a: Corviknight|87/100|[from] item: Leftovers
|upkeep
|
|t:|1757198259
|switch|p1b: Tyranitar|Tyranitar, L50, M, shiny, tera:Flying|63/100
|switch|p2a: Politoed|Politoed, L50, F|65/100
|-weather|Sandstorm|[from] ability: Sand Stream|[of] p1b: Tyranitar
|-weather|RainDance|[from] ability: Drizzle|[of] p2a: Politoed
|turn|8
|
|t:|1757198274
|move|p1b: Tyranitar|Rock Slide|p2b: Tatsugiri|[spread] p2a,p2b
|-damage|p2a: Politoed|36/100
|-damage|p2b: Tatsugiri|0 fnt
|faint|p2b: Tatsugiri
|move|p1a: Corviknight|Brave Bird|p2a: Politoed
|-crit|p2a: Politoed
|-damage|p2a: Politoed|0 fnt
|faint|p2a: Politoed
|-damage|p1a: Corviknight|75/100|[from] Recoil
|
|-weather|RainDance|[upkeep]
|-heal|p1a: Corviknight|81/100|[from] item: Leftovers
|-sideend|p1: Beeetch|move: Tailwind
|upkeep
|-message|rorain fearow forfeited.
|
|win|Beeetch
||rorain fearow is ready for game 3.
||Beeetch is ready for game 3.
|uhtml|next|Next: Game 3 of 3
|l|☆rorain fearow
|player|p2|
