|j|☆hamlessmel
|j|☆11DiamondsaurVGC
|html|hamlessmel11DiamondsaurVGC    
|uhtml|bestof|Game 1 of a best-of-3
|t:|1757705012
|gametype|doubles
|player|p1|hamlessmel|dawn-gen4pt|1204
|player|p2|11DiamondsaurVGC|skier|1132
|gen|9
|tier|[Gen 9] VGC 2025 Reg H (Bo3)
|rated|
|rule|Species Clause: Limit one of each Pokémon
|rule|Item Clause: Limit 1 of each item
|clearpoke
|poke|p1|Excadrill, L50, M|
|poke|p1|Tyranitar, L50, F|
|poke|p1|Sneasler, L50, F|
|poke|p1|Indeedee, L50, M|
|poke|p1|Annihilape, L50, F|
|poke|p1|Corviknight, L50, F|
|poke|p2|Bellibolt, L50, F|
|poke|p2|Dusknoir, L50, F|
|poke|p2|Torkoal, L50, M|
|poke|p2|Ursaluna-Bloodmoon, L50, M|
|poke|p2|Farigiraf, L50, M|
|poke|p2|Annihilape, L50, M|
|teampreview|4
|showteam|p1|Excadrill||FocusSash|SandRush|Protect,IronHead,HighHorsepower,Earthquake|||M|||50|,,,,,Stellar]Tyranitar||AssaultVest|SandStream|KnockOff,RockSlide,TeraBlast,LowKick|||F|||50|,,,,,Flying]Sneasler||PsychicSeed|Unburden|ThroatChop,CloseCombat,Protect,DireClaw|||F|||50|,,,,,Dark]Indeedee||ChoiceScarf|PsychicSurge|TeraBlast,ExpandingForce,Protect,Trick|||M|||50|,,,,,Fighting]Annihilape||SafetyGoggles|Defiant|Taunt,RageFist,CloseCombat,FinalGambit|||F|||50|,,,,,Water]Corviknight||Leftovers|MirrorArmor|Tailwind,BraveBird,Roost,BulkUp|||F|||50|,,,,,Dragon
|showteam|p2|Bellibolt||WeaknessPolicy|Electromorphosis|Discharge,ElectricTerrain,Thunderbolt,Protect|||F|||50|,,,,,Electric]Dusknoir||SafetyGoggles|Frisk|TrickRoom,Haze,Earthquake,Protect|||F|||50|,,,,,Water]Torkoal||ChoiceSpecs|Drought|Eruption,WeatherBall,EarthPower,Flamethrower|||M|||50|,,,,,Fire]Ursaluna-Bloodmoon||LifeOrb|MindsEye|HyperVoice,BloodMoon,EarthPower,Protect|||M|||50|,,,,,Normal]Farigiraf||MentalHerb|ArmorTail|HyperVoice,TrickRoom,Imprison,Protect|||M|||50|,,,,,Water]Annihilape||ChoiceScarf|VitalSpirit|CloseCombat,FinalGambit,ShadowClaw,Uturn|||M|||50|,,,,,Fire
|inactive|Battle timer is ON: inactive players will automatically lose when time's up. (requested by 11DiamondsaurVGC)
|inactive|hamlessmel has 60 seconds left.
|inactive|11DiamondsaurVGC has 60 seconds left.
|
|t:|1757705057
|teamsize|p1|4
|teamsize|p2|4
|start
|switch|p1a: Sneasler|Sneasler, L50, F|100/100
|switch|p1b: Indeedee|Indeedee, L50, M|100/100
|switch|p2a: Dusknoir|Dusknoir, L50, F|100/100
|switch|p2b: Max|Annihilape, L50, M|100/100
|-fieldstart|move: Psychic Terrain|[from] ability: Psychic Surge|[of] p1b: Indeedee
|-enditem|p1a: Sneasler|Psychic Seed
|-boost|p1a: Sneasler|spd|1|[from] item: Psychic Seed
|-item|p1b: Indeedee|Choice Scarf|[from] ability: Frisk|[of] p2a: Dusknoir
|turn|1
|inactive|hamlessmel has 30 seconds left.
|
|t:|1757705085
|move|p1a: Sneasler|Throat Chop|p2a: Dusknoir
|-supereffective|p2a: Dusknoir
|-damage|p2a: Dusknoir|60/100
|-start|p2a: Dusknoir|Throat Chop|[silent]
|move|p1b: Indeedee|Expanding Force|p2b: Max|[spread] p2a,p2b
|-supereffective|p2b: Max
|-damage|p2a: Dusknoir|18/100
|-damage|p2b: Max|3/100
|move|p2b: Max|Final Gambit|p1b: Indeedee
|-damage|p1b: Indeedee|97/100
|faint|p2b: Max
|move|p2a: Dusknoir|Trick Room|p2a: Dusknoir
|-fieldstart|move: Trick Room|[of] p2a: Dusknoir
|
|upkeep
|
|t:|1757705092
|switch|p2b: NotBlueAvocado|Bellibolt, L50, F|100/100
|turn|2
|
|t:|1757705102
|-terastallize|p2b: NotBlueAvocado|Electric
|move|p1a: Sneasler|Protect|p1a: Sneasler
|-singleturn|p1a: Sneasler|Protect
|move|p2a: Dusknoir|Earthquake|p1b: Indeedee|[spread] p2b,p1b
|-activate|p1a: Sneasler|move: Protect
|-supereffective|p2b: NotBlueAvocado
|-crit|p2b: NotBlueAvocado
|-damage|p2b: NotBlueAvocado|53/100
|-damage|p1b: Indeedee|63/100
|-start|p2b: NotBlueAvocado|Charge|Earthquake|[from] ability: Electromorphosis
|-enditem|p2b: NotBlueAvocado|Weakness Policy
|-boost|p2b: NotBlueAvocado|atk|2|[from] item: Weakness Policy
|-boost|p2b: NotBlueAvocado|spa|2|[from] item: Weakness Policy
|move|p2b: NotBlueAvocado|Discharge|p1b: Indeedee|[spread] p2a,p1b
|-activate|p1a: Sneasler|move: Protect
|-damage|p2a: Dusknoir|0 fnt
|-damage|p1b: Indeedee|0 fnt
|faint|p2a: Dusknoir
|faint|p1b: Indeedee
|-end|p2b: NotBlueAvocado|Charge|[silent]
|
|upkeep
|
|t:|1757705122
|switch|p2a: Skoliosis|Ursaluna-Bloodmoon, L50, M|100/100
|switch|p1b: Excadrill|Excadrill, L50, M, shiny|100/100
|turn|3
|
|t:|1757705143
|move|p2b: NotBlueAvocado|Protect|p2b: NotBlueAvocado
|-singleturn|p2b: NotBlueAvocado|Protect
|move|p2a: Skoliosis|Earth Power|p1b: Excadrill
|-supereffective|p1b: Excadrill
|-enditem|p1b: Excadrill|Focus Sash
|-damage|p1b: Excadrill|1/100
|-damage|p2a: Skoliosis|90/100|[from] item: Life Orb
|move|p1b: Excadrill|Earthquake|p2a: Skoliosis|[spread] p1a,p2a
|-activate|p2b: NotBlueAvocado|move: Protect
|-supereffective|p1a: Sneasler
|-damage|p1a: Sneasler|0 fnt
|-damage|p2a: Skoliosis|61/100
|faint|p1a: Sneasler
|
|upkeep
|
|t:|1757705156
|switch|p1a: Tyranitar|Tyranitar, L50, F, shiny|100/100
|-weather|Sandstorm|[from] ability: Sand Stream|[of] p1a: Tyranitar
|turn|4
|inactive|11DiamondsaurVGC has 30 seconds left.
|
|t:|1757705182
|move|p2a: Skoliosis|Protect|p2a: Skoliosis
|-singleturn|p2a: Skoliosis|Protect
|move|p1b: Excadrill|Protect|p1b: Excadrill
|-singleturn|p1b: Excadrill|Protect
|move|p2b: NotBlueAvocado|Thunderbolt|p1a: Tyranitar
|-damage|p1a: Tyranitar|52/100
|move|p1a: Tyranitar|Low Kick|p2a: Skoliosis
|-activate|p2a: Skoliosis|move: Protect
|
|-weather|Sandstorm|[upkeep]
|-damage|p2b: NotBlueAvocado|47/100|[from] Sandstorm
|upkeep
|turn|5
|
|t:|1757705206
|move|p1b: Excadrill|Protect|p1b: Excadrill
|-singleturn|p1b: Excadrill|Protect
|move|p2b: NotBlueAvocado|Thunderbolt|p1a: Tyranitar
|-damage|p1a: Tyranitar|7/100
|move|p2a: Skoliosis|Hyper Voice|p1b: Excadrill|[spread] p1a
|-activate|p1b: Excadrill|move: Protect
|-resisted|p1a: Tyranitar
|-crit|p1a: Tyranitar
|-damage|p1a: Tyranitar|0 fnt
|faint|p1a: Tyranitar
|-damage|p2a: Skoliosis|51/100|[from] item: Life Orb
|
|-weather|Sandstorm|[upkeep]
|-damage|p2b: NotBlueAvocado|41/100|[from] Sandstorm
|-fieldend|move: Trick Room
|-fieldend|move: Psychic Terrain
|upkeep
|turn|6
|
|t:|1757705221
|-terastallize|p1b: Excadrill|Stellar
|move|p1b: Excadrill|Earthquake|p2a: Skoliosis|[spread] p2a,p2b
|-supereffective|p2b: NotBlueAvocado
|-damage|p2a: Skoliosis|12/100
|-damage|p2b: NotBlueAvocado|0 fnt
|faint|p2b: NotBlueAvocado
|move|p2a: Skoliosis|Earth Power|p1b: Excadrill
|-supereffective|p1b: Excadrill
|-damage|p1b: Excadrill|0 fnt
|faint|p1b: Excadrill
|-damage|p2a: Skoliosis|2/100|[from] item: Life Orb
|
|win|11DiamondsaurVGC
||hamlessmel is ready for game 2.
|inactive|11DiamondsaurVGC has 30 seconds to confirm battle start!
||11DiamondsaurVGC is ready for game 2.
|uhtml|next|Next: Game 2 of 3
