|j|☆cheesebiscuit12
|j|☆bingbingbangus
|html|cheesebiscuit12bingbingbangus    
|uhtml|bestof|Game 2 of a best-of-3
|t:|1785157378
|gametype|doubles
|player|p1|cheesebiscuit12|169|
|player|p2|bingbingbangus|265|
|gen|9
|tier|[Gen 9 Champions] VGC 2026 Reg M-B (Bo3)
|rule|Species Clause: Limit one of each Pokémon
|rule|Item Clause: Limit 1 of each item
|clearpoke
|poke|p1|Gardevoir, L50, F|
|poke|p1|Metagross, L50|
|poke|p1|Whimsicott, L50, M|
|poke|p1|Garganacl, L50, M|
|poke|p1|Sableye, L50, F|
|poke|p1|Flapple, L50, F|
|poke|p2|Gengar, L50, F|
|poke|p2|Primarina, L50, F|
|poke|p2|Annihilape, L50, M|
|poke|p2|Clefable, L50, M|
|poke|p2|Rotom-Wash, L50|
|poke|p2|Scizor, L50, M|
|teampreview|4
|showteam|p1|Gardevoir||Gardevoirite|Telepathy|HyperVoice,Protect,Psyshock,TrickRoom|Timid||F|||50|]Metagross||ExpertBelt|ClearBody|IronHead,IcePunch,Earthquake,PsychicFangs|Adamant|||||50|]Whimsicott||FocusSash|Prankster|TrickRoom,Protect,BeatUp,Moonblast|Relaxed||M|||50|]Garganacl||Leftovers|PurifyingSalt|StealthRock,SaltCure,Recover,Protect|Impish||M|||50|]Sableye||Sablenite|Prankster|Gravity,WillOWisp,SuckerPunch,LightScreen|Careful||F|||50|]Flapple||MiracleSeed|Hustle|GravApple,DragonRush,Uturn,Protect|Jolly||F|||50|
|showteam|p2|Gengar||Gengarite|CursedBody|ShadowBall,SludgeBomb,Protect,PerishSong|Timid||F|||50|]Primarina||Leftovers|Torrent|HyperVoice,Moonblast,Protect,Haze|Calm||F|||50|]Annihilape||SitrusBerry|InnerFocus|RageFist,DrainPunch,BulkUp,Protect|Adamant||M|||50|]Clefable||FocusSash|Unaware|FollowMe,HelpingHand,Moonblast,Protect|Calm||M|||50|]Rotom-Wash||ExpertBelt|Levitate|HydroPump,VoltSwitch,WillOWisp,Protect|Calm|||||50|]Scizor||MuscleBand|Swarm|BulletPunch,Uturn,DualWingbeat,CloseCombat|Adamant||M|||50|
|
|t:|1785157439
|teamsize|p1|4
|teamsize|p2|4
|start
|switch|p1a: Whimsicott|Whimsicott, L50, M|100/100
|switch|p1b: Sableye|Sableye, L50, F|100/100
|switch|p2a: Annihilape|Annihilape, L50, M|100/100
|switch|p2b: Clefable|Clefable, L50, M|100/100
|turn|1
|
|t:|1785157476
|move|p1a: Whimsicott|Protect|p1a: Whimsicott
|-singleturn|p1a: Whimsicott|Protect
|move|p1b: Sableye|Light Screen|p1b: Sableye
|-sidestart|p1: cheesebiscuit12|move: Light Screen
|move|p2a: Annihilape|Bulk Up|p2a: Annihilape
|-boost|p2a: Annihilape|atk|1
|-boost|p2a: Annihilape|def|1
|move|p2b: Clefable|Moonblast|p1b: Sableye
|-supereffective|p1b: Sableye|1
|-damage|p1b: Sableye|54/100
|
|upkeep
|turn|2
|
|t:|1785157499
|move|p1b: Sableye|Gravity|p1b: Sableye
|-fieldstart|move: Gravity
|move|p2a: Annihilape|Bulk Up|p2a: Annihilape
|-boost|p2a: Annihilape|atk|1
|-boost|p2a: Annihilape|def|1
|move|p2b: Clefable|Moonblast|p1b: Sableye
|-supereffective|p1b: Sableye|1
|-damage|p1b: Sableye|3/100
|move|p1a: Whimsicott|Trick Room|p1a: Whimsicott
|-fieldstart|move: Trick Room|[of] p1a: Whimsicott
|
|upkeep
|turn|3
|
|t:|1785157561
|move|p2b: Clefable|Helping Hand|p2a: Annihilape
|-singleturn|p2a: Annihilape|Helping Hand|[of] p2b: Clefable
|move|p1b: Sableye|Sucker Punch|p2a: Annihilape
|-damage|p2a: Annihilape|90/100
|move|p2a: Annihilape|Rage Fist|p1a: Whimsicott
|-enditem|p1a: Whimsicott|Focus Sash
|-damage|p1a: Whimsicott|1/100
|move|p1a: Whimsicott|Moonblast|p2a: Annihilape
|-supereffective|p2a: Annihilape|1
|-damage|p2a: Annihilape|45/100
|-enditem|p2a: Annihilape|Sitrus Berry|[eat]
|-heal|p2a: Annihilape|70/100|[from] item: Sitrus Berry
|
|upkeep
|turn|4
|
|t:|1785157587
|switch|p1a: Flapple|Flapple, L50, F|100/100
|detailschange|p1b: Sableye|Sableye-Mega, L50, F
|-mega|p1b: Sableye|Sableye|Sablenite
|move|p2b: Clefable|Follow Me|p2b: Clefable
|-singleturn|p2b: Clefable|move: Follow Me
|move|p1b: Sableye|Will-O-Wisp|p2b: Clefable
|-status|p2b: Clefable|brn
|move|p2a: Annihilape|Drain Punch|p1a: Flapple
|-damage|p1a: Flapple|0 fnt
|-heal|p2a: Annihilape|100/100|[from] drain|[of] p1a: Flapple
|faint|p1a: Flapple
|
|-damage|p2b: Clefable|94/100 brn|[from] brn
|upkeep
|
|t:|1785157606
|switch|p1a: Metagross|Metagross, L50|100/100
|turn|5
|
|t:|1785157619
|move|p2b: Clefable|Helping Hand|p2a: Annihilape
|-singleturn|p2a: Annihilape|Helping Hand|[of] p2b: Clefable
|move|p1b: Sableye|Sucker Punch|p2a: Annihilape
|-damage|p2a: Annihilape|87/100
|move|p1a: Metagross|Earthquake|p2b: Clefable|[spread] p1b,p2a,p2b
|-damage|p1b: Sableye|0 fnt
|-damage|p2a: Annihilape|72/100
|-damage|p2b: Clefable|62/100 brn
|faint|p1b: Sableye
|move|p2a: Annihilape|Rage Fist|p1a: Metagross
|-supereffective|p1a: Metagross|1
|-damage|p1a: Metagross|0 fnt
|faint|p1a: Metagross
|
|-damage|p2b: Clefable|56/100 brn|[from] brn
|-sideend|p1: cheesebiscuit12|move: Light Screen
|upkeep
|
|t:|1785157633
|switch|p1b: Whimsicott|Whimsicott, L50, M|1/100
|turn|6
|
|t:|1785157652
|move|p2b: Clefable|Helping Hand|p2a: Annihilape
|-singleturn|p2a: Annihilape|Helping Hand|[of] p2b: Clefable
|move|p2a: Annihilape|Bulk Up|p2a: Annihilape
|-boost|p2a: Annihilape|atk|1
|-boost|p2a: Annihilape|def|1
|move|p1b: Whimsicott|Beat Up|p2a: Annihilape
|-damage|p2a: Annihilape|71/100
|-hitcount|p2a: Annihilape|1
|
|-damage|p2b: Clefable|50/100g brn|[from] brn
|-fieldend|move: Trick Room
|-fieldend|move: Gravity
|upkeep
|turn|7
|
|t:|1785157669
|move|p2b: Clefable|Protect|p2b: Clefable
|-singleturn|p2b: Clefable|Protect
|move|p1b: Whimsicott|Beat Up|p2a: Annihilape
|-damage|p2a: Annihilape|70/100
|-hitcount|p2a: Annihilape|1
|move|p2a: Annihilape|Bulk Up|p2a: Annihilape
|-boost|p2a: Annihilape|atk|1
|-boost|p2a: Annihilape|def|1
|
|-damage|p2b: Clefable|44/100 brn|[from] brn
|upkeep
|turn|8
|
|t:|1785157681
|move|p2b: Clefable|Follow Me|p2b: Clefable
|-singleturn|p2b: Clefable|move: Follow Me
|move|p1b: Whimsicott|Beat Up|p2b: Clefable
|-resisted|p2b: Clefable|1
|-damage|p2b: Clefable|43/100 brn
|-hitcount|p2b: Clefable|1
|move|p2a: Annihilape|Bulk Up|p2a: Annihilape
|-boost|p2a: Annihilape|atk|1
|-boost|p2a: Annihilape|def|1
|
|-damage|p2b: Clefable|37/100 brn|[from] brn
|upkeep
|turn|9
|
|t:|1785157697
|move|p2b: Clefable|Helping Hand|p2a: Annihilape
|-singleturn|p2a: Annihilape|Helping Hand|[of] p2b: Clefable
|move|p1b: Whimsicott|Beat Up|p2b: Clefable
|-resisted|p2b: Clefable|1
|-crit|p2b: Clefable
|-damage|p2b: Clefable|35/100 brn
|-hitcount|p2b: Clefable|1
|move|p2a: Annihilape|Bulk Up|p2a: Annihilape
|-boost|p2a: Annihilape|atk|1
|-boost|p2a: Annihilape|def|1
|
|-damage|p2b: Clefable|29/100 brn|[from] brn
|upkeep
|turn|10
|
|t:|1785157736
|move|p2b: Clefable|Helping Hand|p2a: Annihilape
|-singleturn|p2a: Annihilape|Helping Hand|[of] p2b: Clefable
|move|p1b: Whimsicott|Beat Up|p2a: Annihilape
|-damage|p2a: Annihilape|69/100
|-hitcount|p2a: Annihilape|1
|move|p2a: Annihilape|Drain Punch|p2b: Clefable
|-resisted|p2b: Clefable|1
|-damage|p2b: Clefable|0 fnt
|-heal|p2a: Annihilape|82/100|[from] drain|[of] p2b: Clefable
|faint|p2b: Clefable
|
|upkeep
|
|t:|1785157748
|switch|p2b: Primarina|Primarina, L50, F|100/100
|turn|11
|
|t:|1785157772
|move|p1b: Whimsicott|Moonblast|p2a: Annihilape
|-supereffective|p2a: Annihilape|1
|-damage|p2a: Annihilape|35/100
|move|p2a: Annihilape|Drain Punch|p2b: Primarina
|-resisted|p2b: Primarina|1
|-damage|p2b: Primarina|1/100
|-heal|p2a: Annihilape|77/100|[from] drain|[of] p2b: Primarina
|move|p2b: Primarina|Haze|p2b: Primarina
|-clearallboost
|
|-heal|p2b: Primarina|6/100|[from] item: Leftovers
|upkeep
|turn|12
|
|t:|1785157787
|move|p2b: Primarina|Protect|p2b: Primarina
|-singleturn|p2b: Primarina|Protect
|move|p1b: Whimsicott|Beat Up|p1: Metagross|[notarget]
|-fail|p1b: Whimsicott
|move|p2a: Annihilape|Rage Fist|p1b: Whimsicott
|-damage|p1b: Whimsicott|0 fnt
|faint|p1b: Whimsicott
|
|win|bingbingbangus
|inactive|cheesebiscuit12 has 30 seconds to confirm battle start!
|inactive|bingbingbangus has 30 seconds to confirm battle start!
||cheesebiscuit12 is ready for game 3.
