|j|☆tlowmills
|j|☆Akalaman
|html|tlowmillsAkalaman    
|uhtml|bestof|Game 2 of a best-of-3
|t:|1783974154
|gametype|doubles
|player|p1|tlowmills|102|1103
|player|p2|Akalaman|266|1126
|gen|9
|tier|[Gen 9 Champions] VGC 2026 Reg M-B (Bo3)
|rated|
|rule|Species Clause: Limit one of each Pokémon
|rule|Item Clause: Limit 1 of each item
|clearpoke
|poke|p1|Charizard, L50, M|
|poke|p1|Whimsicott, L50, F|
|poke|p1|Garchomp, L50, M|
|poke|p1|Basculegion, L50, M|
|poke|p1|Gholdengo, L50|
|poke|p1|Incineroar, L50, M|
|poke|p2|Talonflame, L50, F|
|poke|p2|Garchomp, L50, F|
|poke|p2|Raichu, L50, M|
|poke|p2|Sinistcha, L50|
|poke|p2|Floette-Eternal, L50, F|
|poke|p2|Tsareena, L50, F|
|teampreview|4
|showteam|p1|Charizard||CharizarditeY|Blaze|HeatWave,SolarBeam,WeatherBall,Protect|Modest||M|||50|]Whimsicott||FocusSash|Prankster|Moonblast,Tailwind,Protect,Encore|Timid||F|||50|]Garchomp||LifeOrb|RoughSkin|Earthquake,DragonClaw,Protect,RockSlide|Jolly||M|||50|]Basculegion||ChoiceScarf|Adaptability|FlipTurn,WaveCrash,LastRespects,AquaJet|Jolly||M|||50|]Gholdengo||MetalCoat|GoodasGold|MakeItRain,ShadowBall,Protect,NastyPlot|Modest|||||50|]Incineroar||SitrusBerry|Intimidate|ThroatChop,FlareBlitz,PartingShot,FakeOut|Impish||M|||50|
|showteam|p2|Talonflame||SharpBeak|GaleWings|BraveBird,FlareBlitz,Tailwind,Protect|Jolly||F|||50|]Garchomp||ChoiceScarf|RoughSkin|StompingTantrum,RockTomb,RockSlide,DragonClaw|Adamant||F|||50|]Raichu||RaichuniteY|LightningRod|FakeOut,ZapCannon,FocusBlast,Protect|Timid||M|||50|]Sinistcha||SitrusBerry|Hospitality|MatchaGotcha,LifeDew,Protect,RagePowder|Calm|||||50|]Floette-Eternal||Floettite|FlowerVeil|Moonblast,DazzlingGleam,Protect,CalmMind|Modest||F|||50|]Tsareena||WideLens|QueenlyMajesty|TripleAxel,PowerWhip,Protect,LowKick|Adamant||F|||50|
|inactive|Battle timer is ON: inactive players will automatically lose when time's up. (requested by tlowmills)
|
|t:|1783974170
|teamsize|p1|4
|teamsize|p2|4
|start
|switch|p1a: Whimsicott|Whimsicott, L50, F|100/100
|switch|p1b: Charizard|Charizard, L50, M|100/100
|switch|p2a: Garchomp|Garchomp, L50, F|100/100
|switch|p2b: Talonflame|Talonflame, L50, F|100/100
|turn|1
|
|t:|1783974182
|move|p1a: Whimsicott|Protect|p1a: Whimsicott
|-singleturn|p1a: Whimsicott|Protect
|move|p1b: Charizard|Protect|p1b: Charizard
|-singleturn|p1b: Charizard|Protect
|move|p2b: Talonflame|Tailwind|p2b: Talonflame
|-sidestart|p2: Akalaman|move: Tailwind
|move|p2a: Garchomp|Rock Tomb|p1b: Charizard
|-activate|p1b: Charizard|move: Protect
|
|upkeep
|turn|2
|inactive|Akalaman has 30 seconds left.
|
|t:|1783974215
|switch|p1b: Garchomp|Garchomp, L50, M|100/100
|move|p1a: Whimsicott|Encore|p2b: Talonflame
|-start|p2b: Talonflame|Encore
|move|p2b: Talonflame|Tailwind||[still]
|-fail|p2b: Talonflame
|move|p2a: Garchomp|Rock Tomb|p1b: Garchomp
|-resisted|p1b: Garchomp|1
|-damage|p1b: Garchomp|89/100
|-unboost|p1b: Garchomp|spe|1
|
|upkeep
|turn|3
|
|t:|1783974232
|switch|p2b: Tsareena|Tsareena, L50, F|100/100
|move|p2a: Garchomp|Rock Tomb|p1b: Garchomp
|-resisted|p1b: Garchomp|1
|-damage|p1b: Garchomp|78/100
|-unboost|p1b: Garchomp|spe|1
|move|p1a: Whimsicott|Moonblast|p2a: Garchomp
|-supereffective|p2a: Garchomp|1
|-damage|p2a: Garchomp|25/100
|move|p1b: Garchomp|Dragon Claw|p2a: Garchomp
|-supereffective|p2a: Garchomp|1
|-damage|p2a: Garchomp|0 fnt
|-damage|p1b: Garchomp|66/100|[from] ability: Rough Skin|[of] p2a: Garchomp
|faint|p2a: Garchomp
|-damage|p1b: Garchomp|56/100|[from] item: Life Orb
|
|upkeep
|
|t:|1783974241
|switch|p2a: Raichu|Raichu, L50, M|100/100
|turn|4
|
|t:|1783974249
|detailschange|p2a: Raichu|Raichu-Mega-Y, L50, M
|-mega|p2a: Raichu|Raichu|Raichunite Y
|move|p1b: Garchomp|Protect|p1b: Garchomp
|-singleturn|p1b: Garchomp|Protect
|move|p2a: Raichu|Fake Out|p1a: Whimsicott
|-damage|p1a: Whimsicott|86/100
|cant|p1a: Whimsicott|flinch
|move|p2b: Tsareena|Triple Axel|p1b: Garchomp
|-activate|p1b: Garchomp|move: Protect
|
|-sideend|p2: Akalaman|move: Tailwind
|upkeep
|turn|5
|
|t:|1783974262
|switch|p2a: Talonflame|Talonflame, L50, F|100/100
|move|p1a: Whimsicott|Tailwind|p1a: Whimsicott
|-sidestart|p1: tlowmills|move: Tailwind
|move|p1b: Garchomp|Earthquake|p2a: Talonflame|[spread] p1a,p2b
|-immune|p2a: Talonflame
|-resisted|p1a: Whimsicott|1
|-resisted|p2b: Tsareena|1
|-damage|p1a: Whimsicott|51/100
|-damage|p2b: Tsareena|72/100
|-damage|p1b: Garchomp|47/100|[from] item: Life Orb
|move|p2b: Tsareena|Triple Axel|p1b: Garchomp
|-supereffective|p1b: Garchomp|2
|-damage|p1b: Garchomp|14/100
|-damage|p2b: Tsareena|60/100|[from] ability: Rough Skin|[of] p1b: Garchomp
|-supereffective|p1b: Garchomp|2
|-damage|p1b: Garchomp|0 fnt
|-damage|p2b: Tsareena|47/100|[from] ability: Rough Skin|[of] p1b: Garchomp
|faint|p1b: Garchomp
|-hitcount|p1: Garchomp|2
|
|upkeep
|
|t:|1783974278
|switch|p1b: Basculegion|Basculegion, L50, M|100/100
|turn|6
|
|t:|1783974298
|move|p2a: Talonflame|Protect|p2a: Talonflame
|-singleturn|p2a: Talonflame|Protect
|move|p2b: Tsareena|Protect|p2b: Tsareena
|-singleturn|p2b: Tsareena|Protect
|move|p1b: Basculegion|Wave Crash|p2a: Talonflame
|-activate|p2a: Talonflame|move: Protect
|move|p1a: Whimsicott|Moonblast|p2b: Tsareena
|-activate|p2b: Tsareena|move: Protect
|
|upkeep
|turn|7
|
|t:|1783974310
|move|p2a: Talonflame|Brave Bird|p1a: Whimsicott
|-supereffective|p1a: Whimsicott|1
|-damage|p1a: Whimsicott|0 fnt
|faint|p1a: Whimsicott
|-damage|p2a: Talonflame|85/100|[from] Recoil
|move|p1b: Basculegion|Wave Crash|p2a: Talonflame
|-supereffective|p2a: Talonflame|1
|-damage|p2a: Talonflame|0 fnt
|faint|p2a: Talonflame
|-damage|p1b: Basculegion|77/100|[from] Recoil
|move|p2b: Tsareena|Power Whip|p1b: Basculegion
|-supereffective|p1b: Basculegion|1
|-damage|p1b: Basculegion|0 fnt
|faint|p1b: Basculegion
|
|upkeep
|
|t:|1783974315
|switch|p2a: Raichu|Raichu-Mega-Y, L50, M|100/100
|switch|p1b: Charizard|Charizard, L50, M|100/100
|turn|8
|
|t:|1783974321
|move|p1b: Charizard|Protect|p1b: Charizard
|-singleturn|p1b: Charizard|Protect
|move|p2a: Raichu|Fake Out|p1b: Charizard
|-activate|p1b: Charizard|move: Protect
|move|p2b: Tsareena|Triple Axel|p1b: Charizard
|-activate|p1b: Charizard|move: Protect
|
|-sideend|p1: tlowmills|move: Tailwind
|upkeep
|turn|9
|
|t:|1783974324
|detailschange|p1b: Charizard|Charizard-Mega-Y, L50, M
|-mega|p1b: Charizard|Charizard|Charizardite Y
|-weather|SunnyDay|[from] ability: Drought|[of] p1b: Charizard
|move|p2a: Raichu|Zap Cannon|p1b: Charizard
|-supereffective|p1b: Charizard|1
|-damage|p1b: Charizard|0 fnt
|faint|p1b: Charizard
|
|win|Akalaman
||tlowmills is ready for game 3.
