|j|☆3illyEdgar
|j|☆Garden Monke
|html|3illyEdgarGarden Monke    
|uhtml|bestof|Game 3 of a best-of-3
|t:|1785104244
|gametype|doubles
|player|p1|3illyEdgar|169|1059
|player|p2|Garden Monke|giacomo|1153
|gen|9
|tier|[Gen 9 Champions] VGC 2026 Reg M-B (Bo3)
|rated|
|rule|Species Clause: Limit one of each Pokémon
|rule|Item Clause: Limit 1 of each item
|clearpoke
|poke|p1|Charizard, L50, M|
|poke|p1|Sneasler, L50, F|
|poke|p1|Corviknight, L50, M|
|poke|p1|Garchomp, L50, M|
|poke|p1|Ceruledge, L50, M|
|poke|p1|Eelektross, L50, F|
|poke|p2|Garchomp, L50, F|
|poke|p2|Venusaur, L50, F|
|poke|p2|Incineroar, L50, F|
|poke|p2|Charizard, L50, F|
|poke|p2|Toxapex, L50, M|
|poke|p2|Annihilape, L50, M|
|teampreview|4
|showteam|p1|Charizard||CharizarditeY|Blaze|Protect,HeatWave,WeatherBall,AirSlash|Timid||M|||50|]Sneasler||WhiteHerb|Unburden|CloseCombat,DireClaw,Protect,FakeOut|Jolly||F|||50|]Corviknight||Leftovers|MirrorArmor|Tailwind,Protect,BulkUp,DualWingbeat|Careful||M|||50|]Garchomp||LifeOrb|RoughSkin|Earthquake,Protect,RockSlide,ScaleShot|Adamant||M|||50|]Ceruledge||ColburBerry|FlashFire|BitterBlade,Protect,ShadowSneak,BulkUp|Adamant||M|||50|]Eelektross||Eelektrossite|Levitate|Coil,KnockOff,DrainPunch,SupercellSlam|Careful||F|||50|
|showteam|p2|Garchomp||ChoiceScarf|RoughSkin|Earthquake,RockSlide,DragonClaw,StompingTantrum|Adamant||F|||50|]Venusaur||LifeOrb|Chlorophyll|SludgeBomb,SolarBeam,EarthPower,Protect|Modest||F|||50|]Incineroar||SitrusBerry|Intimidate|FakeOut,FlareBlitz,ThroatChop,PartingShot|Impish||F|||50|]Charizard||CharizarditeY|Blaze|HeatWave,WeatherBall,Protect,HelpingHand|Modest||F|||50|]Toxapex||Leftovers|Regenerator|Infestation,Toxic,WideGuard,BanefulBunker|Impish||M|||50|]Annihilape||FocusSash|Defiant|CloseCombat,PhantomForce,RockTomb,Protect|Jolly||M|||50|
|inactive|Battle timer is ON: inactive players will automatically lose when time's up. (requested by Garden Monke)
|
|t:|1785104269
|teamsize|p1|4
|teamsize|p2|4
|start
|switch|p1a: Eelektross|Eelektross, L50, F|100/100
|switch|p1b: Garchomp|Garchomp, L50, M|100/100
|switch|p2a: Incineroar|Incineroar, L50, F|100/100
|switch|p2b: Garchomp|Garchomp, L50, F|100/100
|-ability|p2a: Incineroar|Intimidate|boost
|-unboost|p1a: Eelektross|atk|1
|-unboost|p1b: Garchomp|atk|1
|turn|1
|inactive|Garden Monke has 30 seconds left.
|
|t:|1785104304
|switch|p1b: Corviknight|Corviknight, L50, M|100/100
|detailschange|p1a: Eelektross|Eelektross-Mega, L50, F
|-mega|p1a: Eelektross|Eelektross|Eelektrossite
|move|p2a: Incineroar|Fake Out|p1b: Corviknight
|-resisted|p1b: Corviknight|1
|-damage|p1b: Corviknight|95/100
|move|p2b: Garchomp|Dragon Claw|p1a: Eelektross
|-crit|p1a: Eelektross
|-damage|p1a: Eelektross|29/100
|move|p1a: Eelektross|Coil|p1a: Eelektross
|-boost|p1a: Eelektross|atk|1
|-boost|p1a: Eelektross|def|1
|-boost|p1a: Eelektross|accuracy|1
|
|-heal|p1b: Corviknight|100/100|[from] item: Leftovers
|upkeep
|turn|2
|
|t:|1785104328
|move|p2b: Garchomp|Dragon Claw|p1a: Eelektross
|-damage|p1a: Eelektross|0 fnt
|faint|p1a: Eelektross
|move|p1b: Corviknight|Tailwind|p1b: Corviknight
|-sidestart|p1: 3illyEdgar|move: Tailwind
|move|p2a: Incineroar|Flare Blitz|p1b: Corviknight
|-supereffective|p1b: Corviknight|1
|-crit|p1b: Corviknight
|-damage|p1b: Corviknight|0 fnt
|faint|p1b: Corviknight
|-damage|p2a: Incineroar|66/100|[from] Recoil
|
|upkeep
|c|☆3illyEdgar|damn
|
|t:|1785104336
|switch|p1a: Ceruledge|Ceruledge, L50, M|100/100
|switch|p1b: Garchomp|Garchomp, L50, M|100/100
|turn|3
|
|t:|1785104351
|switch|p2a: Toxapex|Toxapex, L50, M|100/100
|move|p1b: Garchomp|Scale Shot|p2b: Garchomp
|-supereffective|p2b: Garchomp|1
|-damage|p2b: Garchomp|60/100
|-supereffective|p2b: Garchomp|1
|-damage|p2b: Garchomp|19/100
|-hitcount|p2b: Garchomp|2
|-unboost|p1b: Garchomp|def|1
|-boost|p1b: Garchomp|spe|1
|-damage|p1b: Garchomp|90/100|[from] item: Life Orb
|move|p2b: Garchomp|Dragon Claw|p1b: Garchomp
|-supereffective|p1b: Garchomp|1
|-damage|p1b: Garchomp|0 fnt
|-damage|p2b: Garchomp|7/100|[from] ability: Rough Skin|[of] p1b: Garchomp
|faint|p1b: Garchomp
|move|p1a: Ceruledge|Bulk Up|p1a: Ceruledge
|-boost|p1a: Ceruledge|atk|1
|-boost|p1a: Ceruledge|def|1
|
|upkeep
|turn|4
|c|☆3illyEdgar|bruh
|c|☆Garden Monke|LMAO
|inactive|Garden Monke has 30 seconds left.
|c|☆Garden Monke|Highway robbery
|
|t:|1785104385
|switch|p2b: Incineroar|Incineroar, L50, F|66/100
|-ability|p2b: Incineroar|Intimidate|boost
|-unboost|p1a: Ceruledge|atk|1
|move|p1a: Ceruledge|Shadow Sneak|p2b: Incineroar
|-resisted|p2b: Incineroar|1
|-damage|p2b: Incineroar|58/100
|move|p2a: Toxapex|Toxic|p1a: Ceruledge
|-status|p1a: Ceruledge|tox
|
|-damage|p1a: Ceruledge|93/100 tox|[from] psn
|upkeep
|turn|5
|-message|3illyEdgar forfeited.
|
|win|Garden Monke
|raw|3illyEdgar's rating: 1059 → 1045(-14 for losing)
|raw|Garden Monke's rating: 1153 → 1171(+18 for winning)
|l|☆3illyEdgar
|player|p1|
|c|☆Garden Monke|GGs
