|j|☆hypergamer_2422
|j|☆FtPlyr
|html|hypergamer_2422FtPlyr    
|uhtml|bestof|Game 3 of a best-of-3
|t:|1783347293
|gametype|doubles
|player|p1|hypergamer_2422|pokemaniac|
|player|p2|FtPlyr|hilbert|
|gen|9
|tier|[Gen 9 Champions] VGC 2026 Reg M-B (Bo3)
|rule|Species Clause: Limit one of each Pokémon
|rule|Item Clause: Limit 1 of each item
|clearpoke
|poke|p1|Staraptor, L50, M|
|poke|p1|Ditto, L50|
|poke|p1|Grimmsnarl, L50, M|
|poke|p1|Garchomp, L50, M|
|poke|p1|Goodra-Hisui, L50, F|
|poke|p1|Espathra, L50, M|
|poke|p2|Raichu, L50, F|
|poke|p2|Pelipper, L50, F|
|poke|p2|Palafin, L50, F|
|poke|p2|Araquanid, L50, M|
|poke|p2|Archaludon, L50, F|
|poke|p2|Primarina, L50, F|
|teampreview|4
|showteam|p1|Staraptor||Staraptite|Intimidate|CloseCombat,Facade,Protect,BraveBird|Jolly||M|||50|]Ditto||FocusSash|Imposter|Transform|Relaxed|||||50|]Grimmsnarl||LightClay|Prankster|FakeOut,LightScreen,Reflect,FoulPlay|Careful||M|||50|]Garchomp||ChoiceScarf|RoughSkin|Outrage,Earthquake,StoneEdge,BodySlam|Jolly||M|||50|]Goodra-Hisui||QuickClaw|Gooey|Rest,SleepTalk,FireBlast,FlashCannon|Modest||F|||50|]Espathra||LifeOrb|SpeedBoost|LuminaCrash,CalmMind,ShadowBall,Uturn|Modest||M|||50|
|showteam|p2|Raichu||RaichuniteX|LightningRod|FocusBlast,IronTail,Trailblaze,Wish|Hasty||F|||50|]Pelipper||DampRock|Drizzle|WeatherBall,Hurricane,GunkShot,Roost|Relaxed||F|||50|]Palafin||ChoiceScarf|ZerotoHero|FlipTurn,AquaTail,Outrage,ZenHeadbutt|Jolly||F|||50|]Araquanid||Leftovers|WaterBubble|Liquidation,AquaRing,Substitute,Trailblaze|Careful||M|||50|]Archaludon||WhiteHerb|Stamina|ElectroShot,FlashCannon,DracoMeteor,BrickBreak|Naive||F|||50|]Primarina||LumBerry|LiquidVoice|AlluringVoice,SparklingAria,Rest,CalmMind|Modest||F|||50|
|c|☆FtPlyr|gg
|
|t:|1783347303
|teamsize|p1|4
|teamsize|p2|4
|start
|switch|p1a: Grimmsnarl|Grimmsnarl, L50, M|100/100
|switch|p1b: Staraptor|Staraptor, L50, M|100/100
|switch|p2a: Pelipper|Pelipper, L50, F|100/100
|switch|p2b: Raichu|Raichu, L50, F|100/100
|-ability|p1b: Staraptor|Intimidate|boost
|-unboost|p2a: Pelipper|atk|1
|-unboost|p2b: Raichu|atk|1
|-weather|RainDance|[from] ability: Drizzle|[of] p2a: Pelipper
|turn|1
|
|t:|1783347321
|detailschange|p2b: Raichu|Raichu-Mega-X, L50, F
|-mega|p2b: Raichu|Raichu|Raichunite X
|-fieldstart|move: Electric Terrain|[from] ability: Electric Surge|[of] p2b: Raichu
|detailschange|p1b: Staraptor|Staraptor-Mega, L50, M
|-mega|p1b: Staraptor|Staraptor|Staraptite
|move|p1a: Grimmsnarl|Fake Out|p2b: Raichu
|-damage|p2b: Raichu|81/100
|move|p1b: Staraptor|Close Combat|p2b: Raichu
|-damage|p2b: Raichu|0 fnt
|-boost|p1b: Staraptor|def|1
|-boost|p1b: Staraptor|spd|1
|faint|p2b: Raichu
|move|p2a: Pelipper|Hurricane|p1b: Staraptor
|-supereffective|p1b: Staraptor|1
|-damage|p1b: Staraptor|44/100
|
|-weather|RainDance|[upkeep]
|upkeep
|
|t:|1783347336
|switch|p2b: Palafin|Palafin, L50, F|100/100
|turn|2
|
|t:|1783347350
|move|p1a: Grimmsnarl|Reflect|p1a: Grimmsnarl
|-sidestart|p1: hypergamer_2422|Reflect
|move|p2b: Palafin|Flip Turn|p1a: Grimmsnarl
|-damage|p1a: Grimmsnarl|75/100
|
|t:|1783347355
|detailschange|p2b: Palafin|Palafin-Hero, L50, F
|switch|p2b: Archaludon|Archaludon, L50, F|100/100|[from] Flip Turn
|move|p1b: Staraptor|Close Combat|p2b: Archaludon
|-supereffective|p2b: Archaludon|1
|-damage|p2b: Archaludon|0 fnt
|-boost|p1b: Staraptor|def|1
|-boost|p1b: Staraptor|spd|1
|faint|p2b: Archaludon
|move|p2a: Pelipper|Hurricane|p1b: Staraptor
|-supereffective|p1b: Staraptor|1
|-damage|p1b: Staraptor|0 fnt
|faint|p1b: Staraptor
|
|-weather|RainDance|[upkeep]
|upkeep
|
|t:|1783347369
|switch|p1b: Garchomp|Garchomp, L50, M|100/100
|switch|p2b: Palafin|Palafin-Hero, L50, F|100/100
|-activate|p2b: Palafin|ability: Zero to Hero
|turn|3
|
|t:|1783347384
|move|p1a: Grimmsnarl|Light Screen|p1a: Grimmsnarl
|-sidestart|p1: hypergamer_2422|move: Light Screen
|move|p1b: Garchomp|Outrage|p2b: Palafin
|-damage|p2b: Palafin|38/100
|move|p2b: Palafin|Outrage|p1b: Garchomp
|-supereffective|p1b: Garchomp|1
|-damage|p1b: Garchomp|36/100
|-damage|p2b: Palafin|25/100|[from] ability: Rough Skin|[of] p1b: Garchomp
|move|p2a: Pelipper|Hurricane|p1a: Grimmsnarl
|-damage|p1a: Grimmsnarl|57/100
|
|-weather|RainDance|[upkeep]
|upkeep
|turn|4
|
|t:|1783347405
|switch|p1a: Ditto|Ditto, L50|100/100
|-transform|p1a: Ditto|p2b: Palafin|[from] ability: Imposter
|move|p1b: Garchomp|Outrage|p2a: Pelipper|[from] lockedmove
|-damage|p2a: Pelipper|49/100
|-start|p1b: Garchomp|confusion|[fatigue]
|move|p2b: Palafin|Outrage|p1b: Garchomp|[from] lockedmove
|-supereffective|p1b: Garchomp|1
|-damage|p1b: Garchomp|0 fnt
|-damage|p2b: Palafin|13/100|[from] ability: Rough Skin|[of] p1b: Garchomp
|faint|p1b: Garchomp
|move|p2a: Pelipper|Weather Ball|p1a: Ditto
|-resisted|p1a: Ditto|1
|-damage|p1a: Ditto|70/100
|
|-weather|RainDance|[upkeep]
|upkeep
|
|t:|1783347422
|switch|p1b: Grimmsnarl|Grimmsnarl, L50, M|57/100
|turn|5
|
|t:|1783347432
|move|p1b: Grimmsnarl|Fake Out|p2b: Palafin
|-damage|p2b: Palafin|1/100
|cant|p2b: Palafin|flinch
|move|p1a: Ditto|Outrage|p2b: Palafin
|-damage|p2b: Palafin|0 fnt
|faint|p2b: Palafin
|move|p2a: Pelipper|Roost|p2a: Pelipper
|-heal|p2a: Pelipper|100/100
|-singleturn|p2a: Pelipper|move: Roost
|
|-weather|RainDance|[upkeep]
|-fieldend|move: Electric Terrain
|upkeep
|turn|6
|
|t:|1783347446
|move|p1a: Ditto|Outrage|p2a: Pelipper|[from] lockedmove
|-damage|p2a: Pelipper|62/100
|-start|p1a: Ditto|confusion|[fatigue]
|move|p1b: Grimmsnarl|Foul Play|p2a: Pelipper
|-damage|p2a: Pelipper|52/100
|move|p2a: Pelipper|Hurricane|p1a: Ditto
|-damage|p1a: Ditto|34/100
|
|-weather|RainDance|[upkeep]
|upkeep
|turn|7
|
|t:|1783347462
|-activate|p1a: Ditto|confusion
|move|p1a: Ditto|Zen Headbutt|p2a: Pelipper|[miss]
|-miss|p1a: Ditto|p2a: Pelipper
|move|p1b: Grimmsnarl|Foul Play|p2a: Pelipper
|-damage|p2a: Pelipper|41/100
|move|p2a: Pelipper|Hurricane|p1b: Grimmsnarl
|-damage|p1b: Grimmsnarl|39/100
|-start|p1b: Grimmsnarl|confusion
|
|-weather|RainDance|[upkeep]
|upkeep
|turn|8
|
|t:|1783347477
|-end|p1a: Ditto|confusion
|move|p1a: Ditto|Outrage|p2a: Pelipper
|-damage|p2a: Pelipper|1/100
|-activate|p1b: Grimmsnarl|confusion
|move|p1b: Grimmsnarl|Foul Play|p2a: Pelipper
|-damage|p2a: Pelipper|0 fnt
|faint|p2a: Pelipper
|
|win|hypergamer_2422
|c|☆FtPlyr|ggs
|c|☆hypergamer_2422|gg
|l|☆hypergamer_2422
|player|p1|
|c|☆FtPlyr|if you didn't ohko the archaludon i would've brick breaked
