|j|☆sergiovj
|j|☆denaby
|html|sergiovjdenaby    
|uhtml|bestof|Game 2 of a best-of-3
|t:|1782663599
|gametype|doubles
|player|p1|sergiovj|colress|
|player|p2|denaby|sage|
|gen|9
|tier|[Gen 9 Champions] VGC 2026 Reg M-B (Bo3)
|rule|Species Clause: Limit one of each Pokémon
|rule|Item Clause: Limit 1 of each item
|clearpoke
|poke|p1|Snorlax, L50, M|
|poke|p1|Sinistcha, L50|
|poke|p1|Hydreigon, L50, F|
|poke|p1|Charizard, L50, F|
|poke|p1|Grimmsnarl, L50, M|
|poke|p1|Toxapex, L50, F|
|poke|p2|Charizard, L50, M|
|poke|p2|Whimsicott, L50, M|
|poke|p2|Metagross, L50|
|poke|p2|Garchomp, L50, F|
|poke|p2|Kingambit, L50, F|
|poke|p2|Sylveon, L50, F|
|teampreview|4
|showteam|p1|Snorlax||SitrusBerry|ThickFat|Fissure,Yawn,Protect,DoubleEdge|Impish||M|||50|]Sinistcha||ColburBerry|Hospitality|MatchaGotcha,TrickRoom,Protect,RagePowder|Calm|||||50|]Hydreigon||ChoiceScarf|Levitate|HeatWave,DarkPulse,DracoMeteor,Snarl|Modest||F|||50|]Charizard||CharizarditeY|Blaze|Protect,HeatWave,SolarBeam,WeatherBall|Timid||F|||50|]Grimmsnarl||RoseliBerry|Prankster|FakeOut,SpiritBreak,Reflect,PartingShot|Sassy||M|||50|]Toxapex||Leftovers|Regenerator|Infestation,Toxic,BanefulBunker,WideGuard|Bold||F|||50|
|showteam|p2|Charizard||CharizarditeY|Blaze|WeatherBall,HeatWave,SolarBeam,Protect|Modest||M|||50|]Whimsicott||FocusSash|Prankster|Moonblast,Tailwind,Encore,Protect|Timid||M|||50|]Metagross||Metagrossite|ClearBody|IronHead,PsychicFangs,BodyPress,Protect|Jolly|||||50|]Garchomp||LifeOrb|RoughSkin|DragonClaw,StompingTantrum,RockTomb,Protect|Jolly||F|||50|]Kingambit||BlackGlasses|Defiant|SuckerPunch,KowtowCleave,IronHead,Protect|Adamant||F|||50|]Sylveon||FairyFeather|Pixilate|QuickAttack,HyperBeam,HyperVoice,Detect|Modest||F|||50|
|inactive|Battle timer is ON: inactive players will automatically lose when time's up. (requested by sergiovj)
|c|☆denaby|suerte
|c|☆sergiovj|igualmente
|inactive|sergiovj has 60 seconds left.
|inactive|denaby has 60 seconds left.
|
|t:|1782663644
|teamsize|p1|4
|teamsize|p2|4
|start
|switch|p1a: Toxapex|Toxapex, L50, F|100/100
|switch|p1b: Snorlax|Snorlax, L50, M|100/100
|switch|p2a: Metagross|Metagross, L50|100/100
|switch|p2b: Garchomp|Garchomp, L50, F|100/100
|turn|1
|inactive|sergiovj has 30 seconds left.
|inactive|denaby has 30 seconds left.
|
|t:|1782663674
|detailschange|p2a: Metagross|Metagross-Mega, L50
|-mega|p2a: Metagross|Metagross|Metagrossite
|move|p1a: Toxapex|Baneful Bunker|p1a: Toxapex
|-singleturn|p1a: Toxapex|move: Protect
|move|p2a: Metagross|Iron Head|p1b: Snorlax
|-damage|p1b: Snorlax|66/100
|move|p2b: Garchomp|Dragon Claw|p1b: Snorlax
|-damage|p1b: Snorlax|31/100
|-enditem|p1b: Snorlax|Sitrus Berry|[eat]
|-heal|p1b: Snorlax|56/100|[from] item: Sitrus Berry
|-damage|p2b: Garchomp|90/100|[from] item: Life Orb
|move|p1b: Snorlax|Yawn|p2a: Metagross
|-start|p2a: Metagross|move: Yawn|[of] p1b: Snorlax
|
|upkeep
|turn|2
|inactive|denaby has 30 seconds left.
|inactive|denaby has 20 seconds left.
|inactive|denaby has 15 seconds left.
|inactive|denaby has 10 seconds left.
|inactive|denaby has 5 seconds left.
|
|t:|1782663725
|switch|p2a: Kingambit|Kingambit, L50, F|100/100
|switch|p1b: Hydreigon|Hydreigon, L50, F|100/100
|move|p2b: Garchomp|Dragon Claw|p1a: Toxapex
|-damage|p1a: Toxapex|66/100
|-damage|p2b: Garchomp|80/100|[from] item: Life Orb
|move|p1a: Toxapex|Toxic|p2b: Garchomp
|-status|p2b: Garchomp|tox
|
|-heal|p1a: Toxapex|72/100|[from] item: Leftovers
|-damage|p2b: Garchomp|75/100 tox|[from] psn
|upkeep
|turn|3
|inactive|sergiovj has 30 seconds left.
|inactive|denaby has 30 seconds left.
|
|t:|1782663754
|switch|p2b: Sylveon|Sylveon, L50, F|100/100
|move|p1b: Hydreigon|Draco Meteor|p2b: Sylveon
|-immune|p2b: Sylveon
|move|p2a: Kingambit|Kowtow Cleave|p1a: Toxapex
|-damage|p1a: Toxapex|29/100
|move|p1a: Toxapex|Infestation|p2a: Kingambit
|-damage|p2a: Kingambit|96/100
|-activate|p2a: Kingambit|move: Infestation|[of] p1a: Toxapex
|
|-heal|p1a: Toxapex|35/100|[from] item: Leftovers
|-damage|p2a: Kingambit|84/100|[from] move: Infestation|[partiallytrapped]
|upkeep
|turn|4
|inactive|sergiovj has 30 seconds left.
|inactive|sergiovj has 20 seconds left.
|
|t:|1782663793
|switch|p1b: Snorlax|Snorlax, L50, M|56/100
|move|p1a: Toxapex|Baneful Bunker|p1a: Toxapex
|-singleturn|p1a: Toxapex|move: Protect
|move|p2b: Sylveon|Hyper Voice|p1a: Toxapex|[spread] p1b
|-activate|p1a: Toxapex|move: Protect
|-damage|p1b: Snorlax|29/100
|move|p2a: Kingambit|Kowtow Cleave|p1b: Snorlax
|-damage|p1b: Snorlax|0 fnt
|faint|p1b: Snorlax
|
|-heal|p1a: Toxapex|41/100|[from] item: Leftovers
|-damage|p2a: Kingambit|72/100|[from] move: Infestation|[partiallytrapped]
|upkeep
|
|t:|1782663804
|switch|p1b: Charizard|Charizard, L50, F|100/100
|turn|5
|
|t:|1782663820
|switch|p2b: Garchomp|Garchomp, L50, F|75/100 tox
|detailschange|p1b: Charizard|Charizard-Mega-Y, L50, F
|-mega|p1b: Charizard|Charizard|Charizardite Y
|-weather|SunnyDay|[from] ability: Drought|[of] p1b: Charizard
|move|p2a: Kingambit|Sucker Punch|p1b: Charizard
|-damage|p1b: Charizard|49/100
|move|p1b: Charizard|Heat Wave|p2b: Garchomp|[spread] p2a,p2b
|-supereffective|p2a: Kingambit|1
|-resisted|p2b: Garchomp|1
|-damage|p2a: Kingambit|0 fnt
|-damage|p2b: Garchomp|45/100 tox
|faint|p2a: Kingambit
|move|p1a: Toxapex|Toxic|p2b: Garchomp
|-fail|p2b: Garchomp|tox
|
|-weather|SunnyDay|[upkeep]
|-heal|p1a: Toxapex|47/100|[from] item: Leftovers
|-damage|p2b: Garchomp|39/100 tox|[from] psn
|upkeep
|
|t:|1782663835
|switch|p2a: Metagross|Metagross-Mega, L50|100/100
|turn|6
|inactive|sergiovj has 30 seconds left.
|
|t:|1782663861
|switch|p1b: Hydreigon|Hydreigon, L50, F|100/100
|move|p1a: Toxapex|Baneful Bunker|p1a: Toxapex
|-singleturn|p1a: Toxapex|move: Protect
|move|p2a: Metagross|Psychic Fangs|p1b: Hydreigon
|-immune|p1b: Hydreigon
|move|p2b: Garchomp|Dragon Claw|p1a: Toxapex
|-activate|p1a: Toxapex|move: Protect
|
|-weather|SunnyDay|[upkeep]
|-heal|p1a: Toxapex|52/100|[from] item: Leftovers
|-damage|p2b: Garchomp|28/100 tox|[from] psn
|upkeep
|turn|7
|
|t:|1782663885
|move|p2a: Metagross|Protect|p2a: Metagross
|-singleturn|p2a: Metagross|Protect
|move|p1b: Hydreigon|Heat Wave|p2b: Garchomp|[spread] p2b
|-activate|p2a: Metagross|move: Protect
|-resisted|p2b: Garchomp|1
|-crit|p2b: Garchomp
|-damage|p2b: Garchomp|0 fnt
|faint|p2b: Garchomp
|move|p1a: Toxapex|Infestation|p2a: Metagross
|-activate|p2a: Metagross|move: Protect
|
|-weather|SunnyDay|[upkeep]
|-heal|p1a: Toxapex|58/100|[from] item: Leftovers
|upkeep
|
|t:|1782663896
|switch|p2b: Sylveon|Sylveon, L50, F|100/100
|turn|8
|inactive|sergiovj has 30 seconds left.
|
|t:|1782663922
|move|p1b: Hydreigon|Heat Wave|p2a: Metagross|[spread] p2a,p2b
|-supereffective|p2a: Metagross|1
|-damage|p2a: Metagross|18/100
|-damage|p2b: Sylveon|66/100
|move|p2a: Metagross|Psychic Fangs|p1a: Toxapex
|-supereffective|p1a: Toxapex|1
|-damage|p1a: Toxapex|0 fnt
|faint|p1a: Toxapex
|move|p2b: Sylveon|Hyper Beam|p1b: Hydreigon
|-supereffective|p1b: Hydreigon|2
|-damage|p1b: Hydreigon|0 fnt
|-mustrecharge|p2b: Sylveon
|faint|p1b: Hydreigon
|
|-weather|SunnyDay|[upkeep]
|upkeep
|
|t:|1782663931
|switch|p1b: Charizard|Charizard-Mega-Y, L50, F|49/100
|turn|9
|
|t:|1782663939
|move|p2a: Metagross|Psychic Fangs|p1b: Charizard
|-damage|p1b: Charizard|0 fnt
|faint|p1b: Charizard
|
|win|denaby
|c|☆sergiovj|gg!
||sergiovj is ready for game 3.
||denaby is ready for game 3.
|uhtml|next|Next: Game 3 of 3
