|j|☆C0ozer
|j|☆Tangermon
|html|C0ozerTangermon    
|uhtml|bestof|Game 1 of a best-of-3
|t:|1785163506
|gametype|doubles
|player|p1|C0ozer|lucas|1219
|player|p2|Tangermon|hilbert-wonderlauncher|1081
|gen|9
|tier|[Gen 9 Champions] VGC 2026 Reg M-B (Bo3)
|rated|
|rule|Species Clause: Limit one of each Pokémon
|rule|Item Clause: Limit 1 of each item
|clearpoke
|poke|p1|Charizard, L50, F|
|poke|p1|Garchomp, L50, F|
|poke|p1|Whimsicott, L50, M|
|poke|p1|Tsareena, L50, F|
|poke|p1|Incineroar, L50, M|
|poke|p1|Basculegion, L50, M|
|poke|p2|Mr. Rime, L50, F|
|poke|p2|Floette-Eternal, L50, F|
|poke|p2|Raichu, L50, F|
|poke|p2|Incineroar, L50, F|
|poke|p2|Ceruledge, L50, M|
|poke|p2|Sinistcha, L50|
|teampreview|4
|showteam|p1|Charizard||CharizarditeY|Blaze|HeatWave,WeatherBall,SolarBeam,Protect|Modest||F|||50|]Garchomp||LifeOrb|RoughSkin|Earthquake,RockSlide,DragonClaw,Protect|Jolly||F|||50|]Whimsicott||FocusSash|Prankster|Moonblast,Tailwind,Encore,Protect|Timid||M|||50|]Tsareena||WideLens|QueenlyMajesty|TripleAxel,PowerWhip,KnockOff,Protect|Jolly||F|||50|]Incineroar||SitrusBerry|Intimidate|FakeOut,FlareBlitz,ThroatChop,PartingShot|Impish||M|||50|]Basculegion||MysticWater|Adaptability|LastRespects,AquaJet,WaveCrash,Protect|Adamant||M|||50|
|showteam|p2|Mr. Rime||FocusSash|ScreenCleaner|FreezeDry,Protect,SheerCold,RolePlay|Timid||F|||50|]Floette-Eternal||Floettite|FlowerVeil|DrainingKiss,DazzlingGleam,CalmMind,Protect|Timid||F|||50|]Raichu||RaichuniteY|LightningRod|FakeOut,ZapCannon,FocusBlast,Protect|Jolly||F|||50|]Incineroar||SitrusBerry|Intimidate|FakeOut,FlareBlitz,PartingShot,DarkestLariat|Impish||F|||50|]Ceruledge||ColburBerry|FlashFire|BitterBlade,ShadowSneak,Protect,BulkUp|Adamant||M|||50|]Sinistcha||KasibBerry|Hospitality|MatchaGotcha,RagePowder,TrickRoom,Protect|Bold|||||50|
|inactive|Battle timer is ON: inactive players will automatically lose when time's up. (requested by Tangermon)
|inactive|C0ozer also wants the timer to be on.
|inactive|C0ozer has 60 seconds left.
|inactive|Tangermon has 60 seconds left.
|inactive|C0ozer has 30 seconds left.
|
|t:|1785163567
|teamsize|p1|4
|teamsize|p2|4
|start
|switch|p1a: Floofy|Whimsicott, L50, M|100/100
|switch|p1b: HIgh EQ|Garchomp, L50, F|100/100
|switch|p2a: Floette|Floette-Eternal, L50, F|100/100
|switch|p2b: Incineroar|Incineroar, L50, F|100/100
|-ability|p2b: Incineroar|Intimidate|boost
|-unboost|p1a: Floofy|atk|1
|-unboost|p1b: HIgh EQ|atk|1
|turn|1
|inactive|Tangermon has 30 seconds left.
|
|t:|1785163601
|detailschange|p2a: Floette|Floette-Mega, L50, F
|-mega|p2a: Floette|Floette|Floettite
|-ability|p2a: Floette|Fairy Aura
|move|p1a: Floofy|Protect|p1a: Floofy
|-singleturn|p1a: Floofy|Protect
|move|p2b: Incineroar|Fake Out|p1a: Floofy
|-activate|p1a: Floofy|move: Protect
|move|p1b: HIgh EQ|Earthquake|p2b: Incineroar|[spread] p2a,p2b
|-activate|p1a: Floofy|move: Protect
|-crit|p2a: Floette
|-supereffective|p2b: Incineroar|1
|-damage|p2a: Floette|26/100
|-damage|p2b: Incineroar|50/100y
|-enditem|p2b: Incineroar|Sitrus Berry|[eat]
|-heal|p2b: Incineroar|74/100|[from] item: Sitrus Berry
|-damage|p1b: HIgh EQ|90/100|[from] item: Life Orb
|move|p2a: Floette|Calm Mind|p2a: Floette
|-boost|p2a: Floette|spa|1
|-boost|p2a: Floette|spd|1
|
|upkeep
|turn|2
|inactive|Tangermon has 30 seconds left.
|inactive|C0ozer has 30 seconds left.
|inactive|Tangermon has 20 seconds left.
|
|t:|1785163638
|switch|p2b: Sinistcha|Sinistcha, L50|100/100
|-heal|p2a: Floette|51/100|[from] ability: Hospitality|[of] p2b: Sinistcha
|move|p1a: Floofy|Tailwind|p1a: Floofy
|-sidestart|p1: C0ozer|move: Tailwind
|move|p1b: HIgh EQ|Rock Slide|p2b: Sinistcha|[spread] p2a,p2b
|-damage|p2a: Floette|33/100
|-damage|p2b: Sinistcha|87/100
|-damage|p1b: HIgh EQ|80/100|[from] item: Life Orb
|cant|p2a: Floette|flinch
|
|upkeep
|turn|3
|
|t:|1785163655
|switch|p1a: Chariyard|Charizard, L50, F|100/100
|switch|p2b: Incineroar|Incineroar, L50, F|74/100
|-ability|p2b: Incineroar|Intimidate|boost
|-unboost|p1a: Chariyard|atk|1
|-unboost|p1b: HIgh EQ|atk|1
|move|p1b: HIgh EQ|Earthquake|p2a: Floette|[spread] p2a,p2b
|-immune|p1a: Chariyard
|-supereffective|p2b: Incineroar|1
|-damage|p2a: Floette|8/100
|-damage|p2b: Incineroar|40/100
|-damage|p1b: HIgh EQ|70/100|[from] item: Life Orb
|move|p2a: Floette|Draining Kiss|p1b: HIgh EQ
|-supereffective|p1b: HIgh EQ|1
|-damage|p1b: HIgh EQ|0 fnt
|-heal|p2a: Floette|65/100|[from] drain|[of] p1b: HIgh EQ
|-damage|p2a: Floette|53/100|[from] ability: Rough Skin|[of] p1b: HIgh EQ
|faint|p1b: HIgh EQ
|
|upkeep
|
|t:|1785163673
|switch|p1b: No Respect|Basculegion, L50, M|100/100
|turn|4
|inactive|Tangermon has 30 seconds left.
|
|t:|1785163701
|move|p1a: Chariyard|Protect|p1a: Chariyard
|-singleturn|p1a: Chariyard|Protect
|move|p2a: Floette|Protect|p2a: Floette
|-singleturn|p2a: Floette|Protect
|move|p1b: No Respect|Wave Crash|p2b: Incineroar
|-supereffective|p2b: Incineroar|1
|-damage|p2b: Incineroar|0 fnt
|faint|p2b: Incineroar
|-damage|p1b: No Respect|86/100|[from] Recoil
|
|upkeep
|
|t:|1785163710
|switch|p2b: Sinistcha|Sinistcha, L50|87/100
|-heal|p2a: Floette|77/100|[from] ability: Hospitality|[of] p2b: Sinistcha
|turn|5
|inactive|Tangermon has 30 seconds left.
|
|t:|1785163736
|switch|p2b: Ceruledge|Ceruledge, L50, M|100/100
|detailschange|p1a: Chariyard|Charizard-Mega-Y, L50, F
|-mega|p1a: Chariyard|Charizard|Charizardite Y
|-weather|SunnyDay|[from] ability: Drought|[of] p1a: Chariyard
|move|p1a: Chariyard|Heat Wave|p2b: Ceruledge|[spread] p2a
|-start|p2b: Ceruledge|ability: Flash Fire
|-damage|p2a: Floette|42/100
|move|p1b: No Respect|Wave Crash|p2a: Floette
|-damage|p2a: Floette|0 fnt
|faint|p2a: Floette
|-damage|p1b: No Respect|73/100|[from] Recoil
|
|-weather|SunnyDay|[upkeep]
|-sideend|p1: C0ozer|move: Tailwind
|upkeep
|
|t:|1785163749
|switch|p2a: Sinistcha|Sinistcha, L50|87/100
|turn|6
|
|t:|1785163760
|move|p1b: No Respect|Protect|p1b: No Respect
|-singleturn|p1b: No Respect|Protect
|move|p2a: Sinistcha|Protect|p2a: Sinistcha
|-singleturn|p2a: Sinistcha|Protect
|move|p2b: Ceruledge|Shadow Sneak|p1b: No Respect
|-activate|p1b: No Respect|move: Protect
|move|p1a: Chariyard|Weather Ball|p2a: Sinistcha
|-activate|p2a: Sinistcha|move: Protect
|
|-weather|SunnyDay|[upkeep]
|upkeep
|turn|7
|inactive|C0ozer has 30 seconds left.
|inactive|C0ozer has 20 seconds left.
|
|t:|1785163795
|move|p2a: Sinistcha|Rage Powder|p2a: Sinistcha
|-singleturn|p2a: Sinistcha|move: Rage Powder
|move|p2b: Ceruledge|Shadow Sneak|p1b: No Respect
|-supereffective|p1b: No Respect|1
|-damage|p1b: No Respect|26/100
|move|p1a: Chariyard|Weather Ball|p2a: Sinistcha
|-supereffective|p2a: Sinistcha|1
|-damage|p2a: Sinistcha|0 fnt
|faint|p2a: Sinistcha
|move|p1b: No Respect|Wave Crash|p2b: Ceruledge
|-supereffective|p2b: Ceruledge|1
|-damage|p2b: Ceruledge|0 fnt
|faint|p2b: Ceruledge
|-damage|p1b: No Respect|0 fnt|[from] Recoil
|faint|p1b: No Respect
|
|win|C0ozer
|l|☆Tangermon
|player|p2|
|inactive|C0ozer has 30 seconds to confirm battle start!
|inactive|Tangermon has 30 seconds to confirm battle start!
||Tangermon is ready for game 2.
