|j|☆we_are_toasted
|j|‽lemons2738
|html|we_are_toastedlemons2738    
|uhtml|bestof|Game 1 of a best-of-3
|t:|1784682887
|gametype|doubles
|player|p1|we_are_toasted|102|1356
|player|p2|lemons2738|benga|1336
|gen|9
|tier|[Gen 9 Champions] VGC 2026 Reg M-B (Bo3)
|rated|
|rule|Species Clause: Limit one of each Pokémon
|rule|Item Clause: Limit 1 of each item
|clearpoke
|poke|p1|Froslass, L50, F|
|poke|p1|Sneasler, L50, F, shiny|
|poke|p1|Lycanroc-Dusk, L50, M, shiny|
|poke|p1|Basculegion, L50, M|
|poke|p1|Kingambit, L50, M, shiny|
|poke|p1|Scovillain, L50, M, shiny|
|poke|p2|Tyranitar, L50, M|
|poke|p2|Excadrill, L50, M|
|poke|p2|Gholdengo, L50|
|poke|p2|Sinistcha, L50|
|poke|p2|Milotic, L50, M|
|poke|p2|Staraptor, L50, M|
|teampreview|4
|showteam|p1|Froslass||Froslassite|CursedBody|Blizzard,ShadowBall,AuroraVeil,Protect|Timid||F|||50|]Sneasler||WhiteHerb|Unburden|FakeOut,CloseCombat,GunkShot,Protect|Adamant||F|||50|]Lycanroc-Dusk||FocusSash|ToughClaws|RockSlide,CloseCombat,Accelerock,Protect|Adamant||M|||50|]Basculegion||SitrusBerry|Adaptability|AquaJet,LastRespects,WaveCrash,Protect|Adamant||M|||50|]Kingambit||LifeOrb|Defiant|SuckerPunch,KowtowCleave,SwordsDance,Protect|Adamant||M|||50|]Scovillain||Scovillainite|Moody|GigaDrain,RagePowder,Overheat,Protect|Bold||M|||50|
|showteam|p2|Tyranitar||Tyranitarite|SandStream|RockSlide,KnockOff,LowKick,Protect|Adamant||M|||50|]Excadrill||FocusSash|SandRush|IronHead,HighHorsepower,RockSlide,Protect|Adamant||M|||50|]Gholdengo||LifeOrb|GoodasGold|ShadowBall,MakeItRain,NastyPlot,Protect|Modest|||||50|]Sinistcha||ColburBerry|Hospitality|MatchaGotcha,RagePowder,TrickRoom,Protect|Bold|||||50|]Milotic||SitrusBerry|Competitive|Scald,IceBeam,Recover,Protect|Modest||M|||50|]Staraptor||Staraptite|Intimidate|BraveBird,CloseCombat,Tailwind,Protect|Jolly||M|||50|
|inactive|Battle timer is ON: inactive players will automatically lose when time's up. (requested by lemons2738)
|inactive|we_are_toasted has 60 seconds left.
|inactive|lemons2738 has 60 seconds left.
|inactive|lemons2738 has 30 seconds left.
|
|t:|1784682951
|teamsize|p1|4
|teamsize|p2|4
|start
|switch|p1a: Scovillain|Scovillain, L50, M, shiny|100/100
|switch|p1b: Basculegion|Basculegion, L50, M|100/100
|switch|p2a: Milotic|Milotic, L50, M|100/100
|switch|p2b: Excadrill|Excadrill, L50, M|100/100
|turn|1
|inactive|we_are_toasted has 30 seconds left.
|inactive|we_are_toasted has 20 seconds left.
|
|t:|1784682987
|detailschange|p1a: Scovillain|Scovillain-Mega, L50, M, shiny
|-mega|p1a: Scovillain|Scovillain|Scovillainite
|move|p1b: Basculegion|Protect|p1b: Basculegion
|-singleturn|p1b: Basculegion|Protect
|move|p2b: Excadrill|Rock Slide|p1b: Basculegion|[spread] p1a
|-activate|p1b: Basculegion|move: Protect
|-supereffective|p1a: Scovillain|1
|-damage|p1a: Scovillain|59/100
|-status|p2b: Excadrill|brn|[from] ability: Spicy Spray|[of] p1a: Scovillain
|move|p2a: Milotic|Scald|p1a: Scovillain
|-damage|p1a: Scovillain|23/100
|-status|p2a: Milotic|brn|[from] ability: Spicy Spray|[of] p1a: Scovillain
|move|p1a: Scovillain|Giga Drain|p2b: Excadrill
|-damage|p2b: Excadrill|55/100 brn
|-heal|p1a: Scovillain|48/100|[from] drain|[of] p2b: Excadrill
|
|-damage|p2b: Excadrill|49/100 brn|[from] brn
|-damage|p2a: Milotic|94/100 brn|[from] brn
|upkeep
|turn|2
|inactive|we_are_toasted has 30 seconds left.
|inactive|lemons2738 has 30 seconds left.
|
|t:|1784683017
|move|p1b: Basculegion|Aqua Jet|p2b: Excadrill
|-supereffective|p2b: Excadrill|1
|-damage|p2b: Excadrill|0 fnt
|faint|p2b: Excadrill
|move|p2a: Milotic|Scald|p1b: Basculegion
|-resisted|p1b: Basculegion|1
|-damage|p1b: Basculegion|84/100
|-status|p1b: Basculegion|brn
|move|p1a: Scovillain|Giga Drain|p2a: Milotic
|-supereffective|p2a: Milotic|1
|-damage|p2a: Milotic|46/100 brn
|-heal|p1a: Scovillain|76/100|[from] drain|[of] p2a: Milotic
|-enditem|p2a: Milotic|Sitrus Berry|[eat]
|-heal|p2a: Milotic|71/100 brn|[from] item: Sitrus Berry
|
|-damage|p2a: Milotic|65/100 brn|[from] brn
|-damage|p1b: Basculegion|78/100 brn|[from] brn
|upkeep
|
|t:|1784683029
|switch|p2b: Tyranitar|Tyranitar, L50, M|100/100
|-weather|Sandstorm|[from] ability: Sand Stream|[of] p2b: Tyranitar
|turn|3
|inactive|we_are_toasted has 30 seconds left.
|inactive|we_are_toasted has 20 seconds left.
|inactive|we_are_toasted has 15 seconds left.
|
|t:|1784683071
|move|p1a: Scovillain|Rage Powder|p1a: Scovillain
|-singleturn|p1a: Scovillain|move: Rage Powder
|move|p2a: Milotic|Scald|p1a: Scovillain
|-damage|p1a: Scovillain|39/100
|move|p2b: Tyranitar|Knock Off|p1a: Scovillain
|-damage|p1a: Scovillain|8/100
|-status|p2b: Tyranitar|brn|[from] ability: Spicy Spray|[of] p1a: Scovillain
|move|p1b: Basculegion|Wave Crash|p2b: Tyranitar
|-supereffective|p2b: Tyranitar|1
|-damage|p2b: Tyranitar|32/100 brn
|-damage|p1b: Basculegion|58/100 brn|[from] Recoil
|
|-weather|Sandstorm|[upkeep]
|-damage|p2a: Milotic|59/100 brn|[from] Sandstorm
|-damage|p1a: Scovillain|2/100|[from] Sandstorm
|-damage|p1b: Basculegion|52/100 brn|[from] Sandstorm
|-damage|p2a: Milotic|53/100 brn|[from] brn
|-damage|p2b: Tyranitar|26/100 brn|[from] brn
|-damage|p1b: Basculegion|46/100 brn|[from] brn
|upkeep
|-enditem|p1b: Basculegion|Sitrus Berry|[eat]
|-heal|p1b: Basculegion|71/100 brn|[from] item: Sitrus Berry
|turn|4
|inactive|we_are_toasted has 30 seconds left.
|inactive|lemons2738 has 30 seconds left.
|inactive|lemons2738 has 20 seconds left.
|inactive|lemons2738 has 15 seconds left.
|inactive|lemons2738 has 10 seconds left.
|
|t:|1784683119
|switch|p2b: Sinistcha|Sinistcha, L50|100/100
|-heal|p2a: Milotic|78/100 brn|[from] ability: Hospitality|[of] p2b: Sinistcha
|move|p1a: Scovillain|Rage Powder|p1a: Scovillain
|-singleturn|p1a: Scovillain|move: Rage Powder
|move|p1b: Basculegion|Aqua Jet|p2b: Sinistcha
|-resisted|p2b: Sinistcha|1
|-damage|p2b: Sinistcha|94/100
|move|p2a: Milotic|Scald|p1a: Scovillain
|-damage|p1a: Scovillain|0 fnt
|faint|p1a: Scovillain
|
|-weather|Sandstorm|[upkeep]
|-damage|p2a: Milotic|72/100 brn|[from] Sandstorm
|-damage|p1b: Basculegion|65/100 brn|[from] Sandstorm
|-damage|p2b: Sinistcha|88/100|[from] Sandstorm
|-damage|p2a: Milotic|66/100 brn|[from] brn
|-damage|p1b: Basculegion|59/100 brn|[from] brn
|upkeep
|
|t:|1784683131
|switch|p1a: Kingambit|Kingambit, L50, M, shiny|100/100
|turn|5
|inactive|we_are_toasted has 30 seconds left.
|inactive|lemons2738 has 30 seconds left.
|inactive|lemons2738 has 20 seconds left.
|inactive|lemons2738 has 15 seconds left.
|inactive|lemons2738 has 10 seconds left.
|inactive|lemons2738 has 5 seconds left.
|
|t:|1784683186
|move|p1a: Kingambit|Sucker Punch|p2b: Sinistcha
|-supereffective|p2b: Sinistcha|1
|-crit|p2b: Sinistcha
|-enditem|p2b: Sinistcha|Colbur Berry|[eat]
|-enditem|p2b: Sinistcha|Colbur Berry|[weaken]
|-damage|p2b: Sinistcha|17/100
|-damage|p1a: Kingambit|90/100|[from] item: Life Orb
|move|p2a: Milotic|Scald|p1b: Basculegion
|-resisted|p1b: Basculegion|1
|-damage|p1b: Basculegion|44/100 brn
|move|p1b: Basculegion|Last Respects|p2b: Sinistcha
|-supereffective|p2b: Sinistcha|1
|-damage|p2b: Sinistcha|0 fnt
|faint|p2b: Sinistcha
|
|-weather|Sandstorm|[upkeep]
|-damage|p2a: Milotic|60/100 brn|[from] Sandstorm
|-damage|p1b: Basculegion|38/100 brn|[from] Sandstorm
|-damage|p2a: Milotic|54/100 brn|[from] brn
|-damage|p1b: Basculegion|32/100 brn|[from] brn
|upkeep
|inactive|lemons2738 has 30 seconds left.
|inactive|lemons2738 has 20 seconds left.
|inactive|lemons2738 has 15 seconds left.
|inactive|lemons2738 has 10 seconds left.
|inactive|lemons2738 has 5 seconds left.
|
|t:|1784683241
|switch|p2b: Tyranitar|Tyranitar, L50, M|26/100 brn
|turn|6
|
|t:|1784683256
|detailschange|p2b: Tyranitar|Tyranitar-Mega, L50, M
|-mega|p2b: Tyranitar|Tyranitar|Tyranitarite
|move|p1b: Basculegion|Aqua Jet|p2b: Tyranitar
|-supereffective|p2b: Tyranitar|1
|-damage|p2b: Tyranitar|6/100 brn
|move|p1a: Kingambit|Sucker Punch|p2b: Tyranitar
|-resisted|p2b: Tyranitar|1
|-damage|p2b: Tyranitar|0 fnt
|faint|p2b: Tyranitar
|-damage|p1a: Kingambit|80/100|[from] item: Life Orb
|move|p2a: Milotic|Scald|p1b: Basculegion
|-resisted|p1b: Basculegion|1
|-damage|p1b: Basculegion|15/100 brn
|
|-weather|Sandstorm|[upkeep]
|-damage|p2a: Milotic|48/100 brn|[from] Sandstorm
|-damage|p1b: Basculegion|10/100 brn|[from] Sandstorm
|-damage|p2a: Milotic|42/100 brn|[from] brn
|-damage|p1b: Basculegion|4/100 brn|[from] brn
|upkeep
|turn|7
|-message|lemons2738 forfeited.
|
|win|we_are_toasted
|l|‽lemons2738
|player|p2|
||lemons2738 is ready for game 2.
