|j|☆khaos1037
|j|☆Missed Ledgedash
|html|khaos1037Missed Ledgedash    
|uhtml|bestof|Game 3 of a best-of-3
|t:|1784583501
|gametype|doubles
|player|p1|khaos1037|1|1128
|player|p2|Missed Ledgedash|juan-gen3|1257
|gen|9
|tier|[Gen 9 Champions] VGC 2026 Reg M-B (Bo3)
|rated|
|rule|Species Clause: Limit one of each Pokémon
|rule|Item Clause: Limit 1 of each item
|clearpoke
|poke|p1|Kangaskhan, L50, F|
|poke|p1|Sylveon, L50, F|
|poke|p1|Garchomp, L50, M|
|poke|p1|Charizard, L50, M|
|poke|p1|Basculegion, L50, M|
|poke|p1|Whimsicott, L50, M|
|poke|p2|Gengar, L50, F|
|poke|p2|Incineroar, L50, F|
|poke|p2|Swampert, L50, M|
|poke|p2|Politoed, L50, F|
|poke|p2|Archaludon, L50, F|
|poke|p2|Vivillon, L50, F|
|teampreview|4
|showteam|p1|Kangaskhan||Kangaskhanite|Scrappy|FakeOut,LastResort|Jolly||F|||50|]Sylveon||FairyFeather|Pixilate|HyperVoice,HyperBeam,Detect,ShadowBall|Modest||F|||50|]Garchomp||LifeOrb|RoughSkin|Earthquake,DragonClaw,RockSlide,HelpingHand|Adamant||M|||50|]Charizard||CharizarditeY|Blaze|HeatWave,WeatherBall,Protect,AirSlash|Modest||M|||50|]Basculegion||ChoiceScarf|Adaptability|LastRespects,WaveCrash,Liquidation,FlipTurn|Jolly||M|||50|]Whimsicott||FocusSash|Prankster|DazzlingGleam,Tailwind,Encore,EnergyBall|Modest||M|||50|
|showteam|p2|Gengar||Gengarite|CursedBody|Protect,ShadowBall,SludgeBomb,PerishSong|Timid||F|||50|]Incineroar||PasshoBerry|Intimidate|Protect,DarkestLariat,PartingShot,FakeOut|Relaxed||F|||50|]Swampert||Swampertite|Torrent|Protect,WaveCrash,HighHorsepower,IcePunch|Adamant||M|||50|]Politoed||SitrusBerry|Drizzle|Protect,WeatherBall,PerishSong,Encore|Calm||F|||50|]Archaludon||Leftovers|Stamina|Protect,DragonPulse,FlashCannon,ElectroShot|Bold||F|||50|]Vivillon||FocusSash|CompoundEyes|Protect,Hurricane,SleepPowder,RagePowder|Timid||F|||50|
|inactive|Battle timer is ON: inactive players will automatically lose when time's up. (requested by khaos1037)
|inactive|khaos1037 has 60 seconds left.
|inactive|khaos1037 has 30 seconds left.
|inactive|khaos1037 has 20 seconds left.
|
|t:|1784583574
|teamsize|p1|4
|teamsize|p2|4
|start
|switch|p1a: Charizard|Charizard, L50, M|100/100
|switch|p1b: Garchomp|Garchomp, L50, M|100/100
|switch|p2a: Incineroar|Incineroar, L50, F|100/100
|switch|p2b: Gengar|Gengar, L50, F|100/100
|-ability|p2a: Incineroar|Intimidate|boost
|-unboost|p1a: Charizard|atk|1
|-unboost|p1b: Garchomp|atk|1
|turn|1
|
|t:|1784583590
|detailschange|p2b: Gengar|Gengar-Mega, L50, F
|-mega|p2b: Gengar|Gengar|Gengarite
|detailschange|p1a: Charizard|Charizard-Mega-Y, L50, M
|-mega|p1a: Charizard|Charizard|Charizardite Y
|-weather|SunnyDay|[from] ability: Drought|[of] p1a: Charizard
|move|p2a: Incineroar|Fake Out|p1a: Charizard
|-damage|p1a: Charizard|84/100
|move|p2b: Gengar|Perish Song|p2b: Gengar
|-start|p1a: Charizard|perish3|[silent]
|-start|p1b: Garchomp|perish3|[silent]
|-start|p2a: Incineroar|perish3|[silent]
|-start|p2b: Gengar|perish3|[silent]
|-fieldactivate|move: Perish Song
|move|p1b: Garchomp|Earthquake|p2b: Gengar|[spread] p2a,p2b
|-immune|p1a: Charizard
|-supereffective|p2a: Incineroar|1
|-supereffective|p2b: Gengar|1
|-damage|p2a: Incineroar|48/100
|-damage|p2b: Gengar|12/100
|-damage|p1b: Garchomp|90/100|[from] item: Life Orb
|cant|p1a: Charizard|flinch
|
|-weather|SunnyDay|[upkeep]
|-start|p2b: Gengar|perish3
|-start|p1b: Garchomp|perish3
|-start|p1a: Charizard|perish3
|-start|p2a: Incineroar|perish3
|upkeep
|turn|2
|
|t:|1784583615
|move|p2b: Gengar|Protect|p2b: Gengar
|-singleturn|p2b: Gengar|Protect
|move|p2a: Incineroar|Protect|p2a: Incineroar
|-singleturn|p2a: Incineroar|Protect
|move|p1b: Garchomp|Earthquake|p2b: Gengar|[spread] 
|-activate|p2a: Incineroar|move: Protect
|-activate|p2b: Gengar|move: Protect
|-immune|p1a: Charizard
|move|p1a: Charizard|Heat Wave|p2b: Gengar|[spread] 
|-activate|p2a: Incineroar|move: Protect
|-activate|p2b: Gengar|move: Protect
|
|-weather|SunnyDay|[upkeep]
|-start|p2b: Gengar|perish2
|-start|p1b: Garchomp|perish2
|-start|p1a: Charizard|perish2
|-start|p2a: Incineroar|perish2
|upkeep
|turn|3
|
|t:|1784583637
|switch|p2b: Politoed|Politoed, L50, F|100/100
|-weather|RainDance|[from] ability: Drizzle|[of] p2b: Politoed
|move|p1b: Garchomp|Earthquake|p2b: Politoed|[spread] p2a,p2b
|-immune|p1a: Charizard
|-supereffective|p2a: Incineroar|1
|-damage|p2a: Incineroar|1/100
|-damage|p2b: Politoed|66/100
|-damage|p1b: Garchomp|80/100|[from] item: Life Orb
|move|p1a: Charizard|Heat Wave|p2a: Incineroar|[spread] p2a
|-miss|p1a: Charizard|p2b: Politoed
|-resisted|p2a: Incineroar|1
|-damage|p2a: Incineroar|0 fnt
|faint|p2a: Incineroar
|
|-weather|RainDance|[upkeep]
|-start|p1b: Garchomp|perish1
|-start|p1a: Charizard|perish1
|upkeep
|
|t:|1784583648
|switch|p2a: Gengar|Gengar-Mega, L50, F|12/100
|turn|4
|inactive|khaos1037 has 30 seconds left.
|inactive|khaos1037 has 20 seconds left.
|inactive|khaos1037 has 15 seconds left.
|
|t:|1784583691
|move|p2a: Gengar|Protect|p2a: Gengar
|-singleturn|p2a: Gengar|Protect
|move|p2b: Politoed|Protect|p2b: Politoed
|-singleturn|p2b: Politoed|Protect
|move|p1b: Garchomp|Earthquake|p2b: Politoed|[spread] 
|-activate|p2a: Gengar|move: Protect
|-activate|p2b: Politoed|move: Protect
|-immune|p1a: Charizard
|move|p1a: Charizard|Weather Ball|p2b: Politoed
|-activate|p2b: Politoed|move: Protect
|
|-weather|RainDance|[upkeep]
|-start|p1b: Garchomp|perish0
|-start|p1a: Charizard|perish0
|faint|p1b: Garchomp
|faint|p1a: Charizard
|upkeep
|
|t:|1784583707
|switch|p1b: Sylveon|Sylveon, L50, F|100/100
|switch|p1a: Basculegion|Basculegion, L50, M|100/100
|turn|5
|
|t:|1784583722
|move|p1a: Basculegion|Last Respects|p2a: Gengar
|-supereffective|p2a: Gengar|1
|-damage|p2a: Gengar|0 fnt
|faint|p2a: Gengar
|move|p1b: Sylveon|Hyper Voice|p2b: Politoed
|-damage|p2b: Politoed|21/100
|-enditem|p2b: Politoed|Sitrus Berry|[eat]
|-heal|p2b: Politoed|46/100|[from] item: Sitrus Berry
|move|p2b: Politoed|Perish Song|p2b: Politoed
|-start|p1a: Basculegion|perish3|[silent]
|-start|p1b: Sylveon|perish3|[silent]
|-start|p2b: Politoed|perish3|[silent]
|-fieldactivate|move: Perish Song
|
|-weather|RainDance|[upkeep]
|-start|p1a: Basculegion|perish3
|-start|p1b: Sylveon|perish3
|-start|p2b: Politoed|perish3
|upkeep
|
|t:|1784583733
|switch|p2a: Archaludon|Archaludon, L50, F|100/100
|turn|6
|
|t:|1784583744
|move|p2a: Archaludon|Protect|p2a: Archaludon
|-singleturn|p2a: Archaludon|Protect
|move|p2b: Politoed|Protect|p2b: Politoed
|-singleturn|p2b: Politoed|Protect
|move|p1a: Basculegion|Last Respects|p2b: Politoed
|-activate|p2b: Politoed|move: Protect
|move|p1b: Sylveon|Hyper Beam|p2a: Archaludon
|-activate|p2a: Archaludon|move: Protect
|
|-weather|RainDance|[upkeep]
|-start|p1a: Basculegion|perish2
|-start|p1b: Sylveon|perish2
|-start|p2b: Politoed|perish2
|upkeep
|turn|7
|
|t:|1784583766
|move|p1a: Basculegion|Last Respects|p2b: Politoed
|-damage|p2b: Politoed|0 fnt
|faint|p2b: Politoed
|move|p2a: Archaludon|Electro Shot||[still]
|-prepare|p2a: Archaludon|Electro Shot
|-boost|p2a: Archaludon|spa|1
|-anim|p2a: Archaludon|Electro Shot|p1a: Basculegion
|-supereffective|p1a: Basculegion|1
|-damage|p1a: Basculegion|0 fnt
|faint|p1a: Basculegion
|move|p1b: Sylveon|Hyper Beam|p2a: Archaludon
|-damage|p2a: Archaludon|0 fnt
|-mustrecharge|p1b: Sylveon
|faint|p2a: Archaludon
|
|win|khaos1037
|raw|khaos1037's rating: 1128 → 1162(+34 for winning)
|raw|Missed Ledgedash's rating: 1257 → 1223(-34 for losing)
