|j|☆123something
|j|☆Bergmann VGC
|html|123somethingBergmann VGC    
|uhtml|bestof|Game 2 of a best-of-3
|t:|1754739419
|gametype|doubles
|player|p1|123something|1|1325
|player|p2|Bergmann VGC|roark|1234
|gen|9
|tier|[Gen 9] VGC 2025 Reg H (Bo3)
|rated|
|rule|Species Clause: Limit one of each Pokémon
|rule|Item Clause: Limit 1 of each item
|clearpoke
|poke|p1|Sneasler, L50, F|
|poke|p1|Indeedee, L50, M|
|poke|p1|Volcarona, L50, M|
|poke|p1|Ursaluna-Bloodmoon, L50, M|
|poke|p1|Annihilape, L50, M|
|poke|p1|Tyranitar, L50, M|
|poke|p2|Charizard, L50, F|
|poke|p2|Torkoal, L50, M|
|poke|p2|Porygon2, L50|
|poke|p2|Incineroar, L50, F|
|poke|p2|Jumpluff, L50, F|
|poke|p2|Ursaluna, L50, M|
|teampreview|4
|showteam|p1|Sneasler||PsychicSeed|Unburden|CloseCombat,DireClaw,ThroatChop,Protect|||F|||50|,,,,,Dark]Indeedee||ChoiceScarf|PsychicSurge|ExpandingForce,TeraBlast,Trick,Protect|||M|||50|,,,,,Psychic]Volcarona||SitrusBerry|FlameBody|Overheat,StruggleBug,RagePowder,Tailwind|||M|||50|,,,,,Grass]Ursaluna-Bloodmoon||LifeOrb|MindsEye|BloodMoon,HyperVoice,EarthPower,Protect|||M|||50|,,,,,Normal]Annihilape||SafetyGoggles|Defiant|CloseCombat,RageFist,Taunt,FinalGambit|||M|||50|,,,,,Fairy]Tyranitar||AssaultVest|SandStream|RockSlide,KnockOff,TeraBlast,LowKick|||M|||50|,,,,,Flying
|showteam|p2|Charizard||ChoiceSpecs|SolarPower|HeatWave,Overheat,WeatherBall,AirSlash|||F|||50|,,,,,Ghost]Torkoal||EjectPack|Drought|Eruption,Overheat,HelpingHand,Protect|||M|||50|,,,,,Fire]Porygon2||Eviolite|Download|TeraBlast,IceBeam,Recover,TrickRoom||||||50|,,,,,Fighting]Incineroar||SafetyGoggles|Intimidate|FlareBlitz,KnockOff,FakeOut,PartingShot|||F|||50|,,,,,Ghost]Jumpluff||CovertCloak|Chlorophyll|SleepPowder,SunnyDay,RagePowder,Tailwind|||F|||50|,,,,,Water]Ursaluna||FlameOrb|Guts|HeadlongRush,Facade,Earthquake,Protect|||M|||50|,,,,,Ghost
|inactive|Battle timer is ON: inactive players will automatically lose when time's up. (requested by 123something)
|
|t:|1754739433
|teamsize|p1|4
|teamsize|p2|4
|start
|switch|p1a: Indeedee|Indeedee, L50, M|100/100
|switch|p1b: Annihilape|Annihilape, L50, M|100/100
|switch|p2a: Jumpluff|Jumpluff, L50, F|100/100
|switch|p2b: Torkoal|Torkoal, L50, M|100/100
|-fieldstart|move: Psychic Terrain|[from] ability: Psychic Surge|[of] p1a: Indeedee
|-weather|SunnyDay|[from] ability: Drought|[of] p2b: Torkoal
|turn|1
|inactive|123something has 30 seconds left.
|
|t:|1754739460
|move|p2a: Jumpluff|Sleep Powder|p1a: Indeedee|[miss]
|-miss|p2a: Jumpluff|p1a: Indeedee
|move|p1a: Indeedee|Expanding Force|p2a: Jumpluff|[spread] p2a,p2b
|-crit|p2a: Jumpluff
|-damage|p2a: Jumpluff|6/100
|-damage|p2b: Torkoal|19/100
|move|p1b: Annihilape|Taunt|p2a: Jumpluff
|-start|p2a: Jumpluff|move: Taunt
|move|p2b: Torkoal|Overheat|p1b: Annihilape
|-damage|p1b: Annihilape|17/100
|-unboost|p2b: Torkoal|spa|2
|-enditem|p2b: Torkoal|Eject Pack
|
|t:|1754739474
|switch|p2b: Ursaluna|Ursaluna, L50, M|100/100
|
|-weather|SunnyDay|[upkeep]
|-status|p2b: Ursaluna|brn|[from] item: Flame Orb
|upkeep
|turn|2
|
|t:|1754739494
|switch|p2a: Torkoal|Torkoal, L50, M|19/100
|move|p2b: Ursaluna|Protect|p2b: Ursaluna
|-singleturn|p2b: Ursaluna|Protect
|move|p1a: Indeedee|Expanding Force|p2a: Torkoal|[spread] p2a
|-activate|p2b: Ursaluna|move: Protect
|-damage|p2a: Torkoal|0 fnt
|faint|p2a: Torkoal
|move|p1b: Annihilape|Rage Fist|p2b: Ursaluna
|-activate|p2b: Ursaluna|move: Protect
|
|-weather|SunnyDay|[upkeep]
|-damage|p2b: Ursaluna|95/100 brn|[from] brn
|upkeep
|
|t:|1754739501
|switch|p2a: Jumpluff|Jumpluff, L50, F|6/100
|turn|3
|
|t:|1754739515
|move|p2a: Jumpluff|Sleep Powder|p1a: Indeedee
|-status|p1a: Indeedee|slp|[from] move: Sleep Powder
|cant|p1a: Indeedee|slp
|move|p1b: Annihilape|Close Combat|p2b: Ursaluna
|-supereffective|p2b: Ursaluna
|-damage|p2b: Ursaluna|14/100 brn
|-unboost|p1b: Annihilape|def|1
|-unboost|p1b: Annihilape|spd|1
|move|p2b: Ursaluna|Earthquake|p1a: Indeedee|[spread] p1a,p1b
|-immune|p2a: Jumpluff
|-damage|p1a: Indeedee|0 fnt
|-damage|p1b: Annihilape|0 fnt
|faint|p1a: Indeedee
|faint|p1b: Annihilape
|
|-weather|SunnyDay|[upkeep]
|-damage|p2b: Ursaluna|8/100 brn|[from] brn
|upkeep
|
|t:|1754739525
|switch|p1b: Sneasler|Sneasler, L50, F|100/100
|switch|p1a: Tyranitar|Tyranitar, L50, M|100/100
|-weather|Sandstorm|[from] ability: Sand Stream|[of] p1a: Tyranitar
|-enditem|p1b: Sneasler|Psychic Seed
|-boost|p1b: Sneasler|spd|1|[from] item: Psychic Seed
|turn|4
|
|t:|1754739548
|move|p1b: Sneasler|Dire Claw|p2a: Jumpluff
|-supereffective|p2a: Jumpluff
|-crit|p2a: Jumpluff
|-damage|p2a: Jumpluff|0 fnt
|faint|p2a: Jumpluff
|move|p1a: Tyranitar|Knock Off|p2b: Ursaluna
|-damage|p2b: Ursaluna|0 fnt
|-enditem|p2b: Ursaluna|Flame Orb|[from] move: Knock Off|[of] p1a: Tyranitar
|faint|p2b: Ursaluna
|
|-weather|Sandstorm|[upkeep]
|-damage|p1b: Sneasler|95/100|[from] Sandstorm
|upkeep
|
|t:|1754739552
|switch|p2b: Charizard|Charizard, L50, F|100/100
|turn|5
|
|t:|1754739559
|-terastallize|p2b: Charizard|Ghost
|move|p1b: Sneasler|Dire Claw|p2b: Charizard
|-resisted|p2b: Charizard
|-damage|p2b: Charizard|68/100
|move|p2b: Charizard|Heat Wave|p1a: Tyranitar|[spread] p1a,p1b
|-resisted|p1a: Tyranitar
|-damage|p1a: Tyranitar|89/100
|-damage|p1b: Sneasler|48/100
|-status|p1a: Tyranitar|brn
|-status|p1b: Sneasler|brn
|move|p1a: Tyranitar|Knock Off|p2b: Charizard
|-supereffective|p2b: Charizard
|-damage|p2b: Charizard|0 fnt
|-enditem|p2b: Charizard|Choice Specs|[from] move: Knock Off|[of] p1a: Tyranitar
|faint|p2b: Charizard
|
|win|123something
|raw|123something's rating: 1325 → 1340(+15 for winning)
|raw|Bergmann VGC's rating: 1234 → 1215(-19 for losing)
