|j|☆the flow boii
|j|☆TheGayOne420
|html|the flow boiiTheGayOne420    
|uhtml|bestof|Game 2 of a best-of-3
|t:|1785898823
|gametype|doubles
|player|p1|the flow boii|1|1000
|player|p2|TheGayOne420|266|1041
|gen|9
|tier|[Gen 9 Champions] VGC 2026 Reg M-B (Bo3)
|rated|
|rule|Species Clause: Limit one of each Pokémon
|rule|Item Clause: Limit 1 of each item
|clearpoke
|poke|p1|Meowstic, L50, M|
|poke|p1|Kingambit, L50, F|
|poke|p1|Gardevoir, L50, F|
|poke|p1|Torkoal, L50, F|
|poke|p1|Sinistcha, L50|
|poke|p1|Ariados, L50, F, shiny|
|poke|p2|Eelektross, L50, F|
|poke|p2|Sinistcha, L50|
|poke|p2|Staraptor, L50, F|
|poke|p2|Talonflame, L50, M|
|poke|p2|Incineroar, L50, F|
|poke|p2|Garchomp, L50, M|
|teampreview|4
|showteam|p1|Meowstic||FocusSash|Prankster|FakeOut,PsychicTerrain,LightScreen,Reflect|Careful||M|||50|]Kingambit||BlackGlasses|Defiant|SuckerPunch,KowtowCleave,IronHead,Protect|Brave||F|||50|]Gardevoir||Gardevoirite|Trace|HyperVoice,ExpandingForce,TrickRoom,Protect|Serious||F|||50|]Torkoal||Charcoal|Drought|Eruption,HeatWave,WeatherBall,Protect|Serious||F|||50|]Sinistcha||SitrusBerry|Hospitality|MatchaGotcha,RagePowder,LifeDew,TrickRoom|Serious|||||50|]Ariados||MuscleBand|Insomnia|RagePowder,Megahorn,StringShot,Protect|Serious||F|||50|
|showteam|p2|Eelektross||LifeOrb|Levitate|Thunderbolt,Flamethrower,Protect,GigaDrain|Modest||F|||50|]Sinistcha||OccaBerry|Hospitality|ShadowBall,MatchaGotcha,LifeDew,RagePowder|Modest|||||50|]Staraptor||Staraptite|Intimidate|CloseCombat,Roost,Protect,BraveBird|Jolly||F|||50|]Talonflame||FocusSash|GaleWings|DualWingbeat,FeatherDance,Protect,Tailwind|Adamant||M|||50|]Incineroar||SitrusBerry|Intimidate|FakeOut,FlareBlitz,PartingShot,DarkestLariat|Adamant||F|||50|]Garchomp||WideLens|SandVeil|RockSlide,DragonRush,Protect,Earthquake|Jolly||M|||50|
|inactive|Battle timer is ON: inactive players will automatically lose when time's up. (requested by the flow boii)
|inactive|the flow boii has 60 seconds left.
|inactive|TheGayOne420 has 60 seconds left.
|inactive|TheGayOne420 has 30 seconds left.
|inactive|TheGayOne420 has 20 seconds left.
|inactive|TheGayOne420 has 15 seconds left.
|inactive|TheGayOne420 has 10 seconds left.
|inactive|TheGayOne420 has 5 seconds left.
|
|t:|1785898909
|teamsize|p1|4
|teamsize|p2|4
|start
|switch|p1a: Sinistcha|Sinistcha, L50|100/100
|switch|p1b: Meowstic|Meowstic, L50, M|100/100
|switch|p2a: Staraptor|Staraptor, L50, F|100/100
|switch|p2b: Sinistcha|Sinistcha, L50|100/100
|-ability|p2a: Staraptor|Intimidate|boost
|-unboost|p1a: Sinistcha|atk|1
|-unboost|p1b: Meowstic|atk|1
|turn|1
|
|t:|1785898931
|detailschange|p2a: Staraptor|Staraptor-Mega, L50, F
|-mega|p2a: Staraptor|Staraptor|Staraptite
|move|p1b: Meowstic|Fake Out|p2a: Staraptor
|-damage|p2a: Staraptor|95/100
|move|p2b: Sinistcha|Rage Powder|p2b: Sinistcha
|-singleturn|p2b: Sinistcha|move: Rage Powder
|cant|p2a: Staraptor|flinch
|move|p1a: Sinistcha|Trick Room|p1a: Sinistcha
|-fieldstart|move: Trick Room|[of] p1a: Sinistcha
|
|upkeep
|turn|2
|
|t:|1785898951
|switch|p2a: Incineroar|Incineroar, L50, F|100/100
|-ability|p2a: Incineroar|Intimidate|boost
|-unboost|p1a: Sinistcha|atk|1
|-unboost|p1b: Meowstic|atk|1
|move|p1a: Sinistcha|Rage Powder|p1a: Sinistcha
|-singleturn|p1a: Sinistcha|move: Rage Powder
|move|p1b: Meowstic|Reflect|p1b: Meowstic
|-sidestart|p1: the flow boii|Reflect
|move|p2b: Sinistcha|Shadow Ball|p1a: Sinistcha
|-supereffective|p1a: Sinistcha|1
|-damage|p1a: Sinistcha|0 fnt
|faint|p1a: Sinistcha
|
|upkeep
|
|t:|1785898965
|switch|p1a: Torkoal|Torkoal, L50, F|100/100
|-weather|SunnyDay|[from] ability: Drought|[of] p1a: Torkoal
|turn|3
|
|t:|1785898981
|move|p2a: Incineroar|Fake Out|p1a: Torkoal
|-damage|p1a: Torkoal|93/100
|move|p1b: Meowstic|Light Screen|p1b: Meowstic
|-sidestart|p1: the flow boii|move: Light Screen
|cant|p1a: Torkoal|flinch
|move|p2b: Sinistcha|Shadow Ball|p1b: Meowstic
|-supereffective|p1b: Meowstic|1
|-damage|p1b: Meowstic|55/100
|
|-weather|SunnyDay|[upkeep]
|upkeep
|turn|4
|inactive|TheGayOne420 has 30 seconds left.
|inactive|the flow boii has 30 seconds left.
|inactive|TheGayOne420 has 20 seconds left.
|
|t:|1785899019
|switch|p1b: Ariados|Ariados, L50, F, shiny|100/100
|move|p1a: Torkoal|Eruption|p2b: Sinistcha|[spread] p2a,p2b
|-resisted|p2a: Incineroar|1
|-supereffective|p2b: Sinistcha|1
|-enditem|p2b: Sinistcha|Occa Berry|[eat]
|-enditem|p2b: Sinistcha|Occa Berry|[weaken]
|-damage|p2a: Incineroar|71/100
|-damage|p2b: Sinistcha|21/100
|move|p2a: Incineroar|Darkest Lariat|p1a: Torkoal
|-damage|p1a: Torkoal|75/100
|move|p2b: Sinistcha|Shadow Ball|p1b: Ariados
|-damage|p1b: Ariados|61/100
|
|-weather|SunnyDay|[upkeep]
|upkeep
|turn|5
|
|t:|1785899044
|move|p2b: Sinistcha|Rage Powder|p2b: Sinistcha
|-singleturn|p2b: Sinistcha|move: Rage Powder
|move|p1a: Torkoal|Eruption|p2a: Incineroar|[spread] p2a,p2b
|-resisted|p2a: Incineroar|1
|-supereffective|p2b: Sinistcha|1
|-damage|p2a: Incineroar|46/100
|-damage|p2b: Sinistcha|0 fnt
|-enditem|p2a: Incineroar|Sitrus Berry|[eat]
|-heal|p2a: Incineroar|71/100|[from] item: Sitrus Berry
|faint|p2b: Sinistcha
|move|p1b: Ariados|Megahorn|p2a: Incineroar
|-damage|p2a: Incineroar|19/100
|move|p2a: Incineroar|Flare Blitz|p1b: Ariados
|-supereffective|p1b: Ariados|1
|-damage|p1b: Ariados|0 fnt
|faint|p1b: Ariados
|-damage|p2a: Incineroar|4/100|[from] Recoil
|
|-weather|SunnyDay|[upkeep]
|-fieldend|move: Trick Room
|upkeep
|
|t:|1785899064
|switch|p2b: Garchomp|Garchomp, L50, M|100/100
|switch|p1b: Meowstic|Meowstic, L50, M|55/100
|turn|6
|
|t:|1785899082
|move|p1b: Meowstic|Fake Out|p2a: Incineroar
|-damage|p2a: Incineroar|0 fnt
|faint|p2a: Incineroar
|move|p2b: Garchomp|Rock Slide|p1a: Torkoal|[spread] p1a,p1b
|-supereffective|p1a: Torkoal|1
|-damage|p1a: Torkoal|56/100
|-damage|p1b: Meowstic|39/100
|cant|p1a: Torkoal|flinch
|
|-weather|SunnyDay|[upkeep]
|-sideend|p1: the flow boii|Reflect
|upkeep
|
|t:|1785899094
|switch|p2a: Staraptor|Staraptor-Mega, L50, F|95/100
|turn|7
|
|t:|1785899101
|move|p1b: Meowstic|Reflect|p1b: Meowstic
|-sidestart|p1: the flow boii|Reflect
|move|p2a: Staraptor|Close Combat|p1a: Torkoal
|-damage|p1a: Torkoal|24/100
|-boost|p2a: Staraptor|def|1
|-boost|p2a: Staraptor|spd|1
|move|p2b: Garchomp|Rock Slide|p1b: Meowstic|[spread] p1a,p1b
|-supereffective|p1a: Torkoal|1
|-damage|p1a: Torkoal|4/100
|-damage|p1b: Meowstic|24/100
|move|p1a: Torkoal|Eruption|p2b: Garchomp|[spread] p2a,p2b
|-resisted|p2b: Garchomp|1
|-damage|p2a: Staraptor|93/100
|-damage|p2b: Garchomp|98/100
|
|-weather|none
|-sideend|p1: the flow boii|move: Light Screen
|upkeep
|turn|8
|
|t:|1785899120
|move|p1a: Torkoal|Protect|p1a: Torkoal
|-singleturn|p1a: Torkoal|Protect
|move|p1b: Meowstic|Light Screen|p1b: Meowstic
|-sidestart|p1: the flow boii|move: Light Screen
|move|p2a: Staraptor|Close Combat|p1a: Torkoal
|-activate|p1a: Torkoal|move: Protect
|move|p2b: Garchomp|Rock Slide|p1b: Meowstic|[spread] p1b
|-activate|p1a: Torkoal|move: Protect
|-damage|p1b: Meowstic|8/100
|
|upkeep
|turn|9
|
|t:|1785899136
|move|p1b: Meowstic|Psychic Terrain|p1b: Meowstic
|-fieldstart|move: Psychic Terrain
|move|p2a: Staraptor|Close Combat|p1a: Torkoal
|-damage|p1a: Torkoal|0 fnt
|-boost|p2a: Staraptor|def|1
|-boost|p2a: Staraptor|spd|1
|faint|p1a: Torkoal
|move|p2b: Garchomp|Earthquake|p1b: Meowstic|[spread] p1b
|-immune|p2a: Staraptor
|-damage|p1b: Meowstic|0 fnt
|faint|p1b: Meowstic
|
|win|TheGayOne420
||the flow boii is ready for game 3.
|inactive|TheGayOne420 has 30 seconds to confirm battle start!
||TheGayOne420 is ready for game 3.
|uhtml|next|Next: Game 3 of 3
|l|☆the flow boii
|player|p1|
