|j|☆shaboogles
|j|☆mikewww
|html|shabooglesmikewww    
|uhtml|bestof|Game 2 of a best-of-3
|t:|1784066609
|gametype|doubles
|player|p1|shaboogles|rosa|
|player|p2|mikewww|swimmer-gen4dp|
|gen|9
|tier|[Gen 9 Champions] VGC 2026 Reg M-B (Bo3)
|rule|Species Clause: Limit one of each Pokémon
|rule|Item Clause: Limit 1 of each item
|clearpoke
|poke|p1|Chandelure, L50, M|
|poke|p1|Chesnaught, L50, F|
|poke|p1|Greninja, L50, F|
|poke|p1|Rotom-Mow, L50|
|poke|p1|Krookodile, L50, F|
|poke|p1|Ariados, L50, M|
|poke|p2|Ariados, L50, F|
|poke|p2|Liepard, L50, F|
|poke|p2|Chandelure, L50, M|
|poke|p2|Krookodile, L50, M|
|poke|p2|Gardevoir, L50, M|
|poke|p2|Barbaracle, L50, F|
|teampreview|4
|showteam|p1|Chandelure||Chandelurite|Infiltrator|HeatWave,ShadowBall,TrickRoom,Protect|Modest||M|||50|]Chesnaught||RoseliBerry|Bulletproof|WoodHammer,SpikyShield,HammerArm,WideGuard|Adamant||F|||50|]Greninja||Greninjite|Torrent|IcyWind,Protect,HydroPump,DarkPulse|Timid||F|||50|]Rotom-Mow||ChoiceScarf|Levitate|Thunderbolt,LeafStorm,Electroweb,WillOWisp|Timid|||||50|]Krookodile||PasshoBerry|Intimidate|Crunch,Taunt,Protect,HighHorsepower|Adamant||F|||50|]Ariados||ScopeLens|Sniper|CrossPoison,Protect,RagePowder,KnockOff|Impish||M|||50|
|showteam|p2|Ariados||PayapaBerry|Insomnia|Protect,PoisonJab,StruggleBug,RagePowder|Impish||F|||50|]Liepard||FocusSash|Prankster|KnockOff,SunnyDay,Encore,FakeOut|Jolly||F|||50|]Chandelure||ShucaBerry|FlashFire|Protect,HeatWave,ShadowBall,TrickRoom|Modest||M|||50|]Krookodile||ChoiceScarf|Intimidate|HighHorsepower,Earthquake,KnockOff,GunkShot|Adamant||M|||50|]Gardevoir||FairyFeather|Telepathy|Protect,DazzlingGleam,Moonblast,Psychic|Modest||M|||50|]Barbaracle||Barbaracite|ToughClaws|Protect,RockSlide,CloseCombat,ShellSmash|Adamant||F|||50|
|inactive|Battle timer is ON: inactive players will automatically lose when time's up. (requested by mikewww)
|inactive|shaboogles has 60 seconds left.
|inactive|shaboogles has 30 seconds left.
|inactive|shaboogles has 20 seconds left.
|
|t:|1784066680
|teamsize|p1|4
|teamsize|p2|4
|start
|switch|p1a: Rotom|Rotom-Mow, L50|100/100
|switch|p1b: Chandelure|Chandelure, L50, M|100/100
|switch|p2a: Gardevoir|Gardevoir, L50, M|100/100
|switch|p2b: Ariados|Ariados, L50, F|100/100
|turn|1
|inactive|shaboogles has 30 seconds left.
|
|t:|1784066711
|detailschange|p1b: Chandelure|Chandelure-Mega, L50, M
|-mega|p1b: Chandelure|Chandelure|Chandelurite
|move|p1a: Rotom|Will-O-Wisp|p2b: Ariados
|-status|p2b: Ariados|brn
|move|p2a: Gardevoir|Moonblast|p1a: Rotom
|-damage|p1a: Rotom|17/100
|move|p1b: Chandelure|Heat Wave|p2b: Ariados|[spread] p2a,p2b
|-supereffective|p2b: Ariados|1
|-damage|p2a: Gardevoir|48/100
|-damage|p2b: Ariados|0 fnt
|faint|p2b: Ariados
|
|upkeep
|
|t:|1784066725
|switch|p2b: Krookodile|Krookodile, L50, M|100/100
|-ability|p2b: Krookodile|Intimidate|boost
|-unboost|p1a: Rotom|atk|1
|-unboost|p1b: Chandelure|atk|1
|turn|2
|
|t:|1784066746
|switch|p2b: Chandelure|Chandelure, L50, M|100/100
|move|p1b: Chandelure|Protect|p1b: Chandelure
|-singleturn|p1b: Chandelure|Protect
|move|p1a: Rotom|Will-O-Wisp|p2b: Chandelure
|-start|p2b: Chandelure|ability: Flash Fire
|move|p2a: Gardevoir|Moonblast|p1a: Rotom
|-damage|p1a: Rotom|0 fnt
|faint|p1a: Rotom
|
|upkeep
|
|t:|1784066751
|switch|p1a: Greninja|Greninja, L50, F|100/100
|turn|3
|
|t:|1784066771
|move|p1a: Greninja|Icy Wind|p2b: Chandelure|[spread] p2a,p2b
|-resisted|p2b: Chandelure|1
|-damage|p2a: Gardevoir|35/100
|-damage|p2b: Chandelure|91/100
|-unboost|p2a: Gardevoir|spe|1
|-unboost|p2b: Chandelure|spe|1
|move|p1b: Chandelure|Shadow Ball|p2b: Chandelure
|-supereffective|p2b: Chandelure|1
|-damage|p2b: Chandelure|0 fnt
|faint|p2b: Chandelure
|move|p2a: Gardevoir|Moonblast|p1a: Greninja
|-supereffective|p1a: Greninja|1
|-damage|p1a: Greninja|0 fnt
|faint|p1a: Greninja
|
|upkeep
|
|t:|1784066785
|switch|p1a: Krookodile|Krookodile, L50, F|100/100
|switch|p2b: Krookodile|Krookodile, L50, M|100/100
|-ability|p2b: Krookodile|Intimidate|boost
|-unboost|p1a: Krookodile|atk|1
|-unboost|p1b: Chandelure|atk|1
|-ability|p1a: Krookodile|Intimidate|boost
|-unboost|p2a: Gardevoir|atk|1
|-unboost|p2b: Krookodile|atk|1
|turn|4
|
|t:|1784066808
|move|p2a: Gardevoir|Protect|p2a: Gardevoir
|-singleturn|p2a: Gardevoir|Protect
|move|p2b: Krookodile|High Horsepower|p2a: Gardevoir
|-activate|p2a: Gardevoir|move: Protect
|move|p1a: Krookodile|High Horsepower|p2b: Krookodile
|-damage|p2b: Krookodile|61/100
|move|p1b: Chandelure|Heat Wave|p2a: Gardevoir|[spread] 
|-activate|p2a: Gardevoir|move: Protect
|-miss|p1b: Chandelure|p2b: Krookodile
|
|upkeep
|turn|5
|c|☆mikewww|lol misclick
|
|t:|1784066826
|move|p2b: Krookodile|High Horsepower|p1b: Chandelure
|-supereffective|p1b: Chandelure|1
|-damage|p1b: Chandelure|22/100
|move|p1a: Krookodile|High Horsepower|p2b: Krookodile
|-damage|p2b: Krookodile|22/100
|move|p1b: Chandelure|Heat Wave|p2b: Krookodile|[spread] 
|-miss|p1b: Chandelure|p2a: Gardevoir
|-miss|p1b: Chandelure|p2b: Krookodile
|move|p2a: Gardevoir|Moonblast|p1a: Krookodile
|-supereffective|p1a: Krookodile|1
|-damage|p1a: Krookodile|0 fnt
|faint|p1a: Krookodile
|
|upkeep
|turn|6
|c|☆mikewww|omg
|c|☆shaboogles|:sob:
|
|t:|1784066848
|move|p2b: Krookodile|High Horsepower|p1b: Chandelure
|-supereffective|p1b: Chandelure|1
|-damage|p1b: Chandelure|0 fnt
|faint|p1b: Chandelure
|
|win|mikewww
|c|☆shaboogles|happens
|c|☆shaboogles|ggs mike goat!!
|c|☆mikewww|I meant to EQ but somehow hhp'd myself lol
|c|☆mikewww|ggs!
