|j|‽Sushi Bum
|j|☆Welwitchia
|html|Sushi BumWelwitchia    
|uhtml|bestof|Game 2 of a best-of-3
|t:|1782684309
|gametype|doubles
|player|p1|Sushi Bum|beni-ninja|1073
|player|p2|Welwitchia|169|1025
|gen|9
|tier|[Gen 9 Champions] VGC 2026 Reg M-B (Bo3)
|rated|
|rule|Species Clause: Limit one of each Pokémon
|rule|Item Clause: Limit 1 of each item
|clearpoke
|poke|p1|Talonflame, L50, F|
|poke|p1|Grimmsnarl, L50, M|
|poke|p1|Raichu, L50, M|
|poke|p1|Heliolisk, L50, M|
|poke|p1|Venusaur, L50, F|
|poke|p1|Mamoswine, L50, F|
|poke|p2|Banette, L50, F, shiny|
|poke|p2|Umbreon, L50, M|
|poke|p2|Blastoise, L50, F, shiny|
|poke|p2|Charizard, L50, M|
|poke|p2|Hatterene, L50, F, shiny|
|poke|p2|Venusaur, L50, M|
|teampreview|4
|showteam|p1|Talonflame||SharpBeak|GaleWings|BraveBird,Taunt,Tailwind,UpperHand|Adamant||F|||50|]Grimmsnarl||LightClay|Prankster|PartingShot,SpiritBreak,LightScreen,Reflect|Adamant||M|||50|]Raichu||RaichuniteY|LightningRod|ZapCannon,GrassKnot,FocusBlast,Protect|Timid||M|||50|]Heliolisk||ExpertBelt|DrySkin|Thunderbolt,HyperVoice,Protect,WeatherBall|Timid||M|||50|]Venusaur||LifeOrb|Chlorophyll|SludgeBomb,SleepPowder,GigaDrain,EarthPower|Timid||F|||50|]Mamoswine||FocusSash|Oblivious|StompingTantrum,IceShard,IcicleCrash,Protect|Jolly||F|||50|
|showteam|p2|Banette||Banettite|CursedBody|SkitterSmack,Disable,FoulPlay,DestinyBond|Careful||F|||50|]Umbreon||MentalHerb|InnerFocus|FoulPlay,Swagger,Toxic,Tickle|Calm||M|||50|]Blastoise||MysticWater|RainDish|MuddyWater,FakeOut,IceBeam,AquaJet|Quiet||F|||50|]Charizard||CharizarditeY|Blaze|AirSlash,SolarBeam,HeatWave,RockSlide|Hasty||M|||50|]Hatterene||BabiriBerry|MagicBounce|MagicPowder,TrickRoom,DazzlingGleam,LightScreen|Sassy||F|||50|]Venusaur||Leftovers|Chlorophyll|WorrySeed,SweetScent,SleepPowder,AcidSpray|Timid||M|||50|
|
|t:|1782684353
|teamsize|p1|4
|teamsize|p2|4
|start
|switch|p1a: Talonflame|Talonflame, L50, F|100/100
|switch|p1b: Raichu|Raichu, L50, M|100/100
|switch|p2a: Hatterene|Hatterene, L50, F, shiny|100/100
|switch|p2b: Venusaur|Venusaur, L50, M|100/100
|turn|1
|
|t:|1782684378
|detailschange|p1b: Raichu|Raichu-Mega-Y, L50, M
|-mega|p1b: Raichu|Raichu|Raichunite Y
|move|p1a: Talonflame|Brave Bird|p2a: Hatterene
|-crit|p2a: Hatterene
|-damage|p2a: Hatterene|1/100
|-damage|p1a: Talonflame|65/100|[from] Recoil
|move|p1b: Raichu|Zap Cannon|p2a: Hatterene
|-damage|p2a: Hatterene|0 fnt
|faint|p2a: Hatterene
|move|p2b: Venusaur|Sleep Powder|p1b: Raichu
|-status|p1b: Raichu|slp|[from] move: Sleep Powder
|
|upkeep
|
|t:|1782684394
|switch|p2a: Umbreon|Umbreon, L50, M|100/100
|turn|2
|
|t:|1782684413
|cant|p1b: Raichu|slp
|move|p1a: Talonflame|Brave Bird|p2b: Venusaur
|-supereffective|p2b: Venusaur|1
|-damage|p2b: Venusaur|0 fnt
|faint|p2b: Venusaur
|-damage|p1a: Talonflame|24/100|[from] Recoil
|move|p2a: Umbreon|Swagger|p1a: Talonflame
|-boost|p1a: Talonflame|atk|2
|-start|p1a: Talonflame|confusion
|
|upkeep
|
|t:|1782684423
|switch|p2b: Banette|Banette, L50, F, shiny|100/100
|turn|3
|
|t:|1782684446
|detailschange|p2b: Banette|Banette-Mega, L50, F, shiny
|-mega|p2b: Banette|Banette|Banettite
|move|p2b: Banette|Disable|p1a: Talonflame
|-start|p1a: Talonflame|Disable|Brave Bird
|cant|p1b: Raichu|slp
|-activate|p1a: Talonflame|confusion
|move|p1a: Talonflame|Taunt|p2a: Umbreon
|-start|p2a: Umbreon|move: Taunt
|-enditem|p2a: Umbreon|Mental Herb
|-end|p2a: Umbreon|move: Taunt
|move|p2a: Umbreon|Foul Play|p1b: Raichu
|-damage|p1b: Raichu|35/100 slp
|
|upkeep
|turn|4
|
|t:|1782684467
|-curestatus|p1b: Raichu|slp|[msg]
|move|p1b: Raichu|Zap Cannon|p2b: Banette
|-damage|p2b: Banette|43/100
|-status|p2b: Banette|par
|-activate|p1a: Talonflame|confusion
|move|p1a: Talonflame|Taunt|p2a: Umbreon
|-start|p2a: Umbreon|move: Taunt
|move|p2a: Umbreon|Foul Play|p1b: Raichu
|-damage|p1b: Raichu|0 fnt
|faint|p1b: Raichu
|move|p2b: Banette|Foul Play|p1a: Talonflame
|-damage|p1a: Talonflame|0 fnt
|faint|p1a: Talonflame
|
|upkeep
|
|t:|1782684471
|switch|p1b: Venusaur|Venusaur, L50, F|100/100
|switch|p1a: Mamoswine|Mamoswine, L50, F|100/100
|turn|5
|
|t:|1782684488
|move|p2b: Banette|Destiny Bond|p2b: Banette
|-singlemove|p2b: Banette|Destiny Bond
|move|p1b: Venusaur|Giga Drain|p2b: Banette
|-damage|p2b: Banette|9/100 par
|-damage|p1b: Venusaur|90/100|[from] item: Life Orb
|move|p1a: Mamoswine|Icicle Crash|p2b: Banette|[miss]
|-miss|p1a: Mamoswine|p2b: Banette
|move|p2a: Umbreon|Foul Play|p1a: Mamoswine
|-damage|p1a: Mamoswine|46/100
|
|upkeep
|turn|6
|
|t:|1782684535
|move|p2b: Banette|Disable|p1b: Venusaur
|-start|p1b: Venusaur|Disable|Giga Drain
|move|p1a: Mamoswine|Icicle Crash|p2a: Umbreon
|-damage|p2a: Umbreon|62/100
|cant|p1b: Venusaur|Disable|Giga Drain
|move|p2a: Umbreon|Foul Play|p1a: Mamoswine
|-damage|p1a: Mamoswine|0 fnt
|faint|p1a: Mamoswine
|
|-end|p2a: Umbreon|move: Taunt
|upkeep
|turn|7
|
|t:|1782684550
|move|p2b: Banette|Destiny Bond|p2b: Banette
|-singlemove|p2b: Banette|Destiny Bond
|move|p1b: Venusaur|Sleep Powder|p2a: Umbreon
|-status|p2a: Umbreon|slp|[from] move: Sleep Powder
|cant|p2a: Umbreon|slp
|
|upkeep
|turn|8
|
|t:|1782684607
|move|p1b: Venusaur|Sludge Bomb|p2b: Banette
|-resisted|p2b: Banette|1
|-damage|p2b: Banette|0 fnt
|faint|p2b: Banette
|-activate|p2b: Banette|move: Destiny Bond
|faint|p1b: Venusaur
|
|win|Welwitchia
