|j|☆Mahdrescher
|j|☆Chknadobovgc
|html|MahdrescherChknadobovgc    
|uhtml|bestof|Game 2 of a best-of-3
|t:|1756546206
|gametype|doubles
|player|p1|Mahdrescher|1|1235
|player|p2|Chknadobovgc|2|1087
|gen|9
|tier|[Gen 9] VGC 2025 Reg H (Bo3)
|rated|
|rule|Species Clause: Limit one of each Pokémon
|rule|Item Clause: Limit 1 of each item
|clearpoke
|poke|p1|Indeedee-F, L50, F|
|poke|p1|Delphox, L50, F|
|poke|p1|Sneasler, L50, M|
|poke|p1|Incineroar, L50, M|
|poke|p1|Murkrow, L50, M|
|poke|p1|Maushold, L50|
|poke|p2|Torkoal, L50, M|
|poke|p2|Ursaluna, L50, M|
|poke|p2|Sinistcha, L50|
|poke|p2|Dragonite, L50, M|
|poke|p2|Gholdengo, L50|
|poke|p2|Charizard, L50, M|
|teampreview|4
|showteam|p1|Indeedee-F||RockyHelmet|PsychicSurge|FollowMe,HelpingHand,Imprison,TrickRoom|||F|||50|,,,,,Fairy]Delphox||LifeOrb|Blaze|Protect,NastyPlot,HeatWave,ExpandingForce|||F|||50|,,,,,Psychic]Sneasler||PsychicSeed|Unburden|Protect,CloseCombat,DireClaw,ThroatChop|||M|||50|,,,,,Dark]Incineroar||SafetyGoggles|Intimidate|FakeOut,WillOWisp,KnockOff,PartingShot|||M|||50|,,,,,Ghost]Murkrow||Eviolite|Prankster|FoulPlay,SunnyDay,Haze,Tailwind|||M|||50|,,,,,Ghost]Maushold||WideLens|Technician|Protect,FollowMe,PopulationBomb,Taunt||||||50|,,,,,Normal
|showteam|p2|Torkoal||EjectPack|Drought|Overheat,BodyPress,Eruption,Protect|||M|||50|,,,,,Fighting]Ursaluna||FlameOrb|Guts|Protect,Facade,HeadlongRush,Earthquake|||M|||50|,,,,,Fairy]Sinistcha||SitrusBerry|Hospitality|EnergyBall,RagePowder,TrickRoom,Protect||||||50|,,,,,Dark]Dragonite||LoadedDice|Multiscale|ScaleShot,Tailwind,Haze,ExtremeSpeed|||M|||50|,,,,,Fairy]Gholdengo||ChoiceScarf|GoodasGold|MakeItRain,ShadowBall,Trick,Protect||||||50|,,,,,Steel]Charizard||LifeOrb|SolarPower|HeatWave,AirSlash,Overheat,Protect|||M|||50|,,,,,Fire
|inactive|Battle timer is ON: inactive players will automatically lose when time's up. (requested by Chknadobovgc)
|
|t:|1756546231
|teamsize|p1|4
|teamsize|p2|4
|start
|switch|p1a: Delphox|Delphox, L50, F|100/100
|switch|p1b: Indeedee|Indeedee-F, L50, F|100/100
|switch|p2a: Torkoal|Torkoal, L50, M|100/100
|switch|p2b: Charizard|Charizard, L50, M, shiny|100/100
|-fieldstart|move: Psychic Terrain|[from] ability: Psychic Surge|[of] p1b: Indeedee
|-weather|SunnyDay|[from] ability: Drought|[of] p2a: Torkoal
|turn|1
|inactive|Mahdrescher has 30 seconds left.
|
|t:|1756546258
|-terastallize|p1a: Delphox|Psychic
|move|p1b: Indeedee|Helping Hand|p1a: Delphox
|-singleturn|p1a: Delphox|Helping Hand|[of] p1b: Indeedee
|move|p2b: Charizard|Protect|p2b: Charizard
|-singleturn|p2b: Charizard|Protect
|move|p2a: Torkoal|Protect|p2a: Torkoal
|-singleturn|p2a: Torkoal|Protect
|move|p1a: Delphox|Expanding Force|p2b: Charizard|[spread] 
|-activate|p2a: Torkoal|move: Protect
|-activate|p2b: Charizard|move: Protect
|
|-weather|SunnyDay|[upkeep]
|-damage|p2b: Charizard|88/100|[from] ability: Solar Power|[of] p2b: Charizard
|upkeep
|turn|2
|
|t:|1756546279
|switch|p2a: Dragonite|Dragonite, L50, M|100/100
|-terastallize|p2b: Charizard|Fire
|move|p1b: Indeedee|Helping Hand|p1a: Delphox
|-singleturn|p1a: Delphox|Helping Hand|[of] p1b: Indeedee
|move|p1a: Delphox|Expanding Force|p2b: Charizard|[spread] p2a,p2b
|-damage|p2a: Dragonite|38/100
|-damage|p2b: Charizard|0 fnt
|faint|p2b: Charizard
|-damage|p1a: Delphox|90/100|[from] item: Life Orb
|
|-weather|SunnyDay|[upkeep]
|upkeep
|
|t:|1756546289
|switch|p2b: Gholdengo|Gholdengo, L50, shiny|100/100
|turn|3
|inactive|Mahdrescher has 30 seconds left.
|
|t:|1756546316
|move|p1b: Indeedee|Follow Me|p1b: Indeedee
|-singleturn|p1b: Indeedee|move: Follow Me
|move|p2b: Gholdengo|Make It Rain|p1a: Delphox|[spread] p1a,p1b
|-damage|p1a: Delphox|34/100
|-damage|p1b: Indeedee|54/100
|-unboost|p2b: Gholdengo|spa|1
|move|p1a: Delphox|Expanding Force|p2b: Gholdengo|[spread] p2a,p2b
|-resisted|p2b: Gholdengo
|-damage|p2a: Dragonite|0 fnt
|-damage|p2b: Gholdengo|41/100
|faint|p2a: Dragonite
|-damage|p1a: Delphox|24/100|[from] item: Life Orb
|
|-weather|SunnyDay|[upkeep]
|upkeep
|
|t:|1756546331
|switch|p2a: Torkoal|Torkoal, L50, M|100/100
|turn|4
|
|t:|1756546346
|move|p1a: Delphox|Protect|p1a: Delphox
|-singleturn|p1a: Delphox|Protect
|move|p1b: Indeedee|Follow Me|p1b: Indeedee
|-singleturn|p1b: Indeedee|move: Follow Me
|move|p2b: Gholdengo|Make It Rain|p1b: Indeedee|[spread] p1b
|-activate|p1a: Delphox|move: Protect
|-damage|p1b: Indeedee|24/100
|-unboost|p2b: Gholdengo|spa|1
|move|p2a: Torkoal|Eruption|p1b: Indeedee|[spread] p1b
|-activate|p1a: Delphox|move: Protect
|-damage|p1b: Indeedee|0 fnt
|faint|p1b: Indeedee
|
|-weather|SunnyDay|[upkeep]
|upkeep
|
|t:|1756546361
|switch|p1b: Murkrow|Murkrow, L50, M|100/100
|turn|5
|
|t:|1756546372
|move|p1b: Murkrow|Tailwind|p1b: Murkrow
|-sidestart|p1: Mahdrescher|move: Tailwind
|move|p1a: Delphox|Expanding Force|p2a: Torkoal|[spread] p2a,p2b
|-resisted|p2b: Gholdengo
|-damage|p2a: Torkoal|0 fnt
|-damage|p2b: Gholdengo|0 fnt
|faint|p2a: Torkoal
|faint|p2b: Gholdengo
|-damage|p1a: Delphox|14/100|[from] item: Life Orb
|
|win|Mahdrescher
||Mahdrescher is ready for game 3.
||Chknadobovgc is ready for game 3.
|uhtml|next|Next: Game 3 of 3
|l|☆Mahdrescher
|player|p1|
|l|☆Chknadobovgc
|player|p2|
|j|☆Chknadobovgc
|player|p2|Chknadobovgc|2|
