|j|☆okes30
|j|☆zbm_fenxxx
|html|okes30zbm_fenxxx    
|uhtml|bestof|Game 2 of a best-of-3
|t:|1784139413
|gametype|doubles
|player|p1|okes30|170|1163
|player|p2|zbm_fenxxx|266|1168
|gen|9
|tier|[Gen 9 Champions] VGC 2026 Reg M-B (Bo3)
|rated|
|rule|Species Clause: Limit one of each Pokémon
|rule|Item Clause: Limit 1 of each item
|clearpoke
|poke|p1|Delphox, L50, M|
|poke|p1|Blastoise, L50, F|
|poke|p1|Sinistcha-Masterpiece, L50|
|poke|p1|Sneasler, L50, F|
|poke|p1|Incineroar, L50, F, shiny|
|poke|p1|Kingambit, L50, F|
|poke|p2|Gengar, L50, F|
|poke|p2|Incineroar, L50, M|
|poke|p2|Politoed, L50, M|
|poke|p2|Venusaur, L50, F|
|poke|p2|Charizard, L50, M|
|poke|p2|Tinkaton, L50, F|
|teampreview|4
|showteam|p1|Delphox||Delphoxite|Blaze|HeatWave,Psyshock,NastyPlot,Protect|Modest||M|||50|]Blastoise||Blastoisinite|RainDish|WaterSpout,DarkPulse,ShellSmash,Protect|Modest||F|||50|]Sinistcha-Masterpiece||MentalHerb|Hospitality|TrickRoom,MatchaGotcha,RagePowder,Imprison|Calm|||||50|]Sneasler||FocusSash|PoisonTouch|PoisonJab,FakeOut,QuickGuard,CloseCombat|Adamant||F|||50|]Incineroar||SitrusBerry|Intimidate|PartingShot,FakeOut,FlareBlitz,ThroatChop|Careful||F|||50|]Kingambit||BlackGlasses|Defiant|LowKick,SuckerPunch,KowtowCleave,Protect|Adamant||F|||50|
|showteam|p2|Gengar||Gengarite|CursedBody|ShadowBall,Disable,PerishSong,Protect|Timid||F|||50|]Incineroar||PasshoBerry|Intimidate|FakeOut,ThroatChop,PartingShot,Protect|Relaxed||M|||50|]Politoed||SitrusBerry|Drizzle|WeatherBall,Encore,PerishSong,Protect|Bold||M|||50|]Venusaur||FocusSash|Chlorophyll|SludgeBomb,EnergyBall,SleepPowder,EarthPower|Timid||F|||50|]Charizard||CharizarditeY|Blaze|HeatWave,WeatherBall,Hurricane,Protect|Modest||M|||50|]Tinkaton||ShucaBerry|MoldBreaker|FakeOut,Protect,GigatonHammer,BabyDollEyes|Adamant||F|||50|
|inactive|Battle timer is ON: inactive players will automatically lose when time's up. (requested by zbm_fenxxx)
|
|t:|1784139446
|teamsize|p1|4
|teamsize|p2|4
|start
|switch|p1a: Kingambit|Kingambit, L50, F|100/100
|switch|p1b: Sneasler|Sneasler, L50, F|100/100
|switch|p2a: Gengar|Gengar, L50, F|100/100
|switch|p2b: Incineroar|Incineroar, L50, M|100/100
|-ability|p2b: Incineroar|Intimidate|boost
|-unboost|p1a: Kingambit|atk|1
|-ability|p1a: Kingambit|Defiant|boost
|-boost|p1a: Kingambit|atk|2
|-unboost|p1b: Sneasler|atk|1
|turn|1
|
|t:|1784139460
|switch|p2b: Politoed|Politoed, L50, M|100/100
|-weather|RainDance|[from] ability: Drizzle|[of] p2b: Politoed
|detailschange|p2a: Gengar|Gengar-Mega, L50, F
|-mega|p2a: Gengar|Gengar|Gengarite
|move|p2a: Gengar|Protect|p2a: Gengar
|-singleturn|p2a: Gengar|Protect
|move|p1b: Sneasler|Fake Out|p2b: Politoed
|-damage|p2b: Politoed|92/100
|move|p1a: Kingambit|Kowtow Cleave|p2a: Gengar
|-activate|p2a: Gengar|move: Protect
|
|-weather|RainDance|[upkeep]
|upkeep
|turn|2
|
|t:|1784139483
|move|p2a: Gengar|Disable|p1a: Kingambit
|-start|p1a: Kingambit|Disable|Kowtow Cleave
|move|p1b: Sneasler|Poison Jab|p2b: Politoed
|-damage|p2b: Politoed|71/100
|-status|p2b: Politoed|psn|[from] ability: Poison Touch|[of] p1b: Sneasler
|move|p2b: Politoed|Perish Song|p2b: Politoed
|-start|p1a: Kingambit|perish3|[silent]
|-start|p1b: Sneasler|perish3|[silent]
|-start|p2a: Gengar|perish3|[silent]
|-start|p2b: Politoed|perish3|[silent]
|-fieldactivate|move: Perish Song
|cant|p1a: Kingambit|Disable|Kowtow Cleave
|
|-weather|RainDance|[upkeep]
|-damage|p2b: Politoed|58/100 psn|[from] psn
|-start|p2a: Gengar|perish3
|-start|p1b: Sneasler|perish3
|-start|p2b: Politoed|perish3
|-start|p1a: Kingambit|perish3
|upkeep
|turn|3
|inactive|okes30 has 30 seconds left.
|inactive|zbm_fenxxx has 30 seconds left.
|
|t:|1784139511
|move|p2a: Gengar|Disable|p1b: Sneasler
|-start|p1b: Sneasler|Disable|Poison Jab
|cant|p1b: Sneasler|Disable|Poison Jab
|move|p2b: Politoed|Encore|p1a: Kingambit
|-start|p1a: Kingambit|Encore
|cant|p1a: Kingambit|Disable|Kowtow Cleave
|
|-weather|RainDance|[upkeep]
|-damage|p2b: Politoed|46/100 psn|[from] psn
|-start|p2a: Gengar|perish2
|-start|p1b: Sneasler|perish2
|-start|p2b: Politoed|perish2
|-start|p1a: Kingambit|perish2
|upkeep
|-enditem|p2b: Politoed|Sitrus Berry|[eat]
|-heal|p2b: Politoed|71/100 psn|[from] item: Sitrus Berry
|turn|4
|
|t:|1784139524
|switch|p2b: Tinkaton|Tinkaton, L50, F|100/100
|-ability|p2b: Tinkaton|Mold Breaker
|move|p2a: Gengar|Protect|p2a: Gengar
|-singleturn|p2a: Gengar|Protect
|move|p1b: Sneasler|Close Combat|p2b: Tinkaton
|-damage|p2b: Tinkaton|64/100
|-unboost|p1b: Sneasler|def|1
|-unboost|p1b: Sneasler|spd|1
|-activate|p1a: Kingambit|move: Struggle
|move|p1a: Kingambit|Struggle|p2b: Tinkaton
|-damage|p2b: Tinkaton|36/100
|-damage|p1a: Kingambit|74/100|[from] recoil
|
|-weather|RainDance|[upkeep]
|-start|p2a: Gengar|perish1
|-start|p1b: Sneasler|perish1
|-start|p1a: Kingambit|perish1
|upkeep
|turn|5
|
|t:|1784139543
|switch|p2a: Incineroar|Incineroar, L50, M|100/100
|-ability|p2a: Incineroar|Intimidate|boost
|-unboost|p1a: Kingambit|atk|1
|-ability|p1a: Kingambit|Defiant|boost
|-boost|p1a: Kingambit|atk|2
|-unboost|p1b: Sneasler|atk|1
|move|p2b: Tinkaton|Protect|p2b: Tinkaton
|-singleturn|p2b: Tinkaton|Protect
|move|p1b: Sneasler|Close Combat|p2a: Incineroar
|-supereffective|p2a: Incineroar|1
|-damage|p2a: Incineroar|49/100
|-unboost|p1b: Sneasler|def|1
|-unboost|p1b: Sneasler|spd|1
|-activate|p1a: Kingambit|move: Struggle
|move|p1a: Kingambit|Struggle|p2a: Incineroar
|-damage|p2a: Incineroar|17/100
|-damage|p1a: Kingambit|49/100|[from] recoil
|
|-weather|none
|-end|p1a: Kingambit|Encore
|-end|p1a: Kingambit|Disable
|-start|p1b: Sneasler|perish0
|-start|p1a: Kingambit|perish0
|faint|p1b: Sneasler
|faint|p1a: Kingambit
|upkeep
|
|t:|1784139553
|switch|p1b: Sinistcha|Sinistcha-Masterpiece, L50|100/100
|switch|p1a: Delphox|Delphox, L50, M|100/100
|turn|6
|
|t:|1784139571
|switch|p2b: Gengar|Gengar-Mega, L50, F|100/100
|detailschange|p1a: Delphox|Delphox-Mega, L50, M
|-mega|p1a: Delphox|Delphox|Delphoxite
|move|p2a: Incineroar|Fake Out|p1a: Delphox
|-damage|p1a: Delphox|86/100
|move|p1b: Sinistcha|Rage Powder|p1b: Sinistcha
|-singleturn|p1b: Sinistcha|move: Rage Powder
|cant|p1a: Delphox|flinch
|
|upkeep
|turn|7
|
|t:|1784139592
|move|p1a: Delphox|Psyshock|p2b: Gengar
|-supereffective|p2b: Gengar|1
|-damage|p2b: Gengar|0 fnt
|faint|p2b: Gengar
|move|p1b: Sinistcha|Matcha Gotcha|p2a: Incineroar
|-resisted|p2a: Incineroar|1
|-damage|p2a: Incineroar|3/100
|move|p2a: Incineroar|Throat Chop|p1a: Delphox
|-supereffective|p1a: Delphox|1
|-damage|p1a: Delphox|0 fnt
|faint|p1a: Delphox
|
|upkeep
|
|t:|1784139602
|switch|p2b: Politoed|Politoed, L50, M|71/100 psn
|-weather|RainDance|[from] ability: Drizzle|[of] p2b: Politoed
|turn|8
|
|t:|1784139608
|move|p2b: Politoed|Weather Ball|p1b: Sinistcha
|-resisted|p1b: Sinistcha|1
|-damage|p1b: Sinistcha|78/100
|move|p1b: Sinistcha|Matcha Gotcha|p2b: Politoed|[spread] p2a,p2b
|-resisted|p2a: Incineroar|1
|-supereffective|p2b: Politoed|1
|-damage|p2a: Incineroar|0 fnt
|-heal|p1b: Sinistcha|80/100|[from] drain|[of] p2a: Incineroar
|-damage|p2b: Politoed|22/100 psn
|-heal|p1b: Sinistcha|100/100|[from] drain|[of] p2b: Politoed
|faint|p2a: Incineroar
|
|-weather|RainDance|[upkeep]
|-damage|p2b: Politoed|10/100 psn|[from] psn
|upkeep
|
|t:|1784139610
|switch|p2a: Tinkaton|Tinkaton, L50, F|36/100
|-ability|p2a: Tinkaton|Mold Breaker
|turn|9
|
|t:|1784139623
|move|p2b: Politoed|Protect|p2b: Politoed
|-singleturn|p2b: Politoed|Protect
|move|p2a: Tinkaton|Gigaton Hammer|p1b: Sinistcha
|-damage|p1b: Sinistcha|56/100
|move|p1b: Sinistcha|Matcha Gotcha|p2b: Politoed|[spread] p2a
|-activate|p2b: Politoed|move: Protect
|-resisted|p2a: Tinkaton|1
|-damage|p2a: Tinkaton|24/100
|-heal|p1b: Sinistcha|63/100|[from] drain|[of] p2a: Tinkaton
|
|-weather|RainDance|[upkeep]
|-damage|p2b: Politoed|0 fnt|[from] psn
|faint|p2b: Politoed
|upkeep
|turn|10
|
|t:|1784139628
|move|p2a: Tinkaton|Protect|p2a: Tinkaton
|-singleturn|p2a: Tinkaton|Protect
|move|p1b: Sinistcha|Matcha Gotcha|p2a: Tinkaton
|-activate|p2a: Tinkaton|move: Protect
|
|-weather|RainDance|[upkeep]
|upkeep
|turn|11
|
|t:|1784139633
|move|p2a: Tinkaton|Gigaton Hammer|p1b: Sinistcha
|-damage|p1b: Sinistcha|13/100
|move|p1b: Sinistcha|Matcha Gotcha|p2a: Tinkaton|[miss]
|-miss|p1b: Sinistcha|p2a: Tinkaton
|
|-weather|RainDance|[upkeep]
|upkeep
|turn|12
|
|t:|1784139639
|move|p2a: Tinkaton|Protect|p2a: Tinkaton
|-singleturn|p2a: Tinkaton|Protect
|move|p1b: Sinistcha|Trick Room|p1b: Sinistcha
|-fieldstart|move: Trick Room|[of] p1b: Sinistcha
|
|-weather|none
|upkeep
|turn|13
|
|t:|1784139643
|move|p1b: Sinistcha|Matcha Gotcha|p2a: Tinkaton
|-resisted|p2a: Tinkaton|1
|-damage|p2a: Tinkaton|8/100
|-heal|p1b: Sinistcha|22/100|[from] drain|[of] p2a: Tinkaton
|move|p2a: Tinkaton|Gigaton Hammer|p1b: Sinistcha
|-damage|p1b: Sinistcha|0 fnt
|faint|p1b: Sinistcha
|
|win|zbm_fenxxx
||zbm_fenxxx is ready for game 3.
||okes30 is ready for game 3.
|uhtml|next|Next: Game 3 of 3
