|j|☆ratman1324
|j|☆el_frolo
|html|ratman1324el_frolo    
|uhtml|bestof|Game 2 of a best-of-3
|t:|1757693081
|gametype|doubles
|player|p1|ratman1324|swimmer|1060
|player|p2|el_frolo|102|1122
|gen|9
|tier|[Gen 9] VGC 2025 Reg H (Bo3)
|rated|
|rule|Species Clause: Limit one of each Pokémon
|rule|Item Clause: Limit 1 of each item
|clearpoke
|poke|p1|Gholdengo, L50|
|poke|p1|Incineroar, L50, M|
|poke|p1|Ursaluna-Bloodmoon, L50, M|
|poke|p1|Dragonite, L50, M|
|poke|p1|Amoonguss, L50, M|
|poke|p1|Sneasler, L50, F|
|poke|p2|Gholdengo, L50|
|poke|p2|Incineroar, L50, F|
|poke|p2|Amoonguss, L50, M|
|poke|p2|Porygon2, L50|
|poke|p2|Ursaluna, L50, F|
|poke|p2|Dragonite, L50, F|
|teampreview|4
|showteam|p1|Gholdengo||LifeOrb|GoodasGold|MakeItRain,ShadowBall,Protect,NastyPlot||||||50|,,,,,Water]Incineroar||SafetyGoggles|Intimidate|FakeOut,KnockOff,FlareBlitz,PartingShot|||M|||50|,,,,,Ghost]Ursaluna-Bloodmoon||AssaultVest|MindsEye|EarthPower,BloodMoon,HyperVoice,VacuumWave|||M|||50|,,,,,Water]Dragonite||LoadedDice|Multiscale|ScaleShot,Protect,Haze,Tailwind|||M|||50|,,,,,Fairy]Amoonguss||SitrusBerry|Regenerator|Spore,RagePowder,PollenPuff,Protect|||M|||50|,,,,,Water]Sneasler||FocusSash|Unburden|CloseCombat,DireClaw,Protect,ThroatChop|||F|||50|,,,,,Stellar
|showteam|p2|Gholdengo||LifeOrb|GoodasGold|MakeItRain,ShadowBall,NastyPlot,Protect||||||50|,,,,,Water]Incineroar||SafetyGoggles|Intimidate|KnockOff,FlareBlitz,FakeOut,PartingShot|||F|||50|,,,,,Ghost]Amoonguss||CovertCloak|Regenerator|RagePowder,PollenPuff,Protect,Spore|||M|||50|,,,,,Dark]Porygon2||Eviolite|Download|TeraBlast,IceBeam,TrickRoom,Recover||||||50|,,,,,Fighting]Ursaluna||FlameOrb|Guts|Facade,Earthquake,HeadlongRush,Protect|||F|||50|,,,,,Ghost]Dragonite||LoadedDice|Multiscale|ScaleShot,Tailwind,Protect,Haze|||F|||50|,,,,,Fairy
|
|t:|1757693124
|teamsize|p1|4
|teamsize|p2|4
|start
|switch|p1a: Ursaluna|Ursaluna-Bloodmoon, L50, M|100/100
|switch|p1b: Incineroar|Incineroar, L50, M, shiny|100/100
|switch|p2a: Gholdengo|Gholdengo, L50|100/100
|switch|p2b: Incineroar|Incineroar, L50, F|100/100
|-ability|p2b: Incineroar|Intimidate|boost
|-unboost|p1a: Ursaluna|atk|1
|-unboost|p1b: Incineroar|atk|1
|-ability|p1b: Incineroar|Intimidate|boost
|-unboost|p2a: Gholdengo|atk|1
|-unboost|p2b: Incineroar|atk|1
|turn|1
|inactive|Battle timer is ON: inactive players will automatically lose when time's up. (requested by ratman1324)
|inactive|el_frolo has 60 seconds left.
|inactive|ratman1324 has 60 seconds left.
|inactive|el_frolo has 30 seconds left.
|inactive|el_frolo has 20 seconds left.
|inactive|el_frolo has 15 seconds left.
|inactive|el_frolo has 10 seconds left.
|inactive|el_frolo has 5 seconds left.
|
|t:|1757693214
|-terastallize|p2a: Gholdengo|Water
|move|p2b: Incineroar|Fake Out|p1b: Incineroar
|-damage|p1b: Incineroar|93/100
|move|p2a: Gholdengo|Nasty Plot|p2a: Gholdengo
|-boost|p2a: Gholdengo|spa|2
|cant|p1b: Incineroar|flinch
|move|p1a: Ursaluna|Earth Power|p2b: Incineroar
|-supereffective|p2b: Incineroar
|-damage|p2b: Incineroar|17/100
|
|upkeep
|turn|2
|inactive|ratman1324 has 30 seconds left.
|inactive|el_frolo has 30 seconds left.
|inactive|ratman1324 has 20 seconds left.
|inactive|el_frolo has 20 seconds left.
|inactive|ratman1324 has 15 seconds left.
|
|t:|1757693257
|switch|p1b: Dragonite|Dragonite, L50, M|100/100
|move|p2a: Gholdengo|Protect|p2a: Gholdengo
|-singleturn|p2a: Gholdengo|Protect
|move|p1a: Ursaluna|Vacuum Wave|p2b: Incineroar
|-supereffective|p2b: Incineroar
|-damage|p2b: Incineroar|0 fnt
|faint|p2b: Incineroar
|
|upkeep
|
|t:|1757693276
|switch|p2b: Amoonguss|Amoonguss, L50, M|100/100
|turn|3
|
|t:|1757693295
|switch|p1a: Incineroar|Incineroar, L50, M, shiny|93/100
|-ability|p1a: Incineroar|Intimidate|boost
|-unboost|p2a: Gholdengo|atk|1
|-unboost|p2b: Amoonguss|atk|1
|move|p2a: Gholdengo|Make It Rain|p1a: Incineroar|[spread] p1a,p1b
|-resisted|p1a: Incineroar
|-damage|p1a: Incineroar|43/100
|-damage|p1b: Dragonite|35/100
|-unboost|p2a: Gholdengo|spa|1
|-damage|p2a: Gholdengo|91/100|[from] item: Life Orb
|move|p1b: Dragonite|Tailwind|p1b: Dragonite
|-sidestart|p1: ratman1324|move: Tailwind
|move|p2b: Amoonguss|Spore|p1a: Incineroar
|-activate|p1a: Incineroar|item: Safety Goggles|Spore
|
|upkeep
|turn|4
|inactive|ratman1324 has 30 seconds left.
|inactive|el_frolo has 30 seconds left.
|inactive|el_frolo has 20 seconds left.
|inactive|ratman1324 has 20 seconds left.
|inactive|el_frolo has 15 seconds left.
|inactive|ratman1324 has 15 seconds left.
|inactive|ratman1324 has 10 seconds left.
|
|t:|1757693348
|move|p1a: Incineroar|Fake Out|p2a: Gholdengo
|-damage|p2a: Gholdengo|79/100
|move|p1b: Dragonite|Scale Shot|p2a: Gholdengo|[miss]
|-miss|p1b: Dragonite|p2a: Gholdengo
|cant|p2a: Gholdengo|flinch
|move|p2b: Amoonguss|Spore|p1b: Dragonite
|-status|p1b: Dragonite|slp|[from] move: Spore
|
|upkeep
|turn|5
|inactive|ratman1324 has 30 seconds left.
|inactive|el_frolo has 30 seconds left.
|inactive|ratman1324 has 20 seconds left.
|inactive|el_frolo has 20 seconds left.
|inactive|ratman1324 has 15 seconds left.
|inactive|el_frolo has 15 seconds left.
|inactive|ratman1324 has 10 seconds left.
|inactive|ratman1324 has 5 seconds left.
|
|t:|1757693398
|switch|p1a: Sneasler|Sneasler, L50, F, shiny|100/100
|cant|p1b: Dragonite|slp
|move|p2b: Amoonguss|Protect|p2b: Amoonguss
|-singleturn|p2b: Amoonguss|Protect
|move|p2a: Gholdengo|Make It Rain|p1a: Sneasler|[spread] p1a,p1b
|-enditem|p1a: Sneasler|Focus Sash
|-damage|p1a: Sneasler|1/100
|-damage|p1b: Dragonite|0 fnt
|-unboost|p2a: Gholdengo|spa|1
|faint|p1b: Dragonite
|-damage|p2a: Gholdengo|70/100|[from] item: Life Orb
|
|upkeep
|
|t:|1757693409
|switch|p1b: Incineroar|Incineroar, L50, M, shiny|43/100
|-ability|p1b: Incineroar|Intimidate|boost
|-unboost|p2a: Gholdengo|atk|1
|-unboost|p2b: Amoonguss|atk|1
|turn|6
|inactive|el_frolo has 30 seconds left.
|inactive|el_frolo has 20 seconds left.
|
|t:|1757693449
|move|p2a: Gholdengo|Protect|p2a: Gholdengo
|-singleturn|p2a: Gholdengo|Protect
|move|p1b: Incineroar|Fake Out|p2b: Amoonguss
|-damage|p2b: Amoonguss|91/100
|move|p1a: Sneasler|Close Combat|p2a: Gholdengo
|-activate|p2a: Gholdengo|move: Protect
|move|p2b: Amoonguss|Pollen Puff|p1a: Sneasler
|-resisted|p1a: Sneasler
|-damage|p1a: Sneasler|0 fnt
|faint|p1a: Sneasler
|
|-sideend|p1: ratman1324|move: Tailwind
|upkeep
|
|t:|1757693461
|switch|p1a: Ursaluna|Ursaluna-Bloodmoon, L50, M|100/100
|turn|7
|
|t:|1757693477
|move|p2a: Gholdengo|Make It Rain|p1a: Ursaluna|[spread] p1a,p1b
|-resisted|p1b: Incineroar
|-damage|p1a: Ursaluna|59/100
|-damage|p1b: Incineroar|17/100
|-unboost|p2a: Gholdengo|spa|1
|-damage|p2a: Gholdengo|60/100|[from] item: Life Orb
|move|p1b: Incineroar|Flare Blitz|p2b: Amoonguss
|-supereffective|p2b: Amoonguss
|-damage|p2b: Amoonguss|5/100
|-damage|p1b: Incineroar|0 fnt|[from] Recoil
|faint|p1b: Incineroar
|move|p1a: Ursaluna|Blood Moon|p2a: Gholdengo
|-damage|p2a: Gholdengo|0 fnt
|faint|p2a: Gholdengo
|move|p2b: Amoonguss|Spore|p1a: Ursaluna
|-status|p1a: Ursaluna|slp|[from] move: Spore
|
|upkeep
|-message|ratman1324 forfeited.
|
|win|el_frolo
|raw|ratman1324's rating: 1060 → 1044(-16 for losing)
|raw|el_frolo's rating: 1122 → 1143(+21 for winning)
|l|☆ratman1324
|player|p1|
