|j|☆Its Sushiii
|j|☆marcosdeltasena31
|html|Its Sushiiimarcosdeltasena31    
|uhtml|bestof|Game 1 of a best-of-3
|t:|1784235387
|gametype|doubles
|player|p1|Its Sushiii|265|1382
|player|p2|marcosdeltasena31|hilbert|1490
|gen|9
|tier|[Gen 9 Champions] VGC 2026 Reg M-B (Bo3)
|rated|
|rule|Species Clause: Limit one of each Pokémon
|rule|Item Clause: Limit 1 of each item
|clearpoke
|poke|p1|Excadrill, L50, M, shiny|
|poke|p1|Tyranitar, L50, M|
|poke|p1|Farigiraf, L50, M|
|poke|p1|Sylveon, L50, M|
|poke|p1|Charizard, L50, F|
|poke|p1|Incineroar, L50, M|
|poke|p2|Charizard, L50, M, shiny|
|poke|p2|Venusaur, L50, M|
|poke|p2|Garchomp, L50, M|
|poke|p2|Incineroar, L50, F|
|poke|p2|Toxapex, L50, F|
|poke|p2|Annihilape, L50, F|
|teampreview|4
|showteam|p1|Excadrill||FocusSash|SandRush|IronHead,HighHorsepower,RockSlide,Protect|Adamant||M|||50|]Tyranitar||Tyranitarite|SandStream|RockSlide,KnockOff,IcePunch,Protect|Adamant||M|||50|]Farigiraf||SitrusBerry|ArmorTail|Psychic,Thunderbolt,TrickRoom,Protect|Relaxed||M|||50|]Sylveon||LifeOrb|Pixilate|HyperVoice,HyperBeam,QuickAttack,Detect|Modest||M|||50|]Charizard||CharizarditeY|Blaze|HeatWave,SolarBeam,WeatherBall,Protect|Modest||F|||50|]Incineroar||ShucaBerry|Intimidate|PartingShot,DarkestLariat,FlareBlitz,FakeOut|Impish||M|||50|
|showteam|p2|Charizard||CharizarditeY|Blaze|HeatWave,WeatherBall,Protect,HelpingHand|Modest||M|||50|]Venusaur||LifeOrb|Chlorophyll|SludgeBomb,SolarBeam,EarthPower,Protect|Modest||M|||50|]Garchomp||ChoiceScarf|RoughSkin|Earthquake,RockSlide,DragonClaw,StompingTantrum|Adamant||M|||50|]Incineroar||SitrusBerry|Intimidate|FakeOut,FlareBlitz,ThroatChop,PartingShot|Impish||F|||50|]Toxapex||Leftovers|Regenerator|Infestation,Toxic,WideGuard,BanefulBunker|Impish||F|||50|]Annihilape||FocusSash|Defiant|CloseCombat,PhantomForce,RockTomb,Protect|Jolly||F|||50|
|inactive|Battle timer is ON: inactive players will automatically lose when time's up. (requested by Its Sushiii)
|inactive|Its Sushiii has 60 seconds left.
|
|t:|1784235428
|teamsize|p1|4
|teamsize|p2|4
|start
|switch|p1a: Excadrill|Excadrill, L50, M, shiny|100/100
|switch|p1b: Tyranitar|Tyranitar, L50, M|100/100
|switch|p2a: Annihilape|Annihilape, L50, F|100/100
|switch|p2b: Garchomp|Garchomp, L50, M|100/100
|-weather|Sandstorm|[from] ability: Sand Stream|[of] p1b: Tyranitar
|turn|1
|inactive|Its Sushiii has 30 seconds left.
|inactive|Its Sushiii has 20 seconds left.
|inactive|Its Sushiii has 15 seconds left.
|
|t:|1784235470
|switch|p1b: Sylveon|Sylveon, L50, M|100/100
|move|p1a: Excadrill|Rock Slide|p2a: Annihilape|[spread] p2a,p2b
|-resisted|p2a: Annihilape|1
|-resisted|p2b: Garchomp|1
|-damage|p2a: Annihilape|86/100
|-damage|p2b: Garchomp|90/100
|move|p2b: Garchomp|Stomping Tantrum|p1a: Excadrill
|-supereffective|p1a: Excadrill|1
|-enditem|p1a: Excadrill|Focus Sash
|-damage|p1a: Excadrill|1/100
|move|p2a: Annihilape|Close Combat|p1b: Sylveon
|-resisted|p1b: Sylveon|1
|-damage|p1b: Sylveon|70/100
|-unboost|p2a: Annihilape|def|1
|-unboost|p2a: Annihilape|spd|1
|
|-weather|Sandstorm|[upkeep]
|-damage|p2a: Annihilape|80/100|[from] Sandstorm
|-damage|p1b: Sylveon|64/100|[from] Sandstorm
|upkeep
|turn|2
|
|t:|1784235492
|move|p2a: Annihilape|Protect|p2a: Annihilape
|-singleturn|p2a: Annihilape|Protect
|move|p1a: Excadrill|Rock Slide|p2a: Annihilape|[spread] p2b
|-activate|p2a: Annihilape|move: Protect
|-resisted|p2b: Garchomp|1
|-damage|p2b: Garchomp|79/100
|cant|p2b: Garchomp|flinch
|move|p1b: Sylveon|Hyper Voice|p2b: Garchomp|[spread] p2b
|-activate|p2a: Annihilape|move: Protect
|-supereffective|p2b: Garchomp|1
|-damage|p2b: Garchomp|0 fnt
|faint|p2b: Garchomp
|-damage|p1b: Sylveon|54/100|[from] item: Life Orb
|
|-weather|Sandstorm|[upkeep]
|-damage|p2a: Annihilape|74/100|[from] Sandstorm
|-damage|p1b: Sylveon|48/100|[from] Sandstorm
|upkeep
|
|t:|1784235506
|switch|p2b: Venusaur|Venusaur, L50, M|100/100
|turn|3
|inactive|Its Sushiii has 30 seconds left.
|
|t:|1784235531
|switch|p1b: Incineroar|Incineroar, L50, M|100/100
|-ability|p1b: Incineroar|Intimidate|boost
|-unboost|p2a: Annihilape|atk|1
|-ability|p2a: Annihilape|Defiant|boost
|-boost|p2a: Annihilape|atk|2
|-unboost|p2b: Venusaur|atk|1
|move|p2b: Venusaur|Protect|p2b: Venusaur
|-singleturn|p2b: Venusaur|Protect
|move|p1a: Excadrill|High Horsepower|p2a: Annihilape
|-damage|p2a: Annihilape|0 fnt
|faint|p2a: Annihilape
|
|-weather|Sandstorm|[upkeep]
|-damage|p2b: Venusaur|94/100|[from] Sandstorm
|-damage|p1b: Incineroar|94/100|[from] Sandstorm
|upkeep
|
|t:|1784235543
|switch|p2a: Charizard|Charizard, L50, M, shiny|100/100
|turn|4
|
|t:|1784235557
|move|p2a: Charizard|Protect|p2a: Charizard
|-singleturn|p2a: Charizard|Protect
|move|p1b: Incineroar|Fake Out|p2b: Venusaur
|-damage|p2b: Venusaur|82/100
|move|p1a: Excadrill|Rock Slide|p2a: Charizard|[spread] p2b
|-activate|p2a: Charizard|move: Protect
|-damage|p2b: Venusaur|56/100
|cant|p2b: Venusaur|flinch
|
|-weather|Sandstorm|[upkeep]
|-damage|p2a: Charizard|93/100|[from] Sandstorm
|-damage|p2b: Venusaur|50/100g|[from] Sandstorm
|-damage|p1b: Incineroar|88/100|[from] Sandstorm
|upkeep
|turn|5
|inactive|Its Sushiii has 30 seconds left.
|
|t:|1784235587
|detailschange|p2a: Charizard|Charizard-Mega-Y, L50, M, shiny
|-mega|p2a: Charizard|Charizard|Charizardite Y
|-weather|SunnyDay|[from] ability: Drought|[of] p2a: Charizard
|move|p1a: Excadrill|Protect|p1a: Excadrill
|-singleturn|p1a: Excadrill|Protect
|move|p2b: Venusaur|Earth Power|p1b: Incineroar
|-supereffective|p1b: Incineroar|1
|-enditem|p1b: Incineroar|Shuca Berry|[eat]
|-enditem|p1b: Incineroar|Shuca Berry|[weaken]
|-damage|p1b: Incineroar|58/100
|-damage|p2b: Venusaur|41/100|[from] item: Life Orb
|move|p2a: Charizard|Heat Wave|p1b: Incineroar|[spread] p1b
|-activate|p1a: Excadrill|move: Protect
|-resisted|p1b: Incineroar|1
|-crit|p1b: Incineroar
|-damage|p1b: Incineroar|20/100y
|move|p1b: Incineroar|Flare Blitz|p2b: Venusaur
|-supereffective|p2b: Venusaur|1
|-crit|p2b: Venusaur
|-damage|p2b: Venusaur|0 fnt
|faint|p2b: Venusaur
|-damage|p1b: Incineroar|9/100|[from] Recoil
|
|-weather|SunnyDay|[upkeep]
|upkeep
|turn|6
|
|t:|1784235609
|switch|p1b: Tyranitar|Tyranitar, L50, M|100/100
|-weather|Sandstorm|[from] ability: Sand Stream|[of] p1b: Tyranitar
|move|p1a: Excadrill|Rock Slide|p2a: Charizard
|-supereffective|p2a: Charizard|2
|-damage|p2a: Charizard|0 fnt
|faint|p2a: Charizard
|
|win|Its Sushiii
||marcosdeltasena31 is ready for game 2.
|inactive|Its Sushiii has 30 seconds to confirm battle start!
||Its Sushiii is ready for game 2.
|uhtml|next|Next: Game 2 of 3
|l|☆marcosdeltasena31
|player|p2|
