|j|☆new mental
|j|☆lalalaing
|html|new mentallalalaing    
|uhtml|bestof|Game 2 of a best-of-3
|t:|1783866803
|gametype|doubles
|player|p1|new mental|volkner|1337
|player|p2|lalalaing|chili|1476
|gen|9
|tier|[Gen 9 Champions] VGC 2026 Reg M-B (Bo3)
|rated|
|rule|Species Clause: Limit one of each Pokémon
|rule|Item Clause: Limit 1 of each item
|clearpoke
|poke|p1|Charizard, L50, F|
|poke|p1|Kingambit, L50, F|
|poke|p1|Sylveon, L50, F|
|poke|p1|Garchomp, L50, M|
|poke|p1|Aerodactyl, L50, F|
|poke|p1|Farigiraf, L50, M|
|poke|p2|Swampert, L50, F|
|poke|p2|Metagross, L50|
|poke|p2|Pelipper, L50, M|
|poke|p2|Archaludon, L50, F|
|poke|p2|Grimmsnarl, L50, M|
|poke|p2|Sinistcha, L50|
|teampreview|4
|showteam|p1|Charizard||CharizarditeY|SolarPower|Protect,HeatWave,SolarBeam,WeatherBall|Modest||F|||50|]Kingambit||FocusSash|Defiant|IronHead,SuckerPunch,KowtowCleave,LowKick|Adamant||F|||50|]Sylveon||FairyFeather|Pixilate|Detect,HyperVoice,HyperBeam,QuickAttack|Modest||F|||50|]Garchomp||LifeOrb|RoughSkin|Protect,DragonClaw,Earthquake,RockSlide|Jolly||M|||50|]Aerodactyl||Aerodactylite|Unnerve|IceFang,RockSlide,Tailwind,DualWingbeat|Jolly||F|||50|]Farigiraf||SitrusBerry|ArmorTail|TrickRoom,Psychic,Thunderbolt,Roar|Bold||M|||50|
|showteam|p2|Swampert||Swampertite|Damp|WaveCrash,Earthquake,IcePunch,Protect|Adamant||F|||50|]Metagross||Metagrossite|ClearBody|IronHead,PsychicFangs,BodyPress,Protect|Jolly|||||50|]Pelipper||FocusSash|Drizzle|WeatherBall,Hurricane,Tailwind,Protect|Modest||M|||50|]Archaludon||Leftovers|Stamina|ElectroShot,DragonPulse,FlashCannon,Protect|Modest||F|||50|]Grimmsnarl||LightClay|Prankster|Reflect,LightScreen,SpiritBreak,PartingShot|Impish||M|||50|]Sinistcha||SitrusBerry|Hospitality|MatchaGotcha,RagePowder,TrickRoom,Protect|Calm|||||50|
|inactive|Battle timer is ON: inactive players will automatically lose when time's up. (requested by new mental)
|
|t:|1783866835
|teamsize|p1|4
|teamsize|p2|4
|start
|switch|p1a: Kingambit|Kingambit, L50, F|100/100
|switch|p1b: Farigiraf|Farigiraf, L50, M|100/100
|switch|p2a: Swampert|Swampert, L50, F|100/100
|switch|p2b: Grimmsnarl|Grimmsnarl, L50, M|100/100
|turn|1
|
|t:|1783866855
|move|p2a: Swampert|Protect|p2a: Swampert
|-singleturn|p2a: Swampert|Protect
|move|p2b: Grimmsnarl|Reflect|p2b: Grimmsnarl
|-sidestart|p2: lalalaing|Reflect
|move|p1a: Kingambit|Iron Head|p2b: Grimmsnarl
|-supereffective|p2b: Grimmsnarl|1
|-damage|p2b: Grimmsnarl|46/100
|move|p1b: Farigiraf|Trick Room|p1b: Farigiraf
|-fieldstart|move: Trick Room|[of] p1b: Farigiraf
|
|upkeep
|turn|2
|inactive|new mental has 30 seconds left.
|inactive|new mental has 20 seconds left.
|
|t:|1783866890
|detailschange|p2a: Swampert|Swampert-Mega, L50, F
|-mega|p2a: Swampert|Swampert|Swampertite
|move|p1b: Farigiraf|Psychic|p2a: Swampert
|-damage|p2a: Swampert|72/100
|-unboost|p2a: Swampert|spd|1
|move|p2b: Grimmsnarl|Spirit Break|p1a: Kingambit
|-damage|p1a: Kingambit|74/100
|-unboost|p1a: Kingambit|spa|1
|-ability|p1a: Kingambit|Defiant|boost
|-boost|p1a: Kingambit|atk|2
|move|p1a: Kingambit|Kowtow Cleave|p2a: Swampert
|-damage|p2a: Swampert|15/100
|move|p2a: Swampert|Earthquake|p1b: Farigiraf|[spread] p2b,p1a,p1b
|-supereffective|p1a: Kingambit|1
|-damage|p2b: Grimmsnarl|20/100y
|-damage|p1a: Kingambit|0 fnt
|-damage|p1b: Farigiraf|64/100
|faint|p1a: Kingambit
|
|upkeep
|
|t:|1783866900
|switch|p1a: Charizard|Charizard, L50, F|100/100
|turn|3
|
|t:|1783866917
|detailschange|p1a: Charizard|Charizard-Mega-Y, L50, F
|-mega|p1a: Charizard|Charizard|Charizardite Y
|-weather|SunnyDay|[from] ability: Drought|[of] p1a: Charizard
|move|p2a: Swampert|Protect|p2a: Swampert
|-singleturn|p2a: Swampert|Protect
|move|p2b: Grimmsnarl|Light Screen|p2b: Grimmsnarl
|-sidestart|p2: lalalaing|move: Light Screen
|move|p1a: Charizard|Heat Wave|p2b: Grimmsnarl|[spread] p2b
|-activate|p2a: Swampert|move: Protect
|-damage|p2b: Grimmsnarl|0 fnt
|faint|p2b: Grimmsnarl
|move|p1b: Farigiraf|Roar|p1a: Charizard
|drag|p1a: Garchomp|Garchomp, L50, M|100/100
|
|-weather|SunnyDay|[upkeep]
|upkeep
|
|t:|1783866924
|switch|p2b: Archaludon|Archaludon, L50, F|100/100
|turn|4
|
|t:|1783866948
|switch|p2a: Pelipper|Pelipper, L50, M|100/100
|-weather|RainDance|[from] ability: Drizzle|[of] p2a: Pelipper
|move|p1a: Garchomp|Protect|p1a: Garchomp
|-singleturn|p1a: Garchomp|Protect
|move|p2b: Archaludon|Dragon Pulse|p1a: Garchomp
|-activate|p1a: Garchomp|move: Protect
|move|p1b: Farigiraf|Trick Room|p1b: Farigiraf
|-fieldend|move: Trick Room
|
|-weather|RainDance|[upkeep]
|upkeep
|turn|5
|inactive|lalalaing has 30 seconds left.
|inactive|new mental has 30 seconds left.
|inactive|new mental has 20 seconds left.
|inactive|new mental has 15 seconds left.
|
|t:|1783866995
|switch|p1b: Charizard|Charizard-Mega-Y, L50, F|100/100
|-weather|SunnyDay|[from] ability: Drought|[of] p1b: Charizard
|move|p2a: Pelipper|Protect|p2a: Pelipper
|-singleturn|p2a: Pelipper|Protect
|move|p1a: Garchomp|Earthquake|p2b: Archaludon|[spread] p2b
|-activate|p2a: Pelipper|move: Protect
|-immune|p1b: Charizard
|-supereffective|p2b: Archaludon|1
|-damage|p2b: Archaludon|45/100
|-ability|p2b: Archaludon|Stamina|boost
|-boost|p2b: Archaludon|def|1
|-damage|p1a: Garchomp|90/100|[from] item: Life Orb
|move|p2b: Archaludon|Dragon Pulse|p1a: Garchomp
|-supereffective|p1a: Garchomp|1
|-damage|p1a: Garchomp|0 fnt
|faint|p1a: Garchomp
|
|-weather|SunnyDay|[upkeep]
|-heal|p2b: Archaludon|51/100|[from] item: Leftovers
|upkeep
|
|t:|1783866999
|switch|p1a: Farigiraf|Farigiraf, L50, M|64/100
|turn|6
|
|t:|1783867013
|switch|p2a: Swampert|Swampert-Mega, L50, F|15/100
|move|p2b: Archaludon|Protect|p2b: Archaludon
|-singleturn|p2b: Archaludon|Protect
|move|p1b: Charizard|Solar Beam||[still]
|-prepare|p1b: Charizard|Solar Beam
|-anim|p1b: Charizard|Solar Beam|p2a: Swampert
|-supereffective|p2a: Swampert|2
|-damage|p2a: Swampert|0 fnt
|faint|p2a: Swampert
|move|p1a: Farigiraf|Psychic|p2b: Archaludon
|-activate|p2b: Archaludon|move: Protect
|
|-weather|SunnyDay|[upkeep]
|-heal|p2b: Archaludon|57/100|[from] item: Leftovers
|upkeep
|
|t:|1783867015
|switch|p2a: Pelipper|Pelipper, L50, M|100/100
|-weather|RainDance|[from] ability: Drizzle|[of] p2a: Pelipper
|turn|7
|
|t:|1783867020
|move|p1b: Charizard|Heat Wave|p2b: Archaludon|[spread] p2a,p2b
|-resisted|p2a: Pelipper|1
|-damage|p2a: Pelipper|88/100
|-damage|p2b: Archaludon|40/100
|-ability|p2b: Archaludon|Stamina|boost
|-boost|p2b: Archaludon|def|1
|move|p2b: Archaludon|Electro Shot||[still]
|-prepare|p2b: Archaludon|Electro Shot
|-boost|p2b: Archaludon|spa|1
|-anim|p2b: Archaludon|Electro Shot|p1a: Farigiraf
|-damage|p1a: Farigiraf|8/100
|-enditem|p1a: Farigiraf|Sitrus Berry|[eat]
|-heal|p1a: Farigiraf|33/100|[from] item: Sitrus Berry
|move|p2a: Pelipper|Weather Ball|p1b: Charizard
|-supereffective|p1b: Charizard|1
|-damage|p1b: Charizard|0 fnt
|faint|p1b: Charizard
|move|p1a: Farigiraf|Thunderbolt|p2a: Pelipper
|-supereffective|p2a: Pelipper|2
|-damage|p2a: Pelipper|0 fnt
|faint|p2a: Pelipper
|
|-weather|RainDance|[upkeep]
|-heal|p2b: Archaludon|45/100|[from] item: Leftovers
|upkeep
|turn|8
|
|t:|1783867027
|move|p2b: Archaludon|Electro Shot||[still]
|-prepare|p2b: Archaludon|Electro Shot
|-boost|p2b: Archaludon|spa|1
|-anim|p2b: Archaludon|Electro Shot|p1a: Farigiraf
|-damage|p1a: Farigiraf|0 fnt
|faint|p1a: Farigiraf
|
|win|lalalaing
|raw|new mental's rating: 1337 → 1325(-12 for losing)
|raw|lalalaing's rating: 1476 → 1488(+12 for winning)
|l|☆lalalaing
|player|p2|
