|j|☆moicito
|j|☆Tyratruns
|html|moicitoTyratruns    
|uhtml|bestof|Game 3 of a best-of-3
|t:|1756782093
|gametype|doubles
|player|p1|moicito|caitlin|1173
|player|p2|Tyratruns|266|1121
|gen|9
|tier|[Gen 9] VGC 2025 Reg H (Bo3)
|rated|
|rule|Species Clause: Limit one of each Pokémon
|rule|Item Clause: Limit 1 of each item
|clearpoke
|poke|p1|Incineroar, L50, M|
|poke|p1|Rillaboom, L50, F|
|poke|p1|Ursaluna-Bloodmoon, L50, M|
|poke|p1|Sneasler, L50, F|
|poke|p1|Dragonite, L50, M|
|poke|p1|Gholdengo, L50|
|poke|p2|Archaludon, L50, M|
|poke|p2|Sneasler, L50, M|
|poke|p2|Maushold-Four, L50|
|poke|p2|Pelipper, L50, F|
|poke|p2|Incineroar, L50, F|
|poke|p2|Basculegion, L50, M|
|teampreview|4
|showteam|p1|Incineroar||SafetyGoggles|Intimidate|FlareBlitz,KnockOff,FakeOut,PartingShot|||M|||50|,,,,,Ghost]Rillaboom||AssaultVest|GrassySurge|WoodHammer,GrassyGlide,HighHorsepower,FakeOut|||F|||50|,,,,,Fire]Ursaluna-Bloodmoon||Leftovers|MindsEye|BloodMoon,HyperVoice,EarthPower,Protect|||M|||50|,,,,,Electric]Sneasler||FocusSash|PoisonTouch|CloseCombat,DireClaw,Coaching,FakeOut|||F|||50|,,,,,Stellar]Dragonite||LoadedDice|Multiscale|ScaleShot,Haze,ExtremeSpeed,Protect|||M|||50|,,,,,Fairy]Gholdengo||LifeOrb|GoodasGold|NastyPlot,MakeItRain,ShadowBall,Protect||||||50|,,,,,Water
|showteam|p2|Archaludon||AssaultVest|Stamina|BodyPress,DracoMeteor,ElectroShot,FlashCannon|||M|||50|,,,,,Electric]Sneasler||WhiteHerb|Unburden|Acrobatics,CloseCombat,DireClaw,FakeOut|||M|||50|,,,,,Dark]Maushold-Four||RockyHelmet|FriendGuard|PopulationBomb,Encore,FollowMe,Protect||||||50|,,,,,Normal]Pelipper||FocusSash|Drizzle|WeatherBall,Hurricane,Tailwind,Protect|||F|||50|,,,,,Ghost]Incineroar||SafetyGoggles|Intimidate|KnockOff,WillOWisp,PartingShot,FakeOut|||F|||50|,,,,,Ghost]Basculegion||LifeOrb|SwiftSwim|FlipTurn,WaveCrash,Protect,LastRespects|||M|||50|,,,,,Stellar
|
|t:|1756782126
|teamsize|p1|4
|teamsize|p2|4
|start
|switch|p1a: Monederito|Gholdengo, L50|100/100
|switch|p1b: Gatito|Incineroar, L50, M|100/100
|switch|p2a: Krillin|Sneasler, L50, M|100/100
|switch|p2b: 🐉|Incineroar, L50, F|100/100
|-ability|p1b: Gatito|Intimidate|boost
|-unboost|p2a: Krillin|atk|1
|-unboost|p2b: 🐉|atk|1
|-ability|p2b: 🐉|Intimidate|boost
|-unboost|p1a: Monederito|atk|1
|-unboost|p1b: Gatito|atk|1
|-enditem|p2a: Krillin|White Herb
|-clearnegativeboost|p2a: Krillin|[silent]
|turn|1
|
|t:|1756782175
|move|p1b: Gatito|Fake Out|p2b: 🐉
|-damage|p2b: 🐉|94/100
|move|p2a: Krillin|Acrobatics|p1a: Monederito
|-resisted|p1a: Monederito
|-damage|p1a: Monederito|81/100
|move|p1a: Monederito|Nasty Plot|p1a: Monederito
|-boost|p1a: Monederito|spa|2
|cant|p2b: 🐉|flinch
|
|upkeep
|turn|2
|
|t:|1756782207
|move|p1a: Monederito|Protect|p1a: Monederito
|-singleturn|p1a: Monederito|Protect
|move|p2a: Krillin|Close Combat|p1b: Gatito
|-supereffective|p1b: Gatito
|-damage|p1b: Gatito|0 fnt
|-unboost|p2a: Krillin|def|1
|-unboost|p2a: Krillin|spd|1
|faint|p1b: Gatito
|move|p2b: 🐉|Knock Off|p1a: Monederito
|-activate|p1a: Monederito|move: Protect
|
|upkeep
|
|t:|1756782217
|switch|p1b: Changuito|Rillaboom, L50, F, shiny|100/100
|-fieldstart|move: Grassy Terrain|[from] ability: Grassy Surge|[of] p1b: Changuito
|turn|3
|
|t:|1756782259
|move|p1b: Changuito|Fake Out|p2a: Krillin
|-damage|p2a: Krillin|73/100
|cant|p2a: Krillin|flinch
|move|p1a: Monederito|Make It Rain|p2a: Krillin|[spread] p2a,p2b
|-resisted|p2b: 🐉
|-damage|p2a: Krillin|0 fnt
|-damage|p2b: 🐉|42/100
|-unboost|p1a: Monederito|spa|1
|faint|p2a: Krillin
|-damage|p1a: Monederito|71/100|[from] item: Life Orb
|move|p2b: 🐉|Knock Off|p1a: Monederito
|-supereffective|p1a: Monederito
|-damage|p1a: Monederito|20/100
|-enditem|p1a: Monederito|Life Orb|[from] move: Knock Off|[of] p2b: 🐉
|
|-heal|p1a: Monederito|26/100|[from] Grassy Terrain
|-heal|p2b: 🐉|48/100|[from] Grassy Terrain
|upkeep
|
|t:|1756782276
|switch|p2a: Bolivia|Basculegion, L50, M|100/100
|turn|4
|
|t:|1756782329
|move|p1a: Monederito|Protect|p1a: Monederito
|-singleturn|p1a: Monederito|Protect
|move|p2a: Bolivia|Protect|p2a: Bolivia
|-singleturn|p2a: Bolivia|Protect
|move|p1b: Changuito|High Horsepower|p2b: 🐉
|-supereffective|p2b: 🐉
|-damage|p2b: 🐉|0 fnt
|faint|p2b: 🐉
|
|-heal|p1a: Monederito|32/100|[from] Grassy Terrain
|upkeep
|
|t:|1756782339
|switch|p2b: PeruBlue|Pelipper, L50, F|100/100
|-weather|RainDance|[from] ability: Drizzle|[of] p2b: PeruBlue
|turn|5
|
|t:|1756782360
|-terastallize|p2a: Bolivia|Stellar
|move|p1b: Changuito|Grassy Glide|p2a: Bolivia
|-supereffective|p2a: Bolivia
|-damage|p2a: Bolivia|22/100
|move|p2a: Bolivia|Last Respects|p1a: Monederito
|-supereffective|p1a: Monederito
|-damage|p1a: Monederito|0 fnt
|faint|p1a: Monederito
|-damage|p2a: Bolivia|12/100|[from] item: Life Orb
|move|p2b: PeruBlue|Hurricane|p1b: Changuito
|-supereffective|p1b: Changuito
|-damage|p1b: Changuito|39/100
|
|-weather|RainDance|[upkeep]
|-heal|p2a: Bolivia|18/100|[from] Grassy Terrain
|-heal|p1b: Changuito|44/100|[from] Grassy Terrain
|upkeep
|
|t:|1756782374
|switch|p1a: Osito|Ursaluna-Bloodmoon, L50, M|100/100
|turn|6
|
|t:|1756782392
|-terastallize|p1a: Osito|Electric
|move|p2a: Bolivia|Protect|p2a: Bolivia
|-singleturn|p2a: Bolivia|Protect
|move|p1b: Changuito|Grassy Glide|p2a: Bolivia
|-activate|p2a: Bolivia|move: Protect
|move|p1a: Osito|Blood Moon|p2b: PeruBlue
|-damage|p2b: PeruBlue|12/100
|move|p2b: PeruBlue|Hurricane|p1b: Changuito
|-supereffective|p1b: Changuito
|-damage|p1b: Changuito|0 fnt
|faint|p1b: Changuito
|
|-weather|RainDance|[upkeep]
|-heal|p2a: Bolivia|24/100|[from] Grassy Terrain
|upkeep
|turn|7
|
|t:|1756782418
|move|p2a: Bolivia|Last Respects|p1a: Osito
|-crit|p1a: Osito
|-damage|p1a: Osito|0 fnt
|faint|p1a: Osito
|-damage|p2a: Bolivia|14/100|[from] item: Life Orb
|
|win|Tyratruns
|raw|moicito's rating: 1173 → 1144(-29 for losing)
|raw|Tyratruns's rating: 1121 → 1150(+29 for winning)
|c|☆Tyratruns|ggs
|c|☆moicito|ggs
