|j|☆aquileselpoderoso
|j|☆CaratroncoSun
|html|aquileselpoderosoCaratroncoSun    
|uhtml|bestof|Game 3 of a best-of-3
|t:|1782466161
|gametype|doubles
|player|p1|aquileselpoderoso|266|1121
|player|p2|CaratroncoSun|juan|1201
|gen|9
|tier|[Gen 9 Champions] VGC 2026 Reg M-B (Bo3)
|rated|
|rule|Species Clause: Limit one of each Pokémon
|rule|Item Clause: Limit 1 of each item
|clearpoke
|poke|p1|Houndstone, L50, F|
|poke|p1|Tyranitar, L50, M|
|poke|p1|Gardevoir, L50, F|
|poke|p1|Garchomp, L50, M|
|poke|p1|Kingambit, L50, M|
|poke|p1|Talonflame, L50, F|
|poke|p2|Overqwil, L50, M, shiny|
|poke|p2|Swampert, L50, F|
|poke|p2|Pelipper, L50, M|
|poke|p2|Metagross, L50, shiny|
|poke|p2|Sneasler, L50, M|
|poke|p2|Sinistcha-Masterpiece, L50|
|teampreview|4
|showteam|p1|Houndstone||WideLens|SandRush|WillOWisp,LastRespects,Snarl,Disable|Impish||F|||50|]Tyranitar||Tyranitarite|SandStream|Protect,RockSlide,KnockOff,DragonDance|Adamant||M|||50|]Gardevoir||ChoiceScarf|Synchronize|Psychic,DazzlingGleam,AuraSphere,EnergyBall|Modest||F|||50|]Garchomp||BrightPowder|SandVeil|Protect,StompingTantrum,RockSlide,DragonClaw|Adamant||M|||50|]Kingambit||FocusSash|Defiant|SuckerPunch,KowtowCleave,IronHead,LowKick|Adamant||M|||50|]Talonflame||Leftovers|GaleWings|Tailwind,Protect,DualWingbeat,FlareBlitz|Jolly||F|||50|
|showteam|p2|Overqwil||LifeOrb|SwiftSwim|Protect,PoisonJab,ThroatChop,Liquidation|Adamant||M|||50|]Swampert||Swampertite|Damp|Protect,WaveCrash,HighHorsepower,IcePunch|Adamant||F|||50|]Pelipper||FocusSash|Drizzle|RainDance,Tailwind,Hurricane,WeatherBall|Modest||M|||50|]Metagross||Metagrossite|ClearBody|Protect,PsychicFangs,IronHead,IcePunch|Jolly|||||50|]Sneasler||WhiteHerb|Unburden|Coaching,FakeOut,DireClaw,CloseCombat|Jolly||M|||50|]Sinistcha-Masterpiece||SitrusBerry|Hospitality|MatchaGotcha,TrickRoom,LifeDew,RagePowder|Bold|||||50|
|inactive|Battle timer is ON: inactive players will automatically lose when time's up. (requested by CaratroncoSun)
|
|t:|1782466190
|teamsize|p1|4
|teamsize|p2|4
|start
|switch|p1a: Talonflame|Talonflame, L50, F|100/100
|switch|p1b: Garchomp|Garchomp, L50, M|100/100
|switch|p2a: Swampert|Swampert, L50, F|100/100
|switch|p2b: Sneasler|Sneasler, L50, M|100/100
|turn|1
|inactive|aquileselpoderoso has 30 seconds left.
|inactive|aquileselpoderoso has 20 seconds left.
|inactive|aquileselpoderoso has 15 seconds left.
|inactive|aquileselpoderoso has 10 seconds left.
|inactive|aquileselpoderoso has 5 seconds left.
|
|t:|1782466240
|switch|p1b: Gardevoir|Gardevoir, L50, F|100/100
|detailschange|p2a: Swampert|Swampert-Mega, L50, F
|-mega|p2a: Swampert|Swampert|Swampertite
|move|p2b: Sneasler|Fake Out|p1a: Talonflame
|-damage|p1a: Talonflame|77/100
|cant|p1a: Talonflame|flinch
|move|p2a: Swampert|Ice Punch|p1b: Gardevoir
|-damage|p1b: Gardevoir|53/100
|
|-heal|p1a: Talonflame|83/100|[from] item: Leftovers
|upkeep
|turn|2
|inactive|aquileselpoderoso has 30 seconds left.
|inactive|aquileselpoderoso has 20 seconds left.
|inactive|aquileselpoderoso has 15 seconds left.
|inactive|aquileselpoderoso has 10 seconds left.
|
|t:|1782466287
|switch|p1a: Tyranitar|Tyranitar, L50, M|100/100
|-weather|Sandstorm|[from] ability: Sand Stream|[of] p1a: Tyranitar
|switch|p2b: Pelipper|Pelipper, L50, M|100/100
|-weather|RainDance|[from] ability: Drizzle|[of] p2b: Pelipper
|move|p2a: Swampert|Wave Crash|p1b: Gardevoir
|-damage|p1b: Gardevoir|0 fnt
|faint|p1b: Gardevoir
|-damage|p2a: Swampert|85/100|[from] Recoil
|
|-weather|RainDance|[upkeep]
|upkeep
|inactive|aquileselpoderoso has 30 seconds left.
|
|t:|1782466318
|switch|p1b: Garchomp|Garchomp, L50, M|100/100
|turn|3
|
|t:|1782466330
|switch|p2b: Sneasler|Sneasler, L50, M|100/100
|detailschange|p1a: Tyranitar|Tyranitar-Mega, L50, M
|-mega|p1a: Tyranitar|Tyranitar|Tyranitarite
|-weather|Sandstorm|[from] ability: Sand Stream|[of] p1a: Tyranitar
|move|p2a: Swampert|Protect|p2a: Swampert
|-singleturn|p2a: Swampert|Protect
|move|p1b: Garchomp|Rock Slide|p2b: Sneasler|[spread] 
|-activate|p2a: Swampert|move: Protect
|-miss|p1b: Garchomp|p2b: Sneasler
|move|p1a: Tyranitar|Rock Slide|p2b: Sneasler|[spread] p2b
|-activate|p2a: Swampert|move: Protect
|-resisted|p2b: Sneasler|1
|-damage|p2b: Sneasler|70/100
|
|-weather|Sandstorm|[upkeep]
|-damage|p2b: Sneasler|64/100|[from] Sandstorm
|upkeep
|turn|4
|inactive|aquileselpoderoso has 30 seconds left.
|
|t:|1782466358
|switch|p1a: Talonflame|Talonflame, L50, F|83/100
|move|p1b: Garchomp|Protect|p1b: Garchomp
|-singleturn|p1b: Garchomp|Protect
|move|p2b: Sneasler|Fake Out|p1a: Talonflame
|-damage|p1a: Talonflame|61/100
|move|p2a: Swampert|Ice Punch|p1b: Garchomp
|-activate|p1b: Garchomp|move: Protect
|
|-weather|Sandstorm|[upkeep]
|-damage|p1a: Talonflame|55/100|[from] Sandstorm
|-damage|p2b: Sneasler|58/100|[from] Sandstorm
|-heal|p1a: Talonflame|61/100|[from] item: Leftovers
|upkeep
|turn|5
|
|t:|1782466379
|switch|p2b: Pelipper|Pelipper, L50, M|100/100
|-weather|RainDance|[from] ability: Drizzle|[of] p2b: Pelipper
|switch|p1b: Tyranitar|Tyranitar-Mega, L50, M|100/100
|-weather|Sandstorm|[from] ability: Sand Stream|[of] p1b: Tyranitar
|move|p1a: Talonflame|Protect|p1a: Talonflame
|-singleturn|p1a: Talonflame|Protect
|move|p2a: Swampert|Wave Crash|p1b: Tyranitar
|-supereffective|p1b: Tyranitar|1
|-damage|p1b: Tyranitar|7/100
|-damage|p2a: Swampert|51/100|[from] Recoil
|
|-weather|Sandstorm|[upkeep]
|-damage|p1a: Talonflame|55/100|[from] Sandstorm
|-damage|p2b: Pelipper|94/100|[from] Sandstorm
|-heal|p1a: Talonflame|61/100|[from] item: Leftovers
|upkeep
|turn|6
|inactive|CaratroncoSun has 30 seconds left.
|
|t:|1782466408
|switch|p2b: Overqwil|Overqwil, L50, M, shiny|100/100
|move|p2a: Swampert|Protect|p2a: Swampert
|-singleturn|p2a: Swampert|Protect
|move|p1a: Talonflame|Dual Wingbeat|p2a: Swampert
|-activate|p2a: Swampert|move: Protect
|move|p1b: Tyranitar|Rock Slide|p2a: Swampert|[spread] p2b
|-activate|p2a: Swampert|move: Protect
|-damage|p2b: Overqwil|56/100
|
|-weather|Sandstorm|[upkeep]
|-damage|p1a: Talonflame|55/100|[from] Sandstorm
|-damage|p2b: Overqwil|50/100y|[from] Sandstorm
|-heal|p1a: Talonflame|61/100|[from] item: Leftovers
|upkeep
|turn|7
|inactive|aquileselpoderoso has 30 seconds left.
|
|t:|1782466440
|switch|p2a: Pelipper|Pelipper, L50, M|94/100
|-weather|RainDance|[from] ability: Drizzle|[of] p2a: Pelipper
|switch|p1b: Garchomp|Garchomp, L50, M|100/100
|move|p1a: Talonflame|Protect|p1a: Talonflame
|-singleturn|p1a: Talonflame|Protect
|move|p2b: Overqwil|Liquidation|p1a: Talonflame
|-activate|p1a: Talonflame|move: Protect
|
|-weather|RainDance|[upkeep]
|-heal|p1a: Talonflame|67/100|[from] item: Leftovers
|upkeep
|turn|8
|inactive|aquileselpoderoso has 30 seconds left.
|inactive|aquileselpoderoso has 20 seconds left.
|inactive|aquileselpoderoso has 15 seconds left.
|
|t:|1782466483
|switch|p1a: Tyranitar|Tyranitar-Mega, L50, M|7/100
|-weather|Sandstorm|[from] ability: Sand Stream|[of] p1a: Tyranitar
|move|p1b: Garchomp|Stomping Tantrum|p2b: Overqwil
|-supereffective|p2b: Overqwil|1
|-damage|p2b: Overqwil|0 fnt
|faint|p2b: Overqwil
|move|p2a: Pelipper|Rain Dance|p2a: Pelipper
|-weather|RainDance
|
|-weather|RainDance|[upkeep]
|upkeep
|
|t:|1782466494
|switch|p2b: Swampert|Swampert-Mega, L50, F|51/100
|turn|9
|
|t:|1782466506
|switch|p1a: Talonflame|Talonflame, L50, F|67/100
|move|p1b: Garchomp|Protect|p1b: Garchomp
|-singleturn|p1b: Garchomp|Protect
|move|p2b: Swampert|Ice Punch|p1b: Garchomp
|-activate|p1b: Garchomp|move: Protect
|move|p2a: Pelipper|Weather Ball|p1a: Talonflame
|-supereffective|p1a: Talonflame|1
|-damage|p1a: Talonflame|0 fnt
|faint|p1a: Talonflame
|
|-weather|RainDance|[upkeep]
|upkeep
|
|t:|1782466518
|switch|p1a: Tyranitar|Tyranitar-Mega, L50, M|7/100
|-weather|Sandstorm|[from] ability: Sand Stream|[of] p1a: Tyranitar
|turn|10
|
|t:|1782466529
|move|p2b: Swampert|Protect|p2b: Swampert
|-singleturn|p2b: Swampert|Protect
|move|p1b: Garchomp|Dragon Claw|p2b: Swampert
|-activate|p2b: Swampert|move: Protect
|move|p2a: Pelipper|Rain Dance|p2a: Pelipper
|-weather|RainDance
|move|p1a: Tyranitar|Rock Slide|p2a: Pelipper|[spread] p2a
|-activate|p2b: Swampert|move: Protect
|-supereffective|p2a: Pelipper|1
|-damage|p2a: Pelipper|0 fnt
|faint|p2a: Pelipper
|
|-weather|RainDance|[upkeep]
|upkeep
|
|t:|1782466542
|switch|p2a: Sneasler|Sneasler, L50, M|58/100
|turn|11
|
|t:|1782466558
|move|p1b: Garchomp|Protect|p1b: Garchomp
|-singleturn|p1b: Garchomp|Protect
|move|p1a: Tyranitar|Protect|p1a: Tyranitar
|-singleturn|p1a: Tyranitar|Protect
|move|p2b: Swampert|Ice Punch|p1b: Garchomp
|-activate|p1b: Garchomp|move: Protect
|move|p2a: Sneasler|Close Combat|p1a: Tyranitar
|-activate|p1a: Tyranitar|move: Protect
|
|-weather|RainDance|[upkeep]
|upkeep
|turn|12
|
|t:|1782466574
|move|p2b: Swampert|Ice Punch|p1b: Garchomp
|-supereffective|p1b: Garchomp|2
|-crit|p1b: Garchomp
|-damage|p1b: Garchomp|0 fnt
|faint|p1b: Garchomp
|move|p2a: Sneasler|Close Combat|p1a: Tyranitar
|-supereffective|p1a: Tyranitar|2
|-damage|p1a: Tyranitar|0 fnt
|-unboost|p2a: Sneasler|def|1
|-unboost|p2a: Sneasler|spd|1
|faint|p1a: Tyranitar
|
|win|CaratroncoSun
|raw|aquileselpoderoso's rating: 1121 → 1102(-19 for losing)
|raw|CaratroncoSun's rating: 1201 → 1220(+19 for winning)
