|j|☆bagarresinge
|j|☆brphy
|html|bagarresingebrphy    
|uhtml|bestof|Game 1 of a best-of-3
|t:|1756575107
|gametype|doubles
|player|p1|bagarresinge|harlequin|
|player|p2|brphy|psychicf|
|gen|9
|tier|[Gen 9] VGC 2025 Reg H (Bo3)
|rule|Species Clause: Limit one of each Pokémon
|rule|Item Clause: Limit 1 of each item
|clearpoke
|poke|p1|Incineroar, L50, F|
|poke|p1|Gholdengo, L50|
|poke|p1|Amoonguss, L50, F|
|poke|p1|Hydreigon, L50, M|
|poke|p1|Porygon2, L50|
|poke|p1|Ursaluna, L50, M|
|poke|p2|Ursaluna, L50, F|
|poke|p2|Kilowattrel, L50, F|
|poke|p2|Porygon2, L50|
|poke|p2|Gholdengo, L50|
|poke|p2|Amoonguss, L50, F|
|poke|p2|Incineroar, L50, F|
|teampreview|4
|showteam|p1|Incineroar||SitrusBerry|Intimidate|KnockOff,FakeOut,FlareBlitz,PartingShot|||F|||50|,,,,,Ghost]Gholdengo||MetalCoat|GoodasGold|Protect,NastyPlot,MakeItRain,ShadowBall||||||50|,,,,,Water]Amoonguss||RockyHelmet|Regenerator|Spore,RagePowder,PollenPuff,Protect|||F|||50|,,,,,Fairy]Hydreigon||SafetyGoggles|Levitate|DracoMeteor,Snarl,Tailwind,Protect|||M|||50|,,,,,Ghost]Porygon2||Eviolite|Download|Recover,IceBeam,TeraBlast,TrickRoom||||||50|,,,,,Fighting]Ursaluna||FlameOrb|Guts|Earthquake,Facade,HeadlongRush,Protect|||M|||50|,,,,,Ghost
|showteam|p2|Ursaluna||FlameOrb|Guts|Protect,HeadlongRush,Earthquake,Facade|||F|||50|,,,,,Fairy]Kilowattrel||FocusSash|Competitive|Thunderbolt,AirSlash,Protect,Tailwind|||F|||50|,,,,,Ghost]Porygon2||Eviolite|Download|TeraBlast,IceBeam,Recover,TrickRoom||||||50|,,,,,Fighting]Gholdengo||LifeOrb|GoodasGold|Protect,MakeItRain,ShadowBall,NastyPlot||||||50|,,,,,Water]Amoonguss||CovertCloak|Regenerator|SludgeBomb,Spore,RagePowder,Protect|||F|||50|,,,,,Water]Incineroar||AssaultVest|Intimidate|KnockOff,FlareBlitz,Uturn,FakeOut|||F|||50|,,,,,Grass
|inactive|Battle timer is ON: inactive players will automatically lose when time's up. (requested by brphy)
|l|☆brphy
|inactive|brphy disconnected and has 300 seconds to reconnect!
|player|p2|
|inactive|bagarresinge has 60 seconds left.
|j|☆brphy
|inactive|brphy reconnected and has 65 seconds left.
|player|p2|brphy|psychicf|
|inactive|brphy has 60 seconds left.
|inactive|bagarresinge has 30 seconds left.
|inactive|bagarresinge has 20 seconds left.
|
|t:|1756575179
|teamsize|p1|4
|teamsize|p2|4
|start
|switch|p1a: Porygon2|Porygon2, L50|100/100
|switch|p1b: Incineroar|Incineroar, L50, F, shiny|100/100
|switch|p2a: Gholdengo|Gholdengo, L50|100/100
|switch|p2b: Incineroar|Incineroar, L50, F|100/100
|-ability|p2b: Incineroar|Intimidate|boost
|-unboost|p1a: Porygon2|atk|1
|-unboost|p1b: Incineroar|atk|1
|-ability|p1b: Incineroar|Intimidate|boost
|-unboost|p2a: Gholdengo|atk|1
|-unboost|p2b: Incineroar|atk|1
|-ability|p1a: Porygon2|Download|boost
|-boost|p1a: Porygon2|spa|1
|turn|1
|inactive|bagarresinge has 30 seconds left.
|inactive|bagarresinge has 20 seconds left.
|inactive|bagarresinge has 15 seconds left.
|inactive|bagarresinge has 10 seconds left.
|j| AlbertX13
|inactive|bagarresinge has 5 seconds left.
|
|t:|1756575229
|switch|p1a: Hydreigon|Hydreigon, L50, M|100/100
|move|p2b: Incineroar|Fake Out|p1a: Hydreigon
|-damage|p1a: Hydreigon|92/100
|move|p2a: Gholdengo|Nasty Plot|p2a: Gholdengo
|-boost|p2a: Gholdengo|spa|2
|move|p1b: Incineroar|Parting Shot|p2b: Incineroar
|-unboost|p2b: Incineroar|atk|1
|-unboost|p2b: Incineroar|spa|1
|
|t:|1756575241
|switch|p1b: Ursaluna|Ursaluna, L50, M|100/100|[from] Parting Shot
|
|-status|p1b: Ursaluna|brn|[from] item: Flame Orb
|upkeep
|turn|2
|inactive|bagarresinge has 30 seconds left.
|inactive|brphy has 30 seconds left.
|
|t:|1756575274
|-terastallize|p2a: Gholdengo|Water
|move|p1a: Hydreigon|Tailwind|p1a: Hydreigon
|-sidestart|p1: bagarresinge|move: Tailwind
|move|p1b: Ursaluna|Earthquake|p2a: Gholdengo|[spread] p2a,p2b
|-immune|p1a: Hydreigon|[from] ability: Levitate
|-supereffective|p2b: Incineroar
|-damage|p2a: Gholdengo|22/100
|-damage|p2b: Incineroar|0 fnt
|faint|p2b: Incineroar
|move|p2a: Gholdengo|Make It Rain|p1b: Ursaluna|[spread] p1a,p1b
|-damage|p1a: Hydreigon|0 fnt
|-damage|p1b: Ursaluna|0 fnt
|-unboost|p2a: Gholdengo|spa|1
|faint|p1a: Hydreigon
|faint|p1b: Ursaluna
|-damage|p2a: Gholdengo|13/100|[from] item: Life Orb
|
|upkeep
|
|t:|1756575297
|switch|p1a: Incineroar|Incineroar, L50, F, shiny|100/100
|switch|p2b: Porygon2|Porygon2, L50|100/100
|switch|p1b: Porygon2|Porygon2, L50|100/100
|-ability|p1a: Incineroar|Intimidate|boost
|-unboost|p2a: Gholdengo|atk|1
|-unboost|p2b: Porygon2|atk|1
|-ability|p1b: Porygon2|Download|boost
|-boost|p1b: Porygon2|atk|1
|-ability|p2b: Porygon2|Download|boost
|-boost|p2b: Porygon2|atk|1
|turn|3
|inactive|brphy has 30 seconds left.
|
|t:|1756575324
|switch|p2a: Ursaluna|Ursaluna, L50, F|100/100
|move|p1a: Incineroar|Fake Out|p2b: Porygon2
|-damage|p2b: Porygon2|95/100
|move|p1b: Porygon2|Trick Room|p1b: Porygon2
|-fieldstart|move: Trick Room|[of] p1b: Porygon2
|cant|p2b: Porygon2|flinch
|
|-status|p2a: Ursaluna|brn|[from] item: Flame Orb
|upkeep
|turn|4
|
|t:|1756575343
|move|p2b: Porygon2|Ice Beam|p1a: Incineroar
|-resisted|p1a: Incineroar
|-damage|p1a: Incineroar|92/100
|-status|p1a: Incineroar|frz
|move|p2a: Ursaluna|Headlong Rush|p1a: Incineroar
|-supereffective|p1a: Incineroar
|-damage|p1a: Incineroar|0 fnt
|-unboost|p2a: Ursaluna|def|1
|-unboost|p2a: Ursaluna|spd|1
|faint|p1a: Incineroar
|move|p1b: Porygon2|Ice Beam|p2a: Ursaluna
|-supereffective|p2a: Ursaluna
|-crit|p2a: Ursaluna
|-damage|p2a: Ursaluna|0 fnt
|faint|p2a: Ursaluna
|
|upkeep
|
|t:|1756575351
|switch|p2a: Gholdengo|Gholdengo, L50, tera:Water|13/100
|turn|5
|
|t:|1756575363
|move|p2a: Gholdengo|Protect|p2a: Gholdengo
|-singleturn|p2a: Gholdengo|Protect
|move|p1b: Porygon2|Tera Blast|p2a: Gholdengo
|-activate|p2a: Gholdengo|move: Protect
|move|p2b: Porygon2|Trick Room|p2b: Porygon2
|-fieldend|move: Trick Room
|
|-sideend|p1: bagarresinge|move: Tailwind
|upkeep
|turn|6
|
|t:|1756575371
|move|p2a: Gholdengo|Make It Rain|p1b: Porygon2
|-damage|p1b: Porygon2|58/100
|-unboost|p2a: Gholdengo|spa|1
|-damage|p2a: Gholdengo|3/100|[from] item: Life Orb
|move|p1b: Porygon2|Tera Blast|p2a: Gholdengo
|-damage|p2a: Gholdengo|0 fnt
|faint|p2a: Gholdengo
|move|p2b: Porygon2|Tera Blast|p1b: Porygon2
|-damage|p1b: Porygon2|42/100
|
|upkeep
|turn|7
|
|t:|1756575383
|move|p2b: Porygon2|Ice Beam|p1b: Porygon2
|-damage|p1b: Porygon2|28/100
|move|p1b: Porygon2|Recover|p1b: Porygon2
|-heal|p1b: Porygon2|78/100
|
|upkeep
|turn|8
|
|t:|1756575393
|-terastallize|p1b: Porygon2|Fighting
|move|p1b: Porygon2|Tera Blast|p2b: Porygon2|[anim] Tera Blast Fighting
|-supereffective|p2b: Porygon2
|-damage|p2b: Porygon2|59/100
|move|p2b: Porygon2|Ice Beam|p1b: Porygon2
|-damage|p1b: Porygon2|65/100
|
|upkeep
|turn|9
|
|t:|1756575402
|move|p1b: Porygon2|Tera Blast|p2b: Porygon2|[anim] Tera Blast Fighting
|-supereffective|p2b: Porygon2
|-damage|p2b: Porygon2|20/100
|move|p2b: Porygon2|Recover|p2b: Porygon2
|-heal|p2b: Porygon2|71/100
|
|upkeep
|turn|10
|
|t:|1756575409
|move|p1b: Porygon2|Tera Blast|p2b: Porygon2|[anim] Tera Blast Fighting
|-supereffective|p2b: Porygon2
|-damage|p2b: Porygon2|36/100
|move|p2b: Porygon2|Ice Beam|p1b: Porygon2
|-damage|p1b: Porygon2|50/100
|
|upkeep
|turn|11
|
|t:|1756575416
|move|p1b: Porygon2|Recover|p1b: Porygon2
|-heal|p1b: Porygon2|100/100
|move|p2b: Porygon2|Recover|p2b: Porygon2
|-heal|p2b: Porygon2|86/100
|
|upkeep
|turn|12
|
|t:|1756575422
|move|p2b: Porygon2|Ice Beam|p1b: Porygon2
|-damage|p1b: Porygon2|88/100
|move|p1b: Porygon2|Tera Blast|p2b: Porygon2|[anim] Tera Blast Fighting
|-supereffective|p2b: Porygon2
|-damage|p2b: Porygon2|49/100
|
|upkeep
|turn|13
|
|t:|1756575429
|move|p2b: Porygon2|Ice Beam|p1b: Porygon2
|-damage|p1b: Porygon2|77/100
|move|p1b: Porygon2|Tera Blast|p2b: Porygon2|[anim] Tera Blast Fighting
|-supereffective|p2b: Porygon2
|-damage|p2b: Porygon2|8/100
|
|upkeep
|turn|14
|
|t:|1756575436
|move|p2b: Porygon2|Recover|p2b: Porygon2
|-heal|p2b: Porygon2|58/100
|move|p1b: Porygon2|Tera Blast|p2b: Porygon2|[anim] Tera Blast Fighting
|-supereffective|p2b: Porygon2
|-damage|p2b: Porygon2|20/100
|
|upkeep
|turn|15
|
|t:|1756575440
|move|p1b: Porygon2|Tera Blast|p2b: Porygon2|[anim] Tera Blast Fighting
|-supereffective|p2b: Porygon2
|-damage|p2b: Porygon2|0 fnt
|faint|p2b: Porygon2
|
|win|bagarresinge
||brphy is ready for game 2.
|inactive|bagarresinge has 30 seconds to confirm battle start!
|l|☆brphy
|player|p2|
||bagarresinge is ready for game 2.
|uhtml|next|Next: Game 2 of 3
|j|☆brphy
|player|p2|brphy|psychicf|
