|j|☆sturmkitten69
|j|☆Miriajohn
|html|sturmkitten69Miriajohn    
|uhtml|bestof|Game 2 of a best-of-3
|t:|1784935870
|gametype|doubles
|player|p1|sturmkitten69|2|1161
|player|p2|Miriajohn|blue|1235
|gen|9
|tier|[Gen 9 Champions] VGC 2026 Reg M-B (Bo3)
|rated|
|rule|Species Clause: Limit one of each Pokémon
|rule|Item Clause: Limit 1 of each item
|clearpoke
|poke|p1|Incineroar, L50, M, shiny|
|poke|p1|Rotom-Wash, L50, shiny|
|poke|p1|Delphox, L50, M|
|poke|p1|Altaria, L50, F|
|poke|p1|Kingambit, L50, F|
|poke|p1|Chesnaught, L50, M, shiny|
|poke|p2|Talonflame, L50, F|
|poke|p2|Garchomp, L50, F|
|poke|p2|Froslass, L50, F|
|poke|p2|Rotom-Wash, L50|
|poke|p2|Kingambit, L50, F|
|poke|p2|Blaziken, L50, F|
|teampreview|4
|showteam|p1|Incineroar||PasshoBerry|Intimidate|FakeOut,PartingShot,ThroatChop,FlareBlitz|Impish||M|||50|]Rotom-Wash||ChoiceScarf|Levitate|VoltSwitch,Electroweb,WillOWisp,HydroPump|Timid|||||50|]Delphox||Delphoxite|Blaze|HeatWave,CalmMind,Psychic,Protect|Timid||M|||50|]Altaria||RoseliBerry|CloudNine|Tailwind,Roost,WillOWisp,DragonPulse|Bold||F|||50|]Kingambit||ExpertBelt|Defiant|KowtowCleave,Protect,SuckerPunch,IronHead|Adamant||F|||50|]Chesnaught||Leftovers|Bulletproof|WideGuard,BodyPress,WoodHammer,SpikyShield|Impish||M|||50|
|showteam|p2|Talonflame||SharpBeak|GaleWings|Tailwind,FlareBlitz,BraveBird,Protect|Jolly||F|||50|]Garchomp||LifeOrb|RoughSkin|DragonClaw,RockSlide,Earthquake,Protect|Jolly||F|||50|]Froslass||Froslassite|SnowCloak|Blizzard,ShadowBall,IcyWind,Protect|Timid||F|||50|]Rotom-Wash||ChoiceScarf|Levitate|HydroPump,Thunderbolt,WillOWisp,Electroweb|Timid|||||50|]Kingambit||ChopleBerry|Defiant|SuckerPunch,KowtowCleave,IronHead,Protect|Adamant||F|||50|]Blaziken||Blazikenite|SpeedBoost|FlareBlitz,CloseCombat,RockSlide,Protect|Jolly||F|||50|
|inactive|Battle timer is ON: inactive players will automatically lose when time's up. (requested by Miriajohn)
|
|t:|1784935911
|teamsize|p1|4
|teamsize|p2|4
|start
|switch|p1a: Incineroar|Incineroar, L50, M, shiny|100/100
|switch|p1b: Kingambit|Kingambit, L50, F|100/100
|switch|p2a: Froslass|Froslass, L50, F|100/100
|switch|p2b: Kingambit|Kingambit, L50, F|100/100
|-ability|p1a: Incineroar|Intimidate|boost
|-unboost|p2a: Froslass|atk|1
|-unboost|p2b: Kingambit|atk|1
|-ability|p2b: Kingambit|Defiant|boost
|-boost|p2b: Kingambit|atk|2
|turn|1
|inactive|Miriajohn has 30 seconds left.
|
|t:|1784935939
|switch|p2a: Garchomp|Garchomp, L50, F|100/100
|move|p1a: Incineroar|Flare Blitz|p2b: Kingambit
|-supereffective|p2b: Kingambit|1
|-damage|p2b: Kingambit|35/100
|-damage|p1a: Incineroar|81/100|[from] Recoil
|move|p1b: Kingambit|Iron Head|p2a: Garchomp
|-damage|p2a: Garchomp|52/100
|-damage|p1b: Kingambit|87/100|[from] ability: Rough Skin|[of] p2a: Garchomp
|move|p2b: Kingambit|Kowtow Cleave|p1b: Kingambit
|-resisted|p1b: Kingambit|1
|-damage|p1b: Kingambit|59/100
|
|upkeep
|turn|2
|
|t:|1784935961
|switch|p2b: Rotom|Rotom-Wash, L50|100/100
|move|p1b: Kingambit|Protect|p1b: Kingambit
|-singleturn|p1b: Kingambit|Protect
|move|p2a: Garchomp|Earthquake|p1b: Kingambit|[spread] p1a
|-activate|p1b: Kingambit|move: Protect
|-immune|p2b: Rotom|[from] ability: Levitate
|-supereffective|p1a: Incineroar|1
|-crit|p1a: Incineroar
|-damage|p1a: Incineroar|0 fnt
|faint|p1a: Incineroar
|-damage|p2a: Garchomp|42/100|[from] item: Life Orb
|
|upkeep
|
|t:|1784935977
|switch|p1a: Altaria|Altaria, L50, F|100/100
|-ability|p1a: Altaria|Cloud Nine
|turn|3
|
|t:|1784935986
|move|p1b: Kingambit|Sucker Punch|p2a: Garchomp
|-damage|p2a: Garchomp|1/100
|-damage|p1b: Kingambit|47/100|[from] ability: Rough Skin|[of] p2a: Garchomp
|move|p2b: Rotom|Thunderbolt|p1a: Altaria
|-damage|p1a: Altaria|60/100
|move|p2a: Garchomp|Earthquake|p1a: Altaria|[spread] p1b
|-immune|p2b: Rotom|[from] ability: Levitate
|-immune|p1a: Altaria
|-supereffective|p1b: Kingambit|1
|-damage|p1b: Kingambit|0 fnt
|faint|p1b: Kingambit
|-damage|p2a: Garchomp|0 fnt|[from] item: Life Orb
|faint|p2a: Garchomp
|move|p1a: Altaria|Will-O-Wisp|p2b: Rotom
|-status|p2b: Rotom|brn
|
|-damage|p2b: Rotom|93/100 brn|[from] brn
|upkeep
|
|t:|1784936006
|switch|p2a: Kingambit|Kingambit, L50, F|35/100
|switch|p1b: Delphox|Delphox, L50, M|100/100
|turn|4
|inactive|Miriajohn has 30 seconds left.
|
|t:|1784936033
|switch|p2b: Froslass|Froslass, L50, F|100/100
|detailschange|p1b: Delphox|Delphox-Mega, L50, M
|-mega|p1b: Delphox|Delphox|Delphoxite
|move|p2a: Kingambit|Sucker Punch||[still]
|-fail|p2a: Kingambit
|move|p1b: Delphox|Calm Mind|p1b: Delphox
|-boost|p1b: Delphox|spa|1
|-boost|p1b: Delphox|spd|1
|move|p1a: Altaria|Will-O-Wisp|p2a: Kingambit|[miss]
|-miss|p1a: Altaria|p2a: Kingambit
|
|upkeep
|turn|5
|
|t:|1784936050
|detailschange|p2b: Froslass|Froslass-Mega, L50, F
|-mega|p2b: Froslass|Froslass|Froslassite
|-weather|Snowscape|[from] ability: Snow Warning|[of] p2b: Froslass
|move|p1b: Delphox|Protect|p1b: Delphox
|-singleturn|p1b: Delphox|Protect
|move|p2a: Kingambit|Sucker Punch||[still]
|-fail|p2a: Kingambit
|move|p2b: Froslass|Blizzard|p1b: Delphox|[spread] 
|-activate|p1b: Delphox|move: Protect
|-miss|p2b: Froslass|p1a: Altaria
|move|p1a: Altaria|Will-O-Wisp|p2a: Kingambit
|-status|p2a: Kingambit|brn
|
|-weather|Snowscape|[upkeep]
|-damage|p2a: Kingambit|29/100 brn|[from] brn
|upkeep
|turn|6
|inactive|sturmkitten69 has 30 seconds left.
|
|t:|1784936075
|move|p2a: Kingambit|Sucker Punch|p1b: Delphox
|-supereffective|p1b: Delphox|1
|-damage|p1b: Delphox|54/100
|move|p1b: Delphox|Heat Wave|p2a: Kingambit|[spread] p2a,p2b
|-supereffective|p2a: Kingambit|1
|-supereffective|p2b: Froslass|1
|-damage|p2a: Kingambit|0 fnt
|-damage|p2b: Froslass|0 fnt
|faint|p2a: Kingambit
|faint|p2b: Froslass
|move|p1a: Altaria|Roost|p1a: Altaria
|-heal|p1a: Altaria|100/100
|-singleturn|p1a: Altaria|move: Roost
|
|-weather|Snowscape|[upkeep]
|upkeep
|
|t:|1784936082
|switch|p2b: Rotom|Rotom-Wash, L50|93/100 brn
|turn|7
|
|t:|1784936094
|move|p1b: Delphox|Protect|p1b: Delphox
|-singleturn|p1b: Delphox|Protect
|move|p2b: Rotom|Hydro Pump|p1b: Delphox
|-activate|p1b: Delphox|move: Protect
|move|p1a: Altaria|Tailwind|p1a: Altaria
|-sidestart|p1: sturmkitten69|move: Tailwind
|
|-weather|Snowscape|[upkeep]
|-damage|p2b: Rotom|87/100 brn|[from] brn
|upkeep
|turn|8
|-message|Miriajohn forfeited.
|
|win|sturmkitten69
|l|☆Miriajohn
|player|p2|
||Miriajohn is ready for game 3.
|inactive|sturmkitten69 has 30 seconds to confirm battle start!
|l|☆sturmkitten69
|player|p1|
|j|☆sturmkitten69
|player|p1|sturmkitten69|2|
|inactive|sturmkitten69 has 20 seconds to confirm battle start!
