|j|☆ROMAIN093
|j|☆Beeetch
|html|ROMAIN093Beeetch    
|uhtml|bestof|Game 1 of a best-of-3
|t:|1757120006
|gametype|doubles
|player|p1|ROMAIN093|102|1122
|player|p2|Beeetch|beauty-gen4dp|1324
|gen|9
|tier|[Gen 9] VGC 2025 Reg H (Bo3)
|rated|
|rule|Species Clause: Limit one of each Pokémon
|rule|Item Clause: Limit 1 of each item
|clearpoke
|poke|p1|Incineroar, L50, M|
|poke|p1|Kingambit, L50, F|
|poke|p1|Archaludon, L50, F|
|poke|p1|Pelipper, L50, M|
|poke|p1|Rillaboom, L50, M|
|poke|p1|Sneasler, L50, M|
|poke|p2|Excadrill, L50, F|
|poke|p2|Tyranitar, L50, M|
|poke|p2|Sneasler, L50, F|
|poke|p2|Indeedee, L50, M|
|poke|p2|Corviknight, L50, M|
|poke|p2|Annihilape, L50, F|
|teampreview|4
|showteam|p1|Incineroar||SafetyGoggles|Intimidate|FakeOut,FlareBlitz,KnockOff,Taunt|||M|||50|,,,,,Bug]Kingambit||BlackGlasses|Defiant|TeraBlast,Protect,KowtowCleave,SuckerPunch|||F|||50|,,,,,Flying]Archaludon||PowerHerb|Stamina|ElectroShot,DragonPulse,BodyPress,Protect|||F|||50|,,,,,Grass]Pelipper||CovertCloak|Drizzle|Tailwind,Hurricane,WeatherBall,Protect|||M|||50|,,,,,Ghost]Rillaboom||AssaultVest|GrassySurge|FakeOut,BulletSeed,GrassyGlide,HighHorsepower|||M|||50|,,,,,Fire]Sneasler||FocusSash|PoisonTouch|FakeOut,CloseCombat,DireClaw,Protect|||M|||50|,,,,,Dark
|showteam|p2|Excadrill||FocusSash|SandRush|IronHead,HighHorsepower,Earthquake,Protect|||F|||50|,,,,,Stellar]Tyranitar||AssaultVest|SandStream|RockSlide,KnockOff,TeraBlast,LowKick|||M|||50|,,,,,Flying]Sneasler||PsychicSeed|Unburden|DireClaw,CloseCombat,ThroatChop,Protect|||F|||50|,,,,,Dark]Indeedee||ChoiceScarf|PsychicSurge|ExpandingForce,TeraBlast,Protect,Trick|||M|||50|,,,,,Psychic]Corviknight||Leftovers|MirrorArmor|BraveBird,BulkUp,Roost,Tailwind|||M|||50|,,,,,Dragon]Annihilape||SafetyGoggles|Defiant|CloseCombat,FinalGambit,RageFist,Taunt|||F|||50|,,,,,Water
|inactive|Battle timer is ON: inactive players will automatically lose when time's up. (requested by ROMAIN093)
|inactive|ROMAIN093 has 60 seconds left.
|inactive|Beeetch has 60 seconds left.
|
|t:|1757120058
|teamsize|p1|4
|teamsize|p2|4
|start
|switch|p1a: Archaludon|Archaludon, L50, F|100/100
|switch|p1b: Rillaboom|Rillaboom, L50, M|100/100
|switch|p2a: Corviknight|Corviknight, L50, M|100/100
|switch|p2b: Sneasler|Sneasler, L50, F, shiny|100/100
|-fieldstart|move: Grassy Terrain|[from] ability: Grassy Surge|[of] p1b: Rillaboom
|turn|1
|inactive|Beeetch has 30 seconds left.
|inactive|ROMAIN093 has 30 seconds left.
|inactive|Beeetch has 20 seconds left.
|inactive|ROMAIN093 has 20 seconds left.
|inactive|Beeetch has 15 seconds left.
|inactive|ROMAIN093 has 15 seconds left.
|inactive|Beeetch has 10 seconds left.
|
|t:|1757120110
|switch|p2a: Indeedee|Indeedee, L50, M, shiny|100/100
|-fieldstart|move: Psychic Terrain|[from] ability: Psychic Surge|[of] p2a: Indeedee
|-enditem|p2b: Sneasler|Psychic Seed
|-boost|p2b: Sneasler|spd|1|[from] item: Psychic Seed
|-terastallize|p1b: Rillaboom|Fire
|move|p2b: Sneasler|Protect|p2b: Sneasler
|-singleturn|p2b: Sneasler|Protect
|move|p1b: Rillaboom|High Horsepower|p2b: Sneasler
|-activate|p2b: Sneasler|move: Protect
|move|p1a: Archaludon|Electro Shot||[still]
|-prepare|p1a: Archaludon|Electro Shot
|-boost|p1a: Archaludon|spa|1
|-enditem|p1a: Archaludon|Power Herb
|-anim|p1a: Archaludon|Electro Shot|p2a: Indeedee
|-damage|p2a: Indeedee|6/100
|
|upkeep
|turn|2
|inactive|Beeetch has 30 seconds left.
|
|t:|1757120138
|switch|p1b: Incineroar|Incineroar, L50, M|100/100
|-ability|p1b: Incineroar|Intimidate|boost
|-unboost|p2a: Indeedee|atk|1
|-unboost|p2b: Sneasler|atk|1
|move|p1a: Archaludon|Protect|p1a: Archaludon
|-singleturn|p1a: Archaludon|Protect
|move|p2b: Sneasler|Close Combat|p1a: Archaludon
|-activate|p1a: Archaludon|move: Protect
|move|p2a: Indeedee|Expanding Force|p1b: Incineroar|[spread] 
|-activate|p1a: Archaludon|move: Protect
|-immune|p1b: Incineroar
|
|upkeep
|turn|3
|inactive|ROMAIN093 has 30 seconds left.
|inactive|ROMAIN093 has 20 seconds left.
|inactive|ROMAIN093 has 15 seconds left.
|inactive|ROMAIN093 has 10 seconds left.
|
|t:|1757120186
|switch|p2a: Corviknight|Corviknight, L50, M|100/100
|switch|p1a: Rillaboom|Rillaboom, L50, M, tera:Fire|100/100
|-fieldstart|move: Grassy Terrain|[from] ability: Grassy Surge|[of] p1a: Rillaboom
|move|p2b: Sneasler|Protect|p2b: Sneasler
|-singleturn|p2b: Sneasler|Protect
|move|p1b: Incineroar|Knock Off|p2a: Corviknight
|-crit|p2a: Corviknight
|-damage|p2a: Corviknight|45/100
|-enditem|p2a: Corviknight|Leftovers|[from] move: Knock Off|[of] p1b: Incineroar
|
|upkeep
|turn|4
|inactive|ROMAIN093 has 30 seconds left.
|
|t:|1757120212
|switch|p2a: Indeedee|Indeedee, L50, M, shiny|6/100
|-fieldstart|move: Psychic Terrain|[from] ability: Psychic Surge|[of] p2a: Indeedee
|switch|p1b: Archaludon|Archaludon, L50, F|100/100
|move|p2b: Sneasler|Close Combat|p1b: Archaludon
|-supereffective|p1b: Archaludon
|-crit|p1b: Archaludon
|-damage|p1b: Archaludon|0 fnt
|-unboost|p2b: Sneasler|def|1
|-unboost|p2b: Sneasler|spd|1
|faint|p1b: Archaludon
|move|p1a: Rillaboom|High Horsepower|p2b: Sneasler
|-supereffective|p2b: Sneasler
|-damage|p2b: Sneasler|0 fnt
|faint|p2b: Sneasler
|
|upkeep
|inactive|ROMAIN093 has 30 seconds left.
|inactive|Beeetch has 30 seconds left.
|
|t:|1757120243
|switch|p2b: Corviknight|Corviknight, L50, M|45/100
|switch|p1b: Incineroar|Incineroar, L50, M|100/100
|-ability|p1b: Incineroar|Intimidate|boost
|-unboost|p2a: Indeedee|atk|1
|-ability|p2b: Corviknight|Mirror Armor
|-unboost|p1b: Incineroar|atk|1
|turn|5
|
|t:|1757120272
|switch|p1a: Pelipper|Pelipper, L50, M|100/100
|-weather|RainDance|[from] ability: Drizzle|[of] p1a: Pelipper
|-terastallize|p2a: Indeedee|Psychic
|move|p2a: Indeedee|Expanding Force|p1b: Incineroar|[spread] p1a
|-immune|p1b: Incineroar
|-damage|p1a: Pelipper|0 fnt
|faint|p1a: Pelipper
|move|p2b: Corviknight|Roost|p2b: Corviknight
|-heal|p2b: Corviknight|95/100
|-singleturn|p2b: Corviknight|move: Roost
|move|p1b: Incineroar|Flare Blitz|p2b: Corviknight
|-supereffective|p2b: Corviknight
|-damage|p2b: Corviknight|69/100
|-damage|p1b: Incineroar|92/100|[from] Recoil
|
|-weather|RainDance|[upkeep]
|upkeep
|
|t:|1757120288
|switch|p1a: Rillaboom|Rillaboom, L50, M, tera:Fire|100/100
|-fieldstart|move: Grassy Terrain|[from] ability: Grassy Surge|[of] p1a: Rillaboom
|turn|6
|
|t:|1757120305
|switch|p2a: Tyranitar|Tyranitar, L50, M, shiny|100/100
|-weather|Sandstorm|[from] ability: Sand Stream|[of] p2a: Tyranitar
|move|p1a: Rillaboom|High Horsepower|p2a: Tyranitar
|-supereffective|p2a: Tyranitar
|-damage|p2a: Tyranitar|39/100
|move|p2b: Corviknight|Brave Bird|p1b: Incineroar
|-damage|p1b: Incineroar|53/100
|-damage|p2b: Corviknight|55/100|[from] Recoil
|move|p1b: Incineroar|Flare Blitz|p2b: Corviknight
|-supereffective|p2b: Corviknight
|-damage|p2b: Corviknight|0 fnt
|faint|p2b: Corviknight
|-damage|p1b: Incineroar|36/100|[from] Recoil
|
|-weather|Sandstorm|[upkeep]
|-damage|p1a: Rillaboom|95/100|[from] Sandstorm
|-heal|p1a: Rillaboom|100/100|[from] Grassy Terrain
|-heal|p2a: Tyranitar|45/100|[from] Grassy Terrain
|-heal|p1b: Incineroar|42/100|[from] Grassy Terrain
|upkeep
|
|t:|1757120323
|switch|p2b: Indeedee|Indeedee, L50, M, shiny, tera:Psychic|6/100
|-fieldstart|move: Psychic Terrain|[from] ability: Psychic Surge|[of] p2b: Indeedee
|turn|7
|
|t:|1757120344
|move|p2b: Indeedee|Expanding Force|p1b: Incineroar|[spread] p1a
|-immune|p1b: Incineroar
|-damage|p1a: Rillaboom|32/100
|move|p1a: Rillaboom|Bullet Seed|p2a: Tyranitar
|-supereffective|p2a: Tyranitar
|-damage|p2a: Tyranitar|22/100
|-supereffective|p2a: Tyranitar
|-damage|p2a: Tyranitar|0 fnt
|faint|p2a: Tyranitar
|-hitcount|p2: Tyranitar|2
|move|p1b: Incineroar|Knock Off|p2b: Indeedee
|-supereffective|p2b: Indeedee
|-damage|p2b: Indeedee|0 fnt
|-enditem|p2b: Indeedee|Choice Scarf|[from] move: Knock Off|[of] p1b: Incineroar
|faint|p2b: Indeedee
|
|win|ROMAIN093
