|j|☆Kuei0202
|j|☆Dough0418
|html|Kuei0202Dough0418    
|uhtml|bestof|Game 3 of a best-of-3
|t:|1785676713
|gametype|doubles
|player|p1|Kuei0202|swimmerf-gen4dp|
|player|p2|Dough0418|cilan|
|gen|9
|tier|[Gen 9 Champions] VGC 2026 Reg M-B (Bo3)
|rule|Species Clause: Limit one of each Pokémon
|rule|Item Clause: Limit 1 of each item
|clearpoke
|poke|p1|Swampert, L50, F|
|poke|p1|Pelipper, L50, F|
|poke|p1|Archaludon, L50, F|
|poke|p1|Sinistcha, L50|
|poke|p1|Grimmsnarl, L50, M|
|poke|p1|Mawile, L50, F|
|poke|p2|Gengar, L50, F, shiny|
|poke|p2|Incineroar, L50, F, shiny|
|poke|p2|Annihilape, L50, F, shiny|
|poke|p2|Tinkaton, L50, F, shiny|
|poke|p2|Kingambit, L50, F, shiny|
|poke|p2|Altaria, L50, F, shiny|
|teampreview|4
|showteam|p1|Swampert||Swampertite|Damp|WaveCrash,Earthquake,IcePunch,Protect|Adamant||F|||50|]Pelipper||FocusSash|Drizzle|Hurricane,Tailwind,WeatherBall,Protect|Modest||F|||50|]Archaludon||Leftovers|Stamina|DragonPulse,FlashCannon,ElectroShot,Protect|Modest||F|||50|]Sinistcha||SitrusBerry|Hospitality|MatchaGotcha,RagePowder,TrickRoom,Protect|Bold|||||50|]Grimmsnarl||LightClay|Prankster|SpiritBreak,PartingShot,Reflect,LightScreen|Careful||M|||50|]Mawile||Mawilite|HyperCutter|PlayRough,SuckerPunch,SwordsDance,Protect|Brave||F|||50|
|showteam|p2|Gengar||Gengarite|CursedBody|ShadowBall,Disable,PerishSong,Protect|Timid||F|||50|]Incineroar||PasshoBerry|Intimidate|FakeOut,FlareBlitz,PartingShot,Protect|Impish||F|||50|]Annihilape||ChoiceScarf|Defiant|PhantomForce,DrainPunch,IcePunch,Uturn|Adamant||F|||50|]Tinkaton||SitrusBerry|MoldBreaker|FakeOut,GigatonHammer,Encore,Protect|Jolly||F|||50|]Kingambit||BlackGlasses|Defiant|KowtowCleave,SuckerPunch,SwordsDance,Protect|Adamant||F|||50|]Altaria||Leftovers|CloudNine|FireSpin,WillOWisp,PerishSong,Protect|Bold||F|||50|
|j| smallyeeaa
|j| BenBen84
|j| phoenix burner
|j| 86test
|j| Aurorascepter
|j| FongSC
|j| vvawwwy
|j| goodryan2630
|j| Manimo_1126
|j| haymi1004
|j| Edward0516
|
|t:|1785676750
|teamsize|p1|4
|teamsize|p2|4
|start
|switch|p1a: Grimmsnarl|Grimmsnarl, L50, M|100/100
|switch|p1b: Swampert|Swampert, L50, F|100/100
|switch|p2a: Incineroar|Incineroar, L50, F, shiny|100/100
|switch|p2b: Gengar|Gengar, L50, F, shiny|100/100
|-ability|p2a: Incineroar|Intimidate|boost
|-unboost|p1a: Grimmsnarl|atk|1
|-unboost|p1b: Swampert|atk|1
|turn|1
|
|t:|1785676775
|switch|p1b: Archaludon|Archaludon, L50, F|100/100
|detailschange|p2b: Gengar|Gengar-Mega, L50, F, shiny
|-mega|p2b: Gengar|Gengar|Gengarite
|move|p2a: Incineroar|Fake Out|p1a: Grimmsnarl
|-damage|p1a: Grimmsnarl|88/100
|move|p2b: Gengar|Perish Song|p2b: Gengar
|-start|p1a: Grimmsnarl|perish3|[silent]
|-start|p1b: Archaludon|perish3|[silent]
|-start|p2a: Incineroar|perish3|[silent]
|-start|p2b: Gengar|perish3|[silent]
|-fieldactivate|move: Perish Song
|cant|p1a: Grimmsnarl|flinch
|
|-start|p2b: Gengar|perish3
|-start|p1b: Archaludon|perish3
|-start|p1a: Grimmsnarl|perish3
|-start|p2a: Incineroar|perish3
|upkeep
|turn|2
|j| Roselia Sayo
|
|t:|1785676821
|move|p2b: Gengar|Protect|p2b: Gengar
|-singleturn|p2b: Gengar|Protect
|move|p2a: Incineroar|Protect|p2a: Incineroar
|-singleturn|p2a: Incineroar|Protect
|move|p1b: Archaludon|Electro Shot||[still]
|-prepare|p1b: Archaludon|Electro Shot
|-boost|p1b: Archaludon|spa|1
|move|p1a: Grimmsnarl|Spirit Break|p2a: Incineroar
|-activate|p2a: Incineroar|move: Protect
|
|-start|p2b: Gengar|perish2
|-start|p1b: Archaludon|perish2
|-start|p1a: Grimmsnarl|perish2
|-start|p2a: Incineroar|perish2
|upkeep
|turn|3
|
|t:|1785676920
|switch|p2b: Annihilape|Annihilape, L50, F, shiny|100/100
|move|p1a: Grimmsnarl|Parting Shot|p2b: Annihilape
|-unboost|p2b: Annihilape|atk|1
|-ability|p2b: Annihilape|Defiant|boost
|-boost|p2b: Annihilape|atk|2
|-unboost|p2b: Annihilape|spa|1
|-ability|p2b: Annihilape|Defiant|boost
|-boost|p2b: Annihilape|atk|2
|
|t:|1785676934
|switch|p1a: Pelipper|Pelipper, L50, F|100/100|[from] Parting Shot
|-weather|RainDance|[from] ability: Drizzle|[of] p1a: Pelipper
|move|p1b: Archaludon|Electro Shot|p2b: Annihilape|[from] lockedmove
|-damage|p2b: Annihilape|42/100
|move|p2a: Incineroar|Parting Shot|p1b: Archaludon
|-unboost|p1b: Archaludon|atk|1
|-unboost|p1b: Archaludon|spa|1
|
|t:|1785676945
|switch|p2a: Gengar|Gengar-Mega, L50, F, shiny|100/100|[from] Parting Shot
|
|-weather|RainDance|[upkeep]
|-start|p1b: Archaludon|perish1
|upkeep
|turn|4
|
|t:|1785676987
|move|p2a: Gengar|Protect|p2a: Gengar
|-singleturn|p2a: Gengar|Protect
|move|p2b: Annihilape|Phantom Force||[still]
|-prepare|p2b: Annihilape|Phantom Force
|move|p1a: Pelipper|Tailwind|p1a: Pelipper
|-sidestart|p1: Kuei0202|move: Tailwind
|move|p1b: Archaludon|Dragon Pulse|p2b: Annihilape|[miss]
|-miss|p1b: Archaludon|p2b: Annihilape
|
|-weather|RainDance|[upkeep]
|-start|p1b: Archaludon|perish0
|faint|p1b: Archaludon
|upkeep
|
|t:|1785677015
|switch|p1b: Swampert|Swampert, L50, F|100/100
|turn|5
|j| Midoria100
|
|t:|1785677055
|switch|p2a: Altaria|Altaria, L50, F, shiny|100/100
|-ability|p2a: Altaria|Cloud Nine
|detailschange|p1b: Swampert|Swampert-Mega, L50, F
|-mega|p1b: Swampert|Swampert|Swampertite
|move|p1b: Swampert|Earthquake|p2a: Altaria|[spread] 
|-miss|p1b: Swampert|p2b: Annihilape
|-immune|p1a: Pelipper
|-immune|p2a: Altaria
|move|p1a: Pelipper|Weather Ball|p2a: Altaria
|-damage|p2a: Altaria|86/100
|move|p2b: Annihilape|Phantom Force|p1b: Swampert|[from] lockedmove
|-damage|p1b: Swampert|1/100
|
|-weather|RainDance|[upkeep]
|-heal|p2a: Altaria|92/100|[from] item: Leftovers
|upkeep
|turn|6
|j| Unskilled99
|l| Edward0516
|
|t:|1785677129
|switch|p2b: Incineroar|Incineroar, L50, F, shiny|100/100
|-ability|p2b: Incineroar|Intimidate|boost
|-unboost|p1a: Pelipper|atk|1
|-unboost|p1b: Swampert|atk|1
|move|p2a: Altaria|Protect|p2a: Altaria
|-singleturn|p2a: Altaria|Protect
|move|p1b: Swampert|Earthquake|p2b: Incineroar|[spread] p2b
|-activate|p2a: Altaria|move: Protect
|-immune|p1a: Pelipper
|-supereffective|p2b: Incineroar|1
|-damage|p2b: Incineroar|57/100
|move|p1a: Pelipper|Hurricane|p2b: Incineroar
|-damage|p2b: Incineroar|9/100
|
|-weather|RainDance|[upkeep]
|-heal|p2a: Altaria|98/100|[from] item: Leftovers
|upkeep
|turn|7
|j| Edward0516
|l| Unskilled99
|l| FongSC
|
|t:|1785677181
|switch|p1b: Grimmsnarl|Grimmsnarl, L50, M|88/100
|move|p1a: Pelipper|Protect|p1a: Pelipper
|-singleturn|p1a: Pelipper|Protect
|move|p2b: Incineroar|Fake Out|p1b: Grimmsnarl
|-damage|p1b: Grimmsnarl|77/100
|move|p2a: Altaria|Fire Spin|p1a: Pelipper
|-activate|p1a: Pelipper|move: Protect
|
|-weather|none
|-heal|p2a: Altaria|100/100|[from] item: Leftovers
|-sideend|p1: Kuei0202|move: Tailwind
|upkeep
|turn|8
|
|t:|1785677256
|move|p1a: Pelipper|Tailwind|p1a: Pelipper
|-sidestart|p1: Kuei0202|move: Tailwind
|move|p1b: Grimmsnarl|Spirit Break|p2a: Altaria
|-supereffective|p2a: Altaria|1
|-damage|p2a: Altaria|49/100
|-unboost|p2a: Altaria|spa|1
|move|p2a: Altaria|Will-O-Wisp|p1b: Grimmsnarl
|-status|p1b: Grimmsnarl|brn
|move|p2b: Incineroar|Parting Shot|p1a: Pelipper
|-unboost|p1a: Pelipper|atk|1
|-unboost|p1a: Pelipper|spa|1
|j| FongSC
|
|t:|1785677272
|switch|p2b: Gengar|Gengar-Mega, L50, F, shiny|100/100|[from] Parting Shot
|
|-heal|p2a: Altaria|55/100|[from] item: Leftovers
|-damage|p1b: Grimmsnarl|71/100 brn|[from] brn
|upkeep
|turn|9
|
|t:|1785677314
|move|p1a: Pelipper|Hurricane|p2a: Altaria|[miss]
|-miss|p1a: Pelipper|p2a: Altaria
|move|p2b: Gengar|Perish Song|p2b: Gengar
|-start|p1a: Pelipper|perish3|[silent]
|-start|p1b: Grimmsnarl|perish3|[silent]
|-start|p2a: Altaria|perish3|[silent]
|-start|p2b: Gengar|perish3|[silent]
|-fieldactivate|move: Perish Song
|move|p1b: Grimmsnarl|Spirit Break|p2b: Gengar
|-resisted|p2b: Gengar|1
|-damage|p2b: Gengar|91/100
|-unboost|p2b: Gengar|spa|1
|move|p2a: Altaria|Will-O-Wisp|p1b: Grimmsnarl
|-fail|p1b: Grimmsnarl|brn
|
|-heal|p2a: Altaria|61/100|[from] item: Leftovers
|-damage|p1b: Grimmsnarl|65/100 brn|[from] brn
|-start|p1a: Pelipper|perish3
|-start|p2b: Gengar|perish3
|-start|p1b: Grimmsnarl|perish3
|-start|p2a: Altaria|perish3
|upkeep
|turn|10
|
|t:|1785677361
|move|p1a: Pelipper|Hurricane|p2a: Altaria
|-damage|p2a: Altaria|31/100
|-start|p2a: Altaria|confusion
|move|p2b: Gengar|Shadow Ball|p1a: Pelipper
|-damage|p1a: Pelipper|51/100
|move|p1b: Grimmsnarl|Spirit Break|p2a: Altaria
|-supereffective|p2a: Altaria|1
|-crit|p2a: Altaria
|-damage|p2a: Altaria|0 fnt
|faint|p2a: Altaria
|
|-damage|p1b: Grimmsnarl|59/100 brn|[from] brn
|-start|p1a: Pelipper|perish2
|-start|p2b: Gengar|perish2
|-start|p1b: Grimmsnarl|perish2
|upkeep
|
|t:|1785677383
|switch|p2a: Incineroar|Incineroar, L50, F, shiny|9/100
|-ability|p2a: Incineroar|Intimidate|boost
|-unboost|p1a: Pelipper|atk|1
|-unboost|p1b: Grimmsnarl|atk|1
|turn|11
|
|t:|1785677419
|move|p1a: Pelipper|Protect|p1a: Pelipper
|-singleturn|p1a: Pelipper|Protect
|move|p2b: Gengar|Protect|p2b: Gengar
|-singleturn|p2b: Gengar|Protect
|move|p2a: Incineroar|Protect|p2a: Incineroar
|-singleturn|p2a: Incineroar|Protect
|move|p1b: Grimmsnarl|Reflect|p1b: Grimmsnarl
|-sidestart|p1: Kuei0202|Reflect
|
|-damage|p1b: Grimmsnarl|53/100 brn|[from] brn
|-start|p1a: Pelipper|perish1
|-start|p2b: Gengar|perish1
|-start|p1b: Grimmsnarl|perish1
|-sideend|p1: Kuei0202|move: Tailwind
|upkeep
|turn|12
|
|t:|1785677464
|switch|p2b: Annihilape|Annihilape, L50, F, shiny|42/100
|move|p1a: Pelipper|Tailwind|p1a: Pelipper
|-sidestart|p1: Kuei0202|move: Tailwind
|move|p1b: Grimmsnarl|Spirit Break|p2a: Incineroar
|-damage|p2a: Incineroar|2/100
|-unboost|p2a: Incineroar|spa|1
|move|p2a: Incineroar|Parting Shot|p1a: Pelipper
|-unboost|p1a: Pelipper|atk|1
|-unboost|p1a: Pelipper|spa|1
|
|t:|1785677477
|switch|p2a: Gengar|Gengar-Mega, L50, F, shiny|91/100|[from] Parting Shot
|
|-damage|p1b: Grimmsnarl|47/100 brn|[from] brn
|-start|p1a: Pelipper|perish0
|-start|p1b: Grimmsnarl|perish0
|faint|p1a: Pelipper
|faint|p1b: Grimmsnarl
|upkeep
|
|t:|1785677488
|switch|p1b: Swampert|Swampert-Mega, L50, F|1/100
|turn|13
|
|t:|1785677610
|switch|p2a: Incineroar|Incineroar, L50, F, shiny|2/100
|-ability|p2a: Incineroar|Intimidate|boost
|-unboost|p1b: Swampert|atk|1
|move|p1b: Swampert|Earthquake|p2a: Incineroar|[spread] p2a,p2b
|-supereffective|p2a: Incineroar|1
|-damage|p2a: Incineroar|0 fnt
|-damage|p2b: Annihilape|7/100
|faint|p2a: Incineroar
|move|p2b: Annihilape|Phantom Force||[still]
|-prepare|p2b: Annihilape|Phantom Force
|
|upkeep
|
|t:|1785677621
|switch|p2a: Gengar|Gengar-Mega, L50, F, shiny|91/100
|turn|14
|l| haymi1004
|
|t:|1785677629
|move|p1b: Swampert|Protect|p1b: Swampert
|-singleturn|p1b: Swampert|Protect
|move|p2a: Gengar|Protect|p2a: Gengar
|-singleturn|p2a: Gengar|Protect
|move|p2b: Annihilape|Phantom Force|p1b: Swampert|[from] lockedmove
|-activate|p1b: Swampert|move: Phantom Force|[broken]
|-damage|p1b: Swampert|0 fnt
|faint|p1b: Swampert
|
|win|Dough0418
|l| vvawwwy
|l| goodryan2630
|l| FongSC
|l| Edward0516
|l| Midoria100
|l| phoenix burner
|l|☆Dough0418
|player|p2|
|l| 86test
|l| Roselia Sayo
