|j|☆Dkswagggy
|j|☆ming0mang0
|html|Dkswagggyming0mang0    
|uhtml|bestof|Game 1 of a best-of-3
|t:|1756159095
|gametype|doubles
|player|p1|Dkswagggy|steven|1150
|player|p2|ming0mang0|harlequin|1059
|gen|9
|tier|[Gen 9] VGC 2025 Reg H (Bo3)
|rated|
|rule|Species Clause: Limit one of each Pokémon
|rule|Item Clause: Limit 1 of each item
|clearpoke
|poke|p1|Volcarona, L50, F|
|poke|p1|Ursaluna-Bloodmoon, L50, M|
|poke|p1|Dragonite, L50, F|
|poke|p1|Gholdengo, L50|
|poke|p1|Gallade, L50, M|
|poke|p1|Amoonguss, L50, F|
|poke|p2|Gholdengo, L50|
|poke|p2|Pelipper, L50, M|
|poke|p2|Greninja-*, L50, M|
|poke|p2|Basculegion, L50, M|
|poke|p2|Amoonguss, L50, F|
|poke|p2|Archaludon, L50, M|
|teampreview|4
|showteam|p1|Volcarona||Leftovers|FlameBody|Protect,QuiverDance,HeatWave,GigaDrain|||F|||50|,,,,,Grass]Ursaluna-Bloodmoon||AssaultVest|MindsEye|BloodMoon,HyperVoice,EarthPower,VacuumWave|||M|||50|,,,,,Normal]Dragonite||LoadedDice|InnerFocus|Protect,Haze,ScaleShot,ExtremeSpeed|||F|||50|,,,,,Fairy]Gholdengo||LifeOrb|GoodasGold|Protect,NastyPlot,ShadowBall,MakeItRain||||||50|,,,,,Water]Gallade||CovertCloak|Sharpness|Protect,TrickRoom,PsychoCut,SacredSword|||M|||50|,,,,,Steel]Amoonguss||SitrusBerry|Regenerator|Spore,RagePowder,PollenPuff,SludgeBomb|||F|||50|,,,,,Water
|showteam|p2|Gholdengo||LifeOrb|GoodasGold|ShadowBall,MakeItRain,NastyPlot,Protect||||||50|,,,,,Water]Pelipper||FocusSash|Drizzle|Hurricane,WeatherBall,Tailwind,Protect|||M|||50|,,,,,Steel]Greninja||LoadedDice|Torrent|DarkPulse,WaterShuriken,Taunt,Protect|||M|||50|,,,,,Ghost]Basculegion||ChoiceBand|SwiftSwim|WaveCrash,AquaJet,LastRespects,FlipTurn|||M|||50|,,,,,Water]Amoonguss||SitrusBerry|Regenerator|PollenPuff,Spore,RagePowder,Protect|||F|||50|,,,,,Fire]Archaludon||AssaultVest|Stamina|DracoMeteor,FlashCannon,ElectroShot,BodyPress|||M|||50|,,,,,Bug
|
|t:|1756159186
|teamsize|p1|4
|teamsize|p2|4
|start
|switch|p1a: Dragonite|Dragonite, L50, F|100/100
|switch|p1b: Amoonguss|Amoonguss, L50, F, shiny|100/100
|switch|p2a: Pelipper|Pelipper, L50, M|100/100
|switch|p2b: Greninja|Greninja, L50, M, shiny|100/100
|-weather|RainDance|[from] ability: Drizzle|[of] p2a: Pelipper
|turn|1
|inactive|Battle timer is ON: inactive players will automatically lose when time's up. (requested by Dkswagggy)
|
|t:|1756159234
|move|p2b: Greninja|Taunt|p1b: Amoonguss
|-start|p1b: Amoonguss|move: Taunt
|move|p2a: Pelipper|Tailwind|p2a: Pelipper
|-sidestart|p2: ming0mang0|move: Tailwind
|move|p1a: Dragonite|Scale Shot|p2a: Pelipper
|-damage|p2a: Pelipper|78/100
|-damage|p2a: Pelipper|56/100
|-damage|p2a: Pelipper|37/100
|-damage|p2a: Pelipper|17/100
|-hitcount|p2a: Pelipper|4
|-unboost|p1a: Dragonite|def|1
|-boost|p1a: Dragonite|spe|1
|cant|p1b: Amoonguss|move: Taunt|Spore
|
|-weather|RainDance|[upkeep]
|upkeep
|turn|2
|
|t:|1756159256
|move|p2b: Greninja|Water Shuriken|p1a: Dragonite
|-resisted|p1a: Dragonite
|-damage|p1a: Dragonite|96/100
|-resisted|p1a: Dragonite
|-damage|p1a: Dragonite|91/100
|-resisted|p1a: Dragonite
|-damage|p1a: Dragonite|86/100
|-resisted|p1a: Dragonite
|-damage|p1a: Dragonite|81/100
|-resisted|p1a: Dragonite
|-damage|p1a: Dragonite|77/100
|-hitcount|p1a: Dragonite|5
|move|p2a: Pelipper|Hurricane|p1a: Dragonite
|-damage|p1a: Dragonite|35/100
|move|p1a: Dragonite|Scale Shot|p2a: Pelipper
|-damage|p2a: Pelipper|0 fnt
|faint|p2a: Pelipper
|-hitcount|p2: Pelipper|1
|-unboost|p1a: Dragonite|def|1
|-boost|p1a: Dragonite|spe|1
|move|p1b: Amoonguss|Pollen Puff|p2b: Greninja
|-supereffective|p2b: Greninja
|-damage|p2b: Greninja|51/100
|
|-weather|RainDance|[upkeep]
|upkeep
|
|t:|1756159279
|switch|p2a: Archaludon|Archaludon, L50, M|100/100
|turn|3
|
|t:|1756159289
|move|p1a: Dragonite|Protect|p1a: Dragonite
|-singleturn|p1a: Dragonite|Protect
|move|p2b: Greninja|Dark Pulse|p1b: Amoonguss
|-damage|p1b: Amoonguss|69/100
|move|p2a: Archaludon|Electro Shot||[still]
|-prepare|p2a: Archaludon|Electro Shot
|-boost|p2a: Archaludon|spa|1
|-anim|p2a: Archaludon|Electro Shot|p1a: Dragonite
|-activate|p1a: Dragonite|move: Protect
|move|p1b: Amoonguss|Pollen Puff|p2b: Greninja
|-supereffective|p2b: Greninja
|-damage|p2b: Greninja|0 fnt
|faint|p2b: Greninja
|
|-weather|RainDance|[upkeep]
|-end|p1b: Amoonguss|move: Taunt
|upkeep
|
|t:|1756159305
|switch|p2b: Gholdengo|Gholdengo, L50|100/100
|turn|4
|
|t:|1756159323
|move|p2b: Gholdengo|Nasty Plot|p2b: Gholdengo
|-boost|p2b: Gholdengo|spa|2
|move|p2a: Archaludon|Draco Meteor|p1a: Dragonite|[miss]
|-miss|p2a: Archaludon|p1a: Dragonite
|move|p1a: Dragonite|Haze|p1a: Dragonite
|-clearallboost
|move|p1b: Amoonguss|Spore|p2a: Archaludon
|-status|p2a: Archaludon|slp|[from] move: Spore
|
|-weather|RainDance|[upkeep]
|-sideend|p2: ming0mang0|move: Tailwind
|upkeep
|turn|5
|inactive|Dkswagggy has 30 seconds left.
|inactive|ming0mang0 has 30 seconds left.
|inactive|Dkswagggy has 20 seconds left.
|
|t:|1756159359
|switch|p1b: Gallade|Gallade, L50, M, shiny|100/100
|move|p2b: Gholdengo|Shadow Ball|p1a: Dragonite
|-damage|p1a: Dragonite|0 fnt
|faint|p1a: Dragonite
|-damage|p2b: Gholdengo|91/100|[from] item: Life Orb
|cant|p2a: Archaludon|slp
|
|-weather|none
|upkeep
|
|t:|1756159370
|switch|p1a: Ursaluna|Ursaluna-Bloodmoon, L50, M|100/100
|turn|6
|
|t:|1756159393
|-terastallize|p2a: Archaludon|Bug
|move|p2b: Gholdengo|Protect|p2b: Gholdengo
|-singleturn|p2b: Gholdengo|Protect
|cant|p2a: Archaludon|slp
|move|p1a: Ursaluna|Earth Power|p2b: Gholdengo
|-activate|p2b: Gholdengo|move: Protect
|move|p1b: Gallade|Trick Room|p1b: Gallade
|-fieldstart|move: Trick Room|[of] p1b: Gallade
|
|upkeep
|turn|7
|
|t:|1756159410
|move|p2b: Gholdengo|Protect|p2b: Gholdengo
|-singleturn|p2b: Gholdengo|Protect
|move|p1a: Ursaluna|Earth Power|p2b: Gholdengo
|-activate|p2b: Gholdengo|move: Protect
|move|p1b: Gallade|Psycho Cut|p2a: Archaludon
|-damage|p2a: Archaludon|59/100 slp
|-ability|p2a: Archaludon|Stamina|boost
|-boost|p2a: Archaludon|def|1
|cant|p2a: Archaludon|slp
|
|upkeep
|turn|8
|
|t:|1756159424
|move|p1a: Ursaluna|Earth Power|p2b: Gholdengo
|-supereffective|p2b: Gholdengo
|-damage|p2b: Gholdengo|0 fnt
|faint|p2b: Gholdengo
|move|p1b: Gallade|Psycho Cut|p2a: Archaludon
|-damage|p2a: Archaludon|33/100 slp
|-ability|p2a: Archaludon|Stamina|boost
|-boost|p2a: Archaludon|def|1
|-curestatus|p2a: Archaludon|slp|[msg]
|move|p2a: Archaludon|Body Press|p1a: Ursaluna
|-supereffective|p1a: Ursaluna
|-damage|p1a: Ursaluna|30/100
|
|upkeep
|turn|9
|inactive|ming0mang0 has 30 seconds left.
|
|t:|1756159452
|move|p1a: Ursaluna|Blood Moon|p2a: Archaludon
|-damage|p2a: Archaludon|0 fnt
|faint|p2a: Archaludon
|
|win|Dkswagggy
|l|☆Dkswagggy
|player|p1|
||ming0mang0 is ready for game 2.
||Dkswagggy is ready for game 2.
|uhtml|next|Next: Game 2 of 3
|l|☆ming0mang0
|player|p2|
|j|☆ming0mang0
|player|p2|ming0mang0|harlequin|
|l|☆ming0mang0
|player|p2|
|j|☆ming0mang0
|player|p2|ming0mang0|harlequin|
|l|☆ming0mang0
|player|p2|
|j|☆ming0mang0
|player|p2|ming0mang0|harlequin|
