|j|☆Miilanz
|j|☆MrLoom
|html|MiilanzMrLoom    
|uhtml|bestof|Game 1 of a best-of-3
|t:|1756561303
|gametype|doubles
|player|p1|Miilanz|cynthia|
|player|p2|MrLoom|2|
|gen|9
|tier|[Gen 9] VGC 2025 Reg H (Bo3)
|rule|Species Clause: Limit one of each Pokémon
|rule|Item Clause: Limit 1 of each item
|clearpoke
|poke|p1|Amoonguss, L50, F|
|poke|p1|Incineroar, L50, M|
|poke|p1|Rillaboom, L50, F|
|poke|p1|Dragonite, L50, F|
|poke|p1|Ninetales-Alola, L50, M|
|poke|p1|Gholdengo, L50|
|poke|p2|Archaludon, L50, M|
|poke|p2|Pelipper, L50, M|
|poke|p2|Basculegion, L50, M|
|poke|p2|Incineroar, L50, M|
|poke|p2|Annihilape, L50, M|
|poke|p2|Maushold-Four, L50|
|teampreview|4
|showteam|p1|Amoonguss||SitrusBerry|Regenerator|Spore,Protect,PollenPuff,RagePowder|||F|||50|,,,,,Water]Incineroar||SafetyGoggles|Intimidate|FakeOut,FlareBlitz,KnockOff,PartingShot|||M|||50|,,,,,Ghost]Rillaboom||AssaultVest|GrassySurge|FakeOut,GrassyGlide,WoodHammer,Uturn|||F|||50|,,,,,Fairy]Dragonite||LoadedDice|InnerFocus|ScaleShot,Protect,Tailwind,Haze|||F|||50|,,,,,Fairy]Ninetales-Alola||FocusSash|SnowWarning|Blizzard,AuroraVeil,Protect,Moonblast|||M|||50|,,,,,Ground]Gholdengo||LifeOrb|GoodasGold|MakeItRain,ShadowBall,Protect,NastyPlot||||||50|,,,,,Dragon
|showteam|p2|Archaludon||AssaultVest|Stamina|BodyPress,ElectroShot,FlashCannon,DracoMeteor|||M|||50|,,,,,Electric]Pelipper||FocusSash|Drizzle|WeatherBall,Protect,Tailwind,Hurricane|||M|||50|,,,,,Steel]Basculegion||ChoiceBand|SwiftSwim|WaveCrash,FlipTurn,DoubleEdge,LastRespects|||M|||50|,,,,,Water]Incineroar||SafetyGoggles|Intimidate|FlareBlitz,FakeOut,PartingShot,KnockOff|||M|||50|,,,,,Ghost]Annihilape||LifeOrb|Defiant|RageFist,DrainPunch,Protect,BulkUp|||M|||50|,,,,,Fairy]Maushold-Four||LoadedDice|FriendGuard|Encore,BeatUp,FollowMe,Protect||||||50|,,,,,Ghost
|inactive|Battle timer is ON: inactive players will automatically lose when time's up. (requested by Miilanz)
|
|t:|1756561333
|teamsize|p1|4
|teamsize|p2|4
|start
|switch|p1a: Incineroar|Incineroar, L50, M|100/100
|switch|p1b: Gholdengo|Gholdengo, L50|100/100
|switch|p2a: Archaludon|Archaludon, L50, M|100/100
|switch|p2b: Maushold|Maushold-Four, L50|100/100
|-ability|p1a: Incineroar|Intimidate|boost
|-unboost|p2a: Archaludon|atk|1
|-unboost|p2b: Maushold|atk|1
|turn|1
|inactive|Miilanz has 30 seconds left.
|inactive|MrLoom has 30 seconds left.
|
|t:|1756561362
|switch|p2a: Pelipper|Pelipper, L50, M|100/100
|-weather|RainDance|[from] ability: Drizzle|[of] p2a: Pelipper
|move|p2b: Maushold|Encore||[still]
|-fail|p2b: Maushold
|move|p1b: Gholdengo|Shadow Ball|p2a: Pelipper
|-damage|p2a: Pelipper|35/100
|-damage|p1b: Gholdengo|91/100|[from] item: Life Orb
|move|p1a: Incineroar|Knock Off|p2a: Pelipper
|-damage|p2a: Pelipper|0 fnt
|-enditem|p2a: Pelipper|Focus Sash|[from] move: Knock Off|[of] p1a: Incineroar
|faint|p2a: Pelipper
|
|-weather|RainDance|[upkeep]
|upkeep
|
|t:|1756561380
|switch|p2a: Archaludon|Archaludon, L50, M|100/100
|turn|2
|
|t:|1756561392
|-terastallize|p2a: Archaludon|Electric
|move|p2b: Maushold|Beat Up|p2a: Archaludon
|-damage|p2a: Archaludon|99/100
|-ability|p2a: Archaludon|Stamina|boost
|-boost|p2a: Archaludon|def|1
|-damage|p2a: Archaludon|99/100
|-ability|p2a: Archaludon|Stamina|boost
|-boost|p2a: Archaludon|def|1
|-damage|p2a: Archaludon|98/100
|-ability|p2a: Archaludon|Stamina|boost
|-boost|p2a: Archaludon|def|1
|-hitcount|p2a: Archaludon|3
|move|p1b: Gholdengo|Nasty Plot|p1b: Gholdengo
|-boost|p1b: Gholdengo|spa|2
|move|p2a: Archaludon|Electro Shot||[still]
|-prepare|p2a: Archaludon|Electro Shot
|-boost|p2a: Archaludon|spa|1
|-anim|p2a: Archaludon|Electro Shot|p1b: Gholdengo
|-damage|p1b: Gholdengo|0 fnt
|faint|p1b: Gholdengo
|move|p1a: Incineroar|Parting Shot|p2a: Archaludon
|-unboost|p2a: Archaludon|atk|1
|-unboost|p2a: Archaludon|spa|1
|
|t:|1756561413
|switch|p1a: Ninetales|Ninetales-Alola, L50, M|100/100|[from] Parting Shot
|-weather|Snowscape|[from] ability: Snow Warning|[of] p1a: Ninetales
|
|-weather|Snowscape|[upkeep]
|upkeep
|
|t:|1756561418
|switch|p1b: Rillaboom|Rillaboom, L50, F|100/100
|-fieldstart|move: Grassy Terrain|[from] ability: Grassy Surge|[of] p1b: Rillaboom
|turn|3
|
|t:|1756561429
|move|p1b: Rillaboom|Fake Out|p2a: Archaludon
|-damage|p2a: Archaludon|95/100
|-ability|p2a: Archaludon|Stamina|boost
|-boost|p2a: Archaludon|def|1
|move|p2b: Maushold|Beat Up|p2a: Archaludon
|-damage|p2a: Archaludon|95/100
|-ability|p2a: Archaludon|Stamina|boost
|-boost|p2a: Archaludon|def|1
|-damage|p2a: Archaludon|94/100
|-ability|p2a: Archaludon|Stamina|boost
|-boost|p2a: Archaludon|def|1
|-damage|p2a: Archaludon|94/100
|-hitcount|p2a: Archaludon|3
|move|p1a: Ninetales|Aurora Veil|p1a: Ninetales
|-sidestart|p1: Miilanz|move: Aurora Veil
|cant|p2a: Archaludon|flinch
|
|-weather|Snowscape|[upkeep]
|-heal|p2a: Archaludon|99/100|[from] Grassy Terrain
|upkeep
|turn|4
|inactive|MrLoom has 30 seconds left.
|
|t:|1756561456
|move|p2b: Maushold|Follow Me|p2b: Maushold
|-singleturn|p2b: Maushold|move: Follow Me
|move|p1a: Ninetales|Blizzard|p2b: Maushold|[spread] p2a,p2b
|-damage|p2a: Archaludon|77/100
|-damage|p2b: Maushold|63/100
|move|p1b: Rillaboom|Wood Hammer|p2b: Maushold
|-damage|p2b: Maushold|0 fnt
|faint|p2b: Maushold
|-damage|p1b: Rillaboom|82/100|[from] Recoil
|move|p2a: Archaludon|Body Press|p1b: Rillaboom
|-damage|p1b: Rillaboom|9/100
|
|-weather|Snowscape|[upkeep]
|-heal|p1b: Rillaboom|15/100|[from] Grassy Terrain
|-heal|p2a: Archaludon|83/100|[from] Grassy Terrain
|upkeep
|
|t:|1756561472
|switch|p2b: Incineroar|Incineroar, L50, M|100/100
|-ability|p2b: Incineroar|Intimidate|boost
|-unboost|p1a: Ninetales|atk|1
|-unboost|p1b: Rillaboom|atk|1
|turn|5
|
|t:|1756561489
|switch|p1b: Incineroar|Incineroar, L50, M|100/100
|-ability|p1b: Incineroar|Intimidate|boost
|-unboost|p2a: Archaludon|atk|1
|-unboost|p2b: Incineroar|atk|1
|move|p1a: Ninetales|Protect|p1a: Ninetales
|-singleturn|p1a: Ninetales|Protect
|move|p2b: Incineroar|Fake Out|p1b: Incineroar
|-crit|p1b: Incineroar
|-damage|p1b: Incineroar|87/100
|move|p2a: Archaludon|Body Press|p1a: Ninetales
|-activate|p1a: Ninetales|move: Protect
|
|-weather|Snowscape|[upkeep]
|-heal|p2a: Archaludon|89/100|[from] Grassy Terrain
|-heal|p1b: Incineroar|93/100|[from] Grassy Terrain
|upkeep
|turn|6
|inactive|MrLoom has 30 seconds left.
|
|t:|1756561515
|move|p1a: Ninetales|Moonblast|p2a: Archaludon
|-damage|p2a: Archaludon|52/100
|move|p2a: Archaludon|Body Press|p1b: Incineroar
|-supereffective|p1b: Incineroar
|-crit|p1b: Incineroar
|-damage|p1b: Incineroar|0 fnt
|faint|p1b: Incineroar
|move|p2b: Incineroar|Knock Off|p1a: Ninetales
|-resisted|p1a: Ninetales
|-damage|p1a: Ninetales|92/100
|-enditem|p1a: Ninetales|Focus Sash|[from] move: Knock Off|[of] p2b: Incineroar
|
|-weather|none
|-heal|p1a: Ninetales|98/100|[from] Grassy Terrain
|-heal|p2a: Archaludon|58/100|[from] Grassy Terrain
|upkeep
|
|t:|1756561526
|switch|p1b: Rillaboom|Rillaboom, L50, F|15/100
|turn|7
|inactive|Miilanz has 30 seconds left.
|
|t:|1756561551
|-terastallize|p1a: Ninetales|Ground
|move|p1b: Rillaboom|Fake Out|p2b: Incineroar
|-damage|p2b: Incineroar|89/100
|move|p1a: Ninetales|Moonblast|p2a: Archaludon
|-damage|p2a: Archaludon|25/100
|-unboost|p2a: Archaludon|spa|1
|move|p2a: Archaludon|Body Press|p1a: Ninetales
|-damage|p1a: Ninetales|0 fnt
|faint|p1a: Ninetales
|cant|p2b: Incineroar|flinch
|
|-heal|p1b: Rillaboom|21/100|[from] Grassy Terrain
|-heal|p2a: Archaludon|31/100|[from] Grassy Terrain
|-heal|p2b: Incineroar|95/100|[from] Grassy Terrain
|-sideend|p1: Miilanz|move: Aurora Veil
|-fieldend|move: Grassy Terrain
|upkeep
|turn|8
|
|t:|1756561573
|move|p1b: Rillaboom|Wood Hammer|p2a: Archaludon
|-damage|p2a: Archaludon|20/100
|-damage|p1b: Rillaboom|18/100|[from] Recoil
|move|p2a: Archaludon|Body Press|p1b: Rillaboom
|-damage|p1b: Rillaboom|0 fnt
|faint|p1b: Rillaboom
|
|win|MrLoom
||Miilanz is ready for game 2.
|inactive|MrLoom has 30 seconds to confirm battle start!
|l|☆MrLoom
|player|p2|
