|j|‽TKDCamo
|j|☆z dawg gog
|html|TKDCamoz dawg gog    
|uhtml|bestof|Game 2 of a best-of-3
|t:|1783904067
|gametype|doubles
|player|p1|TKDCamo|clemont|
|player|p2|z dawg gog|169|
|gen|9
|tier|[Gen 9 Champions] VGC 2026 Reg M-B (Bo3)
|rule|Species Clause: Limit one of each Pokémon
|rule|Item Clause: Limit 1 of each item
|clearpoke
|poke|p1|Slowking, L50, M|
|poke|p1|Drampa, L50, M, shiny|
|poke|p1|Swampert, L50, M|
|poke|p1|Morpeko, L50, M|
|poke|p1|Floette-Eternal, L50, F|
|poke|p1|Dragonite, L50, M|
|poke|p2|Gliscor, L50, F|
|poke|p2|Eelektross, L50, M|
|poke|p2|Mimikyu, L50, M|
|poke|p2|Kommo-o, L50, M|
|poke|p2|Gyarados, L50, M|
|poke|p2|Kingambit, L50, F|
|teampreview|4
|showteam|p1|Slowking||ColburBerry|Oblivious|TrickRoom,HealPulse,Scald,PsychicNoise|Relaxed||M|||50|]Drampa||Drampanite|Berserk|Protect,EarthPower,DracoMeteor,HyperVoice|Quiet||M|||50|]Swampert||Leftovers|Torrent|HammerArm,Curse,WaveCrash,Protect|Brave||M|||50|]Morpeko||SitrusBerry|HungerSwitch|FakeOut,PartingShot,Taunt,SuperFang|Jolly||M|||50|]Floette-Eternal||LifeOrb|Symbiosis|Protect,CalmMind,Moonblast,DrainingKiss|Modest||F|||50|]Dragonite||Dragoninite|InnerFocus|Protect,AirSlash,LowKick,Thunderbolt|Rash||M|||50|
|showteam|p2|Gliscor||Leftovers|HyperCutter|SwordsDance,Earthquake,Tailwind,DualWingbeat|Jolly||F|||50|]Eelektross||Eelektrossite|Levitate|Discharge,VoltSwitch,Thunderbolt,MuddyWater|Timid||M|||50|]Mimikyu||MentalHerb|Disguise|TrickRoom,SwordsDance,PlayRough,ShadowClaw|Brave||M|||50|]Kommo-o||DragonFang|Bulletproof|ClangingScales,ClangorousSoul,AuraSphere,Boomburst|Timid||M|||50|]Gyarados||SitrusBerry|Intimidate|Earthquake,Protect,Waterfall,DragonDance|Adamant||M|||50|]Kingambit||BlackGlasses|Defiant|KowtowCleave,SuckerPunch,IronHead,Protect|Adamant||F|||50|
|j| skatt7000
|
|t:|1783904130
|teamsize|p1|4
|teamsize|p2|4
|start
|switch|p1a: Snickers|Morpeko, L50, M|100/100
|switch|p1b: Larry|Dragonite, L50, M|100/100
|switch|p2a: Kingambit|Kingambit, L50, F|100/100
|switch|p2b: Eelektross|Eelektross, L50, M|100/100
|turn|1
|
|t:|1783904180
|detailschange|p1b: Larry|Dragonite-Mega, L50, M
|-mega|p1b: Larry|Dragonite|Dragoninite
|detailschange|p2b: Eelektross|Eelektross-Mega, L50, M
|-mega|p2b: Eelektross|Eelektross|Eelektrossite
|move|p2a: Kingambit|Protect|p2a: Kingambit
|-singleturn|p2a: Kingambit|Protect
|move|p1a: Snickers|Fake Out|p2a: Kingambit
|-activate|p2a: Kingambit|move: Protect
|move|p1b: Larry|Low Kick|p2a: Kingambit
|-activate|p2a: Kingambit|move: Protect
|move|p2b: Eelektross|Volt Switch|p1b: Larry
|-damage|p1b: Larry|80/100
|
|t:|1783904195
|switch|p2b: Gliscor|Gliscor, L50, F|100/100|[from] Volt Switch
|
|-formechange|p1a: Snickers|Morpeko-Hangry|
|upkeep
|turn|2
|
|t:|1783904217
|switch|p2a: Eelektross|Eelektross-Mega, L50, M|100/100
|move|p1a: Snickers|Super Fang|p2b: Gliscor
|-damage|p2b: Gliscor|50/100g
|move|p2b: Gliscor|Tailwind|p2b: Gliscor
|-sidestart|p2: z dawg gog|move: Tailwind
|move|p1b: Larry|Low Kick|p2a: Eelektross
|-damage|p2a: Eelektross|62/100
|
|-heal|p2b: Gliscor|56/100|[from] item: Leftovers
|-formechange|p1a: Snickers|Morpeko|
|upkeep
|turn|3
|
|t:|1783904235
|move|p1b: Larry|Protect|p1b: Larry
|-singleturn|p1b: Larry|Protect
|move|p2b: Gliscor|Earthquake|p1a: Snickers|[spread] p1a
|-activate|p1b: Larry|move: Protect
|-immune|p2a: Eelektross|[from] ability: Eelevate
|-supereffective|p1a: Snickers|1
|-damage|p1a: Snickers|0 fnt
|faint|p1a: Snickers
|move|p2a: Eelektross|Discharge|p1b: Larry|[spread] 
|-activate|p1b: Larry|move: Protect
|-immune|p2b: Gliscor
|
|-heal|p2b: Gliscor|62/100|[from] item: Leftovers
|upkeep
|
|t:|1783904257
|switch|p1a: PrettyFlower|Floette-Eternal, L50, F|100/100
|turn|4
|
|t:|1783904277
|move|p2b: Gliscor|Earthquake|p1a: PrettyFlower|[spread] p1a
|-immune|p2a: Eelektross|[from] ability: Eelevate
|-immune|p1b: Larry
|-damage|p1a: PrettyFlower|47/100
|move|p2a: Eelektross|Discharge|p1a: PrettyFlower|[spread] p1a,p1b
|-immune|p2b: Gliscor
|-damage|p1a: PrettyFlower|18/100
|-damage|p1b: Larry|48/100
|move|p1b: Larry|Low Kick|p2a: Eelektross
|-damage|p2a: Eelektross|20/100y
|move|p1a: PrettyFlower|Moonblast|p2b: Gliscor
|-damage|p2b: Gliscor|0 fnt
|faint|p2b: Gliscor
|-damage|p1a: PrettyFlower|8/100|[from] item: Life Orb
|
|upkeep
|
|t:|1783904297
|switch|p2b: Gyarados|Gyarados, L50, M|100/100
|-ability|p2b: Gyarados|Intimidate|boost
|-unboost|p1a: PrettyFlower|atk|1
|-unboost|p1b: Larry|atk|1
|turn|5
|
|t:|1783904317
|move|p2b: Gyarados|Protect|p2b: Gyarados
|-singleturn|p2b: Gyarados|Protect
|move|p1a: PrettyFlower|Protect|p1a: PrettyFlower
|-singleturn|p1a: PrettyFlower|Protect
|move|p2a: Eelektross|Discharge|p1b: Larry|[spread] p1b
|-activate|p2b: Gyarados|move: Protect
|-activate|p1a: PrettyFlower|move: Protect
|-damage|p1b: Larry|13/100
|move|p1b: Larry|Thunderbolt|p2b: Gyarados
|-activate|p2b: Gyarados|move: Protect
|
|-sideend|p2: z dawg gog|move: Tailwind
|upkeep
|turn|6
|
|t:|1783904370
|switch|p2b: Kingambit|Kingambit, L50, F|100/100
|move|p1b: Larry|Thunderbolt|p2b: Kingambit
|-damage|p2b: Kingambit|67/100
|-status|p2b: Kingambit|par
|move|p2a: Eelektross|Muddy Water|p1b: Larry|[spread] p1a,p1b
|-resisted|p1b: Larry|1
|-damage|p1a: PrettyFlower|0 fnt
|-damage|p1b: Larry|1/100
|-unboost|p1b: Larry|accuracy|1
|faint|p1a: PrettyFlower
|-ability|p2a: Eelektross|Eelevate|boost
|-boost|p2a: Eelektross|spa|1
|
|upkeep
|
|t:|1783904382
|switch|p1a: Skipper|Swampert, L50, M|100/100
|turn|7
|
|t:|1783904412
|cant|p2b: Kingambit|par
|move|p1b: Larry|Low Kick|p2a: Eelektross|[miss]
|-miss|p1b: Larry|p2a: Eelektross
|move|p2a: Eelektross|Muddy Water|p1b: Larry|[spread] p1a,p1b
|-resisted|p1b: Larry|1
|-damage|p1a: Skipper|63/100
|-damage|p1b: Larry|0 fnt
|-unboost|p1a: Skipper|accuracy|1
|faint|p1b: Larry
|-ability|p2a: Eelektross|Eelevate|boost
|-boost|p2a: Eelektross|spa|1
|move|p1a: Skipper|Hammer Arm|p2b: Kingambit
|-supereffective|p2b: Kingambit|2
|-damage|p2b: Kingambit|0 fnt
|-unboost|p1a: Skipper|spe|1
|faint|p2b: Kingambit
|
|-heal|p1a: Skipper|69/100|[from] item: Leftovers
|upkeep
|
|t:|1783904424
|switch|p2b: Gyarados|Gyarados, L50, M|100/100
|-ability|p2b: Gyarados|Intimidate|boost
|-unboost|p1a: Skipper|atk|1
|turn|8
|
|t:|1783904431
|move|p2a: Eelektross|Muddy Water|p1a: Skipper
|-damage|p1a: Skipper|10/100
|-unboost|p1a: Skipper|accuracy|1
|move|p2b: Gyarados|Waterfall|p1a: Skipper
|-damage|p1a: Skipper|0 fnt
|faint|p1a: Skipper
|
|win|z dawg gog
||z dawg gog is ready for game 3.
||TKDCamo is ready for game 3.
|uhtml|next|Next: Game 3 of 3
