|j|☆Shanks Left Arm
|j|☆DareDevilSweeper
|html|Shanks Left ArmDareDevilSweeper    
|uhtml|bestof|Game 2 of a best-of-3
|t:|1756407459
|gametype|doubles
|player|p1|Shanks Left Arm|102|1399
|player|p2|DareDevilSweeper|266|1430
|gen|9
|tier|[Gen 9] VGC 2025 Reg H (Bo3)
|rated|
|rule|Species Clause: Limit one of each Pokémon
|rule|Item Clause: Limit 1 of each item
|clearpoke
|poke|p1|Archaludon, L50, M|
|poke|p1|Dragonite, L50, M|
|poke|p1|Pelipper, L50, F|
|poke|p1|Ursaluna, L50, M|
|poke|p1|Sinistcha, L50|
|poke|p1|Incineroar, L50, M|
|poke|p2|Ninetales-Alola, L50, F|
|poke|p2|Volcarona, L50, F|
|poke|p2|Ursaluna-Bloodmoon, L50, M|
|poke|p2|Dragonite, L50, F|
|poke|p2|Gholdengo, L50|
|poke|p2|Annihilape, L50, M|
|teampreview|4
|showteam|p1|Archaludon||AssaultVest|Stamina|FlashCannon,BodyPress,ElectroShot,DragonPulse|||M|||50|,,,,,Fighting]Dragonite||LoadedDice|Multiscale|ScaleShot,Tailwind,Haze,Protect|||M|||50|,,,,,Fairy]Pelipper||FocusSash|Drizzle|MuddyWater,Hurricane,Tailwind,Protect|||F|||50|,,,,,Ground]Ursaluna||FlameOrb|Guts|Facade,HeadlongRush,Earthquake,Protect|||M|||50|,,,,,Psychic]Sinistcha||SitrusBerry|Hospitality|MatchaGotcha,LifeDew,RagePowder,TrickRoom||||||50|,,,,,Dark]Incineroar||SafetyGoggles|Intimidate|FakeOut,PartingShot,KnockOff,FlareBlitz|||M|||50|,,,,,Ghost
|showteam|p2|Ninetales-Alola||FocusSash|SnowWarning|Blizzard,IcyWind,IcicleSpear,Moonblast|||F|||50|,,,,,Ghost]Volcarona||SitrusBerry|FlameBody|HeatWave,TeraBlast,Tailwind,RagePowder|||F|||50|,,,,,Fairy]Ursaluna-Bloodmoon||AssaultVest|MindsEye|HyperVoice,EarthPower,BloodMoon,VacuumWave|||M|||50|,,,,,Water]Dragonite||LoadedDice|Multiscale|ScaleShot,Encore,Tailwind,Protect|||F|||50|,,,,,Steel]Gholdengo||MetalCoat|GoodasGold|MakeItRain,ShadowBall,NastyPlot,Protect||||||50|,,,,,Water]Annihilape||LifeOrb|Defiant|RageFist,FinalGambit,CloseCombat,Protect|||M|||50|,,,,,Electric
|inactive|Battle timer is ON: inactive players will automatically lose when time's up. (requested by DareDevilSweeper)
|
|t:|1756407503
|teamsize|p1|4
|teamsize|p2|4
|start
|switch|p1a: Dragonite|Dragonite, L50, M|100/100
|switch|p1b: Ursaluna|Ursaluna, L50, M|100/100
|switch|p2a: Annihilape|Annihilape, L50, M|100/100
|switch|p2b: Dragonite|Dragonite, L50, F|100/100
|turn|1
|
|t:|1756407519
|move|p1a: Dragonite|Protect|p1a: Dragonite
|-singleturn|p1a: Dragonite|Protect
|move|p2a: Annihilape|Final Gambit|p1a: Dragonite
|-activate|p1a: Dragonite|move: Protect
|move|p2b: Dragonite|Scale Shot|p1b: Ursaluna
|-damage|p1b: Ursaluna|89/100
|-damage|p1b: Ursaluna|76/100
|-damage|p1b: Ursaluna|63/100
|-damage|p1b: Ursaluna|51/100
|-hitcount|p1b: Ursaluna|4
|-unboost|p2b: Dragonite|def|1
|-boost|p2b: Dragonite|spe|1
|move|p1b: Ursaluna|Headlong Rush|p2a: Annihilape
|-damage|p2a: Annihilape|19/100
|-unboost|p1b: Ursaluna|def|1
|-unboost|p1b: Ursaluna|spd|1
|
|-status|p1b: Ursaluna|brn|[from] item: Flame Orb
|upkeep
|turn|2
|inactive|DareDevilSweeper has 30 seconds left.
|
|t:|1756407546
|-terastallize|p1a: Dragonite|Fairy
|move|p2b: Dragonite|Encore|p1a: Dragonite
|-start|p1a: Dragonite|Encore
|move|p2a: Annihilape|Close Combat|p1b: Ursaluna
|-supereffective|p1b: Ursaluna
|-damage|p1b: Ursaluna|0 fnt
|-unboost|p2a: Annihilape|def|1
|-unboost|p2a: Annihilape|spd|1
|faint|p1b: Ursaluna
|-damage|p2a: Annihilape|10/100|[from] item: Life Orb
|move|p1a: Dragonite|Protect||[still]
|-fail|p1a: Dragonite
|
|upkeep
|
|t:|1756407551
|switch|p1b: Pelipper|Pelipper, L50, F|100/100
|-weather|RainDance|[from] ability: Drizzle|[of] p1b: Pelipper
|turn|3
|
|t:|1756407564
|switch|p1a: Archaludon|Archaludon, L50, M|100/100
|move|p2b: Dragonite|Scale Shot|p1b: Pelipper
|-damage|p1b: Pelipper|82/100
|-damage|p1b: Pelipper|64/100
|-damage|p1b: Pelipper|45/100
|-damage|p1b: Pelipper|25/100
|-hitcount|p1b: Pelipper|4
|-unboost|p2b: Dragonite|def|1
|-boost|p2b: Dragonite|spe|1
|move|p2a: Annihilape|Rage Fist|p1b: Pelipper
|-damage|p1b: Pelipper|0 fnt
|faint|p1b: Pelipper
|-damage|p2a: Annihilape|0 fnt|[from] item: Life Orb
|faint|p2a: Annihilape
|
|-weather|RainDance|[upkeep]
|upkeep
|
|t:|1756407575
|switch|p2a: Ursaluna|Ursaluna-Bloodmoon, L50, M|100/100
|switch|p1b: Dragonite|Dragonite, L50, M, tera:Fairy|100/100
|turn|4
|
|t:|1756407599
|move|p2b: Dragonite|Tailwind|p2b: Dragonite
|-sidestart|p2: DareDevilSweeper|move: Tailwind
|move|p2a: Ursaluna|Earth Power|p1a: Archaludon
|-supereffective|p1a: Archaludon
|-damage|p1a: Archaludon|36/100
|-ability|p1a: Archaludon|Stamina|boost
|-boost|p1a: Archaludon|def|1
|move|p1b: Dragonite|Scale Shot|p2a: Ursaluna
|-damage|p2a: Ursaluna|89/100
|-damage|p2a: Ursaluna|78/100
|-damage|p2a: Ursaluna|68/100
|-damage|p2a: Ursaluna|56/100
|-damage|p2a: Ursaluna|45/100
|-hitcount|p2a: Ursaluna|5
|-unboost|p1b: Dragonite|def|1
|-boost|p1b: Dragonite|spe|1
|move|p1a: Archaludon|Body Press|p2a: Ursaluna
|-supereffective|p2a: Ursaluna
|-damage|p2a: Ursaluna|0 fnt
|faint|p2a: Ursaluna
|
|-weather|RainDance|[upkeep]
|upkeep
|
|t:|1756407616
|switch|p2a: Ninetales|Ninetales-Alola, L50, F|100/100
|-weather|Snowscape|[from] ability: Snow Warning|[of] p2a: Ninetales
|turn|5
|inactive|DareDevilSweeper has 30 seconds left.
|
|t:|1756407645
|-terastallize|p2b: Dragonite|Steel
|move|p2b: Dragonite|Scale Shot|p1a: Archaludon
|-damage|p1a: Archaludon|29/100
|-ability|p1a: Archaludon|Stamina|boost
|-boost|p1a: Archaludon|def|1
|-damage|p1a: Archaludon|24/100
|-ability|p1a: Archaludon|Stamina|boost
|-boost|p1a: Archaludon|def|1
|-damage|p1a: Archaludon|21/100
|-ability|p1a: Archaludon|Stamina|boost
|-boost|p1a: Archaludon|def|1
|-damage|p1a: Archaludon|17/100
|-ability|p1a: Archaludon|Stamina|boost
|-boost|p1a: Archaludon|def|1
|-damage|p1a: Archaludon|14/100
|-ability|p1a: Archaludon|Stamina|boost
|-boost|p1a: Archaludon|def|1
|-hitcount|p1a: Archaludon|5
|-unboost|p2b: Dragonite|def|1
|-boost|p2b: Dragonite|spe|1
|move|p2a: Ninetales|Moonblast|p1a: Archaludon
|-damage|p1a: Archaludon|0 fnt
|faint|p1a: Archaludon
|move|p1b: Dragonite|Scale Shot|p2b: Dragonite
|-resisted|p2b: Dragonite
|-damage|p2b: Dragonite|91/100
|-resisted|p2b: Dragonite
|-damage|p2b: Dragonite|71/100
|-resisted|p2b: Dragonite
|-damage|p2b: Dragonite|53/100
|-resisted|p2b: Dragonite
|-damage|p2b: Dragonite|34/100
|-resisted|p2b: Dragonite
|-crit|p2b: Dragonite
|-damage|p2b: Dragonite|6/100
|-hitcount|p2b: Dragonite|5
|-unboost|p1b: Dragonite|def|1
|-boost|p1b: Dragonite|spe|1
|
|-weather|Snowscape|[upkeep]
|upkeep
|turn|6
|-message|Shanks Left Arm forfeited.
|
|win|DareDevilSweeper
|l|☆Shanks Left Arm
|player|p1|
||DareDevilSweeper is ready for game 3.
||Shanks Left Arm is ready for game 3.
|uhtml|next|Next: Game 3 of 3
|l|☆DareDevilSweeper
|player|p2|
|j|☆Shanks Left Arm
|player|p1|Shanks Left Arm|102|
