|j|☆pcadaval
|j|☆chefbenboyrd
|html|pcadavalchefbenboyrd    
|uhtml|bestof|Game 3 of a best-of-3
|t:|1757124615
|gametype|doubles
|player|p1|pcadaval|gambler|1132
|player|p2|chefbenboyrd|brawly|1172
|gen|9
|tier|[Gen 9] VGC 2025 Reg H (Bo3)
|rated|
|rule|Species Clause: Limit one of each Pokémon
|rule|Item Clause: Limit 1 of each item
|clearpoke
|poke|p1|Incineroar, L50, F|
|poke|p1|Gholdengo, L50|
|poke|p1|Amoonguss, L50, M|
|poke|p1|Hydreigon, L50, F|
|poke|p1|Sneasler, L50, M|
|poke|p1|Ursaluna-Bloodmoon, L50, M|
|poke|p2|Whimsicott, L50, F|
|poke|p2|Hydreigon, L50, F|
|poke|p2|Incineroar, L50, F|
|poke|p2|Gholdengo, L50|
|poke|p2|Basculegion, L50, M|
|poke|p2|Dragonite, L50, F|
|teampreview|4
|showteam|p1|Incineroar||SafetyGoggles|Intimidate|PartingShot,FlareBlitz,KnockOff,FakeOut|||F|||50|,,,,,Grass]Gholdengo||Leftovers|GoodasGold|NastyPlot,ShadowBall,Protect,MakeItRain||||||50|,,,,,Fairy]Amoonguss||SitrusBerry|Regenerator|Spore,PollenPuff,Protect,RagePowder|||M|||50|,,,,,Water]Hydreigon||CovertCloak|Levitate|DracoMeteor,Snarl,Protect,Tailwind|||F|||50|,,,,,Ghost]Sneasler||WhiteHerb|Unburden|CloseCombat,DireClaw,Protect,FakeOut|||M|||50|,,,,,Stellar]Ursaluna-Bloodmoon||AssaultVest|MindsEye|BloodMoon,VacuumWave,HyperVoice,EarthPower|||M|||50|,,,,,Normal
|showteam|p2|Whimsicott||FocusSash|Prankster|SunnyDay,Encore,Tailwind,Moonblast|||F|||50|,,,,,Ghost]Hydreigon||ChoiceSpecs|Levitate|HeatWave,DracoMeteor,Snarl,DarkPulse|||F|||50|,,,,,Fire]Incineroar||SafetyGoggles|Intimidate|KnockOff,FakeOut,PartingShot,FlareBlitz|||F|||50|,,,,,Ghost]Gholdengo||LifeOrb|GoodasGold|Protect,MakeItRain,ShadowBall,NastyPlot||||||50|,,,,,Water]Basculegion||ChoiceScarf|Adaptability|LastRespects,WaveCrash,AquaJet,FlipTurn|||M|||50|,,,,,Water]Dragonite||LoadedDice|Multiscale|ScaleShot,Protect,ExtremeSpeed,Haze|||F|||50|,,,,,Fairy
|inactive|Battle timer is ON: inactive players will automatically lose when time's up. (requested by pcadaval)
|
|t:|1757124656
|teamsize|p1|4
|teamsize|p2|4
|start
|switch|p1a: Incineroar|Incineroar, L50, F|100/100
|switch|p1b: Gholdengo|Gholdengo, L50|100/100
|switch|p2a: Incineroar|Incineroar, L50, F|100/100
|switch|p2b: Dragonite|Dragonite, L50, F|100/100
|-ability|p2a: Incineroar|Intimidate|boost
|-unboost|p1a: Incineroar|atk|1
|-unboost|p1b: Gholdengo|atk|1
|-ability|p1a: Incineroar|Intimidate|boost
|-unboost|p2a: Incineroar|atk|1
|-unboost|p2b: Dragonite|atk|1
|turn|1
|inactive|pcadaval has 30 seconds left.
|
|t:|1757124689
|move|p2b: Dragonite|Protect|p2b: Dragonite
|-singleturn|p2b: Dragonite|Protect
|move|p1a: Incineroar|Fake Out|p2a: Incineroar
|-damage|p2a: Incineroar|93/100
|move|p1b: Gholdengo|Make It Rain|p2a: Incineroar|[spread] p2a
|-activate|p2b: Dragonite|move: Protect
|-resisted|p2a: Incineroar
|-damage|p2a: Incineroar|72/100
|-unboost|p1b: Gholdengo|spa|1
|cant|p2a: Incineroar|flinch
|
|upkeep
|turn|2
|inactive|chefbenboyrd has 30 seconds left.
|
|t:|1757124716
|move|p1b: Gholdengo|Protect|p1b: Gholdengo
|-singleturn|p1b: Gholdengo|Protect
|move|p2b: Dragonite|Scale Shot|p1a: Incineroar
|-damage|p1a: Incineroar|94/100
|-damage|p1a: Incineroar|87/100
|-damage|p1a: Incineroar|79/100
|-damage|p1a: Incineroar|72/100
|-damage|p1a: Incineroar|64/100
|-hitcount|p1a: Incineroar|5
|-unboost|p2b: Dragonite|def|1
|-boost|p2b: Dragonite|spe|1
|move|p2a: Incineroar|Flare Blitz|p1b: Gholdengo
|-activate|p1b: Gholdengo|move: Protect
|move|p1a: Incineroar|Parting Shot|p2b: Dragonite
|-unboost|p2b: Dragonite|atk|1
|-unboost|p2b: Dragonite|spa|1
|inactive|pcadaval has 30 seconds left.
|
|t:|1757124744
|switch|p1a: Sneasler|Sneasler, L50, M|100/100|[from] Parting Shot
|
|upkeep
|turn|3
|
|t:|1757124763
|-terastallize|p2a: Incineroar|Ghost
|move|p2b: Dragonite|Protect|p2b: Dragonite
|-singleturn|p2b: Dragonite|Protect
|move|p1a: Sneasler|Fake Out|p2a: Incineroar
|-immune|p2a: Incineroar
|move|p1b: Gholdengo|Nasty Plot|p1b: Gholdengo
|-boost|p1b: Gholdengo|spa|2
|move|p2a: Incineroar|Parting Shot|p1a: Sneasler
|-unboost|p1a: Sneasler|atk|1
|-unboost|p1a: Sneasler|spa|1
|-enditem|p1a: Sneasler|White Herb
|-clearnegativeboost|p1a: Sneasler|[silent]
|
|t:|1757124781
|switch|p2a: Hydreigon|Hydreigon, L50, F|100/100|[from] Parting Shot
|
|upkeep
|turn|4
|
|t:|1757124798
|switch|p2b: Incineroar|Incineroar, L50, F, tera:Ghost|72/100
|-ability|p2b: Incineroar|Intimidate|boost
|-unboost|p1a: Sneasler|atk|1
|-unboost|p1b: Gholdengo|atk|1
|move|p1a: Sneasler|Close Combat|p2a: Hydreigon
|-supereffective|p2a: Hydreigon
|-damage|p2a: Hydreigon|4/100
|-unboost|p1a: Sneasler|def|1
|-unboost|p1a: Sneasler|spd|1
|move|p2a: Hydreigon|Heat Wave|p1b: Gholdengo|[spread] p1a,p1b
|-supereffective|p1b: Gholdengo
|-damage|p1a: Sneasler|26/100
|-damage|p1b: Gholdengo|18/100
|move|p1b: Gholdengo|Make It Rain|p2b: Incineroar|[spread] p2a,p2b
|-damage|p2a: Hydreigon|0 fnt
|-damage|p2b: Incineroar|10/100
|-unboost|p1b: Gholdengo|spa|1
|faint|p2a: Hydreigon
|
|-heal|p1b: Gholdengo|24/100|[from] item: Leftovers
|upkeep
|
|t:|1757124821
|switch|p2a: Gholdengo|Gholdengo, L50|100/100
|turn|5
|inactive|pcadaval has 30 seconds left.
|inactive|pcadaval has 20 seconds left.
|
|t:|1757124858
|move|p2b: Incineroar|Fake Out|p1a: Sneasler
|-damage|p1a: Sneasler|1/100
|cant|p1a: Sneasler|flinch
|move|p2a: Gholdengo|Make It Rain|p1b: Gholdengo|[spread] p1a,p1b
|-resisted|p1b: Gholdengo
|-damage|p1a: Sneasler|0 fnt
|-damage|p1b: Gholdengo|0 fnt
|-unboost|p2a: Gholdengo|spa|1
|faint|p1a: Sneasler
|faint|p1b: Gholdengo
|-damage|p2a: Gholdengo|91/100|[from] item: Life Orb
|
|upkeep
|c|☆chefbenboyrd|what evs on dengo? u can tell me after
|
|t:|1757124859
|switch|p1a: Hydreigon|Hydreigon, L50, F|100/100
|switch|p1b: Incineroar|Incineroar, L50, F|64/100
|-ability|p1b: Incineroar|Intimidate|boost
|-unboost|p2a: Gholdengo|atk|1
|-unboost|p2b: Incineroar|atk|1
|turn|6
|
|t:|1757124881
|switch|p2b: Dragonite|Dragonite, L50, F|100/100
|move|p2a: Gholdengo|Protect|p2a: Gholdengo
|-singleturn|p2a: Gholdengo|Protect
|move|p1a: Hydreigon|Tailwind|p1a: Hydreigon
|-sidestart|p1: pcadaval|move: Tailwind
|move|p1b: Incineroar|Knock Off|p2b: Dragonite
|-damage|p2b: Dragonite|81/100
|-enditem|p2b: Dragonite|Loaded Dice|[from] move: Knock Off|[of] p1b: Incineroar
|
|upkeep
|turn|7
|inactive|pcadaval has 30 seconds left.
|
|t:|1757124908
|switch|p2a: Incineroar|Incineroar, L50, F, tera:Ghost|10/100
|-ability|p2a: Incineroar|Intimidate|boost
|-unboost|p1a: Hydreigon|atk|1
|-unboost|p1b: Incineroar|atk|1
|-terastallize|p1a: Hydreigon|Ghost
|move|p2b: Dragonite|Protect|p2b: Dragonite
|-singleturn|p2b: Dragonite|Protect
|move|p1a: Hydreigon|Snarl|p2b: Dragonite|[spread] p2a
|-activate|p2b: Dragonite|move: Protect
|-supereffective|p2a: Incineroar
|-damage|p2a: Incineroar|0 fnt
|faint|p2a: Incineroar
|move|p1b: Incineroar|Knock Off|p2b: Dragonite
|-activate|p2b: Dragonite|move: Protect
|
|upkeep
|
|t:|1757124921
|switch|p2a: Gholdengo|Gholdengo, L50|91/100
|turn|8
|inactive|pcadaval has 30 seconds left.
|
|t:|1757124946
|move|p2b: Dragonite|Extreme Speed|p1b: Incineroar
|-damage|p1b: Incineroar|44/100
|move|p1a: Hydreigon|Snarl|p2a: Gholdengo|[spread] p2a
|-miss|p1a: Hydreigon|p2b: Dragonite
|-supereffective|p2a: Gholdengo
|-damage|p2a: Gholdengo|54/100
|-unboost|p2a: Gholdengo|spa|1
|move|p1b: Incineroar|Flare Blitz|p2a: Gholdengo
|-supereffective|p2a: Gholdengo
|-damage|p2a: Gholdengo|0 fnt
|faint|p2a: Gholdengo
|-damage|p1b: Incineroar|28/100|[from] Recoil
|
|upkeep
|turn|9
|
|t:|1757124960
|move|p2b: Dragonite|Protect|p2b: Dragonite
|-singleturn|p2b: Dragonite|Protect
|move|p1a: Hydreigon|Draco Meteor|p2b: Dragonite
|-activate|p2b: Dragonite|move: Protect
|move|p1b: Incineroar|Knock Off|p2b: Dragonite
|-activate|p2b: Dragonite|move: Protect
|
|-sideend|p1: pcadaval|move: Tailwind
|upkeep
|turn|10
|
|t:|1757124969
|move|p1a: Hydreigon|Draco Meteor|p2b: Dragonite
|-supereffective|p2b: Dragonite
|-damage|p2b: Dragonite|0 fnt
|-unboost|p1a: Hydreigon|spa|2
|faint|p2b: Dragonite
|
|win|pcadaval
|raw|pcadaval's rating: 1132 → 1160(+28 for winning)
|raw|chefbenboyrd's rating: 1172 → 1144(-28 for losing)
|c|☆chefbenboyrd|gg
