|j|☆psclVGC
|j|☆void25o
|html|psclVGCvoid25o    
|uhtml|bestof|Game 1 of a best-of-3
|t:|1757673656
|gametype|doubles
|player|p1|psclVGC|caitlin|1324
|player|p2|void25o|miku-ghost|1354
|gen|9
|tier|[Gen 9] VGC 2025 Reg H (Bo3)
|rated|
|rule|Species Clause: Limit one of each Pokémon
|rule|Item Clause: Limit 1 of each item
|clearpoke
|poke|p1|Indeedee-F, L50, F|
|poke|p1|Ursaluna, L50, M|
|poke|p1|Torkoal, L50, M|
|poke|p1|Hatterene, L50, F|
|poke|p1|Maushold, L50|
|poke|p1|Gallade, L50, M|
|poke|p2|Volcarona, L50, M|
|poke|p2|Indeedee, L50, M|
|poke|p2|Sneasler, L50, M|
|poke|p2|Amoonguss, L50, M|
|poke|p2|Tyranitar, L50, F|
|poke|p2|Dragonite, L50, F|
|teampreview|4
|showteam|p1|Indeedee-F||SafetyGoggles|PsychicSurge|FollowMe,TrickRoom,HelpingHand,Psychic|||F|||50|,,,,,Water]Ursaluna||FlameOrb|Guts|Protect,Facade,Earthquake,HeadlongRush|||M|||50|,,,,,Ghost]Torkoal||Charcoal|Drought|Eruption,HeatWave,WeatherBall,Protect|||M|||50|,,,,,Fire]Hatterene||LifeOrb|MagicBounce|MysticalFire,TrickRoom,DazzlingGleam,ExpandingForce|||F|||50|,,,,,Fire]Maushold||WideLens|Technician|Protect,PopulationBomb,FollowMe,AfterYou||||||50|,,,,,Poison]Gallade||ClearAmulet|Sharpness|PsychoCut,TrickRoom,SacredSword,WideGuard|||M|||50|,,,,,Grass
|showteam|p2|Volcarona||SafetyGoggles|FlameBody|HeatWave,TeraBlast,QuiverDance,Protect|||M|||50|,,,,,Fairy]Indeedee||FocusSash|PsychicSurge|ExpandingForce,TeraBlast,Imprison,TrickRoom|||M|||50|,,,,,Psychic]Sneasler||PsychicSeed|Unburden|CloseCombat,DireClaw,ThroatChop,Protect|||M|||50|,,,,,Dark]Amoonguss||RockyHelmet|Regenerator|PollenPuff,Spore,RagePowder,Protect|||M|||50|,,,,,Fairy]Tyranitar||AssaultVest|SandStream|KnockOff,RockSlide,TeraBlast,LowKick|||F|||50|,,,,,Flying]Dragonite||LoadedDice|InnerFocus|ScaleShot,Haze,Tailwind,Protect|||F|||50|,,,,,Fairy
|inactive|Battle timer is ON: inactive players will automatically lose when time's up. (requested by void25o)
|inactive|void25o has 60 seconds left.
|inactive|void25o has 30 seconds left.
|inactive|void25o has 20 seconds left.
|inactive|void25o has 15 seconds left.
|inactive|void25o has 10 seconds left.
|inactive|void25o has 5 seconds left.
|
|t:|1757673747
|teamsize|p1|4
|teamsize|p2|4
|start
|switch|p1a: Indeedee|Indeedee-F, L50, F|100/100
|switch|p1b: Maushold|Maushold, L50|100/100
|switch|p2a: Shyarly|Indeedee, L50, M|100/100
|switch|p2b: Magellan|Sneasler, L50, M|100/100
|-fieldstart|move: Psychic Terrain|[from] ability: Psychic Surge|[of] p2a: Shyarly
|-enditem|p2b: Magellan|Psychic Seed
|-boost|p2b: Magellan|spd|1|[from] item: Psychic Seed
|turn|1
|
|t:|1757673763
|move|p2b: Magellan|Close Combat|p1a: Indeedee
|-damage|p1a: Indeedee|39/100
|-unboost|p2b: Magellan|def|1
|-unboost|p2b: Magellan|spd|1
|move|p1b: Maushold|Population Bomb|p2a: Shyarly
|-damage|p2a: Shyarly|75/100
|-damage|p2a: Shyarly|51/100
|-damage|p2a: Shyarly|28/100
|-damage|p2a: Shyarly|5/100
|-damage|p2a: Shyarly|0 fnt
|faint|p2a: Shyarly
|-hitcount|p2: Shyarly|5
|move|p1a: Indeedee|Trick Room|p1a: Indeedee
|-fieldstart|move: Trick Room|[of] p1a: Indeedee
|
|upkeep
|
|t:|1757673767
|switch|p2a: Amoonguss|Amoonguss, L50, M, shiny|100/100
|turn|2
|
|t:|1757673774
|-terastallize|p2b: Magellan|Dark
|move|p1a: Indeedee|Follow Me|p1a: Indeedee
|-singleturn|p1a: Indeedee|move: Follow Me
|move|p2a: Amoonguss|Spore|p1a: Indeedee
|-activate|p1a: Indeedee|item: Safety Goggles|Spore
|move|p1b: Maushold|Population Bomb|p2b: Magellan
|-damage|p2b: Magellan|71/100
|-damage|p2b: Magellan|39/100
|-damage|p2b: Magellan|8/100
|-damage|p2b: Magellan|0 fnt
|faint|p2b: Magellan
|-hitcount|p2: Magellan|4
|
|upkeep
|
|t:|1757673780
|switch|p2b: Tyranitar|Tyranitar, L50, F|100/100
|-weather|Sandstorm|[from] ability: Sand Stream|[of] p2b: Tyranitar
|turn|3
|
|t:|1757673787
|move|p2a: Amoonguss|Pollen Puff|p2b: Tyranitar
|move|p1a: Indeedee|Psychic|p2a: Amoonguss
|-supereffective|p2a: Amoonguss
|-damage|p2a: Amoonguss|37/100
|-unboost|p2a: Amoonguss|spd|1
|move|p2b: Tyranitar|Rock Slide|p1b: Maushold|[spread] p1a,p1b
|-damage|p1a: Indeedee|11/100
|-damage|p1b: Maushold|56/100
|move|p1b: Maushold|Population Bomb|p2b: Tyranitar
|-resisted|p2b: Tyranitar
|-damage|p2b: Tyranitar|95/100
|-resisted|p2b: Tyranitar
|-damage|p2b: Tyranitar|91/100
|-resisted|p2b: Tyranitar
|-damage|p2b: Tyranitar|86/100
|-resisted|p2b: Tyranitar
|-damage|p2b: Tyranitar|82/100
|-resisted|p2b: Tyranitar
|-damage|p2b: Tyranitar|77/100
|-resisted|p2b: Tyranitar
|-damage|p2b: Tyranitar|72/100
|-resisted|p2b: Tyranitar
|-damage|p2b: Tyranitar|68/100
|-resisted|p2b: Tyranitar
|-damage|p2b: Tyranitar|63/100
|-resisted|p2b: Tyranitar
|-damage|p2b: Tyranitar|59/100
|-resisted|p2b: Tyranitar
|-damage|p2b: Tyranitar|54/100
|-hitcount|p2b: Tyranitar|10
|
|-weather|Sandstorm|[upkeep]
|-damage|p2a: Amoonguss|31/100|[from] Sandstorm
|-damage|p1b: Maushold|50/100|[from] Sandstorm
|upkeep
|turn|4
|
|t:|1757673804
|switch|p1b: Ursaluna|Ursaluna, L50, M|100/100
|move|p1a: Indeedee|Follow Me|p1a: Indeedee
|-singleturn|p1a: Indeedee|move: Follow Me
|move|p2a: Amoonguss|Pollen Puff|p1a: Indeedee
|-supereffective|p1a: Indeedee
|-damage|p1a: Indeedee|0 fnt
|faint|p1a: Indeedee
|move|p2b: Tyranitar|Knock Off|p1b: Ursaluna
|-damage|p1b: Ursaluna|59/100
|-enditem|p1b: Ursaluna|Flame Orb|[from] move: Knock Off|[of] p2b: Tyranitar
|
|-weather|Sandstorm|[upkeep]
|-damage|p2a: Amoonguss|25/100|[from] Sandstorm
|upkeep
|
|t:|1757673813
|switch|p1a: Hatterene|Hatterene, L50, F|100/100
|turn|5
|
|t:|1757673819
|move|p1a: Hatterene|Expanding Force|p2a: Amoonguss|[spread] p2a
|-immune|p2b: Tyranitar
|-supereffective|p2a: Amoonguss
|-damage|p2a: Amoonguss|0 fnt
|faint|p2a: Amoonguss
|-damage|p1a: Hatterene|91/100|[from] item: Life Orb
|move|p1b: Ursaluna|Headlong Rush|p2b: Tyranitar
|-supereffective|p2b: Tyranitar
|-damage|p2b: Tyranitar|0 fnt
|-unboost|p1b: Ursaluna|def|1
|-unboost|p1b: Ursaluna|spd|1
|faint|p2b: Tyranitar
|
|win|psclVGC
||void25o is ready for game 2.
|inactive|psclVGC has 30 seconds to confirm battle start!
|l|☆psclVGC
|player|p1|
||psclVGC is ready for game 2.
|uhtml|next|Next: Game 2 of 3
|l|☆void25o
|player|p2|
