|j|☆testeoinsano
|j|☆rurik2
|html|testeoinsanorurik2    
|uhtml|bestof|Game 2 of a best-of-3
|t:|1783328609
|gametype|doubles
|player|p1|testeoinsano|101|1106
|player|p2|rurik2|hugh|1118
|gen|9
|tier|[Gen 9 Champions] VGC 2026 Reg M-B (Bo3)
|rated|
|rule|Species Clause: Limit one of each Pokémon
|rule|Item Clause: Limit 1 of each item
|clearpoke
|poke|p1|Dragalge, L50, M|
|poke|p1|Incineroar, L50, F|
|poke|p1|Sableye, L50, F|
|poke|p1|Sinistcha-Masterpiece, L50|
|poke|p1|Corviknight, L50, M|
|poke|p1|Falinks, L50|
|poke|p2|Farigiraf, L50, F|
|poke|p2|Gallade, L50, M|
|poke|p2|Torkoal, L50, F|
|poke|p2|Hatterene, L50, F|
|poke|p2|Blastoise, L50, M|
|poke|p2|Tinkaton, L50, F|
|teampreview|4
|showteam|p1|Dragalge||Dragalgite|PoisonPoint|Protect,Toxic,DracoMeteor,FlipTurn|Sassy||M|||50|]Incineroar||PasshoBerry|Intimidate|FakeOut,PartingShot,FlareBlitz,Snarl|Sassy||F|||50|]Sableye||RoseliBerry|Prankster|Reflect,LightScreen,SkillSwap,MeanLook|Bold||F|||50|]Sinistcha-Masterpiece||OccaBerry|Hospitality|RagePowder,MatchaGotcha,ShadowBall,TrickRoom|Calm|||||50|]Corviknight||Leftovers|MirrorArmor|IronDefense,BodyPress,Tailwind,Roost|Careful||M|||50|]Falinks||Falinksite|Defiant|Protect,NoRetreat,CloseCombat,RockTomb|Jolly|||||50|
|showteam|p2|Farigiraf||ColburBerry|ArmorTail|ExpandingForce,TrickRoom,PsychicTerrain,Protect|Sassy||F|||50|]Gallade||FocusSash|Sharpness|PsychoCut,SacredSword,TrickRoom,WideGuard|Brave||M|||50|]Torkoal||Charcoal|Drought|Eruption,WeatherBall,EarthPower,Protect|Quiet||F|||50|]Hatterene||LifeOrb|MagicBounce|DazzlingGleam,ExpandingForce,TrickRoom,Protect|Quiet||F|||50|]Blastoise||Blastoisinite|RainDish|FakeOut,DarkPulse,WaterSpout,AuraSphere|Quiet||M|||50|]Tinkaton||OccaBerry|MoldBreaker|FakeOut,GigatonHammer,KnockOff,Protect|Brave||F|||50|
|inactive|Battle timer is ON: inactive players will automatically lose when time's up. (requested by rurik2)
|
|t:|1783328616
|teamsize|p1|4
|teamsize|p2|4
|start
|switch|p1a: Incineroar|Incineroar, L50, F|100/100
|switch|p1b: Dragalge|Dragalge, L50, M|100/100
|switch|p2a: Farigiraf|Farigiraf, L50, F|100/100
|switch|p2b: Gallade|Gallade, L50, M|100/100
|-ability|p1a: Incineroar|Intimidate|boost
|-unboost|p2a: Farigiraf|atk|1
|-unboost|p2b: Gallade|atk|1
|turn|1
|
|t:|1783328634
|detailschange|p1b: Dragalge|Dragalge-Mega, L50, M
|-mega|p1b: Dragalge|Dragalge|Dragalgite
|move|p2b: Gallade|Sacred Sword|p1a: Incineroar
|-supereffective|p1a: Incineroar|1
|-damage|p1a: Incineroar|16/100
|move|p2a: Farigiraf|Psychic Terrain|p2a: Farigiraf
|-fieldstart|move: Psychic Terrain
|move|p1a: Incineroar|Parting Shot|p2b: Gallade
|-unboost|p2b: Gallade|atk|1
|-unboost|p2b: Gallade|spa|1
|
|t:|1783328642
|switch|p1a: Corviknight|Corviknight, L50, M|100/100|[from] Parting Shot
|move|p1b: Dragalge|Flip Turn|p2b: Gallade
|-damage|p2b: Gallade|84/100
|
|t:|1783328644
|switch|p1b: Incineroar|Incineroar, L50, F|16/100|[from] Flip Turn
|-ability|p1b: Incineroar|Intimidate|boost
|-unboost|p2a: Farigiraf|atk|1
|-unboost|p2b: Gallade|atk|1
|
|upkeep
|turn|2
|
|t:|1783328661
|switch|p1b: Dragalge|Dragalge-Mega, L50, M|100/100
|move|p1a: Corviknight|Iron Defense|p1a: Corviknight
|-boost|p1a: Corviknight|def|2
|move|p2b: Gallade|Sacred Sword|p1b: Dragalge
|-resisted|p1b: Dragalge|1
|-damage|p1b: Dragalge|87/100
|move|p2a: Farigiraf|Trick Room|p2a: Farigiraf
|-fieldstart|move: Trick Room|[of] p2a: Farigiraf
|
|upkeep
|turn|3
|
|t:|1783328677
|move|p1b: Dragalge|Draco Meteor|p2b: Gallade
|-damage|p2b: Gallade|32/100
|-unboost|p1b: Dragalge|spa|2
|move|p2a: Farigiraf|Expanding Force|p1b: Dragalge|[spread] p1a,p1b
|-resisted|p1a: Corviknight|1
|-supereffective|p1b: Dragalge|1
|-damage|p1a: Corviknight|83/100
|-damage|p1b: Dragalge|38/100
|move|p2b: Gallade|Sacred Sword|p1b: Dragalge
|-resisted|p1b: Dragalge|1
|-damage|p1b: Dragalge|26/100
|move|p1a: Corviknight|Body Press|p2b: Gallade
|-resisted|p2b: Gallade|1
|-damage|p2b: Gallade|7/100
|
|-heal|p1a: Corviknight|89/100|[from] item: Leftovers
|upkeep
|turn|4
|
|t:|1783328699
|switch|p2a: Torkoal|Torkoal, L50, F|100/100
|-weather|SunnyDay|[from] ability: Drought|[of] p2a: Torkoal
|move|p1b: Dragalge|Flip Turn|p2b: Gallade
|-damage|p2b: Gallade|0 fnt
|faint|p2b: Gallade
|
|t:|1783328709
|-heal|p1b: Dragalge|59/100|[from] ability: Regenerator|[silent]
|switch|p1b: Incineroar|Incineroar, L50, F|16/100|[from] Flip Turn
|-ability|p1b: Incineroar|Intimidate|boost
|-unboost|p2a: Torkoal|atk|1
|move|p1a: Corviknight|Body Press|p2a: Torkoal
|-damage|p2a: Torkoal|68/100
|
|-weather|SunnyDay|[upkeep]
|-heal|p1a: Corviknight|95/100|[from] item: Leftovers
|upkeep
|
|t:|1783328725
|switch|p2b: Farigiraf|Farigiraf, L50, F|100/100
|turn|5
|
|t:|1783328733
|switch|p1a: Sinistcha|Sinistcha-Masterpiece, L50|100/100
|-heal|p1b: Incineroar|41/100|[from] ability: Hospitality|[of] p1a: Sinistcha
|move|p2a: Torkoal|Eruption|p1a: Sinistcha|[spread] p1a,p1b
|-supereffective|p1a: Sinistcha|1
|-enditem|p1a: Sinistcha|Occa Berry|[eat]
|-enditem|p1a: Sinistcha|Occa Berry|[weaken]
|-resisted|p1b: Incineroar|1
|-damage|p1a: Sinistcha|39/100
|-damage|p1b: Incineroar|18/100
|move|p2b: Farigiraf|Expanding Force|p1a: Sinistcha|[spread] p1a
|-immune|p1b: Incineroar
|-damage|p1a: Sinistcha|1/100
|move|p1b: Incineroar|Snarl|p2a: Torkoal|[spread] p2a,p2b
|-supereffective|p2b: Farigiraf|1
|-enditem|p2b: Farigiraf|Colbur Berry|[eat]
|-enditem|p2b: Farigiraf|Colbur Berry|[weaken]
|-damage|p2a: Torkoal|53/100
|-damage|p2b: Farigiraf|90/100
|-unboost|p2a: Torkoal|spa|1
|-unboost|p2b: Farigiraf|spa|1
|
|-weather|SunnyDay|[upkeep]
|-fieldend|move: Psychic Terrain
|upkeep
|turn|6
|inactive|rurik2 has 30 seconds left.
|
|t:|1783328761
|switch|p2a: Hatterene|Hatterene, L50, F|100/100
|switch|p1a: Dragalge|Dragalge-Mega, L50, M|59/100
|move|p2b: Farigiraf|Psychic Terrain|p2b: Farigiraf
|-fieldstart|move: Psychic Terrain
|move|p1b: Incineroar|Snarl|p2a: Hatterene|[spread] p2a,p2b
|-supereffective|p2b: Farigiraf|1
|-damage|p2a: Hatterene|87/100
|-damage|p2b: Farigiraf|74/100
|-unboost|p2a: Hatterene|spa|1
|-unboost|p2b: Farigiraf|spa|1
|
|-weather|SunnyDay|[upkeep]
|-fieldend|move: Trick Room
|upkeep
|turn|7
|
|t:|1783328781
|move|p2a: Hatterene|Protect|p2a: Hatterene
|-singleturn|p2a: Hatterene|Protect
|move|p1b: Incineroar|Parting Shot|p2a: Hatterene
|-activate|p2a: Hatterene|move: Protect
|move|p1a: Dragalge|Draco Meteor|p2a: Hatterene
|-activate|p2a: Hatterene|move: Protect
|move|p2b: Farigiraf|Trick Room|p2b: Farigiraf
|-fieldstart|move: Trick Room|[of] p2b: Farigiraf
|
|-weather|SunnyDay|[upkeep]
|upkeep
|turn|8
|
|t:|1783328801
|switch|p1b: Sinistcha|Sinistcha-Masterpiece, L50|1/100
|-heal|p1a: Dragalge|84/100|[from] ability: Hospitality|[of] p1b: Sinistcha
|move|p2a: Hatterene|Dazzling Gleam|p1a: Dragalge|[spread] p1a,p1b
|-damage|p1a: Dragalge|64/100
|-damage|p1b: Sinistcha|0 fnt
|faint|p1b: Sinistcha
|-damage|p2a: Hatterene|77/100|[from] item: Life Orb
|move|p1a: Dragalge|Draco Meteor|p2b: Farigiraf|[miss]
|-miss|p1a: Dragalge|p2b: Farigiraf
|move|p2b: Farigiraf|Expanding Force|p1a: Dragalge
|-supereffective|p1a: Dragalge|1
|-damage|p1a: Dragalge|26/100
|
|-weather|none
|upkeep
|
|t:|1783328811
|switch|p1b: Corviknight|Corviknight, L50, M|95/100
|turn|9
|
|t:|1783328821
|-heal|p1a: Dragalge|59/100|[from] ability: Regenerator|[silent]
|switch|p1a: Incineroar|Incineroar, L50, F|18/100
|-ability|p1a: Incineroar|Intimidate|boost
|-unboost|p2a: Hatterene|atk|1
|-unboost|p2b: Farigiraf|atk|1
|switch|p2b: Torkoal|Torkoal, L50, F|53/100
|-weather|SunnyDay|[from] ability: Drought|[of] p2b: Torkoal
|move|p2a: Hatterene|Protect|p2a: Hatterene
|-singleturn|p2a: Hatterene|Protect
|move|p1b: Corviknight|Iron Defense|p1b: Corviknight
|-boost|p1b: Corviknight|def|2
|
|-weather|SunnyDay|[upkeep]
|-heal|p1b: Corviknight|100/100|[from] item: Leftovers
|upkeep
|turn|10
|
|t:|1783328844
|switch|p1b: Dragalge|Dragalge-Mega, L50, M|59/100
|move|p2b: Torkoal|Weather Ball|p1b: Dragalge
|-resisted|p1b: Dragalge|1
|-damage|p1b: Dragalge|33/100
|move|p2a: Hatterene|Dazzling Gleam|p1b: Dragalge|[spread] p1a,p1b
|-damage|p1a: Incineroar|0 fnt
|-damage|p1b: Dragalge|12/100
|faint|p1a: Incineroar
|-damage|p2a: Hatterene|67/100|[from] item: Life Orb
|
|-weather|SunnyDay|[upkeep]
|-fieldend|move: Psychic Terrain
|upkeep
|
|t:|1783328852
|switch|p1a: Corviknight|Corviknight, L50, M|100/100
|turn|11
|
|t:|1783328868
|move|p1b: Dragalge|Protect|p1b: Dragalge
|-singleturn|p1b: Dragalge|Protect
|move|p2b: Torkoal|Weather Ball|p1a: Corviknight
|-supereffective|p1a: Corviknight|1
|-damage|p1a: Corviknight|0 fnt
|faint|p1a: Corviknight
|move|p2a: Hatterene|Dazzling Gleam|p1b: Dragalge
|-activate|p1b: Dragalge|move: Protect
|
|-weather|SunnyDay|[upkeep]
|-fieldend|move: Trick Room
|upkeep
|turn|12
|-message|testeoinsano forfeited.
|
|win|rurik2
|l|☆testeoinsano
|player|p1|
||testeoinsano is ready for game 3.
||testeoinsano is ready for game 3.
|inactive|rurik2 has 30 seconds to confirm battle start!
||rurik2 is ready for game 3.
|uhtml|next|Next: Game 3 of 3
