|j|☆RagCheese
|j|☆Kyooby
|html|RagCheeseKyooby    
|uhtml|bestof|Game 2 of a best-of-3
|t:|1757803810
|gametype|doubles
|player|p1|RagCheese|bellelba|1077
|player|p2|Kyooby|volkner|1149
|gen|9
|tier|[Gen 9] VGC 2025 Reg H (Bo3)
|rated|
|rule|Species Clause: Limit one of each Pokémon
|rule|Item Clause: Limit 1 of each item
|clearpoke
|poke|p1|Tyranitar, L50, F|
|poke|p1|Gholdengo, L50|
|poke|p1|Salamence, L50, F|
|poke|p1|Gallade, L50, M|
|poke|p1|Whimsicott, L50, M|
|poke|p1|Clefairy, L50, M|
|poke|p2|Pelipper, L50, M|
|poke|p2|Archaludon, L50, F|
|poke|p2|Comfey, L50, F|
|poke|p2|Kingdra, L50, M|
|poke|p2|Weezing-Galar, L50, F|
|poke|p2|Toedscruel, L50, F|
|teampreview|4
|showteam|p1|Tyranitar||ClearAmulet|SandStream|Protect,DragonDance,KnockOff,RockSlide|||F|||50|,,,,,Ghost]Gholdengo||AirBalloon|GoodasGold|Protect,NastyPlot,MakeItRain,ShadowBall||||||50|,,,,,Ghost]Salamence||SitrusBerry|Intimidate|DualWingbeat,Earthquake,Tailwind,DracoMeteor|||F|||50|,,,,,Ground]Gallade||ChoiceScarf|Sharpness|SacredSword,IcyWind,RockSlide,Trick|||M|||50|,,,,,Grass]Whimsicott||CovertCloak|Prankster|LightScreen,Tailwind,Moonblast,Encore|||M|||50|,,,,,Dark]Clefairy||Eviolite|FriendGuard|FollowMe,AfterYou,HelpingHand,Protect|||M|||50|,,,,,Fairy
|showteam|p2|Pelipper||ChoiceScarf|Drizzle|WeatherBall,Hurricane,Uturn,Tailwind|||M|||50|,,,,,Ghost]Archaludon||AssaultVest|Stamina|ElectroShot,FlashCannon,BodyPress,Snarl|||F|||50|,,,,,Grass]Comfey||SafetyGoggles|Triage|DrainingKiss,FloralHealing,LightScreen,Protect|||F|||50|,,,,,Steel]Kingdra||LifeOrb|SwiftSwim|WeatherBall,DracoMeteor,Surf,Protect|||M|||50|,,,,,Steel]Weezing-Galar||SitrusBerry|NeutralizingGas|SludgeBomb,DazzlingGleam,Taunt,Protect|||F|||50|,,,,,Ghost]Toedscruel||CovertCloak|MyceliumMight|EarthPower,BulletSeed,Spore,Protect|||F|||50|,,,,,Water
|inactive|Battle timer is ON: inactive players will automatically lose when time's up. (requested by Kyooby)
|inactive|RagCheese has 60 seconds left.
|inactive|Kyooby has 60 seconds left.
|inactive|RagCheese has 30 seconds left.
|inactive|RagCheese has 20 seconds left.
|inactive|RagCheese has 15 seconds left.
|inactive|RagCheese has 10 seconds left.
|inactive|RagCheese has 5 seconds left.
|
|t:|1757803899
|teamsize|p1|4
|teamsize|p2|4
|start
|switch|p1a: Gholdengo|Gholdengo, L50|100/100
|switch|p1b: Gallade|Gallade, L50, M|100/100
|switch|p2a: Kingdra|Kingdra, L50, M, shiny|100/100
|switch|p2b: Archaludon|Archaludon, L50, F|100/100
|-item|p1a: Gholdengo|Air Balloon
|turn|1
|inactive|RagCheese has 30 seconds left.
|inactive|Kyooby has 30 seconds left.
|inactive|RagCheese has 20 seconds left.
|inactive|Kyooby has 20 seconds left.
|inactive|RagCheese has 15 seconds left.
|
|t:|1757803939
|switch|p2b: Pelipper|Pelipper, L50, M|100/100
|-weather|RainDance|[from] ability: Drizzle|[of] p2b: Pelipper
|move|p1a: Gholdengo|Protect|p1a: Gholdengo
|-singleturn|p1a: Gholdengo|Protect
|move|p2a: Kingdra|Weather Ball|p1a: Gholdengo
|-activate|p1a: Gholdengo|move: Protect
|move|p1b: Gallade|Trick|p2b: Pelipper
|-activate|p1b: Gallade|move: Trick|[of] p2b: Pelipper
|-item|p2b: Pelipper|Choice Scarf|[from] move: Trick
|-item|p1b: Gallade|Choice Scarf|[from] move: Trick
|
|-weather|RainDance|[upkeep]
|upkeep
|turn|2
|c|☆RagCheese|lol
|inactive|RagCheese has 30 seconds left.
|inactive|Kyooby has 30 seconds left.
|inactive|RagCheese has 20 seconds left.
|inactive|Kyooby has 20 seconds left.
|inactive|RagCheese has 15 seconds left.
|inactive|Kyooby has 15 seconds left.
|inactive|RagCheese has 10 seconds left.
|inactive|Kyooby has 10 seconds left.
|inactive|RagCheese has 5 seconds left.
|inactive|Kyooby has 5 seconds left.
|
|t:|1757803993
|switch|p2a: Archaludon|Archaludon, L50, F|100/100
|switch|p1a: Tyranitar|Tyranitar, L50, F|100/100
|-weather|Sandstorm|[from] ability: Sand Stream|[of] p1a: Tyranitar
|move|p1b: Gallade|Rock Slide|p2b: Pelipper|[spread] p2b
|-miss|p1b: Gallade|p2a: Archaludon
|-supereffective|p2b: Pelipper
|-damage|p2b: Pelipper|59/100
|move|p2b: Pelipper|U-turn|p1b: Gallade
|-damage|p1b: Gallade|88/100
|
|t:|1757804008
|switch|p2b: Kingdra|Kingdra, L50, M, shiny|100/100|[from] U-turn
|
|-weather|Sandstorm|[upkeep]
|-damage|p1b: Gallade|82/100|[from] Sandstorm
|-damage|p2b: Kingdra|95/100|[from] Sandstorm
|upkeep
|turn|3
|inactive|RagCheese has 30 seconds left.
|inactive|Kyooby has 30 seconds left.
|
|t:|1757804042
|switch|p2a: Pelipper|Pelipper, L50, M|59/100
|-weather|RainDance|[from] ability: Drizzle|[of] p2a: Pelipper
|move|p2b: Kingdra|Weather Ball|p1b: Gallade
|-damage|p1b: Gallade|0 fnt
|faint|p1b: Gallade
|-damage|p2b: Kingdra|85/100|[from] item: Life Orb
|move|p1a: Tyranitar|Dragon Dance|p1a: Tyranitar
|-boost|p1a: Tyranitar|atk|1
|-boost|p1a: Tyranitar|spe|1
|
|-weather|RainDance|[upkeep]
|upkeep
|
|t:|1757804054
|switch|p1b: Whimsicott|Whimsicott, L50, M|100/100
|turn|4
|inactive|Kyooby has 30 seconds left.
|
|t:|1757804083
|switch|p2a: Archaludon|Archaludon, L50, F|100/100
|-terastallize|p1a: Tyranitar|Ghost
|move|p1b: Whimsicott|Tailwind|p1b: Whimsicott
|-sidestart|p1: RagCheese|move: Tailwind
|move|p1a: Tyranitar|Rock Slide|p2a: Archaludon|[spread] p2a,p2b
|-resisted|p2a: Archaludon
|-damage|p2a: Archaludon|84/100
|-damage|p2b: Kingdra|34/100
|-ability|p2a: Archaludon|Stamina|boost
|-boost|p2a: Archaludon|def|1
|cant|p2b: Kingdra|flinch
|
|-weather|RainDance|[upkeep]
|upkeep
|turn|5
|inactive|Kyooby has 30 seconds left.
|inactive|Kyooby has 20 seconds left.
|inactive|Kyooby has 15 seconds left.
|inactive|Kyooby has 10 seconds left.
|inactive|Kyooby has 5 seconds left.
|
|t:|1757804135
|move|p2b: Kingdra|Protect|p2b: Kingdra
|-singleturn|p2b: Kingdra|Protect
|move|p1b: Whimsicott|Moonblast|p2b: Kingdra
|-activate|p2b: Kingdra|move: Protect
|move|p1a: Tyranitar|Knock Off|p2a: Archaludon
|-damage|p2a: Archaludon|42/100
|-ability|p2a: Archaludon|Stamina|boost
|-boost|p2a: Archaludon|def|1
|-enditem|p2a: Archaludon|Assault Vest|[from] move: Knock Off|[of] p1a: Tyranitar
|move|p2a: Archaludon|Electro Shot||[still]
|-prepare|p2a: Archaludon|Electro Shot
|-boost|p2a: Archaludon|spa|1
|-anim|p2a: Archaludon|Electro Shot|p1a: Tyranitar
|-damage|p1a: Tyranitar|44/100
|
|-weather|RainDance|[upkeep]
|upkeep
|turn|6
|inactive|RagCheese has 30 seconds left.
|inactive|Kyooby has 30 seconds left.
|
|t:|1757804166
|move|p1b: Whimsicott|Moonblast|p2a: Archaludon
|-damage|p2a: Archaludon|12/100
|-ability|p2a: Archaludon|Stamina|boost
|-boost|p2a: Archaludon|def|1
|move|p1a: Tyranitar|Rock Slide|p2b: Kingdra|[spread] p2b
|-miss|p1a: Tyranitar|p2a: Archaludon
|-damage|p2b: Kingdra|0 fnt
|faint|p2b: Kingdra
|move|p2a: Archaludon|Electro Shot||[still]
|-prepare|p2a: Archaludon|Electro Shot
|-boost|p2a: Archaludon|spa|1
|-anim|p2a: Archaludon|Electro Shot|p1a: Tyranitar
|-damage|p1a: Tyranitar|0 fnt
|faint|p1a: Tyranitar
|
|-weather|RainDance|[upkeep]
|upkeep
|
|t:|1757804185
|switch|p2b: Comfey|Comfey, L50, F, shiny|100/100
|switch|p1a: Gholdengo|Gholdengo, L50|100/100
|-item|p1a: Gholdengo|Air Balloon
|turn|7
|inactive|RagCheese has 30 seconds left.
|inactive|Kyooby has 30 seconds left.
|inactive|Kyooby has 20 seconds left.
|
|t:|1757804222
|-terastallize|p2b: Comfey|Steel
|move|p2b: Comfey|Floral Healing|p2a: Archaludon
|-heal|p2a: Archaludon|62/100
|move|p1a: Gholdengo|Shadow Ball|p2a: Archaludon
|-damage|p2a: Archaludon|17/100
|-unboost|p2a: Archaludon|spd|1
|-ability|p2a: Archaludon|Stamina|boost
|-boost|p2a: Archaludon|def|1
|move|p1b: Whimsicott|Moonblast|p2a: Archaludon
|-damage|p2a: Archaludon|0 fnt
|faint|p2a: Archaludon
|
|-weather|none
|-sideend|p1: RagCheese|move: Tailwind
|upkeep
|
|t:|1757804235
|switch|p2a: Pelipper|Pelipper, L50, M|59/100
|-weather|RainDance|[from] ability: Drizzle|[of] p2a: Pelipper
|turn|8
|inactive|Kyooby has 30 seconds left.
|inactive|Kyooby has 20 seconds left.
|inactive|Kyooby has 15 seconds left.
|inactive|Kyooby has 10 seconds left.
|inactive|Kyooby has 5 seconds left.
|
|t:|1757804293
|move|p2b: Comfey|Floral Healing|p2a: Pelipper
|-heal|p2a: Pelipper|100/100
|move|p1b: Whimsicott|Tailwind|p1b: Whimsicott
|-sidestart|p1: RagCheese|move: Tailwind
|move|p1a: Gholdengo|Shadow Ball|p2a: Pelipper
|-damage|p2a: Pelipper|23/100
|-unboost|p2a: Pelipper|spd|1
|move|p2a: Pelipper|Weather Ball|p1a: Gholdengo
|-damage|p1a: Gholdengo|19/100
|-enditem|p1a: Gholdengo|Air Balloon
|
|-weather|RainDance|[upkeep]
|upkeep
|turn|9
|inactive|RagCheese has 30 seconds left.
|
|t:|1757804324
|move|p2b: Comfey|Draining Kiss|p1a: Gholdengo
|-resisted|p1a: Gholdengo
|-damage|p1a: Gholdengo|10/100
|move|p1b: Whimsicott|Encore|p2b: Comfey
|-start|p2b: Comfey|Encore
|move|p1a: Gholdengo|Shadow Ball|p2a: Pelipper
|-damage|p2a: Pelipper|0 fnt
|faint|p2a: Pelipper
|
|-weather|RainDance|[upkeep]
|upkeep
|turn|10
|
|t:|1757804335
|move|p2b: Comfey|Draining Kiss|p1a: Gholdengo
|-resisted|p1a: Gholdengo
|-damage|p1a: Gholdengo|1/100
|move|p1b: Whimsicott|Light Screen|p1b: Whimsicott
|-sidestart|p1: RagCheese|move: Light Screen
|move|p1a: Gholdengo|Shadow Ball|p2b: Comfey
|-damage|p2b: Comfey|54/100
|-unboost|p2b: Comfey|spd|1
|
|-weather|RainDance|[upkeep]
|upkeep
|turn|11
|
|t:|1757804346
|move|p2b: Comfey|Draining Kiss|p1a: Gholdengo
|-resisted|p1a: Gholdengo
|-damage|p1a: Gholdengo|0 fnt
|-heal|p2b: Comfey|55/100|[from] drain|[of] p1a: Gholdengo
|faint|p1a: Gholdengo
|move|p1b: Whimsicott|Moonblast|p2b: Comfey
|-resisted|p2b: Comfey
|-damage|p2b: Comfey|36/100
|
|-weather|RainDance|[upkeep]
|-sideend|p1: RagCheese|move: Tailwind
|upkeep
|turn|12
|
|t:|1757804356
|move|p2b: Comfey|Draining Kiss|p1b: Whimsicott
|-damage|p1b: Whimsicott|88/100
|-heal|p2b: Comfey|46/100|[from] drain|[of] p1b: Whimsicott
|move|p1b: Whimsicott|Moonblast|p2b: Comfey
|-resisted|p2b: Comfey
|-crit|p2b: Comfey
|-damage|p2b: Comfey|15/100
|
|-weather|none
|-end|p2b: Comfey|Encore
|upkeep
|turn|13
|
|t:|1757804369
|move|p2b: Comfey|Draining Kiss|p1b: Whimsicott
|-damage|p1b: Whimsicott|76/100
|-heal|p2b: Comfey|25/100|[from] drain|[of] p1b: Whimsicott
|move|p1b: Whimsicott|Moonblast|p2b: Comfey
|-resisted|p2b: Comfey
|-damage|p2b: Comfey|5/100
|
|upkeep
|turn|14
|
|t:|1757804377
|move|p2b: Comfey|Draining Kiss|p1b: Whimsicott
|-damage|p1b: Whimsicott|64/100
|-heal|p2b: Comfey|14/100|[from] drain|[of] p1b: Whimsicott
|move|p1b: Whimsicott|Moonblast|p2b: Comfey
|-resisted|p2b: Comfey
|-damage|p2b: Comfey|0 fnt
|faint|p2b: Comfey
|
|win|RagCheese
|raw|RagCheese's rating: 1077 → 1111(+34 for winning)
|raw|Kyooby's rating: 1149 → 1119(-30 for losing)
