|j|☆exposniffer
|j|☆efwefwefwefweifier
|html|exposnifferefwefwefwefweifier    
|uhtml|bestof|Game 1 of a best-of-3
|t:|1757122846
|gametype|doubles
|player|p1|exposniffer|blue|1160
|player|p2|efwefwefwefweifier|juan|1213
|gen|9
|tier|[Gen 9] VGC 2025 Reg H (Bo3)
|rated|
|rule|Species Clause: Limit one of each Pokémon
|rule|Item Clause: Limit 1 of each item
|clearpoke
|poke|p1|Gholdengo, L50|
|poke|p1|Dragonite, L50, M|
|poke|p1|Ursaluna-Bloodmoon, L50, M|
|poke|p1|Ninetales-Alola, L50, M|
|poke|p1|Annihilape, L50, F|
|poke|p1|Incineroar, L50, M|
|poke|p2|Gholdengo, L50|
|poke|p2|Rillaboom, L50, F|
|poke|p2|Ursaluna-Bloodmoon, L50, M|
|poke|p2|Annihilape, L50, F|
|poke|p2|Ninetales-Alola, L50, M|
|poke|p2|Talonflame, L50, M|
|teampreview|4
|showteam|p1|Gholdengo||MetalCoat|GoodasGold|MakeItRain,ShadowBall,NastyPlot,Protect||||||50|,,,,,Water]Dragonite||LoadedDice|Multiscale|ScaleShot,ExtremeSpeed,Haze,Protect|||M|||50|,,,,,Steel]Ursaluna-Bloodmoon||AssaultVest|MindsEye|BloodMoon,HyperVoice,EarthPower,VacuumWave|||M|||50|,,,,,Water]Ninetales-Alola||FocusSash|SnowWarning|Blizzard,IcyWind,AuroraVeil,IcicleSpear|||M|||50|,,,,,Ghost]Annihilape||SafetyGoggles|Defiant|CloseCombat,RageFist,Coaching,Taunt|||F|||50|,,,,,Fire]Incineroar||RockyHelmet|Intimidate|KnockOff,FlareBlitz,PartingShot,FakeOut|||M|||50|,,,,,Ghost
|showteam|p2|Gholdengo||ChoiceSpecs|GoodasGold|MakeItRain,ShadowBall,PowerGem,Trick||||||50|,,,,,Steel]Rillaboom||MiracleSeed|GrassySurge|WoodHammer,GrassyGlide,Uturn,FakeOut|||F|||50|,,,,,Fire]Ursaluna-Bloodmoon||AssaultVest|MindsEye|BloodMoon,HyperVoice,EarthPower,VacuumWave|||M|||50|,,,,,Normal]Annihilape||SafetyGoggles|Defiant|DrainPunch,RageFist,BulkUp,Protect|||F|||50|,,,,,Fire]Ninetales-Alola||LightClay|SnowWarning|Blizzard,IcicleSpear,Moonblast,AuroraVeil|||M|||50|,,,,,Water]Talonflame||CovertCloak|GaleWings|BraveBird,Tailwind,WillOWisp,Taunt|||M|||50|,,,,,Dark
|inactive|Battle timer is ON: inactive players will automatically lose when time's up. (requested by efwefwefwefweifier)
|j| We_Are_Toasted
|inactive|exposniffer has 60 seconds left.
|inactive|efwefwefwefweifier has 60 seconds left.
|
|t:|1757122905
|teamsize|p1|4
|teamsize|p2|4
|start
|switch|p1a: Ninetales|Ninetales-Alola, L50, M|100/100
|switch|p1b: Annihilape|Annihilape, L50, F|100/100
|switch|p2a: Annihilape|Annihilape, L50, F|100/100
|switch|p2b: Ninetales|Ninetales-Alola, L50, M|100/100
|-weather|Snowscape|[from] ability: Snow Warning|[of] p1a: Ninetales
|turn|1
|inactive|exposniffer has 30 seconds left.
|inactive|efwefwefwefweifier has 30 seconds left.
|
|t:|1757122935
|-terastallize|p2a: Annihilape|Fire
|move|p1a: Ninetales|Icicle Spear|p1b: Annihilape
|-damage|p1b: Annihilape|94/100
|-damage|p1b: Annihilape|87/100
|-hitcount|p1b: Annihilape|2
|move|p2b: Ninetales|Aurora Veil|p2b: Ninetales
|-sidestart|p2: efwefwefwefweifier|move: Aurora Veil
|move|p1b: Annihilape|Rage Fist|p2a: Annihilape
|-damage|p2a: Annihilape|48/100
|move|p2a: Annihilape|Rage Fist|p1b: Annihilape
|-supereffective|p1b: Annihilape
|-damage|p1b: Annihilape|0 fnt
|faint|p1b: Annihilape
|
|-weather|Snowscape|[upkeep]
|upkeep
|
|t:|1757122953
|switch|p1b: Ursaluna|Ursaluna-Bloodmoon, L50, M|100/100
|turn|2
|inactive|exposniffer has 30 seconds left.
|inactive|exposniffer has 20 seconds left.
|inactive|exposniffer has 15 seconds left.
|
|t:|1757122994
|-terastallize|p1b: Ursaluna|Water
|move|p1a: Ninetales|Icy Wind|p2a: Annihilape|[spread] p2a,p2b
|-resisted|p2a: Annihilape
|-resisted|p2b: Ninetales
|-damage|p2a: Annihilape|44/100
|-damage|p2b: Ninetales|96/100
|-unboost|p2a: Annihilape|spe|1
|-ability|p2a: Annihilape|Defiant|boost
|-boost|p2a: Annihilape|atk|2
|-unboost|p2b: Ninetales|spe|1
|move|p2b: Ninetales|Blizzard|p1b: Ursaluna|[spread] p1a,p1b
|-resisted|p1a: Ninetales
|-resisted|p1b: Ursaluna
|-damage|p1a: Ninetales|86/100
|-damage|p1b: Ursaluna|92/100
|move|p2a: Annihilape|Drain Punch|p1b: Ursaluna
|-damage|p1b: Ursaluna|53/100
|-heal|p2a: Annihilape|67/100|[from] drain|[of] p1b: Ursaluna
|move|p1b: Ursaluna|Blood Moon|p2a: Annihilape
|-damage|p2a: Annihilape|21/100
|
|-weather|Snowscape|[upkeep]
|upkeep
|turn|3
|inactive|exposniffer has 30 seconds left.
|
|t:|1757123021
|move|p2a: Annihilape|Protect|p2a: Annihilape
|-singleturn|p2a: Annihilape|Protect
|move|p1a: Ninetales|Icy Wind|p2b: Ninetales|[spread] p2b
|-activate|p2a: Annihilape|move: Protect
|-resisted|p2b: Ninetales
|-damage|p2b: Ninetales|91/100
|-unboost|p2b: Ninetales|spe|1
|move|p2b: Ninetales|Moonblast|p1b: Ursaluna
|-damage|p1b: Ursaluna|29/100
|move|p1b: Ursaluna|Hyper Voice|p2a: Annihilape|[spread] p2b
|-activate|p2a: Annihilape|move: Protect
|-damage|p2b: Ninetales|67/100
|
|-weather|Snowscape|[upkeep]
|upkeep
|turn|4
|inactive|exposniffer has 30 seconds left.
|
|t:|1757123047
|move|p1a: Ninetales|Icy Wind|p2a: Annihilape|[spread] p2a,p2b
|-resisted|p2a: Annihilape
|-resisted|p2b: Ninetales
|-damage|p2a: Annihilape|16/100
|-damage|p2b: Ninetales|62/100
|-unboost|p2a: Annihilape|spe|1
|-ability|p2a: Annihilape|Defiant|boost
|-boost|p2a: Annihilape|atk|2
|-unboost|p2b: Ninetales|spe|1
|move|p1b: Ursaluna|Hyper Voice|p2a: Annihilape|[spread] p2a,p2b
|-damage|p2a: Annihilape|0 fnt
|-damage|p2b: Ninetales|38/100
|faint|p2a: Annihilape
|move|p2b: Ninetales|Moonblast|p1b: Ursaluna
|-damage|p1b: Ursaluna|8/100
|
|-weather|Snowscape|[upkeep]
|upkeep
|
|t:|1757123060
|switch|p2a: Talonflame|Talonflame, L50, M|100/100
|turn|5
|inactive|exposniffer has 30 seconds left.
|
|t:|1757123090
|move|p2a: Talonflame|Brave Bird|p1b: Ursaluna
|-damage|p1b: Ursaluna|0 fnt
|faint|p1b: Ursaluna
|-damage|p2a: Talonflame|97/100|[from] Recoil
|move|p1a: Ninetales|Aurora Veil|p1a: Ninetales
|-sidestart|p1: exposniffer|move: Aurora Veil
|move|p2b: Ninetales|Moonblast|p1a: Ninetales
|-damage|p1a: Ninetales|64/100
|
|-weather|none
|upkeep
|
|t:|1757123098
|switch|p1b: Incineroar|Incineroar, L50, M|100/100
|-ability|p1b: Incineroar|Intimidate|boost
|-unboost|p2a: Talonflame|atk|1
|-unboost|p2b: Ninetales|atk|1
|turn|6
|
|t:|1757123117
|move|p2a: Talonflame|Tailwind|p2a: Talonflame
|-sidestart|p2: efwefwefwefweifier|move: Tailwind
|move|p1a: Ninetales|Blizzard|p2b: Ninetales|[spread] p2a
|-miss|p1a: Ninetales|p2b: Ninetales
|-damage|p2a: Talonflame|66/100
|move|p2b: Ninetales|Moonblast|p1b: Incineroar
|-damage|p1b: Incineroar|84/100
|-unboost|p1b: Incineroar|spa|1
|move|p1b: Incineroar|Knock Off|p2a: Talonflame
|-damage|p2a: Talonflame|20/100
|-enditem|p2a: Talonflame|Covert Cloak|[from] move: Knock Off|[of] p1b: Incineroar
|
|upkeep
|turn|7
|
|t:|1757123142
|move|p2a: Talonflame|Brave Bird|p1b: Incineroar
|-damage|p1b: Incineroar|64/100
|-damage|p2a: Talonflame|4/100|[from] item: Rocky Helmet|[of] p1b: Incineroar
|-damage|p2a: Talonflame|0 fnt|[from] Recoil
|faint|p2a: Talonflame
|move|p1a: Ninetales|Icy Wind|p2b: Ninetales
|-resisted|p2b: Ninetales
|-damage|p2b: Ninetales|31/100
|-unboost|p2b: Ninetales|spe|1
|move|p2b: Ninetales|Moonblast|p1b: Incineroar
|-crit|p1b: Incineroar
|-damage|p1b: Incineroar|22/100
|move|p1b: Incineroar|Knock Off|p2b: Ninetales
|-resisted|p2b: Ninetales
|-damage|p2b: Ninetales|13/100
|-enditem|p2b: Ninetales|Light Clay|[from] move: Knock Off|[of] p1b: Incineroar
|
|upkeep
|
|t:|1757123156
|switch|p2a: Gholdengo|Gholdengo, L50|100/100
|turn|8
|
|t:|1757123169
|move|p2a: Gholdengo|Power Gem|p1b: Incineroar
|-supereffective|p1b: Incineroar
|-damage|p1b: Incineroar|0 fnt
|faint|p1b: Incineroar
|move|p1a: Ninetales|Icy Wind|p2b: Ninetales|[spread] p2a,p2b
|-resisted|p2a: Gholdengo
|-resisted|p2b: Ninetales
|-damage|p2a: Gholdengo|94/100
|-damage|p2b: Ninetales|8/100
|-unboost|p2a: Gholdengo|spe|1
|-unboost|p2b: Ninetales|spe|1
|move|p2b: Ninetales|Moonblast|p1a: Ninetales
|-damage|p1a: Ninetales|40/100
|
|-sideend|p2: efwefwefwefweifier|move: Aurora Veil
|upkeep
|turn|9
|-message|exposniffer forfeited.
|
|win|efwefwefwefweifier
||exposniffer is ready for game 2.
||efwefwefwefweifier is ready for game 2.
|uhtml|next|Next: Game 2 of 3
