|j|☆Sir_loon
|j|☆lipeater444
|html|Sir_loonlipeater444    
|uhtml|bestof|Game 1 of a best-of-3
|t:|1785603950
|gametype|doubles
|player|p1|Sir_loon|ghetsis-gen5bw|
|player|p2|lipeater444|skierf-gen4dp|
|gen|9
|tier|[Gen 9 Champions] VGC 2026 Reg M-B (Bo3)
|rule|Species Clause: Limit one of each Pokémon
|rule|Item Clause: Limit 1 of each item
|clearpoke
|poke|p1|Vivillon, L50, F|
|poke|p1|Araquanid, L50, F|
|poke|p1|Scizor, L50, M|
|poke|p1|Volcarona, L50, F|
|poke|p1|Kleavor, L50, M|
|poke|p1|Beedrill, L50, M, shiny|
|poke|p2|Metagross, L50|
|poke|p2|Delphox, L50, M|
|poke|p2|Meowstic, L50, M, shiny|
|poke|p2|Farigiraf, L50, M|
|poke|p2|Gardevoir, L50, M|
|poke|p2|Gallade, L50, M, shiny|
|teampreview|4
|showteam|p1|Vivillon||FocusSash|CompoundEyes|SleepPowder,DrainingKiss,Hurricane,Tailwind|Timid||F|||50|]Araquanid||QuickClaw|WaterBubble|Liquidation,PoisonJab,LeechLife,WonderRoom|Adamant||F|||50|]Scizor||ChoiceScarf|Technician|BulletPunch,BugBite,Trailblaze,BrutalSwing|Adamant||M|||50|]Volcarona||SitrusBerry|FlameBody|QuiverDance,HeatWave,BugBuzz,Protect|Modest||F|||50|]Kleavor||LifeOrb|Sharpness|StoneAxe,XScissor,NightSlash,Protect|Adamant||M|||50|]Beedrill||Beedrillite|Sniper|PoisonJab,DrillRun,Uturn,Protect|Jolly||M|||50|
|showteam|p2|Metagross||LifeOrb|ClearBody|BulletPunch,IronHead,PsychicFangs,Protect|Brave|||||50|]Delphox||Delphoxite|Magician|HeatWave,Flamethrower,ExpandingForce,Protect|Timid||M|||50|]Meowstic||FocusSash|Prankster|LightScreen,Reflect,PsychicTerrain,ExpandingForce|Calm||M|||50|]Farigiraf||SitrusBerry|ArmorTail|TrickRoom,HyperVoice,HelpingHand,Protect|Sassy||M|||50|]Gardevoir||Gardevoirite|Trace|HyperVoice,AuraSphere,ExpandingForce,Protect|Timid||M|||50|]Gallade||ChoiceScarf|Sharpness|SacredSword,LeafBlade,PsychoCut,Trick|Jolly||M|||50|
|inactive|Battle timer is ON: inactive players will automatically lose when time's up. (requested by Sir_loon)
|inactive|lipeater444 has 60 seconds left.
|inactive|lipeater444 has 30 seconds left.
|inactive|lipeater444 has 20 seconds left.
|inactive|lipeater444 has 15 seconds left.
|inactive|lipeater444 has 10 seconds left.
|inactive|lipeater444 has 5 seconds left.
|
|t:|1785604038
|teamsize|p1|4
|teamsize|p2|4
|start
|switch|p1a: Vivillon|Vivillon, L50, F|100/100
|switch|p1b: Araquanid|Araquanid, L50, F|100/100
|switch|p2a: Kindo|Delphox, L50, M|100/100
|switch|p2b: Nekota|Meowstic, L50, M, shiny|100/100
|turn|1
|inactive|lipeater444 has 30 seconds left.
|inactive|lipeater444 has 20 seconds left.
|inactive|lipeater444 has 15 seconds left.
|inactive|lipeater444 has 10 seconds left.
|
|t:|1785604085
|detailschange|p2a: Kindo|Delphox-Mega, L50, M
|-mega|p2a: Kindo|Delphox|Delphoxite
|move|p2a: Kindo|Protect|p2a: Kindo
|-singleturn|p2a: Kindo|Protect
|move|p2b: Nekota|Psychic Terrain|p2b: Nekota
|-fieldstart|move: Psychic Terrain
|move|p1a: Vivillon|Tailwind|p1a: Vivillon
|-sidestart|p1: Sir_loon|move: Tailwind
|move|p1b: Araquanid|Liquidation|p2a: Kindo
|-activate|p2a: Kindo|move: Protect
|
|upkeep
|turn|2
|inactive|Sir_loon has 30 seconds left.
|inactive|Sir_loon has 20 seconds left.
|inactive|Sir_loon has 15 seconds left.
|
|t:|1785604126
|switch|p2a: Saien|Metagross, L50|100/100
|move|p1a: Vivillon|Hurricane|p2b: Nekota
|-damage|p2b: Nekota|59/100
|-start|p2b: Nekota|confusion
|-activate|p2b: Nekota|confusion
|move|p2b: Nekota|Expanding Force|p1b: Araquanid|[spread] p1a,p1b
|-damage|p1a: Vivillon|35/100
|-damage|p1b: Araquanid|69/100
|move|p1b: Araquanid|Liquidation|p2a: Saien
|-damage|p2a: Saien|49/100
|
|upkeep
|turn|3
|inactive|lipeater444 has 30 seconds left.
|
|t:|1785604157
|-activate|p2b: Nekota|confusion
|move|p2b: Nekota|Reflect|p2b: Nekota
|-sidestart|p2: lipeater444|Reflect
|move|p1a: Vivillon|Sleep Powder|p2a: Saien
|-status|p2a: Saien|slp|[from] move: Sleep Powder
|move|p1b: Araquanid|Leech Life|p2b: Nekota
|-supereffective|p2b: Nekota|1
|-damage|p2b: Nekota|15/100
|-heal|p1b: Araquanid|92/100|[from] drain|[of] p2b: Nekota
|cant|p2a: Saien|slp
|
|upkeep
|turn|4
|j| AustinMcballs
|inactive|Sir_loon has 30 seconds left.
|inactive|Sir_loon has 20 seconds left.
|
|t:|1785604192
|-activate|p2b: Nekota|confusion
|move|p2b: Nekota|Light Screen|p2b: Nekota
|-sidestart|p2: lipeater444|move: Light Screen
|move|p1a: Vivillon|Draining Kiss|p2b: Nekota
|-damage|p2b: Nekota|6/100
|-heal|p1a: Vivillon|42/100|[from] drain|[of] p2b: Nekota
|move|p1b: Araquanid|Wonder Room|p1b: Araquanid
|-fieldstart|move: Wonder Room|[of] p1b: Araquanid
|-curestatus|p2a: Saien|slp|[msg]
|move|p2a: Saien|Psychic Fangs|p1b: Araquanid
|-damage|p1b: Araquanid|20/100r
|-damage|p2a: Saien|40/100|[from] item: Life Orb
|
|-sideend|p1: Sir_loon|move: Tailwind
|upkeep
|turn|5
|c| AustinMcballs|ive nevr seen that
|c| AustinMcballs|jesus
|inactive|Sir_loon has 30 seconds left.
|inactive|lipeater444 has 30 seconds left.
|
|t:|1785604223
|move|p1a: Vivillon|Draining Kiss|p2b: Nekota
|-damage|p2b: Nekota|0 fnt
|-heal|p1a: Vivillon|48/100|[from] drain|[of] p2b: Nekota
|faint|p2b: Nekota
|move|p2a: Saien|Psychic Fangs|p1a: Vivillon
|-crit|p1a: Vivillon
|-damage|p1a: Vivillon|0 fnt
|faint|p1a: Vivillon
|-damage|p2a: Saien|30/100|[from] item: Life Orb
|move|p1b: Araquanid|Liquidation|p2a: Saien
|-damage|p2a: Saien|0 fnt
|faint|p2a: Saien
|
|-fieldend|move: Psychic Terrain
|upkeep
|
|t:|1785604238
|switch|p1a: Scizor|Scizor, L50, M|100/100
|switch|p2b: Kindo|Delphox-Mega, L50, M|100/100
|switch|p2a: Aoi|Gallade, L50, M, shiny|100/100
|turn|6
|inactive|Sir_loon has 30 seconds left.
|inactive|lipeater444 has 30 seconds left.
|inactive|lipeater444 has 20 seconds left.
|inactive|lipeater444 has 15 seconds left.
|inactive|lipeater444 has 10 seconds left.
|inactive|lipeater444 has 5 seconds left.
|
|t:|1785604288
|move|p2b: Kindo|Protect|p2b: Kindo
|-singleturn|p2b: Kindo|Protect
|move|p2a: Aoi|Sacred Sword|p1a: Scizor
|-damage|p1a: Scizor|23/100
|move|p1a: Scizor|Brutal Swing|p2a: Aoi|[spread] p1b,p2a
|-activate|p2b: Kindo|move: Protect
|-damage|p1b: Araquanid|0 fnt
|-damage|p2a: Aoi|82/100
|faint|p1b: Araquanid
|
|upkeep
|
|t:|1785604299
|switch|p1b: Beedrill|Beedrill, L50, M, shiny|100/100
|turn|7
|
|t:|1785604309
|detailschange|p1b: Beedrill|Beedrill-Mega, L50, M, shiny
|-mega|p1b: Beedrill|Beedrill|Beedrillite
|move|p1b: Beedrill|Protect|p1b: Beedrill
|-singleturn|p1b: Beedrill|Protect
|move|p2b: Kindo|Heat Wave|p1a: Scizor|[spread] p1a
|-activate|p1b: Beedrill|move: Protect
|-supereffective|p1a: Scizor|2
|-damage|p1a: Scizor|0 fnt
|faint|p1a: Scizor
|move|p2a: Aoi|Sacred Sword|p1b: Beedrill
|-activate|p1b: Beedrill|move: Protect
|
|-sideend|p2: lipeater444|Reflect
|upkeep
|turn|8
|
|t:|1785604324
|move|p1b: Beedrill|Poison Jab|p2b: Kindo
|-damage|p2b: Kindo|35/100
|move|p2b: Kindo|Flamethrower|p1b: Beedrill
|-supereffective|p1b: Beedrill|1
|-damage|p1b: Beedrill|0 fnt
|faint|p1b: Beedrill
|
|win|lipeater444
||Sir_loon is ready for game 2.
|inactive|lipeater444 has 30 seconds to confirm battle start!
||lipeater444 is ready for game 2.
|uhtml|next|Next: Game 2 of 3
|l| AustinMcballs
