|j|☆roman_legend
|j|☆varrun
|html|roman_legendvarrun    
|uhtml|bestof|Game 1 of a best-of-3
|t:|1756917844
|gametype|doubles
|player|p1|roman_legend|nate-masters|1140
|player|p2|varrun|265|1055
|gen|9
|tier|[Gen 9] VGC 2025 Reg H (Bo3)
|rated|
|rule|Species Clause: Limit one of each Pokémon
|rule|Item Clause: Limit 1 of each item
|clearpoke
|poke|p1|Gholdengo, L50|
|poke|p1|Sneasler, L50, M|
|poke|p1|Rillaboom, L50, M|
|poke|p1|Dragonite, L50, F|
|poke|p1|Ninetales-Alola, L50, F|
|poke|p1|Arcanine-Hisui, L50, M|
|poke|p2|Archaludon, L50, M|
|poke|p2|Pelipper, L50, M|
|poke|p2|Basculegion, L50, M|
|poke|p2|Amoonguss, L50, F|
|poke|p2|Incineroar, L50, F|
|poke|p2|Gholdengo, L50|
|teampreview|4
|showteam|p1|Gholdengo||GrassySeed|GoodasGold|NastyPlot,MakeItRain,ShadowBall,Protect||||||50|,,,,,Water]Sneasler||WhiteHerb|Unburden|CloseCombat,DireClaw,Coaching,Protect|||M|||50|,,,,,Ghost]Rillaboom||AssaultVest|GrassySurge|FakeOut,GrassyGlide,DrumBeating,HighHorsepower|||M|||50|,,,,,Fire]Dragonite||LoadedDice|Multiscale|ScaleShot,StompingTantrum,Tailwind,Protect|||F|||50|,,,,,Ground]Ninetales-Alola||FocusSash|SnowWarning|Blizzard,IcyWind,Encore,AuroraVeil|||F|||50|,,,,,Ghost]Arcanine-Hisui||ClearAmulet|Intimidate|RockSlide,FlareBlitz,ExtremeSpeed,Protect|||M|||50|,,,,,Water
|showteam|p2|Archaludon||AssaultVest|Stamina|DragonPulse,ElectroShot,FlashCannon,BodyPress|||M|||50|,,,,,Bug]Pelipper||FocusSash|Drizzle|WeatherBall,Hurricane,Tailwind,Protect|||M|||50|,,,,,Ground]Basculegion||ChoiceBand|SwiftSwim|WaveCrash,LastRespects,AquaJet,FlipTurn|||M|||50|,,,,,Grass]Amoonguss||CovertCloak|Regenerator|PollenPuff,RagePowder,Spore,Protect|||F|||50|,,,,,Water]Incineroar||SafetyGoggles|Intimidate|KnockOff,FakeOut,PartingShot,Taunt|||F|||50|,,,,,Ghost]Gholdengo||LifeOrb|GoodasGold|MakeItRain,ShadowBall,NastyPlot,Protect||||||50|,,,,,Water
|inactive|Battle timer is ON: inactive players will automatically lose when time's up. (requested by roman_legend)
|inactive|varrun has 60 seconds left.
|inactive|varrun has 30 seconds left.
|
|t:|1756917940
|teamsize|p1|4
|teamsize|p2|4
|start
|switch|p1a: Gholdengo|Gholdengo, L50, shiny|100/100
|switch|p1b: Rillaboom|Rillaboom, L50, M|100/100
|switch|p2a: Pelipper|Pelipper, L50, M|100/100
|switch|p2b: Basculegion|Basculegion, L50, M|100/100
|-fieldstart|move: Grassy Terrain|[from] ability: Grassy Surge|[of] p1b: Rillaboom
|-enditem|p1a: Gholdengo|Grassy Seed
|-boost|p1a: Gholdengo|def|1|[from] item: Grassy Seed
|-weather|RainDance|[from] ability: Drizzle|[of] p2a: Pelipper
|turn|1
|inactive|varrun has 30 seconds left.
|
|t:|1756917974
|switch|p1b: Ninetales|Ninetales-Alola, L50, F|100/100
|-weather|Snowscape|[from] ability: Snow Warning|[of] p1b: Ninetales
|move|p2a: Pelipper|Protect|p2a: Pelipper
|-singleturn|p2a: Pelipper|Protect
|move|p1a: Gholdengo|Shadow Ball|p2b: Basculegion
|-supereffective|p2b: Basculegion
|-damage|p2b: Basculegion|22/100
|move|p2b: Basculegion|Flip Turn|p1a: Gholdengo
|-damage|p1a: Gholdengo|70/100
|
|t:|1756917995
|switch|p2b: Gholdengo|Gholdengo, L50|100/100|[from] Flip Turn
|
|-weather|Snowscape|[upkeep]
|-heal|p1a: Gholdengo|77/100|[from] Grassy Terrain
|upkeep
|turn|2
|inactive|roman_legend has 30 seconds left.
|
|t:|1756918021
|-terastallize|p2b: Gholdengo|Water
|-terastallize|p1a: Gholdengo|Water
|move|p1b: Ninetales|Icy Wind|p2a: Pelipper|[spread] p2a,p2b
|-resisted|p2b: Gholdengo
|-damage|p2a: Pelipper|72/100
|-damage|p2b: Gholdengo|92/100
|-unboost|p2a: Pelipper|spe|1
|-unboost|p2b: Gholdengo|spe|1
|move|p1a: Gholdengo|Shadow Ball|p2a: Pelipper
|-damage|p2a: Pelipper|0 fnt
|faint|p2a: Pelipper
|move|p2b: Gholdengo|Nasty Plot|p2b: Gholdengo
|-boost|p2b: Gholdengo|spa|2
|
|-weather|Snowscape|[upkeep]
|-heal|p1a: Gholdengo|83/100|[from] Grassy Terrain
|-heal|p2b: Gholdengo|98/100|[from] Grassy Terrain
|upkeep
|
|t:|1756918041
|switch|p2a: Incineroar|Incineroar, L50, F|100/100
|-ability|p2a: Incineroar|Intimidate|boost
|-unboost|p1a: Gholdengo|atk|1
|-unboost|p1b: Ninetales|atk|1
|turn|3
|
|t:|1756918060
|move|p2a: Incineroar|Fake Out|p1b: Ninetales
|-damage|p1b: Ninetales|89/100
|cant|p1b: Ninetales|flinch
|move|p1a: Gholdengo|Nasty Plot|p1a: Gholdengo
|-boost|p1a: Gholdengo|spa|2
|move|p2b: Gholdengo|Shadow Ball|p1a: Gholdengo
|-damage|p1a: Gholdengo|0 fnt
|faint|p1a: Gholdengo
|-damage|p2b: Gholdengo|88/100|[from] item: Life Orb
|
|-weather|Snowscape|[upkeep]
|-heal|p1b: Ninetales|95/100|[from] Grassy Terrain
|-heal|p2b: Gholdengo|94/100|[from] Grassy Terrain
|upkeep
|
|t:|1756918076
|switch|p1a: Rillaboom|Rillaboom, L50, M|100/100
|turn|4
|
|t:|1756918084
|switch|p2a: Basculegion|Basculegion, L50, M|22/100
|move|p2b: Gholdengo|Protect|p2b: Gholdengo
|-singleturn|p2b: Gholdengo|Protect
|move|p1b: Ninetales|Encore||[still]
|-fail|p1b: Ninetales
|move|p1a: Rillaboom|Drum Beating|p2b: Gholdengo
|-activate|p2b: Gholdengo|move: Protect
|
|-weather|Snowscape|[upkeep]
|-heal|p1b: Ninetales|100/100|[from] Grassy Terrain
|-heal|p2a: Basculegion|28/100|[from] Grassy Terrain
|-heal|p2b: Gholdengo|99/100|[from] Grassy Terrain
|upkeep
|turn|5
|
|t:|1756918108
|switch|p2a: Incineroar|Incineroar, L50, F|100/100
|-ability|p2a: Incineroar|Intimidate|boost
|-unboost|p1a: Rillaboom|atk|1
|-unboost|p1b: Ninetales|atk|1
|move|p1b: Ninetales|Aurora Veil|p1b: Ninetales
|-sidestart|p1: roman_legend|move: Aurora Veil
|move|p1a: Rillaboom|Drum Beating|p2b: Gholdengo
|-supereffective|p2b: Gholdengo
|-damage|p2b: Gholdengo|22/100
|-unboost|p2b: Gholdengo|spe|1
|move|p2b: Gholdengo|Make It Rain|p1a: Rillaboom|[spread] p1a,p1b
|-supereffective|p1b: Ninetales
|-damage|p1a: Rillaboom|32/100
|-enditem|p1b: Ninetales|Focus Sash
|-damage|p1b: Ninetales|1/100
|-unboost|p2b: Gholdengo|spa|1
|-damage|p2b: Gholdengo|12/100|[from] item: Life Orb
|
|-weather|none
|-heal|p1b: Ninetales|7/100|[from] Grassy Terrain
|-heal|p1a: Rillaboom|38/100|[from] Grassy Terrain
|-heal|p2b: Gholdengo|18/100|[from] Grassy Terrain
|-fieldend|move: Grassy Terrain
|upkeep
|turn|6
|inactive|varrun has 30 seconds left.
|inactive|roman_legend has 30 seconds left.
|inactive|varrun has 20 seconds left.
|inactive|varrun has 15 seconds left.
|
|t:|1756918152
|switch|p1a: Sneasler|Sneasler, L50, M, shiny|100/100
|move|p2b: Gholdengo|Protect|p2b: Gholdengo
|-singleturn|p2b: Gholdengo|Protect
|move|p2a: Incineroar|Fake Out|p1b: Ninetales
|-damage|p1b: Ninetales|0 fnt
|faint|p1b: Ninetales
|
|upkeep
|
|t:|1756918158
|switch|p1b: Rillaboom|Rillaboom, L50, M|38/100
|-fieldstart|move: Grassy Terrain|[from] ability: Grassy Surge|[of] p1b: Rillaboom
|turn|7
|
|t:|1756918172
|switch|p2a: Basculegion|Basculegion, L50, M|28/100
|move|p2b: Gholdengo|Protect||[still]
|-fail|p2b: Gholdengo
|move|p1b: Rillaboom|Grassy Glide|p2b: Gholdengo
|-supereffective|p2b: Gholdengo
|-crit|p2b: Gholdengo
|-damage|p2b: Gholdengo|0 fnt
|faint|p2b: Gholdengo
|move|p1a: Sneasler|Dire Claw|p2a: Basculegion
|-resisted|p2a: Basculegion
|-damage|p2a: Basculegion|4/100
|-status|p2a: Basculegion|psn
|
|-heal|p1b: Rillaboom|43/100|[from] Grassy Terrain
|-heal|p2a: Basculegion|11/100 psn|[from] Grassy Terrain
|-damage|p2a: Basculegion|0 fnt|[from] psn
|faint|p2a: Basculegion
|upkeep
|
|t:|1756918193
|switch|p2b: Incineroar|Incineroar, L50, F|100/100
|-ability|p2b: Incineroar|Intimidate|boost
|-unboost|p1a: Sneasler|atk|1
|-unboost|p1b: Rillaboom|atk|1
|-enditem|p1a: Sneasler|White Herb
|-clearnegativeboost|p1a: Sneasler|[silent]
|turn|8
|
|t:|1756918203
|move|p1a: Sneasler|Close Combat|p2b: Incineroar
|-supereffective|p2b: Incineroar
|-damage|p2b: Incineroar|0 fnt
|-unboost|p1a: Sneasler|def|1
|-unboost|p1a: Sneasler|spd|1
|faint|p2b: Incineroar
|
|win|roman_legend
||varrun is ready for game 2.
||roman_legend is ready for game 2.
|uhtml|next|Next: Game 2 of 3
|l|☆varrun
|player|p2|
