|j|☆daveedeh
|j|☆CheesyTime
|html|daveedehCheesyTime    
|uhtml|bestof|Game 2 of a best-of-3
|t:|1782205697
|gametype|doubles
|player|p1|daveedeh|steven|1143
|player|p2|CheesyTime|colress|1124
|gen|9
|tier|[Gen 9 Champions] VGC 2026 Reg M-B (Bo3)
|rated|
|rule|Species Clause: Limit one of each Pokémon
|rule|Item Clause: Limit 1 of each item
|clearpoke
|poke|p1|Metagross, L50|
|poke|p1|Sneasler, L50, M|
|poke|p1|Ninetales-Alola, L50, M|
|poke|p1|Aerodactyl, L50, F|
|poke|p1|Garchomp, L50, F|
|poke|p1|Sinistcha, L50|
|poke|p2|Pyroar, L50, F|
|poke|p2|Ninetales, L50, M, shiny|
|poke|p2|Whimsicott, L50, F|
|poke|p2|Floette-Eternal, L50, F|
|poke|p2|Basculegion, L50, M|
|poke|p2|Farigiraf, L50, M|
|teampreview|4
|showteam|p1|Metagross||Metagrossite|ClearBody|IronHead,PsychicFangs,BodyPress,Protect|Jolly|||||50|]Sneasler||WhiteHerb|Unburden|DireClaw,CloseCombat,Coaching,FakeOut|Jolly||M|||50|]Ninetales-Alola||LightClay|SnowWarning|Blizzard,FreezeDry,AuroraVeil,Protect|Timid||M|||50|]Aerodactyl||Aerodactylite|Unnerve|RockSlide,DualWingbeat,Tailwind,WideGuard|Jolly||F|||50|]Garchomp||LifeOrb|RoughSkin|DragonClaw,Earthquake,RockSlide,Protect|Jolly||F|||50|]Sinistcha||SitrusBerry|Hospitality|MatchaGotcha,RagePowder,TrickRoom,Protect|Bold|||||50|
|showteam|p2|Pyroar||Pyroarite|Unnerve|HeatWave,Overheat,SolarBeam,Protect|Timid||F|||50|]Ninetales||ChoiceScarf|Drought|HeatWave,Overheat,SolarBeam,FakeTears|Modest||M|||50|]Whimsicott||FocusSash|Prankster|Moonblast,Tailwind,SunnyDay,Protect|Timid||F|||50|]Floette-Eternal||Floettite|FlowerVeil|Moonblast,LightofRuin,DazzlingGleam,Protect|Modest||F|||50|]Basculegion||LifeOrb|Adaptability|WaveCrash,LastRespects,AquaJet,Protect|Adamant||M|||50|]Farigiraf||SitrusBerry|ArmorTail|Psychic,Thunderbolt,TrickRoom,HelpingHand|Bold||M|||50|
|inactive|Battle timer is ON: inactive players will automatically lose when time's up. (requested by daveedeh)
|inactive|daveedeh has 60 seconds left.
|inactive|CheesyTime has 60 seconds left.
|inactive|CheesyTime has 30 seconds left.
|inactive|CheesyTime has 20 seconds left.
|inactive|CheesyTime has 15 seconds left.
|
|t:|1782205778
|teamsize|p1|4
|teamsize|p2|4
|start
|switch|p1a: Ninetales|Ninetales-Alola, L50, M|100/100
|switch|p1b: Sinistcha|Sinistcha, L50|100/100
|switch|p2a: Whimsicott|Whimsicott, L50, F|100/100
|switch|p2b: Basculegion|Basculegion, L50, M|100/100
|-weather|Snowscape|[from] ability: Snow Warning|[of] p1a: Ninetales
|turn|1
|
|t:|1782205794
|switch|p2b: Floette|Floette-Eternal, L50, F|100/100
|move|p1b: Sinistcha|Rage Powder|p1b: Sinistcha
|-singleturn|p1b: Sinistcha|move: Rage Powder
|move|p2a: Whimsicott|Sunny Day|p2a: Whimsicott
|-weather|SunnyDay
|move|p1a: Ninetales|Freeze-Dry|p2b: Floette
|-damage|p2b: Floette|78/100
|
|-weather|SunnyDay|[upkeep]
|upkeep
|turn|2
|
|t:|1782205808
|switch|p1a: Metagross|Metagross, L50|100/100
|detailschange|p2b: Floette|Floette-Mega, L50, F
|-mega|p2b: Floette|Floette|Floettite
|-ability|p2b: Floette|Fairy Aura
|move|p2a: Whimsicott|Moonblast|p1b: Sinistcha
|-damage|p1b: Sinistcha|50/100g
|move|p2b: Floette|Dazzling Gleam|p1b: Sinistcha|[spread] p1a,p1b
|-resisted|p1a: Metagross|1
|-damage|p1a: Metagross|71/100
|-damage|p1b: Sinistcha|0 fnt
|faint|p1b: Sinistcha
|
|-weather|SunnyDay|[upkeep]
|upkeep
|
|t:|1782205826
|switch|p1b: Sneasler|Sneasler, L50, M|100/100
|turn|3
|
|t:|1782205845
|detailschange|p1a: Metagross|Metagross-Mega, L50
|-mega|p1a: Metagross|Metagross|Metagrossite
|move|p2a: Whimsicott|Protect|p2a: Whimsicott
|-singleturn|p2a: Whimsicott|Protect
|move|p2b: Floette|Protect|p2b: Floette
|-singleturn|p2b: Floette|Protect
|move|p1b: Sneasler|Coaching|p1a: Metagross
|-boost|p1a: Metagross|atk|1
|-boost|p1a: Metagross|def|1
|move|p1a: Metagross|Psychic Fangs|p2b: Floette
|-activate|p2b: Floette|move: Protect
|
|-weather|SunnyDay|[upkeep]
|upkeep
|turn|4
|inactive|daveedeh has 30 seconds left.
|
|t:|1782205871
|move|p2a: Whimsicott|Tailwind|p2a: Whimsicott
|-sidestart|p2: CheesyTime|move: Tailwind
|move|p2b: Floette|Light of Ruin|p1b: Sneasler|[miss]
|-miss|p2b: Floette|p1b: Sneasler
|move|p1b: Sneasler|Dire Claw|p2a: Whimsicott
|-supereffective|p2a: Whimsicott|2
|-enditem|p2a: Whimsicott|Focus Sash
|-damage|p2a: Whimsicott|1/100
|move|p1a: Metagross|Psychic Fangs|p2b: Floette
|-damage|p2b: Floette|0 fnt
|faint|p2b: Floette
|
|-weather|SunnyDay|[upkeep]
|upkeep
|
|t:|1782205884
|switch|p2b: Basculegion|Basculegion, L50, M|100/100
|turn|5
|
|t:|1782205897
|switch|p2a: Farigiraf|Farigiraf, L50, M|100/100
|move|p1a: Metagross|Protect|p1a: Metagross
|-singleturn|p1a: Metagross|Protect
|move|p2b: Basculegion|Last Respects|p1a: Metagross
|-activate|p1a: Metagross|move: Protect
|move|p1b: Sneasler|Coaching|p1a: Metagross
|-boost|p1a: Metagross|atk|1
|-boost|p1a: Metagross|def|1
|
|-weather|none
|upkeep
|turn|6
|
|t:|1782205921
|switch|p1b: Ninetales|Ninetales-Alola, L50, M|100/100
|-weather|Snowscape|[from] ability: Snow Warning|[of] p1b: Ninetales
|move|p2a: Farigiraf|Helping Hand|p2b: Basculegion
|-singleturn|p2b: Basculegion|Helping Hand|[of] p2a: Farigiraf
|move|p2b: Basculegion|Last Respects|p1a: Metagross
|-supereffective|p1a: Metagross|1
|-damage|p1a: Metagross|0 fnt
|faint|p1a: Metagross
|-damage|p2b: Basculegion|90/100|[from] item: Life Orb
|
|-weather|Snowscape|[upkeep]
|upkeep
|-message|daveedeh forfeited.
|
|win|CheesyTime
|raw|daveedeh's rating: 1143 → 1117(-26 for losing)
|raw|CheesyTime's rating: 1124 → 1150(+26 for winning)
