|j|☆Metaformina500
|j|☆meklae
|html|Metaformina500meklae    
|uhtml|bestof|Game 1 of a best-of-3
|t:|1782382269
|gametype|doubles
|player|p1|Metaformina500|juan|1086
|player|p2|meklae|169|1146
|gen|9
|tier|[Gen 9 Champions] VGC 2026 Reg M-B (Bo3)
|rated|
|rule|Species Clause: Limit one of each Pokémon
|rule|Item Clause: Limit 1 of each item
|clearpoke
|poke|p1|Swampert, L50, M|
|poke|p1|Pelipper, L50, M|
|poke|p1|Archaludon, L50, F|
|poke|p1|Venusaur, L50, M|
|poke|p1|Gholdengo, L50|
|poke|p1|Grimmsnarl, L50, M|
|poke|p2|Floette-Eternal, L50, F|
|poke|p2|Sinistcha, L50|
|poke|p2|Annihilape, L50, F|
|poke|p2|Aerodactyl, L50, M|
|poke|p2|Kangaskhan, L50, F|
|poke|p2|Incineroar, L50, F|
|teampreview|4
|showteam|p1|Swampert||Swampertite|Torrent|WaveCrash,HighHorsepower,IcePunch,Protect|Adamant||M|||50|]Pelipper||FocusSash|Drizzle|WideGuard,Tailwind,WeatherBall,Hurricane|Modest||M|||50|]Archaludon||Leftovers|Stamina|Protect,FlashCannon,DragonPulse,ElectroShot|Modest||F|||50|]Venusaur||Venusaurite|Chlorophyll|Protect,GigaDrain,SludgeBomb,EarthPower|Modest||M|||50|]Gholdengo||LifeOrb|GoodasGold|Protect,NastyPlot,MakeItRain,ShadowBall|Modest|||||50|]Grimmsnarl||LightClay|Prankster|FoulPlay,LightScreen,Reflect,PartingShot|Careful||M|||50|
|showteam|p2|Floette-Eternal||Floettite|FlowerVeil|Moonblast,DazzlingGleam,DrainingKiss,CalmMind|Modest||F|||50|]Sinistcha||KasibBerry|Hospitality|MatchaGotcha,ShadowBall,RagePowder,TrickRoom|Bold|||||50|]Annihilape||Leftovers|Defiant|RageFist,DrainPunch,BulkUp,Protect|Adamant||F|||50|]Aerodactyl||FocusSash|Unnerve|RockSlide,DualWingbeat,Tailwind,Protect|Jolly||M|||50|]Kangaskhan||Kangaskhanite|Scrappy|FakeOut,DoubleEdge,SuckerPunch,DrainPunch|Adamant||F|||50|]Incineroar||SitrusBerry|Intimidate|FakeOut,FlareBlitz,ThroatChop,PartingShot|Careful||F|||50|
|inactive|Battle timer is ON: inactive players will automatically lose when time's up. (requested by meklae)
|
|t:|1782382320
|teamsize|p1|4
|teamsize|p2|4
|start
|switch|p1a: Archaludon|Archaludon, L50, F|100/100
|switch|p1b: Grimmsnarl|Grimmsnarl, L50, M|100/100
|switch|p2a: Annihilape|Annihilape, L50, F|100/100
|switch|p2b: Sinistcha|Sinistcha, L50|100/100
|turn|1
|inactive|Metaformina500 has 30 seconds left.
|inactive|meklae has 30 seconds left.
|inactive|meklae has 20 seconds left.
|inactive|meklae has 15 seconds left.
|inactive|meklae has 10 seconds left.
|
|t:|1782382367
|move|p2b: Sinistcha|Rage Powder|p2b: Sinistcha
|-singleturn|p2b: Sinistcha|move: Rage Powder
|move|p1b: Grimmsnarl|Parting Shot|p2b: Sinistcha
|-unboost|p2b: Sinistcha|atk|1
|-unboost|p2b: Sinistcha|spa|1
|
|t:|1782382370
|switch|p1b: Pelipper|Pelipper, L50, M|100/100|[from] Parting Shot
|-weather|RainDance|[from] ability: Drizzle|[of] p1b: Pelipper
|move|p2a: Annihilape|Bulk Up|p2a: Annihilape
|-boost|p2a: Annihilape|atk|1
|-boost|p2a: Annihilape|def|1
|move|p1a: Archaludon|Electro Shot||[still]
|-prepare|p1a: Archaludon|Electro Shot
|-boost|p1a: Archaludon|spa|1
|-anim|p1a: Archaludon|Electro Shot|p2b: Sinistcha
|-resisted|p2b: Sinistcha|1
|-damage|p2b: Sinistcha|68/100
|
|-weather|RainDance|[upkeep]
|upkeep
|turn|2
|
|t:|1782382390
|move|p2b: Sinistcha|Rage Powder|p2b: Sinistcha
|-singleturn|p2b: Sinistcha|move: Rage Powder
|move|p1b: Pelipper|Hurricane|p2b: Sinistcha
|-supereffective|p2b: Sinistcha|1
|-damage|p2b: Sinistcha|0 fnt
|faint|p2b: Sinistcha
|move|p2a: Annihilape|Drain Punch|p1a: Archaludon
|-supereffective|p1a: Archaludon|1
|-damage|p1a: Archaludon|23/100
|-ability|p1a: Archaludon|Stamina|boost
|-boost|p1a: Archaludon|def|1
|move|p1a: Archaludon|Electro Shot||[still]
|-prepare|p1a: Archaludon|Electro Shot
|-boost|p1a: Archaludon|spa|1
|-anim|p1a: Archaludon|Electro Shot|p2a: Annihilape
|-damage|p2a: Annihilape|35/100
|
|-weather|RainDance|[upkeep]
|-heal|p2a: Annihilape|41/100|[from] item: Leftovers
|-heal|p1a: Archaludon|30/100|[from] item: Leftovers
|upkeep
|
|t:|1782382406
|switch|p2b: Kangaskhan|Kangaskhan, L50, F|100/100
|turn|3
|
|t:|1782382417
|detailschange|p2b: Kangaskhan|Kangaskhan-Mega, L50, F
|-mega|p2b: Kangaskhan|Kangaskhan|Kangaskhanite
|move|p2b: Kangaskhan|Fake Out|p1b: Pelipper
|-damage|p1b: Pelipper|70/100
|-damage|p1b: Pelipper|64/100
|-hitcount|p1b: Pelipper|2
|cant|p1b: Pelipper|flinch
|move|p2a: Annihilape|Drain Punch|p1a: Archaludon
|-supereffective|p1a: Archaludon|1
|-crit|p1a: Archaludon
|-damage|p1a: Archaludon|0 fnt
|-heal|p2a: Annihilape|55/100|[from] drain|[of] p1a: Archaludon
|faint|p1a: Archaludon
|
|-weather|RainDance|[upkeep]
|-heal|p2a: Annihilape|62/100|[from] item: Leftovers
|upkeep
|
|t:|1782382430
|switch|p1a: Grimmsnarl|Grimmsnarl, L50, M|100/100
|turn|4
|
|t:|1782382451
|switch|p2b: Aerodactyl|Aerodactyl, L50, M|100/100
|-ability|p2b: Aerodactyl|Unnerve
|move|p2a: Annihilape|Protect|p2a: Annihilape
|-singleturn|p2a: Annihilape|Protect
|move|p1a: Grimmsnarl|Reflect|p1a: Grimmsnarl
|-sidestart|p1: Metaformina500|Reflect
|move|p1b: Pelipper|Hurricane|p2a: Annihilape
|-activate|p2a: Annihilape|move: Protect
|
|-weather|RainDance|[upkeep]
|-heal|p2a: Annihilape|68/100|[from] item: Leftovers
|upkeep
|turn|5
|inactive|Metaformina500 has 30 seconds left.
|inactive|Metaformina500 has 20 seconds left.
|
|t:|1782382487
|move|p2b: Aerodactyl|Tailwind|p2b: Aerodactyl
|-sidestart|p2: meklae|move: Tailwind
|move|p2a: Annihilape|Rage Fist|p1b: Pelipper
|-damage|p1b: Pelipper|3/100
|move|p1b: Pelipper|Tailwind|p1b: Pelipper
|-sidestart|p1: Metaformina500|move: Tailwind
|move|p1a: Grimmsnarl|Foul Play|p2b: Aerodactyl
|-damage|p2b: Aerodactyl|30/100
|
|-weather|none
|-heal|p2a: Annihilape|74/100|[from] item: Leftovers
|upkeep
|turn|6
|inactive|meklae has 30 seconds left.
|
|t:|1782382514
|switch|p1b: Venusaur|Venusaur, L50, M|100/100
|move|p2b: Aerodactyl|Dual Wingbeat|p1b: Venusaur
|-supereffective|p1b: Venusaur|1
|-damage|p1b: Venusaur|73/100
|-supereffective|p1b: Venusaur|1
|-damage|p1b: Venusaur|48/100
|-hitcount|p1b: Venusaur|2
|move|p2a: Annihilape|Drain Punch|p1a: Grimmsnarl
|-crit|p1a: Grimmsnarl
|-damage|p1a: Grimmsnarl|22/100
|-heal|p2a: Annihilape|100/100|[from] drain|[of] p1a: Grimmsnarl
|move|p1a: Grimmsnarl|Foul Play|p2b: Aerodactyl
|-damage|p2b: Aerodactyl|0 fnt
|faint|p2b: Aerodactyl
|
|upkeep
|
|t:|1782382526
|switch|p2b: Kangaskhan|Kangaskhan-Mega, L50, F|100/100
|turn|7
|
|t:|1782382538
|detailschange|p1b: Venusaur|Venusaur-Mega, L50, M
|-mega|p1b: Venusaur|Venusaur|Venusaurite
|move|p1b: Venusaur|Protect|p1b: Venusaur
|-singleturn|p1b: Venusaur|Protect
|move|p2b: Kangaskhan|Fake Out|p1b: Venusaur
|-activate|p1b: Venusaur|move: Protect
|move|p2a: Annihilape|Drain Punch|p1a: Grimmsnarl
|-damage|p1a: Grimmsnarl|0 fnt
|faint|p1a: Grimmsnarl
|
|upkeep
|
|t:|1782382547
|switch|p1a: Pelipper|Pelipper, L50, M|3/100
|-weather|RainDance|[from] ability: Drizzle|[of] p1a: Pelipper
|turn|8
|inactive|meklae has 30 seconds left.
|
|t:|1782382575
|move|p2b: Kangaskhan|Sucker Punch|p1a: Pelipper
|-damage|p1a: Pelipper|0 fnt
|faint|p1a: Pelipper
|move|p1b: Venusaur|Giga Drain|p2b: Kangaskhan
|-damage|p2b: Kangaskhan|69/100
|-heal|p1b: Venusaur|65/100|[from] drain|[of] p2b: Kangaskhan
|move|p2a: Annihilape|Rage Fist|p1b: Venusaur
|-damage|p1b: Venusaur|30/100
|
|-weather|RainDance|[upkeep]
|-sideend|p1: Metaformina500|move: Tailwind
|-sideend|p2: meklae|move: Tailwind
|upkeep
|turn|9
|-message|Metaformina500 forfeited.
|
|win|meklae
||Metaformina500 is ready for game 2.
||meklae is ready for game 2.
|uhtml|next|Next: Game 2 of 3
|l|☆meklae
|player|p2|
