|j|☆SomeKidJon
|j|☆exessvgc
|html|SomeKidJonexessvgc    
|uhtml|bestof|Game 1 of a best-of-3
|t:|1782247243
|gametype|doubles
|player|p1|SomeKidJon|scientistf|1281
|player|p2|exessvgc|265|1130
|gen|9
|tier|[Gen 9 Champions] VGC 2026 Reg M-B (Bo3)
|rated|
|rule|Species Clause: Limit one of each Pokémon
|rule|Item Clause: Limit 1 of each item
|clearpoke
|poke|p1|Camerupt, L50, M|
|poke|p1|Farigiraf, L50, F, shiny|
|poke|p1|Incineroar, L50, M|
|poke|p1|Primarina, L50, M|
|poke|p1|Staraptor, L50, M|
|poke|p1|Ninetales-Alola, L50, M|
|poke|p2|Sceptile, L50, M|
|poke|p2|Rotom-Heat, L50|
|poke|p2|Basculegion, L50, M|
|poke|p2|Aerodactyl, L50, M|
|poke|p2|Garchomp, L50, M|
|poke|p2|Floette-Eternal, L50, F|
|teampreview|4
|showteam|p1|Camerupt||Cameruptite|SolidRock|Protect,HeatWave,AncientPower,EarthPower|Quiet||M|||50|]Farigiraf||SitrusBerry|ArmorTail|HelpingHand,TrickRoom,DazzlingGleam,Protect|Calm||F|||50|]Incineroar||PasshoBerry|Intimidate|PartingShot,FakeOut,FlareBlitz,ThroatChop|Careful||M|||50|]Primarina||Leftovers|LiquidVoice|HyperVoice,Protect,Moonblast,CalmMind|Modest||M|||50|]Staraptor||Staraptite|Intimidate|Tailwind,CloseCombat,BraveBird,Protect|Jolly||M|||50|]Ninetales-Alola||LightClay|SnowWarning|AuroraVeil,Blizzard,FreezeDry,Protect|Timid||M|||50|
|showteam|p2|Sceptile||Sceptilite|Overgrow|GrassKnot,DragonPulse,EarthPower,Detect|Modest||M|||50|]Rotom-Heat||ChoiceScarf|Levitate|Thunderbolt,Overheat,VoltSwitch,Discharge|Timid|||||50|]Basculegion||SitrusBerry|Adaptability|WaveCrash,LastRespects,AquaJet,Protect|Adamant||M|||50|]Aerodactyl||FocusSash|Unnerve|RockSlide,DualWingbeat,Tailwind,WideGuard|Jolly||M|||50|]Garchomp||LifeOrb|RoughSkin|DragonClaw,Earthquake,RockSlide,Protect|Jolly||M|||50|]Floette-Eternal||Floettite|FlowerVeil|Moonblast,DazzlingGleam,LightofRuin,Protect|Timid||F|||50|
|l|☆exessvgc
|player|p2|
|j|☆exessvgc
|player|p2|exessvgc|265|
|
|t:|1782247337
|teamsize|p1|4
|teamsize|p2|4
|start
|switch|p1a: Incineroar|Incineroar, L50, M|100/100
|switch|p1b: Farigiraf|Farigiraf, L50, F, shiny|100/100
|switch|p2a: Sceptile|Sceptile, L50, M|100/100
|switch|p2b: Rotom|Rotom-Heat, L50|100/100
|-ability|p1a: Incineroar|Intimidate|boost
|-unboost|p2a: Sceptile|atk|1
|-unboost|p2b: Rotom|atk|1
|turn|1
|inactive|Battle timer is ON: inactive players will automatically lose when time's up. (requested by exessvgc)
|
|t:|1782247361
|detailschange|p2a: Sceptile|Sceptile-Mega, L50, M
|-mega|p2a: Sceptile|Sceptile|Sceptilite
|move|p1a: Incineroar|Fake Out|p2b: Rotom
|-damage|p2b: Rotom|86/100
|cant|p2b: Rotom|flinch
|move|p2a: Sceptile|Earth Power|p1a: Incineroar
|-supereffective|p1a: Incineroar|1
|-damage|p1a: Incineroar|41/100
|move|p1b: Farigiraf|Trick Room|p1b: Farigiraf
|-fieldstart|move: Trick Room|[of] p1b: Farigiraf
|
|upkeep
|turn|2
|inactive|exessvgc has 30 seconds left.
|
|t:|1782247393
|move|p2a: Sceptile|Detect|p2a: Sceptile
|-singleturn|p2a: Sceptile|Protect
|move|p1b: Farigiraf|Dazzling Gleam|p2b: Rotom|[spread] p2b
|-activate|p2a: Sceptile|move: Protect
|-resisted|p2b: Rotom|1
|-damage|p2b: Rotom|75/100
|move|p1a: Incineroar|Parting Shot|p2b: Rotom
|-unboost|p2b: Rotom|atk|1
|-unboost|p2b: Rotom|spa|1
|
|t:|1782247397
|switch|p1a: Camerupt|Camerupt, L50, M|100/100|[from] Parting Shot
|move|p2b: Rotom|Volt Switch|p2a: Sceptile
|-activate|p2a: Sceptile|ability: Lightning Rod
|-activate|p2a: Sceptile|move: Protect
|
|upkeep
|turn|3
|
|t:|1782247415
|switch|p2a: Basculegion|Basculegion, L50, M|100/100
|detailschange|p1a: Camerupt|Camerupt-Mega, L50, M
|-mega|p1a: Camerupt|Camerupt|Cameruptite
|move|p1a: Camerupt|Heat Wave|p2b: Rotom|[spread] p2a,p2b
|-resisted|p2a: Basculegion|1
|-resisted|p2b: Rotom|1
|-damage|p2a: Basculegion|70/100
|-damage|p2b: Rotom|37/100
|move|p1b: Farigiraf|Dazzling Gleam|p2b: Rotom|[spread] p2a,p2b
|-resisted|p2b: Rotom|1
|-damage|p2a: Basculegion|51/100
|-damage|p2b: Rotom|27/100
|move|p2b: Rotom|Volt Switch|p1b: Farigiraf
|-damage|p1b: Farigiraf|81/100
|
|t:|1782247430
|switch|p2b: Garchomp|Garchomp, L50, M|100/100|[from] Volt Switch
|
|upkeep
|turn|4
|
|t:|1782247441
|switch|p2a: Rotom|Rotom-Heat, L50|27/100
|move|p1a: Camerupt|Earth Power|p2a: Rotom
|-immune|p2a: Rotom|[from] ability: Levitate
|move|p1b: Farigiraf|Dazzling Gleam|p2b: Garchomp|[spread] p2a,p2b
|-resisted|p2a: Rotom|1
|-supereffective|p2b: Garchomp|1
|-damage|p2a: Rotom|18/100
|-damage|p2b: Garchomp|64/100
|move|p2b: Garchomp|Earthquake|p1a: Camerupt|[spread] p1a,p1b
|-immune|p2a: Rotom|[from] ability: Levitate
|-supereffective|p1a: Camerupt|1
|-damage|p1a: Camerupt|6/100
|-damage|p1b: Farigiraf|35/100
|-enditem|p1b: Farigiraf|Sitrus Berry|[eat]
|-heal|p1b: Farigiraf|60/100|[from] item: Sitrus Berry
|-damage|p2b: Garchomp|54/100|[from] item: Life Orb
|
|upkeep
|turn|5
|
|t:|1782247465
|move|p2b: Garchomp|Protect|p2b: Garchomp
|-singleturn|p2b: Garchomp|Protect
|move|p1a: Camerupt|Heat Wave|p2b: Garchomp|[spread] p2a
|-activate|p2b: Garchomp|move: Protect
|-resisted|p2a: Rotom|1
|-damage|p2a: Rotom|0 fnt
|faint|p2a: Rotom
|move|p1b: Farigiraf|Dazzling Gleam|p2b: Garchomp
|-activate|p2b: Garchomp|move: Protect
|
|-fieldend|move: Trick Room
|upkeep
|
|t:|1782247472
|switch|p2a: Sceptile|Sceptile-Mega, L50, M|100/100
|turn|6
|
|t:|1782247485
|switch|p1a: Incineroar|Incineroar, L50, M|41/100
|-ability|p1a: Incineroar|Intimidate|boost
|-unboost|p2a: Sceptile|atk|1
|-unboost|p2b: Garchomp|atk|1
|move|p2a: Sceptile|Grass Knot|p1b: Farigiraf
|-damage|p1b: Farigiraf|7/100
|move|p2b: Garchomp|Earthquake|p1b: Farigiraf|[spread] p2a,p1a,p1b
|-resisted|p2a: Sceptile|1
|-supereffective|p1a: Incineroar|1
|-damage|p2a: Sceptile|76/100
|-damage|p1a: Incineroar|0 fnt
|-damage|p1b: Farigiraf|0 fnt
|faint|p1a: Incineroar
|faint|p1b: Farigiraf
|-damage|p2b: Garchomp|44/100|[from] item: Life Orb
|
|upkeep
|
|t:|1782247487
|switch|p1a: Primarina|Primarina, L50, M|100/100
|switch|p1b: Camerupt|Camerupt-Mega, L50, M|6/100
|turn|7
|
|t:|1782247504
|move|p2a: Sceptile|Grass Knot|p1a: Primarina
|-supereffective|p1a: Primarina|1
|-damage|p1a: Primarina|42/100
|move|p2b: Garchomp|Earthquake|p1b: Camerupt|[spread] p2a,p1a,p1b
|-resisted|p2a: Sceptile|1
|-supereffective|p1b: Camerupt|1
|-damage|p2a: Sceptile|47/100
|-damage|p1a: Primarina|8/100
|-damage|p1b: Camerupt|0 fnt
|faint|p1b: Camerupt
|-damage|p2b: Garchomp|35/100|[from] item: Life Orb
|move|p1a: Primarina|Moonblast|p2a: Sceptile
|-supereffective|p2a: Sceptile|1
|-damage|p2a: Sceptile|0 fnt
|faint|p2a: Sceptile
|
|-heal|p1a: Primarina|13/100|[from] item: Leftovers
|upkeep
|-message|SomeKidJon forfeited.
|
|win|exessvgc
|l|☆SomeKidJon
|player|p1|
||exessvgc is ready for game 2.
||SomeKidJon is ready for game 2.
|uhtml|next|Next: Game 2 of 3
