|j|☆BeatrizPinzon64
|j|☆Inayaaaa
|html|BeatrizPinzon64Inayaaaa    
|uhtml|bestof|Game 2 of a best-of-3
|t:|1782435189
|gametype|doubles
|player|p1|BeatrizPinzon64|clerkf|1148
|player|p2|Inayaaaa|169|1180
|gen|9
|tier|[Gen 9 Champions] VGC 2026 Reg M-B (Bo3)
|rated|
|rule|Species Clause: Limit one of each Pokémon
|rule|Item Clause: Limit 1 of each item
|clearpoke
|poke|p1|Metagross, L50|
|poke|p1|Floette-Eternal, L50, F|
|poke|p1|Whimsicott, L50, F|
|poke|p1|Garchomp, L50, M|
|poke|p1|Kingambit, L50, F|
|poke|p1|Sneasler, L50, M|
|poke|p2|Sneasler, L50, F|
|poke|p2|Meganium, L50, F|
|poke|p2|Kingambit, L50, M|
|poke|p2|Garchomp, L50, M|
|poke|p2|Pelipper, L50, M|
|poke|p2|Greninja, L50, F|
|teampreview|4
|showteam|p1|Metagross||Metagrossite|ClearBody|IcePunch,IronHead,PsychicFangs,Protect|Jolly|||||50|]Floette-Eternal||Floettite|FlowerVeil|LightofRuin,Moonblast,DazzlingGleam,Protect|Timid||F|||50|]Whimsicott||FocusSash|Prankster|Moonblast,Tailwind,EnergyBall,Encore|Timid||F|||50|]Garchomp||LifeOrb|RoughSkin|DragonClaw,RockTomb,StompingTantrum,Protect|Jolly||M|||50|]Kingambit||ChopleBerry|Defiant|SuckerPunch,KowtowCleave,IronHead,Protect|Adamant||F|||50|]Sneasler||WhiteHerb|Unburden|CloseCombat,DireClaw,FakeOut,Protect|Jolly||M|||50|
|showteam|p2|Sneasler||WhiteHerb|Unburden|CloseCombat,FakeOut,DireClaw,Protect|Jolly||F|||50|]Meganium||Meganiumite|Overgrow|SolarBeam,DazzlingGleam,WeatherBall,Protect|Modest||F|||50|]Kingambit||ChopleBerry|Defiant|SuckerPunch,KowtowCleave,Protect,IronHead|Adamant||M|||50|]Garchomp||SitrusBerry|RoughSkin|Earthquake,DragonClaw,RockSlide,Protect|Jolly||M|||50|]Pelipper||FocusSash|Drizzle|Hurricane,WeatherBall,WideGuard,Tailwind|Modest||M|||50|]Greninja||Greninjite|Protean|Extrasensory,HydroCannon,SludgeWave,Protect|Timid||F|||50|
|
|t:|1782435199
|teamsize|p1|4
|teamsize|p2|4
|start
|switch|p1a: Whimsicott|Whimsicott, L50, F|100/100
|switch|p1b: Floette|Floette-Eternal, L50, F|100/100
|switch|p2a: Greninja|Greninja, L50, F|100/100
|switch|p2b: Pelipper|Pelipper, L50, M|100/100
|-weather|RainDance|[from] ability: Drizzle|[of] p2b: Pelipper
|turn|1
|
|t:|1782435223
|detailschange|p2a: Greninja|Greninja-Mega, L50, F
|-mega|p2a: Greninja|Greninja|Greninjite
|detailschange|p1b: Floette|Floette-Mega, L50, F
|-mega|p1b: Floette|Floette|Floettite
|-ability|p1b: Floette|Fairy Aura
|move|p2a: Greninja|Protect|p2a: Greninja
|-start|p2a: Greninja|typechange|Normal|[from] ability: Protean
|-singleturn|p2a: Greninja|Protect
|move|p1a: Whimsicott|Tailwind|p1a: Whimsicott
|-sidestart|p1: BeatrizPinzon64|move: Tailwind
|move|p1b: Floette|Dazzling Gleam|p2a: Greninja|[spread] p2b
|-activate|p2a: Greninja|move: Protect
|-damage|p2b: Pelipper|40/100
|move|p2b: Pelipper|Tailwind|p2b: Pelipper
|-sidestart|p2: Inayaaaa|move: Tailwind
|
|-weather|RainDance|[upkeep]
|upkeep
|turn|2
|
|t:|1782435244
|move|p1a: Whimsicott|Encore|p2a: Greninja
|-start|p2a: Greninja|Encore
|move|p2a: Greninja|Protect||[still]
|-fail|p2a: Greninja
|move|p1b: Floette|Moonblast|p2b: Pelipper
|-damage|p2b: Pelipper|0 fnt
|faint|p2b: Pelipper
|
|-weather|RainDance|[upkeep]
|upkeep
|
|t:|1782435254
|switch|p2b: Kingambit|Kingambit, L50, M|100/100
|turn|3
|
|t:|1782435262
|switch|p2a: Meganium|Meganium, L50, F|100/100
|move|p1a: Whimsicott|Moonblast|p2a: Meganium
|-damage|p2a: Meganium|57/100
|move|p1b: Floette|Light of Ruin|p2b: Kingambit
|-damage|p2b: Kingambit|0 fnt
|faint|p2b: Kingambit
|-damage|p1b: Floette|36/100|[from] Recoil
|
|-weather|RainDance|[upkeep]
|upkeep
|
|t:|1782435272
|switch|p2b: Greninja|Greninja-Mega, L50, F|100/100
|turn|4
|
|t:|1782435298
|move|p1b: Floette|Protect|p1b: Floette
|-singleturn|p1b: Floette|Protect
|move|p2b: Greninja|Sludge Wave|p1a: Whimsicott|[spread] p2a,p1a
|-start|p2b: Greninja|typechange|Poison|[from] ability: Protean
|-activate|p1b: Floette|move: Protect
|-supereffective|p2a: Meganium|1
|-supereffective|p1a: Whimsicott|2
|-damage|p2a: Meganium|0 fnt
|-enditem|p1a: Whimsicott|Focus Sash
|-damage|p1a: Whimsicott|1/100
|faint|p2a: Meganium
|move|p1a: Whimsicott|Moonblast|p2b: Greninja
|-resisted|p2b: Greninja|1
|-damage|p2b: Greninja|69/100
|
|-weather|RainDance|[upkeep]
|-sideend|p2: Inayaaaa|move: Tailwind
|-sideend|p1: BeatrizPinzon64|move: Tailwind
|upkeep
|turn|5
|
|t:|1782435315
|move|p1a: Whimsicott|Tailwind|p1a: Whimsicott
|-sidestart|p1: BeatrizPinzon64|move: Tailwind
|move|p1b: Floette|Light of Ruin|p2b: Greninja
|-resisted|p2b: Greninja|1
|-damage|p2b: Greninja|1/100
|-damage|p1b: Floette|6/100|[from] Recoil
|move|p2b: Greninja|Sludge Wave|p1b: Floette|[spread] p1a,p1b
|-supereffective|p1a: Whimsicott|2
|-supereffective|p1b: Floette|1
|-damage|p1a: Whimsicott|0 fnt
|-damage|p1b: Floette|0 fnt
|faint|p1a: Whimsicott
|faint|p1b: Floette
|
|-weather|none
|upkeep
|
|t:|1782435327
|switch|p1a: Garchomp|Garchomp, L50, M|100/100
|switch|p1b: Sneasler|Sneasler, L50, M|100/100
|turn|6
|
|t:|1782435334
|move|p2b: Greninja|Protect|p2b: Greninja
|-singleturn|p2b: Greninja|Protect
|move|p1b: Sneasler|Fake Out|p2b: Greninja
|-activate|p2b: Greninja|move: Protect
|move|p1a: Garchomp|Stomping Tantrum|p2b: Greninja
|-activate|p2b: Greninja|move: Protect
|
|upkeep
|turn|7
|
|t:|1782435346
|move|p1b: Sneasler|Dire Claw|p2b: Greninja
|-resisted|p2b: Greninja|1
|-damage|p2b: Greninja|0 fnt
|faint|p2b: Greninja
|
|win|BeatrizPinzon64
|raw|BeatrizPinzon64's rating: 1148 → 1175(+27 for winning)
|raw|Inayaaaa's rating: 1180 → 1153(-27 for losing)
|l|☆Inayaaaa
|player|p2|
