|j|☆rancidspy
|j|☆duraflameusa
|html|rancidspyduraflameusa    
|uhtml|bestof|Game 2 of a best-of-3
|t:|1786009044
|gametype|doubles
|player|p1|rancidspy|1|1134
|player|p2|duraflameusa|byron|1070
|gen|9
|tier|[Gen 9 Champions] VGC 2026 Reg M-B (Bo3)
|rated|
|rule|Species Clause: Limit one of each Pokémon
|rule|Item Clause: Limit 1 of each item
|clearpoke
|poke|p1|Staraptor, L50, M|
|poke|p1|Mamoswine, L50, M|
|poke|p1|Bellibolt, L50, M|
|poke|p1|Sinistcha, L50|
|poke|p1|Grimmsnarl, L50, M|
|poke|p1|Ceruledge, L50, F|
|poke|p2|Gengar, L50, F|
|poke|p2|Politoed, L50, M|
|poke|p2|Incineroar, L50, M|
|poke|p2|Archaludon, L50, F|
|poke|p2|Swampert, L50, M|
|poke|p2|Vivillon-Pokeball, L50, M|
|teampreview|4
|showteam|p1|Staraptor||Staraptite|Intimidate|BraveBird,CloseCombat,Tailwind,Protect|Jolly||M|||50|]Mamoswine||FocusSash|Oblivious|IceShard,HighHorsepower,RockTomb,Protect|Adamant||M|||50|]Bellibolt||Leftovers|Electromorphosis|MuddyWater,Thunderbolt,ParabolicCharge,SlackOff|Modest||M|||50|]Sinistcha||KasibBerry|Hospitality|MatchaGotcha,RagePowder,TrickRoom,Protect|Bold|||||50|]Grimmsnarl||LightClay|Prankster|SpiritBreak,Reflect,LightScreen,PartingShot|Impish||M|||50|]Ceruledge||ColburBerry|FlashFire|ShadowSneak,BitterBlade,BulkUp,Protect|Serious||F|||50|
|showteam|p2|Gengar||Gengarite|CursedBody|ShadowBall,SludgeBomb,Disable,Protect|Bold||F|||50|]Politoed||SitrusBerry|Drizzle|PerishSong,Encore,MuddyWater,Protect|Calm||M|||50|]Incineroar||PasshoBerry|Intimidate|FakeOut,DarkestLariat,PartingShot,Protect|Careful||M|||50|]Archaludon||Leftovers|Stamina|ElectroShot,DracoMeteor,FlashCannon,Protect|Timid||F|||50|]Swampert||Swampertite|Damp|Earthquake,WaveCrash,StompingTantrum,Protect|Adamant||M|||50|]Vivillon-Pokeball||ChoiceScarf|CompoundEyes|SleepPowder,Tailwind,PollenPuff,RainDance|Timid||M|||50|
|inactive|Battle timer is ON: inactive players will automatically lose when time's up. (requested by rancidspy)
|
|t:|1786009071
|teamsize|p1|4
|teamsize|p2|4
|start
|switch|p1a: Mamoswine|Mamoswine, L50, M|100/100
|switch|p1b: Grimmsnarl|Grimmsnarl, L50, M|100/100
|switch|p2a: Vivillon|Vivillon-Pokeball, L50, M|100/100
|switch|p2b: Incineroar|Incineroar, L50, M|100/100
|-ability|p2b: Incineroar|Intimidate|boost
|-fail|p1a: Mamoswine|unboost|Attack|[from] ability: Oblivious|[of] p1a: Mamoswine
|-unboost|p1b: Grimmsnarl|atk|1
|turn|1
|inactive|rancidspy has 30 seconds left.
|
|t:|1786009106
|move|p1a: Mamoswine|Protect|p1a: Mamoswine
|-singleturn|p1a: Mamoswine|Protect
|move|p1b: Grimmsnarl|Reflect|p1b: Grimmsnarl
|-sidestart|p1: rancidspy|Reflect
|move|p2a: Vivillon|Sleep Powder|p1a: Mamoswine
|-activate|p1a: Mamoswine|move: Protect
|move|p2b: Incineroar|Parting Shot|p1b: Grimmsnarl
|-unboost|p1b: Grimmsnarl|atk|1
|-unboost|p1b: Grimmsnarl|spa|1
|
|t:|1786009112
|switch|p2b: Gengar|Gengar, L50, F|100/100|[from] Parting Shot
|
|upkeep
|turn|2
|
|t:|1786009131
|detailschange|p2b: Gengar|Gengar-Mega, L50, F
|-mega|p2b: Gengar|Gengar|Gengarite
|move|p1a: Mamoswine|Ice Shard|p2a: Vivillon
|-supereffective|p2a: Vivillon|1
|-damage|p2a: Vivillon|32/100
|move|p1b: Grimmsnarl|Light Screen|p1b: Grimmsnarl
|-sidestart|p1: rancidspy|move: Light Screen
|move|p2a: Vivillon|Sleep Powder|p1a: Mamoswine
|-status|p1a: Mamoswine|slp|[from] move: Sleep Powder
|move|p2b: Gengar|Sludge Bomb|p1b: Grimmsnarl
|-supereffective|p1b: Grimmsnarl|1
|-damage|p1b: Grimmsnarl|28/100
|
|upkeep
|turn|3
|inactive|rancidspy has 30 seconds left.
|inactive|rancidspy has 20 seconds left.
|
|t:|1786009167
|switch|p2b: Politoed|Politoed, L50, M|100/100
|-weather|RainDance|[from] ability: Drizzle|[of] p2b: Politoed
|cant|p1a: Mamoswine|slp
|move|p2a: Vivillon|Sleep Powder|p1b: Grimmsnarl
|-status|p1b: Grimmsnarl|slp|[from] move: Sleep Powder
|cant|p1b: Grimmsnarl|slp
|
|-weather|RainDance|[upkeep]
|upkeep
|turn|4
|inactive|rancidspy has 30 seconds left.
|inactive|duraflameusa has 30 seconds left.
|
|t:|1786009199
|switch|p2a: Incineroar|Incineroar, L50, M|100/100
|-ability|p2a: Incineroar|Intimidate|boost
|-fail|p1a: Mamoswine|unboost|Attack|[from] ability: Oblivious|[of] p1a: Mamoswine
|-unboost|p1b: Grimmsnarl|atk|1
|switch|p1a: Staraptor|Staraptor, L50, M|100/100
|-ability|p1a: Staraptor|Intimidate|boost
|-unboost|p2a: Incineroar|atk|1
|-unboost|p2b: Politoed|atk|1
|move|p2b: Politoed|Muddy Water|p1a: Staraptor|[spread] p1a,p1b
|-crit|p1b: Grimmsnarl
|-damage|p1a: Staraptor|68/100
|-damage|p1b: Grimmsnarl|0 fnt
|faint|p1b: Grimmsnarl
|
|-weather|RainDance|[upkeep]
|upkeep
|
|t:|1786009211
|switch|p1b: Sinistcha|Sinistcha, L50|100/100
|-heal|p1a: Staraptor|92/100|[from] ability: Hospitality|[of] p1b: Sinistcha
|turn|5
|inactive|rancidspy has 30 seconds left.
|
|t:|1786009242
|switch|p2a: Gengar|Gengar-Mega, L50, F|100/100
|detailschange|p1a: Staraptor|Staraptor-Mega, L50, M
|-mega|p1a: Staraptor|Staraptor|Staraptite
|move|p1a: Staraptor|Protect|p1a: Staraptor
|-singleturn|p1a: Staraptor|Protect
|move|p2b: Politoed|Perish Song|p2b: Politoed
|-start|p1a: Staraptor|perish3|[silent]
|-start|p1b: Sinistcha|perish3|[silent]
|-start|p2a: Gengar|perish3|[silent]
|-start|p2b: Politoed|perish3|[silent]
|-fieldactivate|move: Perish Song
|move|p1b: Sinistcha|Matcha Gotcha|p2a: Gengar|[spread] p2a,p2b
|-resisted|p2a: Gengar|1
|-supereffective|p2b: Politoed|1
|-crit|p2b: Politoed
|-damage|p2a: Gengar|87/100
|-damage|p2b: Politoed|47/100
|-enditem|p2b: Politoed|Sitrus Berry|[eat]
|-heal|p2b: Politoed|72/100|[from] item: Sitrus Berry
|
|-weather|RainDance|[upkeep]
|-start|p1a: Staraptor|perish3
|-start|p2a: Gengar|perish3
|-start|p2b: Politoed|perish3
|-start|p1b: Sinistcha|perish3
|upkeep
|turn|6
|inactive|rancidspy has 30 seconds left.
|inactive|duraflameusa has 30 seconds left.
|inactive|rancidspy has 20 seconds left.
|inactive|duraflameusa has 20 seconds left.
|
|t:|1786009281
|switch|p2a: Vivillon|Vivillon-Pokeball, L50, M|32/100
|move|p2b: Politoed|Protect|p2b: Politoed
|-singleturn|p2b: Politoed|Protect
|move|p1a: Staraptor|Close Combat|p2b: Politoed
|-activate|p2b: Politoed|move: Protect
|move|p1b: Sinistcha|Matcha Gotcha|p2a: Vivillon|[spread] 
|-activate|p2b: Politoed|move: Protect
|-miss|p1b: Sinistcha|p2a: Vivillon
|
|-weather|RainDance|[upkeep]
|-start|p1a: Staraptor|perish2
|-start|p2b: Politoed|perish2
|-start|p1b: Sinistcha|perish2
|upkeep
|turn|7
|c|☆duraflameusa|damn i misread
|inactive|rancidspy has 30 seconds left.
|
|t:|1786009307
|switch|p2a: Gengar|Gengar-Mega, L50, F|87/100
|switch|p2b: Incineroar|Incineroar, L50, M|100/100
|-ability|p2b: Incineroar|Intimidate|boost
|-boost|p1a: Staraptor|atk|1
|-unboost|p1b: Sinistcha|atk|1
|switch|p1b: Mamoswine|Mamoswine, L50, M|100/100 slp
|move|p1a: Staraptor|Tailwind|p1a: Staraptor
|-sidestart|p1: rancidspy|move: Tailwind
|
|-weather|none
|-start|p1a: Staraptor|perish1
|upkeep
|turn|8
|inactive|rancidspy has 30 seconds left.
|
|t:|1786009335
|move|p1a: Staraptor|Protect|p1a: Staraptor
|-singleturn|p1a: Staraptor|Protect
|move|p2a: Gengar|Protect|p2a: Gengar
|-singleturn|p2a: Gengar|Protect
|move|p2b: Incineroar|Fake Out|p1a: Staraptor
|-activate|p1a: Staraptor|move: Protect
|-curestatus|p1b: Mamoswine|slp|[msg]
|move|p1b: Mamoswine|High Horsepower|p2b: Incineroar
|-supereffective|p2b: Incineroar|1
|-damage|p2b: Incineroar|1/100
|
|-start|p1a: Staraptor|perish0
|-sideend|p1: rancidspy|Reflect
|faint|p1a: Staraptor
|upkeep
|
|t:|1786009350
|switch|p1a: Sinistcha|Sinistcha, L50|100/100
|turn|9
|
|t:|1786009358
|switch|p2a: Vivillon|Vivillon-Pokeball, L50, M|32/100
|move|p2b: Incineroar|Protect|p2b: Incineroar
|-singleturn|p2b: Incineroar|Protect
|move|p1b: Mamoswine|Ice Shard|p2b: Incineroar
|-activate|p2b: Incineroar|move: Protect
|move|p1a: Sinistcha|Matcha Gotcha|p2a: Vivillon|[spread] p2a
|-activate|p2b: Incineroar|move: Protect
|-resisted|p2a: Vivillon|2
|-damage|p2a: Vivillon|21/100
|
|-sideend|p1: rancidspy|move: Light Screen
|upkeep
|turn|10
|inactive|rancidspy has 30 seconds left.
|
|t:|1786009386
|switch|p2b: Gengar|Gengar-Mega, L50, F|87/100
|move|p1b: Mamoswine|High Horsepower|p2b: Gengar
|-supereffective|p2b: Gengar|1
|-crit|p2b: Gengar
|-damage|p2b: Gengar|0 fnt
|faint|p2b: Gengar
|move|p2a: Vivillon|Sleep Powder|p1b: Mamoswine
|-status|p1b: Mamoswine|slp|[from] move: Sleep Powder
|move|p1a: Sinistcha|Matcha Gotcha|p2a: Vivillon
|-resisted|p2a: Vivillon|2
|-damage|p2a: Vivillon|6/100
|
|-sideend|p1: rancidspy|move: Tailwind
|upkeep
|
|t:|1786009391
|switch|p2b: Incineroar|Incineroar, L50, M|1/100
|-ability|p2b: Incineroar|Intimidate|boost
|-unboost|p1a: Sinistcha|atk|1
|-fail|p1b: Mamoswine|unboost|Attack|[from] ability: Oblivious|[of] p1b: Mamoswine
|turn|11
|
|t:|1786009405
|switch|p2a: Politoed|Politoed, L50, M|72/100
|-weather|RainDance|[from] ability: Drizzle|[of] p2a: Politoed
|move|p2b: Incineroar|Protect|p2b: Incineroar
|-singleturn|p2b: Incineroar|Protect
|move|p1a: Sinistcha|Rage Powder|p1a: Sinistcha
|-singleturn|p1a: Sinistcha|move: Rage Powder
|cant|p1b: Mamoswine|slp
|
|-weather|RainDance|[upkeep]
|upkeep
|turn|12
|
|t:|1786009416
|cant|p1b: Mamoswine|slp
|move|p1a: Sinistcha|Matcha Gotcha|p2a: Politoed|[spread] p2b
|-miss|p1a: Sinistcha|p2a: Politoed
|-resisted|p2b: Incineroar|1
|-damage|p2b: Incineroar|0 fnt
|faint|p2b: Incineroar
|move|p2a: Politoed|Perish Song|p2a: Politoed
|-start|p1a: Sinistcha|perish3|[silent]
|-start|p1b: Mamoswine|perish3|[silent]
|-start|p2a: Politoed|perish3|[silent]
|-fieldactivate|move: Perish Song
|
|-weather|RainDance|[upkeep]
|-start|p1b: Mamoswine|perish3
|-start|p2a: Politoed|perish3
|-start|p1a: Sinistcha|perish3
|upkeep
|
|t:|1786009420
|switch|p2b: Vivillon|Vivillon-Pokeball, L50, M|6/100
|turn|13
|
|t:|1786009440
|-curestatus|p1b: Mamoswine|slp|[msg]
|move|p1b: Mamoswine|Ice Shard|p2b: Vivillon
|-supereffective|p2b: Vivillon|1
|-damage|p2b: Vivillon|0 fnt
|faint|p2b: Vivillon
|move|p2a: Politoed|Muddy Water|p1b: Mamoswine|[spread] p1a,p1b
|-resisted|p1a: Sinistcha|1
|-supereffective|p1b: Mamoswine|1
|-damage|p1a: Sinistcha|84/100
|-damage|p1b: Mamoswine|10/100
|-unboost|p1b: Mamoswine|accuracy|1
|move|p1a: Sinistcha|Matcha Gotcha|p2a: Politoed
|-supereffective|p2a: Politoed|1
|-damage|p2a: Politoed|25/100
|-heal|p1a: Sinistcha|100/100|[from] drain|[of] p2a: Politoed
|-status|p2a: Politoed|brn
|
|-weather|RainDance|[upkeep]
|-damage|p2a: Politoed|19/100 brn|[from] brn
|-start|p1b: Mamoswine|perish2
|-start|p1a: Sinistcha|perish2
|-start|p2a: Politoed|perish2
|upkeep
|turn|14
|
|t:|1786009463
|move|p2a: Politoed|Protect|p2a: Politoed
|-singleturn|p2a: Politoed|Protect
|move|p1b: Mamoswine|High Horsepower|p2a: Politoed
|-activate|p2a: Politoed|move: Protect
|move|p1a: Sinistcha|Matcha Gotcha|p2a: Politoed
|-activate|p2a: Politoed|move: Protect
|
|-weather|RainDance|[upkeep]
|-damage|p2a: Politoed|13/100 brn|[from] brn
|-start|p1b: Mamoswine|perish1
|-start|p2a: Politoed|perish1
|-start|p1a: Sinistcha|perish1
|upkeep
|turn|15
|c|☆duraflameusa|im p sure im speed tieing sinistcha
|inactive|rancidspy has 30 seconds left.
|
|t:|1786009495
|move|p2a: Politoed|Protect|p2a: Politoed
|-singleturn|p2a: Politoed|Protect
|move|p1b: Mamoswine|High Horsepower|p2a: Politoed
|-activate|p2a: Politoed|move: Protect
|move|p1a: Sinistcha|Matcha Gotcha|p2a: Politoed
|-activate|p2a: Politoed|move: Protect
|
|-weather|none
|-damage|p2a: Politoed|7/100 brn|[from] brn
|-start|p1b: Mamoswine|perish0
|-start|p1a: Sinistcha|perish0
|-start|p2a: Politoed|perish0
|faint|p1b: Mamoswine
|faint|p1a: Sinistcha
|faint|p2a: Politoed
|
|win|duraflameusa
|inactive|rancidspy has 30 seconds to confirm battle start!
|inactive|duraflameusa has 30 seconds to confirm battle start!
|l|☆rancidspy
|player|p1|
||duraflameusa is ready for game 3.
||rancidspy is ready for game 3.
|uhtml|next|Next: Game 3 of 3
