|j|☆Chapignon286
|j|☆PumitaNike
|html|Chapignon286PumitaNike    
|uhtml|bestof|Game 2 of a best-of-3
|t:|1757648067
|gametype|doubles
|player|p1|Chapignon286|265|1134
|player|p2|PumitaNike|170|1043
|gen|9
|tier|[Gen 9] VGC 2025 Reg H (Bo3)
|rated|
|rule|Species Clause: Limit one of each Pokémon
|rule|Item Clause: Limit 1 of each item
|clearpoke
|poke|p1|Dondozo, L50, M|
|poke|p1|Tatsugiri, L50, F|
|poke|p1|Kingambit, L50, F|
|poke|p1|Sneasler, L50, F|
|poke|p1|Volcarona, L50, M|
|poke|p1|Dragonite, L50, F|
|poke|p2|Porygon2, L50|
|poke|p2|Ursaluna, L50, F|
|poke|p2|Amoonguss, L50, F|
|poke|p2|Garchomp, L50, F|
|poke|p2|Talonflame, L50, F|
|poke|p2|Gholdengo, L50|
|teampreview|4
|showteam|p1|Dondozo||Leftovers|Unaware|WaveCrash,OrderUp,Yawn,Protect|||M|||50|,,,,,Grass]Tatsugiri||ChoiceScarf|Commander|IcyWind,DracoMeteor,MuddyWater,TeraBlast|||F|||50|,,,,,Steel]Kingambit||SafetyGoggles|Defiant|KowtowCleave,SuckerPunch,SwordsDance,Protect|||F|||50|,,,,,Ghost]Sneasler||FocusSash|Unburden|CloseCombat,DireClaw,Coaching,Protect|||F|||50|,,,,,Stellar]Volcarona||CovertCloak|FlameBody|HeatWave,TeraBlast,QuiverDance,Protect|||M|||50|,,,,,Fairy]Dragonite||LoadedDice|Multiscale|ScaleShot,Protect,Tailwind,StompingTantrum|||F|||50|,,,,,Fairy
|showteam|p2|Porygon2||Eviolite|Download|TeraBlast,IceBeam,Recover,TrickRoom||||||50|,,,,,Fighting]Ursaluna||FlameOrb|Guts|Facade,Protect,HeadlongRush,Earthquake|||F|||50|,,,,,Ghost]Amoonguss||RockyHelmet|Regenerator|PollenPuff,RagePowder,Spore,SludgeBomb|||F|||50|,,,,,Water]Garchomp||ClearAmulet|RoughSkin|SwordsDance,DragonClaw,StompingTantrum,Protect|||F|||50|,,,,,Steel]Talonflame||CovertCloak|GaleWings|DualWingbeat,WillOWisp,Tailwind,FlareBlitz|||F|||50|,,,,,Fire]Gholdengo||LifeOrb|GoodasGold|NastyPlot,ShadowBall,MakeItRain,Protect||||||50|,,,,,Steel
|inactive|Battle timer is ON: inactive players will automatically lose when time's up. (requested by Chapignon286)
|inactive|Chapignon286 has 60 seconds left.
|inactive|Chapignon286 has 30 seconds left.
|
|t:|1757648128
|teamsize|p1|4
|teamsize|p2|4
|start
|switch|p1a: Volcarona|Volcarona, L50, M|100/100
|switch|p1b: Dragonite|Dragonite, L50, F|100/100
|switch|p2a: Porygon2|Porygon2, L50|100/100
|switch|p2b: Ursaluna|Ursaluna, L50, F|100/100
|-ability|p2a: Porygon2|Download|boost
|-boost|p2a: Porygon2|atk|1
|turn|1
|inactive|PumitaNike has 30 seconds left.
|
|t:|1757648155
|move|p1a: Volcarona|Heat Wave|p2a: Porygon2|[spread] p2a,p2b
|-damage|p2a: Porygon2|82/100
|-damage|p2b: Ursaluna|72/100
|-status|p2b: Ursaluna|brn
|move|p1b: Dragonite|Scale Shot|p2a: Porygon2
|-damage|p2a: Porygon2|72/100
|-damage|p2a: Porygon2|62/100
|-damage|p2a: Porygon2|52/100
|-damage|p2a: Porygon2|41/100
|-damage|p2a: Porygon2|30/100
|-hitcount|p2a: Porygon2|5
|-unboost|p1b: Dragonite|def|1
|-boost|p1b: Dragonite|spe|1
|move|p2b: Ursaluna|Facade|p1b: Dragonite
|-damage|p1b: Dragonite|0 fnt
|faint|p1b: Dragonite
|move|p2a: Porygon2|Trick Room|p2a: Porygon2
|-fieldstart|move: Trick Room|[of] p2a: Porygon2
|
|-damage|p2b: Ursaluna|66/100 brn|[from] brn
|upkeep
|
|t:|1757648168
|switch|p1b: Dondozo|Dondozo, L50, M|100/100
|turn|2
|
|t:|1757648192
|switch|p2b: Amoonguss|Amoonguss, L50, F|100/100
|move|p1b: Dondozo|Protect|p1b: Dondozo
|-singleturn|p1b: Dondozo|Protect
|move|p2a: Porygon2|Recover|p2a: Porygon2
|-heal|p2a: Porygon2|80/100
|move|p1a: Volcarona|Heat Wave|p2b: Amoonguss|[spread] p2a
|-miss|p1a: Volcarona|p2b: Amoonguss
|-damage|p2a: Porygon2|58/100
|
|upkeep
|turn|3
|
|t:|1757648211
|switch|p1a: Tatsugiri|Tatsugiri, L50, F|100/100
|-activate|p1a: Tatsugiri|ability: Commander|[of] p1b: Dondozo
|-boost|p1b: Dondozo|atk|2
|-boost|p1b: Dondozo|spa|2
|-boost|p1b: Dondozo|spe|2
|-boost|p1b: Dondozo|def|2
|-boost|p1b: Dondozo|spd|2
|-terastallize|p1b: Dondozo|Grass
|move|p2b: Amoonguss|Spore|p1b: Dondozo
|-immune|p1b: Dondozo
|move|p2a: Porygon2|Recover|p2a: Porygon2
|-heal|p2a: Porygon2|100/100
|move|p1b: Dondozo|Order Up|p2a: Porygon2
|-damage|p2a: Porygon2|73/100
|-boost|p1b: Dondozo|atk|1
|
|upkeep
|turn|4
|
|t:|1757648234
|switch|p2a: Gholdengo|Gholdengo, L50|100/100
|move|p2b: Amoonguss|Sludge Bomb|p1b: Dondozo
|-supereffective|p1b: Dondozo
|-damage|p1b: Dondozo|78/100
|move|p1b: Dondozo|Order Up|p2a: Gholdengo
|-resisted|p2a: Gholdengo
|-damage|p2a: Gholdengo|73/100
|-boost|p1b: Dondozo|atk|1
|
|-heal|p1b: Dondozo|85/100|[from] item: Leftovers
|upkeep
|turn|5
|inactive|PumitaNike has 30 seconds left.
|inactive|PumitaNike has 20 seconds left.
|inactive|PumitaNike has 15 seconds left.
|
|t:|1757648275
|move|p1b: Dondozo|Protect|p1b: Dondozo
|-singleturn|p1b: Dondozo|Protect
|move|p2b: Amoonguss|Sludge Bomb|p1b: Dondozo
|-activate|p1b: Dondozo|move: Protect
|move|p2a: Gholdengo|Make It Rain|p1a: Tatsugiri|[spread] 
|-miss|p2a: Gholdengo|p1a: Tatsugiri
|-activate|p1b: Dondozo|move: Protect
|
|-heal|p1b: Dondozo|91/100|[from] item: Leftovers
|-fieldend|move: Trick Room
|upkeep
|turn|6
|
|t:|1757648296
|move|p1b: Dondozo|Order Up|p2a: Gholdengo
|-resisted|p2a: Gholdengo
|-damage|p2a: Gholdengo|37/100
|-boost|p1b: Dondozo|atk|1
|move|p2a: Gholdengo|Make It Rain|p1b: Dondozo|[spread] p1b
|-miss|p2a: Gholdengo|p1a: Tatsugiri
|-damage|p1b: Dondozo|68/100
|-unboost|p2a: Gholdengo|spa|1
|-damage|p2a: Gholdengo|28/100|[from] item: Life Orb
|move|p2b: Amoonguss|Sludge Bomb|p1b: Dondozo
|-supereffective|p1b: Dondozo
|-damage|p1b: Dondozo|46/100
|
|-heal|p1b: Dondozo|52/100|[from] item: Leftovers
|upkeep
|turn|7
|
|t:|1757648319
|move|p1b: Dondozo|Protect|p1b: Dondozo
|-singleturn|p1b: Dondozo|Protect
|move|p2a: Gholdengo|Protect|p2a: Gholdengo
|-singleturn|p2a: Gholdengo|Protect
|move|p2b: Amoonguss|Sludge Bomb|p1b: Dondozo
|-activate|p1b: Dondozo|move: Protect
|
|-heal|p1b: Dondozo|58/100|[from] item: Leftovers
|upkeep
|turn|8
|
|t:|1757648330
|move|p1b: Dondozo|Order Up|p2a: Gholdengo
|-resisted|p2a: Gholdengo
|-damage|p2a: Gholdengo|0 fnt
|faint|p2a: Gholdengo
|-boost|p1b: Dondozo|atk|1
|move|p2b: Amoonguss|Sludge Bomb|p1b: Dondozo
|-supereffective|p1b: Dondozo
|-damage|p1b: Dondozo|36/100
|
|-heal|p1b: Dondozo|42/100|[from] item: Leftovers
|upkeep
|
|t:|1757648342
|switch|p2a: Porygon2|Porygon2, L50|73/100
|-ability|p2a: Porygon2|Download|boost
|-boost|p2a: Porygon2|spa|1
|turn|9
|
|t:|1757648361
|move|p1b: Dondozo|Wave Crash|p2a: Porygon2
|-damage|p2a: Porygon2|0 fnt
|faint|p2a: Porygon2
|-damage|p1b: Dondozo|22/100|[from] Recoil
|move|p2b: Amoonguss|Sludge Bomb|p1b: Dondozo
|-supereffective|p1b: Dondozo
|-damage|p1b: Dondozo|0 fnt
|faint|p1b: Dondozo
|
|upkeep
|
|t:|1757648371
|switch|p2a: Ursaluna|Ursaluna, L50, F|66/100 brn
|switch|p1b: Volcarona|Volcarona, L50, M|100/100
|turn|10
|inactive|Chapignon286 has 30 seconds left.
|inactive|Chapignon286 has 20 seconds left.
|inactive|Chapignon286 has 15 seconds left.
|inactive|Chapignon286 has 10 seconds left.
|inactive|Chapignon286 has 5 seconds left.
|
|t:|1757648426
|-terastallize|p2b: Amoonguss|Water
|move|p2a: Ursaluna|Protect|p2a: Ursaluna
|-singleturn|p2a: Ursaluna|Protect
|move|p1a: Tatsugiri|Draco Meteor|p2a: Ursaluna
|-activate|p2a: Ursaluna|move: Protect
|move|p1b: Volcarona|Heat Wave|p2b: Amoonguss|[spread] p2b
|-activate|p2a: Ursaluna|move: Protect
|-resisted|p2b: Amoonguss
|-damage|p2b: Amoonguss|86/100
|move|p2b: Amoonguss|Spore|p1a: Tatsugiri
|-status|p1a: Tatsugiri|slp|[from] move: Spore
|
|-damage|p2a: Ursaluna|60/100 brn|[from] brn
|upkeep
|turn|11
|
|t:|1757648449
|move|p1b: Volcarona|Protect|p1b: Volcarona
|-singleturn|p1b: Volcarona|Protect
|cant|p1a: Tatsugiri|slp
|move|p2a: Ursaluna|Facade|p1a: Tatsugiri
|-damage|p1a: Tatsugiri|0 fnt
|faint|p1a: Tatsugiri
|move|p2b: Amoonguss|Pollen Puff|p2a: Ursaluna
|-heal|p2a: Ursaluna|100/100 brn
|
|-damage|p2a: Ursaluna|95/100 brn|[from] brn
|upkeep
|turn|12
|c|☆Chapignon286|gg
|
|t:|1757648466
|move|p1b: Volcarona|Heat Wave|p2b: Amoonguss|[spread] p2a,p2b
|-resisted|p2b: Amoonguss
|-damage|p2a: Ursaluna|62/100 brn
|-damage|p2b: Amoonguss|73/100
|-status|p2b: Amoonguss|brn
|move|p2a: Ursaluna|Facade|p1b: Volcarona
|-damage|p1b: Volcarona|0 fnt
|faint|p1b: Volcarona
|
|win|PumitaNike
|raw|Chapignon286's rating: 1134 → 1103(-31 for losing)
|raw|PumitaNike's rating: 1043 → 1085(+42 for winning)
|l|☆Chapignon286
|player|p1|
