|j|‽informtech
|j|☆Fcjavic09
|html|informtechFcjavic09    
|uhtml|bestof|Game 2 of a best-of-3
|t:|1783434536
|gametype|doubles
|player|p1|informtech|102|1255
|player|p2|Fcjavic09|ninjaboy|1375
|gen|9
|tier|[Gen 9 Champions] VGC 2026 Reg M-B (Bo3)
|rated|
|rule|Species Clause: Limit one of each Pokémon
|rule|Item Clause: Limit 1 of each item
|clearpoke
|poke|p1|Staraptor, L50, F|
|poke|p1|Whimsicott, L50, F|
|poke|p1|Basculegion, L50, M|
|poke|p1|Garchomp, L50, F|
|poke|p1|Charizard, L50, M|
|poke|p1|Kingambit, L50, F|
|poke|p2|Floette-Eternal, L50, F|
|poke|p2|Charizard, L50, M|
|poke|p2|Basculegion, L50, M|
|poke|p2|Garchomp, L50, M|
|poke|p2|Whimsicott, L50, F|
|poke|p2|Kingambit, L50, M|
|teampreview|4
|showteam|p1|Staraptor||Staraptite|Intimidate|CloseCombat,BraveBird,Protect,Roost|Adamant||F|||50|]Whimsicott||FocusSash|Prankster|Tailwind,TrickRoom,Moonblast,Tickle|Quiet||F|||50|]Basculegion||SitrusBerry|Adaptability|LastRespects,Protect,AquaJet,WaveCrash|Jolly||M|||50|]Garchomp||LifeOrb|RoughSkin|DragonClaw,RockSlide,Earthquake,Protect|Adamant||F|||50|]Charizard||CharizarditeY|SolarPower|HeatWave,AirSlash,SolarBeam,Protect|Modest||M|||50|]Kingambit||BlackGlasses|Defiant|KowtowCleave,SuckerPunch,Protect,IronHead|Adamant||F|||50|
|showteam|p2|Floette-Eternal||Floettite|FlowerVeil|DazzlingGleam,Protect,Moonblast,LightofRuin|Modest||F|||50|]Charizard||CharizarditeY|SolarPower|Protect,SolarBeam,WeatherBall,HeatWave|Modest||M|||50|]Basculegion||ChoiceScarf|Adaptability|FlipTurn,WaveCrash,LastRespects,AquaJet|Jolly||M|||50|]Garchomp||LifeOrb|RoughSkin|Protect,Earthquake,DragonClaw,RockSlide|Jolly||M|||50|]Whimsicott||FocusSash|Prankster|Moonblast,Encore,Protect,Tailwind|Timid||F|||50|]Kingambit||BlackGlasses|Defiant|Protect,KowtowCleave,IronHead,SuckerPunch|Adamant||M|||50|
|inactive|Battle timer is ON: inactive players will automatically lose when time's up. (requested by Fcjavic09)
|inactive|informtech has 60 seconds left.
|
|t:|1783434581
|teamsize|p1|4
|teamsize|p2|4
|start
|switch|p1a: Whimsicott|Whimsicott, L50, F|100/100
|switch|p1b: Garchomp|Garchomp, L50, F|100/100
|switch|p2a: Kingambit|Kingambit, L50, M|100/100
|switch|p2b: Garchomp|Garchomp, L50, M|100/100
|turn|1
|
|t:|1783434602
|move|p1a: Whimsicott|Tailwind|p1a: Whimsicott
|-sidestart|p1: informtech|move: Tailwind
|move|p2a: Kingambit|Sucker Punch|p1b: Garchomp
|-crit|p1b: Garchomp
|-damage|p1b: Garchomp|37/100
|-damage|p2a: Kingambit|87/100|[from] ability: Rough Skin|[of] p1b: Garchomp
|move|p1b: Garchomp|Dragon Claw|p2b: Garchomp
|-supereffective|p2b: Garchomp|1
|-damage|p2b: Garchomp|0 fnt
|-damage|p1b: Garchomp|24/100|[from] ability: Rough Skin|[of] p2b: Garchomp
|faint|p2b: Garchomp
|-damage|p1b: Garchomp|14/100|[from] item: Life Orb
|
|upkeep
|
|t:|1783434613
|switch|p2b: Charizard|Charizard, L50, M|100/100
|turn|2
|inactive|informtech has 30 seconds left.
|inactive|Fcjavic09 has 30 seconds left.
|
|t:|1783434647
|detailschange|p2b: Charizard|Charizard-Mega-Y, L50, M
|-mega|p2b: Charizard|Charizard|Charizardite Y
|-weather|SunnyDay|[from] ability: Drought|[of] p2b: Charizard
|move|p1b: Garchomp|Protect|p1b: Garchomp
|-singleturn|p1b: Garchomp|Protect
|move|p1a: Whimsicott|Moonblast|p2b: Charizard
|-resisted|p2b: Charizard|1
|-damage|p2b: Charizard|83/100
|move|p2b: Charizard|Heat Wave|p1a: Whimsicott|[spread] p1a
|-activate|p1b: Garchomp|move: Protect
|-supereffective|p1a: Whimsicott|1
|-crit|p1a: Whimsicott
|-enditem|p1a: Whimsicott|Focus Sash
|-damage|p1a: Whimsicott|1/100
|-status|p1a: Whimsicott|brn
|move|p2a: Kingambit|Kowtow Cleave|p1a: Whimsicott
|-resisted|p1a: Whimsicott|1
|-damage|p1a: Whimsicott|0 fnt
|faint|p1a: Whimsicott
|
|-weather|SunnyDay|[upkeep]
|upkeep
|
|t:|1783434666
|switch|p1a: Charizard|Charizard, L50, M|100/100
|turn|3
|
|t:|1783434684
|switch|p2a: Basculegion|Basculegion, L50, M|100/100
|detailschange|p1a: Charizard|Charizard-Mega-Y, L50, M
|-mega|p1a: Charizard|Charizard|Charizardite Y
|move|p2b: Charizard|Protect|p2b: Charizard
|-singleturn|p2b: Charizard|Protect
|move|p1a: Charizard|Heat Wave|p2a: Basculegion|[spread] p2a
|-activate|p2b: Charizard|move: Protect
|-resisted|p2a: Basculegion|1
|-damage|p2a: Basculegion|60/100
|-status|p2a: Basculegion|brn
|move|p1b: Garchomp|Rock Slide|p2a: Basculegion|[spread] p2a
|-activate|p2b: Charizard|move: Protect
|-damage|p2a: Basculegion|31/100 brn
|-damage|p1b: Garchomp|4/100|[from] item: Life Orb
|
|-weather|SunnyDay|[upkeep]
|-damage|p2a: Basculegion|25/100 brn|[from] brn
|upkeep
|turn|4
|
|t:|1783434708
|move|p1b: Garchomp|Protect|p1b: Garchomp
|-singleturn|p1b: Garchomp|Protect
|move|p1a: Charizard|Heat Wave|p2a: Basculegion|[spread] p2a,p2b
|-resisted|p2a: Basculegion|1
|-resisted|p2b: Charizard|1
|-damage|p2a: Basculegion|0 fnt
|-damage|p2b: Charizard|53/100
|faint|p2a: Basculegion
|move|p2b: Charizard|Weather Ball|p1a: Charizard
|-resisted|p1a: Charizard|1
|-damage|p1a: Charizard|56/100
|
|-weather|SunnyDay|[upkeep]
|-sideend|p1: informtech|move: Tailwind
|upkeep
|
|t:|1783434711
|switch|p2a: Kingambit|Kingambit, L50, M|87/100
|turn|5
|inactive|informtech has 30 seconds left.
|
|t:|1783434742
|move|p1a: Charizard|Protect|p1a: Charizard
|-singleturn|p1a: Charizard|Protect
|move|p2b: Charizard|Protect|p2b: Charizard
|-singleturn|p2b: Charizard|Protect
|move|p2a: Kingambit|Sucker Punch||[still]
|-fail|p2a: Kingambit
|move|p1b: Garchomp|Rock Slide|p2b: Charizard|[spread] 
|-activate|p2b: Charizard|move: Protect
|-miss|p1b: Garchomp|p2a: Kingambit
|
|-weather|SunnyDay|[upkeep]
|upkeep
|turn|6
|
|t:|1783434760
|move|p2b: Charizard|Protect|p2b: Charizard
|-singleturn|p2b: Charizard|Protect
|move|p2a: Kingambit|Sucker Punch|p1a: Charizard
|-damage|p1a: Charizard|2/100
|move|p1a: Charizard|Heat Wave|p2a: Kingambit|[spread] p2a
|-activate|p2b: Charizard|move: Protect
|-supereffective|p2a: Kingambit|1
|-damage|p2a: Kingambit|0 fnt
|faint|p2a: Kingambit
|move|p1b: Garchomp|Rock Slide|p2b: Charizard
|-activate|p2b: Charizard|move: Protect
|
|-weather|none
|upkeep
|turn|7
|-message|Fcjavic09 forfeited.
|
|win|informtech
|raw|informtech's rating: 1255 → 1288(+33 for winning)
|raw|Fcjavic09's rating: 1375 → 1348(-27 for losing)
|l|☆Fcjavic09
|player|p2|
