|j|☆testdigi
|j|☆Pojhbmm
|html|testdigiPojhbmm    
|uhtml|bestof|Game 2 of a best-of-3
|t:|1784830369
|gametype|doubles
|player|p1|testdigi|101|1048
|player|p2|Pojhbmm|170|1000
|gen|9
|tier|[Gen 9 Champions] VGC 2026 Reg M-B (Bo3)
|rated|
|rule|Species Clause: Limit one of each Pokémon
|rule|Item Clause: Limit 1 of each item
|clearpoke
|poke|p1|Raichu, L50, M|
|poke|p1|Toxapex, L50, F|
|poke|p1|Mamoswine, L50, F|
|poke|p1|Sylveon, L50, M|
|poke|p1|Corviknight, L50, F|
|poke|p1|Basculegion, L50, M|
|poke|p2|Metagross, L50|
|poke|p2|Charizard, L50, F|
|poke|p2|Toxapex, L50, F|
|poke|p2|Garchomp, L50, F|
|poke|p2|Grimmsnarl, L50, M|
|poke|p2|Hydreigon, L50, F|
|teampreview|4
|showteam|p1|Raichu||RaichuniteY|LightningRod|ZapCannon,FocusBlast,FakeOut,Protect|Timid||M|||50|]Toxapex||Leftovers|Regenerator|Infestation,Toxic,WideGuard,BanefulBunker|Relaxed||F|||50|]Mamoswine||LifeOrb|Oblivious|StompingTantrum,IceShard,RockSlide,Protect|Jolly||F|||50|]Sylveon||FairyFeather|Pixilate|HyperVoice,QuickAttack,Yawn,Detect|Modest||M|||50|]Corviknight||OccaBerry|MirrorArmor|IronHead,BraveBird,Tailwind,Protect|Adamant||F|||50|]Basculegion||FocusSash|Adaptability|LastRespects,Liquidation,AquaJet,Protect|Adamant||M|||50|
|showteam|p2|Metagross||Metagrossite|ClearBody|IronHead,BulletPunch,HammerArm,Protect|Adamant|||||50|]Charizard||CharizarditeY|Blaze|WeatherBall,HeatWave,SolarBeam,Protect|Timid||F|||50|]Toxapex||Leftovers|Regenerator|Toxic,Infestation,WideGuard,BanefulBunker|Bold||F|||50|]Garchomp||SitrusBerry|RoughSkin|Earthquake,RockSlide,DragonClaw,Protect|Adamant||F|||50|]Grimmsnarl||RoseliBerry|Prankster|FakeOut,FoulPlay,Reflect,PartingShot|Sassy||M|||50|]Hydreigon||ChoiceScarf|Levitate|HeatWave,DarkPulse,DracoMeteor,Snarl|Modest||F|||50|
|inactive|Battle timer is ON: inactive players will automatically lose when time's up. (requested by testdigi)
|
|t:|1784830392
|teamsize|p1|4
|teamsize|p2|4
|start
|switch|p1a: Raichu|Raichu, L50, M|100/100
|switch|p1b: Mamoswine|Mamoswine, L50, F|100/100
|switch|p2a: Grimmsnarl|Grimmsnarl, L50, M|100/100
|switch|p2b: Hydreigon|Hydreigon, L50, F|100/100
|turn|1
|inactive|testdigi has 30 seconds left.
|
|t:|1784830423
|detailschange|p1a: Raichu|Raichu-Mega-Y, L50, M
|-mega|p1a: Raichu|Raichu|Raichunite Y
|move|p1a: Raichu|Fake Out|p2b: Hydreigon
|-damage|p2b: Hydreigon|89/100
|move|p2a: Grimmsnarl|Fake Out|p1b: Mamoswine
|-damage|p1b: Mamoswine|86/100
|cant|p2b: Hydreigon|flinch
|cant|p1b: Mamoswine|flinch
|
|upkeep
|turn|2
|inactive|testdigi has 30 seconds left.
|
|t:|1784830453
|move|p2a: Grimmsnarl|Reflect|p2a: Grimmsnarl
|-sidestart|p2: Pojhbmm|Reflect
|move|p2b: Hydreigon|Draco Meteor|p1a: Raichu
|-damage|p1a: Raichu|11/100
|-unboost|p2b: Hydreigon|spa|2
|move|p1a: Raichu|Focus Blast|p2b: Hydreigon
|-supereffective|p2b: Hydreigon|1
|-damage|p2b: Hydreigon|0 fnt
|faint|p2b: Hydreigon
|move|p1b: Mamoswine|Rock Slide|p2a: Grimmsnarl
|-damage|p2a: Grimmsnarl|76/100
|-damage|p1b: Mamoswine|77/100|[from] item: Life Orb
|
|upkeep
|
|t:|1784830473
|switch|p2b: Charizard|Charizard, L50, F|100/100
|turn|3
|
|t:|1784830489
|switch|p1b: Toxapex|Toxapex, L50, F|100/100
|detailschange|p2b: Charizard|Charizard-Mega-Y, L50, F
|-mega|p2b: Charizard|Charizard|Charizardite Y
|-weather|SunnyDay|[from] ability: Drought|[of] p2b: Charizard
|move|p1a: Raichu|Protect|p1a: Raichu
|-singleturn|p1a: Raichu|Protect
|move|p2b: Charizard|Weather Ball|p1b: Toxapex
|-resisted|p1b: Toxapex|1
|-damage|p1b: Toxapex|71/100
|move|p2a: Grimmsnarl|Foul Play|p1a: Raichu
|-activate|p1a: Raichu|move: Protect
|
|-weather|SunnyDay|[upkeep]
|-heal|p1b: Toxapex|77/100|[from] item: Leftovers
|upkeep
|turn|4
|
|t:|1784830509
|move|p2b: Charizard|Protect|p2b: Charizard
|-singleturn|p2b: Charizard|Protect
|move|p1a: Raichu|Zap Cannon|p2b: Charizard
|-activate|p2b: Charizard|move: Protect
|move|p2a: Grimmsnarl|Foul Play|p1a: Raichu
|-damage|p1a: Raichu|0 fnt
|faint|p1a: Raichu
|move|p1b: Toxapex|Toxic|p2a: Grimmsnarl
|-status|p2a: Grimmsnarl|tox
|
|-weather|SunnyDay|[upkeep]
|-heal|p1b: Toxapex|82/100|[from] item: Leftovers
|-damage|p2a: Grimmsnarl|70/100 tox|[from] psn
|upkeep
|
|t:|1784830518
|switch|p1a: Mamoswine|Mamoswine, L50, F|77/100
|turn|5
|
|t:|1784830532
|switch|p2b: Toxapex|Toxapex, L50, F|100/100
|move|p1a: Mamoswine|Protect|p1a: Mamoswine
|-singleturn|p1a: Mamoswine|Protect
|move|p2a: Grimmsnarl|Parting Shot|p1b: Toxapex
|-unboost|p1b: Toxapex|atk|1
|-unboost|p1b: Toxapex|spa|1
|
|t:|1784830539
|switch|p2a: Charizard|Charizard-Mega-Y, L50, F|100/100|[from] Parting Shot
|move|p1b: Toxapex|Infestation|p2b: Toxapex
|-resisted|p2b: Toxapex|1
|-damage|p2b: Toxapex|99/100
|-activate|p2b: Toxapex|move: Infestation|[of] p1b: Toxapex
|
|-weather|SunnyDay|[upkeep]
|-heal|p2b: Toxapex|100/100|[from] item: Leftovers
|-heal|p1b: Toxapex|88/100|[from] item: Leftovers
|-damage|p2b: Toxapex|87/100|[from] move: Infestation|[partiallytrapped]
|upkeep
|turn|6
|
|t:|1784830552
|move|p2a: Charizard|Weather Ball|p1a: Mamoswine
|-supereffective|p1a: Mamoswine|1
|-damage|p1a: Mamoswine|0 fnt
|faint|p1a: Mamoswine
|move|p2b: Toxapex|Infestation|p1b: Toxapex
|-resisted|p1b: Toxapex|1
|-damage|p1b: Toxapex|87/100
|-activate|p1b: Toxapex|move: Infestation|[of] p2b: Toxapex
|move|p1b: Toxapex|Toxic|p2a: Charizard
|-status|p2a: Charizard|tox
|
|-weather|SunnyDay|[upkeep]
|-heal|p2b: Toxapex|93/100|[from] item: Leftovers
|-heal|p1b: Toxapex|92/100|[from] item: Leftovers
|-damage|p2a: Charizard|94/100 tox|[from] psn
|-damage|p2b: Toxapex|81/100|[from] move: Infestation|[partiallytrapped]
|-damage|p1b: Toxapex|80/100|[from] move: Infestation|[partiallytrapped]
|-sideend|p2: Pojhbmm|Reflect
|upkeep
|
|t:|1784830558
|switch|p1a: Basculegion|Basculegion, L50, M|100/100
|turn|7
|
|t:|1784830570
|switch|p2a: Grimmsnarl|Grimmsnarl, L50, M|70/100 tox
|move|p1a: Basculegion|Protect|p1a: Basculegion
|-singleturn|p1a: Basculegion|Protect
|move|p2b: Toxapex|Toxic|p1a: Basculegion
|-activate|p1a: Basculegion|move: Protect
|move|p1b: Toxapex|Infestation|p2a: Grimmsnarl
|-damage|p2a: Grimmsnarl|67/100 tox
|-activate|p2a: Grimmsnarl|move: Infestation|[of] p1b: Toxapex
|
|-weather|none
|-heal|p2b: Toxapex|87/100|[from] item: Leftovers
|-heal|p1b: Toxapex|86/100|[from] item: Leftovers
|-damage|p2a: Grimmsnarl|61/100 tox|[from] psn
|-damage|p2a: Grimmsnarl|49/100 tox|[from] move: Infestation|[partiallytrapped]
|-damage|p2b: Toxapex|75/100|[from] move: Infestation|[partiallytrapped]
|-damage|p1b: Toxapex|74/100|[from] move: Infestation|[partiallytrapped]
|upkeep
|turn|8
|
|t:|1784830590
|move|p2a: Grimmsnarl|Reflect|p2a: Grimmsnarl
|-sidestart|p2: Pojhbmm|Reflect
|move|p1a: Basculegion|Liquidation|p2a: Grimmsnarl
|-damage|p2a: Grimmsnarl|8/100 tox
|move|p2b: Toxapex|Toxic|p1a: Basculegion
|-status|p1a: Basculegion|tox
|move|p1b: Toxapex|Infestation|p2a: Grimmsnarl
|-damage|p2a: Grimmsnarl|6/100 tox
|
|-heal|p2b: Toxapex|80/100|[from] item: Leftovers
|-heal|p1b: Toxapex|80/100|[from] item: Leftovers
|-damage|p1a: Basculegion|93/100 tox|[from] psn
|-damage|p2a: Grimmsnarl|0 fnt|[from] psn
|faint|p2a: Grimmsnarl
|-damage|p2b: Toxapex|68/100|[from] move: Infestation|[partiallytrapped]
|-damage|p1b: Toxapex|68/100|[from] move: Infestation|[partiallytrapped]
|upkeep
|
|t:|1784830597
|switch|p2a: Charizard|Charizard-Mega-Y, L50, F|94/100 tox
|-weather|SunnyDay|[from] ability: Drought|[of] p2a: Charizard
|turn|9
|-message|testdigi forfeited.
|
|win|Pojhbmm
