|j|☆Parid08
|j|☆wolfeglick'sson
|html|Parid08wolfeglick'sson    
|uhtml|bestof|Game 2 of a best-of-3
|t:|1786017805
|gametype|doubles
|player|p1|Parid08|lucas|1137
|player|p2|wolfeglick'sson|2|1174
|gen|9
|tier|[Gen 9 Champions] VGC 2026 Reg M-B (Bo3)
|rated|
|rule|Species Clause: Limit one of each Pokémon
|rule|Item Clause: Limit 1 of each item
|clearpoke
|poke|p1|Charizard, L50, M|
|poke|p1|Floette-Eternal, L50, F|
|poke|p1|Whimsicott, L50, F|
|poke|p1|Kingambit, L50, F|
|poke|p1|Basculegion, L50, M|
|poke|p1|Garchomp, L50, F|
|poke|p2|Ceruledge, L50, F|
|poke|p2|Rotom-Wash, L50|
|poke|p2|Staraptor, L50, F|
|poke|p2|Whimsicott, L50, F|
|poke|p2|Dragalge, L50, M|
|poke|p2|Kingambit, L50, M|
|teampreview|4
|showteam|p1|Charizard||CharizarditeY|Blaze|HeatWave,WeatherBall,AncientPower,Protect|Modest||M|||50|]Floette-Eternal||Floettite|FlowerVeil|Moonblast,DazzlingGleam,LightofRuin,Protect|Timid||F|||50|]Whimsicott||FocusSash|Prankster|Moonblast,Tailwind,Encore,Protect|Timid||F|||50|]Kingambit||OccaBerry|Defiant|KowtowCleave,SuckerPunch,IronHead,Protect|Adamant||F|||50|]Basculegion||LifeOrb|Adaptability|WaveCrash,LastRespects,AquaJet,Protect|Adamant||M|||50|]Garchomp||RoseliBerry|RoughSkin|DragonClaw,Earthquake,RockSlide,PoisonJab|Jolly||F|||50|
|showteam|p2|Ceruledge||LifeOrb|FlashFire|BitterBlade,Poltergeist,ShadowSneak,Protect|Jolly||F|||50|]Rotom-Wash||Leftovers|Levitate|HydroPump,Thunderbolt,WillOWisp,Protect|Calm|||||50|]Staraptor||Staraptite|Intimidate|CloseCombat,BraveBird,Roost,Protect|Careful||F|||50|]Whimsicott||FocusSash|Prankster|Tailwind,Charm,Encore,Moonblast|Timid||F|||50|]Dragalge||Dragalgite|PoisonPoint|DragonPulse,SludgeBomb,Toxic,Protect|Calm||M|||50|]Kingambit||BlackGlasses|Defiant|IronHead,SuckerPunch,LowKick,Protect|Adamant||M|||50|
|inactive|Battle timer is ON: inactive players will automatically lose when time's up. (requested by wolfeglick'sson)
|inactive|Parid08 has 60 seconds left.
|inactive|Parid08 has 30 seconds left.
|
|t:|1786017871
|teamsize|p1|4
|teamsize|p2|4
|start
|switch|p1a: Whimsicott|Whimsicott, L50, F|100/100
|switch|p1b: Floette|Floette-Eternal, L50, F|100/100
|switch|p2a: Rotom|Rotom-Wash, L50|100/100
|switch|p2b: Ceruledge|Ceruledge, L50, F|100/100
|turn|1
|inactive|Parid08 has 30 seconds left.
|
|t:|1786017896
|switch|p1b: Kingambit|Kingambit, L50, F|100/100
|move|p1a: Whimsicott|Tailwind|p1a: Whimsicott
|-sidestart|p1: Parid08|move: Tailwind
|move|p2b: Ceruledge|Bitter Blade|p1b: Kingambit
|-supereffective|p1b: Kingambit|1
|-enditem|p1b: Kingambit|Occa Berry|[eat]
|-enditem|p1b: Kingambit|Occa Berry|[weaken]
|-damage|p1b: Kingambit|56/100
|-damage|p2b: Ceruledge|90/100|[from] item: Life Orb
|move|p2a: Rotom|Thunderbolt|p1b: Kingambit
|-damage|p1b: Kingambit|21/100
|
|upkeep
|turn|2
|
|t:|1786017919
|move|p1a: Whimsicott|Encore|p2b: Ceruledge
|-start|p2b: Ceruledge|Encore
|move|p1b: Kingambit|Sucker Punch|p2b: Ceruledge
|-supereffective|p2b: Ceruledge|1
|-damage|p2b: Ceruledge|0 fnt
|faint|p2b: Ceruledge
|move|p2a: Rotom|Thunderbolt|p1b: Kingambit
|-damage|p1b: Kingambit|0 fnt
|faint|p1b: Kingambit
|
|upkeep
|
|t:|1786017930
|switch|p2b: Whimsicott|Whimsicott, L50, F|100/100
|switch|p1b: Garchomp|Garchomp, L50, F|100/100
|turn|3
|
|t:|1786017939
|move|p2b: Whimsicott|Tailwind|p2b: Whimsicott
|-sidestart|p2: wolfeglick'sson|move: Tailwind
|move|p1a: Whimsicott|Moonblast|p2b: Whimsicott
|-damage|p2b: Whimsicott|35/100
|move|p1b: Garchomp|Poison Jab|p2b: Whimsicott
|-supereffective|p2b: Whimsicott|2
|-damage|p2b: Whimsicott|0 fnt
|faint|p2b: Whimsicott
|move|p2a: Rotom|Will-O-Wisp|p1b: Garchomp
|-status|p1b: Garchomp|brn
|
|-damage|p1b: Garchomp|94/100 brn|[from] brn
|upkeep
|
|t:|1786017948
|switch|p2b: Staraptor|Staraptor, L50, F|100/100
|-ability|p2b: Staraptor|Intimidate|boost
|-unboost|p1a: Whimsicott|atk|1
|-unboost|p1b: Garchomp|atk|1
|turn|4
|
|t:|1786017963
|detailschange|p2b: Staraptor|Staraptor-Mega, L50, F
|-mega|p2b: Staraptor|Staraptor|Staraptite
|move|p1a: Whimsicott|Moonblast|p2b: Staraptor
|-supereffective|p2b: Staraptor|1
|-damage|p2b: Staraptor|39/100
|-boost|p2b: Staraptor|spa|1
|move|p1b: Garchomp|Rock Slide|p2b: Staraptor|[spread] p2a,p2b
|-damage|p2a: Rotom|93/100
|-damage|p2b: Staraptor|33/100
|move|p2b: Staraptor|Close Combat|p1a: Whimsicott
|-resisted|p1a: Whimsicott|1
|-damage|p1a: Whimsicott|55/100
|-boost|p2b: Staraptor|def|1
|-boost|p2b: Staraptor|spd|1
|move|p2a: Rotom|Thunderbolt|p1a: Whimsicott
|-resisted|p1a: Whimsicott|1
|-damage|p1a: Whimsicott|29/100
|-status|p1a: Whimsicott|par
|
|-heal|p2a: Rotom|99/100|[from] item: Leftovers
|-damage|p1b: Garchomp|88/100 brn|[from] brn
|-sideend|p1: Parid08|move: Tailwind
|upkeep
|turn|5
|inactive|Parid08 has 30 seconds left.
|
|t:|1786017988
|move|p2b: Staraptor|Brave Bird|p1a: Whimsicott
|-supereffective|p1a: Whimsicott|1
|-damage|p1a: Whimsicott|0 fnt
|faint|p1a: Whimsicott
|-damage|p2b: Staraptor|25/100|[from] Recoil
|move|p2a: Rotom|Hydro Pump|p1b: Garchomp
|-damage|p1b: Garchomp|42/100 brn
|move|p1b: Garchomp|Dragon Claw|p2b: Staraptor
|-crit|p2b: Staraptor
|-damage|p2b: Staraptor|0 fnt
|faint|p2b: Staraptor
|
|-heal|p2a: Rotom|100/100|[from] item: Leftovers
|-damage|p1b: Garchomp|36/100 brn|[from] brn
|upkeep
|
|t:|1786018002
|switch|p1a: Floette|Floette-Eternal, L50, F|100/100
|turn|6
|
|t:|1786018007
|detailschange|p1a: Floette|Floette-Mega, L50, F
|-mega|p1a: Floette|Floette|Floettite
|-ability|p1a: Floette|Fairy Aura
|move|p2a: Rotom|Thunderbolt|p1a: Floette
|-damage|p1a: Floette|68/100
|move|p1b: Garchomp|Dragon Claw|p2a: Rotom
|-damage|p2a: Rotom|86/100
|move|p1a: Floette|Moonblast|p2a: Rotom
|-damage|p2a: Rotom|22/100
|
|-heal|p2a: Rotom|28/100|[from] item: Leftovers
|-damage|p1b: Garchomp|30/100 brn|[from] brn
|-sideend|p2: wolfeglick'sson|move: Tailwind
|upkeep
|turn|7
|
|t:|1786018022
|move|p2a: Rotom|Protect|p2a: Rotom
|-singleturn|p2a: Rotom|Protect
|move|p1b: Garchomp|Dragon Claw|p2a: Rotom
|-activate|p2a: Rotom|move: Protect
|move|p1a: Floette|Moonblast|p2a: Rotom
|-activate|p2a: Rotom|move: Protect
|
|-heal|p2a: Rotom|34/100|[from] item: Leftovers
|-damage|p1b: Garchomp|24/100 brn|[from] brn
|upkeep
|turn|8
|
|t:|1786018034
|move|p1a: Floette|Moonblast|p2a: Rotom
|-damage|p2a: Rotom|0 fnt
|faint|p2a: Rotom
|
|win|Parid08
||wolfeglick'sson is ready for game 3.
