|j|☆SongokuVG Fr
|j|☆Filippo1226
|html|SongokuVG FrFilippo1226    
|uhtml|bestof|Game 3 of a best-of-3
|t:|1757083008
|gametype|doubles
|player|p1|SongokuVG Fr|lucian|1308
|player|p2|Filippo1226|dragontamer|1298
|gen|9
|tier|[Gen 9] VGC 2025 Reg H (Bo3)
|rated|
|rule|Species Clause: Limit one of each Pokémon
|rule|Item Clause: Limit 1 of each item
|clearpoke
|poke|p1|Klefki, L50, M|
|poke|p1|Ursaluna-Bloodmoon, L50, M|
|poke|p1|Maushold-Four, L50|
|poke|p1|Annihilape, L50, F|
|poke|p1|Ninetales-Alola, L50, M|
|poke|p1|Sinistcha, L50|
|poke|p2|Talonflame, L50, F|
|poke|p2|Kommo-o, L50, M|
|poke|p2|Mamoswine, L50, F|
|poke|p2|Gholdengo, L50|
|poke|p2|Gallade, L50, M|
|poke|p2|Electabuzz, L50, F|
|teampreview|4
|showteam|p1|Klefki||LightClay|Prankster|Reflect,LightScreen,MistyTerrain,DazzlingGleam|||M|||50|,,,,,Ghost]Ursaluna-Bloodmoon||AssaultVest|MindsEye|BloodMoon,HyperVoice,VacuumWave,EarthPower|||M|||50|,,,,,Water]Maushold-Four||SafetyGoggles|FriendGuard|FollowMe,Protect,Taunt,BeatUp||||||50|,,,,,Ghost]Annihilape||Leftovers|Defiant|DrainPunch,RageFist,Protect,BulkUp|||F|||50|,,,,,Water]Ninetales-Alola||FocusSash|SnowWarning|Blizzard,Protect,Encore,FreezeDry|||M|||50|,,,,,Ghost]Sinistcha||SitrusBerry|Hospitality|MatchaGotcha,RagePowder,LifeDew,TrickRoom||||||50|,,,,,Water
|showteam|p2|Talonflame||CovertCloak|GaleWings|DualWingbeat,Taunt,Tailwind,QuickGuard|||F|||50|,,,,,Flying]Kommo-o||ChoiceSpecs|Overcoat|ClangingScales,Flamethrower,AuraSphere,DracoMeteor|||M|||50|,,,,,Dragon]Mamoswine||LoadedDice|Oblivious|IcicleSpear,Earthquake,HighHorsepower,Protect|||F|||50|,,,,,Ground]Gholdengo||LifeOrb|GoodasGold|MakeItRain,ShadowBall,NastyPlot,Protect||||||50|,,,,,Water]Gallade||SitrusBerry|Sharpness|SacredSword,Imprison,TrickRoom,PsychoCut|||M|||50|,,,,,Dark]Electabuzz||Eviolite|VitalSpirit|Electroweb,FollowMe,Thunderbolt,Protect|||F|||50|,,,,,Flying
|inactive|Battle timer is ON: inactive players will automatically lose when time's up. (requested by SongokuVG Fr)
|
|t:|1757083032
|teamsize|p1|4
|teamsize|p2|4
|start
|switch|p1a: Maushold|Maushold-Four, L50|100/100
|switch|p1b: Annihilape|Annihilape, L50, F|100/100
|switch|p2a: Gholdengo|Gholdengo, L50|100/100
|switch|p2b: Electabuzz|Electabuzz, L50, F|100/100
|turn|1
|
|t:|1757083037
|move|p2b: Electabuzz|Follow Me|p2b: Electabuzz
|-singleturn|p2b: Electabuzz|move: Follow Me
|move|p1a: Maushold|Beat Up|p2b: Electabuzz
|-damage|p2b: Electabuzz|97/100
|-damage|p2b: Electabuzz|94/100
|-damage|p2b: Electabuzz|90/100
|-damage|p2b: Electabuzz|87/100
|-hitcount|p2b: Electabuzz|4
|move|p1b: Annihilape|Rage Fist|p2b: Electabuzz
|-damage|p2b: Electabuzz|60/100
|move|p2a: Gholdengo|Shadow Ball|p1b: Annihilape
|-supereffective|p1b: Annihilape
|-damage|p1b: Annihilape|23/100
|-damage|p2a: Gholdengo|91/100|[from] item: Life Orb
|
|-heal|p1b: Annihilape|30/100|[from] item: Leftovers
|upkeep
|turn|2
|
|t:|1757083050
|move|p1b: Annihilape|Protect|p1b: Annihilape
|-singleturn|p1b: Annihilape|Protect
|move|p1a: Maushold|Taunt|p2b: Electabuzz
|-start|p2b: Electabuzz|move: Taunt
|move|p2b: Electabuzz|Electroweb|p1b: Annihilape|[spread] p1a
|-activate|p1b: Annihilape|move: Protect
|-damage|p1a: Maushold|83/100
|-unboost|p1a: Maushold|spe|1
|move|p2a: Gholdengo|Make It Rain|p1b: Annihilape|[spread] p1a
|-activate|p1b: Annihilape|move: Protect
|-damage|p1a: Maushold|0 fnt
|-unboost|p2a: Gholdengo|spa|1
|faint|p1a: Maushold
|-damage|p2a: Gholdengo|81/100|[from] item: Life Orb
|
|-heal|p1b: Annihilape|36/100|[from] item: Leftovers
|upkeep
|
|t:|1757083069
|switch|p1a: Klefki|Klefki, L50, M|100/100
|turn|3
|
|t:|1757083082
|switch|p2b: Mamoswine|Mamoswine, L50, F|100/100
|switch|p1b: Ursaluna|Ursaluna-Bloodmoon, L50, M|100/100
|move|p1a: Klefki|Light Screen|p1a: Klefki
|-sidestart|p1: SongokuVG Fr|move: Light Screen
|move|p2a: Gholdengo|Nasty Plot|p2a: Gholdengo
|-boost|p2a: Gholdengo|spa|2
|
|upkeep
|turn|4
|inactive|Filippo1226 has 30 seconds left.
|inactive|Filippo1226 has 20 seconds left.
|
|t:|1757083117
|switch|p2b: Electabuzz|Electabuzz, L50, F|60/100
|-terastallize|p1b: Ursaluna|Water
|move|p2a: Gholdengo|Protect|p2a: Gholdengo
|-singleturn|p2a: Gholdengo|Protect
|move|p1b: Ursaluna|Hyper Voice|p2b: Electabuzz|[spread] p2b
|-activate|p2a: Gholdengo|move: Protect
|-damage|p2b: Electabuzz|34/100
|move|p1a: Klefki|Dazzling Gleam|p2a: Gholdengo|[spread] p2b
|-activate|p2a: Gholdengo|move: Protect
|-crit|p2b: Electabuzz
|-damage|p2b: Electabuzz|15/100
|
|upkeep
|turn|5
|
|t:|1757083129
|move|p2b: Electabuzz|Protect|p2b: Electabuzz
|-singleturn|p2b: Electabuzz|Protect
|move|p2a: Gholdengo|Nasty Plot|p2a: Gholdengo
|-boost|p2a: Gholdengo|spa|2
|move|p1b: Ursaluna|Hyper Voice|p2b: Electabuzz|[spread] p2a
|-activate|p2b: Electabuzz|move: Protect
|-resisted|p2a: Gholdengo
|-damage|p2a: Gholdengo|57/100
|move|p1a: Klefki|Dazzling Gleam|p2b: Electabuzz|[spread] p2a
|-activate|p2b: Electabuzz|move: Protect
|-resisted|p2a: Gholdengo
|-crit|p2a: Gholdengo
|-damage|p2a: Gholdengo|42/100
|
|upkeep
|turn|6
|
|t:|1757083152
|move|p2b: Electabuzz|Thunderbolt|p1b: Ursaluna
|-supereffective|p1b: Ursaluna
|-damage|p1b: Ursaluna|65/100
|move|p2a: Gholdengo|Shadow Ball|p1b: Ursaluna
|-damage|p1b: Ursaluna|0 fnt
|faint|p1b: Ursaluna
|-damage|p2a: Gholdengo|33/100|[from] item: Life Orb
|move|p1a: Klefki|Dazzling Gleam|p2a: Gholdengo|[spread] p2a,p2b
|-resisted|p2a: Gholdengo
|-damage|p2a: Gholdengo|21/100
|-damage|p2b: Electabuzz|4/100
|
|upkeep
|
|t:|1757083163
|switch|p1b: Annihilape|Annihilape, L50, F|36/100
|turn|7
|
|t:|1757083169
|move|p2b: Electabuzz|Protect|p2b: Electabuzz
|-singleturn|p2b: Electabuzz|Protect
|move|p1b: Annihilape|Protect|p1b: Annihilape
|-singleturn|p1b: Annihilape|Protect
|move|p2a: Gholdengo|Protect|p2a: Gholdengo
|-singleturn|p2a: Gholdengo|Protect
|move|p1a: Klefki|Dazzling Gleam|p2a: Gholdengo|[spread] 
|-activate|p2a: Gholdengo|move: Protect
|-activate|p2b: Electabuzz|move: Protect
|
|-heal|p1b: Annihilape|42/100|[from] item: Leftovers
|upkeep
|turn|8
|
|t:|1757083179
|move|p1b: Annihilape|Protect|p1b: Annihilape
|-singleturn|p1b: Annihilape|Protect
|move|p2b: Electabuzz|Follow Me|p2b: Electabuzz
|-singleturn|p2b: Electabuzz|move: Follow Me
|move|p2a: Gholdengo|Make It Rain|p1a: Klefki|[spread] p1a
|-activate|p1b: Annihilape|move: Protect
|-damage|p1a: Klefki|0 fnt
|-unboost|p2a: Gholdengo|spa|1
|faint|p1a: Klefki
|-damage|p2a: Gholdengo|12/100|[from] item: Life Orb
|
|-heal|p1b: Annihilape|48/100|[from] item: Leftovers
|upkeep
|turn|9
|c|☆Filippo1226|gg
|
|t:|1757083193
|move|p2b: Electabuzz|Follow Me|p2b: Electabuzz
|-singleturn|p2b: Electabuzz|move: Follow Me
|move|p1b: Annihilape|Drain Punch|p2b: Electabuzz
|-damage|p2b: Electabuzz|0 fnt
|-heal|p1b: Annihilape|50/100|[from] drain|[of] p2b: Electabuzz
|faint|p2b: Electabuzz
|move|p2a: Gholdengo|Shadow Ball|p1b: Annihilape
|-supereffective|p1b: Annihilape
|-damage|p1b: Annihilape|0 fnt
|faint|p1b: Annihilape
|-damage|p2a: Gholdengo|2/100|[from] item: Life Orb
|
|win|Filippo1226
|raw|SongokuVG Fr's rating: 1308 → 1287(-21 for losing)
|raw|Filippo1226's rating: 1298 → 1324(+26 for winning)
|l|☆SongokuVG Fr
|player|p1|
