|j|☆taka89
|j|☆infernalpie
|html|taka89infernalpie    
|uhtml|bestof|Game 3 of a best-of-3
|t:|1756731009
|gametype|doubles
|player|p1|taka89|clerk-boss|1120
|player|p2|infernalpie|n|1108
|gen|9
|tier|[Gen 9] VGC 2025 Reg H (Bo3)
|rated|
|rule|Species Clause: Limit one of each Pokémon
|rule|Item Clause: Limit 1 of each item
|clearpoke
|poke|p1|Flamigo, L50, M|
|poke|p1|Porygon2, L50|
|poke|p1|Ursaluna, L50, M|
|poke|p1|Archaludon, L50, M|
|poke|p1|Tyranitar, L50, M|
|poke|p1|Incineroar, L50, F|
|poke|p2|Tyranitar, L50, F|
|poke|p2|Excadrill, L50, M|
|poke|p2|Garchomp, L50, M|
|poke|p2|Corviknight, L50, F|
|poke|p2|Serperior, L50, F|
|poke|p2|Primarina, L50, F|
|teampreview|4
|showteam|p1|Flamigo||ChoiceScarf|Scrappy|BraveBird,DualWingbeat,CloseCombat,Uturn|||M|||50|,,,,,Grass]Porygon2||Eviolite|Download|Thunderbolt,TeraBlast,TrickRoom,Protect||||||50|,,,,,Flying]Ursaluna||FlameOrb|Guts|Facade,Earthquake,HeadlongRush,Protect|||M|||50|,,,,,Ghost]Archaludon||AssaultVest|Stamina|ElectroShot,DarkPulse,BodyPress,DracoMeteor|||M|||50|,,,,,Grass]Tyranitar||FocusSash|SandStream|RockSlide,LowKick,KnockOff,Protect|||M|||50|,,,,,Flying]Incineroar||PasshoBerry|Intimidate|KnockOff,FlareBlitz,FakeOut,PartingShot|||F|||50|,,,,,Ghost
|showteam|p2|Tyranitar||AssaultVest|SandStream|KnockOff,RockSlide,BrickBreak,TeraBlast|||F|||50|,,,,,Flying]Excadrill||LifeOrb|SandRush|IronHead,RockSlide,Protect,Earthquake|||M|||50|,,,,,Stellar]Garchomp||LoadedDice|SandVeil|ScaleShot,RockSlide,Earthquake,Protect|||M|||50|,,,,,Fairy]Corviknight||SitrusBerry|MirrorArmor|BraveBird,IronHead,Protect,Tailwind|||F|||50|,,,,,Fire]Serperior||FocusSash|Contrary|LeafStorm,Glare,Protect,TeraBlast|||F|||50|,,,,,Fire]Primarina||ThroatSpray|LiquidVoice|HyperVoice,Moonblast,Haze,Protect|||F|||50|,,,,,Steel
|inactive|Battle timer is ON: inactive players will automatically lose when time's up. (requested by taka89)
|inactive|infernalpie has 60 seconds left.
|inactive|infernalpie has 30 seconds left.
|
|t:|1756731079
|teamsize|p1|4
|teamsize|p2|4
|start
|switch|p1a: Winglade|Flamigo, L50, M|100/100
|switch|p1b: swatchling|Porygon2, L50|100/100
|switch|p2a: Tyranitar|Tyranitar, L50, F|100/100
|switch|p2b: Primarina|Primarina, L50, F|100/100
|-weather|Sandstorm|[from] ability: Sand Stream|[of] p2a: Tyranitar
|-ability|p1b: swatchling|Download|boost
|-boost|p1b: swatchling|atk|1
|turn|1
|inactive|taka89 has 30 seconds left.
|inactive|taka89 has 20 seconds left.
|inactive|taka89 has 15 seconds left.
|inactive|taka89 has 10 seconds left.
|inactive|infernalpie has 30 seconds left.
|inactive|infernalpie has 20 seconds left.
|inactive|infernalpie has 15 seconds left.
|
|t:|1756731146
|switch|p2a: Corviknight|Corviknight, L50, F|100/100
|-terastallize|p2b: Primarina|Steel
|move|p1a: Winglade|U-turn|p2a: Corviknight
|-resisted|p2a: Corviknight
|-damage|p2a: Corviknight|96/100
|
|t:|1756731155
|switch|p1a: werewerewire|Archaludon, L50, M|100/100|[from] U-turn
|move|p2b: Primarina|Moonblast|p1a: werewerewire
|-damage|p1a: werewerewire|62/100
|-unboost|p1a: werewerewire|spa|1
|-ability|p1a: werewerewire|Stamina|boost
|-boost|p1a: werewerewire|def|1
|move|p1b: swatchling|Trick Room|p1b: swatchling
|-fieldstart|move: Trick Room|[of] p1b: swatchling
|
|-weather|Sandstorm|[upkeep]
|-damage|p1b: swatchling|95/100|[from] Sandstorm
|upkeep
|turn|2
|
|t:|1756731173
|move|p2b: Primarina|Hyper Voice|p1a: werewerewire|[spread] p1a,p1b
|-resisted|p1a: werewerewire
|-damage|p1a: werewerewire|49/100
|-damage|p1b: swatchling|74/100
|-ability|p1a: werewerewire|Stamina|boost
|-boost|p1a: werewerewire|def|1
|-enditem|p2b: Primarina|Throat Spray
|-boost|p2b: Primarina|spa|1|[from] item: Throat Spray
|move|p1b: swatchling|Thunderbolt|p2a: Corviknight
|-supereffective|p2a: Corviknight
|-damage|p2a: Corviknight|57/100
|move|p1a: werewerewire|Body Press|p2b: Primarina
|-supereffective|p2b: Primarina
|-damage|p2b: Primarina|0 fnt
|faint|p2b: Primarina
|move|p2a: Corviknight|Iron Head|p1b: swatchling
|-damage|p1b: swatchling|54/100
|
|-weather|Sandstorm|[upkeep]
|-damage|p1b: swatchling|48/100|[from] Sandstorm
|upkeep
|
|t:|1756731192
|switch|p2b: Garchomp|Garchomp, L50, M|100/100
|turn|3
|
|t:|1756731208
|move|p1b: swatchling|Thunderbolt|p2a: Corviknight
|-supereffective|p2a: Corviknight
|-damage|p2a: Corviknight|19/100
|-enditem|p2a: Corviknight|Sitrus Berry|[eat]
|-heal|p2a: Corviknight|43/100|[from] item: Sitrus Berry
|move|p1a: werewerewire|Body Press|p2a: Corviknight
|-damage|p2a: Corviknight|0 fnt
|faint|p2a: Corviknight
|move|p2b: Garchomp|Earthquake|p1a: werewerewire|[spread] p1a,p1b
|-supereffective|p1a: werewerewire
|-damage|p1a: werewerewire|23/100
|-damage|p1b: swatchling|24/100
|-ability|p1a: werewerewire|Stamina|boost
|-boost|p1a: werewerewire|def|1
|
|-weather|Sandstorm|[upkeep]
|-damage|p1b: swatchling|18/100|[from] Sandstorm
|upkeep
|
|t:|1756731224
|switch|p2a: Tyranitar|Tyranitar, L50, F|100/100
|turn|4
|
|t:|1756731238
|move|p1b: swatchling|Tera Blast|p2b: Garchomp
|-damage|p2b: Garchomp|71/100
|move|p1a: werewerewire|Body Press|p2a: Tyranitar
|-supereffective|p2a: Tyranitar
|-damage|p2a: Tyranitar|0 fnt
|faint|p2a: Tyranitar
|move|p2b: Garchomp|Rock Slide|p1b: swatchling|[spread] p1a,p1b
|-resisted|p1a: werewerewire
|-damage|p1a: werewerewire|20/100
|-damage|p1b: swatchling|6/100
|-ability|p1a: werewerewire|Stamina|boost
|-boost|p1a: werewerewire|def|1
|
|-weather|Sandstorm|[upkeep]
|-damage|p1b: swatchling|0 fnt|[from] Sandstorm
|faint|p1b: swatchling
|upkeep
|
|t:|1756731255
|switch|p1b: Balthizard|Ursaluna, L50, M, shiny|100/100
|turn|5
|
|t:|1756731265
|move|p2b: Garchomp|Protect|p2b: Garchomp
|-singleturn|p2b: Garchomp|Protect
|move|p1b: Balthizard|Facade|p2b: Garchomp
|-activate|p2b: Garchomp|move: Protect
|move|p1a: werewerewire|Body Press|p2b: Garchomp
|-activate|p2b: Garchomp|move: Protect
|
|-weather|none
|-fieldend|move: Trick Room
|-status|p1b: Balthizard|brn|[from] item: Flame Orb
|upkeep
|turn|6
|
|t:|1756731278
|move|p2b: Garchomp|Rock Slide|p1b: Balthizard|[spread] p1a,p1b
|-resisted|p1a: werewerewire
|-resisted|p1b: Balthizard
|-crit|p1b: Balthizard
|-damage|p1a: werewerewire|18/100
|-damage|p1b: Balthizard|91/100 brn
|-ability|p1a: werewerewire|Stamina|boost
|-boost|p1a: werewerewire|def|1
|cant|p1a: werewerewire|flinch
|move|p1b: Balthizard|Facade|p2b: Garchomp
|-damage|p2b: Garchomp|0 fnt
|faint|p2b: Garchomp
|
|win|taka89
|raw|taka89's rating: 1120 → 1144(+24 for winning)
|raw|infernalpie's rating: 1108 → 1084(-24 for losing)
|l|☆infernalpie
|player|p2|
