|j|☆quatrokilla
|j|☆naibot2814
|html|quatrokillanaibot2814    
|uhtml|bestof|Game 1 of a best-of-3
|t:|1782251927
|gametype|doubles
|player|p1|quatrokilla|102|1197
|player|p2|naibot2814|ghetsis|1301
|gen|9
|tier|[Gen 9 Champions] VGC 2026 Reg M-B (Bo3)
|rated|
|rule|Species Clause: Limit one of each Pokémon
|rule|Item Clause: Limit 1 of each item
|clearpoke
|poke|p1|Toxapex, L50, M|
|poke|p1|Sinistcha, L50|
|poke|p1|Basculegion, L50, M|
|poke|p1|Mawile, L50, F|
|poke|p1|Torkoal, L50, F|
|poke|p1|Farigiraf, L50, F|
|poke|p2|Aerodactyl, L50, M|
|poke|p2|Charizard, L50, M|
|poke|p2|Kingambit, L50, M|
|poke|p2|Sylveon, L50, F|
|poke|p2|Garchomp, L50, M, shiny|
|poke|p2|Farigiraf, L50, F|
|teampreview|4
|showteam|p1|Toxapex||Leftovers|Regenerator|BanefulBunker,Toxic,Infestation,WideGuard|Bold||M|||50|]Sinistcha||KasibBerry|Hospitality|MatchaGotcha,Protect,RagePowder,TrickRoom|Relaxed|||||50|]Basculegion||ChoiceScarf|Adaptability|WaveCrash,FlipTurn,LastRespects,AquaJet|Jolly||M|||50|]Mawile||Mawilite|Intimidate|PlayRough,SuckerPunch,Protect,SwordsDance|Adamant||F|||50|]Torkoal||Charcoal|Drought|Eruption,EarthPower,Protect,WeatherBall|Modest||F|||50|]Farigiraf||SitrusBerry|ArmorTail|TrickRoom,HelpingHand,Thunderbolt,TwinBeam|Bold||F|||50|
|showteam|p2|Aerodactyl||Aerodactylite|Unnerve|RockSlide,DualWingbeat,IceFang,Tailwind|Jolly||M|||50|]Charizard||CharizarditeY|Blaze|WeatherBall,HeatWave,SolarBeam,Protect|Modest||M|||50|]Kingambit||FocusSash|Defiant|KowtowCleave,SuckerPunch,LowKick,IronHead|Adamant||M|||50|]Sylveon||FairyFeather|Pixilate|HyperVoice,HyperBeam,QuickAttack,Protect|Serious||F|||50|]Garchomp||LifeOrb|SandVeil|DragonClaw,StompingTantrum,Earthquake,Protect|Jolly||M|||50|]Farigiraf||SitrusBerry|ArmorTail|TwinBeam,Thunderbolt,TrickRoom,Roar|Bold||F|||50|
|
|t:|1782251984
|teamsize|p1|4
|teamsize|p2|4
|start
|switch|p1a: Toxapex|Toxapex, L50, M|100/100
|switch|p1b: Sinistcha|Sinistcha, L50|100/100
|switch|p2a: Kingambit|Kingambit, L50, M|100/100
|switch|p2b: Farigiraf|Farigiraf, L50, F|100/100
|turn|1
|
|t:|1782252011
|move|p2a: Kingambit|Kowtow Cleave|p1b: Sinistcha
|-supereffective|p1b: Sinistcha|1
|-damage|p1b: Sinistcha|34/100
|move|p1b: Sinistcha|Matcha Gotcha|p2b: Farigiraf|[spread] p2a,p2b
|-resisted|p2a: Kingambit|1
|-damage|p2a: Kingambit|86/100
|-heal|p1b: Sinistcha|41/100|[from] drain|[of] p2a: Kingambit
|-damage|p2b: Farigiraf|76/100
|-heal|p1b: Sinistcha|56/100|[from] drain|[of] p2b: Farigiraf
|-status|p2b: Farigiraf|brn
|move|p1a: Toxapex|Infestation|p2b: Farigiraf
|-supereffective|p2b: Farigiraf|1
|-damage|p2b: Farigiraf|70/100 brn
|-activate|p2b: Farigiraf|move: Infestation|[of] p1a: Toxapex
|move|p2b: Farigiraf|Roar|p1b: Sinistcha
|drag|p1b: Farigiraf|Farigiraf, L50, F|100/100
|
|-damage|p2b: Farigiraf|65/100 brn|[from] brn
|-damage|p2b: Farigiraf|52/100 brn|[from] move: Infestation|[partiallytrapped]
|upkeep
|turn|2
|
|t:|1782252030
|move|p1a: Toxapex|Baneful Bunker|p1a: Toxapex
|-singleturn|p1a: Toxapex|move: Protect
|move|p2a: Kingambit|Kowtow Cleave|p1b: Farigiraf
|-supereffective|p1b: Farigiraf|1
|-damage|p1b: Farigiraf|1/100
|-enditem|p1b: Farigiraf|Sitrus Berry|[eat]
|-heal|p1b: Farigiraf|25/100|[from] item: Sitrus Berry
|move|p1b: Farigiraf|Thunderbolt|p2a: Kingambit
|-damage|p2a: Kingambit|52/100
|move|p2b: Farigiraf|Roar|p1b: Farigiraf
|drag|p1b: Torkoal|Torkoal, L50, F|100/100
|-weather|SunnyDay|[from] ability: Drought|[of] p1b: Torkoal
|
|-weather|SunnyDay|[upkeep]
|-damage|p2b: Farigiraf|46/100 brn|[from] brn
|-damage|p2b: Farigiraf|34/100 brn|[from] move: Infestation|[partiallytrapped]
|upkeep
|-enditem|p2b: Farigiraf|Sitrus Berry|[eat]
|-heal|p2b: Farigiraf|59/100 brn|[from] item: Sitrus Berry
|turn|3
|
|t:|1782252062
|switch|p2a: Charizard|Charizard, L50, M|100/100
|move|p1b: Torkoal|Protect|p1b: Torkoal
|-singleturn|p1b: Torkoal|Protect
|move|p2b: Farigiraf|Thunderbolt|p1a: Toxapex
|-supereffective|p1a: Toxapex|1
|-damage|p1a: Toxapex|64/100
|move|p1a: Toxapex|Infestation|p2a: Charizard
|-resisted|p2a: Charizard|2
|-damage|p2a: Charizard|99/100
|-activate|p2a: Charizard|move: Infestation|[of] p1a: Toxapex
|
|-weather|SunnyDay|[upkeep]
|-heal|p1a: Toxapex|70/100|[from] item: Leftovers
|-damage|p2b: Farigiraf|53/100 brn|[from] brn
|-damage|p2a: Charizard|87/100|[from] move: Infestation|[partiallytrapped]
|-damage|p2b: Farigiraf|41/100 brn|[from] move: Infestation|[partiallytrapped]
|upkeep
|turn|4
|
|t:|1782252079
|detailschange|p2a: Charizard|Charizard-Mega-Y, L50, M
|-mega|p2a: Charizard|Charizard|Charizardite Y
|move|p1a: Toxapex|Wide Guard|p1a: Toxapex
|-singleturn|p1a: Toxapex|Wide Guard
|move|p2a: Charizard|Weather Ball|p1b: Torkoal
|-resisted|p1b: Torkoal|1
|-damage|p1b: Torkoal|44/100
|move|p1b: Torkoal|Eruption|p2a: Charizard|[spread] p2a,p2b
|-resisted|p2a: Charizard|1
|-damage|p2a: Charizard|69/100
|-damage|p2b: Farigiraf|7/100 brn
|move|p2b: Farigiraf|Roar|p2a: Charizard
|drag|p2a: Kingambit|Kingambit, L50, M|52/100
|
|-weather|SunnyDay|[upkeep]
|-heal|p1a: Toxapex|75/100|[from] item: Leftovers
|-damage|p2b: Farigiraf|1/100 brn|[from] brn
|-damage|p2b: Farigiraf|0 fnt|[from] move: Infestation|[partiallytrapped]
|faint|p2b: Farigiraf
|upkeep
|
|t:|1782252093
|switch|p2b: Garchomp|Garchomp, L50, M, shiny|100/100
|turn|5
|
|t:|1782252111
|move|p1a: Toxapex|Wide Guard|p1a: Toxapex
|-singleturn|p1a: Toxapex|Wide Guard
|move|p2b: Garchomp|Stomping Tantrum|p1a: Toxapex
|-supereffective|p1a: Toxapex|1
|-damage|p1a: Toxapex|15/100
|-damage|p2b: Garchomp|90/100|[from] item: Life Orb
|move|p2a: Kingambit|Kowtow Cleave|p1b: Torkoal
|-damage|p1b: Torkoal|4/100
|move|p1b: Torkoal|Weather Ball|p2a: Kingambit
|-supereffective|p2a: Kingambit|1
|-damage|p2a: Kingambit|0 fnt
|faint|p2a: Kingambit
|
|-weather|SunnyDay|[upkeep]
|-heal|p1a: Toxapex|21/100|[from] item: Leftovers
|upkeep
|
|t:|1782252124
|switch|p2a: Charizard|Charizard-Mega-Y, L50, M|69/100
|turn|6
|
|t:|1782252139
|move|p1a: Toxapex|Wide Guard|p1a: Toxapex
|-singleturn|p1a: Toxapex|Wide Guard
|move|p2b: Garchomp|Dragon Claw|p1a: Toxapex
|-crit|p1a: Toxapex
|-damage|p1a: Toxapex|0 fnt
|faint|p1a: Toxapex
|-damage|p2b: Garchomp|80/100|[from] item: Life Orb
|move|p2a: Charizard|Weather Ball|p1b: Torkoal
|-resisted|p1b: Torkoal|1
|-damage|p1b: Torkoal|0 fnt
|faint|p1b: Torkoal
|
|-weather|none
|upkeep
|
|t:|1782252153
|switch|p1a: Sinistcha|Sinistcha, L50|56/100
|switch|p1b: Farigiraf|Farigiraf, L50, F|25/100
|-heal|p1b: Farigiraf|50/100g|[from] ability: Hospitality|[of] p1a: Sinistcha
|turn|7
|
|t:|1782252159
|move|p2b: Garchomp|Earthquake|p1b: Farigiraf|[spread] p1a,p1b
|-immune|p2a: Charizard
|-resisted|p1a: Sinistcha|1
|-damage|p1a: Sinistcha|38/100
|-damage|p1b: Farigiraf|1/100
|-damage|p2b: Garchomp|70/100|[from] item: Life Orb
|move|p2a: Charizard|Heat Wave|p1a: Sinistcha|[spread] p1a
|-miss|p2a: Charizard|p1b: Farigiraf
|-supereffective|p1a: Sinistcha|1
|-damage|p1a: Sinistcha|0 fnt
|faint|p1a: Sinistcha
|move|p1b: Farigiraf|Thunderbolt|p2a: Charizard
|-supereffective|p2a: Charizard|1
|-damage|p2a: Charizard|20/100y
|-status|p2a: Charizard|par
|
|upkeep
|turn|8
|
|t:|1782252174
|move|p2b: Garchomp|Earthquake|p1b: Farigiraf|[spread] p1b
|-immune|p2a: Charizard
|-damage|p1b: Farigiraf|0 fnt
|faint|p1b: Farigiraf
|-damage|p2b: Garchomp|60/100|[from] item: Life Orb
|
|win|naibot2814
||naibot2814 is ready for game 2.
||quatrokilla is ready for game 2.
|uhtml|next|Next: Game 2 of 3
|l|☆quatrokilla
|player|p1|
