|j|☆MazapanAzteca
|j|☆buf0722shito
|html|MazapanAztecabuf0722shito    
|uhtml|bestof|Game 1 of a best-of-3
|t:|1756300363
|gametype|doubles
|player|p1|MazapanAzteca|ingo|1254
|player|p2|buf0722shito|266|1214
|gen|9
|tier|[Gen 9] VGC 2025 Reg H (Bo3)
|rated|
|rule|Species Clause: Limit one of each Pokémon
|rule|Item Clause: Limit 1 of each item
|clearpoke
|poke|p1|Kommo-o, L50, M|
|poke|p1|Gholdengo, L50|
|poke|p1|Sneasler, L50, F|
|poke|p1|Rillaboom, L50, M|
|poke|p1|Dondozo, L50, M|
|poke|p1|Electabuzz, L50, M|
|poke|p2|Charizard, L50, F|
|poke|p2|Torkoal, L50, M|
|poke|p2|Porygon2, L50|
|poke|p2|Incineroar, L50, M|
|poke|p2|Jumpluff, L50, M|
|poke|p2|Ursaluna, L50, M|
|teampreview|4
|showteam|p1|Kommo-o||ThroatSpray|Soundproof|ClangingScales,Flamethrower,Protect,ClangorousSoul|||M|||50|,,,,,Fire]Gholdengo||ChoiceSpecs|GoodasGold|MakeItRain,ShadowBall,PowerGem,Trick||||||50|,,,,,Steel]Sneasler||FocusSash|Unburden|CloseCombat,DireClaw,Protect,FakeOut|||F|||50|,,,,,Stellar]Rillaboom||AssaultVest|GrassySurge|WoodHammer,GrassyGlide,HighHorsepower,FakeOut|||M|||50|,,,,,Water]Dondozo||Leftovers|Unaware|WaveCrash,Yawn,Protect,Fissure|||M|||50|,,,,,Bug]Electabuzz||Eviolite|VitalSpirit|Electroweb,FollowMe,Protect,HelpingHand|||M|||50|,,,,,Dragon
|showteam|p2|Charizard||ChoiceSpecs|SolarPower|HeatWave,Overheat,WeatherBall,AirSlash|||F|||50|,,,,,Ghost]Torkoal||EjectPack|Drought|Eruption,Overheat,HelpingHand,Protect|||M|||50|,,,,,Fire]Porygon2||Eviolite|Download|IceBeam,TeraBlast,TrickRoom,Recover||||||50|,,,,,Fighting]Incineroar||SitrusBerry|Intimidate|FlareBlitz,KnockOff,FakeOut,PartingShot|||M|||50|,,,,,Ghost]Jumpluff||CovertCloak|Chlorophyll|SleepPowder,SunnyDay,RagePowder,Tailwind|||M|||50|,,,,,Water]Ursaluna||FlameOrb|Guts|HeadlongRush,Facade,Earthquake,Protect|||M|||50|,,,,,Ghost
|
|t:|1756300454
|teamsize|p1|4
|teamsize|p2|4
|start
|switch|p1a: Kommo-o|Kommo-o, L50, M|100/100
|switch|p1b: Electabuzz|Electabuzz, L50, M|100/100
|switch|p2a: Jumpluff|Jumpluff, L50, M|100/100
|switch|p2b: Torkoal|Torkoal, L50, M|100/100
|-weather|SunnyDay|[from] ability: Drought|[of] p2b: Torkoal
|turn|1
|
|t:|1756300519
|move|p1b: Electabuzz|Helping Hand|p1a: Kommo-o
|-singleturn|p1a: Kommo-o|Helping Hand|[of] p1b: Electabuzz
|move|p2a: Jumpluff|Tailwind|p2a: Jumpluff
|-sidestart|p2: buf0722shito|move: Tailwind
|move|p1a: Kommo-o|Clanging Scales|p2b: Torkoal|[spread] p2a,p2b
|-damage|p2a: Jumpluff|49/100
|-damage|p2b: Torkoal|31/100
|-unboost|p1a: Kommo-o|def|1
|-enditem|p1a: Kommo-o|Throat Spray
|-boost|p1a: Kommo-o|spa|1|[from] item: Throat Spray
|move|p2b: Torkoal|Overheat|p1a: Kommo-o
|-resisted|p1a: Kommo-o
|-damage|p1a: Kommo-o|53/100
|-unboost|p2b: Torkoal|spa|2
|-enditem|p2b: Torkoal|Eject Pack
|
|t:|1756300532
|switch|p2b: Ursaluna|Ursaluna, L50, M|100/100
|
|-weather|SunnyDay|[upkeep]
|-status|p2b: Ursaluna|brn|[from] item: Flame Orb
|upkeep
|turn|2
|inactive|Battle timer is ON: inactive players will automatically lose when time's up. (requested by buf0722shito)
|
|t:|1756300600
|switch|p2a: Charizard|Charizard, L50, F|100/100
|switch|p1b: Rillaboom|Rillaboom, L50, M|100/100
|-fieldstart|move: Grassy Terrain|[from] ability: Grassy Surge|[of] p1b: Rillaboom
|move|p1a: Kommo-o|Protect|p1a: Kommo-o
|-singleturn|p1a: Kommo-o|Protect
|move|p2b: Ursaluna|Facade|p1a: Kommo-o
|-activate|p1a: Kommo-o|move: Protect
|
|-weather|SunnyDay|[upkeep]
|-damage|p2a: Charizard|88/100|[from] ability: Solar Power|[of] p2a: Charizard
|-heal|p1a: Kommo-o|59/100|[from] Grassy Terrain
|-damage|p2b: Ursaluna|95/100 brn|[from] brn
|upkeep
|turn|3
|inactive|MazapanAzteca has 30 seconds left.
|inactive|MazapanAzteca has 20 seconds left.
|inactive|MazapanAzteca has 15 seconds left.
|inactive|MazapanAzteca has 10 seconds left.
|inactive|MazapanAzteca has 5 seconds left.
|
|t:|1756300651
|-terastallize|p2a: Charizard|Ghost
|move|p1b: Rillaboom|Fake Out|p2a: Charizard
|-immune|p2a: Charizard
|move|p2a: Charizard|Weather Ball|p1a: Kommo-o
|-resisted|p1a: Kommo-o
|-damage|p1a: Kommo-o|0 fnt
|faint|p1a: Kommo-o
|move|p2b: Ursaluna|Facade|p1b: Rillaboom
|-damage|p1b: Rillaboom|0 fnt
|faint|p1b: Rillaboom
|
|-weather|SunnyDay|[upkeep]
|-damage|p2a: Charizard|76/100|[from] ability: Solar Power|[of] p2a: Charizard
|-heal|p2a: Charizard|82/100|[from] Grassy Terrain
|-heal|p2b: Ursaluna|100/100 brn|[from] Grassy Terrain
|-damage|p2b: Ursaluna|95/100 brn|[from] brn
|upkeep
|
|t:|1756300667
|switch|p1a: Electabuzz|Electabuzz, L50, M|100/100
|switch|p1b: Dondozo|Dondozo, L50, M|100/100
|turn|4
|
|t:|1756300683
|move|p1a: Electabuzz|Protect|p1a: Electabuzz
|-singleturn|p1a: Electabuzz|Protect
|move|p2a: Charizard|Weather Ball|p1b: Dondozo
|-resisted|p1b: Dondozo
|-damage|p1b: Dondozo|48/100
|move|p2b: Ursaluna|Facade|p1b: Dondozo
|-damage|p1b: Dondozo|0 fnt
|faint|p1b: Dondozo
|
|-weather|SunnyDay|[upkeep]
|-damage|p2a: Charizard|69/100|[from] ability: Solar Power|[of] p2a: Charizard
|-heal|p2a: Charizard|75/100|[from] Grassy Terrain
|-heal|p2b: Ursaluna|100/100 brn|[from] Grassy Terrain
|-damage|p2b: Ursaluna|95/100 brn|[from] brn
|-sideend|p2: buf0722shito|move: Tailwind
|upkeep
|turn|5
|
|t:|1756300691
|move|p1a: Electabuzz|Protect||[still]
|-fail|p1a: Electabuzz
|move|p2a: Charizard|Weather Ball|p1a: Electabuzz
|-damage|p1a: Electabuzz|0 fnt
|faint|p1a: Electabuzz
|
|win|buf0722shito
||MazapanAzteca is ready for game 2.
||buf0722shito is ready for game 2.
|uhtml|next|Next: Game 2 of 3
|l|☆buf0722shito
|player|p2|
