|j|☆Djjwjwwjj
|j|☆snekr1994
|html|Djjwjwwjjsnekr1994    
|uhtml|bestof|Game 2 of a best-of-3
|t:|1756953548
|gametype|doubles
|player|p1|Djjwjwwjj|266|1386
|player|p2|snekr1994|2|1481
|gen|9
|tier|[Gen 9] VGC 2025 Reg H (Bo3)
|rated|
|rule|Species Clause: Limit one of each Pokémon
|rule|Item Clause: Limit 1 of each item
|clearpoke
|poke|p1|Palafin, L50, M|
|poke|p1|Archaludon, L50, M|
|poke|p1|Pelipper, L50, M|
|poke|p1|Incineroar, L50, F|
|poke|p1|Dragonite, L50, M|
|poke|p1|Amoonguss, L50, F|
|poke|p2|Kingambit, L50, F|
|poke|p2|Sneasler, L50, F|
|poke|p2|Electabuzz, L50, M|
|poke|p2|Dragonite, L50, F|
|poke|p2|Rillaboom, L50, F|
|poke|p2|Volcarona, L50, M|
|teampreview|4
|showteam|p1|Palafin||SafetyGoggles|ZerotoHero|Protect,FlipTurn,JetPunch,WaveCrash|||M|||50|,,,,,Water]Archaludon||AssaultVest|Stamina|Snarl,BodyPress,ElectroShot,DragonPulse|||M|||50|,,,,,Fighting]Pelipper||CovertCloak|Drizzle|Protect,QuickAttack,Hurricane,WeatherBall|||M|||50|,,,,,Steel]Incineroar||ChopleBerry|Intimidate|FakeOut,PartingShot,KnockOff,Taunt|||F|||50|,,,,,Grass]Dragonite||LoadedDice|Multiscale|Protect,Tailwind,ScaleShot,Haze|||M|||50|,,,,,Fairy]Amoonguss||SitrusBerry|Regenerator|Protect,Spore,RagePowder,PollenPuff|||F|||50|,,,,,Dark
|showteam|p2|Kingambit||SafetyGoggles|Defiant|KowtowCleave,SuckerPunch,SwordsDance,Protect|||F|||50|,,,,,Dark]Sneasler||FocusSash|PoisonTouch|DireClaw,CloseCombat,Coaching,FakeOut|||F|||50|,,,,,Stellar]Electabuzz||Eviolite|VitalSpirit|Thunderbolt,FollowMe,Taunt,Protect|||M|||50|,,,,,Dragon]Dragonite||LoadedDice|Multiscale|ScaleShot,ExtremeSpeed,Haze,Protect|||F|||50|,,,,,Steel]Rillaboom||AssaultVest|GrassySurge|WoodHammer,GrassyGlide,HighHorsepower,FakeOut|||F|||50|,,,,,Fire]Volcarona||CovertCloak|FlameBody|HeatWave,TeraBlast,QuiverDance,Protect|||M|||50|,,,,,Fairy
|inactive|Battle timer is ON: inactive players will automatically lose when time's up. (requested by Djjwjwwjj)
|inactive|snekr1994 has 60 seconds left.
|
|t:|1756953597
|teamsize|p1|4
|teamsize|p2|4
|start
|switch|p1a: Pelipper|Pelipper, L50, M|100/100
|switch|p1b: Incineroar|Incineroar, L50, F|100/100
|switch|p2a: Dragonite|Dragonite, L50, F|100/100
|switch|p2b: Sneasler|Sneasler, L50, F|100/100
|-ability|p1b: Incineroar|Intimidate|boost
|-unboost|p2a: Dragonite|atk|1
|-unboost|p2b: Sneasler|atk|1
|-weather|RainDance|[from] ability: Drizzle|[of] p1a: Pelipper
|turn|1
|inactive|Djjwjwwjj has 30 seconds left.
|
|t:|1756953629
|move|p2b: Sneasler|Fake Out|p1b: Incineroar
|-damage|p1b: Incineroar|91/100
|move|p2a: Dragonite|Scale Shot|p1a: Pelipper
|-damage|p1a: Pelipper|87/100
|-damage|p1a: Pelipper|74/100
|-damage|p1a: Pelipper|61/100
|-damage|p1a: Pelipper|49/100
|-damage|p1a: Pelipper|35/100
|-hitcount|p1a: Pelipper|5
|-unboost|p2a: Dragonite|def|1
|-boost|p2a: Dragonite|spe|1
|cant|p1b: Incineroar|flinch
|move|p1a: Pelipper|Hurricane|p2b: Sneasler
|-supereffective|p2b: Sneasler
|-enditem|p2b: Sneasler|Focus Sash
|-damage|p2b: Sneasler|1/100
|
|-weather|RainDance|[upkeep]
|upkeep
|turn|2
|inactive|snekr1994 has 30 seconds left.
|
|t:|1756953662
|switch|p1a: Archaludon|Archaludon, L50, M|100/100
|move|p2a: Dragonite|Haze|p2a: Dragonite
|-clearallboost
|move|p2b: Sneasler|Close Combat|p1b: Incineroar
|-supereffective|p1b: Incineroar
|-enditem|p1b: Incineroar|Chople Berry|[eat]
|-enditem|p1b: Incineroar|Chople Berry|[weaken]
|-damage|p1b: Incineroar|33/100
|-unboost|p2b: Sneasler|def|1
|-unboost|p2b: Sneasler|spd|1
|move|p1b: Incineroar|Parting Shot|p2a: Dragonite
|-unboost|p2a: Dragonite|atk|1
|-unboost|p2a: Dragonite|spa|1
|
|t:|1756953676
|switch|p1b: Amoonguss|Amoonguss, L50, F|100/100|[from] Parting Shot
|
|-weather|RainDance|[upkeep]
|upkeep
|turn|3
|inactive|snekr1994 has 30 seconds left.
|
|t:|1756953705
|-terastallize|p1a: Archaludon|Fighting
|move|p2b: Sneasler|Coaching|p2a: Dragonite
|-boost|p2a: Dragonite|atk|1
|-boost|p2a: Dragonite|def|1
|move|p2a: Dragonite|Scale Shot|p1b: Amoonguss
|-damage|p1b: Amoonguss|88/100
|-damage|p1b: Amoonguss|74/100
|-damage|p1b: Amoonguss|61/100
|-damage|p1b: Amoonguss|48/100
|-enditem|p1b: Amoonguss|Sitrus Berry|[eat]
|-heal|p1b: Amoonguss|73/100|[from] item: Sitrus Berry
|-damage|p1b: Amoonguss|61/100
|-hitcount|p1b: Amoonguss|5
|-unboost|p2a: Dragonite|def|1
|-boost|p2a: Dragonite|spe|1
|move|p1a: Archaludon|Electro Shot||[still]
|-prepare|p1a: Archaludon|Electro Shot
|-boost|p1a: Archaludon|spa|1
|-anim|p1a: Archaludon|Electro Shot|p2b: Sneasler
|-damage|p2b: Sneasler|0 fnt
|faint|p2b: Sneasler
|move|p1b: Amoonguss|Spore|p2a: Dragonite
|-status|p2a: Dragonite|slp|[from] move: Spore
|
|-weather|RainDance|[upkeep]
|upkeep
|
|t:|1756953724
|switch|p2b: Volcarona|Volcarona, L50, M|100/100
|turn|4
|
|t:|1756953737
|switch|p2b: Rillaboom|Rillaboom, L50, F|100/100
|-fieldstart|move: Grassy Terrain|[from] ability: Grassy Surge|[of] p2b: Rillaboom
|cant|p2a: Dragonite|slp
|move|p1a: Archaludon|Electro Shot||[still]
|-prepare|p1a: Archaludon|Electro Shot
|-boost|p1a: Archaludon|spa|1
|-anim|p1a: Archaludon|Electro Shot|p2b: Rillaboom
|-resisted|p2b: Rillaboom
|-damage|p2b: Rillaboom|73/100
|move|p1b: Amoonguss|Spore|p2b: Rillaboom
|-immune|p2b: Rillaboom
|
|-weather|RainDance|[upkeep]
|-heal|p2b: Rillaboom|79/100|[from] Grassy Terrain
|-heal|p1b: Amoonguss|67/100|[from] Grassy Terrain
|upkeep
|turn|5
|
|t:|1756953757
|move|p2b: Rillaboom|Fake Out|p1a: Archaludon
|-damage|p1a: Archaludon|91/100
|-ability|p1a: Archaludon|Stamina|boost
|-boost|p1a: Archaludon|def|1
|cant|p2a: Dragonite|slp
|cant|p1a: Archaludon|flinch
|move|p1b: Amoonguss|Spore|p2a: Dragonite
|-fail|p2a: Dragonite|slp
|
|-weather|none
|-heal|p2b: Rillaboom|85/100|[from] Grassy Terrain
|-heal|p1a: Archaludon|97/100|[from] Grassy Terrain
|-heal|p1b: Amoonguss|72/100|[from] Grassy Terrain
|upkeep
|turn|6
|
|t:|1756953770
|-curestatus|p2a: Dragonite|slp|[msg]
|move|p2a: Dragonite|Haze|p2a: Dragonite
|-clearallboost
|move|p2b: Rillaboom|Wood Hammer|p1a: Archaludon
|-damage|p1a: Archaludon|50/100
|-ability|p1a: Archaludon|Stamina|boost
|-boost|p1a: Archaludon|def|1
|-damage|p2b: Rillaboom|70/100|[from] Recoil
|move|p1a: Archaludon|Dragon Pulse|p2a: Dragonite
|-supereffective|p2a: Dragonite
|-damage|p2a: Dragonite|60/100
|move|p1b: Amoonguss|Spore|p2a: Dragonite
|-status|p2a: Dragonite|slp|[from] move: Spore
|
|-heal|p2b: Rillaboom|75/100|[from] Grassy Terrain
|-heal|p1a: Archaludon|56/100|[from] Grassy Terrain
|-heal|p1b: Amoonguss|78/100|[from] Grassy Terrain
|upkeep
|turn|7
|inactive|snekr1994 has 30 seconds left.
|
|t:|1756953795
|-terastallize|p2a: Dragonite|Steel
|cant|p2a: Dragonite|slp
|move|p2b: Rillaboom|Wood Hammer|p1a: Archaludon
|-damage|p1a: Archaludon|19/100
|-ability|p1a: Archaludon|Stamina|boost
|-boost|p1a: Archaludon|def|1
|-damage|p2b: Rillaboom|64/100|[from] Recoil
|move|p1a: Archaludon|Dragon Pulse|p2a: Dragonite
|-resisted|p2a: Dragonite
|-damage|p2a: Dragonite|41/100 slp
|move|p1b: Amoonguss|Pollen Puff|p1a: Archaludon
|-heal|p1a: Archaludon|69/100
|
|-heal|p2a: Dragonite|47/100 slp|[from] Grassy Terrain
|-heal|p2b: Rillaboom|70/100|[from] Grassy Terrain
|-heal|p1a: Archaludon|75/100|[from] Grassy Terrain
|-heal|p1b: Amoonguss|84/100|[from] Grassy Terrain
|upkeep
|turn|8
|inactive|snekr1994 has 30 seconds left.
|
|t:|1756953827
|switch|p2b: Volcarona|Volcarona, L50, M|100/100
|cant|p2a: Dragonite|slp
|move|p1a: Archaludon|Body Press|p2a: Dragonite
|-supereffective|p2a: Dragonite
|-damage|p2a: Dragonite|0 fnt
|faint|p2a: Dragonite
|move|p1b: Amoonguss|Spore|p2b: Volcarona
|-status|p2b: Volcarona|slp|[from] move: Spore
|
|-heal|p1a: Archaludon|81/100|[from] Grassy Terrain
|-heal|p1b: Amoonguss|90/100|[from] Grassy Terrain
|-fieldend|move: Grassy Terrain
|upkeep
|
|t:|1756953830
|switch|p2a: Rillaboom|Rillaboom, L50, F|70/100
|-fieldstart|move: Grassy Terrain|[from] ability: Grassy Surge|[of] p2a: Rillaboom
|turn|9
|
|t:|1756953847
|move|p2a: Rillaboom|Fake Out|p1a: Archaludon
|-damage|p1a: Archaludon|76/100
|-ability|p1a: Archaludon|Stamina|boost
|-boost|p1a: Archaludon|def|1
|cant|p2b: Volcarona|slp
|cant|p1a: Archaludon|flinch
|move|p1b: Amoonguss|Pollen Puff|p2a: Rillaboom
|-supereffective|p2a: Rillaboom
|-damage|p2a: Rillaboom|41/100
|
|-heal|p2a: Rillaboom|47/100|[from] Grassy Terrain
|-heal|p1a: Archaludon|82/100|[from] Grassy Terrain
|-heal|p1b: Amoonguss|96/100|[from] Grassy Terrain
|upkeep
|turn|10
|
|t:|1756953862
|switch|p1b: Pelipper|Pelipper, L50, M|35/100
|-weather|RainDance|[from] ability: Drizzle|[of] p1b: Pelipper
|cant|p2b: Volcarona|slp
|move|p2a: Rillaboom|High Horsepower|p1b: Pelipper
|-immune|p1b: Pelipper
|move|p1a: Archaludon|Body Press|p2a: Rillaboom
|-damage|p2a: Rillaboom|0 fnt
|faint|p2a: Rillaboom
|
|-weather|RainDance|[upkeep]
|-heal|p1a: Archaludon|88/100|[from] Grassy Terrain
|upkeep
|turn|11
|
|t:|1756953876
|cant|p2b: Volcarona|slp
|move|p1b: Pelipper|Hurricane|p2b: Volcarona
|-supereffective|p2b: Volcarona
|-damage|p2b: Volcarona|11/100 slp
|move|p1a: Archaludon|Electro Shot||[still]
|-prepare|p1a: Archaludon|Electro Shot
|-boost|p1a: Archaludon|spa|1
|-anim|p1a: Archaludon|Electro Shot|p2b: Volcarona
|-damage|p2b: Volcarona|0 fnt
|faint|p2b: Volcarona
|
|win|Djjwjwwjj
|raw|Djjwjwwjj's rating: 1386 → 1411(+25 for winning)
|raw|snekr1994's rating: 1481 → 1456(-25 for losing)
