|j|☆CazTheMazMartin
|j|☆new mental
|html|CazTheMazMartinnew mental    
|uhtml|bestof|Game 2 of a best-of-3
|t:|1783594390
|gametype|doubles
|player|p1|CazTheMazMartin|burgh|1359
|player|p2|new mental|volkner|1336
|gen|9
|tier|[Gen 9 Champions] VGC 2026 Reg M-B (Bo3)
|rated|
|rule|Species Clause: Limit one of each Pokémon
|rule|Item Clause: Limit 1 of each item
|clearpoke
|poke|p1|Blaziken, L50, M|
|poke|p1|Kingambit, L50, M|
|poke|p1|Ninetales-Alola, L50, F|
|poke|p1|Venusaur, L50, M|
|poke|p1|Aerodactyl, L50, F|
|poke|p1|Basculegion, L50, M|
|poke|p2|Charizard, L50, M|
|poke|p2|Kingambit, L50, M|
|poke|p2|Sylveon, L50, F|
|poke|p2|Garchomp, L50, M|
|poke|p2|Aerodactyl, L50, M|
|poke|p2|Farigiraf, L50, M|
|teampreview|4
|showteam|p1|Blaziken||Blazikenite|SpeedBoost|CloseCombat,FlareBlitz,StoneEdge,Protect|Adamant||M|||50|]Kingambit||LifeOrb|Defiant|IronHead,SuckerPunch,KowtowCleave,Protect|Adamant||M|||50|]Ninetales-Alola||NeverMeltIce|SnowWarning|FreezeDry,Blizzard,Encore,Protect|Timid||F|||50|]Venusaur||Venusaurite|Chlorophyll|GigaDrain,SludgeBomb,EarthPower,Protect|Modest||M|||50|]Aerodactyl||FocusSash|Unnerve|Tailwind,RockSlide,Protect,DualWingbeat|Jolly||F|||50|]Basculegion||ColburBerry|Adaptability|WaveCrash,LastRespects,AquaJet,Protect|Adamant||M|||50|
|showteam|p2|Charizard||CharizarditeY|SolarPower|Protect,HeatWave,SolarBeam,WeatherBall|Modest||M|||50|]Kingambit||FocusSash|Defiant|IronHead,SuckerPunch,KowtowCleave,LowKick|Adamant||M|||50|]Sylveon||FairyFeather|Pixilate|Detect,HyperVoice,HyperBeam,QuickAttack|Modest||F|||50|]Garchomp||LifeOrb|RoughSkin|Protect,DragonClaw,Earthquake,RockSlide|Jolly||M|||50|]Aerodactyl||Aerodactylite|Unnerve|IceFang,RockSlide,Tailwind,DualWingbeat|Jolly||M|||50|]Farigiraf||SitrusBerry|ArmorTail|TrickRoom,Psychic,Thunderbolt,Roar|Bold||M|||50|
|
|t:|1783594403
|teamsize|p1|4
|teamsize|p2|4
|start
|switch|p1a: Blaziken|Blaziken, L50, M|100/100
|switch|p1b: Aerodactyl|Aerodactyl, L50, F|100/100
|switch|p2a: Kingambit|Kingambit, L50, M|100/100
|switch|p2b: Farigiraf|Farigiraf, L50, M|100/100
|-ability|p1b: Aerodactyl|Unnerve
|turn|1
|l|☆CazTheMazMartin
|player|p1|
|j|☆CazTheMazMartin
|player|p1|CazTheMazMartin|burgh|
|
|t:|1783594435
|detailschange|p1a: Blaziken|Blaziken-Mega, L50, M
|-mega|p1a: Blaziken|Blaziken|Blazikenite
|move|p1b: Aerodactyl|Rock Slide|p2a: Kingambit|[spread] p2a,p2b
|-resisted|p2a: Kingambit|1
|-damage|p2a: Kingambit|89/100
|-damage|p2b: Farigiraf|80/100
|move|p1a: Blaziken|Flare Blitz|p2b: Farigiraf
|-damage|p2b: Farigiraf|19/100
|-damage|p1a: Blaziken|71/100|[from] Recoil
|cant|p2a: Kingambit|flinch
|move|p2b: Farigiraf|Trick Room|p2b: Farigiraf
|-fieldstart|move: Trick Room|[of] p2b: Farigiraf
|
|-ability|p1a: Blaziken|Speed Boost|boost
|-boost|p1a: Blaziken|spe|1
|upkeep
|turn|2
|l|☆CazTheMazMartin
|player|p1|
|j|☆CazTheMazMartin
|player|p1|CazTheMazMartin|burgh|
|
|t:|1783594484
|move|p1a: Blaziken|Protect|p1a: Blaziken
|-singleturn|p1a: Blaziken|Protect
|move|p2b: Farigiraf|Psychic|p1a: Blaziken
|-activate|p1a: Blaziken|move: Protect
|move|p2a: Kingambit|Iron Head|p1b: Aerodactyl
|-supereffective|p1b: Aerodactyl|1
|-enditem|p1b: Aerodactyl|Focus Sash
|-damage|p1b: Aerodactyl|1/100
|move|p1b: Aerodactyl|Rock Slide|p2a: Kingambit|[spread] p2a,p2b
|-resisted|p2a: Kingambit|1
|-damage|p2a: Kingambit|77/100
|-damage|p2b: Farigiraf|0 fnt
|faint|p2b: Farigiraf
|
|-ability|p1a: Blaziken|Speed Boost|boost
|-boost|p1a: Blaziken|spe|1
|upkeep
|inactive|Battle timer is ON: inactive players will automatically lose when time's up. (requested by new mental)
|
|t:|1783594488
|switch|p2b: Sylveon|Sylveon, L50, F|100/100
|turn|3
|
|t:|1783594493
|switch|p1a: Basculegion|Basculegion, L50, M|100/100
|move|p1b: Aerodactyl|Protect|p1b: Aerodactyl
|-singleturn|p1b: Aerodactyl|Protect
|move|p2b: Sylveon|Hyper Voice|p1a: Basculegion|[spread] p1a
|-activate|p1b: Aerodactyl|move: Protect
|-damage|p1a: Basculegion|52/100
|move|p2a: Kingambit|Iron Head|p1a: Basculegion
|-resisted|p1a: Basculegion|1
|-damage|p1a: Basculegion|27/100
|
|upkeep
|turn|4
|inactive|new mental has 30 seconds left.
|
|t:|1783594519
|switch|p1b: Ninetales|Ninetales-Alola, L50, F|100/100
|-weather|Snowscape|[from] ability: Snow Warning|[of] p1b: Ninetales
|move|p1a: Basculegion|Aqua Jet|p2b: Sylveon
|-damage|p2b: Sylveon|68/100
|move|p2b: Sylveon|Hyper Voice|p1b: Ninetales|[spread] p1a,p1b
|-damage|p1a: Basculegion|0 fnt
|-damage|p1b: Ninetales|43/100
|faint|p1a: Basculegion
|move|p2a: Kingambit|Kowtow Cleave|p1b: Ninetales
|-resisted|p1b: Ninetales|1
|-damage|p1b: Ninetales|20/100y
|
|-weather|Snowscape|[upkeep]
|upkeep
|
|t:|1783594526
|switch|p1a: Blaziken|Blaziken-Mega, L50, M|71/100
|turn|5
|inactive|new mental has 30 seconds left.
|
|t:|1783594556
|switch|p2b: Charizard|Charizard, L50, M|100/100
|move|p1a: Blaziken|Protect|p1a: Blaziken
|-singleturn|p1a: Blaziken|Protect
|move|p1b: Ninetales|Protect|p1b: Ninetales
|-singleturn|p1b: Ninetales|Protect
|move|p2a: Kingambit|Iron Head|p1b: Ninetales
|-activate|p1b: Ninetales|move: Protect
|
|-weather|Snowscape|[upkeep]
|-fieldend|move: Trick Room
|-ability|p1a: Blaziken|Speed Boost|boost
|-boost|p1a: Blaziken|spe|1
|upkeep
|turn|6
|
|t:|1783594572
|move|p2b: Charizard|Protect|p2b: Charizard
|-singleturn|p2b: Charizard|Protect
|move|p2a: Kingambit|Sucker Punch|p1a: Blaziken
|-resisted|p1a: Blaziken|1
|-damage|p1a: Blaziken|44/100
|move|p1a: Blaziken|Stone Edge|p2b: Charizard
|-activate|p2b: Charizard|move: Protect
|move|p1b: Ninetales|Encore|p2a: Kingambit
|-start|p2a: Kingambit|Encore
|
|-weather|Snowscape|[upkeep]
|-ability|p1a: Blaziken|Speed Boost|boost
|-boost|p1a: Blaziken|spe|1
|upkeep
|turn|7
|
|t:|1783594588
|switch|p2b: Sylveon|Sylveon, L50, F|68/100
|move|p2a: Kingambit|Sucker Punch|p1a: Blaziken
|-resisted|p1a: Blaziken|1
|-damage|p1a: Blaziken|17/100
|move|p1a: Blaziken|Close Combat|p2a: Kingambit
|-supereffective|p2a: Kingambit|2
|-damage|p2a: Kingambit|0 fnt
|-unboost|p1a: Blaziken|def|1
|-unboost|p1a: Blaziken|spd|1
|faint|p2a: Kingambit
|move|p1b: Ninetales|Blizzard|p2b: Sylveon
|-damage|p2b: Sylveon|28/100
|
|-weather|Snowscape|[upkeep]
|-ability|p1a: Blaziken|Speed Boost|boost
|-boost|p1a: Blaziken|spe|1
|upkeep
|
|t:|1783594597
|switch|p2a: Charizard|Charizard, L50, M|100/100
|turn|8
|
|t:|1783594608
|detailschange|p2a: Charizard|Charizard-Mega-Y, L50, M
|-mega|p2a: Charizard|Charizard|Charizardite Y
|-weather|SunnyDay|[from] ability: Drought|[of] p2a: Charizard
|move|p1a: Blaziken|Protect|p1a: Blaziken
|-singleturn|p1a: Blaziken|Protect
|move|p2b: Sylveon|Quick Attack|p1a: Blaziken
|-activate|p1a: Blaziken|move: Protect
|move|p1b: Ninetales|Freeze-Dry|p2b: Sylveon
|-damage|p2b: Sylveon|1/100
|move|p2a: Charizard|Weather Ball|p1b: Ninetales
|-supereffective|p1b: Ninetales|1
|-damage|p1b: Ninetales|0 fnt
|faint|p1b: Ninetales
|
|-weather|SunnyDay|[upkeep]
|-ability|p1a: Blaziken|Speed Boost|boost
|-boost|p1a: Blaziken|spe|1
|upkeep
|
|t:|1783594609
|switch|p1b: Aerodactyl|Aerodactyl, L50, F|1/100
|-ability|p1b: Aerodactyl|Unnerve
|turn|9
|inactive|new mental has 30 seconds left.
|
|t:|1783594636
|move|p2b: Sylveon|Quick Attack|p1a: Blaziken
|-damage|p1a: Blaziken|0 fnt
|faint|p1a: Blaziken
|move|p1b: Aerodactyl|Rock Slide|p2a: Charizard|[spread] p2a,p2b
|-supereffective|p2a: Charizard|2
|-crit|p2b: Sylveon
|-damage|p2a: Charizard|6/100
|-damage|p2b: Sylveon|0 fnt
|faint|p2b: Sylveon
|cant|p2a: Charizard|flinch
|
|-weather|SunnyDay|[upkeep]
|upkeep
|turn|10
|
|t:|1783594644
|move|p1b: Aerodactyl|Rock Slide|p2a: Charizard
|-supereffective|p2a: Charizard|2
|-damage|p2a: Charizard|0 fnt
|faint|p2a: Charizard
|
|win|CazTheMazMartin
||CazTheMazMartin is ready for game 3.
||new mental is ready for game 3.
|uhtml|next|Next: Game 3 of 3
|l|☆CazTheMazMartin
|player|p1|
