|j|☆upchicken
|j|☆palle synchro
|html|upchickenpalle synchro    
|uhtml|bestof|Game 2 of a best-of-3
|t:|1757007292
|gametype|doubles
|player|p1|upchicken|az|1349
|player|p2|palle synchro|volkner|1428
|gen|9
|tier|[Gen 9] VGC 2025 Reg H (Bo3)
|rated|
|rule|Species Clause: Limit one of each Pokémon
|rule|Item Clause: Limit 1 of each item
|clearpoke
|poke|p1|Grimmsnarl, L50, M|
|poke|p1|Annihilape, L50, F|
|poke|p1|Maushold, L50|
|poke|p1|Pelipper, L50, F|
|poke|p1|Archaludon, L50, M|
|poke|p1|Sinistcha, L50|
|poke|p2|Whimsicott, L50, F|
|poke|p2|Arcanine-Hisui, L50, F|
|poke|p2|Indeedee, L50, M|
|poke|p2|Sneasler, L50, M|
|poke|p2|Ursaluna-Bloodmoon, L50, M|
|poke|p2|Archaludon, L50, M|
|teampreview|4
|showteam|p1|Grimmsnarl||LightClay|Prankster|Reflect,LightScreen,ThunderWave,SpiritBreak|||M|||50|,,,,,Steel]Annihilape||SpellTag|Defiant|BulkUp,Protect,DrainPunch,RageFist|||F|||50|,,,,,Fire]Maushold||SafetyGoggles|FriendGuard|BeatUp,Taunt,FollowMe,Protect||||||50|,,,,,Ghost]Pelipper||LifeOrb|Drizzle|WeatherBall,Hurricane,Tailwind,Protect|||F|||50|,,,,,Stellar]Archaludon||AssaultVest|Stamina|ElectroShot,DragonPulse,Snarl,BodyPress|||M|||50|,,,,,Fighting]Sinistcha||SitrusBerry|Hospitality|LifeDew,RagePowder,TrickRoom,MatchaGotcha||||||50|,,,,,Water
|showteam|p2|Whimsicott||CovertCloak|Prankster|Moonblast,Taunt,Tailwind,FakeTears|||F|||50|,,,,,Water]Arcanine-Hisui||ClearAmulet|Intimidate|RockSlide,FlareBlitz,ExtremeSpeed,Protect|||F|||50|,,,,,Ghost]Indeedee||FocusSash|PsychicSurge|ExpandingForce,TeraBlast,Imprison,TrickRoom|||M|||50|,,,,,Psychic]Sneasler||PsychicSeed|Unburden|CloseCombat,DireClaw,ThroatChop,Protect|||M|||50|,,,,,Dark]Ursaluna-Bloodmoon||LifeOrb|MindsEye|HyperVoice,BloodMoon,EarthPower,Protect|||M|||50|,,,,,Normal]Archaludon||PowerHerb|Stalwart|ElectroShot,DragonPulse,Thunderbolt,Protect|||M|||50|,,,,,Electric
|inactive|Battle timer is ON: inactive players will automatically lose when time's up. (requested by palle synchro)
|
|t:|1757007311
|teamsize|p1|4
|teamsize|p2|4
|start
|switch|p1a: Maushold|Maushold, L50|100/100
|switch|p1b: Sinistcha|Sinistcha, L50|100/100
|switch|p2a: Whimsicott|Whimsicott, L50, F|100/100
|switch|p2b: Ursaluna|Ursaluna-Bloodmoon, L50, M|100/100
|turn|1
|
|t:|1757007334
|-terastallize|p2b: Ursaluna|Normal
|move|p1a: Maushold|Follow Me|p1a: Maushold
|-singleturn|p1a: Maushold|move: Follow Me
|move|p2a: Whimsicott|Fake Tears|p1a: Maushold
|-unboost|p1a: Maushold|spd|2
|move|p2b: Ursaluna|Hyper Voice|p1a: Maushold|[spread] p1a,p1b
|-damage|p1a: Maushold|0 fnt
|-damage|p1b: Sinistcha|62/100
|faint|p1a: Maushold
|-damage|p2b: Ursaluna|91/100|[from] item: Life Orb
|move|p1b: Sinistcha|Trick Room|p1b: Sinistcha
|-fieldstart|move: Trick Room|[of] p1b: Sinistcha
|
|upkeep
|
|t:|1757007344
|switch|p1a: Pelipper|Pelipper, L50, F|100/100
|-weather|RainDance|[from] ability: Drizzle|[of] p1a: Pelipper
|turn|2
|
|t:|1757007353
|move|p2a: Whimsicott|Fake Tears|p1a: Pelipper
|-unboost|p1a: Pelipper|spd|2
|move|p1b: Sinistcha|Matcha Gotcha|p2b: Ursaluna|[spread] p2a,p2b
|-resisted|p2a: Whimsicott
|-damage|p2a: Whimsicott|84/100
|-heal|p1b: Sinistcha|70/100|[from] drain|[of] p2a: Whimsicott
|-damage|p2b: Ursaluna|57/100
|-heal|p1b: Sinistcha|88/100|[from] drain|[of] p2b: Ursaluna
|-status|p2b: Ursaluna|brn
|move|p2b: Ursaluna|Hyper Voice|p1b: Sinistcha|[spread] p1a,p1b
|-damage|p1a: Pelipper|0 fnt
|-damage|p1b: Sinistcha|27/100
|-enditem|p1b: Sinistcha|Sitrus Berry|[eat]
|-heal|p1b: Sinistcha|52/100|[from] item: Sitrus Berry
|faint|p1a: Pelipper
|-damage|p2b: Ursaluna|48/100 brn|[from] item: Life Orb
|
|-weather|RainDance|[upkeep]
|-damage|p2b: Ursaluna|42/100 brn|[from] brn
|upkeep
|
|t:|1757007365
|switch|p1a: Archaludon|Archaludon, L50, M|100/100
|turn|3
|
|t:|1757007377
|move|p1b: Sinistcha|Rage Powder|p1b: Sinistcha
|-singleturn|p1b: Sinistcha|move: Rage Powder
|move|p2a: Whimsicott|Fake Tears|p1a: Archaludon
|-unboost|p1a: Archaludon|spd|2
|move|p1a: Archaludon|Electro Shot||[still]
|-prepare|p1a: Archaludon|Electro Shot
|-boost|p1a: Archaludon|spa|1
|-anim|p1a: Archaludon|Electro Shot|p2b: Ursaluna
|-damage|p2b: Ursaluna|0 fnt
|faint|p2b: Ursaluna
|
|-weather|RainDance|[upkeep]
|upkeep
|
|t:|1757007384
|switch|p2b: Archaludon|Archaludon, L50, M|100/100
|turn|4
|
|t:|1757007395
|switch|p2b: Indeedee|Indeedee, L50, M|100/100
|-fieldstart|move: Psychic Terrain|[from] ability: Psychic Surge|[of] p2b: Indeedee
|move|p2a: Whimsicott|Fake Tears|p1a: Archaludon
|-activate|p1a: Archaludon|move: Psychic Terrain
|move|p1b: Sinistcha|Matcha Gotcha|p2b: Indeedee|[spread] p2a,p2b
|-resisted|p2a: Whimsicott
|-damage|p2a: Whimsicott|68/100
|-heal|p1b: Sinistcha|58/100|[from] drain|[of] p2a: Whimsicott
|-damage|p2b: Indeedee|65/100
|-heal|p1b: Sinistcha|72/100|[from] drain|[of] p2b: Indeedee
|-status|p2b: Indeedee|brn
|move|p1a: Archaludon|Dragon Pulse|p2b: Indeedee
|-damage|p2b: Indeedee|0 fnt
|faint|p2b: Indeedee
|
|-weather|RainDance|[upkeep]
|upkeep
|
|t:|1757007400
|switch|p2b: Archaludon|Archaludon, L50, M|100/100
|turn|5
|
|t:|1757007425
|move|p1b: Sinistcha|Rage Powder|p1b: Sinistcha
|-singleturn|p1b: Sinistcha|move: Rage Powder
|move|p1a: Archaludon|Snarl|p2b: Archaludon|[spread] p2a,p2b
|-resisted|p2a: Whimsicott
|-damage|p2a: Whimsicott|56/100
|-damage|p2b: Archaludon|73/100
|-unboost|p2b: Archaludon|spa|1
|move|p2b: Archaludon|Dragon Pulse|p1a: Archaludon
|-damage|p1a: Archaludon|59/100
|-ability|p1a: Archaludon|Stamina|boost
|-boost|p1a: Archaludon|def|1
|move|p2a: Whimsicott|Moonblast|p1a: Archaludon
|-damage|p1a: Archaludon|24/100
|-ability|p1a: Archaludon|Stamina|boost
|-boost|p1a: Archaludon|def|1
|
|-weather|RainDance|[upkeep]
|-fieldend|move: Trick Room
|upkeep
|turn|6
|
|t:|1757007435
|move|p2a: Whimsicott|Moonblast|p1b: Sinistcha
|-damage|p1b: Sinistcha|46/100
|-unboost|p1b: Sinistcha|spa|1
|move|p2b: Archaludon|Dragon Pulse|p1a: Archaludon
|-damage|p1a: Archaludon|0 fnt
|faint|p1a: Archaludon
|move|p1b: Sinistcha|Life Dew|p1b: Sinistcha
|-heal|p1b: Sinistcha|71/100
|
|-weather|none
|upkeep
|turn|7
|
|t:|1757007441
|move|p2a: Whimsicott|Moonblast|p1b: Sinistcha
|-damage|p1b: Sinistcha|47/100
|move|p2b: Archaludon|Electro Shot||[still]
|-prepare|p2b: Archaludon|Electro Shot
|-boost|p2b: Archaludon|spa|1
|-enditem|p2b: Archaludon|Power Herb
|-anim|p2b: Archaludon|Electro Shot|p1b: Sinistcha
|-resisted|p1b: Sinistcha
|-damage|p1b: Sinistcha|24/100
|move|p1b: Sinistcha|Matcha Gotcha|p2a: Whimsicott|[spread] p2a,p2b
|-resisted|p2a: Whimsicott
|-resisted|p2b: Archaludon
|-damage|p2a: Whimsicott|46/100
|-heal|p1b: Sinistcha|29/100|[from] drain|[of] p2a: Whimsicott
|-damage|p2b: Archaludon|67/100
|-heal|p1b: Sinistcha|32/100|[from] drain|[of] p2b: Archaludon
|-status|p2b: Archaludon|brn
|
|-damage|p2b: Archaludon|61/100 brn|[from] brn
|upkeep
|turn|8
|
|t:|1757007446
|move|p2a: Whimsicott|Moonblast|p1b: Sinistcha
|-damage|p1b: Sinistcha|10/100
|move|p2b: Archaludon|Dragon Pulse|p1b: Sinistcha
|-damage|p1b: Sinistcha|0 fnt
|faint|p1b: Sinistcha
|
|win|palle synchro
|raw|upchicken's rating: 1349 → 1333(-16 for losing)
|raw|palle synchro's rating: 1428 → 1444(+16 for winning)
