|j|☆Carlosmart7
|j|☆stewiie25
|html|Carlosmart7stewiie25    
|uhtml|bestof|Game 2 of a best-of-3
|t:|1757930507
|gametype|doubles
|player|p1|Carlosmart7|266|1066
|player|p2|stewiie25|169|1077
|gen|9
|tier|[Gen 9] VGC 2025 Reg H (Bo3)
|rated|
|rule|Species Clause: Limit one of each Pokémon
|rule|Item Clause: Limit 1 of each item
|clearpoke
|poke|p1|Annihilape, L50, M|
|poke|p1|Dragonite, L50, M|
|poke|p1|Gholdengo, L50|
|poke|p1|Electabuzz, L50, F|
|poke|p1|Rillaboom, L50, M|
|poke|p1|Incineroar, L50, M|
|poke|p2|Meowscarada, L50, F|
|poke|p2|Baxcalibur, L50, F|
|poke|p2|Gholdengo, L50|
|poke|p2|Garganacl, L50, F|
|poke|p2|Tauros-Paldea-Aqua, L50, M|
|poke|p2|Mimikyu, L50, F|
|teampreview|4
|showteam|p1|Annihilape||FocusSash|Defiant|Taunt,CloseCombat,RageFist,Coaching|||M|||50|,,,,,Stellar]Dragonite||LoadedDice|Multiscale|Protect,ScaleShot,Haze,ExtremeSpeed|||M|||50|,,,,,Fairy]Gholdengo||SitrusBerry|GoodasGold|MakeItRain,ShadowBall,NastyPlot,Protect||||||50|,,,,,Dragon]Electabuzz||Eviolite|VitalSpirit|Protect,Electroweb,Taunt,FollowMe|||F|||50|,,,,,Dragon]Rillaboom||AssaultVest|GrassySurge|FakeOut,WoodHammer,HighHorsepower,GrassyGlide|||M|||50|,,,,,Fire]Incineroar||MirrorHerb|Intimidate|FakeOut,PartingShot,FlareBlitz,KnockOff|||M|||50|,,,,,Ghost
|showteam|p2|Meowscarada||FocusSash|Overgrow|Protect,FlowerTrick,SuckerPunch,KnockOff|||F|||50|,,,,,Grass]Baxcalibur||LoadedDice|ThermalExchange|Protect,IcicleSpear,IceShard,GlaiveRush|||F|||50|,,,,,Water]Gholdengo||ChoiceSpecs|GoodasGold|MakeItRain,FocusBlast,PowerGem,ShadowBall||||||50|,,,,,Steel]Garganacl||Leftovers|PurifyingSalt|Protect,WideGuard,SaltCure,Recover|||F|||50|,,,,,Poison]Tauros-Paldea-Aqua||SitrusBerry|Intimidate|Protect,AquaJet,WaveCrash,CloseCombat|||M|||50|,,,,,Fighting]Mimikyu||LifeOrb|Disguise|Protect,ShadowClaw,DrainPunch,PlayRough|||F|||50|,,,,,Ghost
|
|t:|1757930555
|teamsize|p1|4
|teamsize|p2|4
|start
|switch|p1a: Annihilape|Annihilape, L50, M, shiny|100/100
|switch|p1b: Electabuzz|Electabuzz, L50, F, shiny|100/100
|switch|p2a: Gholdengo|Gholdengo, L50|100/100
|switch|p2b: Garganacl|Garganacl, L50, F|100/100
|turn|1
|
|t:|1757930591
|-terastallize|p2a: Gholdengo|Steel
|move|p2b: Garganacl|Protect|p2b: Garganacl
|-singleturn|p2b: Garganacl|Protect
|move|p1b: Electabuzz|Follow Me|p1b: Electabuzz
|-singleturn|p1b: Electabuzz|move: Follow Me
|move|p1a: Annihilape|Rage Fist|p2a: Gholdengo
|-damage|p2a: Gholdengo|77/100
|move|p2a: Gholdengo|Make It Rain|p1b: Electabuzz|[spread] p1a,p1b
|-resisted|p1b: Electabuzz
|-damage|p1a: Annihilape|13/100
|-damage|p1b: Electabuzz|63/100
|-unboost|p2a: Gholdengo|spa|1
|
|upkeep
|turn|2
|
|t:|1757930619
|switch|p2b: Meowscarada|Meowscarada, L50, F|100/100
|move|p1b: Electabuzz|Follow Me|p1b: Electabuzz
|-singleturn|p1b: Electabuzz|move: Follow Me
|move|p1a: Annihilape|Close Combat|p2a: Gholdengo
|-supereffective|p2a: Gholdengo
|-damage|p2a: Gholdengo|0 fnt
|-unboost|p1a: Annihilape|def|1
|-unboost|p1a: Annihilape|spd|1
|faint|p2a: Gholdengo
|
|upkeep
|
|t:|1757930633
|switch|p2a: Baxcalibur|Baxcalibur, L50, F|100/100
|turn|3
|
|t:|1757930636
|switch|p1a: Incineroar|Incineroar, L50, M, shiny|100/100
|-ability|p1a: Incineroar|Intimidate|boost
|-unboost|p2a: Baxcalibur|atk|1
|-unboost|p2b: Meowscarada|atk|1
|move|p1b: Electabuzz|Protect|p1b: Electabuzz
|-singleturn|p1b: Electabuzz|Protect
|move|p2a: Baxcalibur|Protect|p2a: Baxcalibur
|-singleturn|p2a: Baxcalibur|Protect
|move|p2b: Meowscarada|Knock Off|p1b: Electabuzz
|-activate|p1b: Electabuzz|move: Protect
|
|upkeep
|turn|4
|
|t:|1757930655
|switch|p2a: Garganacl|Garganacl, L50, F|100/100
|move|p2b: Meowscarada|Protect|p2b: Meowscarada
|-singleturn|p2b: Meowscarada|Protect
|move|p1a: Incineroar|Fake Out|p2b: Meowscarada
|-activate|p2b: Meowscarada|move: Protect
|move|p1b: Electabuzz|Electroweb|p2a: Garganacl|[spread] p2a
|-activate|p2b: Meowscarada|move: Protect
|-damage|p2a: Garganacl|90/100
|-unboost|p2a: Garganacl|spe|1
|
|-heal|p2a: Garganacl|96/100|[from] item: Leftovers
|upkeep
|turn|5
|
|t:|1757930677
|switch|p2b: Baxcalibur|Baxcalibur, L50, F|100/100
|move|p1b: Electabuzz|Electroweb|p2a: Garganacl|[spread] p2a,p2b
|-resisted|p2b: Baxcalibur
|-damage|p2a: Garganacl|84/100
|-damage|p2b: Baxcalibur|95/100
|-unboost|p2a: Garganacl|spe|1
|-unboost|p2b: Baxcalibur|spe|1
|move|p1a: Incineroar|Knock Off|p2a: Garganacl
|-damage|p2a: Garganacl|60/100
|-enditem|p2a: Garganacl|Leftovers|[from] move: Knock Off|[of] p1a: Incineroar
|move|p2a: Garganacl|Salt Cure|p1b: Electabuzz
|-damage|p1b: Electabuzz|50/100
|-start|p1b: Electabuzz|Salt Cure
|
|-damage|p1b: Electabuzz|37/100|[from] Salt Cure
|upkeep
|turn|6
|
|t:|1757930701
|move|p2b: Baxcalibur|Protect|p2b: Baxcalibur
|-singleturn|p2b: Baxcalibur|Protect
|move|p1b: Electabuzz|Electroweb|p2a: Garganacl|[spread] p2a
|-activate|p2b: Baxcalibur|move: Protect
|-damage|p2a: Garganacl|49/100
|-unboost|p2a: Garganacl|spe|1
|move|p1a: Incineroar|Parting Shot|p2b: Baxcalibur
|-activate|p2b: Baxcalibur|move: Protect
|move|p2a: Garganacl|Salt Cure|p1a: Incineroar
|-supereffective|p1a: Incineroar
|-damage|p1a: Incineroar|76/100
|-start|p1a: Incineroar|Salt Cure
|
|-damage|p1b: Electabuzz|25/100|[from] Salt Cure
|-damage|p1a: Incineroar|64/100|[from] Salt Cure
|upkeep
|turn|7
|
|t:|1757930719
|move|p1b: Electabuzz|Electroweb|p2a: Garganacl|[spread] p2a,p2b
|-resisted|p2b: Baxcalibur
|-damage|p2a: Garganacl|38/100
|-damage|p2b: Baxcalibur|90/100
|-unboost|p2a: Garganacl|spe|1
|-unboost|p2b: Baxcalibur|spe|1
|move|p1a: Incineroar|Parting Shot|p2b: Baxcalibur
|-unboost|p2b: Baxcalibur|atk|1
|-unboost|p2b: Baxcalibur|spa|1
|
|t:|1757930728
|switch|p1a: Gholdengo|Gholdengo, L50|100/100|[from] Parting Shot
|move|p2b: Baxcalibur|Glaive Rush|p1b: Electabuzz
|-damage|p1b: Electabuzz|0 fnt
|-singlemove|p2b: Baxcalibur|Glaive Rush|[silent]
|faint|p1b: Electabuzz
|move|p2a: Garganacl|Salt Cure|p1a: Gholdengo
|-resisted|p1a: Gholdengo
|-damage|p1a: Gholdengo|93/100
|-start|p1a: Gholdengo|Salt Cure
|
|-damage|p1a: Gholdengo|68/100|[from] Salt Cure
|upkeep
|
|t:|1757930738
|switch|p1b: Incineroar|Incineroar, L50, M, shiny|64/100
|-ability|p1b: Incineroar|Intimidate|boost
|-unboost|p2a: Garganacl|atk|1
|-unboost|p2b: Baxcalibur|atk|1
|turn|8
|
|t:|1757930751
|switch|p1a: Annihilape|Annihilape, L50, M, shiny|13/100
|switch|p2b: Meowscarada|Meowscarada, L50, F|100/100
|move|p1b: Incineroar|Fake Out|p2a: Garganacl
|-resisted|p2a: Garganacl
|-damage|p2a: Garganacl|35/100
|cant|p2a: Garganacl|flinch
|
|upkeep
|turn|9
|
|t:|1757930770
|move|p2b: Meowscarada|Knock Off|p1a: Annihilape
|-damage|p1a: Annihilape|0 fnt
|-enditem|p1a: Annihilape|Focus Sash|[from] move: Knock Off|[of] p2b: Meowscarada
|faint|p1a: Annihilape
|move|p1b: Incineroar|Knock Off|p2b: Meowscarada
|-resisted|p2b: Meowscarada
|-damage|p2b: Meowscarada|69/100
|-enditem|p2b: Meowscarada|Focus Sash|[from] move: Knock Off|[of] p1b: Incineroar
|move|p2a: Garganacl|Recover|p2a: Garganacl
|-heal|p2a: Garganacl|85/100
|
|upkeep
|
|t:|1757930779
|switch|p1a: Gholdengo|Gholdengo, L50|68/100
|turn|10
|
|t:|1757930796
|move|p2b: Meowscarada|Protect|p2b: Meowscarada
|-singleturn|p2b: Meowscarada|Protect
|move|p1a: Gholdengo|Protect|p1a: Gholdengo
|-singleturn|p1a: Gholdengo|Protect
|move|p1b: Incineroar|Flare Blitz|p2b: Meowscarada
|-activate|p2b: Meowscarada|move: Protect
|move|p2a: Garganacl|Salt Cure|p1a: Gholdengo
|-activate|p1a: Gholdengo|move: Protect
|
|upkeep
|turn|11
|
|t:|1757930814
|-terastallize|p1a: Gholdengo|Dragon
|move|p2b: Meowscarada|Knock Off|p1a: Gholdengo
|-damage|p1a: Gholdengo|20/100
|-enditem|p1a: Gholdengo|Sitrus Berry|[from] move: Knock Off|[of] p2b: Meowscarada
|move|p1a: Gholdengo|Nasty Plot|p1a: Gholdengo
|-boost|p1a: Gholdengo|spa|2
|move|p1b: Incineroar|Flare Blitz|p2b: Meowscarada
|-supereffective|p2b: Meowscarada
|-damage|p2b: Meowscarada|0 fnt
|faint|p2b: Meowscarada
|-damage|p1b: Incineroar|47/100|[from] Recoil
|move|p2a: Garganacl|Salt Cure|p1a: Gholdengo
|-damage|p1a: Gholdengo|9/100
|-start|p1a: Gholdengo|Salt Cure
|
|-damage|p1a: Gholdengo|0 fnt|[from] Salt Cure
|faint|p1a: Gholdengo
|upkeep
|
|t:|1757930823
|switch|p2b: Baxcalibur|Baxcalibur, L50, F|90/100
|turn|12
|
|t:|1757930835
|move|p2b: Baxcalibur|Glaive Rush|p1b: Incineroar
|-damage|p1b: Incineroar|0 fnt
|-singlemove|p2b: Baxcalibur|Glaive Rush|[silent]
|faint|p1b: Incineroar
|
|win|stewiie25
||Carlosmart7 is ready for game 3.
||stewiie25 is ready for game 3.
|uhtml|next|Next: Game 3 of 3
|l|☆Carlosmart7
|player|p1|
