|j|☆homerj71
|j|☆toottewtpachute
|html|homerj71toottewtpachute    
|uhtml|bestof|Game 2 of a best-of-3
|t:|1783859461
|gametype|doubles
|player|p1|homerj71|266|1218
|player|p2|toottewtpachute|265|1146
|gen|9
|tier|[Gen 9 Champions] VGC 2026 Reg M-B (Bo3)
|rated|
|rule|Species Clause: Limit one of each Pokémon
|rule|Item Clause: Limit 1 of each item
|clearpoke
|poke|p1|Sneasler, L50, M|
|poke|p1|Sinistcha, L50|
|poke|p1|Incineroar, L50, M|
|poke|p1|Kingambit, L50, M|
|poke|p1|Delphox, L50, M|
|poke|p1|Floette-Eternal, L50, F|
|poke|p2|Altaria, L50, F|
|poke|p2|Sneasler, L50, F, shiny|
|poke|p2|Aerodactyl, L50, M, shiny|
|poke|p2|Hydreigon, L50, M, shiny|
|poke|p2|Empoleon, L50, M|
|poke|p2|Sinistcha-Masterpiece, L50|
|teampreview|4
|showteam|p1|Sneasler||FocusSash|PoisonTouch|QuickGuard,FakeOut,DireClaw,CloseCombat|Jolly||M|||50|]Sinistcha||OccaBerry|Hospitality|Protect,RagePowder,MatchaGotcha,TrickRoom|Relaxed|||||50|]Incineroar||SitrusBerry|Intimidate|FakeOut,FlareBlitz,ThroatChop,PartingShot|Careful||M|||50|]Kingambit||BlackGlasses|Defiant|KowtowCleave,SwordsDance,SuckerPunch,Protect|Adamant||M|||50|]Delphox||Delphoxite|Blaze|Protect,NastyPlot,HeatWave,Psyshock|Timid||M|||50|]Floette-Eternal||Floettite|FlowerVeil|Moonblast,CalmMind,Protect,DazzlingGleam|Bold||F|||50|
|showteam|p2|Altaria||Altarianite|CloudNine|DragonDance,DoubleEdge,Earthquake,Protect|Adamant||F|||50|]Sneasler||WhiteHerb|Unburden|FakeOut,DireClaw,CloseCombat,Protect|Jolly||F|||50|]Aerodactyl||FocusSash|Unnerve|DualWingbeat,RockSlide,Tailwind,Protect|Jolly||M|||50|]Hydreigon||LifeOrb|Levitate|DarkPulse,DracoMeteor,EarthPower,HeatWave|Modest||M|||50|]Empoleon||SitrusBerry|Competitive|Surf,IceBeam,IcyWind,FlashCannon|Timid||M|||50|]Sinistcha-Masterpiece||Leftovers|Hospitality|MatchaGotcha,RagePowder,Protect,ShadowBall|Bold|||||50|
|inactive|Battle timer is ON: inactive players will automatically lose when time's up. (requested by homerj71)
|
|t:|1783859476
|teamsize|p1|4
|teamsize|p2|4
|start
|switch|p1a: Kingambit|Kingambit, L50, M|100/100
|switch|p1b: Sneasler|Sneasler, L50, M|100/100
|switch|p2a: Aerodactyl|Aerodactyl, L50, M, shiny|100/100
|switch|p2b: Hydreigon|Hydreigon, L50, M, shiny|100/100
|-ability|p2a: Aerodactyl|Unnerve
|turn|1
|
|t:|1783859497
|move|p2a: Aerodactyl|Tailwind|p2a: Aerodactyl
|-sidestart|p2: toottewtpachute|move: Tailwind
|move|p2b: Hydreigon|Earth Power|p1a: Kingambit
|-supereffective|p1a: Kingambit|1
|-damage|p1a: Kingambit|19/100
|-damage|p2b: Hydreigon|90/100|[from] item: Life Orb
|move|p1b: Sneasler|Close Combat|p2b: Hydreigon
|-supereffective|p2b: Hydreigon|1
|-damage|p2b: Hydreigon|0 fnt
|-unboost|p1b: Sneasler|def|1
|-unboost|p1b: Sneasler|spd|1
|faint|p2b: Hydreigon
|move|p1a: Kingambit|Swords Dance|p1a: Kingambit
|-boost|p1a: Kingambit|atk|2
|
|upkeep
|
|t:|1783859510
|switch|p2b: Altaria|Altaria, L50, F|100/100
|-ability|p2b: Altaria|Cloud Nine
|turn|2
|
|t:|1783859520
|switch|p1b: Sinistcha|Sinistcha, L50|100/100
|-heal|p1a: Kingambit|44/100|[from] ability: Hospitality|[of] p1b: Sinistcha
|detailschange|p2b: Altaria|Altaria-Mega, L50, F
|-mega|p2b: Altaria|Altaria|Altarianite
|move|p1a: Kingambit|Sucker Punch|p2b: Altaria
|-resisted|p2b: Altaria|1
|-damage|p2b: Altaria|53/100
|move|p2a: Aerodactyl|Dual Wingbeat|p1b: Sinistcha|[miss]
|-miss|p2a: Aerodactyl|p1b: Sinistcha
|move|p2b: Altaria|Earthquake|p1b: Sinistcha|[spread] p1a,p1b
|-immune|p2a: Aerodactyl
|-supereffective|p1a: Kingambit|1
|-resisted|p1b: Sinistcha|1
|-damage|p1a: Kingambit|11/100
|-damage|p1b: Sinistcha|90/100
|
|upkeep
|turn|3
|
|t:|1783859540
|move|p2b: Altaria|Protect|p2b: Altaria
|-singleturn|p2b: Altaria|Protect
|move|p1a: Kingambit|Sucker Punch|p2a: Aerodactyl
|-enditem|p2a: Aerodactyl|Focus Sash
|-damage|p2a: Aerodactyl|1/100
|move|p2a: Aerodactyl|Dual Wingbeat|p1a: Kingambit|[miss]
|-miss|p2a: Aerodactyl|p1a: Kingambit
|move|p1b: Sinistcha|Matcha Gotcha|p2b: Altaria|[spread] p2a
|-activate|p2b: Altaria|move: Protect
|-damage|p2a: Aerodactyl|0 fnt
|-heal|p1b: Sinistcha|91/100|[from] drain|[of] p2a: Aerodactyl
|faint|p2a: Aerodactyl
|
|upkeep
|c|☆toottewtpachute|hm
|
|t:|1783859555
|switch|p2a: Empoleon|Empoleon, L50, M|100/100
|turn|4
|
|t:|1783859565
|move|p1b: Sinistcha|Rage Powder|p1b: Sinistcha
|-singleturn|p1b: Sinistcha|move: Rage Powder
|move|p1a: Kingambit|Sucker Punch|p2a: Empoleon
|-damage|p2a: Empoleon|15/100
|-enditem|p2a: Empoleon|Sitrus Berry|[eat]
|-heal|p2a: Empoleon|39/100|[from] item: Sitrus Berry
|move|p2b: Altaria|Double-Edge|p1b: Sinistcha
|-damage|p1b: Sinistcha|45/100
|-damage|p2b: Altaria|39/100|[from] Recoil
|move|p2a: Empoleon|Ice Beam|p1b: Sinistcha
|-supereffective|p1b: Sinistcha|1
|-damage|p1b: Sinistcha|3/100
|
|-sideend|p2: toottewtpachute|move: Tailwind
|upkeep
|turn|5
|
|t:|1783859582
|move|p2b: Altaria|Protect|p2b: Altaria
|-singleturn|p2b: Altaria|Protect
|move|p1a: Kingambit|Sucker Punch||[still]
|-fail|p1a: Kingambit
|move|p2a: Empoleon|Surf|p1b: Sinistcha|[spread] p1a,p1b
|-activate|p2b: Altaria|move: Protect
|-resisted|p1b: Sinistcha|1
|-crit|p1b: Sinistcha
|-damage|p1a: Kingambit|0 fnt
|-damage|p1b: Sinistcha|0 fnt
|faint|p1a: Kingambit
|faint|p1b: Sinistcha
|
|upkeep
|
|t:|1783859588
|switch|p1b: Floette|Floette-Eternal, L50, F|100/100
|switch|p1a: Sneasler|Sneasler, L50, M|100/100
|turn|6
|
|t:|1783859601
|detailschange|p1b: Floette|Floette-Mega, L50, F
|-mega|p1b: Floette|Floette|Floettite
|-ability|p1b: Floette|Fairy Aura
|move|p1a: Sneasler|Close Combat|p2a: Empoleon
|-supereffective|p2a: Empoleon|1
|-damage|p2a: Empoleon|0 fnt
|-unboost|p1a: Sneasler|def|1
|-unboost|p1a: Sneasler|spd|1
|faint|p2a: Empoleon
|move|p1b: Floette|Moonblast|p2b: Altaria
|-supereffective|p2b: Altaria|1
|-damage|p2b: Altaria|0 fnt
|faint|p2b: Altaria
|
|win|homerj71
|raw|homerj71's rating: 1218 → 1238(+20 for winning)
|raw|toottewtpachute's rating: 1146 → 1126(-20 for losing)
