|j|☆dhairyasethia
|j|☆Andrewx98
|html|dhairyasethiaAndrewx98    
|uhtml|bestof|Game 1 of a best-of-3
|t:|1757929490
|gametype|doubles
|player|p1|dhairyasethia|266|1050
|player|p2|Andrewx98|youngster-gen4dp|1073
|gen|9
|tier|[Gen 9] VGC 2025 Reg H (Bo3)
|rated|
|rule|Species Clause: Limit one of each Pokémon
|rule|Item Clause: Limit 1 of each item
|clearpoke
|poke|p1|Annihilape, L50, M|
|poke|p1|Tatsugiri, L50, M|
|poke|p1|Dondozo, L50, F|
|poke|p1|Flamigo, L50, M|
|poke|p1|Snorlax, L50, F|
|poke|p1|Incineroar, L50, M|
|poke|p2|Slowking, L50, M|
|poke|p2|Toxicroak, L50, F|
|poke|p2|Kingdra, L50, F|
|poke|p2|Malamar, L50, F|
|poke|p2|Pelipper, L50, M|
|poke|p2|Ursaluna, L50, M|
|teampreview|4
|showteam|p1|Annihilape||ChoiceScarf|Defiant|CloseCombat,RageFist,FinalGambit,Outrage|||M|||50|,,,,,Fighting]Tatsugiri||ToxicOrb|Commander|DracoMeteor,HydroPump,Protect,Endure|||M|||50|,,,,,Fire]Dondozo||Leftovers|Oblivious|Protect,Substitute,OrderUp,WaveCrash|||F|||50|,,,,,Grass]Flamigo||ClearAmulet|Costar|Detect,BraveBird,CloseCombat,Roost|||M|||50|,,,,,Steel]Snorlax||AguavBerry|Gluttony|Protect,BellyDrum,Facade,HighHorsepower|||F|||50|,,,,,Ghost]Incineroar||AssaultVest|Intimidate|FakeOut,Uturn,KnockOff,FlareBlitz|||M|||50|,,,,,Grass
|showteam|p2|Slowking||RockyHelmet|Oblivious|Surf,TrickRoom,ExpandingForce,Protect|||M|||50|,,,,,Grass]Toxicroak||ClearAmulet|DrySkin|PoisonJab,CloseCombat,FakeOut,SuckerPunch|||F|||50|,,,,,Dark]Kingdra||ChoiceSpecs|SwiftSwim|TeraBlast,FlipTurn,WeatherBall,DracoMeteor|||F|||50|,,,,,Fairy]Malamar||MentalHerb|Contrary|KnockOff,Superpower,TrickRoom,Taunt|||F|||50|,,,,,Fighting]Pelipper||SafetyGoggles|Drizzle|WideGuard,Hurricane,RainDance,WeatherBall|||M|||50|,,,,,Water]Ursaluna||FlameOrb|Guts|HeadlongRush,Earthquake,Protect,Facade|||M|||50|,,,,,Ghost
|inactive|Battle timer is ON: inactive players will automatically lose when time's up. (requested by Andrewx98)
|
|t:|1757929550
|teamsize|p1|4
|teamsize|p2|4
|start
|switch|p1a: Tatsugiri|Tatsugiri, L50, M, shiny|100/100
|switch|p1b: Annihilape|Annihilape, L50, M, shiny|100/100
|switch|p2a: Kingdra|Kingdra, L50, F|100/100
|switch|p2b: Toxicroak|Toxicroak, L50, F|100/100
|turn|1
|inactive|Andrewx98 has 30 seconds left.
|inactive|Andrewx98 has 20 seconds left.
|inactive|Andrewx98 has 15 seconds left.
|inactive|Andrewx98 has 10 seconds left.
|
|t:|1757929596
|switch|p2b: Pelipper|Pelipper, L50, M|100/100
|-weather|RainDance|[from] ability: Drizzle|[of] p2b: Pelipper
|move|p1a: Tatsugiri|Endure|p1a: Tatsugiri
|-singleturn|p1a: Tatsugiri|move: Endure
|move|p1b: Annihilape|Final Gambit|p1a: Tatsugiri
|-activate|p1a: Tatsugiri|move: Endure
|-damage|p1a: Tatsugiri|1/100
|faint|p1b: Annihilape
|move|p2a: Kingdra|Weather Ball|p1a: Tatsugiri
|-resisted|p1a: Tatsugiri
|-crit|p1a: Tatsugiri
|-activate|p1a: Tatsugiri|move: Endure
|-damage|p1a: Tatsugiri|1/100
|
|-weather|RainDance|[upkeep]
|-status|p1a: Tatsugiri|tox|[from] item: Toxic Orb
|upkeep
|
|t:|1757929615
|switch|p1b: Dondozo|Dondozo, L50, F, shiny|100/100
|-activate|p1a: Tatsugiri|ability: Commander|[of] p1b: Dondozo
|-boost|p1b: Dondozo|atk|2
|-boost|p1b: Dondozo|spa|2
|-boost|p1b: Dondozo|spe|2
|-boost|p1b: Dondozo|def|2
|-boost|p1b: Dondozo|spd|2
|turn|2
|inactive|Andrewx98 has 30 seconds left.
|
|t:|1757929641
|switch|p2b: Toxicroak|Toxicroak, L50, F|100/100
|-terastallize|p2a: Kingdra|Fairy
|move|p2a: Kingdra|Weather Ball|p1b: Dondozo
|-resisted|p1b: Dondozo
|-damage|p1b: Dondozo|84/100
|move|p1b: Dondozo|Substitute|p1b: Dondozo
|-start|p1b: Dondozo|Substitute
|-damage|p1b: Dondozo|59/100
|
|-weather|RainDance|[upkeep]
|-heal|p1b: Dondozo|65/100|[from] item: Leftovers
|-damage|p1a: Tatsugiri|0 fnt|[from] psn
|faint|p1a: Tatsugiri
|upkeep
|
|t:|1757929657
|switch|p1a: Flamigo|Flamigo, L50, M, shiny|100/100
|-copyboost|p1a: Flamigo|p1b: Dondozo|[from] ability: Costar
|turn|3
|inactive|Andrewx98 has 30 seconds left.
|inactive|dhairyasethia has 30 seconds left.
|inactive|Andrewx98 has 20 seconds left.
|inactive|Andrewx98 has 15 seconds left.
|inactive|dhairyasethia has 20 seconds left.
|inactive|Andrewx98 has 10 seconds left.
|
|t:|1757929705
|move|p1a: Flamigo|Detect|p1a: Flamigo
|-singleturn|p1a: Flamigo|Protect
|move|p1b: Dondozo|Protect|p1b: Dondozo
|-singleturn|p1b: Dondozo|Protect
|move|p2a: Kingdra|Weather Ball|p1a: Flamigo
|-activate|p1a: Flamigo|move: Protect
|move|p2b: Toxicroak|Poison Jab|p1a: Flamigo
|-activate|p1a: Flamigo|move: Protect
|
|-weather|RainDance|[upkeep]
|-heal|p1b: Dondozo|72/100|[from] item: Leftovers
|upkeep
|turn|4
|inactive|dhairyasethia has 30 seconds left.
|inactive|Andrewx98 has 30 seconds left.
|
|t:|1757929738
|-terastallize|p1a: Flamigo|Steel
|move|p1a: Flamigo|Close Combat|p2a: Kingdra
|-resisted|p2a: Kingdra
|-damage|p2a: Kingdra|53/100
|-unboost|p1a: Flamigo|def|1
|-unboost|p1a: Flamigo|spd|1
|move|p2a: Kingdra|Weather Ball|p1a: Flamigo
|-damage|p1a: Flamigo|17/100
|move|p2b: Toxicroak|Poison Jab|p1a: Flamigo
|-immune|p1a: Flamigo
|move|p1b: Dondozo|Order Up|p2b: Toxicroak
|-damage|p2b: Toxicroak|55/100
|-boost|p1b: Dondozo|atk|1
|
|-weather|RainDance|[upkeep]
|-heal|p2b: Toxicroak|67/100|[from] ability: Dry Skin
|-heal|p1b: Dondozo|78/100|[from] item: Leftovers
|upkeep
|turn|5
|inactive|dhairyasethia has 30 seconds left.
|inactive|dhairyasethia has 20 seconds left.
|
|t:|1757929776
|move|p1a: Flamigo|Detect|p1a: Flamigo
|-singleturn|p1a: Flamigo|Protect
|move|p1b: Dondozo|Protect|p1b: Dondozo
|-singleturn|p1b: Dondozo|Protect
|move|p2a: Kingdra|Weather Ball|p1a: Flamigo
|-activate|p1a: Flamigo|move: Protect
|move|p2b: Toxicroak|Poison Jab|p1b: Dondozo
|-activate|p1b: Dondozo|move: Protect
|
|-weather|none
|-heal|p1b: Dondozo|84/100|[from] item: Leftovers
|upkeep
|turn|6
|inactive|Andrewx98 has 30 seconds left.
|
|t:|1757929802
|switch|p2a: Pelipper|Pelipper, L50, M|100/100
|-weather|RainDance|[from] ability: Drizzle|[of] p2a: Pelipper
|move|p2b: Toxicroak|Sucker Punch||[still]
|-fail|p2b: Toxicroak
|move|p1a: Flamigo|Roost|p1a: Flamigo
|-heal|p1a: Flamigo|68/100
|move|p1b: Dondozo|Wave Crash|p2a: Pelipper
|-resisted|p2a: Pelipper
|-damage|p2a: Pelipper|12/100
|-damage|p1b: Dondozo|65/100|[from] Recoil
|
|-weather|RainDance|[upkeep]
|-heal|p2b: Toxicroak|79/100|[from] ability: Dry Skin
|-heal|p1b: Dondozo|71/100|[from] item: Leftovers
|upkeep
|turn|7
|inactive|dhairyasethia has 30 seconds left.
|inactive|Andrewx98 has 30 seconds left.
|inactive|Andrewx98 has 20 seconds left.
|
|t:|1757929838
|switch|p2a: Kingdra|Kingdra, L50, F, tera:Fairy|53/100
|move|p1a: Flamigo|Brave Bird|p2b: Toxicroak
|-supereffective|p2b: Toxicroak
|-damage|p2b: Toxicroak|0 fnt
|faint|p2b: Toxicroak
|-damage|p1a: Flamigo|41/100|[from] Recoil
|move|p1b: Dondozo|Order Up|p2a: Kingdra
|-immune|p2a: Kingdra
|
|-weather|RainDance|[upkeep]
|-heal|p1b: Dondozo|78/100|[from] item: Leftovers
|upkeep
|
|t:|1757929852
|switch|p2b: Ursaluna|Ursaluna, L50, M|100/100
|turn|8
|inactive|dhairyasethia has 30 seconds left.
|
|t:|1757929881
|move|p1a: Flamigo|Detect|p1a: Flamigo
|-singleturn|p1a: Flamigo|Protect
|move|p1b: Dondozo|Protect|p1b: Dondozo
|-singleturn|p1b: Dondozo|Protect
|move|p2b: Ursaluna|Protect|p2b: Ursaluna
|-singleturn|p2b: Ursaluna|Protect
|move|p2a: Kingdra|Weather Ball|p1a: Flamigo
|-activate|p1a: Flamigo|move: Protect
|
|-weather|RainDance|[upkeep]
|-heal|p1b: Dondozo|84/100|[from] item: Leftovers
|-status|p2b: Ursaluna|brn|[from] item: Flame Orb
|upkeep
|turn|9
|inactive|dhairyasethia has 30 seconds left.
|inactive|Andrewx98 has 30 seconds left.
|inactive|dhairyasethia has 20 seconds left.
|inactive|Andrewx98 has 20 seconds left.
|inactive|Andrewx98 has 15 seconds left.
|inactive|Andrewx98 has 10 seconds left.
|inactive|Andrewx98 has 5 seconds left.
|
|t:|1757929933
|move|p1a: Flamigo|Brave Bird|p2a: Kingdra
|-damage|p2a: Kingdra|0 fnt
|faint|p2a: Kingdra
|-damage|p1a: Flamigo|24/100|[from] Recoil
|move|p1b: Dondozo|Wave Crash|p2b: Ursaluna
|-supereffective|p2b: Ursaluna
|-damage|p2b: Ursaluna|0 fnt
|faint|p2b: Ursaluna
|-damage|p1b: Dondozo|53/100|[from] Recoil
|
|-weather|RainDance|[upkeep]
|-heal|p1b: Dondozo|60/100|[from] item: Leftovers
|upkeep
|
|t:|1757929948
|switch|p2b: Pelipper|Pelipper, L50, M|12/100
|turn|10
|
|t:|1757929957
|move|p1a: Flamigo|Roost|p1a: Flamigo
|-heal|p1a: Flamigo|75/100
|move|p1b: Dondozo|Order Up|p2b: Pelipper
|-damage|p2b: Pelipper|0 fnt
|faint|p2b: Pelipper
|
|win|dhairyasethia
|l|☆dhairyasethia
|player|p1|
|inactive|dhairyasethia has 30 seconds to confirm battle start!
|inactive|Andrewx98 has 30 seconds to confirm battle start!
||Andrewx98 is ready for game 2.
||dhairyasethia is ready for game 2.
|uhtml|next|Next: Game 2 of 3
