|j|☆llufamistica
|j|☆baichede
|html|llufamisticabaichede    
|uhtml|bestof|Game 1 of a best-of-3
|t:|1757182296
|gametype|doubles
|player|p1|llufamistica|169|1054
|player|p2|baichede|cyclistf|1036
|gen|9
|tier|[Gen 9] VGC 2025 Reg H (Bo3)
|rated|
|rule|Species Clause: Limit one of each Pokémon
|rule|Item Clause: Limit 1 of each item
|clearpoke
|poke|p1|Murkrow, L50, F|
|poke|p1|Garchomp, L50, M|
|poke|p1|Toxtricity, L50, M|
|poke|p1|Zoroark-Hisui, L50, M|
|poke|p1|Indeedee-F, L50, F|
|poke|p1|Annihilape, L50, F|
|poke|p2|Whimsicott, L50, M|
|poke|p2|Pelipper, L50, M|
|poke|p2|Archaludon, L50, F|
|poke|p2|Incineroar, L50, F|
|poke|p2|Rillaboom, L50, M|
|poke|p2|Ursaluna-Bloodmoon, L50, M|
|teampreview|4
|showteam|p1|Murkrow||Eviolite|Prankster|BraveBird,Tailwind,Quash,Haze|||F|||50|,,,,,Ghost]Garchomp||LifeOrb|RoughSkin|Earthquake,IronHead,RockSlide,Protect|||M|||50|,,,,,Steel]Toxtricity||ChoiceSpecs|PunkRock|Boomburst,Overdrive,VoltSwitch,SludgeBomb|||M|||50|,,,,,Normal]Zoroark-Hisui||FocusSash|Illusion|ShadowBall,Protect,HyperVoice,NastyPlot|||M|||50|,,,,,Stellar]Indeedee-F||SafetyGoggles|Synchronize|FollowMe,HelpingHand,FakeOut,DazzlingGleam|||F|||50|,,,,,Fairy]Annihilape||ChoiceScarf|Defiant|FinalGambit,HelpingHand,ShadowClaw,CloseCombat|||F|||50|,,,,,Grass
|showteam|p2|Whimsicott||CovertCloak|Prankster|BeatUp,Tailwind,Taunt,Encore|||M|||50|,,,,,Dark]Pelipper||FocusSash|Drizzle|Tailwind,Protect,Hurricane,WeatherBall|||M|||50|,,,,,Ground]Archaludon||AssaultVest|Stamina|ElectroShot,FlashCannon,BodyPress,DracoMeteor|||F|||50|,,,,,Grass]Incineroar||SafetyGoggles|Intimidate|WillOWisp,PartingShot,FakeOut,KnockOff|||F|||50|,,,,,Bug]Rillaboom||ChoiceBand|GrassySurge|GrassyGlide,Uturn,HighHorsepower,WoodHammer|||M|||50|,,,,,Grass]Ursaluna-Bloodmoon||ThroatSpray|MindsEye|EarthPower,BloodMoon,HyperVoice,Protect|||M|||50|,,,,,Normal
|inactive|Battle timer is ON: inactive players will automatically lose when time's up. (requested by baichede)
|inactive|llufamistica has 60 seconds left.
|inactive|baichede has 60 seconds left.
|inactive|llufamistica has 30 seconds left.
|
|t:|1757182365
|teamsize|p1|4
|teamsize|p2|4
|start
|switch|p1a: Annihilape|Annihilape, L50, F, shiny|100/100
|switch|p1b: Murkrow|Murkrow, L50, F, shiny|100/100
|switch|p2a: Whimsicott|Whimsicott, L50, M|100/100
|switch|p2b: Ursaluna|Ursaluna-Bloodmoon, L50, M|100/100
|turn|1
|inactive|llufamistica has 30 seconds left.
|inactive|llufamistica has 20 seconds left.
|inactive|llufamistica has 15 seconds left.
|inactive|baichede has 30 seconds left.
|
|t:|1757182410
|switch|p2a: Archaludon|Archaludon, L50, F|100/100
|switch|p2b: Pelipper|Pelipper, L50, M|100/100
|-weather|RainDance|[from] ability: Drizzle|[of] p2b: Pelipper
|move|p1a: Annihilape|Close Combat|p2b: Pelipper
|-resisted|p2b: Pelipper
|-damage|p2b: Pelipper|68/100
|-unboost|p1a: Annihilape|def|1
|-unboost|p1a: Annihilape|spd|1
|move|p1b: Murkrow|Brave Bird|p2a: Archaludon
|-resisted|p2a: Archaludon
|-damage|p2a: Archaludon|87/100
|-ability|p2a: Archaludon|Stamina|boost
|-boost|p2a: Archaludon|def|1
|-damage|p1b: Murkrow|96/100|[from] Recoil
|
|-weather|RainDance|[upkeep]
|upkeep
|turn|2
|inactive|llufamistica has 30 seconds left.
|
|t:|1757182443
|move|p1a: Annihilape|Close Combat|p2a: Archaludon
|-supereffective|p2a: Archaludon
|-damage|p2a: Archaludon|34/100
|-unboost|p1a: Annihilape|def|1
|-unboost|p1a: Annihilape|spd|1
|-ability|p2a: Archaludon|Stamina|boost
|-boost|p2a: Archaludon|def|1
|move|p2b: Pelipper|Tailwind|p2b: Pelipper
|-sidestart|p2: baichede|move: Tailwind
|move|p2a: Archaludon|Electro Shot||[still]
|-prepare|p2a: Archaludon|Electro Shot
|-boost|p2a: Archaludon|spa|1
|-anim|p2a: Archaludon|Electro Shot|p1b: Murkrow
|-supereffective|p1b: Murkrow
|-damage|p1b: Murkrow|0 fnt
|faint|p1b: Murkrow
|
|-weather|RainDance|[upkeep]
|upkeep
|inactive|llufamistica has 30 seconds left.
|
|t:|1757182469
|switch|p1b: Toxtricity|Toxtricity, L50, M, shiny|100/100
|turn|3
|
|t:|1757182486
|-terastallize|p1a: Annihilape|Grass
|move|p2b: Pelipper|Hurricane|p1a: Annihilape
|-supereffective|p1a: Annihilape
|-damage|p1a: Annihilape|0 fnt
|faint|p1a: Annihilape
|move|p2a: Archaludon|Electro Shot||[still]
|-prepare|p2a: Archaludon|Electro Shot
|-boost|p2a: Archaludon|spa|1
|-anim|p2a: Archaludon|Electro Shot|p1b: Toxtricity
|-resisted|p1b: Toxtricity
|-damage|p1b: Toxtricity|25/100
|move|p1b: Toxtricity|Boomburst|p2b: Pelipper|[spread] p2a,p2b
|-resisted|p2a: Archaludon
|-crit|p2b: Pelipper
|-damage|p2a: Archaludon|6/100
|-damage|p2b: Pelipper|0 fnt
|-ability|p2a: Archaludon|Stamina|boost
|-boost|p2a: Archaludon|def|1
|faint|p2b: Pelipper
|
|-weather|RainDance|[upkeep]
|upkeep
|
|t:|1757182504
|switch|p1a: Garchomp|Garchomp, L50, M, shiny|100/100
|switch|p2b: Ursaluna|Ursaluna-Bloodmoon, L50, M|100/100
|turn|4
|
|t:|1757182520
|-terastallize|p2b: Ursaluna|Normal
|move|p1a: Garchomp|Protect|p1a: Garchomp
|-singleturn|p1a: Garchomp|Protect
|move|p2a: Archaludon|Draco Meteor|p1a: Garchomp
|-activate|p1a: Garchomp|move: Protect
|move|p2b: Ursaluna|Hyper Voice|p1a: Garchomp|[spread] p1b
|-activate|p1a: Garchomp|move: Protect
|-damage|p1b: Toxtricity|0 fnt
|faint|p1b: Toxtricity
|-enditem|p2b: Ursaluna|Throat Spray
|-boost|p2b: Ursaluna|spa|1|[from] item: Throat Spray
|
|-weather|RainDance|[upkeep]
|upkeep
|turn|5
|
|t:|1757182538
|move|p1a: Garchomp|Protect||[still]
|-fail|p1a: Garchomp
|move|p2a: Archaludon|Draco Meteor|p1a: Garchomp|[miss]
|-miss|p2a: Archaludon|p1a: Garchomp
|move|p2b: Ursaluna|Blood Moon|p1a: Garchomp
|-damage|p1a: Garchomp|0 fnt
|faint|p1a: Garchomp
|
|win|baichede
||llufamistica is ready for game 2.
|inactive|baichede has 30 seconds to confirm battle start!
||baichede is ready for game 2.
|uhtml|next|Next: Game 2 of 3
