|j|☆ilikepotato1092
|j|☆fetru
|html|ilikepotato1092fetru    
|uhtml|bestof|Game 3 of a best-of-3
|t:|1782616374
|gametype|doubles
|player|p1|ilikepotato1092|2|1000
|player|p2|fetru|266|1024
|gen|9
|tier|[Gen 9 Champions] VGC 2026 Reg M-B (Bo3)
|rated|
|rule|Species Clause: Limit one of each Pokémon
|rule|Item Clause: Limit 1 of each item
|clearpoke
|poke|p1|Pelipper, L50, M, shiny|
|poke|p1|Blastoise, L50, F|
|poke|p1|Archaludon, L50, F|
|poke|p1|Gengar, L50, F|
|poke|p1|Basculegion, L50, M|
|poke|p1|Gholdengo, L50|
|poke|p2|Hydreigon, L50, M|
|poke|p2|Garchomp, L50, M|
|poke|p2|Metagross, L50|
|poke|p2|Charizard, L50, M|
|poke|p2|Grimmsnarl, L50, M|
|poke|p2|Toxapex, L50, M|
|teampreview|4
|showteam|p1|Pelipper||FocusSash|Drizzle|Hurricane,Protect,WeatherBall,Tailwind|Serious||M|||50|]Blastoise||Blastoisinite|Torrent|WaterSpout,Protect,BodyPress,DragonPulse|Modest||F|||50|]Archaludon||LifeOrb|Stamina|ElectroShot,DracoMeteor,Protect,FlashCannon|Timid||F|||50|]Gengar||Gengarite|CursedBody|ShadowBall,PerishSong,Protect,SludgeBomb|Timid||F|||50|]Basculegion||ChoiceScarf|SwiftSwim|AquaJet,LastRespects,WaveCrash,Waterfall|Adamant||M|||50|]Gholdengo||MetalCoat|GoodasGold|MakeItRain,NastyPlot,Protect,ShadowBall|Timid|||||50|
|showteam|p2|Hydreigon||ChoiceScarf|Levitate|HeatWave,DarkPulse,DracoMeteor,Snarl|Modest||M|||50|]Garchomp||SitrusBerry|RoughSkin|Earthquake,RockSlide,DragonClaw,Protect|Adamant||M|||50|]Metagross||Metagrossite|ClearBody|IronHead,HammerArm,BulletPunch,Protect|Adamant|||||50|]Charizard||CharizarditeY|Blaze|Protect,HeatWave,SolarBeam,WeatherBall|Timid||M|||50|]Grimmsnarl||RoseliBerry|Prankster|FakeOut,FoulPlay,Reflect,PartingShot|Sassy||M|||50|]Toxapex||Leftovers|Regenerator|Infestation,Toxic,BanefulBunker,WideGuard|Bold||M|||50|
|
|t:|1782616415
|teamsize|p1|4
|teamsize|p2|4
|start
|switch|p1a: Archaludon|Archaludon, L50, F|100/100
|switch|p1b: Gholdengo|Gholdengo, L50|100/100
|switch|p2a: Hydreigon|Hydreigon, L50, M|100/100
|switch|p2b: Garchomp|Garchomp, L50, M|100/100
|turn|1
|
|t:|1782616433
|move|p1b: Gholdengo|Protect|p1b: Gholdengo
|-singleturn|p1b: Gholdengo|Protect
|move|p2a: Hydreigon|Dark Pulse|p1b: Gholdengo
|-activate|p1b: Gholdengo|move: Protect
|move|p1a: Archaludon|Draco Meteor|p2a: Hydreigon
|-supereffective|p2a: Hydreigon|1
|-damage|p2a: Hydreigon|0 fnt
|-unboost|p1a: Archaludon|spa|2
|faint|p2a: Hydreigon
|-damage|p1a: Archaludon|90/100|[from] item: Life Orb
|move|p2b: Garchomp|Earthquake|p1a: Archaludon|[spread] p1a
|-activate|p1b: Gholdengo|move: Protect
|-supereffective|p1a: Archaludon|1
|-damage|p1a: Archaludon|21/100
|-ability|p1a: Archaludon|Stamina|boost
|-boost|p1a: Archaludon|def|1
|
|upkeep
|
|t:|1782616464
|switch|p2a: Charizard|Charizard, L50, M|100/100
|turn|2
|
|t:|1782616476
|move|p2a: Charizard|Protect|p2a: Charizard
|-singleturn|p2a: Charizard|Protect
|move|p1a: Archaludon|Protect|p1a: Archaludon
|-singleturn|p1a: Archaludon|Protect
|move|p1b: Gholdengo|Make It Rain|p2b: Garchomp|[spread] p2b
|-activate|p2a: Charizard|move: Protect
|-damage|p2b: Garchomp|47/100
|-unboost|p1b: Gholdengo|spa|2
|-enditem|p2b: Garchomp|Sitrus Berry|[eat]
|-heal|p2b: Garchomp|72/100|[from] item: Sitrus Berry
|move|p2b: Garchomp|Earthquake|p1a: Archaludon|[spread] p1b
|-activate|p2a: Charizard|move: Protect
|-activate|p1a: Archaludon|move: Protect
|-supereffective|p1b: Gholdengo|1
|-damage|p1b: Gholdengo|20/100y
|
|upkeep
|turn|3
|
|t:|1782616520
|move|p2a: Charizard|Heat Wave|p1a: Archaludon|[spread] p1a,p1b
|-supereffective|p1b: Gholdengo|1
|-damage|p1a: Archaludon|0 fnt
|-damage|p1b: Gholdengo|0 fnt
|faint|p1a: Archaludon
|faint|p1b: Gholdengo
|move|p2b: Garchomp|Earthquake|p2a: Charizard
|-immune|p2a: Charizard
|
|upkeep
|
|t:|1782616530
|switch|p1b: Basculegion|Basculegion, L50, M|100/100
|switch|p1a: Pelipper|Pelipper, L50, M, shiny|100/100
|-weather|RainDance|[from] ability: Drizzle|[of] p1a: Pelipper
|turn|4
|
|t:|1782616542
|switch|p2b: Metagross|Metagross, L50|100/100
|detailschange|p2a: Charizard|Charizard-Mega-Y, L50, M
|-mega|p2a: Charizard|Charizard|Charizardite Y
|-weather|SunnyDay|[from] ability: Drought|[of] p2a: Charizard
|move|p2a: Charizard|Protect|p2a: Charizard
|-singleturn|p2a: Charizard|Protect
|move|p1b: Basculegion|Wave Crash|p2a: Charizard
|-activate|p2a: Charizard|move: Protect
|move|p1a: Pelipper|Tailwind|p1a: Pelipper
|-sidestart|p1: ilikepotato1092|move: Tailwind
|
|-weather|SunnyDay|[upkeep]
|upkeep
|turn|5
|
|t:|1782616563
|move|p2b: Metagross|Bullet Punch|p1b: Basculegion
|-resisted|p1b: Basculegion|1
|-damage|p1b: Basculegion|84/100
|move|p1b: Basculegion|Wave Crash|p2a: Charizard
|-supereffective|p2a: Charizard|1
|-damage|p2a: Charizard|41/100
|-damage|p1b: Basculegion|67/100|[from] Recoil
|move|p1a: Pelipper|Weather Ball|p2b: Metagross
|-supereffective|p2b: Metagross|1
|-damage|p2b: Metagross|34/100
|move|p2a: Charizard|Solar Beam||[still]
|-prepare|p2a: Charizard|Solar Beam
|-anim|p2a: Charizard|Solar Beam|p1b: Basculegion
|-supereffective|p1b: Basculegion|1
|-damage|p1b: Basculegion|0 fnt
|faint|p1b: Basculegion
|
|-weather|SunnyDay|[upkeep]
|upkeep
|turn|6
|
|t:|1782616583
|move|p2b: Metagross|Bullet Punch|p1a: Pelipper
|-resisted|p1a: Pelipper|1
|-damage|p1a: Pelipper|91/100
|move|p1a: Pelipper|Weather Ball|p2b: Metagross
|-supereffective|p2b: Metagross|1
|-damage|p2b: Metagross|0 fnt
|faint|p2b: Metagross
|move|p2a: Charizard|Solar Beam||[still]
|-prepare|p2a: Charizard|Solar Beam
|-anim|p2a: Charizard|Solar Beam|p1a: Pelipper
|-damage|p1a: Pelipper|31/100
|
|-weather|SunnyDay|[upkeep]
|upkeep
|
|t:|1782616594
|switch|p2b: Garchomp|Garchomp, L50, M|72/100
|turn|7
|
|t:|1782616600
|move|p2a: Charizard|Protect|p2a: Charizard
|-singleturn|p2a: Charizard|Protect
|move|p2b: Garchomp|Protect|p2b: Garchomp
|-singleturn|p2b: Garchomp|Protect
|move|p1a: Pelipper|Hurricane|p2a: Charizard
|-activate|p2a: Charizard|move: Protect
|
|-weather|SunnyDay|[upkeep]
|-sideend|p1: ilikepotato1092|move: Tailwind
|upkeep
|turn|8
|
|t:|1782616611
|move|p2a: Charizard|Solar Beam||[still]
|-prepare|p2a: Charizard|Solar Beam
|-anim|p2a: Charizard|Solar Beam|p1a: Pelipper
|-damage|p1a: Pelipper|0 fnt
|faint|p1a: Pelipper
|
|win|fetru
|raw|ilikepotato1092's rating: 1000 → 1000(+0 for losing)
|raw|fetru's rating: 1024 → 1058(+34 for winning)
