|j|☆413XPlayz
|j|☆sandy ghost 5
|html|413XPlayzsandy ghost 5    
|uhtml|bestof|Game 2 of a best-of-3
|t:|1756915205
|gametype|doubles
|player|p1|413XPlayz|169|1255
|player|p2|sandy ghost 5|baker|1256
|gen|9
|tier|[Gen 9] VGC 2025 Reg H (Bo3)
|rated|
|rule|Species Clause: Limit one of each Pokémon
|rule|Item Clause: Limit 1 of each item
|clearpoke
|poke|p1|Rillaboom, L50, M|
|poke|p1|Sneasler, L50, M|
|poke|p1|Gholdengo, L50|
|poke|p1|Ninetales-Alola, L50, M|
|poke|p1|Arcanine-Hisui, L50, M|
|poke|p1|Dragonite, L50, F|
|poke|p2|Tyranitar, L50, M|
|poke|p2|Excadrill, L50, M|
|poke|p2|Sinistcha-Masterpiece, L50|
|poke|p2|Salamence, L50, M|
|poke|p2|Blaziken, L50, M|
|poke|p2|Bruxish, L50, M|
|teampreview|4
|showteam|p1|Rillaboom||AssaultVest|GrassySurge|FakeOut,GrassyGlide,DrumBeating,HighHorsepower|||M|||50|,,,,,Fire]Sneasler||WhiteHerb|Unburden|CloseCombat,DireClaw,Coaching,Protect|||M|||50|,,,,,Ghost]Gholdengo||GrassySeed|GoodasGold|NastyPlot,MakeItRain,ShadowBall,Protect||||||50|,,,,,Water]Ninetales-Alola||FocusSash|SnowWarning|Blizzard,IcyWind,Encore,AuroraVeil|||M|||50|,,,,,Ghost]Arcanine-Hisui||ClearAmulet|Intimidate|RockSlide,FlareBlitz,ExtremeSpeed,Protect|||M|||50|,,,,,Water]Dragonite||LoadedDice|Multiscale|ScaleShot,StompingTantrum,Tailwind,Protect|||F|||50|,,,,,Ground
|showteam|p2|Tyranitar||ClearAmulet|SandStream|RockSlide,KnockOff,DragonDance,Protect|||M|||50|,,,,,Grass]Excadrill||AssaultVest|SandRush|Earthquake,IronHead,HighHorsepower,RockSlide|||M|||50|,,,,,Ghost]Sinistcha-Masterpiece||SitrusBerry|Hospitality|ShadowBall,MatchaGotcha,RagePowder,Protect||||||50|,,,,,Dark]Salamence||LifeOrb|Intimidate|DracoMeteor,AirSlash,Protect,Tailwind|||M|||50|,,,,,Ghost]Blaziken||CovertCloak|SpeedBoost|AuraSphere,HeatWave,Coaching,WillOWisp|||M|||50|,,,,,Dragon]Bruxish||ChoiceScarf|Dazzling|PsychicFangs,FlipTurn,WaveCrash,SuperFang|||M|||50|,,,,,Water
|
|t:|1756915244
|teamsize|p1|4
|teamsize|p2|4
|start
|switch|p1a: Ninetales|Ninetales-Alola, L50, M|100/100
|switch|p1b: Gholdengo|Gholdengo, L50|100/100
|switch|p2a: Blaziken|Blaziken, L50, M|100/100
|switch|p2b: Bruxish|Bruxish, L50, M|100/100
|-weather|Snowscape|[from] ability: Snow Warning|[of] p1a: Ninetales
|turn|1
|
|t:|1756915280
|switch|p1a: Rillaboom|Rillaboom, L50, M|100/100
|-fieldstart|move: Grassy Terrain|[from] ability: Grassy Surge|[of] p1a: Rillaboom
|-enditem|p1b: Gholdengo|Grassy Seed
|-boost|p1b: Gholdengo|def|1|[from] item: Grassy Seed
|-terastallize|p1b: Gholdengo|Water
|move|p2b: Bruxish|Flip Turn|p1a: Rillaboom
|-resisted|p1a: Rillaboom
|-damage|p1a: Rillaboom|86/100
|
|t:|1756915291
|switch|p2b: Excadrill|Excadrill, L50, M|100/100|[from] Flip Turn
|move|p1b: Gholdengo|Nasty Plot|p1b: Gholdengo
|-boost|p1b: Gholdengo|spa|2
|move|p2a: Blaziken|Heat Wave|p1a: Rillaboom|[spread] p1a,p1b
|-supereffective|p1a: Rillaboom
|-resisted|p1b: Gholdengo
|-damage|p1a: Rillaboom|35/100
|-damage|p1b: Gholdengo|84/100
|-status|p1a: Rillaboom|brn
|
|-weather|Snowscape|[upkeep]
|-heal|p1a: Rillaboom|41/100 brn|[from] Grassy Terrain
|-heal|p1b: Gholdengo|90/100|[from] Grassy Terrain
|-damage|p1a: Rillaboom|35/100 brn|[from] brn
|-ability|p2a: Blaziken|Speed Boost|boost
|-boost|p2a: Blaziken|spe|1
|upkeep
|turn|2
|
|t:|1756915303
|-terastallize|p2b: Excadrill|Ghost
|move|p2a: Blaziken|Heat Wave|p1a: Rillaboom|[spread] p1a
|-miss|p2a: Blaziken|p1b: Gholdengo
|-supereffective|p1a: Rillaboom
|-damage|p1a: Rillaboom|0 fnt
|faint|p1a: Rillaboom
|move|p1b: Gholdengo|Shadow Ball|p2a: Blaziken
|-damage|p2a: Blaziken|0 fnt
|faint|p2a: Blaziken
|move|p2b: Excadrill|High Horsepower|p1b: Gholdengo
|-damage|p1b: Gholdengo|56/100
|
|-weather|Snowscape|[upkeep]
|-heal|p1b: Gholdengo|62/100|[from] Grassy Terrain
|upkeep
|
|t:|1756915318
|switch|p1a: Dragonite|Dragonite, L50, F|100/100
|switch|p2a: Tyranitar|Tyranitar, L50, M|100/100
|-weather|Sandstorm|[from] ability: Sand Stream|[of] p2a: Tyranitar
|turn|3
|
|t:|1756915332
|move|p1b: Gholdengo|Protect|p1b: Gholdengo
|-singleturn|p1b: Gholdengo|Protect
|move|p2b: Excadrill|Rock Slide|p1b: Gholdengo|[spread] p1a
|-activate|p1b: Gholdengo|move: Protect
|-supereffective|p1a: Dragonite
|-damage|p1a: Dragonite|74/100
|move|p1a: Dragonite|Tailwind|p1a: Dragonite
|-sidestart|p1: 413XPlayz|move: Tailwind
|move|p2a: Tyranitar|Dragon Dance|p2a: Tyranitar
|-boost|p2a: Tyranitar|atk|1
|-boost|p2a: Tyranitar|spe|1
|
|-weather|Sandstorm|[upkeep]
|-damage|p1b: Gholdengo|56/100|[from] Sandstorm
|-damage|p1a: Dragonite|68/100|[from] Sandstorm
|-heal|p1b: Gholdengo|62/100|[from] Grassy Terrain
|upkeep
|turn|4
|
|t:|1756915349
|switch|p1a: Ninetales|Ninetales-Alola, L50, M|100/100
|-weather|Snowscape|[from] ability: Snow Warning|[of] p1a: Ninetales
|move|p1b: Gholdengo|Make It Rain|p2b: Excadrill|[spread] p2a,p2b
|-supereffective|p2a: Tyranitar
|-damage|p2a: Tyranitar|0 fnt
|-damage|p2b: Excadrill|33/100
|-unboost|p1b: Gholdengo|spa|1
|faint|p2a: Tyranitar
|move|p2b: Excadrill|Rock Slide|p1a: Ninetales|[spread] p1a,p1b
|-supereffective|p1a: Ninetales
|-damage|p1a: Ninetales|58/100
|-damage|p1b: Gholdengo|48/100
|
|-weather|Snowscape|[upkeep]
|-heal|p1a: Ninetales|64/100|[from] Grassy Terrain
|-heal|p1b: Gholdengo|55/100|[from] Grassy Terrain
|-heal|p2b: Excadrill|39/100|[from] Grassy Terrain
|upkeep
|
|t:|1756915355
|switch|p2a: Bruxish|Bruxish, L50, M|100/100
|turn|5
|
|t:|1756915361
|move|p1a: Ninetales|Blizzard|p2a: Bruxish|[spread] p2a,p2b
|-resisted|p2a: Bruxish
|-crit|p2b: Excadrill
|-damage|p2a: Bruxish|73/100
|-damage|p2b: Excadrill|0 fnt
|faint|p2b: Excadrill
|move|p1b: Gholdengo|Shadow Ball|p2a: Bruxish
|-supereffective|p2a: Bruxish
|-damage|p2a: Bruxish|0 fnt
|faint|p2a: Bruxish
|
|win|413XPlayz
|inactive|413XPlayz has 30 seconds to confirm battle start!
|inactive|sandy ghost 5 has 30 seconds to confirm battle start!
||sandy ghost 5 is ready for game 3.
|inactive|413XPlayz has 20 seconds to confirm battle start!
|inactive|413XPlayz has 10 seconds to confirm battle start!
|uhtml|next|Next: Game 3 of 3
|l|☆413XPlayz
|player|p1|
