|j|☆VOQJKk
|j|☆lawtrick
|html|VOQJKklawtrick    
|uhtml|bestof|Game 1 of a best-of-3
|t:|1785438319
|gametype|doubles
|player|p1|VOQJKk|steven|1070
|player|p2|lawtrick|cynthia-gen4|1000
|gen|9
|tier|[Gen 9 Champions] VGC 2026 Reg M-B (Bo3)
|rated|
|rule|Species Clause: Limit one of each Pokémon
|rule|Item Clause: Limit 1 of each item
|clearpoke
|poke|p1|Metagross, L50|
|poke|p1|Eelektross, L50, M|
|poke|p1|Hydreigon, L50, F|
|poke|p1|Garchomp, L50, M|
|poke|p1|Basculegion, L50, M|
|poke|p1|Whimsicott, L50, M|
|poke|p2|Hippowdon, L50, F|
|poke|p2|Excadrill, L50, F|
|poke|p2|Kangaskhan, L50, F|
|poke|p2|Talonflame, L50, M|
|poke|p2|Sinistcha, L50|
|poke|p2|Aerodactyl, L50, M|
|teampreview|4
|showteam|p1|Metagross||Metagrossite|ClearBody|IronHead,PsychicFangs,IcePunch,Protect|Jolly|||||50|]Eelektross||Eelektrossite|Levitate|Thunderbolt,Flamethrower,GrassKnot,Protect|Timid||M|||50|]Hydreigon||ChoiceScarf|Levitate|DracoMeteor,DarkPulse,EarthPower,Flamethrower|Modest||F|||50|]Garchomp||LifeOrb|RoughSkin|DragonClaw,RockSlide,Earthquake,Protect|Jolly||M|||50|]Basculegion||MysticWater|Adaptability|WaveCrash,LastRespects,AquaJet,Protect|Adamant||M|||50|]Whimsicott||FocusSash|Prankster|Moonblast,Protect,Encore,Tailwind|Timid||M|||50|
|showteam|p2|Hippowdon||Leftovers|SandStream|Yawn,Roar,RockTomb,SlackOff|Impish||F|||50|]Excadrill||LifeOrb|SandRush|SwordsDance,RockSlide,IronHead,Earthquake|Adamant||F|||50|]Kangaskhan||Kangaskhanite|Scrappy|BodySlam,FakeOut,RockSlide,IcePunch|Jolly||F|||50|]Talonflame||BrightPowder|FlameBody|WillOWisp,Uturn,Tailwind,Hurricane|Timid||M|||50|]Sinistcha||BigRoot|Hospitality|MatchaGotcha,Scald,StrengthSap,RagePowder|Modest|||||50|]Aerodactyl||KingsRock|RockHead|RockSlide,DragonDance,Earthquake,DualWingbeat|Adamant||M|||50|
|inactive|Battle timer is ON: inactive players will automatically lose when time's up. (requested by VOQJKk)
|
|t:|1785438353
|teamsize|p1|4
|teamsize|p2|4
|start
|switch|p1a: Eelektross|Eelektross, L50, M|100/100
|switch|p1b: Garchomp|Garchomp, L50, M|100/100
|switch|p2a: Hippowdon|Hippowdon, L50, F|100/100
|switch|p2b: Excadrill|Excadrill, L50, F|100/100
|-weather|Sandstorm|[from] ability: Sand Stream|[of] p2a: Hippowdon
|turn|1
|
|t:|1785438379
|switch|p2b: Aerodactyl|Aerodactyl, L50, M|100/100
|detailschange|p1a: Eelektross|Eelektross-Mega, L50, M
|-mega|p1a: Eelektross|Eelektross|Eelektrossite
|move|p1b: Garchomp|Protect|p1b: Garchomp
|-singleturn|p1b: Garchomp|Protect
|move|p1a: Eelektross|Flamethrower|p2b: Aerodactyl
|-resisted|p2b: Aerodactyl|1
|-damage|p2b: Aerodactyl|84/100
|move|p2a: Hippowdon|Yawn|p1b: Garchomp
|-activate|p1b: Garchomp|move: Protect
|
|-weather|Sandstorm|[upkeep]
|-damage|p1a: Eelektross|93/100|[from] Sandstorm
|upkeep
|turn|2
|
|t:|1785438404
|switch|p2b: Excadrill|Excadrill, L50, F|100/100
|move|p1b: Garchomp|Dragon Claw|p2a: Hippowdon
|-damage|p2a: Hippowdon|69/100
|-damage|p1b: Garchomp|90/100|[from] item: Life Orb
|move|p1a: Eelektross|Thunderbolt|p2b: Excadrill
|-immune|p2b: Excadrill
|move|p2a: Hippowdon|Rock Tomb|p1a: Eelektross
|-damage|p1a: Eelektross|71/100
|-unboost|p1a: Eelektross|spe|1
|
|-weather|Sandstorm|[upkeep]
|-damage|p1a: Eelektross|65/100|[from] Sandstorm
|-heal|p2a: Hippowdon|75/100|[from] item: Leftovers
|upkeep
|turn|3
|inactive|lawtrick has 30 seconds left.
|
|t:|1785438437
|switch|p2b: Aerodactyl|Aerodactyl, L50, M|84/100
|move|p1b: Garchomp|Earthquake|p2a: Hippowdon|[spread] p2a
|-immune|p1a: Eelektross|[from] ability: Eelevate
|-immune|p2b: Aerodactyl
|-damage|p2a: Hippowdon|48/100
|-damage|p1b: Garchomp|80/100|[from] item: Life Orb
|move|p1a: Eelektross|Flamethrower|p2b: Aerodactyl
|-resisted|p2b: Aerodactyl|1
|-damage|p2b: Aerodactyl|68/100
|move|p2a: Hippowdon|Yawn|p1a: Eelektross
|-start|p1a: Eelektross|move: Yawn|[of] p2a: Hippowdon
|
|-weather|Sandstorm|[upkeep]
|-damage|p1a: Eelektross|59/100|[from] Sandstorm
|-heal|p2a: Hippowdon|54/100|[from] item: Leftovers
|upkeep
|turn|4
|inactive|VOQJKk has 30 seconds left.
|inactive|lawtrick has 30 seconds left.
|
|t:|1785438466
|switch|p2a: Sinistcha|Sinistcha, L50|100/100
|-heal|p2b: Aerodactyl|92/100|[from] ability: Hospitality|[of] p2a: Sinistcha
|move|p2b: Aerodactyl|Rock Slide|p1b: Garchomp|[spread] p1a,p1b
|-resisted|p1b: Garchomp|1
|-damage|p1a: Eelektross|21/100
|-damage|p1b: Garchomp|68/100
|cant|p1b: Garchomp|flinch
|cant|p1a: Eelektross|flinch
|
|-weather|Sandstorm|[upkeep]
|-damage|p1a: Eelektross|15/100|[from] Sandstorm
|-damage|p2a: Sinistcha|93/100|[from] Sandstorm
|-end|p1a: Eelektross|move: Yawn|[silent]
|-status|p1a: Eelektross|slp
|upkeep
|turn|5
|
|t:|1785438491
|move|p2b: Aerodactyl|Dragon Dance|p2b: Aerodactyl
|-boost|p2b: Aerodactyl|atk|1
|-boost|p2b: Aerodactyl|spe|1
|move|p1b: Garchomp|Dragon Claw|p2a: Sinistcha
|-damage|p2a: Sinistcha|45/100
|-damage|p1b: Garchomp|58/100|[from] item: Life Orb
|cant|p1a: Eelektross|slp
|move|p2a: Sinistcha|Strength Sap|p1b: Garchomp
|-unboost|p1b: Garchomp|atk|1
|-heal|p2a: Sinistcha|100/100
|
|-weather|none
|upkeep
|turn|6
|j| Caterpie1122
|
|t:|1785438511
|switch|p2a: Hippowdon|Hippowdon, L50, F|54/100
|-weather|Sandstorm|[from] ability: Sand Stream|[of] p2a: Hippowdon
|move|p2b: Aerodactyl|Rock Slide|p1a: Eelektross|[spread] p1a,p1b
|-resisted|p1b: Garchomp|1
|-damage|p1a: Eelektross|0 fnt
|-damage|p1b: Garchomp|37/100
|faint|p1a: Eelektross
|cant|p1b: Garchomp|flinch
|
|-weather|Sandstorm|[upkeep]
|-heal|p2a: Hippowdon|60/100|[from] item: Leftovers
|upkeep
|
|t:|1785438531
|switch|p1a: Basculegion|Basculegion, L50, M|100/100
|turn|7
|
|t:|1785438548
|switch|p1b: Hydreigon|Hydreigon, L50, F|100/100
|move|p1a: Basculegion|Aqua Jet|p2b: Aerodactyl
|-supereffective|p2b: Aerodactyl|1
|-damage|p2b: Aerodactyl|0 fnt
|faint|p2b: Aerodactyl
|move|p2a: Hippowdon|Yawn|p1a: Basculegion
|-start|p1a: Basculegion|move: Yawn|[of] p2a: Hippowdon
|
|-weather|Sandstorm|[upkeep]
|-damage|p1b: Hydreigon|94/100|[from] Sandstorm
|-damage|p1a: Basculegion|93/100|[from] Sandstorm
|-heal|p2a: Hippowdon|66/100|[from] item: Leftovers
|upkeep
|
|t:|1785438565
|switch|p2b: Excadrill|Excadrill, L50, F|100/100
|turn|8
|
|t:|1785438583
|switch|p1a: Garchomp|Garchomp, L50, M|37/100
|move|p2b: Excadrill|Earthquake|p1a: Garchomp|[spread] p2a,p1a
|-immune|p1b: Hydreigon|[from] ability: Levitate
|-damage|p2a: Hippowdon|33/100
|-damage|p1a: Garchomp|0 fnt
|faint|p1a: Garchomp
|-damage|p2b: Excadrill|90/100|[from] item: Life Orb
|move|p1b: Hydreigon|Flamethrower|p2b: Excadrill
|-supereffective|p2b: Excadrill|1
|-damage|p2b: Excadrill|0 fnt
|faint|p2b: Excadrill
|move|p2a: Hippowdon|Rock Tomb|p1b: Hydreigon
|-damage|p1b: Hydreigon|75/100
|-unboost|p1b: Hydreigon|spe|1
|
|-weather|Sandstorm|[upkeep]
|-damage|p1b: Hydreigon|69/100|[from] Sandstorm
|-heal|p2a: Hippowdon|40/100|[from] item: Leftovers
|upkeep
|
|t:|1785438604
|switch|p1a: Basculegion|Basculegion, L50, M|93/100
|switch|p2b: Sinistcha|Sinistcha, L50|100/100
|-heal|p2a: Hippowdon|64/100|[from] ability: Hospitality|[of] p2b: Sinistcha
|turn|9
|
|t:|1785438617
|move|p1b: Hydreigon|Flamethrower|p2a: Hippowdon
|-damage|p2a: Hippowdon|31/100
|move|p1a: Basculegion|Last Respects|p2b: Sinistcha
|-supereffective|p2b: Sinistcha|1
|-damage|p2b: Sinistcha|0 fnt
|faint|p2b: Sinistcha
|move|p2a: Hippowdon|Yawn|p1a: Basculegion
|-start|p1a: Basculegion|move: Yawn|[of] p2a: Hippowdon
|
|-weather|Sandstorm|[upkeep]
|-damage|p1b: Hydreigon|63/100|[from] Sandstorm
|-damage|p1a: Basculegion|87/100|[from] Sandstorm
|-heal|p2a: Hippowdon|37/100|[from] item: Leftovers
|upkeep
|turn|10
|
|t:|1785438635
|move|p1a: Basculegion|Aqua Jet|p2a: Hippowdon
|-supereffective|p2a: Hippowdon|1
|-damage|p2a: Hippowdon|3/100
|move|p1b: Hydreigon|Flamethrower|p2a: Hippowdon
|-damage|p2a: Hippowdon|0 fnt
|faint|p2a: Hippowdon
|
|win|VOQJKk
||VOQJKk is ready for game 2.
|l|☆lawtrick
|player|p2|
|inactive|lawtrick has 30 seconds to confirm battle start!
|inactive|lawtrick has 20 seconds to confirm battle start!
