|j|☆maza2
|j|☆viatles
|html|maza2viatles    
|uhtml|bestof|Game 2 of a best-of-3
|t:|1756753038
|gametype|doubles
|player|p1|maza2|roxie|1090
|player|p2|viatles|hiker|1023
|gen|9
|tier|[Gen 9] VGC 2025 Reg H (Bo3)
|rated|
|rule|Species Clause: Limit one of each Pokémon
|rule|Item Clause: Limit 1 of each item
|clearpoke
|poke|p1|Maushold-Four, L50|
|poke|p1|Annihilape, L50, F|
|poke|p1|Sinistcha, L50|
|poke|p1|Dragonite, L50, F|
|poke|p1|Sneasler, L50, F|
|poke|p1|Klefki, L50, M|
|poke|p2|Oricorio-Sensu, L50, M|
|poke|p2|Volcarona, L50, F|
|poke|p2|Garchomp, L50, F|
|poke|p2|Scizor, L50, M|
|poke|p2|Mienshao, L50, M|
|poke|p2|Milotic, L50, F|
|teampreview|4
|showteam|p1|Maushold-Four||SafetyGoggles|FriendGuard|FollowMe,Taunt,BeatUp,HelpingHand||||||50|,,,,,Ghost]Annihilape||Leftovers|Defiant|Protect,BulkUp,DrainPunch,RageFist|||F|||50|,,,,,Fire]Sinistcha||SitrusBerry|Hospitality|MatchaGotcha,TrickRoom,LifeDew,RagePowder||||||50|,,,,,Water]Dragonite||LoadedDice|Multiscale|ExtremeSpeed,ScaleShot,Tailwind,Protect|||F|||50|,,,,,Normal]Sneasler||FocusSash|Unburden|DireClaw,Coaching,CloseCombat,ThroatChop|||F|||50|,,,,,Dark]Klefki||LightClay|Prankster|Reflect,LightScreen,MistyTerrain,DazzlingGleam|||M|||50|,,,,,Ghost
|showteam|p2|Oricorio-Sensu||FocusSash|Dancer|QuiverDance,BatonPass,RevelationDance,Protect|||M|||50|,,,,,Fighting]Volcarona||SitrusBerry|FlameBody|QuiverDance,GigaDrain,FieryDance,Protect|||F|||50|,,,,,Grass]Garchomp||ClearAmulet|RoughSkin|IronHead,DragonClaw,RockSlide,Earthquake|||F|||50|,,,,,Steel]Scizor||AssaultVest|Technician|BulletPunch,BugBite,DualWingbeat,Thief|||M|||50|,,,,,Stellar]Mienshao||SafetyGoggles|InnerFocus|FakeOut,CloseCombat,TripleAxel,WideGuard|||M|||50|,,,,,Fire]Milotic||Leftovers|Competitive|Scald,Protect,IcyWind,LifeDew|||F|||50|,,,,,Grass
|inactive|Battle timer is ON: inactive players will automatically lose when time's up. (requested by maza2)
|
|t:|1756753067
|teamsize|p1|4
|teamsize|p2|4
|start
|switch|p1a: Annihilape|Annihilape, L50, F, shiny|100/100
|switch|p1b: Dragonite|Dragonite, L50, F|100/100
|switch|p2a: Milotic|Milotic, L50, F|100/100
|switch|p2b: Garchomp|Garchomp, L50, F|100/100
|turn|1
|
|t:|1756753083
|move|p2b: Garchomp|Rock Slide|p1b: Dragonite|[spread] p1b
|-miss|p2b: Garchomp|p1a: Annihilape
|-supereffective|p1b: Dragonite
|-damage|p1b: Dragonite|80/100
|move|p1a: Annihilape|Bulk Up|p1a: Annihilape
|-boost|p1a: Annihilape|atk|1
|-boost|p1a: Annihilape|def|1
|cant|p1b: Dragonite|flinch
|move|p2a: Milotic|Icy Wind|p1b: Dragonite|[spread] p1a,p1b
|-supereffective|p1b: Dragonite
|-crit|p1b: Dragonite
|-damage|p1a: Annihilape|90/100
|-damage|p1b: Dragonite|15/100
|-unboost|p1a: Annihilape|spe|1
|-ability|p1a: Annihilape|Defiant|boost
|-boost|p1a: Annihilape|atk|2
|-unboost|p1b: Dragonite|spe|1
|
|-heal|p1a: Annihilape|96/100|[from] item: Leftovers
|upkeep
|turn|2
|
|t:|1756753107
|switch|p1b: Klefki|Klefki, L50, M|100/100
|move|p1a: Annihilape|Protect|p1a: Annihilape
|-singleturn|p1a: Annihilape|Protect
|move|p2b: Garchomp|Rock Slide|p1a: Annihilape|[spread] p1b
|-activate|p1a: Annihilape|move: Protect
|-resisted|p1b: Klefki
|-damage|p1b: Klefki|90/100
|move|p2a: Milotic|Scald|p1a: Annihilape
|-activate|p1a: Annihilape|move: Protect
|
|-heal|p1a: Annihilape|100/100|[from] item: Leftovers
|upkeep
|turn|3
|inactive|maza2 has 30 seconds left.
|
|t:|1756753142
|move|p1b: Klefki|Light Screen|p1b: Klefki
|-sidestart|p1: maza2|move: Light Screen
|move|p2b: Garchomp|Rock Slide|p1a: Annihilape|[spread] p1a
|-miss|p2b: Garchomp|p1b: Klefki
|-resisted|p1a: Annihilape
|-damage|p1a: Annihilape|93/100
|move|p2a: Milotic|Scald|p1a: Annihilape
|-damage|p1a: Annihilape|74/100
|-status|p1a: Annihilape|brn
|move|p1a: Annihilape|Drain Punch|p2a: Milotic
|-damage|p2a: Milotic|63/100
|-heal|p1a: Annihilape|92/100 brn|[from] drain|[of] p2a: Milotic
|
|-heal|p2a: Milotic|69/100|[from] item: Leftovers
|-heal|p1a: Annihilape|98/100 brn|[from] item: Leftovers
|-damage|p1a: Annihilape|92/100 brn|[from] brn
|upkeep
|turn|4
|
|t:|1756753167
|move|p2a: Milotic|Protect|p2a: Milotic
|-singleturn|p2a: Milotic|Protect
|move|p1b: Klefki|Reflect|p1b: Klefki
|-sidestart|p1: maza2|Reflect
|move|p2b: Garchomp|Earthquake|p1b: Klefki|[spread] p1a,p1b
|-activate|p2a: Milotic|move: Protect
|-supereffective|p1b: Klefki
|-damage|p1a: Annihilape|73/100 brn
|-damage|p1b: Klefki|29/100
|move|p1a: Annihilape|Bulk Up|p1a: Annihilape
|-boost|p1a: Annihilape|atk|1
|-boost|p1a: Annihilape|def|1
|
|-heal|p2a: Milotic|75/100|[from] item: Leftovers
|-heal|p1a: Annihilape|79/100 brn|[from] item: Leftovers
|-damage|p1a: Annihilape|73/100 brn|[from] brn
|upkeep
|turn|5
|
|t:|1756753190
|switch|p2a: Oricorio|Oricorio-Sensu, L50, M|100/100
|move|p2b: Garchomp|Earthquake|p1a: Annihilape|[spread] p1a,p1b
|-immune|p2a: Oricorio
|-supereffective|p1b: Klefki
|-damage|p1a: Annihilape|60/100 brn
|-damage|p1b: Klefki|0 fnt
|faint|p1b: Klefki
|move|p1a: Annihilape|Drain Punch|p2a: Oricorio
|-immune|p2a: Oricorio
|
|-heal|p1a: Annihilape|66/100 brn|[from] item: Leftovers
|-damage|p1a: Annihilape|60/100 brn|[from] brn
|upkeep
|
|t:|1756753195
|switch|p1b: Sneasler|Sneasler, L50, F|100/100
|turn|6
|inactive|viatles has 30 seconds left.
|
|t:|1756753230
|move|p1b: Sneasler|Dire Claw|p2a: Oricorio
|-resisted|p2a: Oricorio
|-damage|p2a: Oricorio|65/100
|move|p2a: Oricorio|Revelation Dance|p1b: Sneasler
|-crit|p1b: Sneasler
|-damage|p1b: Sneasler|19/100
|move|p2b: Garchomp|Rock Slide|p1a: Annihilape|[spread] p1b
|-miss|p2b: Garchomp|p1a: Annihilape
|-resisted|p1b: Sneasler
|-damage|p1b: Sneasler|7/100
|move|p1a: Annihilape|Rage Fist|p2a: Oricorio
|-supereffective|p2a: Oricorio
|-crit|p2a: Oricorio
|-damage|p2a: Oricorio|0 fnt
|faint|p2a: Oricorio
|
|-heal|p1a: Annihilape|66/100 brn|[from] item: Leftovers
|-damage|p1a: Annihilape|60/100 brn|[from] brn
|upkeep
|
|t:|1756753251
|switch|p2a: Scizor|Scizor, L50, M|100/100
|turn|7
|
|t:|1756753265
|move|p2a: Scizor|Bullet Punch|p1b: Sneasler
|-damage|p1b: Sneasler|0 fnt
|faint|p1b: Sneasler
|move|p2b: Garchomp|Iron Head|p1a: Annihilape
|-damage|p1a: Annihilape|50/100 brn
|move|p1a: Annihilape|Drain Punch|p2a: Scizor
|-damage|p2a: Scizor|49/100
|-heal|p1a: Annihilape|71/100 brn|[from] drain|[of] p2a: Scizor
|
|-heal|p1a: Annihilape|77/100 brn|[from] item: Leftovers
|-damage|p1a: Annihilape|71/100 brn|[from] brn
|upkeep
|
|t:|1756753269
|switch|p1b: Dragonite|Dragonite, L50, F|15/100
|turn|8
|
|t:|1756753289
|-terastallize|p2a: Scizor|Stellar
|move|p1b: Dragonite|Protect|p1b: Dragonite
|-singleturn|p1b: Dragonite|Protect
|move|p2b: Garchomp|Rock Slide|p1a: Annihilape|[spread] p1a
|-activate|p1b: Dragonite|move: Protect
|-resisted|p1a: Annihilape
|-damage|p1a: Annihilape|67/100 brn
|move|p1a: Annihilape|Drain Punch|p2a: Scizor
|-damage|p2a: Scizor|3/100
|-heal|p1a: Annihilape|87/100 brn|[from] drain|[of] p2a: Scizor
|move|p2a: Scizor|Dual Wingbeat|p1a: Annihilape
|-supereffective|p1a: Annihilape
|-damage|p1a: Annihilape|68/100 brn
|-supereffective|p1a: Annihilape
|-damage|p1a: Annihilape|48/100 brn
|-hitcount|p1a: Annihilape|2
|
|-heal|p1a: Annihilape|54/100 brn|[from] item: Leftovers
|-damage|p1a: Annihilape|48/100 brn|[from] brn
|upkeep
|turn|9
|
|t:|1756753312
|switch|p2a: Milotic|Milotic, L50, F|75/100
|move|p1b: Dragonite|Extreme Speed|p2a: Milotic
|-damage|p2a: Milotic|41/100
|move|p2b: Garchomp|Rock Slide|p1a: Annihilape|[spread] p1a,p1b
|-resisted|p1a: Annihilape
|-supereffective|p1b: Dragonite
|-damage|p1a: Annihilape|44/100 brn
|-damage|p1b: Dragonite|0 fnt
|faint|p1b: Dragonite
|cant|p1a: Annihilape|flinch
|
|-heal|p2a: Milotic|47/100|[from] item: Leftovers
|-heal|p1a: Annihilape|50/100 brn|[from] item: Leftovers
|-damage|p1a: Annihilape|44/100 brn|[from] brn
|upkeep
|turn|10
|c|☆maza2|Eres una perra con suerte
|inactive|maza2 has 30 seconds left.
|
|t:|1756753344
|move|p2b: Garchomp|Iron Head|p1a: Annihilape
|-damage|p1a: Annihilape|33/100 brn
|move|p2a: Milotic|Icy Wind|p1a: Annihilape
|-damage|p1a: Annihilape|23/100 brn
|-unboost|p1a: Annihilape|spe|1
|-ability|p1a: Annihilape|Defiant|boost
|-boost|p1a: Annihilape|atk|2
|move|p1a: Annihilape|Drain Punch|p2a: Milotic
|-crit|p2a: Milotic
|-damage|p2a: Milotic|0 fnt
|-heal|p1a: Annihilape|46/100 brn|[from] drain|[of] p2a: Milotic
|faint|p2a: Milotic
|
|-heal|p1a: Annihilape|52/100 brn|[from] item: Leftovers
|-damage|p1a: Annihilape|46/100 brn|[from] brn
|-sideend|p1: maza2|move: Light Screen
|upkeep
|
|t:|1756753359
|switch|p2a: Scizor|Scizor, L50, M, tera:Stellar|3/100
|turn|11
|
|t:|1756753371
|move|p2b: Garchomp|Iron Head|p1a: Annihilape
|-damage|p1a: Annihilape|36/100 brn
|move|p2a: Scizor|Thief|p1a: Annihilape
|-damage|p1a: Annihilape|22/100 brn
|move|p1a: Annihilape|Rage Fist|p2b: Garchomp
|-damage|p2b: Garchomp|0 fnt
|-damage|p1a: Annihilape|10/100 brn|[from] ability: Rough Skin|[of] p2b: Garchomp
|faint|p2b: Garchomp
|
|-heal|p1a: Annihilape|16/100 brn|[from] item: Leftovers
|-damage|p1a: Annihilape|10/100 brn|[from] brn
|-sideend|p1: maza2|Reflect
|upkeep
|turn|12
|
|t:|1756753385
|move|p2a: Scizor|Bullet Punch|p1a: Annihilape
|-damage|p1a: Annihilape|0 fnt
|faint|p1a: Annihilape
|
|win|viatles
