|j|☆TeyVgc
|j|‽BreadPudding248
|html|TeyVgcBreadPudding248    
|uhtml|bestof|Game 1 of a best-of-3
|t:|1784067198
|gametype|doubles
|player|p1|TeyVgc|rood|1273
|player|p2|BreadPudding248|2|1334
|gen|9
|tier|[Gen 9 Champions] VGC 2026 Reg M-B (Bo3)
|rated|
|rule|Species Clause: Limit one of each Pokémon
|rule|Item Clause: Limit 1 of each item
|clearpoke
|poke|p1|Raichu, L50, F|
|poke|p1|Sinistcha, L50|
|poke|p1|Ceruledge, L50, M|
|poke|p1|Milotic, L50, M|
|poke|p1|Incineroar, L50, F|
|poke|p1|Floette-Eternal, L50, F|
|poke|p2|Floette-Eternal, L50, F|
|poke|p2|Charizard, L50, F|
|poke|p2|Whimsicott, L50, F|
|poke|p2|Garchomp, L50, M|
|poke|p2|Basculegion, L50, M|
|poke|p2|Incineroar, L50, M|
|teampreview|4
|showteam|p1|Raichu||RaichuniteY|LightningRod|ZapCannon,FocusBlast,FakeOut,Protect|Timid||F|||50|]Sinistcha||KasibBerry|Hospitality|MatchaGotcha,Protect,RagePowder,TrickRoom|Relaxed|||||50|]Ceruledge||ColburBerry|FlashFire|BitterBlade,ShadowSneak,BulkUp,Protect|Adamant||M|||50|]Milotic||Leftovers|Competitive|MuddyWater,Coil,Hypnosis,Recover|Calm||M|||50|]Incineroar||SitrusBerry|Intimidate|FlareBlitz,ThroatChop,FakeOut,PartingShot|Impish||F|||50|]Floette-Eternal||Floettite|FlowerVeil|CalmMind,Protect,Moonblast,DazzlingGleam|Modest||F|||50|
|showteam|p2|Floette-Eternal||Floettite|FlowerVeil|Moonblast,DazzlingGleam,LightofRuin,Protect|Modest||F|||50|]Charizard||CharizarditeY|Blaze|HeatWave,WeatherBall,SolarBeam,Protect|Modest||F|||50|]Whimsicott||FocusSash|Prankster|Moonblast,Tailwind,Encore,Protect|Timid||F|||50|]Garchomp||LifeOrb|RoughSkin|DragonClaw,Earthquake,RockSlide,Protect|Jolly||M|||50|]Basculegion||MysticWater|Adaptability|WaveCrash,LastRespects,AquaJet,Protect|Adamant||M|||50|]Incineroar||SitrusBerry|Intimidate|FakeOut,ThroatChop,FlareBlitz,PartingShot|Careful||M|||50|
|inactive|Battle timer is ON: inactive players will automatically lose when time's up. (requested by BreadPudding248)
|inactive|BreadPudding248 has 60 seconds left.
|
|t:|1784067255
|teamsize|p1|4
|teamsize|p2|4
|start
|switch|p1a: Incineroar|Incineroar, L50, F|100/100
|switch|p1b: Ceruledge|Ceruledge, L50, M|100/100
|switch|p2a: Floette|Floette-Eternal, L50, F|100/100
|switch|p2b: Whimsicott|Whimsicott, L50, F|100/100
|-ability|p1a: Incineroar|Intimidate|boost
|-unboost|p2a: Floette|atk|1
|-block|p2b: Whimsicott|ability: Flower Veil|[of] p2a: Floette
|turn|1
|
|t:|1784067272
|detailschange|p2a: Floette|Floette-Mega, L50, F
|-mega|p2a: Floette|Floette|Floettite
|-ability|p2a: Floette|Fairy Aura
|move|p2b: Whimsicott|Protect|p2b: Whimsicott
|-singleturn|p2b: Whimsicott|Protect
|move|p2a: Floette|Moonblast|p1b: Ceruledge
|-resisted|p1b: Ceruledge|1
|-damage|p1b: Ceruledge|58/100
|move|p1b: Ceruledge|Bulk Up|p1b: Ceruledge
|-boost|p1b: Ceruledge|atk|1
|-boost|p1b: Ceruledge|def|1
|move|p1a: Incineroar|Parting Shot|p2a: Floette
|-unboost|p2a: Floette|atk|1
|-unboost|p2a: Floette|spa|1
|
|t:|1784067289
|switch|p1a: Raichu|Raichu, L50, F|100/100|[from] Parting Shot
|
|upkeep
|turn|2
|
|t:|1784067304
|switch|p2b: Incineroar|Incineroar, L50, M|100/100
|-ability|p2b: Incineroar|Intimidate|boost
|-unboost|p1a: Raichu|atk|1
|-unboost|p1b: Ceruledge|atk|1
|detailschange|p1a: Raichu|Raichu-Mega-Y, L50, F
|-mega|p1a: Raichu|Raichu|Raichunite Y
|move|p1a: Raichu|Fake Out|p2a: Floette
|-damage|p2a: Floette|92/100
|cant|p2a: Floette|flinch
|move|p1b: Ceruledge|Bitter Blade|p2b: Incineroar
|-resisted|p2b: Incineroar|1
|-damage|p2b: Incineroar|81/100
|-heal|p1b: Ceruledge|69/100|[from] drain|[of] p2b: Incineroar
|
|upkeep
|turn|3
|
|t:|1784067327
|move|p1a: Raichu|Protect|p1a: Raichu
|-singleturn|p1a: Raichu|Protect
|move|p2a: Floette|Moonblast|p1a: Raichu
|-activate|p1a: Raichu|move: Protect
|move|p1b: Ceruledge|Bitter Blade|p2a: Floette
|-damage|p2a: Floette|29/100
|-heal|p1b: Ceruledge|96/100|[from] drain|[of] p2a: Floette
|move|p2b: Incineroar|Throat Chop|p1b: Ceruledge
|-supereffective|p1b: Ceruledge|1
|-enditem|p1b: Ceruledge|Colbur Berry|[eat]
|-enditem|p1b: Ceruledge|Colbur Berry|[weaken]
|-damage|p1b: Ceruledge|74/100
|-start|p1b: Ceruledge|Throat Chop|[silent]
|
|upkeep
|turn|4
|
|t:|1784067345
|move|p2a: Floette|Protect|p2a: Floette
|-singleturn|p2a: Floette|Protect
|move|p1a: Raichu|Zap Cannon|p2a: Floette
|-activate|p2a: Floette|move: Protect
|move|p1b: Ceruledge|Bulk Up|p1b: Ceruledge
|-boost|p1b: Ceruledge|atk|1
|-boost|p1b: Ceruledge|def|1
|move|p2b: Incineroar|Throat Chop|p1b: Ceruledge
|-supereffective|p1b: Ceruledge|1
|-damage|p1b: Ceruledge|41/100
|
|-end|p1b: Ceruledge|Throat Chop|[silent]
|upkeep
|turn|5
|
|t:|1784067362
|switch|p2a: Whimsicott|Whimsicott, L50, F|100/100
|move|p1b: Ceruledge|Shadow Sneak|p2a: Whimsicott
|-crit|p2a: Whimsicott
|-damage|p2a: Whimsicott|31/100
|move|p1a: Raichu|Zap Cannon|p2b: Incineroar
|-damage|p2b: Incineroar|32/100
|-status|p2b: Incineroar|par
|-enditem|p2b: Incineroar|Sitrus Berry|[eat]
|-heal|p2b: Incineroar|57/100 par|[from] item: Sitrus Berry
|move|p2b: Incineroar|Parting Shot|p1b: Ceruledge
|-unboost|p1b: Ceruledge|atk|1
|-unboost|p1b: Ceruledge|spa|1
|
|t:|1784067375
|switch|p2b: Floette|Floette-Mega, L50, F|29/100|[from] Parting Shot
|-ability|p2b: Floette|Fairy Aura
|
|upkeep
|turn|6
|
|t:|1784067388
|move|p2a: Whimsicott|Tailwind|p2a: Whimsicott
|-sidestart|p2: BreadPudding248|move: Tailwind
|move|p1b: Ceruledge|Shadow Sneak|p2a: Whimsicott
|-damage|p2a: Whimsicott|0 fnt
|faint|p2a: Whimsicott
|move|p2b: Floette|Light of Ruin|p1b: Ceruledge
|-resisted|p1b: Ceruledge|1
|-damage|p1b: Ceruledge|0 fnt
|faint|p1b: Ceruledge
|-damage|p2b: Floette|5/100|[from] Recoil
|move|p1a: Raichu|Zap Cannon|p2b: Floette
|-damage|p2b: Floette|0 fnt
|faint|p2b: Floette
|
|upkeep
|
|t:|1784067396
|switch|p2a: Incineroar|Incineroar, L50, M|57/100 par
|switch|p2b: Basculegion|Basculegion, L50, M|100/100
|switch|p1b: Incineroar|Incineroar, L50, F|100/100
|-ability|p1b: Incineroar|Intimidate|boost
|-unboost|p2a: Incineroar|atk|1
|-unboost|p2b: Basculegion|atk|1
|-ability|p2a: Incineroar|Intimidate|boost
|-unboost|p1a: Raichu|atk|1
|-unboost|p1b: Incineroar|atk|1
|turn|7
|
|t:|1784067409
|switch|p1b: Milotic|Milotic, L50, M|100/100
|move|p1a: Raichu|Protect|p1a: Raichu
|-singleturn|p1a: Raichu|Protect
|move|p2a: Incineroar|Fake Out|p1b: Milotic
|-damage|p1b: Milotic|94/100
|move|p2b: Basculegion|Last Respects|p1a: Raichu
|-activate|p1a: Raichu|move: Protect
|
|-heal|p1b: Milotic|100/100|[from] item: Leftovers
|upkeep
|turn|8
|
|t:|1784067416
|switch|p1a: Incineroar|Incineroar, L50, F|100/100
|-ability|p1a: Incineroar|Intimidate|boost
|-unboost|p2a: Incineroar|atk|1
|-unboost|p2b: Basculegion|atk|1
|move|p2b: Basculegion|Last Respects|p1b: Milotic
|-damage|p1b: Milotic|53/100
|move|p1b: Milotic|Coil|p1b: Milotic
|-boost|p1b: Milotic|atk|1
|-boost|p1b: Milotic|def|1
|-boost|p1b: Milotic|accuracy|1
|move|p2a: Incineroar|Throat Chop|p1b: Milotic
|-damage|p1b: Milotic|44/100
|-start|p1b: Milotic|Throat Chop|[silent]
|
|-heal|p1b: Milotic|50/100y|[from] item: Leftovers
|upkeep
|turn|9
|
|t:|1784067432
|move|p2b: Basculegion|Last Respects|p1b: Milotic
|-damage|p1b: Milotic|21/100
|move|p1b: Milotic|Recover|p1b: Milotic
|-heal|p1b: Milotic|71/100
|move|p1a: Incineroar|Parting Shot|p2b: Basculegion
|-unboost|p2b: Basculegion|atk|1
|-unboost|p2b: Basculegion|spa|1
|
|t:|1784067439
|switch|p1a: Raichu|Raichu-Mega-Y, L50, F|100/100|[from] Parting Shot
|move|p2a: Incineroar|Throat Chop|p1b: Milotic
|-damage|p1b: Milotic|61/100
|
|-heal|p1b: Milotic|67/100|[from] item: Leftovers
|-end|p1b: Milotic|Throat Chop|[silent]
|-sideend|p2: BreadPudding248|move: Tailwind
|upkeep
|turn|10
|-message|BreadPudding248 forfeited.
|
|win|TeyVgc
