|j|â˜†Gabeeel
|j|â˜†OceanicGamer
|html|GabeeelOceanicGamer    
|uhtml|bestof|Game 1 of a best-of-3
|t:|1783201505
|gametype|doubles
|player|p1|Gabeeel|iris|
|player|p2|OceanicGamer|#agwliiikyogres|
|gen|9
|tier|[Gen 9 Champions] VGC 2026 Reg M-B (Bo3)
|rule|Species Clause: Limit one of each PokÃ©mon
|rule|Item Clause: Limit 1 of each item
|clearpoke
|poke|p1|Scrafty, L50, F|
|poke|p1|Slowking-Galar, L50, M|
|poke|p1|Palafin, L50, F|
|poke|p1|Volcarona, L50, M|
|poke|p1|Meowscarada, L50, F|
|poke|p1|Metagross, L50|
|poke|p2|Tyranitar, L50, M, shiny|
|poke|p2|Excadrill, L50, M, shiny|
|poke|p2|Talonflame, L50, F, shiny|
|poke|p2|Rotom-Mow, L50, shiny|
|poke|p2|Tinkaton, L50, F|
|poke|p2|Samurott-Hisui, L50, M|
|teampreview|4
|showteam|p1|Scrafty||Scraftinite|Intimidate|FakeOut,KnockOff,DrainPunch,SwordsDance|Adamant||F|||50|]Slowking-Galar||LifeOrb|Regenerator|SludgeBomb,Psychic,TrickRoom,Protect|Quiet||M|||50|]Palafin||MysticWater|ZerotoHero|WaveCrash,FlipTurn,JetPunch,Protect|Adamant||F|||50|]Volcarona||Leftovers|FlameBody|HeatWave,GigaDrain,QuiverDance,Protect|Modest||M|||50|]Meowscarada||FocusSash|Overgrow|FlowerTrick,KnockOff,SuckerPunch,Protect|Jolly||F|||50|]Metagross||MetalCoat|ClearBody|BulletPunch,IronHead,PsychicFangs,Protect|Adamant|||||50|
|showteam|p2|Tyranitar||Tyranitarite|SandStream|Protect,RockSlide,KnockOff,LowKick|Adamant||M|||50|]Excadrill||FocusSash|SandRush|HighHorsepower,IronHead,SwordsDance,Protect|Adamant||M|||50|]Talonflame||LifeOrb|GaleWings|FlareBlitz,BraveBird,Protect,Tailwind|Adamant||F|||50|]Rotom-Mow||SitrusBerry|Levitate|LeafStorm,Electroweb,WillOWisp,Protect|Modest|||||50|]Tinkaton||MetalCoat|OwnTempo|FakeOut,GigatonHammer,PlayRough,Protect|Jolly||F|||50|]Samurott-Hisui||BlackGlasses|Sharpness|CeaselessEdge,SuckerPunch,RazorShell,Protect|Jolly||M|||50|
|inactive|Battle timer is ON: inactive players will automatically lose when time's up. (requested by OceanicGamer)
|c|â˜†Gabeeel|glhf
|c|â˜†OceanicGamer|u2!
|c|â˜†OceanicGamer|cool team it has aura
|j| slitherwingfan6
|c|â˜†Gabeeel|thanks!!
|inactive|Gabeeel has 60 seconds left.
|inactive|OceanicGamer has 60 seconds left.
|inactive|Gabeeel has 30 seconds left.
|inactive|OceanicGamer has 30 seconds left.
|inactive|Gabeeel has 20 seconds left.
|inactive|OceanicGamer has 20 seconds left.
|inactive|Gabeeel has 15 seconds left.
|
|t:|1783201582
|teamsize|p1|4
|teamsize|p2|4
|start
|switch|p1a: Slowking|Slowking-Galar, L50, M|100/100
|switch|p1b: Palafin|Palafin, L50, F|100/100
|switch|p2a: Rotom|Rotom-Mow, L50, shiny|100/100
|switch|p2b: Talonflame|Talonflame, L50, F, shiny|100/100
|turn|1
|inactive|OceanicGamer has 30 seconds left.
|
|t:|1783201614
|move|p2b: Talonflame|Protect|p2b: Talonflame
|-singleturn|p2b: Talonflame|Protect
|move|p1b: Palafin|Protect|p1b: Palafin
|-singleturn|p1b: Palafin|Protect
|move|p2a: Rotom|Leaf Storm|p1b: Palafin
|-activate|p1b: Palafin|move: Protect
|move|p1a: Slowking|Trick Room|p1a: Slowking
|-fieldstart|move: Trick Room|[of] p1a: Slowking
|
|upkeep
|turn|2
|inactive|OceanicGamer has 30 seconds left.
|
|t:|1783201647
|switch|p2a: Tyranitar|Tyranitar, L50, M, shiny|100/100
|-weather|Sandstorm|[from] ability: Sand Stream|[of] p2a: Tyranitar
|move|p2b: Talonflame|Brave Bird|p1b: Palafin
|-damage|p1b: Palafin|25/100
|-damage|p2b: Talonflame|69/100|[from] Recoil
|-damage|p2b: Talonflame|59/100|[from] item: Life Orb
|move|p1a: Slowking|Sludge Bomb|p2a: Tyranitar
|-resisted|p2a: Tyranitar|1
|-damage|p2a: Tyranitar|83/100
|-damage|p1a: Slowking|90/100|[from] item: Life Orb
|move|p1b: Palafin|Flip Turn|p2b: Talonflame
|-supereffective|p2b: Talonflame|1
|-damage|p2b: Talonflame|0 fnt
|faint|p2b: Talonflame
|
|t:|1783201662
|detailschange|p1b: Palafin|Palafin-Hero, L50, F
|switch|p1b: Scrafty|Scrafty, L50, F|100/100|[from] Flip Turn
|-ability|p1b: Scrafty|Intimidate|boost
|-unboost|p2a: Tyranitar|atk|1
|
|-weather|Sandstorm|[upkeep]
|-damage|p1a: Slowking|84/100|[from] Sandstorm
|-damage|p1b: Scrafty|94/100|[from] Sandstorm
|upkeep
|
|t:|1783201674
|switch|p2b: Excadrill|Excadrill, L50, M, shiny|100/100
|turn|3
|inactive|Gabeeel has 30 seconds left.
|inactive|Gabeeel has 20 seconds left.
|inactive|Gabeeel has 15 seconds left.
|inactive|OceanicGamer has 30 seconds left.
|inactive|Gabeeel has 10 seconds left.
|
|t:|1783201733
|-heal|p1a: Slowking|100/100|[from] ability: Regenerator|[silent]
|switch|p1a: Palafin|Palafin-Hero, L50, F|25/100
|-activate|p1a: Palafin|ability: Zero to Hero
|switch|p2a: Rotom|Rotom-Mow, L50, shiny|100/100
|detailschange|p1b: Scrafty|Scrafty-Mega, L50, F
|-mega|p1b: Scrafty|Scrafty|Scraftinite
|-ability|p1b: Scrafty|Intimidate|boost
|-unboost|p2a: Rotom|atk|1
|-unboost|p2b: Excadrill|atk|1
|move|p2b: Excadrill|Protect|p2b: Excadrill
|-singleturn|p2b: Excadrill|Protect
|move|p1b: Scrafty|Drain Punch|p2b: Excadrill
|-activate|p2b: Excadrill|move: Protect
|
|-weather|Sandstorm|[upkeep]
|-damage|p1b: Scrafty|88/100|[from] Sandstorm
|-damage|p2a: Rotom|94/100|[from] Sandstorm
|-damage|p1a: Palafin|19/100|[from] Sandstorm
|upkeep
|turn|4
|inactive|Gabeeel has 30 seconds left.
|inactive|OceanicGamer has 30 seconds left.
|
|t:|1783201767
|switch|p2b: Tyranitar|Tyranitar, L50, M, shiny|83/100
|move|p1a: Palafin|Jet Punch|p2b: Tyranitar
|-supereffective|p2b: Tyranitar|1
|-damage|p2b: Tyranitar|9/100
|move|p1b: Scrafty|Drain Punch|p2b: Tyranitar
|-supereffective|p2b: Tyranitar|2
|-damage|p2b: Tyranitar|0 fnt
|-heal|p1b: Scrafty|94/100|[from] drain|[of] p2b: Tyranitar
|faint|p2b: Tyranitar
|move|p2a: Rotom|Electroweb|p1a: Palafin|[spread] p1a,p1b
|-supereffective|p1a: Palafin|1
|-damage|p1a: Palafin|0 fnt
|-damage|p1b: Scrafty|81/100
|-unboost|p1b: Scrafty|spe|1
|faint|p1a: Palafin
|
|-weather|Sandstorm|[upkeep]
|-damage|p1b: Scrafty|75/100|[from] Sandstorm
|-damage|p2a: Rotom|88/100|[from] Sandstorm
|upkeep
|
|t:|1783201782
|switch|p2b: Excadrill|Excadrill, L50, M, shiny|100/100
|switch|p1a: Slowking|Slowking-Galar, L50, M|100/100
|turn|5
|
|t:|1783201801
|move|p2a: Rotom|Protect|p2a: Rotom
|-singleturn|p2a: Rotom|Protect
|move|p2b: Excadrill|Protect|p2b: Excadrill
|-singleturn|p2b: Excadrill|Protect
|move|p1a: Slowking|Sludge Bomb|p2a: Rotom
|-activate|p2a: Rotom|move: Protect
|move|p1b: Scrafty|Swords Dance|p1b: Scrafty
|-boost|p1b: Scrafty|atk|2
|
|-weather|Sandstorm|[upkeep]
|-damage|p1a: Slowking|93/100|[from] Sandstorm
|-damage|p1b: Scrafty|69/100|[from] Sandstorm
|-damage|p2a: Rotom|82/100|[from] Sandstorm
|-fieldend|move: Trick Room
|upkeep
|turn|6
|
|t:|1783201821
|move|p2b: Excadrill|High Horsepower|p1a: Slowking
|-supereffective|p1a: Slowking|1
|-damage|p1a: Slowking|0 fnt
|faint|p1a: Slowking
|move|p2a: Rotom|Will-O-Wisp|p1b: Scrafty
|-status|p1b: Scrafty|brn
|move|p1b: Scrafty|Drain Punch|p2a: Rotom
|-damage|p2a: Rotom|45/100
|-heal|p1b: Scrafty|87/100 brn|[from] drain|[of] p2a: Rotom
|-enditem|p2a: Rotom|Sitrus Berry|[eat]
|-heal|p2a: Rotom|70/100|[from] item: Sitrus Berry
|
|-weather|none
|-damage|p1b: Scrafty|81/100 brn|[from] brn
|upkeep
|
|t:|1783201830
|switch|p1a: Meowscarada|Meowscarada, L50, F|100/100
|turn|7
|
|t:|1783201847
|move|p1a: Meowscarada|Protect|p1a: Meowscarada
|-singleturn|p1a: Meowscarada|Protect
|move|p2b: Excadrill|Protect|p2b: Excadrill
|-singleturn|p2b: Excadrill|Protect
|move|p2a: Rotom|Electroweb|p1b: Scrafty|[spread] p1b
|-activate|p1a: Meowscarada|move: Protect
|-damage|p1b: Scrafty|66/100 brn
|-unboost|p1b: Scrafty|spe|1
|move|p1b: Scrafty|Drain Punch|p2b: Excadrill
|-activate|p2b: Excadrill|move: Protect
|
|-damage|p1b: Scrafty|61/100 brn|[from] brn
|upkeep
|turn|8
|inactive|OceanicGamer has 30 seconds left.
|inactive|OceanicGamer has 20 seconds left.
|inactive|OceanicGamer has 15 seconds left.
|
|t:|1783201888
|move|p1a: Meowscarada|Flower Trick|p2b: Excadrill
|-crit|p2b: Excadrill
|-damage|p2b: Excadrill|25/100
|move|p2b: Excadrill|High Horsepower|p1b: Scrafty
|-damage|p1b: Scrafty|13/100 brn
|move|p2a: Rotom|Electroweb|p1a: Meowscarada|[spread] p1a,p1b
|-resisted|p1a: Meowscarada|1
|-damage|p1a: Meowscarada|88/100
|-damage|p1b: Scrafty|0 fnt
|-unboost|p1a: Meowscarada|spe|1
|faint|p1b: Scrafty
|
|upkeep
|turn|9
|
|t:|1783201907
|move|p2b: Excadrill|Protect|p2b: Excadrill
|-singleturn|p2b: Excadrill|Protect
|move|p1a: Meowscarada|Protect|p1a: Meowscarada
|-singleturn|p1a: Meowscarada|Protect
|move|p2a: Rotom|Will-O-Wisp|p1a: Meowscarada
|-activate|p1a: Meowscarada|move: Protect
|
|upkeep
|turn|10
|
|t:|1783201924
|move|p1a: Meowscarada|Sucker Punch||[still]
|-fail|p1a: Meowscarada
|move|p2b: Excadrill|Swords Dance|p2b: Excadrill
|-boost|p2b: Excadrill|atk|2
|move|p2a: Rotom|Will-O-Wisp|p1a: Meowscarada
|-status|p1a: Meowscarada|brn
|
|-damage|p1a: Meowscarada|82/100 brn|[from] brn
|upkeep
|turn|11
|
|t:|1783201935
|move|p2b: Excadrill|Protect|p2b: Excadrill
|-singleturn|p2b: Excadrill|Protect
|move|p1a: Meowscarada|Sucker Punch||[still]
|-fail|p1a: Meowscarada
|move|p2a: Rotom|Leaf Storm|p1a: Meowscarada
|-resisted|p1a: Meowscarada|1
|-damage|p1a: Meowscarada|40/100 brn
|-unboost|p2a: Rotom|spa|2
|
|-damage|p1a: Meowscarada|34/100 brn|[from] brn
|upkeep
|turn|12
|
|t:|1783201947
|move|p1a: Meowscarada|Sucker Punch|p2a: Rotom
|-damage|p2a: Rotom|54/100
|move|p2b: Excadrill|Iron Head|p1a: Meowscarada
|-damage|p1a: Meowscarada|0 fnt
|faint|p1a: Meowscarada
|
|win|OceanicGamer
||Gabeeel is ready for game 2.
|c|â˜†OceanicGamer|gg1
||OceanicGamer is ready for game 2.
|uhtml|next|Next: Game 2 of 3
|l| slitherwingfan6
