|j|☆Cesar hacker toons
|j|☆Colonelpaco
|html|Cesar hacker toonsColonelpaco    
|uhtml|bestof|Game 1 of a best-of-3
|t:|1757632452
|gametype|doubles
|player|p1|Cesar hacker toons|swimmerf|1061
|player|p2|Colonelpaco|266|1069
|gen|9
|tier|[Gen 9] VGC 2025 Reg H (Bo3)
|rated|
|rule|Species Clause: Limit one of each Pokémon
|rule|Item Clause: Limit 1 of each item
|clearpoke
|poke|p1|Pelipper, L50, M|
|poke|p1|Ludicolo, L50, M|
|poke|p1|Farigiraf, L50, M|
|poke|p1|Ambipom, L50, M|
|poke|p1|Rillaboom, L50, M|
|poke|p1|Gholdengo, L50|
|poke|p2|Sneasler, L50, M|
|poke|p2|Dragapult, L50, M|
|poke|p2|Primarina, L50, F|
|poke|p2|Rillaboom, L50, F|
|poke|p2|Kingambit, L50, F|
|poke|p2|Magmar, L50, M|
|teampreview|4
|showteam|p1|Pelipper||CovertCloak|Drizzle|Tailwind,Uturn,Hurricane,Protect|||M|||50|,,,,,Grass]Ludicolo||LifeOrb|SwiftSwim|WeatherBall,IceBeam,GigaDrain,Protect|||M|||50|,,,,,Stellar]Farigiraf||MentalHerb|ArmorTail|HyperVoice,TrickRoom,HelpingHand,FoulPlay|||M|||50|,,,,,Dark]Ambipom||ScopeLens|Technician|FakeOut,LastResort|||M|||50|,,,,,Normal]Rillaboom||ClearAmulet|GrassySurge|FakeOut,GrassyGlide,WoodHammer,KnockOff|||M|||50|,,,,,Steel]Gholdengo||ChoiceSpecs|GoodasGold|MakeItRain,ShadowBall,DazzlingGleam,PowerGem||||||50|,,,,,Steel
|showteam|p2|Sneasler||FocusSash|Unburden|CloseCombat,DireClaw,FakeOut,Protect|||M|||50|,,,,,Stellar]Dragapult||ChoiceBand|ClearBody|DragonDarts,TeraBlast,PhantomForce,Uturn|||M|||50|,,,,,Ghost]Primarina||SitrusBerry|LiquidVoice|HyperVoice,Moonblast,Haze,Protect|||F|||50|,,,,,Water]Rillaboom||AssaultVest|GrassySurge|WoodHammer,GrassyGlide,HighHorsepower,FakeOut|||F|||50|,,,,,Fire]Kingambit||BlackGlasses|Defiant|KowtowCleave,SuckerPunch,SwordsDance,Protect|||F|||50|,,,,,Ghost]Magmar||Eviolite|VitalSpirit|Overheat,WillOWisp,FollowMe,Protect|||M|||50|,,,,,Ghost
|inactive|Battle timer is ON: inactive players will automatically lose when time's up. (requested by Colonelpaco)
|inactive|Cesar hacker toons has 60 seconds left.
|inactive|Colonelpaco has 60 seconds left.
|inactive|Cesar hacker toons has 30 seconds left.
|inactive|Cesar hacker toons has 20 seconds left.
|inactive|Cesar hacker toons has 15 seconds left.
|
|t:|1757632527
|teamsize|p1|4
|teamsize|p2|4
|start
|switch|p1a: Pelipper|Pelipper, L50, M|100/100
|switch|p1b: Rillaboom|Rillaboom, L50, M|100/100
|switch|p2a: Kingambit|Kingambit, L50, F|100/100
|switch|p2b: Magmar|Magmar, L50, M|100/100
|-fieldstart|move: Grassy Terrain|[from] ability: Grassy Surge|[of] p1b: Rillaboom
|-weather|RainDance|[from] ability: Drizzle|[of] p1a: Pelipper
|turn|1
|
|t:|1757632548
|-terastallize|p2a: Kingambit|Ghost
|move|p2b: Magmar|Protect|p2b: Magmar
|-singleturn|p2b: Magmar|Protect
|move|p1b: Rillaboom|Knock Off|p2a: Kingambit
|-supereffective|p2a: Kingambit
|-damage|p2a: Kingambit|49/100
|-enditem|p2a: Kingambit|Black Glasses|[from] move: Knock Off|[of] p1b: Rillaboom
|move|p1a: Pelipper|Tailwind|p1a: Pelipper
|-sidestart|p1: Cesar hacker toons|move: Tailwind
|move|p2a: Kingambit|Swords Dance|p2a: Kingambit
|-boost|p2a: Kingambit|atk|2
|
|-weather|RainDance|[upkeep]
|-heal|p2a: Kingambit|55/100|[from] Grassy Terrain
|upkeep
|turn|2
|
|t:|1757632572
|switch|p1b: Farigiraf|Farigiraf, L50, M|100/100
|move|p2b: Magmar|Follow Me|p2b: Magmar
|-singleturn|p2b: Magmar|move: Follow Me
|move|p1a: Pelipper|Hurricane|p2b: Magmar
|-damage|p2b: Magmar|67/100
|-start|p2b: Magmar|confusion
|move|p2a: Kingambit|Kowtow Cleave|p1b: Farigiraf
|-supereffective|p1b: Farigiraf
|-damage|p1b: Farigiraf|0 fnt
|faint|p1b: Farigiraf
|
|-weather|RainDance|[upkeep]
|-heal|p2b: Magmar|73/100|[from] Grassy Terrain
|-heal|p2a: Kingambit|61/100|[from] Grassy Terrain
|upkeep
|
|t:|1757632586
|switch|p1b: Gholdengo|Gholdengo, L50|100/100
|turn|3
|
|t:|1757632596
|switch|p1a: Rillaboom|Rillaboom, L50, M|100/100
|-terastallize|p1b: Gholdengo|Steel
|-activate|p2b: Magmar|confusion
|move|p2b: Magmar|Protect|p2b: Magmar
|-singleturn|p2b: Magmar|Protect
|move|p1b: Gholdengo|Make It Rain|p2a: Kingambit|[spread] p2a
|-activate|p2b: Magmar|move: Protect
|-damage|p2a: Kingambit|0 fnt
|-unboost|p1b: Gholdengo|spa|1
|faint|p2a: Kingambit
|
|-weather|RainDance|[upkeep]
|-heal|p2b: Magmar|79/100|[from] Grassy Terrain
|upkeep
|
|t:|1757632612
|switch|p2a: Sneasler|Sneasler, L50, M|100/100
|turn|4
|
|t:|1757632624
|switch|p1b: Pelipper|Pelipper, L50, M|100/100
|move|p1a: Rillaboom|Fake Out|p2a: Sneasler
|-damage|p2a: Sneasler|76/100
|cant|p2a: Sneasler|flinch
|-end|p2b: Magmar|confusion
|move|p2b: Magmar|Overheat|p1b: Pelipper
|-resisted|p1b: Pelipper
|-damage|p1b: Pelipper|86/100
|-unboost|p2b: Magmar|spa|2
|
|-weather|RainDance|[upkeep]
|-heal|p2a: Sneasler|82/100|[from] Grassy Terrain
|-heal|p2b: Magmar|85/100|[from] Grassy Terrain
|-sideend|p1: Cesar hacker toons|move: Tailwind
|upkeep
|turn|5
|
|t:|1757632641
|switch|p2b: Dragapult|Dragapult, L50, M|100/100
|move|p2a: Sneasler|Protect|p2a: Sneasler
|-singleturn|p2a: Sneasler|Protect
|move|p1a: Rillaboom|Wood Hammer|p2b: Dragapult
|-resisted|p2b: Dragapult
|-damage|p2b: Dragapult|40/100
|-damage|p1a: Rillaboom|83/100|[from] Recoil
|move|p1b: Pelipper|Tailwind|p1b: Pelipper
|-sidestart|p1: Cesar hacker toons|move: Tailwind
|
|-weather|none
|-heal|p1a: Rillaboom|89/100|[from] Grassy Terrain
|-heal|p2b: Dragapult|46/100|[from] Grassy Terrain
|-heal|p2a: Sneasler|88/100|[from] Grassy Terrain
|-fieldend|move: Grassy Terrain
|upkeep
|turn|6
|
|t:|1757632661
|switch|p2b: Magmar|Magmar, L50, M|85/100
|move|p1a: Rillaboom|Knock Off|p2b: Magmar
|-damage|p2b: Magmar|57/100
|-enditem|p2b: Magmar|Eviolite|[from] move: Knock Off|[of] p1a: Rillaboom
|move|p1b: Pelipper|U-turn|p2a: Sneasler
|-resisted|p2a: Sneasler
|-damage|p2a: Sneasler|84/100
|
|t:|1757632670
|switch|p1b: Gholdengo|Gholdengo, L50, tera:Steel|100/100|[from] U-turn
|move|p2a: Sneasler|Dire Claw|p1a: Rillaboom
|-supereffective|p1a: Rillaboom
|-damage|p1a: Rillaboom|3/100
|
|upkeep
|turn|7
|inactive|Colonelpaco has 30 seconds left.
|
|t:|1757632698
|switch|p1a: Pelipper|Pelipper, L50, M|86/100
|-weather|RainDance|[from] ability: Drizzle|[of] p1a: Pelipper
|move|p2a: Sneasler|Protect|p2a: Sneasler
|-singleturn|p2a: Sneasler|Protect
|move|p1b: Gholdengo|Power Gem|p2b: Magmar
|-supereffective|p2b: Magmar
|-damage|p2b: Magmar|0 fnt
|faint|p2b: Magmar
|
|-weather|RainDance|[upkeep]
|upkeep
|
|t:|1757632709
|switch|p2b: Dragapult|Dragapult, L50, M|46/100
|turn|8
|
|t:|1757632721
|move|p1b: Gholdengo|Power Gem|p2b: Dragapult
|-damage|p2b: Dragapult|0 fnt
|faint|p2b: Dragapult
|move|p1a: Pelipper|Hurricane|p2a: Sneasler
|-supereffective|p2a: Sneasler
|-damage|p2a: Sneasler|0 fnt
|faint|p2a: Sneasler
|
|win|Cesar hacker toons
||Colonelpaco is ready for game 2.
|inactive|Cesar hacker toons has 30 seconds to confirm battle start!
||Cesar hacker toons is ready for game 2.
|uhtml|next|Next: Game 2 of 3
