|j|☆natsukivgc
|j|☆sidhuistic
|html|natsukivgcsidhuistic    
|uhtml|bestof|Game 3 of a best-of-3
|t:|1785948276
|gametype|doubles
|player|p1|natsukivgc|265|1182
|player|p2|sidhuistic|richboy-gen4|1236
|gen|9
|tier|[Gen 9 Champions] VGC 2026 Reg M-B (Bo3)
|rated|
|rule|Species Clause: Limit one of each Pokémon
|rule|Item Clause: Limit 1 of each item
|clearpoke
|poke|p1|Hydreigon, L50, F|
|poke|p1|Garchomp, L50, F|
|poke|p1|Metagross, L50|
|poke|p1|Charizard, L50, F|
|poke|p1|Grimmsnarl, L50, M|
|poke|p1|Toxapex, L50, M|
|poke|p2|Delphox, L50, F|
|poke|p2|Blastoise, L50, M|
|poke|p2|Vivillon, L50, F|
|poke|p2|Maushold, L50|
|poke|p2|Incineroar, L50, M|
|poke|p2|Sinistcha, L50|
|teampreview|4
|showteam|p1|Hydreigon||ChoiceScarf|Levitate|HeatWave,DarkPulse,DracoMeteor,Snarl|Modest||F|||50|]Garchomp||SitrusBerry|RoughSkin|Earthquake,RockSlide,DragonClaw,Protect|Adamant||F|||50|]Metagross||Metagrossite|ClearBody|IronHead,HammerArm,BulletPunch,Protect|Adamant|||||50|]Charizard||CharizarditeY|Blaze|Protect,HeatWave,SolarBeam,WeatherBall|Timid||F|||50|]Grimmsnarl||RoseliBerry|Prankster|FakeOut,FoulPlay,Reflect,PartingShot|Sassy||M|||50|]Toxapex||Leftovers|Regenerator|Infestation,Toxic,BanefulBunker,WideGuard|Bold||M|||50|
|showteam|p2|Delphox||Delphoxite|Blaze|HeatWave,NastyPlot,Psyshock,Protect|Modest||F|||50|]Blastoise||Blastoisinite|RainDish|DarkPulse,WaterSpout,ShellSmash,Protect|Modest||M|||50|]Vivillon||ChoiceScarf|CompoundEyes|SleepPowder,Hurricane,RagePowder,PollenPuff|Timid||F|||50|]Maushold||WideLens|Technician|PopulationBomb,FollowMe,Feint,Protect|Jolly|||||50|]Incineroar||SitrusBerry|Intimidate|FlareBlitz,HelpingHand,PartingShot,FakeOut|Careful||M|||50|]Sinistcha||KasibBerry|Hospitality|MatchaGotcha,RagePowder,TrickRoom,Protect|Bold|||||50|
|inactive|Battle timer is ON: inactive players will automatically lose when time's up. (requested by sidhuistic)
|
|t:|1785948305
|teamsize|p1|4
|teamsize|p2|4
|start
|switch|p1a: Hydreigon|Hydreigon, L50, F|100/100
|switch|p1b: Charizard|Charizard, L50, F|100/100
|switch|p2a: Blastoise|Blastoise, L50, M|100/100
|switch|p2b: Vivillon|Vivillon, L50, F|100/100
|turn|1
|
|t:|1785948322
|detailschange|p1b: Charizard|Charizard-Mega-Y, L50, F
|-mega|p1b: Charizard|Charizard|Charizardite Y
|-weather|SunnyDay|[from] ability: Drought|[of] p1b: Charizard
|detailschange|p2a: Blastoise|Blastoise-Mega, L50, M
|-mega|p2a: Blastoise|Blastoise|Blastoisinite
|move|p2a: Blastoise|Protect|p2a: Blastoise
|-singleturn|p2a: Blastoise|Protect
|move|p2b: Vivillon|Sleep Powder|p1a: Hydreigon
|-status|p1a: Hydreigon|slp|[from] move: Sleep Powder
|cant|p1a: Hydreigon|slp
|move|p1b: Charizard|Heat Wave|p2b: Vivillon|[spread] p2b
|-activate|p2a: Blastoise|move: Protect
|-supereffective|p2b: Vivillon|1
|-damage|p2b: Vivillon|0 fnt
|faint|p2b: Vivillon
|
|-weather|SunnyDay|[upkeep]
|upkeep
|
|t:|1785948340
|switch|p2b: Maushold|Maushold, L50|100/100
|turn|2
|
|t:|1785948361
|move|p1b: Charizard|Protect|p1b: Charizard
|-singleturn|p1b: Charizard|Protect
|cant|p1a: Hydreigon|slp
|move|p2b: Maushold|Population Bomb|p1b: Charizard
|-activate|p1b: Charizard|move: Protect
|move|p2a: Blastoise|Shell Smash|p2a: Blastoise
|-unboost|p2a: Blastoise|def|1
|-unboost|p2a: Blastoise|spd|1
|-boost|p2a: Blastoise|atk|2
|-boost|p2a: Blastoise|spa|2
|-boost|p2a: Blastoise|spe|2
|
|-weather|SunnyDay|[upkeep]
|upkeep
|turn|3
|
|t:|1785948382
|move|p2b: Maushold|Follow Me|p2b: Maushold
|-singleturn|p2b: Maushold|move: Follow Me
|move|p2a: Blastoise|Water Spout|p1b: Charizard|[spread] p1a,p1b
|-resisted|p1a: Hydreigon|1
|-supereffective|p1b: Charizard|1
|-damage|p1a: Hydreigon|63/100 slp
|-damage|p1b: Charizard|0 fnt
|faint|p1b: Charizard
|-curestatus|p1a: Hydreigon|slp|[msg]
|move|p1a: Hydreigon|Snarl|p2a: Blastoise|[spread] p2a,p2b
|-damage|p2a: Blastoise|68/100
|-damage|p2b: Maushold|68/100
|-unboost|p2a: Blastoise|spa|1
|-unboost|p2b: Maushold|spa|1
|
|-weather|SunnyDay|[upkeep]
|upkeep
|
|t:|1785948397
|switch|p1b: Grimmsnarl|Grimmsnarl, L50, M|100/100
|turn|4
|inactive|sidhuistic has 30 seconds left.
|
|t:|1785948430
|move|p2a: Blastoise|Protect|p2a: Blastoise
|-singleturn|p2a: Blastoise|Protect
|move|p1b: Grimmsnarl|Fake Out|p2b: Maushold
|-damage|p2b: Maushold|50/100g
|move|p1a: Hydreigon|Snarl|p2a: Blastoise|[spread] p2b
|-activate|p2a: Blastoise|move: Protect
|-damage|p2b: Maushold|14/100
|-unboost|p2b: Maushold|spa|1
|cant|p2b: Maushold|flinch
|
|-weather|SunnyDay|[upkeep]
|upkeep
|turn|5
|
|t:|1785948452
|switch|p2a: Incineroar|Incineroar, L50, M|100/100
|-ability|p2a: Incineroar|Intimidate|boost
|-unboost|p1a: Hydreigon|atk|1
|-unboost|p1b: Grimmsnarl|atk|1
|move|p2b: Maushold|Protect|p2b: Maushold
|-singleturn|p2b: Maushold|Protect
|move|p1b: Grimmsnarl|Reflect|p1b: Grimmsnarl
|-sidestart|p1: natsukivgc|Reflect
|move|p1a: Hydreigon|Snarl|p2a: Incineroar|[spread] p2a
|-activate|p2b: Maushold|move: Protect
|-resisted|p2a: Incineroar|1
|-damage|p2a: Incineroar|91/100
|-unboost|p2a: Incineroar|spa|1
|
|-weather|none
|upkeep
|turn|6
|
|t:|1785948473
|switch|p1a: Toxapex|Toxapex, L50, M|100/100
|move|p2a: Incineroar|Fake Out|p1a: Toxapex
|-damage|p1a: Toxapex|95/100
|move|p2b: Maushold|Population Bomb|p1b: Grimmsnarl
|-damage|p1b: Grimmsnarl|92/100
|-damage|p1b: Grimmsnarl|85/100
|-damage|p1b: Grimmsnarl|77/100
|-damage|p1b: Grimmsnarl|69/100
|-damage|p1b: Grimmsnarl|62/100
|-damage|p1b: Grimmsnarl|54/100
|-damage|p1b: Grimmsnarl|47/100
|-damage|p1b: Grimmsnarl|39/100
|-damage|p1b: Grimmsnarl|31/100
|-damage|p1b: Grimmsnarl|23/100
|-hitcount|p1b: Grimmsnarl|10
|move|p1b: Grimmsnarl|Foul Play|p2b: Maushold
|-damage|p2b: Maushold|0 fnt
|faint|p2b: Maushold
|
|-heal|p1a: Toxapex|100/100|[from] item: Leftovers
|upkeep
|
|t:|1785948493
|switch|p2b: Blastoise|Blastoise-Mega, L50, M|68/100
|turn|7
|inactive|sidhuistic has 30 seconds left.
|
|t:|1785948527
|move|p1b: Grimmsnarl|Parting Shot|p2b: Blastoise
|-unboost|p2b: Blastoise|atk|1
|-unboost|p2b: Blastoise|spa|1
|
|t:|1785948531
|switch|p1b: Hydreigon|Hydreigon, L50, F|63/100|[from] Parting Shot
|move|p2b: Blastoise|Shell Smash|p2b: Blastoise
|-unboost|p2b: Blastoise|def|1
|-unboost|p2b: Blastoise|spd|1
|-boost|p2b: Blastoise|atk|2
|-boost|p2b: Blastoise|spa|2
|-boost|p2b: Blastoise|spe|2
|move|p2a: Incineroar|Flare Blitz|p1b: Hydreigon
|-resisted|p1b: Hydreigon|1
|-damage|p1b: Hydreigon|47/100
|-damage|p2a: Incineroar|86/100|[from] Recoil
|move|p1a: Toxapex|Toxic|p2b: Blastoise
|-status|p2b: Blastoise|tox
|
|-damage|p2b: Blastoise|62/100 tox|[from] psn
|upkeep
|turn|8
|inactive|natsukivgc has 30 seconds left.
|inactive|sidhuistic has 30 seconds left.
|inactive|natsukivgc has 20 seconds left.
|inactive|natsukivgc has 15 seconds left.
|inactive|natsukivgc has 10 seconds left.
|inactive|natsukivgc has 5 seconds left.
|
|t:|1785948582
|move|p2a: Incineroar|Helping Hand|p2b: Blastoise
|-singleturn|p2b: Blastoise|Helping Hand|[of] p2a: Incineroar
|move|p2b: Blastoise|Water Spout|p1a: Toxapex|[spread] p1a,p1b
|-resisted|p1a: Toxapex|1
|-resisted|p1b: Hydreigon|1
|-damage|p1a: Toxapex|63/100
|-damage|p1b: Hydreigon|0 fnt
|faint|p1b: Hydreigon
|move|p1a: Toxapex|Infestation|p2b: Blastoise
|-damage|p2b: Blastoise|56/100 tox
|-activate|p2b: Blastoise|move: Infestation|[of] p1a: Toxapex
|
|-heal|p1a: Toxapex|68/100|[from] item: Leftovers
|-damage|p2b: Blastoise|45/100 tox|[from] psn
|-damage|p2b: Blastoise|32/100 tox|[from] move: Infestation|[partiallytrapped]
|upkeep
|
|t:|1785948597
|switch|p1b: Grimmsnarl|Grimmsnarl, L50, M|23/100
|turn|9
|
|t:|1785948613
|move|p1a: Toxapex|Baneful Bunker|p1a: Toxapex
|-singleturn|p1a: Toxapex|move: Protect
|move|p1b: Grimmsnarl|Fake Out|p2b: Blastoise
|-damage|p2b: Blastoise|16/100 tox
|cant|p2b: Blastoise|flinch
|move|p2a: Incineroar|Flare Blitz|p1b: Grimmsnarl
|-damage|p1b: Grimmsnarl|0 fnt
|faint|p1b: Grimmsnarl
|-damage|p2a: Incineroar|78/100|[from] Recoil
|
|-heal|p1a: Toxapex|74/100|[from] item: Leftovers
|-damage|p2b: Blastoise|0 fnt|[from] psn
|faint|p2b: Blastoise
|-sideend|p1: natsukivgc|Reflect
|upkeep
|turn|10
|
|t:|1785948632
|move|p2a: Incineroar|Flare Blitz|p1a: Toxapex
|-resisted|p1a: Toxapex|1
|-damage|p1a: Toxapex|60/100
|-damage|p2a: Incineroar|75/100|[from] Recoil
|move|p1a: Toxapex|Infestation|p2a: Incineroar
|-damage|p2a: Incineroar|72/100
|-activate|p2a: Incineroar|move: Infestation|[of] p1a: Toxapex
|
|-heal|p1a: Toxapex|66/100|[from] item: Leftovers
|-damage|p2a: Incineroar|60/100|[from] move: Infestation|[partiallytrapped]
|upkeep
|turn|11
|-message|sidhuistic forfeited.
|
|win|natsukivgc
|raw|natsukivgc's rating: 1182 → 1211(+29 for winning)
|raw|sidhuistic's rating: 1236 → 1207(-29 for losing)
