|j|☆ttvmoxiie
|j|☆Eldrazii
|html|ttvmoxiieEldrazii    
|uhtml|bestof|Game 1 of a best-of-3
|t:|1757705519
|gametype|doubles
|player|p1|ttvmoxiie|steven|1085
|player|p2|Eldrazii|blue-masters2|1061
|gen|9
|tier|[Gen 9] VGC 2025 Reg H (Bo3)
|rated|
|rule|Species Clause: Limit one of each Pokémon
|rule|Item Clause: Limit 1 of each item
|clearpoke
|poke|p1|Dragonite, L50, F|
|poke|p1|Gholdengo, L50|
|poke|p1|Rillaboom, L50, F|
|poke|p1|Ursaluna-Bloodmoon, L50, M|
|poke|p1|Annihilape, L50, M|
|poke|p1|Maushold-Four, L50|
|poke|p2|Rillaboom, L50, F|
|poke|p2|Kingambit, L50, M|
|poke|p2|Sneasler, L50, F|
|poke|p2|Dragonite, L50, M|
|poke|p2|Gastrodon, L50, M|
|poke|p2|Ceruledge, L50, F|
|teampreview|4
|showteam|p1|Dragonite||LoadedDice|Multiscale|Haze,Protect,Tailwind,ScaleShot|||F|||50|,,,,,Fairy]Gholdengo||LifeOrb|GoodasGold|Protect,NastyPlot,MakeItRain,ShadowBall||||||50|,,,,,Water]Rillaboom||MiracleSeed|GrassySurge|GrassyGlide,WoodHammer,FakeOut,HighHorsepower|||F|||50|,,,,,Fire]Ursaluna-Bloodmoon||AssaultVest|MindsEye|BloodMoon,HyperVoice,EarthPower,VacuumWave|||M|||50|,,,,,Water]Annihilape||SitrusBerry|Defiant|RageFist,DrainPunch,BulkUp,Protect|||M|||50|,,,,,Fire]Maushold-Four||FocusSash|FriendGuard|SuperFang,FollowMe,BeatUp,Protect||||||50|,,,,,Ghost
|showteam|p2|Rillaboom||AssaultVest|GrassySurge|WoodHammer,GrassyGlide,FakeOut,Uturn|||F|||50|,,,,,Fire]Kingambit||BlackGlasses|Defiant|KowtowCleave,SuckerPunch,TeraBlast,Protect|||M|||50|,,,,,Flying]Sneasler||FocusSash|Unburden|DireClaw,CloseCombat,Coaching,Protect|||F|||50|,,,,,Ghost]Dragonite||LoadedDice|Multiscale|Haze,ScaleShot,Tailwind,Protect|||M|||50|,,,,,Fairy]Gastrodon||SitrusBerry|StormDrain|EarthPower,IceBeam,Yawn,Protect|||M|||50|,,,,,Fire]Ceruledge||ClearAmulet|FlashFire|BitterBlade,Poltergeist,BulkUp,Protect|||F|||50|,,,,,Grass
|inactive|Battle timer is ON: inactive players will automatically lose when time's up. (requested by Eldrazii)
|inactive|ttvmoxiie has 60 seconds left.
|inactive|Eldrazii has 60 seconds left.
|
|t:|1757705572
|teamsize|p1|4
|teamsize|p2|4
|start
|switch|p1a: Annihilape|Annihilape, L50, M|100/100
|switch|p1b: Maushold|Maushold-Four, L50|100/100
|switch|p2a: Rillaboom|Rillaboom, L50, F|100/100
|switch|p2b: Ceruledge|Ceruledge, L50, F|100/100
|-fieldstart|move: Grassy Terrain|[from] ability: Grassy Surge|[of] p2a: Rillaboom
|turn|1
|inactive|ttvmoxiie has 30 seconds left.
|
|t:|1757705601
|-terastallize|p1a: Annihilape|Fire
|-terastallize|p2b: Ceruledge|Grass
|move|p2a: Rillaboom|Fake Out|p1b: Maushold
|-damage|p1b: Maushold|84/100
|cant|p1b: Maushold|flinch
|move|p1a: Annihilape|Bulk Up|p1a: Annihilape
|-boost|p1a: Annihilape|atk|1
|-boost|p1a: Annihilape|def|1
|move|p2b: Ceruledge|Bulk Up|p2b: Ceruledge
|-boost|p2b: Ceruledge|atk|1
|-boost|p2b: Ceruledge|def|1
|
|-heal|p1b: Maushold|90/100|[from] Grassy Terrain
|upkeep
|turn|2
|
|t:|1757705626
|move|p1b: Maushold|Beat Up|p1a: Annihilape
|-damage|p1a: Annihilape|99/100
|-damage|p1a: Annihilape|98/100
|-damage|p1a: Annihilape|97/100
|-damage|p1a: Annihilape|95/100
|-hitcount|p1a: Annihilape|4
|move|p1a: Annihilape|Bulk Up|p1a: Annihilape
|-boost|p1a: Annihilape|atk|1
|-boost|p1a: Annihilape|def|1
|move|p2a: Rillaboom|Wood Hammer|p1b: Maushold
|-damage|p1b: Maushold|0 fnt
|faint|p1b: Maushold
|-damage|p2a: Rillaboom|75/100|[from] Recoil
|move|p2b: Ceruledge|Bitter Blade|p1a: Annihilape
|-resisted|p1a: Annihilape
|-damage|p1a: Annihilape|76/100
|
|-heal|p1a: Annihilape|82/100|[from] Grassy Terrain
|-heal|p2a: Rillaboom|80/100|[from] Grassy Terrain
|upkeep
|
|t:|1757705647
|switch|p1b: Gholdengo|Gholdengo, L50|100/100
|turn|3
|inactive|Eldrazii has 30 seconds left.
|inactive|Eldrazii has 20 seconds left.
|
|t:|1757705682
|move|p2b: Ceruledge|Protect|p2b: Ceruledge
|-singleturn|p2b: Ceruledge|Protect
|move|p1a: Annihilape|Rage Fist|p2b: Ceruledge
|-activate|p2b: Ceruledge|move: Protect
|move|p1b: Gholdengo|Nasty Plot|p1b: Gholdengo
|-boost|p1b: Gholdengo|spa|2
|move|p2a: Rillaboom|U-turn|p1a: Annihilape
|-resisted|p1a: Annihilape
|-damage|p1a: Annihilape|76/100
|
|t:|1757705696
|switch|p2a: Kingambit|Kingambit, L50, M|100/100|[from] U-turn
|
|-heal|p1a: Annihilape|82/100|[from] Grassy Terrain
|upkeep
|turn|4
|
|t:|1757705711
|move|p1b: Gholdengo|Protect|p1b: Gholdengo
|-singleturn|p1b: Gholdengo|Protect
|move|p2a: Kingambit|Protect|p2a: Kingambit
|-singleturn|p2a: Kingambit|Protect
|move|p1a: Annihilape|Rage Fist|p2b: Ceruledge
|-damage|p2b: Ceruledge|0 fnt
|faint|p2b: Ceruledge
|
|-heal|p1a: Annihilape|88/100|[from] Grassy Terrain
|upkeep
|
|t:|1757705722
|switch|p2b: Sneasler|Sneasler, L50, F|100/100
|turn|5
|
|t:|1757705734
|move|p2a: Kingambit|Sucker Punch|p1b: Gholdengo
|-supereffective|p1b: Gholdengo
|-damage|p1b: Gholdengo|6/100
|move|p2b: Sneasler|Dire Claw|p1a: Annihilape
|-damage|p1a: Annihilape|66/100
|move|p1a: Annihilape|Rage Fist|p2a: Kingambit
|-resisted|p2a: Kingambit
|-damage|p2a: Kingambit|0 fnt
|faint|p2a: Kingambit
|move|p1b: Gholdengo|Shadow Ball|p2b: Sneasler
|-enditem|p2b: Sneasler|Focus Sash
|-damage|p2b: Sneasler|1/100
|-damage|p1b: Gholdengo|0 fnt|[from] item: Life Orb
|faint|p1b: Gholdengo
|
|-heal|p2b: Sneasler|7/100|[from] Grassy Terrain
|-heal|p1a: Annihilape|73/100|[from] Grassy Terrain
|-fieldend|move: Grassy Terrain
|upkeep
|
|t:|1757705752
|switch|p1b: Rillaboom|Rillaboom, L50, F|100/100
|switch|p2a: Rillaboom|Rillaboom, L50, F|80/100
|-fieldstart|move: Grassy Terrain|[from] ability: Grassy Surge|[of] p2a: Rillaboom
|turn|6
|c|☆Eldrazii|Or you really moxieboosted?
|
|t:|1757705771
|move|p2b: Sneasler|Protect|p2b: Sneasler
|-singleturn|p2b: Sneasler|Protect
|move|p1b: Rillaboom|Fake Out|p2b: Sneasler
|-activate|p2b: Sneasler|move: Protect
|move|p1a: Annihilape|Bulk Up|p1a: Annihilape
|-boost|p1a: Annihilape|atk|1
|-boost|p1a: Annihilape|def|1
|move|p2a: Rillaboom|U-turn|p1b: Rillaboom
|-supereffective|p1b: Rillaboom
|-damage|p1b: Rillaboom|53/100
|
|-heal|p2b: Sneasler|13/100|[from] Grassy Terrain
|-heal|p1a: Annihilape|79/100|[from] Grassy Terrain
|-heal|p2a: Rillaboom|86/100|[from] Grassy Terrain
|-heal|p1b: Rillaboom|59/100|[from] Grassy Terrain
|upkeep
|turn|7
|inactive|ttvmoxiie has 30 seconds left.
|inactive|Eldrazii has 30 seconds left.
|
|t:|1757705798
|move|p1b: Rillaboom|Grassy Glide|p2b: Sneasler
|-resisted|p2b: Sneasler
|-damage|p2b: Sneasler|0 fnt
|faint|p2b: Sneasler
|move|p1a: Annihilape|Drain Punch|p2a: Rillaboom
|-damage|p2a: Rillaboom|14/100
|-heal|p1a: Annihilape|100/100|[from] drain|[of] p2a: Rillaboom
|move|p2a: Rillaboom|Wood Hammer|p1a: Annihilape
|-resisted|p1a: Annihilape
|-damage|p1a: Annihilape|85/100
|-damage|p2a: Rillaboom|9/100|[from] Recoil
|
|-heal|p1a: Annihilape|91/100|[from] Grassy Terrain
|-heal|p2a: Rillaboom|15/100|[from] Grassy Terrain
|-heal|p1b: Rillaboom|65/100|[from] Grassy Terrain
|upkeep
|turn|8
|-message|Eldrazii forfeited.
|
|win|ttvmoxiie
||Eldrazii is ready for game 2.
|inactive|ttvmoxiie has 30 seconds to confirm battle start!
