|j|☆izmatti
|j|☆ChickenZX
|html|izmattiChickenZX    
|uhtml|bestof|Game 2 of a best-of-3
|t:|1757828970
|gametype|doubles
|player|p1|izmatti|266|
|player|p2|ChickenZX|fisherman-gen4|
|gen|9
|tier|[Gen 9] VGC 2025 Reg H (Bo3)
|rule|Species Clause: Limit one of each Pokémon
|rule|Item Clause: Limit 1 of each item
|clearpoke
|poke|p1|Corviknight, L50, F|
|poke|p1|Tyranitar, L50, F|
|poke|p1|Excadrill, L50, M|
|poke|p1|Annihilape, L50, F|
|poke|p1|Indeedee-F, L50, F|
|poke|p1|Delphox, L50, F|
|poke|p2|Lilligant-Hisui, L50, F|
|poke|p2|Torkoal, L50, M|
|poke|p2|Ursaluna-Bloodmoon, L50, M|
|poke|p2|Dragonite, L50, M|
|poke|p2|Rillaboom, L50, M|
|poke|p2|Kingambit, L50, M|
|teampreview|4
|showteam|p1|Corviknight||PsychicSeed|MirrorArmor|BraveBird,PowerTrip,BulkUp,Roost|||F|||50|,,,,,Dragon]Tyranitar||AssaultVest|SandStream|TeraBlast,RockSlide,LowKick,KnockOff|||F|||50|,,,,,Flying]Excadrill||FocusSash|SandRush|SwordsDance,IronHead,Earthquake,Protect|||M|||50|,,,,,Ground]Annihilape||ChoiceScarf|Defiant|CloseCombat,Uturn,FinalGambit,ShadowClaw|||F|||50|,,,,,Grass]Indeedee-F||RockyHelmet|PsychicSurge|FollowMe,HelpingHand,TrickRoom,AlluringVoice|||F|||50|,,,,,Flying]Delphox||LifeOrb|Blaze|ExpandingForce,HeatWave,Protect,TeraBlast|||F|||50|,,,,,Fighting
|showteam|p2|Lilligant-Hisui||FocusSash|Chlorophyll|CloseCombat,TripleAxel,SolarBlade,AfterYou|||F|||50|,,,,,Ghost]Torkoal||Charcoal|Drought|Eruption,WeatherBall,HelpingHand,Protect|||M|||50|,,,,,Fire]Ursaluna-Bloodmoon||LifeOrb|MindsEye|BloodMoon,HyperVoice,EarthPower,Protect|||M|||50|,,,,,Normal]Dragonite||LoadedDice|Multiscale|ScaleShot,Protect,Tailwind,Haze|||M|||50|,,,,,Fairy]Rillaboom||AssaultVest|GrassySurge|WoodHammer,GrassyGlide,HighHorsepower,FakeOut|||M|||50|,,,,,Fire]Kingambit||SafetyGoggles|Defiant|KowtowCleave,SuckerPunch,SwordsDance,Protect|||M|||50|,,,,,Dark
|inactive|Battle timer is ON: inactive players will automatically lose when time's up. (requested by ChickenZX)
|inactive|ChickenZX has 60 seconds left.
|inactive|ChickenZX has 30 seconds left.
|inactive|ChickenZX has 20 seconds left.
|
|t:|1757829042
|teamsize|p1|4
|teamsize|p2|4
|start
|switch|p1a: Indeedee|Indeedee-F, L50, F|100/100
|switch|p1b: Delphox|Delphox, L50, F|100/100
|switch|p2a: Kingambit|Kingambit, L50, M|100/100
|switch|p2b: Lilligant|Lilligant-Hisui, L50, F, shiny|100/100
|-fieldstart|move: Psychic Terrain|[from] ability: Psychic Surge|[of] p1a: Indeedee
|turn|1
|inactive|izmatti has 30 seconds left.
|inactive|ChickenZX has 30 seconds left.
|inactive|ChickenZX has 20 seconds left.
|
|t:|1757829080
|-terastallize|p1b: Delphox|Fighting
|-terastallize|p2a: Kingambit|Dark
|move|p1a: Indeedee|Helping Hand|p1b: Delphox
|-singleturn|p1b: Delphox|Helping Hand|[of] p1a: Indeedee
|move|p2b: Lilligant|After You|p2a: Kingambit
|-activate|p2a: Kingambit|move: After You
|move|p2a: Kingambit|Kowtow Cleave|p1a: Indeedee
|-supereffective|p1a: Indeedee
|-damage|p1a: Indeedee|0 fnt
|-damage|p2a: Kingambit|84/100|[from] item: Rocky Helmet|[of] p1a: Indeedee
|faint|p1a: Indeedee
|move|p1b: Delphox|Heat Wave|p2a: Kingambit|[spread] p2a,p2b
|-supereffective|p2b: Lilligant
|-damage|p2a: Kingambit|19/100
|-enditem|p2b: Lilligant|Focus Sash
|-damage|p2b: Lilligant|1/100
|-damage|p1b: Delphox|90/100|[from] item: Life Orb
|
|upkeep
|
|t:|1757829097
|switch|p1a: Corviknight|Corviknight, L50, F|100/100
|-enditem|p1a: Corviknight|Psychic Seed
|-boost|p1a: Corviknight|spd|1|[from] item: Psychic Seed
|turn|2
|
|t:|1757829118
|switch|p2a: Torkoal|Torkoal, L50, M|100/100
|-weather|SunnyDay|[from] ability: Drought|[of] p2a: Torkoal
|move|p2b: Lilligant|Solar Blade||[still]
|-prepare|p2b: Lilligant|Solar Blade
|-anim|p2b: Lilligant|Solar Blade|p1b: Delphox
|-damage|p1b: Delphox|2/100
|move|p1b: Delphox|Heat Wave|p2a: Torkoal|[spread] p2a,p2b
|-resisted|p2a: Torkoal
|-supereffective|p2b: Lilligant
|-damage|p2a: Torkoal|36/100
|-damage|p2b: Lilligant|0 fnt
|faint|p2b: Lilligant
|-damage|p1b: Delphox|0 fnt|[from] item: Life Orb
|faint|p1b: Delphox
|move|p1a: Corviknight|Bulk Up|p1a: Corviknight
|-boost|p1a: Corviknight|atk|1
|-boost|p1a: Corviknight|def|1
|
|-weather|SunnyDay|[upkeep]
|upkeep
|
|t:|1757829133
|switch|p2b: Rillaboom|Rillaboom, L50, M|100/100
|switch|p1b: Tyranitar|Tyranitar, L50, F|100/100
|-fieldstart|move: Grassy Terrain|[from] ability: Grassy Surge|[of] p2b: Rillaboom
|-weather|Sandstorm|[from] ability: Sand Stream|[of] p1b: Tyranitar
|turn|3
|
|t:|1757829149
|switch|p2a: Kingambit|Kingambit, L50, M, tera:Dark|19/100
|move|p2b: Rillaboom|Wood Hammer|p1b: Tyranitar
|-supereffective|p1b: Tyranitar
|-damage|p1b: Tyranitar|0 fnt
|faint|p1b: Tyranitar
|-damage|p2b: Rillaboom|66/100|[from] Recoil
|move|p1a: Corviknight|Brave Bird|p2b: Rillaboom
|-supereffective|p2b: Rillaboom
|-damage|p2b: Rillaboom|0 fnt
|faint|p2b: Rillaboom
|-damage|p1a: Corviknight|79/100|[from] Recoil
|
|-weather|Sandstorm|[upkeep]
|-heal|p2a: Kingambit|25/100|[from] Grassy Terrain
|upkeep
|
|t:|1757829159
|switch|p2b: Torkoal|Torkoal, L50, M|36/100
|-weather|SunnyDay|[from] ability: Drought|[of] p2b: Torkoal
|turn|4
|
|t:|1757829166
|move|p1a: Corviknight|Brave Bird|p2b: Torkoal
|-damage|p2b: Torkoal|0 fnt
|faint|p2b: Torkoal
|-damage|p1a: Corviknight|69/100|[from] Recoil
|move|p2a: Kingambit|Swords Dance|p2a: Kingambit
|-boost|p2a: Kingambit|atk|2
|
|-weather|SunnyDay|[upkeep]
|-heal|p2a: Kingambit|31/100|[from] Grassy Terrain
|upkeep
|turn|5
|
|t:|1757829183
|move|p2a: Kingambit|Sucker Punch||[still]
|-fail|p2a: Kingambit
|move|p1a: Corviknight|Roost|p1a: Corviknight
|-heal|p1a: Corviknight|100/100
|-singleturn|p1a: Corviknight|move: Roost
|
|-weather|SunnyDay|[upkeep]
|-heal|p2a: Kingambit|38/100|[from] Grassy Terrain
|upkeep
|turn|6
|
|t:|1757829190
|move|p2a: Kingambit|Protect|p2a: Kingambit
|-singleturn|p2a: Kingambit|Protect
|move|p1a: Corviknight|Brave Bird|p2a: Kingambit
|-activate|p2a: Kingambit|move: Protect
|
|-weather|SunnyDay|[upkeep]
|-heal|p2a: Kingambit|44/100|[from] Grassy Terrain
|upkeep
|turn|7
|
|t:|1757829198
|move|p1a: Corviknight|Brave Bird|p2a: Kingambit
|-damage|p2a: Kingambit|0 fnt
|faint|p2a: Kingambit
|-damage|p1a: Corviknight|86/100|[from] Recoil
|
|win|izmatti
||izmatti is ready for game 3.
||ChickenZX is ready for game 3.
|uhtml|next|Next: Game 3 of 3
