|j|☆MiamiButcher
|j|☆TheThunderstorm
|html|MiamiButcherTheThunderstorm    
|uhtml|bestof|Game 3 of a best-of-3
|t:|1785871832
|gametype|doubles
|player|p1|MiamiButcher|giovanni|1120
|player|p2|TheThunderstorm|2|1063
|gen|9
|tier|[Gen 9 Champions] VGC 2026 Reg M-B (Bo3)
|rated|
|rule|Species Clause: Limit one of each Pokémon
|rule|Item Clause: Limit 1 of each item
|clearpoke
|poke|p1|Tyranitar, L50, M|
|poke|p1|Farigiraf, L50, F|
|poke|p1|Kingambit, L50, M|
|poke|p1|Excadrill, L50, M|
|poke|p1|Maushold-Four, L50|
|poke|p1|Crabominable, L50, M|
|poke|p2|Kingambit, L50, M|
|poke|p2|Garchomp, L50, M|
|poke|p2|Aerodactyl, L50, F|
|poke|p2|Farigiraf, L50, F|
|poke|p2|Charizard, L50, M|
|poke|p2|Sylveon, L50, M|
|teampreview|4
|showteam|p1|Tyranitar||Tyranitarite|SandStream|Curse,Crunch,Protect,RockSlide|Adamant||M|||50|]Farigiraf||SitrusBerry|ArmorTail|Protect,TrickRoom,Psychic,NastyPlot|Sassy||F|||50|]Kingambit||BlackGlasses|Defiant|Protect,KowtowCleave,IronHead,LowKick|Adamant||M|||50|]Excadrill||FocusSash|SandForce|Earthquake,RockSlide,IronHead,Protect|Adamant||M|||50|]Maushold-Four||WideLens|Technician|Protect,PopulationBomb,BeatUp,FollowMe|Jolly|||||50|]Crabominable||Crabominite|HyperCutter|DrainPunch,BulkUp,IcePunch,Protect|Adamant||M|||50|
|showteam|p2|Kingambit||FocusSash|Defiant|KowtowCleave,SuckerPunch,IronHead,Protect|Adamant||M|||50|]Garchomp||LifeOrb|RoughSkin|Earthquake,StompingTantrum,DragonClaw,Protect|Jolly||M|||50|]Aerodactyl||Aerodactylite|Unnerve|IceFang,Tailwind,RockSlide,DualWingbeat|Jolly||F|||50|]Farigiraf||SitrusBerry|ArmorTail|Thunderbolt,Psychic,TrickRoom,Protect|Bold||F|||50|]Charizard||CharizarditeY|Blaze|SolarBeam,HeatWave,WeatherBall,Protect|Modest||M|||50|]Sylveon||FairyFeather|Pixilate|HyperVoice,HyperBeam,QuickAttack,Protect|Modest||M|||50|
|inactive|Battle timer is ON: inactive players will automatically lose when time's up. (requested by MiamiButcher)
|
|t:|1785871859
|teamsize|p1|4
|teamsize|p2|4
|start
|switch|p1a: Farigiraf|Farigiraf, L50, F|100/100
|switch|p1b: Excadrill|Excadrill, L50, M|100/100
|switch|p2a: Farigiraf|Farigiraf, L50, F|100/100
|switch|p2b: Charizard|Charizard, L50, M|100/100
|turn|1
|
|t:|1785871878
|detailschange|p2b: Charizard|Charizard-Mega-Y, L50, M
|-mega|p2b: Charizard|Charizard|Charizardite Y
|-weather|SunnyDay|[from] ability: Drought|[of] p2b: Charizard
|move|p1b: Excadrill|Rock Slide|p2a: Farigiraf|[spread] p2a,p2b
|-supereffective|p2b: Charizard|2
|-damage|p2a: Farigiraf|82/100
|-damage|p2b: Charizard|25/100
|move|p2b: Charizard|Heat Wave|p1a: Farigiraf|[spread] p1a,p1b
|-supereffective|p1b: Excadrill|1
|-damage|p1a: Farigiraf|57/100
|-enditem|p1b: Excadrill|Focus Sash
|-damage|p1b: Excadrill|1/100
|cant|p2a: Farigiraf|flinch
|move|p1a: Farigiraf|Trick Room|p1a: Farigiraf
|-fieldstart|move: Trick Room|[of] p1a: Farigiraf
|
|-weather|SunnyDay|[upkeep]
|upkeep
|turn|2
|inactive|TheThunderstorm has 30 seconds left.
|inactive|TheThunderstorm has 20 seconds left.
|
|t:|1785871915
|move|p1a: Farigiraf|Psychic|p2b: Charizard
|-damage|p2b: Charizard|0 fnt
|faint|p2b: Charizard
|move|p2a: Farigiraf|Psychic|p1a: Farigiraf
|-resisted|p1a: Farigiraf|1
|-damage|p1a: Farigiraf|45/100
|-enditem|p1a: Farigiraf|Sitrus Berry|[eat]
|-heal|p1a: Farigiraf|70/100|[from] item: Sitrus Berry
|move|p1b: Excadrill|Iron Head|p2a: Farigiraf
|-damage|p2a: Farigiraf|48/100
|-enditem|p2a: Farigiraf|Sitrus Berry|[eat]
|-heal|p2a: Farigiraf|73/100|[from] item: Sitrus Berry
|
|-weather|SunnyDay|[upkeep]
|upkeep
|
|t:|1785871919
|switch|p2b: Sylveon|Sylveon, L50, M|100/100
|turn|3
|
|t:|1785871928
|move|p1a: Farigiraf|Psychic|p2b: Sylveon
|-damage|p2b: Sylveon|70/100
|move|p2a: Farigiraf|Thunderbolt|p1a: Farigiraf
|-damage|p1a: Farigiraf|55/100
|move|p2b: Sylveon|Hyper Voice|p1b: Excadrill|[spread] p1a,p1b
|-resisted|p1b: Excadrill|1
|-damage|p1a: Farigiraf|17/100
|-damage|p1b: Excadrill|0 fnt
|faint|p1b: Excadrill
|
|-weather|SunnyDay|[upkeep]
|upkeep
|
|t:|1785871935
|switch|p1b: Kingambit|Kingambit, L50, M|100/100
|turn|4
|
|t:|1785871947
|switch|p2b: Garchomp|Garchomp, L50, M|100/100
|move|p1a: Farigiraf|Protect|p1a: Farigiraf
|-singleturn|p1a: Farigiraf|Protect
|move|p1b: Kingambit|Iron Head|p2b: Garchomp
|-damage|p2b: Garchomp|51/100
|-damage|p1b: Kingambit|87/100|[from] ability: Rough Skin|[of] p2b: Garchomp
|move|p2a: Farigiraf|Trick Room|p2a: Farigiraf
|-fieldend|move: Trick Room
|
|-weather|SunnyDay|[upkeep]
|upkeep
|turn|5
|
|t:|1785871971
|move|p2a: Farigiraf|Protect|p2a: Farigiraf
|-singleturn|p2a: Farigiraf|Protect
|move|p1a: Farigiraf|Protect||[still]
|-fail|p1a: Farigiraf
|move|p2b: Garchomp|Earthquake|p1a: Farigiraf|[spread] p1a,p1b
|-activate|p2a: Farigiraf|move: Protect
|-supereffective|p1b: Kingambit|1
|-damage|p1a: Farigiraf|0 fnt
|-damage|p1b: Kingambit|11/100
|faint|p1a: Farigiraf
|-damage|p2b: Garchomp|41/100|[from] item: Life Orb
|move|p1b: Kingambit|Kowtow Cleave|p2a: Farigiraf
|-activate|p2a: Farigiraf|move: Protect
|
|-weather|none
|upkeep
|
|t:|1785871974
|switch|p1a: Crabominable|Crabominable, L50, M|100/100
|turn|6
|inactive|TheThunderstorm has 30 seconds left.
|
|t:|1785872007
|detailschange|p1a: Crabominable|Crabominable-Mega, L50, M
|-mega|p1a: Crabominable|Crabominable|Crabominite
|move|p2b: Garchomp|Earthquake|p1b: Kingambit|[spread] p2a,p1a,p1b
|-supereffective|p1b: Kingambit|1
|-damage|p2a: Farigiraf|34/100
|-damage|p1a: Crabominable|63/100
|-damage|p1b: Kingambit|0 fnt
|faint|p1b: Kingambit
|-damage|p2b: Garchomp|31/100|[from] item: Life Orb
|move|p2a: Farigiraf|Psychic|p1a: Crabominable
|-supereffective|p1a: Crabominable|1
|-damage|p1a: Crabominable|4/100
|move|p1a: Crabominable|Bulk Up|p1a: Crabominable
|-boost|p1a: Crabominable|atk|1
|-boost|p1a: Crabominable|def|1
|
|upkeep
|turn|7
|
|t:|1785872016
|move|p1a: Crabominable|Protect|p1a: Crabominable
|-singleturn|p1a: Crabominable|Protect
|move|p2b: Garchomp|Stomping Tantrum|p1a: Crabominable
|-activate|p1a: Crabominable|move: Protect
|move|p2a: Farigiraf|Psychic|p1a: Crabominable
|-activate|p1a: Crabominable|move: Protect
|
|upkeep
|turn|8
|-message|MiamiButcher forfeited.
|
|win|TheThunderstorm
|raw|MiamiButcher's rating: 1120 → 1091(-29 for losing)
|raw|TheThunderstorm's rating: 1063 → 1099(+36 for winning)
|l|☆MiamiButcher
|player|p1|
