|j|☆tatsugordo
|j|☆homerj71
|html|tatsugordohomerj71    
|uhtml|bestof|Game 2 of a best-of-3
|t:|1783102396
|gametype|doubles
|player|p1|tatsugordo|2|1158
|player|p2|homerj71|266|1151
|gen|9
|tier|[Gen 9 Champions] VGC 2026 Reg M-B (Bo3)
|rated|
|rule|Species Clause: Limit one of each Pokémon
|rule|Item Clause: Limit 1 of each item
|clearpoke
|poke|p1|Metagross, L50|
|poke|p1|Sneasler, L50, M|
|poke|p1|Samurott-Hisui, L50, F|
|poke|p1|Garchomp, L50, M|
|poke|p1|Sylveon, L50, M|
|poke|p1|Aerodactyl, L50, M|
|poke|p2|Delphox, L50, M|
|poke|p2|Sneasler, L50, F|
|poke|p2|Floette-Eternal, L50, F|
|poke|p2|Incineroar, L50, M|
|poke|p2|Kingambit, L50, M|
|poke|p2|Sinistcha, L50|
|teampreview|4
|showteam|p1|Metagross||Metagrossite|ClearBody|IronHead,PsychicFangs,Trailblaze,Protect|Jolly|||||50|]Sneasler||FocusSash|Unburden|CloseCombat,DireClaw,FakeOut,Coaching|Jolly||M|||50|]Samurott-Hisui||SitrusBerry|Sharpness|AquaCutter,NightSlash,SacredSword,Detect|Adamant||F|||50|]Garchomp||LifeOrb|RoughSkin|DragonClaw,StompingTantrum,RockSlide,Protect|Jolly||M|||50|]Sylveon||FairyFeather|Pixilate|HyperVoice,HyperBeam,QuickAttack,Protect|Modest||M|||50|]Aerodactyl||Aerodactylite|RockHead|RockSlide,DualWingbeat,IceFang,Tailwind|Jolly||M|||50|
|showteam|p2|Delphox||Delphoxite|Blaze|Protect,Psyshock,HeatWave,NastyPlot|Timid||M|||50|]Sneasler||FocusSash|PoisonTouch|QuickGuard,CloseCombat,FakeOut,DireClaw|Jolly||F|||50|]Floette-Eternal||Floettite|FlowerVeil|Protect,DazzlingGleam,CalmMind,Moonblast|Timid||F|||50|]Incineroar||SitrusBerry|Intimidate|ThroatChop,FlareBlitz,PartingShot,FakeOut|Impish||M|||50|]Kingambit||BlackGlasses|Defiant|Protect,KowtowCleave,SuckerPunch,SwordsDance|Adamant||M|||50|]Sinistcha||KasibBerry|Hospitality|Protect,TrickRoom,MatchaGotcha,RagePowder|Relaxed|||||50|
|inactive|Battle timer is ON: inactive players will automatically lose when time's up. (requested by homerj71)
|
|t:|1783102426
|teamsize|p1|4
|teamsize|p2|4
|start
|switch|p1a: Sneasler|Sneasler, L50, M|100/100
|switch|p1b: Sylveon|Sylveon, L50, M|100/100
|switch|p2a: Floette|Floette-Eternal, L50, F|100/100
|switch|p2b: Incineroar|Incineroar, L50, M|100/100
|-ability|p2b: Incineroar|Intimidate|boost
|-unboost|p1a: Sneasler|atk|1
|-unboost|p1b: Sylveon|atk|1
|turn|1
|inactive|homerj71 has 30 seconds left.
|
|t:|1783102452
|move|p2a: Floette|Protect|p2a: Floette
|-singleturn|p2a: Floette|Protect
|move|p1a: Sneasler|Fake Out|p2b: Incineroar
|-damage|p2b: Incineroar|93/100
|move|p1b: Sylveon|Hyper Voice|p2a: Floette|[spread] p2b
|-activate|p2a: Floette|move: Protect
|-damage|p2b: Incineroar|50/100g
|cant|p2b: Incineroar|flinch
|
|upkeep
|turn|2
|
|t:|1783102473
|switch|p2a: Sinistcha|Sinistcha, L50|100/100
|-heal|p2b: Incineroar|75/100|[from] ability: Hospitality|[of] p2a: Sinistcha
|move|p1a: Sneasler|Dire Claw|p2a: Sinistcha
|-damage|p2a: Sinistcha|79/100
|move|p1b: Sylveon|Hyper Voice|p2a: Sinistcha|[spread] p2a,p2b
|-damage|p2a: Sinistcha|28/100
|-damage|p2b: Incineroar|32/100
|-enditem|p2b: Incineroar|Sitrus Berry|[eat]
|-heal|p2b: Incineroar|56/100|[from] item: Sitrus Berry
|move|p2b: Incineroar|Parting Shot|p1b: Sylveon
|-unboost|p1b: Sylveon|atk|1
|-unboost|p1b: Sylveon|spa|1
|
|t:|1783102485
|switch|p2b: Floette|Floette-Eternal, L50, F|100/100|[from] Parting Shot
|
|upkeep
|turn|3
|
|t:|1783102498
|switch|p2a: Incineroar|Incineroar, L50, M|56/100
|-ability|p2a: Incineroar|Intimidate|boost
|-unboost|p1a: Sneasler|atk|1
|-unboost|p1b: Sylveon|atk|1
|detailschange|p2b: Floette|Floette-Mega, L50, F
|-mega|p2b: Floette|Floette|Floettite
|-ability|p2b: Floette|Fairy Aura
|move|p2b: Floette|Protect|p2b: Floette
|-singleturn|p2b: Floette|Protect
|move|p1a: Sneasler|Dire Claw|p2a: Incineroar
|-damage|p2a: Incineroar|40/100
|-status|p2a: Incineroar|par
|move|p1b: Sylveon|Hyper Voice|p2b: Floette|[spread] p2a
|-activate|p2b: Floette|move: Protect
|-damage|p2a: Incineroar|6/100 par
|
|upkeep
|turn|4
|inactive|tatsugordo has 30 seconds left.
|inactive|tatsugordo has 20 seconds left.
|
|t:|1783102534
|move|p2a: Incineroar|Fake Out|p1b: Sylveon
|-damage|p1b: Sylveon|88/100
|move|p1a: Sneasler|Dire Claw|p2b: Floette
|-supereffective|p2b: Floette|1
|-damage|p2b: Floette|57/100
|move|p2b: Floette|Calm Mind|p2b: Floette
|-boost|p2b: Floette|spa|1
|-boost|p2b: Floette|spd|1
|cant|p1b: Sylveon|flinch
|
|upkeep
|turn|5
|
|t:|1783102552
|move|p2b: Floette|Protect|p2b: Floette
|-singleturn|p2b: Floette|Protect
|move|p1a: Sneasler|Dire Claw|p2b: Floette
|-activate|p2b: Floette|move: Protect
|move|p1b: Sylveon|Hyper Voice|p2b: Floette|[spread] p2a
|-activate|p2b: Floette|move: Protect
|-damage|p2a: Incineroar|0 fnt
|faint|p2a: Incineroar
|
|upkeep
|
|t:|1783102558
|switch|p2a: Sinistcha|Sinistcha, L50|28/100
|-heal|p2b: Floette|81/100|[from] ability: Hospitality|[of] p2a: Sinistcha
|turn|6
|
|t:|1783102571
|switch|p1a: Samurott|Samurott-Hisui, L50, F|100/100
|move|p1b: Sylveon|Protect|p1b: Sylveon
|-singleturn|p1b: Sylveon|Protect
|move|p2a: Sinistcha|Rage Powder|p2a: Sinistcha
|-singleturn|p2a: Sinistcha|move: Rage Powder
|move|p2b: Floette|Dazzling Gleam|p1b: Sylveon|[spread] p1a
|-activate|p1b: Sylveon|move: Protect
|-supereffective|p1a: Samurott|1
|-damage|p1a: Samurott|0 fnt
|faint|p1a: Samurott
|
|upkeep
|
|t:|1783102582
|switch|p1a: Sneasler|Sneasler, L50, M|100/100
|turn|7
|
|t:|1783102593
|move|p2b: Floette|Protect|p2b: Floette
|-singleturn|p2b: Floette|Protect
|move|p2a: Sinistcha|Protect|p2a: Sinistcha
|-singleturn|p2a: Sinistcha|Protect
|move|p1a: Sneasler|Fake Out|p2b: Floette
|-activate|p2b: Floette|move: Protect
|move|p1b: Sylveon|Hyper Voice|p2b: Floette|[spread] 
|-activate|p2a: Sinistcha|move: Protect
|-activate|p2b: Floette|move: Protect
|
|upkeep
|turn|8
|
|t:|1783102612
|move|p2a: Sinistcha|Rage Powder|p2a: Sinistcha
|-singleturn|p2a: Sinistcha|move: Rage Powder
|move|p1a: Sneasler|Dire Claw|p2a: Sinistcha
|-damage|p2a: Sinistcha|0 fnt
|faint|p2a: Sinistcha
|move|p2b: Floette|Dazzling Gleam|p1b: Sylveon|[spread] p1a,p1b
|-damage|p1a: Sneasler|14/100
|-damage|p1b: Sylveon|40/100
|move|p1b: Sylveon|Hyper Voice|p2b: Floette
|-damage|p2b: Floette|49/100
|
|upkeep
|
|t:|1783102623
|switch|p2a: Sneasler|Sneasler, L50, F|100/100
|turn|9
|
|t:|1783102632
|move|p1b: Sylveon|Protect|p1b: Sylveon
|-singleturn|p1b: Sylveon|Protect
|move|p2a: Sneasler|Fake Out|p1a: Sneasler
|-crit|p1a: Sneasler
|-damage|p1a: Sneasler|0 fnt
|faint|p1a: Sneasler
|move|p2b: Floette|Dazzling Gleam|p1b: Sylveon
|-activate|p1b: Sylveon|move: Protect
|
|upkeep
|
|t:|1783102640
|switch|p1a: Aerodactyl|Aerodactyl, L50, M|100/100
|turn|10
|
|t:|1783102663
|detailschange|p1a: Aerodactyl|Aerodactyl-Mega, L50, M
|-mega|p1a: Aerodactyl|Aerodactyl|Aerodactylite
|move|p1a: Aerodactyl|Dual Wingbeat|p2a: Sneasler
|-supereffective|p2a: Sneasler|1
|-damage|p2a: Sneasler|11/100
|-supereffective|p2a: Sneasler|1
|-crit|p2a: Sneasler
|-damage|p2a: Sneasler|0 fnt
|faint|p2a: Sneasler
|-hitcount|p2: Sneasler|2
|move|p2b: Floette|Dazzling Gleam|p1a: Aerodactyl|[spread] p1a,p1b
|-crit|p1b: Sylveon
|-damage|p1a: Aerodactyl|33/100
|-damage|p1b: Sylveon|0 fnt
|faint|p1b: Sylveon
|
|upkeep
|turn|11
|
|t:|1783102677
|move|p1a: Aerodactyl|Dual Wingbeat|p2b: Floette
|-damage|p2b: Floette|24/100
|-damage|p2b: Floette|0 fnt
|faint|p2b: Floette
|-hitcount|p2: Floette|2
|
|win|tatsugordo
