|j|☆Data.log V.S!
|j|☆Perhaps Perish?
|html|Data.log V.S!Perhaps Perish?    
|uhtml|bestof|Game 1 of a best-of-3
|t:|1756602274
|gametype|doubles
|player|p1|Data.log V.S!|nurse|
|player|p2|Perhaps Perish?|steven|
|gen|9
|tier|[Gen 9] VGC 2025 Reg H (Bo3)
|rule|Species Clause: Limit one of each Pokémon
|rule|Item Clause: Limit 1 of each item
|clearpoke
|poke|p1|Dragonite, L50, M|
|poke|p1|Rillaboom, L50, M|
|poke|p1|Sneasler, L50, F|
|poke|p1|Volcarona, L50, M|
|poke|p1|Electabuzz, L50, M|
|poke|p1|Kingambit, L50, M|
|poke|p2|Grimmsnarl, L50, M|
|poke|p2|Greninja-*, L50, F|
|poke|p2|Archaludon, L50, M|
|poke|p2|Sinistcha, L50|
|poke|p2|Pelipper, L50, M|
|poke|p2|Annihilape, L50, M|
|teampreview|4
|showteam|p1|Dragonite||LoadedDice|Multiscale|ScaleShot,ExtremeSpeed,Haze,Protect|||M|||50|,,,,,Fairy]Rillaboom||AssaultVest|GrassySurge|WoodHammer,GrassyGlide,FakeOut,Uturn|||M|||50|,,,,,Fire]Sneasler||FocusSash|Unburden|CloseCombat,Coaching,DireClaw,FakeOut|||F|||50|,,,,,Stellar]Volcarona||GrassySeed|FlameBody|HeatWave,QuiverDance,GigaDrain,Protect|||M|||50|,,,,,Grass]Electabuzz||Eviolite|VitalSpirit|Thunderbolt,Taunt,FollowMe,Protect|||M|||50|,,,,,Ghost]Kingambit||SafetyGoggles|Defiant|KowtowCleave,SuckerPunch,SwordsDance,Protect|||M|||50|,,,,,Dark
|showteam|p2|Grimmsnarl||LightClay|Prankster|Reflect,LightScreen,SpiritBreak,MistyTerrain|||M|||50|,,,,,Ghost]Greninja||LoadedDice|Torrent|WaterShuriken,DarkPulse,Haze,Taunt|||F|||50|,,,,,Ghost]Archaludon||AssaultVest|Stamina|ElectroShot,DragonPulse,Snarl,BodyPress|||M|||50|,,,,,Grass]Sinistcha||SitrusBerry|Hospitality|LifeDew,TrickRoom,RagePowder,MatchaGotcha||||||50|,,,,,Water]Pelipper||CovertCloak|Drizzle|WeatherBall,Hurricane,WideGuard,Protect|||M|||50|,,,,,Grass]Annihilape||ChoiceScarf|Defiant|FinalGambit,CloseCombat,RageFist,Uturn|||M|||50|,,,,,Grass
|
|t:|1756602326
|teamsize|p1|4
|teamsize|p2|4
|start
|switch|p1a: Sinatra|Volcarona, L50, M|100/100
|switch|p1b: Michael|Electabuzz, L50, M|100/100
|switch|p2a: good pokemon|Greninja, L50, F, shiny|100/100
|switch|p2b: Bridge/Stapeler?|Archaludon, L50, M, shiny|100/100
|turn|1
|
|t:|1756602345
|move|p1b: Michael|Follow Me|p1b: Michael
|-singleturn|p1b: Michael|move: Follow Me
|move|p2a: good pokemon|Taunt|p1b: Michael
|-start|p1b: Michael|move: Taunt
|move|p1a: Sinatra|Quiver Dance|p1a: Sinatra
|-boost|p1a: Sinatra|spa|1
|-boost|p1a: Sinatra|spd|1
|-boost|p1a: Sinatra|spe|1
|move|p2b: Bridge/Stapeler?|Snarl|p1b: Michael|[spread] p1a,p1b
|-damage|p1a: Sinatra|93/100
|-damage|p1b: Michael|91/100
|-unboost|p1a: Sinatra|spa|1
|-unboost|p1b: Michael|spa|1
|
|upkeep
|turn|2
|
|t:|1756602378
|switch|p1b: Harambe|Rillaboom, L50, M|100/100
|-fieldstart|move: Grassy Terrain|[from] ability: Grassy Surge|[of] p1b: Harambe
|-enditem|p1a: Sinatra|Grassy Seed
|-boost|p1a: Sinatra|def|1|[from] item: Grassy Seed
|-terastallize|p1a: Sinatra|Grass
|move|p1a: Sinatra|Giga Drain|p2a: good pokemon
|-supereffective|p2a: good pokemon
|-damage|p2a: good pokemon|0 fnt
|-heal|p1a: Sinatra|100/100|[from] drain|[of] p2a: good pokemon
|faint|p2a: good pokemon
|move|p2b: Bridge/Stapeler?|Dragon Pulse|p1a: Sinatra
|-damage|p1a: Sinatra|77/100
|
|-heal|p1a: Sinatra|83/100|[from] Grassy Terrain
|upkeep
|
|t:|1756602389
|switch|p2a: Inflated Toucan|Pelipper, L50, M, shiny|100/100
|-weather|RainDance|[from] ability: Drizzle|[of] p2a: Inflated Toucan
|turn|3
|
|t:|1756602410
|move|p2a: Inflated Toucan|Protect|p2a: Inflated Toucan
|-singleturn|p2a: Inflated Toucan|Protect
|move|p1b: Harambe|Fake Out|p2a: Inflated Toucan
|-activate|p2a: Inflated Toucan|move: Protect
|move|p1a: Sinatra|Quiver Dance|p1a: Sinatra
|-boost|p1a: Sinatra|spa|1
|-boost|p1a: Sinatra|spd|1
|-boost|p1a: Sinatra|spe|1
|move|p2b: Bridge/Stapeler?|Snarl|p1a: Sinatra|[spread] p1a,p1b
|-crit|p1a: Sinatra
|-damage|p1a: Sinatra|66/100
|-damage|p1b: Harambe|90/100
|-unboost|p1a: Sinatra|spa|1
|-unboost|p1b: Harambe|spa|1
|
|-weather|RainDance|[upkeep]
|-heal|p1a: Sinatra|73/100|[from] Grassy Terrain
|-heal|p1b: Harambe|97/100|[from] Grassy Terrain
|upkeep
|turn|4
|
|t:|1756602434
|-terastallize|p2a: Inflated Toucan|Grass
|move|p1a: Sinatra|Giga Drain|p2b: Bridge/Stapeler?
|-resisted|p2b: Bridge/Stapeler?
|-damage|p2b: Bridge/Stapeler?|92/100
|-heal|p1a: Sinatra|77/100|[from] drain|[of] p2b: Bridge/Stapeler?
|-ability|p2b: Bridge/Stapeler?|Stamina|boost
|-boost|p2b: Bridge/Stapeler?|def|1
|move|p1b: Harambe|U-turn|p2a: Inflated Toucan
|-supereffective|p2a: Inflated Toucan
|-damage|p2a: Inflated Toucan|34/100
|
|t:|1756602454
|switch|p1b: Noxia|Sneasler, L50, F|100/100|[from] U-turn
|move|p2a: Inflated Toucan|Hurricane|p1a: Sinatra
|-supereffective|p1a: Sinatra
|-damage|p1a: Sinatra|28/100
|move|p2b: Bridge/Stapeler?|Body Press|p1a: Sinatra
|-damage|p1a: Sinatra|0 fnt
|faint|p1a: Sinatra
|
|-weather|RainDance|[upkeep]
|-heal|p2a: Inflated Toucan|40/100|[from] Grassy Terrain
|-heal|p2b: Bridge/Stapeler?|98/100|[from] Grassy Terrain
|upkeep
|
|t:|1756602464
|switch|p1a: Harambe|Rillaboom, L50, M|97/100
|turn|5
|
|t:|1756602494
|move|p1a: Harambe|Fake Out|p2b: Bridge/Stapeler?
|-resisted|p2b: Bridge/Stapeler?
|-damage|p2b: Bridge/Stapeler?|95/100
|-ability|p2b: Bridge/Stapeler?|Stamina|boost
|-boost|p2b: Bridge/Stapeler?|def|1
|move|p1b: Noxia|Close Combat|p2b: Bridge/Stapeler?
|-supereffective|p2b: Bridge/Stapeler?
|-damage|p2b: Bridge/Stapeler?|46/100
|-unboost|p1b: Noxia|def|1
|-unboost|p1b: Noxia|spd|1
|-ability|p2b: Bridge/Stapeler?|Stamina|boost
|-boost|p2b: Bridge/Stapeler?|def|1
|move|p2a: Inflated Toucan|Hurricane|p1a: Harambe
|-supereffective|p1a: Harambe
|-damage|p1a: Harambe|19/100
|cant|p2b: Bridge/Stapeler?|flinch
|
|-weather|RainDance|[upkeep]
|-heal|p1a: Harambe|25/100|[from] Grassy Terrain
|-heal|p2a: Inflated Toucan|46/100|[from] Grassy Terrain
|-heal|p2b: Bridge/Stapeler?|52/100|[from] Grassy Terrain
|upkeep
|turn|6
|
|t:|1756602536
|switch|p2a: cupa|Sinistcha, L50|100/100
|-heal|p2b: Bridge/Stapeler?|77/100|[from] ability: Hospitality|[of] p2a: cupa
|move|p1b: Noxia|Close Combat|p2b: Bridge/Stapeler?
|-supereffective|p2b: Bridge/Stapeler?
|-damage|p2b: Bridge/Stapeler?|44/100
|-unboost|p1b: Noxia|def|1
|-unboost|p1b: Noxia|spd|1
|-ability|p2b: Bridge/Stapeler?|Stamina|boost
|-boost|p2b: Bridge/Stapeler?|def|1
|move|p1a: Harambe|U-turn|p2a: cupa
|-damage|p2a: cupa|77/100
|
|t:|1756602544
|switch|p1a: Michael|Electabuzz, L50, M|91/100|[from] U-turn
|move|p2b: Bridge/Stapeler?|Electro Shot||[still]
|-prepare|p2b: Bridge/Stapeler?|Electro Shot
|-boost|p2b: Bridge/Stapeler?|spa|1
|-anim|p2b: Bridge/Stapeler?|Electro Shot|p1b: Noxia
|-enditem|p1b: Noxia|Focus Sash
|-damage|p1b: Noxia|1/100
|
|-weather|RainDance|[upkeep]
|-heal|p1b: Noxia|7/100|[from] Grassy Terrain
|-heal|p1a: Michael|96/100|[from] Grassy Terrain
|-heal|p2b: Bridge/Stapeler?|50/100|[from] Grassy Terrain
|-heal|p2a: cupa|83/100|[from] Grassy Terrain
|-fieldend|move: Grassy Terrain
|upkeep
|turn|7
|
|t:|1756602568
|move|p1b: Noxia|Close Combat|p2b: Bridge/Stapeler?
|-supereffective|p2b: Bridge/Stapeler?
|-damage|p2b: Bridge/Stapeler?|18/100
|-unboost|p1b: Noxia|def|1
|-unboost|p1b: Noxia|spd|1
|-ability|p2b: Bridge/Stapeler?|Stamina|boost
|-boost|p2b: Bridge/Stapeler?|def|1
|move|p1a: Michael|Taunt|p2a: cupa
|-start|p2a: cupa|move: Taunt
|move|p2b: Bridge/Stapeler?|Body Press|p1a: Michael
|-damage|p1a: Michael|36/100
|move|p2a: cupa|Matcha Gotcha|p1b: Noxia|[spread] p1a,p1b
|-resisted|p1b: Noxia
|-damage|p1a: Michael|18/100
|-heal|p2a: cupa|92/100|[from] drain|[of] p1a: Michael
|-damage|p1b: Noxia|0 fnt
|-heal|p2a: cupa|95/100|[from] drain|[of] p1b: Noxia
|faint|p1b: Noxia
|
|-weather|none
|upkeep
|
|t:|1756602572
|switch|p1b: Harambe|Rillaboom, L50, M|25/100
|-fieldstart|move: Grassy Terrain|[from] ability: Grassy Surge|[of] p1b: Harambe
|turn|8
|
|t:|1756602579
|move|p1a: Michael|Thunderbolt|p2b: Bridge/Stapeler?
|-resisted|p2b: Bridge/Stapeler?
|-damage|p2b: Bridge/Stapeler?|9/100
|-ability|p2b: Bridge/Stapeler?|Stamina|boost
|-boost|p2b: Bridge/Stapeler?|def|1
|move|p1b: Harambe|Wood Hammer|p2b: Bridge/Stapeler?
|-resisted|p2b: Bridge/Stapeler?
|-damage|p2b: Bridge/Stapeler?|5/100
|-damage|p1b: Harambe|24/100|[from] Recoil
|move|p2b: Bridge/Stapeler?|Body Press|p1b: Harambe
|-damage|p1b: Harambe|0 fnt
|faint|p1b: Harambe
|move|p2a: cupa|Matcha Gotcha|p1a: Michael
|-crit|p1a: Michael
|-damage|p1a: Michael|0 fnt
|-heal|p2a: cupa|100/100|[from] drain|[of] p1a: Michael
|faint|p1a: Michael
|
|win|Perhaps Perish?
||Data.log V.S! is ready for game 2.
||Perhaps Perish? is ready for game 2.
|uhtml|next|Next: Game 2 of 3
