|j|☆Delacruso
|j|☆M1NuM-
|html|DelacrusoM1NuM-    
|uhtml|bestof|Game 1 of a best-of-3
|t:|1783152319
|gametype|doubles
|player|p1|Delacruso|red|1085
|player|p2|M1NuM-|wallace|1247
|gen|9
|tier|[Gen 9 Champions] VGC 2026 Reg M-B (Bo3)
|rated|
|rule|Species Clause: Limit one of each Pokémon
|rule|Item Clause: Limit 1 of each item
|clearpoke
|poke|p1|Charizard, L50, M, shiny|
|poke|p1|Garchomp, L50, M, shiny|
|poke|p1|Kingambit, L50, M, shiny|
|poke|p1|Sylveon, L50, M|
|poke|p1|Whimsicott, L50, M, shiny|
|poke|p1|Basculegion, L50, M, shiny|
|poke|p2|Aerodactyl, L50, M|
|poke|p2|Venusaur, L50, M|
|poke|p2|Kingambit, L50, F|
|poke|p2|Basculegion, L50, M|
|poke|p2|Whimsicott, L50, F|
|poke|p2|Vivillon-Pokeball, L50, M|
|teampreview|4
|showteam|p1|Charizard||CharizarditeY|SolarPower|HeatWave,SolarBeam,ScorchingSands,Protect|Modest||M|||50|]Garchomp||LifeOrb|RoughSkin|Earthquake,DragonClaw,RockSlide,Protect|Jolly||M|||50|]Kingambit||BlackGlasses|Defiant|SuckerPunch,KowtowCleave,Protect,IronHead|Adamant||M|||50|]Sylveon||FairyFeather|Pixilate|HyperVoice,QuickAttack,HyperBeam,Protect|Modest||M|||50|]Whimsicott||FocusSash|Prankster|Moonblast,Tailwind,Encore,SunnyDay|Timid||M|||50|]Basculegion||ChoiceScarf|Adaptability|LastRespects,AquaJet,WaveCrash,FlipTurn|Jolly||M|||50|
|showteam|p2|Aerodactyl||Aerodactylite|Unnerve|RockSlide,DualWingbeat,Tailwind,Protect|Jolly||M|||50|]Venusaur||Venusaurite|Chlorophyll|EarthPower,SludgeBomb,GigaDrain,Protect|Modest||M|||50|]Kingambit||ChopleBerry|Defiant|KowtowCleave,LowKick,SuckerPunch,Protect|Adamant||F|||50|]Basculegion||LifeOrb|Adaptability|LastRespects,AquaJet,WaveCrash,Protect|Adamant||M|||50|]Whimsicott||MentalHerb|Prankster|Encore,Tailwind,Moonblast,Protect|Bold||F|||50|]Vivillon-Pokeball||FocusSash|CompoundEyes|SleepPowder,LightScreen,PollenPuff,Protect|Timid||M|||50|
|inactive|Battle timer is ON: inactive players will automatically lose when time's up. (requested by Delacruso)
|inactive|M1NuM- also wants the timer to be on.
|inactive|Delacruso has 60 seconds left.
|
|t:|1783152372
|teamsize|p1|4
|teamsize|p2|4
|start
|switch|p1a: Garchomp|Garchomp, L50, M, shiny|100/100
|switch|p1b: Sylveon|Sylveon, L50, M|100/100
|switch|p2a: Venusaur|Venusaur, L50, M|100/100
|switch|p2b: Whimsicott|Whimsicott, L50, F|100/100
|turn|1
|
|t:|1783152396
|switch|p1a: Charizard|Charizard, L50, M, shiny|100/100
|detailschange|p2a: Venusaur|Venusaur-Mega, L50, M
|-mega|p2a: Venusaur|Venusaur|Venusaurite
|move|p2b: Whimsicott|Moonblast|p1b: Sylveon
|-damage|p1b: Sylveon|77/100
|-unboost|p1b: Sylveon|spa|1
|move|p2a: Venusaur|Sludge Bomb|p1b: Sylveon
|-supereffective|p1b: Sylveon|1
|-damage|p1b: Sylveon|2/100
|move|p1b: Sylveon|Hyper Voice|p2b: Whimsicott|[spread] p2a,p2b
|-resisted|p2a: Venusaur|1
|-damage|p2a: Venusaur|88/100
|-damage|p2b: Whimsicott|61/100
|
|upkeep
|turn|2
|inactive|Delacruso has 30 seconds left.
|
|t:|1783152422
|switch|p1b: Garchomp|Garchomp, L50, M, shiny|100/100
|detailschange|p1a: Charizard|Charizard-Mega-Y, L50, M, shiny
|-mega|p1a: Charizard|Charizard|Charizardite Y
|-weather|SunnyDay|[from] ability: Drought|[of] p1a: Charizard
|move|p2b: Whimsicott|Tailwind|p2b: Whimsicott
|-sidestart|p2: M1NuM-|move: Tailwind
|move|p2a: Venusaur|Sludge Bomb|p1a: Charizard
|-damage|p1a: Charizard|54/100
|move|p1a: Charizard|Heat Wave|p2a: Venusaur|[spread] p2a
|-miss|p1a: Charizard|p2b: Whimsicott
|-supereffective|p2a: Venusaur|1
|-damage|p2a: Venusaur|33/100
|
|-weather|SunnyDay|[upkeep]
|upkeep
|turn|3
|inactive|Delacruso has 30 seconds left.
|
|t:|1783152452
|move|p2b: Whimsicott|Moonblast|p1b: Garchomp
|-supereffective|p1b: Garchomp|1
|-damage|p1b: Garchomp|40/100
|move|p2a: Venusaur|Giga Drain|p1b: Garchomp
|-damage|p1b: Garchomp|0 fnt
|-heal|p2a: Venusaur|53/100|[from] drain|[of] p1b: Garchomp
|faint|p1b: Garchomp
|move|p1a: Charizard|Heat Wave|p2a: Venusaur|[spread] p2a,p2b
|-supereffective|p2a: Venusaur|1
|-crit|p2a: Venusaur
|-supereffective|p2b: Whimsicott|1
|-damage|p2a: Venusaur|0 fnt
|-damage|p2b: Whimsicott|0 fnt
|faint|p2a: Venusaur
|faint|p2b: Whimsicott
|
|-weather|SunnyDay|[upkeep]
|upkeep
|
|t:|1783152469
|switch|p1b: Basculegion|Basculegion, L50, M, shiny|100/100
|switch|p2b: Basculegion|Basculegion, L50, M|100/100
|switch|p2a: Aerodactyl|Aerodactyl, L50, M|100/100
|-ability|p2a: Aerodactyl|Unnerve
|turn|4
|
|t:|1783152491
|move|p1a: Charizard|Protect|p1a: Charizard
|-singleturn|p1a: Charizard|Protect
|move|p2a: Aerodactyl|Rock Slide|p1a: Charizard|[spread] p1b
|-activate|p1a: Charizard|move: Protect
|-damage|p1b: Basculegion|66/100
|move|p2b: Basculegion|Last Respects|p1b: Basculegion
|-supereffective|p1b: Basculegion|1
|-damage|p1b: Basculegion|0 fnt
|faint|p1b: Basculegion
|-damage|p2b: Basculegion|90/100|[from] item: Life Orb
|
|-weather|SunnyDay|[upkeep]
|upkeep
|
|t:|1783152502
|switch|p1b: Sylveon|Sylveon, L50, M|2/100
|turn|5
|
|t:|1783152518
|move|p2a: Aerodactyl|Rock Slide|p1b: Sylveon|[spread] p1a,p1b
|-supereffective|p1a: Charizard|2
|-damage|p1a: Charizard|0 fnt
|-damage|p1b: Sylveon|0 fnt
|faint|p1a: Charizard
|faint|p1b: Sylveon
|
|win|M1NuM-
