|j|☆Rockslap
|j|☆RayGarraty47
|html|RockslapRayGarraty47    
|uhtml|bestof|Game 1 of a best-of-3
|t:|1756420894
|gametype|doubles
|player|p1|Rockslap|170|1218
|player|p2|RayGarraty47|169|1216
|gen|9
|tier|[Gen 9] VGC 2025 Reg H (Bo3)
|rated|
|rule|Species Clause: Limit one of each Pokémon
|rule|Item Clause: Limit 1 of each item
|clearpoke
|poke|p1|Kommo-o, L50, M|
|poke|p1|Golduck, L50, F|
|poke|p1|Incineroar, L50, F|
|poke|p1|Rillaboom, L50, F|
|poke|p1|Volcarona, L50, F|
|poke|p1|Amoonguss, L50, M|
|poke|p2|Ursaluna, L50, M|
|poke|p2|Gholdengo, L50|
|poke|p2|Incineroar, L50, F|
|poke|p2|Amoonguss, L50, F|
|poke|p2|Porygon2, L50|
|poke|p2|Hydreigon, L50, F|
|teampreview|4
|showteam|p1|Kommo-o||ThroatSpray|Soundproof|ClangingScales,FlashCannon,ClangorousSoul,Protect|||M|||50|,,,,,Steel]Golduck||CovertCloak|CloudNine|Encore,IcyWind,Taunt,SimpleBeam|||F|||50|,,,,,Ghost]Incineroar||SafetyGoggles|Intimidate|FakeOut,KnockOff,PartingShot,FlareBlitz|||F|||50|,,,,,Bug]Rillaboom||AssaultVest|GrassySurge|FakeOut,WoodHammer,GrassyGlide,HighHorsepower|||F|||50|,,,,,Water]Volcarona||SitrusBerry|FlameBody|QuiverDance,HeatWave,GigaDrain,Protect|||F|||50|,,,,,Grass]Amoonguss||RockyHelmet|Regenerator|PollenPuff,RagePowder,ClearSmog,Spore|||M|||50|,,,,,Water
|showteam|p2|Ursaluna||FlameOrb|Guts|Facade,HeadlongRush,Earthquake,Protect|||M|||50|,,,,,Ghost]Gholdengo||IronPlate|GoodasGold|MakeItRain,ShadowBall,NastyPlot,Protect||||||50|,,,,,Water]Incineroar||SitrusBerry|Intimidate|FlareBlitz,KnockOff,FakeOut,PartingShot|||F|||50|,,,,,Ghost]Amoonguss||CovertCloak|Regenerator|Spore,RagePowder,PollenPuff,Protect|||F|||50|,,,,,Psychic]Porygon2||Eviolite|Download|TeraBlast,IceBeam,Recover,TrickRoom||||||50|,,,,,Fighting]Hydreigon||SafetyGoggles|Levitate|DracoMeteor,Snarl,Tailwind,Protect|||F|||50|,,,,,Ghost
|inactive|Battle timer is ON: inactive players will automatically lose when time's up. (requested by RayGarraty47)
|inactive|Rockslap has 60 seconds left.
|inactive|RayGarraty47 has 60 seconds left.
|
|t:|1756420940
|teamsize|p1|4
|teamsize|p2|4
|start
|switch|p1a: Golduck|Golduck, L50, F|100/100
|switch|p1b: Volcarona|Volcarona, L50, F|100/100
|switch|p2a: Hydreigon|Hydreigon, L50, F|100/100
|switch|p2b: Incineroar|Incineroar, L50, F|100/100
|-ability|p1a: Golduck|Cloud Nine
|-ability|p2b: Incineroar|Intimidate|boost
|-unboost|p1a: Golduck|atk|1
|-unboost|p1b: Volcarona|atk|1
|turn|1
|
|t:|1756420969
|switch|p1b: Kommo-o|Kommo-o, L50, M, shiny|100/100
|move|p2a: Hydreigon|Tailwind|p2a: Hydreigon
|-sidestart|p2: RayGarraty47|move: Tailwind
|move|p2b: Incineroar|Flare Blitz|p1b: Kommo-o
|-resisted|p1b: Kommo-o
|-damage|p1b: Kommo-o|77/100
|-damage|p2b: Incineroar|94/100|[from] Recoil
|move|p1a: Golduck|Encore|p2a: Hydreigon
|-start|p2a: Hydreigon|Encore
|
|upkeep
|turn|2
|
|t:|1756420986
|switch|p2a: Amoonguss|Amoonguss, L50, F|100/100
|move|p2b: Incineroar|Knock Off|p1b: Kommo-o
|-resisted|p1b: Kommo-o
|-damage|p1b: Kommo-o|55/100
|-enditem|p1b: Kommo-o|Throat Spray|[from] move: Knock Off|[of] p2b: Incineroar
|move|p1a: Golduck|Simple Beam|p1b: Kommo-o
|-ability|p1b: Kommo-o|Simple|Soundproof|[from] move: Simple Beam
|move|p1b: Kommo-o|Clangorous Soul|p1b: Kommo-o
|-boost|p1b: Kommo-o|atk|2
|-boost|p1b: Kommo-o|def|2
|-boost|p1b: Kommo-o|spa|2
|-boost|p1b: Kommo-o|spd|2
|-boost|p1b: Kommo-o|spe|2
|-damage|p1b: Kommo-o|22/100
|
|upkeep
|turn|3
|
|t:|1756421011
|move|p2a: Amoonguss|Protect|p2a: Amoonguss
|-singleturn|p2a: Amoonguss|Protect
|move|p1b: Kommo-o|Clanging Scales|p2b: Incineroar|[spread] p2b
|-activate|p2a: Amoonguss|move: Protect
|-damage|p2b: Incineroar|15/100
|-enditem|p2b: Incineroar|Sitrus Berry|[eat]
|-heal|p2b: Incineroar|40/100|[from] item: Sitrus Berry
|-unboost|p1b: Kommo-o|def|2
|move|p2b: Incineroar|Parting Shot|p1b: Kommo-o
|-unboost|p1b: Kommo-o|atk|2
|-unboost|p1b: Kommo-o|spa|2
|
|t:|1756421028
|switch|p2b: Hydreigon|Hydreigon, L50, F|100/100|[from] Parting Shot
|move|p1a: Golduck|Taunt|p2a: Amoonguss
|-activate|p2a: Amoonguss|move: Protect
|
|upkeep
|turn|4
|inactive|RayGarraty47 has 30 seconds left.
|
|t:|1756421054
|switch|p2a: Incineroar|Incineroar, L50, F|40/100
|-ability|p2a: Incineroar|Intimidate|boost
|-unboost|p1a: Golduck|atk|1
|-unboost|p1b: Kommo-o|atk|2
|move|p1b: Kommo-o|Protect|p1b: Kommo-o
|-singleturn|p1b: Kommo-o|Protect
|move|p2b: Hydreigon|Draco Meteor|p1b: Kommo-o
|-activate|p1b: Kommo-o|move: Protect
|move|p1a: Golduck|Taunt|p2a: Incineroar
|-start|p2a: Incineroar|move: Taunt
|
|-sideend|p2: RayGarraty47|move: Tailwind
|upkeep
|turn|5
|
|t:|1756421076
|move|p2a: Incineroar|Fake Out|p1b: Kommo-o
|-damage|p1b: Kommo-o|10/100
|cant|p1b: Kommo-o|flinch
|move|p2b: Hydreigon|Snarl|p1a: Golduck|[spread] p1a,p1b
|-resisted|p1b: Kommo-o
|-damage|p1a: Golduck|78/100
|-damage|p1b: Kommo-o|5/100
|-unboost|p1b: Kommo-o|spa|2
|move|p1a: Golduck|Encore|p2b: Hydreigon
|-start|p2b: Hydreigon|Encore
|
|upkeep
|turn|6
|inactive|RayGarraty47 has 30 seconds left.
|
|t:|1756421105
|move|p1b: Kommo-o|Clanging Scales|p2b: Hydreigon|[spread] p2a,p2b
|-supereffective|p2b: Hydreigon
|-damage|p2a: Incineroar|20/100
|-damage|p2b: Hydreigon|60/100
|-unboost|p1b: Kommo-o|def|2
|move|p2b: Hydreigon|Snarl|p1a: Golduck|[spread] p1a,p1b
|-resisted|p1b: Kommo-o
|-damage|p1a: Golduck|53/100
|-damage|p1b: Kommo-o|0 fnt
|faint|p1b: Kommo-o
|move|p1a: Golduck|Encore|p2a: Incineroar
|-start|p2a: Incineroar|Encore
|move|p2a: Incineroar|Fake Out||[still]
|-hint|Fake Out only works on your first turn out.
|-fail|p2a: Incineroar
|
|-end|p2a: Incineroar|move: Taunt
|upkeep
|
|t:|1756421117
|switch|p1b: Volcarona|Volcarona, L50, F|100/100
|turn|7
|
|t:|1756421130
|switch|p2a: Amoonguss|Amoonguss, L50, F|100/100
|move|p2b: Hydreigon|Snarl|p1b: Volcarona|[spread] p1a,p1b
|-damage|p1a: Golduck|27/100
|-damage|p1b: Volcarona|82/100
|-unboost|p1b: Volcarona|spa|1
|move|p1a: Golduck|Icy Wind|p2a: Amoonguss|[spread] p2a
|-miss|p1a: Golduck|p2b: Hydreigon
|-supereffective|p2a: Amoonguss
|-damage|p2a: Amoonguss|88/100
|move|p1b: Volcarona|Quiver Dance|p1b: Volcarona
|-boost|p1b: Volcarona|spa|1
|-boost|p1b: Volcarona|spd|1
|-boost|p1b: Volcarona|spe|1
|
|upkeep
|turn|8
|l|☆RayGarraty47
|inactive|RayGarraty47 disconnected and has a minute to reconnect!
|player|p2|
|j|☆RayGarraty47
|inactive|RayGarraty47 reconnected and has 45 seconds left.
|player|p2|RayGarraty47|169|
|inactive|Rockslap has 30 seconds left.
|
|t:|1756421163
|-terastallize|p2a: Amoonguss|Psychic
|move|p1b: Volcarona|Heat Wave|p2b: Hydreigon|[spread] p2a,p2b
|-resisted|p2b: Hydreigon
|-damage|p2a: Amoonguss|60/100
|-damage|p2b: Hydreigon|41/100
|move|p2b: Hydreigon|Snarl|p1a: Golduck|[spread] p1a,p1b
|-damage|p1a: Golduck|4/100
|-damage|p1b: Volcarona|70/100
|-unboost|p1b: Volcarona|spa|1
|move|p1a: Golduck|Taunt|p2a: Amoonguss
|-start|p2a: Amoonguss|move: Taunt
|cant|p2a: Amoonguss|move: Taunt|Spore
|
|-end|p2b: Hydreigon|Encore
|upkeep
|turn|9
|
|t:|1756421178
|switch|p1a: Incineroar|Incineroar, L50, F|100/100
|-ability|p1a: Incineroar|Intimidate|boost
|-unboost|p2a: Amoonguss|atk|1
|-unboost|p2b: Hydreigon|atk|1
|switch|p2a: Incineroar|Incineroar, L50, F|20/100
|-ability|p2a: Incineroar|Intimidate|boost
|-unboost|p1a: Incineroar|atk|1
|-unboost|p1b: Volcarona|atk|1
|move|p1b: Volcarona|Quiver Dance|p1b: Volcarona
|-boost|p1b: Volcarona|spa|1
|-boost|p1b: Volcarona|spd|1
|-boost|p1b: Volcarona|spe|1
|move|p2b: Hydreigon|Snarl|p1b: Volcarona|[spread] p1a,p1b
|-resisted|p1a: Incineroar
|-damage|p1a: Incineroar|92/100
|-damage|p1b: Volcarona|61/100
|-unboost|p1a: Incineroar|spa|1
|-unboost|p1b: Volcarona|spa|1
|
|upkeep
|turn|10
|inactive|Rockslap has 30 seconds left.
|inactive|RayGarraty47 has 30 seconds left.
|
|t:|1756421211
|move|p1b: Volcarona|Protect|p1b: Volcarona
|-singleturn|p1b: Volcarona|Protect
|move|p2a: Incineroar|Fake Out|p1a: Incineroar
|-damage|p1a: Incineroar|82/100
|move|p2b: Hydreigon|Tailwind|p2b: Hydreigon
|-sidestart|p2: RayGarraty47|move: Tailwind
|cant|p1a: Incineroar|flinch
|
|upkeep
|turn|11
|
|t:|1756421233
|move|p2b: Hydreigon|Snarl|p1a: Incineroar|[spread] p1a,p1b
|-resisted|p1a: Incineroar
|-damage|p1a: Incineroar|73/100
|-damage|p1b: Volcarona|51/100
|-unboost|p1a: Incineroar|spa|1
|-unboost|p1b: Volcarona|spa|1
|move|p1b: Volcarona|Heat Wave|p2b: Hydreigon|[spread] p2a,p2b
|-resisted|p2a: Incineroar
|-resisted|p2b: Hydreigon
|-damage|p2a: Incineroar|11/100
|-damage|p2b: Hydreigon|32/100
|move|p2a: Incineroar|Knock Off|p1b: Volcarona
|-damage|p1b: Volcarona|0 fnt
|-enditem|p1b: Volcarona|Sitrus Berry|[from] move: Knock Off|[of] p2a: Incineroar
|faint|p1b: Volcarona
|move|p1a: Incineroar|Knock Off|p2b: Hydreigon
|-resisted|p2b: Hydreigon
|-damage|p2b: Hydreigon|15/100
|-enditem|p2b: Hydreigon|Safety Goggles|[from] move: Knock Off|[of] p1a: Incineroar
|
|upkeep
|
|t:|1756421238
|switch|p1b: Golduck|Golduck, L50, F|4/100
|-ability|p1b: Golduck|Cloud Nine
|turn|12
|
|t:|1756421257
|move|p2b: Hydreigon|Snarl|p1a: Incineroar|[spread] p1a,p1b
|-resisted|p1a: Incineroar
|-damage|p1a: Incineroar|64/100
|-damage|p1b: Golduck|0 fnt
|-unboost|p1a: Incineroar|spa|1
|faint|p1b: Golduck
|move|p2a: Incineroar|Knock Off|p1a: Incineroar
|-resisted|p1a: Incineroar
|-damage|p1a: Incineroar|42/100
|-enditem|p1a: Incineroar|Safety Goggles|[from] move: Knock Off|[of] p2a: Incineroar
|move|p1a: Incineroar|Knock Off|p2b: Hydreigon
|-resisted|p2b: Hydreigon
|-damage|p2b: Hydreigon|5/100
|
|upkeep
|turn|13
|
|t:|1756421264
|move|p2b: Hydreigon|Draco Meteor|p1a: Incineroar
|-damage|p1a: Incineroar|0 fnt
|-unboost|p2b: Hydreigon|spa|2
|faint|p1a: Incineroar
|
|win|RayGarraty47
||Rockslap is ready for game 2.
||RayGarraty47 is ready for game 2.
|uhtml|next|Next: Game 2 of 3
|l|☆RayGarraty47
|player|p2|
