|j|☆Baggead
|j|☆nazunabpd
|html|Baggeadnazunabpd    
|uhtml|bestof|Game 2 of a best-of-3
|t:|1757939068
|gametype|doubles
|player|p1|Baggead|2|1152
|player|p2|nazunabpd|roxie|1070
|gen|9
|tier|[Gen 9] VGC 2025 Reg H (Bo3)
|rated|
|rule|Species Clause: Limit one of each Pokémon
|rule|Item Clause: Limit 1 of each item
|clearpoke
|poke|p1|Vivillon-Fancy, L50, M|
|poke|p1|Garchomp, L50, F|
|poke|p1|Primarina, L50, M|
|poke|p1|Incineroar, L50, F|
|poke|p1|Gholdengo, L50|
|poke|p1|Porygon2, L50|
|poke|p2|Amoonguss, L50, F|
|poke|p2|Sneasler, L50, F|
|poke|p2|Rillaboom, L50, M|
|poke|p2|Gholdengo, L50|
|poke|p2|Pelipper, L50, F|
|poke|p2|Basculegion, L50, M|
|teampreview|4
|showteam|p1|Vivillon-Fancy||FocusSash|CompoundEyes|Hurricane,SleepPowder,RagePowder,Protect|||M|||50|,,,,,Ghost]Garchomp||LifeOrb|RoughSkin|Earthquake,DragonClaw,StompingTantrum,Protect|||F|||50|,,,,,Water]Primarina||SitrusBerry|LiquidVoice|HyperVoice,Moonblast,Haze,Protect|||M|||50|,,,,,Grass]Incineroar||SafetyGoggles|Intimidate|FakeOut,FlareBlitz,PartingShot,KnockOff|||F|||50|,,,,,Ghost]Gholdengo||MetalCoat|GoodasGold|MakeItRain,ShadowBall,NastyPlot,Protect||||||50|,,,,,Dragon]Porygon2||Eviolite|Download|TeraBlast,IceBeam,Recover,TrickRoom||||||50|,,,,,Fighting
|showteam|p2|Amoonguss||SitrusBerry|Regenerator|Spore,RagePowder,Protect,SludgeBomb|||F|||50|,,,,,Water]Sneasler||FocusSash|Unburden|DireClaw,CloseCombat,FakeOut,Protect|||F|||50|,,,,,Stellar]Rillaboom||AssaultVest|GrassySurge|FakeOut,GrassyGlide,Uturn,KnockOff|||M|||50|,,,,,Steel]Gholdengo||LifeOrb|GoodasGold|MakeItRain,ShadowBall,Protect,FocusBlast||||||50|,,,,,Steel]Pelipper||CovertCloak|Drizzle|Tailwind,WideGuard,Hurricane,WeatherBall|||F|||50|,,,,,Grass]Basculegion||ChoiceBand|SwiftSwim|WaveCrash,FlipTurn,LastRespects,AquaJet|||M|||50|,,,,,Ghost
|inactive|Battle timer is ON: inactive players will automatically lose when time's up. (requested by Baggead)
|
|t:|1757939103
|teamsize|p1|4
|teamsize|p2|4
|start
|switch|p1a: Porygon2|Porygon2, L50|100/100
|switch|p1b: Gholdengo|Gholdengo, L50|100/100
|switch|p2a: Pelipper|Pelipper, L50, F|100/100
|switch|p2b: Basculegion|Basculegion, L50, M, shiny|100/100
|-weather|RainDance|[from] ability: Drizzle|[of] p2a: Pelipper
|-ability|p1a: Porygon2|Download|boost
|-boost|p1a: Porygon2|spa|1
|turn|1
|inactive|Baggead has 30 seconds left.
|inactive|nazunabpd has 30 seconds left.
|inactive|Baggead has 20 seconds left.
|inactive|nazunabpd has 20 seconds left.
|inactive|Baggead has 15 seconds left.
|inactive|nazunabpd has 15 seconds left.
|
|t:|1757939146
|move|p2b: Basculegion|Flip Turn|p1a: Porygon2
|-damage|p1a: Porygon2|53/100
|
|t:|1757939151
|switch|p2b: Rillaboom|Rillaboom, L50, M|100/100|[from] Flip Turn
|-fieldstart|move: Grassy Terrain|[from] ability: Grassy Surge|[of] p2b: Rillaboom
|move|p1b: Gholdengo|Make It Rain|p2b: Rillaboom|[spread] p2a,p2b
|-resisted|p2a: Pelipper
|-damage|p2a: Pelipper|56/100
|-damage|p2b: Rillaboom|64/100
|-unboost|p1b: Gholdengo|spa|1
|move|p2a: Pelipper|Hurricane|p1a: Porygon2
|-crit|p1a: Porygon2
|-damage|p1a: Porygon2|10/100
|move|p1a: Porygon2|Ice Beam|p2b: Rillaboom
|-supereffective|p2b: Rillaboom
|-damage|p2b: Rillaboom|9/100
|
|-weather|RainDance|[upkeep]
|-heal|p2b: Rillaboom|15/100|[from] Grassy Terrain
|-heal|p1a: Porygon2|17/100|[from] Grassy Terrain
|upkeep
|turn|2
|inactive|Baggead has 30 seconds left.
|inactive|nazunabpd has 30 seconds left.
|inactive|nazunabpd has 20 seconds left.
|inactive|Baggead has 20 seconds left.
|inactive|nazunabpd has 15 seconds left.
|inactive|nazunabpd has 10 seconds left.
|inactive|Baggead has 15 seconds left.
|inactive|Baggead has 10 seconds left.
|
|t:|1757939207
|switch|p1a: Incineroar|Incineroar, L50, F|100/100
|-ability|p1a: Incineroar|Intimidate|boost
|-unboost|p2a: Pelipper|atk|1
|-unboost|p2b: Rillaboom|atk|1
|move|p2b: Rillaboom|Grassy Glide|p1a: Incineroar
|-resisted|p1a: Incineroar
|-damage|p1a: Incineroar|90/100
|move|p1b: Gholdengo|Shadow Ball|p2b: Rillaboom
|-damage|p2b: Rillaboom|0 fnt
|faint|p2b: Rillaboom
|move|p2a: Pelipper|Weather Ball|p1a: Incineroar
|-supereffective|p1a: Incineroar
|-damage|p1a: Incineroar|0 fnt
|faint|p1a: Incineroar
|
|-weather|RainDance|[upkeep]
|upkeep
|
|t:|1757939226
|switch|p1a: Primarina|Primarina, L50, M|100/100
|switch|p2b: Basculegion|Basculegion, L50, M, shiny|100/100
|turn|3
|inactive|nazunabpd has 30 seconds left.
|inactive|nazunabpd has 20 seconds left.
|
|t:|1757939261
|switch|p1b: Porygon2|Porygon2, L50|17/100
|-ability|p1b: Porygon2|Download|boost
|-boost|p1b: Porygon2|spa|1
|move|p1a: Primarina|Protect|p1a: Primarina
|-singleturn|p1a: Primarina|Protect
|move|p2b: Basculegion|Last Respects|p1b: Porygon2
|-immune|p1b: Porygon2
|move|p2a: Pelipper|Hurricane|p1b: Porygon2
|-damage|p1b: Porygon2|0 fnt
|faint|p1b: Porygon2
|
|-weather|RainDance|[upkeep]
|upkeep
|
|t:|1757939273
|switch|p1b: Gholdengo|Gholdengo, L50|100/100
|turn|4
|inactive|nazunabpd has 30 seconds left.
|inactive|nazunabpd has 20 seconds left.
|inactive|nazunabpd has 15 seconds left.
|
|t:|1757939313
|-terastallize|p1b: Gholdengo|Dragon
|move|p2b: Basculegion|Last Respects|p1b: Gholdengo
|-damage|p1b: Gholdengo|25/100
|move|p1b: Gholdengo|Shadow Ball|p2b: Basculegion
|-supereffective|p2b: Basculegion
|-damage|p2b: Basculegion|12/100
|move|p2a: Pelipper|Hurricane|p1b: Gholdengo
|-damage|p1b: Gholdengo|0 fnt
|faint|p1b: Gholdengo
|move|p1a: Primarina|Moonblast|p2a: Pelipper
|-damage|p2a: Pelipper|0 fnt
|faint|p2a: Pelipper
|
|-weather|RainDance|[upkeep]
|-heal|p2b: Basculegion|18/100|[from] Grassy Terrain
|upkeep
|
|t:|1757939329
|switch|p2a: Sneasler|Sneasler, L50, F|100/100
|turn|5
|
|t:|1757939337
|-terastallize|p2b: Basculegion|Ghost
|move|p1a: Primarina|Protect|p1a: Primarina
|-singleturn|p1a: Primarina|Protect
|move|p2a: Sneasler|Fake Out|p1a: Primarina
|-activate|p1a: Primarina|move: Protect
|move|p2b: Basculegion|Last Respects|p1a: Primarina
|-activate|p1a: Primarina|move: Protect
|
|-weather|none
|-heal|p2b: Basculegion|24/100|[from] Grassy Terrain
|-fieldend|move: Grassy Terrain
|upkeep
|turn|6
|
|t:|1757939351
|move|p2a: Sneasler|Dire Claw|p1a: Primarina
|-supereffective|p1a: Primarina
|-damage|p1a: Primarina|0 fnt
|faint|p1a: Primarina
|
|win|nazunabpd
|raw|Baggead's rating: 1152 → 1121(-31 for losing)
|raw|nazunabpd's rating: 1070 → 1106(+36 for winning)
|l|☆Baggead
|player|p1|
|c|☆nazunabpd|im so good at video gaming
