|j|☆ILoveMIR
|j|☆CazTheMazMartin
|html|ILoveMIRCazTheMazMartin    
|uhtml|bestof|Game 3 of a best-of-3
|t:|1783637602
|gametype|doubles
|player|p1|ILoveMIR|shauntal|1441
|player|p2|CazTheMazMartin|burgh|1387
|gen|9
|tier|[Gen 9 Champions] VGC 2026 Reg M-B (Bo3)
|rated|
|rule|Species Clause: Limit one of each Pokémon
|rule|Item Clause: Limit 1 of each item
|clearpoke
|poke|p1|Blaziken, L50, F|
|poke|p1|Ninetales-Alola, L50, F|
|poke|p1|Tsareena, L50, F|
|poke|p1|Milotic, L50, F|
|poke|p1|Talonflame, L50, M|
|poke|p1|Glimmora, L50, M|
|poke|p2|Vivillon-Fancy, L50, M|
|poke|p2|Farigiraf, L50, F|
|poke|p2|Kingambit, L50, M|
|poke|p2|Camerupt, L50, F|
|poke|p2|Sylveon, L50, M|
|poke|p2|Blastoise, L50, F|
|teampreview|4
|showteam|p1|Blaziken||Blazikenite|SpeedBoost|FlareBlitz,CloseCombat,RockSlide,Detect|Adamant||F|||50|]Ninetales-Alola||NeverMeltIce|SnowWarning|Blizzard,FreezeDry,Encore,Protect|Timid||F|||50|]Tsareena||WideLens|QueenlyMajesty|PowerWhip,TripleAxel,LowKick,Protect|Adamant||F|||50|]Milotic||ExpertBelt|Competitive|Scald,IceBeam,Recover,Protect|Modest||F|||50|]Talonflame|||GaleWings|Acrobatics,WillOWisp,Tailwind,Protect|Jolly||M|||50|]Glimmora||FocusSash|ToxicDebris|SludgeBomb,PowerGem,EarthPower,SpikyShield|Modest||M|||50|
|showteam|p2|Vivillon-Fancy||FocusSash|CompoundEyes|SleepPowder,Protect,RagePowder,Hurricane|Timid||M|||50|]Farigiraf||SitrusBerry|ArmorTail|Psychic,Thunderbolt,TrickRoom,Protect|Relaxed||F|||50|]Kingambit||BlackGlasses|Defiant|KowtowCleave,SuckerPunch,SwordsDance,Protect|Brave||M|||50|]Camerupt||Cameruptite|SolidRock|HeatWave,EarthPower,AncientPower,Protect|Quiet||F|||50|]Sylveon||LifeOrb|Pixilate|HyperVoice,HyperBeam,QuickAttack,Detect|Quiet||M|||50|]Blastoise||Blastoisinite|Torrent|FakeOut,ShellSmash,WaterSpout,DarkPulse|Modest||F|||50|
|inactive|Battle timer is ON: inactive players will automatically lose when time's up. (requested by ILoveMIR)
|inactive|ILoveMIR has 60 seconds left.
|inactive|ILoveMIR has 30 seconds left.
|inactive|ILoveMIR has 20 seconds left.
|inactive|ILoveMIR has 15 seconds left.
|inactiveoff|Battle timer is now OFF.
|
|t:|1783637686
|teamsize|p1|4
|teamsize|p2|4
|start
|switch|p1a: Tsareena|Tsareena, L50, F|100/100
|switch|p1b: Milotic|Milotic, L50, F|100/100
|switch|p2a: Vivillon|Vivillon-Fancy, L50, M|100/100
|switch|p2b: Farigiraf|Farigiraf, L50, F|100/100
|turn|1
|
|t:|1783637695
|move|p1a: Tsareena|Protect|p1a: Tsareena
|-singleturn|p1a: Tsareena|Protect
|move|p2a: Vivillon|Hurricane|p1a: Tsareena
|-activate|p1a: Tsareena|move: Protect
|move|p1b: Milotic|Scald|p2b: Farigiraf
|-damage|p2b: Farigiraf|71/100
|move|p2b: Farigiraf|Thunderbolt|p1b: Milotic
|-supereffective|p1b: Milotic|1
|-damage|p1b: Milotic|64/100
|
|upkeep
|turn|2
|
|t:|1783637705
|switch|p1a: Glimmora|Glimmora, L50, M|100/100
|move|p2a: Vivillon|Hurricane|p1a: Glimmora
|-resisted|p1a: Glimmora|1
|-damage|p1a: Glimmora|70/100
|move|p1b: Milotic|Recover|p1b: Milotic
|-heal|p1b: Milotic|100/100
|move|p2b: Farigiraf|Thunderbolt|p1b: Milotic
|-supereffective|p1b: Milotic|1
|-damage|p1b: Milotic|65/100
|
|upkeep
|turn|3
|
|t:|1783637734
|move|p2a: Vivillon|Sleep Powder|p1b: Milotic
|-status|p1b: Milotic|slp|[from] move: Sleep Powder
|move|p1a: Glimmora|Sludge Bomb|p2b: Farigiraf
|-damage|p2b: Farigiraf|24/100
|-enditem|p2b: Farigiraf|Sitrus Berry|[eat]
|-heal|p2b: Farigiraf|49/100|[from] item: Sitrus Berry
|cant|p1b: Milotic|slp
|move|p2b: Farigiraf|Psychic|p1a: Glimmora
|-supereffective|p1a: Glimmora|1
|-damage|p1a: Glimmora|0 fnt
|faint|p1a: Glimmora
|
|upkeep
|
|t:|1783637739
|switch|p1a: Blaziken|Blaziken, L50, F|100/100
|turn|4
|
|t:|1783637755
|switch|p1b: Tsareena|Tsareena, L50, F|100/100
|detailschange|p1a: Blaziken|Blaziken-Mega, L50, F
|-mega|p1a: Blaziken|Blaziken|Blazikenite
|move|p1a: Blaziken|Detect|p1a: Blaziken
|-singleturn|p1a: Blaziken|Protect
|move|p2a: Vivillon|Hurricane|p1a: Blaziken
|-activate|p1a: Blaziken|move: Protect
|move|p2b: Farigiraf|Thunderbolt|p1b: Tsareena
|-resisted|p1b: Tsareena|1
|-damage|p1b: Tsareena|87/100
|
|-ability|p1a: Blaziken|Speed Boost|boost
|-boost|p1a: Blaziken|spe|1
|upkeep
|turn|5
|
|t:|1783637771
|move|p1a: Blaziken|Flare Blitz|p2b: Farigiraf
|-damage|p2b: Farigiraf|0 fnt
|faint|p2b: Farigiraf
|-damage|p1a: Blaziken|78/100|[from] Recoil
|move|p2a: Vivillon|Hurricane|p1b: Tsareena
|-supereffective|p1b: Tsareena|1
|-damage|p1b: Tsareena|0 fnt
|faint|p1b: Tsareena
|
|-ability|p1a: Blaziken|Speed Boost|boost
|-boost|p1a: Blaziken|spe|1
|upkeep
|
|t:|1783637777
|switch|p1b: Milotic|Milotic, L50, F|65/100 slp
|switch|p2b: Blastoise|Blastoise, L50, F|100/100
|turn|6
|
|t:|1783637788
|detailschange|p2b: Blastoise|Blastoise-Mega, L50, F
|-mega|p2b: Blastoise|Blastoise|Blastoisinite
|move|p1a: Blaziken|Detect|p1a: Blaziken
|-singleturn|p1a: Blaziken|Protect
|move|p2b: Blastoise|Fake Out|p1b: Milotic
|-damage|p1b: Milotic|56/100 slp
|move|p2a: Vivillon|Hurricane|p1a: Blaziken
|-activate|p1a: Blaziken|move: Protect
|cant|p1b: Milotic|slp
|
|-ability|p1a: Blaziken|Speed Boost|boost
|-boost|p1a: Blaziken|spe|1
|upkeep
|turn|7
|inactive|Battle timer is ON: inactive players will automatically lose when time's up. (requested by CazTheMazMartin)
|
|t:|1783637819
|move|p1a: Blaziken|Rock Slide|p2a: Vivillon|[spread] p2a
|-miss|p1a: Blaziken|p2b: Blastoise
|-supereffective|p2a: Vivillon|2
|-enditem|p2a: Vivillon|Focus Sash
|-damage|p2a: Vivillon|1/100
|move|p2a: Vivillon|Hurricane|p1a: Blaziken
|-supereffective|p1a: Blaziken|1
|-damage|p1a: Blaziken|0 fnt
|faint|p1a: Blaziken
|move|p2b: Blastoise|Water Spout|p1b: Milotic
|-resisted|p1b: Milotic|1
|-damage|p1b: Milotic|22/100 slp
|-curestatus|p1b: Milotic|slp|[msg]
|move|p1b: Milotic|Ice Beam|p2a: Vivillon
|-supereffective|p2a: Vivillon|1
|-damage|p2a: Vivillon|0 fnt
|faint|p2a: Vivillon
|
|upkeep
|
|t:|1783637821
|switch|p2a: Sylveon|Sylveon, L50, M|100/100
|turn|8
|
|t:|1783637825
|move|p2b: Blastoise|Dark Pulse|p1b: Milotic
|-damage|p1b: Milotic|0 fnt
|faint|p1b: Milotic
|
|win|CazTheMazMartin
|raw|ILoveMIR's rating: 1441 → 1418(-23 for losing)
|raw|CazTheMazMartin's rating: 1387 → 1410(+23 for winning)
