|j|☆memeberserk
|j|☆viatles
|html|memeberserkviatles    
|uhtml|bestof|Game 1 of a best-of-3
|t:|1783560005
|gametype|doubles
|player|p1|memeberserk|lance|1178
|player|p2|viatles|hiker|1158
|gen|9
|tier|[Gen 9 Champions] VGC 2026 Reg M-B (Bo3)
|rated|
|rule|Species Clause: Limit one of each Pokémon
|rule|Item Clause: Limit 1 of each item
|clearpoke
|poke|p1|Grimmsnarl, L50, M|
|poke|p1|Toxapex, L50, F|
|poke|p1|Pelipper, L50, F|
|poke|p1|Swampert, L50, F|
|poke|p1|Staraptor, L50, F|
|poke|p1|Sinistcha, L50|
|poke|p2|Beedrill, L50, F, shiny|
|poke|p2|Milotic, L50, M, shiny|
|poke|p2|Talonflame, L50, F, shiny|
|poke|p2|Farigiraf, L50, M|
|poke|p2|Decidueye-Hisui, L50, F|
|poke|p2|Sableye, L50, F|
|teampreview|4
|showteam|p1|Grimmsnarl||LightClay|Prankster|LightScreen,Reflect,PartingShot,SpiritBreak|Careful||M|||50|]Toxapex||Leftovers|Regenerator|Infestation,Toxic,BanefulBunker,WideGuard|Bold||F|||50|]Pelipper||FocusSash|Drizzle|Hurricane,WeatherBall,Protect,Tailwind|Timid||F|||50|]Swampert||Swampertite|Torrent|Earthquake,WaveCrash,Protect,IcePunch|Adamant||F|||50|]Staraptor||Staraptite|Intimidate|CloseCombat,Roost,Protect,BraveBird|Adamant||F|||50|]Sinistcha||ColburBerry|Hospitality|MatchaGotcha,Protect,RagePowder,ShadowBall|Bold|||||50|
|showteam|p2|Beedrill||Beedrillite|Swarm|Uturn,DrillRun,PoisonJab,Protect|Jolly||F|||50|]Milotic||Leftovers|Competitive|IcyWind,Scald,Protect,LifeDew|Bold||M|||50|]Talonflame||SharpBeak|GaleWings|DualWingbeat,Tailwind,Protect,WillOWisp|Jolly||F|||50|]Farigiraf||SitrusBerry|ArmorTail|TrickRoom,Thunderbolt,TwinBeam,HelpingHand|Bold||M|||50|]Decidueye-Hisui||ScopeLens|Scrappy|Protect,TripleArrows,LeafBlade,SuckerPunch|Adamant||F|||50|]Sableye||RoseliBerry|Prankster|FakeOut,FoulPlay,RainDance,Quash|Sassy||F|||50|
|c|☆viatles|gl hf
|inactive|Battle timer is ON: inactive players will automatically lose when time's up. (requested by viatles)
|
|t:|1783560037
|teamsize|p1|4
|teamsize|p2|4
|start
|switch|p1a: Toxapex|Toxapex, L50, F|100/100
|switch|p1b: Grimmsnarl|Grimmsnarl, L50, M|100/100
|switch|p2a: Sableye|Sableye, L50, F|100/100
|switch|p2b: Malsumas|Beedrill, L50, F, shiny|100/100
|turn|1
|
|t:|1783560054
|detailschange|p2b: Malsumas|Beedrill-Mega, L50, F, shiny
|-mega|p2b: Malsumas|Beedrill|Beedrillite
|move|p2a: Sableye|Fake Out|p1b: Grimmsnarl
|-damage|p1b: Grimmsnarl|91/100
|cant|p1b: Grimmsnarl|flinch
|move|p2b: Malsumas|Poison Jab|p1b: Grimmsnarl
|-supereffective|p1b: Grimmsnarl|1
|-damage|p1b: Grimmsnarl|0 fnt
|faint|p1b: Grimmsnarl
|move|p1a: Toxapex|Toxic|p2a: Sableye
|-status|p2a: Sableye|tox
|
|-damage|p2a: Sableye|94/100 tox|[from] psn
|upkeep
|
|t:|1783560066
|switch|p1b: Staraptor|Staraptor, L50, F|100/100
|-ability|p1b: Staraptor|Intimidate|boost
|-unboost|p2a: Sableye|atk|1
|-unboost|p2b: Malsumas|atk|1
|turn|2
|
|t:|1783560091
|detailschange|p1b: Staraptor|Staraptor-Mega, L50, F
|-mega|p1b: Staraptor|Staraptor|Staraptite
|move|p2b: Malsumas|Protect|p2b: Malsumas
|-singleturn|p2b: Malsumas|Protect
|move|p1b: Staraptor|Close Combat|p2b: Malsumas
|-activate|p2b: Malsumas|move: Protect
|move|p2a: Sableye|Foul Play|p1b: Staraptor
|-resisted|p1b: Staraptor|1
|-damage|p1b: Staraptor|73/100
|move|p1a: Toxapex|Infestation|p2b: Malsumas
|-activate|p2b: Malsumas|move: Protect
|
|-damage|p2a: Sableye|82/100 tox|[from] psn
|upkeep
|turn|3
|inactive|viatles has 30 seconds left.
|
|t:|1783560117
|move|p2b: Malsumas|Poison Jab|p1b: Staraptor
|-damage|p1b: Staraptor|35/100
|move|p1b: Staraptor|Close Combat|p2b: Malsumas
|-resisted|p2b: Malsumas|2
|-crit|p2b: Malsumas
|-damage|p2b: Malsumas|28/100
|-boost|p1b: Staraptor|def|1
|-boost|p1b: Staraptor|spd|1
|move|p2a: Sableye|Foul Play|p1b: Staraptor
|-resisted|p1b: Staraptor|1
|-damage|p1b: Staraptor|17/100
|move|p1a: Toxapex|Infestation|p2a: Sableye
|-damage|p2a: Sableye|78/100 tox
|-activate|p2a: Sableye|move: Infestation|[of] p1a: Toxapex
|
|-damage|p2a: Sableye|61/100 tox|[from] psn
|-damage|p2a: Sableye|49/100 tox|[from] move: Infestation|[partiallytrapped]
|upkeep
|turn|4
|
|t:|1783560139
|move|p1b: Staraptor|Protect|p1b: Staraptor
|-singleturn|p1b: Staraptor|Protect
|move|p2b: Malsumas|U-turn|p1b: Staraptor
|-activate|p1b: Staraptor|move: Protect
|move|p2a: Sableye|Foul Play|p1b: Staraptor
|-activate|p1b: Staraptor|move: Protect
|move|p1a: Toxapex|Infestation|p2b: Malsumas
|-resisted|p2b: Malsumas|1
|-damage|p2b: Malsumas|26/100
|-activate|p2b: Malsumas|move: Infestation|[of] p1a: Toxapex
|
|-damage|p2a: Sableye|26/100 tox|[from] psn
|-damage|p2b: Malsumas|14/100|[from] move: Infestation|[partiallytrapped]
|-damage|p2a: Sableye|14/100 tox|[from] move: Infestation|[partiallytrapped]
|upkeep
|turn|5
|
|t:|1783560156
|move|p2b: Malsumas|U-turn|p1b: Staraptor
|-resisted|p1b: Staraptor|2
|-damage|p1b: Staraptor|12/100
|
|t:|1783560159
|switch|p2b: Farigiraf|Farigiraf, L50, M|100/100|[from] U-turn
|move|p1b: Staraptor|Roost|p1b: Staraptor
|-heal|p1b: Staraptor|62/100
|-singleturn|p1b: Staraptor|move: Roost
|move|p2a: Sableye|Foul Play|p1b: Staraptor
|-resisted|p1b: Staraptor|1
|-damage|p1b: Staraptor|45/100
|move|p1a: Toxapex|Toxic|p2b: Farigiraf
|-status|p2b: Farigiraf|tox
|
|-damage|p2b: Farigiraf|93/100 tox|[from] psn
|-damage|p2a: Sableye|0 fnt|[from] psn
|faint|p2a: Sableye
|upkeep
|
|t:|1783560178
|switch|p2a: Malsumas|Beedrill-Mega, L50, F, shiny|14/100
|turn|6
|
|t:|1783560188
|move|p2a: Malsumas|Protect|p2a: Malsumas
|-singleturn|p2a: Malsumas|Protect
|move|p1b: Staraptor|Roost|p1b: Staraptor
|-heal|p1b: Staraptor|95/100
|-singleturn|p1b: Staraptor|move: Roost
|move|p2b: Farigiraf|Twin Beam|p1a: Toxapex
|-supereffective|p1a: Toxapex|1
|-crit|p1a: Toxapex
|-damage|p1a: Toxapex|61/100
|-supereffective|p1a: Toxapex|1
|-damage|p1a: Toxapex|37/100
|-hitcount|p1a: Toxapex|2
|move|p1a: Toxapex|Infestation|p2b: Farigiraf
|-supereffective|p2b: Farigiraf|1
|-damage|p2b: Farigiraf|87/100 tox
|-activate|p2b: Farigiraf|move: Infestation|[of] p1a: Toxapex
|
|-heal|p1a: Toxapex|43/100|[from] item: Leftovers
|-damage|p2b: Farigiraf|75/100 tox|[from] psn
|-damage|p2b: Farigiraf|62/100 tox|[from] move: Infestation|[partiallytrapped]
|upkeep
|turn|7
|inactive|viatles has 30 seconds left.
|
|t:|1783560214
|-heal|p1a: Toxapex|76/100|[from] ability: Regenerator|[silent]
|switch|p1a: Pelipper|Pelipper, L50, F|100/100
|-weather|RainDance|[from] ability: Drizzle|[of] p1a: Pelipper
|move|p2a: Malsumas|U-turn|p1b: Staraptor
|-resisted|p1b: Staraptor|2
|-damage|p1b: Staraptor|86/100
|
|t:|1783560221
|switch|p2a: Decidueye|Decidueye-Hisui, L50, F|100/100|[from] U-turn
|move|p1b: Staraptor|Close Combat|p2a: Decidueye
|-damage|p2a: Decidueye|23/100
|-boost|p1b: Staraptor|def|1
|-boost|p1b: Staraptor|spd|1
|move|p2b: Farigiraf|Twin Beam|p1b: Staraptor
|-supereffective|p1b: Staraptor|1
|-damage|p1b: Staraptor|69/100
|-supereffective|p1b: Staraptor|1
|-damage|p1b: Staraptor|53/100
|-hitcount|p1b: Staraptor|2
|
|-weather|RainDance|[upkeep]
|-damage|p2b: Farigiraf|44/100 tox|[from] psn
|-end|p2b: Farigiraf|Infestation|[partiallytrapped]|[silent]
|upkeep
|-enditem|p2b: Farigiraf|Sitrus Berry|[eat]
|-heal|p2b: Farigiraf|69/100 tox|[from] item: Sitrus Berry
|turn|8
|
|t:|1783560240
|move|p2a: Decidueye|Protect|p2a: Decidueye
|-singleturn|p2a: Decidueye|Protect
|move|p1b: Staraptor|Close Combat|p2b: Farigiraf
|-crit|p2b: Farigiraf
|-damage|p2b: Farigiraf|0 fnt
|-boost|p1b: Staraptor|def|1
|-boost|p1b: Staraptor|spd|1
|faint|p2b: Farigiraf
|move|p1a: Pelipper|Hurricane|p2a: Decidueye
|-activate|p2a: Decidueye|move: Protect
|
|-weather|RainDance|[upkeep]
|upkeep
|
|t:|1783560249
|switch|p2b: Malsumas|Beedrill-Mega, L50, F, shiny|14/100
|turn|9
|
|t:|1783560256
|move|p2b: Malsumas|Poison Jab|p1b: Staraptor
|-damage|p1b: Staraptor|31/100
|-status|p1b: Staraptor|psn
|move|p1b: Staraptor|Brave Bird|p2a: Decidueye
|-supereffective|p2a: Decidueye|2
|-damage|p2a: Decidueye|0 fnt
|faint|p2a: Decidueye
|-damage|p1b: Staraptor|24/100 psn|[from] Recoil
|move|p1a: Pelipper|Hurricane|p2b: Malsumas
|-supereffective|p2b: Malsumas|1
|-damage|p2b: Malsumas|0 fnt
|faint|p2b: Malsumas
|
|win|memeberserk
