|j|☆killacam-550
|j|☆ShadowFox631063!
|html|killacam-550ShadowFox631063!    
|uhtml|bestof|Game 1 of a best-of-3
|t:|1785474286
|gametype|doubles
|player|p1|killacam-550|169|
|player|p2|ShadowFox631063!|n|
|gen|9
|tier|[Gen 9 Champions] VGC 2026 Reg M-B (Bo3)
|rule|Species Clause: Limit one of each Pokémon
|rule|Item Clause: Limit 1 of each item
|raw|1 custom rule: !Force Open Team Sheets
|clearpoke
|poke|p1|Raichu, L50, F|
|poke|p1|Ceruledge, L50, F|
|poke|p1|Gyarados, L50, M|
|poke|p1|Simisage, L50, M|
|poke|p1|Snorlax, L50, M|
|poke|p1|Alakazam, L50, M|
|poke|p2|Sinistcha, L50|
|poke|p2|Milotic, L50, M|
|poke|p2|Aggron, L50, F|
|poke|p2|Avalugg, L50, F|
|poke|p2|Audino, L50, F, shiny|
|poke|p2|Aurorus, L50, F, shiny|
|teampreview|4
|j| Leafeon Main?
|
|t:|1785474369
|teamsize|p1|4
|teamsize|p2|4
|start
|switch|p1a: Rai Chuse You|Raichu, L50, F|100/100
|switch|p1b: pancake|Snorlax, L50, M|100/100
|switch|p2a: Matcha-cha|Sinistcha, L50|100/100
|switch|p2b: The Boulder.|Aggron, L50, F|100/100
|turn|1
|
|t:|1785474401
|detailschange|p2b: The Boulder.|Aggron-Mega, L50, F
|-mega|p2b: The Boulder.|Aggron|Aggronite
|move|p1a: Rai Chuse You|Brick Break|p2b: The Boulder.
|-supereffective|p2b: The Boulder.|1
|-damage|p2b: The Boulder.|84/100
|move|p2b: The Boulder.|Stealth Rock|p1b: pancake
|-sidestart|p1: killacam-550|move: Stealth Rock
|move|p1b: pancake|Curse|p1b: pancake
|-unboost|p1b: pancake|spe|1
|-boost|p1b: pancake|atk|1
|-boost|p1b: pancake|def|1
|move|p2a: Matcha-cha|Trick Room|p2a: Matcha-cha
|-fieldstart|move: Trick Room|[of] p2a: Matcha-cha
|
|upkeep
|turn|2
|
|t:|1785474450
|detailschange|p1a: Rai Chuse You|Raichu-Mega-X, L50, F
|-mega|p1a: Rai Chuse You|Raichu|Raichunite X
|-fieldstart|move: Electric Terrain|[from] ability: Electric Surge|[of] p1a: Rai Chuse You
|move|p1a: Rai Chuse You|Protect|p1a: Rai Chuse You
|-singleturn|p1a: Rai Chuse You|Protect
|move|p1b: pancake|Curse|p1b: pancake
|-unboost|p1b: pancake|spe|1
|-boost|p1b: pancake|atk|1
|-boost|p1b: pancake|def|1
|move|p2b: The Boulder.|Stealth Rock||[still]
|-fail|p2b: The Boulder.
|move|p2a: Matcha-cha|Matcha Gotcha|p1b: pancake|[spread] p1b
|-activate|p1a: Rai Chuse You|move: Protect
|-damage|p1b: pancake|86/100
|-status|p1b: pancake|brn
|
|-heal|p1b: pancake|92/100 brn|[from] item: Leftovers
|-damage|p1b: pancake|86/100 brn|[from] brn
|upkeep
|turn|3
|
|t:|1785474504
|move|p1b: pancake|Curse|p1b: pancake
|-unboost|p1b: pancake|spe|1
|-boost|p1b: pancake|atk|1
|-boost|p1b: pancake|def|1
|move|p2b: The Boulder.|Low Kick|p1b: pancake
|-supereffective|p1b: pancake|1
|-damage|p1b: pancake|54/100 brn
|move|p2a: Matcha-cha|Scald|p1b: pancake
|-damage|p1b: pancake|41/100 brn
|move|p1a: Rai Chuse You|Play Rough|p2a: Matcha-cha
|-damage|p2a: Matcha-cha|71/100
|
|-heal|p1b: pancake|47/100 brn|[from] item: Leftovers
|-damage|p1b: pancake|41/100 brn|[from] brn
|upkeep
|turn|4
|
|t:|1785474539
|move|p1b: pancake|High Horsepower|p2b: The Boulder.|[miss]
|-miss|p1b: pancake|p2b: The Boulder.
|move|p2b: The Boulder.|Dig||[still]
|-prepare|p2b: The Boulder.|Dig
|move|p2a: Matcha-cha|Matcha Gotcha|p1b: pancake|[spread] p1a,p1b
|-damage|p1a: Rai Chuse You|56/100
|-heal|p2a: Matcha-cha|90/100|[from] drain|[of] p1a: Rai Chuse You
|-damage|p1b: pancake|28/100 brn
|-heal|p2a: Matcha-cha|100/100|[from] drain|[of] p1b: pancake
|move|p1a: Rai Chuse You|Play Rough|p2a: Matcha-cha
|-damage|p2a: Matcha-cha|67/100
|
|-heal|p1b: pancake|34/100 brn|[from] item: Leftovers
|-damage|p1b: pancake|28/100 brn|[from] brn
|upkeep
|turn|5
|
|t:|1785474564
|move|p1a: Rai Chuse You|Protect|p1a: Rai Chuse You
|-singleturn|p1a: Rai Chuse You|Protect
|move|p1b: pancake|High Horsepower|p2a: Matcha-cha
|-resisted|p2a: Matcha-cha|1
|-damage|p2a: Matcha-cha|52/100
|move|p2b: The Boulder.|Dig|p1a: Rai Chuse You|[from] lockedmove
|-activate|p1a: Rai Chuse You|move: Protect
|move|p2a: Matcha-cha|Matcha Gotcha|p1b: pancake|[spread] p1b
|-activate|p1a: Rai Chuse You|move: Protect
|-damage|p1b: pancake|13/100 brn
|-heal|p2a: Matcha-cha|65/100|[from] drain|[of] p1b: pancake
|
|-heal|p1b: pancake|19/100 brn|[from] item: Leftovers
|-damage|p1b: pancake|13/100 brn|[from] brn
|-fieldend|move: Trick Room
|upkeep
|turn|6
|
|t:|1785474597
|switch|p1b: Burm Burm|Simisage, L50, M|100/100
|-damage|p1b: Burm Burm|88/100|[from] Stealth Rock
|move|p1a: Rai Chuse You|Brick Break|p2b: The Boulder.
|-supereffective|p2b: The Boulder.|1
|-damage|p2b: The Boulder.|65/100
|move|p2a: Matcha-cha|Matcha Gotcha|p1a: Rai Chuse You|[spread] p1a,p1b
|-resisted|p1b: Burm Burm|1
|-damage|p1a: Rai Chuse You|12/100
|-heal|p2a: Matcha-cha|84/100|[from] drain|[of] p1a: Rai Chuse You
|-damage|p1b: Burm Burm|61/100
|-heal|p2a: Matcha-cha|97/100|[from] drain|[of] p1b: Burm Burm
|move|p2b: The Boulder.|Low Kick|p1b: Burm Burm
|-damage|p1b: Burm Burm|21/100
|
|-fieldend|move: Electric Terrain
|upkeep
|turn|7
|
|t:|1785474625
|move|p1a: Rai Chuse You|Protect|p1a: Rai Chuse You
|-singleturn|p1a: Rai Chuse You|Protect
|move|p1b: Burm Burm|Acrobatics|p2a: Matcha-cha
|-supereffective|p2a: Matcha-cha|1
|-damage|p2a: Matcha-cha|39/100
|move|p2b: The Boulder.|Heavy Slam|p1b: Burm Burm
|-damage|p1b: Burm Burm|0 fnt
|faint|p1b: Burm Burm
|move|p2a: Matcha-cha|Trick Room|p2a: Matcha-cha
|-fieldstart|move: Trick Room|[of] p2a: Matcha-cha
|
|upkeep
|
|t:|1785474636
|switch|p1b: pancake|Snorlax, L50, M|13/100 brn
|-damage|p1b: pancake|1/100 brn|[from] Stealth Rock
|turn|8
|
|t:|1785474654
|move|p1b: pancake|High Horsepower|p2b: The Boulder.
|-supereffective|p2b: The Boulder.|1
|-damage|p2b: The Boulder.|56/100
|move|p2b: The Boulder.|Dig||[still]
|-prepare|p2b: The Boulder.|Dig
|move|p2a: Matcha-cha|Matcha Gotcha|p1a: Rai Chuse You|[spread] p1a,p1b
|-damage|p1a: Rai Chuse You|0 fnt
|-heal|p2a: Matcha-cha|45/100|[from] drain|[of] p1a: Rai Chuse You
|-damage|p1b: pancake|0 fnt
|-heal|p2a: Matcha-cha|46/100|[from] drain|[of] p1b: pancake
|faint|p1a: Rai Chuse You
|faint|p1b: pancake
|
|upkeep
|
|t:|1785474664
|switch|p1b: Tree Weiner|Ceruledge, L50, F|100/100
|-damage|p1b: Tree Weiner|75/100|[from] Stealth Rock
|turn|9
|
|t:|1785474679
|move|p1b: Tree Weiner|Protect|p1b: Tree Weiner
|-singleturn|p1b: Tree Weiner|Protect
|move|p2b: The Boulder.|Dig|p1b: Tree Weiner|[from] lockedmove
|-activate|p1b: Tree Weiner|move: Protect
|move|p2a: Matcha-cha|Night Shade|p1b: Tree Weiner
|-activate|p1b: Tree Weiner|move: Protect
|
|upkeep
|turn|10
|
|t:|1785474702
|move|p2b: The Boulder.|Dig||[still]
|-prepare|p2b: The Boulder.|Dig
|move|p2a: Matcha-cha|Scald|p1b: Tree Weiner
|-supereffective|p1b: Tree Weiner|1
|-damage|p1b: Tree Weiner|13/100
|move|p1b: Tree Weiner|Bitter Blade|p2a: Matcha-cha
|-supereffective|p2a: Matcha-cha|1
|-damage|p2a: Matcha-cha|0 fnt
|-heal|p1b: Tree Weiner|37/100|[from] drain|[of] p2a: Matcha-cha
|faint|p2a: Matcha-cha
|
|upkeep
|
|t:|1785474715
|switch|p2a: Snek|Milotic, L50, M|100/100
|turn|11
|
|t:|1785474724
|move|p1b: Tree Weiner|Protect|p1b: Tree Weiner
|-singleturn|p1b: Tree Weiner|Protect
|move|p2b: The Boulder.|Dig|p1b: Tree Weiner|[from] lockedmove
|-activate|p1b: Tree Weiner|move: Protect
|move|p2a: Snek|Life Dew||[still]|[spread] p2a,p2b
|-fail|p2a: Snek|heal
|-heal|p2b: The Boulder.|81/100
|
|-fieldend|move: Trick Room
|upkeep
|turn|12
|
|t:|1785474740
|move|p1b: Tree Weiner|Bitter Blade|p2b: The Boulder.
|-supereffective|p2b: The Boulder.|1
|-damage|p2b: The Boulder.|48/100
|-heal|p1b: Tree Weiner|55/100|[from] drain|[of] p2b: The Boulder.
|move|p2a: Snek|Hydro Pump|p1b: Tree Weiner
|-supereffective|p1b: Tree Weiner|1
|-damage|p1b: Tree Weiner|0 fnt
|faint|p1b: Tree Weiner
|
|win|ShadowFox631063!
||killacam-550 is ready for game 2.
|inactive|ShadowFox631063! has 30 seconds to confirm battle start!
|inactive|ShadowFox631063! has 20 seconds to confirm battle start!
|c|☆killacam-550|hit ready
|inactive|ShadowFox631063! has 10 seconds to confirm battle start!
|uhtml|next|Next: Game 2 of 3
|l|☆killacam-550
|player|p1|
