|j|☆habeebomarali123
|j|☆sporghus
|html|habeebomarali123sporghus    
|uhtml|bestof|Game 3 of a best-of-3
|t:|1756167497
|gametype|doubles
|player|p1|habeebomarali123|giovanni|1065
|player|p2|sporghus|elesa-masters|1070
|gen|9
|tier|[Gen 9] VGC 2025 Reg H (Bo3)
|rated|
|rule|Species Clause: Limit one of each Pokémon
|rule|Item Clause: Limit 1 of each item
|clearpoke
|poke|p1|Rillaboom, L50, M|
|poke|p1|Volcarona, L50, M|
|poke|p1|Dragapult, L50, M|
|poke|p1|Gholdengo, L50|
|poke|p1|Murkrow, L50, F|
|poke|p1|Sneasler, L50, M|
|poke|p2|Incineroar, L50, F|
|poke|p2|Garchomp, L50, F|
|poke|p2|Magmar, L50, F|
|poke|p2|Farigiraf, L50, F|
|poke|p2|Kingambit, L50, M|
|poke|p2|Sinistcha, L50|
|teampreview|4
|showteam|p1|Rillaboom||AssaultVest|GrassySurge|FakeOut,GrassyGlide,KnockOff,WoodHammer|||M|||50|,,,,,Fire]Volcarona||GrassySeed|FlameBody|Protect,QuiverDance,TeraBlast,HeatWave|||M|||50|,,,,,Fairy]Dragapult||ChoiceBand|ClearBody|DragonDarts,PhantomForce,Uturn,SuckerPunch|||M|||50|,,,,,Dragon]Gholdengo||ChoiceSpecs|GoodasGold|ShadowBall,MakeItRain,FocusBlast,Thunderbolt||||||50|,,,,,Water]Murkrow||Eviolite|Prankster|Tailwind,Haze,Taunt,Protect|||F|||50|,,,,,Ghost]Sneasler||FocusSash|Unburden|Protect,DireClaw,CloseCombat,Coaching|||M|||50|,,,,,Stellar
|showteam|p2|Incineroar||SafetyGoggles|Intimidate|FakeOut,KnockOff,FlareBlitz,PartingShot|||F|||50|,,,,,Grass]Garchomp||LifeOrb|RoughSkin|StompingTantrum,Earthquake,DragonClaw,Protect|||F|||50|,,,,,Fire]Magmar||Eviolite|FlameBody|FollowMe,WillOWisp,Protect,Overheat|||F|||50|,,,,,Grass]Farigiraf||ThroatSpray|ArmorTail|DazzlingGleam,PsychicNoise,TrickRoom,Protect|||F|||50|,,,,,Fairy]Kingambit||AssaultVest|Defiant|KowtowCleave,SuckerPunch,IronHead,LowKick|||M|||50|,,,,,Fire]Sinistcha||SitrusBerry|Hospitality|RagePowder,TrickRoom,MatchaGotcha,ShadowBall||||||50|,,,,,Water
|
|t:|1756167545
|teamsize|p1|4
|teamsize|p2|4
|start
|switch|p1a: Dragapult|Dragapult, L50, M|100/100
|switch|p1b: Volcarona|Volcarona, L50, M|100/100
|switch|p2a: Farigiraf|Farigiraf, L50, F|100/100
|switch|p2b: Incineroar|Incineroar, L50, F|100/100
|-ability|p2b: Incineroar|Intimidate|boost
|-fail|p1a: Dragapult|unboost|[from] ability: Clear Body|[of] p1a: Dragapult
|-unboost|p1b: Volcarona|atk|1
|turn|1
|
|t:|1756167570
|move|p2b: Incineroar|Fake Out|p1b: Volcarona
|-damage|p1b: Volcarona|84/100
|move|p1a: Dragapult|U-turn|p2a: Farigiraf
|-supereffective|p2a: Farigiraf
|-damage|p2a: Farigiraf|37/100
|
|t:|1756167577
|switch|p1a: Rillaboom|Rillaboom, L50, M|100/100|[from] U-turn
|-fieldstart|move: Grassy Terrain|[from] ability: Grassy Surge|[of] p1a: Rillaboom
|-enditem|p1b: Volcarona|Grassy Seed
|-boost|p1b: Volcarona|def|1|[from] item: Grassy Seed
|cant|p1b: Volcarona|flinch
|move|p2a: Farigiraf|Trick Room|p2a: Farigiraf
|-fieldstart|move: Trick Room|[of] p2a: Farigiraf
|
|-heal|p2a: Farigiraf|43/100|[from] Grassy Terrain
|-heal|p1b: Volcarona|90/100|[from] Grassy Terrain
|upkeep
|turn|2
|
|t:|1756167594
|move|p2a: Farigiraf|Protect|p2a: Farigiraf
|-singleturn|p2a: Farigiraf|Protect
|move|p2b: Incineroar|Flare Blitz|p1a: Rillaboom
|-supereffective|p1a: Rillaboom
|-damage|p1a: Rillaboom|0 fnt
|faint|p1a: Rillaboom
|-damage|p2b: Incineroar|64/100|[from] Recoil
|move|p1b: Volcarona|Quiver Dance|p1b: Volcarona
|-boost|p1b: Volcarona|spa|1
|-boost|p1b: Volcarona|spd|1
|-boost|p1b: Volcarona|spe|1
|
|-heal|p2a: Farigiraf|49/100|[from] Grassy Terrain
|-heal|p2b: Incineroar|70/100|[from] Grassy Terrain
|-heal|p1b: Volcarona|96/100|[from] Grassy Terrain
|upkeep
|
|t:|1756167601
|switch|p1a: Sneasler|Sneasler, L50, M|100/100
|turn|3
|
|t:|1756167623
|move|p1a: Sneasler|Protect|p1a: Sneasler
|-singleturn|p1a: Sneasler|Protect
|move|p2a: Farigiraf|Psychic Noise|p1a: Sneasler
|-activate|p1a: Sneasler|move: Protect
|move|p2b: Incineroar|Parting Shot|p1b: Volcarona
|-unboost|p1b: Volcarona|atk|1
|-unboost|p1b: Volcarona|spa|1
|
|t:|1756167627
|switch|p2b: Garchomp|Garchomp, L50, F|100/100|[from] Parting Shot
|move|p1b: Volcarona|Heat Wave|p2a: Farigiraf|[spread] p2a,p2b
|-resisted|p2b: Garchomp
|-damage|p2a: Farigiraf|2/100
|-damage|p2b: Garchomp|81/100
|
|-heal|p2a: Farigiraf|8/100|[from] Grassy Terrain
|-heal|p2b: Garchomp|87/100|[from] Grassy Terrain
|-heal|p1b: Volcarona|100/100|[from] Grassy Terrain
|upkeep
|turn|4
|
|t:|1756167658
|switch|p1a: Dragapult|Dragapult, L50, M|100/100
|-terastallize|p2b: Garchomp|Fire
|-terastallize|p1b: Volcarona|Fairy
|move|p2a: Farigiraf|Protect|p2a: Farigiraf
|-singleturn|p2a: Farigiraf|Protect
|move|p2b: Garchomp|Earthquake|p1a: Dragapult|[spread] p1a,p1b
|-activate|p2a: Farigiraf|move: Protect
|-damage|p1a: Dragapult|69/100
|-damage|p1b: Volcarona|79/100
|-damage|p2b: Garchomp|77/100|[from] item: Life Orb
|move|p1b: Volcarona|Quiver Dance|p1b: Volcarona
|-boost|p1b: Volcarona|spa|1
|-boost|p1b: Volcarona|spd|1
|-boost|p1b: Volcarona|spe|1
|
|-heal|p2a: Farigiraf|15/100|[from] Grassy Terrain
|-heal|p2b: Garchomp|83/100|[from] Grassy Terrain
|-heal|p1a: Dragapult|75/100|[from] Grassy Terrain
|-heal|p1b: Volcarona|85/100|[from] Grassy Terrain
|upkeep
|turn|5
|
|t:|1756167680
|switch|p2a: Incineroar|Incineroar, L50, F|70/100
|-ability|p2a: Incineroar|Intimidate|boost
|-fail|p1a: Dragapult|unboost|[from] ability: Clear Body|[of] p1a: Dragapult
|-unboost|p1b: Volcarona|atk|1
|move|p1b: Volcarona|Protect|p1b: Volcarona
|-singleturn|p1b: Volcarona|Protect
|move|p2b: Garchomp|Dragon Claw|p1a: Dragapult
|-supereffective|p1a: Dragapult
|-damage|p1a: Dragapult|0 fnt
|faint|p1a: Dragapult
|-damage|p2b: Garchomp|73/100|[from] item: Life Orb
|
|-heal|p2a: Incineroar|76/100|[from] Grassy Terrain
|-heal|p2b: Garchomp|79/100|[from] Grassy Terrain
|-heal|p1b: Volcarona|91/100|[from] Grassy Terrain
|-fieldend|move: Trick Room
|-fieldend|move: Grassy Terrain
|upkeep
|
|t:|1756167683
|switch|p1a: Sneasler|Sneasler, L50, M|100/100
|turn|6
|
|t:|1756167712
|move|p2a: Incineroar|Fake Out|p1b: Volcarona
|-damage|p1b: Volcarona|79/100
|cant|p1b: Volcarona|flinch
|move|p1a: Sneasler|Close Combat|p2b: Garchomp
|-damage|p2b: Garchomp|12/100
|-unboost|p1a: Sneasler|def|1
|-unboost|p1a: Sneasler|spd|1
|-damage|p1a: Sneasler|88/100|[from] ability: Rough Skin|[of] p2b: Garchomp
|move|p2b: Garchomp|Stomping Tantrum|p1b: Volcarona
|-damage|p1b: Volcarona|42/100
|-damage|p2b: Garchomp|3/100|[from] item: Life Orb
|
|upkeep
|turn|7
|
|t:|1756167737
|move|p1b: Volcarona|Heat Wave|p2a: Incineroar|[spread] p2a,p2b
|-resisted|p2a: Incineroar
|-resisted|p2b: Garchomp
|-damage|p2a: Incineroar|46/100
|-damage|p2b: Garchomp|0 fnt
|faint|p2b: Garchomp
|move|p1a: Sneasler|Close Combat|p2a: Incineroar
|-supereffective|p2a: Incineroar
|-damage|p2a: Incineroar|0 fnt
|-unboost|p1a: Sneasler|def|1
|-unboost|p1a: Sneasler|spd|1
|faint|p2a: Incineroar
|
|upkeep
|
|t:|1756167740
|switch|p2b: Kingambit|Kingambit, L50, M|100/100
|switch|p2a: Farigiraf|Farigiraf, L50, F|15/100
|turn|8
|
|t:|1756167753
|move|p2b: Kingambit|Sucker Punch|p1a: Sneasler
|-resisted|p1a: Sneasler
|-damage|p1a: Sneasler|25/100
|move|p1b: Volcarona|Heat Wave|p2a: Farigiraf|[spread] p2a,p2b
|-supereffective|p2b: Kingambit
|-damage|p2a: Farigiraf|0 fnt
|-damage|p2b: Kingambit|25/100
|faint|p2a: Farigiraf
|move|p1a: Sneasler|Dire Claw|p2b: Kingambit
|-immune|p2b: Kingambit
|
|upkeep
|turn|9
|c|☆habeebomarali123|gg wp\
|
|t:|1756167763
|move|p2b: Kingambit|Sucker Punch|p1a: Sneasler
|-resisted|p1a: Sneasler
|-damage|p1a: Sneasler|0 fnt
|faint|p1a: Sneasler
|move|p1b: Volcarona|Heat Wave|p2b: Kingambit
|-supereffective|p2b: Kingambit
|-damage|p2b: Kingambit|0 fnt
|faint|p2b: Kingambit
|
|win|habeebomarali123
|raw|habeebomarali123's rating: 1065 → 1096(+31 for winning)
|raw|sporghus's rating: 1070 → 1049(-21 for losing)
|l|☆sporghus
|player|p2|
