|j|☆30YrOldOPMEnjoyer
|j|☆knoxvillninja
|html|30YrOldOPMEnjoyerknoxvillninja    
|uhtml|bestof|Game 1 of a best-of-3
|t:|1784613063
|gametype|doubles
|player|p1|30YrOldOPMEnjoyer|169|
|player|p2|knoxvillninja|2|
|gen|9
|tier|[Gen 9 Champions] VGC 2026 Reg M-B (Bo3)
|rule|Species Clause: Limit one of each Pokémon
|rule|Item Clause: Limit 1 of each item
|clearpoke
|poke|p1|Tyranitar, L50, M|
|poke|p1|Garchomp, L50, F|
|poke|p1|Hydreigon, L50, F|
|poke|p1|Milotic, L50, M|
|poke|p1|Excadrill, L50, F|
|poke|p1|Sableye, L50, M|
|poke|p2|Charizard, L50, M|
|poke|p2|Basculegion, L50, M|
|poke|p2|Aerodactyl, L50, F|
|poke|p2|Venusaur, L50, M|
|poke|p2|Krookodile, L50, M|
|poke|p2|Greninja, L50, M|
|teampreview|4
|showteam|p1|Tyranitar||Tyranitarite|SandStream|KnockOff,RockSlide,IcePunch,Protect|Adamant||M|||50|]Garchomp||LifeOrb|SandVeil|RockSlide,Earthquake,DragonClaw,PoisonJab|Jolly||F|||50|]Hydreigon||ChoiceScarf|Levitate|DragonPulse,HeatWave,DarkPulse,FlashCannon|Timid||F|||50|]Milotic||Leftovers|MarvelScale|IcyWind,Scald,Protect,Coil|Bold||M|||50|]Excadrill||FocusSash|SandRush|RockSlide,IronHead,Earthquake,Protect|Adamant||F|||50|]Sableye||LightClay|Prankster|LightScreen,Reflect,WillOWisp,FakeOut|Careful||M|||50|
|showteam|p2|Charizard||CharizarditeY|Blaze|HeatWave,SolarBeam,WeatherBall,Protect|Modest||M|||50|]Basculegion||ChoiceScarf|Adaptability|LastRespects,WaveCrash,AquaJet,FlipTurn|Adamant||M|||50|]Aerodactyl||FocusSash|Unnerve|RockSlide,IceFang,Tailwind,RainDance|Jolly||F|||50|]Venusaur||WideLens|Chlorophyll|SleepPowder,EarthPower,LeafStorm,Protect|Timid||M|||50|]Krookodile||LifeOrb|Intimidate|Earthquake,Crunch,RockSlide,Protect|Jolly||M|||50|]Greninja||Greninjite|Protean|HydroPump,DarkPulse,IceBeam,Protect|Timid||M|||50|
|inactive|Battle timer is ON: inactive players will automatically lose when time's up. (requested by 30YrOldOPMEnjoyer)
|inactive|30YrOldOPMEnjoyer has 60 seconds left.
|
|t:|1784613111
|teamsize|p1|4
|teamsize|p2|4
|start
|switch|p1a: Tyranitar|Tyranitar, L50, M|100/100
|switch|p1b: Excadrill|Excadrill, L50, F|100/100
|switch|p2a: Aerodactyl|Aerodactyl, L50, F|100/100
|switch|p2b: Basculegion|Basculegion, L50, M|100/100
|-ability|p2a: Aerodactyl|Unnerve
|-weather|Sandstorm|[from] ability: Sand Stream|[of] p1a: Tyranitar
|turn|1
|inactive|knoxvillninja has 30 seconds left.
|inactive|knoxvillninja has 20 seconds left.
|
|t:|1784613150
|detailschange|p1a: Tyranitar|Tyranitar-Mega, L50, M
|-mega|p1a: Tyranitar|Tyranitar|Tyranitarite
|move|p1b: Excadrill|Iron Head|p2a: Aerodactyl
|-supereffective|p2a: Aerodactyl|1
|-enditem|p2a: Aerodactyl|Focus Sash
|-damage|p2a: Aerodactyl|1/100
|move|p2a: Aerodactyl|Tailwind|p2a: Aerodactyl
|-sidestart|p2: knoxvillninja|move: Tailwind
|move|p2b: Basculegion|Flip Turn|p1b: Excadrill
|-supereffective|p1b: Excadrill|1
|-enditem|p1b: Excadrill|Focus Sash
|-damage|p1b: Excadrill|1/100
|
|t:|1784613162
|switch|p2b: Charizard|Charizard, L50, M|100/100|[from] Flip Turn
|move|p1a: Tyranitar|Knock Off|p2b: Charizard
|-damage|p2b: Charizard|53/100
|
|-weather|Sandstorm|[upkeep]
|-damage|p2b: Charizard|47/100|[from] Sandstorm
|upkeep
|turn|2
|inactive|knoxvillninja has 30 seconds left.
|
|t:|1784613190
|detailschange|p2b: Charizard|Charizard-Mega-Y, L50, M
|-mega|p2b: Charizard|Charizard|Charizardite Y
|-weather|SunnyDay|[from] ability: Drought|[of] p2b: Charizard
|move|p2b: Charizard|Protect|p2b: Charizard
|-singleturn|p2b: Charizard|Protect
|move|p1b: Excadrill|Protect|p1b: Excadrill
|-singleturn|p1b: Excadrill|Protect
|move|p2a: Aerodactyl|Rock Slide|p1b: Excadrill|[spread] p1a
|-activate|p1b: Excadrill|move: Protect
|-damage|p1a: Tyranitar|86/100
|cant|p1a: Tyranitar|flinch
|
|-weather|SunnyDay|[upkeep]
|upkeep
|turn|3
|
|t:|1784613212
|switch|p1b: Sableye|Sableye, L50, M|100/100
|move|p2a: Aerodactyl|Ice Fang|p1a: Tyranitar
|-damage|p1a: Tyranitar|75/100
|move|p2b: Charizard|Solar Beam||[still]
|-prepare|p2b: Charizard|Solar Beam
|-anim|p2b: Charizard|Solar Beam|p1a: Tyranitar
|-supereffective|p1a: Tyranitar|1
|-damage|p1a: Tyranitar|4/100
|move|p1a: Tyranitar|Rock Slide|p2b: Charizard|[spread] p2a,p2b
|-supereffective|p2a: Aerodactyl|1
|-supereffective|p2b: Charizard|2
|-damage|p2a: Aerodactyl|0 fnt
|-damage|p2b: Charizard|0 fnt
|faint|p2a: Aerodactyl
|faint|p2b: Charizard
|
|-weather|SunnyDay|[upkeep]
|upkeep
|
|t:|1784613228
|switch|p2a: Basculegion|Basculegion, L50, M|100/100
|switch|p2b: Venusaur|Venusaur, L50, M|100/100
|turn|4
|
|t:|1784613250
|switch|p1a: Garchomp|Garchomp, L50, F|100/100
|move|p1b: Sableye|Fake Out|p2b: Venusaur
|-crit|p2b: Venusaur
|-damage|p2b: Venusaur|83/100
|move|p2a: Basculegion|Aqua Jet|p1a: Garchomp
|-damage|p1a: Garchomp|85/100
|cant|p2b: Venusaur|flinch
|
|-weather|SunnyDay|[upkeep]
|-sideend|p2: knoxvillninja|move: Tailwind
|upkeep
|turn|5
|inactive|30YrOldOPMEnjoyer has 30 seconds left.
|
|t:|1784613276
|move|p2a: Basculegion|Aqua Jet|p1b: Sableye
|-damage|p1b: Sableye|82/100
|move|p1b: Sableye|Light Screen|p1b: Sableye
|-sidestart|p1: 30YrOldOPMEnjoyer|move: Light Screen
|move|p2b: Venusaur|Sleep Powder|p1a: Garchomp
|-status|p1a: Garchomp|slp|[from] move: Sleep Powder
|cant|p1a: Garchomp|slp
|
|-weather|SunnyDay|[upkeep]
|upkeep
|turn|6
|
|t:|1784613300
|switch|p1a: Tyranitar|Tyranitar-Mega, L50, M|4/100
|-weather|Sandstorm|[from] ability: Sand Stream|[of] p1a: Tyranitar
|move|p2a: Basculegion|Aqua Jet|p1b: Sableye
|-damage|p1b: Sableye|40/100
|move|p1b: Sableye|Reflect|p1b: Sableye
|-sidestart|p1: 30YrOldOPMEnjoyer|Reflect
|move|p2b: Venusaur|Leaf Storm|p1b: Sableye
|-damage|p1b: Sableye|0 fnt
|-unboost|p2b: Venusaur|spa|2
|faint|p1b: Sableye
|
|-weather|Sandstorm|[upkeep]
|-damage|p2a: Basculegion|93/100|[from] Sandstorm
|-damage|p2b: Venusaur|77/100|[from] Sandstorm
|upkeep
|
|t:|1784613310
|switch|p1b: Excadrill|Excadrill, L50, F|1/100
|turn|7
|inactive|knoxvillninja has 30 seconds left.
|
|t:|1784613339
|move|p2b: Venusaur|Protect|p2b: Venusaur
|-singleturn|p2b: Venusaur|Protect
|move|p1a: Tyranitar|Protect|p1a: Tyranitar
|-singleturn|p1a: Tyranitar|Protect
|move|p2a: Basculegion|Aqua Jet|p1a: Tyranitar
|-activate|p1a: Tyranitar|move: Protect
|move|p1b: Excadrill|Earthquake|p2b: Venusaur|[spread] p2a
|-activate|p1a: Tyranitar|move: Protect
|-activate|p2b: Venusaur|move: Protect
|-damage|p2a: Basculegion|35/100
|
|-weather|Sandstorm|[upkeep]
|-damage|p2a: Basculegion|29/100|[from] Sandstorm
|-damage|p2b: Venusaur|71/100|[from] Sandstorm
|upkeep
|turn|8
|
|t:|1784613362
|move|p2a: Basculegion|Aqua Jet|p1a: Tyranitar
|-supereffective|p1a: Tyranitar|1
|-damage|p1a: Tyranitar|0 fnt
|faint|p1a: Tyranitar
|move|p1b: Excadrill|Earthquake|p2a: Basculegion|[spread] p2a,p2b
|-damage|p2a: Basculegion|0 fnt
|-damage|p2b: Venusaur|10/100
|faint|p2a: Basculegion
|move|p2b: Venusaur|Sleep Powder|p1b: Excadrill
|-status|p1b: Excadrill|slp|[from] move: Sleep Powder
|
|-weather|Sandstorm|[upkeep]
|-damage|p2b: Venusaur|4/100|[from] Sandstorm
|upkeep
|
|t:|1784613368
|switch|p1a: Garchomp|Garchomp, L50, F|85/100 slp
|turn|9
|
|t:|1784613378
|cant|p1b: Excadrill|slp
|cant|p1a: Garchomp|slp
|move|p2b: Venusaur|Leaf Storm|p1a: Garchomp
|-damage|p1a: Garchomp|63/100 slp
|-unboost|p2b: Venusaur|spa|2
|
|-weather|Sandstorm|[upkeep]
|-damage|p2b: Venusaur|0 fnt|[from] Sandstorm
|faint|p2b: Venusaur
|
|win|30YrOldOPMEnjoyer
||30YrOldOPMEnjoyer is ready for game 2.
|inactive|knoxvillninja has 30 seconds to confirm battle start!
