|j|☆lazarett
|j|☆Il mule
|html|lazarettIl mule    
|uhtml|bestof|Game 1 of a best-of-3
|t:|1756208537
|gametype|doubles
|player|p1|lazarett|riley|1401
|player|p2|Il mule|salvatore|1485
|gen|9
|tier|[Gen 9] VGC 2025 Reg H (Bo3)
|rated|
|rule|Species Clause: Limit one of each Pokémon
|rule|Item Clause: Limit 1 of each item
|clearpoke
|poke|p1|Dondozo, L50, M|
|poke|p1|Tatsugiri, L50, F|
|poke|p1|Indeedee, L50, M|
|poke|p1|Sneasler, L50, M|
|poke|p1|Murkrow, L50, M|
|poke|p1|Gholdengo, L50|
|poke|p2|Corviknight, L50, M|
|poke|p2|Garchomp, L50, M|
|poke|p2|Tyranitar, L50, M|
|poke|p2|Gholdengo, L50|
|poke|p2|Sneasler, L50, M|
|poke|p2|Incineroar, L50, M|
|teampreview|4
|showteam|p1|Dondozo||SafetyGoggles|Unaware|WaveCrash,Earthquake,OrderUp,Protect|||M|||50|,,,,,Steel]Tatsugiri||ChoiceScarf|Commander|MuddyWater,DracoMeteor,IcyWind,DragonPulse|||F|||50|,,,,,Ghost]Indeedee||FocusSash|PsychicSurge|ExpandingForce,Protect,TrickRoom,HelpingHand|||M|||50|,,,,,Psychic]Sneasler||PsychicSeed|Unburden|CloseCombat,DireClaw,ThroatChop,Protect|||M|||50|,,,,,Dark]Murkrow||Eviolite|Prankster|FoulPlay,Tailwind,Haze,Taunt|||M|||50|,,,,,Ghost]Gholdengo||ChoiceSpecs|GoodasGold|MakeItRain,ShadowBall,PowerGem,Trick||||||50|,,,,,Steel
|showteam|p2|Corviknight||CovertCloak|MirrorArmor|BraveBird,Taunt,Roost,Tailwind|||M|||50|,,,,,Dragon]Garchomp||ClearAmulet|RoughSkin|Earthquake,DragonClaw,StompingTantrum,Protect|||M|||50|,,,,,Ground]Tyranitar||AssaultVest|SandStream|RockSlide,KnockOff,TeraBlast,LowKick|||M|||50|,,,,,Flying]Gholdengo||LifeOrb|GoodasGold|MakeItRain,ShadowBall,NastyPlot,Protect||||||50|,,,,,Water]Sneasler||WhiteHerb|Unburden|DireClaw,CloseCombat,Coaching,Protect|||M|||50|,,,,,Ghost]Incineroar||SitrusBerry|Intimidate|FlareBlitz,WillOWisp,PartingShot,FakeOut|||M|||50|,,,,,Grass
|
|t:|1756208597
|teamsize|p1|4
|teamsize|p2|4
|start
|switch|p1a: Indeedee|Indeedee, L50, M|100/100
|switch|p1b: Sneasler|Sneasler, L50, M|100/100
|switch|p2a: Corviknight|Corviknight, L50, M, shiny|100/100
|switch|p2b: Garchomp|Garchomp, L50, M|100/100
|-fieldstart|move: Psychic Terrain|[from] ability: Psychic Surge|[of] p1a: Indeedee
|-enditem|p1b: Sneasler|Psychic Seed
|-boost|p1b: Sneasler|spd|1|[from] item: Psychic Seed
|turn|1
|inactive|Battle timer is ON: inactive players will automatically lose when time's up. (requested by lazarett)
|inactive|lazarett has 60 seconds left.
|
|t:|1756208629
|-terastallize|p1b: Sneasler|Dark
|move|p1b: Sneasler|Close Combat|p2b: Garchomp
|-damage|p2b: Garchomp|38/100
|-unboost|p1b: Sneasler|def|1
|-unboost|p1b: Sneasler|spd|1
|-damage|p1b: Sneasler|88/100|[from] ability: Rough Skin|[of] p2b: Garchomp
|move|p2b: Garchomp|Earthquake|p1a: Indeedee|[spread] p1a,p1b
|-immune|p2a: Corviknight
|-damage|p1a: Indeedee|16/100
|-damage|p1b: Sneasler|0 fnt
|faint|p1b: Sneasler
|move|p1a: Indeedee|Expanding Force|p2a: Corviknight|[spread] p2a,p2b
|-resisted|p2a: Corviknight
|-damage|p2a: Corviknight|75/100
|-damage|p2b: Garchomp|0 fnt
|faint|p2b: Garchomp
|move|p2a: Corviknight|Tailwind|p2a: Corviknight
|-sidestart|p2: Il mule|move: Tailwind
|
|upkeep
|
|t:|1756208648
|switch|p1b: Dondozo|Dondozo, L50, M|100/100
|switch|p2b: Incineroar|Incineroar, L50, M|100/100
|-ability|p2b: Incineroar|Intimidate|boost
|-unboost|p1a: Indeedee|atk|1
|-unboost|p1b: Dondozo|atk|1
|turn|2
|
|t:|1756208669
|switch|p1b: Tatsugiri|Tatsugiri, L50, F|100/100
|move|p2a: Corviknight|Brave Bird|p1a: Indeedee
|-damage|p1a: Indeedee|0 fnt
|faint|p1a: Indeedee
|-damage|p2a: Corviknight|72/100|[from] Recoil
|move|p2b: Incineroar|Will-O-Wisp|p1b: Tatsugiri
|-status|p1b: Tatsugiri|brn
|
|-damage|p1b: Tatsugiri|94/100 brn|[from] brn
|upkeep
|
|t:|1756208679
|switch|p1a: Dondozo|Dondozo, L50, M|100/100
|-activate|p1b: Tatsugiri|ability: Commander|[of] p1a: Dondozo
|-boost|p1a: Dondozo|atk|2
|-boost|p1a: Dondozo|spa|2
|-boost|p1a: Dondozo|spe|2
|-boost|p1a: Dondozo|def|2
|-boost|p1a: Dondozo|spd|2
|turn|3
|
|t:|1756208689
|move|p2a: Corviknight|Taunt|p1a: Dondozo
|-start|p1a: Dondozo|move: Taunt
|move|p1a: Dondozo|Wave Crash|p2b: Incineroar
|-supereffective|p2b: Incineroar
|-damage|p2b: Incineroar|0 fnt
|faint|p2b: Incineroar
|-damage|p1a: Dondozo|71/100|[from] Recoil
|
|-damage|p1b: Tatsugiri|88/100 brn|[from] brn
|upkeep
|
|t:|1756208697
|switch|p2b: Tyranitar|Tyranitar, L50, M|100/100
|-weather|Sandstorm|[from] ability: Sand Stream|[of] p2b: Tyranitar
|turn|4
|
|t:|1756208717
|-terastallize|p2b: Tyranitar|Flying
|move|p2a: Corviknight|Brave Bird|p1a: Dondozo
|-damage|p1a: Dondozo|56/100
|-damage|p2a: Corviknight|66/100|[from] Recoil
|move|p2b: Tyranitar|Knock Off|p1a: Dondozo
|-damage|p1a: Dondozo|39/100
|-enditem|p1a: Dondozo|Safety Goggles|[from] move: Knock Off|[of] p2b: Tyranitar
|move|p1a: Dondozo|Wave Crash|p2a: Corviknight
|-damage|p2a: Corviknight|0 fnt
|faint|p2a: Corviknight
|-damage|p1a: Dondozo|19/100|[from] Recoil
|
|-weather|Sandstorm|[upkeep]
|-damage|p1b: Tatsugiri|82/100 brn|[from] Sandstorm
|-damage|p2b: Tyranitar|95/100|[from] Sandstorm
|-damage|p1a: Dondozo|13/100|[from] Sandstorm
|-damage|p1b: Tatsugiri|75/100 brn|[from] brn
|-sideend|p2: Il mule|move: Tailwind
|upkeep
|turn|5
|inactive|Il mule has 30 seconds left.
|inactive|Il mule has 20 seconds left.
|
|t:|1756208753
|move|p1a: Dondozo|Order Up|p2b: Tyranitar
|-damage|p2b: Tyranitar|53/100
|-boost|p1a: Dondozo|atk|1
|move|p2b: Tyranitar|Knock Off|p1a: Dondozo
|-damage|p1a: Dondozo|0 fnt
|faint|p1a: Dondozo
|
|-weather|Sandstorm|[upkeep]
|-damage|p1b: Tatsugiri|69/100 brn|[from] Sandstorm
|-damage|p2b: Tyranitar|47/100|[from] Sandstorm
|-damage|p1b: Tatsugiri|63/100 brn|[from] brn
|-fieldend|move: Psychic Terrain
|upkeep
|turn|6
|
|t:|1756208765
|move|p1b: Tatsugiri|Draco Meteor|p2b: Tyranitar
|-damage|p2b: Tyranitar|7/100
|-unboost|p1b: Tatsugiri|spa|2
|move|p2b: Tyranitar|Knock Off|p1b: Tatsugiri
|-damage|p1b: Tatsugiri|0 fnt
|-enditem|p1b: Tatsugiri|Choice Scarf|[from] move: Knock Off|[of] p2b: Tyranitar
|faint|p1b: Tatsugiri
|
|win|Il mule
||Il mule is ready for game 2.
|inactive|lazarett has 30 seconds to confirm battle start!
||lazarett is ready for game 2.
|uhtml|next|Next: Game 2 of 3
