|j|☆Proc541
|j|☆rip bozo lol lmao
|html|Proc541rip bozo lol lmao    
|uhtml|bestof|Game 1 of a best-of-3
|t:|1757734266
|gametype|doubles
|player|p1|Proc541|102|1030
|player|p2|rip bozo lol lmao|miku-fairy|1107
|gen|9
|tier|[Gen 9] VGC 2025 Reg H (Bo3)
|rated|
|rule|Species Clause: Limit one of each Pokémon
|rule|Item Clause: Limit 1 of each item
|clearpoke
|poke|p1|Annihilape, L50, F|
|poke|p1|Garchomp, L50, F|
|poke|p1|Hydreigon, L50, M|
|poke|p1|Gholdengo, L50|
|poke|p1|Arcanine, L50, M|
|poke|p1|Clefairy, L50, F|
|poke|p2|Volcarona, L50, M|
|poke|p2|Basculegion, L50, M|
|poke|p2|Baxcalibur, L50, M|
|poke|p2|Rillaboom, L50, F|
|poke|p2|Sneasler, L50, M|
|poke|p2|Ninetales-Alola, L50, M|
|teampreview|4
|showteam|p1|Annihilape||SitrusBerry|Defiant|Protect,BulkUp,DrainPunch,RageFist|||F|||50|,,,,,Water]Garchomp||LifeOrb|RoughSkin|Protect,StompingTantrum,DragonClaw,Earthquake|||F|||50|,,,,,Steel]Hydreigon||ChoiceSpecs|Levitate|HeatWave,Snarl,DarkPulse,DracoMeteor|||M|||50|,,,,,Fire]Gholdengo||MetalCoat|GoodasGold|Protect,NastyPlot,ShadowBall,MakeItRain||||||50|,,,,,Steel]Arcanine||SafetyGoggles|Intimidate|ExtremeSpeed,FlareBlitz,WillOWisp,Protect|||M|||50|,,,,,Fire]Clefairy||Eviolite|FriendGuard|Protect,FollowMe,SunnyDay,Moonblast|||F|||50|,,,,,Water
|showteam|p2|Volcarona||Leftovers|FlameBody|FieryDance,GigaDrain,QuiverDance,Protect|||M|||50|,,,,,Grass]Basculegion||ChoiceScarf|Adaptability|WaveCrash,LastRespects,FlipTurn,AquaJet|||M|||50|,,,,,Water]Baxcalibur||LoadedDice|ThermalExchange|IcicleSpear,ScaleShot,IceShard,Protect|||M|||50|,,,,,Ghost]Rillaboom||AssaultVest|GrassySurge|GrassyGlide,FakeOut,WoodHammer,Uturn|||F|||50|,,,,,Fire]Sneasler||WhiteHerb|Unburden|DireClaw,CloseCombat,Coaching,Protect|||M|||50|,,,,,Ghost]Ninetales-Alola||CovertCloak|SnowWarning|Blizzard,AuroraVeil,Encore,Protect|||M|||50|,,,,,Water
|
|t:|1757734326
|teamsize|p1|4
|teamsize|p2|4
|start
|switch|p1a: Clefairy|Clefairy, L50, F|100/100
|switch|p1b: Hydreigon|Hydreigon, L50, M|100/100
|switch|p2a: Portgas D. Moth|Volcarona, L50, M, shiny|100/100
|switch|p2b: Ninetales-She/They|Ninetales-Alola, L50, M|100/100
|-weather|Snowscape|[from] ability: Snow Warning|[of] p2b: Ninetales-She/They
|turn|1
|
|t:|1757734350
|-terastallize|p1b: Hydreigon|Fire
|move|p2b: Ninetales-She/They|Aurora Veil|p2b: Ninetales-She/They
|-sidestart|p2: rip bozo lol lmao|move: Aurora Veil
|move|p1b: Hydreigon|Snarl|p2a: Portgas D. Moth|[spread] p2a,p2b
|-resisted|p2b: Ninetales-She/They
|-damage|p2a: Portgas D. Moth|79/100
|-damage|p2b: Ninetales-She/They|88/100
|-unboost|p2a: Portgas D. Moth|spa|1
|move|p2a: Portgas D. Moth|Quiver Dance|p2a: Portgas D. Moth
|-boost|p2a: Portgas D. Moth|spa|1
|-boost|p2a: Portgas D. Moth|spd|1
|-boost|p2a: Portgas D. Moth|spe|1
|move|p1a: Clefairy|Sunny Day|p1a: Clefairy
|-weather|SunnyDay
|
|-weather|SunnyDay|[upkeep]
|-heal|p2a: Portgas D. Moth|85/100|[from] item: Leftovers
|upkeep
|turn|2
|
|t:|1757734370
|switch|p1b: Arcanine|Arcanine, L50, M|100/100
|-ability|p1b: Arcanine|Intimidate|boost
|-unboost|p2a: Portgas D. Moth|atk|1
|-unboost|p2b: Ninetales-She/They|atk|1
|move|p1a: Clefairy|Protect|p1a: Clefairy
|-singleturn|p1a: Clefairy|Protect
|move|p2a: Portgas D. Moth|Quiver Dance|p2a: Portgas D. Moth
|-boost|p2a: Portgas D. Moth|spa|1
|-boost|p2a: Portgas D. Moth|spd|1
|-boost|p2a: Portgas D. Moth|spe|1
|move|p2b: Ninetales-She/They|Encore|p1a: Clefairy
|-activate|p1a: Clefairy|move: Protect
|
|-weather|SunnyDay|[upkeep]
|-heal|p2a: Portgas D. Moth|91/100|[from] item: Leftovers
|upkeep
|turn|3
|
|t:|1757734388
|switch|p2b: I'm sorry.|Sneasler, L50, M|100/100
|move|p2a: Portgas D. Moth|Fiery Dance|p1a: Clefairy
|-damage|p1a: Clefairy|7/100
|move|p1b: Arcanine|Flare Blitz|p2a: Portgas D. Moth
|-damage|p2a: Portgas D. Moth|32/100
|-damage|p1b: Arcanine|78/100|[from] Recoil
|move|p1a: Clefairy|Moonblast|p2a: Portgas D. Moth
|-resisted|p2a: Portgas D. Moth
|-damage|p2a: Portgas D. Moth|29/100
|
|-weather|SunnyDay|[upkeep]
|-heal|p2a: Portgas D. Moth|35/100|[from] item: Leftovers
|upkeep
|turn|4
|
|t:|1757734430
|move|p2a: Portgas D. Moth|Protect|p2a: Portgas D. Moth
|-singleturn|p2a: Portgas D. Moth|Protect
|move|p1a: Clefairy|Protect|p1a: Clefairy
|-singleturn|p1a: Clefairy|Protect
|move|p1b: Arcanine|Extreme Speed|p2a: Portgas D. Moth
|-activate|p2a: Portgas D. Moth|move: Protect
|move|p2b: I'm sorry.|Coaching|p2a: Portgas D. Moth
|-boost|p2a: Portgas D. Moth|atk|1
|-boost|p2a: Portgas D. Moth|def|1
|
|-weather|SunnyDay|[upkeep]
|-heal|p2a: Portgas D. Moth|42/100|[from] item: Leftovers
|upkeep
|turn|5
|
|t:|1757734460
|move|p1a: Clefairy|Protect|p1a: Clefairy
|-singleturn|p1a: Clefairy|Protect
|move|p2a: Portgas D. Moth|Giga Drain|p1a: Clefairy
|-activate|p1a: Clefairy|move: Protect
|move|p2b: I'm sorry.|Close Combat|p1b: Arcanine
|-damage|p1b: Arcanine|15/100
|-unboost|p2b: I'm sorry.|def|1
|-unboost|p2b: I'm sorry.|spd|1
|-enditem|p2b: I'm sorry.|White Herb
|-clearnegativeboost|p2b: I'm sorry.|[silent]
|move|p1b: Arcanine|Flare Blitz|p2a: Portgas D. Moth
|-damage|p2a: Portgas D. Moth|0 fnt
|faint|p2a: Portgas D. Moth
|-damage|p1b: Arcanine|0 fnt|[from] Recoil
|faint|p1b: Arcanine
|
|-weather|none
|-sideend|p2: rip bozo lol lmao|move: Aurora Veil
|upkeep
|
|t:|1757734476
|switch|p1b: Gholdengo|Gholdengo, L50|100/100
|switch|p2a: Ninetales-She/They|Ninetales-Alola, L50, M|88/100
|-weather|Snowscape|[from] ability: Snow Warning|[of] p2a: Ninetales-She/They
|turn|6
|
|t:|1757734486
|move|p2b: I'm sorry.|Protect|p2b: I'm sorry.
|-singleturn|p2b: I'm sorry.|Protect
|move|p2a: Ninetales-She/They|Aurora Veil|p2a: Ninetales-She/They
|-sidestart|p2: rip bozo lol lmao|move: Aurora Veil
|move|p1b: Gholdengo|Nasty Plot|p1b: Gholdengo
|-boost|p1b: Gholdengo|spa|2
|move|p1a: Clefairy|Sunny Day|p1a: Clefairy
|-weather|SunnyDay
|
|-weather|SunnyDay|[upkeep]
|upkeep
|turn|7
|
|t:|1757734505
|move|p2b: I'm sorry.|Protect||[still]
|-fail|p2b: I'm sorry.
|move|p1a: Clefairy|Protect|p1a: Clefairy
|-singleturn|p1a: Clefairy|Protect
|move|p2a: Ninetales-She/They|Encore|p1a: Clefairy
|-activate|p1a: Clefairy|move: Protect
|move|p1b: Gholdengo|Make It Rain|p2b: I'm sorry.|[spread] p2a,p2b
|-supereffective|p2a: Ninetales-She/They
|-damage|p2a: Ninetales-She/They|0 fnt
|-damage|p2b: I'm sorry.|2/100
|-unboost|p1b: Gholdengo|spa|1
|faint|p2a: Ninetales-She/They
|
|-weather|SunnyDay|[upkeep]
|upkeep
|
|t:|1757734508
|switch|p2a: A strong fellow|Baxcalibur, L50, M|100/100
|turn|8
|
|t:|1757734533
|-terastallize|p2a: A strong fellow|Ghost
|move|p1b: Gholdengo|Protect|p1b: Gholdengo
|-singleturn|p1b: Gholdengo|Protect
|move|p2b: I'm sorry.|Coaching|p2a: A strong fellow
|-boost|p2a: A strong fellow|atk|1
|-boost|p2a: A strong fellow|def|1
|move|p2a: A strong fellow|Icicle Spear|p1b: Gholdengo
|-activate|p1b: Gholdengo|move: Protect
|move|p1a: Clefairy|Moonblast|p2a: A strong fellow
|-damage|p2a: A strong fellow|83/100
|
|-weather|SunnyDay|[upkeep]
|upkeep
|turn|9
|
|t:|1757734550
|move|p2b: I'm sorry.|Coaching|p2a: A strong fellow
|-boost|p2a: A strong fellow|atk|1
|-boost|p2a: A strong fellow|def|1
|move|p1b: Gholdengo|Make It Rain|p2a: A strong fellow|[spread] p2a,p2b
|-damage|p2a: A strong fellow|24/100
|-damage|p2b: I'm sorry.|0 fnt
|-unboost|p1b: Gholdengo|spa|1
|faint|p2b: I'm sorry.
|move|p2a: A strong fellow|Scale Shot|p1b: Gholdengo
|-resisted|p1b: Gholdengo
|-damage|p1b: Gholdengo|87/100
|-resisted|p1b: Gholdengo
|-damage|p1b: Gholdengo|73/100
|-resisted|p1b: Gholdengo
|-crit|p1b: Gholdengo
|-damage|p1b: Gholdengo|52/100
|-resisted|p1b: Gholdengo
|-damage|p1b: Gholdengo|39/100
|-resisted|p1b: Gholdengo
|-damage|p1b: Gholdengo|25/100
|-hitcount|p1b: Gholdengo|5
|-unboost|p2a: A strong fellow|def|1
|-boost|p2a: A strong fellow|spe|1
|move|p1a: Clefairy|Moonblast|p2a: A strong fellow
|-damage|p2a: A strong fellow|7/100
|
|-weather|SunnyDay|[upkeep]
|upkeep
|turn|10
|
|t:|1757734582
|move|p2a: A strong fellow|Ice Shard|p1a: Clefairy
|-damage|p1a: Clefairy|0 fnt
|faint|p1a: Clefairy
|move|p1b: Gholdengo|Shadow Ball|p2a: A strong fellow
|-supereffective|p2a: A strong fellow
|-damage|p2a: A strong fellow|0 fnt
|faint|p2a: A strong fellow
|
|win|Proc541
