|j|☆SEROO
|j|☆Balbuena
|html|SEROOBalbuena    
|uhtml|bestof|Game 2 of a best-of-3
|t:|1784047757
|gametype|doubles
|player|p1|SEROO|#sspliislowpokes|
|player|p2|Balbuena|galacticgruntf|
|gen|9
|tier|[Gen 9 Champions] VGC 2026 Reg M-B (Bo3)
|rule|Species Clause: Limit one of each Pokémon
|rule|Item Clause: Limit 1 of each item
|clearpoke
|poke|p1|Grimmsnarl, L50, M|
|poke|p1|Swampert, L50, M|
|poke|p1|Pelipper, L50, M|
|poke|p1|Archaludon, L50, M|
|poke|p1|Sinistcha, L50|
|poke|p1|Metagross, L50|
|poke|p2|Victreebel, L50, M|
|poke|p2|Charizard, L50, M|
|poke|p2|Sylveon, L50, F|
|poke|p2|Incineroar, L50, M|
|poke|p2|Garchomp, L50, M|
|poke|p2|Farigiraf, L50, M|
|teampreview|4
|showteam|p1|Grimmsnarl||LightClay|Prankster|FoulPlay,PartingShot,Reflect,LightScreen|Calm||M|||50|]Swampert||Swampertite|Damp|WaveCrash,Earthquake,IcePunch,Protect|Adamant||M|||50|]Pelipper||SitrusBerry|Drizzle|Hurricane,WeatherBall,Tailwind,WideGuard|Modest||M|||50|]Archaludon||Leftovers|Stamina|ElectroShot,DragonPulse,FlashCannon,Protect|Modest||M|||50|]Sinistcha||CobaBerry|Hospitality|MatchaGotcha,RagePowder,TrickRoom,Protect|Relaxed|||||50|]Metagross||Metagrossite|ClearBody|IronHead,PsychicFangs,BodyPress,Protect|Jolly|||||50|
|showteam|p2|Victreebel||FocusSash|Chlorophyll|SleepPowder,LeafStorm,Protect,Encore|Timid||M|||50|]Charizard||CharizarditeY|Blaze|HeatWave,WeatherBall,SolarBeam,Protect|Modest||M|||50|]Sylveon||FairyFeather|Pixilate|HyperVoice,HyperBeam,QuickAttack,Protect|Modest||F|||50|]Incineroar||SitrusBerry|Intimidate|FakeOut,FlareBlitz,PartingShot,DarkestLariat|Careful||M|||50|]Garchomp||LifeOrb|RoughSkin|Earthquake,DragonClaw,RockSlide,Protect|Jolly||M|||50|]Farigiraf||ColburBerry|ArmorTail|Psychic,Thunderbolt,TrickRoom,Protect|Modest||M|||50|
|j| ChompyGM
|c|☆SEROO|hf
|j| juanale22
|j| 1OO% Jesus
|j| Ikerros2010
|l| juanale22
|j| Jmf_vgc_92
|l| Ikerros2010
|j| lokito777
|j| juanale22
|j| shishio_ax
|j| Jarita
|j| kevidmc
|
|t:|1784047826
|teamsize|p1|4
|teamsize|p2|4
|start
|switch|p1a: Pelipper|Pelipper, L50, M|100/100
|switch|p1b: Metagross|Metagross, L50|100/100
|switch|p2a: Victreebel|Victreebel, L50, M|100/100
|switch|p2b: Sylveon|Sylveon, L50, F|100/100
|-weather|RainDance|[from] ability: Drizzle|[of] p1a: Pelipper
|turn|1
|j| qqisback
|
|t:|1784047869
|switch|p2b: Charizard|Charizard, L50, M|100/100
|move|p2a: Victreebel|Sleep Powder|p1a: Pelipper
|-status|p1a: Pelipper|slp|[from] move: Sleep Powder
|move|p1b: Metagross|Iron Head|p2b: Charizard
|-resisted|p2b: Charizard|1
|-damage|p2b: Charizard|80/100
|cant|p1a: Pelipper|slp
|
|-weather|RainDance|[upkeep]
|upkeep
|turn|2
|j| tetrisvgc
|
|t:|1784047931
|switch|p1a: Grimmsnarl|Grimmsnarl, L50, M|100/100
|detailschange|p2b: Charizard|Charizard-Mega-Y, L50, M
|-mega|p2b: Charizard|Charizard|Charizardite Y
|-weather|SunnyDay|[from] ability: Drought|[of] p2b: Charizard
|move|p1b: Metagross|Protect|p1b: Metagross
|-singleturn|p1b: Metagross|Protect
|move|p2a: Victreebel|Leaf Storm|p1a: Grimmsnarl
|-damage|p1a: Grimmsnarl|46/100
|-unboost|p2a: Victreebel|spa|2
|move|p2b: Charizard|Weather Ball|p1b: Metagross
|-activate|p1b: Metagross|move: Protect
|
|-weather|SunnyDay|[upkeep]
|upkeep
|turn|3
|j| Joyfulwizard
|
|t:|1784047978
|switch|p2b: Sylveon|Sylveon, L50, F|100/100
|detailschange|p1b: Metagross|Metagross-Mega, L50
|-mega|p1b: Metagross|Metagross|Metagrossite
|move|p1a: Grimmsnarl|Parting Shot|p2b: Sylveon
|-unboost|p2b: Sylveon|atk|1
|-unboost|p2b: Sylveon|spa|1
|
|t:|1784047984
|switch|p1a: Pelipper|Pelipper, L50, M|100/100 slp|[from] Parting Shot
|-weather|RainDance|[from] ability: Drizzle|[of] p1a: Pelipper
|move|p1b: Metagross|Psychic Fangs|p2b: Sylveon
|-crit|p2b: Sylveon
|-damage|p2b: Sylveon|2/100
|move|p2a: Victreebel|Encore|p1b: Metagross
|-start|p1b: Metagross|Encore
|
|-weather|RainDance|[upkeep]
|upkeep
|turn|4
|
|t:|1784048007
|switch|p1a: Grimmsnarl|Grimmsnarl, L50, M|46/100
|move|p2a: Victreebel|Protect|p2a: Victreebel
|-singleturn|p2a: Victreebel|Protect
|move|p1b: Metagross|Psychic Fangs|p2b: Sylveon
|-damage|p2b: Sylveon|0 fnt
|faint|p2b: Sylveon
|
|-weather|RainDance|[upkeep]
|upkeep
|
|t:|1784048016
|switch|p2b: Garchomp|Garchomp, L50, M|100/100
|turn|5
|l| tetrisvgc
|
|t:|1784048050
|switch|p2a: Charizard|Charizard-Mega-Y, L50, M|80/100
|-weather|SunnyDay|[from] ability: Drought|[of] p2a: Charizard
|move|p1a: Grimmsnarl|Parting Shot|p2b: Garchomp
|-unboost|p2b: Garchomp|atk|1
|-unboost|p2b: Garchomp|spa|1
|
|t:|1784048067
|switch|p1a: Pelipper|Pelipper, L50, M|100/100 slp|[from] Parting Shot
|-weather|RainDance|[from] ability: Drizzle|[of] p1a: Pelipper
|move|p1b: Metagross|Psychic Fangs|p2a: Charizard
|-damage|p2a: Charizard|16/100
|move|p2b: Garchomp|Earthquake|p1b: Metagross|[spread] p1b
|-immune|p2a: Charizard
|-immune|p1a: Pelipper
|-supereffective|p1b: Metagross|1
|-damage|p1b: Metagross|44/100
|-damage|p2b: Garchomp|90/100|[from] item: Life Orb
|
|-weather|RainDance|[upkeep]
|upkeep
|turn|6
|
|t:|1784048092
|switch|p1b: Archaludon|Archaludon, L50, M|100/100
|move|p2a: Charizard|Protect|p2a: Charizard
|-singleturn|p2a: Charizard|Protect
|move|p2b: Garchomp|Earthquake|p1b: Archaludon|[spread] p1b
|-activate|p2a: Charizard|move: Protect
|-immune|p1a: Pelipper
|-supereffective|p1b: Archaludon|1
|-damage|p1b: Archaludon|48/100
|-ability|p1b: Archaludon|Stamina|boost
|-boost|p1b: Archaludon|def|1
|-damage|p2b: Garchomp|80/100|[from] item: Life Orb
|-curestatus|p1a: Pelipper|slp|[msg]
|move|p1a: Pelipper|Tailwind|p1a: Pelipper
|-sidestart|p1: SEROO|move: Tailwind
|
|-weather|RainDance|[upkeep]
|-heal|p1b: Archaludon|54/100|[from] item: Leftovers
|upkeep
|turn|7
|j| Shiritu
|l|☆SEROO
|player|p1|
|l| Joyfulwizard
|
|t:|1784048124
|switch|p2a: Victreebel|Victreebel, L50, M|100/100
|move|p1b: Archaludon|Dragon Pulse|p2b: Garchomp
|-supereffective|p2b: Garchomp|1
|-damage|p2b: Garchomp|0 fnt
|faint|p2b: Garchomp
|move|p1a: Pelipper|Hurricane|p2a: Victreebel
|-supereffective|p2a: Victreebel|1
|-enditem|p2a: Victreebel|Focus Sash
|-damage|p2a: Victreebel|1/100
|
|-weather|RainDance|[upkeep]
|-heal|p1b: Archaludon|60/100|[from] item: Leftovers
|upkeep
|
|t:|1784048129
|switch|p2b: Charizard|Charizard-Mega-Y, L50, M|16/100
|-weather|SunnyDay|[from] ability: Drought|[of] p2b: Charizard
|turn|8
|l| ChompyGM
|j|☆SEROO
|player|p1|SEROO|#sspliislowpokes|
|
|t:|1784048165
|switch|p1a: Grimmsnarl|Grimmsnarl, L50, M|46/100
|move|p1b: Archaludon|Protect|p1b: Archaludon
|-singleturn|p1b: Archaludon|Protect
|move|p2a: Victreebel|Sleep Powder|p1a: Grimmsnarl
|-status|p1a: Grimmsnarl|slp|[from] move: Sleep Powder
|move|p2b: Charizard|Heat Wave|p1a: Grimmsnarl|[spread] p1a
|-activate|p1b: Archaludon|move: Protect
|-damage|p1a: Grimmsnarl|0 fnt
|faint|p1a: Grimmsnarl
|
|-weather|SunnyDay|[upkeep]
|-heal|p1b: Archaludon|67/100|[from] item: Leftovers
|upkeep
|
|t:|1784048196
|switch|p1a: Pelipper|Pelipper, L50, M|100/100
|-weather|RainDance|[from] ability: Drizzle|[of] p1a: Pelipper
|turn|9
|l| Jarita
|
|t:|1784048202
|move|p2a: Victreebel|Protect|p2a: Victreebel
|-singleturn|p2a: Victreebel|Protect
|move|p2b: Charizard|Protect|p2b: Charizard
|-singleturn|p2b: Charizard|Protect
|move|p1b: Archaludon|Dragon Pulse|p2a: Victreebel
|-activate|p2a: Victreebel|move: Protect
|move|p1a: Pelipper|Weather Ball|p2b: Charizard
|-activate|p2b: Charizard|move: Protect
|
|-weather|RainDance|[upkeep]
|-heal|p1b: Archaludon|73/100|[from] item: Leftovers
|-sideend|p1: SEROO|move: Tailwind
|upkeep
|turn|10
|l| Shiritu
|j| Shiritu
|
|t:|1784048259
|move|p2a: Victreebel|Sleep Powder|p1a: Pelipper
|-status|p1a: Pelipper|slp|[from] move: Sleep Powder
|move|p2b: Charizard|Weather Ball|p1b: Archaludon
|-resisted|p1b: Archaludon|1
|-damage|p1b: Archaludon|44/100
|-ability|p1b: Archaludon|Stamina|boost
|-boost|p1b: Archaludon|def|1
|move|p1b: Archaludon|Dragon Pulse|p2b: Charizard
|-damage|p2b: Charizard|0 fnt
|faint|p2b: Charizard
|cant|p1a: Pelipper|slp
|
|-weather|RainDance|[upkeep]
|-heal|p1b: Archaludon|50/100g|[from] item: Leftovers
|upkeep
|turn|11
|c|☆Balbuena|gg
|-message|Balbuena forfeited.
|
|win|SEROO
|c|☆SEROO|gg
