|j|☆MasterSkillsalt
|j|☆Bananabread1398
|html|MasterSkillsaltBananabread1398    
|uhtml|bestof|Game 3 of a best-of-3
|t:|1783263478
|gametype|doubles
|player|p1|MasterSkillsalt|265|
|player|p2|Bananabread1398|2|
|gen|9
|tier|[Gen 9 Champions] VGC 2026 Reg M-B (Bo3)
|rule|Species Clause: Limit one of each Pokémon
|rule|Item Clause: Limit 1 of each item
|clearpoke
|poke|p1|Meowscarada, L50, M|
|poke|p1|Archaludon, L50, F|
|poke|p1|Starmie, L50|
|poke|p1|Gholdengo, L50|
|poke|p1|Sceptile, L50, M|
|poke|p1|Zoroark, L50, F|
|poke|p2|Lopunny, L50, F|
|poke|p2|Whimsicott, L50, M|
|poke|p2|Basculegion, L50, M|
|poke|p2|Flapple, L50, M|
|poke|p2|Mudsdale, L50, F|
|poke|p2|Raichu, L50, F|
|teampreview|4
|showteam|p1|Meowscarada||BlackGlasses|Overgrow|SuckerPunch,KnockOff,FlowerTrick,Protect|Adamant||M|||50|]Archaludon||Leftovers|Stamina|FlashCannon,ElectroShot,DracoMeteor,Protect|Modest||F|||50|]Starmie||Starminite|NaturalCure|AquaJet,Protect,Liquidation,SkillSwap|Adamant|||||50|]Gholdengo||LifeOrb|GoodasGold|ShadowBall,MakeItRain,Protect,NastyPlot|Modest|||||50|]Sceptile||Sceptilite|Overgrow|LeafStorm,DragonPulse,EarthPower,Protect|Modest||M|||50|]Zoroark||FocusSash|Illusion|Encore,NightDaze,Taunt,RainDance|Timid||F|||50|
|showteam|p2|Lopunny||Lopunnite|CuteCharm|CloseCombat,FakeOut,Protect,IcePunch|Jolly||F|||50|]Whimsicott||MentalHerb|Prankster|SunnyDay,Tailwind,Protect,Moonblast|Bold||M|||50|]Basculegion||FocusSash|Adaptability|AquaJet,LastRespects,Protect,WaveCrash|Jolly||M|||50|]Flapple||ChoiceScarf|Hustle|GravApple,DragonRush,SuckerPunch,Uturn|Jolly||M|||50|]Mudsdale||LifeOrb|InnerFocus|HighHorsepower,Bulldoze,Earthquake,SunnyDay|Adamant||F|||50|]Raichu||RaichuniteY|Static|FocusBlast,Thunder,FakeOut,Protect|Hasty||F|||50|
|
|t:|1783263524
|teamsize|p1|4
|teamsize|p2|4
|start
|switch|p1a: Sceptile|Sceptile, L50, M|100/100
|switch|p1b: Gholdengo|Gholdengo, L50|100/100
|switch|p2a: Whimsicott|Whimsicott, L50, M|100/100
|switch|p2b: Lopunny|Lopunny, L50, F|100/100
|turn|1
|
|t:|1783263550
|detailschange|p2b: Lopunny|Lopunny-Mega, L50, F
|-mega|p2b: Lopunny|Lopunny|Lopunnite
|detailschange|p1a: Sceptile|Sceptile-Mega, L50, M
|-mega|p1a: Sceptile|Sceptile|Sceptilite
|move|p2a: Whimsicott|Tailwind|p2a: Whimsicott
|-sidestart|p2: Bananabread1398|move: Tailwind
|move|p2b: Lopunny|Ice Punch|p1a: Sceptile
|-supereffective|p1a: Sceptile|2
|-damage|p1a: Sceptile|0 fnt
|faint|p1a: Sceptile
|move|p1b: Gholdengo|Make It Rain|p2b: Lopunny|[spread] p2a,p2b
|-supereffective|p2a: Whimsicott|1
|-crit|p2a: Whimsicott
|-damage|p2a: Whimsicott|0 fnt
|-damage|p2b: Lopunny|7/100
|-unboost|p1b: Gholdengo|spa|2
|faint|p2a: Whimsicott
|-damage|p1b: Gholdengo|90/100|[from] item: Life Orb
|
|upkeep
|
|t:|1783263582
|switch|p1a: Meowscarada|Meowscarada, L50, M|100/100
|switch|p2a: Mudsdale|Mudsdale, L50, F|100/100
|turn|2
|
|t:|1783263634
|move|p2b: Lopunny|Protect|p2b: Lopunny
|-singleturn|p2b: Lopunny|Protect
|move|p1b: Gholdengo|Protect|p1b: Gholdengo
|-singleturn|p1b: Gholdengo|Protect
|move|p1a: Meowscarada|Sucker Punch||[still]
|-fail|p1a: Meowscarada
|move|p2a: Mudsdale|Earthquake|p1a: Meowscarada|[spread] p1a
|-activate|p2b: Lopunny|move: Protect
|-activate|p1b: Gholdengo|move: Protect
|-resisted|p1a: Meowscarada|1
|-damage|p1a: Meowscarada|56/100
|-damage|p2a: Mudsdale|90/100|[from] item: Life Orb
|
|upkeep
|turn|3
|
|t:|1783263728
|move|p1a: Meowscarada|Sucker Punch|p2b: Lopunny
|-resisted|p2b: Lopunny|1
|-damage|p2b: Lopunny|0 fnt
|faint|p2b: Lopunny
|move|p2a: Mudsdale|Earthquake|p1b: Gholdengo|[spread] p1a,p1b
|-resisted|p1a: Meowscarada|1
|-supereffective|p1b: Gholdengo|1
|-damage|p1a: Meowscarada|12/100
|-damage|p1b: Gholdengo|0 fnt
|faint|p1b: Gholdengo
|-damage|p2a: Mudsdale|80/100|[from] item: Life Orb
|
|upkeep
|
|t:|1783263742
|switch|p2b: Basculegion|Basculegion, L50, M|100/100
|switch|p1b: Starmie|Starmie, L50|100/100
|turn|4
|
|t:|1783263774
|move|p1a: Meowscarada|Protect|p1a: Meowscarada
|-singleturn|p1a: Meowscarada|Protect
|move|p1b: Starmie|Protect|p1b: Starmie
|-singleturn|p1b: Starmie|Protect
|move|p2b: Basculegion|Last Respects|p1b: Starmie
|-activate|p1b: Starmie|move: Protect
|move|p2a: Mudsdale|High Horsepower|p1a: Meowscarada
|-activate|p1a: Meowscarada|move: Protect
|
|-sideend|p2: Bananabread1398|move: Tailwind
|upkeep
|turn|5
|
|t:|1783263825
|move|p2b: Basculegion|Protect|p2b: Basculegion
|-singleturn|p2b: Basculegion|Protect
|move|p1a: Meowscarada|Sucker Punch||[still]
|-fail|p1a: Meowscarada
|move|p1b: Starmie|Aqua Jet|p2b: Basculegion
|-activate|p2b: Basculegion|move: Protect
|move|p2a: Mudsdale|High Horsepower|p1a: Meowscarada
|-resisted|p1a: Meowscarada|1
|-damage|p1a: Meowscarada|0 fnt
|faint|p1a: Meowscarada
|-damage|p2a: Mudsdale|71/100|[from] item: Life Orb
|
|upkeep
|turn|6
|
|t:|1783263860
|move|p1b: Starmie|Liquidation|p2a: Mudsdale
|-supereffective|p2a: Mudsdale|1
|-damage|p2a: Mudsdale|6/100
|move|p2b: Basculegion|Last Respects|p1b: Starmie
|-supereffective|p1b: Starmie|1
|-damage|p1b: Starmie|0 fnt
|faint|p1b: Starmie
|
|win|Bananabread1398
