|j|☆D_Bastial
|j|☆schleorge
|html|D_Bastialschleorge    
|uhtml|bestof|Game 1 of a best-of-3
|t:|1757810606
|gametype|doubles
|player|p1|D_Bastial|clay|1237
|player|p2|schleorge|bianca|1347
|gen|9
|tier|[Gen 9] VGC 2025 Reg H (Bo3)
|rated|
|rule|Species Clause: Limit one of each Pokémon
|rule|Item Clause: Limit 1 of each item
|clearpoke
|poke|p1|Weezing, L50, F|
|poke|p1|Slaking, L50, F|
|poke|p1|Dondozo, L50, F|
|poke|p1|Tatsugiri-Droopy, L50, F|
|poke|p1|Kilowattrel, L50, M|
|poke|p1|Mamoswine, L50, M|
|poke|p2|Sneasler, L50, M|
|poke|p2|Ursaluna-Bloodmoon, L50, M|
|poke|p2|Dragonite, L50, M|
|poke|p2|Gholdengo, L50|
|poke|p2|Amoonguss, L50, F|
|poke|p2|Incineroar, L50, M|
|teampreview|4
|showteam|p1|Weezing||CovertCloak|NeutralizingGas|Protect,WillOWisp,ToxicSpikes,SludgeBomb|||F|||50|,,,,,Flying]Slaking||LifeOrb|Truant|SuckerPunch,DoubleEdge,HighHorsepower,Protect|||F|||50|,,,,,Ghost]Dondozo||Leftovers|Unaware|Protect,WaveCrash,Substitute,Earthquake|||F|||50|,,,,,Ground]Tatsugiri-Droopy||AssaultVest|Commander|MirrorCoat,DracoMeteor,IcyWind,MuddyWater|||F|||50|,,,,,Steel]Kilowattrel||ChoiceSpecs|Competitive|Discharge,AirSlash,VoltSwitch,Thunderbolt|||M|||50|,,,,,Ghost]Mamoswine||FocusSash|Oblivious|IceShard,Protect,IcicleCrash,Earthquake|||M|||50|,,,,,Ghost
|showteam|p2|Sneasler||FocusSash|Unburden|CloseCombat,DireClaw,ThroatChop,Protect|||M|||50|,,,,,Stellar]Ursaluna-Bloodmoon||AssaultVest|MindsEye|HyperVoice,BloodMoon,EarthPower,VacuumWave|||M|||50|,,,,,Water]Dragonite||LoadedDice|Multiscale|ScaleShot,Tailwind,Haze,Protect|||M|||50|,,,,,Fairy]Gholdengo||LifeOrb|GoodasGold|MakeItRain,ShadowBall,NastyPlot,Protect||||||50|,,,,,Water]Amoonguss||SitrusBerry|Regenerator|Spore,RagePowder,PollenPuff,Protect|||F|||50|,,,,,Psychic]Incineroar||SafetyGoggles|Intimidate|FlareBlitz,KnockOff,PartingShot,FakeOut|||M|||50|,,,,,Ghost
|
|t:|1757810682
|teamsize|p1|4
|teamsize|p2|4
|start
|switch|p1a: Kilowattrel|Kilowattrel, L50, M|100/100
|switch|p1b: Mamoswine|Mamoswine, L50, M|100/100
|switch|p2a: Sneasler|Sneasler, L50, M|100/100
|switch|p2b: Dragonite|Dragonite, L50, M|100/100
|turn|1
|inactive|Battle timer is ON: inactive players will automatically lose when time's up. (requested by schleorge)
|inactive|D_Bastial has 60 seconds left.
|
|t:|1757810782
|-terastallize|p1a: Kilowattrel|Ghost
|move|p2a: Sneasler|Protect|p2a: Sneasler
|-singleturn|p2a: Sneasler|Protect
|move|p2b: Dragonite|Protect|p2b: Dragonite
|-singleturn|p2b: Dragonite|Protect
|move|p1b: Mamoswine|Ice Shard|p2b: Dragonite
|-activate|p2b: Dragonite|move: Protect
|move|p1a: Kilowattrel|Discharge|p2a: Sneasler|[spread] 
|-activate|p2a: Sneasler|move: Protect
|-activate|p2b: Dragonite|move: Protect
|-immune|p1b: Mamoswine
|
|upkeep
|turn|2
|inactive|schleorge has 30 seconds left.
|
|t:|1757810808
|-terastallize|p2b: Dragonite|Fairy
|move|p1b: Mamoswine|Ice Shard|p2a: Sneasler
|-damage|p2a: Sneasler|64/100
|move|p1a: Kilowattrel|Discharge|p2b: Dragonite|[spread] p2a,p2b
|-immune|p1b: Mamoswine
|-damage|p2a: Sneasler|12/100
|-damage|p2b: Dragonite|81/100
|move|p2a: Sneasler|Dire Claw|p1b: Mamoswine
|-resisted|p1b: Mamoswine
|-damage|p1b: Mamoswine|74/100
|-status|p1b: Mamoswine|psn
|move|p2b: Dragonite|Scale Shot|p1a: Kilowattrel
|-damage|p1a: Kilowattrel|74/100
|-damage|p1a: Kilowattrel|47/100
|-damage|p1a: Kilowattrel|18/100
|-damage|p1a: Kilowattrel|0 fnt
|faint|p1a: Kilowattrel
|-hitcount|p1: Kilowattrel|4
|-unboost|p2b: Dragonite|def|1
|-boost|p2b: Dragonite|spe|1
|
|-damage|p1b: Mamoswine|62/100 psn|[from] psn
|upkeep
|inactive|D_Bastial has 30 seconds left.
|inactive|D_Bastial has 20 seconds left.
|inactive|D_Bastial has 15 seconds left.
|
|t:|1757810850
|switch|p1a: Dondozo|Dondozo, L50, F|100/100
|turn|3
|inactive|schleorge has 30 seconds left.
|inactive|schleorge has 20 seconds left.
|
|t:|1757810886
|switch|p2a: Amoonguss|Amoonguss, L50, F|100/100
|move|p1b: Mamoswine|Ice Shard|p2a: Amoonguss
|-supereffective|p2a: Amoonguss
|-damage|p2a: Amoonguss|63/100
|move|p2b: Dragonite|Scale Shot|p1b: Mamoswine
|-damage|p1b: Mamoswine|44/100 psn
|-damage|p1b: Mamoswine|28/100 psn
|-damage|p1b: Mamoswine|11/100 psn
|-damage|p1b: Mamoswine|0 fnt
|faint|p1b: Mamoswine
|-hitcount|p1: Mamoswine|4
|-unboost|p2b: Dragonite|def|1
|-boost|p2b: Dragonite|spe|1
|move|p1a: Dondozo|Wave Crash|p2b: Dragonite
|-damage|p2b: Dragonite|32/100
|-damage|p1a: Dondozo|90/100|[from] Recoil
|
|-heal|p1a: Dondozo|96/100|[from] item: Leftovers
|upkeep
|
|t:|1757810894
|switch|p1b: Tatsugiri|Tatsugiri-Droopy, L50, F|100/100
|-activate|p1b: Tatsugiri|ability: Commander|[of] p1a: Dondozo
|-boost|p1a: Dondozo|atk|2
|-boost|p1a: Dondozo|spa|2
|-boost|p1a: Dondozo|spe|2
|-boost|p1a: Dondozo|def|2
|-boost|p1a: Dondozo|spd|2
|turn|4
|
|t:|1757810909
|move|p2b: Dragonite|Haze|p2b: Dragonite
|-clearallboost
|move|p1a: Dondozo|Earthquake|p2a: Amoonguss|[spread] p2a,p2b
|-miss|p1a: Dondozo|p1b: Tatsugiri
|-damage|p2a: Amoonguss|48/100
|-damage|p2b: Dragonite|12/100
|-enditem|p2a: Amoonguss|Sitrus Berry|[eat]
|-heal|p2a: Amoonguss|73/100|[from] item: Sitrus Berry
|move|p2a: Amoonguss|Spore|p1a: Dondozo
|-status|p1a: Dondozo|slp|[from] move: Spore
|
|-heal|p1a: Dondozo|100/100 slp|[from] item: Leftovers
|upkeep
|turn|5
|-message|D_Bastial forfeited.
|
|win|schleorge
|l|☆D_Bastial
|player|p1|
||D_Bastial is ready for game 2.
||schleorge is ready for game 2.
|uhtml|next|Next: Game 2 of 3
