|j|☆burbujina
|j|☆IloveBugs<3
|html|burbujinaIloveBugs<3    
|uhtml|bestof|Game 3 of a best-of-3
|t:|1782565900
|gametype|doubles
|player|p1|burbujina|brawly|1391
|player|p2|IloveBugs<3|shauntal|1260
|gen|9
|tier|[Gen 9 Champions] VGC 2026 Reg M-B (Bo3)
|rated|
|rule|Species Clause: Limit one of each Pokémon
|rule|Item Clause: Limit 1 of each item
|clearpoke
|poke|p1|Swampert, L50, F|
|poke|p1|Pelipper, L50, F|
|poke|p1|Archaludon, L50, F|
|poke|p1|Grimmsnarl, L50, M|
|poke|p1|Metagross, L50|
|poke|p1|Basculegion, L50, M|
|poke|p2|Floette-Eternal, L50, F|
|poke|p2|Glimmora, L50, M|
|poke|p2|Farigiraf, L50, F|
|poke|p2|Whimsicott, L50, M|
|poke|p2|Basculegion, L50, M|
|poke|p2|Incineroar, L50, M|
|teampreview|4
|showteam|p1|Swampert||Swampertite|Damp|WaveCrash,Earthquake,IcePunch,Protect|Adamant||F|||50|]Pelipper||SitrusBerry|Drizzle|Hurricane,WeatherBall,Tailwind,Protect|Bold||F|||50|]Archaludon||Leftovers|Stamina|DragonPulse,FlashCannon,ElectroShot,Protect|Modest||F|||50|]Grimmsnarl||LightClay|Prankster|FoulPlay,Reflect,LightScreen,PartingShot|Careful||M|||50|]Metagross||Metagrossite|ClearBody|IronHead,PsychicFangs,BodyPress,Protect|Jolly|||||50|]Basculegion||ChoiceScarf|Adaptability|WaveCrash,LastRespects,FlipTurn,AquaJet|Jolly||M|||50|
|showteam|p2|Floette-Eternal||Floettite|FlowerVeil|Moonblast,DazzlingGleam,CalmMind,Protect|Modest||F|||50|]Glimmora||FocusSash|ToxicDebris|PowerGem,SludgeBomb,EarthPower,SpikyShield|Timid||M|||50|]Farigiraf||ColburBerry|ArmorTail|TwinBeam,Thunderbolt,HelpingHand,TrickRoom|Bold||F|||50|]Whimsicott||FairyFeather|Prankster|Moonblast,Encore,Tailwind,Protect|Bold||M|||50|]Basculegion||SitrusBerry|Adaptability|WaveCrash,LastRespects,AquaJet,Protect|Adamant||M|||50|]Incineroar||ChopleBerry|Intimidate|FlareBlitz,ThroatChop,FakeOut,PartingShot|Brave||M|||50|
|inactive|Battle timer is ON: inactive players will automatically lose when time's up. (requested by IloveBugs<3)
|
|t:|1782565913
|teamsize|p1|4
|teamsize|p2|4
|start
|switch|p1a: Swampert|Swampert, L50, F|100/100
|switch|p1b: Pelipper|Pelipper, L50, F|100/100
|switch|p2a: Glimmora|Glimmora, L50, M|100/100
|switch|p2b: Whimsicott|Whimsicott, L50, M|100/100
|-weather|RainDance|[from] ability: Drizzle|[of] p1b: Pelipper
|turn|1
|
|t:|1782565934
|detailschange|p1a: Swampert|Swampert-Mega, L50, F
|-mega|p1a: Swampert|Swampert|Swampertite
|move|p2b: Whimsicott|Protect|p2b: Whimsicott
|-singleturn|p2b: Whimsicott|Protect
|move|p1a: Swampert|Earthquake|p2a: Glimmora|[spread] p2a
|-activate|p2b: Whimsicott|move: Protect
|-immune|p1b: Pelipper
|-supereffective|p2a: Glimmora|2
|-enditem|p2a: Glimmora|Focus Sash
|-damage|p2a: Glimmora|1/100
|-activate|p2a: Glimmora|ability: Toxic Debris
|-sidestart|p1: burbujina|move: Toxic Spikes
|move|p2a: Glimmora|Power Gem|p1b: Pelipper
|-supereffective|p1b: Pelipper|1
|-damage|p1b: Pelipper|0 fnt
|faint|p1b: Pelipper
|
|-weather|RainDance|[upkeep]
|upkeep
|
|t:|1782565950
|switch|p1b: Archaludon|Archaludon, L50, F|100/100
|turn|2
|inactive|burbujina has 30 seconds left.
|
|t:|1782565978
|move|p2a: Glimmora|Spiky Shield|p2a: Glimmora
|-singleturn|p2a: Glimmora|move: Protect
|move|p1b: Archaludon|Protect|p1b: Archaludon
|-singleturn|p1b: Archaludon|Protect
|move|p2b: Whimsicott|Tailwind|p2b: Whimsicott
|-sidestart|p2: IloveBugs<3|move: Tailwind
|move|p1a: Swampert|Earthquake|p2a: Glimmora|[spread] p2b
|-activate|p1b: Archaludon|move: Protect
|-activate|p2a: Glimmora|move: Protect
|-resisted|p2b: Whimsicott|1
|-damage|p2b: Whimsicott|76/100
|
|-weather|RainDance|[upkeep]
|upkeep
|turn|3
|inactive|IloveBugs<3 has 30 seconds left.
|
|t:|1782566010
|switch|p1b: Basculegion|Basculegion, L50, M|100/100
|-status|p1b: Basculegion|psn
|move|p2b: Whimsicott|Encore|p1a: Swampert
|-start|p1a: Swampert|Encore
|move|p2a: Glimmora|Earth Power|p1b: Basculegion
|-damage|p1b: Basculegion|66/100 psn
|move|p1a: Swampert|Earthquake|p2a: Glimmora|[spread] p1b,p2a,p2b
|-supereffective|p2a: Glimmora|2
|-resisted|p2b: Whimsicott|1
|-damage|p1b: Basculegion|14/100 psn
|-damage|p2a: Glimmora|0 fnt
|-damage|p2b: Whimsicott|53/100
|-activate|p2a: Glimmora|ability: Toxic Debris
|-sidestart|p1: burbujina|move: Toxic Spikes
|faint|p2a: Glimmora
|
|-weather|RainDance|[upkeep]
|-damage|p1b: Basculegion|2/100 psn|[from] psn
|upkeep
|
|t:|1782566029
|switch|p2a: Incineroar|Incineroar, L50, M|100/100
|-ability|p2a: Incineroar|Intimidate|boost
|-unboost|p1a: Swampert|atk|1
|-unboost|p1b: Basculegion|atk|1
|turn|4
|
|t:|1782566041
|switch|p1a: Archaludon|Archaludon, L50, F|100/100
|move|p2a: Incineroar|Fake Out|p1a: Archaludon
|-resisted|p1a: Archaludon|1
|-damage|p1a: Archaludon|94/100
|-ability|p1a: Archaludon|Stamina|boost
|-boost|p1a: Archaludon|def|1
|move|p1b: Basculegion|Aqua Jet|p2a: Incineroar
|-supereffective|p2a: Incineroar|1
|-damage|p2a: Incineroar|52/100
|move|p2b: Whimsicott|Moonblast|p1b: Basculegion
|-damage|p1b: Basculegion|0 fnt
|faint|p1b: Basculegion
|
|-weather|RainDance|[upkeep]
|-heal|p1a: Archaludon|100/100|[from] item: Leftovers
|upkeep
|
|t:|1782566056
|switch|p1b: Swampert|Swampert-Mega, L50, F|100/100
|-status|p1b: Swampert|tox
|turn|5
|
|t:|1782566069
|move|p2b: Whimsicott|Protect|p2b: Whimsicott
|-singleturn|p2b: Whimsicott|Protect
|move|p1b: Swampert|Wave Crash|p2a: Incineroar
|-supereffective|p2a: Incineroar|1
|-damage|p2a: Incineroar|0 fnt
|faint|p2a: Incineroar
|-damage|p1b: Swampert|81/100 tox|[from] Recoil
|move|p1a: Archaludon|Flash Cannon|p2b: Whimsicott
|-activate|p2b: Whimsicott|move: Protect
|
|-weather|none
|-damage|p1b: Swampert|75/100 tox|[from] psn
|-sideend|p2: IloveBugs<3|move: Tailwind
|upkeep
|
|t:|1782566079
|switch|p2a: Basculegion|Basculegion, L50, M|100/100
|turn|6
|
|t:|1782566102
|move|p2b: Whimsicott|Moonblast|p1a: Archaludon
|-crit|p1a: Archaludon
|-damage|p1a: Archaludon|43/100
|-ability|p1a: Archaludon|Stamina|boost
|-boost|p1a: Archaludon|def|1
|move|p2a: Basculegion|Last Respects|p1a: Archaludon
|-damage|p1a: Archaludon|6/100
|-ability|p1a: Archaludon|Stamina|boost
|-boost|p1a: Archaludon|def|1
|move|p1b: Swampert|Wave Crash|p2a: Basculegion
|-resisted|p2a: Basculegion|1
|-damage|p2a: Basculegion|57/100
|-damage|p1b: Swampert|59/100 tox|[from] Recoil
|move|p1a: Archaludon|Flash Cannon|p2b: Whimsicott
|-supereffective|p2b: Whimsicott|1
|-damage|p2b: Whimsicott|0 fnt
|faint|p2b: Whimsicott
|
|-heal|p1a: Archaludon|12/100|[from] item: Leftovers
|-damage|p1b: Swampert|48/100 tox|[from] psn
|upkeep
|turn|7
|inactive|burbujina has 30 seconds left.
|
|t:|1782566132
|move|p2a: Basculegion|Protect|p2a: Basculegion
|-singleturn|p2a: Basculegion|Protect
|move|p1b: Swampert|Wave Crash|p2a: Basculegion
|-activate|p2a: Basculegion|move: Protect
|move|p1a: Archaludon|Dragon Pulse|p2a: Basculegion
|-activate|p2a: Basculegion|move: Protect
|
|-heal|p1a: Archaludon|18/100|[from] item: Leftovers
|-damage|p1b: Swampert|30/100 tox|[from] psn
|upkeep
|turn|8
|
|t:|1782566151
|move|p1a: Archaludon|Protect|p1a: Archaludon
|-singleturn|p1a: Archaludon|Protect
|move|p1b: Swampert|Wave Crash|p2a: Basculegion
|-resisted|p2a: Basculegion|1
|-damage|p2a: Basculegion|10/100
|-enditem|p2a: Basculegion|Sitrus Berry|[eat]
|-heal|p2a: Basculegion|35/100|[from] item: Sitrus Berry
|-damage|p1b: Swampert|13/100 tox|[from] Recoil
|move|p2a: Basculegion|Last Respects|p1a: Archaludon
|-activate|p1a: Archaludon|move: Protect
|
|-heal|p1a: Archaludon|24/100|[from] item: Leftovers
|-damage|p1b: Swampert|0 fnt|[from] psn
|faint|p1b: Swampert
|upkeep
|turn|9
|
|t:|1782566167
|move|p2a: Basculegion|Last Respects|p1a: Archaludon
|-damage|p1a: Archaludon|0 fnt
|faint|p1a: Archaludon
|
|win|IloveBugs<3
|raw|burbujina's rating: 1391 → 1364(-27 for losing)
|raw|IloveBugs<3's rating: 1260 → 1294(+34 for winning)
|l|☆burbujina
|player|p1|
