|j|☆miwabeast
|j|☆Lev001
|html|miwabeastLev001    
|uhtml|bestof|Game 1 of a best-of-3
|t:|1785365113
|gametype|doubles
|player|p1|miwabeast|170|1168
|player|p2|Lev001|170|1112
|gen|9
|tier|[Gen 9 Champions] VGC 2026 Reg M-B (Bo3)
|rated|
|rule|Species Clause: Limit one of each Pokémon
|rule|Item Clause: Limit 1 of each item
|clearpoke
|poke|p1|Toxapex, L50, F|
|poke|p1|Charizard, L50, F|
|poke|p1|Incineroar, L50, F|
|poke|p1|Hydreigon, L50, F|
|poke|p1|Metagross, L50|
|poke|p1|Garchomp, L50, M|
|poke|p2|Raichu, L50, M|
|poke|p2|Garchomp, L50, F|
|poke|p2|Tyranitar, L50, F|
|poke|p2|Charizard, L50, M|
|poke|p2|Sinistcha, L50|
|poke|p2|Corviknight, L50, M|
|teampreview|4
|showteam|p1|Toxapex||Leftovers|Regenerator|BanefulBunker,Infestation,Toxic,WideGuard|Bold||F|||50|]Charizard||CharizarditeY|Blaze|Protect,HeatWave,SolarBeam,WeatherBall|Timid||F|||50|]Incineroar||ExpertBelt|Intimidate|PartingShot,FakeOut,Protect,BrickBreak|Impish||F|||50|]Hydreigon||ChoiceScarf|Levitate|HeatWave,DarkPulse,DracoMeteor,Snarl|Modest||F|||50|]Metagross||Metagrossite|ClearBody|IronHead,HammerArm,BulletPunch,Protect|Adamant|||||50|]Garchomp||SitrusBerry|RoughSkin|Earthquake,RockSlide,DragonClaw,Protect|Adamant||M|||50|
|showteam|p2|Raichu||FocusSash|LightningRod|FakeOut,HelpingHand,BrickBreak,ThunderPunch|Jolly||M|||50|]Garchomp||LifeOrb|RoughSkin|Earthquake,StompingTantrum,DragonClaw,Protect|Jolly||F|||50|]Tyranitar||ChoiceScarf|SandStream|RockSlide,KnockOff,LowKick,IcePunch|Jolly||F|||50|]Charizard||CharizarditeY|Blaze|HeatWave,WeatherBall,SolarBeam,Protect|Modest||M|||50|]Sinistcha||KasibBerry|Hospitality|MatchaGotcha,RagePowder,ShadowBall,Protect|Modest|||||50|]Corviknight||Leftovers|MirrorArmor|IronHead,BraveBird,Roost,Tailwind|Adamant||M|||50|
|
|t:|1785365188
|teamsize|p1|4
|teamsize|p2|4
|start
|switch|p1a: Metagross|Metagross, L50|100/100
|switch|p1b: Toxapex|Toxapex, L50, F|100/100
|switch|p2a: Raichu|Raichu, L50, M|100/100
|switch|p2b: Tyranitar|Tyranitar, L50, F|100/100
|-weather|Sandstorm|[from] ability: Sand Stream|[of] p2b: Tyranitar
|turn|1
|
|t:|1785365240
|detailschange|p1a: Metagross|Metagross-Mega, L50
|-mega|p1a: Metagross|Metagross|Metagrossite
|move|p2a: Raichu|Fake Out|p1a: Metagross
|-resisted|p1a: Metagross|1
|-damage|p1a: Metagross|96/100
|move|p2b: Tyranitar|Knock Off|p1b: Toxapex
|-damage|p1b: Toxapex|68/100
|-enditem|p1b: Toxapex|Leftovers|[from] move: Knock Off|[of] p2b: Tyranitar
|cant|p1a: Metagross|flinch
|move|p1b: Toxapex|Toxic|p2b: Tyranitar
|-status|p2b: Tyranitar|tox
|
|-weather|Sandstorm|[upkeep]
|-damage|p2a: Raichu|94/100|[from] Sandstorm
|-damage|p1b: Toxapex|63/100|[from] Sandstorm
|-damage|p2b: Tyranitar|93/100 tox|[from] psn
|upkeep
|turn|2
|
|t:|1785365266
|move|p2a: Raichu|Helping Hand|p2b: Tyranitar
|-singleturn|p2b: Tyranitar|Helping Hand|[of] p2a: Raichu
|move|p1b: Toxapex|Baneful Bunker|p1b: Toxapex
|-singleturn|p1b: Toxapex|move: Protect
|move|p2b: Tyranitar|Knock Off|p1a: Metagross
|-supereffective|p1a: Metagross|1
|-damage|p1a: Metagross|21/100
|move|p1a: Metagross|Hammer Arm|p2b: Tyranitar
|-supereffective|p2b: Tyranitar|2
|-damage|p2b: Tyranitar|0 fnt
|-unboost|p1a: Metagross|spe|1
|faint|p2b: Tyranitar
|
|-weather|Sandstorm|[upkeep]
|-damage|p2a: Raichu|88/100|[from] Sandstorm
|-damage|p1b: Toxapex|57/100|[from] Sandstorm
|upkeep
|
|t:|1785365285
|switch|p2b: Garchomp|Garchomp, L50, F|100/100
|turn|3
|
|t:|1785365300
|switch|p2a: Charizard|Charizard, L50, M|100/100
|-heal|p1b: Toxapex|90/100|[from] ability: Regenerator|[silent]
|switch|p1b: Garchomp|Garchomp, L50, M|100/100
|move|p1a: Metagross|Protect|p1a: Metagross
|-singleturn|p1a: Metagross|Protect
|move|p2b: Garchomp|Earthquake|p1a: Metagross|[spread] p1b
|-activate|p1a: Metagross|move: Protect
|-immune|p2a: Charizard
|-damage|p1b: Garchomp|57/100
|-damage|p2b: Garchomp|90/100|[from] item: Life Orb
|
|-weather|Sandstorm|[upkeep]
|-damage|p2a: Charizard|93/100|[from] Sandstorm
|upkeep
|turn|4
|
|t:|1785365324
|detailschange|p2a: Charizard|Charizard-Mega-Y, L50, M
|-mega|p2a: Charizard|Charizard|Charizardite Y
|-weather|SunnyDay|[from] ability: Drought|[of] p2a: Charizard
|move|p1a: Metagross|Bullet Punch|p2b: Garchomp
|-damage|p2b: Garchomp|56/100
|-damage|p1a: Metagross|9/100|[from] ability: Rough Skin|[of] p2b: Garchomp
|move|p2b: Garchomp|Dragon Claw|p1b: Garchomp
|-supereffective|p1b: Garchomp|1
|-damage|p1b: Garchomp|0 fnt
|-damage|p2b: Garchomp|43/100|[from] ability: Rough Skin|[of] p1b: Garchomp
|faint|p1b: Garchomp
|-damage|p2b: Garchomp|34/100|[from] item: Life Orb
|move|p2a: Charizard|Heat Wave|p1a: Metagross
|-supereffective|p1a: Metagross|1
|-damage|p1a: Metagross|0 fnt
|faint|p1a: Metagross
|
|-weather|SunnyDay|[upkeep]
|upkeep
|
|t:|1785365343
|switch|p1b: Toxapex|Toxapex, L50, F|90/100
|switch|p1a: Incineroar|Incineroar, L50, F|100/100
|-ability|p1a: Incineroar|Intimidate|boost
|-unboost|p2a: Charizard|atk|1
|-unboost|p2b: Garchomp|atk|1
|turn|5
|
|t:|1785365352
|move|p2b: Garchomp|Protect|p2b: Garchomp
|-singleturn|p2b: Garchomp|Protect
|move|p2a: Charizard|Protect|p2a: Charizard
|-singleturn|p2a: Charizard|Protect
|move|p1a: Incineroar|Fake Out|p2b: Garchomp
|-activate|p2b: Garchomp|move: Protect
|move|p1b: Toxapex|Toxic|p2a: Charizard
|-activate|p2a: Charizard|move: Protect
|
|-weather|SunnyDay|[upkeep]
|upkeep
|turn|6
|
|t:|1785365380
|switch|p2b: Raichu|Raichu, L50, M|88/100
|move|p1b: Toxapex|Wide Guard|p1b: Toxapex
|-singleturn|p1b: Toxapex|Wide Guard
|move|p2a: Charizard|Weather Ball|p1a: Incineroar
|-resisted|p1a: Incineroar|1
|-damage|p1a: Incineroar|56/100
|move|p1a: Incineroar|Brick Break|p2b: Raichu
|-damage|p2b: Raichu|48/100
|
|-weather|SunnyDay|[upkeep]
|upkeep
|turn|7
|
|t:|1785365422
|move|p2b: Raichu|Fake Out|p1b: Toxapex
|-damage|p1b: Toxapex|82/100
|move|p2a: Charizard|Weather Ball|p1a: Incineroar
|-resisted|p1a: Incineroar|1
|-damage|p1a: Incineroar|12/100
|move|p1a: Incineroar|Brick Break|p2b: Raichu
|-damage|p2b: Raichu|7/100
|cant|p1b: Toxapex|flinch
|
|-weather|SunnyDay|[upkeep]
|upkeep
|turn|8
|
|t:|1785365447
|move|p2b: Raichu|Helping Hand|p2a: Charizard
|-singleturn|p2a: Charizard|Helping Hand|[of] p2b: Raichu
|move|p1a: Incineroar|Protect|p1a: Incineroar
|-singleturn|p1a: Incineroar|Protect
|move|p2a: Charizard|Solar Beam||[still]
|-prepare|p2a: Charizard|Solar Beam
|-anim|p2a: Charizard|Solar Beam|p1b: Toxapex
|-damage|p1b: Toxapex|31/100
|move|p1b: Toxapex|Toxic|p2a: Charizard
|-status|p2a: Charizard|tox
|
|-weather|none
|-damage|p2a: Charizard|87/100 tox|[from] psn
|upkeep
|turn|9
|
|t:|1785365468
|move|p1b: Toxapex|Baneful Bunker|p1b: Toxapex
|-singleturn|p1b: Toxapex|move: Protect
|move|p2b: Raichu|Brick Break|p1a: Incineroar
|-supereffective|p1a: Incineroar|1
|-damage|p1a: Incineroar|0 fnt
|faint|p1a: Incineroar
|move|p2a: Charizard|Heat Wave|p1b: Toxapex
|-activate|p1b: Toxapex|move: Protect
|
|-damage|p2a: Charizard|75/100 tox|[from] psn
|upkeep
|turn|10
|
|t:|1785365484
|move|p2b: Raichu|Thunder Punch|p1b: Toxapex
|-supereffective|p1b: Toxapex|1
|-damage|p1b: Toxapex|0 fnt
|faint|p1b: Toxapex
|
|win|Lev001
|j| lastman13
||Lev001 is ready for game 2.
||miwabeast is ready for game 2.
|uhtml|next|Next: Game 2 of 3
|l|☆Lev001
|player|p2|
|l| lastman13
|j|☆Lev001
|player|p2|Lev001|170|
