|j|☆ToastedArt
|j|☆testandoteste
|html|ToastedArttestandoteste    
|uhtml|bestof|Game 1 of a best-of-3
|t:|1784477134
|gametype|doubles
|player|p1|ToastedArt|iris|1000
|player|p2|testandoteste|2|1000
|gen|9
|tier|[Gen 9 Champions] VGC 2026 Reg M-B (Bo3)
|rated|
|rule|Species Clause: Limit one of each Pokémon
|rule|Item Clause: Limit 1 of each item
|clearpoke
|poke|p1|Falinks, L50, shiny|
|poke|p1|Incineroar, L50, M|
|poke|p1|Vanilluxe, L50, M, shiny|
|poke|p1|Basculegion, L50, M, shiny|
|poke|p1|Sneasler, L50, M|
|poke|p1|Dragonite, L50, M, shiny|
|poke|p2|Sableye, L50, F|
|poke|p2|Swampert, L50, F|
|poke|p2|Pelipper, L50, M|
|poke|p2|Archaludon, L50, F|
|poke|p2|Garchomp, L50, F|
|poke|p2|Maushold-Four, L50|
|teampreview|4
|showteam|p1|Falinks||Falinksite|Defiant|NoRetreat,CloseCombat,RockSlide,Protect|Adamant|||||50|]Incineroar||Charcoal|Intimidate|FlareBlitz,ThroatChop,FakeOut,PartingShot|Adamant||M|||50|]Vanilluxe||ChoiceScarf|SnowWarning|Blizzard,FreezeDry,IcyWind,SheerCold|Modest||M|||50|]Basculegion||SitrusBerry|Adaptability|WaveCrash,LastRespects,AquaJet,Protect|Adamant||M|||50|]Sneasler||FocusSash|PoisonTouch|PoisonJab,CloseCombat,FakeOut,Coaching|Jolly||M|||50|]Dragonite||DragonFang|Multiscale|DragonClaw,ExtremeSpeed,LowKick,Tailwind|Adamant||M|||50|
|showteam|p2|Sableye||LightClay|Prankster|RainDance,LightScreen,Reflect,WillOWisp|Impish||F|||50|]Swampert||Swampertite|Torrent|WaveCrash,HighHorsepower,IcePunch,Protect|Adamant||F|||50|]Pelipper||FocusSash|Drizzle|Hurricane,WeatherBall,WideGuard,Tailwind|Modest||M|||50|]Archaludon||Leftovers|Stamina|ElectroShot,FlashCannon,DragonPulse,Protect|Calm||F|||50|]Garchomp||LifeOrb|RoughSkin|StompingTantrum,DragonClaw,RockSlide,Earthquake|Jolly||F|||50|]Maushold-Four||WideLens|Technician|PopulationBomb,FollowMe,HelpingHand,Protect|Jolly|||||50|
|inactive|Battle timer is ON: inactive players will automatically lose when time's up. (requested by ToastedArt)
|inactive|ToastedArt has 60 seconds left.
|inactive|ToastedArt has 30 seconds left.
|inactive|ToastedArt has 20 seconds left.
|inactive|ToastedArt has 15 seconds left.
|
|t:|1784477214
|teamsize|p1|4
|teamsize|p2|4
|start
|switch|p1a: Sneasler|Sneasler, L50, M|100/100
|switch|p1b: Falinks|Falinks, L50, shiny|100/100
|switch|p2a: Sableye|Sableye, L50, F|100/100
|switch|p2b: Archaludon|Archaludon, L50, F|100/100
|turn|1
|inactive|ToastedArt has 30 seconds left.
|
|t:|1784477246
|detailschange|p1b: Falinks|Falinks-Mega, L50, shiny
|-mega|p1b: Falinks|Falinks|Falinksite
|move|p2b: Archaludon|Protect|p2b: Archaludon
|-singleturn|p2b: Archaludon|Protect
|move|p2a: Sableye|Will-O-Wisp|p1a: Sneasler
|-status|p1a: Sneasler|brn
|move|p1a: Sneasler|Coaching|p1b: Falinks
|-boost|p1b: Falinks|atk|1
|-boost|p1b: Falinks|def|1
|move|p1b: Falinks|Close Combat|p2b: Archaludon
|-activate|p2b: Archaludon|move: Protect
|
|-damage|p1a: Sneasler|94/100 brn|[from] brn
|upkeep
|turn|2
|
|t:|1784477269
|switch|p1b: Vanilluxe|Vanilluxe, L50, M, shiny|100/100
|-weather|Snowscape|[from] ability: Snow Warning|[of] p1b: Vanilluxe
|switch|p2b: Pelipper|Pelipper, L50, M|100/100
|-weather|RainDance|[from] ability: Drizzle|[of] p2b: Pelipper
|move|p2a: Sableye|Will-O-Wisp|p1b: Vanilluxe
|-status|p1b: Vanilluxe|brn
|move|p1a: Sneasler|Poison Jab|p2a: Sableye
|-resisted|p2a: Sableye|1
|-damage|p2a: Sableye|85/100
|
|-weather|RainDance|[upkeep]
|-damage|p1b: Vanilluxe|94/100 brn|[from] brn
|-damage|p1a: Sneasler|88/100 brn|[from] brn
|upkeep
|turn|3
|
|t:|1784477291
|switch|p1a: Basculegion|Basculegion, L50, M, shiny|100/100
|move|p2a: Sableye|Reflect|p2a: Sableye
|-sidestart|p2: testandoteste|Reflect
|move|p1b: Vanilluxe|Freeze-Dry|p2b: Pelipper
|-supereffective|p2b: Pelipper|2
|-enditem|p2b: Pelipper|Focus Sash
|-damage|p2b: Pelipper|1/100
|move|p2b: Pelipper|Hurricane|p1a: Basculegion
|-damage|p1a: Basculegion|51/100
|-start|p1a: Basculegion|confusion
|
|-weather|RainDance|[upkeep]
|-damage|p1b: Vanilluxe|88/100 brn|[from] brn
|upkeep
|turn|4
|inactive|testandoteste has 30 seconds left.
|inactive|testandoteste has 20 seconds left.
|inactive|testandoteste has 15 seconds left.
|
|t:|1784477333
|switch|p2a: Archaludon|Archaludon, L50, F|100/100
|move|p1b: Vanilluxe|Freeze-Dry|p2b: Pelipper
|-supereffective|p2b: Pelipper|2
|-damage|p2b: Pelipper|0 fnt
|faint|p2b: Pelipper
|-activate|p1a: Basculegion|confusion
|move|p1a: Basculegion|Wave Crash|p2a: Archaludon
|-resisted|p2a: Archaludon|1
|-damage|p2a: Archaludon|68/100
|-ability|p2a: Archaludon|Stamina|boost
|-boost|p2a: Archaludon|def|1
|-damage|p1a: Basculegion|42/100|[from] Recoil
|-enditem|p1a: Basculegion|Sitrus Berry|[eat]
|-heal|p1a: Basculegion|67/100|[from] item: Sitrus Berry
|
|-weather|RainDance|[upkeep]
|-heal|p2a: Archaludon|74/100|[from] item: Leftovers
|-damage|p1b: Vanilluxe|82/100 brn|[from] brn
|upkeep
|
|t:|1784477357
|switch|p2b: Swampert|Swampert, L50, F|100/100
|turn|5
|
|t:|1784477375
|switch|p1b: Sneasler|Sneasler, L50, M|88/100 brn
|detailschange|p2b: Swampert|Swampert-Mega, L50, F
|-mega|p2b: Swampert|Swampert|Swampertite
|-end|p1a: Basculegion|confusion
|move|p1a: Basculegion|Protect|p1a: Basculegion
|-singleturn|p1a: Basculegion|Protect
|move|p2b: Swampert|Wave Crash|p1b: Sneasler
|-damage|p1b: Sneasler|0 fnt
|faint|p1b: Sneasler
|-damage|p2b: Swampert|78/100|[from] Recoil
|move|p2a: Archaludon|Electro Shot||[still]
|-prepare|p2a: Archaludon|Electro Shot
|-boost|p2a: Archaludon|spa|1
|-anim|p2a: Archaludon|Electro Shot|p1a: Basculegion
|-activate|p1a: Basculegion|move: Protect
|
|-weather|RainDance|[upkeep]
|-heal|p2a: Archaludon|80/100|[from] item: Leftovers
|upkeep
|
|t:|1784477380
|switch|p1b: Vanilluxe|Vanilluxe, L50, M, shiny|82/100 brn
|-weather|Snowscape|[from] ability: Snow Warning|[of] p1b: Vanilluxe
|turn|6
|inactive|testandoteste has 30 seconds left.
|
|t:|1784477414
|switch|p2b: Sableye|Sableye, L50, F|85/100
|switch|p1a: Falinks|Falinks-Mega, L50, shiny|100/100
|move|p1b: Vanilluxe|Freeze-Dry|p2b: Sableye
|-damage|p2b: Sableye|45/100
|move|p2a: Archaludon|Flash Cannon|p1b: Vanilluxe
|-supereffective|p1b: Vanilluxe|1
|-damage|p1b: Vanilluxe|0 fnt
|faint|p1b: Vanilluxe
|
|-weather|Snowscape|[upkeep]
|-heal|p2a: Archaludon|86/100|[from] item: Leftovers
|upkeep
|
|t:|1784477423
|switch|p1b: Basculegion|Basculegion, L50, M, shiny|67/100
|turn|7
|
|t:|1784477440
|move|p1a: Falinks|Protect|p1a: Falinks
|-singleturn|p1a: Falinks|Protect
|move|p2a: Archaludon|Protect|p2a: Archaludon
|-singleturn|p2a: Archaludon|Protect
|move|p2b: Sableye|Rain Dance|p2b: Sableye
|-weather|RainDance
|move|p1b: Basculegion|Wave Crash|p2b: Sableye
|-damage|p2b: Sableye|0 fnt
|faint|p2b: Sableye
|-damage|p1b: Basculegion|56/100|[from] Recoil
|
|-weather|RainDance|[upkeep]
|-heal|p2a: Archaludon|91/100|[from] item: Leftovers
|upkeep
|
|t:|1784477454
|switch|p2b: Swampert|Swampert-Mega, L50, F|78/100
|turn|8
|
|t:|1784477463
|move|p2b: Swampert|Wave Crash|p1a: Falinks
|-damage|p1a: Falinks|0 fnt
|faint|p1a: Falinks
|-damage|p2b: Swampert|55/100|[from] Recoil
|move|p2a: Archaludon|Electro Shot||[still]
|-prepare|p2a: Archaludon|Electro Shot
|-boost|p2a: Archaludon|spa|1
|-anim|p2a: Archaludon|Electro Shot|p1b: Basculegion
|-supereffective|p1b: Basculegion|1
|-damage|p1b: Basculegion|0 fnt
|faint|p1b: Basculegion
|
|win|testandoteste
