|j|☆belinvgc
|j|☆Chelicerate1
|html|belinvgcChelicerate1    
|uhtml|bestof|Game 1 of a best-of-3
|t:|1784645986
|gametype|doubles
|player|p1|belinvgc|101|1212
|player|p2|Chelicerate1|ethan|1347
|gen|9
|tier|[Gen 9 Champions] VGC 2026 Reg M-B (Bo3)
|rated|
|rule|Species Clause: Limit one of each Pokémon
|rule|Item Clause: Limit 1 of each item
|clearpoke
|poke|p1|Tyranitar, L50, F|
|poke|p1|Garchomp, L50, F|
|poke|p1|Gholdengo, L50|
|poke|p1|Milotic, L50, M|
|poke|p1|Sinistcha, L50|
|poke|p1|Staraptor, L50, M|
|poke|p2|Grimmsnarl, L50, M|
|poke|p2|Basculegion, L50, M|
|poke|p2|Charizard, L50, F|
|poke|p2|Pelipper, L50, M|
|poke|p2|Venusaur, L50, M|
|poke|p2|Archaludon, L50, M|
|teampreview|4
|showteam|p1|Tyranitar||Tyranitarite|SandStream|RockSlide,KnockOff,DragonDance,Protect|Jolly||F|||50|]Garchomp||LifeOrb|RoughSkin|DragonClaw,StompingTantrum,Earthquake,Protect|Jolly||F|||50|]Gholdengo||SitrusBerry|GoodasGold|MakeItRain,ShadowBall,NastyPlot,Protect|Modest|||||50|]Milotic||Leftovers|Competitive|Scald,IcyWind,Recover,Protect|Calm||M|||50|]Sinistcha||ColburBerry|Hospitality|MatchaGotcha,RagePowder,TrickRoom,Protect|Bold|||||50|]Staraptor||Staraptite|Intimidate|BraveBird,CloseCombat,Tailwind,Protect|Jolly||M|||50|
|showteam|p2|Grimmsnarl||LightClay|Prankster|SpiritBreak,PartingShot,Reflect,LightScreen|Sassy||M|||50|]Basculegion||ChoiceScarf|Adaptability|LastRespects,WaveCrash,AquaJet,FlipTurn|Jolly||M|||50|]Charizard||CharizarditeY|Blaze|Protect,HeatWave,WeatherBall,SolarBeam|Modest||F|||50|]Pelipper||SitrusBerry|Drizzle|Hurricane,WeatherBall,Tailwind,WideGuard|Modest||M|||50|]Venusaur||FocusSash|Chlorophyll|SludgeBomb,SleepPowder,EarthPower,Protect|Modest||M|||50|]Archaludon||Leftovers|Stamina|ElectroShot,DragonPulse,FlashCannon,Protect|Calm||M|||50|
|inactive|Battle timer is ON: inactive players will automatically lose when time's up. (requested by Chelicerate1)
|inactive|belinvgc has 60 seconds left.
|inactive|belinvgc has 30 seconds left.
|inactive|belinvgc has 20 seconds left.
|inactive|belinvgc has 15 seconds left.
|inactive|belinvgc has 10 seconds left.
|inactive|belinvgc has 5 seconds left.
|
|t:|1784646075
|teamsize|p1|4
|teamsize|p2|4
|start
|switch|p1a: Tyranitar|Tyranitar, L50, F|100/100
|switch|p1b: Garchomp|Garchomp, L50, F|100/100
|switch|p2a: Charizard|Charizard, L50, F|100/100
|switch|p2b: Venusaur|Venusaur, L50, M|100/100
|-weather|Sandstorm|[from] ability: Sand Stream|[of] p1a: Tyranitar
|turn|1
|inactive|belinvgc has 30 seconds left.
|
|t:|1784646101
|move|p1b: Garchomp|Protect|p1b: Garchomp
|-singleturn|p1b: Garchomp|Protect
|move|p2a: Charizard|Protect|p2a: Charizard
|-singleturn|p2a: Charizard|Protect
|move|p1a: Tyranitar|Protect|p1a: Tyranitar
|-singleturn|p1a: Tyranitar|Protect
|move|p2b: Venusaur|Sleep Powder|p1b: Garchomp
|-activate|p1b: Garchomp|move: Protect
|
|-weather|Sandstorm|[upkeep]
|-damage|p2a: Charizard|94/100|[from] Sandstorm
|-damage|p2b: Venusaur|94/100|[from] Sandstorm
|upkeep
|turn|2
|inactive|belinvgc has 30 seconds left.
|
|t:|1784646133
|switch|p2a: Pelipper|Pelipper, L50, M|100/100
|-weather|RainDance|[from] ability: Drizzle|[of] p2a: Pelipper
|detailschange|p1a: Tyranitar|Tyranitar-Mega, L50, F
|-mega|p1a: Tyranitar|Tyranitar|Tyranitarite
|-weather|Sandstorm|[from] ability: Sand Stream|[of] p1a: Tyranitar
|move|p1b: Garchomp|Dragon Claw|p2b: Venusaur
|-damage|p2b: Venusaur|29/100
|-damage|p1b: Garchomp|90/100|[from] item: Life Orb
|move|p1a: Tyranitar|Rock Slide|p2a: Pelipper|[spread] p2a
|-miss|p1a: Tyranitar|p2b: Venusaur
|-supereffective|p2a: Pelipper|1
|-damage|p2a: Pelipper|37/100
|-enditem|p2a: Pelipper|Sitrus Berry|[eat]
|-heal|p2a: Pelipper|62/100|[from] item: Sitrus Berry
|move|p2b: Venusaur|Sleep Powder|p1b: Garchomp
|-status|p1b: Garchomp|slp|[from] move: Sleep Powder
|
|-weather|Sandstorm|[upkeep]
|-damage|p2b: Venusaur|24/100|[from] Sandstorm
|-damage|p2a: Pelipper|56/100|[from] Sandstorm
|upkeep
|turn|3
|inactive|belinvgc has 30 seconds left.
|
|t:|1784646166
|switch|p2a: Archaludon|Archaludon, L50, M|100/100
|cant|p1b: Garchomp|slp
|move|p1a: Tyranitar|Dragon Dance|p1a: Tyranitar
|-boost|p1a: Tyranitar|atk|1
|-boost|p1a: Tyranitar|spe|1
|move|p2b: Venusaur|Sleep Powder|p1a: Tyranitar
|-status|p1a: Tyranitar|slp|[from] move: Sleep Powder
|
|-weather|Sandstorm|[upkeep]
|-damage|p2b: Venusaur|18/100|[from] Sandstorm
|upkeep
|turn|4
|
|t:|1784646189
|cant|p1a: Tyranitar|slp
|cant|p1b: Garchomp|slp
|move|p2b: Venusaur|Sludge Bomb|p1b: Garchomp
|-resisted|p1b: Garchomp|1
|-damage|p1b: Garchomp|68/100 slp
|move|p2a: Archaludon|Dragon Pulse|p1b: Garchomp
|-supereffective|p1b: Garchomp|1
|-damage|p1b: Garchomp|4/100 slp
|
|-weather|Sandstorm|[upkeep]
|-damage|p2b: Venusaur|12/100|[from] Sandstorm
|upkeep
|turn|5
|inactive|Chelicerate1 has 30 seconds left.
|
|t:|1784646218
|switch|p2b: Pelipper|Pelipper, L50, M|56/100
|-weather|RainDance|[from] ability: Drizzle|[of] p2b: Pelipper
|-curestatus|p1a: Tyranitar|slp|[msg]
|move|p1a: Tyranitar|Knock Off|p2a: Archaludon
|-damage|p2a: Archaludon|37/100
|-ability|p2a: Archaludon|Stamina|boost
|-boost|p2a: Archaludon|def|1
|-enditem|p2a: Archaludon|Leftovers|[from] move: Knock Off|[of] p1a: Tyranitar
|-curestatus|p1b: Garchomp|slp|[msg]
|move|p1b: Garchomp|Dragon Claw|p2b: Pelipper
|-damage|p2b: Pelipper|9/100
|-damage|p1b: Garchomp|0 fnt|[from] item: Life Orb
|faint|p1b: Garchomp
|move|p2a: Archaludon|Dragon Pulse|p1a: Tyranitar
|-damage|p1a: Tyranitar|72/100
|
|-weather|RainDance|[upkeep]
|upkeep
|
|t:|1784646228
|switch|p1b: Sinistcha|Sinistcha, L50|100/100
|-heal|p1a: Tyranitar|96/100|[from] ability: Hospitality|[of] p1b: Sinistcha
|turn|6
|inactive|belinvgc has 30 seconds left.
|
|t:|1784646259
|switch|p1b: Milotic|Milotic, L50, M|100/100
|move|p2a: Archaludon|Protect|p2a: Archaludon
|-singleturn|p2a: Archaludon|Protect
|move|p1a: Tyranitar|Knock Off|p2b: Pelipper
|-damage|p2b: Pelipper|0 fnt
|faint|p2b: Pelipper
|
|-weather|RainDance|[upkeep]
|upkeep
|
|t:|1784646268
|switch|p2b: Charizard|Charizard, L50, F|94/100
|turn|7
|
|t:|1784646283
|move|p2b: Charizard|Protect|p2b: Charizard
|-singleturn|p2b: Charizard|Protect
|move|p1a: Tyranitar|Rock Slide|p2b: Charizard|[spread] p2a
|-activate|p2b: Charizard|move: Protect
|-resisted|p2a: Archaludon|1
|-damage|p2a: Archaludon|25/100
|-ability|p2a: Archaludon|Stamina|boost
|-boost|p2a: Archaludon|def|1
|move|p1b: Milotic|Icy Wind|p2b: Charizard|[spread] p2a
|-activate|p2b: Charizard|move: Protect
|-damage|p2a: Archaludon|17/100
|-unboost|p2a: Archaludon|spe|1
|-ability|p2a: Archaludon|Stamina|boost
|-boost|p2a: Archaludon|def|1
|move|p2a: Archaludon|Electro Shot||[still]
|-prepare|p2a: Archaludon|Electro Shot
|-boost|p2a: Archaludon|spa|1
|-anim|p2a: Archaludon|Electro Shot|p1b: Milotic
|-supereffective|p1b: Milotic|1
|-damage|p1b: Milotic|29/100
|
|-weather|RainDance|[upkeep]
|-heal|p1b: Milotic|35/100|[from] item: Leftovers
|upkeep
|turn|8
|inactive|belinvgc has 30 seconds left.
|
|t:|1784646310
|detailschange|p2b: Charizard|Charizard-Mega-Y, L50, F
|-mega|p2b: Charizard|Charizard|Charizardite Y
|-weather|SunnyDay|[from] ability: Drought|[of] p2b: Charizard
|move|p1a: Tyranitar|Rock Slide|p2b: Charizard|[spread] p2b
|-miss|p1a: Tyranitar|p2a: Archaludon
|-supereffective|p2b: Charizard|2
|-damage|p2b: Charizard|0 fnt
|faint|p2b: Charizard
|move|p1b: Milotic|Scald|p2a: Archaludon
|-resisted|p2a: Archaludon|1
|-damage|p2a: Archaludon|11/100
|-status|p2a: Archaludon|brn
|-ability|p2a: Archaludon|Stamina|boost
|-boost|p2a: Archaludon|def|1
|move|p2a: Archaludon|Flash Cannon|p1a: Tyranitar
|-supereffective|p1a: Tyranitar|1
|-damage|p1a: Tyranitar|22/100
|
|-weather|SunnyDay|[upkeep]
|-heal|p1b: Milotic|41/100|[from] item: Leftovers
|-damage|p2a: Archaludon|5/100 brn|[from] brn
|upkeep
|
|t:|1784646317
|switch|p2b: Venusaur|Venusaur, L50, M|12/100
|turn|9
|
|t:|1784646322
|switch|p1a: Sinistcha|Sinistcha, L50|100/100
|-heal|p1b: Milotic|66/100|[from] ability: Hospitality|[of] p1a: Sinistcha
|move|p2b: Venusaur|Sleep Powder|p1b: Milotic
|-status|p1b: Milotic|slp|[from] move: Sleep Powder
|cant|p1b: Milotic|slp
|move|p2a: Archaludon|Flash Cannon|p1a: Sinistcha
|-damage|p1a: Sinistcha|45/100
|
|-weather|SunnyDay|[upkeep]
|-heal|p1b: Milotic|72/100 slp|[from] item: Leftovers
|-damage|p2a: Archaludon|0 fnt|[from] brn
|faint|p2a: Archaludon
|upkeep
|turn|10
|inactive|belinvgc has 30 seconds left.
|
|t:|1784646355
|move|p2b: Venusaur|Sludge Bomb|p1a: Sinistcha
|-damage|p1a: Sinistcha|2/100
|cant|p1b: Milotic|slp
|move|p1a: Sinistcha|Matcha Gotcha|p2b: Venusaur|[miss]
|-miss|p1a: Sinistcha|p2b: Venusaur
|
|-weather|SunnyDay|[upkeep]
|-heal|p1b: Milotic|78/100 slp|[from] item: Leftovers
|upkeep
|turn|11
|
|t:|1784646364
|move|p1a: Sinistcha|Protect|p1a: Sinistcha
|-singleturn|p1a: Sinistcha|Protect
|move|p2b: Venusaur|Sludge Bomb|p1a: Sinistcha
|-activate|p1a: Sinistcha|move: Protect
|-curestatus|p1b: Milotic|slp|[msg]
|move|p1b: Milotic|Icy Wind|p2b: Venusaur
|-supereffective|p2b: Venusaur|1
|-damage|p2b: Venusaur|0 fnt
|faint|p2b: Venusaur
|
|win|belinvgc
