|j|☆SoyUnaIA
|j|☆epic17x
|html|SoyUnaIAepic17x    
|uhtml|bestof|Game 2 of a best-of-3
|t:|1756918466
|gametype|doubles
|player|p1|SoyUnaIA|winona|1355
|player|p2|epic17x|steven|1357
|gen|9
|tier|[Gen 9] VGC 2025 Reg H (Bo3)
|rated|
|rule|Species Clause: Limit one of each Pokémon
|rule|Item Clause: Limit 1 of each item
|clearpoke
|poke|p1|Grumpig, L50, F|
|poke|p1|Volcarona, L50, F|
|poke|p1|Sneasler, L50, M|
|poke|p1|Rillaboom, L50, F|
|poke|p1|Archaludon, L50, M|
|poke|p1|Kingambit, L50, F|
|poke|p2|Ninetales-Alola, L50, F|
|poke|p2|Rillaboom, L50, F|
|poke|p2|Magmar, L50, M|
|poke|p2|Sneasler, L50, F|
|poke|p2|Kingambit, L50, M|
|poke|p2|Basculegion, L50, M|
|teampreview|4
|showteam|p1|Grumpig||SitrusBerry|ThickFat|SimpleBeam,Encore,Psychic,ThunderWave|||F|||50|,,,,,Grass]Volcarona||CovertCloak|FlameBody|QuiverDance,HeatWave,TeraBlast,Protect|||F|||50|,,,,,Fairy]Sneasler||FocusSash|Unburden|CloseCombat,DireClaw,FakeOut,Protect|||M|||50|,,,,,Stellar]Rillaboom||AssaultVest|GrassySurge|WoodHammer,GrassyGlide,FakeOut,HighHorsepower|||F|||50|,,,,,Fire]Archaludon||PowerHerb|Sturdy|ElectroShot,Thunderbolt,DracoMeteor,Protect|||M|||50|,,,,,Electric]Kingambit||BlackGlasses|Defiant|SwordsDance,KowtowCleave,SuckerPunch,Protect|||F|||50|,,,,,Dark
|showteam|p2|Ninetales-Alola||NeverMeltIce|SnowWarning|Blizzard,FreezeDry,Encore,Protect|||F|||50|,,,,,Ghost]Rillaboom||AssaultVest|GrassySurge|WoodHammer,FakeOut,Uturn,GrassyGlide|||F|||50|,,,,,Ghost]Magmar||Eviolite|VitalSpirit|Protect,HeatWave,WillOWisp,FollowMe|||M|||50|,,,,,Ghost]Sneasler||FocusSash|PoisonTouch|FakeOut,DireClaw,CloseCombat,Protect|||F|||50|,,,,,Ghost]Kingambit||BlackGlasses|Defiant|KowtowCleave,SwordsDance,SuckerPunch,Protect|||M|||50|,,,,,Fire]Basculegion||ChoiceScarf|Adaptability|WaveCrash,FlipTurn,TeraBlast,LastRespects|||M|||50|,,,,,Fighting
|inactive|Battle timer is ON: inactive players will automatically lose when time's up. (requested by SoyUnaIA)
|inactive|epic17x also wants the timer to be on.
|inactive|SoyUnaIA has 60 seconds left.
|
|t:|1756918497
|teamsize|p1|4
|teamsize|p2|4
|start
|switch|p1a: Volcarona|Volcarona, L50, F|100/100
|switch|p1b: Archaludon|Archaludon, L50, M|100/100
|switch|p2a: Basculegion|Basculegion, L50, M|100/100
|switch|p2b: Kingambit|Kingambit, L50, M|100/100
|turn|1
|inactive|epic17x has 30 seconds left.
|
|t:|1756918524
|-terastallize|p1a: Volcarona|Fairy
|-terastallize|p2b: Kingambit|Fire
|move|p2a: Basculegion|Flip Turn|p1b: Archaludon
|-resisted|p1b: Archaludon
|-damage|p1b: Archaludon|84/100
|
|t:|1756918529
|switch|p2a: Magmar|Magmar, L50, M|100/100|[from] Flip Turn
|move|p1b: Archaludon|Electro Shot||[still]
|-prepare|p1b: Archaludon|Electro Shot
|-boost|p1b: Archaludon|spa|1
|-enditem|p1b: Archaludon|Power Herb
|-anim|p1b: Archaludon|Electro Shot|p2b: Kingambit
|-damage|p2b: Kingambit|26/100
|move|p1a: Volcarona|Quiver Dance|p1a: Volcarona
|-boost|p1a: Volcarona|spa|1
|-boost|p1a: Volcarona|spd|1
|-boost|p1a: Volcarona|spe|1
|move|p2b: Kingambit|Swords Dance|p2b: Kingambit
|-boost|p2b: Kingambit|atk|2
|
|upkeep
|turn|2
|
|t:|1756918548
|move|p2b: Kingambit|Protect|p2b: Kingambit
|-singleturn|p2b: Kingambit|Protect
|move|p1a: Volcarona|Heat Wave|p2a: Magmar|[spread] p2a
|-activate|p2b: Kingambit|move: Protect
|-resisted|p2a: Magmar
|-damage|p2a: Magmar|78/100
|move|p1b: Archaludon|Thunderbolt|p2a: Magmar
|-damage|p2a: Magmar|39/100
|move|p2a: Magmar|Heat Wave|p1a: Volcarona|[spread] p1a,p1b
|-damage|p1a: Volcarona|85/100
|-damage|p1b: Archaludon|42/100
|
|upkeep
|turn|3
|
|t:|1756918564
|move|p2b: Kingambit|Sucker Punch|p1b: Archaludon
|-damage|p1b: Archaludon|0 fnt
|faint|p1b: Archaludon
|move|p1a: Volcarona|Heat Wave|p2a: Magmar|[spread] p2a,p2b
|-resisted|p2a: Magmar
|-resisted|p2b: Kingambit
|-damage|p2a: Magmar|16/100
|-damage|p2b: Kingambit|0 fnt
|faint|p2b: Kingambit
|move|p2a: Magmar|Heat Wave|p1a: Volcarona
|-damage|p1a: Volcarona|65/100
|
|upkeep
|
|t:|1756918572
|switch|p1b: Kingambit|Kingambit, L50, F|100/100
|switch|p2b: Basculegion|Basculegion, L50, M|100/100
|turn|4
|inactive|epic17x has 30 seconds left.
|
|t:|1756918599
|switch|p2b: Sneasler|Sneasler, L50, F|100/100
|move|p1a: Volcarona|Heat Wave|p2b: Sneasler|[spread] p2b
|-miss|p1a: Volcarona|p2a: Magmar
|-damage|p2b: Sneasler|28/100
|move|p2a: Magmar|Heat Wave|p1b: Kingambit|[spread] p1a,p1b
|-supereffective|p1b: Kingambit
|-damage|p1a: Volcarona|50/100
|-damage|p1b: Kingambit|45/100
|move|p1b: Kingambit|Kowtow Cleave|p2b: Sneasler
|-resisted|p2b: Sneasler
|-damage|p2b: Sneasler|0 fnt
|faint|p2b: Sneasler
|
|upkeep
|
|t:|1756918609
|switch|p2b: Basculegion|Basculegion, L50, M|100/100
|turn|5
|
|t:|1756918625
|move|p2a: Magmar|Follow Me|p2a: Magmar
|-singleturn|p2a: Magmar|move: Follow Me
|move|p1a: Volcarona|Heat Wave|p2a: Magmar|[spread] p2a,p2b
|-resisted|p2a: Magmar
|-resisted|p2b: Basculegion
|-damage|p2a: Magmar|0 fnt
|-damage|p2b: Basculegion|70/100
|faint|p2a: Magmar
|move|p2b: Basculegion|Wave Crash|p1b: Kingambit
|-damage|p1b: Kingambit|0 fnt
|faint|p1b: Kingambit
|-damage|p2b: Basculegion|57/100|[from] Recoil
|
|upkeep
|
|t:|1756918632
|switch|p1b: Sneasler|Sneasler, L50, M|100/100
|turn|6
|
|t:|1756918637
|move|p1a: Volcarona|Tera Blast|p2b: Basculegion|[anim] Tera Blast Fairy
|-damage|p2b: Basculegion|0 fnt
|faint|p2b: Basculegion
|
|win|SoyUnaIA
||SoyUnaIA is ready for game 3.
||epic17x is ready for game 3.
|uhtml|next|Next: Game 3 of 3
|l|☆SoyUnaIA
|player|p1|
