|j|☆fifthtimesthecharm
|j|☆LeeCh1in0
|html|fifthtimesthecharmLeeCh1in0    
|uhtml|bestof|Game 3 of a best-of-3
|t:|1756664851
|gametype|doubles
|player|p1|fifthtimesthecharm|marshal|1024
|player|p2|LeeCh1in0|1|1000
|gen|9
|tier|[Gen 9] VGC 2025 Reg H (Bo3)
|rated|
|rule|Species Clause: Limit one of each Pokémon
|rule|Item Clause: Limit 1 of each item
|clearpoke
|poke|p1|Dragonite, L50, M|
|poke|p1|Rillaboom, L50, M|
|poke|p1|Sneasler, L50, F|
|poke|p1|Volcarona, L50, M|
|poke|p1|Electabuzz, L50, M|
|poke|p1|Kingambit, L50, M|
|poke|p2|Indeedee-F, L50, F|
|poke|p2|Torkoal, L50, M|
|poke|p2|Ursaluna, L50, M|
|poke|p2|Hatterene, L50, F|
|poke|p2|Gallade, L50, M|
|poke|p2|Incineroar, L50, F|
|teampreview|4
|showteam|p1|Dragonite||LoadedDice|Multiscale|ScaleShot,ExtremeSpeed,Haze,Protect|||M|||50|,,,,,Normal]Rillaboom||AssaultVest|GrassySurge|WoodHammer,GrassyGlide,FakeOut,Uturn|||M|||50|,,,,,Fire]Sneasler||FocusSash|Unburden|CloseCombat,Coaching,DireClaw,FakeOut|||F|||50|,,,,,Stellar]Volcarona||GrassySeed|FlameBody|Flamethrower,QuiverDance,GigaDrain,Protect|||M|||50|,,,,,Grass]Electabuzz||Eviolite|VitalSpirit|Thunderbolt,Taunt,FollowMe,Protect|||M|||50|,,,,,Ghost]Kingambit||SafetyGoggles|Defiant|KowtowCleave,SuckerPunch,SwordsDance,Protect|||M|||50|,,,,,Dark
|showteam|p2|Indeedee-F||PsychicSeed|PsychicSurge|Psychic,HelpingHand,FollowMe,TrickRoom|||F|||50|,,,,,Fairy]Torkoal||Charcoal|Drought|Eruption,WeatherBall,HeatWave,Protect|||M|||50|,,,,,Fire]Ursaluna||FlameOrb|Guts|Facade,HeadlongRush,Earthquake,Protect|||M|||50|,,,,,Ghost]Hatterene||LifeOrb|MagicBounce|ExpandingForce,DazzlingGleam,TrickRoom,MysticalFire|||F|||50|,,,,,Fire]Gallade||ScopeLens|Sharpness|WideGuard,SacredSword,PsychoCut,TrickRoom|||M|||50|,,,,,Grass]Incineroar||SafetyGoggles|Intimidate|KnockOff,PartingShot,FakeOut,FlareBlitz|||F|||50|,,,,,Ghost
|inactive|Battle timer is ON: inactive players will automatically lose when time's up. (requested by fifthtimesthecharm)
|inactive|fifthtimesthecharm has 60 seconds left.
|inactive|LeeCh1in0 has 60 seconds left.
|
|t:|1756664897
|teamsize|p1|4
|teamsize|p2|4
|start
|switch|p1a: Michael|Electabuzz, L50, M|100/100
|switch|p1b: Tokugawa|Kingambit, L50, M|100/100
|switch|p2a: Incineroar|Incineroar, L50, F|100/100
|switch|p2b: Hatterene|Hatterene, L50, F|100/100
|-ability|p2a: Incineroar|Intimidate|boost
|-unboost|p1a: Michael|atk|1
|-unboost|p1b: Tokugawa|atk|1
|-ability|p1b: Tokugawa|Defiant|boost
|-boost|p1b: Tokugawa|atk|2
|turn|1
|inactive|fifthtimesthecharm has 30 seconds left.
|inactive|LeeCh1in0 has 30 seconds left.
|
|t:|1756664925
|move|p1a: Michael|Protect|p1a: Michael
|-singleturn|p1a: Michael|Protect
|move|p1b: Tokugawa|Protect|p1b: Tokugawa
|-singleturn|p1b: Tokugawa|Protect
|move|p2a: Incineroar|Fake Out|p1b: Tokugawa
|-activate|p1b: Tokugawa|move: Protect
|move|p2b: Hatterene|Trick Room|p2b: Hatterene
|-fieldstart|move: Trick Room|[of] p2b: Hatterene
|
|upkeep
|turn|2
|
|t:|1756664948
|switch|p1a: Harambe|Rillaboom, L50, M|100/100
|-fieldstart|move: Grassy Terrain|[from] ability: Grassy Surge|[of] p1a: Harambe
|-terastallize|p1b: Tokugawa|Dark
|move|p1b: Tokugawa|Sucker Punch|p2b: Hatterene
|-damage|p2b: Hatterene|11/100
|move|p2b: Hatterene|Dazzling Gleam|p1b: Tokugawa|[spread] p1a,p1b
|-crit|p1a: Harambe
|-supereffective|p1b: Tokugawa
|-damage|p1a: Harambe|43/100
|-damage|p1b: Tokugawa|6/100
|-damage|p2b: Hatterene|2/100|[from] item: Life Orb
|move|p2a: Incineroar|Flare Blitz|p1b: Tokugawa
|-damage|p1b: Tokugawa|0 fnt
|faint|p1b: Tokugawa
|-damage|p2a: Incineroar|99/100|[from] Recoil
|
|-heal|p2b: Hatterene|7/100|[from] Grassy Terrain
|-heal|p2a: Incineroar|100/100|[from] Grassy Terrain
|-heal|p1a: Harambe|49/100|[from] Grassy Terrain
|upkeep
|
|t:|1756664960
|switch|p1b: Michael|Electabuzz, L50, M|100/100
|turn|3
|
|t:|1756664969
|switch|p2a: Indeedee|Indeedee-F, L50, F|100/100
|-fieldstart|move: Psychic Terrain|[from] ability: Psychic Surge|[of] p2a: Indeedee
|-enditem|p2a: Indeedee|Psychic Seed
|-boost|p2a: Indeedee|spd|1|[from] item: Psychic Seed
|switch|p1a: Douglass|Dragonite, L50, M|100/100
|move|p2b: Hatterene|Expanding Force|p1a: Douglass|[spread] p1a,p1b
|-damage|p1a: Douglass|56/100
|-damage|p1b: Michael|29/100
|-damage|p2b: Hatterene|0 fnt|[from] item: Life Orb
|faint|p2b: Hatterene
|move|p1b: Michael|Thunderbolt|p2a: Indeedee
|-damage|p2a: Indeedee|82/100
|
|upkeep
|
|t:|1756664986
|switch|p2b: Gallade|Gallade, L50, M|100/100
|turn|4
|
|t:|1756665004
|move|p1b: Michael|Follow Me|p1b: Michael
|-singleturn|p1b: Michael|move: Follow Me
|move|p2b: Gallade|Psycho Cut|p1b: Michael
|-crit|p1b: Michael
|-damage|p1b: Michael|0 fnt
|faint|p1b: Michael
|move|p2a: Indeedee|Psychic|p1a: Douglass
|-damage|p1a: Douglass|16/100
|move|p1a: Douglass|Scale Shot|p2b: Gallade
|-damage|p2b: Gallade|79/100
|-damage|p2b: Gallade|55/100
|-damage|p2b: Gallade|35/100
|-damage|p2b: Gallade|12/100
|-damage|p2b: Gallade|0 fnt
|faint|p2b: Gallade
|-hitcount|p2: Gallade|5
|-unboost|p1a: Douglass|def|1
|-boost|p1a: Douglass|spe|1
|
|upkeep
|
|t:|1756665020
|switch|p2b: Incineroar|Incineroar, L50, F|100/100
|switch|p1b: Harambe|Rillaboom, L50, M|49/100
|-ability|p2b: Incineroar|Intimidate|boost
|-unboost|p1a: Douglass|atk|1
|-unboost|p1b: Harambe|atk|1
|-fieldstart|move: Grassy Terrain|[from] ability: Grassy Surge|[of] p1b: Harambe
|turn|5
|inactive|LeeCh1in0 has 30 seconds left.
|
|t:|1756665048
|-terastallize|p2b: Incineroar|Ghost
|move|p1a: Douglass|Protect|p1a: Douglass
|-singleturn|p1a: Douglass|Protect
|move|p1b: Harambe|Fake Out|p2b: Incineroar
|-immune|p2b: Incineroar
|move|p2b: Incineroar|Flare Blitz|p1b: Harambe
|-supereffective|p1b: Harambe
|-damage|p1b: Harambe|0 fnt
|faint|p1b: Harambe
|-damage|p2b: Incineroar|86/100|[from] Recoil
|move|p2a: Indeedee|Psychic|p1a: Douglass
|-activate|p1a: Douglass|move: Protect
|
|-heal|p2b: Incineroar|92/100|[from] Grassy Terrain
|-heal|p2a: Indeedee|88/100|[from] Grassy Terrain
|-fieldend|move: Trick Room
|upkeep
|turn|6
|
|t:|1756665070
|move|p1a: Douglass|Scale Shot|p2b: Incineroar
|-damage|p2b: Incineroar|84/100
|-damage|p2b: Incineroar|75/100
|-damage|p2b: Incineroar|67/100
|-damage|p2b: Incineroar|58/100
|-crit|p2b: Incineroar
|-damage|p2b: Incineroar|39/100
|-hitcount|p2b: Incineroar|5
|-unboost|p1a: Douglass|def|1
|-boost|p1a: Douglass|spe|1
|move|p2a: Indeedee|Psychic|p1a: Douglass
|-damage|p1a: Douglass|0 fnt
|faint|p1a: Douglass
|
|win|LeeCh1in0
|raw|fifthtimesthecharm's rating: 1024 → 1009(-15 for losing)
|raw|LeeCh1in0's rating: 1000 → 1043(+43 for winning)
|c|☆fifthtimesthecharm|gg
