|j|‽parsley<3
|j|☆atrixmj
|html|parsley<3atrixmj    
|uhtml|bestof|Game 2 of a best-of-3
|t:|1756778430
|gametype|doubles
|player|p1|parsley<3|lacey|1279
|player|p2|atrixmj|miku-fire|1354
|gen|9
|tier|[Gen 9] VGC 2025 Reg H (Bo3)
|rated|
|rule|Species Clause: Limit one of each Pokémon
|rule|Item Clause: Limit 1 of each item
|clearpoke
|poke|p1|Maushold, L50|
|poke|p1|Annihilape, L50, M|
|poke|p1|Gholdengo, L50|
|poke|p1|Ursaluna-Bloodmoon, L50, M|
|poke|p1|Dragonite, L50, M|
|poke|p1|Sneasler, L50, M|
|poke|p2|Kommo-o, L50, F|
|poke|p2|Incineroar, L50, F|
|poke|p2|Mimikyu, L50, F|
|poke|p2|Ursaluna-Bloodmoon, L50, M|
|poke|p2|Tyranitar, L50, F|
|poke|p2|Amoonguss, L50, F|
|teampreview|4
|showteam|p1|Maushold||SafetyGoggles|FriendGuard|SuperFang,BeatUp,Protect,FollowMe||||||50|,,,,,Ghost]Annihilape||SitrusBerry|Defiant|RageFist,CloseCombat,Protect,FinalGambit|||M|||50|,,,,,Fire]Gholdengo||LifeOrb|GoodasGold|MakeItRain,ShadowBall,Protect,NastyPlot||||||50|,,,,,Water]Ursaluna-Bloodmoon||AssaultVest|MindsEye|HyperVoice,BloodMoon,EarthPower,VacuumWave|||M|||50|,,,,,Ghost]Dragonite||LoadedDice|Multiscale|ScaleShot,Tailwind,Protect,Haze|||M|||50|,,,,,Fairy]Sneasler||FocusSash|Unburden|DireClaw,CloseCombat,Protect,ThroatChop|||M|||50|,,,,,Stellar
|showteam|p2|Kommo-o||ThroatSpray|Soundproof|ClangingScales,Flamethrower,ClangorousSoul,Protect|||F|||50|,,,,,Fire]Incineroar||SafetyGoggles|Intimidate|FakeOut,PartingShot,KnockOff,FlareBlitz|||F|||50|,,,,,Ghost]Mimikyu||LifeOrb|Disguise|PlayRough,TrickRoom,ShadowSneak,Curse|||F|||50|,,,,,Steel]Ursaluna-Bloodmoon||SilkScarf|MindsEye|BloodMoon,HyperVoice,EarthPower,Protect|||M|||50|,,,,,Normal]Tyranitar||AssaultVest|SandStream|RockSlide,KnockOff,LowKick,TeraBlast|||F|||50|,,,,,Flying]Amoonguss||RockyHelmet|Regenerator|Spore,RagePowder,Protect,SludgeBomb|||F|||50|,,,,,Dark
|
|t:|1756778450
|teamsize|p1|4
|teamsize|p2|4
|start
|switch|p1a: Gholdengo|Gholdengo, L50|100/100
|switch|p1b: Sneasler|Sneasler, L50, M|100/100
|switch|p2a: GEAR 5|Kommo-o, L50, F|100/100
|switch|p2b: PUNK ROTTEN|Incineroar, L50, F|100/100
|-ability|p2b: PUNK ROTTEN|Intimidate|boost
|-unboost|p1a: Gholdengo|atk|1
|-unboost|p1b: Sneasler|atk|1
|turn|1
|
|t:|1756778465
|move|p2b: PUNK ROTTEN|Fake Out|p1b: Sneasler
|-damage|p1b: Sneasler|77/100
|cant|p1b: Sneasler|flinch
|move|p2a: GEAR 5|Clangorous Soul|p2a: GEAR 5
|-boost|p2a: GEAR 5|atk|1
|-boost|p2a: GEAR 5|def|1
|-boost|p2a: GEAR 5|spa|1
|-boost|p2a: GEAR 5|spd|1
|-boost|p2a: GEAR 5|spe|1
|-damage|p2a: GEAR 5|68/100
|-enditem|p2a: GEAR 5|Throat Spray
|-boost|p2a: GEAR 5|spa|1|[from] item: Throat Spray
|move|p1a: Gholdengo|Make It Rain|p2a: GEAR 5|[spread] p2a,p2b
|-resisted|p2b: PUNK ROTTEN
|-damage|p2a: GEAR 5|26/100
|-damage|p2b: PUNK ROTTEN|67/100
|-unboost|p1a: Gholdengo|spa|1
|-damage|p1a: Gholdengo|91/100|[from] item: Life Orb
|
|upkeep
|turn|2
|
|t:|1756778497
|move|p2a: GEAR 5|Clanging Scales|p1b: Sneasler|[spread] p1a,p1b
|-resisted|p1a: Gholdengo
|-damage|p1a: Gholdengo|50/100
|-damage|p1b: Sneasler|0 fnt
|faint|p1b: Sneasler
|-unboost|p2a: GEAR 5|def|1
|move|p1a: Gholdengo|Make It Rain|p2a: GEAR 5|[spread] p2a,p2b
|-resisted|p2b: PUNK ROTTEN
|-damage|p2a: GEAR 5|0 fnt
|-damage|p2b: PUNK ROTTEN|44/100
|-unboost|p1a: Gholdengo|spa|1
|faint|p2a: GEAR 5
|-damage|p1a: Gholdengo|41/100|[from] item: Life Orb
|move|p2b: PUNK ROTTEN|Knock Off|p1a: Gholdengo
|-supereffective|p1a: Gholdengo
|-damage|p1a: Gholdengo|0 fnt
|-enditem|p1a: Gholdengo|Life Orb|[from] move: Knock Off|[of] p2b: PUNK ROTTEN
|faint|p1a: Gholdengo
|
|upkeep
|
|t:|1756778513
|switch|p1b: Dragonite|Dragonite, L50, M|100/100
|switch|p2a: SHAMBLES|Mimikyu, L50, F, shiny|100/100
|switch|p1a: Ursaluna|Ursaluna-Bloodmoon, L50, M|100/100
|turn|3
|
|t:|1756778552
|move|p1b: Dragonite|Scale Shot|p2b: PUNK ROTTEN
|-damage|p2b: PUNK ROTTEN|29/100
|-damage|p2b: PUNK ROTTEN|13/100
|-damage|p2b: PUNK ROTTEN|0 fnt
|faint|p2b: PUNK ROTTEN
|-hitcount|p2: PUNK ROTTEN|3
|-unboost|p1b: Dragonite|def|1
|-boost|p1b: Dragonite|spe|1
|move|p1a: Ursaluna|Hyper Voice|p2a: SHAMBLES
|-activate|p2a: SHAMBLES|ability: Disguise
|-damage|p2a: SHAMBLES|100/100
|detailschange|p2a: SHAMBLES|Mimikyu-Busted, L50, F, shiny
|-damage|p2a: SHAMBLES|88/100|[from] pokemon: Mimikyu-Busted
|move|p2a: SHAMBLES|Trick Room|p2a: SHAMBLES
|-fieldstart|move: Trick Room|[of] p2a: SHAMBLES
|
|upkeep
|
|t:|1756778555
|switch|p2b: Ursaluna|Ursaluna-Bloodmoon, L50, M|100/100
|turn|4
|
|t:|1756778596
|-terastallize|p2b: Ursaluna|Normal
|move|p1a: Ursaluna|Blood Moon|p2b: Ursaluna
|-damage|p2b: Ursaluna|0 fnt
|faint|p2b: Ursaluna
|move|p2a: SHAMBLES|Play Rough|p1a: Ursaluna|[miss]
|-miss|p2a: SHAMBLES|p1a: Ursaluna
|move|p1b: Dragonite|Scale Shot|p2a: SHAMBLES
|-immune|p2a: SHAMBLES
|
|upkeep
|turn|5
|-message|atrixmj forfeited.
|
|win|parsley<3
|raw|parsley<3's rating: 1279 → 1309(+30 for winning)
|raw|atrixmj's rating: 1354 → 1330(-24 for losing)
