|j|â˜†Giraffes in Gdansk
|j|â˜†ChuggleAschenazita
|html|Giraffes in GdanskChuggleAschenazita    
|uhtml|bestof|Game 2 of a best-of-3
|t:|1755799345
|gametype|doubles
|player|p1|Giraffes in Gdansk|acetrainer-gen4dp|1222
|player|p2|ChuggleAschenazita|265|1243
|gen|9
|tier|[Gen 9] VGC 2025 Reg H (Bo3)
|rated|
|rule|Species Clause: Limit one of each PokÃ©mon
|rule|Item Clause: Limit 1 of each item
|clearpoke
|poke|p1|Dragonite, L50, M|
|poke|p1|Amoonguss, L50, F|
|poke|p1|Incineroar, L50, M|
|poke|p1|Ursaluna, L50, M|
|poke|p1|Sneasler, L50, M|
|poke|p1|Farigiraf, L50, F|
|poke|p2|Incineroar, L50, M|
|poke|p2|Amoonguss, L50, M|
|poke|p2|Gholdengo, L50|
|poke|p2|Hydreigon, L50, M|
|poke|p2|Ursaluna, L50, M|
|poke|p2|Porygon2, L50|
|teampreview|4
|showteam|p1|Dragonite||LoadedDice|Multiscale|ScaleShot,Tailwind,Haze,Protect|||M|||50|,,,,,Fairy]Amoonguss||SitrusBerry|Regenerator|Spore,RagePowder,PollenPuff,Protect|||F|||50|,,,,,Psychic]Incineroar||SafetyGoggles|Intimidate|FlareBlitz,KnockOff,FakeOut,PartingShot|||M|||50|,,,,,Ghost]Ursaluna||FlameOrb|Guts|Earthquake,HeadlongRush,Facade,Protect|||M|||50|,,,,,Normal]Sneasler||FocusSash|Unburden|CloseCombat,DireClaw,Coaching,Protect|||M|||50|,,,,,Stellar]Farigiraf||ThroatSpray|ArmorTail|HyperVoice,TwinBeam,TrickRoom,Protect|||F|||50|,,,,,Fire
|showteam|p2|Incineroar||SafetyGoggles|Intimidate|FlareBlitz,KnockOff,PartingShot,FakeOut|||M|||50|,,,,,Grass]Amoonguss||RockyHelmet|Regenerator|PollenPuff,ClearSmog,Spore,RagePowder|||M|||50|,,,,,Psychic]Gholdengo||LifeOrb|GoodasGold|MakeItRain,ShadowBall,NastyPlot,Protect||||||50|,,,,,Water]Hydreigon||CovertCloak|Levitate|DracoMeteor,Snarl,Tailwind,Taunt|||M|||50|,,,,,Ghost]Ursaluna||FlameOrb|Guts|Facade,HeadlongRush,Earthquake,Protect|||M|||50|,,,,,Ghost]Porygon2||Eviolite|Download|TeraBlast,IceBeam,Recover,TrickRoom||||||50|,,,,,Fighting
|
|t:|1755799396
|teamsize|p1|4
|teamsize|p2|4
|start
|switch|p1a: Jbungo|Dragonite, L50, M, shiny|100/100
|switch|p1b: Shblingus|Sneasler, L50, M, shiny|100/100
|switch|p2a: Gholdengo|Gholdengo, L50|100/100
|switch|p2b: Porygon2|Porygon2, L50|100/100
|-ability|p2b: Porygon2|Download|boost
|-boost|p2b: Porygon2|atk|1
|turn|1
|
|t:|1755799431
|-terastallize|p2b: Porygon2|Fighting
|move|p1b: Shblingus|Dire Claw|p2b: Porygon2
|-damage|p2b: Porygon2|72/100
|move|p2a: Gholdengo|Nasty Plot|p2a: Gholdengo
|-boost|p2a: Gholdengo|spa|2
|move|p1a: Jbungo|Scale Shot|p2b: Porygon2
|-damage|p2b: Porygon2|61/100
|-damage|p2b: Porygon2|51/100
|-damage|p2b: Porygon2|41/100
|-damage|p2b: Porygon2|32/100
|-hitcount|p2b: Porygon2|4
|-unboost|p1a: Jbungo|def|1
|-boost|p1a: Jbungo|spe|1
|move|p2b: Porygon2|Ice Beam|p1a: Jbungo
|-supereffective|p1a: Jbungo
|-damage|p1a: Jbungo|37/100
|
|upkeep
|turn|2
|
|t:|1755799455
|switch|p2b: Incineroar|Incineroar, L50, M|100/100
|-ability|p2b: Incineroar|Intimidate|boost
|-unboost|p1a: Jbungo|atk|1
|-unboost|p1b: Shblingus|atk|1
|move|p1b: Shblingus|Protect|p1b: Shblingus
|-singleturn|p1b: Shblingus|Protect
|move|p1a: Jbungo|Tailwind|p1a: Jbungo
|-sidestart|p1: Giraffes in Gdansk|move: Tailwind
|move|p2a: Gholdengo|Make It Rain|p1a: Jbungo|[spread] p1a
|-activate|p1b: Shblingus|move: Protect
|-damage|p1a: Jbungo|0 fnt
|-unboost|p2a: Gholdengo|spa|1
|faint|p1a: Jbungo
|-damage|p2a: Gholdengo|91/100|[from] item: Life Orb
|
|upkeep
|
|t:|1755799460
|switch|p1a: No Idea|Ursaluna, L50, M, shiny|100/100
|turn|3
|
|t:|1755799471
|move|p1a: No Idea|Protect|p1a: No Idea
|-singleturn|p1a: No Idea|Protect
|move|p1b: Shblingus|Coaching|p1a: No Idea
|-boost|p1a: No Idea|atk|1
|-boost|p1a: No Idea|def|1
|move|p2a: Gholdengo|Make It Rain|p1a: No Idea|[spread] p1b
|-activate|p1a: No Idea|move: Protect
|-enditem|p1b: Shblingus|Focus Sash
|-damage|p1b: Shblingus|1/100
|-unboost|p2a: Gholdengo|spa|1
|-damage|p2a: Gholdengo|81/100|[from] item: Life Orb
|move|p2b: Incineroar|Parting Shot|p1b: Shblingus
|-unboost|p1b: Shblingus|atk|1
|-unboost|p1b: Shblingus|spa|1
|
|t:|1755799477
|switch|p2b: Porygon2|Porygon2, L50, tera:Fighting|32/100|[from] Parting Shot
|-ability|p2b: Porygon2|Download|boost
|-boost|p2b: Porygon2|spa|1
|
|-status|p1a: No Idea|brn|[from] item: Flame Orb
|upkeep
|turn|4
|
|t:|1755799502
|switch|p2a: Incineroar|Incineroar, L50, M|100/100
|-ability|p2a: Incineroar|Intimidate|boost
|-unboost|p1a: No Idea|atk|1
|-unboost|p1b: Shblingus|atk|1
|move|p1b: Shblingus|Coaching|p1a: No Idea
|-boost|p1a: No Idea|atk|1
|-boost|p1a: No Idea|def|1
|move|p1a: No Idea|Earthquake|p2b: Porygon2|[spread] p1b,p2a,p2b
|-supereffective|p1b: Shblingus
|-supereffective|p2a: Incineroar
|-damage|p1b: Shblingus|0 fnt
|-damage|p2a: Incineroar|0 fnt
|-damage|p2b: Porygon2|0 fnt
|faint|p1b: Shblingus
|faint|p2a: Incineroar
|faint|p2b: Porygon2
|
|-damage|p1a: No Idea|95/100 brn|[from] brn
|upkeep
|
|t:|1755799510
|switch|p1b: The Incident|Incineroar, L50, M, shiny|100/100
|switch|p2a: Ursaluna|Ursaluna, L50, M|100/100
|switch|p2b: Gholdengo|Gholdengo, L50|81/100
|-ability|p1b: The Incident|Intimidate|boost
|-unboost|p2a: Ursaluna|atk|1
|-unboost|p2b: Gholdengo|atk|1
|turn|5
|
|t:|1755799522
|move|p2b: Gholdengo|Protect|p2b: Gholdengo
|-singleturn|p2b: Gholdengo|Protect
|move|p2a: Ursaluna|Protect|p2a: Ursaluna
|-singleturn|p2a: Ursaluna|Protect
|move|p1b: The Incident|Fake Out|p2a: Ursaluna
|-activate|p2a: Ursaluna|move: Protect
|move|p1a: No Idea|Headlong Rush|p2b: Gholdengo
|-activate|p2b: Gholdengo|move: Protect
|
|-damage|p1a: No Idea|89/100 brn|[from] brn
|-sideend|p1: Giraffes in Gdansk|move: Tailwind
|-status|p2a: Ursaluna|brn|[from] item: Flame Orb
|upkeep
|turn|6
|
|t:|1755799531
|-terastallize|p1a: No Idea|Normal
|move|p2b: Gholdengo|Make It Rain|p1b: The Incident|[spread] p1a,p1b
|-resisted|p1b: The Incident
|-damage|p1a: No Idea|34/100 brn
|-damage|p1b: The Incident|78/100
|-unboost|p2b: Gholdengo|spa|1
|-damage|p2b: Gholdengo|71/100|[from] item: Life Orb
|move|p1a: No Idea|Facade|p2a: Ursaluna
|-damage|p2a: Ursaluna|0 fnt
|faint|p2a: Ursaluna
|move|p1b: The Incident|Flare Blitz|p2b: Gholdengo
|-supereffective|p2b: Gholdengo
|-damage|p2b: Gholdengo|0 fnt
|faint|p2b: Gholdengo
|-damage|p1b: The Incident|56/100|[from] Recoil
|
|win|Giraffes in Gdansk
|raw|Giraffes in Gdansk's rating: 1222 → 1249(+27 for winning)
|raw|ChuggleAschenazita's rating: 1243 → 1216(-27 for losing)
