|j|☆Foxelby
|j|☆NEOLODO
|html|FoxelbyNEOLODO    
|uhtml|bestof|Game 2 of a best-of-3
|t:|1756721940
|gametype|doubles
|player|p1|Foxelby|cheren-gen5bw2|1087
|player|p2|NEOLODO|266|1090
|gen|9
|tier|[Gen 9] VGC 2025 Reg H (Bo3)
|rated|
|rule|Species Clause: Limit one of each Pokémon
|rule|Item Clause: Limit 1 of each item
|clearpoke
|poke|p1|Tyranitar, L50, F|
|poke|p1|Indeedee, L50, M|
|poke|p1|Sneasler, L50, M|
|poke|p1|Amoonguss, L50, F|
|poke|p1|Garchomp, L50, M|
|poke|p1|Gholdengo, L50|
|poke|p2|Lilligant-Hisui, L50, F|
|poke|p2|Hatterene, L50, F|
|poke|p2|Ursaluna, L50, M|
|poke|p2|Indeedee-F, L50, F|
|poke|p2|Torkoal, L50, F|
|poke|p2|Gallade, L50, M|
|teampreview|4
|showteam|p1|Tyranitar||AssaultVest|SandStream|KnockOff,RockSlide,LowKick,TeraBlast|||F|||50|,,,,,Flying]Indeedee||FocusSash|PsychicSurge|ExpandingForce,TrickRoom,Imprison,Protect|||M|||50|,,,,,Psychic]Sneasler||PsychicSeed|Unburden|CloseCombat,DireClaw,Protect,Coaching|||M|||50|,,,,,Stellar]Amoonguss||RockyHelmet|Regenerator|RagePowder,Spore,ClearSmog,PollenPuff|||F|||50|,,,,,Psychic]Garchomp||ClearAmulet|RoughSkin|StompingTantrum,DragonClaw,RockSlide,Protect|||M|||50|,,,,,Steel]Gholdengo||Leftovers|GoodasGold|NastyPlot,Protect,MakeItRain,ShadowBall||||||50|,,,,,Dragon
|showteam|p2|Lilligant-Hisui||FocusSash|Chlorophyll|SolarBlade,AfterYou,CloseCombat,SleepPowder|||F|||50|,,,,,Ghost]Hatterene||CovertCloak|MagicBounce|DazzlingGleam,ExpandingForce,TrickRoom,MysticalFire|||F|||50|,,,,,Fire]Ursaluna||FlameOrb|Guts|Facade,HeadlongRush,Earthquake,Protect|||M|||50|,,,,,Ghost]Indeedee-F||PsychicSeed|PsychicSurge|Psychic,TrickRoom,HelpingHand,FollowMe|||F|||50|,,,,,Dragon]Torkoal||FlamePlate|Drought|Eruption,WeatherBall,HeatWave,Protect|||F|||50|,,,,,Fire]Gallade||ClearAmulet|Sharpness|PsychoCut,SacredSword,TrickRoom,WideGuard|||M|||50|,,,,,Grass
|inactive|Battle timer is ON: inactive players will automatically lose when time's up. (requested by NEOLODO)
|inactive|Foxelby has 60 seconds left.
|inactive|Foxelby has 30 seconds left.
|inactive|Foxelby has 20 seconds left.
|
|t:|1756722028
|teamsize|p1|4
|teamsize|p2|4
|start
|switch|p1a: Sneasler|Sneasler, L50, M|100/100
|switch|p1b: Indeedee|Indeedee, L50, M|100/100
|switch|p2a: Lilligant|Lilligant-Hisui, L50, F|100/100
|switch|p2b: Hatterene|Hatterene, L50, F|100/100
|-fieldstart|move: Psychic Terrain|[from] ability: Psychic Surge|[of] p1b: Indeedee
|-enditem|p1a: Sneasler|Psychic Seed
|-boost|p1a: Sneasler|spd|1|[from] item: Psychic Seed
|turn|1
|inactive|Foxelby has 30 seconds left.
|inactive|NEOLODO has 30 seconds left.
|
|t:|1756722061
|switch|p2b: Torkoal|Torkoal, L50, F|100/100
|-weather|SunnyDay|[from] ability: Drought|[of] p2b: Torkoal
|-terastallize|p1a: Sneasler|Stellar
|move|p1b: Indeedee|Protect|p1b: Indeedee
|-singleturn|p1b: Indeedee|Protect
|move|p1a: Sneasler|Dire Claw|p2b: Torkoal
|-damage|p2b: Torkoal|61/100
|move|p2a: Lilligant|Sleep Powder|p1a: Sneasler
|-status|p1a: Sneasler|slp|[from] move: Sleep Powder
|
|-weather|SunnyDay|[upkeep]
|upkeep
|turn|2
|
|t:|1756722086
|switch|p1a: Tyranitar|Tyranitar, L50, F|100/100
|-weather|Sandstorm|[from] ability: Sand Stream|[of] p1a: Tyranitar
|-terastallize|p2b: Torkoal|Fire
|move|p2a: Lilligant|Sleep Powder|p1b: Indeedee
|-status|p1b: Indeedee|slp|[from] move: Sleep Powder
|cant|p1b: Indeedee|slp
|move|p2b: Torkoal|Eruption|p1a: Tyranitar|[spread] p1a,p1b
|-resisted|p1a: Tyranitar
|-damage|p1a: Tyranitar|92/100
|-damage|p1b: Indeedee|43/100 slp
|
|-weather|Sandstorm|[upkeep]
|-damage|p2a: Lilligant|94/100|[from] Sandstorm
|-damage|p1b: Indeedee|37/100 slp|[from] Sandstorm
|-damage|p2b: Torkoal|55/100|[from] Sandstorm
|upkeep
|turn|3
|
|t:|1756722104
|switch|p1a: Gholdengo|Gholdengo, L50|100/100
|switch|p2b: Gallade|Gallade, L50, M|100/100
|move|p2a: Lilligant|Sleep Powder|p1a: Gholdengo
|-immune|p1a: Gholdengo|[from] ability: Good as Gold
|-curestatus|p1b: Indeedee|slp|[msg]
|move|p1b: Indeedee|Expanding Force|p2a: Lilligant|[spread] p2a,p2b
|-supereffective|p2a: Lilligant
|-damage|p2a: Lilligant|0 fnt
|-damage|p2b: Gallade|46/100
|faint|p2a: Lilligant
|
|-weather|Sandstorm|[upkeep]
|-damage|p1b: Indeedee|31/100|[from] Sandstorm
|-damage|p2b: Gallade|40/100|[from] Sandstorm
|upkeep
|
|t:|1756722121
|switch|p2a: Hatterene|Hatterene, L50, F|100/100
|turn|4
|
|t:|1756722135
|move|p2b: Gallade|Wide Guard|p2b: Gallade
|-singleturn|p2b: Gallade|Wide Guard
|move|p1b: Indeedee|Imprison|p1b: Indeedee
|-start|p1b: Indeedee|move: Imprison
|move|p1a: Gholdengo|Make It Rain|p2a: Hatterene|[spread] 
|-activate|p2a: Hatterene|move: Wide Guard
|-activate|p2b: Gallade|move: Wide Guard
|cant|p2a: Hatterene|move: Imprison|Trick Room
|
|-weather|Sandstorm|[upkeep]
|-damage|p1b: Indeedee|25/100|[from] Sandstorm
|-damage|p2b: Gallade|34/100|[from] Sandstorm
|-damage|p2a: Hatterene|94/100|[from] Sandstorm
|upkeep
|turn|5
|inactive|NEOLODO has 30 seconds left.
|
|t:|1756722168
|switch|p2a: Torkoal|Torkoal, L50, F, tera:Fire|55/100
|-weather|SunnyDay|[from] ability: Drought|[of] p2a: Torkoal
|move|p1b: Indeedee|Expanding Force|p2a: Torkoal|[spread] p2a,p2b
|-crit|p2b: Gallade
|-damage|p2a: Torkoal|0 fnt
|-damage|p2b: Gallade|0 fnt
|faint|p2a: Torkoal
|faint|p2b: Gallade
|move|p1a: Gholdengo|Shadow Ball|p2: Torkoal|[notarget]
|-fail|p1a: Gholdengo
|
|-weather|SunnyDay|[upkeep]
|-fieldend|move: Psychic Terrain
|upkeep
|-message|NEOLODO forfeited.
|
|win|Foxelby
|raw|Foxelby's rating: 1087 → 1114(+27 for winning)
|raw|NEOLODO's rating: 1090 → 1066(-24 for losing)
|l|☆NEOLODO
|player|p2|
