|j|☆Alysa Liu
|j|☆palle synchro
|html|Alysa Liupalle synchro    
|uhtml|bestof|Game 1 of a best-of-3
|t:|1756158499
|gametype|doubles
|player|p1|Alysa Liu|lady|1462
|player|p2|palle synchro|volkner|1479
|gen|9
|tier|[Gen 9] VGC 2025 Reg H (Bo3)
|rated|
|rule|Species Clause: Limit one of each Pokémon
|rule|Item Clause: Limit 1 of each item
|clearpoke
|poke|p1|Dachsbun, L50, M|
|poke|p1|Typhlosion-Hisui, L50, M|
|poke|p1|Kingambit, L50, M|
|poke|p1|Jumpluff, L50, F|
|poke|p1|Rillaboom, L50, M|
|poke|p1|Torkoal, L50, M|
|poke|p2|Whimsicott, L50, F|
|poke|p2|Garchomp, L50, F|
|poke|p2|Indeedee, L50, M|
|poke|p2|Sneasler, L50, M|
|poke|p2|Ursaluna-Bloodmoon, L50, M|
|poke|p2|Archaludon, L50, F|
|teampreview|4
|showteam|p1|Dachsbun||Leftovers|WellBakedBody|BodyPress,Snarl,HelpingHand,Protect|||M|||50|,,,,,Steel]Typhlosion-Hisui||ChoiceSpecs|Blaze|Eruption,LavaPlume,Overheat,ShadowBall|||M|||50|,,,,,Fire]Kingambit||SafetyGoggles|Defiant|Protect,KowtowCleave,SuckerPunch,SwordsDance|||M|||50|,,,,,Dark]Jumpluff||CovertCloak|Chlorophyll|SleepPowder,SunnyDay,RagePowder,Tailwind|||F|||50|,,,,,Water]Rillaboom||AssaultVest|GrassySurge|WoodHammer,GrassyGlide,FakeOut,HighHorsepower|||M|||50|,,,,,Water]Torkoal||SitrusBerry|Drought|HeatWave,LavaPlume,ClearSmog,Protect|||M|||50|,,,,,Fairy
|showteam|p2|Whimsicott||CovertCloak|Prankster|Moonblast,Taunt,Tailwind,FakeTears|||F|||50|,,,,,Water]Garchomp||LoadedDice|RoughSkin|ScaleShot,StompingTantrum,SwordsDance,Protect|||F|||50|,,,,,Steel]Indeedee||FocusSash|PsychicSurge|ExpandingForce,TeraBlast,Imprison,TrickRoom|||M|||50|,,,,,Psychic]Sneasler||PsychicSeed|Unburden|CloseCombat,DireClaw,ThroatChop,Protect|||M|||50|,,,,,Dark]Ursaluna-Bloodmoon||LifeOrb|MindsEye|HyperVoice,BloodMoon,EarthPower,Protect|||M|||50|,,,,,Normal]Archaludon||PowerHerb|Stalwart|ElectroShot,DragonPulse,Thunderbolt,Protect|||F|||50|,,,,,Electric
|inactive|Battle timer is ON: inactive players will automatically lose when time's up. (requested by Alysa Liu)
|inactive|Alysa Liu has 60 seconds left.
|inactive|palle synchro has 60 seconds left.
|inactive|Alysa Liu has 30 seconds left.
|inactive|Alysa Liu has 20 seconds left.
|inactive|Alysa Liu has 15 seconds left.
|
|t:|1756158578
|teamsize|p1|4
|teamsize|p2|4
|start
|switch|p1a: Jumpluff|Jumpluff, L50, F|100/100
|switch|p1b: Torkoal|Torkoal, L50, M|100/100
|switch|p2a: Whimsicott|Whimsicott, L50, F|100/100
|switch|p2b: Garchomp|Garchomp, L50, F|100/100
|-weather|SunnyDay|[from] ability: Drought|[of] p1b: Torkoal
|turn|1
|inactive|palle synchro has 30 seconds left.
|
|t:|1756158609
|-terastallize|p2a: Whimsicott|Water
|move|p2a: Whimsicott|Taunt|p1a: Jumpluff
|-start|p1a: Jumpluff|move: Taunt
|cant|p1a: Jumpluff|move: Taunt|Sleep Powder
|move|p2b: Garchomp|Scale Shot|p1a: Jumpluff
|-crit|p1a: Jumpluff
|-damage|p1a: Jumpluff|76/100
|-damage|p1a: Jumpluff|58/100
|-damage|p1a: Jumpluff|39/100
|-damage|p1a: Jumpluff|22/100
|-damage|p1a: Jumpluff|4/100
|-hitcount|p1a: Jumpluff|5
|-unboost|p2b: Garchomp|def|1
|-boost|p2b: Garchomp|spe|1
|move|p1b: Torkoal|Heat Wave|p2a: Whimsicott|[spread] p2a,p2b
|-resisted|p2a: Whimsicott
|-resisted|p2b: Garchomp
|-damage|p2a: Whimsicott|80/100
|-damage|p2b: Garchomp|82/100
|
|-weather|SunnyDay|[upkeep]
|upkeep
|turn|2
|
|t:|1756158628
|switch|p1a: Dachsbun|Dachsbun, L50, M|100/100
|-terastallize|p1b: Torkoal|Fairy
|move|p2b: Garchomp|Stomping Tantrum|p1b: Torkoal
|-crit|p1b: Torkoal
|-damage|p1b: Torkoal|59/100
|move|p2a: Whimsicott|Moonblast|p1a: Dachsbun
|-damage|p1a: Dachsbun|69/100
|move|p1b: Torkoal|Lava Plume|p2b: Garchomp|[spread] p2a,p2b
|-ability|p1a: Dachsbun|Well-Baked Body|boost
|-boost|p1a: Dachsbun|def|2
|-resisted|p2a: Whimsicott
|-resisted|p2b: Garchomp
|-damage|p2a: Whimsicott|63/100
|-damage|p2b: Garchomp|67/100
|
|-weather|SunnyDay|[upkeep]
|-heal|p1a: Dachsbun|75/100|[from] item: Leftovers
|upkeep
|turn|3
|
|t:|1756158647
|move|p2a: Whimsicott|Tailwind|p2a: Whimsicott
|-sidestart|p2: palle synchro|move: Tailwind
|move|p2b: Garchomp|Stomping Tantrum|p1b: Torkoal
|-damage|p1b: Torkoal|31/100
|-enditem|p1b: Torkoal|Sitrus Berry|[eat]
|-heal|p1b: Torkoal|56/100|[from] item: Sitrus Berry
|move|p1a: Dachsbun|Body Press|p2a: Whimsicott
|-crit|p2a: Whimsicott
|-damage|p2a: Whimsicott|0 fnt
|faint|p2a: Whimsicott
|move|p1b: Torkoal|Lava Plume|p2b: Garchomp|[spread] p2b
|-ability|p1a: Dachsbun|Well-Baked Body|boost
|-boost|p1a: Dachsbun|def|2
|-resisted|p2b: Garchomp
|-damage|p2b: Garchomp|52/100
|
|-weather|SunnyDay|[upkeep]
|-heal|p1a: Dachsbun|81/100|[from] item: Leftovers
|upkeep
|
|t:|1756158656
|switch|p2a: Indeedee|Indeedee, L50, M|100/100
|-fieldstart|move: Psychic Terrain|[from] ability: Psychic Surge|[of] p2a: Indeedee
|turn|4
|
|t:|1756158679
|switch|p1b: Rillaboom|Rillaboom, L50, M|100/100
|-fieldstart|move: Grassy Terrain|[from] ability: Grassy Surge|[of] p1b: Rillaboom
|move|p2b: Garchomp|Stomping Tantrum|p1a: Dachsbun
|-damage|p1a: Dachsbun|71/100
|move|p2a: Indeedee|Expanding Force|p1b: Rillaboom
|-damage|p1b: Rillaboom|76/100
|move|p1a: Dachsbun|Body Press|p2a: Indeedee
|-enditem|p2a: Indeedee|Focus Sash
|-damage|p2a: Indeedee|1/100
|
|-weather|SunnyDay|[upkeep]
|-heal|p2b: Garchomp|58/100|[from] Grassy Terrain
|-heal|p2a: Indeedee|7/100|[from] Grassy Terrain
|-heal|p1a: Dachsbun|77/100|[from] Grassy Terrain
|-heal|p1a: Dachsbun|83/100|[from] item: Leftovers
|-heal|p1b: Rillaboom|82/100|[from] Grassy Terrain
|upkeep
|turn|5
|-message|palle synchro forfeited.
|
|win|Alysa Liu
