|j|☆toughlogvgc
|j|☆sazar saifi
|html|toughlogvgcsazar saifi    
|uhtml|bestof|Game 2 of a best-of-3
|t:|1783900068
|gametype|doubles
|player|p1|toughlogvgc|169|1165
|player|p2|sazar saifi|266|1272
|gen|9
|tier|[Gen 9 Champions] VGC 2026 Reg M-B (Bo3)
|rated|
|rule|Species Clause: Limit one of each Pokémon
|rule|Item Clause: Limit 1 of each item
|clearpoke
|poke|p1|Charizard, L50, M|
|poke|p1|Garchomp, L50, M|
|poke|p1|Basculegion, L50, M|
|poke|p1|Whimsicott, L50, F|
|poke|p1|Kingambit, L50, F|
|poke|p1|Floette-Eternal, L50, F|
|poke|p2|Charizard, L50, M|
|poke|p2|Incineroar, L50, F|
|poke|p2|Venusaur, L50, F|
|poke|p2|Garchomp, L50, M|
|poke|p2|Toxapex, L50, F|
|poke|p2|Annihilape, L50, M|
|teampreview|4
|showteam|p1|Charizard||CharizarditeY|Blaze|HeatWave,SolarBeam,Protect,WeatherBall|Modest||M|||50|]Garchomp||LifeOrb|RoughSkin|DragonClaw,Earthquake,RockSlide,Protect|Jolly||M|||50|]Basculegion||ChoiceScarf|Adaptability|WaveCrash,AquaJet,FlipTurn,LastRespects|Adamant||M|||50|]Whimsicott||FocusSash|Prankster|Moonblast,Tailwind,Protect,Encore|Timid||F|||50|]Kingambit||BlackGlasses|Defiant|IronHead,KowtowCleave,Protect,SuckerPunch|Adamant||F|||50|]Floette-Eternal||Floettite|FlowerVeil|Moonblast,LightofRuin,DazzlingGleam,Protect|Modest||F|||50|
|showteam|p2|Charizard||CharizarditeY|Blaze|HeatWave,SolarBeam,HelpingHand,Protect|Timid||M|||50|]Incineroar||SitrusBerry|Intimidate|FlareBlitz,PartingShot,FakeOut,DarkestLariat|Impish||F|||50|]Venusaur||FocusSash|Chlorophyll|SolarBeam,SludgeBomb,SleepPowder,Protect|Modest||F|||50|]Garchomp||LifeOrb|RoughSkin|Earthquake,RockSlide,DragonClaw,Protect|Jolly||M|||50|]Toxapex||Leftovers|Regenerator|Toxic,Infestation,WideGuard,BanefulBunker|Bold||F|||50|]Annihilape||KasibBerry|Defiant|RageFist,CloseCombat,Taunt,Protect|Adamant||M|||50|
|
|t:|1783900081
|teamsize|p1|4
|teamsize|p2|4
|start
|switch|p1a: Garchomp|Garchomp, L50, M|100/100
|switch|p1b: Charizard|Charizard, L50, M|100/100
|switch|p2a: Annihilape|Annihilape, L50, M|100/100
|switch|p2b: Toxapex|Toxapex, L50, F|100/100
|turn|1
|
|t:|1783900109
|detailschange|p1b: Charizard|Charizard-Mega-Y, L50, M
|-mega|p1b: Charizard|Charizard|Charizardite Y
|-weather|SunnyDay|[from] ability: Drought|[of] p1b: Charizard
|move|p1a: Garchomp|Dragon Claw|p2a: Annihilape
|-damage|p2a: Annihilape|44/100
|-damage|p1a: Garchomp|90/100|[from] item: Life Orb
|move|p1b: Charizard|Weather Ball|p2a: Annihilape
|-damage|p2a: Annihilape|0 fnt
|faint|p2a: Annihilape
|move|p2b: Toxapex|Toxic|p1a: Garchomp
|-status|p1a: Garchomp|tox
|
|-weather|SunnyDay|[upkeep]
|-damage|p1a: Garchomp|84/100 tox|[from] psn
|upkeep
|
|t:|1783900121
|switch|p2a: Charizard|Charizard, L50, M|100/100
|turn|2
|
|t:|1783900135
|detailschange|p2a: Charizard|Charizard-Mega-Y, L50, M
|-mega|p2a: Charizard|Charizard|Charizardite Y
|move|p2b: Toxapex|Wide Guard|p2b: Toxapex
|-singleturn|p2b: Toxapex|Wide Guard
|move|p1a: Garchomp|Dragon Claw|p2a: Charizard
|-damage|p2a: Charizard|29/100
|-damage|p1a: Garchomp|74/100 tox|[from] item: Life Orb
|move|p2a: Charizard|Heat Wave|p1a: Garchomp|[spread] p1b
|-miss|p2a: Charizard|p1a: Garchomp
|-resisted|p1b: Charizard|1
|-damage|p1b: Charizard|72/100
|move|p1b: Charizard|Weather Ball|p2a: Charizard
|-resisted|p2a: Charizard|1
|-damage|p2a: Charizard|0 fnt
|faint|p2a: Charizard
|
|-weather|SunnyDay|[upkeep]
|-damage|p1a: Garchomp|62/100 tox|[from] psn
|upkeep
|
|t:|1783900145
|switch|p2a: Incineroar|Incineroar, L50, F|100/100
|-ability|p2a: Incineroar|Intimidate|boost
|-unboost|p1a: Garchomp|atk|1
|-unboost|p1b: Charizard|atk|1
|turn|3
|
|t:|1783900164
|move|p1a: Garchomp|Earthquake|p2b: Toxapex|[spread] p2a,p2b
|-immune|p1b: Charizard
|-supereffective|p2a: Incineroar|1
|-supereffective|p2b: Toxapex|1
|-damage|p2a: Incineroar|46/100
|-damage|p2b: Toxapex|58/100
|-enditem|p2a: Incineroar|Sitrus Berry|[eat]
|-heal|p2a: Incineroar|70/100|[from] item: Sitrus Berry
|-damage|p1a: Garchomp|52/100 tox|[from] item: Life Orb
|move|p1b: Charizard|Solar Beam||[still]
|-prepare|p1b: Charizard|Solar Beam
|-anim|p1b: Charizard|Solar Beam|p2b: Toxapex
|-damage|p2b: Toxapex|23/100
|move|p2a: Incineroar|Flare Blitz|p1b: Charizard
|-resisted|p1b: Charizard|1
|-damage|p1b: Charizard|38/100
|-damage|p2a: Incineroar|60/100|[from] Recoil
|move|p2b: Toxapex|Toxic|p1b: Charizard
|-status|p1b: Charizard|tox
|
|-weather|SunnyDay|[upkeep]
|-heal|p2b: Toxapex|29/100|[from] item: Leftovers
|-damage|p1a: Garchomp|34/100 tox|[from] psn
|-damage|p1b: Charizard|32/100 tox|[from] psn
|upkeep
|turn|4
|
|t:|1783900189
|move|p2b: Toxapex|Baneful Bunker|p2b: Toxapex
|-singleturn|p2b: Toxapex|move: Protect
|move|p1a: Garchomp|Earthquake|p2b: Toxapex|[spread] p2a
|-activate|p2b: Toxapex|move: Protect
|-immune|p1b: Charizard
|-supereffective|p2a: Incineroar|1
|-damage|p2a: Incineroar|10/100
|-damage|p1a: Garchomp|24/100 tox|[from] item: Life Orb
|move|p1b: Charizard|Weather Ball|p2a: Incineroar
|-resisted|p2a: Incineroar|1
|-damage|p2a: Incineroar|0 fnt
|faint|p2a: Incineroar
|
|-weather|SunnyDay|[upkeep]
|-heal|p2b: Toxapex|35/100|[from] item: Leftovers
|-damage|p1a: Garchomp|1/100 tox|[from] psn
|-damage|p1b: Charizard|19/100 tox|[from] psn
|upkeep
|turn|5
|-message|sazar saifi forfeited.
|
|win|toughlogvgc
|raw|toughlogvgc's rating: 1165 → 1197(+32 for winning)
|raw|sazar saifi's rating: 1272 → 1240(-32 for losing)
|l|☆sazar saifi
|player|p2|
