|j|☆owbd
|j|☆NemoAK
|html|owbdNemoAK    
|uhtml|bestof|Game 1 of a best-of-3
|t:|1785745197
|gametype|doubles
|player|p1|owbd|cynthia-gen4|1255
|player|p2|NemoAK|1|1232
|gen|9
|tier|[Gen 9 Champions] VGC 2026 Reg M-B (Bo3)
|rated|
|rule|Species Clause: Limit one of each Pokémon
|rule|Item Clause: Limit 1 of each item
|clearpoke
|poke|p1|Charizard, L50, F, shiny|
|poke|p1|Floette-Eternal, L50, F|
|poke|p1|Kingambit, L50, F, shiny|
|poke|p1|Garchomp, L50, F, shiny|
|poke|p1|Basculegion, L50, M|
|poke|p1|Whimsicott, L50, M, shiny|
|poke|p2|Staraptor, L50, M|
|poke|p2|Grimmsnarl, L50, M|
|poke|p2|Basculegion, L50, M|
|poke|p2|Farigiraf, L50, M|
|poke|p2|Garchomp, L50, M|
|poke|p2|Camerupt, L50, M|
|teampreview|4
|showteam|p1|Charizard||CharizarditeY|Blaze|HeatWave,WeatherBall,SolarBeam,Protect|Modest||F|||50|]Floette-Eternal||Floettite|FlowerVeil|Moonblast,DazzlingGleam,LightofRuin,Protect|Modest||F|||50|]Kingambit||BlackGlasses|Defiant|IronHead,KowtowCleave,SuckerPunch,Protect|Adamant||F|||50|]Garchomp||LifeOrb|RoughSkin|RockSlide,DragonClaw,Earthquake,Protect|Jolly||F|||50|]Basculegion||MysticWater|Adaptability|WaveCrash,LastRespects,AquaJet,Protect|Adamant||M|||50|]Whimsicott||FocusSash|Prankster|Moonblast,Encore,Tailwind,Protect|Timid||M|||50|
|showteam|p2|Staraptor||Staraptite|Intimidate|CloseCombat,BraveBird,Tailwind,Protect|Jolly||M|||50|]Grimmsnarl||LightClay|Prankster|PartingShot,LightScreen,Reflect,SpiritBreak|Brave||M|||50|]Basculegion||ChoiceScarf|Adaptability|LastRespects,WaveCrash,AquaJet,FlipTurn|Adamant||M|||50|]Farigiraf||SitrusBerry|ArmorTail|Psychic,HyperVoice,TrickRoom,HelpingHand|Quiet||M|||50|]Garchomp||LifeOrb|RoughSkin|Earthquake,RockSlide,ScaleShot,Protect|Jolly||M|||50|]Camerupt||Cameruptite|MagmaArmor|HeatWave,EarthPower,AncientPower,Protect|Quiet||M|||50|
|inactive|Battle timer is ON: inactive players will automatically lose when time's up. (requested by owbd)
|inactive|NemoAK has 60 seconds left.
|
|t:|1785745235
|teamsize|p1|4
|teamsize|p2|4
|start
|switch|p1a: Floette|Floette-Eternal, L50, F|100/100
|switch|p1b: Whimsicott|Whimsicott, L50, M, shiny|100/100
|switch|p2a: Gringotts|Grimmsnarl, L50, M|100/100
|switch|p2b: 6”3|Farigiraf, L50, M|100/100
|turn|1
|
|t:|1785745254
|detailschange|p1a: Floette|Floette-Mega, L50, F
|-mega|p1a: Floette|Floette|Floettite
|-ability|p1a: Floette|Fairy Aura
|move|p1b: Whimsicott|Tailwind|p1b: Whimsicott
|-sidestart|p1: owbd|move: Tailwind
|move|p2a: Gringotts|Light Screen|p2a: Gringotts
|-sidestart|p2: NemoAK|move: Light Screen
|move|p1a: Floette|Light of Ruin|p2b: 6”3
|-damage|p2b: 6”3|34/100
|-enditem|p2b: 6”3|Sitrus Berry|[eat]
|-heal|p2b: 6”3|59/100|[from] item: Sitrus Berry
|-damage|p1a: Floette|56/100|[from] Recoil
|move|p2b: 6”3|Trick Room|p2b: 6”3
|-fieldstart|move: Trick Room|[of] p2b: 6”3
|
|upkeep
|turn|2
|c|☆NemoAK|Critical hit on Farigaraf?
|c|☆owbd|oh no
|c|☆NemoAK|Thank hod
|
|t:|1785745278
|move|p2b: 6”3|Hyper Voice|p1a: Floette|[spread] p1a,p1b
|-damage|p1a: Floette|34/100
|-damage|p1b: Whimsicott|56/100
|move|p2a: Gringotts|Spirit Break|p1a: Floette
|-damage|p1a: Floette|0 fnt
|faint|p1a: Floette
|move|p1b: Whimsicott|Moonblast|p2b: 6”3
|-damage|p2b: 6”3|39/100
|
|upkeep
|c|☆NemoAK|sorry, not been a good day for me
|
|t:|1785745291
|switch|p1a: Basculegion|Basculegion, L50, M|100/100
|turn|3
|
|t:|1785745303
|move|p2a: Gringotts|Spirit Break|p1a: Basculegion
|-damage|p1a: Basculegion|62/100
|-unboost|p1a: Basculegion|spa|1
|move|p2b: 6”3|Psychic|p1a: Basculegion
|-damage|p1a: Basculegion|20/100y
|-unboost|p1a: Basculegion|spd|1
|move|p1a: Basculegion|Wave Crash|p2a: Gringotts
|-damage|p2a: Gringotts|10/100
|-damage|p1a: Basculegion|0 fnt|[from] Recoil
|faint|p1a: Basculegion
|move|p1b: Whimsicott|Moonblast|p2b: 6”3
|-crit|p2b: 6”3
|-damage|p2b: 6”3|0 fnt
|faint|p2b: 6”3
|
|upkeep
|c|☆owbd|no problem
|
|t:|1785745320
|switch|p2b: Pompei|Camerupt, L50, M|100/100
|switch|p1a: Garchomp|Garchomp, L50, F, shiny|100/100
|turn|4
|
|t:|1785745331
|detailschange|p2b: Pompei|Camerupt-Mega, L50, M
|-mega|p2b: Pompei|Camerupt|Cameruptite
|move|p1b: Whimsicott|Protect|p1b: Whimsicott
|-singleturn|p1b: Whimsicott|Protect
|move|p1a: Garchomp|Protect|p1a: Garchomp
|-singleturn|p1a: Garchomp|Protect
|move|p2b: Pompei|Heat Wave|p1b: Whimsicott|[spread] 
|-activate|p1a: Garchomp|move: Protect
|-activate|p1b: Whimsicott|move: Protect
|move|p2a: Gringotts|Spirit Break|p1a: Garchomp
|-activate|p1a: Garchomp|move: Protect
|
|-sideend|p1: owbd|move: Tailwind
|upkeep
|turn|5
|inactive|owbd has 30 seconds left.
|
|t:|1785745363
|move|p2a: Gringotts|Reflect|p2a: Gringotts
|-sidestart|p2: NemoAK|Reflect
|move|p1b: Whimsicott|Tailwind|p1b: Whimsicott
|-sidestart|p1: owbd|move: Tailwind
|move|p2b: Pompei|Heat Wave|p1b: Whimsicott|[spread] p1a,p1b
|-resisted|p1a: Garchomp|1
|-supereffective|p1b: Whimsicott|1
|-damage|p1a: Garchomp|70/100
|-damage|p1b: Whimsicott|0 fnt
|faint|p1b: Whimsicott
|move|p1a: Garchomp|Earthquake|p2a: Gringotts|[spread] p2a,p2b
|-supereffective|p2b: Pompei|1
|-damage|p2a: Gringotts|0 fnt
|-damage|p2b: Pompei|39/100
|faint|p2a: Gringotts
|-damage|p1a: Garchomp|60/100|[from] item: Life Orb
|
|-fieldend|move: Trick Room
|upkeep
|
|t:|1785745385
|switch|p2a: Toothless|Garchomp, L50, M|100/100
|turn|6
|
|t:|1785745393
|move|p1a: Garchomp|Dragon Claw|p2a: Toothless
|-supereffective|p2a: Toothless|1
|-damage|p2a: Toothless|20/100y
|-damage|p1a: Garchomp|48/100|[from] ability: Rough Skin|[of] p2a: Toothless
|-damage|p1a: Garchomp|38/100|[from] item: Life Orb
|move|p2a: Toothless|Scale Shot|p1a: Garchomp
|-supereffective|p1a: Garchomp|1
|-damage|p1a: Garchomp|4/100
|-supereffective|p1a: Garchomp|1
|-damage|p1a: Garchomp|0 fnt
|faint|p1a: Garchomp
|-hitcount|p1: Garchomp|2
|-damage|p2a: Toothless|10/100|[from] item: Life Orb
|
|win|NemoAK
||owbd is ready for game 2.
|c|☆NemoAK|Gg
||NemoAK is ready for game 2.
|uhtml|next|Next: Game 2 of 3
