|j|☆regalac3
|j|☆polyman
|html|regalac3polyman    
|uhtml|bestof|Game 3 of a best-of-3
|t:|1757027516
|gametype|doubles
|player|p1|regalac3|n|1077
|player|p2|polyman|2|1000
|gen|9
|tier|[Gen 9] VGC 2025 Reg H (Bo3)
|rated|
|rule|Species Clause: Limit one of each Pokémon
|rule|Item Clause: Limit 1 of each item
|clearpoke
|poke|p1|Pelipper, L50, F|
|poke|p1|Basculegion, L50, M|
|poke|p1|Archaludon, L50, M|
|poke|p1|Annihilape, L50, F|
|poke|p1|Rillaboom, L50, M|
|poke|p1|Maushold-Four, L50|
|poke|p2|Weezing-Galar, L50, M|
|poke|p2|Toedscruel, L50, M|
|poke|p2|Slaking, L50, M|
|poke|p2|Incineroar, L50, M|
|poke|p2|Decidueye-Hisui, L50, F|
|poke|p2|Clefairy, L50, M|
|teampreview|4
|showteam|p1|Pelipper||FocusSash|Drizzle|Hurricane,WeatherBall,WideGuard,Protect|||F|||50|,,,,,Stellar]Basculegion||LifeOrb|SwiftSwim|WaveCrash,LastRespects,AquaJet,Protect|||M|||50|,,,,,Water]Archaludon||AssaultVest|Stamina|FlashCannon,DracoMeteor,ElectroShot,BodyPress|||M|||50|,,,,,Bug]Annihilape||Leftovers|Defiant|RageFist,DrainPunch,BulkUp,Protect|||F|||50|,,,,,Fire]Rillaboom||LoadedDice|GrassySurge|BulletSeed,GrassyGlide,HighHorsepower,FakeOut|||M|||50|,,,,,Water]Maushold-Four||SafetyGoggles|FriendGuard|BeatUp,FollowMe,Taunt,Protect||||||50|,,,,,Ghost
|showteam|p2|Weezing-Galar||Leftovers|NeutralizingGas|DazzlingGleam,Protect,Flamethrower,Taunt|||M|||50|,,,,,Grass]Toedscruel||CovertCloak|MyceliumMight|Spore,AcidSpray,Spikes,RagePowder|||M|||50|,,,,,Ground]Slaking||LifeOrb|Truant|SlackOff,Trailblaze,Curse,HighHorsepower|||M|||50|,,,,,Normal]Incineroar||AbilityShield|Intimidate|PartingShot,KnockOff,FakeOut,Protect|||M|||50|,,,,,Fire]Decidueye-Hisui||FocusSash|Scrappy|Tailwind,TripleArrows,Uturn,CloseCombat|||F|||50|,,,,,Fairy]Clefairy||Eviolite|FriendGuard|FollowMe,HealPulse,Psychic,Protect|||M|||50|,,,,,Fairy
|inactive|Battle timer is ON: inactive players will automatically lose when time's up. (requested by regalac3)
|
|t:|1757027536
|teamsize|p1|4
|teamsize|p2|4
|start
|switch|p1a: Pelipper|Pelipper, L50, F|100/100
|switch|p1b: Basculegion|Basculegion, L50, M|100/100
|switch|p2a: Weezing|Weezing-Galar, L50, M, shiny|100/100
|switch|p2b: Toedscruel|Toedscruel, L50, M|100/100
|-ability|p2a: Weezing|Neutralizing Gas
|turn|1
|
|t:|1757027556
|switch|p1a: Rillaboom|Rillaboom, L50, M|100/100
|-terastallize|p1b: Basculegion|Water
|move|p2b: Toedscruel|Spore|p1b: Basculegion
|-status|p1b: Basculegion|slp|[from] move: Spore
|cant|p1b: Basculegion|slp
|move|p2a: Weezing|Taunt|p1a: Rillaboom
|-start|p1a: Rillaboom|move: Taunt
|
|upkeep
|turn|2
|
|t:|1757027575
|move|p1a: Rillaboom|Fake Out|p2b: Toedscruel
|-damage|p2b: Toedscruel|83/100
|move|p2b: Toedscruel|Spikes|p1a: Rillaboom
|-sidestart|p1: regalac3|Spikes
|cant|p1b: Basculegion|slp
|move|p2a: Weezing|Flamethrower|p1a: Rillaboom
|-supereffective|p1a: Rillaboom
|-damage|p1a: Rillaboom|63/100
|-status|p1a: Rillaboom|brn
|
|-damage|p1a: Rillaboom|57/100 brn|[from] brn
|upkeep
|turn|3
|
|t:|1757027592
|move|p2b: Toedscruel|Spikes|p1a: Rillaboom
|-sidestart|p1: regalac3|Spikes
|cant|p1b: Basculegion|slp
|move|p1a: Rillaboom|High Horsepower|p2a: Weezing
|-supereffective|p2a: Weezing
|-damage|p2a: Weezing|69/100
|move|p2a: Weezing|Flamethrower|p1a: Rillaboom
|-supereffective|p1a: Rillaboom
|-damage|p1a: Rillaboom|18/100 brn
|
|-heal|p2a: Weezing|75/100|[from] item: Leftovers
|-damage|p1a: Rillaboom|12/100 brn|[from] brn
|-end|p1a: Rillaboom|move: Taunt
|upkeep
|turn|4
|
|t:|1757027616
|move|p2b: Toedscruel|Acid Spray|p1b: Basculegion
|-damage|p1b: Basculegion|91/100 slp
|-unboost|p1b: Basculegion|spd|2
|-curestatus|p1b: Basculegion|slp|[msg]
|move|p1b: Basculegion|Wave Crash|p2b: Toedscruel
|-damage|p2b: Toedscruel|0 fnt
|faint|p2b: Toedscruel
|-damage|p1b: Basculegion|67/100|[from] Recoil
|-damage|p1b: Basculegion|57/100|[from] item: Life Orb
|move|p1a: Rillaboom|Grassy Glide|p2a: Weezing
|-resisted|p2a: Weezing
|-damage|p2a: Weezing|69/100
|move|p2a: Weezing|Dazzling Gleam|p1a: Rillaboom|[spread] p1a,p1b
|-damage|p1a: Rillaboom|0 fnt
|-damage|p1b: Basculegion|17/100
|faint|p1a: Rillaboom
|
|-heal|p2a: Weezing|75/100|[from] item: Leftovers
|upkeep
|
|t:|1757027637
|switch|p2b: Decidueye|Decidueye-Hisui, L50, F|100/100
|switch|p1a: Pelipper|Pelipper, L50, F|100/100
|turn|5
|
|t:|1757027659
|move|p2a: Weezing|Protect|p2a: Weezing
|-singleturn|p2a: Weezing|Protect
|move|p1a: Pelipper|Wide Guard|p1a: Pelipper
|-singleturn|p1a: Pelipper|Wide Guard
|move|p1b: Basculegion|Wave Crash|p2a: Weezing
|-activate|p2a: Weezing|move: Protect
|move|p2b: Decidueye|Tailwind|p2b: Decidueye
|-sidestart|p2: polyman|move: Tailwind
|
|-heal|p2a: Weezing|81/100|[from] item: Leftovers
|upkeep
|turn|6
|-message|regalac3 forfeited.
|
|win|polyman
|raw|regalac3's rating: 1077 → 1051(-26 for losing)
|raw|polyman's rating: 1000 → 1049(+49 for winning)
