|j|☆Gentlefish
|j|☆Loris41086
|html|GentlefishLoris41086    
|uhtml|bestof|Game 2 of a best-of-3
|t:|1756583002
|gametype|doubles
|player|p1|Gentlefish|burglar-gen1rb|1074
|player|p2|Loris41086|170|1164
|gen|9
|tier|[Gen 9] VGC 2025 Reg H (Bo3)
|rated|
|rule|Species Clause: Limit one of each Pokémon
|rule|Item Clause: Limit 1 of each item
|clearpoke
|poke|p1|Garchomp, L50, M|
|poke|p1|Weezing-Galar, L50, M|
|poke|p1|Archaludon, L50, F|
|poke|p1|Gholdengo, L50|
|poke|p1|Talonflame, L50, M|
|poke|p1|Annihilape, L50, F|
|poke|p2|Charizard, L50, F|
|poke|p2|Torkoal, L50, F|
|poke|p2|Porygon2, L50|
|poke|p2|Incineroar, L50, M|
|poke|p2|Jumpluff, L50, M|
|poke|p2|Ursaluna, L50, F|
|teampreview|4
|showteam|p1|Garchomp||LifeOrb|RoughSkin|DragonClaw,Earthquake,StompingTantrum,Protect|||M|||50|,,,,,Ground]Weezing-Galar||FocusSash|NeutralizingGas|Protect,SludgeBomb,Taunt,StrangeSteam|||M|||50|,,,,,Flying]Archaludon||PowerHerb|Sturdy|ElectroShot,Thunderbolt,DracoMeteor,Protect|||F|||50|,,,,,Electric]Gholdengo||ChoiceSpecs|GoodasGold|ShadowBall,DazzlingGleam,PowerGem,MakeItRain||||||50|,,,,,Fairy]Talonflame||CovertCloak|GaleWings|Tailwind,DualWingbeat,Taunt,FlareBlitz|||M|||50|,,,,,Stellar]Annihilape||AssaultVest|Defiant|CloseCombat,RageFist,FinalGambit,IcePunch|||F|||50|,,,,,Grass
|showteam|p2|Charizard||ChoiceSpecs|SolarPower|HeatWave,Overheat,WeatherBall,AirSlash|||F|||50|,,,,,Ghost]Torkoal||EjectPack|Drought|Eruption,Overheat,HelpingHand,Protect|||F|||50|,,,,,Fire]Porygon2||Eviolite|Download|IceBeam,TeraBlast,TrickRoom,Recover||||||50|,,,,,Fighting]Incineroar||SitrusBerry|Intimidate|FlareBlitz,KnockOff,FakeOut,PartingShot|||M|||50|,,,,,Ghost]Jumpluff||CovertCloak|Chlorophyll|SleepPowder,SunnyDay,RagePowder,Tailwind|||M|||50|,,,,,Water]Ursaluna||FlameOrb|Guts|HeadlongRush,Facade,Earthquake,Protect|||F|||50|,,,,,Ghost
|inactive|Battle timer is ON: inactive players will automatically lose when time's up. (requested by Loris41086)
|
|t:|1756583049
|teamsize|p1|4
|teamsize|p2|4
|start
|switch|p1a: Talonflame|Talonflame, L50, M|100/100
|switch|p1b: Annihilape|Annihilape, L50, F|100/100
|switch|p2a: Charizard|Charizard, L50, F|100/100
|switch|p2b: Ursaluna|Ursaluna, L50, F|100/100
|turn|1
|inactive|Loris41086 has 30 seconds left.
|
|t:|1756583076
|move|p2b: Ursaluna|Protect|p2b: Ursaluna
|-singleturn|p2b: Ursaluna|Protect
|move|p1a: Talonflame|Tailwind|p1a: Talonflame
|-sidestart|p1: Gentlefish|move: Tailwind
|move|p1b: Annihilape|Final Gambit|p2a: Charizard
|-damage|p2a: Charizard|0 fnt
|faint|p1b: Annihilape
|faint|p2a: Charizard
|
|-status|p2b: Ursaluna|brn|[from] item: Flame Orb
|upkeep
|
|t:|1756583092
|switch|p2a: Torkoal|Torkoal, L50, F|100/100
|switch|p1b: Gholdengo|Gholdengo, L50|100/100
|-weather|SunnyDay|[from] ability: Drought|[of] p2a: Torkoal
|turn|2
|inactive|Gentlefish has 30 seconds left.
|
|t:|1756583123
|move|p1a: Talonflame|Dual Wingbeat|p2b: Ursaluna
|-damage|p2b: Ursaluna|88/100 brn
|-damage|p2b: Ursaluna|77/100 brn
|-hitcount|p2b: Ursaluna|2
|move|p1b: Gholdengo|Make It Rain|p2b: Ursaluna|[spread] p2a,p2b
|-resisted|p2a: Torkoal
|-damage|p2a: Torkoal|46/100
|-damage|p2b: Ursaluna|9/100 brn
|-unboost|p1b: Gholdengo|spa|1
|move|p2b: Ursaluna|Facade|p1a: Talonflame
|-damage|p1a: Talonflame|0 fnt
|faint|p1a: Talonflame
|move|p2a: Torkoal|Overheat|p1b: Gholdengo
|-supereffective|p1b: Gholdengo
|-damage|p1b: Gholdengo|0 fnt
|-unboost|p2a: Torkoal|spa|2
|faint|p1b: Gholdengo
|-enditem|p2a: Torkoal|Eject Pack
|l|☆Loris41086
|inactive|Loris41086 disconnected and has a minute to reconnect!
|player|p2|
|j|☆Loris41086
|inactive|Loris41086 reconnected and has 35 seconds left.
|player|p2|Loris41086|170|
|inactive|Loris41086 has 30 seconds left.
|inactive|Loris41086 has 20 seconds left.
|inactive|Loris41086 has 15 seconds left.
|
|t:|1756583166
|switch|p2a: Incineroar|Incineroar, L50, M|100/100
|
|-weather|SunnyDay|[upkeep]
|-damage|p2b: Ursaluna|3/100 brn|[from] brn
|upkeep
|
|t:|1756583170
|switch|p1a: Garchomp|Garchomp, L50, M|100/100
|turn|3
|
|t:|1756583184
|switch|p2b: Torkoal|Torkoal, L50, F|46/100
|-terastallize|p1a: Garchomp|Ground
|move|p2a: Incineroar|Fake Out|p1a: Garchomp
|-damage|p1a: Garchomp|89/100
|-damage|p2a: Incineroar|88/100|[from] ability: Rough Skin|[of] p1a: Garchomp
|cant|p1a: Garchomp|flinch
|
|-weather|SunnyDay|[upkeep]
|upkeep
|turn|4
|
|t:|1756583207
|-terastallize|p2a: Incineroar|Ghost
|move|p2b: Torkoal|Helping Hand|p2a: Incineroar
|-singleturn|p2a: Incineroar|Helping Hand|[of] p2b: Torkoal
|move|p1a: Garchomp|Earthquake|p2b: Torkoal|[spread] p2a,p2b
|-supereffective|p2b: Torkoal
|-damage|p2a: Incineroar|17/100
|-damage|p2b: Torkoal|0 fnt
|-enditem|p2a: Incineroar|Sitrus Berry|[eat]
|-heal|p2a: Incineroar|42/100|[from] item: Sitrus Berry
|faint|p2b: Torkoal
|-damage|p1a: Garchomp|79/100|[from] item: Life Orb
|move|p2a: Incineroar|Knock Off|p1a: Garchomp
|-damage|p1a: Garchomp|8/100
|-damage|p2a: Incineroar|30/100|[from] ability: Rough Skin|[of] p1a: Garchomp
|-enditem|p1a: Garchomp|Life Orb|[from] move: Knock Off|[of] p2a: Incineroar
|
|-weather|SunnyDay|[upkeep]
|-sideend|p1: Gentlefish|move: Tailwind
|upkeep
|
|t:|1756583222
|switch|p2b: Ursaluna|Ursaluna, L50, F|3/100 brn
|turn|5
|
|t:|1756583237
|move|p1a: Garchomp|Earthquake|p2b: Ursaluna|[spread] p2a,p2b
|-damage|p2a: Incineroar|0 fnt
|-damage|p2b: Ursaluna|0 fnt
|faint|p2a: Incineroar
|faint|p2b: Ursaluna
|
|win|Gentlefish
|raw|Gentlefish's rating: 1074 → 1110(+36 for winning)
|raw|Loris41086's rating: 1164 → 1133(-31 for losing)
|l|☆Loris41086
|player|p2|
