|j|☆the doctor rock
|j|☆namboyVGC
|html|the doctor rocknamboyVGC    
|uhtml|bestof|Game 2 of a best-of-3
|t:|1784840202
|gametype|doubles
|player|p1|the doctor rock|marlon|1144
|player|p2|namboyVGC|pokemonranger-gen4|1130
|gen|9
|tier|[Gen 9 Champions] VGC 2026 Reg M-B (Bo3)
|rated|
|rule|Species Clause: Limit one of each Pokémon
|rule|Item Clause: Limit 1 of each item
|clearpoke
|poke|p1|Malamar, L50, F|
|poke|p1|Grimmsnarl, L50, M|
|poke|p1|Ceruledge, L50, M|
|poke|p1|Sinistcha, L50|
|poke|p1|Milotic, L50, M|
|poke|p1|Hydreigon, L50, M|
|poke|p2|Swampert, L50, F|
|poke|p2|Pelipper, L50, F|
|poke|p2|Archaludon, L50, F|
|poke|p2|Maushold, L50|
|poke|p2|Sinistcha-Masterpiece, L50|
|poke|p2|Grimmsnarl, L50, M|
|teampreview|4
|showteam|p1|Malamar||Malamarite|Contrary|KnockOff,PsychoCut,Superpower,Protect|Adamant||F|||50|]Grimmsnarl||RoseliBerry|Prankster|SpiritBreak,FakeTears,ScaryFace,PartingShot|Bold||M|||50|]Ceruledge||ColburBerry|FlashFire|BitterBlade,ShadowSneak,BulkUp,Protect|Adamant||M|||50|]Sinistcha||SitrusBerry|Hospitality|MatchaGotcha,LifeDew,RagePowder,TrickRoom|Bold|||||50|]Milotic||Leftovers|Competitive|MuddyWater,Hypnosis,Coil,Protect|Calm||M|||50|]Hydreigon||LifeOrb|Levitate|DarkPulse,DragonPulse,Tailwind,Protect|Modest||M|||50|
|showteam|p2|Swampert||Swampertite|Damp|WaveCrash,HighHorsepower,IcePunch,Protect|Adamant||F|||50|]Pelipper||FocusSash|Drizzle|WeatherBall,Hurricane,Tailwind,Protect|Modest||F|||50|]Archaludon||Leftovers|Stamina|DragonPulse,ElectroShot,FlashCannon,Protect|Calm||F|||50|]Maushold||WideLens|Technician|PopulationBomb,FollowMe,RainDance,Protect|Jolly|||||50|]Sinistcha-Masterpiece||SitrusBerry|Hospitality|MatchaGotcha,LifeDew,TrickRoom,RagePowder|Bold|||||50|]Grimmsnarl||LightClay|Prankster|SpiritBreak,LightScreen,Reflect,PartingShot|Sassy||M|||50|
|inactive|Battle timer is ON: inactive players will automatically lose when time's up. (requested by the doctor rock)
|inactive|namboyVGC also wants the timer to be on.
|
|t:|1784840227
|teamsize|p1|4
|teamsize|p2|4
|start
|switch|p1a: Milotic|Milotic, L50, M|100/100
|switch|p1b: Hydreigon|Hydreigon, L50, M|100/100
|switch|p2a: Swampert|Swampert, L50, F|100/100
|switch|p2b: Pelipper|Pelipper, L50, F|100/100
|-weather|RainDance|[from] ability: Drizzle|[of] p2b: Pelipper
|turn|1
|
|t:|1784840241
|detailschange|p2a: Swampert|Swampert-Mega, L50, F
|-mega|p2a: Swampert|Swampert|Swampertite
|move|p1b: Hydreigon|Protect|p1b: Hydreigon
|-singleturn|p1b: Hydreigon|Protect
|move|p2a: Swampert|Ice Punch|p1b: Hydreigon
|-activate|p1b: Hydreigon|move: Protect
|move|p2b: Pelipper|Hurricane|p1b: Hydreigon
|-activate|p1b: Hydreigon|move: Protect
|move|p1a: Milotic|Coil|p1a: Milotic
|-boost|p1a: Milotic|atk|1
|-boost|p1a: Milotic|def|1
|-boost|p1a: Milotic|accuracy|1
|
|-weather|RainDance|[upkeep]
|upkeep
|turn|2
|
|t:|1784840256
|move|p2a: Swampert|Ice Punch|p1b: Hydreigon
|-supereffective|p1b: Hydreigon|1
|-damage|p1b: Hydreigon|26/100
|move|p1b: Hydreigon|Tailwind|p1b: Hydreigon
|-sidestart|p1: the doctor rock|move: Tailwind
|move|p1a: Milotic|Coil|p1a: Milotic
|-boost|p1a: Milotic|atk|1
|-boost|p1a: Milotic|def|1
|-boost|p1a: Milotic|accuracy|1
|move|p2b: Pelipper|Hurricane|p1b: Hydreigon
|-damage|p1b: Hydreigon|0 fnt
|faint|p1b: Hydreigon
|
|-weather|RainDance|[upkeep]
|upkeep
|
|t:|1784840268
|switch|p1b: Sinistcha|Sinistcha, L50|100/100
|turn|3
|
|t:|1784840292
|switch|p2a: Archaludon|Archaludon, L50, F|100/100
|move|p1a: Milotic|Hypnosis|p2b: Pelipper
|-status|p2b: Pelipper|slp|[from] move: Hypnosis
|move|p1b: Sinistcha|Matcha Gotcha|p2b: Pelipper|[spread] p2b
|-miss|p1b: Sinistcha|p2a: Archaludon
|-damage|p2b: Pelipper|60/100 slp
|cant|p2b: Pelipper|slp
|
|-weather|RainDance|[upkeep]
|upkeep
|turn|4
|
|t:|1784840310
|switch|p1b: Malamar|Malamar, L50, F|100/100
|move|p1a: Milotic|Hypnosis|p2a: Archaludon
|-status|p2a: Archaludon|slp|[from] move: Hypnosis
|cant|p2b: Pelipper|slp
|cant|p2a: Archaludon|slp
|
|-weather|RainDance|[upkeep]
|upkeep
|turn|5
|
|t:|1784840324
|detailschange|p1b: Malamar|Malamar-Mega, L50, F
|-mega|p1b: Malamar|Malamar|Malamarite
|move|p1b: Malamar|Superpower|p2b: Pelipper
|-resisted|p2b: Pelipper|1
|-damage|p2b: Pelipper|36/100 slp
|-boost|p1b: Malamar|atk|1
|-boost|p1b: Malamar|def|1
|move|p1a: Milotic|Coil|p1a: Milotic
|-boost|p1a: Milotic|atk|1
|-boost|p1a: Milotic|def|1
|-boost|p1a: Milotic|accuracy|1
|-curestatus|p2b: Pelipper|slp|[msg]
|move|p2b: Pelipper|Weather Ball|p1b: Malamar
|-damage|p1b: Malamar|47/100
|-curestatus|p2a: Archaludon|slp|[msg]
|move|p2a: Archaludon|Electro Shot||[still]
|-prepare|p2a: Archaludon|Electro Shot
|-boost|p2a: Archaludon|spa|1
|-anim|p2a: Archaludon|Electro Shot|p1b: Malamar
|-damage|p1b: Malamar|4/100
|
|-weather|none
|-sideend|p1: the doctor rock|move: Tailwind
|upkeep
|turn|6
|inactive|namboyVGC has 30 seconds left.
|inactive|namboyVGC has 20 seconds left.
|
|t:|1784840359
|switch|p2b: Sinistcha|Sinistcha-Masterpiece, L50|100/100
|move|p1b: Malamar|Protect|p1b: Malamar
|-singleturn|p1b: Malamar|Protect
|move|p2a: Archaludon|Dragon Pulse|p1b: Malamar
|-activate|p1b: Malamar|move: Protect
|move|p1a: Milotic|Hypnosis|p2a: Archaludon
|-status|p2a: Archaludon|slp|[from] move: Hypnosis
|
|upkeep
|turn|7
|
|t:|1784840371
|cant|p2a: Archaludon|slp
|move|p1b: Malamar|Superpower|p2a: Archaludon
|-supereffective|p2a: Archaludon|1
|-damage|p2a: Archaludon|17/100 slp
|-boost|p1b: Malamar|atk|1
|-boost|p1b: Malamar|def|1
|-ability|p2a: Archaludon|Stamina|boost
|-boost|p2a: Archaludon|def|1
|move|p1a: Milotic|Hypnosis|p2b: Sinistcha
|-status|p2b: Sinistcha|slp|[from] move: Hypnosis
|cant|p2b: Sinistcha|slp
|
|-heal|p2a: Archaludon|23/100 slp|[from] item: Leftovers
|upkeep
|turn|8
|inactive|the doctor rock has 30 seconds left.
|
|t:|1784840397
|cant|p2a: Archaludon|slp
|move|p1b: Malamar|Knock Off|p2b: Sinistcha
|-supereffective|p2b: Sinistcha|1
|-damage|p2b: Sinistcha|0 fnt
|-enditem|p2b: Sinistcha|Sitrus Berry|[from] move: Knock Off|[of] p1b: Malamar
|faint|p2b: Sinistcha
|move|p1a: Milotic|Muddy Water|p2a: Archaludon
|-resisted|p2a: Archaludon|1
|-damage|p2a: Archaludon|9/100 slp
|-ability|p2a: Archaludon|Stamina|boost
|-boost|p2a: Archaludon|def|1
|
|-heal|p2a: Archaludon|15/100 slp|[from] item: Leftovers
|upkeep
|
|t:|1784840409
|switch|p2b: Swampert|Swampert-Mega, L50, F|100/100
|turn|9
|
|t:|1784840419
|-curestatus|p2a: Archaludon|slp|[msg]
|move|p2a: Archaludon|Protect|p2a: Archaludon
|-singleturn|p2a: Archaludon|Protect
|move|p1b: Malamar|Protect|p1b: Malamar
|-singleturn|p1b: Malamar|Protect
|move|p2b: Swampert|Ice Punch|p1b: Malamar
|-activate|p1b: Malamar|move: Protect
|move|p1a: Milotic|Hypnosis|p2b: Swampert
|-status|p2b: Swampert|slp|[from] move: Hypnosis
|
|-heal|p2a: Archaludon|21/100|[from] item: Leftovers
|upkeep
|turn|10
|
|t:|1784840437
|switch|p2b: Pelipper|Pelipper, L50, F|36/100
|-weather|RainDance|[from] ability: Drizzle|[of] p2b: Pelipper
|switch|p1b: Sinistcha|Sinistcha, L50|100/100
|move|p2a: Archaludon|Electro Shot||[still]
|-prepare|p2a: Archaludon|Electro Shot
|-boost|p2a: Archaludon|spa|1
|-anim|p2a: Archaludon|Electro Shot|p1a: Milotic
|-supereffective|p1a: Milotic|1
|-damage|p1a: Milotic|20/100y
|move|p1a: Milotic|Hypnosis|p2a: Archaludon
|-status|p2a: Archaludon|slp|[from] move: Hypnosis
|
|-weather|RainDance|[upkeep]
|-heal|p2a: Archaludon|27/100 slp|[from] item: Leftovers
|-heal|p1a: Milotic|26/100|[from] item: Leftovers
|upkeep
|turn|11
|
|t:|1784840460
|move|p2b: Pelipper|Hurricane|p1a: Milotic
|-crit|p1a: Milotic
|-damage|p1a: Milotic|0 fnt
|faint|p1a: Milotic
|cant|p2a: Archaludon|slp
|move|p1b: Sinistcha|Matcha Gotcha|p2a: Archaludon|[spread] p2a,p2b
|-resisted|p2a: Archaludon|2
|-damage|p2a: Archaludon|22/100 slp
|-damage|p2b: Pelipper|0 fnt
|-ability|p2a: Archaludon|Stamina|boost
|-boost|p2a: Archaludon|def|1
|faint|p2b: Pelipper
|
|-weather|RainDance|[upkeep]
|-heal|p2a: Archaludon|28/100 slp|[from] item: Leftovers
|upkeep
|
|t:|1784840475
|switch|p2b: Swampert|Swampert-Mega, L50, F|100/100 slp
|switch|p1a: Malamar|Malamar-Mega, L50, F|4/100
|turn|12
|
|t:|1784840488
|cant|p2b: Swampert|slp
|cant|p2a: Archaludon|slp
|move|p1a: Malamar|Superpower|p2b: Swampert
|-damage|p2b: Swampert|64/100 slp
|-boost|p1a: Malamar|atk|1
|-boost|p1a: Malamar|def|1
|move|p1b: Sinistcha|Life Dew||[still]|[spread] p1a,p1b
|-heal|p1a: Malamar|29/100
|-fail|p1b: Sinistcha|heal
|
|-weather|RainDance|[upkeep]
|-heal|p2a: Archaludon|34/100 slp|[from] item: Leftovers
|upkeep
|turn|13
|
|t:|1784840504
|-curestatus|p2b: Swampert|slp|[msg]
|move|p2b: Swampert|Protect|p2b: Swampert
|-singleturn|p2b: Swampert|Protect
|move|p1b: Sinistcha|Rage Powder|p1b: Sinistcha
|-singleturn|p1b: Sinistcha|move: Rage Powder
|-curestatus|p2a: Archaludon|slp|[msg]
|move|p2a: Archaludon|Electro Shot||[still]
|-prepare|p2a: Archaludon|Electro Shot
|-boost|p2a: Archaludon|spa|1
|-anim|p2a: Archaludon|Electro Shot|p1b: Sinistcha
|-resisted|p1b: Sinistcha|1
|-damage|p1b: Sinistcha|61/100
|move|p1a: Malamar|Superpower|p2b: Swampert
|-activate|p2b: Swampert|move: Protect
|
|-weather|RainDance|[upkeep]
|-heal|p2a: Archaludon|40/100|[from] item: Leftovers
|upkeep
|turn|14
|
|t:|1784840522
|move|p1a: Malamar|Protect|p1a: Malamar
|-singleturn|p1a: Malamar|Protect
|move|p2b: Swampert|Ice Punch|p1b: Sinistcha
|-supereffective|p1b: Sinistcha|1
|-damage|p1b: Sinistcha|5/100
|-enditem|p1b: Sinistcha|Sitrus Berry|[eat]
|-heal|p1b: Sinistcha|30/100|[from] item: Sitrus Berry
|move|p2a: Archaludon|Dragon Pulse|p1b: Sinistcha
|-damage|p1b: Sinistcha|0 fnt
|faint|p1b: Sinistcha
|
|-weather|none
|-heal|p2a: Archaludon|46/100|[from] item: Leftovers
|upkeep
|turn|15
|-message|the doctor rock forfeited.
|raw|the doctor rock's rating: 1144 → 1118(-26 for losing)
|raw|namboyVGC's rating: 1130 → 1156(+26 for winning)
|
|win|namboyVGC
