|j|☆dogggybears
|html|dogggybearsManIloveRegH    
|uhtml|bestof|Game 3 of a best-of-3
|t:|1755615394
|gametype|doubles
|player|p1|dogggybears|brycenman|1181
|player|p2|ManIloveRegH|steven|1236
|gen|9
|tier|[Gen 9] VGC 2025 Reg H (Bo3)
|rated|
|rule|Species Clause: Limit one of each Pokémon
|rule|Item Clause: Limit 1 of each item
|clearpoke
|poke|p1|Gholdengo, L50|
|poke|p1|Amoonguss, L50, F|
|poke|p1|Basculegion, L50, M|
|poke|p1|Pelipper, L50, F|
|poke|p1|Incineroar, L50, M|
|poke|p1|Archaludon, L50, F|
|poke|p2|Gholdengo, L50|
|poke|p2|Maushold-Four, L50|
|poke|p2|Rillaboom, L50, F|
|poke|p2|Dragonite, L50, M|
|poke|p2|Annihilape, L50, M|
|poke|p2|Ursaluna-Bloodmoon, L50, M|
|teampreview|4
|showteam|p1|Gholdengo||LifeOrb|GoodasGold|MakeItRain,ShadowBall,NastyPlot,Protect||||||50|,,,,,Water]Amoonguss||SitrusBerry|Regenerator|Spore,RagePowder,PollenPuff,Protect|||F|||50|,,,,,Psychic]Basculegion||ChoiceBand|SwiftSwim|WaveCrash,FlipTurn,LastRespects,AquaJet|||M|||50|,,,,,Water]Pelipper||FocusSash|Drizzle|WeatherBall,Hurricane,Tailwind,Protect|||F|||50|,,,,,Ground]Incineroar||SafetyGoggles|Intimidate|FlareBlitz,KnockOff,PartingShot,FakeOut|||M|||50|,,,,,Ghost]Archaludon||AssaultVest|Stamina|ElectroShot,FlashCannon,DracoMeteor,BodyPress|||F|||50|,,,,,Bug
|showteam|p2|Gholdengo||ChoiceSpecs|GoodasGold|MakeItRain,ShadowBall,PowerGem,Thunderbolt||||||50|,,,,,Steel]Maushold-Four||FocusSash|FriendGuard|FollowMe,Feint,Protect,SuperFang||||||50|,,,,,Ghost]Rillaboom||MeadowPlate|GrassySurge|GrassyGlide,WoodHammer,HighHorsepower,FakeOut|||F|||50|,,,,,Fire]Dragonite||LoadedDice|Multiscale|ScaleShot,Tailwind,Haze,Protect|||M|||50|,,,,,Steel]Annihilape||SitrusBerry|Defiant|CloseCombat,RageFist,Protect,FinalGambit|||M|||50|,,,,,Water]Ursaluna-Bloodmoon||AssaultVest|MindsEye|HyperVoice,BloodMoon,EarthPower,VacuumWave|||M|||50|,,,,,Water
|j|☆ManIloveRegH
|player|p2|ManIloveRegH|steven|
|inactive|Battle timer is ON: inactive players will automatically lose when time's up. (requested by ManIloveRegH)
|
|t:|1755615457
|teamsize|p1|4
|teamsize|p2|4
|start
|switch|p1a: Pelipper|Pelipper, L50, F|100/100
|switch|p1b: Archaludon|Archaludon, L50, F|100/100
|switch|p2a: Maushold|Maushold-Four, L50|100/100
|switch|p2b: Gholdengo|Gholdengo, L50|100/100
|-weather|RainDance|[from] ability: Drizzle|[of] p1a: Pelipper
|turn|1
|inactive|dogggybears has 30 seconds left.
|
|t:|1755615484
|switch|p1b: Incineroar|Incineroar, L50, M|100/100
|-ability|p1b: Incineroar|Intimidate|boost
|-unboost|p2a: Maushold|atk|1
|-unboost|p2b: Gholdengo|atk|1
|move|p2a: Maushold|Super Fang|p1b: Incineroar
|-damage|p1b: Incineroar|50/100
|move|p2b: Gholdengo|Shadow Ball|p1b: Incineroar
|-resisted|p1b: Incineroar
|-damage|p1b: Incineroar|18/100
|-unboost|p1b: Incineroar|spd|1
|move|p1a: Pelipper|Weather Ball|p2b: Gholdengo
|-damage|p2b: Gholdengo|39/100
|
|-weather|RainDance|[upkeep]
|upkeep
|turn|2
|inactive|dogggybears has 30 seconds left.
|
|t:|1755615518
|-terastallize|p2a: Maushold|Ghost
|move|p2a: Maushold|Feint|p1a: Pelipper
|-damage|p1a: Pelipper|93/100
|move|p2b: Gholdengo|Shadow Ball|p1a: Pelipper
|-damage|p1a: Pelipper|0 fnt
|faint|p1a: Pelipper
|move|p1b: Incineroar|Knock Off|p2b: Gholdengo
|-supereffective|p2b: Gholdengo
|-damage|p2b: Gholdengo|0 fnt
|-enditem|p2b: Gholdengo|Choice Specs|[from] move: Knock Off|[of] p1b: Incineroar
|faint|p2b: Gholdengo
|
|-weather|RainDance|[upkeep]
|upkeep
|
|t:|1755615530
|switch|p2b: Dragonite|Dragonite, L50, M|100/100
|switch|p1a: Archaludon|Archaludon, L50, F|100/100
|turn|3
|
|t:|1755615545
|move|p2a: Maushold|Super Fang|p1a: Archaludon
|-damage|p1a: Archaludon|51/100
|-ability|p1a: Archaludon|Stamina|boost
|-boost|p1a: Archaludon|def|1
|move|p2b: Dragonite|Scale Shot|p1b: Incineroar
|-damage|p1b: Incineroar|6/100
|-damage|p1b: Incineroar|0 fnt
|faint|p1b: Incineroar
|-hitcount|p1: Incineroar|2
|-unboost|p2b: Dragonite|def|1
|-boost|p2b: Dragonite|spe|1
|move|p1a: Archaludon|Electro Shot||[still]
|-prepare|p1a: Archaludon|Electro Shot
|-boost|p1a: Archaludon|spa|1
|-anim|p1a: Archaludon|Electro Shot|p2a: Maushold
|-damage|p2a: Maushold|21/100
|
|-weather|RainDance|[upkeep]
|upkeep
|
|t:|1755615549
|switch|p1b: Basculegion|Basculegion, L50, M|100/100
|turn|4
|
|t:|1755615573
|switch|p2a: Rillaboom|Rillaboom, L50, F|100/100
|-fieldstart|move: Grassy Terrain|[from] ability: Grassy Surge|[of] p2a: Rillaboom
|move|p2b: Dragonite|Protect|p2b: Dragonite
|-singleturn|p2b: Dragonite|Protect
|move|p1b: Basculegion|Last Respects|p2b: Dragonite
|-activate|p2b: Dragonite|move: Protect
|move|p1a: Archaludon|Electro Shot||[still]
|-prepare|p1a: Archaludon|Electro Shot
|-boost|p1a: Archaludon|spa|1
|-anim|p1a: Archaludon|Electro Shot|p2b: Dragonite
|-activate|p2b: Dragonite|move: Protect
|
|-weather|RainDance|[upkeep]
|-heal|p1a: Archaludon|57/100|[from] Grassy Terrain
|upkeep
|turn|5
|
|t:|1755615592
|move|p2a: Rillaboom|Grassy Glide|p1b: Basculegion
|-supereffective|p1b: Basculegion
|-damage|p1b: Basculegion|0 fnt
|faint|p1b: Basculegion
|move|p2b: Dragonite|Haze|p2b: Dragonite
|-clearallboost
|move|p1a: Archaludon|Electro Shot||[still]
|-prepare|p1a: Archaludon|Electro Shot
|-boost|p1a: Archaludon|spa|1
|-anim|p1a: Archaludon|Electro Shot|p2b: Dragonite
|-crit|p2b: Dragonite
|-damage|p2b: Dragonite|50/100
|
|-weather|none
|-heal|p1a: Archaludon|63/100|[from] Grassy Terrain
|upkeep
|turn|6
|
|t:|1755615606
|move|p2a: Rillaboom|High Horsepower|p1a: Archaludon|[miss]
|-miss|p2a: Rillaboom|p1a: Archaludon
|move|p2b: Dragonite|Tailwind|p2b: Dragonite
|-sidestart|p2: ManIloveRegH|move: Tailwind
|move|p1a: Archaludon|Flash Cannon|p2b: Dragonite
|-damage|p2b: Dragonite|0 fnt
|faint|p2b: Dragonite
|
|-heal|p1a: Archaludon|69/100|[from] Grassy Terrain
|upkeep
|
|t:|1755615613
|switch|p2b: Maushold|Maushold-Four, L50, tera:Ghost|21/100
|turn|7
|
|t:|1755615629
|move|p2b: Maushold|Protect|p2b: Maushold
|-singleturn|p2b: Maushold|Protect
|move|p2a: Rillaboom|High Horsepower|p1a: Archaludon|[miss]
|-miss|p2a: Rillaboom|p1a: Archaludon
|move|p1a: Archaludon|Flash Cannon|p2b: Maushold
|-activate|p2b: Maushold|move: Protect
|
|-heal|p2b: Maushold|27/100|[from] Grassy Terrain
|-heal|p1a: Archaludon|75/100|[from] Grassy Terrain
|upkeep
|turn|8
|
|t:|1755615637
|move|p2b: Maushold|Super Fang|p1a: Archaludon
|-damage|p1a: Archaludon|38/100
|-ability|p1a: Archaludon|Stamina|boost
|-boost|p1a: Archaludon|def|1
|move|p2a: Rillaboom|High Horsepower|p1a: Archaludon
|-supereffective|p1a: Archaludon
|-damage|p1a: Archaludon|3/100
|-ability|p1a: Archaludon|Stamina|boost
|-boost|p1a: Archaludon|def|1
|move|p1a: Archaludon|Flash Cannon|p2b: Maushold
|-damage|p2b: Maushold|0 fnt
|faint|p2b: Maushold
|
|-heal|p1a: Archaludon|9/100|[from] Grassy Terrain
|-fieldend|move: Grassy Terrain
|upkeep
|turn|9
|
|t:|1755615647
|-terastallize|p1a: Archaludon|Bug
|move|p2a: Rillaboom|High Horsepower|p1a: Archaludon
|-resisted|p1a: Archaludon
|-damage|p1a: Archaludon|3/100
|-ability|p1a: Archaludon|Stamina|boost
|-boost|p1a: Archaludon|def|1
|move|p1a: Archaludon|Body Press|p2a: Rillaboom
|-damage|p2a: Rillaboom|35/100
|
|-sideend|p2: ManIloveRegH|move: Tailwind
|upkeep
|turn|10
|
|t:|1755615655
|move|p2a: Rillaboom|Wood Hammer|p1a: Archaludon
|-resisted|p1a: Archaludon
|-damage|p1a: Archaludon|0 fnt
|faint|p1a: Archaludon
|-damage|p2a: Rillaboom|34/100|[from] Recoil
|
|win|ManIloveRegH
|raw|dogggybears's rating: 1181 → 1160(-21 for losing)
|raw|ManIloveRegH's rating: 1236 → 1257(+21 for winning)
|l|☆ManIloveRegH
|player|p2|
|l|☆dogggybears
|player|p1|
|j|☆ManIloveRegH
|player|p2|ManIloveRegH|steven|
