|j|☆lettitripppp
|j|☆vgac
|html|lettitrippppvgac    
|uhtml|bestof|Game 3 of a best-of-3
|t:|1785454500
|gametype|doubles
|player|p1|lettitripppp|lucas|1155
|player|p2|vgac|marlon|1063
|gen|9
|tier|[Gen 9 Champions] VGC 2026 Reg M-B (Bo3)
|rated|
|rule|Species Clause: Limit one of each Pokémon
|rule|Item Clause: Limit 1 of each item
|clearpoke
|poke|p1|Charizard, L50, F|
|poke|p1|Glimmora, L50, M|
|poke|p1|Ninetales-Alola, L50, F|
|poke|p1|Whimsicott, L50, M|
|poke|p1|Kingambit, L50, F, shiny|
|poke|p1|Kommo-o, L50, M|
|poke|p2|Tyranitar, L50, F|
|poke|p2|Ninetales-Alola, L50, M|
|poke|p2|Politoed, L50, F|
|poke|p2|Froslass, L50, F|
|poke|p2|Charizard, L50, F|
|poke|p2|Pelipper, L50, M|
|teampreview|4
|showteam|p1|Charizard||CharizarditeY|Blaze|WeatherBall,SolarBeam,HeatWave,Protect|Modest||F|||50|]Glimmora||Glimmoranite|ToxicDebris|SludgeBomb,EarthPower,PowerGem,SpikyShield|Timid||M|||50|]Ninetales-Alola||NeverMeltIce|SnowWarning|FreezeDry,Blizzard,Disable,Protect|Timid||F|||50|]Whimsicott||FocusSash|Prankster|Moonblast,Tailwind,Encore,Protect|Timid||M|||50|]Kingambit||BlackGlasses|Defiant|KowtowCleave,SuckerPunch,IronHead,Protect|Adamant||F|||50|]Kommo-o||LifeOrb|Overcoat|ClangingScales,VacuumWave,AuraSphere,Protect|Timid||M|||50|
|showteam|p2|Tyranitar||Tyranitarite|SandStream|BodyPress,Earthquake,RockSlide,Protect|Careful||F|||50|]Ninetales-Alola||ChoiceScarf|SnowWarning|AuroraVeil,Blizzard,DazzlingGleam,FreezeDry|Timid||M|||50|]Politoed||MysticWater|Drizzle|WeatherBall,HydroPump,Protect,PerishSong|Calm||F|||50|]Froslass||Froslassite|SnowCloak|Blizzard,ShadowBall,NastyPlot,Protect|Timid||F|||50|]Charizard||CharizarditeY|SolarPower|HeatWave,BlastBurn,Hurricane,Protect|Timid||F|||50|]Pelipper||FocusSash|Drizzle|WideGuard,WeatherBall,Tailwind,Protect|Modest||M|||50|
|inactive|Battle timer is ON: inactive players will automatically lose when time's up. (requested by lettitripppp)
|
|t:|1785454517
|teamsize|p1|4
|teamsize|p2|4
|start
|switch|p1a: SOULOLA|Kommo-o, L50, M|100/100
|switch|p1b: NO GO AWAY|Glimmora, L50, M|100/100
|switch|p2a: Froslass|Froslass, L50, F|100/100
|switch|p2b: Politoed|Politoed, L50, F|100/100
|-weather|RainDance|[from] ability: Drizzle|[of] p2b: Politoed
|turn|1
|inactive|vgac has 30 seconds left.
|
|t:|1785454545
|switch|p1a: SNOWRUMA|Ninetales-Alola, L50, F|100/100
|-weather|Snowscape|[from] ability: Snow Warning|[of] p1a: SNOWRUMA
|detailschange|p1b: NO GO AWAY|Glimmora-Mega, L50, M
|-mega|p1b: NO GO AWAY|Glimmora|Glimmoranite
|move|p2a: Froslass|Protect|p2a: Froslass
|-singleturn|p2a: Froslass|Protect
|move|p1b: NO GO AWAY|Power Gem|p2a: Froslass
|-activate|p2a: Froslass|move: Protect
|move|p2b: Politoed|Weather Ball|p1b: NO GO AWAY
|-damage|p1b: NO GO AWAY|73/100
|
|-weather|Snowscape|[upkeep]
|upkeep
|turn|2
|inactive|vgac has 30 seconds left.
|inactive|vgac has 20 seconds left.
|
|t:|1785454583
|switch|p2a: Tyranitar|Tyranitar, L50, F|100/100
|-weather|Sandstorm|[from] ability: Sand Stream|[of] p2a: Tyranitar
|move|p1a: SNOWRUMA|Disable|p2b: Politoed
|-start|p2b: Politoed|Disable|Weather Ball
|move|p1b: NO GO AWAY|Power Gem|p2a: Tyranitar
|-damage|p2a: Tyranitar|71/100
|move|p2b: Politoed|Hydro Pump|p1b: NO GO AWAY
|-supereffective|p1b: NO GO AWAY|1
|-damage|p1b: NO GO AWAY|4/100
|
|-weather|Sandstorm|[upkeep]
|-damage|p1a: SNOWRUMA|94/100|[from] Sandstorm
|-damage|p2b: Politoed|93/100|[from] Sandstorm
|upkeep
|turn|3
|inactive|vgac has 30 seconds left.
|
|t:|1785454610
|switch|p1a: SOULOLA|Kommo-o, L50, M|100/100
|move|p1b: NO GO AWAY|Spiky Shield|p1b: NO GO AWAY
|-singleturn|p1b: NO GO AWAY|move: Protect
|move|p2a: Tyranitar|Protect|p2a: Tyranitar
|-singleturn|p2a: Tyranitar|Protect
|move|p2b: Politoed|Hydro Pump|p1b: NO GO AWAY
|-activate|p1b: NO GO AWAY|move: Protect
|
|-weather|Sandstorm|[upkeep]
|-damage|p2b: Politoed|87/100|[from] Sandstorm
|upkeep
|turn|4
|
|t:|1785454624
|switch|p2a: Froslass|Froslass, L50, F|100/100
|move|p1b: NO GO AWAY|Power Gem|p2b: Politoed
|-damage|p2b: Politoed|50/100g
|move|p1a: SOULOLA|Clanging Scales|p2a: Froslass|[spread] p2a,p2b
|-damage|p2a: Froslass|23/100
|-damage|p2b: Politoed|21/100
|-unboost|p1a: SOULOLA|def|1
|-damage|p1a: SOULOLA|90/100|[from] item: Life Orb
|move|p2b: Politoed|Hydro Pump|p1b: NO GO AWAY
|-supereffective|p1b: NO GO AWAY|1
|-damage|p1b: NO GO AWAY|0 fnt
|faint|p1b: NO GO AWAY
|
|-weather|Sandstorm|[upkeep]
|-damage|p2a: Froslass|17/100|[from] Sandstorm
|-damage|p2b: Politoed|15/100|[from] Sandstorm
|upkeep
|
|t:|1785454636
|switch|p1b: GENERAL BLADUS|Kingambit, L50, F, shiny|100/100
|turn|5
|
|t:|1785454644
|move|p2a: Froslass|Protect|p2a: Froslass
|-singleturn|p2a: Froslass|Protect
|move|p1b: GENERAL BLADUS|Sucker Punch||[still]
|-fail|p1b: GENERAL BLADUS
|move|p1a: SOULOLA|Clanging Scales|p2b: Politoed|[spread] p2b
|-activate|p2a: Froslass|move: Protect
|-damage|p2b: Politoed|0 fnt
|faint|p2b: Politoed
|-unboost|p1a: SOULOLA|def|1
|-damage|p1a: SOULOLA|80/100|[from] item: Life Orb
|
|-weather|Sandstorm|[upkeep]
|-damage|p2a: Froslass|10/100|[from] Sandstorm
|upkeep
|
|t:|1785454661
|switch|p2b: Tyranitar|Tyranitar, L50, F|71/100
|turn|6
|
|t:|1785454670
|switch|p2a: Charizard|Charizard, L50, F|100/100
|detailschange|p2b: Tyranitar|Tyranitar-Mega, L50, F
|-mega|p2b: Tyranitar|Tyranitar|Tyranitarite
|move|p1b: GENERAL BLADUS|Sucker Punch||[still]
|-fail|p1b: GENERAL BLADUS
|move|p1a: SOULOLA|Aura Sphere|p2b: Tyranitar
|-supereffective|p2b: Tyranitar|2
|-damage|p2b: Tyranitar|1/100
|-damage|p1a: SOULOLA|70/100|[from] item: Life Orb
|move|p2b: Tyranitar|Earthquake|p1b: GENERAL BLADUS|[spread] p1a,p1b
|-immune|p2a: Charizard
|-supereffective|p1b: GENERAL BLADUS|1
|-damage|p1a: SOULOLA|14/100
|-damage|p1b: GENERAL BLADUS|62/100
|
|-weather|none
|upkeep
|turn|7
|
|t:|1785454690
|switch|p2b: Froslass|Froslass, L50, F|10/100
|move|p2a: Charizard|Heat Wave|p1b: GENERAL BLADUS|[spread] p1a,p1b
|-resisted|p1a: SOULOLA|1
|-supereffective|p1b: GENERAL BLADUS|1
|-damage|p1a: SOULOLA|0 fnt
|-damage|p1b: GENERAL BLADUS|1/100
|faint|p1a: SOULOLA
|move|p1b: GENERAL BLADUS|Kowtow Cleave|p2a: Charizard
|-damage|p2a: Charizard|12/100
|
|upkeep
|
|t:|1785454696
|switch|p1a: SNOWRUMA|Ninetales-Alola, L50, F|94/100
|-weather|Snowscape|[from] ability: Snow Warning|[of] p1a: SNOWRUMA
|turn|8
|
|t:|1785454705
|move|p1b: GENERAL BLADUS|Protect|p1b: GENERAL BLADUS
|-singleturn|p1b: GENERAL BLADUS|Protect
|move|p2b: Froslass|Blizzard|p1b: GENERAL BLADUS|[spread] p1a
|-activate|p1b: GENERAL BLADUS|move: Protect
|-resisted|p1a: SNOWRUMA|1
|-damage|p1a: SNOWRUMA|74/100
|move|p1a: SNOWRUMA|Blizzard|p2b: Froslass|[spread] p2a,p2b
|-resisted|p2b: Froslass|1
|-damage|p2a: Charizard|0 fnt
|-damage|p2b: Froslass|0 fnt
|faint|p2a: Charizard
|faint|p2b: Froslass
|
|-weather|Snowscape|[upkeep]
|upkeep
|
|t:|1785454714
|switch|p2b: Tyranitar|Tyranitar-Mega, L50, F|1/100
|-weather|Sandstorm|[from] ability: Sand Stream|[of] p2b: Tyranitar
|turn|9
|
|t:|1785454721
|move|p1a: SNOWRUMA|Freeze-Dry|p2b: Tyranitar
|-damage|p2b: Tyranitar|0 fnt
|faint|p2b: Tyranitar
|
|win|lettitripppp
|raw|lettitripppp's rating: 1155 → 1174(+19 for winning)
|raw|vgac's rating: 1063 → 1049(-14 for losing)
