|j|☆beeetch
|j|☆OOF? YEE?
|html|beeetchOOF? YEE?    
|uhtml|bestof|Game 3 of a best-of-3
|t:|1756243125
|gametype|doubles
|player|p1|beeetch|beauty-gen4dp|1332
|player|p2|OOF? YEE?|102|1403
|gen|9
|tier|[Gen 9] VGC 2025 Reg H (Bo3)
|rated|
|rule|Species Clause: Limit one of each Pokémon
|rule|Item Clause: Limit 1 of each item
|clearpoke
|poke|p1|Toedscruel, L50, M|
|poke|p1|Weezing-Galar, L50, F|
|poke|p1|Corviknight, L50, M|
|poke|p1|Pawmot, L50, F|
|poke|p1|Garchomp, L50, F|
|poke|p1|Typhlosion-Hisui, L50, F|
|poke|p2|Archaludon, L50, F|
|poke|p2|Pelipper, L50, M|
|poke|p2|Basculegion, L50, M|
|poke|p2|Toedscruel, L50, F|
|poke|p2|Comfey, L50, M|
|poke|p2|Weezing, L50, M|
|teampreview|4
|showteam|p1|Toedscruel||CovertCloak|MyceliumMight|Spore,EarthPower,AcidSpray,RagePowder|||M|||50|,,,,,Water]Weezing-Galar||ChoiceSpecs|NeutralizingGas|DazzlingGleam,SludgeBomb,StrangeSteam,Flamethrower|||F|||50|,,,,,Flying]Corviknight||SitrusBerry|MirrorArmor|Protect,Tailwind,Roost,BraveBird|||M|||50|,,,,,Dragon]Pawmot||FocusSash|NaturalCure|Protect,CloseCombat,DoubleShock,FakeOut|||F|||50|,,,,,Electric]Garchomp||LifeOrb|RoughSkin|Protect,Earthquake,DragonClaw,StompingTantrum|||F|||50|,,,,,Ground]Typhlosion-Hisui||ChoiceScarf|Blaze|Eruption,SleepTalk,HeatWave,ShadowBall|||F|||50|,,,,,Fire
|showteam|p2|Archaludon||AssaultVest|Stamina|ElectroShot,BodyPress,FlashCannon,Snarl|||F|||50|,,,,,Grass]Pelipper||ChoiceScarf|Drizzle|Tailwind,Hurricane,WeatherBall,Uturn|||M|||50|,,,,,Ghost]Basculegion||MysticWater|SwiftSwim|Protect,FlipTurn,WaveCrash,LastRespects|||M|||50|,,,,,Dragon]Toedscruel||CovertCloak|MyceliumMight|Spore,EarthPower,BulletSeed,RagePowder|||F|||50|,,,,,Water]Comfey||SafetyGoggles|Triage|DrainingKiss,FloralHealing,Taunt,Protect|||M|||50|,,,,,Steel]Weezing||ChoiceSpecs|NeutralizingGas|DarkPulse,DestinyBond,ClearSmog,SludgeBomb|||M|||50|,,,,,Ghost
|
|t:|1756243144
|teamsize|p1|4
|teamsize|p2|4
|start
|switch|p1a: Garchomp|Garchomp, L50, F|100/100
|switch|p1b: Weezing|Weezing-Galar, L50, F|100/100
|switch|p2a: Toedscruel|Toedscruel, L50, F|100/100
|switch|p2b: Basculegion|Basculegion, L50, M|100/100
|-ability|p1b: Weezing|Neutralizing Gas
|turn|1
|
|t:|1756243156
|-end|p1b: Weezing|ability: Neutralizing Gas
|switch|p1b: Corviknight|Corviknight, L50, M|100/100
|-terastallize|p1a: Garchomp|Ground
|move|p1a: Garchomp|Earthquake|p2b: Basculegion|[spread] p2a,p2b
|-immune|p1b: Corviknight
|-resisted|p2a: Toedscruel
|-damage|p2a: Toedscruel|57/100
|-damage|p2b: Basculegion|21/100
|-damage|p1a: Garchomp|91/100|[from] item: Life Orb
|move|p2a: Toedscruel|Spore|p1a: Garchomp
|-status|p1a: Garchomp|slp|[from] move: Spore
|move|p2b: Basculegion|Flip Turn|p1b: Corviknight
|-damage|p1b: Corviknight|71/100
|
|t:|1756243168
|switch|p2b: Archaludon|Archaludon, L50, F|100/100|[from] Flip Turn
|
|upkeep
|turn|2
|
|t:|1756243183
|switch|p1a: Weezing|Weezing-Galar, L50, F|100/100
|-ability|p1a: Weezing|Neutralizing Gas
|move|p2a: Toedscruel|Bullet Seed|p2b: Archaludon
|-resisted|p2b: Archaludon
|-damage|p2b: Archaludon|99/100
|-resisted|p2b: Archaludon
|-damage|p2b: Archaludon|99/100
|-resisted|p2b: Archaludon
|-damage|p2b: Archaludon|98/100
|-hitcount|p2b: Archaludon|3
|move|p2b: Archaludon|Body Press|p1b: Corviknight
|-damage|p1b: Corviknight|51/100
|move|p1b: Corviknight|Brave Bird|p2a: Toedscruel
|-supereffective|p2a: Toedscruel
|-crit|p2a: Toedscruel
|-damage|p2a: Toedscruel|0 fnt
|faint|p2a: Toedscruel
|-damage|p1b: Corviknight|34/100|[from] Recoil
|-enditem|p1b: Corviknight|Sitrus Berry|[eat]
|-heal|p1b: Corviknight|59/100|[from] item: Sitrus Berry
|
|upkeep
|
|t:|1756243187
|switch|p2a: Basculegion|Basculegion, L50, M|21/100
|turn|3
|
|t:|1756243216
|-end|p1a: Weezing|ability: Neutralizing Gas
|switch|p1a: Garchomp|Garchomp, L50, F, tera:Ground|91/100 slp
|move|p2a: Basculegion|Protect|p2a: Basculegion
|-singleturn|p2a: Basculegion|Protect
|move|p2b: Archaludon|Flash Cannon|p1a: Garchomp
|-damage|p1a: Garchomp|49/100 slp
|move|p1b: Corviknight|Brave Bird|p2a: Basculegion
|-activate|p2a: Basculegion|move: Protect
|
|upkeep
|turn|4
|
|t:|1756243229
|switch|p1a: Weezing|Weezing-Galar, L50, F|100/100
|-ability|p1a: Weezing|Neutralizing Gas
|move|p2a: Basculegion|Flip Turn|p1a: Weezing
|-damage|p1a: Weezing|67/100
|
|t:|1756243236
|switch|p2a: Comfey|Comfey, L50, M|100/100|[from] Flip Turn
|move|p2b: Archaludon|Electro Shot||[still]
|-prepare|p2b: Archaludon|Electro Shot
|-boost|p2b: Archaludon|spa|1
|move|p1b: Corviknight|Brave Bird|p2a: Comfey
|-damage|p2a: Comfey|57/100
|-damage|p1b: Corviknight|48/100|[from] Recoil
|
|upkeep
|turn|5
|
|t:|1756243267
|switch|p1b: Garchomp|Garchomp, L50, F, tera:Ground|49/100 slp
|move|p2a: Comfey|Protect|p2a: Comfey
|-singleturn|p2a: Comfey|Protect
|move|p2b: Archaludon|Electro Shot|p1b: Garchomp|[from] lockedmove
|-immune|p1b: Garchomp
|move|p1a: Weezing|Sludge Bomb|p2a: Comfey
|-activate|p2a: Comfey|move: Protect
|
|upkeep
|turn|6
|
|t:|1756243301
|switch|p2a: Basculegion|Basculegion, L50, M|21/100
|-end|p1a: Weezing|ability: Neutralizing Gas
|switch|p1a: Corviknight|Corviknight, L50, M|48/100
|cant|p1b: Garchomp|slp
|move|p2b: Archaludon|Flash Cannon|p1a: Corviknight
|-resisted|p1a: Corviknight
|-damage|p1a: Corviknight|26/100
|
|upkeep
|turn|7
|
|t:|1756243316
|-terastallize|p2b: Archaludon|Grass
|move|p1a: Corviknight|Protect|p1a: Corviknight
|-singleturn|p1a: Corviknight|Protect
|cant|p1b: Garchomp|slp
|move|p2a: Basculegion|Flip Turn|p1a: Corviknight
|-activate|p1a: Corviknight|move: Protect
|move|p2b: Archaludon|Flash Cannon|p1b: Garchomp
|-damage|p1b: Garchomp|0 fnt
|faint|p1b: Garchomp
|
|upkeep
|
|t:|1756243327
|switch|p1b: Pawmot|Pawmot, L50, F|100/100
|turn|8
|
|t:|1756243357
|switch|p1a: Weezing|Weezing-Galar, L50, F|67/100
|-ability|p1a: Weezing|Neutralizing Gas
|move|p1b: Pawmot|Double Shock|p2a: Basculegion
|-supereffective|p2a: Basculegion
|-crit|p2a: Basculegion
|-damage|p2a: Basculegion|0 fnt
|-start|p1b: Pawmot|typechange|???/Fighting|[from] move: Double Shock
|faint|p2a: Basculegion
|move|p2b: Archaludon|Flash Cannon|p1a: Weezing
|-supereffective|p1a: Weezing
|-damage|p1a: Weezing|0 fnt
|faint|p1a: Weezing
|-end|p1a: Weezing|ability: Neutralizing Gas
|
|upkeep
|
|t:|1756243368
|switch|p2a: Comfey|Comfey, L50, M|57/100
|switch|p1a: Corviknight|Corviknight, L50, M|26/100
|turn|9
|
|t:|1756243383
|move|p2a: Comfey|Draining Kiss|p1b: Pawmot
|-supereffective|p1b: Pawmot
|-damage|p1b: Pawmot|43/100
|-heal|p2a: Comfey|97/100|[from] drain|[of] p1b: Pawmot
|move|p1b: Pawmot|Close Combat|p2b: Archaludon
|-damage|p2b: Archaludon|59/100
|-unboost|p1b: Pawmot|def|1
|-unboost|p1b: Pawmot|spd|1
|-ability|p2b: Archaludon|Stamina|boost
|-boost|p2b: Archaludon|def|1
|move|p2b: Archaludon|Flash Cannon|p1a: Corviknight
|-resisted|p1a: Corviknight
|-damage|p1a: Corviknight|4/100
|move|p1a: Corviknight|Roost|p1a: Corviknight
|-heal|p1a: Corviknight|54/100
|-singleturn|p1a: Corviknight|move: Roost
|
|upkeep
|turn|10
|
|t:|1756243405
|move|p1b: Pawmot|Protect|p1b: Pawmot
|-singleturn|p1b: Pawmot|Protect
|move|p2a: Comfey|Floral Healing|p2b: Archaludon
|-heal|p2b: Archaludon|100/100
|move|p2b: Archaludon|Body Press|p1a: Corviknight
|-damage|p1a: Corviknight|24/100
|move|p1a: Corviknight|Brave Bird|p2b: Archaludon
|-supereffective|p2b: Archaludon
|-damage|p2b: Archaludon|57/100
|-ability|p2b: Archaludon|Stamina|boost
|-boost|p2b: Archaludon|def|1
|-damage|p1a: Corviknight|11/100|[from] Recoil
|
|upkeep
|turn|11
|
|t:|1756243420
|move|p1a: Corviknight|Protect|p1a: Corviknight
|-singleturn|p1a: Corviknight|Protect
|move|p2a: Comfey|Draining Kiss|p1b: Pawmot
|-supereffective|p1b: Pawmot
|-damage|p1b: Pawmot|0 fnt
|-heal|p2a: Comfey|100/100|[from] drain|[of] p1b: Pawmot
|faint|p1b: Pawmot
|move|p2b: Archaludon|Body Press|p1a: Corviknight
|-activate|p1a: Corviknight|move: Protect
|
|upkeep
|turn|12
|
|t:|1756243426
|move|p2a: Comfey|Floral Healing|p2b: Archaludon
|-heal|p2b: Archaludon|100/100
|move|p2b: Archaludon|Body Press|p1a: Corviknight
|-damage|p1a: Corviknight|0 fnt
|faint|p1a: Corviknight
|
|win|OOF? YEE?
|raw|beeetch's rating: 1332 → 1316(-16 for losing)
|raw|OOF? YEE?'s rating: 1403 → 1419(+16 for winning)
|c|☆beeetch|gg
