|j|☆cheesbuga
|j|☆dcheng24
|html|cheesbugadcheng24    
|uhtml|bestof|Game 2 of a best-of-3
|t:|1757744032
|gametype|doubles
|player|p1|cheesbuga|pokemaniac|1052
|player|p2|dcheng24|101|1038
|gen|9
|tier|[Gen 9] VGC 2025 Reg H (Bo3)
|rated|
|rule|Species Clause: Limit one of each Pokémon
|rule|Item Clause: Limit 1 of each item
|clearpoke
|poke|p1|Ursaluna-Bloodmoon, L50, M|
|poke|p1|Incineroar, L50, M|
|poke|p1|Rillaboom, L50, M|
|poke|p1|Farigiraf, L50, M|
|poke|p1|Sneasler, L50, M|
|poke|p1|Volcarona, L50, F|
|poke|p2|Amoonguss, L50, M|
|poke|p2|Archaludon, L50, M|
|poke|p2|Maushold-Four, L50|
|poke|p2|Primarina, L50, F|
|poke|p2|Incineroar, L50, F|
|poke|p2|Ursaluna-Bloodmoon, L50, M|
|teampreview|4
|showteam|p1|Ursaluna-Bloodmoon||LifeOrb|MindsEye|HyperVoice,BloodMoon,EarthPower,Protect|||M|||50|,,,,,Normal]Incineroar||SafetyGoggles|Intimidate|FakeOut,FlareBlitz,KnockOff,PartingShot|||M|||50|,,,,,Ghost]Rillaboom||AssaultVest|GrassySurge|Uturn,WoodHammer,GrassyGlide,FakeOut|||M|||50|,,,,,Fire]Farigiraf||ThroatSpray|ArmorTail|HyperVoice,Protect,Psychic,TrickRoom|||M|||50|,,,,,Fairy]Sneasler||FocusSash|Unburden|CloseCombat,Protect,FakeOut,ThroatChop|||M|||50|,,,,,Dark]Volcarona||CovertCloak|FlameBody|HeatWave,Protect,StruggleBug,QuiverDance|||F|||50|,,,,,Water
|showteam|p2|Amoonguss||QuickClaw|Regenerator|ClearSmog,Spore,PollenPuff,RagePowder|||M|||50|,,,,,Ghost]Archaludon||AssaultVest|Stamina|Thunderbolt,Snarl,BodyPress,DragonPulse|||M|||50|,,,,,Dragon]Maushold-Four||CovertCloak|FriendGuard|FollowMe,PopulationBomb,Taunt,Encore||||||50|,,,,,Ghost]Primarina||Leftovers|Torrent|HelpingHand,Charm,LightScreen,Surf|||F|||50|,,,,,Water]Incineroar||RockyHelmet|Intimidate|KnockOff,Taunt,FakeOut,PartingShot|||F|||50|,,,,,Grass]Ursaluna-Bloodmoon||LifeOrb|MindsEye|BloodMoon,EarthPower,Protect,HyperVoice|||M|||50|,,,,,Ground
|
|t:|1757744126
|teamsize|p1|4
|teamsize|p2|4
|start
|switch|p1a: Sneasler|Sneasler, L50, M|100/100
|switch|p1b: Volcarona|Volcarona, L50, F|100/100
|switch|p2a: Primarina|Primarina, L50, F|100/100
|switch|p2b: Maushold|Maushold-Four, L50|100/100
|turn|1
|
|t:|1757744157
|-terastallize|p2b: Maushold|Ghost
|move|p1a: Sneasler|Fake Out|p2a: Primarina
|-damage|p2a: Primarina|88/100
|move|p1b: Volcarona|Quiver Dance|p1b: Volcarona
|-boost|p1b: Volcarona|spa|1
|-boost|p1b: Volcarona|spd|1
|-boost|p1b: Volcarona|spe|1
|move|p2b: Maushold|Population Bomb|p1a: Sneasler
|-damage|p1a: Sneasler|90/100
|-damage|p1a: Sneasler|79/100
|-damage|p1a: Sneasler|68/100
|-damage|p1a: Sneasler|58/100
|-damage|p1a: Sneasler|47/100
|-hitcount|p1a: Sneasler|5
|cant|p2a: Primarina|flinch
|
|-heal|p2a: Primarina|94/100|[from] item: Leftovers
|upkeep
|turn|2
|
|t:|1757744195
|-terastallize|p1b: Volcarona|Water
|move|p2a: Primarina|Helping Hand|p2b: Maushold
|-singleturn|p2b: Maushold|Helping Hand|[of] p2a: Primarina
|move|p1b: Volcarona|Quiver Dance|p1b: Volcarona
|-boost|p1b: Volcarona|spa|1
|-boost|p1b: Volcarona|spd|1
|-boost|p1b: Volcarona|spe|1
|move|p1a: Sneasler|Throat Chop|p2b: Maushold
|-supereffective|p2b: Maushold
|-damage|p2b: Maushold|44/100
|move|p2b: Maushold|Population Bomb|p1b: Volcarona
|-damage|p1b: Volcarona|86/100
|-damage|p1b: Volcarona|72/100
|-damage|p1b: Volcarona|57/100
|-damage|p1b: Volcarona|43/100
|-status|p2b: Maushold|brn|[from] ability: Flame Body|[of] p1b: Volcarona
|-damage|p1b: Volcarona|36/100
|-crit|p1b: Volcarona
|-damage|p1b: Volcarona|27/100
|-damage|p1b: Volcarona|20/100
|-damage|p1b: Volcarona|13/100
|-damage|p1b: Volcarona|7/100
|-damage|p1b: Volcarona|0 fnt
|faint|p1b: Volcarona
|-hitcount|p1: Volcarona|10
|
|-heal|p2a: Primarina|99/100|[from] item: Leftovers
|-damage|p2b: Maushold|38/100 brn|[from] brn
|upkeep
|
|t:|1757744226
|switch|p1b: Ursaluna|Ursaluna-Bloodmoon, L50, M|100/100
|turn|3
|
|t:|1757744251
|switch|p1a: Incineroar|Incineroar, L50, M|100/100
|-ability|p1a: Incineroar|Intimidate|boost
|-unboost|p2a: Primarina|atk|1
|-unboost|p2b: Maushold|atk|1
|switch|p2b: Archaludon|Archaludon, L50, M|100/100
|move|p1b: Ursaluna|Protect|p1b: Ursaluna
|-singleturn|p1b: Ursaluna|Protect
|move|p2a: Primarina|Surf|p1a: Incineroar|[spread] p2b,p1a
|-activate|p1b: Ursaluna|move: Protect
|-resisted|p2b: Archaludon
|-supereffective|p1a: Incineroar
|-damage|p2b: Archaludon|91/100
|-damage|p1a: Incineroar|49/100
|-ability|p2b: Archaludon|Stamina|boost
|-boost|p2b: Archaludon|def|1
|
|-heal|p2a: Primarina|100/100|[from] item: Leftovers
|upkeep
|turn|4
|
|t:|1757744280
|move|p1a: Incineroar|Fake Out|p2a: Primarina
|-damage|p2a: Primarina|89/100
|move|p2b: Archaludon|Body Press|p1b: Ursaluna
|-supereffective|p1b: Ursaluna
|-damage|p1b: Ursaluna|50/100
|cant|p2a: Primarina|flinch
|move|p1b: Ursaluna|Earth Power|p2b: Archaludon
|-supereffective|p2b: Archaludon
|-damage|p2b: Archaludon|0 fnt
|faint|p2b: Archaludon
|-damage|p1b: Ursaluna|41/100|[from] item: Life Orb
|
|-heal|p2a: Primarina|95/100|[from] item: Leftovers
|upkeep
|
|t:|1757744307
|switch|p2b: Maushold|Maushold-Four, L50, tera:Ghost|38/100 brn
|turn|5
|
|t:|1757744327
|move|p2a: Primarina|Helping Hand|p2b: Maushold
|-singleturn|p2b: Maushold|Helping Hand|[of] p2a: Primarina
|move|p1b: Ursaluna|Protect|p1b: Ursaluna
|-singleturn|p1b: Ursaluna|Protect
|move|p2b: Maushold|Population Bomb|p1b: Ursaluna
|-activate|p1b: Ursaluna|move: Protect
|move|p1a: Incineroar|Parting Shot|p2a: Primarina
|-unboost|p2a: Primarina|atk|1
|-unboost|p2a: Primarina|spa|1
|
|t:|1757744338
|switch|p1a: Sneasler|Sneasler, L50, M|47/100|[from] Parting Shot
|
|-heal|p2a: Primarina|100/100|[from] item: Leftovers
|-damage|p2b: Maushold|32/100 brn|[from] brn
|upkeep
|turn|6
|
|t:|1757744368
|switch|p2b: Amoonguss|Amoonguss, L50, M|100/100
|move|p1a: Sneasler|Fake Out|p2a: Primarina
|-damage|p2a: Primarina|84/100
|cant|p2a: Primarina|flinch
|move|p1b: Ursaluna|Hyper Voice|p2b: Amoonguss|[spread] p2a,p2b
|-damage|p2a: Primarina|51/100
|-damage|p2b: Amoonguss|61/100
|-damage|p1b: Ursaluna|31/100|[from] item: Life Orb
|
|-heal|p2a: Primarina|57/100|[from] item: Leftovers
|upkeep
|turn|7
|
|t:|1757744402
|switch|p1a: Incineroar|Incineroar, L50, M|49/100
|-ability|p1a: Incineroar|Intimidate|boost
|-unboost|p2a: Primarina|atk|1
|-unboost|p2b: Amoonguss|atk|1
|move|p2b: Amoonguss|Spore|p1a: Incineroar
|-activate|p1a: Incineroar|item: Safety Goggles|Spore
|move|p2a: Primarina|Surf|p1b: Ursaluna|[spread] p2b,p1a,p1b
|-resisted|p2b: Amoonguss
|-supereffective|p1a: Incineroar
|-supereffective|p1b: Ursaluna
|-damage|p2b: Amoonguss|53/100
|-damage|p1a: Incineroar|15/100
|-damage|p1b: Ursaluna|0 fnt
|faint|p1b: Ursaluna
|
|-heal|p2a: Primarina|63/100|[from] item: Leftovers
|upkeep
|
|t:|1757744422
|switch|p1b: Sneasler|Sneasler, L50, M|47/100
|turn|8
|-activate|p2b: Amoonguss|item: Quick Claw
|
|t:|1757744460
|move|p1b: Sneasler|Fake Out|p2a: Primarina
|-damage|p2a: Primarina|48/100
|move|p2b: Amoonguss|Rage Powder|p2b: Amoonguss
|-singleturn|p2b: Amoonguss|move: Rage Powder
|move|p1a: Incineroar|Flare Blitz|p2b: Amoonguss
|-supereffective|p2b: Amoonguss
|-damage|p2b: Amoonguss|0 fnt
|faint|p2b: Amoonguss
|-damage|p1a: Incineroar|0 fnt|[from] Recoil
|faint|p1a: Incineroar
|cant|p2a: Primarina|flinch
|
|-heal|p2a: Primarina|53/100|[from] item: Leftovers
|upkeep
|
|t:|1757744473
|switch|p2b: Maushold|Maushold-Four, L50, tera:Ghost|32/100 brn
|turn|9
|j| sam smithy
|
|t:|1757744495
|move|p1b: Sneasler|Close Combat|p2a: Primarina
|-resisted|p2a: Primarina
|-damage|p2a: Primarina|26/100
|-unboost|p1b: Sneasler|def|1
|-unboost|p1b: Sneasler|spd|1
|move|p2b: Maushold|Population Bomb|p1b: Sneasler
|-damage|p1b: Sneasler|38/100
|-damage|p1b: Sneasler|30/100
|-crit|p1b: Sneasler
|-damage|p1b: Sneasler|18/100
|-damage|p1b: Sneasler|9/100
|-damage|p1b: Sneasler|0 fnt
|faint|p1b: Sneasler
|-hitcount|p1: Sneasler|5
|
|win|dcheng24
|raw|cheesbuga's rating: 1052 → 1033(-19 for losing)
|raw|dcheng24's rating: 1038 → 1074(+36 for winning)
|c|☆dcheng24|ggs
