|j|☆Z4RDEL
|j|☆MrBloku
|html|Z4RDELMrBloku    
|uhtml|bestof|Game 1 of a best-of-3
|t:|1783278346
|gametype|doubles
|player|p1|Z4RDEL|miku-fire|
|player|p2|MrBloku|101|
|gen|9
|tier|[Gen 9 Champions] VGC 2026 Reg M-B (Bo3)
|rule|Species Clause: Limit one of each Pokémon
|rule|Item Clause: Limit 1 of each item
|clearpoke
|poke|p1|Froslass, L50, F|
|poke|p1|Incineroar, L50, M|
|poke|p1|Glimmora, L50, F|
|poke|p1|Sinistcha-Masterpiece, L50|
|poke|p1|Archaludon, L50, F|
|poke|p1|Raichu, L50, F|
|poke|p2|Staraptor, L50, F|
|poke|p2|Whimsicott, L50, M|
|poke|p2|Delphox, L50, M|
|poke|p2|Clefable, L50, F|
|poke|p2|Garchomp, L50, M|
|poke|p2|Sneasler, L50, F|
|teampreview|4
|showteam|p1|Froslass||Froslassite|CursedBody|Blizzard,ShadowBall,AuroraVeil,Protect|Modest||F|||50|]Incineroar||QuickClaw|Intimidate|PartingShot,FlareBlitz,DarkestLariat,FakeOut|Adamant||M|||50|]Glimmora||FocusSash|ToxicDebris|StealthRock,EarthPower,PowerGem,MortalSpin|Modest||F|||50|]Sinistcha-Masterpiece||SitrusBerry|Hospitality|MatchaGotcha,RagePowder,TrickRoom,LifeDew|Sassy|||||50|]Archaludon||Leftovers|Stamina|ElectroShot,DracoMeteor,FlashCannon,Protect|Bold||F|||50|]Raichu||RaichuniteY|Static|RainDance,ZapCannon,Encore,Protect|Timid||F|||50|
|showteam|p2|Staraptor||Staraptite|Intimidate|Protect,Roost,DualWingbeat,CloseCombat|Jolly||F|||50|]Whimsicott||FocusSash|Prankster|Tickle,Moonblast,Tailwind,Protect|Calm||M|||50|]Delphox||Delphoxite|Blaze|Protect,HeatWave,Psychic,NastyPlot|Timid||M|||50|]Clefable||SitrusBerry|Unaware|FollowMe,Moonblast,HelpingHand,SunnyDay|Calm||F|||50|]Garchomp||LifeOrb|RoughSkin|Protect,DragonClaw,Earthquake,RockSlide|Jolly||M|||50|]Sneasler||WhiteHerb|Unburden|FakeOut,Protect,DireClaw,CloseCombat|Jolly||F|||50|
|inactive|Battle timer is ON: inactive players will automatically lose when time's up. (requested by Z4RDEL)
|inactive|Z4RDEL has 60 seconds left.
|inactive|MrBloku has 60 seconds left.
|inactive|Z4RDEL has 30 seconds left.
|inactive|Z4RDEL has 20 seconds left.
|inactive|Z4RDEL has 15 seconds left.
|
|t:|1783278424
|teamsize|p1|4
|teamsize|p2|4
|start
|switch|p1a: Glimmora|Glimmora, L50, F|100/100
|switch|p1b: Raichu|Raichu, L50, F|100/100
|switch|p2a: Staraptor|Staraptor, L50, F|100/100
|switch|p2b: Garchomp|Garchomp, L50, M|100/100
|-ability|p2a: Staraptor|Intimidate|boost
|-unboost|p1a: Glimmora|atk|1
|-unboost|p1b: Raichu|atk|1
|turn|1
|inactive|Z4RDEL has 30 seconds left.
|inactive|Z4RDEL has 20 seconds left.
|inactive|Z4RDEL has 15 seconds left.
|
|t:|1783278467
|detailschange|p2a: Staraptor|Staraptor-Mega, L50, F
|-mega|p2a: Staraptor|Staraptor|Staraptite
|move|p1b: Raichu|Protect|p1b: Raichu
|-singleturn|p1b: Raichu|Protect
|move|p2a: Staraptor|Protect|p2a: Staraptor
|-singleturn|p2a: Staraptor|Protect
|move|p2b: Garchomp|Earthquake|p1a: Glimmora|[spread] p1a
|-activate|p2a: Staraptor|move: Protect
|-activate|p1b: Raichu|move: Protect
|-supereffective|p1a: Glimmora|2
|-enditem|p1a: Glimmora|Focus Sash
|-damage|p1a: Glimmora|1/100
|-activate|p1a: Glimmora|ability: Toxic Debris
|-sidestart|p2: MrBloku|move: Toxic Spikes
|-damage|p2b: Garchomp|90/100|[from] item: Life Orb
|move|p1a: Glimmora|Mortal Spin|p2b: Garchomp|[spread] p2b
|-activate|p2a: Staraptor|move: Protect
|-resisted|p2b: Garchomp|1
|-damage|p2b: Garchomp|88/100
|-status|p2b: Garchomp|psn
|-damage|p1a: Glimmora|0 fnt|[from] ability: Rough Skin|[of] p2b: Garchomp
|faint|p1a: Glimmora
|
|-damage|p2b: Garchomp|76/100 psn|[from] psn
|upkeep
|
|t:|1783278480
|switch|p1a: Sinistcha|Sinistcha-Masterpiece, L50|100/100
|turn|2
|inactive|Z4RDEL has 30 seconds left.
|inactive|MrBloku has 30 seconds left.
|
|t:|1783278512
|switch|p1b: Archaludon|Archaludon, L50, F|100/100
|switch|p2a: Sneasler|Sneasler, L50, F|100/100
|-sideend|p2: MrBloku|move: Toxic Spikes|[of] p2a: Sneasler
|move|p2b: Garchomp|Dragon Claw|p1b: Archaludon
|-damage|p1b: Archaludon|66/100
|-ability|p1b: Archaludon|Stamina|boost
|-boost|p1b: Archaludon|def|1
|-damage|p2b: Garchomp|66/100 psn|[from] item: Life Orb
|move|p1a: Sinistcha|Trick Room|p1a: Sinistcha
|-fieldstart|move: Trick Room|[of] p1a: Sinistcha
|
|-heal|p1b: Archaludon|72/100|[from] item: Leftovers
|-damage|p2b: Garchomp|54/100 psn|[from] psn
|upkeep
|turn|3
|inactive|Z4RDEL has 30 seconds left.
|inactive|Z4RDEL has 20 seconds left.
|
|t:|1783278549
|move|p2a: Sneasler|Protect|p2a: Sneasler
|-singleturn|p2a: Sneasler|Protect
|move|p1a: Sinistcha|Life Dew||[still]|[spread] p1a,p1b
|-fail|p1a: Sinistcha|heal
|-heal|p1b: Archaludon|97/100
|move|p1b: Archaludon|Draco Meteor|p2b: Garchomp
|-supereffective|p2b: Garchomp|1
|-damage|p2b: Garchomp|0 fnt
|-unboost|p1b: Archaludon|spa|2
|faint|p2b: Garchomp
|
|-heal|p1b: Archaludon|100/100|[from] item: Leftovers
|upkeep
|
|t:|1783278562
|switch|p2b: Staraptor|Staraptor-Mega, L50, F|100/100
|turn|4
|inactive|Z4RDEL has 30 seconds left.
|inactive|MrBloku has 30 seconds left.
|
|t:|1783278594
|move|p1b: Archaludon|Protect|p1b: Archaludon
|-singleturn|p1b: Archaludon|Protect
|move|p1a: Sinistcha|Matcha Gotcha|p2b: Staraptor|[spread] p2a,p2b
|-resisted|p2a: Sneasler|1
|-resisted|p2b: Staraptor|1
|-damage|p2a: Sneasler|84/100
|-damage|p2b: Staraptor|88/100
|move|p2b: Staraptor|Close Combat|p1b: Archaludon
|-activate|p1b: Archaludon|move: Protect
|move|p2a: Sneasler|Dire Claw|p1a: Sinistcha
|-damage|p1a: Sinistcha|57/100
|-status|p1a: Sinistcha|psn
|
|-damage|p1a: Sinistcha|44/100 psn|[from] psn
|upkeep
|-enditem|p1a: Sinistcha|Sitrus Berry|[eat]
|-heal|p1a: Sinistcha|69/100 psn|[from] item: Sitrus Berry
|turn|5
|inactive|MrBloku has 30 seconds left.
|
|t:|1783278619
|move|p1a: Sinistcha|Matcha Gotcha|p2a: Sneasler|[spread] p2a,p2b
|-resisted|p2a: Sneasler|1
|-resisted|p2b: Staraptor|1
|-damage|p2a: Sneasler|68/100
|-heal|p1a: Sinistcha|76/100 psn|[from] drain|[of] p2a: Sneasler
|-damage|p2b: Staraptor|76/100
|-heal|p1a: Sinistcha|83/100 psn|[from] drain|[of] p2b: Staraptor
|-status|p2a: Sneasler|brn
|-status|p2b: Staraptor|brn
|move|p1b: Archaludon|Electro Shot||[still]
|-prepare|p1b: Archaludon|Electro Shot
|-boost|p1b: Archaludon|spa|1
|move|p2b: Staraptor|Close Combat|p1b: Archaludon
|-supereffective|p1b: Archaludon|1
|-damage|p1b: Archaludon|76/100
|-boost|p2b: Staraptor|def|1
|-boost|p2b: Staraptor|spd|1
|-ability|p1b: Archaludon|Stamina|boost
|-boost|p1b: Archaludon|def|1
|move|p2a: Sneasler|Dire Claw|p1a: Sinistcha
|-crit|p1a: Sinistcha
|-damage|p1a: Sinistcha|50/100g psn
|-fail|p1a: Sinistcha
|
|-heal|p1b: Archaludon|82/100|[from] item: Leftovers
|-damage|p1a: Sinistcha|38/100 psn|[from] psn
|-damage|p2b: Staraptor|71/100 brn|[from] brn
|-damage|p2a: Sneasler|63/100 brn|[from] brn
|upkeep
|turn|6
|inactive|MrBloku has 30 seconds left.
|
|t:|1783278649
|move|p2b: Staraptor|Protect|p2b: Staraptor
|-singleturn|p2b: Staraptor|Protect
|move|p2a: Sneasler|Protect|p2a: Sneasler
|-singleturn|p2a: Sneasler|Protect
|move|p1a: Sinistcha|Life Dew|p1a: Sinistcha|[spread] p1a,p1b
|-heal|p1a: Sinistcha|63/100 psn
|-heal|p1b: Archaludon|100/100
|move|p1b: Archaludon|Electro Shot|p2b: Staraptor|[from] lockedmove
|-activate|p2b: Staraptor|move: Protect
|
|-damage|p1a: Sinistcha|51/100 psn|[from] psn
|-damage|p2b: Staraptor|65/100 brn|[from] brn
|-damage|p2a: Sneasler|57/100 brn|[from] brn
|-fieldend|move: Trick Room
|upkeep
|turn|7
|inactive|Z4RDEL has 30 seconds left.
|inactive|MrBloku has 30 seconds left.
|inactive|Z4RDEL has 20 seconds left.
|
|t:|1783278689
|move|p2a: Sneasler|Dire Claw|p1a: Sinistcha
|-damage|p1a: Sinistcha|32/100 psn
|move|p2b: Staraptor|Dual Wingbeat|p1a: Sinistcha
|-supereffective|p1a: Sinistcha|1
|-damage|p1a: Sinistcha|12/100 psn
|-supereffective|p1a: Sinistcha|1
|-damage|p1a: Sinistcha|0 fnt
|faint|p1a: Sinistcha
|-hitcount|p1: Sinistcha|2
|move|p1b: Archaludon|Electro Shot||[still]
|-prepare|p1b: Archaludon|Electro Shot
|-boost|p1b: Archaludon|spa|1
|
|-damage|p2a: Sneasler|51/100 brn|[from] brn
|-damage|p2b: Staraptor|59/100 brn|[from] brn
|upkeep
|
|t:|1783278696
|switch|p1a: Raichu|Raichu, L50, F|100/100
|turn|8
|
|t:|1783278711
|move|p2a: Sneasler|Protect|p2a: Sneasler
|-singleturn|p2a: Sneasler|Protect
|move|p1a: Raichu|Protect|p1a: Raichu
|-singleturn|p1a: Raichu|Protect
|move|p2b: Staraptor|Protect|p2b: Staraptor
|-singleturn|p2b: Staraptor|Protect
|move|p1b: Archaludon|Electro Shot|p2b: Staraptor|[from] lockedmove
|-activate|p2b: Staraptor|move: Protect
|
|-damage|p2a: Sneasler|45/100 brn|[from] brn
|-damage|p2b: Staraptor|53/100 brn|[from] brn
|upkeep
|turn|9
|inactive|Z4RDEL has 30 seconds left.
|
|t:|1783278742
|detailschange|p1a: Raichu|Raichu-Mega-Y, L50, F
|-mega|p1a: Raichu|Raichu|Raichunite Y
|move|p1a: Raichu|Rain Dance|p1a: Raichu
|-weather|RainDance
|move|p2a: Sneasler|Dire Claw|p1a: Raichu
|-crit|p1a: Raichu
|-damage|p1a: Raichu|30/100
|-status|p1a: Raichu|slp
|move|p2b: Staraptor|Close Combat|p1a: Raichu
|-damage|p1a: Raichu|0 fnt
|-boost|p2b: Staraptor|def|1
|-boost|p2b: Staraptor|spd|1
|faint|p1a: Raichu
|move|p1b: Archaludon|Electro Shot||[still]
|-prepare|p1b: Archaludon|Electro Shot
|-boost|p1b: Archaludon|spa|1
|-anim|p1b: Archaludon|Electro Shot|p2b: Staraptor
|-supereffective|p2b: Staraptor|1
|-damage|p2b: Staraptor|0 fnt
|faint|p2b: Staraptor
|
|-weather|RainDance|[upkeep]
|-damage|p2a: Sneasler|40/100 brn|[from] brn
|upkeep
|
|t:|1783278760
|switch|p2b: Clefable|Clefable, L50, F|100/100
|turn|10
|
|t:|1783278776
|move|p2b: Clefable|Helping Hand|p2a: Sneasler
|-singleturn|p2a: Sneasler|Helping Hand|[of] p2b: Clefable
|move|p2a: Sneasler|Close Combat|p1b: Archaludon
|-supereffective|p1b: Archaludon|1
|-damage|p1b: Archaludon|75/100
|-unboost|p2a: Sneasler|def|1
|-unboost|p2a: Sneasler|spd|1
|-ability|p1b: Archaludon|Stamina|boost
|-boost|p1b: Archaludon|def|1
|-enditem|p2a: Sneasler|White Herb
|-clearnegativeboost|p2a: Sneasler|[silent]
|move|p1b: Archaludon|Flash Cannon|p2b: Clefable
|-supereffective|p2b: Clefable|1
|-damage|p2b: Clefable|36/100
|-enditem|p2b: Clefable|Sitrus Berry|[eat]
|-heal|p2b: Clefable|61/100|[from] item: Sitrus Berry
|
|-weather|RainDance|[upkeep]
|-heal|p1b: Archaludon|81/100|[from] item: Leftovers
|-damage|p2a: Sneasler|34/100 brn|[from] brn
|upkeep
|turn|11
|
|t:|1783278795
|move|p2b: Clefable|Helping Hand|p2a: Sneasler
|-singleturn|p2a: Sneasler|Helping Hand|[of] p2b: Clefable
|move|p2a: Sneasler|Close Combat|p1b: Archaludon
|-supereffective|p1b: Archaludon|1
|-damage|p1b: Archaludon|60/100
|-unboost|p2a: Sneasler|def|1
|-unboost|p2a: Sneasler|spd|1
|-ability|p1b: Archaludon|Stamina|boost
|-boost|p1b: Archaludon|def|1
|move|p1b: Archaludon|Flash Cannon|p2b: Clefable
|-supereffective|p2b: Clefable|1
|-damage|p2b: Clefable|0 fnt
|faint|p2b: Clefable
|
|-weather|RainDance|[upkeep]
|-heal|p1b: Archaludon|66/100|[from] item: Leftovers
|-damage|p2a: Sneasler|28/100 brn|[from] brn
|upkeep
|turn|12
|-message|MrBloku forfeited.
|
|win|Z4RDEL
||MrBloku is ready for game 2.
||Z4RDEL is ready for game 2.
|uhtml|next|Next: Game 2 of 3
|l|☆MrBloku
|player|p2|
