|j|☆Invencible19
|j|☆Astano
|html|Invencible19Astano    
|uhtml|bestof|Game 1 of a best-of-3
|t:|1783064961
|gametype|doubles
|player|p1|Invencible19|dawn-gen4pt|1104
|player|p2|Astano|265|1118
|gen|9
|tier|[Gen 9 Champions] VGC 2026 Reg M-B (Bo3)
|rated|
|rule|Species Clause: Limit one of each Pokémon
|rule|Item Clause: Limit 1 of each item
|clearpoke
|poke|p1|Gardevoir, L50, F, shiny|
|poke|p1|Talonflame, L50, M|
|poke|p1|Tyranitar, L50, M|
|poke|p1|Farigiraf, L50, M|
|poke|p1|Sinistcha, L50|
|poke|p1|Kingambit, L50, M|
|poke|p2|Swampert, L50, F|
|poke|p2|Sableye, L50, M|
|poke|p2|Archaludon, L50, M|
|poke|p2|Pelipper, L50, M|
|poke|p2|Sylveon, L50, F|
|poke|p2|Venusaur, L50, M|
|teampreview|4
|showteam|p1|Gardevoir||Gardevoirite|Trace|MysticalFire,HyperVoice,HyperBeam,Protect|Modest||F|||50|]Talonflame||LifeOrb|GaleWings|FlareBlitz,BraveBird,Tailwind,Taunt|Jolly||M|||50|]Tyranitar||Tyranitarite|SandStream|RockSlide,Crunch,LowKick,Protect|Adamant||M|||50|]Farigiraf||SitrusBerry|ArmorTail|Psychic,TrickRoom,HelpingHand,Roar|Modest||M|||50|]Sinistcha||ColburBerry|Hospitality|MatchaGotcha,StrengthSap,RagePowder,LifeDew|Bold|||||50|]Kingambit||BlackGlasses|Defiant|KowtowCleave,IronHead,SuckerPunch,Protect|Adamant||M|||50|
|showteam|p2|Swampert||Swampertite|Torrent|Protect,WaveCrash,Earthquake,HighHorsepower|Adamant||F|||50|]Sableye||LightClay|Prankster|Encore,Reflect,LightScreen,RainDance|Bold||M|||50|]Archaludon||Leftovers|Stamina|Protect,DragonPulse,FlashCannon,ElectroShot|Modest||M|||50|]Pelipper||SitrusBerry|Drizzle|Protect,WeatherBall,Hurricane,Tailwind|Bold||M|||50|]Sylveon||FairyFeather|Pixilate|Detect,HyperVoice,Moonblast,QuickAttack|Modest||F|||50|]Venusaur||Venusaurite|Overgrow|Protect,GigaDrain,SludgeBomb,EarthPower|Modest||M|||50|
|inactive|Battle timer is ON: inactive players will automatically lose when time's up. (requested by Invencible19)
|
|t:|1783064991
|teamsize|p1|4
|teamsize|p2|4
|start
|switch|p1a: Talonflame|Talonflame, L50, M|100/100
|switch|p1b: Gardevoir|Gardevoir, L50, F, shiny|100/100
|switch|p2a: Swampert|Swampert, L50, F|100/100
|switch|p2b: Pelipper|Pelipper, L50, M|100/100
|-ability|p1b: Gardevoir|Drizzle|Trace|[from] ability: Trace|[of] p2b: Pelipper
|-weather|RainDance|[from] ability: Drizzle|[of] p1b: Gardevoir
|turn|1
|inactive|Astano has 30 seconds left.
|
|t:|1783065017
|switch|p1b: Sinistcha|Sinistcha, L50|100/100
|detailschange|p2a: Swampert|Swampert-Mega, L50, F
|-mega|p2a: Swampert|Swampert|Swampertite
|move|p1a: Talonflame|Tailwind|p1a: Talonflame
|-sidestart|p1: Invencible19|move: Tailwind
|move|p2a: Swampert|High Horsepower|p1b: Sinistcha
|-resisted|p1b: Sinistcha|1
|-damage|p1b: Sinistcha|74/100
|move|p2b: Pelipper|Tailwind|p2b: Pelipper
|-sidestart|p2: Astano|move: Tailwind
|
|-weather|RainDance|[upkeep]
|upkeep
|turn|2
|inactive|Invencible19 has 30 seconds left.
|inactive|Astano has 30 seconds left.
|
|t:|1783065044
|switch|p1a: Tyranitar|Tyranitar, L50, M|100/100
|-weather|Sandstorm|[from] ability: Sand Stream|[of] p1a: Tyranitar
|move|p2a: Swampert|Wave Crash|p1a: Tyranitar
|-supereffective|p1a: Tyranitar|1
|-damage|p1a: Tyranitar|0 fnt
|faint|p1a: Tyranitar
|-damage|p2a: Swampert|63/100|[from] Recoil
|move|p1b: Sinistcha|Strength Sap|p2a: Swampert
|-unboost|p2a: Swampert|atk|1
|-heal|p1b: Sinistcha|100/100
|move|p2b: Pelipper|Hurricane|p1b: Sinistcha|[miss]
|-miss|p2b: Pelipper|p1b: Sinistcha
|
|-weather|Sandstorm|[upkeep]
|-damage|p1b: Sinistcha|93/100|[from] Sandstorm
|-damage|p2b: Pelipper|93/100|[from] Sandstorm
|upkeep
|
|t:|1783065052
|switch|p1a: Gardevoir|Gardevoir, L50, F, shiny|100/100
|-ability|p1a: Gardevoir|Drizzle|Trace|[from] ability: Trace|[of] p2b: Pelipper
|-weather|RainDance|[from] ability: Drizzle|[of] p1a: Gardevoir
|turn|3
|
|t:|1783065069
|detailschange|p1a: Gardevoir|Gardevoir-Mega, L50, F, shiny
|-mega|p1a: Gardevoir|Gardevoir|Gardevoirite
|move|p2a: Swampert|Wave Crash|p1a: Gardevoir
|-damage|p1a: Gardevoir|4/100
|-damage|p2a: Swampert|34/100|[from] Recoil
|move|p1a: Gardevoir|Hyper Voice|p2b: Pelipper|[spread] p2a,p2b
|-damage|p2a: Swampert|0 fnt
|-damage|p2b: Pelipper|36/100
|-enditem|p2b: Pelipper|Sitrus Berry|[eat]
|-heal|p2b: Pelipper|61/100|[from] item: Sitrus Berry
|faint|p2a: Swampert
|move|p1b: Sinistcha|Matcha Gotcha|p2b: Pelipper
|-damage|p2b: Pelipper|23/100
|-heal|p1b: Sinistcha|100/100|[from] drain|[of] p2b: Pelipper
|move|p2b: Pelipper|Hurricane|p1b: Sinistcha
|-supereffective|p1b: Sinistcha|1
|-damage|p1b: Sinistcha|21/100
|-start|p1b: Sinistcha|confusion
|
|-weather|RainDance|[upkeep]
|upkeep
|
|t:|1783065086
|switch|p2a: Sableye|Sableye, L50, M|100/100
|turn|4
|
|t:|1783065095
|move|p1a: Gardevoir|Protect|p1a: Gardevoir
|-singleturn|p1a: Gardevoir|Protect
|move|p2b: Pelipper|Protect|p2b: Pelipper
|-singleturn|p2b: Pelipper|Protect
|move|p2a: Sableye|Light Screen|p2a: Sableye
|-sidestart|p2: Astano|move: Light Screen
|-activate|p1b: Sinistcha|confusion
|move|p1b: Sinistcha|Life Dew|p1b: Sinistcha|[spread] p1a,p1b
|-heal|p1a: Gardevoir|29/100
|-heal|p1b: Sinistcha|46/100
|
|-weather|RainDance|[upkeep]
|-sideend|p1: Invencible19|move: Tailwind
|-sideend|p2: Astano|move: Tailwind
|upkeep
|turn|5
|
|t:|1783065109
|move|p2a: Sableye|Encore|p1a: Gardevoir
|-start|p1a: Gardevoir|Encore
|move|p1a: Gardevoir|Protect|p1a: Gardevoir
|-singleturn|p1a: Gardevoir|Protect
|-activate|p1b: Sinistcha|confusion
|-damage|p1b: Sinistcha|41/100|[from] confusion
|move|p2b: Pelipper|Hurricane|p1b: Sinistcha
|-supereffective|p1b: Sinistcha|1
|-damage|p1b: Sinistcha|0 fnt
|faint|p1b: Sinistcha
|
|-weather|RainDance|[upkeep]
|upkeep
|
|t:|1783065112
|switch|p1b: Talonflame|Talonflame, L50, M|100/100
|turn|6
|
|t:|1783065120
|move|p1a: Gardevoir|Protect||[still]
|-fail|p1a: Gardevoir
|move|p1b: Talonflame|Brave Bird|p2b: Pelipper
|-damage|p2b: Pelipper|0 fnt
|faint|p2b: Pelipper
|-damage|p1b: Talonflame|91/100|[from] Recoil
|-damage|p1b: Talonflame|81/100|[from] item: Life Orb
|move|p2a: Sableye|Reflect|p2a: Sableye
|-sidestart|p2: Astano|Reflect
|
|-weather|RainDance|[upkeep]
|upkeep
|
|t:|1783065125
|switch|p2b: Archaludon|Archaludon, L50, M|100/100
|turn|7
|
|t:|1783065134
|move|p1a: Gardevoir|Protect|p1a: Gardevoir
|-singleturn|p1a: Gardevoir|Protect
|move|p2a: Sableye|Encore|p1b: Talonflame
|-start|p1b: Talonflame|Encore
|move|p1b: Talonflame|Brave Bird|p2a: Sableye
|-damage|p2a: Sableye|52/100
|-damage|p1b: Talonflame|65/100|[from] Recoil
|-damage|p1b: Talonflame|56/100|[from] item: Life Orb
|move|p2b: Archaludon|Electro Shot||[still]
|-prepare|p2b: Archaludon|Electro Shot
|-boost|p2b: Archaludon|spa|1
|-anim|p2b: Archaludon|Electro Shot|p1b: Talonflame
|-supereffective|p1b: Talonflame|1
|-damage|p1b: Talonflame|0 fnt
|faint|p1b: Talonflame
|
|-weather|none
|-end|p1a: Gardevoir|Encore
|upkeep
|turn|8
|
|t:|1783065140
|move|p2a: Sableye|Encore|p1a: Gardevoir
|-start|p1a: Gardevoir|Encore
|move|p1a: Gardevoir|Protect||[still]
|-fail|p1a: Gardevoir
|move|p2b: Archaludon|Flash Cannon|p1a: Gardevoir
|-supereffective|p1a: Gardevoir|1
|-damage|p1a: Gardevoir|0 fnt
|faint|p1a: Gardevoir
|
|win|Astano
