|j|☆endershovel
|j|☆Capravolante97
|html|endershovelCapravolante97    
|uhtml|bestof|Game 2 of a best-of-3
|t:|1784645728
|gametype|doubles
|player|p1|endershovel|265|1331
|player|p2|Capravolante97|fantina|1382
|gen|9
|tier|[Gen 9 Champions] VGC 2026 Reg M-B (Bo3)
|rated|
|rule|Species Clause: Limit one of each Pokémon
|rule|Item Clause: Limit 1 of each item
|clearpoke
|poke|p1|Starmie, L50, shiny|
|poke|p1|Sneasler, L50, F|
|poke|p1|Pelipper, L50, M|
|poke|p1|Archaludon, L50, F|
|poke|p1|Sinistcha-Masterpiece, L50|
|poke|p1|Kingambit, L50, M|
|poke|p2|Pelipper, L50, F|
|poke|p2|Archaludon, L50, F|
|poke|p2|Venusaur, L50, M|
|poke|p2|Sableye, L50, F|
|poke|p2|Dragonite, L50, M|
|poke|p2|Basculegion, L50, M|
|teampreview|4
|showteam|p1|Starmie||Starminite|NaturalCure|Liquidation,ZenHeadbutt,AquaJet,Protect|Jolly|||||50|]Sneasler||WhiteHerb|Unburden|CloseCombat,DireClaw,Coaching,FakeOut|Adamant||F|||50|]Pelipper||SitrusBerry|Drizzle|Hurricane,MuddyWater,Tailwind,Protect|Modest||M|||50|]Archaludon||Leftovers|Stamina|ElectroShot,FlashCannon,DragonPulse,Protect|Modest||F|||50|]Sinistcha-Masterpiece||ColburBerry|Hospitality|MatchaGotcha,RagePowder,TrickRoom,Protect|Calm|||||50|]Kingambit||BlackGlasses|Defiant|KowtowCleave,SuckerPunch,SwordsDance,Protect|Adamant||M|||50|
|showteam|p2|Pelipper||SitrusBerry|Drizzle|WeatherBall,Hurricane,Tailwind,WideGuard|Modest||F|||50|]Archaludon||Leftovers|Stamina|ElectroShot,DragonPulse,FlashCannon,Protect|Modest||F|||50|]Venusaur||Venusaurite|Chlorophyll|GigaDrain,SludgeBomb,EarthPower,Protect|Modest||M|||50|]Sableye||LightClay|Prankster|Reflect,LightScreen,RainDance,Disable|Careful||F|||50|]Dragonite||Dragoninite|InnerFocus|DragonPulse,HeatWave,Hurricane,Protect|Modest||M|||50|]Basculegion||ChoiceScarf|Adaptability|WaveCrash,LastRespects,FlipTurn,AquaJet|Jolly||M|||50|
|inactive|Battle timer is ON: inactive players will automatically lose when time's up. (requested by Capravolante97)
|inactive|Capravolante97 has 60 seconds left.
|
|t:|1784645759
|teamsize|p1|4
|teamsize|p2|4
|start
|switch|p1a: Sneasler|Sneasler, L50, F|100/100
|switch|p1b: Archaludon|Archaludon, L50, F|100/100
|switch|p2a: Venusaur|Venusaur, L50, M|100/100
|switch|p2b: Sableye|Sableye, L50, F|100/100
|turn|1
|
|t:|1784645773
|switch|p1b: Starmie|Starmie, L50, shiny|100/100
|detailschange|p2a: Venusaur|Venusaur-Mega, L50, M
|-mega|p2a: Venusaur|Venusaur|Venusaurite
|move|p2b: Sableye|Reflect|p2b: Sableye
|-sidestart|p2: Capravolante97|Reflect
|move|p1a: Sneasler|Coaching|p1b: Starmie
|-boost|p1b: Starmie|atk|1
|-boost|p1b: Starmie|def|1
|move|p2a: Venusaur|Earth Power|p1a: Sneasler
|-supereffective|p1a: Sneasler|1
|-damage|p1a: Sneasler|26/100
|
|upkeep
|turn|2
|
|t:|1784645789
|switch|p2a: Archaludon|Archaludon, L50, F|100/100
|move|p1b: Starmie|Protect|p1b: Starmie
|-singleturn|p1b: Starmie|Protect
|move|p2b: Sableye|Disable|p1a: Sneasler
|-start|p1a: Sneasler|Disable|Coaching
|cant|p1a: Sneasler|Disable|Coaching
|
|upkeep
|turn|3
|
|t:|1784645812
|switch|p1b: Archaludon|Archaludon, L50, F|100/100
|move|p2b: Sableye|Rain Dance|p2b: Sableye
|-weather|RainDance
|move|p1a: Sneasler|Close Combat|p2a: Archaludon
|-supereffective|p2a: Archaludon|1
|-damage|p2a: Archaludon|34/100
|-unboost|p1a: Sneasler|def|1
|-unboost|p1a: Sneasler|spd|1
|-ability|p2a: Archaludon|Stamina|boost
|-boost|p2a: Archaludon|def|1
|-enditem|p1a: Sneasler|White Herb
|-clearnegativeboost|p1a: Sneasler|[silent]
|move|p2a: Archaludon|Electro Shot||[still]
|-prepare|p2a: Archaludon|Electro Shot
|-boost|p2a: Archaludon|spa|1
|-anim|p2a: Archaludon|Electro Shot|p1b: Archaludon
|-resisted|p1b: Archaludon|1
|-damage|p1b: Archaludon|62/100
|-ability|p1b: Archaludon|Stamina|boost
|-boost|p1b: Archaludon|def|1
|
|-weather|RainDance|[upkeep]
|-heal|p1b: Archaludon|69/100|[from] item: Leftovers
|-heal|p2a: Archaludon|40/100|[from] item: Leftovers
|upkeep
|turn|4
|inactive|Capravolante97 has 30 seconds left.
|
|t:|1784645842
|switch|p2b: Basculegion|Basculegion, L50, M|100/100
|move|p2a: Archaludon|Protect|p2a: Archaludon
|-singleturn|p2a: Archaludon|Protect
|move|p1a: Sneasler|Close Combat|p2a: Archaludon
|-activate|p2a: Archaludon|move: Protect
|move|p1b: Archaludon|Electro Shot||[still]
|-prepare|p1b: Archaludon|Electro Shot
|-boost|p1b: Archaludon|spa|1
|-anim|p1b: Archaludon|Electro Shot|p2a: Archaludon
|-activate|p2a: Archaludon|move: Protect
|
|-weather|RainDance|[upkeep]
|-heal|p1b: Archaludon|75/100|[from] item: Leftovers
|-heal|p2a: Archaludon|46/100|[from] item: Leftovers
|upkeep
|turn|5
|
|t:|1784645860
|move|p1a: Sneasler|Close Combat|p2a: Archaludon
|-supereffective|p2a: Archaludon|1
|-damage|p2a: Archaludon|5/100
|-unboost|p1a: Sneasler|def|1
|-unboost|p1a: Sneasler|spd|1
|-ability|p2a: Archaludon|Stamina|boost
|-boost|p2a: Archaludon|def|1
|move|p2b: Basculegion|Flip Turn|p1a: Sneasler
|-damage|p1a: Sneasler|0 fnt
|faint|p1a: Sneasler
|
|t:|1784645871
|switch|p2b: Venusaur|Venusaur-Mega, L50, M|100/100|[from] Flip Turn
|move|p1b: Archaludon|Electro Shot||[still]
|-prepare|p1b: Archaludon|Electro Shot
|-boost|p1b: Archaludon|spa|1
|-anim|p1b: Archaludon|Electro Shot|p2b: Venusaur
|-resisted|p2b: Venusaur|1
|-damage|p2b: Venusaur|66/100
|move|p2a: Archaludon|Electro Shot||[still]
|-prepare|p2a: Archaludon|Electro Shot
|-boost|p2a: Archaludon|spa|1
|-anim|p2a: Archaludon|Electro Shot|p1b: Archaludon
|-resisted|p1b: Archaludon|1
|-damage|p1b: Archaludon|28/100
|-ability|p1b: Archaludon|Stamina|boost
|-boost|p1b: Archaludon|def|1
|
|-weather|RainDance|[upkeep]
|-heal|p1b: Archaludon|35/100|[from] item: Leftovers
|-heal|p2a: Archaludon|11/100|[from] item: Leftovers
|upkeep
|
|t:|1784645876
|switch|p1a: Starmie|Starmie, L50, shiny|100/100
|turn|6
|
|t:|1784645899
|detailschange|p1a: Starmie|Starmie-Mega, L50, shiny
|-mega|p1a: Starmie|Starmie|Starminite
|move|p2b: Venusaur|Protect|p2b: Venusaur
|-singleturn|p2b: Venusaur|Protect
|move|p1a: Starmie|Zen Headbutt|p2b: Venusaur
|-activate|p2b: Venusaur|move: Protect
|move|p1b: Archaludon|Electro Shot||[still]
|-prepare|p1b: Archaludon|Electro Shot
|-boost|p1b: Archaludon|spa|1
|-anim|p1b: Archaludon|Electro Shot|p2a: Archaludon
|-resisted|p2a: Archaludon|1
|-damage|p2a: Archaludon|0 fnt
|faint|p2a: Archaludon
|
|-weather|RainDance|[upkeep]
|-heal|p1b: Archaludon|41/100|[from] item: Leftovers
|upkeep
|
|t:|1784645915
|switch|p2a: Basculegion|Basculegion, L50, M|100/100
|turn|7
|
|t:|1784645925
|switch|p1a: Kingambit|Kingambit, L50, M|100/100
|move|p2a: Basculegion|Last Respects|p1a: Kingambit
|-resisted|p1a: Kingambit|1
|-damage|p1a: Kingambit|79/100
|move|p1b: Archaludon|Electro Shot||[still]
|-prepare|p1b: Archaludon|Electro Shot
|-boost|p1b: Archaludon|spa|1
|-anim|p1b: Archaludon|Electro Shot|p2a: Basculegion
|-supereffective|p2a: Basculegion|1
|-damage|p2a: Basculegion|0 fnt
|faint|p2a: Basculegion
|move|p2b: Venusaur|Earth Power|p1b: Archaludon
|-supereffective|p1b: Archaludon|1
|-damage|p1b: Archaludon|0 fnt
|faint|p1b: Archaludon
|
|-weather|none
|upkeep
|
|t:|1784645940
|switch|p2a: Sableye|Sableye, L50, F|100/100
|switch|p1b: Starmie|Starmie-Mega, L50, shiny|100/100
|turn|8
|
|t:|1784645957
|move|p1b: Starmie|Protect|p1b: Starmie
|-singleturn|p1b: Starmie|Protect
|move|p2a: Sableye|Disable|p1a: Kingambit
|-hint|Since gen 7, Dark is immune to Prankster moves.
|-immune|p1a: Kingambit
|move|p2b: Venusaur|Giga Drain|p1b: Starmie
|-activate|p1b: Starmie|move: Protect
|move|p1a: Kingambit|Swords Dance|p1a: Kingambit
|-boost|p1a: Kingambit|atk|2
|
|-sideend|p2: Capravolante97|Reflect
|upkeep
|turn|9
|
|t:|1784645968
|move|p1a: Kingambit|Sucker Punch|p2b: Venusaur
|-damage|p2b: Venusaur|0 fnt
|faint|p2b: Venusaur
|move|p2a: Sableye|Reflect|p2a: Sableye
|-sidestart|p2: Capravolante97|Reflect
|move|p1b: Starmie|Zen Headbutt|p2a: Sableye
|-immune|p2a: Sableye
|
|upkeep
|turn|10
|-message|Capravolante97 forfeited.
|
|win|endershovel
|raw|endershovel's rating: 1331 → 1354(+23 for winning)
|raw|Capravolante97's rating: 1382 → 1359(-23 for losing)
|l|☆Capravolante97
|player|p2|
