|j|☆DaveyShwavey
|j|☆satandagiii2005
|html|DaveyShwaveysatandagiii2005    
|uhtml|bestof|Game 2 of a best-of-3
|t:|1785961636
|gametype|doubles
|player|p1|DaveyShwavey|harlequin|1125
|player|p2|satandagiii2005|byron|1184
|gen|9
|tier|[Gen 9 Champions] VGC 2026 Reg M-B (Bo3)
|rated|
|rule|Species Clause: Limit one of each Pokémon
|rule|Item Clause: Limit 1 of each item
|clearpoke
|poke|p1|Sneasler, L50, F, shiny|
|poke|p1|Garchomp, L50, F, shiny|
|poke|p1|Whimsicott, L50, F, shiny|
|poke|p1|Basculegion, L50, M, shiny|
|poke|p1|Kingambit, L50, F, shiny|
|poke|p1|Charizard, L50, M, shiny|
|poke|p2|Raichu, L50, F|
|poke|p2|Staraptor, L50, F|
|poke|p2|Arcanine-Hisui, L50, M|
|poke|p2|Farigiraf, L50, M|
|poke|p2|Sylveon, L50, F|
|poke|p2|Kingambit, L50, M|
|teampreview|4
|showteam|p1|Sneasler||WhiteHerb|Unburden|FakeOut,DireClaw,CloseCombat,Protect|Adamant||F|||50|]Garchomp||LifeOrb|RoughSkin|Earthquake,Protect,DragonClaw,RockSlide|Jolly||F|||50|]Whimsicott||FocusSash|Prankster|Tailwind,Taunt,Moonblast,Encore|Timid||F|||50|]Basculegion||ChoiceScarf|Adaptability|AquaJet,WaveCrash,LastRespects,FlipTurn|Adamant||M|||50|]Kingambit||BlackGlasses|Defiant|KowtowCleave,IronHead,SuckerPunch,Protect|Adamant||F|||50|]Charizard||CharizarditeY|Blaze|HeatWave,WeatherBall,Protect,SolarBeam|Modest||M|||50|
|showteam|p2|Raichu||RaichuniteY|LightningRod|ZapCannon,FocusBlast,FakeOut,Protect|Timid||F|||50|]Staraptor||Staraptite|Intimidate|CloseCombat,DualWingbeat,Tailwind,Protect|Jolly||F|||50|]Arcanine-Hisui||FocusSash|RockHead|FlareBlitz,HeadSmash,ExtremeSpeed,Protect|Jolly||M|||50|]Farigiraf||SitrusBerry|ArmorTail|Psychic,HelpingHand,TrickRoom,Protect|Calm||M|||50|]Sylveon||FairyFeather|Pixilate|HyperVoice,QuickAttack,HyperBeam,Detect|Modest||F|||50|]Kingambit||LifeOrb|Defiant|KowtowCleave,SuckerPunch,SwordsDance,Protect|Adamant||M|||50|
|
|t:|1785961659
|teamsize|p1|4
|teamsize|p2|4
|start
|switch|p1a: Garchomp|Garchomp, L50, F, shiny|100/100
|switch|p1b: Charizard|Charizard, L50, M, shiny|100/100
|switch|p2a: Staraptor|Staraptor, L50, F|100/100
|switch|p2b: Arcanine|Arcanine-Hisui, L50, M|100/100
|-ability|p2a: Staraptor|Intimidate|boost
|-unboost|p1a: Garchomp|atk|1
|-unboost|p1b: Charizard|atk|1
|turn|1
|inactive|Battle timer is ON: inactive players will automatically lose when time's up. (requested by satandagiii2005)
|
|t:|1785961679
|switch|p1b: Kingambit|Kingambit, L50, F, shiny|100/100
|detailschange|p2a: Staraptor|Staraptor-Mega, L50, F
|-mega|p2a: Staraptor|Staraptor|Staraptite
|move|p2b: Arcanine|Protect|p2b: Arcanine
|-singleturn|p2b: Arcanine|Protect
|move|p2a: Staraptor|Close Combat|p1a: Garchomp
|-damage|p1a: Garchomp|32/100
|-boost|p2a: Staraptor|def|1
|-boost|p2a: Staraptor|spd|1
|-damage|p2a: Staraptor|88/100|[from] ability: Rough Skin|[of] p1a: Garchomp
|move|p1a: Garchomp|Rock Slide|p2a: Staraptor|[spread] p2a
|-activate|p2b: Arcanine|move: Protect
|-damage|p2a: Staraptor|76/100
|-damage|p1a: Garchomp|23/100|[from] item: Life Orb
|
|upkeep
|turn|2
|inactive|DaveyShwavey has 30 seconds left.
|
|t:|1785961707
|move|p1b: Kingambit|Protect|p1b: Kingambit
|-singleturn|p1b: Kingambit|Protect
|move|p2b: Arcanine|Extreme Speed|p1a: Garchomp
|-damage|p1a: Garchomp|0 fnt
|-damage|p2b: Arcanine|87/100|[from] ability: Rough Skin|[of] p1a: Garchomp
|faint|p1a: Garchomp
|move|p2a: Staraptor|Tailwind|p2a: Staraptor
|-sidestart|p2: satandagiii2005|move: Tailwind
|
|upkeep
|
|t:|1785961723
|switch|p1a: Basculegion|Basculegion, L50, M, shiny|100/100
|turn|3
|inactive|DaveyShwavey has 30 seconds left.
|inactive|satandagiii2005 has 30 seconds left.
|inactive|DaveyShwavey has 20 seconds left.
|inactive|satandagiii2005 has 20 seconds left.
|
|t:|1785961766
|switch|p2b: Farigiraf|Farigiraf, L50, M|100/100
|move|p1b: Kingambit|Sucker Punch||[still]
|cant|p2b: Farigiraf|ability: Armor Tail|Sucker Punch|[of] p1b: Kingambit
|move|p2a: Staraptor|Close Combat|p1b: Kingambit
|-supereffective|p1b: Kingambit|2
|-damage|p1b: Kingambit|0 fnt
|-boost|p2a: Staraptor|def|1
|-boost|p2a: Staraptor|spd|1
|faint|p1b: Kingambit
|move|p1a: Basculegion|Flip Turn|p2a: Staraptor
|-damage|p2a: Staraptor|55/100
|
|t:|1785961775
|switch|p1a: Charizard|Charizard, L50, M, shiny|100/100|[from] Flip Turn
|
|upkeep
|
|t:|1785961778
|switch|p1b: Basculegion|Basculegion, L50, M, shiny|100/100
|turn|4
|
|t:|1785961786
|detailschange|p1a: Charizard|Charizard-Mega-Y, L50, M, shiny
|-mega|p1a: Charizard|Charizard|Charizardite Y
|-weather|SunnyDay|[from] ability: Drought|[of] p1a: Charizard
|move|p2b: Farigiraf|Helping Hand|p2a: Staraptor
|-singleturn|p2a: Staraptor|Helping Hand|[of] p2b: Farigiraf
|move|p1a: Charizard|Protect|p1a: Charizard
|-singleturn|p1a: Charizard|Protect
|move|p2a: Staraptor|Dual Wingbeat|p1b: Basculegion|[miss]
|-miss|p2a: Staraptor|p1b: Basculegion
|move|p1b: Basculegion|Last Respects|p2a: Staraptor
|-damage|p2a: Staraptor|1/100
|
|-weather|SunnyDay|[upkeep]
|upkeep
|turn|5
|inactive|satandagiii2005 has 30 seconds left.
|inactive|satandagiii2005 has 20 seconds left.
|
|t:|1785961821
|move|p2b: Farigiraf|Helping Hand|p2a: Staraptor
|-singleturn|p2a: Staraptor|Helping Hand|[of] p2b: Farigiraf
|move|p2a: Staraptor|Dual Wingbeat|p1a: Charizard
|-damage|p1a: Charizard|59/100
|-damage|p1a: Charizard|14/100
|-hitcount|p1a: Charizard|2
|move|p1b: Basculegion|Last Respects|p2a: Staraptor
|-damage|p2a: Staraptor|0 fnt
|faint|p2a: Staraptor
|move|p1a: Charizard|Heat Wave|p2b: Farigiraf
|-crit|p2b: Farigiraf
|-damage|p2b: Farigiraf|0 fnt
|faint|p2b: Farigiraf
|
|-weather|SunnyDay|[upkeep]
|-sideend|p2: satandagiii2005|move: Tailwind
|upkeep
|
|t:|1785961835
|switch|p2a: Arcanine|Arcanine-Hisui, L50, M|87/100
|switch|p2b: Sylveon|Sylveon, L50, F|100/100
|turn|6
|
|t:|1785961848
|move|p2a: Arcanine|Protect|p2a: Arcanine
|-singleturn|p2a: Arcanine|Protect
|move|p1a: Charizard|Protect|p1a: Charizard
|-singleturn|p1a: Charizard|Protect
|move|p1b: Basculegion|Last Respects|p2a: Arcanine
|-activate|p2a: Arcanine|move: Protect
|move|p2b: Sylveon|Hyper Voice|p1b: Basculegion|[spread] p1b
|-activate|p1a: Charizard|move: Protect
|-damage|p1b: Basculegion|46/100
|
|-weather|SunnyDay|[upkeep]
|upkeep
|turn|7
|
|t:|1785961861
|move|p2a: Arcanine|Extreme Speed|p1a: Charizard
|-damage|p1a: Charizard|0 fnt
|faint|p1a: Charizard
|move|p1b: Basculegion|Last Respects|p2a: Arcanine
|-damage|p2a: Arcanine|0 fnt
|faint|p2a: Arcanine
|move|p2b: Sylveon|Hyper Voice|p1b: Basculegion
|-damage|p1b: Basculegion|0 fnt
|faint|p1b: Basculegion
|
|win|satandagiii2005
|inactive|DaveyShwavey has 30 seconds to confirm battle start!
|inactive|satandagiii2005 has 30 seconds to confirm battle start!
||satandagiii2005 is ready for game 3.
||DaveyShwavey is ready for game 3.
|uhtml|next|Next: Game 3 of 3
|l|☆DaveyShwavey
|player|p1|
