|j|☆jowemama
|j|☆DaniPika97
|html|jowemamaDaniPika97    
|uhtml|bestof|Game 1 of a best-of-3
|t:|1756656204
|gametype|doubles
|player|p1|jowemama|scientistf|1093
|player|p2|DaniPika97|266|1000
|gen|9
|tier|[Gen 9] VGC 2025 Reg H (Bo3)
|rated|
|rule|Species Clause: Limit one of each Pokémon
|rule|Item Clause: Limit 1 of each item
|clearpoke
|poke|p1|Pelipper, L50, F|
|poke|p1|Archaludon, L50, F|
|poke|p1|Dragonite, L50, M|
|poke|p1|Incineroar, L50, M|
|poke|p1|Ursaluna, L50, M|
|poke|p1|Sinistcha, L50|
|poke|p2|Charizard, L50, M|
|poke|p2|Torkoal, L50, F|
|poke|p2|Porygon2, L50|
|poke|p2|Incineroar, L50, M|
|poke|p2|Ursaluna, L50, M|
|poke|p2|Jumpluff, L50, M|
|teampreview|4
|showteam|p1|Pelipper||FocusSash|Drizzle|WeatherBall,Hurricane,Tailwind,Protect|||F|||50|,,,,,Ghost]Archaludon||AssaultVest|Stamina|FlashCannon,ElectroShot,BodyPress,Snarl|||F|||50|,,,,,Bug]Dragonite||LoadedDice|Multiscale|ScaleShot,Tailwind,Haze,Protect|||M|||50|,,,,,Fairy]Incineroar||SafetyGoggles|Intimidate|KnockOff,WillOWisp,PartingShot,FakeOut|||M|||50|,,,,,Bug]Ursaluna||FlameOrb|Guts|Facade,HeadlongRush,Earthquake,Protect|||M|||50|,,,,,Ghost]Sinistcha||SitrusBerry|Hospitality|MatchaGotcha,LifeDew,RagePowder,TrickRoom||||||50|,,,,,Dark
|showteam|p2|Charizard||ChoiceSpecs|SolarPower|HeatWave,Overheat,WeatherBall,DragonPulse|||M|||50|,,,,,Fire]Torkoal||EjectPack|Drought|Overheat,Eruption,HelpingHand,Protect|||F|||50|,,,,,Fire]Porygon2||Eviolite|Download|TeraBlast,IceBeam,TrickRoom,Recover||||||50|,,,,,Fighting]Incineroar||SitrusBerry|Intimidate|FakeOut,KnockOff,FlareBlitz,PartingShot|||M|||50|,,,,,Ghost]Ursaluna||FlameOrb|Guts|HeadlongRush,Facade,Earthquake,Protect|||M|||50|,,,,,Ghost]Jumpluff||CovertCloak|Chlorophyll|RagePowder,SunnyDay,Tailwind,SleepPowder|||M|||50|,,,,,Fire
|inactive|Battle timer is ON: inactive players will automatically lose when time's up. (requested by jowemama)
|inactive|DaniPika97 has 60 seconds left.
|inactive|DaniPika97 has 30 seconds left.
|inactive|DaniPika97 has 20 seconds left.
|inactive|DaniPika97 has 15 seconds left.
|inactive|DaniPika97 has 10 seconds left.
|inactive|DaniPika97 has 5 seconds left.
|
|t:|1756656292
|teamsize|p1|4
|teamsize|p2|4
|start
|switch|p1a: Dragonite|Dragonite, L50, M|100/100
|switch|p1b: Archaludon|Archaludon, L50, F|100/100
|switch|p2a: Jumpluff|Jumpluff, L50, M, shiny|100/100
|switch|p2b: Torkoal|Torkoal, L50, F|100/100
|-weather|SunnyDay|[from] ability: Drought|[of] p2b: Torkoal
|turn|1
|inactive|DaniPika97 has 30 seconds left.
|inactive|DaniPika97 has 20 seconds left.
|
|t:|1756656328
|move|p2a: Jumpluff|Sunny Day||[still]
|-fail|p2a: Jumpluff
|move|p1a: Dragonite|Scale Shot|p2a: Jumpluff
|-crit|p2a: Jumpluff
|-damage|p2a: Jumpluff|75/100
|-damage|p2a: Jumpluff|55/100
|-damage|p2a: Jumpluff|38/100
|-damage|p2a: Jumpluff|22/100
|-hitcount|p2a: Jumpluff|4
|-unboost|p1a: Dragonite|def|1
|-boost|p1a: Dragonite|spe|1
|move|p1b: Archaludon|Snarl|p2b: Torkoal|[spread] p2a,p2b
|-damage|p2a: Jumpluff|9/100
|-damage|p2b: Torkoal|86/100
|-unboost|p2b: Torkoal|spa|1
|-enditem|p2b: Torkoal|Eject Pack
|
|t:|1756656350
|switch|p2b: Ursaluna|Ursaluna, L50, M|100/100
|
|-weather|SunnyDay|[upkeep]
|-status|p2b: Ursaluna|brn|[from] item: Flame Orb
|upkeep
|turn|2
|inactive|DaniPika97 has 30 seconds left.
|
|t:|1756656383
|switch|p1b: Incineroar|Incineroar, L50, M|100/100
|-ability|p1b: Incineroar|Intimidate|boost
|-unboost|p2a: Jumpluff|atk|1
|-unboost|p2b: Ursaluna|atk|1
|move|p2a: Jumpluff|Tailwind|p2a: Jumpluff
|-sidestart|p2: DaniPika97|move: Tailwind
|move|p1a: Dragonite|Tailwind|p1a: Dragonite
|-sidestart|p1: jowemama|move: Tailwind
|move|p2b: Ursaluna|Facade|p1a: Dragonite
|-damage|p1a: Dragonite|32/100
|
|-weather|SunnyDay|[upkeep]
|-damage|p2b: Ursaluna|95/100 brn|[from] brn
|upkeep
|turn|3
|inactive|DaniPika97 has 30 seconds left.
|inactive|DaniPika97 has 20 seconds left.
|inactive|DaniPika97 has 15 seconds left.
|inactive|DaniPika97 has 10 seconds left.
|inactive|DaniPika97 has 5 seconds left.
|
|t:|1756656436
|-terastallize|p2b: Ursaluna|Ghost
|move|p2a: Jumpluff|Sleep Powder|p1b: Incineroar
|-activate|p1b: Incineroar|item: Safety Goggles|Sleep Powder
|move|p1a: Dragonite|Scale Shot|p2a: Jumpluff
|-damage|p2a: Jumpluff|0 fnt
|faint|p2a: Jumpluff
|-hitcount|p2: Jumpluff|1
|-unboost|p1a: Dragonite|def|1
|-boost|p1a: Dragonite|spe|1
|move|p1b: Incineroar|Parting Shot|p2b: Ursaluna
|-unboost|p2b: Ursaluna|atk|1
|-unboost|p2b: Ursaluna|spa|1
|
|t:|1756656441
|switch|p1b: Archaludon|Archaludon, L50, F|100/100|[from] Parting Shot
|move|p2b: Ursaluna|Facade|p1a: Dragonite
|-damage|p1a: Dragonite|0 fnt
|faint|p1a: Dragonite
|
|-weather|SunnyDay|[upkeep]
|-damage|p2b: Ursaluna|89/100 brn|[from] brn
|upkeep
|
|t:|1756656461
|switch|p2a: Torkoal|Torkoal, L50, F|86/100
|switch|p1a: Incineroar|Incineroar, L50, M|100/100
|-ability|p1a: Incineroar|Intimidate|boost
|-unboost|p2a: Torkoal|atk|1
|-unboost|p2b: Ursaluna|atk|1
|turn|4
|
|t:|1756656478
|switch|p1a: Pelipper|Pelipper, L50, F|100/100
|-weather|RainDance|[from] ability: Drizzle|[of] p1a: Pelipper
|switch|p2b: Dan|Charizard, L50, M|100/100
|move|p1b: Archaludon|Electro Shot||[still]
|-prepare|p1b: Archaludon|Electro Shot
|-boost|p1b: Archaludon|spa|1
|-anim|p1b: Archaludon|Electro Shot|p2a: Torkoal
|-damage|p2a: Torkoal|16/100
|move|p2a: Torkoal|Eruption|p1a: Pelipper|[spread] p1a,p1b
|-resisted|p1a: Pelipper
|-damage|p1a: Pelipper|98/100
|-damage|p1b: Archaludon|98/100
|-ability|p1b: Archaludon|Stamina|boost
|-boost|p1b: Archaludon|def|1
|
|-weather|RainDance|[upkeep]
|upkeep
|turn|5
|inactive|DaniPika97 has 30 seconds left.
|inactive|DaniPika97 has 20 seconds left.
|inactive|DaniPika97 has 15 seconds left.
|inactive|DaniPika97 has 10 seconds left.
|inactive|DaniPika97 has 5 seconds left.
|
|t:|1756656532
|switch|p2a: Ursaluna|Ursaluna, L50, M, tera:Ghost|89/100 brn
|move|p2b: Dan|Dragon Pulse|p1b: Archaludon
|-damage|p1b: Archaludon|71/100
|-ability|p1b: Archaludon|Stamina|boost
|-boost|p1b: Archaludon|def|1
|move|p1a: Pelipper|Weather Ball|p2a: Ursaluna
|-damage|p2a: Ursaluna|18/100 brn
|move|p1b: Archaludon|Electro Shot||[still]
|-prepare|p1b: Archaludon|Electro Shot
|-boost|p1b: Archaludon|spa|1
|-anim|p1b: Archaludon|Electro Shot|p2b: Dan
|-supereffective|p2b: Dan
|-damage|p2b: Dan|0 fnt
|faint|p2b: Dan
|
|-weather|RainDance|[upkeep]
|-damage|p2a: Ursaluna|13/100 brn|[from] brn
|-sideend|p1: jowemama|move: Tailwind
|-sideend|p2: DaniPika97|move: Tailwind
|upkeep
|
|t:|1756656546
|switch|p2b: Torkoal|Torkoal, L50, F|16/100
|-weather|SunnyDay|[from] ability: Drought|[of] p2b: Torkoal
|turn|6
|
|t:|1756656551
|move|p1a: Pelipper|Weather Ball|p2a: Ursaluna
|-damage|p2a: Ursaluna|0 fnt
|faint|p2a: Ursaluna
|move|p1b: Archaludon|Snarl|p2b: Torkoal
|-damage|p2b: Torkoal|0 fnt
|faint|p2b: Torkoal
|
|win|jowemama
||jowemama is ready for game 2.
|inactive|DaniPika97 has 30 seconds to confirm battle start!
||DaniPika97 is ready for game 2.
|uhtml|next|Next: Game 2 of 3
|l|☆DaniPika97
|player|p2|
