|j|‽Poly67
|j|☆Someoneofficial
|html|Poly67Someoneofficial    
|uhtml|bestof|Game 2 of a best-of-3
|t:|1783047592
|gametype|doubles
|player|p1|Poly67|striker|1000
|player|p2|Someoneofficial|gentleman-gen4|1092
|gen|9
|tier|[Gen 9 Champions] VGC 2026 Reg M-B (Bo3)
|rated|
|rule|Species Clause: Limit one of each Pokémon
|rule|Item Clause: Limit 1 of each item
|clearpoke
|poke|p1|Sceptile, L50, M, shiny|
|poke|p1|Toxapex, L50, M, shiny|
|poke|p1|Pelipper, L50, M, shiny|
|poke|p1|Beartic, L50, F|
|poke|p1|Primarina, L50, F|
|poke|p1|Jolteon, L50, M|
|poke|p2|Raichu, L50, M, shiny|
|poke|p2|Floette-Eternal, L50, F, shiny|
|poke|p2|Mamoswine, L50, F, shiny|
|poke|p2|Ceruledge, L50, F, shiny|
|poke|p2|Maushold-Four, L50, shiny|
|poke|p2|Kingambit, L50, M, shiny|
|teampreview|4
|showteam|p1|Sceptile||Sceptilite|Overgrow|EnergyBall,DragonPulse,EarthPower,Detect|Timid||M|||50|]Toxapex||Leftovers|Regenerator|Toxic,Stockpile,Recover,BanefulBunker|Calm||M|||50|]Pelipper||FocusSash|Drizzle|Hurricane,WeatherBall,WideGuard,Protect|Modest||M|||50|]Beartic||LifeOrb|SwiftSwim|IcicleCrash,CloseCombat,AquaJet,Protect|Adamant||F|||50|]Primarina||MysticWater|LiquidVoice|HyperVoice,Moonblast,CalmMind,Protect|Modest||F|||50|]Jolteon||Magnet|VoltAbsorb|Discharge,Thunder,VoltSwitch,Detect|Timid||M|||50|
|showteam|p2|Raichu||RaichuniteY|LightningRod|FakeOut,Protect,FocusBlast,ZapCannon|Timid||M|||50|]Floette-Eternal||Floettite|FlowerVeil|Protect,DazzlingGleam,CalmMind,Moonblast|Modest||F|||50|]Mamoswine||LifeOrb|Oblivious|HighHorsepower,IceShard,IcicleCrash,Protect|Jolly||F|||50|]Ceruledge||ColburBerry|FlashFire|BitterBlade,ShadowSneak,BulkUp,Protect|Adamant||F|||50|]Maushold-Four||ChopleBerry|FriendGuard|Protect,Feint,FollowMe,HelpingHand|Careful|||||50|]Kingambit||FocusSash|Defiant|IronHead,KowtowCleave,SuckerPunch,LowKick|Adamant||M|||50|
|
|t:|1783047613
|teamsize|p1|4
|teamsize|p2|4
|start
|switch|p1a: Pelipper|Pelipper, L50, M, shiny|100/100
|switch|p1b: Sceptile|Sceptile, L50, M, shiny|100/100
|switch|p2a: Raichu|Raichu, L50, M, shiny|100/100
|switch|p2b: Kingambit|Kingambit, L50, M, shiny|100/100
|-weather|RainDance|[from] ability: Drizzle|[of] p1a: Pelipper
|turn|1
|
|t:|1783047629
|detailschange|p1b: Sceptile|Sceptile-Mega, L50, M, shiny
|-mega|p1b: Sceptile|Sceptile|Sceptilite
|detailschange|p2a: Raichu|Raichu-Mega-Y, L50, M, shiny
|-mega|p2a: Raichu|Raichu|Raichunite Y
|move|p2a: Raichu|Fake Out|p1b: Sceptile
|-damage|p1b: Sceptile|87/100
|cant|p1b: Sceptile|flinch
|move|p2b: Kingambit|Kowtow Cleave|p1b: Sceptile
|-damage|p1b: Sceptile|3/100
|move|p1a: Pelipper|Weather Ball|p2b: Kingambit
|-damage|p2b: Kingambit|24/100
|
|-weather|RainDance|[upkeep]
|upkeep
|turn|2
|
|t:|1783047659
|move|p1b: Sceptile|Detect|p1b: Sceptile
|-singleturn|p1b: Sceptile|Protect
|move|p2b: Kingambit|Sucker Punch||[still]
|-fail|p2b: Kingambit
|move|p2a: Raichu|Zap Cannon|p1b: Sceptile
|-activate|p1b: Sceptile|ability: Lightning Rod
|-activate|p1b: Sceptile|move: Protect
|move|p1a: Pelipper|Weather Ball|p2a: Raichu
|-damage|p2a: Raichu|15/100
|
|-weather|RainDance|[upkeep]
|upkeep
|turn|3
|
|t:|1783047680
|switch|p1b: Primarina|Primarina, L50, F|100/100
|move|p2a: Raichu|Protect|p2a: Raichu
|-singleturn|p2a: Raichu|Protect
|move|p2b: Kingambit|Sucker Punch|p1a: Pelipper
|-damage|p1a: Pelipper|55/100
|move|p1a: Pelipper|Weather Ball|p2a: Raichu
|-activate|p2a: Raichu|move: Protect
|
|-weather|RainDance|[upkeep]
|upkeep
|turn|4
|
|t:|1783047701
|switch|p2a: Mamoswine|Mamoswine, L50, F, shiny|100/100
|switch|p1a: Sceptile|Sceptile-Mega, L50, M, shiny|3/100
|move|p2b: Kingambit|Kowtow Cleave|p1a: Sceptile
|-damage|p1a: Sceptile|0 fnt
|faint|p1a: Sceptile
|move|p1b: Primarina|Hyper Voice|p2b: Kingambit|[spread] p2a,p2b
|-supereffective|p2a: Mamoswine|1
|-damage|p2a: Mamoswine|0 fnt
|-damage|p2b: Kingambit|0 fnt
|faint|p2a: Mamoswine
|faint|p2b: Kingambit
|
|-weather|RainDance|[upkeep]
|upkeep
|
|t:|1783047713
|switch|p1a: Beartic|Beartic, L50, F|100/100
|switch|p2a: Raichu|Raichu-Mega-Y, L50, M, shiny|15/100
|switch|p2b: Maushold|Maushold-Four, L50, shiny|100/100
|turn|5
|
|t:|1783047747
|move|p2b: Maushold|Feint|p1a: Beartic
|-damage|p1a: Beartic|89/100
|move|p1a: Beartic|Close Combat|p2b: Maushold
|-supereffective|p2b: Maushold|1
|-enditem|p2b: Maushold|Chople Berry|[eat]
|-enditem|p2b: Maushold|Chople Berry|[weaken]
|-damage|p2b: Maushold|28/100
|-unboost|p1a: Beartic|def|1
|-unboost|p1a: Beartic|spd|1
|-damage|p1a: Beartic|79/100|[from] item: Life Orb
|move|p2a: Raichu|Zap Cannon|p1b: Primarina
|-supereffective|p1b: Primarina|1
|-damage|p1b: Primarina|0 fnt
|faint|p1b: Primarina
|
|-weather|none
|upkeep
|
|t:|1783047759
|switch|p1b: Pelipper|Pelipper, L50, M, shiny|55/100
|-weather|RainDance|[from] ability: Drizzle|[of] p1b: Pelipper
|turn|6
|
|t:|1783047767
|move|p2a: Raichu|Protect|p2a: Raichu
|-singleturn|p2a: Raichu|Protect
|move|p2b: Maushold|Protect|p2b: Maushold
|-singleturn|p2b: Maushold|Protect
|move|p1a: Beartic|Aqua Jet|p2a: Raichu
|-activate|p2a: Raichu|move: Protect
|move|p1b: Pelipper|Weather Ball|p2a: Raichu
|-activate|p2a: Raichu|move: Protect
|
|-weather|RainDance|[upkeep]
|upkeep
|turn|7
|
|t:|1783047784
|move|p2b: Maushold|Follow Me|p2b: Maushold
|-singleturn|p2b: Maushold|move: Follow Me
|move|p1a: Beartic|Aqua Jet|p2b: Maushold
|-damage|p2b: Maushold|0 fnt
|faint|p2b: Maushold
|-damage|p1a: Beartic|69/100|[from] item: Life Orb
|move|p2a: Raichu|Zap Cannon|p1b: Pelipper
|-supereffective|p1b: Pelipper|2
|-damage|p1b: Pelipper|0 fnt
|faint|p1b: Pelipper
|
|-weather|RainDance|[upkeep]
|upkeep
|turn|8
|
|t:|1783047793
|move|p2a: Raichu|Protect|p2a: Raichu
|-singleturn|p2a: Raichu|Protect
|move|p1a: Beartic|Aqua Jet|p2a: Raichu
|-activate|p2a: Raichu|move: Protect
|
|-weather|RainDance|[upkeep]
|upkeep
|turn|9
|
|t:|1783047796
|move|p2a: Raichu|Protect||[still]
|-fail|p2a: Raichu
|move|p1a: Beartic|Aqua Jet|p2a: Raichu
|-damage|p2a: Raichu|0 fnt
|faint|p2a: Raichu
|-damage|p1a: Beartic|59/100|[from] item: Life Orb
|
|win|Poly67
||Someoneofficial is ready for game 3.
|inactive|Poly67 has 30 seconds to confirm battle start!
||Poly67 is ready for game 3.
|uhtml|next|Next: Game 3 of 3
