|j|☆Arkhept
|j|☆beeetch
|html|Arkheptbeeetch    
|uhtml|bestof|Game 2 of a best-of-3
|t:|1756675745
|gametype|doubles
|player|p1|Arkhept|misty|1302
|player|p2|beeetch|beauty-gen4dp|1275
|gen|9
|tier|[Gen 9] VGC 2025 Reg H (Bo3)
|rated|
|rule|Species Clause: Limit one of each Pokémon
|rule|Item Clause: Limit 1 of each item
|clearpoke
|poke|p1|Milotic, L50, F|
|poke|p1|Tyranitar, L50, F|
|poke|p1|Talonflame, L50, M|
|poke|p1|Garchomp, L50, M|
|poke|p1|Amoonguss, L50, F|
|poke|p1|Gholdengo, L50|
|poke|p2|Toedscruel, L50, M|
|poke|p2|Weezing-Galar, L50, F|
|poke|p2|Corviknight, L50, M|
|poke|p2|Pawmot, L50, M|
|poke|p2|Garchomp, L50, F|
|poke|p2|Typhlosion-Hisui, L50, M|
|teampreview|4
|showteam|p1|Milotic||SafetyGoggles|Competitive|Scald,IcyWind,Haze,Protect|||F|||50|,,,,,Dragon]Tyranitar||AssaultVest|SandStream|RockSlide,KnockOff,LowKick,TeraBlast|||F|||50|,,,,,Flying]Talonflame||CovertCloak|GaleWings|BraveBird,Tailwind,WillOWisp,Taunt|||M|||50|,,,,,Ghost]Garchomp||LifeOrb|RoughSkin|Protect,StompingTantrum,Earthquake,DragonClaw|||M|||50|,,,,,Steel]Amoonguss||SitrusBerry|Regenerator|Protect,RagePowder,Spore,PollenPuff|||F|||50|,,,,,Water]Gholdengo||IronPlate|GoodasGold|MakeItRain,ShadowBall,NastyPlot,Protect||||||50|,,,,,Flying
|showteam|p2|Toedscruel||CovertCloak|MyceliumMight|Spore,EarthPower,AcidSpray,RagePowder|||M|||50|,,,,,Water]Weezing-Galar||ChoiceSpecs|NeutralizingGas|DazzlingGleam,SludgeBomb,StrangeSteam,Flamethrower|||F|||50|,,,,,Fire]Corviknight||SitrusBerry|MirrorArmor|Protect,Tailwind,Roost,BraveBird|||M|||50|,,,,,Dragon]Pawmot||FocusSash|NaturalCure|Protect,CloseCombat,DoubleShock,FakeOut|||M|||50|,,,,,Electric]Garchomp||LifeOrb|RoughSkin|Protect,Earthquake,DragonClaw,StompingTantrum|||F|||50|,,,,,Ground]Typhlosion-Hisui||ChoiceScarf|Blaze|Eruption,SleepTalk,HeatWave,ShadowBall|||M|||50|,,,,,Fire
|
|t:|1756675797
|teamsize|p1|4
|teamsize|p2|4
|start
|switch|p1a: Milotic|Milotic, L50, F|100/100
|switch|p1b: Talonflame|Talonflame, L50, M|100/100
|switch|p2a: Pawmot|Pawmot, L50, M|100/100
|switch|p2b: Weezing|Weezing-Galar, L50, F|100/100
|-ability|p2b: Weezing|Neutralizing Gas
|turn|1
|
|t:|1756675824
|-terastallize|p2a: Pawmot|Electric
|move|p1a: Milotic|Protect|p1a: Milotic
|-singleturn|p1a: Milotic|Protect
|move|p1b: Talonflame|Will-O-Wisp|p2a: Pawmot
|-status|p2a: Pawmot|brn
|move|p2a: Pawmot|Double Shock|p1b: Talonflame
|-supereffective|p1b: Talonflame
|-damage|p1b: Talonflame|10/100
|-start|p2a: Pawmot|typechange|Electric|[from] move: Double Shock
|move|p2b: Weezing|Dazzling Gleam|p1a: Milotic|[spread] p1b
|-activate|p1a: Milotic|move: Protect
|-resisted|p1b: Talonflame
|-damage|p1b: Talonflame|0 fnt
|faint|p1b: Talonflame
|
|-damage|p2a: Pawmot|94/100 brn|[from] brn
|upkeep
|
|t:|1756675844
|switch|p1b: Gholdengo|Gholdengo, L50|100/100
|turn|2
|
|t:|1756675855
|-end|p2b: Weezing|ability: Neutralizing Gas
|switch|p2b: Corviknight|Corviknight, L50, M|100/100
|move|p2a: Pawmot|Double Shock|p1a: Milotic
|-supereffective|p1a: Milotic
|-crit|p1a: Milotic
|-damage|p1a: Milotic|0 fnt
|-start|p2a: Pawmot|typechange|Electric|[from] move: Double Shock
|faint|p1a: Milotic
|move|p1b: Gholdengo|Make It Rain|p2b: Corviknight|[spread] p2a,p2b
|-resisted|p2a: Pawmot
|-resisted|p2b: Corviknight
|-crit|p2b: Corviknight
|-damage|p2a: Pawmot|45/100 brn
|-damage|p2b: Corviknight|65/100
|-unboost|p1b: Gholdengo|spa|1
|
|-damage|p2a: Pawmot|39/100 brn|[from] brn
|upkeep
|
|t:|1756675865
|switch|p1a: Tyranitar|Tyranitar, L50, F|100/100
|-weather|Sandstorm|[from] ability: Sand Stream|[of] p1a: Tyranitar
|turn|3
|
|t:|1756675881
|-curestatus|p2a: Pawmot|brn|[from] ability: Natural Cure
|switch|p2a: Weezing|Weezing-Galar, L50, F|100/100
|-ability|p2a: Weezing|Neutralizing Gas
|move|p1b: Gholdengo|Nasty Plot|p1b: Gholdengo
|-boost|p1b: Gholdengo|spa|2
|move|p2b: Corviknight|Tailwind|p2b: Corviknight
|-sidestart|p2: beeetch|move: Tailwind
|move|p1a: Tyranitar|Knock Off|p2a: Weezing
|-resisted|p2a: Weezing
|-damage|p2a: Weezing|70/100
|-enditem|p2a: Weezing|Choice Specs|[from] move: Knock Off|[of] p1a: Tyranitar
|
|-weather|Sandstorm|[upkeep]
|-damage|p2a: Weezing|64/100|[from] Sandstorm
|upkeep
|turn|4
|
|t:|1756675905
|-terastallize|p1b: Gholdengo|Flying
|move|p2b: Corviknight|Roost|p2b: Corviknight
|-heal|p2b: Corviknight|100/100
|-singleturn|p2b: Corviknight|move: Roost
|move|p2a: Weezing|Dazzling Gleam|p1a: Tyranitar|[spread] p1a,p1b
|-supereffective|p1a: Tyranitar
|-damage|p1a: Tyranitar|79/100
|-damage|p1b: Gholdengo|72/100
|move|p1b: Gholdengo|Make It Rain|p2b: Corviknight|[spread] p2a,p2b
|-supereffective|p2a: Weezing
|-resisted|p2b: Corviknight
|-damage|p2a: Weezing|0 fnt
|-damage|p2b: Corviknight|65/100
|-unboost|p1b: Gholdengo|spa|1
|faint|p2a: Weezing
|-end|p2a: Weezing|ability: Neutralizing Gas
|move|p1a: Tyranitar|Knock Off|p2b: Corviknight
|-damage|p2b: Corviknight|19/100
|-enditem|p2b: Corviknight|Sitrus Berry|[from] move: Knock Off|[of] p1a: Tyranitar
|
|-weather|Sandstorm|[upkeep]
|-damage|p1b: Gholdengo|66/100|[from] Sandstorm
|upkeep
|
|t:|1756675923
|switch|p2a: Pawmot|Pawmot, L50, M, tera:Electric|39/100
|turn|5
|
|t:|1756675931
|move|p2a: Pawmot|Close Combat|p1a: Tyranitar
|-supereffective|p1a: Tyranitar
|-damage|p1a: Tyranitar|0 fnt
|-unboost|p2a: Pawmot|def|1
|-unboost|p2a: Pawmot|spd|1
|faint|p1a: Tyranitar
|move|p2b: Corviknight|Roost|p2b: Corviknight
|-heal|p2b: Corviknight|69/100
|-singleturn|p2b: Corviknight|move: Roost
|move|p1b: Gholdengo|Make It Rain|p2a: Pawmot|[spread] p2a,p2b
|-resisted|p2a: Pawmot
|-resisted|p2b: Corviknight
|-damage|p2a: Pawmot|0 fnt
|-damage|p2b: Corviknight|42/100
|-unboost|p1b: Gholdengo|spa|1
|faint|p2a: Pawmot
|
|-weather|Sandstorm|[upkeep]
|-damage|p1b: Gholdengo|60/100|[from] Sandstorm
|upkeep
|
|t:|1756675935
|switch|p2a: Typhlosion|Typhlosion-Hisui, L50, M|100/100
|turn|6
|
|t:|1756675942
|move|p2a: Typhlosion|Eruption|p1b: Gholdengo
|-damage|p1b: Gholdengo|0 fnt
|faint|p1b: Gholdengo
|
|win|beeetch
