|j|☆JovemPontePreta
|j|☆KodeBeast0526
|html|JovemPontePretaKodeBeast0526    
|uhtml|bestof|Game 2 of a best-of-3
|t:|1783621333
|gametype|doubles
|player|p1|JovemPontePreta|170|1051
|player|p2|KodeBeast0526|hiker|1078
|gen|9
|tier|[Gen 9 Champions] VGC 2026 Reg M-B (Bo3)
|rated|
|rule|Species Clause: Limit one of each Pokémon
|rule|Item Clause: Limit 1 of each item
|clearpoke
|poke|p1|Sableye, L50, F|
|poke|p1|Archaludon, L50, M|
|poke|p1|Sinistcha-Masterpiece, L50|
|poke|p1|Pelipper, L50, F|
|poke|p1|Greninja, L50, F|
|poke|p1|Basculegion, L50, M|
|poke|p2|Aerodactyl, L50, M|
|poke|p2|Kingambit, L50, M|
|poke|p2|Sylveon, L50, M|
|poke|p2|Garchomp, L50, M|
|poke|p2|Charizard, L50, M|
|poke|p2|Incineroar, L50, M|
|teampreview|4
|showteam|p1|Sableye||RoseliBerry|Prankster|LightScreen,Reflect,RainDance,Quash|Sassy||F|||50|]Archaludon||Leftovers|Stamina|DragonPulse,ElectroShot,FlashCannon,Protect|Modest||M|||50|]Sinistcha-Masterpiece||SitrusBerry|Hospitality|RagePowder,MatchaGotcha,LifeDew,TrickRoom|Calm|||||50|]Pelipper||FocusSash|Drizzle|Tailwind,Hurricane,Soak,WideGuard|Timid||F|||50|]Greninja||Greninjite|Torrent|WaterShuriken,DarkPulse,WeatherBall,Protect|Timid||F|||50|]Basculegion||ChoiceScarf|Adaptability|FlipTurn,AquaJet,WaveCrash,LastRespects|Adamant||M|||50|
|showteam|p2|Aerodactyl||Aerodactylite|Unnerve|RockSlide,IceFang,Tailwind,WideGuard|Jolly||M|||50|]Kingambit||FocusSash|Defiant|KowtowCleave,SuckerPunch,IronHead,Protect|Adamant||M|||50|]Sylveon||FairyFeather|Pixilate|Detect,HyperVoice,HyperBeam,QuickAttack|Modest||M|||50|]Garchomp||LifeOrb|RoughSkin|Earthquake,DragonClaw,StompingTantrum,Protect|Jolly||M|||50|]Charizard||CharizarditeY|Blaze|Protect,HeatWave,SolarBeam,WeatherBall|Modest||M|||50|]Incineroar||SitrusBerry|Intimidate|DarkestLariat,FlareBlitz,FakeOut,PartingShot|Impish||M|||50|
|inactive|Battle timer is ON: inactive players will automatically lose when time's up. (requested by JovemPontePreta)
|
|t:|1783621371
|teamsize|p1|4
|teamsize|p2|4
|start
|switch|p1a: Sableye|Sableye, L50, F|100/100
|switch|p1b: Archaludon|Archaludon, L50, M|100/100
|switch|p2a: Sylveon|Sylveon, L50, M|100/100
|switch|p2b: Garchomp|Garchomp, L50, M|100/100
|turn|1
|
|t:|1783621391
|move|p1b: Archaludon|Protect|p1b: Archaludon
|-singleturn|p1b: Archaludon|Protect
|move|p1a: Sableye|Reflect|p1a: Sableye
|-sidestart|p1: JovemPontePreta|Reflect
|move|p2b: Garchomp|Dragon Claw|p1a: Sableye
|-damage|p1a: Sableye|48/100
|-damage|p2b: Garchomp|90/100|[from] item: Life Orb
|move|p2a: Sylveon|Hyper Voice|p1a: Sableye|[spread] p1a
|-activate|p1b: Archaludon|move: Protect
|-supereffective|p1a: Sableye|1
|-enditem|p1a: Sableye|Roseli Berry|[eat]
|-enditem|p1a: Sableye|Roseli Berry|[weaken]
|-damage|p1a: Sableye|0 fnt
|faint|p1a: Sableye
|
|upkeep
|
|t:|1783621406
|switch|p1a: Pelipper|Pelipper, L50, F|100/100
|-weather|RainDance|[from] ability: Drizzle|[of] p1a: Pelipper
|turn|2
|
|t:|1783621414
|move|p2b: Garchomp|Dragon Claw|p1a: Pelipper
|-damage|p1a: Pelipper|55/100
|-damage|p2b: Garchomp|80/100|[from] item: Life Orb
|move|p1a: Pelipper|Soak|p2b: Garchomp
|-start|p2b: Garchomp|typechange|Water
|move|p1b: Archaludon|Electro Shot||[still]
|-prepare|p1b: Archaludon|Electro Shot
|-boost|p1b: Archaludon|spa|1
|-anim|p1b: Archaludon|Electro Shot|p2b: Garchomp
|-supereffective|p2b: Garchomp|1
|-damage|p2b: Garchomp|0 fnt
|faint|p2b: Garchomp
|move|p2a: Sylveon|Hyper Beam|p1b: Archaludon
|-damage|p1b: Archaludon|0 fnt
|-mustrecharge|p2a: Sylveon
|faint|p1b: Archaludon
|
|-weather|RainDance|[upkeep]
|upkeep
|
|t:|1783621429
|switch|p2b: Charizard|Charizard, L50, M|100/100
|switch|p1b: Greninja|Greninja, L50, F|100/100
|turn|3
|
|t:|1783621448
|detailschange|p1b: Greninja|Greninja-Mega, L50, F
|-mega|p1b: Greninja|Greninja|Greninjite
|detailschange|p2b: Charizard|Charizard-Mega-Y, L50, M
|-mega|p2b: Charizard|Charizard|Charizardite Y
|-weather|SunnyDay|[from] ability: Drought|[of] p2b: Charizard
|move|p2b: Charizard|Protect|p2b: Charizard
|-singleturn|p2b: Charizard|Protect
|move|p1b: Greninja|Water Shuriken|p2b: Charizard
|-start|p1b: Greninja|typechange|Water|[from] ability: Protean
|-activate|p2b: Charizard|move: Protect
|move|p1a: Pelipper|Hurricane|p2b: Charizard
|-activate|p2b: Charizard|move: Protect
|cant|p2a: Sylveon|recharge
|
|-weather|SunnyDay|[upkeep]
|upkeep
|turn|4
|
|t:|1783621466
|move|p1a: Pelipper|Wide Guard|p1a: Pelipper
|-singleturn|p1a: Pelipper|Wide Guard
|move|p1b: Greninja|Weather Ball|p2a: Sylveon
|-damage|p2a: Sylveon|59/100
|move|p2b: Charizard|Heat Wave|p1a: Pelipper|[spread] 
|-activate|p1a: Pelipper|move: Wide Guard
|-activate|p1b: Greninja|move: Wide Guard
|move|p2a: Sylveon|Hyper Voice|p1a: Pelipper|[spread] 
|-activate|p1a: Pelipper|move: Wide Guard
|-activate|p1b: Greninja|move: Wide Guard
|
|-weather|SunnyDay|[upkeep]
|upkeep
|turn|5
|inactive|JovemPontePreta has 30 seconds left.
|
|t:|1783621492
|move|p1b: Greninja|Weather Ball|p2a: Sylveon
|-damage|p2a: Sylveon|21/100
|move|p2b: Charizard|Solar Beam||[still]
|-prepare|p2b: Charizard|Solar Beam
|-anim|p2b: Charizard|Solar Beam|p1b: Greninja
|-supereffective|p1b: Greninja|1
|-damage|p1b: Greninja|0 fnt
|faint|p1b: Greninja
|move|p1a: Pelipper|Hurricane|p2a: Sylveon
|-damage|p2a: Sylveon|0 fnt
|faint|p2a: Sylveon
|
|-weather|SunnyDay|[upkeep]
|-sideend|p1: JovemPontePreta|Reflect
|upkeep
|
|t:|1783621502
|switch|p2a: Kingambit|Kingambit, L50, M|100/100
|turn|6
|
|t:|1783621508
|move|p2b: Charizard|Solar Beam||[still]
|-prepare|p2b: Charizard|Solar Beam
|-anim|p2b: Charizard|Solar Beam|p1a: Pelipper
|-damage|p1a: Pelipper|0 fnt
|faint|p1a: Pelipper
|
|win|KodeBeast0526
|raw|JovemPontePreta's rating: 1051 → 1035(-16 for losing)
|raw|KodeBeast0526's rating: 1078 → 1104(+26 for winning)
|l|☆JovemPontePreta
|player|p1|
