|j|☆abadanriyi92
|j|☆happyred76
|html|abadanriyi92happyred76    
|uhtml|bestof|Game 2 of a best-of-3
|t:|1786052293
|gametype|doubles
|player|p1|abadanriyi92|colress|1195
|player|p2|happyred76|zinnia|1139
|gen|9
|tier|[Gen 9 Champions] VGC 2026 Reg M-B (Bo3)
|rated|
|rule|Species Clause: Limit one of each Pokémon
|rule|Item Clause: Limit 1 of each item
|clearpoke
|poke|p1|Charizard, L50, F|
|poke|p1|Floette-Eternal, L50, F|
|poke|p1|Basculegion, L50, M|
|poke|p1|Garchomp, L50, M|
|poke|p1|Kingambit, L50, M|
|poke|p1|Whimsicott, L50, M|
|poke|p2|Charizard, L50, F|
|poke|p2|Grimmsnarl, L50, M|
|poke|p2|Pelipper, L50, F|
|poke|p2|Archaludon, L50, F|
|poke|p2|Basculegion, L50, M|
|poke|p2|Venusaur, L50, F|
|teampreview|4
|showteam|p1|Charizard||CharizarditeY|Blaze|HeatWave,SolarBeam,WeatherBall,Protect|Modest||F|||50|]Floette-Eternal||Floettite|FlowerVeil|Moonblast,DazzlingGleam,LightofRuin,Protect|Timid||F|||50|]Basculegion||LifeOrb|Adaptability|WaveCrash,AquaJet,LastRespects,Protect|Adamant||M|||50|]Garchomp||SitrusBerry|RoughSkin|Earthquake,RockSlide,Protect,DragonClaw|Adamant||M|||50|]Kingambit||ChopleBerry|Defiant|KowtowCleave,IronHead,SuckerPunch,LowKick|Adamant||M|||50|]Whimsicott||FocusSash|Prankster|Moonblast,Tailwind,Encore,Protect|Timid||M|||50|
|showteam|p2|Charizard||CharizarditeY|Blaze|Protect,HeatWave,WeatherBall,SolarBeam|Timid||F|||50|]Grimmsnarl||LightClay|Prankster|SpiritBreak,Reflect,LightScreen,PartingShot|Careful||M|||50|]Pelipper||SitrusBerry|Drizzle|Hurricane,WeatherBall,Tailwind,WideGuard|Modest||F|||50|]Archaludon||Leftovers|Stamina|Protect,ElectroShot,DragonPulse,FlashCannon|Calm||F|||50|]Basculegion||ChoiceScarf|Adaptability|FlipTurn,WaveCrash,AquaJet,LastRespects|Jolly||M|||50|]Venusaur||FocusSash|Chlorophyll|Protect,SleepPowder,SludgeBomb,EarthPower|Modest||F|||50|
|inactive|Battle timer is ON: inactive players will automatically lose when time's up. (requested by abadanriyi92)
|
|t:|1786052322
|teamsize|p1|4
|teamsize|p2|4
|start
|switch|p1a: Whimsicott|Whimsicott, L50, M|100/100
|switch|p1b: Garchomp|Garchomp, L50, M|100/100
|switch|p2a: Archaludon|Archaludon, L50, F|100/100
|switch|p2b: Pelipper|Pelipper, L50, F|100/100
|-weather|RainDance|[from] ability: Drizzle|[of] p2b: Pelipper
|turn|1
|inactive|happyred76 has 30 seconds left.
|inactive|abadanriyi92 has 30 seconds left.
|
|t:|1786052354
|switch|p1b: Floette|Floette-Eternal, L50, F|100/100
|move|p2b: Pelipper|Wide Guard|p2b: Pelipper
|-singleturn|p2b: Pelipper|Wide Guard
|move|p1a: Whimsicott|Tailwind|p1a: Whimsicott
|-sidestart|p1: abadanriyi92|move: Tailwind
|move|p2a: Archaludon|Dragon Pulse|p1b: Floette
|-immune|p1b: Floette
|
|-weather|RainDance|[upkeep]
|upkeep
|turn|2
|inactive|happyred76 has 30 seconds left.
|
|t:|1786052385
|detailschange|p1b: Floette|Floette-Mega, L50, F
|-mega|p1b: Floette|Floette|Floettite
|-ability|p1b: Floette|Fairy Aura
|move|p2a: Archaludon|Protect|p2a: Archaludon
|-singleturn|p2a: Archaludon|Protect
|move|p1a: Whimsicott|Encore|p2b: Pelipper
|-start|p2b: Pelipper|Encore
|move|p2b: Pelipper|Wide Guard|p2b: Pelipper
|-singleturn|p2b: Pelipper|Wide Guard
|move|p1b: Floette|Moonblast|p2a: Archaludon
|-activate|p2a: Archaludon|move: Protect
|
|-weather|RainDance|[upkeep]
|upkeep
|turn|3
|inactive|happyred76 has 30 seconds left.
|inactive|happyred76 has 20 seconds left.
|
|t:|1786052420
|switch|p2a: Grimmsnarl|Grimmsnarl, L50, M|100/100
|switch|p2b: Basculegion|Basculegion, L50, M|100/100
|move|p1a: Whimsicott|Encore|p2a: Grimmsnarl
|-hint|Since gen 7, Dark is immune to Prankster moves.
|-immune|p2a: Grimmsnarl
|move|p1b: Floette|Moonblast|p2b: Basculegion
|-damage|p2b: Basculegion|17/100
|
|-weather|RainDance|[upkeep]
|upkeep
|turn|4
|inactive|happyred76 has 30 seconds left.
|
|t:|1786052450
|move|p2b: Basculegion|Aqua Jet|p1a: Whimsicott
|-resisted|p1a: Whimsicott|1
|-damage|p1a: Whimsicott|72/100
|move|p2a: Grimmsnarl|Light Screen|p2a: Grimmsnarl
|-sidestart|p2: happyred76|move: Light Screen
|move|p1a: Whimsicott|Moonblast|p2a: Grimmsnarl
|-supereffective|p2a: Grimmsnarl|1
|-damage|p2a: Grimmsnarl|48/100
|move|p1b: Floette|Dazzling Gleam|p2b: Basculegion|[spread] p2a,p2b
|-supereffective|p2a: Grimmsnarl|1
|-damage|p2a: Grimmsnarl|0 fnt
|-damage|p2b: Basculegion|0 fnt
|faint|p2a: Grimmsnarl
|faint|p2b: Basculegion
|
|-weather|RainDance|[upkeep]
|-sideend|p1: abadanriyi92|move: Tailwind
|upkeep
|
|t:|1786052458
|switch|p2b: Archaludon|Archaludon, L50, F|100/100
|switch|p2a: Pelipper|Pelipper, L50, F|100/100
|turn|5
|inactive|abadanriyi92 has 30 seconds left.
|
|t:|1786052489
|move|p1a: Whimsicott|Protect|p1a: Whimsicott
|-singleturn|p1a: Whimsicott|Protect
|move|p1b: Floette|Moonblast|p2b: Archaludon
|-damage|p2b: Archaludon|56/100
|-ability|p2b: Archaludon|Stamina|boost
|-boost|p2b: Archaludon|def|1
|move|p2b: Archaludon|Electro Shot||[still]
|-prepare|p2b: Archaludon|Electro Shot
|-boost|p2b: Archaludon|spa|1
|-anim|p2b: Archaludon|Electro Shot|p1b: Floette
|-damage|p1b: Floette|52/100
|move|p2a: Pelipper|Hurricane|p1a: Whimsicott
|-activate|p1a: Whimsicott|move: Protect
|
|-weather|none
|-heal|p2b: Archaludon|62/100|[from] item: Leftovers
|upkeep
|turn|6
|inactive|abadanriyi92 has 30 seconds left.
|
|t:|1786052519
|move|p2b: Archaludon|Protect|p2b: Archaludon
|-singleturn|p2b: Archaludon|Protect
|move|p1a: Whimsicott|Encore|p2b: Archaludon
|-activate|p2b: Archaludon|move: Protect
|move|p1b: Floette|Moonblast|p2a: Pelipper
|-damage|p2a: Pelipper|31/100
|-enditem|p2a: Pelipper|Sitrus Berry|[eat]
|-heal|p2a: Pelipper|55/100|[from] item: Sitrus Berry
|move|p2a: Pelipper|Hurricane|p1a: Whimsicott
|-supereffective|p1a: Whimsicott|1
|-damage|p1a: Whimsicott|0 fnt
|faint|p1a: Whimsicott
|
|-heal|p2b: Archaludon|68/100|[from] item: Leftovers
|upkeep
|
|t:|1786052538
|switch|p1a: Kingambit|Kingambit, L50, M|100/100
|turn|7
|
|t:|1786052557
|move|p1b: Floette|Protect|p1b: Floette
|-singleturn|p1b: Floette|Protect
|move|p2b: Archaludon|Flash Cannon|p1b: Floette
|-activate|p1b: Floette|move: Protect
|move|p2a: Pelipper|Tailwind|p2a: Pelipper
|-sidestart|p2: happyred76|move: Tailwind
|move|p1a: Kingambit|Low Kick|p2b: Archaludon
|-supereffective|p2b: Archaludon|1
|-damage|p2b: Archaludon|35/100
|-ability|p2b: Archaludon|Stamina|boost
|-boost|p2b: Archaludon|def|1
|
|-heal|p2b: Archaludon|41/100|[from] item: Leftovers
|upkeep
|turn|8
|inactive|abadanriyi92 has 30 seconds left.
|
|t:|1786052592
|switch|p1b: Garchomp|Garchomp, L50, M|100/100
|move|p2b: Archaludon|Flash Cannon|p1b: Garchomp
|-damage|p1b: Garchomp|52/100
|move|p2a: Pelipper|Hurricane|p1a: Kingambit
|-resisted|p1a: Kingambit|1
|-damage|p1a: Kingambit|74/100
|-start|p1a: Kingambit|confusion
|-activate|p1a: Kingambit|confusion
|move|p1a: Kingambit|Low Kick|p2b: Archaludon
|-supereffective|p2b: Archaludon|1
|-damage|p2b: Archaludon|16/100
|-ability|p2b: Archaludon|Stamina|boost
|-boost|p2b: Archaludon|def|1
|
|-heal|p2b: Archaludon|22/100|[from] item: Leftovers
|upkeep
|turn|9
|
|t:|1786052612
|move|p2b: Archaludon|Flash Cannon|p1b: Garchomp
|-damage|p1b: Garchomp|8/100
|-enditem|p1b: Garchomp|Sitrus Berry|[eat]
|-heal|p1b: Garchomp|33/100|[from] item: Sitrus Berry
|move|p2a: Pelipper|Hurricane|p1a: Kingambit
|-resisted|p1a: Kingambit|1
|-damage|p1a: Kingambit|47/100
|move|p1b: Garchomp|Dragon Claw|p2a: Pelipper
|-damage|p2a: Pelipper|13/100
|-activate|p1a: Kingambit|confusion
|move|p1a: Kingambit|Low Kick|p2b: Archaludon
|-supereffective|p2b: Archaludon|1
|-damage|p2b: Archaludon|4/100
|-ability|p2b: Archaludon|Stamina|boost
|-boost|p2b: Archaludon|def|1
|
|-heal|p2b: Archaludon|10/100|[from] item: Leftovers
|upkeep
|turn|10
|inactive|happyred76 has 30 seconds left.
|inactive|happyred76 has 20 seconds left.
|inactive|abadanriyi92 has 30 seconds left.
|
|t:|1786052658
|move|p2b: Archaludon|Flash Cannon|p1b: Garchomp
|-damage|p1b: Garchomp|0 fnt
|faint|p1b: Garchomp
|move|p2a: Pelipper|Hurricane|p1a: Kingambit|[miss]
|-miss|p2a: Pelipper|p1a: Kingambit
|-end|p1a: Kingambit|confusion
|move|p1a: Kingambit|Kowtow Cleave|p2a: Pelipper
|-damage|p2a: Pelipper|0 fnt
|faint|p2a: Pelipper
|
|-heal|p2b: Archaludon|16/100|[from] item: Leftovers
|-sideend|p2: happyred76|move: Tailwind
|upkeep
|
|t:|1786052670
|switch|p1b: Floette|Floette-Mega, L50, F|52/100
|-ability|p1b: Floette|Fairy Aura
|turn|11
|
|t:|1786052678
|move|p1b: Floette|Moonblast|p2b: Archaludon
|-damage|p2b: Archaludon|0 fnt
|faint|p2b: Archaludon
|
|win|abadanriyi92
|raw|abadanriyi92's rating: 1195 → 1216(+21 for winning)
|raw|happyred76's rating: 1139 → 1118(-21 for losing)
|l|☆happyred76
|player|p2|
