|j|☆TeriyakiFr
|j|☆xdi8723
|html|TeriyakiFrxdi8723    
|uhtml|bestof|Game 2 of a best-of-3
|t:|1756246867
|gametype|doubles
|player|p1|TeriyakiFr|1|1029
|player|p2|xdi8723|2|1117
|gen|9
|tier|[Gen 9] VGC 2025 Reg H (Bo3)
|rated|
|rule|Species Clause: Limit one of each Pokémon
|rule|Item Clause: Limit 1 of each item
|clearpoke
|poke|p1|Incineroar, L50, M|
|poke|p1|Amoonguss, L50, F|
|poke|p1|Ursaluna, L50, M|
|poke|p1|Whimsicott, L50, F|
|poke|p1|Sneasler, L50, M|
|poke|p1|Rillaboom, L50, M|
|poke|p2|Gholdengo, L50|
|poke|p2|Amoonguss, L50, F|
|poke|p2|Incineroar, L50, M|
|poke|p2|Kommo-o, L50, M|
|poke|p2|Ninetales-Alola, L50, M|
|poke|p2|Dragonite, L50, F|
|teampreview|4
|showteam|p1|Incineroar||SafetyGoggles|Intimidate|FakeOut,KnockOff,PartingShot,FlareBlitz|||M|||50|,,,,,Ghost]Amoonguss||RockyHelmet|Regenerator|Spore,RagePowder,Protect,SludgeBomb|||F|||50|,,,,,Water]Ursaluna||FlameOrb|Guts|Facade,Earthquake,Protect,HeadlongRush|||M|||50|,,,,,Ghost]Whimsicott||CovertCloak|Prankster|Tailwind,Protect,Moonblast,Encore|||F|||50|,,,,,Fairy]Sneasler||FocusSash|Unburden|ThroatChop,FakeOut,PoisonJab,CloseCombat|||M|||50|,,,,,Fighting]Rillaboom||AssaultVest|GrassySurge|WoodHammer,FakeOut,Uturn,GrassyGlide|||M|||50|,,,,,Grass
|showteam|p2|Gholdengo||ChoiceSpecs|GoodasGold|MakeItRain,ShadowBall,Trick,FocusBlast||||||50|,,,,,Steel]Amoonguss||RockyHelmet|Regenerator|Protect,RagePowder,Spore,PollenPuff|||F|||50|,,,,,Fairy]Incineroar||SafetyGoggles|Intimidate|FakeOut,FlareBlitz,KnockOff,PartingShot|||M|||50|,,,,,Ghost]Kommo-o||ThroatSpray|Soundproof|Protect,ClangingScales,Flamethrower,ClangorousSoul|||M|||50|,,,,,Fire]Ninetales-Alola||FocusSash|SnowWarning|Protect,Blizzard,FreezeDry,Encore|||M|||50|,,,,,Ice]Dragonite||AssaultVest|Multiscale|ExtremeSpeed,TeraBlast,IceSpinner,StompingTantrum|||F|||50|,,,,,Flying
|
|t:|1756246884
|teamsize|p1|4
|teamsize|p2|4
|start
|switch|p1a: Incineroar|Incineroar, L50, M|100/100
|switch|p1b: Sneasler|Sneasler, L50, M|100/100
|switch|p2a: Gholdengo|Gholdengo, L50|100/100
|switch|p2b: Manolo|Amoonguss, L50, F|100/100
|-ability|p1a: Incineroar|Intimidate|boost
|-unboost|p2a: Gholdengo|atk|1
|-unboost|p2b: Manolo|atk|1
|turn|1
|
|t:|1756246935
|-terastallize|p1b: Sneasler|Fighting
|move|p1a: Incineroar|Fake Out|p2b: Manolo
|-damage|p2b: Manolo|92/100
|-damage|p1a: Incineroar|84/100|[from] item: Rocky Helmet|[of] p2b: Manolo
|move|p1b: Sneasler|Close Combat|p2a: Gholdengo
|-immune|p2a: Gholdengo
|move|p2a: Gholdengo|Trick|p1b: Sneasler
|-activate|p2a: Gholdengo|move: Trick|[of] p1b: Sneasler
|-item|p1b: Sneasler|Choice Specs|[from] move: Trick
|-item|p2a: Gholdengo|Focus Sash|[from] move: Trick
|cant|p2b: Manolo|flinch
|
|upkeep
|turn|2
|
|t:|1756246958
|move|p1b: Sneasler|Close Combat|p2b: Manolo
|-resisted|p2b: Manolo
|-damage|p2b: Manolo|55/100
|-unboost|p1b: Sneasler|def|1
|-unboost|p1b: Sneasler|spd|1
|-damage|p1b: Sneasler|84/100|[from] item: Rocky Helmet|[of] p2b: Manolo
|move|p2a: Gholdengo|Make It Rain|p1a: Incineroar|[spread] p1a,p1b
|-resisted|p1a: Incineroar
|-damage|p1a: Incineroar|68/100
|-damage|p1b: Sneasler|0 fnt
|-unboost|p2a: Gholdengo|spa|1
|faint|p1b: Sneasler
|move|p1a: Incineroar|Flare Blitz|p2b: Manolo
|-supereffective|p2b: Manolo
|-damage|p2b: Manolo|0 fnt
|-damage|p1a: Incineroar|51/100|[from] item: Rocky Helmet|[of] p2b: Manolo
|faint|p2b: Manolo
|-damage|p1a: Incineroar|32/100|[from] Recoil
|
|upkeep
|
|t:|1756246979
|switch|p1b: Rillaboom|Rillaboom, L50, M|100/100
|switch|p2b: Incineroar|Incineroar, L50, M|100/100
|-ability|p2b: Incineroar|Intimidate|boost
|-unboost|p1a: Incineroar|atk|1
|-unboost|p1b: Rillaboom|atk|1
|-fieldstart|move: Grassy Terrain|[from] ability: Grassy Surge|[of] p1b: Rillaboom
|turn|3
|
|t:|1756246995
|switch|p1a: Ursaluna|Ursaluna, L50, M|100/100
|move|p2b: Incineroar|Fake Out|p1b: Rillaboom
|-damage|p1b: Rillaboom|92/100
|cant|p1b: Rillaboom|flinch
|move|p2a: Gholdengo|Make It Rain|p1b: Rillaboom|[spread] p1a,p1b
|-damage|p1a: Ursaluna|71/100
|-damage|p1b: Rillaboom|60/100
|-unboost|p2a: Gholdengo|spa|1
|
|-heal|p1b: Rillaboom|66/100|[from] Grassy Terrain
|-heal|p1a: Ursaluna|77/100|[from] Grassy Terrain
|-status|p1a: Ursaluna|brn|[from] item: Flame Orb
|upkeep
|turn|4
|
|t:|1756247033
|move|p1b: Rillaboom|Grassy Glide|p2a: Gholdengo
|-resisted|p2a: Gholdengo
|-damage|p2a: Gholdengo|86/100
|move|p2a: Gholdengo|Shadow Ball|p1a: Ursaluna
|-immune|p1a: Ursaluna
|move|p2b: Incineroar|Flare Blitz|p1b: Rillaboom
|-supereffective|p1b: Rillaboom
|-damage|p1b: Rillaboom|0 fnt
|faint|p1b: Rillaboom
|-damage|p2b: Incineroar|81/100|[from] Recoil
|move|p1a: Ursaluna|Earthquake|p2a: Gholdengo|[spread] p2a,p2b
|-supereffective|p2a: Gholdengo
|-supereffective|p2b: Incineroar
|-damage|p2a: Gholdengo|3/100
|-damage|p2b: Incineroar|20/100
|
|-heal|p2a: Gholdengo|9/100|[from] Grassy Terrain
|-heal|p2b: Incineroar|26/100|[from] Grassy Terrain
|-heal|p1a: Ursaluna|83/100 brn|[from] Grassy Terrain
|-damage|p1a: Ursaluna|77/100 brn|[from] brn
|upkeep
|
|t:|1756247053
|switch|p1b: Incineroar|Incineroar, L50, M|32/100
|-ability|p1b: Incineroar|Intimidate|boost
|-unboost|p2a: Gholdengo|atk|1
|-unboost|p2b: Incineroar|atk|1
|turn|5
|
|t:|1756247088
|move|p2a: Gholdengo|Focus Blast|p1a: Ursaluna|[miss]
|-miss|p2a: Gholdengo|p1a: Ursaluna
|move|p2b: Incineroar|Parting Shot|p1b: Incineroar
|-unboost|p1b: Incineroar|atk|1
|-unboost|p1b: Incineroar|spa|1
|
|t:|1756247095
|switch|p2b: Kommo-o|Kommo-o, L50, M|100/100|[from] Parting Shot
|move|p1b: Incineroar|Knock Off|p2a: Gholdengo
|-supereffective|p2a: Gholdengo
|-damage|p2a: Gholdengo|0 fnt
|-enditem|p2a: Gholdengo|Focus Sash|[from] move: Knock Off|[of] p1b: Incineroar
|faint|p2a: Gholdengo
|move|p1a: Ursaluna|Facade|p2b: Kommo-o
|-damage|p2b: Kommo-o|0 fnt
|faint|p2b: Kommo-o
|
|-heal|p1b: Incineroar|38/100|[from] Grassy Terrain
|-heal|p1a: Ursaluna|83/100 brn|[from] Grassy Terrain
|-damage|p1a: Ursaluna|77/100 brn|[from] brn
|upkeep
|
|t:|1756247115
|switch|p2b: Incineroar|Incineroar, L50, M|26/100
|-ability|p2b: Incineroar|Intimidate|boost
|-unboost|p1a: Ursaluna|atk|1
|-unboost|p1b: Incineroar|atk|1
|turn|6
|
|t:|1756247126
|move|p1a: Ursaluna|Protect|p1a: Ursaluna
|-singleturn|p1a: Ursaluna|Protect
|move|p2b: Incineroar|Fake Out|p1a: Ursaluna
|-activate|p1a: Ursaluna|move: Protect
|move|p1b: Incineroar|Knock Off|p2b: Incineroar
|-resisted|p2b: Incineroar
|-damage|p2b: Incineroar|17/100
|-enditem|p2b: Incineroar|Safety Goggles|[from] move: Knock Off|[of] p1b: Incineroar
|
|-heal|p2b: Incineroar|23/100|[from] Grassy Terrain
|-heal|p1b: Incineroar|44/100|[from] Grassy Terrain
|-heal|p1a: Ursaluna|83/100 brn|[from] Grassy Terrain
|-damage|p1a: Ursaluna|77/100 brn|[from] brn
|upkeep
|turn|7
|
|t:|1756247144
|move|p2b: Incineroar|Flare Blitz|p1b: Incineroar
|-resisted|p1b: Incineroar
|-damage|p1b: Incineroar|23/100
|-damage|p2b: Incineroar|16/100|[from] Recoil
|move|p1b: Incineroar|Knock Off|p2b: Incineroar
|-resisted|p2b: Incineroar
|-damage|p2b: Incineroar|10/100
|move|p1a: Ursaluna|Facade|p2b: Incineroar
|-damage|p2b: Incineroar|0 fnt
|faint|p2b: Incineroar
|
|win|TeriyakiFr
|raw|TeriyakiFr's rating: 1029 → 1073(+44 for winning)
|raw|xdi8723's rating: 1117 → 1086(-31 for losing)
