|j|☆Mariquitavoir
|j|☆Glaxx
|html|MariquitavoirGlaxx    
|uhtml|bestof|Game 1 of a best-of-3
|t:|1783006050
|gametype|doubles
|player|p1|Mariquitavoir|striker|1097
|player|p2|Glaxx|red|1057
|gen|9
|tier|[Gen 9 Champions] VGC 2026 Reg M-B (Bo3)
|rated|
|rule|Species Clause: Limit one of each Pokémon
|rule|Item Clause: Limit 1 of each item
|clearpoke
|poke|p1|Gardevoir, L50, M|
|poke|p1|Aerodactyl, L50, F|
|poke|p1|Garchomp, L50, M|
|poke|p1|Gholdengo, L50|
|poke|p1|Maushold-Four, L50|
|poke|p1|Kingambit, L50, F|
|poke|p2|Raichu, L50, M, shiny|
|poke|p2|Ceruledge, L50, M, shiny|
|poke|p2|Eelektross, L50, M, shiny|
|poke|p2|Scizor, L50, M, shiny|
|poke|p2|Espathra, L50, F, shiny|
|poke|p2|Sceptile, L50, M, shiny|
|teampreview|4
|showteam|p1|Gardevoir||Gardevoirite|Telepathy|HyperVoice,Psyshock,CalmMind,Protect|Modest||M|||50|]Aerodactyl||FocusSash|RockHead|DualWingbeat,RockSlide,Tailwind,Protect|Jolly||F|||50|]Garchomp||LifeOrb|RoughSkin|DragonClaw,Earthquake,StompingTantrum,Protect|Jolly||M|||50|]Gholdengo||MetalCoat|GoodasGold|MakeItRain,ShadowBall,NastyPlot,Protect|Modest|||||50|]Maushold-Four||WideLens|FriendGuard|FollowMe,Encore,PopulationBomb,Protect|Jolly|||||50|]Kingambit||ChopleBerry|Defiant|KowtowCleave,SuckerPunch,LowKick,Protect|Adamant||F|||50|
|showteam|p2|Raichu||ChoiceScarf|Static|DrainingKiss,DazzlingGleam,Discharge,Surf|Timid||M|||50|]Ceruledge||WhiteHerb|WeakArmor|BitterBlade,BulkUp,CloseCombat,Poltergeist|Adamant||M|||50|]Eelektross||Eelektrossite|Levitate|Coil,DragonClaw,DrainPunch,SupercellSlam|Adamant||M|||50|]Scizor||ExpertBelt|Technician|Defog,KnockOff,BulletPunch,SwordsDance|Adamant||M|||50|]Espathra||TwistedSpoon|SpeedBoost|CalmMind,LuminaCrash,DazzlingGleam,HyperVoice|Timid||F|||50|]Sceptile||Sceptilite|Unburden|DragonPulse,GigaDrain,Protect,EarthPower|Timid||M|||50|
|inactive|Battle timer is ON: inactive players will automatically lose when time's up. (requested by Glaxx)
|
|t:|1783006096
|teamsize|p1|4
|teamsize|p2|4
|start
|switch|p1a: Aerodactyl|Aerodactyl, L50, F|100/100
|switch|p1b: Gardevoir|Gardevoir, L50, M|100/100
|switch|p2a: Scizor|Scizor, L50, M, shiny|100/100
|switch|p2b: Ceruledge|Ceruledge, L50, M, shiny|100/100
|turn|1
|
|t:|1783006111
|move|p1b: Gardevoir|Protect|p1b: Gardevoir
|-singleturn|p1b: Gardevoir|Protect
|move|p1a: Aerodactyl|Rock Slide|p2b: Ceruledge|[spread] p2a,p2b
|-supereffective|p2b: Ceruledge|1
|-damage|p2a: Scizor|75/100
|-damage|p2b: Ceruledge|42/100
|-ability|p2b: Ceruledge|Weak Armor|boost
|-unboost|p2b: Ceruledge|def|1
|-boost|p2b: Ceruledge|spe|2
|-enditem|p2b: Ceruledge|White Herb
|-clearnegativeboost|p2b: Ceruledge|[silent]
|move|p2b: Ceruledge|Bulk Up|p2b: Ceruledge
|-boost|p2b: Ceruledge|atk|1
|-boost|p2b: Ceruledge|def|1
|move|p2a: Scizor|Swords Dance|p2a: Scizor
|-boost|p2a: Scizor|atk|2
|
|upkeep
|turn|2
|
|t:|1783006133
|switch|p1b: Maushold|Maushold-Four, L50|100/100
|move|p2a: Scizor|Bullet Punch|p1a: Aerodactyl
|-supereffective|p1a: Aerodactyl|1
|-enditem|p1a: Aerodactyl|Focus Sash
|-damage|p1a: Aerodactyl|1/100
|move|p2b: Ceruledge|Bitter Blade|p1b: Maushold
|-damage|p1b: Maushold|0 fnt
|-heal|p2b: Ceruledge|93/100|[from] drain|[of] p1b: Maushold
|faint|p1b: Maushold
|move|p1a: Aerodactyl|Rock Slide|p2b: Ceruledge|[spread] p2a,p2b
|-supereffective|p2b: Ceruledge|1
|-damage|p2a: Scizor|50/100g
|-damage|p2b: Ceruledge|56/100
|-ability|p2b: Ceruledge|Weak Armor|boost
|-unboost|p2b: Ceruledge|def|1
|-boost|p2b: Ceruledge|spe|2
|
|upkeep
|
|t:|1783006153
|switch|p1b: Garchomp|Garchomp, L50, M|100/100
|turn|3
|
|t:|1783006160
|move|p1a: Aerodactyl|Protect|p1a: Aerodactyl
|-singleturn|p1a: Aerodactyl|Protect
|move|p2a: Scizor|Bullet Punch|p1a: Aerodactyl
|-activate|p1a: Aerodactyl|move: Protect
|move|p2b: Ceruledge|Poltergeist|p1b: Garchomp
|-activate|p1b: Garchomp|move: Poltergeist|Life Orb
|-damage|p1b: Garchomp|7/100
|move|p1b: Garchomp|Earthquake|p2b: Ceruledge|[spread] p2a,p2b
|-activate|p1a: Aerodactyl|move: Protect
|-supereffective|p2b: Ceruledge|1
|-damage|p2a: Scizor|1/100
|-damage|p2b: Ceruledge|0 fnt
|faint|p2b: Ceruledge
|-damage|p1b: Garchomp|0 fnt|[from] item: Life Orb
|faint|p1b: Garchomp
|
|upkeep
|
|t:|1783006176
|switch|p1b: Gardevoir|Gardevoir, L50, M|100/100
|switch|p2b: Sceptile|Sceptile, L50, M, shiny|100/100
|turn|4
|
|t:|1783006185
|detailschange|p2b: Sceptile|Sceptile-Mega, L50, M, shiny
|-mega|p2b: Sceptile|Sceptile|Sceptilite
|detailschange|p1b: Gardevoir|Gardevoir-Mega, L50, M
|-mega|p1b: Gardevoir|Gardevoir|Gardevoirite
|move|p2b: Sceptile|Protect|p2b: Sceptile
|-singleturn|p2b: Sceptile|Protect
|move|p2a: Scizor|Bullet Punch|p1a: Aerodactyl
|-supereffective|p1a: Aerodactyl|1
|-damage|p1a: Aerodactyl|0 fnt
|faint|p1a: Aerodactyl
|move|p1b: Gardevoir|Hyper Voice|p2b: Sceptile|[spread] p2a
|-activate|p2b: Sceptile|move: Protect
|-resisted|p2a: Scizor|1
|-damage|p2a: Scizor|0 fnt
|faint|p2a: Scizor
|
|upkeep
|
|t:|1783006201
|switch|p2a: Raichu|Raichu, L50, M, shiny|100/100
|turn|5
|
|t:|1783006209
|move|p2a: Raichu|Discharge|p1b: Gardevoir|[spread] p1b
|-ability|p2b: Sceptile|Lightning Rod|boost
|-boost|p2b: Sceptile|spa|1
|-damage|p1b: Gardevoir|78/100
|move|p2b: Sceptile|Giga Drain|p1b: Gardevoir
|-damage|p1b: Gardevoir|25/100
|move|p1b: Gardevoir|Hyper Voice|p2a: Raichu|[spread] p2a,p2b
|-supereffective|p2b: Sceptile|1
|-damage|p2a: Raichu|18/100
|-damage|p2b: Sceptile|0 fnt
|faint|p2b: Sceptile
|
|upkeep
|turn|6
|
|t:|1783006219
|move|p2a: Raichu|Discharge|p1b: Gardevoir
|-damage|p1b: Gardevoir|1/100
|move|p1b: Gardevoir|Hyper Voice|p2a: Raichu
|-damage|p2a: Raichu|0 fnt
|faint|p2a: Raichu
|
|win|Mariquitavoir
||Mariquitavoir is ready for game 2.
|l|☆Glaxx
|player|p2|
||Glaxx is ready for game 2.
|uhtml|next|Next: Game 2 of 3
