|j|☆viatles
|j|☆Pingasman67
|html|viatlesPingasman67    
|uhtml|bestof|Game 3 of a best-of-3
|t:|1783565869
|gametype|doubles
|player|p1|viatles|hiker|1111
|player|p2|Pingasman67|170|1107
|gen|9
|tier|[Gen 9 Champions] VGC 2026 Reg M-B (Bo3)
|rated|
|rule|Species Clause: Limit one of each Pokémon
|rule|Item Clause: Limit 1 of each item
|clearpoke
|poke|p1|Beedrill, L50, F|
|poke|p1|Corviknight, L50, M|
|poke|p1|Hydreigon, L50, F|
|poke|p1|Sableye, L50, F|
|poke|p1|Talonflame, L50, M|
|poke|p1|Glimmora, L50, F|
|poke|p2|Ninetales, L50, M|
|poke|p2|Pyroar, L50, F|
|poke|p2|Whimsicott, L50, M|
|poke|p2|Sylveon, L50, M|
|poke|p2|Metagross, L50|
|poke|p2|Garchomp, L50, F|
|teampreview|4
|showteam|p1|Beedrill||Beedrillite|Sniper|Uturn,DrillRun,PoisonJab,Protect|Jolly||F|||50|]Corviknight||Leftovers|MirrorArmor|BodyPress,BraveBird,IronHead,Roost|Impish||M|||50|]Hydreigon||ChoiceScarf|Levitate|DracoMeteor,DarkPulse,HeatWave,EarthPower|Modest||F|||50|]Sableye||RoseliBerry|Prankster|FakeOut,FoulPlay,RainDance,Quash|Sassy||F|||50|]Talonflame||SharpBeak|GaleWings|DualWingbeat,Tailwind,Protect,WillOWisp|Jolly||M|||50|]Glimmora||FocusSash|ToxicDebris|PowerGem,SludgeBomb,EarthPower,SpikyShield|Modest||F|||50|
|showteam|p2|Ninetales||ChoiceScarf|Drought|WeatherBall,HeatWave,SolarBeam,FakeTears|Modest||M|||50|]Pyroar||Pyroarite|Unnerve|HeatWave,SolarBeam,Overheat,Protect|Timid||F|||50|]Whimsicott||FocusSash|Prankster|Moonblast,SunnyDay,Tailwind,Protect|Timid||M|||50|]Sylveon||FairyFeather|Pixilate|HyperBeam,HyperVoice,QuickAttack,Detect|Modest||M|||50|]Metagross||Metagrossite|ClearBody|IronHead,RockSlide,BodyPress,Protect|Jolly|||||50|]Garchomp||LifeOrb|RoughSkin|StompingTantrum,RockSlide,DragonClaw,Protect|Jolly||F|||50|
|inactive|Battle timer is ON: inactive players will automatically lose when time's up. (requested by viatles)
|inactive|Pingasman67 has 60 seconds left.
|
|t:|1783565916
|teamsize|p1|4
|teamsize|p2|4
|start
|switch|p1a: Talonflame|Talonflame, L50, M|100/100
|switch|p1b: Glimmora|Glimmora, L50, F|100/100
|switch|p2a: Whimsicott|Whimsicott, L50, M|100/100
|switch|p2b: Garchomp|Garchomp, L50, F|100/100
|turn|1
|inactive|viatles has 30 seconds left.
|
|t:|1783565947
|move|p2a: Whimsicott|Protect|p2a: Whimsicott
|-singleturn|p2a: Whimsicott|Protect
|move|p1a: Talonflame|Protect|p1a: Talonflame
|-singleturn|p1a: Talonflame|Protect
|move|p2b: Garchomp|Rock Slide|p1a: Talonflame|[spread] p1b
|-activate|p1a: Talonflame|move: Protect
|-damage|p1b: Glimmora|68/100
|-activate|p1b: Glimmora|ability: Toxic Debris
|-sidestart|p2: Pingasman67|move: Toxic Spikes
|-damage|p2b: Garchomp|90/100|[from] item: Life Orb
|cant|p1b: Glimmora|flinch
|
|upkeep
|turn|2
|
|t:|1783565967
|move|p1a: Talonflame|Dual Wingbeat|p2a: Whimsicott
|-supereffective|p2a: Whimsicott|1
|-damage|p2a: Whimsicott|41/100
|-supereffective|p2a: Whimsicott|1
|-damage|p2a: Whimsicott|0 fnt
|faint|p2a: Whimsicott
|-hitcount|p2: Whimsicott|2
|move|p2b: Garchomp|Rock Slide|p1b: Glimmora|[spread] p1a,p1b
|-supereffective|p1a: Talonflame|2
|-damage|p1a: Talonflame|0 fnt
|-damage|p1b: Glimmora|36/100
|-activate|p1b: Glimmora|ability: Toxic Debris
|-sidestart|p2: Pingasman67|move: Toxic Spikes
|faint|p1a: Talonflame
|-damage|p2b: Garchomp|80/100|[from] item: Life Orb
|move|p1b: Glimmora|Power Gem|p2b: Garchomp
|-resisted|p2b: Garchomp|1
|-damage|p2b: Garchomp|55/100
|
|upkeep
|
|t:|1783565987
|switch|p1a: Beedrill|Beedrill, L50, F|100/100
|switch|p2a: Ninetales|Ninetales, L50, M|100/100
|-status|p2a: Ninetales|tox
|-weather|SunnyDay|[from] ability: Drought|[of] p2a: Ninetales
|turn|3
|
|t:|1783566005
|detailschange|p1a: Beedrill|Beedrill-Mega, L50, F
|-mega|p1a: Beedrill|Beedrill|Beedrillite
|move|p1a: Beedrill|Protect|p1a: Beedrill
|-singleturn|p1a: Beedrill|Protect
|move|p1b: Glimmora|Spiky Shield|p1b: Glimmora
|-singleturn|p1b: Glimmora|move: Protect
|move|p2a: Ninetales|Heat Wave|p1a: Beedrill|[spread] 
|-activate|p1a: Beedrill|move: Protect
|-activate|p1b: Glimmora|move: Protect
|move|p2b: Garchomp|Rock Slide|p1b: Glimmora|[spread] 
|-activate|p1a: Beedrill|move: Protect
|-activate|p1b: Glimmora|move: Protect
|
|-weather|SunnyDay|[upkeep]
|-damage|p2a: Ninetales|93/100 tox|[from] psn
|upkeep
|turn|4
|
|t:|1783566029
|switch|p1a: Hydreigon|Hydreigon, L50, F|100/100
|move|p2a: Ninetales|Heat Wave|p1a: Hydreigon|[spread] p1a
|-miss|p2a: Ninetales|p1b: Glimmora
|-resisted|p1a: Hydreigon|1
|-damage|p1a: Hydreigon|72/100
|move|p2b: Garchomp|Rock Slide|p1a: Hydreigon|[spread] p1a,p1b
|-damage|p1a: Hydreigon|40/100
|-damage|p1b: Glimmora|6/100
|-damage|p2b: Garchomp|45/100|[from] item: Life Orb
|move|p1b: Glimmora|Earth Power|p2b: Garchomp
|-damage|p2b: Garchomp|10/100
|
|-weather|SunnyDay|[upkeep]
|-damage|p2a: Ninetales|81/100 tox|[from] psn
|upkeep
|turn|5
|
|t:|1783566054
|move|p2a: Ninetales|Heat Wave|p1a: Hydreigon|[spread] p1a
|-miss|p2a: Ninetales|p1b: Glimmora
|-resisted|p1a: Hydreigon|1
|-damage|p1a: Hydreigon|15/100
|move|p1a: Hydreigon|Heat Wave|p2a: Ninetales|[spread] p2a,p2b
|-resisted|p2a: Ninetales|1
|-resisted|p2b: Garchomp|1
|-damage|p2a: Ninetales|57/100 tox
|-damage|p2b: Garchomp|0 fnt
|faint|p2b: Garchomp
|move|p1b: Glimmora|Power Gem|p2a: Ninetales
|-supereffective|p2a: Ninetales|1
|-damage|p2a: Ninetales|0 fnt
|faint|p2a: Ninetales
|
|-weather|SunnyDay|[upkeep]
|upkeep
|
|t:|1783566061
|switch|p2b: Pyroar|Pyroar, L50, F|100/100
|-ability|p2b: Pyroar|Unnerve
|-status|p2b: Pyroar|tox
|turn|6
|
|t:|1783566075
|detailschange|p2b: Pyroar|Pyroar-Mega, L50, F
|-mega|p2b: Pyroar|Pyroar|Pyroarite
|move|p1a: Hydreigon|Heat Wave|p2b: Pyroar
|-resisted|p2b: Pyroar|1
|-damage|p2b: Pyroar|68/100 tox
|move|p2b: Pyroar|Heat Wave|p1b: Glimmora|[spread] p1a,p1b
|-resisted|p1a: Hydreigon|1
|-resisted|p1b: Glimmora|1
|-damage|p1a: Hydreigon|0 fnt
|-damage|p1b: Glimmora|0 fnt
|faint|p1a: Hydreigon
|faint|p1b: Glimmora
|
|-weather|SunnyDay|[upkeep]
|-damage|p2b: Pyroar|62/100 tox|[from] psn
|upkeep
|
|t:|1783566088
|switch|p1b: Beedrill|Beedrill-Mega, L50, F|100/100
|turn|7
|
|t:|1783566091
|move|p1b: Beedrill|Protect|p1b: Beedrill
|-singleturn|p1b: Beedrill|Protect
|move|p2b: Pyroar|Overheat|p1b: Beedrill
|-activate|p1b: Beedrill|move: Protect
|
|-weather|none
|-damage|p2b: Pyroar|50/100g tox|[from] psn
|upkeep
|turn|8
|
|t:|1783566100
|move|p1b: Beedrill|Poison Jab|p2b: Pyroar
|-damage|p2b: Pyroar|0 fnt
|faint|p2b: Pyroar
|
|win|viatles
|raw|viatles's rating: 1111 → 1136(+25 for winning)
|raw|Pingasman67's rating: 1107 → 1082(-25 for losing)
|c|☆viatles|ggs wp
