|j|☆A_TerroneVGC
|j|☆KingDom1992
|html|A_TerroneVGCKingDom1992    
|uhtml|bestof|Game 2 of a best-of-3
|t:|1756658400
|gametype|doubles
|player|p1|A_TerroneVGC|102|1166
|player|p2|KingDom1992|brock|1194
|gen|9
|tier|[Gen 9] VGC 2025 Reg H (Bo3)
|rated|
|rule|Species Clause: Limit one of each Pokémon
|rule|Item Clause: Limit 1 of each item
|clearpoke
|poke|p1|Toedscruel, L50, M|
|poke|p1|Weezing-Galar, L50, M|
|poke|p1|Corviknight, L50, M|
|poke|p1|Pawmot, L50, M|
|poke|p1|Garchomp, L50, M|
|poke|p1|Typhlosion-Hisui, L50, M|
|poke|p2|Gholdengo, L50|
|poke|p2|Sneasler, L50, M|
|poke|p2|Incineroar, L50, M|
|poke|p2|Amoonguss, L50, F|
|poke|p2|Dragonite, L50, F|
|poke|p2|Ursaluna-Bloodmoon, L50, M|
|teampreview|4
|showteam|p1|Toedscruel||CovertCloak|MyceliumMight|EarthPower,AcidSpray,Spore,RagePowder|||M|||50|,,,,,Water]Weezing-Galar||ChoiceSpecs|NeutralizingGas|SludgeBomb,StrangeSteam,Flamethrower,DazzlingGleam|||M|||50|,,,,,Fire]Corviknight||SitrusBerry|MirrorArmor|BraveBird,Roost,Tailwind,Protect|||M|||50|,,,,,Dragon]Pawmot||FocusSash|NaturalCure|DoubleShock,CloseCombat,FakeOut,Protect|||M|||50|,,,,,Electric]Garchomp||LifeOrb|RoughSkin|DragonClaw,StompingTantrum,Earthquake,Protect|||M|||50|,,,,,Ground]Typhlosion-Hisui||ChoiceScarf|Blaze|Eruption,ShadowBall,HeatWave,SleepTalk|||M|||50|,,,,,Fire
|showteam|p2|Gholdengo||LifeOrb|GoodasGold|MakeItRain,ShadowBall,NastyPlot,Protect||||||50|,,,,,Water]Sneasler||FocusSash|PoisonTouch|FakeOut,CloseCombat,DireClaw,Protect|||M|||50|,,,,,Stellar]Incineroar||SafetyGoggles|Intimidate|FakeOut,FlareBlitz,KnockOff,PartingShot|||M|||50|,,,,,Ghost]Amoonguss||SitrusBerry|Regenerator|Spore,RagePowder,PollenPuff,Protect|||F|||50|,,,,,Water]Dragonite||LoadedDice|Multiscale|ScaleShot,Haze,Tailwind,ExtremeSpeed|||F|||50|,,,,,Fairy]Ursaluna-Bloodmoon||AssaultVest|MindsEye|HyperVoice,BloodMoon,EarthPower,VacuumWave|||M|||50|,,,,,Normal
|inactive|Battle timer is ON: inactive players will automatically lose when time's up. (requested by KingDom1992)
|
|t:|1756658428
|teamsize|p1|4
|teamsize|p2|4
|start
|switch|p1a: Toedscruel|Toedscruel, L50, M|100/100
|switch|p1b: Weezing|Weezing-Galar, L50, M|100/100
|switch|p2a: Gholdengo|Gholdengo, L50|100/100
|switch|p2b: Incineroar|Incineroar, L50, M, shiny|100/100
|-ability|p1b: Weezing|Neutralizing Gas
|turn|1
|
|t:|1756658449
|move|p2a: Gholdengo|Protect|p2a: Gholdengo
|-singleturn|p2a: Gholdengo|Protect
|move|p1a: Toedscruel|Spore|p2a: Gholdengo
|-activate|p2a: Gholdengo|move: Protect
|move|p1b: Weezing|Dazzling Gleam|p2b: Incineroar|[spread] p2b
|-activate|p2a: Gholdengo|move: Protect
|-damage|p2b: Incineroar|78/100
|move|p2b: Incineroar|Knock Off|p1a: Toedscruel
|-damage|p1a: Toedscruel|50/100
|-enditem|p1a: Toedscruel|Covert Cloak|[from] move: Knock Off|[of] p2b: Incineroar
|
|upkeep
|turn|2
|
|t:|1756658471
|-terastallize|p1a: Toedscruel|Water
|move|p1a: Toedscruel|Spore|p2a: Gholdengo
|-status|p2a: Gholdengo|slp|[from] move: Spore
|cant|p2a: Gholdengo|slp
|move|p1b: Weezing|Dazzling Gleam|p2a: Gholdengo|[spread] p2a,p2b
|-resisted|p2a: Gholdengo
|-damage|p2a: Gholdengo|80/100 slp
|-damage|p2b: Incineroar|55/100
|move|p2b: Incineroar|Parting Shot|p1a: Toedscruel
|-unboost|p1a: Toedscruel|atk|1
|-unboost|p1a: Toedscruel|spa|1
|
|t:|1756658488
|switch|p2b: Dragonite|Dragonite, L50, F|100/100|[from] Parting Shot
|
|upkeep
|turn|3
|
|t:|1756658496
|switch|p2b: Incineroar|Incineroar, L50, M, shiny|55/100
|move|p1a: Toedscruel|Spore|p2b: Incineroar
|-activate|p2b: Incineroar|item: Safety Goggles|Spore
|cant|p2a: Gholdengo|slp
|move|p1b: Weezing|Dazzling Gleam|p2b: Incineroar|[spread] p2a,p2b
|-resisted|p2a: Gholdengo
|-crit|p2b: Incineroar
|-damage|p2a: Gholdengo|61/100 slp
|-damage|p2b: Incineroar|17/100
|
|upkeep
|turn|4
|
|t:|1756658514
|move|p2b: Incineroar|Fake Out|p1a: Toedscruel
|-damage|p1a: Toedscruel|36/100
|cant|p1a: Toedscruel|flinch
|cant|p2a: Gholdengo|slp
|move|p1b: Weezing|Dazzling Gleam|p2b: Incineroar|[spread] p2a,p2b
|-resisted|p2a: Gholdengo
|-damage|p2a: Gholdengo|40/100 slp
|-damage|p2b: Incineroar|0 fnt
|faint|p2b: Incineroar
|
|upkeep
|
|t:|1756658527
|switch|p2b: Dragonite|Dragonite, L50, F|100/100
|turn|5
|
|t:|1756658539
|move|p1a: Toedscruel|Acid Spray|p2b: Dragonite
|-damage|p2b: Dragonite|95/100
|-unboost|p2b: Dragonite|spd|2
|-curestatus|p2a: Gholdengo|slp|[msg]
|move|p2a: Gholdengo|Make It Rain|p1a: Toedscruel|[spread] p1a,p1b
|-resisted|p1a: Toedscruel
|-supereffective|p1b: Weezing
|-damage|p1a: Toedscruel|12/100
|-damage|p1b: Weezing|0 fnt
|-unboost|p2a: Gholdengo|spa|1
|faint|p1b: Weezing
|-end|p1b: Weezing|ability: Neutralizing Gas
|-damage|p2a: Gholdengo|31/100|[from] item: Life Orb
|move|p2b: Dragonite|Scale Shot|p1a: Toedscruel
|-damage|p1a: Toedscruel|0 fnt
|faint|p1a: Toedscruel
|-hitcount|p1: Toedscruel|1
|-unboost|p2b: Dragonite|def|1
|-boost|p2b: Dragonite|spe|1
|
|upkeep
|
|t:|1756658557
|switch|p1a: Typhlosion|Typhlosion-Hisui, L50, M|100/100
|switch|p1b: Garchomp|Garchomp, L50, M|100/100
|turn|6
|
|t:|1756658577
|move|p2a: Gholdengo|Protect|p2a: Gholdengo
|-singleturn|p2a: Gholdengo|Protect
|move|p1a: Typhlosion|Shadow Ball|p2b: Dragonite
|-damage|p2b: Dragonite|0 fnt
|faint|p2b: Dragonite
|move|p1b: Garchomp|Stomping Tantrum|p2a: Gholdengo
|-activate|p2a: Gholdengo|move: Protect
|
|upkeep
|
|t:|1756658588
|switch|p2b: Ursaluna|Ursaluna-Bloodmoon, L50, M|100/100
|turn|7
|
|t:|1756658605
|-terastallize|p2b: Ursaluna|Normal
|move|p1a: Typhlosion|Shadow Ball|p2a: Gholdengo
|-supereffective|p2a: Gholdengo
|-damage|p2a: Gholdengo|0 fnt
|faint|p2a: Gholdengo
|move|p1b: Garchomp|Dragon Claw|p2b: Ursaluna
|-damage|p2b: Ursaluna|58/100
|-damage|p1b: Garchomp|91/100|[from] item: Life Orb
|move|p2b: Ursaluna|Blood Moon|p1b: Garchomp
|-damage|p1b: Garchomp|0 fnt
|faint|p1b: Garchomp
|
|upkeep
|turn|8
|
|t:|1756658618
|move|p1a: Typhlosion|Shadow Ball|p2b: Ursaluna
|-immune|p2b: Ursaluna
|move|p2b: Ursaluna|Hyper Voice|p1a: Typhlosion
|-damage|p1a: Typhlosion|4/100
|
|upkeep
|turn|9
|
|t:|1756658626
|move|p2b: Ursaluna|Vacuum Wave|p1a: Typhlosion
|-damage|p1a: Typhlosion|0 fnt
|faint|p1a: Typhlosion
|
|win|KingDom1992
||A_TerroneVGC is ready for game 3.
||KingDom1992 is ready for game 3.
|uhtml|next|Next: Game 3 of 3
