|j|☆EmekaD
|j|☆lux raymundi
|html|EmekaDlux raymundi    
|uhtml|bestof|Game 3 of a best-of-3
|t:|1782250191
|gametype|doubles
|player|p1|EmekaD|alain|1055
|player|p2|lux raymundi|169|1142
|gen|9
|tier|[Gen 9 Champions] VGC 2026 Reg M-B (Bo3)
|rated|
|rule|Species Clause: Limit one of each Pokémon
|rule|Item Clause: Limit 1 of each item
|clearpoke
|poke|p1|Lycanroc-Dusk, L50, M|
|poke|p1|Sneasler, L50, F|
|poke|p1|Scovillain, L50, F|
|poke|p1|Basculegion, L50, M|
|poke|p1|Froslass, L50, F|
|poke|p1|Kingambit, L50, F|
|poke|p2|Pelipper, L50, F|
|poke|p2|Swampert, L50, F|
|poke|p2|Basculegion, L50, M|
|poke|p2|Incineroar, L50, M|
|poke|p2|Floette-Eternal, L50, F|
|poke|p2|Archaludon, L50, M|
|teampreview|4
|showteam|p1|Lycanroc-Dusk||FocusSash|ToughClaws|RockSlide,CloseCombat,Accelerock,Protect|Adamant||M|||50|]Sneasler||WhiteHerb|Unburden|CloseCombat,GunkShot,FakeOut,Protect|Jolly||F|||50|]Scovillain||Scovillainite|Moody|Overheat,GigaDrain,RagePowder,Protect|Bold||F|||50|]Basculegion||SitrusBerry|Adaptability|WaveCrash,LastRespects,AquaJet,Protect|Adamant||M|||50|]Froslass||Froslassite|SnowCloak|Blizzard,ShadowBall,AuroraVeil,Protect|Modest||F|||50|]Kingambit||BlackGlasses|Defiant|KowtowCleave,SuckerPunch,SwordsDance,Protect|Adamant||F|||50|
|showteam|p2|Pelipper||FocusSash|Drizzle|WeatherBall,Tailwind,Hurricane,WideGuard|Modest||F|||50|]Swampert||Swampertite|Torrent|WaveCrash,Earthquake,HighHorsepower,Protect|Adamant||F|||50|]Basculegion||ChoiceScarf|Adaptability|WaveCrash,FlipTurn,LastRespects,AquaJet|Jolly||M|||50|]Incineroar||SitrusBerry|Intimidate|FakeOut,ThroatChop,WillOWisp,PartingShot|Serious||M|||50|]Floette-Eternal||Floettite|FlowerVeil|CalmMind,DrainingKiss,Moonblast,Protect|Modest||F|||50|]Archaludon||Leftovers|Stamina|ElectroShot,DragonPulse,FlashCannon,Protect|Modest||M|||50|
|inactive|Battle timer is ON: inactive players will automatically lose when time's up. (requested by EmekaD)
|
|t:|1782250212
|teamsize|p1|4
|teamsize|p2|4
|start
|switch|p1a: Sneasler|Sneasler, L50, F|100/100
|switch|p1b: Basculegion|Basculegion, L50, M|100/100
|switch|p2a: Pelipper|Pelipper, L50, F|100/100
|switch|p2b: Swampert|Swampert, L50, F|100/100
|-weather|RainDance|[from] ability: Drizzle|[of] p2a: Pelipper
|turn|1
|inactive|EmekaD has 30 seconds left.
|inactive|lux raymundi has 30 seconds left.
|
|t:|1782250242
|switch|p2a: Archaludon|Archaludon, L50, M|100/100
|detailschange|p2b: Swampert|Swampert-Mega, L50, F
|-mega|p2b: Swampert|Swampert|Swampertite
|move|p2b: Swampert|High Horsepower|p1a: Sneasler
|-supereffective|p1a: Sneasler|1
|-damage|p1a: Sneasler|0 fnt
|faint|p1a: Sneasler
|move|p1b: Basculegion|Wave Crash|p2a: Archaludon
|-resisted|p2a: Archaludon|1
|-damage|p2a: Archaludon|61/100
|-ability|p2a: Archaludon|Stamina|boost
|-boost|p2a: Archaludon|def|1
|-damage|p1b: Basculegion|88/100|[from] Recoil
|
|-weather|RainDance|[upkeep]
|-heal|p2a: Archaludon|67/100|[from] item: Leftovers
|upkeep
|
|t:|1782250257
|switch|p1a: Froslass|Froslass, L50, F|100/100
|turn|2
|
|t:|1782250276
|switch|p1b: Scovillain|Scovillain, L50, F|100/100
|detailschange|p1a: Froslass|Froslass-Mega, L50, F
|-mega|p1a: Froslass|Froslass|Froslassite
|-weather|Snowscape|[from] ability: Snow Warning|[of] p1a: Froslass
|move|p1a: Froslass|Aurora Veil|p1a: Froslass
|-sidestart|p1: EmekaD|move: Aurora Veil
|move|p2a: Archaludon|Flash Cannon|p1a: Froslass
|-supereffective|p1a: Froslass|1
|-damage|p1a: Froslass|40/100
|move|p2b: Swampert|High Horsepower|p1b: Scovillain
|-damage|p1b: Scovillain|58/100
|
|-weather|Snowscape|[upkeep]
|-heal|p2a: Archaludon|73/100|[from] item: Leftovers
|-ability|p1b: Scovillain|Moody|boost
|-boost|p1b: Scovillain|spd|2
|-unboost|p1b: Scovillain|spe|1
|upkeep
|turn|3
|
|t:|1782250296
|switch|p1a: Basculegion|Basculegion, L50, M|88/100
|switch|p2a: Pelipper|Pelipper, L50, F|100/100
|-weather|RainDance|[from] ability: Drizzle|[of] p2a: Pelipper
|move|p1b: Scovillain|Protect|p1b: Scovillain
|-singleturn|p1b: Scovillain|Protect
|move|p2b: Swampert|Wave Crash|p1a: Basculegion
|-resisted|p1a: Basculegion|1
|-damage|p1a: Basculegion|59/100
|-damage|p2b: Swampert|90/100|[from] Recoil
|
|-weather|RainDance|[upkeep]
|-ability|p1b: Scovillain|Moody|boost
|-boost|p1b: Scovillain|spd|2
|-unboost|p1b: Scovillain|spa|1
|upkeep
|turn|4
|
|t:|1782250318
|move|p2b: Swampert|Wave Crash|p1b: Scovillain
|-damage|p1b: Scovillain|0 fnt
|faint|p1b: Scovillain
|-damage|p2b: Swampert|74/100|[from] Recoil
|move|p1a: Basculegion|Wave Crash|p2b: Swampert
|-damage|p2b: Swampert|0 fnt
|faint|p2b: Swampert
|-damage|p1a: Basculegion|35/100|[from] Recoil
|-enditem|p1a: Basculegion|Sitrus Berry|[eat]
|-heal|p1a: Basculegion|60/100|[from] item: Sitrus Berry
|move|p2a: Pelipper|Tailwind|p2a: Pelipper
|-sidestart|p2: lux raymundi|move: Tailwind
|
|-weather|RainDance|[upkeep]
|upkeep
|
|t:|1782250324
|switch|p1b: Froslass|Froslass-Mega, L50, F|40/100
|switch|p2b: Basculegion|Basculegion, L50, M|100/100
|-weather|Snowscape|[from] ability: Snow Warning|[of] p1b: Froslass
|turn|5
|
|t:|1782250337
|switch|p2a: Archaludon|Archaludon, L50, M|73/100
|move|p1b: Froslass|Protect|p1b: Froslass
|-singleturn|p1b: Froslass|Protect
|move|p2b: Basculegion|Flip Turn|p1b: Froslass
|-activate|p1b: Froslass|move: Protect
|move|p1a: Basculegion|Last Respects|p2b: Basculegion
|-supereffective|p2b: Basculegion|1
|-damage|p2b: Basculegion|0 fnt
|faint|p2b: Basculegion
|
|-weather|Snowscape|[upkeep]
|-heal|p2a: Archaludon|79/100|[from] item: Leftovers
|upkeep
|
|t:|1782250342
|switch|p2b: Pelipper|Pelipper, L50, F|100/100
|-weather|RainDance|[from] ability: Drizzle|[of] p2b: Pelipper
|turn|6
|
|t:|1782250353
|move|p2a: Archaludon|Electro Shot||[still]
|-prepare|p2a: Archaludon|Electro Shot
|-boost|p2a: Archaludon|spa|1
|-anim|p2a: Archaludon|Electro Shot|p1a: Basculegion
|-supereffective|p1a: Basculegion|1
|-damage|p1a: Basculegion|0 fnt
|faint|p1a: Basculegion
|move|p2b: Pelipper|Weather Ball|p1b: Froslass
|-damage|p1b: Froslass|0 fnt
|faint|p1b: Froslass
|
|win|lux raymundi
|raw|EmekaD's rating: 1055 → 1041(-14 for losing)
|raw|lux raymundi's rating: 1142 → 1161(+19 for winning)
