|j|☆orizor
|j|☆ScrewSalesman
|html|orizorScrewSalesman    
|uhtml|bestof|Game 2 of a best-of-3
|t:|1756512480
|gametype|doubles
|player|p1|orizor|170|1228
|player|p2|ScrewSalesman|cynthia-gen4|1216
|gen|9
|tier|[Gen 9] VGC 2025 Reg H (Bo3)
|rated|
|rule|Species Clause: Limit one of each Pokémon
|rule|Item Clause: Limit 1 of each item
|clearpoke
|poke|p1|Incineroar, L50, F|
|poke|p1|Farigiraf, L50, M|
|poke|p1|Dragapult, L50, F|
|poke|p1|Ursaluna-Bloodmoon, L50, M|
|poke|p1|Kingambit, L50, F|
|poke|p1|Ninetales-Alola, L50, F|
|poke|p2|Porygon2, L50|
|poke|p2|Incineroar, L50, M|
|poke|p2|Ursaluna, L50, M|
|poke|p2|Jumpluff, L50, M|
|poke|p2|Charizard, L50, M|
|poke|p2|Torkoal, L50, F|
|teampreview|4
|showteam|p1|Incineroar||MirrorHerb|Intimidate|FlareBlitz,KnockOff,PartingShot,FakeOut|||F|||50|,,,,,Grass]Farigiraf||ThroatSpray|ArmorTail|HyperVoice,Psychic,TrickRoom,Protect|||M|||50|,,,,,Fairy]Dragapult||ChoiceBand|ClearBody|DragonDarts,TeraBlast,Uturn,PhantomForce|||F|||50|,,,,,Ghost]Ursaluna-Bloodmoon||LifeOrb|MindsEye|BloodMoon,HyperVoice,EarthPower,Protect|||M|||50|,,,,,Normal]Kingambit||AssaultVest|Defiant|KowtowCleave,SuckerPunch,IronHead,LowKick|||F|||50|,,,,,Dark]Ninetales-Alola||FocusSash|SnowWarning|Blizzard,Moonblast,AuroraVeil,Protect|||F|||50|,,,,,Ghost
|showteam|p2|Porygon2||Eviolite|Download|TeraBlast,IceBeam,TrickRoom,Recover||||||50|,,,,,Fighting]Incineroar||SitrusBerry|Intimidate|FakeOut,KnockOff,FlareBlitz,PartingShot|||M|||50|,,,,,Ghost]Ursaluna||FlameOrb|Guts|HeadlongRush,Facade,Earthquake,Protect|||M|||50|,,,,,Ghost]Jumpluff||CovertCloak|Chlorophyll|RagePowder,SunnyDay,Tailwind,SleepPowder|||M|||50|,,,,,Water]Charizard||ChoiceSpecs|SolarPower|HeatWave,Overheat,WeatherBall,DragonPulse|||M|||50|,,,,,Ghost]Torkoal||EjectPack|Drought|Overheat,Eruption,HelpingHand,Protect|||F|||50|,,,,,Fire
|inactive|Battle timer is ON: inactive players will automatically lose when time's up. (requested by ScrewSalesman)
|j| mirokartlivehc
|inactive|ScrewSalesman has 60 seconds left.
|
|t:|1756512512
|teamsize|p1|4
|teamsize|p2|4
|start
|switch|p1a: Dragapult|Dragapult, L50, F|100/100
|switch|p1b: Kingambit|Kingambit, L50, F|100/100
|switch|p2a: Porygon2|Porygon2, L50, shiny|100/100
|switch|p2b: Torkoal|Torkoal, L50, F|100/100
|-ability|p2a: Porygon2|Download|boost
|-boost|p2a: Porygon2|spa|1
|-weather|SunnyDay|[from] ability: Drought|[of] p2b: Torkoal
|turn|1
|inactive|orizor has 30 seconds left.
|
|t:|1756512543
|-terastallize|p1b: Kingambit|Dark
|move|p1a: Dragapult|Dragon Darts|p2a: Porygon2
|-damage|p2a: Porygon2|77/100
|-anim|p1a: Dragapult|Dragon Darts|p2b: Torkoal
|-damage|p2b: Torkoal|68/100
|move|p1b: Kingambit|Kowtow Cleave|p2a: Porygon2
|-damage|p2a: Porygon2|37/100
|move|p2b: Torkoal|Overheat|p1b: Kingambit
|-damage|p1b: Kingambit|50/100
|-unboost|p2b: Torkoal|spa|2
|-enditem|p2b: Torkoal|Eject Pack
|
|t:|1756512554
|switch|p2b: Ursaluna|Ursaluna, L50, M|100/100
|move|p2a: Porygon2|Trick Room|p2a: Porygon2
|-fieldstart|move: Trick Room|[of] p2a: Porygon2
|
|-weather|SunnyDay|[upkeep]
|-status|p2b: Ursaluna|brn|[from] item: Flame Orb
|upkeep
|turn|2
|
|t:|1756512569
|switch|p1b: Incineroar|Incineroar, L50, F|100/100
|-ability|p1b: Incineroar|Intimidate|boost
|-unboost|p2a: Porygon2|atk|1
|-unboost|p2b: Ursaluna|atk|1
|-terastallize|p2a: Porygon2|Fighting
|move|p2a: Porygon2|Tera Blast|p1b: Incineroar|[anim] Tera Blast Fighting
|-supereffective|p1b: Incineroar
|-damage|p1b: Incineroar|11/100
|move|p2b: Ursaluna|Headlong Rush|p1a: Dragapult
|-damage|p1a: Dragapult|4/100
|-unboost|p2b: Ursaluna|def|1
|-unboost|p2b: Ursaluna|spd|1
|move|p1a: Dragapult|Dragon Darts|p2a: Porygon2
|-damage|p2a: Porygon2|12/100
|-anim|p1a: Dragapult|Dragon Darts|p2b: Ursaluna
|-damage|p2b: Ursaluna|56/100 brn
|
|-weather|SunnyDay|[upkeep]
|-damage|p2b: Ursaluna|50/100 brn|[from] brn
|upkeep
|turn|3
|inactive|orizor has 30 seconds left.
|inactive|ScrewSalesman has 30 seconds left.
|inactive|orizor has 20 seconds left.
|inactive|orizor has 15 seconds left.
|inactive|orizor has 10 seconds left.
|
|t:|1756512619
|switch|p2b: Torkoal|Torkoal, L50, F|68/100
|switch|p1a: Kingambit|Kingambit, L50, F, tera:Dark|50/100
|move|p1b: Incineroar|Flare Blitz|p2a: Porygon2
|-damage|p2a: Porygon2|0 fnt
|faint|p2a: Porygon2
|-damage|p1b: Incineroar|8/100|[from] Recoil
|
|-weather|SunnyDay|[upkeep]
|upkeep
|
|t:|1756512629
|switch|p2a: Ursaluna|Ursaluna, L50, M|50/100 brn
|turn|4
|
|t:|1756512643
|move|p1a: Kingambit|Sucker Punch|p2b: Torkoal
|-damage|p2b: Torkoal|26/100
|move|p2b: Torkoal|Eruption|p1b: Incineroar|[spread] p1a,p1b
|-resisted|p1b: Incineroar
|-damage|p1a: Kingambit|38/100
|-damage|p1b: Incineroar|0 fnt
|faint|p1b: Incineroar
|move|p2a: Ursaluna|Facade|p1a: Kingambit
|-damage|p1a: Kingambit|0 fnt
|faint|p1a: Kingambit
|
|-weather|SunnyDay|[upkeep]
|-damage|p2a: Ursaluna|44/100 brn|[from] brn
|upkeep
|
|t:|1756512648
|switch|p1a: Ninetales|Ninetales-Alola, L50, F|100/100
|switch|p1b: Dragapult|Dragapult, L50, F|4/100
|-weather|Snowscape|[from] ability: Snow Warning|[of] p1a: Ninetales
|turn|5
|
|t:|1756512671
|switch|p2b: Charizard|Charizard, L50, M, shiny|100/100
|move|p2a: Ursaluna|Headlong Rush|p1b: Dragapult
|-damage|p1b: Dragapult|0 fnt
|-unboost|p2a: Ursaluna|def|1
|-unboost|p2a: Ursaluna|spd|1
|faint|p1b: Dragapult
|move|p1a: Ninetales|Blizzard|p2b: Charizard|[spread] p2a,p2b
|-supereffective|p2a: Ursaluna
|-damage|p2a: Ursaluna|0 fnt
|-damage|p2b: Charizard|59/100
|faint|p2a: Ursaluna
|
|-weather|Snowscape|[upkeep]
|-fieldend|move: Trick Room
|upkeep
|
|t:|1756512679
|switch|p2a: Torkoal|Torkoal, L50, F|26/100
|-weather|SunnyDay|[from] ability: Drought|[of] p2a: Torkoal
|turn|6
|
|t:|1756512689
|move|p1a: Ninetales|Moonblast|p2a: Torkoal
|-resisted|p2a: Torkoal
|-damage|p2a: Torkoal|4/100
|move|p2b: Charizard|Weather Ball|p1a: Ninetales
|-supereffective|p1a: Ninetales
|-enditem|p1a: Ninetales|Focus Sash
|-damage|p1a: Ninetales|1/100
|move|p2a: Torkoal|Overheat|p1a: Ninetales
|-supereffective|p1a: Ninetales
|-damage|p1a: Ninetales|0 fnt
|-unboost|p2a: Torkoal|spa|2
|faint|p1a: Ninetales
|
|win|ScrewSalesman
||ScrewSalesman is ready for game 3.
|inactive|orizor has 30 seconds to confirm battle start!
|l|☆orizor
|player|p1|
|j|☆orizor
|player|p1|orizor|170|
||orizor is ready for game 3.
|uhtml|next|Next: Game 3 of 3
|l|☆orizor
|player|p1|
|l| mirokartlivehc
