|j|☆SleepD2
|j|☆d1mo22
|html|SleepD2d1mo22    
|uhtml|bestof|Game 2 of a best-of-3
|t:|1785260139
|gametype|doubles
|player|p1|SleepD2|265|1349
|player|p2|d1mo22|skier|1326
|gen|9
|tier|[Gen 9 Champions] VGC 2026 Reg M-B (Bo3)
|rated|
|rule|Species Clause: Limit one of each Pokémon
|rule|Item Clause: Limit 1 of each item
|clearpoke
|poke|p1|Kommo-o, L50, F|
|poke|p1|Gardevoir, L50, F|
|poke|p1|Maushold-Four, L50|
|poke|p1|Kingambit, L50, M|
|poke|p1|Talonflame, L50, F|
|poke|p1|Basculegion, L50, M|
|poke|p2|Raichu, L50, F|
|poke|p2|Gyarados, L50, F, shiny|
|poke|p2|Mamoswine, L50, M|
|poke|p2|Ceruledge, L50, M|
|poke|p2|Sinistcha, L50|
|poke|p2|Kingambit, L50, M, shiny|
|teampreview|4
|showteam|p1|Kommo-o||LifeOrb|Soundproof|Protect,VacuumWave,ClangingScales,AuraSphere|Timid||F|||50|]Gardevoir||Gardevoirite|Synchronize|Protect,HyperVoice,Psychic,Thunderbolt|Modest||F|||50|]Maushold-Four||FocusSash|FriendGuard|FollowMe,Protect,SuperFang,HelpingHand|Jolly|||||50|]Kingambit||ExpertBelt|Defiant|SuckerPunch,KowtowCleave,IronHead,Protect|Jolly||M|||50|]Talonflame||SharpBeak|GaleWings|Protect,DualWingbeat,Tailwind,QuickGuard|Jolly||F|||50|]Basculegion||ChoiceScarf|Adaptability|WaveCrash,LastRespects,FlipTurn,AquaJet|Jolly||M|||50|
|showteam|p2|Raichu||RaichuniteY|LightningRod|FakeOut,Encore,ZapCannon,FocusBlast|Timid||F|||50|]Gyarados||Gyaradosite|Intimidate|LashOut,Waterfall,DragonDance,Protect|Adamant||F|||50|]Mamoswine||LifeOrb|Oblivious|Protect,IcicleCrash,IceShard,HighHorsepower|Jolly||M|||50|]Ceruledge||ColburBerry|FlashFire|BitterBlade,ShadowSneak,BulkUp,Protect|Adamant||M|||50|]Sinistcha||SitrusBerry|Hospitality|Protect,RagePowder,MatchaGotcha,LifeDew|Bold|||||50|]Kingambit||FocusSash|Defiant|Protect,SuckerPunch,KowtowCleave,IronHead|Adamant||M|||50|
|inactive|Battle timer is ON: inactive players will automatically lose when time's up. (requested by d1mo22)
|inactive|d1mo22 has 60 seconds left.
|
|t:|1785260180
|teamsize|p1|4
|teamsize|p2|4
|start
|switch|p1a: Kingambit|Kingambit, L50, M|100/100
|switch|p1b: Maushold|Maushold-Four, L50|100/100
|switch|p2a: Raichu|Raichu, L50, F|100/100
|switch|p2b: Ceruledge|Ceruledge, L50, M|100/100
|turn|1
|
|t:|1785260191
|move|p1a: Kingambit|Protect|p1a: Kingambit
|-singleturn|p1a: Kingambit|Protect
|move|p2a: Raichu|Fake Out|p1a: Kingambit
|-activate|p1a: Kingambit|move: Protect
|move|p1b: Maushold|Super Fang|p2a: Raichu
|-damage|p2a: Raichu|50/100g
|move|p2b: Ceruledge|Bulk Up|p2b: Ceruledge
|-boost|p2b: Ceruledge|atk|1
|-boost|p2b: Ceruledge|def|1
|
|upkeep
|turn|2
|
|t:|1785260207
|switch|p2a: Kingambit|Kingambit, L50, M, shiny|100/100
|move|p1b: Maushold|Helping Hand|p1a: Kingambit
|-singleturn|p1a: Kingambit|Helping Hand|[of] p1b: Maushold
|move|p1a: Kingambit|Sucker Punch||[still]
|-fail|p1a: Kingambit
|move|p2b: Ceruledge|Bitter Blade|p1a: Kingambit
|-supereffective|p1a: Kingambit|1
|-damage|p1a: Kingambit|11/100
|
|upkeep
|turn|3
|inactive|d1mo22 has 30 seconds left.
|
|t:|1785260234
|move|p2b: Ceruledge|Protect|p2b: Ceruledge
|-singleturn|p2b: Ceruledge|Protect
|move|p1a: Kingambit|Sucker Punch||[still]
|-fail|p1a: Kingambit
|move|p1b: Maushold|Super Fang|p2a: Kingambit
|-damage|p2a: Kingambit|50/100y
|move|p2a: Kingambit|Iron Head|p1b: Maushold
|-damage|p1b: Maushold|40/100
|
|upkeep
|turn|4
|inactive|d1mo22 has 30 seconds left.
|
|t:|1785260266
|switch|p2a: Raichu|Raichu, L50, F|50/100g
|move|p1b: Maushold|Protect|p1b: Maushold
|-singleturn|p1b: Maushold|Protect
|move|p1a: Kingambit|Sucker Punch|p2b: Ceruledge
|-supereffective|p2b: Ceruledge|1
|-enditem|p2b: Ceruledge|Colbur Berry|[eat]
|-enditem|p2b: Ceruledge|Colbur Berry|[weaken]
|-damage|p2b: Ceruledge|64/100
|move|p2b: Ceruledge|Bitter Blade|p1a: Kingambit
|-supereffective|p1a: Kingambit|1
|-damage|p1a: Kingambit|0 fnt
|-heal|p2b: Ceruledge|69/100|[from] drain|[of] p1a: Kingambit
|faint|p1a: Kingambit
|
|upkeep
|
|t:|1785260277
|switch|p1a: Rainy boots|Basculegion, L50, M|100/100
|turn|5
|
|t:|1785260297
|switch|p2a: Sinistcha|Sinistcha, L50|100/100
|-heal|p2b: Ceruledge|94/100|[from] ability: Hospitality|[of] p2a: Sinistcha
|move|p2b: Ceruledge|Protect|p2b: Ceruledge
|-singleturn|p2b: Ceruledge|Protect
|move|p1b: Maushold|Follow Me|p1b: Maushold
|-singleturn|p1b: Maushold|move: Follow Me
|move|p1a: Rainy boots|Wave Crash|p2b: Ceruledge
|-activate|p2b: Ceruledge|move: Protect
|
|upkeep
|turn|6
|
|t:|1785260309
|switch|p1a: Kommo-o|Kommo-o, L50, F|100/100
|move|p1b: Maushold|Protect|p1b: Maushold
|-singleturn|p1b: Maushold|Protect
|move|p2a: Sinistcha|Rage Powder|p2a: Sinistcha
|-singleturn|p2a: Sinistcha|move: Rage Powder
|move|p2b: Ceruledge|Bulk Up|p2b: Ceruledge
|-boost|p2b: Ceruledge|atk|1
|-boost|p2b: Ceruledge|def|1
|
|upkeep
|turn|7
|
|t:|1785260326
|move|p1b: Maushold|Helping Hand|p1a: Kommo-o
|-singleturn|p1a: Kommo-o|Helping Hand|[of] p1b: Maushold
|move|p1a: Kommo-o|Clanging Scales|p2a: Sinistcha|[spread] p2a,p2b
|-damage|p2a: Sinistcha|39/100
|-damage|p2b: Ceruledge|32/100
|-enditem|p2a: Sinistcha|Sitrus Berry|[eat]
|-heal|p2a: Sinistcha|64/100|[from] item: Sitrus Berry
|-unboost|p1a: Kommo-o|def|1
|-damage|p1a: Kommo-o|90/100|[from] item: Life Orb
|move|p2b: Ceruledge|Bitter Blade|p1a: Kommo-o
|-resisted|p1a: Kommo-o|1
|-damage|p1a: Kommo-o|38/100
|-heal|p2b: Ceruledge|53/100|[from] drain|[of] p1a: Kommo-o
|move|p2a: Sinistcha|Life Dew|p2a: Sinistcha|[spread] p2a,p2b
|-heal|p2a: Sinistcha|89/100
|-heal|p2b: Ceruledge|79/100
|
|upkeep
|turn|8
|-message|SleepD2 forfeited.
|
|win|d1mo22
||SleepD2 is ready for game 3.
|inactive|d1mo22 has 30 seconds to confirm battle start!
||d1mo22 is ready for game 3.
|uhtml|next|Next: Game 3 of 3
|l|☆d1mo22
|player|p2|
