|j|☆homerj71
|j|☆Elektra Ovirowa
|html|homerj71Elektra Ovirowa    
|uhtml|bestof|Game 2 of a best-of-3
|t:|1786031317
|gametype|doubles
|player|p1|homerj71|1|1224
|player|p2|Elektra Ovirowa|policeman|1132
|gen|9
|tier|[Gen 9 Champions] VGC 2026 Reg M-B (Bo3)
|rated|
|rule|Species Clause: Limit one of each Pokémon
|rule|Item Clause: Limit 1 of each item
|clearpoke
|poke|p1|Tyranitar, L50, F|
|poke|p1|Staraptor, L50, F|
|poke|p1|Gholdengo, L50|
|poke|p1|Excadrill, L50, F|
|poke|p1|Sinistcha, L50|
|poke|p1|Milotic, L50, M|
|poke|p2|Gengar, L50, M|
|poke|p2|Incineroar, L50, F|
|poke|p2|Sneasler, L50, F|
|poke|p2|Kingambit, L50, F|
|poke|p2|Ninetales-Alola, L50, F|
|poke|p2|Dragonite, L50, M|
|teampreview|4
|showteam|p1|Tyranitar||Tyranitarite|SandStream|KnockOff,RockSlide,Protect,LowKick|Jolly||F|||50|]Staraptor||Staraptite|Intimidate|DualWingbeat,CloseCombat,Protect,Tailwind|Jolly||F|||50|]Gholdengo||LifeOrb|GoodasGold|MakeItRain,NastyPlot,Protect,ShadowBall|Timid|||||50|]Excadrill||FocusSash|SandRush|HighHorsepower,IronHead,RockSlide,Protect|Adamant||F|||50|]Sinistcha||SitrusBerry|Hospitality|MatchaGotcha,RagePowder,ShadowBall,Protect|Calm|||||50|]Milotic||Leftovers|Competitive|Scald,IcyWind,Protect,IceBeam|Modest||M|||50|
|showteam|p2|Gengar||Gengarite|CursedBody|Protect,Substitute,ShadowBall,SludgeBomb|Modest||M|||50|]Incineroar||SitrusBerry|Intimidate|FakeOut,ThroatChop,FlareBlitz,PartingShot|Impish||F|||50|]Sneasler||FocusSash|Unburden|Protect,RockSlide,DireClaw,CloseCombat|Adamant||F|||50|]Kingambit||BlackGlasses|Defiant|Protect,KowtowCleave,SuckerPunch,LowKick|Adamant||F|||50|]Ninetales-Alola||ChoiceScarf|SnowWarning|IcyWind,Blizzard,FreezeDry,Moonblast|Timid||F|||50|]Dragonite||LifeOrb|InnerFocus|Protect,ScaleShot,Superpower,ExtremeSpeed|Adamant||M|||50|
|inactive|Battle timer is ON: inactive players will automatically lose when time's up. (requested by homerj71)
|
|t:|1786031336
|teamsize|p1|4
|teamsize|p2|4
|start
|switch|p1a: Staraptor|Staraptor, L50, F|100/100
|switch|p1b: Gholdengo|Gholdengo, L50|100/100
|switch|p2a: Gengar|Gengar, L50, M|100/100
|switch|p2b: Incineroar|Incineroar, L50, F|100/100
|-ability|p1a: Staraptor|Intimidate|boost
|-unboost|p2a: Gengar|atk|1
|-unboost|p2b: Incineroar|atk|1
|-ability|p2b: Incineroar|Intimidate|boost
|-unboost|p1a: Staraptor|atk|1
|-unboost|p1b: Gholdengo|atk|1
|turn|1
|
|t:|1786031352
|switch|p1b: Tyranitar|Tyranitar, L50, F|100/100
|-weather|Sandstorm|[from] ability: Sand Stream|[of] p1b: Tyranitar
|detailschange|p2a: Gengar|Gengar-Mega, L50, M
|-mega|p2a: Gengar|Gengar|Gengarite
|move|p1a: Staraptor|Protect|p1a: Staraptor
|-singleturn|p1a: Staraptor|Protect
|move|p2b: Incineroar|Fake Out|p1a: Staraptor
|-activate|p1a: Staraptor|move: Protect
|move|p2a: Gengar|Substitute|p2a: Gengar
|-start|p2a: Gengar|Substitute
|-damage|p2a: Gengar|75/100
|
|-weather|Sandstorm|[upkeep]
|-damage|p2a: Gengar|69/100|[from] Sandstorm
|-damage|p1a: Staraptor|94/100|[from] Sandstorm
|-damage|p2b: Incineroar|94/100|[from] Sandstorm
|upkeep
|turn|2
|inactive|Elektra Ovirowa has 30 seconds left.
|
|t:|1786031380
|switch|p2b: Dragonite|Dragonite, L50, M|100/100
|detailschange|p1a: Staraptor|Staraptor-Mega, L50, F
|-mega|p1a: Staraptor|Staraptor|Staraptite
|move|p2a: Gengar|Sludge Bomb|p1a: Staraptor
|-damage|p1a: Staraptor|31/100
|-status|p1a: Staraptor|psn
|move|p1a: Staraptor|Close Combat|p2b: Dragonite
|-resisted|p2b: Dragonite|1
|-damage|p2b: Dragonite|81/100
|-boost|p1a: Staraptor|def|1
|-boost|p1a: Staraptor|spd|1
|move|p1b: Tyranitar|Rock Slide|p2b: Dragonite|[spread] p2a,p2b
|-end|p2a: Gengar|Substitute
|-supereffective|p2b: Dragonite|1
|-damage|p2b: Dragonite|20/100r
|
|-weather|Sandstorm|[upkeep]
|-damage|p2a: Gengar|63/100|[from] Sandstorm
|-damage|p1a: Staraptor|25/100 psn|[from] Sandstorm
|-damage|p2b: Dragonite|13/100|[from] Sandstorm
|-damage|p1a: Staraptor|13/100 psn|[from] psn
|upkeep
|turn|3
|inactive|Elektra Ovirowa has 30 seconds left.
|
|t:|1786031407
|move|p2a: Gengar|Protect|p2a: Gengar
|-singleturn|p2a: Gengar|Protect
|move|p2b: Dragonite|Protect|p2b: Dragonite
|-singleturn|p2b: Dragonite|Protect
|move|p1a: Staraptor|Tailwind|p1a: Staraptor
|-sidestart|p1: homerj71|move: Tailwind
|move|p1b: Tyranitar|Rock Slide|p2b: Dragonite|[spread] 
|-activate|p2a: Gengar|move: Protect
|-activate|p2b: Dragonite|move: Protect
|
|-weather|Sandstorm|[upkeep]
|-damage|p1a: Staraptor|7/100 psn|[from] Sandstorm
|-damage|p2a: Gengar|58/100|[from] Sandstorm
|-damage|p2b: Dragonite|7/100|[from] Sandstorm
|-damage|p1a: Staraptor|0 fnt|[from] psn
|faint|p1a: Staraptor
|upkeep
|
|t:|1786031416
|switch|p1a: Gholdengo|Gholdengo, L50|100/100
|turn|4
|inactive|Elektra Ovirowa has 30 seconds left.
|
|t:|1786031449
|switch|p2b: Incineroar|Incineroar, L50, F|94/100
|-ability|p2b: Incineroar|Intimidate|boost
|-unboost|p1a: Gholdengo|atk|1
|-unboost|p1b: Tyranitar|atk|1
|move|p1a: Gholdengo|Shadow Ball|p2a: Gengar
|-supereffective|p2a: Gengar|1
|-damage|p2a: Gengar|0 fnt
|faint|p2a: Gengar
|-damage|p1a: Gholdengo|90/100|[from] item: Life Orb
|move|p1b: Tyranitar|Rock Slide|p2b: Incineroar
|-supereffective|p2b: Incineroar|1
|-damage|p2b: Incineroar|54/100
|
|-weather|Sandstorm|[upkeep]
|-damage|p2b: Incineroar|48/100|[from] Sandstorm
|-enditem|p2b: Incineroar|Sitrus Berry|[eat]
|-heal|p2b: Incineroar|73/100|[from] item: Sitrus Berry
|upkeep
|
|t:|1786031468
|switch|p2a: Ninetales|Ninetales-Alola, L50, F|100/100
|-weather|Snowscape|[from] ability: Snow Warning|[of] p2a: Ninetales
|turn|5
|
|t:|1786031490
|move|p2b: Incineroar|Fake Out|p1b: Tyranitar
|-resisted|p1b: Tyranitar|1
|-damage|p1b: Tyranitar|95/100
|move|p1a: Gholdengo|Make It Rain|p2a: Ninetales|[spread] p2a,p2b
|-supereffective|p2a: Ninetales|2
|-resisted|p2b: Incineroar|1
|-damage|p2a: Ninetales|0 fnt
|-damage|p2b: Incineroar|49/100
|-unboost|p1a: Gholdengo|spa|2
|faint|p2a: Ninetales
|-damage|p1a: Gholdengo|80/100|[from] item: Life Orb
|cant|p1b: Tyranitar|flinch
|
|-weather|Snowscape|[upkeep]
|upkeep
|c|☆Elektra Ovirowa|gg
|-message|Elektra Ovirowa forfeited.
|raw|homerj71's rating: 1224 → 1243(+19 for winning)
|raw|Elektra Ovirowa's rating: 1132 → 1113(-19 for losing)
|
|win|homerj71
