|j|☆battle sim trainer
|j|☆silver moon boy
|html|battle sim trainersilver moon boy    
|uhtml|bestof|Game 1 of a best-of-3
|t:|1783607499
|gametype|doubles
|player|p1|battle sim trainer|turo|1165
|player|p2|silver moon boy|unknown|1201
|gen|9
|tier|[Gen 9 Champions] VGC 2026 Reg M-B (Bo3)
|rated|
|rule|Species Clause: Limit one of each Pokémon
|rule|Item Clause: Limit 1 of each item
|clearpoke
|poke|p1|Swampert, L50, F|
|poke|p1|Pelipper, L50, F|
|poke|p1|Archaludon, L50, F|
|poke|p1|Grimmsnarl, L50, M|
|poke|p1|Sinistcha, L50|
|poke|p1|Greninja, L50, F|
|poke|p2|Tyranitar, L50, M|
|poke|p2|Sneasler, L50, F, shiny|
|poke|p2|Blastoise, L50, F|
|poke|p2|Sinistcha-Masterpiece, L50|
|poke|p2|Ninetales-Alola, L50, F|
|poke|p2|Tinkaton, L50, F|
|teampreview|4
|showteam|p1|Swampert||Swampertite|Damp|WaveCrash,Earthquake,IcePunch,Protect|Adamant||F|||50|]Pelipper||SitrusBerry|Drizzle|Hurricane,WeatherBall,Tailwind,Protect|Modest||F|||50|]Archaludon||Leftovers|Stamina|ElectroShot,DragonPulse,FlashCannon,Protect|Modest||F|||50|]Grimmsnarl||LightClay|Prankster|SpiritBreak,Reflect,LightScreen,PartingShot|Careful||M|||50|]Sinistcha|||Hospitality|LifeDew,MatchaGotcha,TrickRoom,RagePowder|Bold|||||50|]Greninja||FocusSash|Protean|SludgeWave,FlipTurn,WaterShuriken,DarkPulse|Modest||F|||50|
|showteam|p2|Tyranitar||Tyranitarite|SandStream|Curse,KnockOff,RockSlide,Protect|Brave||M|||50|]Sneasler||WhiteHerb|Unburden|CloseCombat,DireClaw,FakeOut,Protect|Adamant||F|||50|]Blastoise||Blastoisinite|Torrent|DarkPulse,ShellSmash,Protect,WaterSpout|Timid||F|||50|]Sinistcha-Masterpiece||ColburBerry|Hospitality|TrickRoom,RagePowder,MatchaGotcha,Protect|Relaxed|||||50|]Ninetales-Alola||NeverMeltIce|SnowCloak|Blizzard,FreezeDry,Protect,Encore|Timid||F|||50|]Tinkaton||ExpertBelt|MoldBreaker|FakeOut,GigatonHammer,Feint,PlayRough|Impish||F|||50|
|inactive|Battle timer is ON: inactive players will automatically lose when time's up. (requested by silver moon boy)
|inactive|battle sim trainer has 60 seconds left.
|inactive|silver moon boy has 60 seconds left.
|inactive|silver moon boy has 30 seconds left.
|inactive|silver moon boy has 20 seconds left.
|inactive|silver moon boy has 15 seconds left.
|inactive|silver moon boy has 10 seconds left.
|inactive|silver moon boy has 5 seconds left.
|
|t:|1783607591
|teamsize|p1|4
|teamsize|p2|4
|start
|switch|p1a: Archaludon|Archaludon, L50, F|100/100
|switch|p1b: Sinistcha|Sinistcha, L50|100/100
|switch|p2a: Sneasler|Sneasler, L50, F, shiny|100/100
|switch|p2b: Sinistcha|Sinistcha-Masterpiece, L50|100/100
|turn|1
|inactive|battle sim trainer has 30 seconds left.
|inactive|silver moon boy has 30 seconds left.
|inactive|battle sim trainer has 20 seconds left.
|inactive|silver moon boy has 20 seconds left.
|inactive|silver moon boy has 15 seconds left.
|
|t:|1783607635
|switch|p2b: Ninetales|Ninetales-Alola, L50, F|100/100
|move|p1a: Archaludon|Protect|p1a: Archaludon
|-singleturn|p1a: Archaludon|Protect
|move|p2a: Sneasler|Dire Claw|p1b: Sinistcha
|-damage|p1b: Sinistcha|64/100
|move|p1b: Sinistcha|Matcha Gotcha|p2a: Sneasler|[spread] p2a,p2b
|-resisted|p2a: Sneasler|1
|-damage|p2a: Sneasler|84/100
|-heal|p1b: Sinistcha|70/100|[from] drain|[of] p2a: Sneasler
|-damage|p2b: Ninetales|72/100
|-heal|p1b: Sinistcha|82/100|[from] drain|[of] p2b: Ninetales
|
|upkeep
|turn|2
|inactive|battle sim trainer has 30 seconds left.
|inactive|battle sim trainer has 20 seconds left.
|inactive|battle sim trainer has 15 seconds left.
|inactive|battle sim trainer has 10 seconds left.
|inactive|battle sim trainer has 5 seconds left.
|
|t:|1783607685
|move|p1b: Sinistcha|Rage Powder|p1b: Sinistcha
|-singleturn|p1b: Sinistcha|move: Rage Powder
|move|p2b: Ninetales|Blizzard|p1a: Archaludon|[spread] p1a
|-miss|p2b: Ninetales|p1b: Sinistcha
|-damage|p1a: Archaludon|61/100
|-ability|p1a: Archaludon|Stamina|boost
|-boost|p1a: Archaludon|def|1
|move|p2a: Sneasler|Dire Claw|p1b: Sinistcha
|-damage|p1b: Sinistcha|48/100
|move|p1a: Archaludon|Flash Cannon|p2b: Ninetales
|-supereffective|p2b: Ninetales|2
|-damage|p2b: Ninetales|0 fnt
|faint|p2b: Ninetales
|
|-heal|p1a: Archaludon|68/100|[from] item: Leftovers
|upkeep
|
|t:|1783607706
|switch|p2b: Tyranitar|Tyranitar, L50, M|100/100
|-weather|Sandstorm|[from] ability: Sand Stream|[of] p2b: Tyranitar
|turn|3
|inactive|silver moon boy has 30 seconds left.
|inactive|battle sim trainer has 30 seconds left.
|inactive|silver moon boy has 20 seconds left.
|
|t:|1783607743
|switch|p1b: Pelipper|Pelipper, L50, F|100/100
|-weather|RainDance|[from] ability: Drizzle|[of] p1b: Pelipper
|detailschange|p2b: Tyranitar|Tyranitar-Mega, L50, M
|-mega|p2b: Tyranitar|Tyranitar|Tyranitarite
|-weather|Sandstorm|[from] ability: Sand Stream|[of] p2b: Tyranitar
|move|p2a: Sneasler|Dire Claw|p1b: Pelipper
|-damage|p1b: Pelipper|49/100
|-enditem|p1b: Pelipper|Sitrus Berry|[eat]
|-heal|p1b: Pelipper|74/100|[from] item: Sitrus Berry
|move|p1a: Archaludon|Flash Cannon|p2b: Tyranitar
|-supereffective|p2b: Tyranitar|1
|-damage|p2b: Tyranitar|59/100
|move|p2b: Tyranitar|Rock Slide|p1a: Archaludon|[spread] p1b
|-miss|p2b: Tyranitar|p1a: Archaludon
|-supereffective|p1b: Pelipper|1
|-damage|p1b: Pelipper|0 fnt
|faint|p1b: Pelipper
|
|-weather|Sandstorm|[upkeep]
|-damage|p2a: Sneasler|79/100|[from] Sandstorm
|-heal|p1a: Archaludon|74/100|[from] item: Leftovers
|upkeep
|
|t:|1783607763
|switch|p1b: Greninja|Greninja, L50, F|100/100
|turn|4
|inactive|silver moon boy has 30 seconds left.
|
|t:|1783607796
|switch|p2b: Sinistcha|Sinistcha-Masterpiece, L50|100/100
|-heal|p2a: Sneasler|100/100|[from] ability: Hospitality|[of] p2b: Sinistcha
|move|p1b: Greninja|Water Shuriken|p1a: Archaludon
|-start|p1b: Greninja|typechange|Water|[from] ability: Protean
|-resisted|p1a: Archaludon|1
|-damage|p1a: Archaludon|70/100
|-ability|p1a: Archaludon|Stamina|boost
|-boost|p1a: Archaludon|def|1
|-resisted|p1a: Archaludon|1
|-damage|p1a: Archaludon|65/100
|-ability|p1a: Archaludon|Stamina|boost
|-boost|p1a: Archaludon|def|1
|-resisted|p1a: Archaludon|1
|-damage|p1a: Archaludon|61/100
|-ability|p1a: Archaludon|Stamina|boost
|-boost|p1a: Archaludon|def|1
|-resisted|p1a: Archaludon|1
|-damage|p1a: Archaludon|57/100
|-ability|p1a: Archaludon|Stamina|boost
|-boost|p1a: Archaludon|def|1
|-resisted|p1a: Archaludon|1
|-damage|p1a: Archaludon|53/100
|-ability|p1a: Archaludon|Stamina|boost
|-boost|p1a: Archaludon|def|1
|-hitcount|p1a: Archaludon|5
|move|p2a: Sneasler|Close Combat|p1a: Archaludon
|-supereffective|p1a: Archaludon|1
|-damage|p1a: Archaludon|28/100
|-unboost|p2a: Sneasler|def|1
|-unboost|p2a: Sneasler|spd|1
|-enditem|p2a: Sneasler|White Herb
|-clearnegativeboost|p2a: Sneasler|[silent]
|move|p1a: Archaludon|Dragon Pulse|p2a: Sneasler
|-damage|p2a: Sneasler|44/100
|
|-weather|Sandstorm|[upkeep]
|-damage|p2a: Sneasler|38/100|[from] Sandstorm
|-damage|p1b: Greninja|93/100|[from] Sandstorm
|-damage|p2b: Sinistcha|93/100|[from] Sandstorm
|-heal|p1a: Archaludon|35/100|[from] item: Leftovers
|upkeep
|turn|5
|inactive|battle sim trainer has 30 seconds left.
|inactive|silver moon boy has 30 seconds left.
|inactive|battle sim trainer has 20 seconds left.
|inactive|silver moon boy has 20 seconds left.
|inactive|battle sim trainer has 15 seconds left.
|inactive|silver moon boy has 15 seconds left.
|inactive|silver moon boy has 10 seconds left.
|inactive|silver moon boy has 5 seconds left.
|
|t:|1783607847
|move|p2a: Sneasler|Dire Claw|p1b: Greninja
|-damage|p1b: Greninja|16/100
|-status|p1b: Greninja|psn
|move|p1b: Greninja|Flip Turn|p2a: Sneasler
|-damage|p2a: Sneasler|8/100
|
|t:|1783607858
|switch|p1b: Sinistcha|Sinistcha, L50|48/100|[from] Flip Turn
|-heal|p1a: Archaludon|59/100|[from] ability: Hospitality|[of] p1b: Sinistcha
|move|p1a: Archaludon|Dragon Pulse|p2a: Sneasler
|-damage|p2a: Sneasler|0 fnt
|faint|p2a: Sneasler
|move|p2b: Sinistcha|Trick Room|p2b: Sinistcha
|-fieldstart|move: Trick Room|[of] p2b: Sinistcha
|
|-weather|Sandstorm|[upkeep]
|-damage|p2b: Sinistcha|87/100|[from] Sandstorm
|-damage|p1b: Sinistcha|42/100|[from] Sandstorm
|-heal|p1a: Archaludon|65/100|[from] item: Leftovers
|upkeep
|
|t:|1783607870
|switch|p2a: Tyranitar|Tyranitar-Mega, L50, M|59/100
|turn|6
|
|t:|1783607895
|move|p2a: Tyranitar|Curse|p2a: Tyranitar
|-unboost|p2a: Tyranitar|spe|1
|-boost|p2a: Tyranitar|atk|1
|-boost|p2a: Tyranitar|def|1
|move|p2b: Sinistcha|Matcha Gotcha|p1a: Archaludon|[spread] p1a,p1b
|-resisted|p1a: Archaludon|2
|-resisted|p1b: Sinistcha|1
|-damage|p1a: Archaludon|59/100
|-heal|p2b: Sinistcha|91/100|[from] drain|[of] p1a: Archaludon
|-damage|p1b: Sinistcha|28/100
|-heal|p2b: Sinistcha|98/100|[from] drain|[of] p1b: Sinistcha
|-status|p1a: Archaludon|brn
|move|p1b: Sinistcha|Life Dew|p1b: Sinistcha|[spread] p1a,p1b
|-heal|p1a: Archaludon|84/100 brn
|-heal|p1b: Sinistcha|53/100
|move|p1a: Archaludon|Electro Shot||[still]
|-prepare|p1a: Archaludon|Electro Shot
|-boost|p1a: Archaludon|spa|1
|
|-weather|Sandstorm|[upkeep]
|-damage|p2b: Sinistcha|92/100|[from] Sandstorm
|-damage|p1b: Sinistcha|47/100|[from] Sandstorm
|-heal|p1a: Archaludon|90/100 brn|[from] item: Leftovers
|-damage|p1a: Archaludon|84/100 brn|[from] brn
|upkeep
|turn|7
|-message|silver moon boy forfeited.
|
|win|battle sim trainer
|l|☆silver moon boy
|player|p2|
||silver moon boy is ready for game 2.
