|j|☆blueperseu
|j|☆emptinessmach
|html|blueperseuemptinessmach    
|uhtml|bestof|Game 1 of a best-of-3
|t:|1756861314
|gametype|doubles
|player|p1|blueperseu|sabrina|1124
|player|p2|emptinessmach|red|1076
|gen|9
|tier|[Gen 9] VGC 2025 Reg H (Bo3)
|rated|
|rule|Species Clause: Limit one of each Pokémon
|rule|Item Clause: Limit 1 of each item
|clearpoke
|poke|p1|Porygon2, L50|
|poke|p1|Primarina, L50, M|
|poke|p1|Ursaluna, L50, F|
|poke|p1|Indeedee-F, L50, F|
|poke|p1|Armarouge, L50, M|
|poke|p1|Amoonguss, L50, F|
|poke|p2|Porygon2, L50|
|poke|p2|Incineroar, L50, F|
|poke|p2|Garchomp, L50, M|
|poke|p2|Gholdengo, L50|
|poke|p2|Amoonguss, L50, F|
|poke|p2|Sneasler, L50, M|
|teampreview|4
|showteam|p1|Porygon2||Eviolite|Download|TrickRoom,IceBeam,TeraBlast,Protect||||||50|,,,,,Flying]Primarina||LifeOrb|LiquidVoice|HyperVoice,EnergyBall,Moonblast,Protect|||M|||50|,,,,,Poison]Ursaluna||FlameOrb|Guts|Facade,Earthquake,HeadlongRush,Protect|||F|||50|,,,,,Ghost]Indeedee-F||SafetyGoggles|PsychicSurge|Psychic,Protect,FollowMe,HelpingHand|||F|||50|,,,,,Fairy]Armarouge||TwistedSpoon|FlashFire|TrickRoom,ExpandingForce,ArmorCannon,Protect|||M|||50|,,,,,Grass]Amoonguss||SitrusBerry|Regenerator|Spore,PollenPuff,RagePowder,Protect|||F|||50|,,,,,Grass
|showteam|p2|Porygon2||Eviolite|Download|TeraBlast,IceBeam,Recover,TrickRoom||||||50|,,,,,Ground]Incineroar||SafetyGoggles|Intimidate|FlareBlitz,KnockOff,FakeOut,PartingShot|||F|||50|,,,,,Ghost]Garchomp||ClearAmulet|RoughSkin|Earthquake,Protect,StompingTantrum,DragonClaw|||M|||50|,,,,,Fire]Gholdengo||LifeOrb|GoodasGold|Protect,NastyPlot,MakeItRain,ShadowBall||||||50|,,,,,Water]Amoonguss||SitrusBerry|Regenerator|Spore,RagePowder,Protect,PollenPuff|||F|||50|,,,,,Fairy]Sneasler||FocusSash|PoisonTouch|DireClaw,CloseCombat,Coaching,Protect|||M|||50|,,,,,Flying
|inactive|Battle timer is ON: inactive players will automatically lose when time's up. (requested by blueperseu)
|inactive|emptinessmach has 60 seconds left.
|
|t:|1756861388
|teamsize|p1|4
|teamsize|p2|4
|start
|switch|p1a: Armarouge|Armarouge, L50, M|100/100
|switch|p1b: Indeedee|Indeedee-F, L50, F|100/100
|switch|p2a: Sneasler|Sneasler, L50, M|100/100
|switch|p2b: Garchomp|Garchomp, L50, M|100/100
|-fieldstart|move: Psychic Terrain|[from] ability: Psychic Surge|[of] p1b: Indeedee
|turn|1
|
|t:|1756861413
|-terastallize|p2a: Sneasler|Flying
|-terastallize|p1a: Armarouge|Grass
|move|p1b: Indeedee|Follow Me|p1b: Indeedee
|-singleturn|p1b: Indeedee|move: Follow Me
|move|p2a: Sneasler|Coaching|p2b: Garchomp
|-boost|p2b: Garchomp|atk|1
|-boost|p2b: Garchomp|def|1
|move|p2b: Garchomp|Earthquake|p1a: Armarouge|[spread] p1a,p1b
|-immune|p2a: Sneasler
|-resisted|p1a: Armarouge
|-damage|p1a: Armarouge|75/100
|-damage|p1b: Indeedee|41/100
|move|p1a: Armarouge|Expanding Force|p2b: Garchomp|[spread] p2a,p2b
|-enditem|p2a: Sneasler|Focus Sash
|-damage|p2a: Sneasler|1/100
|-damage|p2b: Garchomp|10/100
|
|upkeep
|turn|2
|inactive|emptinessmach has 30 seconds left.
|inactive|emptinessmach has 20 seconds left.
|inactive|emptinessmach has 15 seconds left.
|inactive|emptinessmach has 10 seconds left.
|
|t:|1756861460
|move|p2a: Sneasler|Protect|p2a: Sneasler
|-singleturn|p2a: Sneasler|Protect
|move|p1b: Indeedee|Follow Me|p1b: Indeedee
|-singleturn|p1b: Indeedee|move: Follow Me
|move|p2b: Garchomp|Earthquake|p1a: Armarouge|[spread] p1a,p1b
|-activate|p2a: Sneasler|move: Protect
|-resisted|p1a: Armarouge
|-damage|p1a: Armarouge|49/100
|-damage|p1b: Indeedee|0 fnt
|faint|p1b: Indeedee
|move|p1a: Armarouge|Expanding Force|p2a: Sneasler|[spread] p2b
|-activate|p2a: Sneasler|move: Protect
|-damage|p2b: Garchomp|0 fnt
|faint|p2b: Garchomp
|
|upkeep
|
|t:|1756861472
|switch|p2b: Porygon2|Porygon2, L50|100/100
|switch|p1b: Primarina|Primarina, L50, M|100/100
|-ability|p2b: Porygon2|Download|boost
|-boost|p2b: Porygon2|atk|1
|turn|3
|
|t:|1756861488
|move|p1a: Armarouge|Protect|p1a: Armarouge
|-singleturn|p1a: Armarouge|Protect
|move|p2a: Sneasler|Dire Claw|p1b: Primarina
|-supereffective|p1b: Primarina
|-damage|p1b: Primarina|0 fnt
|faint|p1b: Primarina
|move|p2b: Porygon2|Ice Beam|p1a: Armarouge
|-activate|p1a: Armarouge|move: Protect
|
|upkeep
|
|t:|1756861492
|switch|p1b: Ursaluna|Ursaluna, L50, F|100/100
|turn|4
|
|t:|1756861511
|move|p2a: Sneasler|Close Combat|p1b: Ursaluna
|-supereffective|p1b: Ursaluna
|-damage|p1b: Ursaluna|3/100
|-unboost|p2a: Sneasler|def|1
|-unboost|p2a: Sneasler|spd|1
|move|p1a: Armarouge|Expanding Force|p2b: Porygon2|[spread] p2a,p2b
|-damage|p2a: Sneasler|0 fnt
|-damage|p2b: Porygon2|50/100
|faint|p2a: Sneasler
|move|p2b: Porygon2|Ice Beam|p1a: Armarouge
|-supereffective|p1a: Armarouge
|-damage|p1a: Armarouge|0 fnt
|faint|p1a: Armarouge
|move|p1b: Ursaluna|Facade|p2b: Porygon2
|-damage|p2b: Porygon2|25/100
|
|-status|p1b: Ursaluna|brn|[from] item: Flame Orb
|upkeep
|
|t:|1756861514
|switch|p2a: Incineroar|Incineroar, L50, F|100/100
|-ability|p2a: Incineroar|Intimidate|boost
|-unboost|p1b: Ursaluna|atk|1
|turn|5
|
|t:|1756861523
|move|p2a: Incineroar|Knock Off|p1b: Ursaluna
|-damage|p1b: Ursaluna|0 fnt
|-enditem|p1b: Ursaluna|Flame Orb|[from] move: Knock Off|[of] p2a: Incineroar
|faint|p1b: Ursaluna
|
|win|emptinessmach
||blueperseu is ready for game 2.
||emptinessmach is ready for game 2.
|uhtml|next|Next: Game 2 of 3
|l|☆blueperseu
|player|p1|
