|j|☆artyowls
|j|☆SoulKingRay
|html|artyowlsSoulKingRay    
|uhtml|bestof|Game 1 of a best-of-3
|t:|1757860638
|gametype|doubles
|player|p1|artyowls|bellelba|1104
|player|p2|SoulKingRay|veteran-gen6|1028
|gen|9
|tier|[Gen 9] VGC 2025 Reg H (Bo3)
|rated|
|rule|Species Clause: Limit one of each Pokémon
|rule|Item Clause: Limit 1 of each item
|clearpoke
|poke|p1|Kingambit, L50, F|
|poke|p1|Rillaboom, L50, F|
|poke|p1|Electabuzz, L50, M|
|poke|p1|Volcarona, L50, M|
|poke|p1|Sneasler, L50, M|
|poke|p1|Dragonite, L50, F|
|poke|p2|Incineroar, L50, M|
|poke|p2|Ursaluna, L50, M|
|poke|p2|Porygon2, L50|
|poke|p2|Archaludon, L50, F|
|poke|p2|Amoonguss, L50, M|
|poke|p2|Rillaboom, L50, M|
|teampreview|4
|showteam|p1|Kingambit||BlackGlasses|Defiant|Protect,KowtowCleave,SuckerPunch,SwordsDance|||F|||50|,,,,,Dark]Rillaboom||AssaultVest|GrassySurge|WoodHammer,GrassyGlide,HighHorsepower,FakeOut|||F|||50|,,,,,Fire]Electabuzz||Eviolite|VitalSpirit|Protect,Thunderbolt,HelpingHand,FollowMe|||M|||50|,,,,,Ghost]Volcarona||CovertCloak|FlameBody|Protect,HeatWave,TeraBlast,QuiverDance|||M|||50|,,,,,Fairy]Sneasler||FocusSash|Unburden|CloseCombat,DireClaw,Coaching,FakeOut|||M|||50|,,,,,Stellar]Dragonite||LoadedDice|Multiscale|ScaleShot,Haze,ExtremeSpeed,Protect|||F|||50|,,,,,Fairy
|showteam|p2|Incineroar||SafetyGoggles|Intimidate|FakeOut,KnockOff,FlareBlitz,PartingShot|||M|||50|,,,,,Grass]Ursaluna||FlameOrb|Guts|Protect,Facade,HeadlongRush,Earthquake|||M|||50|,,,,,Ghost]Porygon2||Eviolite|Download|IceBeam,TeraBlast,TrickRoom,Recover||||||50|,,,,,Ground]Archaludon||PowerHerb|Stamina|ElectroShot,BodyPress,FlashCannon,DracoMeteor|||F|||50|,,,,,Grass]Amoonguss||RockyHelmet|Regenerator|Spore,RagePowder,PollenPuff,Protect|||M|||50|,,,,,Water]Rillaboom||AssaultVest|GrassySurge|FakeOut,WoodHammer,GrassyGlide,Uturn|||M|||50|,,,,,Fire
|
|t:|1757860691
|teamsize|p1|4
|teamsize|p2|4
|start
|switch|p1a: Rillaboom|Rillaboom, L50, F|100/100
|switch|p1b: Volcarona|Volcarona, L50, M, shiny|100/100
|switch|p2a: Freddy Fazbear|Ursaluna, L50, M|100/100
|switch|p2b: Duck|Porygon2, L50, shiny|100/100
|-fieldstart|move: Grassy Terrain|[from] ability: Grassy Surge|[of] p1a: Rillaboom
|-ability|p2b: Duck|Download|boost
|-boost|p2b: Duck|atk|1
|turn|1
|
|t:|1757860727
|move|p2a: Freddy Fazbear|Protect|p2a: Freddy Fazbear
|-singleturn|p2a: Freddy Fazbear|Protect
|move|p1a: Rillaboom|Fake Out|p2b: Duck
|-damage|p2b: Duck|91/100
|move|p1b: Volcarona|Quiver Dance|p1b: Volcarona
|-boost|p1b: Volcarona|spa|1
|-boost|p1b: Volcarona|spd|1
|-boost|p1b: Volcarona|spe|1
|cant|p2b: Duck|flinch
|
|-heal|p2b: Duck|97/100|[from] Grassy Terrain
|-status|p2a: Freddy Fazbear|brn|[from] item: Flame Orb
|upkeep
|turn|2
|
|t:|1757860762
|switch|p2a: Bradshaw|Incineroar, L50, M, shiny|100/100
|-ability|p2a: Bradshaw|Intimidate|boost
|-unboost|p1a: Rillaboom|atk|1
|-unboost|p1b: Volcarona|atk|1
|move|p1b: Volcarona|Heat Wave|p2b: Duck|[spread] p2b
|-miss|p1b: Volcarona|p2a: Bradshaw
|-crit|p2b: Duck
|-damage|p2b: Duck|60/100
|move|p1a: Rillaboom|Wood Hammer|p2a: Bradshaw
|-resisted|p2a: Bradshaw
|-damage|p2a: Bradshaw|81/100
|-damage|p1a: Rillaboom|94/100|[from] Recoil
|move|p2b: Duck|Trick Room|p2b: Duck
|-fieldstart|move: Trick Room|[of] p2b: Duck
|
|-heal|p2b: Duck|66/100|[from] Grassy Terrain
|-heal|p2a: Bradshaw|87/100|[from] Grassy Terrain
|-heal|p1a: Rillaboom|99/100|[from] Grassy Terrain
|upkeep
|turn|3
|
|t:|1757860797
|switch|p1a: Dragonite|Dragonite, L50, F|100/100
|move|p1b: Volcarona|Protect|p1b: Volcarona
|-singleturn|p1b: Volcarona|Protect
|move|p2b: Duck|Recover|p2b: Duck
|-heal|p2b: Duck|100/100
|move|p2a: Bradshaw|Knock Off|p1b: Volcarona
|-activate|p1b: Volcarona|move: Protect
|
|-heal|p2a: Bradshaw|93/100|[from] Grassy Terrain
|upkeep
|turn|4
|
|t:|1757860835
|move|p1a: Dragonite|Extreme Speed|p2a: Bradshaw
|-damage|p2a: Bradshaw|71/100
|move|p2b: Duck|Ice Beam|p1a: Dragonite
|-supereffective|p1a: Dragonite
|-damage|p1a: Dragonite|55/100
|move|p2a: Bradshaw|Parting Shot|p1b: Volcarona
|-unboost|p1b: Volcarona|atk|1
|-unboost|p1b: Volcarona|spa|1
|
|t:|1757860845
|switch|p2a: Freddy Fazbear|Ursaluna, L50, M|100/100 brn|[from] Parting Shot
|move|p1b: Volcarona|Heat Wave|p2a: Freddy Fazbear|[spread] p2a,p2b
|-damage|p2a: Freddy Fazbear|66/100 brn
|-damage|p2b: Duck|84/100
|
|-heal|p2a: Freddy Fazbear|71/100 brn|[from] Grassy Terrain
|-heal|p2b: Duck|91/100|[from] Grassy Terrain
|-damage|p2a: Freddy Fazbear|66/100 brn|[from] brn
|upkeep
|turn|5
|l|☆SoulKingRay
|player|p2|
|
|t:|1757860884
|move|p1b: Volcarona|Protect|p1b: Volcarona
|-singleturn|p1b: Volcarona|Protect
|move|p1a: Dragonite|Extreme Speed|p2a: Freddy Fazbear
|-damage|p2a: Freddy Fazbear|44/100 brn
|move|p2a: Freddy Fazbear|Facade|p1b: Volcarona
|-activate|p1b: Volcarona|move: Protect
|move|p2b: Duck|Ice Beam|p1a: Dragonite
|-supereffective|p1a: Dragonite
|-damage|p1a: Dragonite|0 fnt
|faint|p1a: Dragonite
|
|-heal|p2a: Freddy Fazbear|50/100 brn|[from] Grassy Terrain
|-heal|p2b: Duck|97/100|[from] Grassy Terrain
|-damage|p2a: Freddy Fazbear|44/100 brn|[from] brn
|-fieldend|move: Grassy Terrain
|upkeep
|
|t:|1757860894
|switch|p1a: Kingambit|Kingambit, L50, F|100/100
|turn|6
|j|☆SoulKingRay
|player|p2|SoulKingRay|veteran-gen6|
|
|t:|1757860938
|switch|p2b: Bradshaw|Incineroar, L50, M, shiny|71/100
|-ability|p2b: Bradshaw|Intimidate|boost
|-unboost|p1a: Kingambit|atk|1
|-ability|p1a: Kingambit|Defiant|boost
|-boost|p1a: Kingambit|atk|2
|-unboost|p1b: Volcarona|atk|1
|-terastallize|p1a: Kingambit|Dark
|move|p2a: Freddy Fazbear|Protect|p2a: Freddy Fazbear
|-singleturn|p2a: Freddy Fazbear|Protect
|move|p1a: Kingambit|Sucker Punch||[still]
|-fail|p1a: Kingambit
|move|p1b: Volcarona|Quiver Dance|p1b: Volcarona
|-boost|p1b: Volcarona|spa|1
|-boost|p1b: Volcarona|spd|1
|-boost|p1b: Volcarona|spe|1
|
|-damage|p2a: Freddy Fazbear|38/100 brn|[from] brn
|-fieldend|move: Trick Room
|upkeep
|turn|7
|
|t:|1757860974
|move|p2b: Bradshaw|Fake Out|p1b: Volcarona
|-crit|p1b: Volcarona
|-damage|p1b: Volcarona|81/100
|move|p1b: Volcarona|Heat Wave|p2b: Bradshaw|[spread] p2a,p2b
|-resisted|p2b: Bradshaw
|-damage|p2a: Freddy Fazbear|0 fnt
|-damage|p2b: Bradshaw|49/100
|faint|p2a: Freddy Fazbear
|move|p1a: Kingambit|Kowtow Cleave|p2b: Bradshaw
|-resisted|p2b: Bradshaw
|-crit|p2b: Bradshaw
|-damage|p2b: Bradshaw|0 fnt
|faint|p2b: Bradshaw
|
|upkeep
|
|t:|1757860984
|switch|p2b: Duck|Porygon2, L50, shiny|97/100
|switch|p2a: Magic Mushroom|Amoonguss, L50, M, shiny|100/100
|-ability|p2b: Duck|Download|boost
|-boost|p2b: Duck|atk|1
|turn|8
|l|☆SoulKingRay
|player|p2|
|inactive|Battle timer is ON: inactive players will automatically lose when time's up. (requested by artyowls)
|inactive|SoulKingRay has 30 seconds to reconnect!
|inactive|SoulKingRay has 20 seconds to reconnect!
|inactive|SoulKingRay has 15 seconds to reconnect!
|inactive|SoulKingRay has 10 seconds to reconnect!
|inactive|SoulKingRay has 5 seconds to reconnect!
|-message|SoulKingRay lost due to inactivity.
|
|win|artyowls
