|j|☆Dkswagggy
|j|☆ming0mang0
|html|Dkswagggyming0mang0    
|uhtml|bestof|Game 2 of a best-of-3
|t:|1756159460
|gametype|doubles
|player|p1|Dkswagggy|steven|1150
|player|p2|ming0mang0|harlequin|1059
|gen|9
|tier|[Gen 9] VGC 2025 Reg H (Bo3)
|rated|
|rule|Species Clause: Limit one of each Pokémon
|rule|Item Clause: Limit 1 of each item
|clearpoke
|poke|p1|Volcarona, L50, F|
|poke|p1|Ursaluna-Bloodmoon, L50, M|
|poke|p1|Dragonite, L50, F|
|poke|p1|Gholdengo, L50|
|poke|p1|Gallade, L50, M|
|poke|p1|Amoonguss, L50, F|
|poke|p2|Gholdengo, L50|
|poke|p2|Pelipper, L50, M|
|poke|p2|Greninja-*, L50, M|
|poke|p2|Basculegion, L50, M|
|poke|p2|Amoonguss, L50, F|
|poke|p2|Archaludon, L50, M|
|teampreview|4
|showteam|p1|Volcarona||Leftovers|FlameBody|Protect,QuiverDance,HeatWave,GigaDrain|||F|||50|,,,,,Grass]Ursaluna-Bloodmoon||AssaultVest|MindsEye|BloodMoon,HyperVoice,EarthPower,VacuumWave|||M|||50|,,,,,Normal]Dragonite||LoadedDice|InnerFocus|Protect,Haze,ScaleShot,ExtremeSpeed|||F|||50|,,,,,Fairy]Gholdengo||LifeOrb|GoodasGold|Protect,NastyPlot,ShadowBall,MakeItRain||||||50|,,,,,Water]Gallade||CovertCloak|Sharpness|Protect,TrickRoom,PsychoCut,SacredSword|||M|||50|,,,,,Steel]Amoonguss||SitrusBerry|Regenerator|Spore,RagePowder,PollenPuff,SludgeBomb|||F|||50|,,,,,Water
|showteam|p2|Gholdengo||LifeOrb|GoodasGold|ShadowBall,MakeItRain,NastyPlot,Protect||||||50|,,,,,Water]Pelipper||FocusSash|Drizzle|Hurricane,WeatherBall,Tailwind,Protect|||M|||50|,,,,,Steel]Greninja||LoadedDice|Torrent|DarkPulse,WaterShuriken,Taunt,Protect|||M|||50|,,,,,Ghost]Basculegion||ChoiceBand|SwiftSwim|WaveCrash,AquaJet,LastRespects,FlipTurn|||M|||50|,,,,,Water]Amoonguss||SitrusBerry|Regenerator|PollenPuff,Spore,RagePowder,Protect|||F|||50|,,,,,Fire]Archaludon||AssaultVest|Stamina|DracoMeteor,FlashCannon,ElectroShot,BodyPress|||M|||50|,,,,,Bug
|inactive|Battle timer is ON: inactive players will automatically lose when time's up. (requested by Dkswagggy)
|inactive|ming0mang0 has 60 seconds left.
|inactive|ming0mang0 has 30 seconds left.
|inactive|ming0mang0 has 20 seconds left.
|inactive|ming0mang0 has 15 seconds left.
|inactive|ming0mang0 has 10 seconds left.
|
|t:|1756159552
|teamsize|p1|4
|teamsize|p2|4
|start
|switch|p1a: Dragonite|Dragonite, L50, F|100/100
|switch|p1b: Amoonguss|Amoonguss, L50, F, shiny|100/100
|switch|p2a: Pelipper|Pelipper, L50, M|100/100
|switch|p2b: Basculegion|Basculegion, L50, M|100/100
|-weather|RainDance|[from] ability: Drizzle|[of] p2a: Pelipper
|turn|1
|inactive|Dkswagggy has 30 seconds left.
|inactive|ming0mang0 has 30 seconds left.
|inactive|Dkswagggy has 20 seconds left.
|inactive|ming0mang0 has 20 seconds left.
|inactive|ming0mang0 has 15 seconds left.
|inactive|ming0mang0 has 10 seconds left.
|
|t:|1756159600
|switch|p2b: Gholdengo|Gholdengo, L50|100/100
|-terastallize|p2a: Pelipper|Steel
|move|p2a: Pelipper|Tailwind|p2a: Pelipper
|-sidestart|p2: ming0mang0|move: Tailwind
|move|p1a: Dragonite|Scale Shot|p2a: Pelipper|[miss]
|-miss|p1a: Dragonite|p2a: Pelipper
|move|p1b: Amoonguss|Spore|p2b: Gholdengo
|-immune|p2b: Gholdengo|[from] ability: Good as Gold
|
|-weather|RainDance|[upkeep]
|upkeep
|turn|2
|
|t:|1756159620
|move|p2b: Gholdengo|Nasty Plot|p2b: Gholdengo
|-boost|p2b: Gholdengo|spa|2
|move|p2a: Pelipper|Tailwind||[still]
|-fail|p2a: Pelipper
|move|p1a: Dragonite|Haze|p1a: Dragonite
|-clearallboost
|move|p1b: Amoonguss|Spore|p2a: Pelipper
|-status|p2a: Pelipper|slp|[from] move: Spore
|
|-weather|RainDance|[upkeep]
|upkeep
|turn|3
|inactive|Dkswagggy has 30 seconds left.
|inactive|ming0mang0 has 30 seconds left.
|
|t:|1756159657
|switch|p2a: Amoonguss|Amoonguss, L50, F, shiny|100/100
|switch|p1a: Gallade|Gallade, L50, M, shiny|100/100
|switch|p1b: Ursaluna|Ursaluna-Bloodmoon, L50, M|100/100
|move|p2b: Gholdengo|Shadow Ball|p1a: Gallade
|-supereffective|p1a: Gallade
|-damage|p1a: Gallade|2/100
|-damage|p2b: Gholdengo|91/100|[from] item: Life Orb
|
|-weather|RainDance|[upkeep]
|upkeep
|turn|4
|inactive|Dkswagggy has 30 seconds left.
|inactive|ming0mang0 has 30 seconds left.
|inactive|ming0mang0 has 20 seconds left.
|inactive|ming0mang0 has 15 seconds left.
|inactive|ming0mang0 has 10 seconds left.
|inactive|ming0mang0 has 5 seconds left.
|
|t:|1756159712
|move|p1a: Gallade|Protect|p1a: Gallade
|-singleturn|p1a: Gallade|Protect
|move|p2b: Gholdengo|Shadow Ball|p1a: Gallade
|-activate|p1a: Gallade|move: Protect
|move|p2a: Amoonguss|Pollen Puff|p1b: Ursaluna
|-damage|p1b: Ursaluna|89/100
|move|p1b: Ursaluna|Blood Moon|p2a: Amoonguss
|-damage|p2a: Amoonguss|41/100
|-enditem|p2a: Amoonguss|Sitrus Berry|[eat]
|-heal|p2a: Amoonguss|66/100|[from] item: Sitrus Berry
|
|-weather|RainDance|[upkeep]
|-sideend|p2: ming0mang0|move: Tailwind
|upkeep
|turn|5
|inactive|ming0mang0 has 30 seconds left.
|
|t:|1756159744
|move|p2b: Gholdengo|Shadow Ball|p1a: Gallade
|-supereffective|p1a: Gallade
|-damage|p1a: Gallade|0 fnt
|faint|p1a: Gallade
|-damage|p2b: Gholdengo|82/100|[from] item: Life Orb
|move|p1b: Ursaluna|Earth Power|p2b: Gholdengo
|-supereffective|p2b: Gholdengo
|-damage|p2b: Gholdengo|0 fnt
|faint|p2b: Gholdengo
|move|p2a: Amoonguss|Spore|p1b: Ursaluna
|-status|p1b: Ursaluna|slp|[from] move: Spore
|
|-weather|none
|upkeep
|
|t:|1756159761
|switch|p2b: Pelipper|Pelipper, L50, M, tera:Steel|100/100 slp
|switch|p1a: Dragonite|Dragonite, L50, F|100/100
|-weather|RainDance|[from] ability: Drizzle|[of] p2b: Pelipper
|turn|6
|inactive|Dkswagggy has 30 seconds left.
|
|t:|1756159790
|cant|p2b: Pelipper|slp
|move|p1a: Dragonite|Scale Shot|p2a: Amoonguss
|-damage|p2a: Amoonguss|52/100
|-damage|p2a: Amoonguss|40/100
|-damage|p2a: Amoonguss|27/100
|-damage|p2a: Amoonguss|14/100
|-damage|p2a: Amoonguss|1/100
|-hitcount|p2a: Amoonguss|5
|-unboost|p1a: Dragonite|def|1
|-boost|p1a: Dragonite|spe|1
|cant|p1b: Ursaluna|slp
|move|p2a: Amoonguss|Spore|p1a: Dragonite
|-status|p1a: Dragonite|slp|[from] move: Spore
|
|-weather|RainDance|[upkeep]
|upkeep
|turn|7
|inactive|ming0mang0 has 30 seconds left.
|inactive|ming0mang0 has 20 seconds left.
|
|t:|1756159826
|switch|p2a: Basculegion|Basculegion, L50, M|100/100
|cant|p1a: Dragonite|slp
|cant|p2b: Pelipper|slp
|cant|p1b: Ursaluna|slp
|
|-weather|RainDance|[upkeep]
|upkeep
|turn|8
|inactive|ming0mang0 has 30 seconds left.
|
|t:|1756159859
|-terastallize|p1b: Ursaluna|Normal
|move|p2a: Basculegion|Flip Turn|p1b: Ursaluna
|-damage|p1b: Ursaluna|41/100 slp
|
|t:|1756159863
|switch|p2a: Amoonguss|Amoonguss, L50, F, shiny|35/100|[from] Flip Turn
|-curestatus|p1a: Dragonite|slp|[msg]
|move|p1a: Dragonite|Scale Shot|p2a: Amoonguss
|-damage|p2a: Amoonguss|23/100
|-damage|p2a: Amoonguss|12/100
|-damage|p2a: Amoonguss|0 fnt
|faint|p2a: Amoonguss
|-hitcount|p2: Amoonguss|3
|-unboost|p1a: Dragonite|def|1
|-boost|p1a: Dragonite|spe|1
|-curestatus|p2b: Pelipper|slp|[msg]
|move|p2b: Pelipper|Tailwind|p2b: Pelipper
|-sidestart|p2: ming0mang0|move: Tailwind
|-curestatus|p1b: Ursaluna|slp|[msg]
|move|p1b: Ursaluna|Blood Moon|p2b: Pelipper
|-resisted|p2b: Pelipper
|-damage|p2b: Pelipper|14/100
|
|-weather|RainDance|[upkeep]
|upkeep
|
|t:|1756159883
|switch|p2a: Basculegion|Basculegion, L50, M|100/100
|turn|9
|
|t:|1756159902
|move|p1a: Dragonite|Protect|p1a: Dragonite
|-singleturn|p1a: Dragonite|Protect
|move|p1b: Ursaluna|Vacuum Wave|p2b: Pelipper
|-supereffective|p2b: Pelipper
|-damage|p2b: Pelipper|0 fnt
|faint|p2b: Pelipper
|move|p2a: Basculegion|Last Respects|p1a: Dragonite
|-activate|p1a: Dragonite|move: Protect
|
|-weather|RainDance|[upkeep]
|upkeep
|turn|10
|
|t:|1756159915
|move|p2a: Basculegion|Last Respects|p1a: Dragonite
|-damage|p1a: Dragonite|0 fnt
|faint|p1a: Dragonite
|move|p1b: Ursaluna|Blood Moon|p2a: Basculegion
|-damage|p2a: Basculegion|0 fnt
|faint|p2a: Basculegion
|
|win|Dkswagggy
|raw|Dkswagggy's rating: 1150 → 1169(+19 for winning)
|raw|ming0mang0's rating: 1059 → 1045(-14 for losing)
|l|☆Dkswagggy
|player|p1|
|l|☆ming0mang0
|player|p2|
|j|☆ming0mang0
|player|p2|ming0mang0|harlequin|
|l|☆ming0mang0
|player|p2|
|j|☆ming0mang0
|player|p2|ming0mang0|harlequin|
