|j|☆AshVGCMX
|j|☆Jasondddd
|html|AshVGCMXJasondddd    
|uhtml|bestof|Game 2 of a best-of-3
|t:|1755234236
|gametype|doubles
|player|p1|AshVGCMX|265|1226
|player|p2|Jasondddd|169|1237
|gen|9
|tier|[Gen 9] VGC 2025 Reg H (Bo3)
|rated|
|rule|Species Clause: Limit one of each Pokémon
|rule|Item Clause: Limit 1 of each item
|clearpoke
|poke|p1|Pikachu, L50, M|
|poke|p1|Blaziken, L50, M|
|poke|p1|Pelipper, L50, F|
|poke|p1|Basculegion, L50, M|
|poke|p1|Baxcalibur, L50, M|
|poke|p1|Amoonguss, L50, F|
|poke|p2|Volcarona, L50, F|
|poke|p2|Electabuzz, L50, F|
|poke|p2|Kingambit, L50, M|
|poke|p2|Sneasler, L50, M|
|poke|p2|Rillaboom, L50, M|
|poke|p2|Basculegion, L50, M|
|teampreview|4
|showteam|p1|Pikachu||LightBall|LightningRod|FakeOut,VoltTackle,PlayRough,Protect|||M|||50|,,,,,Fairy]Blaziken||FocusSash|SpeedBoost|HeatWave,AuraSphere,Coaching,Detect|||M|||50|,,,,,Stellar]Pelipper||CovertCloak|Drizzle|Hurricane,Tailwind,WeatherBall,WideGuard|||F|||50|,,,,,Ground]Basculegion||ChoiceBand|SwiftSwim|WaveCrash,AquaJet,FlipTurn,LastRespects|||M|||50|,,,,,Water]Baxcalibur||LoadedDice|ThermalExchange|IcicleSpear,ScaleShot,IceShard,Protect|||M|||50|,,,,,Bug]Amoonguss||SitrusBerry|Regenerator|PollenPuff,Spore,RagePowder,Protect|||F|||50|,,,,,Fairy
|showteam|p2|Volcarona||CovertCloak|FlameBody|Protect,QuiverDance,HeatWave,TeraBlast|||F|||50|,,,,,Fairy]Electabuzz||Eviolite|VitalSpirit|Protect,Thunderbolt,Taunt,FollowMe|||F|||50|,,,,,Dragon]Kingambit||SafetyGoggles|Defiant|Protect,SwordsDance,SuckerPunch,KowtowCleave|||M|||50|,,,,,Dark]Sneasler||FocusSash|Unburden|FakeOut,DireClaw,Protect,CloseCombat|||M|||50|,,,,,Ghost]Rillaboom||AssaultVest|GrassySurge|FakeOut,GrassyGlide,WoodHammer,Uturn|||M|||50|,,,,,Fire]Basculegion||ChoiceScarf|Adaptability|FlipTurn,AquaJet,LastRespects,WaveCrash|||M|||50|,,,,,Fairy
|inactive|Battle timer is ON: inactive players will automatically lose when time's up. (requested by AshVGCMX)
|
|t:|1755234267
|teamsize|p1|4
|teamsize|p2|4
|start
|switch|p1a: Blaziken|Blaziken, L50, M|100/100
|switch|p1b: Baxcalibur|Baxcalibur, L50, M|100/100
|switch|p2a: Volcarona|Volcarona, L50, F|100/100
|switch|p2b: Sneasler|Sneasler, L50, M|100/100
|turn|1
|
|t:|1755234278
|move|p1b: Baxcalibur|Protect|p1b: Baxcalibur
|-singleturn|p1b: Baxcalibur|Protect
|move|p2b: Sneasler|Fake Out|p1b: Baxcalibur
|-activate|p1b: Baxcalibur|move: Protect
|move|p1a: Blaziken|Heat Wave|p2a: Volcarona|[spread] p2a,p2b
|-damage|p2a: Volcarona|72/100
|-damage|p2b: Sneasler|56/100
|move|p2a: Volcarona|Quiver Dance|p2a: Volcarona
|-boost|p2a: Volcarona|spa|1
|-boost|p2a: Volcarona|spd|1
|-boost|p2a: Volcarona|spe|1
|
|-ability|p1a: Blaziken|Speed Boost|boost
|-boost|p1a: Blaziken|spe|1
|upkeep
|turn|2
|inactive|Jasondddd has 30 seconds left.
|
|t:|1755234311
|-terastallize|p2a: Volcarona|Fairy
|move|p1a: Blaziken|Heat Wave|p2a: Volcarona|[spread] p2a,p2b
|-damage|p2a: Volcarona|53/100
|-damage|p2b: Sneasler|13/100
|move|p2a: Volcarona|Heat Wave|p1a: Blaziken|[spread] p1a,p1b
|-resisted|p1a: Blaziken
|-damage|p1a: Blaziken|60/100
|-damage|p1b: Baxcalibur|35/100
|-ability|p1b: Baxcalibur|Thermal Exchange|boost
|-boost|p1b: Baxcalibur|atk|1
|move|p2b: Sneasler|Close Combat|p1b: Baxcalibur
|-supereffective|p1b: Baxcalibur
|-damage|p1b: Baxcalibur|0 fnt
|-unboost|p2b: Sneasler|def|1
|-unboost|p2b: Sneasler|spd|1
|faint|p1b: Baxcalibur
|
|-ability|p1a: Blaziken|Speed Boost|boost
|-boost|p1a: Blaziken|spe|1
|upkeep
|
|t:|1755234326
|switch|p1b: Basculegion|Basculegion, L50, M|100/100
|turn|3
|
|t:|1755234346
|switch|p2b: Electabuzz|Electabuzz, L50, F|100/100
|move|p2a: Volcarona|Protect|p2a: Volcarona
|-singleturn|p2a: Volcarona|Protect
|move|p1b: Basculegion|Aqua Jet|p2a: Volcarona
|-activate|p2a: Volcarona|move: Protect
|move|p1a: Blaziken|Heat Wave|p2b: Electabuzz|[spread] p2b
|-activate|p2a: Volcarona|move: Protect
|-damage|p2b: Electabuzz|73/100
|
|-ability|p1a: Blaziken|Speed Boost|boost
|-boost|p1a: Blaziken|spe|1
|upkeep
|turn|4
|inactive|Jasondddd has 30 seconds left.
|inactive|AshVGCMX has 30 seconds left.
|inactive|Jasondddd has 20 seconds left.
|inactive|Jasondddd has 15 seconds left.
|
|t:|1755234390
|move|p2b: Electabuzz|Follow Me|p2b: Electabuzz
|-singleturn|p2b: Electabuzz|move: Follow Me
|move|p1b: Basculegion|Aqua Jet|p2b: Electabuzz
|-damage|p2b: Electabuzz|44/100
|move|p1a: Blaziken|Heat Wave|p2a: Volcarona|[spread] p2a,p2b
|-damage|p2a: Volcarona|33/100
|-damage|p2b: Electabuzz|18/100
|move|p2a: Volcarona|Tera Blast|p1b: Basculegion|[anim] Tera Blast Fairy
|-damage|p1b: Basculegion|30/100
|
|-ability|p1a: Blaziken|Speed Boost|boost
|-boost|p1a: Blaziken|spe|1
|upkeep
|turn|5
|inactive|Jasondddd has 30 seconds left.
|
|t:|1755234425
|-terastallize|p1a: Blaziken|Stellar
|move|p1b: Basculegion|Aqua Jet|p2a: Volcarona
|-damage|p2a: Volcarona|0 fnt
|-status|p1b: Basculegion|brn|[from] ability: Flame Body|[of] p2a: Volcarona
|faint|p2a: Volcarona
|move|p1a: Blaziken|Heat Wave|p2b: Electabuzz
|-damage|p2b: Electabuzz|0 fnt
|faint|p2b: Electabuzz
|
|-damage|p1b: Basculegion|24/100 brn|[from] brn
|-ability|p1a: Blaziken|Speed Boost|boost
|-boost|p1a: Blaziken|spe|1
|upkeep
|
|t:|1755234442
|switch|p2b: Sneasler|Sneasler, L50, M|13/100
|switch|p2a: Basculegion|Basculegion, L50, M|100/100
|turn|6
|
|t:|1755234460
|move|p1a: Blaziken|Detect|p1a: Blaziken
|-singleturn|p1a: Blaziken|Protect
|move|p2a: Basculegion|Aqua Jet|p1a: Blaziken
|-activate|p1a: Blaziken|move: Protect
|move|p1b: Basculegion|Aqua Jet|p2b: Sneasler
|-damage|p2b: Sneasler|0 fnt
|faint|p2b: Sneasler
|
|-damage|p1b: Basculegion|18/100 brn|[from] brn
|-ability|p1a: Blaziken|Speed Boost|boost
|-boost|p1a: Blaziken|spe|1
|upkeep
|turn|7
|
|t:|1755234474
|switch|p1b: Pelipper|Pelipper, L50, F|100/100
|-weather|RainDance|[from] ability: Drizzle|[of] p1b: Pelipper
|move|p2a: Basculegion|Aqua Jet|p1a: Blaziken
|-supereffective|p1a: Blaziken
|-damage|p1a: Blaziken|0 fnt
|faint|p1a: Blaziken
|
|-weather|RainDance|[upkeep]
|upkeep
|
|t:|1755234484
|switch|p1a: Basculegion|Basculegion, L50, M|18/100 brn
|turn|8
|
|t:|1755234490
|move|p2a: Basculegion|Aqua Jet|p1a: Basculegion
|-resisted|p1a: Basculegion
|-damage|p1a: Basculegion|0 fnt
|faint|p1a: Basculegion
|move|p1b: Pelipper|Hurricane|p2a: Basculegion
|-damage|p2a: Basculegion|54/100
|
|-weather|RainDance|[upkeep]
|upkeep
|turn|9
|
|t:|1755234499
|move|p2a: Basculegion|Aqua Jet|p1b: Pelipper
|-resisted|p1b: Pelipper
|-damage|p1b: Pelipper|77/100
|move|p1b: Pelipper|Hurricane|p2a: Basculegion
|-damage|p2a: Basculegion|11/100
|
|-weather|RainDance|[upkeep]
|upkeep
|turn|10
|
|t:|1755234508
|move|p2a: Basculegion|Aqua Jet|p1b: Pelipper
|-resisted|p1b: Pelipper
|-damage|p1b: Pelipper|54/100
|move|p1b: Pelipper|Hurricane|p2a: Basculegion
|-damage|p2a: Basculegion|0 fnt
|faint|p2a: Basculegion
|
|win|AshVGCMX
|raw|AshVGCMX's rating: 1226 → 1252(+26 for winning)
|raw|Jasondddd's rating: 1237 → 1211(-26 for losing)
|l|☆AshVGCMX
|player|p1|
|j|☆AshVGCMX
|player|p1|AshVGCMX|265|
