|j|☆Aketzagar18
|j|☆xander.62
|html|Aketzagar18xander.62    
|uhtml|bestof|Game 2 of a best-of-3
|t:|1783877295
|gametype|doubles
|player|p1|Aketzagar18|1|1000
|player|p2|xander.62|2|1049
|gen|9
|tier|[Gen 9 Champions] VGC 2026 Reg M-B (Bo3)
|rated|
|rule|Species Clause: Limit one of each Pokémon
|rule|Item Clause: Limit 1 of each item
|clearpoke
|poke|p1|Incineroar, L50, M|
|poke|p1|Maushold, L50|
|poke|p1|Sinistcha, L50|
|poke|p1|Sneasler, L50, M|
|poke|p1|Blastoise, L50, F|
|poke|p1|Delphox, L50, M|
|poke|p2|Staraptor, L50, M|
|poke|p2|Grimmsnarl, L50, M|
|poke|p2|Garchomp, L50, M|
|poke|p2|Gholdengo, L50|
|poke|p2|Delphox, L50, F|
|poke|p2|Whimsicott, L50, M|
|teampreview|4
|showteam|p1|Incineroar||SitrusBerry|Intimidate|FakeOut,FlareBlitz,ThroatChop,PartingShot|Impish||M|||50|]Maushold||ChopleBerry|FriendGuard|SuperFang,Feint,FollowMe,Protect|Impish|||||50|]Sinistcha||KasibBerry|Hospitality|MatchaGotcha,LifeDew,RagePowder,Protect|Bold|||||50|]Sneasler||FocusSash|PoisonTouch|FakeOut,CloseCombat,DireClaw,QuickGuard|Jolly||M|||50|]Blastoise||Blastoisinite|RainDish|WaterSpout,DarkPulse,ShellSmash,Protect|Modest||F|||50|]Delphox||Delphoxite|Blaze|HeatWave,Psyshock,NastyPlot,Protect|Timid||M|||50|
|showteam|p2|Staraptor||Staraptite|Intimidate|CloseCombat,BraveBird,Protect,Roost|Jolly||M|||50|]Grimmsnarl||LightClay|Prankster|FoulPlay,PartingShot,Reflect,LightScreen|Impish||M|||50|]Garchomp||LifeOrb|SandVeil|DragonClaw,RockSlide,Earthquake,Protect|Jolly||M|||50|]Gholdengo||ChoiceScarf|GoodasGold|FlashCannon,ShadowBall,PowerGem,Thunderbolt|Modest|||||50|]Delphox||Delphoxite|Magician|Psychic,HeatWave,NastyPlot,Protect|Timid||F|||50|]Whimsicott||FocusSash|Prankster|Moonblast,Tailwind,Charm,Protect|Timid||M|||50|
|inactive|Battle timer is ON: inactive players will automatically lose when time's up. (requested by Aketzagar18)
|c|☆Aketzagar18|i dont care what are u doing
|c|☆Aketzagar18|my brotherman
|c|☆xander.62|okay
|c|☆xander.62|so shut up
|c|☆Aketzagar18|no
|inactive|xander.62 has 60 seconds left.
|c|☆xander.62|ye
|c|☆Aketzagar18|no
|c|☆xander.62|ye
|c|☆Aketzagar18|play
|c|☆xander.62|no
|c|☆Aketzagar18|ok
|inactive|xander.62 has 30 seconds left.
|
|t:|1783877364
|teamsize|p1|4
|teamsize|p2|4
|start
|switch|p1a: Incineroar|Incineroar, L50, M|100/100
|switch|p1b: Blastoise|Blastoise, L50, F|100/100
|switch|p2a: Gholdengo|Gholdengo, L50|100/100
|switch|p2b: Whimsicott|Whimsicott, L50, M|100/100
|-ability|p1a: Incineroar|Intimidate|boost
|-unboost|p2a: Gholdengo|atk|1
|-unboost|p2b: Whimsicott|atk|1
|turn|1
|
|t:|1783877387
|move|p1b: Blastoise|Protect|p1b: Blastoise
|-singleturn|p1b: Blastoise|Protect
|move|p2a: Gholdengo|Power Gem|p1a: Incineroar
|-supereffective|p1a: Incineroar|1
|-damage|p1a: Incineroar|37/100
|-enditem|p1a: Incineroar|Sitrus Berry|[eat]
|-heal|p1a: Incineroar|62/100|[from] item: Sitrus Berry
|move|p2b: Whimsicott|Moonblast|p1a: Incineroar
|-damage|p1a: Incineroar|32/100
|move|p1a: Incineroar|Flare Blitz|p2a: Gholdengo
|-supereffective|p2a: Gholdengo|1
|-damage|p2a: Gholdengo|0 fnt
|faint|p2a: Gholdengo
|-damage|p1a: Incineroar|5/100|[from] Recoil
|
|upkeep
|
|t:|1783877406
|switch|p2a: Staraptor|Staraptor, L50, M|100/100
|-ability|p2a: Staraptor|Intimidate|boost
|-unboost|p1a: Incineroar|atk|1
|-unboost|p1b: Blastoise|atk|1
|turn|2
|inactive|Aketzagar18 has 30 seconds left.
|
|t:|1783877436
|detailschange|p2a: Staraptor|Staraptor-Mega, L50, M
|-mega|p2a: Staraptor|Staraptor|Staraptite
|move|p2b: Whimsicott|Charm|p2a: Staraptor
|-boost|p2a: Staraptor|atk|2
|move|p2a: Staraptor|Close Combat|p1b: Blastoise
|-damage|p1b: Blastoise|0 fnt
|-boost|p2a: Staraptor|def|1
|-boost|p2a: Staraptor|spd|1
|faint|p1b: Blastoise
|move|p1a: Incineroar|Flare Blitz|p2a: Staraptor
|-damage|p2a: Staraptor|75/100
|-damage|p1a: Incineroar|0 fnt|[from] Recoil
|faint|p1a: Incineroar
|
|upkeep
|
|t:|1783877444
|switch|p1b: Delphox|Delphox, L50, M|100/100
|switch|p1a: Sinistcha|Sinistcha, L50|100/100
|turn|3
|inactive|xander.62 has 30 seconds left.
|
|t:|1783877476
|detailschange|p1b: Delphox|Delphox-Mega, L50, M
|-mega|p1b: Delphox|Delphox|Delphoxite
|move|p1a: Sinistcha|Rage Powder|p1a: Sinistcha
|-singleturn|p1a: Sinistcha|move: Rage Powder
|move|p2b: Whimsicott|Tailwind|p2b: Whimsicott
|-sidestart|p2: xander.62|move: Tailwind
|move|p2a: Staraptor|Brave Bird|p1a: Sinistcha
|-supereffective|p1a: Sinistcha|1
|-damage|p1a: Sinistcha|0 fnt
|faint|p1a: Sinistcha
|-damage|p2a: Staraptor|38/100|[from] Recoil
|move|p1b: Delphox|Psyshock|p2a: Staraptor
|-supereffective|p2a: Staraptor|1
|-damage|p2a: Staraptor|0 fnt
|faint|p2a: Staraptor
|
|upkeep
|
|t:|1783877484
|switch|p2a: Garchomp|Garchomp, L50, M|100/100
|turn|4
|inactive|Aketzagar18 has 30 seconds left.
|c|☆xander.62|xd
|inactive|Aketzagar18 has 20 seconds left.
|inactive|Aketzagar18 has 15 seconds left.
|
|t:|1783877527
|move|p2b: Whimsicott|Protect|p2b: Whimsicott
|-singleturn|p2b: Whimsicott|Protect
|move|p1b: Delphox|Protect|p1b: Delphox
|-singleturn|p1b: Delphox|Protect
|move|p2a: Garchomp|Rock Slide|p1b: Delphox
|-activate|p1b: Delphox|move: Protect
|
|upkeep
|turn|5
|inactive|Aketzagar18 has 30 seconds left.
|
|t:|1783877552
|move|p2b: Whimsicott|Moonblast|p1b: Delphox
|-resisted|p1b: Delphox|1
|-damage|p1b: Delphox|83/100
|move|p2a: Garchomp|Rock Slide|p1b: Delphox
|-supereffective|p1b: Delphox|1
|-damage|p1b: Delphox|9/100
|-damage|p2a: Garchomp|90/100|[from] item: Life Orb
|cant|p1b: Delphox|flinch
|
|upkeep
|turn|6
|c|☆xander.62|tiktak lilbro
|
|t:|1783877563
|move|p1b: Delphox|Protect|p1b: Delphox
|-singleturn|p1b: Delphox|Protect
|move|p2b: Whimsicott|Moonblast|p1b: Delphox
|-activate|p1b: Delphox|move: Protect
|move|p2a: Garchomp|Rock Slide|p1b: Delphox
|-activate|p1b: Delphox|move: Protect
|
|-sideend|p2: xander.62|move: Tailwind
|upkeep
|turn|7
|
|t:|1783877569
|move|p1b: Delphox|Psyshock|p2a: Garchomp
|-damage|p2a: Garchomp|48/100
|move|p2b: Whimsicott|Moonblast|p1b: Delphox
|-resisted|p1b: Delphox|1
|-damage|p1b: Delphox|0 fnt
|faint|p1b: Delphox
|
|win|xander.62
||xander.62 is ready for game 3.
||Aketzagar18 is ready for game 3.
|uhtml|next|Next: Game 3 of 3
