|j|☆Charles Sumner
|j|☆washingtongargacha
|html|Charles Sumnerwashingtongargacha    
|uhtml|bestof|Game 2 of a best-of-3
|t:|1757695205
|gametype|doubles
|player|p1|Charles Sumner|pryce|1225
|player|p2|washingtongargacha|102|1195
|gen|9
|tier|[Gen 9] VGC 2025 Reg H (Bo3)
|rated|
|rule|Species Clause: Limit one of each Pokémon
|rule|Item Clause: Limit 1 of each item
|clearpoke
|poke|p1|Sneasler, L50, M|
|poke|p1|Indeedee, L50, M|
|poke|p1|Volcarona, L50, M|
|poke|p1|Ursaluna-Bloodmoon, L50, M|
|poke|p1|Annihilape, L50, M|
|poke|p1|Tyranitar, L50, M|
|poke|p2|Talonflame, L50, M|
|poke|p2|Gholdengo, L50|
|poke|p2|Dragonite, L50, F|
|poke|p2|Archaludon, L50, F|
|poke|p2|Tyranitar, L50, F|
|poke|p2|Garchomp, L50, F|
|teampreview|4
|showteam|p1|Sneasler||PsychicSeed|Unburden|CloseCombat,DireClaw,ThroatChop,Protect|||M|||50|,,,,,Dark]Indeedee||ChoiceScarf|PsychicSurge|ExpandingForce,TeraBlast,Trick,Protect|||M|||50|,,,,,Psychic]Volcarona||SitrusBerry|FlameBody|Overheat,StruggleBug,RagePowder,Tailwind|||M|||50|,,,,,Grass]Ursaluna-Bloodmoon||LifeOrb|MindsEye|BloodMoon,HyperVoice,EarthPower,Protect|||M|||50|,,,,,Normal]Annihilape||SafetyGoggles|Defiant|CloseCombat,RageFist,Taunt,FinalGambit|||M|||50|,,,,,Fairy]Tyranitar||AssaultVest|SandStream|RockSlide,KnockOff,TeraBlast,LowKick|||M|||50|,,,,,Flying
|showteam|p2|Talonflame||LifeOrb|GaleWings|Tailwind,DualWingbeat,Taunt,FlareBlitz|||M|||50|,,,,,Ghost]Gholdengo||ChoiceSpecs|GoodasGold|MakeItRain,SteelBeam,ShadowBall,PowerGem||||||50|,,,,,Flying]Dragonite||LoadedDice|Multiscale|ScaleShot,IceSpinner,Haze,Protect|||F|||50|,,,,,Steel]Archaludon||PowerHerb|Sturdy|FlashCannon,ElectroShot,DracoMeteor,Protect|||F|||50|,,,,,Flying]Tyranitar||AssaultVest|SandStream|KnockOff,RockSlide,TeraBlast,LowKick|||F|||50|,,,,,Flying]Garchomp||EarthPlate|RoughSkin|DragonClaw,StompingTantrum,Earthquake,Protect|||F|||50|,,,,,Steel
|inactive|Battle timer is ON: inactive players will automatically lose when time's up. (requested by Charles Sumner)
|
|t:|1757695234
|teamsize|p1|4
|teamsize|p2|4
|start
|switch|p1a: Tyranitar|Tyranitar, L50, M|100/100
|switch|p1b: Volcarona|Volcarona, L50, M|100/100
|switch|p2a: Gholdengo|Gholdengo, L50|100/100
|switch|p2b: Garchomp|Garchomp, L50, F|100/100
|-weather|Sandstorm|[from] ability: Sand Stream|[of] p1a: Tyranitar
|turn|1
|inactive|Charles Sumner has 30 seconds left.
|
|t:|1757695266
|-terastallize|p1a: Tyranitar|Flying
|move|p2b: Garchomp|Stomping Tantrum|p1b: Volcarona
|-damage|p1b: Volcarona|45/100
|-enditem|p1b: Volcarona|Sitrus Berry|[eat]
|-heal|p1b: Volcarona|70/100|[from] item: Sitrus Berry
|move|p1b: Volcarona|Tailwind|p1b: Volcarona
|-sidestart|p1: Charles Sumner|move: Tailwind
|move|p1a: Tyranitar|Knock Off|p2a: Gholdengo
|-supereffective|p2a: Gholdengo
|-damage|p2a: Gholdengo|0 fnt
|-enditem|p2a: Gholdengo|Choice Specs|[from] move: Knock Off|[of] p1a: Tyranitar
|faint|p2a: Gholdengo
|
|-weather|Sandstorm|[upkeep]
|-damage|p1b: Volcarona|64/100|[from] Sandstorm
|-damage|p1a: Tyranitar|95/100|[from] Sandstorm
|upkeep
|
|t:|1757695279
|switch|p2a: Tyranitar|Tyranitar, L50, F|100/100
|turn|2
|inactive|Charles Sumner has 30 seconds left.
|
|t:|1757695312
|move|p1b: Volcarona|Rage Powder|p1b: Volcarona
|-singleturn|p1b: Volcarona|move: Rage Powder
|move|p1a: Tyranitar|Knock Off|p2a: Tyranitar
|-resisted|p2a: Tyranitar
|-damage|p2a: Tyranitar|75/100
|-enditem|p2a: Tyranitar|Assault Vest|[from] move: Knock Off|[of] p1a: Tyranitar
|move|p2b: Garchomp|Stomping Tantrum|p1b: Volcarona
|-damage|p1b: Volcarona|9/100
|move|p2a: Tyranitar|Rock Slide|p1a: Tyranitar|[spread] p1a
|-miss|p2a: Tyranitar|p1b: Volcarona
|-supereffective|p1a: Tyranitar
|-damage|p1a: Tyranitar|39/100
|
|-weather|Sandstorm|[upkeep]
|-damage|p1b: Volcarona|3/100|[from] Sandstorm
|-damage|p1a: Tyranitar|33/100|[from] Sandstorm
|upkeep
|turn|3
|
|t:|1757695334
|move|p2b: Garchomp|Protect|p2b: Garchomp
|-singleturn|p2b: Garchomp|Protect
|move|p1b: Volcarona|Overheat|p2a: Tyranitar
|-resisted|p2a: Tyranitar
|-damage|p2a: Tyranitar|58/100
|-unboost|p1b: Volcarona|spa|2
|move|p1a: Tyranitar|Low Kick|p2a: Tyranitar
|-supereffective|p2a: Tyranitar
|-damage|p2a: Tyranitar|0 fnt
|faint|p2a: Tyranitar
|
|-weather|Sandstorm|[upkeep]
|-damage|p1b: Volcarona|0 fnt|[from] Sandstorm
|-damage|p1a: Tyranitar|27/100|[from] Sandstorm
|faint|p1b: Volcarona
|upkeep
|
|t:|1757695354
|switch|p1b: Indeedee|Indeedee, L50, M|100/100
|switch|p2a: Archaludon|Archaludon, L50, F|100/100
|-fieldstart|move: Psychic Terrain|[from] ability: Psychic Surge|[of] p1b: Indeedee
|turn|4
|inactive|Charles Sumner has 30 seconds left.
|inactive|washingtongargacha has 30 seconds left.
|
|t:|1757695388
|-terastallize|p2a: Archaludon|Flying
|move|p1b: Indeedee|Expanding Force|p2b: Garchomp|[spread] p2a,p2b
|-damage|p2a: Archaludon|19/100
|-damage|p2b: Garchomp|39/100
|move|p1a: Tyranitar|Knock Off|p2b: Garchomp
|-damage|p2b: Garchomp|0 fnt
|-damage|p1a: Tyranitar|15/100|[from] ability: Rough Skin|[of] p2b: Garchomp
|-enditem|p2b: Garchomp|Earth Plate|[from] move: Knock Off|[of] p1a: Tyranitar
|faint|p2b: Garchomp
|move|p2a: Archaludon|Flash Cannon|p1b: Indeedee
|-damage|p1b: Indeedee|41/100
|
|-weather|Sandstorm|[upkeep]
|-damage|p1b: Indeedee|35/100|[from] Sandstorm
|-damage|p1a: Tyranitar|9/100|[from] Sandstorm
|-damage|p2a: Archaludon|13/100|[from] Sandstorm
|-sideend|p1: Charles Sumner|move: Tailwind
|upkeep
|turn|5
|-message|washingtongargacha forfeited.
|
|win|Charles Sumner
|raw|Charles Sumner's rating: 1225 → 1248(+23 for winning)
|raw|washingtongargacha's rating: 1195 → 1172(-23 for losing)
