|j|☆hexagonfoot
|j|☆Destinyherostratos
|html|hexagonfootDestinyherostratos    
|uhtml|bestof|Game 2 of a best-of-3
|t:|1756691141
|gametype|doubles
|player|p1|hexagonfoot|caitlin|1195
|player|p2|Destinyherostratos|265|1217
|gen|9
|tier|[Gen 9] VGC 2025 Reg H (Bo3)
|rated|
|rule|Species Clause: Limit one of each Pokémon
|rule|Item Clause: Limit 1 of each item
|clearpoke
|poke|p1|Kingambit, L50, F|
|poke|p1|Primarina, L50, M|
|poke|p1|Sneasler, L50, M|
|poke|p1|Magmar, L50, M|
|poke|p1|Rillaboom, L50, M|
|poke|p1|Dragapult, L50, M|
|poke|p2|Gothitelle, L50, F|
|poke|p2|Gholdengo, L50|
|poke|p2|Politoed, L50, F|
|poke|p2|Kingdra, L50, M|
|poke|p2|Amoonguss, L50, M|
|poke|p2|Incineroar, L50, F|
|teampreview|4
|showteam|p1|Kingambit||BlackGlasses|Defiant|KowtowCleave,SuckerPunch,SwordsDance,Protect|||F|||50|,,,,,Ghost]Primarina||SitrusBerry|LiquidVoice|HyperVoice,Moonblast,Haze,Protect|||M|||50|,,,,,Water]Sneasler||FocusSash|PoisonTouch|CloseCombat,DireClaw,FakeOut,Protect|||M|||50|,,,,,Stellar]Magmar||Eviolite|VitalSpirit|Overheat,WillOWisp,FollowMe,Protect|||M|||50|,,,,,Ghost]Rillaboom||AssaultVest|GrassySurge|WoodHammer,GrassyGlide,HighHorsepower,FakeOut|||M|||50|,,,,,Fire]Dragapult||ChoiceBand|ClearBody|DragonDarts,PhantomForce,TeraBlast,Uturn|||M|||50|,,,,,Ghost
|showteam|p2|Gothitelle||SitrusBerry|ShadowTag|Protect,Psychic,FakeOut,TrickRoom|||F|||50|,,,,,Dark]Gholdengo||MetalCoat|GoodasGold|MakeItRain,ShadowBall,NastyPlot,Protect||||||50|,,,,,Steel]Politoed||Leftovers|Drizzle|Protect,PerishSong,Encore,WeatherBall|||F|||50|,,,,,Grass]Kingdra||LifeOrb|SwiftSwim|Protect,WeatherBall,DracoMeteor,Disable|||M|||50|,,,,,Water]Amoonguss||RockyHelmet|Regenerator|Protect,Spore,RagePowder,PollenPuff|||M|||50|,,,,,Fairy]Incineroar||SafetyGoggles|Intimidate|Protect,KnockOff,PartingShot,FakeOut|||F|||50|,,,,,Bug
|inactive|Battle timer is ON: inactive players will automatically lose when time's up. (requested by hexagonfoot)
|
|t:|1756691157
|teamsize|p1|4
|teamsize|p2|4
|start
|switch|p1a: Canary Wharf|Primarina, L50, M|100/100
|switch|p1b: Headstone Lane|Dragapult, L50, M|100/100
|switch|p2a: Politoed|Politoed, L50, F|100/100
|switch|p2b: Kingdra|Kingdra, L50, M|100/100
|-weather|RainDance|[from] ability: Drizzle|[of] p2a: Politoed
|turn|1
|
|t:|1756691176
|switch|p1b: Seven Kings|Kingambit, L50, F|100/100
|-terastallize|p2b: Kingdra|Water
|move|p2b: Kingdra|Weather Ball|p1a: Canary Wharf
|-resisted|p1a: Canary Wharf
|-damage|p1a: Canary Wharf|53/100
|-damage|p2b: Kingdra|91/100|[from] item: Life Orb
|move|p2a: Politoed|Weather Ball|p1a: Canary Wharf
|-resisted|p1a: Canary Wharf
|-damage|p1a: Canary Wharf|33/100
|-enditem|p1a: Canary Wharf|Sitrus Berry|[eat]
|-heal|p1a: Canary Wharf|58/100|[from] item: Sitrus Berry
|move|p1a: Canary Wharf|Moonblast|p2b: Kingdra
|-damage|p2b: Kingdra|34/100
|-unboost|p2b: Kingdra|spa|1
|
|-weather|RainDance|[upkeep]
|upkeep
|turn|2
|j| All My Ape Gone
|inactive|hexagonfoot has 30 seconds left.
|
|t:|1756691209
|switch|p2b: Amoonguss|Amoonguss, L50, M|100/100
|move|p2a: Politoed|Weather Ball|p1b: Seven Kings
|-damage|p1b: Seven Kings|56/100
|move|p1a: Canary Wharf|Moonblast|p2a: Politoed
|-damage|p2a: Politoed|60/100
|move|p1b: Seven Kings|Swords Dance|p1b: Seven Kings
|-boost|p1b: Seven Kings|atk|2
|
|-weather|RainDance|[upkeep]
|-heal|p2a: Politoed|66/100|[from] item: Leftovers
|upkeep
|turn|3
|
|t:|1756691227
|move|p2a: Politoed|Encore|p1b: Seven Kings
|-start|p1b: Seven Kings|Encore
|move|p1a: Canary Wharf|Hyper Voice|p2a: Politoed|[spread] p2a,p2b
|-resisted|p2a: Politoed
|-resisted|p2b: Amoonguss
|-damage|p2a: Politoed|47/100
|-damage|p2b: Amoonguss|84/100
|move|p1b: Seven Kings|Swords Dance|p1b: Seven Kings
|-boost|p1b: Seven Kings|atk|2
|move|p2b: Amoonguss|Spore|p1a: Canary Wharf
|-status|p1a: Canary Wharf|slp|[from] move: Spore
|
|-weather|RainDance|[upkeep]
|-heal|p2a: Politoed|53/100|[from] item: Leftovers
|upkeep
|turn|4
|inactive|hexagonfoot has 30 seconds left.
|
|t:|1756691252
|switch|p1b: Hampstead Heath|Rillaboom, L50, M|100/100
|-fieldstart|move: Grassy Terrain|[from] ability: Grassy Surge|[of] p1b: Hampstead Heath
|move|p2a: Politoed|Weather Ball|p1b: Hampstead Heath
|-resisted|p1b: Hampstead Heath
|-damage|p1b: Hampstead Heath|81/100
|cant|p1a: Canary Wharf|slp
|move|p2b: Amoonguss|Pollen Puff|p2a: Politoed
|-heal|p2a: Politoed|100/100
|
|-weather|RainDance|[upkeep]
|-heal|p1b: Hampstead Heath|87/100|[from] Grassy Terrain
|-heal|p1a: Canary Wharf|64/100 slp|[from] Grassy Terrain
|-heal|p2b: Amoonguss|90/100|[from] Grassy Terrain
|upkeep
|turn|5
|l| All My Ape Gone
|
|t:|1756691275
|switch|p2a: Gholdengo|Gholdengo, L50|100/100
|move|p1b: Hampstead Heath|Wood Hammer|p2a: Gholdengo
|-resisted|p2a: Gholdengo
|-damage|p2a: Gholdengo|57/100
|-damage|p1b: Hampstead Heath|73/100|[from] Recoil
|cant|p1a: Canary Wharf|slp
|move|p2b: Amoonguss|Pollen Puff|p1b: Hampstead Heath
|-supereffective|p1b: Hampstead Heath
|-damage|p1b: Hampstead Heath|47/100
|
|-weather|none
|-heal|p2a: Gholdengo|63/100|[from] Grassy Terrain
|-heal|p1b: Hampstead Heath|53/100|[from] Grassy Terrain
|-heal|p1a: Canary Wharf|70/100 slp|[from] Grassy Terrain
|-heal|p2b: Amoonguss|96/100|[from] Grassy Terrain
|upkeep
|turn|6
|inactive|hexagonfoot has 30 seconds left.
|inactive|Destinyherostratos has 30 seconds left.
|
|t:|1756691306
|-terastallize|p1a: Canary Wharf|Water
|move|p2a: Gholdengo|Make It Rain|p1b: Hampstead Heath|[spread] p1a,p1b
|-resisted|p1a: Canary Wharf
|-damage|p1a: Canary Wharf|48/100 slp
|-damage|p1b: Hampstead Heath|7/100
|-unboost|p2a: Gholdengo|spa|1
|move|p1b: Hampstead Heath|High Horsepower|p2a: Gholdengo
|-supereffective|p2a: Gholdengo
|-damage|p2a: Gholdengo|0 fnt
|faint|p2a: Gholdengo
|cant|p1a: Canary Wharf|slp
|move|p2b: Amoonguss|Pollen Puff|p2: Gholdengo|[notarget]
|-fail|p2b: Amoonguss
|
|-heal|p1b: Hampstead Heath|13/100|[from] Grassy Terrain
|-heal|p1a: Canary Wharf|54/100 slp|[from] Grassy Terrain
|-heal|p2b: Amoonguss|100/100|[from] Grassy Terrain
|upkeep
|
|t:|1756691322
|switch|p2a: Kingdra|Kingdra, L50, M, tera:Water|34/100
|turn|7
|inactive|hexagonfoot has 30 seconds left.
|
|t:|1756691348
|switch|p1b: Headstone Lane|Dragapult, L50, M|100/100
|move|p2a: Kingdra|Protect|p2a: Kingdra
|-singleturn|p2a: Kingdra|Protect
|-curestatus|p1a: Canary Wharf|slp|[msg]
|move|p1a: Canary Wharf|Moonblast|p2b: Amoonguss
|-resisted|p2b: Amoonguss
|-damage|p2b: Amoonguss|85/100
|move|p2b: Amoonguss|Spore|p1a: Canary Wharf
|-status|p1a: Canary Wharf|slp|[from] move: Spore
|
|-heal|p2a: Kingdra|40/100|[from] Grassy Terrain
|-heal|p1a: Canary Wharf|60/100 slp|[from] Grassy Terrain
|-heal|p2b: Amoonguss|91/100|[from] Grassy Terrain
|upkeep
|turn|8
|inactive|hexagonfoot has 30 seconds left.
|
|t:|1756691374
|switch|p1b: Seven Kings|Kingambit, L50, F|56/100
|move|p2b: Amoonguss|Rage Powder|p2b: Amoonguss
|-singleturn|p2b: Amoonguss|move: Rage Powder
|move|p2a: Kingdra|Draco Meteor|p1b: Seven Kings
|-resisted|p1b: Seven Kings
|-damage|p1b: Seven Kings|22/100
|-unboost|p2a: Kingdra|spa|2
|-damage|p2a: Kingdra|30/100|[from] item: Life Orb
|cant|p1a: Canary Wharf|slp
|
|-heal|p2a: Kingdra|36/100|[from] Grassy Terrain
|-heal|p1a: Canary Wharf|66/100 slp|[from] Grassy Terrain
|-heal|p1b: Seven Kings|28/100|[from] Grassy Terrain
|-heal|p2b: Amoonguss|97/100|[from] Grassy Terrain
|-fieldend|move: Grassy Terrain
|upkeep
|turn|9
|
|t:|1756691394
|switch|p2a: Politoed|Politoed, L50, F|100/100
|-weather|RainDance|[from] ability: Drizzle|[of] p2a: Politoed
|-curestatus|p1a: Canary Wharf|slp|[msg]
|move|p1a: Canary Wharf|Hyper Voice|p2a: Politoed|[spread] p2a,p2b
|-resisted|p2a: Politoed
|-resisted|p2b: Amoonguss
|-damage|p2a: Politoed|75/100
|-damage|p2b: Amoonguss|72/100
|move|p1b: Seven Kings|Kowtow Cleave|p2b: Amoonguss
|-damage|p2b: Amoonguss|18/100
|-damage|p1b: Seven Kings|12/100|[from] item: Rocky Helmet|[of] p2b: Amoonguss
|move|p2b: Amoonguss|Spore|p1b: Seven Kings
|-status|p1b: Seven Kings|slp|[from] move: Spore
|
|-weather|RainDance|[upkeep]
|-heal|p2a: Politoed|81/100|[from] item: Leftovers
|upkeep
|turn|10
|
|t:|1756691418
|switch|p2b: Kingdra|Kingdra, L50, M, tera:Water|36/100
|cant|p1b: Seven Kings|slp
|move|p2a: Politoed|Weather Ball|p1b: Seven Kings
|-damage|p1b: Seven Kings|0 fnt
|faint|p1b: Seven Kings
|move|p1a: Canary Wharf|Hyper Voice|p2b: Kingdra|[spread] p2a,p2b
|-resisted|p2a: Politoed
|-resisted|p2b: Kingdra
|-damage|p2a: Politoed|56/100
|-damage|p2b: Kingdra|0 fnt
|faint|p2b: Kingdra
|
|-weather|RainDance|[upkeep]
|-heal|p2a: Politoed|62/100|[from] item: Leftovers
|upkeep
|
|t:|1756691432
|switch|p2b: Amoonguss|Amoonguss, L50, M|51/100
|switch|p1b: Hampstead Heath|Rillaboom, L50, M|13/100
|-fieldstart|move: Grassy Terrain|[from] ability: Grassy Surge|[of] p1b: Hampstead Heath
|turn|11
|
|t:|1756691447
|move|p1b: Hampstead Heath|Fake Out|p2b: Amoonguss
|-damage|p2b: Amoonguss|37/100
|-damage|p1b: Hampstead Heath|0 fnt|[from] item: Rocky Helmet|[of] p2b: Amoonguss
|faint|p1b: Hampstead Heath
|move|p2a: Politoed|Encore|p1a: Canary Wharf
|-start|p1a: Canary Wharf|Encore
|move|p1a: Canary Wharf|Hyper Voice|p2a: Politoed|[spread] p2a,p2b
|-resisted|p2a: Politoed
|-resisted|p2b: Amoonguss
|-damage|p2a: Politoed|36/100
|-damage|p2b: Amoonguss|14/100
|cant|p2b: Amoonguss|flinch
|
|-weather|RainDance|[upkeep]
|-heal|p2a: Politoed|42/100|[from] Grassy Terrain
|-heal|p2a: Politoed|48/100|[from] item: Leftovers
|-heal|p1a: Canary Wharf|72/100|[from] Grassy Terrain
|-heal|p2b: Amoonguss|20/100|[from] Grassy Terrain
|upkeep
|
|t:|1756691459
|switch|p1b: Headstone Lane|Dragapult, L50, M|100/100
|turn|12
|
|t:|1756691467
|move|p2b: Amoonguss|Protect|p2b: Amoonguss
|-singleturn|p2b: Amoonguss|Protect
|move|p1b: Headstone Lane|Dragon Darts|p2a: Politoed
|-damage|p2a: Politoed|9/100
|-anim|p1b: Headstone Lane|Dragon Darts|p2a: Politoed
|-damage|p2a: Politoed|0 fnt
|faint|p2a: Politoed
|move|p1a: Canary Wharf|Hyper Voice|p2b: Amoonguss
|-activate|p2b: Amoonguss|move: Protect
|
|-weather|RainDance|[upkeep]
|-heal|p1a: Canary Wharf|78/100|[from] Grassy Terrain
|-heal|p2b: Amoonguss|26/100|[from] Grassy Terrain
|upkeep
|turn|13
|-message|Destinyherostratos forfeited.
|
|win|hexagonfoot
|raw|hexagonfoot's rating: 1195 → 1222(+27 for winning)
|raw|Destinyherostratos's rating: 1217 → 1190(-27 for losing)
