|j|☆Invoker Kuzan
|j|☆bwahacough
|html|Invoker Kuzanbwahacough    
|uhtml|bestof|Game 2 of a best-of-3
|t:|1756339589
|gametype|doubles
|player|p1|Invoker Kuzan|marnie-masters3|1281
|player|p2|bwahacough|medium|1323
|gen|9
|tier|[Gen 9] VGC 2025 Reg H (Bo3)
|rated|
|rule|Species Clause: Limit one of each Pokémon
|rule|Item Clause: Limit 1 of each item
|clearpoke
|poke|p1|Indeedee-F, L50, F|
|poke|p1|Hatterene, L50, F|
|poke|p1|Gallade, L50, M|
|poke|p1|Ursaluna, L50, M|
|poke|p1|Lilligant-Hisui, L50, F|
|poke|p1|Torkoal, L50, M|
|poke|p2|Lycanroc, L50, F|
|poke|p2|Tyranitar, L50, F|
|poke|p2|Indeedee-F, L50, F|
|poke|p2|Sinistcha-Masterpiece, L50|
|poke|p2|Delphox, L50, F|
|poke|p2|Murkrow, L50, M|
|teampreview|4
|showteam|p1|Indeedee-F||PsychicSeed|PsychicSurge|TrickRoom,FollowMe,HelpingHand,DazzlingGleam|||F|||50|,,,,,Fire]Hatterene||LifeOrb|MagicBounce|ExpandingForce,TrickRoom,DazzlingGleam,Protect|||F|||50|,,,,,Psychic]Gallade||ClearAmulet|Sharpness|PsychoCut,TrickRoom,SacredSword,WideGuard|||M|||50|,,,,,Grass]Ursaluna||FlameOrb|Guts|HeadlongRush,Facade,SwordsDance,Protect|||M|||50|,,,,,Ghost]Lilligant-Hisui||FocusSash|Chlorophyll|SolarBlade,SleepPowder,CloseCombat,AfterYou|||F|||50|,,,,,Ghost]Torkoal||ChoiceSpecs|Drought|Eruption,HeatWave,WeatherBall,EarthPower|||M|||50|,,,,,Fire
|showteam|p2|Lycanroc||FocusSash|SandRush|RockSlide,CloseCombat,Protect,PsychicFangs|||F|||50|,,,,,Fighting]Tyranitar||ClearAmulet|SandStream|RockSlide,KnockOff,Protect,TeraBlast|||F|||50|,,,,,Grass]Indeedee-F||SafetyGoggles|PsychicSurge|Psychic,FollowMe,Protect,HelpingHand|||F|||50|,,,,,Fairy]Sinistcha-Masterpiece||SitrusBerry|Hospitality|MatchaGotcha,ShadowBall,TrickRoom,RagePowder||||||50|,,,,,Dark]Delphox||LifeOrb|Blaze|HeatWave,ExpandingForce,TeraBlast,Protect|||F|||50|,,,,,Fighting]Murkrow||Eviolite|Prankster|FoulPlay,Tailwind,Haze,IcyWind|||M|||50|,,,,,Steel
|
|t:|1756339595
|teamsize|p1|4
|teamsize|p2|4
|start
|switch|p1a: Indeedee|Indeedee-F, L50, F, shiny|100/100
|switch|p1b: Gallade|Gallade, L50, M, shiny|100/100
|switch|p2a: Delphox|Delphox, L50, F, shiny|100/100
|switch|p2b: Tyranitar|Tyranitar, L50, F|100/100
|-weather|Sandstorm|[from] ability: Sand Stream|[of] p2b: Tyranitar
|-fieldstart|move: Psychic Terrain|[from] ability: Psychic Surge|[of] p1a: Indeedee
|-enditem|p1a: Indeedee|Psychic Seed
|-boost|p1a: Indeedee|spd|1|[from] item: Psychic Seed
|turn|1
|inactive|Battle timer is ON: inactive players will automatically lose when time's up. (requested by Invoker Kuzan)
|
|t:|1756339606
|-terastallize|p2b: Tyranitar|Grass
|move|p2a: Delphox|Expanding Force|p1a: Indeedee|[spread] p1a,p1b
|-resisted|p1a: Indeedee
|-damage|p1a: Indeedee|76/100
|-damage|p1b: Gallade|33/100
|-damage|p2a: Delphox|91/100|[from] item: Life Orb
|move|p1b: Gallade|Sacred Sword|p2b: Tyranitar
|-damage|p2b: Tyranitar|36/100
|move|p2b: Tyranitar|Knock Off|p1a: Indeedee
|-supereffective|p1a: Indeedee
|-damage|p1a: Indeedee|8/100
|move|p1a: Indeedee|Trick Room|p1a: Indeedee
|-fieldstart|move: Trick Room|[of] p1a: Indeedee
|
|-weather|Sandstorm|[upkeep]
|-damage|p1a: Indeedee|2/100|[from] Sandstorm
|-damage|p2b: Tyranitar|30/100|[from] Sandstorm
|-damage|p1b: Gallade|28/100|[from] Sandstorm
|-damage|p2a: Delphox|85/100|[from] Sandstorm
|upkeep
|turn|2
|
|t:|1756339619
|switch|p2b: Sinistcha|Sinistcha-Masterpiece, L50, shiny|100/100
|-heal|p2a: Delphox|100/100|[from] ability: Hospitality|[of] p2b: Sinistcha
|move|p1a: Indeedee|Dazzling Gleam|p2b: Sinistcha|[spread] p2a,p2b
|-resisted|p2a: Delphox
|-damage|p2a: Delphox|93/100
|-damage|p2b: Sinistcha|86/100
|move|p1b: Gallade|Sacred Sword|p2b: Sinistcha
|-immune|p2b: Sinistcha
|move|p2a: Delphox|Expanding Force|p1a: Indeedee|[spread] p1a,p1b
|-resisted|p1a: Indeedee
|-damage|p1a: Indeedee|0 fnt
|-damage|p1b: Gallade|0 fnt
|faint|p1a: Indeedee
|faint|p1b: Gallade
|-damage|p2a: Delphox|83/100|[from] item: Life Orb
|
|-weather|Sandstorm|[upkeep]
|-damage|p2b: Sinistcha|80/100|[from] Sandstorm
|-damage|p2a: Delphox|77/100|[from] Sandstorm
|upkeep
|
|t:|1756339623
|switch|p1a: Torkoal|Torkoal, L50, M, shiny|100/100
|switch|p1b: Ursaluna|Ursaluna, L50, M, shiny|100/100
|-weather|SunnyDay|[from] ability: Drought|[of] p1a: Torkoal
|turn|3
|
|t:|1756339629
|switch|p2b: Tyranitar|Tyranitar, L50, F, tera:Grass|30/100
|-weather|Sandstorm|[from] ability: Sand Stream|[of] p2b: Tyranitar
|-terastallize|p1a: Torkoal|Fire
|move|p2a: Delphox|Protect|p2a: Delphox
|-singleturn|p2a: Delphox|Protect
|move|p1a: Torkoal|Eruption|p2b: Tyranitar|[spread] p2b
|-activate|p2a: Delphox|move: Protect
|-supereffective|p2b: Tyranitar
|-damage|p2b: Tyranitar|0 fnt
|faint|p2b: Tyranitar
|move|p1b: Ursaluna|Swords Dance|p1b: Ursaluna
|-boost|p1b: Ursaluna|atk|2
|
|-weather|Sandstorm|[upkeep]
|-damage|p1a: Torkoal|94/100|[from] Sandstorm
|-damage|p2a: Delphox|71/100|[from] Sandstorm
|-status|p1b: Ursaluna|brn|[from] item: Flame Orb
|upkeep
|
|t:|1756339638
|switch|p2b: Sinistcha|Sinistcha-Masterpiece, L50, shiny|80/100
|-heal|p2a: Delphox|95/100|[from] ability: Hospitality|[of] p2b: Sinistcha
|turn|4
|
|t:|1756339645
|switch|p2a: Lycanroc|Lycanroc, L50, F|100/100
|move|p1a: Torkoal|Eruption|p2b: Sinistcha|[spread] p2a,p2b
|-resisted|p2a: Lycanroc
|-supereffective|p2b: Sinistcha
|-damage|p2a: Lycanroc|50/100
|-damage|p2b: Sinistcha|0 fnt
|faint|p2b: Sinistcha
|move|p1b: Ursaluna|Facade|p2a: Lycanroc
|-resisted|p2a: Lycanroc
|-damage|p2a: Lycanroc|0 fnt
|faint|p2a: Lycanroc
|
|-weather|Sandstorm|[upkeep]
|-damage|p1a: Torkoal|88/100|[from] Sandstorm
|-damage|p1b: Ursaluna|95/100 brn|[from] brn
|upkeep
|
|t:|1756339647
|switch|p2b: Delphox|Delphox, L50, F, shiny|95/100
|turn|5
|
|t:|1756339657
|move|p2b: Delphox|Protect|p2b: Delphox
|-singleturn|p2b: Delphox|Protect
|move|p1a: Torkoal|Eruption|p2b: Delphox
|-activate|p2b: Delphox|move: Protect
|move|p1b: Ursaluna|Facade|p2b: Delphox
|-activate|p2b: Delphox|move: Protect
|
|-weather|Sandstorm|[upkeep]
|-damage|p1a: Torkoal|82/100|[from] Sandstorm
|-damage|p2b: Delphox|89/100|[from] Sandstorm
|-damage|p1b: Ursaluna|89/100 brn|[from] brn
|-fieldend|move: Trick Room
|-fieldend|move: Psychic Terrain
|upkeep
|turn|6
|
|t:|1756339664
|move|p2b: Delphox|Expanding Force|p1b: Ursaluna
|-damage|p1b: Ursaluna|46/100 brn
|-damage|p2b: Delphox|79/100|[from] item: Life Orb
|move|p1b: Ursaluna|Facade|p2b: Delphox
|-damage|p2b: Delphox|0 fnt
|faint|p2b: Delphox
|
|win|Invoker Kuzan
|raw|Invoker Kuzan's rating: 1281 → 1309(+28 for winning)
|raw|bwahacough's rating: 1323 → 1301(-22 for losing)
|l|☆bwahacough
|player|p2|
