|j|Ōśåpoppliolord
|j|Ōśåcamapplk
|html|poppliolordcamapplk    
|uhtml|bestof|Game 1 of a best-of-3
|t:|1784328594
|gametype|doubles
|player|p1|poppliolord|n|
|player|p2|camapplk|pokefan|
|gen|9
|tier|[Gen 9 Champions] VGC 2026 Reg M-B (Bo3)
|rule|Species Clause: Limit one of each Pok├®mon
|rule|Item Clause: Limit 1 of each item
|clearpoke
|poke|p1|Gardevoir, L50, M, shiny|
|poke|p1|Ceruledge, L50, M|
|poke|p1|Scrafty, L50, M|
|poke|p1|Noivern, L50, F|
|poke|p1|Torterra, L50, F, shiny|
|poke|p1|Kingambit, L50, M, shiny|
|poke|p2|Toxicroak, L50, M|
|poke|p2|Sableye, L50, F|
|poke|p2|Mamoswine, L50, F|
|poke|p2|Scovillain, L50, F|
|poke|p2|Dragonite, L50, F|
|poke|p2|Jolteon, L50, F|
|teampreview|4
|showteam|p1|Gardevoir||Gardevoirite|Synchronize|HyperVoice,Psychic,TrickRoom,Protect|Modest||M|||50|]Ceruledge||Leftovers|WeakArmor|BitterBlade,ShadowSneak,BulkUp,Protect|Adamant||M|||50|]Scrafty||SitrusBerry|Intimidate|FakeOut,DrainPunch,KnockOff,Protect|Careful||M|||50|]Noivern||FocusSash|Frisk|Tailwind,DracoMeteor,AirSlash,Protect|Timid||F|||50|]Torterra||LifeOrb|ShellArmor|WoodHammer,HeadlongRush,Earthquake,Protect|Adamant||F|||50|]Kingambit||ShucaBerry|Defiant|KowtowCleave,SuckerPunch,IronHead,Protect|Adamant||M|||50|
|showteam|p2|Toxicroak||ExpertBelt|DrySkin|LowKick,FakeOut,CloseCombat,Protect|Adamant||M|||50|]Sableye||Sablenite|Prankster|FakeOut,Encore,RainDance,Taunt|Calm||F|||50|]Mamoswine||SitrusBerry|ThickFat|HighHorsepower,IcicleSpear,HeavySlam,Protect|Serious||F|||50|]Scovillain||ChartiBerry|Chlorophyll|HelpingHand,RagePowder,WillOWisp,Overheat|Timid||F|||50|]Dragonite||Dragoninite|InnerFocus|Flamethrower,Hurricane,DragonPulse,Protect|Modest||F|||50|]Jolteon||FocusSash|VoltAbsorb|EerieImpulse,Thunder,Yawn,WeatherBall|Modest||F|||50|
|c|Ōśåpoppliolord|No ots
|c|Ōśåcamapplk|yup
|
|t:|1784328657
|teamsize|p1|4
|teamsize|p2|4
|start
|switch|p1a: Dr Langstrom|Noivern, L50, F|100/100
|switch|p1b: Gardevoir|Gardevoir, L50, M, shiny|100/100
|switch|p2a: Dragonite|Dragonite, L50, F|100/100
|switch|p2b: Mamoswine|Mamoswine, L50, F|100/100
|-item|p2a: Dragonite|Dragoninite|[from] ability: Frisk|[of] p1a: Dr Langstrom
|-item|p2b: Mamoswine|Sitrus Berry|[from] ability: Frisk|[of] p1a: Dr Langstrom
|turn|1
|
|t:|1784328675
|detailschange|p1b: Gardevoir|Gardevoir-Mega, L50, M, shiny
|-mega|p1b: Gardevoir|Gardevoir|Gardevoirite
|move|p2a: Dragonite|Protect|p2a: Dragonite
|-singleturn|p2a: Dragonite|Protect
|move|p1a: Dr Langstrom|Tailwind|p1a: Dr Langstrom
|-sidestart|p1: poppliolord|move: Tailwind
|move|p1b: Gardevoir|Hyper Voice|p2b: Mamoswine|[spread] p2b
|-activate|p2a: Dragonite|move: Protect
|-damage|p2b: Mamoswine|32/100
|-enditem|p2b: Mamoswine|Sitrus Berry|[eat]
|-heal|p2b: Mamoswine|57/100|[from] item: Sitrus Berry
|move|p2b: Mamoswine|Heavy Slam|p1b: Gardevoir
|-supereffective|p1b: Gardevoir|1
|-damage|p1b: Gardevoir|0 fnt
|faint|p1b: Gardevoir
|
|upkeep
|
|t:|1784328695
|switch|p1b: Cervantes|Ceruledge, L50, M|100/100
|turn|2
|inactive|Battle timer is ON: inactive players will automatically lose when time's up. (requested by poppliolord)
|
|t:|1784328710
|switch|p2a: Sableye|Sableye, L50, F|100/100
|move|p2b: Mamoswine|Protect|p2b: Mamoswine
|-singleturn|p2b: Mamoswine|Protect
|move|p1a: Dr Langstrom|Draco Meteor|p2a: Sableye
|-damage|p2a: Sableye|40/100
|-unboost|p1a: Dr Langstrom|spa|2
|move|p1b: Cervantes|Bitter Blade|p2b: Mamoswine
|-activate|p2b: Mamoswine|move: Protect
|
|upkeep
|turn|3
|c|Ōśåpoppliolord|Timer is on
|inactive|camapplk has 30 seconds left.
|inactive|poppliolord has 30 seconds left.
|
|t:|1784328741
|switch|p1a: Black Baron|Scrafty, L50, M|100/100
|-ability|p1a: Black Baron|Intimidate|boost
|-unboost|p2a: Sableye|atk|1
|-unboost|p2b: Mamoswine|atk|1
|move|p2a: Sableye|Rain Dance|p2a: Sableye
|-weather|RainDance
|move|p1b: Cervantes|Bitter Blade|p2b: Mamoswine
|-supereffective|p2b: Mamoswine|1
|-damage|p2b: Mamoswine|35/100
|move|p2b: Mamoswine|Icicle Spear|p1a: Black Baron
|-damage|p1a: Black Baron|92/100
|-damage|p1a: Black Baron|85/100
|-hitcount|p1a: Black Baron|2
|
|-weather|RainDance|[upkeep]
|upkeep
|turn|4
|inactive|poppliolord has 30 seconds left.
|
|t:|1784328768
|switch|p2a: Jolteon|Jolteon, L50, F|100/100
|move|p2b: Mamoswine|Protect|p2b: Mamoswine
|-singleturn|p2b: Mamoswine|Protect
|move|p1b: Cervantes|Bulk Up|p1b: Cervantes
|-boost|p1b: Cervantes|atk|1
|-boost|p1b: Cervantes|def|1
|move|p1a: Black Baron|Knock Off|p2a: Jolteon
|-damage|p2a: Jolteon|38/100
|-enditem|p2a: Jolteon|Focus Sash|[from] move: Knock Off|[of] p1a: Black Baron
|
|-weather|RainDance|[upkeep]
|-sideend|p1: poppliolord|move: Tailwind
|upkeep
|turn|5
|
|t:|1784328792
|move|p1b: Cervantes|Protect|p1b: Cervantes
|-singleturn|p1b: Cervantes|Protect
|move|p2a: Jolteon|Weather Ball|p1b: Cervantes
|-activate|p1b: Cervantes|move: Protect
|move|p2b: Mamoswine|High Horsepower|p1b: Cervantes
|-activate|p1b: Cervantes|move: Protect
|move|p1a: Black Baron|Drain Punch|p2b: Mamoswine
|-supereffective|p2b: Mamoswine|1
|-damage|p2b: Mamoswine|0 fnt
|-heal|p1a: Black Baron|100/100|[from] drain|[of] p2b: Mamoswine
|faint|p2b: Mamoswine
|
|-weather|RainDance|[upkeep]
|upkeep
|
|t:|1784328803
|switch|p2b: Dragonite|Dragonite, L50, F|100/100
|turn|6
|
|t:|1784328821
|detailschange|p2b: Dragonite|Dragonite-Mega, L50, F
|-mega|p2b: Dragonite|Dragonite|Dragoninite
|move|p1b: Cervantes|Shadow Sneak|p2a: Jolteon
|-damage|p2a: Jolteon|0 fnt
|faint|p2a: Jolteon
|move|p2b: Dragonite|Hurricane|p1a: Black Baron
|-supereffective|p1a: Black Baron|1
|-damage|p1a: Black Baron|5/100
|-start|p1a: Black Baron|confusion
|-enditem|p1a: Black Baron|Sitrus Berry|[eat]
|-heal|p1a: Black Baron|30/100|[from] item: Sitrus Berry
|-activate|p1a: Black Baron|confusion
|move|p1a: Black Baron|Knock Off|p2b: Dragonite
|-damage|p2b: Dragonite|91/100
|
|-weather|RainDance|[upkeep]
|upkeep
|
|t:|1784328832
|switch|p2a: Sableye|Sableye, L50, F|40/100
|turn|7
|inactive|poppliolord has 30 seconds left.
|inactive|camapplk has 30 seconds left.
|
|t:|1784328864
|switch|p1a: Dr Langstrom|Noivern, L50, F|100/100
|-item|p2a: Sableye|Sablenite|[from] ability: Frisk|[of] p1a: Dr Langstrom
|-item|p2b: Dragonite|Dragoninite|[from] ability: Frisk|[of] p1a: Dr Langstrom
|move|p1b: Cervantes|Protect|p1b: Cervantes
|-singleturn|p1b: Cervantes|Protect
|move|p2a: Sableye|Encore|p1b: Cervantes
|-activate|p1b: Cervantes|move: Protect
|move|p2b: Dragonite|Hurricane|p1a: Dr Langstrom
|-damage|p1a: Dr Langstrom|15/100
|-start|p1a: Dr Langstrom|confusion
|
|-weather|none
|upkeep
|turn|8
|inactive|camapplk has 30 seconds left.
|
|t:|1784328897
|move|p1b: Cervantes|Shadow Sneak|p2a: Sableye
|-damage|p2a: Sableye|0 fnt
|faint|p2a: Sableye
|-activate|p1a: Dr Langstrom|confusion
|-damage|p1a: Dr Langstrom|6/100|[from] confusion
|move|p2b: Dragonite|Dragon Pulse|p1a: Dr Langstrom
|-supereffective|p1a: Dr Langstrom|1
|-damage|p1a: Dr Langstrom|0 fnt
|faint|p1a: Dr Langstrom
|
|upkeep
|
|t:|1784328908
|switch|p1a: Black Baron|Scrafty, L50, M|30/100
|-ability|p1a: Black Baron|Intimidate|boost
|-unboost|p2b: Dragonite|atk|1
|turn|9
|
|t:|1784328923
|move|p2b: Dragonite|Protect|p2b: Dragonite
|-singleturn|p2b: Dragonite|Protect
|move|p1a: Black Baron|Fake Out|p2b: Dragonite
|-activate|p2b: Dragonite|move: Protect
|move|p1b: Cervantes|Bulk Up|p1b: Cervantes
|-boost|p1b: Cervantes|atk|1
|-boost|p1b: Cervantes|def|1
|
|upkeep
|turn|10
|
|t:|1784328942
|move|p2b: Dragonite|Hurricane|p1a: Black Baron
|-supereffective|p1a: Black Baron|1
|-damage|p1a: Black Baron|0 fnt
|faint|p1a: Black Baron
|move|p1b: Cervantes|Bitter Blade|p2b: Dragonite
|-resisted|p2b: Dragonite|1
|-damage|p2b: Dragonite|49/100
|
|upkeep
|turn|11
|
|t:|1784328958
|move|p1b: Cervantes|Shadow Sneak|p2b: Dragonite
|-damage|p2b: Dragonite|13/100
|move|p2b: Dragonite|Hurricane|p1b: Cervantes
|-damage|p1b: Cervantes|43/100
|
|-heal|p1b: Cervantes|49/100|[from] item: Leftovers
|upkeep
|turn|12
|
|t:|1784328970
|move|p1b: Cervantes|Shadow Sneak|p2b: Dragonite
|-damage|p2b: Dragonite|0 fnt
|faint|p2b: Dragonite
|
|win|poppliolord
||camapplk is ready for game 2.
