|j|☆Sylviana GL
|j|☆fishuuq
|html|Sylviana GLfishuuq    
|uhtml|bestof|Game 2 of a best-of-3
|t:|1783312562
|gametype|doubles
|player|p1|Sylviana GL|caitlin|1036
|player|p2|fishuuq|koga|1053
|gen|9
|tier|[Gen 9 Champions] VGC 2026 Reg M-B (Bo3)
|rated|
|rule|Species Clause: Limit one of each Pokémon
|rule|Item Clause: Limit 1 of each item
|clearpoke
|poke|p1|Tyranitar, L50, F|
|poke|p1|Incineroar, L50, F|
|poke|p1|Sinistcha, L50|
|poke|p1|Gholdengo, L50|
|poke|p1|Houndstone, L50, M|
|poke|p1|Corviknight, L50, F|
|poke|p2|Sneasler, L50, F|
|poke|p2|Delphox, L50, F|
|poke|p2|Whimsicott, L50, M|
|poke|p2|Jolteon, L50, F|
|poke|p2|Gardevoir, L50, M|
|poke|p2|Kleavor, L50, M|
|teampreview|4
|showteam|p1|Tyranitar||Tyranitarite|SandStream|RockSlide,KnockOff,DragonDance,Protect|Jolly||F|||50|]Incineroar||PasshoBerry|Intimidate|FakeOut,PartingShot,ThroatChop,FlareBlitz|Careful||F|||50|]Sinistcha||OccaBerry|Hospitality|MatchaGotcha,TrickRoom,RagePowder,Protect|Bold|||||50|]Gholdengo||LifeOrb|GoodasGold|MakeItRain,ShadowBall,NastyPlot,Protect|Timid|||||50|]Houndstone||SitrusBerry|SandRush|WillOWisp,LastRespects,Howl,Protect|Careful||M|||50|]Corviknight||Leftovers|MirrorArmor|BodyPress,BraveBird,Tailwind,Protect|Impish||F|||50|
|showteam|p2|Sneasler||WhiteHerb|Unburden|FakeOut,DireClaw,CloseCombat,Protect|Jolly||F|||50|]Delphox||Delphoxite|Blaze|WillOWisp,Psychic,HeatWave,Protect|Timid||F|||50|]Whimsicott||FocusSash|Prankster|Moonblast,Tailwind,Protect,Encore|Timid||M|||50|]Jolteon||Magnet|VoltAbsorb|VoltSwitch,Thunderbolt,Electroweb,Detect|Modest||F|||50|]Gardevoir||Gardevoirite|Trace|HyperVoice,HyperBeam,Psychic,Protect|Timid||M|||50|]Kleavor||LifeOrb|SheerForce|RockSlide,Protect,NightSlash,CloseCombat|Adamant||M|||50|
|inactive|Battle timer is ON: inactive players will automatically lose when time's up. (requested by fishuuq)
|
|t:|1783312583
|teamsize|p1|4
|teamsize|p2|4
|start
|switch|p1a: Tyranitar|Tyranitar, L50, F|100/100
|switch|p1b: Sinistcha|Sinistcha, L50|100/100
|switch|p2a: Kleavor|Kleavor, L50, M|100/100
|switch|p2b: Sneasler|Sneasler, L50, F|100/100
|-weather|Sandstorm|[from] ability: Sand Stream|[of] p1a: Tyranitar
|turn|1
|
|t:|1783312601
|switch|p1b: Houndstone|Houndstone, L50, M|100/100
|move|p1a: Tyranitar|Protect|p1a: Tyranitar
|-singleturn|p1a: Tyranitar|Protect
|move|p2b: Sneasler|Fake Out|p1a: Tyranitar
|-activate|p1a: Tyranitar|move: Protect
|move|p2a: Kleavor|Night Slash|p1b: Houndstone
|-supereffective|p1b: Houndstone|1
|-damage|p1b: Houndstone|27/100
|-enditem|p1b: Houndstone|Sitrus Berry|[eat]
|-heal|p1b: Houndstone|51/100|[from] item: Sitrus Berry
|-damage|p2a: Kleavor|90/100|[from] item: Life Orb
|
|-weather|Sandstorm|[upkeep]
|-damage|p2b: Sneasler|94/100|[from] Sandstorm
|upkeep
|turn|2
|
|t:|1783312618
|switch|p1a: Incineroar|Incineroar, L50, F|100/100
|-ability|p1a: Incineroar|Intimidate|boost
|-unboost|p2a: Kleavor|atk|1
|-unboost|p2b: Sneasler|atk|1
|-enditem|p2b: Sneasler|White Herb
|-clearnegativeboost|p2b: Sneasler|[silent]
|move|p2b: Sneasler|Close Combat|p1a: Incineroar
|-supereffective|p1a: Incineroar|1
|-damage|p1a: Incineroar|0 fnt
|-unboost|p2b: Sneasler|def|1
|-unboost|p2b: Sneasler|spd|1
|faint|p1a: Incineroar
|move|p1b: Houndstone|Will-O-Wisp|p2a: Kleavor
|-status|p2a: Kleavor|brn
|move|p2a: Kleavor|Night Slash|p1b: Houndstone
|-supereffective|p1b: Houndstone|1
|-damage|p1b: Houndstone|27/100
|-damage|p2a: Kleavor|80/100 brn|[from] item: Life Orb
|
|-weather|Sandstorm|[upkeep]
|-damage|p2b: Sneasler|88/100|[from] Sandstorm
|-damage|p2a: Kleavor|74/100 brn|[from] brn
|upkeep
|
|t:|1783312638
|switch|p1a: Sinistcha|Sinistcha, L50|100/100
|-heal|p1b: Houndstone|51/100|[from] ability: Hospitality|[of] p1a: Sinistcha
|turn|3
|
|t:|1783312647
|move|p2b: Sneasler|Dire Claw|p1a: Sinistcha
|-damage|p1a: Sinistcha|69/100
|move|p1b: Houndstone|Last Respects|p2b: Sneasler
|-damage|p2b: Sneasler|0 fnt
|faint|p2b: Sneasler
|move|p2a: Kleavor|Rock Slide|p1a: Sinistcha|[spread] p1a,p1b
|-damage|p1a: Sinistcha|56/100
|-damage|p1b: Houndstone|32/100
|move|p1a: Sinistcha|Matcha Gotcha|p2a: Kleavor
|-damage|p2a: Kleavor|37/100 brn
|-heal|p1a: Sinistcha|71/100|[from] drain|[of] p2a: Kleavor
|
|-weather|Sandstorm|[upkeep]
|-damage|p1a: Sinistcha|65/100|[from] Sandstorm
|-damage|p2a: Kleavor|31/100 brn|[from] brn
|upkeep
|
|t:|1783312660
|switch|p2b: Whimsicott|Whimsicott, L50, M|100/100
|turn|4
|
|t:|1783312675
|move|p1b: Houndstone|Protect|p1b: Houndstone
|-singleturn|p1b: Houndstone|Protect
|move|p2b: Whimsicott|Tailwind|p2b: Whimsicott
|-sidestart|p2: fishuuq|move: Tailwind
|move|p2a: Kleavor|Rock Slide|p1b: Houndstone|[spread] p1a
|-activate|p1b: Houndstone|move: Protect
|-damage|p1a: Sinistcha|51/100
|move|p1a: Sinistcha|Trick Room|p1a: Sinistcha
|-fieldstart|move: Trick Room|[of] p1a: Sinistcha
|
|-weather|Sandstorm|[upkeep]
|-damage|p1a: Sinistcha|45/100|[from] Sandstorm
|-damage|p2b: Whimsicott|94/100|[from] Sandstorm
|-damage|p2a: Kleavor|25/100 brn|[from] brn
|upkeep
|turn|5
|
|t:|1783312686
|move|p1a: Sinistcha|Matcha Gotcha|p2b: Whimsicott|[spread] p2a,p2b
|-resisted|p2b: Whimsicott|1
|-damage|p2a: Kleavor|0 fnt
|-heal|p1a: Sinistcha|56/100|[from] drain|[of] p2a: Kleavor
|-damage|p2b: Whimsicott|72/100
|-heal|p1a: Sinistcha|64/100|[from] drain|[of] p2b: Whimsicott
|faint|p2a: Kleavor
|move|p1b: Houndstone|Last Respects|p2b: Whimsicott
|-damage|p2b: Whimsicott|19/100
|move|p2b: Whimsicott|Moonblast|p1a: Sinistcha
|-damage|p1a: Sinistcha|25/100
|
|-weather|none
|upkeep
|
|t:|1783312691
|switch|p2a: Gardevoir|Gardevoir, L50, M|100/100
|-ability|p2a: Gardevoir|Sand Rush|Trace|[from] ability: Trace|[of] p1b: Houndstone
|turn|6
|
|t:|1783312705
|detailschange|p2a: Gardevoir|Gardevoir-Mega, L50, M
|-mega|p2a: Gardevoir|Gardevoir|Gardevoirite
|move|p2a: Gardevoir|Protect|p2a: Gardevoir
|-singleturn|p2a: Gardevoir|Protect
|move|p1a: Sinistcha|Matcha Gotcha|p2b: Whimsicott|[spread] p2b
|-activate|p2a: Gardevoir|move: Protect
|-resisted|p2b: Whimsicott|1
|-damage|p2b: Whimsicott|0 fnt
|-heal|p1a: Sinistcha|32/100|[from] drain|[of] p2b: Whimsicott
|faint|p2b: Whimsicott
|move|p1b: Houndstone|Last Respects|p2a: Gardevoir
|-activate|p2a: Gardevoir|move: Protect
|
|upkeep
|turn|7
|-message|fishuuq forfeited.
|
|win|Sylviana GL
|raw|Sylviana GL's rating: 1036 → 1072(+36 for winning)
|raw|fishuuq's rating: 1053 → 1034(-19 for losing)
|l|☆fishuuq
|player|p2|
