|j|☆ToastedArt
|j|☆Noot Sorcerer
|html|ToastedArtNoot Sorcerer    
|uhtml|bestof|Game 1 of a best-of-3
|t:|1785277396
|gametype|doubles
|player|p1|ToastedArt|iris|1050
|player|p2|Noot Sorcerer|blaine|1137
|gen|9
|tier|[Gen 9 Champions] VGC 2026 Reg M-B (Bo3)
|rated|
|rule|Species Clause: Limit one of each Pokémon
|rule|Item Clause: Limit 1 of each item
|clearpoke
|poke|p1|Falinks, L50, shiny|
|poke|p1|Sneasler, L50, F|
|poke|p1|Ninetales-Alola, L50, F, shiny|
|poke|p1|Azumarill, L50, M|
|poke|p1|Sinistcha, L50, shiny|
|poke|p1|Talonflame, L50, M, shiny|
|poke|p2|Tyranitar, L50, F|
|poke|p2|Garchomp, L50, F|
|poke|p2|Talonflame, L50, F|
|poke|p2|Annihilape, L50, F|
|poke|p2|Aegislash, L50, M|
|poke|p2|Meganium, L50, M|
|teampreview|4
|showteam|p1|Falinks||Falinksite|Defiant|NoRetreat,CloseCombat,RockSlide,Protect|Adamant|||||50|]Sneasler||LifeOrb|PoisonTouch|PoisonJab,CloseCombat,FakeOut,Coaching|Adamant||F|||50|]Ninetales-Alola||ChoiceScarf|SnowWarning|Blizzard,FreezeDry,IcyWind,AuroraVeil|Modest||F|||50|]Azumarill||SitrusBerry|HugePower|BellyDrum,AquaJet,KnockOff,Protect|Adamant||M|||50|]Sinistcha||ColburBerry|Hospitality|MatchaGotcha,RagePowder,TrickRoom,Protect|Bold|||||50|]Talonflame||SharpBeak|GaleWings|Tailwind,Protect,FlareBlitz,DualWingbeat|Jolly||M|||50|
|showteam|p2|Tyranitar||Tyranitarite|SandStream|RockSlide,KnockOff,BodyPress,Protect|Impish||F|||50|]Garchomp||LifeOrb|RoughSkin|DragonClaw,Earthquake,RockSlide,Protect|Jolly||F|||50|]Talonflame||FocusSash|GaleWings|DualWingbeat,WillOWisp,Taunt,Tailwind|Jolly||F|||50|]Annihilape||CobaBerry|Defiant|RageFist,DrainPunch,SeedBomb,Protect|Jolly||F|||50|]Aegislash||OccaBerry|StanceChange|ShadowClaw,IronHead,KingsShield,WideGuard|Adamant||M|||50|]Meganium||Meganiumite|Overgrow|SolarBeam,DazzlingGleam,WeatherBall,Protect|Jolly||M|||50|
|inactive|Battle timer is ON: inactive players will automatically lose when time's up. (requested by ToastedArt)
|inactive|ToastedArt has 60 seconds left.
|inactive|Noot Sorcerer has 60 seconds left.
|
|t:|1785277440
|teamsize|p1|4
|teamsize|p2|4
|start
|switch|p1a: Sneasler|Sneasler, L50, F|100/100
|switch|p1b: Falinks|Falinks, L50, shiny|100/100
|switch|p2a: Talonflame|Talonflame, L50, F|100/100
|switch|p2b: Aegislash|Aegislash, L50, M|100/100
|turn|1
|inactive|Noot Sorcerer has 30 seconds left.
|
|t:|1785277471
|detailschange|p1b: Falinks|Falinks-Mega, L50, shiny
|-mega|p1b: Falinks|Falinks|Falinksite
|move|p1a: Sneasler|Fake Out|p2a: Talonflame
|-damage|p2a: Talonflame|68/100
|-damage|p1a: Sneasler|90/100|[from] item: Life Orb
|cant|p2a: Talonflame|flinch
|move|p1b: Falinks|Rock Slide|p2b: Aegislash|[spread] p2a,p2b
|-supereffective|p2a: Talonflame|2
|-resisted|p2b: Aegislash|1
|-damage|p2a: Talonflame|0 fnt
|-damage|p2b: Aegislash|91/100
|faint|p2a: Talonflame
|-formechange|p2b: Aegislash|Aegislash-Blade|
|move|p2b: Aegislash|Shadow Claw|p1b: Falinks
|-damage|p1b: Falinks|59/100
|
|upkeep
|
|t:|1785277488
|switch|p2a: Slide|Garchomp, L50, F|100/100
|turn|2
|
|t:|1785277498
|switch|p1a: Pickle Cup|Sinistcha, L50, shiny|100/100
|-heal|p1b: Falinks|84/100|[from] ability: Hospitality|[of] p1a: Pickle Cup
|move|p2b: Aegislash|Wide Guard|p2b: Aegislash
|-singleturn|p2b: Aegislash|Wide Guard
|move|p2a: Slide|Earthquake|p1b: Falinks|[spread] p1a,p1b
|-activate|p2b: Aegislash|move: Wide Guard
|-resisted|p1a: Pickle Cup|1
|-damage|p1a: Pickle Cup|78/100
|-damage|p1b: Falinks|33/100
|-damage|p2a: Slide|90/100|[from] item: Life Orb
|move|p1b: Falinks|No Retreat|p1b: Falinks
|-boost|p1b: Falinks|atk|1
|-boost|p1b: Falinks|def|1
|-boost|p1b: Falinks|spa|1
|-boost|p1b: Falinks|spd|1
|-boost|p1b: Falinks|spe|1
|-start|p1b: Falinks|move: No Retreat
|
|upkeep
|turn|3
|
|t:|1785277522
|switch|p1a: Ninetales|Ninetales-Alola, L50, F, shiny|100/100
|-weather|Snowscape|[from] ability: Snow Warning|[of] p1a: Ninetales
|move|p1b: Falinks|Protect|p1b: Falinks
|-singleturn|p1b: Falinks|Protect
|move|p2a: Slide|Rock Slide|p1a: Ninetales|[spread] p1a
|-activate|p1b: Falinks|move: Protect
|-supereffective|p1a: Ninetales|1
|-damage|p1a: Ninetales|51/100
|-damage|p2a: Slide|80/100|[from] item: Life Orb
|move|p2b: Aegislash|Shadow Claw|p1a: Ninetales
|-damage|p1a: Ninetales|13/100
|
|-weather|Snowscape|[upkeep]
|upkeep
|turn|4
|
|t:|1785277540
|-formechange|p2b: Aegislash|Aegislash|
|move|p2b: Aegislash|King's Shield|p2b: Aegislash
|-singleturn|p2b: Aegislash|Protect
|move|p1a: Ninetales|Blizzard|p2a: Slide|[spread] p2a
|-activate|p2b: Aegislash|move: Protect
|-supereffective|p2a: Slide|2
|-damage|p2a: Slide|0 fnt
|faint|p2a: Slide
|move|p1b: Falinks|Close Combat|p2b: Aegislash
|-activate|p2b: Aegislash|move: Protect
|-unboost|p1b: Falinks|atk|1
|-ability|p1b: Falinks|Defiant|boost
|-boost|p1b: Falinks|atk|2
|
|-weather|Snowscape|[upkeep]
|upkeep
|
|t:|1785277554
|switch|p2a: Rock|Tyranitar, L50, F|100/100
|-weather|Sandstorm|[from] ability: Sand Stream|[of] p2a: Rock
|turn|5
|
|t:|1785277565
|move|p1b: Falinks|Protect|p1b: Falinks
|-singleturn|p1b: Falinks|Protect
|move|p2a: Rock|Protect|p2a: Rock
|-singleturn|p2a: Rock|Protect
|move|p1a: Ninetales|Blizzard|p2a: Rock|[spread] 
|-activate|p2a: Rock|move: Protect
|-miss|p1a: Ninetales|p2b: Aegislash
|-formechange|p2b: Aegislash|Aegislash-Blade|
|move|p2b: Aegislash|Shadow Claw|p1b: Falinks
|-activate|p1b: Falinks|move: Protect
|
|-weather|Sandstorm|[upkeep]
|-damage|p1a: Ninetales|7/100|[from] Sandstorm
|-damage|p1b: Falinks|27/100|[from] Sandstorm
|upkeep
|turn|6
|inactive|Noot Sorcerer has 30 seconds left.
|inactive|Noot Sorcerer has 20 seconds left.
|
|t:|1785277601
|move|p1a: Ninetales|Blizzard|p2b: Aegislash|[spread] 
|-miss|p1a: Ninetales|p2a: Rock
|-miss|p1a: Ninetales|p2b: Aegislash
|move|p1b: Falinks|Close Combat|p2a: Rock
|-supereffective|p2a: Rock|2
|-damage|p2a: Rock|0 fnt
|-unboost|p1b: Falinks|def|1
|-unboost|p1b: Falinks|spd|1
|faint|p2a: Rock
|move|p2b: Aegislash|Shadow Claw|p1b: Falinks
|-damage|p1b: Falinks|0 fnt
|faint|p1b: Falinks
|
|-weather|Sandstorm|[upkeep]
|-damage|p1a: Ninetales|1/100|[from] Sandstorm
|upkeep
|
|t:|1785277609
|switch|p1b: Pickle Cup|Sinistcha, L50, shiny|78/100
|-heal|p1a: Ninetales|26/100|[from] ability: Hospitality|[of] p1b: Pickle Cup
|turn|7
|
|t:|1785277625
|switch|p1a: Sneasler|Sneasler, L50, F|90/100
|move|p1b: Pickle Cup|Protect|p1b: Pickle Cup
|-singleturn|p1b: Pickle Cup|Protect
|-formechange|p2b: Aegislash|Aegislash|
|move|p2b: Aegislash|King's Shield||[still]
|-fail|p2b: Aegislash
|
|-weather|Sandstorm|[upkeep]
|-damage|p1a: Sneasler|84/100|[from] Sandstorm
|-damage|p1b: Pickle Cup|71/100|[from] Sandstorm
|upkeep
|turn|8
|
|t:|1785277647
|move|p1a: Sneasler|Coaching|p1b: Pickle Cup
|-boost|p1b: Pickle Cup|atk|1
|-boost|p1b: Pickle Cup|def|1
|-formechange|p2b: Aegislash|Aegislash-Blade|
|move|p2b: Aegislash|Shadow Claw|p1b: Pickle Cup
|-supereffective|p1b: Pickle Cup|1
|-damage|p1b: Pickle Cup|20/100y
|move|p1b: Pickle Cup|Matcha Gotcha|p2b: Aegislash|[miss]
|-miss|p1b: Pickle Cup|p2b: Aegislash
|
|-weather|Sandstorm|[upkeep]
|-damage|p1a: Sneasler|78/100|[from] Sandstorm
|-damage|p1b: Pickle Cup|14/100|[from] Sandstorm
|upkeep
|turn|9
|
|t:|1785277669
|move|p1a: Sneasler|Coaching|p1b: Pickle Cup
|-boost|p1b: Pickle Cup|atk|1
|-boost|p1b: Pickle Cup|def|1
|move|p2b: Aegislash|Shadow Claw|p1b: Pickle Cup
|-supereffective|p1b: Pickle Cup|1
|-damage|p1b: Pickle Cup|0 fnt
|faint|p1b: Pickle Cup
|
|-weather|none
|upkeep
|
|t:|1785277674
|switch|p1b: Ninetales|Ninetales-Alola, L50, F, shiny|26/100
|-weather|Snowscape|[from] ability: Snow Warning|[of] p1b: Ninetales
|turn|10
|-message|ToastedArt forfeited.
|
|win|Noot Sorcerer
