|j|☆papucaru
|j|☆TeyVgc
|html|papucaruTeyVgc    
|uhtml|bestof|Game 1 of a best-of-3
|t:|1784055146
|gametype|doubles
|player|p1|papucaru|265|1121
|player|p2|TeyVgc|rood|1212
|gen|9
|tier|[Gen 9 Champions] VGC 2026 Reg M-B (Bo3)
|rated|
|rule|Species Clause: Limit one of each Pokémon
|rule|Item Clause: Limit 1 of each item
|clearpoke
|poke|p1|Farigiraf, L50, F|
|poke|p1|Kangaskhan, L50, F|
|poke|p1|Torkoal, L50, M|
|poke|p1|Camerupt, L50, F|
|poke|p1|Vileplume, L50, M|
|poke|p1|Pyroar, L50, F|
|poke|p2|Raichu, L50, F|
|poke|p2|Sinistcha, L50|
|poke|p2|Ceruledge, L50, F|
|poke|p2|Milotic, L50, M|
|poke|p2|Incineroar, L50, F|
|poke|p2|Floette-Eternal, L50, F|
|teampreview|4
|showteam|p1|Farigiraf||ColburBerry|ArmorTail|Psychic,Thunderbolt,TrickRoom,Protect|Sassy||F|||50|]Kangaskhan||SilkScarf|Scrappy|FakeOut,LastResort|Brave||F|||50|]Torkoal||LifeOrb|Drought|Eruption,WeatherBall,HelpingHand,Protect|Quiet||M|||50|]Camerupt||Cameruptite|SolidRock|Eruption,Flamethrower,EarthPower,AncientPower|Quiet||F|||50|]Vileplume||FocusSash|Chlorophyll|AfterYou,SleepPowder,LeafStorm,SludgeBomb|Timid||M|||50|]Pyroar||Pyroarite|Unnerve|HeatWave,Flamethrower,SolarBeam,Protect|Timid||F|||50|
|showteam|p2|Raichu||RaichuniteY|LightningRod|ZapCannon,FocusBlast,FakeOut,Protect|Timid||F|||50|]Sinistcha||KasibBerry|Hospitality|MatchaGotcha,Protect,RagePowder,TrickRoom|Relaxed|||||50|]Ceruledge||ColburBerry|FlashFire|BitterBlade,ShadowSneak,BulkUp,Protect|Adamant||F|||50|]Milotic||Leftovers|Competitive|MuddyWater,Coil,Hypnosis,Recover|Calm||M|||50|]Incineroar||SitrusBerry|Intimidate|FlareBlitz,ThroatChop,FakeOut,PartingShot|Impish||F|||50|]Floette-Eternal||Floettite|FlowerVeil|CalmMind,Protect,Moonblast,DazzlingGleam|Modest||F|||50|
|j| creed revival tour
|
|t:|1784055173
|teamsize|p1|4
|teamsize|p2|4
|start
|switch|p1a: Farigiraf|Farigiraf, L50, F|100/100
|switch|p1b: Kangaskhan|Kangaskhan, L50, F|100/100
|switch|p2a: Ceruledge|Ceruledge, L50, F|100/100
|switch|p2b: Incineroar|Incineroar, L50, F|100/100
|-ability|p2b: Incineroar|Intimidate|boost
|-unboost|p1a: Farigiraf|atk|1
|-fail|p1b: Kangaskhan|unboost|Attack|[from] ability: Scrappy|[of] p1b: Kangaskhan
|turn|1
|
|t:|1784055192
|move|p1b: Kangaskhan|Fake Out|p2a: Ceruledge
|-damage|p2a: Ceruledge|77/100
|move|p2b: Incineroar|Fake Out||[still]
|cant|p1a: Farigiraf|ability: Armor Tail|Fake Out|[of] p2b: Incineroar
|cant|p2a: Ceruledge|flinch
|move|p1a: Farigiraf|Trick Room|p1a: Farigiraf
|-fieldstart|move: Trick Room|[of] p1a: Farigiraf
|
|upkeep
|turn|2
|inactive|Battle timer is ON: inactive players will automatically lose when time's up. (requested by papucaru)
|
|t:|1784055237
|switch|p1a: Camerupt|Camerupt, L50, F|100/100
|move|p2a: Ceruledge|Protect|p2a: Ceruledge
|-singleturn|p2a: Ceruledge|Protect
|move|p2b: Incineroar|Parting Shot|p1b: Kangaskhan
|-unboost|p1b: Kangaskhan|atk|1
|-unboost|p1b: Kangaskhan|spa|1
|
|t:|1784055245
|switch|p2b: Milotic|Milotic, L50, M|100/100|[from] Parting Shot
|move|p1b: Kangaskhan|Last Resort|p2a: Ceruledge
|-activate|p2a: Ceruledge|move: Protect
|
|upkeep
|turn|3
|inactive|papucaru has 30 seconds left.
|
|t:|1784055277
|switch|p1b: Vileplume|Vileplume, L50, M|100/100
|switch|p2a: Incineroar|Incineroar, L50, F|100/100
|-ability|p2a: Incineroar|Intimidate|boost
|-unboost|p1a: Camerupt|atk|1
|-unboost|p1b: Vileplume|atk|1
|detailschange|p1a: Camerupt|Camerupt-Mega, L50, F
|-mega|p1a: Camerupt|Camerupt|Cameruptite
|move|p1a: Camerupt|Earth Power|p2a: Incineroar
|-supereffective|p2a: Incineroar|1
|-damage|p2a: Incineroar|0 fnt
|faint|p2a: Incineroar
|move|p2b: Milotic|Muddy Water|p1a: Camerupt|[spread] p1a,p1b
|-supereffective|p1a: Camerupt|2
|-resisted|p1b: Vileplume|1
|-damage|p1a: Camerupt|5/100
|-damage|p1b: Vileplume|86/100
|
|upkeep
|
|t:|1784055296
|switch|p2a: Raichu|Raichu, L50, F|100/100
|turn|4
|
|t:|1784055306
|switch|p1a: Farigiraf|Farigiraf, L50, F|100/100
|move|p2a: Raichu|Protect|p2a: Raichu
|-singleturn|p2a: Raichu|Protect
|move|p2b: Milotic|Muddy Water|p1b: Vileplume|[spread] p1a,p1b
|-resisted|p1b: Vileplume|1
|-damage|p1a: Farigiraf|80/100
|-damage|p1b: Vileplume|71/100
|move|p1b: Vileplume|Leaf Storm|p2b: Milotic
|-supereffective|p2b: Milotic|1
|-damage|p2b: Milotic|15/100
|-unboost|p1b: Vileplume|spa|2
|
|-heal|p2b: Milotic|21/100|[from] item: Leftovers
|upkeep
|turn|5
|inactive|papucaru has 30 seconds left.
|inactive|papucaru has 20 seconds left.
|inactive|papucaru has 15 seconds left.
|
|t:|1784055348
|switch|p2b: Ceruledge|Ceruledge, L50, F|77/100
|switch|p1b: Kangaskhan|Kangaskhan, L50, F|100/100
|detailschange|p2a: Raichu|Raichu-Mega-Y, L50, F
|-mega|p2a: Raichu|Raichu|Raichunite Y
|move|p1a: Farigiraf|Protect|p1a: Farigiraf
|-singleturn|p1a: Farigiraf|Protect
|move|p2a: Raichu|Zap Cannon|p1a: Farigiraf
|-activate|p1a: Farigiraf|move: Protect
|
|-fieldend|move: Trick Room
|upkeep
|turn|6
|
|t:|1784055368
|move|p1b: Kangaskhan|Fake Out|p2a: Raichu
|-crit|p2a: Raichu
|-damage|p2a: Raichu|50/100g
|cant|p2a: Raichu|flinch
|move|p2b: Ceruledge|Bulk Up|p2b: Ceruledge
|-boost|p2b: Ceruledge|atk|1
|-boost|p2b: Ceruledge|def|1
|move|p1a: Farigiraf|Trick Room|p1a: Farigiraf
|-fieldstart|move: Trick Room|[of] p1a: Farigiraf
|
|upkeep
|turn|7
|
|t:|1784055391
|switch|p2a: Milotic|Milotic, L50, M|21/100
|move|p1a: Farigiraf|Psychic|p2b: Ceruledge
|-damage|p2b: Ceruledge|39/100
|move|p1b: Kangaskhan|Last Resort|p2b: Ceruledge
|-damage|p2b: Ceruledge|0 fnt
|faint|p2b: Ceruledge
|
|-heal|p2a: Milotic|27/100|[from] item: Leftovers
|upkeep
|l| creed revival tour
|-message|TeyVgc forfeited.
|
|win|papucaru
