|j|☆selene915
|j|☆IceyMochi
|html|selene915IceyMochi    
|uhtml|bestof|Game 2 of a best-of-3
|t:|1783619560
|gametype|doubles
|player|p1|selene915|cynthia|1141
|player|p2|IceyMochi|caitlin|1160
|gen|9
|tier|[Gen 9 Champions] VGC 2026 Reg M-B (Bo3)
|rated|
|rule|Species Clause: Limit one of each Pokémon
|rule|Item Clause: Limit 1 of each item
|clearpoke
|poke|p1|Gholdengo, L50|
|poke|p1|Whimsicott, L50, F|
|poke|p1|Charizard, L50, F|
|poke|p1|Tyranitar, L50, M|
|poke|p1|Tsareena, L50, F|
|poke|p1|Scrafty, L50, F|
|poke|p2|Charizard, L50, F|
|poke|p2|Whimsicott, L50, F|
|poke|p2|Floette-Eternal, L50, F|
|poke|p2|Venusaur, L50, F|
|poke|p2|Tsareena, L50, F|
|poke|p2|Rotom-Heat, L50|
|teampreview|4
|showteam|p1|Gholdengo||ChoiceScarf|GoodasGold|MakeItRain,ShadowBall,PowerGem,Psychic|Timid|||||50|]Whimsicott||FocusSash|Prankster|Moonblast,Encore,FakeTears,Tailwind|Bold||F|||50|]Charizard||CharizarditeY|Blaze|HeatWave,SolarBeam,DragonPulse,Protect|Modest||F|||50|]Tyranitar||LifeOrb|SandStream|RockSlide,KnockOff,IcePunch,Protect|Adamant||M|||50|]Tsareena||BlackBelt|QueenlyMajesty|TropKick,LowKick,TripleAxel,Protect|Adamant||F|||50|]Scrafty||Scraftinite|Intimidate|FakeOut,CloseCombat,ThroatChop,Protect|Adamant||F|||50|
|showteam|p2|Charizard||CharizarditeY|Blaze|Protect,HeatWave,WeatherBall,SolarBeam|Timid||F|||50|]Whimsicott||FocusSash|Prankster|Tailwind,Encore,Moonblast,Protect|Bold||F|||50|]Floette-Eternal||Floettite|FlowerVeil|LightofRuin,DazzlingGleam,Moonblast,Protect|Timid||F|||50|]Venusaur||LifeOrb|Chlorophyll|SolarBeam,SludgeBomb,WeatherBall,EarthPower|Modest||F|||50|]Tsareena||ChoiceScarf|QueenlyMajesty|TropKick,TripleAxel,Uturn,KnockOff|Jolly||F|||50|]Rotom-Heat||SitrusBerry|Levitate|VoltSwitch,Thunderbolt,Overheat,ThunderWave|Modest|||||50|
|
|t:|1783619604
|teamsize|p1|4
|teamsize|p2|4
|start
|switch|p1a: Whimsicott|Whimsicott, L50, F|100/100
|switch|p1b: Tyranitar|Tyranitar, L50, M|100/100
|switch|p2a: Rotom|Rotom-Heat, L50|100/100
|switch|p2b: Whimsicott|Whimsicott, L50, F|100/100
|-weather|Sandstorm|[from] ability: Sand Stream|[of] p1b: Tyranitar
|turn|1
|
|t:|1783619627
|move|p1a: Whimsicott|Tailwind|p1a: Whimsicott
|-sidestart|p1: selene915|move: Tailwind
|move|p2b: Whimsicott|Tailwind|p2b: Whimsicott
|-sidestart|p2: IceyMochi|move: Tailwind
|move|p2a: Rotom|Thunder Wave|p1b: Tyranitar
|-status|p1b: Tyranitar|par
|move|p1b: Tyranitar|Rock Slide|p2a: Rotom|[spread] p2a,p2b
|-supereffective|p2a: Rotom|1
|-damage|p2a: Rotom|5/100
|-damage|p2b: Whimsicott|66/100
|-enditem|p2a: Rotom|Sitrus Berry|[eat]
|-heal|p2a: Rotom|30/100|[from] item: Sitrus Berry
|-damage|p1b: Tyranitar|90/100 par|[from] item: Life Orb
|
|-weather|Sandstorm|[upkeep]
|-damage|p1a: Whimsicott|94/100|[from] Sandstorm
|-damage|p2b: Whimsicott|60/100|[from] Sandstorm
|-damage|p2a: Rotom|24/100|[from] Sandstorm
|upkeep
|turn|2
|
|t:|1783619647
|move|p1a: Whimsicott|Encore|p2b: Whimsicott
|-start|p2b: Whimsicott|Encore
|move|p2b: Whimsicott|Tailwind||[still]
|-fail|p2b: Whimsicott
|move|p2a: Rotom|Overheat|p1a: Whimsicott
|-supereffective|p1a: Whimsicott|1
|-damage|p1a: Whimsicott|0 fnt
|-unboost|p2a: Rotom|spa|2
|faint|p1a: Whimsicott
|move|p1b: Tyranitar|Rock Slide|p2b: Whimsicott|[spread] p2a,p2b
|-supereffective|p2a: Rotom|1
|-damage|p2a: Rotom|0 fnt
|-damage|p2b: Whimsicott|23/100
|faint|p2a: Rotom
|-damage|p1b: Tyranitar|80/100 par|[from] item: Life Orb
|
|-weather|Sandstorm|[upkeep]
|-damage|p2b: Whimsicott|17/100|[from] Sandstorm
|upkeep
|
|t:|1783619667
|switch|p1a: Charizard|Charizard, L50, F|100/100
|switch|p2a: Charizard|Charizard, L50, F|100/100
|turn|3
|
|t:|1783619690
|switch|p2b: Venusaur|Venusaur, L50, F|100/100
|detailschange|p2a: Charizard|Charizard-Mega-Y, L50, F
|-mega|p2a: Charizard|Charizard|Charizardite Y
|-weather|SunnyDay|[from] ability: Drought|[of] p2a: Charizard
|detailschange|p1a: Charizard|Charizard-Mega-Y, L50, F
|-mega|p1a: Charizard|Charizard|Charizardite Y
|move|p2a: Charizard|Solar Beam||[still]
|-prepare|p2a: Charizard|Solar Beam
|-anim|p2a: Charizard|Solar Beam|p1b: Tyranitar
|-supereffective|p1b: Tyranitar|1
|-damage|p1b: Tyranitar|0 fnt
|faint|p1b: Tyranitar
|move|p1a: Charizard|Heat Wave|p2b: Venusaur|[spread] p2a,p2b
|-resisted|p2a: Charizard|1
|-supereffective|p2b: Venusaur|1
|-damage|p2a: Charizard|61/100
|-damage|p2b: Venusaur|0 fnt
|faint|p2b: Venusaur
|
|-weather|SunnyDay|[upkeep]
|upkeep
|
|t:|1783619706
|switch|p2b: Whimsicott|Whimsicott, L50, F|17/100
|switch|p1b: Gholdengo|Gholdengo, L50|100/100
|turn|4
|
|t:|1783619724
|move|p1b: Gholdengo|Power Gem|p2a: Charizard
|-supereffective|p2a: Charizard|2
|-damage|p2a: Charizard|0 fnt
|faint|p2a: Charizard
|move|p1a: Charizard|Heat Wave|p2b: Whimsicott|[miss]
|-miss|p1a: Charizard|p2b: Whimsicott
|move|p2b: Whimsicott|Moonblast|p1a: Charizard
|-resisted|p1a: Charizard|1
|-damage|p1a: Charizard|86/100
|
|-weather|SunnyDay|[upkeep]
|-sideend|p2: IceyMochi|move: Tailwind
|-sideend|p1: selene915|move: Tailwind
|upkeep
|turn|5
|c|☆IceyMochi|gg
|c|☆selene915|protect zard and you win
|c|☆selene915|cus you get second tailwind
|c|☆selene915|and kill gholdengo
|
|t:|1783619751
|move|p1b: Gholdengo|Power Gem|p2b: Whimsicott
|-damage|p2b: Whimsicott|0 fnt
|faint|p2b: Whimsicott
|
|win|selene915
|raw|selene915's rating: 1141 → 1167(+26 for winning)
|raw|IceyMochi's rating: 1160 → 1134(-26 for losing)
|c|☆IceyMochi|not really
|c|☆IceyMochi|you had dragon pulse
|c|☆selene915|True
|c|☆IceyMochi|I would've lost anyway
|c|☆selene915|gg
|c|☆IceyMochi|gg
|l|☆IceyMochi
|player|p2|
