|j|☆Pauliii23
|j|☆TobiYume
|html|Pauliii23TobiYume    
|uhtml|bestof|Game 3 of a best-of-3
|t:|1756725354
|gametype|doubles
|player|p1|Pauliii23|102|
|player|p2|TobiYume|roxie|
|gen|9
|tier|[Gen 9] VGC 2025 Reg H (Bo3)
|rule|Species Clause: Limit one of each Pokémon
|rule|Item Clause: Limit 1 of each item
|clearpoke
|poke|p1|Archaludon, L50, M|
|poke|p1|Pelipper, L50, F|
|poke|p1|Basculegion, L50, M|
|poke|p1|Dragapult, L50, M|
|poke|p1|Sinistcha, L50|
|poke|p1|Ursaluna-Bloodmoon, L50, M|
|poke|p2|Decidueye-Hisui, L50, M|
|poke|p2|Sylveon, L50, F|
|poke|p2|Talonflame, L50, F|
|poke|p2|Tyranitar, L50, M|
|poke|p2|Garchomp, L50, M|
|poke|p2|Gholdengo, L50|
|teampreview|4
|showteam|p1|Archaludon||AssaultVest|Stamina|ElectroShot,FlashCannon,BodyPress,DracoMeteor|||M|||50|,,,,,Grass]Pelipper||FocusSash|Drizzle|Hurricane,WeatherBall,WideGuard,Tailwind|||F|||50|,,,,,Ghost]Basculegion||MysticWater|SwiftSwim|LastRespects,Protect,WaveCrash,AquaJet|||M|||50|,,,,,Water]Dragapult||ChoiceBand|ClearBody|DragonDarts,Outrage,PhantomForce,Uturn|||M|||50|,,,,,Dragon]Sinistcha||SitrusBerry|Hospitality|TrickRoom,MatchaGotcha,LifeDew,RagePowder||||||50|,,,,,Steel]Ursaluna-Bloodmoon||LifeOrb|MindsEye|HyperVoice,BloodMoon,EarthPower,Protect|||M|||50|,,,,,Grass
|showteam|p2|Decidueye-Hisui||RazorClaw|Scrappy|TripleArrows,LeafBlade,SuckerPunch,Protect|||M|||50|,,,,,Fire]Sylveon||ThroatSpray|Pixilate|HyperVoice,HyperBeam,TeraBlast,Protect|||F|||50|,,,,,Water]Talonflame||CovertCloak|GaleWings|Tailwind,WillOWisp,BraveBird,Taunt|||F|||50|,,,,,Grass]Tyranitar||AssaultVest|SandStream|RockSlide,KnockOff,TeraBlast,LowKick|||M|||50|,,,,,Flying]Garchomp||LifeOrb|RoughSkin|DragonClaw,StompingTantrum,Earthquake,Protect|||M|||50|,,,,,Steel]Gholdengo||Leftovers|GoodasGold|MakeItRain,ShadowBall,NastyPlot,Protect||||||50|,,,,,Dragon
|c|☆Pauliii23|wir sind wieder an dem punkt angekommen wo jedes unserer games ne 50/50 ist
|c|☆TobiYume|ja und ich liebs
|c|☆TobiYume|hoffe wir werden in frankfurt gematched damit das da dann auch nochmal passieren kann
|
|t:|1756725430
|teamsize|p1|4
|teamsize|p2|4
|start
|switch|p1a: PelipperLP|Pelipper, L50, F|100/100
|switch|p1b: Privatsache|Archaludon, L50, M|100/100
|switch|p2a: Elie|Talonflame, L50, F|100/100
|switch|p2b: Kloe|Sylveon, L50, F, shiny|100/100
|-weather|RainDance|[from] ability: Drizzle|[of] p1a: PelipperLP
|turn|1
|c|☆Pauliii23|imagine
|c|☆Pauliii23|das wäre so ekelhaft
|
|t:|1756725452
|switch|p2a: Randy|Tyranitar, L50, M|100/100
|-weather|Sandstorm|[from] ability: Sand Stream|[of] p2a: Randy
|move|p1a: PelipperLP|Wide Guard|p1a: PelipperLP
|-singleturn|p1a: PelipperLP|Wide Guard
|move|p1b: Privatsache|Electro Shot||[still]
|-prepare|p1b: Privatsache|Electro Shot
|-boost|p1b: Privatsache|spa|1
|move|p2b: Kloe|Hyper Voice|p1b: Privatsache|[spread] 
|-activate|p1a: PelipperLP|move: Wide Guard
|-activate|p1b: Privatsache|move: Wide Guard
|
|-weather|Sandstorm|[upkeep]
|-damage|p1a: PelipperLP|95/100|[from] Sandstorm
|-damage|p2b: Kloe|95/100|[from] Sandstorm
|upkeep
|turn|2
|c|☆TobiYume|also im besten fall halt in ner runde in ders um nichts geht
|
|t:|1756725484
|move|p1a: PelipperLP|Tailwind|p1a: PelipperLP
|-sidestart|p1: Pauliii23|move: Tailwind
|move|p1b: Privatsache|Electro Shot|p2a: Randy|[from] lockedmove
|-damage|p2a: Randy|76/100
|move|p2a: Randy|Knock Off|p1b: Privatsache
|-damage|p1b: Privatsache|60/100
|-ability|p1b: Privatsache|Stamina|boost
|-boost|p1b: Privatsache|def|1
|-enditem|p1b: Privatsache|Assault Vest|[from] move: Knock Off|[of] p2a: Randy
|move|p2b: Kloe|Hyper Beam|p1b: Privatsache
|-damage|p1b: Privatsache|0 fnt
|-mustrecharge|p2b: Kloe
|faint|p1b: Privatsache
|
|-weather|Sandstorm|[upkeep]
|-damage|p1a: PelipperLP|89/100|[from] Sandstorm
|-damage|p2b: Kloe|89/100|[from] Sandstorm
|upkeep
|c|☆Pauliii23|die runde wirds aber nicht geben :D
|
|t:|1756725503
|switch|p1b: Mittelalter|Dragapult, L50, M|100/100
|turn|3
|c|☆TobiYume|ja gut ich hab halt jetzt so an runde 1 oder 2 gedacht, wo halt noch alles offen ist so da wärs nicht schlimm
|
|t:|1756725547
|switch|p1a: Suppenschluk|Sinistcha, L50|100/100
|-terastallize|p1b: Mittelalter|Dragon
|move|p1b: Mittelalter|Phantom Force||[still]
|-prepare|p1b: Mittelalter|Phantom Force
|move|p2a: Randy|Knock Off|p1b: Mittelalter|[miss]
|-miss|p2a: Randy|p1b: Mittelalter
|cant|p2b: Kloe|recharge
|
|-weather|Sandstorm|[upkeep]
|-damage|p1b: Mittelalter|94/100|[from] Sandstorm
|-damage|p1a: Suppenschluk|94/100|[from] Sandstorm
|-damage|p2b: Kloe|83/100|[from] Sandstorm
|upkeep
|turn|4
|
|t:|1756725563
|move|p1b: Mittelalter|Phantom Force|p2b: Kloe|[from] lockedmove
|-damage|p2b: Kloe|0 fnt
|faint|p2b: Kloe
|move|p1a: Suppenschluk|Matcha Gotcha|p2a: Randy
|-supereffective|p2a: Randy
|-damage|p2a: Randy|51/100
|-heal|p1a: Suppenschluk|100/100|[from] drain|[of] p2a: Randy
|move|p2a: Randy|Knock Off|p1b: Mittelalter
|-damage|p1b: Mittelalter|25/100
|-enditem|p1b: Mittelalter|Choice Band|[from] move: Knock Off|[of] p2a: Randy
|
|-weather|Sandstorm|[upkeep]
|-damage|p1b: Mittelalter|19/100|[from] Sandstorm
|-damage|p1a: Suppenschluk|94/100|[from] Sandstorm
|upkeep
|c|☆Pauliii23|eines tages werd ich mal burnen
|
|t:|1756725580
|switch|p2b: Elie|Talonflame, L50, F|100/100
|turn|5
|c|☆TobiYume|und dann kannst du "matcha gotcha!" sagen
|
|t:|1756725614
|switch|p1b: PelipperLP|Pelipper, L50, F|89/100
|-weather|RainDance|[from] ability: Drizzle|[of] p1b: PelipperLP
|move|p2b: Elie|Brave Bird|p1b: PelipperLP
|-damage|p1b: PelipperLP|42/100
|-damage|p2b: Elie|89/100|[from] Recoil
|move|p2a: Randy|Knock Off|p1a: Suppenschluk
|-supereffective|p1a: Suppenschluk
|-damage|p1a: Suppenschluk|12/100
|-enditem|p1a: Suppenschluk|Sitrus Berry|[from] move: Knock Off|[of] p2a: Randy
|move|p1a: Suppenschluk|Trick Room|p1a: Suppenschluk
|-fieldstart|move: Trick Room|[of] p1a: Suppenschluk
|
|-weather|RainDance|[upkeep]
|-sideend|p1: Pauliii23|move: Tailwind
|upkeep
|turn|6
|c|☆Pauliii23|richtig
|
|t:|1756725644
|switch|p2b: Wazy|Gholdengo, L50|100/100
|move|p1a: Suppenschluk|Matcha Gotcha|p2b: Wazy|[spread] p2a,p2b
|-supereffective|p2a: Randy
|-resisted|p2b: Wazy
|-damage|p2a: Randy|19/100
|-heal|p1a: Suppenschluk|30/100|[from] drain|[of] p2a: Randy
|-damage|p2b: Wazy|88/100
|-heal|p1a: Suppenschluk|36/100|[from] drain|[of] p2b: Wazy
|move|p2a: Randy|Rock Slide|p1b: PelipperLP|[spread] p1a,p1b
|-supereffective|p1b: PelipperLP
|-damage|p1a: Suppenschluk|9/100
|-damage|p1b: PelipperLP|0 fnt
|faint|p1b: PelipperLP
|
|-weather|RainDance|[upkeep]
|-heal|p2b: Wazy|94/100|[from] item: Leftovers
|upkeep
|
|t:|1756725657
|switch|p1b: Mittelalter|Dragapult, L50, M, tera:Dragon|19/100
|turn|7
|
|t:|1756725664
|move|p1a: Suppenschluk|Matcha Gotcha|p2a: Randy|[spread] p2a,p2b
|-supereffective|p2a: Randy
|-resisted|p2b: Wazy
|-damage|p2a: Randy|0 fnt
|-heal|p1a: Suppenschluk|20/100|[from] drain|[of] p2a: Randy
|-damage|p2b: Wazy|82/100
|-heal|p1a: Suppenschluk|26/100|[from] drain|[of] p2b: Wazy
|faint|p2a: Randy
|move|p2b: Wazy|Make It Rain|p1a: Suppenschluk|[spread] p1a,p1b
|-damage|p1a: Suppenschluk|0 fnt
|-damage|p1b: Mittelalter|0 fnt
|-unboost|p2b: Wazy|spa|1
|faint|p1a: Suppenschluk
|faint|p1b: Mittelalter
|
|win|TobiYume
|c|☆TobiYume|trickroom schmickroom
|c|☆Pauliii23|ach manno
|c|☆TobiYume|ich denke aber definitiv dass du mit dem team einiges krasser performen kannst als letztes jahr in stuttgart
|c|☆Pauliii23|ja hoffe ich auch
|c|☆Pauliii23|ich mag die ganzen optionen die ich habe sehr
|c|☆Pauliii23|jetzt muss ich sie nur noch nützen können
|c|☆TobiYume|das kriegst du hin
