|j|☆ToastedArt
|j|☆Granny Pie
|html|ToastedArtGranny Pie    
|uhtml|bestof|Game 1 of a best-of-3
|t:|1784352496
|gametype|doubles
|player|p1|ToastedArt|clemont|
|player|p2|Granny Pie|zinnia|
|gen|9
|tier|[Gen 9 Champions] VGC 2026 Reg M-B (Bo3)
|rule|Species Clause: Limit one of each Pokémon
|rule|Item Clause: Limit 1 of each item
|clearpoke
|poke|p1|Maushold, L50|
|poke|p1|Chesnaught, L50, F, shiny|
|poke|p1|Delphox, L50, F|
|poke|p1|Incineroar, L50, M|
|poke|p1|Whimsicott, L50, F|
|poke|p1|Tinkaton, L50, F|
|poke|p2|Vivillon-Pokeball, L50, F, shiny|
|poke|p2|Sinistcha-Masterpiece, L50, shiny|
|poke|p2|Farigiraf, L50, M|
|poke|p2|Sylveon, L50, M, shiny|
|poke|p2|Camerupt, L50, M, shiny|
|poke|p2|Floette-Eternal, L50, F|
|teampreview|4
|showteam|p1|Maushold||ChopleBerry|FriendGuard|FollowMe,Encore,AfterYou,SuperFang|Jolly|||||50|]Chesnaught||Chesnaughtite|Bulletproof|DrainPunch,GrassyGlide,BellyDrum,SpikyShield|Adamant||F|||50|]Delphox||Delphoxite|Blaze|HeatWave,Psychic,NastyPlot,Protect|Timid||F|||50|]Incineroar||SitrusBerry|Intimidate|FlareBlitz,PartingShot,FakeOut,ThroatChop|Impish||M|||50|]Whimsicott||FocusSash|Prankster|Moonblast,GrassyTerrain,TrickRoom,Encore|Timid||F|||50|]Tinkaton||OccaBerry|MoldBreaker|FakeOut,GigatonHammer,SkillSwap,Feint|Jolly||F|||50|
|showteam|p2|Vivillon-Pokeball||ChoiceScarf|CompoundEyes|SleepPowder,RagePowder,Tailwind,Hurricane|Timid||F|||50|]Sinistcha-Masterpiece||KasibBerry|Hospitality|MatchaGotcha,RagePowder,LifeDew,TrickRoom|Bold|||||50|]Farigiraf||SitrusBerry|ArmorTail|AllySwitch,PsychicFangs,HelpingHand,TrickRoom|Relaxed||M|||50|]Sylveon||FairyFeather|Pixilate|Moonblast,HyperVoice,QuickAttack,Protect|Quiet||M|||50|]Camerupt||Cameruptite|SolidRock|Eruption,EarthPower,HeatWave,Protect|Quiet||M|||50|]Floette-Eternal||Floettite|FlowerVeil|Moonblast,DazzlingGleam,CalmMind,Protect|Quiet||F|||50|
|inactive|Battle timer is ON: inactive players will automatically lose when time's up. (requested by ToastedArt)
|
|t:|1784352523
|teamsize|p1|4
|teamsize|p2|4
|start
|switch|p1a: Delphox|Delphox, L50, F|100/100
|switch|p1b: Tinkaton|Tinkaton, L50, F|100/100
|switch|p2a: 15 Points|Vivillon-Pokeball, L50, F, shiny|100/100
|switch|p2b: HeWillNeverDie|Farigiraf, L50, M|100/100
|-ability|p1b: Tinkaton|Mold Breaker
|turn|1
|inactive|ToastedArt has 30 seconds left.
|
|t:|1784352556
|detailschange|p1a: Delphox|Delphox-Mega, L50, F
|-mega|p1a: Delphox|Delphox|Delphoxite
|move|p1b: Tinkaton|Fake Out|p2a: 15 Points
|-damage|p2a: 15 Points|82/100
|cant|p2a: 15 Points|flinch
|move|p1a: Delphox|Nasty Plot|p1a: Delphox
|-boost|p1a: Delphox|spa|2
|move|p2b: HeWillNeverDie|Trick Room|p2b: HeWillNeverDie
|-fieldstart|move: Trick Room|[of] p2b: HeWillNeverDie
|
|upkeep
|turn|2
|
|t:|1784352578
|move|p2a: 15 Points|Rage Powder|p2a: 15 Points
|-singleturn|p2a: 15 Points|move: Rage Powder
|move|p2b: HeWillNeverDie|Psychic Fangs|p1a: Delphox
|-resisted|p1a: Delphox|1
|-damage|p1a: Delphox|82/100
|move|p1b: Tinkaton|Skill Swap|p2a: 15 Points
|-activate|p1b: Tinkaton|Skill Swap|Compound Eyes|Mold Breaker|[of] p2a: 15 Points
|-ability|p2a: 15 Points|Mold Breaker
|move|p1a: Delphox|Heat Wave|p2a: 15 Points|[spread] p2a,p2b
|-supereffective|p2a: 15 Points|1
|-damage|p2a: 15 Points|0 fnt
|-damage|p2b: HeWillNeverDie|27/100
|-enditem|p2b: HeWillNeverDie|Sitrus Berry|[eat]
|-heal|p2b: HeWillNeverDie|52/100|[from] item: Sitrus Berry
|faint|p2a: 15 Points
|
|upkeep
|
|t:|1784352589
|switch|p2a: RamonaFlower|Floette-Eternal, L50, F|100/100
|turn|3
|
|t:|1784352603
|detailschange|p2a: RamonaFlower|Floette-Mega, L50, F
|-mega|p2a: RamonaFlower|Floette|Floettite
|-ability|p2a: RamonaFlower|Fairy Aura
|move|p2b: HeWillNeverDie|Ally Switch|p2b: HeWillNeverDie
|swap|p2b: HeWillNeverDie|0|[from] move: Ally Switch
|move|p2b: RamonaFlower|Dazzling Gleam|p1b: Tinkaton|[spread] p1a,p1b
|-resisted|p1a: Delphox|1
|-resisted|p1b: Tinkaton|1
|-damage|p1a: Delphox|59/100
|-damage|p1b: Tinkaton|75/100
|move|p1b: Tinkaton|Gigaton Hammer|p2a: HeWillNeverDie
|-damage|p2a: HeWillNeverDie|17/100
|move|p1a: Delphox|Nasty Plot|p1a: Delphox
|-boost|p1a: Delphox|spa|2
|
|upkeep
|turn|4
|
|t:|1784352620
|move|p2a: HeWillNeverDie|Helping Hand|p2b: RamonaFlower
|-singleturn|p2b: RamonaFlower|Helping Hand|[of] p2a: HeWillNeverDie
|move|p2b: RamonaFlower|Dazzling Gleam|p1b: Tinkaton|[spread] p1a,p1b
|-resisted|p1a: Delphox|1
|-resisted|p1b: Tinkaton|1
|-damage|p1a: Delphox|23/100
|-damage|p1b: Tinkaton|39/100
|move|p1b: Tinkaton|Skill Swap|p2a: HeWillNeverDie
|-activate|p1b: Tinkaton|Skill Swap|Armor Tail|Compound Eyes|[of] p2a: HeWillNeverDie
|move|p1a: Delphox|Heat Wave|p2a: HeWillNeverDie|[spread] p2a
|-miss|p1a: Delphox|p2b: RamonaFlower
|-damage|p2a: HeWillNeverDie|0 fnt
|faint|p2a: HeWillNeverDie
|
|upkeep
|
|t:|1784352630
|switch|p2a: DarkWokeAyatollah|Sylveon, L50, M, shiny|100/100
|turn|5
|
|t:|1784352641
|move|p1a: Delphox|Protect|p1a: Delphox
|-singleturn|p1a: Delphox|Protect
|move|p2a: DarkWokeAyatollah|Hyper Voice|p1a: Delphox|[spread] p1b
|-activate|p1a: Delphox|move: Protect
|-resisted|p1b: Tinkaton|1
|-damage|p1b: Tinkaton|7/100
|move|p2b: RamonaFlower|Dazzling Gleam|p1a: Delphox|[spread] p1b
|-activate|p1a: Delphox|move: Protect
|-resisted|p1b: Tinkaton|1
|-damage|p1b: Tinkaton|0 fnt
|faint|p1b: Tinkaton
|
|-fieldend|move: Trick Room
|upkeep
|inactive|ToastedArt has 30 seconds left.
|inactive|ToastedArt has 20 seconds left.
|
|t:|1784352678
|switch|p1b: Maushold|Maushold, L50|100/100
|turn|6
|
|t:|1784352694
|move|p1a: Delphox|Heat Wave|p2b: RamonaFlower|[spread] p2a,p2b
|-damage|p2a: DarkWokeAyatollah|14/100
|-damage|p2b: RamonaFlower|12/100
|move|p1b: Maushold|Super Fang|p2b: RamonaFlower
|-damage|p2b: RamonaFlower|6/100
|move|p2b: RamonaFlower|Dazzling Gleam|p1a: Delphox|[spread] p1a,p1b
|-resisted|p1a: Delphox|1
|-damage|p1a: Delphox|6/100
|-damage|p1b: Maushold|35/100
|move|p2a: DarkWokeAyatollah|Hyper Voice|p1b: Maushold|[spread] p1a,p1b
|-resisted|p1a: Delphox|1
|-damage|p1a: Delphox|0 fnt
|-damage|p1b: Maushold|0 fnt
|faint|p1a: Delphox
|faint|p1b: Maushold
|
|upkeep
|
|t:|1784352697
|switch|p1b: Incineroar|Incineroar, L50, M|100/100
|-ability|p1b: Incineroar|Intimidate|boost
|-unboost|p2a: DarkWokeAyatollah|atk|1
|-unboost|p2b: RamonaFlower|atk|1
|turn|7
|
|t:|1784352709
|move|p2b: RamonaFlower|Protect|p2b: RamonaFlower
|-singleturn|p2b: RamonaFlower|Protect
|move|p2a: DarkWokeAyatollah|Protect|p2a: DarkWokeAyatollah
|-singleturn|p2a: DarkWokeAyatollah|Protect
|move|p1b: Incineroar|Flare Blitz|p2b: RamonaFlower
|-activate|p2b: RamonaFlower|move: Protect
|
|upkeep
|turn|8
|
|t:|1784352722
|move|p2b: RamonaFlower|Moonblast|p1b: Incineroar
|-damage|p1b: Incineroar|14/100
|-enditem|p1b: Incineroar|Sitrus Berry|[eat]
|-heal|p1b: Incineroar|39/100|[from] item: Sitrus Berry
|move|p1b: Incineroar|Flare Blitz|p2b: RamonaFlower
|-damage|p2b: RamonaFlower|0 fnt
|faint|p2b: RamonaFlower
|-damage|p1b: Incineroar|37/100|[from] Recoil
|move|p2a: DarkWokeAyatollah|Hyper Voice|p1b: Incineroar
|-damage|p1b: Incineroar|0 fnt
|faint|p1b: Incineroar
|
|win|Granny Pie
||ToastedArt is ready for game 2.
|inactive|Granny Pie has 30 seconds to confirm battle start!
|l|☆ToastedArt
|player|p1|
