|j|☆HyphyJavi
|j|☆hexagonfoot
|html|HyphyJavihexagonfoot    
|uhtml|bestof|Game 3 of a best-of-3
|t:|1756507462
|gametype|doubles
|player|p1|HyphyJavi|dancer|1265
|player|p2|hexagonfoot|caitlin|1220
|gen|9
|tier|[Gen 9] VGC 2025 Reg H (Bo3)
|rated|
|rule|Species Clause: Limit one of each Pokémon
|rule|Item Clause: Limit 1 of each item
|clearpoke
|poke|p1|Hatterene, L50, F|
|poke|p1|Indeedee-F, L50, F|
|poke|p1|Torkoal, L50, M|
|poke|p1|Gallade, L50, M|
|poke|p1|Sneasler, L50, M|
|poke|p1|Farigiraf, L50, M|
|poke|p2|Kingambit, L50, M|
|poke|p2|Primarina, L50, F|
|poke|p2|Sneasler, L50, F|
|poke|p2|Magmar, L50, F|
|poke|p2|Rillaboom, L50, F|
|poke|p2|Dragapult, L50, F|
|teampreview|4
|showteam|p1|Hatterene||LifeOrb|MagicBounce|ExpandingForce,DazzlingGleam,Psychic,TrickRoom|||F|||50|,,,,,Psychic]Indeedee-F||SafetyGoggles|PsychicSurge|FollowMe,HelpingHand,Psychic,TrickRoom|||F|||50|,,,,,Steel]Torkoal||Charcoal|Drought|Eruption,HeatWave,SolarBeam,WeatherBall|||M|||50|,,,,,Fire]Gallade||ClearAmulet|Sharpness|SacredSword,NightSlash,WideGuard,TrickRoom|||M|||50|,,,,,Dark]Sneasler||PsychicSeed|Unburden|DireClaw,CloseCombat,ThroatChop,RockSlide|||M|||50|,,,,,Stellar]Farigiraf||ThroatSpray|ArmorTail|HyperVoice,HelpingHand,AllySwitch,TrickRoom|||M|||50|,,,,,Fairy
|showteam|p2|Kingambit||BlackGlasses|Defiant|KowtowCleave,SuckerPunch,SwordsDance,Protect|||M|||50|,,,,,Ghost]Primarina||SitrusBerry|LiquidVoice|HyperVoice,Moonblast,Haze,Protect|||F|||50|,,,,,Water]Sneasler||FocusSash|PoisonTouch|CloseCombat,DireClaw,FakeOut,Protect|||F|||50|,,,,,Stellar]Magmar||Eviolite|VitalSpirit|Overheat,WillOWisp,FollowMe,Protect|||F|||50|,,,,,Ghost]Rillaboom||AssaultVest|GrassySurge|WoodHammer,GrassyGlide,HighHorsepower,FakeOut|||F|||50|,,,,,Fire]Dragapult||ChoiceBand|ClearBody|DragonDarts,PhantomForce,TeraBlast,Uturn|||F|||50|,,,,,Ghost
|inactive|Battle timer is ON: inactive players will automatically lose when time's up. (requested by hexagonfoot)
|c|☆HyphyJavi|glhf
|inactive|hexagonfoot has 60 seconds left.
|
|t:|1756507505
|teamsize|p1|4
|teamsize|p2|4
|start
|switch|p1a: Indeedee|Indeedee-F, L50, F|100/100
|switch|p1b: Sneasler|Sneasler, L50, M|100/100
|switch|p2a: Magmar|Magmar, L50, F|100/100
|switch|p2b: Dragapult|Dragapult, L50, F|100/100
|-fieldstart|move: Psychic Terrain|[from] ability: Psychic Surge|[of] p1a: Indeedee
|-enditem|p1b: Sneasler|Psychic Seed
|-boost|p1b: Sneasler|spd|1|[from] item: Psychic Seed
|turn|1
|inactive|HyphyJavi has 30 seconds left.
|inactive|hexagonfoot has 30 seconds left.
|
|t:|1756507535
|-terastallize|p1b: Sneasler|Stellar
|move|p2a: Magmar|Follow Me|p2a: Magmar
|-singleturn|p2a: Magmar|move: Follow Me
|move|p1a: Indeedee|Follow Me|p1a: Indeedee
|-singleturn|p1a: Indeedee|move: Follow Me
|move|p1b: Sneasler|Rock Slide|p2b: Dragapult|[spread] p2a,p2b
|-supereffective|p2a: Magmar
|-crit|p2b: Dragapult
|-damage|p2a: Magmar|59/100
|-damage|p2b: Dragapult|48/100
|cant|p2b: Dragapult|flinch
|
|upkeep
|turn|2
|
|t:|1756507554
|switch|p2b: Rillaboom|Rillaboom, L50, F|100/100
|-fieldstart|move: Grassy Terrain|[from] ability: Grassy Surge|[of] p2b: Rillaboom
|move|p1a: Indeedee|Helping Hand|p1b: Sneasler
|-singleturn|p1b: Sneasler|Helping Hand|[of] p1a: Indeedee
|move|p1b: Sneasler|Rock Slide|p2b: Rillaboom|[spread] p2a,p2b
|-supereffective|p2a: Magmar
|-damage|p2a: Magmar|3/100
|-damage|p2b: Rillaboom|66/100
|move|p2a: Magmar|Will-O-Wisp|p1b: Sneasler
|-status|p1b: Sneasler|brn
|
|-heal|p2a: Magmar|9/100|[from] Grassy Terrain
|-heal|p2b: Rillaboom|73/100|[from] Grassy Terrain
|-damage|p1b: Sneasler|95/100 brn|[from] brn
|upkeep
|turn|3
|inactive|hexagonfoot has 30 seconds left.
|
|t:|1756507586
|move|p2a: Magmar|Follow Me|p2a: Magmar
|-singleturn|p2a: Magmar|move: Follow Me
|move|p1b: Sneasler|Dire Claw|p2a: Magmar
|-damage|p2a: Magmar|0 fnt
|faint|p2a: Magmar
|move|p2b: Rillaboom|Wood Hammer|p1b: Sneasler
|-resisted|p1b: Sneasler
|-damage|p1b: Sneasler|24/100 brn
|-damage|p2b: Rillaboom|54/100|[from] Recoil
|move|p1a: Indeedee|Psychic|p2b: Rillaboom
|-damage|p2b: Rillaboom|30/100
|
|-heal|p1b: Sneasler|29/100 brn|[from] Grassy Terrain
|-heal|p2b: Rillaboom|37/100|[from] Grassy Terrain
|-damage|p1b: Sneasler|24/100 brn|[from] brn
|upkeep
|
|t:|1756507593
|switch|p2a: Primarina|Primarina, L50, F|100/100
|turn|4
|inactive|HyphyJavi has 30 seconds left.
|inactive|HyphyJavi has 20 seconds left.
|
|t:|1756507632
|move|p2b: Rillaboom|Grassy Glide|p1b: Sneasler
|-resisted|p1b: Sneasler
|-damage|p1b: Sneasler|0 fnt
|faint|p1b: Sneasler
|move|p2a: Primarina|Hyper Voice|p1a: Indeedee
|-damage|p1a: Indeedee|64/100
|move|p1a: Indeedee|Trick Room|p1a: Indeedee
|-fieldstart|move: Trick Room|[of] p1a: Indeedee
|
|-heal|p1a: Indeedee|71/100|[from] Grassy Terrain
|-heal|p2b: Rillaboom|43/100|[from] Grassy Terrain
|upkeep
|
|t:|1756507641
|switch|p1b: Torkoal|Torkoal, L50, M, shiny|100/100
|-weather|SunnyDay|[from] ability: Drought|[of] p1b: Torkoal
|turn|5
|
|t:|1756507663
|-terastallize|p2b: Rillaboom|Fire
|move|p1a: Indeedee|Helping Hand|p1b: Torkoal
|-singleturn|p1b: Torkoal|Helping Hand|[of] p1a: Indeedee
|move|p1b: Torkoal|Solar Beam||[still]
|-prepare|p1b: Torkoal|Solar Beam
|-anim|p1b: Torkoal|Solar Beam|p2a: Primarina
|-supereffective|p2a: Primarina
|-damage|p2a: Primarina|0 fnt
|faint|p2a: Primarina
|move|p2b: Rillaboom|High Horsepower|p1b: Torkoal
|-supereffective|p1b: Torkoal
|-damage|p1b: Torkoal|45/100
|
|-weather|SunnyDay|[upkeep]
|-heal|p1b: Torkoal|51/100|[from] Grassy Terrain
|-heal|p1a: Indeedee|77/100|[from] Grassy Terrain
|-heal|p2b: Rillaboom|49/100|[from] Grassy Terrain
|upkeep
|
|t:|1756507676
|switch|p2a: Dragapult|Dragapult, L50, F|48/100
|turn|6
|
|t:|1756507693
|move|p1a: Indeedee|Follow Me|p1a: Indeedee
|-singleturn|p1a: Indeedee|move: Follow Me
|move|p1b: Torkoal|Heat Wave|p2b: Rillaboom|[spread] p2a,p2b
|-resisted|p2a: Dragapult
|-crit|p2a: Dragapult
|-resisted|p2b: Rillaboom
|-damage|p2a: Dragapult|0 fnt
|-damage|p2b: Rillaboom|29/100
|faint|p2a: Dragapult
|move|p2b: Rillaboom|High Horsepower|p1a: Indeedee
|-damage|p1a: Indeedee|43/100
|
|-weather|SunnyDay|[upkeep]
|-heal|p1b: Torkoal|58/100|[from] Grassy Terrain
|-heal|p1a: Indeedee|49/100|[from] Grassy Terrain
|-heal|p2b: Rillaboom|35/100|[from] Grassy Terrain
|-fieldend|move: Grassy Terrain
|upkeep
|turn|7
|-message|hexagonfoot forfeited.
|
|win|HyphyJavi
|raw|HyphyJavi's rating: 1265 → 1287(+22 for winning)
|raw|hexagonfoot's rating: 1220 → 1198(-22 for losing)
|c|☆HyphyJavi|ggs
