|j|☆jomivgc
|j|☆LunarMageMystia
|html|jomivgcLunarMageMystia    
|uhtml|bestof|Game 2 of a best-of-3
|t:|1784596853
|gametype|doubles
|player|p1|jomivgc|falkner-gen2|1214
|player|p2|LunarMageMystia|rosa|1209
|gen|9
|tier|[Gen 9 Champions] VGC 2026 Reg M-B (Bo3)
|rated|
|rule|Species Clause: Limit one of each Pokémon
|rule|Item Clause: Limit 1 of each item
|clearpoke
|poke|p1|Aerodactyl, L50, M|
|poke|p1|Charizard, L50, M|
|poke|p1|Incineroar, L50, M|
|poke|p1|Kingambit, L50, F|
|poke|p1|Sylveon, L50, M|
|poke|p1|Garchomp, L50, M|
|poke|p2|Metagross, L50|
|poke|p2|Venusaur, L50, F|
|poke|p2|Pelipper, L50, F|
|poke|p2|Grimmsnarl, L50, M|
|poke|p2|Archaludon, L50, F|
|poke|p2|Basculegion, L50, M|
|teampreview|4
|showteam|p1|Aerodactyl||Aerodactylite|Unnerve|RockSlide,DualWingbeat,WideGuard,Tailwind|Jolly||M|||50|]Charizard||CharizarditeY|Blaze|HeatWave,WeatherBall,SolarBeam,Protect|Modest||M|||50|]Incineroar||SitrusBerry|Intimidate|FlareBlitz,DarkestLariat,FakeOut,PartingShot|Impish||M|||50|]Kingambit||FocusSash|Defiant|KowtowCleave,IronHead,SuckerPunch,LowKick|Adamant||F|||50|]Sylveon||FairyFeather|Pixilate|HyperVoice,HyperBeam,QuickAttack,Detect|Modest||M|||50|]Garchomp||LifeOrb|RoughSkin|Earthquake,DragonClaw,RockSlide,Protect|Jolly||M|||50|
|showteam|p2|Metagross||Metagrossite|ClearBody|IronHead,PsychicFangs,ThunderPunch,Protect|Jolly|||||50|]Venusaur||Venusaurite|Overgrow|GigaDrain,SludgeBomb,EarthPower,Protect|Modest||F|||50|]Pelipper||SitrusBerry|Drizzle|Hurricane,WeatherBall,Tailwind,WideGuard|Modest||F|||50|]Grimmsnarl||LightClay|Prankster|FoulPlay,PartingShot,Reflect,LightScreen|Calm||M|||50|]Archaludon||Leftovers|Stamina|ElectroShot,DragonPulse,FlashCannon,Protect|Calm||F|||50|]Basculegion||ChoiceScarf|Adaptability|WaveCrash,LastRespects,FlipTurn,AquaJet|Jolly||M|||50|
|inactive|Battle timer is ON: inactive players will automatically lose when time's up. (requested by jomivgc)
|inactive|jomivgc has 60 seconds left.
|
|t:|1784596886
|teamsize|p1|4
|teamsize|p2|4
|start
|switch|p1a: Garchomp|Garchomp, L50, M|100/100
|switch|p1b: Sylveon|Sylveon, L50, M|100/100
|switch|p2a: Grimmsnarl|Grimmsnarl, L50, M|100/100
|switch|p2b: Metagross|Metagross, L50|100/100
|turn|1
|
|t:|1784596907
|switch|p1b: Charizard|Charizard, L50, M|100/100
|detailschange|p2b: Metagross|Metagross-Mega, L50
|-mega|p2b: Metagross|Metagross|Metagrossite
|move|p2a: Grimmsnarl|Reflect|p2a: Grimmsnarl
|-sidestart|p2: LunarMageMystia|Reflect
|move|p2b: Metagross|Iron Head|p1b: Charizard
|-resisted|p1b: Charizard|1
|-damage|p1b: Charizard|71/100
|move|p1a: Garchomp|Earthquake|p2b: Metagross|[spread] p2a,p2b
|-immune|p1b: Charizard
|-supereffective|p2b: Metagross|1
|-damage|p2a: Grimmsnarl|68/100
|-damage|p2b: Metagross|53/100
|-damage|p1a: Garchomp|90/100|[from] item: Life Orb
|
|upkeep
|turn|2
|
|t:|1784596931
|detailschange|p1b: Charizard|Charizard-Mega-Y, L50, M
|-mega|p1b: Charizard|Charizard|Charizardite Y
|-weather|SunnyDay|[from] ability: Drought|[of] p1b: Charizard
|move|p2b: Metagross|Protect|p2b: Metagross
|-singleturn|p2b: Metagross|Protect
|move|p2a: Grimmsnarl|Light Screen|p2a: Grimmsnarl
|-sidestart|p2: LunarMageMystia|move: Light Screen
|move|p1a: Garchomp|Earthquake|p2b: Metagross|[spread] p2a
|-activate|p2b: Metagross|move: Protect
|-immune|p1b: Charizard
|-damage|p2a: Grimmsnarl|35/100
|-damage|p1a: Garchomp|80/100|[from] item: Life Orb
|move|p1b: Charizard|Weather Ball|p2a: Grimmsnarl
|-damage|p2a: Grimmsnarl|0 fnt
|faint|p2a: Grimmsnarl
|
|-weather|SunnyDay|[upkeep]
|upkeep
|
|t:|1784596947
|switch|p2a: Pelipper|Pelipper, L50, F|100/100
|-weather|RainDance|[from] ability: Drizzle|[of] p2a: Pelipper
|turn|3
|
|t:|1784596963
|switch|p1b: Incineroar|Incineroar, L50, M|100/100
|-ability|p1b: Incineroar|Intimidate|boost
|-unboost|p2a: Pelipper|atk|1
|-unboost|p2b: Metagross|atk|1
|move|p2a: Pelipper|Wide Guard|p2a: Pelipper
|-singleturn|p2a: Pelipper|Wide Guard
|move|p2b: Metagross|Psychic Fangs|p1b: Incineroar
|-immune|p1b: Incineroar
|move|p1a: Garchomp|Earthquake|p2a: Pelipper|[spread] p1b
|-activate|p2a: Pelipper|move: Wide Guard
|-activate|p2b: Metagross|move: Wide Guard
|-supereffective|p1b: Incineroar|1
|-damage|p1b: Incineroar|34/100
|-enditem|p1b: Incineroar|Sitrus Berry|[eat]
|-heal|p1b: Incineroar|58/100|[from] item: Sitrus Berry
|-damage|p1a: Garchomp|70/100|[from] item: Life Orb
|
|-weather|RainDance|[upkeep]
|upkeep
|turn|4
|inactive|jomivgc has 30 seconds left.
|inactive|LunarMageMystia has 30 seconds left.
|inactive|LunarMageMystia has 20 seconds left.
|inactive|LunarMageMystia has 15 seconds left.
|inactive|jomivgc has 20 seconds left.
|inactive|LunarMageMystia has 10 seconds left.
|
|t:|1784597013
|switch|p2a: Basculegion|Basculegion, L50, M|100/100
|switch|p1b: Charizard|Charizard-Mega-Y, L50, M|71/100
|-weather|SunnyDay|[from] ability: Drought|[of] p1b: Charizard
|move|p2b: Metagross|Iron Head|p1a: Garchomp
|-damage|p1a: Garchomp|34/100
|-damage|p2b: Metagross|41/100|[from] ability: Rough Skin|[of] p1a: Garchomp
|move|p1a: Garchomp|Earthquake|p2a: Basculegion|[spread] p2a,p2b
|-immune|p1b: Charizard
|-supereffective|p2b: Metagross|1
|-damage|p2a: Basculegion|65/100
|-damage|p2b: Metagross|0 fnt
|faint|p2b: Metagross
|-damage|p1a: Garchomp|24/100|[from] item: Life Orb
|
|-weather|SunnyDay|[upkeep]
|upkeep
|
|t:|1784597029
|switch|p2b: Pelipper|Pelipper, L50, F|100/100
|-weather|RainDance|[from] ability: Drizzle|[of] p2b: Pelipper
|turn|5
|
|t:|1784597042
|switch|p1b: Incineroar|Incineroar, L50, M|58/100
|-ability|p1b: Incineroar|Intimidate|boost
|-unboost|p2a: Basculegion|atk|1
|-unboost|p2b: Pelipper|atk|1
|move|p1a: Garchomp|Protect|p1a: Garchomp
|-singleturn|p1a: Garchomp|Protect
|move|p2a: Basculegion|Last Respects|p1a: Garchomp
|-activate|p1a: Garchomp|move: Protect
|move|p2b: Pelipper|Weather Ball|p1b: Incineroar
|-supereffective|p1b: Incineroar|1
|-damage|p1b: Incineroar|0 fnt
|faint|p1b: Incineroar
|
|-weather|RainDance|[upkeep]
|upkeep
|
|t:|1784597056
|switch|p1b: Charizard|Charizard-Mega-Y, L50, M|71/100
|-weather|SunnyDay|[from] ability: Drought|[of] p1b: Charizard
|turn|6
|
|t:|1784597066
|move|p1b: Charizard|Protect|p1b: Charizard
|-singleturn|p1b: Charizard|Protect
|move|p2a: Basculegion|Last Respects|p1b: Charizard
|-activate|p1b: Charizard|move: Protect
|move|p1a: Garchomp|Dragon Claw|p2a: Basculegion
|-damage|p2a: Basculegion|30/100
|-damage|p1a: Garchomp|14/100|[from] item: Life Orb
|move|p2b: Pelipper|Weather Ball|p1a: Garchomp
|-resisted|p1a: Garchomp|1
|-damage|p1a: Garchomp|0 fnt
|faint|p1a: Garchomp
|
|-weather|SunnyDay|[upkeep]
|upkeep
|
|t:|1784597077
|switch|p1a: Sylveon|Sylveon, L50, M|100/100
|turn|7
|
|t:|1784597094
|move|p2a: Basculegion|Last Respects|p1b: Charizard
|-damage|p1b: Charizard|13/100
|move|p1b: Charizard|Weather Ball|p2b: Pelipper
|-resisted|p2b: Pelipper|1
|-crit|p2b: Pelipper
|-damage|p2b: Pelipper|26/100
|-enditem|p2b: Pelipper|Sitrus Berry|[eat]
|-heal|p2b: Pelipper|50/100g|[from] item: Sitrus Berry
|move|p1a: Sylveon|Hyper Voice|p2b: Pelipper|[spread] p2a,p2b
|-damage|p2a: Basculegion|0 fnt
|-damage|p2b: Pelipper|13/100
|faint|p2a: Basculegion
|move|p2b: Pelipper|Weather Ball|p1a: Sylveon
|-damage|p1a: Sylveon|68/100
|
|-weather|SunnyDay|[upkeep]
|upkeep
|turn|8
|-message|LunarMageMystia forfeited.
|
|win|jomivgc
