|j|☆ranakos
|j|☆Musaavgc
|html|ranakosMusaavgc    
|uhtml|bestof|Game 2 of a best-of-3
|t:|1756801431
|gametype|doubles
|player|p1|ranakos|scientist-gen4|1146
|player|p2|Musaavgc|n|1047
|gen|9
|tier|[Gen 9] VGC 2025 Reg H (Bo3)
|rated|
|rule|Species Clause: Limit one of each Pokémon
|rule|Item Clause: Limit 1 of each item
|clearpoke
|poke|p1|Gholdengo, L50|
|poke|p1|Sneasler, L50, M|
|poke|p1|Rillaboom, L50, M|
|poke|p1|Dragonite, L50, F|
|poke|p1|Ninetales-Alola, L50, F|
|poke|p1|Arcanine-Hisui, L50, F|
|poke|p2|Whimsicott, L50, F|
|poke|p2|Incineroar, L50, M|
|poke|p2|Smeargle, L50, M|
|poke|p2|Gholdengo, L50|
|poke|p2|Kingambit, L50, M|
|poke|p2|Garchomp, L50, M|
|teampreview|4
|showteam|p1|Gholdengo||GrassySeed|GoodasGold|NastyPlot,MakeItRain,ShadowBall,Protect||||||50|,,,,,Water]Sneasler||WhiteHerb|Unburden|CloseCombat,DireClaw,Coaching,Protect|||M|||50|,,,,,Ghost]Rillaboom||AssaultVest|GrassySurge|FakeOut,GrassyGlide,DrumBeating,HighHorsepower|||M|||50|,,,,,Fire]Dragonite||LoadedDice|Multiscale|ScaleShot,StompingTantrum,Tailwind,Protect|||F|||50|,,,,,Ground]Ninetales-Alola||FocusSash|SnowWarning|Blizzard,Protect,Encore,AuroraVeil|||F|||50|,,,,,Ghost]Arcanine-Hisui||ClearAmulet|Intimidate|RockSlide,FlareBlitz,ExtremeSpeed,Protect|||F|||50|,,,,,Water
|showteam|p2|Whimsicott||CovertCloak|Prankster|DazzlingGleam,Encore,Taunt,Tailwind|||F|||50|,,,,,Water]Incineroar||RockyHelmet|Intimidate|FakeOut,KnockOff,FlareBlitz,PartingShot|||M|||50|,,,,,Water]Smeargle||FocusSash|Moody|Decorate,Spore,SpikyShield,FollowMe|||M|||50|,,,,,Fire]Gholdengo||MetalCoat|GoodasGold|MakeItRain,ShadowBall,NastyPlot,Protect||||||50|,,,,,Fairy]Kingambit||BlackGlasses|Defiant|KowtowCleave,SuckerPunch,Protect,SwordsDance|||M|||50|,,,,,Dark]Garchomp||ChoiceScarf|RoughSkin|RockSlide,StompingTantrum,DragonClaw,Earthquake|||M|||50|,,,,,Steel
|inactive|Battle timer is ON: inactive players will automatically lose when time's up. (requested by ranakos)
|
|t:|1756801468
|teamsize|p1|4
|teamsize|p2|4
|start
|switch|p1a: Gholdengo|Gholdengo, L50|100/100
|switch|p1b: Rillaboom|Rillaboom, L50, M|100/100
|switch|p2a: Imran|Smeargle, L50, M, shiny|100/100
|switch|p2b: Dawson|Kingambit, L50, M|100/100
|-fieldstart|move: Grassy Terrain|[from] ability: Grassy Surge|[of] p1b: Rillaboom
|-enditem|p1a: Gholdengo|Grassy Seed
|-boost|p1a: Gholdengo|def|1|[from] item: Grassy Seed
|turn|1
|inactive|Musaavgc has 30 seconds left.
|inactive|Musaavgc has 20 seconds left.
|
|t:|1756801506
|-terastallize|p1a: Gholdengo|Water
|move|p1b: Rillaboom|Fake Out|p2a: Imran
|-damage|p2a: Imran|77/100
|cant|p2a: Imran|flinch
|move|p1a: Gholdengo|Nasty Plot|p1a: Gholdengo
|-boost|p1a: Gholdengo|spa|2
|move|p2b: Dawson|Swords Dance|p2b: Dawson
|-boost|p2b: Dawson|atk|2
|
|-heal|p2a: Imran|83/100|[from] Grassy Terrain
|-ability|p2a: Imran|Moody|boost
|-boost|p2a: Imran|spe|2
|-unboost|p2a: Imran|spd|1
|upkeep
|turn|2
|inactive|Musaavgc has 30 seconds left.
|
|t:|1756801531
|move|p2b: Dawson|Sucker Punch|p1a: Gholdengo
|-damage|p1a: Gholdengo|41/100
|move|p2a: Imran|Decorate|p1a: Gholdengo
|-immune|p1a: Gholdengo|[from] ability: Good as Gold
|move|p1b: Rillaboom|High Horsepower|p2b: Dawson
|-supereffective|p2b: Dawson
|-damage|p2b: Dawson|53/100
|move|p1a: Gholdengo|Make It Rain|p2b: Dawson|[spread] p2a,p2b
|-resisted|p2b: Dawson
|-damage|p2a: Imran|0 fnt
|-damage|p2b: Dawson|7/100
|-unboost|p1a: Gholdengo|spa|1
|faint|p2a: Imran
|
|-heal|p1a: Gholdengo|47/100|[from] Grassy Terrain
|-heal|p2b: Dawson|13/100|[from] Grassy Terrain
|upkeep
|
|t:|1756801542
|switch|p2a: 03302004|Whimsicott, L50, F|100/100
|turn|3
|inactive|ranakos has 30 seconds left.
|inactive|Musaavgc has 30 seconds left.
|inactive|Musaavgc has 20 seconds left.
|inactive|Musaavgc has 15 seconds left.
|
|t:|1756801586
|-terastallize|p2b: Dawson|Dark
|move|p2a: 03302004|Taunt|p1b: Rillaboom
|-start|p1b: Rillaboom|move: Taunt
|move|p2b: Dawson|Sucker Punch||[still]
|-fail|p2b: Dawson
|move|p1b: Rillaboom|High Horsepower|p2b: Dawson
|-damage|p2b: Dawson|0 fnt
|faint|p2b: Dawson
|move|p1a: Gholdengo|Nasty Plot|p1a: Gholdengo
|-boost|p1a: Gholdengo|spa|2
|
|-heal|p1a: Gholdengo|53/100|[from] Grassy Terrain
|upkeep
|
|t:|1756801594
|switch|p2b: Kareem|Incineroar, L50, M, shiny|100/100
|-ability|p2b: Kareem|Intimidate|boost
|-unboost|p1a: Gholdengo|atk|1
|-unboost|p1b: Rillaboom|atk|1
|turn|4
|inactive|Musaavgc has 30 seconds left.
|
|t:|1756801627
|switch|p1b: Arcanine|Arcanine-Hisui, L50, F|100/100
|-ability|p1b: Arcanine|Intimidate|boost
|-unboost|p2a: 03302004|atk|1
|-unboost|p2b: Kareem|atk|1
|move|p1a: Gholdengo|Protect|p1a: Gholdengo
|-singleturn|p1a: Gholdengo|Protect
|move|p2a: 03302004|Dazzling Gleam|p1a: Gholdengo|[spread] p1b
|-activate|p1a: Gholdengo|move: Protect
|-resisted|p1b: Arcanine
|-damage|p1b: Arcanine|90/100
|move|p2b: Kareem|Flare Blitz|p1b: Arcanine
|-resisted|p1b: Arcanine
|-damage|p1b: Arcanine|81/100
|-damage|p2b: Kareem|98/100|[from] Recoil
|
|-heal|p1b: Arcanine|86/100|[from] Grassy Terrain
|-heal|p1a: Gholdengo|59/100|[from] Grassy Terrain
|-heal|p2b: Kareem|100/100|[from] Grassy Terrain
|upkeep
|turn|5
|inactive|ranakos has 30 seconds left.
|inactive|Musaavgc has 30 seconds left.
|inactive|ranakos has 20 seconds left.
|inactive|Musaavgc has 20 seconds left.
|inactive|Musaavgc has 15 seconds left.
|inactive|Musaavgc has 10 seconds left.
|inactive|Musaavgc has 5 seconds left.
|
|t:|1756801680
|move|p2a: 03302004|Encore|p1a: Gholdengo
|-immune|p1a: Gholdengo|[from] ability: Good as Gold
|move|p1b: Arcanine|Rock Slide|p2a: 03302004|[spread] p2a,p2b
|-supereffective|p2b: Kareem
|-damage|p2a: 03302004|70/100
|-damage|p2b: Kareem|57/100
|move|p1a: Gholdengo|Make It Rain|p2b: Kareem|[spread] p2a,p2b
|-supereffective|p2a: 03302004
|-resisted|p2b: Kareem
|-damage|p2a: 03302004|0 fnt
|-damage|p2b: Kareem|15/100
|-unboost|p1a: Gholdengo|spa|1
|faint|p2a: 03302004
|move|p2b: Kareem|Knock Off|p1b: Arcanine
|-damage|p1b: Arcanine|57/100
|-enditem|p1b: Arcanine|Clear Amulet|[from] move: Knock Off|[of] p2b: Kareem
|
|-heal|p1b: Arcanine|62/100|[from] Grassy Terrain
|-heal|p1a: Gholdengo|66/100|[from] Grassy Terrain
|-heal|p2b: Kareem|21/100|[from] Grassy Terrain
|-fieldend|move: Grassy Terrain
|upkeep
|turn|6
|
|t:|1756801702
|move|p1b: Arcanine|Extreme Speed|p2b: Kareem
|-damage|p2b: Kareem|0 fnt
|-damage|p1b: Arcanine|46/100|[from] item: Rocky Helmet|[of] p2b: Kareem
|faint|p2b: Kareem
|
|win|ranakos
|raw|ranakos's rating: 1146 → 1164(+18 for winning)
|raw|Musaavgc's rating: 1047 → 1035(-12 for losing)
|l|☆Musaavgc
|player|p2|
