|j|☆Camerupt4Ever
|j|☆epom158
|html|Camerupt4Everepom158    
|uhtml|bestof|Game 2 of a best-of-3
|t:|1756776680
|gametype|doubles
|player|p1|Camerupt4Ever|1|1153
|player|p2|epom158|n|1193
|gen|9
|tier|[Gen 9] VGC 2025 Reg H (Bo3)
|rated|
|rule|Species Clause: Limit one of each Pokémon
|rule|Item Clause: Limit 1 of each item
|clearpoke
|poke|p1|Wyrdeer, L50, M|
|poke|p1|Indeedee-F, L50, F|
|poke|p1|Annihilape, L50, F|
|poke|p1|Torkoal, L50, F|
|poke|p1|Delphox, L50, F|
|poke|p1|Kingambit, L50, F|
|poke|p2|Sneasler, L50, F|
|poke|p2|Rillaboom, L50, M|
|poke|p2|Dragonite, L50, M|
|poke|p2|Incineroar, L50, F|
|poke|p2|Kingambit, L50, F|
|poke|p2|Volcarona, L50, F|
|teampreview|4
|showteam|p1|Wyrdeer||Leftovers|Intimidate|Protect,TrickRoom,ExpandingForce,EarthPower|||M|||50|,,,,,Ground]Indeedee-F||RockyHelmet|PsychicSurge|Imprison,FollowMe,TrickRoom,Psychic|||F|||50|,,,,,Grass]Annihilape||SafetyGoggles|Defiant|DrainPunch,Taunt,RageFist,Protect|||F|||50|,,,,,Fire]Torkoal||Charcoal|Drought|Eruption,HelpingHand,Protect,WeatherBall|||F|||50|,,,,,Grass]Delphox||ChoiceScarf|Blaze|HeatWave,ExpandingForce,DazzlingGleam,Flamethrower|||F|||50|,,,,,Fairy]Kingambit||AssaultVest|Defiant|KowtowCleave,SuckerPunch,IronHead,LowKick|||F|||50|,,,,,Fairy
|showteam|p2|Sneasler||FocusSash|Unburden|CloseCombat,DireClaw,Coaching,Protect|||F|||50|,,,,,Stellar]Rillaboom||AssaultVest|GrassySurge|WoodHammer,Uturn,FakeOut,GrassyGlide|||M|||50|,,,,,Fire]Dragonite||LoadedDice|Multiscale|ScaleShot,Tailwind,Haze,Protect|||M|||50|,,,,,Steel]Incineroar||SafetyGoggles|Intimidate|FlareBlitz,KnockOff,FakeOut,PartingShot|||F|||50|,,,,,Ghost]Kingambit||BlackGlasses|Defiant|KowtowCleave,SuckerPunch,SwordsDance,Protect|||F|||50|,,,,,Dark]Volcarona||CovertCloak|FlameBody|Flamethrower,TeraBlast,QuiverDance,Protect|||F|||50|,,,,,Fairy
|
|t:|1756776725
|teamsize|p1|4
|teamsize|p2|4
|start
|switch|p1a: Annihilape|Annihilape, L50, F|100/100
|switch|p1b: Indeedee|Indeedee-F, L50, F|100/100
|switch|p2a: Sneasler|Sneasler, L50, F|100/100
|switch|p2b: Kingambit|Kingambit, L50, F|100/100
|-fieldstart|move: Psychic Terrain|[from] ability: Psychic Surge|[of] p1b: Indeedee
|turn|1
|
|t:|1756776742
|switch|p1b: Kingambit|Kingambit, L50, F|100/100
|-terastallize|p2b: Kingambit|Dark
|move|p2a: Sneasler|Dire Claw|p1b: Kingambit
|-immune|p1b: Kingambit
|move|p1a: Annihilape|Drain Punch|p2b: Kingambit
|-supereffective|p2b: Kingambit
|-damage|p2b: Kingambit|37/100
|move|p2b: Kingambit|Kowtow Cleave|p1b: Kingambit
|-resisted|p1b: Kingambit
|-damage|p1b: Kingambit|74/100
|
|upkeep
|turn|2
|
|t:|1756776767
|switch|p2b: Volcarona|Volcarona, L50, F|100/100
|switch|p1b: Wyrdeer|Wyrdeer, L50, M|100/100
|-ability|p1b: Wyrdeer|Intimidate|boost
|-unboost|p2a: Sneasler|atk|1
|-unboost|p2b: Volcarona|atk|1
|move|p2a: Sneasler|Close Combat|p1b: Wyrdeer
|-damage|p1b: Wyrdeer|53/100
|-unboost|p2a: Sneasler|def|1
|-unboost|p2a: Sneasler|spd|1
|move|p1a: Annihilape|Drain Punch|p2b: Volcarona
|-resisted|p2b: Volcarona
|-damage|p2b: Volcarona|78/100
|
|-heal|p1b: Wyrdeer|59/100|[from] item: Leftovers
|upkeep
|turn|3
|
|t:|1756776790
|switch|p2a: Rillaboom|Rillaboom, L50, M|100/100
|-fieldstart|move: Grassy Terrain|[from] ability: Grassy Surge|[of] p2a: Rillaboom
|move|p1a: Annihilape|Protect|p1a: Annihilape
|-singleturn|p1a: Annihilape|Protect
|move|p2b: Volcarona|Quiver Dance|p2b: Volcarona
|-boost|p2b: Volcarona|spa|1
|-boost|p2b: Volcarona|spd|1
|-boost|p2b: Volcarona|spe|1
|move|p1b: Wyrdeer|Trick Room|p1b: Wyrdeer
|-fieldstart|move: Trick Room|[of] p1b: Wyrdeer
|
|-heal|p1b: Wyrdeer|65/100|[from] Grassy Terrain
|-heal|p1b: Wyrdeer|71/100|[from] item: Leftovers
|-heal|p2b: Volcarona|84/100|[from] Grassy Terrain
|upkeep
|turn|4
|
|t:|1756776814
|switch|p1a: Indeedee|Indeedee-F, L50, F|100/100
|-fieldstart|move: Psychic Terrain|[from] ability: Psychic Surge|[of] p1a: Indeedee
|move|p1b: Wyrdeer|Expanding Force|p2b: Volcarona|[spread] p2a,p2b
|-damage|p2a: Rillaboom|61/100
|-damage|p2b: Volcarona|49/100
|move|p2a: Rillaboom|U-turn|p1b: Wyrdeer
|-supereffective|p1b: Wyrdeer
|-damage|p1b: Wyrdeer|16/100
|
|t:|1756776824
|switch|p2a: Kingambit|Kingambit, L50, F, tera:Dark|37/100|[from] U-turn
|move|p2b: Volcarona|Flamethrower|p1a: Indeedee
|-damage|p1a: Indeedee|30/100
|
|-heal|p1b: Wyrdeer|22/100|[from] item: Leftovers
|upkeep
|turn|5
|
|t:|1756776850
|switch|p2a: Rillaboom|Rillaboom, L50, M|61/100
|-fieldstart|move: Grassy Terrain|[from] ability: Grassy Surge|[of] p2a: Rillaboom
|move|p1b: Wyrdeer|Earth Power|p2a: Rillaboom
|-resisted|p2a: Rillaboom
|-damage|p2a: Rillaboom|50/100
|move|p1a: Indeedee|Psychic|p2b: Volcarona
|-damage|p2b: Volcarona|32/100
|move|p2b: Volcarona|Flamethrower|p1a: Indeedee
|-damage|p1a: Indeedee|0 fnt
|faint|p1a: Indeedee
|
|-heal|p1b: Wyrdeer|29/100|[from] Grassy Terrain
|-heal|p1b: Wyrdeer|35/100|[from] item: Leftovers
|-heal|p2a: Rillaboom|56/100|[from] Grassy Terrain
|-heal|p2b: Volcarona|39/100|[from] Grassy Terrain
|upkeep
|
|t:|1756776855
|switch|p1a: Annihilape|Annihilape, L50, F|100/100
|turn|6
|
|t:|1756776887
|switch|p1b: Kingambit|Kingambit, L50, F|74/100
|-terastallize|p1a: Annihilape|Fire
|move|p1a: Annihilape|Rage Fist|p2b: Volcarona
|-damage|p2b: Volcarona|8/100
|move|p2a: Rillaboom|U-turn|p1b: Kingambit
|-damage|p1b: Kingambit|54/100
|
|t:|1756776898
|switch|p2a: Sneasler|Sneasler, L50, F|100/100|[from] U-turn
|move|p2b: Volcarona|Flamethrower|p1a: Annihilape
|-resisted|p1a: Annihilape
|-damage|p1a: Annihilape|70/100
|
|-heal|p1b: Kingambit|59/100|[from] Grassy Terrain
|-heal|p1a: Annihilape|76/100|[from] Grassy Terrain
|-heal|p2b: Volcarona|15/100|[from] Grassy Terrain
|upkeep
|turn|7
|
|t:|1756776934
|switch|p1b: Wyrdeer|Wyrdeer, L50, M|35/100
|-ability|p1b: Wyrdeer|Intimidate|boost
|-unboost|p2a: Sneasler|atk|1
|-unboost|p2b: Volcarona|atk|1
|move|p1a: Annihilape|Rage Fist|p2b: Volcarona
|-damage|p2b: Volcarona|0 fnt
|faint|p2b: Volcarona
|move|p2a: Sneasler|Close Combat|p1b: Wyrdeer
|-damage|p1b: Wyrdeer|0 fnt
|-unboost|p2a: Sneasler|def|1
|-unboost|p2a: Sneasler|spd|1
|faint|p1b: Wyrdeer
|
|-heal|p1a: Annihilape|82/100|[from] Grassy Terrain
|-fieldend|move: Trick Room
|upkeep
|
|t:|1756776951
|switch|p2b: Rillaboom|Rillaboom, L50, M|56/100
|switch|p1b: Kingambit|Kingambit, L50, F|59/100
|turn|8
|
|t:|1756776962
|move|p2b: Rillaboom|Fake Out|p1a: Annihilape
|-damage|p1a: Annihilape|67/100
|move|p1b: Kingambit|Sucker Punch||[still]
|-fail|p1b: Kingambit
|move|p2a: Sneasler|Close Combat|p1b: Kingambit
|-supereffective|p1b: Kingambit
|-damage|p1b: Kingambit|0 fnt
|-unboost|p2a: Sneasler|def|1
|-unboost|p2a: Sneasler|spd|1
|faint|p1b: Kingambit
|cant|p1a: Annihilape|flinch
|
|-heal|p2b: Rillaboom|61/100|[from] Grassy Terrain
|-heal|p1a: Annihilape|73/100|[from] Grassy Terrain
|upkeep
|turn|9
|
|t:|1756776973
|switch|p2a: Kingambit|Kingambit, L50, F, tera:Dark|37/100
|move|p2b: Rillaboom|U-turn|p1a: Annihilape
|-resisted|p1a: Annihilape
|-damage|p1a: Annihilape|62/100
|
|t:|1756776977
|switch|p2b: Sneasler|Sneasler, L50, F|100/100|[from] U-turn
|move|p1a: Annihilape|Rage Fist|p2a: Kingambit
|-resisted|p2a: Kingambit
|-damage|p2a: Kingambit|0 fnt
|faint|p2a: Kingambit
|
|-heal|p1a: Annihilape|68/100|[from] Grassy Terrain
|-fieldend|move: Grassy Terrain
|upkeep
|
|t:|1756776979
|switch|p2a: Rillaboom|Rillaboom, L50, M|61/100
|-fieldstart|move: Grassy Terrain|[from] ability: Grassy Surge|[of] p2a: Rillaboom
|turn|10
|
|t:|1756776990
|move|p1a: Annihilape|Protect|p1a: Annihilape
|-singleturn|p1a: Annihilape|Protect
|move|p2a: Rillaboom|Fake Out|p1a: Annihilape
|-activate|p1a: Annihilape|move: Protect
|move|p2b: Sneasler|Coaching|p2a: Rillaboom
|-boost|p2a: Rillaboom|atk|1
|-boost|p2a: Rillaboom|def|1
|
|-heal|p2a: Rillaboom|67/100|[from] Grassy Terrain
|-heal|p1a: Annihilape|74/100|[from] Grassy Terrain
|upkeep
|turn|11
|
|t:|1756777002
|move|p2a: Rillaboom|Grassy Glide|p1a: Annihilape
|-resisted|p1a: Annihilape
|-damage|p1a: Annihilape|48/100
|move|p2b: Sneasler|Close Combat|p1a: Annihilape
|-damage|p1a: Annihilape|0 fnt
|-unboost|p2b: Sneasler|def|1
|-unboost|p2b: Sneasler|spd|1
|faint|p1a: Annihilape
|
|win|epom158
||Camerupt4Ever is ready for game 3.
||epom158 is ready for game 3.
|uhtml|next|Next: Game 3 of 3
