|j|☆Im_Neutro
|j|☆Slafyx
|html|Im_NeutroSlafyx    
|uhtml|bestof|Game 2 of a best-of-3
|t:|1783694479
|gametype|doubles
|player|p1|Im_Neutro|noland|1236
|player|p2|Slafyx|steven|1226
|gen|9
|tier|[Gen 9 Champions] VGC 2026 Reg M-B (Bo3)
|rated|
|rule|Species Clause: Limit one of each Pokémon
|rule|Item Clause: Limit 1 of each item
|clearpoke
|poke|p1|Gengar, L50, M|
|poke|p1|Kingambit, L50, M|
|poke|p1|Incineroar, L50, M|
|poke|p1|Sinistcha, L50|
|poke|p1|Toxapex, L50, M|
|poke|p1|Kommo-o, L50, F|
|poke|p2|Gengar, L50, F, shiny|
|poke|p2|Swampert, L50, F, shiny|
|poke|p2|Incineroar, L50, F, shiny|
|poke|p2|Politoed, L50, F, shiny|
|poke|p2|Archaludon, L50, F, shiny|
|poke|p2|Vivillon-Elegant, L50, M, shiny|
|teampreview|4
|showteam|p1|Gengar||Gengarite|CursedBody|PerishSong,Protect,ShadowBall,Disable|Timid||M|||50|]Kingambit||BlackGlasses|Defiant|KowtowCleave,IronHead,SuckerPunch,Protect|Brave||M|||50|]Incineroar||PasshoBerry|Intimidate|FlareBlitz,FakeOut,PartingShot,Protect|Relaxed||M|||50|]Sinistcha||ColburBerry|Hospitality|MatchaGotcha,RagePowder,Protect,LifeDew|Bold|||||50|]Toxapex||SitrusBerry|Regenerator|BanefulBunker,Infestation,Toxic,Recover|Bold||M|||50|]Kommo-o||Leftovers|Soundproof|ClangorousSoul,ClangingScales,AuraSphere,Protect|Modest||F|||50|
|showteam|p2|Gengar||Gengarite|CursedBody|ShadowBall,SludgeBomb,PerishSong,Protect|Timid||F|||50|]Swampert||Swampertite|Damp|WaveCrash,Earthquake,IcePunch,Protect|Adamant||F|||50|]Incineroar||PasshoBerry|Intimidate|FakeOut,ThroatChop,PartingShot,Protect|Sassy||F|||50|]Politoed||SitrusBerry|Drizzle|WeatherBall,Encore,PerishSong,Protect|Calm||F|||50|]Archaludon||Leftovers|Stamina|DragonPulse,FlashCannon,ElectroShot,Protect|Bold||F|||50|]Vivillon-Elegant||FocusSash|CompoundEyes|Hurricane,SleepPowder,RagePowder,Protect|Timid||M|||50|
|inactive|Battle timer is ON: inactive players will automatically lose when time's up. (requested by Im_Neutro)
|inactive|Slafyx also wants the timer to be on.
|inactive|Slafyx has 60 seconds left.
|
|t:|1783694526
|teamsize|p1|4
|teamsize|p2|4
|start
|switch|p1a: Gengar|Gengar, L50, M|100/100
|switch|p1b: Kommo-o|Kommo-o, L50, F|100/100
|switch|p2a: Politoed|Politoed, L50, F, shiny|100/100
|switch|p2b: Swampert|Swampert, L50, F, shiny|100/100
|-weather|RainDance|[from] ability: Drizzle|[of] p2a: Politoed
|turn|1
|
|t:|1783694550
|switch|p1b: Incineroar|Incineroar, L50, M|100/100
|-ability|p1b: Incineroar|Intimidate|boost
|-unboost|p2a: Politoed|atk|1
|-unboost|p2b: Swampert|atk|1
|switch|p2b: Incineroar|Incineroar, L50, F, shiny|100/100
|-ability|p2b: Incineroar|Intimidate|boost
|-unboost|p1a: Gengar|atk|1
|-unboost|p1b: Incineroar|atk|1
|detailschange|p1a: Gengar|Gengar-Mega, L50, M
|-mega|p1a: Gengar|Gengar|Gengarite
|move|p1a: Gengar|Protect|p1a: Gengar
|-singleturn|p1a: Gengar|Protect
|move|p2a: Politoed|Encore||[still]
|-fail|p2a: Politoed
|
|-weather|RainDance|[upkeep]
|upkeep
|turn|2
|
|t:|1783694574
|move|p1b: Incineroar|Fake Out|p2b: Incineroar
|-damage|p2b: Incineroar|93/100
|move|p1a: Gengar|Perish Song|p1a: Gengar
|-start|p1a: Gengar|perish3|[silent]
|-start|p1b: Incineroar|perish3|[silent]
|-start|p2a: Politoed|perish3|[silent]
|-start|p2b: Incineroar|perish3|[silent]
|-fieldactivate|move: Perish Song
|move|p2a: Politoed|Encore|p1b: Incineroar
|-start|p1b: Incineroar|Encore
|cant|p2b: Incineroar|flinch
|
|-weather|RainDance|[upkeep]
|-start|p1a: Gengar|perish3
|-start|p2a: Politoed|perish3
|-start|p1b: Incineroar|perish3
|-start|p2b: Incineroar|perish3
|upkeep
|turn|3
|
|t:|1783694593
|switch|p1b: Kommo-o|Kommo-o, L50, F|100/100
|move|p1a: Gengar|Protect|p1a: Gengar
|-singleturn|p1a: Gengar|Protect
|move|p2a: Politoed|Weather Ball|p1b: Kommo-o
|-resisted|p1b: Kommo-o|1
|-damage|p1b: Kommo-o|75/100
|move|p2b: Incineroar|Parting Shot|p1b: Kommo-o
|-immune|p1b: Kommo-o|[from] ability: Soundproof
|
|-weather|RainDance|[upkeep]
|-heal|p1b: Kommo-o|81/100|[from] item: Leftovers
|-start|p1a: Gengar|perish2
|-start|p2a: Politoed|perish2
|-start|p2b: Incineroar|perish2
|upkeep
|turn|4
|
|t:|1783694606
|move|p1a: Gengar|Disable|p2b: Incineroar
|-start|p2b: Incineroar|Disable|Parting Shot
|move|p1b: Kommo-o|Clanging Scales|p2a: Politoed|[spread] p2a,p2b
|-damage|p2a: Politoed|68/100
|-damage|p2b: Incineroar|65/100
|-unboost|p1b: Kommo-o|def|1
|move|p2a: Politoed|Weather Ball|p1a: Gengar
|-damage|p1a: Gengar|47/100
|cant|p2b: Incineroar|Disable|Parting Shot
|
|-weather|RainDance|[upkeep]
|-heal|p1b: Kommo-o|88/100|[from] item: Leftovers
|-start|p1a: Gengar|perish1
|-start|p2a: Politoed|perish1
|-start|p2b: Incineroar|perish1
|upkeep
|turn|5
|
|t:|1783694623
|switch|p1a: Incineroar|Incineroar, L50, M|100/100
|-ability|p1a: Incineroar|Intimidate|boost
|-unboost|p2a: Politoed|atk|1
|-unboost|p2b: Incineroar|atk|1
|move|p1b: Kommo-o|Clanging Scales|p2a: Politoed|[spread] p2a,p2b
|-damage|p2a: Politoed|39/100
|-damage|p2b: Incineroar|38/100
|-enditem|p2a: Politoed|Sitrus Berry|[eat]
|-heal|p2a: Politoed|63/100|[from] item: Sitrus Berry
|-unboost|p1b: Kommo-o|def|1
|move|p2a: Politoed|Weather Ball|p1a: Incineroar
|-supereffective|p1a: Incineroar|1
|-enditem|p1a: Incineroar|Passho Berry|[eat]
|-enditem|p1a: Incineroar|Passho Berry|[weaken]
|-damage|p1a: Incineroar|55/100
|move|p2b: Incineroar|Throat Chop|p1a: Incineroar
|-resisted|p1a: Incineroar|1
|-damage|p1a: Incineroar|47/100
|-start|p1a: Incineroar|Throat Chop|[silent]
|
|-weather|none
|-heal|p1b: Kommo-o|94/100|[from] item: Leftovers
|-start|p2a: Politoed|perish0
|-start|p2b: Incineroar|perish0
|upkeep
|faint|p2a: Politoed
|faint|p2b: Incineroar
|
|t:|1783694636
|switch|p2a: Swampert|Swampert, L50, F, shiny|100/100
|switch|p2b: Vivillon|Vivillon-Elegant, L50, M, shiny|100/100
|turn|6
|
|t:|1783694652
|detailschange|p2a: Swampert|Swampert-Mega, L50, F, shiny
|-mega|p2a: Swampert|Swampert|Swampertite
|move|p1a: Incineroar|Fake Out|p2b: Vivillon
|-damage|p2b: Vivillon|76/100
|cant|p2b: Vivillon|flinch
|move|p1b: Kommo-o|Clanging Scales|p2a: Swampert|[spread] p2a,p2b
|-damage|p2a: Swampert|66/100
|-damage|p2b: Vivillon|7/100
|-unboost|p1b: Kommo-o|def|1
|move|p2a: Swampert|Earthquake|p1b: Kommo-o|[spread] p1a,p1b
|-immune|p2b: Vivillon
|-supereffective|p1a: Incineroar|1
|-damage|p1a: Incineroar|0 fnt
|-damage|p1b: Kommo-o|0 fnt
|faint|p1a: Incineroar
|faint|p1b: Kommo-o
|
|upkeep
|
|t:|1783694664
|switch|p1b: Sinistcha|Sinistcha, L50|100/100
|switch|p1a: Gengar|Gengar-Mega, L50, M|47/100
|-heal|p1a: Gengar|72/100|[from] ability: Hospitality|[of] p1b: Sinistcha
|turn|7
|
|t:|1783694676
|move|p1a: Gengar|Shadow Ball|p2b: Vivillon
|-damage|p2b: Vivillon|0 fnt
|faint|p2b: Vivillon
|move|p2a: Swampert|Earthquake|p1b: Sinistcha|[spread] p1a,p1b
|-supereffective|p1a: Gengar|1
|-resisted|p1b: Sinistcha|1
|-damage|p1a: Gengar|0 fnt
|-damage|p1b: Sinistcha|84/100
|faint|p1a: Gengar
|move|p1b: Sinistcha|Matcha Gotcha|p2a: Swampert
|-supereffective|p2a: Swampert|2
|-damage|p2a: Swampert|0 fnt
|-heal|p1b: Sinistcha|100/100|[from] drain|[of] p2a: Swampert
|faint|p2a: Swampert
|
|win|Im_Neutro
|raw|Im_Neutro's rating: 1236 → 1260(+24 for winning)
|raw|Slafyx's rating: 1226 → 1202(-24 for losing)
