|j|☆TopekaMelon
|j|☆escapadian
|html|TopekaMelonescapadian    
|uhtml|bestof|Game 2 of a best-of-3
|t:|1783910532
|gametype|doubles
|player|p1|TopekaMelon|sabrina|1271
|player|p2|escapadian|rocketgruntf|1173
|gen|9
|tier|[Gen 9 Champions] VGC 2026 Reg M-B (Bo3)
|rated|
|rule|Species Clause: Limit one of each Pokémon
|rule|Item Clause: Limit 1 of each item
|clearpoke
|poke|p1|Farigiraf, L50, F|
|poke|p1|Torkoal, L50, M|
|poke|p1|Incineroar, L50, F|
|poke|p1|Vivillon-Elegant, L50, M|
|poke|p1|Gardevoir, L50, M|
|poke|p1|Mudsdale, L50, F|
|poke|p2|Floette-Eternal, L50, F|
|poke|p2|Whimsicott, L50, M|
|poke|p2|Basculegion, L50, M, shiny|
|poke|p2|Charizard, L50, F|
|poke|p2|Garchomp, L50, M|
|poke|p2|Kingambit, L50, F|
|teampreview|4
|showteam|p1|Farigiraf||SitrusBerry|ArmorTail|Protect,TrickRoom,Thunderbolt,Psychic|Sassy||F|||50|]Torkoal||Charcoal|Drought|Protect,SolarBeam,WeatherBall,Eruption|Quiet||M|||50|]Incineroar||WhiteHerb|Intimidate|FlareBlitz,DarkestLariat,CloseCombat,FakeOut|Brave||F|||50|]Vivillon-Elegant||FocusSash|CompoundEyes|Protect,RagePowder,SleepPowder,Hurricane|Timid||M|||50|]Gardevoir||Gardevoirite|Telepathy|Protect,TrickRoom,Psychic,HyperVoice|Quiet||M|||50|]Mudsdale||LifeOrb|InnerFocus|Earthquake,HighHorsepower,HeavySlam,RockSlide|Brave||F|||50|
|showteam|p2|Floette-Eternal||Floettite|FlowerVeil|Moonblast,DazzlingGleam,LightofRuin,Protect|Timid||F|||50|]Whimsicott||FocusSash|Prankster|Moonblast,Tailwind,Encore,Protect|Timid||M|||50|]Basculegion||MysticWater|Adaptability|WaveCrash,LastRespects,AquaJet,Protect|Adamant||M|||50|]Charizard||CharizarditeY|Blaze|HeatWave,WeatherBall,SolarBeam,Protect|Modest||F|||50|]Garchomp||LifeOrb|RoughSkin|DragonClaw,Protect,RockSlide,Earthquake|Jolly||M|||50|]Kingambit||BlackGlasses|Defiant|KowtowCleave,IronHead,SuckerPunch,Protect|Adamant||F|||50|
|inactive|Battle timer is ON: inactive players will automatically lose when time's up. (requested by TopekaMelon)
|inactive|TopekaMelon has 60 seconds left.
|
|t:|1783910593
|teamsize|p1|4
|teamsize|p2|4
|start
|switch|p1a: Incineroar|Incineroar, L50, F|100/100
|switch|p1b: Farigiraf|Farigiraf, L50, F|100/100
|switch|p2a: Floette|Floette-Eternal, L50, F|100/100
|switch|p2b: Garchomp|Garchomp, L50, M|100/100
|-ability|p1a: Incineroar|Intimidate|boost
|-unboost|p2a: Floette|atk|1
|-unboost|p2b: Garchomp|atk|1
|turn|1
|inactive|TopekaMelon has 30 seconds left.
|
|t:|1783910625
|detailschange|p2a: Floette|Floette-Mega, L50, F
|-mega|p2a: Floette|Floette|Floettite
|-ability|p2a: Floette|Fairy Aura
|move|p1a: Incineroar|Fake Out|p2a: Floette
|-damage|p2a: Floette|81/100
|cant|p2a: Floette|flinch
|move|p2b: Garchomp|Rock Slide|p1a: Incineroar|[spread] p1b
|-miss|p2b: Garchomp|p1a: Incineroar
|-damage|p1b: Farigiraf|84/100
|-damage|p2b: Garchomp|90/100|[from] item: Life Orb
|cant|p1b: Farigiraf|flinch
|
|upkeep
|turn|2
|inactive|TopekaMelon has 30 seconds left.
|inactive|TopekaMelon has 20 seconds left.
|inactive|TopekaMelon has 15 seconds left.
|inactive|TopekaMelon has 10 seconds left.
|
|t:|1783910671
|move|p2a: Floette|Moonblast|p1b: Farigiraf
|-damage|p1b: Farigiraf|25/100
|-enditem|p1b: Farigiraf|Sitrus Berry|[eat]
|-heal|p1b: Farigiraf|50/100g|[from] item: Sitrus Berry
|move|p2b: Garchomp|Dragon Claw|p1b: Farigiraf
|-damage|p1b: Farigiraf|19/100
|-damage|p2b: Garchomp|80/100|[from] item: Life Orb
|move|p1a: Incineroar|Flare Blitz|p2a: Floette
|-damage|p2a: Floette|0 fnt
|faint|p2a: Floette
|-damage|p1a: Incineroar|79/100|[from] Recoil
|move|p1b: Farigiraf|Trick Room|p1b: Farigiraf
|-fieldstart|move: Trick Room|[of] p1b: Farigiraf
|
|upkeep
|
|t:|1783910685
|switch|p2a: Kingambit|Kingambit, L50, F|100/100
|turn|3
|
|t:|1783910709
|switch|p2a: Basculegion|Basculegion, L50, M, shiny|100/100
|switch|p1b: Mudsdale|Mudsdale, L50, F|100/100
|move|p1a: Incineroar|Flare Blitz|p2a: Basculegion
|-resisted|p2a: Basculegion|1
|-damage|p2a: Basculegion|63/100
|-damage|p1a: Incineroar|67/100|[from] Recoil
|move|p2b: Garchomp|Dragon Claw|p1b: Mudsdale
|-damage|p1b: Mudsdale|66/100
|-damage|p2b: Garchomp|70/100|[from] item: Life Orb
|
|upkeep
|turn|4
|inactive|TopekaMelon has 30 seconds left.
|inactive|escapadian has 30 seconds left.
|inactive|escapadian has 20 seconds left.
|
|t:|1783910745
|switch|p1a: Farigiraf|Farigiraf, L50, F|19/100
|move|p1b: Mudsdale|High Horsepower|p2a: Basculegion
|-damage|p2a: Basculegion|0 fnt
|faint|p2a: Basculegion
|-damage|p1b: Mudsdale|56/100|[from] item: Life Orb
|move|p2b: Garchomp|Rock Slide|p1b: Mudsdale|[spread] p1b
|-miss|p2b: Garchomp|p1a: Farigiraf
|-resisted|p1b: Mudsdale|1
|-damage|p1b: Mudsdale|49/100
|-damage|p2b: Garchomp|61/100|[from] item: Life Orb
|
|upkeep
|
|t:|1783910758
|switch|p2a: Kingambit|Kingambit, L50, F|100/100
|turn|5
|
|t:|1783910777
|move|p2a: Kingambit|Protect|p2a: Kingambit
|-singleturn|p2a: Kingambit|Protect
|move|p1a: Farigiraf|Protect|p1a: Farigiraf
|-singleturn|p1a: Farigiraf|Protect
|move|p1b: Mudsdale|Earthquake|p2b: Garchomp|[spread] p2b
|-activate|p1a: Farigiraf|move: Protect
|-activate|p2a: Kingambit|move: Protect
|-damage|p2b: Garchomp|7/100
|-damage|p1b: Mudsdale|40/100|[from] item: Life Orb
|move|p2b: Garchomp|Dragon Claw|p1a: Farigiraf
|-activate|p1a: Farigiraf|move: Protect
|
|upkeep
|turn|6
|inactive|TopekaMelon has 30 seconds left.
|
|t:|1783910805
|move|p2a: Kingambit|Protect||[still]
|-fail|p2a: Kingambit
|move|p2b: Garchomp|Protect|p2b: Garchomp
|-singleturn|p2b: Garchomp|Protect
|move|p1b: Mudsdale|High Horsepower|p2a: Kingambit
|-supereffective|p2a: Kingambit|1
|-damage|p2a: Kingambit|0 fnt
|faint|p2a: Kingambit
|-damage|p1b: Mudsdale|30/100|[from] item: Life Orb
|move|p1a: Farigiraf|Psychic|p2b: Garchomp
|-activate|p2b: Garchomp|move: Protect
|
|-fieldend|move: Trick Room
|upkeep
|turn|7
|
|t:|1783910823
|switch|p1b: Incineroar|Incineroar, L50, F|67/100
|-ability|p1b: Incineroar|Intimidate|boost
|-unboost|p2b: Garchomp|atk|1
|move|p1a: Farigiraf|Protect|p1a: Farigiraf
|-singleturn|p1a: Farigiraf|Protect
|move|p2b: Garchomp|Earthquake|p1b: Incineroar|[spread] p1b
|-activate|p1a: Farigiraf|move: Protect
|-supereffective|p1b: Incineroar|1
|-damage|p1b: Incineroar|20/100y
|-damage|p2b: Garchomp|0 fnt|[from] item: Life Orb
|faint|p2b: Garchomp
|
|win|TopekaMelon
|raw|TopekaMelon's rating: 1271 → 1289(+18 for winning)
|raw|escapadian's rating: 1173 → 1155(-18 for losing)
|l|☆escapadian
|player|p2|
