|j|☆murimuri evolution
|j|☆nachoconpicodgallo
|html|murimuri evolutionnachoconpicodgallo    
|uhtml|bestof|Game 2 of a best-of-3
|t:|1786069220
|gametype|doubles
|player|p1|murimuri evolution|265|1252
|player|p2|nachoconpicodgallo|guitarist|1161
|gen|9
|tier|[Gen 9 Champions] VGC 2026 Reg M-B (Bo3)
|rated|
|rule|Species Clause: Limit one of each Pokémon
|rule|Item Clause: Limit 1 of each item
|clearpoke
|poke|p1|Raichu, L50, F|
|poke|p1|Whimsicott, L50, M|
|poke|p1|Garchomp, L50, F|
|poke|p1|Basculegion, L50, M|
|poke|p1|Tsareena, L50, F|
|poke|p1|Delphox, L50, M|
|poke|p2|Gengar, L50, M, shiny|
|poke|p2|Ninetales-Alola, L50, M, shiny|
|poke|p2|Incineroar, L50, F|
|poke|p2|Scovillain, L50, M|
|poke|p2|Lycanroc-Dusk, L50, M|
|poke|p2|Dragonite, L50, F|
|teampreview|4
|showteam|p1|Raichu||RaichuniteY|LightningRod|Protect,ZapCannon,FocusBlast,FakeOut|Timid||F|||50|]Whimsicott||FocusSash|Prankster|Protect,Moonblast,Tailwind,Encore|Timid||M|||50|]Garchomp||LifeOrb|RoughSkin|Protect,DragonClaw,RockSlide,Earthquake|Jolly||F|||50|]Basculegion||MysticWater|Adaptability|Protect,WaveCrash,LastRespects,AquaJet|Adamant||M|||50|]Tsareena||WideLens|QueenlyMajesty|Protect,PowerWhip,HighJumpKick,TripleAxel|Adamant||F|||50|]Delphox||Delphoxite|Blaze|Protect,HeatWave,Psychic,Encore|Timid||M|||50|
|showteam|p2|Gengar||Gengarite|CursedBody|ShadowBall,SludgeBomb,Substitute,Protect|Modest||M|||50|]Ninetales-Alola||ChoiceScarf|SnowWarning|Blizzard,FreezeDry,IcyWind,Encore|Timid||M|||50|]Incineroar||SitrusBerry|Intimidate|FlareBlitz,ThroatChop,FakeOut,PartingShot|Impish||F|||50|]Scovillain||Scovillainite|Moody|GigaDrain,Overheat,RagePowder,Protect|Bold||M|||50|]Lycanroc-Dusk||FocusSash|ToughClaws|RockSlide,CloseCombat,Accelerock,Protect|Adamant||M|||50|]Dragonite||LifeOrb|InnerFocus|DragonClaw,ExtremeSpeed,Superpower,Protect|Adamant||F|||50|
|inactive|Battle timer is ON: inactive players will automatically lose when time's up. (requested by nachoconpicodgallo)
|
|t:|1786069244
|teamsize|p1|4
|teamsize|p2|4
|start
|switch|p1a: Whimsicott|Whimsicott, L50, M|100/100
|switch|p1b: Delphox|Delphox, L50, M|100/100
|switch|p2a: Ninetales|Ninetales-Alola, L50, M, shiny|100/100
|switch|p2b: Lycanroc|Lycanroc-Dusk, L50, M|100/100
|-weather|Snowscape|[from] ability: Snow Warning|[of] p2a: Ninetales
|turn|1
|inactive|murimuri evolution has 30 seconds left.
|
|t:|1786069274
|switch|p2a: Dragonite|Dragonite, L50, F|100/100
|move|p1b: Delphox|Protect|p1b: Delphox
|-singleturn|p1b: Delphox|Protect
|move|p1a: Whimsicott|Tailwind|p1a: Whimsicott
|-sidestart|p1: murimuri evolution|move: Tailwind
|move|p2b: Lycanroc|Rock Slide|p1b: Delphox|[spread] 
|-activate|p1b: Delphox|move: Protect
|-miss|p2b: Lycanroc|p1a: Whimsicott
|
|-weather|Snowscape|[upkeep]
|upkeep
|turn|2
|inactive|murimuri evolution has 30 seconds left.
|
|t:|1786069300
|detailschange|p1b: Delphox|Delphox-Mega, L50, M
|-mega|p1b: Delphox|Delphox|Delphoxite
|move|p2a: Dragonite|Extreme Speed|p1a: Whimsicott
|-damage|p1a: Whimsicott|33/100
|-damage|p2a: Dragonite|90/100|[from] item: Life Orb
|move|p1b: Delphox|Heat Wave|p2a: Dragonite|[spread] p2a
|-miss|p1b: Delphox|p2b: Lycanroc
|-resisted|p2a: Dragonite|1
|-damage|p2a: Dragonite|70/100
|move|p1a: Whimsicott|Moonblast|p2b: Lycanroc
|-damage|p2b: Lycanroc|37/100
|move|p2b: Lycanroc|Rock Slide|p1b: Delphox|[spread] p1a,p1b
|-supereffective|p1b: Delphox|1
|-damage|p1a: Whimsicott|0 fnt
|-damage|p1b: Delphox|8/100
|faint|p1a: Whimsicott
|
|-weather|Snowscape|[upkeep]
|upkeep
|
|t:|1786069317
|switch|p1a: Tsareena|Tsareena, L50, F|100/100
|turn|3
|
|t:|1786069338
|move|p2b: Lycanroc|Protect|p2b: Lycanroc
|-singleturn|p2b: Lycanroc|Protect
|move|p1b: Delphox|Psychic|p2b: Lycanroc
|-activate|p2b: Lycanroc|move: Protect
|move|p1a: Tsareena|Triple Axel|p2a: Dragonite
|-supereffective|p2a: Dragonite|2
|-damage|p2a: Dragonite|44/100
|-supereffective|p2a: Dragonite|2
|-damage|p2a: Dragonite|0 fnt
|faint|p2a: Dragonite
|-hitcount|p2: Dragonite|2
|
|-weather|Snowscape|[upkeep]
|upkeep
|
|t:|1786069350
|switch|p2a: Scovillain|Scovillain, L50, M|100/100
|turn|4
|inactive|murimuri evolution has 30 seconds left.
|inactive|nachoconpicodgallo has 30 seconds left.
|inactive|murimuri evolution has 20 seconds left.
|
|t:|1786069388
|detailschange|p2a: Scovillain|Scovillain-Mega, L50, M
|-mega|p2a: Scovillain|Scovillain|Scovillainite
|move|p1b: Delphox|Encore|p2b: Lycanroc
|-start|p2b: Lycanroc|Encore
|move|p2b: Lycanroc|Protect||[still]
|-fail|p2b: Lycanroc
|move|p1a: Tsareena|High Jump Kick|p2a: Scovillain
|-damage|p2a: Scovillain|58/100
|-status|p1a: Tsareena|brn|[from] ability: Spicy Spray|[of] p2a: Scovillain
|move|p2a: Scovillain|Overheat|p1a: Tsareena
|-supereffective|p1a: Tsareena|1
|-damage|p1a: Tsareena|0 fnt
|-unboost|p2a: Scovillain|spa|2
|faint|p1a: Tsareena
|
|-weather|Snowscape|[upkeep]
|-sideend|p1: murimuri evolution|move: Tailwind
|upkeep
|
|t:|1786069403
|switch|p1a: Garchomp|Garchomp, L50, F|100/100
|turn|5
|
|t:|1786069410
|move|p2b: Lycanroc|Protect|p2b: Lycanroc
|-singleturn|p2b: Lycanroc|Protect
|move|p2a: Scovillain|Rage Powder|p2a: Scovillain
|-singleturn|p2a: Scovillain|move: Rage Powder
|move|p1b: Delphox|Heat Wave|p2a: Scovillain|[spread] p2a
|-activate|p2b: Lycanroc|move: Protect
|-damage|p2a: Scovillain|11/100
|-immune|p1b: Delphox
|move|p1a: Garchomp|Earthquake|p2b: Lycanroc|[spread] p2a
|-activate|p2b: Lycanroc|move: Protect
|-immune|p1b: Delphox|[from] ability: Levitate
|-damage|p2a: Scovillain|0 fnt
|-status|p1a: Garchomp|brn|[from] ability: Spicy Spray|[of] p2a: Scovillain
|faint|p2a: Scovillain
|-damage|p1a: Garchomp|90/100 brn|[from] item: Life Orb
|
|-weather|none
|-damage|p1a: Garchomp|84/100 brn|[from] brn
|upkeep
|
|t:|1786069420
|switch|p2a: Ninetales|Ninetales-Alola, L50, M, shiny|100/100
|-weather|Snowscape|[from] ability: Snow Warning|[of] p2a: Ninetales
|turn|6
|-message|murimuri evolution forfeited.
|
|win|nachoconpicodgallo
