|j|☆RamiformSphinx
|j|☆Cristante terabug
|html|RamiformSphinxCristante terabug    
|uhtml|bestof|Game 2 of a best-of-3
|t:|1756160530
|gametype|doubles
|player|p1|RamiformSphinx|2|1136
|player|p2|Cristante terabug|kieran-champion|1256
|gen|9
|tier|[Gen 9] VGC 2025 Reg H (Bo3)
|rated|
|rule|Species Clause: Limit one of each Pokémon
|rule|Item Clause: Limit 1 of each item
|clearpoke
|poke|p1|Porygon2, L50|
|poke|p1|Sneasler, L50, F|
|poke|p1|Gholdengo, L50|
|poke|p1|Amoonguss, L50, F|
|poke|p1|Garchomp, L50, F|
|poke|p1|Incineroar, L50, M|
|poke|p2|Kommo-o, L50, M|
|poke|p2|Gholdengo, L50|
|poke|p2|Sneasler, L50, F|
|poke|p2|Rillaboom, L50, F|
|poke|p2|Dondozo, L50, M|
|poke|p2|Electabuzz, L50, F|
|teampreview|4
|showteam|p1|Porygon2||Eviolite|Download|TeraBlast,IceBeam,Recover,TrickRoom||||||50|,,,,,Ground]Sneasler||FocusSash|PoisonTouch|CloseCombat,DireClaw,Coaching,Protect|||F|||50|,,,,,Flying]Gholdengo||LifeOrb|GoodasGold|MakeItRain,ShadowBall,NastyPlot,Protect||||||50|,,,,,Water]Amoonguss||CovertCloak|Regenerator|SludgeBomb,Spore,RagePowder,Protect|||F|||50|,,,,,Fairy]Garchomp||ClearAmulet|RoughSkin|StompingTantrum,Earthquake,DragonClaw,Protect|||F|||50|,,,,,Fire]Incineroar||SafetyGoggles|Intimidate|FakeOut,KnockOff,FlareBlitz,PartingShot|||M|||50|,,,,,Water
|showteam|p2|Kommo-o||ThroatSpray|Soundproof|ClangorousSoul,ClangingScales,Flamethrower,Protect|||M|||50|,,,,,Fire]Gholdengo||ChoiceSpecs|GoodasGold|MakeItRain,ShadowBall,DazzlingGleam,PowerGem||||||50|,,,,,Fairy]Sneasler||FocusSash|Unburden|FakeOut,DireClaw,CloseCombat,Protect|||F|||50|,,,,,Stellar]Rillaboom||AssaultVest|GrassySurge|FakeOut,WoodHammer,GrassyGlide,HighHorsepower|||F|||50|,,,,,Fire]Dondozo||Leftovers|Unaware|WaveCrash,Fissure,Yawn,Protect|||M|||50|,,,,,Flying]Electabuzz||Eviolite|VitalSpirit|Electroweb,FollowMe,HelpingHand,Protect|||F|||50|,,,,,Grass
|inactive|Battle timer is ON: inactive players will automatically lose when time's up. (requested by Cristante terabug)
|
|t:|1756160548
|teamsize|p1|4
|teamsize|p2|4
|start
|switch|p1a: Sneasler|Sneasler, L50, F|100/100
|switch|p1b: Porygon2|Porygon2, L50|100/100
|switch|p2a: Sneasler|Sneasler, L50, F|100/100
|switch|p2b: Kommo-o|Kommo-o, L50, M|100/100
|-ability|p1b: Porygon2|Download|boost
|-boost|p1b: Porygon2|spa|1
|turn|1
|
|t:|1756160568
|switch|p2b: Gholdengo|Gholdengo, L50|100/100
|-terastallize|p1b: Porygon2|Ground
|move|p2a: Sneasler|Fake Out|p1b: Porygon2
|-damage|p1b: Porygon2|92/100
|move|p1a: Sneasler|Dire Claw|p2b: Gholdengo
|-immune|p2b: Gholdengo
|cant|p1b: Porygon2|flinch
|
|upkeep
|turn|2
|
|t:|1756160590
|move|p1a: Sneasler|Dire Claw|p2b: Gholdengo
|-immune|p2b: Gholdengo
|move|p2a: Sneasler|Close Combat|p1b: Porygon2
|-damage|p1b: Porygon2|55/100
|-unboost|p2a: Sneasler|def|1
|-unboost|p2a: Sneasler|spd|1
|move|p2b: Gholdengo|Make It Rain|p1b: Porygon2|[spread] p1a,p1b
|-enditem|p1a: Sneasler|Focus Sash
|-damage|p1a: Sneasler|1/100
|-damage|p1b: Porygon2|5/100
|-unboost|p2b: Gholdengo|spa|1
|move|p1b: Porygon2|Tera Blast|p2b: Gholdengo|[anim] Tera Blast Ground
|-supereffective|p2b: Gholdengo
|-crit|p2b: Gholdengo
|-damage|p2b: Gholdengo|0 fnt
|faint|p2b: Gholdengo
|
|upkeep
|
|t:|1756160606
|switch|p2b: Kommo-o|Kommo-o, L50, M|100/100
|turn|3
|
|t:|1756160619
|move|p2a: Sneasler|Dire Claw|p1b: Porygon2
|-resisted|p1b: Porygon2
|-damage|p1b: Porygon2|0 fnt
|faint|p1b: Porygon2
|move|p1a: Sneasler|Dire Claw|p2b: Kommo-o
|-damage|p2b: Kommo-o|63/100
|-status|p2b: Kommo-o|psn
|move|p2b: Kommo-o|Clangorous Soul|p2b: Kommo-o
|-boost|p2b: Kommo-o|atk|1
|-boost|p2b: Kommo-o|def|1
|-boost|p2b: Kommo-o|spa|1
|-boost|p2b: Kommo-o|spd|1
|-boost|p2b: Kommo-o|spe|1
|-damage|p2b: Kommo-o|30/100 psn
|-enditem|p2b: Kommo-o|Throat Spray
|-boost|p2b: Kommo-o|spa|1|[from] item: Throat Spray
|
|-damage|p2b: Kommo-o|18/100 psn|[from] psn
|upkeep
|
|t:|1756160630
|switch|p1b: Gholdengo|Gholdengo, L50|100/100
|turn|4
|
|t:|1756160639
|-terastallize|p2b: Kommo-o|Fire
|move|p1a: Sneasler|Protect|p1a: Sneasler
|-singleturn|p1a: Sneasler|Protect
|move|p1b: Gholdengo|Protect|p1b: Gholdengo
|-singleturn|p1b: Gholdengo|Protect
|move|p2b: Kommo-o|Flamethrower|p1b: Gholdengo
|-activate|p1b: Gholdengo|move: Protect
|move|p2a: Sneasler|Dire Claw|p1a: Sneasler
|-activate|p1a: Sneasler|move: Protect
|
|-damage|p2b: Kommo-o|6/100 psn|[from] psn
|upkeep
|turn|5
|inactive|RamiformSphinx has 30 seconds left.
|
|t:|1756160674
|switch|p1b: Garchomp|Garchomp, L50, F|100/100
|move|p2b: Kommo-o|Clanging Scales|p1a: Sneasler|[spread] p1a,p1b
|-supereffective|p1b: Garchomp
|-damage|p1a: Sneasler|0 fnt
|-damage|p1b: Garchomp|0 fnt
|faint|p1a: Sneasler
|faint|p1b: Garchomp
|-unboost|p2b: Kommo-o|def|1
|move|p2a: Sneasler|Dire Claw|p1: Sneasler|[notarget]
|-fail|p2a: Sneasler
|
|-damage|p2b: Kommo-o|0 fnt|[from] psn
|faint|p2b: Kommo-o
|upkeep
|
|t:|1756160687
|switch|p1b: Gholdengo|Gholdengo, L50|100/100
|switch|p2b: Dondozo|Dondozo, L50, M|100/100
|turn|6
|
|t:|1756160696
|move|p2a: Sneasler|Dire Claw|p1b: Gholdengo
|-immune|p1b: Gholdengo
|move|p1b: Gholdengo|Shadow Ball|p2a: Sneasler
|-enditem|p2a: Sneasler|Focus Sash
|-damage|p2a: Sneasler|1/100
|-damage|p1b: Gholdengo|91/100|[from] item: Life Orb
|move|p2b: Dondozo|Wave Crash|p1b: Gholdengo
|-damage|p1b: Gholdengo|38/100
|-damage|p2b: Dondozo|87/100|[from] Recoil
|
|-heal|p2b: Dondozo|93/100|[from] item: Leftovers
|upkeep
|turn|7
|
|t:|1756160703
|move|p2a: Sneasler|Dire Claw|p1b: Gholdengo
|-immune|p1b: Gholdengo
|move|p1b: Gholdengo|Make It Rain|p2b: Dondozo|[spread] p2a,p2b
|-resisted|p2b: Dondozo
|-damage|p2a: Sneasler|0 fnt
|-damage|p2b: Dondozo|69/100
|-unboost|p1b: Gholdengo|spa|1
|faint|p2a: Sneasler
|-damage|p1b: Gholdengo|29/100|[from] item: Life Orb
|move|p2b: Dondozo|Wave Crash|p1b: Gholdengo
|-damage|p1b: Gholdengo|0 fnt
|faint|p1b: Gholdengo
|-damage|p2b: Dondozo|62/100|[from] Recoil
|
|win|Cristante terabug
|raw|RamiformSphinx's rating: 1136 → 1119(-17 for losing)
|raw|Cristante terabug's rating: 1256 → 1273(+17 for winning)
