|j|☆BOOMBOOMiO2
|j|☆EnzoPS
|html|BOOMBOOMiO2EnzoPS    
|uhtml|bestof|Game 1 of a best-of-3
|t:|1757785540
|gametype|doubles
|player|p1|BOOMBOOMiO2|2|1143
|player|p2|EnzoPS|cynthia-gen4|1132
|gen|9
|tier|[Gen 9] VGC 2025 Reg H (Bo3)
|rated|
|rule|Species Clause: Limit one of each Pokémon
|rule|Item Clause: Limit 1 of each item
|clearpoke
|poke|p1|Annihilape, L50, F|
|poke|p1|Incineroar, L50, M|
|poke|p1|Maushold, L50|
|poke|p1|Archaludon, L50, M|
|poke|p1|Rillaboom, L50, F|
|poke|p1|Pelipper, L50, M|
|poke|p2|Pelipper, L50, M|
|poke|p2|Amoonguss, L50, F|
|poke|p2|Archaludon, L50, M|
|poke|p2|Basculegion, L50, M|
|poke|p2|Gholdengo, L50|
|poke|p2|Incineroar, L50, M|
|teampreview|4
|showteam|p1|Annihilape||SafetyGoggles|Defiant|Protect,DrainPunch,RageFist,BulkUp|||F|||50|,,,,,Water]Incineroar||SitrusBerry|Intimidate|FakeOut,KnockOff,PartingShot,FlareBlitz|||M|||50|,,,,,Ghost]Maushold||FocusSash|FriendGuard|Protect,FollowMe,SuperFang,BeatUp||||||50|,,,,,Ghost]Archaludon||PowerHerb|Sturdy|Protect,ElectroShot,DracoMeteor,FlashCannon|||M|||50|,,,,,Electric]Rillaboom||AssaultVest|GrassySurge|FakeOut,GrassyGlide,WoodHammer,Uturn|||F|||50|,,,,,Fire]Pelipper||CovertCloak|Drizzle|Protect,WeatherBall,Hurricane,Tailwind|||M|||50|,,,,,Grass
|showteam|p2|Pelipper||FocusSash|Drizzle|Protect,WeatherBall,Hurricane,Tailwind|||M|||50|,,,,,Ground]Amoonguss||SitrusBerry|Regenerator|Protect,Spore,RagePowder,PollenPuff|||F|||50|,,,,,Water]Archaludon||AssaultVest|Stamina|DragonPulse,ElectroShot,FlashCannon,BodyPress|||M|||50|,,,,,Grass]Basculegion||ChoiceBand|SwiftSwim|FlipTurn,WaveCrash,AquaJet,LastRespects|||M|||50|,,,,,Grass]Gholdengo||LifeOrb|GoodasGold|Protect,MakeItRain,ShadowBall,NastyPlot||||||50|,,,,,Water]Incineroar||SafetyGoggles|Intimidate|FlareBlitz,KnockOff,PartingShot,FakeOut|||M|||50|,,,,,Ghost
|inactive|Battle timer is ON: inactive players will automatically lose when time's up. (requested by BOOMBOOMiO2)
|inactive|BOOMBOOMiO2 has 60 seconds left.
|inactive|EnzoPS has 60 seconds left.
|
|t:|1757785575
|teamsize|p1|4
|teamsize|p2|4
|start
|switch|p1a: Annihilape|Annihilape, L50, F|100/100
|switch|p1b: Rillaboom|Rillaboom, L50, F|100/100
|switch|p2a: Amoonguss|Amoonguss, L50, F|100/100
|switch|p2b: Gholdengo|Gholdengo, L50|100/100
|-fieldstart|move: Grassy Terrain|[from] ability: Grassy Surge|[of] p1b: Rillaboom
|turn|1
|inactive|BOOMBOOMiO2 has 30 seconds left.
|inactive|EnzoPS has 30 seconds left.
|inactive|EnzoPS has 20 seconds left.
|inactive|EnzoPS has 15 seconds left.
|
|t:|1757785619
|move|p1a: Annihilape|Protect|p1a: Annihilape
|-singleturn|p1a: Annihilape|Protect
|move|p2b: Gholdengo|Shadow Ball|p1a: Annihilape
|-activate|p1a: Annihilape|move: Protect
|move|p1b: Rillaboom|U-turn|p2b: Gholdengo
|-resisted|p2b: Gholdengo
|-damage|p2b: Gholdengo|95/100
|
|t:|1757785628
|switch|p1b: Archaludon|Archaludon, L50, M|100/100|[from] U-turn
|move|p2a: Amoonguss|Pollen Puff|p1a: Annihilape
|-activate|p1a: Annihilape|move: Protect
|
|-heal|p2b: Gholdengo|100/100|[from] Grassy Terrain
|upkeep
|turn|2
|
|t:|1757785638
|switch|p1a: Rillaboom|Rillaboom, L50, F|100/100
|move|p1b: Archaludon|Protect|p1b: Archaludon
|-singleturn|p1b: Archaludon|Protect
|move|p2b: Gholdengo|Protect|p2b: Gholdengo
|-singleturn|p2b: Gholdengo|Protect
|move|p2a: Amoonguss|Spore|p1b: Archaludon
|-activate|p1b: Archaludon|move: Protect
|
|upkeep
|turn|3
|
|t:|1757785661
|switch|p2b: Archaludon|Archaludon, L50, M|100/100
|-terastallize|p1b: Archaludon|Electric
|move|p1a: Rillaboom|Fake Out|p2a: Amoonguss
|-damage|p2a: Amoonguss|90/100
|move|p1b: Archaludon|Electro Shot||[still]
|-prepare|p1b: Archaludon|Electro Shot
|-boost|p1b: Archaludon|spa|1
|-enditem|p1b: Archaludon|Power Herb
|-anim|p1b: Archaludon|Electro Shot|p2b: Archaludon
|-resisted|p2b: Archaludon
|-damage|p2b: Archaludon|67/100
|-ability|p2b: Archaludon|Stamina|boost
|-boost|p2b: Archaludon|def|1
|cant|p2a: Amoonguss|flinch
|
|-heal|p2b: Archaludon|73/100|[from] Grassy Terrain
|-heal|p2a: Amoonguss|96/100|[from] Grassy Terrain
|upkeep
|turn|4
|
|t:|1757785681
|move|p1b: Archaludon|Protect|p1b: Archaludon
|-singleturn|p1b: Archaludon|Protect
|move|p2b: Archaludon|Dragon Pulse|p1a: Rillaboom
|-damage|p1a: Rillaboom|71/100
|move|p1a: Rillaboom|U-turn|p2a: Amoonguss
|-damage|p2a: Amoonguss|76/100
|
|t:|1757785688
|switch|p1a: Annihilape|Annihilape, L50, F|100/100|[from] U-turn
|move|p2a: Amoonguss|Pollen Puff|p2b: Archaludon
|-heal|p2b: Archaludon|100/100
|
|-heal|p2a: Amoonguss|82/100|[from] Grassy Terrain
|upkeep
|turn|5
|
|t:|1757785704
|move|p1b: Archaludon|Flash Cannon|p2a: Amoonguss
|-damage|p2a: Amoonguss|29/100
|-enditem|p2a: Amoonguss|Sitrus Berry|[eat]
|-heal|p2a: Amoonguss|54/100|[from] item: Sitrus Berry
|move|p2b: Archaludon|Dragon Pulse|p1b: Archaludon
|-damage|p1b: Archaludon|38/100
|move|p1a: Annihilape|Rage Fist|p2a: Amoonguss
|-damage|p2a: Amoonguss|34/100
|move|p2a: Amoonguss|Pollen Puff|p1b: Archaludon
|-damage|p1b: Archaludon|9/100
|
|-heal|p1b: Archaludon|15/100|[from] Grassy Terrain
|-heal|p2a: Amoonguss|40/100|[from] Grassy Terrain
|-fieldend|move: Grassy Terrain
|upkeep
|turn|6
|inactive|EnzoPS has 30 seconds left.
|
|t:|1757785735
|switch|p2a: Gholdengo|Gholdengo, L50|100/100
|-terastallize|p2b: Archaludon|Grass
|move|p1b: Archaludon|Flash Cannon|p2a: Gholdengo
|-resisted|p2a: Gholdengo
|-damage|p2a: Gholdengo|69/100
|move|p2b: Archaludon|Dragon Pulse|p1b: Archaludon
|-damage|p1b: Archaludon|0 fnt
|faint|p1b: Archaludon
|move|p1a: Annihilape|Bulk Up|p1a: Annihilape
|-boost|p1a: Annihilape|atk|1
|-boost|p1a: Annihilape|def|1
|
|upkeep
|
|t:|1757785743
|switch|p1b: Maushold|Maushold, L50|100/100
|turn|7
|
|t:|1757785763
|move|p2a: Gholdengo|Protect|p2a: Gholdengo
|-singleturn|p2a: Gholdengo|Protect
|move|p1b: Maushold|Follow Me|p1b: Maushold
|-singleturn|p1b: Maushold|move: Follow Me
|move|p2b: Archaludon|Body Press|p1b: Maushold
|-supereffective|p1b: Maushold
|-damage|p1b: Maushold|14/100
|move|p1a: Annihilape|Rage Fist|p2a: Gholdengo
|-activate|p2a: Gholdengo|move: Protect
|
|upkeep
|turn|8
|
|t:|1757785778
|switch|p2a: Amoonguss|Amoonguss, L50, F|73/100
|move|p1b: Maushold|Beat Up|p1a: Annihilape
|-damage|p1a: Annihilape|99/100
|-damage|p1a: Annihilape|97/100
|-damage|p1a: Annihilape|95/100
|-hitcount|p1a: Annihilape|3
|move|p2b: Archaludon|Dragon Pulse|p1b: Maushold
|-damage|p1b: Maushold|0 fnt
|faint|p1b: Maushold
|move|p1a: Annihilape|Rage Fist|p2a: Amoonguss
|-damage|p2a: Amoonguss|0 fnt
|faint|p2a: Amoonguss
|
|upkeep
|
|t:|1757785788
|switch|p1b: Rillaboom|Rillaboom, L50, F|71/100
|switch|p2a: Gholdengo|Gholdengo, L50|69/100
|-fieldstart|move: Grassy Terrain|[from] ability: Grassy Surge|[of] p1b: Rillaboom
|turn|9
|
|t:|1757785798
|move|p2a: Gholdengo|Protect|p2a: Gholdengo
|-singleturn|p2a: Gholdengo|Protect
|move|p2b: Archaludon|Dragon Pulse|p1b: Rillaboom
|-damage|p1b: Rillaboom|42/100
|move|p1a: Annihilape|Rage Fist|p2a: Gholdengo
|-activate|p2a: Gholdengo|move: Protect
|move|p1b: Rillaboom|Wood Hammer|p2a: Gholdengo
|-activate|p2a: Gholdengo|move: Protect
|
|-heal|p2a: Gholdengo|74/100|[from] Grassy Terrain
|-heal|p1a: Annihilape|100/100|[from] Grassy Terrain
|-heal|p1b: Rillaboom|48/100|[from] Grassy Terrain
|upkeep
|turn|10
|
|t:|1757785811
|move|p2a: Gholdengo|Shadow Ball|p1a: Annihilape
|-supereffective|p1a: Annihilape
|-damage|p1a: Annihilape|0 fnt
|faint|p1a: Annihilape
|-damage|p2a: Gholdengo|65/100|[from] item: Life Orb
|move|p2b: Archaludon|Dragon Pulse|p1b: Rillaboom
|-damage|p1b: Rillaboom|23/100
|move|p1b: Rillaboom|U-turn|p2b: Archaludon
|-supereffective|p2b: Archaludon
|-damage|p2b: Archaludon|77/100
|-ability|p2b: Archaludon|Stamina|boost
|-boost|p2b: Archaludon|def|1
|
|-heal|p2a: Gholdengo|71/100|[from] Grassy Terrain
|-heal|p2b: Archaludon|83/100|[from] Grassy Terrain
|-heal|p1b: Rillaboom|29/100|[from] Grassy Terrain
|upkeep
|turn|11
|-message|BOOMBOOMiO2 forfeited.
|
|win|EnzoPS
|l|☆BOOMBOOMiO2
|player|p1|
|raw|BOOMBOOMiO2's rating: 1143 → 1117(-26 for losing)
|raw|EnzoPS's rating: 1132 → 1158(+26 for winning)
