|j|☆Seteshy
|j|☆Park Su Kim
|html|SeteshyPark Su Kim    
|uhtml|bestof|Game 2 of a best-of-3
|t:|1785382342
|gametype|doubles
|player|p1|Seteshy|266|1070
|player|p2|Park Su Kim|linebacker|1145
|gen|9
|tier|[Gen 9 Champions] VGC 2026 Reg M-B (Bo3)
|rated|
|rule|Species Clause: Limit one of each Pokémon
|rule|Item Clause: Limit 1 of each item
|clearpoke
|poke|p1|Tyranitar, L50, F|
|poke|p1|Glimmora, L50, F|
|poke|p1|Garganacl, L50, M|
|poke|p1|Kleavor, L50, M|
|poke|p1|Arcanine-Hisui, L50, M|
|poke|p1|Aerodactyl, L50, M|
|poke|p2|Torkoal, L50, M|
|poke|p2|Venusaur, L50, F|
|poke|p2|Farigiraf, L50, M|
|poke|p2|Scrafty, L50, F|
|poke|p2|Mamoswine, L50, F|
|poke|p2|Pyroar, L50, M|
|teampreview|4
|showteam|p1|Tyranitar||Tyranitarite|SandStream|RockSlide,KnockOff,Protect,LowKick|Adamant||F|||50|]Glimmora||FocusSash|ToxicDebris|PowerGem,SpikyShield,EarthPower,MortalSpin|Modest||F|||50|]Garganacl||Leftovers|PurifyingSalt|SaltCure,BodyPress,IronDefense,Recover|Careful||M|||50|]Kleavor||ChoiceScarf|Sharpness|StoneAxe,XScissor,Uturn,CloseCombat|Adamant||M|||50|]Arcanine-Hisui||LifeOrb|RockHead|FlareBlitz,HeadSmash,WildCharge,ExtremeSpeed|Adamant||M|||50|]Aerodactyl||Aerodactylite|Unnerve|RockSlide,Tailwind,DualWingbeat,Protect|Jolly||M|||50|
|showteam|p2|Torkoal||HeatRock|Drought|Eruption,WeatherBall,HelpingHand,Protect|Quiet||M|||50|]Venusaur||LifeOrb|Chlorophyll|EnergyBall,SludgeBomb,EarthPower,Protect|Modest||F|||50|]Farigiraf||SitrusBerry|ArmorTail|Psychic,Thunderbolt,TrickRoom,Protect|Quiet||M|||50|]Scrafty||Scraftinite|Intimidate|KnockOff,DrainPunch,FakeOut,IcePunch|Adamant||F|||50|]Mamoswine||FocusSash|Oblivious|HighHorsepower,RockSlide,IceShard,Protect|Jolly||F|||50|]Pyroar||Pyroarite|Unnerve|HeatWave,Overheat,Yawn,Protect|Timid||M|||50|
|inactive|Battle timer is ON: inactive players will automatically lose when time's up. (requested by Park Su Kim)
|
|t:|1785382370
|teamsize|p1|4
|teamsize|p2|4
|start
|switch|p1a: Garganacl|Garganacl, L50, M|100/100
|switch|p1b: Kleavor|Kleavor, L50, M|100/100
|switch|p2a: Scrafty|Scrafty, L50, F|100/100
|switch|p2b: Venusaur|Venusaur, L50, F|100/100
|-ability|p2a: Scrafty|Intimidate|boost
|-unboost|p1a: Garganacl|atk|1
|-unboost|p1b: Kleavor|atk|1
|turn|1
|inactive|Park Su Kim has 30 seconds left.
|inactive|Park Su Kim has 20 seconds left.
|
|t:|1785382407
|move|p2a: Scrafty|Fake Out|p1b: Kleavor
|-resisted|p1b: Kleavor|1
|-damage|p1b: Kleavor|91/100
|cant|p1b: Kleavor|flinch
|move|p2b: Venusaur|Energy Ball|p1a: Garganacl
|-supereffective|p1a: Garganacl|1
|-damage|p1a: Garganacl|24/100
|-damage|p2b: Venusaur|90/100|[from] item: Life Orb
|move|p1a: Garganacl|Iron Defense|p1a: Garganacl
|-boost|p1a: Garganacl|def|2
|
|-heal|p1a: Garganacl|30/100|[from] item: Leftovers
|upkeep
|turn|2
|inactive|Park Su Kim has 30 seconds left.
|
|t:|1785382441
|switch|p2a: Farigiraf|Farigiraf, L50, M|100/100
|switch|p1a: Glimmora|Glimmora, L50, F|100/100
|move|p1b: Kleavor|U-turn|p2a: Farigiraf
|-supereffective|p2a: Farigiraf|1
|-damage|p2a: Farigiraf|48/100
|-enditem|p2a: Farigiraf|Sitrus Berry|[eat]
|-heal|p2a: Farigiraf|73/100|[from] item: Sitrus Berry
|
|t:|1785382455
|switch|p1b: Garganacl|Garganacl, L50, M|30/100|[from] U-turn
|move|p2b: Venusaur|Energy Ball|p1a: Glimmora
|-damage|p1a: Glimmora|28/100
|-damage|p2b: Venusaur|80/100|[from] item: Life Orb
|
|-heal|p1b: Garganacl|36/100|[from] item: Leftovers
|upkeep
|turn|3
|inactive|Seteshy has 30 seconds left.
|inactive|Park Su Kim has 30 seconds left.
|
|t:|1785382484
|move|p1a: Glimmora|Mortal Spin|p2b: Venusaur|[spread] p2a,p2b
|-damage|p2a: Farigiraf|69/100
|-damage|p2b: Venusaur|75/100
|-status|p2a: Farigiraf|psn
|move|p2b: Venusaur|Energy Ball|p1a: Glimmora
|-damage|p1a: Glimmora|0 fnt
|faint|p1a: Glimmora
|-damage|p2b: Venusaur|65/100|[from] item: Life Orb
|move|p2a: Farigiraf|Psychic|p1b: Garganacl
|-damage|p1b: Garganacl|8/100
|-unboost|p1b: Garganacl|spd|1
|move|p1b: Garganacl|Recover|p1b: Garganacl
|-heal|p1b: Garganacl|58/100
|
|-heal|p1b: Garganacl|64/100|[from] item: Leftovers
|-damage|p2a: Farigiraf|57/100 psn|[from] psn
|upkeep
|
|t:|1785382503
|switch|p1a: Kleavor|Kleavor, L50, M|91/100
|turn|4
|
|t:|1785382514
|switch|p2a: Torkoal|Torkoal, L50, M|100/100
|-weather|SunnyDay|[from] ability: Drought|[of] p2a: Torkoal
|switch|p1b: Tyranitar|Tyranitar, L50, F|100/100
|-weather|Sandstorm|[from] ability: Sand Stream|[of] p1b: Tyranitar
|move|p1a: Kleavor|U-turn|p2a: Torkoal
|-resisted|p2a: Torkoal|1
|-damage|p2a: Torkoal|84/100
|
|t:|1785382523
|switch|p1a: Garganacl|Garganacl, L50, M|64/100|[from] U-turn
|move|p2b: Venusaur|Energy Ball|p1b: Tyranitar
|-supereffective|p1b: Tyranitar|1
|-damage|p1b: Tyranitar|32/100
|-damage|p2b: Venusaur|56/100|[from] item: Life Orb
|
|-weather|Sandstorm|[upkeep]
|-damage|p2b: Venusaur|50/100g|[from] Sandstorm
|-damage|p2a: Torkoal|78/100|[from] Sandstorm
|-heal|p1a: Garganacl|70/100|[from] item: Leftovers
|upkeep
|turn|5
|inactive|Seteshy has 30 seconds left.
|inactive|Seteshy has 20 seconds left.
|inactive|Seteshy has 15 seconds left.
|inactive|Seteshy has 10 seconds left.
|inactive|Seteshy has 5 seconds left.
|
|t:|1785382574
|switch|p2a: Scrafty|Scrafty, L50, F|100/100
|-ability|p2a: Scrafty|Intimidate|boost
|-unboost|p1a: Garganacl|atk|1
|-unboost|p1b: Tyranitar|atk|1
|detailschange|p1b: Tyranitar|Tyranitar-Mega, L50, F
|-mega|p1b: Tyranitar|Tyranitar|Tyranitarite
|move|p2b: Venusaur|Energy Ball|p1a: Garganacl
|-supereffective|p1a: Garganacl|1
|-damage|p1a: Garganacl|13/100
|-damage|p2b: Venusaur|40/100|[from] item: Life Orb
|move|p1b: Tyranitar|Rock Slide|p2b: Venusaur|[spread] p2a
|-miss|p1b: Tyranitar|p2b: Venusaur
|-resisted|p2a: Scrafty|1
|-damage|p2a: Scrafty|88/100
|move|p1a: Garganacl|Salt Cure|p2b: Venusaur
|-damage|p2b: Venusaur|28/100
|-start|p2b: Venusaur|Salt Cure
|
|-weather|Sandstorm|[upkeep]
|-damage|p2b: Venusaur|22/100|[from] Sandstorm
|-damage|p2a: Scrafty|82/100|[from] Sandstorm
|-heal|p1a: Garganacl|19/100|[from] item: Leftovers
|-damage|p2b: Venusaur|17/100|[from] Salt Cure
|upkeep
|turn|6
|inactive|Seteshy has 30 seconds left.
|inactive|Seteshy has 20 seconds left.
|inactive|Seteshy has 15 seconds left.
|inactive|Park Su Kim has 30 seconds left.
|inactive|Seteshy has 10 seconds left.
|
|t:|1785382623
|switch|p2b: Torkoal|Torkoal, L50, M|78/100
|-weather|SunnyDay|[from] ability: Drought|[of] p2b: Torkoal
|switch|p1a: Kleavor|Kleavor, L50, M|91/100
|detailschange|p2a: Scrafty|Scrafty-Mega, L50, F
|-mega|p2a: Scrafty|Scrafty|Scraftinite
|-ability|p2a: Scrafty|Intimidate|boost
|-unboost|p1a: Kleavor|atk|1
|-unboost|p1b: Tyranitar|atk|1
|move|p1b: Tyranitar|Protect|p1b: Tyranitar
|-singleturn|p1b: Tyranitar|Protect
|move|p2a: Scrafty|Drain Punch|p1a: Kleavor
|-damage|p1a: Kleavor|40/100
|-heal|p2a: Scrafty|100/100|[from] drain|[of] p1a: Kleavor
|
|-weather|SunnyDay|[upkeep]
|upkeep
|turn|7
|
|t:|1785382648
|move|p1a: Kleavor|Close Combat|p2a: Scrafty
|-supereffective|p2a: Scrafty|1
|-damage|p2a: Scrafty|50/100y
|-unboost|p1a: Kleavor|def|1
|-unboost|p1a: Kleavor|spd|1
|move|p1b: Tyranitar|Rock Slide|p2b: Torkoal|[spread] p2a
|-miss|p1b: Tyranitar|p2b: Torkoal
|-resisted|p2a: Scrafty|1
|-damage|p2a: Scrafty|43/100
|move|p2a: Scrafty|Drain Punch|p1b: Tyranitar
|-supereffective|p1b: Tyranitar|2
|-damage|p1b: Tyranitar|0 fnt
|-heal|p2a: Scrafty|62/100|[from] drain|[of] p1b: Tyranitar
|faint|p1b: Tyranitar
|move|p2b: Torkoal|Weather Ball|p1a: Kleavor
|-damage|p1a: Kleavor|0 fnt
|faint|p1a: Kleavor
|
|-weather|SunnyDay|[upkeep]
|upkeep
|inactive|Seteshy has 30 seconds left.
|inactive|Seteshy has 20 seconds left.
|inactive|Seteshy has 15 seconds left.
|inactive|Seteshy has 10 seconds left.
|inactive|Seteshy has 5 seconds left.
|
|t:|1785382702
|switch|p1b: Garganacl|Garganacl, L50, M|19/100
|turn|8
|
|t:|1785382709
|move|p2b: Torkoal|Helping Hand|p2a: Scrafty
|-singleturn|p2a: Scrafty|Helping Hand|[of] p2b: Torkoal
|move|p2a: Scrafty|Drain Punch|p1b: Garganacl
|-supereffective|p1b: Garganacl|1
|-damage|p1b: Garganacl|0 fnt
|-heal|p2a: Scrafty|74/100|[from] drain|[of] p1b: Garganacl
|faint|p1b: Garganacl
|
|win|Park Su Kim
||Park Su Kim is ready for game 3.
|inactive|Seteshy has 30 seconds to confirm battle start!
||Seteshy is ready for game 3.
|uhtml|next|Next: Game 3 of 3
|l|☆Park Su Kim
|player|p2|
