|j|☆gabzeraroadtoglory
|j|☆marcoslegui
|html|gabzeraroadtoglorymarcoslegui    
|uhtml|bestof|Game 3 of a best-of-3
|t:|1756248271
|gametype|doubles
|player|p1|gabzeraroadtoglory|youngster-gen4dp|
|player|p2|marcoslegui|pokekid|
|gen|9
|tier|[Gen 9] VGC 2025 Reg H (Bo3)
|rule|Species Clause: Limit one of each Pokémon
|rule|Item Clause: Limit 1 of each item
|clearpoke
|poke|p1|Pelipper, L50, F|
|poke|p1|Archaludon, L50, M|
|poke|p1|Amoonguss, L50, M|
|poke|p1|Dragonite, L50, M|
|poke|p1|Incineroar, L50, F|
|poke|p1|Ursaluna, L50, F|
|poke|p2|Sneasler, L50, F|
|poke|p2|Volcarona, L50, M|
|poke|p2|Kingambit, L50, M|
|poke|p2|Baxcalibur, L50, F|
|poke|p2|Basculegion, L50, M|
|poke|p2|Rillaboom, L50, M|
|teampreview|4
|showteam|p1|Pelipper||CovertCloak|Drizzle|WeatherBall,Hurricane,Protect,Tailwind|||F|||50|,,,,,Stellar]Archaludon||AssaultVest|Stamina|ElectroShot,BodyPress,DragonPulse,FlashCannon|||M|||50|,,,,,Bug]Amoonguss||SitrusBerry|Regenerator|Spore,RagePowder,PollenPuff,SludgeBomb|||M|||50|,,,,,Water]Dragonite||LoadedDice|Multiscale|ScaleShot,ExtremeSpeed,Tailwind,Protect|||M|||50|,,,,,Fairy]Incineroar||SafetyGoggles|Intimidate|FakeOut,Uturn,KnockOff,WillOWisp|||F|||50|,,,,,Ghost]Ursaluna||FlameOrb|Guts|Earthquake,HeadlongRush,Facade,Protect|||F|||50|,,,,,Ghost
|showteam|p2|Sneasler||FocusSash|Unburden|Protect,CloseCombat,DireClaw,Coaching|||F|||50|,,,,,Stellar]Volcarona||CovertCloak|FlameBody|HeatWave,TeraBlast,QuiverDance,Protect|||M|||50|,,,,,Fairy]Kingambit||AssaultVest|Defiant|KowtowCleave,SuckerPunch,IronHead,LowKick|||M|||50|,,,,,Ghost]Baxcalibur||LoadedDice|ThermalExchange|IcicleSpear,ScaleShot,IceShard,Protect|||F|||50|,,,,,Ghost]Basculegion||ChoiceScarf|Adaptability|WaveCrash,FlipTurn,LastRespects,TeraBlast|||M|||50|,,,,,Fairy]Rillaboom||MiracleSeed|GrassySurge|WoodHammer,GrassyGlide,HighHorsepower,FakeOut|||M|||50|,,,,,Fire
|inactive|Battle timer is ON: inactive players will automatically lose when time's up. (requested by gabzeraroadtoglory)
|inactive|marcoslegui has 60 seconds left.
|
|t:|1756248311
|teamsize|p1|4
|teamsize|p2|4
|start
|switch|p1a: Pelipper|Pelipper, L50, F|100/100
|switch|p1b: Archaludon|Archaludon, L50, M|100/100
|switch|p2a: Volcarona|Volcarona, L50, M|100/100
|switch|p2b: Rillaboom|Rillaboom, L50, M|100/100
|-fieldstart|move: Grassy Terrain|[from] ability: Grassy Surge|[of] p2b: Rillaboom
|-weather|RainDance|[from] ability: Drizzle|[of] p1a: Pelipper
|turn|1
|
|t:|1756248323
|switch|p1b: Amoonguss|Amoonguss, L50, M|100/100
|-terastallize|p2a: Volcarona|Fairy
|move|p2b: Rillaboom|Fake Out|p1b: Amoonguss
|-damage|p1b: Amoonguss|90/100
|move|p2a: Volcarona|Quiver Dance|p2a: Volcarona
|-boost|p2a: Volcarona|spa|1
|-boost|p2a: Volcarona|spd|1
|-boost|p2a: Volcarona|spe|1
|move|p1a: Pelipper|Tailwind|p1a: Pelipper
|-sidestart|p1: gabzeraroadtoglory|move: Tailwind
|
|-weather|RainDance|[upkeep]
|-heal|p1b: Amoonguss|96/100|[from] Grassy Terrain
|upkeep
|turn|2
|
|t:|1756248340
|switch|p2b: Sneasler|Sneasler, L50, F|100/100
|-terastallize|p1a: Pelipper|Stellar
|move|p2a: Volcarona|Protect|p2a: Volcarona
|-singleturn|p2a: Volcarona|Protect
|move|p1a: Pelipper|Hurricane|p2b: Sneasler
|-supereffective|p2b: Sneasler
|-enditem|p2b: Sneasler|Focus Sash
|-damage|p2b: Sneasler|1/100
|move|p1b: Amoonguss|Spore|p2a: Volcarona
|-activate|p2a: Volcarona|move: Protect
|
|-weather|RainDance|[upkeep]
|-heal|p2b: Sneasler|7/100|[from] Grassy Terrain
|-heal|p1b: Amoonguss|100/100|[from] Grassy Terrain
|upkeep
|turn|3
|inactive|gabzeraroadtoglory has 30 seconds left.
|inactive|marcoslegui has 30 seconds left.
|
|t:|1756248367
|move|p2b: Sneasler|Dire Claw|p1b: Amoonguss
|-damage|p1b: Amoonguss|66/100
|move|p2a: Volcarona|Heat Wave|p1b: Amoonguss|[spread] p1a,p1b
|-resisted|p1a: Pelipper
|-supereffective|p1b: Amoonguss
|-damage|p1a: Pelipper|81/100
|-damage|p1b: Amoonguss|22/100
|-enditem|p1b: Amoonguss|Sitrus Berry|[eat]
|-heal|p1b: Amoonguss|47/100|[from] item: Sitrus Berry
|move|p1a: Pelipper|Weather Ball|p2b: Sneasler
|-damage|p2b: Sneasler|0 fnt
|faint|p2b: Sneasler
|move|p1b: Amoonguss|Spore|p2a: Volcarona
|-status|p2a: Volcarona|slp|[from] move: Spore
|
|-weather|RainDance|[upkeep]
|-heal|p1b: Amoonguss|53/100|[from] Grassy Terrain
|upkeep
|
|t:|1756248378
|switch|p2b: Rillaboom|Rillaboom, L50, M|100/100
|turn|4
|l|☆marcoslegui
|inactive|marcoslegui disconnected and has 300 seconds to reconnect!
|player|p2|
|j|☆marcoslegui
|inactive|marcoslegui reconnected and has 40 seconds left.
|player|p2|marcoslegui|pokekid|
|inactive|marcoslegui has 30 seconds left.
|
|t:|1756248412
|switch|p1b: Archaludon|Archaludon, L50, M|100/100
|move|p2b: Rillaboom|Fake Out|p1b: Archaludon
|-resisted|p1b: Archaludon
|-damage|p1b: Archaludon|95/100
|-ability|p1b: Archaludon|Stamina|boost
|-boost|p1b: Archaludon|def|1
|cant|p2a: Volcarona|slp
|move|p1a: Pelipper|Hurricane|p2b: Rillaboom
|-supereffective|p2b: Rillaboom
|-damage|p2b: Rillaboom|0 fnt
|faint|p2b: Rillaboom
|
|-weather|RainDance|[upkeep]
|-heal|p1b: Archaludon|100/100|[from] Grassy Terrain
|-sideend|p1: gabzeraroadtoglory|move: Tailwind
|upkeep
|
|t:|1756248416
|switch|p2b: Basculegion|Basculegion, L50, M|100/100
|turn|5
|
|t:|1756248437
|move|p2b: Basculegion|Last Respects|p1b: Archaludon
|-damage|p1b: Archaludon|58/100
|-ability|p1b: Archaludon|Stamina|boost
|-boost|p1b: Archaludon|def|1
|cant|p2a: Volcarona|slp
|move|p1b: Archaludon|Electro Shot||[still]
|-prepare|p1b: Archaludon|Electro Shot
|-boost|p1b: Archaludon|spa|1
|-anim|p1b: Archaludon|Electro Shot|p2b: Basculegion
|-supereffective|p2b: Basculegion
|-damage|p2b: Basculegion|0 fnt
|faint|p2b: Basculegion
|move|p1a: Pelipper|Tailwind|p1a: Pelipper
|-sidestart|p1: gabzeraroadtoglory|move: Tailwind
|
|-weather|none
|-heal|p1b: Archaludon|64/100|[from] Grassy Terrain
|-fieldend|move: Grassy Terrain
|upkeep
|turn|6
|
|t:|1756248455
|switch|p1a: Dragonite|Dragonite, L50, M|100/100
|move|p1b: Archaludon|Flash Cannon|p2a: Volcarona
|-supereffective|p2a: Volcarona
|-damage|p2a: Volcarona|38/100 slp
|-curestatus|p2a: Volcarona|slp|[msg]
|move|p2a: Volcarona|Tera Blast|p1b: Archaludon|[anim] Tera Blast Fairy
|-damage|p1b: Archaludon|13/100
|-ability|p1b: Archaludon|Stamina|boost
|-boost|p1b: Archaludon|def|1
|
|upkeep
|turn|7
|
|t:|1756248469
|move|p2a: Volcarona|Protect|p2a: Volcarona
|-singleturn|p2a: Volcarona|Protect
|move|p1a: Dragonite|Extreme Speed|p2a: Volcarona
|-activate|p2a: Volcarona|move: Protect
|move|p1b: Archaludon|Flash Cannon|p2a: Volcarona
|-activate|p2a: Volcarona|move: Protect
|
|upkeep
|turn|8
|
|t:|1756248476
|move|p2a: Volcarona|Protect||[still]
|-fail|p2a: Volcarona
|move|p1a: Dragonite|Extreme Speed|p2a: Volcarona
|-damage|p2a: Volcarona|3/100
|-status|p1a: Dragonite|brn|[from] ability: Flame Body|[of] p2a: Volcarona
|move|p1b: Archaludon|Flash Cannon|p2a: Volcarona
|-supereffective|p2a: Volcarona
|-damage|p2a: Volcarona|0 fnt
|faint|p2a: Volcarona
|
|win|gabzeraroadtoglory
|c|☆marcoslegui|Gg
