|j|☆IngeVGC
|j|☆beckybug
|html|IngeVGCbeckybug    
|uhtml|bestof|Game 1 of a best-of-3
|t:|1784066785
|gametype|doubles
|player|p1|IngeVGC|fisherman-gen4|1288
|player|p2|beckybug|briar|1329
|gen|9
|tier|[Gen 9 Champions] VGC 2026 Reg M-B (Bo3)
|rated|
|rule|Species Clause: Limit one of each Pokémon
|rule|Item Clause: Limit 1 of each item
|clearpoke
|poke|p1|Aerodactyl, L50, M|
|poke|p1|Kingambit, L50, F, shiny|
|poke|p1|Farigiraf, L50, F, shiny|
|poke|p1|Charizard, L50, M, shiny|
|poke|p1|Sylveon, L50, M, shiny|
|poke|p1|Garchomp, L50, M, shiny|
|poke|p2|Metagross, L50|
|poke|p2|Swampert, L50, M|
|poke|p2|Pelipper, L50, F|
|poke|p2|Archaludon, L50, F|
|poke|p2|Sinistcha-Masterpiece, L50|
|poke|p2|Grimmsnarl, L50, M|
|teampreview|4
|showteam|p1|Aerodactyl||Aerodactylite|Unnerve|IceFang,DualWingbeat,RockSlide,Tailwind|Jolly||M|||50|]Kingambit||FocusSash|Defiant|KowtowCleave,IronHead,SuckerPunch,LowKick|Adamant||F|||50|]Farigiraf||SitrusBerry|ArmorTail|TrickRoom,Psychic,Thunderbolt,Roar|Bold||F|||50|]Charizard||CharizarditeY|SolarPower|HeatWave,WeatherBall,SolarBeam,Protect|Modest||M|||50|]Sylveon||FairyFeather|Pixilate|Detect,HyperVoice,HyperBeam,QuickAttack|Modest||M|||50|]Garchomp||LifeOrb|RoughSkin|Protect,DragonClaw,Earthquake,StompingTantrum|Jolly||M|||50|
|showteam|p2|Metagross||Metagrossite|ClearBody|IronHead,PsychicFangs,BodyPress,Protect|Jolly|||||50|]Swampert||Swampertite|Torrent|WaveCrash,Earthquake,IcePunch,Protect|Adamant||M|||50|]Pelipper||SitrusBerry|Drizzle|WeatherBall,Hurricane,Tailwind,Protect|Modest||F|||50|]Archaludon||Leftovers|Stamina|FlashCannon,DragonPulse,ElectroShot,Protect|Modest||F|||50|]Sinistcha-Masterpiece||ColburBerry|Hospitality|MatchaGotcha,RagePowder,TrickRoom,Protect|Relaxed|||||50|]Grimmsnarl||LightClay|Prankster|FoulPlay,PartingShot,Reflect,LightScreen|Calm||M|||50|
|
|t:|1784066842
|teamsize|p1|4
|teamsize|p2|4
|start
|switch|p1a: Charizard|Charizard, L50, M, shiny|100/100
|switch|p1b: Sylveon|Sylveon, L50, M, shiny|100/100
|switch|p2a: Grimmsnarl|Grimmsnarl, L50, M|100/100
|switch|p2b: Metagross|Metagross, L50|100/100
|turn|1
|
|t:|1784066868
|switch|p1b: Kingambit|Kingambit, L50, F, shiny|100/100
|detailschange|p2b: Metagross|Metagross-Mega, L50
|-mega|p2b: Metagross|Metagross|Metagrossite
|detailschange|p1a: Charizard|Charizard-Mega-Y, L50, M, shiny
|-mega|p1a: Charizard|Charizard|Charizardite Y
|-weather|SunnyDay|[from] ability: Drought|[of] p1a: Charizard
|move|p2b: Metagross|Protect|p2b: Metagross
|-singleturn|p2b: Metagross|Protect
|move|p2a: Grimmsnarl|Light Screen|p2a: Grimmsnarl
|-sidestart|p2: beckybug|move: Light Screen
|move|p1a: Charizard|Heat Wave|p2b: Metagross|[spread] p2a
|-activate|p2b: Metagross|move: Protect
|-damage|p2a: Grimmsnarl|65/100
|
|-weather|SunnyDay|[upkeep]
|upkeep
|turn|2
|
|t:|1784066893
|switch|p1b: Farigiraf|Farigiraf, L50, F, shiny|100/100
|move|p2a: Grimmsnarl|Parting Shot||[still]
|cant|p1b: Farigiraf|ability: Armor Tail|Parting Shot|[of] p2a: Grimmsnarl
|move|p2b: Metagross|Body Press|p1b: Farigiraf
|-crit|p1b: Farigiraf
|-damage|p1b: Farigiraf|58/100
|move|p1a: Charizard|Weather Ball|p2b: Metagross
|-supereffective|p2b: Metagross|1
|-damage|p2b: Metagross|0 fnt
|faint|p2b: Metagross
|
|-weather|SunnyDay|[upkeep]
|upkeep
|
|t:|1784066899
|switch|p2b: Pelipper|Pelipper, L50, F|100/100
|-weather|RainDance|[from] ability: Drizzle|[of] p2b: Pelipper
|turn|3
|
|t:|1784066913
|switch|p1a: Kingambit|Kingambit, L50, F, shiny|100/100
|move|p2b: Pelipper|Weather Ball|p1b: Farigiraf
|-damage|p1b: Farigiraf|1/100
|-enditem|p1b: Farigiraf|Sitrus Berry|[eat]
|-heal|p1b: Farigiraf|25/100|[from] item: Sitrus Berry
|move|p2a: Grimmsnarl|Foul Play|p1b: Farigiraf
|-supereffective|p1b: Farigiraf|1
|-damage|p1b: Farigiraf|0 fnt
|faint|p1b: Farigiraf
|
|-weather|RainDance|[upkeep]
|upkeep
|
|t:|1784066922
|switch|p1b: Charizard|Charizard-Mega-Y, L50, M, shiny|100/100
|-weather|SunnyDay|[from] ability: Drought|[of] p1b: Charizard
|turn|4
|
|t:|1784066938
|switch|p2b: Archaludon|Archaludon, L50, F|100/100
|move|p1b: Charizard|Protect|p1b: Charizard
|-singleturn|p1b: Charizard|Protect
|move|p2a: Grimmsnarl|Parting Shot|p1b: Charizard
|-activate|p1b: Charizard|move: Protect
|move|p1a: Kingambit|Iron Head|p2a: Grimmsnarl
|-supereffective|p2a: Grimmsnarl|1
|-damage|p2a: Grimmsnarl|0 fnt
|faint|p2a: Grimmsnarl
|
|-weather|SunnyDay|[upkeep]
|upkeep
|
|t:|1784066946
|switch|p2a: Pelipper|Pelipper, L50, F|100/100
|-weather|RainDance|[from] ability: Drizzle|[of] p2a: Pelipper
|turn|5
|
|t:|1784066965
|move|p1b: Charizard|Weather Ball|p2a: Pelipper
|-resisted|p2a: Pelipper|1
|-damage|p2a: Pelipper|79/100
|move|p2b: Archaludon|Electro Shot||[still]
|-prepare|p2b: Archaludon|Electro Shot
|-boost|p2b: Archaludon|spa|1
|-anim|p2b: Archaludon|Electro Shot|p1b: Charizard
|-supereffective|p1b: Charizard|1
|-damage|p1b: Charizard|0 fnt
|faint|p1b: Charizard
|move|p1a: Kingambit|Kowtow Cleave|p2a: Pelipper
|-damage|p2a: Pelipper|22/100
|-enditem|p2a: Pelipper|Sitrus Berry|[eat]
|-heal|p2a: Pelipper|47/100|[from] item: Sitrus Berry
|move|p2a: Pelipper|Tailwind|p2a: Pelipper
|-sidestart|p2: beckybug|move: Tailwind
|
|-weather|RainDance|[upkeep]
|upkeep
|
|t:|1784066976
|switch|p1b: Sylveon|Sylveon, L50, M, shiny|100/100
|turn|6
|
|t:|1784066996
|move|p2b: Archaludon|Electro Shot||[still]
|-prepare|p2b: Archaludon|Electro Shot
|-boost|p2b: Archaludon|spa|1
|-anim|p2b: Archaludon|Electro Shot|p1b: Sylveon
|-damage|p1b: Sylveon|29/100
|move|p2a: Pelipper|Weather Ball|p1b: Sylveon
|-crit|p1b: Sylveon
|-damage|p1b: Sylveon|0 fnt
|faint|p1b: Sylveon
|move|p1a: Kingambit|Low Kick|p2b: Archaludon
|-supereffective|p2b: Archaludon|1
|-damage|p2b: Archaludon|53/100
|-ability|p2b: Archaludon|Stamina|boost
|-boost|p2b: Archaludon|def|1
|
|-weather|RainDance|[upkeep]
|-heal|p2b: Archaludon|59/100|[from] item: Leftovers
|upkeep
|turn|7
|-message|IngeVGC forfeited.
|
|win|beckybug
||IngeVGC is ready for game 2.
||beckybug is ready for game 2.
|uhtml|next|Next: Game 2 of 3
