|j|☆jonas.weevil
|j|☆spernerslemma
|html|jonas.weevilspernerslemma    
|uhtml|bestof|Game 1 of a best-of-3
|t:|1784576438
|gametype|doubles
|player|p1|jonas.weevil|170|1378
|player|p2|spernerslemma|pokekid|1363
|gen|9
|tier|[Gen 9 Champions] VGC 2026 Reg M-B (Bo3)
|rated|
|rule|Species Clause: Limit one of each Pokémon
|rule|Item Clause: Limit 1 of each item
|clearpoke
|poke|p1|Torkoal, L50, F, shiny|
|poke|p1|Venusaur, L50, F|
|poke|p1|Pyroar, L50, M, shiny|
|poke|p1|Scrafty, L50, M|
|poke|p1|Sylveon, L50, M, shiny|
|poke|p1|Farigiraf, L50, M|
|poke|p2|Swampert, L50, M|
|poke|p2|Grimmsnarl, L50, M|
|poke|p2|Archaludon, L50, F|
|poke|p2|Pelipper, L50, F|
|poke|p2|Venusaur, L50, M|
|poke|p2|Sneasler, L50, M|
|teampreview|4
|showteam|p1|Torkoal||Charcoal|Drought|Eruption,WeatherBall,HelpingHand,Protect|Quiet||F|||50|]Venusaur||FocusSash|Chlorophyll|LeafStorm,SludgeBomb,SleepPowder,Protect|Modest||F|||50|]Pyroar||Pyroarite|Unnerve|Overheat,HeatWave,SolarBeam,Protect|Timid||M|||50|]Scrafty||Scraftinite|Intimidate|CloseCombat,KnockOff,StoneEdge,FakeOut|Brave||M|||50|]Sylveon||LifeOrb|Pixilate|HyperVoice,HyperBeam,QuickAttack,Detect|Quiet||M|||50|]Farigiraf||SitrusBerry|ArmorTail|Psychic,Thunderbolt,HelpingHand,TrickRoom|Relaxed||M|||50|
|showteam|p2|Swampert||Swampertite|Torrent|WaveCrash,Protect,HighHorsepower,IcePunch|Adamant||M|||50|]Grimmsnarl||LightClay|Prankster|SpiritBreak,Reflect,LightScreen,PartingShot|Careful||M|||50|]Archaludon||Leftovers|Stamina|ElectroShot,DragonPulse,FlashCannon,Protect|Modest||F|||50|]Pelipper||SitrusBerry|Drizzle|WeatherBall,Hurricane,Tailwind,Protect|Modest||F|||50|]Venusaur||Venusaurite|Chlorophyll|SludgeBomb,Protect,GigaDrain,EarthPower|Modest||M|||50|]Sneasler||FocusSash|PoisonTouch|FakeOut,PoisonJab,CloseCombat,Protect|Jolly||M|||50|
|inactive|Battle timer is ON: inactive players will automatically lose when time's up. (requested by spernerslemma)
|
|t:|1784576520
|teamsize|p1|4
|teamsize|p2|4
|start
|switch|p1a: Venusaur|Venusaur, L50, F|100/100
|switch|p1b: Anil|Pyroar, L50, M, shiny|100/100
|switch|p2a: Venusaur|Venusaur, L50, M|100/100
|switch|p2b: Grimmsnarl|Grimmsnarl, L50, M|100/100
|-ability|p1b: Anil|Unnerve
|turn|1
|inactive|jonas.weevil has 30 seconds left.
|inactive|jonas.weevil has 20 seconds left.
|inactive|jonas.weevil has 15 seconds left.
|
|t:|1784576562
|detailschange|p1b: Anil|Pyroar-Mega, L50, M, shiny
|-mega|p1b: Anil|Pyroar|Pyroarite
|detailschange|p2a: Venusaur|Venusaur-Mega, L50, M
|-mega|p2a: Venusaur|Venusaur|Venusaurite
|move|p1b: Anil|Protect|p1b: Anil
|-singleturn|p1b: Anil|Protect
|move|p2b: Grimmsnarl|Light Screen|p2b: Grimmsnarl
|-sidestart|p2: spernerslemma|move: Light Screen
|move|p1a: Venusaur|Sleep Powder|p2b: Grimmsnarl|[miss]
|-miss|p1a: Venusaur|p2b: Grimmsnarl
|move|p2a: Venusaur|Earth Power|p1b: Anil
|-activate|p1b: Anil|move: Protect
|
|upkeep
|turn|2
|inactive|jonas.weevil has 30 seconds left.
|inactive|spernerslemma has 30 seconds left.
|
|t:|1784576590
|switch|p1b: Stasi|Farigiraf, L50, M|100/100
|move|p2b: Grimmsnarl|Parting Shot||[still]
|cant|p1b: Stasi|ability: Armor Tail|Parting Shot|[of] p2b: Grimmsnarl
|move|p1a: Venusaur|Sleep Powder|p2b: Grimmsnarl
|-status|p2b: Grimmsnarl|slp|[from] move: Sleep Powder
|move|p2a: Venusaur|Earth Power|p1b: Stasi
|-damage|p1b: Stasi|75/100
|
|upkeep
|turn|3
|inactive|jonas.weevil has 30 seconds left.
|
|t:|1784576619
|switch|p2b: Archaludon|Archaludon, L50, F|100/100
|move|p1a: Venusaur|Sludge Bomb|p2b: Archaludon
|-immune|p2b: Archaludon
|move|p2a: Venusaur|Sludge Bomb|p1b: Stasi
|-damage|p1b: Stasi|37/100
|-enditem|p1b: Stasi|Sitrus Berry|[eat]
|-heal|p1b: Stasi|62/100|[from] item: Sitrus Berry
|move|p1b: Stasi|Psychic|p2a: Venusaur
|-supereffective|p2a: Venusaur|1
|-damage|p2a: Venusaur|62/100
|
|upkeep
|turn|4
|inactive|jonas.weevil has 30 seconds left.
|inactive|spernerslemma has 30 seconds left.
|
|t:|1784576648
|move|p2a: Venusaur|Protect|p2a: Venusaur
|-singleturn|p2a: Venusaur|Protect
|move|p1a: Venusaur|Sleep Powder|p2b: Archaludon|[miss]
|-miss|p1a: Venusaur|p2b: Archaludon
|move|p2b: Archaludon|Dragon Pulse|p1b: Stasi
|-damage|p1b: Stasi|30/100
|move|p1b: Stasi|Psychic|p2a: Venusaur
|-activate|p2a: Venusaur|move: Protect
|
|upkeep
|turn|5
|inactive|spernerslemma has 30 seconds left.
|inactive|spernerslemma has 20 seconds left.
|
|t:|1784576684
|switch|p2b: Grimmsnarl|Grimmsnarl, L50, M|100/100 slp
|move|p1a: Venusaur|Sleep Powder|p2b: Grimmsnarl
|-fail|p2b: Grimmsnarl|slp
|move|p2a: Venusaur|Sludge Bomb|p1b: Stasi
|-damage|p1b: Stasi|0 fnt
|faint|p1b: Stasi
|
|upkeep
|inactive|jonas.weevil has 30 seconds left.
|
|t:|1784576710
|switch|p1b: Anil|Pyroar-Mega, L50, M, shiny|100/100
|turn|6
|inactive|spernerslemma has 30 seconds left.
|inactive|jonas.weevil has 30 seconds left.
|inactive|spernerslemma has 20 seconds left.
|
|t:|1784576753
|move|p1b: Anil|Protect|p1b: Anil
|-singleturn|p1b: Anil|Protect
|move|p1a: Venusaur|Sludge Bomb|p2a: Venusaur
|-damage|p2a: Venusaur|36/100
|move|p2a: Venusaur|Earth Power|p1b: Anil
|-activate|p1b: Anil|move: Protect
|cant|p2b: Grimmsnarl|slp
|
|upkeep
|turn|7
|inactive|jonas.weevil has 30 seconds left.
|
|t:|1784576780
|move|p2a: Venusaur|Protect|p2a: Venusaur
|-singleturn|p2a: Venusaur|Protect
|cant|p2b: Grimmsnarl|slp
|move|p1b: Anil|Heat Wave|p2b: Grimmsnarl|[spread] 
|-activate|p2a: Venusaur|move: Protect
|-miss|p1b: Anil|p2b: Grimmsnarl
|move|p1a: Venusaur|Sludge Bomb|p2a: Venusaur
|-activate|p2a: Venusaur|move: Protect
|
|upkeep
|turn|8
|inactive|jonas.weevil has 30 seconds left.
|inactive|jonas.weevil has 20 seconds left.
|inactive|jonas.weevil has 15 seconds left.
|inactive|jonas.weevil has 10 seconds left.
|
|t:|1784576827
|-curestatus|p2b: Grimmsnarl|slp|[msg]
|move|p2b: Grimmsnarl|Parting Shot|p1b: Anil
|-unboost|p1b: Anil|atk|1
|-unboost|p1b: Anil|spa|1
|
|t:|1784576843
|switch|p2b: Pelipper|Pelipper, L50, F|100/100|[from] Parting Shot
|-weather|RainDance|[from] ability: Drizzle|[of] p2b: Pelipper
|move|p1b: Anil|Overheat|p2a: Venusaur
|-supereffective|p2a: Venusaur|1
|-damage|p2a: Venusaur|19/100
|-unboost|p1b: Anil|spa|2
|move|p1a: Venusaur|Sludge Bomb|p2a: Venusaur
|-damage|p2a: Venusaur|0 fnt
|faint|p2a: Venusaur
|
|-weather|RainDance|[upkeep]
|-sideend|p2: spernerslemma|move: Light Screen
|upkeep
|
|t:|1784576853
|switch|p2a: Archaludon|Archaludon, L50, F|100/100
|turn|9
|inactive|jonas.weevil has 30 seconds left.
|inactive|jonas.weevil has 20 seconds left.
|inactive|jonas.weevil has 15 seconds left.
|inactive|spernerslemma has 30 seconds left.
|inactive|jonas.weevil has 10 seconds left.
|
|t:|1784576906
|switch|p1b: Napalm|Torkoal, L50, F, shiny|100/100
|-weather|SunnyDay|[from] ability: Drought|[of] p1b: Napalm
|move|p1a: Venusaur|Sleep Powder|p2a: Archaludon
|-status|p2a: Archaludon|slp|[from] move: Sleep Powder
|cant|p2a: Archaludon|slp
|move|p2b: Pelipper|Weather Ball|p1a: Venusaur
|-supereffective|p1a: Venusaur|1
|-damage|p1a: Venusaur|8/100
|
|-weather|SunnyDay|[upkeep]
|upkeep
|turn|10
|
|t:|1784576928
|switch|p2a: Grimmsnarl|Grimmsnarl, L50, M|100/100
|move|p2b: Pelipper|Protect|p2b: Pelipper
|-singleturn|p2b: Pelipper|Protect
|move|p1a: Venusaur|Sleep Powder|p2b: Pelipper
|-activate|p2b: Pelipper|move: Protect
|move|p1b: Napalm|Eruption|p2b: Pelipper|[spread] p2a
|-activate|p2b: Pelipper|move: Protect
|-damage|p2a: Grimmsnarl|29/100
|
|-weather|SunnyDay|[upkeep]
|upkeep
|turn|11
|inactive|jonas.weevil has 30 seconds left.
|inactive|jonas.weevil has 20 seconds left.
|inactive|jonas.weevil has 15 seconds left.
|inactive|jonas.weevil has 10 seconds left.
|
|t:|1784576974
|switch|p2b: Archaludon|Archaludon, L50, F|100/100 slp
|move|p2a: Grimmsnarl|Parting Shot|p1b: Napalm
|-unboost|p1b: Napalm|atk|1
|-unboost|p1b: Napalm|spa|1
|
|t:|1784576980
|switch|p2a: Pelipper|Pelipper, L50, F|100/100|[from] Parting Shot
|-weather|RainDance|[from] ability: Drizzle|[of] p2a: Pelipper
|move|p1a: Venusaur|Sleep Powder|p2b: Archaludon
|-fail|p2b: Archaludon|slp
|move|p1b: Napalm|Weather Ball|p2a: Pelipper
|-resisted|p2a: Pelipper|1
|-damage|p2a: Pelipper|83/100
|
|-weather|RainDance|[upkeep]
|upkeep
|turn|12
|inactive|jonas.weevil has 30 seconds left.
|
|t:|1784577012
|switch|p1b: Anil|Pyroar-Mega, L50, M, shiny|100/100
|move|p1a: Venusaur|Sleep Powder|p2a: Pelipper
|-status|p2a: Pelipper|slp|[from] move: Sleep Powder
|cant|p2b: Archaludon|slp
|cant|p2a: Pelipper|slp
|
|-weather|RainDance|[upkeep]
|upkeep
|turn|13
|inactive|jonas.weevil has 25 seconds left this turn.
|inactive|jonas.weevil has 20 seconds left.
|inactive|jonas.weevil has 15 seconds left.
|
|t:|1784577029
|switch|p2a: Grimmsnarl|Grimmsnarl, L50, M|29/100
|-curestatus|p2b: Archaludon|slp|[msg]
|move|p2b: Archaludon|Protect|p2b: Archaludon
|-singleturn|p2b: Archaludon|Protect
|move|p1b: Anil|Heat Wave|p2b: Archaludon|[spread] p2a
|-activate|p2b: Archaludon|move: Protect
|-damage|p2a: Grimmsnarl|7/100
|move|p1a: Venusaur|Leaf Storm|p2a: Grimmsnarl
|-damage|p2a: Grimmsnarl|0 fnt
|-unboost|p1a: Venusaur|spa|2
|faint|p2a: Grimmsnarl
|
|-weather|RainDance|[upkeep]
|upkeep
|
|t:|1784577041
|switch|p2a: Pelipper|Pelipper, L50, F|83/100 slp
|turn|14
|inactive|jonas.weevil has 15 seconds left this turn.
|
|t:|1784577051
|switch|p1a: Napalm|Torkoal, L50, F, shiny|100/100
|-weather|SunnyDay|[from] ability: Drought|[of] p1a: Napalm
|move|p2b: Archaludon|Protect|p2b: Archaludon
|-singleturn|p2b: Archaludon|Protect
|move|p1b: Anil|Heat Wave|p2b: Archaludon|[spread] p2a
|-activate|p2b: Archaludon|move: Protect
|-resisted|p2a: Pelipper|1
|-damage|p2a: Pelipper|31/100 slp
|-enditem|p2a: Pelipper|Sitrus Berry|[eat]
|-heal|p2a: Pelipper|56/100 slp|[from] item: Sitrus Berry
|cant|p2a: Pelipper|slp
|
|-weather|SunnyDay|[upkeep]
|upkeep
|turn|15
|inactive|jonas.weevil has 15 seconds left this turn.
|inactive|jonas.weevil has 10 seconds left.
|
|t:|1784577068
|move|p1a: Napalm|Helping Hand|p1b: Anil
|-singleturn|p1b: Anil|Helping Hand|[of] p1a: Napalm
|move|p1b: Anil|Heat Wave|p2b: Archaludon|[spread] p2a,p2b
|-resisted|p2a: Pelipper|1
|-damage|p2a: Pelipper|0 fnt
|-damage|p2b: Archaludon|0 fnt
|faint|p2a: Pelipper
|faint|p2b: Archaludon
|
|win|jonas.weevil
||jonas.weevil is ready for game 2.
||spernerslemma is ready for game 2.
|uhtml|next|Next: Game 2 of 3
