|j|☆plaidhaxx
|j|☆SpacegliderSteve
|html|plaidhaxxSpacegliderSteve    
|uhtml|bestof|Game 3 of a best-of-3
|t:|1785955293
|gametype|doubles
|player|p1|plaidhaxx|grimsley|
|player|p2|SpacegliderSteve|101|
|gen|9
|tier|[Gen 9 Champions] VGC 2026 Reg M-B (Bo3)
|rule|Species Clause: Limit one of each Pokémon
|rule|Item Clause: Limit 1 of each item
|clearpoke
|poke|p1|Kommo-o, L50, F|
|poke|p1|Excadrill, L50, F|
|poke|p1|Tyranitar, L50, M|
|poke|p1|Grimmsnarl, L50, M|
|poke|p1|Scovillain, L50, M|
|poke|p1|Basculegion, L50, M|
|poke|p2|Raichu, L50, F|
|poke|p2|Staraptor, L50, F|
|poke|p2|Arcanine-Hisui, L50, M|
|poke|p2|Farigiraf, L50, M|
|poke|p2|Sylveon, L50, F|
|poke|p2|Kingambit, L50, M|
|teampreview|4
|showteam|p1|Kommo-o||Leftovers|Overcoat|ClangingScales,ClangorousSoul,AuraSphere,Protect|Modest||F|||50|]Excadrill||LifeOrb|SandRush|HighHorsepower,RockSlide,IronHead,Protect|Adamant||F|||50|]Tyranitar||Tyranitarite|SandStream|DragonDance,RockSlide,KnockOff,Protect|Jolly||M|||50|]Grimmsnarl||LightClay|Prankster|SpiritBreak,LightScreen,Reflect,FakeOut|Impish||M|||50|]Scovillain||Scovillainite|Moody|Protect,RagePowder,Overheat,EnergyBall|Bold||M|||50|]Basculegion||ChoiceScarf|Adaptability|WaveCrash,LastRespects,AquaJet,FlipTurn|Adamant||M|||50|
|showteam|p2|Raichu||RaichuniteY|LightningRod|ZapCannon,FocusBlast,FakeOut,Protect|Timid||F|||50|]Staraptor||Staraptite|Intimidate|CloseCombat,DualWingbeat,Tailwind,Protect|Jolly||F|||50|]Arcanine-Hisui||FocusSash|RockHead|FlareBlitz,HeadSmash,ExtremeSpeed,Protect|Jolly||M|||50|]Farigiraf||SitrusBerry|ArmorTail|Psychic,HelpingHand,TrickRoom,Protect|Calm||M|||50|]Sylveon||FairyFeather|Pixilate|HyperVoice,QuickAttack,HyperBeam,Detect|Modest||F|||50|]Kingambit||LifeOrb|Defiant|KowtowCleave,SuckerPunch,SwordsDance,Protect|Adamant||M|||50|
|
|t:|1785955317
|teamsize|p1|4
|teamsize|p2|4
|start
|switch|p1a: Scovillain|Scovillain, L50, M|100/100
|switch|p1b: Tyranitar|Tyranitar, L50, M|100/100
|switch|p2a: Arcanine|Arcanine-Hisui, L50, M|100/100
|switch|p2b: Farigiraf|Farigiraf, L50, M|100/100
|-weather|Sandstorm|[from] ability: Sand Stream|[of] p1b: Tyranitar
|turn|1
|
|t:|1785955341
|move|p2b: Farigiraf|Helping Hand|p2a: Arcanine
|-singleturn|p2a: Arcanine|Helping Hand|[of] p2b: Farigiraf
|move|p1a: Scovillain|Protect|p1a: Scovillain
|-singleturn|p1a: Scovillain|Protect
|move|p2a: Arcanine|Head Smash|p1a: Scovillain
|-activate|p1a: Scovillain|move: Protect
|move|p1b: Tyranitar|Rock Slide|p2b: Farigiraf|[spread] p2a,p2b
|-supereffective|p2a: Arcanine|1
|-damage|p2a: Arcanine|25/100
|-damage|p2b: Farigiraf|73/100
|
|-weather|Sandstorm|[upkeep]
|-damage|p1a: Scovillain|94/100|[from] Sandstorm
|-damage|p2b: Farigiraf|66/100|[from] Sandstorm
|-ability|p1a: Scovillain|Moody|boost
|-boost|p1a: Scovillain|spa|2
|-unboost|p1a: Scovillain|spd|1
|upkeep
|turn|2
|
|t:|1785955370
|switch|p1a: Kommo-o|Kommo-o, L50, F|100/100
|move|p2b: Farigiraf|Helping Hand|p2a: Arcanine
|-singleturn|p2a: Arcanine|Helping Hand|[of] p2b: Farigiraf
|move|p2a: Arcanine|Head Smash|p1a: Kommo-o
|-resisted|p1a: Kommo-o|1
|-damage|p1a: Kommo-o|47/100
|move|p1b: Tyranitar|Rock Slide|p2a: Arcanine|[spread] p2a,p2b
|-supereffective|p2a: Arcanine|1
|-damage|p2a: Arcanine|0 fnt
|-damage|p2b: Farigiraf|42/100
|-enditem|p2b: Farigiraf|Sitrus Berry|[eat]
|-heal|p2b: Farigiraf|67/100|[from] item: Sitrus Berry
|faint|p2a: Arcanine
|
|-weather|Sandstorm|[upkeep]
|-damage|p2b: Farigiraf|61/100|[from] Sandstorm
|-heal|p1a: Kommo-o|52/100|[from] item: Leftovers
|upkeep
|
|t:|1785955392
|switch|p2a: Staraptor|Staraptor, L50, F|100/100
|-ability|p2a: Staraptor|Intimidate|boost
|-unboost|p1a: Kommo-o|atk|1
|-unboost|p1b: Tyranitar|atk|1
|turn|3
|
|t:|1785955405
|move|p2b: Farigiraf|Helping Hand|p2a: Staraptor
|-singleturn|p2a: Staraptor|Helping Hand|[of] p2b: Farigiraf
|move|p2a: Staraptor|Close Combat|p1a: Kommo-o
|-damage|p1a: Kommo-o|3/100
|-unboost|p2a: Staraptor|def|1
|-unboost|p2a: Staraptor|spd|1
|move|p1a: Kommo-o|Clanging Scales|p2b: Farigiraf|[spread] p2a,p2b
|-damage|p2a: Staraptor|14/100
|-damage|p2b: Farigiraf|29/100
|-unboost|p1a: Kommo-o|def|1
|move|p1b: Tyranitar|Rock Slide|p2a: Staraptor|[spread] p2a,p2b
|-supereffective|p2a: Staraptor|1
|-damage|p2a: Staraptor|0 fnt
|-damage|p2b: Farigiraf|12/100
|faint|p2a: Staraptor
|
|-weather|Sandstorm|[upkeep]
|-damage|p2b: Farigiraf|5/100|[from] Sandstorm
|-heal|p1a: Kommo-o|9/100|[from] item: Leftovers
|upkeep
|
|t:|1785955422
|switch|p2a: Sylveon|Sylveon, L50, F|100/100
|turn|4
|
|t:|1785955433
|move|p2b: Farigiraf|Helping Hand|p2a: Sylveon
|-singleturn|p2a: Sylveon|Helping Hand|[of] p2b: Farigiraf
|move|p1a: Kommo-o|Protect|p1a: Kommo-o
|-singleturn|p1a: Kommo-o|Protect
|move|p1b: Tyranitar|Protect|p1b: Tyranitar
|-singleturn|p1b: Tyranitar|Protect
|move|p2a: Sylveon|Hyper Voice|p1b: Tyranitar|[spread] 
|-activate|p1a: Kommo-o|move: Protect
|-activate|p1b: Tyranitar|move: Protect
|
|-weather|Sandstorm|[upkeep]
|-damage|p2a: Sylveon|93/100|[from] Sandstorm
|-damage|p2b: Farigiraf|0 fnt|[from] Sandstorm
|faint|p2b: Farigiraf
|-heal|p1a: Kommo-o|14/100|[from] item: Leftovers
|upkeep
|turn|5
|
|t:|1785955468
|move|p1a: Kommo-o|Aura Sphere|p2a: Sylveon
|-resisted|p2a: Sylveon|1
|-damage|p2a: Sylveon|79/100
|move|p1b: Tyranitar|Knock Off|p2a: Sylveon
|-resisted|p2a: Sylveon|1
|-damage|p2a: Sylveon|60/100
|-enditem|p2a: Sylveon|Fairy Feather|[from] move: Knock Off|[of] p1b: Tyranitar
|move|p2a: Sylveon|Hyper Voice|p1b: Tyranitar|[spread] p1a,p1b
|-supereffective|p1a: Kommo-o|2
|-supereffective|p1b: Tyranitar|1
|-damage|p1a: Kommo-o|0 fnt
|-damage|p1b: Tyranitar|47/100
|faint|p1a: Kommo-o
|
|-weather|none
|upkeep
|
|t:|1785955481
|switch|p1a: Excadrill|Excadrill, L50, F|100/100
|turn|6
|
|t:|1785955489
|detailschange|p1b: Tyranitar|Tyranitar-Mega, L50, M
|-mega|p1b: Tyranitar|Tyranitar|Tyranitarite
|-weather|Sandstorm|[from] ability: Sand Stream|[of] p1b: Tyranitar
|move|p1a: Excadrill|Iron Head|p2a: Sylveon
|-supereffective|p2a: Sylveon|1
|-damage|p2a: Sylveon|0 fnt
|faint|p2a: Sylveon
|-damage|p1a: Excadrill|90/100|[from] item: Life Orb
|
|win|plaidhaxx
