|j|☆ronzthebonz
|j|☆palle synchro
|html|ronzthebonzpalle synchro    
|uhtml|bestof|Game 1 of a best-of-3
|t:|1784968435
|gametype|doubles
|player|p1|ronzthebonz|2|1308
|player|p2|palle synchro|volkner|1428
|gen|9
|tier|[Gen 9 Champions] VGC 2026 Reg M-B (Bo3)
|rated|
|rule|Species Clause: Limit one of each Pokémon
|rule|Item Clause: Limit 1 of each item
|clearpoke
|poke|p1|Snorlax, L50, F|
|poke|p1|Incineroar, L50, F|
|poke|p1|Gengar, L50, M|
|poke|p1|Sableye, L50, M|
|poke|p1|Kingambit, L50, M|
|poke|p1|Palafin, L50, F|
|poke|p2|Pelipper, L50, M|
|poke|p2|Archaludon, L50, M|
|poke|p2|Venusaur, L50, F|
|poke|p2|Maushold, L50|
|poke|p2|Gholdengo, L50|
|poke|p2|Basculegion, L50, M|
|teampreview|4
|showteam|p1|Snorlax||Leftovers|ThickFat|Yawn,Protect,Fissure,DoubleEdge|Sassy||F|||50|]Incineroar||PasshoBerry|Intimidate|FlareBlitz,Protect,FakeOut,PartingShot|Sassy||F|||50|]Gengar||Gengarite|CursedBody|ShadowBall,Disable,PerishSong,Protect|Timid||M|||50|]Sableye||SitrusBerry|Prankster|WillOWisp,Encore,FakeOut,LightScreen|Bold||M|||50|]Kingambit||ChopleBerry|Defiant|LowKick,KowtowCleave,IronHead,SuckerPunch|Brave||M|||50|]Palafin||MysticWater|ZerotoHero|JetPunch,WaveCrash,DrainPunch,Protect|Adamant||F|||50|
|showteam|p2|Pelipper||SitrusBerry|Drizzle|WeatherBall,Hurricane,Tailwind,Protect|Modest||M|||50|]Archaludon||Leftovers|Stamina|ElectroShot,DragonPulse,FlashCannon,Protect|Modest||M|||50|]Venusaur||Venusaurite|Chlorophyll|GigaDrain,EarthPower,SludgeBomb,Protect|Modest||F|||50|]Maushold||FocusSash|FriendGuard|SuperFang,RainDance,FollowMe,Protect|Timid|||||50|]Gholdengo||LifeOrb|GoodasGold|MakeItRain,ShadowBall,NastyPlot,Protect|Timid|||||50|]Basculegion||ChoiceScarf|Adaptability|WaveCrash,LastRespects,FlipTurn,AquaJet|Jolly||M|||50|
|inactive|Battle timer is ON: inactive players will automatically lose when time's up. (requested by ronzthebonz)
|
|t:|1784968464
|teamsize|p1|4
|teamsize|p2|4
|start
|switch|p1a: Snorlax|Snorlax, L50, F|100/100
|switch|p1b: Incineroar|Incineroar, L50, F|100/100
|switch|p2a: Gholdengo|Gholdengo, L50|100/100
|switch|p2b: Maushold|Maushold, L50|100/100
|-ability|p1b: Incineroar|Intimidate|boost
|-unboost|p2a: Gholdengo|atk|1
|-unboost|p2b: Maushold|atk|1
|turn|1
|
|t:|1784968484
|move|p2b: Maushold|Follow Me|p2b: Maushold
|-singleturn|p2b: Maushold|move: Follow Me
|move|p2a: Gholdengo|Nasty Plot|p2a: Gholdengo
|-boost|p2a: Gholdengo|spa|2
|move|p1b: Incineroar|Flare Blitz|p2b: Maushold
|-damage|p2b: Maushold|38/100
|-damage|p1b: Incineroar|81/100|[from] Recoil
|move|p1a: Snorlax|Yawn|p2b: Maushold
|-start|p2b: Maushold|move: Yawn|[of] p1a: Snorlax
|
|upkeep
|turn|2
|
|t:|1784968498
|switch|p2b: Archaludon|Archaludon, L50, M|100/100
|move|p2a: Gholdengo|Protect|p2a: Gholdengo
|-singleturn|p2a: Gholdengo|Protect
|move|p1b: Incineroar|Flare Blitz|p2a: Gholdengo
|-activate|p2a: Gholdengo|move: Protect
|move|p1a: Snorlax|Yawn|p2b: Archaludon
|-start|p2b: Archaludon|move: Yawn|[of] p1a: Snorlax
|
|upkeep
|turn|3
|
|t:|1784968510
|switch|p2b: Maushold|Maushold, L50|38/100
|move|p2a: Gholdengo|Make It Rain|p1a: Snorlax|[spread] p1a,p1b
|-resisted|p1b: Incineroar|1
|-damage|p1a: Snorlax|31/100
|-damage|p1b: Incineroar|43/100
|-unboost|p2a: Gholdengo|spa|2
|-damage|p2a: Gholdengo|90/100|[from] item: Life Orb
|move|p1b: Incineroar|Flare Blitz|p2a: Gholdengo
|-supereffective|p2a: Gholdengo|1
|-damage|p2a: Gholdengo|21/100
|-damage|p1b: Incineroar|22/100|[from] Recoil
|move|p1a: Snorlax|Yawn|p2b: Maushold
|-start|p2b: Maushold|move: Yawn|[of] p1a: Snorlax
|
|-heal|p1a: Snorlax|37/100|[from] item: Leftovers
|upkeep
|turn|4
|
|t:|1784968534
|move|p2b: Maushold|Follow Me|p2b: Maushold
|-singleturn|p2b: Maushold|move: Follow Me
|move|p2a: Gholdengo|Nasty Plot|p2a: Gholdengo
|-boost|p2a: Gholdengo|spa|2
|move|p1b: Incineroar|Flare Blitz|p2b: Maushold
|-damage|p2b: Maushold|0 fnt
|faint|p2b: Maushold
|-damage|p1b: Incineroar|11/100|[from] Recoil
|move|p1a: Snorlax|Yawn|p2a: Gholdengo
|-immune|p2a: Gholdengo|[from] ability: Good as Gold
|
|-heal|p1a: Snorlax|43/100|[from] item: Leftovers
|upkeep
|
|t:|1784968545
|switch|p2b: Archaludon|Archaludon, L50, M|100/100
|turn|5
|
|t:|1784968563
|move|p1a: Snorlax|Protect|p1a: Snorlax
|-singleturn|p1a: Snorlax|Protect
|move|p2a: Gholdengo|Make It Rain|p1b: Incineroar|[spread] p1b
|-activate|p1a: Snorlax|move: Protect
|-resisted|p1b: Incineroar|1
|-damage|p1b: Incineroar|0 fnt
|-unboost|p2a: Gholdengo|spa|2
|faint|p1b: Incineroar
|-damage|p2a: Gholdengo|12/100|[from] item: Life Orb
|move|p2b: Archaludon|Dragon Pulse|p1a: Snorlax
|-activate|p1a: Snorlax|move: Protect
|
|-heal|p1a: Snorlax|49/100|[from] item: Leftovers
|upkeep
|
|t:|1784968579
|switch|p1b: Gengar|Gengar, L50, M|100/100
|turn|6
|
|t:|1784968583
|switch|p2a: Pelipper|Pelipper, L50, M|100/100
|-weather|RainDance|[from] ability: Drizzle|[of] p2a: Pelipper
|detailschange|p1b: Gengar|Gengar-Mega, L50, M
|-mega|p1b: Gengar|Gengar|Gengarite
|move|p1b: Gengar|Shadow Ball|p2a: Pelipper
|-damage|p2a: Pelipper|50/100g
|-unboost|p2a: Pelipper|spd|1
|move|p2b: Archaludon|Electro Shot||[still]
|-prepare|p2b: Archaludon|Electro Shot
|-boost|p2b: Archaludon|spa|1
|-anim|p2b: Archaludon|Electro Shot|p1b: Gengar
|-damage|p1b: Gengar|38/100
|move|p1a: Snorlax|Yawn|p2b: Archaludon
|-start|p2b: Archaludon|move: Yawn|[of] p1a: Snorlax
|
|-weather|RainDance|[upkeep]
|-heal|p1a: Snorlax|55/100|[from] item: Leftovers
|upkeep
|turn|7
|inactive|ronzthebonz has 30 seconds left.
|inactive|palle synchro has 30 seconds left.
|inactive|ronzthebonz has 20 seconds left.
|inactive|ronzthebonz has 15 seconds left.
|
|t:|1784968624
|move|p1b: Gengar|Shadow Ball|p2a: Pelipper
|-damage|p2a: Pelipper|0 fnt
|faint|p2a: Pelipper
|move|p2b: Archaludon|Electro Shot||[still]
|-prepare|p2b: Archaludon|Electro Shot
|-boost|p2b: Archaludon|spa|1
|-anim|p2b: Archaludon|Electro Shot|p1b: Gengar
|-damage|p1b: Gengar|0 fnt
|faint|p1b: Gengar
|move|p1a: Snorlax|Fissure|p2b: Archaludon|[miss]
|-miss|p1a: Snorlax|p2b: Archaludon
|
|-weather|RainDance|[upkeep]
|-heal|p1a: Snorlax|61/100|[from] item: Leftovers
|-end|p2b: Archaludon|move: Yawn|[silent]
|-status|p2b: Archaludon|slp
|upkeep
|
|t:|1784968635
|switch|p1b: Kingambit|Kingambit, L50, M|100/100
|switch|p2a: Gholdengo|Gholdengo, L50|12/100
|turn|8
|
|t:|1784968643
|move|p2a: Gholdengo|Protect|p2a: Gholdengo
|-singleturn|p2a: Gholdengo|Protect
|cant|p2b: Archaludon|slp
|move|p1b: Kingambit|Kowtow Cleave|p2a: Gholdengo
|-activate|p2a: Gholdengo|move: Protect
|move|p1a: Snorlax|Fissure|p2b: Archaludon|[miss]
|-miss|p1a: Snorlax|p2b: Archaludon
|
|-weather|RainDance|[upkeep]
|-heal|p1a: Snorlax|67/100|[from] item: Leftovers
|upkeep
|turn|9
|
|t:|1784968650
|move|p2a: Gholdengo|Make It Rain|p1b: Kingambit|[spread] p1a,p1b
|-resisted|p1b: Kingambit|1
|-damage|p1a: Snorlax|39/100
|-damage|p1b: Kingambit|73/100
|-unboost|p2a: Gholdengo|spa|2
|-damage|p2a: Gholdengo|2/100|[from] item: Life Orb
|cant|p2b: Archaludon|slp
|move|p1b: Kingambit|Kowtow Cleave|p2a: Gholdengo
|-supereffective|p2a: Gholdengo|1
|-damage|p2a: Gholdengo|0 fnt
|faint|p2a: Gholdengo
|move|p1a: Snorlax|Fissure|p2b: Archaludon
|-damage|p2b: Archaludon|0 fnt
|faint|p2b: Archaludon
|-ohko
|
|win|ronzthebonz
