|j|☆tin19
|j|☆DilluVGC
|html|tin19DilluVGC    
|uhtml|bestof|Game 1 of a best-of-3
|t:|1784052895
|gametype|doubles
|player|p1|tin19|colress|1148
|player|p2|DilluVGC|byron|1175
|gen|9
|tier|[Gen 9 Champions] VGC 2026 Reg M-B (Bo3)
|rated|
|rule|Species Clause: Limit one of each Pokémon
|rule|Item Clause: Limit 1 of each item
|clearpoke
|poke|p1|Archaludon, L50, M, shiny|
|poke|p1|Staraptor, L50, M, shiny|
|poke|p1|Swampert, L50, F, shiny|
|poke|p1|Meowscarada, L50, M, shiny|
|poke|p1|Farigiraf, L50, F, shiny|
|poke|p1|Floette-Eternal, L50, F|
|poke|p2|Delphox, L50, F|
|poke|p2|Sneasler, L50, M|
|poke|p2|Incineroar, L50, F|
|poke|p2|Sinistcha, L50|
|poke|p2|Blastoise, L50, F|
|poke|p2|Kingambit, L50, M, shiny|
|teampreview|4
|showteam|p1|Archaludon||LifeOrb|Stalwart|DracoMeteor,FlashCannon,ElectroShot,Protect|Modest||M|||50|]Staraptor||Staraptite|Intimidate|CloseCombat,DualWingbeat,Tailwind,Protect|Jolly||M|||50|]Swampert||Swampertite|Damp|HighHorsepower,WaveCrash,IcePunch,Protect|Adamant||F|||50|]Meowscarada||ChoiceScarf|Protean|FlowerTrick,KnockOff,TripleAxel,Uturn|Adamant||M|||50|]Farigiraf||SitrusBerry|ArmorTail|PsychicNoise,HelpingHand,Roar,TrickRoom|Bold||F|||50|]Floette-Eternal||FocusSash|FlowerVeil|LightofRuin,Moonblast,PollenPuff,Protect|Serious||F|||50|
|showteam|p2|Delphox||Delphoxite|Blaze|HeatWave,Psyshock,NastyPlot,Protect|Timid||F|||50|]Sneasler||FocusSash|PoisonTouch|QuickGuard,FakeOut,PoisonJab,CloseCombat|Jolly||M|||50|]Incineroar||SitrusBerry|Intimidate|FakeOut,PartingShot,HelpingHand,FlareBlitz|Impish||F|||50|]Sinistcha||OccaBerry|Hospitality|MatchaGotcha,RagePowder,TrickRoom,Protect|Bold|||||50|]Blastoise||Blastoisinite|RainDish|WaterSpout,DarkPulse,ShellSmash,Protect|Modest||F|||50|]Kingambit||BlackGlasses|Defiant|Protect,SwordsDance,KowtowCleave,SuckerPunch|Adamant||M|||50|
|inactive|Battle timer is ON: inactive players will automatically lose when time's up. (requested by tin19)
|inactive|tin19 has 60 seconds left.
|inactive|DilluVGC has 60 seconds left.
|
|t:|1784052950
|teamsize|p1|4
|teamsize|p2|4
|start
|switch|p1a: Meowscarada|Meowscarada, L50, M, shiny|100/100
|switch|p1b: Floette|Floette-Eternal, L50, F|100/100
|switch|p2a: Chris Mannix|Incineroar, L50, F|100/100
|switch|p2b: Domergue|Delphox, L50, F|100/100
|-ability|p2a: Chris Mannix|Intimidate|boost
|-block|p1a: Meowscarada|ability: Flower Veil|[of] p1b: Floette
|-unboost|p1b: Floette|atk|1
|turn|1
|
|t:|1784052967
|switch|p1b: Farigiraf|Farigiraf, L50, F, shiny|100/100
|detailschange|p2b: Domergue|Delphox-Mega, L50, F
|-mega|p2b: Domergue|Delphox|Delphoxite
|move|p2a: Chris Mannix|Fake Out||[still]
|cant|p1b: Farigiraf|ability: Armor Tail|Fake Out|[of] p2a: Chris Mannix
|move|p1a: Meowscarada|Knock Off|p2b: Domergue
|-start|p1a: Meowscarada|typechange|Dark|[from] ability: Protean
|-supereffective|p2b: Domergue|1
|-damage|p2b: Domergue|6/100
|move|p2b: Domergue|Nasty Plot|p2b: Domergue
|-boost|p2b: Domergue|spa|2
|
|upkeep
|turn|2
|inactive|tin19 has 30 seconds left.
|inactive|tin19 has 20 seconds left.
|inactive|tin19 has 15 seconds left.
|
|t:|1784053007
|switch|p1a: Staraptor|Staraptor, L50, M, shiny|100/100
|-ability|p1a: Staraptor|Intimidate|boost
|-unboost|p2a: Chris Mannix|atk|1
|-unboost|p2b: Domergue|atk|1
|move|p2a: Chris Mannix|Helping Hand|p2b: Domergue
|-singleturn|p2b: Domergue|Helping Hand|[of] p2a: Chris Mannix
|move|p2b: Domergue|Heat Wave|p1a: Staraptor|[spread] p1a,p1b
|-damage|p1a: Staraptor|0 fnt
|-damage|p1b: Farigiraf|0 fnt
|faint|p1a: Staraptor
|faint|p1b: Farigiraf
|
|upkeep
|
|t:|1784053022
|switch|p1a: Meowscarada|Meowscarada, L50, M, shiny|100/100
|switch|p1b: Floette|Floette-Eternal, L50, F|100/100
|turn|3
|
|t:|1784053032
|move|p2a: Chris Mannix|Helping Hand|p2b: Domergue
|-singleturn|p2b: Domergue|Helping Hand|[of] p2a: Chris Mannix
|move|p1a: Meowscarada|Flower Trick|p2b: Domergue
|-start|p1a: Meowscarada|typechange|Grass|[from] ability: Protean
|-resisted|p2b: Domergue|1
|-crit|p2b: Domergue
|-damage|p2b: Domergue|0 fnt
|faint|p2b: Domergue
|move|p1b: Floette|Moonblast|p2a: Chris Mannix
|-crit|p2a: Chris Mannix
|-damage|p2a: Chris Mannix|36/100
|-enditem|p2a: Chris Mannix|Sitrus Berry|[eat]
|-heal|p2a: Chris Mannix|60/100|[from] item: Sitrus Berry
|
|upkeep
|
|t:|1784053046
|switch|p2b: Maj. Warren|Sneasler, L50, M|100/100
|turn|4
|
|t:|1784053059
|move|p2b: Maj. Warren|Fake Out|p1a: Meowscarada
|-damage|p1a: Meowscarada|78/100
|cant|p1a: Meowscarada|flinch
|move|p1b: Floette|Moonblast|p2b: Maj. Warren
|-damage|p2b: Maj. Warren|31/100
|move|p2a: Chris Mannix|Flare Blitz|p1a: Meowscarada
|-supereffective|p1a: Meowscarada|1
|-damage|p1a: Meowscarada|0 fnt
|faint|p1a: Meowscarada
|-damage|p2a: Chris Mannix|41/100|[from] Recoil
|
|upkeep
|turn|5
|
|t:|1784053075
|move|p2b: Maj. Warren|Poison Jab|p1b: Floette
|-supereffective|p1b: Floette|1
|-enditem|p1b: Floette|Focus Sash
|-damage|p1b: Floette|1/100
|-status|p1b: Floette|psn
|move|p1b: Floette|Moonblast|p2a: Chris Mannix
|-damage|p2a: Chris Mannix|0 fnt
|faint|p2a: Chris Mannix
|
|-damage|p1b: Floette|0 fnt|[from] psn
|faint|p1b: Floette
|
|win|DilluVGC
|inactive|tin19 has 30 seconds to confirm battle start!
|inactive|DilluVGC has 30 seconds to confirm battle start!
