|j|☆overwill
|j|☆Crimson Jake
|html|overwillCrimson Jake    
|uhtml|bestof|Game 1 of a best-of-3
|t:|1782346577
|gametype|doubles
|player|p1|overwill|266|1000
|player|p2|Crimson Jake|blue|1059
|gen|9
|tier|[Gen 9 Champions] VGC 2026 Reg M-B (Bo3)
|rated|
|rule|Species Clause: Limit one of each Pokémon
|rule|Item Clause: Limit 1 of each item
|clearpoke
|poke|p1|Toucannon, L50, M|
|poke|p1|Barbaracle, L50, M|
|poke|p1|Dragonite, L50, F|
|poke|p1|Sableye, L50, F|
|poke|p1|Hatterene, L50, F|
|poke|p1|Toxapex, L50, M|
|poke|p2|Pelipper, L50, M|
|poke|p2|Charizard, L50, M|
|poke|p2|Greninja, L50, M, shiny|
|poke|p2|Archaludon, L50, F|
|poke|p2|Grimmsnarl, L50, M|
|poke|p2|Sneasler, L50, F|
|teampreview|4
|showteam|p1|Toucannon||KingsRock|SkillLink|RockBlast,BulletSeed,Protect,BeakBlast|Adamant||M|||50|]Barbaracle||ExpertBelt|ToughClaws|Protect,RockSlide,Waterfall,CloseCombat|Adamant||M|||50|]Dragonite||SitrusBerry|Multiscale|AirSlash,Protect,RockSlide,IronHead|Quiet||F|||50|]Sableye||Sablenite|Prankster|ZenHeadbutt,KnockOff,ShadowSneak,Protect|Brave||F|||50|]Hatterene||BabiriBerry|MagicBounce|TrickRoom,DarkPulse,DrainingKiss,Protect|Quiet||F|||50|]Toxapex||Leftovers|Regenerator|BanefulBunker,Toxic,MuddyWater,Venoshock|Brave||M|||50|
|showteam|p2|Pelipper||FocusSash|Drizzle|Hurricane,Tailwind,WeatherBall,Protect|Bold||M|||50|]Charizard||CharizarditeY|SolarPower|AirSlash,HeatWave,SolarBeam,Protect|Timid||M|||50|]Greninja||Greninjite|Protean|WeatherBall,SludgeWave,DarkPulse,IceBeam|Timid||M|||50|]Archaludon||ExpertBelt|Stamina|ElectroShot,FlashCannon,Protect,DragonPulse|Timid||F|||50|]Grimmsnarl||LightClay|Prankster|Reflect,LightScreen,PartingShot,SpiritBreak|Careful||M|||50|]Sneasler||WhiteHerb|Unburden|FakeOut,BrickBreak,DireClaw,Protect|Adamant||F|||50|
|inactive|Battle timer is ON: inactive players will automatically lose when time's up. (requested by Crimson Jake)
|inactive|overwill has 60 seconds left.
|
|t:|1782346618
|teamsize|p1|4
|teamsize|p2|4
|start
|switch|p1a: Hatterene|Hatterene, L50, F|100/100
|switch|p1b: Barbaracle|Barbaracle, L50, M|100/100
|switch|p2a: Don|Archaludon, L50, F|100/100
|switch|p2b: Kronos|Grimmsnarl, L50, M|100/100
|turn|1
|inactive|overwill has 30 seconds left.
|inactive|Crimson Jake has 30 seconds left.
|
|t:|1782346649
|move|p1b: Barbaracle|Protect|p1b: Barbaracle
|-singleturn|p1b: Barbaracle|Protect
|move|p2b: Kronos|Light Screen|p2b: Kronos
|-sidestart|p2: Crimson Jake|move: Light Screen
|move|p2a: Don|Flash Cannon|p1a: Hatterene
|-supereffective|p1a: Hatterene|1
|-enditem|p1a: Hatterene|Babiri Berry|[eat]
|-enditem|p1a: Hatterene|Babiri Berry|[weaken]
|-damage|p1a: Hatterene|44/100
|move|p1a: Hatterene|Trick Room|p1a: Hatterene
|-fieldstart|move: Trick Room|[of] p1a: Hatterene
|
|upkeep
|turn|2
|inactive|overwill has 30 seconds left.
|inactive|Crimson Jake has 30 seconds left.
|inactive|Crimson Jake has 20 seconds left.
|inactive|Crimson Jake has 15 seconds left.
|
|t:|1782346702
|move|p2a: Don|Protect|p2a: Don
|-singleturn|p2a: Don|Protect
|move|p2b: Kronos|Parting Shot|p1b: Barbaracle
|-unboost|p1b: Barbaracle|atk|1
|-unboost|p1b: Barbaracle|spa|1
|
|t:|1782346712
|switch|p2b: Smee|Pelipper, L50, M|100/100|[from] Parting Shot
|-weather|RainDance|[from] ability: Drizzle|[of] p2b: Smee
|move|p1a: Hatterene|Draining Kiss|p2b: Smee
|-damage|p2b: Smee|70/100
|-heal|p1a: Hatterene|67/100|[from] drain|[of] p2b: Smee
|move|p1b: Barbaracle|Close Combat|p2a: Don
|-activate|p2a: Don|move: Protect
|
|-weather|RainDance|[upkeep]
|upkeep
|turn|3
|inactive|overwill has 30 seconds left.
|inactive|Crimson Jake has 30 seconds left.
|inactive|Crimson Jake has 20 seconds left.
|inactive|Crimson Jake has 15 seconds left.
|
|t:|1782346762
|move|p1a: Hatterene|Dark Pulse|p2b: Smee
|-damage|p2b: Smee|39/100
|move|p2b: Smee|Hurricane|p1a: Hatterene
|-damage|p1a: Hatterene|25/100
|move|p1b: Barbaracle|Close Combat|p2a: Don
|-supereffective|p2a: Don|1
|-damage|p2a: Don|45/100
|-unboost|p1b: Barbaracle|def|1
|-unboost|p1b: Barbaracle|spd|1
|-ability|p2a: Don|Stamina|boost
|-boost|p2a: Don|def|1
|move|p2a: Don|Electro Shot||[still]
|-prepare|p2a: Don|Electro Shot
|-boost|p2a: Don|spa|1
|-anim|p2a: Don|Electro Shot|p1b: Barbaracle
|-supereffective|p1b: Barbaracle|1
|-damage|p1b: Barbaracle|0 fnt
|faint|p1b: Barbaracle
|
|-weather|RainDance|[upkeep]
|upkeep
|inactive|overwill has 30 seconds left.
|inactive|overwill has 20 seconds left.
|
|t:|1782346798
|switch|p1b: Toucannon|Toucannon, L50, M|100/100
|turn|4
|inactive|overwill has 30 seconds left.
|inactive|Crimson Jake has 30 seconds left.
|
|t:|1782346828
|move|p2b: Smee|Protect|p2b: Smee
|-singleturn|p2b: Smee|Protect
|move|p2a: Don|Protect|p2a: Don
|-singleturn|p2a: Don|Protect
|move|p1a: Hatterene|Dark Pulse|p2a: Don
|-activate|p2a: Don|move: Protect
|move|p1b: Toucannon|Rock Blast|p2b: Smee
|-activate|p2b: Smee|move: Protect
|
|-weather|RainDance|[upkeep]
|upkeep
|turn|5
|
|t:|1782346850
|switch|p2b: Proteus|Greninja, L50, M, shiny|100/100
|move|p1a: Hatterene|Dark Pulse|p2a: Don
|-damage|p2a: Don|14/100
|-ability|p2a: Don|Stamina|boost
|-boost|p2a: Don|def|1
|move|p1b: Toucannon|Rock Blast|p2b: Proteus
|-damage|p2b: Proteus|86/100
|-damage|p2b: Proteus|71/100
|-damage|p2b: Proteus|57/100
|-damage|p2b: Proteus|43/100
|-damage|p2b: Proteus|29/100
|-hitcount|p2b: Proteus|5
|cant|p2a: Don|flinch
|
|-weather|RainDance|[upkeep]
|-fieldend|move: Trick Room
|upkeep
|turn|6
|inactive|overwill has 30 seconds left.
|inactive|Crimson Jake has 30 seconds left.
|inactive|Crimson Jake has 20 seconds left.
|
|t:|1782346889
|detailschange|p2b: Proteus|Greninja-Mega, L50, M, shiny
|-mega|p2b: Proteus|Greninja|Greninjite
|move|p1a: Hatterene|Protect|p1a: Hatterene
|-singleturn|p1a: Hatterene|Protect
|move|p2b: Proteus|Ice Beam|p1b: Toucannon
|-start|p2b: Proteus|typechange|Ice|[from] ability: Protean
|-supereffective|p1b: Toucannon|1
|-damage|p1b: Toucannon|0 fnt
|faint|p1b: Toucannon
|move|p2a: Don|Flash Cannon|p1a: Hatterene
|-activate|p1a: Hatterene|move: Protect
|
|-weather|none
|upkeep
|
|t:|1782346905
|switch|p1b: Sableye|Sableye, L50, F|100/100
|turn|7
|inactive|overwill has 30 seconds left.
|
|t:|1782346932
|switch|p2b: Smee|Pelipper, L50, M|39/100
|-weather|RainDance|[from] ability: Drizzle|[of] p2b: Smee
|detailschange|p1b: Sableye|Sableye-Mega, L50, F
|-mega|p1b: Sableye|Sableye|Sablenite
|move|p2a: Don|Protect|p2a: Don
|-singleturn|p2a: Don|Protect
|move|p1a: Hatterene|Dark Pulse|p2a: Don
|-activate|p2a: Don|move: Protect
|move|p1b: Sableye|Knock Off|p2b: Smee
|-damage|p2b: Smee|11/100
|-enditem|p2b: Smee|Focus Sash|[from] move: Knock Off|[of] p1b: Sableye
|
|-weather|RainDance|[upkeep]
|upkeep
|turn|8
|
|t:|1782346951
|move|p2b: Smee|Protect|p2b: Smee
|-singleturn|p2b: Smee|Protect
|move|p1b: Sableye|Shadow Sneak|p2a: Don
|-damage|p2a: Don|8/100
|-ability|p2a: Don|Stamina|boost
|-boost|p2a: Don|def|1
|move|p2a: Don|Flash Cannon|p1a: Hatterene
|-supereffective|p1a: Hatterene|1
|-damage|p1a: Hatterene|0 fnt
|faint|p1a: Hatterene
|
|-weather|RainDance|[upkeep]
|-sideend|p2: Crimson Jake|move: Light Screen
|upkeep
|turn|9
|
|t:|1782346966
|move|p2a: Don|Electro Shot||[still]
|-prepare|p2a: Don|Electro Shot
|-boost|p2a: Don|spa|1
|-anim|p2a: Don|Electro Shot|p1b: Sableye
|-damage|p1b: Sableye|19/100
|move|p2b: Smee|Hurricane|p1b: Sableye
|-damage|p1b: Sableye|0 fnt
|faint|p1b: Sableye
|
|win|Crimson Jake
||Crimson Jake is ready for game 2.
|l|☆overwill
|player|p1|
