|j|☆Seal00
|j|☆zevenit
|html|Seal00zevenit    
|uhtml|bestof|Game 1 of a best-of-3
|t:|1757655702
|gametype|doubles
|player|p1|Seal00|swimmer-gen4dp|1107
|player|p2|zevenit|170|1127
|gen|9
|tier|[Gen 9] VGC 2025 Reg H (Bo3)
|rated|
|rule|Species Clause: Limit one of each Pokémon
|rule|Item Clause: Limit 1 of each item
|clearpoke
|poke|p1|Toedscruel, L50, F|
|poke|p1|Incineroar, L50, M|
|poke|p1|Dragapult, L50, F|
|poke|p1|Palafin, L50, M|
|poke|p1|Kilowattrel, L50, F|
|poke|p1|Weezing-Galar, L50, F|
|poke|p2|Electabuzz, L50, F|
|poke|p2|Kingambit, L50, M|
|poke|p2|Volcarona, L50, M|
|poke|p2|Dragonite, L50, F|
|poke|p2|Sneasler, L50, F|
|poke|p2|Rillaboom, L50, M|
|teampreview|4
|showteam|p1|Toedscruel||LifeOrb|MyceliumMight|EnergyBall,EarthPower,Spore,Protect|||F|||50|,,,,,Fire]Incineroar||AbilityShield|Intimidate|FakeOut,KnockOff,FlareBlitz,PartingShot|||M|||50|,,,,,Ghost]Dragapult||ChoiceBand|ClearBody|DragonDarts,PhantomForce,Outrage,Uturn|||F|||50|,,,,,Dragon]Palafin||MysticWater|ZerotoHero|JetPunch,WaveCrash,Haze,Protect|||M|||50|,,,,,Water]Kilowattrel||FocusSash|Competitive|VoltSwitch,AirSlash,Thunderbolt,Tailwind|||F|||50|,,,,,Ghost]Weezing-Galar||SitrusBerry|NeutralizingGas|DazzlingGleam,Taunt,WillOWisp,Protect|||F|||50|,,,,,Dark
|showteam|p2|Electabuzz||Eviolite|VitalSpirit|FollowMe,Thunderbolt,Taunt,Protect|||F|||50|,,,,,Ghost]Kingambit||BlackGlasses|Defiant|KowtowCleave,SuckerPunch,SwordsDance,Protect|||M|||50|,,,,,Dark]Volcarona||Leftovers|FlameBody|HeatWave,TeraBlast,QuiverDance,Protect|||M|||50|,,,,,Fairy]Dragonite||LoadedDice|Multiscale|ScaleShot,ExtremeSpeed,Haze,Protect|||F|||50|,,,,,Fairy]Sneasler||FocusSash|Unburden|DireClaw,CloseCombat,Coaching,FakeOut|||F|||50|,,,,,Stellar]Rillaboom||AssaultVest|GrassySurge|FakeOut,WoodHammer,GrassyGlide,HighHorsepower|||M|||50|,,,,,Fire
|
|t:|1757655740
|teamsize|p1|4
|teamsize|p2|4
|start
|switch|p1a: Weezing|Weezing-Galar, L50, F|100/100
|switch|p1b: Palafin|Palafin, L50, M|100/100
|switch|p2a: Electabuzz|Electabuzz, L50, F|100/100
|switch|p2b: Volcarona|Volcarona, L50, M|100/100
|-ability|p1a: Weezing|Neutralizing Gas
|turn|1
|
|t:|1757655755
|detailschange|p1b: Palafin|Palafin-Hero, L50, M
|switch|p1b: Dragapult|Dragapult, L50, F|100/100
|move|p2a: Electabuzz|Follow Me|p2a: Electabuzz
|-singleturn|p2a: Electabuzz|move: Follow Me
|move|p2b: Volcarona|Quiver Dance|p2b: Volcarona
|-boost|p2b: Volcarona|spa|1
|-boost|p2b: Volcarona|spd|1
|-boost|p2b: Volcarona|spe|1
|move|p1a: Weezing|Taunt|p2a: Electabuzz
|-start|p2a: Electabuzz|move: Taunt
|
|upkeep
|turn|2
|
|t:|1757655779
|switch|p2a: Rillaboom|Rillaboom, L50, M|100/100
|-terastallize|p2b: Volcarona|Fairy
|move|p2b: Volcarona|Quiver Dance|p2b: Volcarona
|-boost|p2b: Volcarona|spa|1
|-boost|p2b: Volcarona|spd|1
|-boost|p2b: Volcarona|spe|1
|move|p1b: Dragapult|Dragon Darts|p2a: Rillaboom
|-damage|p2a: Rillaboom|66/100
|-anim|p1b: Dragapult|Dragon Darts|p2a: Rillaboom
|-damage|p2a: Rillaboom|26/100
|move|p1a: Weezing|Taunt|p2b: Volcarona
|-start|p2b: Volcarona|move: Taunt
|
|upkeep
|turn|3
|
|t:|1757655800
|move|p2a: Rillaboom|Fake Out|p1a: Weezing
|-damage|p1a: Weezing|90/100
|move|p2b: Volcarona|Tera Blast|p1b: Dragapult|[anim] Tera Blast Fairy
|-supereffective|p1b: Dragapult
|-crit|p1b: Dragapult
|-damage|p1b: Dragapult|0 fnt
|faint|p1b: Dragapult
|cant|p1a: Weezing|flinch
|
|upkeep
|
|t:|1757655819
|switch|p1b: Palafin|Palafin-Hero, L50, M|100/100
|-activate|p1b: Palafin|ability: Zero to Hero
|turn|4
|
|t:|1757655831
|-terastallize|p1b: Palafin|Water
|move|p1b: Palafin|Jet Punch|p2b: Volcarona
|-crit|p2b: Volcarona
|-damage|p2b: Volcarona|9/100
|move|p2b: Volcarona|Heat Wave|p1a: Weezing|[spread] p1a,p1b
|-resisted|p1b: Palafin
|-damage|p1a: Weezing|3/100
|-damage|p1b: Palafin|63/100
|-enditem|p1a: Weezing|Sitrus Berry|[eat]
|-heal|p1a: Weezing|28/100|[from] item: Sitrus Berry
|move|p2a: Rillaboom|Wood Hammer|p1b: Palafin
|-supereffective|p1b: Palafin
|-damage|p1b: Palafin|0 fnt
|faint|p1b: Palafin
|-damage|p2a: Rillaboom|7/100|[from] Recoil
|move|p1a: Weezing|Will-O-Wisp|p2a: Rillaboom
|-status|p2a: Rillaboom|brn
|
|-heal|p2b: Volcarona|15/100|[from] item: Leftovers
|-damage|p2a: Rillaboom|1/100 brn|[from] brn
|upkeep
|
|t:|1757655846
|switch|p1b: Incineroar|Incineroar, L50, M|100/100
|-ability|p1b: Incineroar|Intimidate|boost
|-unboost|p2a: Rillaboom|atk|1
|-unboost|p2b: Volcarona|atk|1
|turn|5
|
|t:|1757655854
|move|p1b: Incineroar|Fake Out|p2b: Volcarona
|-damage|p2b: Volcarona|3/100
|cant|p2b: Volcarona|flinch
|move|p2a: Rillaboom|High Horsepower|p1b: Incineroar
|-supereffective|p1b: Incineroar
|-damage|p1b: Incineroar|78/100
|move|p1a: Weezing|Dazzling Gleam|p2a: Rillaboom|[spread] p2a,p2b
|-damage|p2a: Rillaboom|0 fnt
|-damage|p2b: Volcarona|0 fnt
|faint|p2a: Rillaboom
|faint|p2b: Volcarona
|
|upkeep
|
|t:|1757655872
|switch|p2b: Dragonite|Dragonite, L50, F|100/100
|switch|p2a: Electabuzz|Electabuzz, L50, F|100/100
|turn|6
|-message|Seal00 forfeited.
|
|win|zevenit
|l|☆Seal00
|player|p1|
|raw|Seal00's rating: 1107 → 1083(-24 for losing)
|raw|zevenit's rating: 1127 → 1151(+24 for winning)
|l|☆zevenit
|player|p2|
|j|☆zevenit
|player|p2|zevenit|170|
|l|☆zevenit
|player|p2|
