|j|☆GRNSBRN
|j|☆Thoorus
|html|GRNSBRNThoorus    
|uhtml|bestof|Game 1 of a best-of-3
|t:|1757919648
|gametype|doubles
|player|p1|GRNSBRN|265|1079
|player|p2|Thoorus|cyrus|1208
|gen|9
|tier|[Gen 9] VGC 2025 Reg H (Bo3)
|rated|
|rule|Species Clause: Limit one of each Pokémon
|rule|Item Clause: Limit 1 of each item
|clearpoke
|poke|p1|Reuniclus, L50, F|
|poke|p1|Tyranitar, L50, M|
|poke|p1|Indeedee-F, L50, F|
|poke|p1|Sneasler, L50, M|
|poke|p1|Houndstone, L50, M|
|poke|p1|Basculegion, L50, M|
|poke|p2|Incineroar, L50, M|
|poke|p2|Ninetales-Alola, L50, M|
|poke|p2|Dragonite, L50, F|
|poke|p2|Kingambit, L50, F|
|poke|p2|Sinistcha, L50|
|poke|p2|Ursaluna-Bloodmoon, L50, M|
|teampreview|4
|showteam|p1|Reuniclus||SitrusBerry|Overcoat|ExpandingForce,TrickRoom,TeraBlast,Recover|||F|||50|,,,,,Water]Tyranitar||AssaultVest|SandStream|KnockOff,RockSlide,TeraBlast,LowKick|||M|||50|,,,,,Flying]Indeedee-F||RockyHelmet|PsychicSurge|TrickRoom,FollowMe,HealPulse,DazzlingGleam|||F|||50|,,,,,Fairy]Sneasler||PsychicSeed|Unburden|RockSlide,Protect,CloseCombat,DireClaw|||M|||50|,,,,,Rock]Houndstone||Leftovers|SandRush|Protect,Yawn,Snarl,LastRespects|||M|||50|,,,,,Fairy]Basculegion||ChoiceScarf|Adaptability|FlipTurn,PhantomForce,WaveCrash,LastRespects|||M|||50|,,,,,Water
|showteam|p2|Incineroar||SafetyGoggles|Intimidate|KnockOff,FlareBlitz,FakeOut,PartingShot|||M|||50|,,,,,Ghost]Ninetales-Alola||FocusSash|SnowWarning|Protect,AuroraVeil,FreezeDry,Blizzard|||M|||50|,,,,,Ice]Dragonite||LoadedDice|Multiscale|Tailwind,HelpingHand,ScaleShot,Haze|||F|||50|,,,,,Steel]Kingambit||BlackGlasses|Defiant|SuckerPunch,KowtowCleave,SwordsDance,Protect|||F|||50|,,,,,Dark]Sinistcha||SitrusBerry|Hospitality|MatchaGotcha,TrickRoom,RagePowder,LifeDew||||||50|,,,,,Water]Ursaluna-Bloodmoon||LifeOrb|MindsEye|BloodMoon,EarthPower,HyperVoice,Protect|||M|||50|,,,,,Normal
|inactive|Battle timer is ON: inactive players will automatically lose when time's up. (requested by Thoorus)
|
|t:|1757919684
|teamsize|p1|4
|teamsize|p2|4
|start
|switch|p1a: Basculegion|Basculegion, L50, M, shiny|100/100
|switch|p1b: Indeedee|Indeedee-F, L50, F, shiny|100/100
|switch|p2a: Dragonite|Dragonite, L50, F|100/100
|switch|p2b: Ursaluna|Ursaluna-Bloodmoon, L50, M|100/100
|-fieldstart|move: Psychic Terrain|[from] ability: Psychic Surge|[of] p1b: Indeedee
|turn|1
|
|t:|1757919705
|-terastallize|p1b: Indeedee|Fairy
|move|p2b: Ursaluna|Protect|p2b: Ursaluna
|-singleturn|p2b: Ursaluna|Protect
|move|p1a: Basculegion|Flip Turn|p2b: Ursaluna
|-activate|p2b: Ursaluna|move: Protect
|move|p2a: Dragonite|Tailwind|p2a: Dragonite
|-sidestart|p2: Thoorus|move: Tailwind
|move|p1b: Indeedee|Trick Room|p1b: Indeedee
|-fieldstart|move: Trick Room|[of] p1b: Indeedee
|
|upkeep
|turn|2
|
|t:|1757919723
|switch|p2b: Kingambit|Kingambit, L50, F|100/100
|move|p1b: Indeedee|Dazzling Gleam|p2b: Kingambit|[spread] p2a,p2b
|-supereffective|p2a: Dragonite
|-damage|p2a: Dragonite|78/100
|-damage|p2b: Kingambit|80/100
|move|p1a: Basculegion|Flip Turn|p2b: Kingambit
|-damage|p2b: Kingambit|51/100
|
|t:|1757919732
|switch|p1a: Tyranitar|Tyranitar, L50, M|100/100|[from] Flip Turn
|-weather|Sandstorm|[from] ability: Sand Stream|[of] p1a: Tyranitar
|move|p2a: Dragonite|Scale Shot|p1a: Tyranitar
|-damage|p1a: Tyranitar|88/100
|-damage|p1a: Tyranitar|77/100
|-damage|p1a: Tyranitar|65/100
|-damage|p1a: Tyranitar|52/100
|-hitcount|p1a: Tyranitar|4
|-unboost|p2a: Dragonite|def|1
|-boost|p2a: Dragonite|spe|1
|
|-weather|Sandstorm|[upkeep]
|-damage|p1b: Indeedee|94/100|[from] Sandstorm
|-damage|p2a: Dragonite|72/100|[from] Sandstorm
|upkeep
|turn|3
|inactive|Thoorus has 30 seconds left.
|
|t:|1757919760
|switch|p2a: Incineroar|Incineroar, L50, M|100/100
|-ability|p2a: Incineroar|Intimidate|boost
|-unboost|p1a: Tyranitar|atk|1
|-unboost|p1b: Indeedee|atk|1
|move|p2b: Kingambit|Protect|p2b: Kingambit
|-singleturn|p2b: Kingambit|Protect
|move|p1a: Tyranitar|Low Kick|p2b: Kingambit
|-activate|p2b: Kingambit|move: Protect
|move|p1b: Indeedee|Dazzling Gleam|p2b: Kingambit|[spread] p2a
|-activate|p2b: Kingambit|move: Protect
|-damage|p2a: Incineroar|84/100
|
|-weather|Sandstorm|[upkeep]
|-damage|p1b: Indeedee|88/100|[from] Sandstorm
|upkeep
|turn|4
|inactive|Thoorus has 30 seconds left.
|
|t:|1757919787
|switch|p2b: Ursaluna|Ursaluna-Bloodmoon, L50, M|100/100
|move|p1b: Indeedee|Follow Me|p1b: Indeedee
|-singleturn|p1b: Indeedee|move: Follow Me
|move|p1a: Tyranitar|Low Kick|p2b: Ursaluna
|-supereffective|p2b: Ursaluna
|-damage|p2b: Ursaluna|48/100
|move|p2a: Incineroar|Flare Blitz|p1b: Indeedee
|-damage|p1b: Indeedee|25/100
|-damage|p2a: Incineroar|67/100|[from] item: Rocky Helmet|[of] p1b: Indeedee
|-damage|p2a: Incineroar|49/100|[from] Recoil
|
|-weather|Sandstorm|[upkeep]
|-damage|p1b: Indeedee|19/100|[from] Sandstorm
|-sideend|p2: Thoorus|move: Tailwind
|upkeep
|turn|5
|inactive|GRNSBRN has 30 seconds left.
|
|t:|1757919814
|move|p2b: Ursaluna|Protect|p2b: Ursaluna
|-singleturn|p2b: Ursaluna|Protect
|move|p1b: Indeedee|Follow Me|p1b: Indeedee
|-singleturn|p1b: Indeedee|move: Follow Me
|move|p1a: Tyranitar|Low Kick|p2b: Ursaluna
|-activate|p2b: Ursaluna|move: Protect
|move|p2a: Incineroar|Knock Off|p1b: Indeedee
|-resisted|p1b: Indeedee
|-damage|p1b: Indeedee|0 fnt
|-damage|p2a: Incineroar|33/100|[from] item: Rocky Helmet|[of] p1b: Indeedee
|-enditem|p1b: Indeedee|Rocky Helmet|[from] move: Knock Off|[of] p2a: Incineroar
|faint|p1b: Indeedee
|
|-weather|Sandstorm|[upkeep]
|-fieldend|move: Trick Room
|-fieldend|move: Psychic Terrain
|upkeep
|
|t:|1757919828
|switch|p1b: Basculegion|Basculegion, L50, M, shiny|100/100
|turn|6
|inactive|Thoorus has 30 seconds left.
|
|t:|1757919854
|switch|p2b: Kingambit|Kingambit, L50, F|51/100
|switch|p2a: Dragonite|Dragonite, L50, F|72/100
|move|p1b: Basculegion|Flip Turn|p2a: Dragonite
|-resisted|p2a: Dragonite
|-damage|p2a: Dragonite|50/100
|
|t:|1757919862
|switch|p1b: Sneasler|Sneasler, L50, M|100/100|[from] Flip Turn
|move|p1a: Tyranitar|Low Kick|p2b: Kingambit
|-supereffective|p2b: Kingambit
|-damage|p2b: Kingambit|0 fnt
|faint|p2b: Kingambit
|
|-weather|none
|upkeep
|
|t:|1757919869
|switch|p2b: Incineroar|Incineroar, L50, M|33/100
|-ability|p2b: Incineroar|Intimidate|boost
|-unboost|p1a: Tyranitar|atk|1
|-unboost|p1b: Sneasler|atk|1
|turn|7
|
|t:|1757919888
|move|p2b: Incineroar|Fake Out|p1b: Sneasler
|-damage|p1b: Sneasler|74/100
|cant|p1b: Sneasler|flinch
|move|p2a: Dragonite|Tailwind|p2a: Dragonite
|-sidestart|p2: Thoorus|move: Tailwind
|move|p1a: Tyranitar|Rock Slide|p2a: Dragonite|[spread] p2a,p2b
|-supereffective|p2a: Dragonite
|-supereffective|p2b: Incineroar
|-damage|p2a: Dragonite|13/100
|-damage|p2b: Incineroar|5/100
|
|upkeep
|turn|8
|inactive|Thoorus has 30 seconds left.
|
|t:|1757919913
|move|p1b: Sneasler|Protect|p1b: Sneasler
|-singleturn|p1b: Sneasler|Protect
|move|p2a: Dragonite|Scale Shot|p1b: Sneasler
|-activate|p1b: Sneasler|move: Protect
|move|p2b: Incineroar|Knock Off|p1a: Tyranitar
|-resisted|p1a: Tyranitar
|-damage|p1a: Tyranitar|32/100
|-enditem|p1a: Tyranitar|Assault Vest|[from] move: Knock Off|[of] p2b: Incineroar
|move|p1a: Tyranitar|Rock Slide|p2b: Incineroar|[spread] p2a,p2b
|-supereffective|p2a: Dragonite
|-supereffective|p2b: Incineroar
|-damage|p2a: Dragonite|0 fnt
|-damage|p2b: Incineroar|0 fnt
|faint|p2a: Dragonite
|faint|p2b: Incineroar
|
|upkeep
|
|t:|1757919928
|switch|p2b: Ursaluna|Ursaluna-Bloodmoon, L50, M|48/100
|turn|9
|
|t:|1757919939
|-terastallize|p2b: Ursaluna|Normal
|move|p2b: Ursaluna|Hyper Voice|p1a: Tyranitar|[spread] p1a,p1b
|-resisted|p1a: Tyranitar
|-damage|p1a: Tyranitar|3/100
|-damage|p1b: Sneasler|0 fnt
|faint|p1b: Sneasler
|-damage|p2b: Ursaluna|38/100|[from] item: Life Orb
|move|p1a: Tyranitar|Low Kick|p2b: Ursaluna
|-supereffective|p2b: Ursaluna
|-damage|p2b: Ursaluna|0 fnt
|faint|p2b: Ursaluna
|
|win|GRNSBRN
||Thoorus is ready for game 2.
|inactive|GRNSBRN has 30 seconds to confirm battle start!
|l|☆GRNSBRN
|player|p1|
||GRNSBRN is ready for game 2.
|uhtml|next|Next: Game 2 of 3
