|j|☆sladewilson75
|j|☆xiaoshuairui
|html|sladewilson75xiaoshuairui    
|uhtml|bestof|Game 1 of a best-of-3
|t:|1783489156
|gametype|doubles
|player|p1|sladewilson75|skier|1000
|player|p2|xiaoshuairui|2|1042
|gen|9
|tier|[Gen 9 Champions] VGC 2026 Reg M-B (Bo3)
|rated|
|rule|Species Clause: Limit one of each Pokémon
|rule|Item Clause: Limit 1 of each item
|clearpoke
|poke|p1|Swampert, L50, M|
|poke|p1|Sableye, L50, F|
|poke|p1|Annihilape, L50, F|
|poke|p1|Archaludon, L50, M|
|poke|p1|Meganium, L50, F|
|poke|p1|Politoed, L50, F|
|poke|p2|Basculegion, L50, M|
|poke|p2|Charizard, L50, M, shiny|
|poke|p2|Sinistcha-Masterpiece, L50|
|poke|p2|Incineroar, L50, F, shiny|
|poke|p2|Whimsicott, L50, F|
|poke|p2|Archaludon, L50, F|
|teampreview|4
|showteam|p1|Swampert||Swampertite|Damp|Earthquake,WaveCrash,Protect,IcePunch|Adamant||M|||50|]Sableye||LightClay|Prankster|FakeOut,LightScreen,Reflect,RainDance|Relaxed||F|||50|]Annihilape||SitrusBerry|Defiant|RageFist,DrainPunch,BulkUp,Protect|Jolly||F|||50|]Archaludon||Leftovers|Stamina|ElectroShot,FlashCannon,DragonPulse,Protect|Modest||M|||50|]Meganium||Meganiumite|LeafGuard|SolarBeam,WeatherBall,DazzlingGleam,Protect|Modest||F|||50|]Politoed||ChoiceScarf|Drizzle|MuddyWater,WeatherBall,Psychic,IcyWind|Timid||F|||50|
|showteam|p2|Basculegion||ChoiceScarf|Adaptability|AquaJet,LastRespects,FlipTurn,WaveCrash|Jolly||M|||50|]Charizard||CharizarditeY|Blaze|AirSlash,SolarBeam,HeatWave,Protect|Timid||M|||50|]Sinistcha-Masterpiece||Leftovers|Hospitality|TrickRoom,StunSpore,LifeDew,MatchaGotcha|Calm|||||50|]Incineroar||ChopleBerry|Intimidate|FakeOut,WillOWisp,FlareBlitz,PartingShot|Adamant||F|||50|]Whimsicott||FocusSash|Prankster|DazzlingGleam,Encore,Endeavor,Tailwind|Timid||F|||50|]Archaludon||WhiteHerb|Stamina|DracoMeteor,Thunderbolt,FlashCannon,Protect|Modest||F|||50|
|inactive|Battle timer is ON: inactive players will automatically lose when time's up. (requested by sladewilson75)
|inactive|sladewilson75 has 60 seconds left.
|inactive|xiaoshuairui has 60 seconds left.
|
|t:|1783489202
|teamsize|p1|4
|teamsize|p2|4
|start
|switch|p1a: Sableye|Sableye, L50, F|100/100
|switch|p1b: Archaludon|Archaludon, L50, M|100/100
|switch|p2a: Whimsicott|Whimsicott, L50, F|100/100
|switch|p2b: Incineroar|Incineroar, L50, F, shiny|100/100
|-ability|p2b: Incineroar|Intimidate|boost
|-unboost|p1a: Sableye|atk|1
|-unboost|p1b: Archaludon|atk|1
|turn|1
|inactive|sladewilson75 has 30 seconds left.
|inactive|xiaoshuairui has 30 seconds left.
|
|t:|1783489234
|move|p2b: Incineroar|Fake Out|p1b: Archaludon
|-resisted|p1b: Archaludon|1
|-damage|p1b: Archaludon|94/100
|-ability|p1b: Archaludon|Stamina|boost
|-boost|p1b: Archaludon|def|1
|move|p1a: Sableye|Fake Out|p2a: Whimsicott
|-damage|p2a: Whimsicott|93/100
|cant|p2a: Whimsicott|flinch
|cant|p1b: Archaludon|flinch
|
|-heal|p1b: Archaludon|100/100|[from] item: Leftovers
|upkeep
|turn|2
|inactive|sladewilson75 has 30 seconds left.
|
|t:|1783489263
|switch|p2b: Charizard|Charizard, L50, M, shiny|100/100
|move|p2a: Whimsicott|Tailwind|p2a: Whimsicott
|-sidestart|p2: xiaoshuairui|move: Tailwind
|move|p1a: Sableye|Reflect|p1a: Sableye
|-sidestart|p1: sladewilson75|Reflect
|move|p1b: Archaludon|Flash Cannon|p2a: Whimsicott
|-supereffective|p2a: Whimsicott|1
|-damage|p2a: Whimsicott|0 fnt
|faint|p2a: Whimsicott
|
|upkeep
|
|t:|1783489277
|switch|p2a: Incineroar|Incineroar, L50, F, shiny|100/100
|-ability|p2a: Incineroar|Intimidate|boost
|-unboost|p1a: Sableye|atk|1
|-unboost|p1b: Archaludon|atk|1
|turn|3
|
|t:|1783489291
|detailschange|p2b: Charizard|Charizard-Mega-Y, L50, M, shiny
|-mega|p2b: Charizard|Charizard|Charizardite Y
|-weather|SunnyDay|[from] ability: Drought|[of] p2b: Charizard
|move|p1b: Archaludon|Protect|p1b: Archaludon
|-singleturn|p1b: Archaludon|Protect
|move|p1a: Sableye|Light Screen|p1a: Sableye
|-sidestart|p1: sladewilson75|move: Light Screen
|move|p2b: Charizard|Heat Wave|p1b: Archaludon|[spread] p1a
|-activate|p1b: Archaludon|move: Protect
|-damage|p1a: Sableye|35/100
|move|p2a: Incineroar|Will-O-Wisp|p1b: Archaludon
|-activate|p1b: Archaludon|move: Protect
|
|-weather|SunnyDay|[upkeep]
|upkeep
|turn|4
|
|t:|1783489308
|move|p1a: Sableye|Rain Dance|p1a: Sableye
|-weather|RainDance
|move|p2b: Charizard|Heat Wave|p1a: Sableye|[spread] p1a,p1b
|-damage|p1a: Sableye|15/100
|-damage|p1b: Archaludon|82/100
|-ability|p1b: Archaludon|Stamina|boost
|-boost|p1b: Archaludon|def|1
|move|p2a: Incineroar|Flare Blitz|p1a: Sableye
|-damage|p1a: Sableye|0 fnt
|faint|p1a: Sableye
|-damage|p2a: Incineroar|95/100|[from] Recoil
|move|p1b: Archaludon|Electro Shot||[still]
|-prepare|p1b: Archaludon|Electro Shot
|-boost|p1b: Archaludon|spa|1
|-anim|p1b: Archaludon|Electro Shot|p2b: Charizard
|-supereffective|p2b: Charizard|1
|-damage|p2b: Charizard|0 fnt
|faint|p2b: Charizard
|
|-weather|RainDance|[upkeep]
|-heal|p1b: Archaludon|88/100|[from] item: Leftovers
|upkeep
|
|t:|1783489327
|switch|p2b: Sinistcha|Sinistcha-Masterpiece, L50|100/100
|switch|p1a: Swampert|Swampert, L50, M|100/100
|-heal|p2a: Incineroar|100/100|[from] ability: Hospitality|[of] p2b: Sinistcha
|turn|5
|-message|xiaoshuairui forfeited.
|
|win|sladewilson75
|l|☆xiaoshuairui
|player|p2|
|raw|sladewilson75's rating: 1000 → 1045(+45 for winning)
|raw|xiaoshuairui's rating: 1042 → 1024(-18 for losing)
