|j|☆YungDungBeetle
|j|☆palle synchro
|html|YungDungBeetlepalle synchro    
|uhtml|bestof|Game 1 of a best-of-3
|t:|1757077173
|gametype|doubles
|player|p1|YungDungBeetle|n|1255
|player|p2|palle synchro|volkner|1403
|gen|9
|tier|[Gen 9] VGC 2025 Reg H (Bo3)
|rated|
|rule|Species Clause: Limit one of each Pokémon
|rule|Item Clause: Limit 1 of each item
|clearpoke
|poke|p1|Rillaboom, L50, M|
|poke|p1|Baxcalibur, L50, F|
|poke|p1|Volcarona, L50, M|
|poke|p1|Annihilape, L50, M|
|poke|p1|Kingambit, L50, M|
|poke|p1|Dondozo, L50, F|
|poke|p2|Whimsicott, L50, F|
|poke|p2|Annihilape, L50, F|
|poke|p2|Indeedee, L50, M|
|poke|p2|Sneasler, L50, F|
|poke|p2|Ursaluna-Bloodmoon, L50, M|
|poke|p2|Archaludon, L50, F|
|teampreview|4
|showteam|p1|Rillaboom||AssaultVest|GrassySurge|GrassyGlide,WoodHammer,FakeOut,HighHorsepower|||M|||50|,,,,,Fire]Baxcalibur||LoadedDice|ThermalExchange|ScaleShot,IcicleSpear,IceShard,Protect|||F|||50|,,,,,Ghost]Volcarona||GrassySeed|FlameBody|Protect,HeatWave,GigaDrain,QuiverDance|||M|||50|,,,,,Grass]Annihilape||FocusSash|Defiant|CloseCombat,RageFist,Coaching,Taunt|||M|||50|,,,,,Fire]Kingambit||BlackGlasses|Defiant|Protect,KowtowCleave,SuckerPunch,SwordsDance|||M|||50|,,,,,Ghost]Dondozo||Leftovers|Unaware|WaveCrash,Fissure,Yawn,Protect|||F|||50|,,,,,Bug
|showteam|p2|Whimsicott||CovertCloak|Prankster|Moonblast,Taunt,Tailwind,FakeTears|||F|||50|,,,,,Water]Annihilape||SafetyGoggles|Defiant|CloseCombat,RageFist,FinalGambit,Taunt|||F|||50|,,,,,Fairy]Indeedee||FocusSash|PsychicSurge|ExpandingForce,TeraBlast,Imprison,TrickRoom|||M|||50|,,,,,Psychic]Sneasler||PsychicSeed|Unburden|CloseCombat,DireClaw,ThroatChop,Protect|||F|||50|,,,,,Dark]Ursaluna-Bloodmoon||LifeOrb|MindsEye|HyperVoice,BloodMoon,EarthPower,Protect|||M|||50|,,,,,Normal]Archaludon||PowerHerb|Stalwart|ElectroShot,DragonPulse,Thunderbolt,Protect|||F|||50|,,,,,Electric
|inactive|Battle timer is ON: inactive players will automatically lose when time's up. (requested by palle synchro)
|
|t:|1757077229
|teamsize|p1|4
|teamsize|p2|4
|start
|switch|p1a: Annihilape|Annihilape, L50, M|100/100
|switch|p1b: King Von|Kingambit, L50, M|100/100
|switch|p2a: Whimsicott|Whimsicott, L50, F|100/100
|switch|p2b: Ursaluna|Ursaluna-Bloodmoon, L50, M|100/100
|turn|1
|
|t:|1757077246
|-terastallize|p1b: King Von|Ghost
|move|p2b: Ursaluna|Protect|p2b: Ursaluna
|-singleturn|p2b: Ursaluna|Protect
|move|p2a: Whimsicott|Moonblast|p1a: Annihilape
|-supereffective|p1a: Annihilape
|-damage|p1a: Annihilape|49/100
|move|p1a: Annihilape|Close Combat|p2b: Ursaluna
|-activate|p2b: Ursaluna|move: Protect
|move|p1b: King Von|Swords Dance|p1b: King Von
|-boost|p1b: King Von|atk|2
|
|upkeep
|turn|2
|
|t:|1757077257
|switch|p1a: Dondozo|Dondozo, L50, F|100/100
|-terastallize|p2b: Ursaluna|Normal
|move|p2a: Whimsicott|Tailwind|p2a: Whimsicott
|-sidestart|p2: palle synchro|move: Tailwind
|move|p1b: King Von|Sucker Punch|p2b: Ursaluna
|-damage|p2b: Ursaluna|24/100
|move|p2b: Ursaluna|Blood Moon|p1b: King Von
|-damage|p1b: King Von|0 fnt
|faint|p1b: King Von
|-damage|p2b: Ursaluna|14/100|[from] item: Life Orb
|
|upkeep
|
|t:|1757077263
|switch|p1b: Rillaboom|Rillaboom, L50, M|100/100
|-fieldstart|move: Grassy Terrain|[from] ability: Grassy Surge|[of] p1b: Rillaboom
|turn|3
|
|t:|1757077277
|move|p2b: Ursaluna|Protect|p2b: Ursaluna
|-singleturn|p2b: Ursaluna|Protect
|move|p2a: Whimsicott|Taunt|p1a: Dondozo
|-start|p1a: Dondozo|move: Taunt
|move|p1b: Rillaboom|Wood Hammer|p2a: Whimsicott
|-resisted|p2a: Whimsicott
|-damage|p2a: Whimsicott|46/100
|-damage|p1b: Rillaboom|87/100|[from] Recoil
|cant|p1a: Dondozo|move: Taunt|Yawn
|
|-heal|p2a: Whimsicott|52/100|[from] Grassy Terrain
|-heal|p2b: Ursaluna|20/100|[from] Grassy Terrain
|-heal|p1b: Rillaboom|93/100|[from] Grassy Terrain
|upkeep
|turn|4
|
|t:|1757077284
|switch|p2a: Indeedee|Indeedee, L50, M|100/100
|-fieldstart|move: Psychic Terrain|[from] ability: Psychic Surge|[of] p2a: Indeedee
|move|p2b: Ursaluna|Blood Moon|p1b: Rillaboom
|-damage|p1b: Rillaboom|0 fnt
|faint|p1b: Rillaboom
|-damage|p2b: Ursaluna|11/100|[from] item: Life Orb
|move|p1a: Dondozo|Wave Crash|p2b: Ursaluna
|-damage|p2b: Ursaluna|0 fnt
|faint|p2b: Ursaluna
|-damage|p1a: Dondozo|98/100|[from] Recoil
|
|-heal|p1a: Dondozo|100/100|[from] item: Leftovers
|upkeep
|
|t:|1757077294
|switch|p1b: Annihilape|Annihilape, L50, M|49/100
|switch|p2b: Whimsicott|Whimsicott, L50, F|52/100
|turn|5
|
|t:|1757077303
|move|p2b: Whimsicott|Moonblast|p1a: Dondozo
|-damage|p1a: Dondozo|80/100
|move|p2a: Indeedee|Expanding Force|p1a: Dondozo|[spread] p1a,p1b
|-supereffective|p1b: Annihilape
|-damage|p1a: Dondozo|42/100
|-damage|p1b: Annihilape|0 fnt
|faint|p1b: Annihilape
|move|p1a: Dondozo|Fissure|p2b: Whimsicott|[miss]
|-miss|p1a: Dondozo|p2b: Whimsicott
|
|-heal|p1a: Dondozo|49/100|[from] item: Leftovers
|-end|p1a: Dondozo|move: Taunt
|-sideend|p2: palle synchro|move: Tailwind
|upkeep
|turn|6
|-message|YungDungBeetle forfeited.
|
|win|palle synchro
