|j|☆flyingantsarmy
|j|☆enoelr
|html|flyingantsarmyenoelr    
|uhtml|bestof|Game 3 of a best-of-3
|t:|1755942649
|gametype|doubles
|player|p1|flyingantsarmy|rocketgrunt|1143
|player|p2|enoelr|leon|1261
|gen|9
|tier|[Gen 9] VGC 2025 Reg H (Bo3)
|rated|
|rule|Species Clause: Limit one of each Pokémon
|rule|Item Clause: Limit 1 of each item
|clearpoke
|poke|p1|Pelipper, L50, F|
|poke|p1|Basculegion, L50, M|
|poke|p1|Archaludon, L50, M|
|poke|p1|Rillaboom, L50, M|
|poke|p1|Kingambit, L50, F|
|poke|p1|Electabuzz, L50, M|
|poke|p2|Kingambit, L50, M|
|poke|p2|Primarina, L50, M|
|poke|p2|Sneasler, L50, M|
|poke|p2|Magmar, L50, M|
|poke|p2|Rillaboom, L50, M|
|poke|p2|Dragapult, L50, M|
|teampreview|4
|showteam|p1|Pelipper||FocusSash|Drizzle|Hurricane,WeatherBall,Tailwind,Protect|||F|||50|,,,,,Ghost]Basculegion||LifeOrb|SwiftSwim|Protect,WaveCrash,AquaJet,LastRespects|||M|||50|,,,,,Water]Archaludon||AssaultVest|Stamina|ElectroShot,DragonPulse,FlashCannon,BodyPress|||M|||50|,,,,,Grass]Rillaboom||LoadedDice|GrassySurge|GrassyGlide,WoodHammer,BulletSeed,FakeOut|||M|||50|,,,,,Water]Kingambit||BlackGlasses|Defiant|KowtowCleave,SwordsDance,SuckerPunch,Protect|||F|||50|,,,,,Dark]Electabuzz||Eviolite|VitalSpirit|Electroweb,FollowMe,Taunt,Protect|||M|||50|,,,,,Ghost
|showteam|p2|Kingambit||BlackGlasses|Defiant|KowtowCleave,SuckerPunch,SwordsDance,Protect|||M|||50|,,,,,Dark]Primarina||SitrusBerry|LiquidVoice|HyperVoice,Moonblast,Haze,Protect|||M|||50|,,,,,Poison]Sneasler||FocusSash|PoisonTouch|CloseCombat,DireClaw,FakeOut,Protect|||M|||50|,,,,,Ghost]Magmar||Eviolite|VitalSpirit|Overheat,WillOWisp,FollowMe,Protect|||M|||50|,,,,,Ghost]Rillaboom||AssaultVest|GrassySurge|WoodHammer,GrassyGlide,HighHorsepower,FakeOut|||M|||50|,,,,,Fire]Dragapult||ChoiceBand|ClearBody|DragonDarts,PhantomForce,Outrage,Uturn|||M|||50|,,,,,Dragon
|inactive|Battle timer is ON: inactive players will automatically lose when time's up. (requested by flyingantsarmy)
|inactive|enoelr has 60 seconds left.
|inactive|flyingantsarmy has 60 seconds left.
|
|t:|1755942694
|teamsize|p1|4
|teamsize|p2|4
|start
|switch|p1a: Basculegion|Basculegion, L50, M, shiny|100/100
|switch|p1b: Rillaboom|Rillaboom, L50, M|100/100
|switch|p2a: Sneasler|Sneasler, L50, M|100/100
|switch|p2b: Magmar|Magmar, L50, M|100/100
|-fieldstart|move: Grassy Terrain|[from] ability: Grassy Surge|[of] p1b: Rillaboom
|turn|1
|inactive|enoelr has 30 seconds left.
|inactive|enoelr has 20 seconds left.
|inactive|enoelr has 15 seconds left.
|
|t:|1755942736
|-terastallize|p2b: Magmar|Ghost
|move|p2a: Sneasler|Protect|p2a: Sneasler
|-singleturn|p2a: Sneasler|Protect
|move|p1b: Rillaboom|Fake Out|p2a: Sneasler
|-activate|p2a: Sneasler|move: Protect
|move|p1a: Basculegion|Last Respects|p2b: Magmar
|-supereffective|p2b: Magmar
|-damage|p2b: Magmar|45/100
|-damage|p1a: Basculegion|91/100|[from] item: Life Orb
|move|p2b: Magmar|Will-O-Wisp|p1a: Basculegion
|-status|p1a: Basculegion|brn
|
|-heal|p1a: Basculegion|97/100 brn|[from] Grassy Terrain
|-heal|p2b: Magmar|50/100|[from] Grassy Terrain
|-damage|p1a: Basculegion|91/100 brn|[from] brn
|upkeep
|turn|2
|inactive|flyingantsarmy has 30 seconds left.
|inactive|flyingantsarmy has 20 seconds left.
|
|t:|1755942776
|-terastallize|p1b: Rillaboom|Water
|move|p2b: Magmar|Follow Me|p2b: Magmar
|-singleturn|p2b: Magmar|move: Follow Me
|move|p2a: Sneasler|Dire Claw|p1b: Rillaboom
|-damage|p1b: Rillaboom|65/100
|-status|p1b: Rillaboom|psn
|move|p1a: Basculegion|Wave Crash|p2b: Magmar
|-crit|p2b: Magmar
|-damage|p2b: Magmar|2/100
|-damage|p1a: Basculegion|76/100 brn|[from] Recoil
|-damage|p1a: Basculegion|67/100 brn|[from] item: Life Orb
|move|p1b: Rillaboom|Bullet Seed|p2b: Magmar
|-damage|p2b: Magmar|0 fnt
|faint|p2b: Magmar
|-hitcount|p2: Magmar|1
|
|-heal|p1a: Basculegion|73/100 brn|[from] Grassy Terrain
|-heal|p1b: Rillaboom|71/100 psn|[from] Grassy Terrain
|-damage|p1b: Rillaboom|59/100 psn|[from] psn
|-damage|p1a: Basculegion|67/100 brn|[from] brn
|upkeep
|inactive|enoelr has 30 seconds left.
|inactive|enoelr has 20 seconds left.
|
|t:|1755942814
|switch|p2b: Dragapult|Dragapult, L50, M|100/100
|turn|3
|
|t:|1755942825
|switch|p1a: Pelipper|Pelipper, L50, F|100/100
|-weather|RainDance|[from] ability: Drizzle|[of] p1a: Pelipper
|move|p2b: Dragapult|Dragon Darts|p1a: Pelipper
|-crit|p1a: Pelipper
|-damage|p1a: Pelipper|22/100
|-anim|p2b: Dragapult|Dragon Darts|p1b: Rillaboom
|-damage|p1b: Rillaboom|22/100 psn
|move|p2a: Sneasler|Dire Claw|p1a: Pelipper
|-damage|p1a: Pelipper|0 fnt
|faint|p1a: Pelipper
|move|p1b: Rillaboom|Wood Hammer|p2a: Sneasler
|-resisted|p2a: Sneasler
|-damage|p2a: Sneasler|42/100
|-damage|p1b: Rillaboom|8/100 psn|[from] Recoil
|
|-weather|RainDance|[upkeep]
|-heal|p2a: Sneasler|48/100|[from] Grassy Terrain
|-heal|p1b: Rillaboom|14/100 psn|[from] Grassy Terrain
|-damage|p1b: Rillaboom|1/100 psn|[from] psn
|upkeep
|
|t:|1755942841
|switch|p1a: Basculegion|Basculegion, L50, M, shiny|67/100 brn
|turn|4
|
|t:|1755942865
|move|p1a: Basculegion|Aqua Jet|p2a: Sneasler
|-damage|p2a: Sneasler|11/100
|-damage|p1a: Basculegion|57/100 brn|[from] item: Life Orb
|move|p1b: Rillaboom|Grassy Glide|p2a: Sneasler
|-resisted|p2a: Sneasler
|-damage|p2a: Sneasler|0 fnt
|faint|p2a: Sneasler
|move|p2b: Dragapult|Dragon Darts|p1a: Basculegion
|-damage|p1a: Basculegion|8/100 brn
|-anim|p2b: Dragapult|Dragon Darts|p1b: Rillaboom
|-damage|p1b: Rillaboom|0 fnt
|faint|p1b: Rillaboom
|
|-weather|RainDance|[upkeep]
|-heal|p1a: Basculegion|14/100 brn|[from] Grassy Terrain
|-damage|p1a: Basculegion|8/100 brn|[from] brn
|upkeep
|inactive|flyingantsarmy has 30 seconds left.
|
|t:|1755942894
|switch|p2a: Primarina|Primarina, L50, M|100/100
|switch|p1b: Archaludon|Archaludon, L50, M, shiny|100/100
|turn|5
|
|t:|1755942911
|move|p1a: Basculegion|Last Respects|p2b: Dragapult
|-supereffective|p2b: Dragapult
|-damage|p2b: Dragapult|0 fnt
|faint|p2b: Dragapult
|-damage|p1a: Basculegion|0 fnt|[from] item: Life Orb
|faint|p1a: Basculegion
|move|p1b: Archaludon|Electro Shot||[still]
|-prepare|p1b: Archaludon|Electro Shot
|-boost|p1b: Archaludon|spa|1
|-anim|p1b: Archaludon|Electro Shot|p2a: Primarina
|-supereffective|p2a: Primarina
|-damage|p2a: Primarina|0 fnt
|faint|p2a: Primarina
|
|win|flyingantsarmy
|raw|flyingantsarmy's rating: 1143 → 1176(+33 for winning)
|raw|enoelr's rating: 1261 → 1228(-33 for losing)
|l|☆enoelr
|player|p2|
