|j|☆Hariyamamomma
|j|☆Cwisbt
|html|HariyamamommaCwisbt    
|uhtml|bestof|Game 3 of a best-of-3
|t:|1784515448
|gametype|doubles
|player|p1|Hariyamamomma|burgh|
|player|p2|Cwisbt|1|
|gen|9
|tier|[Gen 9 Champions] VGC 2026 Reg M-B (Bo3)
|rule|Species Clause: Limit one of each Pokémon
|rule|Item Clause: Limit 1 of each item
|clearpoke
|poke|p1|Gholdengo, L50|
|poke|p1|Whimsicott, L50, F, shiny|
|poke|p1|Kingambit, L50, F|
|poke|p1|Blaziken, L50, F|
|poke|p1|Blastoise, L50, M, shiny|
|poke|p1|Kangaskhan, L50, F|
|poke|p2|Raichu, L50, F|
|poke|p2|Mamoswine, L50, M|
|poke|p2|Gholdengo, L50|
|poke|p2|Sylveon, L50, F|
|poke|p2|Talonflame, L50, M|
|poke|p2|Froslass, L50, F|
|teampreview|4
|showteam|p1|Gholdengo||LifeOrb|GoodasGold|MakeItRain,ShadowBall,NastyPlot,Protect|Timid|||||50|]Whimsicott||FocusSash|Prankster|Moonblast,Tailwind,Encore,Protect|Timid||F|||50|]Kingambit||BlackGlasses|Defiant|SuckerPunch,KowtowCleave,SwordsDance,Protect|Adamant||F|||50|]Blaziken||Blazikenite|SpeedBoost|CloseCombat,FlareBlitz,RockSlide,Protect|Adamant||F|||50|]Blastoise||Blastoisinite|Torrent|FakeOut,WaterSpout,AuraSphere,DarkPulse|Modest||M|||50|]Kangaskhan||SitrusBerry|Scrappy|FakeOut,HelpingHand,LowKick,ThunderPunch|Impish||F|||50|
|showteam|p2|Raichu||RaichuniteY|LightningRod|Protect,ZapCannon,FocusBlast,Encore|Timid||F|||50|]Mamoswine||FocusSash|Oblivious|Protect,IcicleCrash,IceShard,HighHorsepower|Adamant||M|||50|]Gholdengo||LifeOrb|GoodasGold|Protect,MakeItRain,ShadowBall,PowerGem|Modest|||||50|]Sylveon||FairyFeather|Pixilate|Protect,HyperVoice,HyperBeam,QuickAttack|Modest||F|||50|]Talonflame||SharpBeak|GaleWings|QuickGuard,DualWingbeat,SunnyDay,Tailwind|Jolly||M|||50|]Froslass||Froslassite|CursedBody|Protect,Blizzard,ShadowBall,Taunt|Timid||F|||50|
|inactive|Battle timer is ON: inactive players will automatically lose when time's up. (requested by Cwisbt)
|j| gliscor43
|j| Quackennn
|inactiveoff|Battle timer is now OFF.
|c|☆Cwisbt|Glhf! For all the marbles
|c|☆Hariyamamomma|You too sir!!
|
|t:|1784515565
|teamsize|p1|4
|teamsize|p2|4
|start
|switch|p1a: Byron Scott|Whimsicott, L50, F, shiny|100/100
|switch|p1b: Deni Advija|Gholdengo, L50|100/100
|switch|p2a: Raichu|Raichu, L50, F|100/100
|switch|p2b: Talonflame|Talonflame, L50, M|100/100
|turn|1
|
|t:|1784515611
|detailschange|p2a: Raichu|Raichu-Mega-Y, L50, F
|-mega|p2a: Raichu|Raichu|Raichunite Y
|move|p1a: Byron Scott|Protect|p1a: Byron Scott
|-singleturn|p1a: Byron Scott|Protect
|move|p2b: Talonflame|Dual Wingbeat|p1a: Byron Scott
|-activate|p1a: Byron Scott|move: Protect
|move|p2a: Raichu|Zap Cannon|p1b: Deni Advija
|-damage|p1b: Deni Advija|34/100
|-status|p1b: Deni Advija|par
|move|p1b: Deni Advija|Shadow Ball|p2b: Talonflame
|-damage|p2b: Talonflame|23/100
|-damage|p1b: Deni Advija|24/100 par|[from] item: Life Orb
|
|upkeep
|turn|2
|
|t:|1784515636
|move|p1a: Byron Scott|Tailwind|p1a: Byron Scott
|-sidestart|p1: Hariyamamomma|move: Tailwind
|move|p2a: Raichu|Zap Cannon|p1b: Deni Advija
|-damage|p1b: Deni Advija|0 fnt
|faint|p1b: Deni Advija
|move|p2b: Talonflame|Tailwind|p2b: Talonflame
|-sidestart|p2: Cwisbt|move: Tailwind
|
|upkeep
|
|t:|1784515644
|switch|p1b: Toi Jerome|Blastoise, L50, M, shiny|100/100
|turn|3
|
|t:|1784515656
|detailschange|p1b: Toi Jerome|Blastoise-Mega, L50, M, shiny
|-mega|p1b: Toi Jerome|Blastoise|Blastoisinite
|move|p2b: Talonflame|Quick Guard|p2b: Talonflame
|-singleturn|p2b: Talonflame|Quick Guard
|move|p2a: Raichu|Zap Cannon|p1b: Toi Jerome
|-supereffective|p1b: Toi Jerome|1
|-damage|p1b: Toi Jerome|0 fnt
|faint|p1b: Toi Jerome
|move|p1a: Byron Scott|Moonblast|p2b: Talonflame
|-resisted|p2b: Talonflame|1
|-damage|p2b: Talonflame|0 fnt
|faint|p2b: Talonflame
|
|upkeep
|
|t:|1784515699
|switch|p2b: Sylveon|Sylveon, L50, F|100/100
|switch|p1b: LeBron James|Kingambit, L50, F|100/100
|turn|4
|
|t:|1784515766
|move|p2a: Raichu|Protect|p2a: Raichu
|-singleturn|p2a: Raichu|Protect
|move|p1b: LeBron James|Protect|p1b: LeBron James
|-singleturn|p1b: LeBron James|Protect
|move|p1a: Byron Scott|Moonblast|p2a: Raichu
|-activate|p2a: Raichu|move: Protect
|move|p2b: Sylveon|Hyper Beam|p1b: LeBron James
|-activate|p1b: LeBron James|move: Protect
|
|upkeep
|turn|5
|
|t:|1784515803
|move|p1b: LeBron James|Protect|p1b: LeBron James
|-singleturn|p1b: LeBron James|Protect
|move|p2a: Raichu|Zap Cannon|p1b: LeBron James
|-activate|p1b: LeBron James|move: Protect
|move|p1a: Byron Scott|Moonblast|p2b: Sylveon
|-damage|p2b: Sylveon|70/100
|move|p2b: Sylveon|Hyper Beam|p1b: LeBron James
|-activate|p1b: LeBron James|move: Protect
|
|-sideend|p2: Cwisbt|move: Tailwind
|-sideend|p1: Hariyamamomma|move: Tailwind
|upkeep
|turn|6
|
|t:|1784515845
|move|p1b: LeBron James|Sucker Punch|p2a: Raichu
|-damage|p2a: Raichu|0 fnt
|faint|p2a: Raichu
|move|p1a: Byron Scott|Moonblast|p2b: Sylveon
|-damage|p2b: Sylveon|43/100
|move|p2b: Sylveon|Hyper Beam|p1b: LeBron James|[miss]
|-miss|p2b: Sylveon|p1b: LeBron James
|
|upkeep
|
|t:|1784515854
|switch|p2a: Mamoswine|Mamoswine, L50, M|100/100
|turn|7
|c|☆Hariyamamomma|oh no.....
|c|☆Cwisbt|Brutal rng
|
|t:|1784515948
|move|p1a: Byron Scott|Protect|p1a: Byron Scott
|-singleturn|p1a: Byron Scott|Protect
|move|p1b: LeBron James|Protect|p1b: LeBron James
|-singleturn|p1b: LeBron James|Protect
|move|p2a: Mamoswine|Icicle Crash|p1a: Byron Scott
|-activate|p1a: Byron Scott|move: Protect
|move|p2b: Sylveon|Hyper Voice|p1b: LeBron James|[spread] 
|-activate|p1a: Byron Scott|move: Protect
|-activate|p1b: LeBron James|move: Protect
|
|upkeep
|turn|8
|
|t:|1784516012
|move|p1b: LeBron James|Sucker Punch|p2a: Mamoswine
|-damage|p2a: Mamoswine|43/100
|move|p1a: Byron Scott|Moonblast|p2a: Mamoswine
|-damage|p2a: Mamoswine|0 fnt
|faint|p2a: Mamoswine
|move|p2b: Sylveon|Hyper Voice|p1b: LeBron James|[spread] p1a,p1b
|-damage|p1a: Byron Scott|24/100
|-damage|p1b: LeBron James|47/100
|
|upkeep
|turn|9
|
|t:|1784516030
|move|p2b: Sylveon|Quick Attack|p1a: Byron Scott
|-damage|p1a: Byron Scott|4/100
|move|p1b: LeBron James|Sucker Punch||[still]
|-fail|p1b: LeBron James
|move|p1a: Byron Scott|Moonblast|p2b: Sylveon
|-damage|p2b: Sylveon|15/100
|
|upkeep
|turn|10
|
|t:|1784516049
|move|p1a: Byron Scott|Moonblast|p2b: Sylveon
|-damage|p2b: Sylveon|0 fnt
|faint|p2b: Sylveon
|
|win|Hariyamamomma
|c|☆Cwisbt|Gg!
|c|☆Hariyamamomma|gg!
|l| Quackennn
|c|☆Cwisbt|Very wp
|c|☆Hariyamamomma|Sorry again about the HB
|c|☆Cwisbt|Love and die by the sword
|c|☆Cwisbt|Can you do replays by chance?
