|j|☆Lightning015
|j|‽YarikFireDragon
|html|Lightning015YarikFireDragon    
|uhtml|bestof|Game 1 of a best-of-3
|t:|1786030414
|gametype|doubles
|player|p1|Lightning015|red|
|player|p2|YarikFireDragon|101|
|gen|9
|tier|[Gen 9 Champions] VGC 2026 Reg M-B (Bo3)
|rule|Species Clause: Limit one of each Pokémon
|rule|Item Clause: Limit 1 of each item
|clearpoke
|poke|p1|Hippowdon, L50, M|
|poke|p1|Simipour, L50, F|
|poke|p1|Simisage, L50, M|
|poke|p1|Steelix, L50, M|
|poke|p1|Emboar, L50, M|
|poke|p1|Slowbro, L50, M|
|poke|p2|Hippowdon, L50, M|
|poke|p2|Steelix, L50, F|
|poke|p2|Heliolisk, L50, F, shiny|
|poke|p2|Runerigus, L50, F|
|poke|p2|Toucannon, L50, F|
|poke|p2|Sableye, L50, M|
|teampreview|4
|showteam|p1|Hippowdon||Leftovers|SandStream|Earthquake,RockSlide,Crunch,Protect|Brave||M|||50|]Simipour||MysticWater|Torrent|FakeOut,Surf,IceBeam,Protect|Timid||F|||50|]Simisage||LifeOrb|Overgrow|FakeOut,GrassKnot,BrickBreak,Protect|Jolly||M|||50|]Steelix||Steelixite|Sturdy|Earthquake,RockSlide,Crunch,Protect|Brave||M|||50|]Emboar||Emboarite|Reckless|FlareBlitz,BrickBreak,BulkUp,Protect|Adamant||M|||50|]Slowbro||MentalHerb|Regenerator|Psychic,Scald,IceBeam,TrickRoom|Modest||M|||50|
|showteam|p2|Hippowdon||SmoothRock|SandStream|SlackOff,Earthquake,Yawn,HelpingHand|Sassy||M|||50|]Steelix||Steelixite|RockHead|Earthquake,BodyPress,IronHead,Protect|Brave||F|||50|]Heliolisk||BrightPowder|SandVeil|Thunderbolt,WeatherBall,Protect,FocusBlast|Timid||F|||50|]Runerigus||Leftovers|WanderingSpirit|TrickRoom,DestinyBond,Poltergeist,Curse|Sassy||F|||50|]Toucannon||ScopeLens|SkillLink|BulletSeed,SkyAttack,RockBlast,DualWingbeat|Brave||F|||50|]Sableye||FocusSash|Prankster|Encore,FakeOut,KnockOff,Quash|Jolly||M|||50|
|
|t:|1786030468
|teamsize|p1|4
|teamsize|p2|4
|start
|switch|p1a: Гиппо|Hippowdon, L50, M|100/100
|switch|p1b: Медленный бро|Slowbro, L50, M|100/100
|switch|p2a: Heliolisk|Heliolisk, L50, F, shiny|100/100
|switch|p2b: Hippowdon|Hippowdon, L50, M|100/100
|-weather|Sandstorm|[from] ability: Sand Stream|[of] p1a: Гиппо
|turn|1
|
|t:|1786030493
|switch|p1b: Поглотитель|Steelix, L50, M|100/100
|move|p2b: Hippowdon|Helping Hand|p2a: Heliolisk
|-singleturn|p2a: Heliolisk|Helping Hand|[of] p2b: Hippowdon
|move|p2a: Heliolisk|Thunderbolt|p1b: Поглотитель
|-immune|p1b: Поглотитель
|move|p1a: Гиппо|Earthquake|p2b: Hippowdon|[spread] p1b,p2a,p2b
|-supereffective|p1b: Поглотитель|1
|-supereffective|p2a: Heliolisk|1
|-damage|p1b: Поглотитель|57/100
|-damage|p2a: Heliolisk|0 fnt
|-damage|p2b: Hippowdon|71/100
|faint|p2a: Heliolisk
|
|-weather|Sandstorm|[upkeep]
|upkeep
|
|t:|1786030499
|switch|p2a: Steelix|Steelix, L50, F|100/100
|turn|2
|
|t:|1786030527
|detailschange|p2a: Steelix|Steelix-Mega, L50, F
|-mega|p2a: Steelix|Steelix|Steelixite
|detailschange|p1b: Поглотитель|Steelix-Mega, L50, M
|-mega|p1b: Поглотитель|Steelix|Steelixite
|move|p2b: Hippowdon|Helping Hand|p2a: Steelix
|-singleturn|p2a: Steelix|Helping Hand|[of] p2b: Hippowdon
|move|p1a: Гиппо|Protect|p1a: Гиппо
|-singleturn|p1a: Гиппо|Protect
|move|p1b: Поглотитель|Earthquake|p2a: Steelix|[spread] p2a,p2b
|-activate|p1a: Гиппо|move: Protect
|-supereffective|p2a: Steelix|1
|-damage|p2a: Steelix|44/100
|-damage|p2b: Hippowdon|35/100
|move|p2a: Steelix|Earthquake|p1a: Гиппо|[spread] p2b,p1b
|-activate|p1a: Гиппо|move: Protect
|-supereffective|p1b: Поглотитель|1
|-damage|p2b: Hippowdon|0 fnt
|-damage|p1b: Поглотитель|0 fnt
|faint|p2b: Hippowdon
|faint|p1b: Поглотитель
|
|-weather|Sandstorm|[upkeep]
|upkeep
|
|t:|1786030550
|switch|p2b: Runerigus|Runerigus, L50, F|100/100
|switch|p1b: Сими|Simipour, L50, F|100/100
|turn|3
|
|t:|1786030559
|move|p2a: Steelix|Protect|p2a: Steelix
|-singleturn|p2a: Steelix|Protect
|move|p1b: Сими|Fake Out|p2a: Steelix
|-activate|p2a: Steelix|move: Protect
|move|p1a: Гиппо|Crunch|p2b: Runerigus
|-supereffective|p2b: Runerigus|1
|-damage|p2b: Runerigus|55/100
|-activate|p1a: Гиппо|Skill Swap|Wandering Spirit|Sand Stream|[of] p2b: Runerigus
|move|p2b: Runerigus|Trick Room|p2b: Runerigus
|-fieldstart|move: Trick Room|[of] p2b: Runerigus
|
|-weather|Sandstorm|[upkeep]
|-damage|p1b: Сими|94/100|[from] Sandstorm
|-heal|p2b: Runerigus|61/100|[from] item: Leftovers
|upkeep
|turn|4
|
|t:|1786030596
|move|p1b: Сими|Protect|p1b: Сими
|-singleturn|p1b: Сими|Protect
|move|p2b: Runerigus|Poltergeist|p1a: Гиппо
|-activate|p1a: Гиппо|move: Poltergeist|Leftovers
|-damage|p1a: Гиппо|74/100
|move|p2a: Steelix|Earthquake|p1a: Гиппо|[spread] p2b,p1a
|-activate|p1b: Сими|move: Protect
|-damage|p2b: Runerigus|16/100
|-damage|p1a: Гиппо|33/100
|move|p1a: Гиппо|Earthquake|p2a: Steelix|[spread] p2a,p2b
|-activate|p1b: Сими|move: Protect
|-supereffective|p2a: Steelix|1
|-damage|p2a: Steelix|5/100
|-damage|p2b: Runerigus|0 fnt
|faint|p2b: Runerigus
|
|-weather|Sandstorm|[upkeep]
|-damage|p1b: Сими|88/100|[from] Sandstorm
|-heal|p1a: Гиппо|39/100|[from] item: Leftovers
|upkeep
|turn|5
|
|t:|1786030615
|switch|p1b: Медленный бро|Slowbro, L50, M|100/100
|move|p2a: Steelix|Earthquake|p1b: Медленный бро|[spread] p1a,p1b
|-damage|p1a: Гиппо|2/100
|-damage|p1b: Медленный бро|58/100
|move|p1a: Гиппо|Earthquake|p2a: Steelix|[spread] p1b,p2a
|-supereffective|p2a: Steelix|1
|-damage|p1b: Медленный бро|26/100
|-damage|p2a: Steelix|0 fnt
|faint|p2a: Steelix
|
|win|Lightning015
||Lightning015 is ready for game 2.
||YarikFireDragon is ready for game 2.
|uhtml|next|Next: Game 2 of 3
