|j|☆palle synchro
|j|☆Fell Blue
|html|palle synchroFell Blue    
|uhtml|bestof|Game 2 of a best-of-3
|t:|1783375851
|gametype|doubles
|player|p1|palle synchro|volkner|1216
|player|p2|Fell Blue|fantina|1347
|gen|9
|tier|[Gen 9 Champions] VGC 2026 Reg M-B (Bo3)
|rated|
|rule|Species Clause: Limit one of each Pokémon
|rule|Item Clause: Limit 1 of each item
|clearpoke
|poke|p1|Swampert, L50, F|
|poke|p1|Pelipper, L50, F|
|poke|p1|Archaludon, L50, M|
|poke|p1|Venusaur, L50, F|
|poke|p1|Maushold-Four, L50|
|poke|p1|Gholdengo, L50|
|poke|p2|Mawile, L50, F|
|poke|p2|Farigiraf, L50, F|
|poke|p2|Drampa, L50, M|
|poke|p2|Kleavor, L50, F|
|poke|p2|Araquanid, L50, M|
|poke|p2|Incineroar, L50, F|
|teampreview|4
|showteam|p1|Swampert||Swampertite|Torrent|WaveCrash,HighHorsepower,IcePunch,Protect|Adamant||F|||50|]Pelipper||SitrusBerry|Drizzle|WeatherBall,Hurricane,Tailwind,WideGuard|Modest||F|||50|]Archaludon||Leftovers|Stamina|ElectroShot,DragonPulse,FlashCannon,Protect|Calm||M|||50|]Venusaur||Venusaurite|Chlorophyll|GigaDrain,EarthPower,SludgeBomb,Protect|Modest||F|||50|]Maushold-Four||FocusSash|FriendGuard|FollowMe,SuperFang,RainDance,Protect|Timid|||||50|]Gholdengo||LifeOrb|GoodasGold|MakeItRain,ShadowBall,NastyPlot,Protect|Modest|||||50|
|showteam|p2|Mawile||Mawilite|HyperCutter|RockSlide,PlayRough,SuckerPunch,BrickBreak|Brave||F|||50|]Farigiraf||SitrusBerry|ArmorTail|Thunderbolt,HelpingHand,Psychic,TrickRoom|Modest||F|||50|]Drampa||Drampanite|CloudNine|EarthPower,HyperVoice,Thunderbolt,Protect|Quiet||M|||50|]Kleavor||FocusSash|Sharpness|Feint,XScissor,StoneAxe,CloseCombat|Brave||F|||50|]Araquanid||MysticWater|WaterBubble|Surf,HydroPump,MirrorCoat,Endeavor|Quiet||M|||50|]Incineroar||LifeOrb|Intimidate|CloseCombat,FlareBlitz,FakeOut,ThroatChop|Brave||F|||50|
|inactive|Battle timer is ON: inactive players will automatically lose when time's up. (requested by palle synchro)
|
|t:|1783375892
|teamsize|p1|4
|teamsize|p2|4
|start
|switch|p1a: Pelipper|Pelipper, L50, F|100/100
|switch|p1b: Swampert|Swampert, L50, F|100/100
|switch|p2a: Farigiraf|Farigiraf, L50, F|100/100
|switch|p2b: Incineroar|Incineroar, L50, F|100/100
|-weather|RainDance|[from] ability: Drizzle|[of] p1a: Pelipper
|-ability|p2b: Incineroar|Intimidate|boost
|-unboost|p1a: Pelipper|atk|1
|-unboost|p1b: Swampert|atk|1
|turn|1
|inactive|palle synchro has 30 seconds left.
|
|t:|1783375917
|switch|p1a: Gold&go|Gholdengo, L50|100/100
|switch|p2b: Drampa|Drampa, L50, M|100/100
|-ability|p2b: Drampa|Cloud Nine
|detailschange|p1b: Swampert|Swampert-Mega, L50, F
|-mega|p1b: Swampert|Swampert|Swampertite
|move|p1b: Swampert|Wave Crash|p2b: Drampa
|-resisted|p2b: Drampa|1
|-damage|p2b: Drampa|74/100
|-damage|p1b: Swampert|91/100|[from] Recoil
|move|p2a: Farigiraf|Trick Room|p2a: Farigiraf
|-fieldstart|move: Trick Room|[of] p2a: Farigiraf
|
|-weather|RainDance|[upkeep]
|upkeep
|turn|2
|inactive|Fell Blue has 30 seconds left.
|
|t:|1783375949
|switch|p2a: Incineroar|Incineroar, L50, F|100/100
|-ability|p2a: Incineroar|Intimidate|boost
|-unboost|p1a: Gold&go|atk|1
|-unboost|p1b: Swampert|atk|1
|switch|p1b: Maushold|Maushold-Four, L50|100/100
|move|p2b: Drampa|Earth Power|p1a: Gold&go
|-supereffective|p1a: Gold&go|1
|-damage|p1a: Gold&go|51/100
|move|p1a: Gold&go|Nasty Plot|p1a: Gold&go
|-boost|p1a: Gold&go|spa|2
|
|-weather|RainDance|[upkeep]
|upkeep
|turn|3
|inactive|Fell Blue has 30 seconds left.
|
|t:|1783375983
|move|p2b: Drampa|Protect|p2b: Drampa
|-singleturn|p2b: Drampa|Protect
|move|p1a: Gold&go|Protect|p1a: Gold&go
|-singleturn|p1a: Gold&go|Protect
|move|p1b: Maushold|Protect|p1b: Maushold
|-singleturn|p1b: Maushold|Protect
|move|p2a: Incineroar|Flare Blitz|p1b: Maushold
|-activate|p1b: Maushold|move: Protect
|
|-weather|RainDance|[upkeep]
|upkeep
|turn|4
|inactive|Fell Blue has 30 seconds left.
|
|t:|1783376010
|detailschange|p2b: Drampa|Drampa-Mega, L50, M
|-mega|p2b: Drampa|Drampa|Drampanite
|move|p1b: Maushold|Follow Me|p1b: Maushold
|-singleturn|p1b: Maushold|move: Follow Me
|move|p2b: Drampa|Hyper Voice|p1a: Gold&go|[spread] p1b
|-immune|p1a: Gold&go
|-damage|p1b: Maushold|46/100
|move|p2a: Incineroar|Throat Chop|p1b: Maushold
|-damage|p1b: Maushold|0 fnt
|faint|p1b: Maushold
|-damage|p2a: Incineroar|90/100|[from] item: Life Orb
|move|p1a: Gold&go|Nasty Plot|p1a: Gold&go
|-boost|p1a: Gold&go|spa|2
|
|-weather|RainDance|[upkeep]
|upkeep
|
|t:|1783376024
|switch|p1b: Swampert|Swampert-Mega, L50, F|91/100
|turn|5
|
|t:|1783376040
|switch|p2a: Farigiraf|Farigiraf, L50, F|100/100
|move|p1a: Gold&go|Protect|p1a: Gold&go
|-singleturn|p1a: Gold&go|Protect
|move|p1b: Swampert|Protect|p1b: Swampert
|-singleturn|p1b: Swampert|Protect
|move|p2b: Drampa|Earth Power|p1a: Gold&go
|-activate|p1a: Gold&go|move: Protect
|
|-weather|none
|-fieldend|move: Trick Room
|upkeep
|turn|6
|inactive|Fell Blue has 30 seconds left.
|
|t:|1783376071
|switch|p1b: Pelipper|Pelipper, L50, F|100/100
|-weather|RainDance|[from] ability: Drizzle|[of] p1b: Pelipper
|move|p1a: Gold&go|Make It Rain|p2b: Drampa|[spread] p2a,p2b
|-damage|p2a: Farigiraf|0 fnt
|-damage|p2b: Drampa|0 fnt
|-unboost|p1a: Gold&go|spa|2
|faint|p2a: Farigiraf
|faint|p2b: Drampa
|-damage|p1a: Gold&go|41/100|[from] item: Life Orb
|
|-weather|RainDance|[upkeep]
|upkeep
|
|t:|1783376078
|switch|p2a: Araquanid|Araquanid, L50, M|100/100
|switch|p2b: Incineroar|Incineroar, L50, F|90/100
|-ability|p2b: Incineroar|Intimidate|boost
|-unboost|p1a: Gold&go|atk|1
|-unboost|p1b: Pelipper|atk|1
|turn|7
|
|t:|1783376090
|move|p2b: Incineroar|Fake Out|p1b: Pelipper
|-damage|p1b: Pelipper|79/100
|-damage|p2b: Incineroar|80/100|[from] item: Life Orb
|move|p1a: Gold&go|Shadow Ball|p2a: Araquanid
|-damage|p2a: Araquanid|4/100
|-damage|p1a: Gold&go|32/100|[from] item: Life Orb
|cant|p1b: Pelipper|flinch
|move|p2a: Araquanid|Mirror Coat|p1a: Gold&go
|-damage|p1a: Gold&go|0 fnt
|faint|p1a: Gold&go
|
|-weather|RainDance|[upkeep]
|upkeep
|
|t:|1783376100
|switch|p1a: Swampert|Swampert-Mega, L50, F|91/100
|turn|8
|
|t:|1783376109
|move|p1a: Swampert|Wave Crash|p2a: Araquanid
|-resisted|p2a: Araquanid|1
|-damage|p2a: Araquanid|0 fnt
|faint|p2a: Araquanid
|-damage|p1a: Swampert|90/100|[from] Recoil
|move|p1b: Pelipper|Weather Ball|p2b: Incineroar
|-supereffective|p2b: Incineroar|1
|-damage|p2b: Incineroar|0 fnt
|faint|p2b: Incineroar
|
|win|palle synchro
