|j|☆Cyclondo3
|j|☆WASHINGTONGARGACHA
|html|Cyclondo3WASHINGTONGARGACHA    
|uhtml|bestof|Game 2 of a best-of-3
|t:|1757809912
|gametype|doubles
|player|p1|Cyclondo3|hilbert|1068
|player|p2|WASHINGTONGARGACHA|101|1125
|gen|9
|tier|[Gen 9] VGC 2025 Reg H (Bo3)
|rated|
|rule|Species Clause: Limit one of each Pokémon
|rule|Item Clause: Limit 1 of each item
|clearpoke
|poke|p1|Jolteon, L50, M|
|poke|p1|Pincurchin, L50, M|
|poke|p1|Sableye, L50, M|
|poke|p1|Incineroar, L50, M|
|poke|p1|Ninetales-Alola, L50, M|
|poke|p1|Whimsicott, L50, F|
|poke|p2|Typhlosion-Hisui, L50, F|
|poke|p2|Whimsicott, L50, F|
|poke|p2|Dragapult, L50, M|
|poke|p2|Torkoal, L50, F|
|poke|p2|Lilligant-Hisui, L50, F|
|poke|p2|Electabuzz, L50, F|
|teampreview|4
|showteam|p1|Jolteon||ChoiceSpecs|QuickFeet|VoltSwitch,Thunderbolt,Discharge,TeraBlast|||M|||50|,,,,,Ice]Pincurchin||CovertCloak|ElectricSurge|Recover,Acupressure,ToxicSpikes,SuckerPunch|||M|||50|,,,,,Ground]Sableye||SafetyGoggles|Prankster|Protect,Gravity,Disable,Encore|||M|||50|,,,,,Dark]Incineroar||AssaultVest|Intimidate|Uturn,FakeOut,KnockOff,FlareBlitz|||M|||50|,,,,,Fire]Ninetales-Alola||LifeOrb|SnowWarning|Protect,Moonblast,Blizzard,TeraBlast|||M|||50|,,,,,Fire]Whimsicott||FocusSash|Prankster|Protect,Tailwind,Encore,Moonblast|||F|||50|,,,,,Grass
|showteam|p2|Typhlosion-Hisui||ChoiceSpecs|Blaze|HeatWave,Eruption,ShadowBall,FocusPunch|||F|||50|,,,,,Fire]Whimsicott||CovertCloak|Prankster|Tailwind,Moonblast,SunnyDay,Encore|||F|||50|,,,,,Water]Dragapult||ChoiceBand|ClearBody|Uturn,DragonTail,DragonDarts,PhantomForce|||M|||50|,,,,,Dragon]Torkoal||LifeOrb|Drought|HeatWave,Eruption,Protect,WeatherBall|||F|||50|,,,,,Fire]Lilligant-Hisui||FocusSash|Chlorophyll|CloseCombat,SleepPowder,AfterYou,LeafBlade|||F|||50|,,,,,Ghost]Electabuzz||Eviolite|VitalSpirit|FollowMe,Taunt,Electroweb,Protect|||F|||50|,,,,,Grass
|inactive|Battle timer is ON: inactive players will automatically lose when time's up. (requested by Cyclondo3)
|c|☆Cyclondo3|Glhf
|
|t:|1757809929
|teamsize|p1|4
|teamsize|p2|4
|start
|switch|p1a: Jolteon|Jolteon, L50, M|100/100
|switch|p1b: Whimsicott|Whimsicott, L50, F|100/100
|switch|p2a: Typhlosion|Typhlosion-Hisui, L50, F|100/100
|switch|p2b: Whimsicott|Whimsicott, L50, F|100/100
|turn|1
|
|t:|1757809950
|switch|p2a: Electabuzz|Electabuzz, L50, F|100/100
|move|p2b: Whimsicott|Tailwind|p2b: Whimsicott
|-sidestart|p2: WASHINGTONGARGACHA|move: Tailwind
|move|p1b: Whimsicott|Tailwind|p1b: Whimsicott
|-sidestart|p1: Cyclondo3|move: Tailwind
|move|p1a: Jolteon|Volt Switch|p2a: Electabuzz
|-resisted|p2a: Electabuzz
|-damage|p2a: Electabuzz|81/100
|
|t:|1757809961
|switch|p1a: Ninetales|Ninetales-Alola, L50, M|100/100|[from] Volt Switch
|-weather|Snowscape|[from] ability: Snow Warning|[of] p1a: Ninetales
|
|-weather|Snowscape|[upkeep]
|upkeep
|turn|2
|inactive|Cyclondo3 has 30 seconds left.
|
|t:|1757809989
|switch|p1b: Pincurchin|Pincurchin, L50, M|100/100
|-fieldstart|move: Electric Terrain|[from] ability: Electric Surge|[of] p1b: Pincurchin
|move|p2b: Whimsicott|Sunny Day|p2b: Whimsicott
|-weather|SunnyDay
|move|p2a: Electabuzz|Electroweb|p1b: Pincurchin|[spread] p1a,p1b
|-resisted|p1b: Pincurchin
|-damage|p1a: Ninetales|76/100
|-damage|p1b: Pincurchin|89/100
|-unboost|p1a: Ninetales|spe|1
|move|p1a: Ninetales|Blizzard|p2a: Electabuzz|[spread] p2a,p2b
|-supereffective|p2b: Whimsicott
|-crit|p2b: Whimsicott
|-damage|p2a: Electabuzz|45/100
|-damage|p2b: Whimsicott|0 fnt
|faint|p2b: Whimsicott
|-damage|p1a: Ninetales|67/100|[from] item: Life Orb
|
|-weather|SunnyDay|[upkeep]
|upkeep
|
|t:|1757810004
|switch|p2b: Typhlosion|Typhlosion-Hisui, L50, F|100/100
|turn|3
|
|t:|1757810021
|switch|p1a: Whimsicott|Whimsicott, L50, F|100/100
|-terastallize|p2b: Typhlosion|Fire
|move|p2a: Electabuzz|Follow Me|p2a: Electabuzz
|-singleturn|p2a: Electabuzz|move: Follow Me
|move|p1b: Pincurchin|Sucker Punch||[still]
|-fail|p1b: Pincurchin
|move|p2b: Typhlosion|Eruption|p1a: Whimsicott|[spread] p1a,p1b
|-supereffective|p1a: Whimsicott
|-enditem|p1a: Whimsicott|Focus Sash
|-damage|p1a: Whimsicott|1/100
|-damage|p1b: Pincurchin|0 fnt
|faint|p1b: Pincurchin
|
|-weather|SunnyDay|[upkeep]
|upkeep
|
|t:|1757810032
|switch|p1b: Jolteon|Jolteon, L50, M|100/100
|turn|4
|
|t:|1757810043
|move|p1a: Whimsicott|Protect|p1a: Whimsicott
|-singleturn|p1a: Whimsicott|Protect
|move|p2a: Electabuzz|Follow Me|p2a: Electabuzz
|-singleturn|p2a: Electabuzz|move: Follow Me
|move|p1b: Jolteon|Discharge|p2a: Electabuzz|[spread] p2a,p2b
|-activate|p1a: Whimsicott|move: Protect
|-resisted|p2a: Electabuzz
|-damage|p2a: Electabuzz|24/100
|-damage|p2b: Typhlosion|30/100
|move|p2b: Typhlosion|Eruption|p1a: Whimsicott|[spread] p1b
|-activate|p1a: Whimsicott|move: Protect
|-crit|p1b: Jolteon
|-damage|p1b: Jolteon|0 fnt
|faint|p1b: Jolteon
|
|-weather|SunnyDay|[upkeep]
|-sideend|p1: Cyclondo3|move: Tailwind
|-sideend|p2: WASHINGTONGARGACHA|move: Tailwind
|upkeep
|
|t:|1757810059
|switch|p1b: Ninetales|Ninetales-Alola, L50, M|67/100
|-weather|Snowscape|[from] ability: Snow Warning|[of] p1b: Ninetales
|turn|5
|
|t:|1757810068
|move|p1a: Whimsicott|Tailwind|p1a: Whimsicott
|-sidestart|p1: Cyclondo3|move: Tailwind
|move|p1b: Ninetales|Blizzard|p2b: Typhlosion|[spread] p2a,p2b
|-resisted|p2b: Typhlosion
|-damage|p2a: Electabuzz|0 fnt
|-damage|p2b: Typhlosion|1/100
|faint|p2a: Electabuzz
|-damage|p1b: Ninetales|58/100|[from] item: Life Orb
|move|p2b: Typhlosion|Eruption|p1a: Whimsicott|[spread] p1a,p1b
|-supereffective|p1a: Whimsicott
|-supereffective|p1b: Ninetales
|-damage|p1a: Whimsicott|0 fnt
|-damage|p1b: Ninetales|55/100
|faint|p1a: Whimsicott
|
|-weather|Snowscape|[upkeep]
|upkeep
|
|t:|1757810081
|switch|p2a: Dragapult|Dragapult, L50, M|100/100
|turn|6
|
|t:|1757810091
|move|p1b: Ninetales|Blizzard|p2a: Dragapult|[spread] p2a,p2b
|-supereffective|p2a: Dragapult
|-resisted|p2b: Typhlosion
|-damage|p2a: Dragapult|0 fnt
|-damage|p2b: Typhlosion|0 fnt
|faint|p2a: Dragapult
|faint|p2b: Typhlosion
|-damage|p1b: Ninetales|45/100|[from] item: Life Orb
|
|win|Cyclondo3
||WASHINGTONGARGACHA is ready for game 3.
||Cyclondo3 is ready for game 3.
|uhtml|next|Next: Game 3 of 3
|l|☆WASHINGTONGARGACHA
|player|p2|
|l|☆Cyclondo3
|player|p1|
