|j|☆roidv
|j|☆Fell Blue
|html|roidvFell Blue    
|uhtml|bestof|Game 3 of a best-of-3
|t:|1783749760
|gametype|doubles
|player|p1|roidv|169|
|player|p2|Fell Blue|fantina|
|gen|9
|tier|[Gen 9 Champions] VGC 2026 Reg M-B (Bo3)
|rule|Species Clause: Limit one of each Pokémon
|rule|Item Clause: Limit 1 of each item
|clearpoke
|poke|p1|Arcanine-Hisui, L50, M|
|poke|p1|Torkoal, L50, M|
|poke|p1|Lucario, L50, M|
|poke|p1|Milotic, L50, F|
|poke|p1|Corviknight, L50, M, shiny|
|poke|p1|Umbreon, L50, M, shiny|
|poke|p2|Metagross, L50|
|poke|p2|Pelipper, L50, M|
|poke|p2|Sinistcha, L50|
|poke|p2|Archaludon, L50, F|
|poke|p2|Swampert, L50, F|
|poke|p2|Grimmsnarl, L50, M|
|teampreview|4
|showteam|p1|Arcanine-Hisui||FocusSash|RockHead|FlareBlitz,RockSlide,HeadSmash,ExtremeSpeed|Jolly||M|||50|]Torkoal||Charcoal|Drought|Eruption,HeatWave,SolarBeam,Protect|Quiet||M|||50|]Lucario||Lucarionite|InnerFocus|SwordsDance,CloseCombat,BulletPunch,MeteorMash|Jolly||M|||50|]Milotic||MysticWater|Competitive|MuddyWater,Scald,IceBeam,LightScreen|Timid||F|||50|]Corviknight||SitrusBerry|MirrorArmor|Curse,BodyPress,IronHead,Roost|Sassy||M|||50|]Umbreon||Leftovers|Synchronize|Toxic,Reflect,Snarl,Moonlight|Relaxed||M|||50|
|showteam|p2|Metagross||Metagrossite|ClearBody|IronHead,PsychicFangs,BodyPress,Protect|Jolly|||||50|]Pelipper||SitrusBerry|Drizzle|Hurricane,WeatherBall,Tailwind,WideGuard|Modest||M|||50|]Sinistcha||KasibBerry|Hospitality|MatchaGotcha,RagePowder,TrickRoom,Protect|Relaxed|||||50|]Archaludon||Leftovers|Stamina|ElectroShot,DragonPulse,FlashCannon,Protect|Modest||F|||50|]Swampert||Swampertite|Damp|WaveCrash,Earthquake,IcePunch,Protect|Adamant||F|||50|]Grimmsnarl||LightClay|Prankster|FoulPlay,PartingShot,Reflect,LightScreen|Calm||M|||50|
|
|t:|1783749782
|teamsize|p1|4
|teamsize|p2|4
|start
|switch|p1a: Lucario|Lucario, L50, M|100/100
|switch|p1b: Arcanine|Arcanine-Hisui, L50, M|100/100
|switch|p2a: Grimmsnarl|Grimmsnarl, L50, M|100/100
|switch|p2b: Swampert|Swampert, L50, F|100/100
|turn|1
|
|t:|1783749802
|switch|p1a: Umbreon|Umbreon, L50, M, shiny|100/100
|detailschange|p2b: Swampert|Swampert-Mega, L50, F
|-mega|p2b: Swampert|Swampert|Swampertite
|move|p2a: Grimmsnarl|Reflect|p2a: Grimmsnarl
|-sidestart|p2: Fell Blue|Reflect
|move|p1b: Arcanine|Rock Slide|p2a: Grimmsnarl|[spread] p2a,p2b
|-resisted|p2b: Swampert|1
|-damage|p2a: Grimmsnarl|82/100
|-damage|p2b: Swampert|92/100
|move|p2b: Swampert|Earthquake|p1a: Umbreon|[spread] p2a,p1a,p1b
|-supereffective|p1b: Arcanine|2
|-damage|p2a: Grimmsnarl|48/100
|-damage|p1a: Umbreon|71/100
|-enditem|p1b: Arcanine|Focus Sash
|-damage|p1b: Arcanine|1/100
|
|-heal|p1a: Umbreon|77/100|[from] item: Leftovers
|upkeep
|turn|2
|
|t:|1783749822
|move|p2a: Grimmsnarl|Parting Shot|p1b: Arcanine
|-unboost|p1b: Arcanine|atk|1
|-unboost|p1b: Arcanine|spa|1
|
|t:|1783749825
|switch|p2a: Pelipper|Pelipper, L50, M|100/100|[from] Parting Shot
|-weather|RainDance|[from] ability: Drizzle|[of] p2a: Pelipper
|move|p2b: Swampert|Earthquake|p1a: Umbreon|[spread] p1a,p1b
|-immune|p2a: Pelipper
|-supereffective|p1b: Arcanine|2
|-damage|p1a: Umbreon|48/100
|-damage|p1b: Arcanine|0 fnt
|faint|p1b: Arcanine
|move|p1a: Umbreon|Reflect|p1a: Umbreon
|-sidestart|p1: roidv|Reflect
|
|-weather|RainDance|[upkeep]
|-heal|p1a: Umbreon|53/100|[from] item: Leftovers
|upkeep
|
|t:|1783749837
|switch|p1b: Torkoal|Torkoal, L50, M|100/100
|-weather|SunnyDay|[from] ability: Drought|[of] p1b: Torkoal
|turn|3
|
|t:|1783749850
|move|p2b: Swampert|Earthquake|p1b: Torkoal|[spread] p1a,p1b
|-immune|p2a: Pelipper
|-supereffective|p1b: Torkoal|1
|-damage|p1a: Umbreon|35/100
|-damage|p1b: Torkoal|54/100
|move|p2a: Pelipper|Hurricane|p1b: Torkoal|[miss]
|-miss|p2a: Pelipper|p1b: Torkoal
|move|p1a: Umbreon|Moonlight|p1a: Umbreon
|-heal|p1a: Umbreon|100/100
|move|p1b: Torkoal|Solar Beam||[still]
|-prepare|p1b: Torkoal|Solar Beam
|-anim|p1b: Torkoal|Solar Beam|p2b: Swampert
|-supereffective|p2b: Swampert|2
|-damage|p2b: Swampert|0 fnt
|faint|p2b: Swampert
|
|-weather|SunnyDay|[upkeep]
|upkeep
|
|t:|1783749862
|switch|p2b: Archaludon|Archaludon, L50, F|100/100
|turn|4
|
|t:|1783749878
|move|p2a: Pelipper|Wide Guard|p2a: Pelipper
|-singleturn|p2a: Pelipper|Wide Guard
|move|p2b: Archaludon|Electro Shot||[still]
|-prepare|p2b: Archaludon|Electro Shot
|-boost|p2b: Archaludon|spa|1
|move|p1a: Umbreon|Toxic|p2a: Pelipper
|-status|p2a: Pelipper|tox
|move|p1b: Torkoal|Heat Wave|p2a: Pelipper|[spread] 
|-activate|p2a: Pelipper|move: Wide Guard
|-activate|p2b: Archaludon|move: Wide Guard
|
|-weather|SunnyDay|[upkeep]
|-damage|p2a: Pelipper|94/100 tox|[from] psn
|upkeep
|turn|5
|
|t:|1783749903
|switch|p1a: Lucario|Lucario, L50, M|100/100
|move|p2a: Pelipper|Wide Guard|p2a: Pelipper
|-singleturn|p2a: Pelipper|Wide Guard
|move|p2b: Archaludon|Electro Shot|p1b: Torkoal|[from] lockedmove
|-damage|p1b: Torkoal|0 fnt
|faint|p1b: Torkoal
|
|-weather|SunnyDay|[upkeep]
|-damage|p2a: Pelipper|82/100 tox|[from] psn
|upkeep
|
|t:|1783749913
|switch|p1b: Umbreon|Umbreon, L50, M, shiny|100/100
|turn|6
|
|t:|1783749933
|detailschange|p1a: Lucario|Lucario-Mega, L50, M
|-mega|p1a: Lucario|Lucario|Lucarionite
|move|p1a: Lucario|Swords Dance|p1a: Lucario
|-boost|p1a: Lucario|atk|2
|move|p2b: Archaludon|Electro Shot||[still]
|-prepare|p2b: Archaludon|Electro Shot
|-boost|p2b: Archaludon|spa|1
|move|p2a: Pelipper|Tailwind|p2a: Pelipper
|-sidestart|p2: Fell Blue|move: Tailwind
|move|p1b: Umbreon|Snarl|p2a: Pelipper|[spread] p2a,p2b
|-damage|p2a: Pelipper|68/100 tox
|-damage|p2b: Archaludon|90/100
|-unboost|p2a: Pelipper|spa|1
|-unboost|p2b: Archaludon|spa|1
|-ability|p2b: Archaludon|Stamina|boost
|-boost|p2b: Archaludon|def|1
|
|-weather|SunnyDay|[upkeep]
|-heal|p2b: Archaludon|96/100|[from] item: Leftovers
|-damage|p2a: Pelipper|50/100g tox|[from] psn
|-sideend|p1: roidv|Reflect
|upkeep
|turn|7
|
|t:|1783749955
|move|p2b: Archaludon|Electro Shot|p1a: Lucario|[from] lockedmove
|-damage|p1a: Lucario|9/100
|move|p2a: Pelipper|Weather Ball|p1a: Lucario
|-supereffective|p1a: Lucario|1
|-damage|p1a: Lucario|0 fnt
|faint|p1a: Lucario
|move|p1b: Umbreon|Snarl|p2a: Pelipper|[spread] p2a,p2b
|-damage|p2a: Pelipper|38/100 tox
|-damage|p2b: Archaludon|87/100
|-unboost|p2a: Pelipper|spa|1
|-unboost|p2b: Archaludon|spa|1
|-ability|p2b: Archaludon|Stamina|boost
|-boost|p2b: Archaludon|def|1
|-enditem|p2a: Pelipper|Sitrus Berry|[eat]
|-heal|p2a: Pelipper|62/100 tox|[from] item: Sitrus Berry
|
|-weather|none
|-heal|p2b: Archaludon|93/100|[from] item: Leftovers
|-damage|p2a: Pelipper|38/100 tox|[from] psn
|upkeep
|turn|8
|
|t:|1783749978
|move|p2b: Archaludon|Flash Cannon|p1b: Umbreon
|-damage|p1b: Umbreon|74/100
|move|p2a: Pelipper|Hurricane|p1b: Umbreon|[miss]
|-miss|p2a: Pelipper|p1b: Umbreon
|move|p1b: Umbreon|Snarl|p2b: Archaludon|[spread] p2a,p2b
|-damage|p2a: Pelipper|27/100 tox
|-damage|p2b: Archaludon|84/100
|-unboost|p2a: Pelipper|spa|1
|-unboost|p2b: Archaludon|spa|1
|-ability|p2b: Archaludon|Stamina|boost
|-boost|p2b: Archaludon|def|1
|
|-heal|p2b: Archaludon|90/100|[from] item: Leftovers
|-heal|p1b: Umbreon|80/100|[from] item: Leftovers
|-damage|p2a: Pelipper|0 fnt|[from] psn
|faint|p2a: Pelipper
|-sideend|p2: Fell Blue|Reflect
|upkeep
|
|t:|1783750001
|switch|p2a: Grimmsnarl|Grimmsnarl, L50, M|48/100
|turn|9
|
|t:|1783750007
|move|p2a: Grimmsnarl|Light Screen|p2a: Grimmsnarl
|-sidestart|p2: Fell Blue|move: Light Screen
|move|p2b: Archaludon|Electro Shot||[still]
|-prepare|p2b: Archaludon|Electro Shot
|-boost|p2b: Archaludon|spa|1
|move|p1b: Umbreon|Toxic|p2a: Grimmsnarl
|-status|p2a: Grimmsnarl|tox
|
|-heal|p2b: Archaludon|96/100|[from] item: Leftovers
|-heal|p1b: Umbreon|86/100|[from] item: Leftovers
|-damage|p2a: Grimmsnarl|42/100 tox|[from] psn
|-sideend|p2: Fell Blue|move: Tailwind
|upkeep
|turn|10
|
|t:|1783750021
|move|p2b: Archaludon|Electro Shot|p1b: Umbreon|[from] lockedmove
|-damage|p1b: Umbreon|60/100
|move|p2a: Grimmsnarl|Foul Play|p1b: Umbreon
|-resisted|p1b: Umbreon|1
|-damage|p1b: Umbreon|52/100
|move|p1b: Umbreon|Moonlight|p1b: Umbreon
|-heal|p1b: Umbreon|100/100
|
|-heal|p2b: Archaludon|100/100|[from] item: Leftovers
|-damage|p2a: Grimmsnarl|30/100 tox|[from] psn
|upkeep
|turn|11
|
|t:|1783750050
|move|p2b: Archaludon|Flash Cannon|p1b: Umbreon
|-damage|p1b: Umbreon|77/100
|move|p2a: Grimmsnarl|Foul Play|p1b: Umbreon
|-resisted|p1b: Umbreon|1
|-damage|p1b: Umbreon|70/100
|move|p1b: Umbreon|Snarl|p2b: Archaludon|[spread] p2a,p2b
|-resisted|p2a: Grimmsnarl|2
|-damage|p2a: Grimmsnarl|28/100 tox
|-damage|p2b: Archaludon|94/100
|-unboost|p2a: Grimmsnarl|spa|1
|-unboost|p2b: Archaludon|spa|1
|-ability|p2b: Archaludon|Stamina|boost
|-boost|p2b: Archaludon|def|1
|
|-heal|p2b: Archaludon|100/100|[from] item: Leftovers
|-heal|p1b: Umbreon|76/100|[from] item: Leftovers
|-damage|p2a: Grimmsnarl|10/100 tox|[from] psn
|upkeep
|turn|12
|
|t:|1783750070
|move|p2b: Archaludon|Flash Cannon|p1b: Umbreon
|-damage|p1b: Umbreon|59/100
|move|p2a: Grimmsnarl|Foul Play|p1b: Umbreon
|-resisted|p1b: Umbreon|1
|-damage|p1b: Umbreon|52/100
|move|p1b: Umbreon|Snarl|p2b: Archaludon|[spread] p2a,p2b
|-resisted|p2a: Grimmsnarl|2
|-damage|p2a: Grimmsnarl|9/100 tox
|-damage|p2b: Archaludon|93/100
|-unboost|p2a: Grimmsnarl|spa|1
|-unboost|p2b: Archaludon|spa|1
|-ability|p2b: Archaludon|Stamina|boost
|-boost|p2b: Archaludon|def|1
|
|-heal|p2b: Archaludon|100/100|[from] item: Leftovers
|-heal|p1b: Umbreon|58/100|[from] item: Leftovers
|-damage|p2a: Grimmsnarl|0 fnt|[from] psn
|faint|p2a: Grimmsnarl
|upkeep
|turn|13
|
|t:|1783750085
|move|p2b: Archaludon|Protect|p2b: Archaludon
|-singleturn|p2b: Archaludon|Protect
|move|p1b: Umbreon|Moonlight|p1b: Umbreon
|-heal|p1b: Umbreon|100/100
|
|upkeep
|turn|14
|
|t:|1783750093
|move|p2b: Archaludon|Electro Shot||[still]
|-prepare|p2b: Archaludon|Electro Shot
|-boost|p2b: Archaludon|spa|1
|move|p1b: Umbreon|Snarl|p2b: Archaludon
|-damage|p2b: Archaludon|91/100
|-unboost|p2b: Archaludon|spa|1
|-ability|p2b: Archaludon|Stamina|boost
|-boost|p2b: Archaludon|def|1
|
|-heal|p2b: Archaludon|97/100|[from] item: Leftovers
|upkeep
|turn|15
|
|t:|1783750114
|move|p2b: Archaludon|Electro Shot|p1b: Umbreon|[from] lockedmove
|-crit|p1b: Umbreon
|-damage|p1b: Umbreon|64/100
|move|p1b: Umbreon|Reflect|p1b: Umbreon
|-sidestart|p1: roidv|Reflect
|
|-heal|p2b: Archaludon|100/100|[from] item: Leftovers
|-heal|p1b: Umbreon|70/100|[from] item: Leftovers
|upkeep
|turn|16
|
|t:|1783750123
|move|p2b: Archaludon|Flash Cannon|p1b: Umbreon
|-damage|p1b: Umbreon|56/100
|move|p1b: Umbreon|Snarl|p2b: Archaludon
|-damage|p2b: Archaludon|91/100
|-unboost|p2b: Archaludon|spa|1
|
|-heal|p2b: Archaludon|97/100|[from] item: Leftovers
|-heal|p1b: Umbreon|62/100|[from] item: Leftovers
|-sideend|p2: Fell Blue|move: Light Screen
|upkeep
|turn|17
|
|t:|1783750137
|move|p2b: Archaludon|Flash Cannon|p1b: Umbreon
|-damage|p1b: Umbreon|53/100
|move|p1b: Umbreon|Moonlight|p1b: Umbreon
|-heal|p1b: Umbreon|100/100
|
|-heal|p2b: Archaludon|100/100|[from] item: Leftovers
|upkeep
|turn|18
|
|t:|1783750146
|move|p2b: Archaludon|Flash Cannon|p1b: Umbreon
|-damage|p1b: Umbreon|89/100
|-unboost|p1b: Umbreon|spd|1
|move|p1b: Umbreon|Reflect||[still]
|-fail|p1b: Umbreon
|
|-heal|p1b: Umbreon|95/100|[from] item: Leftovers
|upkeep
|turn|19
|
|t:|1783750154
|move|p2b: Archaludon|Flash Cannon|p1b: Umbreon
|-damage|p1b: Umbreon|80/100
|move|p1b: Umbreon|Snarl|p2b: Archaludon
|-damage|p2b: Archaludon|87/100
|-unboost|p2b: Archaludon|spa|1
|
|-heal|p2b: Archaludon|93/100|[from] item: Leftovers
|-heal|p1b: Umbreon|86/100|[from] item: Leftovers
|-sideend|p1: roidv|Reflect
|upkeep
|turn|20
|
|t:|1783750162
|move|p2b: Archaludon|Flash Cannon|p1b: Umbreon
|-damage|p1b: Umbreon|72/100
|move|p1b: Umbreon|Reflect|p1b: Umbreon
|-sidestart|p1: roidv|Reflect
|
|-heal|p2b: Archaludon|99/100|[from] item: Leftovers
|-heal|p1b: Umbreon|78/100|[from] item: Leftovers
|upkeep
|turn|21
|
|t:|1783750174
|move|p2b: Archaludon|Flash Cannon|p1b: Umbreon
|-damage|p1b: Umbreon|66/100
|move|p1b: Umbreon|Toxic|p2b: Archaludon
|-immune|p2b: Archaludon
|
|-heal|p2b: Archaludon|100/100|[from] item: Leftovers
|-heal|p1b: Umbreon|72/100|[from] item: Leftovers
|upkeep
|turn|22
|
|t:|1783750187
|move|p2b: Archaludon|Flash Cannon|p1b: Umbreon
|-damage|p1b: Umbreon|60/100
|move|p1b: Umbreon|Toxic|p2b: Archaludon
|-immune|p2b: Archaludon
|
|-heal|p1b: Umbreon|66/100|[from] item: Leftovers
|upkeep
|turn|23
|
|t:|1783750196
|move|p2b: Archaludon|Flash Cannon|p1b: Umbreon
|-damage|p1b: Umbreon|53/100
|move|p1b: Umbreon|Snarl|p2b: Archaludon
|-damage|p2b: Archaludon|87/100
|-unboost|p2b: Archaludon|spa|1
|
|-heal|p2b: Archaludon|93/100|[from] item: Leftovers
|-heal|p1b: Umbreon|59/100|[from] item: Leftovers
|upkeep
|turn|24
|
|t:|1783750213
|move|p2b: Archaludon|Flash Cannon|p1b: Umbreon
|-damage|p1b: Umbreon|49/100
|move|p1b: Umbreon|Moonlight|p1b: Umbreon
|-heal|p1b: Umbreon|99/100
|
|-heal|p2b: Archaludon|100/100|[from] item: Leftovers
|-heal|p1b: Umbreon|100/100|[from] item: Leftovers
|-sideend|p1: roidv|Reflect
|upkeep
|turn|25
|
|t:|1783750220
|move|p2b: Archaludon|Electro Shot||[still]
|-prepare|p2b: Archaludon|Electro Shot
|-boost|p2b: Archaludon|spa|1
|move|p1b: Umbreon|Reflect|p1b: Umbreon
|-sidestart|p1: roidv|Reflect
|
|upkeep
|turn|26
|
|t:|1783750225
|move|p2b: Archaludon|Electro Shot|p1b: Umbreon|[from] lockedmove
|-damage|p1b: Umbreon|86/100
|move|p1b: Umbreon|Snarl|p2b: Archaludon
|-damage|p2b: Archaludon|87/100
|-unboost|p2b: Archaludon|spa|1
|
|-heal|p2b: Archaludon|93/100|[from] item: Leftovers
|-heal|p1b: Umbreon|92/100|[from] item: Leftovers
|upkeep
|turn|27
|
|t:|1783750236
|move|p2b: Archaludon|Electro Shot||[still]
|-prepare|p2b: Archaludon|Electro Shot
|-boost|p2b: Archaludon|spa|1
|move|p1b: Umbreon|Toxic|p2b: Archaludon|[miss]
|-miss|p1b: Umbreon|p2b: Archaludon
|
|-heal|p2b: Archaludon|99/100|[from] item: Leftovers
|-heal|p1b: Umbreon|98/100|[from] item: Leftovers
|upkeep
|turn|28
|
|t:|1783750255
|move|p2b: Archaludon|Electro Shot|p1b: Umbreon|[from] lockedmove
|-damage|p1b: Umbreon|86/100
|move|p1b: Umbreon|Snarl|p2b: Archaludon
|-damage|p2b: Archaludon|86/100
|-unboost|p2b: Archaludon|spa|1
|
|-heal|p2b: Archaludon|92/100|[from] item: Leftovers
|-heal|p1b: Umbreon|92/100|[from] item: Leftovers
|upkeep
|turn|29
|
|t:|1783750266
|move|p2b: Archaludon|Electro Shot||[still]
|-prepare|p2b: Archaludon|Electro Shot
|-boost|p2b: Archaludon|spa|1
|move|p1b: Umbreon|Toxic|p2b: Archaludon
|-immune|p2b: Archaludon
|
|-heal|p2b: Archaludon|98/100|[from] item: Leftovers
|-heal|p1b: Umbreon|98/100|[from] item: Leftovers
|-sideend|p1: roidv|Reflect
|upkeep
|turn|30
|
|t:|1783750275
|move|p2b: Archaludon|Electro Shot|p1b: Umbreon|[from] lockedmove
|-damage|p1b: Umbreon|85/100
|move|p1b: Umbreon|Snarl|p2b: Archaludon
|-damage|p2b: Archaludon|86/100
|-unboost|p2b: Archaludon|spa|1
|
|-heal|p2b: Archaludon|92/100|[from] item: Leftovers
|-heal|p1b: Umbreon|91/100|[from] item: Leftovers
|upkeep
|turn|31
|
|t:|1783750285
|move|p2b: Archaludon|Protect|p2b: Archaludon
|-singleturn|p2b: Archaludon|Protect
|move|p1b: Umbreon|Toxic|p2b: Archaludon
|-activate|p2b: Archaludon|move: Protect
|
|-heal|p2b: Archaludon|98/100|[from] item: Leftovers
|-heal|p1b: Umbreon|97/100|[from] item: Leftovers
|upkeep
|turn|32
|
|t:|1783750293
|move|p2b: Archaludon|Protect||[still]
|-fail|p2b: Archaludon
|move|p1b: Umbreon|Toxic|p2b: Archaludon
|-immune|p2b: Archaludon
|
|-heal|p2b: Archaludon|100/100|[from] item: Leftovers
|-heal|p1b: Umbreon|100/100|[from] item: Leftovers
|upkeep
|turn|33
|
|t:|1783750301
|move|p2b: Archaludon|Dragon Pulse|p1b: Umbreon
|-damage|p1b: Umbreon|88/100
|move|p1b: Umbreon|Toxic|p2b: Archaludon
|-immune|p2b: Archaludon
|
|-heal|p1b: Umbreon|94/100|[from] item: Leftovers
|upkeep
|turn|34
|
|t:|1783750310
|move|p2b: Archaludon|Protect|p2b: Archaludon
|-singleturn|p2b: Archaludon|Protect
|move|p1b: Umbreon|Toxic|p2b: Archaludon
|-activate|p2b: Archaludon|move: Protect
|
|-heal|p1b: Umbreon|100/100|[from] item: Leftovers
|upkeep
|turn|35
|
|t:|1783750317
|move|p2b: Archaludon|Protect|p2b: Archaludon
|-singleturn|p2b: Archaludon|Protect
|move|p1b: Umbreon|Toxic|p2b: Archaludon
|-activate|p2b: Archaludon|move: Protect
|
|upkeep
|turn|36
|
|t:|1783750323
|move|p2b: Archaludon|Electro Shot||[still]
|-prepare|p2b: Archaludon|Electro Shot
|-boost|p2b: Archaludon|spa|1
|move|p1b: Umbreon|Toxic|p2b: Archaludon
|-immune|p2b: Archaludon
|
|upkeep
|turn|37
|
|t:|1783750329
|move|p2b: Archaludon|Electro Shot|p1b: Umbreon|[from] lockedmove
|-damage|p1b: Umbreon|87/100
|move|p1b: Umbreon|Snarl|p2b: Archaludon
|-damage|p2b: Archaludon|88/100
|-unboost|p2b: Archaludon|spa|1
|
|-heal|p2b: Archaludon|94/100|[from] item: Leftovers
|-heal|p1b: Umbreon|93/100|[from] item: Leftovers
|upkeep
|turn|38
|
|t:|1783750337
|move|p2b: Archaludon|Protect|p2b: Archaludon
|-singleturn|p2b: Archaludon|Protect
|move|p1b: Umbreon|Reflect|p1b: Umbreon
|-sidestart|p1: roidv|Reflect
|
|-heal|p2b: Archaludon|100/100|[from] item: Leftovers
|-heal|p1b: Umbreon|99/100|[from] item: Leftovers
|upkeep
|turn|39
|
|t:|1783750345
|move|p2b: Archaludon|Electro Shot||[still]
|-prepare|p2b: Archaludon|Electro Shot
|-boost|p2b: Archaludon|spa|1
|move|p1b: Umbreon|Reflect||[still]
|-fail|p1b: Umbreon
|
|-heal|p1b: Umbreon|100/100|[from] item: Leftovers
|upkeep
|turn|40
|
|t:|1783750352
|move|p2b: Archaludon|Electro Shot|p1b: Umbreon|[from] lockedmove
|-damage|p1b: Umbreon|86/100
|move|p1b: Umbreon|Reflect||[still]
|-fail|p1b: Umbreon
|
|-heal|p1b: Umbreon|92/100|[from] item: Leftovers
|upkeep
|turn|41
|
|t:|1783750359
|move|p2b: Archaludon|Protect|p2b: Archaludon
|-singleturn|p2b: Archaludon|Protect
|move|p1b: Umbreon|Reflect||[still]
|-fail|p1b: Umbreon
|
|-heal|p1b: Umbreon|98/100|[from] item: Leftovers
|upkeep
|turn|42
|
|t:|1783750365
|move|p2b: Archaludon|Electro Shot||[still]
|-prepare|p2b: Archaludon|Electro Shot
|-boost|p2b: Archaludon|spa|1
|move|p1b: Umbreon|Snarl|p2b: Archaludon
|-damage|p2b: Archaludon|87/100
|-unboost|p2b: Archaludon|spa|1
|
|-heal|p2b: Archaludon|93/100|[from] item: Leftovers
|-heal|p1b: Umbreon|100/100|[from] item: Leftovers
|-sideend|p1: roidv|Reflect
|upkeep
|turn|43
|
|t:|1783750374
|move|p2b: Archaludon|Electro Shot|p1b: Umbreon|[from] lockedmove
|-damage|p1b: Umbreon|87/100
|move|p1b: Umbreon|Reflect|p1b: Umbreon
|-sidestart|p1: roidv|Reflect
|
|-heal|p2b: Archaludon|99/100|[from] item: Leftovers
|-heal|p1b: Umbreon|93/100|[from] item: Leftovers
|upkeep
|turn|44
|
|t:|1783750382
|move|p2b: Archaludon|Electro Shot||[still]
|-prepare|p2b: Archaludon|Electro Shot
|-boost|p2b: Archaludon|spa|1
|move|p1b: Umbreon|Snarl|p2b: Archaludon|[miss]
|-miss|p1b: Umbreon|p2b: Archaludon
|
|-heal|p2b: Archaludon|100/100|[from] item: Leftovers
|-heal|p1b: Umbreon|99/100|[from] item: Leftovers
|upkeep
|turn|45
|
|t:|1783750389
|move|p2b: Archaludon|Electro Shot|p1b: Umbreon|[from] lockedmove
|-damage|p1b: Umbreon|84/100
|move|p1b: Umbreon|Snarl|p2b: Archaludon
|-damage|p2b: Archaludon|88/100
|-unboost|p2b: Archaludon|spa|1
|
|-heal|p2b: Archaludon|94/100|[from] item: Leftovers
|-heal|p1b: Umbreon|90/100|[from] item: Leftovers
|upkeep
|turn|46
|
|t:|1783750398
|move|p2b: Archaludon|Electro Shot||[still]
|-prepare|p2b: Archaludon|Electro Shot
|-boost|p2b: Archaludon|spa|1
|move|p1b: Umbreon|Reflect||[still]
|-fail|p1b: Umbreon
|
|-heal|p2b: Archaludon|100/100|[from] item: Leftovers
|-heal|p1b: Umbreon|96/100|[from] item: Leftovers
|upkeep
|turn|47
|
|t:|1783750405
|move|p2b: Archaludon|Electro Shot|p1b: Umbreon|[from] lockedmove
|-damage|p1b: Umbreon|80/100
|move|p1b: Umbreon|Reflect||[still]
|-fail|p1b: Umbreon
|
|-heal|p1b: Umbreon|86/100|[from] item: Leftovers
|-sideend|p1: roidv|Reflect
|upkeep
|turn|48
|
|t:|1783750415
|move|p2b: Archaludon|Dragon Pulse|p1b: Umbreon
|-damage|p1b: Umbreon|70/100
|move|p1b: Umbreon|Reflect|p1b: Umbreon
|-sidestart|p1: roidv|Reflect
|
|-heal|p1b: Umbreon|76/100|[from] item: Leftovers
|upkeep
|turn|49
|
|t:|1783750424
|move|p2b: Archaludon|Dragon Pulse|p1b: Umbreon
|-damage|p1b: Umbreon|61/100
|move|p1b: Umbreon|Reflect||[still]
|-fail|p1b: Umbreon
|
|-heal|p1b: Umbreon|67/100|[from] item: Leftovers
|upkeep
|turn|50
|
|t:|1783750430
|move|p2b: Archaludon|Dragon Pulse|p1b: Umbreon
|-damage|p1b: Umbreon|50/100g
|move|p1b: Umbreon|Reflect||[still]
|-fail|p1b: Umbreon
|
|-heal|p1b: Umbreon|56/100|[from] item: Leftovers
|upkeep
|turn|51
|
|t:|1783750437
|move|p2b: Archaludon|Dragon Pulse|p1b: Umbreon
|-damage|p1b: Umbreon|41/100
|move|p1b: Umbreon|Moonlight|p1b: Umbreon
|-heal|p1b: Umbreon|91/100
|
|-heal|p1b: Umbreon|97/100|[from] item: Leftovers
|upkeep
|turn|52
|
|t:|1783750445
|move|p2b: Archaludon|Protect|p2b: Archaludon
|-singleturn|p2b: Archaludon|Protect
|move|p1b: Umbreon|Reflect||[still]
|-fail|p1b: Umbreon
|
|-heal|p1b: Umbreon|100/100|[from] item: Leftovers
|-sideend|p1: roidv|Reflect
|upkeep
|turn|53
|
|t:|1783750453
|move|p2b: Archaludon|Dragon Pulse|p1b: Umbreon
|-damage|p1b: Umbreon|83/100
|move|p1b: Umbreon|Reflect|p1b: Umbreon
|-sidestart|p1: roidv|Reflect
|
|-heal|p1b: Umbreon|89/100|[from] item: Leftovers
|upkeep
|turn|54
|
|t:|1783750461
|move|p2b: Archaludon|Dragon Pulse|p1b: Umbreon
|-damage|p1b: Umbreon|72/100
|move|p1b: Umbreon|Reflect||[still]
|-fail|p1b: Umbreon
|
|-heal|p1b: Umbreon|78/100|[from] item: Leftovers
|upkeep
|turn|55
|
|t:|1783750468
|move|p2b: Archaludon|Dragon Pulse|p1b: Umbreon
|-damage|p1b: Umbreon|63/100
|move|p1b: Umbreon|Reflect||[still]
|-fail|p1b: Umbreon
|
|-heal|p1b: Umbreon|69/100|[from] item: Leftovers
|upkeep
|turn|56
|
|t:|1783750478
|move|p2b: Archaludon|Dragon Pulse|p1b: Umbreon
|-damage|p1b: Umbreon|54/100
|move|p1b: Umbreon|Reflect||[still]
|-fail|p1b: Umbreon
|
|-heal|p1b: Umbreon|60/100|[from] item: Leftovers
|upkeep
|turn|57
|
|t:|1783750485
|move|p2b: Archaludon|Dragon Pulse|p1b: Umbreon
|-damage|p1b: Umbreon|46/100
|move|p1b: Umbreon|Moonlight|p1b: Umbreon
|-heal|p1b: Umbreon|96/100
|
|-heal|p1b: Umbreon|100/100|[from] item: Leftovers
|-sideend|p1: roidv|Reflect
|upkeep
|turn|58
|
|t:|1783750494
|move|p2b: Archaludon|Dragon Pulse|p1b: Umbreon
|-damage|p1b: Umbreon|83/100
|move|p1b: Umbreon|Moonlight|p1b: Umbreon
|-heal|p1b: Umbreon|100/100
|
|upkeep
|turn|59
|
|t:|1783750502
|move|p2b: Archaludon|Dragon Pulse|p1b: Umbreon
|-damage|p1b: Umbreon|83/100
|-activate|p1b: Umbreon|move: Struggle
|move|p1b: Umbreon|Struggle|p2b: Archaludon
|-damage|p2b: Archaludon|97/100
|-damage|p1b: Umbreon|58/100|[from] recoil
|
|-heal|p2b: Archaludon|100/100|[from] item: Leftovers
|-heal|p1b: Umbreon|64/100|[from] item: Leftovers
|upkeep
|turn|60
|
|t:|1783750511
|-activate|p2b: Archaludon|move: Struggle
|move|p2b: Archaludon|Struggle|p1b: Umbreon
|-damage|p1b: Umbreon|57/100
|-damage|p2b: Archaludon|75/100|[from] recoil
|-activate|p1b: Umbreon|move: Struggle
|move|p1b: Umbreon|Struggle|p2b: Archaludon
|-damage|p2b: Archaludon|73/100
|-damage|p1b: Umbreon|32/100|[from] recoil
|
|-heal|p2b: Archaludon|79/100|[from] item: Leftovers
|-heal|p1b: Umbreon|38/100|[from] item: Leftovers
|upkeep
|turn|61
|
|t:|1783750520
|-activate|p2b: Archaludon|move: Struggle
|move|p2b: Archaludon|Struggle|p1b: Umbreon
|-damage|p1b: Umbreon|31/100
|-damage|p2b: Archaludon|54/100|[from] recoil
|-activate|p1b: Umbreon|move: Struggle
|move|p1b: Umbreon|Struggle|p2b: Archaludon
|-damage|p2b: Archaludon|52/100
|-damage|p1b: Umbreon|6/100|[from] recoil
|
|-heal|p2b: Archaludon|58/100|[from] item: Leftovers
|-heal|p1b: Umbreon|12/100|[from] item: Leftovers
|upkeep
|turn|62
|
|t:|1783750530
|-activate|p2b: Archaludon|move: Struggle
|move|p2b: Archaludon|Struggle|p1b: Umbreon
|-damage|p1b: Umbreon|5/100
|-damage|p2b: Archaludon|33/100|[from] recoil
|-activate|p1b: Umbreon|move: Struggle
|move|p1b: Umbreon|Struggle|p2b: Archaludon
|-damage|p2b: Archaludon|31/100
|-damage|p1b: Umbreon|0 fnt|[from] recoil
|faint|p1b: Umbreon
|
|win|Fell Blue
