|j|☆hexagonfoot
|j|☆Yuste3_
|html|hexagonfootYuste3_    
|uhtml|bestof|Game 1 of a best-of-3
|t:|1756339254
|gametype|doubles
|player|p1|hexagonfoot|caitlin|1132
|player|p2|Yuste3_|lucas|1054
|gen|9
|tier|[Gen 9] VGC 2025 Reg H (Bo3)
|rated|
|rule|Species Clause: Limit one of each Pokémon
|rule|Item Clause: Limit 1 of each item
|clearpoke
|poke|p1|Kingambit, L50, F|
|poke|p1|Primarina, L50, F|
|poke|p1|Sneasler, L50, M|
|poke|p1|Magmar, L50, F|
|poke|p1|Rillaboom, L50, M|
|poke|p1|Dragapult, L50, F|
|poke|p2|Maushold-Four, L50|
|poke|p2|Archaludon, L50, F|
|poke|p2|Volcarona, L50, F|
|poke|p2|Whimsicott, L50, M|
|poke|p2|Indeedee, L50, M|
|poke|p2|Delphox, L50, F|
|teampreview|4
|showteam|p1|Kingambit||BlackGlasses|Defiant|KowtowCleave,SuckerPunch,SwordsDance,Protect|||F|||50|,,,,,Ghost]Primarina||SitrusBerry|LiquidVoice|HyperVoice,Moonblast,Haze,Protect|||F|||50|,,,,,Water]Sneasler||FocusSash|PoisonTouch|CloseCombat,DireClaw,FakeOut,Protect|||M|||50|,,,,,Stellar]Magmar||Eviolite|VitalSpirit|Overheat,WillOWisp,FollowMe,Protect|||F|||50|,,,,,Ghost]Rillaboom||AssaultVest|GrassySurge|WoodHammer,GrassyGlide,HighHorsepower,FakeOut|||M|||50|,,,,,Fire]Dragapult||ChoiceBand|ClearBody|DragonDarts,PhantomForce,TeraBlast,Uturn|||F|||50|,,,,,Ghost
|showteam|p2|Maushold-Four||WideLens|FriendGuard|PopulationBomb,FollowMe,FakeTears,Protect||||||50|,,,,,Ghost]Archaludon||PowerHerb|Stamina|BodyPress,FlashCannon,ElectroShot,Protect|||F|||50|,,,,,Fighting]Volcarona||RockyHelmet|FlameBody|TeraBlast,StruggleBug,QuiverDance,Protect|||F|||50|,,,,,Fairy]Whimsicott||CovertCloak|Prankster|Moonblast,LightScreen,Encore,Tailwind|||M|||50|,,,,,Water]Indeedee||ChoiceScarf|PsychicSurge|ExpandingForce,HyperVoice,Psychic,Trick|||M|||50|,,,,,Psychic]Delphox||PsychicSeed|Magician|HeatWave,ExpandingForce,TeraBlast,Protect|||F|||50|,,,,,Fighting
|inactive|Battle timer is ON: inactive players will automatically lose when time's up. (requested by Yuste3_)
|inactive|hexagonfoot also wants the timer to be on.
|inactive|Yuste3_ has 60 seconds left.
|
|t:|1756339301
|teamsize|p1|4
|teamsize|p2|4
|start
|switch|p1a: Magmar|Magmar, L50, F|100/100
|switch|p1b: Sneasler|Sneasler, L50, M|100/100
|switch|p2a: Maushold|Maushold-Four, L50|100/100
|switch|p2b: Archaludon|Archaludon, L50, F|100/100
|turn|1
|inactive|hexagonfoot has 30 seconds left.
|
|t:|1756339331
|move|p1a: Magmar|Follow Me|p1a: Magmar
|-singleturn|p1a: Magmar|move: Follow Me
|move|p1b: Sneasler|Close Combat|p2b: Archaludon
|-supereffective|p2b: Archaludon
|-damage|p2b: Archaludon|39/100
|-unboost|p1b: Sneasler|def|1
|-unboost|p1b: Sneasler|spd|1
|-ability|p2b: Archaludon|Stamina|boost
|-boost|p2b: Archaludon|def|1
|move|p2a: Maushold|Population Bomb|p1a: Magmar
|-damage|p1a: Magmar|95/100
|-damage|p1a: Magmar|90/100
|-damage|p1a: Magmar|85/100
|-damage|p1a: Magmar|80/100
|-damage|p1a: Magmar|74/100
|-damage|p1a: Magmar|69/100
|-damage|p1a: Magmar|63/100
|-damage|p1a: Magmar|58/100
|-damage|p1a: Magmar|53/100
|-damage|p1a: Magmar|47/100
|-hitcount|p1a: Magmar|10
|move|p2b: Archaludon|Body Press|p1a: Magmar
|-damage|p1a: Magmar|19/100
|
|upkeep
|turn|2
|
|t:|1756339356
|-terastallize|p1a: Magmar|Ghost
|move|p2a: Maushold|Follow Me|p2a: Maushold
|-singleturn|p2a: Maushold|move: Follow Me
|move|p1a: Magmar|Follow Me|p1a: Magmar
|-singleturn|p1a: Magmar|move: Follow Me
|move|p1b: Sneasler|Close Combat|p2a: Maushold
|-supereffective|p2a: Maushold
|-damage|p2a: Maushold|0 fnt
|-unboost|p1b: Sneasler|def|1
|-unboost|p1b: Sneasler|spd|1
|faint|p2a: Maushold
|move|p2b: Archaludon|Body Press|p1a: Magmar
|-immune|p1a: Magmar
|
|upkeep
|
|t:|1756339367
|switch|p2a: Volcarona|Volcarona, L50, F|100/100
|turn|3
|
|t:|1756339380
|move|p1a: Magmar|Protect|p1a: Magmar
|-singleturn|p1a: Magmar|Protect
|move|p2b: Archaludon|Protect|p2b: Archaludon
|-singleturn|p2b: Archaludon|Protect
|move|p1b: Sneasler|Dire Claw|p2a: Volcarona
|-damage|p2a: Volcarona|56/100
|-status|p2a: Volcarona|psn
|-damage|p1b: Sneasler|84/100|[from] item: Rocky Helmet|[of] p2a: Volcarona
|move|p2a: Volcarona|Quiver Dance|p2a: Volcarona
|-boost|p2a: Volcarona|spa|1
|-boost|p2a: Volcarona|spd|1
|-boost|p2a: Volcarona|spe|1
|
|-damage|p2a: Volcarona|44/100 psn|[from] psn
|upkeep
|turn|4
|inactive|hexagonfoot has 30 seconds left.
|
|t:|1756339406
|move|p1b: Sneasler|Protect|p1b: Sneasler
|-singleturn|p1b: Sneasler|Protect
|move|p2a: Volcarona|Struggle Bug|p1b: Sneasler|[spread] p1a
|-activate|p1b: Sneasler|move: Protect
|-resisted|p1a: Magmar
|-damage|p1a: Magmar|6/100
|-unboost|p1a: Magmar|spa|1
|move|p1a: Magmar|Will-O-Wisp|p2b: Archaludon
|-status|p2b: Archaludon|brn
|move|p2b: Archaludon|Electro Shot||[still]
|-prepare|p2b: Archaludon|Electro Shot
|-boost|p2b: Archaludon|spa|1
|-enditem|p2b: Archaludon|Power Herb
|-anim|p2b: Archaludon|Electro Shot|p1b: Sneasler
|-activate|p1b: Sneasler|move: Protect
|
|-damage|p2a: Volcarona|32/100 psn|[from] psn
|-damage|p2b: Archaludon|33/100 brn|[from] brn
|upkeep
|turn|5
|inactive|hexagonfoot has 30 seconds left.
|
|t:|1756339431
|move|p1a: Magmar|Protect|p1a: Magmar
|-singleturn|p1a: Magmar|Protect
|move|p1b: Sneasler|Dire Claw|p2a: Volcarona
|-crit|p2a: Volcarona
|-damage|p2a: Volcarona|0 fnt
|-damage|p1b: Sneasler|68/100|[from] item: Rocky Helmet|[of] p2a: Volcarona
|faint|p2a: Volcarona
|move|p2b: Archaludon|Electro Shot||[still]
|-prepare|p2b: Archaludon|Electro Shot
|-boost|p2b: Archaludon|spa|1
|
|-damage|p2b: Archaludon|27/100 brn|[from] brn
|upkeep
|
|t:|1756339436
|switch|p2a: Whimsicott|Whimsicott, L50, M|100/100
|turn|6
|
|t:|1756339450
|move|p1a: Magmar|Follow Me|p1a: Magmar
|-singleturn|p1a: Magmar|move: Follow Me
|move|p2a: Whimsicott|Tailwind|p2a: Whimsicott
|-sidestart|p2: Yuste3_|move: Tailwind
|move|p2b: Archaludon|Electro Shot|p1a: Magmar|[from] lockedmove
|-damage|p1a: Magmar|0 fnt
|faint|p1a: Magmar
|move|p1b: Sneasler|Close Combat|p2b: Archaludon
|-supereffective|p2b: Archaludon
|-damage|p2b: Archaludon|0 fnt
|-unboost|p1b: Sneasler|def|1
|-unboost|p1b: Sneasler|spd|1
|faint|p2b: Archaludon
|
|upkeep
|
|t:|1756339459
|switch|p1a: Rillaboom|Rillaboom, L50, M|100/100
|-fieldstart|move: Grassy Terrain|[from] ability: Grassy Surge|[of] p1a: Rillaboom
|turn|7
|-message|Yuste3_ forfeited.
|
|win|hexagonfoot
||Yuste3_ is ready for game 2.
|l|☆Yuste3_
|player|p2|
||hexagonfoot is ready for game 2.
|uhtml|next|Next: Game 2 of 3
