|j|☆patrickthisisnt
|j|☆phillypls
|html|patrickthisisntphillypls    
|uhtml|bestof|Game 1 of a best-of-3
|t:|1757821721
|gametype|doubles
|player|p1|patrickthisisnt|biker-gen4|1086
|player|p2|phillypls|265|1097
|gen|9
|tier|[Gen 9] VGC 2025 Reg H (Bo3)
|rated|
|rule|Species Clause: Limit one of each Pokémon
|rule|Item Clause: Limit 1 of each item
|clearpoke
|poke|p1|Basculegion, L50, M|
|poke|p1|Archaludon, L50, F|
|poke|p1|Gholdengo, L50|
|poke|p1|Dragonite, L50, M|
|poke|p1|Maushold-Four, L50|
|poke|p1|Politoed, L50, M|
|poke|p2|Kommo-o, L50, M|
|poke|p2|Dondozo, L50, M|
|poke|p2|Rillaboom, L50, M|
|poke|p2|Sneasler, L50, F|
|poke|p2|Electabuzz, L50, F|
|poke|p2|Gholdengo, L50|
|teampreview|4
|showteam|p1|Basculegion||ChoiceBand|SwiftSwim|WaveCrash,FlipTurn,LastRespects,AquaJet|||M|||50|,,,,,Grass]Archaludon||AssaultVest|Stamina|FlashCannon,BodyPress,ElectroShot,DracoMeteor|||F|||50|,,,,,Grass]Gholdengo||ChoiceScarf|GoodasGold|TeraBlast,MakeItRain,ShadowBall,Trick||||||50|,,,,,Fighting]Dragonite||LoadedDice|Multiscale|ScaleShot,Tailwind,TeraBlast,Protect|||M|||50|,,,,,Flying]Maushold-Four||SafetyGoggles|FriendGuard|PopulationBomb,FollowMe,Taunt,RainDance||||||50|,,,,,Ghost]Politoed||SitrusBerry|Drizzle|WeatherBall,Haze,Protect,IcyWind|||M|||50|,,,,,Grass
|showteam|p2|Kommo-o||ThroatSpray|Soundproof|ClangorousSoul,ClangingScales,Flamethrower,Protect|||M|||50|,,,,,Fire]Dondozo||Leftovers|Unaware|WaveCrash,Fissure,Yawn,Protect|||M|||50|,,,,,Flying]Rillaboom||AssaultVest|GrassySurge|FakeOut,WoodHammer,GrassyGlide,HighHorsepower|||M|||50|,,,,,Fire]Sneasler||FocusSash|Unburden|FakeOut,DireClaw,CloseCombat,Protect|||F|||50|,,,,,Stellar]Electabuzz||Eviolite|VitalSpirit|Electroweb,FollowMe,HelpingHand,Protect|||F|||50|,,,,,Grass]Gholdengo||ChoiceSpecs|GoodasGold|MakeItRain,ShadowBall,DazzlingGleam,PowerGem||||||50|,,,,,Fairy
|inactive|Battle timer is ON: inactive players will automatically lose when time's up. (requested by patrickthisisnt)
|inactive|patrickthisisnt has 60 seconds left.
|inactive|phillypls has 60 seconds left.
|
|t:|1757821778
|teamsize|p1|4
|teamsize|p2|4
|start
|switch|p1a: Dragonite|Dragonite, L50, M|100/100
|switch|p1b: Maushold|Maushold-Four, L50|100/100
|switch|p2a: Kommo-o|Kommo-o, L50, M|100/100
|switch|p2b: Electabuzz|Electabuzz, L50, F|100/100
|turn|1
|inactive|phillypls has 30 seconds left.
|
|t:|1757821807
|switch|p1b: Politoed|Politoed, L50, M|100/100
|-weather|RainDance|[from] ability: Drizzle|[of] p1b: Politoed
|move|p2b: Electabuzz|Follow Me|p2b: Electabuzz
|-singleturn|p2b: Electabuzz|move: Follow Me
|move|p2a: Kommo-o|Clangorous Soul|p2a: Kommo-o
|-boost|p2a: Kommo-o|atk|1
|-boost|p2a: Kommo-o|def|1
|-boost|p2a: Kommo-o|spa|1
|-boost|p2a: Kommo-o|spd|1
|-boost|p2a: Kommo-o|spe|1
|-damage|p2a: Kommo-o|68/100
|-enditem|p2a: Kommo-o|Throat Spray
|-boost|p2a: Kommo-o|spa|1|[from] item: Throat Spray
|move|p1a: Dragonite|Tailwind|p1a: Dragonite
|-sidestart|p1: patrickthisisnt|move: Tailwind
|
|-weather|RainDance|[upkeep]
|upkeep
|turn|2
|inactive|patrickthisisnt has 30 seconds left.
|inactive|phillypls has 30 seconds left.
|inactive|phillypls has 20 seconds left.
|inactive|phillypls has 15 seconds left.
|
|t:|1757821850
|move|p1a: Dragonite|Protect|p1a: Dragonite
|-singleturn|p1a: Dragonite|Protect
|move|p2b: Electabuzz|Follow Me|p2b: Electabuzz
|-singleturn|p2b: Electabuzz|move: Follow Me
|move|p1b: Politoed|Haze|p1b: Politoed
|-clearallboost
|move|p2a: Kommo-o|Clanging Scales|p1a: Dragonite|[spread] p1b
|-activate|p1a: Dragonite|move: Protect
|-damage|p1b: Politoed|68/100
|-unboost|p2a: Kommo-o|def|1
|
|-weather|RainDance|[upkeep]
|upkeep
|turn|3
|
|t:|1757821880
|-terastallize|p1a: Dragonite|Flying
|move|p2b: Electabuzz|Follow Me|p2b: Electabuzz
|-singleturn|p2b: Electabuzz|move: Follow Me
|move|p1a: Dragonite|Scale Shot|p2b: Electabuzz
|-damage|p2b: Electabuzz|87/100
|-damage|p2b: Electabuzz|75/100
|-damage|p2b: Electabuzz|64/100
|-damage|p2b: Electabuzz|50/100
|-hitcount|p2b: Electabuzz|4
|-unboost|p1a: Dragonite|def|1
|-boost|p1a: Dragonite|spe|1
|move|p1b: Politoed|Icy Wind|p2b: Electabuzz|[spread] p2b
|-miss|p1b: Politoed|p2a: Kommo-o
|-damage|p2b: Electabuzz|42/100
|-unboost|p2b: Electabuzz|spe|1
|move|p2a: Kommo-o|Clanging Scales|p1b: Politoed|[spread] p1a,p1b
|-damage|p1a: Dragonite|86/100
|-damage|p1b: Politoed|35/100
|-enditem|p1b: Politoed|Sitrus Berry|[eat]
|-heal|p1b: Politoed|60/100|[from] item: Sitrus Berry
|-unboost|p2a: Kommo-o|def|1
|
|-weather|RainDance|[upkeep]
|upkeep
|turn|4
|inactive|phillypls has 30 seconds left.
|
|t:|1757821905
|move|p1a: Dragonite|Protect|p1a: Dragonite
|-singleturn|p1a: Dragonite|Protect
|move|p2b: Electabuzz|Follow Me|p2b: Electabuzz
|-singleturn|p2b: Electabuzz|move: Follow Me
|move|p1b: Politoed|Weather Ball|p2b: Electabuzz
|-damage|p2b: Electabuzz|0 fnt
|faint|p2b: Electabuzz
|move|p2a: Kommo-o|Clangorous Soul|p2a: Kommo-o
|-boost|p2a: Kommo-o|atk|1
|-boost|p2a: Kommo-o|def|1
|-boost|p2a: Kommo-o|spa|1
|-boost|p2a: Kommo-o|spd|1
|-boost|p2a: Kommo-o|spe|1
|-damage|p2a: Kommo-o|35/100
|
|-weather|RainDance|[upkeep]
|-sideend|p1: patrickthisisnt|move: Tailwind
|upkeep
|
|t:|1757821922
|switch|p2b: Rillaboom|Rillaboom, L50, M|100/100
|-fieldstart|move: Grassy Terrain|[from] ability: Grassy Surge|[of] p2b: Rillaboom
|turn|5
|
|t:|1757821942
|move|p1a: Dragonite|Protect||[still]
|-fail|p1a: Dragonite
|move|p2b: Rillaboom|Fake Out|p1a: Dragonite
|-damage|p1a: Dragonite|61/100
|move|p2a: Kommo-o|Clanging Scales|p1b: Politoed|[spread] p1a,p1b
|-crit|p1a: Dragonite
|-damage|p1a: Dragonite|0 fnt
|-damage|p1b: Politoed|13/100
|faint|p1a: Dragonite
|-unboost|p2a: Kommo-o|def|1
|move|p1b: Politoed|Icy Wind|p2b: Rillaboom|[spread] p2a,p2b
|-supereffective|p2a: Kommo-o
|-supereffective|p2b: Rillaboom
|-damage|p2a: Kommo-o|20/100
|-damage|p2b: Rillaboom|82/100
|-unboost|p2a: Kommo-o|spe|1
|-unboost|p2b: Rillaboom|spe|1
|
|-weather|none
|-heal|p2a: Kommo-o|26/100|[from] Grassy Terrain
|-heal|p1b: Politoed|19/100|[from] Grassy Terrain
|-heal|p2b: Rillaboom|88/100|[from] Grassy Terrain
|upkeep
|
|t:|1757821950
|switch|p1a: Maushold|Maushold-Four, L50|100/100
|turn|6
|
|t:|1757821971
|switch|p1b: Archaludon|Archaludon, L50, F|100/100
|move|p2b: Rillaboom|Grassy Glide|p1b: Archaludon
|-resisted|p1b: Archaludon
|-damage|p1b: Archaludon|95/100
|-ability|p1b: Archaludon|Stamina|boost
|-boost|p1b: Archaludon|def|1
|move|p1a: Maushold|Population Bomb|p2a: Kommo-o
|-damage|p2a: Kommo-o|12/100
|-damage|p2a: Kommo-o|0 fnt
|faint|p2a: Kommo-o
|-hitcount|p2: Kommo-o|2
|
|-heal|p1b: Archaludon|100/100|[from] Grassy Terrain
|-heal|p2b: Rillaboom|94/100|[from] Grassy Terrain
|upkeep
|
|t:|1757821978
|switch|p2a: Dondozo|Dondozo, L50, M|100/100
|turn|7
|
|t:|1757821997
|move|p1a: Maushold|Population Bomb|p1b: Archaludon
|-resisted|p1b: Archaludon
|-damage|p1b: Archaludon|99/100
|-ability|p1b: Archaludon|Stamina|boost
|-boost|p1b: Archaludon|def|1
|-resisted|p1b: Archaludon
|-damage|p1b: Archaludon|98/100
|-ability|p1b: Archaludon|Stamina|boost
|-boost|p1b: Archaludon|def|1
|-resisted|p1b: Archaludon
|-damage|p1b: Archaludon|97/100
|-ability|p1b: Archaludon|Stamina|boost
|-boost|p1b: Archaludon|def|1
|-resisted|p1b: Archaludon
|-damage|p1b: Archaludon|97/100
|-ability|p1b: Archaludon|Stamina|boost
|-boost|p1b: Archaludon|def|1
|-resisted|p1b: Archaludon
|-damage|p1b: Archaludon|96/100
|-ability|p1b: Archaludon|Stamina|boost
|-boost|p1b: Archaludon|def|1
|-resisted|p1b: Archaludon
|-damage|p1b: Archaludon|96/100
|-resisted|p1b: Archaludon
|-damage|p1b: Archaludon|95/100
|-resisted|p1b: Archaludon
|-damage|p1b: Archaludon|94/100
|-resisted|p1b: Archaludon
|-damage|p1b: Archaludon|94/100
|-resisted|p1b: Archaludon
|-damage|p1b: Archaludon|93/100
|-hitcount|p1b: Archaludon|10
|move|p1b: Archaludon|Body Press|p2b: Rillaboom
|-damage|p2b: Rillaboom|0 fnt
|faint|p2b: Rillaboom
|move|p2a: Dondozo|Yawn|p1b: Archaludon
|-start|p1b: Archaludon|move: Yawn|[of] p2a: Dondozo
|
|-heal|p1b: Archaludon|99/100|[from] Grassy Terrain
|upkeep
|turn|8
|inactive|patrickthisisnt has 30 seconds left.
|
|t:|1757822027
|move|p1a: Maushold|Taunt|p2a: Dondozo
|-start|p2a: Dondozo|move: Taunt
|move|p1b: Archaludon|Body Press|p2a: Dondozo
|-damage|p2a: Dondozo|84/100
|move|p2a: Dondozo|Fissure|p1a: Maushold|[miss]
|-miss|p2a: Dondozo|p1a: Maushold
|
|-heal|p1b: Archaludon|100/100|[from] Grassy Terrain
|-heal|p2a: Dondozo|90/100|[from] Grassy Terrain
|-heal|p2a: Dondozo|96/100|[from] item: Leftovers
|-end|p1b: Archaludon|move: Yawn|[silent]
|-status|p1b: Archaludon|slp
|upkeep
|turn|9
|
|t:|1757822043
|move|p1a: Maushold|Rain Dance|p1a: Maushold
|-weather|RainDance
|cant|p1b: Archaludon|slp
|move|p2a: Dondozo|Fissure|p1b: Archaludon|[miss]
|-miss|p2a: Dondozo|p1b: Archaludon
|
|-weather|RainDance|[upkeep]
|-heal|p2a: Dondozo|100/100|[from] Grassy Terrain
|-fieldend|move: Grassy Terrain
|upkeep
|turn|10
|
|t:|1757822056
|move|p1a: Maushold|Population Bomb|p2a: Dondozo|[miss]
|-miss|p1a: Maushold|p2a: Dondozo
|cant|p1b: Archaludon|slp
|move|p2a: Dondozo|Fissure|p1b: Archaludon|[miss]
|-miss|p2a: Dondozo|p1b: Archaludon
|
|-weather|RainDance|[upkeep]
|-end|p2a: Dondozo|move: Taunt
|upkeep
|turn|11
|
|t:|1757822067
|move|p1a: Maushold|Taunt|p2a: Dondozo
|-start|p2a: Dondozo|move: Taunt
|-curestatus|p1b: Archaludon|slp|[msg]
|move|p1b: Archaludon|Electro Shot||[still]
|-prepare|p1b: Archaludon|Electro Shot
|-boost|p1b: Archaludon|spa|1
|-anim|p1b: Archaludon|Electro Shot|p2a: Dondozo
|-supereffective|p2a: Dondozo
|-damage|p2a: Dondozo|41/100
|move|p2a: Dondozo|Fissure|p1b: Archaludon|[miss]
|-miss|p2a: Dondozo|p1b: Archaludon
|
|-weather|RainDance|[upkeep]
|-heal|p2a: Dondozo|47/100|[from] item: Leftovers
|upkeep
|turn|12
|
|t:|1757822082
|move|p1a: Maushold|Population Bomb|p2a: Dondozo
|-damage|p2a: Dondozo|42/100
|-damage|p2a: Dondozo|37/100
|-damage|p2a: Dondozo|32/100
|-crit|p2a: Dondozo
|-damage|p2a: Dondozo|26/100
|-damage|p2a: Dondozo|21/100
|-damage|p2a: Dondozo|17/100
|-damage|p2a: Dondozo|13/100
|-damage|p2a: Dondozo|8/100
|-damage|p2a: Dondozo|3/100
|-crit|p2a: Dondozo
|-damage|p2a: Dondozo|0 fnt
|faint|p2a: Dondozo
|-hitcount|p2: Dondozo|10
|
|win|patrickthisisnt
