|j|☆Pakaan64
|j|☆raksbachtesting1
|html|Pakaan64raksbachtesting1    
|uhtml|bestof|Game 1 of a best-of-3
|t:|1785848245
|gametype|doubles
|player|p1|Pakaan64|265|1199
|player|p2|raksbachtesting1|doubleteam|1155
|gen|9
|tier|[Gen 9 Champions] VGC 2026 Reg M-B (Bo3)
|rated|
|rule|Species Clause: Limit one of each Pokémon
|rule|Item Clause: Limit 1 of each item
|clearpoke
|poke|p1|Gyarados, L50, F|
|poke|p1|Sinistcha, L50|
|poke|p1|Pelipper, L50, M|
|poke|p1|Drampa, L50, F|
|poke|p1|Grimmsnarl, L50, M|
|poke|p1|Staraptor, L50, F|
|poke|p2|Staraptor, L50, M|
|poke|p2|Glimmora, L50, F|
|poke|p2|Whimsicott, L50, F|
|poke|p2|Kingambit, L50, M|
|poke|p2|Garchomp, L50, M|
|poke|p2|Delphox, L50, M|
|teampreview|4
|showteam|p1|Gyarados||Gyaradosite|Intimidate|DragonDance,Waterfall,Protect,Earthquake|Adamant||F|||50|]Sinistcha||Leftovers|Hospitality|RagePowder,Protect,MatchaGotcha,LifeDew|Bold|||||50|]Pelipper||SitrusBerry|Drizzle|HelpingHand,Protect,WideGuard,Hurricane|Bold||M|||50|]Drampa||LifeOrb|CloudNine|EarthPower,Protect,DragonPulse,HyperVoice|Modest||F|||50|]Grimmsnarl||LightClay|Prankster|LightScreen,Reflect,PartingShot,FakeOut|Careful||M|||50|]Staraptor||Staraptite|Intimidate|CloseCombat,Protect,Roost,DualWingbeat|Adamant||F|||50|
|showteam|p2|Staraptor||Staraptite|Intimidate|CloseCombat,BraveBird,Roost,Protect|Jolly||M|||50|]Glimmora||FocusSash|ToxicDebris|PowerGem,SludgeBomb,EarthPower,SpikyShield|Modest||F|||50|]Whimsicott||OccaBerry|Prankster|Tailwind,Moonblast,Charm,LightScreen|Timid||F|||50|]Kingambit||ChopleBerry|Defiant|KowtowCleave,IronHead,LowKick,SuckerPunch|Adamant||M|||50|]Garchomp||LifeOrb|RoughSkin|Earthquake,DragonClaw,RockSlide,Protect|Adamant||M|||50|]Delphox||Delphoxite|Blaze|HeatWave,Psychic,Encore,Protect|Timid||M|||50|
|inactive|Battle timer is ON: inactive players will automatically lose when time's up. (requested by raksbachtesting1)
|
|t:|1785848270
|teamsize|p1|4
|teamsize|p2|4
|start
|switch|p1a: Gyarados|Gyarados, L50, F|100/100
|switch|p1b: Grimmsnarl|Grimmsnarl, L50, M|100/100
|switch|p2a: Whimsicott|Whimsicott, L50, F|100/100
|switch|p2b: Glimmora|Glimmora, L50, F|100/100
|-ability|p1a: Gyarados|Intimidate|boost
|-unboost|p2a: Whimsicott|atk|1
|-unboost|p2b: Glimmora|atk|1
|turn|1
|
|t:|1785848288
|detailschange|p1a: Gyarados|Gyarados-Mega, L50, F
|-mega|p1a: Gyarados|Gyarados|Gyaradosite
|-ability|p1a: Gyarados|Mold Breaker
|move|p2b: Glimmora|Spiky Shield|p2b: Glimmora
|-singleturn|p2b: Glimmora|move: Protect
|move|p2a: Whimsicott|Charm|p1a: Gyarados
|-hint|Since gen 7, Dark is immune to Prankster moves.
|-immune|p1a: Gyarados
|move|p1b: Grimmsnarl|Parting Shot|p2a: Whimsicott
|-unboost|p2a: Whimsicott|atk|1
|-unboost|p2a: Whimsicott|spa|1
|
|t:|1785848300
|switch|p1b: Pelipper|Pelipper, L50, M|100/100|[from] Parting Shot
|-weather|RainDance|[from] ability: Drizzle|[of] p1b: Pelipper
|move|p1a: Gyarados|Dragon Dance|p1a: Gyarados
|-boost|p1a: Gyarados|atk|1
|-boost|p1a: Gyarados|spe|1
|
|-weather|RainDance|[upkeep]
|upkeep
|turn|2
|
|t:|1785848322
|switch|p1b: Grimmsnarl|Grimmsnarl, L50, M|100/100
|move|p2a: Whimsicott|Tailwind|p2a: Whimsicott
|-sidestart|p2: raksbachtesting1|move: Tailwind
|move|p2b: Glimmora|Sludge Bomb|p1a: Gyarados
|-damage|p1a: Gyarados|63/100
|move|p1a: Gyarados|Dragon Dance|p1a: Gyarados
|-boost|p1a: Gyarados|atk|1
|-boost|p1a: Gyarados|spe|1
|
|-weather|RainDance|[upkeep]
|upkeep
|turn|3
|inactive|Pakaan64 has 30 seconds left.
|inactive|Pakaan64 has 20 seconds left.
|
|t:|1785848359
|switch|p2b: Staraptor|Staraptor, L50, M|100/100
|-ability|p2b: Staraptor|Intimidate|boost
|-unboost|p1a: Gyarados|atk|1
|-unboost|p1b: Grimmsnarl|atk|1
|move|p1b: Grimmsnarl|Fake Out|p2a: Whimsicott
|-damage|p2a: Whimsicott|92/100
|cant|p2a: Whimsicott|flinch
|move|p1a: Gyarados|Waterfall|p2a: Whimsicott
|-resisted|p2a: Whimsicott|1
|-damage|p2a: Whimsicott|45/100
|
|-weather|RainDance|[upkeep]
|upkeep
|turn|4
|
|t:|1785848383
|switch|p1b: Sinistcha|Sinistcha, L50|100/100
|-heal|p1a: Gyarados|88/100|[from] ability: Hospitality|[of] p1b: Sinistcha
|detailschange|p2b: Staraptor|Staraptor-Mega, L50, M
|-mega|p2b: Staraptor|Staraptor|Staraptite
|move|p1a: Gyarados|Protect|p1a: Gyarados
|-singleturn|p1a: Gyarados|Protect
|move|p2a: Whimsicott|Charm|p2b: Staraptor
|-boost|p2b: Staraptor|atk|2
|move|p2b: Staraptor|Close Combat|p1a: Gyarados
|-activate|p1a: Gyarados|move: Protect
|
|-weather|RainDance|[upkeep]
|upkeep
|turn|5
|
|t:|1785848400
|move|p1b: Sinistcha|Rage Powder|p1b: Sinistcha
|-singleturn|p1b: Sinistcha|move: Rage Powder
|move|p2a: Whimsicott|Charm|p2b: Staraptor
|-boost|p2b: Staraptor|atk|2
|move|p2b: Staraptor|Brave Bird|p1b: Sinistcha
|-supereffective|p1b: Sinistcha|1
|-damage|p1b: Sinistcha|0 fnt
|faint|p1b: Sinistcha
|-damage|p2b: Staraptor|69/100|[from] Recoil
|move|p1a: Gyarados|Waterfall|p2b: Staraptor
|-damage|p2b: Staraptor|0 fnt
|faint|p2b: Staraptor
|
|-weather|none
|-sideend|p2: raksbachtesting1|move: Tailwind
|upkeep
|
|t:|1785848420
|switch|p2b: Glimmora|Glimmora, L50, F|100/100
|switch|p1b: Pelipper|Pelipper, L50, M|100/100
|-weather|RainDance|[from] ability: Drizzle|[of] p1b: Pelipper
|turn|6
|inactive|Pakaan64 has 30 seconds left.
|
|t:|1785848448
|move|p1b: Pelipper|Helping Hand|p1a: Gyarados
|-singleturn|p1a: Gyarados|Helping Hand|[of] p1b: Pelipper
|move|p1a: Gyarados|Earthquake|p2b: Glimmora|[spread] p2a,p2b
|-immune|p1b: Pelipper
|-resisted|p2a: Whimsicott|1
|-supereffective|p2b: Glimmora|2
|-damage|p2a: Whimsicott|16/100
|-enditem|p2b: Glimmora|Focus Sash
|-damage|p2b: Glimmora|1/100
|-activate|p2b: Glimmora|ability: Toxic Debris
|-sidestart|p1: Pakaan64|move: Toxic Spikes
|move|p2a: Whimsicott|Moonblast|p1a: Gyarados
|-supereffective|p1a: Gyarados|1
|-damage|p1a: Gyarados|63/100
|move|p2b: Glimmora|Power Gem|p1b: Pelipper
|-supereffective|p1b: Pelipper|1
|-damage|p1b: Pelipper|0 fnt
|faint|p1b: Pelipper
|
|-weather|RainDance|[upkeep]
|upkeep
|
|t:|1785848454
|switch|p1b: Grimmsnarl|Grimmsnarl, L50, M|100/100
|-status|p1b: Grimmsnarl|psn
|turn|7
|
|t:|1785848478
|move|p1b: Grimmsnarl|Fake Out|p2a: Whimsicott
|-damage|p2a: Whimsicott|6/100
|cant|p2a: Whimsicott|flinch
|move|p1a: Gyarados|Dragon Dance|p1a: Gyarados
|-boost|p1a: Gyarados|atk|1
|-boost|p1a: Gyarados|spe|1
|move|p2b: Glimmora|Sludge Bomb|p1b: Grimmsnarl
|-supereffective|p1b: Grimmsnarl|1
|-damage|p1b: Grimmsnarl|13/100 psn
|
|-weather|RainDance|[upkeep]
|-damage|p1b: Grimmsnarl|1/100 psn|[from] psn
|upkeep
|turn|8
|
|t:|1785848497
|move|p2b: Glimmora|Spiky Shield|p2b: Glimmora
|-singleturn|p2b: Glimmora|move: Protect
|move|p2a: Whimsicott|Tailwind|p2a: Whimsicott
|-sidestart|p2: raksbachtesting1|move: Tailwind
|move|p1b: Grimmsnarl|Reflect|p1b: Grimmsnarl
|-sidestart|p1: Pakaan64|Reflect
|move|p1a: Gyarados|Earthquake|p2b: Glimmora|[spread] p1b,p2a
|-activate|p2b: Glimmora|move: Protect
|-resisted|p2a: Whimsicott|1
|-damage|p1b: Grimmsnarl|0 fnt
|-damage|p2a: Whimsicott|0 fnt
|faint|p1b: Grimmsnarl
|faint|p2a: Whimsicott
|
|-weather|RainDance|[upkeep]
|upkeep
|
|t:|1785848509
|switch|p2a: Garchomp|Garchomp, L50, M|100/100
|turn|9
|
|t:|1785848525
|move|p1a: Gyarados|Protect|p1a: Gyarados
|-singleturn|p1a: Gyarados|Protect
|move|p2a: Garchomp|Dragon Claw|p1a: Gyarados
|-activate|p1a: Gyarados|move: Protect
|move|p2b: Glimmora|Sludge Bomb|p1a: Gyarados
|-activate|p1a: Gyarados|move: Protect
|
|-weather|RainDance|[upkeep]
|upkeep
|turn|10
|
|t:|1785848541
|move|p2a: Garchomp|Protect|p2a: Garchomp
|-singleturn|p2a: Garchomp|Protect
|move|p1a: Gyarados|Earthquake|p2a: Garchomp|[spread] p2b
|-activate|p2a: Garchomp|move: Protect
|-supereffective|p2b: Glimmora|2
|-damage|p2b: Glimmora|0 fnt
|-activate|p2b: Glimmora|ability: Toxic Debris
|-sidestart|p1: Pakaan64|move: Toxic Spikes
|faint|p2b: Glimmora
|
|-weather|none
|upkeep
|turn|11
|
|t:|1785848552
|move|p1a: Gyarados|Earthquake|p2a: Garchomp
|-damage|p2a: Garchomp|29/100
|move|p2a: Garchomp|Dragon Claw|p1a: Gyarados
|-damage|p1a: Gyarados|31/100
|-damage|p2a: Garchomp|19/100|[from] item: Life Orb
|
|-sideend|p2: raksbachtesting1|move: Tailwind
|upkeep
|turn|12
|-message|raksbachtesting1 forfeited.
|
|win|Pakaan64
