|j|☆myshirtisdirty
|j|☆BobbySamuel
|html|myshirtisdirtyBobbySamuel    
|uhtml|bestof|Game 2 of a best-of-3
|t:|1756522507
|gametype|doubles
|player|p1|myshirtisdirty|2|1038
|player|p2|BobbySamuel|102|1064
|gen|9
|tier|[Gen 9] VGC 2025 Reg H (Bo3)
|rated|
|rule|Species Clause: Limit one of each Pokémon
|rule|Item Clause: Limit 1 of each item
|clearpoke
|poke|p1|Tyranitar, L50, F|
|poke|p1|Excadrill, L50, F|
|poke|p1|Sinistcha, L50|
|poke|p1|Dragonite, L50, M|
|poke|p1|Primarina, L50, F|
|poke|p1|Volcarona, L50, F|
|poke|p2|Politoed, L50, F|
|poke|p2|Gothitelle, L50, F|
|poke|p2|Kingdra, L50, M|
|poke|p2|Archaludon, L50, M|
|poke|p2|Amoonguss, L50, M|
|poke|p2|Incineroar, L50, F|
|teampreview|4
|showteam|p1|Tyranitar||AssaultVest|SandStream|RockSlide,KnockOff,TeraBlast,LowKick|||F|||50|,,,,,Flying]Excadrill||ClearAmulet|SandRush|Earthquake,IronHead,HighHorsepower,Protect|||F|||50|,,,,,Ghost]Sinistcha||RockyHelmet|Hospitality|MatchaGotcha,LifeDew,TrickRoom,RagePowder||||||50|,,,,,Dark]Dragonite||ChoiceBand|InnerFocus|Outrage,ExtremeSpeed,IceSpinner,AerialAce|||M|||50|,,,,,Normal]Primarina||ThroatSpray|LiquidVoice|Moonblast,HyperVoice,Haze,Protect|||F|||50|,,,,,Grass]Volcarona||Leftovers|FlameBody|FieryDance,GigaDrain,QuiverDance,Protect|||F|||50|,,,,,Dragon
|showteam|p2|Politoed||Leftovers|Drizzle|Protect,PerishSong,WeatherBall,Encore|||F|||50|,,,,,Grass]Gothitelle||SitrusBerry|ShadowTag|Protect,FakeOut,Psychic,TrickRoom|||F|||50|,,,,,Dark]Kingdra||LifeOrb|SwiftSwim|Protect,WeatherBall,DracoMeteor,MuddyWater|||M|||50|,,,,,Stellar]Archaludon||PowerHerb|Sturdy|Protect,ElectroShot,DragonPulse,FlashCannon|||M|||50|,,,,,Electric]Amoonguss||EjectButton|Regenerator|Protect,PollenPuff,RagePowder,Spore|||M|||50|,,,,,Fairy]Incineroar||SafetyGoggles|Intimidate|Protect,FakeOut,KnockOff,PartingShot|||F|||50|,,,,,Ghost
|
|t:|1756522542
|teamsize|p1|4
|teamsize|p2|4
|start
|switch|p1a: Sinistcha|Sinistcha, L50|100/100
|switch|p1b: Volcarona|Volcarona, L50, F|100/100
|switch|p2a: Politoed|Politoed, L50, F|100/100
|switch|p2b: Archaludon|Archaludon, L50, M|100/100
|-weather|RainDance|[from] ability: Drizzle|[of] p2a: Politoed
|turn|1
|
|t:|1756522581
|move|p1a: Sinistcha|Rage Powder|p1a: Sinistcha
|-singleturn|p1a: Sinistcha|move: Rage Powder
|move|p2b: Archaludon|Electro Shot||[still]
|-prepare|p2b: Archaludon|Electro Shot
|-boost|p2b: Archaludon|spa|1
|-anim|p2b: Archaludon|Electro Shot|p1a: Sinistcha
|-resisted|p1a: Sinistcha
|-damage|p1a: Sinistcha|71/100
|move|p1b: Volcarona|Quiver Dance|p1b: Volcarona
|-boost|p1b: Volcarona|spa|1
|-boost|p1b: Volcarona|spd|1
|-boost|p1b: Volcarona|spe|1
|move|p2a: Politoed|Encore|p1a: Sinistcha
|-start|p1a: Sinistcha|Encore
|
|-weather|RainDance|[upkeep]
|upkeep
|turn|2
|
|t:|1756522622
|-terastallize|p2b: Archaludon|Electric
|move|p1a: Sinistcha|Rage Powder|p1a: Sinistcha
|-singleturn|p1a: Sinistcha|move: Rage Powder
|move|p1b: Volcarona|Giga Drain|p2a: Politoed
|-supereffective|p2a: Politoed
|-damage|p2a: Politoed|41/100
|move|p2b: Archaludon|Electro Shot||[still]
|-prepare|p2b: Archaludon|Electro Shot
|-boost|p2b: Archaludon|spa|1
|-anim|p2b: Archaludon|Electro Shot|p1a: Sinistcha
|-resisted|p1a: Sinistcha
|-damage|p1a: Sinistcha|18/100
|move|p2a: Politoed|Weather Ball|p1a: Sinistcha
|-resisted|p1a: Sinistcha
|-damage|p1a: Sinistcha|0 fnt
|faint|p1a: Sinistcha
|
|-weather|RainDance|[upkeep]
|-heal|p2a: Politoed|47/100|[from] item: Leftovers
|upkeep
|
|t:|1756522638
|switch|p1a: Dragonite|Dragonite, L50, M|100/100
|turn|3
|
|t:|1756522663
|switch|p1a: Tyranitar|Tyranitar, L50, F|100/100
|-weather|Sandstorm|[from] ability: Sand Stream|[of] p1a: Tyranitar
|move|p2a: Politoed|Protect|p2a: Politoed
|-singleturn|p2a: Politoed|Protect
|move|p1b: Volcarona|Fiery Dance|p2b: Archaludon
|-damage|p2b: Archaludon|3/100
|-boost|p1b: Volcarona|spa|1
|move|p2b: Archaludon|Dragon Pulse|p1a: Tyranitar
|-damage|p1a: Tyranitar|63/100
|
|-weather|Sandstorm|[upkeep]
|-damage|p1b: Volcarona|94/100|[from] Sandstorm
|-damage|p2b: Archaludon|0 fnt|[from] Sandstorm
|-damage|p2a: Politoed|41/100|[from] Sandstorm
|faint|p2b: Archaludon
|-heal|p1b: Volcarona|100/100|[from] item: Leftovers
|-heal|p2a: Politoed|47/100|[from] item: Leftovers
|upkeep
|
|t:|1756522680
|switch|p2b: Incineroar|Incineroar, L50, F|100/100
|-ability|p2b: Incineroar|Intimidate|boost
|-unboost|p1a: Tyranitar|atk|1
|-unboost|p1b: Volcarona|atk|1
|turn|4
|
|t:|1756522697
|move|p2b: Incineroar|Fake Out|p1b: Volcarona
|-damage|p1b: Volcarona|87/100
|cant|p1b: Volcarona|flinch
|move|p2a: Politoed|Perish Song|p2a: Politoed
|-start|p1a: Tyranitar|perish3|[silent]
|-start|p1b: Volcarona|perish3|[silent]
|-start|p2a: Politoed|perish3|[silent]
|-start|p2b: Incineroar|perish3|[silent]
|-fieldactivate|move: Perish Song
|move|p1a: Tyranitar|Low Kick|p2b: Incineroar
|-supereffective|p2b: Incineroar
|-damage|p2b: Incineroar|58/100
|
|-weather|Sandstorm|[upkeep]
|-damage|p1b: Volcarona|81/100|[from] Sandstorm
|-damage|p2a: Politoed|41/100|[from] Sandstorm
|-heal|p1b: Volcarona|87/100|[from] item: Leftovers
|-heal|p2a: Politoed|47/100|[from] item: Leftovers
|-start|p1b: Volcarona|perish3
|-start|p2a: Politoed|perish3
|-start|p1a: Tyranitar|perish3
|-start|p2b: Incineroar|perish3
|upkeep
|turn|5
|
|t:|1756522732
|switch|p1a: Dragonite|Dragonite, L50, M|100/100
|switch|p2b: Gothitelle|Gothitelle, L50, F|100/100
|move|p2a: Politoed|Protect|p2a: Politoed
|-singleturn|p2a: Politoed|Protect
|move|p1b: Volcarona|Fiery Dance|p2b: Gothitelle
|-damage|p2b: Gothitelle|45/100
|-enditem|p2b: Gothitelle|Sitrus Berry|[eat]
|-heal|p2b: Gothitelle|69/100|[from] item: Sitrus Berry
|
|-weather|Sandstorm|[upkeep]
|-damage|p1b: Volcarona|81/100|[from] Sandstorm
|-damage|p1a: Dragonite|95/100|[from] Sandstorm
|-damage|p2a: Politoed|41/100|[from] Sandstorm
|-damage|p2b: Gothitelle|63/100|[from] Sandstorm
|-heal|p1b: Volcarona|87/100|[from] item: Leftovers
|-heal|p2a: Politoed|47/100|[from] item: Leftovers
|-start|p1b: Volcarona|perish2
|-start|p2a: Politoed|perish2
|upkeep
|turn|6
|
|t:|1756522764
|switch|p2a: Incineroar|Incineroar, L50, F|58/100
|-ability|p2a: Incineroar|Intimidate|boost
|-fail|p1a: Dragonite|unboost|Attack|[from] ability: Inner Focus|[of] p1a: Dragonite
|-unboost|p1b: Volcarona|atk|1
|move|p2b: Gothitelle|Fake Out|p1b: Volcarona
|-damage|p1b: Volcarona|79/100
|cant|p1b: Volcarona|flinch
|move|p1a: Dragonite|Outrage|p2b: Gothitelle
|-damage|p2b: Gothitelle|0 fnt
|faint|p2b: Gothitelle
|
|-weather|Sandstorm|[upkeep]
|-damage|p1b: Volcarona|72/100|[from] Sandstorm
|-damage|p1a: Dragonite|89/100|[from] Sandstorm
|-heal|p1b: Volcarona|79/100|[from] item: Leftovers
|-start|p1b: Volcarona|perish1
|upkeep
|
|t:|1756522780
|switch|p2b: Politoed|Politoed, L50, F|47/100
|-weather|RainDance|[from] ability: Drizzle|[of] p2b: Politoed
|turn|7
|
|t:|1756522798
|switch|p1b: Tyranitar|Tyranitar, L50, F|63/100
|-weather|Sandstorm|[from] ability: Sand Stream|[of] p1b: Tyranitar
|move|p1a: Dragonite|Outrage|p2b: Politoed|[from] lockedmove
|-damage|p2b: Politoed|0 fnt
|faint|p2b: Politoed
|move|p2a: Incineroar|Knock Off|p1a: Dragonite
|-damage|p1a: Dragonite|51/100
|-enditem|p1a: Dragonite|Choice Band|[from] move: Knock Off|[of] p2a: Incineroar
|
|-weather|Sandstorm|[upkeep]
|-damage|p1a: Dragonite|45/100|[from] Sandstorm
|upkeep
|turn|8
|-message|BobbySamuel forfeited.
|
|win|myshirtisdirty
|l|☆BobbySamuel
|player|p2|
||myshirtisdirty is ready for game 3.
||BobbySamuel is ready for game 3.
|uhtml|next|Next: Game 3 of 3
