|j|☆SomeKidJon
|j|☆1204Water
|html|SomeKidJon1204Water    
|uhtml|bestof|Game 1 of a best-of-3
|t:|1756347503
|gametype|doubles
|player|p1|SomeKidJon|scientistf|1145
|player|p2|1204Water|hilda-wonderlauncher|1024
|gen|9
|tier|[Gen 9] VGC 2025 Reg H (Bo3)
|rated|
|rule|Species Clause: Limit one of each Pokémon
|rule|Item Clause: Limit 1 of each item
|clearpoke
|poke|p1|Zoroark-Hisui, L50, M|
|poke|p1|Serperior, L50, F|
|poke|p1|Basculegion, L50, M|
|poke|p1|Pelipper, L50, M|
|poke|p1|Kingambit, L50, F|
|poke|p1|Vikavolt, L50, F|
|poke|p2|Basculegion, L50, M|
|poke|p2|Archaludon, L50, F|
|poke|p2|Pelipper, L50, M|
|poke|p2|Incineroar, L50, M|
|poke|p2|Gholdengo, L50|
|poke|p2|Amoonguss, L50, F|
|teampreview|4
|showteam|p1|Zoroark-Hisui||ChoiceSpecs|Illusion|TeraBlast,HyperVoice,Snarl,ShadowBall|||M|||50|,,,,,Stellar]Serperior||LightClay|Contrary|LeafStorm,Reflect,LightScreen,TeraBlast|||F|||50|,,,,,Fire]Basculegion||ChoiceBand|SwiftSwim|WaveCrash,LastRespects,AquaJet,FlipTurn|||M|||50|,,,,,Water]Pelipper||FocusSash|Drizzle|HelpingHand,Tailwind,WeatherBall,Hurricane|||M|||50|,,,,,Ghost]Kingambit||ChopleBerry|Defiant|KowtowCleave,SuckerPunch,LowKick,SwordsDance|||F|||50|,,,,,Dark]Vikavolt||AssaultVest|Levitate|Thunder,VoltSwitch,BugBuzz,TeraBlast|||F|||50|,,,,,Fighting
|showteam|p2|Basculegion||ChoiceBand|SwiftSwim|FlipTurn,WaveCrash,AquaJet,LastRespects|||M|||50|,,,,,Water]Archaludon||AssaultVest|Stamina|ElectroShot,DracoMeteor,FlashCannon,BodyPress|||F|||50|,,,,,Grass]Pelipper||FocusSash|Drizzle|Protect,Tailwind,Hurricane,WeatherBall|||M|||50|,,,,,Ghost]Incineroar||SafetyGoggles|Intimidate|FakeOut,KnockOff,PartingShot,FlareBlitz|||M|||50|,,,,,Ghost]Gholdengo||LifeOrb|GoodasGold|Protect,NastyPlot,MakeItRain,ShadowBall||||||50|,,,,,Water]Amoonguss||RockyHelmet|Regenerator|Protect,RagePowder,Spore,PollenPuff|||F|||50|,,,,,Dark
|
|t:|1756347529
|teamsize|p1|4
|teamsize|p2|4
|start
|switch|p1a: Maelle|Kingambit, L50, F, shiny|100/100
|switch|p1b: Esquie|Pelipper, L50, M|100/100
|switch|p2a: Pelipper|Pelipper, L50, M|100/100
|switch|p2b: Archaludon|Archaludon, L50, F, shiny|100/100
|-weather|RainDance|[from] ability: Drizzle|[of] p2a: Pelipper
|turn|1
|
|t:|1756347553
|-terastallize|p1a: Maelle|Dark
|move|p2a: Pelipper|Tailwind|p2a: Pelipper
|-sidestart|p2: 1204Water|move: Tailwind
|move|p2b: Archaludon|Electro Shot||[still]
|-prepare|p2b: Archaludon|Electro Shot
|-boost|p2b: Archaludon|spa|1
|-anim|p2b: Archaludon|Electro Shot|p1b: Esquie
|-supereffective|p1b: Esquie
|-enditem|p1b: Esquie|Focus Sash
|-damage|p1b: Esquie|1/100
|move|p1b: Esquie|Tailwind|p1b: Esquie
|-sidestart|p1: SomeKidJon|move: Tailwind
|move|p1a: Maelle|Swords Dance|p1a: Maelle
|-boost|p1a: Maelle|atk|2
|
|-weather|RainDance|[upkeep]
|upkeep
|turn|2
|
|t:|1756347593
|move|p1b: Esquie|Helping Hand|p1a: Maelle
|-singleturn|p1a: Maelle|Helping Hand|[of] p1b: Esquie
|move|p2a: Pelipper|Protect|p2a: Pelipper
|-singleturn|p2a: Pelipper|Protect
|move|p1a: Maelle|Sucker Punch|p2b: Archaludon
|-damage|p2b: Archaludon|0 fnt
|faint|p2b: Archaludon
|
|-weather|RainDance|[upkeep]
|upkeep
|
|t:|1756347613
|switch|p2b: Incineroar|Incineroar, L50, M|100/100
|-ability|p2b: Incineroar|Intimidate|boost
|-unboost|p1a: Maelle|atk|1
|-ability|p1a: Maelle|Defiant|boost
|-boost|p1a: Maelle|atk|2
|-unboost|p1b: Esquie|atk|1
|turn|3
|
|t:|1756347643
|move|p2b: Incineroar|Fake Out|p1a: Maelle
|-damage|p1a: Maelle|92/100
|move|p2a: Pelipper|Hurricane|p1b: Esquie
|-damage|p1b: Esquie|0 fnt
|faint|p1b: Esquie
|cant|p1a: Maelle|flinch
|
|-weather|RainDance|[upkeep]
|upkeep
|
|t:|1756347649
|switch|p1b: Monocco|Basculegion, L50, M|100/100
|turn|4
|
|t:|1756347674
|move|p1b: Monocco|Wave Crash|p2b: Incineroar
|-supereffective|p2b: Incineroar
|-damage|p2b: Incineroar|0 fnt
|faint|p2b: Incineroar
|-damage|p1b: Monocco|67/100|[from] Recoil
|move|p2a: Pelipper|Weather Ball|p1a: Maelle
|-damage|p1a: Maelle|30/100
|move|p1a: Maelle|Swords Dance|p1a: Maelle
|-boost|p1a: Maelle|atk|2
|
|-weather|RainDance|[upkeep]
|-sideend|p2: 1204Water|move: Tailwind
|-sideend|p1: SomeKidJon|move: Tailwind
|upkeep
|
|t:|1756347690
|switch|p2b: Gholdengo|Gholdengo, L50|100/100
|turn|5
|
|t:|1756347706
|-terastallize|p2b: Gholdengo|Water
|move|p1b: Monocco|Wave Crash|p2a: Pelipper
|-resisted|p2a: Pelipper
|-damage|p2a: Pelipper|16/100
|-damage|p1b: Monocco|47/100|[from] Recoil
|move|p2b: Gholdengo|Nasty Plot|p2b: Gholdengo
|-boost|p2b: Gholdengo|spa|2
|move|p2a: Pelipper|Weather Ball|p1a: Maelle
|-damage|p1a: Maelle|0 fnt
|faint|p1a: Maelle
|
|-weather|none
|upkeep
|
|t:|1756347710
|switch|p1a: Lune|Vikavolt, L50, F|100/100
|turn|6
|
|t:|1756347727
|move|p2a: Pelipper|Protect|p2a: Pelipper
|-singleturn|p2a: Pelipper|Protect
|move|p2b: Gholdengo|Make It Rain|p1a: Lune|[spread] p1a,p1b
|-resisted|p1a: Lune
|-resisted|p1b: Monocco
|-damage|p1a: Lune|49/100
|-damage|p1b: Monocco|0 fnt
|-unboost|p2b: Gholdengo|spa|1
|faint|p1b: Monocco
|-damage|p2b: Gholdengo|91/100|[from] item: Life Orb
|move|p1a: Lune|Thunder|p2b: Gholdengo|[miss]
|-miss|p1a: Lune|p2b: Gholdengo
|
|upkeep
|turn|7
|-message|SomeKidJon forfeited.
|
|win|1204Water
|l|☆SomeKidJon
|player|p1|
||SomeKidJon is ready for game 2.
||SomeKidJon is ready for game 2.
|inactive|1204Water has 30 seconds to confirm battle start!
||1204Water is ready for game 2.
|uhtml|next|Next: Game 2 of 3
