|j|☆saboyita
|j|☆kojay
|html|saboyitakojay    
|uhtml|bestof|Game 2 of a best-of-3
|t:|1756842334
|gametype|doubles
|player|p1|saboyita|grimsley|1169
|player|p2|kojay|kamado-armor|1249
|gen|9
|tier|[Gen 9] VGC 2025 Reg H (Bo3)
|rated|
|rule|Species Clause: Limit one of each Pokémon
|rule|Item Clause: Limit 1 of each item
|clearpoke
|poke|p1|Incineroar, L50, M|
|poke|p1|Rillaboom, L50, F|
|poke|p1|Ursaluna-Bloodmoon, L50, M|
|poke|p1|Sneasler, L50, F|
|poke|p1|Dragonite, L50, M|
|poke|p1|Gholdengo, L50|
|poke|p2|Garchomp, L50, M|
|poke|p2|Sneasler, L50, F|
|poke|p2|Incineroar, L50, M|
|poke|p2|Dragonite, L50, M|
|poke|p2|Gholdengo, L50|
|poke|p2|Dusclops, L50, M|
|teampreview|4
|showteam|p1|Incineroar||SafetyGoggles|Intimidate|FlareBlitz,KnockOff,FakeOut,PartingShot|||M|||50|,,,,,Ghost]Rillaboom||AssaultVest|GrassySurge|WoodHammer,GrassyGlide,FakeOut,HighHorsepower|||F|||50|,,,,,Fire]Ursaluna-Bloodmoon||Leftovers|MindsEye|BloodMoon,EarthPower,CalmMind,Protect|||M|||50|,,,,,Electric]Sneasler||FocusSash|PoisonTouch|CloseCombat,DireClaw,FakeOut,Coaching|||F|||50|,,,,,Ghost]Dragonite||LoadedDice|Multiscale|ScaleShot,Tailwind,Haze,Protect|||M|||50|,,,,,Steel]Gholdengo||LifeOrb|GoodasGold|MakeItRain,ShadowBall,NastyPlot,Protect||||||50|,,,,,Water
|showteam|p2|Garchomp||LifeOrb|RoughSkin|Earthquake,DragonClaw,StompingTantrum,Protect|||M|||50|,,,,,Ground]Sneasler||WhiteHerb|Unburden|Coaching,Protect,DireClaw,CloseCombat|||F|||50|,,,,,Ghost]Incineroar||SafetyGoggles|Intimidate|FakeOut,FlareBlitz,KnockOff,PartingShot|||M|||50|,,,,,Ghost]Dragonite||LoadedDice|InnerFocus|TeraBlast,ScaleShot,Tailwind,Protect|||M|||50|,,,,,Flying]Gholdengo||ChoiceScarf|GoodasGold|MakeItRain,ShadowBall,Trick,Thunderbolt||||||50|,,,,,Steel]Dusclops||Eviolite|Frisk|TrickRoom,Imprison,Haze,IceBeam|||M|||50|,,,,,Fire
|inactive|Battle timer is ON: inactive players will automatically lose when time's up. (requested by saboyita)
|inactive|saboyita has 60 seconds left.
|
|t:|1756842381
|teamsize|p1|4
|teamsize|p2|4
|start
|switch|p1a: Bruh|Incineroar, L50, M|100/100
|switch|p1b: Dragonite|Dragonite, L50, M|100/100
|switch|p2a: Dalinar|Incineroar, L50, M, shiny|100/100
|switch|p2b: Dragonite|Dragonite, L50, M, shiny|100/100
|-ability|p2a: Dalinar|Intimidate|boost
|-unboost|p1a: Bruh|atk|1
|-unboost|p1b: Dragonite|atk|1
|-ability|p1a: Bruh|Intimidate|boost
|-unboost|p2a: Dalinar|atk|1
|-fail|p2b: Dragonite|unboost|Attack|[from] ability: Inner Focus|[of] p2b: Dragonite
|turn|1
|
|t:|1756842405
|move|p2a: Dalinar|Fake Out|p1b: Dragonite
|-damage|p1b: Dragonite|96/100
|move|p2b: Dragonite|Tailwind|p2b: Dragonite
|-sidestart|p2: kojay|move: Tailwind
|cant|p1b: Dragonite|flinch
|move|p1a: Bruh|Knock Off|p2b: Dragonite
|-damage|p2b: Dragonite|70/100
|-enditem|p2b: Dragonite|Loaded Dice|[from] move: Knock Off|[of] p1a: Bruh
|
|upkeep
|turn|2
|
|t:|1756842428
|-terastallize|p2b: Dragonite|Flying
|move|p1b: Dragonite|Protect|p1b: Dragonite
|-singleturn|p1b: Dragonite|Protect
|move|p2b: Dragonite|Tera Blast|p1b: Dragonite|[anim] Tera Blast Flying
|-activate|p1b: Dragonite|move: Protect
|move|p2a: Dalinar|Flare Blitz|p1b: Dragonite
|-activate|p1b: Dragonite|move: Protect
|move|p1a: Bruh|Parting Shot|p2b: Dragonite
|-unboost|p2b: Dragonite|atk|1
|-unboost|p2b: Dragonite|spa|1
|
|t:|1756842440
|switch|p1a: Sneasler|Sneasler, L50, F|100/100|[from] Parting Shot
|
|upkeep
|turn|3
|
|t:|1756842466
|move|p2b: Dragonite|Scale Shot|p1a: Sneasler
|-damage|p1a: Sneasler|82/100
|-damage|p1a: Sneasler|66/100
|-damage|p1a: Sneasler|50/100
|-damage|p1a: Sneasler|32/100
|-hitcount|p1a: Sneasler|4
|-unboost|p2b: Dragonite|def|1
|-boost|p2b: Dragonite|spe|1
|move|p2a: Dalinar|Parting Shot|p1b: Dragonite
|-unboost|p1b: Dragonite|atk|1
|-unboost|p1b: Dragonite|spa|1
|
|t:|1756842480
|switch|p2a: Kaladin|Garchomp, L50, M, shiny|100/100|[from] Parting Shot
|move|p1a: Sneasler|Close Combat|p2a: Kaladin
|-crit|p2a: Kaladin
|-damage|p2a: Kaladin|0 fnt
|-unboost|p1a: Sneasler|def|1
|-unboost|p1a: Sneasler|spd|1
|-damage|p1a: Sneasler|20/100|[from] ability: Rough Skin|[of] p2a: Kaladin
|faint|p2a: Kaladin
|move|p1b: Dragonite|Tailwind|p1b: Dragonite
|-sidestart|p1: saboyita|move: Tailwind
|
|upkeep
|
|t:|1756842495
|switch|p2a: Dalinar|Incineroar, L50, M, shiny|100/100
|-ability|p2a: Dalinar|Intimidate|boost
|-unboost|p1a: Sneasler|atk|1
|-unboost|p1b: Dragonite|atk|1
|turn|4
|
|t:|1756842511
|switch|p1a: Gholdengo|Gholdengo, L50|100/100
|switch|p1b: Bruh|Incineroar, L50, M|100/100
|-ability|p1b: Bruh|Intimidate|boost
|-unboost|p2a: Dalinar|atk|1
|-fail|p2b: Dragonite|unboost|Attack|[from] ability: Inner Focus|[of] p2b: Dragonite
|move|p2a: Dalinar|Fake Out|p1b: Bruh
|-damage|p1b: Bruh|94/100
|move|p2b: Dragonite|Scale Shot|p1a: Gholdengo
|-resisted|p1a: Gholdengo
|-damage|p1a: Gholdengo|95/100
|-resisted|p1a: Gholdengo
|-damage|p1a: Gholdengo|90/100
|-hitcount|p1a: Gholdengo|2
|-unboost|p2b: Dragonite|def|1
|-boost|p2b: Dragonite|spe|1
|
|-sideend|p2: kojay|move: Tailwind
|upkeep
|turn|5
|
|t:|1756842532
|move|p1b: Bruh|Fake Out|p2a: Dalinar
|-damage|p2a: Dalinar|90/100
|move|p1a: Gholdengo|Nasty Plot|p1a: Gholdengo
|-boost|p1a: Gholdengo|spa|2
|move|p2b: Dragonite|Tailwind|p2b: Dragonite
|-sidestart|p2: kojay|move: Tailwind
|cant|p2a: Dalinar|flinch
|
|upkeep
|turn|6
|
|t:|1756842548
|switch|p2b: Sneasler|Sneasler, L50, F|100/100
|-terastallize|p1a: Gholdengo|Water
|move|p1a: Gholdengo|Shadow Ball|p2b: Sneasler
|-damage|p2b: Sneasler|0 fnt
|faint|p2b: Sneasler
|-damage|p1a: Gholdengo|80/100|[from] item: Life Orb
|move|p2a: Dalinar|Knock Off|p1a: Gholdengo
|-damage|p1a: Gholdengo|49/100
|-enditem|p1a: Gholdengo|Life Orb|[from] move: Knock Off|[of] p2a: Dalinar
|move|p1b: Bruh|Parting Shot|p2a: Dalinar
|-unboost|p2a: Dalinar|atk|1
|-unboost|p2a: Dalinar|spa|1
|
|t:|1756842571
|switch|p1b: Sneasler|Sneasler, L50, F|20/100|[from] Parting Shot
|
|-sideend|p1: saboyita|move: Tailwind
|upkeep
|
|t:|1756842575
|switch|p2b: Dragonite|Dragonite, L50, M, shiny, tera:Flying|70/100
|turn|7
|inactive|saboyita has 30 seconds left.
|
|t:|1756842608
|move|p1b: Sneasler|Fake Out|p2a: Dalinar
|-damage|p2a: Dalinar|76/100
|move|p2b: Dragonite|Scale Shot|p1a: Gholdengo
|-damage|p1a: Gholdengo|34/100
|-damage|p1a: Gholdengo|17/100
|-damage|p1a: Gholdengo|0 fnt
|faint|p1a: Gholdengo
|-hitcount|p1: Gholdengo|3
|-unboost|p2b: Dragonite|def|1
|-boost|p2b: Dragonite|spe|1
|cant|p2a: Dalinar|flinch
|
|upkeep
|
|t:|1756842618
|switch|p1a: Bruh|Incineroar, L50, M|94/100
|-ability|p1a: Bruh|Intimidate|boost
|-unboost|p2a: Dalinar|atk|1
|-fail|p2b: Dragonite|unboost|Attack|[from] ability: Inner Focus|[of] p2b: Dragonite
|turn|8
|
|t:|1756842641
|move|p2b: Dragonite|Scale Shot|p1b: Sneasler
|-damage|p1b: Sneasler|0 fnt
|faint|p1b: Sneasler
|-hitcount|p1: Sneasler|1
|-unboost|p2b: Dragonite|def|1
|-boost|p2b: Dragonite|spe|1
|move|p2a: Dalinar|Knock Off|p1a: Bruh
|-resisted|p1a: Bruh
|-damage|p1a: Bruh|86/100
|-enditem|p1a: Bruh|Safety Goggles|[from] move: Knock Off|[of] p2a: Dalinar
|move|p1a: Bruh|Flare Blitz|p2b: Dragonite
|-damage|p2b: Dragonite|0 fnt
|faint|p2b: Dragonite
|-damage|p1a: Bruh|67/100|[from] Recoil
|
|-sideend|p2: kojay|move: Tailwind
|upkeep
|-message|kojay forfeited.
|raw|saboyita's rating: 1169 → 1200(+31 for winning)
|raw|kojay's rating: 1249 → 1218(-31 for losing)
|
|win|saboyita
