|j|☆randomguy1114s
|j|☆ZaxbysSauce
|html|randomguy1114sZaxbysSauce    
|uhtml|bestof|Game 2 of a best-of-3
|t:|1756521433
|gametype|doubles
|player|p1|randomguy1114s|lillie-masters|1198
|player|p2|ZaxbysSauce|burgh|1129
|gen|9
|tier|[Gen 9] VGC 2025 Reg H (Bo3)
|rated|
|rule|Species Clause: Limit one of each Pokémon
|rule|Item Clause: Limit 1 of each item
|clearpoke
|poke|p1|Archaludon, L50, M|
|poke|p1|Pelipper, L50, F|
|poke|p1|Rillaboom, L50, M|
|poke|p1|Incineroar, L50, M|
|poke|p1|Gholdengo, L50|
|poke|p1|Sneasler, L50, M|
|poke|p2|Pelipper, L50, F|
|poke|p2|Basculegion, L50, M|
|poke|p2|Archaludon, L50, F|
|poke|p2|Dragonite, L50, F|
|poke|p2|Farigiraf, L50, F|
|poke|p2|Magmortar, L50, M|
|teampreview|4
|showteam|p1|Archaludon||PowerHerb|Sturdy|ElectroShot,DragonPulse,FlashCannon,Protect|||M|||50|,,,,,Electric]Pelipper||ChoiceScarf|Drizzle|Tailwind,MuddyWater,Hurricane,WeatherBall|||F|||50|,,,,,Ghost]Rillaboom||AssaultVest|GrassySurge|FakeOut,WoodHammer,GrassyGlide,Uturn|||M|||50|,,,,,Fire]Incineroar||SafetyGoggles|Intimidate|FakeOut,KnockOff,Taunt,PartingShot|||M|||50|,,,,,Ghost]Gholdengo||MetalCoat|GoodasGold|NastyPlot,MakeItRain,ShadowBall,Protect||||||50|,,,,,Dragon]Sneasler||GrassySeed|Unburden|CloseCombat,DireClaw,ThroatChop,Protect|||M|||50|,,,,,Dark
|showteam|p2|Pelipper||FocusSash|Drizzle|Hurricane,WeatherBall,Tailwind,Protect|||F|||50|,,,,,Ghost]Basculegion||MysticWater|SwiftSwim|Protect,WaveCrash,AquaJet,LastRespects|||M|||50|,,,,,Water]Archaludon||AssaultVest|Stamina|ElectroShot,DragonPulse,FlashCannon,BodyPress|||F|||50|,,,,,Grass]Dragonite||ChoiceBand|InnerFocus|ExtremeSpeed,DragonClaw,AquaJet,AirSlash|||F|||50|,,,,,Normal]Farigiraf||SitrusBerry|ArmorTail|FoulPlay,TrickRoom,HelpingHand,PsychicNoise|||F|||50|,,,,,Fairy]Magmortar||Charcoal|VitalSpirit|Flamethrower,ScorchingSands,FollowMe,Protect|||M|||50|,,,,,Ground
|inactive|Battle timer is ON: inactive players will automatically lose when time's up. (requested by ZaxbysSauce)
|
|t:|1756521456
|teamsize|p1|4
|teamsize|p2|4
|start
|switch|p1a: Pelicopter|Pelipper, L50, F, shiny|100/100
|switch|p1b: its my bridge!|Archaludon, L50, M, shiny|100/100
|switch|p2a: Basculegion|Basculegion, L50, M|100/100
|switch|p2b: Magmortar|Magmortar, L50, M|100/100
|-weather|RainDance|[from] ability: Drizzle|[of] p1a: Pelicopter
|turn|1
|
|t:|1756521475
|move|p2a: Basculegion|Protect|p2a: Basculegion
|-singleturn|p2a: Basculegion|Protect
|move|p2b: Magmortar|Protect|p2b: Magmortar
|-singleturn|p2b: Magmortar|Protect
|move|p1a: Pelicopter|Weather Ball|p2b: Magmortar
|-activate|p2b: Magmortar|move: Protect
|move|p1b: its my bridge!|Electro Shot||[still]
|-prepare|p1b: its my bridge!|Electro Shot
|-boost|p1b: its my bridge!|spa|1
|-anim|p1b: its my bridge!|Electro Shot|p2a: Basculegion
|-activate|p2a: Basculegion|move: Protect
|
|-weather|RainDance|[upkeep]
|upkeep
|turn|2
|inactive|ZaxbysSauce has 30 seconds left.
|
|t:|1756521501
|switch|p2b: Pelipper|Pelipper, L50, F|100/100
|-terastallize|p2a: Basculegion|Water
|move|p2a: Basculegion|Wave Crash|p1b: its my bridge!
|-resisted|p1b: its my bridge!
|-damage|p1b: its my bridge!|33/100
|-damage|p2a: Basculegion|82/100|[from] Recoil
|move|p1a: Pelicopter|Weather Ball|p2b: Pelipper
|-resisted|p2b: Pelipper
|-damage|p2b: Pelipper|41/100
|move|p1b: its my bridge!|Electro Shot||[still]
|-prepare|p1b: its my bridge!|Electro Shot
|-boost|p1b: its my bridge!|spa|1
|-anim|p1b: its my bridge!|Electro Shot|p2a: Basculegion
|-supereffective|p2a: Basculegion
|-damage|p2a: Basculegion|0 fnt
|faint|p2a: Basculegion
|
|-weather|RainDance|[upkeep]
|upkeep
|
|t:|1756521522
|switch|p2a: Archaludon|Archaludon, L50, F|100/100
|turn|3
|
|t:|1756521533
|move|p1b: its my bridge!|Protect|p1b: its my bridge!
|-singleturn|p1b: its my bridge!|Protect
|move|p1a: Pelicopter|Weather Ball|p2b: Pelipper
|-resisted|p2b: Pelipper
|-damage|p2b: Pelipper|0 fnt
|faint|p2b: Pelipper
|move|p2a: Archaludon|Electro Shot||[still]
|-prepare|p2a: Archaludon|Electro Shot
|-boost|p2a: Archaludon|spa|1
|-anim|p2a: Archaludon|Electro Shot|p1b: its my bridge!
|-activate|p1b: its my bridge!|move: Protect
|
|-weather|RainDance|[upkeep]
|upkeep
|
|t:|1756521547
|switch|p2b: Magmortar|Magmortar, L50, M|100/100
|turn|4
|
|t:|1756521570
|move|p2b: Magmortar|Protect|p2b: Magmortar
|-singleturn|p2b: Magmortar|Protect
|move|p1a: Pelicopter|Weather Ball|p2b: Magmortar
|-activate|p2b: Magmortar|move: Protect
|move|p1b: its my bridge!|Dragon Pulse|p2a: Archaludon
|-damage|p2a: Archaludon|42/100
|-ability|p2a: Archaludon|Stamina|boost
|-boost|p2a: Archaludon|def|1
|move|p2a: Archaludon|Electro Shot||[still]
|-prepare|p2a: Archaludon|Electro Shot
|-boost|p2a: Archaludon|spa|1
|-anim|p2a: Archaludon|Electro Shot|p1a: Pelicopter
|-supereffective|p1a: Pelicopter
|-damage|p1a: Pelicopter|0 fnt
|faint|p1a: Pelicopter
|
|-weather|RainDance|[upkeep]
|upkeep
|
|t:|1756521584
|switch|p1a: monke|Rillaboom, L50, M, shiny|100/100
|-fieldstart|move: Grassy Terrain|[from] ability: Grassy Surge|[of] p1a: monke
|turn|5
|
|t:|1756521605
|move|p1a: monke|Fake Out|p2b: Magmortar
|-damage|p2b: Magmortar|77/100
|move|p1b: its my bridge!|Dragon Pulse|p2a: Archaludon
|-damage|p2a: Archaludon|0 fnt
|faint|p2a: Archaludon
|cant|p2b: Magmortar|flinch
|
|-weather|none
|-heal|p1b: its my bridge!|39/100|[from] Grassy Terrain
|-heal|p2b: Magmortar|83/100|[from] Grassy Terrain
|upkeep
|turn|6
|
|t:|1756521618
|-terastallize|p1b: its my bridge!|Electric
|move|p1b: its my bridge!|Electro Shot||[still]
|-prepare|p1b: its my bridge!|Electro Shot
|-boost|p1b: its my bridge!|spa|1
|-enditem|p1b: its my bridge!|Power Herb
|-anim|p1b: its my bridge!|Electro Shot|p2b: Magmortar
|-damage|p2b: Magmortar|0 fnt
|faint|p2b: Magmortar
|
|win|randomguy1114s
|raw|randomguy1114s's rating: 1198 → 1218(+20 for winning)
|raw|ZaxbysSauce's rating: 1129 → 1109(-20 for losing)
