|j|☆ur1ryanpowney
|j|☆i cant fit in
|html|ur1ryanpowneyi cant fit in    
|uhtml|bestof|Game 2 of a best-of-3
|t:|1756235153
|gametype|doubles
|player|p1|ur1ryanpowney|nate|
|player|p2|i cant fit in|1|
|gen|9
|tier|[Gen 9] VGC 2025 Reg H (Bo3)
|rule|Species Clause: Limit one of each Pokémon
|rule|Item Clause: Limit 1 of each item
|clearpoke
|poke|p1|Ursaluna, L50, M|
|poke|p1|Kommo-o, L50, M|
|poke|p1|Indeedee-F, L50, F|
|poke|p1|Incineroar, L50, F|
|poke|p1|Braviary-Hisui, L50, M|
|poke|p1|Amoonguss, L50, M|
|poke|p2|Sneasler, L50, M|
|poke|p2|Clefable, L50, M|
|poke|p2|Gholdengo, L50|
|poke|p2|Rillaboom, L50, M|
|poke|p2|Magmar, L50, M|
|poke|p2|Dragapult, L50, M|
|teampreview|4
|showteam|p1|Ursaluna||FlameOrb|Guts|Facade,Earthquake,Protect,HeadlongRush|||M|||50|,,,,,Normal]Kommo-o||ThroatSpray|Overcoat|ClangorousSoul,ClangingScales,Protect,Flamethrower|||M|||50|,,,,,Fire]Indeedee-F||MentalHerb|PsychicSurge|DazzlingGleam,FollowMe,TrickRoom,HelpingHand|||F|||50|,,,,,Fairy]Incineroar||SafetyGoggles|Intimidate|FakeOut,KnockOff,PartingShot,FlareBlitz|||F|||50|,,,,,Grass]Braviary-Hisui||LifeOrb|TintedLens|ExpandingForce,Protect,TeraBlast,EsperWing|||M|||50|,,,,,Psychic]Amoonguss||RoomService|Regenerator|Spore,PollenPuff,RagePowder,ClearSmog|||M|||50|,,,,,Water
|showteam|p2|Sneasler||FocusSash|Unburden|CloseCombat,DireClaw,Protect,ThroatChop|||M|||50|,,,,,Dark]Clefable||RockyHelmet|Unaware|Moonblast,IcyWind,FollowMe,Protect|||M|||50|,,,,,Steel]Gholdengo||LifeOrb|GoodasGold|MakeItRain,ShadowBall,NastyPlot,Protect||||||50|,,,,,Water]Rillaboom||AssaultVest|GrassySurge|WoodHammer,GrassyGlide,HighHorsepower,FakeOut|||M|||50|,,,,,Fire]Magmar||Eviolite|VitalSpirit|Taunt,Overheat,FollowMe,Protect|||M|||50|,,,,,Ghost]Dragapult||ChoiceSpecs|ClearBody|ShadowBall,DracoMeteor,Thunderbolt,Flamethrower|||M|||50|,,,,,Fire
|inactive|Battle timer is ON: inactive players will automatically lose when time's up. (requested by ur1ryanpowney)
|
|t:|1756235186
|teamsize|p1|4
|teamsize|p2|4
|start
|switch|p1a: Indeedee|Indeedee-F, L50, F|100/100
|switch|p1b: Braviary|Braviary-Hisui, L50, M|100/100
|switch|p2a: Clefable|Clefable, L50, M, shiny|100/100
|switch|p2b: Gholdengo|Gholdengo, L50|100/100
|-fieldstart|move: Psychic Terrain|[from] ability: Psychic Surge|[of] p1a: Indeedee
|turn|1
|inactive|i cant fit in has 30 seconds left.
|
|t:|1756235214
|-terastallize|p1b: Braviary|Psychic
|move|p1a: Indeedee|Helping Hand|p1b: Braviary
|-singleturn|p1b: Braviary|Helping Hand|[of] p1a: Indeedee
|move|p2b: Gholdengo|Nasty Plot|p2b: Gholdengo
|-boost|p2b: Gholdengo|spa|2
|move|p1b: Braviary|Esper Wing|p2b: Gholdengo
|-resisted|p2b: Gholdengo
|-damage|p2b: Gholdengo|0 fnt
|-boost|p1b: Braviary|spe|1
|faint|p2b: Gholdengo
|-damage|p1b: Braviary|91/100|[from] item: Life Orb
|move|p2a: Clefable|Icy Wind|p1b: Braviary|[spread] p1a,p1b
|-damage|p1a: Indeedee|90/100
|-damage|p1b: Braviary|78/100
|-unboost|p1a: Indeedee|spe|1
|-unboost|p1b: Braviary|spe|1
|
|upkeep
|
|t:|1756235233
|switch|p2b: Dragapult|Dragapult, L50, M, shiny|100/100
|turn|2
|
|t:|1756235249
|move|p2a: Clefable|Follow Me|p2a: Clefable
|-singleturn|p2a: Clefable|move: Follow Me
|move|p1a: Indeedee|Follow Me|p1a: Indeedee
|-singleturn|p1a: Indeedee|move: Follow Me
|move|p2b: Dragapult|Draco Meteor|p1a: Indeedee
|-damage|p1a: Indeedee|7/100
|-unboost|p2b: Dragapult|spa|2
|move|p1b: Braviary|Expanding Force|p2a: Clefable|[spread] p2a,p2b
|-damage|p2a: Clefable|0 fnt
|-damage|p2b: Dragapult|0 fnt
|faint|p2a: Clefable
|faint|p2b: Dragapult
|-damage|p1b: Braviary|69/100|[from] item: Life Orb
|
|upkeep
|
|t:|1756235261
|switch|p2a: Dk|Rillaboom, L50, M, shiny|100/100
|-fieldstart|move: Grassy Terrain|[from] ability: Grassy Surge|[of] p2a: Dk
|turn|3
|
|t:|1756235271
|switch|p1a: Kommo-o|Kommo-o, L50, M|100/100
|move|p1b: Braviary|Protect|p1b: Braviary
|-singleturn|p1b: Braviary|Protect
|move|p2a: Dk|Fake Out|p1a: Kommo-o
|-damage|p1a: Kommo-o|87/100
|
|-heal|p1b: Braviary|75/100|[from] Grassy Terrain
|-heal|p1a: Kommo-o|93/100|[from] Grassy Terrain
|upkeep
|turn|4
|
|t:|1756235287
|switch|p1b: Amoonguss|Amoonguss, L50, M, shiny|100/100
|-terastallize|p2a: Dk|Fire
|move|p2a: Dk|Wood Hammer|p1b: Amoonguss
|-resisted|p1b: Amoonguss
|-damage|p1b: Amoonguss|81/100
|-damage|p2a: Dk|94/100|[from] Recoil
|move|p1a: Kommo-o|Clangorous Soul|p1a: Kommo-o
|-boost|p1a: Kommo-o|atk|1
|-boost|p1a: Kommo-o|def|1
|-boost|p1a: Kommo-o|spa|1
|-boost|p1a: Kommo-o|spd|1
|-boost|p1a: Kommo-o|spe|1
|-damage|p1a: Kommo-o|61/100
|-enditem|p1a: Kommo-o|Throat Spray
|-boost|p1a: Kommo-o|spa|1|[from] item: Throat Spray
|
|-heal|p1a: Kommo-o|67/100|[from] Grassy Terrain
|-heal|p2a: Dk|99/100|[from] Grassy Terrain
|-heal|p1b: Amoonguss|87/100|[from] Grassy Terrain
|upkeep
|turn|5
|inactive|ur1ryanpowney has 30 seconds left.
|
|t:|1756235319
|move|p1a: Kommo-o|Clanging Scales|p2a: Dk
|-damage|p2a: Dk|22/100
|-unboost|p1a: Kommo-o|def|1
|move|p2a: Dk|Wood Hammer|p1a: Kommo-o
|-resisted|p1a: Kommo-o
|-damage|p1a: Kommo-o|28/100
|-damage|p2a: Dk|11/100|[from] Recoil
|move|p1b: Amoonguss|Pollen Puff|p1a: Kommo-o
|-heal|p1a: Kommo-o|78/100
|
|-heal|p1a: Kommo-o|84/100|[from] Grassy Terrain
|-heal|p2a: Dk|17/100|[from] Grassy Terrain
|-heal|p1b: Amoonguss|93/100|[from] Grassy Terrain
|upkeep
|turn|6
|
|t:|1756235335
|move|p1a: Kommo-o|Clanging Scales|p2a: Dk
|-damage|p2a: Dk|0 fnt
|faint|p2a: Dk
|
|win|ur1ryanpowney
||ur1ryanpowney is ready for game 3.
||i cant fit in is ready for game 3.
|uhtml|next|Next: Game 3 of 3
|l|☆ur1ryanpowney
|player|p1|
