|j|☆i miss my miraidon
|j|☆Il Mule
|html|i miss my miraidonIl Mule    
|uhtml|bestof|Game 3 of a best-of-3
|t:|1784202992
|gametype|doubles
|player|p1|i miss my miraidon|170|1419
|player|p2|Il Mule|salvatore|1493
|gen|9
|tier|[Gen 9 Champions] VGC 2026 Reg M-B (Bo3)
|rated|
|rule|Species Clause: Limit one of each Pokémon
|rule|Item Clause: Limit 1 of each item
|clearpoke
|poke|p1|Venusaur, L50, F|
|poke|p1|Arcanine-Hisui, L50, F|
|poke|p1|Dragonite, L50, F|
|poke|p1|Floette-Eternal, L50, F|
|poke|p1|Snorlax, L50, M|
|poke|p1|Basculegion, L50, M|
|poke|p2|Excadrill, L50, M|
|poke|p2|Tyranitar, L50, F|
|poke|p2|Sneasler, L50, M|
|poke|p2|Incineroar, L50, M|
|poke|p2|Froslass, L50, F|
|poke|p2|Sinistcha, L50|
|teampreview|4
|showteam|p1|Venusaur||Venusaurite|Overgrow|GigaDrain,SludgeBomb,EarthPower,Protect|Modest||F|||50|]Arcanine-Hisui||FocusSash|RockHead|FlareBlitz,ExtremeSpeed,HeadSmash,Protect|Adamant||F|||50|]Dragonite||LifeOrb|InnerFocus|DragonClaw,LowKick,ExtremeSpeed,Protect|Adamant||F|||50|]Floette-Eternal||Floettite|FlowerVeil|Moonblast,DazzlingGleam,LightofRuin,Protect|Timid||F|||50|]Snorlax||SitrusBerry|ThickFat|DoubleEdge,Yawn,Fissure,Protect|Impish||M|||50|]Basculegion||ChoiceScarf|Adaptability|LastRespects,WaveCrash,AquaJet,FlipTurn|Jolly||M|||50|
|showteam|p2|Excadrill||FocusSash|SandRush|HighHorsepower,RockSlide,IronHead,Protect|Adamant||M|||50|]Tyranitar||Tyranitarite|SandStream|KnockOff,RockSlide,DragonDance,Protect|Adamant||F|||50|]Sneasler||WhiteHerb|Unburden|CloseCombat,DireClaw,Coaching,FakeOut|Jolly||M|||50|]Incineroar||SitrusBerry|Intimidate|FlareBlitz,HelpingHand,PartingShot,FakeOut|Impish||M|||50|]Froslass||Froslassite|CursedBody|Blizzard,ShadowBall,NastyPlot,Protect|Timid||F|||50|]Sinistcha||ColburBerry|Hospitality|ShadowBall,LeafStorm,RagePowder,Protect|Bold|||||50|
|j| lakaka siuuu
|j| rovesciaporci
|
|t:|1784203020
|teamsize|p1|4
|teamsize|p2|4
|start
|switch|p1a: Basculegion|Basculegion, L50, M|100/100
|switch|p1b: Dragonite|Dragonite, L50, F|100/100
|switch|p2a: Sidy|Incineroar, L50, M|100/100
|switch|p2b: Quando provo|Tyranitar, L50, F|100/100
|-weather|Sandstorm|[from] ability: Sand Stream|[of] p2b: Quando provo
|-ability|p2a: Sidy|Intimidate|boost
|-unboost|p1a: Basculegion|atk|1
|-fail|p1b: Dragonite|unboost|Attack|[from] ability: Inner Focus|[of] p1b: Dragonite
|turn|1
|
|t:|1784203057
|move|p2b: Quando provo|Protect|p2b: Quando provo
|-singleturn|p2b: Quando provo|Protect
|move|p1a: Basculegion|Wave Crash|p2a: Sidy
|-supereffective|p2a: Sidy|1
|-damage|p2a: Sidy|22/100
|-enditem|p2a: Sidy|Sitrus Berry|[eat]
|-heal|p2a: Sidy|47/100|[from] item: Sitrus Berry
|-damage|p1a: Basculegion|74/100|[from] Recoil
|move|p1b: Dragonite|Low Kick|p2b: Quando provo
|-activate|p2b: Quando provo|move: Protect
|move|p2a: Sidy|Parting Shot|p1b: Dragonite
|-unboost|p1b: Dragonite|atk|1
|-unboost|p1b: Dragonite|spa|1
|
|t:|1784203067
|switch|p2a: Las brulè|Sinistcha, L50|100/100|[from] Parting Shot
|
|-weather|Sandstorm|[upkeep]
|-damage|p1a: Basculegion|68/100|[from] Sandstorm
|-damage|p1b: Dragonite|94/100|[from] Sandstorm
|-damage|p2a: Las brulè|93/100|[from] Sandstorm
|upkeep
|turn|2
|
|t:|1784203074
|switch|p1a: Floette|Floette-Eternal, L50, F|100/100
|move|p2a: Las brulè|Rage Powder|p2a: Las brulè
|-singleturn|p2a: Las brulè|move: Rage Powder
|move|p1b: Dragonite|Dragon Claw|p2a: Las brulè
|-damage|p2a: Las brulè|57/100
|-damage|p1b: Dragonite|84/100|[from] item: Life Orb
|move|p2b: Quando provo|Dragon Dance|p2b: Quando provo
|-boost|p2b: Quando provo|atk|1
|-boost|p2b: Quando provo|spe|1
|
|-weather|Sandstorm|[upkeep]
|-damage|p1a: Floette|94/100|[from] Sandstorm
|-damage|p1b: Dragonite|78/100|[from] Sandstorm
|-damage|p2a: Las brulè|51/100|[from] Sandstorm
|upkeep
|turn|3
|
|t:|1784203088
|switch|p2a: Gervasoni|Excadrill, L50, M|100/100
|detailschange|p1a: Floette|Floette-Mega, L50, F
|-mega|p1a: Floette|Floette|Floettite
|-ability|p1a: Floette|Fairy Aura
|move|p2b: Quando provo|Protect|p2b: Quando provo
|-singleturn|p2b: Quando provo|Protect
|move|p1a: Floette|Dazzling Gleam|p2a: Gervasoni|[spread] p2a
|-activate|p2b: Quando provo|move: Protect
|-resisted|p2a: Gervasoni|1
|-damage|p2a: Gervasoni|70/100
|move|p1b: Dragonite|Low Kick|p2b: Quando provo
|-activate|p2b: Quando provo|move: Protect
|
|-weather|Sandstorm|[upkeep]
|-damage|p1a: Floette|88/100|[from] Sandstorm
|-damage|p1b: Dragonite|72/100|[from] Sandstorm
|upkeep
|turn|4
|
|t:|1784203103
|switch|p1a: Basculegion|Basculegion, L50, M|68/100
|detailschange|p2b: Quando provo|Tyranitar-Mega, L50, F
|-mega|p2b: Quando provo|Tyranitar|Tyranitarite
|move|p1b: Dragonite|Protect|p1b: Dragonite
|-singleturn|p1b: Dragonite|Protect
|move|p2a: Gervasoni|Iron Head|p1a: Basculegion
|-resisted|p1a: Basculegion|1
|-damage|p1a: Basculegion|40/100
|move|p2b: Quando provo|Rock Slide|p1b: Dragonite|[spread] 
|-activate|p1b: Dragonite|move: Protect
|-miss|p2b: Quando provo|p1a: Basculegion
|
|-weather|Sandstorm|[upkeep]
|-damage|p1a: Basculegion|34/100|[from] Sandstorm
|-damage|p1b: Dragonite|66/100|[from] Sandstorm
|upkeep
|turn|5
|c|☆Il Mule|oh che dolore
|c| lakaka siuuu|troppo dolore
|
|t:|1784203133
|switch|p2a: Sidy|Incineroar, L50, M|47/100
|-ability|p2a: Sidy|Intimidate|boost
|-unboost|p1a: Basculegion|atk|1
|-fail|p1b: Dragonite|unboost|Attack|[from] ability: Inner Focus|[of] p1b: Dragonite
|switch|p1b: Floette|Floette-Mega, L50, F|88/100
|-ability|p1b: Floette|Fairy Aura
|move|p1a: Basculegion|Wave Crash|p2b: Quando provo
|-supereffective|p2b: Quando provo|1
|-crit|p2b: Quando provo
|-damage|p2b: Quando provo|0 fnt
|faint|p2b: Quando provo
|-damage|p1a: Basculegion|1/100|[from] Recoil
|
|-weather|none
|upkeep
|c|☆Il Mule|OH CHE DOLORE
|c|☆i miss my miraidon|sorry
|c|☆Il Mule|UOMATA + CRIT
|c|☆Il Mule|nemmeno nei miei peggiori incubi
|c|☆i miss my miraidon|hehehehehehee
|c|☆i miss my miraidon|sorry
|c|☆Il Mule|don't worry bro
|c|☆Il Mule|we love this game
|c|☆i miss my miraidon|We do
|c|☆Il Mule|diceva micheal jordan
|
|t:|1784203179
|switch|p2b: Gervasoni|Excadrill, L50, M|70/100
|turn|6
|c| lakaka siuuu|tutto corretto
|
|t:|1784203193
|switch|p2a: Las brulè|Sinistcha, L50|51/100
|-heal|p2b: Gervasoni|95/100|[from] ability: Hospitality|[of] p2a: Las brulè
|move|p1a: Basculegion|Wave Crash|p2b: Gervasoni
|-supereffective|p2b: Gervasoni|1
|-damage|p2b: Gervasoni|0 fnt
|faint|p2b: Gervasoni
|-damage|p1a: Basculegion|0 fnt|[from] Recoil
|faint|p1a: Basculegion
|move|p1b: Floette|Moonblast|p2a: Las brulè
|-damage|p2a: Las brulè|0 fnt
|faint|p2a: Las brulè
|
|upkeep
|-message|Il Mule forfeited.
|
|win|i miss my miraidon
|raw|i miss my miraidon's rating: 1419 → 1443(+24 for winning)
|raw|Il Mule's rating: 1493 → 1469(-24 for losing)
|l|☆Il Mule
|player|p2|
|c|☆i miss my miraidon|ggs my freidn
