|j|☆gundot
|j|☆DreamPrince
|html|gundotDreamPrince    
|uhtml|bestof|Game 2 of a best-of-3
|t:|1783502183
|gametype|doubles
|player|p1|gundot|ethan-gen2|1228
|player|p2|DreamPrince|dahlia|1146
|gen|9
|tier|[Gen 9 Champions] VGC 2026 Reg M-B (Bo3)
|rated|
|rule|Species Clause: Limit one of each Pokémon
|rule|Item Clause: Limit 1 of each item
|clearpoke
|poke|p1|Kingambit, L50, M|
|poke|p1|Aerodactyl, L50, F|
|poke|p1|Charizard, L50, F, shiny|
|poke|p1|Sylveon, L50, F|
|poke|p1|Farigiraf, L50, F, shiny|
|poke|p1|Garchomp, L50, M|
|poke|p2|Charizard, L50, F|
|poke|p2|Sneasler, L50, F|
|poke|p2|Milotic, L50, M|
|poke|p2|Wyrdeer, L50, F|
|poke|p2|Clefable, L50, F|
|poke|p2|Gholdengo, L50|
|teampreview|4
|showteam|p1|Kingambit||FocusSash|Defiant|KowtowCleave,IronHead,SuckerPunch,LowKick|Adamant||M|||50|]Aerodactyl|||Unnerve|RockSlide,DualWingbeat,Tailwind,IceFang|Jolly||F|||50|]Charizard||CharizarditeY|Blaze|Protect,HeatWave,SolarBeam,WeatherBall|Modest||F|||50|]Sylveon||FairyFeather|Pixilate|Protect,HyperVoice,HyperBeam,QuickAttack|Modest||F|||50|]Farigiraf||SitrusBerry|ArmorTail|TwinBeam,Thunderbolt,TrickRoom,GrassKnot|Bold||F|||50|]Garchomp||LifeOrb|SandVeil|Protect,StompingTantrum,DragonClaw,Earthquake|Jolly||M|||50|
|showteam|p2|Charizard||CharizarditeX|Blaze|DragonDance,BreakingSwipe,TemperFlare,Protect|Adamant||F|||50|]Sneasler||FocusSash|Unburden|FakeOut,CloseCombat,GunkShot,Coaching|Jolly||F|||50|]Milotic||RindoBerry|Competitive|Coil,LifeDew,Hypnosis,MuddyWater|Sassy||M|||50|]Wyrdeer||ColburBerry|Intimidate|Gravity,Hypnosis,PsyshieldBash,TrickRoom|Careful||F|||50|]Clefable||SitrusBerry|Unaware|FollowMe,Moonblast,LifeDew,Protect|Bold||F|||50|]Gholdengo||Leftovers|GoodasGold|ShadowBall,MakeItRain,NastyPlot,Protect|Timid|||||50|
|inactive|Battle timer is ON: inactive players will automatically lose when time's up. (requested by gundot)
|
|t:|1783502206
|teamsize|p1|4
|teamsize|p2|4
|start
|switch|p1a: Aerodactyl|Aerodactyl, L50, F|100/100
|switch|p1b: Sylveon|Sylveon, L50, F|100/100
|switch|p2a: Sneasler|Sneasler, L50, F|100/100
|switch|p2b: Charizard|Charizard, L50, F|100/100
|-ability|p1a: Aerodactyl|Unnerve
|turn|1
|inactive|gundot has 30 seconds left.
|
|t:|1783502232
|switch|p1b: Farigiraf|Farigiraf, L50, F, shiny|100/100
|move|p2a: Sneasler|Fake Out||[still]
|cant|p1b: Farigiraf|ability: Armor Tail|Fake Out|[of] p2a: Sneasler
|move|p1a: Aerodactyl|Dual Wingbeat|p2a: Sneasler
|-supereffective|p2a: Sneasler|1
|-damage|p2a: Sneasler|46/100
|-supereffective|p2a: Sneasler|1
|-crit|p2a: Sneasler
|-damage|p2a: Sneasler|0 fnt
|faint|p2a: Sneasler
|-hitcount|p2: Sneasler|2
|move|p2b: Charizard|Dragon Dance|p2b: Charizard
|-boost|p2b: Charizard|atk|1
|-boost|p2b: Charizard|spe|1
|
|upkeep
|
|t:|1783502239
|switch|p2a: Gholdengo|Gholdengo, L50|100/100
|turn|2
|
|t:|1783502257
|detailschange|p2b: Charizard|Charizard-Mega-X, L50, F
|-mega|p2b: Charizard|Charizard|Charizardite X
|move|p2b: Charizard|Breaking Swipe|p1b: Farigiraf|[spread] p1a,p1b
|-damage|p1a: Aerodactyl|44/100
|-damage|p1b: Farigiraf|66/100
|-unboost|p1a: Aerodactyl|atk|1
|-unboost|p1b: Farigiraf|atk|1
|move|p1a: Aerodactyl|Rock Slide|p2a: Gholdengo|[spread] p2a,p2b
|-resisted|p2a: Gholdengo|1
|-supereffective|p2b: Charizard|1
|-damage|p2a: Gholdengo|92/100
|-damage|p2b: Charizard|72/100
|cant|p2a: Gholdengo|flinch
|move|p1b: Farigiraf|Trick Room|p1b: Farigiraf
|-fieldstart|move: Trick Room|[of] p1b: Farigiraf
|
|-heal|p2a: Gholdengo|98/100|[from] item: Leftovers
|upkeep
|turn|3
|inactive|DreamPrince has 30 seconds left.
|
|t:|1783502283
|switch|p2a: Clefable|Clefable, L50, F|100/100
|move|p2b: Charizard|Protect|p2b: Charizard
|-singleturn|p2b: Charizard|Protect
|move|p1b: Farigiraf|Twin Beam|p2b: Charizard
|-activate|p2b: Charizard|move: Protect
|move|p1a: Aerodactyl|Rock Slide|p2b: Charizard|[spread] p2a
|-activate|p2b: Charizard|move: Protect
|-damage|p2a: Clefable|76/100
|
|upkeep
|turn|4
|inactive|DreamPrince has 30 seconds left.
|
|t:|1783502314
|move|p2a: Clefable|Moonblast|p1a: Aerodactyl
|-damage|p1a: Aerodactyl|3/100
|move|p1b: Farigiraf|Twin Beam|p2a: Clefable
|-damage|p2a: Clefable|65/100
|-damage|p2a: Clefable|52/100
|-hitcount|p2a: Clefable|2
|move|p1a: Aerodactyl|Rock Slide|p2b: Charizard|[spread] p2a,p2b
|-supereffective|p2b: Charizard|1
|-damage|p2a: Clefable|31/100
|-damage|p2b: Charizard|45/100
|move|p2b: Charizard|Temper Flare|p1b: Farigiraf
|-damage|p1b: Farigiraf|7/100
|-enditem|p1b: Farigiraf|Sitrus Berry|[eat]
|-heal|p1b: Farigiraf|32/100|[from] item: Sitrus Berry
|
|upkeep
|turn|5
|
|t:|1783502327
|move|p2b: Charizard|Protect|p2b: Charizard
|-singleturn|p2b: Charizard|Protect
|move|p1b: Farigiraf|Twin Beam|p2a: Clefable
|-damage|p2a: Clefable|19/100
|-damage|p2a: Clefable|6/100
|-hitcount|p2a: Clefable|2
|move|p2a: Clefable|Life Dew|p2a: Clefable|[spread] p2a,p2b
|-heal|p2a: Clefable|32/100
|-heal|p2b: Charizard|70/100
|move|p1a: Aerodactyl|Rock Slide|p2a: Clefable|[spread] p2a
|-activate|p2b: Charizard|move: Protect
|-damage|p2a: Clefable|10/100
|
|upkeep
|turn|6
|l|☆gundot
|inactive|gundot disconnected and has a minute to reconnect!
|player|p1|
|j|☆gundot
|inactive|gundot reconnected and has 40 seconds left.
|player|p1|gundot|ethan-gen2|
|inactive|gundot has 30 seconds left.
|inactive|gundot has 20 seconds left.
|
|t:|1783502366
|move|p1b: Farigiraf|Twin Beam|p2b: Charizard
|-damage|p2b: Charizard|54/100
|-crit|p2b: Charizard
|-damage|p2b: Charizard|30/100
|-hitcount|p2b: Charizard|2
|move|p2a: Clefable|Moonblast|p1a: Aerodactyl
|-damage|p1a: Aerodactyl|0 fnt
|-enditem|p2a: Clefable|Sitrus Berry|[eat]
|-heal|p2a: Clefable|35/100|[from] item: Sitrus Berry
|faint|p1a: Aerodactyl
|move|p2b: Charizard|Breaking Swipe|p1b: Farigiraf
|-damage|p1b: Farigiraf|0 fnt
|faint|p1b: Farigiraf
|
|-fieldend|move: Trick Room
|upkeep
|
|t:|1783502370
|switch|p1a: Sylveon|Sylveon, L50, F|100/100
|switch|p1b: Kingambit|Kingambit, L50, M|100/100
|turn|7
|inactive|DreamPrince has 30 seconds left.
|
|t:|1783502395
|move|p2a: Clefable|Protect|p2a: Clefable
|-singleturn|p2a: Clefable|Protect
|move|p2b: Charizard|Temper Flare|p1b: Kingambit
|-supereffective|p1b: Kingambit|1
|-enditem|p1b: Kingambit|Focus Sash
|-damage|p1b: Kingambit|1/100
|move|p1b: Kingambit|Iron Head|p2a: Clefable
|-activate|p2a: Clefable|move: Protect
|move|p1a: Sylveon|Hyper Voice|p2b: Charizard|[spread] p2b
|-activate|p2a: Clefable|move: Protect
|-damage|p2b: Charizard|0 fnt
|faint|p2b: Charizard
|
|upkeep
|
|t:|1783502399
|switch|p2b: Gholdengo|Gholdengo, L50|98/100
|turn|8
|
|t:|1783502408
|move|p2a: Clefable|Follow Me|p2a: Clefable
|-singleturn|p2a: Clefable|move: Follow Me
|move|p2b: Gholdengo|Make It Rain|p1a: Sylveon|[spread] p1a,p1b
|-supereffective|p1a: Sylveon|1
|-resisted|p1b: Kingambit|1
|-damage|p1a: Sylveon|28/100
|-damage|p1b: Kingambit|0 fnt
|-unboost|p2b: Gholdengo|spa|2
|faint|p1b: Kingambit
|move|p1a: Sylveon|Hyper Voice|p2b: Gholdengo|[spread] p2a,p2b
|-resisted|p2b: Gholdengo|1
|-damage|p2a: Clefable|2/100
|-damage|p2b: Gholdengo|74/100
|
|-heal|p2b: Gholdengo|80/100|[from] item: Leftovers
|upkeep
|turn|9
|
|t:|1783502416
|move|p2b: Gholdengo|Make It Rain|p1a: Sylveon
|-supereffective|p1a: Sylveon|1
|-damage|p1a: Sylveon|0 fnt
|-unboost|p2b: Gholdengo|spa|2
|faint|p1a: Sylveon
|
|win|DreamPrince
