|j|☆wait for swarley
|j|☆Gayangos
|html|wait for swarleyGayangos    
|uhtml|bestof|Game 1 of a best-of-3
|t:|1757847085
|gametype|doubles
|player|p1|wait for swarley|volo|1351
|player|p2|Gayangos|2|1412
|gen|9
|tier|[Gen 9] VGC 2025 Reg H (Bo3)
|rated|
|rule|Species Clause: Limit one of each Pokémon
|rule|Item Clause: Limit 1 of each item
|clearpoke
|poke|p1|Dachsbun, L50, F|
|poke|p1|Torkoal, L50, M|
|poke|p1|Typhlosion-Hisui, L50, M|
|poke|p1|Kingambit, L50, M|
|poke|p1|Rillaboom, L50, F|
|poke|p1|Zoroark-Hisui, L50, F|
|poke|p2|Dragapult, L50, F|
|poke|p2|Sneasler, L50, M|
|poke|p2|Incineroar, L50, M|
|poke|p2|Rillaboom, L50, F|
|poke|p2|Kingambit, L50, F|
|poke|p2|Volcarona, L50, F|
|teampreview|4
|showteam|p1|Dachsbun||Leftovers|WellBakedBody|BodyPress,Snarl,Rest,Yawn|||F|||50|,,,,,Steel]Torkoal||SitrusBerry|Drought|WeatherBall,Eruption,LavaPlume,Protect|||M|||50|,,,,,Fire]Typhlosion-Hisui||ChoiceScarf|Blaze|Eruption,ShadowBall,LavaPlume,Overheat|||M|||50|,,,,,Dark]Kingambit||BlackGlasses|Defiant|SuckerPunch,Assurance,Protect,SwordsDance|||M|||50|,,,,,Dark]Rillaboom||AssaultVest|GrassySurge|FakeOut,GrassyGlide,WoodHammer,Uturn|||F|||50|,,,,,Grass]Zoroark-Hisui||ChoiceSpecs|Illusion|IcyWind,BitterMalice,HyperVoice,HyperBeam|||F|||50|,,,,,Normal
|showteam|p2|Dragapult||ChoiceBand|ClearBody|DragonDarts,Outrage,PhantomForce,Uturn|||F|||50|,,,,,Dragon]Sneasler||FocusSash|Unburden|CloseCombat,DireClaw,ThroatChop,Protect|||M|||50|,,,,,Stellar]Incineroar||SafetyGoggles|Intimidate|KnockOff,FakeOut,Taunt,PartingShot|||M|||50|,,,,,Ghost]Rillaboom||AssaultVest|GrassySurge|WoodHammer,GrassyGlide,FakeOut,HighHorsepower|||F|||50|,,,,,Fire]Kingambit||BlackGlasses|Defiant|KowtowCleave,SuckerPunch,SwordsDance,Protect|||F|||50|,,,,,Dark]Volcarona||GrassySeed|FlameBody|HeatWave,TeraBlast,QuiverDance,Protect|||F|||50|,,,,,Fairy
|inactive|Battle timer is ON: inactive players will automatically lose when time's up. (requested by Gayangos)
|
|t:|1757847110
|teamsize|p1|4
|teamsize|p2|4
|start
|switch|p1a: Typhlosion|Typhlosion-Hisui, L50, M|100/100
|switch|p1b: Rillaboom|Rillaboom, L50, F, shiny|100/100
|switch|p2a: Dragapult|Dragapult, L50, F|100/100
|switch|p2b: Volcarona|Volcarona, L50, F|100/100
|-fieldstart|move: Grassy Terrain|[from] ability: Grassy Surge|[of] p1b: Rillaboom
|-enditem|p2b: Volcarona|Grassy Seed
|-boost|p2b: Volcarona|def|1|[from] item: Grassy Seed
|turn|1
|
|t:|1757847128
|switch|p1b: Dachsbun|Dachsbun, L50, F, shiny|100/100
|move|p2b: Volcarona|Protect|p2b: Volcarona
|-singleturn|p2b: Volcarona|Protect
|move|p1a: Typhlosion|Lava Plume|p2a: Dragapult|[spread] p2a
|-activate|p2b: Volcarona|move: Protect
|-ability|p1b: Dachsbun|Well-Baked Body|boost
|-boost|p1b: Dachsbun|def|2
|-resisted|p2a: Dragapult
|-damage|p2a: Dragapult|79/100
|move|p2a: Dragapult|Dragon Darts|p1a: Typhlosion
|-damage|p1a: Typhlosion|44/100
|-anim|p2a: Dragapult|Dragon Darts|p1a: Typhlosion
|-damage|p1a: Typhlosion|0 fnt
|faint|p1a: Typhlosion
|
|-heal|p2a: Dragapult|85/100|[from] Grassy Terrain
|upkeep
|
|t:|1757847143
|switch|p1a: Torkoal|Torkoal, L50, M|100/100
|-weather|SunnyDay|[from] ability: Drought|[of] p1a: Torkoal
|turn|2
|
|t:|1757847167
|-terastallize|p1b: Dachsbun|Steel
|move|p1a: Torkoal|Protect|p1a: Torkoal
|-singleturn|p1a: Torkoal|Protect
|move|p2a: Dragapult|Dragon Darts|p1b: Dachsbun
|-resisted|p1b: Dachsbun
|-damage|p1b: Dachsbun|93/100
|-anim|p2a: Dragapult|Dragon Darts|p1b: Dachsbun
|-resisted|p1b: Dachsbun
|-damage|p1b: Dachsbun|85/100
|move|p2b: Volcarona|Quiver Dance|p2b: Volcarona
|-boost|p2b: Volcarona|spa|1
|-boost|p2b: Volcarona|spd|1
|-boost|p2b: Volcarona|spe|1
|move|p1b: Dachsbun|Yawn|p2b: Volcarona
|-start|p2b: Volcarona|move: Yawn|[of] p1b: Dachsbun
|
|-weather|SunnyDay|[upkeep]
|-heal|p2a: Dragapult|91/100|[from] Grassy Terrain
|-heal|p1b: Dachsbun|92/100|[from] Grassy Terrain
|-heal|p1b: Dachsbun|98/100|[from] item: Leftovers
|upkeep
|turn|3
|
|t:|1757847186
|move|p2b: Volcarona|Tera Blast|p1a: Torkoal
|-damage|p1a: Torkoal|43/100
|-enditem|p1a: Torkoal|Sitrus Berry|[eat]
|-heal|p1a: Torkoal|68/100|[from] item: Sitrus Berry
|move|p2a: Dragapult|Dragon Darts|p1a: Torkoal
|-damage|p1a: Torkoal|37/100
|-anim|p2a: Dragapult|Dragon Darts|p1b: Dachsbun
|-resisted|p1b: Dachsbun
|-damage|p1b: Dachsbun|90/100
|move|p1b: Dachsbun|Body Press|p2b: Volcarona
|-resisted|p2b: Volcarona
|-damage|p2b: Volcarona|73/100
|-status|p1b: Dachsbun|brn|[from] ability: Flame Body|[of] p2b: Volcarona
|move|p1a: Torkoal|Lava Plume|p2b: Volcarona|[spread] p2a,p2b
|-ability|p1b: Dachsbun|Well-Baked Body|boost
|-boost|p1b: Dachsbun|def|2
|-resisted|p2a: Dragapult
|-damage|p2a: Dragapult|65/100
|-damage|p2b: Volcarona|50/100
|-status|p2a: Dragapult|brn
|
|-weather|SunnyDay|[upkeep]
|-heal|p2b: Volcarona|56/100|[from] Grassy Terrain
|-heal|p2a: Dragapult|71/100 brn|[from] Grassy Terrain
|-heal|p1b: Dachsbun|97/100 brn|[from] Grassy Terrain
|-heal|p1b: Dachsbun|100/100 brn|[from] item: Leftovers
|-heal|p1a: Torkoal|43/100|[from] Grassy Terrain
|-damage|p2a: Dragapult|65/100 brn|[from] brn
|-damage|p1b: Dachsbun|94/100 brn|[from] brn
|-end|p2b: Volcarona|move: Yawn|[silent]
|-status|p2b: Volcarona|slp
|upkeep
|turn|4
|
|t:|1757847209
|cant|p2b: Volcarona|slp
|move|p2a: Dragapult|Dragon Darts|p1a: Torkoal
|-damage|p1a: Torkoal|28/100
|-anim|p2a: Dragapult|Dragon Darts|p1b: Dachsbun
|-resisted|p1b: Dachsbun
|-damage|p1b: Dachsbun|92/100 brn
|move|p1b: Dachsbun|Body Press|p2b: Volcarona
|-resisted|p2b: Volcarona
|-damage|p2b: Volcarona|38/100 slp
|move|p1a: Torkoal|Lava Plume|p2a: Dragapult|[spread] p2a,p2b
|-ability|p1b: Dachsbun|Well-Baked Body|boost
|-boost|p1b: Dachsbun|def|2
|-resisted|p2a: Dragapult
|-damage|p2a: Dragapult|38/100 brn
|-damage|p2b: Volcarona|13/100 slp
|
|-weather|SunnyDay|[upkeep]
|-heal|p2b: Volcarona|19/100 slp|[from] Grassy Terrain
|-heal|p2a: Dragapult|44/100 brn|[from] Grassy Terrain
|-heal|p1b: Dachsbun|98/100 brn|[from] Grassy Terrain
|-heal|p1b: Dachsbun|100/100 brn|[from] item: Leftovers
|-heal|p1a: Torkoal|34/100|[from] Grassy Terrain
|-damage|p2a: Dragapult|38/100 brn|[from] brn
|-damage|p1b: Dachsbun|94/100 brn|[from] brn
|upkeep
|turn|5
|
|t:|1757847226
|cant|p2b: Volcarona|slp
|move|p2a: Dragapult|Dragon Darts|p1a: Torkoal
|-damage|p1a: Torkoal|19/100
|-anim|p2a: Dragapult|Dragon Darts|p1b: Dachsbun
|-resisted|p1b: Dachsbun
|-damage|p1b: Dachsbun|92/100 brn
|move|p1b: Dachsbun|Snarl|p2a: Dragapult|[spread] p2a,p2b
|-supereffective|p2a: Dragapult
|-damage|p2a: Dragapult|24/100 brn
|-damage|p2b: Volcarona|16/100 slp
|-unboost|p2b: Volcarona|spa|1
|move|p1a: Torkoal|Lava Plume|p2b: Volcarona|[spread] p2a,p2b
|-immune|p1b: Dachsbun|[from] ability: Well-Baked Body
|-resisted|p2a: Dragapult
|-damage|p2a: Dragapult|0 fnt
|-damage|p2b: Volcarona|0 fnt
|faint|p2a: Dragapult
|faint|p2b: Volcarona
|
|-weather|SunnyDay|[upkeep]
|-heal|p1b: Dachsbun|99/100 brn|[from] Grassy Terrain
|-heal|p1b: Dachsbun|100/100 brn|[from] item: Leftovers
|-heal|p1a: Torkoal|25/100|[from] Grassy Terrain
|-damage|p1b: Dachsbun|94/100 brn|[from] brn
|-fieldend|move: Grassy Terrain
|upkeep
|
|t:|1757847235
|switch|p2a: Kingambit|Kingambit, L50, F|100/100
|switch|p2b: Sneasler|Sneasler, L50, M|100/100
|turn|6
|inactive|wait for swarley has 30 seconds left.
|
|t:|1757847261
|-terastallize|p2b: Sneasler|Stellar
|move|p1a: Torkoal|Protect|p1a: Torkoal
|-singleturn|p1a: Torkoal|Protect
|move|p2a: Kingambit|Sucker Punch||[still]
|-fail|p2a: Kingambit
|move|p2b: Sneasler|Close Combat|p1b: Dachsbun
|-supereffective|p1b: Dachsbun
|-damage|p1b: Dachsbun|62/100 brn
|-unboost|p2b: Sneasler|def|1
|-unboost|p2b: Sneasler|spd|1
|move|p1b: Dachsbun|Body Press|p2a: Kingambit
|-supereffective|p2a: Kingambit
|-damage|p2a: Kingambit|0 fnt
|faint|p2a: Kingambit
|
|-weather|none
|-heal|p1b: Dachsbun|68/100 brn|[from] item: Leftovers
|-damage|p1b: Dachsbun|62/100 brn|[from] brn
|upkeep
|turn|7
|-message|Gayangos forfeited.
|
|win|wait for swarley
|l|☆Gayangos
|player|p2|
||Gayangos is ready for game 2.
||wait for swarley is ready for game 2.
|uhtml|next|Next: Game 2 of 3
