|j|☆raucho
|j|☆the bugcather
|html|rauchothe bugcather    
|uhtml|bestof|Game 2 of a best-of-3
|t:|1756182619
|gametype|doubles
|player|p1|raucho|n|1097
|player|p2|the bugcather|bugcatcher-gen4dp|1211
|gen|9
|tier|[Gen 9] VGC 2025 Reg H (Bo3)
|rated|
|rule|Species Clause: Limit one of each Pokémon
|rule|Item Clause: Limit 1 of each item
|clearpoke
|poke|p1|Gholdengo, L50|
|poke|p1|Dragonite, L50, F|
|poke|p1|Indeedee, L50, M|
|poke|p1|Sneasler, L50, F|
|poke|p1|Electabuzz, L50, M|
|poke|p1|Ursaluna-Bloodmoon, L50, M|
|poke|p2|Archaludon, L50, M|
|poke|p2|Pelipper, L50, M|
|poke|p2|Basculegion, L50, M|
|poke|p2|Maushold, L50|
|poke|p2|Annihilape, L50, F|
|poke|p2|Sinistcha-Masterpiece, L50|
|teampreview|4
|showteam|p1|Gholdengo||ChoiceScarf|GoodasGold|MakeItRain,ShadowBall,Trick,Thunderbolt||||||50|,,,,,Steel]Dragonite||LoadedDice|Multiscale|ScaleShot,StompingTantrum,Haze,Tailwind|||F|||50|,,,,,Fairy]Indeedee||FocusSash|PsychicSurge|ExpandingForce,Imprison,TrickRoom,Protect|||M|||50|,,,,,Psychic]Sneasler||PsychicSeed|Unburden|DireClaw,CloseCombat,ThroatChop,Protect|||F|||50|,,,,,Dark]Electabuzz||Eviolite|VitalSpirit|Electroweb,HelpingHand,FollowMe,Protect|||M|||50|,,,,,Dragon]Ursaluna-Bloodmoon||LifeOrb|MindsEye|HyperVoice,BloodMoon,EarthPower,Protect|||M|||50|,,,,,Normal
|showteam|p2|Archaludon||AssaultVest|Stamina|Snarl,ElectroShot,DracoMeteor,BodyPress|||M|||50|,,,,,Bug]Pelipper||FocusSash|Drizzle|MuddyWater,Hurricane,Tailwind,Protect|||M|||50|,,,,,Stellar]Basculegion||ChoiceBand|SwiftSwim|WaveCrash,LastRespects,AquaJet,FlipTurn|||M|||50|,,,,,Fairy]Maushold||SafetyGoggles|FriendGuard|BeatUp,Taunt,FollowMe,Protect||||||50|,,,,,Ghost]Annihilape||Leftovers|Defiant|DrainPunch,RageFist,BulkUp,Protect|||F|||50|,,,,,Water]Sinistcha-Masterpiece||SitrusBerry|Hospitality|MatchaGotcha,LifeDew,RagePowder,TrickRoom||||||50|,,,,,Water
|inactive|Battle timer is ON: inactive players will automatically lose when time's up. (requested by the bugcather)
|inactive|raucho also wants the timer to be on.
|
|t:|1756182648
|teamsize|p1|4
|teamsize|p2|4
|start
|switch|p1a: Dragonite|Dragonite, L50, F, shiny|100/100
|switch|p1b: Indeedee|Indeedee, L50, M, shiny|100/100
|switch|p2a: Pelipper|Pelipper, L50, M|100/100
|switch|p2b: Basculegion|Basculegion, L50, M|100/100
|-fieldstart|move: Psychic Terrain|[from] ability: Psychic Surge|[of] p1b: Indeedee
|-weather|RainDance|[from] ability: Drizzle|[of] p2a: Pelipper
|turn|1
|inactive|the bugcather has 30 seconds left.
|inactive|the bugcather has 20 seconds left.
|
|t:|1756182687
|switch|p2a: Archaludon|Archaludon, L50, M|100/100
|move|p2b: Basculegion|Flip Turn|p1b: Indeedee
|-enditem|p1b: Indeedee|Focus Sash
|-damage|p1b: Indeedee|1/100
|
|t:|1756182694
|switch|p2b: Sinistcha|Sinistcha-Masterpiece, L50|100/100|[from] Flip Turn
|move|p1b: Indeedee|Expanding Force|p2b: Sinistcha|[spread] p2a,p2b
|-resisted|p2a: Archaludon
|-damage|p2a: Archaludon|81/100
|-damage|p2b: Sinistcha|56/100
|-ability|p2a: Archaludon|Stamina|boost
|-boost|p2a: Archaludon|def|1
|move|p1a: Dragonite|Scale Shot|p2a: Archaludon
|-damage|p2a: Archaludon|73/100
|-ability|p2a: Archaludon|Stamina|boost
|-boost|p2a: Archaludon|def|1
|-damage|p2a: Archaludon|66/100
|-ability|p2a: Archaludon|Stamina|boost
|-boost|p2a: Archaludon|def|1
|-damage|p2a: Archaludon|61/100
|-ability|p2a: Archaludon|Stamina|boost
|-boost|p2a: Archaludon|def|1
|-damage|p2a: Archaludon|58/100
|-ability|p2a: Archaludon|Stamina|boost
|-boost|p2a: Archaludon|def|1
|-damage|p2a: Archaludon|54/100
|-ability|p2a: Archaludon|Stamina|boost
|-boost|p2a: Archaludon|def|1
|-hitcount|p2a: Archaludon|5
|-unboost|p1a: Dragonite|def|1
|-boost|p1a: Dragonite|spe|1
|
|-weather|RainDance|[upkeep]
|upkeep
|turn|2
|inactive|raucho has 30 seconds left.
|inactive|the bugcather has 30 seconds left.
|inactive|raucho has 20 seconds left.
|inactive|the bugcather has 20 seconds left.
|inactive|raucho has 15 seconds left.
|inactive|raucho has 10 seconds left.
|
|t:|1756182741
|switch|p2b: Pelipper|Pelipper, L50, M|100/100
|move|p1a: Dragonite|Haze|p1a: Dragonite
|-clearallboost
|move|p1b: Indeedee|Expanding Force|p2a: Archaludon|[spread] p2a,p2b
|-resisted|p2a: Archaludon
|-damage|p2a: Archaludon|33/100
|-damage|p2b: Pelipper|14/100
|-ability|p2a: Archaludon|Stamina|boost
|-boost|p2a: Archaludon|def|1
|move|p2a: Archaludon|Snarl|p1b: Indeedee|[spread] p1a,p1b
|-supereffective|p1b: Indeedee
|-damage|p1a: Dragonite|94/100
|-damage|p1b: Indeedee|0 fnt
|-unboost|p1a: Dragonite|spa|1
|faint|p1b: Indeedee
|
|-weather|RainDance|[upkeep]
|upkeep
|
|t:|1756182763
|switch|p1b: Sneasler|Sneasler, L50, F, shiny|100/100
|-enditem|p1b: Sneasler|Psychic Seed
|-boost|p1b: Sneasler|spd|1|[from] item: Psychic Seed
|turn|3
|inactive|raucho has 30 seconds left.
|inactive|the bugcather has 30 seconds left.
|inactive|raucho has 20 seconds left.
|
|t:|1756182799
|switch|p2b: Sinistcha|Sinistcha-Masterpiece, L50|56/100
|-heal|p2a: Archaludon|58/100|[from] ability: Hospitality|[of] p2b: Sinistcha
|-terastallize|p2a: Archaludon|Bug
|move|p1b: Sneasler|Close Combat|p2a: Archaludon
|-resisted|p2a: Archaludon
|-damage|p2a: Archaludon|39/100
|-unboost|p1b: Sneasler|def|1
|-unboost|p1b: Sneasler|spd|1
|-ability|p2a: Archaludon|Stamina|boost
|-boost|p2a: Archaludon|def|1
|move|p2a: Archaludon|Electro Shot||[still]
|-prepare|p2a: Archaludon|Electro Shot
|-boost|p2a: Archaludon|spa|1
|-anim|p2a: Archaludon|Electro Shot|p1b: Sneasler
|-damage|p1b: Sneasler|14/100
|move|p1a: Dragonite|Scale Shot|p2b: Sinistcha
|-damage|p2b: Sinistcha|41/100
|-enditem|p2b: Sinistcha|Sitrus Berry|[eat]
|-heal|p2b: Sinistcha|66/100|[from] item: Sitrus Berry
|-damage|p2b: Sinistcha|52/100
|-damage|p2b: Sinistcha|39/100
|-damage|p2b: Sinistcha|25/100
|-hitcount|p2b: Sinistcha|4
|-unboost|p1a: Dragonite|def|1
|-boost|p1a: Dragonite|spe|1
|
|-weather|RainDance|[upkeep]
|upkeep
|turn|4
|inactive|raucho has 30 seconds left.
|inactive|the bugcather has 30 seconds left.
|inactive|raucho has 20 seconds left.
|inactive|raucho has 15 seconds left.
|inactive|the bugcather has 20 seconds left.
|inactive|raucho has 10 seconds left.
|inactive|raucho has 5 seconds left.
|inactive|the bugcather has 15 seconds left.
|
|t:|1756182858
|move|p2b: Sinistcha|Rage Powder|p2b: Sinistcha
|-singleturn|p2b: Sinistcha|move: Rage Powder
|move|p1b: Sneasler|Dire Claw|p2b: Sinistcha
|-damage|p2b: Sinistcha|0 fnt
|faint|p2b: Sinistcha
|move|p1a: Dragonite|Scale Shot|p2a: Archaludon|[miss]
|-miss|p1a: Dragonite|p2a: Archaludon
|move|p2a: Archaludon|Draco Meteor|p1a: Dragonite
|-supereffective|p1a: Dragonite
|-damage|p1a: Dragonite|0 fnt
|-unboost|p2a: Archaludon|spa|2
|faint|p1a: Dragonite
|
|-weather|RainDance|[upkeep]
|upkeep
|
|t:|1756182868
|switch|p1a: Ursaluna|Ursaluna-Bloodmoon, L50, M|100/100
|switch|p2b: Basculegion|Basculegion, L50, M|100/100
|turn|5
|inactive|the bugcather has 30 seconds left.
|
|t:|1756182894
|-terastallize|p1a: Ursaluna|Normal
|move|p2b: Basculegion|Aqua Jet|p1b: Sneasler
|-activate|p1b: Sneasler|move: Psychic Terrain
|move|p1b: Sneasler|Throat Chop|p2b: Basculegion
|-supereffective|p2b: Basculegion
|-damage|p2b: Basculegion|26/100
|-start|p2b: Basculegion|Throat Chop|[silent]
|move|p2a: Archaludon|Body Press|p1a: Ursaluna
|-supereffective|p1a: Ursaluna
|-damage|p1a: Ursaluna|27/100
|move|p1a: Ursaluna|Hyper Voice|p2b: Basculegion|[spread] p2a,p2b
|-damage|p2a: Archaludon|0 fnt
|-damage|p2b: Basculegion|0 fnt
|faint|p2a: Archaludon
|faint|p2b: Basculegion
|-damage|p1a: Ursaluna|18/100|[from] item: Life Orb
|
|-weather|none
|-fieldend|move: Psychic Terrain
|upkeep
|
|t:|1756182899
|switch|p2b: Pelipper|Pelipper, L50, M|14/100
|-weather|RainDance|[from] ability: Drizzle|[of] p2b: Pelipper
|turn|6
|
|t:|1756182915
|move|p1b: Sneasler|Dire Claw|p2b: Pelipper
|-damage|p2b: Pelipper|0 fnt
|faint|p2b: Pelipper
|
|win|raucho
|raw|raucho's rating: 1097 → 1131(+34 for winning)
|raw|the bugcather's rating: 1211 → 1178(-33 for losing)
|l|☆the bugcather
|player|p2|
