|j|☆jxnh
|j|☆hatsune p2
|html|jxnhhatsune p2    
|uhtml|bestof|Game 2 of a best-of-3
|t:|1756679822
|gametype|doubles
|player|p1|jxnh|170|1164
|player|p2|hatsune p2|miku-fairy|1198
|gen|9
|tier|[Gen 9] VGC 2025 Reg H (Bo3)
|rated|
|rule|Species Clause: Limit one of each Pokémon
|rule|Item Clause: Limit 1 of each item
|clearpoke
|poke|p1|Corviknight, L50, F|
|poke|p1|Sneasler, L50, F|
|poke|p1|Garchomp, L50, F|
|poke|p1|Incineroar, L50, M|
|poke|p1|Araquanid, L50, M|
|poke|p1|Ursaluna-Bloodmoon, L50, M|
|poke|p2|Ursaluna-Bloodmoon, L50, M|
|poke|p2|Incineroar, L50, F|
|poke|p2|Whimsicott, L50, F|
|poke|p2|Annihilape, L50, M|
|poke|p2|Electabuzz, L50, M|
|poke|p2|Basculegion, L50, M|
|teampreview|4
|showteam|p1|Corviknight||Leftovers|MirrorArmor|DualWingbeat,BodyPress,IronDefense,Protect|||F|||50|,,,,,Fire]Sneasler||FocusSash|Unburden|DireClaw,CloseCombat,Coaching,Protect|||F|||50|,,,,,Ghost]Garchomp||LoadedDice|RoughSkin|StompingTantrum,Earthquake,ScaleShot,Protect|||F|||50|,,,,,Fairy]Incineroar||SitrusBerry|Intimidate|FakeOut,KnockOff,PartingShot,FlareBlitz|||M|||50|,,,,,Ghost]Araquanid||RoomService|WaterBubble|Liquidation,LeechLife,WideGuard,Protect|||M|||50|,,,,,Grass]Ursaluna-Bloodmoon||AssaultVest|MindsEye|HyperVoice,EarthPower,BloodMoon,Snarl|||M|||50|,,,,,Grass
|showteam|p2|Ursaluna-Bloodmoon||LifeOrb|MindsEye|BloodMoon,HyperVoice,EarthPower,Protect|||M|||50|,,,,,Normal]Incineroar||SafetyGoggles|Intimidate|FakeOut,FlareBlitz,KnockOff,PartingShot|||F|||50|,,,,,Ghost]Whimsicott||CovertCloak|Prankster|Tailwind,HelpingHand,Moonblast,Encore|||F|||50|,,,,,Water]Annihilape||AssaultVest|Defiant|FinalGambit,CloseCombat,RageFist,Uturn|||M|||50|,,,,,Grass]Electabuzz||Eviolite|VitalSpirit|Thunderbolt,Electroweb,FollowMe,Protect|||M|||50|,,,,,Ghost]Basculegion||FocusSash|Adaptability|Liquidation,LastRespects,AquaJet,Protect|||M|||50|,,,,,Water
|j| harpyhair
|
|t:|1756679864
|teamsize|p1|4
|teamsize|p2|4
|start
|switch|p1a: Sneasler|Sneasler, L50, F|100/100
|switch|p1b: Garchomp|Garchomp, L50, F|100/100
|switch|p2a: Whimsicott|Whimsicott, L50, F|100/100
|switch|p2b: Annihilape|Annihilape, L50, M|100/100
|turn|1
|
|t:|1756679906
|-terastallize|p2a: Whimsicott|Water
|move|p2a: Whimsicott|Tailwind|p2a: Whimsicott
|-sidestart|p2: hatsune p2|move: Tailwind
|move|p2b: Annihilape|Rage Fist|p1a: Sneasler
|-damage|p1a: Sneasler|60/100
|move|p1a: Sneasler|Dire Claw|p2a: Whimsicott
|-damage|p2a: Whimsicott|64/100
|move|p1b: Garchomp|Scale Shot|p2b: Annihilape
|-damage|p2b: Annihilape|87/100
|-damage|p2b: Annihilape|72/100
|-damage|p2b: Annihilape|58/100
|-damage|p2b: Annihilape|43/100
|-damage|p2b: Annihilape|29/100
|-hitcount|p2b: Annihilape|5
|-unboost|p1b: Garchomp|def|1
|-boost|p1b: Garchomp|spe|1
|
|upkeep
|turn|2
|
|t:|1756679946
|move|p1b: Garchomp|Protect|p1b: Garchomp
|-singleturn|p1b: Garchomp|Protect
|move|p2b: Annihilape|Rage Fist|p1b: Garchomp
|-activate|p1b: Garchomp|move: Protect
|move|p2a: Whimsicott|Moonblast|p1a: Sneasler
|-damage|p1a: Sneasler|27/100
|move|p1a: Sneasler|Dire Claw|p2b: Annihilape
|-resisted|p2b: Annihilape
|-damage|p2b: Annihilape|9/100
|
|upkeep
|turn|3
|
|t:|1756679994
|switch|p1b: Ursaluna|Ursaluna-Bloodmoon, L50, M|100/100
|move|p1a: Sneasler|Protect|p1a: Sneasler
|-singleturn|p1a: Sneasler|Protect
|move|p2a: Whimsicott|Encore||[still]
|-fail|p2a: Whimsicott
|move|p2b: Annihilape|Rage Fist|p1a: Sneasler
|-activate|p1a: Sneasler|move: Protect
|
|upkeep
|turn|4
|
|t:|1756680013
|switch|p1a: Corviknight|Corviknight, L50, F|100/100
|move|p2a: Whimsicott|Helping Hand|p2b: Annihilape
|-singleturn|p2b: Annihilape|Helping Hand|[of] p2a: Whimsicott
|move|p2b: Annihilape|Close Combat|p1b: Ursaluna
|-supereffective|p1b: Ursaluna
|-damage|p1b: Ursaluna|1/100
|-unboost|p2b: Annihilape|def|1
|-unboost|p2b: Annihilape|spd|1
|move|p1b: Ursaluna|Hyper Voice|p2a: Whimsicott|[spread] p2a,p2b
|-damage|p2a: Whimsicott|11/100
|-damage|p2b: Annihilape|0 fnt
|faint|p2b: Annihilape
|
|-sideend|p2: hatsune p2|move: Tailwind
|upkeep
|
|t:|1756680026
|switch|p2b: Ursaluna|Ursaluna-Bloodmoon, L50, M|100/100
|turn|5
|
|t:|1756680037
|switch|p2a: Electabuzz|Electabuzz, L50, M|100/100
|move|p2b: Ursaluna|Hyper Voice|p1a: Corviknight|[spread] p1a,p1b
|-resisted|p1a: Corviknight
|-damage|p1a: Corviknight|80/100
|-damage|p1b: Ursaluna|0 fnt
|faint|p1b: Ursaluna
|-damage|p2b: Ursaluna|91/100|[from] item: Life Orb
|move|p1a: Corviknight|Body Press|p2b: Ursaluna
|-supereffective|p2b: Ursaluna
|-damage|p2b: Ursaluna|56/100
|
|-heal|p1a: Corviknight|86/100|[from] item: Leftovers
|upkeep
|
|t:|1756680049
|switch|p1b: Garchomp|Garchomp, L50, F|100/100
|turn|6
|
|t:|1756680064
|move|p1b: Garchomp|Earthquake|p2a: Electabuzz|[spread] p2a,p2b
|-immune|p1a: Corviknight
|-supereffective|p2a: Electabuzz
|-crit|p2b: Ursaluna
|-damage|p2a: Electabuzz|20/100
|-damage|p2b: Ursaluna|6/100
|move|p2a: Electabuzz|Thunderbolt|p1a: Corviknight
|-supereffective|p1a: Corviknight
|-damage|p1a: Corviknight|27/100
|move|p2b: Ursaluna|Blood Moon|p1b: Garchomp
|-damage|p1b: Garchomp|0 fnt
|faint|p1b: Garchomp
|-damage|p2b: Ursaluna|0 fnt|[from] item: Life Orb
|faint|p2b: Ursaluna
|move|p1a: Corviknight|Body Press|p2a: Electabuzz
|-damage|p2a: Electabuzz|0 fnt
|faint|p2a: Electabuzz
|
|-heal|p1a: Corviknight|33/100|[from] item: Leftovers
|upkeep
|-message|hatsune p2 forfeited.
|
|win|jxnh
|l|☆hatsune p2
|player|p2|
||hatsune p2 is ready for game 3.
