|j|☆axcoquette
|j|☆jackon17
|html|axcoquettejackon17    
|uhtml|bestof|Game 1 of a best-of-3
|t:|1782431485
|gametype|doubles
|player|p1|axcoquette|maid|1168
|player|p2|jackon17|170|1123
|gen|9
|tier|[Gen 9 Champions] VGC 2026 Reg M-B (Bo3)
|rated|
|rule|Species Clause: Limit one of each Pokémon
|rule|Item Clause: Limit 1 of each item
|clearpoke
|poke|p1|Farigiraf, L50, M|
|poke|p1|Mawile, L50, F|
|poke|p1|Sinistcha, L50|
|poke|p1|Torkoal, L50, F|
|poke|p1|Drampa, L50, M|
|poke|p1|Sneasler, L50, F|
|poke|p2|Ninetales-Alola, L50, M|
|poke|p2|Whimsicott, L50, M|
|poke|p2|Gholdengo, L50|
|poke|p2|Raichu, L50, F|
|poke|p2|Basculegion, L50, M|
|poke|p2|Incineroar, L50, M|
|teampreview|4
|showteam|p1|Farigiraf||MentalHerb|ArmorTail|TrickRoom,LightScreen,TwinBeam,Protect|Sassy||M|||50|]Mawile||Mawilite|Intimidate|PlayRough,SuckerPunch,IronHead,Protect|Brave||F|||50|]Sinistcha||Leftovers|Hospitality|TrickRoom,MatchaGotcha,RagePowder,LifeDew|Relaxed|||||50|]Torkoal||Charcoal|Drought|Eruption,HeatWave,SolarBeam,Protect|Modest||F|||50|]Drampa||Drampanite|CloudNine|EarthPower,DragonPulse,EnergyBall,Protect|Quiet||M|||50|]Sneasler||WhiteHerb|Unburden|FakeOut,CloseCombat,DireClaw,Protect|Adamant||F|||50|
|showteam|p2|Ninetales-Alola||NeverMeltIce|SnowWarning|Blizzard,FreezeDry,AuroraVeil,Protect|Timid||M|||50|]Whimsicott||FocusSash|Prankster|Moonblast,Tailwind,Encore,Protect|Timid||M|||50|]Gholdengo||Leftovers|GoodasGold|MakeItRain,ShadowBall,NastyPlot,Protect|Modest|||||50|]Raichu||RaichuniteY|Static|FakeOut,ZapCannon,FocusBlast,Protect|Timid||F|||50|]Basculegion||ChoiceScarf|Adaptability|WaveCrash,LastRespects,AquaJet,FlipTurn|Jolly||M|||50|]Incineroar||SitrusBerry|Intimidate|FakeOut,FlareBlitz,ThroatChop,PartingShot|Careful||M|||50|
|inactive|Battle timer is ON: inactive players will automatically lose when time's up. (requested by axcoquette)
|inactive|jackon17 also wants the timer to be on.
|inactive|jackon17 has 60 seconds left.
|
|t:|1782431518
|teamsize|p1|4
|teamsize|p2|4
|start
|switch|p1a: Farigiraf|Farigiraf, L50, M|100/100
|switch|p1b: Sneasler|Sneasler, L50, F|100/100
|switch|p2a: Ninetales|Ninetales-Alola, L50, M|100/100
|switch|p2b: Gholdengo|Gholdengo, L50|100/100
|-weather|Snowscape|[from] ability: Snow Warning|[of] p2a: Ninetales
|turn|1
|
|t:|1782431543
|switch|p2a: Incineroar|Incineroar, L50, M|100/100
|-ability|p2a: Incineroar|Intimidate|boost
|-unboost|p1a: Farigiraf|atk|1
|-unboost|p1b: Sneasler|atk|1
|-enditem|p1b: Sneasler|White Herb
|-clearnegativeboost|p1b: Sneasler|[silent]
|move|p1b: Sneasler|Dire Claw|p2a: Incineroar
|-damage|p2a: Incineroar|59/100
|move|p2b: Gholdengo|Nasty Plot|p2b: Gholdengo
|-boost|p2b: Gholdengo|spa|2
|move|p1a: Farigiraf|Trick Room|p1a: Farigiraf
|-fieldstart|move: Trick Room|[of] p1a: Farigiraf
|
|-weather|Snowscape|[upkeep]
|upkeep
|turn|2
|
|t:|1782431562
|move|p1a: Farigiraf|Light Screen|p1a: Farigiraf
|-sidestart|p1: axcoquette|move: Light Screen
|move|p2a: Incineroar|Parting Shot|p1b: Sneasler
|-unboost|p1b: Sneasler|atk|1
|-unboost|p1b: Sneasler|spa|1
|
|t:|1782431566
|switch|p2a: Ninetales|Ninetales-Alola, L50, M|100/100|[from] Parting Shot
|move|p2b: Gholdengo|Make It Rain|p1a: Farigiraf|[spread] p1a,p1b
|-damage|p1a: Farigiraf|55/100
|-damage|p1b: Sneasler|16/100
|-unboost|p2b: Gholdengo|spa|2
|move|p1b: Sneasler|Close Combat|p2a: Ninetales
|-damage|p2a: Ninetales|51/100
|-unboost|p1b: Sneasler|def|1
|-unboost|p1b: Sneasler|spd|1
|
|-weather|Snowscape|[upkeep]
|upkeep
|turn|3
|
|t:|1782431583
|switch|p1b: Mawile|Mawile, L50, F|100/100
|-ability|p1b: Mawile|Intimidate|boost
|-unboost|p2a: Ninetales|atk|1
|-unboost|p2b: Gholdengo|atk|1
|move|p1a: Farigiraf|Twin Beam|p2a: Ninetales
|-damage|p2a: Ninetales|33/100
|-damage|p2a: Ninetales|13/100
|-hitcount|p2a: Ninetales|2
|move|p2b: Gholdengo|Shadow Ball|p1b: Mawile
|-damage|p1b: Mawile|53/100
|move|p2a: Ninetales|Aurora Veil|p2a: Ninetales
|-sidestart|p2: jackon17|move: Aurora Veil
|
|-weather|Snowscape|[upkeep]
|upkeep
|turn|4
|
|t:|1782431607
|switch|p1a: Sinistcha|Sinistcha, L50|100/100
|-heal|p1b: Mawile|78/100|[from] ability: Hospitality|[of] p1a: Sinistcha
|switch|p2a: Incineroar|Incineroar, L50, M|59/100
|-ability|p2a: Incineroar|Intimidate|boost
|-unboost|p1a: Sinistcha|atk|1
|-unboost|p1b: Mawile|atk|1
|detailschange|p1b: Mawile|Mawile-Mega, L50, F
|-mega|p1b: Mawile|Mawile|Mawilite
|move|p1b: Mawile|Play Rough|p2a: Incineroar
|-damage|p2a: Incineroar|21/100
|-unboost|p2a: Incineroar|atk|1
|-enditem|p2a: Incineroar|Sitrus Berry|[eat]
|-heal|p2a: Incineroar|46/100|[from] item: Sitrus Berry
|move|p2b: Gholdengo|Nasty Plot|p2b: Gholdengo
|-boost|p2b: Gholdengo|spa|2
|
|-weather|Snowscape|[upkeep]
|upkeep
|turn|5
|inactive|jackon17 has 30 seconds left.
|inactive|jackon17 has 20 seconds left.
|inactive|jackon17 has 15 seconds left.
|
|t:|1782431652
|move|p1b: Mawile|Sucker Punch|p2b: Gholdengo
|-supereffective|p2b: Gholdengo|1
|-damage|p2b: Gholdengo|64/100
|move|p1a: Sinistcha|Life Dew||[still]|[spread] p1a,p1b
|-fail|p1a: Sinistcha|heal
|-heal|p1b: Mawile|100/100
|move|p2a: Incineroar|Parting Shot|p1b: Mawile
|-unboost|p1b: Mawile|atk|1
|-unboost|p1b: Mawile|spa|1
|
|t:|1782431661
|switch|p2a: Raichu|Raichu, L50, F|100/100|[from] Parting Shot
|move|p2b: Gholdengo|Make It Rain|p1b: Mawile|[spread] p1a,p1b
|-damage|p1a: Sinistcha|24/100
|-damage|p1b: Mawile|35/100
|-unboost|p2b: Gholdengo|spa|2
|
|-weather|none
|-heal|p1a: Sinistcha|30/100|[from] item: Leftovers
|-heal|p2b: Gholdengo|70/100|[from] item: Leftovers
|-fieldend|move: Trick Room
|upkeep
|turn|6
|
|t:|1782431678
|switch|p2a: Incineroar|Incineroar, L50, M|46/100
|-ability|p2a: Incineroar|Intimidate|boost
|-unboost|p1a: Sinistcha|atk|1
|-unboost|p1b: Mawile|atk|1
|switch|p1b: Farigiraf|Farigiraf, L50, M|55/100
|move|p2b: Gholdengo|Protect|p2b: Gholdengo
|-singleturn|p2b: Gholdengo|Protect
|move|p1a: Sinistcha|Trick Room|p1a: Sinistcha
|-fieldstart|move: Trick Room|[of] p1a: Sinistcha
|
|-heal|p1a: Sinistcha|37/100|[from] item: Leftovers
|-heal|p2b: Gholdengo|76/100|[from] item: Leftovers
|-sideend|p1: axcoquette|move: Light Screen
|upkeep
|turn|7
|
|t:|1782431693
|switch|p1a: Sneasler|Sneasler, L50, F|16/100
|move|p1b: Farigiraf|Light Screen|p1b: Farigiraf
|-sidestart|p1: axcoquette|move: Light Screen
|move|p2a: Incineroar|Parting Shot|p1b: Farigiraf
|-unboost|p1b: Farigiraf|atk|1
|-unboost|p1b: Farigiraf|spa|1
|
|t:|1782431701
|switch|p2a: Ninetales|Ninetales-Alola, L50, M|13/100|[from] Parting Shot
|-weather|Snowscape|[from] ability: Snow Warning|[of] p2a: Ninetales
|move|p2b: Gholdengo|Nasty Plot|p2b: Gholdengo
|-boost|p2b: Gholdengo|spa|2
|
|-weather|Snowscape|[upkeep]
|-heal|p2b: Gholdengo|83/100|[from] item: Leftovers
|-sideend|p2: jackon17|move: Aurora Veil
|upkeep
|turn|8
|
|t:|1782431716
|move|p2a: Ninetales|Protect|p2a: Ninetales
|-singleturn|p2a: Ninetales|Protect
|move|p1a: Sneasler|Fake Out|p2a: Ninetales
|-activate|p2a: Ninetales|move: Protect
|move|p1b: Farigiraf|Twin Beam|p2b: Gholdengo
|-resisted|p2b: Gholdengo|1
|-damage|p2b: Gholdengo|77/100
|-resisted|p2b: Gholdengo|1
|-damage|p2b: Gholdengo|72/100
|-hitcount|p2b: Gholdengo|2
|move|p2b: Gholdengo|Make It Rain|p1b: Farigiraf|[spread] p1a,p1b
|-damage|p1a: Sneasler|0 fnt
|-damage|p1b: Farigiraf|15/100
|-unboost|p2b: Gholdengo|spa|2
|faint|p1a: Sneasler
|
|-weather|Snowscape|[upkeep]
|-heal|p2b: Gholdengo|78/100|[from] item: Leftovers
|upkeep
|
|t:|1782431733
|switch|p1a: Mawile|Mawile-Mega, L50, F|35/100
|turn|9
|
|t:|1782431745
|switch|p1b: Sinistcha|Sinistcha, L50|37/100
|-heal|p1a: Mawile|59/100|[from] ability: Hospitality|[of] p1b: Sinistcha
|switch|p2b: Incineroar|Incineroar, L50, M|46/100
|-ability|p2b: Incineroar|Intimidate|boost
|-unboost|p1a: Mawile|atk|1
|-unboost|p1b: Sinistcha|atk|1
|move|p1a: Mawile|Play Rough|p2a: Ninetales
|-damage|p2a: Ninetales|0 fnt
|faint|p2a: Ninetales
|
|-weather|Snowscape|[upkeep]
|-heal|p1b: Sinistcha|43/100|[from] item: Leftovers
|upkeep
|
|t:|1782431757
|switch|p2a: Gholdengo|Gholdengo, L50|78/100
|turn|10
|
|t:|1782431771
|switch|p1b: Farigiraf|Farigiraf, L50, M|15/100
|switch|p2b: Raichu|Raichu, L50, F|100/100
|move|p1a: Mawile|Sucker Punch||[still]
|-fail|p1a: Mawile
|move|p2a: Gholdengo|Nasty Plot|p2a: Gholdengo
|-boost|p2a: Gholdengo|spa|2
|
|-weather|Snowscape|[upkeep]
|-heal|p2a: Gholdengo|84/100|[from] item: Leftovers
|-fieldend|move: Trick Room
|upkeep
|turn|11
|
|t:|1782431782
|switch|p2b: Incineroar|Incineroar, L50, M|46/100
|-ability|p2b: Incineroar|Intimidate|boost
|-unboost|p1a: Mawile|atk|1
|-unboost|p1b: Farigiraf|atk|1
|switch|p1b: Sinistcha|Sinistcha, L50|43/100
|-heal|p1a: Mawile|84/100|[from] ability: Hospitality|[of] p1b: Sinistcha
|move|p1a: Mawile|Protect|p1a: Mawile
|-singleturn|p1a: Mawile|Protect
|move|p2a: Gholdengo|Make It Rain|p1a: Mawile|[spread] p1b
|-activate|p1a: Mawile|move: Protect
|-damage|p1b: Sinistcha|0 fnt
|-unboost|p2a: Gholdengo|spa|2
|faint|p1b: Sinistcha
|
|-weather|none
|-heal|p2a: Gholdengo|90/100|[from] item: Leftovers
|-sideend|p1: axcoquette|move: Light Screen
|upkeep
|
|t:|1782431799
|switch|p1b: Farigiraf|Farigiraf, L50, M|15/100
|turn|12
|
|t:|1782431814
|switch|p2b: Raichu|Raichu, L50, F|100/100
|move|p2a: Gholdengo|Make It Rain|p1a: Mawile|[spread] p1a,p1b
|-damage|p1a: Mawile|32/100
|-damage|p1b: Farigiraf|0 fnt
|-unboost|p2a: Gholdengo|spa|2
|faint|p1b: Farigiraf
|move|p1a: Mawile|Play Rough|p2b: Raichu
|-damage|p2b: Raichu|41/100
|
|-heal|p2a: Gholdengo|97/100|[from] item: Leftovers
|upkeep
|turn|13
|
|t:|1782431827
|detailschange|p2b: Raichu|Raichu-Mega-Y, L50, F
|-mega|p2b: Raichu|Raichu|Raichunite Y
|move|p2b: Raichu|Zap Cannon|p1a: Mawile
|-damage|p1a: Mawile|0 fnt
|faint|p1a: Mawile
|
|win|jackon17
