|j|☆estarla
|j|☆bigdamagego
|html|estarlabigdamagego    
|uhtml|bestof|Game 2 of a best-of-3
|t:|1783425772
|gametype|doubles
|player|p1|estarla|169|1213
|player|p2|bigdamagego|steven|1128
|gen|9
|tier|[Gen 9 Champions] VGC 2026 Reg M-B (Bo3)
|rated|
|rule|Species Clause: Limit one of each Pokémon
|rule|Item Clause: Limit 1 of each item
|clearpoke
|poke|p1|Farigiraf, L50, F|
|poke|p1|Incineroar, L50, F|
|poke|p1|Mawile, L50, M|
|poke|p1|Tyrantrum, L50, M|
|poke|p1|Torkoal, L50, M|
|poke|p1|Sinistcha-Masterpiece, L50|
|poke|p2|Floette-Eternal, L50, F|
|poke|p2|Delphox, L50, F|
|poke|p2|Kingambit, L50, M|
|poke|p2|Sneasler, L50, F|
|poke|p2|Sinistcha, L50|
|poke|p2|Incineroar, L50, M|
|teampreview|4
|showteam|p1|Farigiraf||ColburBerry|ArmorTail|TrickRoom,HelpingHand,Psychic,Thunderbolt|Relaxed||F|||50|]Incineroar||Charcoal|Intimidate|FlareBlitz,PartingShot,FakeOut,DarkestLariat|Adamant||F|||50|]Mawile||Mawilite|Intimidate|Protect,PlayRough,SuckerPunch,SwordsDance|Brave||M|||50|]Tyrantrum||ExpertBelt|StrongJaw|RockSlide,CloseCombat,IceFang,Protect|Adamant||M|||50|]Torkoal||LifeOrb|Drought|Eruption,HeatWave,Protect,WeatherBall|Quiet||M|||50|]Sinistcha-Masterpiece||SitrusBerry|Hospitality|GigaDrain,RagePowder,TrickRoom,LifeDew|Bold|||||50|
|showteam|p2|Floette-Eternal||Floettite|FlowerVeil|Protect,CalmMind,DazzlingGleam,DrainingKiss|Modest||F|||50|]Delphox||Delphoxite|Blaze|HeatWave,Psychic,NastyPlot,Protect|Timid||F|||50|]Kingambit||BlackGlasses|Defiant|SuckerPunch,KowtowCleave,SwordsDance,Protect|Adamant||M|||50|]Sneasler||FocusSash|PoisonTouch|FakeOut,PoisonJab,CloseCombat,QuickGuard|Jolly||F|||50|]Sinistcha||CobaBerry|Hospitality|MatchaGotcha,RagePowder,Protect,TrickRoom|Calm|||||50|]Incineroar||SitrusBerry|Intimidate|FakeOut,FlareBlitz,ThroatChop,PartingShot|Bold||M|||50|
|j| floettefan670
|
|t:|1783425803
|teamsize|p1|4
|teamsize|p2|4
|start
|switch|p1a: Farigiraf|Farigiraf, L50, F|100/100
|switch|p1b: Torkoal|Torkoal, L50, M|100/100
|switch|p2a: Incineroar|Incineroar, L50, M|100/100
|switch|p2b: Kingambit|Kingambit, L50, M|100/100
|-ability|p2a: Incineroar|Intimidate|boost
|-unboost|p1a: Farigiraf|atk|1
|-unboost|p1b: Torkoal|atk|1
|-weather|SunnyDay|[from] ability: Drought|[of] p1b: Torkoal
|turn|1
|
|t:|1783425818
|move|p2a: Incineroar|Throat Chop|p1a: Farigiraf
|-supereffective|p1a: Farigiraf|1
|-enditem|p1a: Farigiraf|Colbur Berry|[eat]
|-enditem|p1a: Farigiraf|Colbur Berry|[weaken]
|-damage|p1a: Farigiraf|76/100
|-start|p1a: Farigiraf|Throat Chop|[silent]
|move|p2b: Kingambit|Kowtow Cleave|p1a: Farigiraf
|-supereffective|p1a: Farigiraf|1
|-damage|p1a: Farigiraf|0 fnt
|faint|p1a: Farigiraf
|move|p1b: Torkoal|Eruption|p2a: Incineroar|[spread] p2a,p2b
|-resisted|p2a: Incineroar|1
|-supereffective|p2b: Kingambit|1
|-damage|p2a: Incineroar|59/100
|-damage|p2b: Kingambit|0 fnt
|faint|p2b: Kingambit
|-damage|p1b: Torkoal|90/100|[from] item: Life Orb
|
|-weather|SunnyDay|[upkeep]
|upkeep
|
|t:|1783425833
|switch|p2b: Delphox|Delphox, L50, F|100/100
|switch|p1a: Mawile|Mawile, L50, M|100/100
|-ability|p1a: Mawile|Intimidate|boost
|-unboost|p2a: Incineroar|atk|1
|-unboost|p2b: Delphox|atk|1
|turn|2
|
|t:|1783425854
|switch|p1b: Incineroar|Incineroar, L50, F|100/100
|-ability|p1b: Incineroar|Intimidate|boost
|-unboost|p2a: Incineroar|atk|1
|-unboost|p2b: Delphox|atk|1
|detailschange|p2b: Delphox|Delphox-Mega, L50, F
|-mega|p2b: Delphox|Delphox|Delphoxite
|move|p1a: Mawile|Protect|p1a: Mawile
|-singleturn|p1a: Mawile|Protect
|move|p2b: Delphox|Nasty Plot|p2b: Delphox
|-boost|p2b: Delphox|spa|2
|move|p2a: Incineroar|Parting Shot|p1b: Incineroar
|-unboost|p1b: Incineroar|atk|1
|-unboost|p1b: Incineroar|spa|1
|
|t:|1783425869
|switch|p2a: Sinistcha|Sinistcha, L50|100/100|[from] Parting Shot
|
|-weather|SunnyDay|[upkeep]
|upkeep
|turn|3
|
|t:|1783425895
|switch|p2a: Incineroar|Incineroar, L50, M|59/100
|-ability|p2a: Incineroar|Intimidate|boost
|-unboost|p1a: Mawile|atk|1
|-unboost|p1b: Incineroar|atk|1
|detailschange|p1a: Mawile|Mawile-Mega, L50, M
|-mega|p1a: Mawile|Mawile|Mawilite
|move|p2b: Delphox|Protect|p2b: Delphox
|-singleturn|p2b: Delphox|Protect
|move|p1b: Incineroar|Fake Out|p2b: Delphox
|-activate|p2b: Delphox|move: Protect
|move|p1a: Mawile|Play Rough|p2a: Incineroar
|-damage|p2a: Incineroar|13/100
|-enditem|p2a: Incineroar|Sitrus Berry|[eat]
|-heal|p2a: Incineroar|38/100|[from] item: Sitrus Berry
|
|-weather|SunnyDay|[upkeep]
|upkeep
|turn|4
|
|t:|1783425916
|switch|p1a: Torkoal|Torkoal, L50, M|90/100
|move|p2a: Incineroar|Fake Out|p1a: Torkoal
|-damage|p1a: Torkoal|82/100
|move|p2b: Delphox|Heat Wave|p1a: Torkoal|[spread] p1a,p1b
|-resisted|p1a: Torkoal|1
|-resisted|p1b: Incineroar|1
|-damage|p1a: Torkoal|6/100
|-damage|p1b: Incineroar|53/100
|move|p1b: Incineroar|Parting Shot|p2b: Delphox
|-unboost|p2b: Delphox|atk|1
|-unboost|p2b: Delphox|spa|1
|
|t:|1783425924
|switch|p1b: Mawile|Mawile-Mega, L50, M|100/100|[from] Parting Shot
|
|-weather|SunnyDay|[upkeep]
|upkeep
|turn|5
|
|t:|1783425944
|move|p2b: Delphox|Nasty Plot|p2b: Delphox
|-boost|p2b: Delphox|spa|2
|move|p2a: Incineroar|Parting Shot|p1b: Mawile
|-unboost|p1b: Mawile|atk|1
|-unboost|p1b: Mawile|spa|1
|
|t:|1783425951
|switch|p2a: Sinistcha|Sinistcha, L50|100/100|[from] Parting Shot
|move|p1b: Mawile|Swords Dance|p1b: Mawile
|-boost|p1b: Mawile|atk|2
|move|p1a: Torkoal|Eruption|p2a: Sinistcha|[spread] p2a,p2b
|-supereffective|p2a: Sinistcha|1
|-resisted|p2b: Delphox|1
|-damage|p2a: Sinistcha|89/100
|-damage|p2b: Delphox|97/100
|-damage|p1a: Torkoal|0 fnt|[from] item: Life Orb
|faint|p1a: Torkoal
|
|-weather|none
|upkeep
|
|t:|1783425955
|switch|p1a: Incineroar|Incineroar, L50, F|53/100
|-ability|p1a: Incineroar|Intimidate|boost
|-unboost|p2a: Sinistcha|atk|1
|-unboost|p2b: Delphox|atk|1
|turn|6
|
|t:|1783425970
|move|p2b: Delphox|Protect|p2b: Delphox
|-singleturn|p2b: Delphox|Protect
|move|p2a: Sinistcha|Protect|p2a: Sinistcha
|-singleturn|p2a: Sinistcha|Protect
|move|p1a: Incineroar|Fake Out|p2b: Delphox
|-activate|p2b: Delphox|move: Protect
|move|p1b: Mawile|Play Rough|p2a: Sinistcha
|-activate|p2a: Sinistcha|move: Protect
|
|upkeep
|turn|7
|
|t:|1783425984
|move|p1b: Mawile|Protect|p1b: Mawile
|-singleturn|p1b: Mawile|Protect
|move|p2a: Sinistcha|Rage Powder|p2a: Sinistcha
|-singleturn|p2a: Sinistcha|move: Rage Powder
|move|p2b: Delphox|Heat Wave|p1a: Incineroar|[spread] p1a
|-activate|p1b: Mawile|move: Protect
|-resisted|p1a: Incineroar|1
|-damage|p1a: Incineroar|14/100
|move|p1a: Incineroar|Flare Blitz|p2a: Sinistcha
|-supereffective|p2a: Sinistcha|1
|-damage|p2a: Sinistcha|0 fnt
|faint|p2a: Sinistcha
|-damage|p1a: Incineroar|0 fnt|[from] Recoil
|faint|p1a: Incineroar
|
|upkeep
|
|t:|1783425988
|switch|p2a: Incineroar|Incineroar, L50, M|38/100
|-ability|p2a: Incineroar|Intimidate|boost
|-unboost|p1b: Mawile|atk|1
|turn|8
|
|t:|1783425991
|move|p1b: Mawile|Protect||[still]
|-fail|p1b: Mawile
|move|p2a: Incineroar|Fake Out|p1b: Mawile
|-resisted|p1b: Mawile|1
|-damage|p1b: Mawile|95/100
|move|p2b: Delphox|Heat Wave|p1b: Mawile
|-supereffective|p1b: Mawile|1
|-damage|p1b: Mawile|0 fnt
|faint|p1b: Mawile
|
|win|bigdamagego
