|j|☆epicfailtesting
|j|☆pollito400
|html|epicfailtestingpollito400    
|uhtml|bestof|Game 2 of a best-of-3
|t:|1786064459
|gametype|doubles
|player|p1|epicfailtesting|skier|
|player|p2|pollito400|170|
|gen|9
|tier|[Gen 9 Champions] VGC 2026 Reg M-B (Bo3)
|rule|Species Clause: Limit one of each Pokémon
|rule|Item Clause: Limit 1 of each item
|clearpoke
|poke|p1|Tyranitar, L50, M|
|poke|p1|Excadrill, L50, F|
|poke|p1|Milotic, L50, M|
|poke|p1|Sinistcha, L50|
|poke|p1|Staraptor, L50, F|
|poke|p1|Gholdengo, L50|
|poke|p2|Lucario, L50, M|
|poke|p2|Aerodactyl, L50, F|
|poke|p2|Tsareena, L50, F|
|poke|p2|Whimsicott, L50, F|
|poke|p2|Charizard, L50, F|
|poke|p2|Hydreigon, L50, F|
|teampreview|4
|showteam|p1|Tyranitar||Tyranitarite|SandStream|KnockOff,RockSlide,HighHorsepower,Protect|Jolly||M|||50|]Excadrill||FocusSash|SandRush|Earthquake,IronHead,RockSlide,Protect|Adamant||F|||50|]Milotic||SitrusBerry|Competitive|Scald,IcyWind,Haze,Protect|Calm||M|||50|]Sinistcha||ColburBerry|Hospitality|MatchaGotcha,ShadowBall,Protect,RagePowder|Bold|||||50|]Staraptor||Staraptite|Intimidate|CloseCombat,BraveBird,Tailwind,Protect|Jolly||F|||50|]Gholdengo||LifeOrb|GoodasGold|MakeItRain,ShadowBall,NastyPlot,Protect|Modest|||||50|
|showteam|p2|Lucario||Lucarionite|InnerFocus|Protect,CloseCombat,MeteorMash,RockSlide|Jolly||M|||50|]Aerodactyl||Aerodactylite|Unnerve|Protect,Tailwind,RockSlide,IceFang|Jolly||F|||50|]Tsareena||SitrusBerry|QueenlyMajesty|TripleAxel,HighJumpKick,TropKick,Taunt|Adamant||F|||50|]Whimsicott||FocusSash|Prankster|Protect,SunnyDay,Tailwind,Moonblast|Timid||F|||50|]Charizard||ExpertBelt|SolarPower|Protect,HeatWave,AirSlash,SolarBeam|Timid||F|||50|]Hydreigon||LifeOrb|Levitate|Protect,DragonPulse,EarthPower,DarkPulse|Timid||F|||50|
|inactive|Battle timer is ON: inactive players will automatically lose when time's up. (requested by epicfailtesting)
|inactive|epicfailtesting has 60 seconds left.
|inactive|pollito400 has 60 seconds left.
|
|t:|1786064507
|teamsize|p1|4
|teamsize|p2|4
|start
|switch|p1a: Excadrill|Excadrill, L50, F|100/100
|switch|p1b: Tyranitar|Tyranitar, L50, M|100/100
|switch|p2a: Whimsicott|Whimsicott, L50, F|100/100
|switch|p2b: Charizard|Charizard, L50, F|100/100
|-weather|Sandstorm|[from] ability: Sand Stream|[of] p1b: Tyranitar
|turn|1
|inactive|epicfailtesting has 30 seconds left.
|
|t:|1786064539
|move|p1a: Excadrill|Protect|p1a: Excadrill
|-singleturn|p1a: Excadrill|Protect
|move|p2b: Charizard|Protect|p2b: Charizard
|-singleturn|p2b: Charizard|Protect
|move|p2a: Whimsicott|Moonblast|p1a: Excadrill
|-activate|p1a: Excadrill|move: Protect
|move|p1b: Tyranitar|Rock Slide|p2b: Charizard|[spread] p2a
|-activate|p2b: Charizard|move: Protect
|-damage|p2a: Whimsicott|68/100
|
|-weather|Sandstorm|[upkeep]
|-damage|p2a: Whimsicott|62/100|[from] Sandstorm
|-damage|p2b: Charizard|94/100|[from] Sandstorm
|upkeep
|turn|2
|inactive|epicfailtesting has 30 seconds left.
|inactive|epicfailtesting has 20 seconds left.
|inactive|epicfailtesting has 15 seconds left.
|inactive|epicfailtesting has 10 seconds left.
|inactive|pollito400 has 30 seconds left.
|
|t:|1786064593
|switch|p2b: Hydreigon|Hydreigon, L50, F|100/100
|move|p1a: Excadrill|Rock Slide|p2a: Whimsicott|[spread] p2b
|-miss|p1a: Excadrill|p2a: Whimsicott
|-damage|p2b: Hydreigon|72/100
|move|p2a: Whimsicott|Moonblast|p1a: Excadrill
|-resisted|p1a: Excadrill|1
|-damage|p1a: Excadrill|82/100
|move|p1b: Tyranitar|Rock Slide|p2b: Hydreigon|[spread] p2a,p2b
|-damage|p2a: Whimsicott|31/100
|-damage|p2b: Hydreigon|39/100
|
|-weather|Sandstorm|[upkeep]
|-damage|p2a: Whimsicott|25/100|[from] Sandstorm
|-damage|p2b: Hydreigon|33/100|[from] Sandstorm
|upkeep
|turn|3
|inactive|pollito400 has 30 seconds left.
|
|t:|1786064618
|switch|p1b: Sinistcha|Sinistcha, L50|100/100
|-heal|p1a: Excadrill|100/100|[from] ability: Hospitality|[of] p1b: Sinistcha
|move|p2b: Hydreigon|Protect|p2b: Hydreigon
|-singleturn|p2b: Hydreigon|Protect
|move|p2a: Whimsicott|Tailwind|p2a: Whimsicott
|-sidestart|p2: pollito400|move: Tailwind
|move|p1a: Excadrill|Rock Slide|p2b: Hydreigon|[spread] p2a
|-activate|p2b: Hydreigon|move: Protect
|-damage|p2a: Whimsicott|0 fnt
|faint|p2a: Whimsicott
|
|-weather|Sandstorm|[upkeep]
|-damage|p2b: Hydreigon|27/100|[from] Sandstorm
|-damage|p1b: Sinistcha|94/100|[from] Sandstorm
|upkeep
|
|t:|1786064624
|switch|p2a: Charizard|Charizard, L50, F|94/100
|turn|4
|
|t:|1786064640
|switch|p1b: Tyranitar|Tyranitar, L50, M|100/100
|move|p1a: Excadrill|Protect|p1a: Excadrill
|-singleturn|p1a: Excadrill|Protect
|move|p2a: Charizard|Heat Wave|p1a: Excadrill|[spread] p1b
|-activate|p1a: Excadrill|move: Protect
|-resisted|p1b: Tyranitar|1
|-damage|p1b: Tyranitar|90/100
|move|p2b: Hydreigon|Dark Pulse|p1a: Excadrill
|-activate|p1a: Excadrill|move: Protect
|
|-weather|Sandstorm|[upkeep]
|-damage|p2a: Charizard|88/100|[from] Sandstorm
|-damage|p2b: Hydreigon|21/100|[from] Sandstorm
|upkeep
|turn|5
|inactive|epicfailtesting has 30 seconds left.
|
|t:|1786064672
|switch|p1a: Staraptor|Staraptor, L50, F|100/100
|-ability|p1a: Staraptor|Intimidate|boost
|-unboost|p2a: Charizard|atk|1
|-unboost|p2b: Hydreigon|atk|1
|detailschange|p1b: Tyranitar|Tyranitar-Mega, L50, M
|-mega|p1b: Tyranitar|Tyranitar|Tyranitarite
|move|p2a: Charizard|Heat Wave|p1a: Staraptor|[spread] p1a,p1b
|-resisted|p1b: Tyranitar|1
|-damage|p1a: Staraptor|52/100
|-damage|p1b: Tyranitar|81/100
|move|p2b: Hydreigon|Dark Pulse|p1a: Staraptor
|-damage|p1a: Staraptor|0 fnt
|faint|p1a: Staraptor
|-damage|p2b: Hydreigon|11/100|[from] item: Life Orb
|move|p1b: Tyranitar|Rock Slide|p2a: Charizard|[spread] p2a
|-miss|p1b: Tyranitar|p2b: Hydreigon
|-supereffective|p2a: Charizard|2
|-damage|p2a: Charizard|0 fnt
|faint|p2a: Charizard
|
|-weather|none
|upkeep
|inactive|epicfailtesting has 30 seconds left.
|
|t:|1786064698
|switch|p1a: Sinistcha|Sinistcha, L50|94/100
|switch|p2a: Lucario|Lucario, L50, M|100/100
|-heal|p1b: Tyranitar|100/100|[from] ability: Hospitality|[of] p1a: Sinistcha
|turn|6
|inactive|epicfailtesting has 30 seconds left.
|inactive|epicfailtesting has 20 seconds left.
|
|t:|1786064737
|switch|p1b: Excadrill|Excadrill, L50, F|100/100
|move|p2b: Hydreigon|Dark Pulse|p1a: Sinistcha
|-supereffective|p1a: Sinistcha|1
|-enditem|p1a: Sinistcha|Colbur Berry|[eat]
|-enditem|p1a: Sinistcha|Colbur Berry|[weaken]
|-damage|p1a: Sinistcha|37/100
|-damage|p2b: Hydreigon|2/100|[from] item: Life Orb
|move|p2a: Lucario|Close Combat|p1b: Excadrill
|-supereffective|p1b: Excadrill|1
|-enditem|p1b: Excadrill|Focus Sash
|-damage|p1b: Excadrill|1/100
|-unboost|p2a: Lucario|def|1
|-unboost|p2a: Lucario|spd|1
|move|p1a: Sinistcha|Matcha Gotcha|p2b: Hydreigon|[spread] p2a,p2b
|-resisted|p2a: Lucario|1
|-resisted|p2b: Hydreigon|1
|-damage|p2a: Lucario|69/100
|-heal|p1a: Sinistcha|50/100g|[from] drain|[of] p2a: Lucario
|-damage|p2b: Hydreigon|0 fnt
|-heal|p1a: Sinistcha|52/100|[from] drain|[of] p2b: Hydreigon
|faint|p2b: Hydreigon
|
|-sideend|p2: pollito400|move: Tailwind
|upkeep
|turn|7
|inactive|epicfailtesting has 30 seconds left.
|inactive|epicfailtesting has 20 seconds left.
|inactive|epicfailtesting has 15 seconds left.
|
|t:|1786064778
|detailschange|p2a: Lucario|Lucario-Mega, L50, M
|-mega|p2a: Lucario|Lucario|Lucarionite
|move|p1a: Sinistcha|Rage Powder|p1a: Sinistcha
|-singleturn|p1a: Sinistcha|move: Rage Powder
|move|p2a: Lucario|Rock Slide|p1a: Sinistcha|[spread] p1a,p1b
|-resisted|p1b: Excadrill|2
|-damage|p1a: Sinistcha|34/100
|-damage|p1b: Excadrill|0 fnt
|faint|p1b: Excadrill
|
|upkeep
|
|t:|1786064783
|switch|p1b: Tyranitar|Tyranitar-Mega, L50, M|100/100
|-weather|Sandstorm|[from] ability: Sand Stream|[of] p1b: Tyranitar
|turn|8
|
|t:|1786064799
|move|p2a: Lucario|Meteor Mash|p1a: Sinistcha
|-damage|p1a: Sinistcha|0 fnt
|faint|p1a: Sinistcha
|move|p1b: Tyranitar|High Horsepower|p2a: Lucario
|-supereffective|p2a: Lucario|1
|-damage|p2a: Lucario|0 fnt
|faint|p2a: Lucario
|
|win|epicfailtesting
|c|☆pollito400|Ggs
|c|☆epicfailtesting|Ggs
|l|☆pollito400
|player|p2|
