|j|☆none0279
|j|☆Delacruso
|html|none0279Delacruso    
|uhtml|bestof|Game 2 of a best-of-3
|t:|1783621796
|gametype|doubles
|player|p1|none0279|cynthia|1140
|player|p2|Delacruso|red|1169
|gen|9
|tier|[Gen 9 Champions] VGC 2026 Reg M-B (Bo3)
|rated|
|rule|Species Clause: Limit one of each Pokémon
|rule|Item Clause: Limit 1 of each item
|clearpoke
|poke|p1|Gengar, L50, F|
|poke|p1|Hydreigon, L50, M|
|poke|p1|Whimsicott, L50, M|
|poke|p1|Tauros-Paldea-Aqua, L50, M|
|poke|p1|Rotom-Heat, L50|
|poke|p1|Gallade, L50, M|
|poke|p2|Swampert, L50, M|
|poke|p2|Grimmsnarl, L50, M, shiny|
|poke|p2|Archaludon, L50, M|
|poke|p2|Pelipper, L50, F|
|poke|p2|Sinistcha, L50|
|poke|p2|Staraptor, L50, M, shiny|
|teampreview|4
|showteam|p1|Gengar||Gengarite|CursedBody|ShadowBall,SludgeBomb,Protect,WillOWisp|Modest||F|||50|]Hydreigon||ChoiceScarf|Levitate|DracoMeteor,DarkPulse,Snarl,EarthPower|Modest||M|||50|]Whimsicott||SitrusBerry|Prankster|Encore,Protect,Tailwind,Moonblast|Bold||M|||50|]Tauros-Paldea-Aqua||MysticWater|Intimidate|CloseCombat,AquaJet,WaveCrash,Protect|Adamant||M|||50|]Rotom-Heat||Magnet|Levitate|Thunderbolt,Overheat,VoltSwitch,Protect|Modest|||||50|]Gallade||FocusSash|Sharpness|PsychoCut,SacredSword,NightSlash,WideGuard|Jolly||M|||50|
|showteam|p2|Swampert||Swampertite|Damp|WaveCrash,Earthquake,IcePunch,Protect|Adamant||M|||50|]Grimmsnarl||LightClay|Prankster|FoulPlay,PartingShot,LightScreen,Reflect|Careful||M|||50|]Archaludon||Leftovers|Stamina|ElectroShot,DragonPulse,FlashCannon,Protect|Modest||M|||50|]Pelipper||FocusSash|Drizzle|Hurricane,WeatherBall,Tailwind,WideGuard|Modest||F|||50|]Sinistcha||SitrusBerry|Hospitality|MatchaGotcha,RagePowder,Protect,TrickRoom|Serious|||||50|]Staraptor||Staraptite|Intimidate|CloseCombat,BraveBird,Roost,Protect|Adamant||M|||50|
|inactive|Battle timer is ON: inactive players will automatically lose when time's up. (requested by none0279)
|inactive|Delacruso also wants the timer to be on.
|
|t:|1783621818
|teamsize|p1|4
|teamsize|p2|4
|start
|switch|p1a: Hydreigon|Hydreigon, L50, M|100/100
|switch|p1b: Gengar|Gengar, L50, F|100/100
|switch|p2a: Grimmsnarl|Grimmsnarl, L50, M, shiny|100/100
|switch|p2b: Archaludon|Archaludon, L50, M|100/100
|turn|1
|
|t:|1783621832
|detailschange|p1b: Gengar|Gengar-Mega, L50, F
|-mega|p1b: Gengar|Gengar|Gengarite
|move|p2a: Grimmsnarl|Light Screen|p2a: Grimmsnarl
|-sidestart|p2: Delacruso|move: Light Screen
|move|p1a: Hydreigon|Snarl|p2a: Grimmsnarl|[spread] p2a,p2b
|-resisted|p2a: Grimmsnarl|2
|-damage|p2a: Grimmsnarl|96/100
|-damage|p2b: Archaludon|84/100
|-unboost|p2a: Grimmsnarl|spa|1
|-unboost|p2b: Archaludon|spa|1
|-ability|p2b: Archaludon|Stamina|boost
|-boost|p2b: Archaludon|def|1
|move|p1b: Gengar|Sludge Bomb|p2a: Grimmsnarl
|-supereffective|p2a: Grimmsnarl|1
|-damage|p2a: Grimmsnarl|29/100
|move|p2b: Archaludon|Dragon Pulse|p1a: Hydreigon
|-supereffective|p1a: Hydreigon|1
|-crit|p1a: Hydreigon
|-damage|p1a: Hydreigon|0 fnt
|faint|p1a: Hydreigon
|
|-heal|p2b: Archaludon|90/100|[from] item: Leftovers
|upkeep
|
|t:|1783621848
|switch|p1a: Gallade|Gallade, L50, M|100/100
|turn|2
|inactive|none0279 has 30 seconds left.
|inactive|Delacruso has 30 seconds left.
|
|t:|1783621879
|move|p2a: Grimmsnarl|Reflect|p2a: Grimmsnarl
|-sidestart|p2: Delacruso|Reflect
|move|p1b: Gengar|Shadow Ball|p2b: Archaludon
|-damage|p2b: Archaludon|56/100
|-unboost|p2b: Archaludon|spd|1
|-ability|p2b: Archaludon|Stamina|boost
|-boost|p2b: Archaludon|def|1
|move|p1a: Gallade|Sacred Sword|p2b: Archaludon
|-supereffective|p2b: Archaludon|1
|-damage|p2b: Archaludon|0 fnt
|faint|p2b: Archaludon
|
|upkeep
|
|t:|1783621890
|switch|p2b: Swampert|Swampert, L50, M|100/100
|turn|3
|
|t:|1783621906
|switch|p1a: Whimsicott|Whimsicott, L50, M|100/100
|detailschange|p2b: Swampert|Swampert-Mega, L50, M
|-mega|p2b: Swampert|Swampert|Swampertite
|move|p1b: Gengar|Protect|p1b: Gengar
|-singleturn|p1b: Gengar|Protect
|move|p2a: Grimmsnarl|Parting Shot|p1b: Gengar
|-activate|p1b: Gengar|move: Protect
|move|p2b: Swampert|Wave Crash|p1b: Gengar
|-activate|p1b: Gengar|move: Protect
|
|upkeep
|turn|4
|
|t:|1783621926
|move|p1a: Whimsicott|Tailwind|p1a: Whimsicott
|-sidestart|p1: none0279|move: Tailwind
|move|p2a: Grimmsnarl|Parting Shot|p1b: Gengar
|-unboost|p1b: Gengar|atk|1
|-unboost|p1b: Gengar|spa|1
|
|t:|1783621931
|switch|p2a: Pelipper|Pelipper, L50, F|100/100|[from] Parting Shot
|-weather|RainDance|[from] ability: Drizzle|[of] p2a: Pelipper
|move|p1b: Gengar|Will-O-Wisp|p2b: Swampert|[miss]
|-miss|p1b: Gengar|p2b: Swampert
|move|p2b: Swampert|Wave Crash|p1b: Gengar
|-crit|p1b: Gengar
|-damage|p1b: Gengar|0 fnt
|faint|p1b: Gengar
|-damage|p2b: Swampert|70/100|[from] Recoil
|
|-weather|RainDance|[upkeep]
|upkeep
|
|t:|1783621939
|switch|p1b: Gallade|Gallade, L50, M|100/100
|turn|5
|
|t:|1783621964
|move|p1b: Gallade|Psycho Cut|p2a: Pelipper
|-damage|p2a: Pelipper|49/100
|move|p1a: Whimsicott|Moonblast|p2a: Pelipper
|-damage|p2a: Pelipper|14/100
|move|p2b: Swampert|Wave Crash|p1b: Gallade
|-enditem|p1b: Gallade|Focus Sash
|-damage|p1b: Gallade|1/100
|-damage|p2b: Swampert|42/100|[from] Recoil
|move|p2a: Pelipper|Hurricane|p1a: Whimsicott
|-supereffective|p1a: Whimsicott|1
|-damage|p1a: Whimsicott|0 fnt
|faint|p1a: Whimsicott
|
|-weather|RainDance|[upkeep]
|upkeep
|turn|6
|-message|none0279 forfeited.
|
|win|Delacruso
|raw|none0279's rating: 1140 → 1117(-23 for losing)
|raw|Delacruso's rating: 1169 → 1192(+23 for winning)
