|j|☆1OO% Jesus
|j|☆xaimemr
|html|1OO% Jesusxaimemr    
|uhtml|bestof|Game 1 of a best-of-3
|t:|1783520167
|gametype|doubles
|player|p1|1OO% Jesus|lillie-z|1206
|player|p2|xaimemr|266|1142
|gen|9
|tier|[Gen 9 Champions] VGC 2026 Reg M-B (Bo3)
|rated|
|rule|Species Clause: Limit one of each Pokémon
|rule|Item Clause: Limit 1 of each item
|clearpoke
|poke|p1|Delphox, L50, F|
|poke|p1|Sneasler, L50, M|
|poke|p1|Incineroar, L50, M|
|poke|p1|Sinistcha, L50|
|poke|p1|Maushold-Four, L50|
|poke|p1|Blastoise, L50, F|
|poke|p2|Floette-Eternal, L50, F|
|poke|p2|Delphox, L50, F|
|poke|p2|Incineroar, L50, M|
|poke|p2|Sinistcha, L50|
|poke|p2|Sneasler, L50, M|
|poke|p2|Kingambit, L50, F|
|teampreview|4
|showteam|p1|Delphox||Delphoxite|Blaze|HeatWave,Psyshock,NastyPlot,Protect|Timid||F|||50|]Sneasler||FocusSash|PoisonTouch|CloseCombat,PoisonJab,FakeOut,QuickGuard|Jolly||M|||50|]Incineroar||SitrusBerry|Intimidate|FlareBlitz,ThroatChop,FakeOut,PartingShot|Impish||M|||50|]Sinistcha||OccaBerry|Hospitality|MatchaGotcha,RagePowder,LifeDew,Protect|Bold|||||50|]Maushold-Four||ChopleBerry|FriendGuard|FollowMe,Feint,HelpingHand,Protect|Impish|||||50|]Blastoise||Blastoisinite|RainDish|WaterSpout,DarkPulse,ShellSmash,Protect|Modest||F|||50|
|showteam|p2|Floette-Eternal||Floettite|FlowerVeil|DrainingKiss,DazzlingGleam,Protect,CalmMind|Modest||F|||50|]Delphox||Delphoxite|Blaze|Psychic,HeatWave,Protect,NastyPlot|Modest||F|||50|]Incineroar||SitrusBerry|Intimidate|FakeOut,PartingShot,DarkestLariat,FlareBlitz|Careful||M|||50|]Sinistcha||KasibBerry|Hospitality|RagePowder,Protect,LifeDew,MatchaGotcha|Calm|||||50|]Sneasler||FocusSash|PoisonTouch|FakeOut,QuickGuard,PoisonJab,CloseCombat|Jolly||M|||50|]Kingambit||LifeOrb|Defiant|Protect,IronHead,SuckerPunch,KowtowCleave|Adamant||F|||50|
|inactive|Battle timer is ON: inactive players will automatically lose when time's up. (requested by xaimemr)
|inactive|1OO% Jesus has 60 seconds left.
|inactive|xaimemr has 60 seconds left.
|
|t:|1783520227
|teamsize|p1|4
|teamsize|p2|4
|start
|switch|p1a: Blastoise|Blastoise, L50, F|100/100
|switch|p1b: Sneasler|Sneasler, L50, M|100/100
|switch|p2a: Sneasler|Sneasler, L50, M|100/100
|switch|p2b: Floette|Floette-Eternal, L50, F|100/100
|turn|1
|inactive|1OO% Jesus has 30 seconds left.
|inactive|xaimemr has 30 seconds left.
|
|t:|1783520261
|switch|p1b: Incineroar|Incineroar, L50, M|100/100
|-ability|p1b: Incineroar|Intimidate|boost
|-unboost|p2a: Sneasler|atk|1
|-unboost|p2b: Floette|atk|1
|detailschange|p2b: Floette|Floette-Mega, L50, F
|-mega|p2b: Floette|Floette|Floettite
|-ability|p2b: Floette|Fairy Aura
|move|p1a: Blastoise|Protect|p1a: Blastoise
|-singleturn|p1a: Blastoise|Protect
|move|p2a: Sneasler|Poison Jab|p1a: Blastoise
|-activate|p1a: Blastoise|move: Protect
|move|p2b: Floette|Dazzling Gleam|p1b: Incineroar|[spread] p1b
|-activate|p1a: Blastoise|move: Protect
|-damage|p1b: Incineroar|59/100
|
|upkeep
|turn|2
|
|t:|1783520282
|detailschange|p1a: Blastoise|Blastoise-Mega, L50, F
|-mega|p1a: Blastoise|Blastoise|Blastoisinite
|move|p2a: Sneasler|Quick Guard|p2a: Sneasler
|-singleturn|p2a: Sneasler|Quick Guard
|move|p1b: Incineroar|Fake Out|p2b: Floette
|-activate|p2b: Floette|move: Quick Guard
|move|p2b: Floette|Calm Mind|p2b: Floette
|-boost|p2b: Floette|spa|1
|-boost|p2b: Floette|spd|1
|move|p1a: Blastoise|Shell Smash|p1a: Blastoise
|-unboost|p1a: Blastoise|def|1
|-unboost|p1a: Blastoise|spd|1
|-boost|p1a: Blastoise|atk|2
|-boost|p1a: Blastoise|spa|2
|-boost|p1a: Blastoise|spe|2
|
|upkeep
|turn|3
|inactive|1OO% Jesus has 30 seconds left.
|inactive|1OO% Jesus has 20 seconds left.
|
|t:|1783520318
|move|p1a: Blastoise|Protect|p1a: Blastoise
|-singleturn|p1a: Blastoise|Protect
|move|p2b: Floette|Protect|p2b: Floette
|-singleturn|p2b: Floette|Protect
|move|p2a: Sneasler|Poison Jab|p1a: Blastoise
|-activate|p1a: Blastoise|move: Protect
|move|p1b: Incineroar|Parting Shot|p2b: Floette
|-activate|p2b: Floette|move: Protect
|
|upkeep
|turn|4
|inactive|1OO% Jesus has 30 seconds left.
|
|t:|1783520345
|move|p1a: Blastoise|Water Spout|p2b: Floette|[spread] p2a,p2b
|-enditem|p2a: Sneasler|Focus Sash
|-damage|p2a: Sneasler|1/100
|-damage|p2b: Floette|35/100
|move|p2a: Sneasler|Poison Jab|p1a: Blastoise
|-damage|p1a: Blastoise|57/100
|move|p2b: Floette|Dazzling Gleam|p1b: Incineroar|[spread] p1a,p1b
|-damage|p1a: Blastoise|0 fnt
|-damage|p1b: Incineroar|0 fnt
|faint|p1a: Blastoise
|faint|p1b: Incineroar
|
|upkeep
|
|t:|1783520355
|switch|p1a: Sinistcha|Sinistcha, L50|100/100
|switch|p1b: Sneasler|Sneasler, L50, M|100/100
|turn|5
|
|t:|1783520369
|switch|p2a: Sinistcha|Sinistcha, L50|100/100
|-heal|p2b: Floette|60/100|[from] ability: Hospitality|[of] p2a: Sinistcha
|move|p2b: Floette|Protect|p2b: Floette
|-singleturn|p2b: Floette|Protect
|move|p1b: Sneasler|Poison Jab|p2b: Floette
|-activate|p2b: Floette|move: Protect
|move|p1a: Sinistcha|Matcha Gotcha|p2a: Sinistcha|[spread] p2a
|-activate|p2b: Floette|move: Protect
|-resisted|p2a: Sinistcha|1
|-damage|p2a: Sinistcha|88/100
|
|upkeep
|turn|6
|
|t:|1783520386
|move|p2a: Sinistcha|Rage Powder|p2a: Sinistcha
|-singleturn|p2a: Sinistcha|move: Rage Powder
|move|p1b: Sneasler|Poison Jab|p2a: Sinistcha
|-damage|p2a: Sinistcha|53/100
|-status|p2a: Sinistcha|psn|[from] ability: Poison Touch|[of] p1b: Sneasler
|move|p2b: Floette|Dazzling Gleam|p1a: Sinistcha|[spread] p1a,p1b
|-damage|p1a: Sinistcha|25/100
|-enditem|p1b: Sneasler|Focus Sash
|-damage|p1b: Sneasler|1/100
|move|p1a: Sinistcha|Matcha Gotcha|p2b: Floette|[spread] p2a,p2b
|-resisted|p2a: Sinistcha|1
|-crit|p2a: Sinistcha
|-damage|p2a: Sinistcha|37/100 psn
|-heal|p1a: Sinistcha|33/100|[from] drain|[of] p2a: Sinistcha
|-damage|p2b: Floette|49/100
|-heal|p1a: Sinistcha|39/100|[from] drain|[of] p2b: Floette
|
|-damage|p2a: Sinistcha|25/100 psn|[from] psn
|upkeep
|turn|7
|-message|1OO% Jesus forfeited.
|
|win|xaimemr
||xaimemr is ready for game 2.
||1OO% Jesus is ready for game 2.
|uhtml|next|Next: Game 2 of 3
