|j|☆psychic system
|j|☆Bearly Play
|html|psychic systemBearly Play    
|uhtml|bestof|Game 2 of a best-of-3
|t:|1757008333
|gametype|doubles
|player|p1|psychic system|lucas|1146
|player|p2|Bearly Play|pokemonranger-gen4|1097
|gen|9
|tier|[Gen 9] VGC 2025 Reg H (Bo3)
|rated|
|rule|Species Clause: Limit one of each Pokémon
|rule|Item Clause: Limit 1 of each item
|clearpoke
|poke|p1|Rillaboom, L50, F|
|poke|p1|Florges, L50, F|
|poke|p1|Amoonguss, L50, F|
|poke|p1|Kingambit, L50, F|
|poke|p1|Incineroar, L50, F|
|poke|p1|Pelipper, L50, F|
|poke|p2|Amoonguss, L50, F|
|poke|p2|Incineroar, L50, M|
|poke|p2|Porygon2, L50|
|poke|p2|Ursaluna, L50, M|
|poke|p2|Hydreigon, L50, F|
|poke|p2|Annihilape, L50, M|
|teampreview|4
|showteam|p1|Rillaboom||AssaultVest|GrassySurge|FakeOut,GrassyGlide,DrumBeating,Uturn|||F|||50|,,,,,Fire]Florges||Leftovers|FlowerVeil|Moonblast,DazzlingGleam,CalmMind,Protect|||F|||50|,,,,,Grass]Amoonguss||SitrusBerry|Regenerator|ClearSmog,Spore,PollenPuff,RagePowder|||F|||50|,,,,,Water]Kingambit||BlackGlasses|Defiant|Protect,KowtowCleave,SuckerPunch,SwordsDance|||F|||50|,,,,,Ghost]Incineroar||SafetyGoggles|Intimidate|FakeOut,KnockOff,FlareBlitz,PartingShot|||F|||50|,,,,,Ghost]Pelipper||ChoiceScarf|Drizzle|MuddyWater,Hurricane,IcyWind,WeatherBall|||F|||50|,,,,,Water
|showteam|p2|Amoonguss||SitrusBerry|Regenerator|ClearSmog,PollenPuff,Spore,RagePowder|||F|||50|,,,,,Water]Incineroar||AssaultVest|Intimidate|FakeOut,KnockOff,FlareBlitz,Uturn|||M|||50|,,,,,Grass]Porygon2||Eviolite|Download|TeraBlast,IceBeam,Recover,TrickRoom||||||50|,,,,,Fighting]Ursaluna||FlameOrb|Guts|Facade,HeadlongRush,Earthquake,Protect|||M|||50|,,,,,Fairy]Hydreigon||SafetyGoggles|Levitate|DracoMeteor,Snarl,Taunt,Protect|||F|||50|,,,,,Ghost]Annihilape||FocusSash|Defiant|CloseCombat,RageFist,BrickBreak,Coaching|||M|||50|,,,,,Fire
|inactive|Battle timer is ON: inactive players will automatically lose when time's up. (requested by psychic system)
|inactive|psychic system has 60 seconds left.
|
|t:|1757008366
|teamsize|p1|4
|teamsize|p2|4
|start
|switch|p1a: Florges|Florges, L50, F|100/100
|switch|p1b: Amoonguss|Amoonguss, L50, F|100/100
|switch|p2a: Bearly a Bear|Annihilape, L50, M|100/100
|switch|p2b: Bear?|Ursaluna, L50, M|100/100
|turn|1
|inactive|psychic system has 30 seconds left.
|inactive|Bearly Play has 30 seconds left.
|inactive|psychic system has 20 seconds left.
|inactive|psychic system has 15 seconds left.
|inactive|psychic system has 10 seconds left.
|
|t:|1757008412
|move|p2b: Bear?|Protect|p2b: Bear?
|-singleturn|p2b: Bear?|Protect
|move|p2a: Bearly a Bear|Coaching|p2b: Bear?
|-boost|p2b: Bear?|atk|1
|-boost|p2b: Bear?|def|1
|move|p1a: Florges|Dazzling Gleam|p2b: Bear?|[spread] p2a
|-activate|p2b: Bear?|move: Protect
|-supereffective|p2a: Bearly a Bear
|-damage|p2a: Bearly a Bear|59/100
|move|p1b: Amoonguss|Spore|p2a: Bearly a Bear
|-status|p2a: Bearly a Bear|slp|[from] move: Spore
|
|-status|p2b: Bear?|brn|[from] item: Flame Orb
|upkeep
|turn|2
|inactive|psychic system has 30 seconds left.
|
|t:|1757008444
|switch|p1b: Incineroar|Incineroar, L50, F|100/100
|-ability|p1b: Incineroar|Intimidate|boost
|-unboost|p2a: Bearly a Bear|atk|1
|-ability|p2a: Bearly a Bear|Defiant|boost
|-boost|p2a: Bearly a Bear|atk|2
|-unboost|p2b: Bear?|atk|1
|cant|p2a: Bearly a Bear|slp
|move|p1a: Florges|Dazzling Gleam|p2a: Bearly a Bear|[spread] p2a,p2b
|-supereffective|p2a: Bearly a Bear
|-crit|p2a: Bearly a Bear
|-damage|p2a: Bearly a Bear|0 fnt
|-damage|p2b: Bear?|82/100 brn
|faint|p2a: Bearly a Bear
|move|p2b: Bear?|Facade|p1b: Incineroar
|-damage|p1b: Incineroar|3/100
|
|-damage|p2b: Bear?|76/100 brn|[from] brn
|upkeep
|
|t:|1757008455
|switch|p2a: Bearier|Porygon2, L50|100/100
|-ability|p2a: Bearier|Download|boost
|-boost|p2a: Bearier|atk|1
|turn|3
|
|t:|1757008475
|move|p1b: Incineroar|Fake Out|p2a: Bearier
|-damage|p2a: Bearier|94/100
|move|p1a: Florges|Moonblast|p2b: Bear?
|-damage|p2b: Bear?|49/100 brn
|move|p2b: Bear?|Facade|p1a: Florges
|-damage|p1a: Florges|0 fnt
|faint|p1a: Florges
|cant|p2a: Bearier|flinch
|
|-damage|p2b: Bear?|43/100 brn|[from] brn
|upkeep
|
|t:|1757008490
|switch|p1a: Amoonguss|Amoonguss, L50, F|100/100
|turn|4
|
|t:|1757008497
|move|p1b: Incineroar|Flare Blitz|p2a: Bearier
|-damage|p2a: Bearier|59/100
|-damage|p1b: Incineroar|0 fnt|[from] Recoil
|faint|p1b: Incineroar
|move|p2a: Bearier|Ice Beam|p1a: Amoonguss
|-supereffective|p1a: Amoonguss
|-damage|p1a: Amoonguss|57/100
|move|p2b: Bear?|Earthquake|p1a: Amoonguss|[spread] p2a,p1a
|-damage|p2a: Bearier|25/100
|-damage|p1a: Amoonguss|13/100
|-enditem|p1a: Amoonguss|Sitrus Berry|[eat]
|-heal|p1a: Amoonguss|38/100|[from] item: Sitrus Berry
|move|p1a: Amoonguss|Spore|p2a: Bearier
|-status|p2a: Bearier|slp|[from] move: Spore
|
|-damage|p2b: Bear?|37/100 brn|[from] brn
|upkeep
|
|t:|1757008508
|switch|p1b: Rillaboom|Rillaboom, L50, F|100/100
|-fieldstart|move: Grassy Terrain|[from] ability: Grassy Surge|[of] p1b: Rillaboom
|turn|5
|
|t:|1757008526
|switch|p2a: Bearings|Amoonguss, L50, F|100/100
|-terastallize|p2b: Bear?|Fairy
|move|p2b: Bear?|Protect|p2b: Bear?
|-singleturn|p2b: Bear?|Protect
|move|p1b: Rillaboom|Drum Beating|p2b: Bear?
|-activate|p2b: Bear?|move: Protect
|move|p1a: Amoonguss|Pollen Puff|p2a: Bearings
|-damage|p2a: Bearings|85/100
|
|-heal|p2b: Bear?|43/100 brn|[from] Grassy Terrain
|-heal|p2a: Bearings|90/100|[from] Grassy Terrain
|-heal|p1a: Amoonguss|44/100|[from] Grassy Terrain
|-damage|p2b: Bear?|37/100 brn|[from] brn
|upkeep
|turn|6
|inactive|psychic system has 30 seconds left.
|
|t:|1757008553
|move|p1b: Rillaboom|Drum Beating|p2b: Bear?
|-damage|p2b: Bear?|7/100 brn
|-unboost|p2b: Bear?|spe|1
|move|p2b: Bear?|Facade|p1b: Rillaboom
|-damage|p1b: Rillaboom|0 fnt
|faint|p1b: Rillaboom
|move|p1a: Amoonguss|Clear Smog|p2b: Bear?
|-supereffective|p2b: Bear?
|-damage|p2b: Bear?|0 fnt
|-clearboost|p2b: Bear?
|faint|p2b: Bear?
|move|p2a: Bearings|Pollen Puff|p2: Bear?|[notarget]
|-fail|p2a: Bearings
|
|-heal|p2a: Bearings|96/100|[from] Grassy Terrain
|-heal|p1a: Amoonguss|50/100|[from] Grassy Terrain
|upkeep
|
|t:|1757008562
|switch|p2b: Bearier|Porygon2, L50|25/100 slp
|-ability|p2b: Bearier|Download|boost
|-boost|p2b: Bearier|spa|1
|turn|7
|
|t:|1757008576
|cant|p2b: Bearier|slp
|move|p2a: Bearings|Pollen Puff|p2b: Bearier
|-heal|p2b: Bearier|75/100 slp
|move|p1a: Amoonguss|Pollen Puff|p2b: Bearier
|-damage|p2b: Bearier|64/100 slp
|
|-heal|p2b: Bearier|70/100 slp|[from] Grassy Terrain
|-heal|p2a: Bearings|100/100|[from] Grassy Terrain
|-heal|p1a: Amoonguss|55/100|[from] Grassy Terrain
|upkeep
|turn|8
|-message|psychic system forfeited.
|
|win|Bearly Play
||psychic system is ready for game 3.
||Bearly Play is ready for game 3.
|uhtml|next|Next: Game 3 of 3
