|j|☆rm1rex
|j|☆BlRD BOY
|html|rm1rexBlRD BOY    
|uhtml|bestof|Game 2 of a best-of-3
|t:|1783391379
|gametype|doubles
|player|p1|rm1rex|170|1054
|player|p2|BlRD BOY|brycen|1077
|gen|9
|tier|[Gen 9 Champions] VGC 2026 Reg M-B (Bo3)
|rated|
|rule|Species Clause: Limit one of each Pokémon
|rule|Item Clause: Limit 1 of each item
|clearpoke
|poke|p1|Floette-Eternal, L50, F|
|poke|p1|Volcarona, L50, M|
|poke|p1|Aerodactyl, L50, M|
|poke|p1|Gholdengo, L50|
|poke|p1|Klefki, L50, M|
|poke|p1|Altaria, L50, M|
|poke|p2|Torkoal, L50, M|
|poke|p2|Avalugg-Hisui, L50, F|
|poke|p2|Farigiraf, L50, M|
|poke|p2|Scrafty, L50, F|
|poke|p2|Typhlosion-Hisui, L50, F|
|poke|p2|Sinistcha-Masterpiece, L50|
|teampreview|4
|showteam|p1|Floette-Eternal||Floettite|FlowerVeil|LightofRuin,Protect,Psychic,CalmMind|Timid||F|||50|]Volcarona||FocusSash|FlameBody|HeatWave,GigaDrain,QuiverDance,Protect|Modest||M|||50|]Aerodactyl||Leftovers|Unnerve|Protect,Tailwind,RockSlide,DualWingbeat|Jolly||M|||50|]Gholdengo||ChoiceScarf|GoodasGold|MakeItRain,PowerGem,ShadowBall,DazzlingGleam|Timid|||||50|]Klefki||LightClay|Prankster|Reflect,LightScreen,Protect,ThunderWave|Bold||M|||50|]Altaria||Altarianite|CloudNine|HyperBeam,DracoMeteor,FireBlast,Tailwind|Timid||M|||50|
|showteam|p2|Torkoal||Charcoal|Drought|Protect,Eruption,WeatherBall,EarthPower|Quiet||M|||50|]Avalugg-Hisui||WideLens|Sturdy|MountainGale,RockSlide,BodyPress,WideGuard|Brave||F|||50|]Farigiraf||SitrusBerry|ArmorTail|PsychicFangs,Thunderbolt,HelpingHand,TrickRoom|Relaxed||M|||50|]Scrafty||Scraftinite|Intimidate|Detect,KnockOff,CloseCombat,FakeOut|Brave||F|||50|]Typhlosion-Hisui||ChoiceScarf|Frisk|Eruption,HeatWave,ShadowBall,SolarBeam|Modest||F|||50|]Sinistcha-Masterpiece||KasibBerry|Hospitality|MatchaGotcha,ShadowBall,RagePowder,TrickRoom|Sassy|||||50|
|
|t:|1783391400
|teamsize|p1|4
|teamsize|p2|4
|start
|switch|p1a: Gholdengo|Gholdengo, L50|100/100
|switch|p1b: Altaria|Altaria, L50, M|100/100
|switch|p2a: Torkoal|Torkoal, L50, M|100/100
|switch|p2b: Typhlosion|Typhlosion-Hisui, L50, F|100/100
|-item|p1a: Gholdengo|Choice Scarf|[from] ability: Frisk|[of] p2b: Typhlosion
|-item|p1b: Altaria|Altarianite|[from] ability: Frisk|[of] p2b: Typhlosion
|-ability|p1b: Altaria|Cloud Nine
|-weather|SunnyDay|[from] ability: Drought|[of] p2a: Torkoal
|turn|1
|inactive|Battle timer is ON: inactive players will automatically lose when time's up. (requested by BlRD BOY)
|inactive|rm1rex has 60 seconds left.
|
|t:|1783391430
|switch|p2b: Farigiraf|Farigiraf, L50, M|100/100
|move|p1a: Gholdengo|Shadow Ball|p2b: Farigiraf
|-immune|p2b: Farigiraf
|move|p1b: Altaria|Hyper Beam|p2a: Torkoal
|-damage|p2a: Torkoal|54/100
|-mustrecharge|p1b: Altaria
|move|p2a: Torkoal|Eruption|p1b: Altaria|[spread] p1a,p1b
|-supereffective|p1a: Gholdengo|1
|-resisted|p1b: Altaria|1
|-damage|p1a: Gholdengo|30/100
|-damage|p1b: Altaria|82/100
|
|-weather|SunnyDay|[upkeep]
|upkeep
|turn|2
|
|t:|1783391455
|move|p2a: Torkoal|Protect|p2a: Torkoal
|-singleturn|p2a: Torkoal|Protect
|move|p1a: Gholdengo|Shadow Ball|p2a: Torkoal
|-activate|p2a: Torkoal|move: Protect
|cant|p1b: Altaria|recharge
|move|p2b: Farigiraf|Trick Room|p2b: Farigiraf
|-fieldstart|move: Trick Room|[of] p2b: Farigiraf
|
|-weather|SunnyDay|[upkeep]
|upkeep
|turn|3
|
|t:|1783391476
|move|p2a: Torkoal|Eruption|p1b: Altaria|[spread] p1a,p1b
|-supereffective|p1a: Gholdengo|1
|-resisted|p1b: Altaria|1
|-damage|p1a: Gholdengo|0 fnt
|-damage|p1b: Altaria|65/100
|faint|p1a: Gholdengo
|move|p2b: Farigiraf|Psychic Fangs|p1b: Altaria
|-damage|p1b: Altaria|33/100
|move|p1b: Altaria|Draco Meteor|p2b: Farigiraf
|-damage|p2b: Farigiraf|57/100
|-unboost|p1b: Altaria|spa|2
|
|-weather|SunnyDay|[upkeep]
|upkeep
|
|t:|1783391481
|switch|p1a: Aerodactyl|Aerodactyl, L50, M|100/100
|-ability|p1a: Aerodactyl|Unnerve
|turn|4
|inactive|rm1rex has 30 seconds left.
|
|t:|1783391507
|switch|p2a: Scrafty|Scrafty, L50, F|100/100
|-ability|p2a: Scrafty|Intimidate|boost
|-unboost|p1a: Aerodactyl|atk|1
|-unboost|p1b: Altaria|atk|1
|move|p2b: Farigiraf|Psychic Fangs|p1b: Altaria
|-damage|p1b: Altaria|1/100
|move|p1b: Altaria|Draco Meteor|p2a: Scrafty
|-damage|p2a: Scrafty|79/100
|-unboost|p1b: Altaria|spa|2
|move|p1a: Aerodactyl|Rock Slide|p2a: Scrafty|[spread] p2a
|-miss|p1a: Aerodactyl|p2b: Farigiraf
|-resisted|p2a: Scrafty|1
|-damage|p2a: Scrafty|70/100
|
|-weather|SunnyDay|[upkeep]
|upkeep
|turn|5
|
|t:|1783391517
|switch|p1b: Floette|Floette-Eternal, L50, F|100/100
|detailschange|p2a: Scrafty|Scrafty-Mega, L50, F
|-mega|p2a: Scrafty|Scrafty|Scraftinite
|-ability|p2a: Scrafty|Intimidate|boost
|-unboost|p1a: Aerodactyl|atk|1
|-unboost|p1b: Floette|atk|1
|move|p1a: Aerodactyl|Protect|p1a: Aerodactyl
|-singleturn|p1a: Aerodactyl|Protect
|move|p2b: Farigiraf|Psychic Fangs|p1b: Floette
|-damage|p1b: Floette|54/100
|move|p2a: Scrafty|Knock Off|p1a: Aerodactyl
|-activate|p1a: Aerodactyl|move: Protect
|
|-weather|none
|upkeep
|turn|6
|
|t:|1783391534
|detailschange|p1b: Floette|Floette-Mega, L50, F
|-mega|p1b: Floette|Floette|Floettite
|-ability|p1b: Floette|Fairy Aura
|move|p1b: Floette|Protect|p1b: Floette
|-singleturn|p1b: Floette|Protect
|move|p2b: Farigiraf|Psychic Fangs|p1a: Aerodactyl
|-damage|p1a: Aerodactyl|57/100
|move|p2a: Scrafty|Close Combat|p1a: Aerodactyl
|-damage|p1a: Aerodactyl|0 fnt
|-unboost|p2a: Scrafty|def|1
|-unboost|p2a: Scrafty|spd|1
|faint|p1a: Aerodactyl
|
|-fieldend|move: Trick Room
|upkeep
|
|t:|1783391543
|switch|p1a: Altaria|Altaria, L50, M|1/100
|-ability|p1a: Altaria|Cloud Nine
|turn|7
|
|t:|1783391558
|move|p1b: Floette|Light of Ruin|p2a: Scrafty
|-supereffective|p2a: Scrafty|2
|-damage|p2a: Scrafty|0 fnt
|faint|p2a: Scrafty
|-damage|p1b: Floette|13/100|[from] Recoil
|move|p1a: Altaria|Tailwind|p1a: Altaria
|-sidestart|p1: rm1rex|move: Tailwind
|move|p2b: Farigiraf|Trick Room|p2b: Farigiraf
|-fieldstart|move: Trick Room|[of] p2b: Farigiraf
|
|upkeep
|
|t:|1783391561
|switch|p2a: Torkoal|Torkoal, L50, M|54/100
|-weather|SunnyDay|[from] ability: Drought|[of] p2a: Torkoal
|turn|8
|
|t:|1783391572
|move|p2a: Torkoal|Eruption|p1a: Altaria|[spread] p1a,p1b
|-resisted|p1a: Altaria|1
|-damage|p1a: Altaria|0 fnt
|-damage|p1b: Floette|0 fnt
|faint|p1a: Altaria
|faint|p1b: Floette
|
|win|BlRD BOY
|raw|rm1rex's rating: 1054 → 1037(-17 for losing)
|raw|BlRD BOY's rating: 1077 → 1104(+27 for winning)
|l|☆rm1rex
|player|p1|
|l|☆BlRD BOY
|player|p2|
|j|☆BlRD BOY
|player|p2|BlRD BOY|brycen|
