|j|☆BreadPudding248
|j|☆sbhaga34
|html|BreadPudding248sbhaga34    
|uhtml|bestof|Game 2 of a best-of-3
|t:|1784783230
|gametype|doubles
|player|p1|BreadPudding248|169|1400
|player|p2|sbhaga34|hugh|1348
|gen|9
|tier|[Gen 9 Champions] VGC 2026 Reg M-B (Bo3)
|rated|
|rule|Species Clause: Limit one of each Pokémon
|rule|Item Clause: Limit 1 of each item
|clearpoke
|poke|p1|Incineroar, L50, F|
|poke|p1|Kingambit, L50, F|
|poke|p1|Sinistcha, L50|
|poke|p1|Sneasler, L50, F|
|poke|p1|Blastoise, L50, M|
|poke|p1|Delphox, L50, F|
|poke|p2|Excadrill, L50, F|
|poke|p2|Tyranitar, L50, F|
|poke|p2|Corviknight, L50, F|
|poke|p2|Rotom-Wash, L50|
|poke|p2|Chandelure, L50, M|
|poke|p2|Scovillain, L50, M|
|teampreview|4
|showteam|p1|Incineroar||SitrusBerry|Intimidate|FakeOut,FlareBlitz,ThroatChop,PartingShot|Impish||F|||50|]Kingambit||BlackGlasses|Defiant|KowtowCleave,SuckerPunch,SwordsDance,Protect|Adamant||F|||50|]Sinistcha||OccaBerry|Hospitality|MatchaGotcha,RagePowder,TrickRoom,Protect|Relaxed|||||50|]Sneasler||FocusSash|PoisonTouch|FakeOut,CloseCombat,PoisonJab,QuickGuard|Jolly||F|||50|]Blastoise||Blastoisinite|RainDish|WaterSpout,DarkPulse,ShellSmash,Protect|Modest||M|||50|]Delphox||Delphoxite|Blaze|HeatWave,Psychic,NastyPlot,Protect|Timid||F|||50|
|showteam|p2|Excadrill||FocusSash|SandRush|Earthquake,IronHead,SwordsDance,Protect|Adamant||F|||50|]Tyranitar||Tyranitarite|SandStream|RockSlide,KnockOff,LowKick,Protect|Adamant||F|||50|]Corviknight||SharpBeak|MirrorArmor|BraveBird,Tailwind,BulkUp,Roost|Careful||F|||50|]Rotom-Wash||ChoiceScarf|Levitate|VoltSwitch,Thunderbolt,Electroweb,HydroPump|Timid|||||50|]Chandelure||ShucaBerry|FlashFire|HeatWave,ShadowBall,TrickRoom,Protect|Modest||M|||50|]Scovillain||Scovillainite|Chlorophyll|RagePowder,Overheat,GigaDrain,Protect|Calm||M|||50|
|inactive|Battle timer is ON: inactive players will automatically lose when time's up. (requested by BreadPudding248)
|inactive|BreadPudding248 has 60 seconds left.
|
|t:|1784783279
|teamsize|p1|4
|teamsize|p2|4
|start
|switch|p1a: Incineroar|Incineroar, L50, F|100/100
|switch|p1b: Kingambit|Kingambit, L50, F|100/100
|switch|p2a: Rotom|Rotom-Wash, L50|100/100
|switch|p2b: Scovillain|Scovillain, L50, M|100/100
|-ability|p1a: Incineroar|Intimidate|boost
|-unboost|p2a: Rotom|atk|1
|-unboost|p2b: Scovillain|atk|1
|turn|1
|
|t:|1784783292
|detailschange|p2b: Scovillain|Scovillain-Mega, L50, M
|-mega|p2b: Scovillain|Scovillain|Scovillainite
|move|p1a: Incineroar|Fake Out|p2b: Scovillain
|-crit|p2b: Scovillain
|-damage|p2b: Scovillain|84/100
|-immune|p1a: Incineroar
|move|p2a: Rotom|Volt Switch|p1a: Incineroar
|-damage|p1a: Incineroar|74/100
|
|t:|1784783300
|switch|p2a: Tyranitar|Tyranitar, L50, F|100/100|[from] Volt Switch
|-weather|Sandstorm|[from] ability: Sand Stream|[of] p2a: Tyranitar
|cant|p2b: Scovillain|flinch
|move|p1b: Kingambit|Swords Dance|p1b: Kingambit
|-boost|p1b: Kingambit|atk|2
|
|-weather|Sandstorm|[upkeep]
|-damage|p1a: Incineroar|68/100|[from] Sandstorm
|-damage|p2b: Scovillain|79/100|[from] Sandstorm
|upkeep
|turn|2
|inactive|sbhaga34 has 30 seconds left.
|
|t:|1784783333
|move|p1b: Kingambit|Protect|p1b: Kingambit
|-singleturn|p1b: Kingambit|Protect
|move|p2a: Tyranitar|Rock Slide|p1b: Kingambit|[spread] p1a
|-activate|p1b: Kingambit|move: Protect
|-supereffective|p1a: Incineroar|1
|-damage|p1a: Incineroar|20/100y
|-enditem|p1a: Incineroar|Sitrus Berry|[eat]
|-heal|p1a: Incineroar|45/100|[from] item: Sitrus Berry
|move|p1a: Incineroar|Parting Shot|p2a: Tyranitar
|-unboost|p2a: Tyranitar|atk|1
|-unboost|p2a: Tyranitar|spa|1
|
|t:|1784783344
|switch|p1a: Blastoise|Blastoise, L50, M|100/100|[from] Parting Shot
|move|p2b: Scovillain|Overheat|p1b: Kingambit
|-activate|p1b: Kingambit|move: Protect
|
|-weather|Sandstorm|[upkeep]
|-damage|p1a: Blastoise|94/100|[from] Sandstorm
|-damage|p2b: Scovillain|73/100|[from] Sandstorm
|upkeep
|turn|3
|
|t:|1784783366
|switch|p2a: Rotom|Rotom-Wash, L50|100/100
|detailschange|p1a: Blastoise|Blastoise-Mega, L50, M
|-mega|p1a: Blastoise|Blastoise|Blastoisinite
|move|p2b: Scovillain|Protect|p2b: Scovillain
|-singleturn|p2b: Scovillain|Protect
|move|p1b: Kingambit|Sucker Punch||[still]
|-fail|p1b: Kingambit
|move|p1a: Blastoise|Water Spout|p2a: Rotom|[spread] p2a
|-activate|p2b: Scovillain|move: Protect
|-resisted|p2a: Rotom|1
|-damage|p2a: Rotom|69/100
|
|-weather|Sandstorm|[upkeep]
|-damage|p2a: Rotom|63/100|[from] Sandstorm
|-damage|p1a: Blastoise|88/100|[from] Sandstorm
|-damage|p2b: Scovillain|67/100|[from] Sandstorm
|upkeep
|turn|4
|inactive|sbhaga34 has 30 seconds left.
|
|t:|1784783399
|switch|p1a: Incineroar|Incineroar, L50, F|45/100
|-ability|p1a: Incineroar|Intimidate|boost
|-unboost|p2a: Rotom|atk|1
|-unboost|p2b: Scovillain|atk|1
|move|p1b: Kingambit|Protect|p1b: Kingambit
|-singleturn|p1b: Kingambit|Protect
|move|p2a: Rotom|Volt Switch|p1a: Incineroar
|-damage|p1a: Incineroar|21/100
|
|t:|1784783412
|switch|p2a: Excadrill|Excadrill, L50, F|100/100|[from] Volt Switch
|move|p2b: Scovillain|Overheat|p1b: Kingambit
|-activate|p1b: Kingambit|move: Protect
|
|-weather|Sandstorm|[upkeep]
|-damage|p1a: Incineroar|15/100|[from] Sandstorm
|-damage|p2b: Scovillain|61/100|[from] Sandstorm
|upkeep
|turn|5
|
|t:|1784783419
|move|p2a: Excadrill|Protect|p2a: Excadrill
|-singleturn|p2a: Excadrill|Protect
|move|p2b: Scovillain|Protect|p2b: Scovillain
|-singleturn|p2b: Scovillain|Protect
|move|p1a: Incineroar|Fake Out|p2a: Excadrill
|-activate|p2a: Excadrill|move: Protect
|move|p1b: Kingambit|Kowtow Cleave|p2b: Scovillain
|-activate|p2b: Scovillain|move: Protect
|
|-weather|none
|upkeep
|turn|6
|
|t:|1784783437
|move|p2a: Excadrill|Swords Dance|p2a: Excadrill
|-boost|p2a: Excadrill|atk|2
|move|p1a: Incineroar|Parting Shot|p2a: Excadrill
|-unboost|p2a: Excadrill|atk|1
|-unboost|p2a: Excadrill|spa|1
|
|t:|1784783447
|switch|p1a: Blastoise|Blastoise-Mega, L50, M|88/100|[from] Parting Shot
|move|p2b: Scovillain|Overheat|p1b: Kingambit
|-supereffective|p1b: Kingambit|1
|-damage|p1b: Kingambit|3/100
|-unboost|p2b: Scovillain|spa|2
|move|p1b: Kingambit|Kowtow Cleave|p2b: Scovillain
|-damage|p2b: Scovillain|0 fnt
|-status|p1b: Kingambit|brn|[from] ability: Spicy Spray|[of] p2b: Scovillain
|faint|p2b: Scovillain
|
|-damage|p1b: Kingambit|0 fnt|[from] brn
|faint|p1b: Kingambit
|upkeep
|
|t:|1784783470
|switch|p2b: Rotom|Rotom-Wash, L50|63/100
|switch|p1b: Incineroar|Incineroar, L50, F|15/100
|-ability|p1b: Incineroar|Intimidate|boost
|-unboost|p2a: Excadrill|atk|1
|-unboost|p2b: Rotom|atk|1
|turn|7
|
|t:|1784783487
|switch|p1a: Sinistcha|Sinistcha, L50|100/100
|-heal|p1b: Incineroar|40/100|[from] ability: Hospitality|[of] p1a: Sinistcha
|move|p2a: Excadrill|Protect|p2a: Excadrill
|-singleturn|p2a: Excadrill|Protect
|move|p1b: Incineroar|Fake Out|p2a: Excadrill
|-activate|p2a: Excadrill|move: Protect
|move|p2b: Rotom|Electroweb|p1a: Sinistcha|[spread] p1a,p1b
|-resisted|p1a: Sinistcha|1
|-damage|p1a: Sinistcha|91/100
|-damage|p1b: Incineroar|26/100
|-unboost|p1a: Sinistcha|spe|1
|-unboost|p1b: Incineroar|spe|1
|
|upkeep
|turn|8
|
|t:|1784783507
|switch|p2b: Tyranitar|Tyranitar, L50, F|100/100
|-weather|Sandstorm|[from] ability: Sand Stream|[of] p2b: Tyranitar
|move|p2a: Excadrill|Iron Head|p1a: Sinistcha
|-damage|p1a: Sinistcha|52/100
|move|p1b: Incineroar|Parting Shot|p2b: Tyranitar
|-unboost|p2b: Tyranitar|atk|1
|-unboost|p2b: Tyranitar|spa|1
|
|t:|1784783515
|switch|p1b: Blastoise|Blastoise-Mega, L50, M|88/100|[from] Parting Shot
|move|p1a: Sinistcha|Trick Room|p1a: Sinistcha
|-fieldstart|move: Trick Room|[of] p1a: Sinistcha
|
|-weather|Sandstorm|[upkeep]
|-damage|p1a: Sinistcha|46/100|[from] Sandstorm
|-damage|p1b: Blastoise|82/100|[from] Sandstorm
|upkeep
|turn|9
|
|t:|1784783530
|move|p2a: Excadrill|Protect|p2a: Excadrill
|-singleturn|p2a: Excadrill|Protect
|move|p1a: Sinistcha|Matcha Gotcha|p2b: Tyranitar|[spread] p2b
|-activate|p2a: Excadrill|move: Protect
|-supereffective|p2b: Tyranitar|1
|-damage|p2b: Tyranitar|72/100
|-heal|p1a: Sinistcha|61/100|[from] drain|[of] p2b: Tyranitar
|move|p2b: Tyranitar|Rock Slide|p1a: Sinistcha|[spread] p1a,p1b
|-damage|p1a: Sinistcha|46/100
|-damage|p1b: Blastoise|63/100
|move|p1b: Blastoise|Water Spout|p2b: Tyranitar|[spread] p2b
|-activate|p2a: Excadrill|move: Protect
|-supereffective|p2b: Tyranitar|1
|-damage|p2b: Tyranitar|19/100
|
|-weather|Sandstorm|[upkeep]
|-damage|p1a: Sinistcha|40/100|[from] Sandstorm
|-damage|p1b: Blastoise|57/100|[from] Sandstorm
|upkeep
|turn|10
|
|t:|1784783549
|switch|p2a: Rotom|Rotom-Wash, L50|63/100
|move|p1a: Sinistcha|Matcha Gotcha|p2a: Rotom|[spread] p2a,p2b
|-supereffective|p2a: Rotom|1
|-crit|p2a: Rotom
|-supereffective|p2b: Tyranitar|1
|-damage|p2a: Rotom|0 fnt
|-heal|p1a: Sinistcha|68/100|[from] drain|[of] p2a: Rotom
|-damage|p2b: Tyranitar|0 fnt
|-heal|p1a: Sinistcha|80/100|[from] drain|[of] p2b: Tyranitar
|faint|p2a: Rotom
|faint|p2b: Tyranitar
|move|p1b: Blastoise|Water Spout|p2: Rotom|[notarget]
|-fail|p1b: Blastoise
|
|-weather|Sandstorm|[upkeep]
|-damage|p1a: Sinistcha|74/100|[from] Sandstorm
|-damage|p1b: Blastoise|51/100|[from] Sandstorm
|upkeep
|-message|sbhaga34 forfeited.
|
|win|BreadPudding248
|raw|BreadPudding248's rating: 1400 → 1417(+17 for winning)
|raw|sbhaga34's rating: 1348 → 1331(-17 for losing)
