|j|☆onlyembers
|j|☆Olly457
|html|onlyembersOlly457    
|uhtml|bestof|Game 2 of a best-of-3
|t:|1756317088
|gametype|doubles
|player|p1|onlyembers|acetrainerf|1141
|player|p2|Olly457|unknown|1082
|gen|9
|tier|[Gen 9] VGC 2025 Reg H (Bo3)
|rated|
|rule|Species Clause: Limit one of each Pokémon
|rule|Item Clause: Limit 1 of each item
|clearpoke
|poke|p1|Archaludon, L50, M|
|poke|p1|Pelipper, L50, M|
|poke|p1|Gholdengo, L50|
|poke|p1|Amoonguss, L50, M|
|poke|p1|Basculegion, L50, M|
|poke|p1|Incineroar, L50, M|
|poke|p2|Staraptor, L50, F|
|poke|p2|Snorlax, L50, M|
|poke|p2|Sylveon, L50, F|
|poke|p2|Scyther, L50, F|
|poke|p2|Meowscarada, L50, M|
|poke|p2|Primarina, L50, F|
|teampreview|4
|showteam|p1|Archaludon||AssaultVest|Stamina|ElectroShot,DracoMeteor,FlashCannon,BodyPress|||M|||50|,,,,,Bug]Pelipper||FocusSash|Drizzle|WeatherBall,Hurricane,Tailwind,Protect|||M|||50|,,,,,Ghost]Gholdengo||LifeOrb|GoodasGold|MakeItRain,ShadowBall,NastyPlot,Protect||||||50|,,,,,Water]Amoonguss||SitrusBerry|Regenerator|PollenPuff,Spore,RagePowder,Protect|||M|||50|,,,,,Fairy]Basculegion||ChoiceBand|SwiftSwim|WaveCrash,LastRespects,AquaJet,FlipTurn|||M|||50|,,,,,Grass]Incineroar||SafetyGoggles|Intimidate|FlareBlitz,KnockOff,PartingShot,FakeOut|||M|||50|,,,,,Ghost
|showteam|p2|Staraptor||ChoiceScarf|Intimidate|BraveBird,CloseCombat,Uturn,FinalGambit|||F|||50|,,,,,Ghost]Snorlax||AssaultVest|ThickFat|HighHorsepower,HeavySlam,DoubleEdge,HeatCrash|||M|||50|,,,,,Psychic]Sylveon||FairyFeather|Pixilate|Protect,TeraBlast,HyperVoice,QuickAttack|||F|||50|,,,,,Fire]Scyther||Eviolite|Technician|Protect,DualWingbeat,Feint,CloseCombat|||F|||50|,,,,,Dragon]Meowscarada||FocusSash|Overgrow|KnockOff,SuckerPunch,Protect,FlowerTrick|||M|||50|,,,,,Stellar]Primarina||SitrusBerry|LiquidVoice|HyperVoice,Protect,Haze,Moonblast|||F|||50|,,,,,Steel
|
|t:|1756317105
|teamsize|p1|4
|teamsize|p2|4
|start
|switch|p1a: Pelipper|Pelipper, L50, M|100/100
|switch|p1b: Archaludon|Archaludon, L50, M|100/100
|switch|p2a: Staraptor|Staraptor, L50, F|100/100
|switch|p2b: Meowscarada|Meowscarada, L50, M|100/100
|-ability|p2a: Staraptor|Intimidate|boost
|-unboost|p1a: Pelipper|atk|1
|-unboost|p1b: Archaludon|atk|1
|-weather|RainDance|[from] ability: Drizzle|[of] p1a: Pelipper
|turn|1
|inactive|Battle timer is ON: inactive players will automatically lose when time's up. (requested by onlyembers)
|
|t:|1756317127
|switch|p1b: Gholdengo|Gholdengo, L50|100/100
|move|p2a: Staraptor|U-turn|p1a: Pelipper
|-resisted|p1a: Pelipper
|-crit|p1a: Pelipper
|-damage|p1a: Pelipper|77/100
|
|t:|1756317133
|switch|p2a: Snorlax|Snorlax, L50, M|100/100|[from] U-turn
|move|p2b: Meowscarada|Flower Trick|p1a: Pelipper
|-crit|p1a: Pelipper
|-damage|p1a: Pelipper|12/100
|move|p1a: Pelipper|Tailwind|p1a: Pelipper
|-sidestart|p1: onlyembers|move: Tailwind
|
|-weather|RainDance|[upkeep]
|upkeep
|turn|2
|
|t:|1756317150
|switch|p1a: Archaludon|Archaludon, L50, M|100/100
|move|p2b: Meowscarada|Protect|p2b: Meowscarada
|-singleturn|p2b: Meowscarada|Protect
|move|p1b: Gholdengo|Make It Rain|p2b: Meowscarada|[spread] p2a
|-activate|p2b: Meowscarada|move: Protect
|-damage|p2a: Snorlax|77/100
|-unboost|p1b: Gholdengo|spa|1
|-damage|p1b: Gholdengo|91/100|[from] item: Life Orb
|move|p2a: Snorlax|High Horsepower|p1b: Gholdengo
|-supereffective|p1b: Gholdengo
|-damage|p1b: Gholdengo|33/100
|
|-weather|RainDance|[upkeep]
|upkeep
|turn|3
|
|t:|1756317174
|move|p1b: Gholdengo|Protect|p1b: Gholdengo
|-singleturn|p1b: Gholdengo|Protect
|move|p2b: Meowscarada|Protect||[still]
|-fail|p2b: Meowscarada
|move|p1a: Archaludon|Electro Shot||[still]
|-prepare|p1a: Archaludon|Electro Shot
|-boost|p1a: Archaludon|spa|1
|-anim|p1a: Archaludon|Electro Shot|p2b: Meowscarada
|-resisted|p2b: Meowscarada
|-damage|p2b: Meowscarada|52/100
|move|p2a: Snorlax|High Horsepower|p1b: Gholdengo
|-activate|p1b: Gholdengo|move: Protect
|
|-weather|RainDance|[upkeep]
|upkeep
|turn|4
|
|t:|1756317199
|move|p2b: Meowscarada|Sucker Punch|p1b: Gholdengo
|-supereffective|p1b: Gholdengo
|-damage|p1b: Gholdengo|0 fnt
|faint|p1b: Gholdengo
|move|p1a: Archaludon|Electro Shot||[still]
|-prepare|p1a: Archaludon|Electro Shot
|-boost|p1a: Archaludon|spa|1
|-anim|p1a: Archaludon|Electro Shot|p2a: Snorlax
|-damage|p2a: Snorlax|40/100
|move|p2a: Snorlax|High Horsepower|p1a: Archaludon
|-supereffective|p1a: Archaludon
|-damage|p1a: Archaludon|57/100
|-ability|p1a: Archaludon|Stamina|boost
|-boost|p1a: Archaludon|def|1
|
|-weather|RainDance|[upkeep]
|-sideend|p1: onlyembers|move: Tailwind
|upkeep
|
|t:|1756317207
|switch|p1b: Basculegion|Basculegion, L50, M|100/100
|turn|5
|
|t:|1756317230
|-terastallize|p1b: Basculegion|Grass
|-terastallize|p2b: Meowscarada|Stellar
|move|p2b: Meowscarada|Sucker Punch|p1b: Basculegion
|-damage|p1b: Basculegion|50/100
|move|p1b: Basculegion|Flip Turn|p2a: Snorlax
|-damage|p2a: Snorlax|0 fnt
|faint|p2a: Snorlax
|
|t:|1756317240
|switch|p1b: Pelipper|Pelipper, L50, M|12/100|[from] Flip Turn
|move|p1a: Archaludon|Body Press|p2b: Meowscarada
|-supereffective|p2b: Meowscarada
|-damage|p2b: Meowscarada|0 fnt
|faint|p2b: Meowscarada
|
|-weather|none
|upkeep
|
|t:|1756317245
|switch|p2b: Primarina|Primarina, L50, F|100/100
|switch|p2a: Staraptor|Staraptor, L50, F|100/100
|-ability|p2a: Staraptor|Intimidate|boost
|-unboost|p1a: Archaludon|atk|1
|-unboost|p1b: Pelipper|atk|1
|turn|6
|
|t:|1756317259
|move|p2a: Staraptor|Close Combat|p1a: Archaludon
|-supereffective|p1a: Archaludon
|-damage|p1a: Archaludon|18/100
|-unboost|p2a: Staraptor|def|1
|-unboost|p2a: Staraptor|spd|1
|-ability|p1a: Archaludon|Stamina|boost
|-boost|p1a: Archaludon|def|1
|move|p1b: Pelipper|Tailwind|p1b: Pelipper
|-sidestart|p1: onlyembers|move: Tailwind
|move|p1a: Archaludon|Flash Cannon|p2b: Primarina
|-damage|p2b: Primarina|33/100
|-enditem|p2b: Primarina|Sitrus Berry|[eat]
|-heal|p2b: Primarina|57/100|[from] item: Sitrus Berry
|move|p2b: Primarina|Hyper Voice|p1a: Archaludon|[spread] p1a,p1b
|-resisted|p1a: Archaludon
|-resisted|p1b: Pelipper
|-damage|p1a: Archaludon|6/100
|-damage|p1b: Pelipper|0 fnt
|-ability|p1a: Archaludon|Stamina|boost
|-boost|p1a: Archaludon|def|1
|faint|p1b: Pelipper
|
|upkeep
|
|t:|1756317270
|switch|p1b: Basculegion|Basculegion, L50, M, tera:Grass|50/100
|turn|7
|
|t:|1756317289
|move|p1b: Basculegion|Wave Crash|p2a: Staraptor
|-damage|p2a: Staraptor|0 fnt
|faint|p2a: Staraptor
|-damage|p1b: Basculegion|18/100|[from] Recoil
|move|p1a: Archaludon|Flash Cannon|p2b: Primarina
|-damage|p2b: Primarina|0 fnt
|faint|p2b: Primarina
|
|win|onlyembers
|raw|onlyembers's rating: 1141 → 1162(+21 for winning)
|raw|Olly457's rating: 1082 → 1063(-19 for losing)
|l|☆Olly457
|player|p2|
