|j|☆xx_junior_rx7_xx
|j|☆IndianCrackCoffee
|html|xx_junior_rx7_xxIndianCrackCoffee    
|uhtml|bestof|Game 1 of a best-of-3
|t:|1756525982
|gametype|doubles
|player|p1|xx_junior_rx7_xx|2|1018
|player|p2|IndianCrackCoffee|brendan-masters|1085
|gen|9
|tier|[Gen 9] VGC 2025 Reg H (Bo3)
|rated|
|rule|Species Clause: Limit one of each Pokémon
|rule|Item Clause: Limit 1 of each item
|clearpoke
|poke|p1|Tyranitar, L50, F|
|poke|p1|Excadrill, L50, F|
|poke|p1|Magmar, L50, F|
|poke|p1|Sneasler, L50, F|
|poke|p1|Corviknight, L50, F|
|poke|p1|Indeedee, L50, M|
|poke|p2|Dragonite, L50, M|
|poke|p2|Ursaluna-Bloodmoon, L50, M|
|poke|p2|Archaludon, L50, M|
|poke|p2|Whimsicott, L50, F|
|poke|p2|Gholdengo, L50|
|poke|p2|Incineroar, L50, F|
|teampreview|4
|showteam|p1|Tyranitar||AssaultVest|SandStream|RockSlide,KnockOff,LowKick,TeraBlast|||F|||50|,,,,,Flying]Excadrill||FocusSash|SandRush|EarthPower,IronHead,SwordsDance,Protect|||F|||50|,,,,,Ground]Magmar||Eviolite|VitalSpirit|Protect,HelpingHand,FollowMe,HeatWave|||F|||50|,,,,,Ghost]Sneasler||WhiteHerb|Unburden|FakeOut,CloseCombat,DireClaw,Coaching|||F|||50|,,,,,Flying]Corviknight||PsychicSeed|MirrorArmor|BraveBird,PowerTrip,BulkUp,Roost|||F|||50|,,,,,Water]Indeedee||ChoiceScarf|PsychicSurge|ExpandingForce,TeraBlast,Trick,Protect|||M|||50|,,,,,Psychic
|showteam|p2|Dragonite||LoadedDice|Multiscale|ScaleShot,ExtremeSpeed,IceSpinner,Protect|||M|||50|,,,,,Fairy]Ursaluna-Bloodmoon||AssaultVest|MindsEye|BloodMoon,HyperVoice,EarthPower,VacuumWave|||M|||50|,,,,,Water]Archaludon||PowerHerb|Sturdy|ElectroShot,FlashCannon,DracoMeteor,Protect|||M|||50|,,,,,Stellar]Whimsicott||CovertCloak|Prankster|FakeTears,Tailwind,Encore,Moonblast|||F|||50|,,,,,Poison]Gholdengo||ChoiceSpecs|GoodasGold|MakeItRain,ShadowBall,PowerGem,SteelBeam||||||50|,,,,,Steel]Incineroar||MirrorHerb|Intimidate|FakeOut,PartingShot,KnockOff,FlareBlitz|||F|||50|,,,,,Ghost
|
|t:|1756526071
|teamsize|p1|4
|teamsize|p2|4
|start
|switch|p1a: Corviknight|Corviknight, L50, F|100/100
|switch|p1b: Indeedee|Indeedee, L50, M|100/100
|switch|p2a: Incineroar|Incineroar, L50, F|100/100
|switch|p2b: Gholdengo|Gholdengo, L50|100/100
|-fieldstart|move: Psychic Terrain|[from] ability: Psychic Surge|[of] p1b: Indeedee
|-enditem|p1a: Corviknight|Psychic Seed
|-boost|p1a: Corviknight|spd|1|[from] item: Psychic Seed
|-ability|p2a: Incineroar|Intimidate|boost
|-ability|p1a: Corviknight|Mirror Armor
|-unboost|p2a: Incineroar|atk|1
|-unboost|p1b: Indeedee|atk|1
|-enditem|p2a: Incineroar|Mirror Herb
|-boost|p2a: Incineroar|spd|1|[from] item: Mirror Herb
|turn|1
|
|t:|1756526102
|-terastallize|p2b: Gholdengo|Steel
|-terastallize|p1a: Corviknight|Water
|move|p1b: Indeedee|Trick|p2a: Incineroar
|-activate|p1b: Indeedee|move: Trick|[of] p2a: Incineroar
|-item|p2a: Incineroar|Choice Scarf|[from] move: Trick
|-enditem|p1b: Indeedee|Choice Scarf|[silent]|[from] move: Trick
|move|p2a: Incineroar|Flare Blitz|p1a: Corviknight
|-resisted|p1a: Corviknight
|-damage|p1a: Corviknight|85/100
|-damage|p2a: Incineroar|96/100|[from] Recoil
|move|p2b: Gholdengo|Make It Rain|p1b: Indeedee|[spread] p1a,p1b
|-resisted|p1a: Corviknight
|-crit|p1b: Indeedee
|-damage|p1a: Corviknight|53/100
|-damage|p1b: Indeedee|0 fnt
|-unboost|p2b: Gholdengo|spa|1
|faint|p1b: Indeedee
|move|p1a: Corviknight|Bulk Up|p1a: Corviknight
|-boost|p1a: Corviknight|atk|1
|-boost|p1a: Corviknight|def|1
|
|upkeep
|
|t:|1756526122
|switch|p1b: Magmar|Magmar, L50, F|100/100
|turn|2
|
|t:|1756526161
|switch|p2a: Whimsicott|Whimsicott, L50, F|100/100
|move|p2b: Gholdengo|Make It Rain|p1b: Magmar|[spread] p1a,p1b
|-resisted|p1a: Corviknight
|-resisted|p1b: Magmar
|-damage|p1a: Corviknight|28/100
|-damage|p1b: Magmar|73/100
|-unboost|p2b: Gholdengo|spa|1
|move|p1b: Magmar|Heat Wave|p2a: Whimsicott|[spread] p2a,p2b
|-supereffective|p2a: Whimsicott
|-supereffective|p2b: Gholdengo
|-damage|p2a: Whimsicott|36/100
|-damage|p2b: Gholdengo|33/100
|move|p1a: Corviknight|Roost|p1a: Corviknight
|-heal|p1a: Corviknight|78/100
|
|upkeep
|turn|3
|
|t:|1756526189
|switch|p2b: Archaludon|Archaludon, L50, M|100/100
|move|p2a: Whimsicott|Encore|p1a: Corviknight
|-activate|p1a: Corviknight|move: Psychic Terrain
|move|p1b: Magmar|Heat Wave|p2b: Archaludon|[spread] p2a,p2b
|-supereffective|p2a: Whimsicott
|-damage|p2a: Whimsicott|0 fnt
|-damage|p2b: Archaludon|60/100
|faint|p2a: Whimsicott
|move|p1a: Corviknight|Bulk Up|p1a: Corviknight
|-boost|p1a: Corviknight|atk|1
|-boost|p1a: Corviknight|def|1
|
|upkeep
|
|t:|1756526205
|switch|p2a: Incineroar|Incineroar, L50, F|96/100
|-ability|p2a: Incineroar|Intimidate|boost
|-ability|p1a: Corviknight|Mirror Armor
|-unboost|p2a: Incineroar|atk|1
|-unboost|p1b: Magmar|atk|1
|turn|4
|
|t:|1756526230
|move|p2a: Incineroar|Knock Off|p1b: Magmar
|-damage|p1b: Magmar|49/100
|-enditem|p1b: Magmar|Eviolite|[from] move: Knock Off|[of] p2a: Incineroar
|move|p2b: Archaludon|Draco Meteor|p1b: Magmar|[miss]
|-miss|p2b: Archaludon|p1b: Magmar
|move|p1b: Magmar|Heat Wave|p2a: Incineroar|[spread] p2a,p2b
|-resisted|p2a: Incineroar
|-damage|p2a: Incineroar|84/100
|-damage|p2b: Archaludon|20/100
|move|p1a: Corviknight|Power Trip|p2b: Archaludon
|-damage|p2b: Archaludon|0 fnt
|faint|p2b: Archaludon
|
|upkeep
|
|t:|1756526244
|switch|p2b: Gholdengo|Gholdengo, L50, tera:Steel|33/100
|turn|5
|
|t:|1756526256
|move|p1b: Magmar|Follow Me|p1b: Magmar
|-singleturn|p1b: Magmar|move: Follow Me
|move|p2a: Incineroar|Knock Off|p1b: Magmar
|-damage|p1b: Magmar|23/100
|move|p2b: Gholdengo|Shadow Ball|p1b: Magmar
|-damage|p1b: Magmar|0 fnt
|faint|p1b: Magmar
|move|p1a: Corviknight|Power Trip|p2b: Gholdengo
|-damage|p2b: Gholdengo|0 fnt
|faint|p2b: Gholdengo
|
|-fieldend|move: Psychic Terrain
|upkeep
|-message|IndianCrackCoffee forfeited.
|
|win|xx_junior_rx7_xx
|l|☆IndianCrackCoffee
|player|p2|
||xx_junior_rx7_xx is ready for game 2.
||IndianCrackCoffee is ready for game 2.
|uhtml|next|Next: Game 2 of 3
|l|☆xx_junior_rx7_xx
|player|p1|
|j|☆IndianCrackCoffee
|player|p2|IndianCrackCoffee|brendan-masters|
