|j|☆sturmkitten69
|j|☆phuc_lamvgc
|html|sturmkitten69phuc_lamvgc    
|uhtml|bestof|Game 2 of a best-of-3
|t:|1783397577
|gametype|doubles
|player|p1|sturmkitten69|fisherman-gen4|1130
|player|p2|phuc_lamvgc|miku-ghost|1126
|gen|9
|tier|[Gen 9 Champions] VGC 2026 Reg M-B (Bo3)
|rated|
|rule|Species Clause: Limit one of each Pokémon
|rule|Item Clause: Limit 1 of each item
|clearpoke
|poke|p1|Blastoise, L50, M|
|poke|p1|Sinistcha, L50|
|poke|p1|Ninetales-Alola, L50, F|
|poke|p1|Sneasler, L50, M|
|poke|p1|Rotom-Wash, L50|
|poke|p1|Talonflame, L50, M|
|poke|p2|Pyroar, L50, F, shiny|
|poke|p2|Floette-Eternal, L50, F|
|poke|p2|Farigiraf, L50, M|
|poke|p2|Incineroar, L50, M|
|poke|p2|Torkoal, L50, M|
|poke|p2|Vileplume, L50, M|
|teampreview|4
|showteam|p1|Blastoise||Blastoisinite|Torrent|AuraSphere,Protect,DarkPulse,WaterPulse|Modest||M|||50|]Sinistcha||SitrusBerry|Hospitality|TrickRoom,MatchaGotcha,RagePowder,LifeDew|Bold|||||50|]Ninetales-Alola||FocusSash|SnowWarning|Blizzard,AuroraVeil,IcyWind,Encore|Timid||F|||50|]Sneasler||PoisonBarb|PoisonTouch|DireClaw,FakeOut,Protect,CloseCombat|Adamant||M|||50|]Rotom-Wash||Leftovers|Levitate|HydroPump,Thunderbolt,LightScreen,WillOWisp|Bold|||||50|]Talonflame||LifeOrb|GaleWings|BraveBird,Overheat,Tailwind,Protect|Naive||M|||50|
|showteam|p2|Pyroar||Pyroarite|Unnerve|Overheat,SolarBeam,HeatWave,Protect|Timid||F|||50|]Floette-Eternal||Floettite|FlowerVeil|Moonblast,DrainingKiss,CalmMind,Protect|Modest||F|||50|]Farigiraf||SitrusBerry|ArmorTail|HelpingHand,TrickRoom,Psychic,Thunderbolt|Relaxed||M|||50|]Incineroar||WhiteHerb|Intimidate|FakeOut,FlareBlitz,DarkestLariat,CloseCombat|Brave||M|||50|]Torkoal||Charcoal|Drought|WeatherBall,Eruption,HelpingHand,Protect|Quiet||M|||50|]Vileplume||FocusSash|Chlorophyll|SolarBeam,SleepPowder,SludgeBomb,AfterYou|Timid||M|||50|
|
|t:|1783397607
|teamsize|p1|4
|teamsize|p2|4
|start
|switch|p1a: Talonflame|Talonflame, L50, M|100/100
|switch|p1b: Blastoise|Blastoise, L50, M|100/100
|switch|p2a: Pyroar|Pyroar, L50, F, shiny|100/100
|switch|p2b: Torkoal|Torkoal, L50, M|100/100
|-ability|p2a: Pyroar|Unnerve
|-weather|SunnyDay|[from] ability: Drought|[of] p2b: Torkoal
|turn|1
|
|t:|1783397627
|switch|p1a: Ninetales|Ninetales-Alola, L50, F|100/100
|-weather|Snowscape|[from] ability: Snow Warning|[of] p1a: Ninetales
|switch|p2b: Incineroar|Incineroar, L50, M|100/100
|-ability|p2b: Incineroar|Intimidate|boost
|-unboost|p1a: Ninetales|atk|1
|-unboost|p1b: Blastoise|atk|1
|detailschange|p2a: Pyroar|Pyroar-Mega, L50, F, shiny
|-mega|p2a: Pyroar|Pyroar|Pyroarite
|detailschange|p1b: Blastoise|Blastoise-Mega, L50, M
|-mega|p1b: Blastoise|Blastoise|Blastoisinite
|move|p2a: Pyroar|Solar Beam||[still]
|-prepare|p2a: Pyroar|Solar Beam
|move|p1b: Blastoise|Water Pulse|p2a: Pyroar
|-supereffective|p2a: Pyroar|1
|-damage|p2a: Pyroar|0 fnt
|faint|p2a: Pyroar
|
|-weather|Snowscape|[upkeep]
|upkeep
|
|t:|1783397633
|switch|p2a: Torkoal|Torkoal, L50, M|100/100
|-weather|SunnyDay|[from] ability: Drought|[of] p2a: Torkoal
|turn|2
|
|t:|1783397649
|switch|p1a: Talonflame|Talonflame, L50, M|100/100
|move|p1b: Blastoise|Protect|p1b: Blastoise
|-singleturn|p1b: Blastoise|Protect
|move|p2b: Incineroar|Fake Out|p1b: Blastoise
|-activate|p1b: Blastoise|move: Protect
|move|p2a: Torkoal|Eruption|p1b: Blastoise|[spread] p1a
|-activate|p1b: Blastoise|move: Protect
|-resisted|p1a: Talonflame|1
|-damage|p1a: Talonflame|29/100
|
|-weather|SunnyDay|[upkeep]
|upkeep
|turn|3
|
|t:|1783397671
|switch|p2a: Farigiraf|Farigiraf, L50, M|100/100
|move|p1a: Talonflame|Tailwind|p1a: Talonflame
|-sidestart|p1: sturmkitten69|move: Tailwind
|move|p1b: Blastoise|Water Pulse|p2b: Incineroar
|-supereffective|p2b: Incineroar|1
|-damage|p2b: Incineroar|46/100
|move|p2b: Incineroar|Darkest Lariat|p1a: Talonflame
|-damage|p1a: Talonflame|0 fnt
|faint|p1a: Talonflame
|
|-weather|SunnyDay|[upkeep]
|upkeep
|
|t:|1783397691
|switch|p1a: Rotom|Rotom-Wash, L50|100/100
|turn|4
|
|t:|1783397702
|move|p1a: Rotom|Hydro Pump|p2a: Farigiraf|[miss]
|-miss|p1a: Rotom|p2a: Farigiraf
|move|p1b: Blastoise|Dark Pulse|p2a: Farigiraf
|-supereffective|p2a: Farigiraf|1
|-damage|p2a: Farigiraf|4/100
|-enditem|p2a: Farigiraf|Sitrus Berry|[eat]
|-heal|p2a: Farigiraf|29/100|[from] item: Sitrus Berry
|move|p2b: Incineroar|Close Combat|p1b: Blastoise
|-damage|p1b: Blastoise|63/100
|-unboost|p2b: Incineroar|def|1
|-unboost|p2b: Incineroar|spd|1
|-enditem|p2b: Incineroar|White Herb
|-clearnegativeboost|p2b: Incineroar|[silent]
|move|p2a: Farigiraf|Trick Room|p2a: Farigiraf
|-fieldstart|move: Trick Room|[of] p2a: Farigiraf
|
|-weather|SunnyDay|[upkeep]
|upkeep
|turn|5
|
|t:|1783397728
|move|p2b: Incineroar|Close Combat|p1a: Rotom
|-crit|p1a: Rotom
|-damage|p1a: Rotom|34/100
|-unboost|p2b: Incineroar|def|1
|-unboost|p2b: Incineroar|spd|1
|move|p2a: Farigiraf|Thunderbolt|p1a: Rotom
|-damage|p1a: Rotom|12/100
|move|p1b: Blastoise|Dark Pulse|p2a: Farigiraf
|-supereffective|p2a: Farigiraf|1
|-damage|p2a: Farigiraf|0 fnt
|faint|p2a: Farigiraf
|move|p1a: Rotom|Hydro Pump|p2b: Incineroar|[miss]
|-miss|p1a: Rotom|p2b: Incineroar
|
|-weather|SunnyDay|[upkeep]
|-heal|p1a: Rotom|18/100|[from] item: Leftovers
|upkeep
|
|t:|1783397735
|switch|p2a: Torkoal|Torkoal, L50, M|100/100
|turn|6
|
|t:|1783397757
|move|p1b: Blastoise|Protect|p1b: Blastoise
|-singleturn|p1b: Blastoise|Protect
|move|p2a: Torkoal|Eruption|p1a: Rotom|[spread] p1a
|-activate|p1b: Blastoise|move: Protect
|-resisted|p1a: Rotom|1
|-damage|p1a: Rotom|0 fnt
|faint|p1a: Rotom
|move|p2b: Incineroar|Darkest Lariat|p1b: Blastoise
|-activate|p1b: Blastoise|move: Protect
|
|-weather|none
|-sideend|p1: sturmkitten69|move: Tailwind
|upkeep
|
|t:|1783397768
|switch|p1a: Ninetales|Ninetales-Alola, L50, F|100/100
|-weather|Snowscape|[from] ability: Snow Warning|[of] p1a: Ninetales
|turn|7
|
|t:|1783397782
|move|p2a: Torkoal|Eruption|p1b: Blastoise|[spread] p1a,p1b
|-supereffective|p1a: Ninetales|1
|-resisted|p1b: Blastoise|1
|-enditem|p1a: Ninetales|Focus Sash
|-damage|p1a: Ninetales|1/100
|-damage|p1b: Blastoise|37/100
|move|p2b: Incineroar|Darkest Lariat|p1b: Blastoise
|-damage|p1b: Blastoise|0 fnt
|faint|p1b: Blastoise
|move|p1a: Ninetales|Aurora Veil|p1a: Ninetales
|-sidestart|p1: sturmkitten69|move: Aurora Veil
|
|-weather|Snowscape|[upkeep]
|upkeep
|turn|8
|-message|sturmkitten69 forfeited.
|
|win|phuc_lamvgc
|l|☆sturmkitten69
|player|p1|
||sturmkitten69 is ready for game 3.
||phuc_lamvgc is ready for game 3.
|uhtml|next|Next: Game 3 of 3
