|j|☆pabilisco
|j|☆anthonynn
|html|pabiliscoanthonynn    
|uhtml|bestof|Game 2 of a best-of-3
|t:|1783140743
|gametype|doubles
|player|p1|pabilisco|rosa-masters3|1076
|player|p2|anthonynn|169|1100
|gen|9
|tier|[Gen 9 Champions] VGC 2026 Reg M-B (Bo3)
|rated|
|rule|Species Clause: Limit one of each Pokémon
|rule|Item Clause: Limit 1 of each item
|clearpoke
|poke|p1|Serperior, L50, M|
|poke|p1|Scovillain, L50, F|
|poke|p1|Whimsicott, L50, M|
|poke|p1|Simisage, L50, F|
|poke|p1|Meganium, L50, M|
|poke|p1|Meowscarada, L50, F|
|poke|p2|Pelipper, L50, F|
|poke|p2|Sableye, L50, F|
|poke|p2|Swampert, L50, F|
|poke|p2|Archaludon, L50, M|
|poke|p2|Sinistcha-Masterpiece, L50|
|poke|p2|Overqwil, L50, M|
|teampreview|4
|showteam|p1|Serperior||WideLens|Contrary|LeafStorm,DragonPulse,Protect,Glare|Timid||M|||50|]Scovillain||Scovillainite|Moody|FireBlast,GigaDrain,Protect,RagePowder|Modest||F|||50|]Whimsicott||FocusSash|Prankster|Tailwind,FakeTears,LightScreen,Moonblast|Timid||M|||50|]Simisage||ExpertBelt|Overgrow|FakeOut,RockSlide,BulletSeed,Superpower|Jolly||F|||50|]Meganium||Meganiumite|Overgrow|SolarBeam,WeatherBall,Protect,DazzlingGleam|Modest||M|||50|]Meowscarada||ChoiceScarf|Protean|Uturn,FlowerTrick,TripleAxel,KnockOff|Adamant||F|||50|
|showteam|p2|Pelipper||SitrusBerry|Drizzle|Tailwind,WideGuard,Hurricane,WeatherBall|Bold||F|||50|]Sableye||MentalHerb|Prankster|RainDance,LightScreen,WillOWisp,Encore|Calm||F|||50|]Swampert||Swampertite|Torrent|WaveCrash,Earthquake,IcePunch,Protect|Adamant||F|||50|]Archaludon||Leftovers|Stamina|ElectroShot,FlashCannon,DragonPulse,Protect|Modest||M|||50|]Sinistcha-Masterpiece||CobaBerry|Hospitality|TrickRoom,MatchaGotcha,RagePowder,Protect|Calm|||||50|]Overqwil||LifeOrb|SwiftSwim|BarbBarrage,PoisonJab,ThroatChop,Protect|Adamant||M|||50|
|c|☆pabilisco|Glhf
|c|☆anthonynn|glhf!
|inactive|Battle timer is ON: inactive players will automatically lose when time's up. (requested by pabilisco)
|
|t:|1783140822
|teamsize|p1|4
|teamsize|p2|4
|start
|switch|p1a: Serperior|Serperior, L50, M|100/100
|switch|p1b: Scovillain|Scovillain, L50, F|100/100
|switch|p2a: Sableye|Sableye, L50, F|100/100
|switch|p2b: Archaludon|Archaludon, L50, M|100/100
|turn|1
|
|t:|1783140844
|detailschange|p1b: Scovillain|Scovillain-Mega, L50, F
|-mega|p1b: Scovillain|Scovillain|Scovillainite
|move|p1b: Scovillain|Rage Powder|p1b: Scovillain
|-singleturn|p1b: Scovillain|move: Rage Powder
|move|p2a: Sableye|Rain Dance|p2a: Sableye
|-weather|RainDance
|move|p1a: Serperior|Leaf Storm|p2a: Sableye
|-damage|p2a: Sableye|52/100
|-boost|p1a: Serperior|spa|2
|move|p2b: Archaludon|Electro Shot||[still]
|-prepare|p2b: Archaludon|Electro Shot
|-boost|p2b: Archaludon|spa|1
|-anim|p2b: Archaludon|Electro Shot|p1b: Scovillain
|-resisted|p1b: Scovillain|1
|-crit|p1b: Scovillain
|-damage|p1b: Scovillain|40/100
|-status|p2b: Archaludon|brn|[from] ability: Spicy Spray|[of] p1b: Scovillain
|
|-weather|RainDance|[upkeep]
|-damage|p2b: Archaludon|93/100 brn|[from] brn
|upkeep
|turn|2
|inactive|pabilisco has 30 seconds left.
|
|t:|1783140873
|move|p1b: Scovillain|Protect|p1b: Scovillain
|-singleturn|p1b: Scovillain|Protect
|move|p2a: Sableye|Light Screen|p2a: Sableye
|-sidestart|p2: anthonynn|move: Light Screen
|move|p1a: Serperior|Leaf Storm|p2a: Sableye
|-damage|p2a: Sableye|0 fnt
|-boost|p1a: Serperior|spa|2
|faint|p2a: Sableye
|move|p2b: Archaludon|Dragon Pulse|p1a: Serperior
|-damage|p1a: Serperior|20/100r
|
|-weather|RainDance|[upkeep]
|-heal|p2b: Archaludon|100/100 brn|[from] item: Leftovers
|-damage|p2b: Archaludon|93/100 brn|[from] brn
|upkeep
|
|t:|1783140883
|switch|p2a: Pelipper|Pelipper, L50, F|100/100
|turn|3
|
|t:|1783140889
|move|p1b: Scovillain|Rage Powder|p1b: Scovillain
|-singleturn|p1b: Scovillain|move: Rage Powder
|move|p1a: Serperior|Leaf Storm|p2a: Pelipper
|-damage|p2a: Pelipper|0 fnt
|-boost|p1a: Serperior|spa|2
|faint|p2a: Pelipper
|move|p2b: Archaludon|Dragon Pulse|p1b: Scovillain
|-damage|p1b: Scovillain|0 fnt
|faint|p1b: Scovillain
|
|-weather|RainDance|[upkeep]
|-heal|p2b: Archaludon|100/100 brn|[from] item: Leftovers
|-damage|p2b: Archaludon|93/100 brn|[from] brn
|upkeep
|
|t:|1783140899
|switch|p1b: Simisage|Simisage, L50, F|100/100
|switch|p2a: Overqwil|Overqwil, L50, M|100/100
|turn|4
|inactive|anthonynn has 30 seconds left.
|
|t:|1783140933
|move|p1b: Simisage|Fake Out|p2a: Overqwil
|-damage|p2a: Overqwil|89/100
|cant|p2a: Overqwil|flinch
|move|p1a: Serperior|Dragon Pulse|p2b: Archaludon
|-damage|p2b: Archaludon|40/100 brn
|-ability|p2b: Archaludon|Stamina|boost
|-boost|p2b: Archaludon|def|1
|move|p2b: Archaludon|Dragon Pulse|p1a: Serperior
|-damage|p1a: Serperior|0 fnt
|faint|p1a: Serperior
|
|-weather|RainDance|[upkeep]
|-heal|p2b: Archaludon|46/100 brn|[from] item: Leftovers
|-damage|p2b: Archaludon|40/100 brn|[from] brn
|upkeep
|
|t:|1783140944
|switch|p1a: Meowscarada|Meowscarada, L50, F|100/100
|turn|5
|
|t:|1783140958
|move|p2a: Overqwil|Poison Jab|p1b: Simisage
|-supereffective|p1b: Simisage|1
|-damage|p1b: Simisage|0 fnt
|faint|p1b: Simisage
|-damage|p2a: Overqwil|79/100|[from] item: Life Orb
|move|p1a: Meowscarada|U-turn|p2a: Overqwil
|-start|p1a: Meowscarada|typechange|Bug|[from] ability: Protean
|-damage|p2a: Overqwil|34/100
|move|p2b: Archaludon|Dragon Pulse|p1a: Meowscarada
|-damage|p1a: Meowscarada|0 fnt
|faint|p1a: Meowscarada
|
|win|anthonynn
|raw|pabilisco's rating: 1076 → 1056(-20 for losing)
|raw|anthonynn's rating: 1100 → 1123(+23 for winning)
|c|☆pabilisco|Gg
|c|☆anthonynn|GG's!!
|l|☆pabilisco
|player|p1|
