|j|☆vrocehpalon
|j|☆lalalaing
|html|vrocehpalonlalalaing    
|uhtml|bestof|Game 3 of a best-of-3
|t:|1784295873
|gametype|doubles
|player|p1|vrocehpalon|marshal|1447
|player|p2|lalalaing|chili|1469
|gen|9
|tier|[Gen 9 Champions] VGC 2026 Reg M-B (Bo3)
|rated|
|rule|Species Clause: Limit one of each Pokémon
|rule|Item Clause: Limit 1 of each item
|clearpoke
|poke|p1|Charizard, L50, F|
|poke|p1|Venusaur, L50, F|
|poke|p1|Grimmsnarl, L50, M|
|poke|p1|Pelipper, L50, F|
|poke|p1|Archaludon, L50, M|
|poke|p1|Basculegion, L50, M|
|poke|p2|Swampert, L50, F|
|poke|p2|Gengar, L50, M|
|poke|p2|Pelipper, L50, M|
|poke|p2|Archaludon, L50, F|
|poke|p2|Maushold-Four, L50|
|poke|p2|Grimmsnarl, L50, M|
|teampreview|4
|showteam|p1|Charizard||CharizarditeY|Blaze|HeatWave,WeatherBall,SolarBeam,Protect|Modest||F|||50|]Venusaur||FocusSash|Chlorophyll|SleepPowder,SludgeBomb,EarthPower,Protect|Modest||F|||50|]Grimmsnarl||LightClay|Prankster|SpiritBreak,PartingShot,Reflect,LightScreen|Sassy||M|||50|]Pelipper||SitrusBerry|Drizzle|WeatherBall,Hurricane,Tailwind,WideGuard|Modest||F|||50|]Archaludon||Leftovers|Stamina|ElectroShot,FlashCannon,DragonPulse,Protect|Modest||M|||50|]Basculegion||ChoiceScarf|Adaptability|WaveCrash,FlipTurn,LastRespects,AquaJet|Jolly||M|||50|
|showteam|p2|Swampert||Swampertite|Torrent|WaveCrash,Earthquake,IcePunch,Protect|Adamant||F|||50|]Gengar||Gengarite|CursedBody|ShadowBall,SludgeBomb,Disable,Protect|Modest||M|||50|]Pelipper||SitrusBerry|Drizzle|WeatherBall,Hurricane,Tailwind,Protect|Modest||M|||50|]Archaludon||Leftovers|Stamina|FlashCannon,DragonPulse,ElectroShot,Protect|Modest||F|||50|]Maushold-Four||FocusSash|FriendGuard|SuperFang,FollowMe,Encore,Protect|Timid|||||50|]Grimmsnarl||LightClay|Prankster|SpiritBreak,PartingShot,Reflect,LightScreen|Sassy||M|||50|
|inactive|Battle timer is ON: inactive players will automatically lose when time's up. (requested by vrocehpalon)
|inactive|vrocehpalon has 60 seconds left.
|inactive|vrocehpalon has 30 seconds left.
|inactive|vrocehpalon has 20 seconds left.
|inactive|vrocehpalon has 15 seconds left.
|inactive|vrocehpalon has 10 seconds left.
|
|t:|1784295956
|teamsize|p1|4
|teamsize|p2|4
|start
|switch|p1a: Pelipper|Pelipper, L50, F|100/100
|switch|p1b: Basculegion|Basculegion, L50, M|100/100
|switch|p2a: Archaludon|Archaludon, L50, F|100/100
|switch|p2b: Gengar|Gengar, L50, M|100/100
|-weather|RainDance|[from] ability: Drizzle|[of] p1a: Pelipper
|turn|1
|
|t:|1784295971
|switch|p1a: Venusaur|Venusaur, L50, F|100/100
|detailschange|p2b: Gengar|Gengar-Mega, L50, M
|-mega|p2b: Gengar|Gengar|Gengarite
|move|p2b: Gengar|Protect|p2b: Gengar
|-singleturn|p2b: Gengar|Protect
|move|p1b: Basculegion|Wave Crash|p2b: Gengar
|-activate|p2b: Gengar|move: Protect
|move|p2a: Archaludon|Electro Shot||[still]
|-prepare|p2a: Archaludon|Electro Shot
|-boost|p2a: Archaludon|spa|1
|-anim|p2a: Archaludon|Electro Shot|p1a: Venusaur
|-resisted|p1a: Venusaur|1
|-damage|p1a: Venusaur|61/100
|
|-weather|RainDance|[upkeep]
|upkeep
|turn|2
|inactive|lalalaing has 30 seconds left.
|
|t:|1784295997
|switch|p2b: Pelipper|Pelipper, L50, M|100/100
|move|p1b: Basculegion|Wave Crash|p2b: Pelipper
|-resisted|p2b: Pelipper|1
|-damage|p2b: Pelipper|42/100
|-enditem|p2b: Pelipper|Sitrus Berry|[eat]
|-heal|p2b: Pelipper|67/100|[from] item: Sitrus Berry
|-damage|p1b: Basculegion|84/100|[from] Recoil
|move|p1a: Venusaur|Sleep Powder|p2a: Archaludon|[miss]
|-miss|p1a: Venusaur|p2a: Archaludon
|move|p2a: Archaludon|Dragon Pulse|p1a: Venusaur
|-damage|p1a: Venusaur|0 fnt
|faint|p1a: Venusaur
|
|-weather|RainDance|[upkeep]
|upkeep
|
|t:|1784296008
|switch|p1a: Charizard|Charizard, L50, F|100/100
|turn|3
|inactive|vrocehpalon has 30 seconds left.
|
|t:|1784296034
|move|p1a: Charizard|Protect|p1a: Charizard
|-singleturn|p1a: Charizard|Protect
|move|p2a: Archaludon|Protect|p2a: Archaludon
|-singleturn|p2a: Archaludon|Protect
|move|p2b: Pelipper|Protect|p2b: Pelipper
|-singleturn|p2b: Pelipper|Protect
|move|p1b: Basculegion|Wave Crash|p2b: Pelipper
|-activate|p2b: Pelipper|move: Protect
|
|-weather|RainDance|[upkeep]
|upkeep
|turn|4
|
|t:|1784296043
|switch|p2b: Maushold|Maushold-Four, L50|100/100
|detailschange|p1a: Charizard|Charizard-Mega-Y, L50, F
|-mega|p1a: Charizard|Charizard|Charizardite Y
|-weather|SunnyDay|[from] ability: Drought|[of] p1a: Charizard
|move|p1b: Basculegion|Wave Crash|p2b: Maushold
|-damage|p2b: Maushold|59/100
|-damage|p1b: Basculegion|74/100|[from] Recoil
|move|p1a: Charizard|Weather Ball|p2b: Maushold
|-damage|p2b: Maushold|0 fnt
|faint|p2b: Maushold
|move|p2a: Archaludon|Dragon Pulse|p1b: Basculegion
|-damage|p1b: Basculegion|2/100
|
|-weather|SunnyDay|[upkeep]
|upkeep
|
|t:|1784296055
|switch|p2b: Pelipper|Pelipper, L50, M|67/100
|-weather|RainDance|[from] ability: Drizzle|[of] p2b: Pelipper
|turn|5
|
|t:|1784296067
|switch|p1b: Pelipper|Pelipper, L50, F|100/100
|move|p1a: Charizard|Protect|p1a: Charizard
|-singleturn|p1a: Charizard|Protect
|move|p2a: Archaludon|Electro Shot||[still]
|-prepare|p2a: Archaludon|Electro Shot
|-boost|p2a: Archaludon|spa|1
|-anim|p2a: Archaludon|Electro Shot|p1a: Charizard
|-activate|p1a: Charizard|move: Protect
|move|p2b: Pelipper|Hurricane|p1b: Pelipper
|-damage|p1b: Pelipper|50/100g
|
|-weather|RainDance|[upkeep]
|upkeep
|turn|6
|
|t:|1784296087
|move|p1a: Charizard|Weather Ball|p2b: Pelipper
|-resisted|p2b: Pelipper|1
|-damage|p2b: Pelipper|30/100
|move|p2a: Archaludon|Electro Shot||[still]
|-prepare|p2a: Archaludon|Electro Shot
|-boost|p2a: Archaludon|spa|1
|-anim|p2a: Archaludon|Electro Shot|p1b: Pelipper
|-supereffective|p1b: Pelipper|2
|-damage|p1b: Pelipper|0 fnt
|faint|p1b: Pelipper
|move|p2b: Pelipper|Tailwind|p2b: Pelipper
|-sidestart|p2: lalalaing|move: Tailwind
|
|-weather|RainDance|[upkeep]
|upkeep
|
|t:|1784296090
|switch|p1b: Basculegion|Basculegion, L50, M|2/100
|turn|7
|
|t:|1784296098
|move|p2a: Archaludon|Electro Shot||[still]
|-prepare|p2a: Archaludon|Electro Shot
|-boost|p2a: Archaludon|spa|1
|-anim|p2a: Archaludon|Electro Shot|p1b: Basculegion
|-supereffective|p1b: Basculegion|1
|-damage|p1b: Basculegion|0 fnt
|faint|p1b: Basculegion
|move|p2b: Pelipper|Weather Ball|p1a: Charizard
|-supereffective|p1a: Charizard|1
|-damage|p1a: Charizard|4/100
|move|p1a: Charizard|Weather Ball|p2b: Pelipper
|-resisted|p2b: Pelipper|1
|-damage|p2b: Pelipper|0 fnt
|faint|p2b: Pelipper
|
|-weather|RainDance|[upkeep]
|upkeep
|
|t:|1784296101
|switch|p2b: Gengar|Gengar-Mega, L50, M|100/100
|turn|8
|
|t:|1784296105
|move|p2b: Gengar|Sludge Bomb|p1a: Charizard
|-crit|p1a: Charizard
|-damage|p1a: Charizard|0 fnt
|faint|p1a: Charizard
|
|win|lalalaing
|raw|vrocehpalon's rating: 1447 → 1428(-19 for losing)
|raw|lalalaing's rating: 1469 → 1488(+19 for winning)
|l|☆vrocehpalon
|player|p1|
