|j|☆Plastic Ocean
|j|☆SirVala
|html|Plastic OceanSirVala    
|uhtml|bestof|Game 3 of a best-of-3
|t:|1756857505
|gametype|doubles
|player|p1|Plastic Ocean|sisandbro|1299
|player|p2|SirVala|bruno|1265
|gen|9
|tier|[Gen 9] VGC 2025 Reg H (Bo3)
|rated|
|rule|Species Clause: Limit one of each Pokémon
|rule|Item Clause: Limit 1 of each item
|clearpoke
|poke|p1|Dragonite, L50, M|
|poke|p1|Gholdengo, L50|
|poke|p1|Rillaboom, L50, M|
|poke|p1|Ursaluna-Bloodmoon, L50, M|
|poke|p1|Maushold-Four, L50|
|poke|p1|Annihilape, L50, F|
|poke|p2|Garchomp, L50, F|
|poke|p2|Dragonite, L50, F|
|poke|p2|Amoonguss, L50, M|
|poke|p2|Incineroar, L50, M|
|poke|p2|Ninetales-Alola, L50, F|
|poke|p2|Kingambit, L50, M|
|teampreview|4
|showteam|p1|Dragonite||LoadedDice|Multiscale|ScaleShot,Tailwind,Haze,Protect|||M|||50|,,,,,Fairy]Gholdengo||LifeOrb|GoodasGold|MakeItRain,ShadowBall,NastyPlot,Protect||||||50|,,,,,Water]Rillaboom||MiracleSeed|GrassySurge|WoodHammer,GrassyGlide,FakeOut,HighHorsepower|||M|||50|,,,,,Fire]Ursaluna-Bloodmoon||AssaultVest|MindsEye|BloodMoon,EarthPower,VacuumWave,HyperVoice|||M|||50|,,,,,Water]Maushold-Four||FocusSash|FriendGuard|SuperFang,FollowMe,BeatUp,Protect||||||50|,,,,,Ghost]Annihilape||SitrusBerry|Defiant|RageFist,DrainPunch,BulkUp,Protect|||F|||50|,,,,,Fire
|showteam|p2|Garchomp||ChoiceBand|RoughSkin|Earthquake,DragonClaw,StompingTantrum,IronHead|||F|||50|,,,,,Steel]Dragonite||LoadedDice|Multiscale|ScaleShot,ExtremeSpeed,LowKick,Protect|||F|||50|,,,,,Fairy]Amoonguss||SitrusBerry|Regenerator|PollenPuff,ClearSmog,Spore,RagePowder|||M|||50|,,,,,Water]Incineroar||SafetyGoggles|Intimidate|FlareBlitz,KnockOff,FakeOut,PartingShot|||M|||50|,,,,,Ghost]Ninetales-Alola||ChoiceSpecs|SnowWarning|Blizzard,IceBeam,Moonblast,FreezeDry|||F|||50|,,,,,Ice]Kingambit||AssaultVest|Defiant|KowtowCleave,IronHead,SuckerPunch,LowKick|||M|||50|,,,,,Dark
|
|t:|1756857592
|teamsize|p1|4
|teamsize|p2|4
|start
|switch|p1a: Rillaboom|Rillaboom, L50, M|100/100
|switch|p1b: Annihilape|Annihilape, L50, F, shiny|100/100
|switch|p2a: Incineroar|Incineroar, L50, M|100/100
|switch|p2b: Garchomp|Garchomp, L50, F|100/100
|-fieldstart|move: Grassy Terrain|[from] ability: Grassy Surge|[of] p1a: Rillaboom
|-ability|p2a: Incineroar|Intimidate|boost
|-unboost|p1a: Rillaboom|atk|1
|-unboost|p1b: Annihilape|atk|1
|-ability|p1b: Annihilape|Defiant|boost
|-boost|p1b: Annihilape|atk|2
|turn|1
|
|t:|1756857662
|switch|p2a: Ninetales|Ninetales-Alola, L50, F|100/100
|-weather|Snowscape|[from] ability: Snow Warning|[of] p2a: Ninetales
|move|p1a: Rillaboom|Fake Out|p2b: Garchomp
|-damage|p2b: Garchomp|90/100
|-damage|p1a: Rillaboom|88/100|[from] ability: Rough Skin|[of] p2b: Garchomp
|cant|p2b: Garchomp|flinch
|move|p1b: Annihilape|Bulk Up|p1b: Annihilape
|-boost|p1b: Annihilape|atk|1
|-boost|p1b: Annihilape|def|1
|
|-weather|Snowscape|[upkeep]
|-heal|p2b: Garchomp|96/100|[from] Grassy Terrain
|-heal|p1a: Rillaboom|94/100|[from] Grassy Terrain
|upkeep
|turn|2
|
|t:|1756857726
|switch|p1a: Maushold|Maushold-Four, L50|100/100
|move|p2a: Ninetales|Blizzard|p1b: Annihilape|[spread] p1a,p1b
|-damage|p1a: Maushold|43/100
|-damage|p1b: Annihilape|75/100
|move|p2b: Garchomp|Stomping Tantrum|p1b: Annihilape
|-damage|p1b: Annihilape|18/100
|-enditem|p1b: Annihilape|Sitrus Berry|[eat]
|-heal|p1b: Annihilape|43/100|[from] item: Sitrus Berry
|move|p1b: Annihilape|Drain Punch|p2b: Garchomp
|-damage|p2b: Garchomp|33/100
|-heal|p1b: Annihilape|71/100|[from] drain|[of] p2b: Garchomp
|-damage|p1b: Annihilape|58/100|[from] ability: Rough Skin|[of] p2b: Garchomp
|
|-weather|Snowscape|[upkeep]
|-heal|p1a: Maushold|49/100|[from] Grassy Terrain
|-heal|p2b: Garchomp|39/100|[from] Grassy Terrain
|-heal|p1b: Annihilape|64/100|[from] Grassy Terrain
|upkeep
|turn|3
|
|t:|1756857775
|move|p1b: Annihilape|Protect|p1b: Annihilape
|-singleturn|p1b: Annihilape|Protect
|move|p2a: Ninetales|Blizzard|p1b: Annihilape|[spread] p1a
|-activate|p1b: Annihilape|move: Protect
|-damage|p1a: Maushold|0 fnt
|faint|p1a: Maushold
|move|p2b: Garchomp|Stomping Tantrum|p1b: Annihilape
|-activate|p1b: Annihilape|move: Protect
|
|-weather|Snowscape|[upkeep]
|-heal|p2b: Garchomp|45/100|[from] Grassy Terrain
|-heal|p1b: Annihilape|71/100|[from] Grassy Terrain
|upkeep
|
|t:|1756857788
|switch|p1a: Rillaboom|Rillaboom, L50, M|94/100
|turn|4
|
|t:|1756857825
|switch|p2b: Dragonite|Dragonite, L50, F|100/100
|-terastallize|p1a: Rillaboom|Fire
|move|p1a: Rillaboom|Fake Out|p2b: Dragonite
|-damage|p2b: Dragonite|93/100
|move|p2a: Ninetales|Blizzard|p1b: Annihilape|[spread] p1a,p1b
|-resisted|p1a: Rillaboom
|-damage|p1a: Rillaboom|73/100
|-damage|p1b: Annihilape|34/100
|move|p1b: Annihilape|Drain Punch|p2b: Dragonite
|-resisted|p2b: Dragonite
|-crit|p2b: Dragonite
|-damage|p2b: Dragonite|49/100
|-heal|p1b: Annihilape|54/100|[from] drain|[of] p2b: Dragonite
|
|-weather|Snowscape|[upkeep]
|-heal|p1b: Annihilape|60/100|[from] Grassy Terrain
|-heal|p1a: Rillaboom|79/100|[from] Grassy Terrain
|upkeep
|turn|5
|
|t:|1756857872
|switch|p1a: Gholdengo|Gholdengo, L50|100/100
|-terastallize|p2a: Ninetales|Ice
|move|p1b: Annihilape|Protect|p1b: Annihilape
|-singleturn|p1b: Annihilape|Protect
|move|p2a: Ninetales|Blizzard|p1a: Gholdengo|[spread] p1a
|-activate|p1b: Annihilape|move: Protect
|-resisted|p1a: Gholdengo
|-damage|p1a: Gholdengo|69/100
|move|p2b: Dragonite|Scale Shot|p1b: Annihilape
|-activate|p1b: Annihilape|move: Protect
|
|-weather|none
|-heal|p1b: Annihilape|66/100|[from] Grassy Terrain
|-heal|p1a: Gholdengo|74/100|[from] Grassy Terrain
|-fieldend|move: Grassy Terrain
|upkeep
|turn|6
|
|t:|1756857895
|move|p2a: Ninetales|Blizzard|p1a: Gholdengo|[spread] p1a,p1b
|-resisted|p1a: Gholdengo
|-damage|p1a: Gholdengo|45/100
|-damage|p1b: Annihilape|20/100
|move|p1b: Annihilape|Drain Punch|p2a: Ninetales
|-supereffective|p2a: Ninetales
|-damage|p2a: Ninetales|0 fnt
|-heal|p1b: Annihilape|58/100|[from] drain|[of] p2a: Ninetales
|faint|p2a: Ninetales
|move|p1a: Gholdengo|Make It Rain|p2b: Dragonite
|-damage|p2b: Dragonite|0 fnt
|-unboost|p1a: Gholdengo|spa|1
|faint|p2b: Dragonite
|-damage|p1a: Gholdengo|36/100|[from] item: Life Orb
|
|upkeep
|
|t:|1756857907
|switch|p2a: Garchomp|Garchomp, L50, F|45/100
|switch|p2b: Incineroar|Incineroar, L50, M|100/100
|-ability|p2b: Incineroar|Intimidate|boost
|-unboost|p1a: Gholdengo|atk|1
|-unboost|p1b: Annihilape|atk|1
|-ability|p1b: Annihilape|Defiant|boost
|-boost|p1b: Annihilape|atk|2
|turn|7
|
|t:|1756857924
|move|p1b: Annihilape|Protect|p1b: Annihilape
|-singleturn|p1b: Annihilape|Protect
|move|p2a: Garchomp|Stomping Tantrum|p1b: Annihilape
|-activate|p1b: Annihilape|move: Protect
|move|p1a: Gholdengo|Shadow Ball|p2a: Garchomp
|-damage|p2a: Garchomp|7/100
|-unboost|p2a: Garchomp|spd|1
|-damage|p1a: Gholdengo|27/100|[from] item: Life Orb
|move|p2b: Incineroar|Flare Blitz|p1b: Annihilape
|-activate|p1b: Annihilape|move: Protect
|
|upkeep
|turn|8
|
|t:|1756857943
|move|p2a: Garchomp|Stomping Tantrum|p1b: Annihilape
|-damage|p1b: Annihilape|16/100
|move|p1b: Annihilape|Drain Punch|p2b: Incineroar
|-supereffective|p2b: Incineroar
|-damage|p2b: Incineroar|0 fnt
|-heal|p1b: Annihilape|64/100|[from] drain|[of] p2b: Incineroar
|faint|p2b: Incineroar
|move|p1a: Gholdengo|Make It Rain|p2a: Garchomp
|-damage|p2a: Garchomp|0 fnt
|-unboost|p1a: Gholdengo|spa|1
|faint|p2a: Garchomp
|-damage|p1a: Gholdengo|17/100|[from] item: Life Orb
|
|win|Plastic Ocean
|raw|Plastic Ocean's rating: 1299 → 1322(+23 for winning)
|raw|SirVala's rating: 1265 → 1242(-23 for losing)
|l|☆Plastic Ocean
|player|p1|
