|j|☆gundnub
|j|☆audrith
|html|gundnubaudrith    
|uhtml|bestof|Game 2 of a best-of-3
|t:|1783294213
|gametype|doubles
|player|p1|gundnub|pokemonranger-gen4|
|player|p2|audrith|266|
|gen|9
|tier|[Gen 9 Champions] VGC 2026 Reg M-B (Bo3)
|rule|Species Clause: Limit one of each Pokémon
|rule|Item Clause: Limit 1 of each item
|clearpoke
|poke|p1|Arcanine, L50, M|
|poke|p1|Toxicroak, L50, M|
|poke|p1|Krookodile, L50, F|
|poke|p1|Pidgeot, L50, F|
|poke|p1|Floette-Eternal, L50, F|
|poke|p1|Rotom-Mow, L50|
|poke|p2|Floette-Eternal, L50, F|
|poke|p2|Chandelure, L50, M|
|poke|p2|Noivern, L50, F|
|poke|p2|Liepard, L50, M|
|poke|p2|Goodra-Hisui, L50, F|
|poke|p2|Skarmory, L50, F|
|teampreview|4
|showteam|p1|Arcanine||SitrusBerry|Intimidate|FlareBlitz,ExtremeSpeed,HelpingHand,Roar|Careful||M|||50|]Toxicroak||WhiteHerb|DrySkin|Protect,PoisonJab,CloseCombat,FakeOut|Adamant||M|||50|]Krookodile||PasshoBerry|Intimidate|Protect,Earthquake,LashOut,RockSlide|Adamant||F|||50|]Pidgeot||Pidgeotite|KeenEye|Protect,Hurricane,HeatWave,Tailwind|Timid||F|||50|]Floette-Eternal||LifeOrb|FlowerVeil|Protect,Moonblast,DazzlingGleam,LightofRuin|Timid||F|||50|]Rotom-Mow||ChoiceScarf|Levitate|Electroweb,VoltSwitch,LeafStorm,Trick|Timid|||||50|
|showteam|p2|Floette-Eternal||ChoiceScarf|FlowerVeil|DazzlingGleam,EnergyBall,LightofRuin,Psychic|Modest||F|||50|]Chandelure||Chandelurite|FlashFire|HeatWave,ShadowBall,TrickRoom,Protect|Serious||M|||50|]Noivern||WhiteHerb|Frisk|Tailwind,Taunt,SunnyDay,DracoMeteor|Timid||F|||50|]Liepard||SitrusBerry|Prankster|FakeOut,Encore,FoulPlay,FakeTears|Impish||M|||50|]Goodra-Hisui||LifeOrb|Gooey|ChillingWater,FlashCannon,DragonPulse,Protect|Modest||F|||50|]Skarmory||Skarmorite|KeenEye|BraveBird,IronHead,Tailwind,BodyPress|Impish||F|||50|
|inactive|Battle timer is ON: inactive players will automatically lose when time's up. (requested by gundnub)
|inactive|audrith has 60 seconds left.
|inactive|audrith has 30 seconds left.
|inactive|audrith has 20 seconds left.
|
|t:|1783294285
|teamsize|p1|4
|teamsize|p2|4
|start
|switch|p1a: Arcanine|Arcanine, L50, M|100/100
|switch|p1b: Pidgeot|Pidgeot, L50, F|100/100
|switch|p2a: Goodra|Goodra-Hisui, L50, F|100/100
|switch|p2b: Liepard|Liepard, L50, M|100/100
|-ability|p1a: Arcanine|Intimidate|boost
|-unboost|p2a: Goodra|atk|1
|-unboost|p2b: Liepard|atk|1
|turn|1
|inactive|gundnub has 30 seconds left.
|inactive|audrith has 30 seconds left.
|inactive|gundnub has 20 seconds left.
|inactive|audrith has 20 seconds left.
|inactive|gundnub has 15 seconds left.
|inactive|audrith has 15 seconds left.
|inactive|gundnub has 10 seconds left.
|inactive|audrith has 10 seconds left.
|inactive|gundnub has 5 seconds left.
|
|t:|1783294340
|move|p1b: Pidgeot|Protect|p1b: Pidgeot
|-singleturn|p1b: Pidgeot|Protect
|move|p2b: Liepard|Fake Out|p1a: Arcanine
|-damage|p1a: Arcanine|93/100
|cant|p1a: Arcanine|flinch
|move|p2a: Goodra|Dragon Pulse|p1a: Arcanine
|-damage|p1a: Arcanine|46/100
|-enditem|p1a: Arcanine|Sitrus Berry|[eat]
|-heal|p1a: Arcanine|70/100|[from] item: Sitrus Berry
|-damage|p2a: Goodra|90/100|[from] item: Life Orb
|
|upkeep
|turn|2
|inactive|gundnub has 30 seconds left.
|inactive|gundnub has 20 seconds left.
|
|t:|1783294375
|switch|p1b: Krookodile|Krookodile, L50, F|100/100
|-ability|p1b: Krookodile|Intimidate|boost
|-unboost|p2a: Goodra|atk|1
|-unboost|p2b: Liepard|atk|1
|switch|p2a: Chandelure|Chandelure, L50, M|100/100
|move|p2b: Liepard|Encore|p1b: Krookodile
|-hint|Since gen 7, Dark is immune to Prankster moves.
|-immune|p1b: Krookodile
|move|p1a: Arcanine|Flare Blitz|p2b: Liepard
|-damage|p2b: Liepard|28/100
|-enditem|p2b: Liepard|Sitrus Berry|[eat]
|-heal|p2b: Liepard|52/100|[from] item: Sitrus Berry
|-damage|p1a: Arcanine|49/100|[from] Recoil
|
|upkeep
|turn|3
|inactive|gundnub has 30 seconds left.
|inactive|audrith has 30 seconds left.
|inactive|gundnub has 20 seconds left.
|inactive|audrith has 20 seconds left.
|inactive|audrith has 15 seconds left.
|
|t:|1783294419
|switch|p1a: Pidgeot|Pidgeot, L50, F|100/100
|detailschange|p2a: Chandelure|Chandelure-Mega, L50, M
|-mega|p2a: Chandelure|Chandelure|Chandelurite
|move|p2b: Liepard|Foul Play|p1a: Pidgeot
|-damage|p1a: Pidgeot|70/100
|move|p1b: Krookodile|Earthquake|p2a: Chandelure|[spread] p2a,p2b
|-immune|p1a: Pidgeot
|-supereffective|p2a: Chandelure|1
|-damage|p2a: Chandelure|22/100
|-damage|p2b: Liepard|0 fnt
|faint|p2b: Liepard
|move|p2a: Chandelure|Heat Wave|p1a: Pidgeot|[spread] p1b
|-miss|p2a: Chandelure|p1a: Pidgeot
|-damage|p1b: Krookodile|36/100
|
|upkeep
|
|t:|1783294435
|switch|p2b: Floette|Floette-Eternal, L50, F|100/100
|turn|4
|
|t:|1783294443
|detailschange|p1a: Pidgeot|Pidgeot-Mega, L50, F
|-mega|p1a: Pidgeot|Pidgeot|Pidgeotite
|move|p2b: Floette|Dazzling Gleam|p1b: Krookodile|[spread] p1a,p1b
|-supereffective|p1b: Krookodile|1
|-damage|p1a: Pidgeot|34/100
|-damage|p1b: Krookodile|0 fnt
|faint|p1b: Krookodile
|move|p1a: Pidgeot|Tailwind|p1a: Pidgeot
|-sidestart|p1: gundnub|move: Tailwind
|move|p2a: Chandelure|Shadow Ball|p1a: Pidgeot
|-immune|p1a: Pidgeot
|
|upkeep
|
|t:|1783294450
|switch|p1b: Floette|Floette-Eternal, L50, F|100/100
|turn|5
|c|☆audrith|NO
|c|☆audrith|i forgor again
|c|☆audrith|aauur naauurr
|
|t:|1783294469
|move|p1a: Pidgeot|Hurricane|p2b: Floette
|-damage|p2b: Floette|52/100
|move|p1b: Floette|Dazzling Gleam|p2a: Chandelure|[spread] p2a,p2b
|-resisted|p2a: Chandelure|1
|-crit|p2a: Chandelure
|-damage|p2a: Chandelure|0 fnt
|-damage|p2b: Floette|15/100
|faint|p2a: Chandelure
|-damage|p1b: Floette|90/100|[from] item: Life Orb
|move|p2b: Floette|Dazzling Gleam|p1a: Pidgeot|[spread] p1a,p1b
|-damage|p1a: Pidgeot|0 fnt
|-damage|p1b: Floette|55/100
|faint|p1a: Pidgeot
|
|upkeep
|
|t:|1783294480
|switch|p1a: Arcanine|Arcanine, L50, M|49/100
|switch|p2a: Goodra|Goodra-Hisui, L50, F|90/100
|-ability|p1a: Arcanine|Intimidate|boost
|-unboost|p2a: Goodra|atk|1
|-unboost|p2b: Floette|atk|1
|turn|6
|inactive|gundnub has 30 seconds left.
|inactive|audrith has 30 seconds left.
|inactive|gundnub has 20 seconds left.
|
|t:|1783294517
|move|p1a: Arcanine|Helping Hand|p1b: Floette
|-singleturn|p1b: Floette|Helping Hand|[of] p1a: Arcanine
|move|p1b: Floette|Light of Ruin|p2a: Goodra
|-damage|p2a: Goodra|0 fnt
|faint|p2a: Goodra
|-damage|p1b: Floette|8/100|[from] Recoil
|-damage|p1b: Floette|0 fnt|[from] item: Life Orb
|faint|p1b: Floette
|move|p2b: Floette|Dazzling Gleam|p1a: Arcanine
|-resisted|p1a: Arcanine|1
|-damage|p1a: Arcanine|31/100
|
|upkeep
|turn|7
|c|☆audrith|plz crit plz crit
|c|☆audrith|ooo
|
|t:|1783294529
|move|p1a: Arcanine|Extreme Speed|p2b: Floette
|-damage|p2b: Floette|0 fnt
|faint|p2b: Floette
|
|win|gundnub
