|j|☆qazvfr
|j|☆homerj71
|html|qazvfrhomerj71    
|uhtml|bestof|Game 1 of a best-of-3
|t:|1784831175
|gametype|doubles
|player|p1|qazvfr|266|1110
|player|p2|homerj71|101|1172
|gen|9
|tier|[Gen 9 Champions] VGC 2026 Reg M-B (Bo3)
|rated|
|rule|Species Clause: Limit one of each Pokémon
|rule|Item Clause: Limit 1 of each item
|clearpoke
|poke|p1|Meganium, L50, F|
|poke|p1|Talonflame, L50, M|
|poke|p1|Archaludon, L50, F|
|poke|p1|Swampert, L50, F|
|poke|p1|Klefki, L50, F|
|poke|p1|Incineroar, L50, F|
|poke|p2|Sneasler, L50, F|
|poke|p2|Sinistcha, L50|
|poke|p2|Incineroar, L50, M|
|poke|p2|Kingambit, L50, M|
|poke|p2|Delphox, L50, F|
|poke|p2|Blastoise, L50, M|
|teampreview|4
|showteam|p1|Meganium||Meganiumite|Overgrow|SolarBeam,WeatherBall,AncientPower,Protect|Modest||F|||50|]Talonflame||LifeOrb|GaleWings|Tailwind,DualWingbeat,FlareBlitz,Protect|Jolly||M|||50|]Archaludon||Leftovers|Stamina|FlashCannon,ElectroShot,DragonPulse,Protect|Bold||F|||50|]Swampert||Swampertite|Damp|HighHorsepower,WaveCrash,IcePunch,Protect|Adamant||F|||50|]Klefki||MentalHerb|Prankster|RainDance,LightScreen,Reflect,SteelBeam|Bold||F|||50|]Incineroar||SitrusBerry|Intimidate|HelpingHand,ThroatChop,FakeOut,PartingShot|Adamant||F|||50|
|showteam|p2|Sneasler||FocusSash|PoisonTouch|FakeOut,QuickGuard,DireClaw,CloseCombat|Jolly||F|||50|]Sinistcha||OccaBerry|Hospitality|Protect,RagePowder,MatchaGotcha,TrickRoom|Relaxed|||||50|]Incineroar||SitrusBerry|Intimidate|FakeOut,FlareBlitz,ThroatChop,PartingShot|Careful||M|||50|]Kingambit||BlackGlasses|Defiant|KowtowCleave,SwordsDance,SuckerPunch,Protect|Adamant||M|||50|]Delphox||Delphoxite|Blaze|Protect,NastyPlot,HeatWave,Psyshock|Timid||F|||50|]Blastoise||Blastoisinite|RainDish|WaterSpout,DarkPulse,Protect,ShellSmash|Modest||M|||50|
|inactive|Battle timer is ON: inactive players will automatically lose when time's up. (requested by homerj71)
|inactive|qazvfr has 60 seconds left.
|inactive|homerj71 has 60 seconds left.
|
|t:|1784831231
|teamsize|p1|4
|teamsize|p2|4
|start
|switch|p1a: Meganium|Meganium, L50, F|100/100
|switch|p1b: Talonflame|Talonflame, L50, M|100/100
|switch|p2a: Blastoise|Blastoise, L50, M|100/100
|switch|p2b: Incineroar|Incineroar, L50, M|100/100
|-ability|p2b: Incineroar|Intimidate|boost
|-unboost|p1a: Meganium|atk|1
|-unboost|p1b: Talonflame|atk|1
|turn|1
|
|t:|1784831252
|switch|p2a: Sneasler|Sneasler, L50, F|100/100
|detailschange|p1a: Meganium|Meganium-Mega, L50, F
|-mega|p1a: Meganium|Meganium|Meganiumite
|move|p2b: Incineroar|Fake Out|p1b: Talonflame
|-damage|p1b: Talonflame|84/100
|cant|p1b: Talonflame|flinch
|move|p1a: Meganium|Solar Beam||[still]
|-prepare|p1a: Meganium|Solar Beam
|-activate|p1a: Meganium|ability: Mega Sol
|-anim|p1a: Meganium|Solar Beam|p2a: Sneasler
|-resisted|p2a: Sneasler|1
|-damage|p2a: Sneasler|54/100
|
|upkeep
|turn|2
|inactive|qazvfr has 30 seconds left.
|inactive|homerj71 has 30 seconds left.
|
|t:|1784831281
|switch|p2b: Sinistcha|Sinistcha, L50|100/100
|-heal|p2a: Sneasler|78/100|[from] ability: Hospitality|[of] p2b: Sinistcha
|move|p2a: Sneasler|Fake Out|p1b: Talonflame
|-damage|p1b: Talonflame|62/100
|cant|p1b: Talonflame|flinch
|move|p1a: Meganium|Ancient Power|p2b: Sinistcha
|-damage|p2b: Sinistcha|77/100
|-boost|p1a: Meganium|atk|1
|-boost|p1a: Meganium|def|1
|-boost|p1a: Meganium|spa|1
|-boost|p1a: Meganium|spd|1
|-boost|p1a: Meganium|spe|1
|
|upkeep
|turn|3
|
|t:|1784831299
|move|p2b: Sinistcha|Rage Powder|p2b: Sinistcha
|-singleturn|p2b: Sinistcha|move: Rage Powder
|move|p1b: Talonflame|Dual Wingbeat|p2b: Sinistcha
|-supereffective|p2b: Sinistcha|1
|-damage|p2b: Sinistcha|50/100g
|-supereffective|p2b: Sinistcha|1
|-damage|p2b: Sinistcha|27/100
|-hitcount|p2b: Sinistcha|2
|-damage|p1b: Talonflame|52/100|[from] item: Life Orb
|move|p2a: Sneasler|Dire Claw|p1b: Talonflame
|-crit|p1b: Talonflame
|-damage|p1b: Talonflame|0 fnt
|faint|p1b: Talonflame
|move|p1a: Meganium|Weather Ball|p2b: Sinistcha
|-supereffective|p2b: Sinistcha|1
|-enditem|p2b: Sinistcha|Occa Berry|[eat]
|-enditem|p2b: Sinistcha|Occa Berry|[weaken]
|-damage|p2b: Sinistcha|0 fnt
|faint|p2b: Sinistcha
|
|upkeep
|
|t:|1784831313
|switch|p1b: Incineroar|Incineroar, L50, F|100/100
|switch|p2b: Blastoise|Blastoise, L50, M|100/100
|-ability|p1b: Incineroar|Intimidate|boost
|-unboost|p2a: Sneasler|atk|1
|-unboost|p2b: Blastoise|atk|1
|turn|4
|
|t:|1784831329
|detailschange|p2b: Blastoise|Blastoise-Mega, L50, M
|-mega|p2b: Blastoise|Blastoise|Blastoisinite
|move|p2b: Blastoise|Protect|p2b: Blastoise
|-singleturn|p2b: Blastoise|Protect
|move|p1b: Incineroar|Fake Out|p2a: Sneasler
|-damage|p2a: Sneasler|54/100
|cant|p2a: Sneasler|flinch
|move|p1a: Meganium|Solar Beam||[still]
|-prepare|p1a: Meganium|Solar Beam
|-activate|p1a: Meganium|ability: Mega Sol
|-anim|p1a: Meganium|Solar Beam|p2b: Blastoise
|-activate|p2b: Blastoise|move: Protect
|
|upkeep
|turn|5
|
|t:|1784831347
|move|p2a: Sneasler|Dire Claw|p1a: Meganium
|-supereffective|p1a: Meganium|2
|-damage|p1a: Meganium|30/100
|move|p1a: Meganium|Solar Beam||[still]
|-prepare|p1a: Meganium|Solar Beam
|-activate|p1a: Meganium|ability: Mega Sol
|-anim|p1a: Meganium|Solar Beam|p2b: Blastoise
|-supereffective|p2b: Blastoise|1
|-damage|p2b: Blastoise|0 fnt
|faint|p2b: Blastoise
|move|p1b: Incineroar|Parting Shot|p2a: Sneasler
|-unboost|p2a: Sneasler|atk|1
|-unboost|p2a: Sneasler|spa|1
|-message|homerj71 forfeited.
|
|win|qazvfr
