|j|☆lofiandchil
|j|☆chamoy-pt2
|html|lofiandchilchamoy-pt2    
|uhtml|bestof|Game 2 of a best-of-3
|t:|1756491231
|gametype|doubles
|player|p1|lofiandchil|iris|1169
|player|p2|chamoy-pt2|riley|1110
|gen|9
|tier|[Gen 9] VGC 2025 Reg H (Bo3)
|rated|
|rule|Species Clause: Limit one of each Pokémon
|rule|Item Clause: Limit 1 of each item
|clearpoke
|poke|p1|Sneasler, L50, F|
|poke|p1|Baxcalibur, L50, M|
|poke|p1|Rillaboom, L50, M|
|poke|p1|Basculegion, L50, M|
|poke|p1|Volcarona, L50, M|
|poke|p1|Kingambit, L50, M|
|poke|p2|Incineroar, L50, M|
|poke|p2|Dragapult, L50, M|
|poke|p2|Whimsicott, L50, M|
|poke|p2|Typhlosion-Hisui, L50, M|
|poke|p2|Annihilape, L50, M|
|poke|p2|Indeedee, L50, M|
|teampreview|4
|showteam|p1|Sneasler||FocusSash|Unburden|CloseCombat,DireClaw,Coaching,FakeOut|||F|||50|,,,,,Stellar]Baxcalibur||LoadedDice|ThermalExchange|IcicleSpear,ScaleShot,IceShard,Protect|||M|||50|,,,,,Ghost]Rillaboom||MiracleSeed|GrassySurge|WoodHammer,GrassyGlide,Taunt,FakeOut|||M|||50|,,,,,Fire]Basculegion||ChoiceScarf|Adaptability|WaveCrash,FlipTurn,LastRespects,TeraBlast|||M|||50|,,,,,Fairy]Volcarona||CovertCloak|FlameBody|HeatWave,TeraBlast,QuiverDance,Protect|||M|||50|,,,,,Fairy]Kingambit||AssaultVest|Defiant|KowtowCleave,SuckerPunch,IronHead,LowKick|||M|||50|,,,,,Ghost
|showteam|p2|Incineroar||SafetyGoggles|Intimidate|FakeOut,PartingShot,KnockOff,FlareBlitz|||M|||50|,,,,,Water]Dragapult||ChoiceBand|ClearBody|DragonDarts,PhantomForce,SuckerPunch,Uturn|||M|||50|,,,,,Dragon]Whimsicott||CovertCloak|Prankster|Tailwind,Moonblast,SunnyDay,BeatUp|||M|||50|,,,,,Water]Typhlosion-Hisui||ChoiceSpecs|Blaze|Eruption,HeatWave,ShadowBall,Overheat|||M|||50|,,,,,Fire]Annihilape||SitrusBerry|Defiant|RageFist,DrainPunch,BulkUp,Protect|||M|||50|,,,,,Fire]Indeedee||FocusSash|PsychicSurge|ExpandingForce,HyperVoice,Imprison,Protect|||M|||50|,,,,,Psychic
|
|t:|1756491264
|teamsize|p1|4
|teamsize|p2|4
|start
|switch|p1a: Volcarona|Volcarona, L50, M|100/100
|switch|p1b: Rillaboom|Rillaboom, L50, M|100/100
|switch|p2a: Whimsicott|Whimsicott, L50, M|100/100
|switch|p2b: Typhlosion|Typhlosion-Hisui, L50, M|100/100
|-fieldstart|move: Grassy Terrain|[from] ability: Grassy Surge|[of] p1b: Rillaboom
|turn|1
|
|t:|1756491289
|-terastallize|p1b: Rillaboom|Fire
|move|p1a: Volcarona|Protect|p1a: Volcarona
|-singleturn|p1a: Volcarona|Protect
|move|p2a: Whimsicott|Sunny Day|p2a: Whimsicott
|-weather|SunnyDay
|move|p2b: Typhlosion|Heat Wave|p1b: Rillaboom|[spread] p1b
|-activate|p1a: Volcarona|move: Protect
|-resisted|p1b: Rillaboom
|-damage|p1b: Rillaboom|56/100
|move|p1b: Rillaboom|Taunt|p2a: Whimsicott
|-start|p2a: Whimsicott|move: Taunt
|
|-weather|SunnyDay|[upkeep]
|-heal|p1b: Rillaboom|62/100|[from] Grassy Terrain
|upkeep
|turn|2
|
|t:|1756491346
|switch|p2a: Incineroar|Incineroar, L50, M|100/100
|-ability|p2a: Incineroar|Intimidate|boost
|-unboost|p1a: Volcarona|atk|1
|-unboost|p1b: Rillaboom|atk|1
|move|p1b: Rillaboom|Grassy Glide|p2b: Typhlosion
|-resisted|p2b: Typhlosion
|-damage|p2b: Typhlosion|79/100
|move|p2b: Typhlosion|Heat Wave|p1b: Rillaboom|[spread] p1b
|-miss|p2b: Typhlosion|p1a: Volcarona
|-resisted|p1b: Rillaboom
|-damage|p1b: Rillaboom|18/100
|move|p1a: Volcarona|Quiver Dance|p1a: Volcarona
|-boost|p1a: Volcarona|spa|1
|-boost|p1a: Volcarona|spd|1
|-boost|p1a: Volcarona|spe|1
|
|-weather|SunnyDay|[upkeep]
|-heal|p2b: Typhlosion|85/100|[from] Grassy Terrain
|-heal|p1b: Rillaboom|24/100|[from] Grassy Terrain
|upkeep
|turn|3
|
|t:|1756491396
|switch|p2a: Whimsicott|Whimsicott, L50, M|100/100
|move|p1a: Volcarona|Quiver Dance|p1a: Volcarona
|-boost|p1a: Volcarona|spa|1
|-boost|p1a: Volcarona|spd|1
|-boost|p1a: Volcarona|spe|1
|move|p2b: Typhlosion|Heat Wave|p1b: Rillaboom|[spread] p1a,p1b
|-resisted|p1b: Rillaboom
|-damage|p1a: Volcarona|61/100
|-damage|p1b: Rillaboom|0 fnt
|faint|p1b: Rillaboom
|
|-weather|SunnyDay|[upkeep]
|-heal|p1a: Volcarona|67/100|[from] Grassy Terrain
|-heal|p2b: Typhlosion|91/100|[from] Grassy Terrain
|upkeep
|
|t:|1756491415
|switch|p1b: Baxcalibur|Baxcalibur, L50, M|100/100
|turn|4
|
|t:|1756491442
|move|p2a: Whimsicott|Tailwind|p2a: Whimsicott
|-sidestart|p2: chamoy-pt2|move: Tailwind
|move|p1b: Baxcalibur|Ice Shard|p2a: Whimsicott
|-supereffective|p2a: Whimsicott
|-damage|p2a: Whimsicott|47/100
|move|p2b: Typhlosion|Heat Wave|p1b: Baxcalibur|[spread] p1a,p1b
|-damage|p1a: Volcarona|33/100
|-damage|p1b: Baxcalibur|20/100
|-ability|p1b: Baxcalibur|Thermal Exchange|boost
|-boost|p1b: Baxcalibur|atk|1
|move|p1a: Volcarona|Heat Wave|p2a: Whimsicott|[spread] p2a,p2b
|-supereffective|p2a: Whimsicott
|-resisted|p2b: Typhlosion
|-damage|p2a: Whimsicott|0 fnt
|-damage|p2b: Typhlosion|28/100
|faint|p2a: Whimsicott
|
|-weather|SunnyDay|[upkeep]
|-heal|p1a: Volcarona|39/100|[from] Grassy Terrain
|-heal|p2b: Typhlosion|34/100|[from] Grassy Terrain
|-heal|p1b: Baxcalibur|27/100|[from] Grassy Terrain
|upkeep
|
|t:|1756491453
|switch|p2a: Incineroar|Incineroar, L50, M|100/100
|-ability|p2a: Incineroar|Intimidate|boost
|-unboost|p1a: Volcarona|atk|1
|-unboost|p1b: Baxcalibur|atk|1
|turn|5
|
|t:|1756491480
|move|p1a: Volcarona|Protect|p1a: Volcarona
|-singleturn|p1a: Volcarona|Protect
|move|p1b: Baxcalibur|Protect|p1b: Baxcalibur
|-singleturn|p1b: Baxcalibur|Protect
|move|p2b: Typhlosion|Heat Wave|p1a: Volcarona|[spread] 
|-activate|p1a: Volcarona|move: Protect
|-activate|p1b: Baxcalibur|move: Protect
|move|p2a: Incineroar|Flare Blitz|p1a: Volcarona
|-activate|p1a: Volcarona|move: Protect
|
|-weather|none
|-heal|p2b: Typhlosion|40/100|[from] Grassy Terrain
|-heal|p1a: Volcarona|45/100|[from] Grassy Terrain
|-heal|p1b: Baxcalibur|33/100|[from] Grassy Terrain
|-fieldend|move: Grassy Terrain
|upkeep
|turn|6
|
|t:|1756491517
|move|p2b: Typhlosion|Heat Wave|p1b: Baxcalibur|[spread] p1a,p1b
|-damage|p1a: Volcarona|23/100
|-damage|p1b: Baxcalibur|0 fnt
|faint|p1b: Baxcalibur
|move|p1a: Volcarona|Heat Wave|p2b: Typhlosion|[spread] p2a,p2b
|-resisted|p2a: Incineroar
|-resisted|p2b: Typhlosion
|-damage|p2a: Incineroar|71/100
|-damage|p2b: Typhlosion|0 fnt
|faint|p2b: Typhlosion
|move|p2a: Incineroar|Flare Blitz|p1a: Volcarona
|-damage|p1a: Volcarona|0 fnt
|faint|p1a: Volcarona
|-damage|p2a: Incineroar|64/100|[from] Recoil
|
|upkeep
|
|t:|1756491528
|switch|p2b: Annihilape|Annihilape, L50, M|100/100
|switch|p1a: Sneasler|Sneasler, L50, F|100/100
|turn|7
|-message|lofiandchil forfeited.
|
|win|chamoy-pt2
||chamoy-pt2 is ready for game 3.
