|j|â˜†SunshineTufo
|j|â˜†tooon
|html|SunshineTufotooon    
|uhtml|bestof|Game 1 of a best-of-3
|t:|1784227430
|gametype|doubles
|player|p1|SunshineTufo|li|1177
|player|p2|tooon|gambler|1169
|gen|9
|tier|[Gen 9 Champions] VGC 2026 Reg M-B (Bo3)
|rated|
|rule|Species Clause: Limit one of each PokÃ©mon
|rule|Item Clause: Limit 1 of each item
|clearpoke
|poke|p1|Charizard, L50, M, shiny|
|poke|p1|Incineroar, L50, M, shiny|
|poke|p1|Sylveon, L50, M, shiny|
|poke|p1|Aerodactyl, L50, M, shiny|
|poke|p1|Garchomp, L50, M, shiny|
|poke|p1|Farigiraf, L50, M, shiny|
|poke|p2|Tyranitar, L50, F|
|poke|p2|Excadrill, L50, M|
|poke|p2|Staraptor, L50, M|
|poke|p2|Sinistcha, L50|
|poke|p2|Milotic, L50, M|
|poke|p2|Gholdengo, L50|
|teampreview|4
|showteam|p1|Charizard||CharizarditeY|SolarPower|HeatWave,WeatherBall,SolarBeam,Protect|Modest||M|||50|]Incineroar||Charcoal|Intimidate|FlareBlitz,DarkestLariat,PartingShot,FakeOut|Brave||M|||50|]Sylveon||FairyFeather|Pixilate|HyperVoice,QuickAttack,HyperBeam,Detect|Modest||M|||50|]Aerodactyl||Aerodactylite|Unnerve|WideGuard,RockSlide,DualWingbeat,Tailwind|Jolly||M|||50|]Garchomp||LifeOrb|RoughSkin|Protect,RockSlide,DragonClaw,Earthquake|Adamant||M|||50|]Farigiraf||SitrusBerry|ArmorTail|SunnyDay,PsychicFangs,Thunderbolt,TrickRoom|Relaxed||M|||50|
|showteam|p2|Tyranitar||Tyranitarite|SandStream|RockSlide,KnockOff,HighHorsepower,Protect|Jolly||F|||50|]Excadrill||FocusSash|SandRush|IronHead,HighHorsepower,RockSlide,Protect|Jolly||M|||50|]Staraptor||Staraptite|Intimidate|CloseCombat,BraveBird,Tailwind,Protect|Jolly||M|||50|]Sinistcha||ColburBerry|Hospitality|MatchaGotcha,ShadowBall,RagePowder,Protect|Bold|||||50|]Milotic||SitrusBerry|Competitive|Scald,IcyWind,Haze,Protect|Calm||M|||50|]Gholdengo||LifeOrb|GoodasGold|MakeItRain,ShadowBall,NastyPlot,Protect|Modest|||||50|
|inactive|Battle timer is ON: inactive players will automatically lose when time's up. (requested by SunshineTufo)
|inactive|tooon has 60 seconds left.
|inactive|tooon has 30 seconds left.
|inactive|tooon has 20 seconds left.
|inactive|tooon has 15 seconds left.
|inactive|tooon has 10 seconds left.
|
|t:|1784227513
|teamsize|p1|4
|teamsize|p2|4
|start
|switch|p1a: Garchomp|Garchomp, L50, M, shiny|100/100
|switch|p1b: Charizard|Charizard, L50, M, shiny|100/100
|switch|p2a: Milotic|Milotic, L50, M|100/100
|switch|p2b: Gholdengo|Gholdengo, L50|100/100
|turn|1
|
|t:|1784227524
|switch|p2b: Staraptor|Staraptor, L50, M|100/100
|-ability|p2b: Staraptor|Intimidate|boost
|-unboost|p1a: Garchomp|atk|1
|-unboost|p1b: Charizard|atk|1
|move|p1a: Garchomp|Protect|p1a: Garchomp
|-singleturn|p1a: Garchomp|Protect
|move|p1b: Charizard|Protect|p1b: Charizard
|-singleturn|p1b: Charizard|Protect
|move|p2a: Milotic|Icy Wind|p1a: Garchomp|[spread] 
|-activate|p1a: Garchomp|move: Protect
|-activate|p1b: Charizard|move: Protect
|
|upkeep
|turn|2
|inactive|tooon has 30 seconds left.
|
|t:|1784227559
|detailschange|p2b: Staraptor|Staraptor-Mega, L50, M
|-mega|p2b: Staraptor|Staraptor|Staraptite
|detailschange|p1b: Charizard|Charizard-Mega-Y, L50, M, shiny
|-mega|p1b: Charizard|Charizard|Charizardite Y
|-weather|SunnyDay|[from] ability: Drought|[of] p1b: Charizard
|move|p2b: Staraptor|Close Combat|p1a: Garchomp
|-damage|p1a: Garchomp|52/100
|-boost|p2b: Staraptor|def|1
|-boost|p2b: Staraptor|spd|1
|-damage|p2b: Staraptor|87/100|[from] ability: Rough Skin|[of] p1a: Garchomp
|move|p1a: Garchomp|Rock Slide|p2b: Staraptor|[spread] p2a,p2b
|-damage|p2a: Milotic|84/100
|-damage|p2b: Staraptor|77/100
|-damage|p1a: Garchomp|43/100|[from] item: Life Orb
|move|p1b: Charizard|Heat Wave|p2b: Staraptor|[spread] p2a,p2b
|-resisted|p2a: Milotic|1
|-damage|p2a: Milotic|62/100
|-damage|p2b: Staraptor|32/100
|-status|p2b: Staraptor|brn
|cant|p2a: Milotic|flinch
|
|-weather|SunnyDay|[upkeep]
|-damage|p2b: Staraptor|26/100 brn|[from] brn
|upkeep
|turn|3
|c|â˜†SunshineTufo|sorry
|c|â˜†tooon|xD
|inactive|tooon has 30 seconds left.
|
|t:|1784227590
|switch|p2b: Tyranitar|Tyranitar, L50, F|100/100
|-weather|Sandstorm|[from] ability: Sand Stream|[of] p2b: Tyranitar
|switch|p1a: Sylveon|Sylveon, L50, M, shiny|100/100
|move|p1b: Charizard|Solar Beam||[still]
|-prepare|p1b: Charizard|Solar Beam
|move|p2a: Milotic|Icy Wind|p1b: Charizard|[spread] p1a,p1b
|-damage|p1a: Sylveon|91/100
|-damage|p1b: Charizard|90/100
|-unboost|p1a: Sylveon|spe|1
|-unboost|p1b: Charizard|spe|1
|
|-weather|Sandstorm|[upkeep]
|-damage|p2a: Milotic|56/100|[from] Sandstorm
|-damage|p1b: Charizard|84/100|[from] Sandstorm
|-damage|p1a: Sylveon|85/100|[from] Sandstorm
|upkeep
|turn|4
|c|â˜†SunshineTufo|i really meaning
|
|t:|1784227614
|move|p2b: Tyranitar|Rock Slide|p1b: Charizard|[spread] p1a,p1b
|-supereffective|p1b: Charizard|2
|-damage|p1a: Sylveon|53/100
|-damage|p1b: Charizard|0 fnt
|faint|p1b: Charizard
|move|p2a: Milotic|Scald|p1a: Sylveon
|-damage|p1a: Sylveon|29/100
|move|p1a: Sylveon|Hyper Voice|p2a: Milotic|[spread] p2a,p2b
|-supereffective|p2b: Tyranitar|1
|-damage|p2a: Milotic|24/100
|-damage|p2b: Tyranitar|36/100
|-enditem|p2a: Milotic|Sitrus Berry|[eat]
|-heal|p2a: Milotic|49/100|[from] item: Sitrus Berry
|
|-weather|Sandstorm|[upkeep]
|-damage|p2a: Milotic|43/100|[from] Sandstorm
|-damage|p1a: Sylveon|23/100|[from] Sandstorm
|upkeep
|
|t:|1784227617
|switch|p1b: Garchomp|Garchomp, L50, M, shiny|43/100
|turn|5
|
|t:|1784227634
|switch|p2b: Staraptor|Staraptor-Mega, L50, M|26/100 brn
|move|p1a: Sylveon|Detect|p1a: Sylveon
|-singleturn|p1a: Sylveon|Protect
|move|p1b: Garchomp|Earthquake|p2a: Milotic|[spread] p2a
|-activate|p1a: Sylveon|move: Protect
|-immune|p2b: Staraptor
|-damage|p2a: Milotic|0 fnt
|faint|p2a: Milotic
|-damage|p1b: Garchomp|33/100|[from] item: Life Orb
|
|-weather|Sandstorm|[upkeep]
|-damage|p2b: Staraptor|21/100 brn|[from] Sandstorm
|-damage|p1a: Sylveon|18/100|[from] Sandstorm
|-damage|p2b: Staraptor|15/100 brn|[from] brn
|upkeep
|
|t:|1784227645
|switch|p2a: Tyranitar|Tyranitar, L50, F|36/100
|turn|6
|
|t:|1784227656
|move|p1a: Sylveon|Quick Attack|p2b: Staraptor
|-supereffective|p2b: Staraptor|1
|-damage|p2b: Staraptor|0 fnt
|faint|p2b: Staraptor
|move|p1b: Garchomp|Dragon Claw|p2a: Tyranitar
|-damage|p2a: Tyranitar|0 fnt
|faint|p2a: Tyranitar
|-damage|p1b: Garchomp|24/100|[from] item: Life Orb
|
|-weather|Sandstorm|[upkeep]
|-damage|p1a: Sylveon|12/100|[from] Sandstorm
|upkeep
|
|t:|1784227660
|switch|p2b: Gholdengo|Gholdengo, L50|100/100
|turn|7
|
|t:|1784227665
|switch|p1a: Farigiraf|Farigiraf, L50, M, shiny|100/100
|move|p1b: Garchomp|Earthquake|p2b: Gholdengo|[spread] p1a,p2b
|-supereffective|p2b: Gholdengo|1
|-damage|p1a: Farigiraf|61/100
|-damage|p2b: Gholdengo|17/100
|-damage|p1b: Garchomp|14/100|[from] item: Life Orb
|move|p2b: Gholdengo|Make It Rain|p1b: Garchomp|[spread] p1a,p1b
|-damage|p1a: Farigiraf|12/100
|-damage|p1b: Garchomp|0 fnt
|-unboost|p2b: Gholdengo|spa|2
|-enditem|p1a: Farigiraf|Sitrus Berry|[eat]
|-heal|p1a: Farigiraf|37/100|[from] item: Sitrus Berry
|faint|p1b: Garchomp
|-damage|p2b: Gholdengo|7/100|[from] item: Life Orb
|
|-weather|none
|upkeep
|
|t:|1784227669
|switch|p1b: Sylveon|Sylveon, L50, M, shiny|12/100
|turn|8
|
|t:|1784227675
|move|p1b: Sylveon|Quick Attack|p2b: Gholdengo
|-resisted|p2b: Gholdengo|1
|-damage|p2b: Gholdengo|2/100
|move|p2b: Gholdengo|Make It Rain|p1b: Sylveon|[spread] p1a,p1b
|-supereffective|p1b: Sylveon|1
|-damage|p1a: Farigiraf|12/100
|-damage|p1b: Sylveon|0 fnt
|-unboost|p2b: Gholdengo|spa|2
|faint|p1b: Sylveon
|-damage|p2b: Gholdengo|0 fnt|[from] item: Life Orb
|faint|p2b: Gholdengo
|
|win|SunshineTufo
||SunshineTufo is ready for game 2.
||tooon is ready for game 2.
|uhtml|next|Next: Game 2 of 3
|l|â˜†SunshineTufo
|player|p1|
