|j|‽Chewe_60111
|j|☆KodeBeast0526
|html|Chewe_60111KodeBeast0526    
|uhtml|bestof|Game 2 of a best-of-3
|t:|1783399639
|gametype|doubles
|player|p1|Chewe_60111|266|1116
|player|p2|KodeBeast0526|sailor|1224
|gen|9
|tier|[Gen 9 Champions] VGC 2026 Reg M-B (Bo3)
|rated|
|rule|Species Clause: Limit one of each Pokémon
|rule|Item Clause: Limit 1 of each item
|clearpoke
|poke|p1|Volcarona, L50, M|
|poke|p1|Charizard, L50, F|
|poke|p1|Kingambit, L50, M|
|poke|p1|Sneasler, L50, M|
|poke|p1|Kangaskhan, L50, F|
|poke|p1|Sinistcha-Masterpiece, L50|
|poke|p2|Gengar, L50, M, shiny|
|poke|p2|Swampert, L50, M, shiny|
|poke|p2|Incineroar, L50, M, shiny|
|poke|p2|Politoed, L50, M, shiny|
|poke|p2|Archaludon, L50, F|
|poke|p2|Vivillon-Ocean, L50, M|
|teampreview|4
|showteam|p1|Volcarona||SitrusBerry|FlameBody|QuiverDance,MorningSun,FieryDance,StruggleBug|Bold||M|||50|]Charizard||CharizarditeY|Blaze|HeatWave,WeatherBall,SolarBeam,Protect|Timid||F|||50|]Kingambit||BlackGlasses|Defiant|KowtowCleave,SuckerPunch,SwordsDance,Protect|Adamant||M|||50|]Sneasler||FocusSash|PoisonTouch|FakeOut,PoisonJab,CloseCombat,Coaching|Jolly||M|||50|]Kangaskhan||Kangaskhanite|Scrappy|FakeOut,DoubleEdge,DrainPunch,IcePunch|Adamant||F|||50|]Sinistcha-Masterpiece||Leftovers|Hospitality|MatchaGotcha,TrickRoom,RagePowder,Protect|Bold|||||50|
|showteam|p2|Gengar||Gengarite|CursedBody|ShadowBall,PerishSong,SludgeBomb,Protect|Timid||M|||50|]Swampert||Swampertite|Torrent|WaveCrash,Earthquake,IcePunch,Protect|Adamant||M|||50|]Incineroar||PasshoBerry|Intimidate|ThroatChop,PartingShot,FakeOut,Protect|Sassy||M|||50|]Politoed||SitrusBerry|Drizzle|WeatherBall,PerishSong,Encore,Protect|Calm||M|||50|]Archaludon||Leftovers|Stamina|DragonPulse,FlashCannon,ElectroShot,Protect|Bold||F|||50|]Vivillon-Ocean||FocusSash|CompoundEyes|Hurricane,SleepPowder,RagePowder,Protect|Timid||M|||50|
|inactive|Battle timer is ON: inactive players will automatically lose when time's up. (requested by Chewe_60111)
|j| weird perish thing
|inactive|Chewe_60111 has 60 seconds left.
|inactive|KodeBeast0526 has 60 seconds left.
|inactive|KodeBeast0526 has 30 seconds left.
|inactive|KodeBeast0526 has 20 seconds left.
|inactive|KodeBeast0526 has 15 seconds left.
|inactive|KodeBeast0526 has 10 seconds left.
|inactive|KodeBeast0526 has 5 seconds left.
|
|t:|1783399733
|teamsize|p1|4
|teamsize|p2|4
|start
|switch|p1a: Kingambit|Kingambit, L50, M|100/100
|switch|p1b: Charizard|Charizard, L50, F|100/100
|switch|p2a: Gengar|Gengar, L50, M, shiny|100/100
|switch|p2b: Swampert|Swampert, L50, M, shiny|100/100
|turn|1
|inactive|Chewe_60111 has 30 seconds left.
|inactive|KodeBeast0526 has 30 seconds left.
|inactive|Chewe_60111 has 20 seconds left.
|inactive|KodeBeast0526 has 20 seconds left.
|inactive|Chewe_60111 has 15 seconds left.
|inactive|Chewe_60111 has 10 seconds left.
|
|t:|1783399781
|detailschange|p1b: Charizard|Charizard-Mega-Y, L50, F
|-mega|p1b: Charizard|Charizard|Charizardite Y
|-weather|SunnyDay|[from] ability: Drought|[of] p1b: Charizard
|detailschange|p2a: Gengar|Gengar-Mega, L50, M, shiny
|-mega|p2a: Gengar|Gengar|Gengarite
|move|p2a: Gengar|Protect|p2a: Gengar
|-singleturn|p2a: Gengar|Protect
|move|p1b: Charizard|Heat Wave|p2a: Gengar|[spread] 
|-activate|p2a: Gengar|move: Protect
|-miss|p1b: Charizard|p2b: Swampert
|move|p2b: Swampert|Wave Crash|p1b: Charizard
|-supereffective|p1b: Charizard|1
|-damage|p1b: Charizard|28/100
|-damage|p2b: Swampert|78/100|[from] Recoil
|move|p1a: Kingambit|Swords Dance|p1a: Kingambit
|-boost|p1a: Kingambit|atk|2
|
|-weather|SunnyDay|[upkeep]
|upkeep
|turn|2
|j| dracule039
|inactive|Chewe_60111 has 30 seconds left.
|inactive|KodeBeast0526 has 30 seconds left.
|inactive|KodeBeast0526 has 20 seconds left.
|inactive|KodeBeast0526 has 15 seconds left.
|inactive|KodeBeast0526 has 10 seconds left.
|
|t:|1783399829
|switch|p2a: Politoed|Politoed, L50, M, shiny|100/100
|-weather|RainDance|[from] ability: Drizzle|[of] p2a: Politoed
|move|p1b: Charizard|Protect|p1b: Charizard
|-singleturn|p1b: Charizard|Protect
|move|p2b: Swampert|Wave Crash|p1b: Charizard
|-activate|p1b: Charizard|move: Protect
|move|p1a: Kingambit|Kowtow Cleave|p2a: Politoed
|-damage|p2a: Politoed|1/100
|-enditem|p2a: Politoed|Sitrus Berry|[eat]
|-heal|p2a: Politoed|26/100|[from] item: Sitrus Berry
|
|-weather|RainDance|[upkeep]
|upkeep
|turn|3
|inactive|Chewe_60111 has 30 seconds left.
|inactive|KodeBeast0526 has 30 seconds left.
|
|t:|1783399860
|switch|p1b: Kangaskhan|Kangaskhan, L50, F|100/100
|move|p2b: Swampert|Earthquake|p1a: Kingambit|[spread] p2a,p1a,p1b
|-supereffective|p1a: Kingambit|1
|-damage|p2a: Politoed|0 fnt
|-damage|p1a: Kingambit|42/100
|-damage|p1b: Kangaskhan|64/100
|faint|p2a: Politoed
|move|p1a: Kingambit|Kowtow Cleave|p2b: Swampert
|-damage|p2b: Swampert|0 fnt
|faint|p2b: Swampert
|
|-weather|RainDance|[upkeep]
|upkeep
|
|t:|1783399870
|switch|p2b: Gengar|Gengar-Mega, L50, M, shiny|100/100
|switch|p2a: Incineroar|Incineroar, L50, M, shiny|100/100
|-ability|p2a: Incineroar|Intimidate|boost
|-unboost|p1a: Kingambit|atk|1
|-ability|p1a: Kingambit|Defiant|boost
|-boost|p1a: Kingambit|atk|2
|-fail|p1b: Kangaskhan|unboost|Attack|[from] ability: Scrappy|[of] p1b: Kangaskhan
|turn|4
|inactive|Chewe_60111 has 30 seconds left.
|inactive|Chewe_60111 has 20 seconds left.
|
|t:|1783399909
|move|p2b: Gengar|Shadow Ball|p1a: Kingambit
|-resisted|p1a: Kingambit|1
|-damage|p1a: Kingambit|24/100
|-unboost|p1a: Kingambit|spd|1
|-ability|p1a: Kingambit|Defiant|boost
|-boost|p1a: Kingambit|atk|2
|move|p1b: Kangaskhan|Double-Edge|p2b: Gengar
|-crit|p2b: Gengar
|-damage|p2b: Gengar|13/100
|-damage|p1b: Kangaskhan|40/100|[from] Recoil
|move|p2a: Incineroar|Throat Chop|p1a: Kingambit
|-resisted|p1a: Kingambit|1
|-damage|p1a: Kingambit|14/100
|-start|p1a: Kingambit|Throat Chop|[silent]
|move|p1a: Kingambit|Kowtow Cleave|p2b: Gengar
|-supereffective|p2b: Gengar|1
|-damage|p2b: Gengar|0 fnt
|faint|p2b: Gengar
|
|-weather|RainDance|[upkeep]
|upkeep
|turn|5
|inactive|Chewe_60111 has 30 seconds left.
|inactive|Chewe_60111 has 20 seconds left.
|inactive|Chewe_60111 has 15 seconds left.
|
|t:|1783399951
|switch|p1b: Sinistcha|Sinistcha-Masterpiece, L50|100/100
|-heal|p1a: Kingambit|38/100|[from] ability: Hospitality|[of] p1b: Sinistcha
|move|p1a: Kingambit|Protect|p1a: Kingambit
|-singleturn|p1a: Kingambit|Protect
|move|p2a: Incineroar|Throat Chop|p1a: Kingambit
|-activate|p1a: Kingambit|move: Protect
|
|-weather|RainDance|[upkeep]
|-end|p1a: Kingambit|Throat Chop|[silent]
|upkeep
|turn|6
|inactive|Chewe_60111 has 30 seconds left.
|
|t:|1783399981
|move|p1b: Sinistcha|Rage Powder|p1b: Sinistcha
|-singleturn|p1b: Sinistcha|move: Rage Powder
|move|p2a: Incineroar|Throat Chop|p1b: Sinistcha
|-supereffective|p1b: Sinistcha|1
|-damage|p1b: Sinistcha|49/100
|-start|p1b: Sinistcha|Throat Chop|[silent]
|move|p1a: Kingambit|Kowtow Cleave|p2a: Incineroar
|-resisted|p2a: Incineroar|1
|-damage|p2a: Incineroar|21/100
|
|-weather|none
|-heal|p1b: Sinistcha|55/100|[from] item: Leftovers
|upkeep
|turn|7
|
|t:|1783399995
|move|p1a: Kingambit|Sucker Punch|p2a: Incineroar
|-resisted|p2a: Incineroar|1
|-damage|p2a: Incineroar|0 fnt
|faint|p2a: Incineroar
|
|win|Chewe_60111
||KodeBeast0526 is ready for game 3.
|inactive|Chewe_60111 has 30 seconds to confirm battle start!
||Chewe_60111 is ready for game 3.
|uhtml|next|Next: Game 3 of 3
|l| dracule039
|l| weird perish thing
