|j|☆nicven
|j|☆grimgarrr
|html|nicvengrimgarrr    
|uhtml|bestof|Game 3 of a best-of-3
|t:|1783878970
|gametype|doubles
|player|p1|nicven|ghetsis|1203
|player|p2|grimgarrr|pryce|1190
|gen|9
|tier|[Gen 9 Champions] VGC 2026 Reg M-B (Bo3)
|rated|
|rule|Species Clause: Limit one of each Pokémon
|rule|Item Clause: Limit 1 of each item
|clearpoke
|poke|p1|Ninetales-Alola, L50, M|
|poke|p1|Farigiraf, L50, M|
|poke|p1|Incineroar, L50, F|
|poke|p1|Mawile, L50, F|
|poke|p1|Basculegion, L50, M|
|poke|p1|Drampa, L50, M|
|poke|p2|Scovillain, L50, F|
|poke|p2|Sableye, L50, M|
|poke|p2|Archaludon, L50, M|
|poke|p2|Pelipper, L50, M|
|poke|p2|Gholdengo, L50|
|poke|p2|Floette-Eternal, L50, F|
|teampreview|4
|showteam|p1|Ninetales-Alola||FocusSash|SnowWarning|Blizzard,FreezeDry,AuroraVeil,Protect|Timid||M|||50|]Farigiraf||ColburBerry|ArmorTail|TrickRoom,HelpingHand,Psychic,Protect|Quiet||M|||50|]Incineroar||Charcoal|Intimidate|FlareBlitz,ThroatChop,PartingShot,FakeOut|Adamant||F|||50|]Mawile||Mawilite|HyperCutter|PlayRough,RockSlide,SuckerPunch,Protect|Adamant||F|||50|]Basculegion||SitrusBerry|Adaptability|WaveCrash,AquaJet,LastRespects,Protect|Adamant||M|||50|]Drampa||Drampanite|CloudNine|EarthPower,HyperVoice,DragonPulse,Protect|Quiet||M|||50|
|showteam|p2|Scovillain||Scovillainite|Moody|LeechSeed,Protect,GigaDrain,RagePowder|Calm||F|||50|]Sableye||MentalHerb|Prankster|Reflect,LightScreen,WillOWisp,Protect|Relaxed||M|||50|]Archaludon||Leftovers|Stamina|ElectroShot,DracoMeteor,FlashCannon,Protect|Modest||M|||50|]Pelipper|||Drizzle|WeatherBall,Hurricane,WideGuard,Tailwind|Modest||M|||50|]Gholdengo||LifeOrb|GoodasGold|MakeItRain,ShadowBall,NastyPlot,Protect|Timid|||||50|]Floette-Eternal||Floettite|FlowerVeil|DrainingKiss,CalmMind,Protect,DazzlingGleam|Timid||F|||50|
|
|t:|1783879018
|teamsize|p1|4
|teamsize|p2|4
|start
|switch|p1a: Farigiraf|Farigiraf, L50, M|100/100
|switch|p1b: Incineroar|Incineroar, L50, F|100/100
|switch|p2a: Archaludon|Archaludon, L50, M|100/100
|switch|p2b: Pelipper|Pelipper, L50, M|100/100
|-weather|RainDance|[from] ability: Drizzle|[of] p2b: Pelipper
|-ability|p1b: Incineroar|Intimidate|boost
|-unboost|p2a: Archaludon|atk|1
|-unboost|p2b: Pelipper|atk|1
|turn|1
|
|t:|1783879060
|switch|p1a: Ninetales|Ninetales-Alola, L50, M|100/100
|-weather|Snowscape|[from] ability: Snow Warning|[of] p1a: Ninetales
|move|p2a: Archaludon|Flash Cannon|p1a: Ninetales
|-supereffective|p1a: Ninetales|2
|-enditem|p1a: Ninetales|Focus Sash
|-damage|p1a: Ninetales|1/100
|-unboost|p1a: Ninetales|spd|1
|move|p2b: Pelipper|Weather Ball|p1b: Incineroar
|-resisted|p1b: Incineroar|1
|-damage|p1b: Incineroar|85/100
|move|p1b: Incineroar|Flare Blitz|p2a: Archaludon
|-damage|p2a: Archaludon|46/100
|-ability|p2a: Archaludon|Stamina|boost
|-boost|p2a: Archaludon|def|1
|-damage|p1b: Incineroar|68/100|[from] Recoil
|
|-weather|Snowscape|[upkeep]
|-heal|p2a: Archaludon|52/100|[from] item: Leftovers
|upkeep
|turn|2
|
|t:|1783879116
|move|p2a: Archaludon|Protect|p2a: Archaludon
|-singleturn|p2a: Archaludon|Protect
|move|p1a: Ninetales|Freeze-Dry|p2b: Pelipper
|-supereffective|p2b: Pelipper|2
|-damage|p2b: Pelipper|0 fnt
|faint|p2b: Pelipper
|move|p1b: Incineroar|Flare Blitz|p2a: Archaludon
|-activate|p2a: Archaludon|move: Protect
|
|-weather|Snowscape|[upkeep]
|-heal|p2a: Archaludon|58/100|[from] item: Leftovers
|upkeep
|
|t:|1783879138
|switch|p2b: Floette|Floette-Eternal, L50, F|100/100
|turn|3
|
|t:|1783879177
|detailschange|p2b: Floette|Floette-Mega, L50, F
|-mega|p2b: Floette|Floette|Floettite
|-ability|p2b: Floette|Fairy Aura
|move|p1a: Ninetales|Aurora Veil|p1a: Ninetales
|-sidestart|p1: nicven|move: Aurora Veil
|move|p2b: Floette|Dazzling Gleam|p1a: Ninetales|[spread] p1a,p1b
|-damage|p1a: Ninetales|0 fnt
|-damage|p1b: Incineroar|39/100
|faint|p1a: Ninetales
|move|p2a: Archaludon|Draco Meteor|p1b: Incineroar
|-damage|p1b: Incineroar|0 fnt
|-unboost|p2a: Archaludon|spa|2
|faint|p1b: Incineroar
|
|-weather|Snowscape|[upkeep]
|-heal|p2a: Archaludon|64/100|[from] item: Leftovers
|upkeep
|
|t:|1783879186
|switch|p1a: Farigiraf|Farigiraf, L50, M|100/100
|switch|p1b: Drampa|Drampa, L50, M|100/100
|-ability|p1b: Drampa|Cloud Nine
|turn|4
|
|t:|1783879212
|switch|p2a: Gholdengo|Gholdengo, L50|100/100
|detailschange|p1b: Drampa|Drampa-Mega, L50, M
|-mega|p1b: Drampa|Drampa|Drampanite
|move|p2b: Floette|Dazzling Gleam|p1b: Drampa|[spread] p1a,p1b
|-supereffective|p1b: Drampa|1
|-damage|p1a: Farigiraf|74/100
|-damage|p1b: Drampa|45/100
|-ability|p1b: Drampa|Berserk|boost
|-boost|p1b: Drampa|spa|1
|move|p1b: Drampa|Earth Power|p2a: Gholdengo
|-supereffective|p2a: Gholdengo|1
|-damage|p2a: Gholdengo|0 fnt
|faint|p2a: Gholdengo
|move|p1a: Farigiraf|Trick Room|p1a: Farigiraf
|-fieldstart|move: Trick Room|[of] p1a: Farigiraf
|
|-weather|Snowscape|[upkeep]
|upkeep
|
|t:|1783879226
|switch|p2a: Archaludon|Archaludon, L50, M|64/100
|turn|5
|
|t:|1783879239
|move|p1b: Drampa|Protect|p1b: Drampa
|-singleturn|p1b: Drampa|Protect
|move|p1a: Farigiraf|Psychic|p2b: Floette
|-damage|p2b: Floette|68/100
|-unboost|p2b: Floette|spd|1
|move|p2a: Archaludon|Draco Meteor|p1b: Drampa
|-activate|p1b: Drampa|move: Protect
|move|p2b: Floette|Dazzling Gleam|p1b: Drampa|[spread] p1a
|-activate|p1b: Drampa|move: Protect
|-damage|p1a: Farigiraf|46/100
|
|-weather|none
|-heal|p2a: Archaludon|70/100|[from] item: Leftovers
|upkeep
|turn|6
|
|t:|1783879271
|move|p1a: Farigiraf|Helping Hand|p1b: Drampa
|-singleturn|p1b: Drampa|Helping Hand|[of] p1a: Farigiraf
|move|p2a: Archaludon|Protect|p2a: Archaludon
|-singleturn|p2a: Archaludon|Protect
|move|p1b: Drampa|Hyper Voice|p2b: Floette|[spread] p2b
|-activate|p2a: Archaludon|move: Protect
|-damage|p2b: Floette|0 fnt
|faint|p2b: Floette
|
|-heal|p2a: Archaludon|76/100|[from] item: Leftovers
|upkeep
|turn|7
|
|t:|1783879284
|move|p1a: Farigiraf|Helping Hand|p1b: Drampa
|-singleturn|p1b: Drampa|Helping Hand|[of] p1a: Farigiraf
|move|p1b: Drampa|Earth Power|p2a: Archaludon
|-supereffective|p2a: Archaludon|1
|-damage|p2a: Archaludon|0 fnt
|faint|p2a: Archaludon
|
|win|nicven
|raw|nicven's rating: 1203 → 1227(+24 for winning)
|raw|grimgarrr's rating: 1190 → 1166(-24 for losing)
|l|☆grimgarrr
|player|p2|
