|j|☆kiroMSC
|j|☆BlackStag52
|html|kiroMSCBlackStag52    
|uhtml|bestof|Game 1 of a best-of-3
|t:|1782187605
|gametype|doubles
|player|p1|kiroMSC|265|1072
|player|p2|BlackStag52|lebanne|1075
|gen|9
|tier|[Gen 9 Champions] VGC 2026 Reg M-B (Bo3)
|rated|
|rule|Species Clause: Limit one of each Pokémon
|rule|Item Clause: Limit 1 of each item
|clearpoke
|poke|p1|Metagross, L50, shiny|
|poke|p1|Whimsicott, L50, M|
|poke|p1|Swampert, L50, M|
|poke|p1|Politoed, L50, M, shiny|
|poke|p1|Sneasler, L50, M|
|poke|p1|Rotom-Wash, L50|
|poke|p2|Garchomp, L50, F|
|poke|p2|Eelektross, L50, M|
|poke|p2|Sinistcha, L50|
|poke|p2|Primarina, L50, M|
|poke|p2|Vivillon-High Plains, L50, F|
|poke|p2|Sneasler, L50, F|
|teampreview|4
|showteam|p1|Metagross||Metagrossite|ClearBody|PsychicFangs,RockSlide,IronHead,Protect|Jolly|||||50|]Whimsicott||FocusSash|Prankster|Moonblast,Tailwind,Encore,Protect|Timid||M|||50|]Swampert||Swampertite|Torrent|Waterfall,RockSlide,PoisonJab,Protect|Jolly||M|||50|]Politoed||DampRock|Drizzle|IcyWind,MuddyWater,HelpingHand,Protect|Calm||M|||50|]Sneasler||WhiteHerb|Unburden|FakeOut,PoisonJab,CloseCombat,Protect|Jolly||M|||50|]Rotom-Wash||ExpertBelt|Levitate|Electroweb,HydroPump,WillOWisp,Protect|Modest|||||50|
|showteam|p2|Garchomp||LifeOrb|RoughSkin|DragonClaw,Earthquake,Protect,RockSlide|Impish||F|||50|]Eelektross||Eelektrossite|Levitate|GrassKnot,Thunderbolt,Protect,Flamethrower|Modest||M|||50|]Sinistcha||KasibBerry|Hospitality|MatchaGotcha,RagePowder,TrickRoom,LifeDew|Bold|||||50|]Primarina||FairyFeather|LiquidVoice|DazzlingGleam,EnergyBall,HyperVoice,Protect|Modest||M|||50|]Vivillon-High Plains||FocusSash|FriendGuard|Tailwind,AirSlash,PollenPuff,Protect|Timid||F|||50|]Sneasler||WhiteHerb|Unburden|FakeOut,CloseCombat,DireClaw,Protect|Adamant||F|||50|
|inactive|Battle timer is ON: inactive players will automatically lose when time's up. (requested by BlackStag52)
|
|t:|1782187660
|teamsize|p1|4
|teamsize|p2|4
|start
|switch|p1a: Sneasler|Sneasler, L50, M|100/100
|switch|p1b: Whimsicott|Whimsicott, L50, M|100/100
|switch|p2a: Eelektross|Eelektross, L50, M|100/100
|switch|p2b: Garchomp|Garchomp, L50, F|100/100
|turn|1
|
|t:|1782187687
|detailschange|p2a: Eelektross|Eelektross-Mega, L50, M
|-mega|p2a: Eelektross|Eelektross|Eelektrossite
|move|p1a: Sneasler|Fake Out|p2b: Garchomp
|-damage|p2b: Garchomp|90/100
|-damage|p1a: Sneasler|87/100|[from] ability: Rough Skin|[of] p2b: Garchomp
|move|p1b: Whimsicott|Moonblast|p2b: Garchomp
|-supereffective|p2b: Garchomp|1
|-damage|p2b: Garchomp|11/100
|-unboost|p2b: Garchomp|spa|1
|cant|p2b: Garchomp|flinch
|move|p2a: Eelektross|Flamethrower|p1b: Whimsicott
|-supereffective|p1b: Whimsicott|1
|-damage|p1b: Whimsicott|3/100
|
|upkeep
|turn|2
|inactive|BlackStag52 has 30 seconds left.
|
|t:|1782187717
|switch|p2b: Vivillon|Vivillon-High Plains, L50, F|100/100
|move|p1a: Sneasler|Close Combat|p2a: Eelektross
|-damage|p2a: Eelektross|47/100
|-unboost|p1a: Sneasler|def|1
|-unboost|p1a: Sneasler|spd|1
|-enditem|p1a: Sneasler|White Herb
|-clearnegativeboost|p1a: Sneasler|[silent]
|move|p1b: Whimsicott|Moonblast|p2b: Vivillon
|-damage|p2b: Vivillon|33/100
|move|p2a: Eelektross|Thunderbolt|p1a: Sneasler
|-damage|p1a: Sneasler|29/100
|
|upkeep
|turn|3
|
|t:|1782187737
|move|p1b: Whimsicott|Tailwind|p1b: Whimsicott
|-sidestart|p1: kiroMSC|move: Tailwind
|move|p1a: Sneasler|Poison Jab|p2a: Eelektross
|-damage|p2a: Eelektross|13/100
|move|p2b: Vivillon|Tailwind|p2b: Vivillon
|-sidestart|p2: BlackStag52|move: Tailwind
|move|p2a: Eelektross|Thunderbolt|p1a: Sneasler
|-damage|p1a: Sneasler|0 fnt
|faint|p1a: Sneasler
|-ability|p2a: Eelektross|Eelevate|boost
|-boost|p2a: Eelektross|spa|1
|
|upkeep
|
|t:|1782187745
|switch|p1a: Swampert|Swampert, L50, M|100/100
|turn|4
|
|t:|1782187759
|move|p1b: Whimsicott|Moonblast|p2b: Vivillon
|-damage|p2b: Vivillon|0 fnt
|faint|p2b: Vivillon
|move|p1a: Swampert|Rock Slide|p2a: Eelektross
|-damage|p2a: Eelektross|0 fnt
|faint|p2a: Eelektross
|
|upkeep
|
|t:|1782187766
|switch|p2b: Garchomp|Garchomp, L50, F|11/100
|switch|p2a: Sneasler|Sneasler, L50, F|100/100
|turn|5
|
|t:|1782187782
|move|p1a: Swampert|Protect|p1a: Swampert
|-singleturn|p1a: Swampert|Protect
|move|p2a: Sneasler|Fake Out|p1b: Whimsicott
|-damage|p1b: Whimsicott|0 fnt
|faint|p1b: Whimsicott
|move|p2b: Garchomp|Dragon Claw|p1a: Swampert
|-activate|p1a: Swampert|move: Protect
|
|upkeep
|
|t:|1782187790
|switch|p1b: Politoed|Politoed, L50, M, shiny|100/100
|-weather|RainDance|[from] ability: Drizzle|[of] p1b: Politoed
|turn|6
|
|t:|1782187802
|detailschange|p1a: Swampert|Swampert-Mega, L50, M
|-mega|p1a: Swampert|Swampert|Swampertite
|move|p2b: Garchomp|Protect|p2b: Garchomp
|-singleturn|p2b: Garchomp|Protect
|move|p1a: Swampert|Waterfall|p2a: Sneasler
|-damage|p2a: Sneasler|0 fnt
|faint|p2a: Sneasler
|move|p1b: Politoed|Icy Wind|p2b: Garchomp
|-activate|p2b: Garchomp|move: Protect
|
|-weather|RainDance|[upkeep]
|-sideend|p2: BlackStag52|move: Tailwind
|-sideend|p1: kiroMSC|move: Tailwind
|upkeep
|turn|7
|-message|BlackStag52 forfeited.
|
|win|kiroMSC
