|j|☆zpoogi
|j|☆MoodyMukVGC
|html|zpoogiMoodyMukVGC    
|uhtml|bestof|Game 1 of a best-of-3
|t:|1757702466
|gametype|doubles
|player|p1|zpoogi|az|1156
|player|p2|MoodyMukVGC|bugsy|1240
|gen|9
|tier|[Gen 9] VGC 2025 Reg H (Bo3)
|rated|
|rule|Species Clause: Limit one of each Pokémon
|rule|Item Clause: Limit 1 of each item
|clearpoke
|poke|p1|Chesnaught, L50, M|
|poke|p1|Indeedee, L50, M|
|poke|p1|Sneasler, L50, F|
|poke|p1|Jumpluff, L50, M|
|poke|p1|Charizard, L50, M|
|poke|p1|Torkoal, L50, M|
|poke|p2|Ursaluna, L50, M|
|poke|p2|Jumpluff, L50, M|
|poke|p2|Charizard, L50, M|
|poke|p2|Torkoal, L50, M|
|poke|p2|Incineroar, L50, M|
|poke|p2|Porygon2, L50|
|teampreview|4
|showteam|p1|Chesnaught||PsychicSeed|Bulletproof|BulkUp,KnockOff,BodyPress,Synthesis|||M|||50|,,,,,Dragon]Indeedee||ChoiceScarf|PsychicSurge|ExpandingForce,TeraBlast,Trick,Protect|||M|||50|,,,,,Psychic]Sneasler||WhiteHerb|Unburden|CloseCombat,DireClaw,FakeOut,Coaching|||F|||50|,,,,,Stellar]Jumpluff||CovertCloak|Chlorophyll|Tailwind,SleepPowder,RagePowder,SunnyDay|||M|||50|,,,,,Ghost]Charizard||ChoiceSpecs|SolarPower|WeatherBall,HeatWave,DragonPulse,AirSlash|||M|||50|,,,,,Ghost]Torkoal||EjectPack|Drought|Overheat,HelpingHand,WeatherBall,Protect|||M|||50|,,,,,Fire
|showteam|p2|Ursaluna||FlameOrb|Guts|HeadlongRush,Facade,Earthquake,Protect|||M|||50|,,,,,Ghost]Jumpluff||CovertCloak|Chlorophyll|SleepPowder,SunnyDay,Tailwind,RagePowder|||M|||50|,,,,,Water]Charizard||ChoiceSpecs|SolarPower|AirSlash,HeatWave,Overheat,WeatherBall|||M|||50|,,,,,Ghost]Torkoal||EjectPack|Drought|ClearSmog,Eruption,Overheat,Protect|||M|||50|,,,,,Fire]Incineroar||SafetyGoggles|Intimidate|FakeOut,FlareBlitz,KnockOff,PartingShot|||M|||50|,,,,,Ghost]Porygon2||Eviolite|Download|TeraBlast,IceBeam,Recover,TrickRoom||||||50|,,,,,Fighting
|
|t:|1757702492
|teamsize|p1|4
|teamsize|p2|4
|start
|switch|p1a: Chesnaught|Chesnaught, L50, M|100/100
|switch|p1b: Indeedee|Indeedee, L50, M|100/100
|switch|p2a: Jumpluff|Jumpluff, L50, M, shiny|100/100
|switch|p2b: Incineroar|Incineroar, L50, M, shiny|100/100
|-fieldstart|move: Psychic Terrain|[from] ability: Psychic Surge|[of] p1b: Indeedee
|-enditem|p1a: Chesnaught|Psychic Seed
|-boost|p1a: Chesnaught|spd|1|[from] item: Psychic Seed
|-ability|p2b: Incineroar|Intimidate|boost
|-unboost|p1a: Chesnaught|atk|1
|-unboost|p1b: Indeedee|atk|1
|turn|1
|inactive|Battle timer is ON: inactive players will automatically lose when time's up. (requested by zpoogi)
|
|t:|1757702512
|switch|p1b: Jumpluff|Jumpluff, L50, M|100/100
|move|p2a: Jumpluff|Sleep Powder|p1b: Jumpluff
|-immune|p1b: Jumpluff
|move|p2b: Incineroar|Parting Shot|p1a: Chesnaught
|-unboost|p1a: Chesnaught|atk|1
|-unboost|p1a: Chesnaught|spa|1
|
|t:|1757702519
|switch|p2b: Charizard|Charizard, L50, M, shiny|100/100|[from] Parting Shot
|move|p1a: Chesnaught|Bulk Up|p1a: Chesnaught
|-boost|p1a: Chesnaught|atk|1
|-boost|p1a: Chesnaught|def|1
|
|upkeep
|turn|2
|
|t:|1757702533
|-terastallize|p1a: Chesnaught|Dragon
|move|p1b: Jumpluff|Sleep Powder|p2b: Charizard|[miss]
|-miss|p1b: Jumpluff|p2b: Charizard
|move|p2a: Jumpluff|Sleep Powder|p1a: Chesnaught
|-status|p1a: Chesnaught|slp|[from] move: Sleep Powder
|move|p2b: Charizard|Heat Wave|p1a: Chesnaught|[spread] p1a,p1b
|-resisted|p1a: Chesnaught
|-supereffective|p1b: Jumpluff
|-damage|p1a: Chesnaught|82/100 slp
|-damage|p1b: Jumpluff|0 fnt
|faint|p1b: Jumpluff
|cant|p1a: Chesnaught|slp
|
|upkeep
|
|t:|1757702540
|switch|p1b: Indeedee|Indeedee, L50, M|100/100
|turn|3
|
|t:|1757702547
|switch|p2b: Torkoal|Torkoal, L50, M, shiny|100/100
|-weather|SunnyDay|[from] ability: Drought|[of] p2b: Torkoal
|move|p2a: Jumpluff|Sleep Powder|p1b: Indeedee|[miss]
|-miss|p2a: Jumpluff|p1b: Indeedee
|move|p1b: Indeedee|Expanding Force|p2a: Jumpluff|[spread] p2a,p2b
|-crit|p2a: Jumpluff
|-damage|p2a: Jumpluff|0 fnt
|-damage|p2b: Torkoal|19/100
|faint|p2a: Jumpluff
|-curestatus|p1a: Chesnaught|slp|[msg]
|move|p1a: Chesnaught|Knock Off|p2b: Torkoal
|-damage|p2b: Torkoal|4/100
|-enditem|p2b: Torkoal|Eject Pack|[from] move: Knock Off|[of] p1a: Chesnaught
|
|-weather|SunnyDay|[upkeep]
|upkeep
|c|☆MoodyMukVGC|nice
|
|t:|1757702561
|switch|p2a: Charizard|Charizard, L50, M, shiny|100/100
|turn|4
|
|t:|1757702580
|switch|p2b: Incineroar|Incineroar, L50, M, shiny|100/100
|-ability|p2b: Incineroar|Intimidate|boost
|-unboost|p1a: Chesnaught|atk|1
|-unboost|p1b: Indeedee|atk|1
|move|p1b: Indeedee|Expanding Force|p2b: Incineroar|[spread] p2a
|-immune|p2b: Incineroar
|-damage|p2a: Charizard|22/100
|move|p2a: Charizard|Heat Wave|p1a: Chesnaught|[spread] p1a,p1b
|-resisted|p1a: Chesnaught
|-damage|p1a: Chesnaught|44/100
|-damage|p1b: Indeedee|0 fnt
|faint|p1b: Indeedee
|move|p1a: Chesnaught|Knock Off|p2a: Charizard
|-damage|p2a: Charizard|0 fnt
|-enditem|p2a: Charizard|Choice Specs|[from] move: Knock Off|[of] p1a: Chesnaught
|faint|p2a: Charizard
|
|-weather|SunnyDay|[upkeep]
|upkeep
|
|t:|1757702592
|switch|p2a: Torkoal|Torkoal, L50, M, shiny|4/100
|switch|p1b: Sneasler|Sneasler, L50, F|100/100
|turn|5
|-message|MoodyMukVGC forfeited.
|
|win|zpoogi
|l|☆MoodyMukVGC
|player|p2|
||MoodyMukVGC is ready for game 2.
|inactive|zpoogi has 30 seconds to confirm battle start!
||zpoogi is ready for game 2.
|uhtml|next|Next: Game 2 of 3
|j|☆MoodyMukVGC
|player|p2|MoodyMukVGC|bugsy|
