|j|☆ZacianBot
|j|☆jonan_97
|html|ZacianBotjonan_97    
|uhtml|bestof|Game 2 of a best-of-3
|t:|1785234157
|gametype|doubles
|player|p1|ZacianBot|koga|1079
|player|p2|jonan_97|ninjaboy|1107
|gen|9
|tier|[Gen 9 Champions] VGC 2026 Reg M-B (Bo3)
|rated|
|rule|Species Clause: Limit one of each Pokémon
|rule|Item Clause: Limit 1 of each item
|clearpoke
|poke|p1|Charizard, L50, M|
|poke|p1|Farigiraf, L50, F|
|poke|p1|Hydreigon, L50, M|
|poke|p1|Mawile, L50, F|
|poke|p1|Whimsicott, L50, M|
|poke|p1|Annihilape, L50, F|
|poke|p2|Staraptor, L50, M|
|poke|p2|Delphox, L50, F|
|poke|p2|Whimsicott, L50, M|
|poke|p2|Kingambit, L50, M|
|poke|p2|Garchomp, L50, M|
|poke|p2|Glimmora, L50, M|
|teampreview|4
|showteam|p1|Charizard||CharizarditeY|Blaze|Protect,HeatWave,SolarBeam,WeatherBall|Modest||M|||50|]Farigiraf||SitrusBerry|ArmorTail|TwinBeam,Thunderbolt,HelpingHand,TrickRoom|Relaxed||F|||50|]Hydreigon||ChoiceScarf|Levitate|DarkPulse,Snarl,DracoMeteor,Uturn|Modest||M|||50|]Mawile||Mawilite|Intimidate|Protect,IronHead,SuckerPunch,PlayRough|Brave||F|||50|]Whimsicott||FocusSash|Prankster|Protect,Moonblast,Tailwind,Encore|Timid||M|||50|]Annihilape||LifeOrb|Defiant|Protect,CloseCombat,PhantomForce,Coaching|Jolly||F|||50|
|showteam|p2|Staraptor||Staraptite|Intimidate|CloseCombat,DualWingbeat,Roost,Protect|Jolly||M|||50|]Delphox||Delphoxite|Blaze|Psychic,Protect,Encore,HeatWave|Timid||F|||50|]Whimsicott||OccaBerry|Prankster|Tailwind,Moonblast,Charm,LightScreen|Timid||M|||50|]Kingambit||ChopleBerry|Defiant|KowtowCleave,IronHead,LowKick,SuckerPunch|Adamant||M|||50|]Garchomp||ChoiceScarf|RoughSkin|Earthquake,StompingTantrum,StoneEdge,DragonClaw|Adamant||M|||50|]Glimmora||FocusSash|ToxicDebris|PowerGem,SludgeBomb,EarthPower,SpikyShield|Modest||M|||50|
|inactive|Battle timer is ON: inactive players will automatically lose when time's up. (requested by ZacianBot)
|inactive|jonan_97 has 60 seconds left.
|
|t:|1785234196
|teamsize|p1|4
|teamsize|p2|4
|start
|switch|p1a: Farigiraf|Farigiraf, L50, F|100/100
|switch|p1b: Mawile|Mawile, L50, F|100/100
|switch|p2a: Kingambit|Kingambit, L50, M|100/100
|switch|p2b: Delphox|Delphox, L50, F|100/100
|-ability|p1b: Mawile|Intimidate|boost
|-unboost|p2a: Kingambit|atk|1
|-ability|p2a: Kingambit|Defiant|boost
|-boost|p2a: Kingambit|atk|2
|-unboost|p2b: Delphox|atk|1
|turn|1
|inactive|ZacianBot has 30 seconds left.
|
|t:|1785234231
|switch|p1a: Whimsicott|Whimsicott, L50, M|100/100
|detailschange|p2b: Delphox|Delphox-Mega, L50, F
|-mega|p2b: Delphox|Delphox|Delphoxite
|detailschange|p1b: Mawile|Mawile-Mega, L50, F
|-mega|p1b: Mawile|Mawile|Mawilite
|move|p1b: Mawile|Sucker Punch|p2b: Delphox
|-supereffective|p2b: Delphox|1
|-damage|p2b: Delphox|0 fnt
|faint|p2b: Delphox
|move|p2a: Kingambit|Kowtow Cleave|p1a: Whimsicott
|-resisted|p1a: Whimsicott|1
|-damage|p1a: Whimsicott|47/100
|
|upkeep
|
|t:|1785234243
|switch|p2b: Glimmora|Glimmora, L50, M|100/100
|turn|2
|
|t:|1785234256
|move|p1a: Whimsicott|Moonblast|p2a: Kingambit
|-damage|p2a: Kingambit|67/100
|move|p2b: Glimmora|Earth Power|p1b: Mawile
|-supereffective|p1b: Mawile|1
|-damage|p1b: Mawile|19/100
|move|p2a: Kingambit|Iron Head|p1a: Whimsicott
|-supereffective|p1a: Whimsicott|1
|-damage|p1a: Whimsicott|0 fnt
|faint|p1a: Whimsicott
|move|p1b: Mawile|Play Rough|p2a: Kingambit
|-damage|p2a: Kingambit|1/100
|
|upkeep
|
|t:|1785234281
|switch|p1a: Farigiraf|Farigiraf, L50, F|100/100
|turn|3
|inactive|jonan_97 has 30 seconds left.
|
|t:|1785234314
|move|p1b: Mawile|Sucker Punch|p2b: Glimmora
|-damage|p2b: Glimmora|40/100
|-activate|p2b: Glimmora|ability: Toxic Debris
|-sidestart|p1: ZacianBot|move: Toxic Spikes
|move|p2b: Glimmora|Earth Power|p1b: Mawile
|-supereffective|p1b: Mawile|1
|-damage|p1b: Mawile|0 fnt
|faint|p1b: Mawile
|move|p1a: Farigiraf|Thunderbolt|p2a: Kingambit
|-damage|p2a: Kingambit|0 fnt
|faint|p2a: Kingambit
|
|upkeep
|
|t:|1785234325
|switch|p2a: Whimsicott|Whimsicott, L50, M|100/100
|switch|p1b: Annihilape|Annihilape, L50, F|100/100
|-status|p1b: Annihilape|psn
|turn|4
|inactive|ZacianBot has 30 seconds left.
|inactive|ZacianBot has 20 seconds left.
|
|t:|1785234364
|move|p2a: Whimsicott|Moonblast|p1b: Annihilape
|-supereffective|p1b: Annihilape|1
|-damage|p1b: Annihilape|42/100 psn
|move|p1b: Annihilape|Phantom Force||[still]
|-prepare|p1b: Annihilape|Phantom Force
|move|p2b: Glimmora|Earth Power|p1b: Annihilape|[miss]
|-miss|p2b: Glimmora|p1b: Annihilape
|move|p1a: Farigiraf|Twin Beam|p2a: Whimsicott
|-damage|p2a: Whimsicott|77/100
|-damage|p2a: Whimsicott|55/100
|-hitcount|p2a: Whimsicott|2
|
|-damage|p1b: Annihilape|30/100 psn|[from] psn
|upkeep
|turn|5
|inactive|jonan_97 has 30 seconds left.
|inactive|jonan_97 has 20 seconds left.
|
|t:|1785234400
|move|p2b: Glimmora|Spiky Shield|p2b: Glimmora
|-singleturn|p2b: Glimmora|move: Protect
|move|p2a: Whimsicott|Tailwind|p2a: Whimsicott
|-sidestart|p2: jonan_97|move: Tailwind
|move|p1b: Annihilape|Phantom Force|p2b: Glimmora|[from] lockedmove
|-activate|p2b: Glimmora|move: Phantom Force|[broken]
|-damage|p2b: Glimmora|0 fnt
|-activate|p2b: Glimmora|ability: Toxic Debris
|-sidestart|p1: ZacianBot|move: Toxic Spikes
|faint|p2b: Glimmora
|-damage|p1b: Annihilape|20/100y psn|[from] item: Life Orb
|move|p1a: Farigiraf|Trick Room|p1a: Farigiraf
|-fieldstart|move: Trick Room|[of] p1a: Farigiraf
|
|-damage|p1b: Annihilape|8/100 psn|[from] psn
|upkeep
|turn|6
|
|t:|1785234419
|move|p1a: Farigiraf|Twin Beam|p2a: Whimsicott
|-damage|p2a: Whimsicott|32/100
|-damage|p2a: Whimsicott|11/100
|-hitcount|p2a: Whimsicott|2
|move|p1b: Annihilape|Close Combat|p2a: Whimsicott
|-resisted|p2a: Whimsicott|1
|-damage|p2a: Whimsicott|0 fnt
|-unboost|p1b: Annihilape|def|1
|-unboost|p1b: Annihilape|spd|1
|faint|p2a: Whimsicott
|-damage|p1b: Annihilape|0 fnt|[from] item: Life Orb
|faint|p1b: Annihilape
|
|win|ZacianBot
|raw|ZacianBot's rating: 1079 → 1109(+30 for winning)
|raw|jonan_97's rating: 1107 → 1080(-27 for losing)
|l|☆jonan_97
|player|p2|
