|j|☆GiovanniMuciaccia
|j|☆enrico20022002
|html|GiovanniMuciacciaenrico20022002    
|uhtml|bestof|Game 2 of a best-of-3
|t:|1756732127
|gametype|doubles
|player|p1|GiovanniMuciaccia|265|1230
|player|p2|enrico20022002|101|1166
|gen|9
|tier|[Gen 9] VGC 2025 Reg H (Bo3)
|rated|
|rule|Species Clause: Limit one of each Pokémon
|rule|Item Clause: Limit 1 of each item
|clearpoke
|poke|p1|Charizard, L50, F|
|poke|p1|Torkoal, L50, M|
|poke|p1|Porygon2, L50|
|poke|p1|Incineroar, L50, M|
|poke|p1|Jumpluff, L50, M|
|poke|p1|Ursaluna, L50, M|
|poke|p2|Archaludon, L50, F|
|poke|p2|Sneasler, L50, M|
|poke|p2|Incineroar, L50, F|
|poke|p2|Rillaboom, L50, M|
|poke|p2|Dragonite, L50, F|
|poke|p2|Annihilape, L50, F|
|teampreview|4
|showteam|p1|Charizard||ChoiceSpecs|SolarPower|HeatWave,Overheat,WeatherBall,AirSlash|||F|||50|,,,,,Ghost]Torkoal||EjectPack|Drought|Eruption,Overheat,HelpingHand,Protect|||M|||50|,,,,,Fire]Porygon2||Eviolite|Download|TeraBlast,IceBeam,Recover,TrickRoom||||||50|,,,,,Fighting]Incineroar||SitrusBerry|Intimidate|FlareBlitz,KnockOff,FakeOut,PartingShot|||M|||50|,,,,,Ghost]Jumpluff||CovertCloak|Chlorophyll|SleepPowder,SunnyDay,RagePowder,Tailwind|||M|||50|,,,,,Water]Ursaluna||FlameOrb|Guts|HeadlongRush,Facade,Earthquake,Protect|||M|||50|,,,,,Ghost
|showteam|p2|Archaludon||PowerHerb|Sturdy|ElectroShot,DragonPulse,Thunderbolt,Protect|||F|||50|,,,,,Electric]Sneasler||FocusSash|PoisonTouch|FakeOut,DireClaw,CloseCombat,Protect|||M|||50|,,,,,Stellar]Incineroar||SafetyGoggles|Intimidate|FakeOut,PartingShot,FlareBlitz,KnockOff|||F|||50|,,,,,Ghost]Rillaboom||AssaultVest|GrassySurge|FakeOut,Uturn,WoodHammer,GrassyGlide|||M|||50|,,,,,Fire]Dragonite||LoadedDice|Multiscale|ScaleShot,ExtremeSpeed,Haze,Protect|||F|||50|,,,,,Fairy]Annihilape||ChoiceScarf|VitalSpirit|CloseCombat,FinalGambit,RageFist,Coaching|||F|||50|,,,,,Fighting
|inactive|Battle timer is ON: inactive players will automatically lose when time's up. (requested by enrico20022002)
|j| magicplayher
|
|t:|1756732143
|teamsize|p1|4
|teamsize|p2|4
|start
|switch|p1a: Jumpluff|Jumpluff, L50, M|100/100
|switch|p1b: Incineroar|Incineroar, L50, M|100/100
|switch|p2a: Archaludon|Archaludon, L50, F|100/100
|switch|p2b: Annihilape|Annihilape, L50, F|100/100
|-ability|p1b: Incineroar|Intimidate|boost
|-unboost|p2a: Archaludon|atk|1
|-unboost|p2b: Annihilape|atk|1
|turn|1
|
|t:|1756732161
|move|p2a: Archaludon|Protect|p2a: Archaludon
|-singleturn|p2a: Archaludon|Protect
|move|p2b: Annihilape|Final Gambit|p1b: Incineroar
|-damage|p1b: Incineroar|0 fnt
|faint|p2b: Annihilape
|faint|p1b: Incineroar
|move|p1a: Jumpluff|Tailwind|p1a: Jumpluff
|-sidestart|p1: GiovanniMuciaccia|move: Tailwind
|
|upkeep
|
|t:|1756732175
|switch|p2b: Sneasler|Sneasler, L50, M|100/100
|switch|p1b: Ursaluna|Ursaluna, L50, M|100/100
|turn|2
|
|t:|1756732190
|-terastallize|p2a: Archaludon|Electric
|move|p1a: Jumpluff|Sleep Powder|p2b: Sneasler|[miss]
|-miss|p1a: Jumpluff|p2b: Sneasler
|move|p2b: Sneasler|Dire Claw|p1a: Jumpluff
|-supereffective|p1a: Jumpluff
|-damage|p1a: Jumpluff|0 fnt
|faint|p1a: Jumpluff
|move|p1b: Ursaluna|Earthquake|p2b: Sneasler|[spread] p2a,p2b
|-supereffective|p2a: Archaludon
|-supereffective|p2b: Sneasler
|-damage|p2a: Archaludon|38/100
|-enditem|p2b: Sneasler|Focus Sash
|-damage|p2b: Sneasler|1/100
|move|p2a: Archaludon|Electro Shot||[still]
|-prepare|p2a: Archaludon|Electro Shot
|-boost|p2a: Archaludon|spa|1
|-enditem|p2a: Archaludon|Power Herb
|-anim|p2a: Archaludon|Electro Shot|p1b: Ursaluna
|-immune|p1b: Ursaluna
|
|-status|p1b: Ursaluna|brn|[from] item: Flame Orb
|upkeep
|
|t:|1756732200
|switch|p1a: Charizard|Charizard, L50, F|100/100
|turn|3
|
|t:|1756732217
|switch|p2b: Incineroar|Incineroar, L50, F|100/100
|-ability|p2b: Incineroar|Intimidate|boost
|-unboost|p1a: Charizard|atk|1
|-unboost|p1b: Ursaluna|atk|1
|move|p2a: Archaludon|Protect|p2a: Archaludon
|-singleturn|p2a: Archaludon|Protect
|move|p1a: Charizard|Heat Wave|p2b: Incineroar|[spread] p2b
|-activate|p2a: Archaludon|move: Protect
|-resisted|p2b: Incineroar
|-damage|p2b: Incineroar|83/100
|move|p1b: Ursaluna|Facade|p2b: Incineroar
|-damage|p2b: Incineroar|5/100
|
|-damage|p1b: Ursaluna|95/100 brn|[from] brn
|upkeep
|turn|4
|
|t:|1756732238
|-terastallize|p1b: Ursaluna|Ghost
|move|p2a: Archaludon|Protect||[still]
|-fail|p2a: Archaludon
|move|p2b: Incineroar|Fake Out|p1b: Ursaluna
|-immune|p1b: Ursaluna
|move|p1a: Charizard|Heat Wave|p2b: Incineroar|[spread] p2b
|-miss|p1a: Charizard|p2a: Archaludon
|-resisted|p2b: Incineroar
|-damage|p2b: Incineroar|0 fnt
|faint|p2b: Incineroar
|move|p1b: Ursaluna|Earthquake|p2a: Archaludon|[spread] p2a
|-immune|p1a: Charizard
|-supereffective|p2a: Archaludon
|-damage|p2a: Archaludon|0 fnt
|faint|p2a: Archaludon
|
|-damage|p1b: Ursaluna|89/100 brn|[from] brn
|-sideend|p1: GiovanniMuciaccia|move: Tailwind
|upkeep
|
|t:|1756732242
|switch|p2b: Sneasler|Sneasler, L50, M|1/100
|turn|5
|
|t:|1756732251
|move|p2b: Sneasler|Dire Claw|p1a: Charizard
|-damage|p1a: Charizard|45/100
|-status|p1a: Charizard|psn|[from] ability: Poison Touch|[of] p2b: Sneasler
|move|p1a: Charizard|Heat Wave|p2b: Sneasler
|-damage|p2b: Sneasler|0 fnt
|faint|p2b: Sneasler
|
|win|GiovanniMuciaccia
|raw|GiovanniMuciaccia's rating: 1230 → 1250(+20 for winning)
|raw|enrico20022002's rating: 1166 → 1146(-20 for losing)
|l|☆enrico20022002
|player|p2|
