|j|☆nale581
|j|☆bellytelevision
|html|nale581bellytelevision    
|uhtml|bestof|Game 1 of a best-of-3
|t:|1784821430
|gametype|doubles
|player|p1|nale581|n|1155
|player|p2|bellytelevision|dawn|1070
|gen|9
|tier|[Gen 9 Champions] VGC 2026 Reg M-B (Bo3)
|rated|
|rule|Species Clause: Limit one of each Pokémon
|rule|Item Clause: Limit 1 of each item
|clearpoke
|poke|p1|Gengar, L50, F|
|poke|p1|Scrafty, L50, F|
|poke|p1|Sableye, L50, F|
|poke|p1|Maushold, L50|
|poke|p1|Dragonite, L50, M|
|poke|p1|Drampa, L50, F|
|poke|p2|Venusaur, L50, M, shiny|
|poke|p2|Metagross, L50|
|poke|p2|Sinistcha, L50|
|poke|p2|Pelipper, L50, F|
|poke|p2|Archaludon, L50, M, shiny|
|poke|p2|Sableye, L50, M, shiny|
|teampreview|4
|showteam|p1|Gengar||Gengarite|CursedBody|PerishSong,ShadowBall,SludgeBomb,Protect|Timid||F|||50|]Scrafty||Scraftinite|Intimidate|FakeOut,KnockOff,DrainPunch,Protect|Adamant||F|||50|]Sableye||LightClay|Prankster|Reflect,LightScreen,Encore,Disable|Calm||F|||50|]Maushold||ChopleBerry|FriendGuard|FollowMe,Taunt,SuperFang,Protect|Timid|||||50|]Dragonite||LifeOrb|InnerFocus|DragonClaw,ExtremeSpeed,LowKick,Protect|Adamant||M|||50|]Drampa||SitrusBerry|CloudNine|HyperVoice,EarthPower,DragonPulse,Protect|Quiet||F|||50|
|showteam|p2|Venusaur||Venusaurite|Chlorophyll|GigaDrain,SludgeBomb,Protect,EarthPower|Modest||M|||50|]Metagross||Metagrossite|ClearBody|IronHead,PsychicFangs,IcePunch,Protect|Jolly|||||50|]Sinistcha||ColburBerry|Hospitality|RagePowder,MatchaGotcha,LifeDew,TrickRoom|Sassy|||||50|]Pelipper||SitrusBerry|Drizzle|Tailwind,Hurricane,WeatherBall,WideGuard|Bold||F|||50|]Archaludon||Leftovers|Stamina|ElectroShot,FlashCannon,DragonPulse,Protect|Modest||M|||50|]Sableye||LightClay|Prankster|RainDance,Reflect,LightScreen,WillOWisp|Sassy||M|||50|
|inactive|Battle timer is ON: inactive players will automatically lose when time's up. (requested by nale581)
|inactive|nale581 has 60 seconds left.
|inactive|bellytelevision has 60 seconds left.
|
|t:|1784821471
|teamsize|p1|4
|teamsize|p2|4
|start
|switch|p1a: Scrafty|Scrafty, L50, F|100/100
|switch|p1b: Drampa|Drampa, L50, F|100/100
|switch|p2a: Sableye|Sableye, L50, M, shiny|100/100
|switch|p2b: Venusaur|Venusaur, L50, M, shiny|100/100
|-ability|p1a: Scrafty|Intimidate|boost
|-unboost|p2a: Sableye|atk|1
|-unboost|p2b: Venusaur|atk|1
|-ability|p1b: Drampa|Cloud Nine
|turn|1
|inactive|bellytelevision has 30 seconds left.
|
|t:|1784821506
|detailschange|p2b: Venusaur|Venusaur-Mega, L50, M, shiny
|-mega|p2b: Venusaur|Venusaur|Venusaurite
|detailschange|p1a: Scrafty|Scrafty-Mega, L50, F
|-mega|p1a: Scrafty|Scrafty|Scraftinite
|-ability|p1a: Scrafty|Intimidate|boost
|-unboost|p2a: Sableye|atk|1
|-unboost|p2b: Venusaur|atk|1
|move|p2b: Venusaur|Protect|p2b: Venusaur
|-singleturn|p2b: Venusaur|Protect
|move|p2a: Sableye|Light Screen|p2a: Sableye
|-sidestart|p2: bellytelevision|move: Light Screen
|move|p1a: Scrafty|Knock Off|p2a: Sableye
|-damage|p2a: Sableye|21/100
|-enditem|p2a: Sableye|Light Clay|[from] move: Knock Off|[of] p1a: Scrafty
|move|p1b: Drampa|Hyper Voice|p2a: Sableye|[spread] 
|-activate|p2b: Venusaur|move: Protect
|-immune|p2a: Sableye
|
|upkeep
|turn|2
|inactive|bellytelevision has 30 seconds left.
|
|t:|1784821534
|move|p2a: Sableye|Reflect|p2a: Sableye
|-sidestart|p2: bellytelevision|Reflect
|move|p2b: Venusaur|Sludge Bomb|p1a: Scrafty
|-damage|p1a: Scrafty|58/100
|move|p1a: Scrafty|Knock Off|p2a: Sableye
|-damage|p2a: Sableye|0 fnt
|faint|p2a: Sableye
|move|p1b: Drampa|Hyper Voice|p2b: Venusaur
|-damage|p2b: Venusaur|74/100
|
|upkeep
|
|t:|1784821544
|switch|p2a: Archaludon|Archaludon, L50, M, shiny|100/100
|turn|3
|
|t:|1784821557
|switch|p2a: Sinistcha|Sinistcha, L50|100/100
|-heal|p2b: Venusaur|98/100|[from] ability: Hospitality|[of] p2a: Sinistcha
|move|p1a: Scrafty|Protect|p1a: Scrafty
|-singleturn|p1a: Scrafty|Protect
|move|p2b: Venusaur|Sludge Bomb|p1a: Scrafty
|-activate|p1a: Scrafty|move: Protect
|move|p1b: Drampa|Earth Power|p2a: Sinistcha
|-resisted|p2a: Sinistcha|1
|-damage|p2a: Sinistcha|91/100
|
|upkeep
|turn|4
|
|t:|1784821581
|switch|p1a: Sableye|Sableye, L50, F|100/100
|switch|p2a: Archaludon|Archaludon, L50, M, shiny|100/100
|move|p2b: Venusaur|Sludge Bomb|p1a: Sableye
|-resisted|p1a: Sableye|1
|-damage|p1a: Sableye|69/100
|move|p1b: Drampa|Hyper Voice|p2b: Venusaur|[spread] p2a,p2b
|-resisted|p2a: Archaludon|1
|-damage|p2a: Archaludon|88/100
|-damage|p2b: Venusaur|78/100
|-ability|p2a: Archaludon|Stamina|boost
|-boost|p2a: Archaludon|def|1
|
|-heal|p2a: Archaludon|94/100|[from] item: Leftovers
|upkeep
|turn|5
|
|t:|1784821606
|move|p1a: Sableye|Light Screen|p1a: Sableye
|-sidestart|p1: nale581|move: Light Screen
|move|p2b: Venusaur|Earth Power|p1a: Sableye
|-damage|p1a: Sableye|43/100
|move|p2a: Archaludon|Dragon Pulse|p1b: Drampa
|-supereffective|p1b: Drampa|1
|-damage|p1b: Drampa|48/100
|-enditem|p1b: Drampa|Sitrus Berry|[eat]
|-heal|p1b: Drampa|72/100|[from] item: Sitrus Berry
|move|p1b: Drampa|Earth Power|p2a: Archaludon
|-supereffective|p2a: Archaludon|1
|-damage|p2a: Archaludon|52/100
|-ability|p2a: Archaludon|Stamina|boost
|-boost|p2a: Archaludon|def|1
|
|-heal|p2a: Archaludon|58/100|[from] item: Leftovers
|upkeep
|turn|6
|inactive|bellytelevision has 30 seconds left.
|
|t:|1784821635
|switch|p2a: Sinistcha|Sinistcha, L50|91/100
|-heal|p2b: Venusaur|100/100|[from] ability: Hospitality|[of] p2a: Sinistcha
|move|p1a: Sableye|Disable|p2b: Venusaur
|-start|p2b: Venusaur|Disable|Earth Power
|move|p2b: Venusaur|Sludge Bomb|p1a: Sableye
|-resisted|p1a: Sableye|1
|-damage|p1a: Sableye|25/100
|-status|p1a: Sableye|psn
|move|p1b: Drampa|Earth Power|p2a: Sinistcha
|-resisted|p2a: Sinistcha|1
|-crit|p2a: Sinistcha
|-damage|p2a: Sinistcha|69/100
|
|-damage|p1a: Sableye|13/100 psn|[from] psn
|-sideend|p2: bellytelevision|Reflect
|upkeep
|turn|7
|inactive|bellytelevision has 30 seconds left.
|
|t:|1784821665
|switch|p2b: Archaludon|Archaludon, L50, M, shiny|58/100
|move|p1a: Sableye|Reflect|p1a: Sableye
|-sidestart|p1: nale581|Reflect
|move|p2a: Sinistcha|Matcha Gotcha|p1b: Drampa|[spread] p1a,p1b
|-resisted|p1b: Drampa|1
|-damage|p1a: Sableye|0 fnt
|-heal|p2a: Sinistcha|75/100|[from] drain|[of] p1a: Sableye
|-damage|p1b: Drampa|65/100
|-heal|p2a: Sinistcha|79/100|[from] drain|[of] p1b: Drampa
|-status|p1b: Drampa|brn
|faint|p1a: Sableye
|move|p1b: Drampa|Earth Power|p2a: Sinistcha
|-resisted|p2a: Sinistcha|1
|-damage|p2a: Sinistcha|70/100
|
|-heal|p2b: Archaludon|65/100|[from] item: Leftovers
|-damage|p1b: Drampa|60/100 brn|[from] brn
|upkeep
|
|t:|1784821672
|switch|p1a: Maushold|Maushold, L50|100/100
|turn|8
|inactive|bellytelevision has 30 seconds left.
|
|t:|1784821706
|switch|p2b: Venusaur|Venusaur-Mega, L50, M, shiny|100/100
|move|p1a: Maushold|Super Fang|p2b: Venusaur
|-damage|p2b: Venusaur|50/100g
|move|p2a: Sinistcha|Matcha Gotcha|p1b: Drampa|[spread] p1a,p1b
|-resisted|p1b: Drampa|1
|-damage|p1a: Maushold|80/100
|-heal|p2a: Sinistcha|80/100|[from] drain|[of] p1a: Maushold
|-damage|p1b: Drampa|54/100 brn
|-heal|p2a: Sinistcha|83/100|[from] drain|[of] p1b: Drampa
|move|p1b: Drampa|Earth Power|p2b: Venusaur
|-damage|p2b: Venusaur|31/100
|
|-damage|p1b: Drampa|48/100 brn|[from] brn
|-sideend|p2: bellytelevision|move: Light Screen
|upkeep
|turn|9
|
|t:|1784821724
|switch|p1b: Scrafty|Scrafty-Mega, L50, F|58/100
|-ability|p1b: Scrafty|Intimidate|boost
|-unboost|p2a: Sinistcha|atk|1
|-unboost|p2b: Venusaur|atk|1
|move|p2b: Venusaur|Protect|p2b: Venusaur
|-singleturn|p2b: Venusaur|Protect
|move|p1a: Maushold|Taunt|p2a: Sinistcha
|-start|p2a: Sinistcha|move: Taunt
|cant|p2a: Sinistcha|move: Taunt|Life Dew
|
|upkeep
|turn|10
|inactive|nale581 has 30 seconds left.
|inactive|bellytelevision has 30 seconds left.
|
|t:|1784821756
|switch|p2b: Archaludon|Archaludon, L50, M, shiny|65/100
|move|p1a: Maushold|Super Fang|p2b: Archaludon
|-damage|p2b: Archaludon|32/100
|-ability|p2b: Archaludon|Stamina|boost
|-boost|p2b: Archaludon|def|1
|move|p1b: Scrafty|Knock Off|p2b: Archaludon
|-damage|p2b: Archaludon|4/100
|-ability|p2b: Archaludon|Stamina|boost
|-boost|p2b: Archaludon|def|1
|-enditem|p2b: Archaludon|Leftovers|[from] move: Knock Off|[of] p1b: Scrafty
|move|p2a: Sinistcha|Matcha Gotcha|p1b: Scrafty|[spread] p1a,p1b
|-damage|p1a: Maushold|58/100
|-heal|p2a: Sinistcha|94/100|[from] drain|[of] p1a: Maushold
|-damage|p1b: Scrafty|48/100
|-heal|p2a: Sinistcha|98/100|[from] drain|[of] p1b: Scrafty
|
|upkeep
|turn|11
|inactive|bellytelevision has 30 seconds left.
|
|t:|1784821788
|move|p2b: Archaludon|Protect|p2b: Archaludon
|-singleturn|p2b: Archaludon|Protect
|move|p1a: Maushold|Follow Me|p1a: Maushold
|-singleturn|p1a: Maushold|move: Follow Me
|move|p1b: Scrafty|Knock Off|p2a: Sinistcha
|-supereffective|p2a: Sinistcha|1
|-enditem|p2a: Sinistcha|Colbur Berry|[eat]
|-enditem|p2a: Sinistcha|Colbur Berry|[weaken]
|-damage|p2a: Sinistcha|52/100
|move|p2a: Sinistcha|Matcha Gotcha|p1a: Maushold|[spread] p1a,p1b
|-damage|p1a: Maushold|39/100
|-heal|p2a: Sinistcha|61/100|[from] drain|[of] p1a: Maushold
|-damage|p1b: Scrafty|37/100
|-heal|p2a: Sinistcha|67/100|[from] drain|[of] p1b: Scrafty
|-status|p1a: Maushold|brn
|
|-damage|p1a: Maushold|33/100 brn|[from] brn
|-end|p2a: Sinistcha|move: Taunt
|upkeep
|turn|12
|inactive|bellytelevision has 30 seconds left.
|
|t:|1784821815
|switch|p1a: Drampa|Drampa, L50, F|48/100 brn
|-ability|p1a: Drampa|Cloud Nine
|move|p2b: Archaludon|Dragon Pulse|p1b: Scrafty
|-damage|p1b: Scrafty|15/100
|move|p1b: Scrafty|Drain Punch|p2b: Archaludon
|-supereffective|p2b: Archaludon|1
|-damage|p2b: Archaludon|0 fnt
|-heal|p1b: Scrafty|17/100|[from] drain|[of] p2b: Archaludon
|faint|p2b: Archaludon
|move|p2a: Sinistcha|Matcha Gotcha|p1a: Drampa|[spread] p1a,p1b
|-resisted|p1a: Drampa|1
|-damage|p1a: Drampa|41/100 brn
|-heal|p2a: Sinistcha|71/100|[from] drain|[of] p1a: Drampa
|-damage|p1b: Scrafty|5/100
|-heal|p2a: Sinistcha|76/100|[from] drain|[of] p1b: Scrafty
|-status|p1b: Scrafty|brn
|
|-damage|p1b: Scrafty|0 fnt|[from] brn
|faint|p1b: Scrafty
|-damage|p1a: Drampa|35/100 brn|[from] brn
|-sideend|p1: nale581|move: Light Screen
|upkeep
|
|t:|1784821837
|switch|p2b: Venusaur|Venusaur-Mega, L50, M, shiny|31/100
|switch|p1b: Maushold|Maushold, L50|33/100 brn
|turn|13
|
|t:|1784821854
|move|p2a: Sinistcha|Rage Powder|p2a: Sinistcha
|-singleturn|p2a: Sinistcha|move: Rage Powder
|move|p1b: Maushold|Super Fang|p2a: Sinistcha
|-immune|p2a: Sinistcha
|move|p2b: Venusaur|Sludge Bomb|p1a: Drampa
|-damage|p1a: Drampa|0 fnt
|faint|p1a: Drampa
|
|-damage|p1b: Maushold|28/100 brn|[from] brn
|upkeep
|turn|14
|-message|nale581 forfeited.
|
|win|bellytelevision
|l|☆nale581
|player|p1|
||nale581 is ready for game 2.
||bellytelevision is ready for game 2.
|uhtml|next|Next: Game 2 of 3
