|j|☆streeza
|j|☆sloth96
|html|streezasloth96    
|uhtml|bestof|Game 1 of a best-of-3
|t:|1784806928
|gametype|doubles
|player|p1|streeza|265|
|player|p2|sloth96|170|
|gen|9
|tier|[Gen 9 Champions] VGC 2026 Reg M-B (Bo3)
|rule|Species Clause: Limit one of each Pokémon
|rule|Item Clause: Limit 1 of each item
|clearpoke
|poke|p1|Eelektross, L50, M|
|poke|p1|Tsareena, L50, F|
|poke|p1|Metagross, L50|
|poke|p1|Whimsicott, L50, M|
|poke|p1|Palafin, L50, M|
|poke|p1|Gliscor, L50, F|
|poke|p2|Sneasler, L50, F|
|poke|p2|Typhlosion, L50, M|
|poke|p2|Bellibolt, L50, F|
|poke|p2|Venusaur, L50, F|
|poke|p2|Charizard, L50, M|
|poke|p2|Aerodactyl, L50, F|
|teampreview|4
|showteam|p1|Eelektross||Eelektrossite|Levitate|RockSlide,SupercellSlam,FirePunch,Protect|Adamant||M|||50|]Tsareena||QuickClaw|QueenlyMajesty|TropKick,ZenHeadbutt,Protect,Uturn|Adamant||F|||50|]Metagross||Metagrossite|ClearBody|PsychicFangs,IcePunch,StompingTantrum,Protect|Adamant|||||50|]Whimsicott||FocusSash|Prankster|Encore,Tailwind,Taunt,Moonblast|Timid||M|||50|]Palafin||MysticWater|ZerotoHero|FlipTurn,RainDance,WaveCrash,JetPunch|Jolly||M|||50|]Gliscor||ChoiceScarf|HyperCutter|RockSlide,Earthquake,DualWingbeat,Protect|Adamant||F|||50|
|showteam|p2|Sneasler||WhiteHerb|PoisonTouch|CloseCombat,DireClaw,FakeOut,Protect|Lonely||F|||50|]Typhlosion||Charcoal|Blaze|HeatWave,ShadowBall,Protect,PlayRough|Modest||M|||50|]Bellibolt||Leftovers|Electromorphosis|Discharge,Electroweb,ParabolicCharge,Protect|Modest||F|||50|]Venusaur||LifeOrb|Chlorophyll|GigaDrain,Protect,SolarBeam,SludgeWave|Serious||F|||50|]Charizard||CharizarditeY|Blaze|WeatherBall,HeatWave,Protect,SolarBeam|Modest||M|||50|]Aerodactyl||FocusSash|RockHead|Tailwind,RockSlide,Earthquake,Protect|Jolly||F|||50|
|
|t:|1784806969
|teamsize|p1|4
|teamsize|p2|4
|start
|switch|p1a: Eelektross|Eelektross, L50, M|100/100
|switch|p1b: Whimsicott|Whimsicott, L50, M|100/100
|switch|p2a: Aerodactyl|Aerodactyl, L50, F|100/100
|switch|p2b: Charizard|Charizard, L50, M|100/100
|turn|1
|
|t:|1784806991
|detailschange|p2b: Charizard|Charizard-Mega-Y, L50, M
|-mega|p2b: Charizard|Charizard|Charizardite Y
|-weather|SunnyDay|[from] ability: Drought|[of] p2b: Charizard
|detailschange|p1a: Eelektross|Eelektross-Mega, L50, M
|-mega|p1a: Eelektross|Eelektross|Eelektrossite
|move|p1b: Whimsicott|Tailwind|p1b: Whimsicott
|-sidestart|p1: streeza|move: Tailwind
|move|p1a: Eelektross|Supercell Slam|p2b: Charizard
|-supereffective|p2b: Charizard|1
|-damage|p2b: Charizard|0 fnt
|faint|p2b: Charizard
|-ability|p1a: Eelektross|Eelevate|boost
|-boost|p1a: Eelektross|atk|1
|move|p2a: Aerodactyl|Tailwind|p2a: Aerodactyl
|-sidestart|p2: sloth96|move: Tailwind
|
|-weather|SunnyDay|[upkeep]
|upkeep
|
|t:|1784807011
|switch|p2b: Sneasler|Sneasler, L50, F|100/100
|turn|2
|
|t:|1784807023
|switch|p1b: Tsareena|Tsareena, L50, F|100/100
|move|p2b: Sneasler|Fake Out||[still]
|cant|p1b: Tsareena|ability: Queenly Majesty|Fake Out|[of] p2b: Sneasler
|move|p2a: Aerodactyl|Earthquake|p1b: Tsareena|[spread] p2b,p1b
|-immune|p1a: Eelektross|[from] ability: Eelevate
|-supereffective|p2b: Sneasler|1
|-resisted|p1b: Tsareena|1
|-damage|p2b: Sneasler|21/100
|-damage|p1b: Tsareena|85/100
|move|p1a: Eelektross|Supercell Slam|p2a: Aerodactyl
|-supereffective|p2a: Aerodactyl|1
|-enditem|p2a: Aerodactyl|Focus Sash
|-damage|p2a: Aerodactyl|1/100
|
|-weather|SunnyDay|[upkeep]
|upkeep
|turn|3
|-activate|p1b: Tsareena|item: Quick Claw
|
|t:|1784807048
|move|p1b: Tsareena|Zen Headbutt|p2b: Sneasler
|-supereffective|p2b: Sneasler|2
|-damage|p2b: Sneasler|0 fnt
|faint|p2b: Sneasler
|move|p2a: Aerodactyl|Rock Slide|p1b: Tsareena|[spread] p1a
|-miss|p2a: Aerodactyl|p1b: Tsareena
|-damage|p1a: Eelektross|65/100
|move|p1a: Eelektross|Rock Slide|p2a: Aerodactyl
|-supereffective|p2a: Aerodactyl|1
|-crit|p2a: Aerodactyl
|-damage|p2a: Aerodactyl|0 fnt
|faint|p2a: Aerodactyl
|-ability|p1a: Eelektross|Eelevate|boost
|-boost|p1a: Eelektross|atk|1
|
|-weather|SunnyDay|[upkeep]
|upkeep
|
|t:|1784807070
|switch|p2b: Typhlosion|Typhlosion, L50, M|100/100
|turn|4
|
|t:|1784807078
|move|p1a: Eelektross|Rock Slide|p2b: Typhlosion|[miss]
|-miss|p1a: Eelektross|p2b: Typhlosion
|move|p1b: Tsareena|U-turn|p2b: Typhlosion
|-resisted|p2b: Typhlosion|1
|-damage|p2b: Typhlosion|84/100
|
|t:|1784807086
|switch|p1b: Gliscor|Gliscor, L50, F|100/100|[from] U-turn
|move|p2b: Typhlosion|Heat Wave|p1a: Eelektross|[spread] p1a,p1b
|-damage|p1a: Eelektross|0 fnt
|-damage|p1b: Gliscor|0 fnt
|faint|p1a: Eelektross
|faint|p1b: Gliscor
|
|-weather|SunnyDay|[upkeep]
|-sideend|p1: streeza|move: Tailwind
|-sideend|p2: sloth96|move: Tailwind
|upkeep
|
|t:|1784807099
|switch|p1b: Tsareena|Tsareena, L50, F|85/100
|switch|p1a: Whimsicott|Whimsicott, L50, M|100/100
|turn|5
|
|t:|1784807108
|move|p1a: Whimsicott|Tailwind|p1a: Whimsicott
|-sidestart|p1: streeza|move: Tailwind
|move|p1b: Tsareena|Zen Headbutt|p2b: Typhlosion
|-damage|p2b: Typhlosion|49/100
|move|p2b: Typhlosion|Heat Wave|p1b: Tsareena|[spread] p1a,p1b
|-supereffective|p1a: Whimsicott|1
|-supereffective|p1b: Tsareena|1
|-enditem|p1a: Whimsicott|Focus Sash
|-damage|p1a: Whimsicott|1/100
|-damage|p1b: Tsareena|0 fnt
|faint|p1b: Tsareena
|
|-weather|none
|upkeep
|turn|6
|
|t:|1784807131
|move|p1a: Whimsicott|Moonblast|p2b: Typhlosion
|-resisted|p2b: Typhlosion|1
|-damage|p2b: Typhlosion|29/100
|move|p2b: Typhlosion|Shadow Ball|p1a: Whimsicott
|-damage|p1a: Whimsicott|0 fnt
|faint|p1a: Whimsicott
|
|win|sloth96
||streeza is ready for game 2.
|inactive|sloth96 has 30 seconds to confirm battle start!
|inactive|sloth96 has 20 seconds to confirm battle start!
|l|☆sloth96
|player|p2|
