|j|☆Onemagician4496
|j|☆Karissel
|html|Onemagician4496Karissel    
|uhtml|bestof|Game 2 of a best-of-3
|t:|1784363696
|gametype|doubles
|player|p1|Onemagician4496|iris-gen5bw2|1393
|player|p2|Karissel|burgh-masters|1361
|gen|9
|tier|[Gen 9 Champions] VGC 2026 Reg M-B (Bo3)
|rated|
|rule|Species Clause: Limit one of each Pokémon
|rule|Item Clause: Limit 1 of each item
|clearpoke
|poke|p1|Charizard, L50, M|
|poke|p1|Farigiraf, L50, M|
|poke|p1|Mawile, L50, F|
|poke|p1|Garchomp, L50, M|
|poke|p1|Kingambit, L50, M|
|poke|p1|Aerodactyl, L50, F|
|poke|p2|Charizard, L50, F|
|poke|p2|Glimmora, L50, F|
|poke|p2|Whimsicott, L50, F|
|poke|p2|Ninetales-Alola, L50, F|
|poke|p2|Kingambit, L50, F|
|poke|p2|Garchomp, L50, F|
|teampreview|4
|showteam|p1|Charizard||CharizarditeY|Blaze|HeatWave,WeatherBall,SolarBeam,Protect|Modest||M|||50|]Farigiraf||SitrusBerry|ArmorTail|Psychic,TrickRoom,HelpingHand,Roar|Sassy||M|||50|]Mawile||Mawilite|HyperCutter|PlayRough,IronHead,RockTomb,Protect|Adamant||F|||50|]Garchomp||LifeOrb|RoughSkin|Earthquake,DragonClaw,StompingTantrum,Protect|Jolly||M|||50|]Kingambit||BlackGlasses|Defiant|KowtowCleave,SuckerPunch,LowKick,Protect|Adamant||M|||50|]Aerodactyl||FocusSash|Unnerve|RockSlide,DualWingbeat,Tailwind,WideGuard|Jolly||F|||50|
|showteam|p2|Charizard||CharizarditeY|Blaze|HeatWave,WeatherBall,SolarBeam,Protect|Modest||F|||50|]Glimmora||Glimmoranite|ToxicDebris|SludgeBomb,PowerGem,EarthPower,SpikyShield|Modest||F|||50|]Whimsicott||FocusSash|Prankster|Moonblast,Tailwind,Encore,Protect|Timid||F|||50|]Ninetales-Alola||NeverMeltIce|SnowWarning|Blizzard,FreezeDry,Encore,Protect|Timid||F|||50|]Kingambit||BlackGlasses|Defiant|KowtowCleave,SuckerPunch,LowKick,Protect|Adamant||F|||50|]Garchomp||LifeOrb|RoughSkin|StompingTantrum,DragonClaw,RockSlide,Protect|Jolly||F|||50|
|inactive|Battle timer is ON: inactive players will automatically lose when time's up. (requested by Karissel)
|
|t:|1784363725
|teamsize|p1|4
|teamsize|p2|4
|start
|switch|p1a: Aerodactyl|Aerodactyl, L50, F|100/100
|switch|p1b: Garchomp|Garchomp, L50, M|100/100
|switch|p2a: Kingambit|Kingambit, L50, F|100/100
|switch|p2b: Garchomp|Garchomp, L50, F|100/100
|-ability|p1a: Aerodactyl|Unnerve
|turn|1
|
|t:|1784363744
|switch|p2b: Whimsicott|Whimsicott, L50, F|100/100
|move|p1a: Aerodactyl|Tailwind|p1a: Aerodactyl
|-sidestart|p1: Onemagician4496|move: Tailwind
|move|p1b: Garchomp|Earthquake|p2b: Whimsicott|[spread] p2a,p2b
|-immune|p1a: Aerodactyl
|-supereffective|p2a: Kingambit|1
|-resisted|p2b: Whimsicott|1
|-damage|p2a: Kingambit|23/100
|-damage|p2b: Whimsicott|61/100
|-damage|p1b: Garchomp|90/100|[from] item: Life Orb
|move|p2a: Kingambit|Kowtow Cleave|p1b: Garchomp
|-damage|p1b: Garchomp|30/100
|-damage|p2a: Kingambit|11/100|[from] ability: Rough Skin|[of] p1b: Garchomp
|
|upkeep
|turn|2
|inactive|Karissel has 30 seconds left.
|
|t:|1784363773
|switch|p1a: Charizard|Charizard, L50, M|100/100
|move|p2b: Whimsicott|Encore||[still]
|-fail|p2b: Whimsicott
|move|p2a: Kingambit|Sucker Punch|p1b: Garchomp
|-damage|p1b: Garchomp|0 fnt
|-damage|p2a: Kingambit|0 fnt|[from] ability: Rough Skin|[of] p1b: Garchomp
|faint|p1b: Garchomp
|faint|p2a: Kingambit
|
|upkeep
|
|t:|1784363783
|switch|p1b: Aerodactyl|Aerodactyl, L50, F|100/100
|switch|p2a: Glimmora|Glimmora, L50, F|100/100
|-ability|p1b: Aerodactyl|Unnerve
|turn|3
|
|t:|1784363799
|switch|p1a: Kingambit|Kingambit, L50, M|100/100
|detailschange|p2a: Glimmora|Glimmora-Mega, L50, F
|-mega|p2a: Glimmora|Glimmora|Glimmoranite
|move|p2b: Whimsicott|Protect|p2b: Whimsicott
|-singleturn|p2b: Whimsicott|Protect
|move|p1b: Aerodactyl|Rock Slide|p2a: Glimmora|[spread] p2a
|-activate|p2b: Whimsicott|move: Protect
|-damage|p2a: Glimmora|77/100
|cant|p2a: Glimmora|flinch
|
|upkeep
|turn|4
|inactive|Onemagician4496 has 30 seconds left.
|
|t:|1784363825
|move|p2a: Glimmora|Spiky Shield|p2a: Glimmora
|-singleturn|p2a: Glimmora|move: Protect
|move|p2b: Whimsicott|Tailwind|p2b: Whimsicott
|-sidestart|p2: Karissel|move: Tailwind
|move|p1b: Aerodactyl|Dual Wingbeat|p2b: Whimsicott
|-supereffective|p2b: Whimsicott|1
|-crit|p2b: Whimsicott
|-damage|p2b: Whimsicott|0 fnt
|faint|p2b: Whimsicott
|-hitcount|p2: Whimsicott|1
|move|p1a: Kingambit|Kowtow Cleave|p2a: Glimmora
|-activate|p2a: Glimmora|move: Protect
|-damage|p1a: Kingambit|87/100|[from] Spiky Shield|[of] p2a: Glimmora
|
|-sideend|p1: Onemagician4496|move: Tailwind
|upkeep
|
|t:|1784363829
|switch|p2b: Garchomp|Garchomp, L50, F|100/100
|turn|5
|inactive|Karissel has 30 seconds left.
|
|t:|1784363858
|move|p1a: Kingambit|Sucker Punch|p2a: Glimmora
|-damage|p2a: Glimmora|32/100
|move|p2b: Garchomp|Stomping Tantrum|p1a: Kingambit
|-supereffective|p1a: Kingambit|1
|-damage|p1a: Kingambit|6/100
|-damage|p2b: Garchomp|90/100|[from] item: Life Orb
|move|p2a: Glimmora|Power Gem|p1b: Aerodactyl
|-supereffective|p1b: Aerodactyl|1
|-enditem|p1b: Aerodactyl|Focus Sash
|-damage|p1b: Aerodactyl|1/100
|move|p1b: Aerodactyl|Rock Slide|p2a: Glimmora|[spread] p2a,p2b
|-resisted|p2b: Garchomp|1
|-damage|p2a: Glimmora|9/100
|-damage|p2b: Garchomp|77/100
|
|upkeep
|turn|6
|inactive|Onemagician4496 has 30 seconds left.
|inactive|Karissel has 30 seconds left.
|inactive|Onemagician4496 has 20 seconds left.
|inactive|Karissel has 20 seconds left.
|
|t:|1784363904
|move|p2a: Glimmora|Spiky Shield|p2a: Glimmora
|-singleturn|p2a: Glimmora|move: Protect
|move|p1a: Kingambit|Sucker Punch||[still]
|-fail|p1a: Kingambit
|move|p2b: Garchomp|Dragon Claw|p1b: Aerodactyl
|-damage|p1b: Aerodactyl|0 fnt
|faint|p1b: Aerodactyl
|-damage|p2b: Garchomp|67/100|[from] item: Life Orb
|
|upkeep
|
|t:|1784363914
|switch|p1b: Charizard|Charizard, L50, M|100/100
|turn|7
|
|t:|1784363932
|detailschange|p1b: Charizard|Charizard-Mega-Y, L50, M
|-mega|p1b: Charizard|Charizard|Charizardite Y
|-weather|SunnyDay|[from] ability: Drought|[of] p1b: Charizard
|move|p2a: Glimmora|Spiky Shield||[still]
|-fail|p2a: Glimmora
|move|p1a: Kingambit|Sucker Punch||[still]
|-fail|p1a: Kingambit
|move|p2b: Garchomp|Rock Slide|p1b: Charizard|[spread] p1a,p1b
|-resisted|p1a: Kingambit|1
|-supereffective|p1b: Charizard|2
|-damage|p1a: Kingambit|0 fnt
|-damage|p1b: Charizard|0 fnt
|faint|p1a: Kingambit
|faint|p1b: Charizard
|-damage|p2b: Garchomp|57/100|[from] item: Life Orb
|
|win|Karissel
||Karissel is ready for game 3.
|inactive|Onemagician4496 has 30 seconds to confirm battle start!
||Onemagician4496 is ready for game 3.
|uhtml|next|Next: Game 3 of 3
|l|☆Onemagician4496
|player|p1|
