|badge|p2|bronze|gen9ou|100-6
|uhtml|medal-msg|Curious what those medals under the avatar are? PS now has Ladder Seasons! For more information, check out the thread on Smogon.
|j|☆eltsurito
|j|☆JackRG1
|html|eltsuritoJackRG1    
|uhtml|bestof|Game 2 of a best-of-3
|t:|1757647800
|gametype|doubles
|player|p1|eltsurito|1|1124
|player|p2|JackRG1|dawn-gen4pt|1248
|gen|9
|tier|[Gen 9] VGC 2025 Reg H (Bo3)
|rated|
|rule|Species Clause: Limit one of each Pokémon
|rule|Item Clause: Limit 1 of each item
|clearpoke
|poke|p1|Sneasler, L50, F|
|poke|p1|Indeedee, L50, M|
|poke|p1|Volcarona, L50, F|
|poke|p1|Ursaluna-Bloodmoon, L50, M|
|poke|p1|Annihilape, L50, M|
|poke|p1|Tyranitar, L50, M|
|poke|p2|Tyranitar, L50, M|
|poke|p2|Excadrill, L50, F|
|poke|p2|Milotic, L50, F|
|poke|p2|Indeedee-F, L50, F|
|poke|p2|Volcarona, L50, F|
|poke|p2|Hatterene, L50, F|
|teampreview|4
|showteam|p1|Sneasler||PsychicSeed|Unburden|CloseCombat,DireClaw,ThroatChop,Protect|||F|||50|,,,,,Dark]Indeedee||ChoiceScarf|PsychicSurge|ExpandingForce,TeraBlast,Trick,Protect|||M|||50|,,,,,Psychic]Volcarona||SitrusBerry|FlameBody|Overheat,StruggleBug,RagePowder,Tailwind|||F|||50|,,,,,Grass]Ursaluna-Bloodmoon||LifeOrb|MindsEye|BloodMoon,HyperVoice,EarthPower,Protect|||M|||50|,,,,,Normal]Annihilape||SafetyGoggles|Defiant|CloseCombat,RageFist,Taunt,FinalGambit|||M|||50|,,,,,Fairy]Tyranitar||AssaultVest|SandStream|RockSlide,KnockOff,TeraBlast,LowKick|||M|||50|,,,,,Flying
|showteam|p2|Tyranitar||AssaultVest|SandStream|RockSlide,KnockOff,LowKick,TeraBlast|||M|||50|,,,,,Flying]Excadrill||FocusSash|SandRush|Earthquake,HighHorsepower,IronHead,Protect|||F|||50|,,,,,Stellar]Milotic||CovertCloak|Competitive|Scald,IcyWind,Haze,Protect|||F|||50|,,,,,Grass]Indeedee-F||SafetyGoggles|PsychicSurge|TrickRoom,Protect,Psychic,FollowMe|||F|||50|,,,,,Fairy]Volcarona||Leftovers|FlameBody|Protect,HeatWave,QuiverDance,GigaDrain|||F|||50|,,,,,Grass]Hatterene||LifeOrb|MagicBounce|DazzlingGleam,TrickRoom,ExpandingForce,Protect|||F|||50|,,,,,Fairy
|inactive|Battle timer is ON: inactive players will automatically lose when time's up. (requested by JackRG1)
|inactive|eltsurito also wants the timer to be on.
|inactive|eltsurito has 60 seconds left.
|inactive|JackRG1 has 60 seconds left.
|
|t:|1757647854
|teamsize|p1|4
|teamsize|p2|4
|start
|switch|p1a: Tyranitar|Tyranitar, L50, M|100/100
|switch|p1b: Volcarona|Volcarona, L50, F|100/100
|switch|p2a: Volcarona|Volcarona, L50, F|100/100
|switch|p2b: Tyranitar|Tyranitar, L50, M|100/100
|-weather|Sandstorm|[from] ability: Sand Stream|[of] p1a: Tyranitar
|turn|1
|inactive|eltsurito has 30 seconds left.
|
|t:|1757647884
|switch|p2a: Excadrill|Excadrill, L50, F|100/100
|-terastallize|p2b: Tyranitar|Flying
|move|p1b: Volcarona|Tailwind|p1b: Volcarona
|-sidestart|p1: eltsurito|move: Tailwind
|move|p1a: Tyranitar|Rock Slide|p2b: Tyranitar|[spread] p2a,p2b
|-resisted|p2a: Excadrill
|-supereffective|p2b: Tyranitar
|-damage|p2a: Excadrill|89/100
|-damage|p2b: Tyranitar|44/100
|move|p2b: Tyranitar|Low Kick|p1a: Tyranitar
|-supereffective|p1a: Tyranitar
|-damage|p1a: Tyranitar|0 fnt
|faint|p1a: Tyranitar
|
|-weather|Sandstorm|[upkeep]
|-damage|p1b: Volcarona|94/100|[from] Sandstorm
|-damage|p2b: Tyranitar|38/100|[from] Sandstorm
|upkeep
|
|t:|1757647900
|switch|p1a: Sneasler|Sneasler, L50, F|100/100
|turn|2
|
|t:|1757647918
|move|p1a: Sneasler|Close Combat|p2a: Excadrill
|-supereffective|p2a: Excadrill
|-damage|p2a: Excadrill|0 fnt
|-unboost|p1a: Sneasler|def|1
|-unboost|p1a: Sneasler|spd|1
|faint|p2a: Excadrill
|move|p1b: Volcarona|Overheat|p2b: Tyranitar
|-damage|p2b: Tyranitar|6/100
|-unboost|p1b: Volcarona|spa|2
|move|p2b: Tyranitar|Tera Blast|p1a: Sneasler|[anim] Tera Blast Flying
|-supereffective|p1a: Sneasler
|-damage|p1a: Sneasler|0 fnt
|faint|p1a: Sneasler
|
|-weather|Sandstorm|[upkeep]
|-damage|p1b: Volcarona|88/100|[from] Sandstorm
|-damage|p2b: Tyranitar|0 fnt|[from] Sandstorm
|faint|p2b: Tyranitar
|upkeep
|
|t:|1757647942
|switch|p1a: Ursaluna|Ursaluna-Bloodmoon, L50, M|100/100
|switch|p2a: Volcarona|Volcarona, L50, F|100/100
|switch|p2b: Indeedee|Indeedee-F, L50, F|100/100
|-fieldstart|move: Psychic Terrain|[from] ability: Psychic Surge|[of] p2b: Indeedee
|turn|3
|inactive|eltsurito has 30 seconds left.
|inactive|JackRG1 has 30 seconds left.
|inactive|eltsurito has 20 seconds left.
|inactive|eltsurito has 15 seconds left.
|inactive|eltsurito has 10 seconds left.
|inactive|eltsurito has 5 seconds left.
|
|t:|1757647996
|-terastallize|p1a: Ursaluna|Normal
|move|p2b: Indeedee|Follow Me|p2b: Indeedee
|-singleturn|p2b: Indeedee|move: Follow Me
|move|p1b: Volcarona|Struggle Bug|p2a: Volcarona|[spread] p2a,p2b
|-resisted|p2a: Volcarona
|-supereffective|p2b: Indeedee
|-damage|p2a: Volcarona|97/100
|-damage|p2b: Indeedee|84/100
|-unboost|p2a: Volcarona|spa|1
|-unboost|p2b: Indeedee|spa|1
|move|p1a: Ursaluna|Hyper Voice|p2a: Volcarona|[spread] p2a,p2b
|-damage|p2a: Volcarona|32/100
|-damage|p2b: Indeedee|13/100
|-damage|p1a: Ursaluna|91/100|[from] item: Life Orb
|move|p2a: Volcarona|Quiver Dance|p2a: Volcarona
|-boost|p2a: Volcarona|spa|1
|-boost|p2a: Volcarona|spd|1
|-boost|p2a: Volcarona|spe|1
|
|-weather|Sandstorm|[upkeep]
|-damage|p1b: Volcarona|82/100|[from] Sandstorm
|-damage|p2a: Volcarona|26/100|[from] Sandstorm
|-damage|p1a: Ursaluna|85/100|[from] Sandstorm
|-heal|p2a: Volcarona|32/100|[from] item: Leftovers
|upkeep
|turn|4
|
|t:|1757648018
|move|p2a: Volcarona|Protect|p2a: Volcarona
|-singleturn|p2a: Volcarona|Protect
|move|p2b: Indeedee|Protect|p2b: Indeedee
|-singleturn|p2b: Indeedee|Protect
|move|p1b: Volcarona|Struggle Bug|p2a: Volcarona|[spread] 
|-activate|p2a: Volcarona|move: Protect
|-activate|p2b: Indeedee|move: Protect
|move|p1a: Ursaluna|Hyper Voice|p2a: Volcarona|[spread] 
|-activate|p2a: Volcarona|move: Protect
|-activate|p2b: Indeedee|move: Protect
|
|-weather|Sandstorm|[upkeep]
|-damage|p1b: Volcarona|76/100|[from] Sandstorm
|-damage|p2a: Volcarona|26/100|[from] Sandstorm
|-damage|p1a: Ursaluna|79/100|[from] Sandstorm
|-heal|p2a: Volcarona|32/100|[from] item: Leftovers
|-sideend|p1: eltsurito|move: Tailwind
|upkeep
|turn|5
|
|t:|1757648043
|move|p2a: Volcarona|Giga Drain|p1a: Ursaluna
|-damage|p1a: Ursaluna|45/100
|-heal|p2a: Volcarona|50/100|[from] drain|[of] p1a: Ursaluna
|move|p1b: Volcarona|Struggle Bug|p2a: Volcarona|[spread] p2a,p2b
|-resisted|p2a: Volcarona
|-supereffective|p2b: Indeedee
|-damage|p2a: Volcarona|48/100
|-damage|p2b: Indeedee|0 fnt
|-unboost|p2a: Volcarona|spa|1
|faint|p2b: Indeedee
|move|p1a: Ursaluna|Hyper Voice|p2a: Volcarona
|-damage|p2a: Volcarona|0 fnt
|faint|p2a: Volcarona
|-damage|p1a: Ursaluna|36/100|[from] item: Life Orb
|
|win|eltsurito
|raw|eltsurito's rating: 1124 → 1158(+34 for winning)
|raw|JackRG1's rating: 1248 → 1214(-34 for losing)
|l|☆JackRG1
|player|p2|
