|j|☆ScrappySD
|j|☆lucasmalt
|html|ScrappySDlucasmalt    
|uhtml|bestof|Game 1 of a best-of-3
|t:|1785376642
|gametype|doubles
|player|p1|ScrappySD|nate|1263
|player|p2|lucasmalt|170|1357
|gen|9
|tier|[Gen 9 Champions] VGC 2026 Reg M-B (Bo3)
|rated|
|rule|Species Clause: Limit one of each Pokémon
|rule|Item Clause: Limit 1 of each item
|clearpoke
|poke|p1|Floette-Eternal, L50, F|
|poke|p1|Charizard, L50, F, shiny|
|poke|p1|Kingambit, L50, M|
|poke|p1|Whimsicott, L50, F|
|poke|p1|Basculegion, L50, M|
|poke|p1|Garchomp, L50, F, shiny|
|poke|p2|Tyranitar, L50, M, shiny|
|poke|p2|Excadrill, L50, F, shiny|
|poke|p2|Gholdengo, L50|
|poke|p2|Sinistcha, L50, shiny|
|poke|p2|Milotic, L50, M, shiny|
|poke|p2|Staraptor, L50, M, shiny|
|teampreview|4
|showteam|p1|Floette-Eternal||Floettite|FlowerVeil|LightofRuin,Moonblast,DazzlingGleam,Protect|Timid||F|||50|]Charizard||CharizarditeY|Blaze|SolarBeam,HeatWave,WeatherBall,Protect|Modest||F|||50|]Kingambit||BlackGlasses|Defiant|IronHead,Protect,KowtowCleave,SuckerPunch|Adamant||M|||50|]Whimsicott||FocusSash|Prankster|Moonblast,Tailwind,Encore,Protect|Timid||F|||50|]Basculegion||MysticWater|Adaptability|WaveCrash,Protect,LastRespects,AquaJet|Adamant||M|||50|]Garchomp||LifeOrb|RoughSkin|Earthquake,RockSlide,Protect,DragonClaw|Jolly||F|||50|
|showteam|p2|Tyranitar||Tyranitarite|SandStream|RockSlide,KnockOff,LowKick,Protect|Adamant||M|||50|]Excadrill||FocusSash|SandRush|IronHead,HighHorsepower,RockSlide,Protect|Adamant||F|||50|]Gholdengo||LifeOrb|GoodasGold|ShadowBall,MakeItRain,NastyPlot,Protect|Modest|||||50|]Sinistcha||ColburBerry|Hospitality|MatchaGotcha,RagePowder,TrickRoom,Protect|Bold|||||50|]Milotic||SitrusBerry|Competitive|Scald,IceBeam,Recover,Protect|Modest||M|||50|]Staraptor||Staraptite|Intimidate|BraveBird,CloseCombat,Tailwind,Protect|Jolly||M|||50|
|inactive|Battle timer is ON: inactive players will automatically lose when time's up. (requested by ScrappySD)
|inactive|ScrappySD has 60 seconds left.
|inactive|lucasmalt has 60 seconds left.
|inactive|lucasmalt has 30 seconds left.
|inactive|lucasmalt has 20 seconds left.
|inactive|lucasmalt has 15 seconds left.
|inactive|lucasmalt has 10 seconds left.
|
|t:|1785376723
|teamsize|p1|4
|teamsize|p2|4
|start
|switch|p1a: Whimsicott|Whimsicott, L50, F|100/100
|switch|p1b: Floette|Floette-Eternal, L50, F|100/100
|switch|p2a: Milotic|Milotic, L50, M, shiny|100/100
|switch|p2b: Excadrill|Excadrill, L50, F, shiny|100/100
|turn|1
|inactive|ScrappySD has 30 seconds left.
|inactive|lucasmalt has 30 seconds left.
|inactive|lucasmalt has 20 seconds left.
|
|t:|1785376766
|switch|p1b: Kingambit|Kingambit, L50, M|100/100
|move|p1a: Whimsicott|Tailwind|p1a: Whimsicott
|-sidestart|p1: ScrappySD|move: Tailwind
|move|p2b: Excadrill|Iron Head|p1b: Kingambit
|-resisted|p1b: Kingambit|1
|-damage|p1b: Kingambit|84/100
|move|p2a: Milotic|Ice Beam|p1a: Whimsicott
|-supereffective|p1a: Whimsicott|1
|-damage|p1a: Whimsicott|15/100
|
|upkeep
|turn|2
|
|t:|1785376786
|move|p2b: Excadrill|Protect|p2b: Excadrill
|-singleturn|p2b: Excadrill|Protect
|move|p1b: Kingambit|Sucker Punch||[still]
|-fail|p1b: Kingambit
|move|p1a: Whimsicott|Moonblast|p2b: Excadrill
|-activate|p2b: Excadrill|move: Protect
|move|p2a: Milotic|Scald|p1b: Kingambit
|-damage|p1b: Kingambit|49/100
|
|upkeep
|turn|3
|
|t:|1785376805
|switch|p2b: Sinistcha|Sinistcha, L50, shiny|100/100
|move|p1a: Whimsicott|Encore||[still]
|-fail|p1a: Whimsicott
|move|p1b: Kingambit|Kowtow Cleave|p2b: Sinistcha
|-supereffective|p2b: Sinistcha|1
|-enditem|p2b: Sinistcha|Colbur Berry|[eat]
|-enditem|p2b: Sinistcha|Colbur Berry|[weaken]
|-damage|p2b: Sinistcha|48/100
|move|p2a: Milotic|Scald|p1b: Kingambit
|-crit|p1b: Kingambit
|-damage|p1b: Kingambit|3/100
|
|upkeep
|turn|4
|
|t:|1785376826
|move|p1a: Whimsicott|Protect|p1a: Whimsicott
|-singleturn|p1a: Whimsicott|Protect
|move|p2b: Sinistcha|Protect|p2b: Sinistcha
|-singleturn|p2b: Sinistcha|Protect
|move|p1b: Kingambit|Kowtow Cleave|p2a: Milotic
|-damage|p2a: Milotic|48/100
|-enditem|p2a: Milotic|Sitrus Berry|[eat]
|-heal|p2a: Milotic|72/100|[from] item: Sitrus Berry
|move|p2a: Milotic|Ice Beam|p1a: Whimsicott
|-activate|p1a: Whimsicott|move: Protect
|
|-sideend|p1: ScrappySD|move: Tailwind
|upkeep
|turn|5
|
|t:|1785376843
|move|p2b: Sinistcha|Rage Powder|p2b: Sinistcha
|-singleturn|p2b: Sinistcha|move: Rage Powder
|move|p1a: Whimsicott|Encore|p2b: Sinistcha
|-start|p2b: Sinistcha|Encore
|move|p2a: Milotic|Scald|p1b: Kingambit
|-damage|p1b: Kingambit|0 fnt
|faint|p1b: Kingambit
|
|upkeep
|
|t:|1785376854
|switch|p1b: Floette|Floette-Eternal, L50, F|100/100
|turn|6
|
|t:|1785376863
|detailschange|p1b: Floette|Floette-Mega, L50, F
|-mega|p1b: Floette|Floette|Floettite
|-ability|p1b: Floette|Fairy Aura
|move|p2b: Sinistcha|Rage Powder|p2b: Sinistcha
|-singleturn|p2b: Sinistcha|move: Rage Powder
|move|p1a: Whimsicott|Moonblast|p2a: Milotic
|-damage|p2a: Milotic|39/100
|move|p1b: Floette|Dazzling Gleam|p2b: Sinistcha|[spread] p2a,p2b
|-damage|p2a: Milotic|4/100
|-damage|p2b: Sinistcha|4/100
|move|p2a: Milotic|Ice Beam|p1a: Whimsicott
|-supereffective|p1a: Whimsicott|1
|-damage|p1a: Whimsicott|0 fnt
|faint|p1a: Whimsicott
|
|upkeep
|
|t:|1785376867
|switch|p1a: Basculegion|Basculegion, L50, M|100/100
|turn|7
|
|t:|1785376876
|move|p2a: Milotic|Protect|p2a: Milotic
|-singleturn|p2a: Milotic|Protect
|move|p2b: Sinistcha|Rage Powder|p2b: Sinistcha
|-singleturn|p2b: Sinistcha|move: Rage Powder
|move|p1b: Floette|Dazzling Gleam|p2b: Sinistcha|[spread] p2b
|-activate|p2a: Milotic|move: Protect
|-damage|p2b: Sinistcha|0 fnt
|faint|p2b: Sinistcha
|move|p1a: Basculegion|Last Respects|p2a: Milotic
|-activate|p2a: Milotic|move: Protect
|
|upkeep
|
|t:|1785376887
|switch|p2b: Excadrill|Excadrill, L50, F, shiny|100/100
|turn|8
|
|t:|1785376896
|switch|p2a: Tyranitar|Tyranitar, L50, M, shiny|100/100
|-weather|Sandstorm|[from] ability: Sand Stream|[of] p2a: Tyranitar
|move|p1b: Floette|Protect|p1b: Floette
|-singleturn|p1b: Floette|Protect
|move|p1a: Basculegion|Aqua Jet|p2b: Excadrill
|-supereffective|p2b: Excadrill|1
|-enditem|p2b: Excadrill|Focus Sash
|-damage|p2b: Excadrill|1/100
|move|p2b: Excadrill|Iron Head|p1b: Floette
|-activate|p1b: Floette|move: Protect
|
|-weather|Sandstorm|[upkeep]
|-damage|p1b: Floette|94/100|[from] Sandstorm
|-damage|p1a: Basculegion|93/100|[from] Sandstorm
|upkeep
|turn|9
|
|t:|1785376916
|switch|p2b: Milotic|Milotic, L50, M, shiny|4/100
|detailschange|p2a: Tyranitar|Tyranitar-Mega, L50, M, shiny
|-mega|p2a: Tyranitar|Tyranitar|Tyranitarite
|move|p1a: Basculegion|Aqua Jet|p2b: Milotic
|-resisted|p2b: Milotic|1
|-damage|p2b: Milotic|0 fnt
|faint|p2b: Milotic
|move|p1b: Floette|Light of Ruin|p2a: Tyranitar|[miss]
|-miss|p1b: Floette|p2a: Tyranitar
|move|p2a: Tyranitar|Knock Off|p1a: Basculegion
|-supereffective|p1a: Basculegion|1
|-damage|p1a: Basculegion|0 fnt
|-enditem|p1a: Basculegion|Mystic Water|[from] move: Knock Off|[of] p2a: Tyranitar
|faint|p1a: Basculegion
|
|-weather|Sandstorm|[upkeep]
|-damage|p1b: Floette|88/100|[from] Sandstorm
|upkeep
|
|t:|1785376928
|switch|p2b: Excadrill|Excadrill, L50, F, shiny|1/100
|turn|10
|
|t:|1785376933
|move|p1b: Floette|Protect|p1b: Floette
|-singleturn|p1b: Floette|Protect
|move|p2b: Excadrill|Iron Head|p1b: Floette
|-activate|p1b: Floette|move: Protect
|move|p2a: Tyranitar|Rock Slide|p1b: Floette
|-activate|p1b: Floette|move: Protect
|
|-weather|Sandstorm|[upkeep]
|-damage|p1b: Floette|82/100|[from] Sandstorm
|upkeep
|turn|11
|
|t:|1785376942
|move|p2b: Excadrill|Iron Head|p1b: Floette
|-supereffective|p1b: Floette|1
|-damage|p1b: Floette|0 fnt
|faint|p1b: Floette
|
|win|lucasmalt
||ScrappySD is ready for game 2.
|l|☆ScrappySD
|player|p1|
