|j|☆Pukeej
|j|☆altario8211
|html|Pukeejaltario8211    
|uhtml|bestof|Game 2 of a best-of-3
|t:|1756828213
|gametype|doubles
|player|p1|Pukeej|wattson|1045
|player|p2|altario8211|hugh|1102
|gen|9
|tier|[Gen 9] VGC 2025 Reg H (Bo3)
|rated|
|rule|Species Clause: Limit one of each Pokémon
|rule|Item Clause: Limit 1 of each item
|clearpoke
|poke|p1|Garchomp, L50, M|
|poke|p1|Hydreigon, L50, F|
|poke|p1|Gholdengo, L50|
|poke|p1|Electabuzz, L50, F|
|poke|p1|Incineroar, L50, F|
|poke|p1|Sneasler, L50, M|
|poke|p2|Rillaboom, L50, F|
|poke|p2|Porygon2, L50|
|poke|p2|Tauros-Paldea-Aqua, L50, M|
|poke|p2|Talonflame, L50, F|
|poke|p2|Sneasler, L50, M|
|poke|p2|Ursaluna, L50, F|
|teampreview|4
|showteam|p1|Garchomp||LifeOrb|RoughSkin|Earthquake,StompingTantrum,DragonClaw,Protect|||M|||50|,,,,,Ground]Hydreigon||CovertCloak|Levitate|DracoMeteor,Snarl,Tailwind,Protect|||F|||50|,,,,,Poison]Gholdengo||Leftovers|GoodasGold|MakeItRain,ShadowBall,NastyPlot,Protect||||||50|,,,,,Flying]Electabuzz||Eviolite|VitalSpirit|Electroweb,FollowMe,Taunt,Protect|||F|||50|,,,,,Ghost]Incineroar||SafetyGoggles|Intimidate|FakeOut,KnockOff,FlareBlitz,PartingShot|||F|||50|,,,,,Ghost]Sneasler||ClearAmulet|PoisonTouch|CloseCombat,DireClaw,Coaching,Protect|||M|||50|,,,,,Stellar
|showteam|p2|Rillaboom||AssaultVest|GrassySurge|FakeOut,Uturn,WoodHammer,GrassyGlide|||F|||50|,,,,,Fire]Porygon2||Eviolite|Download|TrickRoom,Recover,TeraBlast,Protect||||||50|,,,,,Ground]Tauros-Paldea-Aqua||ClearAmulet|Intimidate|CloseCombat,RagingBull,Protect,AquaJet|||M|||50|,,,,,Grass]Talonflame||CovertCloak|GaleWings|Tailwind,QuickGuard,DualWingbeat,FlareBlitz|||F|||50|,,,,,Stellar]Sneasler||FocusSash|Unburden|FakeOut,CloseCombat,DireClaw,Protect|||M|||50|,,,,,Ghost]Ursaluna||FlameOrb|Guts|Facade,HeadlongRush,Protect,ShadowClaw|||F|||50|,,,,,Ghost
|inactive|Battle timer is ON: inactive players will automatically lose when time's up. (requested by altario8211)
|inactive|Pukeej has 60 seconds left.
|
|t:|1756828263
|teamsize|p1|4
|teamsize|p2|4
|start
|switch|p1a: Electabuzz|Electabuzz, L50, F|100/100
|switch|p1b: Hydreigon|Hydreigon, L50, F|100/100
|switch|p2a: Porygon2|Porygon2, L50|100/100
|switch|p2b: Rillaboom|Rillaboom, L50, F|100/100
|-fieldstart|move: Grassy Terrain|[from] ability: Grassy Surge|[of] p2b: Rillaboom
|-ability|p2a: Porygon2|Download|boost
|-boost|p2a: Porygon2|atk|1
|turn|1
|
|t:|1756828285
|switch|p2a: Ursaluna|Ursaluna, L50, F|100/100
|-terastallize|p1a: Electabuzz|Ghost
|move|p2b: Rillaboom|Fake Out|p1b: Hydreigon
|-damage|p1b: Hydreigon|84/100
|move|p1b: Hydreigon|Snarl|p2a: Ursaluna|[spread] p2a,p2b
|-damage|p2a: Ursaluna|83/100
|-damage|p2b: Rillaboom|83/100
|-unboost|p2a: Ursaluna|spa|1
|-unboost|p2b: Rillaboom|spa|1
|move|p1a: Electabuzz|Taunt|p2a: Ursaluna
|-start|p2a: Ursaluna|move: Taunt
|
|-heal|p2b: Rillaboom|90/100|[from] Grassy Terrain
|-heal|p2a: Ursaluna|89/100|[from] Grassy Terrain
|-status|p2a: Ursaluna|brn|[from] item: Flame Orb
|upkeep
|turn|2
|
|t:|1756828304
|switch|p1a: Incineroar|Incineroar, L50, F|100/100
|-ability|p1a: Incineroar|Intimidate|boost
|-unboost|p2a: Ursaluna|atk|1
|-unboost|p2b: Rillaboom|atk|1
|move|p1b: Hydreigon|Protect|p1b: Hydreigon
|-singleturn|p1b: Hydreigon|Protect
|move|p2b: Rillaboom|U-turn|p1a: Incineroar
|-damage|p1a: Incineroar|87/100
|
|t:|1756828310
|switch|p2b: Tauros|Tauros-Paldea-Aqua, L50, M|100/100|[from] U-turn
|-ability|p2b: Tauros|Intimidate|boost
|-unboost|p1a: Incineroar|atk|1
|-unboost|p1b: Hydreigon|atk|1
|move|p2a: Ursaluna|Facade|p1b: Hydreigon
|-activate|p1b: Hydreigon|move: Protect
|
|-heal|p1a: Incineroar|93/100|[from] Grassy Terrain
|-heal|p2a: Ursaluna|95/100 brn|[from] Grassy Terrain
|-damage|p2a: Ursaluna|89/100 brn|[from] brn
|upkeep
|turn|3
|
|t:|1756828324
|switch|p1b: Electabuzz|Electabuzz, L50, F, tera:Ghost|100/100
|switch|p2a: Rillaboom|Rillaboom, L50, F|90/100
|move|p2b: Tauros|Protect|p2b: Tauros
|-singleturn|p2b: Tauros|Protect
|move|p1a: Incineroar|Parting Shot|p2a: Rillaboom
|-unboost|p2a: Rillaboom|atk|1
|-unboost|p2a: Rillaboom|spa|1
|
|t:|1756828341
|switch|p1a: Hydreigon|Hydreigon, L50, F|84/100|[from] Parting Shot
|
|-heal|p2a: Rillaboom|96/100|[from] Grassy Terrain
|upkeep
|turn|4
|
|t:|1756828350
|switch|p2b: Porygon2|Porygon2, L50|100/100
|-ability|p2b: Porygon2|Download|boost
|-boost|p2b: Porygon2|atk|1
|move|p1a: Hydreigon|Protect|p1a: Hydreigon
|-singleturn|p1a: Hydreigon|Protect
|move|p1b: Electabuzz|Electroweb|p2b: Porygon2|[spread] p2a,p2b
|-resisted|p2a: Rillaboom
|-damage|p2a: Rillaboom|90/100
|-damage|p2b: Porygon2|92/100
|-unboost|p2a: Rillaboom|spe|1
|-unboost|p2b: Porygon2|spe|1
|move|p2a: Rillaboom|U-turn|p1a: Hydreigon
|-activate|p1a: Hydreigon|move: Protect
|
|-heal|p2a: Rillaboom|96/100|[from] Grassy Terrain
|-heal|p2b: Porygon2|98/100|[from] Grassy Terrain
|upkeep
|turn|5
|
|t:|1756828368
|move|p1a: Hydreigon|Snarl|p2b: Porygon2|[spread] p2a,p2b
|-damage|p2a: Rillaboom|75/100
|-damage|p2b: Porygon2|86/100
|-unboost|p2a: Rillaboom|spa|1
|-unboost|p2b: Porygon2|spa|1
|move|p1b: Electabuzz|Taunt|p2b: Porygon2
|-start|p2b: Porygon2|move: Taunt
|move|p2a: Rillaboom|U-turn|p1b: Electabuzz
|-resisted|p1b: Electabuzz
|-damage|p1b: Electabuzz|93/100
|
|t:|1756828377
|switch|p2a: Ursaluna|Ursaluna, L50, F|89/100 brn|[from] U-turn
|move|p2b: Porygon2|Tera Blast|p1a: Hydreigon
|-damage|p1a: Hydreigon|62/100
|
|-heal|p1b: Electabuzz|99/100|[from] Grassy Terrain
|-heal|p2b: Porygon2|92/100|[from] Grassy Terrain
|-heal|p2a: Ursaluna|95/100 brn|[from] Grassy Terrain
|-damage|p2a: Ursaluna|89/100 brn|[from] brn
|-fieldend|move: Grassy Terrain
|upkeep
|turn|6
|
|t:|1756828393
|switch|p1a: Incineroar|Incineroar, L50, F|93/100
|-ability|p1a: Incineroar|Intimidate|boost
|-unboost|p2a: Ursaluna|atk|1
|-unboost|p2b: Porygon2|atk|1
|move|p2a: Ursaluna|Protect|p2a: Ursaluna
|-singleturn|p2a: Ursaluna|Protect
|move|p1b: Electabuzz|Follow Me|p1b: Electabuzz
|-singleturn|p1b: Electabuzz|move: Follow Me
|move|p2b: Porygon2|Tera Blast|p1b: Electabuzz
|-immune|p1b: Electabuzz
|
|-damage|p2a: Ursaluna|83/100 brn|[from] brn
|upkeep
|turn|7
|inactive|altario8211 has 30 seconds left.
|
|t:|1756828422
|switch|p2b: Rillaboom|Rillaboom, L50, F|75/100
|-fieldstart|move: Grassy Terrain|[from] ability: Grassy Surge|[of] p2b: Rillaboom
|-terastallize|p2a: Ursaluna|Ghost
|move|p1b: Electabuzz|Follow Me|p1b: Electabuzz
|-singleturn|p1b: Electabuzz|move: Follow Me
|move|p1a: Incineroar|Parting Shot|p2a: Ursaluna
|-unboost|p2a: Ursaluna|atk|1
|-unboost|p2a: Ursaluna|spa|1
|
|t:|1756828434
|switch|p1a: Hydreigon|Hydreigon, L50, F|62/100|[from] Parting Shot
|move|p2a: Ursaluna|Shadow Claw|p1b: Electabuzz
|-supereffective|p1b: Electabuzz
|-damage|p1b: Electabuzz|44/100
|
|-heal|p1b: Electabuzz|50/100|[from] Grassy Terrain
|-heal|p2b: Rillaboom|82/100|[from] Grassy Terrain
|-heal|p2a: Ursaluna|89/100 brn|[from] Grassy Terrain
|-damage|p2a: Ursaluna|83/100 brn|[from] brn
|upkeep
|turn|8
|
|t:|1756828445
|switch|p1b: Incineroar|Incineroar, L50, F|93/100
|-ability|p1b: Incineroar|Intimidate|boost
|-unboost|p2a: Ursaluna|atk|1
|-unboost|p2b: Rillaboom|atk|1
|switch|p2a: Porygon2|Porygon2, L50|92/100
|-ability|p2a: Porygon2|Download|boost
|-boost|p2a: Porygon2|spa|1
|move|p1a: Hydreigon|Snarl|p2a: Porygon2|[spread] p2a,p2b
|-damage|p2a: Porygon2|80/100
|-damage|p2b: Rillaboom|64/100
|-unboost|p2a: Porygon2|spa|1
|-unboost|p2b: Rillaboom|spa|1
|move|p2b: Rillaboom|Wood Hammer|p1b: Incineroar
|-resisted|p1b: Incineroar
|-damage|p1b: Incineroar|73/100
|-damage|p2b: Rillaboom|57/100|[from] Recoil
|
|-heal|p2b: Rillaboom|63/100|[from] Grassy Terrain
|-heal|p2a: Porygon2|86/100|[from] Grassy Terrain
|-heal|p1b: Incineroar|79/100|[from] Grassy Terrain
|upkeep
|turn|9
|
|t:|1756828464
|switch|p1a: Electabuzz|Electabuzz, L50, F, tera:Ghost|50/100
|move|p1b: Incineroar|Fake Out|p2a: Porygon2
|-damage|p2a: Porygon2|80/100
|move|p2b: Rillaboom|U-turn|p1a: Electabuzz
|-resisted|p1a: Electabuzz
|-damage|p1a: Electabuzz|43/100
|
|t:|1756828471
|switch|p2b: Ursaluna|Ursaluna, L50, F, tera:Ghost|83/100 brn|[from] U-turn
|cant|p2a: Porygon2|flinch
|
|-heal|p1a: Electabuzz|49/100|[from] Grassy Terrain
|-heal|p2a: Porygon2|86/100|[from] Grassy Terrain
|-heal|p1b: Incineroar|85/100|[from] Grassy Terrain
|-heal|p2b: Ursaluna|89/100 brn|[from] Grassy Terrain
|-damage|p2b: Ursaluna|83/100 brn|[from] brn
|upkeep
|turn|10
|inactive|Pukeej has 30 seconds left.
|inactive|altario8211 has 30 seconds left.
|
|t:|1756828501
|switch|p2b: Tauros|Tauros-Paldea-Aqua, L50, M|100/100
|-ability|p2b: Tauros|Intimidate|boost
|-unboost|p1a: Electabuzz|atk|1
|-unboost|p1b: Incineroar|atk|1
|move|p1a: Electabuzz|Protect|p1a: Electabuzz
|-singleturn|p1a: Electabuzz|Protect
|move|p2a: Porygon2|Tera Blast|p1b: Incineroar
|-damage|p1b: Incineroar|61/100
|move|p1b: Incineroar|Knock Off|p2b: Tauros
|-resisted|p2b: Tauros
|-damage|p2b: Tauros|84/100
|-enditem|p2b: Tauros|Clear Amulet|[from] move: Knock Off|[of] p1b: Incineroar
|
|-heal|p2b: Tauros|90/100|[from] Grassy Terrain
|-heal|p1a: Electabuzz|55/100|[from] Grassy Terrain
|-heal|p2a: Porygon2|93/100|[from] Grassy Terrain
|-heal|p1b: Incineroar|67/100|[from] Grassy Terrain
|upkeep
|turn|11
|inactive|Pukeej has 30 seconds left.
|
|t:|1756828527
|switch|p1b: Hydreigon|Hydreigon, L50, F|62/100
|move|p2b: Tauros|Raging Bull|p1b: Hydreigon
|-resisted|p1b: Hydreigon
|-damage|p1b: Hydreigon|40/100
|move|p1a: Electabuzz|Taunt|p2a: Porygon2
|-start|p2a: Porygon2|move: Taunt
|cant|p2a: Porygon2|move: Taunt|Trick Room
|
|-heal|p2b: Tauros|96/100|[from] Grassy Terrain
|-heal|p1a: Electabuzz|61/100|[from] Grassy Terrain
|-heal|p2a: Porygon2|99/100|[from] Grassy Terrain
|-fieldend|move: Grassy Terrain
|upkeep
|turn|12
|
|t:|1756828547
|switch|p2a: Rillaboom|Rillaboom, L50, F|63/100
|-fieldstart|move: Grassy Terrain|[from] ability: Grassy Surge|[of] p2a: Rillaboom
|move|p2b: Tauros|Protect|p2b: Tauros
|-singleturn|p2b: Tauros|Protect
|move|p1b: Hydreigon|Draco Meteor|p2b: Tauros
|-activate|p2b: Tauros|move: Protect
|move|p1a: Electabuzz|Electroweb|p2b: Tauros|[spread] p2a
|-activate|p2b: Tauros|move: Protect
|-resisted|p2a: Rillaboom
|-damage|p2a: Rillaboom|58/100
|-unboost|p2a: Rillaboom|spe|1
|
|-heal|p2b: Tauros|100/100|[from] Grassy Terrain
|-heal|p1a: Electabuzz|67/100|[from] Grassy Terrain
|-heal|p2a: Rillaboom|64/100|[from] Grassy Terrain
|upkeep
|turn|13
|
|t:|1756828565
|switch|p2b: Porygon2|Porygon2, L50|99/100
|-ability|p2b: Porygon2|Download|boost
|-boost|p2b: Porygon2|atk|1
|move|p1b: Hydreigon|Protect|p1b: Hydreigon
|-singleturn|p1b: Hydreigon|Protect
|move|p1a: Electabuzz|Electroweb|p2a: Rillaboom|[spread] p2a,p2b
|-resisted|p2a: Rillaboom
|-damage|p2a: Rillaboom|58/100
|-damage|p2b: Porygon2|91/100
|-unboost|p2a: Rillaboom|spe|1
|-unboost|p2b: Porygon2|spe|1
|move|p2a: Rillaboom|U-turn|p1b: Hydreigon
|-activate|p1b: Hydreigon|move: Protect
|
|-heal|p1a: Electabuzz|73/100|[from] Grassy Terrain
|-heal|p2a: Rillaboom|65/100|[from] Grassy Terrain
|-heal|p2b: Porygon2|98/100|[from] Grassy Terrain
|upkeep
|turn|14
|inactive|Pukeej has 30 seconds left.
|inactive|Pukeej has 20 seconds left.
|
|t:|1756828600
|switch|p1b: Incineroar|Incineroar, L50, F|67/100
|-ability|p1b: Incineroar|Intimidate|boost
|-unboost|p2a: Rillaboom|atk|1
|-unboost|p2b: Porygon2|atk|1
|move|p1a: Electabuzz|Taunt|p2b: Porygon2
|-start|p2b: Porygon2|move: Taunt
|move|p2a: Rillaboom|U-turn|p1b: Incineroar
|-damage|p1b: Incineroar|55/100
|
|t:|1756828607
|switch|p2a: Tauros|Tauros-Paldea-Aqua, L50, M|100/100|[from] U-turn
|-ability|p2a: Tauros|Intimidate|boost
|-unboost|p1a: Electabuzz|atk|1
|-unboost|p1b: Incineroar|atk|1
|cant|p2b: Porygon2|move: Taunt|Trick Room
|
|-heal|p1a: Electabuzz|78/100|[from] Grassy Terrain
|-heal|p1b: Incineroar|61/100|[from] Grassy Terrain
|-heal|p2b: Porygon2|100/100|[from] Grassy Terrain
|upkeep
|turn|15
|
|t:|1756828625
|move|p1b: Incineroar|Fake Out|p2a: Tauros
|-damage|p2a: Tauros|92/100
|cant|p2a: Tauros|flinch
|move|p1a: Electabuzz|Electroweb|p2a: Tauros|[spread] p2a,p2b
|-supereffective|p2a: Tauros
|-damage|p2a: Tauros|52/100
|-damage|p2b: Porygon2|92/100
|-unboost|p2a: Tauros|spe|1
|-unboost|p2b: Porygon2|spe|1
|move|p2b: Porygon2|Tera Blast|p1b: Incineroar
|-damage|p1b: Incineroar|36/100
|
|-heal|p1a: Electabuzz|84/100|[from] Grassy Terrain
|-heal|p2a: Tauros|58/100|[from] Grassy Terrain
|-heal|p1b: Incineroar|42/100|[from] Grassy Terrain
|-heal|p2b: Porygon2|98/100|[from] Grassy Terrain
|upkeep
|turn|16
|
|t:|1756828639
|switch|p2b: Rillaboom|Rillaboom, L50, F|65/100
|move|p2a: Tauros|Protect|p2a: Tauros
|-singleturn|p2a: Tauros|Protect
|move|p1a: Electabuzz|Electroweb|p2a: Tauros|[spread] p2b
|-activate|p2a: Tauros|move: Protect
|-resisted|p2b: Rillaboom
|-damage|p2b: Rillaboom|59/100
|-unboost|p2b: Rillaboom|spe|1
|move|p1b: Incineroar|Parting Shot|p2a: Tauros
|-activate|p2a: Tauros|move: Protect
|
|-heal|p1a: Electabuzz|90/100|[from] Grassy Terrain
|-heal|p2a: Tauros|64/100|[from] Grassy Terrain
|-heal|p2b: Rillaboom|65/100|[from] Grassy Terrain
|-heal|p1b: Incineroar|48/100|[from] Grassy Terrain
|-fieldend|move: Grassy Terrain
|upkeep
|turn|17
|
|t:|1756828653
|switch|p2a: Porygon2|Porygon2, L50|98/100
|-ability|p2a: Porygon2|Download|boost
|-boost|p2a: Porygon2|spa|1
|move|p2b: Rillaboom|Fake Out|p1b: Incineroar
|-damage|p1b: Incineroar|36/100
|move|p1a: Electabuzz|Electroweb|p2b: Rillaboom|[spread] p2a,p2b
|-resisted|p2b: Rillaboom
|-damage|p2a: Porygon2|91/100
|-damage|p2b: Rillaboom|59/100
|-unboost|p2a: Porygon2|spe|1
|-unboost|p2b: Rillaboom|spe|1
|cant|p1b: Incineroar|flinch
|
|upkeep
|turn|18
|inactive|Pukeej has 30 seconds left.
|inactive|Pukeej has 20 seconds left.
|
|t:|1756828691
|switch|p1b: Sneasler|Sneasler, L50, M|100/100
|switch|p2b: Ursaluna|Ursaluna, L50, F, tera:Ghost|83/100 brn
|move|p1a: Electabuzz|Taunt|p2a: Porygon2
|-start|p2a: Porygon2|move: Taunt
|move|p2a: Porygon2|Tera Blast|p1b: Sneasler
|-damage|p1b: Sneasler|49/100
|
|-damage|p2b: Ursaluna|77/100 brn|[from] brn
|upkeep
|turn|19
|inactive|altario8211 has 30 seconds left.
|
|t:|1756828720
|switch|p1b: Incineroar|Incineroar, L50, F|36/100
|-ability|p1b: Incineroar|Intimidate|boost
|-unboost|p2a: Porygon2|atk|1
|-unboost|p2b: Ursaluna|atk|1
|move|p1a: Electabuzz|Electroweb|p2b: Ursaluna|[spread] p2a,p2b
|-damage|p2a: Porygon2|82/100
|-damage|p2b: Ursaluna|64/100 brn
|-unboost|p2a: Porygon2|spe|1
|-unboost|p2b: Ursaluna|spe|1
|move|p2a: Porygon2|Tera Blast|p1b: Incineroar
|-damage|p1b: Incineroar|0 fnt
|faint|p1b: Incineroar
|move|p2b: Ursaluna|Shadow Claw|p1a: Electabuzz
|-supereffective|p1a: Electabuzz
|-damage|p1a: Electabuzz|18/100
|
|-damage|p2b: Ursaluna|58/100 brn|[from] brn
|upkeep
|
|t:|1756828739
|switch|p1b: Sneasler|Sneasler, L50, M|49/100
|turn|20
|
|t:|1756828755
|switch|p2a: Rillaboom|Rillaboom, L50, F|59/100
|-fieldstart|move: Grassy Terrain|[from] ability: Grassy Surge|[of] p2a: Rillaboom
|move|p1a: Electabuzz|Protect|p1a: Electabuzz
|-singleturn|p1a: Electabuzz|Protect
|move|p1b: Sneasler|Close Combat|p2a: Rillaboom
|-damage|p2a: Rillaboom|0 fnt
|-unboost|p1b: Sneasler|def|1
|-unboost|p1b: Sneasler|spd|1
|faint|p2a: Rillaboom
|move|p2b: Ursaluna|Shadow Claw|p1a: Electabuzz
|-activate|p1a: Electabuzz|move: Protect
|
|-heal|p1b: Sneasler|55/100|[from] Grassy Terrain
|-heal|p1a: Electabuzz|24/100|[from] Grassy Terrain
|-heal|p2b: Ursaluna|64/100 brn|[from] Grassy Terrain
|-damage|p2b: Ursaluna|58/100 brn|[from] brn
|upkeep
|
|t:|1756828764
|switch|p2a: Tauros|Tauros-Paldea-Aqua, L50, M|64/100
|-ability|p2a: Tauros|Intimidate|boost
|-unboost|p1a: Electabuzz|atk|1
|-fail|p1b: Sneasler|unboost|[from] item: Clear Amulet|[of] p1b: Sneasler
|turn|21
|inactive|Pukeej has 30 seconds left.
|inactive|altario8211 has 30 seconds left.
|
|t:|1756828800
|move|p2a: Tauros|Protect|p2a: Tauros
|-singleturn|p2a: Tauros|Protect
|move|p1a: Electabuzz|Follow Me|p1a: Electabuzz
|-singleturn|p1a: Electabuzz|move: Follow Me
|move|p1b: Sneasler|Close Combat|p2a: Tauros
|-activate|p2a: Tauros|move: Protect
|move|p2b: Ursaluna|Shadow Claw|p1a: Electabuzz
|-supereffective|p1a: Electabuzz
|-damage|p1a: Electabuzz|0 fnt
|faint|p1a: Electabuzz
|
|-heal|p1b: Sneasler|61/100|[from] Grassy Terrain
|-heal|p2a: Tauros|70/100|[from] Grassy Terrain
|-heal|p2b: Ursaluna|64/100 brn|[from] Grassy Terrain
|-damage|p2b: Ursaluna|58/100 brn|[from] brn
|upkeep
|
|t:|1756828804
|switch|p1a: Hydreigon|Hydreigon, L50, F|40/100
|turn|22
|inactive|Pukeej has 30 seconds left.
|inactive|Pukeej has 20 seconds left.
|inactive|Pukeej has 15 seconds left.
|inactive|Pukeej has 10 seconds left.
|
|t:|1756828832
|switch|p2b: Porygon2|Porygon2, L50|82/100
|-ability|p2b: Porygon2|Download|boost
|-boost|p2b: Porygon2|atk|1
|move|p1b: Sneasler|Protect|p1b: Sneasler
|-singleturn|p1b: Sneasler|Protect
|move|p2a: Tauros|Raging Bull|p1b: Sneasler
|-activate|p1b: Sneasler|move: Protect
|move|p1a: Hydreigon|Snarl|p2a: Tauros|[spread] p2a,p2b
|-resisted|p2a: Tauros
|-damage|p2a: Tauros|52/100
|-damage|p2b: Porygon2|70/100
|-unboost|p2a: Tauros|spa|1
|-unboost|p2b: Porygon2|spa|1
|
|-heal|p1b: Sneasler|67/100|[from] Grassy Terrain
|-heal|p2a: Tauros|58/100|[from] Grassy Terrain
|-heal|p2b: Porygon2|76/100|[from] Grassy Terrain
|upkeep
|turn|23
|inactive|Pukeej has 10 seconds left this turn.
|inactive|Pukeej has 5 seconds left.
|-message|Pukeej lost due to inactivity.
|
|win|altario8211
|raw|Pukeej's rating: 1045 → 1031(-14 for losing)
|raw|altario8211's rating: 1102 → 1123(+21 for winning)
|l|☆Pukeej
|player|p1|
