|j|☆kethhhhhh
|j|☆eklyst
|html|kethhhhhheklyst    
|uhtml|bestof|Game 2 of a best-of-3
|t:|1785646315
|gametype|doubles
|player|p1|kethhhhhh|lady|1090
|player|p2|eklyst|pokemaniac|1153
|gen|9
|tier|[Gen 9 Champions] VGC 2026 Reg M-B (Bo3)
|rated|
|rule|Species Clause: Limit one of each Pokémon
|rule|Item Clause: Limit 1 of each item
|clearpoke
|poke|p1|Aerodactyl, L50, M|
|poke|p1|Lopunny, L50, F|
|poke|p1|Altaria, L50, M|
|poke|p1|Blaziken, L50, M|
|poke|p1|Kingambit, L50, F|
|poke|p1|Rotom-Wash, L50|
|poke|p2|Metagross, L50|
|poke|p2|Floette-Eternal, L50, F|
|poke|p2|Garchomp, L50, F|
|poke|p2|Aerodactyl, L50, M|
|poke|p2|Sinistcha, L50|
|poke|p2|Incineroar, L50, M|
|teampreview|4
|showteam|p1|Aerodactyl||Aerodactylite|Unnerve|DualWingbeat,RockSlide,IceFang,Protect|Jolly||M|||50|]Lopunny||Lopunnite|Limber|FakeOut,Uturn,CloseCombat,Protect|Jolly||F|||50|]Altaria||SitrusBerry|CloudNine|Haze,Tailwind,BraveBird,Roost|Impish||M|||50|]Blaziken||ExpertBelt|SpeedBoost|CloseCombat,FlareBlitz,RockSlide,Protect|Adamant||M|||50|]Kingambit||LifeOrb|Defiant|SuckerPunch,KowtowCleave,IronHead,Protect|Adamant||F|||50|]Rotom-Wash||Leftovers|Levitate|HydroPump,Thunderbolt,VoltSwitch,ThunderWave|Modest|||||50|
|showteam|p2|Metagross||Metagrossite|ClearBody|PsychicFangs,IronHead,BulletPunch,Protect|Adamant|||||50|]Floette-Eternal||Floettite|FlowerVeil|DazzlingGleam,Moonblast,CalmMind,Protect|Modest||F|||50|]Garchomp||LifeOrb|RoughSkin|RockSlide,StompingTantrum,DragonClaw,Protect|Jolly||F|||50|]Aerodactyl||FocusSash|Unnerve|RockSlide,DualWingbeat,Tailwind,Protect|Jolly||M|||50|]Sinistcha||KasibBerry|Hospitality|MatchaGotcha,TrickRoom,RagePowder,Protect|Relaxed|||||50|]Incineroar||SitrusBerry|Intimidate|FakeOut,FlareBlitz,Taunt,PartingShot|Adamant||M|||50|
|inactive|Battle timer is ON: inactive players will automatically lose when time's up. (requested by eklyst)
|
|t:|1785646338
|teamsize|p1|4
|teamsize|p2|4
|start
|switch|p1a: Kingambit|Kingambit, L50, F|100/100
|switch|p1b: Blaziken|Blaziken, L50, M|100/100
|switch|p2a: Sinistcha|Sinistcha, L50|100/100
|switch|p2b: Garchomp|Garchomp, L50, F|100/100
|turn|1
|inactive|kethhhhhh has 30 seconds left.
|inactive|kethhhhhh has 20 seconds left.
|inactive|kethhhhhh has 15 seconds left.
|
|t:|1785646380
|switch|p1b: Rotom|Rotom-Wash, L50|100/100
|move|p2a: Sinistcha|Protect|p2a: Sinistcha
|-singleturn|p2a: Sinistcha|Protect
|move|p2b: Garchomp|Stomping Tantrum|p1a: Kingambit
|-supereffective|p1a: Kingambit|1
|-damage|p1a: Kingambit|16/100
|-damage|p2b: Garchomp|90/100|[from] item: Life Orb
|move|p1a: Kingambit|Kowtow Cleave|p2a: Sinistcha
|-activate|p2a: Sinistcha|move: Protect
|
|upkeep
|turn|2
|inactive|eklyst has 30 seconds left.
|
|t:|1785646406
|move|p1a: Kingambit|Protect|p1a: Kingambit
|-singleturn|p1a: Kingambit|Protect
|move|p2b: Garchomp|Stomping Tantrum|p1a: Kingambit
|-activate|p1a: Kingambit|move: Protect
|move|p1b: Rotom|Hydro Pump|p2b: Garchomp
|-damage|p2b: Garchomp|33/100
|move|p2a: Sinistcha|Matcha Gotcha|p1b: Rotom|[spread] p1b
|-activate|p1a: Kingambit|move: Protect
|-supereffective|p1b: Rotom|1
|-damage|p1b: Rotom|44/100
|
|-heal|p1b: Rotom|50/100g|[from] item: Leftovers
|upkeep
|turn|3
|
|t:|1785646427
|move|p1a: Kingambit|Sucker Punch|p2b: Garchomp
|-damage|p2b: Garchomp|0 fnt
|-damage|p1a: Kingambit|4/100|[from] ability: Rough Skin|[of] p2b: Garchomp
|faint|p2b: Garchomp
|-damage|p1a: Kingambit|0 fnt|[from] item: Life Orb
|faint|p1a: Kingambit
|move|p1b: Rotom|Thunder Wave|p2a: Sinistcha
|-status|p2a: Sinistcha|par
|move|p2a: Sinistcha|Matcha Gotcha|p1b: Rotom
|-supereffective|p1b: Rotom|1
|-damage|p1b: Rotom|0 fnt
|faint|p1b: Rotom
|
|upkeep
|
|t:|1785646440
|switch|p2b: Incineroar|Incineroar, L50, M|100/100
|switch|p1b: Blaziken|Blaziken, L50, M|100/100
|switch|p1a: Lopunny|Lopunny, L50, F|100/100
|-ability|p2b: Incineroar|Intimidate|boost
|-unboost|p1a: Lopunny|atk|1
|-unboost|p1b: Blaziken|atk|1
|turn|4
|
|t:|1785646454
|detailschange|p1a: Lopunny|Lopunny-Mega, L50, F
|-mega|p1a: Lopunny|Lopunny|Lopunnite
|move|p1a: Lopunny|Fake Out|p2a: Sinistcha
|-damage|p2a: Sinistcha|88/100 par
|move|p2b: Incineroar|Fake Out|p1b: Blaziken
|-damage|p1b: Blaziken|80/100
|cant|p1b: Blaziken|flinch
|cant|p2a: Sinistcha|flinch
|
|-ability|p1b: Blaziken|Speed Boost|boost
|-boost|p1b: Blaziken|spe|1
|upkeep
|turn|5
|
|t:|1785646467
|move|p1a: Lopunny|Protect|p1a: Lopunny
|-singleturn|p1a: Lopunny|Protect
|move|p2a: Sinistcha|Protect|p2a: Sinistcha
|-singleturn|p2a: Sinistcha|Protect
|move|p1b: Blaziken|Flare Blitz|p2a: Sinistcha
|-activate|p2a: Sinistcha|move: Protect
|move|p2b: Incineroar|Parting Shot|p1b: Blaziken
|-unboost|p1b: Blaziken|atk|1
|-unboost|p1b: Blaziken|spa|1
|
|t:|1785646477
|switch|p2b: Floette|Floette-Eternal, L50, F|100/100|[from] Parting Shot
|
|-ability|p1b: Blaziken|Speed Boost|boost
|-boost|p1b: Blaziken|spe|1
|upkeep
|turn|6
|-message|kethhhhhh forfeited.
|
|win|eklyst
|raw|kethhhhhh's rating: 1090 → 1071(-19 for losing)
|raw|eklyst's rating: 1153 → 1174(+21 for winning)
|l|☆kethhhhhh
|player|p1|
