|j|☆gene takavic
|j|☆mr.pickup
|html|gene takavicmr.pickup    
|uhtml|bestof|Game 1 of a best-of-3
|t:|1756532434
|gametype|doubles
|player|p1|gene takavic|pryce|1215
|player|p2|mr.pickup|pokemaniac|1245
|gen|9
|tier|[Gen 9] VGC 2025 Reg H (Bo3)
|rated|
|rule|Species Clause: Limit one of each Pokémon
|rule|Item Clause: Limit 1 of each item
|clearpoke
|poke|p1|Charizard, L50, M|
|poke|p1|Torkoal, L50, F|
|poke|p1|Porygon2, L50|
|poke|p1|Incineroar, L50, M|
|poke|p1|Jumpluff, L50, M|
|poke|p1|Ursaluna, L50, M|
|poke|p2|Dondozo, L50, M|
|poke|p2|Tatsugiri, L50, F|
|poke|p2|Glimmora, L50, M|
|poke|p2|Rillaboom, L50, M|
|poke|p2|Dragapult, L50, F|
|poke|p2|Volcarona, L50, M|
|teampreview|4
|showteam|p1|Charizard||ChoiceSpecs|SolarPower|HeatWave,Overheat,WeatherBall,AirSlash|||M|||50|,,,,,Ghost]Torkoal||EjectPack|Drought|Eruption,Overheat,HelpingHand,Protect|||F|||50|,,,,,Fire]Porygon2||Eviolite|Download|TeraBlast,IceBeam,Recover,TrickRoom||||||50|,,,,,Fighting]Incineroar||SitrusBerry|Intimidate|FlareBlitz,KnockOff,FakeOut,PartingShot|||M|||50|,,,,,Ghost]Jumpluff||CovertCloak|Chlorophyll|SleepPowder,SunnyDay,RagePowder,Tailwind|||M|||50|,,,,,Water]Ursaluna||FlameOrb|Guts|HeadlongRush,Facade,Earthquake,Protect|||M|||50|,,,,,Ghost
|showteam|p2|Dondozo||Leftovers|Oblivious|OrderUp,WaveCrash,Earthquake,Protect|||M|||50|,,,,,Steel]Tatsugiri||ChoiceScarf|Commander|Surf,MuddyWater,TeraBlast,DracoMeteor|||F|||50|,,,,,Ghost]Glimmora||FocusSash|ToxicDebris|PowerGem,EnergyBall,DazzlingGleam,SpikyShield|||M|||50|,,,,,Grass]Rillaboom||MiracleSeed|GrassySurge|GrassyGlide,WoodHammer,FakeOut,KnockOff|||M|||50|,,,,,Grass]Dragapult||ChoiceBand|ClearBody|DragonDarts,Outrage,PhantomForce,Uturn|||F|||50|,,,,,Dragon]Volcarona||SafetyGoggles|FlameBody|QuiverDance,HeatWave,TeraBlast,Protect|||M|||50|,,,,,Fairy
|inactive|Battle timer is ON: inactive players will automatically lose when time's up. (requested by gene takavic)
|inactive|mr.pickup also wants the timer to be on.
|inactive|gene takavic has 60 seconds left.
|inactive|mr.pickup has 60 seconds left.
|
|t:|1756532481
|teamsize|p1|4
|teamsize|p2|4
|start
|switch|p1a: Charizard|Charizard, L50, M|100/100
|switch|p1b: Porygon2|Porygon2, L50|100/100
|switch|p2a: Dragapult|Dragapult, L50, F|100/100
|switch|p2b: Glimmora|Glimmora, L50, M|100/100
|-ability|p1b: Porygon2|Download|boost
|-boost|p1b: Porygon2|spa|1
|turn|1
|
|t:|1756532497
|-terastallize|p1a: Charizard|Ghost
|move|p2a: Dragapult|Dragon Darts|p1b: Porygon2
|-damage|p1b: Porygon2|74/100
|-anim|p2a: Dragapult|Dragon Darts|p1a: Charizard
|-damage|p1a: Charizard|48/100
|move|p1a: Charizard|Heat Wave|p2b: Glimmora|[spread] p2a,p2b
|-resisted|p2a: Dragapult
|-resisted|p2b: Glimmora
|-damage|p2a: Dragapult|66/100
|-damage|p2b: Glimmora|66/100
|-status|p2a: Dragapult|brn
|move|p2b: Glimmora|Power Gem|p1b: Porygon2
|-damage|p1b: Porygon2|45/100
|move|p1b: Porygon2|Ice Beam|p2a: Dragapult
|-supereffective|p2a: Dragapult
|-damage|p2a: Dragapult|0 fnt
|faint|p2a: Dragapult
|
|upkeep
|
|t:|1756532512
|switch|p2a: Dondozo|Dondozo, L50, M|100/100
|turn|2
|
|t:|1756532527
|switch|p1a: Incineroar|Incineroar, L50, M|100/100
|-ability|p1a: Incineroar|Intimidate|boost
|-fail|p2a: Dondozo|unboost|Attack|[from] ability: Oblivious|[of] p2a: Dondozo
|-unboost|p2b: Glimmora|atk|1
|switch|p2b: Tatsugiri|Tatsugiri, L50, F|100/100
|-activate|p2b: Tatsugiri|ability: Commander|[of] p2a: Dondozo
|-boost|p2a: Dondozo|atk|2
|-boost|p2a: Dondozo|spa|2
|-boost|p2a: Dondozo|spe|2
|-boost|p2a: Dondozo|def|2
|-boost|p2a: Dondozo|spd|2
|move|p2a: Dondozo|Wave Crash|p1b: Porygon2
|-damage|p1b: Porygon2|0 fnt
|faint|p1b: Porygon2
|-damage|p2a: Dondozo|89/100|[from] Recoil
|
|-heal|p2a: Dondozo|95/100|[from] item: Leftovers
|upkeep
|
|t:|1756532532
|switch|p1b: Torkoal|Torkoal, L50, F|100/100
|-weather|SunnyDay|[from] ability: Drought|[of] p1b: Torkoal
|turn|3
|
|t:|1756532546
|move|p2a: Dondozo|Protect|p2a: Dondozo
|-singleturn|p2a: Dondozo|Protect
|move|p1a: Incineroar|Parting Shot|p2a: Dondozo
|-activate|p2a: Dondozo|move: Protect
|move|p1b: Torkoal|Eruption|p2b: Tatsugiri|[spread] 
|-miss|p1b: Torkoal|p2b: Tatsugiri
|-activate|p2a: Dondozo|move: Protect
|
|-weather|SunnyDay|[upkeep]
|-heal|p2a: Dondozo|100/100|[from] item: Leftovers
|upkeep
|turn|4
|
|t:|1756532550
|move|p2a: Dondozo|Earthquake|p1a: Incineroar|[spread] p1a,p1b
|-miss|p2a: Dondozo|p2b: Tatsugiri
|-supereffective|p1a: Incineroar
|-supereffective|p1b: Torkoal
|-damage|p1a: Incineroar|15/100
|-damage|p1b: Torkoal|23/100
|-enditem|p1a: Incineroar|Sitrus Berry|[eat]
|-heal|p1a: Incineroar|40/100|[from] item: Sitrus Berry
|move|p1a: Incineroar|Parting Shot|p2a: Dondozo
|-unboost|p2a: Dondozo|atk|1
|-unboost|p2a: Dondozo|spa|1
|
|t:|1756532553
|switch|p1a: Charizard|Charizard, L50, M, tera:Ghost|48/100|[from] Parting Shot
|move|p1b: Torkoal|Eruption|p2b: Tatsugiri|[spread] p2a
|-miss|p1b: Torkoal|p2b: Tatsugiri
|-resisted|p2a: Dondozo
|-damage|p2a: Dondozo|96/100
|
|-weather|SunnyDay|[upkeep]
|-damage|p1a: Charizard|35/100|[from] ability: Solar Power|[of] p1a: Charizard
|-heal|p2a: Dondozo|100/100|[from] item: Leftovers
|upkeep
|turn|5
|
|t:|1756532561
|move|p1b: Torkoal|Helping Hand|p1a: Charizard
|-singleturn|p1a: Charizard|Helping Hand|[of] p1b: Torkoal
|move|p1a: Charizard|Air Slash|p2a: Dondozo
|-damage|p2a: Dondozo|37/100
|move|p2a: Dondozo|Earthquake|p1b: Torkoal|[spread] p1a,p1b
|-miss|p2a: Dondozo|p2b: Tatsugiri
|-supereffective|p1b: Torkoal
|-damage|p1a: Charizard|0 fnt
|-damage|p1b: Torkoal|0 fnt
|faint|p1a: Charizard
|faint|p1b: Torkoal
|
|-weather|SunnyDay|[upkeep]
|-heal|p2a: Dondozo|44/100|[from] item: Leftovers
|upkeep
|
|t:|1756532564
|switch|p1a: Incineroar|Incineroar, L50, M|40/100
|-ability|p1a: Incineroar|Intimidate|boost
|-fail|p2a: Dondozo|unboost|Attack|[from] ability: Oblivious|[of] p2a: Dondozo
|-unboost|p2b: Tatsugiri|atk|1
|turn|6
|
|t:|1756532567
|move|p2a: Dondozo|Protect|p2a: Dondozo
|-singleturn|p2a: Dondozo|Protect
|move|p1a: Incineroar|Fake Out|p2a: Dondozo
|-activate|p2a: Dondozo|move: Protect
|
|-weather|SunnyDay|[upkeep]
|-heal|p2a: Dondozo|50/100|[from] item: Leftovers
|upkeep
|turn|7
|
|t:|1756532569
|move|p2a: Dondozo|Wave Crash|p1a: Incineroar
|-supereffective|p1a: Incineroar
|-damage|p1a: Incineroar|0 fnt
|faint|p1a: Incineroar
|-damage|p2a: Dondozo|39/100|[from] Recoil
|
|win|mr.pickup
||gene takavic is ready for game 2.
