|j|☆ufhednarvgc
|j|☆Scoseb
|html|ufhednarvgcScoseb    
|uhtml|bestof|Game 1 of a best-of-3
|t:|1785351412
|gametype|doubles
|player|p1|ufhednarvgc|lance|1224
|player|p2|Scoseb|brycenman|1306
|gen|9
|tier|[Gen 9 Champions] VGC 2026 Reg M-B (Bo3)
|rated|
|rule|Species Clause: Limit one of each Pokémon
|rule|Item Clause: Limit 1 of each item
|clearpoke
|poke|p1|Staraptor, L50, M|
|poke|p1|Whimsicott, L50, M|
|poke|p1|Garchomp, L50, F|
|poke|p1|Raichu, L50, F|
|poke|p1|Basculegion, L50, M|
|poke|p1|Kingambit, L50, M|
|poke|p2|Gholdengo, L50|
|poke|p2|Zoroark-Hisui, L50, M|
|poke|p2|Incineroar, L50, M|
|poke|p2|Whimsicott, L50, F|
|poke|p2|Staraptor, L50, M|
|poke|p2|Garchomp, L50, M|
|teampreview|4
|showteam|p1|Staraptor||Staraptite|Intimidate|CloseCombat,BraveBird,Roost,Protect|Jolly||M|||50|]Whimsicott||FocusSash|Prankster|Moonblast,Charm,Tailwind,LightScreen|Timid||M|||50|]Garchomp||LifeOrb|RoughSkin|DragonClaw,Earthquake,RockSlide,Protect|Jolly||F|||50|]Raichu||RaichuniteY|Static|FakeOut,ZapCannon,FocusBlast,Protect|Timid||F|||50|]Basculegion||ChoiceScarf|Adaptability|LastRespects,WaveCrash,FlipTurn,AquaJet|Adamant||M|||50|]Kingambit||BlackGlasses|Defiant|KowtowCleave,SuckerPunch,SwordsDance,Protect|Adamant||M|||50|
|showteam|p2|Gholdengo||LifeOrb|GoodasGold|PowerGem,Protect,MakeItRain,ShadowBall|Modest|||||50|]Zoroark-Hisui||FocusSash|Illusion|Taunt,IcyWind,FakeTears,ShadowBall|Timid||M|||50|]Incineroar||SitrusBerry|Intimidate|FakeOut,PartingShot,FlareBlitz,DarkestLariat|Careful||M|||50|]Whimsicott||FairyFeather|Prankster|Moonblast,Tailwind,Charm,Encore|Modest||F|||50|]Staraptor||Staraptite|Reckless|CloseCombat,Protect,BraveBird,Roost|Jolly||M|||50|]Garchomp||Garchompite|RoughSkin|Protect,StompingTantrum,DragonClaw,RockSlide|Adamant||M|||50|
|inactive|Battle timer is ON: inactive players will automatically lose when time's up. (requested by Scoseb)
|inactive|ufhednarvgc has 60 seconds left.
|inactive|Scoseb has 60 seconds left.
|
|t:|1785351464
|teamsize|p1|4
|teamsize|p2|4
|start
|switch|p1a: Raichu|Raichu, L50, F|100/100
|switch|p1b: Whimsicott|Whimsicott, L50, M|100/100
|switch|p2a: Gholdengo|Gholdengo, L50|100/100
|switch|p2b: Whimsicott|Whimsicott, L50, F|100/100
|turn|1
|
|t:|1785351483
|detailschange|p1a: Raichu|Raichu-Mega-Y, L50, F
|-mega|p1a: Raichu|Raichu|Raichunite Y
|move|p1b: Whimsicott|Tailwind|p1b: Whimsicott
|-sidestart|p1: ufhednarvgc|move: Tailwind
|move|p1a: Raichu|Zap Cannon|p2a: Gholdengo
|-damage|p2a: Gholdengo|37/100
|-status|p2a: Gholdengo|par
|move|p2b: Whimsicott|Icy Wind|p1a: Raichu|[spread] p1a,p1b
|-supereffective|p1b: Whimsicott|1
|-damage|p1a: Raichu|81/100
|-damage|p1b: Whimsicott|56/100
|-unboost|p1a: Raichu|spe|1
|-unboost|p1b: Whimsicott|spe|1
|move|p2a: Gholdengo|Shadow Ball|p1a: Raichu
|-damage|p1a: Raichu|11/100
|-damage|p2a: Gholdengo|28/100 par|[from] item: Life Orb
|
|upkeep
|turn|2
|
|t:|1785351505
|switch|p1a: Kingambit|Kingambit, L50, M|100/100
|move|p1b: Whimsicott|Light Screen|p1b: Whimsicott
|-sidestart|p1: ufhednarvgc|move: Light Screen
|move|p2b: Whimsicott|Icy Wind|p1b: Whimsicott|[spread] p1a,p1b
|-resisted|p1a: Kingambit|1
|-supereffective|p1b: Whimsicott|1
|-damage|p1a: Kingambit|95/100
|-damage|p1b: Whimsicott|26/100
|-unboost|p1a: Kingambit|spe|1
|-ability|p1a: Kingambit|Defiant|boost
|-boost|p1a: Kingambit|atk|2
|-unboost|p1b: Whimsicott|spe|1
|move|p2a: Gholdengo|Shadow Ball|p1b: Whimsicott
|-damage|p1b: Whimsicott|0 fnt
|faint|p1b: Whimsicott
|-damage|p2a: Gholdengo|18/100 par|[from] item: Life Orb
|
|upkeep
|
|t:|1785351521
|switch|p1b: Basculegion|Basculegion, L50, M|100/100
|turn|3
|
|t:|1785351532
|move|p1b: Basculegion|Flip Turn|p2a: Gholdengo
|-damage|p2a: Gholdengo|0 fnt
|faint|p2a: Gholdengo
|
|t:|1785351535
|switch|p1b: Raichu|Raichu-Mega-Y, L50, F|11/100|[from] Flip Turn
|move|p2b: Whimsicott|Shadow Ball|p1b: Raichu
|-damage|p1b: Raichu|0 fnt
|faint|p1b: Raichu
|move|p1a: Kingambit|Kowtow Cleave|p2b: Whimsicott
|-supereffective|p2b: Whimsicott|1
|-enditem|p2b: Whimsicott|Focus Sash
|-damage|p2b: Whimsicott|1/100
|replace|p2b: Zoroark|Zoroark-Hisui, L50, M
|-end|p2b: Zoroark|Illusion
|
|upkeep
|
|t:|1785351547
|switch|p1b: Basculegion|Basculegion, L50, M|100/100
|switch|p2a: Whimsicott|Whimsicott, L50, F|100/100
|turn|4
|inactive|Scoseb has 30 seconds left.
|
|t:|1785351575
|move|p2a: Whimsicott|Charm|p1b: Basculegion
|-unboost|p1b: Basculegion|atk|2
|move|p1b: Basculegion|Last Respects|p2a: Whimsicott
|-damage|p2a: Whimsicott|34/100
|move|p2b: Zoroark|Taunt|p1a: Kingambit
|-start|p1a: Kingambit|move: Taunt
|move|p1a: Kingambit|Kowtow Cleave|p2a: Whimsicott
|-resisted|p2a: Whimsicott|1
|-damage|p2a: Whimsicott|0 fnt
|faint|p2a: Whimsicott
|
|-sideend|p1: ufhednarvgc|move: Tailwind
|upkeep
|
|t:|1785351587
|switch|p2a: Staraptor|Staraptor, L50, M|100/100
|turn|5
|
|t:|1785351595
|detailschange|p2a: Staraptor|Staraptor-Mega, L50, M
|-mega|p2a: Staraptor|Staraptor|Staraptite
|move|p1a: Kingambit|Sucker Punch||[still]
|-fail|p1a: Kingambit
|move|p1b: Basculegion|Last Respects|p2a: Staraptor
|-damage|p2a: Staraptor|48/100
|move|p2b: Zoroark|Taunt|p1b: Basculegion
|-start|p1b: Basculegion|move: Taunt
|move|p2a: Staraptor|Close Combat|p1a: Kingambit
|-supereffective|p1a: Kingambit|2
|-damage|p1a: Kingambit|0 fnt
|-boost|p2a: Staraptor|def|1
|-boost|p2a: Staraptor|spd|1
|faint|p1a: Kingambit
|
|upkeep
|turn|6
|
|t:|1785351611
|move|p1b: Basculegion|Last Respects|p2a: Staraptor
|-damage|p2a: Staraptor|8/100
|move|p2b: Zoroark|Shadow Ball|p1b: Basculegion
|-supereffective|p1b: Basculegion|1
|-damage|p1b: Basculegion|32/100
|move|p2a: Staraptor|Brave Bird|p1b: Basculegion
|-damage|p1b: Basculegion|0 fnt
|faint|p1b: Basculegion
|-damage|p2a: Staraptor|0 fnt|[from] Recoil
|faint|p2a: Staraptor
|
|win|Scoseb
|l|☆ufhednarvgc
|player|p1|
||ufhednarvgc is ready for game 2.
|inactive|Scoseb has 30 seconds to confirm battle start!
||Scoseb is ready for game 2.
|uhtml|next|Next: Game 2 of 3
|l|☆Scoseb
|player|p2|
|j|☆ufhednarvgc
|player|p1|ufhednarvgc|lance|
