|j|☆void25o
|j|☆3rdPlaceTennis
|html|void25o3rdPlaceTennis    
|uhtml|bestof|Game 3 of a best-of-3
|t:|1756603057
|gametype|doubles
|player|p1|void25o|miku-ghost|1135
|player|p2|3rdPlaceTennis|bugcatcher-gen4dp|1048
|gen|9
|tier|[Gen 9] VGC 2025 Reg H (Bo3)
|rated|
|rule|Species Clause: Limit one of each Pokémon
|rule|Item Clause: Limit 1 of each item
|clearpoke
|poke|p1|Pelipper, L50, F|
|poke|p1|Archaludon, L50, M|
|poke|p1|Maushold-Four, L50|
|poke|p1|Poliwrath, L50, M|
|poke|p1|Sinistcha, L50|
|poke|p1|Indeedee, L50, M|
|poke|p2|Kommo-o, L50, F|
|poke|p2|Gothitelle, L50, F|
|poke|p2|Ninetales-Alola, L50, M|
|poke|p2|Incineroar, L50, M|
|poke|p2|Ursaluna, L50, F|
|poke|p2|Archaludon, L50, F|
|teampreview|4
|showteam|p1|Pelipper||SafetyGoggles|Drizzle|WeatherBall,Hurricane,Tailwind,Protect|||F|||50|,,,,,Ground]Archaludon||AssaultVest|Stamina|DragonPulse,ElectroShot,FlashCannon,BodyPress|||M|||50|,,,,,Grass]Maushold-Four||WideLens|Technician|PopulationBomb,FollowMe,Taunt,Protect||||||50|,,,,,Ghost]Poliwrath||SitrusBerry|SwiftSwim|DrainPunch,Liquidation,BellyDrum,Protect|||M|||50|,,,,,Grass]Sinistcha||RockyHelmet|Hospitality|MatchaGotcha,LifeDew,RagePowder,TrickRoom||||||50|,,,,,Water]Indeedee||FocusSash|PsychicSurge|ExpandingForce,TeraBlast,Imprison,TrickRoom|||M|||50|,,,,,Psychic
|showteam|p2|Kommo-o||ThroatSpray|Soundproof|ClangingScales,Flamethrower,ClangorousSoul,Protect|||F|||50|,,,,,Fire]Gothitelle||Leftovers|ShadowTag|Protect,Psychic,TrickRoom,FakeOut|||F|||50|,,,,,Water]Ninetales-Alola||FocusSash|SnowWarning|Protect,Encore,Blizzard,IcyWind|||M|||50|,,,,,Ghost]Incineroar||SafetyGoggles|Intimidate|KnockOff,Taunt,FakeOut,PartingShot|||M|||50|,,,,,Ghost]Ursaluna||FlameOrb|Guts|Facade,HeadlongRush,Earthquake,Protect|||F|||50|,,,,,Fairy]Archaludon||PowerHerb|Sturdy|DracoMeteor,ElectroShot,Thunderbolt,Protect|||F|||50|,,,,,Electric
|
|t:|1756603068
|teamsize|p1|4
|teamsize|p2|4
|start
|switch|p1a: Maushold|Maushold-Four, L50|100/100
|switch|p1b: Poliwrath|Poliwrath, L50, M|100/100
|switch|p2a: Gothitelle|Gothitelle, L50, F|100/100
|switch|p2b: Incineroar|Incineroar, L50, M|100/100
|-ability|p2b: Incineroar|Intimidate|boost
|-unboost|p1a: Maushold|atk|1
|-unboost|p1b: Poliwrath|atk|1
|turn|1
|
|t:|1756603075
|-terastallize|p2b: Incineroar|Ghost
|move|p1a: Maushold|Protect|p1a: Maushold
|-singleturn|p1a: Maushold|Protect
|move|p1b: Poliwrath|Protect|p1b: Poliwrath
|-singleturn|p1b: Poliwrath|Protect
|move|p2a: Gothitelle|Protect|p2a: Gothitelle
|-singleturn|p2a: Gothitelle|Protect
|move|p2b: Incineroar|Parting Shot|p1a: Maushold
|-activate|p1a: Maushold|move: Protect
|
|upkeep
|turn|2
|
|t:|1756603084
|move|p1a: Maushold|Follow Me|p1a: Maushold
|-singleturn|p1a: Maushold|move: Follow Me
|move|p1b: Poliwrath|Belly Drum|p1b: Poliwrath
|-damage|p1b: Poliwrath|50/100
|-setboost|p1b: Poliwrath|atk|6|[from] move: Belly Drum
|-enditem|p1b: Poliwrath|Sitrus Berry|[eat]
|-heal|p1b: Poliwrath|75/100|[from] item: Sitrus Berry
|move|p2a: Gothitelle|Psychic|p1a: Maushold
|-crit|p1a: Maushold
|-damage|p1a: Maushold|35/100
|move|p2b: Incineroar|Parting Shot|p1a: Maushold
|-unboost|p1a: Maushold|atk|1
|-unboost|p1a: Maushold|spa|1
|
|t:|1756603098
|switch|p2b: Kommo-o|Kommo-o, L50, F|100/100|[from] Parting Shot
|
|upkeep
|turn|3
|
|t:|1756603110
|move|p2a: Gothitelle|Protect|p2a: Gothitelle
|-singleturn|p2a: Gothitelle|Protect
|move|p1a: Maushold|Follow Me|p1a: Maushold
|-singleturn|p1a: Maushold|move: Follow Me
|move|p2b: Kommo-o|Clangorous Soul|p2b: Kommo-o
|-boost|p2b: Kommo-o|atk|1
|-boost|p2b: Kommo-o|def|1
|-boost|p2b: Kommo-o|spa|1
|-boost|p2b: Kommo-o|spd|1
|-boost|p2b: Kommo-o|spe|1
|-damage|p2b: Kommo-o|68/100
|-enditem|p2b: Kommo-o|Throat Spray
|-boost|p2b: Kommo-o|spa|1|[from] item: Throat Spray
|move|p1b: Poliwrath|Liquidation|p2a: Gothitelle
|-activate|p2a: Gothitelle|move: Protect
|
|upkeep
|turn|4
|
|t:|1756603123
|move|p1b: Poliwrath|Protect|p1b: Poliwrath
|-singleturn|p1b: Poliwrath|Protect
|move|p2b: Kommo-o|Clanging Scales|p1a: Maushold|[spread] p1a
|-activate|p1b: Poliwrath|move: Protect
|-damage|p1a: Maushold|0 fnt
|faint|p1a: Maushold
|-unboost|p2b: Kommo-o|def|1
|move|p2a: Gothitelle|Psychic|p1b: Poliwrath
|-activate|p1b: Poliwrath|move: Protect
|
|upkeep
|
|t:|1756603128
|switch|p1a: Indeedee|Indeedee, L50, M|100/100
|-fieldstart|move: Psychic Terrain|[from] ability: Psychic Surge|[of] p1a: Indeedee
|turn|5
|
|t:|1756603134
|move|p1b: Poliwrath|Protect||[still]
|-fail|p1b: Poliwrath
|move|p2b: Kommo-o|Clanging Scales|p1b: Poliwrath|[spread] p1a,p1b
|-crit|p1a: Indeedee
|-enditem|p1a: Indeedee|Focus Sash
|-damage|p1a: Indeedee|1/100
|-damage|p1b: Poliwrath|0 fnt
|faint|p1b: Poliwrath
|-unboost|p2b: Kommo-o|def|1
|move|p1a: Indeedee|Expanding Force|p2b: Kommo-o|[spread] p2a,p2b
|-resisted|p2a: Gothitelle
|-supereffective|p2b: Kommo-o
|-damage|p2a: Gothitelle|82/100
|-damage|p2b: Kommo-o|0 fnt
|faint|p2b: Kommo-o
|move|p2a: Gothitelle|Psychic|p1a: Indeedee
|-resisted|p1a: Indeedee
|-damage|p1a: Indeedee|0 fnt
|faint|p1a: Indeedee
|
|-heal|p2a: Gothitelle|89/100|[from] item: Leftovers
|upkeep
|-message|void25o forfeited.
|
|win|3rdPlaceTennis
|raw|void25o's rating: 1135 → 1104(-31 for losing)
|raw|3rdPlaceTennis's rating: 1048 → 1089(+41 for winning)
