|j|☆MDM111
|j|☆PippoLungoCalzino
|html|MDM111PippoLungoCalzino    
|uhtml|bestof|Game 2 of a best-of-3
|t:|1756135867
|gametype|doubles
|player|p1|MDM111|elesa|1212
|player|p2|PippoLungoCalzino|101|1210
|gen|9
|tier|[Gen 9] VGC 2025 Reg H (Bo3)
|rated|
|rule|Species Clause: Limit one of each Pokémon
|rule|Item Clause: Limit 1 of each item
|clearpoke
|poke|p1|Weezing-Galar, L50, M|
|poke|p1|Toedscruel, L50, M|
|poke|p1|Dragapult, L50, F|
|poke|p1|Typhlosion-Hisui, L50, M|
|poke|p1|Corviknight, L50, F|
|poke|p1|Pawmot, L50, F|
|poke|p2|Dragonite, L50, F|
|poke|p2|Gholdengo, L50|
|poke|p2|Sneasler, L50, F|
|poke|p2|Talonflame, L50, M|
|poke|p2|Archaludon, L50, M|
|poke|p2|Garchomp, L50, F|
|teampreview|4
|showteam|p1|Weezing-Galar||SitrusBerry|NeutralizingGas|DazzlingGleam,PoisonGas,SludgeBomb,Protect|||M|||50|,,,,,Fire]Toedscruel||CovertCloak|MyceliumMight|Spore,EarthPower,RagePowder,EnergyBall|||M|||50|,,,,,Water]Dragapult||LifeOrb|ClearBody|DragonDarts,ShadowBall,Protect,Thunderbolt|||F|||50|,,,,,Stellar]Typhlosion-Hisui||ChoiceScarf|Blaze|Eruption,ShadowBall,HeatWave,Overheat|||M|||50|,,,,,Fire]Corviknight||Leftovers|MirrorArmor|BraveBird,IronHead,Roost,Tailwind|||F|||50|,,,,,Water]Pawmot||FocusSash|IronFist|DoubleShock,CloseCombat,FakeOut,Protect|||F|||50|,,,,,Electric
|showteam|p2|Dragonite||LoadedDice|Multiscale|ScaleShot,ExtremeSpeed,IceSpinner,Haze|||F|||50|,,,,,Fairy]Gholdengo||ChoiceSpecs|GoodasGold|MakeItRain,ShadowBall,PowerGem,Thunderbolt||||||50|,,,,,Steel]Sneasler||FocusSash|Unburden|CloseCombat,DireClaw,FakeOut,Coaching|||F|||50|,,,,,Stellar]Talonflame||CovertCloak|GaleWings|BraveBird,Tailwind,WillOWisp,Taunt|||M|||50|,,,,,Grass]Archaludon||PowerHerb|Sturdy|FlashCannon,DracoMeteor,ElectroShot,Protect|||M|||50|,,,,,Flying]Garchomp||LifeOrb|RoughSkin|DragonClaw,StompingTantrum,Earthquake,Protect|||F|||50|,,,,,Ground
|inactive|Battle timer is ON: inactive players will automatically lose when time's up. (requested by MDM111)
|
|t:|1756135885
|teamsize|p1|4
|teamsize|p2|4
|start
|switch|p1a: Corviknight|Corviknight, L50, F|100/100
|switch|p1b: Pawmot|Pawmot, L50, F|100/100
|switch|p2a: Talonflame|Talonflame, L50, M|100/100
|switch|p2b: Garchomp|Garchomp, L50, F|100/100
|turn|1
|inactive|MDM111 has 30 seconds left.
|inactive|PippoLungoCalzino has 30 seconds left.
|
|t:|1756135919
|move|p1b: Pawmot|Fake Out|p2a: Talonflame
|-damage|p2a: Talonflame|85/100
|move|p2a: Talonflame|Brave Bird|p1b: Pawmot
|-damage|p1b: Pawmot|44/100
|-damage|p2a: Talonflame|68/100|[from] Recoil
|move|p2b: Garchomp|Earthquake|p1b: Pawmot|[spread] p1b
|-immune|p2a: Talonflame
|-immune|p1a: Corviknight
|-supereffective|p1b: Pawmot
|-damage|p1b: Pawmot|0 fnt
|faint|p1b: Pawmot
|-damage|p2b: Garchomp|91/100|[from] item: Life Orb
|move|p1a: Corviknight|Brave Bird|p2b: Garchomp
|-damage|p2b: Garchomp|45/100
|-damage|p1a: Corviknight|88/100|[from] ability: Rough Skin|[of] p2b: Garchomp
|-damage|p1a: Corviknight|73/100|[from] Recoil
|
|-heal|p1a: Corviknight|79/100|[from] item: Leftovers
|upkeep
|
|t:|1756135940
|switch|p1b: Dragapult|Dragapult, L50, F|100/100
|turn|2
|
|t:|1756135951
|move|p1b: Dragapult|Protect|p1b: Dragapult
|-singleturn|p1b: Dragapult|Protect
|move|p2a: Talonflame|Tailwind|p2a: Talonflame
|-sidestart|p2: PippoLungoCalzino|move: Tailwind
|move|p2b: Garchomp|Stomping Tantrum|p1b: Dragapult
|-activate|p1b: Dragapult|move: Protect
|move|p1a: Corviknight|Tailwind|p1a: Corviknight
|-sidestart|p1: MDM111|move: Tailwind
|
|-heal|p1a: Corviknight|85/100|[from] item: Leftovers
|upkeep
|turn|3
|inactive|PippoLungoCalzino has 30 seconds left.
|inactive|PippoLungoCalzino has 20 seconds left.
|inactive|PippoLungoCalzino has 15 seconds left.
|
|t:|1756135992
|-terastallize|p2b: Garchomp|Ground
|move|p1b: Dragapult|Dragon Darts|p2b: Garchomp
|-damage|p2b: Garchomp|15/100
|-anim|p1b: Dragapult|Dragon Darts|p2a: Talonflame
|-damage|p2a: Talonflame|30/100
|-damage|p1b: Dragapult|91/100|[from] item: Life Orb
|move|p2a: Talonflame|Taunt|p1a: Corviknight
|-start|p1a: Corviknight|move: Taunt
|move|p2b: Garchomp|Stomping Tantrum|p1b: Dragapult
|-damage|p1b: Dragapult|1/100
|-damage|p2b: Garchomp|5/100|[from] item: Life Orb
|move|p1a: Corviknight|Brave Bird|p2a: Talonflame
|-damage|p2a: Talonflame|0 fnt
|faint|p2a: Talonflame
|-damage|p1a: Corviknight|76/100|[from] Recoil
|
|-heal|p1a: Corviknight|82/100|[from] item: Leftovers
|upkeep
|
|t:|1756136011
|switch|p2a: Archaludon|Archaludon, L50, M|100/100
|turn|4
|
|t:|1756136038
|move|p2b: Garchomp|Protect|p2b: Garchomp
|-singleturn|p2b: Garchomp|Protect
|move|p1b: Dragapult|Dragon Darts|p2a: Archaludon
|-damage|p2a: Archaludon|76/100
|-anim|p1b: Dragapult|Dragon Darts|p2a: Archaludon
|-damage|p2a: Archaludon|50/100
|-damage|p1b: Dragapult|0 fnt|[from] item: Life Orb
|faint|p1b: Dragapult
|move|p2a: Archaludon|Electro Shot||[still]
|-prepare|p2a: Archaludon|Electro Shot
|-boost|p2a: Archaludon|spa|1
|-enditem|p2a: Archaludon|Power Herb
|-anim|p2a: Archaludon|Electro Shot|p1a: Corviknight
|-supereffective|p1a: Corviknight
|-damage|p1a: Corviknight|0 fnt
|faint|p1a: Corviknight
|
|upkeep
|
|t:|1756136055
|switch|p1a: Typhlosion|Typhlosion-Hisui, L50, M|100/100
|turn|5
|
|t:|1756136067
|switch|p2b: Sneasler|Sneasler, L50, F|100/100
|-terastallize|p1a: Typhlosion|Fire
|move|p1a: Typhlosion|Eruption|p2a: Archaludon|[spread] p2a,p2b
|-damage|p2a: Archaludon|0 fnt
|-enditem|p2b: Sneasler|Focus Sash
|-damage|p2b: Sneasler|1/100
|faint|p2a: Archaludon
|
|-sideend|p1: MDM111|move: Tailwind
|-sideend|p2: PippoLungoCalzino|move: Tailwind
|upkeep
|
|t:|1756136077
|switch|p2a: Garchomp|Garchomp, L50, F, tera:Ground|5/100
|turn|6
|
|t:|1756136083
|move|p2b: Sneasler|Fake Out|p1a: Typhlosion
|-damage|p1a: Typhlosion|80/100
|cant|p1a: Typhlosion|flinch
|move|p2a: Garchomp|Stomping Tantrum|p1a: Typhlosion
|-supereffective|p1a: Typhlosion
|-damage|p1a: Typhlosion|0 fnt
|faint|p1a: Typhlosion
|-damage|p2a: Garchomp|0 fnt|[from] item: Life Orb
|faint|p2a: Garchomp
|
|win|PippoLungoCalzino
|raw|MDM111's rating: 1212 → 1187(-25 for losing)
|raw|PippoLungoCalzino's rating: 1210 → 1235(+25 for winning)
|l|☆MDM111
|player|p1|
