|j|☆AndrewsWho
|j|☆Stelvius
|html|AndrewsWhoStelvius    
|uhtml|bestof|Game 2 of a best-of-3
|t:|1756468385
|gametype|doubles
|player|p1|AndrewsWho|2|1146
|player|p2|Stelvius|169|1138
|gen|9
|tier|[Gen 9] VGC 2025 Reg H (Bo3)
|rated|
|rule|Species Clause: Limit one of each Pokémon
|rule|Item Clause: Limit 1 of each item
|clearpoke
|poke|p1|Charizard, L50, F|
|poke|p1|Torkoal, L50, F|
|poke|p1|Porygon2, L50|
|poke|p1|Incineroar, L50, M|
|poke|p1|Jumpluff, L50, M|
|poke|p1|Ursaluna, L50, M|
|poke|p2|Annihilape, L50, M|
|poke|p2|Sneasler, L50, F|
|poke|p2|Indeedee-F, L50, F|
|poke|p2|Armarouge, L50, F|
|poke|p2|Sinistcha, L50|
|poke|p2|Ninetales-Alola, L50, F|
|teampreview|4
|showteam|p1|Charizard||ChoiceSpecs|SolarPower|HeatWave,Overheat,WeatherBall,AirSlash|||F|||50|,,,,,Ghost]Torkoal||EjectPack|Drought|Eruption,Overheat,HelpingHand,Protect|||F|||50|,,,,,Fire]Porygon2||Eviolite|Download|TeraBlast,IceBeam,Recover,TrickRoom||||||50|,,,,,Fighting]Incineroar||SitrusBerry|Intimidate|FlareBlitz,KnockOff,FakeOut,PartingShot|||M|||50|,,,,,Ghost]Jumpluff||CovertCloak|Chlorophyll|SleepPowder,SunnyDay,RagePowder,Tailwind|||M|||50|,,,,,Water]Ursaluna||FlameOrb|Guts|HeadlongRush,Facade,Earthquake,Protect|||M|||50|,,,,,Ghost
|showteam|p2|Annihilape||AssaultVest|Defiant|DrainPunch,RageFist,RockSlide,Uturn|||M|||50|,,,,,Water]Sneasler||FocusSash|Unburden|CloseCombat,DireClaw,Coaching,Protect|||F|||50|,,,,,Stellar]Indeedee-F||PsychicSeed|PsychicSurge|AlluringVoice,FollowMe,HelpingHand,TrickRoom|||F|||50|,,,,,Water]Armarouge||LifeOrb|FlashFire|ExpandingForce,HeatWave,TrickRoom,Protect|||F|||50|,,,,,Grass]Sinistcha||SitrusBerry|Hospitality|MatchaGotcha,RagePowder,LifeDew,TrickRoom||||||50|,,,,,Psychic]Ninetales-Alola||LightClay|SnowWarning|AuroraVeil,IcicleSpear,FreezeDry,Protect|||F|||50|,,,,,Fire
|inactive|Battle timer is ON: inactive players will automatically lose when time's up. (requested by Stelvius)
|
|t:|1756468406
|teamsize|p1|4
|teamsize|p2|4
|start
|switch|p1a: Ursaluna|Ursaluna, L50, M|100/100
|switch|p1b: Jumpluff|Jumpluff, L50, M|100/100
|switch|p2a: Annihilape|Annihilape, L50, M|100/100
|switch|p2b: Armarouge|Armarouge, L50, F|100/100
|turn|1
|inactive|Stelvius has 30 seconds left.
|
|t:|1756468434
|-terastallize|p2b: Armarouge|Grass
|move|p1b: Jumpluff|Tailwind|p1b: Jumpluff
|-sidestart|p1: AndrewsWho|move: Tailwind
|move|p1a: Ursaluna|Earthquake|p2a: Annihilape|[spread] p2a,p2b
|-immune|p1b: Jumpluff
|-resisted|p2b: Armarouge
|-damage|p2a: Annihilape|59/100
|-damage|p2b: Armarouge|80/100
|move|p2a: Annihilape|Rage Fist|p1a: Ursaluna
|-immune|p1a: Ursaluna
|move|p2b: Armarouge|Heat Wave|p1b: Jumpluff|[spread] p1a,p1b
|-supereffective|p1b: Jumpluff
|-damage|p1a: Ursaluna|53/100
|-damage|p1b: Jumpluff|0 fnt
|faint|p1b: Jumpluff
|-damage|p2b: Armarouge|70/100|[from] item: Life Orb
|
|-status|p1a: Ursaluna|brn|[from] item: Flame Orb
|upkeep
|inactive|AndrewsWho has 30 seconds left.
|
|t:|1756468460
|switch|p1b: Incineroar|Incineroar, L50, M|100/100
|-ability|p1b: Incineroar|Intimidate|boost
|-unboost|p2a: Annihilape|atk|1
|-ability|p2a: Annihilape|Defiant|boost
|-boost|p2a: Annihilape|atk|2
|-unboost|p2b: Armarouge|atk|1
|turn|2
|
|t:|1756468484
|move|p2b: Armarouge|Protect|p2b: Armarouge
|-singleturn|p2b: Armarouge|Protect
|move|p1b: Incineroar|Flare Blitz|p2a: Annihilape
|-damage|p2a: Annihilape|10/100
|-damage|p1b: Incineroar|83/100|[from] Recoil
|move|p1a: Ursaluna|Facade|p2b: Armarouge
|-activate|p2b: Armarouge|move: Protect
|move|p2a: Annihilape|Rock Slide|p1b: Incineroar|[spread] p1a,p1b
|-resisted|p1a: Ursaluna
|-supereffective|p1b: Incineroar
|-damage|p1a: Ursaluna|43/100 brn
|-damage|p1b: Incineroar|32/100
|-enditem|p1b: Incineroar|Sitrus Berry|[eat]
|-heal|p1b: Incineroar|56/100|[from] item: Sitrus Berry
|
|-damage|p1a: Ursaluna|37/100 brn|[from] brn
|upkeep
|turn|3
|
|t:|1756468506
|switch|p2b: Sinistcha|Sinistcha, L50|100/100
|-heal|p2a: Annihilape|35/100|[from] ability: Hospitality|[of] p2b: Sinistcha
|move|p1b: Incineroar|Knock Off|p2a: Annihilape
|-damage|p2a: Annihilape|0 fnt
|-enditem|p2a: Annihilape|Assault Vest|[from] move: Knock Off|[of] p1b: Incineroar
|faint|p2a: Annihilape
|move|p1a: Ursaluna|Facade|p2b: Sinistcha
|-immune|p2b: Sinistcha
|
|-damage|p1a: Ursaluna|31/100 brn|[from] brn
|upkeep
|
|t:|1756468520
|switch|p2a: Indeedee|Indeedee-F, L50, F|100/100
|-fieldstart|move: Psychic Terrain|[from] ability: Psychic Surge|[of] p2a: Indeedee
|-enditem|p2a: Indeedee|Psychic Seed
|-boost|p2a: Indeedee|spd|1|[from] item: Psychic Seed
|turn|4
|inactive|AndrewsWho has 30 seconds left.
|inactive|AndrewsWho has 20 seconds left.
|
|t:|1756468559
|move|p2a: Indeedee|Follow Me|p2a: Indeedee
|-singleturn|p2a: Indeedee|move: Follow Me
|move|p1b: Incineroar|Parting Shot|p2a: Indeedee
|-unboost|p2a: Indeedee|atk|1
|-unboost|p2a: Indeedee|spa|1
|
|t:|1756468563
|switch|p1b: Torkoal|Torkoal, L50, F|100/100|[from] Parting Shot
|-weather|SunnyDay|[from] ability: Drought|[of] p1b: Torkoal
|move|p1a: Ursaluna|Facade|p2a: Indeedee
|-crit|p2a: Indeedee
|-damage|p2a: Indeedee|0 fnt
|faint|p2a: Indeedee
|move|p2b: Sinistcha|Trick Room|p2b: Sinistcha
|-fieldstart|move: Trick Room|[of] p2b: Sinistcha
|
|-weather|SunnyDay|[upkeep]
|-damage|p1a: Ursaluna|26/100 brn|[from] brn
|-sideend|p1: AndrewsWho|move: Tailwind
|upkeep
|
|t:|1756468577
|switch|p2a: Armarouge|Armarouge, L50, F, tera:Grass|70/100
|turn|5
|
|t:|1756468591
|move|p1a: Ursaluna|Protect|p1a: Ursaluna
|-singleturn|p1a: Ursaluna|Protect
|move|p1b: Torkoal|Overheat|p2b: Sinistcha
|-supereffective|p2b: Sinistcha
|-damage|p2b: Sinistcha|0 fnt
|-unboost|p1b: Torkoal|spa|2
|faint|p2b: Sinistcha
|-enditem|p1b: Torkoal|Eject Pack
|
|t:|1756468596
|switch|p1b: Incineroar|Incineroar, L50, M|56/100
|-ability|p1b: Incineroar|Intimidate|boost
|-unboost|p2a: Armarouge|atk|1
|move|p2a: Armarouge|Expanding Force|p1b: Incineroar|[spread] 
|-activate|p1a: Ursaluna|move: Protect
|-immune|p1b: Incineroar
|
|-weather|SunnyDay|[upkeep]
|-damage|p1a: Ursaluna|20/100 brn|[from] brn
|upkeep
|turn|6
|
|t:|1756468615
|switch|p1a: Torkoal|Torkoal, L50, F|100/100
|move|p2a: Armarouge|Heat Wave|p1b: Incineroar|[spread] p1a,p1b
|-resisted|p1a: Torkoal
|-resisted|p1b: Incineroar
|-damage|p1a: Torkoal|47/100
|-damage|p1b: Incineroar|18/100
|-damage|p2a: Armarouge|61/100|[from] item: Life Orb
|move|p1b: Incineroar|Parting Shot|p2a: Armarouge
|-unboost|p2a: Armarouge|atk|1
|-unboost|p2a: Armarouge|spa|1
|
|t:|1756468620
|switch|p1b: Ursaluna|Ursaluna, L50, M|20/100 brn|[from] Parting Shot
|
|-weather|SunnyDay|[upkeep]
|-damage|p1b: Ursaluna|14/100 brn|[from] brn
|upkeep
|turn|7
|
|t:|1756468638
|move|p1a: Torkoal|Protect|p1a: Torkoal
|-singleturn|p1a: Torkoal|Protect
|move|p1b: Ursaluna|Protect|p1b: Ursaluna
|-singleturn|p1b: Ursaluna|Protect
|move|p2a: Armarouge|Heat Wave|p1b: Ursaluna|[spread] 
|-activate|p1a: Torkoal|move: Protect
|-activate|p1b: Ursaluna|move: Protect
|
|-weather|SunnyDay|[upkeep]
|-damage|p1b: Ursaluna|8/100 brn|[from] brn
|upkeep
|turn|8
|
|t:|1756468653
|switch|p1b: Incineroar|Incineroar, L50, M|18/100
|-ability|p1b: Incineroar|Intimidate|boost
|-unboost|p2a: Armarouge|atk|1
|move|p1a: Torkoal|Protect|p1a: Torkoal
|-singleturn|p1a: Torkoal|Protect
|move|p2a: Armarouge|Heat Wave|p1a: Torkoal|[spread] p1b
|-activate|p1a: Torkoal|move: Protect
|-resisted|p1b: Incineroar
|-damage|p1b: Incineroar|0 fnt
|faint|p1b: Incineroar
|-damage|p2a: Armarouge|51/100|[from] item: Life Orb
|
|-weather|none
|-fieldend|move: Trick Room
|-fieldend|move: Psychic Terrain
|upkeep
|
|t:|1756468660
|switch|p1b: Ursaluna|Ursaluna, L50, M|8/100 brn
|turn|9
|
|t:|1756468670
|move|p1a: Torkoal|Helping Hand|p1b: Ursaluna
|-singleturn|p1b: Ursaluna|Helping Hand|[of] p1a: Torkoal
|move|p2a: Armarouge|Protect|p2a: Armarouge
|-singleturn|p2a: Armarouge|Protect
|move|p1b: Ursaluna|Facade|p2a: Armarouge
|-activate|p2a: Armarouge|move: Protect
|
|-damage|p1b: Ursaluna|2/100 brn|[from] brn
|upkeep
|turn|10
|
|t:|1756468681
|move|p1a: Torkoal|Helping Hand|p1b: Ursaluna
|-singleturn|p1b: Ursaluna|Helping Hand|[of] p1a: Torkoal
|move|p2a: Armarouge|Protect||[still]
|-fail|p2a: Armarouge
|move|p1b: Ursaluna|Facade|p2a: Armarouge
|-damage|p2a: Armarouge|0 fnt
|faint|p2a: Armarouge
|
|win|AndrewsWho
|raw|AndrewsWho's rating: 1146 → 1170(+24 for winning)
|raw|Stelvius's rating: 1138 → 1114(-24 for losing)
