|j|☆axcoquette
|j|☆BigRyFry
|html|axcoquetteBigRyFry    
|uhtml|bestof|Game 1 of a best-of-3
|t:|1783915323
|gametype|doubles
|player|p1|axcoquette|maid|1192
|player|p2|BigRyFry|ltsurge|1114
|gen|9
|tier|[Gen 9 Champions] VGC 2026 Reg M-B (Bo3)
|rated|
|rule|Species Clause: Limit one of each Pokémon
|rule|Item Clause: Limit 1 of each item
|clearpoke
|poke|p1|Floette-Eternal, L50, F|
|poke|p1|Charizard, L50, M|
|poke|p1|Kingambit, L50, F|
|poke|p1|Basculegion, L50, M|
|poke|p1|Garchomp, L50, M|
|poke|p1|Whimsicott, L50, M|
|poke|p2|Charizard, L50, F|
|poke|p2|Torkoal, L50, F|
|poke|p2|Floette-Eternal, L50, F|
|poke|p2|Garchomp, L50, F|
|poke|p2|Maushold, L50|
|poke|p2|Gengar, L50, F|
|teampreview|4
|showteam|p1|Floette-Eternal||Floettite|FlowerVeil|Moonblast,DrainingKiss,CalmMind,Protect|Timid||F|||50|]Charizard||CharizarditeY|Blaze|SolarBeam,HeatWave,WeatherBall,Protect|Modest||M|||50|]Kingambit||BlackGlasses|Defiant|IronHead,Protect,KowtowCleave,SuckerPunch|Adamant||F|||50|]Basculegion||MysticWater|Adaptability|WaveCrash,Protect,LastRespects,AquaJet|Serious||M|||50|]Garchomp||LifeOrb|RoughSkin|Earthquake,RockSlide,Protect,DragonClaw|Adamant||M|||50|]Whimsicott||FocusSash|Prankster|Moonblast,Tailwind,Encore,Protect|Timid||M|||50|
|showteam|p2|Charizard||ChoiceScarf|SolarPower|HeatWave,Flamethrower,SolarBeam,AirSlash|Modest||F|||50|]Torkoal||QuickClaw|Drought|BodyPress,HelpingHand,Substitute,Protect|Relaxed||F|||50|]Floette-Eternal||Floettite|FlowerVeil|DazzlingGleam,DrainingKiss,Moonblast,CalmMind|Bold||F|||50|]Garchomp||FocusSash|RoughSkin|RockSlide,StompingTantrum,SwordsDance,Protect|Jolly||F|||50|]Maushold||MentalHerb|FriendGuard|SuperFang,FollowMe,AfterYou,HelpingHand|Timid|||||50|]Gengar||Gengarite|CursedBody|SludgeBomb,ShadowBall,WillOWisp,Protect|Timid||F|||50|
|inactive|Battle timer is ON: inactive players will automatically lose when time's up. (requested by axcoquette)
|inactive|BigRyFry has 60 seconds left.
|
|t:|1783915364
|teamsize|p1|4
|teamsize|p2|4
|start
|switch|p1a: Whimsicott|Whimsicott, L50, M|100/100
|switch|p1b: Basculegion|Basculegion, L50, M|100/100
|switch|p2a: Garchomp|Garchomp, L50, F|100/100
|switch|p2b: Maushold|Maushold, L50|100/100
|turn|1
|inactive|BigRyFry has 30 seconds left.
|
|t:|1783915397
|switch|p2a: Gengar|Gengar, L50, F|100/100
|move|p2b: Maushold|Follow Me|p2b: Maushold
|-singleturn|p2b: Maushold|move: Follow Me
|move|p1a: Whimsicott|Tailwind|p1a: Whimsicott
|-sidestart|p1: axcoquette|move: Tailwind
|move|p1b: Basculegion|Wave Crash|p2b: Maushold
|-damage|p2b: Maushold|0 fnt
|faint|p2b: Maushold
|-damage|p1b: Basculegion|69/100|[from] Recoil
|
|upkeep
|
|t:|1783915417
|switch|p2b: Garchomp|Garchomp, L50, F|100/100
|turn|2
|
|t:|1783915432
|move|p2a: Gengar|Protect|p2a: Gengar
|-singleturn|p2a: Gengar|Protect
|move|p1a: Whimsicott|Moonblast|p2b: Garchomp
|-supereffective|p2b: Garchomp|1
|-damage|p2b: Garchomp|22/100
|move|p1b: Basculegion|Last Respects|p2a: Gengar
|-activate|p2a: Gengar|move: Protect
|move|p2b: Garchomp|Swords Dance|p2b: Garchomp
|-boost|p2b: Garchomp|atk|2
|
|upkeep
|turn|3
|inactive|BigRyFry has 30 seconds left.
|inactive|BigRyFry has 20 seconds left.
|inactive|BigRyFry has 15 seconds left.
|
|t:|1783915475
|detailschange|p2a: Gengar|Gengar-Mega, L50, F
|-mega|p2a: Gengar|Gengar|Gengarite
|move|p2b: Garchomp|Protect|p2b: Garchomp
|-singleturn|p2b: Garchomp|Protect
|move|p1a: Whimsicott|Moonblast|p2b: Garchomp
|-activate|p2b: Garchomp|move: Protect
|move|p1b: Basculegion|Last Respects|p2a: Gengar
|-supereffective|p2a: Gengar|1
|-damage|p2a: Gengar|1/100
|move|p2a: Gengar|Shadow Ball|p1b: Basculegion
|-supereffective|p1b: Basculegion|1
|-damage|p1b: Basculegion|0 fnt
|faint|p1b: Basculegion
|
|upkeep
|
|t:|1783915491
|switch|p1b: Charizard|Charizard, L50, M|100/100
|turn|4
|inactive|BigRyFry has 30 seconds left.
|inactive|BigRyFry has 20 seconds left.
|
|t:|1783915527
|switch|p2a: Charizard|Charizard, L50, F|100/100
|detailschange|p1b: Charizard|Charizard-Mega-Y, L50, M
|-mega|p1b: Charizard|Charizard|Charizardite Y
|-weather|SunnyDay|[from] ability: Drought|[of] p1b: Charizard
|move|p2b: Garchomp|Protect|p2b: Garchomp
|-singleturn|p2b: Garchomp|Protect
|move|p1a: Whimsicott|Moonblast|p2b: Garchomp
|-activate|p2b: Garchomp|move: Protect
|move|p1b: Charizard|Heat Wave|p2b: Garchomp|[spread] p2a
|-activate|p2b: Garchomp|move: Protect
|-resisted|p2a: Charizard|1
|-damage|p2a: Charizard|55/100
|
|-weather|SunnyDay|[upkeep]
|-damage|p2a: Charizard|43/100|[from] ability: Solar Power|[of] p2a: Charizard
|-sideend|p1: axcoquette|move: Tailwind
|upkeep
|turn|5
|inactive|BigRyFry has 30 seconds left.
|
|t:|1783915555
|move|p1a: Whimsicott|Encore|p2b: Garchomp
|-start|p2b: Garchomp|Encore
|move|p2b: Garchomp|Protect||[still]
|-fail|p2b: Garchomp
|move|p2a: Charizard|Heat Wave|p1b: Charizard|[spread] p1a,p1b
|-supereffective|p1a: Whimsicott|1
|-resisted|p1b: Charizard|1
|-enditem|p1a: Whimsicott|Focus Sash
|-damage|p1a: Whimsicott|1/100
|-damage|p1b: Charizard|64/100
|move|p1b: Charizard|Weather Ball|p2a: Charizard
|-resisted|p2a: Charizard|1
|-damage|p2a: Charizard|0 fnt
|faint|p2a: Charizard
|
|-weather|SunnyDay|[upkeep]
|upkeep
|
|t:|1783915569
|switch|p2a: Gengar|Gengar-Mega, L50, F|1/100
|turn|6
|
|t:|1783915590
|move|p2b: Garchomp|Protect|p2b: Garchomp
|-singleturn|p2b: Garchomp|Protect
|move|p1a: Whimsicott|Tailwind|p1a: Whimsicott
|-sidestart|p1: axcoquette|move: Tailwind
|move|p1b: Charizard|Weather Ball|p2a: Gengar
|-damage|p2a: Gengar|0 fnt
|faint|p2a: Gengar
|
|-weather|SunnyDay|[upkeep]
|upkeep
|turn|7
|-message|BigRyFry forfeited.
|
|win|axcoquette
