|j|☆MinasDevilCrobats
|j|☆anivgc
|html|MinasDevilCrobatsanivgc    
|uhtml|bestof|Game 1 of a best-of-3
|t:|1756844459
|gametype|doubles
|player|p1|MinasDevilCrobats|darach-caitlin|1197
|player|p2|anivgc|dawn|1193
|gen|9
|tier|[Gen 9] VGC 2025 Reg H (Bo3)
|rated|
|rule|Species Clause: Limit one of each Pokémon
|rule|Item Clause: Limit 1 of each item
|clearpoke
|poke|p1|Indeedee, L50, M|
|poke|p1|Sneasler, L50, M|
|poke|p1|Dondozo, L50, M|
|poke|p1|Tatsugiri, L50, F|
|poke|p1|Talonflame, L50, M|
|poke|p1|Glimmora, L50, F|
|poke|p2|Garchomp, L50, M|
|poke|p2|Tyranitar, L50, F|
|poke|p2|Gholdengo, L50|
|poke|p2|Incineroar, L50, M|
|poke|p2|Corviknight, L50, F|
|poke|p2|Clefable, L50, M|
|teampreview|4
|showteam|p1|Indeedee||ChoiceScarf|PsychicSurge|ExpandingForce,DazzlingGleam,Trick,Protect|||M|||50|,,,,,Psychic]Sneasler||PsychicSeed|Unburden|CloseCombat,DireClaw,ThroatChop,Protect|||M|||50|,,,,,Dark]Dondozo||Leftovers|Unaware|WaveCrash,OrderUp,Earthquake,Protect|||M|||50|,,,,,Grass]Tatsugiri||LifeOrb|Commander|MuddyWater,DracoMeteor,DragonPulse,Protect|||F|||50|,,,,,Steel]Talonflame||CovertCloak|GaleWings|FlareBlitz,WillOWisp,Tailwind,Taunt|||M|||50|,,,,,Water]Glimmora||PowerHerb|ToxicDebris|MeteorBeam,SludgeBomb,EarthPower,SpikyShield|||F|||50|,,,,,Grass
|showteam|p2|Garchomp||LifeOrb|RoughSkin|Earthquake,DragonClaw,StompingTantrum,Protect|||M|||50|,,,,,Steel]Tyranitar||AssaultVest|SandStream|RockSlide,KnockOff,TeraBlast,LowKick|||F|||50|,,,,,Flying]Gholdengo||MetalCoat|GoodasGold|MakeItRain,ShadowBall,NastyPlot,Protect||||||50|,,,,,Water]Incineroar||SitrusBerry|Intimidate|FlareBlitz,WillOWisp,PartingShot,FakeOut|||M|||50|,,,,,Grass]Corviknight||CovertCloak|MirrorArmor|BraveBird,Taunt,Roost,BodyPress|||F|||50|,,,,,Dragon]Clefable||SafetyGoggles|Unaware|Moonblast,FollowMe,ThunderWave,Protect|||M|||50|,,,,,Fairy
|inactive|Battle timer is ON: inactive players will automatically lose when time's up. (requested by MinasDevilCrobats)
|
|t:|1756844510
|teamsize|p1|4
|teamsize|p2|4
|start
|switch|p1a: Indeedee|Indeedee, L50, M|100/100
|switch|p1b: Sneasler|Sneasler, L50, M|100/100
|switch|p2a: Garchomp|Garchomp, L50, M|100/100
|switch|p2b: Corviknight|Corviknight, L50, F|100/100
|-fieldstart|move: Psychic Terrain|[from] ability: Psychic Surge|[of] p1a: Indeedee
|-enditem|p1b: Sneasler|Psychic Seed
|-boost|p1b: Sneasler|spd|1|[from] item: Psychic Seed
|turn|1
|
|t:|1756844520
|move|p1b: Sneasler|Close Combat|p2a: Garchomp
|-damage|p2a: Garchomp|41/100
|-unboost|p1b: Sneasler|def|1
|-unboost|p1b: Sneasler|spd|1
|-damage|p1b: Sneasler|88/100|[from] ability: Rough Skin|[of] p2a: Garchomp
|move|p1a: Indeedee|Trick|p2b: Corviknight
|-activate|p1a: Indeedee|move: Trick|[of] p2b: Corviknight
|-item|p2b: Corviknight|Choice Scarf|[from] move: Trick
|-item|p1a: Indeedee|Covert Cloak|[from] move: Trick
|move|p2a: Garchomp|Earthquake|p1a: Indeedee|[spread] p1a,p1b
|-immune|p2b: Corviknight
|-supereffective|p1b: Sneasler
|-damage|p1a: Indeedee|0 fnt
|-damage|p1b: Sneasler|0 fnt
|faint|p1a: Indeedee
|faint|p1b: Sneasler
|-damage|p2a: Garchomp|32/100|[from] item: Life Orb
|move|p2b: Corviknight|Brave Bird|p1: Indeedee|[notarget]
|-fail|p2b: Corviknight
|
|upkeep
|
|t:|1756844533
|switch|p1b: Tatsugiri|Tatsugiri, L50, F|100/100
|switch|p1a: Dondozo|Dondozo, L50, M|100/100
|-activate|p1b: Tatsugiri|ability: Commander|[of] p1a: Dondozo
|-boost|p1a: Dondozo|atk|2
|-boost|p1a: Dondozo|spa|2
|-boost|p1a: Dondozo|spe|2
|-boost|p1a: Dondozo|def|2
|-boost|p1a: Dondozo|spd|2
|turn|2
|
|t:|1756844539
|move|p2a: Garchomp|Protect|p2a: Garchomp
|-singleturn|p2a: Garchomp|Protect
|move|p1a: Dondozo|Order Up|p2a: Garchomp
|-activate|p2a: Garchomp|move: Protect
|move|p2b: Corviknight|Brave Bird|p1a: Dondozo
|-damage|p1a: Dondozo|87/100
|-damage|p2b: Corviknight|95/100|[from] Recoil
|
|-heal|p1a: Dondozo|93/100|[from] item: Leftovers
|upkeep
|turn|3
|
|t:|1756844551
|move|p1a: Dondozo|Order Up|p2a: Garchomp
|-supereffective|p2a: Garchomp
|-damage|p2a: Garchomp|0 fnt
|faint|p2a: Garchomp
|-boost|p1a: Dondozo|atk|1
|move|p2b: Corviknight|Brave Bird|p1a: Dondozo
|-damage|p1a: Dondozo|81/100
|-damage|p2b: Corviknight|91/100|[from] Recoil
|
|-heal|p1a: Dondozo|87/100|[from] item: Leftovers
|upkeep
|
|t:|1756844556
|switch|p2a: Clefable|Clefable, L50, M|100/100
|turn|4
|
|t:|1756844559
|move|p1a: Dondozo|Wave Crash|p2a: Clefable
|-damage|p2a: Clefable|61/100
|-damage|p1a: Dondozo|76/100|[from] Recoil
|move|p2b: Corviknight|Brave Bird|p1a: Dondozo
|-damage|p1a: Dondozo|63/100
|-damage|p2b: Corviknight|85/100|[from] Recoil
|move|p2a: Clefable|Thunder Wave|p1a: Dondozo
|-status|p1a: Dondozo|par
|
|-heal|p1a: Dondozo|69/100 par|[from] item: Leftovers
|upkeep
|turn|5
|
|t:|1756844570
|move|p2b: Corviknight|Brave Bird|p1a: Dondozo
|-damage|p1a: Dondozo|55/100 par
|-damage|p2b: Corviknight|80/100|[from] Recoil
|move|p1a: Dondozo|Wave Crash|p2a: Clefable
|-damage|p2a: Clefable|22/100
|-damage|p1a: Dondozo|44/100 par|[from] Recoil
|move|p2a: Clefable|Moonblast|p1a: Dondozo
|-damage|p1a: Dondozo|14/100 par
|
|-heal|p1a: Dondozo|20/100 par|[from] item: Leftovers
|-fieldend|move: Psychic Terrain
|upkeep
|turn|6
|
|t:|1756844577
|cant|p1a: Dondozo|par
|move|p2b: Corviknight|Brave Bird|p1a: Dondozo
|-damage|p1a: Dondozo|5/100 par
|-damage|p2b: Corviknight|74/100|[from] Recoil
|move|p2a: Clefable|Moonblast|p1a: Dondozo
|-damage|p1a: Dondozo|0 fnt
|faint|p1a: Dondozo
|
|upkeep
|turn|7
|
|t:|1756844582
|move|p2b: Corviknight|Brave Bird|p1b: Tatsugiri
|-damage|p1b: Tatsugiri|55/100
|-damage|p2b: Corviknight|62/100|[from] Recoil
|move|p1b: Tatsugiri|Muddy Water|p2b: Corviknight|[spread] p2a,p2b
|-damage|p2a: Clefable|0 fnt
|-damage|p2b: Corviknight|17/100
|faint|p2a: Clefable
|-damage|p1b: Tatsugiri|46/100|[from] item: Life Orb
|
|upkeep
|
|t:|1756844585
|switch|p2a: Gholdengo|Gholdengo, L50|100/100
|turn|8
|
|t:|1756844590
|-terastallize|p1b: Tatsugiri|Steel
|move|p2b: Corviknight|Brave Bird|p1b: Tatsugiri
|-resisted|p1b: Tatsugiri
|-damage|p1b: Tatsugiri|23/100
|-damage|p2b: Corviknight|11/100|[from] Recoil
|move|p2a: Gholdengo|Shadow Ball|p1b: Tatsugiri
|-damage|p1b: Tatsugiri|0 fnt
|faint|p1b: Tatsugiri
|
|win|anivgc
||anivgc is ready for game 2.
||MinasDevilCrobats is ready for game 2.
|uhtml|next|Next: Game 2 of 3
