|j|â˜†IcefieldsMessenger
|j|â˜†FatherPenguin
|html|IcefieldsMessengerFatherPenguin    
|uhtml|bestof|Game 1 of a best-of-3
|t:|1786111109
|gametype|doubles
|player|p1|IcefieldsMessenger|266|1111
|player|p2|FatherPenguin|acetrainersnow|1203
|gen|9
|tier|[Gen 9 Champions] VGC 2026 Reg M-B (Bo3)
|rated|
|rule|Species Clause: Limit one of each PokÃ©mon
|rule|Item Clause: Limit 1 of each item
|clearpoke
|poke|p1|Sableye, L50, F|
|poke|p1|Overqwil, L50, M|
|poke|p1|Audino, L50, F|
|poke|p1|Zoroark-Hisui, L50, M, shiny|
|poke|p1|Dragalge, L50, M|
|poke|p1|Gholdengo, L50|
|poke|p2|Froslass, L50, F|
|poke|p2|Scovillain, L50, F|
|poke|p2|Lycanroc-Dusk, L50, F|
|poke|p2|Sneasler, L50, M|
|poke|p2|Basculegion, L50, M|
|poke|p2|Kingambit, L50, F|
|teampreview|4
|showteam|p1|Sableye||Sablenite|Prankster|PsychUp,Recover,DrainPunch,ThroatChop|Serious||F|||50|]Overqwil||Leftovers|PoisonPoint|Minimize,Stockpile,SwordsDance,ThroatChop|Sassy||M|||50|]Audino||SitrusBerry|Healer|TrickRoom,HealPulse,SimpleBeam,Protect|Sassy||F|||50|]Zoroark-Hisui||ChoiceScarf|Illusion|Taunt,WillOWisp,Memento,HyperVoice|Timid||M|||50|]Dragalge||Dragalgite|Adaptability|DragonPulse,Thunderbolt,SludgeBomb,Protect|Modest||M|||50|]Gholdengo||LifeOrb|GoodasGold|MakeItRain,ShadowBall,NastyPlot,Protect|Modest|||||50|
|showteam|p2|Froslass||Froslassite|CursedBody|Blizzard,ShadowBall,AuroraVeil,Protect|Timid||F|||50|]Scovillain||Scovillainite|Moody|Overheat,GigaDrain,RagePowder,Protect|Bold||F|||50|]Lycanroc-Dusk||FocusSash|ToughClaws|RockSlide,CloseCombat,Accelerock,Protect|Adamant||F|||50|]Sneasler||WhiteHerb|Unburden|DireClaw,CloseCombat,FakeOut,Protect|Jolly||M|||50|]Basculegion||SitrusBerry|Adaptability|WaveCrash,LastRespects,AquaJet,Protect|Adamant||M|||50|]Kingambit||BlackGlasses|Defiant|KowtowCleave,SuckerPunch,SwordsDance,Protect|Adamant||F|||50|
|inactive|Battle timer is ON: inactive players will automatically lose when time's up. (requested by FatherPenguin)
|inactive|FatherPenguin has 60 seconds left.
|c|â˜†IcefieldsMessenger|glhf
|inactive|FatherPenguin has 30 seconds left.
|inactive|FatherPenguin has 20 seconds left.
|inactive|FatherPenguin has 15 seconds left.
|inactive|FatherPenguin has 10 seconds left.
|inactive|FatherPenguin has 5 seconds left.
|
|t:|1786111224
|teamsize|p1|4
|teamsize|p2|4
|start
|switch|p1a: Audino|Audino, L50, F|100/100
|switch|p1b: Sableye|Sableye, L50, F|100/100
|switch|p2a: Kingambit|Kingambit, L50, F|100/100
|switch|p2b: Froslass|Froslass, L50, F|100/100
|turn|1
|c|â˜†FatherPenguin|you too
|inactive|FatherPenguin has 30 seconds left.
|
|t:|1786111253
|detailschange|p2b: Froslass|Froslass-Mega, L50, F
|-mega|p2b: Froslass|Froslass|Froslassite
|-weather|Snowscape|[from] ability: Snow Warning|[of] p2b: Froslass
|move|p1b: Sableye|Will-O-Wisp|p2a: Kingambit
|-status|p2a: Kingambit|brn
|move|p2b: Froslass|Blizzard|p1a: Audino|[spread] p1a,p1b
|-damage|p1a: Audino|69/100
|-damage|p1b: Sableye|15/100
|-status|p1a: Audino|frz
|replace|p1b: Zoroark|Zoroark-Hisui, L50, M, shiny
|-end|p1b: Zoroark|Illusion
|move|p2a: Kingambit|Swords Dance|p2a: Kingambit
|-boost|p2a: Kingambit|atk|2
|cant|p1a: Audino|frz
|
|-weather|Snowscape|[upkeep]
|-damage|p2a: Kingambit|94/100 brn|[from] brn
|upkeep
|turn|2
|c|â˜†IcefieldsMessenger|bruh
|inactive|FatherPenguin has 30 seconds left.
|inactive|FatherPenguin has 20 seconds left.
|
|t:|1786111292
|move|p1b: Zoroark|Will-O-Wisp|p2b: Froslass
|-status|p2b: Froslass|brn
|move|p2b: Froslass|Blizzard|p1a: Audino|[spread] p1a,p1b
|-damage|p1a: Audino|36/100 frz
|-damage|p1b: Zoroark|0 fnt
|-enditem|p1a: Audino|Sitrus Berry|[eat]
|-heal|p1a: Audino|61/100 frz|[from] item: Sitrus Berry
|faint|p1b: Zoroark
|move|p2a: Kingambit|Swords Dance|p2a: Kingambit
|-boost|p2a: Kingambit|atk|2
|cant|p1a: Audino|frz
|
|-weather|Snowscape|[upkeep]
|-damage|p2b: Froslass|94/100 brn|[from] brn
|-damage|p2a: Kingambit|88/100 brn|[from] brn
|upkeep
|
|t:|1786111306
|switch|p1b: Sableye|Sableye, L50, F|100/100
|turn|3
|
|t:|1786111330
|detailschange|p1b: Sableye|Sableye-Mega, L50, F
|-mega|p1b: Sableye|Sableye|Sablenite
|move|p2a: Kingambit|Sucker Punch||[still]
|-fail|p2a: Kingambit
|move|p2b: Froslass|Blizzard|p1b: Sableye|[spread] p1a,p1b
|-damage|p1a: Audino|30/100 frz
|-damage|p1b: Sableye|61/100
|move|p1b: Sableye|Psych Up|p2a: Kingambit
|-copyboost|p1b: Sableye|p2a: Kingambit|[from] move: Psych Up
|-curestatus|p1a: Audino|frz|[msg]
|move|p1a: Audino|Trick Room|p1a: Audino
|-fieldstart|move: Trick Room|[of] p1a: Audino
|
|-weather|Snowscape|[upkeep]
|-damage|p2a: Kingambit|82/100 brn|[from] brn
|-damage|p2b: Froslass|88/100 brn|[from] brn
|upkeep
|turn|4
|inactive|FatherPenguin has 30 seconds left.
|
|t:|1786111362
|move|p2a: Kingambit|Sucker Punch|p1b: Sableye
|-damage|p1b: Sableye|1/100
|move|p1b: Sableye|Drain Punch|p2a: Kingambit
|-supereffective|p2a: Kingambit|2
|-damage|p2a: Kingambit|0 fnt
|-heal|p1b: Sableye|54/100|[from] drain|[of] p2a: Kingambit
|faint|p2a: Kingambit
|move|p1a: Audino|Heal Pulse|p1b: Sableye
|move|p1b: Sableye|Heal Pulse|p1a: Audino|[from] ability: Magic Bounce
|-heal|p1a: Audino|80/100
|move|p2b: Froslass|Blizzard|p1a: Audino|[spread] p1a,p1b
|-crit|p1b: Sableye
|-damage|p1a: Audino|50/100g
|-damage|p1b: Sableye|2/100
|-status|p1b: Sableye|frz
|
|-weather|Snowscape|[upkeep]
|-damage|p2b: Froslass|82/100 brn|[from] brn
|upkeep
|inactive|FatherPenguin has 30 seconds left.
|
|t:|1786111388
|switch|p2a: Lycanroc|Lycanroc-Dusk, L50, F|100/100
|turn|5
|
|t:|1786111398
|switch|p1b: Overqwil|Overqwil, L50, M|100/100
|move|p2a: Lycanroc|Accelerock|p1b: Overqwil
|-damage|p1b: Overqwil|71/100
|move|p1a: Audino|Simple Beam|p1b: Overqwil
|-ability|p1b: Overqwil|Simple|Poison Point|[from] move: Simple Beam
|move|p2b: Froslass|Blizzard|p1b: Overqwil|[spread] p1a,p1b
|-damage|p1a: Audino|22/100
|-damage|p1b: Overqwil|36/100
|
|-weather|none
|-heal|p1b: Overqwil|42/100|[from] item: Leftovers
|-damage|p2b: Froslass|76/100 brn|[from] brn
|upkeep
|turn|6
|
|t:|1786111424
|switch|p2b: Basculegion|Basculegion, L50, M|100/100
|move|p2a: Lycanroc|Accelerock|p1b: Overqwil
|-damage|p1b: Overqwil|15/100
|move|p1a: Audino|Heal Pulse|p1b: Overqwil
|-heal|p1b: Overqwil|65/100
|move|p1b: Overqwil|Minimize|p1b: Overqwil
|-boost|p1b: Overqwil|evasion|4
|
|-heal|p1b: Overqwil|71/100|[from] item: Leftovers
|upkeep
|turn|7
|
|t:|1786111447
|move|p2a: Lycanroc|Accelerock|p1b: Overqwil
|-damage|p1b: Overqwil|45/100
|move|p1a: Audino|Heal Pulse|p1b: Overqwil
|-heal|p1b: Overqwil|95/100
|move|p1b: Overqwil|Stockpile|p1b: Overqwil
|-start|p1b: Overqwil|stockpile1
|-boost|p1b: Overqwil|def|2
|-boost|p1b: Overqwil|spd|2
|move|p2b: Basculegion|Wave Crash|p1b: Overqwil|[miss]
|-miss|p2b: Basculegion|p1b: Overqwil
|
|-heal|p1b: Overqwil|100/100|[from] item: Leftovers
|-fieldend|move: Trick Room
|upkeep
|turn|8
|
|t:|1786111467
|move|p2a: Lycanroc|Rock Slide|p1b: Overqwil|[spread] p1a
|-miss|p2a: Lycanroc|p1b: Overqwil
|-damage|p1a: Audino|0 fnt
|faint|p1a: Audino
|move|p2b: Basculegion|Wave Crash|p1b: Overqwil
|-damage|p1b: Overqwil|62/100
|-damage|p2b: Basculegion|89/100|[from] Recoil
|move|p1b: Overqwil|Stockpile|p1b: Overqwil
|-start|p1b: Overqwil|stockpile2
|-boost|p1b: Overqwil|def|2
|-boost|p1b: Overqwil|spd|2
|
|-heal|p1b: Overqwil|67/100|[from] item: Leftovers
|upkeep
|
|t:|1786111480
|switch|p1a: Sableye|Sableye-Mega, L50, F|2/100 frz
|turn|9
|
|t:|1786111492
|move|p2a: Lycanroc|Accelerock|p1a: Sableye
|-damage|p1a: Sableye|0 fnt
|faint|p1a: Sableye
|move|p2b: Basculegion|Wave Crash|p1b: Overqwil
|-damage|p1b: Overqwil|40/100
|-damage|p2b: Basculegion|81/100|[from] Recoil
|move|p1b: Overqwil|Stockpile|p1b: Overqwil
|-start|p1b: Overqwil|stockpile3
|-boost|p1b: Overqwil|def|2
|-boost|p1b: Overqwil|spd|2
|
|-heal|p1b: Overqwil|46/100|[from] item: Leftovers
|upkeep
|turn|10
|
|t:|1786111509
|move|p2a: Lycanroc|Rock Slide|p1b: Overqwil|[miss]
|-miss|p2a: Lycanroc|p1b: Overqwil
|move|p2b: Basculegion|Wave Crash|p1b: Overqwil
|-damage|p1b: Overqwil|25/100
|-damage|p2b: Basculegion|76/100|[from] Recoil
|move|p1b: Overqwil|Minimize|p1b: Overqwil
|-boost|p1b: Overqwil|evasion|2
|
|-heal|p1b: Overqwil|31/100|[from] item: Leftovers
|upkeep
|turn|11
|
|t:|1786111523
|move|p2a: Lycanroc|Rock Slide|p1b: Overqwil
|-damage|p1b: Overqwil|21/100
|move|p2b: Basculegion|Wave Crash|p1b: Overqwil|[miss]
|-miss|p2b: Basculegion|p1b: Overqwil
|move|p1b: Overqwil|Swords Dance|p1b: Overqwil
|-boost|p1b: Overqwil|atk|4
|
|-heal|p1b: Overqwil|26/100|[from] item: Leftovers
|upkeep
|turn|12
|
|t:|1786111537
|move|p2a: Lycanroc|Rock Slide|p1b: Overqwil|[miss]
|-miss|p2a: Lycanroc|p1b: Overqwil
|move|p2b: Basculegion|Wave Crash|p1b: Overqwil
|-damage|p1b: Overqwil|5/100
|-damage|p2b: Basculegion|70/100|[from] Recoil
|move|p1b: Overqwil|Throat Chop|p2b: Basculegion
|-supereffective|p2b: Basculegion|1
|-damage|p2b: Basculegion|0 fnt
|faint|p2b: Basculegion
|
|-heal|p1b: Overqwil|11/100|[from] item: Leftovers
|upkeep
|
|t:|1786111548
|switch|p2b: Froslass|Froslass-Mega, L50, F|76/100 brn
|-weather|Snowscape|[from] ability: Snow Warning|[of] p2b: Froslass
|turn|13
|
|t:|1786111560
|move|p2b: Froslass|Blizzard|p1b: Overqwil
|-damage|p1b: Overqwil|0 fnt
|faint|p1b: Overqwil
|
|win|FatherPenguin
||IcefieldsMessenger is ready for game 2.
