|j|☆gene takavic
|j|‽tskkds
|html|gene takavictskkds    
|uhtml|bestof|Game 3 of a best-of-3
|t:|1756354886
|gametype|doubles
|player|p1|gene takavic|pryce|1082
|player|p2|tskkds|unknownf|1140
|gen|9
|tier|[Gen 9] VGC 2025 Reg H (Bo3)
|rated|
|rule|Species Clause: Limit one of each Pokémon
|rule|Item Clause: Limit 1 of each item
|clearpoke
|poke|p1|Charizard, L50, M|
|poke|p1|Torkoal, L50, F|
|poke|p1|Porygon2, L50|
|poke|p1|Incineroar, L50, F|
|poke|p1|Jumpluff, L50, F|
|poke|p1|Ursaluna, L50, F|
|poke|p2|Ninetales-Alola, L50, F|
|poke|p2|Ursaluna-Bloodmoon, L50, M|
|poke|p2|Maushold-Four, L50|
|poke|p2|Annihilape, L50, F|
|poke|p2|Klefki, L50, M|
|poke|p2|Sinistcha-Masterpiece, L50|
|teampreview|4
|showteam|p1|Charizard||ChoiceSpecs|SolarPower|HeatWave,Overheat,WeatherBall,AirSlash|||M|||50|,,,,,Ghost]Torkoal||EjectPack|Drought|Eruption,Overheat,HelpingHand,Protect|||F|||50|,,,,,Fire]Porygon2||Eviolite|Download|TeraBlast,IceBeam,Recover,TrickRoom||||||50|,,,,,Fighting]Incineroar||SitrusBerry|Intimidate|FlareBlitz,KnockOff,FakeOut,PartingShot|||F|||50|,,,,,Ghost]Jumpluff||CovertCloak|Chlorophyll|SleepPowder,SunnyDay,RagePowder,Tailwind|||F|||50|,,,,,Water]Ursaluna||FlameOrb|Guts|HeadlongRush,Facade,Earthquake,Protect|||F|||50|,,,,,Ghost
|showteam|p2|Ninetales-Alola||FocusSash|SnowWarning|Blizzard,FreezeDry,Encore,Protect|||F|||50|,,,,,Ghost]Ursaluna-Bloodmoon||AssaultVest|MindsEye|BloodMoon,EarthPower,HyperVoice,VacuumWave|||M|||50|,,,,,Water]Maushold-Four||SafetyGoggles|FriendGuard|BeatUp,Taunt,FollowMe,Protect||||||50|,,,,,Ghost]Annihilape||Leftovers|Defiant|DrainPunch,RageFist,BulkUp,Protect|||F|||50|,,,,,Fire]Klefki||LightClay|Prankster|DazzlingGleam,Reflect,LightScreen,MistyTerrain|||M|||50|,,,,,Ghost]Sinistcha-Masterpiece||SitrusBerry|Hospitality|MatchaGotcha,RagePowder,LifeDew,TrickRoom||||||50|,,,,,Water
|inactive|Battle timer is ON: inactive players will automatically lose when time's up. (requested by gene takavic)
|
|t:|1756354912
|teamsize|p1|4
|teamsize|p2|4
|start
|switch|p1a: Charizard|Charizard, L50, M|100/100
|switch|p1b: Ursaluna|Ursaluna, L50, F|100/100
|switch|p2a: Ursaluna|Ursaluna-Bloodmoon, L50, M|100/100
|switch|p2b: Klefki|Klefki, L50, M|100/100
|turn|1
|
|t:|1756354927
|switch|p1b: Incineroar|Incineroar, L50, F|100/100
|-ability|p1b: Incineroar|Intimidate|boost
|-unboost|p2a: Ursaluna|atk|1
|-unboost|p2b: Klefki|atk|1
|-terastallize|p2a: Ursaluna|Water
|move|p2b: Klefki|Reflect|p2b: Klefki
|-sidestart|p2: tskkds|Reflect
|move|p1a: Charizard|Heat Wave|p2b: Klefki|[spread] p2a,p2b
|-resisted|p2a: Ursaluna
|-supereffective|p2b: Klefki
|-damage|p2a: Ursaluna|86/100
|-damage|p2b: Klefki|2/100
|-status|p2b: Klefki|brn
|move|p2a: Ursaluna|Hyper Voice|p1b: Incineroar|[spread] p1a,p1b
|-damage|p1a: Charizard|51/100
|-damage|p1b: Incineroar|68/100
|
|-damage|p2b: Klefki|0 fnt|[from] brn
|faint|p2b: Klefki
|upkeep
|
|t:|1756354934
|switch|p2b: Annihilape|Annihilape, L50, F|100/100
|turn|2
|
|t:|1756354956
|move|p1a: Charizard|Heat Wave|p2a: Ursaluna|[spread] p2a
|-miss|p1a: Charizard|p2b: Annihilape
|-resisted|p2a: Ursaluna
|-damage|p2a: Ursaluna|71/100
|move|p2b: Annihilape|Rage Fist|p1a: Charizard
|-damage|p1a: Charizard|20/100
|move|p1b: Incineroar|Knock Off|p2a: Ursaluna
|-damage|p2a: Ursaluna|49/100
|-enditem|p2a: Ursaluna|Assault Vest|[from] move: Knock Off|[of] p1b: Incineroar
|move|p2a: Ursaluna|Hyper Voice|p1a: Charizard|[spread] p1a,p1b
|-damage|p1a: Charizard|0 fnt
|-damage|p1b: Incineroar|35/100
|-enditem|p1b: Incineroar|Sitrus Berry|[eat]
|-heal|p1b: Incineroar|60/100|[from] item: Sitrus Berry
|faint|p1a: Charizard
|
|upkeep
|
|t:|1756354963
|switch|p1a: Torkoal|Torkoal, L50, F|100/100
|-weather|SunnyDay|[from] ability: Drought|[of] p1a: Torkoal
|turn|3
|
|t:|1756354978
|move|p2b: Annihilape|Rage Fist|p1a: Torkoal
|-damage|p1a: Torkoal|85/100
|move|p1b: Incineroar|Parting Shot|p2a: Ursaluna
|-unboost|p2a: Ursaluna|atk|1
|-unboost|p2a: Ursaluna|spa|1
|
|t:|1756354983
|switch|p1b: Ursaluna|Ursaluna, L50, F|100/100|[from] Parting Shot
|move|p2a: Ursaluna|Earth Power|p1a: Torkoal
|-supereffective|p1a: Torkoal
|-damage|p1a: Torkoal|3/100
|move|p1a: Torkoal|Overheat|p2b: Annihilape|[miss]
|-miss|p1a: Torkoal|p2b: Annihilape
|
|-weather|SunnyDay|[upkeep]
|-status|p1b: Ursaluna|brn|[from] item: Flame Orb
|upkeep
|turn|4
|c|☆gene takavic|please man
|inactive|gene takavic has 30 seconds left.
|
|t:|1756355012
|-terastallize|p1b: Ursaluna|Ghost
|move|p1a: Torkoal|Helping Hand|p1b: Ursaluna
|-singleturn|p1b: Ursaluna|Helping Hand|[of] p1a: Torkoal
|move|p2a: Ursaluna|Vacuum Wave|p1a: Torkoal
|-damage|p1a: Torkoal|0 fnt
|faint|p1a: Torkoal
|move|p2b: Annihilape|Bulk Up|p2b: Annihilape
|-boost|p2b: Annihilape|atk|1
|-boost|p2b: Annihilape|def|1
|move|p1b: Ursaluna|Earthquake|p2a: Ursaluna|[spread] p2a,p2b
|-crit|p2a: Ursaluna
|-damage|p2a: Ursaluna|0 fnt
|-damage|p2b: Annihilape|58/100
|faint|p2a: Ursaluna
|
|-weather|SunnyDay|[upkeep]
|-heal|p2b: Annihilape|65/100|[from] item: Leftovers
|-damage|p1b: Ursaluna|95/100 brn|[from] brn
|upkeep
|
|t:|1756355024
|switch|p2a: Ninetales|Ninetales-Alola, L50, F|100/100
|switch|p1a: Incineroar|Incineroar, L50, F|60/100
|-weather|Snowscape|[from] ability: Snow Warning|[of] p2a: Ninetales
|-ability|p1a: Incineroar|Intimidate|boost
|-unboost|p2a: Ninetales|atk|1
|-unboost|p2b: Annihilape|atk|1
|-ability|p2b: Annihilape|Defiant|boost
|-boost|p2b: Annihilape|atk|2
|turn|5
|
|t:|1756355033
|move|p2a: Ninetales|Protect|p2a: Ninetales
|-singleturn|p2a: Ninetales|Protect
|move|p2b: Annihilape|Protect|p2b: Annihilape
|-singleturn|p2b: Annihilape|Protect
|move|p1a: Incineroar|Fake Out|p2a: Ninetales
|-activate|p2a: Ninetales|move: Protect
|move|p1b: Ursaluna|Headlong Rush|p2b: Annihilape
|-activate|p2b: Annihilape|move: Protect
|
|-weather|Snowscape|[upkeep]
|-heal|p2b: Annihilape|71/100|[from] item: Leftovers
|-damage|p1b: Ursaluna|89/100 brn|[from] brn
|upkeep
|turn|6
|
|t:|1756355043
|move|p2a: Ninetales|Encore|p1a: Incineroar
|-start|p1a: Incineroar|Encore
|move|p2b: Annihilape|Rage Fist|p1b: Ursaluna
|-supereffective|p1b: Ursaluna
|-damage|p1b: Ursaluna|0 fnt
|faint|p1b: Ursaluna
|move|p1a: Incineroar|Fake Out||[still]
|-hint|Fake Out only works on your first turn out.
|-fail|p1a: Incineroar
|
|-weather|Snowscape|[upkeep]
|-heal|p2b: Annihilape|77/100|[from] item: Leftovers
|upkeep
|turn|7
|inactive|gene takavic has 30 seconds left.
|inactive|gene takavic has 20 seconds left.
|inactive|gene takavic has 15 seconds left.
|inactive|gene takavic has 10 seconds left.
|inactive|gene takavic has 5 seconds left.
|
|t:|1756355098
|move|p1a: Incineroar|Fake Out||[still]
|-hint|Fake Out only works on your first turn out.
|-fail|p1a: Incineroar
|move|p2a: Ninetales|Blizzard|p1a: Incineroar
|-resisted|p1a: Incineroar
|-damage|p1a: Incineroar|40/100
|move|p2b: Annihilape|Drain Punch|p1a: Incineroar
|-supereffective|p1a: Incineroar
|-damage|p1a: Incineroar|0 fnt
|-heal|p2b: Annihilape|96/100|[from] drain|[of] p1a: Incineroar
|faint|p1a: Incineroar
|
|win|tskkds
|raw|gene takavic's rating: 1082 → 1063(-19 for losing)
|raw|tskkds's rating: 1140 → 1161(+21 for winning)
