|j|☆elmono11
|j|‽daniiivgc
|html|elmono11daniiivgc    
|uhtml|bestof|Game 2 of a best-of-3
|t:|1785701990
|gametype|doubles
|player|p1|elmono11|2|1403
|player|p2|daniiivgc|giovanni|1392
|gen|9
|tier|[Gen 9 Champions] VGC 2026 Reg M-B (Bo3)
|rated|
|rule|Species Clause: Limit one of each Pokémon
|rule|Item Clause: Limit 1 of each item
|clearpoke
|poke|p1|Kingambit, L50, M|
|poke|p1|Sneasler, L50, M|
|poke|p1|Froslass, L50, F|
|poke|p1|Lycanroc-Dusk, L50, M|
|poke|p1|Basculegion, L50, M|
|poke|p1|Scovillain, L50, F|
|poke|p2|Kangaskhan, L50, F|
|poke|p2|Farigiraf, L50, M|
|poke|p2|Camerupt, L50, F|
|poke|p2|Vivillon, L50, M|
|poke|p2|Abomasnow, L50, F|
|poke|p2|Kingambit, L50, M|
|teampreview|4
|showteam|p1|Kingambit||LifeOrb|Defiant|KowtowCleave,SuckerPunch,SwordsDance,Protect|Adamant||M|||50|]Sneasler||WhiteHerb|Unburden|FakeOut,CloseCombat,DireClaw,Protect|Adamant||M|||50|]Froslass||Froslassite|SnowCloak|Blizzard,ShadowBall,Thunderbolt,Protect|Modest||F|||50|]Lycanroc-Dusk||FocusSash|ToughClaws|CloseCombat,RockSlide,Accelerock,Protect|Adamant||M|||50|]Basculegion||MysticWater|Adaptability|LastRespects,AquaJet,WaveCrash,Protect|Adamant||M|||50|]Scovillain||Scovillainite|Moody|Overheat,GigaDrain,RagePowder,Protect|Bold||F|||50|
|showteam|p2|Kangaskhan||SilkScarf|Scrappy|FakeOut,DoubleEdge,LowKick,SuckerPunch|Brave||F|||50|]Farigiraf||SitrusBerry|ArmorTail|TwinBeam,Thunderbolt,TrickRoom,Protect|Bold||M|||50|]Camerupt||Cameruptite|SolidRock|HeatWave,EarthPower,AncientPower,Protect|Quiet||F|||50|]Vivillon||FocusSash|CompoundEyes|Hurricane,SleepPowder,RagePowder,Protect|Timid||M|||50|]Abomasnow||LifeOrb|SnowWarning|Blizzard,GrassKnot,IceShard,WeatherBall|Quiet||F|||50|]Kingambit||ChopleBerry|Defiant|KowtowCleave,SuckerPunch,IronHead,SwordsDance|Brave||M|||50|
|inactive|Battle timer is ON: inactive players will automatically lose when time's up. (requested by elmono11)
|inactive|elmono11 has 60 seconds left.
|
|t:|1785702042
|teamsize|p1|4
|teamsize|p2|4
|start
|switch|p1a: Scovillain|Scovillain, L50, F|100/100
|switch|p1b: Lycanroc|Lycanroc-Dusk, L50, M|100/100
|switch|p2a: Farigiraf|Farigiraf, L50, M|100/100
|switch|p2b: Kangaskhan|Kangaskhan, L50, F|100/100
|turn|1
|
|t:|1785702061
|switch|p1b: Kingambit|Kingambit, L50, M|100/100
|switch|p2b: Camerupt|Camerupt, L50, F|100/100
|detailschange|p1a: Scovillain|Scovillain-Mega, L50, F
|-mega|p1a: Scovillain|Scovillain|Scovillainite
|move|p1a: Scovillain|Overheat|p2b: Camerupt
|-resisted|p2b: Camerupt|1
|-damage|p2b: Camerupt|58/100
|-unboost|p1a: Scovillain|spa|2
|move|p2a: Farigiraf|Trick Room|p2a: Farigiraf
|-fieldstart|move: Trick Room|[of] p2a: Farigiraf
|
|upkeep
|turn|2
|inactive|elmono11 has 30 seconds left.
|inactive|elmono11 has 20 seconds left.
|inactive|elmono11 has 15 seconds left.
|inactive|elmono11 has 10 seconds left.
|
|t:|1785702108
|detailschange|p2b: Camerupt|Camerupt-Mega, L50, F
|-mega|p2b: Camerupt|Camerupt|Cameruptite
|move|p1b: Kingambit|Protect|p1b: Kingambit
|-singleturn|p1b: Kingambit|Protect
|move|p1a: Scovillain|Protect|p1a: Scovillain
|-singleturn|p1a: Scovillain|Protect
|move|p2b: Camerupt|Heat Wave|p1b: Kingambit|[spread] 
|-activate|p1a: Scovillain|move: Protect
|-activate|p1b: Kingambit|move: Protect
|move|p2a: Farigiraf|Thunderbolt|p1b: Kingambit
|-activate|p1b: Kingambit|move: Protect
|
|upkeep
|turn|3
|inactive|elmono11 has 30 seconds left.
|
|t:|1785702146
|switch|p1b: Basculegion|Basculegion, L50, M|100/100
|move|p1a: Scovillain|Rage Powder|p1a: Scovillain
|-singleturn|p1a: Scovillain|move: Rage Powder
|move|p2b: Camerupt|Heat Wave|p1a: Scovillain|[spread] p1a,p1b
|-resisted|p1b: Basculegion|1
|-damage|p1a: Scovillain|30/100
|-damage|p1b: Basculegion|72/100
|-immune|p2b: Camerupt
|move|p2a: Farigiraf|Thunderbolt|p1a: Scovillain
|-resisted|p1a: Scovillain|1
|-damage|p1a: Scovillain|17/100
|-status|p2a: Farigiraf|brn|[from] ability: Spicy Spray|[of] p1a: Scovillain
|
|-damage|p2a: Farigiraf|93/100 brn|[from] brn
|upkeep
|turn|4
|inactive|elmono11 has 30 seconds left.
|inactive|daniiivgc has 30 seconds left.
|
|t:|1785702179
|move|p1a: Scovillain|Protect|p1a: Scovillain
|-singleturn|p1a: Scovillain|Protect
|move|p1b: Basculegion|Protect|p1b: Basculegion
|-singleturn|p1b: Basculegion|Protect
|move|p2b: Camerupt|Heat Wave|p1b: Basculegion|[spread] 
|-activate|p1a: Scovillain|move: Protect
|-activate|p1b: Basculegion|move: Protect
|move|p2a: Farigiraf|Thunderbolt|p1b: Basculegion
|-activate|p1b: Basculegion|move: Protect
|
|-damage|p2a: Farigiraf|87/100 brn|[from] brn
|upkeep
|turn|5
|
|t:|1785702189
|switch|p1b: Lycanroc|Lycanroc-Dusk, L50, M|100/100
|move|p1a: Scovillain|Rage Powder|p1a: Scovillain
|-singleturn|p1a: Scovillain|move: Rage Powder
|move|p2b: Camerupt|Heat Wave|p1a: Scovillain|[spread] p1a,p1b
|-resisted|p1b: Lycanroc|1
|-damage|p1a: Scovillain|0 fnt
|-damage|p1b: Lycanroc|55/100
|-immune|p2b: Camerupt
|faint|p1a: Scovillain
|move|p2a: Farigiraf|Twin Beam|p1b: Lycanroc
|-damage|p1b: Lycanroc|29/100
|-damage|p1b: Lycanroc|7/100
|-hitcount|p1b: Lycanroc|2
|
|-damage|p2a: Farigiraf|81/100 brn|[from] brn
|-fieldend|move: Trick Room
|upkeep
|
|t:|1785702203
|switch|p1a: Basculegion|Basculegion, L50, M|72/100
|turn|6
|
|t:|1785702213
|move|p1b: Lycanroc|Rock Slide|p2a: Farigiraf|[spread] p2a,p2b
|-damage|p2a: Farigiraf|57/100 brn
|-damage|p2b: Camerupt|31/100
|move|p1a: Basculegion|Wave Crash|p2a: Farigiraf
|-damage|p2a: Farigiraf|0 fnt
|faint|p2a: Farigiraf
|-damage|p1a: Basculegion|51/100|[from] Recoil
|cant|p2b: Camerupt|flinch
|
|upkeep
|
|t:|1785702225
|switch|p2a: Kangaskhan|Kangaskhan, L50, F|100/100
|turn|7
|
|t:|1785702246
|switch|p2b: Kingambit|Kingambit, L50, M|100/100
|move|p1b: Lycanroc|Protect|p1b: Lycanroc
|-singleturn|p1b: Lycanroc|Protect
|move|p1a: Basculegion|Protect|p1a: Basculegion
|-singleturn|p1a: Basculegion|Protect
|move|p2a: Kangaskhan|Fake Out|p1b: Lycanroc
|-activate|p1b: Lycanroc|move: Protect
|
|upkeep
|turn|8
|
|t:|1785702261
|switch|p1a: Kingambit|Kingambit, L50, M|100/100
|move|p2a: Kangaskhan|Sucker Punch|p1b: Lycanroc
|-damage|p1b: Lycanroc|0 fnt
|faint|p1b: Lycanroc
|move|p2b: Kingambit|Kowtow Cleave|p1a: Kingambit
|-resisted|p1a: Kingambit|1
|-damage|p1a: Kingambit|82/100
|
|upkeep
|
|t:|1785702268
|switch|p1b: Basculegion|Basculegion, L50, M|51/100
|turn|9
|
|t:|1785702298
|move|p1a: Kingambit|Protect|p1a: Kingambit
|-singleturn|p1a: Kingambit|Protect
|move|p1b: Basculegion|Aqua Jet|p2a: Kangaskhan
|-damage|p2a: Kangaskhan|71/100
|move|p2a: Kangaskhan|Low Kick|p1a: Kingambit
|-activate|p1a: Kingambit|move: Protect
|move|p2b: Kingambit|Kowtow Cleave|p1b: Basculegion
|-supereffective|p1b: Basculegion|1
|-damage|p1b: Basculegion|0 fnt
|faint|p1b: Basculegion
|
|upkeep
|turn|10
|-message|elmono11 forfeited.
|
|win|daniiivgc
