|j|☆PaniniWeenie
|j|☆aborig
|html|PaniniWeenieaborig    
|uhtml|bestof|Game 1 of a best-of-3
|t:|1782638937
|gametype|doubles
|player|p1|PaniniWeenie|pokemaniac|
|player|p2|aborig|clown|
|gen|9
|tier|[Gen 9 Champions] VGC 2026 Reg M-B (Bo3)
|rule|Species Clause: Limit one of each Pokémon
|rule|Item Clause: Limit 1 of each item
|clearpoke
|poke|p1|Kingambit, L50, F|
|poke|p1|Sneasler, L50, F|
|poke|p1|Incineroar, L50, M|
|poke|p1|Sinistcha, L50|
|poke|p1|Floette-Eternal, L50, F|
|poke|p1|Delphox, L50, M|
|poke|p2|Whimsicott, L50, M|
|poke|p2|Glimmora, L50, M|
|poke|p2|Charizard, L50, F|
|poke|p2|Garchomp, L50, M|
|poke|p2|Kingambit, L50, F|
|poke|p2|Basculegion, L50, M|
|teampreview|4
|showteam|p1|Kingambit||BlackGlasses|Defiant|KowtowCleave,SuckerPunch,SwordsDance,Protect|Adamant||F|||50|]Sneasler||FocusSash|PoisonTouch|FakeOut,DireClaw,CloseCombat,QuickGuard|Jolly||F|||50|]Incineroar||SitrusBerry|Intimidate|FlareBlitz,PartingShot,HelpingHand,FakeOut|Careful||M|||50|]Sinistcha||OccaBerry|Hospitality|MatchaGotcha,RagePowder,TrickRoom,Protect|Bold|||||50|]Floette-Eternal||Floettite|FlowerVeil|DazzlingGleam,DrainingKiss,CalmMind,Protect|Modest||F|||50|]Delphox||Delphoxite|Blaze|HeatWave,Psyshock,NastyPlot,Protect|Timid||M|||50|
|showteam|p2|Whimsicott||FairyFeather|Prankster|Moonblast,Tailwind,Encore,Protect|Timid||M|||50|]Glimmora||FocusSash|ToxicDebris|PowerGem,SludgeBomb,EarthPower,SpikyShield|Timid||M|||50|]Charizard||CharizarditeY|SolarPower|HeatWave,WeatherBall,SolarBeam,Protect|Modest||F|||50|]Garchomp||SitrusBerry|RoughSkin|Earthquake,DragonClaw,PoisonJab,Protect|Adamant||M|||50|]Kingambit||ChopleBerry|Defiant|KowtowCleave,IronHead,SuckerPunch,LowKick|Adamant||F|||50|]Basculegion||MysticWater|Adaptability|WaveCrash,LastRespects,AquaJet,Protect|Adamant||M|||50|
|c|☆aborig|Hello sir!
|j| x-0 EUIC
|c|☆PaniniWeenie|yo
|c|☆PaniniWeenie|glhf brother
|c|☆aborig|u2u2
|c|☆aborig|ready?
|c|☆PaniniWeenie|yeah all good
|inactive|Battle timer is ON: inactive players will automatically lose when time's up. (requested by aborig)
|j| A Regu1ar Guy
|
|t:|1782639014
|teamsize|p1|4
|teamsize|p2|4
|start
|switch|p1a: Incineroar|Incineroar, L50, M|100/100
|switch|p1b: Kingambit|Kingambit, L50, F|100/100
|switch|p2a: Whimsicott|Whimsicott, L50, M|100/100
|switch|p2b: Charizard|Charizard, L50, F|100/100
|-ability|p1a: Incineroar|Intimidate|boost
|-unboost|p2a: Whimsicott|atk|1
|-unboost|p2b: Charizard|atk|1
|turn|1
|j| philjonesvgc
|
|t:|1782639031
|switch|p2b: Kingambit|Kingambit, L50, F|100/100
|move|p1a: Incineroar|Fake Out|p2b: Kingambit
|-resisted|p2b: Kingambit|1
|-damage|p2b: Kingambit|96/100
|move|p2a: Whimsicott|Moonblast|p1a: Incineroar
|-damage|p1a: Incineroar|72/100
|move|p1b: Kingambit|Swords Dance|p1b: Kingambit
|-boost|p1b: Kingambit|atk|2
|
|upkeep
|turn|2
|j| Jennayy
|inactive|PaniniWeenie has 30 seconds left.
|
|t:|1782639064
|switch|p2b: Garchomp|Garchomp, L50, M|100/100
|move|p1b: Kingambit|Protect|p1b: Kingambit
|-singleturn|p1b: Kingambit|Protect
|move|p2a: Whimsicott|Moonblast|p1a: Incineroar
|-damage|p1a: Incineroar|48/100
|-enditem|p1a: Incineroar|Sitrus Berry|[eat]
|-heal|p1a: Incineroar|73/100|[from] item: Sitrus Berry
|move|p1a: Incineroar|Flare Blitz|p2b: Garchomp
|-resisted|p2b: Garchomp|1
|-damage|p2b: Garchomp|80/100
|-status|p2b: Garchomp|brn
|-damage|p1a: Incineroar|60/100|[from] ability: Rough Skin|[of] p2b: Garchomp
|-damage|p1a: Incineroar|53/100|[from] Recoil
|
|-damage|p2b: Garchomp|74/100 brn|[from] brn
|upkeep
|turn|3
|j| ligmasigma67
|l| ligmasigma67
|
|t:|1782639085
|move|p2a: Whimsicott|Tailwind|p2a: Whimsicott
|-sidestart|p2: aborig|move: Tailwind
|move|p1b: Kingambit|Sucker Punch|p2b: Garchomp
|-damage|p2b: Garchomp|0 fnt
|-damage|p1b: Kingambit|87/100|[from] ability: Rough Skin|[of] p2b: Garchomp
|faint|p2b: Garchomp
|move|p1a: Incineroar|Flare Blitz|p2a: Whimsicott
|-supereffective|p2a: Whimsicott|1
|-damage|p2a: Whimsicott|1/100
|-damage|p1a: Incineroar|28/100|[from] Recoil
|
|upkeep
|
|t:|1782639100
|switch|p2b: Kingambit|Kingambit, L50, F|96/100
|turn|4
|
|t:|1782639108
|switch|p2a: Charizard|Charizard, L50, F|100/100
|switch|p1a: Sneasler|Sneasler, L50, F|100/100
|move|p1b: Kingambit|Protect|p1b: Kingambit
|-singleturn|p1b: Kingambit|Protect
|move|p2b: Kingambit|Low Kick|p1a: Sneasler
|-resisted|p1a: Sneasler|1
|-damage|p1a: Sneasler|79/100
|
|upkeep
|turn|5
|
|t:|1782639126
|switch|p2a: Whimsicott|Whimsicott, L50, M|1/100
|move|p1a: Sneasler|Fake Out|p2b: Kingambit
|-resisted|p2b: Kingambit|1
|-damage|p2b: Kingambit|91/100
|move|p1b: Kingambit|Sucker Punch||[still]
|-fail|p1b: Kingambit
|cant|p2b: Kingambit|flinch
|
|upkeep
|turn|6
|inactive|aborig has 30 seconds left.
|
|t:|1782639160
|switch|p1a: Delphox|Delphox, L50, M|100/100
|move|p2a: Whimsicott|Encore||[still]
|-fail|p2a: Whimsicott
|move|p2b: Kingambit|Low Kick|p1b: Kingambit
|-supereffective|p1b: Kingambit|2
|-damage|p1b: Kingambit|0 fnt
|faint|p1b: Kingambit
|
|-sideend|p2: aborig|move: Tailwind
|upkeep
|
|t:|1782639173
|switch|p1b: Sneasler|Sneasler, L50, F|79/100
|turn|7
|inactive|PaniniWeenie has 30 seconds left.
|inactive|aborig has 30 seconds left.
|inactive|PaniniWeenie has 20 seconds left.
|
|t:|1782639210
|switch|p2b: Charizard|Charizard, L50, F|100/100
|detailschange|p1a: Delphox|Delphox-Mega, L50, M
|-mega|p1a: Delphox|Delphox|Delphoxite
|move|p1b: Sneasler|Fake Out|p2b: Charizard
|-damage|p2b: Charizard|85/100
|move|p2a: Whimsicott|Tailwind|p2a: Whimsicott
|-sidestart|p2: aborig|move: Tailwind
|move|p1a: Delphox|Heat Wave|p2b: Charizard|[spread] p2a,p2b
|-supereffective|p2a: Whimsicott|1
|-resisted|p2b: Charizard|1
|-damage|p2a: Whimsicott|0 fnt
|-damage|p2b: Charizard|63/100
|faint|p2a: Whimsicott
|
|upkeep
|
|t:|1782639217
|switch|p2a: Kingambit|Kingambit, L50, F|91/100
|turn|8
|inactive|PaniniWeenie has 30 seconds left.
|
|t:|1782639250
|switch|p1b: Incineroar|Incineroar, L50, M|28/100
|-ability|p1b: Incineroar|Intimidate|boost
|-unboost|p2a: Kingambit|atk|1
|-ability|p2a: Kingambit|Defiant|boost
|-boost|p2a: Kingambit|atk|2
|-unboost|p2b: Charizard|atk|1
|detailschange|p2b: Charizard|Charizard-Mega-Y, L50, F
|-mega|p2b: Charizard|Charizard|Charizardite Y
|-weather|SunnyDay|[from] ability: Drought|[of] p2b: Charizard
|move|p1a: Delphox|Protect|p1a: Delphox
|-singleturn|p1a: Delphox|Protect
|move|p2a: Kingambit|Sucker Punch||[still]
|-fail|p2a: Kingambit
|move|p2b: Charizard|Heat Wave|p1b: Incineroar|[spread] 
|-activate|p1a: Delphox|move: Protect
|-miss|p2b: Charizard|p1b: Incineroar
|
|-weather|SunnyDay|[upkeep]
|upkeep
|turn|9
|
|t:|1782639268
|move|p1b: Incineroar|Fake Out|p2a: Kingambit
|-resisted|p2a: Kingambit|1
|-damage|p2a: Kingambit|87/100
|cant|p2a: Kingambit|flinch
|move|p2b: Charizard|Heat Wave|p1b: Incineroar|[spread] p1a,p1b
|-resisted|p1a: Delphox|1
|-crit|p1a: Delphox
|-resisted|p1b: Incineroar|1
|-damage|p1a: Delphox|54/100
|-damage|p1b: Incineroar|4/100
|move|p1a: Delphox|Heat Wave|p2a: Kingambit|[spread] p2a,p2b
|-supereffective|p2a: Kingambit|1
|-resisted|p2b: Charizard|1
|-damage|p2a: Kingambit|0 fnt
|-damage|p2b: Charizard|37/100
|faint|p2a: Kingambit
|
|-weather|SunnyDay|[upkeep]
|upkeep
|turn|10
|-message|aborig forfeited.
|
|win|PaniniWeenie
|l|☆aborig
|player|p2|
||aborig is ready for game 2.
||PaniniWeenie is ready for game 2.
|uhtml|next|Next: Game 2 of 3
|l| A Regu1ar Guy
|j| A Regu1ar Guy
|l| philjonesvgc
|j| ryanogiggs11
|l| A Regu1ar Guy
|j| philjonesvgc
|j| A Regu1ar Guy
|l| A Regu1ar Guy
|l| ryanogiggs11
|l| Jennayy
