|j|☆3amr144
|j|☆toxiccroc12
|html|3amr144toxiccroc12    
|uhtml|bestof|Game 1 of a best-of-3
|t:|1785289678
|gametype|doubles
|player|p1|3amr144|lucas-gen4pt|1059
|player|p2|toxiccroc12|101|1131
|gen|9
|tier|[Gen 9 Champions] VGC 2026 Reg M-B (Bo3)
|rated|
|rule|Species Clause: Limit one of each Pokémon
|rule|Item Clause: Limit 1 of each item
|clearpoke
|poke|p1|Swampert, L50, M|
|poke|p1|Pelipper, L50, M|
|poke|p1|Hydreigon, L50, M, shiny|
|poke|p1|Scizor, L50, M|
|poke|p1|Dragonite, L50, M|
|poke|p1|Sneasler, L50, F|
|poke|p2|Staraptor, L50, M|
|poke|p2|Glimmora, L50, F|
|poke|p2|Whimsicott, L50, F|
|poke|p2|Kingambit, L50, M|
|poke|p2|Garchomp, L50, M|
|poke|p2|Delphox, L50, M|
|teampreview|4
|showteam|p1|Swampert||Swampertite|Damp|Earthquake,RockSlide,Waterfall,IcePunch|Adamant||M|||50|]Pelipper||ChoiceScarf|Drizzle|Uturn,AirSlash,WeatherBall,Tailwind|Timid||M|||50|]Hydreigon||LifeOrb|Levitate|DracoMeteor,DarkPulse,EarthPower,Surf|Timid||M|||50|]Scizor||ExpertBelt|Swarm|BulletPunch,CloseCombat,BugBite,KnockOff|Jolly||M|||50|]Dragonite||SitrusBerry|Multiscale|Earthquake,ExtremeSpeed,DragonClaw,ThunderPunch|Impish||M|||50|]Sneasler||FocusSash|PoisonTouch|CloseCombat,FakeOut,NightSlash,DireClaw|Adamant||F|||50|
|showteam|p2|Staraptor||Staraptite|Intimidate|CloseCombat,BraveBird,Roost,Protect|Jolly||M|||50|]Glimmora||FocusSash|ToxicDebris|PowerGem,SludgeBomb,EarthPower,SpikyShield|Modest||F|||50|]Whimsicott||OccaBerry|Prankster|Tailwind,Moonblast,Charm,LightScreen|Timid||F|||50|]Kingambit||ChopleBerry|Defiant|KowtowCleave,IronHead,LowKick,SuckerPunch|Adamant||M|||50|]Garchomp||ChoiceScarf|RoughSkin|Earthquake,DragonClaw,RockSlide,StompingTantrum|Adamant||M|||50|]Delphox||Delphoxite|Blaze|HeatWave,Psychic,Encore,Protect|Timid||M|||50|
|inactive|Battle timer is ON: inactive players will automatically lose when time's up. (requested by 3amr144)
|
|t:|1785289751
|teamsize|p1|4
|teamsize|p2|4
|start
|switch|p1a: Swampert|Swampert, L50, M|100/100
|switch|p1b: Hydreigon|Hydreigon, L50, M, shiny|100/100
|switch|p2a: Whimsicott|Whimsicott, L50, F|100/100
|switch|p2b: Glimmora|Glimmora, L50, F|100/100
|turn|1
|
|t:|1785289773
|switch|p1b: Pelipper|Pelipper, L50, M|100/100
|-weather|RainDance|[from] ability: Drizzle|[of] p1b: Pelipper
|detailschange|p1a: Swampert|Swampert-Mega, L50, M
|-mega|p1a: Swampert|Swampert|Swampertite
|move|p1a: Swampert|Earthquake|p2b: Glimmora|[spread] p2a,p2b
|-immune|p1b: Pelipper
|-resisted|p2a: Whimsicott|1
|-supereffective|p2b: Glimmora|2
|-damage|p2a: Whimsicott|76/100
|-enditem|p2b: Glimmora|Focus Sash
|-damage|p2b: Glimmora|1/100
|-activate|p2b: Glimmora|ability: Toxic Debris
|-sidestart|p1: 3amr144|move: Toxic Spikes
|move|p2a: Whimsicott|Moonblast|p1b: Pelipper
|-damage|p1b: Pelipper|54/100
|move|p2b: Glimmora|Power Gem|p1b: Pelipper
|-supereffective|p1b: Pelipper|1
|-damage|p1b: Pelipper|0 fnt
|faint|p1b: Pelipper
|
|-weather|RainDance|[upkeep]
|upkeep
|
|t:|1785289793
|switch|p1b: Sneasler|Sneasler, L50, F|100/100
|-sideend|p1: 3amr144|move: Toxic Spikes|[of] p1b: Sneasler
|turn|2
|inactive|toxiccroc12 has 30 seconds left.
|inactive|toxiccroc12 has 20 seconds left.
|inactive|toxiccroc12 has 15 seconds left.
|inactive|toxiccroc12 has 10 seconds left.
|
|t:|1785289841
|move|p2b: Glimmora|Spiky Shield|p2b: Glimmora
|-singleturn|p2b: Glimmora|move: Protect
|move|p2a: Whimsicott|Tailwind|p2a: Whimsicott
|-sidestart|p2: toxiccroc12|move: Tailwind
|move|p1a: Swampert|Rock Slide|p2b: Glimmora|[spread] p2a
|-activate|p2b: Glimmora|move: Protect
|-damage|p2a: Whimsicott|54/100
|move|p1b: Sneasler|Dire Claw|p2a: Whimsicott
|-supereffective|p2a: Whimsicott|2
|-damage|p2a: Whimsicott|0 fnt
|faint|p2a: Whimsicott
|
|-weather|RainDance|[upkeep]
|upkeep
|
|t:|1785289855
|switch|p2a: Garchomp|Garchomp, L50, M|100/100
|turn|3
|inactive|toxiccroc12 has 30 seconds left.
|inactive|toxiccroc12 has 20 seconds left.
|inactive|toxiccroc12 has 15 seconds left.
|
|t:|1785289900
|move|p2a: Garchomp|Dragon Claw|p1a: Swampert
|-damage|p1a: Swampert|60/100
|move|p2b: Glimmora|Earth Power|p1b: Sneasler
|-supereffective|p1b: Sneasler|1
|-enditem|p1b: Sneasler|Focus Sash
|-damage|p1b: Sneasler|1/100
|move|p1a: Swampert|Ice Punch|p2a: Garchomp
|-supereffective|p2a: Garchomp|2
|-damage|p2a: Garchomp|0 fnt
|-damage|p1a: Swampert|48/100|[from] ability: Rough Skin|[of] p2a: Garchomp
|faint|p2a: Garchomp
|move|p1b: Sneasler|Night Slash|p2b: Glimmora
|-damage|p2b: Glimmora|0 fnt
|-activate|p2b: Glimmora|ability: Toxic Debris
|-sidestart|p1: 3amr144|move: Toxic Spikes
|faint|p2b: Glimmora
|
|-weather|RainDance|[upkeep]
|upkeep
|
|t:|1785289909
|switch|p2b: Kingambit|Kingambit, L50, M|100/100
|turn|4
|inactive|toxiccroc12 has 30 seconds left.
|inactive|toxiccroc12 has 20 seconds left.
|
|t:|1785289945
|move|p2b: Kingambit|Sucker Punch|p1b: Sneasler
|-resisted|p1b: Sneasler|1
|-damage|p1b: Sneasler|0 fnt
|faint|p1b: Sneasler
|move|p1a: Swampert|Waterfall|p2b: Kingambit
|-damage|p2b: Kingambit|38/100
|
|-weather|RainDance|[upkeep]
|upkeep
|
|t:|1785289952
|switch|p1b: Hydreigon|Hydreigon, L50, M, shiny|100/100
|turn|5
|inactive|toxiccroc12 has 30 seconds left.
|inactive|toxiccroc12 has 20 seconds left.
|inactive|toxiccroc12 has 15 seconds left.
|inactive|toxiccroc12 has 10 seconds left.
|inactive|toxiccroc12 has 5 seconds left.
|
|t:|1785290007
|move|p1a: Swampert|Earthquake|p2b: Kingambit|[spread] p2b
|-immune|p1b: Hydreigon|[from] ability: Levitate
|-supereffective|p2b: Kingambit|1
|-damage|p2b: Kingambit|0 fnt
|faint|p2b: Kingambit
|
|win|3amr144
