|j|☆Luckstat10
|j|☆Hackervgc
|html|Luckstat10Hackervgc    
|uhtml|bestof|Game 3 of a best-of-3
|t:|1756490804
|gametype|doubles
|player|p1|Luckstat10|1|1153
|player|p2|Hackervgc|gentleman-gen4|1168
|gen|9
|tier|[Gen 9] VGC 2025 Reg H (Bo3)
|rated|
|rule|Species Clause: Limit one of each Pokémon
|rule|Item Clause: Limit 1 of each item
|clearpoke
|poke|p1|Typhlosion-Hisui, L50, M|
|poke|p1|Jumpluff, L50, F|
|poke|p1|Torkoal, L50, M|
|poke|p1|Porygon2, L50|
|poke|p1|Ursaluna, L50, M|
|poke|p1|Mienshao, L50, F|
|poke|p2|Kingambit, L50, F|
|poke|p2|Magmar, L50, M|
|poke|p2|Dragonite, L50, F|
|poke|p2|Sneasler, L50, M|
|poke|p2|Ursaluna-Bloodmoon, L50, M|
|poke|p2|Farigiraf, L50, M|
|teampreview|4
|showteam|p1|Typhlosion-Hisui||ChoiceSpecs|Blaze|Eruption,HeatWave,ShadowBall,Overheat|||M|||50|,,,,,Fire]Jumpluff||CovertCloak|Chlorophyll|Tailwind,SleepPowder,RagePowder,SunnyDay|||F|||50|,,,,,Dark]Torkoal||EjectButton|Drought|Eruption,HeatWave,HelpingHand,Protect|||M|||50|,,,,,Fire]Porygon2||Eviolite|Download|TrickRoom,TeraBlast,IceBeam,Recover||||||50|,,,,,Fighting]Ursaluna||FlameOrb|Guts|Facade,HeadlongRush,Earthquake,Protect|||M|||50|,,,,,Ghost]Mienshao||FocusSash|InnerFocus|FakeOut,Feint,CloseCombat,Protect|||F|||50|,,,,,Fighting
|showteam|p2|Kingambit||AssaultVest|Defiant|KowtowCleave,SuckerPunch,LowKick,TeraBlast|||F|||50|,,,,,Flying]Magmar||Eviolite|VitalSpirit|FollowMe,Protect,Flamethrower,WillOWisp|||M|||50|,,,,,Grass]Dragonite||LoadedDice|Multiscale|ScaleShot,Protect,Haze,Tailwind|||F|||50|,,,,,Fairy]Sneasler||FocusSash|Unburden|ThroatChop,DireClaw,CloseCombat,Protect|||M|||50|,,,,,Stellar]Ursaluna-Bloodmoon||LifeOrb|MindsEye|BloodMoon,Protect,EarthPower,HyperVoice|||M|||50|,,,,,Normal]Farigiraf||SitrusBerry|ArmorTail|TrickRoom,HelpingHand,Psychic,Protect|||M|||50|,,,,,Water
|
|t:|1756490842
|teamsize|p1|4
|teamsize|p2|4
|start
|switch|p1a: Porygon2|Porygon2, L50|100/100
|switch|p1b: Ursaluna|Ursaluna, L50, M, shiny|100/100
|switch|p2a: Dragonita|Dragonite, L50, F|100/100
|switch|p2b: Magmar|Magmar, L50, M|100/100
|-ability|p1a: Porygon2|Download|boost
|-boost|p1a: Porygon2|atk|1
|turn|1
|
|t:|1756490875
|move|p1b: Ursaluna|Protect|p1b: Ursaluna
|-singleturn|p1b: Ursaluna|Protect
|move|p2a: Dragonita|Scale Shot|p1a: Porygon2
|-damage|p1a: Porygon2|93/100
|-damage|p1a: Porygon2|85/100
|-damage|p1a: Porygon2|77/100
|-damage|p1a: Porygon2|69/100
|-hitcount|p1a: Porygon2|4
|-unboost|p2a: Dragonita|def|1
|-boost|p2a: Dragonita|spe|1
|move|p2b: Magmar|Flamethrower|p1a: Porygon2
|-damage|p1a: Porygon2|49/100
|move|p1a: Porygon2|Trick Room|p1a: Porygon2
|-fieldstart|move: Trick Room|[of] p1a: Porygon2
|
|-status|p1b: Ursaluna|brn|[from] item: Flame Orb
|upkeep
|turn|2
|
|t:|1756490905
|-terastallize|p2b: Magmar|Grass
|move|p2b: Magmar|Follow Me|p2b: Magmar
|-singleturn|p2b: Magmar|move: Follow Me
|move|p1b: Ursaluna|Headlong Rush|p2b: Magmar
|-resisted|p2b: Magmar
|-damage|p2b: Magmar|53/100
|-unboost|p1b: Ursaluna|def|1
|-unboost|p1b: Ursaluna|spd|1
|move|p1a: Porygon2|Ice Beam|p2b: Magmar
|-supereffective|p2b: Magmar
|-damage|p2b: Magmar|21/100
|move|p2a: Dragonita|Scale Shot|p1b: Ursaluna|[miss]
|-miss|p2a: Dragonita|p1b: Ursaluna
|
|-damage|p1b: Ursaluna|95/100 brn|[from] brn
|upkeep
|turn|3
|
|t:|1756490942
|switch|p2b: Kingambit|Kingambit, L50, F|100/100
|move|p1b: Ursaluna|Facade|p2b: Kingambit
|-resisted|p2b: Kingambit
|-damage|p2b: Kingambit|54/100
|move|p1a: Porygon2|Ice Beam|p2a: Dragonita
|-supereffective|p2a: Dragonita
|-damage|p2a: Dragonita|48/100
|move|p2a: Dragonita|Scale Shot|p1b: Ursaluna
|-damage|p1b: Ursaluna|80/100 brn
|-damage|p1b: Ursaluna|66/100 brn
|-damage|p1b: Ursaluna|53/100 brn
|-damage|p1b: Ursaluna|40/100 brn
|-damage|p1b: Ursaluna|26/100 brn
|-hitcount|p1b: Ursaluna|5
|-unboost|p2a: Dragonita|def|1
|-boost|p2a: Dragonita|spe|1
|
|-damage|p1b: Ursaluna|20/100 brn|[from] brn
|upkeep
|turn|4
|
|t:|1756490978
|switch|p1b: Torkoal|Torkoal, L50, M|100/100
|-weather|SunnyDay|[from] ability: Drought|[of] p1b: Torkoal
|move|p2b: Kingambit|Sucker Punch||[still]
|-fail|p2b: Kingambit
|move|p1a: Porygon2|Recover|p1a: Porygon2
|-heal|p1a: Porygon2|99/100
|move|p2a: Dragonita|Scale Shot|p1a: Porygon2
|-damage|p1a: Porygon2|92/100
|-damage|p1a: Porygon2|84/100
|-damage|p1a: Porygon2|78/100
|-damage|p1a: Porygon2|70/100
|-damage|p1a: Porygon2|62/100
|-hitcount|p1a: Porygon2|5
|-unboost|p2a: Dragonita|def|1
|-boost|p2a: Dragonita|spe|1
|
|-weather|SunnyDay|[upkeep]
|upkeep
|turn|5
|
|t:|1756491008
|switch|p2b: Magmar|Magmar, L50, M, tera:Grass|21/100
|move|p2a: Dragonita|Protect|p2a: Dragonita
|-singleturn|p2a: Dragonita|Protect
|move|p1b: Torkoal|Heat Wave|p2b: Magmar|[spread] p2b
|-activate|p2a: Dragonita|move: Protect
|-supereffective|p2b: Magmar
|-damage|p2b: Magmar|0 fnt
|faint|p2b: Magmar
|move|p1a: Porygon2|Recover|p1a: Porygon2
|-heal|p1a: Porygon2|100/100
|
|-weather|SunnyDay|[upkeep]
|-fieldend|move: Trick Room
|upkeep
|
|t:|1756491015
|switch|p2b: Sneasler|Sneasler, L50, M|100/100
|turn|6
|
|t:|1756491031
|-terastallize|p1a: Porygon2|Fighting
|move|p2a: Dragonita|Scale Shot|p1b: Torkoal
|-damage|p1b: Torkoal|90/100
|-damage|p1b: Torkoal|79/100
|-damage|p1b: Torkoal|68/100
|-damage|p1b: Torkoal|57/100
|-damage|p1b: Torkoal|46/100
|-hitcount|p1b: Torkoal|5
|-enditem|p1b: Torkoal|Eject Button
|-unboost|p2a: Dragonita|def|1
|-boost|p2a: Dragonita|spe|1
|
|t:|1756491042
|switch|p1b: Ursaluna|Ursaluna, L50, M, shiny|20/100 brn
|move|p2b: Sneasler|Dire Claw|p1a: Porygon2
|-damage|p1a: Porygon2|79/100
|-status|p1a: Porygon2|psn
|move|p1a: Porygon2|Trick Room|p1a: Porygon2
|-fieldstart|move: Trick Room|[of] p1a: Porygon2
|
|-weather|SunnyDay|[upkeep]
|-damage|p1a: Porygon2|66/100 psn|[from] psn
|-damage|p1b: Ursaluna|14/100 brn|[from] brn
|upkeep
|turn|7
|
|t:|1756491080
|switch|p2a: Kingambit|Kingambit, L50, F|54/100
|move|p1b: Ursaluna|Facade|p2b: Sneasler
|-enditem|p2b: Sneasler|Focus Sash
|-damage|p2b: Sneasler|1/100
|move|p1a: Porygon2|Ice Beam|p2a: Kingambit
|-resisted|p2a: Kingambit
|-damage|p2a: Kingambit|47/100
|move|p2b: Sneasler|Close Combat|p1a: Porygon2
|-damage|p1a: Porygon2|30/100 psn
|-unboost|p2b: Sneasler|def|1
|-unboost|p2b: Sneasler|spd|1
|
|-weather|SunnyDay|[upkeep]
|-damage|p1a: Porygon2|18/100 psn|[from] psn
|-damage|p1b: Ursaluna|8/100 brn|[from] brn
|upkeep
|turn|8
|
|t:|1756491118
|move|p2b: Sneasler|Protect|p2b: Sneasler
|-singleturn|p2b: Sneasler|Protect
|move|p2a: Kingambit|Sucker Punch||[still]
|-fail|p2a: Kingambit
|move|p1b: Ursaluna|Headlong Rush|p2a: Kingambit
|-supereffective|p2a: Kingambit
|-damage|p2a: Kingambit|0 fnt
|-unboost|p1b: Ursaluna|def|1
|-unboost|p1b: Ursaluna|spd|1
|faint|p2a: Kingambit
|move|p1a: Porygon2|Recover|p1a: Porygon2
|-heal|p1a: Porygon2|68/100 psn
|
|-weather|none
|-damage|p1a: Porygon2|55/100 psn|[from] psn
|-damage|p1b: Ursaluna|2/100 brn|[from] brn
|upkeep
|
|t:|1756491124
|switch|p2a: Dragonita|Dragonite, L50, F|48/100
|turn|9
|
|t:|1756491140
|move|p2a: Dragonita|Protect|p2a: Dragonita
|-singleturn|p2a: Dragonita|Protect
|move|p2b: Sneasler|Protect||[still]
|-fail|p2b: Sneasler
|move|p1b: Ursaluna|Facade|p2b: Sneasler
|-damage|p2b: Sneasler|0 fnt
|faint|p2b: Sneasler
|move|p1a: Porygon2|Ice Beam|p2a: Dragonita
|-activate|p2a: Dragonita|move: Protect
|
|-damage|p1a: Porygon2|43/100 psn|[from] psn
|-damage|p1b: Ursaluna|0 fnt|[from] brn
|faint|p1b: Ursaluna
|upkeep
|
|t:|1756491144
|switch|p1b: Mienshao|Mienshao, L50, F, shiny|100/100
|turn|10
|
|t:|1756491160
|move|p2a: Dragonita|Protect|p2a: Dragonita
|-singleturn|p2a: Dragonita|Protect
|move|p1b: Mienshao|Feint|p2a: Dragonita
|-activate|p2a: Dragonita|move: Feint
|-damage|p2a: Dragonita|36/100
|move|p1a: Porygon2|Ice Beam|p2a: Dragonita
|-supereffective|p2a: Dragonita
|-damage|p2a: Dragonita|0 fnt
|faint|p2a: Dragonita
|
|win|Luckstat10
|raw|Luckstat10's rating: 1153 → 1179(+26 for winning)
|raw|Hackervgc's rating: 1168 → 1142(-26 for losing)
|l|☆Luckstat10
|player|p1|
