|j|Ōśåjxnh
|j|Ōśådambro222
|html|jxnhdambro222    
|uhtml|bestof|Game 1 of a best-of-3
|t:|1756675654
|gametype|doubles
|player|p1|jxnh|170|1172
|player|p2|dambro222|ethan|1160
|gen|9
|tier|[Gen 9] VGC 2025 Reg H (Bo3)
|rated|
|rule|Species Clause: Limit one of each Pok├®mon
|rule|Item Clause: Limit 1 of each item
|clearpoke
|poke|p1|Corviknight, L50, M|
|poke|p1|Sneasler, L50, F|
|poke|p1|Garchomp, L50, M|
|poke|p1|Incineroar, L50, F|
|poke|p1|Araquanid, L50, F|
|poke|p1|Ursaluna-Bloodmoon, L50, M|
|poke|p2|Dragonite, L50, M|
|poke|p2|Volcarona, L50, F|
|poke|p2|Sneasler, L50, M|
|poke|p2|Rillaboom, L50, M|
|poke|p2|Electabuzz, L50, M|
|poke|p2|Kingambit, L50, M|
|teampreview|4
|showteam|p1|Corviknight||Leftovers|MirrorArmor|DualWingbeat,BodyPress,IronDefense,Protect|||M|||50|,,,,,Fire]Sneasler||FocusSash|Unburden|DireClaw,CloseCombat,Coaching,Protect|||F|||50|,,,,,Ghost]Garchomp||LoadedDice|RoughSkin|StompingTantrum,Earthquake,ScaleShot,Protect|||M|||50|,,,,,Fairy]Incineroar||SitrusBerry|Intimidate|FakeOut,KnockOff,PartingShot,FlareBlitz|||F|||50|,,,,,Ghost]Araquanid||RoomService|WaterBubble|Liquidation,LeechLife,WideGuard,Protect|||F|||50|,,,,,Grass]Ursaluna-Bloodmoon||AssaultVest|MindsEye|HyperVoice,EarthPower,BloodMoon,Snarl|||M|||50|,,,,,Grass
|showteam|p2|Dragonite||LoadedDice|Multiscale|ScaleShot,ExtremeSpeed,Haze,Protect|||M|||50|,,,,,Fairy]Volcarona||CovertCloak|FlameBody|HeatWave,TeraBlast,QuiverDance,Protect|||F|||50|,,,,,Fairy]Sneasler||FocusSash|Unburden|CloseCombat,DireClaw,RockSlide,Protect|||M|||50|,,,,,Stellar]Rillaboom||AssaultVest|GrassySurge|WoodHammer,GrassyGlide,HighHorsepower,FakeOut|||M|||50|,,,,,Water]Electabuzz||Eviolite|VitalSpirit|Electroweb,FollowMe,Taunt,Protect|||M|||50|,,,,,Ghost]Kingambit||BlackGlasses|Defiant|KowtowCleave,SuckerPunch,SwordsDance,Protect|||M|||50|,,,,,Dark
|inactive|Battle timer is ON: inactive players will automatically lose when time's up. (requested by dambro222)
|inactive|jxnh has 60 seconds left.
|inactive|dambro222 has 60 seconds left.
|
|t:|1756675699
|teamsize|p1|4
|teamsize|p2|4
|start
|switch|p1a: Garchomp|Garchomp, L50, M|100/100
|switch|p1b: Sneasler|Sneasler, L50, F|100/100
|switch|p2a: Volcarona|Volcarona, L50, F|100/100
|switch|p2b: Electabuzz|Electabuzz, L50, M|100/100
|turn|1
|inactive|dambro222 has 30 seconds left.
|inactive|dambro222 has 20 seconds left.
|inactive|dambro222 has 15 seconds left.
|
|t:|1756675742
|move|p2b: Electabuzz|Follow Me|p2b: Electabuzz
|-singleturn|p2b: Electabuzz|move: Follow Me
|move|p1b: Sneasler|Dire Claw|p2b: Electabuzz
|-damage|p2b: Electabuzz|69/100
|move|p1a: Garchomp|Scale Shot|p2b: Electabuzz
|-damage|p2b: Electabuzz|58/100
|-damage|p2b: Electabuzz|47/100
|-crit|p2b: Electabuzz
|-damage|p2b: Electabuzz|30/100
|-crit|p2b: Electabuzz
|-damage|p2b: Electabuzz|14/100
|-damage|p2b: Electabuzz|3/100
|-hitcount|p2b: Electabuzz|5
|-unboost|p1a: Garchomp|def|1
|-boost|p1a: Garchomp|spe|1
|move|p2a: Volcarona|Quiver Dance|p2a: Volcarona
|-boost|p2a: Volcarona|spa|1
|-boost|p2a: Volcarona|spd|1
|-boost|p2a: Volcarona|spe|1
|
|upkeep
|turn|2
|inactive|jxnh has 30 seconds left.
|inactive|dambro222 has 30 seconds left.
|
|t:|1756675777
|move|p2b: Electabuzz|Follow Me|p2b: Electabuzz
|-singleturn|p2b: Electabuzz|move: Follow Me
|move|p1a: Garchomp|Earthquake|p2a: Volcarona|[spread] p1b,p2a,p2b
|-supereffective|p1b: Sneasler
|-supereffective|p2b: Electabuzz
|-enditem|p1b: Sneasler|Focus Sash
|-damage|p1b: Sneasler|1/100
|-damage|p2a: Volcarona|43/100
|-damage|p2b: Electabuzz|0 fnt
|faint|p2b: Electabuzz
|move|p1b: Sneasler|Dire Claw|p2a: Volcarona
|-damage|p2a: Volcarona|0 fnt
|faint|p2a: Volcarona
|
|upkeep
|
|t:|1756675792
|switch|p2a: Sneasler|Sneasler, L50, M|100/100
|switch|p2b: Rillaboom|Rillaboom, L50, M|100/100
|-fieldstart|move: Grassy Terrain|[from] ability: Grassy Surge|[of] p2b: Rillaboom
|turn|3
|
|t:|1756675811
|move|p1b: Sneasler|Protect|p1b: Sneasler
|-singleturn|p1b: Sneasler|Protect
|move|p1a: Garchomp|Protect|p1a: Garchomp
|-singleturn|p1a: Garchomp|Protect
|move|p2b: Rillaboom|Fake Out|p1a: Garchomp
|-activate|p1a: Garchomp|move: Protect
|move|p2a: Sneasler|Dire Claw|p1b: Sneasler
|-activate|p1b: Sneasler|move: Protect
|
|-heal|p1b: Sneasler|7/100|[from] Grassy Terrain
|upkeep
|turn|4
|inactive|dambro222 has 30 seconds left.
|
|t:|1756675837
|-terastallize|p2a: Sneasler|Stellar
|move|p2b: Rillaboom|Grassy Glide|p1a: Garchomp
|-damage|p1a: Garchomp|36/100
|-damage|p2b: Rillaboom|88/100|[from] ability: Rough Skin|[of] p1a: Garchomp
|move|p1b: Sneasler|Close Combat|p1a: Garchomp
|-damage|p1a: Garchomp|0 fnt
|-unboost|p1b: Sneasler|def|1
|-unboost|p1b: Sneasler|spd|1
|-damage|p1b: Sneasler|0 fnt|[from] ability: Rough Skin|[of] p1a: Garchomp
|faint|p1a: Garchomp
|faint|p1b: Sneasler
|move|p2a: Sneasler|Rock Slide|p1: Garchomp|[notarget]
|-fail|p2a: Sneasler
|
|-heal|p2b: Rillaboom|94/100|[from] Grassy Terrain
|upkeep
|c|Ōśåjxnh|brooooo
|c|Ōśådambro222|?
|c|Ōśåjxnh|i did a misclick xd
|c|Ōśådambro222|hahaha lol
|inactive|jxnh has 30 seconds left.
|
|t:|1756675864
|switch|p1b: Corviknight|Corviknight, L50, M|100/100
|switch|p1a: Ursaluna|Ursaluna-Bloodmoon, L50, M|100/100
|turn|5
|
|t:|1756675887
|-terastallize|p1a: Ursaluna|Grass
|move|p2b: Rillaboom|Grassy Glide|p1a: Ursaluna
|-resisted|p1a: Ursaluna
|-damage|p1a: Ursaluna|87/100
|move|p2a: Sneasler|Rock Slide|p1b: Corviknight|[spread] 
|-miss|p2a: Sneasler|p1a: Ursaluna
|-miss|p2a: Sneasler|p1b: Corviknight
|move|p1b: Corviknight|Dual Wingbeat|p2a: Sneasler
|-supereffective|p2a: Sneasler
|-damage|p2a: Sneasler|47/100
|-supereffective|p2a: Sneasler
|-damage|p2a: Sneasler|0 fnt
|faint|p2a: Sneasler
|-hitcount|p2: Sneasler|2
|move|p1a: Ursaluna|Blood Moon|p2b: Rillaboom
|-damage|p2b: Rillaboom|33/100
|
|-heal|p2b: Rillaboom|39/100|[from] Grassy Terrain
|-heal|p1a: Ursaluna|93/100|[from] Grassy Terrain
|upkeep
|turn|6
|c|Ōśådambro222|gg
|-message|dambro222 forfeited.
|
|win|jxnh
||dambro222 is ready for game 2.
|c|Ōśåjxnh|gg
|inactive|jxnh has 30 seconds to confirm battle start!
||jxnh is ready for game 2.
|uhtml|next|Next: Game 2 of 3
