|j|â˜†practicesemijrlman
|j|â˜†TheOneAndOnlyChat
|html|practicesemijrlmanTheOneAndOnlyChat    
|uhtml|bestof|Game 2 of a best-of-3
|t:|1757650420
|gametype|doubles
|player|p1|practicesemijrlman|2|
|player|p2|TheOneAndOnlyChat|170|
|gen|9
|tier|[Gen 9] VGC 2025 Reg H (Bo3)
|rule|Species Clause: Limit one of each PokÃ©mon
|rule|Item Clause: Limit 1 of each item
|clearpoke
|poke|p1|Dondozo, L50, F|
|poke|p1|Tatsugiri, L50, M|
|poke|p1|Indeedee, L50, M|
|poke|p1|Garchomp, L50, M|
|poke|p1|Gholdengo, L50|
|poke|p1|Murkrow, L50, F|
|poke|p2|Politoed, L50, M|
|poke|p2|Gothitelle, L50, M|
|poke|p2|Incineroar, L50, F|
|poke|p2|Amoonguss, L50, F|
|poke|p2|Kingdra, L50, F|
|poke|p2|Archaludon, L50, F|
|teampreview|4
|showteam|p1|Dondozo||Leftovers|Unaware|OrderUp,Earthquake,WaveCrash,Protect|||F|||50|,,,,,Grass]Tatsugiri||FocusSash|Commander|DracoMeteor,MuddyWater,IcyWind,Protect|||M|||50|,,,,,Stellar]Indeedee||ChoiceScarf|PsychicSurge|ExpandingForce,Trick,AfterYou,HyperVoice|||M|||50|,,,,,Psychic]Garchomp||LifeOrb|RoughSkin|Earthquake,StompingTantrum,DragonClaw,Protect|||M|||50|,,,,,Ground]Gholdengo||ChoiceSpecs|GoodasGold|MakeItRain,ShadowBall,SteelBeam,Thunderbolt||||||50|,,,,,Steel]Murkrow||Eviolite|Prankster|FoulPlay,Tailwind,Quash,Haze|||F|||50|,,,,,Ghost
|showteam|p2|Politoed||Leftovers|Drizzle|Protect,WeatherBall,PerishSong,Encore|||M|||50|,,,,,Grass]Gothitelle||SitrusBerry|ShadowTag|Protect,Psychic,FakeOut,TrickRoom|||M|||50|,,,,,Dark]Incineroar||SafetyGoggles|Intimidate|Protect,KnockOff,FakeOut,PartingShot|||F|||50|,,,,,Ghost]Amoonguss||EjectButton|Regenerator|Protect,RagePowder,PollenPuff,Spore|||F|||50|,,,,,Fairy]Kingdra||LifeOrb|SwiftSwim|Protect,WeatherBall,DracoMeteor,MuddyWater|||F|||50|,,,,,Stellar]Archaludon||PowerHerb|Sturdy|Protect,ElectroShot,DragonPulse,FlashCannon|||F|||50|,,,,,Electric
|inactive|Battle timer is ON: inactive players will automatically lose when time's up. (requested by practicesemijrlman)
|
|t:|1757650435
|teamsize|p1|4
|teamsize|p2|4
|start
|switch|p1a: Indeedee|Indeedee, L50, M|100/100
|switch|p1b: Murkrow|Murkrow, L50, F|100/100
|switch|p2a: Politoed|Politoed, L50, M|100/100
|switch|p2b: Archaludon|Archaludon, L50, F|100/100
|-fieldstart|move: Psychic Terrain|[from] ability: Psychic Surge|[of] p1a: Indeedee
|-weather|RainDance|[from] ability: Drizzle|[of] p2a: Politoed
|turn|1
|
|t:|1757650456
|-terastallize|p2b: Archaludon|Electric
|move|p1b: Murkrow|Tailwind|p1b: Murkrow
|-sidestart|p1: practicesemijrlman|move: Tailwind
|move|p1a: Indeedee|Expanding Force|p2b: Archaludon|[spread] p2a,p2b
|-damage|p2a: Politoed|57/100
|-damage|p2b: Archaludon|20/100
|move|p2b: Archaludon|Electro Shot||[still]
|-prepare|p2b: Archaludon|Electro Shot
|-boost|p2b: Archaludon|spa|1
|-anim|p2b: Archaludon|Electro Shot|p1a: Indeedee
|-damage|p1a: Indeedee|0 fnt
|faint|p1a: Indeedee
|move|p2a: Politoed|Weather Ball|p1b: Murkrow
|-damage|p1b: Murkrow|53/100
|
|-weather|RainDance|[upkeep]
|-heal|p2a: Politoed|63/100|[from] item: Leftovers
|upkeep
|
|t:|1757650475
|switch|p1a: Tatsugiri|Tatsugiri, L50, M, shiny|100/100
|turn|2
|j| redshoes7
|
|t:|1757650490
|switch|p2b: Kingdra|Kingdra, L50, F|100/100
|-terastallize|p1a: Tatsugiri|Stellar
|move|p1a: Tatsugiri|Draco Meteor|p2a: Politoed|[miss]
|-miss|p1a: Tatsugiri|p2a: Politoed
|move|p1b: Murkrow|Foul Play|p2b: Kingdra
|-damage|p2b: Kingdra|71/100
|move|p2a: Politoed|Perish Song|p2a: Politoed
|-start|p1a: Tatsugiri|perish3|[silent]
|-start|p1b: Murkrow|perish3|[silent]
|-start|p2a: Politoed|perish3|[silent]
|-start|p2b: Kingdra|perish3|[silent]
|-fieldactivate|move: Perish Song
|
|-weather|RainDance|[upkeep]
|-heal|p2a: Politoed|70/100|[from] item: Leftovers
|-start|p1a: Tatsugiri|perish3
|-start|p2b: Kingdra|perish3
|-start|p1b: Murkrow|perish3
|-start|p2a: Politoed|perish3
|upkeep
|turn|3
|inactive|practicesemijrlman has 30 seconds left.
|inactive|TheOneAndOnlyChat has 30 seconds left.
|inactive|practicesemijrlman has 20 seconds left.
|inactive|TheOneAndOnlyChat has 20 seconds left.
|inactive|practicesemijrlman has 15 seconds left.
|
|t:|1757650533
|move|p1b: Murkrow|Quash|p2b: Kingdra
|-activate|p2b: Kingdra|move: Psychic Terrain
|move|p1a: Tatsugiri|Draco Meteor|p2a: Politoed
|-damage|p2a: Politoed|4/100
|-unboost|p1a: Tatsugiri|spa|2
|move|p2b: Kingdra|Muddy Water|p1a: Tatsugiri|[spread] p1b
|-miss|p2b: Kingdra|p1a: Tatsugiri
|-damage|p1b: Murkrow|0 fnt
|faint|p1b: Murkrow
|-damage|p2b: Kingdra|61/100|[from] item: Life Orb
|move|p2a: Politoed|Perish Song||[still]
|-fail|p2a: Politoed
|
|-weather|RainDance|[upkeep]
|-heal|p2a: Politoed|10/100|[from] item: Leftovers
|-start|p1a: Tatsugiri|perish2
|-start|p2b: Kingdra|perish2
|-start|p2a: Politoed|perish2
|upkeep
|
|t:|1757650544
|switch|p1b: Dondozo|Dondozo, L50, F|100/100
|-activate|p1a: Tatsugiri|ability: Commander|[of] p1b: Dondozo
|-boost|p1b: Dondozo|atk|2
|-boost|p1b: Dondozo|spa|2
|-boost|p1b: Dondozo|spe|2
|-boost|p1b: Dondozo|def|2
|-boost|p1b: Dondozo|spd|2
|turn|4
|inactive|TheOneAndOnlyChat has 30 seconds left.
|
|t:|1757650569
|move|p2b: Kingdra|Protect|p2b: Kingdra
|-singleturn|p2b: Kingdra|Protect
|move|p2a: Politoed|Protect|p2a: Politoed
|-singleturn|p2a: Politoed|Protect
|move|p1b: Dondozo|Earthquake|p2b: Kingdra|[spread] 
|-miss|p1b: Dondozo|p1a: Tatsugiri
|-activate|p2a: Politoed|move: Protect
|-activate|p2b: Kingdra|move: Protect
|
|-weather|RainDance|[upkeep]
|-heal|p2a: Politoed|16/100|[from] item: Leftovers
|-start|p1a: Tatsugiri|perish1
|-start|p2b: Kingdra|perish1
|-start|p2a: Politoed|perish1
|-sideend|p1: practicesemijrlman|move: Tailwind
|upkeep
|turn|5
|
|t:|1757650583
|switch|p2b: Incineroar|Incineroar, L50, F|100/100
|-ability|p2b: Incineroar|Intimidate|boost
|-unboost|p1a: Tatsugiri|atk|1
|-unboost|p1b: Dondozo|atk|1
|switch|p2a: Archaludon|Archaludon, L50, F, tera:Electric|20/100
|move|p1b: Dondozo|Earthquake|p2a: Archaludon|[spread] p2a,p2b
|-miss|p1b: Dondozo|p1a: Tatsugiri
|-supereffective|p2a: Archaludon
|-supereffective|p2b: Incineroar
|-damage|p2a: Archaludon|0 fnt
|-damage|p2b: Incineroar|40/100
|faint|p2a: Archaludon
|
|-weather|none
|-start|p1a: Tatsugiri|perish0
|-fieldend|move: Psychic Terrain
|upkeep
|faint|p1a: Tatsugiri
|
|t:|1757650587
|switch|p2a: Politoed|Politoed, L50, M|16/100
|-weather|RainDance|[from] ability: Drizzle|[of] p2a: Politoed
|turn|6
|inactive|practicesemijrlman has 30 seconds left.
|inactive|practicesemijrlman has 20 seconds left.
|inactive|practicesemijrlman has 15 seconds left.
|inactive|practicesemijrlman has 10 seconds left.
|
|t:|1757650635
|move|p1b: Dondozo|Protect|p1b: Dondozo
|-singleturn|p1b: Dondozo|Protect
|move|p2b: Incineroar|Fake Out|p1b: Dondozo
|-activate|p1b: Dondozo|move: Protect
|move|p2a: Politoed|Perish Song|p2a: Politoed
|-start|p1b: Dondozo|perish3|[silent]
|-start|p2a: Politoed|perish3|[silent]
|-start|p2b: Incineroar|perish3|[silent]
|-fieldactivate|move: Perish Song
|
|-weather|RainDance|[upkeep]
|-heal|p2a: Politoed|22/100|[from] item: Leftovers
|-start|p1b: Dondozo|perish3
|-start|p2a: Politoed|perish3
|-start|p2b: Incineroar|perish3
|upkeep
|turn|7
|
|t:|1757650649
|switch|p2b: Kingdra|Kingdra, L50, F|61/100
|move|p2a: Politoed|Protect|p2a: Politoed
|-singleturn|p2a: Politoed|Protect
|move|p1b: Dondozo|Wave Crash|p1: Tatsugiri|[notarget]
|-fail|p1b: Dondozo
|
|-weather|RainDance|[upkeep]
|-heal|p2a: Politoed|28/100|[from] item: Leftovers
|-start|p1b: Dondozo|perish2
|-start|p2a: Politoed|perish2
|upkeep
|turn|8
|l| redshoes7
|
|t:|1757650667
|switch|p2a: Incineroar|Incineroar, L50, F|40/100
|-ability|p2a: Incineroar|Intimidate|boost
|-unboost|p1b: Dondozo|atk|1
|move|p2b: Kingdra|Draco Meteor|p1b: Dondozo
|-damage|p1b: Dondozo|67/100
|-unboost|p2b: Kingdra|spa|2
|-damage|p2b: Kingdra|51/100|[from] item: Life Orb
|move|p1b: Dondozo|Wave Crash|p2a: Incineroar
|-supereffective|p2a: Incineroar
|-damage|p2a: Incineroar|0 fnt
|faint|p2a: Incineroar
|-damage|p1b: Dondozo|57/100|[from] Recoil
|
|-weather|RainDance|[upkeep]
|-heal|p1b: Dondozo|63/100|[from] item: Leftovers
|-start|p1b: Dondozo|perish1
|upkeep
|
|t:|1757650679
|switch|p2a: Politoed|Politoed, L50, M|28/100
|turn|9
|inactive|TheOneAndOnlyChat has 30 seconds left.
|
|t:|1757650710
|move|p2b: Kingdra|Muddy Water|p1b: Dondozo
|-resisted|p1b: Dondozo
|-damage|p1b: Dondozo|46/100
|-damage|p2b: Kingdra|41/100|[from] item: Life Orb
|move|p1b: Dondozo|Earthquake|p2a: Politoed|[spread] p2a,p2b
|-damage|p2a: Politoed|5/100
|-damage|p2b: Kingdra|12/100
|move|p2a: Politoed|Weather Ball|p1b: Dondozo
|-resisted|p1b: Dondozo
|-damage|p1b: Dondozo|35/100
|
|-weather|RainDance|[upkeep]
|-heal|p1b: Dondozo|41/100|[from] item: Leftovers
|-heal|p2a: Politoed|11/100|[from] item: Leftovers
|-start|p1b: Dondozo|perish0
|upkeep
|faint|p1b: Dondozo
|
|win|TheOneAndOnlyChat
|l|â˜†TheOneAndOnlyChat
|player|p2|
