|j|☆ShmebKing
|j|☆Diglett1
|html|ShmebKingDiglett1    
|uhtml|bestof|Game 1 of a best-of-3
|t:|1783309929
|gametype|doubles
|player|p1|ShmebKing|juan|
|player|p2|Diglett1|swimmer|
|gen|9
|tier|[Gen 9 Champions] VGC 2026 Reg M-B (Bo3)
|rule|Species Clause: Limit one of each Pokémon
|rule|Item Clause: Limit 1 of each item
|clearpoke
|poke|p1|Scolipede, L50, M|
|poke|p1|Staraptor, L50, F|
|poke|p1|Zoroark-Hisui, L50, M|
|poke|p1|Aerodactyl, L50, M|
|poke|p1|Sylveon, L50, F|
|poke|p1|Liepard, L50, F|
|poke|p2|Meowstic, L50, M, shiny|
|poke|p2|Torkoal, L50, F|
|poke|p2|Kingambit, L50, F|
|poke|p2|Garchomp, L50, M, shiny|
|poke|p2|Delphox, L50, M, shiny|
|poke|p2|Farigiraf, L50, M, shiny|
|teampreview|4
|showteam|p1|Scolipede||FocusSash|SpeedBoost|Megahorn,Round,Protect,RockSlide|Jolly||M|||50|]Staraptor||Staraptite|Reckless|CloseCombat,BraveBird,Protect,Roost|Jolly||F|||50|]Zoroark-Hisui||ChoiceScarf|Illusion|Round,BitterMalice,Flamethrower,Trick|Timid||M|||50|]Aerodactyl||ChartiBerry|RockHead|RockSlide,IceFang,Protect,Tailwind|Jolly||M|||50|]Sylveon||LifeOrb|Pixilate|Round,QuickAttack,HyperVoice,Protect|Quiet||F|||50|]Liepard||MentalHerb|Prankster|FakeOut,KnockOff,Protect,Copycat|Jolly||F|||50|
|showteam|p2|Meowstic||FocusSash|Prankster|SkillSwap,FakeOut,PsychicTerrain,Protect|Sassy||M|||50|]Torkoal||HeatRock|Drought|Eruption,Flamethrower,Protect,StealthRock|Bold||F|||50|]Kingambit||LumBerry|SupremeOverlord|SuckerPunch,SwordsDance,KowtowCleave,IronHead|Adamant||F|||50|]Garchomp||ChoiceScarf|RoughSkin|RockSlide,Earthquake,IronHead,DragonClaw|Jolly||M|||50|]Delphox||Delphoxite|Blaze|Flamethrower,DazzlingGleam,ExpandingForce,Substitute|Timid||M|||50|]Farigiraf||Leftovers|ArmorTail|TrickRoom,Psychic,HyperVoice,Protect|Sassy||M|||50|
|inactive|Battle timer is ON: inactive players will automatically lose when time's up. (requested by ShmebKing)
|inactive|ShmebKing has 60 seconds left.
|inactive|Diglett1 has 60 seconds left.
|inactive|ShmebKing has 30 seconds left.
|inactive|Diglett1 has 30 seconds left.
|inactive|ShmebKing has 20 seconds left.
|inactive|Diglett1 has 20 seconds left.
|
|t:|1783310005
|teamsize|p1|4
|teamsize|p2|4
|start
|switch|p1a: Bane|Scolipede, L50, M|100/100
|switch|p1b: Zoraork-Hisui|Liepard, L50, F|100/100
|switch|p2a: Pedrophile|Garchomp, L50, M, shiny|100/100
|switch|p2b: Racist|Kingambit, L50, F|100/100
|turn|1
|inactive|ShmebKing has 30 seconds left.
|inactive|Diglett1 has 30 seconds left.
|inactive|ShmebKing has 20 seconds left.
|inactive|ShmebKing has 15 seconds left.
|inactive|Diglett1 has 20 seconds left.
|inactive|ShmebKing has 10 seconds left.
|inactive|Diglett1 has 15 seconds left.
|inactive|ShmebKing has 5 seconds left.
|
|t:|1783310055
|switch|p1b: Applause|Sylveon, L50, F|100/100
|move|p1a: Bane|Protect|p1a: Bane
|-singleturn|p1a: Bane|Protect
|move|p2a: Pedrophile|Rock Slide|p1a: Bane|[spread] p1b
|-activate|p1a: Bane|move: Protect
|-damage|p1b: Applause|79/100
|move|p2b: Racist|Iron Head|p1a: Bane
|-activate|p1a: Bane|move: Protect
|
|-ability|p1a: Bane|Speed Boost|boost
|-boost|p1a: Bane|spe|1
|upkeep
|turn|2
|inactive|ShmebKing has 30 seconds left.
|inactive|Diglett1 has 30 seconds left.
|inactive|Diglett1 has 20 seconds left.
|
|t:|1783310094
|switch|p2a: Andy|Farigiraf, L50, M, shiny|100/100
|move|p1a: Bane|Round|p2a: Andy
|-damage|p2a: Andy|93/100
|move|p1b: Applause|Round|p2a: Andy|[from] move: Round
|-damage|p2a: Andy|31/100
|-damage|p1b: Applause|69/100|[from] item: Life Orb
|move|p2b: Racist|Iron Head|p1b: Applause
|-supereffective|p1b: Applause|1
|-damage|p1b: Applause|0 fnt
|faint|p1b: Applause
|
|-heal|p2a: Andy|37/100|[from] item: Leftovers
|-ability|p1a: Bane|Speed Boost|boost
|-boost|p1a: Bane|spe|1
|upkeep
|
|t:|1783310118
|switch|p1b: Reckless|Staraptor, L50, F|100/100
|turn|3
|inactive|Diglett1 has 30 seconds left.
|
|t:|1783310150
|-end|p2b: Racist|fallenundefined|[silent]
|switch|p2b: Pedrophile|Garchomp, L50, M, shiny|100/100
|detailschange|p1b: Reckless|Staraptor-Mega, L50, F
|-mega|p1b: Reckless|Staraptor|Staraptite
|move|p2a: Andy|Protect|p2a: Andy
|-singleturn|p2a: Andy|Protect
|move|p1a: Bane|Megahorn|p2a: Andy
|-activate|p2a: Andy|move: Protect
|move|p1b: Reckless|Close Combat|p2b: Pedrophile
|-damage|p2b: Pedrophile|31/100
|-boost|p1b: Reckless|def|1
|-boost|p1b: Reckless|spd|1
|-damage|p1b: Reckless|87/100|[from] ability: Rough Skin|[of] p2b: Pedrophile
|
|-heal|p2a: Andy|43/100|[from] item: Leftovers
|-ability|p1a: Bane|Speed Boost|boost
|-boost|p1a: Bane|spe|1
|upkeep
|turn|4
|inactive|ShmebKing has 30 seconds left.
|inactive|ShmebKing has 20 seconds left.
|
|t:|1783310190
|move|p1a: Bane|Megahorn|p2b: Pedrophile
|-damage|p2b: Pedrophile|0 fnt
|-damage|p1a: Bane|87/100|[from] ability: Rough Skin|[of] p2b: Pedrophile
|faint|p2b: Pedrophile
|move|p1b: Reckless|Close Combat|p2a: Andy
|-damage|p2a: Andy|0 fnt
|-boost|p1b: Reckless|def|1
|-boost|p1b: Reckless|spd|1
|faint|p2a: Andy
|
|-ability|p1a: Bane|Speed Boost|boost
|-boost|p1a: Bane|spe|1
|upkeep
|
|t:|1783310193
|switch|p2b: Big Man|Torkoal, L50, F|100/100
|switch|p2a: Racist|Kingambit, L50, F|100/100
|-activate|p2a: Racist|ability: Supreme Overlord
|-start|p2a: Racist|fallen2|[silent]
|-weather|SunnyDay|[from] ability: Drought|[of] p2b: Big Man
|turn|5
|inactive|Diglett1 has 30 seconds left.
|
|t:|1783310225
|move|p2a: Racist|Sucker Punch|p1b: Reckless
|-resisted|p1b: Reckless|1
|-damage|p1b: Reckless|72/100
|move|p1a: Bane|Rock Slide|p2b: Big Man|[spread] p2a,p2b
|-resisted|p2a: Racist|1
|-supereffective|p2b: Big Man|1
|-damage|p2a: Racist|93/100
|-damage|p2b: Big Man|81/100
|move|p1b: Reckless|Close Combat|p2a: Racist
|-supereffective|p2a: Racist|2
|-damage|p2a: Racist|0 fnt
|-boost|p1b: Reckless|def|1
|-boost|p1b: Reckless|spd|1
|faint|p2a: Racist
|-end|p2a: Racist|fallen2|[silent]
|move|p2b: Big Man|Eruption|p1b: Reckless|[spread] p1a,p1b
|-supereffective|p1a: Bane|1
|-damage|p1a: Bane|0 fnt
|-damage|p1b: Reckless|53/100
|faint|p1a: Bane
|
|-weather|SunnyDay|[upkeep]
|upkeep
|
|t:|1783310242
|switch|p1a: Zoraork-Hisui|Liepard, L50, F|100/100
|turn|6
|
|t:|1783310256
|move|p1a: Zoraork-Hisui|Fake Out|p2b: Big Man
|-damage|p2b: Big Man|75/100
|move|p1b: Reckless|Roost|p1b: Reckless
|-heal|p1b: Reckless|100/100
|-singleturn|p1b: Reckless|move: Roost
|cant|p2b: Big Man|flinch
|
|-weather|SunnyDay|[upkeep]
|upkeep
|turn|7
|
|t:|1783310273
|move|p1b: Reckless|Close Combat|p2b: Big Man
|-crit|p2b: Big Man
|-damage|p2b: Big Man|20/100y
|-boost|p1b: Reckless|def|1
|-boost|p1b: Reckless|spd|1
|move|p1a: Zoraork-Hisui|Knock Off|p2b: Big Man
|-damage|p2b: Big Man|0 fnt
|-enditem|p2b: Big Man|Heat Rock|[from] move: Knock Off|[of] p1a: Zoraork-Hisui
|faint|p2b: Big Man
|
|win|ShmebKing
|l|☆Diglett1
|player|p2|
|inactive|ShmebKing has 30 seconds to confirm battle start!
|inactive|Diglett1 has 30 seconds to confirm battle start!
|inactive|ShmebKing has 20 seconds to confirm battle start!
|inactive|Diglett1 has 20 seconds to confirm battle start!
||ShmebKing is ready for game 2.
||Diglett1 is ready for game 2.
|uhtml|next|Next: Game 2 of 3
