|j|☆ZekromAllDay
|j|☆ZXMaverickHunter
|html|ZekromAllDayZXMaverickHunter    
|uhtml|bestof|Game 1 of a best-of-3
|t:|1756505273
|gametype|doubles
|player|p1|ZekromAllDay|102|1160
|player|p2|ZXMaverickHunter|flint|1116
|gen|9
|tier|[Gen 9] VGC 2025 Reg H (Bo3)
|rated|
|rule|Species Clause: Limit one of each Pokémon
|rule|Item Clause: Limit 1 of each item
|clearpoke
|poke|p1|Basculegion, L50, M|
|poke|p1|Pelipper, L50, F|
|poke|p1|Archaludon, L50, M|
|poke|p1|Dragonite, L50, M|
|poke|p1|Indeedee, L50, M|
|poke|p1|Sneasler, L50, F|
|poke|p2|Rillaboom, L50, M|
|poke|p2|Dragonite, L50, F|
|poke|p2|Sneasler, L50, M|
|poke|p2|Ninetales-Alola, L50, M|
|poke|p2|Kingambit, L50, F|
|poke|p2|Magmar, L50, M|
|teampreview|4
|showteam|p1|Basculegion||ChoiceBand|SwiftSwim|WaveCrash,LastRespects,AquaJet,FlipTurn|||M|||50|,,,,,Grass]Pelipper||CovertCloak|Drizzle|WeatherBall,Hurricane,Tailwind,MuddyWater|||F|||50|,,,,,Stellar]Archaludon||AssaultVest|Stamina|ElectroShot,DracoMeteor,BodyPress,FlashCannon|||M|||50|,,,,,Bug]Dragonite||LoadedDice|InnerFocus|ScaleShot,Tailwind,Haze,Protect|||M|||50|,,,,,Fairy]Indeedee||FocusSash|PsychicSurge|ExpandingForce,TrickRoom,TeraBlast,Protect|||M|||50|,,,,,Psychic]Sneasler||PsychicSeed|Unburden|CloseCombat,ThroatChop,DireClaw,Protect|||F|||50|,,,,,Dark
|showteam|p2|Rillaboom||AssaultVest|GrassySurge|WoodHammer,GrassyGlide,HighHorsepower,FakeOut|||M|||50|,,,,,Fire]Dragonite||LoadedDice|Multiscale|Protect,ScaleShot,LowKick,Haze|||F|||50|,,,,,Fairy]Sneasler||WhiteHerb|Unburden|Protect,DireClaw,CloseCombat,Coaching|||M|||50|,,,,,Ghost]Ninetales-Alola||ChoiceSpecs|SnowWarning|Blizzard,IcyWind,Moonblast,FreezeDry|||M|||50|,,,,,Ghost]Kingambit||SafetyGoggles|Defiant|Protect,KowtowCleave,SuckerPunch,SwordsDance|||F|||50|,,,,,Dark]Magmar||Eviolite|VitalSpirit|Protect,FollowMe,Overheat,WillOWisp|||M|||50|,,,,,Dragon
|inactive|Battle timer is ON: inactive players will automatically lose when time's up. (requested by ZekromAllDay)
|
|t:|1756505334
|teamsize|p1|4
|teamsize|p2|4
|start
|switch|p1a: Indeedee|Indeedee, L50, M|100/100
|switch|p1b: Sneasler|Sneasler, L50, F|100/100
|switch|p2a: 90% = 50%|Dragonite, L50, F, shiny|100/100
|switch|p2b: Noah's BFF|Sneasler, L50, M, shiny|100/100
|-fieldstart|move: Psychic Terrain|[from] ability: Psychic Surge|[of] p1a: Indeedee
|-enditem|p1b: Sneasler|Psychic Seed
|-boost|p1b: Sneasler|spd|1|[from] item: Psychic Seed
|turn|1
|inactive|ZXMaverickHunter has 30 seconds left.
|
|t:|1756505360
|switch|p2b: Monke|Rillaboom, L50, M, shiny|100/100
|-fieldstart|move: Grassy Terrain|[from] ability: Grassy Surge|[of] p2b: Monke
|move|p1b: Sneasler|Dire Claw|p2a: 90% = 50%
|-damage|p2a: 90% = 50%|75/100
|-status|p2a: 90% = 50%|psn
|move|p1a: Indeedee|Expanding Force|p2a: 90% = 50%
|-damage|p2a: 90% = 50%|39/100 psn
|move|p2a: 90% = 50%|Scale Shot|p1b: Sneasler
|-damage|p1b: Sneasler|75/100
|-damage|p1b: Sneasler|46/100
|-damage|p1b: Sneasler|19/100
|-damage|p1b: Sneasler|0 fnt
|faint|p1b: Sneasler
|-hitcount|p1: Sneasler|4
|-unboost|p2a: 90% = 50%|def|1
|-boost|p2a: 90% = 50%|spe|1
|
|-damage|p2a: 90% = 50%|27/100 psn|[from] psn
|upkeep
|
|t:|1756505370
|switch|p1b: Archaludon|Archaludon, L50, M|100/100
|turn|2
|inactive|ZXMaverickHunter has 30 seconds left.
|inactive|ZXMaverickHunter has 20 seconds left.
|inactive|ZXMaverickHunter has 15 seconds left.
|inactive|ZXMaverickHunter has 10 seconds left.
|
|t:|1756505419
|move|p1a: Indeedee|Protect|p1a: Indeedee
|-singleturn|p1a: Indeedee|Protect
|move|p2b: Monke|Fake Out|p1b: Archaludon
|-resisted|p1b: Archaludon
|-damage|p1b: Archaludon|96/100
|-ability|p1b: Archaludon|Stamina|boost
|-boost|p1b: Archaludon|def|1
|move|p2a: 90% = 50%|Scale Shot|p1a: Indeedee
|-activate|p1a: Indeedee|move: Protect
|cant|p1b: Archaludon|flinch
|
|-heal|p1b: Archaludon|100/100|[from] Grassy Terrain
|-damage|p2a: 90% = 50%|15/100 psn|[from] psn
|upkeep
|turn|3
|
|t:|1756505442
|move|p1a: Indeedee|Protect|p1a: Indeedee
|-singleturn|p1a: Indeedee|Protect
|move|p2a: 90% = 50%|Scale Shot|p1a: Indeedee
|-activate|p1a: Indeedee|move: Protect
|move|p2b: Monke|High Horsepower|p1b: Archaludon
|-supereffective|p1b: Archaludon
|-damage|p1b: Archaludon|70/100
|-ability|p1b: Archaludon|Stamina|boost
|-boost|p1b: Archaludon|def|1
|move|p1b: Archaludon|Body Press|p2b: Monke
|-damage|p2b: Monke|55/100
|
|-heal|p2b: Monke|60/100|[from] Grassy Terrain
|-heal|p1b: Archaludon|76/100|[from] Grassy Terrain
|-damage|p2a: 90% = 50%|3/100 psn|[from] psn
|upkeep
|turn|4
|
|t:|1756505466
|move|p2a: 90% = 50%|Scale Shot|p1a: Indeedee
|-damage|p1a: Indeedee|67/100
|-damage|p1a: Indeedee|34/100
|-damage|p1a: Indeedee|5/100
|-damage|p1a: Indeedee|0 fnt
|faint|p1a: Indeedee
|-hitcount|p1: Indeedee|4
|-unboost|p2a: 90% = 50%|def|1
|-boost|p2a: 90% = 50%|spe|1
|move|p2b: Monke|High Horsepower|p1b: Archaludon|[miss]
|-miss|p2b: Monke|p1b: Archaludon
|move|p1b: Archaludon|Flash Cannon|p2a: 90% = 50%
|-damage|p2a: 90% = 50%|0 fnt
|faint|p2a: 90% = 50%
|
|-heal|p2b: Monke|66/100|[from] Grassy Terrain
|-heal|p1b: Archaludon|82/100|[from] Grassy Terrain
|upkeep
|
|t:|1756505481
|switch|p1a: Dragonite|Dragonite, L50, M|100/100
|switch|p2a: Noah's BFF|Sneasler, L50, M, shiny|100/100
|turn|5
|inactive|ZXMaverickHunter has 30 seconds left.
|
|t:|1756505509
|-terastallize|p1b: Archaludon|Bug
|move|p2a: Noah's BFF|Dire Claw|p1a: Dragonite
|-damage|p1a: Dragonite|57/100
|-status|p1a: Dragonite|par
|move|p2b: Monke|High Horsepower|p1b: Archaludon
|-resisted|p1b: Archaludon
|-damage|p1b: Archaludon|76/100
|-ability|p1b: Archaludon|Stamina|boost
|-boost|p1b: Archaludon|def|1
|move|p1b: Archaludon|Body Press|p2b: Monke
|-damage|p2b: Monke|1/100
|cant|p1a: Dragonite|par
|
|-heal|p2b: Monke|7/100|[from] Grassy Terrain
|-heal|p1b: Archaludon|82/100|[from] Grassy Terrain
|-fieldend|move: Grassy Terrain
|upkeep
|turn|6
|inactive|ZekromAllDay has 30 seconds left.
|inactive|ZXMaverickHunter has 30 seconds left.
|
|t:|1756505549
|move|p2a: Noah's BFF|Dire Claw|p1b: Archaludon
|-damage|p1b: Archaludon|72/100
|-status|p1b: Archaludon|slp
|-ability|p1b: Archaludon|Stamina|boost
|-boost|p1b: Archaludon|def|1
|move|p2b: Monke|Wood Hammer|p1b: Archaludon
|-resisted|p1b: Archaludon
|-damage|p1b: Archaludon|64/100 slp
|-ability|p1b: Archaludon|Stamina|boost
|-boost|p1b: Archaludon|def|1
|-damage|p2b: Monke|5/100|[from] Recoil
|cant|p1b: Archaludon|slp
|move|p1a: Dragonite|Scale Shot|p2a: Noah's BFF
|-damage|p2a: Noah's BFF|80/100
|-crit|p2a: Noah's BFF
|-damage|p2a: Noah's BFF|50/100
|-damage|p2a: Noah's BFF|28/100
|-damage|p2a: Noah's BFF|6/100
|-hitcount|p2a: Noah's BFF|4
|-unboost|p1a: Dragonite|def|1
|-boost|p1a: Dragonite|spe|1
|
|upkeep
|turn|7
|inactive|ZekromAllDay has 30 seconds left.
|inactive|ZXMaverickHunter has 30 seconds left.
|inactive|ZXMaverickHunter has 20 seconds left.
|inactive|ZXMaverickHunter has 15 seconds left.
|
|t:|1756505590
|move|p2a: Noah's BFF|Dire Claw|p1b: Archaludon
|-damage|p1b: Archaludon|57/100 slp
|-ability|p1b: Archaludon|Stamina|boost
|-boost|p1b: Archaludon|def|1
|move|p2b: Monke|Wood Hammer|p1b: Archaludon
|-resisted|p1b: Archaludon
|-damage|p1b: Archaludon|52/100 slp
|-damage|p2b: Monke|3/100|[from] Recoil
|-curestatus|p1b: Archaludon|slp|[msg]
|move|p1b: Archaludon|Body Press|p2a: Noah's BFF
|-resisted|p2a: Noah's BFF
|-damage|p2a: Noah's BFF|0 fnt
|faint|p2a: Noah's BFF
|cant|p1a: Dragonite|par
|
|upkeep
|
|t:|1756505604
|switch|p2a: Hi peli|Ninetales-Alola, L50, M, shiny|100/100
|-weather|Snowscape|[from] ability: Snow Warning|[of] p2a: Hi peli
|turn|8
|
|t:|1756505625
|-terastallize|p2a: Hi peli|Ghost
|move|p1a: Dragonite|Protect|p1a: Dragonite
|-singleturn|p1a: Dragonite|Protect
|move|p2a: Hi peli|Blizzard|p1b: Archaludon|[spread] p1b
|-activate|p1a: Dragonite|move: Protect
|-damage|p1b: Archaludon|11/100
|move|p2b: Monke|Grassy Glide|p1b: Archaludon
|-resisted|p1b: Archaludon
|-damage|p1b: Archaludon|9/100
|move|p1b: Archaludon|Body Press|p2a: Hi peli
|-immune|p2a: Hi peli
|
|-weather|Snowscape|[upkeep]
|upkeep
|turn|9
|
|t:|1756505639
|move|p1a: Dragonite|Protect|p1a: Dragonite
|-singleturn|p1a: Dragonite|Protect
|move|p2a: Hi peli|Blizzard|p1a: Dragonite|[spread] p1b
|-activate|p1a: Dragonite|move: Protect
|-damage|p1b: Archaludon|0 fnt
|faint|p1b: Archaludon
|move|p2b: Monke|Grassy Glide|p1a: Dragonite
|-activate|p1a: Dragonite|move: Protect
|
|-weather|Snowscape|[upkeep]
|upkeep
|turn|10
|
|t:|1756505648
|move|p2a: Hi peli|Blizzard|p1a: Dragonite
|-supereffective|p1a: Dragonite
|-damage|p1a: Dragonite|0 fnt
|faint|p1a: Dragonite
|
|win|ZXMaverickHunter
|inactive|ZekromAllDay has 30 seconds to confirm battle start!
|inactive|ZXMaverickHunter has 30 seconds to confirm battle start!
||ZekromAllDay is ready for game 2.
||ZXMaverickHunter is ready for game 2.
|uhtml|next|Next: Game 2 of 3
