|j|☆Liam Westland
|j|☆frenchnails
|html|Liam Westlandfrenchnails    
|uhtml|bestof|Game 2 of a best-of-3
|t:|1755654380
|gametype|doubles
|player|p1|Liam Westland|red|1248
|player|p2|frenchnails|lady|1301
|gen|9
|tier|[Gen 9] VGC 2025 Reg H (Bo3)
|rated|
|rule|Species Clause: Limit one of each Pokémon
|rule|Item Clause: Limit 1 of each item
|clearpoke
|poke|p1|Gallade, L50, M|
|poke|p1|Ursaluna, L50, M|
|poke|p1|Torkoal, L50, F|
|poke|p1|Indeedee-F, L50, F|
|poke|p1|Hatterene, L50, F|
|poke|p1|Maushold, L50|
|poke|p2|Garchomp, L50, M|
|poke|p2|Ninetales-Alola, L50, F|
|poke|p2|Kingambit, L50, M|
|poke|p2|Annihilape, L50, M|
|poke|p2|Dragonite, L50, F|
|poke|p2|Sneasler, L50, M|
|teampreview|4
|showteam|p1|Gallade||ClearAmulet|Sharpness|SacredSword,PsychoCut,WideGuard,TrickRoom|||M|||50|,,,,,Grass]Ursaluna||FlameOrb|Guts|Facade,HeadlongRush,Protect,Earthquake|||M|||50|,,,,,Ghost]Torkoal||ChoiceSpecs|Drought|Eruption,WeatherBall,HeatWave,EarthPower|||F|||50|,,,,,Fire]Indeedee-F||PsychicSeed|PsychicSurge|FollowMe,TrickRoom,Psychic,HelpingHand|||F|||50|,,,,,Water]Hatterene||LifeOrb|MagicBounce|ExpandingForce,DazzlingGleam,TeraBlast,TrickRoom|||F|||50|,,,,,Fire]Maushold||WideLens|Technician|PopulationBomb,Taunt,FollowMe,Protect||||||50|,,,,,Poison
|showteam|p2|Garchomp||LifeOrb|RoughSkin|DragonClaw,Earthquake,StompingTantrum,Protect|||M|||50|,,,,,Steel]Ninetales-Alola||LightClay|SnowWarning|Blizzard,FreezeDry,AuroraVeil,Protect|||F|||50|,,,,,Ghost]Kingambit||SafetyGoggles|Defiant|KowtowCleave,SuckerPunch,SwordsDance,Protect|||M|||50|,,,,,Fairy]Annihilape||AssaultVest|Defiant|CloseCombat,FinalGambit,RageFist,RockTomb|||M|||50|,,,,,Fire]Dragonite||LoadedDice|Multiscale|ScaleShot,Tailwind,Haze,Protect|||F|||50|,,,,,Fairy]Sneasler||FocusSash|Unburden|CloseCombat,DireClaw,FakeOut,Coaching|||M|||50|,,,,,Ghost
|inactive|Battle timer is ON: inactive players will automatically lose when time's up. (requested by Liam Westland)
|inactive|frenchnails has 60 seconds left.
|
|t:|1755654434
|teamsize|p1|4
|teamsize|p2|4
|start
|switch|p1a: Indeedee|Indeedee-F, L50, F|100/100
|switch|p1b: Hatterene|Hatterene, L50, F|100/100
|switch|p2a: Dragonite|Dragonite, L50, F|100/100
|switch|p2b: Garchomp|Garchomp, L50, M|100/100
|-fieldstart|move: Psychic Terrain|[from] ability: Psychic Surge|[of] p1a: Indeedee
|-enditem|p1a: Indeedee|Psychic Seed
|-boost|p1a: Indeedee|spd|1|[from] item: Psychic Seed
|turn|1
|inactive|frenchnails has 30 seconds left.
|inactive|frenchnails has 20 seconds left.
|
|t:|1755654472
|switch|p1a: Ursaluna|Ursaluna, L50, M|100/100
|move|p2b: Garchomp|Earthquake|p1b: Hatterene|[spread] p1a,p1b
|-immune|p2a: Dragonite
|-damage|p1a: Ursaluna|65/100
|-damage|p1b: Hatterene|41/100
|-damage|p2b: Garchomp|91/100|[from] item: Life Orb
|move|p2a: Dragonite|Haze|p2a: Dragonite
|-clearallboost
|move|p1b: Hatterene|Trick Room|p1b: Hatterene
|-fieldstart|move: Trick Room|[of] p1b: Hatterene
|
|-status|p1a: Ursaluna|brn|[from] item: Flame Orb
|upkeep
|turn|2
|inactive|Liam Westland has 30 seconds left.
|
|t:|1755654502
|move|p2a: Dragonite|Protect|p2a: Dragonite
|-singleturn|p2a: Dragonite|Protect
|move|p2b: Garchomp|Protect|p2b: Garchomp
|-singleturn|p2b: Garchomp|Protect
|move|p1b: Hatterene|Dazzling Gleam|p2a: Dragonite|[spread] 
|-activate|p2a: Dragonite|move: Protect
|-activate|p2b: Garchomp|move: Protect
|move|p1a: Ursaluna|Headlong Rush|p2b: Garchomp
|-activate|p2b: Garchomp|move: Protect
|
|-damage|p1a: Ursaluna|60/100 brn|[from] brn
|upkeep
|turn|3
|inactive|frenchnails has 30 seconds left.
|
|t:|1755654530
|switch|p2b: Annihilape|Annihilape, L50, M|100/100
|move|p1b: Hatterene|Dazzling Gleam|p2a: Dragonite|[spread] p2a,p2b
|-supereffective|p2a: Dragonite
|-supereffective|p2b: Annihilape
|-damage|p2a: Dragonite|54/100
|-damage|p2b: Annihilape|41/100
|-damage|p1b: Hatterene|31/100|[from] item: Life Orb
|move|p1a: Ursaluna|Facade|p2a: Dragonite
|-damage|p2a: Dragonite|0 fnt
|faint|p2a: Dragonite
|
|-damage|p1a: Ursaluna|54/100 brn|[from] brn
|upkeep
|
|t:|1755654542
|switch|p2a: Garchomp|Garchomp, L50, M|91/100
|turn|4
|inactive|Liam Westland has 30 seconds left.
|inactive|Liam Westland has 20 seconds left.
|inactive|Liam Westland has 15 seconds left.
|inactive|Liam Westland has 10 seconds left.
|
|t:|1755654591
|move|p2a: Garchomp|Protect|p2a: Garchomp
|-singleturn|p2a: Garchomp|Protect
|move|p1b: Hatterene|Expanding Force|p2b: Annihilape|[spread] p2b
|-activate|p2a: Garchomp|move: Protect
|-supereffective|p2b: Annihilape
|-damage|p2b: Annihilape|0 fnt
|faint|p2b: Annihilape
|-damage|p1b: Hatterene|22/100|[from] item: Life Orb
|move|p1a: Ursaluna|Earthquake|p2a: Garchomp|[spread] p1b
|-activate|p2a: Garchomp|move: Protect
|-crit|p1b: Hatterene
|-damage|p1b: Hatterene|0 fnt
|faint|p1b: Hatterene
|
|-damage|p1a: Ursaluna|48/100 brn|[from] brn
|upkeep
|
|t:|1755654610
|switch|p1b: Indeedee|Indeedee-F, L50, F|100/100
|switch|p2b: Ninetales|Ninetales-Alola, L50, F|100/100
|-weather|Snowscape|[from] ability: Snow Warning|[of] p2b: Ninetales
|turn|5
|inactive|frenchnails has 30 seconds left.
|inactive|frenchnails has 20 seconds left.
|inactive|frenchnails has 15 seconds left.
|
|t:|1755654662
|switch|p1b: Torkoal|Torkoal, L50, F|100/100
|-weather|SunnyDay|[from] ability: Drought|[of] p1b: Torkoal
|-terastallize|p1a: Ursaluna|Ghost
|move|p2a: Garchomp|Protect||[still]
|-fail|p2a: Garchomp
|move|p1a: Ursaluna|Headlong Rush|p2a: Garchomp
|-damage|p2a: Garchomp|0 fnt
|-unboost|p1a: Ursaluna|def|1
|-unboost|p1a: Ursaluna|spd|1
|-damage|p1a: Ursaluna|36/100 brn|[from] ability: Rough Skin|[of] p2a: Garchomp
|faint|p2a: Garchomp
|move|p2b: Ninetales|Blizzard|p1b: Torkoal|[spread] p1b
|-miss|p2b: Ninetales|p1a: Ursaluna
|-resisted|p1b: Torkoal
|-damage|p1b: Torkoal|80/100
|
|-weather|SunnyDay|[upkeep]
|-damage|p1a: Ursaluna|30/100 brn|[from] brn
|-fieldend|move: Trick Room
|-fieldend|move: Psychic Terrain
|upkeep
|turn|6
|-message|frenchnails forfeited.
|
|win|Liam Westland
|raw|Liam Westland's rating: 1248 → 1277(+29 for winning)
|raw|frenchnails's rating: 1301 → 1278(-23 for losing)
|l|☆frenchnails
|player|p2|
