|j|☆pokeplaygg
|j|☆Qicide
|html|pokeplayggQicide    
|uhtml|bestof|Game 1 of a best-of-3
|t:|1757643726
|gametype|doubles
|player|p1|pokeplaygg|170|1229
|player|p2|Qicide|red|1289
|gen|9
|tier|[Gen 9] VGC 2025 Reg H (Bo3)
|rated|
|rule|Species Clause: Limit one of each Pokémon
|rule|Item Clause: Limit 1 of each item
|clearpoke
|poke|p1|Annihilape, L50, F|
|poke|p1|Pelipper, L50, M|
|poke|p1|Maushold, L50|
|poke|p1|Basculegion, L50, M|
|poke|p1|Rillaboom, L50, M|
|poke|p1|Kingambit, L50, M|
|poke|p2|Porygon2, L50|
|poke|p2|Incineroar, L50, M|
|poke|p2|Ursaluna, L50, F|
|poke|p2|Jumpluff, L50, M|
|poke|p2|Charizard, L50, F|
|poke|p2|Torkoal, L50, M|
|teampreview|4
|showteam|p1|Annihilape||Leftovers|Defiant|Protect,DrainPunch,BulkUp,RageFist|||F|||50|,,,,,Fire]Pelipper||FocusSash|Drizzle|MuddyWater,Protect,Hurricane,WideGuard|||M|||50|,,,,,Stellar]Maushold||SafetyGoggles|FriendGuard|FollowMe,BeatUp,Taunt,Protect||||||50|,,,,,Ghost]Basculegion||ChoiceBand|SwiftSwim|LastRespects,AquaJet,WaveCrash,FlipTurn|||M|||50|,,,,,Fire]Rillaboom||AssaultVest|GrassySurge|FakeOut,GrassyGlide,WoodHammer,Uturn|||M|||50|,,,,,Fire]Kingambit||BlackGlasses|Defiant|SwordsDance,KowtowCleave,SuckerPunch,IronHead|||M|||50|,,,,,Dark
|showteam|p2|Porygon2||Eviolite|Download|TeraBlast,IceBeam,TrickRoom,Recover||||||50|,,,,,Fighting]Incineroar||SitrusBerry|Intimidate|FakeOut,KnockOff,FlareBlitz,PartingShot|||M|||50|,,,,,Ghost]Ursaluna||FlameOrb|Guts|HeadlongRush,Facade,Earthquake,Protect|||F|||50|,,,,,Ghost]Jumpluff||CovertCloak|Chlorophyll|RagePowder,SunnyDay,Tailwind,SleepPowder|||M|||50|,,,,,Water]Charizard||ChoiceSpecs|SolarPower|HeatWave,Overheat,WeatherBall,SolarBeam|||F|||50|,,,,,Ghost]Torkoal||EjectPack|Drought|Overheat,Eruption,HelpingHand,Protect|||M|||50|,,,,,Fire
|inactive|Battle timer is ON: inactive players will automatically lose when time's up. (requested by Qicide)
|inactive|pokeplaygg has 60 seconds left.
|inactive|Qicide has 60 seconds left.
|inactive|pokeplaygg has 30 seconds left.
|
|t:|1757643787
|teamsize|p1|4
|teamsize|p2|4
|start
|switch|p1a: Annihilape|Annihilape, L50, F|100/100
|switch|p1b: Maushold|Maushold, L50|100/100
|switch|p2a: Jumpluff|Jumpluff, L50, M|100/100
|switch|p2b: Charizard|Charizard, L50, F, shiny|100/100
|turn|1
|inactive|pokeplaygg has 30 seconds left.
|inactive|pokeplaygg has 20 seconds left.
|inactive|pokeplaygg has 15 seconds left.
|inactive|pokeplaygg has 10 seconds left.
|
|t:|1757643835
|-terastallize|p1a: Annihilape|Fire
|move|p1b: Maushold|Beat Up|p1a: Annihilape
|-damage|p1a: Annihilape|99/100
|-damage|p1a: Annihilape|97/100
|-damage|p1a: Annihilape|95/100
|-damage|p1a: Annihilape|94/100
|-hitcount|p1a: Annihilape|4
|move|p2a: Jumpluff|Sunny Day|p2a: Jumpluff
|-weather|SunnyDay
|move|p2b: Charizard|Heat Wave|p1a: Annihilape|[spread] p1a,p1b
|-resisted|p1a: Annihilape
|-damage|p1a: Annihilape|53/100
|-damage|p1b: Maushold|0 fnt
|faint|p1b: Maushold
|move|p1a: Annihilape|Rage Fist|p2b: Charizard
|-damage|p2b: Charizard|0 fnt
|faint|p2b: Charizard
|
|-weather|SunnyDay|[upkeep]
|-heal|p1a: Annihilape|59/100|[from] item: Leftovers
|upkeep
|
|t:|1757643850
|switch|p1b: Pelipper|Pelipper, L50, M|100/100
|switch|p2b: Ursaluna|Ursaluna, L50, F|100/100
|-weather|RainDance|[from] ability: Drizzle|[of] p1b: Pelipper
|turn|2
|
|t:|1757643872
|switch|p1b: Basculegion|Basculegion, L50, M|100/100
|switch|p2b: Torkoal|Torkoal, L50, M|100/100
|-weather|SunnyDay|[from] ability: Drought|[of] p2b: Torkoal
|-terastallize|p2a: Jumpluff|Water
|move|p2a: Jumpluff|Sleep Powder|p1a: Annihilape
|-status|p1a: Annihilape|slp|[from] move: Sleep Powder
|cant|p1a: Annihilape|slp
|
|-weather|SunnyDay|[upkeep]
|-heal|p1a: Annihilape|65/100 slp|[from] item: Leftovers
|upkeep
|turn|3
|inactive|pokeplaygg has 30 seconds left.
|inactive|pokeplaygg has 20 seconds left.
|inactive|pokeplaygg has 15 seconds left.
|inactive|pokeplaygg has 10 seconds left.
|
|t:|1757643919
|move|p2a: Jumpluff|Rage Powder|p2a: Jumpluff
|-singleturn|p2a: Jumpluff|move: Rage Powder
|cant|p1a: Annihilape|slp
|move|p1b: Basculegion|Last Respects|p2a: Jumpluff
|-damage|p2a: Jumpluff|3/100
|move|p2b: Torkoal|Overheat|p1b: Basculegion
|-resisted|p1b: Basculegion
|-damage|p1b: Basculegion|53/100
|-unboost|p2b: Torkoal|spa|2
|-enditem|p2b: Torkoal|Eject Pack
|
|t:|1757643928
|switch|p2b: Ursaluna|Ursaluna, L50, F|100/100
|
|-weather|SunnyDay|[upkeep]
|-heal|p1a: Annihilape|71/100 slp|[from] item: Leftovers
|-status|p2b: Ursaluna|brn|[from] item: Flame Orb
|upkeep
|turn|4
|inactive|pokeplaygg has 30 seconds left.
|
|t:|1757643961
|switch|p1b: Pelipper|Pelipper, L50, M|100/100
|-weather|RainDance|[from] ability: Drizzle|[of] p1b: Pelipper
|move|p2a: Jumpluff|Tailwind|p2a: Jumpluff
|-sidestart|p2: Qicide|move: Tailwind
|move|p2b: Ursaluna|Facade|p1a: Annihilape
|-damage|p1a: Annihilape|0 fnt
|faint|p1a: Annihilape
|
|-weather|RainDance|[upkeep]
|-damage|p2b: Ursaluna|95/100 brn|[from] brn
|upkeep
|
|t:|1757643973
|switch|p1a: Basculegion|Basculegion, L50, M|53/100
|turn|5
|
|t:|1757643983
|switch|p2a: Torkoal|Torkoal, L50, M|100/100
|-weather|SunnyDay|[from] ability: Drought|[of] p2a: Torkoal
|move|p2b: Ursaluna|Headlong Rush|p1a: Basculegion
|-damage|p1a: Basculegion|0 fnt
|-unboost|p2b: Ursaluna|def|1
|-unboost|p2b: Ursaluna|spd|1
|faint|p1a: Basculegion
|move|p1b: Pelipper|Muddy Water|p2a: Torkoal|[spread] p2a,p2b
|-supereffective|p2a: Torkoal
|-supereffective|p2b: Ursaluna
|-damage|p2a: Torkoal|63/100
|-damage|p2b: Ursaluna|52/100 brn
|
|-weather|SunnyDay|[upkeep]
|-damage|p2b: Ursaluna|46/100 brn|[from] brn
|upkeep
|turn|6
|
|t:|1757643999
|move|p1b: Pelipper|Protect|p1b: Pelipper
|-singleturn|p1b: Pelipper|Protect
|move|p2b: Ursaluna|Facade|p1b: Pelipper
|-activate|p1b: Pelipper|move: Protect
|move|p2a: Torkoal|Overheat|p1b: Pelipper
|-activate|p1b: Pelipper|move: Protect
|
|-weather|SunnyDay|[upkeep]
|-damage|p2b: Ursaluna|40/100 brn|[from] brn
|upkeep
|turn|7
|
|t:|1757644018
|move|p2b: Ursaluna|Protect|p2b: Ursaluna
|-singleturn|p2b: Ursaluna|Protect
|move|p1b: Pelipper|Protect||[still]
|-fail|p1b: Pelipper
|move|p2a: Torkoal|Eruption|p1b: Pelipper
|-resisted|p1b: Pelipper
|-damage|p1b: Pelipper|52/100
|
|-weather|SunnyDay|[upkeep]
|-damage|p2b: Ursaluna|34/100 brn|[from] brn
|-sideend|p2: Qicide|move: Tailwind
|upkeep
|turn|8
|
|t:|1757644036
|move|p1b: Pelipper|Muddy Water|p2a: Torkoal|[spread] p2a,p2b
|-supereffective|p2a: Torkoal
|-crit|p2a: Torkoal
|-supereffective|p2b: Ursaluna
|-damage|p2a: Torkoal|12/100
|-damage|p2b: Ursaluna|0 fnt
|faint|p2b: Ursaluna
|move|p2a: Torkoal|Overheat|p1b: Pelipper
|-resisted|p1b: Pelipper
|-damage|p1b: Pelipper|0 fnt
|-unboost|p2a: Torkoal|spa|2
|faint|p1b: Pelipper
|
|win|Qicide
