|j|☆big electric fan
|j|☆raksbach
|html|big electric fanraksbach    
|uhtml|bestof|Game 2 of a best-of-3
|t:|1784134632
|gametype|doubles
|player|p1|big electric fan|liza|1183
|player|p2|raksbach|265|1309
|gen|9
|tier|[Gen 9 Champions] VGC 2026 Reg M-B (Bo3)
|rated|
|rule|Species Clause: Limit one of each Pokémon
|rule|Item Clause: Limit 1 of each item
|clearpoke
|poke|p1|Scrafty, L50, M|
|poke|p1|Metagross, L50|
|poke|p1|Mamoswine, L50, M|
|poke|p1|Toxapex, L50, M|
|poke|p1|Dragonite, L50, F|
|poke|p1|Charizard, L50, M|
|poke|p2|Incineroar, L50, F|
|poke|p2|Maushold, L50|
|poke|p2|Sinistcha, L50|
|poke|p2|Sneasler, L50, F|
|poke|p2|Blastoise, L50, M|
|poke|p2|Delphox, L50, F|
|teampreview|4
|showteam|p1|Scrafty||Scraftinite|Intimidate|ThroatChop,DrainPunch,FakeOut,Protect|Impish||M|||50|]Metagross||MetalCoat|ClearBody|MeteorMash,PsychicFangs,BulletPunch,Protect|Adamant|||||50|]Mamoswine||FocusSash|Oblivious|Earthquake,IcicleCrash,IceShard,Protect|Adamant||M|||50|]Toxapex||Leftovers|Regenerator|Infestation,Toxic,WideGuard,BanefulBunker|Bold||M|||50|]Dragonite||DragonFang|Multiscale|DragonClaw,ExtremeSpeed,FirePunch,Protect|Adamant||F|||50|]Charizard||CharizarditeY|Blaze|HeatWave,SolarBeam,WeatherBall,Protect|Timid||M|||50|
|showteam|p2|Incineroar||SitrusBerry|Intimidate|FakeOut,FlareBlitz,DarkestLariat,PartingShot|Impish||F|||50|]Maushold||ChopleBerry|FriendGuard|SuperFang,FollowMe,Protect,Feint|Impish|||||50|]Sinistcha||OccaBerry|Hospitality|MatchaGotcha,LifeDew,RagePowder,Protect|Bold|||||50|]Sneasler||FocusSash|PoisonTouch|FakeOut,CloseCombat,DireClaw,QuickGuard|Jolly||F|||50|]Blastoise||Blastoisinite|Torrent|WaterSpout,DarkPulse,ShellSmash,Protect|Modest||M|||50|]Delphox||Delphoxite|Blaze|HeatWave,Psychic,NastyPlot,Protect|Timid||F|||50|
|inactive|Battle timer is ON: inactive players will automatically lose when time's up. (requested by raksbach)
|
|t:|1784134647
|teamsize|p1|4
|teamsize|p2|4
|start
|switch|p1a: Dragonite|Dragonite, L50, F|100/100
|switch|p1b: Scrafty|Scrafty, L50, M|100/100
|switch|p2a: Blastoise|Blastoise, L50, M|100/100
|switch|p2b: Maushold|Maushold, L50|100/100
|-ability|p1b: Scrafty|Intimidate|boost
|-unboost|p2a: Blastoise|atk|1
|-unboost|p2b: Maushold|atk|1
|turn|1
|
|t:|1784134666
|detailschange|p2a: Blastoise|Blastoise-Mega, L50, M
|-mega|p2a: Blastoise|Blastoise|Blastoisinite
|move|p2a: Blastoise|Protect|p2a: Blastoise
|-singleturn|p2a: Blastoise|Protect
|move|p1b: Scrafty|Fake Out|p2a: Blastoise
|-activate|p2a: Blastoise|move: Protect
|move|p2b: Maushold|Super Fang|p1a: Dragonite
|-damage|p1a: Dragonite|50/100g
|move|p1a: Dragonite|Dragon Claw|p2a: Blastoise
|-activate|p2a: Blastoise|move: Protect
|
|upkeep
|turn|2
|inactive|big electric fan has 30 seconds left.
|
|t:|1784134698
|detailschange|p1b: Scrafty|Scrafty-Mega, L50, M
|-mega|p1b: Scrafty|Scrafty|Scraftinite
|-ability|p1b: Scrafty|Intimidate|boost
|-unboost|p2a: Blastoise|atk|1
|-unboost|p2b: Maushold|atk|1
|move|p2b: Maushold|Follow Me|p2b: Maushold
|-singleturn|p2b: Maushold|move: Follow Me
|move|p2a: Blastoise|Shell Smash|p2a: Blastoise
|-unboost|p2a: Blastoise|def|1
|-unboost|p2a: Blastoise|spd|1
|-boost|p2a: Blastoise|atk|2
|-boost|p2a: Blastoise|spa|2
|-boost|p2a: Blastoise|spe|2
|move|p1a: Dragonite|Dragon Claw|p2b: Maushold
|-damage|p2b: Maushold|48/100
|move|p1b: Scrafty|Drain Punch|p2b: Maushold
|-supereffective|p2b: Maushold|1
|-enditem|p2b: Maushold|Chople Berry|[eat]
|-enditem|p2b: Maushold|Chople Berry|[weaken]
|-damage|p2b: Maushold|18/100
|
|upkeep
|turn|3
|inactive|big electric fan has 30 seconds left.
|
|t:|1784134724
|switch|p1b: Toxapex|Toxapex, L50, M|100/100
|move|p2a: Blastoise|Protect|p2a: Blastoise
|-singleturn|p2a: Blastoise|Protect
|move|p1a: Dragonite|Extreme Speed|p2b: Maushold
|-damage|p2b: Maushold|0 fnt
|faint|p2b: Maushold
|
|upkeep
|
|t:|1784134733
|switch|p2b: Sneasler|Sneasler, L50, F|100/100
|turn|4
|
|t:|1784134748
|move|p1a: Dragonite|Protect|p1a: Dragonite
|-singleturn|p1a: Dragonite|Protect
|move|p2b: Sneasler|Fake Out|p1a: Dragonite
|-activate|p1a: Dragonite|move: Protect
|move|p2a: Blastoise|Shell Smash|p2a: Blastoise
|-unboost|p2a: Blastoise|def|1
|-unboost|p2a: Blastoise|spd|1
|-boost|p2a: Blastoise|atk|2
|-boost|p2a: Blastoise|spa|2
|-boost|p2a: Blastoise|spe|2
|move|p1b: Toxapex|Toxic|p2a: Blastoise
|-status|p2a: Blastoise|tox
|
|-damage|p2a: Blastoise|94/100 tox|[from] psn
|upkeep
|turn|5
|inactive|big electric fan has 30 seconds left.
|
|t:|1784134778
|move|p1b: Toxapex|Baneful Bunker|p1b: Toxapex
|-singleturn|p1b: Toxapex|move: Protect
|move|p2b: Sneasler|Quick Guard|p2b: Sneasler
|-singleturn|p2b: Sneasler|Quick Guard
|move|p1a: Dragonite|Extreme Speed|p2a: Blastoise
|-activate|p2a: Blastoise|move: Quick Guard
|move|p2a: Blastoise|Dark Pulse|p1b: Toxapex
|-activate|p1b: Toxapex|move: Protect
|
|-damage|p2a: Blastoise|82/100 tox|[from] psn
|upkeep
|turn|6
|inactive|big electric fan has 30 seconds left.
|inactive|raksbach has 30 seconds left.
|
|t:|1784134805
|move|p2a: Blastoise|Protect|p2a: Blastoise
|-singleturn|p2a: Blastoise|Protect
|move|p1a: Dragonite|Protect|p1a: Dragonite
|-singleturn|p1a: Dragonite|Protect
|move|p2b: Sneasler|Dire Claw|p1a: Dragonite
|-activate|p1a: Dragonite|move: Protect
|move|p1b: Toxapex|Infestation|p2b: Sneasler
|-resisted|p2b: Sneasler|2
|-damage|p2b: Sneasler|99/100
|-activate|p2b: Sneasler|move: Infestation|[of] p1b: Toxapex
|
|-damage|p2a: Blastoise|65/100 tox|[from] psn
|-damage|p2b: Sneasler|87/100|[from] move: Infestation|[partiallytrapped]
|upkeep
|turn|7
|
|t:|1784134827
|move|p2b: Sneasler|Quick Guard|p2b: Sneasler
|-singleturn|p2b: Sneasler|Quick Guard
|move|p1a: Dragonite|Extreme Speed|p2a: Blastoise
|-activate|p2a: Blastoise|move: Quick Guard
|move|p2a: Blastoise|Water Spout|p1b: Toxapex|[spread] p1a,p1b
|-resisted|p1a: Dragonite|1
|-resisted|p1b: Toxapex|1
|-damage|p1a: Dragonite|0 fnt
|-damage|p1b: Toxapex|52/100
|faint|p1a: Dragonite
|move|p1b: Toxapex|Infestation|p2a: Blastoise
|-damage|p2a: Blastoise|58/100 tox
|-activate|p2a: Blastoise|move: Infestation|[of] p1b: Toxapex
|
|-heal|p1b: Toxapex|57/100|[from] item: Leftovers
|-damage|p2a: Blastoise|35/100 tox|[from] psn
|-damage|p2a: Blastoise|23/100 tox|[from] move: Infestation|[partiallytrapped]
|-damage|p2b: Sneasler|74/100|[from] move: Infestation|[partiallytrapped]
|upkeep
|
|t:|1784134844
|switch|p1a: Scrafty|Scrafty-Mega, L50, M|100/100
|-ability|p1a: Scrafty|Intimidate|boost
|-unboost|p2a: Blastoise|atk|1
|-unboost|p2b: Sneasler|atk|1
|turn|8
|
|t:|1784134852
|move|p1a: Scrafty|Protect|p1a: Scrafty
|-singleturn|p1a: Scrafty|Protect
|move|p1b: Toxapex|Baneful Bunker|p1b: Toxapex
|-singleturn|p1b: Toxapex|move: Protect
|move|p2b: Sneasler|Quick Guard|p2b: Sneasler
|-singleturn|p2b: Sneasler|Quick Guard
|move|p2a: Blastoise|Water Spout|p1a: Scrafty|[spread] 
|-activate|p1a: Scrafty|move: Protect
|-activate|p1b: Toxapex|move: Protect
|
|-heal|p1b: Toxapex|63/100|[from] item: Leftovers
|-damage|p2a: Blastoise|0 fnt|[from] psn
|faint|p2a: Blastoise
|-damage|p2b: Sneasler|62/100|[from] move: Infestation|[partiallytrapped]
|upkeep
|
|t:|1784134855
|switch|p2a: Sinistcha|Sinistcha, L50|100/100
|-heal|p2b: Sneasler|87/100|[from] ability: Hospitality|[of] p2a: Sinistcha
|turn|9
|inactive|big electric fan has 30 seconds left.
|
|t:|1784134880
|move|p2a: Sinistcha|Rage Powder|p2a: Sinistcha
|-singleturn|p2a: Sinistcha|move: Rage Powder
|move|p2b: Sneasler|Close Combat|p1a: Scrafty
|-supereffective|p1a: Scrafty|1
|-damage|p1a: Scrafty|44/100
|-unboost|p2b: Sneasler|def|1
|-unboost|p2b: Sneasler|spd|1
|move|p1a: Scrafty|Drain Punch|p2a: Sinistcha
|-immune|p2a: Sinistcha
|move|p1b: Toxapex|Toxic|p2a: Sinistcha
|-status|p2a: Sinistcha|tox
|
|-heal|p1b: Toxapex|69/100|[from] item: Leftovers
|-damage|p2a: Sinistcha|93/100 tox|[from] psn
|-damage|p2b: Sneasler|74/100|[from] move: Infestation|[partiallytrapped]
|upkeep
|turn|10
|-message|raksbach forfeited.
|
|win|big electric fan
|raw|big electric fan's rating: 1183 → 1217(+34 for winning)
|raw|raksbach's rating: 1309 → 1282(-27 for losing)
