|j|☆no_dupes
|j|☆aldishh
|html|no_dupesaldishh    
|uhtml|bestof|Game 1 of a best-of-3
|t:|1757119961
|gametype|doubles
|player|p1|no_dupes|brock-gen2|1273
|player|p2|aldishh|2|1252
|gen|9
|tier|[Gen 9] VGC 2025 Reg H (Bo3)
|rated|
|rule|Species Clause: Limit one of each Pokémon
|rule|Item Clause: Limit 1 of each item
|clearpoke
|poke|p1|Sneasler, L50, F|
|poke|p1|Indeedee, L50, M|
|poke|p1|Volcarona, L50, M|
|poke|p1|Ursaluna-Bloodmoon, L50, M|
|poke|p1|Annihilape, L50, F|
|poke|p1|Tyranitar, L50, M|
|poke|p2|Volcarona, L50, F|
|poke|p2|Rillaboom, L50, F|
|poke|p2|Gholdengo, L50|
|poke|p2|Dragonite, L50, M|
|poke|p2|Incineroar, L50, F|
|poke|p2|Kingambit, L50, M|
|teampreview|4
|showteam|p1|Sneasler||PsychicSeed|Unburden|CloseCombat,DireClaw,ThroatChop,Protect|||F|||50|,,,,,Dark]Indeedee||ChoiceScarf|PsychicSurge|ExpandingForce,TeraBlast,Trick,Protect|||M|||50|,,,,,Psychic]Volcarona||SitrusBerry|FlameBody|Overheat,StruggleBug,RagePowder,Tailwind|||M|||50|,,,,,Grass]Ursaluna-Bloodmoon||LifeOrb|MindsEye|BloodMoon,HyperVoice,EarthPower,Protect|||M|||50|,,,,,Normal]Annihilape||SafetyGoggles|Defiant|CloseCombat,RageFist,Taunt,FinalGambit|||F|||50|,,,,,Fairy]Tyranitar||AssaultVest|SandStream|RockSlide,KnockOff,TeraBlast,LowKick|||M|||50|,,,,,Flying
|showteam|p2|Volcarona||Leftovers|FlameBody|QuiverDance,FieryDance,TeraBlast,Protect|||F|||50|,,,,,Fairy]Rillaboom||AssaultVest|GrassySurge|GrassyGlide,WoodHammer,FakeOut,Uturn|||F|||50|,,,,,Fire]Gholdengo||SitrusBerry|GoodasGold|NastyPlot,Protect,MakeItRain,ShadowBall||||||50|,,,,,Water]Dragonite||LoadedDice|Multiscale|ScaleShot,Protect,Haze,Tailwind|||M|||50|,,,,,Steel]Incineroar||SafetyGoggles|Intimidate|PartingShot,FakeOut,KnockOff,Taunt|||F|||50|,,,,,Ghost]Kingambit||BlackGlasses|Defiant|KowtowCleave,SuckerPunch,SwordsDance,Protect|||M|||50|,,,,,Fire
|
|t:|1757119984
|teamsize|p1|4
|teamsize|p2|4
|start
|switch|p1a: Tyranitar|Tyranitar, L50, M|100/100
|switch|p1b: Volcarona|Volcarona, L50, M, shiny|100/100
|switch|p2a: Incineroar|Incineroar, L50, F, shiny|100/100
|switch|p2b: Dragonite|Dragonite, L50, M|100/100
|-weather|Sandstorm|[from] ability: Sand Stream|[of] p1a: Tyranitar
|-ability|p2a: Incineroar|Intimidate|boost
|-unboost|p1a: Tyranitar|atk|1
|-unboost|p1b: Volcarona|atk|1
|turn|1
|inactive|Battle timer is ON: inactive players will automatically lose when time's up. (requested by aldishh)
|inactive|aldishh has 60 seconds left.
|
|t:|1757120019
|move|p2a: Incineroar|Fake Out|p1b: Volcarona
|-damage|p1b: Volcarona|87/100
|cant|p1b: Volcarona|flinch
|move|p2b: Dragonite|Scale Shot|p1a: Tyranitar
|-damage|p1a: Tyranitar|87/100
|-damage|p1a: Tyranitar|74/100
|-damage|p1a: Tyranitar|62/100
|-damage|p1a: Tyranitar|47/100
|-hitcount|p1a: Tyranitar|4
|-unboost|p2b: Dragonite|def|1
|-boost|p2b: Dragonite|spe|1
|move|p1a: Tyranitar|Rock Slide|p2b: Dragonite|[spread] p2a,p2b
|-supereffective|p2a: Incineroar
|-supereffective|p2b: Dragonite
|-damage|p2a: Incineroar|62/100
|-damage|p2b: Dragonite|72/100
|
|-weather|Sandstorm|[upkeep]
|-damage|p1b: Volcarona|81/100|[from] Sandstorm
|-damage|p2b: Dragonite|66/100|[from] Sandstorm
|upkeep
|turn|2
|inactive|aldishh has 30 seconds left.
|inactive|aldishh has 20 seconds left.
|
|t:|1757120056
|move|p1b: Volcarona|Tailwind|p1b: Volcarona
|-sidestart|p1: no_dupes|move: Tailwind
|move|p1a: Tyranitar|Rock Slide|p2b: Dragonite|[spread] p2a,p2b
|-supereffective|p2a: Incineroar
|-supereffective|p2b: Dragonite
|-damage|p2a: Incineroar|28/100
|-damage|p2b: Dragonite|8/100
|move|p2b: Dragonite|Scale Shot|p1a: Tyranitar
|-damage|p1a: Tyranitar|34/100
|-damage|p1a: Tyranitar|20/100
|-damage|p1a: Tyranitar|7/100
|-damage|p1a: Tyranitar|0 fnt
|faint|p1a: Tyranitar
|-hitcount|p1: Tyranitar|4
|-unboost|p2b: Dragonite|def|1
|-boost|p2b: Dragonite|spe|1
|cant|p2a: Incineroar|flinch
|
|-weather|Sandstorm|[upkeep]
|-damage|p1b: Volcarona|75/100|[from] Sandstorm
|-damage|p2b: Dragonite|2/100|[from] Sandstorm
|upkeep
|
|t:|1757120065
|switch|p1a: Ursaluna|Ursaluna-Bloodmoon, L50, M|100/100
|turn|3
|
|t:|1757120086
|switch|p1b: Caesar|Annihilape, L50, F, shiny|100/100
|switch|p2a: Rillaboom|Rillaboom, L50, F|100/100
|-fieldstart|move: Grassy Terrain|[from] ability: Grassy Surge|[of] p2a: Rillaboom
|move|p2b: Dragonite|Scale Shot|p1b: Caesar
|-damage|p1b: Caesar|86/100
|-damage|p1b: Caesar|72/100
|-damage|p1b: Caesar|56/100
|-damage|p1b: Caesar|39/100
|-hitcount|p1b: Caesar|4
|-unboost|p2b: Dragonite|def|1
|-boost|p2b: Dragonite|spe|1
|move|p1a: Ursaluna|Hyper Voice|p2b: Dragonite|[spread] p2a,p2b
|-damage|p2a: Rillaboom|62/100
|-damage|p2b: Dragonite|0 fnt
|faint|p2b: Dragonite
|-damage|p1a: Ursaluna|91/100|[from] item: Life Orb
|
|-weather|Sandstorm|[upkeep]
|-damage|p2a: Rillaboom|57/100|[from] Sandstorm
|-heal|p1b: Caesar|45/100|[from] Grassy Terrain
|-heal|p1a: Ursaluna|97/100|[from] Grassy Terrain
|-heal|p2a: Rillaboom|62/100|[from] Grassy Terrain
|upkeep
|
|t:|1757120108
|switch|p2b: Incineroar|Incineroar, L50, F, shiny|28/100
|-ability|p2b: Incineroar|Intimidate|boost
|-unboost|p1a: Ursaluna|atk|1
|-unboost|p1b: Caesar|atk|1
|-ability|p1b: Caesar|Defiant|boost
|-boost|p1b: Caesar|atk|2
|turn|4
|
|t:|1757120118
|switch|p1b: Volcarona|Volcarona, L50, M, shiny|75/100
|-terastallize|p1a: Ursaluna|Normal
|move|p2b: Incineroar|Fake Out|p1a: Ursaluna
|-damage|p1a: Ursaluna|88/100
|move|p2a: Rillaboom|Grassy Glide|p1b: Volcarona
|-resisted|p1b: Volcarona
|-damage|p1b: Volcarona|63/100
|-status|p2a: Rillaboom|brn|[from] ability: Flame Body|[of] p1b: Volcarona
|cant|p1a: Ursaluna|flinch
|
|-weather|Sandstorm|[upkeep]
|-damage|p1b: Volcarona|57/100|[from] Sandstorm
|-damage|p1a: Ursaluna|82/100|[from] Sandstorm
|-damage|p2a: Rillaboom|57/100 brn|[from] Sandstorm
|-heal|p1b: Volcarona|63/100|[from] Grassy Terrain
|-heal|p1a: Ursaluna|88/100|[from] Grassy Terrain
|-heal|p2a: Rillaboom|62/100 brn|[from] Grassy Terrain
|-heal|p2b: Incineroar|34/100|[from] Grassy Terrain
|-damage|p2a: Rillaboom|57/100 brn|[from] brn
|upkeep
|turn|5
|
|t:|1757120142
|move|p1b: Volcarona|Struggle Bug|p2b: Incineroar|[spread] p2a,p2b
|-supereffective|p2a: Rillaboom
|-damage|p2a: Rillaboom|30/100 brn
|-damage|p2b: Incineroar|22/100
|-unboost|p2a: Rillaboom|spa|1
|-unboost|p2b: Incineroar|spa|1
|move|p1a: Ursaluna|Hyper Voice|p2a: Rillaboom|[spread] p2a,p2b
|-damage|p2a: Rillaboom|0 fnt
|-damage|p2b: Incineroar|0 fnt
|faint|p2a: Rillaboom
|faint|p2b: Incineroar
|-damage|p1a: Ursaluna|78/100|[from] item: Life Orb
|
|-weather|none
|-heal|p1b: Volcarona|69/100|[from] Grassy Terrain
|-heal|p1a: Ursaluna|84/100|[from] Grassy Terrain
|-sideend|p1: no_dupes|move: Tailwind
|upkeep
|-message|aldishh forfeited.
|
|win|no_dupes
|l|☆aldishh
|player|p2|
||aldishh is ready for game 2.
||no_dupes is ready for game 2.
|uhtml|next|Next: Game 2 of 3
