|j|☆SunshineandPoisons
|j|☆waLooG
|html|SunshineandPoisonswaLooG    
|uhtml|bestof|Game 1 of a best-of-3
|t:|1784588406
|gametype|doubles
|player|p1|SunshineandPoisons|volkner|1187
|player|p2|waLooG|brycenman|1143
|gen|9
|tier|[Gen 9 Champions] VGC 2026 Reg M-B (Bo3)
|rated|
|rule|Species Clause: Limit one of each Pokémon
|rule|Item Clause: Limit 1 of each item
|clearpoke
|poke|p1|Garchomp, L50, M|
|poke|p1|Venusaur, L50, F|
|poke|p1|Incineroar, L50, F|
|poke|p1|Charizard, L50, M|
|poke|p1|Toxapex, L50, F|
|poke|p1|Hydreigon, L50, M|
|poke|p2|Hydrapple, L50, M|
|poke|p2|Farigiraf, L50, F|
|poke|p2|Incineroar, L50, M|
|poke|p2|Araquanid, L50, M|
|poke|p2|Mawile, L50, M|
|poke|p2|Sableye, L50, M|
|teampreview|4
|showteam|p1|Garchomp||ChoiceScarf|RoughSkin|Earthquake,RockSlide,DragonClaw,StompingTantrum|Adamant||M|||50|]Venusaur||LifeOrb|Chlorophyll|SludgeBomb,SolarBeam,EarthPower,Protect|Modest||F|||50|]Incineroar||SitrusBerry|Intimidate|ThroatChop,FlareBlitz,PartingShot,FakeOut|Impish||F|||50|]Charizard||CharizarditeY|Blaze|HeatWave,WeatherBall,Protect,HelpingHand|Modest||M|||50|]Toxapex||Leftovers|Regenerator|Toxic,Infestation,WideGuard,BanefulBunker|Calm||F|||50|]Hydreigon||HabanBerry|Levitate|DarkPulse,DracoMeteor,Snarl,Tailwind|Timid||M|||50|
|showteam|p2|Hydrapple||LifeOrb|Regenerator|Protect,EnergyBall,EarthPower,FickleBeam|Quiet||M|||50|]Farigiraf||SitrusBerry|ArmorTail|Protect,TwinBeam,Thunderbolt,TrickRoom|Bold||F|||50|]Incineroar||ChopleBerry|Intimidate|FakeOut,FlareBlitz,PartingShot,HelpingHand|Careful||M|||50|]Araquanid||MysticWater|WaterBubble|Protect,Liquidation,Lunge,WideGuard|Brave||M|||50|]Mawile||Mawilite|HyperCutter|Protect,IronHead,PlayRough,SuckerPunch|Brave||M|||50|]Sableye||RoseliBerry|Prankster|WillOWisp,Encore,RainDance,Reflect|Careful||M|||50|
|inactive|Battle timer is ON: inactive players will automatically lose when time's up. (requested by SunshineandPoisons)
|inactive|SunshineandPoisons has 60 seconds left.
|inactive|waLooG has 60 seconds left.
|
|t:|1784588456
|teamsize|p1|4
|teamsize|p2|4
|start
|switch|p1a: Toxapex|Toxapex, L50, F|100/100
|switch|p1b: Charizard|Charizard, L50, M|100/100
|switch|p2a: Farigiraf|Farigiraf, L50, F|100/100
|switch|p2b: Incineroar|Incineroar, L50, M|100/100
|-ability|p2b: Incineroar|Intimidate|boost
|-unboost|p1a: Toxapex|atk|1
|-unboost|p1b: Charizard|atk|1
|turn|1
|
|t:|1784588479
|move|p2b: Incineroar|Fake Out|p1a: Toxapex
|-damage|p1a: Toxapex|91/100
|move|p1b: Charizard|Heat Wave|p2a: Farigiraf|[spread] p2a,p2b
|-resisted|p2b: Incineroar|1
|-damage|p2a: Farigiraf|66/100
|-damage|p2b: Incineroar|87/100
|move|p2a: Farigiraf|Thunderbolt|p1a: Toxapex
|-supereffective|p1a: Toxapex|1
|-damage|p1a: Toxapex|58/100
|cant|p1a: Toxapex|flinch
|
|-heal|p1a: Toxapex|64/100|[from] item: Leftovers
|upkeep
|turn|2
|
|t:|1784588499
|switch|p2b: Sableye|Sableye, L50, M|100/100
|detailschange|p1b: Charizard|Charizard-Mega-Y, L50, M
|-mega|p1b: Charizard|Charizard|Charizardite Y
|-weather|SunnyDay|[from] ability: Drought|[of] p1b: Charizard
|move|p1b: Charizard|Heat Wave|p2a: Farigiraf|[spread] p2a,p2b
|-damage|p2a: Farigiraf|0 fnt
|-damage|p2b: Sableye|19/100
|faint|p2a: Farigiraf
|move|p1a: Toxapex|Infestation|p2b: Sableye
|-damage|p2b: Sableye|15/100
|-activate|p2b: Sableye|move: Infestation|[of] p1a: Toxapex
|
|-weather|SunnyDay|[upkeep]
|-heal|p1a: Toxapex|70/100|[from] item: Leftovers
|-damage|p2b: Sableye|3/100|[from] move: Infestation|[partiallytrapped]
|upkeep
|
|t:|1784588508
|switch|p2a: Araquanid|Araquanid, L50, M|100/100
|turn|3
|
|t:|1784588518
|switch|p1b: Venusaur|Venusaur, L50, F|100/100
|move|p2b: Sableye|Rain Dance|p2b: Sableye
|-weather|RainDance
|move|p2a: Araquanid|Liquidation|p1a: Toxapex
|-resisted|p1a: Toxapex|1
|-damage|p1a: Toxapex|26/100
|move|p1a: Toxapex|Toxic|p2a: Araquanid
|-status|p2a: Araquanid|tox
|
|-weather|RainDance|[upkeep]
|-heal|p1a: Toxapex|32/100|[from] item: Leftovers
|-damage|p2a: Araquanid|94/100 tox|[from] psn
|-damage|p2b: Sableye|0 fnt|[from] move: Infestation|[partiallytrapped]
|faint|p2b: Sableye
|upkeep
|
|t:|1784588524
|switch|p2b: Incineroar|Incineroar, L50, M|87/100
|-ability|p2b: Incineroar|Intimidate|boost
|-unboost|p1a: Toxapex|atk|1
|-unboost|p1b: Venusaur|atk|1
|turn|4
|
|t:|1784588544
|move|p1b: Venusaur|Protect|p1b: Venusaur
|-singleturn|p1b: Venusaur|Protect
|move|p2a: Araquanid|Protect|p2a: Araquanid
|-singleturn|p2a: Araquanid|Protect
|move|p1a: Toxapex|Baneful Bunker|p1a: Toxapex
|-singleturn|p1a: Toxapex|move: Protect
|move|p2b: Incineroar|Flare Blitz|p1b: Venusaur
|-activate|p1b: Venusaur|move: Protect
|
|-weather|RainDance|[upkeep]
|-heal|p1a: Toxapex|38/100|[from] item: Leftovers
|-damage|p2a: Araquanid|82/100 tox|[from] psn
|upkeep
|turn|5
|
|t:|1784588556
|-heal|p1a: Toxapex|71/100|[from] ability: Regenerator|[silent]
|switch|p1a: Charizard|Charizard-Mega-Y, L50, M|100/100
|-weather|SunnyDay|[from] ability: Drought|[of] p1a: Charizard
|move|p1b: Venusaur|Earth Power|p2b: Incineroar
|-supereffective|p2b: Incineroar|1
|-damage|p2b: Incineroar|35/100
|-damage|p1b: Venusaur|90/100|[from] item: Life Orb
|move|p2b: Incineroar|Flare Blitz|p1b: Venusaur
|-supereffective|p1b: Venusaur|1
|-damage|p1b: Venusaur|0 fnt
|faint|p1b: Venusaur
|-damage|p2b: Incineroar|10/100|[from] Recoil
|move|p2a: Araquanid|Liquidation|p1a: Charizard
|-supereffective|p1a: Charizard|1
|-damage|p1a: Charizard|8/100
|
|-weather|SunnyDay|[upkeep]
|-damage|p2a: Araquanid|65/100 tox|[from] psn
|upkeep
|
|t:|1784588567
|switch|p1b: Toxapex|Toxapex, L50, F|71/100
|turn|6
|
|t:|1784588590
|move|p1a: Charizard|Weather Ball|p2b: Incineroar
|-resisted|p2b: Incineroar|1
|-damage|p2b: Incineroar|0 fnt
|faint|p2b: Incineroar
|move|p1b: Toxapex|Infestation|p2a: Araquanid
|-damage|p2a: Araquanid|62/100 tox
|-activate|p2a: Araquanid|move: Infestation|[of] p1b: Toxapex
|move|p2a: Araquanid|Liquidation|p1a: Charizard
|-supereffective|p1a: Charizard|1
|-damage|p1a: Charizard|0 fnt
|faint|p1a: Charizard
|
|-weather|SunnyDay|[upkeep]
|-heal|p1b: Toxapex|77/100|[from] item: Leftovers
|-damage|p2a: Araquanid|40/100 tox|[from] psn
|-damage|p2a: Araquanid|28/100 tox|[from] move: Infestation|[partiallytrapped]
|upkeep
|
|t:|1784588593
|switch|p1a: Garchomp|Garchomp, L50, M|100/100
|turn|7
|
|t:|1784588599
|move|p1a: Garchomp|Dragon Claw|p2a: Araquanid
|-damage|p2a: Araquanid|0 fnt
|faint|p2a: Araquanid
|
|win|SunshineandPoisons
||SunshineandPoisons is ready for game 2.
||waLooG is ready for game 2.
|uhtml|next|Next: Game 2 of 3
|l|☆SunshineandPoisons
|player|p1|
