|j|☆I like tomaroes
|j|☆Pawah
|html|I like tomaroesPawah    
|uhtml|bestof|Game 2 of a best-of-3
|t:|1756488783
|gametype|doubles
|player|p1|I like tomaroes|veteran|1220
|player|p2|Pawah|ethan|1233
|gen|9
|tier|[Gen 9] VGC 2025 Reg H (Bo3)
|rated|
|rule|Species Clause: Limit one of each Pokémon
|rule|Item Clause: Limit 1 of each item
|clearpoke
|poke|p1|Pelipper, L50, M|
|poke|p1|Sinistcha, L50|
|poke|p1|Ursaluna, L50, F|
|poke|p1|Dragonite, L50, M|
|poke|p1|Archaludon, L50, F|
|poke|p1|Basculegion, L50, M|
|poke|p2|Ursaluna, L50, F|
|poke|p2|Sinistcha, L50|
|poke|p2|Pelipper, L50, F|
|poke|p2|Archaludon, L50, M|
|poke|p2|Gholdengo, L50|
|poke|p2|Dragonite, L50, M|
|teampreview|4
|showteam|p1|Pelipper||FocusSash|Drizzle|WeatherBall,Hurricane,Tailwind,Protect|||M|||50|,,,,,Ghost]Sinistcha||SitrusBerry|Hospitality|MatchaGotcha,LifeDew,RagePowder,TrickRoom||||||50|,,,,,Dark]Ursaluna||FlameOrb|Guts|Facade,HeadlongRush,Earthquake,Protect|||F|||50|,,,,,Ghost]Dragonite||LoadedDice|Multiscale|ScaleShot,Haze,Tailwind,Protect|||M|||50|,,,,,Fairy]Archaludon||AssaultVest|Stamina|ElectroShot,FlashCannon,Snarl,BodyPress|||F|||50|,,,,,Bug]Basculegion||ChoiceBand|SwiftSwim|WaveCrash,FlipTurn,AquaJet,LastRespects|||M|||50|,,,,,Water
|showteam|p2|Ursaluna||FlameOrb|Guts|HeadlongRush,Facade,Protect,Earthquake|||F|||50|,,,,,Ghost]Sinistcha||SitrusBerry|Hospitality|RagePowder,TrickRoom,LifeDew,MatchaGotcha||||||50|,,,,,Dark]Pelipper||FocusSash|Drizzle|Hurricane,Protect,WeatherBall,WideGuard|||F|||50|,,,,,Ghost]Archaludon||AssaultVest|Stamina|ElectroShot,FlashCannon,BodyPress,DracoMeteor|||M|||50|,,,,,Bug]Gholdengo||LifeOrb|GoodasGold|MakeItRain,ShadowBall,NastyPlot,Protect||||||50|,,,,,Water]Dragonite||LoadedDice|Multiscale|Protect,ScaleShot,Tailwind,Haze|||M|||50|,,,,,Fairy
|inactive|Battle timer is ON: inactive players will automatically lose when time's up. (requested by I like tomaroes)
|inactive|Pawah also wants the timer to be on.
|inactive|I like tomaroes has 60 seconds left.
|
|t:|1756488830
|teamsize|p1|4
|teamsize|p2|4
|start
|switch|p1a: Archaludon|Archaludon, L50, F|100/100
|switch|p1b: Sinistcha|Sinistcha, L50|100/100
|switch|p2a: Dragonite|Dragonite, L50, M|100/100
|switch|p2b: Sinistcha|Sinistcha, L50|100/100
|turn|1
|
|t:|1756488854
|switch|p2b: Ursaluna|Ursaluna, L50, F|100/100
|move|p2a: Dragonite|Scale Shot|p1b: Sinistcha
|-damage|p1b: Sinistcha|86/100
|-crit|p1b: Sinistcha
|-damage|p1b: Sinistcha|65/100
|-damage|p1b: Sinistcha|50/100
|-enditem|p1b: Sinistcha|Sitrus Berry|[eat]
|-heal|p1b: Sinistcha|75/100|[from] item: Sitrus Berry
|-damage|p1b: Sinistcha|61/100
|-damage|p1b: Sinistcha|48/100
|-hitcount|p1b: Sinistcha|5
|-unboost|p2a: Dragonite|def|1
|-boost|p2a: Dragonite|spe|1
|move|p1a: Archaludon|Snarl|p2a: Dragonite|[spread] p2a,p2b
|-crit|p2b: Ursaluna
|-damage|p2a: Dragonite|93/100
|-damage|p2b: Ursaluna|81/100
|-unboost|p2a: Dragonite|spa|1
|-unboost|p2b: Ursaluna|spa|1
|move|p1b: Sinistcha|Matcha Gotcha|p2a: Dragonite|[spread] p2a,p2b
|-resisted|p2a: Dragonite
|-supereffective|p2b: Ursaluna
|-damage|p2a: Dragonite|86/100
|-heal|p1b: Sinistcha|51/100|[from] drain|[of] p2a: Dragonite
|-damage|p2b: Ursaluna|40/100
|-heal|p1b: Sinistcha|76/100|[from] drain|[of] p2b: Ursaluna
|
|-status|p2b: Ursaluna|brn|[from] item: Flame Orb
|upkeep
|turn|2
|inactive|I like tomaroes has 30 seconds left.
|inactive|Pawah has 30 seconds left.
|inactive|I like tomaroes has 20 seconds left.
|inactive|I like tomaroes has 15 seconds left.
|
|t:|1756488896
|switch|p2b: Sinistcha|Sinistcha, L50|100/100
|-heal|p2a: Dragonite|100/100|[from] ability: Hospitality|[of] p2b: Sinistcha
|-terastallize|p1a: Archaludon|Bug
|move|p1b: Sinistcha|Rage Powder|p1b: Sinistcha
|-singleturn|p1b: Sinistcha|move: Rage Powder
|move|p2a: Dragonite|Scale Shot|p1b: Sinistcha
|-damage|p1b: Sinistcha|61/100
|-damage|p1b: Sinistcha|48/100
|-damage|p1b: Sinistcha|33/100
|-damage|p1b: Sinistcha|18/100
|-hitcount|p1b: Sinistcha|4
|-unboost|p2a: Dragonite|def|1
|-boost|p2a: Dragonite|spe|1
|move|p1a: Archaludon|Flash Cannon|p2b: Sinistcha
|-damage|p2b: Sinistcha|70/100
|
|upkeep
|turn|3
|inactive|I like tomaroes has 30 seconds left.
|inactive|I like tomaroes has 20 seconds left.
|inactive|Pawah has 30 seconds left.
|inactive|I like tomaroes has 15 seconds left.
|
|t:|1756488938
|move|p2a: Dragonite|Scale Shot|p1b: Sinistcha
|-damage|p1b: Sinistcha|4/100
|-crit|p1b: Sinistcha
|-damage|p1b: Sinistcha|0 fnt
|faint|p1b: Sinistcha
|-hitcount|p1: Sinistcha|2
|-unboost|p2a: Dragonite|def|1
|-boost|p2a: Dragonite|spe|1
|move|p1a: Archaludon|Snarl|p2a: Dragonite|[spread] p2a,p2b
|-supereffective|p2b: Sinistcha
|-damage|p2a: Dragonite|94/100
|-damage|p2b: Sinistcha|47/100
|-unboost|p2a: Dragonite|spa|1
|-unboost|p2b: Sinistcha|spa|1
|-enditem|p2b: Sinistcha|Sitrus Berry|[eat]
|-heal|p2b: Sinistcha|72/100|[from] item: Sitrus Berry
|move|p2b: Sinistcha|Trick Room|p2b: Sinistcha
|-fieldstart|move: Trick Room|[of] p2b: Sinistcha
|
|upkeep
|
|t:|1756488944
|switch|p1b: Ursaluna|Ursaluna, L50, F|100/100
|turn|4
|inactive|Pawah has 30 seconds left.
|inactive|I like tomaroes has 30 seconds left.
|
|t:|1756488983
|move|p2a: Dragonite|Protect|p2a: Dragonite
|-singleturn|p2a: Dragonite|Protect
|move|p1b: Ursaluna|Facade|p2b: Sinistcha
|-immune|p2b: Sinistcha
|move|p1a: Archaludon|Snarl|p2a: Dragonite|[spread] p2b
|-activate|p2a: Dragonite|move: Protect
|-supereffective|p2b: Sinistcha
|-damage|p2b: Sinistcha|49/100
|-unboost|p2b: Sinistcha|spa|1
|move|p2b: Sinistcha|Trick Room|p2b: Sinistcha
|-fieldend|move: Trick Room
|
|-status|p1b: Ursaluna|brn|[from] item: Flame Orb
|upkeep
|turn|5
|inactive|I like tomaroes has 30 seconds left.
|inactive|I like tomaroes has 20 seconds left.
|
|t:|1756489021
|move|p2b: Sinistcha|Rage Powder|p2b: Sinistcha
|-singleturn|p2b: Sinistcha|move: Rage Powder
|move|p2a: Dragonite|Scale Shot|p1b: Ursaluna
|-damage|p1b: Ursaluna|88/100 brn
|-crit|p1b: Ursaluna
|-damage|p1b: Ursaluna|70/100 brn
|-damage|p1b: Ursaluna|57/100 brn
|-damage|p1b: Ursaluna|43/100 brn
|-hitcount|p1b: Ursaluna|4
|-unboost|p2a: Dragonite|def|1
|-boost|p2a: Dragonite|spe|1
|move|p1a: Archaludon|Flash Cannon|p2b: Sinistcha
|-damage|p2b: Sinistcha|13/100
|move|p1b: Ursaluna|Facade|p2b: Sinistcha
|-immune|p2b: Sinistcha
|
|-damage|p1b: Ursaluna|38/100 brn|[from] brn
|upkeep
|turn|6
|
|t:|1756489040
|switch|p1b: Pelipper|Pelipper, L50, M|100/100
|-weather|RainDance|[from] ability: Drizzle|[of] p1b: Pelipper
|switch|p2b: Archaludon|Archaludon, L50, M|100/100
|move|p2a: Dragonite|Scale Shot|p1b: Pelipper
|-damage|p1b: Pelipper|80/100
|-damage|p1b: Pelipper|60/100
|-damage|p1b: Pelipper|40/100
|-damage|p1b: Pelipper|19/100
|-hitcount|p1b: Pelipper|4
|-unboost|p2a: Dragonite|def|1
|-boost|p2a: Dragonite|spe|1
|move|p1a: Archaludon|Snarl|p2b: Archaludon|[spread] p2a,p2b
|-damage|p2a: Dragonite|80/100
|-damage|p2b: Archaludon|91/100
|-unboost|p2a: Dragonite|spa|1
|-unboost|p2b: Archaludon|spa|1
|-ability|p2b: Archaludon|Stamina|boost
|-boost|p2b: Archaludon|def|1
|
|-weather|RainDance|[upkeep]
|upkeep
|turn|7
|inactive|I like tomaroes has 30 seconds left.
|inactive|I like tomaroes has 20 seconds left.
|inactive|I like tomaroes has 15 seconds left.
|inactive|I like tomaroes has 10 seconds left.
|
|t:|1756489086
|move|p2a: Dragonite|Scale Shot|p1b: Pelipper
|-damage|p1b: Pelipper|0 fnt
|faint|p1b: Pelipper
|-hitcount|p1: Pelipper|1
|-unboost|p2a: Dragonite|def|1
|-boost|p2a: Dragonite|spe|1
|move|p1a: Archaludon|Electro Shot||[still]
|-prepare|p1a: Archaludon|Electro Shot
|-boost|p1a: Archaludon|spa|1
|-anim|p1a: Archaludon|Electro Shot|p2a: Dragonite
|-damage|p2a: Dragonite|11/100
|move|p2b: Archaludon|Electro Shot||[still]
|-prepare|p2b: Archaludon|Electro Shot
|-boost|p2b: Archaludon|spa|1
|-anim|p2b: Archaludon|Electro Shot|p1a: Archaludon
|-damage|p1a: Archaludon|72/100
|-ability|p1a: Archaludon|Stamina|boost
|-boost|p1a: Archaludon|def|1
|
|-weather|RainDance|[upkeep]
|upkeep
|
|t:|1756489090
|switch|p1b: Ursaluna|Ursaluna, L50, F|38/100 brn
|turn|8
|
|t:|1756489105
|move|p2a: Dragonite|Protect|p2a: Dragonite
|-singleturn|p2a: Dragonite|Protect
|move|p1a: Archaludon|Snarl|p2b: Archaludon|[spread] p2b
|-activate|p2a: Dragonite|move: Protect
|-damage|p2b: Archaludon|78/100
|-unboost|p2b: Archaludon|spa|1
|-ability|p2b: Archaludon|Stamina|boost
|-boost|p2b: Archaludon|def|1
|move|p2b: Archaludon|Body Press|p1b: Ursaluna
|-supereffective|p1b: Ursaluna
|-damage|p1b: Ursaluna|0 fnt
|faint|p1b: Ursaluna
|
|-weather|RainDance|[upkeep]
|upkeep
|turn|9
|
|t:|1756489126
|move|p2a: Dragonite|Protect||[still]
|-fail|p2a: Dragonite
|move|p1a: Archaludon|Body Press|p2b: Archaludon
|-supereffective|p2b: Archaludon
|-damage|p2b: Archaludon|51/100
|-ability|p2b: Archaludon|Stamina|boost
|-boost|p2b: Archaludon|def|1
|move|p2b: Archaludon|Draco Meteor|p1a: Archaludon
|-damage|p1a: Archaludon|44/100
|-unboost|p2b: Archaludon|spa|2
|-ability|p1a: Archaludon|Stamina|boost
|-boost|p1a: Archaludon|def|1
|
|-weather|RainDance|[upkeep]
|upkeep
|turn|10
|
|t:|1756489136
|move|p2a: Dragonite|Haze|p2a: Dragonite
|-clearallboost
|move|p1a: Archaludon|Snarl|p2b: Archaludon|[spread] p2a,p2b
|-damage|p2a: Dragonite|0 fnt
|-damage|p2b: Archaludon|42/100
|-unboost|p2b: Archaludon|spa|1
|-ability|p2b: Archaludon|Stamina|boost
|-boost|p2b: Archaludon|def|1
|faint|p2a: Dragonite
|move|p2b: Archaludon|Draco Meteor|p1a: Archaludon
|-crit|p1a: Archaludon
|-damage|p1a: Archaludon|0 fnt
|-unboost|p2b: Archaludon|spa|2
|faint|p1a: Archaludon
|
|win|Pawah
|raw|I like tomaroes's rating: 1220 → 1196(-24 for losing)
|raw|Pawah's rating: 1233 → 1257(+24 for winning)
|c|☆Pawah|gg
