|j|☆Arsene14
|j|☆castoriceball
|html|Arsene14castoriceball    
|uhtml|bestof|Game 3 of a best-of-3
|t:|1785651863
|gametype|doubles
|player|p1|Arsene14|steven|1249
|player|p2|castoriceball|miku-flying|1257
|gen|9
|tier|[Gen 9 Champions] VGC 2026 Reg M-B (Bo3)
|rated|
|rule|Species Clause: Limit one of each Pokémon
|rule|Item Clause: Limit 1 of each item
|clearpoke
|poke|p1|Charizard, L50, M|
|poke|p1|Farigiraf, L50, M|
|poke|p1|Kingambit, L50, M|
|poke|p1|Sylveon, L50, F|
|poke|p1|Garchomp, L50, F, shiny|
|poke|p1|Whimsicott, L50, M|
|poke|p2|Staraptor, L50, F|
|poke|p2|Garchomp, L50, M|
|poke|p2|Whimsicott, L50, F|
|poke|p2|Delphox, L50, F|
|poke|p2|Glimmora, L50, F|
|poke|p2|Kingambit, L50, F, shiny|
|teampreview|4
|showteam|p1|Charizard||CharizarditeY|Blaze|Protect,AncientPower,SolarBeam,WeatherBall|Modest||M|||50|]Farigiraf||SitrusBerry|ArmorTail|PsychicFangs,Thunderbolt,SunnyDay,TrickRoom|Relaxed||M|||50|]Kingambit||LifeOrb|Defiant|KowtowCleave,IronHead,Protect,SuckerPunch|Adamant||M|||50|]Sylveon||FairyFeather|Pixilate|Moonblast,HyperBeam,HyperVoice,Protect|Modest||F|||50|]Garchomp||RoseliBerry|RoughSkin|DragonClaw,StompingTantrum,Protect,RockSlide|Adamant||F|||50|]Whimsicott||FocusSash|Prankster|Tailwind,Encore,Moonblast,SunnyDay|Timid||M|||50|
|showteam|p2|Staraptor||Staraptite|Intimidate|Protect,Roost,CloseCombat,BraveBird|Jolly||F|||50|]Garchomp||LifeOrb|RoughSkin|Earthquake,RockSlide,DragonClaw,Protect|Jolly||M|||50|]Whimsicott||OccaBerry|Prankster|Moonblast,Tailwind,Charm,LightScreen|Timid||F|||50|]Delphox||Delphoxite|Magician|Protect,Psychic,HeatWave,NastyPlot|Modest||F|||50|]Glimmora||FocusSash|ToxicDebris|SpikyShield,EarthPower,PowerGem,SludgeBomb|Timid||F|||50|]Kingambit||ChopleBerry|Defiant|KowtowCleave,IronHead,SuckerPunch,LowKick|Adamant||F|||50|
|
|t:|1785651884
|teamsize|p1|4
|teamsize|p2|4
|start
|switch|p1a: El Reseñas|Garchomp, L50, F, shiny|100/100
|switch|p1b: CHAKKK|Sylveon, L50, F|100/100
|switch|p2a: Staraptor|Staraptor, L50, F|100/100
|switch|p2b: Whimsicott|Whimsicott, L50, F|100/100
|-ability|p2a: Staraptor|Intimidate|boost
|-unboost|p1a: El Reseñas|atk|1
|-unboost|p1b: CHAKKK|atk|1
|turn|1
|
|t:|1785651896
|detailschange|p2a: Staraptor|Staraptor-Mega, L50, F
|-mega|p2a: Staraptor|Staraptor|Staraptite
|move|p2b: Whimsicott|Charm|p2a: Staraptor
|-boost|p2a: Staraptor|atk|2
|move|p2a: Staraptor|Brave Bird|p1b: CHAKKK
|-damage|p1b: CHAKKK|0 fnt
|faint|p1b: CHAKKK
|-damage|p2a: Staraptor|63/100|[from] Recoil
|move|p1a: El Reseñas|Rock Slide|p2b: Whimsicott|[spread] p2a,p2b
|-damage|p2a: Staraptor|48/100
|-damage|p2b: Whimsicott|82/100
|
|upkeep
|
|t:|1785651905
|switch|p1b: MegaKingampi|Kingambit, L50, M|100/100
|turn|2
|
|t:|1785651938
|move|p2b: Whimsicott|Charm|p2a: Staraptor
|-boost|p2a: Staraptor|atk|2
|move|p1b: MegaKingampi|Sucker Punch||[still]
|-fail|p1b: MegaKingampi
|move|p2a: Staraptor|Roost|p2a: Staraptor
|-heal|p2a: Staraptor|98/100
|-singleturn|p2a: Staraptor|move: Roost
|move|p1a: El Reseñas|Rock Slide|p2a: Staraptor|[spread] p2a,p2b
|-resisted|p2a: Staraptor|1
|-damage|p2a: Staraptor|91/100
|-damage|p2b: Whimsicott|64/100
|
|upkeep
|turn|3
|
|t:|1785651961
|move|p2b: Whimsicott|Light Screen|p2b: Whimsicott
|-sidestart|p2: castoriceball|move: Light Screen
|move|p1b: MegaKingampi|Sucker Punch|p2a: Staraptor
|-resisted|p2a: Staraptor|1
|-damage|p2a: Staraptor|61/100
|-damage|p1b: MegaKingampi|90/100|[from] item: Life Orb
|move|p2a: Staraptor|Close Combat|p1b: MegaKingampi
|-supereffective|p1b: MegaKingampi|2
|-damage|p1b: MegaKingampi|0 fnt
|-boost|p2a: Staraptor|def|1
|-boost|p2a: Staraptor|spd|1
|faint|p1b: MegaKingampi
|move|p1a: El Reseñas|Rock Slide|p2b: Whimsicott|[spread] p2a,p2b
|-damage|p2a: Staraptor|51/100
|-damage|p2b: Whimsicott|48/100
|
|upkeep
|
|t:|1785651965
|switch|p1b: Pajares|Farigiraf, L50, M|100/100
|turn|4
|
|t:|1785651973
|move|p2b: Whimsicott|Moonblast|p1a: El Reseñas
|-supereffective|p1a: El Reseñas|1
|-enditem|p1a: El Reseñas|Roseli Berry|[eat]
|-enditem|p1a: El Reseñas|Roseli Berry|[weaken]
|-damage|p1a: El Reseñas|75/100
|move|p2a: Staraptor|Close Combat|p1b: Pajares
|-damage|p1b: Pajares|0 fnt
|-boost|p2a: Staraptor|def|1
|-boost|p2a: Staraptor|spd|1
|faint|p1b: Pajares
|move|p1a: El Reseñas|Rock Slide|p2a: Staraptor|[spread] p2a,p2b
|-damage|p2a: Staraptor|43/100
|-damage|p2b: Whimsicott|32/100
|
|upkeep
|turn|5
|
|t:|1785651980
|move|p2b: Whimsicott|Charm|p1a: El Reseñas
|-unboost|p1a: El Reseñas|atk|2
|move|p2a: Staraptor|Close Combat|p1a: El Reseñas
|-damage|p1a: El Reseñas|0 fnt
|-boost|p2a: Staraptor|def|1
|-boost|p2a: Staraptor|spd|1
|-damage|p2a: Staraptor|31/100|[from] ability: Rough Skin|[of] p1a: El Reseñas
|faint|p1a: El Reseñas
|
|win|castoriceball
|raw|Arsene14's rating: 1249 → 1225(-24 for losing)
|raw|castoriceball's rating: 1257 → 1281(+24 for winning)
|l|☆Arsene14
|player|p1|
