|j|☆AngryApeReturn
|j|☆raksbach
|html|AngryApeReturnraksbach    
|uhtml|bestof|Game 1 of a best-of-3
|t:|1784121573
|gametype|doubles
|player|p1|AngryApeReturn|265|1307
|player|p2|raksbach|265|1287
|gen|9
|tier|[Gen 9 Champions] VGC 2026 Reg M-B (Bo3)
|rated|
|rule|Species Clause: Limit one of each Pokémon
|rule|Item Clause: Limit 1 of each item
|clearpoke
|poke|p1|Floette-Eternal, L50, F|
|poke|p1|Incineroar, L50, F|
|poke|p1|Sinistcha, L50|
|poke|p1|Blastoise, L50, F|
|poke|p1|Sneasler, L50, F|
|poke|p1|Maushold, L50|
|poke|p2|Incineroar, L50, F|
|poke|p2|Maushold, L50|
|poke|p2|Sinistcha, L50|
|poke|p2|Sneasler, L50, M|
|poke|p2|Blastoise, L50, F|
|poke|p2|Delphox, L50, M|
|teampreview|4
|showteam|p1|Floette-Eternal||Floettite|FlowerVeil|DazzlingGleam,DrainingKiss,CalmMind,Protect|Modest||F|||50|]Incineroar||SitrusBerry|Intimidate|FlareBlitz,FakeOut,PartingShot,HelpingHand|Impish||F|||50|]Sinistcha||OccaBerry|Hospitality|MatchaGotcha,RagePowder,TrickRoom,Protect|Relaxed|||||50|]Blastoise||Blastoisinite|Torrent|WaterSpout,DarkPulse,ShellSmash,Protect|Modest||F|||50|]Sneasler||FocusSash|PoisonTouch|PoisonJab,CloseCombat,FakeOut,QuickGuard|Jolly||F|||50|]Maushold||LumBerry|FriendGuard|SuperFang,FollowMe,Feint,Protect|Timid|||||50|
|showteam|p2|Incineroar||SitrusBerry|Intimidate|FakeOut,FlareBlitz,DarkestLariat,PartingShot|Impish||F|||50|]Maushold||ChopleBerry|FriendGuard|SuperFang,FollowMe,Protect,Feint|Impish|||||50|]Sinistcha||OccaBerry|Hospitality|MatchaGotcha,LifeDew,RagePowder,Protect|Bold|||||50|]Sneasler||FocusSash|PoisonTouch|FakeOut,CloseCombat,DireClaw,QuickGuard|Jolly||M|||50|]Blastoise||Blastoisinite|Torrent|WaterSpout,DarkPulse,ShellSmash,Protect|Modest||F|||50|]Delphox||Delphoxite|Blaze|HeatWave,Psychic,NastyPlot,Protect|Timid||M|||50|
|inactive|Battle timer is ON: inactive players will automatically lose when time's up. (requested by raksbach)
|inactive|AngryApeReturn has 60 seconds left.
|inactive|raksbach has 60 seconds left.
|
|t:|1784121631
|teamsize|p1|4
|teamsize|p2|4
|start
|switch|p1a: Blastoise|Blastoise, L50, F|100/100
|switch|p1b: Sneasler|Sneasler, L50, F|100/100
|switch|p2a: Blastoise|Blastoise, L50, F|100/100
|switch|p2b: Sinistcha|Sinistcha, L50|100/100
|turn|1
|inactive|raksbach has 30 seconds left.
|
|t:|1784121662
|detailschange|p2a: Blastoise|Blastoise-Mega, L50, F
|-mega|p2a: Blastoise|Blastoise|Blastoisinite
|detailschange|p1a: Blastoise|Blastoise-Mega, L50, F
|-mega|p1a: Blastoise|Blastoise|Blastoisinite
|move|p2a: Blastoise|Protect|p2a: Blastoise
|-singleturn|p2a: Blastoise|Protect
|move|p1b: Sneasler|Poison Jab|p2b: Sinistcha
|-damage|p2b: Sinistcha|64/100
|-status|p2b: Sinistcha|psn
|move|p1a: Blastoise|Dark Pulse|p2b: Sinistcha
|-supereffective|p2b: Sinistcha|1
|-damage|p2b: Sinistcha|0 fnt
|faint|p2b: Sinistcha
|
|upkeep
|
|t:|1784121677
|switch|p2b: Sneasler|Sneasler, L50, M|100/100
|turn|2
|inactive|raksbach has 30 seconds left.
|
|t:|1784121709
|move|p2b: Sneasler|Fake Out|p1b: Sneasler
|-damage|p1b: Sneasler|73/100
|cant|p1b: Sneasler|flinch
|move|p1a: Blastoise|Shell Smash|p1a: Blastoise
|-unboost|p1a: Blastoise|def|1
|-unboost|p1a: Blastoise|spd|1
|-boost|p1a: Blastoise|atk|2
|-boost|p1a: Blastoise|spa|2
|-boost|p1a: Blastoise|spe|2
|move|p2a: Blastoise|Shell Smash|p2a: Blastoise
|-unboost|p2a: Blastoise|def|1
|-unboost|p2a: Blastoise|spd|1
|-boost|p2a: Blastoise|atk|2
|-boost|p2a: Blastoise|spa|2
|-boost|p2a: Blastoise|spe|2
|
|upkeep
|turn|3
|inactive|AngryApeReturn has 30 seconds left.
|inactive|raksbach has 30 seconds left.
|inactive|AngryApeReturn has 20 seconds left.
|inactive|raksbach has 20 seconds left.
|inactive|raksbach has 15 seconds left.
|inactive|raksbach has 10 seconds left.
|
|t:|1784121755
|move|p1a: Blastoise|Protect|p1a: Blastoise
|-singleturn|p1a: Blastoise|Protect
|move|p2a: Blastoise|Protect|p2a: Blastoise
|-singleturn|p2a: Blastoise|Protect
|move|p2b: Sneasler|Close Combat|p1a: Blastoise
|-activate|p1a: Blastoise|move: Protect
|move|p1b: Sneasler|Close Combat|p2a: Blastoise
|-activate|p2a: Blastoise|move: Protect
|
|upkeep
|turn|4
|inactive|AngryApeReturn has 30 seconds left.
|inactive|raksbach has 30 seconds left.
|
|t:|1784121788
|switch|p1b: Incineroar|Incineroar, L50, F|100/100
|-ability|p1b: Incineroar|Intimidate|boost
|-unboost|p2a: Blastoise|atk|1
|-unboost|p2b: Sneasler|atk|1
|move|p1a: Blastoise|Dark Pulse|p2a: Blastoise
|-damage|p2a: Blastoise|0 fnt
|faint|p2a: Blastoise
|move|p2b: Sneasler|Close Combat|p1b: Incineroar
|-supereffective|p1b: Incineroar|1
|-damage|p1b: Incineroar|31/100
|-unboost|p2b: Sneasler|def|1
|-unboost|p2b: Sneasler|spd|1
|-status|p1b: Incineroar|psn|[from] ability: Poison Touch|[of] p2b: Sneasler
|-enditem|p1b: Incineroar|Sitrus Berry|[eat]
|-heal|p1b: Incineroar|56/100 psn|[from] item: Sitrus Berry
|
|-damage|p1b: Incineroar|43/100 psn|[from] psn
|upkeep
|
|t:|1784121811
|switch|p2a: Incineroar|Incineroar, L50, F|100/100
|-ability|p2a: Incineroar|Intimidate|boost
|-unboost|p1a: Blastoise|atk|1
|-unboost|p1b: Incineroar|atk|1
|turn|5
|inactive|AngryApeReturn has 30 seconds left.
|
|t:|1784121836
|move|p1a: Blastoise|Protect|p1a: Blastoise
|-singleturn|p1a: Blastoise|Protect
|move|p2b: Sneasler|Close Combat|p1b: Incineroar
|-supereffective|p1b: Incineroar|1
|-damage|p1b: Incineroar|0 fnt
|-unboost|p2b: Sneasler|def|1
|-unboost|p2b: Sneasler|spd|1
|faint|p1b: Incineroar
|move|p2a: Incineroar|Parting Shot|p1a: Blastoise
|-activate|p1a: Blastoise|move: Protect
|
|upkeep
|
|t:|1784121848
|switch|p1b: Sneasler|Sneasler, L50, F|73/100
|turn|6
|
|t:|1784121861
|move|p1b: Sneasler|Fake Out|p2b: Sneasler
|-damage|p2b: Sneasler|53/100
|move|p1a: Blastoise|Water Spout|p2b: Sneasler|[spread] p2a,p2b
|-supereffective|p2a: Incineroar|1
|-damage|p2a: Incineroar|0 fnt
|-damage|p2b: Sneasler|0 fnt
|faint|p2a: Incineroar
|faint|p2b: Sneasler
|
|win|AngryApeReturn
