|j|☆eeveesbabydaddy
|j|☆Fairy Juice Jay
|html|eeveesbabydaddyFairy Juice Jay    
|uhtml|bestof|Game 1 of a best-of-3
|t:|1757652556
|gametype|doubles
|player|p1|eeveesbabydaddy|archie-usum|1173
|player|p2|Fairy Juice Jay|burgh-masters|1136
|gen|9
|tier|[Gen 9] VGC 2025 Reg H (Bo3)
|rated|
|rule|Species Clause: Limit one of each Pokémon
|rule|Item Clause: Limit 1 of each item
|clearpoke
|poke|p1|Tyranitar, L50, F|
|poke|p1|Corviknight, L50, F|
|poke|p1|Dragonite, L50, F|
|poke|p1|Archaludon, L50, F|
|poke|p1|Whimsicott, L50, F|
|poke|p1|Sneasler, L50, F|
|poke|p2|Serperior, L50, M|
|poke|p2|Illumise, L50, F|
|poke|p2|Metagross, L50|
|poke|p2|Primarina, L50, F|
|poke|p2|Kommo-o, L50, F|
|poke|p2|Armarouge, L50, M|
|teampreview|4
|showteam|p1|Tyranitar||AssaultVest|SandStream|RockSlide,KnockOff,TeraBlast,LowKick|||F|||50|,,,,,Grass]Corviknight||SitrusBerry|MirrorArmor|BraveBird,PowerTrip,BulkUp,Roost|||F|||50|,,,,,Dragon]Dragonite||LoadedDice|Multiscale|ScaleShot,StompingTantrum,Protect,Haze|||F|||50|,,,,,Steel]Archaludon||PowerHerb|Sturdy|ElectroShot,DracoMeteor,FlashCannon,Protect|||F|||50|,,,,,Electric]Whimsicott||CovertCloak|Prankster|Moonblast,LightScreen,Tailwind,Taunt|||F|||50|,,,,,Poison]Sneasler||WhiteHerb|PoisonTouch|DireClaw,CloseCombat,FakeOut,Protect|||F|||50|,,,,,Ghost
|showteam|p2|Serperior||WideLens|Contrary|LeafStorm,TeraBlast,LeechSeed,Protect|||M|||50|,,,,,Fire]Illumise||CovertCloak|Prankster|Uturn,Encore,FakeTears,Tailwind|||F|||50|,,,,,Dark]Metagross||AssaultVest|ClearBody|HeavySlam,PsychicFangs,StompingTantrum,BulletPunch||||||50|,,,,,Water]Primarina||Leftovers|LiquidVoice|HyperVoice,Moonblast,CalmMind,Protect|||F|||50|,,,,,Poison]Kommo-o||ThroatSpray|Overcoat|ClangingScales,Flamethrower,ClangorousSoul,Protect|||F|||50|,,,,,Fire]Armarouge||SafetyGoggles|FlashFire|HeatWave,Psychic,TrickRoom,Protect|||M|||50|,,,,,Grass
|inactive|Battle timer is ON: inactive players will automatically lose when time's up. (requested by Fairy Juice Jay)
|c|☆Fairy Juice Jay|GLHF
|c|☆eeveesbabydaddy|glhf
|inactive|eeveesbabydaddy has 60 seconds left.
|inactive|Fairy Juice Jay has 60 seconds left.
|
|t:|1757652613
|teamsize|p1|4
|teamsize|p2|4
|start
|switch|p1a: Tyranitar|Tyranitar, L50, F, shiny|100/100
|switch|p1b: Whimsicott|Whimsicott, L50, F, shiny|100/100
|switch|p2a: Sylvester|Serperior, L50, M|100/100
|switch|p2b: Theodora|Illumise, L50, F|100/100
|-weather|Sandstorm|[from] ability: Sand Stream|[of] p1a: Tyranitar
|turn|1
|inactive|eeveesbabydaddy has 30 seconds left.
|
|t:|1757652643
|move|p1b: Whimsicott|Tailwind|p1b: Whimsicott
|-sidestart|p1: eeveesbabydaddy|move: Tailwind
|move|p2b: Theodora|Encore|p1b: Whimsicott
|-start|p1b: Whimsicott|Encore
|move|p1a: Tyranitar|Rock Slide|p2b: Theodora|[spread] p2a
|-miss|p1a: Tyranitar|p2b: Theodora
|-damage|p2a: Sylvester|66/100
|move|p2a: Sylvester|Leaf Storm|p1a: Tyranitar
|-supereffective|p1a: Tyranitar
|-crit|p1a: Tyranitar
|-damage|p1a: Tyranitar|45/100
|-boost|p2a: Sylvester|spa|2
|
|-weather|Sandstorm|[upkeep]
|-damage|p1b: Whimsicott|94/100|[from] Sandstorm
|-damage|p2a: Sylvester|60/100|[from] Sandstorm
|-damage|p2b: Theodora|95/100|[from] Sandstorm
|upkeep
|turn|2
|inactive|eeveesbabydaddy has 30 seconds left.
|inactive|eeveesbabydaddy has 20 seconds left.
|inactive|eeveesbabydaddy has 15 seconds left.
|
|t:|1757652684
|switch|p1b: Archaludon|Archaludon, L50, F, shiny|100/100
|switch|p1a: Dragonite|Dragonite, L50, F, shiny|100/100
|move|p2b: Theodora|Tailwind|p2b: Theodora
|-sidestart|p2: Fairy Juice Jay|move: Tailwind
|move|p2a: Sylvester|Leaf Storm|p1a: Dragonite
|-resisted|p1a: Dragonite
|-damage|p1a: Dragonite|89/100
|-boost|p2a: Sylvester|spa|2
|
|-weather|Sandstorm|[upkeep]
|-damage|p2a: Sylvester|54/100|[from] Sandstorm
|-damage|p1a: Dragonite|83/100|[from] Sandstorm
|-damage|p2b: Theodora|89/100|[from] Sandstorm
|upkeep
|turn|3
|
|t:|1757652704
|move|p2b: Theodora|Fake Tears|p1a: Dragonite
|-unboost|p1a: Dragonite|spd|2
|move|p2a: Sylvester|Tera Blast|p1a: Dragonite
|-damage|p1a: Dragonite|0 fnt
|faint|p1a: Dragonite
|move|p1b: Archaludon|Electro Shot||[still]
|-prepare|p1b: Archaludon|Electro Shot
|-boost|p1b: Archaludon|spa|1
|-enditem|p1b: Archaludon|Power Herb
|-anim|p1b: Archaludon|Electro Shot|p2b: Theodora
|-damage|p2b: Theodora|16/100
|
|-weather|Sandstorm|[upkeep]
|-damage|p2a: Sylvester|48/100|[from] Sandstorm
|-damage|p2b: Theodora|10/100|[from] Sandstorm
|upkeep
|
|t:|1757652720
|switch|p1a: Whimsicott|Whimsicott, L50, F, shiny|94/100
|turn|4
|
|t:|1757652732
|switch|p1a: Tyranitar|Tyranitar, L50, F, shiny|45/100
|move|p2b: Theodora|Fake Tears|p2a: Sylvester
|-boost|p2a: Sylvester|spd|2
|move|p2a: Sylvester|Leech Seed|p1b: Archaludon
|-start|p1b: Archaludon|move: Leech Seed
|move|p1b: Archaludon|Flash Cannon|p2b: Theodora
|-damage|p2b: Theodora|0 fnt
|faint|p2b: Theodora
|
|-weather|Sandstorm|[upkeep]
|-damage|p2a: Sylvester|42/100|[from] Sandstorm
|-damage|p1b: Archaludon|88/100|[from] Leech Seed|[of] p2a: Sylvester
|-heal|p2a: Sylvester|54/100|[silent]
|-sideend|p1: eeveesbabydaddy|move: Tailwind
|upkeep
|
|t:|1757652756
|switch|p2b: Kommo-o|Kommo-o, L50, F|100/100
|turn|5
|j| Nocturne1023
|
|t:|1757652777
|switch|p1b: Whimsicott|Whimsicott, L50, F, shiny|94/100
|-terastallize|p1a: Tyranitar|Grass
|move|p2a: Sylvester|Leaf Storm|p1a: Tyranitar
|-resisted|p1a: Tyranitar
|-damage|p1a: Tyranitar|9/100
|-boost|p2a: Sylvester|spa|2
|move|p2b: Kommo-o|Clanging Scales|p1b: Whimsicott|[spread] p1a
|-immune|p1b: Whimsicott
|-damage|p1a: Tyranitar|0 fnt
|faint|p1a: Tyranitar
|-unboost|p2b: Kommo-o|def|1
|-enditem|p2b: Kommo-o|Throat Spray
|-boost|p2b: Kommo-o|spa|1|[from] item: Throat Spray
|
|-weather|none
|-sideend|p2: Fairy Juice Jay|move: Tailwind
|upkeep
|
|t:|1757652792
|switch|p1a: Archaludon|Archaludon, L50, F, shiny|88/100
|turn|6
|-message|eeveesbabydaddy forfeited.
|
|win|Fairy Juice Jay
|l|☆eeveesbabydaddy
|player|p1|
||eeveesbabydaddy is ready for game 2.
||Fairy Juice Jay is ready for game 2.
|uhtml|next|Next: Game 2 of 3
