|j|☆sbhaga34
|j|☆marcosdeltasena31
|html|sbhaga34marcosdeltasena31    
|uhtml|bestof|Game 1 of a best-of-3
|t:|1757796826
|gametype|doubles
|player|p1|sbhaga34|hugh|1486
|player|p2|marcosdeltasena31|hilbert|1447
|gen|9
|tier|[Gen 9] VGC 2025 Reg H (Bo3)
|rated|
|rule|Species Clause: Limit one of each Pokémon
|rule|Item Clause: Limit 1 of each item
|clearpoke
|poke|p1|Indeedee-F, L50, F|
|poke|p1|Talonflame, L50, F|
|poke|p1|Tyranitar, L50, F|
|poke|p1|Excadrill, L50, M|
|poke|p1|Gardevoir, L50, M|
|poke|p1|Ursaluna-Bloodmoon, L50, M|
|poke|p2|Dragonite, L50, F|
|poke|p2|Sneasler, L50, F|
|poke|p2|Volcarona, L50, F|
|poke|p2|Rillaboom, L50, M|
|poke|p2|Kingambit, L50, F|
|poke|p2|Electabuzz, L50, F|
|teampreview|4
|showteam|p1|Indeedee-F||SafetyGoggles|PsychicSurge|FollowMe,TrickRoom,HelpingHand,Psychic|||F|||50|,,,,,Fairy]Talonflame||CovertCloak|GaleWings|Tailwind,Taunt,FlareBlitz,BraveBird|||F|||50|,,,,,Grass]Tyranitar||WeaknessPolicy|SandStream|RockSlide,KnockOff,LowKick,Protect|||F|||50|,,,,,Flying]Excadrill||FocusSash|SandRush|Earthquake,IronHead,SwordsDance,Protect|||M|||50|,,,,,Ground]Gardevoir||ChoiceScarf|Telepathy|ExpandingForce,Moonblast,IcyWind,Trick|||M|||50|,,,,,Psychic]Ursaluna-Bloodmoon||SilkScarf|MindsEye|BloodMoon,HyperVoice,EarthPower,Protect|||M|||50|,,,,,Normal
|showteam|p2|Dragonite||LoadedDice|Multiscale|ScaleShot,ExtremeSpeed,Haze,Protect|||F|||50|,,,,,Fairy]Sneasler||FocusSash|PoisonTouch|DireClaw,CloseCombat,FakeOut,Coaching|||F|||50|,,,,,Ghost]Volcarona||CovertCloak|FlameBody|HeatWave,TeraBlast,QuiverDance,Protect|||F|||50|,,,,,Fairy]Rillaboom||AssaultVest|GrassySurge|WoodHammer,FakeOut,GrassyGlide,HighHorsepower|||M|||50|,,,,,Fire]Kingambit||BlackGlasses|Defiant|KowtowCleave,SwordsDance,SuckerPunch,Protect|||F|||50|,,,,,Dark]Electabuzz||Eviolite|VitalSpirit|Thunderbolt,FollowMe,Taunt,Protect|||F|||50|,,,,,Ghost
|c|☆sbhaga34|hello again
|c|☆sbhaga34|haha
|
|t:|1757796854
|teamsize|p1|4
|teamsize|p2|4
|start
|switch|p1a: Indeedee|Indeedee-F, L50, F|100/100
|switch|p1b: Excadrill|Excadrill, L50, M, shiny|100/100
|switch|p2a: Kingambit|Kingambit, L50, F|100/100
|switch|p2b: Volcarona|Volcarona, L50, F|100/100
|-fieldstart|move: Psychic Terrain|[from] ability: Psychic Surge|[of] p1a: Indeedee
|turn|1
|
|t:|1757796880
|switch|p1b: Tyranitar|Tyranitar, L50, F|100/100
|-weather|Sandstorm|[from] ability: Sand Stream|[of] p1b: Tyranitar
|-terastallize|p1a: Indeedee|Fairy
|-terastallize|p2a: Kingambit|Dark
|move|p2b: Volcarona|Quiver Dance|p2b: Volcarona
|-boost|p2b: Volcarona|spa|1
|-boost|p2b: Volcarona|spd|1
|-boost|p2b: Volcarona|spe|1
|move|p2a: Kingambit|Kowtow Cleave|p1b: Tyranitar
|-resisted|p1b: Tyranitar
|-damage|p1b: Tyranitar|68/100
|move|p1a: Indeedee|Trick Room|p1a: Indeedee
|-fieldstart|move: Trick Room|[of] p1a: Indeedee
|
|-weather|Sandstorm|[upkeep]
|-damage|p2a: Kingambit|95/100|[from] Sandstorm
|-damage|p2b: Volcarona|94/100|[from] Sandstorm
|upkeep
|turn|2
|
|t:|1757796899
|switch|p2b: Rillaboom|Rillaboom, L50, M|100/100
|-fieldstart|move: Grassy Terrain|[from] ability: Grassy Surge|[of] p2b: Rillaboom
|move|p1a: Indeedee|Helping Hand|p1b: Tyranitar
|-singleturn|p1b: Tyranitar|Helping Hand|[of] p1a: Indeedee
|move|p2a: Kingambit|Kowtow Cleave|p1b: Tyranitar
|-resisted|p1b: Tyranitar
|-damage|p1b: Tyranitar|32/100
|move|p1b: Tyranitar|Rock Slide|p2b: Rillaboom|[spread] p2a,p2b
|-damage|p2a: Kingambit|58/100
|-damage|p2b: Rillaboom|58/100
|
|-weather|Sandstorm|[upkeep]
|-damage|p2a: Kingambit|53/100|[from] Sandstorm
|-damage|p2b: Rillaboom|53/100|[from] Sandstorm
|-heal|p2a: Kingambit|58/100|[from] Grassy Terrain
|-heal|p1b: Tyranitar|38/100|[from] Grassy Terrain
|-heal|p2b: Rillaboom|58/100|[from] Grassy Terrain
|upkeep
|turn|3
|
|t:|1757796918
|switch|p1a: Excadrill|Excadrill, L50, M, shiny|100/100
|move|p1b: Tyranitar|Protect|p1b: Tyranitar
|-singleturn|p1b: Tyranitar|Protect
|move|p2b: Rillaboom|Fake Out|p1b: Tyranitar
|-activate|p1b: Tyranitar|move: Protect
|move|p2a: Kingambit|Kowtow Cleave|p1a: Excadrill
|-enditem|p1a: Excadrill|Focus Sash
|-damage|p1a: Excadrill|1/100
|
|-weather|Sandstorm|[upkeep]
|-damage|p2a: Kingambit|53/100|[from] Sandstorm
|-damage|p2b: Rillaboom|53/100|[from] Sandstorm
|-heal|p2a: Kingambit|58/100|[from] Grassy Terrain
|-heal|p1b: Tyranitar|44/100|[from] Grassy Terrain
|-heal|p2b: Rillaboom|58/100|[from] Grassy Terrain
|-heal|p1a: Excadrill|7/100|[from] Grassy Terrain
|upkeep
|turn|4
|
|t:|1757796943
|switch|p1a: Indeedee|Indeedee-F, L50, F, tera:Fairy|100/100
|-fieldstart|move: Psychic Terrain|[from] ability: Psychic Surge|[of] p1a: Indeedee
|move|p2a: Kingambit|Kowtow Cleave|p1a: Indeedee
|-resisted|p1a: Indeedee
|-damage|p1a: Indeedee|59/100
|move|p1b: Tyranitar|Low Kick|p2a: Kingambit
|-supereffective|p2a: Kingambit
|-damage|p2a: Kingambit|1/100
|move|p2b: Rillaboom|Wood Hammer|p1b: Tyranitar
|-supereffective|p1b: Tyranitar
|-damage|p1b: Tyranitar|0 fnt
|faint|p1b: Tyranitar
|-damage|p2b: Rillaboom|45/100|[from] Recoil
|
|-weather|Sandstorm|[upkeep]
|-damage|p2a: Kingambit|0 fnt|[from] Sandstorm
|-damage|p2b: Rillaboom|39/100|[from] Sandstorm
|faint|p2a: Kingambit
|upkeep
|
|t:|1757796961
|switch|p2a: Volcarona|Volcarona, L50, F|94/100
|switch|p1b: Gardevoir|Gardevoir, L50, M, shiny|100/100
|turn|5
|
|t:|1757796981
|switch|p2b: Sneasler|Sneasler, L50, F|100/100
|move|p1a: Indeedee|Psychic|p2b: Sneasler
|-supereffective|p2b: Sneasler
|-enditem|p2b: Sneasler|Focus Sash
|-damage|p2b: Sneasler|1/100
|-unboost|p2b: Sneasler|spd|1
|move|p2a: Volcarona|Quiver Dance|p2a: Volcarona
|-boost|p2a: Volcarona|spa|1
|-boost|p2a: Volcarona|spd|1
|-boost|p2a: Volcarona|spe|1
|move|p1b: Gardevoir|Expanding Force|p2b: Sneasler|[spread] p2a,p2b
|-supereffective|p2b: Sneasler
|-damage|p2a: Volcarona|54/100
|-damage|p2b: Sneasler|0 fnt
|faint|p2b: Sneasler
|
|-weather|none
|-fieldend|move: Trick Room
|upkeep
|
|t:|1757796994
|switch|p2b: Rillaboom|Rillaboom, L50, M|39/100
|-fieldstart|move: Grassy Terrain|[from] ability: Grassy Surge|[of] p2b: Rillaboom
|turn|6
|
|t:|1757797001
|move|p2b: Rillaboom|Fake Out|p1a: Indeedee
|-damage|p1a: Indeedee|46/100
|move|p2a: Volcarona|Heat Wave|p1a: Indeedee|[spread] p1a,p1b
|-damage|p1a: Indeedee|2/100
|-damage|p1b: Gardevoir|50/100
|-status|p1a: Indeedee|brn
|move|p1b: Gardevoir|Expanding Force|p2b: Rillaboom
|-damage|p2b: Rillaboom|13/100
|cant|p1a: Indeedee|flinch
|
|-heal|p2a: Volcarona|60/100|[from] Grassy Terrain
|-heal|p1b: Gardevoir|55/100|[from] Grassy Terrain
|-heal|p2b: Rillaboom|18/100|[from] Grassy Terrain
|-heal|p1a: Indeedee|8/100 brn|[from] Grassy Terrain
|-damage|p1a: Indeedee|2/100 brn|[from] brn
|upkeep
|turn|7
|-message|sbhaga34 forfeited.
|
|win|marcosdeltasena31
|l|☆sbhaga34
|player|p1|
||sbhaga34 is ready for game 2.
||sbhaga34 is ready for game 2.
|inactive|marcosdeltasena31 has 30 seconds to confirm battle start!
||marcosdeltasena31 is ready for game 2.
|uhtml|next|Next: Game 2 of 3
