|j|☆Echoes4
|j|☆fylekull
|html|Echoes4fylekull    
|uhtml|bestof|Game 2 of a best-of-3
|t:|1785028630
|gametype|doubles
|player|p1|Echoes4|2|
|player|p2|fylekull|266|
|gen|9
|tier|[Gen 9 Champions] VGC 2026 Reg M-B (Bo3)
|rule|Species Clause: Limit one of each Pokémon
|rule|Item Clause: Limit 1 of each item
|clearpoke
|poke|p1|Swampert, L50, M|
|poke|p1|Kingambit, L50, M|
|poke|p1|Dragonite, L50, F|
|poke|p1|Scizor, L50, M|
|poke|p1|Overqwil, L50, F|
|poke|p1|Sableye, L50, M|
|poke|p2|Blaziken, L50, F|
|poke|p2|Klefki, L50, M|
|poke|p2|Skarmory, L50, M|
|poke|p2|Weavile, L50, M|
|poke|p2|Cofagrigus, L50, F|
|poke|p2|Greninja, L50, M|
|teampreview|4
|showteam|p1|Swampert||Swampertite|Torrent|WaveCrash,Protect,RockSlide,HighHorsepower|Adamant||M|||50|]Kingambit||BlackGlasses|Defiant|Protect,SuckerPunch,KowtowCleave,IronHead|Adamant||M|||50|]Dragonite||Dragoninite|Multiscale|Hurricane,Protect,Thunder,Flamethrower|Modest||F|||50|]Scizor||LifeOrb|Technician|BugBite,BulletPunch,Tailwind,QuickGuard|Adamant||M|||50|]Overqwil||Leftovers|Intimidate|Crunch,Liquidation,RainDance,Toxic|Careful||F|||50|]Sableye||SitrusBerry|Prankster|FoulPlay,RainDance,Quash,Protect|Calm||M|||50|
|showteam|p2|Blaziken||Blazikenite|SpeedBoost|Protect,FlareBlitz,CloseCombat,BulkUp|Adamant||F|||50|]Klefki||LightClay|Prankster|RainDance,Reflect,DazzlingGleam,Imprison|Timid||M|||50|]Skarmory||Leftovers|Sturdy|BodyPress,IronDefense,Roost,Protect|Impish||M|||50|]Weavile||FocusSash|Pickpocket|TripleAxel,BrickBreak,FakeOut,Protect|Adamant||M|||50|]Cofagrigus||ColburBerry|Mummy|BodyPress,Haze,WillOWisp,AllySwitch|Bold||F|||50|]Greninja||LifeOrb|Protean|GrassKnot,MudShot,IceBeam,Protect|Modest||M|||50|
|
|t:|1785028855
|teamsize|p1|4
|teamsize|p2|4
|start
|switch|p1a: Kingambit|Kingambit, L50, M|100/100
|switch|p1b: Overqwil|Overqwil, L50, F|100/100
|switch|p2a: Klefki|Klefki, L50, M|100/100
|switch|p2b: Weavile|Weavile, L50, M|100/100
|-ability|p1b: Overqwil|Intimidate|boost
|-unboost|p2a: Klefki|atk|1
|-unboost|p2b: Weavile|atk|1
|turn|1
|
|t:|1785028936
|move|p2b: Weavile|Fake Out|p1b: Overqwil
|-damage|p1b: Overqwil|91/100
|move|p2a: Klefki|Reflect|p2a: Klefki
|-sidestart|p2: fylekull|Reflect
|cant|p1b: Overqwil|flinch
|move|p1a: Kingambit|Iron Head|p2b: Weavile
|-supereffective|p2b: Weavile|1
|-damage|p2b: Weavile|1/100
|
|-heal|p1b: Overqwil|97/100|[from] item: Leftovers
|upkeep
|turn|2
|
|t:|1785028973
|move|p2b: Weavile|Protect|p2b: Weavile
|-singleturn|p2b: Weavile|Protect
|move|p2a: Klefki|Imprison|p2a: Klefki
|-start|p2a: Klefki|move: Imprison
|move|p1b: Overqwil|Liquidation|p2b: Weavile
|-activate|p2b: Weavile|move: Protect
|move|p1a: Kingambit|Kowtow Cleave|p2a: Klefki
|-resisted|p2a: Klefki|1
|-damage|p2a: Klefki|78/100
|
|-heal|p1b: Overqwil|100/100|[from] item: Leftovers
|upkeep
|turn|3
|
|t:|1785029007
|switch|p2b: Cofagrigus|Cofagrigus, L50, F|100/100
|move|p2a: Klefki|Dazzling Gleam|p1a: Kingambit|[spread] p1a,p1b
|-damage|p1a: Kingambit|84/100
|-damage|p1b: Overqwil|79/100
|move|p1b: Overqwil|Liquidation|p2a: Klefki
|-damage|p2a: Klefki|62/100
|move|p1a: Kingambit|Kowtow Cleave|p2b: Cofagrigus
|-supereffective|p2b: Cofagrigus|1
|-enditem|p2b: Cofagrigus|Colbur Berry|[eat]
|-enditem|p2b: Cofagrigus|Colbur Berry|[weaken]
|-damage|p2b: Cofagrigus|75/100
|-activate|p2b: Cofagrigus|ability: Mummy|p1a: Kingambit|[ability] Defiant
|
|-heal|p1b: Overqwil|85/100|[from] item: Leftovers
|upkeep
|turn|4
|
|t:|1785029067
|move|p1a: Kingambit|Protect|p1a: Kingambit
|-singleturn|p1a: Kingambit|Protect
|move|p2a: Klefki|Dazzling Gleam|p1a: Kingambit|[spread] p1b
|-activate|p1a: Kingambit|move: Protect
|-damage|p1b: Overqwil|66/100
|move|p1b: Overqwil|Toxic|p2a: Klefki
|-immune|p2a: Klefki
|move|p2b: Cofagrigus|Body Press|p1a: Kingambit
|-activate|p1a: Kingambit|move: Protect
|
|-heal|p1b: Overqwil|72/100|[from] item: Leftovers
|upkeep
|turn|5
|
|t:|1785029101
|switch|p1a: Dragonite|Dragonite, L50, F|100/100
|move|p2a: Klefki|Dazzling Gleam|p1b: Overqwil|[spread] p1a,p1b
|-supereffective|p1a: Dragonite|1
|-damage|p1a: Dragonite|82/100
|-damage|p1b: Overqwil|53/100
|move|p1b: Overqwil|Toxic|p2b: Cofagrigus
|-status|p2b: Cofagrigus|tox
|move|p2b: Cofagrigus|Body Press|p1a: Dragonite
|-resisted|p1a: Dragonite|1
|-damage|p1a: Dragonite|62/100
|
|-heal|p1b: Overqwil|59/100|[from] item: Leftovers
|-damage|p2b: Cofagrigus|69/100 tox|[from] psn
|upkeep
|turn|6
|
|t:|1785029158
|detailschange|p1a: Dragonite|Dragonite-Mega, L50, F
|-mega|p1a: Dragonite|Dragonite|Dragoninite
|move|p1a: Dragonite|Flamethrower|p2b: Cofagrigus
|-damage|p2b: Cofagrigus|28/100 tox
|move|p2a: Klefki|Dazzling Gleam|p1a: Dragonite|[spread] p1a,p1b
|-supereffective|p1a: Dragonite|1
|-damage|p1a: Dragonite|31/100
|-damage|p1b: Overqwil|41/100
|move|p1b: Overqwil|Crunch|p2b: Cofagrigus
|-supereffective|p2b: Cofagrigus|1
|-damage|p2b: Cofagrigus|1/100 tox
|-activate|p2b: Cofagrigus|ability: Mummy|p1b: Overqwil|[ability] Intimidate
|move|p2b: Cofagrigus|Body Press|p1b: Overqwil
|-damage|p1b: Overqwil|10/100
|
|-heal|p1b: Overqwil|17/100|[from] item: Leftovers
|-damage|p2b: Cofagrigus|0 fnt|[from] psn
|faint|p2b: Cofagrigus
|upkeep
|
|t:|1785029175
|switch|p2b: Weavile|Weavile, L50, M|1/100
|turn|7
|
|t:|1785029215
|switch|p1a: Scizor|Scizor, L50, M|100/100
|move|p2b: Weavile|Fake Out|p1a: Scizor
|-resisted|p1a: Scizor|1
|-damage|p1a: Scizor|93/100
|move|p2a: Klefki|Dazzling Gleam|p1a: Scizor|[spread] p1a,p1b
|-resisted|p1a: Scizor|1
|-damage|p1a: Scizor|81/100
|-damage|p1b: Overqwil|0 fnt
|faint|p1b: Overqwil
|
|upkeep
|
|t:|1785029239
|switch|p1b: Kingambit|Kingambit, L50, M|84/100
|turn|8
|
|t:|1785029269
|move|p2b: Weavile|Protect|p2b: Weavile
|-singleturn|p2b: Weavile|Protect
|move|p1a: Scizor|Bullet Punch|p2b: Weavile
|-activate|p2b: Weavile|move: Protect
|move|p1b: Kingambit|Sucker Punch||[still]
|-fail|p1b: Kingambit
|move|p2a: Klefki|Dazzling Gleam|p1b: Kingambit|[spread] p1a,p1b
|-resisted|p1a: Scizor|1
|-damage|p1a: Scizor|69/100
|-damage|p1b: Kingambit|70/100
|
|-sideend|p2: fylekull|Reflect
|upkeep
|turn|9
|
|t:|1785029295
|switch|p2b: Greninja|Greninja, L50, M|100/100
|move|p1a: Scizor|Bullet Punch|p2b: Greninja
|-resisted|p2b: Greninja|1
|-damage|p2b: Greninja|70/100
|-damage|p1a: Scizor|60/100|[from] item: Life Orb
|move|p2a: Klefki|Dazzling Gleam|p1a: Scizor|[spread] p1a,p1b
|-resisted|p1a: Scizor|1
|-damage|p1a: Scizor|49/100
|-damage|p1b: Kingambit|52/100
|move|p1b: Kingambit|Iron Head|p2a: Klefki
|-damage|p2a: Klefki|12/100
|
|upkeep
|turn|10
|
|t:|1785029328
|move|p2b: Greninja|Protect|p2b: Greninja
|-start|p2b: Greninja|typechange|Normal|[from] ability: Protean
|-singleturn|p2b: Greninja|Protect
|move|p2a: Klefki|Reflect|p2a: Klefki
|-sidestart|p2: fylekull|Reflect
|move|p1a: Scizor|Tailwind|p1a: Scizor
|-sidestart|p1: Echoes4|move: Tailwind
|move|p1b: Kingambit|Iron Head|p2a: Klefki
|-damage|p2a: Klefki|0 fnt
|faint|p2a: Klefki
|
|upkeep
|
|t:|1785029338
|switch|p2a: Weavile|Weavile, L50, M|1/100
|turn|11
|
|t:|1785029365
|move|p2a: Weavile|Protect|p2a: Weavile
|-singleturn|p2a: Weavile|Protect
|move|p1a: Scizor|Quick Guard|p1a: Scizor
|-singleturn|p1a: Scizor|Quick Guard
|move|p2b: Greninja|Mud Shot|p1b: Kingambit
|-supereffective|p1b: Kingambit|1
|-damage|p1b: Kingambit|10/100
|-unboost|p1b: Kingambit|spe|1
|-ability|p1b: Kingambit|Defiant|boost
|-boost|p1b: Kingambit|atk|2
|-damage|p2b: Greninja|61/100|[from] item: Life Orb
|move|p1b: Kingambit|Iron Head|p2a: Weavile
|-activate|p2a: Weavile|move: Protect
|
|upkeep
|turn|12
|
|t:|1785029395
|move|p2b: Greninja|Protect|p2b: Greninja
|-singleturn|p2b: Greninja|Protect
|move|p1a: Scizor|Bullet Punch|p2a: Weavile
|-supereffective|p2a: Weavile|1
|-damage|p2a: Weavile|0 fnt
|faint|p2a: Weavile
|-damage|p1a: Scizor|39/100|[from] item: Life Orb
|move|p1b: Kingambit|Sucker Punch||[still]
|-fail|p1b: Kingambit
|
|upkeep
|turn|13
|
|t:|1785029412
|move|p1b: Kingambit|Sucker Punch|p2b: Greninja
|-damage|p2b: Greninja|0 fnt
|faint|p2b: Greninja
|
|win|Echoes4
|c|☆fylekull|gg
|c|☆Echoes4|gg
