|j|☆ProfessorSorin
|j|☆Pom123123123
|html|ProfessorSorinPom123123123    
|uhtml|bestof|Game 3 of a best-of-3
|t:|1784521361
|gametype|doubles
|player|p1|ProfessorSorin|169|1142
|player|p2|Pom123123123|wattson|1157
|gen|9
|tier|[Gen 9 Champions] VGC 2026 Reg M-B (Bo3)
|rated|
|rule|Species Clause: Limit one of each Pokémon
|rule|Item Clause: Limit 1 of each item
|clearpoke
|poke|p1|Farigiraf, L50, M, shiny|
|poke|p1|Blastoise, L50, M, shiny|
|poke|p1|Sylveon, L50, F, shiny|
|poke|p1|Torkoal, L50, M, shiny|
|poke|p1|Vileplume, L50, F, shiny|
|poke|p1|Kingambit, L50, M, shiny|
|poke|p2|Gengar, L50, M|
|poke|p2|Archaludon, L50, M|
|poke|p2|Politoed, L50, F|
|poke|p2|Swampert, L50, F|
|poke|p2|Vivillon, L50, F|
|poke|p2|Incineroar, L50, F|
|teampreview|4
|showteam|p1|Farigiraf||ColburBerry|ArmorTail|TrickRoom,Protect,Imprison,Psychic|Relaxed||M|||50|]Blastoise||Blastoisinite|RainDish|WaterSpout,AuraSphere,DarkPulse,FakeOut|Quiet||M|||50|]Sylveon||FairyFeather|Pixilate|HyperVoice,MysticalFire,CalmMind,Detect|Quiet||F|||50|]Torkoal||Charcoal|Drought|Eruption,HeatWave,Protect,WeatherBall|Quiet||M|||50|]Vileplume||FocusSash|Chlorophyll|AfterYou,EnergyBall,SludgeBomb,SleepPowder|Timid||F|||50|]Kingambit||BlackGlasses|Defiant|KowtowCleave,IronHead,SuckerPunch,Protect|Brave||M|||50|
|showteam|p2|Gengar||Gengarite|CursedBody|ShadowBall,SludgeBomb,PerishSong,Protect|Modest||M|||50|]Archaludon||Leftovers|Stamina|ElectroShot,DragonPulse,FlashCannon,Protect|Bold||M|||50|]Politoed||SitrusBerry|Drizzle|WeatherBall,Hypnosis,PerishSong,Protect|Calm||F|||50|]Swampert||Swampertite|Torrent|WaveCrash,Earthquake,IcePunch,Protect|Adamant||F|||50|]Vivillon||FocusSash|CompoundEyes|Hurricane,SleepPowder,RagePowder,Protect|Timid||F|||50|]Incineroar||PasshoBerry|Intimidate|ThroatChop,FakeOut,PartingShot,Protect|Impish||F|||50|
|inactive|Battle timer is ON: inactive players will automatically lose when time's up. (requested by Pom123123123)
|inactive|ProfessorSorin has 60 seconds left.
|inactive|Pom123123123 has 60 seconds left.
|
|t:|1784521406
|teamsize|p1|4
|teamsize|p2|4
|start
|switch|p1a: Blastoise|Blastoise, L50, M, shiny|100/100
|switch|p1b: Kingambit|Kingambit, L50, M, shiny|100/100
|switch|p2a: Swampert|Swampert, L50, F|100/100
|switch|p2b: Vivillon|Vivillon, L50, F|100/100
|turn|1
|inactive|ProfessorSorin has 30 seconds left.
|
|t:|1784521433
|detailschange|p2a: Swampert|Swampert-Mega, L50, F
|-mega|p2a: Swampert|Swampert|Swampertite
|detailschange|p1a: Blastoise|Blastoise-Mega, L50, M, shiny
|-mega|p1a: Blastoise|Blastoise|Blastoisinite
|move|p1a: Blastoise|Fake Out|p2a: Swampert
|-damage|p2a: Swampert|91/100
|move|p2b: Vivillon|Sleep Powder|p1b: Kingambit
|-status|p1b: Kingambit|slp|[from] move: Sleep Powder
|cant|p2a: Swampert|flinch
|cant|p1b: Kingambit|slp
|
|upkeep
|turn|2
|
|t:|1784521449
|move|p2b: Vivillon|Sleep Powder|p1a: Blastoise
|-status|p1a: Blastoise|slp|[from] move: Sleep Powder
|move|p2a: Swampert|Earthquake|p1a: Blastoise|[spread] p1a,p1b
|-immune|p2b: Vivillon
|-supereffective|p1b: Kingambit|1
|-damage|p1a: Blastoise|59/100 slp
|-damage|p1b: Kingambit|35/100 slp
|cant|p1a: Blastoise|slp
|-curestatus|p1b: Kingambit|slp|[msg]
|move|p1b: Kingambit|Kowtow Cleave|p2b: Vivillon
|-enditem|p2b: Vivillon|Focus Sash
|-damage|p2b: Vivillon|1/100
|
|upkeep
|turn|3
|
|t:|1784521469
|move|p1b: Kingambit|Sucker Punch|p2a: Swampert
|-damage|p2a: Swampert|47/100
|move|p2b: Vivillon|Hurricane|p1a: Blastoise
|-damage|p1a: Blastoise|20/100y slp
|move|p2a: Swampert|Earthquake|p1b: Kingambit|[spread] p1a,p1b
|-immune|p2b: Vivillon
|-supereffective|p1b: Kingambit|1
|-damage|p1a: Blastoise|0 fnt
|-damage|p1b: Kingambit|0 fnt
|faint|p1a: Blastoise
|faint|p1b: Kingambit
|
|upkeep
|
|t:|1784521472
|switch|p1a: Farigiraf|Farigiraf, L50, M, shiny|100/100
|switch|p1b: Torkoal|Torkoal, L50, M, shiny|100/100
|-weather|SunnyDay|[from] ability: Drought|[of] p1b: Torkoal
|turn|4
|
|t:|1784521488
|switch|p2b: Politoed|Politoed, L50, F|100/100
|-weather|RainDance|[from] ability: Drizzle|[of] p2b: Politoed
|move|p2a: Swampert|Wave Crash|p1a: Farigiraf
|-damage|p1a: Farigiraf|16/100
|-damage|p2a: Swampert|11/100|[from] Recoil
|move|p1b: Torkoal|Heat Wave|p2a: Swampert|[spread] p2a,p2b
|-resisted|p2a: Swampert|1
|-resisted|p2b: Politoed|1
|-damage|p2a: Swampert|3/100
|-damage|p2b: Politoed|92/100
|move|p1a: Farigiraf|Trick Room|p1a: Farigiraf
|-fieldstart|move: Trick Room|[of] p1a: Farigiraf
|
|-weather|RainDance|[upkeep]
|upkeep
|turn|5
|
|t:|1784521511
|move|p1b: Torkoal|Heat Wave|p2a: Swampert|[spread] p2a,p2b
|-resisted|p2a: Swampert|1
|-resisted|p2b: Politoed|1
|-damage|p2a: Swampert|0 fnt
|-damage|p2b: Politoed|86/100
|faint|p2a: Swampert
|move|p1a: Farigiraf|Imprison|p1a: Farigiraf
|-start|p1a: Farigiraf|move: Imprison
|move|p2b: Politoed|Perish Song|p2b: Politoed
|-start|p1a: Farigiraf|perish3|[silent]
|-start|p1b: Torkoal|perish3|[silent]
|-start|p2b: Politoed|perish3|[silent]
|-fieldactivate|move: Perish Song
|
|-weather|RainDance|[upkeep]
|-start|p1b: Torkoal|perish3
|-start|p1a: Farigiraf|perish3
|-start|p2b: Politoed|perish3
|upkeep
|
|t:|1784521525
|switch|p2a: Archaludon|Archaludon, L50, M|100/100
|turn|6
|
|t:|1784521537
|move|p1b: Torkoal|Heat Wave|p2b: Politoed|[spread] p2b
|-miss|p1b: Torkoal|p2a: Archaludon
|-resisted|p2b: Politoed|1
|-damage|p2b: Politoed|79/100
|move|p1a: Farigiraf|Psychic|p2a: Archaludon
|-resisted|p2a: Archaludon|1
|-damage|p2a: Archaludon|82/100
|-ability|p2a: Archaludon|Stamina|boost
|-boost|p2a: Archaludon|def|1
|move|p2b: Politoed|Weather Ball|p1a: Farigiraf
|-damage|p1a: Farigiraf|0 fnt
|faint|p1a: Farigiraf
|move|p2a: Archaludon|Electro Shot||[still]
|-prepare|p2a: Archaludon|Electro Shot
|-boost|p2a: Archaludon|spa|1
|-anim|p2a: Archaludon|Electro Shot|p1b: Torkoal
|-damage|p1b: Torkoal|25/100
|
|-weather|RainDance|[upkeep]
|-heal|p2a: Archaludon|88/100|[from] item: Leftovers
|-start|p1b: Torkoal|perish2
|-start|p2b: Politoed|perish2
|upkeep
|turn|7
|
|t:|1784521556
|move|p1b: Torkoal|Heat Wave|p2a: Archaludon|[spread] p2a,p2b
|-resisted|p2b: Politoed|1
|-damage|p2a: Archaludon|72/100
|-damage|p2b: Politoed|71/100
|-ability|p2a: Archaludon|Stamina|boost
|-boost|p2a: Archaludon|def|1
|move|p2b: Politoed|Weather Ball|p1b: Torkoal
|-supereffective|p1b: Torkoal|1
|-damage|p1b: Torkoal|0 fnt
|faint|p1b: Torkoal
|
|win|Pom123123123
|raw|ProfessorSorin's rating: 1142 → 1118(-24 for losing)
|raw|Pom123123123's rating: 1157 → 1181(+24 for winning)
|l|☆Pom123123123
|player|p2|
