|j|Ōśåethnol1816
|j|Ōśåenigmaeuw
|html|ethnol1816enigmaeuw    
|uhtml|bestof|Game 3 of a best-of-3
|t:|1757631452
|gametype|doubles
|player|p1|ethnol1816|boarder|
|player|p2|enigmaeuw|ingo|
|gen|9
|tier|[Gen 9] VGC 2025 Reg H (Bo3)
|rule|Species Clause: Limit one of each Pok├®mon
|rule|Item Clause: Limit 1 of each item
|clearpoke
|poke|p1|Sneasler, L50, M|
|poke|p1|Dragapult, L50, F|
|poke|p1|Primarina, L50, M|
|poke|p1|Rillaboom, L50, F|
|poke|p1|Kingambit, L50, M|
|poke|p1|Magmar, L50, F|
|poke|p2|Pelipper, L50, M|
|poke|p2|Archaludon, L50, F|
|poke|p2|Incineroar, L50, M|
|poke|p2|Hydreigon, L50, F|
|poke|p2|Ursaluna, L50, F|
|poke|p2|Amoonguss, L50, F|
|teampreview|4
|showteam|p1|Sneasler||FocusSash|PoisonTouch|CloseCombat,DireClaw,FakeOut,Protect|||M|||50|,,,,,Stellar]Dragapult||ChoiceBand|ClearBody|DragonDarts,TeraBlast,PhantomForce,Uturn|||F|||50|,,,,,Ghost]Primarina||SitrusBerry|LiquidVoice|HyperVoice,Moonblast,Haze,Protect|||M|||50|,,,,,Water]Rillaboom||AssaultVest|GrassySurge|WoodHammer,GrassyGlide,HighHorsepower,FakeOut|||F|||50|,,,,,Fire]Kingambit||BlackGlasses|Defiant|KowtowCleave,SuckerPunch,SwordsDance,Protect|||M|||50|,,,,,Ghost]Magmar||Eviolite|VitalSpirit|Overheat,WillOWisp,FollowMe,Protect|||F|||50|,,,,,Ghost
|showteam|p2|Pelipper||CovertCloak|Drizzle|WeatherBall,Hurricane,Tailwind,Protect|||M|||50|,,,,,Grass]Archaludon||AssaultVest|Stamina|ElectroShot,BodyPress,DracoMeteor,FlashCannon|||F|||50|,,,,,Bug]Incineroar||RockyHelmet|Intimidate|FlareBlitz,KnockOff,FakeOut,PartingShot|||M|||50|,,,,,Grass]Hydreigon||SafetyGoggles|Levitate|Snarl,DracoMeteor,Tailwind,Protect|||F|||50|,,,,,Poison]Ursaluna||FlameOrb|Guts|Facade,Earthquake,HeadlongRush,Protect|||F|||50|,,,,,Ghost]Amoonguss||SitrusBerry|Regenerator|Spore,RagePowder,PollenPuff,Protect|||F|||50|,,,,,Water
|inactive|Battle timer is ON: inactive players will automatically lose when time's up. (requested by ethnol1816)
|inactive|enigmaeuw also wants the timer to be on.
|inactive|enigmaeuw has 60 seconds left.
|
|t:|1757631483
|teamsize|p1|4
|teamsize|p2|4
|start
|switch|p1a: Dragapult|Dragapult, L50, F|100/100
|switch|p1b: Kingambit|Kingambit, L50, M|100/100
|switch|p2a: Pelipper|Pelipper, L50, M|100/100
|switch|p2b: Archaludon|Archaludon, L50, F|100/100
|-weather|RainDance|[from] ability: Drizzle|[of] p2a: Pelipper
|turn|1
|
|t:|1757631500
|-terastallize|p1b: Kingambit|Ghost
|move|p1a: Dragapult|Dragon Darts|p2b: Archaludon
|-damage|p2b: Archaludon|77/100
|-ability|p2b: Archaludon|Stamina|boost
|-boost|p2b: Archaludon|def|1
|-anim|p1a: Dragapult|Dragon Darts|p2a: Pelipper
|-damage|p2a: Pelipper|64/100
|move|p2a: Pelipper|Tailwind|p2a: Pelipper
|-sidestart|p2: enigmaeuw|move: Tailwind
|move|p2b: Archaludon|Draco Meteor|p1a: Dragapult
|-supereffective|p1a: Dragapult
|-damage|p1a: Dragapult|0 fnt
|-unboost|p2b: Archaludon|spa|2
|faint|p1a: Dragapult
|move|p1b: Kingambit|Swords Dance|p1b: Kingambit
|-boost|p1b: Kingambit|atk|2
|
|-weather|RainDance|[upkeep]
|upkeep
|
|t:|1757631508
|switch|p1a: Sneasler|Sneasler, L50, M|100/100
|turn|2
|inactive|enigmaeuw has 30 seconds left.
|inactive|enigmaeuw has 20 seconds left.
|
|t:|1757631547
|-terastallize|p2b: Archaludon|Bug
|move|p1b: Kingambit|Sucker Punch|p2a: Pelipper
|-damage|p2a: Pelipper|0 fnt
|faint|p2a: Pelipper
|move|p2b: Archaludon|Electro Shot||[still]
|-prepare|p2b: Archaludon|Electro Shot
|-boost|p2b: Archaludon|spa|1
|-anim|p2b: Archaludon|Electro Shot|p1b: Kingambit
|-damage|p1b: Kingambit|77/100
|move|p1a: Sneasler|Dire Claw|p2b: Archaludon
|-damage|p2b: Archaludon|60/100
|-status|p2b: Archaludon|psn
|-ability|p2b: Archaludon|Stamina|boost
|-boost|p2b: Archaludon|def|1
|
|-weather|RainDance|[upkeep]
|-damage|p2b: Archaludon|48/100 psn|[from] psn
|upkeep
|
|t:|1757631564
|switch|p2a: Ursaluna|Ursaluna, L50, F|100/100
|turn|3
|
|t:|1757631581
|move|p2a: Ursaluna|Protect|p2a: Ursaluna
|-singleturn|p2a: Ursaluna|Protect
|move|p1b: Kingambit|Sucker Punch|p2b: Archaludon
|-damage|p2b: Archaludon|20/100 psn
|-ability|p2b: Archaludon|Stamina|boost
|-boost|p2b: Archaludon|def|1
|move|p2b: Archaludon|Electro Shot||[still]
|-prepare|p2b: Archaludon|Electro Shot
|-boost|p2b: Archaludon|spa|1
|-anim|p2b: Archaludon|Electro Shot|p1a: Sneasler
|-damage|p1a: Sneasler|47/100
|move|p1a: Sneasler|Close Combat|p2a: Ursaluna
|-activate|p2a: Ursaluna|move: Protect
|
|-weather|RainDance|[upkeep]
|-damage|p2b: Archaludon|8/100 psn|[from] psn
|-status|p2a: Ursaluna|brn|[from] item: Flame Orb
|upkeep
|turn|4
|inactive|enigmaeuw has 30 seconds left.
|
|t:|1757631609
|move|p1a: Sneasler|Protect|p1a: Sneasler
|-singleturn|p1a: Sneasler|Protect
|move|p1b: Kingambit|Protect|p1b: Kingambit
|-singleturn|p1b: Kingambit|Protect
|move|p2b: Archaludon|Electro Shot||[still]
|-prepare|p2b: Archaludon|Electro Shot
|-boost|p2b: Archaludon|spa|1
|-anim|p2b: Archaludon|Electro Shot|p1b: Kingambit
|-activate|p1b: Kingambit|move: Protect
|move|p2a: Ursaluna|Earthquake|p1b: Kingambit|[spread] p2b
|-activate|p1a: Sneasler|move: Protect
|-activate|p1b: Kingambit|move: Protect
|-resisted|p2b: Archaludon
|-damage|p2b: Archaludon|0 fnt
|faint|p2b: Archaludon
|
|-weather|RainDance|[upkeep]
|-damage|p2a: Ursaluna|94/100 brn|[from] brn
|-sideend|p2: enigmaeuw|move: Tailwind
|upkeep
|
|t:|1757631614
|switch|p2b: Incineroar|Incineroar, L50, M|100/100
|-ability|p2b: Incineroar|Intimidate|boost
|-unboost|p1a: Sneasler|atk|1
|-unboost|p1b: Kingambit|atk|1
|-ability|p1b: Kingambit|Defiant|boost
|-boost|p1b: Kingambit|atk|2
|turn|5
|c|Ōśåenigmaeuw|i did the thing again
|c|Ōśåethnol1816|dw
|
|t:|1757631638
|move|p2a: Ursaluna|Protect|p2a: Ursaluna
|-singleturn|p2a: Ursaluna|Protect
|move|p1a: Sneasler|Close Combat|p2a: Ursaluna
|-activate|p2a: Ursaluna|move: Protect
|move|p2b: Incineroar|Knock Off|p1b: Kingambit
|-supereffective|p1b: Kingambit
|-damage|p1b: Kingambit|22/100
|-enditem|p1b: Kingambit|Black Glasses|[from] move: Knock Off|[of] p2b: Incineroar
|move|p1b: Kingambit|Kowtow Cleave|p2a: Ursaluna
|-activate|p2a: Ursaluna|move: Protect
|
|-weather|none
|-damage|p2a: Ursaluna|88/100 brn|[from] brn
|upkeep
|turn|6
|
|t:|1757631661
|switch|p1a: Primarina|Primarina, L50, M|100/100
|move|p1b: Kingambit|Sucker Punch|p2b: Incineroar
|-resisted|p2b: Incineroar
|-damage|p2b: Incineroar|54/100
|-damage|p1b: Kingambit|6/100|[from] item: Rocky Helmet|[of] p2b: Incineroar
|move|p2a: Ursaluna|Facade|p1a: Primarina
|-damage|p1a: Primarina|0 fnt
|faint|p1a: Primarina
|move|p2b: Incineroar|Knock Off|p1b: Kingambit
|-supereffective|p1b: Kingambit
|-damage|p1b: Kingambit|0 fnt
|faint|p1b: Kingambit
|
|-damage|p2a: Ursaluna|82/100 brn|[from] brn
|upkeep
|
|t:|1757631670
|switch|p1b: Sneasler|Sneasler, L50, M|47/100
|turn|7
|c|Ōśåethnol1816|i did the thing again lmaaaoooo
|c|Ōśåethnol1816|hard read too hard there lmao
|
|t:|1757631688
|move|p1b: Sneasler|Close Combat|p2a: Ursaluna
|-supereffective|p2a: Ursaluna
|-damage|p2a: Ursaluna|0 fnt
|-unboost|p1b: Sneasler|def|1
|-unboost|p1b: Sneasler|spd|1
|faint|p2a: Ursaluna
|move|p2b: Incineroar|Flare Blitz|p1b: Sneasler
|-damage|p1b: Sneasler|0 fnt
|faint|p1b: Sneasler
|-damage|p2b: Incineroar|42/100|[from] Recoil
|
|win|enigmaeuw
|c|Ōśåenigmaeuw|u mega sold
|c|Ōśåethnol1816|yh
|c|Ōśåenigmaeuw|what did u even try to read
|c|Ōśåethnol1816|i thought youd protect ursa again to avoid a sucker ­¤śŁ
|c|Ōśåethnol1816|so i suckered incin and swapped
|c|Ōśåenigmaeuw|cc into either slot is so free
|c|Ōśåethnol1816|yh
|c|Ōśåethnol1816|i went too far into thinking
|c|Ōśåethnol1816|and with arch i dired into it thinking youd swap to amoong
|c|Ōśåethnol1816|didnt think youd bring incin
|c|Ōśåenigmaeuw|lol
|c|Ōśåenigmaeuw|shit happens
|c|Ōśåethnol1816|tbh i dont think i did that horrific for first time on this
|c|Ōśåenigmaeuw|no
|c|Ōśåenigmaeuw|u could for sure do way better tho
|c|Ōśåenigmaeuw|but yuea
|c|Ōśåenigmaeuw|as u said
|c|Ōśåethnol1816|oh yeah for sure
|c|Ōśåenigmaeuw|first time on the team
|c|Ōśåethnol1816|game 1 was a scouting icl
|c|Ōśåethnol1816|so im ok with being battered
|c|Ōśåenigmaeuw|my arch went crazy g1
|c|Ōśåethnol1816|fr
|c|Ōśåenigmaeuw|btw
|c|Ōśåethnol1816|im so used to ripping sunny day heatwave raaah arch dead
|c|Ōśåethnol1816|yh?
|c|Ōśåenigmaeuw|i made a list of possible eu balance leads
|c|Ōśåenigmaeuw|of actual good ones
|c|Ōśåenigmaeuw|(not sneasler rilla LMAO)
|c|Ōśåethnol1816|gotcha
|c|Ōśåethnol1816|lmao oopy
|c|Ōśåenigmaeuw|anywhos
|c|Ōśåenigmaeuw|thx for the set
