|j|☆PigsPigsPigsPigs
|j|☆koronops5
|html|PigsPigsPigsPigskoronops5    
|uhtml|bestof|Game 1 of a best-of-3
|t:|1756585836
|gametype|doubles
|player|p1|PigsPigsPigsPigs|marley|1095
|player|p2|koronops5|102|1134
|gen|9
|tier|[Gen 9] VGC 2025 Reg H (Bo3)
|rated|
|rule|Species Clause: Limit one of each Pokémon
|rule|Item Clause: Limit 1 of each item
|clearpoke
|poke|p1|Garchomp, L50, F|
|poke|p1|Maushold-Four, L50|
|poke|p1|Corviknight, L50, M|
|poke|p1|Volcarona, L50, F|
|poke|p1|Rillaboom, L50, M|
|poke|p1|Sneasler, L50, F|
|poke|p2|Charizard, L50, F|
|poke|p2|Torkoal, L50, M|
|poke|p2|Porygon2, L50|
|poke|p2|Incineroar, L50, M|
|poke|p2|Jumpluff, L50, F|
|poke|p2|Ursaluna, L50, M|
|teampreview|4
|showteam|p1|Garchomp||LoadedDice|RoughSkin|ScaleShot,SwordsDance,StompingTantrum,Protect|||F|||50|,,,,,Fire]Maushold-Four||WideLens|Technician|PopulationBomb,Taunt,FollowMe,Protect||||||50|,,,,,Normal]Corviknight||SitrusBerry|MirrorArmor|Tailwind,BodyPress,Protect,BraveBird|||M|||50|,,,,,Water]Volcarona||RockyHelmet|FlameBody|FieryDance,Protect,QuiverDance,GigaDrain|||F|||50|,,,,,Water]Rillaboom||AssaultVest|GrassySurge|FakeOut,WoodHammer,Uturn,KnockOff|||M|||50|,,,,,Poison]Sneasler||GrassySeed|Unburden|DireClaw,CloseCombat,Acrobatics,Protect|||F|||50|,,,,,Flying
|showteam|p2|Charizard||ChoiceSpecs|SolarPower|HeatWave,DragonPulse,WeatherBall,AirSlash|||F|||50|,,,,,Ghost]Torkoal||EjectPack|Drought|Eruption,Overheat,HelpingHand,Protect|||M|||50|,,,,,Fire]Porygon2||Eviolite|Download|TeraBlast,IceBeam,Recover,TrickRoom||||||50|,,,,,Fighting]Incineroar||SitrusBerry|Intimidate|FlareBlitz,KnockOff,FakeOut,PartingShot|||M|||50|,,,,,Ghost]Jumpluff||CovertCloak|Chlorophyll|SleepPowder,SunnyDay,RagePowder,Tailwind|||F|||50|,,,,,Water]Ursaluna||FlameOrb|Guts|HeadlongRush,Facade,Earthquake,Protect|||M|||50|,,,,,Ghost
|
|t:|1756585940
|teamsize|p1|4
|teamsize|p2|4
|start
|switch|p1a: Maushold|Maushold-Four, L50|100/100
|switch|p1b: Rillaboom|Rillaboom, L50, M|100/100
|switch|p2a: Porygon2|Porygon2, L50|100/100
|switch|p2b: Torkoal|Torkoal, L50, M|100/100
|-fieldstart|move: Grassy Terrain|[from] ability: Grassy Surge|[of] p1b: Rillaboom
|-ability|p2a: Porygon2|Download|boost
|-boost|p2a: Porygon2|spa|1
|-weather|SunnyDay|[from] ability: Drought|[of] p2b: Torkoal
|turn|1
|
|t:|1756585965
|switch|p2b: Incineroar|Incineroar, L50, M|100/100
|-ability|p2b: Incineroar|Intimidate|boost
|-unboost|p1a: Maushold|atk|1
|-unboost|p1b: Rillaboom|atk|1
|move|p1b: Rillaboom|Fake Out|p2b: Incineroar
|-damage|p2b: Incineroar|91/100
|move|p1a: Maushold|Taunt|p2a: Porygon2
|-start|p2a: Porygon2|move: Taunt
|cant|p2a: Porygon2|move: Taunt|Trick Room
|
|-weather|SunnyDay|[upkeep]
|-heal|p2b: Incineroar|97/100|[from] Grassy Terrain
|upkeep
|turn|2
|
|t:|1756585991
|switch|p1a: Sneasler|Sneasler, L50, F|100/100
|-enditem|p1a: Sneasler|Grassy Seed
|-boost|p1a: Sneasler|def|1|[from] item: Grassy Seed
|move|p2b: Incineroar|Fake Out|p1a: Sneasler
|-damage|p1a: Sneasler|86/100
|move|p1b: Rillaboom|Knock Off|p2a: Porygon2
|-crit|p2a: Porygon2
|-damage|p2a: Porygon2|69/100
|-enditem|p2a: Porygon2|Eviolite|[from] move: Knock Off|[of] p1b: Rillaboom
|move|p2a: Porygon2|Ice Beam|p1b: Rillaboom
|-supereffective|p1b: Rillaboom
|-damage|p1b: Rillaboom|44/100
|
|-weather|SunnyDay|[upkeep]
|-heal|p1a: Sneasler|92/100|[from] Grassy Terrain
|-heal|p1b: Rillaboom|50/100|[from] Grassy Terrain
|-heal|p2b: Incineroar|100/100|[from] Grassy Terrain
|-heal|p2a: Porygon2|75/100|[from] Grassy Terrain
|upkeep
|turn|3
|
|t:|1756586017
|switch|p2a: Torkoal|Torkoal, L50, M|100/100
|-terastallize|p2b: Incineroar|Ghost
|move|p1a: Sneasler|Close Combat|p2a: Torkoal
|-damage|p2a: Torkoal|48/100
|-unboost|p1a: Sneasler|def|1
|-unboost|p1a: Sneasler|spd|1
|move|p1b: Rillaboom|U-turn|p2b: Incineroar
|-resisted|p2b: Incineroar
|-damage|p2b: Incineroar|93/100
|
|t:|1756586033
|switch|p1b: Volcarona|Volcarona, L50, F|100/100|[from] U-turn
|move|p2b: Incineroar|Parting Shot|p1a: Sneasler
|-unboost|p1a: Sneasler|atk|1
|-unboost|p1a: Sneasler|spa|1
|
|t:|1756586041
|switch|p2b: Porygon2|Porygon2, L50|75/100|[from] Parting Shot
|-ability|p2b: Porygon2|Download|boost
|-boost|p2b: Porygon2|atk|1
|
|-weather|SunnyDay|[upkeep]
|-heal|p1a: Sneasler|98/100|[from] Grassy Terrain
|-heal|p2b: Porygon2|82/100|[from] Grassy Terrain
|-heal|p2a: Torkoal|54/100|[from] Grassy Terrain
|upkeep
|turn|4
|
|t:|1756586058
|move|p1a: Sneasler|Close Combat|p2b: Porygon2
|-supereffective|p2b: Porygon2
|-damage|p2b: Porygon2|0 fnt
|-unboost|p1a: Sneasler|def|1
|-unboost|p1a: Sneasler|spd|1
|faint|p2b: Porygon2
|move|p1b: Volcarona|Fiery Dance|p2a: Torkoal
|-resisted|p2a: Torkoal
|-damage|p2a: Torkoal|10/100
|-boost|p1b: Volcarona|spa|1
|move|p2a: Torkoal|Overheat|p1a: Sneasler
|-damage|p1a: Sneasler|0 fnt
|-unboost|p2a: Torkoal|spa|2
|faint|p1a: Sneasler
|-enditem|p2a: Torkoal|Eject Pack
|
|t:|1756586087
|switch|p2a: Incineroar|Incineroar, L50, M, tera:Ghost|93/100
|-ability|p2a: Incineroar|Intimidate|boost
|-unboost|p1b: Volcarona|atk|1
|
|-weather|SunnyDay|[upkeep]
|-heal|p2a: Incineroar|99/100|[from] Grassy Terrain
|upkeep
|
|t:|1756586094
|switch|p1a: Rillaboom|Rillaboom, L50, M|50/100
|switch|p2b: Ursaluna|Ursaluna, L50, M|100/100
|turn|5
|
|t:|1756586119
|move|p2b: Ursaluna|Protect|p2b: Ursaluna
|-singleturn|p2b: Ursaluna|Protect
|move|p1b: Volcarona|Fiery Dance|p2a: Incineroar
|-damage|p2a: Incineroar|10/100
|-enditem|p2a: Incineroar|Sitrus Berry|[eat]
|-heal|p2a: Incineroar|35/100|[from] item: Sitrus Berry
|move|p1a: Rillaboom|Knock Off|p2a: Incineroar
|-supereffective|p2a: Incineroar
|-damage|p2a: Incineroar|0 fnt
|faint|p2a: Incineroar
|
|-weather|none
|-heal|p1a: Rillaboom|56/100|[from] Grassy Terrain
|-fieldend|move: Grassy Terrain
|-status|p2b: Ursaluna|brn|[from] item: Flame Orb
|upkeep
|
|t:|1756586128
|switch|p2a: Torkoal|Torkoal, L50, M|10/100
|-weather|SunnyDay|[from] ability: Drought|[of] p2a: Torkoal
|turn|6
|-message|koronops5 forfeited.
|
|win|PigsPigsPigsPigs
|l|☆koronops5
|player|p2|
||koronops5 is ready for game 2.
||PigsPigsPigsPigs is ready for game 2.
|uhtml|next|Next: Game 2 of 3
|j|☆koronops5
|player|p2|koronops5|102|
|l|☆PigsPigsPigsPigs
|player|p1|
