|j|☆Divine Monkey King
|j|☆Under Limbo
|html|Divine Monkey KingUnder Limbo    
|uhtml|bestof|Game 3 of a best-of-3
|t:|1784822140
|gametype|doubles
|player|p1|Divine Monkey King|silver|1123
|player|p2|Under Limbo|n|1054
|gen|9
|tier|[Gen 9 Champions] VGC 2026 Reg M-B (Bo3)
|rated|
|rule|Species Clause: Limit one of each Pokémon
|rule|Item Clause: Limit 1 of each item
|clearpoke
|poke|p1|Tyranitar, L50, M, shiny|
|poke|p1|Aerodactyl, L50, M, shiny|
|poke|p1|Pelipper, L50, M, shiny|
|poke|p1|Basculegion, L50, M, shiny|
|poke|p1|Beedrill, L50, M, shiny|
|poke|p1|Annihilape, L50, M, shiny|
|poke|p2|Froslass, L50, F, shiny|
|poke|p2|Glimmora, L50, M, shiny|
|poke|p2|Grimmsnarl, L50, M|
|poke|p2|Sneasler, L50, F|
|poke|p2|Milotic, L50, F, shiny|
|poke|p2|Tsareena, L50, F, shiny|
|teampreview|4
|showteam|p1|Tyranitar||Tyranitarite|SandStream|BrickBreak,KnockOff,Protect,RockSlide|Adamant||M|||50|]Aerodactyl||FocusSash|Unnerve|DualWingbeat,IronHead,Protect,Tailwind|Jolly||M|||50|]Pelipper||WacanBerry|Drizzle|Hurricane,IceBeam,Protect,WeatherBall|Calm||M|||50|]Basculegion||MysticWater|SwiftSwim|AquaJet,FlipTurn,LastRespects,Protect|Adamant||M|||50|]Beedrill||Beedrillite|Sniper|PoisonJab,Protect,Uturn,FellStinger|Jolly||M|||50|]Annihilape||Leftovers|Defiant|BulkUp,DrainPunch,Protect,ThunderPunch|Adamant||M|||50|
|showteam|p2|Froslass||Froslassite|CursedBody|Blizzard,AuroraVeil,Protect,Hex|Timid||F|||50|]Glimmora||SitrusBerry|ToxicDebris|MortalSpin,SpikyShield,PowerGem,EarthPower|Bold||M|||50|]Grimmsnarl||LightClay|Prankster|SpiritBreak,PartingShot,LightScreen,Reflect|Careful||M|||50|]Sneasler||FocusSash|Unburden|CloseCombat,ThroatChop,FakeOut,DireClaw|Jolly||F|||50|]Milotic||Leftovers|Competitive|MuddyWater,IceBeam,Haze,Recover|Calm||F|||50|]Tsareena||ExpertBelt|QueenlyMajesty|TropKick,TripleAxel,LowKick,Protect|Adamant||F|||50|
|
|t:|1784822177
|teamsize|p1|4
|teamsize|p2|4
|start
|switch|p1a: Basculegion|Basculegion, L50, M, shiny|100/100
|switch|p1b: Aerodactyl|Aerodactyl, L50, M, shiny|100/100
|switch|p2a: Celeste|Sneasler, L50, F|100/100
|switch|p2b: Feji|Glimmora, L50, M, shiny|100/100
|-ability|p1b: Aerodactyl|Unnerve
|turn|1
|
|t:|1784822208
|switch|p1b: Pelipper|Pelipper, L50, M, shiny|100/100
|-weather|RainDance|[from] ability: Drizzle|[of] p1b: Pelipper
|switch|p2b: Kitana|Milotic, L50, F, shiny|100/100
|move|p2a: Celeste|Fake Out|p1b: Pelipper
|-damage|p1b: Pelipper|83/100
|move|p1a: Basculegion|Flip Turn|p2a: Celeste
|-damage|p2a: Celeste|4/100
|
|t:|1784822219
|switch|p1a: Tyranitar|Tyranitar, L50, M, shiny|100/100|[from] Flip Turn
|-weather|Sandstorm|[from] ability: Sand Stream|[of] p1a: Tyranitar
|
|-weather|Sandstorm|[upkeep]
|-damage|p2a: Celeste|0 fnt|[from] Sandstorm
|-damage|p2b: Kitana|94/100|[from] Sandstorm
|-damage|p1b: Pelipper|77/100|[from] Sandstorm
|faint|p2a: Celeste
|-heal|p2b: Kitana|100/100|[from] item: Leftovers
|upkeep
|
|t:|1784822233
|switch|p2a: Feji|Glimmora, L50, M, shiny|100/100
|turn|2
|
|t:|1784822252
|switch|p1b: Basculegion|Basculegion, L50, M, shiny|100/100
|detailschange|p1a: Tyranitar|Tyranitar-Mega, L50, M, shiny
|-mega|p1a: Tyranitar|Tyranitar|Tyranitarite
|move|p2a: Feji|Power Gem|p1b: Basculegion
|-damage|p1b: Basculegion|61/100
|move|p2b: Kitana|Muddy Water|p1b: Basculegion|[spread] p1a
|-miss|p2b: Kitana|p1b: Basculegion
|-supereffective|p1a: Tyranitar|1
|-damage|p1a: Tyranitar|72/100
|-unboost|p1a: Tyranitar|accuracy|1
|move|p1a: Tyranitar|Knock Off|p2b: Kitana
|-damage|p2b: Kitana|26/100
|-enditem|p2b: Kitana|Leftovers|[from] move: Knock Off|[of] p1a: Tyranitar
|
|-weather|Sandstorm|[upkeep]
|-damage|p1b: Basculegion|55/100|[from] Sandstorm
|-damage|p2b: Kitana|20/100r|[from] Sandstorm
|upkeep
|turn|3
|
|t:|1784822278
|switch|p1a: Pelipper|Pelipper, L50, M, shiny|77/100
|-weather|RainDance|[from] ability: Drizzle|[of] p1a: Pelipper
|move|p1b: Basculegion|Flip Turn|p2a: Feji
|-supereffective|p2a: Feji|1
|-damage|p2a: Feji|12/100
|-activate|p2a: Feji|ability: Toxic Debris
|-sidestart|p1: Divine Monkey King|move: Toxic Spikes
|-enditem|p2a: Feji|Sitrus Berry|[eat]
|-heal|p2a: Feji|37/100|[from] item: Sitrus Berry
|
|t:|1784822298
|switch|p1b: Tyranitar|Tyranitar-Mega, L50, M, shiny|72/100|[from] Flip Turn
|-status|p1b: Tyranitar|psn
|-weather|Sandstorm|[from] ability: Sand Stream|[of] p1b: Tyranitar
|move|p2a: Feji|Mortal Spin|p1a: Pelipper|[spread] p1a,p1b
|-resisted|p1b: Tyranitar|1
|-damage|p1a: Pelipper|72/100
|-damage|p1b: Tyranitar|71/100 psn
|-status|p1a: Pelipper|psn
|move|p2b: Kitana|Muddy Water|p1b: Tyranitar|[spread] p1a,p1b
|-resisted|p1a: Pelipper|1
|-supereffective|p1b: Tyranitar|1
|-damage|p1a: Pelipper|55/100 psn
|-damage|p1b: Tyranitar|41/100 psn
|-unboost|p1b: Tyranitar|accuracy|1
|
|-weather|Sandstorm|[upkeep]
|-damage|p2b: Kitana|14/100|[from] Sandstorm
|-damage|p1a: Pelipper|49/100 psn|[from] Sandstorm
|-damage|p1a: Pelipper|37/100 psn|[from] psn
|-damage|p1b: Tyranitar|29/100 psn|[from] psn
|upkeep
|turn|4
|
|t:|1784822331
|switch|p1a: Aerodactyl|Aerodactyl, L50, M, shiny|100/100
|-ability|p1a: Aerodactyl|Unnerve
|move|p2a: Feji|Spiky Shield|p2a: Feji
|-singleturn|p2a: Feji|move: Protect
|move|p1b: Tyranitar|Protect|p1b: Tyranitar
|-singleturn|p1b: Tyranitar|Protect
|move|p2b: Kitana|Recover|p2b: Kitana
|-heal|p2b: Kitana|64/100
|
|-weather|Sandstorm|[upkeep]
|-damage|p2b: Kitana|58/100|[from] Sandstorm
|-damage|p1b: Tyranitar|17/100 psn|[from] psn
|upkeep
|turn|5
|
|t:|1784822351
|move|p1a: Aerodactyl|Tailwind|p1a: Aerodactyl
|-sidestart|p1: Divine Monkey King|move: Tailwind
|move|p1b: Tyranitar|Rock Slide|p2b: Kitana|[spread] p2a,p2b
|-crit|p2b: Kitana
|-damage|p2a: Feji|7/100
|-damage|p2b: Kitana|0 fnt
|-activate|p2a: Feji|ability: Toxic Debris
|-sidestart|p1: Divine Monkey King|move: Toxic Spikes
|faint|p2b: Kitana
|move|p2a: Feji|Power Gem|p1a: Aerodactyl
|-supereffective|p1a: Aerodactyl|1
|-damage|p1a: Aerodactyl|29/100
|
|-weather|Sandstorm|[upkeep]
|-damage|p1b: Tyranitar|5/100 psn|[from] psn
|upkeep
|
|t:|1784822365
|switch|p2b: Carmen|Froslass, L50, F, shiny|100/100
|turn|6
|
|t:|1784822375
|move|p2b: Carmen|Protect|p2b: Carmen
|-singleturn|p2b: Carmen|Protect
|move|p2a: Feji|Spiky Shield|p2a: Feji
|-singleturn|p2a: Feji|move: Protect
|move|p1a: Aerodactyl|Iron Head|p2a: Feji
|-activate|p2a: Feji|move: Protect
|-damage|p1a: Aerodactyl|17/100|[from] Spiky Shield|[of] p2a: Feji
|move|p1b: Tyranitar|Knock Off|p2b: Carmen
|-activate|p2b: Carmen|move: Protect
|
|-weather|Sandstorm|[upkeep]
|-damage|p2b: Carmen|93/100|[from] Sandstorm
|-damage|p1b: Tyranitar|0 fnt|[from] psn
|faint|p1b: Tyranitar
|upkeep
|
|t:|1784822386
|switch|p1b: Basculegion|Basculegion, L50, M, shiny|55/100
|-status|p1b: Basculegion|tox
|turn|7
|
|t:|1784822402
|detailschange|p2b: Carmen|Froslass-Mega, L50, F, shiny
|-mega|p2b: Carmen|Froslass|Froslassite
|-weather|Snowscape|[from] ability: Snow Warning|[of] p2b: Carmen
|move|p1a: Aerodactyl|Iron Head|p2a: Feji
|-supereffective|p2a: Feji|1
|-damage|p2a: Feji|0 fnt
|faint|p2a: Feji
|move|p1b: Basculegion|Last Respects|p2b: Carmen
|-supereffective|p2b: Carmen|1
|-damage|p2b: Carmen|0 fnt
|faint|p2b: Carmen
|
|win|Divine Monkey King
|raw|Divine Monkey King's rating: 1123 → 1143(+20 for winning)
|raw|Under Limbo's rating: 1054 → 1039(-15 for losing)
|c|☆Under Limbo|Gg
|l|☆Under Limbo
|player|p2|
