|j|☆slimeko325
|j|‽Smimr
|html|slimeko325Smimr    
|uhtml|bestof|Game 1 of a best-of-3
|t:|1785860808
|gametype|doubles
|player|p1|slimeko325|miku-fairy|
|player|p2|Smimr|richboy-gen4|
|gen|9
|tier|[Gen 9 Champions] VGC 2026 Reg M-B (Bo3)
|rule|Species Clause: Limit one of each Pokémon
|rule|Item Clause: Limit 1 of each item
|clearpoke
|poke|p1|Simipour, L50, F|
|poke|p1|Slowbro, L50, M|
|poke|p1|Abomasnow, L50, F|
|poke|p1|Runerigus, L50, F|
|poke|p1|Heliolisk, L50, F|
|poke|p1|Zoroark, L50, F|
|poke|p2|Runerigus, L50, M|
|poke|p2|Slowbro, L50, F|
|poke|p2|Emboar, L50, F|
|poke|p2|Abomasnow, L50, M|
|poke|p2|Simipour, L50, F|
|poke|p2|Zoroark, L50, M|
|teampreview|4
|showteam|p1|Simipour||NeverMeltIce|Torrent|Blizzard,Scald,FakeOut,GrassKnot|Hasty||F|||50|]Slowbro||Slowbronite|Oblivious|IronDefense,BodyPress,Amnesia,ShadowBall|Calm||M|||50|]Abomasnow||Abomasite|SnowWarning|Blizzard,EnergyBall,Protect,IceHammer|Quiet||F|||50|]Runerigus||Leftovers|WanderingSpirit|Taunt,Imprison,TrickRoom,WillOWisp|Sassy||F|||50|]Heliolisk||LifeOrb|SolarPower|Discharge,Protect,GrassKnot,HyperVoice|Timid||F|||50|]Zoroark||FocusSash|Illusion|DarkPulse,Encore,SludgeBomb,Flamethrower|Timid||F|||50|
|showteam|p2|Runerigus||MentalHerb|WanderingSpirit|TrickRoom,Taunt,WillOWisp,Poltergeist|Sassy||M|||50|]Slowbro||Leftovers|Regenerator|TrickRoom,Scald,CalmMind,SlackOff|Relaxed||F|||50|]Emboar||LifeOrb|Reckless|FlareBlitz,CloseCombat,WildCharge,Protect|Brave||F|||50|]Abomasnow||Abomasite|SnowWarning|Blizzard,EarthPower,GigaDrain,Protect|Quiet||M|||50|]Simipour||WacanBerry|Torrent|FakeOut,Scald,FlipTurn,Taunt|Timid||F|||50|]Zoroark||FocusSash|Illusion|DarkPulse,Protect,Flamethrower,NastyPlot|Timid||M|||50|
|inactive|Battle timer is ON: inactive players will automatically lose when time's up. (requested by slimeko325)
|inactive|slimeko325 has 60 seconds left.
|
|t:|1785860852
|teamsize|p1|4
|teamsize|p2|4
|start
|switch|p1a: Simipour|Simipour, L50, F|100/100
|switch|p1b: Slowbro|Slowbro, L50, M|100/100
|switch|p2a: Simipour|Simipour, L50, F|100/100
|switch|p2b: Slowbro|Slowbro, L50, F|100/100
|turn|1
|inactive|Smimr has 30 seconds left.
|
|t:|1785860883
|move|p1a: Simipour|Fake Out|p2a: Simipour
|-damage|p2a: Simipour|84/100
|cant|p2a: Simipour|flinch
|move|p1b: Slowbro|Dark Pulse|p2b: Slowbro
|-supereffective|p2b: Slowbro|1
|-damage|p2b: Slowbro|19/100
|move|p2b: Slowbro|Trick Room|p2b: Slowbro
|-fieldstart|move: Trick Room|[of] p2b: Slowbro
|
|-heal|p2b: Slowbro|25/100|[from] item: Leftovers
|upkeep
|turn|2
|inactive|slimeko325 has 30 seconds left.
|
|t:|1785860910
|-heal|p2b: Slowbro|58/100|[from] ability: Regenerator|[silent]
|switch|p2b: Emboar|Emboar, L50, F|100/100
|move|p1a: Simipour|Grass Knot|p2b: Emboar
|-resisted|p2b: Emboar|1
|-damage|p2b: Emboar|82/100
|move|p2a: Simipour|Scald|p1b: Slowbro
|-crit|p1b: Slowbro
|-enditem|p1b: Slowbro|Focus Sash
|-damage|p1b: Slowbro|1/100
|replace|p1b: Zoroark|Zoroark, L50, F
|-end|p1b: Zoroark|Illusion
|move|p1b: Zoroark|Dark Pulse|p2a: Simipour
|-damage|p2a: Simipour|17/100
|
|upkeep
|turn|3
|inactive|Smimr has 30 seconds left.
|inactive|slimeko325 has 30 seconds left.
|
|t:|1785860947
|switch|p1a: Heliolisk|Heliolisk, L50, F|100/100
|switch|p1b: Slowbro|Slowbro, L50, M|100/100
|move|p2b: Emboar|Wild Charge|p1a: Heliolisk
|-resisted|p1a: Heliolisk|1
|-damage|p1a: Heliolisk|44/100
|-damage|p2b: Emboar|74/100|[from] Recoil
|-damage|p2b: Emboar|64/100|[from] item: Life Orb
|move|p2a: Simipour|Flip Turn|p1b: Slowbro
|-resisted|p1b: Slowbro|1
|-crit|p1b: Slowbro
|-damage|p1b: Slowbro|85/100
|
|t:|1785860953
|switch|p2a: Abomasnow|Abomasnow, L50, M|100/100|[from] Flip Turn
|-weather|Snowscape|[from] ability: Snow Warning|[of] p2a: Abomasnow
|
|-weather|Snowscape|[upkeep]
|upkeep
|turn|4
|inactive|slimeko325 has 30 seconds left.
|
|t:|1785860986
|switch|p1b: Simipour|Simipour, L50, F|100/100
|detailschange|p2a: Abomasnow|Abomasnow-Mega, L50, M
|-mega|p2a: Abomasnow|Abomasnow|Abomasite
|move|p2a: Abomasnow|Giga Drain|p1b: Simipour
|-supereffective|p1b: Simipour|1
|-damage|p1b: Simipour|0 fnt
|faint|p1b: Simipour
|move|p2b: Emboar|Close Combat|p1a: Heliolisk
|-supereffective|p1a: Heliolisk|1
|-damage|p1a: Heliolisk|0 fnt
|-unboost|p2b: Emboar|def|1
|-unboost|p2b: Emboar|spd|1
|faint|p1a: Heliolisk
|-damage|p2b: Emboar|54/100|[from] item: Life Orb
|
|-weather|Snowscape|[upkeep]
|upkeep
|
|t:|1785860993
|switch|p1b: Slowbro|Slowbro, L50, M|85/100
|switch|p1a: Slowbro|Slowbro, L50, M|1/100
|turn|5
|
|t:|1785861011
|detailschange|p1b: Slowbro|Slowbro-Mega, L50, M
|-mega|p1b: Slowbro|Slowbro|Slowbronite
|move|p2a: Abomasnow|Giga Drain|p1b: Slowbro
|-supereffective|p1b: Slowbro|1
|-damage|p1b: Slowbro|6/100
|move|p1b: Slowbro|Body Press|p2a: Abomasnow
|-supereffective|p2a: Abomasnow|1
|-damage|p2a: Abomasnow|60/100
|move|p2b: Emboar|Close Combat|p1a: Slowbro
|-supereffective|p1a: Slowbro|1
|-damage|p1a: Slowbro|0 fnt
|-unboost|p2b: Emboar|def|1
|-unboost|p2b: Emboar|spd|1
|replace|p1a: Zoroark|Zoroark, L50, F
|-end|p1a: Zoroark|Illusion
|faint|p1a: Zoroark
|-damage|p2b: Emboar|45/100|[from] item: Life Orb
|
|-weather|Snowscape|[upkeep]
|-fieldend|move: Trick Room
|upkeep
|turn|6
|
|t:|1785861026
|move|p2b: Emboar|Close Combat|p1b: Slowbro
|-resisted|p1b: Slowbro|1
|-damage|p1b: Slowbro|0 fnt
|-unboost|p2b: Emboar|def|1
|-unboost|p2b: Emboar|spd|1
|faint|p1b: Slowbro
|-damage|p2b: Emboar|35/100|[from] item: Life Orb
|
|win|Smimr
||Smimr is ready for game 2.
|inactive|slimeko325 has 30 seconds to confirm battle start!
||slimeko325 is ready for game 2.
|uhtml|next|Next: Game 2 of 3
