|j|☆Woopah96
|j|☆PuniHina
|html|Woopah96PuniHina    
|uhtml|bestof|Game 3 of a best-of-3
|t:|1755187358
|gametype|doubles
|player|p1|Woopah96|170|1204
|player|p2|PuniHina|lacey|1231
|gen|9
|tier|[Gen 9] VGC 2025 Reg H (Bo3)
|rated|
|rule|Species Clause: Limit one of each Pokémon
|rule|Item Clause: Limit 1 of each item
|clearpoke
|poke|p1|Sneasler, L50, M|
|poke|p1|Dondozo, L50, M|
|poke|p1|Indeedee, L50, M|
|poke|p1|Ursaluna-Bloodmoon, L50, M|
|poke|p1|Talonflame, L50, M|
|poke|p1|Tatsugiri, L50, F|
|poke|p2|Kingambit, L50, F|
|poke|p2|Volcarona, L50, M|
|poke|p2|Sneasler, L50, F|
|poke|p2|Rillaboom, L50, F|
|poke|p2|Clefable, L50, M|
|poke|p2|Dragonite, L50, M|
|teampreview|4
|showteam|p1|Sneasler||PsychicSeed|Unburden|Protect,ThroatChop,DireClaw,CloseCombat|||M|||50|,,,,,Dark]Dondozo||Leftovers|Unaware|WaveCrash,Protect,OrderUp,Earthquake|||M|||50|,,,,,Dragon]Indeedee||FocusSash|PsychicSurge|ExpandingForce,HelpingHand,Protect,TeraBlast|||M|||50|,,,,,Fighting]Ursaluna-Bloodmoon||LifeOrb|MindsEye|BloodMoon,HyperVoice,Protect,EarthPower|||M|||50|,,,,,Ghost]Talonflame||CovertCloak|GaleWings|BraveBird,Taunt,FlareBlitz,Tailwind|||M|||50|,,,,,Flying]Tatsugiri||ChoiceScarf|Commander|MuddyWater,DracoMeteor,IcyWind,DragonPulse|||F|||50|,,,,,Ghost
|showteam|p2|Kingambit||BlackGlasses|Defiant|KowtowCleave,SuckerPunch,Protect,SwordsDance|||F|||50|,,,,,Dark]Volcarona||CovertCloak|FlameBody|GigaDrain,HeatWave,WillOWisp,QuiverDance|||M|||50|,,,,,Fairy]Sneasler||FocusSash|Unburden|DireClaw,CloseCombat,Taunt,Coaching|||F|||50|,,,,,Ghost]Rillaboom||AssaultVest|GrassySurge|WoodHammer,GrassyGlide,FakeOut,HighHorsepower|||F|||50|,,,,,Fire]Clefable||SafetyGoggles|Unaware|Moonblast,FollowMe,Protect,HelpingHand|||M|||50|,,,,,Poison]Dragonite||LoadedDice|Multiscale|ScaleShot,StompingTantrum,Protect,Haze|||M|||50|,,,,,Ground
|
|t:|1755187377
|teamsize|p1|4
|teamsize|p2|4
|start
|switch|p1a: Talonflame|Talonflame, L50, M|100/100
|switch|p1b: Ursaluna|Ursaluna-Bloodmoon, L50, M|100/100
|switch|p2a: ❤︎Leah❤︎|Sneasler, L50, F|100/100
|switch|p2b: Dragonite|Dragonite, L50, M, shiny|100/100
|turn|1
|
|t:|1755187392
|-terastallize|p1b: Ursaluna|Ghost
|move|p1a: Talonflame|Brave Bird|p2b: Dragonite
|-damage|p2b: Dragonite|73/100
|-damage|p1a: Talonflame|91/100|[from] Recoil
|move|p2a: ❤︎Leah❤︎|Coaching|p2b: Dragonite
|-boost|p2b: Dragonite|atk|1
|-boost|p2b: Dragonite|def|1
|move|p2b: Dragonite|Scale Shot|p1b: Ursaluna
|-damage|p1b: Ursaluna|84/100
|-damage|p1b: Ursaluna|67/100
|-crit|p1b: Ursaluna
|-damage|p1b: Ursaluna|39/100
|-damage|p1b: Ursaluna|23/100
|-hitcount|p1b: Ursaluna|4
|-unboost|p2b: Dragonite|def|1
|-boost|p2b: Dragonite|spe|1
|move|p1b: Ursaluna|Blood Moon|p2b: Dragonite
|-damage|p2b: Dragonite|0 fnt
|faint|p2b: Dragonite
|-damage|p1b: Ursaluna|13/100|[from] item: Life Orb
|
|upkeep
|
|t:|1755187412
|switch|p2b: Kingambit|Kingambit, L50, F|100/100
|turn|2
|
|t:|1755187429
|-terastallize|p2b: Kingambit|Dark
|move|p1b: Ursaluna|Protect|p1b: Ursaluna
|-singleturn|p1b: Ursaluna|Protect
|move|p1a: Talonflame|Flare Blitz|p2b: Kingambit
|-damage|p2b: Kingambit|69/100
|-damage|p1a: Talonflame|78/100|[from] Recoil
|move|p2a: ❤︎Leah❤︎|Dire Claw|p1b: Ursaluna
|-activate|p1b: Ursaluna|move: Protect
|move|p2b: Kingambit|Kowtow Cleave|p1a: Talonflame
|-damage|p1a: Talonflame|0 fnt
|faint|p1a: Talonflame
|
|upkeep
|
|t:|1755187454
|switch|p1a: Dondozo|Dondozo, L50, M|100/100
|turn|3
|inactive|Battle timer is ON: inactive players will automatically lose when time's up. (requested by PuniHina)
|
|t:|1755187467
|switch|p1b: Lois|Tatsugiri, L50, F|100/100
|-activate|p1b: Lois|ability: Commander|[of] p1a: Dondozo
|-boost|p1a: Dondozo|atk|2
|-boost|p1a: Dondozo|spa|2
|-boost|p1a: Dondozo|spe|2
|-boost|p1a: Dondozo|def|2
|-boost|p1a: Dondozo|spd|2
|move|p1a: Dondozo|Earthquake|p2b: Kingambit|[spread] p2a,p2b
|-miss|p1a: Dondozo|p1b: Lois
|-supereffective|p2a: ❤︎Leah❤︎
|-enditem|p2a: ❤︎Leah❤︎|Focus Sash
|-damage|p2a: ❤︎Leah❤︎|1/100
|-damage|p2b: Kingambit|35/100
|move|p2a: ❤︎Leah❤︎|Dire Claw|p1a: Dondozo
|-damage|p1a: Dondozo|85/100
|move|p2b: Kingambit|Kowtow Cleave|p1b: Lois|[miss]
|-miss|p2b: Kingambit|p1b: Lois
|
|-heal|p1a: Dondozo|91/100|[from] item: Leftovers
|upkeep
|turn|4
|
|t:|1755187492
|switch|p2a: Rillaboom|Rillaboom, L50, F|100/100
|-fieldstart|move: Grassy Terrain|[from] ability: Grassy Surge|[of] p2a: Rillaboom
|move|p2b: Kingambit|Protect|p2b: Kingambit
|-singleturn|p2b: Kingambit|Protect
|move|p1a: Dondozo|Order Up|p2b: Kingambit
|-activate|p2b: Kingambit|move: Protect
|
|-heal|p1a: Dondozo|97/100|[from] Grassy Terrain
|-heal|p1a: Dondozo|100/100|[from] item: Leftovers
|-heal|p2b: Kingambit|41/100|[from] Grassy Terrain
|upkeep
|turn|5
|
|t:|1755187506
|move|p1a: Dondozo|Protect|p1a: Dondozo
|-singleturn|p1a: Dondozo|Protect
|move|p2a: Rillaboom|Fake Out|p1a: Dondozo
|-activate|p1a: Dondozo|move: Protect
|move|p2b: Kingambit|Kowtow Cleave|p1a: Dondozo
|-activate|p1a: Dondozo|move: Protect
|
|-heal|p2b: Kingambit|47/100|[from] Grassy Terrain
|upkeep
|turn|6
|
|t:|1755187519
|move|p2b: Kingambit|Protect|p2b: Kingambit
|-singleturn|p2b: Kingambit|Protect
|move|p1a: Dondozo|Wave Crash|p2b: Kingambit
|-activate|p2b: Kingambit|move: Protect
|move|p2a: Rillaboom|Wood Hammer|p1a: Dondozo
|-supereffective|p1a: Dondozo
|-damage|p1a: Dondozo|41/100
|-damage|p2a: Rillaboom|79/100|[from] Recoil
|
|-heal|p1a: Dondozo|47/100|[from] Grassy Terrain
|-heal|p1a: Dondozo|54/100|[from] item: Leftovers
|-heal|p2a: Rillaboom|85/100|[from] Grassy Terrain
|-heal|p2b: Kingambit|53/100|[from] Grassy Terrain
|upkeep
|turn|7
|
|t:|1755187530
|switch|p2b: ❤︎Leah❤︎|Sneasler, L50, F|1/100
|move|p1a: Dondozo|Protect|p1a: Dondozo
|-singleturn|p1a: Dondozo|Protect
|move|p2a: Rillaboom|Wood Hammer|p1a: Dondozo
|-activate|p1a: Dondozo|move: Protect
|
|-heal|p1a: Dondozo|60/100|[from] Grassy Terrain
|-heal|p1a: Dondozo|66/100|[from] item: Leftovers
|-heal|p2b: ❤︎Leah❤︎|7/100|[from] Grassy Terrain
|-heal|p2a: Rillaboom|91/100|[from] Grassy Terrain
|upkeep
|turn|8
|
|t:|1755187546
|move|p1a: Dondozo|Earthquake|p2a: Rillaboom|[spread] p2a,p2b
|-miss|p1a: Dondozo|p1b: Lois
|-resisted|p2a: Rillaboom
|-supereffective|p2b: ❤︎Leah❤︎
|-damage|p2a: Rillaboom|79/100
|-damage|p2b: ❤︎Leah❤︎|0 fnt
|faint|p2b: ❤︎Leah❤︎
|move|p2a: Rillaboom|Wood Hammer|p1a: Dondozo
|-supereffective|p1a: Dondozo
|-damage|p1a: Dondozo|12/100
|-damage|p2a: Rillaboom|60/100|[from] Recoil
|
|-heal|p1a: Dondozo|18/100|[from] Grassy Terrain
|-heal|p1a: Dondozo|24/100|[from] item: Leftovers
|-heal|p2a: Rillaboom|66/100|[from] Grassy Terrain
|-fieldend|move: Grassy Terrain
|upkeep
|
|t:|1755187554
|switch|p2b: Kingambit|Kingambit, L50, F, tera:Dark|53/100
|turn|9
|
|t:|1755187559
|move|p1a: Dondozo|Protect|p1a: Dondozo
|-singleturn|p1a: Dondozo|Protect
|move|p2b: Kingambit|Sucker Punch||[still]
|-fail|p2b: Kingambit
|move|p2a: Rillaboom|Wood Hammer|p1a: Dondozo
|-activate|p1a: Dondozo|move: Protect
|
|-heal|p1a: Dondozo|31/100|[from] item: Leftovers
|upkeep
|turn|10
|
|t:|1755187575
|move|p2b: Kingambit|Protect|p2b: Kingambit
|-singleturn|p2b: Kingambit|Protect
|move|p1a: Dondozo|Wave Crash|p2b: Kingambit
|-activate|p2b: Kingambit|move: Protect
|move|p2a: Rillaboom|Wood Hammer|p1a: Dondozo
|-supereffective|p1a: Dondozo
|-damage|p1a: Dondozo|0 fnt
|faint|p1a: Dondozo
|-damage|p2a: Rillaboom|55/100|[from] Recoil
|
|upkeep
|
|t:|1755187578
|switch|p1a: Ursaluna|Ursaluna-Bloodmoon, L50, M, tera:Ghost|13/100
|turn|11
|
|t:|1755187599
|move|p1a: Ursaluna|Protect|p1a: Ursaluna
|-singleturn|p1a: Ursaluna|Protect
|move|p2b: Kingambit|Sucker Punch||[still]
|-fail|p2b: Kingambit
|move|p1b: Lois|Dragon Pulse|p2b: Kingambit
|-damage|p2b: Kingambit|14/100
|move|p2a: Rillaboom|Wood Hammer|p1a: Ursaluna
|-activate|p1a: Ursaluna|move: Protect
|
|upkeep
|turn|12
|
|t:|1755187611
|move|p1a: Ursaluna|Protect||[still]
|-fail|p1a: Ursaluna
|move|p2b: Kingambit|Protect|p2b: Kingambit
|-singleturn|p2b: Kingambit|Protect
|move|p1b: Lois|Dragon Pulse|p2b: Kingambit
|-activate|p2b: Kingambit|move: Protect
|move|p2a: Rillaboom|Wood Hammer|p1a: Ursaluna
|-damage|p1a: Ursaluna|0 fnt
|faint|p1a: Ursaluna
|-damage|p2a: Rillaboom|51/100|[from] Recoil
|
|upkeep
|turn|13
|
|t:|1755187623
|move|p2b: Kingambit|Sucker Punch|p1b: Lois
|-damage|p1b: Lois|0 fnt
|faint|p1b: Lois
|
|win|PuniHina
|raw|Woopah96's rating: 1204 → 1181(-23 for losing)
|raw|PuniHina's rating: 1231 → 1254(+23 for winning)
|l|☆Woopah96
|player|p1|
