|j|☆chefbenboyrd
|j|☆Bad Game Bad
|html|chefbenboyrdBad Game Bad    
|uhtml|bestof|Game 2 of a best-of-3
|t:|1756395836
|gametype|doubles
|player|p1|chefbenboyrd|roughneck|1171
|player|p2|Bad Game Bad|pokemonranger-gen4|1207
|gen|9
|tier|[Gen 9] VGC 2025 Reg H (Bo3)
|rated|
|rule|Species Clause: Limit one of each Pokémon
|rule|Item Clause: Limit 1 of each item
|clearpoke
|poke|p1|Whimsicott, L50, F|
|poke|p1|Hydreigon, L50, M|
|poke|p1|Grimmsnarl, L50, M|
|poke|p1|Incineroar, L50, M|
|poke|p1|Gholdengo, L50|
|poke|p1|Annihilape, L50, M|
|poke|p2|Amoonguss, L50, F|
|poke|p2|Incineroar, L50, M|
|poke|p2|Porygon2, L50|
|poke|p2|Ursaluna, L50, M|
|poke|p2|Hydreigon, L50, F|
|poke|p2|Sneasler, L50, F|
|teampreview|4
|showteam|p1|Whimsicott||FocusSash|Prankster|SunnyDay,Encore,Tailwind,Moonblast|||F|||50|,,,,,Ghost]Hydreigon||ChoiceSpecs|Levitate|HeatWave,DracoMeteor,Snarl,DarkPulse|||M|||50|,,,,,Fire]Grimmsnarl||LightClay|Prankster|SpiritBreak,Reflect,LightScreen,ThunderWave|||M|||50|,,,,,Steel]Incineroar||SafetyGoggles|Intimidate|KnockOff,FakeOut,PartingShot,FlareBlitz|||M|||50|,,,,,Ghost]Gholdengo||LifeOrb|GoodasGold|Protect,MakeItRain,ShadowBall,NastyPlot||||||50|,,,,,Water]Annihilape||SitrusBerry|Defiant|Protect,Taunt,RageFist,DrainPunch|||M|||50|,,,,,Fairy
|showteam|p2|Amoonguss||SitrusBerry|Regenerator|ClearSmog,PollenPuff,Spore,RagePowder|||F|||50|,,,,,Water]Incineroar||MirrorHerb|Intimidate|FakeOut,KnockOff,FlareBlitz,PartingShot|||M|||50|,,,,,Grass]Porygon2||Eviolite|Download|TeraBlast,IceBeam,Recover,TrickRoom||||||50|,,,,,Fighting]Ursaluna||FlameOrb|Guts|Facade,HeadlongRush,Earthquake,Protect|||M|||50|,,,,,Fairy]Hydreigon||SafetyGoggles|Levitate|DracoMeteor,Snarl,Tailwind,Protect|||F|||50|,,,,,Ghost]Sneasler||FocusSash|Unburden|CloseCombat,DireClaw,ThroatChop,Coaching|||F|||50|,,,,,Stellar
|inactive|Battle timer is ON: inactive players will automatically lose when time's up. (requested by Bad Game Bad)
|
|t:|1756395875
|teamsize|p1|4
|teamsize|p2|4
|start
|switch|p1a: Grimmsnarl|Grimmsnarl, L50, M|100/100
|switch|p1b: Incineroar|Incineroar, L50, M|100/100
|switch|p2a: Bearly a Bear|Sneasler, L50, F|100/100
|switch|p2b: Bear?|Ursaluna, L50, M|100/100
|-ability|p1b: Incineroar|Intimidate|boost
|-unboost|p2a: Bearly a Bear|atk|1
|-unboost|p2b: Bear?|atk|1
|turn|1
|
|t:|1756395900
|switch|p2a: Bearier|Porygon2, L50|100/100
|-ability|p2a: Bearier|Download|boost
|-boost|p2a: Bearier|atk|1
|switch|p2b: Bearings|Amoonguss, L50, F|100/100
|move|p1b: Incineroar|Fake Out|p2a: Bearier
|-damage|p2a: Bearier|94/100
|move|p1a: Grimmsnarl|Reflect|p1a: Grimmsnarl
|-sidestart|p1: chefbenboyrd|Reflect
|
|upkeep
|turn|2
|
|t:|1756395914
|move|p1a: Grimmsnarl|Light Screen|p1a: Grimmsnarl
|-sidestart|p1: chefbenboyrd|move: Light Screen
|move|p1b: Incineroar|Knock Off|p2a: Bearier
|-damage|p2a: Bearier|69/100
|-enditem|p2a: Bearier|Eviolite|[from] move: Knock Off|[of] p1b: Incineroar
|move|p2b: Bearings|Spore|p1a: Grimmsnarl
|-status|p1a: Grimmsnarl|slp|[from] move: Spore
|move|p2a: Bearier|Trick Room|p2a: Bearier
|-fieldstart|move: Trick Room|[of] p2a: Bearier
|
|upkeep
|turn|3
|
|t:|1756395938
|cant|p1a: Grimmsnarl|slp
|move|p2b: Bearings|Pollen Puff|p2a: Bearier
|-heal|p2a: Bearier|100/100
|move|p2a: Bearier|Tera Blast|p1a: Grimmsnarl
|-damage|p1a: Grimmsnarl|78/100 slp
|move|p1b: Incineroar|Flare Blitz|p2b: Bearings
|-supereffective|p2b: Bearings
|-damage|p2b: Bearings|8/100
|-status|p2b: Bearings|brn
|-enditem|p2b: Bearings|Sitrus Berry|[eat]
|-heal|p2b: Bearings|33/100 brn|[from] item: Sitrus Berry
|-damage|p1b: Incineroar|67/100|[from] Recoil
|
|-damage|p2b: Bearings|27/100 brn|[from] brn
|upkeep
|turn|4
|inactive|Bad Game Bad has 30 seconds left.
|inactive|Bad Game Bad has 20 seconds left.
|
|t:|1756395976
|switch|p2b: Bear?|Ursaluna, L50, M|100/100
|cant|p1a: Grimmsnarl|slp
|move|p2a: Bearier|Tera Blast|p1a: Grimmsnarl
|-damage|p1a: Grimmsnarl|57/100 slp
|move|p1b: Incineroar|Flare Blitz|p2b: Bear?
|-damage|p2b: Bear?|61/100
|-damage|p1b: Incineroar|52/100|[from] Recoil
|
|-status|p2b: Bear?|brn|[from] item: Flame Orb
|upkeep
|turn|5
|
|t:|1756395993
|switch|p1b: Hydreigon|Hydreigon, L50, M|100/100
|cant|p1a: Grimmsnarl|slp
|move|p2b: Bear?|Earthquake|p1b: Hydreigon|[spread] p2a,p1a
|-immune|p1b: Hydreigon|[from] ability: Levitate
|-damage|p2a: Bearier|52/100
|-damage|p1a: Grimmsnarl|16/100 slp
|move|p2a: Bearier|Recover|p2a: Bearier
|-heal|p2a: Bearier|100/100
|
|-damage|p2b: Bear?|54/100 brn|[from] brn
|upkeep
|turn|6
|
|t:|1756396011
|switch|p1b: Incineroar|Incineroar, L50, M|52/100
|-ability|p1b: Incineroar|Intimidate|boost
|-unboost|p2a: Bearier|atk|1
|-unboost|p2b: Bear?|atk|1
|-curestatus|p1a: Grimmsnarl|slp|[msg]
|move|p1a: Grimmsnarl|Thunder Wave|p2a: Bearier
|-status|p2a: Bearier|par
|move|p2a: Bearier|Tera Blast|p1a: Grimmsnarl
|-damage|p1a: Grimmsnarl|0 fnt
|faint|p1a: Grimmsnarl
|move|p2b: Bear?|Facade|p1b: Incineroar
|-damage|p1b: Incineroar|6/100
|
|-damage|p2b: Bear?|48/100 brn|[from] brn
|-fieldend|move: Trick Room
|upkeep
|
|t:|1756396034
|switch|p1a: Annihilape|Annihilape, L50, M|100/100
|turn|7
|
|t:|1756396044
|switch|p1b: Hydreigon|Hydreigon, L50, M|100/100
|switch|p2b: Bearly a Bear|Sneasler, L50, F|100/100
|move|p1a: Annihilape|Taunt|p2a: Bearier
|-start|p2a: Bearier|move: Taunt
|move|p2a: Bearier|Tera Blast|p1b: Hydreigon
|-damage|p1b: Hydreigon|72/100
|
|upkeep
|turn|8
|
|t:|1756396062
|switch|p2a: Bearings|Amoonguss, L50, F|60/100 brn
|-terastallize|p1b: Hydreigon|Fire
|move|p2b: Bearly a Bear|Close Combat|p1b: Hydreigon
|-damage|p1b: Hydreigon|21/100
|-unboost|p2b: Bearly a Bear|def|1
|-unboost|p2b: Bearly a Bear|spd|1
|move|p1a: Annihilape|Rage Fist|p2b: Bearly a Bear
|-damage|p2b: Bearly a Bear|52/100
|move|p1b: Hydreigon|Heat Wave|p2a: Bearings|[spread] p2a
|-miss|p1b: Hydreigon|p2b: Bearly a Bear
|-supereffective|p2a: Bearings
|-damage|p2a: Bearings|0 fnt
|faint|p2a: Bearings
|
|-sideend|p1: chefbenboyrd|Reflect
|upkeep
|
|t:|1756396085
|switch|p2a: Bearier|Porygon2, L50|100/100 par
|-ability|p2a: Bearier|Download|boost
|-boost|p2a: Bearier|atk|1
|turn|9
|
|t:|1756396097
|switch|p1b: Incineroar|Incineroar, L50, M|6/100
|-ability|p1b: Incineroar|Intimidate|boost
|-unboost|p2a: Bearier|atk|1
|-unboost|p2b: Bearly a Bear|atk|1
|move|p2b: Bearly a Bear|Dire Claw|p1b: Incineroar
|-damage|p1b: Incineroar|0 fnt
|faint|p1b: Incineroar
|move|p1a: Annihilape|Drain Punch|p2a: Bearier
|-supereffective|p2a: Bearier
|-damage|p2a: Bearier|54/100 par
|move|p2a: Bearier|Trick Room|p2a: Bearier
|-fieldstart|move: Trick Room|[of] p2a: Bearier
|
|-sideend|p1: chefbenboyrd|move: Light Screen
|upkeep
|
|t:|1756396104
|switch|p1b: Hydreigon|Hydreigon, L50, M, tera:Fire|21/100
|turn|10
|
|t:|1756396125
|cant|p2a: Bearier|par
|move|p1b: Hydreigon|Heat Wave|p2b: Bearly a Bear|[spread] p2a,p2b
|-damage|p2a: Bearier|0 fnt
|-damage|p2b: Bearly a Bear|0 fnt
|faint|p2a: Bearier
|faint|p2b: Bearly a Bear
|move|p1a: Annihilape|Drain Punch|p2: Bearier|[notarget]
|-fail|p1a: Annihilape
|
|upkeep
|
|t:|1756396131
|switch|p2a: Bear?|Ursaluna, L50, M|48/100 brn
|turn|11
|
|t:|1756396144
|-terastallize|p2a: Bear?|Fairy
|move|p2a: Bear?|Facade|p1b: Hydreigon
|-crit|p1b: Hydreigon
|-damage|p1b: Hydreigon|0 fnt
|faint|p1b: Hydreigon
|move|p1a: Annihilape|Drain Punch|p2a: Bear?
|-resisted|p2a: Bear?
|-damage|p2a: Bear?|36/100 brn
|
|-damage|p2a: Bear?|30/100 brn|[from] brn
|upkeep
|turn|12
|
|t:|1756396166
|move|p2a: Bear?|Headlong Rush|p1a: Annihilape
|-damage|p1a: Annihilape|3/100
|-unboost|p2a: Bear?|def|1
|-unboost|p2a: Bear?|spd|1
|-enditem|p1a: Annihilape|Sitrus Berry|[eat]
|-heal|p1a: Annihilape|28/100|[from] item: Sitrus Berry
|move|p1a: Annihilape|Rage Fist|p2a: Bear?
|-damage|p2a: Bear?|0 fnt
|faint|p2a: Bear?
|
|win|chefbenboyrd
|raw|chefbenboyrd's rating: 1171 → 1199(+28 for winning)
|raw|Bad Game Bad's rating: 1207 → 1179(-28 for losing)
