|j|☆format bad!!!
|j|☆Cobrite
|html|format bad!!!Cobrite    
|uhtml|bestof|Game 2 of a best-of-3
|t:|1757822659
|gametype|doubles
|player|p1|format bad!!!|lance|1064
|player|p2|Cobrite|1|1051
|gen|9
|tier|[Gen 9] VGC 2025 Reg H (Bo3)
|rated|
|rule|Species Clause: Limit one of each Pokémon
|rule|Item Clause: Limit 1 of each item
|clearpoke
|poke|p1|Maushold-Four, L50|
|poke|p1|Annihilape, L50, M|
|poke|p1|Indeedee, L50, M|
|poke|p1|Sneasler, L50, F|
|poke|p1|Charizard, L50, M|
|poke|p1|Jumpluff, L50, M|
|poke|p2|Archaludon, L50, F|
|poke|p2|Basculegion, L50, M|
|poke|p2|Pelipper, L50, M|
|poke|p2|Amoonguss, L50, F|
|poke|p2|Incineroar, L50, M|
|poke|p2|Maushold, L50|
|teampreview|4
|showteam|p1|Maushold-Four||FocusSash|FriendGuard|BeatUp,FollowMe,Taunt,Protect||||||50|,,,,,Ghost]Annihilape||SitrusBerry|Defiant|Protect,BulkUp,RageFist,DrainPunch|||M|||50|,,,,,Fire]Indeedee||ChoiceScarf|PsychicSurge|ExpandingForce,TeraBlast,Trick,Protect|||M|||50|,,,,,Psychic]Sneasler||PsychicSeed|Unburden|DireClaw,CloseCombat,ThroatChop,Protect|||F|||50|,,,,,Dark]Charizard||ChoiceSpecs|SolarPower|HeatWave,WeatherBall,AirSlash,Overheat|||M|||50|,,,,,Ghost]Jumpluff||CovertCloak|Chlorophyll|SleepPowder,RagePowder,Tailwind,SunnyDay|||M|||50|,,,,,Water
|showteam|p2|Archaludon||AssaultVest|Stamina|ElectroShot,DragonPulse,FlashCannon,BodyPress|||F|||50|,,,,,Grass]Basculegion||MysticWater|SwiftSwim|Protect,WaveCrash,AquaJet,LastRespects|||M|||50|,,,,,Water]Pelipper||FocusSash|Drizzle|Hurricane,WeatherBall,Tailwind,Protect|||M|||50|,,,,,Ghost]Amoonguss||SitrusBerry|Regenerator|Spore,RagePowder,PollenPuff,ClearSmog|||F|||50|,,,,,Water]Incineroar||SafetyGoggles|Intimidate|FakeOut,FlareBlitz,KnockOff,PartingShot|||M|||50|,,,,,Ghost]Maushold||WideLens|Technician|PopulationBomb,FollowMe,Taunt,Protect||||||50|,,,,,Grass
|inactive|Battle timer is ON: inactive players will automatically lose when time's up. (requested by format bad!!!)
|inactive|Cobrite has 60 seconds left.
|
|t:|1757822720
|teamsize|p1|4
|teamsize|p2|4
|start
|switch|p1a: Maushold|Maushold-Four, L50|100/100
|switch|p1b: Annihilape|Annihilape, L50, M|100/100
|switch|p2a: Maushold|Maushold, L50|100/100
|switch|p2b: Archaludon|Archaludon, L50, F|100/100
|turn|1
|
|t:|1757822735
|-terastallize|p1a: Maushold|Ghost
|move|p1a: Maushold|Follow Me|p1a: Maushold
|-singleturn|p1a: Maushold|move: Follow Me
|move|p2a: Maushold|Taunt|p1a: Maushold
|-start|p1a: Maushold|move: Taunt
|move|p1b: Annihilape|Bulk Up|p1b: Annihilape
|-boost|p1b: Annihilape|atk|1
|-boost|p1b: Annihilape|def|1
|move|p2b: Archaludon|Body Press|p1a: Maushold
|-immune|p1a: Maushold
|
|upkeep
|turn|2
|inactive|Cobrite has 30 seconds left.
|
|t:|1757822769
|move|p2a: Maushold|Population Bomb|p2b: Archaludon
|-resisted|p2b: Archaludon
|-damage|p2b: Archaludon|96/100
|-ability|p2b: Archaludon|Stamina|boost
|-boost|p2b: Archaludon|def|1
|-resisted|p2b: Archaludon
|-damage|p2b: Archaludon|93/100
|-ability|p2b: Archaludon|Stamina|boost
|-boost|p2b: Archaludon|def|1
|-resisted|p2b: Archaludon
|-damage|p2b: Archaludon|91/100
|-ability|p2b: Archaludon|Stamina|boost
|-boost|p2b: Archaludon|def|1
|-resisted|p2b: Archaludon
|-damage|p2b: Archaludon|90/100
|-ability|p2b: Archaludon|Stamina|boost
|-boost|p2b: Archaludon|def|1
|-resisted|p2b: Archaludon
|-damage|p2b: Archaludon|88/100
|-ability|p2b: Archaludon|Stamina|boost
|-boost|p2b: Archaludon|def|1
|-resisted|p2b: Archaludon
|-damage|p2b: Archaludon|87/100
|-ability|p2b: Archaludon|Stamina|boost
|-boost|p2b: Archaludon|def|1
|-resisted|p2b: Archaludon
|-damage|p2b: Archaludon|86/100
|-resisted|p2b: Archaludon
|-damage|p2b: Archaludon|85/100
|-resisted|p2b: Archaludon
|-damage|p2b: Archaludon|84/100
|-resisted|p2b: Archaludon
|-damage|p2b: Archaludon|83/100
|-hitcount|p2b: Archaludon|10
|move|p1a: Maushold|Beat Up|p1b: Annihilape
|-damage|p1b: Annihilape|99/100
|-damage|p1b: Annihilape|98/100
|-damage|p1b: Annihilape|97/100
|-damage|p1b: Annihilape|95/100
|-hitcount|p1b: Annihilape|4
|move|p1b: Annihilape|Drain Punch|p2a: Maushold
|-supereffective|p2a: Maushold
|-damage|p2a: Maushold|0 fnt
|-heal|p1b: Annihilape|100/100|[from] drain|[of] p2a: Maushold
|faint|p2a: Maushold
|move|p2b: Archaludon|Dragon Pulse|p1b: Annihilape
|-damage|p1b: Annihilape|68/100
|
|upkeep
|
|t:|1757822779
|switch|p2a: Pelipper|Pelipper, L50, M|100/100
|-weather|RainDance|[from] ability: Drizzle|[of] p2a: Pelipper
|turn|3
|
|t:|1757822802
|move|p2a: Pelipper|Protect|p2a: Pelipper
|-singleturn|p2a: Pelipper|Protect
|move|p1a: Maushold|Beat Up|p2a: Pelipper
|-activate|p2a: Pelipper|move: Protect
|move|p1b: Annihilape|Rage Fist|p2b: Archaludon
|-damage|p2b: Archaludon|48/100
|move|p2b: Archaludon|Electro Shot||[still]
|-prepare|p2b: Archaludon|Electro Shot
|-boost|p2b: Archaludon|spa|1
|-anim|p2b: Archaludon|Electro Shot|p1a: Maushold
|-damage|p1a: Maushold|9/100
|
|-weather|RainDance|[upkeep]
|upkeep
|turn|4
|inactive|Cobrite has 30 seconds left.
|inactive|Cobrite has 20 seconds left.
|inactive|Cobrite has 15 seconds left.
|
|t:|1757822843
|move|p1a: Maushold|Beat Up|p2a: Pelipper
|-crit|p2a: Pelipper
|-damage|p2a: Pelipper|96/100
|-damage|p2a: Pelipper|92/100
|-damage|p2a: Pelipper|89/100
|-damage|p2a: Pelipper|85/100
|-hitcount|p2a: Pelipper|4
|move|p1b: Annihilape|Rage Fist|p2a: Pelipper
|-damage|p2a: Pelipper|0 fnt
|faint|p2a: Pelipper
|move|p2b: Archaludon|Dragon Pulse|p1a: Maushold
|-damage|p1a: Maushold|0 fnt
|faint|p1a: Maushold
|
|-weather|RainDance|[upkeep]
|upkeep
|inactive|format bad!!! has 30 seconds left.
|
|t:|1757822868
|switch|p1a: Sneasler|Sneasler, L50, F|100/100
|switch|p2a: Incineroar|Incineroar, L50, M|100/100
|-ability|p2a: Incineroar|Intimidate|boost
|-unboost|p1a: Sneasler|atk|1
|-unboost|p1b: Annihilape|atk|1
|-ability|p1b: Annihilape|Defiant|boost
|-boost|p1b: Annihilape|atk|2
|turn|5
|
|t:|1757822883
|switch|p1a: Indeedee|Indeedee, L50, M|100/100
|-fieldstart|move: Psychic Terrain|[from] ability: Psychic Surge|[of] p1a: Indeedee
|-terastallize|p2a: Incineroar|Ghost
|move|p2a: Incineroar|Fake Out|p1a: Indeedee
|-activate|p1a: Indeedee|move: Psychic Terrain
|move|p1b: Annihilape|Rage Fist|p2b: Archaludon
|-crit|p2b: Archaludon
|-damage|p2b: Archaludon|0 fnt
|faint|p2b: Archaludon
|
|-weather|RainDance|[upkeep]
|upkeep
|turn|6
|c|☆format bad!!!|gg
|inactive|Cobrite has 30 seconds left.
|inactive|Cobrite has 20 seconds left.
|inactive|Cobrite has 15 seconds left.
|inactive|Cobrite has 10 seconds left.
|inactive|Cobrite has 5 seconds left.
|
|t:|1757822938
|move|p2a: Incineroar|Fake Out||[still]
|-hint|Fake Out only works on your first turn out.
|-fail|p2a: Incineroar
|move|p1a: Indeedee|Expanding Force|p2a: Incineroar
|-damage|p2a: Incineroar|20/100
|move|p1b: Annihilape|Rage Fist|p2a: Incineroar
|-supereffective|p2a: Incineroar
|-damage|p2a: Incineroar|0 fnt
|faint|p2a: Incineroar
|
|win|format bad!!!
|raw|format bad!!!'s rating: 1064 → 1093(+29 for winning)
|raw|Cobrite's rating: 1051 → 1034(-17 for losing)
|l|☆format bad!!!
|player|p1|
