|j|☆FR45
|j|☆cazabichos cr7
|html|FR45cazabichos cr7    
|uhtml|bestof|Game 2 of a best-of-3
|t:|1783989376
|gametype|doubles
|player|p1|FR45|ethan|1201
|player|p2|cazabichos cr7|bugcatcher-gen4dp|1275
|gen|9
|tier|[Gen 9 Champions] VGC 2026 Reg M-B (Bo3)
|rated|
|rule|Species Clause: Limit one of each Pokémon
|rule|Item Clause: Limit 1 of each item
|clearpoke
|poke|p1|Mawile, L50, M, shiny|
|poke|p1|Aerodactyl, L50, M|
|poke|p1|Sinistcha, L50|
|poke|p1|Kommo-o, L50, M|
|poke|p1|Milotic, L50, F|
|poke|p1|Venusaur, L50, F|
|poke|p2|Sylveon, L50, M|
|poke|p2|Incineroar, L50, M|
|poke|p2|Garchomp, L50, M|
|poke|p2|Metagross, L50, shiny|
|poke|p2|Aerodactyl, L50, M|
|poke|p2|Charizard, L50, M, shiny|
|teampreview|4
|showteam|p1|Mawile||Mawilite|Intimidate|IronHead,SuckerPunch,PlayRough,Protect|Adamant||M|||50|]Aerodactyl||FocusSash|Unnerve|RockSlide,DualWingbeat,IceFang,Tailwind|Jolly||M|||50|]Sinistcha||SitrusBerry|Hospitality|MatchaGotcha,RagePowder,TrickRoom,Protect|Bold|||||50|]Kommo-o||ExpertBelt|Bulletproof|ClangingScales,AuraSphere,Flamethrower,Protect|Modest||M|||50|]Milotic||Leftovers|Competitive|Scald,IceBeam,Recover,Protect|Modest||F|||50|]Venusaur||Venusaurite|Chlorophyll|GigaDrain,SludgeBomb,EarthPower,Protect|Modest||F|||50|
|showteam|p2|Sylveon||FairyFeather|Pixilate|Protect,QuickAttack,HyperBeam,HyperVoice|Modest||M|||50|]Incineroar||SitrusBerry|Intimidate|FakeOut,FlareBlitz,DarkestLariat,PartingShot|Careful||M|||50|]Garchomp||LifeOrb|RoughSkin|Earthquake,DragonClaw,RockSlide,Protect|Jolly||M|||50|]Metagross||Metagrossite|ClearBody|Protect,PsychicFangs,BulletPunch,BodyPress|Adamant|||||50|]Aerodactyl||FocusSash|Unnerve|Tailwind,RockSlide,DualWingbeat,Protect|Jolly||M|||50|]Charizard||CharizarditeY|Blaze|HeatWave,SolarBeam,WeatherBall,Protect|Modest||M|||50|
|inactive|Battle timer is ON: inactive players will automatically lose when time's up. (requested by FR45)
|inactive|FR45 has 60 seconds left.
|inactive|cazabichos cr7 has 60 seconds left.
|
|t:|1783989429
|teamsize|p1|4
|teamsize|p2|4
|start
|switch|p1a: Venusaur|Venusaur, L50, F|100/100
|switch|p1b: Aerodactyl|Aerodactyl, L50, M|100/100
|switch|p2a: Metagross|Metagross, L50, shiny|100/100
|switch|p2b: Aerodactyl|Aerodactyl, L50, M|100/100
|-ability|p2b: Aerodactyl|Unnerve
|-ability|p1b: Aerodactyl|Unnerve
|turn|1
|inactive|FR45 has 30 seconds left.
|
|t:|1783989457
|move|p1a: Venusaur|Protect|p1a: Venusaur
|-singleturn|p1a: Venusaur|Protect
|move|p2a: Metagross|Bullet Punch|p1b: Aerodactyl
|-supereffective|p1b: Aerodactyl|1
|-damage|p1b: Aerodactyl|32/100
|move|p2b: Aerodactyl|Tailwind|p2b: Aerodactyl
|-sidestart|p2: cazabichos cr7|move: Tailwind
|move|p1b: Aerodactyl|Tailwind|p1b: Aerodactyl
|-sidestart|p1: FR45|move: Tailwind
|
|upkeep
|turn|2
|
|t:|1783989480
|switch|p1b: Milotic|Milotic, L50, F|100/100
|move|p2a: Metagross|Protect|p2a: Metagross
|-singleturn|p2a: Metagross|Protect
|move|p2b: Aerodactyl|Dual Wingbeat|p1a: Venusaur|[miss]
|-miss|p2b: Aerodactyl|p1a: Venusaur
|move|p1a: Venusaur|Earth Power|p2a: Metagross
|-activate|p2a: Metagross|move: Protect
|
|upkeep
|turn|3
|
|t:|1783989503
|detailschange|p2a: Metagross|Metagross-Mega, L50, shiny
|-mega|p2a: Metagross|Metagross|Metagrossite
|detailschange|p1a: Venusaur|Venusaur-Mega, L50, F
|-mega|p1a: Venusaur|Venusaur|Venusaurite
|move|p2b: Aerodactyl|Rock Slide|p1b: Milotic|[spread] p1a,p1b
|-damage|p1a: Venusaur|78/100
|-damage|p1b: Milotic|77/100
|move|p2a: Metagross|Psychic Fangs|p1b: Milotic
|-damage|p1b: Milotic|22/100
|move|p1a: Venusaur|Earth Power|p2a: Metagross
|-supereffective|p2a: Metagross|1
|-damage|p2a: Metagross|42/100
|move|p1b: Milotic|Ice Beam|p2b: Aerodactyl
|-supereffective|p2b: Aerodactyl|1
|-damage|p2b: Aerodactyl|32/100
|
|-heal|p1b: Milotic|28/100|[from] item: Leftovers
|upkeep
|turn|4
|inactive|cazabichos cr7 has 30 seconds left.
|
|t:|1783989533
|move|p2b: Aerodactyl|Dual Wingbeat|p1b: Milotic|[miss]
|-miss|p2b: Aerodactyl|p1b: Milotic
|move|p2a: Metagross|Psychic Fangs|p1a: Venusaur
|-supereffective|p1a: Venusaur|1
|-damage|p1a: Venusaur|0 fnt
|faint|p1a: Venusaur
|move|p1b: Milotic|Recover|p1b: Milotic
|-heal|p1b: Milotic|78/100
|
|-heal|p1b: Milotic|84/100|[from] item: Leftovers
|-sideend|p1: FR45|move: Tailwind
|-sideend|p2: cazabichos cr7|move: Tailwind
|upkeep
|inactive|FR45 has 30 seconds left.
|
|t:|1783989558
|switch|p1a: Aerodactyl|Aerodactyl, L50, M|32/100
|-ability|p1a: Aerodactyl|Unnerve
|turn|5
|
|t:|1783989571
|switch|p1a: Kommo-o|Kommo-o, L50, M|100/100
|move|p2a: Metagross|Bullet Punch|p1a: Kommo-o
|-damage|p1a: Kommo-o|72/100
|move|p2b: Aerodactyl|Rock Slide|p1a: Kommo-o|[spread] p1a,p1b
|-resisted|p1a: Kommo-o|1
|-damage|p1a: Kommo-o|59/100
|-damage|p1b: Milotic|61/100
|move|p1b: Milotic|Scald|p2a: Metagross
|-damage|p2a: Metagross|10/100
|
|-heal|p1b: Milotic|67/100|[from] item: Leftovers
|upkeep
|turn|6
|
|t:|1783989589
|move|p2a: Metagross|Protect|p2a: Metagross
|-singleturn|p2a: Metagross|Protect
|move|p1b: Milotic|Protect|p1b: Milotic
|-singleturn|p1b: Milotic|Protect
|move|p2b: Aerodactyl|Tailwind|p2b: Aerodactyl
|-sidestart|p2: cazabichos cr7|move: Tailwind
|move|p1a: Kommo-o|Clanging Scales|p2b: Aerodactyl|[spread] p2b
|-activate|p2a: Metagross|move: Protect
|-crit|p2b: Aerodactyl
|-damage|p2b: Aerodactyl|0 fnt
|faint|p2b: Aerodactyl
|-unboost|p1a: Kommo-o|def|1
|
|-heal|p1b: Milotic|73/100|[from] item: Leftovers
|upkeep
|
|t:|1783989605
|switch|p2b: Sylveon|Sylveon, L50, M|100/100
|turn|7
|
|t:|1783989612
|move|p1a: Kommo-o|Protect|p1a: Kommo-o
|-singleturn|p1a: Kommo-o|Protect
|move|p2a: Metagross|Psychic Fangs|p1b: Milotic
|-damage|p1b: Milotic|8/100
|move|p2b: Sylveon|Hyper Voice|p1a: Kommo-o|[spread] p1b
|-activate|p1a: Kommo-o|move: Protect
|-damage|p1b: Milotic|0 fnt
|faint|p1b: Milotic
|
|upkeep
|
|t:|1783989622
|switch|p1b: Aerodactyl|Aerodactyl, L50, M|32/100
|-ability|p1b: Aerodactyl|Unnerve
|turn|8
|
|t:|1783989633
|move|p2a: Metagross|Bullet Punch|p1b: Aerodactyl
|-supereffective|p1b: Aerodactyl|1
|-damage|p1b: Aerodactyl|0 fnt
|faint|p1b: Aerodactyl
|move|p2b: Sylveon|Hyper Voice|p1a: Kommo-o
|-supereffective|p1a: Kommo-o|2
|-damage|p1a: Kommo-o|0 fnt
|faint|p1a: Kommo-o
|
|win|cazabichos cr7
|raw|FR45's rating: 1201 → 1181(-20 for losing)
|raw|cazabichos cr7's rating: 1275 → 1295(+20 for winning)
