|j|☆zaharba
|j|☆Straxll
|html|zaharbaStraxll    
|uhtml|bestof|Game 2 of a best-of-3
|t:|1783533988
|gametype|doubles
|player|p1|zaharba|170|1153
|player|p2|Straxll|rocketgrunt|1023
|gen|9
|tier|[Gen 9 Champions] VGC 2026 Reg M-B (Bo3)
|rated|
|rule|Species Clause: Limit one of each Pokémon
|rule|Item Clause: Limit 1 of each item
|clearpoke
|poke|p1|Raichu, L50, F, shiny|
|poke|p1|Vivillon, L50, F|
|poke|p1|Ninetales-Alola, L50, F, shiny|
|poke|p1|Tyranitar, L50, M|
|poke|p1|Basculegion-F, L50, F|
|poke|p1|Talonflame, L50, M|
|poke|p2|Charizard, L50, M|
|poke|p2|Staraptor, L50, F|
|poke|p2|Gholdengo, L50|
|poke|p2|Whimsicott, L50, M|
|poke|p2|Garchomp, L50, M|
|poke|p2|Basculegion, L50, M|
|teampreview|4
|showteam|p1|Raichu||RaichuniteY|LightningRod|FocusBlast,ZapCannon,UpperHand,FakeOut|Timid||F|||50|]Vivillon||ChoiceScarf|CompoundEyes|SleepPowder,RagePowder,Hurricane,Tailwind|Timid||F|||50|]Ninetales-Alola||NeverMeltIce|SnowWarning|Protect,FreezeDry,Blizzard,Encore|Timid||F|||50|]Tyranitar||FocusSash|SandStream|RockSlide,HighHorsepower,Protect,DragonDance|Jolly||M|||50|]Basculegion-F||SpellTag|Adaptability|Protect,Hex,HydroPump,MuddyWater|Modest||F|||50|]Talonflame||LifeOrb|GaleWings|Whirlwind,BraveBird,Overheat,Tailwind|Naive||M|||50|
|showteam|p2|Charizard||CharizarditeY|Blaze|HeatWave,Protect,SolarBeam,WeatherBall|Timid||M|||50|]Staraptor||Staraptite|Intimidate|Protect,Roost,DualWingbeat,CloseCombat|Adamant||F|||50|]Gholdengo||ChoiceScarf|GoodasGold|ShadowBall,MakeItRain,Trick,PowerGem|Timid|||||50|]Whimsicott||FocusSash|Prankster|Protect,Tailwind,Charm,Moonblast|Bold||M|||50|]Garchomp||LifeOrb|RoughSkin|RockSlide,DragonClaw,EarthPower,Protect|Naive||M|||50|]Basculegion||MysticWater|Adaptability|Protect,AquaJet,LastRespects,WaveCrash|Adamant||M|||50|
|inactive|Battle timer is ON: inactive players will automatically lose when time's up. (requested by zaharba)
|inactive|zaharba has 60 seconds left.
|inactive|Straxll has 60 seconds left.
|
|t:|1783534039
|teamsize|p1|4
|teamsize|p2|4
|start
|switch|p1a: Talonflame|Talonflame, L50, M|100/100
|switch|p1b: Tyranitar|Tyranitar, L50, M|100/100
|switch|p2a: Charizard|Charizard, L50, M|100/100
|switch|p2b: Whimsicott|Whimsicott, L50, M|100/100
|-weather|Sandstorm|[from] ability: Sand Stream|[of] p1b: Tyranitar
|turn|1
|
|t:|1783534059
|move|p1a: Talonflame|Tailwind|p1a: Talonflame
|-sidestart|p1: zaharba|move: Tailwind
|move|p2b: Whimsicott|Tailwind|p2b: Whimsicott
|-sidestart|p2: Straxll|move: Tailwind
|move|p2a: Charizard|Weather Ball|p1a: Talonflame
|-supereffective|p1a: Talonflame|2
|-damage|p1a: Talonflame|0 fnt
|faint|p1a: Talonflame
|move|p1b: Tyranitar|Dragon Dance|p1b: Tyranitar
|-boost|p1b: Tyranitar|atk|1
|-boost|p1b: Tyranitar|spe|1
|
|-weather|Sandstorm|[upkeep]
|-damage|p2a: Charizard|94/100|[from] Sandstorm
|-damage|p2b: Whimsicott|94/100|[from] Sandstorm
|upkeep
|
|t:|1783534073
|switch|p1a: Raichu|Raichu, L50, F, shiny|100/100
|turn|2
|
|t:|1783534088
|detailschange|p2a: Charizard|Charizard-Mega-Y, L50, M
|-mega|p2a: Charizard|Charizard|Charizardite Y
|-weather|SunnyDay|[from] ability: Drought|[of] p2a: Charizard
|move|p1a: Raichu|Fake Out|p2b: Whimsicott
|-damage|p2b: Whimsicott|87/100
|move|p1b: Tyranitar|Rock Slide|p2a: Charizard|[spread] p2a,p2b
|-supereffective|p2a: Charizard|2
|-damage|p2a: Charizard|0 fnt
|-damage|p2b: Whimsicott|49/100
|faint|p2a: Charizard
|cant|p2b: Whimsicott|flinch
|
|-weather|SunnyDay|[upkeep]
|upkeep
|
|t:|1783534104
|switch|p2a: Basculegion|Basculegion, L50, M|100/100
|turn|3
|
|t:|1783534119
|detailschange|p1a: Raichu|Raichu-Mega-Y, L50, F, shiny
|-mega|p1a: Raichu|Raichu|Raichunite Y
|move|p1a: Raichu|Zap Cannon|p2a: Basculegion
|-supereffective|p2a: Basculegion|1
|-damage|p2a: Basculegion|0 fnt
|faint|p2a: Basculegion
|move|p1b: Tyranitar|Rock Slide|p2b: Whimsicott
|-damage|p2b: Whimsicott|1/100
|cant|p2b: Whimsicott|flinch
|
|-weather|SunnyDay|[upkeep]
|upkeep
|
|t:|1783534132
|switch|p2a: Gholdengo|Gholdengo, L50|100/100
|turn|4
|
|t:|1783534144
|move|p2b: Whimsicott|Protect|p2b: Whimsicott
|-singleturn|p2b: Whimsicott|Protect
|move|p2a: Gholdengo|Make It Rain|p1a: Raichu|[spread] p1a,p1b
|-resisted|p1a: Raichu|1
|-supereffective|p1b: Tyranitar|1
|-damage|p1a: Raichu|60/100
|-enditem|p1b: Tyranitar|Focus Sash
|-damage|p1b: Tyranitar|1/100
|-unboost|p2a: Gholdengo|spa|2
|move|p1a: Raichu|Zap Cannon|p2a: Gholdengo
|-damage|p2a: Gholdengo|8/100
|-status|p2a: Gholdengo|par
|move|p1b: Tyranitar|Rock Slide|p2b: Whimsicott|[spread] p2a
|-activate|p2b: Whimsicott|move: Protect
|-resisted|p2a: Gholdengo|1
|-damage|p2a: Gholdengo|0 fnt
|faint|p2a: Gholdengo
|
|-weather|SunnyDay|[upkeep]
|-sideend|p1: zaharba|move: Tailwind
|-sideend|p2: Straxll|move: Tailwind
|upkeep
|turn|5
|inactive|zaharba has 30 seconds left.
|
|t:|1783534169
|move|p1a: Raichu|Zap Cannon|p2b: Whimsicott
|-resisted|p2b: Whimsicott|1
|-damage|p2b: Whimsicott|0 fnt
|faint|p2b: Whimsicott
|
|win|zaharba
|raw|zaharba's rating: 1153 → 1169(+16 for winning)
|raw|Straxll's rating: 1023 → 1014(-9 for losing)
