|j|☆bananatreeenjoyer
|j|☆iambuttersock
|html|bananatreeenjoyeriambuttersock    
|uhtml|bestof|Game 1 of a best-of-3
|t:|1756787269
|gametype|doubles
|player|p1|bananatreeenjoyer|silver|1045
|player|p2|iambuttersock|twins-gen4dp|1000
|gen|9
|tier|[Gen 9] VGC 2025 Reg H (Bo3)
|rated|
|rule|Species Clause: Limit one of each Pokémon
|rule|Item Clause: Limit 1 of each item
|clearpoke
|poke|p1|Gyarados, L50, M|
|poke|p1|Indeedee, L50, M|
|poke|p1|Sneasler, L50, M|
|poke|p1|Tyranitar, L50, M|
|poke|p1|Ursaluna-Bloodmoon, L50, M|
|poke|p1|Volcarona, L50, F|
|poke|p2|Dragapult, L50, M|
|poke|p2|Sneasler, L50, F|
|poke|p2|Volcarona, L50, F|
|poke|p2|Kingambit, L50, F|
|poke|p2|Electabuzz, L50, M|
|poke|p2|Rillaboom, L50, M|
|teampreview|4
|showteam|p1|Gyarados||SafetyGoggles|Intimidate|Taunt,ThunderWave,Waterfall,Protect|||M|||50|,,,,,Steel]Indeedee||ChoiceScarf|PsychicSurge|ExpandingForce,TeraBlast,Trick,Protect|||M|||50|,,,,,Psychic]Sneasler||PsychicSeed|Unburden|CloseCombat,DireClaw,ThroatChop,Protect|||M|||50|,,,,,Dark]Tyranitar||AssaultVest|SandStream|LowKick,TeraBlast,KnockOff,RockSlide|||M|||50|,,,,,Flying]Ursaluna-Bloodmoon||LifeOrb|MindsEye|HyperVoice,BloodMoon,EarthPower,Protect|||M|||50|,,,,,Normal]Volcarona||SitrusBerry|FlameBody|Overheat,StruggleBug,RagePowder,Tailwind|||F|||50|,,,,,Grass
|showteam|p2|Dragapult||ChoiceBand|ClearBody|DragonDarts,Outrage,PhantomForce,Uturn|||M|||50|,,,,,Dragon]Sneasler||FocusSash|PoisonTouch|CloseCombat,DireClaw,FakeOut,Coaching|||F|||50|,,,,,Stellar]Volcarona||Leftovers|FlameBody|HeatWave,TeraBlast,QuiverDance,Protect|||F|||50|,,,,,Fairy]Kingambit||BlackGlasses|Defiant|KowtowCleave,SuckerPunch,SwordsDance,Protect|||F|||50|,,,,,Dark]Electabuzz||Eviolite|VitalSpirit|Electroweb,Taunt,FollowMe,Protect|||M|||50|,,,,,Dragon]Rillaboom||AssaultVest|GrassySurge|WoodHammer,GrassyGlide,Uturn,FakeOut|||M|||50|,,,,,Grass
|inactive|Battle timer is ON: inactive players will automatically lose when time's up. (requested by iambuttersock)
|inactive|bananatreeenjoyer has 60 seconds left.
|inactive|iambuttersock has 60 seconds left.
|inactive|bananatreeenjoyer has 30 seconds left.
|inactive|iambuttersock has 30 seconds left.
|
|t:|1756787334
|teamsize|p1|4
|teamsize|p2|4
|start
|switch|p1a: Althair|Ursaluna-Bloodmoon, L50, M|100/100
|switch|p1b: Kalan|Volcarona, L50, F|100/100
|switch|p2a: Dragapult|Dragapult, L50, M|100/100
|switch|p2b: Rillaboom|Rillaboom, L50, M, shiny|100/100
|-fieldstart|move: Grassy Terrain|[from] ability: Grassy Surge|[of] p2b: Rillaboom
|turn|1
|inactive|bananatreeenjoyer has 30 seconds left.
|inactive|iambuttersock has 30 seconds left.
|
|t:|1756787369
|-terastallize|p2a: Dragapult|Dragon
|move|p1a: Althair|Protect|p1a: Althair
|-singleturn|p1a: Althair|Protect
|move|p2a: Dragapult|Dragon Darts|p1b: Kalan
|-damage|p1b: Kalan|42/100
|-enditem|p1b: Kalan|Sitrus Berry|[eat]
|-heal|p1b: Kalan|67/100|[from] item: Sitrus Berry
|-anim|p2a: Dragapult|Dragon Darts|p1b: Kalan
|-damage|p1b: Kalan|4/100
|move|p1b: Kalan|Tailwind|p1b: Kalan
|-sidestart|p1: bananatreeenjoyer|move: Tailwind
|move|p2b: Rillaboom|U-turn|p1b: Kalan
|-resisted|p1b: Kalan
|-damage|p1b: Kalan|0 fnt
|faint|p1b: Kalan
|
|t:|1756787380
|switch|p2b: Electabuzz|Electabuzz, L50, M, shiny|100/100|[from] U-turn
|
|upkeep
|
|t:|1756787386
|switch|p1b: Layton|Indeedee, L50, M|100/100
|-fieldstart|move: Psychic Terrain|[from] ability: Psychic Surge|[of] p1b: Layton
|turn|2
|inactive|bananatreeenjoyer has 30 seconds left.
|
|t:|1756787415
|switch|p2b: Rillaboom|Rillaboom, L50, M, shiny|100/100
|-fieldstart|move: Grassy Terrain|[from] ability: Grassy Surge|[of] p2b: Rillaboom
|-terastallize|p1a: Althair|Normal
|move|p1b: Layton|Expanding Force|p2a: Dragapult
|-damage|p2a: Dragapult|47/100
|move|p2a: Dragapult|Dragon Darts|p1a: Althair
|-damage|p1a: Althair|58/100
|-anim|p2a: Dragapult|Dragon Darts|p1b: Layton
|-damage|p1b: Layton|0 fnt
|faint|p1b: Layton
|move|p1a: Althair|Blood Moon|p2a: Dragapult
|-damage|p2a: Dragapult|0 fnt
|faint|p2a: Dragapult
|-damage|p1a: Althair|49/100|[from] item: Life Orb
|
|-heal|p1a: Althair|54/100|[from] Grassy Terrain
|upkeep
|
|t:|1756787433
|switch|p2a: Volcarona|Volcarona, L50, F, shiny|100/100
|switch|p1b: Herod|Sneasler, L50, M|100/100
|turn|3
|
|t:|1756787442
|move|p1b: Herod|Protect|p1b: Herod
|-singleturn|p1b: Herod|Protect
|move|p2b: Rillaboom|Fake Out|p1b: Herod
|-activate|p1b: Herod|move: Protect
|move|p1a: Althair|Hyper Voice|p2a: Volcarona|[spread] p2a,p2b
|-damage|p2a: Volcarona|27/100
|-damage|p2b: Rillaboom|35/100
|-damage|p1a: Althair|45/100|[from] item: Life Orb
|move|p2a: Volcarona|Quiver Dance|p2a: Volcarona
|-boost|p2a: Volcarona|spa|1
|-boost|p2a: Volcarona|spd|1
|-boost|p2a: Volcarona|spe|1
|
|-heal|p2a: Volcarona|34/100|[from] Grassy Terrain
|-heal|p2a: Volcarona|40/100|[from] item: Leftovers
|-heal|p1a: Althair|51/100|[from] Grassy Terrain
|-heal|p2b: Rillaboom|41/100|[from] Grassy Terrain
|upkeep
|turn|4
|
|t:|1756787463
|move|p2a: Volcarona|Protect|p2a: Volcarona
|-singleturn|p2a: Volcarona|Protect
|move|p1a: Althair|Protect|p1a: Althair
|-singleturn|p1a: Althair|Protect
|move|p2b: Rillaboom|Grassy Glide|p1a: Althair
|-activate|p1a: Althair|move: Protect
|move|p1b: Herod|Dire Claw|p2b: Rillaboom
|-supereffective|p2b: Rillaboom
|-damage|p2b: Rillaboom|0 fnt
|faint|p2b: Rillaboom
|
|-heal|p2a: Volcarona|46/100|[from] Grassy Terrain
|-heal|p2a: Volcarona|52/100|[from] item: Leftovers
|-heal|p1a: Althair|57/100|[from] Grassy Terrain
|-sideend|p1: bananatreeenjoyer|move: Tailwind
|upkeep
|
|t:|1756787467
|switch|p2b: Electabuzz|Electabuzz, L50, M, shiny|100/100
|turn|5
|inactive|bananatreeenjoyer has 30 seconds left.
|inactive|bananatreeenjoyer has 20 seconds left.
|inactive|bananatreeenjoyer has 15 seconds left.
|
|t:|1756787508
|move|p1b: Herod|Protect|p1b: Herod
|-singleturn|p1b: Herod|Protect
|move|p2b: Electabuzz|Follow Me|p2b: Electabuzz
|-singleturn|p2b: Electabuzz|move: Follow Me
|move|p2a: Volcarona|Heat Wave|p1a: Althair|[spread] p1a
|-activate|p1b: Herod|move: Protect
|-crit|p1a: Althair
|-damage|p1a: Althair|0 fnt
|faint|p1a: Althair
|
|-heal|p2a: Volcarona|59/100|[from] Grassy Terrain
|-heal|p2a: Volcarona|65/100|[from] item: Leftovers
|upkeep
|turn|6
|
|t:|1756787524
|move|p2b: Electabuzz|Follow Me|p2b: Electabuzz
|-singleturn|p2b: Electabuzz|move: Follow Me
|move|p2a: Volcarona|Heat Wave|p1b: Herod|[miss]
|-miss|p2a: Volcarona|p1b: Herod
|move|p1b: Herod|Dire Claw|p2b: Electabuzz
|-damage|p2b: Electabuzz|48/100
|
|-heal|p2a: Volcarona|71/100|[from] Grassy Terrain
|-heal|p2a: Volcarona|77/100|[from] item: Leftovers
|-heal|p2b: Electabuzz|53/100|[from] Grassy Terrain
|-fieldend|move: Grassy Terrain
|upkeep
|turn|7
|
|t:|1756787537
|move|p2b: Electabuzz|Follow Me|p2b: Electabuzz
|-singleturn|p2b: Electabuzz|move: Follow Me
|move|p2a: Volcarona|Heat Wave|p1b: Herod
|-damage|p1b: Herod|0 fnt
|faint|p1b: Herod
|
|win|iambuttersock
||iambuttersock is ready for game 2.
||bananatreeenjoyer is ready for game 2.
|uhtml|next|Next: Game 2 of 3
|l|☆iambuttersock
|player|p2|
