|j|☆we_are_toasted
|j|☆MarkTheMarker
|html|we_are_toastedMarkTheMarker    
|uhtml|bestof|Game 2 of a best-of-3
|t:|1784654882
|gametype|doubles
|player|p1|we_are_toasted|102|1336
|player|p2|MarkTheMarker|wallace|1332
|gen|9
|tier|[Gen 9 Champions] VGC 2026 Reg M-B (Bo3)
|rated|
|rule|Species Clause: Limit one of each Pokémon
|rule|Item Clause: Limit 1 of each item
|clearpoke
|poke|p1|Froslass, L50, F|
|poke|p1|Sneasler, L50, F, shiny|
|poke|p1|Lycanroc-Dusk, L50, M, shiny|
|poke|p1|Basculegion, L50, M|
|poke|p1|Kingambit, L50, M, shiny|
|poke|p1|Scovillain, L50, M, shiny|
|poke|p2|Venusaur, L50, M|
|poke|p2|Charizard, L50, M|
|poke|p2|Grimmsnarl, L50, M|
|poke|p2|Archaludon, L50, F|
|poke|p2|Basculegion, L50, M|
|poke|p2|Pelipper, L50, F|
|teampreview|4
|showteam|p1|Froslass||Froslassite|CursedBody|Blizzard,ShadowBall,AuroraVeil,Protect|Timid||F|||50|]Sneasler||WhiteHerb|Unburden|FakeOut,CloseCombat,GunkShot,Protect|Adamant||F|||50|]Lycanroc-Dusk||FocusSash|ToughClaws|RockSlide,CloseCombat,Accelerock,Protect|Adamant||M|||50|]Basculegion||SitrusBerry|Adaptability|AquaJet,LastRespects,WaveCrash,Protect|Adamant||M|||50|]Kingambit||LifeOrb|Defiant|SuckerPunch,KowtowCleave,SwordsDance,Protect|Adamant||M|||50|]Scovillain||Scovillainite|Moody|GigaDrain,RagePowder,Overheat,Protect|Bold||M|||50|
|showteam|p2|Venusaur||FocusSash|Chlorophyll|SludgeBomb,EarthPower,SleepPowder,Protect|Modest||M|||50|]Charizard||CharizarditeY|Blaze|Protect,HeatWave,SolarBeam,WeatherBall|Modest||M|||50|]Grimmsnarl||LightClay|Prankster|SpiritBreak,LightScreen,Reflect,PartingShot|Sassy||M|||50|]Archaludon||Leftovers|Stamina|ElectroShot,DragonPulse,FlashCannon,Protect|Calm||F|||50|]Basculegion||ChoiceScarf|Adaptability|WaveCrash,LastRespects,AquaJet,FlipTurn|Jolly||M|||50|]Pelipper||SitrusBerry|Drizzle|Hurricane,WeatherBall,Tailwind,WideGuard|Modest||F|||50|
|inactive|Battle timer is ON: inactive players will automatically lose when time's up. (requested by MarkTheMarker)
|inactive|MarkTheMarker has 60 seconds left.
|
|t:|1784654921
|teamsize|p1|4
|teamsize|p2|4
|start
|switch|p1a: Lycanroc|Lycanroc-Dusk, L50, M, shiny|100/100
|switch|p1b: Kingambit|Kingambit, L50, M, shiny|100/100
|switch|p2a: Charizard|Charizard, L50, M|100/100
|switch|p2b: Venusaur|Venusaur, L50, M|100/100
|turn|1
|inactive|we_are_toasted has 30 seconds left.
|
|t:|1784654948
|detailschange|p2a: Charizard|Charizard-Mega-Y, L50, M
|-mega|p2a: Charizard|Charizard|Charizardite Y
|-weather|SunnyDay|[from] ability: Drought|[of] p2a: Charizard
|move|p2a: Charizard|Protect|p2a: Charizard
|-singleturn|p2a: Charizard|Protect
|move|p1a: Lycanroc|Accelerock|p2a: Charizard
|-activate|p2a: Charizard|move: Protect
|move|p2b: Venusaur|Sleep Powder|p1b: Kingambit
|-status|p1b: Kingambit|slp|[from] move: Sleep Powder
|cant|p1b: Kingambit|slp
|
|-weather|SunnyDay|[upkeep]
|upkeep
|turn|2
|inactive|we_are_toasted has 30 seconds left.
|inactive|MarkTheMarker has 30 seconds left.
|inactive|MarkTheMarker has 20 seconds left.
|inactive|MarkTheMarker has 15 seconds left.
|inactive|MarkTheMarker has 10 seconds left.
|inactive|MarkTheMarker has 5 seconds left.
|
|t:|1784655000
|switch|p2a: Archaludon|Archaludon, L50, F|100/100
|move|p1a: Lycanroc|Accelerock|p2a: Archaludon
|-resisted|p2a: Archaludon|1
|-damage|p2a: Archaludon|89/100
|-ability|p2a: Archaludon|Stamina|boost
|-boost|p2a: Archaludon|def|1
|move|p2b: Venusaur|Earth Power|p1a: Lycanroc
|-supereffective|p1a: Lycanroc|1
|-enditem|p1a: Lycanroc|Focus Sash
|-damage|p1a: Lycanroc|1/100
|cant|p1b: Kingambit|slp
|
|-weather|SunnyDay|[upkeep]
|-heal|p2a: Archaludon|95/100|[from] item: Leftovers
|upkeep
|turn|3
|
|t:|1784655022
|switch|p1a: Sneasler|Sneasler, L50, F, shiny|100/100
|move|p2a: Archaludon|Protect|p2a: Archaludon
|-singleturn|p2a: Archaludon|Protect
|move|p2b: Venusaur|Earth Power|p1b: Kingambit
|-supereffective|p1b: Kingambit|1
|-damage|p1b: Kingambit|42/100 slp
|-curestatus|p1b: Kingambit|slp|[msg]
|move|p1b: Kingambit|Swords Dance|p1b: Kingambit
|-boost|p1b: Kingambit|atk|2
|
|-weather|SunnyDay|[upkeep]
|-heal|p2a: Archaludon|100/100|[from] item: Leftovers
|upkeep
|turn|4
|inactive|we_are_toasted has 30 seconds left.
|inactive|MarkTheMarker has 30 seconds left.
|inactive|we_are_toasted has 20 seconds left.
|inactive|MarkTheMarker has 20 seconds left.
|inactive|MarkTheMarker has 15 seconds left.
|
|t:|1784655065
|move|p2b: Venusaur|Protect|p2b: Venusaur
|-singleturn|p2b: Venusaur|Protect
|move|p1b: Kingambit|Sucker Punch|p2a: Archaludon
|-crit|p2a: Archaludon
|-damage|p2a: Archaludon|0 fnt
|faint|p2a: Archaludon
|-damage|p1b: Kingambit|32/100|[from] item: Life Orb
|move|p1a: Sneasler|Close Combat|p2b: Venusaur
|-activate|p2b: Venusaur|move: Protect
|
|-weather|SunnyDay|[upkeep]
|upkeep
|
|t:|1784655078
|switch|p2a: Pelipper|Pelipper, L50, F|100/100
|-weather|RainDance|[from] ability: Drizzle|[of] p2a: Pelipper
|turn|5
|inactive|we_are_toasted has 30 seconds left.
|inactive|we_are_toasted has 20 seconds left.
|
|t:|1784655118
|move|p1b: Kingambit|Sucker Punch||[still]
|-fail|p1b: Kingambit
|move|p1a: Sneasler|Close Combat|p2b: Venusaur
|-resisted|p2b: Venusaur|1
|-damage|p2b: Venusaur|65/100
|-unboost|p1a: Sneasler|def|1
|-unboost|p1a: Sneasler|spd|1
|-enditem|p1a: Sneasler|White Herb
|-clearnegativeboost|p1a: Sneasler|[silent]
|move|p2b: Venusaur|Sleep Powder|p1b: Kingambit|[miss]
|-miss|p2b: Venusaur|p1b: Kingambit
|move|p2a: Pelipper|Tailwind|p2a: Pelipper
|-sidestart|p2: MarkTheMarker|move: Tailwind
|
|-weather|RainDance|[upkeep]
|upkeep
|turn|6
|inactive|we_are_toasted has 30 seconds left.
|inactive|MarkTheMarker has 30 seconds left.
|inactive|MarkTheMarker has 20 seconds left.
|inactive|MarkTheMarker has 15 seconds left.
|
|t:|1784655159
|switch|p2a: Charizard|Charizard-Mega-Y, L50, M|100/100
|-weather|SunnyDay|[from] ability: Drought|[of] p2a: Charizard
|move|p1a: Sneasler|Protect|p1a: Sneasler
|-singleturn|p1a: Sneasler|Protect
|move|p1b: Kingambit|Protect|p1b: Kingambit
|-singleturn|p1b: Kingambit|Protect
|move|p2b: Venusaur|Sleep Powder|p1b: Kingambit
|-activate|p1b: Kingambit|move: Protect
|
|-weather|SunnyDay|[upkeep]
|upkeep
|turn|7
|
|t:|1784655177
|move|p2a: Charizard|Protect|p2a: Charizard
|-singleturn|p2a: Charizard|Protect
|move|p1b: Kingambit|Sucker Punch||[still]
|-fail|p1b: Kingambit
|move|p2b: Venusaur|Sleep Powder|p1b: Kingambit|[miss]
|-miss|p2b: Venusaur|p1b: Kingambit
|move|p1a: Sneasler|Gunk Shot|p2b: Venusaur
|-damage|p2b: Venusaur|0 fnt
|faint|p2b: Venusaur
|
|-weather|SunnyDay|[upkeep]
|upkeep
|
|t:|1784655183
|switch|p2b: Pelipper|Pelipper, L50, F|100/100
|-weather|RainDance|[from] ability: Drizzle|[of] p2b: Pelipper
|turn|8
|
|t:|1784655197
|move|p2b: Pelipper|Wide Guard|p2b: Pelipper
|-singleturn|p2b: Pelipper|Wide Guard
|move|p1b: Kingambit|Sucker Punch||[still]
|-fail|p1b: Kingambit
|move|p1a: Sneasler|Gunk Shot|p2a: Charizard
|-damage|p2a: Charizard|41/100
|-status|p2a: Charizard|psn
|move|p2a: Charizard|Weather Ball|p1b: Kingambit
|-crit|p1b: Kingambit
|-damage|p1b: Kingambit|0 fnt
|faint|p1b: Kingambit
|
|-weather|RainDance|[upkeep]
|-damage|p2a: Charizard|29/100 psn|[from] psn
|-sideend|p2: MarkTheMarker|move: Tailwind
|upkeep
|
|t:|1784655208
|switch|p1b: Froslass|Froslass, L50, F|100/100
|turn|9
|-message|MarkTheMarker forfeited.
|
|win|we_are_toasted
|l|☆MarkTheMarker
|player|p2|
||MarkTheMarker is ready for game 3.
