|j|☆iliteratepineapple
|j|☆hungry hillo
|html|iliteratepineapplehungry hillo    
|uhtml|bestof|Game 2 of a best-of-3
|t:|1757624604
|gametype|doubles
|player|p1|iliteratepineapple|169|
|player|p2|hungry hillo|n|
|gen|9
|tier|[Gen 9] VGC 2025 Reg H (Bo3)
|rule|Species Clause: Limit one of each Pokémon
|rule|Item Clause: Limit 1 of each item
|clearpoke
|poke|p1|Hydreigon, L50, M|
|poke|p1|Murkrow, L50, M|
|poke|p1|Gholdengo, L50|
|poke|p1|Clefable, L50, M|
|poke|p1|Gothitelle, L50, M|
|poke|p1|Garganacl, L50, F|
|poke|p2|Rillaboom, L50, F|
|poke|p2|Dondozo, L50, F|
|poke|p2|Incineroar, L50, M|
|poke|p2|Clefairy, L50, M|
|poke|p2|Hydreigon, L50, F|
|poke|p2|Gholdengo, L50|
|teampreview|4
|showteam|p1|Hydreigon||LifeOrb|Levitate|DarkPulse,DracoMeteor,HeatWave,Snarl|||M|||50|,,,,,Ghost]Murkrow||Eviolite|Prankster|DualWingbeat,Tailwind,Haze,Protect|||M|||50|,,,,,Ghost]Gholdengo||ChoiceSpecs|GoodasGold|MakeItRain,ShadowBall,Thunderbolt,SteelBeam||||||50|,,,,,Steel]Clefable||RockyHelmet|Unaware|Moonblast,StealthRock,FollowMe,Protect|||M|||50|,,,,,Ghost]Gothitelle||SitrusBerry|ShadowTag|ExpandingForce,FakeOut,Taunt,Protect|||M|||50|,,,,,Water]Garganacl||Leftovers|PurifyingSalt|SaltCure,WideGuard,Recover,Protect|||F|||50|,,,,,Bug
|showteam|p2|Rillaboom||AssaultVest|GrassySurge|FakeOut,WoodHammer,GrassyGlide,Uturn|||F|||50|,,,,,Water]Dondozo||Leftovers|Unaware|Protect,StompingTantrum,WaveCrash,Yawn|||F|||50|,,,,,Grass]Incineroar||SitrusBerry|Intimidate|FakeOut,KnockOff,FlareBlitz,PartingShot|||M|||50|,,,,,Fire]Clefairy||Eviolite|FriendGuard|AfterYou,FollowMe,Protect,LifeDew|||M|||50|,,,,,Normal]Hydreigon||SafetyGoggles|Levitate|DarkPulse,DracoMeteor,Protect,Tailwind|||F|||50|,,,,,Ghost]Gholdengo||LifeOrb|GoodasGold|MakeItRain,ShadowBall,NastyPlot,Protect||||||50|,,,,,Water
|
|t:|1757624643
|teamsize|p1|4
|teamsize|p2|4
|start
|switch|p1a: Garganacl|Garganacl, L50, F|100/100
|switch|p1b: Gothitelle|Gothitelle, L50, M|100/100
|switch|p2a: Dondozo|Dondozo, L50, F|100/100
|switch|p2b: Rillaboom|Rillaboom, L50, F|100/100
|-fieldstart|move: Grassy Terrain|[from] ability: Grassy Surge|[of] p2b: Rillaboom
|turn|1
|
|t:|1757624676
|move|p2b: Rillaboom|Fake Out|p1b: Gothitelle
|-damage|p1b: Gothitelle|88/100
|cant|p1b: Gothitelle|flinch
|move|p1a: Garganacl|Salt Cure|p2a: Dondozo
|-damage|p2a: Dondozo|91/100
|-start|p2a: Dondozo|Salt Cure
|move|p2a: Dondozo|Yawn|p1b: Gothitelle
|-start|p1b: Gothitelle|move: Yawn|[of] p2a: Dondozo
|
|-heal|p1b: Gothitelle|94/100|[from] Grassy Terrain
|-heal|p2a: Dondozo|97/100|[from] Grassy Terrain
|-heal|p2a: Dondozo|100/100|[from] item: Leftovers
|-damage|p2a: Dondozo|75/100|[from] Salt Cure
|upkeep
|turn|2
|
|t:|1757624708
|switch|p1b: Clefable|Clefable, L50, M, shiny|100/100
|move|p1a: Garganacl|Protect|p1a: Garganacl
|-singleturn|p1a: Garganacl|Protect
|move|p2a: Dondozo|Protect|p2a: Dondozo
|-singleturn|p2a: Dondozo|Protect
|move|p2b: Rillaboom|U-turn|p1b: Clefable
|-resisted|p1b: Clefable
|-damage|p1b: Clefable|91/100
|-damage|p2b: Rillaboom|84/100|[from] item: Rocky Helmet|[of] p1b: Clefable
|
|t:|1757624721
|switch|p2b: Clefairy|Clefairy, L50, M|100/100|[from] U-turn
|
|-heal|p1b: Clefable|97/100|[from] Grassy Terrain
|-heal|p2a: Dondozo|82/100|[from] Grassy Terrain
|-heal|p2a: Dondozo|88/100|[from] item: Leftovers
|-damage|p2a: Dondozo|63/100|[from] Salt Cure
|upkeep
|turn|3
|
|t:|1757624738
|-terastallize|p1a: Garganacl|Bug
|move|p1b: Clefable|Stealth Rock|p2a: Dondozo
|-sidestart|p2: hungry hillo|move: Stealth Rock
|move|p1a: Garganacl|Salt Cure|p2a: Dondozo
|-damage|p2a: Dondozo|56/100
|move|p2a: Dondozo|Yawn|p1b: Clefable
|-start|p1b: Clefable|move: Yawn|[of] p2a: Dondozo
|move|p2b: Clefairy|Life Dew||[still]|[spread] p2a,p2b
|-heal|p2a: Dondozo|81/100
|-fail|p2b: Clefairy|heal
|
|-heal|p1b: Clefable|100/100|[from] Grassy Terrain
|-heal|p2a: Dondozo|87/100|[from] Grassy Terrain
|-heal|p2a: Dondozo|93/100|[from] item: Leftovers
|-damage|p2a: Dondozo|68/100|[from] Salt Cure
|upkeep
|turn|4
|
|t:|1757624755
|switch|p1b: Gothitelle|Gothitelle, L50, M|94/100
|move|p1a: Garganacl|Salt Cure|p2b: Clefairy
|-damage|p2b: Clefairy|85/100
|-start|p2b: Clefairy|Salt Cure
|move|p2a: Dondozo|Yawn|p1b: Gothitelle
|-start|p1b: Gothitelle|move: Yawn|[of] p2a: Dondozo
|move|p2b: Clefairy|Life Dew|p2b: Clefairy|[spread] p2a,p2b
|-heal|p2a: Dondozo|93/100
|-heal|p2b: Clefairy|100/100
|
|-heal|p1b: Gothitelle|99/100|[from] Grassy Terrain
|-heal|p2a: Dondozo|99/100|[from] Grassy Terrain
|-heal|p2a: Dondozo|100/100|[from] item: Leftovers
|-damage|p2a: Dondozo|75/100|[from] Salt Cure
|-damage|p2b: Clefairy|88/100|[from] Salt Cure
|upkeep
|turn|5
|
|t:|1757624782
|move|p2a: Dondozo|Protect|p2a: Dondozo
|-singleturn|p2a: Dondozo|Protect
|move|p1b: Gothitelle|Taunt|p2b: Clefairy
|-start|p2b: Clefairy|move: Taunt
|move|p1a: Garganacl|Salt Cure|p2b: Clefairy
|-damage|p2b: Clefairy|72/100
|cant|p2b: Clefairy|move: Taunt|Life Dew
|
|-heal|p1b: Gothitelle|100/100|[from] Grassy Terrain
|-heal|p2a: Dondozo|82/100|[from] Grassy Terrain
|-heal|p2a: Dondozo|88/100|[from] item: Leftovers
|-heal|p2b: Clefairy|78/100|[from] Grassy Terrain
|-damage|p2a: Dondozo|63/100|[from] Salt Cure
|-damage|p2b: Clefairy|66/100|[from] Salt Cure
|-end|p1b: Gothitelle|move: Yawn|[silent]
|-status|p1b: Gothitelle|slp
|-fieldend|move: Grassy Terrain
|upkeep
|turn|6
|
|t:|1757624800
|cant|p1b: Gothitelle|slp
|move|p1a: Garganacl|Salt Cure|p2a: Dondozo
|-damage|p2a: Dondozo|56/100
|move|p2a: Dondozo|Wave Crash|p1a: Garganacl
|-damage|p1a: Garganacl|72/100
|-damage|p2a: Dondozo|48/100|[from] Recoil
|-activate|p2b: Clefairy|move: Struggle
|move|p2b: Clefairy|Struggle|p1b: Gothitelle
|-damage|p1b: Gothitelle|96/100 slp
|-damage|p2b: Clefairy|41/100|[from] recoil
|
|-heal|p1a: Garganacl|78/100|[from] item: Leftovers
|-heal|p2a: Dondozo|54/100|[from] item: Leftovers
|-damage|p2a: Dondozo|29/100|[from] Salt Cure
|-damage|p2b: Clefairy|29/100|[from] Salt Cure
|upkeep
|turn|7
|
|t:|1757624820
|move|p2a: Dondozo|Protect|p2a: Dondozo
|-singleturn|p2a: Dondozo|Protect
|-curestatus|p1b: Gothitelle|slp|[msg]
|move|p1b: Gothitelle|Taunt|p2a: Dondozo
|-activate|p2a: Dondozo|move: Protect
|move|p1a: Garganacl|Salt Cure|p2a: Dondozo
|-activate|p2a: Dondozo|move: Protect
|-activate|p2b: Clefairy|move: Struggle
|move|p2b: Clefairy|Struggle|p1b: Gothitelle
|-damage|p1b: Gothitelle|91/100
|-damage|p2b: Clefairy|4/100|[from] recoil
|
|-heal|p1a: Garganacl|84/100|[from] item: Leftovers
|-heal|p2a: Dondozo|36/100|[from] item: Leftovers
|-damage|p2a: Dondozo|11/100|[from] Salt Cure
|-damage|p2b: Clefairy|0 fnt|[from] Salt Cure
|faint|p2b: Clefairy
|upkeep
|
|t:|1757624829
|switch|p2b: Rillaboom|Rillaboom, L50, F|84/100
|-damage|p2b: Rillaboom|72/100|[from] Stealth Rock
|-fieldstart|move: Grassy Terrain|[from] ability: Grassy Surge|[of] p2b: Rillaboom
|turn|8
|
|t:|1757624853
|move|p1b: Gothitelle|Protect|p1b: Gothitelle
|-singleturn|p1b: Gothitelle|Protect
|move|p2a: Dondozo|Protect||[still]
|-fail|p2a: Dondozo
|move|p2b: Rillaboom|U-turn|p1a: Garganacl
|-crit|p1a: Garganacl
|-damage|p1a: Garganacl|60/100
|
|t:|1757624856
|switch|p2b: Hydreigon|Hydreigon, L50, F|100/100|[from] U-turn
|-damage|p2b: Hydreigon|89/100|[from] Stealth Rock
|move|p1a: Garganacl|Salt Cure|p2b: Hydreigon
|-damage|p2b: Hydreigon|72/100
|-start|p2b: Hydreigon|Salt Cure
|
|-heal|p1b: Gothitelle|98/100|[from] Grassy Terrain
|-heal|p1a: Garganacl|66/100|[from] Grassy Terrain
|-heal|p1a: Garganacl|72/100|[from] item: Leftovers
|-heal|p2a: Dondozo|17/100|[from] Grassy Terrain
|-heal|p2a: Dondozo|23/100|[from] item: Leftovers
|-damage|p2b: Hydreigon|60/100|[from] Salt Cure
|-damage|p2a: Dondozo|0 fnt|[from] Salt Cure
|faint|p2a: Dondozo
|upkeep
|
|t:|1757624858
|switch|p2a: Rillaboom|Rillaboom, L50, F|72/100
|-damage|p2a: Rillaboom|60/100|[from] Stealth Rock
|turn|9
|
|t:|1757624876
|switch|p1b: Clefable|Clefable, L50, M, shiny|100/100
|move|p1a: Garganacl|Protect|p1a: Garganacl
|-singleturn|p1a: Garganacl|Protect
|move|p2a: Rillaboom|Fake Out|p1b: Clefable
|-damage|p1b: Clefable|89/100
|-damage|p2a: Rillaboom|43/100|[from] item: Rocky Helmet|[of] p1b: Clefable
|move|p2b: Hydreigon|Draco Meteor|p1a: Garganacl
|-activate|p1a: Garganacl|move: Protect
|
|-heal|p2a: Rillaboom|49/100|[from] Grassy Terrain
|-heal|p1b: Clefable|95/100|[from] Grassy Terrain
|-heal|p1a: Garganacl|77/100|[from] Grassy Terrain
|-heal|p1a: Garganacl|83/100|[from] item: Leftovers
|-damage|p2b: Hydreigon|48/100|[from] Salt Cure
|upkeep
|turn|10
|
|t:|1757624894
|switch|p1a: Gothitelle|Gothitelle, L50, M|98/100
|move|p2b: Hydreigon|Dark Pulse|p1a: Gothitelle
|-supereffective|p1a: Gothitelle
|-damage|p1a: Gothitelle|32/100
|-enditem|p1a: Gothitelle|Sitrus Berry|[eat]
|-heal|p1a: Gothitelle|57/100|[from] item: Sitrus Berry
|move|p2a: Rillaboom|Wood Hammer|p1b: Clefable
|-damage|p1b: Clefable|33/100
|-damage|p2a: Rillaboom|33/100|[from] item: Rocky Helmet|[of] p1b: Clefable
|-damage|p2a: Rillaboom|13/100|[from] Recoil
|move|p1b: Clefable|Moonblast|p2b: Hydreigon
|-supereffective|p2b: Hydreigon
|-damage|p2b: Hydreigon|0 fnt
|faint|p2b: Hydreigon
|
|-heal|p2a: Rillaboom|18/100|[from] Grassy Terrain
|-heal|p1a: Gothitelle|63/100|[from] Grassy Terrain
|-heal|p1b: Clefable|39/100|[from] Grassy Terrain
|upkeep
|turn|11
|
|t:|1757624917
|move|p1a: Gothitelle|Fake Out|p2a: Rillaboom
|-damage|p2a: Rillaboom|14/100
|cant|p2a: Rillaboom|flinch
|move|p1b: Clefable|Moonblast|p2a: Rillaboom
|-crit|p2a: Rillaboom
|-damage|p2a: Rillaboom|0 fnt
|faint|p2a: Rillaboom
|
|win|iliteratepineapple
||hungry hillo is ready for game 3.
|inactive|iliteratepineapple has 30 seconds to confirm battle start!
|inactive|iliteratepineapple has 20 seconds to confirm battle start!
||iliteratepineapple is ready for game 3.
|uhtml|next|Next: Game 3 of 3
