|j|☆eirfjdsijfsdf
|j|☆Alecat
|html|eirfjdsijfsdfAlecat    
|uhtml|bestof|Game 1 of a best-of-3
|t:|1756455230
|gametype|doubles
|player|p1|eirfjdsijfsdf|cynthia-gen4|1000
|player|p2|Alecat|scientistf|1029
|gen|9
|tier|[Gen 9] VGC 2025 Reg H (Bo3)
|rated|
|rule|Species Clause: Limit one of each Pokémon
|rule|Item Clause: Limit 1 of each item
|clearpoke
|poke|p1|Tyranitar, L50, M|
|poke|p1|Sneasler, L50, M|
|poke|p1|Ursaluna-Bloodmoon, L50, M|
|poke|p1|Indeedee, L50, M|
|poke|p1|Volcarona, L50, M|
|poke|p1|Annihilape, L50, M|
|poke|p2|Pawmot, L50, F|
|poke|p2|Gyarados, L50, F|
|poke|p2|Volcarona, L50, F|
|poke|p2|Murkrow, L50, F|
|poke|p2|Incineroar, L50, F|
|poke|p2|Archaludon, L50, M|
|teampreview|4
|showteam|p1|Tyranitar||AssaultVest|SandStream|RockSlide,KnockOff,TeraBlast,LowKick|||M|||50|,,,,,Flying]Sneasler||PsychicSeed|Unburden|CloseCombat,DireClaw,ThroatChop,Protect|||M|||50|,,,,,Dark]Ursaluna-Bloodmoon||LifeOrb|MindsEye|BloodMoon,HyperVoice,EarthPower,Protect|||M|||50|,,,,,Normal]Indeedee||ChoiceScarf|PsychicSurge|ExpandingForce,TeraBlast,Trick,Protect|||M|||50|,,,,,Psychic]Volcarona||SitrusBerry|FlameBody|Overheat,StruggleBug,RagePowder,Tailwind|||M|||50|,,,,,Grass]Annihilape||SafetyGoggles|Defiant|CloseCombat,RageFist,Taunt,FinalGambit|||M|||50|,,,,,Fairy
|showteam|p2|Pawmot||FocusSash|VoltAbsorb|DoubleShock,Coaching,CloseCombat,Protect|||F|||50|,,,,,Electric]Gyarados||ClearAmulet|Moxie|Waterfall,DragonDance,Earthquake,Protect|||F|||50|,,,,,Ground]Volcarona||SitrusBerry|FlameBody|Overheat,StruggleBug,RagePowder,Tailwind|||F|||50|,,,,,Grass]Murkrow||Eviolite|Prankster|FoulPlay,RainDance,Tailwind,SunnyDay|||F|||50|,,,,,Dark]Incineroar||AssaultVest|Intimidate|FlareBlitz,FakeOut,Bulldoze,KnockOff|||F|||50|,,,,,Ghost]Archaludon||PowerHerb|Stalwart|DragonTail,FlashCannon,ElectroShot,Protect|||M|||50|,,,,,Grass
|inactive|Battle timer is ON: inactive players will automatically lose when time's up. (requested by Alecat)
|inactive|eirfjdsijfsdf also wants the timer to be on.
|inactive|eirfjdsijfsdf has 60 seconds left.
|
|t:|1756455278
|teamsize|p1|4
|teamsize|p2|4
|start
|switch|p1a: Tyranitar|Tyranitar, L50, M|100/100
|switch|p1b: Annihilape|Annihilape, L50, M|100/100
|switch|p2a: Murkrow|Murkrow, L50, F|100/100
|switch|p2b: Gyarados|Gyarados, L50, F|100/100
|-weather|Sandstorm|[from] ability: Sand Stream|[of] p1a: Tyranitar
|turn|1
|
|t:|1756455296
|-terastallize|p2b: Gyarados|Ground
|move|p2a: Murkrow|Tailwind|p2a: Murkrow
|-sidestart|p2: Alecat|move: Tailwind
|move|p2b: Gyarados|Earthquake|p1b: Annihilape|[spread] p1a,p1b
|-immune|p2a: Murkrow
|-supereffective|p1a: Tyranitar
|-damage|p1a: Tyranitar|39/100
|-damage|p1b: Annihilape|60/100
|move|p1b: Annihilape|Taunt|p2a: Murkrow
|-start|p2a: Murkrow|move: Taunt
|move|p1a: Tyranitar|Rock Slide|p2a: Murkrow|[spread] p2a,p2b
|-supereffective|p2a: Murkrow
|-resisted|p2b: Gyarados
|-damage|p2a: Murkrow|6/100
|-damage|p2b: Gyarados|81/100
|
|-weather|Sandstorm|[upkeep]
|-damage|p2a: Murkrow|0 fnt|[from] Sandstorm
|faint|p2a: Murkrow
|upkeep
|
|t:|1756455316
|switch|p2a: Archaludon|Archaludon, L50, M|100/100
|turn|2
|inactive|eirfjdsijfsdf has 30 seconds left.
|inactive|eirfjdsijfsdf has 20 seconds left.
|
|t:|1756455353
|move|p2a: Archaludon|Electro Shot||[still]
|-prepare|p2a: Archaludon|Electro Shot
|-boost|p2a: Archaludon|spa|1
|-enditem|p2a: Archaludon|Power Herb
|-anim|p2a: Archaludon|Electro Shot|p1b: Annihilape
|-damage|p1b: Annihilape|0 fnt
|faint|p1b: Annihilape
|move|p2b: Gyarados|Waterfall|p1a: Tyranitar
|-supereffective|p1a: Tyranitar
|-damage|p1a: Tyranitar|0 fnt
|faint|p1a: Tyranitar
|-ability|p2b: Gyarados|Moxie|boost
|-boost|p2b: Gyarados|atk|1
|
|-weather|Sandstorm|[upkeep]
|upkeep
|
|t:|1756455357
|switch|p1b: Volcarona|Volcarona, L50, M|100/100
|switch|p1a: Ursaluna|Ursaluna-Bloodmoon, L50, M|100/100
|turn|3
|
|t:|1756455379
|-terastallize|p1b: Volcarona|Grass
|move|p2a: Archaludon|Protect|p2a: Archaludon
|-singleturn|p2a: Archaludon|Protect
|move|p1a: Ursaluna|Protect|p1a: Ursaluna
|-singleturn|p1a: Ursaluna|Protect
|move|p2b: Gyarados|Earthquake|p1a: Ursaluna|[spread] p1b
|-activate|p2a: Archaludon|move: Protect
|-activate|p1a: Ursaluna|move: Protect
|-resisted|p1b: Volcarona
|-damage|p1b: Volcarona|65/100
|move|p1b: Volcarona|Tailwind|p1b: Volcarona
|-sidestart|p1: eirfjdsijfsdf|move: Tailwind
|
|-weather|Sandstorm|[upkeep]
|-damage|p1b: Volcarona|59/100|[from] Sandstorm
|upkeep
|turn|4
|inactive|eirfjdsijfsdf has 30 seconds left.
|inactive|eirfjdsijfsdf has 20 seconds left.
|
|t:|1756455414
|move|p1b: Volcarona|Overheat|p2a: Archaludon
|-damage|p2a: Archaludon|0 fnt
|-unboost|p1b: Volcarona|spa|2
|faint|p2a: Archaludon
|move|p2b: Gyarados|Waterfall|p1a: Ursaluna
|-supereffective|p1a: Ursaluna
|-damage|p1a: Ursaluna|11/100
|move|p1a: Ursaluna|Blood Moon|p2b: Gyarados
|-damage|p2b: Gyarados|0 fnt
|faint|p2b: Gyarados
|-damage|p1a: Ursaluna|1/100|[from] item: Life Orb
|
|-weather|Sandstorm|[upkeep]
|-damage|p1b: Volcarona|53/100|[from] Sandstorm
|-sideend|p2: Alecat|move: Tailwind
|upkeep
|
|t:|1756455430
|switch|p2b: Incineroar|Incineroar, L50, F|100/100
|-ability|p2b: Incineroar|Intimidate|boost
|-unboost|p1a: Ursaluna|atk|1
|-unboost|p1b: Volcarona|atk|1
|turn|5
|inactive|eirfjdsijfsdf has 30 seconds left.
|
|t:|1756455456
|move|p1a: Ursaluna|Protect|p1a: Ursaluna
|-singleturn|p1a: Ursaluna|Protect
|move|p1b: Volcarona|Overheat|p2b: Incineroar
|-resisted|p2b: Incineroar
|-damage|p2b: Incineroar|90/100
|-unboost|p1b: Volcarona|spa|2
|move|p2b: Incineroar|Bulldoze|p1a: Ursaluna|[spread] p1b
|-activate|p1a: Ursaluna|move: Protect
|-resisted|p1b: Volcarona
|-damage|p1b: Volcarona|45/100
|-unboost|p1b: Volcarona|spe|1
|-enditem|p1b: Volcarona|Sitrus Berry|[eat]
|-heal|p1b: Volcarona|70/100|[from] item: Sitrus Berry
|
|-weather|none
|upkeep
|turn|6
|
|t:|1756455480
|move|p1b: Volcarona|Overheat|p2b: Incineroar|[miss]
|-miss|p1b: Volcarona|p2b: Incineroar
|move|p1a: Ursaluna|Blood Moon|p2b: Incineroar
|-crit|p2b: Incineroar
|-damage|p2b: Incineroar|0 fnt
|faint|p2b: Incineroar
|-damage|p1a: Ursaluna|0 fnt|[from] item: Life Orb
|faint|p1a: Ursaluna
|
|win|eirfjdsijfsdf
||Alecat is ready for game 2.
|inactive|eirfjdsijfsdf has 30 seconds to confirm battle start!
||eirfjdsijfsdf is ready for game 2.
|uhtml|next|Next: Game 2 of 3
