|j|☆Santeplays
|j|☆Stitches536353
|html|SanteplaysStitches536353    
|uhtml|bestof|Game 1 of a best-of-3
|t:|1757679963
|gametype|doubles
|player|p1|Santeplays|n|1040
|player|p2|Stitches536353|101|1075
|gen|9
|tier|[Gen 9] VGC 2025 Reg H (Bo3)
|rated|
|rule|Species Clause: Limit one of each Pokémon
|rule|Item Clause: Limit 1 of each item
|clearpoke
|poke|p1|Hydrapple, L50, F|
|poke|p1|Gallade, L50, M|
|poke|p1|Indeedee-F, L50, F|
|poke|p1|Ursaluna, L50, F|
|poke|p1|Chandelure, L50, M|
|poke|p1|Zoroark-Hisui, L50, M|
|poke|p2|Annihilape, L50, F|
|poke|p2|Whimsicott, L50, F|
|poke|p2|Garchomp, L50, M|
|poke|p2|Clefable, L50, M|
|poke|p2|Hydreigon, L50, F|
|poke|p2|Gholdengo, L50|
|teampreview|4
|showteam|p1|Hydrapple||AssaultVest|Regenerator|SyrupBomb,DracoMeteor,EarthPower,BreakingSwipe|||F|||50|,,,,,Fairy]Gallade||ClearAmulet|Sharpness|PsychoCut,SacredSword,WideGuard,TrickRoom|||M|||50|,,,,,Dark]Indeedee-F||PsychicSeed|PsychicSurge|Psychic,FollowMe,TrickRoom,HelpingHand|||F|||50|,,,,,Grass]Ursaluna||FlameOrb|Guts|HeadlongRush,Earthquake,Protect,Facade|||F|||50|,,,,,Ghost]Chandelure||FocusSash|FlashFire|TrickRoom,HeatWave,ShadowBall,Taunt|||M|||50|,,,,,Normal]Zoroark-Hisui||ChoiceSpecs|Illusion|Flamethrower,ShadowBall,HyperVoice,TeraBlast|||M|||50|,,,,,Stellar
|showteam|p2|Annihilape||SafetyGoggles|Defiant|Protect,BulkUp,DrainPunch,RageFist|||F|||50|,,,,,Water]Whimsicott||FocusSash|Prankster|SunnyDay,Encore,Tailwind,Moonblast|||F|||50|,,,,,Ghost]Garchomp||LifeOrb|RoughSkin|Protect,StompingTantrum,DragonClaw,Earthquake|||M|||50|,,,,,Steel]Clefable||SitrusBerry|Unaware|Protect,FollowMe,MistyTerrain,Moonblast|||M|||50|,,,,,Water]Hydreigon||ChoiceSpecs|Levitate|HeatWave,Snarl,DarkPulse,DracoMeteor|||F|||50|,,,,,Fire]Gholdengo||MetalCoat|GoodasGold|Protect,NastyPlot,ShadowBall,MakeItRain||||||50|,,,,,Steel
|inactive|Battle timer is ON: inactive players will automatically lose when time's up. (requested by Stitches536353)
|inactive|Santeplays has 60 seconds left.
|inactive|Stitches536353 has 60 seconds left.
|inactive|Santeplays has 30 seconds left.
|inactive|Stitches536353 has 30 seconds left.
|inactive|Santeplays has 20 seconds left.
|inactive|Santeplays has 15 seconds left.
|
|t:|1757680051
|teamsize|p1|4
|teamsize|p2|4
|start
|switch|p1a: Ursaluna|Ursaluna, L50, F|100/100
|switch|p1b: Indeedee|Indeedee-F, L50, F|100/100
|switch|p2a: Hydreigon|Hydreigon, L50, F|100/100
|switch|p2b: Garchomp|Garchomp, L50, M|100/100
|-fieldstart|move: Psychic Terrain|[from] ability: Psychic Surge|[of] p1b: Indeedee
|-enditem|p1b: Indeedee|Psychic Seed
|-boost|p1b: Indeedee|spd|1|[from] item: Psychic Seed
|turn|1
|inactive|Santeplays has 30 seconds left.
|inactive|Stitches536353 has 30 seconds left.
|inactive|Stitches536353 has 20 seconds left.
|inactive|Stitches536353 has 15 seconds left.
|
|t:|1757680093
|switch|p1a: Hydrapple|Hydrapple, L50, F|100/100
|-terastallize|p2a: Hydreigon|Fire
|move|p2b: Garchomp|Stomping Tantrum|p1b: Indeedee
|-damage|p1b: Indeedee|49/100
|-damage|p2b: Garchomp|91/100|[from] item: Life Orb
|move|p2a: Hydreigon|Heat Wave|p1b: Indeedee|[spread] p1a,p1b
|-damage|p1a: Hydrapple|61/100
|-damage|p1b: Indeedee|13/100
|move|p1b: Indeedee|Trick Room|p1b: Indeedee
|-fieldstart|move: Trick Room|[of] p1b: Indeedee
|
|upkeep
|turn|2
|inactive|Santeplays has 30 seconds left.
|inactive|Santeplays has 20 seconds left.
|inactive|Santeplays has 15 seconds left.
|
|t:|1757680136
|switch|p2b: Clefable|Clefable, L50, M|100/100
|move|p1b: Indeedee|Helping Hand|p1a: Hydrapple
|-singleturn|p1a: Hydrapple|Helping Hand|[of] p1b: Indeedee
|move|p1a: Hydrapple|Earth Power|p2a: Hydreigon
|-immune|p2a: Hydreigon|[from] ability: Levitate
|move|p2a: Hydreigon|Heat Wave|p1b: Indeedee|[spread] p1a,p1b
|-damage|p1a: Hydrapple|23/100
|-damage|p1b: Indeedee|0 fnt
|faint|p1b: Indeedee
|
|upkeep
|
|t:|1757680153
|switch|p1b: Ursaluna|Ursaluna, L50, F|100/100
|turn|3
|inactive|Santeplays has 30 seconds left.
|inactive|Stitches536353 has 30 seconds left.
|
|t:|1757680197
|move|p1b: Ursaluna|Protect|p1b: Ursaluna
|-singleturn|p1b: Ursaluna|Protect
|move|p1a: Hydrapple|Earth Power|p2b: Clefable
|-damage|p2b: Clefable|69/100
|move|p2b: Clefable|Moonblast|p1b: Ursaluna
|-activate|p1b: Ursaluna|move: Protect
|move|p2a: Hydreigon|Heat Wave|p1b: Ursaluna|[spread] p1a
|-activate|p1b: Ursaluna|move: Protect
|-damage|p1a: Hydrapple|0 fnt
|faint|p1a: Hydrapple
|
|-status|p1b: Ursaluna|brn|[from] item: Flame Orb
|upkeep
|
|t:|1757680212
|switch|p1a: Ursaluna|Ursaluna, L50, F|100/100
|turn|4
|
|t:|1757680230
|-terastallize|p1a: Ursaluna|Stellar
|move|p2b: Clefable|Follow Me|p2b: Clefable
|-singleturn|p2b: Clefable|move: Follow Me
|move|p1b: Ursaluna|Facade|p2b: Clefable
|-damage|p2b: Clefable|0 fnt
|faint|p2b: Clefable
|move|p2a: Hydreigon|Heat Wave|p1b: Ursaluna|[spread] p1a
|-miss|p2a: Hydreigon|p1b: Ursaluna
|-damage|p1a: Ursaluna|0 fnt
|replace|p1a: Zoroark|Zoroark-Hisui, L50, M
|-end|p1a: Zoroark|Illusion
|faint|p1a: Zoroark
|
|-damage|p1b: Ursaluna|94/100 brn|[from] brn
|upkeep
|
|t:|1757680245
|switch|p2b: Garchomp|Garchomp, L50, M|91/100
|turn|5
|
|t:|1757680257
|move|p2b: Garchomp|Protect|p2b: Garchomp
|-singleturn|p2b: Garchomp|Protect
|move|p1b: Ursaluna|Facade|p2a: Hydreigon
|-damage|p2a: Hydreigon|0 fnt
|faint|p2a: Hydreigon
|
|-damage|p1b: Ursaluna|88/100 brn|[from] brn
|-fieldend|move: Trick Room
|-fieldend|move: Psychic Terrain
|upkeep
|
|t:|1757680265
|switch|p2a: Annihilape|Annihilape, L50, F|100/100
|turn|6
|
|t:|1757680274
|move|p1b: Ursaluna|Protect|p1b: Ursaluna
|-singleturn|p1b: Ursaluna|Protect
|move|p2b: Garchomp|Dragon Claw|p1b: Ursaluna
|-activate|p1b: Ursaluna|move: Protect
|move|p2a: Annihilape|Drain Punch|p1b: Ursaluna
|-activate|p1b: Ursaluna|move: Protect
|
|-damage|p1b: Ursaluna|82/100 brn|[from] brn
|upkeep
|turn|7
|
|t:|1757680286
|move|p2b: Garchomp|Dragon Claw|p1b: Ursaluna
|-damage|p1b: Ursaluna|45/100 brn
|-damage|p2b: Garchomp|81/100|[from] item: Life Orb
|move|p2a: Annihilape|Drain Punch|p1b: Ursaluna
|-supereffective|p1b: Ursaluna
|-damage|p1b: Ursaluna|0 fnt
|faint|p1b: Ursaluna
|
|win|Stitches536353
||Stitches536353 is ready for game 2.
|inactive|Santeplays has 30 seconds to confirm battle start!
|l|☆Santeplays
|player|p1|
|inactive|Santeplays has 20 seconds to confirm battle start!
|inactive|Santeplays has 10 seconds to confirm battle start!
|uhtml|next|Next: Game 2 of 3
|l|☆Stitches536353
|player|p2|
