|j|☆Arkhept
|j|☆uglybeast
|html|Arkheptuglybeast    
|uhtml|bestof|Game 2 of a best-of-3
|t:|1756976439
|gametype|doubles
|player|p1|Arkhept|misty|1270
|player|p2|uglybeast|lucas|1301
|gen|9
|tier|[Gen 9] VGC 2025 Reg H (Bo3)
|rated|
|rule|Species Clause: Limit one of each Pokémon
|rule|Item Clause: Limit 1 of each item
|clearpoke
|poke|p1|Ninetales-Alola, L50, M|
|poke|p1|Sneasler, L50, F|
|poke|p1|Metagross, L50|
|poke|p1|Rillaboom, L50, M|
|poke|p1|Kingambit, L50, M|
|poke|p1|Electabuzz, L50, M|
|poke|p2|Murkrow, L50, M|
|poke|p2|Ursaluna-Bloodmoon, L50, M|
|poke|p2|Sneasler, L50, M|
|poke|p2|Dragapult, L50, F|
|poke|p2|Armarouge, L50, F|
|poke|p2|Indeedee-F, L50, F|
|teampreview|4
|showteam|p1|Ninetales-Alola||NeverMeltIce|SnowWarning|Blizzard,FreezeDry,AuroraVeil,Protect|||M|||50|,,,,,Ice]Sneasler||FocusSash|PoisonTouch|Coaching,CloseCombat,DireClaw,Protect|||F|||50|,,,,,Flying]Metagross||AssaultVest|ClearBody|HeavySlam,PsychicFangs,StompingTantrum,BulletPunch||||||50|,,,,,Water]Rillaboom||MiracleSeed|GrassySurge|FakeOut,HighHorsepower,GrassyGlide,WoodHammer|||M|||50|,,,,,Grass]Kingambit||BlackGlasses|Defiant|KowtowCleave,SwordsDance,SuckerPunch,Protect|||M|||50|,,,,,Dark]Electabuzz||Eviolite|VitalSpirit|Electroweb,FollowMe,Taunt,Protect|||M|||50|,,,,,Ghost
|showteam|p2|Murkrow||Eviolite|Prankster|Haze,SunnyDay,Tailwind,BraveBird|||M|||50|,,,,,Ghost]Ursaluna-Bloodmoon||LifeOrb|MindsEye|BloodMoon,HyperVoice,Protect,EarthPower|||M|||50|,,,,,Normal]Sneasler||PsychicSeed|Unburden|ThroatChop,DireClaw,CloseCombat,Protect|||M|||50|,,,,,Dark]Dragapult||ChoiceBand|ClearBody|DragonDarts,Outrage,Uturn,PhantomForce|||F|||50|,,,,,Dragon]Armarouge||PowerHerb|FlashFire|HeatWave,MeteorBeam,ExpandingForce,Protect|||F|||50|,,,,,Grass]Indeedee-F||RockyHelmet|PsychicSurge|DazzlingGleam,FollowMe,HelpingHand,TrickRoom|||F|||50|,,,,,Grass
|
|t:|1756976485
|teamsize|p1|4
|teamsize|p2|4
|start
|switch|p1a: Sneasler|Sneasler, L50, F|100/100
|switch|p1b: Metagross|Metagross, L50|100/100
|switch|p2a: Kwstas|Murkrow, L50, M|100/100
|switch|p2b: Giandam|Armarouge, L50, F|100/100
|turn|1
|
|t:|1756976506
|-terastallize|p1b: Metagross|Water
|move|p2b: Giandam|Protect|p2b: Giandam
|-singleturn|p2b: Giandam|Protect
|move|p1a: Sneasler|Coaching|p1b: Metagross
|-boost|p1b: Metagross|atk|1
|-boost|p1b: Metagross|def|1
|move|p2a: Kwstas|Brave Bird|p1a: Sneasler
|-supereffective|p1a: Sneasler
|-enditem|p1a: Sneasler|Focus Sash
|-damage|p1a: Sneasler|1/100
|-damage|p2a: Kwstas|68/100|[from] Recoil
|move|p1b: Metagross|Stomping Tantrum|p2b: Giandam
|-activate|p2b: Giandam|move: Protect
|
|upkeep
|turn|2
|
|t:|1756976552
|-terastallize|p2b: Giandam|Grass
|move|p2a: Kwstas|Tailwind|p2a: Kwstas
|-sidestart|p2: uglybeast|move: Tailwind
|move|p2b: Giandam|Heat Wave|p1a: Sneasler|[spread] p1a,p1b
|-resisted|p1b: Metagross
|-damage|p1a: Sneasler|0 fnt
|-damage|p1b: Metagross|90/100
|faint|p1a: Sneasler
|move|p1b: Metagross|Stomping Tantrum|p2b: Giandam
|-resisted|p2b: Giandam
|-crit|p2b: Giandam
|-damage|p2b: Giandam|67/100
|
|upkeep
|
|t:|1756976566
|switch|p1a: Rillaboom|Rillaboom, L50, M|100/100
|-fieldstart|move: Grassy Terrain|[from] ability: Grassy Surge|[of] p1a: Rillaboom
|turn|3
|
|t:|1756976579
|switch|p2a: Blade|Indeedee-F, L50, F|100/100
|-fieldstart|move: Psychic Terrain|[from] ability: Psychic Surge|[of] p2a: Blade
|switch|p1a: Ninetales|Ninetales-Alola, L50, M|100/100
|-weather|Snowscape|[from] ability: Snow Warning|[of] p1a: Ninetales
|move|p2b: Giandam|Expanding Force|p1a: Ninetales|[spread] p1a,p1b
|-damage|p1a: Ninetales|40/100
|-damage|p1b: Metagross|54/100
|move|p1b: Metagross|Heavy Slam|p2b: Giandam
|-damage|p2b: Giandam|0 fnt
|faint|p2b: Giandam
|
|-weather|Snowscape|[upkeep]
|upkeep
|
|t:|1756976626
|switch|p2b: Anagnoman|Sneasler, L50, M|100/100
|-enditem|p2b: Anagnoman|Psychic Seed
|-boost|p2b: Anagnoman|spd|1|[from] item: Psychic Seed
|turn|4
|
|t:|1756976642
|move|p2a: Blade|Follow Me|p2a: Blade
|-singleturn|p2a: Blade|move: Follow Me
|move|p2b: Anagnoman|Close Combat|p1b: Metagross
|-damage|p1b: Metagross|17/100
|-unboost|p2b: Anagnoman|def|1
|-unboost|p2b: Anagnoman|spd|1
|move|p1a: Ninetales|Blizzard|p2a: Blade|[spread] p2a,p2b
|-crit|p2b: Anagnoman
|-damage|p2a: Blade|72/100
|-damage|p2b: Anagnoman|40/100
|move|p1b: Metagross|Psychic Fangs|p2a: Blade
|-resisted|p2a: Blade
|-damage|p2a: Blade|29/100
|-damage|p1b: Metagross|0 fnt|[from] item: Rocky Helmet|[of] p2a: Blade
|faint|p1b: Metagross
|
|-weather|Snowscape|[upkeep]
|upkeep
|
|t:|1756976656
|switch|p1b: Rillaboom|Rillaboom, L50, M|100/100
|-fieldstart|move: Grassy Terrain|[from] ability: Grassy Surge|[of] p1b: Rillaboom
|turn|5
|
|t:|1756976689
|move|p2b: Anagnoman|Protect|p2b: Anagnoman
|-singleturn|p2b: Anagnoman|Protect
|move|p1b: Rillaboom|Fake Out|p2b: Anagnoman
|-activate|p2b: Anagnoman|move: Protect
|move|p2a: Blade|Dazzling Gleam|p1b: Rillaboom|[spread] p1a,p1b
|-damage|p1a: Ninetales|26/100
|-damage|p1b: Rillaboom|82/100
|move|p1a: Ninetales|Blizzard|p2a: Blade|[spread] p2a
|-activate|p2b: Anagnoman|move: Protect
|-damage|p2a: Blade|0 fnt
|faint|p2a: Blade
|
|-weather|Snowscape|[upkeep]
|-heal|p2b: Anagnoman|46/100|[from] Grassy Terrain
|-heal|p1a: Ninetales|32/100|[from] Grassy Terrain
|-heal|p1b: Rillaboom|88/100|[from] Grassy Terrain
|-sideend|p2: uglybeast|move: Tailwind
|upkeep
|
|t:|1756976698
|switch|p2a: Kwstas|Murkrow, L50, M|68/100
|turn|6
|
|t:|1756976719
|move|p1b: Rillaboom|Grassy Glide|p2b: Anagnoman
|-resisted|p2b: Anagnoman
|-damage|p2b: Anagnoman|0 fnt
|faint|p2b: Anagnoman
|move|p2a: Kwstas|Sunny Day|p2a: Kwstas
|-weather|SunnyDay
|move|p1a: Ninetales|Blizzard|p2a: Kwstas|[miss]
|-miss|p1a: Ninetales|p2a: Kwstas
|
|-weather|SunnyDay|[upkeep]
|-heal|p1a: Ninetales|38/100|[from] Grassy Terrain
|-heal|p1b: Rillaboom|94/100|[from] Grassy Terrain
|upkeep
|turn|7
|
|t:|1756976728
|move|p1a: Ninetales|Freeze-Dry|p2a: Kwstas
|-supereffective|p2a: Kwstas
|-damage|p2a: Kwstas|7/100
|move|p1b: Rillaboom|Wood Hammer|p2a: Kwstas
|-resisted|p2a: Kwstas
|-damage|p2a: Kwstas|0 fnt
|faint|p2a: Kwstas
|-damage|p1b: Rillaboom|92/100|[from] Recoil
|
|win|Arkhept
||Arkhept is ready for game 3.
