|j|☆standardvr
|j|☆PaquitoelBollito
|html|standardvrPaquitoelBollito    
|uhtml|bestof|Game 2 of a best-of-3
|t:|1785087533
|gametype|doubles
|player|p1|standardvr|170|1082
|player|p2|PaquitoelBollito|170|1138
|gen|9
|tier|[Gen 9 Champions] VGC 2026 Reg M-B (Bo3)
|rated|
|rule|Species Clause: Limit one of each Pokémon
|rule|Item Clause: Limit 1 of each item
|clearpoke
|poke|p1|Blastoise, L50, F|
|poke|p1|Delphox, L50, F|
|poke|p1|Incineroar, L50, M|
|poke|p1|Kingambit, L50, F|
|poke|p1|Sinistcha, L50|
|poke|p1|Sneasler, L50, F|
|poke|p2|Aerodactyl, L50, F|
|poke|p2|Kingambit, L50, M|
|poke|p2|Garchomp, L50, M|
|poke|p2|Farigiraf, L50, M|
|poke|p2|Charizard, L50, F|
|poke|p2|Sylveon, L50, F|
|teampreview|4
|showteam|p1|Blastoise||Blastoisinite|RainDish|WaterSpout,DarkPulse,ShellSmash,Protect|Modest||F|||50|]Delphox||Delphoxite|Blaze|HeatWave,Protect,NastyPlot,Psyshock|Modest||F|||50|]Incineroar||SitrusBerry|Intimidate|FakeOut,PartingShot,FlareBlitz,ThroatChop|Adamant||M|||50|]Kingambit||BlackGlasses|Defiant|SuckerPunch,KowtowCleave,Protect,IronHead|Adamant||F|||50|]Sinistcha||KasibBerry|Hospitality|RagePowder,MatchaGotcha,Protect,TrickRoom|Modest|||||50|]Sneasler||FocusSash|PoisonTouch|CloseCombat,FakeOut,DireClaw,Protect|Adamant||F|||50|
|showteam|p2|Aerodactyl||Aerodactylite|Unnerve|Tailwind,DualWingbeat,IceFang,RockSlide|Jolly||F|||50|]Kingambit||BlackGlasses|Defiant|SuckerPunch,KowtowCleave,Protect,LowKick|Adamant||M|||50|]Garchomp||LifeOrb|RoughSkin|Protect,DragonClaw,Earthquake,StompingTantrum|Jolly||M|||50|]Farigiraf||SitrusBerry|ArmorTail|PsychicFangs,Thunderbolt,TrickRoom,SunnyDay|Relaxed||M|||50|]Charizard||CharizarditeY|Blaze|Protect,HeatWave,WeatherBall,SolarBeam|Modest||F|||50|]Sylveon||FairyFeather|Pixilate|HyperVoice,Protect,QuickAttack,HyperBeam|Modest||F|||50|
|inactive|Battle timer is ON: inactive players will automatically lose when time's up. (requested by PaquitoelBollito)
|inactive|standardvr has 60 seconds left.
|
|t:|1785087567
|teamsize|p1|4
|teamsize|p2|4
|start
|switch|p1a: Sinistcha|Sinistcha, L50|100/100
|switch|p1b: Delphox|Delphox, L50, F|100/100
|switch|p2a: Kingambit|Kingambit, L50, M|100/100
|switch|p2b: Aerodactyl|Aerodactyl, L50, F|100/100
|-ability|p2b: Aerodactyl|Unnerve
|turn|1
|inactive|PaquitoelBollito has 30 seconds left.
|inactive|PaquitoelBollito has 20 seconds left.
|
|t:|1785087606
|detailschange|p2b: Aerodactyl|Aerodactyl-Mega, L50, F
|-mega|p2b: Aerodactyl|Aerodactyl|Aerodactylite
|detailschange|p1b: Delphox|Delphox-Mega, L50, F
|-mega|p1b: Delphox|Delphox|Delphoxite
|move|p1b: Delphox|Protect|p1b: Delphox
|-singleturn|p1b: Delphox|Protect
|move|p2b: Aerodactyl|Rock Slide|p1a: Sinistcha|[spread] p1a
|-activate|p1b: Delphox|move: Protect
|-crit|p1a: Sinistcha
|-damage|p1a: Sinistcha|56/100
|move|p1a: Sinistcha|Matcha Gotcha|p2a: Kingambit|[spread] p2a,p2b
|-resisted|p2a: Kingambit|1
|-damage|p2a: Kingambit|81/100
|-heal|p1a: Sinistcha|67/100|[from] drain|[of] p2a: Kingambit
|-damage|p2b: Aerodactyl|67/100
|-heal|p1a: Sinistcha|87/100|[from] drain|[of] p2b: Aerodactyl
|move|p2a: Kingambit|Kowtow Cleave|p1b: Delphox
|-activate|p1b: Delphox|move: Protect
|
|upkeep
|turn|2
|inactive|standardvr has 30 seconds left.
|inactive|PaquitoelBollito has 30 seconds left.
|
|t:|1785087640
|move|p1a: Sinistcha|Rage Powder|p1a: Sinistcha
|-singleturn|p1a: Sinistcha|move: Rage Powder
|move|p2a: Kingambit|Sucker Punch||[still]
|-fail|p2a: Kingambit
|move|p2b: Aerodactyl|Rock Slide|p1a: Sinistcha|[spread] p1a
|-miss|p2b: Aerodactyl|p1b: Delphox
|-damage|p1a: Sinistcha|58/100
|move|p1b: Delphox|Psyshock|p2b: Aerodactyl
|-damage|p2b: Aerodactyl|4/100
|
|upkeep
|turn|3
|
|t:|1785087654
|move|p1b: Delphox|Protect|p1b: Delphox
|-singleturn|p1b: Delphox|Protect
|move|p2b: Aerodactyl|Tailwind|p2b: Aerodactyl
|-sidestart|p2: PaquitoelBollito|move: Tailwind
|move|p2a: Kingambit|Kowtow Cleave|p1b: Delphox
|-activate|p1b: Delphox|move: Protect
|move|p1a: Sinistcha|Trick Room|p1a: Sinistcha
|-fieldstart|move: Trick Room|[of] p1a: Sinistcha
|
|upkeep
|turn|4
|
|t:|1785087676
|switch|p1b: Sneasler|Sneasler, L50, F|100/100
|move|p1a: Sinistcha|Matcha Gotcha|p2b: Aerodactyl|[spread] p2a,p2b
|-resisted|p2a: Kingambit|1
|-damage|p2a: Kingambit|61/100
|-heal|p1a: Sinistcha|70/100|[from] drain|[of] p2a: Kingambit
|-damage|p2b: Aerodactyl|0 fnt
|-heal|p1a: Sinistcha|72/100|[from] drain|[of] p2b: Aerodactyl
|-status|p2a: Kingambit|brn
|faint|p2b: Aerodactyl
|move|p2a: Kingambit|Kowtow Cleave|p1b: Sneasler
|-resisted|p1b: Sneasler|1
|-damage|p1b: Sneasler|74/100
|
|-damage|p2a: Kingambit|55/100 brn|[from] brn
|upkeep
|
|t:|1785087683
|switch|p2b: Sylveon|Sylveon, L50, F|100/100
|turn|5
|
|t:|1785087695
|move|p1a: Sinistcha|Matcha Gotcha|p2b: Sylveon|[spread] p2a,p2b
|-resisted|p2a: Kingambit|1
|-damage|p2a: Kingambit|36/100 brn
|-heal|p1a: Sinistcha|84/100|[from] drain|[of] p2a: Kingambit
|-damage|p2b: Sylveon|74/100
|-heal|p1a: Sinistcha|100/100|[from] drain|[of] p2b: Sylveon
|move|p1b: Sneasler|Dire Claw|p2b: Sylveon
|-supereffective|p2b: Sylveon|1
|-damage|p2b: Sylveon|0 fnt
|faint|p2b: Sylveon
|move|p2a: Kingambit|Kowtow Cleave|p1a: Sinistcha
|-supereffective|p1a: Sinistcha|1
|-crit|p1a: Sinistcha
|-damage|p1a: Sinistcha|0 fnt
|faint|p1a: Sinistcha
|
|-damage|p2a: Kingambit|30/100 brn|[from] brn
|upkeep
|
|t:|1785087712
|switch|p2b: Garchomp|Garchomp, L50, M|100/100
|switch|p1a: Delphox|Delphox-Mega, L50, F|100/100
|turn|6
|inactive|standardvr has 30 seconds left.
|inactive|PaquitoelBollito has 30 seconds left.
|
|t:|1785087743
|move|p2a: Kingambit|Protect|p2a: Kingambit
|-singleturn|p2a: Kingambit|Protect
|move|p2b: Garchomp|Protect|p2b: Garchomp
|-singleturn|p2b: Garchomp|Protect
|move|p1b: Sneasler|Close Combat|p2a: Kingambit
|-activate|p2a: Kingambit|move: Protect
|move|p1a: Delphox|Psyshock|p2b: Garchomp
|-activate|p2b: Garchomp|move: Protect
|
|-damage|p2a: Kingambit|23/100 brn|[from] brn
|-sideend|p2: PaquitoelBollito|move: Tailwind
|upkeep
|turn|7
|inactive|PaquitoelBollito has 30 seconds left.
|inactive|PaquitoelBollito has 20 seconds left.
|inactive|PaquitoelBollito has 15 seconds left.
|inactive|PaquitoelBollito has 10 seconds left.
|inactive|PaquitoelBollito has 5 seconds left.
|
|t:|1785087798
|move|p1b: Sneasler|Protect|p1b: Sneasler
|-singleturn|p1b: Sneasler|Protect
|move|p1a: Delphox|Protect|p1a: Delphox
|-singleturn|p1a: Delphox|Protect
|move|p2a: Kingambit|Sucker Punch||[still]
|-fail|p2a: Kingambit
|move|p2b: Garchomp|Stomping Tantrum|p1b: Sneasler
|-activate|p1b: Sneasler|move: Protect
|
|-damage|p2a: Kingambit|17/100 brn|[from] brn
|-fieldend|move: Trick Room
|upkeep
|turn|8
|
|t:|1785087816
|move|p2a: Kingambit|Sucker Punch||[still]
|-fail|p2a: Kingambit
|move|p1a: Delphox|Nasty Plot|p1a: Delphox
|-boost|p1a: Delphox|spa|2
|move|p1b: Sneasler|Close Combat|p2a: Kingambit
|-supereffective|p2a: Kingambit|2
|-crit|p2a: Kingambit
|-damage|p2a: Kingambit|0 fnt
|-unboost|p1b: Sneasler|def|1
|-unboost|p1b: Sneasler|spd|1
|faint|p2a: Kingambit
|move|p2b: Garchomp|Dragon Claw|p1a: Delphox
|-damage|p1a: Delphox|23/100
|-damage|p2b: Garchomp|90/100|[from] item: Life Orb
|
|upkeep
|turn|9
|
|t:|1785087840
|move|p1a: Delphox|Psyshock|p2b: Garchomp
|-damage|p2b: Garchomp|0 fnt
|faint|p2b: Garchomp
|
|win|standardvr
