|j|‽Cm3112
|j|☆eratakate
|html|Cm3112eratakate    
|uhtml|bestof|Game 1 of a best-of-3
|t:|1756296231
|gametype|doubles
|player|p1|Cm3112|102|1250
|player|p2|eratakate|265|1238
|gen|9
|tier|[Gen 9] VGC 2025 Reg H (Bo3)
|rated|
|rule|Species Clause: Limit one of each Pokémon
|rule|Item Clause: Limit 1 of each item
|clearpoke
|poke|p1|Pelipper, L50, F|
|poke|p1|Archaludon, L50, M|
|poke|p1|Annihilape, L50, F|
|poke|p1|Maushold-Four, L50|
|poke|p1|Krookodile, L50, M|
|poke|p1|Sinistcha-Masterpiece, L50|
|poke|p2|Incineroar, L50, F|
|poke|p2|Amoonguss, L50, M|
|poke|p2|Ursaluna-Bloodmoon, L50, M|
|poke|p2|Sneasler, L50, F|
|poke|p2|Gholdengo, L50|
|poke|p2|Dragonite, L50, F|
|teampreview|4
|showteam|p1|Pelipper||FocusSash|Drizzle|MuddyWater,Hurricane,WideGuard,Protect|||F|||50|,,,,,Grass]Archaludon||AssaultVest|Stamina|FlashCannon,ElectroShot,DracoMeteor,BodyPress|||M|||50|,,,,,Fairy]Annihilape||SafetyGoggles|Defiant|DrainPunch,RageFist,BulkUp,Protect|||F|||50|,,,,,Water]Maushold-Four||WideLens|Technician|PopulationBomb,BeatUp,FollowMe,Protect||||||50|,,,,,Ghost]Krookodile||MirrorHerb|Intimidate|ScaleShot,Earthquake,HighHorsepower,Crunch|||M|||50|,,,,,Dragon]Sinistcha-Masterpiece||RockyHelmet|Hospitality|MatchaGotcha,ShadowBall,RagePowder,TrickRoom||||||50|,,,,,Dark
|showteam|p2|Incineroar||SafetyGoggles|Intimidate|FlareBlitz,KnockOff,PartingShot,FakeOut|||F|||50|,,,,,Ghost]Amoonguss||SitrusBerry|Regenerator|Spore,RagePowder,PollenPuff,Protect|||M|||50|,,,,,Psychic]Ursaluna-Bloodmoon||AssaultVest|MindsEye|HyperVoice,BloodMoon,EarthPower,VacuumWave|||M|||50|,,,,,Water]Sneasler||FocusSash|Unburden|CloseCombat,DireClaw,ThroatChop,Protect|||F|||50|,,,,,Stellar]Gholdengo||LifeOrb|GoodasGold|MakeItRain,ShadowBall,NastyPlot,Protect||||||50|,,,,,Water]Dragonite||LoadedDice|Multiscale|ScaleShot,Tailwind,Haze,Protect|||F|||50|,,,,,Fairy
|inactive|Battle timer is ON: inactive players will automatically lose when time's up. (requested by Cm3112)
|
|t:|1756296291
|teamsize|p1|4
|teamsize|p2|4
|start
|switch|p1a: Maushold|Maushold-Four, L50|100/100
|switch|p1b: Krookodile|Krookodile, L50, M|100/100
|switch|p2a: Dragonite|Dragonite, L50, F|100/100
|switch|p2b: Ursaluna|Ursaluna-Bloodmoon, L50, M|100/100
|-ability|p1b: Krookodile|Intimidate|boost
|-unboost|p2a: Dragonite|atk|1
|-unboost|p2b: Ursaluna|atk|1
|turn|1
|inactive|Cm3112 has 30 seconds left.
|
|t:|1756296318
|move|p1a: Maushold|Population Bomb|p2b: Ursaluna
|-damage|p2b: Ursaluna|93/100
|-damage|p2b: Ursaluna|85/100
|-damage|p2b: Ursaluna|76/100
|-damage|p2b: Ursaluna|69/100
|-damage|p2b: Ursaluna|60/100
|-damage|p2b: Ursaluna|51/100
|-damage|p2b: Ursaluna|43/100
|-damage|p2b: Ursaluna|35/100
|-damage|p2b: Ursaluna|26/100
|-damage|p2b: Ursaluna|17/100
|-hitcount|p2b: Ursaluna|10
|move|p2a: Dragonite|Scale Shot|p1b: Krookodile
|-crit|p1b: Krookodile
|-damage|p1b: Krookodile|76/100
|-damage|p1b: Krookodile|66/100
|-damage|p1b: Krookodile|55/100
|-damage|p1b: Krookodile|45/100
|-damage|p1b: Krookodile|35/100
|-hitcount|p1b: Krookodile|5
|-unboost|p2a: Dragonite|def|1
|-boost|p2a: Dragonite|spe|1
|-enditem|p1b: Krookodile|Mirror Herb
|-boost|p1b: Krookodile|spe|1|[from] item: Mirror Herb
|move|p1b: Krookodile|Scale Shot|p2b: Ursaluna
|-damage|p2b: Ursaluna|10/100
|-damage|p2b: Ursaluna|3/100
|-damage|p2b: Ursaluna|0 fnt
|faint|p2b: Ursaluna
|-hitcount|p2: Ursaluna|3
|-unboost|p1b: Krookodile|def|1
|-boost|p1b: Krookodile|spe|1
|
|upkeep
|inactive|eratakate has 30 seconds left.
|inactive|eratakate has 20 seconds left.
|inactive|eratakate has 15 seconds left.
|
|t:|1756296360
|switch|p2b: Sneasler|Sneasler, L50, F|100/100
|turn|2
|
|t:|1756296372
|-terastallize|p2a: Dragonite|Fairy
|move|p2b: Sneasler|Protect|p2b: Sneasler
|-singleturn|p2b: Sneasler|Protect
|move|p1b: Krookodile|High Horsepower|p2b: Sneasler
|-activate|p2b: Sneasler|move: Protect
|move|p2a: Dragonite|Tailwind|p2a: Dragonite
|-sidestart|p2: eratakate|move: Tailwind
|move|p1a: Maushold|Population Bomb|p2a: Dragonite
|-damage|p2a: Dragonite|92/100
|-damage|p2a: Dragonite|74/100
|-damage|p2a: Dragonite|55/100
|-damage|p2a: Dragonite|36/100
|-damage|p2a: Dragonite|18/100
|-hitcount|p2a: Dragonite|5
|
|upkeep
|turn|3
|inactive|eratakate has 30 seconds left.
|
|t:|1756296404
|-terastallize|p1a: Maushold|Ghost
|move|p1a: Maushold|Follow Me|p1a: Maushold
|-singleturn|p1a: Maushold|move: Follow Me
|move|p2a: Dragonite|Scale Shot|p1a: Maushold
|-damage|p1a: Maushold|84/100
|-damage|p1a: Maushold|68/100
|-damage|p1a: Maushold|53/100
|-damage|p1a: Maushold|36/100
|-hitcount|p1a: Maushold|4
|-unboost|p2a: Dragonite|def|1
|-boost|p2a: Dragonite|spe|1
|move|p2b: Sneasler|Throat Chop|p1a: Maushold
|-supereffective|p1a: Maushold
|-damage|p1a: Maushold|0 fnt
|faint|p1a: Maushold
|move|p1b: Krookodile|Earthquake|p2a: Dragonite|[spread] p2a,p2b
|-supereffective|p2b: Sneasler
|-damage|p2a: Dragonite|0 fnt
|-enditem|p2b: Sneasler|Focus Sash
|-damage|p2b: Sneasler|1/100
|faint|p2a: Dragonite
|
|upkeep
|
|t:|1756296422
|switch|p1a: Pelipper|Pelipper, L50, F|100/100
|switch|p2a: Gholdengo|Gholdengo, L50|100/100
|-weather|RainDance|[from] ability: Drizzle|[of] p1a: Pelipper
|turn|4
|
|t:|1756296437
|move|p2b: Sneasler|Dire Claw|p1a: Pelipper
|-damage|p1a: Pelipper|42/100
|-status|p1a: Pelipper|slp
|move|p2a: Gholdengo|Make It Rain|p1a: Pelipper|[spread] p1a,p1b
|-resisted|p1a: Pelipper
|-damage|p1a: Pelipper|0 fnt
|-damage|p1b: Krookodile|0 fnt
|-unboost|p2a: Gholdengo|spa|1
|faint|p1a: Pelipper
|faint|p1b: Krookodile
|-damage|p2a: Gholdengo|91/100|[from] item: Life Orb
|
|-weather|RainDance|[upkeep]
|upkeep
|
|t:|1756296443
|switch|p1b: Archaludon|Archaludon, L50, M|100/100
|turn|5
|
|t:|1756296448
|move|p2b: Sneasler|Close Combat|p1b: Archaludon
|-supereffective|p1b: Archaludon
|-damage|p1b: Archaludon|12/100
|-unboost|p2b: Sneasler|def|1
|-unboost|p2b: Sneasler|spd|1
|-ability|p1b: Archaludon|Stamina|boost
|-boost|p1b: Archaludon|def|1
|move|p2a: Gholdengo|Shadow Ball|p1b: Archaludon
|-damage|p1b: Archaludon|0 fnt
|faint|p1b: Archaludon
|-damage|p2a: Gholdengo|81/100|[from] item: Life Orb
|
|win|eratakate
||Cm3112 is ready for game 2.
||eratakate is ready for game 2.
|uhtml|next|Next: Game 2 of 3
|l|‽Cm3112
|player|p1|
