|j|☆dreamswgh
|j|☆Fell Blue
|html|dreamswghFell Blue    
|uhtml|bestof|Game 2 of a best-of-3
|t:|1783466263
|gametype|doubles
|player|p1|dreamswgh|1|
|player|p2|Fell Blue|fantina|
|gen|9
|tier|[Gen 9 Champions] VGC 2026 Reg M-B (Bo3)
|rule|Species Clause: Limit one of each Pokémon
|rule|Item Clause: Limit 1 of each item
|clearpoke
|poke|p1|Mawile, L50, M|
|poke|p1|Hydreigon, L50, F|
|poke|p1|Delphox, L50, F|
|poke|p1|Sneasler, L50, M|
|poke|p1|Sinistcha, L50|
|poke|p1|Incineroar, L50, M|
|poke|p2|Metagross, L50|
|poke|p2|Pelipper, L50, M|
|poke|p2|Sinistcha, L50|
|poke|p2|Archaludon, L50, F|
|poke|p2|Swampert, L50, M|
|poke|p2|Grimmsnarl, L50, M|
|teampreview|4
|showteam|p1|Mawile||Mawilite|HyperCutter|SuckerPunch,PlayRough,SwordsDance,Protect|Brave||M|||50|]Hydreigon||ChoiceScarf|Levitate|DarkPulse,DracoMeteor,EarthPower,Snarl|Modest||F|||50|]Delphox||Delphoxite|Blaze|HeatWave,Psychic,NastyPlot,Protect|Timid||F|||50|]Sneasler||FocusSash|PoisonTouch|DireClaw,CloseCombat,QuickGuard,FakeOut|Adamant||M|||50|]Sinistcha||KasibBerry|Hospitality|Hex,TrickRoom,MatchaGotcha,RagePowder|Bold|||||50|]Incineroar||SitrusBerry|Intimidate|FlareBlitz,ThroatChop,PartingShot,FakeOut|Impish||M|||50|
|showteam|p2|Metagross||Metagrossite|ClearBody|IronHead,PsychicFangs,BodyPress,Protect|Jolly|||||50|]Pelipper||SitrusBerry|Drizzle|Hurricane,WeatherBall,Tailwind,WideGuard|Modest||M|||50|]Sinistcha||KasibBerry|Hospitality|MatchaGotcha,RagePowder,TrickRoom,Protect|Relaxed|||||50|]Archaludon||Leftovers|Stamina|ElectroShot,DragonPulse,FlashCannon,Protect|Modest||F|||50|]Swampert||Swampertite|Damp|WaveCrash,Earthquake,IcePunch,Protect|Adamant||M|||50|]Grimmsnarl||LightClay|Prankster|FoulPlay,PartingShot,Reflect,LightScreen|Calm||M|||50|
|c|☆Fell Blue|This team is so annoying
|c|☆dreamswgh|yours or mine?
|c|☆Fell Blue|Wavecrash was a mistake
|c|☆Fell Blue|No,mine
|c|☆dreamswgh|haha yeah but its part of it
|c|☆dreamswgh|i think its winnable just have to try and not be so scared to attack
|
|t:|1783466333
|teamsize|p1|4
|teamsize|p2|4
|start
|switch|p1a: Sinistcha|Sinistcha, L50|100/100
|switch|p1b: Sneasler|Sneasler, L50, M|100/100
|switch|p2a: Pelipper|Pelipper, L50, M|100/100
|switch|p2b: Archaludon|Archaludon, L50, F|100/100
|-weather|RainDance|[from] ability: Drizzle|[of] p2a: Pelipper
|turn|1
|c|☆Fell Blue|I see i see
|
|t:|1783466360
|switch|p2b: Grimmsnarl|Grimmsnarl, L50, M|100/100
|switch|p1a: Hydreigon|Hydreigon, L50, F|100/100
|move|p1b: Sneasler|Close Combat|p2b: Grimmsnarl
|-damage|p2b: Grimmsnarl|27/100
|-unboost|p1b: Sneasler|def|1
|-unboost|p1b: Sneasler|spd|1
|move|p2a: Pelipper|Hurricane|p1a: Hydreigon
|-damage|p1a: Hydreigon|48/100
|-start|p1a: Hydreigon|confusion
|
|-weather|RainDance|[upkeep]
|upkeep
|turn|2
|c|☆Fell Blue|I mean it didn't look unwinnable crom yojr skde
|c|☆Fell Blue|Your side*
|
|t:|1783466401
|switch|p1a: Sinistcha|Sinistcha, L50|100/100
|move|p2b: Grimmsnarl|Reflect|p2b: Grimmsnarl
|-sidestart|p2: Fell Blue|Reflect
|move|p1b: Sneasler|Dire Claw|p2b: Grimmsnarl
|-supereffective|p2b: Grimmsnarl|1
|-damage|p2b: Grimmsnarl|0 fnt
|faint|p2b: Grimmsnarl
|move|p2a: Pelipper|Tailwind|p2a: Pelipper
|-sidestart|p2: Fell Blue|move: Tailwind
|
|-weather|RainDance|[upkeep]
|upkeep
|
|t:|1783466435
|switch|p2b: Swampert|Swampert, L50, M|100/100
|turn|3
|c|☆Fell Blue|From your side* i can't type 😭
|
|t:|1783466464
|detailschange|p2b: Swampert|Swampert-Mega, L50, M
|-mega|p2b: Swampert|Swampert|Swampertite
|move|p2b: Swampert|Ice Punch|p1a: Sinistcha
|-supereffective|p1a: Sinistcha|1
|-damage|p1a: Sinistcha|48/100
|move|p2a: Pelipper|Hurricane|p1a: Sinistcha
|-supereffective|p1a: Sinistcha|1
|-crit|p1a: Sinistcha
|-damage|p1a: Sinistcha|0 fnt
|faint|p1a: Sinistcha
|move|p1b: Sneasler|Close Combat|p2b: Swampert
|-damage|p2b: Swampert|60/100
|-unboost|p1b: Sneasler|def|1
|-unboost|p1b: Sneasler|spd|1
|
|-weather|RainDance|[upkeep]
|upkeep
|
|t:|1783466479
|switch|p1a: Hydreigon|Hydreigon, L50, F|48/100
|turn|4
|
|t:|1783466497
|move|p2b: Swampert|Ice Punch|p1a: Hydreigon
|-supereffective|p1a: Hydreigon|1
|-damage|p1a: Hydreigon|0 fnt
|faint|p1a: Hydreigon
|move|p2a: Pelipper|Hurricane|p1b: Sneasler
|-supereffective|p1b: Sneasler|1
|-crit|p1b: Sneasler
|-enditem|p1b: Sneasler|Focus Sash
|-damage|p1b: Sneasler|1/100
|move|p1b: Sneasler|Dire Claw|p2a: Pelipper
|-damage|p2a: Pelipper|65/100
|-status|p2a: Pelipper|par
|
|-weather|RainDance|[upkeep]
|upkeep
|
|t:|1783466511
|switch|p1a: Mawile|Mawile, L50, M|100/100
|turn|5
|
|t:|1783466525
|detailschange|p1a: Mawile|Mawile-Mega, L50, M
|-mega|p1a: Mawile|Mawile|Mawilite
|move|p1a: Mawile|Sucker Punch|p2b: Swampert
|-damage|p2b: Swampert|33/100
|move|p2b: Swampert|Earthquake|p1a: Mawile|[spread] p1a,p1b
|-immune|p2a: Pelipper
|-supereffective|p1a: Mawile|1
|-supereffective|p1b: Sneasler|1
|-damage|p1a: Mawile|15/100
|-damage|p1b: Sneasler|0 fnt
|faint|p1b: Sneasler
|cant|p2a: Pelipper|par
|
|-weather|none
|-sideend|p2: Fell Blue|move: Tailwind
|upkeep
|turn|6
|
|t:|1783466542
|move|p1a: Mawile|Sucker Punch|p2b: Swampert
|-damage|p2b: Swampert|8/100
|move|p2b: Swampert|Earthquake|p1a: Mawile|[spread] p1a
|-immune|p2a: Pelipper
|-supereffective|p1a: Mawile|1
|-damage|p1a: Mawile|0 fnt
|faint|p1a: Mawile
|
|win|Fell Blue
|c|☆Fell Blue|Want to switch places?
|c|☆dreamswgh|gg! we can try a different strat
|c|☆dreamswgh|yeah send me the paste
|c|☆Fell Blue|Gg
|c|☆Fell Blue|https://pokepast.es/0e2662631e3bd943
|c|☆dreamswgh|https://pokepast.es/278a79dbce41944d
