|j|☆SoyUnaIA
|j|☆tzarii
|html|SoyUnaIAtzarii    
|uhtml|bestof|Game 3 of a best-of-3
|t:|1755711292
|gametype|doubles
|player|p1|SoyUnaIA|rood|1208
|player|p2|tzarii|lady-gen4|1193
|gen|9
|tier|[Gen 9] VGC 2025 Reg H (Bo3)
|rated|
|rule|Species Clause: Limit one of each Pokémon
|rule|Item Clause: Limit 1 of each item
|clearpoke
|poke|p1|Annihilape, L50, F|
|poke|p1|Grimmsnarl, L50, M|
|poke|p1|Dragonite, L50, M|
|poke|p1|Dondozo, L50, F|
|poke|p1|Volcarona, L50, F|
|poke|p1|Sinistcha, L50|
|poke|p2|Tyranitar, L50, F|
|poke|p2|Excadrill, L50, F|
|poke|p2|Garchomp, L50, F|
|poke|p2|Sinistcha, L50|
|poke|p2|Dragapult, L50, M|
|poke|p2|Sneasler, L50, F|
|teampreview|4
|showteam|p1|Annihilape||LumBerry|Defiant|RageFist,DrainPunch,BulkUp,Protect|||F|||50|,,,,,Steel]Grimmsnarl||LightClay|Prankster|Reflect,LightScreen,SpiritBreak,ThunderWave|||M|||50|,,,,,Ghost]Dragonite||LoadedDice|Multiscale|ScaleShot,Tailwind,FireSpin,Protect|||M|||50|,,,,,Fairy]Dondozo||Leftovers|Unaware|WaveCrash,Yawn,Fissure,Protect|||F|||50|,,,,,Poison]Volcarona||CovertCloak|FlameBody|QuiverDance,HeatWave,TeraBlast,Protect|||F|||50|,,,,,Fairy]Sinistcha||SitrusBerry|Hospitality|MatchaGotcha,RagePowder,LifeDew,Protect||||||50|,,,,,Water
|showteam|p2|Tyranitar||AssaultVest|SandStream|RockSlide,KnockOff,HighHorsepower,LowKick|||F|||50|,,,,,Flying]Excadrill||ClearAmulet|SandRush|HighHorsepower,IronHead,SwordsDance,Protect|||F|||50|,,,,,Dragon]Garchomp||LoadedDice|SandVeil|ScaleShot,StompingTantrum,TeraBlast,Protect|||F|||50|,,,,,Fire]Sinistcha||SitrusBerry|Hospitality|RagePowder,MatchaGotcha,StrengthSap,LifeDew||||||50|,,,,,Steel]Dragapult||LifeOrb|Infiltrator|DracoMeteor,ShadowBall,WillOWisp,Protect|||M|||50|,,,,,Dragon]Sneasler||WhiteHerb|Unburden|FakeOut,CloseCombat,DireClaw,Coaching|||F|||50|,,,,,Ghost
|inactive|Battle timer is ON: inactive players will automatically lose when time's up. (requested by SoyUnaIA)
|inactive|tzarii has 60 seconds left.
|
|t:|1755711323
|teamsize|p1|4
|teamsize|p2|4
|start
|switch|p1a: Dragonite|Dragonite, L50, M|100/100
|switch|p1b: Dondozo|Dondozo, L50, F|100/100
|switch|p2a: Sneasler|Sneasler, L50, F|100/100
|switch|p2b: Garchomp|Garchomp, L50, F|100/100
|turn|1
|inactive|SoyUnaIA has 30 seconds left.
|inactive|tzarii has 30 seconds left.
|inactive|tzarii has 20 seconds left.
|
|t:|1755711359
|move|p2a: Sneasler|Dire Claw|p1a: Dragonite
|-damage|p1a: Dragonite|79/100
|-status|p1a: Dragonite|slp
|move|p2b: Garchomp|Scale Shot|p1a: Dragonite
|-supereffective|p1a: Dragonite
|-damage|p1a: Dragonite|45/100 slp
|-supereffective|p1a: Dragonite
|-damage|p1a: Dragonite|17/100 slp
|-supereffective|p1a: Dragonite
|-damage|p1a: Dragonite|0 fnt
|faint|p1a: Dragonite
|-hitcount|p1: Dragonite|3
|-unboost|p2b: Garchomp|def|1
|-boost|p2b: Garchomp|spe|1
|move|p1b: Dondozo|Yawn|p2b: Garchomp
|-start|p2b: Garchomp|move: Yawn|[of] p1b: Dondozo
|
|upkeep
|
|t:|1755711368
|switch|p1a: Annihilape|Annihilape, L50, F|100/100
|turn|2
|
|t:|1755711391
|switch|p2b: Tyranitar|Tyranitar, L50, F|100/100
|-weather|Sandstorm|[from] ability: Sand Stream|[of] p2b: Tyranitar
|move|p2a: Sneasler|Coaching|p2b: Tyranitar
|-boost|p2b: Tyranitar|atk|1
|-boost|p2b: Tyranitar|def|1
|move|p1a: Annihilape|Bulk Up|p1a: Annihilape
|-boost|p1a: Annihilape|atk|1
|-boost|p1a: Annihilape|def|1
|move|p1b: Dondozo|Wave Crash|p2a: Sneasler
|-damage|p2a: Sneasler|29/100
|-damage|p1b: Dondozo|85/100|[from] Recoil
|
|-weather|Sandstorm|[upkeep]
|-damage|p2a: Sneasler|23/100|[from] Sandstorm
|-damage|p1a: Annihilape|95/100|[from] Sandstorm
|-damage|p1b: Dondozo|79/100|[from] Sandstorm
|-heal|p1b: Dondozo|85/100|[from] item: Leftovers
|upkeep
|turn|3
|
|t:|1755711412
|-terastallize|p2b: Tyranitar|Flying
|move|p2a: Sneasler|Coaching|p2b: Tyranitar
|-boost|p2b: Tyranitar|atk|1
|-boost|p2b: Tyranitar|def|1
|move|p1a: Annihilape|Bulk Up|p1a: Annihilape
|-boost|p1a: Annihilape|atk|1
|-boost|p1a: Annihilape|def|1
|move|p2b: Tyranitar|Knock Off|p1a: Annihilape
|-damage|p1a: Annihilape|39/100
|-enditem|p1a: Annihilape|Lum Berry|[from] move: Knock Off|[of] p2b: Tyranitar
|move|p1b: Dondozo|Wave Crash|p2a: Sneasler
|-damage|p2a: Sneasler|0 fnt
|faint|p2a: Sneasler
|-damage|p1b: Dondozo|81/100|[from] Recoil
|
|-weather|Sandstorm|[upkeep]
|-damage|p1a: Annihilape|33/100|[from] Sandstorm
|-damage|p2b: Tyranitar|95/100|[from] Sandstorm
|-damage|p1b: Dondozo|74/100|[from] Sandstorm
|-heal|p1b: Dondozo|81/100|[from] item: Leftovers
|upkeep
|
|t:|1755711422
|switch|p2a: Garchomp|Garchomp, L50, F|100/100
|turn|4
|
|t:|1755711438
|move|p2a: Garchomp|Scale Shot|p1a: Annihilape
|-damage|p1a: Annihilape|25/100
|-damage|p1a: Annihilape|17/100
|-damage|p1a: Annihilape|9/100
|-damage|p1a: Annihilape|1/100
|-damage|p1a: Annihilape|0 fnt
|faint|p1a: Annihilape
|-hitcount|p1: Annihilape|5
|-unboost|p2a: Garchomp|def|1
|-boost|p2a: Garchomp|spe|1
|move|p2b: Tyranitar|Knock Off|p1b: Dondozo
|-damage|p1b: Dondozo|50/100
|-enditem|p1b: Dondozo|Leftovers|[from] move: Knock Off|[of] p2b: Tyranitar
|move|p1b: Dondozo|Yawn|p2a: Garchomp
|-start|p2a: Garchomp|move: Yawn|[of] p1b: Dondozo
|
|-weather|Sandstorm|[upkeep]
|-damage|p2b: Tyranitar|89/100|[from] Sandstorm
|-damage|p1b: Dondozo|44/100|[from] Sandstorm
|upkeep
|
|t:|1755711446
|switch|p1a: Grimmsnarl|Grimmsnarl, L50, M|100/100
|turn|5
|
|t:|1755711464
|switch|p2a: Sinistcha|Sinistcha, L50|100/100
|-heal|p2b: Tyranitar|100/100|[from] ability: Hospitality|[of] p2a: Sinistcha
|move|p1a: Grimmsnarl|Reflect|p1a: Grimmsnarl
|-sidestart|p1: SoyUnaIA|Reflect
|move|p2b: Tyranitar|Rock Slide|p1a: Grimmsnarl|[spread] p1a,p1b
|-damage|p1a: Grimmsnarl|58/100
|-damage|p1b: Dondozo|30/100
|move|p1b: Dondozo|Yawn|p2b: Tyranitar
|-start|p2b: Tyranitar|move: Yawn|[of] p1b: Dondozo
|
|-weather|Sandstorm|[upkeep]
|-damage|p2a: Sinistcha|94/100|[from] Sandstorm
|-damage|p1a: Grimmsnarl|52/100|[from] Sandstorm
|-damage|p2b: Tyranitar|95/100|[from] Sandstorm
|-damage|p1b: Dondozo|24/100|[from] Sandstorm
|upkeep
|turn|6
|
|t:|1755711485
|-terastallize|p1b: Dondozo|Poison
|move|p2a: Sinistcha|Matcha Gotcha|p1a: Grimmsnarl|[spread] p1a
|-miss|p2a: Sinistcha|p1b: Dondozo
|-damage|p1a: Grimmsnarl|27/100
|-heal|p2a: Sinistcha|100/100|[from] drain|[of] p1a: Grimmsnarl
|move|p1a: Grimmsnarl|Spirit Break|p2b: Tyranitar
|-damage|p2b: Tyranitar|83/100
|-unboost|p2b: Tyranitar|spa|1
|move|p2b: Tyranitar|High Horsepower|p1a: Grimmsnarl
|-damage|p1a: Grimmsnarl|0 fnt
|faint|p1a: Grimmsnarl
|move|p1b: Dondozo|Fissure|p2a: Sinistcha|[miss]
|-miss|p1b: Dondozo|p2a: Sinistcha
|
|-weather|none
|-end|p2b: Tyranitar|move: Yawn|[silent]
|-status|p2b: Tyranitar|slp
|upkeep
|turn|7
|-message|SoyUnaIA forfeited.
|
|win|tzarii
|raw|SoyUnaIA's rating: 1208 → 1182(-26 for losing)
|raw|tzarii's rating: 1193 → 1219(+26 for winning)
|l|☆SoyUnaIA
|player|p1|
