|j|☆SapoWitch
|j|☆saltylilmoth
|html|SapoWitchsaltylilmoth    
|uhtml|bestof|Game 2 of a best-of-3
|t:|1785632942
|gametype|doubles
|player|p1|SapoWitch|rocketgruntf|
|player|p2|saltylilmoth|roxie|
|gen|9
|tier|[Gen 9 Champions] VGC 2026 Reg M-B (Bo3)
|rule|Species Clause: Limit one of each Pokémon
|rule|Item Clause: Limit 1 of each item
|clearpoke
|poke|p1|Meowscarada, L50, M|
|poke|p1|Delphox, L50, M|
|poke|p1|Ninetales-Alola, L50, F|
|poke|p1|Sneasler, L50, M|
|poke|p1|Feraligatr, L50, M|
|poke|p1|Scrafty, L50, M|
|poke|p2|Raichu, L50, F|
|poke|p2|Mimikyu, L50, F|
|poke|p2|Dedenne, L50, F|
|poke|p2|Morpeko, L50, F|
|poke|p2|Emolga, L50, M|
|poke|p2|Pikachu, L50, M|
|teampreview|4
|showteam|p1|Meowscarada||ChoiceScarf|Protean|FlowerTrick,KnockOff,MudSlap,PlayRough|Adamant||M|||50|]Delphox||Delphoxite|Blaze|HeatWave,Psyshock,NastyPlot,Protect|Timid||M|||50|]Ninetales-Alola||LightClay|SnowWarning|AuroraVeil,DazzlingGleam,FreezeDry,IcyWind|Serious||F|||50|]Sneasler||WhiteHerb|Unburden|DireClaw,FakeOut,CloseCombat,Protect|Jolly||M|||50|]Feraligatr||Feraligite|SheerForce|DragonDance,Liquidation,BodySlam,Protect|Adamant||M|||50|]Scrafty||Leftovers|Intimidate|FakeOut,KnockOff,Protect,CloseCombat|Adamant||M|||50|
|showteam|p2|Raichu||RaichuniteX|Static|VoltTackle,IronTail,Protect,Trailblaze|Adamant||F|||50|]Mimikyu||Leftovers|Disguise|LeechLife,Taunt,DestinyBond,ShadowSneak|Careful||F|||50|]Dedenne||SitrusBerry|CheekPouch|RainDance,Thunder,TearfulLook,DrainingKiss|Timid||F|||50|]Morpeko||KingsRock|HungerSwitch|AuraWheel,KnockOff,BrickBreak,BulletSeed|Jolly||F|||50|]Emolga||ChoiceScarf|MotorDrive|ElectroBall,AirSlash,VoltSwitch,EnergyBall|Timid||M|||50|]Pikachu||LightBall|Static|Surf,Discharge,DrainingKiss,FakeOut|Timid||M|||50|
|
|t:|1785632990
|teamsize|p1|4
|teamsize|p2|4
|start
|switch|p1a: Weather Report|Ninetales-Alola, L50, F|100/100
|switch|p1b: Sneasler|Sneasler, L50, M|100/100
|switch|p2a: Pikachud|Pikachu, L50, M|100/100
|switch|p2b: Henry|Morpeko, L50, F|100/100
|-weather|Snowscape|[from] ability: Snow Warning|[of] p1a: Weather Report
|turn|1
|
|t:|1785633030
|move|p1b: Sneasler|Fake Out|p2a: Pikachud
|-damage|p2a: Pikachud|58/100
|-status|p1b: Sneasler|par|[from] ability: Static|[of] p2a: Pikachud
|cant|p2a: Pikachud|flinch
|move|p2b: Henry|Knock Off|p1b: Sneasler
|-resisted|p1b: Sneasler|1
|-damage|p1b: Sneasler|63/100 par
|-enditem|p1b: Sneasler|White Herb|[from] move: Knock Off|[of] p2b: Henry
|move|p1a: Weather Report|Aurora Veil|p1a: Weather Report
|-sidestart|p1: SapoWitch|move: Aurora Veil
|
|-weather|Snowscape|[upkeep]
|-formechange|p2b: Henry|Morpeko-Hangry|
|upkeep
|turn|2
|
|t:|1785633075
|cant|p1b: Sneasler|par
|move|p2b: Henry|Brick Break|p1a: Weather Report
|-sideend|p1: SapoWitch|move: Aurora Veil
|-damage|p1a: Weather Report|81/100
|move|p1a: Weather Report|Dazzling Gleam|p2b: Henry|[spread] p2a,p2b
|-supereffective|p2b: Henry|1
|-damage|p2a: Pikachud|12/100
|-damage|p2b: Henry|33/100
|move|p2a: Pikachud|Draining Kiss|p1b: Sneasler
|-damage|p1b: Sneasler|35/100 par
|-heal|p2a: Pikachud|41/100|[from] drain|[of] p1b: Sneasler
|
|-weather|Snowscape|[upkeep]
|-formechange|p2b: Henry|Morpeko|
|upkeep
|turn|3
|
|t:|1785633102
|move|p1b: Sneasler|Protect|p1b: Sneasler
|-singleturn|p1b: Sneasler|Protect
|move|p2b: Henry|Aura Wheel|p1a: Weather Report
|-damage|p1a: Weather Report|44/100
|-boost|p2b: Henry|spe|1
|move|p1a: Weather Report|Dazzling Gleam|p2b: Henry|[spread] p2a,p2b
|-supereffective|p2b: Henry|1
|-damage|p2a: Pikachud|0 fnt
|-damage|p2b: Henry|0 fnt
|faint|p2a: Pikachud
|faint|p2b: Henry
|
|-weather|Snowscape|[upkeep]
|upkeep
|
|t:|1785633115
|switch|p2b: Biggie Cheese|Raichu, L50, F|100/100
|switch|p2a: Temu|Mimikyu, L50, F|100/100
|turn|4
|
|t:|1785633160
|switch|p1a: Joker Persona5|Meowscarada, L50, M|100/100
|cant|p1b: Sneasler|par
|move|p2b: Biggie Cheese|Iron Tail|p1a: Joker Persona5
|-damage|p1a: Joker Persona5|56/100
|move|p2a: Temu|Leech Life|p1b: Sneasler
|-resisted|p1b: Sneasler|2
|-damage|p1b: Sneasler|27/100 par
|
|-weather|Snowscape|[upkeep]
|upkeep
|turn|5
|
|t:|1785633184
|switch|p1b: Weather Report|Ninetales-Alola, L50, F|44/100
|move|p1a: Joker Persona5|Flower Trick|p2b: Biggie Cheese
|-start|p1a: Joker Persona5|typechange|Grass|[from] ability: Protean
|-crit|p2b: Biggie Cheese
|-damage|p2b: Biggie Cheese|0 fnt
|faint|p2b: Biggie Cheese
|move|p2a: Temu|Leech Life|p1a: Joker Persona5
|-supereffective|p1a: Joker Persona5|1
|-damage|p1a: Joker Persona5|5/100
|
|-weather|none
|upkeep
|turn|6
|
|t:|1785633208
|move|p2a: Temu|Shadow Sneak|p1a: Joker Persona5
|-damage|p1a: Joker Persona5|0 fnt
|faint|p1a: Joker Persona5
|move|p1b: Weather Report|Dazzling Gleam|p2a: Temu
|-activate|p2a: Temu|ability: Disguise
|-damage|p2a: Temu|100/100
|detailschange|p2a: Temu|Mimikyu-Busted, L50, F
|-damage|p2a: Temu|87/100|[from] pokemon: Mimikyu-Busted
|
|-heal|p2a: Temu|93/100|[from] item: Leftovers
|upkeep
|
|t:|1785633219
|switch|p1a: Witch Bitch|Delphox, L50, M|100/100
|turn|7
|
|t:|1785633229
|detailschange|p1a: Witch Bitch|Delphox-Mega, L50, M
|-mega|p1a: Witch Bitch|Delphox|Delphoxite
|move|p1a: Witch Bitch|Psyshock|p2a: Temu
|-damage|p2a: Temu|29/100
|move|p1b: Weather Report|Freeze-Dry|p2a: Temu
|-damage|p2a: Temu|13/100
|move|p2a: Temu|Destiny Bond|p2a: Temu
|-singlemove|p2a: Temu|Destiny Bond
|
|-heal|p2a: Temu|19/100|[from] item: Leftovers
|upkeep
|turn|8
|
|t:|1785633243
|move|p1a: Witch Bitch|Psyshock|p2a: Temu
|-damage|p2a: Temu|0 fnt
|faint|p2a: Temu
|-activate|p2a: Temu|move: Destiny Bond
|faint|p1a: Witch Bitch
|
|win|SapoWitch
|l|☆SapoWitch
|player|p1|
