|j|☆CxVariable
|j|☆KodeBeast0526
|html|CxVariableKodeBeast0526    
|uhtml|bestof|Game 1 of a best-of-3
|t:|1783991892
|gametype|doubles
|player|p1|CxVariable|1|1092
|player|p2|KodeBeast0526|hiker|1250
|gen|9
|tier|[Gen 9 Champions] VGC 2026 Reg M-B (Bo3)
|rated|
|rule|Species Clause: Limit one of each Pokémon
|rule|Item Clause: Limit 1 of each item
|clearpoke
|poke|p1|Mimikyu, L50, M|
|poke|p1|Goodra-Hisui, L50, F|
|poke|p1|Slowking-Galar, L50, F|
|poke|p1|Crabominable, L50, F|
|poke|p1|Golurk, L50|
|poke|p1|Primarina, L50, M|
|poke|p2|Aerodactyl, L50, M, shiny|
|poke|p2|Kingambit, L50, M, shiny|
|poke|p2|Garchomp, L50, M, shiny|
|poke|p2|Charizard, L50, M, shiny|
|poke|p2|Incineroar, L50, M, shiny|
|poke|p2|Metagross, L50, shiny|
|teampreview|4
|showteam|p1|Mimikyu||WideLens|Disguise|TrickRoom,WillOWisp,PlayRough,PhantomForce|Brave||M|||50|]Goodra-Hisui||Leftovers|ShellArmor|LifeDew,TearfulLook,BodyPress,Shelter|Relaxed||F|||50|]Slowking-Galar||SitrusBerry|Regenerator|TrickRoom,ChillyReception,SludgeWave,Psychic|Quiet||F|||50|]Crabominable||Crabominite|HyperCutter|IceHammer,DrainPunch,KnockOff,Protect|Brave||F|||50|]Golurk||LifeOrb|NoGuard|HighHorsepower,Poltergeist,StoneEdge,GigaImpact|Brave|||||50|]Primarina||MysticWater|LiquidVoice|HyperVoice,Moonblast,Blizzard,Protect|Quiet||M|||50|
|showteam|p2|Aerodactyl||FocusSash|Unnerve|RockSlide,IceFang,Tailwind,WideGuard|Jolly||M|||50|]Kingambit||BlackGlasses|Defiant|KowtowCleave,SuckerPunch,IronHead,Protect|Adamant||M|||50|]Garchomp||LifeOrb|RoughSkin|Earthquake,DragonClaw,StompingTantrum,Protect|Jolly||M|||50|]Charizard||CharizarditeY|Blaze|Protect,HeatWave,SolarBeam,WeatherBall|Modest||M|||50|]Incineroar||SitrusBerry|Intimidate|DarkestLariat,FlareBlitz,FakeOut,PartingShot|Impish||M|||50|]Metagross||Metagrossite|ClearBody|BodyPress,IronHead,PsychicFangs,Protect|Adamant|||||50|
|
|t:|1783991929
|teamsize|p1|4
|teamsize|p2|4
|start
|switch|p1a: Slowking|Slowking-Galar, L50, F|100/100
|switch|p1b: Crabominable|Crabominable, L50, F|100/100
|switch|p2a: Charizard|Charizard, L50, M, shiny|100/100
|switch|p2b: Garchomp|Garchomp, L50, M, shiny|100/100
|turn|1
|inactive|Battle timer is ON: inactive players will automatically lose when time's up. (requested by KodeBeast0526)
|
|t:|1783991959
|switch|p1b: Primarina|Primarina, L50, M|100/100
|detailschange|p2a: Charizard|Charizard-Mega-Y, L50, M, shiny
|-mega|p2a: Charizard|Charizard|Charizardite Y
|-weather|SunnyDay|[from] ability: Drought|[of] p2a: Charizard
|move|p2b: Garchomp|Earthquake|p1a: Slowking|[spread] p1a,p1b
|-immune|p2a: Charizard
|-supereffective|p1a: Slowking|1
|-damage|p1a: Slowking|25/100
|-damage|p1b: Primarina|27/100
|-enditem|p1a: Slowking|Sitrus Berry|[eat]
|-heal|p1a: Slowking|50/100y|[from] item: Sitrus Berry
|-damage|p2b: Garchomp|90/100|[from] item: Life Orb
|move|p2a: Charizard|Heat Wave|p1b: Primarina|[spread] p1b
|-miss|p2a: Charizard|p1a: Slowking
|-resisted|p1b: Primarina|1
|-damage|p1b: Primarina|1/100
|move|p1a: Slowking|Trick Room|p1a: Slowking
|-fieldstart|move: Trick Room|[of] p1a: Slowking
|
|-weather|SunnyDay|[upkeep]
|upkeep
|turn|2
|
|t:|1783991983
|switch|p2a: Incineroar|Incineroar, L50, M, shiny|100/100
|-ability|p2a: Incineroar|Intimidate|boost
|-unboost|p1a: Slowking|atk|1
|-unboost|p1b: Primarina|atk|1
|move|p1a: Slowking|Psychic|p2a: Incineroar
|-immune|p2a: Incineroar
|move|p1b: Primarina|Moonblast|p2b: Garchomp
|-supereffective|p2b: Garchomp|1
|-damage|p2b: Garchomp|0 fnt
|faint|p2b: Garchomp
|
|-weather|SunnyDay|[upkeep]
|upkeep
|
|t:|1783991994
|switch|p2b: Kingambit|Kingambit, L50, M, shiny|100/100
|turn|3
|
|t:|1783992004
|move|p1b: Primarina|Protect|p1b: Primarina
|-singleturn|p1b: Primarina|Protect
|move|p2a: Incineroar|Fake Out|p1b: Primarina
|-activate|p1b: Primarina|move: Protect
|-prepare|p1a: Slowking|Chilly Reception|[premajor]
|move|p1a: Slowking|Chilly Reception|p1a: Slowking
|-weather|Snowscape
|
|t:|1783992013
|-heal|p1a: Slowking|83/100|[from] ability: Regenerator|[silent]
|switch|p1a: Crabominable|Crabominable, L50, F|100/100|[from] Chilly Reception
|move|p2b: Kingambit|Kowtow Cleave|p1a: Crabominable
|-resisted|p1a: Crabominable|1
|-damage|p1a: Crabominable|78/100
|
|-weather|Snowscape|[upkeep]
|upkeep
|turn|4
|
|t:|1783992026
|switch|p2b: Charizard|Charizard-Mega-Y, L50, M, shiny|100/100
|-weather|SunnyDay|[from] ability: Drought|[of] p2b: Charizard
|detailschange|p1a: Crabominable|Crabominable-Mega, L50, F
|-mega|p1a: Crabominable|Crabominable|Crabominite
|move|p1a: Crabominable|Drain Punch|p2b: Charizard
|-resisted|p2b: Charizard|1
|-damage|p2b: Charizard|71/100
|-heal|p1a: Crabominable|91/100|[from] drain|[of] p2b: Charizard
|move|p1b: Primarina|Hyper Voice|p2a: Incineroar|[spread] p2a,p2b
|-supereffective|p2a: Incineroar|1
|-supereffective|p2b: Charizard|1
|-damage|p2a: Incineroar|60/100
|-damage|p2b: Charizard|30/100
|move|p2a: Incineroar|Flare Blitz|p1a: Crabominable
|-supereffective|p1a: Crabominable|1
|-damage|p1a: Crabominable|0 fnt
|faint|p1a: Crabominable
|-damage|p2a: Incineroar|30/100|[from] Recoil
|-enditem|p2a: Incineroar|Sitrus Berry|[eat]
|-heal|p2a: Incineroar|54/100|[from] item: Sitrus Berry
|
|-weather|SunnyDay|[upkeep]
|upkeep
|
|t:|1783992041
|switch|p1a: Golurk|Golurk, L50|100/100
|turn|5
|
|t:|1783992060
|switch|p2b: Kingambit|Kingambit, L50, M, shiny|100/100
|move|p1a: Golurk|Stone Edge|p2a: Incineroar
|-supereffective|p2a: Incineroar|1
|-damage|p2a: Incineroar|0 fnt
|faint|p2a: Incineroar
|-damage|p1a: Golurk|90/100|[from] item: Life Orb
|move|p1b: Primarina|Hyper Voice|p2b: Kingambit
|-damage|p2b: Kingambit|68/100
|
|-weather|SunnyDay|[upkeep]
|-fieldend|move: Trick Room
|upkeep
|
|t:|1783992065
|switch|p2a: Charizard|Charizard-Mega-Y, L50, M, shiny|30/100
|turn|6
|
|t:|1783992076
|switch|p1a: Slowking|Slowking-Galar, L50, F|83/100
|move|p1b: Primarina|Protect|p1b: Primarina
|-singleturn|p1b: Primarina|Protect
|move|p2a: Charizard|Heat Wave|p1b: Primarina|[spread] p1a
|-activate|p1b: Primarina|move: Protect
|-damage|p1a: Slowking|29/100
|move|p2b: Kingambit|Kowtow Cleave|p1a: Slowking
|-supereffective|p1a: Slowking|1
|-damage|p1a: Slowking|0 fnt
|faint|p1a: Slowking
|
|-weather|SunnyDay|[upkeep]
|upkeep
|
|t:|1783992080
|switch|p1a: Golurk|Golurk, L50|90/100
|turn|7
|
|t:|1783992087
|move|p2a: Charizard|Solar Beam||[still]
|-prepare|p2a: Charizard|Solar Beam
|-anim|p2a: Charizard|Solar Beam|p1b: Primarina
|-supereffective|p1b: Primarina|1
|-damage|p1b: Primarina|0 fnt
|faint|p1b: Primarina
|move|p2b: Kingambit|Kowtow Cleave|p1a: Golurk
|-supereffective|p1a: Golurk|1
|-damage|p1a: Golurk|0 fnt
|faint|p1a: Golurk
|
|win|KodeBeast0526
