|j|☆sogreenitslime
|j|☆EthanO35
|html|sogreenitslimeEthanO35    
|uhtml|bestof|Game 2 of a best-of-3
|t:|1783138840
|gametype|doubles
|player|p1|sogreenitslime|pokemaniac|1125
|player|p2|EthanO35|102|1081
|gen|9
|tier|[Gen 9 Champions] VGC 2026 Reg M-B (Bo3)
|rated|
|rule|Species Clause: Limit one of each Pokémon
|rule|Item Clause: Limit 1 of each item
|clearpoke
|poke|p1|Aerodactyl, L50, F|
|poke|p1|Rotom-Wash, L50|
|poke|p1|Sceptile, L50, M|
|poke|p1|Kingambit, L50, M|
|poke|p1|Ninetales-Alola, L50, M|
|poke|p1|Incineroar, L50, F|
|poke|p2|Farigiraf, L50, F|
|poke|p2|Kingambit, L50, M|
|poke|p2|Staraptor, L50, M|
|poke|p2|Incineroar, L50, F|
|poke|p2|Whimsicott, L50, F|
|poke|p2|Gholdengo, L50|
|teampreview|4
|showteam|p1|Aerodactyl||Aerodactylite|Unnerve|Tailwind,RockSlide,DualWingbeat,Protect|Jolly||F|||50|]Rotom-Wash||ChoiceScarf|Levitate|VoltSwitch,Discharge,Electroweb,HydroPump|Timid|||||50|]Sceptile||Sceptilite|Overgrow|EnergyBall,EarthPower,DragonPulse,Protect|Timid||M|||50|]Kingambit||ChopleBerry|Defiant|KowtowCleave,SuckerPunch,IronHead,Protect|Adamant||M|||50|]Ninetales-Alola||NeverMeltIce|SnowWarning|Blizzard,AuroraVeil,Protect,Moonblast|Bold||M|||50|]Incineroar||SitrusBerry|Intimidate|WillOWisp,FlareBlitz,PartingShot,FakeOut|Careful||F|||50|
|showteam|p2|Farigiraf||SitrusBerry|ArmorTail|Psychic,Reflect,TrickRoom,HyperVoice|Quiet||F|||50|]Kingambit||ChopleBerry|Defiant|KowtowCleave,SuckerPunch,SwordsDance,Protect|Brave||M|||50|]Staraptor||Staraptite|Intimidate|CloseCombat,Protect,BraveBird,Roost|Adamant||M|||50|]Incineroar||MuscleBand|Intimidate|DarkestLariat,PartingShot,FlareBlitz,FakeOut|Serious||F|||50|]Whimsicott||FocusSash|Prankster|Moonblast,Encore,Protect,Tailwind|Modest||F|||50|]Gholdengo||LifeOrb|GoodasGold|MakeItRain,ShadowBall,Protect,NastyPlot|Modest|||||50|
|
|t:|1783138858
|teamsize|p1|4
|teamsize|p2|4
|start
|switch|p1a: Kingambit|Kingambit, L50, M|100/100
|switch|p1b: Ninetales|Ninetales-Alola, L50, M|100/100
|switch|p2a: Whimsicott|Whimsicott, L50, F|100/100
|switch|p2b: Staraptor|Staraptor, L50, M|100/100
|-weather|Snowscape|[from] ability: Snow Warning|[of] p1b: Ninetales
|-ability|p2b: Staraptor|Intimidate|boost
|-unboost|p1a: Kingambit|atk|1
|-ability|p1a: Kingambit|Defiant|boost
|-boost|p1a: Kingambit|atk|2
|-unboost|p1b: Ninetales|atk|1
|turn|1
|
|t:|1783138879
|detailschange|p2b: Staraptor|Staraptor-Mega, L50, M
|-mega|p2b: Staraptor|Staraptor|Staraptite
|move|p2a: Whimsicott|Tailwind|p2a: Whimsicott
|-sidestart|p2: EthanO35|move: Tailwind
|move|p2b: Staraptor|Close Combat|p1a: Kingambit
|-supereffective|p1a: Kingambit|2
|-enditem|p1a: Kingambit|Chople Berry|[eat]
|-enditem|p1a: Kingambit|Chople Berry|[weaken]
|-damage|p1a: Kingambit|0 fnt
|-boost|p2b: Staraptor|def|1
|-boost|p2b: Staraptor|spd|1
|faint|p1a: Kingambit
|move|p1b: Ninetales|Blizzard|p2b: Staraptor|[spread] p2a,p2b
|-supereffective|p2a: Whimsicott|1
|-supereffective|p2b: Staraptor|1
|-damage|p2a: Whimsicott|15/100
|-damage|p2b: Staraptor|58/100
|
|-weather|Snowscape|[upkeep]
|upkeep
|
|t:|1783138892
|switch|p1a: Rotom|Rotom-Wash, L50|100/100
|turn|2
|
|t:|1783138901
|move|p2a: Whimsicott|Protect|p2a: Whimsicott
|-singleturn|p2a: Whimsicott|Protect
|move|p2b: Staraptor|Close Combat|p1b: Ninetales
|-damage|p1b: Ninetales|48/100
|-boost|p2b: Staraptor|def|1
|-boost|p2b: Staraptor|spd|1
|move|p1a: Rotom|Volt Switch|p2b: Staraptor
|-supereffective|p2b: Staraptor|1
|-damage|p2b: Staraptor|26/100
|
|t:|1783138911
|switch|p1a: Sceptile|Sceptile, L50, M|100/100|[from] Volt Switch
|move|p1b: Ninetales|Blizzard|p2b: Staraptor|[spread] p2b
|-activate|p2a: Whimsicott|move: Protect
|-supereffective|p2b: Staraptor|1
|-damage|p2b: Staraptor|1/100
|
|-weather|Snowscape|[upkeep]
|upkeep
|turn|3
|
|t:|1783138937
|move|p1a: Sceptile|Protect|p1a: Sceptile
|-singleturn|p1a: Sceptile|Protect
|move|p2a: Whimsicott|Moonblast|p1b: Ninetales
|-damage|p1b: Ninetales|14/100
|move|p2b: Staraptor|Close Combat|p1a: Sceptile
|-activate|p1a: Sceptile|move: Protect
|move|p1b: Ninetales|Blizzard|p2a: Whimsicott|[spread] p2a,p2b
|-supereffective|p2a: Whimsicott|1
|-supereffective|p2b: Staraptor|1
|-damage|p2a: Whimsicott|0 fnt
|-damage|p2b: Staraptor|0 fnt
|faint|p2a: Whimsicott
|faint|p2b: Staraptor
|
|-weather|Snowscape|[upkeep]
|upkeep
|
|t:|1783138953
|switch|p2a: Gholdengo|Gholdengo, L50|100/100
|switch|p2b: Incineroar|Incineroar, L50, F|100/100
|-ability|p2b: Incineroar|Intimidate|boost
|-unboost|p1a: Sceptile|atk|1
|-unboost|p1b: Ninetales|atk|1
|turn|4
|
|t:|1783138966
|switch|p1a: Rotom|Rotom-Wash, L50|100/100
|move|p1b: Ninetales|Protect|p1b: Ninetales
|-singleturn|p1b: Ninetales|Protect
|move|p2b: Incineroar|Fake Out|p1b: Ninetales
|-activate|p1b: Ninetales|move: Protect
|move|p2a: Gholdengo|Nasty Plot|p2a: Gholdengo
|-boost|p2a: Gholdengo|spa|2
|
|-weather|Snowscape|[upkeep]
|-sideend|p2: EthanO35|move: Tailwind
|upkeep
|turn|5
|
|t:|1783138984
|move|p1a: Rotom|Discharge|p2a: Gholdengo|[spread] p1b,p2a,p2b
|-damage|p1b: Ninetales|0 fnt
|-damage|p2a: Gholdengo|73/100
|-damage|p2b: Incineroar|76/100
|-status|p2b: Incineroar|par
|faint|p1b: Ninetales
|move|p2a: Gholdengo|Make It Rain|p1a: Rotom
|-resisted|p1a: Rotom|2
|-damage|p1a: Rotom|39/100
|-unboost|p2a: Gholdengo|spa|2
|-damage|p2a: Gholdengo|63/100|[from] item: Life Orb
|move|p2b: Incineroar|Darkest Lariat|p1a: Rotom
|-damage|p1a: Rotom|0 fnt
|faint|p1a: Rotom
|
|-weather|none
|upkeep
|
|t:|1783139000
|switch|p1b: Sceptile|Sceptile, L50, M|100/100
|turn|6
|
|t:|1783139013
|detailschange|p1b: Sceptile|Sceptile-Mega, L50, M
|-mega|p1b: Sceptile|Sceptile|Sceptilite
|move|p1b: Sceptile|Earth Power|p2a: Gholdengo
|-supereffective|p2a: Gholdengo|1
|-crit|p2a: Gholdengo
|-damage|p2a: Gholdengo|0 fnt
|faint|p2a: Gholdengo
|move|p2b: Incineroar|Flare Blitz|p1b: Sceptile
|-damage|p1b: Sceptile|18/100
|-damage|p2b: Incineroar|54/100 par|[from] Recoil
|
|upkeep
|turn|7
|
|t:|1783139025
|move|p1b: Sceptile|Earth Power|p2b: Incineroar
|-supereffective|p2b: Incineroar|1
|-damage|p2b: Incineroar|0 fnt
|faint|p2b: Incineroar
|
|win|sogreenitslime
||EthanO35 is ready for game 3.
||sogreenitslime is ready for game 3.
|uhtml|next|Next: Game 3 of 3
