|j|☆ECARRY
|j|☆devouring itself
|html|ECARRYdevouring itself    
|uhtml|bestof|Game 2 of a best-of-3
|t:|1784469377
|gametype|doubles
|player|p1|ECARRY|170|
|player|p2|devouring itself|265|
|gen|9
|tier|[Gen 9 Champions] VGC 2026 Reg M-B (Bo3)
|rule|Species Clause: Limit one of each Pokémon
|rule|Item Clause: Limit 1 of each item
|clearpoke
|poke|p1|Floette-Eternal, L50, F|
|poke|p1|Charizard, L50, M|
|poke|p1|Whimsicott, L50, M|
|poke|p1|Garchomp, L50, M|
|poke|p1|Basculegion, L50, M|
|poke|p1|Kingambit, L50, F|
|poke|p2|Grimmsnarl, L50, M|
|poke|p2|Swampert, L50, M|
|poke|p2|Pelipper, L50, M|
|poke|p2|Archaludon, L50, M|
|poke|p2|Sinistcha, L50|
|poke|p2|Metagross, L50|
|teampreview|4
|showteam|p1|Floette-Eternal||Floettite|FlowerVeil|Moonblast,DazzlingGleam,LightofRuin,Protect|Modest||F|||50|]Charizard||CharizarditeY|Blaze|HeatWave,WeatherBall,SolarBeam,Protect|Modest||M|||50|]Whimsicott||FocusSash|Prankster|Moonblast,Encore,Tailwind,Protect|Timid||M|||50|]Garchomp||LifeOrb|RoughSkin|DragonClaw,Earthquake,Protect,RockSlide|Jolly||M|||50|]Basculegion||MysticWater|Adaptability|WaveCrash,LastRespects,AquaJet,Protect|Adamant||M|||50|]Kingambit||BlackGlasses|Defiant|KowtowCleave,IronHead,SuckerPunch,Protect|Adamant||F|||50|
|showteam|p2|Grimmsnarl||LightClay|Prankster|FoulPlay,PartingShot,Reflect,LightScreen|Calm||M|||50|]Swampert||Swampertite|Damp|WaveCrash,Earthquake,IcePunch,Protect|Adamant||M|||50|]Pelipper||SitrusBerry|Drizzle|Hurricane,WeatherBall,Tailwind,WideGuard|Modest||M|||50|]Archaludon||Leftovers|Stamina|ElectroShot,DragonPulse,FlashCannon,Protect|Modest||M|||50|]Sinistcha||CobaBerry|Hospitality|MatchaGotcha,RagePowder,TrickRoom,Protect|Relaxed|||||50|]Metagross||Metagrossite|ClearBody|IronHead,PsychicFangs,BodyPress,Protect|Jolly|||||50|
|
|t:|1784469425
|teamsize|p1|4
|teamsize|p2|4
|start
|switch|p1a: Whimsicott|Whimsicott, L50, M|100/100
|switch|p1b: Basculegion|Basculegion, L50, M|100/100
|switch|p2a: Grimmsnarl|Grimmsnarl, L50, M|100/100
|switch|p2b: Metagross|Metagross, L50|100/100
|turn|1
|
|t:|1784469441
|detailschange|p2b: Metagross|Metagross-Mega, L50
|-mega|p2b: Metagross|Metagross|Metagrossite
|move|p2a: Grimmsnarl|Reflect|p2a: Grimmsnarl
|-sidestart|p2: devouring itself|Reflect
|move|p1a: Whimsicott|Moonblast|p2a: Grimmsnarl
|-supereffective|p2a: Grimmsnarl|1
|-damage|p2a: Grimmsnarl|39/100
|move|p2b: Metagross|Iron Head|p1a: Whimsicott
|-supereffective|p1a: Whimsicott|1
|-enditem|p1a: Whimsicott|Focus Sash
|-damage|p1a: Whimsicott|1/100
|move|p1b: Basculegion|Wave Crash|p2b: Metagross
|-damage|p2b: Metagross|52/100
|-damage|p1b: Basculegion|86/100|[from] Recoil
|
|upkeep
|turn|2
|
|t:|1784469472
|move|p2a: Grimmsnarl|Parting Shot|p1b: Basculegion
|-unboost|p1b: Basculegion|atk|1
|-unboost|p1b: Basculegion|spa|1
|
|t:|1784469475
|switch|p2a: Sinistcha|Sinistcha, L50|100/100|[from] Parting Shot
|-heal|p2b: Metagross|76/100|[from] ability: Hospitality|[of] p2a: Sinistcha
|move|p1a: Whimsicott|Moonblast|p2a: Sinistcha
|-damage|p2a: Sinistcha|66/100
|move|p2b: Metagross|Iron Head|p1a: Whimsicott
|-supereffective|p1a: Whimsicott|1
|-damage|p1a: Whimsicott|0 fnt
|faint|p1a: Whimsicott
|move|p1b: Basculegion|Wave Crash|p2b: Metagross
|-crit|p2b: Metagross
|-damage|p2b: Metagross|0 fnt
|faint|p2b: Metagross
|-damage|p1b: Basculegion|64/100|[from] Recoil
|
|upkeep
|c|☆devouring itself|ok thats rough
|
|t:|1784469498
|switch|p1a: Floette|Floette-Eternal, L50, F|100/100
|switch|p2b: Pelipper|Pelipper, L50, M|100/100
|-weather|RainDance|[from] ability: Drizzle|[of] p2b: Pelipper
|turn|3
|
|t:|1784469527
|switch|p1b: Kingambit|Kingambit, L50, F|100/100
|detailschange|p1a: Floette|Floette-Mega, L50, F
|-mega|p1a: Floette|Floette|Floettite
|-ability|p1a: Floette|Fairy Aura
|move|p2a: Sinistcha|Protect|p2a: Sinistcha
|-singleturn|p2a: Sinistcha|Protect
|move|p1a: Floette|Moonblast|p2b: Pelipper
|-damage|p2b: Pelipper|11/100
|-enditem|p2b: Pelipper|Sitrus Berry|[eat]
|-heal|p2b: Pelipper|36/100|[from] item: Sitrus Berry
|move|p2b: Pelipper|Tailwind|p2b: Pelipper
|-sidestart|p2: devouring itself|move: Tailwind
|
|-weather|RainDance|[upkeep]
|upkeep
|turn|4
|
|t:|1784469545
|move|p2b: Pelipper|Hurricane|p1a: Floette
|-damage|p1a: Floette|61/100
|move|p2a: Sinistcha|Matcha Gotcha|p1a: Floette|[spread] p1a,p1b
|-resisted|p1b: Kingambit|1
|-damage|p1a: Floette|40/100
|-heal|p2a: Sinistcha|75/100|[from] drain|[of] p1a: Floette
|-damage|p1b: Kingambit|87/100
|-heal|p2a: Sinistcha|83/100|[from] drain|[of] p1b: Kingambit
|-status|p1a: Floette|brn
|move|p1a: Floette|Moonblast|p2b: Pelipper
|-damage|p2b: Pelipper|0 fnt
|faint|p2b: Pelipper
|move|p1b: Kingambit|Kowtow Cleave|p2a: Sinistcha
|-supereffective|p2a: Sinistcha|1
|-damage|p2a: Sinistcha|13/100
|
|-weather|RainDance|[upkeep]
|-damage|p1a: Floette|35/100 brn|[from] brn
|upkeep
|
|t:|1784469558
|switch|p2b: Grimmsnarl|Grimmsnarl, L50, M|39/100
|turn|5
|
|t:|1784469565
|move|p2b: Grimmsnarl|Light Screen|p2b: Grimmsnarl
|-sidestart|p2: devouring itself|move: Light Screen
|move|p2a: Sinistcha|Matcha Gotcha|p1b: Kingambit|[spread] p1a,p1b
|-resisted|p1b: Kingambit|1
|-damage|p1a: Floette|14/100 brn
|-heal|p2a: Sinistcha|23/100|[from] drain|[of] p1a: Floette
|-damage|p1b: Kingambit|74/100
|-heal|p2a: Sinistcha|30/100|[from] drain|[of] p1b: Kingambit
|move|p1a: Floette|Dazzling Gleam|p2a: Sinistcha|[spread] p2a,p2b
|-supereffective|p2b: Grimmsnarl|1
|-damage|p2a: Sinistcha|1/100
|-damage|p2b: Grimmsnarl|0 fnt
|faint|p2b: Grimmsnarl
|move|p1b: Kingambit|Iron Head|p2a: Sinistcha
|-damage|p2a: Sinistcha|0 fnt
|faint|p2a: Sinistcha
|
|win|ECARRY
|c|☆devouring itself|ggs
|c|☆ECARRY|Ggs
|l|☆devouring itself
|player|p2|
|l|☆ECARRY
|player|p1|
|j|☆ECARRY
|player|p1|ECARRY|170|
