|j|☆heatfre3ze
|j|☆FisherFeet
|html|heatfre3zeFisherFeet    
|uhtml|bestof|Game 1 of a best-of-3
|t:|1783029520
|gametype|doubles
|player|p1|heatfre3ze|caitlin|1061
|player|p2|FisherFeet|265|1000
|gen|9
|tier|[Gen 9 Champions] VGC 2026 Reg M-B (Bo3)
|rated|
|rule|Species Clause: Limit one of each Pokémon
|rule|Item Clause: Limit 1 of each item
|clearpoke
|poke|p1|Sneasler, L50, M, shiny|
|poke|p1|Sinistcha, L50, shiny|
|poke|p1|Incineroar, L50, F, shiny|
|poke|p1|Charizard, L50, F, shiny|
|poke|p1|Floette-Eternal, L50, F|
|poke|p1|Kingambit, L50, M, shiny|
|poke|p2|Venusaur, L50, F|
|poke|p2|Grimmsnarl, L50, M, shiny|
|poke|p2|Pelipper, L50, M, shiny|
|poke|p2|Archaludon, L50, F|
|poke|p2|Swampert, L50, M, shiny|
|poke|p2|Hydreigon, L50, M|
|teampreview|4
|showteam|p1|Sneasler||FocusSash|PoisonTouch|FakeOut,GunkShot,CloseCombat,Coaching|Jolly||M|||50|]Sinistcha||SitrusBerry|Hospitality|MatchaGotcha,RagePowder,TrickRoom,Protect|Bold|||||50|]Incineroar||ChopleBerry|Intimidate|FlareBlitz,HelpingHand,PartingShot,FakeOut|Impish||F|||50|]Charizard||CharizarditeX|Blaze|FlareBlitz,DragonClaw,DragonDance,Protect|Adamant||F|||50|]Floette-Eternal||Floettite|FlowerVeil|Moonblast,CalmMind,DazzlingGleam,Protect|Modest||F|||50|]Kingambit||BlackGlasses|Defiant|KowtowCleave,SuckerPunch,SwordsDance,Protect|Adamant||M|||50|
|showteam|p2|Venusaur||Venusaurite|Chlorophyll|Protect,SludgeBomb,GigaDrain,EarthPower|Modest||F|||50|]Grimmsnarl||LightClay|Prankster|SpiritBreak,Reflect,LightScreen,PartingShot|Careful||M|||50|]Pelipper||FocusSash|Drizzle|Hurricane,Tailwind,WeatherBall,WideGuard|Modest||M|||50|]Archaludon||Leftovers|Stamina|Protect,ElectroShot,DragonCheer,FlashCannon|Timid||F|||50|]Swampert||Swampertite|Torrent|Protect,WaveCrash,Earthquake,IceBeam|Sassy||M|||50|]Hydreigon||ChoiceScarf|Levitate|DarkPulse,Snarl,DracoMeteor,Uturn|Timid||M|||50|
|inactive|Battle timer is ON: inactive players will automatically lose when time's up. (requested by heatfre3ze)
|
|t:|1783029553
|teamsize|p1|4
|teamsize|p2|4
|start
|switch|p1a: Arya|Floette-Eternal, L50, F|100/100
|switch|p1b: Eragon|Incineroar, L50, F, shiny|100/100
|switch|p2a: Pelipper|Pelipper, L50, M, shiny|100/100
|switch|p2b: Swampert|Swampert, L50, M, shiny|100/100
|-weather|RainDance|[from] ability: Drizzle|[of] p2a: Pelipper
|-ability|p1b: Eragon|Intimidate|boost
|-unboost|p2a: Pelipper|atk|1
|-unboost|p2b: Swampert|atk|1
|turn|1
|inactive|heatfre3ze has 30 seconds left.
|inactive|heatfre3ze has 20 seconds left.
|
|t:|1783029589
|detailschange|p1a: Arya|Floette-Mega, L50, F
|-mega|p1a: Arya|Floette|Floettite
|-ability|p1a: Arya|Fairy Aura
|detailschange|p2b: Swampert|Swampert-Mega, L50, M, shiny
|-mega|p2b: Swampert|Swampert|Swampertite
|move|p1b: Eragon|Fake Out|p2b: Swampert
|-damage|p2b: Swampert|90/100
|cant|p2b: Swampert|flinch
|move|p1a: Arya|Calm Mind|p1a: Arya
|-boost|p1a: Arya|spa|1
|-boost|p1a: Arya|spd|1
|move|p2a: Pelipper|Tailwind|p2a: Pelipper
|-sidestart|p2: FisherFeet|move: Tailwind
|
|-weather|RainDance|[upkeep]
|upkeep
|turn|2
|inactive|FisherFeet has 30 seconds left.
|
|t:|1783029618
|switch|p1b: Angela|Sinistcha, L50, shiny|100/100
|move|p1a: Arya|Protect|p1a: Arya
|-singleturn|p1a: Arya|Protect
|move|p2a: Pelipper|Wide Guard|p2a: Pelipper
|-singleturn|p2a: Pelipper|Wide Guard
|move|p2b: Swampert|Earthquake|p1a: Arya|[spread] p1b
|-activate|p2a: Pelipper|move: Wide Guard
|-activate|p1a: Arya|move: Protect
|-resisted|p1b: Angela|1
|-damage|p1b: Angela|92/100
|
|-weather|RainDance|[upkeep]
|upkeep
|turn|3
|inactive|heatfre3ze has 30 seconds left.
|inactive|FisherFeet has 30 seconds left.
|inactive|heatfre3ze has 20 seconds left.
|inactive|FisherFeet has 20 seconds left.
|inactive|FisherFeet has 15 seconds left.
|inactive|FisherFeet has 10 seconds left.
|inactive|FisherFeet has 5 seconds left.
|
|t:|1783029673
|move|p2b: Swampert|Wave Crash|p1a: Arya
|-damage|p1a: Arya|39/100
|-damage|p2b: Swampert|74/100|[from] Recoil
|move|p2a: Pelipper|Hurricane|p1b: Angela
|-supereffective|p1b: Angela|1
|-damage|p1b: Angela|0 fnt
|faint|p1b: Angela
|move|p1a: Arya|Moonblast|p2b: Swampert
|-damage|p2b: Swampert|16/100
|-unboost|p2b: Swampert|spa|1
|
|-weather|RainDance|[upkeep]
|upkeep
|
|t:|1783029687
|switch|p1b: Murtagh|Sneasler, L50, M, shiny|100/100
|turn|4
|
|t:|1783029706
|move|p2b: Swampert|Protect|p2b: Swampert
|-singleturn|p2b: Swampert|Protect
|move|p1b: Murtagh|Fake Out|p2b: Swampert
|-activate|p2b: Swampert|move: Protect
|move|p2a: Pelipper|Hurricane|p1b: Murtagh
|-supereffective|p1b: Murtagh|1
|-crit|p1b: Murtagh
|-enditem|p1b: Murtagh|Focus Sash
|-damage|p1b: Murtagh|1/100
|move|p1a: Arya|Moonblast|p2a: Pelipper
|-enditem|p2a: Pelipper|Focus Sash
|-damage|p2a: Pelipper|1/100
|
|-weather|RainDance|[upkeep]
|-sideend|p2: FisherFeet|move: Tailwind
|upkeep
|turn|5
|inactive|FisherFeet has 30 seconds left.
|inactive|FisherFeet has 20 seconds left.
|
|t:|1783029742
|move|p1a: Arya|Protect|p1a: Arya
|-singleturn|p1a: Arya|Protect
|move|p1b: Murtagh|Coaching|p1a: Arya
|-boost|p1a: Arya|atk|1
|-boost|p1a: Arya|def|1
|move|p2b: Swampert|Earthquake|p1b: Murtagh|[spread] p1b
|-activate|p1a: Arya|move: Protect
|-immune|p2a: Pelipper
|-supereffective|p1b: Murtagh|1
|-damage|p1b: Murtagh|0 fnt
|faint|p1b: Murtagh
|move|p2a: Pelipper|Tailwind|p2a: Pelipper
|-sidestart|p2: FisherFeet|move: Tailwind
|
|-weather|none
|upkeep
|
|t:|1783029750
|switch|p1b: Eragon|Incineroar, L50, F, shiny|100/100
|-ability|p1b: Eragon|Intimidate|boost
|-unboost|p2a: Pelipper|atk|1
|-unboost|p2b: Swampert|atk|1
|turn|6
|inactive|FisherFeet has 30 seconds left.
|
|t:|1783029780
|switch|p2a: Grimmsnarl|Grimmsnarl, L50, M, shiny|100/100
|move|p2b: Swampert|Protect|p2b: Swampert
|-singleturn|p2b: Swampert|Protect
|move|p1b: Eragon|Fake Out|p2b: Swampert
|-activate|p2b: Swampert|move: Protect
|move|p1a: Arya|Moonblast|p2a: Grimmsnarl
|-supereffective|p2a: Grimmsnarl|1
|-damage|p2a: Grimmsnarl|0 fnt
|faint|p2a: Grimmsnarl
|
|upkeep
|
|t:|1783029791
|switch|p2a: Pelipper|Pelipper, L50, M, shiny|1/100
|-weather|RainDance|[from] ability: Drizzle|[of] p2a: Pelipper
|turn|7
|
|t:|1783029811
|move|p1a: Arya|Protect|p1a: Arya
|-singleturn|p1a: Arya|Protect
|move|p2b: Swampert|Wave Crash|p1a: Arya
|-activate|p1a: Arya|move: Protect
|move|p2a: Pelipper|Weather Ball|p1b: Eragon
|-supereffective|p1b: Eragon|1
|-damage|p1b: Eragon|0 fnt
|faint|p1b: Eragon
|
|-weather|RainDance|[upkeep]
|upkeep
|turn|8
|inactive|FisherFeet has 30 seconds left.
|inactive|FisherFeet has 20 seconds left.
|
|t:|1783029849
|move|p2b: Swampert|Wave Crash|p1a: Arya
|-damage|p1a: Arya|8/100
|-damage|p2b: Swampert|9/100|[from] Recoil
|move|p2a: Pelipper|Hurricane|p1a: Arya
|-damage|p1a: Arya|0 fnt
|faint|p1a: Arya
|
|win|FisherFeet
||heatfre3ze is ready for game 2.
|inactive|FisherFeet has 30 seconds to confirm battle start!
|l|☆FisherFeet
|player|p2|
|inactive|FisherFeet has 20 seconds to confirm battle start!
|inactive|FisherFeet has 10 seconds to confirm battle start!
