|j|☆FlyingAntsArmy
|j|☆Cristante Terabug
|html|FlyingAntsArmyCristante Terabug    
|uhtml|bestof|Game 1 of a best-of-3
|t:|1756766061
|gametype|doubles
|player|p1|FlyingAntsArmy|clerk|1126
|player|p2|Cristante Terabug|kieran-champion|1226
|gen|9
|tier|[Gen 9] VGC 2025 Reg H (Bo3)
|rated|
|rule|Species Clause: Limit one of each Pokémon
|rule|Item Clause: Limit 1 of each item
|clearpoke
|poke|p1|Pelipper, L50, F|
|poke|p1|Basculegion, L50, M|
|poke|p1|Archaludon, L50, M|
|poke|p1|Rillaboom, L50, M|
|poke|p1|Kingambit, L50, F|
|poke|p1|Electabuzz, L50, M|
|poke|p2|Incineroar, L50, M|
|poke|p2|Pelipper, L50, M|
|poke|p2|Archaludon, L50, M|
|poke|p2|Dragonite, L50, M|
|poke|p2|Sinistcha, L50|
|poke|p2|Ursaluna, L50, M|
|teampreview|4
|showteam|p1|Pelipper||FocusSash|Drizzle|Hurricane,WeatherBall,Tailwind,Protect|||F|||50|,,,,,Ghost]Basculegion||LifeOrb|SwiftSwim|Protect,WaveCrash,AquaJet,LastRespects|||M|||50|,,,,,Water]Archaludon||AssaultVest|Stamina|ElectroShot,DragonPulse,FlashCannon,BodyPress|||M|||50|,,,,,Grass]Rillaboom||LoadedDice|GrassySurge|GrassyGlide,WoodHammer,BulletSeed,FakeOut|||M|||50|,,,,,Water]Kingambit||BlackGlasses|Defiant|KowtowCleave,SwordsDance,SuckerPunch,Protect|||F|||50|,,,,,Dark]Electabuzz||Eviolite|VitalSpirit|Electroweb,FollowMe,Taunt,Protect|||M|||50|,,,,,Ghost
|showteam|p2|Incineroar||SafetyGoggles|Intimidate|FakeOut,PartingShot,KnockOff,Taunt|||M|||50|,,,,,Ghost]Pelipper||FocusSash|Drizzle|Hurricane,MuddyWater,Tailwind,Protect|||M|||50|,,,,,Ghost]Archaludon||AssaultVest|Stamina|ElectroShot,Snarl,FlashCannon,BodyPress|||M|||50|,,,,,Bug]Dragonite||LoadedDice|Multiscale|ScaleShot,Tailwind,Haze,Protect|||M|||50|,,,,,Fairy]Sinistcha||SitrusBerry|Hospitality|MatchaGotcha,RagePowder,LifeDew,TrickRoom||||||50|,,,,,Dark]Ursaluna||FlameOrb|Guts|Earthquake,Facade,HeadlongRush,Protect|||M|||50|,,,,,Ghost
|inactive|Battle timer is ON: inactive players will automatically lose when time's up. (requested by FlyingAntsArmy)
|
|t:|1756766083
|teamsize|p1|4
|teamsize|p2|4
|start
|switch|p1a: Kingambit|Kingambit, L50, F, shiny|100/100
|switch|p1b: Electabuzz|Electabuzz, L50, M|100/100
|switch|p2a: Paolo|Dragonite, L50, M|100/100
|switch|p2b: Olmo|Ursaluna, L50, M|100/100
|turn|1
|inactive|FlyingAntsArmy has 30 seconds left.
|inactive|FlyingAntsArmy has 20 seconds left.
|
|t:|1756766119
|-terastallize|p1a: Kingambit|Dark
|move|p1b: Electabuzz|Protect|p1b: Electabuzz
|-singleturn|p1b: Electabuzz|Protect
|move|p2a: Paolo|Scale Shot|p1b: Electabuzz
|-activate|p1b: Electabuzz|move: Protect
|move|p2b: Olmo|Earthquake|p1b: Electabuzz|[spread] p1a
|-activate|p1b: Electabuzz|move: Protect
|-immune|p2a: Paolo
|-damage|p1a: Kingambit|67/100
|move|p1a: Kingambit|Swords Dance|p1a: Kingambit
|-boost|p1a: Kingambit|atk|2
|
|-status|p2b: Olmo|brn|[from] item: Flame Orb
|upkeep
|turn|2
|inactive|FlyingAntsArmy has 30 seconds left.
|inactive|Cristante Terabug has 30 seconds left.
|
|t:|1756766153
|switch|p2b: Luca|Archaludon, L50, M|100/100
|move|p1b: Electabuzz|Follow Me|p1b: Electabuzz
|-singleturn|p1b: Electabuzz|move: Follow Me
|move|p1a: Kingambit|Sucker Punch||[still]
|-fail|p1a: Kingambit
|move|p2a: Paolo|Scale Shot|p1b: Electabuzz
|-damage|p1b: Electabuzz|90/100
|-damage|p1b: Electabuzz|79/100
|-damage|p1b: Electabuzz|68/100
|-damage|p1b: Electabuzz|57/100
|-damage|p1b: Electabuzz|46/100
|-hitcount|p1b: Electabuzz|5
|-unboost|p2a: Paolo|def|1
|-boost|p2a: Paolo|spe|1
|
|upkeep
|turn|3
|
|t:|1756766176
|switch|p1b: Archaludon|Archaludon, L50, M, shiny|100/100
|move|p1a: Kingambit|Sucker Punch||[still]
|-fail|p1a: Kingambit
|move|p2a: Paolo|Haze|p2a: Paolo
|-clearallboost
|move|p2b: Luca|Body Press|p1b: Archaludon
|-supereffective|p1b: Archaludon
|-damage|p1b: Archaludon|60/100
|-ability|p1b: Archaludon|Stamina|boost
|-boost|p1b: Archaludon|def|1
|
|upkeep
|turn|4
|
|t:|1756766194
|-terastallize|p2b: Luca|Bug
|move|p1a: Kingambit|Protect|p1a: Kingambit
|-singleturn|p1a: Kingambit|Protect
|move|p2a: Paolo|Scale Shot|p2b: Luca
|-damage|p2b: Luca|91/100
|-ability|p2b: Luca|Stamina|boost
|-boost|p2b: Luca|def|1
|-damage|p2b: Luca|84/100
|-ability|p2b: Luca|Stamina|boost
|-boost|p2b: Luca|def|1
|-damage|p2b: Luca|79/100
|-ability|p2b: Luca|Stamina|boost
|-boost|p2b: Luca|def|1
|-damage|p2b: Luca|75/100
|-ability|p2b: Luca|Stamina|boost
|-boost|p2b: Luca|def|1
|-hitcount|p2b: Luca|4
|-unboost|p2a: Paolo|def|1
|-boost|p2a: Paolo|spe|1
|move|p2b: Luca|Body Press|p1a: Kingambit
|-activate|p1a: Kingambit|move: Protect
|move|p1b: Archaludon|Dragon Pulse|p2a: Paolo
|-supereffective|p2a: Paolo
|-damage|p2a: Paolo|56/100
|
|upkeep
|turn|5
|inactive|FlyingAntsArmy has 30 seconds left.
|
|t:|1756766219
|switch|p1a: Basculegion|Basculegion, L50, M, shiny|100/100
|move|p2a: Paolo|Protect|p2a: Paolo
|-singleturn|p2a: Paolo|Protect
|move|p2b: Luca|Body Press|p1b: Archaludon
|-supereffective|p1b: Archaludon
|-damage|p1b: Archaludon|0 fnt
|faint|p1b: Archaludon
|
|upkeep
|
|t:|1756766228
|switch|p1b: Electabuzz|Electabuzz, L50, M|46/100
|turn|6
|
|t:|1756766239
|move|p1b: Electabuzz|Follow Me|p1b: Electabuzz
|-singleturn|p1b: Electabuzz|move: Follow Me
|move|p2a: Paolo|Scale Shot|p1b: Electabuzz
|-damage|p1b: Electabuzz|36/100
|-damage|p1b: Electabuzz|25/100
|-damage|p1b: Electabuzz|15/100
|-damage|p1b: Electabuzz|4/100
|-damage|p1b: Electabuzz|0 fnt
|faint|p1b: Electabuzz
|-hitcount|p1: Electabuzz|5
|-unboost|p2a: Paolo|def|1
|-boost|p2a: Paolo|spe|1
|move|p1a: Basculegion|Last Respects|p2a: Paolo
|-damage|p2a: Paolo|0 fnt
|faint|p2a: Paolo
|-damage|p1a: Basculegion|91/100|[from] item: Life Orb
|move|p2b: Luca|Body Press|p1a: Basculegion
|-immune|p1a: Basculegion
|
|upkeep
|
|t:|1756766249
|switch|p2a: Silvano|Pelipper, L50, M, shiny|100/100
|switch|p1b: Kingambit|Kingambit, L50, F, shiny, tera:Dark|67/100
|-weather|RainDance|[from] ability: Drizzle|[of] p2a: Silvano
|turn|7
|inactive|Cristante Terabug has 30 seconds left.
|
|t:|1756766278
|move|p1b: Kingambit|Sucker Punch|p2b: Luca
|-damage|p2b: Luca|57/100
|-ability|p2b: Luca|Stamina|boost
|-boost|p2b: Luca|def|1
|move|p1a: Basculegion|Wave Crash|p2b: Luca
|-damage|p2b: Luca|31/100
|-ability|p2b: Luca|Stamina|boost
|-boost|p2b: Luca|def|1
|-damage|p1a: Basculegion|82/100|[from] Recoil
|-damage|p1a: Basculegion|72/100|[from] item: Life Orb
|move|p2b: Luca|Body Press|p1b: Kingambit
|-supereffective|p1b: Kingambit
|-damage|p1b: Kingambit|0 fnt
|faint|p1b: Kingambit
|move|p2a: Silvano|Hurricane|p1a: Basculegion
|-damage|p1a: Basculegion|12/100
|-start|p1a: Basculegion|confusion
|
|-weather|RainDance|[upkeep]
|upkeep
|turn|8
|-message|FlyingAntsArmy forfeited.
|
|win|Cristante Terabug
||FlyingAntsArmy is ready for game 2.
