|j|☆dambro222
|j|☆TheLordNebiros
|html|dambro222TheLordNebiros    
|uhtml|bestof|Game 2 of a best-of-3
|t:|1756237336
|gametype|doubles
|player|p1|dambro222|ethan|1140
|player|p2|TheLordNebiros|101|1171
|gen|9
|tier|[Gen 9] VGC 2025 Reg H (Bo3)
|rated|
|rule|Species Clause: Limit one of each Pokémon
|rule|Item Clause: Limit 1 of each item
|clearpoke
|poke|p1|Dragonite, L50, M|
|poke|p1|Volcarona, L50, F|
|poke|p1|Sneasler, L50, M|
|poke|p1|Rillaboom, L50, M|
|poke|p1|Electabuzz, L50, M|
|poke|p1|Kingambit, L50, M|
|poke|p2|Basculegion, L50, M|
|poke|p2|Archaludon, L50, M|
|poke|p2|Pelipper, L50, M|
|poke|p2|Incineroar, L50, M|
|poke|p2|Gholdengo, L50|
|poke|p2|Amoonguss, L50, M|
|teampreview|4
|showteam|p1|Dragonite||LoadedDice|Multiscale|ScaleShot,ExtremeSpeed,Haze,Protect|||M|||50|,,,,,Fairy]Volcarona||CovertCloak|FlameBody|HeatWave,TeraBlast,QuiverDance,Protect|||F|||50|,,,,,Fairy]Sneasler||FocusSash|Unburden|CloseCombat,DireClaw,Coaching,Protect|||M|||50|,,,,,Stellar]Rillaboom||AssaultVest|GrassySurge|WoodHammer,GrassyGlide,HighHorsepower,FakeOut|||M|||50|,,,,,Water]Electabuzz||Eviolite|VitalSpirit|Electroweb,FollowMe,Taunt,Protect|||M|||50|,,,,,Ghost]Kingambit||BlackGlasses|Defiant|KowtowCleave,SuckerPunch,SwordsDance,Protect|||M|||50|,,,,,Dark
|showteam|p2|Basculegion||ChoiceBand|SwiftSwim|FlipTurn,WaveCrash,AquaJet,LastRespects|||M|||50|,,,,,Water]Archaludon||AssaultVest|Stamina|ElectroShot,DracoMeteor,FlashCannon,BodyPress|||M|||50|,,,,,Grass]Pelipper||FocusSash|Drizzle|Protect,Tailwind,Hurricane,WeatherBall|||M|||50|,,,,,Ghost]Incineroar||SafetyGoggles|Intimidate|FakeOut,KnockOff,PartingShot,Taunt|||M|||50|,,,,,Ghost]Gholdengo||LifeOrb|GoodasGold|Protect,NastyPlot,MakeItRain,ShadowBall||||||50|,,,,,Water]Amoonguss||RockyHelmet|Regenerator|Protect,RagePowder,Spore,PollenPuff|||M|||50|,,,,,Dark
|inactive|Battle timer is ON: inactive players will automatically lose when time's up. (requested by TheLordNebiros)
|inactive|dambro222 also wants the timer to be on.
|inactive|TheLordNebiros has 60 seconds left.
|
|t:|1756237380
|teamsize|p1|4
|teamsize|p2|4
|start
|switch|p1a: Electabuzz|Electabuzz, L50, M|100/100
|switch|p1b: Kingambit|Kingambit, L50, M, shiny|100/100
|switch|p2a: Archaludon|Archaludon, L50, M, shiny|100/100
|switch|p2b: Pelipper|Pelipper, L50, M, shiny|100/100
|-weather|RainDance|[from] ability: Drizzle|[of] p2b: Pelipper
|turn|1
|
|t:|1756237393
|move|p1a: Electabuzz|Follow Me|p1a: Electabuzz
|-singleturn|p1a: Electabuzz|move: Follow Me
|move|p2b: Pelipper|Tailwind|p2b: Pelipper
|-sidestart|p2: TheLordNebiros|move: Tailwind
|move|p2a: Archaludon|Electro Shot||[still]
|-prepare|p2a: Archaludon|Electro Shot
|-boost|p2a: Archaludon|spa|1
|-anim|p2a: Archaludon|Electro Shot|p1a: Electabuzz
|-resisted|p1a: Electabuzz
|-damage|p1a: Electabuzz|73/100
|move|p1b: Kingambit|Kowtow Cleave|p2b: Pelipper
|-damage|p2b: Pelipper|29/100
|
|-weather|RainDance|[upkeep]
|upkeep
|turn|2
|
|t:|1756237414
|move|p1a: Electabuzz|Protect|p1a: Electabuzz
|-singleturn|p1a: Electabuzz|Protect
|move|p1b: Kingambit|Protect|p1b: Kingambit
|-singleturn|p1b: Kingambit|Protect
|move|p2b: Pelipper|Hurricane|p1a: Electabuzz
|-activate|p1a: Electabuzz|move: Protect
|move|p2a: Archaludon|Electro Shot||[still]
|-prepare|p2a: Archaludon|Electro Shot
|-boost|p2a: Archaludon|spa|1
|-anim|p2a: Archaludon|Electro Shot|p1b: Kingambit
|-activate|p1b: Kingambit|move: Protect
|
|-weather|RainDance|[upkeep]
|upkeep
|turn|3
|
|t:|1756237439
|move|p1a: Electabuzz|Follow Me|p1a: Electabuzz
|-singleturn|p1a: Electabuzz|move: Follow Me
|move|p1b: Kingambit|Sucker Punch|p2b: Pelipper
|-damage|p2b: Pelipper|0 fnt
|faint|p2b: Pelipper
|move|p2a: Archaludon|Electro Shot||[still]
|-prepare|p2a: Archaludon|Electro Shot
|-boost|p2a: Archaludon|spa|1
|-anim|p2a: Archaludon|Electro Shot|p1a: Electabuzz
|-resisted|p1a: Electabuzz
|-damage|p1a: Electabuzz|34/100
|
|-weather|RainDance|[upkeep]
|upkeep
|
|t:|1756237457
|switch|p2b: Amoonguss|Amoonguss, L50, M, shiny|100/100
|turn|4
|
|t:|1756237469
|move|p1a: Electabuzz|Follow Me|p1a: Electabuzz
|-singleturn|p1a: Electabuzz|move: Follow Me
|move|p2b: Amoonguss|Rage Powder|p2b: Amoonguss
|-singleturn|p2b: Amoonguss|move: Rage Powder
|move|p2a: Archaludon|Electro Shot||[still]
|-prepare|p2a: Archaludon|Electro Shot
|-boost|p2a: Archaludon|spa|1
|-anim|p2a: Archaludon|Electro Shot|p1a: Electabuzz
|-resisted|p1a: Electabuzz
|-damage|p1a: Electabuzz|0 fnt
|faint|p1a: Electabuzz
|move|p1b: Kingambit|Swords Dance|p1b: Kingambit
|-boost|p1b: Kingambit|atk|2
|
|-weather|RainDance|[upkeep]
|-sideend|p2: TheLordNebiros|move: Tailwind
|upkeep
|
|t:|1756237487
|switch|p1a: Volcarona|Volcarona, L50, F|100/100
|turn|5
|
|t:|1756237501
|move|p1a: Volcarona|Protect|p1a: Volcarona
|-singleturn|p1a: Volcarona|Protect
|move|p1b: Kingambit|Protect|p1b: Kingambit
|-singleturn|p1b: Kingambit|Protect
|move|p2a: Archaludon|Electro Shot||[still]
|-prepare|p2a: Archaludon|Electro Shot
|-boost|p2a: Archaludon|spa|1
|-anim|p2a: Archaludon|Electro Shot|p1a: Volcarona
|-activate|p1a: Volcarona|move: Protect
|move|p2b: Amoonguss|Spore|p1b: Kingambit
|-activate|p1b: Kingambit|move: Protect
|
|-weather|none
|upkeep
|turn|6
|inactive|dambro222 has 30 seconds left.
|inactive|TheLordNebiros has 30 seconds left.
|
|t:|1756237528
|-terastallize|p1b: Kingambit|Dark
|-terastallize|p2b: Amoonguss|Dark
|move|p2b: Amoonguss|Rage Powder|p2b: Amoonguss
|-singleturn|p2b: Amoonguss|move: Rage Powder
|move|p1b: Kingambit|Sucker Punch||[still]
|-fail|p1b: Kingambit
|move|p1a: Volcarona|Heat Wave|p2b: Amoonguss|[spread] p2a,p2b
|-damage|p2a: Archaludon|72/100
|-damage|p2b: Amoonguss|69/100
|-ability|p2a: Archaludon|Stamina|boost
|-boost|p2a: Archaludon|def|1
|move|p2a: Archaludon|Draco Meteor|p1a: Volcarona
|-damage|p1a: Volcarona|0 fnt
|-unboost|p2a: Archaludon|spa|2
|faint|p1a: Volcarona
|
|upkeep
|
|t:|1756237542
|switch|p1a: Rillaboom|Rillaboom, L50, M|100/100
|-fieldstart|move: Grassy Terrain|[from] ability: Grassy Surge|[of] p1a: Rillaboom
|turn|7
|
|t:|1756237556
|move|p1a: Rillaboom|Fake Out|p2b: Amoonguss
|-damage|p2b: Amoonguss|59/100
|-damage|p1a: Rillaboom|84/100|[from] item: Rocky Helmet|[of] p2b: Amoonguss
|cant|p2b: Amoonguss|flinch
|move|p2a: Archaludon|Body Press|p1b: Kingambit
|-supereffective|p1b: Kingambit
|-damage|p1b: Kingambit|51/100
|move|p1b: Kingambit|Kowtow Cleave|p2a: Archaludon
|-damage|p2a: Archaludon|0 fnt
|faint|p2a: Archaludon
|
|-heal|p1a: Rillaboom|90/100|[from] Grassy Terrain
|-heal|p1b: Kingambit|57/100|[from] Grassy Terrain
|-heal|p2b: Amoonguss|65/100|[from] Grassy Terrain
|upkeep
|
|t:|1756237568
|switch|p2a: Basculegion|Basculegion, L50, M, shiny|100/100
|turn|8
|
|t:|1756237580
|move|p1b: Kingambit|Protect|p1b: Kingambit
|-singleturn|p1b: Kingambit|Protect
|move|p2b: Amoonguss|Rage Powder|p2b: Amoonguss
|-singleturn|p2b: Amoonguss|move: Rage Powder
|move|p1a: Rillaboom|Grassy Glide|p2a: Basculegion
|-supereffective|p2a: Basculegion
|-damage|p2a: Basculegion|2/100
|move|p2a: Basculegion|Last Respects|p1a: Rillaboom
|-damage|p1a: Rillaboom|0 fnt
|faint|p1a: Rillaboom
|
|-heal|p2a: Basculegion|8/100|[from] Grassy Terrain
|-heal|p1b: Kingambit|63/100|[from] Grassy Terrain
|-heal|p2b: Amoonguss|71/100|[from] Grassy Terrain
|upkeep
|turn|9
|
|t:|1756237600
|move|p2b: Amoonguss|Rage Powder|p2b: Amoonguss
|-singleturn|p2b: Amoonguss|move: Rage Powder
|move|p2a: Basculegion|Last Respects|p1b: Kingambit
|-resisted|p1b: Kingambit
|-damage|p1b: Kingambit|22/100
|move|p1b: Kingambit|Kowtow Cleave|p2b: Amoonguss
|-resisted|p2b: Amoonguss
|-damage|p2b: Amoonguss|14/100
|-damage|p1b: Kingambit|6/100|[from] item: Rocky Helmet|[of] p2b: Amoonguss
|
|-heal|p2a: Basculegion|14/100|[from] Grassy Terrain
|-heal|p1b: Kingambit|12/100|[from] Grassy Terrain
|-heal|p2b: Amoonguss|20/100|[from] Grassy Terrain
|upkeep
|turn|10
|
|t:|1756237614
|move|p2b: Amoonguss|Rage Powder|p2b: Amoonguss
|-singleturn|p2b: Amoonguss|move: Rage Powder
|move|p1b: Kingambit|Sucker Punch||[still]
|-fail|p1b: Kingambit
|move|p2a: Basculegion|Last Respects|p1b: Kingambit
|-resisted|p1b: Kingambit
|-damage|p1b: Kingambit|0 fnt
|faint|p1b: Kingambit
|
|win|TheLordNebiros
||dambro222 is ready for game 3.
||TheLordNebiros is ready for game 3.
|uhtml|next|Next: Game 3 of 3
|l|☆TheLordNebiros
|player|p2|
