|j|☆loop2008auraaura
|j|☆cubeaoz
|html|loop2008auraauracubeaoz    
|uhtml|bestof|Game 1 of a best-of-3
|t:|1784281372
|gametype|doubles
|player|p1|loop2008auraaura|red|1029
|player|p2|cubeaoz|clerkf|1131
|gen|9
|tier|[Gen 9 Champions] VGC 2026 Reg M-B (Bo3)
|rated|
|rule|Species Clause: Limit one of each Pokémon
|rule|Item Clause: Limit 1 of each item
|clearpoke
|poke|p1|Audino, L50, M|
|poke|p1|Overqwil, L50, M|
|poke|p1|Ninetales-Alola, L50, M|
|poke|p1|Klefki, L50, M|
|poke|p1|Torkoal, L50, M|
|poke|p1|Incineroar, L50, M|
|poke|p2|Charizard, L50, M|
|poke|p2|Farigiraf, L50, F|
|poke|p2|Sylveon, L50, F|
|poke|p2|Incineroar, L50, F|
|poke|p2|Garchomp, L50, F|
|poke|p2|Venusaur, L50, M|
|teampreview|4
|showteam|p1|Audino||Audinite|Healer|TrickRoom,SimpleBeam,Yawn,HealPulse|Relaxed||M|||50|]Overqwil||FocusSash|Intimidate|Protect,Minimize,Stockpile,Taunt|Relaxed||M|||50|]Ninetales-Alola||LightClay|SnowWarning|PsychUp,AuroraVeil,Blizzard,Protect|Timid||M|||50|]Klefki||Leftovers|Prankster|PsychUp,TrickRoom,FoulPlay,Substitute|Relaxed||M|||50|]Torkoal||Charcoal|Drought|Eruption,HeatWave,Yawn,Protect|Quiet||M|||50|]Incineroar||SitrusBerry|Intimidate|FakeOut,PartingShot,FlareBlitz,DarkestLariat|Careful||M|||50|
|showteam|p2|Charizard||CharizarditeY|Blaze|WeatherBall,SolarBeam,HeatWave,Protect|Modest||M|||50|]Farigiraf||ColburBerry|ArmorTail|Psychic,Thunderbolt,HelpingHand,TrickRoom|Modest||F|||50|]Sylveon||FairyFeather|Pixilate|HyperVoice,HyperBeam,Detect,QuickAttack|Modest||F|||50|]Incineroar||SitrusBerry|Intimidate|FakeOut,DarkestLariat,FlareBlitz,PartingShot|Careful||F|||50|]Garchomp||LifeOrb|RoughSkin|DragonClaw,Earthquake,Protect,RockSlide|Jolly||F|||50|]Venusaur||FocusSash|Chlorophyll|LeafStorm,SludgeBomb,Protect,SleepPowder|Modest||M|||50|
|inactive|Battle timer is ON: inactive players will automatically lose when time's up. (requested by cubeaoz)
|inactive|cubeaoz has 60 seconds left.
|
|t:|1784281415
|teamsize|p1|4
|teamsize|p2|4
|start
|switch|p1a: Audino|Audino, L50, M|100/100
|switch|p1b: Overqwil|Overqwil, L50, M|100/100
|switch|p2a: Charizard|Charizard, L50, M|100/100
|switch|p2b: Venusaur|Venusaur, L50, M|100/100
|-ability|p1b: Overqwil|Intimidate|boost
|-unboost|p2a: Charizard|atk|1
|-unboost|p2b: Venusaur|atk|1
|turn|1
|
|t:|1784281435
|detailschange|p2a: Charizard|Charizard-Mega-Y, L50, M
|-mega|p2a: Charizard|Charizard|Charizardite Y
|-weather|SunnyDay|[from] ability: Drought|[of] p2a: Charizard
|detailschange|p1a: Audino|Audino-Mega, L50, M
|-mega|p1a: Audino|Audino|Audinite
|move|p1b: Overqwil|Protect|p1b: Overqwil
|-singleturn|p1b: Overqwil|Protect
|move|p2b: Venusaur|Sleep Powder|p1b: Overqwil
|-activate|p1b: Overqwil|move: Protect
|move|p2a: Charizard|Heat Wave|p1b: Overqwil|[spread] p1a
|-activate|p1b: Overqwil|move: Protect
|-damage|p1a: Audino|58/100
|move|p1a: Audino|Trick Room|p1a: Audino
|-fieldstart|move: Trick Room|[of] p1a: Audino
|
|-weather|SunnyDay|[upkeep]
|upkeep
|turn|2
|inactive|loop2008auraaura has 30 seconds left.
|inactive|loop2008auraaura has 20 seconds left.
|
|t:|1784281473
|move|p1a: Audino|Simple Beam|p1b: Overqwil
|-ability|p1b: Overqwil|Simple|Intimidate|[from] move: Simple Beam
|move|p1b: Overqwil|Taunt|p2b: Venusaur
|-start|p2b: Venusaur|move: Taunt
|move|p2a: Charizard|Heat Wave|p1a: Audino|[spread] p1a
|-miss|p2a: Charizard|p1b: Overqwil
|-damage|p1a: Audino|16/100
|cant|p2b: Venusaur|move: Taunt|Sleep Powder
|
|-weather|SunnyDay|[upkeep]
|upkeep
|turn|3
|
|t:|1784281495
|move|p1a: Audino|Yawn|p2a: Charizard
|-start|p2a: Charizard|move: Yawn|[of] p1a: Audino
|move|p1b: Overqwil|Minimize|p1b: Overqwil
|-boost|p1b: Overqwil|evasion|4
|move|p2a: Charizard|Heat Wave|p1b: Overqwil|[spread] p1a
|-miss|p2a: Charizard|p1b: Overqwil
|-damage|p1a: Audino|0 fnt
|faint|p1a: Audino
|move|p2b: Venusaur|Sludge Bomb|p1b: Overqwil|[miss]
|-miss|p2b: Venusaur|p1b: Overqwil
|
|-weather|SunnyDay|[upkeep]
|upkeep
|
|t:|1784281510
|switch|p1a: Klefki|Klefki, L50, M|100/100
|turn|4
|
|t:|1784281528
|switch|p2b: Garchomp|Garchomp, L50, F|100/100
|move|p1a: Klefki|Substitute|p1a: Klefki
|-start|p1a: Klefki|Substitute
|-damage|p1a: Klefki|75/100
|move|p1b: Overqwil|Minimize|p1b: Overqwil
|-boost|p1b: Overqwil|evasion|2
|move|p2a: Charizard|Heat Wave|p1b: Overqwil|[spread] p1a
|-miss|p2a: Charizard|p1b: Overqwil
|-supereffective|p1a: Klefki|1
|-end|p1a: Klefki|Substitute
|
|-weather|SunnyDay|[upkeep]
|-heal|p1a: Klefki|81/100|[from] item: Leftovers
|-end|p2a: Charizard|move: Yawn|[silent]
|-status|p2a: Charizard|slp
|upkeep
|turn|5
|inactive|loop2008auraaura has 30 seconds left.
|
|t:|1784281558
|move|p1a: Klefki|Foul Play|p2b: Garchomp
|-damage|p2b: Garchomp|64/100
|-damage|p1a: Klefki|68/100|[from] ability: Rough Skin|[of] p2b: Garchomp
|move|p1b: Overqwil|Stockpile|p1b: Overqwil
|-start|p1b: Overqwil|stockpile1
|-boost|p1b: Overqwil|def|2
|-boost|p1b: Overqwil|spd|2
|cant|p2a: Charizard|slp
|move|p2b: Garchomp|Earthquake|p1b: Overqwil|[spread] p1a
|-immune|p2a: Charizard
|-miss|p2b: Garchomp|p1b: Overqwil
|-supereffective|p1a: Klefki|1
|-damage|p1a: Klefki|0 fnt
|faint|p1a: Klefki
|-damage|p2b: Garchomp|55/100|[from] item: Life Orb
|
|-weather|none
|-fieldend|move: Trick Room
|upkeep
|
|t:|1784281579
|switch|p1a: Ninetales|Ninetales-Alola, L50, M|100/100
|-weather|Snowscape|[from] ability: Snow Warning|[of] p1a: Ninetales
|turn|6
|
|t:|1784281592
|move|p1a: Ninetales|Protect|p1a: Ninetales
|-singleturn|p1a: Ninetales|Protect
|move|p2b: Garchomp|Rock Slide|p1b: Overqwil|[spread] 
|-activate|p1a: Ninetales|move: Protect
|-miss|p2b: Garchomp|p1b: Overqwil
|cant|p2a: Charizard|slp
|move|p1b: Overqwil|Stockpile|p1b: Overqwil
|-start|p1b: Overqwil|stockpile2
|-boost|p1b: Overqwil|def|2
|-boost|p1b: Overqwil|spd|2
|
|-weather|Snowscape|[upkeep]
|upkeep
|turn|7
|inactive|loop2008auraaura has 30 seconds left.
|
|t:|1784281618
|move|p2b: Garchomp|Protect|p2b: Garchomp
|-singleturn|p2b: Garchomp|Protect
|move|p1a: Ninetales|Psych Up|p1b: Overqwil
|-copyboost|p1a: Ninetales|p1b: Overqwil|[from] move: Psych Up
|-curestatus|p2a: Charizard|slp|[msg]
|move|p2a: Charizard|Heat Wave|p1b: Overqwil|[spread] p1a
|-miss|p2a: Charizard|p1b: Overqwil
|-supereffective|p1a: Ninetales|1
|-damage|p1a: Ninetales|68/100
|-status|p1a: Ninetales|brn
|move|p1b: Overqwil|Stockpile|p1b: Overqwil
|-start|p1b: Overqwil|stockpile3
|-boost|p1b: Overqwil|def|2
|-boost|p1b: Overqwil|spd|2
|
|-weather|Snowscape|[upkeep]
|-damage|p1a: Ninetales|62/100 brn|[from] brn
|upkeep
|turn|8
|inactive|loop2008auraaura has 30 seconds left.
|
|t:|1784281651
|move|p1b: Overqwil|Protect|p1b: Overqwil
|-singleturn|p1b: Overqwil|Protect
|move|p1a: Ninetales|Aurora Veil|p1a: Ninetales
|-sidestart|p1: loop2008auraaura|move: Aurora Veil
|move|p2b: Garchomp|Rock Slide|p1b: Overqwil|[spread] 
|-activate|p1b: Overqwil|move: Protect
|-miss|p2b: Garchomp|p1a: Ninetales
|move|p2a: Charizard|Heat Wave|p1b: Overqwil|[spread] 
|-activate|p1b: Overqwil|move: Protect
|-miss|p2a: Charizard|p1a: Ninetales
|
|-weather|Snowscape|[upkeep]
|-damage|p1a: Ninetales|56/100 brn|[from] brn
|upkeep
|turn|9
|inactive|loop2008auraaura has 30 seconds left.
|
|t:|1784281681
|switch|p2a: Farigiraf|Farigiraf, L50, F|100/100
|move|p1a: Ninetales|Blizzard|p2a: Farigiraf|[spread] p2a,p2b
|-supereffective|p2b: Garchomp|2
|-damage|p2a: Farigiraf|73/100
|-damage|p2b: Garchomp|0 fnt
|faint|p2b: Garchomp
|move|p1b: Overqwil|Taunt|p2a: Farigiraf
|-start|p2a: Farigiraf|move: Taunt
|
|-weather|Snowscape|[upkeep]
|-damage|p1a: Ninetales|50/100y brn|[from] brn
|upkeep
|
|t:|1784281691
|switch|p2b: Charizard|Charizard-Mega-Y, L50, M|100/100
|-weather|SunnyDay|[from] ability: Drought|[of] p2b: Charizard
|turn|10
|
|t:|1784281702
|move|p1a: Ninetales|Blizzard|p2b: Charizard|[spread] p2b
|-miss|p1a: Ninetales|p2a: Farigiraf
|-damage|p2b: Charizard|69/100
|move|p2b: Charizard|Heat Wave|p1a: Ninetales|[spread] 
|-miss|p2b: Charizard|p1a: Ninetales
|-miss|p2b: Charizard|p1b: Overqwil
|move|p1b: Overqwil|Taunt|p2b: Charizard
|-start|p2b: Charizard|move: Taunt
|move|p2a: Farigiraf|Thunderbolt|p1b: Overqwil|[miss]
|-miss|p2a: Farigiraf|p1b: Overqwil
|
|-weather|SunnyDay|[upkeep]
|-damage|p1a: Ninetales|44/100 brn|[from] brn
|upkeep
|turn|11
|
|t:|1784281721
|move|p1a: Ninetales|Blizzard|p2a: Farigiraf|[spread] p2a,p2b
|-damage|p2a: Farigiraf|42/100
|-damage|p2b: Charizard|39/100
|move|p2b: Charizard|Weather Ball|p1b: Overqwil|[miss]
|-miss|p2b: Charizard|p1b: Overqwil
|move|p1b: Overqwil|Taunt||[still]
|-fail|p1b: Overqwil
|move|p2a: Farigiraf|Thunderbolt|p1b: Overqwil|[miss]
|-miss|p2a: Farigiraf|p1b: Overqwil
|
|-weather|SunnyDay|[upkeep]
|-damage|p1a: Ninetales|38/100 brn|[from] brn
|-end|p2a: Farigiraf|move: Taunt
|upkeep
|turn|12
|
|t:|1784281742
|move|p1a: Ninetales|Blizzard|p2b: Charizard|[spread] p2a,p2b
|-damage|p2a: Farigiraf|13/100
|-damage|p2b: Charizard|11/100
|move|p2b: Charizard|Weather Ball|p1b: Overqwil|[miss]
|-miss|p2b: Charizard|p1b: Overqwil
|move|p1b: Overqwil|Taunt|p2a: Farigiraf
|-start|p2a: Farigiraf|move: Taunt
|move|p2a: Farigiraf|Thunderbolt|p1b: Overqwil
|-damage|p1b: Overqwil|95/100
|
|-weather|SunnyDay|[upkeep]
|-damage|p1a: Ninetales|32/100 brn|[from] brn
|upkeep
|turn|13
|
|t:|1784281762
|switch|p2b: Venusaur|Venusaur, L50, M|100/100
|move|p1a: Ninetales|Blizzard|p2b: Venusaur|[spread] 
|-miss|p1a: Ninetales|p2a: Farigiraf
|-miss|p1a: Ninetales|p2b: Venusaur
|move|p1b: Overqwil|Taunt||[still]
|-fail|p1b: Overqwil
|move|p2a: Farigiraf|Thunderbolt|p1b: Overqwil|[miss]
|-miss|p2a: Farigiraf|p1b: Overqwil
|
|-weather|SunnyDay|[upkeep]
|-damage|p1a: Ninetales|26/100 brn|[from] brn
|upkeep
|turn|14
|inactive|cubeaoz has 30 seconds left.
|
|t:|1784281789
|move|p2b: Venusaur|Protect|p2b: Venusaur
|-singleturn|p2b: Venusaur|Protect
|move|p1a: Ninetales|Blizzard|p2b: Venusaur|[spread] p2a
|-activate|p2b: Venusaur|move: Protect
|-crit|p2a: Farigiraf
|-damage|p2a: Farigiraf|0 fnt
|faint|p2a: Farigiraf
|move|p1b: Overqwil|Taunt|p2b: Venusaur
|-activate|p2b: Venusaur|move: Protect
|
|-weather|none
|-damage|p1a: Ninetales|20/100r brn|[from] brn
|upkeep
|
|t:|1784281796
|switch|p2a: Charizard|Charizard-Mega-Y, L50, M|11/100
|-weather|SunnyDay|[from] ability: Drought|[of] p2a: Charizard
|turn|15
|
|t:|1784281816
|move|p2a: Charizard|Protect|p2a: Charizard
|-singleturn|p2a: Charizard|Protect
|move|p2b: Venusaur|Sludge Bomb|p1a: Ninetales|[miss]
|-miss|p2b: Venusaur|p1a: Ninetales
|move|p1a: Ninetales|Blizzard|p2a: Charizard|[spread] 
|-activate|p2a: Charizard|move: Protect
|-miss|p1a: Ninetales|p2b: Venusaur
|move|p1b: Overqwil|Taunt|p2b: Venusaur
|-start|p2b: Venusaur|move: Taunt
|
|-weather|SunnyDay|[upkeep]
|-damage|p1a: Ninetales|14/100 brn|[from] brn
|-sideend|p1: loop2008auraaura|move: Aurora Veil
|upkeep
|turn|16
|
|t:|1784281835
|move|p2b: Venusaur|Sludge Bomb|p1a: Ninetales|[miss]
|-miss|p2b: Venusaur|p1a: Ninetales
|move|p1a: Ninetales|Blizzard|p2b: Venusaur|[spread] p2a
|-miss|p1a: Ninetales|p2b: Venusaur
|-damage|p2a: Charizard|0 fnt
|faint|p2a: Charizard
|move|p1b: Overqwil|Taunt||[still]
|-fail|p1b: Overqwil
|
|-weather|SunnyDay|[upkeep]
|-damage|p1a: Ninetales|8/100 brn|[from] brn
|upkeep
|turn|17
|inactive|loop2008auraaura has 30 seconds left.
|
|t:|1784281862
|move|p2b: Venusaur|Sludge Bomb|p1a: Ninetales|[miss]
|-miss|p2b: Venusaur|p1a: Ninetales
|move|p1a: Ninetales|Aurora Veil||[still]
|-fail|p1a: Ninetales
|move|p1b: Overqwil|Taunt||[still]
|-fail|p1b: Overqwil
|
|-weather|SunnyDay|[upkeep]
|-damage|p1a: Ninetales|2/100 brn|[from] brn
|upkeep
|turn|18
|inactive|loop2008auraaura has 30 seconds left.
|inactive|cubeaoz has 30 seconds left.
|
|t:|1784281894
|move|p2b: Venusaur|Sludge Bomb|p1b: Overqwil|[miss]
|-miss|p2b: Venusaur|p1b: Overqwil
|move|p1a: Ninetales|Psych Up|p1b: Overqwil
|-copyboost|p1a: Ninetales|p1b: Overqwil|[from] move: Psych Up
|move|p1b: Overqwil|Stockpile||[still]
|-fail|p1b: Overqwil
|
|-weather|SunnyDay|[upkeep]
|-damage|p1a: Ninetales|0 fnt|[from] brn
|faint|p1a: Ninetales
|-end|p2b: Venusaur|move: Taunt
|upkeep
|turn|19
|inactive|loop2008auraaura has 30 seconds left this turn.
|inactive|loop2008auraaura has 20 seconds left.
|inactive|loop2008auraaura has 15 seconds left.
|
|t:|1784281919
|move|p2b: Venusaur|Sleep Powder|p1b: Overqwil|[miss]
|-miss|p2b: Venusaur|p1b: Overqwil
|move|p1b: Overqwil|Taunt|p2b: Venusaur
|-start|p2b: Venusaur|move: Taunt
|
|-weather|none
|upkeep
|turn|20
|inactive|loop2008auraaura has 15 seconds left this turn.
|inactive|loop2008auraaura has 10 seconds left.
|
|t:|1784281929
|move|p2b: Venusaur|Sludge Bomb|p1b: Overqwil|[miss]
|-miss|p2b: Venusaur|p1b: Overqwil
|move|p1b: Overqwil|Taunt||[still]
|-fail|p1b: Overqwil
|
|upkeep
|turn|21
|inactive|loop2008auraaura has 10 seconds left this turn.
|inactive|loop2008auraaura has 5 seconds left.
|
|t:|1784281936
|move|p2b: Venusaur|Leaf Storm|p1b: Overqwil|[miss]
|-miss|p2b: Venusaur|p1b: Overqwil
|move|p1b: Overqwil|Taunt||[still]
|-fail|p1b: Overqwil
|
|upkeep
|turn|22
|inactive|loop2008auraaura has 5 seconds left this turn.
|-message|loop2008auraaura lost due to inactivity.
|
|win|cubeaoz
|c|☆cubeaoz|LOL
|l|☆loop2008auraaura
|player|p1|
|inactive|loop2008auraaura has 30 seconds to confirm battle start!
|inactive|cubeaoz has 30 seconds to confirm battle start!
|raw|loop2008auraaura's rating: 1029 → 1019(-10 for losing)
|raw|cubeaoz's rating: 1131 → 1149(+18 for winning)
