|j|☆Lightning7157
|j|☆NucleoVgcx
|html|Lightning7157NucleoVgcx    
|uhtml|bestof|Game 2 of a best-of-3
|t:|1783282054
|gametype|doubles
|player|p1|Lightning7157|266|1068
|player|p2|NucleoVgcx|richboy-gen4|1130
|gen|9
|tier|[Gen 9 Champions] VGC 2026 Reg M-B (Bo3)
|rated|
|rule|Species Clause: Limit one of each Pokémon
|rule|Item Clause: Limit 1 of each item
|clearpoke
|poke|p1|Ninetales-Alola, L50, M|
|poke|p1|Beedrill, L50, F|
|poke|p1|Grimmsnarl, L50, M|
|poke|p1|Garchomp, L50, F|
|poke|p1|Aegislash, L50, M|
|poke|p1|Rotom-Heat, L50|
|poke|p2|Metagross, L50|
|poke|p2|Blastoise, L50, M|
|poke|p2|Incineroar, L50, M|
|poke|p2|Sneasler, L50, F|
|poke|p2|Maushold, L50|
|poke|p2|Sinistcha, L50|
|teampreview|4
|showteam|p1|Ninetales-Alola||IcyRock|SnowWarning|Blizzard,AuroraVeil,Protect,Encore|Bold||M|||50|]Beedrill||Beedrillite|Sniper|PoisonJab,Uturn,PinMissile,Protect|Adamant||F|||50|]Grimmsnarl||LightClay|Prankster|Reflect,LightScreen,FakeOut,SpiritBreak|Serious||M|||50|]Garchomp||LifeOrb|RoughSkin|RockSlide,DragonClaw,StompingTantrum,Protect|Serious||F|||50|]Aegislash||SitrusBerry|StanceChange|KingsShield,Poltergeist,ShadowSneak,IronHead|Serious||M|||50|]Rotom-Heat||ChoiceScarf|Levitate|Overheat,Thunderbolt,VoltSwitch,Trick|Timid|||||50|
|showteam|p2|Metagross||Metagrossite|ClearBody|IronHead,PsychicFangs,BulletPunch,Protect|Adamant|||||50|]Blastoise||Blastoisinite|RainDish|WaterPulse,DarkPulse,AuraSphere,Protect|Modest||M|||50|]Incineroar||SitrusBerry|Intimidate|FakeOut,FlareBlitz,PartingShot,ThroatChop|Careful||M|||50|]Sneasler||WhiteHerb|PoisonTouch|FakeOut,CloseCombat,DireClaw,QuickGuard|Jolly||F|||50|]Maushold||ChopleBerry|FriendGuard|FollowMe,Feint,SuperFang,Encore|Jolly|||||50|]Sinistcha||KasibBerry|Hospitality|RagePowder,MatchaGotcha,TrickRoom,Endure|Relaxed|||||50|
|
|t:|1783282097
|teamsize|p1|4
|teamsize|p2|4
|start
|switch|p1a: Ninetales|Ninetales-Alola, L50, M|100/100
|switch|p1b: Beedrill|Beedrill, L50, F|100/100
|switch|p2a: Blastoise|Blastoise, L50, M|100/100
|switch|p2b: Maushold|Maushold, L50|100/100
|-weather|Snowscape|[from] ability: Snow Warning|[of] p1a: Ninetales
|turn|1
|
|t:|1783282136
|detailschange|p1b: Beedrill|Beedrill-Mega, L50, F
|-mega|p1b: Beedrill|Beedrill|Beedrillite
|detailschange|p2a: Blastoise|Blastoise-Mega, L50, M
|-mega|p2a: Blastoise|Blastoise|Blastoisinite
|move|p1b: Beedrill|U-turn|p2b: Maushold
|-damage|p2b: Maushold|27/100
|
|t:|1783282142
|switch|p1b: Aegislash|Aegislash, L50, M|100/100|[from] U-turn
|move|p2b: Maushold|Super Fang|p1a: Ninetales|[miss]
|-miss|p2b: Maushold|p1a: Ninetales
|move|p1a: Ninetales|Aurora Veil|p1a: Ninetales
|-sidestart|p1: Lightning7157|move: Aurora Veil
|move|p2a: Blastoise|Water Pulse|p1b: Aegislash
|-damage|p1b: Aegislash|73/100
|
|-weather|Snowscape|[upkeep]
|upkeep
|turn|2
|
|t:|1783282171
|move|p2b: Maushold|Super Fang|p1a: Ninetales
|-damage|p1a: Ninetales|50/100y
|move|p1a: Ninetales|Blizzard|p2b: Maushold|[spread] p2a,p2b
|-resisted|p2a: Blastoise|1
|-damage|p2a: Blastoise|93/100
|-damage|p2b: Maushold|0 fnt
|faint|p2b: Maushold
|move|p2a: Blastoise|Water Pulse|p1b: Aegislash
|-damage|p1b: Aegislash|46/100
|-enditem|p1b: Aegislash|Sitrus Berry|[eat]
|-heal|p1b: Aegislash|71/100|[from] item: Sitrus Berry
|-formechange|p1b: Aegislash|Aegislash-Blade|
|move|p1b: Aegislash|Iron Head|p2a: Blastoise
|-resisted|p2a: Blastoise|1
|-damage|p2a: Blastoise|73/100
|
|-weather|Snowscape|[upkeep]
|upkeep
|
|t:|1783282193
|switch|p2b: Sinistcha|Sinistcha, L50|100/100
|-heal|p2a: Blastoise|98/100|[from] ability: Hospitality|[of] p2b: Sinistcha
|turn|3
|
|t:|1783282208
|switch|p2b: Incineroar|Incineroar, L50, M|100/100
|-ability|p2b: Incineroar|Intimidate|boost
|-unboost|p1a: Ninetales|atk|1
|-unboost|p1b: Aegislash|atk|1
|move|p1b: Aegislash|Shadow Sneak|p2b: Incineroar
|-resisted|p2b: Incineroar|1
|-damage|p2b: Incineroar|93/100
|move|p1a: Ninetales|Blizzard|p2b: Incineroar|[spread] p2a,p2b
|-resisted|p2a: Blastoise|1
|-resisted|p2b: Incineroar|1
|-damage|p2a: Blastoise|87/100
|-damage|p2b: Incineroar|84/100
|move|p2a: Blastoise|Dark Pulse|p1b: Aegislash
|-supereffective|p1b: Aegislash|1
|-damage|p1b: Aegislash|0 fnt
|faint|p1b: Aegislash
|
|-weather|Snowscape|[upkeep]
|upkeep
|
|t:|1783282226
|switch|p1b: Rotom|Rotom-Heat, L50|100/100
|turn|4
|
|t:|1783282243
|move|p1a: Ninetales|Protect|p1a: Ninetales
|-singleturn|p1a: Ninetales|Protect
|move|p2b: Incineroar|Fake Out|p1b: Rotom
|-damage|p1b: Rotom|89/100
|cant|p1b: Rotom|flinch
|move|p2a: Blastoise|Water Pulse|p1b: Rotom
|-supereffective|p1b: Rotom|1
|-damage|p1b: Rotom|0 fnt
|faint|p1b: Rotom
|
|-weather|Snowscape|[upkeep]
|upkeep
|
|t:|1783282253
|switch|p1b: Beedrill|Beedrill-Mega, L50, F|100/100
|turn|5
|inactive|Battle timer is ON: inactive players will automatically lose when time's up. (requested by Lightning7157)
|
|t:|1783282312
|move|p1b: Beedrill|Poison Jab|p2a: Blastoise
|-damage|p2a: Blastoise|29/100
|move|p1a: Ninetales|Encore|p2b: Incineroar
|-start|p2b: Incineroar|Encore
|move|p2b: Incineroar|Fake Out||[still]
|-hint|Fake Out only works on your first turn out.
|-fail|p2b: Incineroar
|move|p2a: Blastoise|Water Pulse|p1b: Beedrill
|-damage|p1b: Beedrill|43/100
|
|-weather|Snowscape|[upkeep]
|-sideend|p1: Lightning7157|move: Aurora Veil
|upkeep
|turn|6
|
|t:|1783282332
|switch|p2b: Sinistcha|Sinistcha, L50|100/100
|-heal|p2a: Blastoise|54/100|[from] ability: Hospitality|[of] p2b: Sinistcha
|move|p2a: Blastoise|Protect|p2a: Blastoise
|-singleturn|p2a: Blastoise|Protect
|move|p1b: Beedrill|Poison Jab|p2a: Blastoise
|-activate|p2a: Blastoise|move: Protect
|move|p1a: Ninetales|Blizzard|p2b: Sinistcha|[spread] p2b
|-activate|p2a: Blastoise|move: Protect
|-supereffective|p2b: Sinistcha|1
|-damage|p2b: Sinistcha|41/100
|
|-weather|Snowscape|[upkeep]
|upkeep
|turn|7
|
|t:|1783282351
|switch|p2b: Incineroar|Incineroar, L50, M|84/100
|-ability|p2b: Incineroar|Intimidate|boost
|-unboost|p1a: Ninetales|atk|1
|-unboost|p1b: Beedrill|atk|1
|move|p1b: Beedrill|Protect|p1b: Beedrill
|-singleturn|p1b: Beedrill|Protect
|move|p1a: Ninetales|Blizzard|p2b: Incineroar|[spread] p2a,p2b
|-resisted|p2a: Blastoise|1
|-resisted|p2b: Incineroar|1
|-damage|p2a: Blastoise|44/100
|-damage|p2b: Incineroar|75/100
|move|p2a: Blastoise|Water Pulse|p1b: Beedrill
|-activate|p1b: Beedrill|move: Protect
|
|-weather|Snowscape|[upkeep]
|upkeep
|turn|8
|
|t:|1783282374
|move|p2b: Incineroar|Fake Out|p1b: Beedrill
|-damage|p1b: Beedrill|16/100
|cant|p1b: Beedrill|flinch
|move|p1a: Ninetales|Blizzard|p2a: Blastoise|[spread] p2a,p2b
|-resisted|p2a: Blastoise|1
|-resisted|p2b: Incineroar|1
|-damage|p2a: Blastoise|33/100
|-damage|p2b: Incineroar|66/100
|move|p2a: Blastoise|Water Pulse|p1b: Beedrill
|-crit|p1b: Beedrill
|-damage|p1b: Beedrill|0 fnt
|faint|p1b: Beedrill
|
|-weather|none
|upkeep
|turn|9
|
|t:|1783282394
|move|p1a: Ninetales|Protect|p1a: Ninetales
|-singleturn|p1a: Ninetales|Protect
|move|p2a: Blastoise|Aura Sphere|p1a: Ninetales
|-activate|p1a: Ninetales|move: Protect
|move|p2b: Incineroar|Flare Blitz|p1a: Ninetales
|-activate|p1a: Ninetales|move: Protect
|
|upkeep
|turn|10
|
|t:|1783282406
|move|p1a: Ninetales|Protect||[still]
|-fail|p1a: Ninetales
|move|p2a: Blastoise|Aura Sphere|p1a: Ninetales
|-damage|p1a: Ninetales|6/100
|move|p2b: Incineroar|Flare Blitz|p1a: Ninetales
|-supereffective|p1a: Ninetales|1
|-damage|p1a: Ninetales|0 fnt
|faint|p1a: Ninetales
|-damage|p2b: Incineroar|64/100|[from] Recoil
|
|win|NucleoVgcx
|raw|Lightning7157's rating: 1068 → 1051(-17 for losing)
|raw|NucleoVgcx's rating: 1130 → 1151(+21 for winning)
|l|☆Lightning7157
|player|p1|
