|j|☆cap10pp
|j|☆Masamune_TL
|html|cap10ppMasamune_TL    
|uhtml|bestof|Game 2 of a best-of-3
|t:|1783298311
|gametype|doubles
|player|p1|cap10pp|chuck|
|player|p2|Masamune_TL|volkner|
|gen|9
|tier|[Gen 9 Champions] VGC 2026 Reg M-B (Bo3)
|rule|Species Clause: Limit one of each Pokémon
|rule|Item Clause: Limit 1 of each item
|clearpoke
|poke|p1|Scizor, L50, F, shiny|
|poke|p1|Staraptor, L50, F, shiny|
|poke|p1|Maushold-Four, L50, shiny|
|poke|p1|Hydreigon, L50, F, shiny|
|poke|p1|Malamar, L50, M, shiny|
|poke|p1|Whimsicott, L50, F, shiny|
|poke|p2|Dragalge, L50, M|
|poke|p2|Starmie, L50, shiny|
|poke|p2|Mawile, L50, F, shiny|
|poke|p2|Eelektross, L50, M, shiny|
|poke|p2|Sableye, L50, F, shiny|
|poke|p2|Toxicroak, L50, F, shiny|
|teampreview|4
|showteam|p1|Scizor||FocusSash|Technician|BugBite,BulletPunch,SwordsDance,Protect|Impish||F|||50|]Staraptor||Staraptite|Intimidate|CloseCombat,BraveBird,Roost,Protect|Impish||F|||50|]Maushold-Four||Leftovers|FriendGuard|Tickle,SeedBomb,Protect,Taunt|Jolly|||||50|]Hydreigon||LifeOrb|Levitate|DracoMeteor,Flamethrower,EarthPower,Protect|Modest||F|||50|]Malamar||SitrusBerry|Contrary|Superpower,PsychoCut,Liquidation,Protect|Jolly||M|||50|]Whimsicott||ExpertBelt|Infiltrator|Moonblast,GigaDrain,Tickle,Taunt|Modest||F|||50|
|showteam|p2|Dragalge||Dragalgite|Adaptability|DracoMeteor,DragonTail,SludgeBomb,Protect|Quiet||M|||50|]Starmie||SitrusBerry|NaturalCure|TrickRoom,AllySwitch,IceBeam,Scald|Modest|||||50|]Mawile||Mawilite|Intimidate|PlayRough,SuckerPunch,Protect,FireFang|Brave||F|||50|]Eelektross||ChoiceScarf|Levitate|Thunderbolt,Flamethrower,VoltSwitch,DragonPulse|Timid||M|||50|]Sableye||RoseliBerry|Prankster|FakeOut,WillOWisp,LightScreen,Quash|Bold||F|||50|]Toxicroak||FocusSash|PoisonTouch|FakeOut,Coaching,PoisonJab,KnockOff|Adamant||F|||50|
|
|t:|1783298336
|teamsize|p1|4
|teamsize|p2|4
|start
|switch|p1a: The Enigma|Malamar, L50, M, shiny|100/100
|switch|p1b: The Famiglia|Maushold-Four, L50, shiny|100/100
|switch|p2a: Sableye|Sableye, L50, F, shiny|100/100
|switch|p2b: Mawile|Mawile, L50, F, shiny|100/100
|-ability|p2b: Mawile|Intimidate|boost
|-boost|p1a: The Enigma|atk|1
|-unboost|p1b: The Famiglia|atk|1
|turn|1
|
|t:|1783298352
|detailschange|p2b: Mawile|Mawile-Mega, L50, F, shiny
|-mega|p2b: Mawile|Mawile|Mawilite
|move|p2a: Sableye|Fake Out|p1b: The Famiglia
|-damage|p1b: The Famiglia|92/100
|cant|p1b: The Famiglia|flinch
|move|p1a: The Enigma|Superpower|p2b: Mawile
|-damage|p2b: Mawile|65/100
|-boost|p1a: The Enigma|atk|1
|-boost|p1a: The Enigma|def|1
|move|p2b: Mawile|Play Rough|p1a: The Enigma
|-supereffective|p1a: The Enigma|1
|-damage|p1a: The Enigma|10/100
|-enditem|p1a: The Enigma|Sitrus Berry|[eat]
|-heal|p1a: The Enigma|35/100|[from] item: Sitrus Berry
|
|-heal|p1b: The Famiglia|98/100|[from] item: Leftovers
|upkeep
|turn|2
|
|t:|1783298374
|move|p1a: The Enigma|Protect|p1a: The Enigma
|-singleturn|p1a: The Enigma|Protect
|move|p2a: Sableye|Quash|p1b: The Famiglia
|-activate|p1b: The Famiglia|move: Quash
|move|p2b: Mawile|Sucker Punch||[still]
|-fail|p2b: Mawile
|move|p1b: The Famiglia|Taunt|p2a: Sableye
|-start|p2a: Sableye|move: Taunt
|
|-heal|p1b: The Famiglia|100/100|[from] item: Leftovers
|upkeep
|turn|3
|
|t:|1783298402
|switch|p2a: Dragalge|Dragalge, L50, M|100/100
|move|p2b: Mawile|Sucker Punch|p1a: The Enigma
|-damage|p1a: The Enigma|14/100
|move|p1b: The Famiglia|Tickle|p1a: The Enigma
|-boost|p1a: The Enigma|atk|1
|-boost|p1a: The Enigma|def|1
|move|p1a: The Enigma|Superpower|p2b: Mawile
|-damage|p2b: Mawile|5/100
|-boost|p1a: The Enigma|atk|1
|-boost|p1a: The Enigma|def|1
|
|upkeep
|turn|4
|
|t:|1783298425
|move|p2b: Mawile|Protect|p2b: Mawile
|-singleturn|p2b: Mawile|Protect
|move|p1b: The Famiglia|Seed Bomb|p2b: Mawile
|-activate|p2b: Mawile|move: Protect
|move|p1a: The Enigma|Psycho Cut|p2a: Dragalge
|-supereffective|p2a: Dragalge|1
|-damage|p2a: Dragalge|0 fnt
|faint|p2a: Dragalge
|
|upkeep
|
|t:|1783298432
|switch|p2a: Sableye|Sableye, L50, F, shiny|100/100
|turn|5
|
|t:|1783298442
|move|p1a: The Enigma|Protect|p1a: The Enigma
|-singleturn|p1a: The Enigma|Protect
|move|p2a: Sableye|Fake Out|p1a: The Enigma
|-activate|p1a: The Enigma|move: Protect
|move|p2b: Mawile|Sucker Punch|p1b: The Famiglia
|-damage|p1b: The Famiglia|53/100
|move|p1b: The Famiglia|Seed Bomb|p2b: Mawile
|-resisted|p2b: Mawile|1
|-damage|p2b: Mawile|1/100
|
|-heal|p1b: The Famiglia|59/100|[from] item: Leftovers
|upkeep
|turn|6
|
|t:|1783298466
|move|p2a: Sableye|Will-O-Wisp|p1b: The Famiglia
|-status|p1b: The Famiglia|brn
|move|p2b: Mawile|Sucker Punch|p1a: The Enigma
|-damage|p1a: The Enigma|1/100
|move|p1b: The Famiglia|Seed Bomb|p2b: Mawile
|-resisted|p2b: Mawile|1
|-damage|p2b: Mawile|0 fnt
|faint|p2b: Mawile
|move|p1a: The Enigma|Liquidation|p2a: Sableye
|-damage|p2a: Sableye|45/100
|
|-heal|p1b: The Famiglia|65/100 brn|[from] item: Leftovers
|-damage|p1b: The Famiglia|59/100 brn|[from] brn
|upkeep
|
|t:|1783298471
|switch|p2b: Eelektross|Eelektross, L50, M, shiny|100/100
|turn|7
|
|t:|1783298494
|move|p2a: Sableye|Light Screen|p2a: Sableye
|-sidestart|p2: Masamune_TL|move: Light Screen
|move|p2b: Eelektross|Thunderbolt|p1a: The Enigma
|-damage|p1a: The Enigma|0 fnt
|faint|p1a: The Enigma
|move|p1b: The Famiglia|Taunt|p2a: Sableye
|-start|p2a: Sableye|move: Taunt
|
|-heal|p1b: The Famiglia|65/100 brn|[from] item: Leftovers
|-damage|p1b: The Famiglia|59/100 brn|[from] brn
|upkeep
|
|t:|1783298506
|switch|p1a: The Whimsy|Whimsicott, L50, F, shiny|100/100
|turn|8
|
|t:|1783298518
|move|p2b: Eelektross|Thunderbolt|p1a: The Whimsy
|-resisted|p1a: The Whimsy|1
|-damage|p1a: The Whimsy|76/100
|move|p1b: The Famiglia|Seed Bomb|p2b: Eelektross
|-damage|p2b: Eelektross|93/100
|move|p1a: The Whimsy|Moonblast|p2a: Sableye
|-supereffective|p2a: Sableye|1
|-enditem|p2a: Sableye|Roseli Berry|[eat]
|-enditem|p2a: Sableye|Roseli Berry|[weaken]
|-damage|p2a: Sableye|0 fnt
|faint|p2a: Sableye
|
|-heal|p1b: The Famiglia|65/100 brn|[from] item: Leftovers
|-damage|p1b: The Famiglia|59/100 brn|[from] brn
|upkeep
|turn|9
|
|t:|1783298537
|move|p2b: Eelektross|Thunderbolt|p1a: The Whimsy
|-resisted|p1a: The Whimsy|1
|-damage|p1a: The Whimsy|51/100
|move|p1b: The Famiglia|Seed Bomb|p2b: Eelektross
|-damage|p2b: Eelektross|86/100
|move|p1a: The Whimsy|Giga Drain|p2b: Eelektross
|-damage|p2b: Eelektross|42/100
|-heal|p1a: The Whimsy|77/100|[from] drain|[of] p2b: Eelektross
|
|-heal|p1b: The Famiglia|65/100 brn|[from] item: Leftovers
|-damage|p1b: The Famiglia|59/100 brn|[from] brn
|upkeep
|turn|10
|
|t:|1783298550
|move|p2b: Eelektross|Thunderbolt|p1b: The Famiglia
|-damage|p1b: The Famiglia|7/100 brn
|move|p1b: The Famiglia|Seed Bomb|p2b: Eelektross
|-damage|p2b: Eelektross|36/100
|move|p1a: The Whimsy|Giga Drain|p2b: Eelektross
|-damage|p2b: Eelektross|0 fnt
|-heal|p1a: The Whimsy|98/100|[from] drain|[of] p2b: Eelektross
|faint|p2b: Eelektross
|
|win|cap10pp
|l|☆Masamune_TL
|player|p2|
