|j|☆roman_legend
|j|☆AUBrigade
|html|roman_legendAUBrigade    
|uhtml|bestof|Game 1 of a best-of-3
|t:|1756859122
|gametype|doubles
|player|p1|roman_legend|102|1119
|player|p2|AUBrigade|169|1217
|gen|9
|tier|[Gen 9] VGC 2025 Reg H (Bo3)
|rated|
|rule|Species Clause: Limit one of each Pokémon
|rule|Item Clause: Limit 1 of each item
|clearpoke
|poke|p1|Gholdengo, L50|
|poke|p1|Sneasler, L50, M|
|poke|p1|Rillaboom, L50, M|
|poke|p1|Dragonite, L50, F|
|poke|p1|Ninetales-Alola, L50, F|
|poke|p1|Arcanine-Hisui, L50, M|
|poke|p2|Sneasler, L50, M|
|poke|p2|Dragapult, L50, F|
|poke|p2|Gastrodon, L50, F|
|poke|p2|Electabuzz, L50, F|
|poke|p2|Volcarona, L50, M|
|poke|p2|Rillaboom, L50, M|
|teampreview|4
|showteam|p1|Gholdengo||GrassySeed|GoodasGold|NastyPlot,MakeItRain,ShadowBall,Protect||||||50|,,,,,Water]Sneasler||WhiteHerb|Unburden|CloseCombat,DireClaw,Coaching,Protect|||M|||50|,,,,,Ghost]Rillaboom||AssaultVest|GrassySurge|FakeOut,GrassyGlide,DrumBeating,HighHorsepower|||M|||50|,,,,,Fire]Dragonite||LoadedDice|Multiscale|ScaleShot,StompingTantrum,Tailwind,Protect|||F|||50|,,,,,Ground]Ninetales-Alola||FocusSash|SnowWarning|Blizzard,IcyWind,Encore,AuroraVeil|||F|||50|,,,,,Ghost]Arcanine-Hisui||ClearAmulet|Intimidate|RockSlide,FlareBlitz,ExtremeSpeed,Protect|||M|||50|,,,,,Water
|showteam|p2|Sneasler||WhiteHerb|Unburden|DireClaw,Protect,Coaching,CloseCombat|||M|||50|,,,,,Ghost]Dragapult||ChoiceBand|ClearBody|TeraBlast,Uturn,DragonDarts,PhantomForce|||F|||50|,,,,,Ghost]Gastrodon||CovertCloak|StormDrain|EarthPower,IceBeam,Protect,Yawn|||F|||50|,,,,,Poison]Electabuzz||Eviolite|VitalSpirit|FollowMe,Taunt,Thunderbolt,Protect|||F|||50|,,,,,Fairy]Volcarona||SafetyGoggles|FlameBody|HeatWave,TeraBlast,QuiverDance,Protect|||M|||50|,,,,,Fairy]Rillaboom||AssaultVest|GrassySurge|GrassyGlide,FakeOut,HighHorsepower,WoodHammer|||M|||50|,,,,,Fire
|inactive|Battle timer is ON: inactive players will automatically lose when time's up. (requested by AUBrigade)
|
|t:|1756859185
|teamsize|p1|4
|teamsize|p2|4
|start
|switch|p1a: Gholdengo|Gholdengo, L50, shiny|100/100
|switch|p1b: Ninetales|Ninetales-Alola, L50, F|100/100
|switch|p2a: Dragapult|Dragapult, L50, F|100/100
|switch|p2b: Sneasler|Sneasler, L50, M|100/100
|-weather|Snowscape|[from] ability: Snow Warning|[of] p1b: Ninetales
|turn|1
|inactive|roman_legend has 30 seconds left.
|inactive|AUBrigade has 30 seconds left.
|inactive|roman_legend has 20 seconds left.
|inactive|AUBrigade has 20 seconds left.
|inactive|AUBrigade has 15 seconds left.
|inactive|roman_legend has 15 seconds left.
|inactive|AUBrigade has 10 seconds left.
|inactive|roman_legend has 10 seconds left.
|
|t:|1756859235
|-terastallize|p2a: Dragapult|Ghost
|move|p1a: Gholdengo|Protect|p1a: Gholdengo
|-singleturn|p1a: Gholdengo|Protect
|move|p2a: Dragapult|Tera Blast|p1b: Ninetales|[anim] Tera Blast Ghost
|-damage|p1b: Ninetales|20/100
|move|p2b: Sneasler|Dire Claw|p1b: Ninetales
|-supereffective|p1b: Ninetales
|-damage|p1b: Ninetales|0 fnt
|faint|p1b: Ninetales
|
|-weather|Snowscape|[upkeep]
|upkeep
|
|t:|1756859249
|switch|p1b: Rillaboom|Rillaboom, L50, M|100/100
|-fieldstart|move: Grassy Terrain|[from] ability: Grassy Surge|[of] p1b: Rillaboom
|-enditem|p1a: Gholdengo|Grassy Seed
|-boost|p1a: Gholdengo|def|1|[from] item: Grassy Seed
|turn|2
|inactive|AUBrigade has 30 seconds left.
|
|t:|1756859281
|switch|p2b: Electabuzz|Electabuzz, L50, F|100/100
|-terastallize|p1a: Gholdengo|Water
|move|p1b: Rillaboom|Fake Out|p2b: Electabuzz
|-damage|p2b: Electabuzz|91/100
|move|p2a: Dragapult|Tera Blast|p1a: Gholdengo|[anim] Tera Blast Ghost
|-damage|p1a: Gholdengo|50/100
|move|p1a: Gholdengo|Shadow Ball|p2a: Dragapult
|-supereffective|p2a: Dragapult
|-damage|p2a: Dragapult|0 fnt
|faint|p2a: Dragapult
|
|-weather|Snowscape|[upkeep]
|-heal|p1a: Gholdengo|57/100|[from] Grassy Terrain
|-heal|p2b: Electabuzz|96/100|[from] Grassy Terrain
|upkeep
|
|t:|1756859299
|switch|p2a: Sneasler|Sneasler, L50, M|100/100
|turn|3
|inactive|roman_legend has 30 seconds left.
|inactive|AUBrigade has 30 seconds left.
|
|t:|1756859328
|move|p2b: Electabuzz|Follow Me|p2b: Electabuzz
|-singleturn|p2b: Electabuzz|move: Follow Me
|move|p2a: Sneasler|Dire Claw|p1b: Rillaboom
|-supereffective|p1b: Rillaboom
|-damage|p1b: Rillaboom|15/100
|move|p1b: Rillaboom|High Horsepower|p2b: Electabuzz
|-supereffective|p2b: Electabuzz
|-damage|p2b: Electabuzz|53/100
|move|p1a: Gholdengo|Make It Rain|p2b: Electabuzz|[spread] p2a,p2b
|-resisted|p2b: Electabuzz
|-damage|p2a: Sneasler|44/100
|-damage|p2b: Electabuzz|37/100
|-unboost|p1a: Gholdengo|spa|1
|
|-weather|Snowscape|[upkeep]
|-heal|p2a: Sneasler|50/100|[from] Grassy Terrain
|-heal|p1b: Rillaboom|21/100|[from] Grassy Terrain
|-heal|p1a: Gholdengo|63/100|[from] Grassy Terrain
|-heal|p2b: Electabuzz|43/100|[from] Grassy Terrain
|upkeep
|turn|4
|inactive|roman_legend has 30 seconds left.
|inactive|AUBrigade has 30 seconds left.
|inactive|roman_legend has 20 seconds left.
|inactive|AUBrigade has 20 seconds left.
|inactive|roman_legend has 15 seconds left.
|inactive|roman_legend has 10 seconds left.
|inactive|AUBrigade has 15 seconds left.
|
|t:|1756859375
|switch|p1b: Arcanine|Arcanine-Hisui, L50, M, shiny|100/100
|-ability|p1b: Arcanine|Intimidate|boost
|-unboost|p2a: Sneasler|atk|1
|-unboost|p2b: Electabuzz|atk|1
|-enditem|p2a: Sneasler|White Herb
|-clearnegativeboost|p2a: Sneasler|[silent]
|move|p2a: Sneasler|Close Combat|p1b: Arcanine
|-supereffective|p1b: Arcanine
|-damage|p1b: Arcanine|0 fnt
|-unboost|p2a: Sneasler|def|1
|-unboost|p2a: Sneasler|spd|1
|faint|p1b: Arcanine
|move|p2b: Electabuzz|Thunderbolt|p1a: Gholdengo
|-supereffective|p1a: Gholdengo
|-damage|p1a: Gholdengo|7/100
|move|p1a: Gholdengo|Nasty Plot|p1a: Gholdengo
|-boost|p1a: Gholdengo|spa|2
|
|-weather|Snowscape|[upkeep]
|-heal|p2a: Sneasler|56/100|[from] Grassy Terrain
|-heal|p1a: Gholdengo|13/100|[from] Grassy Terrain
|-heal|p2b: Electabuzz|49/100|[from] Grassy Terrain
|upkeep
|
|t:|1756859383
|switch|p1b: Rillaboom|Rillaboom, L50, M|21/100
|turn|5
|-message|roman_legend forfeited.
|
|win|AUBrigade
||roman_legend is ready for game 2.
||AUBrigade is ready for game 2.
|uhtml|next|Next: Game 2 of 3
