|j|☆Olciax34
|j|☆trevyah
|html|Olciax34trevyah    
|uhtml|bestof|Game 2 of a best-of-3
|t:|1785792352
|gametype|doubles
|player|p1|Olciax34|clair|1351
|player|p2|trevyah|trevor|1421
|gen|9
|tier|[Gen 9 Champions] VGC 2026 Reg M-B (Bo3)
|rated|
|rule|Species Clause: Limit one of each Pokémon
|rule|Item Clause: Limit 1 of each item
|clearpoke
|poke|p1|Charizard, L50, F|
|poke|p1|Whimsicott, L50, M|
|poke|p1|Garchomp, L50, F|
|poke|p1|Basculegion, L50, M|
|poke|p1|Sylveon, L50, M|
|poke|p1|Incineroar, L50, F|
|poke|p2|Blaziken, L50, F, shiny|
|poke|p2|Kingambit, L50, M, shiny|
|poke|p2|Dragonite, L50, F, shiny|
|poke|p2|Ninetales-Alola, L50, F, shiny|
|poke|p2|Gengar, L50, F, shiny|
|poke|p2|Incineroar, L50, M, shiny|
|teampreview|4
|showteam|p1|Charizard||CharizarditeY|SolarPower|HeatWave,WeatherBall,SolarBeam,Protect|Modest||F|||50|]Whimsicott||FocusSash|Prankster|Moonblast,Tailwind,Encore,Protect|Timid||M|||50|]Garchomp||LifeOrb|RoughSkin|Earthquake,DragonClaw,RockSlide,Protect|Jolly||F|||50|]Basculegion||ChoiceScarf|Adaptability|WaveCrash,FlipTurn,LastRespects,AquaJet|Jolly||M|||50|]Sylveon||FairyFeather|Pixilate|HyperVoice,Yawn,HyperBeam,Protect|Modest||M|||50|]Incineroar||SitrusBerry|Intimidate|FakeOut,ThroatChop,FlareBlitz,PartingShot|Careful||F|||50|
|showteam|p2|Blaziken||Blazikenite|SpeedBoost|CloseCombat,RockSlide,FlareBlitz,Detect|Adamant||F|||50|]Kingambit||LifeOrb|Defiant|KowtowCleave,IronHead,SuckerPunch,Protect|Adamant||M|||50|]Dragonite||LumBerry|InnerFocus|DragonClaw,LowKick,ExtremeSpeed,Protect|Adamant||F|||50|]Ninetales-Alola||FocusSash|SnowWarning|Blizzard,FreezeDry,Encore,Protect|Timid||F|||50|]Gengar||Gengarite|CursedBody|ShadowBall,SludgeBomb,PerishSong,Protect|Modest||F|||50|]Incineroar||SitrusBerry|Intimidate|FlareBlitz,PartingShot,FakeOut,Protect|Relaxed||M|||50|
|inactive|Battle timer is ON: inactive players will automatically lose when time's up. (requested by Olciax34)
|
|t:|1785792378
|teamsize|p1|4
|teamsize|p2|4
|start
|switch|p1a: Basculegion|Basculegion, L50, M|100/100
|switch|p1b: Whimsicott|Whimsicott, L50, M|100/100
|switch|p2a: Expectations|Gengar, L50, F, shiny|100/100
|switch|p2b: Begged|Incineroar, L50, M, shiny|100/100
|-ability|p2b: Begged|Intimidate|boost
|-unboost|p1a: Basculegion|atk|1
|-unboost|p1b: Whimsicott|atk|1
|turn|1
|inactive|Olciax34 has 30 seconds left.
|inactive|Olciax34 has 20 seconds left.
|inactive|Olciax34 has 15 seconds left.
|inactive|Olciax34 has 10 seconds left.
|inactive|Olciax34 has 5 seconds left.
|
|t:|1785792432
|switch|p2b: less|Dragonite, L50, F, shiny|100/100
|detailschange|p2a: Expectations|Gengar-Mega, L50, F, shiny
|-mega|p2a: Expectations|Gengar|Gengarite
|move|p1b: Whimsicott|Protect|p1b: Whimsicott
|-singleturn|p1b: Whimsicott|Protect
|move|p1a: Basculegion|Flip Turn|p2b: less
|-resisted|p2b: less|1
|-damage|p2b: less|88/100
|
|t:|1785792443
|switch|p1a: Sylveon|Sylveon, L50, M|100/100|[from] Flip Turn
|move|p2a: Expectations|Shadow Ball|p1a: Sylveon
|-crit|p1a: Sylveon
|-damage|p1a: Sylveon|45/100
|
|upkeep
|turn|2
|inactive|trevyah has 30 seconds left.
|
|t:|1785792478
|move|p2b: less|Protect|p2b: less
|-singleturn|p2b: less|Protect
|move|p1b: Whimsicott|Encore|p2a: Expectations
|-start|p2a: Expectations|Encore
|move|p2a: Expectations|Shadow Ball|p1a: Sylveon
|-damage|p1a: Sylveon|4/100
|move|p1a: Sylveon|Hyper Voice|p2b: less|[spread] p2a
|-activate|p2b: less|move: Protect
|-resisted|p2a: Expectations|1
|-damage|p2a: Expectations|78/100
|
|upkeep
|turn|3
|
|t:|1785792499
|move|p1a: Sylveon|Protect|p1a: Sylveon
|-singleturn|p1a: Sylveon|Protect
|move|p2b: less|Extreme Speed|p1a: Sylveon
|-activate|p1a: Sylveon|move: Protect
|move|p1b: Whimsicott|Moonblast|p2b: less
|-supereffective|p2b: less|1
|-damage|p2b: less|26/100
|move|p2a: Expectations|Shadow Ball|p1b: Whimsicott
|-damage|p1b: Whimsicott|22/100
|
|upkeep
|turn|4
|
|t:|1785792513
|move|p2b: less|Extreme Speed|p1b: Whimsicott
|-crit|p1b: Whimsicott
|-damage|p1b: Whimsicott|0 fnt
|faint|p1b: Whimsicott
|move|p2a: Expectations|Shadow Ball|p1a: Sylveon
|-damage|p1a: Sylveon|0 fnt
|faint|p1a: Sylveon
|
|-end|p2a: Expectations|Encore
|upkeep
|
|t:|1785792521
|switch|p1b: Garchomp|Garchomp, L50, F|100/100
|switch|p1a: Basculegion|Basculegion, L50, M|100/100
|turn|5
|inactive|trevyah has 30 seconds left.
|
|t:|1785792548
|move|p2a: Expectations|Protect|p2a: Expectations
|-singleturn|p2a: Expectations|Protect
|move|p1a: Basculegion|Wave Crash|p2b: less
|-resisted|p2b: less|1
|-damage|p2b: less|0 fnt
|faint|p2b: less
|-damage|p1a: Basculegion|91/100|[from] Recoil
|move|p1b: Garchomp|Dragon Claw|p2a: Expectations
|-activate|p2a: Expectations|move: Protect
|
|upkeep
|
|t:|1785792555
|switch|p2b: The Cure|Ninetales-Alola, L50, F, shiny|100/100
|-weather|Snowscape|[from] ability: Snow Warning|[of] p2b: The Cure
|turn|6
|
|t:|1785792564
|switch|p2a: Begged|Incineroar, L50, M, shiny|100/100
|-ability|p2a: Begged|Intimidate|boost
|-unboost|p1a: Basculegion|atk|1
|-unboost|p1b: Garchomp|atk|1
|move|p2b: The Cure|Protect|p2b: The Cure
|-singleturn|p2b: The Cure|Protect
|move|p1a: Basculegion|Wave Crash|p2b: The Cure
|-activate|p2b: The Cure|move: Protect
|move|p1b: Garchomp|Earthquake|p2a: Begged|[spread] p1a,p2a
|-activate|p2b: The Cure|move: Protect
|-supereffective|p2a: Begged|1
|-damage|p1a: Basculegion|45/100
|-damage|p2a: Begged|48/100
|-enditem|p2a: Begged|Sitrus Berry|[eat]
|-heal|p2a: Begged|73/100|[from] item: Sitrus Berry
|-damage|p1b: Garchomp|90/100|[from] item: Life Orb
|
|-weather|Snowscape|[upkeep]
|upkeep
|turn|7
|-message|Olciax34 forfeited.
|
|win|trevyah
