|j|☆rowletspin
|j|☆lux raymundi
|html|rowletspinlux raymundi    
|uhtml|bestof|Game 2 of a best-of-3
|t:|1784691745
|gametype|doubles
|player|p1|rowletspin|170|1310
|player|p2|lux raymundi|2|1366
|gen|9
|tier|[Gen 9 Champions] VGC 2026 Reg M-B (Bo3)
|rated|
|rule|Species Clause: Limit one of each Pokémon
|rule|Item Clause: Limit 1 of each item
|clearpoke
|poke|p1|Raichu, L50, F|
|poke|p1|Corviknight, L50, F|
|poke|p1|Sylveon, L50, M|
|poke|p1|Basculegion, L50, M|
|poke|p1|Mamoswine, L50, M|
|poke|p1|Tyranitar, L50, F|
|poke|p2|Sneasler, L50, M|
|poke|p2|Blastoise, L50, M|
|poke|p2|Kingambit, L50, M|
|poke|p2|Incineroar, L50, M|
|poke|p2|Delphox, L50, F|
|poke|p2|Sinistcha, L50|
|teampreview|4
|showteam|p1|Raichu||RaichuniteY|LightningRod|ZapCannon,FocusBlast,FakeOut,Protect|Timid||F|||50|]Corviknight||Leftovers|MirrorArmor|BraveBird,IronHead,Tailwind,Protect|Careful||F|||50|]Sylveon||FairyFeather|Pixilate|HyperVoice,QuickAttack,Protect,Yawn|Modest||M|||50|]Basculegion||MysticWater|Adaptability|WaveCrash,LastRespects,AquaJet,Protect|Adamant||M|||50|]Mamoswine||LifeOrb|Oblivious|HighHorsepower,IcicleCrash,IceShard,Protect|Adamant||M|||50|]Tyranitar||FocusSash|SandStream|RockSlide,KnockOff,Superpower,Protect|Adamant||F|||50|
|showteam|p2|Sneasler||FocusSash|PoisonTouch|PoisonJab,CloseCombat,FakeOut,QuickGuard|Jolly||M|||50|]Blastoise||Blastoisinite|RainDish|DarkPulse,WaterSpout,ShellSmash,Protect|Modest||M|||50|]Kingambit||BlackGlasses|Defiant|KowtowCleave,SuckerPunch,SwordsDance,Protect|Adamant||M|||50|]Incineroar||SitrusBerry|Intimidate|FlareBlitz,ThroatChop,PartingShot,FakeOut|Careful||M|||50|]Delphox||Delphoxite|Blaze|HeatWave,NastyPlot,Psychic,Protect|Timid||F|||50|]Sinistcha||KasibBerry|Hospitality|MatchaGotcha,RagePowder,TrickRoom,Protect|Bold|||||50|
|inactive|Battle timer is ON: inactive players will automatically lose when time's up. (requested by rowletspin)
|
|t:|1784691773
|teamsize|p1|4
|teamsize|p2|4
|start
|switch|p1a: Raichu|Raichu, L50, F|100/100
|switch|p1b: Sylveon|Sylveon, L50, M|100/100
|switch|p2a: Sneasler|Sneasler, L50, M|100/100
|switch|p2b: Delphox|Delphox, L50, F|100/100
|turn|1
|inactive|lux raymundi has 30 seconds left.
|
|t:|1784691798
|switch|p2a: Sinistcha|Sinistcha, L50|100/100
|detailschange|p1a: Raichu|Raichu-Mega-Y, L50, F
|-mega|p1a: Raichu|Raichu|Raichunite Y
|detailschange|p2b: Delphox|Delphox-Mega, L50, F
|-mega|p2b: Delphox|Delphox|Delphoxite
|move|p1a: Raichu|Fake Out|p2b: Delphox
|-damage|p2b: Delphox|87/100
|cant|p2b: Delphox|flinch
|move|p1b: Sylveon|Yawn|p2b: Delphox
|-start|p2b: Delphox|move: Yawn|[of] p1b: Sylveon
|
|upkeep
|turn|2
|
|t:|1784691822
|switch|p2b: Sneasler|Sneasler, L50, M|100/100
|move|p2a: Sinistcha|Rage Powder|p2a: Sinistcha
|-singleturn|p2a: Sinistcha|move: Rage Powder
|move|p1a: Raichu|Zap Cannon|p2a: Sinistcha
|-resisted|p2a: Sinistcha|1
|-damage|p2a: Sinistcha|67/100
|-status|p2a: Sinistcha|par
|move|p1b: Sylveon|Hyper Voice|p2b: Sneasler|[spread] p2a,p2b
|-damage|p2a: Sinistcha|25/100 par
|-damage|p2b: Sneasler|38/100
|
|upkeep
|turn|3
|
|t:|1784691837
|move|p1a: Raichu|Protect|p1a: Raichu
|-singleturn|p1a: Raichu|Protect
|move|p1b: Sylveon|Protect|p1b: Sylveon
|-singleturn|p1b: Sylveon|Protect
|move|p2a: Sinistcha|Rage Powder|p2a: Sinistcha
|-singleturn|p2a: Sinistcha|move: Rage Powder
|move|p2b: Sneasler|Poison Jab|p1b: Sylveon
|-activate|p1b: Sylveon|move: Protect
|
|upkeep
|turn|4
|
|t:|1784691854
|switch|p2b: Delphox|Delphox-Mega, L50, F|87/100
|move|p2a: Sinistcha|Rage Powder|p2a: Sinistcha
|-singleturn|p2a: Sinistcha|move: Rage Powder
|move|p1a: Raichu|Zap Cannon|p2a: Sinistcha
|-resisted|p2a: Sinistcha|1
|-damage|p2a: Sinistcha|0 fnt
|faint|p2a: Sinistcha
|move|p1b: Sylveon|Hyper Voice|p2b: Delphox
|-resisted|p2b: Delphox|1
|-damage|p2b: Delphox|55/100
|
|upkeep
|
|t:|1784691860
|switch|p2a: Sneasler|Sneasler, L50, M|38/100
|turn|5
|
|t:|1784691871
|move|p2a: Sneasler|Fake Out|p1b: Sylveon
|-damage|p1b: Sylveon|83/100
|move|p2b: Delphox|Nasty Plot|p2b: Delphox
|-boost|p2b: Delphox|spa|2
|move|p1a: Raichu|Zap Cannon|p2b: Delphox
|-damage|p2b: Delphox|0 fnt
|faint|p2b: Delphox
|cant|p1b: Sylveon|flinch
|
|upkeep
|
|t:|1784691876
|switch|p2b: Kingambit|Kingambit, L50, M|100/100
|turn|6
|
|t:|1784691889
|move|p2b: Kingambit|Protect|p2b: Kingambit
|-singleturn|p2b: Kingambit|Protect
|move|p1a: Raichu|Zap Cannon|p2b: Kingambit
|-activate|p2b: Kingambit|move: Protect
|move|p2a: Sneasler|Poison Jab|p1b: Sylveon
|-supereffective|p1b: Sylveon|1
|-crit|p1b: Sylveon
|-damage|p1b: Sylveon|0 fnt
|faint|p1b: Sylveon
|
|upkeep
|
|t:|1784691895
|switch|p1b: Basculegion|Basculegion, L50, M|100/100
|turn|7
|
|t:|1784691907
|move|p1b: Basculegion|Aqua Jet|p2a: Sneasler
|-damage|p2a: Sneasler|0 fnt
|faint|p2a: Sneasler
|move|p2b: Kingambit|Sucker Punch|p1a: Raichu
|-damage|p1a: Raichu|24/100
|move|p1a: Raichu|Focus Blast|p2b: Kingambit
|-supereffective|p2b: Kingambit|2
|-damage|p2b: Kingambit|0 fnt
|faint|p2b: Kingambit
|
|win|rowletspin
|raw|rowletspin's rating: 1310 → 1333(+23 for winning)
|raw|lux raymundi's rating: 1366 → 1343(-23 for losing)
