|j|☆ToastedArt
|j|☆Muffinking25
|html|ToastedArtMuffinking25    
|uhtml|bestof|Game 1 of a best-of-3
|t:|1785610912
|gametype|doubles
|player|p1|ToastedArt|iris|1012
|player|p2|Muffinking25|1|1080
|gen|9
|tier|[Gen 9 Champions] VGC 2026 Reg M-B (Bo3)
|rated|
|rule|Species Clause: Limit one of each Pokémon
|rule|Item Clause: Limit 1 of each item
|clearpoke
|poke|p1|Sneasler, L50, F|
|poke|p1|Incineroar, L50, F|
|poke|p1|Sinistcha, L50|
|poke|p1|Floette-Eternal, L50, F|
|poke|p1|Blastoise, L50, M|
|poke|p1|Kingambit, L50, M|
|poke|p2|Decidueye-Hisui, L50, M|
|poke|p2|Camerupt, L50, M|
|poke|p2|Farigiraf, L50, F|
|poke|p2|Mawile, L50, F|
|poke|p2|Vanilluxe, L50, M|
|poke|p2|Incineroar, L50, M|
|teampreview|4
|showteam|p1|Sneasler||FocusSash|PoisonTouch|CloseCombat,PoisonJab,FakeOut,QuickGuard|Jolly||F|||50|]Incineroar||SitrusBerry|Intimidate|FlareBlitz,DarkestLariat,PartingShot,FakeOut|Impish||F|||50|]Sinistcha||KasibBerry|Hospitality|MatchaGotcha,RagePowder,TrickRoom,Protect|Relaxed|||||50|]Floette-Eternal||Floettite|FlowerVeil|DazzlingGleam,DrainingKiss,CalmMind,Protect|Modest||F|||50|]Blastoise||Blastoisinite|Torrent|WaterSpout,DarkPulse,ShellSmash,Protect|Modest||M|||50|]Kingambit||BlackGlasses|Defiant|KowtowCleave,SuckerPunch,SwordsDance,Protect|Adamant||M|||50|
|showteam|p2|Decidueye-Hisui||ScopeLens|Scrappy|Protect,LeafBlade,Uturn,TripleArrows|Adamant||M|||50|]Camerupt||Cameruptite|SolidRock|Protect,EarthPower,HeatWave,AncientPower|Quiet||M|||50|]Farigiraf||SitrusBerry|ArmorTail|PsychicFangs,HyperVoice,HelpingHand,TrickRoom|Relaxed||F|||50|]Mawile||Mawilite|HyperCutter|Protect,IronHead,PlayRough,SuckerPunch|Brave||F|||50|]Vanilluxe||NeverMeltIce|SnowWarning|Protect,Blizzard,FreezeDry,IceShard|Quiet||M|||50|]Incineroar||WhiteHerb|Intimidate|FlareBlitz,CloseCombat,DarkestLariat,FakeOut|Brave||M|||50|
|inactive|Battle timer is ON: inactive players will automatically lose when time's up. (requested by ToastedArt)
|inactive|Muffinking25 has 60 seconds left.
|
|t:|1785610967
|teamsize|p1|4
|teamsize|p2|4
|start
|switch|p1a: Sneasler|Sneasler, L50, F|100/100
|switch|p1b: Blastoise|Blastoise, L50, M|100/100
|switch|p2a: Farigiraf|Farigiraf, L50, F|100/100
|switch|p2b: Incineroar|Incineroar, L50, M|100/100
|-ability|p2b: Incineroar|Intimidate|boost
|-unboost|p1a: Sneasler|atk|1
|-unboost|p1b: Blastoise|atk|1
|turn|1
|
|t:|1785610989
|switch|p1a: Incineroar|Incineroar, L50, F|100/100
|-ability|p1a: Incineroar|Intimidate|boost
|-unboost|p2a: Farigiraf|atk|1
|-unboost|p2b: Incineroar|atk|1
|-enditem|p2b: Incineroar|White Herb
|-clearnegativeboost|p2b: Incineroar|[silent]
|detailschange|p1b: Blastoise|Blastoise-Mega, L50, M
|-mega|p1b: Blastoise|Blastoise|Blastoisinite
|move|p2b: Incineroar|Fake Out|p1a: Incineroar
|-damage|p1a: Incineroar|91/100
|move|p1b: Blastoise|Shell Smash|p1b: Blastoise
|-unboost|p1b: Blastoise|def|1
|-unboost|p1b: Blastoise|spd|1
|-boost|p1b: Blastoise|atk|2
|-boost|p1b: Blastoise|spa|2
|-boost|p1b: Blastoise|spe|2
|move|p2a: Farigiraf|Trick Room|p2a: Farigiraf
|-fieldstart|move: Trick Room|[of] p2a: Farigiraf
|
|upkeep
|turn|2
|inactive|ToastedArt has 30 seconds left.
|inactive|Muffinking25 has 30 seconds left.
|
|t:|1785611020
|move|p2b: Incineroar|Close Combat|p1a: Incineroar
|-supereffective|p1a: Incineroar|1
|-damage|p1a: Incineroar|42/100
|-unboost|p2b: Incineroar|def|1
|-unboost|p2b: Incineroar|spd|1
|-enditem|p1a: Incineroar|Sitrus Berry|[eat]
|-heal|p1a: Incineroar|66/100|[from] item: Sitrus Berry
|move|p2a: Farigiraf|Hyper Voice|p1b: Blastoise|[spread] p1a,p1b
|-damage|p1a: Incineroar|43/100
|-damage|p1b: Blastoise|59/100
|move|p1a: Incineroar|Darkest Lariat|p2a: Farigiraf
|-supereffective|p2a: Farigiraf|1
|-damage|p2a: Farigiraf|25/100
|-enditem|p2a: Farigiraf|Sitrus Berry|[eat]
|-heal|p2a: Farigiraf|49/100|[from] item: Sitrus Berry
|move|p1b: Blastoise|Water Spout|p2b: Incineroar|[spread] p2a,p2b
|-supereffective|p2b: Incineroar|1
|-damage|p2a: Farigiraf|0 fnt
|-damage|p2b: Incineroar|0 fnt
|faint|p2a: Farigiraf
|faint|p2b: Incineroar
|
|upkeep
|
|t:|1785611038
|switch|p2b: Vanilluxe|Vanilluxe, L50, M|100/100
|switch|p2a: Camerupt|Camerupt, L50, M|100/100
|-weather|Snowscape|[from] ability: Snow Warning|[of] p2b: Vanilluxe
|turn|3
|inactive|Muffinking25 has 30 seconds left.
|
|t:|1785611069
|detailschange|p2a: Camerupt|Camerupt-Mega, L50, M
|-mega|p2a: Camerupt|Camerupt|Cameruptite
|move|p1b: Blastoise|Protect|p1b: Blastoise
|-singleturn|p1b: Blastoise|Protect
|move|p2a: Camerupt|Earth Power|p1b: Blastoise
|-activate|p1b: Blastoise|move: Protect
|move|p1a: Incineroar|Parting Shot|p2a: Camerupt
|-unboost|p2a: Camerupt|atk|1
|-unboost|p2a: Camerupt|spa|1
|
|t:|1785611078
|switch|p1a: Sinistcha|Sinistcha, L50|100/100|[from] Parting Shot
|-heal|p1b: Blastoise|83/100|[from] ability: Hospitality|[of] p1a: Sinistcha
|move|p2b: Vanilluxe|Blizzard|p1a: Sinistcha|[spread] p1a
|-activate|p1b: Blastoise|move: Protect
|-supereffective|p1a: Sinistcha|1
|-damage|p1a: Sinistcha|22/100
|
|-weather|Snowscape|[upkeep]
|upkeep
|turn|4
|
|t:|1785611093
|move|p1a: Sinistcha|Rage Powder|p1a: Sinistcha
|-singleturn|p1a: Sinistcha|move: Rage Powder
|move|p2a: Camerupt|Earth Power|p1a: Sinistcha
|-resisted|p1a: Sinistcha|1
|-damage|p1a: Sinistcha|5/100
|move|p2b: Vanilluxe|Blizzard|p1b: Blastoise|[spread] p1a,p1b
|-supereffective|p1a: Sinistcha|1
|-resisted|p1b: Blastoise|1
|-damage|p1a: Sinistcha|0 fnt
|-damage|p1b: Blastoise|52/100
|faint|p1a: Sinistcha
|move|p1b: Blastoise|Water Spout|p2b: Vanilluxe|[spread] p2a,p2b
|-supereffective|p2a: Camerupt|2
|-damage|p2a: Camerupt|0 fnt
|-damage|p2b: Vanilluxe|11/100
|faint|p2a: Camerupt
|
|-weather|Snowscape|[upkeep]
|upkeep
|
|t:|1785611101
|switch|p1a: Incineroar|Incineroar, L50, F|43/100
|-ability|p1a: Incineroar|Intimidate|boost
|-unboost|p2b: Vanilluxe|atk|1
|turn|5
|
|t:|1785611106
|move|p1a: Incineroar|Fake Out|p2b: Vanilluxe
|-damage|p2b: Vanilluxe|1/100
|cant|p2b: Vanilluxe|flinch
|move|p1b: Blastoise|Dark Pulse|p2b: Vanilluxe
|-damage|p2b: Vanilluxe|0 fnt
|faint|p2b: Vanilluxe
|
|win|ToastedArt
