|j|☆afkahaoai
|j|☆gene takavic
|html|afkahaoaigene takavic    
|uhtml|bestof|Game 1 of a best-of-3
|t:|1756579284
|gametype|doubles
|player|p1|afkahaoai|rosa|1112
|player|p2|gene takavic|pryce|1156
|gen|9
|tier|[Gen 9] VGC 2025 Reg H (Bo3)
|rated|
|rule|Species Clause: Limit one of each Pokémon
|rule|Item Clause: Limit 1 of each item
|clearpoke
|poke|p1|Annihilape, L50, M|
|poke|p1|Ninetales-Alola, L50, F|
|poke|p1|Talonflame, L50, M|
|poke|p1|Garchomp, L50, M|
|poke|p1|Vivillon-Ocean, L50, F|
|poke|p1|Gholdengo, L50|
|poke|p2|Charizard, L50, F|
|poke|p2|Torkoal, L50, F|
|poke|p2|Porygon2, L50|
|poke|p2|Incineroar, L50, M|
|poke|p2|Jumpluff, L50, M|
|poke|p2|Ursaluna, L50, M|
|teampreview|4
|showteam|p1|Annihilape||SafetyGoggles|Defiant|RageFist,DrainPunch,BulkUp,Protect|||M|||50|,,,,,Water]Ninetales-Alola||CovertCloak|SnowWarning|Blizzard,FreezeDry,AuroraVeil,Protect|||F|||50|,,,,,Ice]Talonflame||SharpBeak|GaleWings|DualWingbeat,Tailwind,WillOWisp,Taunt|||M|||50|,,,,,Ghost]Garchomp||LifeOrb|RoughSkin|Earthquake,StompingTantrum,DragonClaw,Protect|||M|||50|,,,,,Steel]Vivillon-Ocean||FocusSash|CompoundEyes|SleepPowder,Hurricane,RagePowder,Protect|||F|||50|,,,,,Ghost]Gholdengo||IronPlate|GoodasGold|MakeItRain,ShadowBall,NastyPlot,Protect||||||50|,,,,,Steel
|showteam|p2|Charizard||ChoiceSpecs|SolarPower|HeatWave,Overheat,WeatherBall,AirSlash|||F|||50|,,,,,Ghost]Torkoal||EjectPack|Drought|Eruption,Overheat,HelpingHand,Protect|||F|||50|,,,,,Fire]Porygon2||Eviolite|Download|TeraBlast,IceBeam,Recover,TrickRoom||||||50|,,,,,Fighting]Incineroar||SitrusBerry|Intimidate|FlareBlitz,KnockOff,FakeOut,PartingShot|||M|||50|,,,,,Ghost]Jumpluff||CovertCloak|Chlorophyll|SleepPowder,SunnyDay,RagePowder,Tailwind|||M|||50|,,,,,Water]Ursaluna||FlameOrb|Guts|HeadlongRush,Facade,Earthquake,Protect|||M|||50|,,,,,Ghost
|inactive|Battle timer is ON: inactive players will automatically lose when time's up. (requested by gene takavic)
|inactive|afkahaoai also wants the timer to be on.
|inactive|afkahaoai has 60 seconds left.
|inactive|gene takavic has 60 seconds left.
|
|t:|1756579334
|teamsize|p1|4
|teamsize|p2|4
|start
|switch|p1a: Talonflame|Talonflame, L50, M|100/100
|switch|p1b: Vivillon|Vivillon-Ocean, L50, F|100/100
|switch|p2a: Charizard|Charizard, L50, F|100/100
|switch|p2b: Porygon2|Porygon2, L50|100/100
|-ability|p2b: Porygon2|Download|boost
|-boost|p2b: Porygon2|spa|1
|turn|1
|inactive|afkahaoai has 30 seconds left.
|inactive|afkahaoai has 20 seconds left.
|inactive|afkahaoai has 15 seconds left.
|inactive|afkahaoai has 10 seconds left.
|inactive|afkahaoai has 5 seconds left.
|
|t:|1756579385
|switch|p2b: Torkoal|Torkoal, L50, F|100/100
|-weather|SunnyDay|[from] ability: Drought|[of] p2b: Torkoal
|move|p1a: Talonflame|Taunt|p2b: Torkoal
|-start|p2b: Torkoal|move: Taunt
|move|p2a: Charizard|Heat Wave|p1b: Vivillon|[spread] p1a,p1b
|-resisted|p1a: Talonflame
|-supereffective|p1b: Vivillon
|-damage|p1a: Talonflame|13/100
|-enditem|p1b: Vivillon|Focus Sash
|-damage|p1b: Vivillon|1/100
|move|p1b: Vivillon|Sleep Powder|p2a: Charizard
|-status|p2a: Charizard|slp|[from] move: Sleep Powder
|
|-weather|SunnyDay|[upkeep]
|-damage|p2a: Charizard|88/100 slp|[from] ability: Solar Power|[of] p2a: Charizard
|upkeep
|turn|2
|inactive|afkahaoai has 30 seconds left.
|inactive|afkahaoai has 20 seconds left.
|
|t:|1756579420
|switch|p1a: Ninetales|Ninetales-Alola, L50, F, shiny|100/100
|-weather|Snowscape|[from] ability: Snow Warning|[of] p1a: Ninetales
|switch|p2a: Porygon2|Porygon2, L50|100/100
|-ability|p2a: Porygon2|Download|boost
|-boost|p2a: Porygon2|atk|1
|move|p1b: Vivillon|Sleep Powder|p2b: Torkoal
|-status|p2b: Torkoal|slp|[from] move: Sleep Powder
|cant|p2b: Torkoal|slp
|
|-weather|Snowscape|[upkeep]
|upkeep
|turn|3
|
|t:|1756579434
|move|p1a: Ninetales|Aurora Veil|p1a: Ninetales
|-sidestart|p1: afkahaoai|move: Aurora Veil
|move|p1b: Vivillon|Sleep Powder|p2a: Porygon2
|-status|p2a: Porygon2|slp|[from] move: Sleep Powder
|cant|p2b: Torkoal|slp
|cant|p2a: Porygon2|slp
|
|-weather|Snowscape|[upkeep]
|-end|p2b: Torkoal|move: Taunt
|upkeep
|turn|4
|
|t:|1756579448
|move|p1a: Ninetales|Blizzard|p2a: Porygon2|[spread] p2a,p2b
|-resisted|p2b: Torkoal
|-damage|p2a: Porygon2|82/100 slp
|-damage|p2b: Torkoal|77/100 slp
|move|p1b: Vivillon|Hurricane|p2b: Torkoal
|-damage|p2b: Torkoal|15/100 slp
|cant|p2b: Torkoal|slp
|-curestatus|p2a: Porygon2|slp|[msg]
|move|p2a: Porygon2|Trick Room|p2a: Porygon2
|-fieldstart|move: Trick Room|[of] p2a: Porygon2
|
|-weather|Snowscape|[upkeep]
|upkeep
|turn|5
|inactive|afkahaoai has 30 seconds left.
|
|t:|1756579475
|-terastallize|p1b: Vivillon|Ghost
|-curestatus|p2b: Torkoal|slp|[msg]
|move|p2b: Torkoal|Overheat|p1a: Ninetales|[miss]
|-miss|p2b: Torkoal|p1a: Ninetales
|move|p2a: Porygon2|Tera Blast|p1b: Vivillon
|-immune|p1b: Vivillon
|move|p1b: Vivillon|Hurricane|p2b: Torkoal
|-damage|p2b: Torkoal|0 fnt
|faint|p2b: Torkoal
|move|p1a: Ninetales|Blizzard|p2a: Porygon2
|-crit|p2a: Porygon2
|-damage|p2a: Porygon2|38/100
|
|-weather|Snowscape|[upkeep]
|upkeep
|
|t:|1756579485
|switch|p2b: Ursaluna|Ursaluna, L50, M|100/100
|turn|6
|
|t:|1756579497
|move|p2b: Ursaluna|Protect|p2b: Ursaluna
|-singleturn|p2b: Ursaluna|Protect
|move|p1b: Vivillon|Protect|p1b: Vivillon
|-singleturn|p1b: Vivillon|Protect
|move|p2a: Porygon2|Recover|p2a: Porygon2
|-heal|p2a: Porygon2|88/100
|move|p1a: Ninetales|Blizzard|p2a: Porygon2|[spread] p2a
|-activate|p2b: Ursaluna|move: Protect
|-damage|p2a: Porygon2|67/100
|
|-weather|none
|-status|p2b: Ursaluna|brn|[from] item: Flame Orb
|upkeep
|turn|7
|inactive|afkahaoai has 30 seconds left.
|inactive|gene takavic has 30 seconds left.
|
|t:|1756579536
|switch|p1b: Talonflame|Talonflame, L50, M|13/100
|switch|p1a: Annihilape|Annihilape, L50, M, shiny|100/100
|-terastallize|p2b: Ursaluna|Ghost
|move|p2a: Porygon2|Ice Beam|p1b: Talonflame
|-damage|p1b: Talonflame|0 fnt
|faint|p1b: Talonflame
|move|p2b: Ursaluna|Facade|p1a: Annihilape
|-immune|p1a: Annihilape
|
|-damage|p2b: Ursaluna|95/100 brn|[from] brn
|-sideend|p1: afkahaoai|move: Aurora Veil
|upkeep
|
|t:|1756579550
|switch|p1b: Vivillon|Vivillon-Ocean, L50, F, tera:Ghost|1/100
|turn|8
|
|t:|1756579561
|switch|p2a: Charizard|Charizard, L50, F|88/100 slp
|move|p1a: Annihilape|Protect|p1a: Annihilape
|-singleturn|p1a: Annihilape|Protect
|move|p1b: Vivillon|Protect|p1b: Vivillon
|-singleturn|p1b: Vivillon|Protect
|move|p2b: Ursaluna|Headlong Rush|p1a: Annihilape
|-activate|p1a: Annihilape|move: Protect
|
|-damage|p2b: Ursaluna|89/100 brn|[from] brn
|-fieldend|move: Trick Room
|upkeep
|turn|9
|
|t:|1756579584
|move|p2b: Ursaluna|Protect|p2b: Ursaluna
|-singleturn|p2b: Ursaluna|Protect
|cant|p2a: Charizard|slp
|move|p1b: Vivillon|Hurricane|p2a: Charizard
|-damage|p2a: Charizard|31/100 slp
|move|p1a: Annihilape|Rage Fist|p2b: Ursaluna
|-activate|p2b: Ursaluna|move: Protect
|
|-damage|p2b: Ursaluna|83/100 brn|[from] brn
|upkeep
|turn|10
|
|t:|1756579597
|-curestatus|p2a: Charizard|slp|[msg]
|move|p2a: Charizard|Heat Wave|p1a: Annihilape|[spread] p1a,p1b
|-damage|p1a: Annihilape|59/100
|-damage|p1b: Vivillon|0 fnt
|-status|p1a: Annihilape|brn
|faint|p1b: Vivillon
|move|p1a: Annihilape|Rage Fist|p2b: Ursaluna
|-supereffective|p2b: Ursaluna
|-damage|p2b: Ursaluna|45/100 brn
|move|p2b: Ursaluna|Earthquake|p1a: Annihilape|[spread] p1a
|-immune|p2a: Charizard
|-damage|p1a: Annihilape|0 fnt
|faint|p1a: Annihilape
|
|-damage|p2b: Ursaluna|40/100 brn|[from] brn
|upkeep
|
|t:|1756579601
|switch|p1b: Ninetales|Ninetales-Alola, L50, F, shiny|100/100
|-weather|Snowscape|[from] ability: Snow Warning|[of] p1b: Ninetales
|turn|11
|
|t:|1756579606
|move|p1b: Ninetales|Blizzard|p2a: Charizard|[spread] p2a,p2b
|-damage|p2a: Charizard|0 fnt
|-damage|p2b: Ursaluna|9/100 brn
|faint|p2a: Charizard
|move|p2b: Ursaluna|Facade|p1b: Ninetales
|-damage|p1b: Ninetales|0 fnt
|faint|p1b: Ninetales
|
|win|gene takavic
