|j|‽leonidos1
|j|☆kurapika404
|html|leonidos1kurapika404    
|uhtml|bestof|Game 1 of a best-of-3
|t:|1783194631
|gametype|doubles
|player|p1|leonidos1|2|1142
|player|p2|kurapika404|alder|1234
|gen|9
|tier|[Gen 9 Champions] VGC 2026 Reg M-B (Bo3)
|rated|
|rule|Species Clause: Limit one of each Pokémon
|rule|Item Clause: Limit 1 of each item
|clearpoke
|poke|p1|Charizard, L50, F|
|poke|p1|Incineroar, L50, M|
|poke|p1|Garchomp, L50, M|
|poke|p1|Farigiraf, L50, M|
|poke|p1|Sylveon, L50, M|
|poke|p1|Venusaur, L50, F|
|poke|p2|Gholdengo, L50|
|poke|p2|Charizard, L50, F|
|poke|p2|Whimsicott, L50, M|
|poke|p2|Garchomp, L50, M|
|poke|p2|Basculegion, L50, M|
|poke|p2|Sneasler, L50, M|
|teampreview|4
|showteam|p1|Charizard||CharizarditeY|Blaze|WeatherBall,HeatWave,SolarBeam,Protect|Modest||F|||50|]Incineroar||SitrusBerry|Intimidate|FakeOut,FlareBlitz,DarkestLariat,PartingShot|Adamant||M|||50|]Garchomp||LifeOrb|RoughSkin|DragonClaw,RockSlide,Earthquake,Protect|Jolly||M|||50|]Farigiraf||ColburBerry|ArmorTail|TwinBeam,Thunderbolt,HelpingHand,TrickRoom|Sassy||M|||50|]Sylveon||FairyFeather|Pixilate|HyperVoice,HyperBeam,QuickAttack,Protect|Quiet||M|||50|]Venusaur||FocusSash|Chlorophyll|SleepPowder,EnergyBall,SludgeBomb,Protect|Modest||F|||50|
|showteam|p2|Gholdengo||MetalCoat|GoodasGold|MakeItRain,ShadowBall,NastyPlot,Protect|Modest|||||50|]Charizard||CharizarditeY|Blaze|HeatWave,WeatherBall,SolarBeam,Protect|Modest||F|||50|]Whimsicott||FocusSash|Prankster|Moonblast,Tailwind,Encore,Protect|Timid||M|||50|]Garchomp||LifeOrb|RoughSkin|Earthquake,RockSlide,DragonClaw,Protect|Jolly||M|||50|]Basculegion||MysticWater|Adaptability|WaveCrash,LastRespects,AquaJet,Protect|Adamant||M|||50|]Sneasler||WhiteHerb|Unburden|FakeOut,DireClaw,CloseCombat,Protect|Adamant||M|||50|
|inactive|Battle timer is ON: inactive players will automatically lose when time's up. (requested by kurapika404)
|
|t:|1783194664
|teamsize|p1|4
|teamsize|p2|4
|start
|switch|p1a: Incineroar|Incineroar, L50, M|100/100
|switch|p1b: Farigiraf|Farigiraf, L50, M|100/100
|switch|p2a: Charizard|Charizard, L50, F|100/100
|switch|p2b: Garchomp|Garchomp, L50, M|100/100
|-ability|p1a: Incineroar|Intimidate|boost
|-unboost|p2a: Charizard|atk|1
|-unboost|p2b: Garchomp|atk|1
|turn|1
|inactive|leonidos1 has 30 seconds left.
|inactive|leonidos1 has 20 seconds left.
|
|t:|1783194702
|detailschange|p2a: Charizard|Charizard-Mega-Y, L50, F
|-mega|p2a: Charizard|Charizard|Charizardite Y
|-weather|SunnyDay|[from] ability: Drought|[of] p2a: Charizard
|move|p1a: Incineroar|Fake Out|p2a: Charizard
|-damage|p2a: Charizard|87/100
|move|p2b: Garchomp|Earthquake|p1b: Farigiraf|[spread] p1a,p1b
|-immune|p2a: Charizard
|-supereffective|p1a: Incineroar|1
|-damage|p1a: Incineroar|41/100
|-damage|p1b: Farigiraf|68/100
|-enditem|p1a: Incineroar|Sitrus Berry|[eat]
|-heal|p1a: Incineroar|66/100|[from] item: Sitrus Berry
|-damage|p2b: Garchomp|90/100|[from] item: Life Orb
|cant|p2a: Charizard|flinch
|move|p1b: Farigiraf|Trick Room|p1b: Farigiraf
|-fieldstart|move: Trick Room|[of] p1b: Farigiraf
|
|-weather|SunnyDay|[upkeep]
|upkeep
|turn|2
|inactive|leonidos1 has 30 seconds left.
|
|t:|1783194729
|move|p1b: Farigiraf|Thunderbolt|p2a: Charizard
|-supereffective|p2a: Charizard|1
|-damage|p2a: Charizard|47/100
|-status|p2a: Charizard|par
|move|p2a: Charizard|Heat Wave|p1a: Incineroar|[spread] p1a,p1b
|-resisted|p1a: Incineroar|1
|-crit|p1a: Incineroar
|-damage|p1a: Incineroar|26/100
|-damage|p1b: Farigiraf|18/100
|move|p1a: Incineroar|Parting Shot|p2b: Garchomp
|-unboost|p2b: Garchomp|atk|1
|-unboost|p2b: Garchomp|spa|1
|
|t:|1783194741
|switch|p1a: Sylveon|Sylveon, L50, M|100/100|[from] Parting Shot
|move|p2b: Garchomp|Rock Slide|p1b: Farigiraf|[spread] p1a,p1b
|-damage|p1a: Sylveon|86/100
|-damage|p1b: Farigiraf|7/100
|-damage|p2b: Garchomp|80/100|[from] item: Life Orb
|
|-weather|SunnyDay|[upkeep]
|upkeep
|turn|3
|
|t:|1783194752
|switch|p2b: Gholdengo|Gholdengo, L50|100/100
|move|p1b: Farigiraf|Helping Hand|p1a: Sylveon
|-singleturn|p1a: Sylveon|Helping Hand|[of] p1b: Farigiraf
|move|p1a: Sylveon|Hyper Voice|p2b: Gholdengo|[spread] p2a,p2b
|-resisted|p2a: Charizard|1
|-resisted|p2b: Gholdengo|1
|-damage|p2a: Charizard|15/100 par
|-damage|p2b: Gholdengo|65/100
|move|p2a: Charizard|Heat Wave|p1b: Farigiraf|[spread] p1a,p1b
|-damage|p1a: Sylveon|42/100
|-damage|p1b: Farigiraf|0 fnt
|faint|p1b: Farigiraf
|
|-weather|SunnyDay|[upkeep]
|upkeep
|
|t:|1783194765
|switch|p1b: Incineroar|Incineroar, L50, M|26/100
|-ability|p1b: Incineroar|Intimidate|boost
|-unboost|p2a: Charizard|atk|1
|-unboost|p2b: Gholdengo|atk|1
|turn|4
|
|t:|1783194781
|move|p2b: Gholdengo|Protect|p2b: Gholdengo
|-singleturn|p2b: Gholdengo|Protect
|move|p1a: Sylveon|Hyper Voice|p2a: Charizard|[spread] p2a
|-activate|p2b: Gholdengo|move: Protect
|-resisted|p2a: Charizard|1
|-damage|p2a: Charizard|0 fnt
|faint|p2a: Charizard
|move|p1b: Incineroar|Flare Blitz|p2b: Gholdengo
|-activate|p2b: Gholdengo|move: Protect
|
|-weather|SunnyDay|[upkeep]
|upkeep
|
|t:|1783194786
|switch|p2a: Sneasler|Sneasler, L50, M|100/100
|turn|5
|
|t:|1783194806
|switch|p1b: Garchomp|Garchomp, L50, M|100/100
|move|p1a: Sylveon|Protect|p1a: Sylveon
|-singleturn|p1a: Sylveon|Protect
|move|p2a: Sneasler|Fake Out|p1b: Garchomp
|-damage|p1b: Garchomp|84/100
|-damage|p2a: Sneasler|87/100|[from] ability: Rough Skin|[of] p1b: Garchomp
|move|p2b: Gholdengo|Make It Rain|p1b: Garchomp|[spread] p1b
|-activate|p1a: Sylveon|move: Protect
|-damage|p1b: Garchomp|18/100
|-unboost|p2b: Gholdengo|spa|2
|
|-weather|none
|-fieldend|move: Trick Room
|upkeep
|turn|6
|
|t:|1783194827
|switch|p1a: Incineroar|Incineroar, L50, M|26/100
|-ability|p1a: Incineroar|Intimidate|boost
|-unboost|p2a: Sneasler|atk|1
|-unboost|p2b: Gholdengo|atk|1
|-enditem|p2a: Sneasler|White Herb
|-clearnegativeboost|p2a: Sneasler|[silent]
|move|p1b: Garchomp|Protect|p1b: Garchomp
|-singleturn|p1b: Garchomp|Protect
|move|p2a: Sneasler|Close Combat|p1b: Garchomp
|-activate|p1b: Garchomp|move: Protect
|move|p2b: Gholdengo|Make It Rain|p1b: Garchomp|[spread] p1a
|-activate|p1b: Garchomp|move: Protect
|-resisted|p1a: Incineroar|1
|-damage|p1a: Incineroar|14/100
|-unboost|p2b: Gholdengo|spa|2
|
|upkeep
|turn|7
|inactive|leonidos1 has 30 seconds left.
|
|t:|1783194852
|switch|p2b: Garchomp|Garchomp, L50, M|80/100
|move|p2a: Sneasler|Protect|p2a: Sneasler
|-singleturn|p2a: Sneasler|Protect
|move|p1a: Incineroar|Fake Out|p2a: Sneasler
|-activate|p2a: Sneasler|move: Protect
|move|p1b: Garchomp|Earthquake|p2a: Sneasler|[spread] p1a,p2b
|-activate|p2a: Sneasler|move: Protect
|-supereffective|p1a: Incineroar|1
|-damage|p1a: Incineroar|0 fnt
|-damage|p2b: Garchomp|35/100
|faint|p1a: Incineroar
|-damage|p1b: Garchomp|8/100|[from] item: Life Orb
|
|upkeep
|
|t:|1783194865
|switch|p1a: Sylveon|Sylveon, L50, M|42/100
|turn|8
|
|t:|1783194877
|move|p2a: Sneasler|Dire Claw|p1a: Sylveon
|-supereffective|p1a: Sylveon|1
|-damage|p1a: Sylveon|0 fnt
|faint|p1a: Sylveon
|move|p1b: Garchomp|Dragon Claw|p2a: Sneasler
|-damage|p2a: Sneasler|0 fnt
|faint|p2a: Sneasler
|-damage|p1b: Garchomp|0 fnt|[from] item: Life Orb
|faint|p1b: Garchomp
|
|win|kurapika404
|inactive|leonidos1 has 30 seconds to confirm battle start!
|inactive|kurapika404 has 30 seconds to confirm battle start!
|l|☆kurapika404
|player|p2|
||kurapika404 is ready for game 2.
|inactive|leonidos1 has 20 seconds to confirm battle start!
||leonidos1 is ready for game 2.
|uhtml|next|Next: Game 2 of 3
|j|☆kurapika404
|player|p2|kurapika404|alder|
|l|☆kurapika404
|player|p2|
