|j|☆Nova2309
|j|☆Pointee
|html|Nova2309Pointee    
|uhtml|bestof|Game 1 of a best-of-3
|t:|1785267846
|gametype|doubles
|player|p1|Nova2309|266|1468
|player|p2|Pointee|wallace-masters|1358
|gen|9
|tier|[Gen 9 Champions] VGC 2026 Reg M-B (Bo3)
|rated|
|rule|Species Clause: Limit one of each Pokémon
|rule|Item Clause: Limit 1 of each item
|clearpoke
|poke|p1|Charizard, L50, M|
|poke|p1|Garchomp, L50, F|
|poke|p1|Kingambit, L50, M|
|poke|p1|Toxapex, L50, F|
|poke|p1|Whimsicott, L50, M|
|poke|p1|Basculegion, L50, M|
|poke|p2|Blaziken, L50, M|
|poke|p2|Ninetales-Alola, L50, M|
|poke|p2|Basculegion, L50, M|
|poke|p2|Kingambit, L50, M|
|poke|p2|Dragonite, L50, F|
|poke|p2|Sinistcha, L50|
|teampreview|4
|showteam|p1|Charizard||CharizarditeY|Blaze|HeatWave,WeatherBall,SolarBeam,Protect|Modest||M|||50|]Garchomp||SitrusBerry|RoughSkin|DragonClaw,Earthquake,Protect,RockSlide|Adamant||F|||50|]Kingambit||ChopleBerry|Defiant|KowtowCleave,LowKick,SuckerPunch,Protect|Adamant||M|||50|]Toxapex||Leftovers|Regenerator|BanefulBunker,Toxic,Infestation,WideGuard|Bold||F|||50|]Whimsicott||FocusSash|Prankster|Moonblast,Encore,Tailwind,Protect|Timid||M|||50|]Basculegion||LifeOrb|Adaptability|WaveCrash,LastRespects,AquaJet,Protect|Adamant||M|||50|
|showteam|p2|Blaziken||Blazikenite|SpeedBoost|FlareBlitz,RockTomb,Detect,CloseCombat|Adamant||M|||50|]Ninetales-Alola||NeverMeltIce|SnowWarning|Blizzard,AuroraVeil,FreezeDry,Protect|Timid||M|||50|]Basculegion||ChoiceScarf|Adaptability|FlipTurn,WaveCrash,LastRespects,AquaJet|Jolly||M|||50|]Kingambit||BlackGlasses|Defiant|IronHead,SuckerPunch,KowtowCleave,Protect|Adamant||M|||50|]Dragonite||Dragoninite|InnerFocus|ExtremeSpeed,DracoMeteor,Protect,Flamethrower|Modest||F|||50|]Sinistcha||KasibBerry|Hospitality|LifeDew,MatchaGotcha,RagePowder,Protect|Bold|||||50|
|
|t:|1785267924
|teamsize|p1|4
|teamsize|p2|4
|start
|switch|p1a: Whimsicott|Whimsicott, L50, M|100/100
|switch|p1b: Garchomp|Garchomp, L50, F|100/100
|switch|p2a: Blaziken|Blaziken, L50, M|100/100
|switch|p2b: December|Ninetales-Alola, L50, M|100/100
|-weather|Snowscape|[from] ability: Snow Warning|[of] p2b: December
|turn|1
|inactive|Battle timer is ON: inactive players will automatically lose when time's up. (requested by Nova2309)
|
|t:|1785268005
|detailschange|p2a: Blaziken|Blaziken-Mega, L50, M
|-mega|p2a: Blaziken|Blaziken|Blazikenite
|move|p1a: Whimsicott|Tailwind|p1a: Whimsicott
|-sidestart|p1: Nova2309|move: Tailwind
|move|p1b: Garchomp|Rock Slide|p2b: December|[spread] p2a,p2b
|-supereffective|p2b: December|1
|-damage|p2a: Blaziken|72/100
|-damage|p2b: December|58/100
|move|p2b: December|Blizzard|p1b: Garchomp|[spread] p1a,p1b
|-supereffective|p1a: Whimsicott|1
|-supereffective|p1b: Garchomp|2
|-enditem|p1a: Whimsicott|Focus Sash
|-damage|p1a: Whimsicott|1/100
|-damage|p1b: Garchomp|0 fnt
|faint|p1b: Garchomp
|cant|p2a: Blaziken|flinch
|
|-weather|Snowscape|[upkeep]
|-ability|p2a: Blaziken|Speed Boost|boost
|-boost|p2a: Blaziken|spe|1
|upkeep
|
|t:|1785268016
|switch|p1b: Charizard|Charizard, L50, M|100/100
|turn|2
|inactive|Pointee has 30 seconds left.
|inactive|Pointee has 20 seconds left.
|inactive|Pointee has 15 seconds left.
|inactive|Pointee has 10 seconds left.
|
|t:|1785268062
|switch|p2b: Basculegion|Basculegion, L50, M|100/100
|detailschange|p1b: Charizard|Charizard-Mega-Y, L50, M
|-mega|p1b: Charizard|Charizard|Charizardite Y
|-weather|SunnyDay|[from] ability: Drought|[of] p1b: Charizard
|move|p2a: Blaziken|Detect|p2a: Blaziken
|-singleturn|p2a: Blaziken|Protect
|move|p1a: Whimsicott|Moonblast|p2a: Blaziken
|-activate|p2a: Blaziken|move: Protect
|move|p1b: Charizard|Heat Wave|p2b: Basculegion|[spread] p2b
|-activate|p2a: Blaziken|move: Protect
|-resisted|p2b: Basculegion|1
|-damage|p2b: Basculegion|62/100
|
|-weather|SunnyDay|[upkeep]
|-ability|p2a: Blaziken|Speed Boost|boost
|-boost|p2a: Blaziken|spe|1
|upkeep
|turn|3
|inactive|Pointee has 30 seconds left.
|
|t:|1785268089
|switch|p2a: December|Ninetales-Alola, L50, M|58/100
|-weather|Snowscape|[from] ability: Snow Warning|[of] p2a: December
|move|p1a: Whimsicott|Encore||[still]
|-fail|p1a: Whimsicott
|move|p2b: Basculegion|Aqua Jet|p1a: Whimsicott
|-resisted|p1a: Whimsicott|1
|-damage|p1a: Whimsicott|0 fnt
|faint|p1a: Whimsicott
|move|p1b: Charizard|Solar Beam||[still]
|-prepare|p1b: Charizard|Solar Beam
|
|-weather|Snowscape|[upkeep]
|upkeep
|
|t:|1785268092
|switch|p1a: Kingambit|Kingambit, L50, M|100/100
|turn|4
|inactive|Pointee has 30 seconds left.
|
|t:|1785268124
|move|p2b: Basculegion|Aqua Jet|p1b: Charizard
|-supereffective|p1b: Charizard|1
|-damage|p1b: Charizard|49/100
|move|p1b: Charizard|Solar Beam|p2b: Basculegion|[from] lockedmove
|-supereffective|p2b: Basculegion|1
|-damage|p2b: Basculegion|7/100
|move|p2a: December|Aurora Veil|p2a: December
|-sidestart|p2: Pointee|move: Aurora Veil
|move|p1a: Kingambit|Kowtow Cleave|p2a: December
|-resisted|p2a: December|1
|-damage|p2a: December|43/100
|
|-weather|Snowscape|[upkeep]
|-sideend|p1: Nova2309|move: Tailwind
|upkeep
|turn|5
|-message|Nova2309 forfeited.
|
|win|Pointee
|l|☆Nova2309
|player|p1|
||Pointee is ready for game 2.
||Nova2309 is ready for game 2.
|uhtml|next|Next: Game 2 of 3
|j| soulmoonvgc
