|j|☆elfokaz
|j|☆marcusquinn
|html|elfokazmarcusquinn    
|uhtml|bestof|Game 2 of a best-of-3
|t:|1757645179
|gametype|doubles
|player|p1|elfokaz|266|1127
|player|p2|marcusquinn|hilbert-wonderlauncher|1180
|gen|9
|tier|[Gen 9] VGC 2025 Reg H (Bo3)
|rated|
|rule|Species Clause: Limit one of each Pokémon
|rule|Item Clause: Limit 1 of each item
|clearpoke
|poke|p1|Dragapult, L50, M|
|poke|p1|Kilowattrel, L50, M|
|poke|p1|Toedscruel, L50, M|
|poke|p1|Palafin, L50, M|
|poke|p1|Incineroar, L50, M|
|poke|p1|Weezing, L50, M|
|poke|p2|Archaludon, L50, M|
|poke|p2|Porygon2, L50|
|poke|p2|Incineroar, L50, M|
|poke|p2|Ursaluna, L50, F|
|poke|p2|Sneasler, L50, M|
|poke|p2|Dragonite, L50, F|
|teampreview|4
|showteam|p1|Dragapult||ChoiceBand|ClearBody|DragonDarts,PhantomForce,PsychicFangs,Uturn|||M|||50|,,,,,Dragon]Kilowattrel||CovertCloak|Competitive|VoltSwitch,AirSlash,Thunderbolt,Tailwind|||M|||50|,,,,,Electric]Toedscruel||LifeOrb|MyceliumMight|EnergyBall,EarthPower,Spore,Protect|||M|||50|,,,,,Fire]Palafin||MysticWater|ZerotoHero|JetPunch,WaveCrash,Haze,Protect|||M|||50|,,,,,Water]Incineroar||AbilityShield|Intimidate|FakeOut,KnockOff,FlareBlitz,PartingShot|||M|||50|,,,,,Ghost]Weezing||SitrusBerry|NeutralizingGas|SludgeBomb,Taunt,WillOWisp,Protect|||M|||50|,,,,,Ghost
|showteam|p2|Archaludon||PowerHerb|Sturdy|Protect,ElectroShot,DracoMeteor,FlashCannon|||M|||50|,,,,,Electric]Porygon2||Eviolite|Download|TeraBlast,IceBeam,Recover,TrickRoom||||||50|,,,,,Fighting]Incineroar||SafetyGoggles|Intimidate|FlareBlitz,KnockOff,FakeOut,PartingShot|||M|||50|,,,,,Ghost]Ursaluna||FlameOrb|Guts|HeadlongRush,Facade,Earthquake,Protect|||F|||50|,,,,,Ghost]Sneasler||FocusSash|Unburden|Protect,CloseCombat,DireClaw,ThroatChop|||M|||50|,,,,,Stellar]Dragonite||LoadedDice|Multiscale|ScaleShot,Tailwind,Haze,Protect|||F|||50|,,,,,Fairy
|inactive|Battle timer is ON: inactive players will automatically lose when time's up. (requested by marcusquinn)
|inactive|elfokaz has 60 seconds left.
|
|t:|1757645234
|teamsize|p1|4
|teamsize|p2|4
|start
|switch|p1a: Dragapult|Dragapult, L50, M|100/100
|switch|p1b: Weezing|Weezing, L50, M|100/100
|switch|p2a: Ursaluna|Ursaluna, L50, F|100/100
|switch|p2b: Dragonite|Dragonite, L50, F, shiny|100/100
|-ability|p1b: Weezing|Neutralizing Gas
|turn|1
|inactive|elfokaz has 30 seconds left.
|inactive|marcusquinn has 30 seconds left.
|inactive|marcusquinn has 20 seconds left.
|inactive|marcusquinn has 15 seconds left.
|
|t:|1757645279
|switch|p1a: Incineroar|Incineroar, L50, M|100/100
|-ability|p1a: Incineroar|Intimidate|boost
|-unboost|p2a: Ursaluna|atk|1
|-unboost|p2b: Dragonite|atk|1
|-terastallize|p1b: Weezing|Ghost
|move|p2b: Dragonite|Protect|p2b: Dragonite
|-singleturn|p2b: Dragonite|Protect
|move|p2a: Ursaluna|Protect|p2a: Ursaluna
|-singleturn|p2a: Ursaluna|Protect
|move|p1b: Weezing|Will-O-Wisp|p2b: Dragonite
|-activate|p2b: Dragonite|move: Protect
|
|-status|p2a: Ursaluna|brn|[from] item: Flame Orb
|upkeep
|turn|2
|inactive|elfokaz has 30 seconds left.
|
|t:|1757645311
|switch|p2b: Incineroar|Incineroar, L50, M, shiny|100/100
|move|p1a: Incineroar|Fake Out|p2b: Incineroar
|-damage|p2b: Incineroar|90/100
|move|p1b: Weezing|Sludge Bomb|p2b: Incineroar
|-damage|p2b: Incineroar|61/100
|move|p2a: Ursaluna|Headlong Rush|p1a: Incineroar
|-supereffective|p1a: Incineroar
|-damage|p1a: Incineroar|56/100
|-unboost|p2a: Ursaluna|def|1
|-unboost|p2a: Ursaluna|spd|1
|
|-damage|p2a: Ursaluna|95/100 brn|[from] brn
|upkeep
|turn|3
|inactive|elfokaz has 30 seconds left.
|inactive|marcusquinn has 30 seconds left.
|
|t:|1757645339
|switch|p1a: Toedscruel|Toedscruel, L50, M|100/100
|move|p2b: Incineroar|Fake Out|p1a: Toedscruel
|-damage|p1a: Toedscruel|80/100
|move|p1b: Weezing|Taunt|p2a: Ursaluna
|-start|p2a: Ursaluna|move: Taunt
|move|p2a: Ursaluna|Facade|p1a: Toedscruel
|-damage|p1a: Toedscruel|0 fnt
|faint|p1a: Toedscruel
|
|-damage|p2a: Ursaluna|89/100 brn|[from] brn
|upkeep
|
|t:|1757645350
|switch|p1a: Dragapult|Dragapult, L50, M|100/100
|turn|4
|
|t:|1757645364
|switch|p2a: Sneasler|Sneasler, L50, M|100/100
|move|p1a: Dragapult|Dragon Darts|p2b: Incineroar
|-damage|p2b: Incineroar|27/100
|-anim|p1a: Dragapult|Dragon Darts|p2a: Sneasler
|-damage|p2a: Sneasler|40/100
|move|p2b: Incineroar|Knock Off|p1a: Dragapult
|-supereffective|p1a: Dragapult
|-damage|p1a: Dragapult|0 fnt
|-enditem|p1a: Dragapult|Choice Band|[from] move: Knock Off|[of] p2b: Incineroar
|faint|p1a: Dragapult
|move|p1b: Weezing|Sludge Bomb|p2b: Incineroar
|-damage|p2b: Incineroar|0 fnt
|faint|p2b: Incineroar
|
|upkeep
|
|t:|1757645387
|switch|p1a: Incineroar|Incineroar, L50, M|56/100
|switch|p2b: Ursaluna|Ursaluna, L50, F|89/100 brn
|-ability|p1a: Incineroar|Intimidate|boost
|-unboost|p2a: Sneasler|atk|1
|-unboost|p2b: Ursaluna|atk|1
|turn|5
|
|t:|1757645398
|move|p2a: Sneasler|Protect|p2a: Sneasler
|-singleturn|p2a: Sneasler|Protect
|move|p2b: Ursaluna|Protect|p2b: Ursaluna
|-singleturn|p2b: Ursaluna|Protect
|move|p1a: Incineroar|Fake Out|p2a: Sneasler
|-activate|p2a: Sneasler|move: Protect
|move|p1b: Weezing|Sludge Bomb|p2a: Sneasler
|-activate|p2a: Sneasler|move: Protect
|
|-damage|p2b: Ursaluna|83/100 brn|[from] brn
|upkeep
|turn|6
|
|t:|1757645413
|-terastallize|p2a: Sneasler|Stellar
|move|p2a: Sneasler|Close Combat|p1a: Incineroar
|-supereffective|p1a: Incineroar
|-damage|p1a: Incineroar|0 fnt
|-unboost|p2a: Sneasler|def|1
|-unboost|p2a: Sneasler|spd|1
|faint|p1a: Incineroar
|move|p1b: Weezing|Sludge Bomb|p2a: Sneasler
|-resisted|p2a: Sneasler
|-damage|p2a: Sneasler|11/100
|move|p2b: Ursaluna|Headlong Rush|p1b: Weezing
|-damage|p1b: Weezing|81/100
|-unboost|p2b: Ursaluna|def|1
|-unboost|p2b: Ursaluna|spd|1
|
|-damage|p2b: Ursaluna|77/100 brn|[from] brn
|upkeep
|turn|7
|inactive|marcusquinn has 30 seconds left.
|
|t:|1757645441
|move|p2a: Sneasler|Throat Chop|p1b: Weezing
|-supereffective|p1b: Weezing
|-damage|p1b: Weezing|39/100
|-start|p1b: Weezing|Throat Chop|[silent]
|-enditem|p1b: Weezing|Sitrus Berry|[eat]
|-heal|p1b: Weezing|64/100|[from] item: Sitrus Berry
|move|p1b: Weezing|Sludge Bomb|p2a: Sneasler
|-resisted|p2a: Sneasler
|-damage|p2a: Sneasler|0 fnt
|faint|p2a: Sneasler
|move|p2b: Ursaluna|Headlong Rush|p1b: Weezing
|-damage|p1b: Weezing|43/100
|-unboost|p2b: Ursaluna|def|1
|-unboost|p2b: Ursaluna|spd|1
|
|-damage|p2b: Ursaluna|71/100 brn|[from] brn
|upkeep
|
|t:|1757645454
|switch|p2a: Dragonite|Dragonite, L50, F, shiny|100/100
|turn|8
|
|t:|1757645460
|move|p2a: Dragonite|Haze|p2a: Dragonite
|-clearallboost
|move|p1b: Weezing|Sludge Bomb|p2a: Dragonite
|-damage|p2a: Dragonite|69/100
|move|p2b: Ursaluna|Headlong Rush|p1b: Weezing
|-damage|p1b: Weezing|9/100
|-unboost|p2b: Ursaluna|def|1
|-unboost|p2b: Ursaluna|spd|1
|
|-damage|p2b: Ursaluna|66/100 brn|[from] brn
|-end|p1b: Weezing|Throat Chop|[silent]
|upkeep
|turn|9
|
|t:|1757645475
|move|p2a: Dragonite|Scale Shot|p1b: Weezing
|-damage|p1b: Weezing|0 fnt
|faint|p1b: Weezing
|-end|p1b: Weezing|ability: Neutralizing Gas
|-hitcount|p1: Weezing|1
|
|win|marcusquinn
|raw|elfokaz's rating: 1127 → 1106(-21 for losing)
|raw|marcusquinn's rating: 1180 → 1201(+21 for winning)
|l|☆elfokaz
|player|p1|
