|j|☆pink spoon
|j|☆zen077
|html|pink spoonzen077    
|uhtml|bestof|Game 1 of a best-of-3
|t:|1784752666
|gametype|doubles
|player|p1|pink spoon|parasollady|
|player|p2|zen077|266|
|gen|9
|tier|[Gen 9 Champions] VGC 2026 Reg M-B (Bo3)
|rule|Species Clause: Limit one of each Pokémon
|rule|Item Clause: Limit 1 of each item
|clearpoke
|poke|p1|Pinsir, L50, M|
|poke|p1|Garchomp, L50, F|
|poke|p1|Talonflame, L50, F|
|poke|p1|Kingambit, L50, M|
|poke|p1|Incineroar, L50, M|
|poke|p1|Raichu, L50, F|
|poke|p2|Basculegion, L50, M|
|poke|p2|Sneasler, L50, F|
|poke|p2|Meganium, L50, F|
|poke|p2|Aerodactyl, L50, F|
|poke|p2|Kingambit, L50, F|
|poke|p2|Farigiraf, L50, F|
|teampreview|4
|showteam|p1|Pinsir||Pinsirite|HyperCutter|BodySlam,Feint,SwordsDance,Protect|Adamant||M|||50|]Garchomp||LifeOrb|RoughSkin|Earthquake,DragonClaw,StompingTantrum,Protect|Jolly||F|||50|]Talonflame||SharpBeak|GaleWings|BraveBird,FlareBlitz,Tailwind,Protect|Jolly||F|||50|]Kingambit||BlackGlasses|Defiant|KowtowCleave,SuckerPunch,SwordsDance,Protect|Adamant||M|||50|]Incineroar||SitrusBerry|Intimidate|FlareBlitz,ThroatChop,FakeOut,PartingShot|Careful||M|||50|]Raichu||RaichuniteY|LightningRod|ZapCannon,FocusBlast,FakeOut,Protect|Timid||F|||50|
|showteam|p2|Basculegion||ChoiceScarf|Adaptability|WaveCrash,LastRespects,FlipTurn,AquaJet|Jolly||M|||50|]Sneasler||WhiteHerb|Unburden|Protect,FakeOut,CloseCombat,DireClaw|Adamant||F|||50|]Meganium||Meganiumite|LeafGuard|Protect,SolarBeam,DazzlingGleam,WeatherBall|Modest||F|||50|]Aerodactyl||FocusSash|Unnerve|Protect,RockSlide,DualWingbeat,Tailwind|Jolly||F|||50|]Kingambit||ChopleBerry|Defiant|LowKick,IronHead,KowtowCleave,SuckerPunch|Adamant||F|||50|]Farigiraf||SitrusBerry|ArmorTail|TrickRoom,AllySwitch,Psychic,HyperVoice|Quiet||F|||50|
|inactive|Battle timer is ON: inactive players will automatically lose when time's up. (requested by zen077)
|j| Shmon
|c| Shmon|thank you
|inactive|pink spoon has 60 seconds left.
|inactive|zen077 has 60 seconds left.
|c| Shmon|gl hf both
|c|☆pink spoon|glhf
|inactive|pink spoon has 30 seconds left.
|inactive|pink spoon has 20 seconds left.
|
|t:|1784752740
|teamsize|p1|4
|teamsize|p2|4
|start
|switch|p1a: Garchomp|Garchomp, L50, F|100/100
|switch|p1b: Talonflame|Talonflame, L50, F|100/100
|switch|p2a: Basculegion|Basculegion, L50, M|100/100
|switch|p2b: Aerodactyl|Aerodactyl, L50, F|100/100
|-ability|p2b: Aerodactyl|Unnerve
|turn|1
|j| othunder21
|
|t:|1784752763
|move|p1b: Talonflame|Protect|p1b: Talonflame
|-singleturn|p1b: Talonflame|Protect
|move|p2a: Basculegion|Aqua Jet|p1b: Talonflame
|-activate|p1b: Talonflame|move: Protect
|move|p2b: Aerodactyl|Rock Slide|p1a: Garchomp|[spread] p1a
|-activate|p1b: Talonflame|move: Protect
|-resisted|p1a: Garchomp|1
|-damage|p1a: Garchomp|88/100
|move|p1a: Garchomp|Dragon Claw|p2b: Aerodactyl
|-damage|p2b: Aerodactyl|12/100
|-damage|p1a: Garchomp|78/100|[from] item: Life Orb
|
|upkeep
|turn|2
|inactive|pink spoon has 30 seconds left.
|
|t:|1784752798
|move|p2a: Basculegion|Aqua Jet|p1b: Talonflame
|-supereffective|p1b: Talonflame|1
|-damage|p1b: Talonflame|30/100
|move|p2b: Aerodactyl|Tailwind|p2b: Aerodactyl
|-sidestart|p2: zen077|move: Tailwind
|move|p1b: Talonflame|Tailwind|p1b: Talonflame
|-sidestart|p1: pink spoon|move: Tailwind
|move|p1a: Garchomp|Dragon Claw|p2b: Aerodactyl
|-damage|p2b: Aerodactyl|0 fnt
|faint|p2b: Aerodactyl
|-damage|p1a: Garchomp|68/100|[from] item: Life Orb
|
|upkeep
|inactive|zen077 has 30 seconds left.
|
|t:|1784752827
|switch|p2b: Meganium|Meganium, L50, F|100/100
|turn|3
|
|t:|1784752839
|switch|p1a: Incineroar|Incineroar, L50, M|100/100
|-ability|p1a: Incineroar|Intimidate|boost
|-unboost|p2a: Basculegion|atk|1
|-unboost|p2b: Meganium|atk|1
|detailschange|p2b: Meganium|Meganium-Mega, L50, F
|-mega|p2b: Meganium|Meganium|Meganiumite
|move|p2a: Basculegion|Aqua Jet|p1b: Talonflame
|-supereffective|p1b: Talonflame|1
|-damage|p1b: Talonflame|0 fnt
|faint|p1b: Talonflame
|move|p2b: Meganium|Dazzling Gleam|p1a: Incineroar
|-crit|p1a: Incineroar
|-damage|p1a: Incineroar|38/100
|-enditem|p1a: Incineroar|Sitrus Berry|[eat]
|-heal|p1a: Incineroar|63/100|[from] item: Sitrus Berry
|
|upkeep
|
|t:|1784752846
|switch|p1b: Raichu|Raichu, L50, F|100/100
|turn|4
|
|t:|1784752862
|switch|p2a: Farigiraf|Farigiraf, L50, F|100/100
|detailschange|p1b: Raichu|Raichu-Mega-Y, L50, F
|-mega|p1b: Raichu|Raichu|Raichunite Y
|move|p1a: Incineroar|Fake Out||[still]
|cant|p2a: Farigiraf|ability: Armor Tail|Fake Out|[of] p1a: Incineroar
|move|p1b: Raichu|Zap Cannon|p2a: Farigiraf
|-damage|p2a: Farigiraf|35/100
|-status|p2a: Farigiraf|par
|-enditem|p2a: Farigiraf|Sitrus Berry|[eat]
|-heal|p2a: Farigiraf|59/100 par|[from] item: Sitrus Berry
|move|p2b: Meganium|Solar Beam||[still]
|-prepare|p2b: Meganium|Solar Beam
|-activate|p2b: Meganium|ability: Mega Sol
|-anim|p2b: Meganium|Solar Beam|p1b: Raichu
|-damage|p1b: Raichu|0 fnt
|faint|p1b: Raichu
|
|upkeep
|
|t:|1784752867
|switch|p1b: Garchomp|Garchomp, L50, F|68/100
|turn|5
|
|t:|1784752888
|move|p1b: Garchomp|Protect|p1b: Garchomp
|-singleturn|p1b: Garchomp|Protect
|move|p2a: Farigiraf|Ally Switch|p2a: Farigiraf
|swap|p2a: Farigiraf|1|[from] move: Ally Switch
|move|p1a: Incineroar|Flare Blitz|p2b: Farigiraf
|-damage|p2b: Farigiraf|21/100 par
|-damage|p1a: Incineroar|49/100|[from] Recoil
|move|p2a: Meganium|Dazzling Gleam|p1a: Incineroar|[spread] p1a
|-activate|p1b: Garchomp|move: Protect
|-damage|p1a: Incineroar|13/100
|
|-sideend|p1: pink spoon|move: Tailwind
|-sideend|p2: zen077|move: Tailwind
|upkeep
|turn|6
|-message|pink spoon forfeited.
|
|win|zen077
