|j|☆AggronZyrd
|j|☆foiledfeline
|html|AggronZyrdfoiledfeline    
|uhtml|bestof|Game 1 of a best-of-3
|t:|1756351372
|gametype|doubles
|player|p1|AggronZyrd|pokemaniac|1151
|player|p2|foiledfeline|1|1078
|gen|9
|tier|[Gen 9] VGC 2025 Reg H (Bo3)
|rated|
|rule|Species Clause: Limit one of each Pokémon
|rule|Item Clause: Limit 1 of each item
|clearpoke
|poke|p1|Archaludon, L50, F|
|poke|p1|Pelipper, L50, F|
|poke|p1|Sinistcha, L50|
|poke|p1|Ursaluna, L50, F|
|poke|p1|Dragonite, L50, F|
|poke|p1|Gholdengo, L50|
|poke|p2|Delphox, L50, M|
|poke|p2|Sneasler, L50, F|
|poke|p2|Indeedee, L50, M|
|poke|p2|Whimsicott, L50, M|
|poke|p2|Annihilape, L50, M|
|poke|p2|Maushold-Four, L50|
|teampreview|4
|showteam|p1|Archaludon||AssaultVest|Stamina|FlashCannon,ElectroShot,BodyPress,DracoMeteor|||F|||50|,,,,,Fighting]Pelipper||FocusSash|Drizzle|Hurricane,Tailwind,MuddyWater,WideGuard|||F|||50|,,,,,Ghost]Sinistcha||SitrusBerry|Hospitality|MatchaGotcha,Withdraw,TrickRoom,RagePowder||||||50|,,,,,Dark]Ursaluna||FlameOrb|Guts|HeadlongRush,Earthquake,Facade,Protect|||F|||50|,,,,,Ghost]Dragonite||LoadedDice|InnerFocus|Haze,ScaleShot,Tailwind,Protect|||F|||50|,,,,,Fairy]Gholdengo||ChoiceScarf|GoodasGold|MakeItRain,ShadowBall,Trick,TeraBlast||||||50|,,,,,Water
|showteam|p2|Delphox||LifeOrb|Blaze|HeatWave,ExpandingForce,TeraBlast,Protect|||M|||50|,,,,,Fighting]Sneasler||PsychicSeed|Unburden|CloseCombat,DireClaw,ThroatChop,Protect|||F|||50|,,,,,Dark]Indeedee||FocusSash|PsychicSurge|ExpandingForce,TrickRoom,Protect,TeraBlast|||M|||50|,,,,,Fighting]Whimsicott||CovertCloak|Prankster|Tailwind,BeatUp,SunnyDay,Moonblast|||M|||50|,,,,,Water]Annihilape||SafetyGoggles|Defiant|CloseCombat,RageFist,Taunt,FinalGambit|||M|||50|,,,,,Fire]Maushold-Four||WideLens|Technician|Protect,PopulationBomb,BeatUp,FollowMe||||||50|,,,,,Normal
|
|t:|1756351418
|teamsize|p1|4
|teamsize|p2|4
|start
|switch|p1a: Pelipper|Pelipper, L50, F|100/100
|switch|p1b: Archaludon|Archaludon, L50, F|100/100
|switch|p2a: Fluffy|Whimsicott, L50, M, shiny|100/100
|switch|p2b: Scary|Annihilape, L50, M, shiny|100/100
|-weather|RainDance|[from] ability: Drizzle|[of] p1a: Pelipper
|turn|1
|
|t:|1756351456
|move|p2a: Fluffy|Sunny Day|p2a: Fluffy
|-weather|SunnyDay
|move|p2b: Scary|Rage Fist|p1a: Pelipper
|-damage|p1a: Pelipper|72/100
|move|p1a: Pelipper|Hurricane|p2a: Fluffy|[miss]
|-miss|p1a: Pelipper|p2a: Fluffy
|move|p1b: Archaludon|Electro Shot||[still]
|-prepare|p1b: Archaludon|Electro Shot
|-boost|p1b: Archaludon|spa|1
|
|-weather|SunnyDay|[upkeep]
|upkeep
|turn|2
|
|t:|1756351487
|switch|p1a: Dragonite|Dragonite, L50, F|100/100
|move|p2a: Fluffy|Beat Up|p2b: Scary
|-damage|p2b: Scary|99/100
|-damage|p2b: Scary|96/100
|-damage|p2b: Scary|94/100
|-damage|p2b: Scary|92/100
|-hitcount|p2b: Scary|4
|move|p2b: Scary|Rage Fist|p1a: Dragonite
|-damage|p1a: Dragonite|0 fnt
|faint|p1a: Dragonite
|move|p1b: Archaludon|Electro Shot|p2b: Scary|[from] lockedmove
|-damage|p2b: Scary|45/100
|
|-weather|SunnyDay|[upkeep]
|upkeep
|
|t:|1756351503
|switch|p1a: Pelipper|Pelipper, L50, F|72/100
|-weather|RainDance|[from] ability: Drizzle|[of] p1a: Pelipper
|turn|3
|
|t:|1756351525
|move|p2a: Fluffy|Sunny Day|p2a: Fluffy
|-weather|SunnyDay
|move|p2b: Scary|Rage Fist|p1a: Pelipper
|-damage|p1a: Pelipper|0 fnt
|faint|p1a: Pelipper
|move|p1b: Archaludon|Flash Cannon|p2a: Fluffy
|-supereffective|p2a: Fluffy
|-damage|p2a: Fluffy|0 fnt
|faint|p2a: Fluffy
|
|-weather|SunnyDay|[upkeep]
|upkeep
|
|t:|1756351536
|switch|p2a: Mommy|Delphox, L50, M|100/100
|switch|p1a: Ursaluna|Ursaluna, L50, F|100/100
|turn|4
|
|t:|1756351561
|-terastallize|p1b: Archaludon|Fighting
|move|p1a: Ursaluna|Protect|p1a: Ursaluna
|-singleturn|p1a: Ursaluna|Protect
|move|p2a: Mommy|Heat Wave|p1a: Ursaluna|[spread] p1b
|-activate|p1a: Ursaluna|move: Protect
|-damage|p1b: Archaludon|57/100
|-ability|p1b: Archaludon|Stamina|boost
|-boost|p1b: Archaludon|def|1
|-damage|p2a: Mommy|91/100|[from] item: Life Orb
|move|p2b: Scary|Rage Fist|p1b: Archaludon
|-damage|p1b: Archaludon|1/100
|-ability|p1b: Archaludon|Stamina|boost
|-boost|p1b: Archaludon|def|1
|move|p1b: Archaludon|Draco Meteor|p2a: Mommy
|-damage|p2a: Mommy|0 fnt
|-unboost|p1b: Archaludon|spa|2
|faint|p2a: Mommy
|
|-weather|SunnyDay|[upkeep]
|-status|p1a: Ursaluna|brn|[from] item: Flame Orb
|upkeep
|
|t:|1756351581
|switch|p2a: ahem has horns|Indeedee, L50, M|100/100
|-fieldstart|move: Psychic Terrain|[from] ability: Psychic Surge|[of] p2a: ahem has horns
|turn|5
|
|t:|1756351602
|move|p2b: Scary|Close Combat|p1a: Ursaluna
|-supereffective|p1a: Ursaluna
|-damage|p1a: Ursaluna|24/100 brn
|-unboost|p2b: Scary|def|1
|-unboost|p2b: Scary|spd|1
|move|p2a: ahem has horns|Expanding Force|p1a: Ursaluna|[spread] p1a,p1b
|-supereffective|p1b: Archaludon
|-damage|p1a: Ursaluna|0 fnt
|-damage|p1b: Archaludon|0 fnt
|faint|p1a: Ursaluna
|faint|p1b: Archaludon
|
|win|foiledfeline
||AggronZyrd is ready for game 2.
|inactive|foiledfeline has 29 seconds to confirm battle start!
||foiledfeline is ready for game 2.
|uhtml|next|Next: Game 2 of 3
|l|☆AggronZyrd
|player|p1|
