|j|☆lunalotll
|j|☆Infinity7410
|html|lunalotllInfinity7410    
|uhtml|bestof|Game 3 of a best-of-3
|t:|1786098580
|gametype|doubles
|player|p1|lunalotll|lana|1123
|player|p2|Infinity7410|2|1089
|gen|9
|tier|[Gen 9 Champions] VGC 2026 Reg M-B (Bo3)
|rated|
|rule|Species Clause: Limit one of each Pokémon
|rule|Item Clause: Limit 1 of each item
|clearpoke
|poke|p1|Primarina, L50, M|
|poke|p1|Sinistcha, L50|
|poke|p1|Garchomp, L50, M|
|poke|p1|Lopunny, L50, F|
|poke|p1|Whimsicott, L50, M|
|poke|p1|Sneasler, L50, F|
|poke|p2|Staraptor, L50, M|
|poke|p2|Tyranitar, L50, M|
|poke|p2|Excadrill, L50, M|
|poke|p2|Milotic, L50, F|
|poke|p2|Gholdengo, L50|
|poke|p2|Sinistcha, L50|
|teampreview|4
|showteam|p1|Primarina||LifeOrb|LiquidVoice|HyperVoice,Moonblast,DrainingKiss,Protect|Modest||M|||50|]Sinistcha||SitrusBerry|Hospitality|MatchaGotcha,RagePowder,LifeDew,Protect|Bold|||||50|]Garchomp||HardStone|RoughSkin|DragonClaw,StompingTantrum,RockSlide,Protect|Jolly||M|||50|]Lopunny||Lopunnite|Limber|CloseCombat,GigaImpact,FakeOut,Encore|Jolly||F|||50|]Whimsicott||FocusSash|Prankster|Moonblast,Encore,Tailwind,Protect|Timid||M|||50|]Sneasler||WhiteHerb|Unburden|DireClaw,Coaching,FakeOut,Feint|Adamant||F|||50|
|showteam|p2|Staraptor||Staraptite|Intimidate|BraveBird,CloseCombat,Tailwind,Protect|Jolly||M|||50|]Tyranitar||Tyranitarite|SandStream|RockSlide,KnockOff,LowKick,Protect|Jolly||M|||50|]Excadrill||FocusSash|SandRush|HighHorsepower,IronHead,RockSlide,Protect|Adamant||M|||50|]Milotic||SitrusBerry|Competitive|Scald,IceBeam,IcyWind,Protect|Bold||F|||50|]Gholdengo||LifeOrb|GoodasGold|MakeItRain,ShadowBall,NastyPlot,Protect|Modest|||||50|]Sinistcha||ColburBerry|Hospitality|MatchaGotcha,ShadowBall,RagePowder,Protect|Bold|||||50|
|inactive|Battle timer is ON: inactive players will automatically lose when time's up. (requested by lunalotll)
|inactive|lunalotll has 60 seconds left.
|
|t:|1786098626
|teamsize|p1|4
|teamsize|p2|4
|start
|switch|p1a: Lopunny|Lopunny, L50, F|100/100
|switch|p1b: Primarina|Primarina, L50, M|100/100
|switch|p2a: Gholdengo|Gholdengo, L50|100/100
|switch|p2b: Sinistcha|Sinistcha, L50|100/100
|turn|1
|inactive|Infinity7410 has 30 seconds left.
|
|t:|1786098652
|detailschange|p1a: Lopunny|Lopunny-Mega, L50, F
|-mega|p1a: Lopunny|Lopunny|Lopunnite
|move|p1a: Lopunny|Fake Out|p2a: Gholdengo
|-resisted|p2a: Gholdengo|1
|-damage|p2a: Gholdengo|88/100
|move|p2b: Sinistcha|Rage Powder|p2b: Sinistcha
|-singleturn|p2b: Sinistcha|move: Rage Powder
|cant|p2a: Gholdengo|flinch
|move|p1b: Primarina|Moonblast|p2b: Sinistcha
|-damage|p2b: Sinistcha|39/100
|-damage|p1b: Primarina|90/100|[from] item: Life Orb
|
|upkeep
|turn|2
|inactive|lunalotll has 30 seconds left.
|inactive|lunalotll has 20 seconds left.
|inactive|lunalotll has 15 seconds left.
|
|t:|1786098696
|switch|p2b: Staraptor|Staraptor, L50, M|100/100
|-ability|p2b: Staraptor|Intimidate|boost
|-fail|p1a: Lopunny|unboost|Attack|[from] ability: Scrappy|[of] p1a: Lopunny
|-unboost|p1b: Primarina|atk|1
|move|p1a: Lopunny|Close Combat|p2a: Gholdengo
|-supereffective|p2a: Gholdengo|1
|-damage|p2a: Gholdengo|0 fnt
|-unboost|p1a: Lopunny|def|1
|-unboost|p1a: Lopunny|spd|1
|faint|p2a: Gholdengo
|move|p1b: Primarina|Moonblast|p2b: Staraptor
|-damage|p2b: Staraptor|1/100
|-damage|p1b: Primarina|80/100|[from] item: Life Orb
|
|upkeep
|
|t:|1786098706
|switch|p2a: Milotic|Milotic, L50, F|100/100
|turn|3
|
|t:|1786098727
|move|p2b: Staraptor|Protect|p2b: Staraptor
|-singleturn|p2b: Staraptor|Protect
|move|p1a: Lopunny|Giga Impact|p2a: Milotic
|-damage|p2a: Milotic|29/100
|-mustrecharge|p1a: Lopunny
|-enditem|p2a: Milotic|Sitrus Berry|[eat]
|-heal|p2a: Milotic|54/100|[from] item: Sitrus Berry
|move|p2a: Milotic|Icy Wind|p1a: Lopunny|[spread] p1a,p1b
|-resisted|p1b: Primarina|1
|-damage|p1a: Lopunny|81/100
|-damage|p1b: Primarina|76/100
|-unboost|p1a: Lopunny|spe|1
|-unboost|p1b: Primarina|spe|1
|move|p1b: Primarina|Hyper Voice|p2b: Staraptor|[spread] p2a
|-activate|p2b: Staraptor|move: Protect
|-resisted|p2a: Milotic|1
|-damage|p2a: Milotic|37/100
|-damage|p1b: Primarina|66/100|[from] item: Life Orb
|
|upkeep
|turn|4
|inactive|lunalotll has 30 seconds left.
|inactive|Infinity7410 has 30 seconds left.
|inactive|Infinity7410 has 20 seconds left.
|inactive|Infinity7410 has 15 seconds left.
|inactive|Infinity7410 has 10 seconds left.
|
|t:|1786098775
|detailschange|p2b: Staraptor|Staraptor-Mega, L50, M
|-mega|p2b: Staraptor|Staraptor|Staraptite
|move|p1b: Primarina|Protect|p1b: Primarina
|-singleturn|p1b: Primarina|Protect
|move|p2b: Staraptor|Close Combat|p1a: Lopunny
|-supereffective|p1a: Lopunny|1
|-damage|p1a: Lopunny|0 fnt
|-boost|p2b: Staraptor|def|1
|-boost|p2b: Staraptor|spd|1
|faint|p1a: Lopunny
|move|p2a: Milotic|Scald|p1b: Primarina
|-activate|p1b: Primarina|move: Protect
|
|upkeep
|inactive|lunalotll has 30 seconds left.
|inactive|lunalotll has 20 seconds left.
|
|t:|1786098812
|switch|p1a: Whimsicott|Whimsicott, L50, M|100/100
|turn|5
|
|t:|1786098821
|switch|p2b: Sinistcha|Sinistcha, L50|39/100
|-heal|p2a: Milotic|61/100|[from] ability: Hospitality|[of] p2b: Sinistcha
|move|p1a: Whimsicott|Moonblast|p2b: Sinistcha
|-damage|p2b: Sinistcha|12/100
|move|p2a: Milotic|Icy Wind|p1b: Primarina|[spread] p1a,p1b
|-supereffective|p1a: Whimsicott|1
|-resisted|p1b: Primarina|1
|-damage|p1a: Whimsicott|71/100
|-damage|p1b: Primarina|63/100
|-unboost|p1a: Whimsicott|spe|1
|-unboost|p1b: Primarina|spe|1
|move|p1b: Primarina|Moonblast|p2a: Milotic
|-damage|p2a: Milotic|15/100
|-damage|p1b: Primarina|53/100|[from] item: Life Orb
|
|upkeep
|turn|6
|inactive|lunalotll has 30 seconds left.
|inactive|lunalotll has 20 seconds left.
|inactive|Infinity7410 has 30 seconds left.
|inactive|lunalotll has 15 seconds left.
|
|t:|1786098863
|move|p1a: Whimsicott|Moonblast|p2a: Milotic
|-damage|p2a: Milotic|0 fnt
|faint|p2a: Milotic
|move|p2b: Sinistcha|Matcha Gotcha|p1b: Primarina|[spread] p1a,p1b
|-resisted|p1a: Whimsicott|1
|-supereffective|p1b: Primarina|1
|-damage|p1a: Whimsicott|55/100
|-heal|p2b: Sinistcha|20/100y|[from] drain|[of] p1a: Whimsicott
|-damage|p1b: Primarina|10/100
|-heal|p2b: Sinistcha|43/100|[from] drain|[of] p1b: Primarina
|move|p1b: Primarina|Moonblast|p2b: Sinistcha
|-damage|p2b: Sinistcha|0 fnt
|faint|p2b: Sinistcha
|-damage|p1b: Primarina|1/100|[from] item: Life Orb
|
|upkeep
|
|t:|1786098876
|switch|p2b: Staraptor|Staraptor-Mega, L50, M|1/100
|turn|7
|
|t:|1786098879
|move|p2b: Staraptor|Tailwind|p2b: Staraptor
|-sidestart|p2: Infinity7410|move: Tailwind
|move|p1a: Whimsicott|Moonblast|p2b: Staraptor
|-supereffective|p2b: Staraptor|1
|-damage|p2b: Staraptor|0 fnt
|faint|p2b: Staraptor
|
|win|lunalotll
|raw|lunalotll's rating: 1123 → 1146(+23 for winning)
|raw|Infinity7410's rating: 1089 → 1068(-21 for losing)
|c|☆lunalotll|ggs
|l|☆Infinity7410
|player|p2|
