|j|☆BonnieSSR
|j|☆Shreks General
|html|BonnieSSRShreks General    
|uhtml|bestof|Game 1 of a best-of-3
|t:|1756427296
|gametype|doubles
|player|p1|BonnieSSR|miku-ground|1106
|player|p2|Shreks General|170|1091
|gen|9
|tier|[Gen 9] VGC 2025 Reg H (Bo3)
|rated|
|rule|Species Clause: Limit one of each Pokémon
|rule|Item Clause: Limit 1 of each item
|clearpoke
|poke|p1|Tyranitar, L50, M|
|poke|p1|Amoonguss, L50, M|
|poke|p1|Kilowattrel, L50, F|
|poke|p1|Excadrill, L50, F|
|poke|p1|Kommo-o, L50, F|
|poke|p1|Incineroar, L50, M|
|poke|p2|Ursaluna-Bloodmoon, L50, M|
|poke|p2|Sneasler, L50, F|
|poke|p2|Dragonite, L50, M|
|poke|p2|Rillaboom, L50, M|
|poke|p2|Archaludon, L50, M|
|poke|p2|Whimsicott, L50, F|
|teampreview|4
|showteam|p1|Tyranitar||AssaultVest|SandStream|LowKick,RockSlide,KnockOff,TeraBlast|||M|||50|,,,,,Flying]Amoonguss||SitrusBerry|Regenerator|Spore,RagePowder,SludgeBomb,Protect|||M|||50|,,,,,Water]Kilowattrel||ChoiceSpecs|Competitive|Thunderbolt,Discharge,VoltSwitch,AirSlash|||F|||50|,,,,,Ghost]Excadrill||FocusSash|SandRush|IronHead,Earthquake,HighHorsepower,Protect|||F|||50|,,,,,Ground]Kommo-o||Leftovers|Overcoat|IronDefense,BodyPress,ThroatChop,Protect|||F|||50|,,,,,Steel]Incineroar||SafetyGoggles|Intimidate|FlareBlitz,KnockOff,PartingShot,FakeOut|||M|||50|,,,,,Ghost
|showteam|p2|Ursaluna-Bloodmoon||LifeOrb|MindsEye|EarthPower,HyperVoice,BloodMoon,Protect|||M|||50|,,,,,Normal]Sneasler||FocusSash|Unburden|CloseCombat,DireClaw,Protect,ThroatChop|||F|||50|,,,,,Ghost]Dragonite||LoadedDice|InnerFocus|ScaleShot,ExtremeSpeed,Protect,Haze|||M|||50|,,,,,Normal]Rillaboom||AssaultVest|GrassySurge|FakeOut,GrassyGlide,WoodHammer,Uturn|||M|||50|,,,,,Fire]Archaludon||PowerHerb|Sturdy|ElectroShot,DracoMeteor,FlashCannon,Protect|||M|||50|,,,,,Electric]Whimsicott||CovertCloak|Prankster|Encore,Tailwind,Moonblast,FakeTears|||F|||50|,,,,,Ghost
|inactive|Battle timer is ON: inactive players will automatically lose when time's up. (requested by Shreks General)
|inactive|BonnieSSR has 60 seconds left.
|inactive|Shreks General has 60 seconds left.
|
|t:|1756427356
|teamsize|p1|4
|teamsize|p2|4
|start
|switch|p1a: Wolfey|Incineroar, L50, M, shiny|100/100
|switch|p1b: Transassa|Amoonguss, L50, M, shiny|100/100
|switch|p2a: Rillaboom|Rillaboom, L50, M|100/100
|switch|p2b: Sneasler|Sneasler, L50, F|100/100
|-fieldstart|move: Grassy Terrain|[from] ability: Grassy Surge|[of] p2a: Rillaboom
|-ability|p1a: Wolfey|Intimidate|boost
|-unboost|p2a: Rillaboom|atk|1
|-unboost|p2b: Sneasler|atk|1
|turn|1
|inactive|BonnieSSR has 30 seconds left.
|
|t:|1756427389
|move|p2a: Rillaboom|Fake Out|p1a: Wolfey
|-damage|p1a: Wolfey|92/100
|cant|p1a: Wolfey|flinch
|move|p2b: Sneasler|Dire Claw|p1b: Transassa
|-damage|p1b: Transassa|76/100
|move|p1b: Transassa|Spore|p2b: Sneasler
|-status|p2b: Sneasler|slp|[from] move: Spore
|
|-heal|p1a: Wolfey|98/100|[from] Grassy Terrain
|-heal|p1b: Transassa|82/100|[from] Grassy Terrain
|upkeep
|turn|2
|
|t:|1756427413
|cant|p2b: Sneasler|slp
|move|p2a: Rillaboom|U-turn|p1a: Wolfey
|-damage|p1a: Wolfey|83/100
|
|t:|1756427418
|switch|p2a: Ursaluna|Ursaluna-Bloodmoon, L50, M|100/100|[from] U-turn
|move|p1a: Wolfey|Parting Shot|p2b: Sneasler
|-unboost|p2b: Sneasler|atk|1
|-unboost|p2b: Sneasler|spa|1
|
|t:|1756427423
|switch|p1a: Arturia|Kommo-o, L50, F, shiny|100/100|[from] Parting Shot
|move|p1b: Transassa|Sludge Bomb|p2a: Ursaluna
|-resisted|p2a: Ursaluna
|-damage|p2a: Ursaluna|84/100
|
|-heal|p2a: Ursaluna|89/100|[from] Grassy Terrain
|-heal|p1b: Transassa|88/100|[from] Grassy Terrain
|upkeep
|turn|3
|
|t:|1756427435
|move|p2a: Ursaluna|Protect|p2a: Ursaluna
|-singleturn|p2a: Ursaluna|Protect
|-curestatus|p2b: Sneasler|slp|[msg]
|move|p2b: Sneasler|Dire Claw|p1b: Transassa
|-damage|p1b: Transassa|68/100
|move|p1a: Arturia|Iron Defense|p1a: Arturia
|-boost|p1a: Arturia|def|2
|move|p1b: Transassa|Spore|p2a: Ursaluna
|-activate|p2a: Ursaluna|move: Protect
|
|-heal|p2a: Ursaluna|95/100|[from] Grassy Terrain
|-heal|p1b: Transassa|74/100|[from] Grassy Terrain
|upkeep
|turn|4
|
|t:|1756427463
|switch|p2b: Rillaboom|Rillaboom, L50, M|100/100
|switch|p2a: Dragonite|Dragonite, L50, M|100/100
|move|p1a: Arturia|Body Press|p2a: Dragonite
|-resisted|p2a: Dragonite
|-damage|p2a: Dragonite|52/100
|move|p1b: Transassa|Spore|p2b: Rillaboom
|-immune|p2b: Rillaboom
|
|-heal|p1b: Transassa|80/100|[from] Grassy Terrain
|upkeep
|turn|5
|
|t:|1756427488
|move|p2a: Dragonite|Haze|p2a: Dragonite
|-clearallboost
|move|p1a: Arturia|Body Press|p2a: Dragonite
|-resisted|p2a: Dragonite
|-damage|p2a: Dragonite|28/100
|move|p2b: Rillaboom|Wood Hammer|p1b: Transassa
|-resisted|p1b: Transassa
|-damage|p1b: Transassa|61/100
|-damage|p2b: Rillaboom|94/100|[from] Recoil
|move|p1b: Transassa|Sludge Bomb|p2a: Dragonite
|-damage|p2a: Dragonite|0 fnt
|faint|p2a: Dragonite
|
|-heal|p2b: Rillaboom|99/100|[from] Grassy Terrain
|-heal|p1b: Transassa|67/100|[from] Grassy Terrain
|-fieldend|move: Grassy Terrain
|upkeep
|
|t:|1756427503
|switch|p2a: Ursaluna|Ursaluna-Bloodmoon, L50, M|95/100
|turn|6
|inactive|BonnieSSR has 30 seconds left.
|
|t:|1756427532
|switch|p1b: Lacey|Excadrill, L50, F, shiny|100/100
|-terastallize|p2a: Ursaluna|Normal
|move|p1a: Arturia|Protect|p1a: Arturia
|-singleturn|p1a: Arturia|Protect
|move|p2b: Rillaboom|U-turn|p1b: Lacey
|-resisted|p1b: Lacey
|-damage|p1b: Lacey|84/100
|
|t:|1756427540
|switch|p2b: Sneasler|Sneasler, L50, F|100/100|[from] U-turn
|move|p2a: Ursaluna|Hyper Voice|p1a: Arturia|[spread] p1b
|-activate|p1a: Arturia|move: Protect
|-resisted|p1b: Lacey
|-damage|p1b: Lacey|33/100
|-damage|p2a: Ursaluna|86/100|[from] item: Life Orb
|
|upkeep
|turn|7
|inactive|BonnieSSR has 30 seconds left.
|inactive|BonnieSSR has 20 seconds left.
|
|t:|1756427575
|-terastallize|p1a: Arturia|Steel
|move|p2b: Sneasler|Close Combat|p1b: Lacey
|-supereffective|p1b: Lacey
|-damage|p1b: Lacey|0 fnt
|-unboost|p2b: Sneasler|def|1
|-unboost|p2b: Sneasler|spd|1
|faint|p1b: Lacey
|move|p1a: Arturia|Iron Defense|p1a: Arturia
|-boost|p1a: Arturia|def|2
|move|p2a: Ursaluna|Blood Moon|p1a: Arturia
|-resisted|p1a: Arturia
|-damage|p1a: Arturia|35/100
|-damage|p2a: Ursaluna|76/100|[from] item: Life Orb
|
|-heal|p1a: Arturia|41/100|[from] item: Leftovers
|upkeep
|
|t:|1756427591
|switch|p1b: Wolfey|Incineroar, L50, M, shiny|83/100
|-ability|p1b: Wolfey|Intimidate|boost
|-unboost|p2a: Ursaluna|atk|1
|-unboost|p2b: Sneasler|atk|1
|turn|8
|
|t:|1756427613
|switch|p2b: Rillaboom|Rillaboom, L50, M|99/100
|-fieldstart|move: Grassy Terrain|[from] ability: Grassy Surge|[of] p2b: Rillaboom
|switch|p1b: Transassa|Amoonguss, L50, M, shiny|99/100
|move|p1a: Arturia|Protect|p1a: Arturia
|-singleturn|p1a: Arturia|Protect
|move|p2a: Ursaluna|Protect||[still]
|-fail|p2a: Ursaluna
|
|-heal|p1a: Arturia|47/100|[from] Grassy Terrain
|-heal|p1a: Arturia|52/100|[from] item: Leftovers
|-heal|p2b: Rillaboom|100/100|[from] Grassy Terrain
|-heal|p2a: Ursaluna|82/100|[from] Grassy Terrain
|-heal|p1b: Transassa|100/100|[from] Grassy Terrain
|upkeep
|turn|9
|inactive|BonnieSSR has 30 seconds left.
|inactive|Shreks General has 30 seconds left.
|
|t:|1756427641
|move|p2b: Rillaboom|Fake Out|p1a: Arturia
|-resisted|p1a: Arturia
|-damage|p1a: Arturia|50/100
|move|p1b: Transassa|Rage Powder|p1b: Transassa
|-singleturn|p1b: Transassa|move: Rage Powder
|cant|p1a: Arturia|flinch
|move|p2a: Ursaluna|Hyper Voice|p1a: Arturia|[spread] p1a,p1b
|-resisted|p1a: Arturia
|-damage|p1a: Arturia|20/100
|-damage|p1b: Transassa|44/100
|-enditem|p1b: Transassa|Sitrus Berry|[eat]
|-heal|p1b: Transassa|69/100|[from] item: Sitrus Berry
|-damage|p2a: Ursaluna|72/100|[from] item: Life Orb
|
|-heal|p1a: Arturia|26/100|[from] Grassy Terrain
|-heal|p1a: Arturia|31/100|[from] item: Leftovers
|-heal|p2a: Ursaluna|78/100|[from] Grassy Terrain
|-heal|p1b: Transassa|75/100|[from] Grassy Terrain
|upkeep
|turn|10
|
|t:|1756427655
|move|p2b: Rillaboom|Grassy Glide|p1a: Arturia
|-resisted|p1a: Arturia
|-damage|p1a: Arturia|24/100
|move|p1a: Arturia|Body Press|p2a: Ursaluna
|-supereffective|p2a: Ursaluna
|-damage|p2a: Ursaluna|0 fnt
|faint|p2a: Ursaluna
|move|p1b: Transassa|Spore|p2b: Rillaboom
|-immune|p2b: Rillaboom
|
|-heal|p1a: Arturia|30/100|[from] Grassy Terrain
|-heal|p1a: Arturia|36/100|[from] item: Leftovers
|-heal|p1b: Transassa|80/100|[from] Grassy Terrain
|upkeep
|
|t:|1756427658
|switch|p2a: Sneasler|Sneasler, L50, F|100/100
|turn|11
|
|t:|1756427665
|move|p1b: Transassa|Rage Powder|p1b: Transassa
|-singleturn|p1b: Transassa|move: Rage Powder
|move|p2a: Sneasler|Close Combat|p1b: Transassa
|-resisted|p1b: Transassa
|-damage|p1b: Transassa|51/100
|-unboost|p2a: Sneasler|def|1
|-unboost|p2a: Sneasler|spd|1
|move|p1a: Arturia|Body Press|p2a: Sneasler
|-resisted|p2a: Sneasler
|-enditem|p2a: Sneasler|Focus Sash
|-damage|p2a: Sneasler|1/100
|move|p2b: Rillaboom|Wood Hammer|p1b: Transassa
|-resisted|p1b: Transassa
|-damage|p1b: Transassa|35/100
|-damage|p2b: Rillaboom|95/100|[from] Recoil
|
|-heal|p2a: Sneasler|7/100|[from] Grassy Terrain
|-heal|p1a: Arturia|42/100|[from] Grassy Terrain
|-heal|p1a: Arturia|47/100|[from] item: Leftovers
|-heal|p2b: Rillaboom|100/100|[from] Grassy Terrain
|-heal|p1b: Transassa|41/100|[from] Grassy Terrain
|upkeep
|turn|12
|
|t:|1756427676
|move|p2a: Sneasler|Protect|p2a: Sneasler
|-singleturn|p2a: Sneasler|Protect
|move|p1b: Transassa|Rage Powder|p1b: Transassa
|-singleturn|p1b: Transassa|move: Rage Powder
|move|p1a: Arturia|Body Press|p2b: Rillaboom
|-damage|p2b: Rillaboom|27/100
|move|p2b: Rillaboom|Wood Hammer|p1b: Transassa
|-resisted|p1b: Transassa
|-damage|p1b: Transassa|25/100
|-damage|p2b: Rillaboom|21/100|[from] Recoil
|
|-heal|p2a: Sneasler|13/100|[from] Grassy Terrain
|-heal|p1a: Arturia|53/100|[from] Grassy Terrain
|-heal|p1a: Arturia|59/100|[from] item: Leftovers
|-heal|p2b: Rillaboom|27/100|[from] Grassy Terrain
|-heal|p1b: Transassa|30/100|[from] Grassy Terrain
|-fieldend|move: Grassy Terrain
|upkeep
|turn|13
|
|t:|1756427689
|move|p2a: Sneasler|Protect||[still]
|-fail|p2a: Sneasler
|move|p1b: Transassa|Rage Powder|p1b: Transassa
|-singleturn|p1b: Transassa|move: Rage Powder
|move|p1a: Arturia|Body Press|p2a: Sneasler
|-resisted|p2a: Sneasler
|-damage|p2a: Sneasler|0 fnt
|faint|p2a: Sneasler
|move|p2b: Rillaboom|U-turn|p1b: Transassa
|-damage|p1b: Transassa|10/100
|
|-heal|p1a: Arturia|64/100|[from] item: Leftovers
|upkeep
|turn|14
|
|t:|1756427694
|switch|p1b: Wolfey|Incineroar, L50, M, shiny|83/100
|-ability|p1b: Wolfey|Intimidate|boost
|-unboost|p2b: Rillaboom|atk|1
|move|p1a: Arturia|Body Press|p2b: Rillaboom
|-damage|p2b: Rillaboom|0 fnt
|faint|p2b: Rillaboom
|
|win|BonnieSSR
||Shreks General is ready for game 2.
|raw|BonnieSSR's rating: 1106 → 1130(+24 for winning)
|raw|Shreks General's rating: 1091 → 1068(-23 for losing)
