|j|☆blizzardspamming
|j|☆Timothim Chalombre
|html|blizzardspammingTimothim Chalombre    
|uhtml|bestof|Game 2 of a best-of-3
|t:|1783308474
|gametype|doubles
|player|p1|blizzardspamming|clair|1216
|player|p2|Timothim Chalombre|caitlin|1226
|gen|9
|tier|[Gen 9 Champions] VGC 2026 Reg M-B (Bo3)
|rated|
|rule|Species Clause: Limit one of each Pokémon
|rule|Item Clause: Limit 1 of each item
|clearpoke
|poke|p1|Gengar, L50, F|
|poke|p1|Ninetales-Alola, L50, F|
|poke|p1|Incineroar, L50, F|
|poke|p1|Gholdengo, L50|
|poke|p1|Sneasler, L50, F|
|poke|p1|Dragonite, L50, F|
|poke|p2|Excadrill, L50, F|
|poke|p2|Grimmsnarl, L50, M|
|poke|p2|Altaria, L50, M|
|poke|p2|Incineroar, L50, F|
|poke|p2|Venusaur, L50, F|
|poke|p2|Milotic, L50, F|
|teampreview|4
|showteam|p1|Gengar||Gengarite|CursedBody|ShadowBall,SludgeBomb,Disable,Protect|Modest||F|||50|]Ninetales-Alola||NeverMeltIce|SnowWarning|Blizzard,FreezeDry,Encore,Protect|Timid||F|||50|]Incineroar||SitrusBerry|Intimidate|FakeOut,FlareBlitz,LashOut,PartingShot|Sassy||F|||50|]Gholdengo||Leftovers|GoodasGold|MakeItRain,ShadowBall,NastyPlot,Protect|Modest|||||50|]Sneasler||FocusSash|PoisonTouch|FakeOut,CloseCombat,DireClaw,Protect|Jolly||F|||50|]Dragonite||Dragoninite|InnerFocus|DracoMeteor,Flamethrower,Thunderbolt,Tailwind|Modest||F|||50|
|showteam|p2|Excadrill||Excadrite|SandRush|StompingTantrum,IronHead,HornDrill,Protect|Jolly||F|||50|]Grimmsnarl||LightClay|Prankster|SpiritBreak,Reflect,LightScreen,PartingShot|Impish||M|||50|]Altaria||RoseliBerry|CloudNine|BraveBird,WillOWisp,Roost,Tailwind|Careful||M|||50|]Incineroar||SitrusBerry|Intimidate|FakeOut,FlareBlitz,ThroatChop,PartingShot|Impish||F|||50|]Venusaur||Venusaurite|Overgrow|GigaDrain,EarthPower,SludgeBomb,Protect|Modest||F|||50|]Milotic||Leftovers|Competitive|MuddyWater,Coil,Recover,Hypnosis|Modest||F|||50|
|j| DragonsOak
|inactive|Battle timer is ON: inactive players will automatically lose when time's up. (requested by Timothim Chalombre)
|
|t:|1783308519
|teamsize|p1|4
|teamsize|p2|4
|start
|switch|p1a: Ninetales|Ninetales-Alola, L50, F|100/100
|switch|p1b: Dragonite|Dragonite, L50, F|100/100
|switch|p2a: Milotic|Milotic, L50, F|100/100
|switch|p2b: Incineroar|Incineroar, L50, F|100/100
|-weather|Snowscape|[from] ability: Snow Warning|[of] p1a: Ninetales
|-ability|p2b: Incineroar|Intimidate|boost
|-unboost|p1a: Ninetales|atk|1
|-fail|p1b: Dragonite|unboost|Attack|[from] ability: Inner Focus|[of] p1b: Dragonite
|turn|1
|
|t:|1783308538
|switch|p2a: Excadrill|Excadrill, L50, F|100/100
|detailschange|p1b: Dragonite|Dragonite-Mega, L50, F
|-mega|p1b: Dragonite|Dragonite|Dragoninite
|move|p1a: Ninetales|Protect|p1a: Ninetales
|-singleturn|p1a: Ninetales|Protect
|move|p2b: Incineroar|Fake Out|p1a: Ninetales
|-activate|p1a: Ninetales|move: Protect
|move|p1b: Dragonite|Thunderbolt|p2b: Incineroar
|-damage|p2b: Incineroar|68/100
|
|-weather|Snowscape|[upkeep]
|upkeep
|turn|2
|l| DragonsOak
|inactive|blizzardspamming has 30 seconds left.
|inactive|Timothim Chalombre has 30 seconds left.
|
|t:|1783308574
|switch|p1a: Sneasler|Sneasler, L50, F|100/100
|switch|p2b: Milotic|Milotic, L50, F|100/100
|detailschange|p2a: Excadrill|Excadrill-Mega, L50, F
|-mega|p2a: Excadrill|Excadrill|Excadrite
|move|p2a: Excadrill|Iron Head|p1a: Sneasler
|-damage|p1a: Sneasler|13/100
|move|p1b: Dragonite|Flamethrower|p2a: Excadrill
|-supereffective|p2a: Excadrill|1
|-damage|p2a: Excadrill|8/100
|
|-weather|Snowscape|[upkeep]
|upkeep
|turn|3
|inactive|Timothim Chalombre has 30 seconds left.
|inactive|Timothim Chalombre has 20 seconds left.
|inactive|Timothim Chalombre has 15 seconds left.
|inactive|blizzardspamming has 30 seconds left.
|
|t:|1783308621
|move|p2a: Excadrill|Protect|p2a: Excadrill
|-singleturn|p2a: Excadrill|Protect
|move|p1a: Sneasler|Close Combat|p2b: Milotic
|-damage|p2b: Milotic|40/100
|-unboost|p1a: Sneasler|def|1
|-unboost|p1a: Sneasler|spd|1
|move|p1b: Dragonite|Thunderbolt|p2b: Milotic
|-supereffective|p2b: Milotic|1
|-damage|p2b: Milotic|0 fnt
|faint|p2b: Milotic
|
|-weather|Snowscape|[upkeep]
|upkeep
|
|t:|1783308627
|switch|p2b: Incineroar|Incineroar, L50, F|68/100
|-ability|p2b: Incineroar|Intimidate|boost
|-unboost|p1a: Sneasler|atk|1
|-unboost|p1b: Dragonite|atk|1
|turn|4
|
|t:|1783308644
|switch|p1b: Gholdengo|Gholdengo, L50|100/100
|move|p1a: Sneasler|Protect|p1a: Sneasler
|-singleturn|p1a: Sneasler|Protect
|move|p2b: Incineroar|Fake Out|p1a: Sneasler
|-activate|p1a: Sneasler|move: Protect
|move|p2a: Excadrill|Horn Drill|p1b: Gholdengo
|-immune|p1b: Gholdengo
|
|-weather|Snowscape|[upkeep]
|upkeep
|turn|5
|
|t:|1783308663
|switch|p1b: Dragonite|Dragonite-Mega, L50, F|100/100
|move|p2a: Excadrill|Protect|p2a: Excadrill
|-singleturn|p2a: Excadrill|Protect
|move|p1a: Sneasler|Close Combat|p2b: Incineroar
|-supereffective|p2b: Incineroar|1
|-damage|p2b: Incineroar|5/100
|-unboost|p1a: Sneasler|def|1
|-unboost|p1a: Sneasler|spd|1
|-status|p2b: Incineroar|psn|[from] ability: Poison Touch|[of] p1a: Sneasler
|-enditem|p2b: Incineroar|Sitrus Berry|[eat]
|-heal|p2b: Incineroar|30/100 psn|[from] item: Sitrus Berry
|move|p2b: Incineroar|Flare Blitz|p1a: Sneasler
|-damage|p1a: Sneasler|0 fnt
|faint|p1a: Sneasler
|-damage|p2b: Incineroar|26/100 psn|[from] Recoil
|
|-weather|none
|-damage|p2b: Incineroar|14/100 psn|[from] psn
|upkeep
|
|t:|1783308681
|switch|p1a: Ninetales|Ninetales-Alola, L50, F|100/100
|-weather|Snowscape|[from] ability: Snow Warning|[of] p1a: Ninetales
|turn|6
|
|t:|1783308687
|move|p1a: Ninetales|Blizzard|p2b: Incineroar|[spread] p2a,p2b
|-resisted|p2b: Incineroar|1
|-damage|p2a: Excadrill|0 fnt
|-damage|p2b: Incineroar|1/100 psn
|faint|p2a: Excadrill
|move|p1b: Dragonite|Thunderbolt|p2b: Incineroar
|-damage|p2b: Incineroar|0 fnt
|faint|p2b: Incineroar
|
|-weather|Snowscape|[upkeep]
|upkeep
|-message|Timothim Chalombre forfeited.
|
|win|blizzardspamming
||Timothim Chalombre is ready for game 3.
||blizzardspamming is ready for game 3.
|uhtml|next|Next: Game 3 of 3
|l|☆Timothim Chalombre
|player|p2|
