|j|☆beanman400
|j|☆Slackermaru
|html|beanman400Slackermaru    
|uhtml|bestof|Game 2 of a best-of-3
|t:|1754598033
|gametype|doubles
|player|p1|beanman400|roxie|1226
|player|p2|Slackermaru|workerice|1388
|gen|9
|tier|[Gen 9] VGC 2025 Reg H (Bo3)
|rated|
|rule|Species Clause: Limit one of each Pokémon
|rule|Item Clause: Limit 1 of each item
|clearpoke
|poke|p1|Archaludon, L50, M|
|poke|p1|Pelipper, L50, F|
|poke|p1|Incineroar, L50, M|
|poke|p1|Garchomp, L50, F|
|poke|p1|Gholdengo, L50|
|poke|p1|Sneasler, L50, M|
|poke|p2|Porygon2, L50|
|poke|p2|Hydreigon, L50, M|
|poke|p2|Incineroar, L50, F|
|poke|p2|Garchomp, L50, F|
|poke|p2|Amoonguss, L50, M|
|poke|p2|Gholdengo, L50|
|teampreview|4
|showteam|p1|Archaludon||AssaultVest|Stamina|DracoMeteor,FlashCannon,ElectroShot,BodyPress|||M|||50|,,,,,Grass]Pelipper||FocusSash|Drizzle|Hurricane,Tailwind,WeatherBall,Protect|||F|||50|,,,,,Ghost]Incineroar||SafetyGoggles|Intimidate|FakeOut,KnockOff,Taunt,PartingShot|||M|||50|,,,,,Bug]Garchomp||LoadedDice|RoughSkin|ScaleShot,Earthquake,StompingTantrum,Protect|||F|||50|,,,,,Water]Gholdengo||LifeOrb|GoodasGold|MakeItRain,ShadowBall,NastyPlot,Protect||||||50|,,,,,Water]Sneasler||WhiteHerb|Unburden|FakeOut,CloseCombat,DireClaw,Protect|||M|||50|,,,,,Ghost
|showteam|p2|Porygon2||Eviolite|Download|TeraBlast,IceBeam,TrickRoom,Recover||||||50|,,,,,Fighting]Hydreigon||SafetyGoggles|Levitate|Snarl,DracoMeteor,Tailwind,Protect|||M|||50|,,,,,Ghost]Incineroar||SitrusBerry|Intimidate|FlareBlitz,KnockOff,PartingShot,FakeOut|||F|||50|,,,,,Grass]Garchomp||LoadedDice|RoughSkin|ScaleShot,Earthquake,StompingTantrum,Protect|||F|||50|,,,,,Fire]Amoonguss||CovertCloak|Regenerator|PollenPuff,Spore,RagePowder,Protect|||M|||50|,,,,,Fire]Gholdengo||MetalCoat|GoodasGold|MakeItRain,ShadowBall,NastyPlot,Protect||||||50|,,,,,Flying
|inactive|Battle timer is ON: inactive players will automatically lose when time's up. (requested by beanman400)
|
|t:|1754598076
|teamsize|p1|4
|teamsize|p2|4
|start
|switch|p1a: EARFQUAKE|Garchomp, L50, F|100/100
|switch|p1b: STICKY|Sneasler, L50, M|100/100
|switch|p2a: Hydreigon|Hydreigon, L50, M, shiny|100/100
|switch|p2b: Incineroar|Incineroar, L50, F, shiny|100/100
|-ability|p2b: Incineroar|Intimidate|boost
|-unboost|p1a: EARFQUAKE|atk|1
|-unboost|p1b: STICKY|atk|1
|-enditem|p1b: STICKY|White Herb
|-clearnegativeboost|p1b: STICKY|[silent]
|turn|1
|inactive|beanman400 has 30 seconds left.
|inactive|Slackermaru has 30 seconds left.
|inactive|Slackermaru has 20 seconds left.
|
|t:|1754598113
|-terastallize|p2a: Hydreigon|Ghost
|-terastallize|p1a: EARFQUAKE|Water
|move|p1b: STICKY|Fake Out|p2b: Incineroar
|-damage|p2b: Incineroar|86/100
|cant|p2b: Incineroar|flinch
|move|p2a: Hydreigon|Tailwind|p2a: Hydreigon
|-sidestart|p2: Slackermaru|move: Tailwind
|move|p1a: EARFQUAKE|Scale Shot|p2a: Hydreigon
|-damage|p2a: Hydreigon|90/100
|-crit|p2a: Hydreigon
|-damage|p2a: Hydreigon|65/100
|-damage|p2a: Hydreigon|55/100
|-damage|p2a: Hydreigon|43/100
|-hitcount|p2a: Hydreigon|4
|-unboost|p1a: EARFQUAKE|def|1
|-boost|p1a: EARFQUAKE|spe|1
|
|upkeep
|turn|2
|inactive|Slackermaru has 30 seconds left.
|inactive|Slackermaru has 20 seconds left.
|
|t:|1754598153
|switch|p2b: Gholdengo|Gholdengo, L50|100/100
|move|p1b: STICKY|Close Combat|p2b: Gholdengo
|-immune|p2b: Gholdengo
|move|p2a: Hydreigon|Draco Meteor|p1a: EARFQUAKE
|-damage|p1a: EARFQUAKE|27/100
|-unboost|p2a: Hydreigon|spa|2
|move|p1a: EARFQUAKE|Scale Shot|p2a: Hydreigon
|-damage|p2a: Hydreigon|32/100
|-damage|p2a: Hydreigon|21/100
|-damage|p2a: Hydreigon|11/100
|-damage|p2a: Hydreigon|0 fnt
|faint|p2a: Hydreigon
|-hitcount|p2: Hydreigon|4
|-unboost|p1a: EARFQUAKE|def|1
|-boost|p1a: EARFQUAKE|spe|1
|
|upkeep
|inactive|Slackermaru has 30 seconds left.
|
|t:|1754598183
|switch|p2a: Garchomp|Garchomp, L50, F, shiny|100/100
|turn|3
|
|t:|1754598203
|move|p1a: EARFQUAKE|Protect|p1a: EARFQUAKE
|-singleturn|p1a: EARFQUAKE|Protect
|move|p1b: STICKY|Close Combat|p2a: Garchomp
|-damage|p2a: Garchomp|36/100
|-unboost|p1b: STICKY|def|1
|-unboost|p1b: STICKY|spd|1
|-damage|p1b: STICKY|88/100|[from] ability: Rough Skin|[of] p2a: Garchomp
|move|p2a: Garchomp|Stomping Tantrum|p1a: EARFQUAKE
|-activate|p1a: EARFQUAKE|move: Protect
|move|p2b: Gholdengo|Nasty Plot|p2b: Gholdengo
|-boost|p2b: Gholdengo|spa|2
|
|upkeep
|turn|4
|
|t:|1754598221
|switch|p2a: Incineroar|Incineroar, L50, F, shiny|86/100
|-ability|p2a: Incineroar|Intimidate|boost
|-unboost|p1a: EARFQUAKE|atk|1
|-unboost|p1b: STICKY|atk|1
|move|p1b: STICKY|Close Combat|p2a: Incineroar
|-supereffective|p2a: Incineroar
|-damage|p2a: Incineroar|5/100
|-unboost|p1b: STICKY|def|1
|-unboost|p1b: STICKY|spd|1
|-enditem|p2a: Incineroar|Sitrus Berry|[eat]
|-heal|p2a: Incineroar|30/100|[from] item: Sitrus Berry
|move|p1a: EARFQUAKE|Stomping Tantrum|p2b: Gholdengo
|-supereffective|p2b: Gholdengo
|-damage|p2b: Gholdengo|63/100
|move|p2b: Gholdengo|Make It Rain|p1b: STICKY|[spread] p1a,p1b
|-resisted|p1a: EARFQUAKE
|-damage|p1a: EARFQUAKE|0 fnt
|-damage|p1b: STICKY|0 fnt
|-unboost|p2b: Gholdengo|spa|1
|faint|p1a: EARFQUAKE
|faint|p1b: STICKY
|
|-sideend|p2: Slackermaru|move: Tailwind
|upkeep
|
|t:|1754598234
|switch|p1b: Latrine|Pelipper, L50, F|100/100
|switch|p1a: Final Lesson|Archaludon, L50, M|100/100
|-weather|RainDance|[from] ability: Drizzle|[of] p1b: Latrine
|turn|5
|
|t:|1754598257
|move|p1b: Latrine|Protect|p1b: Latrine
|-singleturn|p1b: Latrine|Protect
|move|p2a: Incineroar|Fake Out|p1a: Final Lesson
|-resisted|p1a: Final Lesson
|-damage|p1a: Final Lesson|96/100
|-ability|p1a: Final Lesson|Stamina|boost
|-boost|p1a: Final Lesson|def|1
|cant|p1a: Final Lesson|flinch
|move|p2b: Gholdengo|Shadow Ball|p1a: Final Lesson
|-damage|p1a: Final Lesson|46/100
|-ability|p1a: Final Lesson|Stamina|boost
|-boost|p1a: Final Lesson|def|1
|
|-weather|RainDance|[upkeep]
|upkeep
|turn|6
|inactive|Slackermaru has 30 seconds left.
|
|t:|1754598294
|move|p2b: Gholdengo|Protect|p2b: Gholdengo
|-singleturn|p2b: Gholdengo|Protect
|move|p1b: Latrine|Weather Ball|p2b: Gholdengo
|-activate|p2b: Gholdengo|move: Protect
|move|p1a: Final Lesson|Body Press|p2a: Incineroar
|-supereffective|p2a: Incineroar
|-damage|p2a: Incineroar|0 fnt
|faint|p2a: Incineroar
|
|-weather|RainDance|[upkeep]
|upkeep
|
|t:|1754598303
|switch|p2a: Garchomp|Garchomp, L50, F, shiny|36/100
|turn|7
|inactive|beanman400 has 30 seconds left.
|
|t:|1754598332
|move|p2a: Garchomp|Scale Shot|p1b: Latrine|[miss]
|-miss|p2a: Garchomp|p1b: Latrine
|move|p1b: Latrine|Weather Ball|p2b: Gholdengo
|-damage|p2b: Gholdengo|0 fnt
|faint|p2b: Gholdengo
|move|p1a: Final Lesson|Draco Meteor|p2a: Garchomp|[miss]
|-miss|p1a: Final Lesson|p2a: Garchomp
|
|-weather|RainDance|[upkeep]
|upkeep
|turn|8
|
|t:|1754598343
|move|p2a: Garchomp|Scale Shot|p1b: Latrine
|-damage|p1b: Latrine|80/100
|-damage|p1b: Latrine|60/100
|-damage|p1b: Latrine|42/100
|-damage|p1b: Latrine|21/100
|-hitcount|p1b: Latrine|4
|-unboost|p2a: Garchomp|def|1
|-boost|p2a: Garchomp|spe|1
|move|p1b: Latrine|Weather Ball|p2a: Garchomp
|-damage|p2a: Garchomp|0 fnt
|faint|p2a: Garchomp
|
|win|beanman400
|raw|beanman400's rating: 1226 → 1262(+36 for winning)
|raw|Slackermaru's rating: 1388 → 1359(-29 for losing)
