|j|☆NoitUK_VGC
|j|☆cocobennyy
|html|NoitUK_VGCcocobennyy    
|uhtml|bestof|Game 3 of a best-of-3
|t:|1784878003
|gametype|doubles
|player|p1|NoitUK_VGC|266|1097
|player|p2|cocobennyy|medium|1197
|gen|9
|tier|[Gen 9 Champions] VGC 2026 Reg M-B (Bo3)
|rated|
|rule|Species Clause: Limit one of each Pokémon
|rule|Item Clause: Limit 1 of each item
|clearpoke
|poke|p1|Gengar, L50, F|
|poke|p1|Ninetales-Alola, L50, F|
|poke|p1|Incineroar, L50, M|
|poke|p1|Kingambit, L50, M|
|poke|p1|Staraptor, L50, F|
|poke|p1|Garchomp, L50, F|
|poke|p2|Charizard, L50, M|
|poke|p2|Mimikyu, L50, F|
|poke|p2|Politoed, L50, M|
|poke|p2|Venusaur, L50, M|
|poke|p2|Archaludon, L50, M|
|poke|p2|Sableye, L50, F|
|teampreview|4
|showteam|p1|Gengar||Gengarite|CursedBody|ShadowBall,SludgeBomb,Protect,PerishSong|Timid||F|||50|]Ninetales-Alola||NeverMeltIce|SnowWarning|Blizzard,Encore,Protect,Disable|Timid||F|||50|]Incineroar||SitrusBerry|Intimidate|FlareBlitz,PartingShot,Protect,FakeOut|Relaxed||M|||50|]Kingambit||BlackGlasses|Defiant|KowtowCleave,SuckerPunch,Protect,LowKick|Adamant||M|||50|]Staraptor||ChoiceScarf|Intimidate|FinalGambit,CloseCombat,BraveBird,Uturn|Jolly||F|||50|]Garchomp||LifeOrb|RoughSkin|Protect,RockSlide,StompingTantrum,DragonClaw|Adamant||F|||50|
|showteam|p2|Charizard||CharizarditeY|Blaze|Protect,HeatWave,WeatherBall,SolarBeam|Modest||M|||50|]Mimikyu||LifeOrb|Disguise|Protect,PlayRough,ShadowClaw,TrickRoom|Adamant||F|||50|]Politoed||SitrusBerry|Drizzle|Protect,PerishSong,IceBeam,WeatherBall|Calm||M|||50|]Venusaur||Venusaurite|Chlorophyll|Protect,SludgeBomb,GigaDrain,EarthPower|Modest||M|||50|]Archaludon||Leftovers|Stamina|Protect,ElectroShot,FlashCannon,DragonPulse|Timid||M|||50|]Sableye||LightClay|Prankster|Quash,RainDance,LightScreen,Reflect|Careful||F|||50|
|inactive|Battle timer is ON: inactive players will automatically lose when time's up. (requested by NoitUK_VGC)
|inactive|NoitUK_VGC has 60 seconds left.
|inactive|cocobennyy has 60 seconds left.
|
|t:|1784878066
|teamsize|p1|4
|teamsize|p2|4
|start
|switch|p1a: Staraptor|Staraptor, L50, F|100/100
|switch|p1b: Kingambit|Kingambit, L50, M|100/100
|switch|p2a: Mimikyu|Mimikyu, L50, F|100/100
|switch|p2b: Sableye|Sableye, L50, F|100/100
|-ability|p1a: Staraptor|Intimidate|boost
|-unboost|p2a: Mimikyu|atk|1
|-unboost|p2b: Sableye|atk|1
|turn|1
|
|t:|1784878087
|switch|p2a: Archaludon|Archaludon, L50, M|100/100
|move|p2b: Sableye|Reflect|p2b: Sableye
|-sidestart|p2: cocobennyy|Reflect
|move|p1a: Staraptor|U-turn|p2a: Archaludon
|-resisted|p2a: Archaludon|1
|-damage|p2a: Archaludon|95/100
|-ability|p2a: Archaludon|Stamina|boost
|-boost|p2a: Archaludon|def|1
|inactive|NoitUK_VGC has 30 seconds left.
|inactive|NoitUK_VGC has 20 seconds left.
|
|t:|1784878122
|switch|p1a: Garchomp|Garchomp, L50, F|100/100|[from] U-turn
|move|p1b: Kingambit|Kowtow Cleave|p2a: Archaludon
|-damage|p2a: Archaludon|75/100
|-ability|p2a: Archaludon|Stamina|boost
|-boost|p2a: Archaludon|def|1
|
|-heal|p2a: Archaludon|81/100|[from] item: Leftovers
|upkeep
|turn|2
|inactive|cocobennyy has 30 seconds left.
|
|t:|1784878156
|move|p2a: Archaludon|Protect|p2a: Archaludon
|-singleturn|p2a: Archaludon|Protect
|move|p2b: Sableye|Reflect||[still]
|-fail|p2b: Sableye
|move|p1a: Garchomp|Rock Slide|p2b: Sableye|[spread] p2b
|-activate|p2a: Archaludon|move: Protect
|-crit|p2b: Sableye
|-damage|p2b: Sableye|46/100
|-damage|p1a: Garchomp|90/100|[from] item: Life Orb
|move|p1b: Kingambit|Low Kick|p2a: Archaludon
|-activate|p2a: Archaludon|move: Protect
|
|-heal|p2a: Archaludon|87/100|[from] item: Leftovers
|upkeep
|turn|3
|inactive|cocobennyy has 30 seconds left.
|
|t:|1784878181
|move|p2b: Sableye|Rain Dance|p2b: Sableye
|-weather|RainDance
|move|p1a: Garchomp|Rock Slide|p2a: Archaludon|[spread] p2b
|-miss|p1a: Garchomp|p2a: Archaludon
|-damage|p2b: Sableye|22/100
|-damage|p1a: Garchomp|80/100|[from] item: Life Orb
|move|p2a: Archaludon|Electro Shot||[still]
|-prepare|p2a: Archaludon|Electro Shot
|-boost|p2a: Archaludon|spa|1
|-anim|p2a: Archaludon|Electro Shot|p1b: Kingambit
|-damage|p1b: Kingambit|45/100
|move|p1b: Kingambit|Low Kick|p2a: Archaludon
|-supereffective|p2a: Archaludon|1
|-damage|p2a: Archaludon|73/100
|-ability|p2a: Archaludon|Stamina|boost
|-boost|p2a: Archaludon|def|1
|
|-weather|RainDance|[upkeep]
|-heal|p2a: Archaludon|79/100|[from] item: Leftovers
|upkeep
|turn|4
|inactive|cocobennyy has 30 seconds left.
|
|t:|1784878211
|switch|p1a: Ninetales|Ninetales-Alola, L50, F|100/100
|-weather|Snowscape|[from] ability: Snow Warning|[of] p1a: Ninetales
|switch|p1b: Staraptor|Staraptor, L50, F|100/100
|-ability|p1b: Staraptor|Intimidate|boost
|-unboost|p2a: Archaludon|atk|1
|-unboost|p2b: Sableye|atk|1
|switch|p2b: Venusaur|Venusaur, L50, M|100/100
|move|p2a: Archaludon|Dragon Pulse|p1a: Ninetales
|-immune|p1a: Ninetales
|
|-weather|Snowscape|[upkeep]
|-heal|p2a: Archaludon|85/100|[from] item: Leftovers
|upkeep
|turn|5
|inactive|cocobennyy has 30 seconds left.
|inactive|cocobennyy has 20 seconds left.
|inactive|cocobennyy has 15 seconds left.
|
|t:|1784878252
|detailschange|p2b: Venusaur|Venusaur-Mega, L50, M
|-mega|p2b: Venusaur|Venusaur|Venusaurite
|move|p2a: Archaludon|Protect|p2a: Archaludon
|-singleturn|p2a: Archaludon|Protect
|move|p1b: Staraptor|Brave Bird|p2b: Venusaur
|-supereffective|p2b: Venusaur|1
|-damage|p2b: Venusaur|33/100
|-damage|p1b: Staraptor|81/100|[from] Recoil
|move|p1a: Ninetales|Encore|p2a: Archaludon
|-activate|p2a: Archaludon|move: Protect
|move|p2b: Venusaur|Sludge Bomb|p1a: Ninetales
|-supereffective|p1a: Ninetales|1
|-damage|p1a: Ninetales|8/100
|
|-weather|Snowscape|[upkeep]
|-heal|p2a: Archaludon|91/100|[from] item: Leftovers
|upkeep
|turn|6
|inactive|cocobennyy has 30 seconds left.
|inactive|cocobennyy has 20 seconds left.
|
|t:|1784878288
|move|p2a: Archaludon|Protect|p2a: Archaludon
|-singleturn|p2a: Archaludon|Protect
|move|p1b: Staraptor|Brave Bird|p2b: Venusaur
|-supereffective|p2b: Venusaur|1
|-damage|p2b: Venusaur|0 fnt
|faint|p2b: Venusaur
|-damage|p1b: Staraptor|72/100|[from] Recoil
|move|p1a: Ninetales|Encore|p2a: Archaludon
|-activate|p2a: Archaludon|move: Protect
|
|-weather|Snowscape|[upkeep]
|-heal|p2a: Archaludon|97/100|[from] item: Leftovers
|upkeep
|
|t:|1784878299
|switch|p2b: Sableye|Sableye, L50, F|22/100
|turn|7
|
|t:|1784878316
|move|p1a: Ninetales|Protect|p1a: Ninetales
|-singleturn|p1a: Ninetales|Protect
|move|p2b: Sableye|Quash|p1a: Ninetales
|-activate|p1a: Ninetales|move: Protect
|move|p1b: Staraptor|Brave Bird|p2b: Sableye
|-damage|p2b: Sableye|0 fnt
|faint|p2b: Sableye
|-damage|p1b: Staraptor|66/100|[from] Recoil
|move|p2a: Archaludon|Flash Cannon|p1a: Ninetales
|-activate|p1a: Ninetales|move: Protect
|
|-weather|Snowscape|[upkeep]
|-heal|p2a: Archaludon|100/100|[from] item: Leftovers
|upkeep
|
|t:|1784878331
|switch|p2b: Mimikyu|Mimikyu, L50, F|100/100
|turn|8
|inactive|cocobennyy has 30 seconds left.
|
|t:|1784878358
|switch|p1a: Garchomp|Garchomp, L50, F|80/100
|move|p1b: Staraptor|Brave Bird|p2b: Mimikyu
|-activate|p2b: Mimikyu|ability: Disguise
|-damage|p2b: Mimikyu|100/100
|detailschange|p2b: Mimikyu|Mimikyu-Busted, L50, F
|-damage|p2b: Mimikyu|87/100|[from] pokemon: Mimikyu-Busted
|move|p2a: Archaludon|Dragon Pulse|p1b: Staraptor
|-damage|p1b: Staraptor|0 fnt
|faint|p1b: Staraptor
|move|p2b: Mimikyu|Trick Room|p2b: Mimikyu
|-fieldstart|move: Trick Room|[of] p2b: Mimikyu
|
|-weather|none
|-sideend|p2: cocobennyy|Reflect
|upkeep
|
|t:|1784878370
|switch|p1b: Kingambit|Kingambit, L50, M|45/100
|turn|9
|
|t:|1784878385
|move|p2b: Mimikyu|Protect|p2b: Mimikyu
|-singleturn|p2b: Mimikyu|Protect
|move|p1b: Kingambit|Sucker Punch||[still]
|-fail|p1b: Kingambit
|move|p2a: Archaludon|Flash Cannon|p1b: Kingambit
|-resisted|p1b: Kingambit|1
|-damage|p1b: Kingambit|21/100
|move|p1a: Garchomp|Rock Slide|p2a: Archaludon|[spread] p2a
|-activate|p2b: Mimikyu|move: Protect
|-resisted|p2a: Archaludon|1
|-damage|p2a: Archaludon|96/100
|-ability|p2a: Archaludon|Stamina|boost
|-boost|p2a: Archaludon|def|1
|-damage|p1a: Garchomp|70/100|[from] item: Life Orb
|
|-heal|p2a: Archaludon|100/100|[from] item: Leftovers
|upkeep
|turn|10
|inactive|cocobennyy has 30 seconds left.
|
|t:|1784878418
|move|p1b: Kingambit|Protect|p1b: Kingambit
|-singleturn|p1b: Kingambit|Protect
|move|p2b: Mimikyu|Protect||[still]
|-fail|p2b: Mimikyu
|move|p1a: Garchomp|Protect|p1a: Garchomp
|-singleturn|p1a: Garchomp|Protect
|move|p2a: Archaludon|Flash Cannon|p1b: Kingambit
|-activate|p1b: Kingambit|move: Protect
|
|upkeep
|turn|11
|
|t:|1784878439
|move|p1b: Kingambit|Kowtow Cleave|p2b: Mimikyu
|-damage|p2b: Mimikyu|4/100
|move|p2b: Mimikyu|Play Rough|p1a: Garchomp
|-supereffective|p1a: Garchomp|1
|-damage|p1a: Garchomp|0 fnt
|-damage|p2b: Mimikyu|0 fnt|[from] ability: Rough Skin|[of] p1a: Garchomp
|faint|p1a: Garchomp
|faint|p2b: Mimikyu
|move|p2a: Archaludon|Flash Cannon|p1b: Kingambit
|-resisted|p1b: Kingambit|1
|-damage|p1b: Kingambit|0 fnt
|faint|p1b: Kingambit
|
|upkeep
|
|t:|1784878451
|switch|p1b: Ninetales|Ninetales-Alola, L50, F|8/100
|-weather|Snowscape|[from] ability: Snow Warning|[of] p1b: Ninetales
|turn|12
|
|t:|1784878459
|move|p1b: Ninetales|Protect|p1b: Ninetales
|-singleturn|p1b: Ninetales|Protect
|move|p2a: Archaludon|Flash Cannon|p1b: Ninetales
|-activate|p1b: Ninetales|move: Protect
|
|-weather|Snowscape|[upkeep]
|-fieldend|move: Trick Room
|upkeep
|turn|13
|
|t:|1784878465
|move|p1b: Ninetales|Disable|p2a: Archaludon
|-start|p2a: Archaludon|Disable|Flash Cannon
|cant|p2a: Archaludon|Disable|Flash Cannon
|
|-weather|Snowscape|[upkeep]
|upkeep
|turn|14
|
|t:|1784878475
|move|p1b: Ninetales|Blizzard|p2a: Archaludon
|-damage|p2a: Archaludon|58/100
|-ability|p2a: Archaludon|Stamina|boost
|-boost|p2a: Archaludon|def|1
|move|p2a: Archaludon|Electro Shot||[still]
|-prepare|p2a: Archaludon|Electro Shot
|-boost|p2a: Archaludon|spa|1
|
|-weather|Snowscape|[upkeep]
|-heal|p2a: Archaludon|64/100|[from] item: Leftovers
|upkeep
|turn|15
|
|t:|1784878484
|move|p1b: Ninetales|Protect|p1b: Ninetales
|-singleturn|p1b: Ninetales|Protect
|move|p2a: Archaludon|Electro Shot|p1b: Ninetales|[from] lockedmove
|-activate|p1b: Ninetales|move: Protect
|
|-weather|Snowscape|[upkeep]
|-heal|p2a: Archaludon|71/100|[from] item: Leftovers
|upkeep
|turn|16
|
|t:|1784878495
|move|p1b: Ninetales|Blizzard|p2a: Archaludon
|-damage|p2a: Archaludon|23/100
|-ability|p2a: Archaludon|Stamina|boost
|-boost|p2a: Archaludon|def|1
|move|p2a: Archaludon|Electro Shot||[still]
|-prepare|p2a: Archaludon|Electro Shot
|-boost|p2a: Archaludon|spa|1
|
|-weather|none
|-heal|p2a: Archaludon|29/100|[from] item: Leftovers
|-end|p2a: Archaludon|Disable
|upkeep
|turn|17
|j| the crimson wooper
|
|t:|1784878513
|move|p1b: Ninetales|Blizzard|p2a: Archaludon
|-damage|p2a: Archaludon|0 fnt
|faint|p2a: Archaludon
|
|win|NoitUK_VGC
|raw|NoitUK_VGC's rating: 1097 → 1130(+33 for winning)
|raw|cocobennyy's rating: 1197 → 1165(-32 for losing)
|l| the crimson wooper
|c|☆cocobennyy|great set
