|j|☆Fosa25
|j|☆SelvesterTheYAK
|html|Fosa25SelvesterTheYAK    
|uhtml|bestof|Game 1 of a best-of-3
|t:|1756953774
|gametype|doubles
|player|p1|Fosa25|102|1203
|player|p2|SelvesterTheYAK|265|1148
|gen|9
|tier|[Gen 9] VGC 2025 Reg H (Bo3)
|rated|
|rule|Species Clause: Limit one of each Pokémon
|rule|Item Clause: Limit 1 of each item
|clearpoke
|poke|p1|Gholdengo, L50|
|poke|p1|Magmar, L50, M|
|poke|p1|Dragonite, L50, M|
|poke|p1|Dondozo, L50, M|
|poke|p1|Rillaboom, L50, F|
|poke|p1|Annihilape, L50, F|
|poke|p2|Tyranitar, L50, F|
|poke|p2|Garchomp, L50, F|
|poke|p2|Gholdengo, L50|
|poke|p2|Talonflame, L50, M|
|poke|p2|Amoonguss, L50, M|
|poke|p2|Milotic, L50, M|
|teampreview|4
|showteam|p1|Gholdengo||LifeOrb|GoodasGold|Protect,NastyPlot,MakeItRain,ShadowBall||||||50|,,,,,Water]Magmar||Eviolite|VitalSpirit|Taunt,WillOWisp,FollowMe,HeatWave|||M|||50|,,,,,Ghost]Dragonite||LoadedDice|Multiscale|Protect,Haze,Tailwind,ScaleShot|||M|||50|,,,,,Fairy]Dondozo||Leftovers|Unaware|Protect,Yawn,WaveCrash,Fissure|||M|||50|,,,,,Fairy]Rillaboom||AssaultVest|GrassySurge|FakeOut,GrassyGlide,WoodHammer,Uturn|||F|||50|,,,,,Fire]Annihilape||SafetyGoggles|Defiant|Protect,BulkUp,RageFist,DrainPunch|||F|||50|,,,,,Steel
|showteam|p2|Tyranitar||AssaultVest|SandStream|RockSlide,TeraBlast,KnockOff,LowKick|||F|||50|,,,,,Flying]Garchomp||LifeOrb|SandVeil|Protect,DragonClaw,StompingTantrum,Earthquake|||F|||50|,,,,,Steel]Gholdengo||MetalCoat|GoodasGold|MakeItRain,ShadowBall,Protect,NastyPlot||||||50|,,,,,Flying]Talonflame||CovertCloak|GaleWings|BraveBird,Tailwind,WillOWisp,Taunt|||M|||50|,,,,,Ghost]Amoonguss||SitrusBerry|Regenerator|Protect,Spore,RagePowder,PollenPuff|||M|||50|,,,,,Water]Milotic||SafetyGoggles|Competitive|Haze,Protect,IcyWind,Scald|||M|||50|,,,,,Dragon
|inactive|Battle timer is ON: inactive players will automatically lose when time's up. (requested by Fosa25)
|inactive|SelvesterTheYAK has 60 seconds left.
|
|t:|1756953812
|teamsize|p1|4
|teamsize|p2|4
|start
|switch|p1a: Magmar|Magmar, L50, M|100/100
|switch|p1b: Dragonite|Dragonite, L50, M|100/100
|switch|p2a: Talonflame|Talonflame, L50, M|100/100
|switch|p2b: Garchomp|Garchomp, L50, F|100/100
|turn|1
|
|t:|1756953836
|move|p2a: Talonflame|Taunt|p1a: Magmar
|-start|p1a: Magmar|move: Taunt
|move|p2b: Garchomp|Dragon Claw|p1b: Dragonite
|-supereffective|p1b: Dragonite
|-damage|p1b: Dragonite|47/100
|-damage|p2b: Garchomp|91/100|[from] item: Life Orb
|move|p1b: Dragonite|Scale Shot|p2a: Talonflame
|-crit|p2a: Talonflame
|-damage|p2a: Talonflame|78/100
|-damage|p2a: Talonflame|60/100
|-damage|p2a: Talonflame|43/100
|-damage|p2a: Talonflame|26/100
|-hitcount|p2a: Talonflame|4
|-unboost|p1b: Dragonite|def|1
|-boost|p1b: Dragonite|spe|1
|move|p1a: Magmar|Heat Wave|p2b: Garchomp|[spread] p2a,p2b
|-resisted|p2a: Talonflame
|-resisted|p2b: Garchomp
|-damage|p2a: Talonflame|10/100
|-damage|p2b: Garchomp|78/100
|
|upkeep
|turn|2
|inactive|Fosa25 has 30 seconds left.
|inactive|SelvesterTheYAK has 30 seconds left.
|inactive|SelvesterTheYAK has 20 seconds left.
|
|t:|1756953872
|move|p1b: Dragonite|Tailwind|p1b: Dragonite
|-sidestart|p1: Fosa25|move: Tailwind
|move|p1a: Magmar|Heat Wave|p2a: Talonflame|[spread] p2a,p2b
|-resisted|p2a: Talonflame
|-resisted|p2b: Garchomp
|-damage|p2a: Talonflame|0 fnt
|-damage|p2b: Garchomp|63/100
|faint|p2a: Talonflame
|move|p2b: Garchomp|Dragon Claw|p1b: Dragonite
|-supereffective|p1b: Dragonite
|-damage|p1b: Dragonite|0 fnt
|faint|p1b: Dragonite
|-damage|p2b: Garchomp|53/100|[from] item: Life Orb
|
|upkeep
|
|t:|1756953885
|switch|p2a: Tyranitar|Tyranitar, L50, F|100/100
|switch|p1b: Annihilape|Annihilape, L50, F|100/100
|-weather|Sandstorm|[from] ability: Sand Stream|[of] p2a: Tyranitar
|turn|3
|
|t:|1756953901
|move|p1b: Annihilape|Protect|p1b: Annihilape
|-singleturn|p1b: Annihilape|Protect
|move|p1a: Magmar|Heat Wave|p2a: Tyranitar|[spread] p2a,p2b
|-resisted|p2a: Tyranitar
|-crit|p2a: Tyranitar
|-resisted|p2b: Garchomp
|-damage|p2a: Tyranitar|93/100
|-damage|p2b: Garchomp|40/100
|move|p2b: Garchomp|Stomping Tantrum|p1a: Magmar
|-supereffective|p1a: Magmar
|-damage|p1a: Magmar|10/100
|-damage|p2b: Garchomp|30/100|[from] item: Life Orb
|move|p2a: Tyranitar|Knock Off|p1b: Annihilape
|-activate|p1b: Annihilape|move: Protect
|
|-weather|Sandstorm|[upkeep]
|-damage|p1a: Magmar|4/100|[from] Sandstorm
|-end|p1a: Magmar|move: Taunt
|upkeep
|turn|4
|
|t:|1756953920
|-terastallize|p1b: Annihilape|Steel
|move|p2b: Garchomp|Protect|p2b: Garchomp
|-singleturn|p2b: Garchomp|Protect
|move|p1b: Annihilape|Rage Fist|p2b: Garchomp
|-activate|p2b: Garchomp|move: Protect
|move|p1a: Magmar|Heat Wave|p2a: Tyranitar|[spread] p2a
|-activate|p2b: Garchomp|move: Protect
|-resisted|p2a: Tyranitar
|-damage|p2a: Tyranitar|87/100
|move|p2a: Tyranitar|Knock Off|p1b: Annihilape
|-damage|p1b: Annihilape|47/100
|-enditem|p1b: Annihilape|Safety Goggles|[from] move: Knock Off|[of] p2a: Tyranitar
|
|-weather|Sandstorm|[upkeep]
|-damage|p1a: Magmar|0 fnt|[from] Sandstorm
|faint|p1a: Magmar
|upkeep
|
|t:|1756953924
|switch|p1a: Gholdengo|Gholdengo, L50|100/100
|turn|5
|inactive|SelvesterTheYAK has 30 seconds left.
|inactive|SelvesterTheYAK has 20 seconds left.
|
|t:|1756953961
|move|p1a: Gholdengo|Make It Rain|p2a: Tyranitar|[spread] p2a,p2b
|-supereffective|p2a: Tyranitar
|-damage|p2a: Tyranitar|37/100
|-damage|p2b: Garchomp|0 fnt
|-unboost|p1a: Gholdengo|spa|1
|faint|p2b: Garchomp
|-damage|p1a: Gholdengo|91/100|[from] item: Life Orb
|move|p1b: Annihilape|Rage Fist|p2a: Tyranitar
|-resisted|p2a: Tyranitar
|-damage|p2a: Tyranitar|18/100
|move|p2a: Tyranitar|Knock Off|p1a: Gholdengo
|-supereffective|p1a: Gholdengo
|-damage|p1a: Gholdengo|0 fnt
|-enditem|p1a: Gholdengo|Life Orb|[from] move: Knock Off|[of] p2a: Tyranitar
|faint|p1a: Gholdengo
|
|-weather|Sandstorm|[upkeep]
|-sideend|p1: Fosa25|move: Tailwind
|upkeep
|
|t:|1756953979
|switch|p2b: Gholdengo|Gholdengo, L50|100/100
|turn|6
|
|t:|1756953992
|-terastallize|p2b: Gholdengo|Flying
|move|p2b: Gholdengo|Shadow Ball|p1b: Annihilape
|-damage|p1b: Annihilape|4/100
|move|p1b: Annihilape|Drain Punch|p2a: Tyranitar
|-supereffective|p2a: Tyranitar
|-crit|p2a: Tyranitar
|-damage|p2a: Tyranitar|0 fnt
|-heal|p1b: Annihilape|12/100|[from] drain|[of] p2a: Tyranitar
|faint|p2a: Tyranitar
|
|-weather|Sandstorm|[upkeep]
|-damage|p2b: Gholdengo|94/100|[from] Sandstorm
|upkeep
|turn|7
|
|t:|1756954006
|move|p2b: Gholdengo|Shadow Ball|p1b: Annihilape
|-damage|p1b: Annihilape|0 fnt
|faint|p1b: Annihilape
|
|win|SelvesterTheYAK
||Fosa25 is ready for game 2.
|inactive|SelvesterTheYAK has 30 seconds to confirm battle start!
||SelvesterTheYAK is ready for game 2.
|uhtml|next|Next: Game 2 of 3
|l|☆Fosa25
|player|p1|
