|j|☆dr_sugus_vgc
|j|☆metvgc
|html|dr_sugus_vgcmetvgc    
|uhtml|bestof|Game 1 of a best-of-3
|t:|1756463671
|gametype|doubles
|player|p1|dr_sugus_vgc|265|1188
|player|p2|metvgc|linebacker|1192
|gen|9
|tier|[Gen 9] VGC 2025 Reg H (Bo3)
|rated|
|rule|Species Clause: Limit one of each Pokémon
|rule|Item Clause: Limit 1 of each item
|clearpoke
|poke|p1|Politoed, L50, F|
|poke|p1|Gothitelle, L50, M|
|poke|p1|Incineroar, L50, F|
|poke|p1|Kingdra, L50, M|
|poke|p1|Amoonguss, L50, F|
|poke|p1|Archaludon, L50, F|
|poke|p2|Electabuzz, L50, F|
|poke|p2|Sneasler, L50, M|
|poke|p2|Volcarona, L50, F|
|poke|p2|Rillaboom, L50, M|
|poke|p2|Dragapult, L50, M|
|poke|p2|Incineroar, L50, F|
|teampreview|4
|showteam|p1|Politoed||Leftovers|Drizzle|Protect,WeatherBall,PerishSong,Encore|||F|||50|,,,,,Grass]Gothitelle||SitrusBerry|ShadowTag|Protect,Psychic,FakeOut,TrickRoom|||M|||50|,,,,,Dark]Incineroar||SafetyGoggles|Intimidate|Protect,KnockOff,FakeOut,PartingShot|||F|||50|,,,,,Ghost]Kingdra||LifeOrb|SwiftSwim|WeatherBall,DracoMeteor,MuddyWater,Protect|||M|||50|,,,,,Water]Amoonguss||EjectButton|Regenerator|Protect,RagePowder,PollenPuff,Spore|||F|||50|,,,,,Fairy]Archaludon||PowerHerb|Sturdy|DragonPulse,ElectroShot,FlashCannon,Protect|||F|||50|,,,,,Electric
|showteam|p2|Electabuzz||Eviolite|VitalSpirit|Electroweb,Taunt,Protect,FollowMe|||F|||50|,,,,,Fairy]Sneasler||FocusSash|PoisonTouch|DireClaw,CloseCombat,Coaching,FakeOut|||M|||50|,,,,,Ghost]Volcarona||CovertCloak|FlameBody|Protect,QuiverDance,HeatWave,GigaDrain|||F|||50|,,,,,Grass]Rillaboom||AssaultVest|GrassySurge|FakeOut,GrassyGlide,WoodHammer,Uturn|||M|||50|,,,,,Fire]Dragapult||ChoiceBand|ClearBody|DragonDarts,Outrage,PhantomForce,Uturn|||M|||50|,,,,,Dragon]Incineroar||SafetyGoggles|Intimidate|KnockOff,FlareBlitz,PartingShot,FakeOut|||F|||50|,,,,,Ghost
|inactive|Battle timer is ON: inactive players will automatically lose when time's up. (requested by dr_sugus_vgc)
|inactive|dr_sugus_vgc has 60 seconds left.
|inactive|metvgc has 60 seconds left.
|
|t:|1756463722
|teamsize|p1|4
|teamsize|p2|4
|start
|switch|p1a: Politoed|Politoed, L50, F|100/100
|switch|p1b: Kingdra|Kingdra, L50, M|100/100
|switch|p2a: Dragapult|Dragapult, L50, M|100/100
|switch|p2b: Volcarona|Volcarona, L50, F|100/100
|-weather|RainDance|[from] ability: Drizzle|[of] p1a: Politoed
|turn|1
|inactive|dr_sugus_vgc has 30 seconds left.
|inactive|dr_sugus_vgc has 20 seconds left.
|inactive|dr_sugus_vgc has 15 seconds left.
|
|t:|1756463767
|switch|p2a: Rillaboom|Rillaboom, L50, M|100/100
|-fieldstart|move: Grassy Terrain|[from] ability: Grassy Surge|[of] p2a: Rillaboom
|-terastallize|p2b: Volcarona|Grass
|move|p1b: Kingdra|Draco Meteor|p2a: Rillaboom
|-damage|p2a: Rillaboom|50/100
|-unboost|p1b: Kingdra|spa|2
|-damage|p1b: Kingdra|90/100|[from] item: Life Orb
|move|p2b: Volcarona|Quiver Dance|p2b: Volcarona
|-boost|p2b: Volcarona|spa|1
|-boost|p2b: Volcarona|spd|1
|-boost|p2b: Volcarona|spe|1
|move|p1a: Politoed|Encore|p2b: Volcarona
|-start|p2b: Volcarona|Encore
|
|-weather|RainDance|[upkeep]
|-heal|p1b: Kingdra|96/100|[from] Grassy Terrain
|-heal|p2a: Rillaboom|56/100|[from] Grassy Terrain
|upkeep
|turn|2
|
|t:|1756463789
|switch|p1b: Gothitelle|Gothitelle, L50, M|100/100
|move|p1a: Politoed|Protect|p1a: Politoed
|-singleturn|p1a: Politoed|Protect
|move|p2b: Volcarona|Quiver Dance|p2b: Volcarona
|-boost|p2b: Volcarona|spa|1
|-boost|p2b: Volcarona|spd|1
|-boost|p2b: Volcarona|spe|1
|move|p2a: Rillaboom|Wood Hammer|p1a: Politoed
|-activate|p1a: Politoed|move: Protect
|
|-weather|RainDance|[upkeep]
|-heal|p2a: Rillaboom|61/100|[from] Grassy Terrain
|upkeep
|turn|3
|
|t:|1756463813
|-terastallize|p1a: Politoed|Grass
|move|p2b: Volcarona|Quiver Dance|p2b: Volcarona
|-boost|p2b: Volcarona|spa|1
|-boost|p2b: Volcarona|spd|1
|-boost|p2b: Volcarona|spe|1
|move|p2a: Rillaboom|Wood Hammer|p1a: Politoed
|-resisted|p1a: Politoed
|-damage|p1a: Politoed|63/100
|-damage|p2a: Rillaboom|50/100|[from] Recoil
|move|p1a: Politoed|Perish Song|p1a: Politoed
|-start|p1a: Politoed|perish3|[silent]
|-start|p1b: Gothitelle|perish3|[silent]
|-start|p2a: Rillaboom|perish3|[silent]
|-start|p2b: Volcarona|perish3|[silent]
|-fieldactivate|move: Perish Song
|move|p1b: Gothitelle|Trick Room|p1b: Gothitelle
|-fieldstart|move: Trick Room|[of] p1b: Gothitelle
|
|-weather|RainDance|[upkeep]
|-heal|p1a: Politoed|69/100|[from] Grassy Terrain
|-heal|p1a: Politoed|75/100|[from] item: Leftovers
|-heal|p2a: Rillaboom|56/100|[from] Grassy Terrain
|-start|p1b: Gothitelle|perish3
|-start|p1a: Politoed|perish3
|-start|p2a: Rillaboom|perish3
|-start|p2b: Volcarona|perish3
|upkeep
|turn|4
|inactive|dr_sugus_vgc has 30 seconds left.
|
|t:|1756463846
|move|p1b: Gothitelle|Protect|p1b: Gothitelle
|-singleturn|p1b: Gothitelle|Protect
|move|p1a: Politoed|Encore|p2a: Rillaboom
|-start|p2a: Rillaboom|Encore
|move|p2a: Rillaboom|Wood Hammer|p1a: Politoed
|-resisted|p1a: Politoed
|-damage|p1a: Politoed|38/100
|-damage|p2a: Rillaboom|44/100|[from] Recoil
|move|p2b: Volcarona|Quiver Dance|p2b: Volcarona
|-boost|p2b: Volcarona|spa|1
|-boost|p2b: Volcarona|spd|1
|-boost|p2b: Volcarona|spe|1
|
|-weather|RainDance|[upkeep]
|-heal|p1a: Politoed|44/100|[from] Grassy Terrain
|-heal|p1a: Politoed|50/100|[from] item: Leftovers
|-heal|p2a: Rillaboom|50/100|[from] Grassy Terrain
|-end|p2b: Volcarona|Encore
|-start|p1b: Gothitelle|perish2
|-start|p1a: Politoed|perish2
|-start|p2a: Rillaboom|perish2
|-start|p2b: Volcarona|perish2
|upkeep
|turn|5
|inactive|dr_sugus_vgc has 30 seconds left.
|
|t:|1756463875
|move|p1b: Gothitelle|Psychic|p2a: Rillaboom
|-damage|p2a: Rillaboom|31/100
|move|p1a: Politoed|Encore|p2b: Volcarona
|-start|p2b: Volcarona|Encore
|move|p2a: Rillaboom|Wood Hammer|p1a: Politoed
|-resisted|p1a: Politoed
|-crit|p1a: Politoed
|-damage|p1a: Politoed|0 fnt
|faint|p1a: Politoed
|-damage|p2a: Rillaboom|15/100|[from] Recoil
|move|p2b: Volcarona|Quiver Dance|p2b: Volcarona
|-boost|p2b: Volcarona|spa|1
|-boost|p2b: Volcarona|spd|1
|-boost|p2b: Volcarona|spe|1
|
|-weather|none
|-heal|p2a: Rillaboom|21/100|[from] Grassy Terrain
|-start|p1b: Gothitelle|perish1
|-start|p2a: Rillaboom|perish1
|-start|p2b: Volcarona|perish1
|-fieldend|move: Grassy Terrain
|upkeep
|inactive|dr_sugus_vgc has 30 seconds left.
|
|t:|1756463900
|switch|p1a: Kingdra|Kingdra, L50, M|96/100
|turn|6
|
|t:|1756463910
|switch|p1b: Incineroar|Incineroar, L50, F|100/100
|-ability|p1b: Incineroar|Intimidate|boost
|-unboost|p2a: Rillaboom|atk|1
|-unboost|p2b: Volcarona|atk|1
|move|p1a: Kingdra|Protect|p1a: Kingdra
|-singleturn|p1a: Kingdra|Protect
|move|p2a: Rillaboom|Wood Hammer|p1a: Kingdra
|-activate|p1a: Kingdra|move: Protect
|move|p2b: Volcarona|Quiver Dance|p2b: Volcarona
|-boost|p2b: Volcarona|spa|1
|-boost|p2b: Volcarona|spd|1
|-boost|p2b: Volcarona|spe|1
|
|-end|p2a: Rillaboom|Encore
|-start|p2a: Rillaboom|perish0
|-start|p2b: Volcarona|perish0
|faint|p2a: Rillaboom
|faint|p2b: Volcarona
|upkeep
|
|t:|1756463914
|switch|p2a: Electabuzz|Electabuzz, L50, F|100/100
|switch|p2b: Dragapult|Dragapult, L50, M|100/100
|turn|7
|inactive|dr_sugus_vgc has 30 seconds left.
|
|t:|1756463940
|switch|p1a: Gothitelle|Gothitelle, L50, M|100/100
|move|p2a: Electabuzz|Follow Me|p2a: Electabuzz
|-singleturn|p2a: Electabuzz|move: Follow Me
|move|p1b: Incineroar|Knock Off|p2a: Electabuzz
|-damage|p2a: Electabuzz|63/100
|-enditem|p2a: Electabuzz|Eviolite|[from] move: Knock Off|[of] p1b: Incineroar
|move|p2b: Dragapult|Dragon Darts|p1a: Gothitelle
|-damage|p1a: Gothitelle|68/100
|-anim|p2b: Dragapult|Dragon Darts|p1b: Incineroar
|-damage|p1b: Incineroar|67/100
|
|-fieldend|move: Trick Room
|upkeep
|turn|8
|inactive|dr_sugus_vgc has 30 seconds left.
|
|t:|1756463973
|move|p2a: Electabuzz|Follow Me|p2a: Electabuzz
|-singleturn|p2a: Electabuzz|move: Follow Me
|move|p2b: Dragapult|Dragon Darts|p1a: Gothitelle
|-damage|p1a: Gothitelle|33/100
|-enditem|p1a: Gothitelle|Sitrus Berry|[eat]
|-heal|p1a: Gothitelle|58/100|[from] item: Sitrus Berry
|-anim|p2b: Dragapult|Dragon Darts|p1b: Incineroar
|-damage|p1b: Incineroar|30/100
|move|p1b: Incineroar|Knock Off|p2a: Electabuzz
|-damage|p2a: Electabuzz|21/100
|move|p1a: Gothitelle|Trick Room|p1a: Gothitelle
|-fieldstart|move: Trick Room|[of] p1a: Gothitelle
|
|upkeep
|turn|9
|
|t:|1756463986
|move|p2a: Electabuzz|Follow Me|p2a: Electabuzz
|-singleturn|p2a: Electabuzz|move: Follow Me
|move|p1b: Incineroar|Knock Off|p2a: Electabuzz
|-damage|p2a: Electabuzz|0 fnt
|faint|p2a: Electabuzz
|move|p1a: Gothitelle|Psychic|p2b: Dragapult
|-damage|p2b: Dragapult|58/100
|move|p2b: Dragapult|Dragon Darts|p1a: Gothitelle
|-damage|p1a: Gothitelle|22/100
|-anim|p2b: Dragapult|Dragon Darts|p1b: Incineroar
|-damage|p1b: Incineroar|0 fnt
|faint|p1b: Incineroar
|
|upkeep
|
|t:|1756463997
|switch|p1b: Kingdra|Kingdra, L50, M|96/100
|turn|10
|
|t:|1756464002
|move|p1a: Gothitelle|Psychic|p2b: Dragapult
|-damage|p2b: Dragapult|20/100
|move|p1b: Kingdra|Draco Meteor|p2b: Dragapult
|-supereffective|p2b: Dragapult
|-damage|p2b: Dragapult|0 fnt
|-unboost|p1b: Kingdra|spa|2
|faint|p2b: Dragapult
|-damage|p1b: Kingdra|86/100|[from] item: Life Orb
|
|win|dr_sugus_vgc
||metvgc is ready for game 2.
||dr_sugus_vgc is ready for game 2.
|uhtml|next|Next: Game 2 of 3
|l|☆metvgc
|player|p2|
