|j|☆Iceman5687
|j|☆alexejball
|html|Iceman5687alexejball    
|uhtml|bestof|Game 2 of a best-of-3
|t:|1782387858
|gametype|doubles
|player|p1|Iceman5687|266|1112
|player|p2|alexejball|265|1000
|gen|9
|tier|[Gen 9 Champions] VGC 2026 Reg M-B (Bo3)
|rated|
|rule|Species Clause: Limit one of each Pokémon
|rule|Item Clause: Limit 1 of each item
|clearpoke
|poke|p1|Floette-Eternal, L50, F|
|poke|p1|Charizard, L50, M|
|poke|p1|Kingambit, L50, M|
|poke|p1|Whimsicott, L50, M|
|poke|p1|Basculegion, L50, M|
|poke|p1|Garchomp, L50, M|
|poke|p2|Charizard, L50, F, shiny|
|poke|p2|Aegislash, L50, M, shiny|
|poke|p2|Malamar, L50, M|
|poke|p2|Gyarados, L50, F|
|poke|p2|Blaziken, L50, F|
|poke|p2|Archaludon, L50, F|
|teampreview|4
|showteam|p1|Floette-Eternal||Floettite|FlowerVeil|LightofRuin,Moonblast,DazzlingGleam,Protect|Modest||F|||50|]Charizard||CharizarditeY|Blaze|SolarBeam,HeatWave,WeatherBall,Protect|Modest||M|||50|]Kingambit||ChopleBerry|Defiant|IronHead,LowKick,KowtowCleave,SuckerPunch|Adamant||M|||50|]Whimsicott||FocusSash|Prankster|Moonblast,Tailwind,Encore,Protect|Timid||M|||50|]Basculegion||LifeOrb|Adaptability|WaveCrash,Protect,LastRespects,AquaJet|Adamant||M|||50|]Garchomp||RoseliBerry|RoughSkin|Earthquake,RockSlide,PoisonJab,DragonClaw|Adamant||M|||50|
|showteam|p2|Charizard||CharizarditeY|Blaze|AirSlash,WeatherBall,DragonPulse,SolarBeam|Modest||F|||50|]Aegislash||MetalCoat|StanceChange|SacredSword,ShadowClaw,SwordsDance,IronHead|Adamant||M|||50|]Malamar||MuscleBand|Contrary|Superpower,Liquidation,PsychoCut,KnockOff|Adamant||M|||50|]Gyarados||Gyaradosite|Intimidate|Crunch,Waterfall,DragonDance,Earthquake|Adamant||F|||50|]Blaziken||LifeOrb|SpeedBoost|BrickBreak,FirePunch,Uturn,Acrobatics|Jolly||F|||50|]Archaludon||Leftovers|Stamina|ElectroShot,FlashCannon,DragonPulse,Substitute|Bold||F|||50|
|inactive|Battle timer is ON: inactive players will automatically lose when time's up. (requested by alexejball)
|
|t:|1782387874
|teamsize|p1|4
|teamsize|p2|4
|start
|switch|p1a: Whimsicott|Whimsicott, L50, M|100/100
|switch|p1b: Garchomp|Garchomp, L50, M|100/100
|switch|p2a: Gyarados|Gyarados, L50, F|100/100
|switch|p2b: Malamar|Malamar, L50, M|100/100
|-ability|p2a: Gyarados|Intimidate|boost
|-unboost|p1a: Whimsicott|atk|1
|-unboost|p1b: Garchomp|atk|1
|turn|1
|inactive|alexejball has 30 seconds left.
|inactive|alexejball has 20 seconds left.
|
|t:|1782387914
|detailschange|p2a: Gyarados|Gyarados-Mega, L50, F
|-mega|p2a: Gyarados|Gyarados|Gyaradosite
|-ability|p2a: Gyarados|Mold Breaker
|move|p1a: Whimsicott|Moonblast|p2b: Malamar
|-supereffective|p2b: Malamar|1
|-damage|p2b: Malamar|20/100y
|move|p1b: Garchomp|Rock Slide|p2b: Malamar|[spread] p2a,p2b
|-damage|p2a: Gyarados|87/100
|-damage|p2b: Malamar|5/100
|move|p2a: Gyarados|Dragon Dance|p2a: Gyarados
|-boost|p2a: Gyarados|atk|1
|-boost|p2a: Gyarados|spe|1
|move|p2b: Malamar|Superpower|p1b: Garchomp
|-damage|p1b: Garchomp|66/100
|-boost|p2b: Malamar|atk|1
|-boost|p2b: Malamar|def|1
|-damage|p2b: Malamar|0 fnt|[from] ability: Rough Skin|[of] p1b: Garchomp
|faint|p2b: Malamar
|
|upkeep
|
|t:|1782387933
|switch|p2b: Blaziken|Blaziken, L50, F|100/100
|turn|2
|
|t:|1782387946
|move|p1a: Whimsicott|Tailwind|p1a: Whimsicott
|-sidestart|p1: Iceman5687|move: Tailwind
|move|p1b: Garchomp|Rock Slide|p2b: Blaziken|[spread] p2a,p2b
|-damage|p2a: Gyarados|75/100
|-damage|p2b: Blaziken|80/100
|cant|p2a: Gyarados|flinch
|move|p2b: Blaziken|Fire Punch|p1a: Whimsicott
|-supereffective|p1a: Whimsicott|1
|-enditem|p1a: Whimsicott|Focus Sash
|-damage|p1a: Whimsicott|1/100
|-status|p1a: Whimsicott|brn
|-damage|p2b: Blaziken|71/100|[from] item: Life Orb
|
|-damage|p1a: Whimsicott|0 fnt|[from] brn
|faint|p1a: Whimsicott
|-ability|p2b: Blaziken|Speed Boost|boost
|-boost|p2b: Blaziken|spe|1
|upkeep
|
|t:|1782387957
|switch|p1a: Floette|Floette-Eternal, L50, F|100/100
|turn|3
|
|t:|1782387980
|switch|p1b: Basculegion|Basculegion, L50, M|100/100
|detailschange|p1a: Floette|Floette-Mega, L50, F
|-mega|p1a: Floette|Floette|Floettite
|-ability|p1a: Floette|Fairy Aura
|move|p1a: Floette|Moonblast|p2a: Gyarados
|-supereffective|p2a: Gyarados|1
|-damage|p2a: Gyarados|0 fnt
|faint|p2a: Gyarados
|move|p2b: Blaziken|Fire Punch|p1a: Floette
|-damage|p1a: Floette|37/100
|-damage|p2b: Blaziken|61/100|[from] item: Life Orb
|
|-ability|p2b: Blaziken|Speed Boost|boost
|-boost|p2b: Blaziken|spe|1
|upkeep
|
|t:|1782387993
|switch|p2a: Aegislash|Aegislash, L50, M, shiny|100/100
|turn|4
|
|t:|1782388008
|move|p1b: Basculegion|Aqua Jet|p2b: Blaziken
|-supereffective|p2b: Blaziken|1
|-damage|p2b: Blaziken|0 fnt
|faint|p2b: Blaziken
|-damage|p1b: Basculegion|90/100|[from] item: Life Orb
|move|p1a: Floette|Moonblast|p2a: Aegislash
|-resisted|p2a: Aegislash|1
|-damage|p2a: Aegislash|62/100
|-formechange|p2a: Aegislash|Aegislash-Blade|
|move|p2a: Aegislash|Shadow Claw|p1b: Basculegion
|-supereffective|p1b: Basculegion|1
|-damage|p1b: Basculegion|0 fnt
|faint|p1b: Basculegion
|
|upkeep
|
|t:|1782388020
|switch|p1b: Garchomp|Garchomp, L50, M|66/100
|turn|5
|
|t:|1782388042
|move|p1a: Floette|Protect|p1a: Floette
|-singleturn|p1a: Floette|Protect
|move|p1b: Garchomp|Earthquake|p2a: Aegislash|[spread] p2a
|-activate|p1a: Floette|move: Protect
|-supereffective|p2a: Aegislash|1
|-damage|p2a: Aegislash|0 fnt
|faint|p2a: Aegislash
|
|win|Iceman5687
|raw|Iceman5687's rating: 1112 → 1129(+17 for winning)
|raw|alexejball's rating: 1000 → 1000(+0 for losing)
