|j|‽wing2103
|j|☆FencingMaster13
|html|wing2103FencingMaster13    
|uhtml|bestof|Game 2 of a best-of-3
|t:|1784786260
|gametype|doubles
|player|p1|wing2103|guitarist-gen4|1050
|player|p2|FencingMaster13|1|1000
|gen|9
|tier|[Gen 9 Champions] VGC 2026 Reg M-B (Bo3)
|rated|
|rule|Species Clause: Limit one of each Pokémon
|rule|Item Clause: Limit 1 of each item
|clearpoke
|poke|p1|Politoed, L50, F, shiny|
|poke|p1|Noivern, L50, M|
|poke|p1|Staraptor, L50, M|
|poke|p1|Whimsicott, L50, F|
|poke|p1|Basculegion, L50, M|
|poke|p1|Archaludon, L50, M, shiny|
|poke|p2|Archaludon, L50, M, shiny|
|poke|p2|Sylveon, L50, M, shiny|
|poke|p2|Pelipper, L50, M, shiny|
|poke|p2|Swampert, L50, M|
|poke|p2|Sinistcha-Masterpiece, L50, shiny|
|poke|p2|Sableye, L50, M, shiny|
|teampreview|4
|showteam|p1|Politoed||ExpertBelt|Drizzle|HelpingHand,Protect,EarthPower,WeatherBall|Timid||F|||50|]Noivern||ScopeLens|Infiltrator|Hurricane,HeatWave,Protect,DracoMeteor|Timid||M|||50|]Staraptor||Staraptite|Intimidate|BraveBird,CloseCombat,Protect,BrickBreak|Jolly||M|||50|]Whimsicott||FocusSash|Prankster|Charm,Endeavor,Tailwind,Taunt|Timid||F|||50|]Basculegion||LifeOrb|SwiftSwim|FlipTurn,LastRespects,Liquidation,PsychicFangs|Adamant||M|||50|]Archaludon||ChoiceScarf|Sturdy|ElectroShot,DracoMeteor,FlashCannon,Protect|Modest||M|||50|
|showteam|p2|Archaludon||Leftovers|Stamina|ElectroShot,FlashCannon,DragonPulse,Protect|Modest||M|||50|]Sylveon||LifeOrb|Pixilate|HyperVoice,HyperBeam,QuickAttack,Protect|Timid||M|||50|]Pelipper||FocusSash|Drizzle|Hurricane,WeatherBall,Tailwind,Protect|Timid||M|||50|]Swampert||Swampertite|Damp|WaveCrash,Earthquake,IcePunch,Protect|Adamant||M|||50|]Sinistcha-Masterpiece||KasibBerry|Hospitality|MatchaGotcha,RagePowder,TrickRoom,Protect|Relaxed|||||50|]Sableye||LightClay|Prankster|Quash,RainDance,Reflect,LightScreen|Sassy||M|||50|
|inactive|Battle timer is ON: inactive players will automatically lose when time's up. (requested by FencingMaster13)
|inactive|FencingMaster13 has 60 seconds left.
|inactive|FencingMaster13 has 30 seconds left.
|
|t:|1784786330
|teamsize|p1|4
|teamsize|p2|4
|start
|switch|p1a: Basculegion|Basculegion, L50, M|100/100
|switch|p1b: Whimsicott|Whimsicott, L50, F|100/100
|switch|p2a: Swampert|Swampert, L50, M|100/100
|switch|p2b: Pelipper|Pelipper, L50, M, shiny|100/100
|-weather|RainDance|[from] ability: Drizzle|[of] p2b: Pelipper
|turn|1
|inactive|wing2103 has 30 seconds left.
|
|t:|1784786356
|detailschange|p2a: Swampert|Swampert-Mega, L50, M
|-mega|p2a: Swampert|Swampert|Swampertite
|move|p2b: Pelipper|Protect|p2b: Pelipper
|-singleturn|p2b: Pelipper|Protect
|move|p1b: Whimsicott|Tailwind|p1b: Whimsicott
|-sidestart|p1: wing2103|move: Tailwind
|move|p1a: Basculegion|Flip Turn|p2a: Swampert
|-damage|p2a: Swampert|38/100
|-damage|p1a: Basculegion|90/100|[from] item: Life Orb
|
|t:|1784786367
|switch|p1a: Archaludon|Archaludon, L50, M, shiny|100/100|[from] Flip Turn
|move|p2a: Swampert|Ice Punch|p1b: Whimsicott
|-supereffective|p1b: Whimsicott|1
|-damage|p1b: Whimsicott|18/100
|-status|p1b: Whimsicott|frz
|
|-weather|RainDance|[upkeep]
|upkeep
|turn|2
|inactive|wing2103 has 30 seconds left.
|
|t:|1784786402
|switch|p1b: Basculegion|Basculegion, L50, M|90/100
|move|p1a: Archaludon|Electro Shot||[still]
|-prepare|p1a: Archaludon|Electro Shot
|-boost|p1a: Archaludon|spa|1
|-anim|p1a: Archaludon|Electro Shot|p2b: Pelipper
|-supereffective|p2b: Pelipper|2
|-enditem|p2b: Pelipper|Focus Sash
|-damage|p2b: Pelipper|1/100
|move|p2a: Swampert|Earthquake|p1b: Basculegion|[spread] p1a,p1b
|-immune|p2b: Pelipper
|-supereffective|p1a: Archaludon|1
|-damage|p1a: Archaludon|19/100
|-damage|p1b: Basculegion|26/100
|move|p2b: Pelipper|Tailwind|p2b: Pelipper
|-sidestart|p2: FencingMaster13|move: Tailwind
|
|-weather|RainDance|[upkeep]
|upkeep
|turn|3
|inactive|wing2103 has 30 seconds left.
|inactive|FencingMaster13 has 30 seconds left.
|
|t:|1784786432
|switch|p1a: Staraptor|Staraptor, L50, M|100/100
|-ability|p1a: Staraptor|Intimidate|boost
|-unboost|p2a: Swampert|atk|1
|-unboost|p2b: Pelipper|atk|1
|switch|p2b: Sinistcha|Sinistcha-Masterpiece, L50, shiny|100/100
|-heal|p2a: Swampert|63/100|[from] ability: Hospitality|[of] p2b: Sinistcha
|move|p1b: Basculegion|Flip Turn|p2a: Swampert
|-damage|p2a: Swampert|9/100
|-damage|p1b: Basculegion|16/100|[from] item: Life Orb
|
|t:|1784786449
|switch|p1b: Whimsicott|Whimsicott, L50, F|18/100 frz|[from] Flip Turn
|move|p2a: Swampert|Earthquake|p1a: Staraptor|[spread] p2b,p1b
|-immune|p1a: Staraptor
|-resisted|p2b: Sinistcha|1
|-resisted|p1b: Whimsicott|1
|-damage|p2b: Sinistcha|86/100
|-damage|p1b: Whimsicott|0 fnt
|faint|p1b: Whimsicott
|
|-weather|RainDance|[upkeep]
|upkeep
|
|t:|1784786459
|switch|p1b: Archaludon|Archaludon, L50, M, shiny|19/100
|turn|4
|
|t:|1784786480
|detailschange|p1a: Staraptor|Staraptor-Mega, L50, M
|-mega|p1a: Staraptor|Staraptor|Staraptite
|move|p2b: Sinistcha|Rage Powder|p2b: Sinistcha
|-singleturn|p2b: Sinistcha|move: Rage Powder
|move|p2a: Swampert|Wave Crash|p1a: Staraptor
|-damage|p1a: Staraptor|11/100
|-damage|p2a: Swampert|0 fnt|[from] Recoil
|faint|p2a: Swampert
|move|p1b: Archaludon|Draco Meteor|p2b: Sinistcha|[miss]
|-miss|p1b: Archaludon|p2b: Sinistcha
|move|p1a: Staraptor|Brave Bird|p2b: Sinistcha
|-supereffective|p2b: Sinistcha|1
|-damage|p2b: Sinistcha|0 fnt
|faint|p2b: Sinistcha
|-damage|p1a: Staraptor|0 fnt|[from] Recoil
|faint|p1a: Staraptor
|
|-weather|RainDance|[upkeep]
|-sideend|p1: wing2103|move: Tailwind
|upkeep
|
|t:|1784786497
|switch|p1a: Basculegion|Basculegion, L50, M|16/100
|switch|p2a: Archaludon|Archaludon, L50, M, shiny|100/100
|switch|p2b: Pelipper|Pelipper, L50, M, shiny|1/100
|turn|5
|inactive|FencingMaster13 has 30 seconds left.
|inactive|FencingMaster13 has 20 seconds left.
|inactive|FencingMaster13 has 15 seconds left.
|
|t:|1784786537
|move|p2a: Archaludon|Electro Shot||[still]
|-prepare|p2a: Archaludon|Electro Shot
|-boost|p2a: Archaludon|spa|1
|-anim|p2a: Archaludon|Electro Shot|p1a: Basculegion
|-supereffective|p1a: Basculegion|1
|-damage|p1a: Basculegion|0 fnt
|faint|p1a: Basculegion
|move|p2b: Pelipper|Hurricane|p1b: Archaludon
|-resisted|p1b: Archaludon|1
|-damage|p1b: Archaludon|0 fnt
|faint|p1b: Archaludon
|
|win|FencingMaster13
|raw|wing2103's rating: 1050 → 1030(-20 for losing)
|raw|FencingMaster13's rating: 1000 → 1046(+46 for winning)
