|j|☆lexerthanatauros
|j|☆vilan333
|html|lexerthanataurosvilan333    
|uhtml|bestof|Game 1 of a best-of-3
|t:|1783463327
|gametype|doubles
|player|p1|lexerthanatauros|lucas|1089
|player|p2|vilan333|marshal|1144
|gen|9
|tier|[Gen 9 Champions] VGC 2026 Reg M-B (Bo3)
|rated|
|rule|Species Clause: Limit one of each Pokémon
|rule|Item Clause: Limit 1 of each item
|clearpoke
|poke|p1|Chandelure, L50, F|
|poke|p1|Whimsicott, L50, F|
|poke|p1|Milotic, L50, F|
|poke|p1|Kingambit, L50, F|
|poke|p1|Garchomp, L50, M|
|poke|p1|Kangaskhan, L50, F|
|poke|p2|Charizard, L50, M|
|poke|p2|Mawile, L50, F|
|poke|p2|Basculegion, L50, M|
|poke|p2|Garchomp, L50, M|
|poke|p2|Whimsicott, L50, F|
|poke|p2|Farigiraf, L50, M|
|teampreview|4
|showteam|p1|Chandelure||Chandelurite|Infiltrator|HeatWave,ShadowBall,TrickRoom,Protect|Timid||F|||50|]Whimsicott||FocusSash|Prankster|Moonblast,Tailwind,Encore,HelpingHand|Serious||F|||50|]Milotic||Leftovers|Competitive|MuddyWater,Coil,Hypnosis,Protect|Calm||F|||50|]Kingambit||BlackGlasses|Defiant|IronHead,SuckerPunch,SwordsDance,Protect|Brave||F|||50|]Garchomp||LifeOrb|RoughSkin|StompingTantrum,DragonClaw,RockSlide,Protect|Jolly||M|||50|]Kangaskhan||SilkScarf|Scrappy|FakeOut,LastResort|Adamant||F|||50|
|showteam|p2|Charizard||CharizarditeY|Blaze|WeatherBall,HeatWave,SolarBeam,Protect|Timid||M|||50|]Mawile||Mawilite|HyperCutter|PlayRough,SuckerPunch,RockSlide,Protect|Adamant||F|||50|]Basculegion||MysticWater|Adaptability|WaveCrash,LastRespects,AquaJet,Protect|Adamant||M|||50|]Garchomp||LifeOrb|RoughSkin|Earthquake,DragonClaw,RockSlide,Protect|Jolly||M|||50|]Whimsicott||FocusSash|Prankster|Moonblast,Encore,Tailwind,Protect|Timid||F|||50|]Farigiraf||SitrusBerry|ArmorTail|TwinBeam,Thunderbolt,TrickRoom,HelpingHand|Bold||M|||50|
|inactive|Battle timer is ON: inactive players will automatically lose when time's up. (requested by vilan333)
|inactive|lexerthanatauros has 60 seconds left.
|inactive|lexerthanatauros has 30 seconds left.
|
|t:|1783463513
|teamsize|p1|4
|teamsize|p2|4
|start
|switch|p1a: Garchomp|Garchomp, L50, M|100/100
|switch|p1b: Whimsicott|Whimsicott, L50, F|100/100
|switch|p2a: Farigiraf|Farigiraf, L50, M|100/100
|switch|p2b: Charizard|Charizard, L50, M|100/100
|turn|1
|
|t:|1783463533
|switch|p2b: Mawile|Mawile, L50, F|100/100
|move|p1a: Garchomp|Dragon Claw|p2a: Farigiraf
|-damage|p2a: Farigiraf|58/100
|-damage|p1a: Garchomp|90/100|[from] item: Life Orb
|move|p1b: Whimsicott|Moonblast|p2a: Farigiraf
|-damage|p2a: Farigiraf|32/100
|-enditem|p2a: Farigiraf|Sitrus Berry|[eat]
|-heal|p2a: Farigiraf|57/100|[from] item: Sitrus Berry
|move|p2a: Farigiraf|Trick Room|p2a: Farigiraf
|-fieldstart|move: Trick Room|[of] p2a: Farigiraf
|
|upkeep
|turn|2
|
|t:|1783463550
|detailschange|p2b: Mawile|Mawile-Mega, L50, F
|-mega|p2b: Mawile|Mawile|Mawilite
|move|p1a: Garchomp|Protect|p1a: Garchomp
|-singleturn|p1a: Garchomp|Protect
|move|p2a: Farigiraf|Twin Beam|p1b: Whimsicott
|-damage|p1b: Whimsicott|73/100
|-damage|p1b: Whimsicott|45/100
|-hitcount|p1b: Whimsicott|2
|move|p2b: Mawile|Play Rough|p1a: Garchomp
|-activate|p1a: Garchomp|move: Protect
|move|p1b: Whimsicott|Moonblast|p2a: Farigiraf
|-damage|p2a: Farigiraf|32/100
|
|upkeep
|turn|3
|
|t:|1783463570
|switch|p2a: Charizard|Charizard, L50, M|100/100
|switch|p1b: Kingambit|Kingambit, L50, F|100/100
|switch|p1a: Chandelure|Chandelure, L50, F|100/100
|move|p2b: Mawile|Play Rough|p1a: Chandelure
|-resisted|p1a: Chandelure|1
|-damage|p1a: Chandelure|56/100
|
|upkeep
|turn|4
|inactive|lexerthanatauros has 30 seconds left.
|
|t:|1783463597
|detailschange|p1a: Chandelure|Chandelure-Mega, L50, F
|-mega|p1a: Chandelure|Chandelure|Chandelurite
|move|p2b: Mawile|Sucker Punch|p1a: Chandelure
|-supereffective|p1a: Chandelure|1
|-damage|p1a: Chandelure|0 fnt
|faint|p1a: Chandelure
|move|p1b: Kingambit|Swords Dance|p1b: Kingambit
|-boost|p1b: Kingambit|atk|2
|move|p2a: Charizard|Heat Wave|p1b: Kingambit
|-supereffective|p1b: Kingambit|1
|-damage|p1b: Kingambit|25/100
|
|upkeep
|
|t:|1783463599
|switch|p1a: Garchomp|Garchomp, L50, M|90/100
|turn|5
|
|t:|1783463615
|move|p1b: Kingambit|Protect|p1b: Kingambit
|-singleturn|p1b: Kingambit|Protect
|move|p1a: Garchomp|Protect|p1a: Garchomp
|-singleturn|p1a: Garchomp|Protect
|move|p2b: Mawile|Play Rough|p1a: Garchomp
|-activate|p1a: Garchomp|move: Protect
|move|p2a: Charizard|Heat Wave|p1a: Garchomp|[spread] 
|-activate|p1a: Garchomp|move: Protect
|-activate|p1b: Kingambit|move: Protect
|
|-fieldend|move: Trick Room
|upkeep
|turn|6
|
|t:|1783463631
|switch|p2a: Farigiraf|Farigiraf, L50, M|32/100
|move|p1a: Garchomp|Rock Slide|p2b: Mawile|[spread] p2b
|-miss|p1a: Garchomp|p2a: Farigiraf
|-resisted|p2b: Mawile|1
|-damage|p2b: Mawile|87/100
|-damage|p1a: Garchomp|80/100|[from] item: Life Orb
|move|p2b: Mawile|Play Rough|p1b: Kingambit|[miss]
|-miss|p2b: Mawile|p1b: Kingambit
|move|p1b: Kingambit|Iron Head|p2b: Mawile
|-damage|p2b: Mawile|0 fnt
|faint|p2b: Mawile
|
|upkeep
|
|t:|1783463648
|switch|p2b: Basculegion|Basculegion, L50, M|100/100
|turn|7
|
|t:|1783463666
|move|p1b: Kingambit|Protect|p1b: Kingambit
|-singleturn|p1b: Kingambit|Protect
|move|p1a: Garchomp|Dragon Claw|p2a: Farigiraf
|-damage|p2a: Farigiraf|0 fnt
|faint|p2a: Farigiraf
|-damage|p1a: Garchomp|70/100|[from] item: Life Orb
|move|p2b: Basculegion|Wave Crash|p1b: Kingambit
|-activate|p1b: Kingambit|move: Protect
|
|upkeep
|
|t:|1783463678
|switch|p2a: Charizard|Charizard, L50, M|100/100
|turn|8
|
|t:|1783463685
|move|p2b: Basculegion|Aqua Jet|p1b: Kingambit
|-damage|p1b: Kingambit|0 fnt
|faint|p1b: Kingambit
|move|p1a: Garchomp|Rock Slide|p2a: Charizard|[spread] p2a,p2b
|-supereffective|p2a: Charizard|2
|-damage|p2a: Charizard|0 fnt
|-damage|p2b: Basculegion|72/100
|faint|p2a: Charizard
|-damage|p1a: Garchomp|61/100|[from] item: Life Orb
|
|upkeep
|
|t:|1783463686
|switch|p1b: Whimsicott|Whimsicott, L50, F|45/100
|turn|9
|-message|vilan333 forfeited.
|
|win|lexerthanatauros
|l|☆vilan333
|player|p2|
||vilan333 is ready for game 2.
|l|☆lexerthanatauros
|player|p1|
|inactive|lexerthanatauros has 30 seconds to confirm battle start!
||lexerthanatauros is ready for game 2.
|uhtml|next|Next: Game 2 of 3
|j|☆vilan333
|player|p2|vilan333|marshal|
