|j|☆RamonTheKiller
|j|☆WallType
|html|RamonTheKillerWallType    
|uhtml|bestof|Game 2 of a best-of-3
|t:|1757696401
|gametype|doubles
|player|p1|RamonTheKiller|palmer|1287
|player|p2|WallType|2|1214
|gen|9
|tier|[Gen 9] VGC 2025 Reg H (Bo3)
|rated|
|rule|Species Clause: Limit one of each Pokémon
|rule|Item Clause: Limit 1 of each item
|clearpoke
|poke|p1|Ninetales-Alola, L50, M|
|poke|p1|Archaludon, L50, M|
|poke|p1|Annihilape, L50, M|
|poke|p1|Arcanine-Hisui, L50, M|
|poke|p1|Rillaboom, L50, F|
|poke|p1|Electabuzz, L50, M|
|poke|p2|Archaludon, L50, F|
|poke|p2|Incineroar, L50, M|
|poke|p2|Dragonite, L50, M|
|poke|p2|Whimsicott, L50, F|
|poke|p2|Annihilape, L50, F|
|poke|p2|Ursaluna-Bloodmoon, L50, M|
|teampreview|4
|showteam|p1|Ninetales-Alola||FocusSash|SnowWarning|Blizzard,Protect,AuroraVeil,Encore|||M|||50|,,,,,Ghost]Archaludon||PowerHerb|Sturdy|ElectroShot,DragonPulse,Protect,FlashCannon|||M|||50|,,,,,Electric]Annihilape||SafetyGoggles|Defiant|DrainPunch,RageFist,Protect,BulkUp|||M|||50|,,,,,Fire]Arcanine-Hisui||ChoiceBand|Intimidate|FlareBlitz,RockSlide,ExtremeSpeed,TeraBlast|||M|||50|,,,,,Fairy]Rillaboom||AssaultVest|GrassySurge|GrassyGlide,FakeOut,WoodHammer,Uturn|||F|||50|,,,,,Fire]Electabuzz||Eviolite|VitalSpirit|Electroweb,FollowMe,Protect,Taunt|||M|||50|,,,,,Dragon
|showteam|p2|Archaludon||PowerHerb|Stalwart|Thunderbolt,ElectroShot,DragonPulse,Protect|||F|||50|,,,,,Electric]Incineroar||SitrusBerry|Intimidate|FakeOut,KnockOff,PartingShot,FlareBlitz|||M|||50|,,,,,Grass]Dragonite||LoadedDice|Multiscale|ScaleShot,Protect,ExtremeSpeed,Haze|||M|||50|,,,,,Steel]Whimsicott||FocusSash|Prankster|Moonblast,FakeTears,Encore,Tailwind|||F|||50|,,,,,Ghost]Annihilape||SafetyGoggles|Defiant|Coaching,CloseCombat,FinalGambit,RageFist|||F|||50|,,,,,Water]Ursaluna-Bloodmoon||AssaultVest|MindsEye|HyperVoice,EarthPower,BloodMoon,VacuumWave|||M|||50|,,,,,Ghost
|
|t:|1757696435
|teamsize|p1|4
|teamsize|p2|4
|start
|switch|p1a: Ninetales|Ninetales-Alola, L50, M|100/100
|switch|p1b: Annihilape|Annihilape, L50, M|100/100
|switch|p2a: Dragonite|Dragonite, L50, M|100/100
|switch|p2b: Annihilape|Annihilape, L50, F|100/100
|-weather|Snowscape|[from] ability: Snow Warning|[of] p1a: Ninetales
|turn|1
|
|t:|1757696450
|move|p2a: Dragonite|Extreme Speed|p1a: Ninetales
|-damage|p1a: Ninetales|70/100
|move|p1a: Ninetales|Aurora Veil|p1a: Ninetales
|-sidestart|p1: RamonTheKiller|move: Aurora Veil
|move|p1b: Annihilape|Bulk Up|p1b: Annihilape
|-boost|p1b: Annihilape|atk|1
|-boost|p1b: Annihilape|def|1
|move|p2b: Annihilape|Final Gambit|p1a: Ninetales
|-damage|p1a: Ninetales|0 fnt
|faint|p2b: Annihilape
|faint|p1a: Ninetales
|
|-weather|Snowscape|[upkeep]
|upkeep
|
|t:|1757696469
|switch|p1a: Arcanine|Arcanine-Hisui, L50, M|100/100
|switch|p2b: Whimsicott|Whimsicott, L50, F|100/100
|-ability|p1a: Arcanine|Intimidate|boost
|-unboost|p2a: Dragonite|atk|1
|-unboost|p2b: Whimsicott|atk|1
|turn|2
|
|t:|1757696486
|switch|p2a: MoneyMachine|Ursaluna-Bloodmoon, L50, M|100/100
|move|p1b: Annihilape|Protect|p1b: Annihilape
|-singleturn|p1b: Annihilape|Protect
|move|p2b: Whimsicott|Encore|p1b: Annihilape
|-activate|p1b: Annihilape|move: Protect
|move|p1a: Arcanine|Flare Blitz|p2b: Whimsicott
|-supereffective|p2b: Whimsicott
|-enditem|p2b: Whimsicott|Focus Sash
|-damage|p2b: Whimsicott|1/100
|-damage|p1a: Arcanine|69/100|[from] Recoil
|
|-weather|Snowscape|[upkeep]
|upkeep
|turn|3
|
|t:|1757696512
|switch|p1b: Rillaboom|Rillaboom, L50, F|100/100
|-fieldstart|move: Grassy Terrain|[from] ability: Grassy Surge|[of] p1b: Rillaboom
|move|p2b: Whimsicott|Encore||[still]
|-fail|p2b: Whimsicott
|move|p1a: Arcanine|Flare Blitz|p2b: Whimsicott
|-supereffective|p2b: Whimsicott
|-damage|p2b: Whimsicott|0 fnt
|faint|p2b: Whimsicott
|-damage|p1a: Arcanine|69/100|[from] Recoil
|move|p2a: MoneyMachine|Earth Power|p1a: Arcanine
|-supereffective|p1a: Arcanine
|-crit|p1a: Arcanine
|-damage|p1a: Arcanine|0 fnt
|faint|p1a: Arcanine
|
|-weather|Snowscape|[upkeep]
|upkeep
|
|t:|1757696530
|switch|p2b: Dragonite|Dragonite, L50, M|100/100
|switch|p1a: Annihilape|Annihilape, L50, M|100/100
|turn|4
|
|t:|1757696547
|-terastallize|p2a: MoneyMachine|Ghost
|move|p1b: Rillaboom|Fake Out|p2b: Dragonite
|-damage|p2b: Dragonite|93/100
|move|p1a: Annihilape|Bulk Up|p1a: Annihilape
|-boost|p1a: Annihilape|atk|1
|-boost|p1a: Annihilape|def|1
|cant|p2b: Dragonite|flinch
|move|p2a: MoneyMachine|Blood Moon|p1a: Annihilape
|-damage|p1a: Annihilape|48/100
|
|-weather|Snowscape|[upkeep]
|-heal|p1a: Annihilape|54/100|[from] Grassy Terrain
|upkeep
|turn|5
|
|t:|1757696568
|move|p1b: Rillaboom|Grassy Glide|p2b: Dragonite
|-resisted|p2b: Dragonite
|-damage|p2b: Dragonite|83/100
|move|p1a: Annihilape|Rage Fist|p2a: MoneyMachine
|-supereffective|p2a: MoneyMachine
|-damage|p2a: MoneyMachine|11/100
|move|p2b: Dragonite|Scale Shot|p1a: Annihilape
|-damage|p1a: Annihilape|47/100
|-damage|p1a: Annihilape|41/100
|-damage|p1a: Annihilape|35/100
|-damage|p1a: Annihilape|28/100
|-crit|p1a: Annihilape
|-damage|p1a: Annihilape|5/100
|-hitcount|p1a: Annihilape|5
|-unboost|p2b: Dragonite|def|1
|-boost|p2b: Dragonite|spe|1
|move|p2a: MoneyMachine|Hyper Voice|p1b: Rillaboom|[spread] p1a,p1b
|-damage|p1a: Annihilape|0 fnt
|-damage|p1b: Rillaboom|82/100
|faint|p1a: Annihilape
|
|-weather|none
|-heal|p1b: Rillaboom|89/100|[from] Grassy Terrain
|-heal|p2a: MoneyMachine|17/100|[from] Grassy Terrain
|-sideend|p1: RamonTheKiller|move: Aurora Veil
|upkeep
|turn|6
|
|t:|1757696598
|move|p1b: Rillaboom|Grassy Glide|p2a: MoneyMachine
|-damage|p2a: MoneyMachine|0 fnt
|faint|p2a: MoneyMachine
|move|p2b: Dragonite|Scale Shot|p1b: Rillaboom
|-damage|p1b: Rillaboom|72/100
|-damage|p1b: Rillaboom|57/100
|-damage|p1b: Rillaboom|41/100
|-damage|p1b: Rillaboom|27/100
|-hitcount|p1b: Rillaboom|4
|-unboost|p2b: Dragonite|def|1
|-boost|p2b: Dragonite|spe|1
|
|-heal|p1b: Rillaboom|33/100|[from] Grassy Terrain
|upkeep
|turn|7
|
|t:|1757696616
|move|p2b: Dragonite|Protect|p2b: Dragonite
|-singleturn|p2b: Dragonite|Protect
|move|p1b: Rillaboom|Wood Hammer|p2b: Dragonite
|-activate|p2b: Dragonite|move: Protect
|
|-heal|p1b: Rillaboom|39/100|[from] Grassy Terrain
|-fieldend|move: Grassy Terrain
|upkeep
|turn|8
|
|t:|1757696626
|move|p2b: Dragonite|Scale Shot|p1b: Rillaboom
|-damage|p1b: Rillaboom|23/100
|-damage|p1b: Rillaboom|8/100
|-damage|p1b: Rillaboom|0 fnt
|faint|p1b: Rillaboom
|-hitcount|p1: Rillaboom|3
|
|win|WallType
||WallType is ready for game 3.
