|j|☆pechugadepollico
|j|☆lettitripppp
|html|pechugadepollicolettitripppp    
|uhtml|bestof|Game 1 of a best-of-3
|t:|1785186180
|gametype|doubles
|player|p1|pechugadepollico|266|1302
|player|p2|lettitripppp|lucas|1222
|gen|9
|tier|[Gen 9 Champions] VGC 2026 Reg M-B (Bo3)
|rated|
|rule|Species Clause: Limit one of each Pokémon
|rule|Item Clause: Limit 1 of each item
|clearpoke
|poke|p1|Gardevoir, L50, F|
|poke|p1|Umbreon, L50, F|
|poke|p1|Dragonite, L50, F|
|poke|p1|Ninetales-Alola, L50, M|
|poke|p1|Gholdengo, L50|
|poke|p1|Sneasler, L50, F|
|poke|p2|Charizard, L50, F|
|poke|p2|Floette-Eternal, L50, F|
|poke|p2|Basculegion, L50, M|
|poke|p2|Whimsicott, L50, M, shiny|
|poke|p2|Garchomp, L50, M|
|poke|p2|Kingambit, L50, F, shiny|
|teampreview|4
|showteam|p1|Gardevoir||Gardevoirite|Synchronize|Protect,TrickRoom,Psyshock,HyperVoice|Modest||F|||50|]Umbreon||Leftovers|Synchronize|Wish,HelpingHand,Snarl,BabyDollEyes|Bold||F|||50|]Dragonite||SitrusBerry|Multiscale|Protect,Tailwind,ExtremeSpeed,DragonClaw|Adamant||F|||50|]Ninetales-Alola||LifeOrb|SnowWarning|Protect,Encore,FreezeDry,Blizzard|Timid||M|||50|]Gholdengo||ChoiceScarf|GoodasGold|PowerGem,Thunderbolt,ShadowBall,MakeItRain|Modest|||||50|]Sneasler||FocusSash|PoisonTouch|Protect,FakeOut,GunkShot,CloseCombat|Adamant||F|||50|
|showteam|p2|Charizard||CharizarditeY|Blaze|AncientPower,WeatherBall,HeatWave,Protect|Modest||F|||50|]Floette-Eternal||Floettite|Symbiosis|DazzlingGleam,LightofRuin,Moonblast,Protect|Timid||F|||50|]Basculegion||LifeOrb|Adaptability|LastRespects,WaveCrash,AquaJet,Protect|Adamant||M|||50|]Whimsicott||FocusSash|Prankster|Moonblast,Tailwind,Encore,Protect|Timid||M|||50|]Garchomp||RoseliBerry|RoughSkin|DragonClaw,Earthquake,PoisonJab,RockSlide|Jolly||M|||50|]Kingambit||OccaBerry|Defiant|KowtowCleave,SuckerPunch,IronHead,Protect|Adamant||F|||50|
|inactive|Battle timer is ON: inactive players will automatically lose when time's up. (requested by lettitripppp)
|inactive|pechugadepollico has 60 seconds left.
|inactive|lettitripppp has 60 seconds left.
|inactive|pechugadepollico has 30 seconds left.
|
|t:|1785186246
|teamsize|p1|4
|teamsize|p2|4
|start
|switch|p1a: Umbreon|Umbreon, L50, F|100/100
|switch|p1b: Sneasler|Sneasler, L50, F|100/100
|switch|p2a: AGNI|Charizard, L50, F|100/100
|switch|p2b: LETS GO AGAIN|Whimsicott, L50, M, shiny|100/100
|turn|1
|
|t:|1785186261
|move|p2b: LETS GO AGAIN|Protect|p2b: LETS GO AGAIN
|-singleturn|p2b: LETS GO AGAIN|Protect
|move|p2a: AGNI|Protect|p2a: AGNI
|-singleturn|p2a: AGNI|Protect
|move|p1b: Sneasler|Fake Out|p2a: AGNI
|-activate|p2a: AGNI|move: Protect
|move|p1a: Umbreon|Snarl|p2b: LETS GO AGAIN|[spread] 
|-activate|p2a: AGNI|move: Protect
|-activate|p2b: LETS GO AGAIN|move: Protect
|
|upkeep
|turn|2
|
|t:|1785186277
|detailschange|p2a: AGNI|Charizard-Mega-Y, L50, F
|-mega|p2a: AGNI|Charizard|Charizardite Y
|-weather|SunnyDay|[from] ability: Drought|[of] p2a: AGNI
|move|p1b: Sneasler|Protect|p1b: Sneasler
|-singleturn|p1b: Sneasler|Protect
|move|p2b: LETS GO AGAIN|Moonblast|p1b: Sneasler
|-activate|p1b: Sneasler|move: Protect
|move|p2a: AGNI|Heat Wave|p1b: Sneasler|[spread] p1a
|-activate|p1b: Sneasler|move: Protect
|-damage|p1a: Umbreon|58/100
|move|p1a: Umbreon|Wish|p1a: Umbreon
|
|-weather|SunnyDay|[upkeep]
|-heal|p1a: Umbreon|64/100|[from] item: Leftovers
|upkeep
|turn|3
|
|t:|1785186294
|move|p2a: AGNI|Protect|p2a: AGNI
|-singleturn|p2a: AGNI|Protect
|move|p2b: LETS GO AGAIN|Encore|p1b: Sneasler
|-start|p1b: Sneasler|Encore
|move|p1b: Sneasler|Protect|p1b: Sneasler
|-singleturn|p1b: Sneasler|Protect
|move|p1a: Umbreon|Snarl|p2a: AGNI|[spread] p2b
|-activate|p2a: AGNI|move: Protect
|-resisted|p2b: LETS GO AGAIN|1
|-damage|p2b: LETS GO AGAIN|93/100
|-unboost|p2b: LETS GO AGAIN|spa|1
|
|-weather|SunnyDay|[upkeep]
|-heal|p1a: Umbreon|100/100|[from] move: Wish|[wisher] Umbreon
|upkeep
|turn|4
|
|t:|1785186306
|switch|p1b: Dragonite|Dragonite, L50, F|100/100
|move|p2b: LETS GO AGAIN|Moonblast|p1b: Dragonite
|-supereffective|p1b: Dragonite|1
|-damage|p1b: Dragonite|77/100
|move|p2a: AGNI|Heat Wave|p1a: Umbreon|[spread] p1a,p1b
|-resisted|p1b: Dragonite|1
|-damage|p1a: Umbreon|54/100
|-damage|p1b: Dragonite|44/100
|-enditem|p1b: Dragonite|Sitrus Berry|[eat]
|-heal|p1b: Dragonite|69/100|[from] item: Sitrus Berry
|move|p1a: Umbreon|Snarl|p2a: AGNI|[spread] p2a,p2b
|-resisted|p2b: LETS GO AGAIN|1
|-damage|p2a: AGNI|91/100
|-damage|p2b: LETS GO AGAIN|86/100
|-unboost|p2a: AGNI|spa|1
|-unboost|p2b: LETS GO AGAIN|spa|1
|
|-weather|SunnyDay|[upkeep]
|-heal|p1a: Umbreon|60/100|[from] item: Leftovers
|upkeep
|turn|5
|
|t:|1785186330
|switch|p2a: GENERAL BLADUS|Kingambit, L50, F, shiny|100/100
|move|p2b: LETS GO AGAIN|Moonblast|p1b: Dragonite
|-supereffective|p1b: Dragonite|1
|-damage|p1b: Dragonite|36/100
|move|p1b: Dragonite|Tailwind|p1b: Dragonite
|-sidestart|p1: pechugadepollico|move: Tailwind
|move|p1a: Umbreon|Wish|p1a: Umbreon
|
|-weather|SunnyDay|[upkeep]
|-heal|p1a: Umbreon|66/100|[from] item: Leftovers
|upkeep
|turn|6
|
|t:|1785186347
|switch|p1a: Sneasler|Sneasler, L50, F|100/100
|move|p1b: Dragonite|Protect|p1b: Dragonite
|-singleturn|p1b: Dragonite|Protect
|move|p2b: LETS GO AGAIN|Tailwind|p2b: LETS GO AGAIN
|-sidestart|p2: lettitripppp|move: Tailwind
|move|p2a: GENERAL BLADUS|Iron Head|p1b: Dragonite
|-activate|p1b: Dragonite|move: Protect
|
|-weather|none
|upkeep
|turn|7
|
|t:|1785186366
|switch|p1b: Gardevoir|Gardevoir, L50, F|100/100
|switch|p2a: AGNI|Charizard-Mega-Y, L50, F|91/100
|-weather|SunnyDay|[from] ability: Drought|[of] p2a: AGNI
|move|p2b: LETS GO AGAIN|Protect|p2b: LETS GO AGAIN
|-singleturn|p2b: LETS GO AGAIN|Protect
|move|p1a: Sneasler|Close Combat|p2a: AGNI
|-resisted|p2a: AGNI|1
|-damage|p2a: AGNI|59/100
|-unboost|p1a: Sneasler|def|1
|-unboost|p1a: Sneasler|spd|1
|
|-weather|SunnyDay|[upkeep]
|upkeep
|turn|8
|
|t:|1785186390
|detailschange|p1b: Gardevoir|Gardevoir-Mega, L50, F
|-mega|p1b: Gardevoir|Gardevoir|Gardevoirite
|move|p2b: LETS GO AGAIN|Moonblast|p1b: Gardevoir
|-damage|p1b: Gardevoir|87/100
|move|p1a: Sneasler|Gunk Shot|p2a: AGNI|[miss]
|-miss|p1a: Sneasler|p2a: AGNI
|move|p1b: Gardevoir|Hyper Voice|p2b: LETS GO AGAIN|[spread] p2a,p2b
|-resisted|p2a: AGNI|1
|-damage|p2a: AGNI|40/100
|-damage|p2b: LETS GO AGAIN|17/100
|move|p2a: AGNI|Heat Wave|p1a: Sneasler|[spread] p1a,p1b
|-crit|p1b: Gardevoir
|-enditem|p1a: Sneasler|Focus Sash
|-damage|p1a: Sneasler|1/100
|-damage|p1b: Gardevoir|14/100
|-status|p1a: Sneasler|brn
|
|-weather|SunnyDay|[upkeep]
|-damage|p1a: Sneasler|0 fnt|[from] brn
|faint|p1a: Sneasler
|-sideend|p1: pechugadepollico|move: Tailwind
|upkeep
|
|t:|1785186399
|switch|p1a: Umbreon|Umbreon, L50, F|66/100
|turn|9
|
|t:|1785186409
|move|p1b: Gardevoir|Protect|p1b: Gardevoir
|-singleturn|p1b: Gardevoir|Protect
|move|p2b: LETS GO AGAIN|Moonblast|p1a: Umbreon
|-supereffective|p1a: Umbreon|1
|-damage|p1a: Umbreon|45/100
|move|p2a: AGNI|Weather Ball|p1a: Umbreon
|-damage|p1a: Umbreon|0 fnt
|faint|p1a: Umbreon
|
|-weather|SunnyDay|[upkeep]
|-sideend|p2: lettitripppp|move: Tailwind
|upkeep
|
|t:|1785186415
|switch|p1a: Dragonite|Dragonite, L50, F|36/100
|turn|10
|
|t:|1785186422
|move|p1a: Dragonite|Extreme Speed|p2b: LETS GO AGAIN
|-damage|p2b: LETS GO AGAIN|0 fnt
|faint|p2b: LETS GO AGAIN
|move|p1b: Gardevoir|Psyshock|p2a: AGNI
|-damage|p2a: AGNI|0 fnt
|faint|p2a: AGNI
|
|-weather|SunnyDay|[upkeep]
|upkeep
|
|t:|1785186429
|switch|p2b: GENERAL BLADUS|Kingambit, L50, F, shiny|100/100
|switch|p2a: GHOSTWAVE|Basculegion, L50, M|100/100
|turn|11
|
|t:|1785186444
|move|p1a: Dragonite|Protect|p1a: Dragonite
|-singleturn|p1a: Dragonite|Protect
|move|p2a: GHOSTWAVE|Aqua Jet|p1b: Gardevoir
|-damage|p1b: Gardevoir|0 fnt
|faint|p1b: Gardevoir
|-damage|p2a: GHOSTWAVE|90/100|[from] item: Life Orb
|move|p2b: GENERAL BLADUS|Kowtow Cleave|p1a: Dragonite
|-activate|p1a: Dragonite|move: Protect
|
|-weather|none
|upkeep
|turn|12
|
|t:|1785186452
|move|p2b: GENERAL BLADUS|Sucker Punch|p1a: Dragonite
|-damage|p1a: Dragonite|0 fnt
|faint|p1a: Dragonite
|
|win|lettitripppp
