|j|☆redrog1
|j|☆JNEST
|html|redrog1JNEST    
|uhtml|bestof|Game 1 of a best-of-3
|t:|1756167297
|gametype|doubles
|player|p1|redrog1|dancer|1055
|player|p2|JNEST|veteran-gen4|1107
|gen|9
|tier|[Gen 9] VGC 2025 Reg H (Bo3)
|rated|
|rule|Species Clause: Limit one of each Pokémon
|rule|Item Clause: Limit 1 of each item
|clearpoke
|poke|p1|Electabuzz, L50, M|
|poke|p1|Kingambit, L50, M|
|poke|p1|Volcarona, L50, M|
|poke|p1|Sneasler, L50, M|
|poke|p1|Primarina, L50, F|
|poke|p1|Amoonguss, L50, F|
|poke|p2|Weezing, L50, M|
|poke|p2|Incineroar, L50, M|
|poke|p2|Annihilape, L50, M|
|poke|p2|Tyranitar, L50, M|
|poke|p2|Kommo-o, L50, F|
|teampreview|4
|showteam|p1|Electabuzz||Eviolite|VitalSpirit|Taunt,Electroweb,FollowMe,Protect|||M|||50|,,,,,Ghost]Kingambit||BlackGlasses|Defiant|KowtowCleave,Protect,IronHead,SuckerPunch|||M|||50|,,,,,Dark]Volcarona||CovertCloak|FlameBody|HeatWave,Protect,TeraBlast,QuiverDance|||M|||50|,,,,,Water]Sneasler||FocusSash|Unburden|DireClaw,CloseCombat,Protect,FakeOut|||M|||50|,,,,,Stellar]Primarina||ThroatSpray|LiquidVoice|HyperVoice,Moonblast,LifeDew,Protect|||F|||50|,,,,,Grass]Amoonguss||SitrusBerry|Regenerator|Spore,RagePowder,PollenPuff,Protect|||F|||50|,,,,,Water
|showteam|p2|Weezing||SitrusBerry|NeutralizingGas|Protect,Haze,WillOWisp,SludgeBomb|||M|||50|,,,,,Ghost]Incineroar||AbilityShield|Intimidate|KnockOff,FlareBlitz,FakeOut,PartingShot|||M|||50|,,,,,Ghost]Annihilape||SafetyGoggles|Defiant|Taunt,RageFist,CloseCombat,FinalGambit|||M|||50|,,,,,Fairy]Tyranitar||AssaultVest|SandStream|RockSlide,KnockOff,TeraBlast,LowKick|||M|||50|,,,,,Flying]Kommo-o||ThroatSpray|Overcoat|Protect,ClangorousSoul,ClangingScales,AuraSphere|||F|||50|,,,,,Steel
|inactive|Battle timer is ON: inactive players will automatically lose when time's up. (requested by JNEST)
|inactive|redrog1 has 60 seconds left.
|
|t:|1756167350
|teamsize|p1|4
|teamsize|p2|4
|start
|switch|p1a: Electabuzz|Electabuzz, L50, M|100/100
|switch|p1b: Sneasler|Sneasler, L50, M|100/100
|switch|p2a: Kommo-o|Kommo-o, L50, F|100/100
|switch|p2b: Annihilape|Annihilape, L50, M|100/100
|turn|1
|inactive|redrog1 has 30 seconds left.
|
|t:|1756167377
|move|p1a: Electabuzz|Taunt|p2a: Kommo-o
|-start|p2a: Kommo-o|move: Taunt
|move|p1b: Sneasler|Dire Claw|p2a: Kommo-o
|-damage|p2a: Kommo-o|58/100
|-status|p2a: Kommo-o|psn
|move|p2b: Annihilape|Taunt|p1a: Electabuzz
|-start|p1a: Electabuzz|move: Taunt
|cant|p2a: Kommo-o|move: Taunt|Clangorous Soul
|
|-damage|p2a: Kommo-o|46/100 psn|[from] psn
|upkeep
|turn|2
|
|t:|1756167394
|switch|p1a: Primarina|Primarina, L50, F|100/100
|move|p1b: Sneasler|Dire Claw|p2b: Annihilape
|-resisted|p2b: Annihilape
|-damage|p2b: Annihilape|77/100
|move|p2b: Annihilape|Rage Fist|p1b: Sneasler
|-damage|p1b: Sneasler|32/100
|move|p2a: Kommo-o|Clanging Scales|p1b: Sneasler|[spread] p1b
|-immune|p1a: Primarina
|-damage|p1b: Sneasler|0 fnt
|faint|p1b: Sneasler
|-unboost|p2a: Kommo-o|def|1
|-enditem|p2a: Kommo-o|Throat Spray
|-boost|p2a: Kommo-o|spa|1|[from] item: Throat Spray
|
|-damage|p2a: Kommo-o|34/100 psn|[from] psn
|upkeep
|
|t:|1756167407
|switch|p1b: Electabuzz|Electabuzz, L50, M|100/100
|turn|3
|
|t:|1756167417
|switch|p2a: Weezing|Weezing, L50, M|100/100
|-ability|p2a: Weezing|Neutralizing Gas
|-terastallize|p2b: Annihilape|Fairy
|move|p1b: Electabuzz|Follow Me|p1b: Electabuzz
|-singleturn|p1b: Electabuzz|move: Follow Me
|move|p2b: Annihilape|Rage Fist|p1b: Electabuzz
|-damage|p1b: Electabuzz|53/100
|move|p1a: Primarina|Hyper Voice|p2b: Annihilape|[spread] p2a,p2b
|-damage|p2a: Weezing|80/100
|-damage|p2b: Annihilape|54/100
|-enditem|p1a: Primarina|Throat Spray
|-boost|p1a: Primarina|spa|1|[from] item: Throat Spray
|
|upkeep
|turn|4
|
|t:|1756167438
|move|p1b: Electabuzz|Follow Me|p1b: Electabuzz
|-singleturn|p1b: Electabuzz|move: Follow Me
|move|p2b: Annihilape|Rage Fist|p1b: Electabuzz
|-damage|p1b: Electabuzz|0 fnt
|faint|p1b: Electabuzz
|move|p2a: Weezing|Sludge Bomb|p1a: Primarina
|-supereffective|p1a: Primarina
|-damage|p1a: Primarina|50/100
|move|p1a: Primarina|Moonblast|p2b: Annihilape
|-damage|p2b: Annihilape|0 fnt
|faint|p2b: Annihilape
|
|upkeep
|
|t:|1756167449
|switch|p1b: Amoonguss|Amoonguss, L50, F|100/100
|switch|p2b: Tyranitar|Tyranitar, L50, M|100/100
|turn|5
|
|t:|1756167462
|move|p1b: Amoonguss|Rage Powder|p1b: Amoonguss
|-singleturn|p1b: Amoonguss|move: Rage Powder
|move|p2b: Tyranitar|Rock Slide|p1b: Amoonguss|[spread] p1a,p1b
|-damage|p1a: Primarina|15/100
|-damage|p1b: Amoonguss|74/100
|move|p2a: Weezing|Sludge Bomb|p1b: Amoonguss
|-damage|p1b: Amoonguss|51/100
|move|p1a: Primarina|Moonblast|p2b: Tyranitar
|-supereffective|p2b: Tyranitar
|-damage|p2b: Tyranitar|11/100
|
|upkeep
|turn|6
|
|t:|1756167480
|move|p2b: Tyranitar|Rock Slide|p1b: Amoonguss|[spread] p1a,p1b
|-damage|p1a: Primarina|0 fnt
|-damage|p1b: Amoonguss|23/100
|-enditem|p1b: Amoonguss|Sitrus Berry|[eat]
|-heal|p1b: Amoonguss|48/100|[from] item: Sitrus Berry
|faint|p1a: Primarina
|move|p2a: Weezing|Sludge Bomb|p1b: Amoonguss
|-damage|p1b: Amoonguss|24/100
|move|p1b: Amoonguss|Spore|p2b: Tyranitar
|-status|p2b: Tyranitar|slp|[from] move: Spore
|
|upkeep
|turn|7
|-message|redrog1 forfeited.
|
|win|JNEST
|l|☆redrog1
|player|p1|
||redrog1 is ready for game 2.
