|j|☆Refanner
|j|☆Lstdnce
|html|RefannerLstdnce    
|uhtml|bestof|Game 2 of a best-of-3
|t:|1756808731
|gametype|doubles
|player|p1|Refanner|2|1216
|player|p2|Lstdnce|2|1269
|gen|9
|tier|[Gen 9] VGC 2025 Reg H (Bo3)
|rated|
|rule|Species Clause: Limit one of each Pokémon
|rule|Item Clause: Limit 1 of each item
|clearpoke
|poke|p1|Garchomp, L50, F|
|poke|p1|Incineroar, L50, M|
|poke|p1|Hydreigon, L50, M|
|poke|p1|Gholdengo, L50|
|poke|p1|Sneasler, L50, M|
|poke|p1|Amoonguss, L50, M|
|poke|p2|Dragonite, L50, F|
|poke|p2|Ursaluna-Bloodmoon, L50, M|
|poke|p2|Gholdengo, L50|
|poke|p2|Maushold-Four, L50|
|poke|p2|Annihilape, L50, M|
|poke|p2|Rillaboom, L50, F|
|teampreview|4
|showteam|p1|Garchomp||LoadedDice|RoughSkin|ScaleShot,Earthquake,StompingTantrum,Protect|||F|||50|,,,,,Fire]Incineroar||SitrusBerry|Intimidate|FlareBlitz,KnockOff,PartingShot,FakeOut|||M|||50|,,,,,Grass]Hydreigon||SafetyGoggles|Levitate|Snarl,DracoMeteor,Tailwind,Protect|||M|||50|,,,,,Ghost]Gholdengo||MetalCoat|GoodasGold|MakeItRain,ShadowBall,NastyPlot,Protect||||||50|,,,,,Flying]Sneasler||WhiteHerb|Unburden|CloseCombat,DireClaw,Protect,Coaching|||M|||50|,,,,,Ghost]Amoonguss||CovertCloak|Regenerator|PollenPuff,Spore,RagePowder,Protect|||M|||50|,,,,,Water
|showteam|p2|Dragonite||LoadedDice|Multiscale|ScaleShot,Tailwind,Haze,Protect|||F|||50|,,,,,Steel]Ursaluna-Bloodmoon||AssaultVest|MindsEye|BloodMoon,EarthPower,HyperVoice,VacuumWave|||M|||50|,,,,,Water]Gholdengo||LifeOrb|GoodasGold|MakeItRain,ShadowBall,NastyPlot,Protect||||||50|,,,,,Water]Maushold-Four||FocusSash|FriendGuard|SuperFang,FollowMe,BeatUp,Protect||||||50|,,,,,Ghost]Annihilape||SitrusBerry|Defiant|RageFist,DrainPunch,BulkUp,Protect|||M|||50|,,,,,Fire]Rillaboom||MiracleSeed|GrassySurge|WoodHammer,GrassyGlide,HighHorsepower,FakeOut|||F|||50|,,,,,Fire
|inactive|Battle timer is ON: inactive players will automatically lose when time's up. (requested by Lstdnce)
|inactive|Refanner has 60 seconds left.
|
|t:|1756808776
|teamsize|p1|4
|teamsize|p2|4
|start
|switch|p1a: Garchomp|Garchomp, L50, F|100/100
|switch|p1b: Sneasler|Sneasler, L50, M|100/100
|switch|p2a: Maushold|Maushold-Four, L50|100/100
|switch|p2b: Annihilape|Annihilape, L50, M|100/100
|turn|1
|
|t:|1756808787
|move|p2a: Maushold|Beat Up|p2b: Annihilape
|-damage|p2b: Annihilape|99/100
|-damage|p2b: Annihilape|97/100
|-damage|p2b: Annihilape|95/100
|-damage|p2b: Annihilape|93/100
|-hitcount|p2b: Annihilape|4
|move|p1b: Sneasler|Coaching|p1a: Garchomp
|-boost|p1a: Garchomp|atk|1
|-boost|p1a: Garchomp|def|1
|move|p2b: Annihilape|Rage Fist|p1a: Garchomp
|-damage|p1a: Garchomp|25/100
|-damage|p2b: Annihilape|80/100|[from] ability: Rough Skin|[of] p1a: Garchomp
|move|p1a: Garchomp|Scale Shot|p2b: Annihilape
|-damage|p2b: Annihilape|64/100
|-crit|p2b: Annihilape
|-damage|p2b: Annihilape|38/100
|-enditem|p2b: Annihilape|Sitrus Berry|[eat]
|-heal|p2b: Annihilape|63/100|[from] item: Sitrus Berry
|-damage|p2b: Annihilape|46/100
|-damage|p2b: Annihilape|28/100
|-hitcount|p2b: Annihilape|4
|-unboost|p1a: Garchomp|def|1
|-boost|p1a: Garchomp|spe|1
|
|upkeep
|turn|2
|inactive|Refanner has 30 seconds left.
|inactive|Lstdnce has 30 seconds left.
|inactive|Refanner has 20 seconds left.
|inactive|Refanner has 15 seconds left.
|inactive|Lstdnce has 20 seconds left.
|inactive|Lstdnce has 15 seconds left.
|inactive|Lstdnce has 10 seconds left.
|
|t:|1756808841
|move|p1a: Garchomp|Protect|p1a: Garchomp
|-singleturn|p1a: Garchomp|Protect
|move|p2b: Annihilape|Protect|p2b: Annihilape
|-singleturn|p2b: Annihilape|Protect
|move|p2a: Maushold|Follow Me|p2a: Maushold
|-singleturn|p2a: Maushold|move: Follow Me
|move|p1b: Sneasler|Close Combat|p2a: Maushold
|-supereffective|p2a: Maushold
|-enditem|p2a: Maushold|Focus Sash
|-damage|p2a: Maushold|1/100
|-unboost|p1b: Sneasler|def|1
|-unboost|p1b: Sneasler|spd|1
|-enditem|p1b: Sneasler|White Herb
|-clearnegativeboost|p1b: Sneasler|[silent]
|
|upkeep
|turn|3
|
|t:|1756808864
|move|p2a: Maushold|Follow Me|p2a: Maushold
|-singleturn|p2a: Maushold|move: Follow Me
|move|p1b: Sneasler|Dire Claw|p2a: Maushold
|-damage|p2a: Maushold|0 fnt
|faint|p2a: Maushold
|move|p1a: Garchomp|Stomping Tantrum|p2b: Annihilape
|-damage|p2b: Annihilape|0 fnt
|faint|p2b: Annihilape
|
|upkeep
|
|t:|1756808869
|switch|p2a: Rillaboom|Rillaboom, L50, F|100/100
|switch|p2b: Ursaluna|Ursaluna-Bloodmoon, L50, M|100/100
|-fieldstart|move: Grassy Terrain|[from] ability: Grassy Surge|[of] p2a: Rillaboom
|turn|4
|inactive|Refanner has 30 seconds left.
|
|t:|1756808894
|move|p1b: Sneasler|Protect|p1b: Sneasler
|-singleturn|p1b: Sneasler|Protect
|move|p1a: Garchomp|Protect|p1a: Garchomp
|-singleturn|p1a: Garchomp|Protect
|move|p2a: Rillaboom|High Horsepower|p1b: Sneasler
|-activate|p1b: Sneasler|move: Protect
|move|p2b: Ursaluna|Hyper Voice|p1a: Garchomp|[spread] 
|-activate|p1a: Garchomp|move: Protect
|-activate|p1b: Sneasler|move: Protect
|
|-heal|p1a: Garchomp|31/100|[from] Grassy Terrain
|upkeep
|turn|5
|inactive|Refanner has 30 seconds left.
|inactive|Refanner has 20 seconds left.
|inactive|Refanner has 15 seconds left.
|
|t:|1756808935
|move|p2a: Rillaboom|Grassy Glide|p1a: Garchomp
|-damage|p1a: Garchomp|0 fnt
|-damage|p2a: Rillaboom|88/100|[from] ability: Rough Skin|[of] p1a: Garchomp
|faint|p1a: Garchomp
|move|p1b: Sneasler|Coaching|p1: Garchomp|[notarget]
|-fail|p1b: Sneasler
|move|p2b: Ursaluna|Earth Power|p1b: Sneasler
|-supereffective|p1b: Sneasler
|-damage|p1b: Sneasler|0 fnt
|faint|p1b: Sneasler
|
|-heal|p2a: Rillaboom|94/100|[from] Grassy Terrain
|upkeep
|
|t:|1756808938
|switch|p1b: Amoonguss|Amoonguss, L50, M|100/100
|switch|p1a: Gholdengo|Gholdengo, L50|100/100
|turn|6
|inactive|Refanner has 30 seconds left.
|inactive|Lstdnce has 30 seconds left.
|
|t:|1756808970
|-terastallize|p2b: Ursaluna|Water
|move|p1a: Gholdengo|Protect|p1a: Gholdengo
|-singleturn|p1a: Gholdengo|Protect
|move|p2a: Rillaboom|High Horsepower|p1b: Amoonguss
|-damage|p1b: Amoonguss|72/100
|move|p2b: Ursaluna|Blood Moon|p1b: Amoonguss
|-damage|p1b: Amoonguss|17/100
|move|p1b: Amoonguss|Spore|p2b: Ursaluna
|-status|p2b: Ursaluna|slp|[from] move: Spore
|
|-heal|p2a: Rillaboom|100/100|[from] Grassy Terrain
|-heal|p1b: Amoonguss|23/100|[from] Grassy Terrain
|upkeep
|turn|7
|inactive|Refanner has 30 seconds left.
|
|t:|1756809000
|-terastallize|p1a: Gholdengo|Flying
|move|p1b: Amoonguss|Protect|p1b: Amoonguss
|-singleturn|p1b: Amoonguss|Protect
|move|p1a: Gholdengo|Nasty Plot|p1a: Gholdengo
|-boost|p1a: Gholdengo|spa|2
|move|p2a: Rillaboom|High Horsepower|p1a: Gholdengo
|-immune|p1a: Gholdengo
|cant|p2b: Ursaluna|slp
|
|-heal|p1b: Amoonguss|29/100|[from] Grassy Terrain
|upkeep
|turn|8
|inactive|Refanner has 30 seconds left.
|
|t:|1756809029
|move|p1b: Amoonguss|Rage Powder|p1b: Amoonguss
|-singleturn|p1b: Amoonguss|move: Rage Powder
|move|p1a: Gholdengo|Make It Rain|p2b: Ursaluna|[spread] p2a,p2b
|-resisted|p2b: Ursaluna
|-damage|p2a: Rillaboom|0 fnt
|-damage|p2b: Ursaluna|69/100 slp
|-unboost|p1a: Gholdengo|spa|1
|faint|p2a: Rillaboom
|cant|p2b: Ursaluna|slp
|
|-heal|p2b: Ursaluna|75/100 slp|[from] Grassy Terrain
|-heal|p1b: Amoonguss|35/100|[from] Grassy Terrain
|-fieldend|move: Grassy Terrain
|upkeep
|turn|9
|
|t:|1756809053
|move|p1b: Amoonguss|Rage Powder|p1b: Amoonguss
|-singleturn|p1b: Amoonguss|move: Rage Powder
|move|p1a: Gholdengo|Shadow Ball|p2b: Ursaluna
|-damage|p2b: Ursaluna|39/100 slp
|-curestatus|p2b: Ursaluna|slp|[msg]
|move|p2b: Ursaluna|Hyper Voice|p1b: Amoonguss|[spread] p1a,p1b
|-damage|p1a: Gholdengo|62/100
|-damage|p1b: Amoonguss|8/100
|
|upkeep
|turn|10
|
|t:|1756809064
|move|p1b: Amoonguss|Rage Powder|p1b: Amoonguss
|-singleturn|p1b: Amoonguss|move: Rage Powder
|move|p1a: Gholdengo|Shadow Ball|p2b: Ursaluna
|-damage|p2b: Ursaluna|2/100
|move|p2b: Ursaluna|Hyper Voice|p1a: Gholdengo|[spread] p1a,p1b
|-damage|p1a: Gholdengo|28/100
|-damage|p1b: Amoonguss|0 fnt
|faint|p1b: Amoonguss
|
|upkeep
|turn|11
|
|t:|1756809074
|move|p2b: Ursaluna|Vacuum Wave|p1a: Gholdengo
|-resisted|p1a: Gholdengo
|-damage|p1a: Gholdengo|20/100
|move|p1a: Gholdengo|Shadow Ball|p2b: Ursaluna
|-damage|p2b: Ursaluna|0 fnt
|faint|p2b: Ursaluna
|
|win|Refanner
||Lstdnce is ready for game 3.
||Refanner is ready for game 3.
|uhtml|next|Next: Game 3 of 3
|l|☆Lstdnce
|player|p2|
