|j|☆marcoslegui
|j|☆habeebomarali123
|html|marcosleguihabeebomarali123    
|uhtml|bestof|Game 2 of a best-of-3
|t:|1756384040
|gametype|doubles
|player|p1|marcoslegui|pokekid|1103
|player|p2|habeebomarali123|giovanni|1091
|gen|9
|tier|[Gen 9] VGC 2025 Reg H (Bo3)
|rated|
|rule|Species Clause: Limit one of each Pokémon
|rule|Item Clause: Limit 1 of each item
|clearpoke
|poke|p1|Sneasler, L50, F|
|poke|p1|Volcarona, L50, M|
|poke|p1|Kingambit, L50, M|
|poke|p1|Baxcalibur, L50, F|
|poke|p1|Basculegion, L50, M|
|poke|p1|Rillaboom, L50, F|
|poke|p2|Rillaboom, L50, F|
|poke|p2|Volcarona, L50, M|
|poke|p2|Clefable, L50, M|
|poke|p2|Dragonite, L50, M|
|poke|p2|Empoleon, L50, M|
|poke|p2|Sneasler, L50, M|
|teampreview|4
|showteam|p1|Sneasler||FocusSash|Unburden|DireClaw,CloseCombat,Protect,Coaching|||F|||50|,,,,,Stellar]Volcarona||CovertCloak|FlameBody|HeatWave,TeraBlast,QuiverDance,Protect|||M|||50|,,,,,Fairy]Kingambit||AssaultVest|Defiant|KowtowCleave,SuckerPunch,IronHead,LowKick|||M|||50|,,,,,Ghost]Baxcalibur||LoadedDice|ThermalExchange|IcicleSpear,ScaleShot,IceShard,Protect|||F|||50|,,,,,Ghost]Basculegion||ChoiceScarf|Adaptability|WaveCrash,FlipTurn,LastRespects,TeraBlast|||M|||50|,,,,,Fairy]Rillaboom||MiracleSeed|GrassySurge|WoodHammer,GrassyGlide,HighHorsepower,FakeOut|||F|||50|,,,,,Fire
|showteam|p2|Rillaboom||AssaultVest|GrassySurge|FakeOut,GrassyGlide,HighHorsepower,WoodHammer|||F|||50|,,,,,Fire]Volcarona||GrassySeed|FlameBody|Protect,QuiverDance,TeraBlast,HeatWave|||M|||50|,,,,,Fairy]Clefable||SafetyGoggles|Unaware|Protect,FollowMe,LifeDew,Moonblast|||M|||50|,,,,,Ghost]Dragonite||LoadedDice|Multiscale|Tailwind,ExtremeSpeed,Haze,ScaleShot|||M|||50|,,,,,Fairy]Empoleon||ChoiceScarf|Competitive|HydroPump,IceBeam,IcyWind,FlashCannon|||M|||50|,,,,,Ghost]Sneasler||FocusSash|Unburden|Protect,DireClaw,CloseCombat,Coaching|||M|||50|,,,,,Stellar
|inactive|Battle timer is ON: inactive players will automatically lose when time's up. (requested by marcoslegui)
|
|t:|1756384061
|teamsize|p1|4
|teamsize|p2|4
|start
|switch|p1a: Volcarona|Volcarona, L50, M|100/100
|switch|p1b: Sneasler|Sneasler, L50, F|100/100
|switch|p2a: Rillaboom|Rillaboom, L50, F|100/100
|switch|p2b: Volcarona|Volcarona, L50, M|100/100
|-fieldstart|move: Grassy Terrain|[from] ability: Grassy Surge|[of] p2a: Rillaboom
|-enditem|p2b: Volcarona|Grassy Seed
|-boost|p2b: Volcarona|def|1|[from] item: Grassy Seed
|turn|1
|
|t:|1756384077
|move|p2a: Rillaboom|Fake Out|p1b: Sneasler
|-damage|p1b: Sneasler|77/100
|cant|p1b: Sneasler|flinch
|move|p1a: Volcarona|Quiver Dance|p1a: Volcarona
|-boost|p1a: Volcarona|spa|1
|-boost|p1a: Volcarona|spd|1
|-boost|p1a: Volcarona|spe|1
|move|p2b: Volcarona|Quiver Dance|p2b: Volcarona
|-boost|p2b: Volcarona|spa|1
|-boost|p2b: Volcarona|spd|1
|-boost|p2b: Volcarona|spe|1
|
|-heal|p1b: Sneasler|83/100|[from] Grassy Terrain
|upkeep
|turn|2
|
|t:|1756384092
|move|p1a: Volcarona|Quiver Dance|p1a: Volcarona
|-boost|p1a: Volcarona|spa|1
|-boost|p1a: Volcarona|spd|1
|-boost|p1a: Volcarona|spe|1
|move|p1b: Sneasler|Dire Claw|p2b: Volcarona
|-damage|p2b: Volcarona|66/100
|-status|p2b: Volcarona|slp
|-status|p1b: Sneasler|brn|[from] ability: Flame Body|[of] p2b: Volcarona
|cant|p2b: Volcarona|slp
|move|p2a: Rillaboom|Wood Hammer|p1b: Sneasler
|-resisted|p1b: Sneasler
|-damage|p1b: Sneasler|14/100 brn
|-damage|p2a: Rillaboom|84/100|[from] Recoil
|
|-heal|p1b: Sneasler|20/100 brn|[from] Grassy Terrain
|-heal|p2b: Volcarona|72/100 slp|[from] Grassy Terrain
|-heal|p2a: Rillaboom|89/100|[from] Grassy Terrain
|-damage|p1b: Sneasler|14/100 brn|[from] brn
|upkeep
|turn|3
|
|t:|1756384104
|move|p2a: Rillaboom|Grassy Glide|p1b: Sneasler
|-resisted|p1b: Sneasler
|-crit|p1b: Sneasler
|-damage|p1b: Sneasler|0 fnt
|faint|p1b: Sneasler
|move|p1a: Volcarona|Quiver Dance|p1a: Volcarona
|-boost|p1a: Volcarona|spa|1
|-boost|p1a: Volcarona|spd|1
|-boost|p1a: Volcarona|spe|1
|cant|p2b: Volcarona|slp
|
|-heal|p2b: Volcarona|79/100 slp|[from] Grassy Terrain
|-heal|p2a: Rillaboom|95/100|[from] Grassy Terrain
|upkeep
|
|t:|1756384109
|switch|p1b: Baxcalibur|Baxcalibur, L50, F|100/100
|turn|4
|
|t:|1756384124
|-terastallize|p2a: Rillaboom|Fire
|cant|p2b: Volcarona|slp
|move|p1a: Volcarona|Heat Wave|p2b: Volcarona|[spread] p2a,p2b
|-resisted|p2a: Rillaboom
|-damage|p2a: Rillaboom|63/100
|-damage|p2b: Volcarona|24/100 slp
|move|p1b: Baxcalibur|Scale Shot|p2b: Volcarona
|-damage|p2b: Volcarona|12/100 slp
|-damage|p2b: Volcarona|0 fnt
|faint|p2b: Volcarona
|-hitcount|p2: Volcarona|2
|-unboost|p1b: Baxcalibur|def|1
|-boost|p1b: Baxcalibur|spe|1
|move|p2a: Rillaboom|High Horsepower|p1a: Volcarona
|-damage|p1a: Volcarona|62/100
|
|-heal|p1a: Volcarona|69/100|[from] Grassy Terrain
|-heal|p2a: Rillaboom|69/100|[from] Grassy Terrain
|upkeep
|
|t:|1756384131
|switch|p2b: Clefable|Clefable, L50, M|100/100
|turn|5
|inactive|habeebomarali123 has 30 seconds left.
|
|t:|1756384157
|switch|p2a: Empoleon|Empoleon, L50, M|100/100
|move|p1a: Volcarona|Heat Wave|p2b: Clefable|[spread] p2a,p2b
|-damage|p2a: Empoleon|0 fnt
|-damage|p2b: Clefable|67/100
|faint|p2a: Empoleon
|move|p1b: Baxcalibur|Icicle Spear|p2b: Clefable
|-damage|p2b: Clefable|53/100
|-damage|p2b: Clefable|40/100
|-damage|p2b: Clefable|26/100
|-damage|p2b: Clefable|14/100
|-hitcount|p2b: Clefable|4
|move|p2b: Clefable|Moonblast|p1b: Baxcalibur
|-supereffective|p1b: Baxcalibur
|-damage|p1b: Baxcalibur|41/100
|
|-heal|p1a: Volcarona|75/100|[from] Grassy Terrain
|-heal|p1b: Baxcalibur|47/100|[from] Grassy Terrain
|-heal|p2b: Clefable|20/100|[from] Grassy Terrain
|-fieldend|move: Grassy Terrain
|upkeep
|
|t:|1756384159
|switch|p2a: Rillaboom|Rillaboom, L50, F, tera:Fire|69/100
|-fieldstart|move: Grassy Terrain|[from] ability: Grassy Surge|[of] p2a: Rillaboom
|turn|6
|inactive|marcoslegui has 30 seconds left.
|
|t:|1756384190
|move|p1a: Volcarona|Protect|p1a: Volcarona
|-singleturn|p1a: Volcarona|Protect
|move|p1b: Baxcalibur|Protect|p1b: Baxcalibur
|-singleturn|p1b: Baxcalibur|Protect
|move|p2a: Rillaboom|Fake Out|p1a: Volcarona
|-activate|p1a: Volcarona|move: Protect
|move|p2b: Clefable|Moonblast|p1b: Baxcalibur
|-activate|p1b: Baxcalibur|move: Protect
|
|-heal|p1a: Volcarona|81/100|[from] Grassy Terrain
|-heal|p1b: Baxcalibur|53/100|[from] Grassy Terrain
|-heal|p2a: Rillaboom|75/100|[from] Grassy Terrain
|-heal|p2b: Clefable|26/100|[from] Grassy Terrain
|upkeep
|turn|7
|
|t:|1756384201
|move|p2b: Clefable|Protect|p2b: Clefable
|-singleturn|p2b: Clefable|Protect
|move|p1a: Volcarona|Heat Wave|p2b: Clefable|[spread] p2a
|-activate|p2b: Clefable|move: Protect
|-resisted|p2a: Rillaboom
|-damage|p2a: Rillaboom|40/100
|move|p1b: Baxcalibur|Icicle Spear|p2b: Clefable
|-activate|p2b: Clefable|move: Protect
|move|p2a: Rillaboom|High Horsepower|p1b: Baxcalibur
|-damage|p1b: Baxcalibur|4/100
|
|-heal|p1a: Volcarona|87/100|[from] Grassy Terrain
|-heal|p1b: Baxcalibur|10/100|[from] Grassy Terrain
|-heal|p2a: Rillaboom|46/100|[from] Grassy Terrain
|-heal|p2b: Clefable|32/100|[from] Grassy Terrain
|upkeep
|turn|8
|
|t:|1756384211
|move|p1b: Baxcalibur|Ice Shard|p2b: Clefable
|-damage|p2b: Clefable|10/100
|move|p2a: Rillaboom|Grassy Glide|p1b: Baxcalibur
|-resisted|p1b: Baxcalibur
|-damage|p1b: Baxcalibur|0 fnt
|faint|p1b: Baxcalibur
|move|p1a: Volcarona|Heat Wave|p2a: Rillaboom|[spread] p2b
|-miss|p1a: Volcarona|p2a: Rillaboom
|-damage|p2b: Clefable|0 fnt
|faint|p2b: Clefable
|
|-heal|p1a: Volcarona|94/100|[from] Grassy Terrain
|-heal|p2a: Rillaboom|52/100|[from] Grassy Terrain
|upkeep
|
|t:|1756384223
|switch|p1b: Basculegion|Basculegion, L50, M|100/100
|turn|9
|
|t:|1756384229
|-terastallize|p1b: Basculegion|Fairy
|move|p2a: Rillaboom|Grassy Glide|p1b: Basculegion
|-damage|p1b: Basculegion|54/100
|move|p1a: Volcarona|Tera Blast|p2a: Rillaboom
|-damage|p2a: Rillaboom|0 fnt
|faint|p2a: Rillaboom
|
|win|marcoslegui
|raw|marcoslegui's rating: 1103 → 1127(+24 for winning)
|raw|habeebomarali123's rating: 1091 → 1068(-23 for losing)
|l|☆habeebomarali123
|player|p2|
