|j|☆Acris
|j|☆Shminki
|html|AcrisShminki    
|uhtml|bestof|Game 3 of a best-of-3
|t:|1756953936
|gametype|doubles
|player|p1|Acris|266|1173
|player|p2|Shminki|ethan|1270
|gen|9
|tier|[Gen 9] VGC 2025 Reg H (Bo3)
|rated|
|rule|Species Clause: Limit one of each Pokémon
|rule|Item Clause: Limit 1 of each item
|clearpoke
|poke|p1|Archaludon, L50, M|
|poke|p1|Pelipper, L50, F|
|poke|p1|Basculegion, L50, M|
|poke|p1|Incineroar, L50, M|
|poke|p1|Maushold-Four, L50|
|poke|p1|Annihilape, L50, F|
|poke|p2|Gholdengo, L50|
|poke|p2|Sneasler, L50, M|
|poke|p2|Rillaboom, L50, F|
|poke|p2|Dragonite, L50, F|
|poke|p2|Ninetales-Alola, L50, M|
|poke|p2|Arcanine-Hisui, L50, M|
|teampreview|4
|showteam|p1|Archaludon||AssaultVest|Stamina|DracoMeteor,FlashCannon,ElectroShot,BodyPress|||M|||50|,,,,,Bug]Pelipper||FocusSash|Drizzle|Hurricane,WeatherBall,Tailwind,Protect|||F|||50|,,,,,Stellar]Basculegion||ChoiceScarf|Adaptability|WaveCrash,FlipTurn,LastRespects,AquaJet|||M|||50|,,,,,Water]Incineroar||SafetyGoggles|Intimidate|FakeOut,KnockOff,Taunt,PartingShot|||M|||50|,,,,,Ghost]Maushold-Four||WideLens|Technician|PopulationBomb,BeatUp,FollowMe,Protect||||||50|,,,,,Ghost]Annihilape||Leftovers|Defiant|DrainPunch,RageFist,BulkUp,Protect|||F|||50|,,,,,Fire
|showteam|p2|Gholdengo||GrassySeed|GoodasGold|NastyPlot,MakeItRain,ShadowBall,Protect||||||50|,,,,,Water]Sneasler||WhiteHerb|Unburden|CloseCombat,DireClaw,Coaching,Protect|||M|||50|,,,,,Ghost]Rillaboom||AssaultVest|GrassySurge|FakeOut,GrassyGlide,DrumBeating,HighHorsepower|||F|||50|,,,,,Fire]Dragonite||LoadedDice|Multiscale|ScaleShot,StompingTantrum,Tailwind,Protect|||F|||50|,,,,,Ground]Ninetales-Alola||FocusSash|SnowWarning|Blizzard,IcyWind,Encore,AuroraVeil|||M|||50|,,,,,Ghost]Arcanine-Hisui||ClearAmulet|Intimidate|RockSlide,FlareBlitz,ExtremeSpeed,Protect|||M|||50|,,,,,Water
|inactive|Battle timer is ON: inactive players will automatically lose when time's up. (requested by Shminki)
|
|t:|1756953965
|teamsize|p1|4
|teamsize|p2|4
|start
|switch|p1a: Maushold|Maushold-Four, L50|100/100
|switch|p1b: Annihilape|Annihilape, L50, F|100/100
|switch|p2a: Rillaboom|Rillaboom, L50, F|100/100
|switch|p2b: Gholdengo|Gholdengo, L50|100/100
|-fieldstart|move: Grassy Terrain|[from] ability: Grassy Surge|[of] p2a: Rillaboom
|-enditem|p2b: Gholdengo|Grassy Seed
|-boost|p2b: Gholdengo|def|1|[from] item: Grassy Seed
|turn|1
|
|t:|1756953982
|-terastallize|p2b: Gholdengo|Water
|move|p1a: Maushold|Protect|p1a: Maushold
|-singleturn|p1a: Maushold|Protect
|move|p1b: Annihilape|Bulk Up|p1b: Annihilape
|-boost|p1b: Annihilape|atk|1
|-boost|p1b: Annihilape|def|1
|move|p2a: Rillaboom|Drum Beating|p1a: Maushold
|-activate|p1a: Maushold|move: Protect
|move|p2b: Gholdengo|Nasty Plot|p2b: Gholdengo
|-boost|p2b: Gholdengo|spa|2
|
|upkeep
|turn|2
|inactive|Shminki has 30 seconds left.
|inactive|Shminki has 20 seconds left.
|inactive|Acris has 30 seconds left.
|
|t:|1756954029
|-terastallize|p1b: Annihilape|Fire
|move|p1a: Maushold|Protect||[still]
|-fail|p1a: Maushold
|move|p1b: Annihilape|Drain Punch|p2a: Rillaboom
|-damage|p2a: Rillaboom|52/100
|move|p2a: Rillaboom|Drum Beating|p1b: Annihilape
|-resisted|p1b: Annihilape
|-damage|p1b: Annihilape|85/100
|-unboost|p1b: Annihilape|spe|1
|-ability|p1b: Annihilape|Defiant|boost
|-boost|p1b: Annihilape|atk|2
|move|p2b: Gholdengo|Make It Rain|p1b: Annihilape|[spread] p1a,p1b
|-resisted|p1b: Annihilape
|-damage|p1a: Maushold|0 fnt
|-damage|p1b: Annihilape|40/100
|-unboost|p2b: Gholdengo|spa|1
|faint|p1a: Maushold
|
|-heal|p2a: Rillaboom|58/100|[from] Grassy Terrain
|-heal|p1b: Annihilape|47/100|[from] Grassy Terrain
|-heal|p1b: Annihilape|53/100|[from] item: Leftovers
|upkeep
|
|t:|1756954036
|switch|p1a: Pelipper|Pelipper, L50, F|100/100
|-weather|RainDance|[from] ability: Drizzle|[of] p1a: Pelipper
|turn|3
|inactive|Shminki has 30 seconds left.
|inactive|Shminki has 20 seconds left.
|
|t:|1756954075
|move|p1b: Annihilape|Protect|p1b: Annihilape
|-singleturn|p1b: Annihilape|Protect
|move|p2a: Rillaboom|Drum Beating|p1a: Pelipper
|-damage|p1a: Pelipper|40/100
|-unboost|p1a: Pelipper|spe|1
|move|p2b: Gholdengo|Make It Rain|p1a: Pelipper|[spread] p1a
|-activate|p1b: Annihilape|move: Protect
|-resisted|p1a: Pelipper
|-damage|p1a: Pelipper|0 fnt
|-unboost|p2b: Gholdengo|spa|1
|faint|p1a: Pelipper
|
|-weather|RainDance|[upkeep]
|-heal|p2a: Rillaboom|64/100|[from] Grassy Terrain
|-heal|p1b: Annihilape|59/100|[from] Grassy Terrain
|-heal|p1b: Annihilape|65/100|[from] item: Leftovers
|upkeep
|
|t:|1756954077
|switch|p1a: Incineroar|Incineroar, L50, M|100/100
|-ability|p1a: Incineroar|Intimidate|boost
|-unboost|p2a: Rillaboom|atk|1
|-unboost|p2b: Gholdengo|atk|1
|turn|4
|inactive|Shminki has 30 seconds left.
|inactive|Shminki has 20 seconds left.
|
|t:|1756954117
|switch|p2a: Ninetales|Ninetales-Alola, L50, M|100/100
|-weather|Snowscape|[from] ability: Snow Warning|[of] p2a: Ninetales
|move|p2b: Gholdengo|Protect|p2b: Gholdengo
|-singleturn|p2b: Gholdengo|Protect
|move|p1a: Incineroar|Fake Out|p2b: Gholdengo
|-activate|p2b: Gholdengo|move: Protect
|move|p1b: Annihilape|Drain Punch|p2a: Ninetales
|-damage|p2a: Ninetales|21/100
|-heal|p1b: Annihilape|94/100|[from] drain|[of] p2a: Ninetales
|
|-weather|Snowscape|[upkeep]
|-heal|p2a: Ninetales|27/100|[from] Grassy Terrain
|-heal|p1b: Annihilape|99/100|[from] Grassy Terrain
|-heal|p1b: Annihilape|100/100|[from] item: Leftovers
|upkeep
|turn|5
|inactive|Shminki has 30 seconds left.
|
|t:|1756954148
|move|p2a: Ninetales|Encore|p1a: Incineroar
|-start|p1a: Incineroar|Encore
|move|p2b: Gholdengo|Nasty Plot|p2b: Gholdengo
|-boost|p2b: Gholdengo|spa|2
|move|p1b: Annihilape|Rage Fist|p2b: Gholdengo
|-damage|p2b: Gholdengo|2/100
|move|p1a: Incineroar|Fake Out||[still]
|-hint|Fake Out only works on your first turn out.
|-fail|p1a: Incineroar
|
|-weather|Snowscape|[upkeep]
|-heal|p2a: Ninetales|33/100|[from] Grassy Terrain
|-heal|p2b: Gholdengo|8/100|[from] Grassy Terrain
|-fieldend|move: Grassy Terrain
|upkeep
|turn|6
|
|t:|1756954162
|move|p1a: Incineroar|Fake Out||[still]
|-hint|Fake Out only works on your first turn out.
|-fail|p1a: Incineroar
|move|p2a: Ninetales|Aurora Veil|p2a: Ninetales
|-sidestart|p2: Shminki|move: Aurora Veil
|move|p2b: Gholdengo|Shadow Ball|p1b: Annihilape
|-damage|p1b: Annihilape|24/100
|move|p1b: Annihilape|Rage Fist|p2b: Gholdengo
|-damage|p2b: Gholdengo|0 fnt
|faint|p2b: Gholdengo
|
|-weather|Snowscape|[upkeep]
|-heal|p1b: Annihilape|30/100|[from] item: Leftovers
|upkeep
|
|t:|1756954173
|switch|p2b: Dragonite|Dragonite, L50, F|100/100
|turn|7
|
|t:|1756954187
|move|p1b: Annihilape|Protect|p1b: Annihilape
|-singleturn|p1b: Annihilape|Protect
|move|p1a: Incineroar|Fake Out||[still]
|-hint|Fake Out only works on your first turn out.
|-fail|p1a: Incineroar
|move|p2a: Ninetales|Blizzard|p1b: Annihilape|[spread] p1a
|-activate|p1b: Annihilape|move: Protect
|-resisted|p1a: Incineroar
|-damage|p1a: Incineroar|90/100
|move|p2b: Dragonite|Stomping Tantrum|p1b: Annihilape
|-activate|p1b: Annihilape|move: Protect
|
|-weather|Snowscape|[upkeep]
|-heal|p1b: Annihilape|37/100|[from] item: Leftovers
|-end|p1a: Incineroar|Encore
|upkeep
|turn|8
|
|t:|1756954203
|move|p2a: Ninetales|Encore|p1a: Incineroar
|-start|p1a: Incineroar|Encore
|move|p2b: Dragonite|Stomping Tantrum|p1b: Annihilape
|-supereffective|p1b: Annihilape
|-damage|p1b: Annihilape|0 fnt
|faint|p1b: Annihilape
|move|p1a: Incineroar|Fake Out||[still]
|-hint|Fake Out only works on your first turn out.
|-fail|p1a: Incineroar
|
|-weather|none
|upkeep
|turn|9
|-message|Acris forfeited.
|
|win|Shminki
|raw|Acris's rating: 1173 → 1155(-18 for losing)
|raw|Shminki's rating: 1270 → 1288(+18 for winning)
|l|☆Acris
|player|p1|
