|j|☆foiledfeline
|j|☆AlpiEscapes
|html|foiledfelineAlpiEscapes    
|uhtml|bestof|Game 2 of a best-of-3
|t:|1756167459
|gametype|doubles
|player|p1|foiledfeline|170|1000
|player|p2|AlpiEscapes|steven|1065
|gen|9
|tier|[Gen 9] VGC 2025 Reg H (Bo3)
|rated|
|rule|Species Clause: Limit one of each Pokémon
|rule|Item Clause: Limit 1 of each item
|clearpoke
|poke|p1|Delphox, L50, M|
|poke|p1|Sneasler, L50, M|
|poke|p1|Indeedee, L50, M|
|poke|p1|Whimsicott, L50, F|
|poke|p1|Annihilape, L50, F|
|poke|p1|Basculegion, L50, M|
|poke|p2|Maushold, L50|
|poke|p2|Annihilape, L50, F|
|poke|p2|Sinistcha, L50|
|poke|p2|Incineroar, L50, F|
|poke|p2|Pelipper, L50, F|
|poke|p2|Archaludon, L50, F|
|teampreview|4
|showteam|p1|Delphox||LifeOrb|Blaze|HeatWave,ExpandingForce,TeraBlast,Protect|||M|||50|,,,,,Fighting]Sneasler||PsychicSeed|Unburden|CloseCombat,DireClaw,ThroatChop,Protect|||M|||50|,,,,,Dark]Indeedee||FocusSash|PsychicSurge|ExpandingForce,TrickRoom,Protect,TeraBlast|||M|||50|,,,,,Fighting]Whimsicott||CovertCloak|Prankster|Tailwind,BeatUp,SunnyDay,Moonblast|||F|||50|,,,,,Water]Annihilape||SafetyGoggles|Defiant|CloseCombat,RageFist,Taunt,FinalGambit|||F|||50|,,,,,Fire]Basculegion||ChoiceScarf|Adaptability|WaveCrash,FlipTurn,LastRespects,TeraBlast|||M|||50|,,,,,Fairy
|showteam|p2|Maushold||SafetyGoggles|FriendGuard|BeatUp,Taunt,FollowMe,Protect||||||50|,,,,,Ghost]Annihilape||Leftovers|Defiant|RageFist,DrainPunch,BulkUp,Protect|||F|||50|,,,,,Water]Sinistcha||RockyHelmet|Hospitality|MatchaGotcha,LifeDew,TrickRoom,RagePowder||||||50|,,,,,Dark]Incineroar||SitrusBerry|Intimidate|KnockOff,WillOWisp,Uturn,FakeOut|||F|||50|,,,,,Grass]Pelipper||FocusSash|Drizzle|WeatherBall,Hurricane,WideGuard,Protect|||F|||50|,,,,,Stellar]Archaludon||AssaultVest|Stamina|ElectroShot,DracoMeteor,BodyPress,FlashCannon|||F|||50|,,,,,Grass
|inactive|Battle timer is ON: inactive players will automatically lose when time's up. (requested by AlpiEscapes)
|
|t:|1756167503
|teamsize|p1|4
|teamsize|p2|4
|start
|switch|p1a: Scary|Annihilape, L50, F|100/100
|switch|p1b: Fluffy|Whimsicott, L50, F|100/100
|switch|p2a: Archaludon|Archaludon, L50, F|100/100
|switch|p2b: Pelipper|Pelipper, L50, F|100/100
|-weather|RainDance|[from] ability: Drizzle|[of] p2b: Pelipper
|turn|1
|inactive|foiledfeline has 30 seconds left.
|
|t:|1756167537
|move|p1b: Fluffy|Moonblast|p2b: Pelipper
|-damage|p2b: Pelipper|56/100
|move|p1a: Scary|Rage Fist|p2b: Pelipper
|-crit|p2b: Pelipper
|-damage|p2b: Pelipper|17/100
|move|p2b: Pelipper|Weather Ball|p1a: Scary
|-damage|p1a: Scary|38/100
|move|p2a: Archaludon|Electro Shot||[still]
|-prepare|p2a: Archaludon|Electro Shot
|-boost|p2a: Archaludon|spa|1
|-anim|p2a: Archaludon|Electro Shot|p1a: Scary
|-damage|p1a: Scary|0 fnt
|faint|p1a: Scary
|
|-weather|RainDance|[upkeep]
|upkeep
|
|t:|1756167556
|switch|p1a: Mommy|Delphox, L50, M|100/100
|turn|2
|
|t:|1756167569
|move|p2b: Pelipper|Wide Guard|p2b: Pelipper
|-singleturn|p2b: Pelipper|Wide Guard
|move|p1b: Fluffy|Sunny Day|p1b: Fluffy
|-weather|SunnyDay
|move|p1a: Mommy|Heat Wave|p2a: Archaludon|[spread] 
|-activate|p2a: Archaludon|move: Wide Guard
|-activate|p2b: Pelipper|move: Wide Guard
|move|p2a: Archaludon|Electro Shot||[still]
|-prepare|p2a: Archaludon|Electro Shot
|-boost|p2a: Archaludon|spa|1
|
|-weather|SunnyDay|[upkeep]
|upkeep
|turn|3
|
|t:|1756167586
|-terastallize|p1a: Mommy|Fighting
|move|p2b: Pelipper|Wide Guard|p2b: Pelipper
|-singleturn|p2b: Pelipper|Wide Guard
|move|p1a: Mommy|Tera Blast|p2a: Archaludon|[anim] Tera Blast Fighting
|-supereffective|p2a: Archaludon
|-damage|p2a: Archaludon|29/100
|-ability|p2a: Archaludon|Stamina|boost
|-boost|p2a: Archaludon|def|1
|-damage|p1a: Mommy|91/100|[from] item: Life Orb
|move|p1b: Fluffy|Moonblast|p2a: Archaludon
|-damage|p2a: Archaludon|12/100
|-ability|p2a: Archaludon|Stamina|boost
|-boost|p2a: Archaludon|def|1
|move|p2a: Archaludon|Electro Shot|p1a: Mommy|[from] lockedmove
|-damage|p1a: Mommy|0 fnt
|faint|p1a: Mommy
|
|-weather|SunnyDay|[upkeep]
|upkeep
|
|t:|1756167602
|switch|p1a: ahem has horns|Indeedee, L50, M|100/100
|-fieldstart|move: Psychic Terrain|[from] ability: Psychic Surge|[of] p1a: ahem has horns
|turn|4
|
|t:|1756167616
|move|p2b: Pelipper|Wide Guard|p2b: Pelipper
|-singleturn|p2b: Pelipper|Wide Guard
|move|p1b: Fluffy|Moonblast|p2a: Archaludon
|-damage|p2a: Archaludon|0 fnt
|faint|p2a: Archaludon
|move|p1a: ahem has horns|Tera Blast|p2b: Pelipper
|-damage|p2b: Pelipper|0 fnt
|faint|p2b: Pelipper
|
|-weather|SunnyDay|[upkeep]
|upkeep
|
|t:|1756167626
|switch|p2b: Incineroar|Incineroar, L50, F|100/100
|switch|p2a: Sinistcha|Sinistcha, L50|100/100
|-ability|p2b: Incineroar|Intimidate|boost
|-unboost|p1a: ahem has horns|atk|1
|-unboost|p1b: Fluffy|atk|1
|turn|5
|
|t:|1756167645
|move|p1b: Fluffy|Moonblast|p2b: Incineroar
|-damage|p2b: Incineroar|78/100
|move|p1a: ahem has horns|Tera Blast|p2b: Incineroar
|-damage|p2b: Incineroar|46/100
|-enditem|p2b: Incineroar|Sitrus Berry|[eat]
|-heal|p2b: Incineroar|70/100|[from] item: Sitrus Berry
|move|p2a: Sinistcha|Matcha Gotcha|p1b: Fluffy|[spread] p1a,p1b
|-resisted|p1b: Fluffy
|-damage|p1a: ahem has horns|65/100
|-damage|p1b: Fluffy|84/100
|move|p2b: Incineroar|Knock Off|p1a: ahem has horns
|-supereffective|p1a: ahem has horns
|-damage|p1a: ahem has horns|0 fnt
|-enditem|p1a: ahem has horns|Focus Sash|[from] move: Knock Off|[of] p2b: Incineroar
|faint|p1a: ahem has horns
|
|-weather|SunnyDay|[upkeep]
|upkeep
|turn|6
|-message|foiledfeline forfeited.
|
|win|AlpiEscapes
||AlpiEscapes is ready for game 3.
||foiledfeline is ready for game 3.
|uhtml|next|Next: Game 3 of 3
|l|☆AlpiEscapes
|player|p2|
