|j|☆Atc13
|j|☆feedback9946
|html|Atc13feedback9946    
|uhtml|bestof|Game 2 of a best-of-3
|t:|1784883568
|gametype|doubles
|player|p1|Atc13|2|1040
|player|p2|feedback9946|grimsley-gen7|1034
|gen|9
|tier|[Gen 9 Champions] VGC 2026 Reg M-B (Bo3)
|rated|
|rule|Species Clause: Limit one of each Pokémon
|rule|Item Clause: Limit 1 of each item
|clearpoke
|poke|p1|Annihilape, L50, F|
|poke|p1|Raichu, L50, F|
|poke|p1|Whimsicott, L50, M|
|poke|p1|Incineroar, L50, M|
|poke|p1|Skarmory, L50, F|
|poke|p1|Milotic, L50, M|
|poke|p2|Glimmora, L50, M|
|poke|p2|Swampert, L50, M|
|poke|p2|Kingambit, L50, F|
|poke|p2|Pelipper, L50, M|
|poke|p2|Rotom-Mow, L50|
|poke|p2|Noivern, L50, M|
|teampreview|4
|showteam|p1|Annihilape||ExpertBelt|Defiant|RageFist,DrainPunch,Protect,IcePunch|Adamant||F|||50|]Raichu||RaichuniteY|LightningRod|FakeOut,ZapCannon,AlluringVoice,Protect|Timid||F|||50|]Whimsicott||FocusSash|Prankster|BeatUp,Tailwind,Moonblast,Protect|Timid||M|||50|]Incineroar||SitrusBerry|Intimidate|FlareBlitz,DarkestLariat,FakeOut,PartingShot|Adamant||M|||50|]Skarmory||Skarmorite|Sturdy|Spikes,StealthRock,BraveBird,IronHead|Jolly||F|||50|]Milotic||Leftovers|Competitive|Recover,Coil,MuddyWater,LifeDew|Bold||M|||50|
|showteam|p2|Glimmora||Glimmoranite|ToxicDebris|PowerGem,SludgeWave,EarthPower,SpikyShield|Modest||M|||50|]Swampert||Swampertite|Torrent|WaveCrash,Earthquake,IcePunch,Protect|Adamant||M|||50|]Kingambit||ChopleBerry|Defiant|SuckerPunch,KowtowCleave,IronHead,Protect|Adamant||F|||50|]Pelipper||SitrusBerry|Drizzle|Hurricane,WeatherBall,WideGuard,Protect|Modest||M|||50|]Rotom-Mow||ChoiceScarf|Levitate|LeafStorm,VoltSwitch,Discharge,Electroweb|Timid|||||50|]Noivern||FocusSash|Telepathy|DracoMeteor,SuperFang,Tailwind,Protect|Timid||M|||50|
|inactive|Battle timer is ON: inactive players will automatically lose when time's up. (requested by feedback9946)
|inactive|Atc13 has 60 seconds left.
|inactive|feedback9946 has 60 seconds left.
|inactiveoff|Battle timer is now OFF.
|
|t:|1784883617
|teamsize|p1|4
|teamsize|p2|4
|start
|switch|p1a: Raichu|Raichu, L50, F|100/100
|switch|p1b: Incineroar|Incineroar, L50, M|100/100
|switch|p2a: Noivern|Noivern, L50, M|100/100
|switch|p2b: Rotom|Rotom-Mow, L50|100/100
|-ability|p1b: Incineroar|Intimidate|boost
|-unboost|p2a: Noivern|atk|1
|-unboost|p2b: Rotom|atk|1
|turn|1
|
|t:|1784883652
|switch|p2a: Swampert|Swampert, L50, M|100/100
|move|p1a: Raichu|Fake Out|p2b: Rotom
|-damage|p2b: Rotom|90/100
|cant|p2b: Rotom|flinch
|move|p1b: Incineroar|Darkest Lariat|p2b: Rotom
|-damage|p2b: Rotom|41/100
|
|upkeep
|turn|2
|
|t:|1784883684
|switch|p2b: Pelipper|Pelipper, L50, M|100/100
|-weather|RainDance|[from] ability: Drizzle|[of] p2b: Pelipper
|detailschange|p1a: Raichu|Raichu-Mega-Y, L50, F
|-mega|p1a: Raichu|Raichu|Raichunite Y
|detailschange|p2a: Swampert|Swampert-Mega, L50, M
|-mega|p2a: Swampert|Swampert|Swampertite
|move|p2a: Swampert|Earthquake|p1b: Incineroar|[spread] p1a,p1b
|-immune|p2b: Pelipper
|-supereffective|p1a: Raichu|1
|-supereffective|p1b: Incineroar|1
|-damage|p1a: Raichu|0 fnt
|-damage|p1b: Incineroar|1/100
|-enditem|p1b: Incineroar|Sitrus Berry|[eat]
|-heal|p1b: Incineroar|26/100|[from] item: Sitrus Berry
|faint|p1a: Raichu
|move|p1b: Incineroar|Parting Shot|p2a: Swampert
|-unboost|p2a: Swampert|atk|1
|-unboost|p2a: Swampert|spa|1
|
|t:|1784883702
|switch|p1b: Whimsicott|Whimsicott, L50, M|100/100|[from] Parting Shot
|
|-weather|RainDance|[upkeep]
|upkeep
|
|t:|1784883709
|switch|p1a: Incineroar|Incineroar, L50, M|26/100
|-ability|p1a: Incineroar|Intimidate|boost
|-unboost|p2a: Swampert|atk|1
|-unboost|p2b: Pelipper|atk|1
|turn|3
|
|t:|1784883749
|switch|p2a: Noivern|Noivern, L50, M|100/100
|move|p1a: Incineroar|Fake Out|p2b: Pelipper
|-damage|p2b: Pelipper|81/100
|move|p1b: Whimsicott|Tailwind|p1b: Whimsicott
|-sidestart|p1: Atc13|move: Tailwind
|cant|p2b: Pelipper|flinch
|
|-weather|RainDance|[upkeep]
|upkeep
|turn|4
|
|t:|1784883775
|move|p1b: Whimsicott|Moonblast|p2a: Noivern
|-supereffective|p2a: Noivern|1
|-damage|p2a: Noivern|31/100
|move|p2a: Noivern|Super Fang|p1b: Whimsicott
|-damage|p1b: Whimsicott|50/100y
|move|p1a: Incineroar|Darkest Lariat|p2a: Noivern
|-damage|p2a: Noivern|0 fnt
|faint|p2a: Noivern
|move|p2b: Pelipper|Weather Ball|p1a: Incineroar
|-supereffective|p1a: Incineroar|1
|-damage|p1a: Incineroar|0 fnt
|faint|p1a: Incineroar
|
|-weather|RainDance|[upkeep]
|upkeep
|
|t:|1784883791
|switch|p2a: Swampert|Swampert-Mega, L50, M|100/100
|switch|p1a: Annihilape|Annihilape, L50, F|100/100
|turn|5
|
|t:|1784883826
|move|p1b: Whimsicott|Beat Up|p1a: Annihilape
|-damage|p1a: Annihilape|97/100
|-damage|p1a: Annihilape|95/100
|-hitcount|p1a: Annihilape|2
|move|p1a: Annihilape|Rage Fist|p2a: Swampert
|-damage|p2a: Swampert|33/100
|move|p2a: Swampert|Ice Punch|p1b: Whimsicott
|-supereffective|p1b: Whimsicott|1
|-crit|p1b: Whimsicott
|-damage|p1b: Whimsicott|0 fnt
|faint|p1b: Whimsicott
|move|p2b: Pelipper|Hurricane|p1a: Annihilape
|-supereffective|p1a: Annihilape|1
|-damage|p1a: Annihilape|8/100
|
|-weather|RainDance|[upkeep]
|upkeep
|turn|6
|
|t:|1784883850
|move|p1a: Annihilape|Drain Punch|p2b: Pelipper
|-resisted|p2b: Pelipper|1
|-damage|p2b: Pelipper|56/100
|-heal|p1a: Annihilape|16/100|[from] drain|[of] p2b: Pelipper
|move|p2a: Swampert|Wave Crash|p1a: Annihilape
|-damage|p1a: Annihilape|0 fnt
|faint|p1a: Annihilape
|-damage|p2a: Swampert|26/100|[from] Recoil
|
|win|feedback9946
|raw|Atc13's rating: 1040 → 1024(-16 for losing)
|raw|feedback9946's rating: 1034 → 1070(+36 for winning)
|l|☆Atc13
|player|p1|
|l|☆feedback9946
|player|p2|
|j|☆feedback9946
|player|p2|feedback9946|grimsley-gen7|
