|j|☆aqueousbloop
|j|☆amaro29
|html|aqueousbloopamaro29    
|uhtml|bestof|Game 3 of a best-of-3
|t:|1785303462
|gametype|doubles
|player|p1|aqueousbloop|2|1085
|player|p2|amaro29|cilan|1076
|gen|9
|tier|[Gen 9 Champions] VGC 2026 Reg M-B (Bo3)
|rated|
|rule|Species Clause: Limit one of each Pokémon
|rule|Item Clause: Limit 1 of each item
|clearpoke
|poke|p1|Hatterene, L50, F|
|poke|p1|Oranguru, L50, F|
|poke|p1|Mawile, L50, M|
|poke|p1|Kangaskhan, L50, F|
|poke|p1|Venusaur, L50, F|
|poke|p1|Torkoal, L50, F|
|poke|p2|Swampert, L50, M|
|poke|p2|Pelipper, L50, F, shiny|
|poke|p2|Archaludon, L50, F|
|poke|p2|Basculegion, L50, M, shiny|
|poke|p2|Grimmsnarl, L50, M, shiny|
|poke|p2|Sinistcha, L50|
|teampreview|4
|showteam|p1|Hatterene||LifeOrb|MagicBounce|Protect,Psychic,TrickRoom,DazzlingGleam|Quiet||F|||50|]Oranguru||MentalHerb|InnerFocus|Protect,Instruct,Psychic,TrickRoom|Bold||F|||50|]Mawile||Mawilite|HyperCutter|SuckerPunch,PlayRough,Protect,IronHead|Brave||M|||50|]Kangaskhan||SilkScarf|Scrappy|LastResort,FakeOut|Brave||F|||50|]Venusaur||FocusSash|Chlorophyll|LeafStorm,SludgeBomb,SleepPowder,Protect|Modest||F|||50|]Torkoal||Charcoal|Drought|Eruption,Protect,EarthPower,HeatWave|Quiet||F|||50|
|showteam|p2|Swampert||Swampertite|Torrent|WaveCrash,HighHorsepower,IcePunch,Protect|Adamant||M|||50|]Pelipper||FocusSash|Drizzle|WeatherBall,Tailwind,WideGuard,Hurricane|Modest||F|||50|]Archaludon||Leftovers|Stamina|ElectroShot,Protect,DragonPulse,FlashCannon|Modest||F|||50|]Basculegion||ChoiceScarf|Adaptability|WaveCrash,FlipTurn,AquaJet,LastRespects|Jolly||M|||50|]Grimmsnarl||LightClay|Prankster|SpiritBreak,PartingShot,LightScreen,Reflect|Careful||M|||50|]Sinistcha||SitrusBerry|Hospitality|MatchaGotcha,Protect,RagePowder,TrickRoom|Bold|||||50|
|
|t:|1785303506
|teamsize|p1|4
|teamsize|p2|4
|start
|switch|p1a: Venusaur|Venusaur, L50, F|100/100
|switch|p1b: Oranguru|Oranguru, L50, F|100/100
|switch|p2a: Archaludon|Archaludon, L50, F|100/100
|switch|p2b: Grimmsnarl|Grimmsnarl, L50, M, shiny|100/100
|turn|1
|
|t:|1785303530
|move|p2b: Grimmsnarl|Parting Shot|p1a: Venusaur
|-unboost|p1a: Venusaur|atk|1
|-unboost|p1a: Venusaur|spa|1
|
|t:|1785303533
|switch|p2b: Pelipper|Pelipper, L50, F, shiny|100/100|[from] Parting Shot
|-weather|RainDance|[from] ability: Drizzle|[of] p2b: Pelipper
|move|p1a: Venusaur|Sludge Bomb|p2b: Pelipper
|-damage|p2b: Pelipper|51/100
|-status|p2b: Pelipper|psn
|move|p2a: Archaludon|Electro Shot||[still]
|-prepare|p2a: Archaludon|Electro Shot
|-boost|p2a: Archaludon|spa|1
|-anim|p2a: Archaludon|Electro Shot|p1b: Oranguru
|-damage|p1b: Oranguru|50/100g
|move|p1b: Oranguru|Instruct|p1a: Venusaur
|-singleturn|p1a: Venusaur|move: Instruct|[of] p1b: Oranguru
|move|p1a: Venusaur|Sludge Bomb|p2b: Pelipper
|-damage|p2b: Pelipper|1/100 psn
|
|-weather|RainDance|[upkeep]
|-damage|p2b: Pelipper|0 fnt|[from] psn
|faint|p2b: Pelipper
|upkeep
|
|t:|1785303553
|switch|p2b: Grimmsnarl|Grimmsnarl, L50, M, shiny|100/100
|turn|2
|
|t:|1785303576
|move|p1b: Oranguru|Protect|p1b: Oranguru
|-singleturn|p1b: Oranguru|Protect
|move|p2b: Grimmsnarl|Light Screen|p2b: Grimmsnarl
|-sidestart|p2: amaro29|move: Light Screen
|move|p1a: Venusaur|Sleep Powder|p2a: Archaludon|[miss]
|-miss|p1a: Venusaur|p2a: Archaludon
|move|p2a: Archaludon|Dragon Pulse|p1b: Oranguru
|-activate|p1b: Oranguru|move: Protect
|
|-weather|RainDance|[upkeep]
|upkeep
|turn|3
|
|t:|1785303595
|move|p1a: Venusaur|Sleep Powder|p2a: Archaludon
|-status|p2a: Archaludon|slp|[from] move: Sleep Powder
|cant|p2a: Archaludon|slp
|move|p2b: Grimmsnarl|Spirit Break|p1a: Venusaur
|-resisted|p1a: Venusaur|1
|-damage|p1a: Venusaur|79/100
|-unboost|p1a: Venusaur|spa|1
|move|p1b: Oranguru|Trick Room|p1b: Oranguru
|-fieldstart|move: Trick Room|[of] p1b: Oranguru
|
|-weather|RainDance|[upkeep]
|upkeep
|turn|4
|
|t:|1785303621
|switch|p1b: Torkoal|Torkoal, L50, F|100/100
|-weather|SunnyDay|[from] ability: Drought|[of] p1b: Torkoal
|move|p2b: Grimmsnarl|Spirit Break|p1a: Venusaur
|-resisted|p1a: Venusaur|1
|-damage|p1a: Venusaur|58/100
|-unboost|p1a: Venusaur|spa|1
|cant|p2a: Archaludon|slp
|move|p1a: Venusaur|Sludge Bomb|p2b: Grimmsnarl
|-supereffective|p2b: Grimmsnarl|1
|-damage|p2b: Grimmsnarl|80/100
|
|-weather|SunnyDay|[upkeep]
|upkeep
|turn|5
|
|t:|1785303678
|move|p1b: Torkoal|Earth Power|p2a: Archaludon
|-supereffective|p2a: Archaludon|1
|-damage|p2a: Archaludon|63/100 slp
|-ability|p2a: Archaludon|Stamina|boost
|-boost|p2a: Archaludon|def|1
|move|p2b: Grimmsnarl|Spirit Break|p1b: Torkoal
|-resisted|p1b: Torkoal|1
|-damage|p1b: Torkoal|88/100
|-unboost|p1b: Torkoal|spa|1
|-curestatus|p2a: Archaludon|slp|[msg]
|move|p2a: Archaludon|Dragon Pulse|p1b: Torkoal
|-damage|p1b: Torkoal|3/100
|move|p1a: Venusaur|Sludge Bomb|p2b: Grimmsnarl
|-supereffective|p2b: Grimmsnarl|1
|-damage|p2b: Grimmsnarl|57/100
|
|-weather|SunnyDay|[upkeep]
|-heal|p2a: Archaludon|69/100|[from] item: Leftovers
|upkeep
|turn|6
|
|t:|1785303717
|move|p2a: Archaludon|Protect|p2a: Archaludon
|-singleturn|p2a: Archaludon|Protect
|move|p1b: Torkoal|Eruption|p2b: Grimmsnarl|[spread] p2b
|-activate|p2a: Archaludon|move: Protect
|-damage|p2b: Grimmsnarl|56/100
|move|p2b: Grimmsnarl|Spirit Break|p1b: Torkoal
|-resisted|p1b: Torkoal|1
|-damage|p1b: Torkoal|0 fnt
|faint|p1b: Torkoal
|move|p1a: Venusaur|Sleep Powder|p2a: Archaludon
|-activate|p2a: Archaludon|move: Protect
|
|-weather|SunnyDay|[upkeep]
|-heal|p2a: Archaludon|75/100|[from] item: Leftovers
|upkeep
|
|t:|1785303737
|switch|p1b: Kangaskhan|Kangaskhan, L50, F|100/100
|turn|7
|
|t:|1785303768
|move|p1b: Kangaskhan|Fake Out|p2a: Archaludon
|-resisted|p2a: Archaludon|1
|-damage|p2a: Archaludon|70/100
|-ability|p2a: Archaludon|Stamina|boost
|-boost|p2a: Archaludon|def|1
|move|p2b: Grimmsnarl|Parting Shot|p1b: Kangaskhan
|-unboost|p1b: Kangaskhan|atk|1
|-unboost|p1b: Kangaskhan|spa|1
|
|t:|1785303775
|switch|p2b: Sinistcha|Sinistcha, L50|100/100|[from] Parting Shot
|-heal|p2a: Archaludon|94/100|[from] ability: Hospitality|[of] p2b: Sinistcha
|cant|p2a: Archaludon|flinch
|move|p1a: Venusaur|Sludge Bomb|p2b: Sinistcha
|-damage|p2b: Sinistcha|89/100
|
|-weather|SunnyDay|[upkeep]
|-heal|p2a: Archaludon|100/100|[from] item: Leftovers
|-fieldend|move: Trick Room
|upkeep
|turn|8
|
|t:|1785303799
|move|p1a: Venusaur|Sleep Powder|p2a: Archaludon
|-status|p2a: Archaludon|slp|[from] move: Sleep Powder
|cant|p2a: Archaludon|slp
|move|p1b: Kangaskhan|Last Resort|p2b: Sinistcha
|-damage|p2b: Sinistcha|49/100
|-enditem|p2b: Sinistcha|Sitrus Berry|[eat]
|-heal|p2b: Sinistcha|74/100|[from] item: Sitrus Berry
|move|p2b: Sinistcha|Matcha Gotcha|p1b: Kangaskhan|[spread] p1a,p1b
|-resisted|p1a: Venusaur|2
|-damage|p1a: Venusaur|50/100g
|-heal|p2b: Sinistcha|77/100|[from] drain|[of] p1a: Venusaur
|-damage|p1b: Kangaskhan|76/100
|-heal|p2b: Sinistcha|92/100|[from] drain|[of] p1b: Kangaskhan
|-status|p1a: Venusaur|brn
|
|-weather|none
|-damage|p1a: Venusaur|45/100 brn|[from] brn
|upkeep
|turn|9
|
|t:|1785303830
|switch|p2b: Grimmsnarl|Grimmsnarl, L50, M, shiny|56/100
|move|p1a: Venusaur|Sludge Bomb|p2b: Grimmsnarl
|-supereffective|p2b: Grimmsnarl|1
|-damage|p2b: Grimmsnarl|36/100
|-curestatus|p2a: Archaludon|slp|[msg]
|move|p2a: Archaludon|Dragon Pulse|p1b: Kangaskhan
|-damage|p1b: Kangaskhan|10/100
|move|p1b: Kangaskhan|Last Resort|p2b: Grimmsnarl
|-damage|p2b: Grimmsnarl|0 fnt
|faint|p2b: Grimmsnarl
|
|-damage|p1a: Venusaur|39/100 brn|[from] brn
|-sideend|p2: amaro29|move: Light Screen
|upkeep
|
|t:|1785303843
|switch|p2b: Sinistcha|Sinistcha, L50|92/100
|turn|10
|
|t:|1785303849
|move|p1a: Venusaur|Sleep Powder|p2a: Archaludon|[miss]
|-miss|p1a: Venusaur|p2a: Archaludon
|move|p2a: Archaludon|Dragon Pulse|p1a: Venusaur
|-damage|p1a: Venusaur|0 fnt
|faint|p1a: Venusaur
|move|p1b: Kangaskhan|Last Resort|p2b: Sinistcha
|-crit|p2b: Sinistcha
|-damage|p2b: Sinistcha|7/100
|move|p2b: Sinistcha|Matcha Gotcha|p1b: Kangaskhan
|-damage|p1b: Kangaskhan|0 fnt
|-heal|p2b: Sinistcha|13/100|[from] drain|[of] p1b: Kangaskhan
|faint|p1b: Kangaskhan
|
|upkeep
|c|☆aqueousbloop|ggs
|
|t:|1785303884
|switch|p1a: Oranguru|Oranguru, L50, F|50/100g
|turn|11
|
|t:|1785303893
|move|p2a: Archaludon|Dragon Pulse|p1a: Oranguru
|-damage|p1a: Oranguru|1/100
|move|p2b: Sinistcha|Matcha Gotcha|p1a: Oranguru
|-damage|p1a: Oranguru|0 fnt
|-heal|p2b: Sinistcha|14/100|[from] drain|[of] p1a: Oranguru
|faint|p1a: Oranguru
|
|win|amaro29
|raw|aqueousbloop's rating: 1085 → 1062(-23 for losing)
|raw|amaro29's rating: 1076 → 1105(+29 for winning)
|c|☆amaro29|ggs
|l|☆amaro29
|player|p2|
