|j|☆beni_9
|j|☆lux raymundi
|html|beni_9lux raymundi    
|uhtml|bestof|Game 3 of a best-of-3
|t:|1783612249
|gametype|doubles
|player|p1|beni_9|alder|1255
|player|p2|lux raymundi|266|1282
|gen|9
|tier|[Gen 9 Champions] VGC 2026 Reg M-B (Bo3)
|rated|
|rule|Species Clause: Limit one of each Pokémon
|rule|Item Clause: Limit 1 of each item
|clearpoke
|poke|p1|Charizard, L50, M|
|poke|p1|Venusaur, L50, M|
|poke|p1|Mamoswine, L50, F|
|poke|p1|Garchomp, L50, M|
|poke|p1|Incineroar, L50, M|
|poke|p1|Toxapex, L50, M|
|poke|p2|Charizard, L50, M|
|poke|p2|Incineroar, L50, F|
|poke|p2|Sylveon, L50, M|
|poke|p2|Farigiraf, L50, M|
|poke|p2|Garchomp, L50, F|
|poke|p2|Aerodactyl, L50, M|
|teampreview|4
|showteam|p1|Charizard||CharizarditeY|Blaze|HeatWave,WeatherBall,HelpingHand,Protect|Modest||M|||50|]Venusaur||LifeOrb|Chlorophyll|LeafStorm,SludgeBomb,EarthPower,Protect|Modest||M|||50|]Mamoswine||FocusSash|Oblivious|HighHorsepower,RockTomb,IceShard,Protect|Jolly||F|||50|]Garchomp||ChoiceScarf|RoughSkin|DragonClaw,Earthquake,RockSlide,StompingTantrum|Adamant||M|||50|]Incineroar||SitrusBerry|Intimidate|FlareBlitz,ThroatChop,PartingShot,FakeOut|Impish||M|||50|]Toxapex||Leftovers|Regenerator|Toxic,Infestation,WideGuard,BanefulBunker|Bold||M|||50|
|showteam|p2|Charizard||CharizarditeY|Blaze|HeatWave,WeatherBall,SolarBeam,Protect|Modest||M|||50|]Incineroar||Charcoal|Intimidate|FlareBlitz,DarkestLariat,FakeOut,PartingShot|Brave||F|||50|]Sylveon||FairyFeather|Pixilate|HyperVoice,HyperBeam,QuickAttack,Protect|Modest||M|||50|]Farigiraf||SitrusBerry|ArmorTail|Psyshock,HelpingHand,TrickRoom,Protect|Calm||M|||50|]Garchomp||LifeOrb|RoughSkin|Earthquake,Protect,DragonClaw,StompingTantrum|Jolly||F|||50|]Aerodactyl||FocusSash|Unnerve|RockSlide,Tailwind,WideGuard,Protect|Jolly||M|||50|
|
|t:|1783612272
|teamsize|p1|4
|teamsize|p2|4
|start
|switch|p1a: Charizard|Charizard, L50, M|100/100
|switch|p1b: Toxapex|Toxapex, L50, M|100/100
|switch|p2a: Aerodactyl|Aerodactyl, L50, M|100/100
|switch|p2b: Sylveon|Sylveon, L50, M|100/100
|-ability|p2a: Aerodactyl|Unnerve
|turn|1
|inactive|Battle timer is ON: inactive players will automatically lose when time's up. (requested by beni_9)
|
|t:|1783612297
|switch|p2b: Garchomp|Garchomp, L50, F|100/100
|detailschange|p1a: Charizard|Charizard-Mega-Y, L50, M
|-mega|p1a: Charizard|Charizard|Charizardite Y
|-weather|SunnyDay|[from] ability: Drought|[of] p1a: Charizard
|move|p1b: Toxapex|Wide Guard|p1b: Toxapex
|-singleturn|p1b: Toxapex|Wide Guard
|move|p2a: Aerodactyl|Tailwind|p2a: Aerodactyl
|-sidestart|p2: lux raymundi|move: Tailwind
|move|p1a: Charizard|Weather Ball|p2b: Garchomp
|-resisted|p2b: Garchomp|1
|-damage|p2b: Garchomp|54/100
|
|-weather|SunnyDay|[upkeep]
|upkeep
|turn|2
|inactive|beni_9 has 30 seconds left.
|inactive|beni_9 has 20 seconds left.
|inactive|beni_9 has 15 seconds left.
|
|t:|1783612340
|switch|p1a: Incineroar|Incineroar, L50, M|100/100
|-ability|p1a: Incineroar|Intimidate|boost
|-unboost|p2a: Aerodactyl|atk|1
|-unboost|p2b: Garchomp|atk|1
|move|p1b: Toxapex|Wide Guard|p1b: Toxapex
|-singleturn|p1b: Toxapex|Wide Guard
|move|p2a: Aerodactyl|Rock Slide|p1b: Toxapex|[spread] 
|-activate|p1a: Incineroar|move: Wide Guard
|-activate|p1b: Toxapex|move: Wide Guard
|move|p2b: Garchomp|Dragon Claw|p1a: Incineroar
|-damage|p1a: Incineroar|69/100
|-damage|p2b: Garchomp|44/100|[from] item: Life Orb
|
|-weather|SunnyDay|[upkeep]
|upkeep
|turn|3
|inactive|beni_9 has 30 seconds left.
|
|t:|1783612366
|switch|p2a: Charizard|Charizard, L50, M|100/100
|move|p2b: Garchomp|Protect|p2b: Garchomp
|-singleturn|p2b: Garchomp|Protect
|move|p1a: Incineroar|Fake Out|p2b: Garchomp
|-activate|p2b: Garchomp|move: Protect
|move|p1b: Toxapex|Infestation|p2a: Charizard
|-resisted|p2a: Charizard|2
|-crit|p2a: Charizard
|-damage|p2a: Charizard|98/100
|-activate|p2a: Charizard|move: Infestation|[of] p1b: Toxapex
|
|-weather|SunnyDay|[upkeep]
|-damage|p2a: Charizard|86/100|[from] move: Infestation|[partiallytrapped]
|upkeep
|turn|4
|
|t:|1783612396
|detailschange|p2a: Charizard|Charizard-Mega-Y, L50, M
|-mega|p2a: Charizard|Charizard|Charizardite Y
|move|p1b: Toxapex|Baneful Bunker|p1b: Toxapex
|-singleturn|p1b: Toxapex|move: Protect
|move|p2b: Garchomp|Stomping Tantrum|p1a: Incineroar
|-supereffective|p1a: Incineroar|1
|-damage|p1a: Incineroar|11/100
|-enditem|p1a: Incineroar|Sitrus Berry|[eat]
|-heal|p1a: Incineroar|36/100|[from] item: Sitrus Berry
|-damage|p2b: Garchomp|34/100|[from] item: Life Orb
|move|p2a: Charizard|Weather Ball|p1a: Incineroar
|-resisted|p1a: Incineroar|1
|-damage|p1a: Incineroar|0 fnt
|faint|p1a: Incineroar
|
|-weather|SunnyDay|[upkeep]
|-damage|p2a: Charizard|74/100|[from] move: Infestation|[partiallytrapped]
|-sideend|p2: lux raymundi|move: Tailwind
|upkeep
|
|t:|1783612413
|switch|p1a: Garchomp|Garchomp, L50, M|100/100
|turn|5
|
|t:|1783612424
|switch|p2b: Sylveon|Sylveon, L50, M|100/100
|move|p2a: Charizard|Protect|p2a: Charizard
|-singleturn|p2a: Charizard|Protect
|move|p1a: Garchomp|Rock Slide|p2a: Charizard|[spread] p2b
|-activate|p2a: Charizard|move: Protect
|-damage|p2b: Sylveon|77/100
|move|p1b: Toxapex|Toxic|p2b: Sylveon
|-status|p2b: Sylveon|tox
|
|-weather|none
|-damage|p2b: Sylveon|71/100 tox|[from] psn
|-damage|p2a: Charizard|61/100|[from] move: Infestation|[partiallytrapped]
|upkeep
|turn|6
|
|t:|1783612448
|move|p1b: Toxapex|Wide Guard|p1b: Toxapex
|-singleturn|p1b: Toxapex|Wide Guard
|move|p1a: Garchomp|Rock Slide|p2a: Charizard|[spread] p2a,p2b
|-supereffective|p2a: Charizard|2
|-damage|p2a: Charizard|0 fnt
|-damage|p2b: Sylveon|48/100 tox
|faint|p2a: Charizard
|move|p2b: Sylveon|Hyper Voice|p1b: Toxapex|[spread] 
|-activate|p1a: Garchomp|move: Wide Guard
|-activate|p1b: Toxapex|move: Wide Guard
|
|-damage|p2b: Sylveon|36/100 tox|[from] psn
|upkeep
|
|t:|1783612451
|switch|p2a: Aerodactyl|Aerodactyl, L50, M|100/100
|-ability|p2a: Aerodactyl|Unnerve
|turn|7
|inactive|beni_9 has 30 seconds left.
|
|t:|1783612478
|move|p1b: Toxapex|Wide Guard|p1b: Toxapex
|-singleturn|p1b: Toxapex|Wide Guard
|move|p1a: Garchomp|Rock Slide|p2b: Sylveon|[spread] p2a,p2b
|-supereffective|p2a: Aerodactyl|1
|-damage|p2a: Aerodactyl|35/100
|-damage|p2b: Sylveon|14/100 tox
|cant|p2a: Aerodactyl|flinch
|move|p2b: Sylveon|Hyper Beam|p1a: Garchomp
|-supereffective|p1a: Garchomp|1
|-damage|p1a: Garchomp|0 fnt
|-mustrecharge|p2b: Sylveon
|faint|p1a: Garchomp
|
|-damage|p2b: Sylveon|0 fnt|[from] psn
|faint|p2b: Sylveon
|upkeep
|
|t:|1783612491
|switch|p1a: Charizard|Charizard-Mega-Y, L50, M|100/100
|switch|p2b: Garchomp|Garchomp, L50, F|34/100
|-weather|SunnyDay|[from] ability: Drought|[of] p1a: Charizard
|turn|8
|inactive|beni_9 has 30 seconds left.
|
|t:|1783612521
|move|p1b: Toxapex|Wide Guard|p1b: Toxapex
|-singleturn|p1b: Toxapex|Wide Guard
|move|p2a: Aerodactyl|Rock Slide|p1a: Charizard|[spread] 
|-activate|p1a: Charizard|move: Wide Guard
|-activate|p1b: Toxapex|move: Wide Guard
|move|p2b: Garchomp|Stomping Tantrum|p1b: Toxapex
|-supereffective|p1b: Toxapex|1
|-damage|p1b: Toxapex|33/100
|-damage|p2b: Garchomp|24/100|[from] item: Life Orb
|move|p1a: Charizard|Weather Ball|p2b: Garchomp
|-resisted|p2b: Garchomp|1
|-damage|p2b: Garchomp|0 fnt
|faint|p2b: Garchomp
|
|-weather|SunnyDay|[upkeep]
|-heal|p1b: Toxapex|39/100|[from] item: Leftovers
|upkeep
|turn|9
|-message|lux raymundi forfeited.
|
|win|beni_9
|raw|beni_9's rating: 1255 → 1282(+27 for winning)
|raw|lux raymundi's rating: 1282 → 1255(-27 for losing)
