|j|☆cecco22
|j|☆entei enthusiast
|html|cecco22entei enthusiast    
|uhtml|bestof|Game 1 of a best-of-3
|t:|1783024495
|gametype|doubles
|player|p1|cecco22|cynthia|1105
|player|p2|entei enthusiast|kamado-armor|1073
|gen|9
|tier|[Gen 9 Champions] VGC 2026 Reg M-B (Bo3)
|rated|
|rule|Species Clause: Limit one of each Pokémon
|rule|Item Clause: Limit 1 of each item
|clearpoke
|poke|p1|Goodra-Hisui, L50, M|
|poke|p1|Annihilape, L50, M, shiny|
|poke|p1|Dragonite, L50, M|
|poke|p1|Sinistcha, L50, shiny|
|poke|p1|Maushold-Four, L50|
|poke|p1|Lopunny, L50, F|
|poke|p2|Gyarados, L50, F, shiny|
|poke|p2|Floette-Eternal, L50, F|
|poke|p2|Sneasler, L50, F|
|poke|p2|Sinistcha, L50|
|poke|p2|Garchomp, L50, M|
|poke|p2|Incineroar, L50, M|
|teampreview|4
|showteam|p1|Goodra-Hisui||Leftovers|ShellArmor|Shelter,BodyPress,LifeDew,Protect|Bold||M|||50|]Annihilape||LifeOrb|Defiant|RageFist,DrainPunch,IcePunch,Protect|Jolly||M|||50|]Dragonite||Dragoninite|Multiscale|DragonDance,Outrage,Waterfall,IceSpinner|Adamant||M|||50|]Sinistcha||SitrusBerry|Hospitality|RagePowder,MatchaGotcha,ShadowBall,LifeDew|Bold|||||50|]Maushold-Four||WideLens|Technician|PopulationBomb,FollowMe,BeatUp,ThunderWave|Jolly|||||50|]Lopunny||Lopunnite|Limber|FakeOut,CloseCombat,Facade,Protect|Jolly||F|||50|
|showteam|p2|Gyarados||Gyaradosite|Intimidate|Waterfall,LashOut,DragonDance,Protect|Adamant||F|||50|]Floette-Eternal||Floettite|FlowerVeil|DrainingKiss,DazzlingGleam,CalmMind,Protect|Timid||F|||50|]Sneasler||FocusSash|PoisonTouch|CloseCombat,DireClaw,FakeOut,Coaching|Jolly||F|||50|]Sinistcha||SitrusBerry|Hospitality|MatchaGotcha,LifeDew,RagePowder,Protect|Calm|||||50|]Garchomp||LifeOrb|RoughSkin|DragonClaw,RockSlide,Earthquake,Protect|Jolly||M|||50|]Incineroar||PasshoBerry|Intimidate|FlareBlitz,FakeOut,PartingShot,Taunt|Careful||M|||50|
|inactive|Battle timer is ON: inactive players will automatically lose when time's up. (requested by cecco22)
|inactive|cecco22 has 60 seconds left.
|inactive|entei enthusiast has 60 seconds left.
|
|t:|1783024541
|teamsize|p1|4
|teamsize|p2|4
|start
|switch|p1a: Annihilape|Annihilape, L50, M, shiny|100/100
|switch|p1b: Sinistcha|Sinistcha, L50, shiny|100/100
|switch|p2a: Floette|Floette-Eternal, L50, F|100/100
|switch|p2b: Sinistcha|Sinistcha, L50|100/100
|turn|1
|inactive|cecco22 has 30 seconds left.
|
|t:|1783024573
|detailschange|p2a: Floette|Floette-Mega, L50, F
|-mega|p2a: Floette|Floette|Floettite
|-ability|p2a: Floette|Fairy Aura
|move|p2a: Floette|Calm Mind|p2a: Floette
|-boost|p2a: Floette|spa|1
|-boost|p2a: Floette|spd|1
|move|p1a: Annihilape|Rage Fist|p2a: Floette
|-damage|p2a: Floette|64/100
|-damage|p1a: Annihilape|90/100|[from] item: Life Orb
|move|p1b: Sinistcha|Matcha Gotcha|p2b: Sinistcha|[spread] p2a,p2b
|-resisted|p2b: Sinistcha|1
|-damage|p2a: Floette|52/100
|-damage|p2b: Sinistcha|89/100
|move|p2b: Sinistcha|Life Dew|p2b: Sinistcha|[spread] p2a,p2b
|-heal|p2a: Floette|77/100
|-heal|p2b: Sinistcha|100/100
|
|upkeep
|turn|2
|
|t:|1783024594
|switch|p1b: Maushold|Maushold-Four, L50|100/100
|move|p1a: Annihilape|Protect|p1a: Annihilape
|-singleturn|p1a: Annihilape|Protect
|move|p2a: Floette|Dazzling Gleam|p1b: Maushold|[spread] p1b
|-activate|p1a: Annihilape|move: Protect
|-damage|p1b: Maushold|16/100
|move|p2b: Sinistcha|Life Dew||[still]|[spread] p2a,p2b
|-heal|p2a: Floette|100/100
|-fail|p2b: Sinistcha|heal
|
|upkeep
|turn|3
|
|t:|1783024617
|move|p2b: Sinistcha|Rage Powder|p2b: Sinistcha
|-singleturn|p2b: Sinistcha|move: Rage Powder
|move|p1b: Maushold|Beat Up|p2b: Sinistcha
|-supereffective|p2b: Sinistcha|1
|-damage|p2b: Sinistcha|87/100
|-supereffective|p2b: Sinistcha|1
|-damage|p2b: Sinistcha|78/100
|-supereffective|p2b: Sinistcha|1
|-damage|p2b: Sinistcha|65/100
|-supereffective|p2b: Sinistcha|1
|-damage|p2b: Sinistcha|57/100
|-hitcount|p2b: Sinistcha|4
|move|p2a: Floette|Calm Mind|p2a: Floette
|-boost|p2a: Floette|spa|1
|-boost|p2a: Floette|spd|1
|move|p1a: Annihilape|Rage Fist|p2b: Sinistcha
|-supereffective|p2b: Sinistcha|1
|-damage|p2b: Sinistcha|0 fnt
|faint|p2b: Sinistcha
|-damage|p1a: Annihilape|80/100|[from] item: Life Orb
|
|upkeep
|
|t:|1783024623
|switch|p2b: Garchomp|Garchomp, L50, M|100/100
|turn|4
|
|t:|1783024648
|move|p1b: Maushold|Population Bomb|p2a: Floette
|-damage|p2a: Floette|86/100
|-damage|p2a: Floette|72/100
|-damage|p2a: Floette|60/100
|-damage|p2a: Floette|48/100
|-damage|p2a: Floette|36/100
|-damage|p2a: Floette|24/100
|-damage|p2a: Floette|11/100
|-damage|p2a: Floette|0 fnt
|faint|p2a: Floette
|-hitcount|p2: Floette|8
|move|p2b: Garchomp|Rock Slide|p1a: Annihilape|[spread] p1b
|-miss|p2b: Garchomp|p1a: Annihilape
|-damage|p1b: Maushold|0 fnt
|faint|p1b: Maushold
|-damage|p2b: Garchomp|90/100|[from] item: Life Orb
|move|p1a: Annihilape|Rage Fist|p2b: Garchomp
|-damage|p2b: Garchomp|63/100
|-damage|p1a: Annihilape|68/100|[from] ability: Rough Skin|[of] p2b: Garchomp
|-damage|p1a: Annihilape|58/100|[from] item: Life Orb
|
|upkeep
|
|t:|1783024665
|switch|p1b: Sinistcha|Sinistcha, L50, shiny|100/100
|switch|p2a: Incineroar|Incineroar, L50, M|100/100
|-ability|p2a: Incineroar|Intimidate|boost
|-unboost|p1a: Annihilape|atk|1
|-ability|p1a: Annihilape|Defiant|boost
|-boost|p1a: Annihilape|atk|2
|-unboost|p1b: Sinistcha|atk|1
|-heal|p1a: Annihilape|83/100|[from] ability: Hospitality|[of] p1b: Sinistcha
|turn|5
|-message|entei enthusiast forfeited.
|
|win|cecco22
||entei enthusiast is ready for game 2.
||cecco22 is ready for game 2.
|uhtml|next|Next: Game 2 of 3
|l|☆cecco22
|player|p1|
