|j|☆bosspark1737376
|j|☆CyanDope
|html|bosspark1737376CyanDope    
|uhtml|bestof|Game 1 of a best-of-3
|t:|1784399640
|gametype|doubles
|player|p1|bosspark1737376|swimmerf|1167
|player|p2|CyanDope|265|1076
|gen|9
|tier|[Gen 9 Champions] VGC 2026 Reg M-B (Bo3)
|rated|
|rule|Species Clause: Limit one of each Pokémon
|rule|Item Clause: Limit 1 of each item
|clearpoke
|poke|p1|Floette-Eternal, L50, F|
|poke|p1|Sinistcha, L50|
|poke|p1|Incineroar, L50, F|
|poke|p1|Kingambit, L50, F|
|poke|p1|Garchomp, L50, M|
|poke|p1|Raichu, L50, F|
|poke|p2|Metagross, L50, shiny|
|poke|p2|Milotic, L50, F|
|poke|p2|Sneasler, L50, M|
|poke|p2|Ceruledge, L50, M|
|poke|p2|Hydreigon, L50, M|
|poke|p2|Venusaur, L50, M, shiny|
|teampreview|4
|showteam|p1|Floette-Eternal||Floettite|FlowerVeil|DazzlingGleam,DrainingKiss,CalmMind,Protect|Modest||F|||50|]Sinistcha||ColburBerry|Hospitality|MatchaGotcha,RagePowder,TrickRoom,Protect|Bold|||||50|]Incineroar||SitrusBerry|Intimidate|FakeOut,FlareBlitz,ThroatChop,PartingShot|Impish||F|||50|]Kingambit||ChopleBerry|Defiant|KowtowCleave,SuckerPunch,SwordsDance,Protect|Adamant||F|||50|]Garchomp||LifeOrb|RoughSkin|DragonClaw,RockSlide,StompingTantrum,Protect|Jolly||M|||50|]Raichu||RaichuniteY|LightningRod|FakeOut,ZapCannon,FocusBlast,Protect|Timid||F|||50|
|showteam|p2|Metagross||Metagrossite|ClearBody|PsychicFangs,IcePunch,BulletPunch,Protect|Jolly|||||50|]Milotic||Leftovers|Competitive|MuddyWater,Protect,Hypnosis,Coil|Calm||F|||50|]Sneasler||FocusSash|PoisonTouch|PoisonJab,CloseCombat,FakeOut,ThroatChop|Jolly||M|||50|]Ceruledge||ColburBerry|FlashFire|BitterBlade,Protect,BulkUp,ShadowSneak|Jolly||M|||50|]Hydreigon||ChoiceScarf|Levitate|Snarl,DarkPulse,EarthPower,DracoMeteor|Timid||M|||50|]Venusaur||Venusaurite|Chlorophyll|SludgeBomb,GigaDrain,EarthPower,Protect|Modest||M|||50|
|
|t:|1784399703
|teamsize|p1|4
|teamsize|p2|4
|start
|switch|p1a: Floette|Floette-Eternal, L50, F|100/100
|switch|p1b: Sinistcha|Sinistcha, L50|100/100
|switch|p2a: Sneasler|Sneasler, L50, M|100/100
|switch|p2b: Milotic|Milotic, L50, F|100/100
|turn|1
|
|t:|1784399733
|detailschange|p1a: Floette|Floette-Mega, L50, F
|-mega|p1a: Floette|Floette|Floettite
|-ability|p1a: Floette|Fairy Aura
|move|p1b: Sinistcha|Rage Powder|p1b: Sinistcha
|-singleturn|p1b: Sinistcha|move: Rage Powder
|move|p2a: Sneasler|Poison Jab|p1b: Sinistcha
|-damage|p1b: Sinistcha|67/100
|-status|p1b: Sinistcha|psn
|move|p1a: Floette|Calm Mind|p1a: Floette
|-boost|p1a: Floette|spa|1
|-boost|p1a: Floette|spd|1
|move|p2b: Milotic|Hypnosis||[still]
|-fail|p2b: Milotic
|
|-damage|p1b: Sinistcha|55/100 psn|[from] psn
|upkeep
|turn|2
|
|t:|1784399751
|switch|p2b: Ceruledge|Ceruledge, L50, M|100/100
|move|p1b: Sinistcha|Rage Powder|p1b: Sinistcha
|-singleturn|p1b: Sinistcha|move: Rage Powder
|move|p2a: Sneasler|Poison Jab|p1b: Sinistcha
|-damage|p1b: Sinistcha|17/100 psn
|move|p1a: Floette|Dazzling Gleam|p2a: Sneasler|[spread] p2a,p2b
|-resisted|p2b: Ceruledge|1
|-enditem|p2a: Sneasler|Focus Sash
|-damage|p2a: Sneasler|1/100
|-damage|p2b: Ceruledge|56/100
|
|-damage|p1b: Sinistcha|5/100 psn|[from] psn
|upkeep
|turn|3
|
|t:|1784399765
|switch|p2a: Milotic|Milotic, L50, F|100/100
|switch|p1b: Incineroar|Incineroar, L50, F|100/100
|-ability|p1b: Incineroar|Intimidate|boost
|-unboost|p2a: Milotic|atk|1
|-ability|p2a: Milotic|Competitive|boost
|-boost|p2a: Milotic|spa|2
|-unboost|p2b: Ceruledge|atk|1
|move|p2b: Ceruledge|Protect|p2b: Ceruledge
|-singleturn|p2b: Ceruledge|Protect
|move|p1a: Floette|Protect||[still]
|-fail|p1a: Floette
|
|upkeep
|turn|4
|
|t:|1784399789
|move|p1b: Incineroar|Fake Out|p2a: Milotic
|-damage|p2a: Milotic|88/100
|move|p2b: Ceruledge|Bitter Blade|p1a: Floette
|-damage|p1a: Floette|69/100
|-heal|p2b: Ceruledge|74/100|[from] drain|[of] p1a: Floette
|move|p1a: Floette|Dazzling Gleam|p2b: Ceruledge|[spread] p2a,p2b
|-resisted|p2b: Ceruledge|1
|-damage|p2a: Milotic|46/100
|-damage|p2b: Ceruledge|32/100
|cant|p2a: Milotic|flinch
|
|-heal|p2a: Milotic|52/100|[from] item: Leftovers
|upkeep
|turn|5
|
|t:|1784399806
|move|p1a: Floette|Protect|p1a: Floette
|-singleturn|p1a: Floette|Protect
|move|p2b: Ceruledge|Bitter Blade|p1a: Floette
|-activate|p1a: Floette|move: Protect
|move|p2a: Milotic|Muddy Water|p1a: Floette|[spread] p1b
|-activate|p1a: Floette|move: Protect
|-supereffective|p1b: Incineroar|1
|-damage|p1b: Incineroar|18/100
|-enditem|p1b: Incineroar|Sitrus Berry|[eat]
|-heal|p1b: Incineroar|43/100|[from] item: Sitrus Berry
|move|p1b: Incineroar|Parting Shot|p2b: Ceruledge
|-unboost|p2b: Ceruledge|atk|1
|-unboost|p2b: Ceruledge|spa|1
|
|t:|1784399818
|switch|p1b: Sinistcha|Sinistcha, L50|5/100 psn|[from] Parting Shot
|-heal|p1a: Floette|94/100|[from] ability: Hospitality|[of] p1b: Sinistcha
|
|-heal|p2a: Milotic|58/100|[from] item: Leftovers
|-damage|p1b: Sinistcha|0 fnt|[from] psn
|faint|p1b: Sinistcha
|upkeep
|
|t:|1784399825
|switch|p1b: Garchomp|Garchomp, L50, M|100/100
|turn|6
|
|t:|1784399837
|switch|p2b: Metagross|Metagross, L50, shiny|100/100
|move|p1b: Garchomp|Stomping Tantrum|p2b: Metagross
|-supereffective|p2b: Metagross|1
|-damage|p2b: Metagross|0 fnt
|faint|p2b: Metagross
|-damage|p1b: Garchomp|90/100|[from] item: Life Orb
|move|p1a: Floette|Dazzling Gleam|p2a: Milotic
|-damage|p2a: Milotic|8/100
|move|p2a: Milotic|Hypnosis|p1b: Garchomp
|-status|p1b: Garchomp|slp|[from] move: Hypnosis
|
|-heal|p2a: Milotic|14/100|[from] item: Leftovers
|upkeep
|
|t:|1784399845
|switch|p2b: Sneasler|Sneasler, L50, M|1/100
|turn|7
|
|t:|1784399856
|move|p1a: Floette|Protect|p1a: Floette
|-singleturn|p1a: Floette|Protect
|move|p2b: Sneasler|Poison Jab|p1a: Floette
|-activate|p1a: Floette|move: Protect
|cant|p1b: Garchomp|slp
|move|p2a: Milotic|Muddy Water|p1a: Floette|[spread] p1b
|-activate|p1a: Floette|move: Protect
|-damage|p1b: Garchomp|37/100 slp
|
|-heal|p2a: Milotic|20/100y|[from] item: Leftovers
|upkeep
|turn|8
|
|t:|1784399871
|switch|p1b: Incineroar|Incineroar, L50, F|43/100
|-ability|p1b: Incineroar|Intimidate|boost
|-unboost|p2a: Milotic|atk|1
|-ability|p2a: Milotic|Competitive|boost
|-boost|p2a: Milotic|spa|2
|-unboost|p2b: Sneasler|atk|1
|move|p2b: Sneasler|Poison Jab|p1a: Floette
|-supereffective|p1a: Floette|1
|-damage|p1a: Floette|40/100
|move|p1a: Floette|Dazzling Gleam|p2a: Milotic|[spread] p2a,p2b
|-crit|p2a: Milotic
|-damage|p2a: Milotic|0 fnt
|-damage|p2b: Sneasler|0 fnt
|faint|p2a: Milotic
|faint|p2b: Sneasler
|
|upkeep
|
|t:|1784399884
|switch|p2b: Ceruledge|Ceruledge, L50, M|32/100
|turn|9
|
|t:|1784399892
|move|p2b: Ceruledge|Bitter Blade|p1a: Floette
|-damage|p1a: Floette|0 fnt
|-heal|p2b: Ceruledge|56/100|[from] drain|[of] p1a: Floette
|faint|p1a: Floette
|move|p1b: Incineroar|Throat Chop|p2b: Ceruledge
|-supereffective|p2b: Ceruledge|1
|-enditem|p2b: Ceruledge|Colbur Berry|[eat]
|-enditem|p2b: Ceruledge|Colbur Berry|[weaken]
|-damage|p2b: Ceruledge|11/100
|-start|p2b: Ceruledge|Throat Chop|[silent]
|
|upkeep
|j| Vvgghh
|
|t:|1784399900
|switch|p1a: Garchomp|Garchomp, L50, M|37/100 slp
|turn|10
|l| Vvgghh
|
|t:|1784399905
|cant|p1a: Garchomp|slp
|move|p2b: Ceruledge|Bitter Blade|p1a: Garchomp
|-resisted|p1a: Garchomp|1
|-damage|p1a: Garchomp|15/100 slp
|-heal|p2b: Ceruledge|25/100|[from] drain|[of] p1a: Garchomp
|-damage|p2b: Ceruledge|13/100|[from] ability: Rough Skin|[of] p1a: Garchomp
|move|p1b: Incineroar|Throat Chop|p2b: Ceruledge
|-supereffective|p2b: Ceruledge|1
|-damage|p2b: Ceruledge|0 fnt
|faint|p2b: Ceruledge
|
|win|bosspark1737376
||bosspark1737376 is ready for game 2.
|l|☆CyanDope
|player|p2|
|inactive|CyanDope has 30 seconds to confirm battle start!
||CyanDope is ready for game 2.
|uhtml|next|Next: Game 2 of 3
