|j|☆marcosdeltasena31
|j|☆GS Barnabe
|html|marcosdeltasena31GS Barnabe    
|uhtml|bestof|Game 2 of a best-of-3
|t:|1786154244
|gametype|doubles
|player|p1|marcosdeltasena31|hilbert|1369
|player|p2|GS Barnabe|2|1274
|gen|9
|tier|[Gen 9 Champions] VGC 2026 Reg M-B (Bo3)
|rated|
|rule|Species Clause: Limit one of each Pokémon
|rule|Item Clause: Limit 1 of each item
|clearpoke
|poke|p1|Staraptor, L50, M|
|poke|p1|Delphox, L50, F|
|poke|p1|Whimsicott, L50, F|
|poke|p1|Glimmora, L50, F|
|poke|p1|Garchomp, L50, M|
|poke|p1|Kingambit, L50, F|
|poke|p2|Clefable, L50, M|
|poke|p2|Tyranitar, L50, F|
|poke|p2|Garchomp, L50, M|
|poke|p2|Gholdengo, L50|
|poke|p2|Talonflame, L50, M|
|poke|p2|Venusaur, L50, F|
|teampreview|4
|showteam|p1|Staraptor||Staraptite|Intimidate|Protect,Roost,CloseCombat,BraveBird|Jolly||M|||50|]Delphox||Delphoxite|Magician|Protect,Psychic,HeatWave,Substitute|Timid||F|||50|]Whimsicott||OccaBerry|Prankster|Moonblast,Tailwind,Charm,LightScreen|Timid||F|||50|]Glimmora||FocusSash|ToxicDebris|SpikyShield,SludgeBomb,EarthPower,PowerGem|Timid||F|||50|]Garchomp||LifeOrb|RoughSkin|Protect,RockSlide,Earthquake,DragonClaw|Jolly||M|||50|]Kingambit||ChopleBerry|Defiant|SuckerPunch,LowKick,IronHead,KowtowCleave|Adamant||F|||50|
|showteam|p2|Clefable||SitrusBerry|Unaware|Moonblast,FollowMe,IcyWind,Protect|Bold||M|||50|]Tyranitar||ChoiceScarf|SandStream|RockSlide,KnockOff,IcePunch,LowKick|Jolly||F|||50|]Garchomp||Garchompite|SandVeil|DracoMeteor,EarthPower,PowerGem,Protect|Modest||M|||50|]Gholdengo||LifeOrb|GoodasGold|MakeItRain,ShadowBall,NastyPlot,Protect|Modest|||||50|]Talonflame||Charcoal|GaleWings|FlareBlitz,DualWingbeat,Tailwind,Protect|Adamant||M|||50|]Venusaur||Venusaurite|Overgrow|GigaDrain,SludgeBomb,EarthPower,Protect|Modest||F|||50|
|
|t:|1786154269
|teamsize|p1|4
|teamsize|p2|4
|start
|switch|p1a: Garchomp|Garchomp, L50, M|100/100
|switch|p1b: Whimsicott|Whimsicott, L50, F|100/100
|switch|p2a: Venusaur|Venusaur, L50, F|100/100
|switch|p2b: Talonflame|Talonflame, L50, M|100/100
|turn|1
|
|t:|1786154282
|switch|p1b: Kingambit|Kingambit, L50, F|100/100
|detailschange|p2a: Venusaur|Venusaur-Mega, L50, F
|-mega|p2a: Venusaur|Venusaur|Venusaurite
|move|p2b: Talonflame|Tailwind|p2b: Talonflame
|-sidestart|p2: GS Barnabe|move: Tailwind
|move|p2a: Venusaur|Sludge Bomb|p1b: Kingambit
|-immune|p1b: Kingambit
|move|p1a: Garchomp|Rock Slide|p2a: Venusaur|[spread] p2a,p2b
|-supereffective|p2b: Talonflame|2
|-crit|p2b: Talonflame
|-damage|p2a: Venusaur|78/100
|-damage|p2b: Talonflame|0 fnt
|faint|p2b: Talonflame
|-damage|p1a: Garchomp|90/100|[from] item: Life Orb
|
|upkeep
|
|t:|1786154294
|switch|p2b: Tyranitar|Tyranitar, L50, F|100/100
|-weather|Sandstorm|[from] ability: Sand Stream|[of] p2b: Tyranitar
|turn|2
|
|t:|1786154306
|switch|p1b: Whimsicott|Whimsicott, L50, F|100/100
|move|p1a: Garchomp|Protect|p1a: Garchomp
|-singleturn|p1a: Garchomp|Protect
|move|p2b: Tyranitar|Low Kick|p1b: Whimsicott
|-resisted|p1b: Whimsicott|1
|-damage|p1b: Whimsicott|96/100
|move|p2a: Venusaur|Giga Drain|p1a: Garchomp
|-activate|p1a: Garchomp|move: Protect
|
|-weather|Sandstorm|[upkeep]
|-damage|p2a: Venusaur|72/100|[from] Sandstorm
|-damage|p1b: Whimsicott|90/100|[from] Sandstorm
|upkeep
|turn|3
|
|t:|1786154338
|switch|p1a: Staraptor|Staraptor, L50, M|100/100
|-ability|p1a: Staraptor|Intimidate|boost
|-unboost|p2a: Venusaur|atk|1
|-unboost|p2b: Tyranitar|atk|1
|move|p1b: Whimsicott|Tailwind|p1b: Whimsicott
|-sidestart|p1: marcosdeltasena31|move: Tailwind
|move|p2b: Tyranitar|Low Kick|p1a: Staraptor
|-damage|p1a: Staraptor|88/100
|move|p2a: Venusaur|Giga Drain|p1a: Staraptor
|-resisted|p1a: Staraptor|1
|-damage|p1a: Staraptor|60/100
|-heal|p2a: Venusaur|87/100|[from] drain|[of] p1a: Staraptor
|
|-weather|Sandstorm|[upkeep]
|-damage|p1a: Staraptor|54/100|[from] Sandstorm
|-damage|p1b: Whimsicott|84/100|[from] Sandstorm
|-damage|p2a: Venusaur|81/100|[from] Sandstorm
|upkeep
|turn|4
|
|t:|1786154369
|switch|p2b: Clefable|Clefable, L50, M|100/100
|detailschange|p1a: Staraptor|Staraptor-Mega, L50, M
|-mega|p1a: Staraptor|Staraptor|Staraptite
|move|p1a: Staraptor|Brave Bird|p2a: Venusaur
|-supereffective|p2a: Venusaur|1
|-crit|p2a: Venusaur
|-damage|p2a: Venusaur|0 fnt
|faint|p2a: Venusaur
|-damage|p1a: Staraptor|28/100|[from] Recoil
|move|p1b: Whimsicott|Moonblast|p2b: Clefable
|-damage|p2b: Clefable|76/100
|
|-weather|Sandstorm|[upkeep]
|-damage|p1a: Staraptor|22/100|[from] Sandstorm
|-damage|p1b: Whimsicott|77/100|[from] Sandstorm
|-damage|p2b: Clefable|70/100|[from] Sandstorm
|-sideend|p2: GS Barnabe|move: Tailwind
|upkeep
|
|t:|1786154379
|switch|p2a: Tyranitar|Tyranitar, L50, F|100/100
|turn|5
|
|t:|1786154403
|move|p1a: Staraptor|Protect|p1a: Staraptor
|-singleturn|p1a: Staraptor|Protect
|move|p2b: Clefable|Follow Me|p2b: Clefable
|-singleturn|p2b: Clefable|move: Follow Me
|move|p1b: Whimsicott|Light Screen|p1b: Whimsicott
|-sidestart|p1: marcosdeltasena31|move: Light Screen
|move|p2a: Tyranitar|Rock Slide|p1b: Whimsicott|[spread] p1b
|-activate|p1a: Staraptor|move: Protect
|-damage|p1b: Whimsicott|51/100
|
|-weather|Sandstorm|[upkeep]
|-damage|p1a: Staraptor|16/100|[from] Sandstorm
|-damage|p1b: Whimsicott|45/100|[from] Sandstorm
|-damage|p2b: Clefable|64/100|[from] Sandstorm
|upkeep
|turn|6
|
|t:|1786154429
|move|p1a: Staraptor|Roost|p1a: Staraptor
|-heal|p1a: Staraptor|66/100
|-singleturn|p1a: Staraptor|move: Roost
|move|p1b: Whimsicott|Moonblast|p2a: Tyranitar
|-supereffective|p2a: Tyranitar|1
|-damage|p2a: Tyranitar|62/100
|move|p2a: Tyranitar|Rock Slide|p1a: Staraptor|[spread] p1a,p1b
|-resisted|p1a: Staraptor|1
|-damage|p1a: Staraptor|51/100
|-damage|p1b: Whimsicott|14/100
|move|p2b: Clefable|Moonblast|p1a: Staraptor
|-supereffective|p1a: Staraptor|1
|-damage|p1a: Staraptor|9/100
|
|-weather|none
|-sideend|p1: marcosdeltasena31|move: Tailwind
|upkeep
|turn|7
|
|t:|1786154449
|move|p2b: Clefable|Follow Me|p2b: Clefable
|-singleturn|p2b: Clefable|move: Follow Me
|move|p1b: Whimsicott|Tailwind|p1b: Whimsicott
|-sidestart|p1: marcosdeltasena31|move: Tailwind
|move|p1a: Staraptor|Brave Bird|p2b: Clefable
|-damage|p2b: Clefable|23/100
|-enditem|p2b: Clefable|Sitrus Berry|[eat]
|-heal|p2b: Clefable|48/100|[from] item: Sitrus Berry
|-damage|p1a: Staraptor|0 fnt|[from] Recoil
|faint|p1a: Staraptor
|move|p2a: Tyranitar|Rock Slide|p1b: Whimsicott
|-damage|p1b: Whimsicott|0 fnt
|faint|p1b: Whimsicott
|
|upkeep
|
|t:|1786154463
|switch|p1a: Kingambit|Kingambit, L50, F|100/100
|switch|p1b: Garchomp|Garchomp, L50, M|90/100
|turn|8
|
|t:|1786154478
|move|p1b: Garchomp|Rock Slide|p2b: Clefable|[spread] p2a,p2b
|-damage|p2a: Tyranitar|37/100
|-damage|p2b: Clefable|29/100
|-damage|p1b: Garchomp|80/100|[from] item: Life Orb
|move|p2a: Tyranitar|Rock Slide|p1a: Kingambit|[spread] p1a,p1b
|-resisted|p1a: Kingambit|1
|-resisted|p1b: Garchomp|1
|-damage|p1a: Kingambit|89/100
|-damage|p1b: Garchomp|65/100
|move|p1a: Kingambit|Iron Head|p2b: Clefable
|-supereffective|p2b: Clefable|1
|-damage|p2b: Clefable|0 fnt
|faint|p2b: Clefable
|
|upkeep
|turn|9
|
|t:|1786154490
|move|p1b: Garchomp|Dragon Claw|p2a: Tyranitar
|-damage|p2a: Tyranitar|0 fnt
|faint|p2a: Tyranitar
|-damage|p1b: Garchomp|55/100|[from] item: Life Orb
|
|win|marcosdeltasena31
|raw|marcosdeltasena31's rating: 1369 → 1384(+15 for winning)
|raw|GS Barnabe's rating: 1274 → 1256(-18 for losing)
