|j|☆sven
|j|☆Dominicex
|html|svenDominicex    
|uhtml|bestof|Game 3 of a best-of-3
|t:|1784482509
|gametype|doubles
|player|p1|sven|#smogonxnpa2024winner|
|player|p2|Dominicex|#smogonxnpa2026draftee|
|gen|9
|tier|[Gen 9 Champions] VGC 2026 Reg M-B (Bo3)
|rule|Species Clause: Limit one of each Pokémon
|rule|Item Clause: Limit 1 of each item
|clearpoke
|poke|p1|Garchomp, L50, F|
|poke|p1|Venusaur, L50, M|
|poke|p1|Incineroar, L50, M|
|poke|p1|Charizard, L50, M|
|poke|p1|Toxapex, L50, F|
|poke|p1|Annihilape, L50, F|
|poke|p2|Charizard, L50, F|
|poke|p2|Kingambit, L50, F|
|poke|p2|Ninetales-Alola, L50, M|
|poke|p2|Toxapex, L50, F|
|poke|p2|Incineroar, L50, M|
|poke|p2|Garchomp, L50, F|
|teampreview|4
|showteam|p1|Garchomp||ChoiceScarf|RoughSkin|Earthquake,RockSlide,DragonClaw,StompingTantrum|Adamant||F|||50|]Venusaur||LifeOrb|Chlorophyll|SludgeBomb,SolarBeam,EarthPower,Protect|Modest||M|||50|]Incineroar||SitrusBerry|Intimidate|FakeOut,FlareBlitz,ThroatChop,PartingShot|Impish||M|||50|]Charizard||CharizarditeY|Blaze|HeatWave,WeatherBall,Protect,HelpingHand|Modest||M|||50|]Toxapex||Leftovers|Regenerator|Infestation,Toxic,WideGuard,BanefulBunker|Bold||F|||50|]Annihilape||FocusSash|Defiant|CloseCombat,PhantomForce,RockTomb,Protect|Jolly||F|||50|
|showteam|p2|Charizard||CharizarditeY|Blaze|HeatWave,WeatherBall,SolarBeam,Protect|Modest||F|||50|]Kingambit||FocusSash|Defiant|SuckerPunch,KowtowCleave,LowKick,Protect|Adamant||F|||50|]Ninetales-Alola||NeverMeltIce|SnowWarning|Blizzard,FreezeDry,Encore,Protect|Timid||M|||50|]Toxapex||Leftovers|Regenerator|Infestation,Toxic,WideGuard,BanefulBunker|Bold||F|||50|]Incineroar||SitrusBerry|Intimidate|FakeOut,FlareBlitz,ThroatChop,PartingShot|Impish||M|||50|]Garchomp||ChoiceScarf|SandVeil|Earthquake,StompingTantrum,RockSlide,DragonClaw|Adamant||F|||50|
|inactive|Battle timer is ON: inactive players will automatically lose when time's up. (requested by sven)
|j|+radio free c-side
|j| skittycel
|j| kunal
|j| tortuga desnuda
|j| Kiogrus24
|inactive|sven has 60 seconds left.
|inactive|Dominicex has 60 seconds left.
|c| tortuga desnuda|man i love toxapex
|j| LogIce
|j| IcyPenguin604
|
|t:|1784482563
|teamsize|p1|4
|teamsize|p2|4
|start
|switch|p1a: Incineroar|Incineroar, L50, M|100/100
|switch|p1b: Toxapex|Toxapex, L50, F|100/100
|switch|p2a: Toxapex|Toxapex, L50, F|100/100
|switch|p2b: Charizard|Charizard, L50, F|100/100
|-ability|p1a: Incineroar|Intimidate|boost
|-unboost|p2a: Toxapex|atk|1
|-unboost|p2b: Charizard|atk|1
|turn|1
|inactive|Dominicex has 30 seconds left.
|inactive|Dominicex has 20 seconds left.
|inactive|Dominicex has 15 seconds left.
|
|t:|1784482605
|detailschange|p2b: Charizard|Charizard-Mega-Y, L50, F
|-mega|p2b: Charizard|Charizard|Charizardite Y
|-weather|SunnyDay|[from] ability: Drought|[of] p2b: Charizard
|move|p2b: Charizard|Weather Ball|p1a: Incineroar
|-resisted|p1a: Incineroar|1
|-damage|p1a: Incineroar|60/100
|move|p1a: Incineroar|Parting Shot|p2b: Charizard
|-unboost|p2b: Charizard|atk|1
|-unboost|p2b: Charizard|spa|1
|j| Kenan
|j|+zee
|
|t:|1784482617
|switch|p1a: Garchomp|Garchomp, L50, F|100/100|[from] Parting Shot
|move|p2a: Toxapex|Infestation|p1a: Garchomp
|-damage|p1a: Garchomp|96/100
|-activate|p1a: Garchomp|move: Infestation|[of] p2a: Toxapex
|-damage|p2a: Toxapex|87/100|[from] ability: Rough Skin|[of] p1a: Garchomp
|move|p1b: Toxapex|Infestation|p2a: Toxapex
|-resisted|p2a: Toxapex|1
|-damage|p2a: Toxapex|86/100
|-activate|p2a: Toxapex|move: Infestation|[of] p1b: Toxapex
|
|-weather|SunnyDay|[upkeep]
|-heal|p2a: Toxapex|92/100|[from] item: Leftovers
|-damage|p1a: Garchomp|84/100|[from] move: Infestation|[partiallytrapped]
|-damage|p2a: Toxapex|80/100|[from] move: Infestation|[partiallytrapped]
|upkeep
|turn|2
|l| Kiogrus24
|inactive|Dominicex has 30 seconds left.
|inactive|Dominicex has 20 seconds left.
|inactive|Dominicex has 15 seconds left.
|
|t:|1784482661
|switch|p2b: Ninetales|Ninetales-Alola, L50, M|100/100
|-weather|Snowscape|[from] ability: Snow Warning|[of] p2b: Ninetales
|move|p2a: Toxapex|Wide Guard|p2a: Toxapex
|-singleturn|p2a: Toxapex|Wide Guard
|move|p1a: Garchomp|Stomping Tantrum|p2a: Toxapex
|-supereffective|p2a: Toxapex|1
|-damage|p2a: Toxapex|26/100
|move|p1b: Toxapex|Infestation|p2b: Ninetales
|-resisted|p2b: Ninetales|1
|-damage|p2b: Ninetales|98/100
|-activate|p2b: Ninetales|move: Infestation|[of] p1b: Toxapex
|
|-weather|Snowscape|[upkeep]
|-heal|p2a: Toxapex|32/100|[from] item: Leftovers
|-damage|p1a: Garchomp|72/100|[from] move: Infestation|[partiallytrapped]
|-damage|p2b: Ninetales|85/100|[from] move: Infestation|[partiallytrapped]
|-damage|p2a: Toxapex|20/100y|[from] move: Infestation|[partiallytrapped]
|upkeep
|turn|3
|inactive|Dominicex has 30 seconds left.
|j| AKhant
|inactive|Dominicex has 20 seconds left.
|inactive|Dominicex has 15 seconds left.
|
|t:|1784482701
|move|p2a: Toxapex|Baneful Bunker|p2a: Toxapex
|-singleturn|p2a: Toxapex|move: Protect
|move|p1a: Garchomp|Stomping Tantrum|p2a: Toxapex
|-activate|p2a: Toxapex|move: Protect
|-status|p1a: Garchomp|psn
|move|p2b: Ninetales|Freeze-Dry|p1a: Garchomp
|-supereffective|p1a: Garchomp|2
|-damage|p1a: Garchomp|0 fnt
|faint|p1a: Garchomp
|move|p1b: Toxapex|Toxic|p2b: Ninetales
|-status|p2b: Ninetales|tox
|
|-weather|Snowscape|[upkeep]
|-heal|p2a: Toxapex|26/100|[from] item: Leftovers
|-damage|p2b: Ninetales|79/100 tox|[from] psn
|-damage|p2b: Ninetales|67/100 tox|[from] move: Infestation|[partiallytrapped]
|-damage|p2a: Toxapex|14/100|[from] move: Infestation|[partiallytrapped]
|upkeep
|
|t:|1784482715
|switch|p1a: Charizard|Charizard, L50, M|100/100
|turn|4
|
|t:|1784482738
|detailschange|p1a: Charizard|Charizard-Mega-Y, L50, M
|-mega|p1a: Charizard|Charizard|Charizardite Y
|-weather|SunnyDay|[from] ability: Drought|[of] p1a: Charizard
|move|p1b: Toxapex|Baneful Bunker|p1b: Toxapex
|-singleturn|p1b: Toxapex|move: Protect
|move|p2a: Toxapex|Wide Guard|p2a: Toxapex
|-singleturn|p2a: Toxapex|Wide Guard
|move|p2b: Ninetales|Freeze-Dry|p1a: Charizard
|-crit|p1a: Charizard
|-damage|p1a: Charizard|60/100
|move|p1a: Charizard|Heat Wave|p2a: Toxapex|[spread] 
|-activate|p2a: Toxapex|move: Wide Guard
|-activate|p2b: Ninetales|move: Wide Guard
|
|-weather|SunnyDay|[upkeep]
|-heal|p2a: Toxapex|19/100|[from] item: Leftovers
|-damage|p2b: Ninetales|55/100 tox|[from] psn
|-damage|p2b: Ninetales|43/100 tox|[from] move: Infestation|[partiallytrapped]
|-damage|p2a: Toxapex|7/100|[from] move: Infestation|[partiallytrapped]
|upkeep
|turn|5
|j| val16
|inactive|sven has 30 seconds left.
|
|t:|1784482771
|move|p2a: Toxapex|Wide Guard|p2a: Toxapex
|-singleturn|p2a: Toxapex|Wide Guard
|move|p2b: Ninetales|Freeze-Dry|p1a: Charizard
|-damage|p1a: Charizard|33/100
|move|p1a: Charizard|Heat Wave|p2a: Toxapex|[spread] 
|-activate|p2a: Toxapex|move: Wide Guard
|-activate|p2b: Ninetales|move: Wide Guard
|move|p1b: Toxapex|Infestation|p2a: Toxapex
|-resisted|p2a: Toxapex|1
|-damage|p2a: Toxapex|6/100
|
|-weather|SunnyDay|[upkeep]
|-heal|p2a: Toxapex|12/100|[from] item: Leftovers
|-damage|p2b: Ninetales|25/100 tox|[from] psn
|-damage|p2b: Ninetales|12/100 tox|[from] move: Infestation|[partiallytrapped]
|-end|p2a: Toxapex|Infestation|[partiallytrapped]
|upkeep
|turn|6
|
|t:|1784482795
|-heal|p2a: Toxapex|45/100|[from] ability: Regenerator|[silent]
|switch|p2a: Charizard|Charizard-Mega-Y, L50, F|100/100
|move|p1b: Toxapex|Baneful Bunker|p1b: Toxapex
|-singleturn|p1b: Toxapex|move: Protect
|move|p2b: Ninetales|Encore|p1b: Toxapex
|-activate|p1b: Toxapex|move: Protect
|move|p1a: Charizard|Weather Ball|p2a: Charizard
|-resisted|p2a: Charizard|1
|-damage|p2a: Charizard|62/100
|
|-weather|SunnyDay|[upkeep]
|-damage|p2b: Ninetales|0 fnt|[from] psn
|faint|p2b: Ninetales
|upkeep
|
|t:|1784482814
|switch|p2b: Kingambit|Kingambit, L50, F|100/100
|turn|7
|inactive|Dominicex has 30 seconds left.
|inactive|Dominicex has 20 seconds left.
|
|t:|1784482853
|move|p2b: Kingambit|Sucker Punch|p1a: Charizard
|-damage|p1a: Charizard|0 fnt
|faint|p1a: Charizard
|move|p2a: Charizard|Weather Ball|p1b: Toxapex
|-resisted|p1b: Toxapex|1
|-damage|p1b: Toxapex|66/100
|move|p1b: Toxapex|Infestation|p2b: Kingambit
|-damage|p2b: Kingambit|96/100
|-activate|p2b: Kingambit|move: Infestation|[of] p1b: Toxapex
|
|-weather|SunnyDay|[upkeep]
|-heal|p1b: Toxapex|71/100|[from] item: Leftovers
|-damage|p2b: Kingambit|83/100|[from] move: Infestation|[partiallytrapped]
|upkeep
|
|t:|1784482855
|switch|p1a: Incineroar|Incineroar, L50, M|60/100
|-ability|p1a: Incineroar|Intimidate|boost
|-unboost|p2a: Charizard|atk|1
|-unboost|p2b: Kingambit|atk|1
|-ability|p2b: Kingambit|Defiant|boost
|-boost|p2b: Kingambit|atk|2
|turn|8
|l| Kenan
|
|t:|1784482876
|switch|p2a: Toxapex|Toxapex, L50, F|45/100
|move|p2b: Kingambit|Protect|p2b: Kingambit
|-singleturn|p2b: Kingambit|Protect
|move|p1a: Incineroar|Flare Blitz|p2b: Kingambit
|-activate|p2b: Kingambit|move: Protect
|move|p1b: Toxapex|Toxic|p2a: Toxapex
|-immune|p2a: Toxapex
|
|-weather|none
|-heal|p1b: Toxapex|77/100|[from] item: Leftovers
|-heal|p2a: Toxapex|50/100g|[from] item: Leftovers
|-damage|p2b: Kingambit|71/100|[from] move: Infestation|[partiallytrapped]
|upkeep
|turn|9
|j| Kenan
|
|t:|1784482890
|move|p2b: Kingambit|Low Kick|p1a: Incineroar
|-supereffective|p1a: Incineroar|1
|-damage|p1a: Incineroar|0 fnt
|faint|p1a: Incineroar
|move|p2a: Toxapex|Infestation|p1b: Toxapex
|-resisted|p1b: Toxapex|1
|-damage|p1b: Toxapex|76/100
|-activate|p1b: Toxapex|move: Infestation|[of] p2a: Toxapex
|move|p1b: Toxapex|Infestation|p2b: Kingambit
|-damage|p2b: Kingambit|67/100
|
|-heal|p1b: Toxapex|82/100|[from] item: Leftovers
|-heal|p2a: Toxapex|56/100|[from] item: Leftovers
|-damage|p2b: Kingambit|55/100|[from] move: Infestation|[partiallytrapped]
|-damage|p1b: Toxapex|70/100|[from] move: Infestation|[partiallytrapped]
|upkeep
|turn|10
|-message|sven forfeited.
|
|win|Dominicex
|c|☆sven|gg
|l| val16
|c|☆Dominicex|Ggs
|l| Kenan
|l| AKhant
|j| Code
|l| skittycel
|l|☆sven
|player|p1|
|l|☆Dominicex
|player|p2|
|l| LogIce
|l| tortuga desnuda
|l|+radio free c-side
|j|☆Dominicex
|player|p2|Dominicex|#smogonxnpa2026draftee|
|l|☆Dominicex
|player|p2|
|j|☆Dominicex
|player|p2|Dominicex|#smogonxnpa2026draftee|
|l|☆Dominicex
|player|p2|
|l| kunal
|l| Code
|j| Kiogrus24
|l| Kiogrus24
|l| IcyPenguin604
|j| ratpacker
|j| val16
|j|+bagel
