|j|☆MarshInTheDark
|j|☆Astonished25
|html|MarshInTheDarkAstonished25    
|uhtml|bestof|Game 2 of a best-of-3
|t:|1782395901
|gametype|doubles
|player|p1|MarshInTheDark|ghetsis|
|player|p2|Astonished25|unknown|
|gen|9
|tier|[Gen 9 Champions] VGC 2026 Reg M-B (Bo3)
|rule|Species Clause: Limit one of each Pokémon
|rule|Item Clause: Limit 1 of each item
|clearpoke
|poke|p1|Archaludon, L50, M, shiny|
|poke|p1|Pelipper, L50, M, shiny|
|poke|p1|Staraptor, L50, M, shiny|
|poke|p1|Swampert, L50, M, shiny|
|poke|p1|Kingambit, L50, M, shiny|
|poke|p1|Grimmsnarl, L50, M, shiny|
|poke|p2|Charizard, L50, M|
|poke|p2|Sneasler, L50, F|
|poke|p2|Incineroar, L50, F|
|poke|p2|Milotic, L50, F, shiny|
|poke|p2|Sinistcha, L50|
|poke|p2|Gardevoir, L50, F, shiny|
|teampreview|4
|showteam|p1|Archaludon||Leftovers|Stamina|ElectroShot,FlashCannon,DracoMeteor,Protect|Modest||M|||50|]Pelipper||FocusSash|Drizzle|Hurricane,WeatherBall,Tailwind,Protect|Timid||M|||50|]Staraptor||Staraptite|Intimidate|CloseCombat,BraveBird,Protect,Roost|Jolly||M|||50|]Swampert||Swampertite|Torrent|Earthquake,WaveCrash,IcePunch,Protect|Adamant||M|||50|]Kingambit||BlackGlasses|Defiant|KowtowCleave,SuckerPunch,IronHead,Protect|Adamant||M|||50|]Grimmsnarl||LightClay|Prankster|ScaryFace,PartingShot,Reflect,LightScreen|Careful||M|||50|
|showteam|p2|Charizard||CharizarditeX|Blaze|DragonDance,Protect,DragonClaw,FlareBlitz|Jolly||M|||50|]Sneasler||FocusSash|Unburden|FakeOut,Coaching,CloseCombat,DireClaw|Adamant||F|||50|]Incineroar||SitrusBerry|Intimidate|FlareBlitz,PartingShot,FakeOut,ThroatChop|Impish||F|||50|]Milotic||Leftovers|Competitive|Hypnosis,MuddyWater,Coil,Recover|Modest||F|||50|]Sinistcha||KasibBerry|Hospitality|MatchaGotcha,RagePowder,TrickRoom,LifeDew|Sassy|||||50|]Gardevoir||Gardevoirite|Trace|CalmMind,Protect,HyperVoice,Psyshock|Modest||F|||50|
|inactive|Battle timer is ON: inactive players will automatically lose when time's up. (requested by Astonished25)
|inactive|MarshInTheDark also wants the timer to be on.
|
|t:|1782395927
|teamsize|p1|4
|teamsize|p2|4
|start
|switch|p1a: Swampert|Swampert, L50, M, shiny|100/100
|switch|p1b: Grimmsnarl|Grimmsnarl, L50, M, shiny|100/100
|switch|p2a: Gardevoir|Gardevoir, L50, F, shiny|100/100
|switch|p2b: Sneasler|Sneasler, L50, F|100/100
|-ability|p2a: Gardevoir|Torrent|Trace|[from] ability: Trace|[of] p1a: Swampert
|turn|1
|j| laprimadenavarro
|
|t:|1782395943
|detailschange|p1a: Swampert|Swampert-Mega, L50, M, shiny
|-mega|p1a: Swampert|Swampert|Swampertite
|detailschange|p2a: Gardevoir|Gardevoir-Mega, L50, F, shiny
|-mega|p2a: Gardevoir|Gardevoir|Gardevoirite
|move|p2b: Sneasler|Fake Out|p1a: Swampert
|-damage|p1a: Swampert|84/100
|move|p1b: Grimmsnarl|Light Screen|p1b: Grimmsnarl
|-sidestart|p1: MarshInTheDark|move: Light Screen
|cant|p1a: Swampert|flinch
|move|p2a: Gardevoir|Calm Mind|p2a: Gardevoir
|-boost|p2a: Gardevoir|spa|1
|-boost|p2a: Gardevoir|spd|1
|
|upkeep
|turn|2
|
|t:|1782395962
|switch|p2b: Sinistcha|Sinistcha, L50|100/100
|move|p2a: Gardevoir|Protect|p2a: Gardevoir
|-singleturn|p2a: Gardevoir|Protect
|move|p1b: Grimmsnarl|Parting Shot|p2a: Gardevoir
|-activate|p2a: Gardevoir|move: Protect
|move|p1a: Swampert|Ice Punch|p2b: Sinistcha
|-supereffective|p2b: Sinistcha|1
|-damage|p2b: Sinistcha|37/100
|-status|p2b: Sinistcha|frz
|
|upkeep
|turn|3
|
|t:|1782395973
|switch|p2b: Incineroar|Incineroar, L50, F|100/100
|-ability|p2b: Incineroar|Intimidate|boost
|-unboost|p1a: Swampert|atk|1
|-unboost|p1b: Grimmsnarl|atk|1
|move|p1b: Grimmsnarl|Parting Shot|p2a: Gardevoir
|-unboost|p2a: Gardevoir|atk|1
|-unboost|p2a: Gardevoir|spa|1
|
|t:|1782395976
|switch|p1b: Pelipper|Pelipper, L50, M, shiny|100/100|[from] Parting Shot
|-weather|RainDance|[from] ability: Drizzle|[of] p1b: Pelipper
|move|p1a: Swampert|Wave Crash|p2a: Gardevoir
|-damage|p2a: Gardevoir|21/100
|-damage|p1a: Swampert|59/100|[from] Recoil
|move|p2a: Gardevoir|Hyper Voice|p1b: Pelipper|[spread] p1a,p1b
|-damage|p1a: Swampert|28/100
|-damage|p1b: Pelipper|52/100
|
|-weather|RainDance|[upkeep]
|upkeep
|turn|4
|
|t:|1782395986
|switch|p2b: Sinistcha|Sinistcha, L50|37/100 frz
|-heal|p2a: Gardevoir|46/100|[from] ability: Hospitality|[of] p2b: Sinistcha
|move|p1a: Swampert|Protect|p1a: Swampert
|-singleturn|p1a: Swampert|Protect
|move|p2a: Gardevoir|Protect|p2a: Gardevoir
|-singleturn|p2a: Gardevoir|Protect
|move|p1b: Pelipper|Tailwind|p1b: Pelipper
|-sidestart|p1: MarshInTheDark|move: Tailwind
|
|-weather|RainDance|[upkeep]
|upkeep
|turn|5
|
|t:|1782395995
|switch|p2b: Incineroar|Incineroar, L50, F|100/100
|-ability|p2b: Incineroar|Intimidate|boost
|-unboost|p1a: Swampert|atk|1
|-unboost|p1b: Pelipper|atk|1
|move|p1a: Swampert|Earthquake|p2b: Incineroar|[spread] p2a,p2b
|-immune|p1b: Pelipper
|-supereffective|p2b: Incineroar|1
|-damage|p2a: Gardevoir|22/100
|-damage|p2b: Incineroar|61/100
|move|p1b: Pelipper|Hurricane|p2b: Incineroar
|-damage|p2b: Incineroar|30/100
|-enditem|p2b: Incineroar|Sitrus Berry|[eat]
|-heal|p2b: Incineroar|55/100|[from] item: Sitrus Berry
|move|p2a: Gardevoir|Hyper Voice|p1a: Swampert|[spread] p1a,p1b
|-damage|p1a: Swampert|0 fnt
|-damage|p1b: Pelipper|5/100
|faint|p1a: Swampert
|
|-weather|RainDance|[upkeep]
|upkeep
|
|t:|1782396000
|switch|p1a: Kingambit|Kingambit, L50, M, shiny|100/100
|turn|6
|
|t:|1782396012
|switch|p2b: Sinistcha|Sinistcha, L50|37/100 frz
|-heal|p2a: Gardevoir|47/100|[from] ability: Hospitality|[of] p2b: Sinistcha
|move|p1b: Pelipper|Protect|p1b: Pelipper
|-singleturn|p1b: Pelipper|Protect
|move|p1a: Kingambit|Protect|p1a: Kingambit
|-singleturn|p1a: Kingambit|Protect
|move|p2a: Gardevoir|Protect||[still]
|-fail|p2a: Gardevoir
|
|-weather|RainDance|[upkeep]
|upkeep
|turn|7
|
|t:|1782396018
|-curestatus|p2b: Sinistcha|frz|[msg]
|move|p2b: Sinistcha|Rage Powder|p2b: Sinistcha
|-singleturn|p2b: Sinistcha|move: Rage Powder
|move|p1b: Pelipper|Hurricane|p2b: Sinistcha
|-supereffective|p2b: Sinistcha|1
|-crit|p2b: Sinistcha
|-damage|p2b: Sinistcha|0 fnt
|faint|p2b: Sinistcha
|move|p1a: Kingambit|Iron Head|p2a: Gardevoir
|-supereffective|p2a: Gardevoir|1
|-damage|p2a: Gardevoir|0 fnt
|faint|p2a: Gardevoir
|
|-weather|none
|-sideend|p1: MarshInTheDark|move: Tailwind
|upkeep
|
|t:|1782396021
|switch|p2a: Sneasler|Sneasler, L50, F|100/100
|switch|p2b: Incineroar|Incineroar, L50, F|55/100
|-ability|p2b: Incineroar|Intimidate|boost
|-unboost|p1a: Kingambit|atk|1
|-ability|p1a: Kingambit|Defiant|boost
|-boost|p1a: Kingambit|atk|2
|-unboost|p1b: Pelipper|atk|1
|turn|8
|
|t:|1782396029
|switch|p1b: Grimmsnarl|Grimmsnarl, L50, M, shiny|100/100
|move|p1a: Kingambit|Protect|p1a: Kingambit
|-singleturn|p1a: Kingambit|Protect
|move|p2b: Incineroar|Fake Out|p1b: Grimmsnarl
|-damage|p1b: Grimmsnarl|89/100
|move|p2a: Sneasler|Close Combat|p1a: Kingambit
|-activate|p1a: Kingambit|move: Protect
|
|-sideend|p1: MarshInTheDark|move: Light Screen
|upkeep
|turn|9
|
|t:|1782396053
|move|p1b: Grimmsnarl|Scary Face|p2a: Sneasler
|-unboost|p2a: Sneasler|spe|2
|move|p1a: Kingambit|Iron Head|p2a: Sneasler
|-enditem|p2a: Sneasler|Focus Sash
|-damage|p2a: Sneasler|1/100
|move|p2a: Sneasler|Close Combat|p1a: Kingambit
|-supereffective|p1a: Kingambit|2
|-damage|p1a: Kingambit|0 fnt
|-unboost|p2a: Sneasler|def|1
|-unboost|p2a: Sneasler|spd|1
|faint|p1a: Kingambit
|move|p2b: Incineroar|Flare Blitz|p1b: Grimmsnarl
|-damage|p1b: Grimmsnarl|38/100
|-damage|p2b: Incineroar|37/100|[from] Recoil
|
|upkeep
|
|t:|1782396056
|switch|p1a: Pelipper|Pelipper, L50, M, shiny|5/100
|-weather|RainDance|[from] ability: Drizzle|[of] p1a: Pelipper
|turn|10
|
|t:|1782396079
|move|p1b: Grimmsnarl|Scary Face|p2a: Sneasler
|-unboost|p2a: Sneasler|spe|2
|move|p1a: Pelipper|Weather Ball|p2b: Incineroar
|-supereffective|p2b: Incineroar|1
|-damage|p2b: Incineroar|0 fnt
|faint|p2b: Incineroar
|move|p2a: Sneasler|Dire Claw|p1a: Pelipper
|-damage|p1a: Pelipper|0 fnt
|faint|p1a: Pelipper
|
|-weather|RainDance|[upkeep]
|upkeep
|turn|11
|c|☆MarshInTheDark|gg
|l|☆MarshInTheDark
|inactive|MarshInTheDark disconnected and has 300 seconds to reconnect!
|player|p1|
|l|☆Astonished25
|inactive|Astonished25 disconnected and has 300 seconds to reconnect!
|player|p2|
|inactive|MarshInTheDark has 270 seconds to reconnect!
|l| laprimadenavarro
|inactive|MarshInTheDark has 240 seconds to reconnect!
|inactive|MarshInTheDark has 210 seconds to reconnect!
|j|☆Astonished25
|inactive|Astonished25 reconnected.
|player|p2|Astonished25|unknown|
|inactive|MarshInTheDark has 180 seconds to reconnect!
|inactive|MarshInTheDark has 150 seconds to reconnect!
|inactive|MarshInTheDark has 120 seconds to reconnect!
|inactive|MarshInTheDark has 90 seconds to reconnect!
|inactive|MarshInTheDark has 60 seconds to reconnect!
|inactive|MarshInTheDark has 30 seconds to reconnect!
|inactive|MarshInTheDark has 20 seconds to reconnect!
|inactive|MarshInTheDark has 15 seconds to reconnect!
|inactive|MarshInTheDark has 10 seconds to reconnect!
|inactive|MarshInTheDark has 5 seconds to reconnect!
|-message|MarshInTheDark lost due to inactivity.
|
|win|Astonished25
