|j|☆viatles
|j|☆G33KY
|html|viatlesG33KY    
|uhtml|bestof|Game 1 of a best-of-3
|t:|1757021814
|gametype|doubles
|player|p1|viatles|hiker|1000
|player|p2|G33KY|265|1086
|gen|9
|tier|[Gen 9] VGC 2025 Reg H (Bo3)
|rated|
|rule|Species Clause: Limit one of each Pokémon
|rule|Item Clause: Limit 1 of each item
|clearpoke
|poke|p1|Serperior, L50, F|
|poke|p1|Grimmsnarl, L50, M|
|poke|p1|Empoleon, L50, F|
|poke|p1|Garchomp, L50, M|
|poke|p1|Araquanid, L50, M|
|poke|p1|Garganacl, L50, M|
|poke|p2|Politoed, L50, F|
|poke|p2|Gothitelle, L50, M|
|poke|p2|Kingdra, L50, M|
|poke|p2|Archaludon, L50, F|
|poke|p2|Amoonguss, L50, F|
|poke|p2|Incineroar, L50, F|
|teampreview|4
|showteam|p1|Serperior||CovertCloak|Contrary|Protect,LeafStorm,TeraBlast,GrassPledge|||F|||50|,,,,,Stellar]Grimmsnarl||LightClay|Prankster|LightScreen,Reflect,SpiritBreak,ThunderWave|||M|||50|,,,,,Ghost]Empoleon||ChopleBerry|Competitive|WaterPledge,FlashCannon,Haze,Protect|||F|||50|,,,,,Grass]Garchomp||LoadedDice|RoughSkin|ScaleShot,Earthquake,IronHead,Protect|||M|||50|,,,,,Steel]Araquanid||SafetyGoggles|WaterBubble|WideGuard,Protect,Liquidation,Infestation|||M|||50|,,,,,Grass]Garganacl||Leftovers|PurifyingSalt|SaltCure,Recover,Protect,ThunderPunch|||M|||50|,,,,,Water
|showteam|p2|Politoed||Leftovers|Drizzle|Protect,WeatherBall,Encore,PerishSong|||F|||50|,,,,,Grass]Gothitelle||SitrusBerry|ShadowTag|Protect,Psychic,FakeOut,TrickRoom|||M|||50|,,,,,Dark]Kingdra||LifeOrb|SwiftSwim|Protect,DracoMeteor,WeatherBall,MuddyWater|||M|||50|,,,,,Stellar]Archaludon||PowerHerb|Sturdy|Protect,ElectroShot,FlashCannon,DragonPulse|||F|||50|,,,,,Electric]Amoonguss||EjectButton|Regenerator|Protect,RagePowder,Spore,PollenPuff|||F|||50|,,,,,Fairy]Incineroar||SafetyGoggles|Intimidate|FakeOut,KnockOff,PartingShot,Protect|||F|||50|,,,,,Ghost
|inactive|Battle timer is ON: inactive players will automatically lose when time's up. (requested by G33KY)
|c|☆viatles|gl hf
|c|☆G33KY|You too
|c|☆viatles|i think this is the 4th wolf team i fought in a row XD
|inactive|viatles has 60 seconds left.
|inactive|G33KY has 60 seconds left.
|c|☆G33KY|It’s mostly a “does this work” ordeal for me
|c|☆G33KY|or am I smart enough to pull it off
|inactive|G33KY has 30 seconds left.
|
|t:|1757021880
|teamsize|p1|4
|teamsize|p2|4
|start
|switch|p1a: Grimmsnarl|Grimmsnarl, L50, M|100/100
|switch|p1b: Garganacl|Garganacl, L50, M|100/100
|switch|p2a: Politoed|Politoed, L50, F|100/100
|switch|p2b: Incineroar|Incineroar, L50, F|100/100
|-weather|RainDance|[from] ability: Drizzle|[of] p2a: Politoed
|-ability|p2b: Incineroar|Intimidate|boost
|-unboost|p1a: Grimmsnarl|atk|1
|-unboost|p1b: Garganacl|atk|1
|turn|1
|inactive|G33KY has 30 seconds left.
|inactive|G33KY has 20 seconds left.
|c|☆viatles|spoiler my team has no answer for it so just try things out
|inactive|G33KY has 15 seconds left.
|inactive|G33KY has 10 seconds left.
|inactive|G33KY has 5 seconds left.
|
|t:|1757021933
|move|p1a: Grimmsnarl|Thunder Wave|p2a: Politoed
|-status|p2a: Politoed|par
|move|p2b: Incineroar|Knock Off|p1a: Grimmsnarl
|-resisted|p1a: Grimmsnarl
|-damage|p1a: Grimmsnarl|92/100
|-enditem|p1a: Grimmsnarl|Light Clay|[from] move: Knock Off|[of] p2b: Incineroar
|move|p1b: Garganacl|Salt Cure|p2a: Politoed
|-damage|p2a: Politoed|89/100 par
|-start|p2a: Politoed|Salt Cure
|move|p2a: Politoed|Weather Ball|p1b: Garganacl
|-supereffective|p1b: Garganacl
|-damage|p1b: Garganacl|37/100
|
|-weather|RainDance|[upkeep]
|-heal|p1b: Garganacl|43/100|[from] item: Leftovers
|-heal|p2a: Politoed|95/100 par|[from] item: Leftovers
|-damage|p2a: Politoed|71/100 par|[from] Salt Cure
|upkeep
|turn|2
|inactive|viatles has 30 seconds left.
|inactive|G33KY has 30 seconds left.
|inactive|G33KY has 20 seconds left.
|
|t:|1757021972
|-terastallize|p1b: Garganacl|Water
|move|p1a: Grimmsnarl|Light Screen|p1a: Grimmsnarl
|-sidestart|p1: viatles|move: Light Screen
|move|p2b: Incineroar|Knock Off|p1b: Garganacl
|-damage|p1b: Garganacl|18/100
|-enditem|p1b: Garganacl|Leftovers|[from] move: Knock Off|[of] p2b: Incineroar
|move|p1b: Garganacl|Recover|p1b: Garganacl
|-heal|p1b: Garganacl|68/100
|move|p2a: Politoed|Perish Song|p2a: Politoed
|-start|p1a: Grimmsnarl|perish3|[silent]
|-start|p1b: Garganacl|perish3|[silent]
|-start|p2a: Politoed|perish3|[silent]
|-start|p2b: Incineroar|perish3|[silent]
|-fieldactivate|move: Perish Song
|
|-weather|RainDance|[upkeep]
|-heal|p2a: Politoed|77/100 par|[from] item: Leftovers
|-damage|p2a: Politoed|52/100 par|[from] Salt Cure
|-start|p1a: Grimmsnarl|perish3
|-start|p2b: Incineroar|perish3
|-start|p1b: Garganacl|perish3
|-start|p2a: Politoed|perish3
|upkeep
|turn|3
|inactive|viatles has 30 seconds left.
|inactive|G33KY has 30 seconds left.
|inactive|viatles has 20 seconds left.
|
|t:|1757022007
|switch|p1a: Serperior|Serperior, L50, F|100/100
|move|p2a: Politoed|Protect|p2a: Politoed
|-singleturn|p2a: Politoed|Protect
|move|p2b: Incineroar|Parting Shot|p1a: Serperior
|-boost|p1a: Serperior|atk|1
|-boost|p1a: Serperior|spa|1
|
|t:|1757022017
|switch|p2b: Gothitelle|Gothitelle, L50, M|100/100|[from] Parting Shot
|move|p1b: Garganacl|Salt Cure|p2b: Gothitelle
|-damage|p2b: Gothitelle|91/100
|-start|p2b: Gothitelle|Salt Cure
|
|-weather|RainDance|[upkeep]
|-heal|p2a: Politoed|58/100 par|[from] item: Leftovers
|-damage|p2b: Gothitelle|79/100|[from] Salt Cure
|-damage|p2a: Politoed|33/100 par|[from] Salt Cure
|-start|p1b: Garganacl|perish2
|-start|p2a: Politoed|perish2
|upkeep
|turn|4
|inactive|G33KY has 30 seconds left.
|
|t:|1757022050
|move|p1a: Serperior|Protect|p1a: Serperior
|-singleturn|p1a: Serperior|Protect
|move|p2b: Gothitelle|Protect|p2b: Gothitelle
|-singleturn|p2b: Gothitelle|Protect
|move|p1b: Garganacl|Thunder Punch|p2a: Politoed
|-supereffective|p2a: Politoed
|-damage|p2a: Politoed|7/100 par
|move|p2a: Politoed|Perish Song|p2a: Politoed
|-start|p1a: Serperior|perish3|[silent]
|-start|p2b: Gothitelle|perish3|[silent]
|-fieldactivate|move: Perish Song
|
|-weather|RainDance|[upkeep]
|-heal|p2a: Politoed|13/100 par|[from] item: Leftovers
|-damage|p2b: Gothitelle|67/100|[from] Salt Cure
|-damage|p2a: Politoed|0 fnt|[from] Salt Cure
|faint|p2a: Politoed
|-start|p1a: Serperior|perish3
|-start|p2b: Gothitelle|perish3
|-start|p1b: Garganacl|perish1
|upkeep
|
|t:|1757022059
|switch|p2a: Kingdra|Kingdra, L50, M|100/100
|turn|5
|inactive|G33KY has 30 seconds left.
|inactive|G33KY has 20 seconds left.
|
|t:|1757022095
|-terastallize|p2a: Kingdra|Stellar
|move|p2a: Kingdra|Draco Meteor|p1a: Serperior
|-damage|p1a: Serperior|11/100
|-unboost|p2a: Kingdra|spa|2
|-damage|p2a: Kingdra|91/100|[from] item: Life Orb
|move|p1a: Serperior|Leaf Storm|p2b: Gothitelle|[miss]
|-miss|p1a: Serperior|p2b: Gothitelle
|move|p2b: Gothitelle|Psychic|p1a: Serperior
|-damage|p1a: Serperior|0 fnt
|faint|p1a: Serperior
|move|p1b: Garganacl|Salt Cure|p2a: Kingdra
|-damage|p2a: Kingdra|78/100
|-start|p2a: Kingdra|Salt Cure
|
|-weather|none
|-damage|p2a: Kingdra|53/100|[from] Salt Cure
|-damage|p2b: Gothitelle|54/100|[from] Salt Cure
|-start|p2b: Gothitelle|perish2
|-start|p1b: Garganacl|perish0
|faint|p1b: Garganacl
|upkeep
|
|t:|1757022114
|switch|p1a: Grimmsnarl|Grimmsnarl, L50, M|92/100
|switch|p1b: Empoleon|Empoleon, L50, F|100/100
|turn|6
|
|t:|1757022136
|switch|p2a: Incineroar|Incineroar, L50, F|100/100
|-ability|p2a: Incineroar|Intimidate|boost
|-unboost|p1a: Grimmsnarl|atk|1
|-unboost|p1b: Empoleon|atk|1
|-ability|p1b: Empoleon|Competitive|boost
|-boost|p1b: Empoleon|spa|2
|move|p2b: Gothitelle|Protect|p2b: Gothitelle
|-singleturn|p2b: Gothitelle|Protect
|move|p1a: Grimmsnarl|Thunder Wave|p2b: Gothitelle
|-activate|p2b: Gothitelle|move: Protect
|move|p1b: Empoleon|Flash Cannon|p2a: Incineroar
|-resisted|p2a: Incineroar
|-damage|p2a: Incineroar|76/100
|
|-damage|p2b: Gothitelle|42/100|[from] Salt Cure
|-start|p2b: Gothitelle|perish1
|-sideend|p1: viatles|move: Light Screen
|upkeep
|-enditem|p2b: Gothitelle|Sitrus Berry|[eat]
|-heal|p2b: Gothitelle|67/100|[from] item: Sitrus Berry
|turn|7
|inactive|G33KY has 30 seconds left.
|
|t:|1757022163
|switch|p2b: Kingdra|Kingdra, L50, M, tera:Stellar|53/100
|move|p1b: Empoleon|Protect|p1b: Empoleon
|-singleturn|p1b: Empoleon|Protect
|move|p2a: Incineroar|Fake Out|p1a: Grimmsnarl
|-crit|p1a: Grimmsnarl
|-damage|p1a: Grimmsnarl|76/100
|cant|p1a: Grimmsnarl|flinch
|
|upkeep
|turn|8
|
|t:|1757022187
|move|p1a: Grimmsnarl|Light Screen|p1a: Grimmsnarl
|-sidestart|p1: viatles|move: Light Screen
|move|p2b: Kingdra|Draco Meteor|p1b: Empoleon
|-resisted|p1b: Empoleon
|-damage|p1b: Empoleon|78/100
|-unboost|p2b: Kingdra|spa|2
|-damage|p2b: Kingdra|44/100|[from] item: Life Orb
|move|p1b: Empoleon|Flash Cannon|p2b: Kingdra
|-resisted|p2b: Kingdra
|-damage|p2b: Kingdra|4/100
|move|p2a: Incineroar|Knock Off|p1b: Empoleon
|-damage|p1b: Empoleon|49/100
|-enditem|p1b: Empoleon|Chople Berry|[from] move: Knock Off|[of] p2a: Incineroar
|
|upkeep
|turn|9
|inactive|G33KY has 30 seconds left.
|
|t:|1757022213
|move|p2a: Incineroar|Protect|p2a: Incineroar
|-singleturn|p2a: Incineroar|Protect
|move|p1a: Grimmsnarl|Reflect|p1a: Grimmsnarl
|-sidestart|p1: viatles|Reflect
|move|p2b: Kingdra|Muddy Water|p1a: Grimmsnarl|[spread] p1a,p1b
|-resisted|p1b: Empoleon
|-damage|p1a: Grimmsnarl|58/100
|-damage|p1b: Empoleon|42/100
|-damage|p2b: Kingdra|0 fnt|[from] item: Life Orb
|faint|p2b: Kingdra
|move|p1b: Empoleon|Water Pledge|p2a: Incineroar
|-activate|p2a: Incineroar|move: Protect
|
|upkeep
|
|t:|1757022224
|switch|p2b: Gothitelle|Gothitelle, L50, M|67/100
|turn|10
|
|t:|1757022243
|move|p1b: Empoleon|Protect|p1b: Empoleon
|-singleturn|p1b: Empoleon|Protect
|move|p1a: Grimmsnarl|Thunder Wave|p2b: Gothitelle
|-status|p2b: Gothitelle|par
|move|p2a: Incineroar|Knock Off|p1a: Grimmsnarl
|-resisted|p1a: Grimmsnarl
|-damage|p1a: Grimmsnarl|54/100
|cant|p2b: Gothitelle|par
|
|upkeep
|turn|11
|-message|G33KY forfeited.
|
|win|viatles
|l|☆G33KY
|player|p2|
