|j|☆tuckered out1
|j|☆owbd
|html|tuckered out1owbd    
|uhtml|bestof|Game 3 of a best-of-3
|t:|1757662468
|gametype|doubles
|player|p1|tuckered out1|gentleman-gen4|1028
|player|p2|owbd|cynthia-gen4|1101
|gen|9
|tier|[Gen 9] VGC 2025 Reg H (Bo3)
|rated|
|rule|Species Clause: Limit one of each Pokémon
|rule|Item Clause: Limit 1 of each item
|clearpoke
|poke|p1|Gyarados, L50, F|
|poke|p1|Pachirisu, L50, F|
|poke|p1|Gothitelle, L50, F|
|poke|p1|Gardevoir, L50, M|
|poke|p1|Garchomp, L50, F|
|poke|p1|Talonflame, L50, F|
|poke|p2|Gholdengo, L50|
|poke|p2|Milotic, L50, F|
|poke|p2|Rillaboom, L50, F|
|poke|p2|Incineroar, L50, F|
|poke|p2|Volcarona, L50, F|
|poke|p2|Dragonite, L50, M|
|teampreview|4
|showteam|p1|Gyarados||MysticWater|Intimidate|DragonDance,Waterfall,Earthquake,Protect|||F|||50|,,,,,Water]Pachirisu||SitrusBerry|VoltAbsorb|Nuzzle,FollowMe,SuperFang,Protect|||F|||50|,,,,,Electric]Gothitelle||Leftovers|ShadowTag|Psyshock,ThunderWave,Tickle,Protect|||F|||50|,,,,,Psychic]Gardevoir||ChoiceScarf|Telepathy|DazzlingGleam,Psychic,Moonblast,Trick|||M|||50|,,,,,Psychic]Garchomp||FocusSash|RoughSkin|Earthquake,DragonClaw,RockSlide,Protect|||F|||50|,,,,,Dragon]Talonflame||LifeOrb|GaleWings|BraveBird,Overheat,Taunt,Tailwind|||F|||50|,,,,,Fire
|showteam|p2|Gholdengo||LifeOrb|GoodasGold|NastyPlot,MakeItRain,ShadowBall,Protect||||||50|,,,,,Steel]Milotic||SitrusBerry|Competitive|Scald,IceBeam,Protect,Haze|||F|||50|,,,,,Fairy]Rillaboom||AssaultVest|GrassySurge|FakeOut,GrassyGlide,WoodHammer,Uturn|||F|||50|,,,,,Fire]Incineroar||SafetyGoggles|Intimidate|FlareBlitz,FakeOut,KnockOff,PartingShot|||F|||50|,,,,,Ghost]Volcarona||Leftovers|FlameBody|HeatWave,FieryDance,QuiverDance,Protect|||F|||50|,,,,,Grass]Dragonite||LoadedDice|Multiscale|ScaleShot,ExtremeSpeed,Protect,Tailwind|||M|||50|,,,,,Normal
|inactive|Battle timer is ON: inactive players will automatically lose when time's up. (requested by tuckered out1)
|
|t:|1757662482
|teamsize|p1|4
|teamsize|p2|4
|start
|switch|p1a: Pachirisu|Pachirisu, L50, F|100/100
|switch|p1b: Garchomp|Garchomp, L50, F|100/100
|switch|p2a: Dragonite|Dragonite, L50, M|100/100
|switch|p2b: Volcarona|Volcarona, L50, F|100/100
|turn|1
|
|t:|1757662501
|move|p1a: Pachirisu|Follow Me|p1a: Pachirisu
|-singleturn|p1a: Pachirisu|move: Follow Me
|move|p1b: Garchomp|Rock Slide|p2a: Dragonite|[spread] p2a,p2b
|-supereffective|p2a: Dragonite
|-supereffective|p2b: Volcarona
|-damage|p2a: Dragonite|81/100
|-damage|p2b: Volcarona|21/100
|move|p2b: Volcarona|Heat Wave|p1b: Garchomp|[spread] p1a,p1b
|-resisted|p1b: Garchomp
|-damage|p1a: Pachirisu|64/100
|-damage|p1b: Garchomp|83/100
|move|p2a: Dragonite|Scale Shot|p1a: Pachirisu|[miss]
|-miss|p2a: Dragonite|p1a: Pachirisu
|
|-heal|p2b: Volcarona|28/100|[from] item: Leftovers
|upkeep
|turn|2
|
|t:|1757662520
|move|p1a: Pachirisu|Follow Me|p1a: Pachirisu
|-singleturn|p1a: Pachirisu|move: Follow Me
|move|p1b: Garchomp|Rock Slide|p2a: Dragonite|[spread] p2a,p2b
|-supereffective|p2a: Dragonite
|-supereffective|p2b: Volcarona
|-damage|p2a: Dragonite|45/100
|-damage|p2b: Volcarona|0 fnt
|faint|p2b: Volcarona
|move|p2a: Dragonite|Scale Shot|p1a: Pachirisu
|-damage|p1a: Pachirisu|51/100
|-damage|p1a: Pachirisu|38/100
|-enditem|p1a: Pachirisu|Sitrus Berry|[eat]
|-heal|p1a: Pachirisu|63/100|[from] item: Sitrus Berry
|-damage|p1a: Pachirisu|48/100
|-damage|p1a: Pachirisu|33/100
|-hitcount|p1a: Pachirisu|4
|-unboost|p2a: Dragonite|def|1
|-boost|p2a: Dragonite|spe|1
|
|upkeep
|inactive|owbd has 30 seconds left.
|inactive|owbd has 20 seconds left.
|inactive|owbd has 15 seconds left.
|
|t:|1757662562
|switch|p2b: Gholdengo|Gholdengo, L50|100/100
|turn|3
|
|t:|1757662570
|move|p1b: Garchomp|Protect|p1b: Garchomp
|-singleturn|p1b: Garchomp|Protect
|move|p2a: Dragonite|Scale Shot|p1b: Garchomp
|-activate|p1b: Garchomp|move: Protect
|move|p2b: Gholdengo|Make It Rain|p1b: Garchomp|[spread] p1a
|-activate|p1b: Garchomp|move: Protect
|-resisted|p1a: Pachirisu
|-damage|p1a: Pachirisu|0 fnt
|-unboost|p2b: Gholdengo|spa|1
|faint|p1a: Pachirisu
|-damage|p2b: Gholdengo|91/100|[from] item: Life Orb
|
|upkeep
|
|t:|1757662581
|switch|p1a: Talonflame|Talonflame, L50, F|100/100
|turn|4
|inactive|owbd has 30 seconds left.
|inactive|owbd has 20 seconds left.
|
|t:|1757662617
|switch|p1b: Gyarados|Gyarados, L50, F|100/100
|-ability|p1b: Gyarados|Intimidate|boost
|-unboost|p2a: Dragonite|atk|1
|-unboost|p2b: Gholdengo|atk|1
|move|p1a: Talonflame|Overheat|p2b: Gholdengo|[miss]
|-miss|p1a: Talonflame|p2b: Gholdengo
|move|p2a: Dragonite|Scale Shot|p1b: Gyarados
|-damage|p1b: Gyarados|89/100
|-damage|p1b: Gyarados|77/100
|-damage|p1b: Gyarados|65/100
|-damage|p1b: Gyarados|53/100
|-hitcount|p1b: Gyarados|4
|-unboost|p2a: Dragonite|def|1
|-boost|p2a: Dragonite|spe|1
|move|p2b: Gholdengo|Make It Rain|p1a: Talonflame|[spread] p1a,p1b
|-resisted|p1a: Talonflame
|-resisted|p1b: Gyarados
|-crit|p1b: Gyarados
|-damage|p1a: Talonflame|63/100
|-damage|p1b: Gyarados|2/100
|-unboost|p2b: Gholdengo|spa|1
|-damage|p2b: Gholdengo|81/100|[from] item: Life Orb
|
|upkeep
|turn|5
|inactive|owbd has 30 seconds left.
|inactive|tuckered out1 has 30 seconds left.
|
|t:|1757662649
|move|p1b: Gyarados|Protect|p1b: Gyarados
|-singleturn|p1b: Gyarados|Protect
|move|p2a: Dragonite|Scale Shot|p1a: Talonflame
|-damage|p1a: Talonflame|46/100
|-damage|p1a: Talonflame|30/100
|-damage|p1a: Talonflame|14/100
|-damage|p1a: Talonflame|0 fnt
|faint|p1a: Talonflame
|-hitcount|p1: Talonflame|4
|-unboost|p2a: Dragonite|def|1
|-boost|p2a: Dragonite|spe|1
|move|p2b: Gholdengo|Make It Rain|p1b: Gyarados
|-activate|p1b: Gyarados|move: Protect
|
|upkeep
|
|t:|1757662654
|switch|p1a: Garchomp|Garchomp, L50, F|83/100
|turn|6
|inactive|owbd has 30 seconds left.
|
|t:|1757662682
|move|p1a: Garchomp|Protect|p1a: Garchomp
|-singleturn|p1a: Garchomp|Protect
|move|p2a: Dragonite|Scale Shot|p1a: Garchomp
|-activate|p1a: Garchomp|move: Protect
|move|p2b: Gholdengo|Nasty Plot|p2b: Gholdengo
|-boost|p2b: Gholdengo|spa|2
|move|p1b: Gyarados|Earthquake|p2a: Dragonite|[spread] p2b
|-activate|p1a: Garchomp|move: Protect
|-immune|p2a: Dragonite
|-supereffective|p2b: Gholdengo
|-damage|p2b: Gholdengo|16/100
|
|upkeep
|turn|7
|
|t:|1757662702
|move|p2a: Dragonite|Scale Shot|p1a: Garchomp
|-supereffective|p1a: Garchomp
|-damage|p1a: Garchomp|66/100
|-supereffective|p1a: Garchomp
|-damage|p1a: Garchomp|46/100
|-supereffective|p1a: Garchomp
|-damage|p1a: Garchomp|25/100
|-supereffective|p1a: Garchomp
|-damage|p1a: Garchomp|5/100
|-hitcount|p1a: Garchomp|4
|-unboost|p2a: Dragonite|def|1
|-boost|p2a: Dragonite|spe|1
|move|p1a: Garchomp|Dragon Claw|p2a: Dragonite
|-supereffective|p2a: Dragonite
|-crit|p2a: Dragonite
|-damage|p2a: Dragonite|0 fnt
|faint|p2a: Dragonite
|move|p2b: Gholdengo|Make It Rain|p1a: Garchomp|[spread] p1a,p1b
|-resisted|p1b: Gyarados
|-damage|p1a: Garchomp|0 fnt
|-damage|p1b: Gyarados|0 fnt
|-unboost|p2b: Gholdengo|spa|1
|faint|p1a: Garchomp
|faint|p1b: Gyarados
|-damage|p2b: Gholdengo|6/100|[from] item: Life Orb
|
|win|owbd
|raw|tuckered out1's rating: 1028 → 1017(-11 for losing)
|raw|owbd's rating: 1101 → 1121(+20 for winning)
|c|☆tuckered out1|Gg
|c|☆owbd|gg
|l|☆tuckered out1
|player|p1|
