|j|☆LeMaitreCroissant
|j|☆battle sim trainer
|html|LeMaitreCroissantbattle sim trainer    
|uhtml|bestof|Game 3 of a best-of-3
|t:|1756937017
|gametype|doubles
|player|p1|LeMaitreCroissant|170|1093
|player|p2|battle sim trainer|steven|1102
|gen|9
|tier|[Gen 9] VGC 2025 Reg H (Bo3)
|rated|
|rule|Species Clause: Limit one of each Pokémon
|rule|Item Clause: Limit 1 of each item
|clearpoke
|poke|p1|Archaludon, L50, M|
|poke|p1|Pelipper, L50, M|
|poke|p1|Basculegion, L50, M|
|poke|p1|Amoonguss, L50, M|
|poke|p1|Incineroar, L50, M|
|poke|p1|Gholdengo, L50|
|poke|p2|Pincurchin, L50, F|
|poke|p2|Toxtricity-Low-Key, L50, M|
|poke|p2|Gallade, L50, M|
|poke|p2|Araquanid, L50, F|
|poke|p2|Bronzong, L50|
|poke|p2|Clefairy, L50, F|
|teampreview|4
|showteam|p1|Archaludon||AssaultVest|Stamina|ElectroShot,DracoMeteor,FlashCannon,BodyPress|||M|||50|,,,,,Ghost]Pelipper||FocusSash|Drizzle|Hurricane,WeatherBall,Tailwind,Protect|||M|||50|,,,,,Ground]Basculegion||LifeOrb|SwiftSwim|WaveCrash,LastRespects,FlipTurn,Protect|||M|||50|,,,,,Water]Amoonguss||SitrusBerry|Regenerator|PollenPuff,ClearSmog,RagePowder,Spore|||M|||50|,,,,,Electric]Incineroar||SafetyGoggles|Intimidate|KnockOff,FakeOut,PartingShot,Protect|||M|||50|,,,,,Ghost]Gholdengo||ChoiceSpecs|GoodasGold|MakeItRain,ShadowBall,Trick,NastyPlot||||||50|,,,,,Dark
|showteam|p2|Pincurchin||EjectButton|ElectricSurge|Protect,RainDance,ZingZap,Recover|||F|||50|,,,,,Electric]Toxtricity-Low-Key||LifeOrb|PunkRock|Protect,Overdrive,Boomburst,SludgeBomb|||M|||50|,,,,,Electric]Gallade||ClearAmulet|Sharpness|LeafBlade,SacredSword,TrickRoom,HealPulse|||M|||50|,,,,,Psychic]Araquanid||MysticWater|WaterBubble|Liquidation,Soak,WideGuard,Protect|||F|||50|,,,,,Water]Bronzong||ElectricSeed|Heatproof|BodyPress,IronDefense,HelpingHand,TrickRoom||||||50|,,,,,Flying]Clefairy||Eviolite|FriendGuard|FollowMe,AfterYou,LifeDew,HelpingHand|||F|||50|,,,,,Steel
|inactive|Battle timer is ON: inactive players will automatically lose when time's up. (requested by LeMaitreCroissant)
|
|t:|1756937049
|teamsize|p1|4
|teamsize|p2|4
|start
|switch|p1a: Gholdengo|Gholdengo, L50|100/100
|switch|p1b: Pelipper|Pelipper, L50, M|100/100
|switch|p2a: Bronzong|Bronzong, L50|100/100
|switch|p2b: Araquanid|Araquanid, L50, F|100/100
|-weather|RainDance|[from] ability: Drizzle|[of] p1b: Pelipper
|turn|1
|j| Arkhept
|l| Arkhept
|inactive|battle sim trainer has 30 seconds left.
|
|t:|1756937082
|switch|p1a: Archaludon|Archaludon, L50, M, shiny|100/100
|-terastallize|p2b: Araquanid|Water
|move|p1b: Pelipper|Hurricane|p2b: Araquanid
|-damage|p2b: Araquanid|62/100
|move|p2b: Araquanid|Liquidation|p1a: Archaludon
|-resisted|p1a: Archaludon
|-damage|p1a: Archaludon|46/100
|-ability|p1a: Archaludon|Stamina|boost
|-boost|p1a: Archaludon|def|1
|move|p2a: Bronzong|Trick Room|p2a: Bronzong
|-fieldstart|move: Trick Room|[of] p2a: Bronzong
|
|-weather|RainDance|[upkeep]
|upkeep
|turn|2
|inactive|LeMaitreCroissant has 30 seconds left.
|inactive|battle sim trainer has 30 seconds left.
|inactive|battle sim trainer has 20 seconds left.
|inactive|LeMaitreCroissant has 20 seconds left.
|inactive|battle sim trainer has 15 seconds left.
|
|t:|1756937126
|switch|p2a: Pincurchin|Pincurchin, L50, F|100/100
|-fieldstart|move: Electric Terrain|[from] ability: Electric Surge|[of] p2a: Pincurchin
|switch|p1b: Amoonguss|Amoonguss, L50, M, shiny|100/100
|move|p2b: Araquanid|Protect|p2b: Araquanid
|-singleturn|p2b: Araquanid|Protect
|move|p1a: Archaludon|Electro Shot||[still]
|-prepare|p1a: Archaludon|Electro Shot
|-boost|p1a: Archaludon|spa|1
|-anim|p1a: Archaludon|Electro Shot|p2b: Araquanid
|-activate|p2b: Araquanid|move: Protect
|
|-weather|RainDance|[upkeep]
|upkeep
|turn|3
|inactive|battle sim trainer has 30 seconds left.
|inactive|LeMaitreCroissant has 30 seconds left.
|
|t:|1756937158
|switch|p2b: Toxtricity|Toxtricity-Low-Key, L50, M|100/100
|move|p2a: Pincurchin|Zing Zap|p1a: Archaludon
|-resisted|p1a: Archaludon
|-damage|p1a: Archaludon|38/100
|-ability|p1a: Archaludon|Stamina|boost
|-boost|p1a: Archaludon|def|1
|move|p1b: Amoonguss|Pollen Puff|p1a: Archaludon
|-heal|p1a: Archaludon|87/100
|cant|p1a: Archaludon|flinch
|
|-weather|RainDance|[upkeep]
|upkeep
|turn|4
|j| Arkhept
|l| Arkhept
|inactive|LeMaitreCroissant has 30 seconds left.
|inactive|battle sim trainer has 30 seconds left.
|inactive|battle sim trainer has 20 seconds left.
|
|t:|1756937195
|switch|p2a: Bronzong|Bronzong, L50|100/100
|-enditem|p2a: Bronzong|Electric Seed
|-boost|p2a: Bronzong|def|1|[from] item: Electric Seed
|move|p1b: Amoonguss|Spore|p2b: Toxtricity
|-activate|p2b: Toxtricity|move: Electric Terrain
|move|p2b: Toxtricity|Overdrive|p1a: Archaludon|[spread] p1a,p1b
|-resisted|p1a: Archaludon
|-resisted|p1b: Amoonguss
|-damage|p1a: Archaludon|60/100
|-damage|p1b: Amoonguss|71/100
|-ability|p1a: Archaludon|Stamina|boost
|-boost|p1a: Archaludon|def|1
|-damage|p2b: Toxtricity|91/100|[from] item: Life Orb
|move|p1a: Archaludon|Electro Shot||[still]
|-prepare|p1a: Archaludon|Electro Shot
|-boost|p1a: Archaludon|spa|1
|-anim|p1a: Archaludon|Electro Shot|p2b: Toxtricity
|-resisted|p2b: Toxtricity
|-damage|p2b: Toxtricity|24/100
|
|-weather|RainDance|[upkeep]
|upkeep
|turn|5
|inactive|battle sim trainer has 30 seconds left.
|inactive|battle sim trainer has 20 seconds left.
|inactive|battle sim trainer has 15 seconds left.
|
|t:|1756937239
|move|p2a: Bronzong|Body Press|p1a: Archaludon
|-supereffective|p1a: Archaludon
|-damage|p1a: Archaludon|37/100
|-ability|p1a: Archaludon|Stamina|boost
|-boost|p1a: Archaludon|def|1
|move|p1b: Amoonguss|Pollen Puff|p1a: Archaludon
|-heal|p1a: Archaludon|87/100
|move|p2b: Toxtricity|Overdrive|p1a: Archaludon|[spread] p1a,p1b
|-resisted|p1a: Archaludon
|-crit|p1a: Archaludon
|-resisted|p1b: Amoonguss
|-damage|p1a: Archaludon|51/100
|-damage|p1b: Amoonguss|39/100
|-ability|p1a: Archaludon|Stamina|boost
|-boost|p1a: Archaludon|def|1
|-enditem|p1b: Amoonguss|Sitrus Berry|[eat]
|-heal|p1b: Amoonguss|64/100|[from] item: Sitrus Berry
|-damage|p2b: Toxtricity|14/100|[from] item: Life Orb
|move|p1a: Archaludon|Electro Shot||[still]
|-prepare|p1a: Archaludon|Electro Shot
|-boost|p1a: Archaludon|spa|1
|-anim|p1a: Archaludon|Electro Shot|p2a: Bronzong
|-damage|p2a: Bronzong|0 fnt
|faint|p2a: Bronzong
|
|-weather|none
|-fieldend|move: Trick Room
|upkeep
|inactive|battle sim trainer has 30 seconds left.
|-message|battle sim trainer forfeited.
|
|win|LeMaitreCroissant
|raw|LeMaitreCroissant's rating: 1093 → 1120(+27 for winning)
|raw|battle sim trainer's rating: 1102 → 1076(-26 for losing)
|c|☆battle sim trainer|gg
