|j|☆GettingWickedBlow
|j|☆Echoes630
|html|GettingWickedBlowEchoes630    
|uhtml|bestof|Game 2 of a best-of-3
|t:|1784780927
|gametype|doubles
|player|p1|GettingWickedBlow|n|1141
|player|p2|Echoes630|ingo|1296
|gen|9
|tier|[Gen 9 Champions] VGC 2026 Reg M-B (Bo3)
|rated|
|rule|Species Clause: Limit one of each Pokémon
|rule|Item Clause: Limit 1 of each item
|clearpoke
|poke|p1|Venusaur, L50, F|
|poke|p1|Charizard, L50, M, shiny|
|poke|p1|Garchomp, L50, F|
|poke|p1|Annihilape, L50, F, shiny|
|poke|p1|Incineroar, L50, M|
|poke|p1|Toxapex, L50, M, shiny|
|poke|p2|Sneasler, L50, M|
|poke|p2|Blastoise, L50, M|
|poke|p2|Kingambit, L50, M|
|poke|p2|Incineroar, L50, M|
|poke|p2|Delphox, L50, F|
|poke|p2|Sinistcha, L50|
|teampreview|4
|showteam|p1|Venusaur||LifeOrb|Chlorophyll|SolarBeam,SludgeBomb,EarthPower,Protect|Modest||F|||50|]Charizard||CharizarditeY|Blaze|HeatWave,WeatherBall,HelpingHand,Protect|Bold||M|||50|]Garchomp||ChoiceScarf|RoughSkin|RockSlide,DragonClaw,Earthquake,StompingTantrum|Adamant||F|||50|]Annihilape||FocusSash|Defiant|PhantomForce,CloseCombat,RockTomb,Protect|Jolly||F|||50|]Incineroar||SitrusBerry|Intimidate|FlareBlitz,ThroatChop,PartingShot,FakeOut|Impish||M|||50|]Toxapex||Leftovers|Regenerator|Infestation,Toxic,WideGuard,BanefulBunker|Impish||M|||50|
|showteam|p2|Sneasler||FocusSash|PoisonTouch|PoisonJab,CloseCombat,FakeOut,Protect|Jolly||M|||50|]Blastoise||Blastoisinite|RainDish|DarkPulse,WaterSpout,ShellSmash,Protect|Modest||M|||50|]Kingambit||BlackGlasses|Defiant|KowtowCleave,SuckerPunch,SwordsDance,Protect|Adamant||M|||50|]Incineroar||SitrusBerry|Intimidate|FlareBlitz,HelpingHand,PartingShot,FakeOut|Careful||M|||50|]Delphox||Delphoxite|Blaze|HeatWave,NastyPlot,Psyshock,Protect|Modest||F|||50|]Sinistcha||KasibBerry|Hospitality|MatchaGotcha,RagePowder,TrickRoom,Protect|Bold|||||50|
|inactive|Battle timer is ON: inactive players will automatically lose when time's up. (requested by GettingWickedBlow)
|inactive|GettingWickedBlow has 60 seconds left.
|inactive|GettingWickedBlow has 30 seconds left.
|inactive|GettingWickedBlow has 20 seconds left.
|inactive|GettingWickedBlow has 15 seconds left.
|inactive|GettingWickedBlow has 10 seconds left.
|
|t:|1784781011
|teamsize|p1|4
|teamsize|p2|4
|start
|switch|p1a: Incineroar|Incineroar, L50, M|100/100
|switch|p1b: Charizard|Charizard, L50, M, shiny|100/100
|switch|p2a: Sneasler|Sneasler, L50, M|100/100
|switch|p2b: Delphox|Delphox, L50, F|100/100
|-ability|p1a: Incineroar|Intimidate|boost
|-unboost|p2a: Sneasler|atk|1
|-unboost|p2b: Delphox|atk|1
|turn|1
|inactive|GettingWickedBlow has 30 seconds left.
|inactive|Echoes630 has 30 seconds left.
|inactive|GettingWickedBlow has 20 seconds left.
|
|t:|1784781049
|switch|p2a: Incineroar|Incineroar, L50, M|100/100
|-ability|p2a: Incineroar|Intimidate|boost
|-unboost|p1a: Incineroar|atk|1
|-unboost|p1b: Charizard|atk|1
|detailschange|p2b: Delphox|Delphox-Mega, L50, F
|-mega|p2b: Delphox|Delphox|Delphoxite
|detailschange|p1b: Charizard|Charizard-Mega-Y, L50, M, shiny
|-mega|p1b: Charizard|Charizard|Charizardite Y
|-weather|SunnyDay|[from] ability: Drought|[of] p1b: Charizard
|move|p2b: Delphox|Protect|p2b: Delphox
|-singleturn|p2b: Delphox|Protect
|move|p1b: Charizard|Heat Wave|p2b: Delphox|[spread] p2a
|-activate|p2b: Delphox|move: Protect
|-resisted|p2a: Incineroar|1
|-damage|p2a: Incineroar|79/100
|move|p1a: Incineroar|Parting Shot|p2a: Incineroar
|-unboost|p2a: Incineroar|atk|1
|-unboost|p2a: Incineroar|spa|1
|
|t:|1784781064
|switch|p1a: Garchomp|Garchomp, L50, F|100/100|[from] Parting Shot
|
|-weather|SunnyDay|[upkeep]
|upkeep
|turn|2
|inactive|GettingWickedBlow has 30 seconds left.
|
|t:|1784781095
|move|p2a: Incineroar|Fake Out|p1a: Garchomp
|-crit|p1a: Garchomp
|-damage|p1a: Garchomp|83/100
|-damage|p2a: Incineroar|66/100|[from] ability: Rough Skin|[of] p1a: Garchomp
|cant|p1a: Garchomp|flinch
|move|p2b: Delphox|Nasty Plot|p2b: Delphox
|-boost|p2b: Delphox|spa|2
|move|p1b: Charizard|Heat Wave|p2a: Incineroar|[spread] p2a,p2b
|-resisted|p2a: Incineroar|1
|-resisted|p2b: Delphox|1
|-damage|p2a: Incineroar|43/100
|-damage|p2b: Delphox|76/100
|-enditem|p2a: Incineroar|Sitrus Berry|[eat]
|-heal|p2a: Incineroar|67/100|[from] item: Sitrus Berry
|
|-weather|SunnyDay|[upkeep]
|upkeep
|turn|3
|inactive|Echoes630 has 30 seconds left.
|
|t:|1784781126
|switch|p2a: Sinistcha|Sinistcha, L50|100/100
|-heal|p2b: Delphox|100/100|[from] ability: Hospitality|[of] p2a: Sinistcha
|move|p1a: Garchomp|Rock Slide|p2a: Sinistcha|[spread] 
|-miss|p1a: Garchomp|p2a: Sinistcha
|-miss|p1a: Garchomp|p2b: Delphox
|move|p2b: Delphox|Psyshock|p1a: Garchomp
|-damage|p1a: Garchomp|0 fnt
|faint|p1a: Garchomp
|move|p1b: Charizard|Heat Wave|p2b: Delphox|[spread] p2a,p2b
|-supereffective|p2a: Sinistcha|1
|-resisted|p2b: Delphox|1
|-damage|p2a: Sinistcha|5/100
|-damage|p2b: Delphox|77/100
|-status|p2a: Sinistcha|brn
|
|-weather|SunnyDay|[upkeep]
|-damage|p2a: Sinistcha|0 fnt|[from] brn
|faint|p2a: Sinistcha
|upkeep
|inactive|GettingWickedBlow has 30 seconds left.
|
|t:|1784781152
|switch|p1a: Venusaur|Venusaur, L50, F|100/100
|switch|p2a: Incineroar|Incineroar, L50, M|67/100
|-ability|p2a: Incineroar|Intimidate|boost
|-unboost|p1a: Venusaur|atk|1
|-unboost|p1b: Charizard|atk|1
|turn|4
|
|t:|1784781162
|switch|p1b: Incineroar|Incineroar, L50, M|100/100
|-ability|p1b: Incineroar|Intimidate|boost
|-unboost|p2a: Incineroar|atk|1
|-unboost|p2b: Delphox|atk|1
|move|p1a: Venusaur|Protect|p1a: Venusaur
|-singleturn|p1a: Venusaur|Protect
|move|p2a: Incineroar|Fake Out|p1a: Venusaur
|-activate|p1a: Venusaur|move: Protect
|move|p2b: Delphox|Psyshock|p1b: Incineroar
|-immune|p1b: Incineroar
|
|-weather|SunnyDay|[upkeep]
|upkeep
|turn|5
|
|t:|1784781179
|move|p1a: Venusaur|Earth Power|p2a: Incineroar
|-supereffective|p2a: Incineroar|1
|-damage|p2a: Incineroar|9/100
|-damage|p1a: Venusaur|90/100|[from] item: Life Orb
|move|p2b: Delphox|Heat Wave|p1a: Venusaur|[spread] p1a,p1b
|-supereffective|p1a: Venusaur|1
|-resisted|p1b: Incineroar|1
|-damage|p1a: Venusaur|0 fnt
|-damage|p1b: Incineroar|45/100
|-enditem|p1b: Incineroar|Sitrus Berry|[eat]
|-heal|p1b: Incineroar|70/100|[from] item: Sitrus Berry
|faint|p1a: Venusaur
|move|p2a: Incineroar|Flare Blitz|p1b: Incineroar
|-resisted|p1b: Incineroar|1
|-damage|p1b: Incineroar|50/100g
|-damage|p2a: Incineroar|3/100|[from] Recoil
|move|p1b: Incineroar|Parting Shot|p2b: Delphox
|-unboost|p2b: Delphox|atk|1
|-unboost|p2b: Delphox|spa|1
|
|t:|1784781193
|switch|p1b: Charizard|Charizard-Mega-Y, L50, M, shiny|100/100|[from] Parting Shot
|
|-weather|none
|upkeep
|
|t:|1784781196
|switch|p1a: Incineroar|Incineroar, L50, M|50/100g
|-ability|p1a: Incineroar|Intimidate|boost
|-unboost|p2a: Incineroar|atk|1
|-unboost|p2b: Delphox|atk|1
|turn|6
|
|t:|1784781207
|move|p2a: Incineroar|Helping Hand|p2b: Delphox
|-singleturn|p2b: Delphox|Helping Hand|[of] p2a: Incineroar
|move|p2b: Delphox|Psyshock|p1b: Charizard
|-damage|p1b: Charizard|16/100
|move|p1b: Charizard|Heat Wave|p2a: Incineroar|[spread] p2a,p2b
|-resisted|p2a: Incineroar|1
|-resisted|p2b: Delphox|1
|-damage|p2a: Incineroar|0 fnt
|-damage|p2b: Delphox|60/100
|faint|p2a: Incineroar
|move|p1a: Incineroar|Flare Blitz|p2b: Delphox
|-resisted|p2b: Delphox|1
|-damage|p2b: Delphox|32/100
|-damage|p1a: Incineroar|43/100|[from] Recoil
|
|upkeep
|
|t:|1784781210
|switch|p2a: Sneasler|Sneasler, L50, M|100/100
|turn|7
|
|t:|1784781222
|move|p2a: Sneasler|Close Combat|p1a: Incineroar
|-supereffective|p1a: Incineroar|1
|-damage|p1a: Incineroar|0 fnt
|-unboost|p2a: Sneasler|def|1
|-unboost|p2a: Sneasler|spd|1
|faint|p1a: Incineroar
|move|p2b: Delphox|Psyshock|p1b: Charizard
|-damage|p1b: Charizard|0 fnt
|faint|p1b: Charizard
|
|win|Echoes630
|raw|GettingWickedBlow's rating: 1141 → 1126(-15 for losing)
|raw|Echoes630's rating: 1296 → 1311(+15 for winning)
|c|☆Echoes630|sorry about the miss
