|j|☆giby0520
|j|☆panijc
|html|giby0520panijc    
|uhtml|bestof|Game 1 of a best-of-3
|t:|1786150724
|gametype|doubles
|player|p1|giby0520|benga|1256
|player|p2|panijc|169|1226
|gen|9
|tier|[Gen 9 Champions] VGC 2026 Reg M-B (Bo3)
|rated|
|rule|Species Clause: Limit one of each Pokémon
|rule|Item Clause: Limit 1 of each item
|clearpoke
|poke|p1|Staraptor, L50, M|
|poke|p1|Garchomp, L50, M|
|poke|p1|Whimsicott, L50, M|
|poke|p1|Delphox, L50, M|
|poke|p1|Glimmora, L50, M|
|poke|p1|Kingambit, L50, M|
|poke|p2|Raichu, L50, F|
|poke|p2|Mamoswine, L50, M|
|poke|p2|Sylveon, L50, M|
|poke|p2|Incineroar, L50, M|
|poke|p2|Basculegion, L50, M|
|poke|p2|Whimsicott, L50, M|
|teampreview|4
|showteam|p1|Staraptor||Staraptite|Intimidate|Protect,Roost,CloseCombat,BraveBird|Jolly||M|||50|]Garchomp||LifeOrb|RoughSkin|Protect,RockSlide,Earthquake,DragonClaw|Jolly||M|||50|]Whimsicott||OccaBerry|Prankster|Moonblast,Tailwind,Charm,LightScreen|Timid||M|||50|]Delphox||Delphoxite|Blaze|Protect,Psychic,HeatWave,Substitute|Timid||M|||50|]Glimmora||FocusSash|ToxicDebris|SpikyShield,SludgeBomb,EarthPower,PowerGem|Timid||M|||50|]Kingambit||ChopleBerry|Defiant|SuckerPunch,LowKick,IronHead,KowtowCleave|Adamant||M|||50|
|showteam|p2|Raichu||RaichuniteY|LightningRod|ZapCannon,FocusBlast,FakeOut,Protect|Timid||F|||50|]Mamoswine||LifeOrb|Oblivious|IcicleCrash,HighHorsepower,IceShard,Protect|Adamant||M|||50|]Sylveon||FairyFeather|Pixilate|HyperVoice,HyperBeam,Detect,Yawn|Modest||M|||50|]Incineroar||SitrusBerry|Intimidate|ThroatChop,FlareBlitz,FakeOut,PartingShot|Impish||M|||50|]Basculegion||MysticWater|Adaptability|WaveCrash,LastRespects,AquaJet,Protect|Adamant||M|||50|]Whimsicott||FocusSash|Prankster|Moonblast,Tailwind,Protect,Encore|Timid||M|||50|
|inactive|Battle timer is ON: inactive players will automatically lose when time's up. (requested by giby0520)
|inactive|giby0520 has 60 seconds left.
|
|t:|1786150768
|teamsize|p1|4
|teamsize|p2|4
|start
|switch|p1a: Kingambit|Kingambit, L50, M|100/100
|switch|p1b: Delphox|Delphox, L50, M|100/100
|switch|p2a: Whimsicott|Whimsicott, L50, M|100/100
|switch|p2b: Sylveon|Sylveon, L50, M|100/100
|turn|1
|
|t:|1786150780
|detailschange|p1b: Delphox|Delphox-Mega, L50, M
|-mega|p1b: Delphox|Delphox|Delphoxite
|move|p2a: Whimsicott|Tailwind|p2a: Whimsicott
|-sidestart|p2: panijc|move: Tailwind
|move|p1b: Delphox|Heat Wave|p2a: Whimsicott|[spread] p2a,p2b
|-supereffective|p2a: Whimsicott|1
|-enditem|p2a: Whimsicott|Focus Sash
|-damage|p2a: Whimsicott|1/100
|-damage|p2b: Sylveon|67/100
|move|p2b: Sylveon|Hyper Voice|p1a: Kingambit|[spread] p1a,p1b
|-resisted|p1b: Delphox|1
|-damage|p1a: Kingambit|63/100
|-damage|p1b: Delphox|80/100
|move|p1a: Kingambit|Kowtow Cleave|p2a: Whimsicott
|-resisted|p2a: Whimsicott|1
|-damage|p2a: Whimsicott|0 fnt
|faint|p2a: Whimsicott
|
|upkeep
|
|t:|1786150795
|switch|p2a: Raichu|Raichu, L50, F|100/100
|turn|2
|
|t:|1786150802
|switch|p1a: Garchomp|Garchomp, L50, M|100/100
|detailschange|p2a: Raichu|Raichu-Mega-Y, L50, F
|-mega|p2a: Raichu|Raichu|Raichunite Y
|move|p1b: Delphox|Protect|p1b: Delphox
|-singleturn|p1b: Delphox|Protect
|move|p2a: Raichu|Fake Out|p1b: Delphox
|-activate|p1b: Delphox|move: Protect
|move|p2b: Sylveon|Hyper Beam|p1a: Garchomp
|-supereffective|p1a: Garchomp|1
|-damage|p1a: Garchomp|0 fnt
|-mustrecharge|p2b: Sylveon
|faint|p1a: Garchomp
|
|upkeep
|
|t:|1786150814
|switch|p1a: Kingambit|Kingambit, L50, M|63/100
|turn|3
|
|t:|1786150821
|move|p1a: Kingambit|Sucker Punch|p2a: Raichu
|-damage|p2a: Raichu|34/100
|move|p2a: Raichu|Zap Cannon|p1b: Delphox
|-damage|p1b: Delphox|21/100
|-status|p1b: Delphox|par
|cant|p2b: Sylveon|recharge
|cant|p1b: Delphox|par
|
|upkeep
|turn|4
|
|t:|1786150838
|move|p2a: Raichu|Protect|p2a: Raichu
|-singleturn|p2a: Raichu|Protect
|move|p1a: Kingambit|Sucker Punch||[still]
|-fail|p1a: Kingambit
|move|p2b: Sylveon|Hyper Beam|p1a: Kingambit
|-damage|p1a: Kingambit|0 fnt
|-mustrecharge|p2b: Sylveon
|faint|p1a: Kingambit
|move|p1b: Delphox|Heat Wave|p2b: Sylveon|[spread] p2b
|-activate|p2a: Raichu|move: Protect
|-damage|p2b: Sylveon|35/100
|
|-sideend|p2: panijc|move: Tailwind
|upkeep
|
|t:|1786150840
|switch|p1a: Glimmora|Glimmora, L50, M|100/100
|turn|5
|
|t:|1786150864
|move|p1b: Delphox|Protect|p1b: Delphox
|-singleturn|p1b: Delphox|Protect
|move|p2a: Raichu|Zap Cannon|p1b: Delphox
|-activate|p1b: Delphox|move: Protect
|move|p1a: Glimmora|Power Gem|p2a: Raichu
|-damage|p2a: Raichu|0 fnt
|faint|p2a: Raichu
|cant|p2b: Sylveon|recharge
|
|upkeep
|
|t:|1786150873
|switch|p2a: Mamoswine|Mamoswine, L50, M|100/100
|turn|6
|
|t:|1786150891
|move|p2a: Mamoswine|Protect|p2a: Mamoswine
|-singleturn|p2a: Mamoswine|Protect
|move|p1a: Glimmora|Sludge Bomb|p2b: Sylveon
|-supereffective|p2b: Sylveon|1
|-damage|p2b: Sylveon|0 fnt
|faint|p2b: Sylveon
|move|p1b: Delphox|Heat Wave|p2a: Mamoswine
|-activate|p2a: Mamoswine|move: Protect
|
|upkeep
|turn|7
|
|t:|1786150908
|move|p2a: Mamoswine|Ice Shard|p1b: Delphox
|-resisted|p1b: Delphox|1
|-damage|p1b: Delphox|3/100 par
|-damage|p2a: Mamoswine|90/100|[from] item: Life Orb
|move|p1a: Glimmora|Power Gem|p2a: Mamoswine
|-damage|p2a: Mamoswine|33/100
|move|p1b: Delphox|Psychic|p2a: Mamoswine
|-damage|p2a: Mamoswine|0 fnt
|faint|p2a: Mamoswine
|
|win|giby0520
||giby0520 is ready for game 2.
|inactive|panijc has 30 seconds to confirm battle start!
||panijc is ready for game 2.
|uhtml|next|Next: Game 2 of 3
|l|☆giby0520
|player|p1|
|l|☆panijc
|player|p2|
|j|☆panijc
|player|p2|panijc|169|
