|j|☆joscake
|j|☆roy kasoy
|html|joscakeroy kasoy    
|uhtml|bestof|Game 1 of a best-of-3
|t:|1782956467
|gametype|doubles
|player|p1|joscake|ethan|
|player|p2|roy kasoy|hilbert|
|gen|9
|tier|[Gen 9 Champions] VGC 2026 Reg M-B (Bo3)
|rule|Species Clause: Limit one of each Pokémon
|rule|Item Clause: Limit 1 of each item
|clearpoke
|poke|p1|Kingambit, L50, F|
|poke|p1|Charizard, L50, F|
|poke|p1|Aerodactyl, L50, F|
|poke|p1|Sylveon, L50, F|
|poke|p1|Farigiraf, L50, F|
|poke|p1|Garchomp, L50, F|
|poke|p2|Beedrill, L50, M|
|poke|p2|Archaludon, L50, F|
|poke|p2|Swampert, L50, M|
|poke|p2|Pelipper, L50, M|
|poke|p2|Farigiraf, L50, M|
|poke|p2|Incineroar, L50, M|
|teampreview|4
|showteam|p1|Kingambit||FocusSash|Defiant|KowtowCleave,IronHead,LowKick,SuckerPunch|Adamant||F|||50|]Charizard||CharizarditeY|Blaze|HeatWave,WeatherBall,SolarBeam,Protect|Timid||F|||50|]Aerodactyl||Aerodactylite|Unnerve|DualWingbeat,RockSlide,Tailwind,IceFang|Jolly||F|||50|]Sylveon||FairyFeather|Pixilate|Protect,HyperVoice,HyperBeam,QuickAttack|Sassy||F|||50|]Farigiraf||SitrusBerry|ArmorTail|TwinBeam,Thunderbolt,TrickRoom,GrassKnot|Quiet||F|||50|]Garchomp||LifeOrb|RoughSkin|Protect,Earthquake,StompingTantrum,DragonClaw|Jolly||F|||50|
|showteam|p2|Beedrill||Beedrillite|Swarm|Uturn,PoisonJab,DrillRun,Protect|Adamant||M|||50|]Archaludon||Leftovers|Stamina|ElectroShot,FlashCannon,DragonPulse,Protect|Modest||F|||50|]Swampert||Swampertite|Torrent|WaveCrash,RockSlide,HighHorsepower,Protect|Adamant||M|||50|]Pelipper||LifeOrb|Drizzle|WeatherBall,Hurricane,WideGuard,Tailwind|Modest||M|||50|]Farigiraf||SitrusBerry|ArmorTail|HelpingHand,TrickRoom,Psychic,RainDance|Bold||M|||50|]Incineroar||PasshoBerry|Intimidate|FakeOut,ThroatChop,FlareBlitz,PartingShot|Adamant||M|||50|
|j| Angello7796
|
|t:|1782956555
|teamsize|p1|4
|teamsize|p2|4
|start
|switch|p1a: Farigiraf|Farigiraf, L50, F|100/100
|switch|p1b: Kingambit|Kingambit, L50, F|100/100
|switch|p2a: Swampert|Swampert, L50, M|100/100
|switch|p2b: Farigiraf|Farigiraf, L50, M|100/100
|turn|1
|
|t:|1782956575
|detailschange|p2a: Swampert|Swampert-Mega, L50, M
|-mega|p2a: Swampert|Swampert|Swampertite
|move|p2a: Swampert|High Horsepower|p1b: Kingambit
|-supereffective|p1b: Kingambit|1
|-damage|p1b: Kingambit|15/100
|move|p2b: Farigiraf|Rain Dance|p2b: Farigiraf
|-weather|RainDance
|move|p1a: Farigiraf|Grass Knot|p2a: Swampert
|-supereffective|p2a: Swampert|2
|-damage|p2a: Swampert|0 fnt
|faint|p2a: Swampert
|move|p1b: Kingambit|Kowtow Cleave|p2b: Farigiraf
|-supereffective|p2b: Farigiraf|1
|-damage|p2b: Farigiraf|23/100
|-enditem|p2b: Farigiraf|Sitrus Berry|[eat]
|-heal|p2b: Farigiraf|47/100|[from] item: Sitrus Berry
|
|-weather|RainDance|[upkeep]
|upkeep
|
|t:|1782956592
|switch|p2a: Archaludon|Archaludon, L50, F|100/100
|turn|2
|
|t:|1782956622
|move|p2a: Archaludon|Electro Shot||[still]
|-prepare|p2a: Archaludon|Electro Shot
|-boost|p2a: Archaludon|spa|1
|-anim|p2a: Archaludon|Electro Shot|p1b: Kingambit
|-damage|p1b: Kingambit|0 fnt
|faint|p1b: Kingambit
|move|p1a: Farigiraf|Thunderbolt|p2b: Farigiraf
|-damage|p2b: Farigiraf|19/100
|move|p2b: Farigiraf|Trick Room|p2b: Farigiraf
|-fieldstart|move: Trick Room|[of] p2b: Farigiraf
|
|-weather|RainDance|[upkeep]
|upkeep
|
|t:|1782956631
|switch|p1b: Sylveon|Sylveon, L50, F|100/100
|turn|3
|
|t:|1782956646
|switch|p2b: Incineroar|Incineroar, L50, M|100/100
|-ability|p2b: Incineroar|Intimidate|boost
|-unboost|p1a: Farigiraf|atk|1
|-unboost|p1b: Sylveon|atk|1
|move|p1b: Sylveon|Hyper Voice|p2b: Incineroar|[spread] p2a,p2b
|-damage|p2a: Archaludon|68/100
|-damage|p2b: Incineroar|65/100
|-ability|p2a: Archaludon|Stamina|boost
|-boost|p2a: Archaludon|def|1
|move|p1a: Farigiraf|Twin Beam|p2a: Archaludon
|-resisted|p2a: Archaludon|1
|-damage|p2a: Archaludon|58/100
|-ability|p2a: Archaludon|Stamina|boost
|-boost|p2a: Archaludon|def|1
|-resisted|p2a: Archaludon|1
|-damage|p2a: Archaludon|48/100
|-ability|p2a: Archaludon|Stamina|boost
|-boost|p2a: Archaludon|def|1
|-hitcount|p2a: Archaludon|2
|move|p2a: Archaludon|Flash Cannon|p1b: Sylveon
|-supereffective|p1b: Sylveon|1
|-damage|p1b: Sylveon|36/100
|
|-weather|RainDance|[upkeep]
|-heal|p2a: Archaludon|54/100|[from] item: Leftovers
|upkeep
|turn|4
|
|t:|1782956703
|move|p1a: Farigiraf|Thunderbolt|p2b: Incineroar
|-damage|p2b: Incineroar|36/100
|move|p1b: Sylveon|Hyper Beam|p2b: Incineroar
|-crit|p2b: Incineroar
|-damage|p2b: Incineroar|0 fnt
|-mustrecharge|p1b: Sylveon
|faint|p2b: Incineroar
|move|p2a: Archaludon|Flash Cannon|p1b: Sylveon
|-supereffective|p1b: Sylveon|1
|-damage|p1b: Sylveon|0 fnt
|faint|p1b: Sylveon
|
|-weather|RainDance|[upkeep]
|-heal|p2a: Archaludon|60/100|[from] item: Leftovers
|upkeep
|
|t:|1782956714
|switch|p1b: Charizard|Charizard, L50, F|100/100
|switch|p2b: Farigiraf|Farigiraf, L50, M|19/100
|turn|5
|
|t:|1782956745
|detailschange|p1b: Charizard|Charizard-Mega-Y, L50, F
|-mega|p1b: Charizard|Charizard|Charizardite Y
|-weather|SunnyDay|[from] ability: Drought|[of] p1b: Charizard
|move|p2b: Farigiraf|Helping Hand|p2a: Archaludon
|-singleturn|p2a: Archaludon|Helping Hand|[of] p2b: Farigiraf
|move|p1b: Charizard|Protect|p1b: Charizard
|-singleturn|p1b: Charizard|Protect
|move|p1a: Farigiraf|Thunderbolt|p2b: Farigiraf
|-damage|p2b: Farigiraf|0 fnt
|faint|p2b: Farigiraf
|move|p2a: Archaludon|Electro Shot||[still]
|-prepare|p2a: Archaludon|Electro Shot
|-boost|p2a: Archaludon|spa|1
|
|-weather|SunnyDay|[upkeep]
|-heal|p2a: Archaludon|67/100|[from] item: Leftovers
|upkeep
|turn|6
|
|t:|1782956770
|move|p1a: Farigiraf|Twin Beam|p2a: Archaludon
|-resisted|p2a: Archaludon|1
|-damage|p2a: Archaludon|56/100
|-ability|p2a: Archaludon|Stamina|boost
|-boost|p2a: Archaludon|def|1
|-resisted|p2a: Archaludon|1
|-damage|p2a: Archaludon|47/100
|-ability|p2a: Archaludon|Stamina|boost
|-boost|p2a: Archaludon|def|1
|-hitcount|p2a: Archaludon|2
|move|p2a: Archaludon|Electro Shot|p1b: Charizard|[from] lockedmove
|-supereffective|p1b: Charizard|1
|-damage|p1b: Charizard|0 fnt
|faint|p1b: Charizard
|
|-weather|SunnyDay|[upkeep]
|-heal|p2a: Archaludon|53/100|[from] item: Leftovers
|-fieldend|move: Trick Room
|upkeep
|turn|7
|
|t:|1782956795
|move|p2a: Archaludon|Flash Cannon|p1a: Farigiraf
|-damage|p1a: Farigiraf|19/100
|-enditem|p1a: Farigiraf|Sitrus Berry|[eat]
|-heal|p1a: Farigiraf|44/100|[from] item: Sitrus Berry
|move|p1a: Farigiraf|Trick Room|p1a: Farigiraf
|-fieldstart|move: Trick Room|[of] p1a: Farigiraf
|
|-weather|SunnyDay|[upkeep]
|-heal|p2a: Archaludon|59/100|[from] item: Leftovers
|upkeep
|turn|8
|
|t:|1782956807
|move|p1a: Farigiraf|Twin Beam|p2a: Archaludon
|-resisted|p2a: Archaludon|1
|-damage|p2a: Archaludon|50/100g
|-ability|p2a: Archaludon|Stamina|boost
|-boost|p2a: Archaludon|def|1
|-resisted|p2a: Archaludon|1
|-damage|p2a: Archaludon|41/100
|-hitcount|p2a: Archaludon|2
|move|p2a: Archaludon|Flash Cannon|p1a: Farigiraf
|-damage|p1a: Farigiraf|0 fnt
|faint|p1a: Farigiraf
|
|win|roy kasoy
|inactive|joscake has 30 seconds to confirm battle start!
|inactive|roy kasoy has 30 seconds to confirm battle start!
||joscake is ready for game 2.
||roy kasoy is ready for game 2.
|uhtml|next|Next: Game 2 of 3
|l| Angello7796
|l|☆joscake
|player|p1|
