|j|☆p1ch1pichi
|j|☆marillrag1
|html|p1ch1pichimarillrag1    
|uhtml|bestof|Game 2 of a best-of-3
|t:|1785142397
|gametype|doubles
|player|p1|p1ch1pichi|n|1123
|player|p2|marillrag1|2|1133
|gen|9
|tier|[Gen 9 Champions] VGC 2026 Reg M-B (Bo3)
|rated|
|rule|Species Clause: Limit one of each Pokémon
|rule|Item Clause: Limit 1 of each item
|clearpoke
|poke|p1|Raichu, L50, M, shiny|
|poke|p1|Meganium, L50, M, shiny|
|poke|p1|Pelipper, L50, M|
|poke|p1|Archaludon, L50, M|
|poke|p1|Sableye, L50, M|
|poke|p1|Basculegion, L50, M|
|poke|p2|Delphox, L50, M|
|poke|p2|Sneasler, L50, M|
|poke|p2|Incineroar, L50, F|
|poke|p2|Sinistcha, L50|
|poke|p2|Kingambit, L50, F|
|poke|p2|Blastoise, L50, M|
|teampreview|4
|showteam|p1|Raichu||RaichuniteX|LightningRod|Protect,FakeOut,VoltSwitch,RisingVoltage|Timid||M|||50|]Meganium||Meganiumite|Overgrow|Protect,SolarBeam,WeatherBall,DazzlingGleam|Modest||M|||50|]Pelipper||FocusSash|Drizzle|Soak,Tailwind,Hurricane,WeatherBall|Timid||M|||50|]Archaludon||Leftovers|Stamina|ElectroShot,FlashCannon,DracoMeteor,Protect|Modest||M|||50|]Sableye||RoseliBerry|Prankster|Quash,Reflect,LightScreen,RainDance|Bold||M|||50|]Basculegion||ChoiceScarf|Adaptability|FlipTurn,WaveCrash,AquaJet,LastRespects|Jolly||M|||50|
|showteam|p2|Delphox||Delphoxite|Blaze|Protect,HeatWave,Psyshock,NastyPlot|Modest||M|||50|]Sneasler||FocusSash|PoisonTouch|PoisonJab,CloseCombat,FakeOut,QuickGuard|Jolly||M|||50|]Incineroar||SitrusBerry|Intimidate|FlareBlitz,FakeOut,PartingShot,HelpingHand|Careful||F|||50|]Sinistcha||ColburBerry|Hospitality|Protect,MatchaGotcha,RagePowder,TrickRoom|Bold|||||50|]Kingambit||LifeOrb|Defiant|Protect,KowtowCleave,SwordsDance,SuckerPunch|Adamant||F|||50|]Blastoise||Blastoisinite|Torrent|Protect,WaterSpout,DarkPulse,ShellSmash|Modest||M|||50|
|inactive|Battle timer is ON: inactive players will automatically lose when time's up. (requested by p1ch1pichi)
|inactive|marillrag1 has 60 seconds left.
|
|t:|1785142453
|teamsize|p1|4
|teamsize|p2|4
|start
|switch|p1a: G4MER67|Sableye, L50, M|100/100
|switch|p1b: High Tide|Basculegion, L50, M|100/100
|switch|p2a: Sneasler|Sneasler, L50, M|100/100
|switch|p2b: Blastoise|Blastoise, L50, M|100/100
|turn|1
|inactive|marillrag1 has 30 seconds left.
|
|t:|1785142482
|detailschange|p2b: Blastoise|Blastoise-Mega, L50, M
|-mega|p2b: Blastoise|Blastoise|Blastoisinite
|move|p1a: G4MER67|Light Screen|p1a: G4MER67
|-sidestart|p1: p1ch1pichi|move: Light Screen
|move|p1b: High Tide|Wave Crash|p2b: Blastoise
|-resisted|p2b: Blastoise|1
|-damage|p2b: Blastoise|60/100
|-damage|p1b: High Tide|89/100|[from] Recoil
|move|p2a: Sneasler|Close Combat|p1b: High Tide
|-immune|p1b: High Tide
|move|p2b: Blastoise|Shell Smash|p2b: Blastoise
|-unboost|p2b: Blastoise|def|1
|-unboost|p2b: Blastoise|spd|1
|-boost|p2b: Blastoise|atk|2
|-boost|p2b: Blastoise|spa|2
|-boost|p2b: Blastoise|spe|2
|
|upkeep
|turn|2
|inactive|marillrag1 has 30 seconds left.
|
|t:|1785142515
|move|p2a: Sneasler|Quick Guard|p2a: Sneasler
|-singleturn|p2a: Sneasler|Quick Guard
|move|p1a: G4MER67|Quash|p2b: Blastoise
|-activate|p2b: Blastoise|move: Quick Guard
|move|p2b: Blastoise|Dark Pulse|p1b: High Tide
|-supereffective|p1b: High Tide|1
|-damage|p1b: High Tide|0 fnt
|faint|p1b: High Tide
|
|upkeep
|
|t:|1785142524
|switch|p1b: Bougainville|Meganium, L50, M, shiny|100/100
|turn|3
|inactive|marillrag1 has 30 seconds left.
|
|t:|1785142553
|detailschange|p1b: Bougainville|Meganium-Mega, L50, M, shiny
|-mega|p1b: Bougainville|Meganium|Meganiumite
|move|p2b: Blastoise|Protect|p2b: Blastoise
|-singleturn|p2b: Blastoise|Protect
|move|p1a: G4MER67|Quash|p2a: Sneasler
|-activate|p2a: Sneasler|move: Quash
|move|p1b: Bougainville|Solar Beam||[still]
|-prepare|p1b: Bougainville|Solar Beam
|-activate|p1b: Bougainville|ability: Mega Sol
|-anim|p1b: Bougainville|Solar Beam|p2b: Blastoise
|-activate|p2b: Blastoise|move: Protect
|move|p2a: Sneasler|Poison Jab|p1b: Bougainville
|-supereffective|p1b: Bougainville|2
|-damage|p1b: Bougainville|0 fnt
|faint|p1b: Bougainville
|
|upkeep
|
|t:|1785142567
|switch|p1b: San Juanico|Archaludon, L50, M|100/100
|turn|4
|
|t:|1785142573
|move|p1b: San Juanico|Protect|p1b: San Juanico
|-singleturn|p1b: San Juanico|Protect
|move|p2a: Sneasler|Quick Guard|p2a: Sneasler
|-singleturn|p2a: Sneasler|Quick Guard
|move|p1a: G4MER67|Reflect|p1a: G4MER67
|-sidestart|p1: p1ch1pichi|Reflect
|move|p2b: Blastoise|Dark Pulse|p1b: San Juanico
|-activate|p1b: San Juanico|move: Protect
|
|upkeep
|turn|5
|
|t:|1785142584
|move|p2a: Sneasler|Quick Guard|p2a: Sneasler
|-singleturn|p2a: Sneasler|Quick Guard
|move|p1a: G4MER67|Rain Dance|p1a: G4MER67
|-weather|RainDance
|move|p2b: Blastoise|Dark Pulse|p1b: San Juanico
|-damage|p1b: San Juanico|37/100
|-ability|p1b: San Juanico|Stamina|boost
|-boost|p1b: San Juanico|def|1
|move|p1b: San Juanico|Electro Shot||[still]
|-prepare|p1b: San Juanico|Electro Shot
|-boost|p1b: San Juanico|spa|1
|-anim|p1b: San Juanico|Electro Shot|p2b: Blastoise
|-supereffective|p2b: Blastoise|1
|-damage|p2b: Blastoise|0 fnt
|faint|p2b: Blastoise
|
|-weather|RainDance|[upkeep]
|-heal|p1b: San Juanico|43/100|[from] item: Leftovers
|-sideend|p1: p1ch1pichi|move: Light Screen
|upkeep
|
|t:|1785142594
|switch|p2b: Sinistcha|Sinistcha, L50|100/100
|turn|6
|
|t:|1785142614
|move|p2b: Sinistcha|Rage Powder|p2b: Sinistcha
|-singleturn|p2b: Sinistcha|move: Rage Powder
|move|p1a: G4MER67|Quash||[still]
|-fail|p1a: G4MER67
|move|p2a: Sneasler|Close Combat|p1b: San Juanico
|-supereffective|p1b: San Juanico|1
|-damage|p1b: San Juanico|4/100
|-unboost|p2a: Sneasler|def|1
|-unboost|p2a: Sneasler|spd|1
|-ability|p1b: San Juanico|Stamina|boost
|-boost|p1b: San Juanico|def|1
|move|p1b: San Juanico|Draco Meteor|p2b: Sinistcha
|-damage|p2b: Sinistcha|6/100
|-unboost|p1b: San Juanico|spa|2
|
|-weather|RainDance|[upkeep]
|-heal|p1b: San Juanico|10/100|[from] item: Leftovers
|upkeep
|turn|7
|inactive|p1ch1pichi has 30 seconds left.
|
|t:|1785142646
|move|p1b: San Juanico|Protect|p1b: San Juanico
|-singleturn|p1b: San Juanico|Protect
|move|p2b: Sinistcha|Rage Powder|p2b: Sinistcha
|-singleturn|p2b: Sinistcha|move: Rage Powder
|move|p1a: G4MER67|Quash||[still]
|-fail|p1a: G4MER67
|move|p2a: Sneasler|Close Combat|p1b: San Juanico
|-activate|p1b: San Juanico|move: Protect
|
|-weather|RainDance|[upkeep]
|-heal|p1b: San Juanico|16/100|[from] item: Leftovers
|upkeep
|turn|8
|
|t:|1785142664
|move|p2b: Sinistcha|Rage Powder|p2b: Sinistcha
|-singleturn|p2b: Sinistcha|move: Rage Powder
|move|p1a: G4MER67|Light Screen|p1a: G4MER67
|-sidestart|p1: p1ch1pichi|move: Light Screen
|move|p2a: Sneasler|Close Combat|p1b: San Juanico
|-supereffective|p1b: San Juanico|1
|-damage|p1b: San Juanico|0 fnt
|-unboost|p2a: Sneasler|def|1
|-unboost|p2a: Sneasler|spd|1
|faint|p1b: San Juanico
|
|-weather|RainDance|[upkeep]
|-sideend|p1: p1ch1pichi|Reflect
|upkeep
|turn|9
|-message|p1ch1pichi forfeited.
|
|win|marillrag1
||marillrag1 is ready for game 3.
||p1ch1pichi is ready for game 3.
|uhtml|next|Next: Game 3 of 3
