|j|☆new mental
|j|☆The Yegorushhka
|html|new mentalThe Yegorushhka    
|uhtml|bestof|Game 1 of a best-of-3
|t:|1783260285
|gametype|doubles
|player|p1|new mental|volkner|1194
|player|p2|The Yegorushhka|may-masters2|1148
|gen|9
|tier|[Gen 9 Champions] VGC 2026 Reg M-B (Bo3)
|rated|
|rule|Species Clause: Limit one of each Pokémon
|rule|Item Clause: Limit 1 of each item
|clearpoke
|poke|p1|Aerodactyl, L50, M|
|poke|p1|Garchomp, L50, M|
|poke|p1|Kingambit, L50, F|
|poke|p1|Charizard, L50, F|
|poke|p1|Sylveon, L50, F|
|poke|p1|Farigiraf, L50, M|
|poke|p2|Floette-Eternal, L50, F|
|poke|p2|Chandelure, L50, F|
|poke|p2|Hydreigon, L50, F|
|poke|p2|Incineroar, L50, M|
|poke|p2|Whimsicott, L50, M|
|poke|p2|Maushold, L50|
|teampreview|4
|showteam|p1|Aerodactyl||Aerodactylite|Unnerve|IceFang,RockSlide,Tailwind,DualWingbeat|Jolly||M|||50|]Garchomp||LifeOrb|RoughSkin|DragonClaw,StompingTantrum,Earthquake,Protect|Jolly||M|||50|]Kingambit||FocusSash|Defiant|SuckerPunch,KowtowCleave,IronHead,LowKick|Adamant||F|||50|]Charizard||CharizarditeY|SolarPower|Protect,HeatWave,SolarBeam,WeatherBall|Timid||F|||50|]Sylveon||FairyFeather|Pixilate|Protect,HyperVoice,HyperBeam,QuickAttack|Modest||F|||50|]Farigiraf||SitrusBerry|ArmorTail|TrickRoom,Thunderbolt,Psychic,Roar|Bold||M|||50|
|showteam|p2|Floette-Eternal||Floettite|FlowerVeil|DrainingKiss,DazzlingGleam,CalmMind,Protect|Modest||F|||50|]Chandelure||Chandelurite|FlashFire|HeatWave,ShadowBall,TrickRoom,Protect|Modest||F|||50|]Hydreigon||ChoiceScarf|Levitate|DracoMeteor,DarkPulse,Snarl,EarthPower|Modest||F|||50|]Incineroar||PasshoBerry|Intimidate|FakeOut,PartingShot,FlareBlitz,HelpingHand|Impish||M|||50|]Whimsicott||FocusSash|Prankster|Moonblast,Tailwind,Encore,Protect|Timid||M|||50|]Maushold||ChopleBerry|FriendGuard|SuperFang,AfterYou,FollowMe,Protect|Timid|||||50|
|inactive|Battle timer is ON: inactive players will automatically lose when time's up. (requested by The Yegorushhka)
|inactive|The Yegorushhka has 60 seconds left.
|
|t:|1783260317
|teamsize|p1|4
|teamsize|p2|4
|start
|switch|p1a: Sylveon|Sylveon, L50, F|100/100
|switch|p1b: Farigiraf|Farigiraf, L50, M|100/100
|switch|p2a: kuy-kurarin|Floette-Eternal, L50, F|100/100
|switch|p2b: Whimsicott|Whimsicott, L50, M|100/100
|turn|1
|
|t:|1783260334
|detailschange|p2a: kuy-kurarin|Floette-Mega, L50, F
|-mega|p2a: kuy-kurarin|Floette|Floettite
|-ability|p2a: kuy-kurarin|Fairy Aura
|move|p2b: Whimsicott|Moonblast|p1b: Farigiraf
|-damage|p1b: Farigiraf|53/100
|move|p2a: kuy-kurarin|Dazzling Gleam|p1a: Sylveon|[spread] p1a,p1b
|-damage|p1a: Sylveon|57/100
|-damage|p1b: Farigiraf|4/100
|-enditem|p1b: Farigiraf|Sitrus Berry|[eat]
|-heal|p1b: Farigiraf|29/100|[from] item: Sitrus Berry
|move|p1a: Sylveon|Hyper Voice|p2a: kuy-kurarin|[spread] p2a,p2b
|-damage|p2a: kuy-kurarin|52/100
|-damage|p2b: Whimsicott|5/100
|move|p1b: Farigiraf|Trick Room|p1b: Farigiraf
|-fieldstart|move: Trick Room|[of] p1b: Farigiraf
|
|upkeep
|turn|2
|
|t:|1783260356
|switch|p2a: Incineroar|Incineroar, L50, M|100/100
|-ability|p2a: Incineroar|Intimidate|boost
|-unboost|p1a: Sylveon|atk|1
|-unboost|p1b: Farigiraf|atk|1
|move|p2b: Whimsicott|Protect|p2b: Whimsicott
|-singleturn|p2b: Whimsicott|Protect
|move|p1b: Farigiraf|Psychic|p2a: Incineroar
|-immune|p2a: Incineroar
|move|p1a: Sylveon|Hyper Voice|p2b: Whimsicott|[spread] p2a
|-activate|p2b: Whimsicott|move: Protect
|-damage|p2a: Incineroar|61/100
|
|upkeep
|turn|3
|inactive|The Yegorushhka has 30 seconds left.
|
|t:|1783260388
|switch|p1a: Aerodactyl|Aerodactyl, L50, M|100/100
|-ability|p1a: Aerodactyl|Unnerve
|move|p1b: Farigiraf|Psychic|p2b: Whimsicott
|-damage|p2b: Whimsicott|0 fnt
|faint|p2b: Whimsicott
|move|p2a: Incineroar|Flare Blitz|p1a: Aerodactyl
|-resisted|p1a: Aerodactyl|1
|-damage|p1a: Aerodactyl|69/100
|-damage|p2a: Incineroar|52/100|[from] Recoil
|
|upkeep
|
|t:|1783260395
|switch|p2b: kuy-kurarin|Floette-Mega, L50, F|52/100
|-ability|p2b: kuy-kurarin|Fairy Aura
|turn|4
|
|t:|1783260403
|detailschange|p1a: Aerodactyl|Aerodactyl-Mega, L50, M
|-mega|p1a: Aerodactyl|Aerodactyl|Aerodactylite
|move|p2a: Incineroar|Helping Hand|p2b: kuy-kurarin
|-singleturn|p2b: kuy-kurarin|Helping Hand|[of] p2a: Incineroar
|move|p1b: Farigiraf|Psychic|p2b: kuy-kurarin
|-damage|p2b: kuy-kurarin|23/100
|move|p2b: kuy-kurarin|Dazzling Gleam|p1b: Farigiraf|[spread] p1a,p1b
|-damage|p1a: Aerodactyl|0 fnt
|-damage|p1b: Farigiraf|0 fnt
|faint|p1a: Aerodactyl
|faint|p1b: Farigiraf
|
|upkeep
|
|t:|1783260406
|switch|p1b: Kingambit|Kingambit, L50, F|100/100
|switch|p1a: Sylveon|Sylveon, L50, F|57/100
|turn|5
|inactive|new mental has 30 seconds left.
|inactive|The Yegorushhka has 30 seconds left.
|
|t:|1783260444
|move|p2b: kuy-kurarin|Protect|p2b: kuy-kurarin
|-singleturn|p2b: kuy-kurarin|Protect
|move|p2a: Incineroar|Flare Blitz|p1b: Kingambit
|-supereffective|p1b: Kingambit|1
|-damage|p1b: Kingambit|11/100
|-damage|p2a: Incineroar|27/100|[from] Recoil
|move|p1a: Sylveon|Hyper Voice|p2b: kuy-kurarin|[spread] p2a
|-activate|p2b: kuy-kurarin|move: Protect
|-damage|p2a: Incineroar|0 fnt
|faint|p2a: Incineroar
|move|p1b: Kingambit|Low Kick|p2b: kuy-kurarin
|-activate|p2b: kuy-kurarin|move: Protect
|
|-fieldend|move: Trick Room
|upkeep
|
|t:|1783260446
|switch|p2a: Hydreigon|Hydreigon, L50, F|100/100
|turn|6
|
|t:|1783260465
|move|p1b: Kingambit|Sucker Punch|p2b: kuy-kurarin
|-resisted|p2b: kuy-kurarin|1
|-damage|p2b: kuy-kurarin|1/100
|move|p2a: Hydreigon|Earth Power|p1a: Sylveon
|-damage|p1a: Sylveon|32/100
|move|p2b: kuy-kurarin|Dazzling Gleam|p1b: Kingambit|[spread] p1a,p1b
|-damage|p1a: Sylveon|0 fnt
|-damage|p1b: Kingambit|0 fnt
|faint|p1a: Sylveon
|faint|p1b: Kingambit
|
|win|The Yegorushhka
||The Yegorushhka is ready for game 2.
|l|☆The Yegorushhka
|player|p2|
|inactive|new mental has 30 seconds to confirm battle start!
||new mental is ready for game 2.
|uhtml|next|Next: Game 2 of 3
