|j|☆Iceriderplayer370
|j|☆Jasondddd
|html|Iceriderplayer370Jasondddd    
|uhtml|bestof|Game 2 of a best-of-3
|t:|1754798154
|gametype|doubles
|player|p1|Iceriderplayer370|wattson|1324
|player|p2|Jasondddd|266|1340
|gen|9
|tier|[Gen 9] VGC 2025 Reg H (Bo3)
|rated|
|rule|Species Clause: Limit one of each Pokémon
|rule|Item Clause: Limit 1 of each item
|clearpoke
|poke|p1|Ursaluna, L50, F|
|poke|p1|Kilowattrel, L50, F|
|poke|p1|Gholdengo, L50|
|poke|p1|Incineroar, L50, F|
|poke|p1|Amoonguss, L50, F|
|poke|p1|Porygon2, L50|
|poke|p2|Volcarona, L50, F|
|poke|p2|Electabuzz, L50, M|
|poke|p2|Kingambit, L50, M|
|poke|p2|Sneasler, L50, F|
|poke|p2|Rillaboom, L50, M|
|poke|p2|Basculegion, L50, M|
|teampreview|4
|showteam|p1|Ursaluna||FlameOrb|Guts|Facade,HeadlongRush,Earthquake,Protect|||F|||50|,,,,,Fairy]Kilowattrel||FocusSash|Competitive|Thunderbolt,AirSlash,Tailwind,Protect|||F|||50|,,,,,Ghost]Gholdengo||LifeOrb|GoodasGold|MakeItRain,ShadowBall,NastyPlot,Protect||||||50|,,,,,Flying]Incineroar||SafetyGoggles|Intimidate|KnockOff,FlareBlitz,PartingShot,FakeOut|||F|||50|,,,,,Grass]Amoonguss||SitrusBerry|Regenerator|Spore,RagePowder,SludgeBomb,Protect|||F|||50|,,,,,Psychic]Porygon2||Eviolite|Download|TeraBlast,IceBeam,Recover,TrickRoom||||||50|,,,,,Fighting
|showteam|p2|Volcarona||CovertCloak|FlameBody|Protect,QuiverDance,HeatWave,TeraBlast|||F|||50|,,,,,Fairy]Electabuzz||Eviolite|VitalSpirit|Protect,Thunderbolt,Taunt,FollowMe|||M|||50|,,,,,Dragon]Kingambit||SafetyGoggles|Defiant|Protect,SwordsDance,SuckerPunch,KowtowCleave|||M|||50|,,,,,Dark]Sneasler||FocusSash|Unburden|FakeOut,DireClaw,Protect,CloseCombat|||F|||50|,,,,,Ghost]Rillaboom||AssaultVest|GrassySurge|FakeOut,GrassyGlide,WoodHammer,Uturn|||M|||50|,,,,,Fire]Basculegion||ChoiceScarf|Adaptability|FlipTurn,AquaJet,LastRespects,WaveCrash|||M|||50|,,,,,Fairy
|inactive|Battle timer is ON: inactive players will automatically lose when time's up. (requested by Iceriderplayer370)
|j| danni2d
|
|t:|1754798179
|teamsize|p1|4
|teamsize|p2|4
|start
|switch|p1a: Big Bird|Kilowattrel, L50, F|100/100
|switch|p1b: Cocaine bear|Ursaluna, L50, F|100/100
|switch|p2a: Volcarona|Volcarona, L50, F|100/100
|switch|p2b: Kingambit|Kingambit, L50, M|100/100
|turn|1
|
|t:|1754798194
|-terastallize|p2b: Kingambit|Dark
|move|p1a: Big Bird|Thunderbolt|p2b: Kingambit
|-damage|p2b: Kingambit|57/100
|move|p2a: Volcarona|Heat Wave|p1b: Cocaine bear|[spread] p1a,p1b
|-damage|p1a: Big Bird|26/100
|-damage|p1b: Cocaine bear|59/100
|move|p1b: Cocaine bear|Earthquake|p2b: Kingambit|[spread] p2a,p2b
|-immune|p1a: Big Bird
|-damage|p2a: Volcarona|44/100
|-damage|p2b: Kingambit|23/100
|move|p2b: Kingambit|Swords Dance|p2b: Kingambit
|-boost|p2b: Kingambit|atk|2
|
|-status|p1b: Cocaine bear|brn|[from] item: Flame Orb
|upkeep
|turn|2
|inactive|Jasondddd has 30 seconds left.
|
|t:|1754798222
|switch|p2a: Sneasler|Sneasler, L50, F|100/100
|move|p2b: Kingambit|Protect|p2b: Kingambit
|-singleturn|p2b: Kingambit|Protect
|move|p1a: Big Bird|Thunderbolt|p2b: Kingambit
|-activate|p2b: Kingambit|move: Protect
|move|p1b: Cocaine bear|Facade|p2a: Sneasler
|-crit|p2a: Sneasler
|-enditem|p2a: Sneasler|Focus Sash
|-damage|p2a: Sneasler|1/100
|
|-damage|p1b: Cocaine bear|54/100 brn|[from] brn
|upkeep
|turn|3
|
|t:|1754798246
|switch|p1b: LeBron|Incineroar, L50, F, shiny|100/100
|-ability|p1b: LeBron|Intimidate|boost
|-unboost|p2a: Sneasler|atk|1
|-unboost|p2b: Kingambit|atk|1
|-ability|p2b: Kingambit|Defiant|boost
|-boost|p2b: Kingambit|atk|2
|move|p1a: Big Bird|Protect|p1a: Big Bird
|-singleturn|p1a: Big Bird|Protect
|move|p2b: Kingambit|Sucker Punch||[still]
|-fail|p2b: Kingambit
|move|p2a: Sneasler|Dire Claw|p1a: Big Bird
|-activate|p1a: Big Bird|move: Protect
|
|upkeep
|turn|4
|inactive|Jasondddd has 30 seconds left.
|
|t:|1754798275
|move|p2a: Sneasler|Protect|p2a: Sneasler
|-singleturn|p2a: Sneasler|Protect
|move|p1b: LeBron|Fake Out|p2b: Kingambit
|-damage|p2b: Kingambit|14/100
|move|p1a: Big Bird|Tailwind|p1a: Big Bird
|-sidestart|p1: Iceriderplayer370|move: Tailwind
|cant|p2b: Kingambit|flinch
|
|upkeep
|turn|5
|
|t:|1754798290
|move|p2b: Kingambit|Sucker Punch|p1b: LeBron
|-resisted|p1b: LeBron
|-damage|p1b: LeBron|35/100
|move|p1a: Big Bird|Thunderbolt|p2a: Sneasler
|-damage|p2a: Sneasler|0 fnt
|faint|p2a: Sneasler
|move|p1b: LeBron|Flare Blitz|p2b: Kingambit
|-damage|p2b: Kingambit|0 fnt
|faint|p2b: Kingambit
|-damage|p1b: LeBron|30/100|[from] Recoil
|
|upkeep
|
|t:|1754798303
|switch|p2a: Electabuzz|Electabuzz, L50, M|100/100
|switch|p2b: Volcarona|Volcarona, L50, F|44/100
|turn|6
|
|t:|1754798317
|move|p2a: Electabuzz|Follow Me|p2a: Electabuzz
|-singleturn|p2a: Electabuzz|move: Follow Me
|move|p1a: Big Bird|Thunderbolt|p2a: Electabuzz
|-resisted|p2a: Electabuzz
|-damage|p2a: Electabuzz|84/100
|move|p1b: LeBron|Knock Off|p2a: Electabuzz
|-damage|p2a: Electabuzz|44/100
|-enditem|p2a: Electabuzz|Eviolite|[from] move: Knock Off|[of] p1b: LeBron
|move|p2b: Volcarona|Quiver Dance|p2b: Volcarona
|-boost|p2b: Volcarona|spa|1
|-boost|p2b: Volcarona|spd|1
|-boost|p2b: Volcarona|spe|1
|
|upkeep
|turn|7
|
|t:|1754798337
|move|p2b: Volcarona|Protect|p2b: Volcarona
|-singleturn|p2b: Volcarona|Protect
|move|p2a: Electabuzz|Protect|p2a: Electabuzz
|-singleturn|p2a: Electabuzz|Protect
|move|p1a: Big Bird|Thunderbolt|p2b: Volcarona
|-activate|p2b: Volcarona|move: Protect
|move|p1b: LeBron|Flare Blitz|p2a: Electabuzz
|-activate|p2a: Electabuzz|move: Protect
|
|-sideend|p1: Iceriderplayer370|move: Tailwind
|upkeep
|turn|8
|
|t:|1754798355
|move|p2b: Volcarona|Heat Wave|p1b: LeBron|[spread] p1a
|-miss|p2b: Volcarona|p1b: LeBron
|-damage|p1a: Big Bird|0 fnt
|faint|p1a: Big Bird
|move|p2a: Electabuzz|Thunderbolt|p1b: LeBron
|-damage|p1b: LeBron|3/100
|move|p1b: LeBron|Flare Blitz|p2b: Volcarona
|-damage|p2b: Volcarona|0 fnt
|faint|p2b: Volcarona
|-damage|p1b: LeBron|0 fnt|[from] Recoil
|faint|p1b: LeBron
|
|upkeep
|
|t:|1754798359
|switch|p1a: Nokia Brick|Porygon2, L50, shiny|100/100
|switch|p1b: Cocaine bear|Ursaluna, L50, F|54/100 brn
|-ability|p1a: Nokia Brick|Download|boost
|-boost|p1a: Nokia Brick|spa|1
|turn|9
|inactive|Jasondddd has 30 seconds left.
|-message|Jasondddd forfeited.
|raw|Iceriderplayer370's rating: 1324 → 1345(+21 for winning)
|raw|Jasondddd's rating: 1340 → 1319(-21 for losing)
|
|win|Iceriderplayer370
|c|☆Jasondddd|Gg
