|j|☆guilelona
|j|☆Raidum
|html|guilelonaRaidum    
|uhtml|bestof|Game 3 of a best-of-3
|t:|1785669287
|gametype|doubles
|player|p1|guilelona|170|1000
|player|p2|Raidum|richboy-gen4|1022
|gen|9
|tier|[Gen 9 Champions] VGC 2026 Reg M-B (Bo3)
|rated|
|rule|Species Clause: Limit one of each Pokémon
|rule|Item Clause: Limit 1 of each item
|clearpoke
|poke|p1|Charizard, L50, M|
|poke|p1|Glimmora, L50, M|
|poke|p1|Whimsicott, L50, F|
|poke|p1|Ninetales-Alola, L50, F|
|poke|p1|Kingambit, L50, M|
|poke|p1|Kommo-o, L50, M|
|poke|p2|Staraptor, L50, M|
|poke|p2|Garchomp, L50, M|
|poke|p2|Whimsicott, L50, M|
|poke|p2|Delphox, L50, M|
|poke|p2|Glimmora, L50, M|
|poke|p2|Kingambit, L50, M|
|teampreview|4
|showteam|p1|Charizard||CharizarditeY|Blaze|HeatWave,WeatherBall,SolarBeam,Protect|Modest||M|||50|]Glimmora||Glimmoranite|ToxicDebris|SludgeBomb,PowerGem,EarthPower,SpikyShield|Modest||M|||50|]Whimsicott||FocusSash|Prankster|Moonblast,Tailwind,Encore,Protect|Timid||F|||50|]Ninetales-Alola||NeverMeltIce|SnowWarning|Blizzard,FreezeDry,Disable,Protect|Timid||F|||50|]Kingambit||BlackGlasses|Defiant|KowtowCleave,SuckerPunch,IronHead,Protect|Adamant||M|||50|]Kommo-o||LifeOrb|Overcoat|ClangingScales,AuraSphere,VacuumWave,Protect|Modest||M|||50|
|showteam|p2|Staraptor||Staraptite|Intimidate|Protect,Roost,CloseCombat,BraveBird|Jolly||M|||50|]Garchomp||LifeOrb|RoughSkin|Protect,RockSlide,Earthquake,DragonClaw|Jolly||M|||50|]Whimsicott||OccaBerry|Prankster|Moonblast,Tailwind,Charm,LightScreen|Timid||M|||50|]Delphox||Delphoxite|Magician|Protect,Psychic,HeatWave,Substitute|Timid||M|||50|]Glimmora||FocusSash|ToxicDebris|SpikyShield,SludgeBomb,EarthPower,PowerGem|Timid||M|||50|]Kingambit||ChopleBerry|Defiant|SuckerPunch,LowKick,IronHead,KowtowCleave|Adamant||M|||50|
|
|t:|1785669347
|teamsize|p1|4
|teamsize|p2|4
|start
|switch|p1a: Whimsicott|Whimsicott, L50, F|100/100
|switch|p1b: Kommo-o|Kommo-o, L50, M|100/100
|switch|p2a: Delphox|Delphox, L50, M|100/100
|switch|p2b: Whimsicott|Whimsicott, L50, M|100/100
|turn|1
|
|t:|1785669363
|detailschange|p2a: Delphox|Delphox-Mega, L50, M
|-mega|p2a: Delphox|Delphox|Delphoxite
|move|p1a: Whimsicott|Tailwind|p1a: Whimsicott
|-sidestart|p1: guilelona|move: Tailwind
|move|p1b: Kommo-o|Clanging Scales|p2b: Whimsicott|[spread] p2a
|-immune|p2b: Whimsicott
|-damage|p2a: Delphox|51/100
|-unboost|p1b: Kommo-o|def|1
|-damage|p1b: Kommo-o|90/100|[from] item: Life Orb
|move|p2a: Delphox|Heat Wave|p1b: Kommo-o|[spread] p1a,p1b
|-supereffective|p1a: Whimsicott|1
|-resisted|p1b: Kommo-o|1
|-enditem|p1a: Whimsicott|Focus Sash
|-damage|p1a: Whimsicott|1/100
|-damage|p1b: Kommo-o|66/100
|move|p2b: Whimsicott|Moonblast|p1a: Whimsicott
|-damage|p1a: Whimsicott|0 fnt
|faint|p1a: Whimsicott
|
|upkeep
|
|t:|1785669380
|switch|p1a: Glimmora|Glimmora, L50, M|100/100
|turn|2
|
|t:|1785669408
|switch|p1b: Kingambit|Kingambit, L50, M|100/100
|detailschange|p1a: Glimmora|Glimmora-Mega, L50, M
|-mega|p1a: Glimmora|Glimmora|Glimmoranite
|move|p2b: Whimsicott|Tailwind|p2b: Whimsicott
|-sidestart|p2: Raidum|move: Tailwind
|move|p2a: Delphox|Psychic|p1b: Kingambit
|-immune|p1b: Kingambit
|move|p1a: Glimmora|Power Gem|p2a: Delphox
|-supereffective|p2a: Delphox|1
|-damage|p2a: Delphox|0 fnt
|faint|p2a: Delphox
|
|upkeep
|
|t:|1785669419
|switch|p2a: Garchomp|Garchomp, L50, M|100/100
|turn|3
|
|t:|1785669463
|switch|p2b: Kingambit|Kingambit, L50, M|100/100
|move|p2a: Garchomp|Protect|p2a: Garchomp
|-singleturn|p2a: Garchomp|Protect
|move|p1b: Kingambit|Sucker Punch||[still]
|-fail|p1b: Kingambit
|move|p1a: Glimmora|Sludge Bomb|p2b: Kingambit
|-immune|p2b: Kingambit
|
|upkeep
|turn|4
|
|t:|1785669484
|switch|p2b: Whimsicott|Whimsicott, L50, M|100/100
|move|p1a: Glimmora|Spiky Shield|p1a: Glimmora
|-singleturn|p1a: Glimmora|move: Protect
|move|p1b: Kingambit|Protect|p1b: Kingambit
|-singleturn|p1b: Kingambit|Protect
|move|p2a: Garchomp|Earthquake|p1a: Glimmora|[spread] p2b
|-activate|p1a: Glimmora|move: Protect
|-activate|p1b: Kingambit|move: Protect
|-resisted|p2b: Whimsicott|1
|-damage|p2b: Whimsicott|68/100
|-damage|p2a: Garchomp|90/100|[from] item: Life Orb
|
|-sideend|p1: guilelona|move: Tailwind
|upkeep
|turn|5
|
|t:|1785669501
|switch|p1a: Kommo-o|Kommo-o, L50, M|66/100
|move|p2b: Whimsicott|Light Screen|p2b: Whimsicott
|-sidestart|p2: Raidum|move: Light Screen
|move|p1b: Kingambit|Sucker Punch|p2a: Garchomp
|-damage|p2a: Garchomp|37/100
|-damage|p1b: Kingambit|87/100|[from] ability: Rough Skin|[of] p2a: Garchomp
|move|p2a: Garchomp|Earthquake|p1a: Kommo-o|[spread] p2b,p1a,p1b
|-resisted|p2b: Whimsicott|1
|-supereffective|p1b: Kingambit|1
|-damage|p2b: Whimsicott|36/100
|-damage|p1a: Kommo-o|13/100
|-damage|p1b: Kingambit|0 fnt
|faint|p1b: Kingambit
|-damage|p2a: Garchomp|27/100|[from] item: Life Orb
|
|-sideend|p2: Raidum|move: Tailwind
|upkeep
|
|t:|1785669513
|switch|p1b: Glimmora|Glimmora-Mega, L50, M|100/100
|turn|6
|
|t:|1785669543
|move|p2a: Garchomp|Protect|p2a: Garchomp
|-singleturn|p2a: Garchomp|Protect
|move|p1b: Glimmora|Spiky Shield|p1b: Glimmora
|-singleturn|p1b: Glimmora|move: Protect
|move|p1a: Kommo-o|Vacuum Wave|p2a: Garchomp
|-activate|p2a: Garchomp|move: Protect
|move|p2b: Whimsicott|Moonblast|p1a: Kommo-o
|-supereffective|p1a: Kommo-o|2
|-damage|p1a: Kommo-o|0 fnt
|faint|p1a: Kommo-o
|
|upkeep
|turn|7
|-message|guilelona forfeited.
|
|win|Raidum
|raw|guilelona's rating: 1000 → 1000(+0 for losing)
|raw|Raidum's rating: 1022 → 1056(+34 for winning)
|l|☆guilelona
|player|p1|
|j|☆guilelona
|player|p1|guilelona|170|
|l|☆Raidum
|player|p2|
