|j|☆AsianJezus
|j|☆pressinblades
|html|AsianJezuspressinblades    
|uhtml|bestof|Game 2 of a best-of-3
|t:|1783871962
|gametype|doubles
|player|p1|AsianJezus|giovanni|1098
|player|p2|pressinblades|steven|1141
|gen|9
|tier|[Gen 9 Champions] VGC 2026 Reg M-B (Bo3)
|rated|
|rule|Species Clause: Limit one of each Pokémon
|rule|Item Clause: Limit 1 of each item
|clearpoke
|poke|p1|Staraptor, L50, M|
|poke|p1|Houndstone, L50, F|
|poke|p1|Tyranitar, L50, F|
|poke|p1|Rotom-Wash, L50|
|poke|p1|Excadrill, L50, F|
|poke|p1|Venusaur, L50, M|
|poke|p2|Talonflame, L50, F|
|poke|p2|Garchomp, L50, F, shiny|
|poke|p2|Maushold, L50|
|poke|p2|Gardevoir, L50, F, shiny|
|poke|p2|Hydreigon, L50, M, shiny|
|poke|p2|Metagross, L50, shiny|
|teampreview|4
|showteam|p1|Staraptor||Staraptite|Intimidate|BraveBird,CloseCombat,Tailwind,Protect|Jolly||M|||50|]Houndstone||SitrusBerry|SandRush|LastRespects,WillOWisp,AllySwitch,Protect|Adamant||F|||50|]Tyranitar||ChoiceScarf|SandStream|RockSlide,KnockOff,IcePunch,LowKick|Jolly||F|||50|]Rotom-Wash||Magnet|Levitate|HydroPump,Thunderbolt,VoltSwitch,Protect|Modest|||||50|]Excadrill||FocusSash|SandRush|Earthquake,IronHead,RockSlide,Protect|Adamant||F|||50|]Venusaur||Venusaurite|Chlorophyll|SludgeBomb,EarthPower,SleepPowder,Protect|Modest||M|||50|
|showteam|p2|Talonflame||SharpBeak|GaleWings|Protect,Tailwind,DualWingbeat,QuickGuard|Jolly||F|||50|]Garchomp||LifeOrb|RoughSkin|Protect,RockSlide,Earthquake,DragonClaw|Adamant||F|||50|]Maushold||FocusSash|FriendGuard|Protect,SuperFang,FollowMe,Encore|Timid|||||50|]Gardevoir||Gardevoirite|Telepathy|Protect,TrickRoom,HyperVoice,Psychic|Modest||F|||50|]Hydreigon||ExpertBelt|Levitate|Protect,DracoMeteor,DarkPulse,EarthPower|Modest||M|||50|]Metagross||ColburBerry|ClearBody|Protect,BulletPunch,PsychicFangs,HammerArm|Adamant|||||50|
|inactive|Battle timer is ON: inactive players will automatically lose when time's up. (requested by AsianJezus)
|
|t:|1783872029
|teamsize|p1|4
|teamsize|p2|4
|start
|switch|p1a: Tyranitar|Tyranitar, L50, F|100/100
|switch|p1b: Excadrill|Excadrill, L50, F|100/100
|switch|p2a: Talonflame|Talonflame, L50, F|100/100
|switch|p2b: Metagross|Metagross, L50, shiny|100/100
|-weather|Sandstorm|[from] ability: Sand Stream|[of] p1a: Tyranitar
|turn|1
|inactive|AsianJezus has 30 seconds left.
|
|t:|1783872054
|move|p2a: Talonflame|Protect|p2a: Talonflame
|-singleturn|p2a: Talonflame|Protect
|move|p2b: Metagross|Protect|p2b: Metagross
|-singleturn|p2b: Metagross|Protect
|move|p1b: Excadrill|Earthquake|p2a: Talonflame|[spread] p1a
|-activate|p2a: Talonflame|move: Protect
|-activate|p2b: Metagross|move: Protect
|-supereffective|p1a: Tyranitar|1
|-damage|p1a: Tyranitar|10/100
|move|p1a: Tyranitar|Rock Slide|p2b: Metagross|[spread] 
|-activate|p2a: Talonflame|move: Protect
|-activate|p2b: Metagross|move: Protect
|
|-weather|Sandstorm|[upkeep]
|-damage|p2a: Talonflame|93/100|[from] Sandstorm
|upkeep
|turn|2
|
|t:|1783872076
|move|p1b: Excadrill|Earthquake|p2b: Metagross|[spread] p1a,p2b
|-immune|p2a: Talonflame
|-supereffective|p1a: Tyranitar|1
|-supereffective|p2b: Metagross|1
|-damage|p1a: Tyranitar|0 fnt
|-damage|p2b: Metagross|24/100
|faint|p1a: Tyranitar
|move|p2a: Talonflame|Tailwind|p2a: Talonflame
|-sidestart|p2: pressinblades|move: Tailwind
|move|p2b: Metagross|Hammer Arm|p1b: Excadrill
|-supereffective|p1b: Excadrill|1
|-enditem|p1b: Excadrill|Focus Sash
|-damage|p1b: Excadrill|1/100
|-unboost|p2b: Metagross|spe|1
|
|-weather|Sandstorm|[upkeep]
|-damage|p2a: Talonflame|87/100|[from] Sandstorm
|upkeep
|
|t:|1783872091
|switch|p1a: Staraptor|Staraptor, L50, M|100/100
|-ability|p1a: Staraptor|Intimidate|boost
|-unboost|p2a: Talonflame|atk|1
|-fail|p2b: Metagross|unboost|[from] ability: Clear Body|[of] p2b: Metagross
|turn|3
|
|t:|1783872106
|move|p2a: Talonflame|Dual Wingbeat|p1b: Excadrill
|-resisted|p1b: Excadrill|1
|-damage|p1b: Excadrill|0 fnt
|faint|p1b: Excadrill
|-hitcount|p1: Excadrill|1
|move|p1a: Staraptor|Tailwind|p1a: Staraptor
|-sidestart|p1: AsianJezus|move: Tailwind
|move|p2b: Metagross|Psychic Fangs|p1a: Staraptor
|-damage|p1a: Staraptor|41/100
|
|-weather|Sandstorm|[upkeep]
|-damage|p2a: Talonflame|81/100|[from] Sandstorm
|-damage|p1a: Staraptor|35/100|[from] Sandstorm
|upkeep
|
|t:|1783872116
|switch|p1b: Houndstone|Houndstone, L50, F|100/100
|turn|4
|
|t:|1783872141
|move|p2b: Metagross|Bullet Punch|p1b: Houndstone
|-damage|p1b: Houndstone|79/100
|move|p1b: Houndstone|Last Respects|p2b: Metagross
|-supereffective|p2b: Metagross|1
|-damage|p2b: Metagross|0 fnt
|faint|p2b: Metagross
|move|p2a: Talonflame|Dual Wingbeat|p1a: Staraptor
|-damage|p1a: Staraptor|19/100
|-damage|p1a: Staraptor|4/100
|-hitcount|p1a: Staraptor|2
|move|p1a: Staraptor|Brave Bird|p2a: Talonflame
|-damage|p2a: Talonflame|18/100
|-damage|p1a: Staraptor|0 fnt|[from] Recoil
|faint|p1a: Staraptor
|
|-weather|Sandstorm|[upkeep]
|-damage|p2a: Talonflame|12/100|[from] Sandstorm
|upkeep
|inactive|pressinblades has 30 seconds left.
|
|t:|1783872168
|switch|p2b: Gardevoir|Gardevoir, L50, F, shiny|100/100
|turn|5
|
|t:|1783872176
|move|p1b: Houndstone|Protect|p1b: Houndstone
|-singleturn|p1b: Houndstone|Protect
|move|p2b: Gardevoir|Protect|p2b: Gardevoir
|-singleturn|p2b: Gardevoir|Protect
|move|p2a: Talonflame|Dual Wingbeat|p1b: Houndstone
|-activate|p1b: Houndstone|move: Protect
|
|-weather|none
|-sideend|p2: pressinblades|move: Tailwind
|upkeep
|turn|6
|
|t:|1783872187
|switch|p2b: Maushold|Maushold, L50|100/100
|move|p1b: Houndstone|Last Respects|p2b: Maushold
|-immune|p2b: Maushold
|move|p2a: Talonflame|Dual Wingbeat|p1b: Houndstone|[miss]
|-miss|p2a: Talonflame|p1b: Houndstone
|
|-sideend|p1: AsianJezus|move: Tailwind
|upkeep
|turn|7
|
|t:|1783872203
|move|p2a: Talonflame|Dual Wingbeat|p1b: Houndstone
|-damage|p1b: Houndstone|67/100
|-damage|p1b: Houndstone|56/100
|-hitcount|p1b: Houndstone|2
|move|p2b: Maushold|Encore|p1b: Houndstone
|-start|p1b: Houndstone|Encore
|move|p1b: Houndstone|Last Respects|p2b: Maushold
|-immune|p2b: Maushold
|
|upkeep
|turn|8
|
|t:|1783872215
|move|p2b: Maushold|Follow Me|p2b: Maushold
|-singleturn|p2b: Maushold|move: Follow Me
|move|p2a: Talonflame|Dual Wingbeat|p1b: Houndstone
|-damage|p1b: Houndstone|45/100
|-enditem|p1b: Houndstone|Sitrus Berry|[eat]
|-heal|p1b: Houndstone|70/100|[from] item: Sitrus Berry
|-damage|p1b: Houndstone|58/100
|-hitcount|p1b: Houndstone|2
|move|p1b: Houndstone|Last Respects|p2b: Maushold
|-immune|p2b: Maushold
|
|upkeep
|turn|9
|
|t:|1783872230
|switch|p2a: Gardevoir|Gardevoir, L50, F, shiny|100/100
|move|p2b: Maushold|Follow Me|p2b: Maushold
|-singleturn|p2b: Maushold|move: Follow Me
|move|p1b: Houndstone|Last Respects|p2b: Maushold
|-immune|p2b: Maushold
|
|-end|p1b: Houndstone|Encore
|upkeep
|turn|10
|inactive|AsianJezus has 30 seconds left.
|
|t:|1783872258
|detailschange|p2a: Gardevoir|Gardevoir-Mega, L50, F, shiny
|-mega|p2a: Gardevoir|Gardevoir|Gardevoirite
|move|p2b: Maushold|Follow Me|p2b: Maushold
|-singleturn|p2b: Maushold|move: Follow Me
|move|p2a: Gardevoir|Hyper Voice|p1b: Houndstone
|-damage|p1b: Houndstone|0 fnt
|faint|p1b: Houndstone
|
|win|pressinblades
