|j|☆Qnibi
|j|☆Theaminus
|html|QnibiTheaminus    
|uhtml|bestof|Game 1 of a best-of-3
|t:|1783803609
|gametype|doubles
|player|p1|Qnibi|wallace|
|player|p2|Theaminus|101|
|gen|9
|tier|[Gen 9 Champions] VGC 2026 Reg M-B (Bo3)
|rule|Species Clause: Limit one of each Pokémon
|rule|Item Clause: Limit 1 of each item
|clearpoke
|poke|p1|Dragalge, L50, F|
|poke|p1|Skarmory, L50, M|
|poke|p1|Heliolisk, L50, M|
|poke|p1|Sinistcha-Masterpiece, L50|
|poke|p1|Incineroar, L50, F|
|poke|p1|Mudsdale, L50, M|
|poke|p2|Swampert, L50, F|
|poke|p2|Maushold-Four, L50|
|poke|p2|Klefki, L50, M, shiny|
|poke|p2|Metagross, L50, shiny|
|poke|p2|Raichu, L50, F|
|poke|p2|Staraptor, L50, M|
|teampreview|4
|showteam|p1|Dragalge||Dragalgite|PoisonPoint|Thunder,DracoMeteor,FlipTurn,Protect|Calm||F|||50|]Skarmory||Skarmorite|WeakArmor|SwordsDance,BraveBird,IronHead,Protect|Brave||M|||50|]Heliolisk||FocusSash|DrySkin|GrassKnot,RainDance,Thunder,Protect|Quiet||M|||50|]Sinistcha-Masterpiece||CobaBerry|Hospitality|RagePowder,TrickRoom,MatchaGotcha,LifeDew|Relaxed|||||50|]Incineroar||SitrusBerry|Blaze|FakeOut,PartingShot,Protect,WillOWisp|Careful||F|||50|]Mudsdale||Leftovers|OwnTempo|HighHorsepower,IronDefense,BodyPress,Protect|Careful||M|||50|
|showteam|p2|Swampert||Swampertite|Damp|IcePunch,StompingTantrum,WaveCrash,Protect|Adamant||F|||50|]Maushold-Four||WideLens|Technician|PopulationBomb,Charm,Protect,FollowMe|Jolly|||||50|]Klefki||DampRock|Prankster|RainDance,FlashCannon,Protect,ThunderWave|Bold||M|||50|]Metagross||OccaBerry|ClearBody|PsychicFangs,Protect,BulletPunch,StompingTantrum|Adamant|||||50|]Raichu||ShucaBerry|LightningRod|Charm,FakeOut,Electroweb,VoltSwitch|Hasty||F|||50|]Staraptor||Staraptite|Intimidate|BlazeKick,CloseCombat,BraveBird,Protect|Jolly||M|||50|
|
|t:|1783803662
|teamsize|p1|4
|teamsize|p2|4
|start
|switch|p1a: performative male|Sinistcha-Masterpiece, L50|100/100
|switch|p1b: uwu|Incineroar, L50, F|100/100
|switch|p2a: Maushold|Maushold-Four, L50|100/100
|switch|p2b: Klefki|Klefki, L50, M, shiny|100/100
|turn|1
|
|t:|1783803689
|move|p2b: Klefki|Protect|p2b: Klefki
|-singleturn|p2b: Klefki|Protect
|move|p2a: Maushold|Protect|p2a: Maushold
|-singleturn|p2a: Maushold|Protect
|move|p1b: uwu|Fake Out|p2a: Maushold
|-activate|p2a: Maushold|move: Protect
|move|p1a: performative male|Trick Room|p1a: performative male
|-fieldstart|move: Trick Room|[of] p1a: performative male
|
|upkeep
|turn|2
|
|t:|1783803752
|move|p2b: Klefki|Thunder Wave|p2a: Maushold
|-status|p2a: Maushold|par
|move|p1b: uwu|Will-O-Wisp||[still]
|-fail|p1b: uwu
|move|p1a: performative male|Matcha Gotcha|p2b: Klefki|[spread] p2a,p2b
|-resisted|p2b: Klefki|1
|-damage|p2a: Maushold|67/100 par
|-damage|p2b: Klefki|84/100
|move|p2a: Maushold|Population Bomb|p1b: uwu
|-damage|p1b: uwu|91/100
|-damage|p1b: uwu|82/100
|-crit|p1b: uwu
|-damage|p1b: uwu|69/100
|-damage|p1b: uwu|61/100
|-damage|p1b: uwu|53/100
|-damage|p1b: uwu|46/100
|-enditem|p1b: uwu|Sitrus Berry|[eat]
|-heal|p1b: uwu|70/100|[from] item: Sitrus Berry
|-damage|p1b: uwu|62/100
|-damage|p1b: uwu|53/100
|-damage|p1b: uwu|45/100
|-damage|p1b: uwu|36/100
|-hitcount|p1b: uwu|10
|
|upkeep
|turn|3
|
|t:|1783803823
|move|p2b: Klefki|Protect|p2b: Klefki
|-singleturn|p2b: Klefki|Protect
|move|p1b: uwu|Parting Shot|p2b: Klefki
|-activate|p2b: Klefki|move: Protect
|move|p1a: performative male|Matcha Gotcha|p2b: Klefki|[spread] p2a
|-activate|p2b: Klefki|move: Protect
|-damage|p2a: Maushold|38/100 par
|move|p2a: Maushold|Population Bomb|p1b: uwu
|-damage|p1b: uwu|27/100
|-damage|p1b: uwu|19/100
|-damage|p1b: uwu|11/100
|-damage|p1b: uwu|3/100
|-damage|p1b: uwu|0 fnt
|faint|p1b: uwu
|-hitcount|p1: uwu|5
|
|upkeep
|j| MZMG
|
|t:|1783803841
|switch|p1b: caw caw|Skarmory, L50, M|100/100
|turn|4
|
|t:|1783803867
|detailschange|p1b: caw caw|Skarmory-Mega, L50, M
|-mega|p1b: caw caw|Skarmory|Skarmorite
|move|p1a: performative male|Rage Powder|p1a: performative male
|-singleturn|p1a: performative male|move: Rage Powder
|move|p2a: Maushold|Charm|p1a: performative male
|-unboost|p1a: performative male|atk|2
|move|p2b: Klefki|Flash Cannon|p1a: performative male
|-damage|p1a: performative male|73/100
|move|p1b: caw caw|Swords Dance|p1b: caw caw
|-boost|p1b: caw caw|atk|2
|
|upkeep
|turn|5
|c| MZMG|holy rage powder
|
|t:|1783803898
|move|p1a: performative male|Rage Powder|p1a: performative male
|-singleturn|p1a: performative male|move: Rage Powder
|move|p2a: Maushold|Follow Me|p2a: Maushold
|-singleturn|p2a: Maushold|move: Follow Me
|move|p2b: Klefki|Flash Cannon|p1a: performative male
|-crit|p1a: performative male
|-damage|p1a: performative male|32/100
|move|p1b: caw caw|Iron Head|p2a: Maushold
|-damage|p2a: Maushold|0 fnt
|faint|p2a: Maushold
|
|-fieldend|move: Trick Room
|upkeep
|
|t:|1783803910
|switch|p2a: Staraptor|Staraptor, L50, M|100/100
|-ability|p2a: Staraptor|Intimidate|boost
|-unboost|p1a: performative male|atk|1
|-unboost|p1b: caw caw|atk|1
|turn|6
|
|t:|1783803961
|detailschange|p2a: Staraptor|Staraptor-Mega, L50, M
|-mega|p2a: Staraptor|Staraptor|Staraptite
|move|p2b: Klefki|Thunder Wave|p1b: caw caw
|-status|p1b: caw caw|par
|move|p2a: Staraptor|Blaze Kick|p1a: performative male
|-supereffective|p1a: performative male|1
|-damage|p1a: performative male|0 fnt
|faint|p1a: performative male
|move|p1b: caw caw|Brave Bird|p2a: Staraptor
|-supereffective|p2a: Staraptor|1
|-damage|p2a: Staraptor|0 fnt
|faint|p2a: Staraptor
|-damage|p1b: caw caw|69/100 par|[from] Recoil
|
|upkeep
|
|t:|1783803976
|switch|p2a: Raichu|Raichu, L50, F|100/100
|switch|p1a: poop|Heliolisk, L50, M|100/100
|turn|7
|
|t:|1783804015
|move|p2b: Klefki|Thunder Wave|p2a: Raichu
|-ability|p2a: Raichu|Lightning Rod|boost
|-boost|p2a: Raichu|spa|1
|move|p2a: Raichu|Volt Switch|p1b: caw caw
|-supereffective|p1b: caw caw|1
|-damage|p1b: caw caw|0 fnt
|faint|p1b: caw caw
|move|p1a: poop|Rain Dance|p1a: poop
|-weather|RainDance
|
|-weather|RainDance|[upkeep]
|upkeep
|turn|8
|
|t:|1783804037
|move|p2b: Klefki|Thunder Wave|p2a: Raichu
|-ability|p2a: Raichu|Lightning Rod|boost
|-boost|p2a: Raichu|spa|1
|move|p2a: Raichu|Volt Switch|p1a: poop
|-resisted|p1a: poop|1
|-damage|p1a: poop|65/100
|move|p1a: poop|Thunder|p2a: Raichu
|-activate|p2a: Raichu|ability: Lightning Rod
|-ability|p2a: Raichu|Lightning Rod|boost
|-boost|p2a: Raichu|spa|1
|
|-weather|RainDance|[upkeep]
|-heal|p1a: poop|78/100|[from] ability: Dry Skin
|upkeep
|turn|9
|
|t:|1783804061
|move|p2b: Klefki|Thunder Wave|p2a: Raichu
|-ability|p2a: Raichu|Lightning Rod|boost
|-boost|p2a: Raichu|spa|1
|move|p2a: Raichu|Volt Switch|p1a: poop
|-resisted|p1a: poop|1
|-damage|p1a: poop|28/100
|move|p1a: poop|Grass Knot|p2b: Klefki
|-resisted|p2b: Klefki|1
|-damage|p2b: Klefki|79/100
|
|-weather|RainDance|[upkeep]
|-heal|p1a: poop|40/100|[from] ability: Dry Skin
|upkeep
|turn|10
|
|t:|1783804078
|move|p2a: Raichu|Volt Switch|p1a: poop
|-resisted|p1a: poop|1
|-damage|p1a: poop|0 fnt
|faint|p1a: poop
|
|win|Theaminus
||Qnibi is ready for game 2.
||Theaminus is ready for game 2.
|uhtml|next|Next: Game 2 of 3
|l| MZMG
|l|☆Theaminus
|player|p2|
