|j|☆Kaherr12
|j|☆ruti3131
|html|Kaherr12ruti3131    
|uhtml|bestof|Game 1 of a best-of-3
|t:|1783640023
|gametype|doubles
|player|p1|Kaherr12|ethan|1120
|player|p2|ruti3131|265|1049
|gen|9
|tier|[Gen 9 Champions] VGC 2026 Reg M-B (Bo3)
|rated|
|rule|Species Clause: Limit one of each Pokémon
|rule|Item Clause: Limit 1 of each item
|clearpoke
|poke|p1|Charizard, L50, F|
|poke|p1|Aerodactyl, L50, F|
|poke|p1|Sylveon, L50, M|
|poke|p1|Kingambit, L50, F|
|poke|p1|Farigiraf, L50, F|
|poke|p1|Garchomp, L50, M|
|poke|p2|Drampa, L50, F|
|poke|p2|Torkoal, L50, M|
|poke|p2|Sylveon, L50, F|
|poke|p2|Farigiraf, L50, F|
|poke|p2|Blastoise, L50, M|
|poke|p2|Sinistcha, L50|
|teampreview|4
|showteam|p1|Charizard||CharizarditeY|Blaze|SolarBeam,WeatherBall,HeatWave,Protect|Modest||F|||50|]Aerodactyl||Aerodactylite|Unnerve|DualWingbeat,IceFang,RockSlide,Tailwind|Jolly||F|||50|]Sylveon||FairyFeather|Pixilate|Detect,QuickAttack,HyperBeam,HyperVoice|Modest||M|||50|]Kingambit||FocusSash|Defiant|IronHead,LowKick,KowtowCleave,SuckerPunch|Adamant||F|||50|]Farigiraf||SitrusBerry|ArmorTail|PsychicFangs,Thunderbolt,SunnyDay,TrickRoom|Relaxed||F|||50|]Garchomp||LifeOrb|RoughSkin|Protect,DragonClaw,StompingTantrum,Earthquake|Jolly||M|||50|
|showteam|p2|Drampa||Drampanite|CloudNine|HeatWave,Protect,DracoMeteor,TriAttack|Quiet||F|||50|]Torkoal||HeatRock|Drought|Protect,Eruption,SolarBeam,Amnesia|Sassy||M|||50|]Sylveon||FairyFeather|Pixilate|HyperBeam,HyperVoice,Protect,Moonblast|Relaxed||F|||50|]Farigiraf||Leftovers|ArmorTail|HelpingHand,Thunderbolt,TrickRoom,TwinBeam|Quiet||F|||50|]Blastoise||Blastoisinite|Torrent|FakeOut,WaterSpout,DarkPulse,Protect|Quiet||M|||50|]Sinistcha||SitrusBerry|Hospitality|TrickRoom,MatchaGotcha,LifeDew,RagePowder|Quiet|||||50|
|
|t:|1783640098
|teamsize|p1|4
|teamsize|p2|4
|start
|switch|p1a: Charizard|Charizard, L50, F|100/100
|switch|p1b: Kingambit|Kingambit, L50, F|100/100
|switch|p2a: Farigiraf|Farigiraf, L50, F|100/100
|switch|p2b: Blastoise|Blastoise, L50, M|100/100
|turn|1
|
|t:|1783640127
|detailschange|p1a: Charizard|Charizard-Mega-Y, L50, F
|-mega|p1a: Charizard|Charizard|Charizardite Y
|-weather|SunnyDay|[from] ability: Drought|[of] p1a: Charizard
|detailschange|p2b: Blastoise|Blastoise-Mega, L50, M
|-mega|p2b: Blastoise|Blastoise|Blastoisinite
|move|p2b: Blastoise|Fake Out|p1a: Charizard
|-damage|p1a: Charizard|91/100
|move|p1b: Kingambit|Sucker Punch||[still]
|cant|p2a: Farigiraf|ability: Armor Tail|Sucker Punch|[of] p1b: Kingambit
|cant|p1a: Charizard|flinch
|move|p2a: Farigiraf|Trick Room|p2a: Farigiraf
|-fieldstart|move: Trick Room|[of] p2a: Farigiraf
|
|-weather|SunnyDay|[upkeep]
|upkeep
|turn|2
|
|t:|1783640151
|switch|p2a: Drampa|Drampa, L50, F|100/100
|-ability|p2a: Drampa|Cloud Nine
|switch|p1a: Farigiraf|Farigiraf, L50, F|100/100
|move|p1b: Kingambit|Sucker Punch|p2b: Blastoise
|-crit|p2b: Blastoise
|-damage|p2b: Blastoise|45/100
|move|p2b: Blastoise|Water Spout|p1b: Kingambit|[spread] p1a,p1b
|-damage|p1a: Farigiraf|70/100
|-damage|p1b: Kingambit|65/100
|
|-weather|SunnyDay|[upkeep]
|upkeep
|turn|3
|
|t:|1783640185
|move|p2b: Blastoise|Protect|p2b: Blastoise
|-singleturn|p2b: Blastoise|Protect
|move|p2a: Drampa|Heat Wave|p1a: Farigiraf|[spread] p1a,p1b
|-supereffective|p1b: Kingambit|1
|-damage|p1a: Farigiraf|43/100
|-damage|p1b: Kingambit|0 fnt
|-enditem|p1a: Farigiraf|Sitrus Berry|[eat]
|-heal|p1a: Farigiraf|68/100|[from] item: Sitrus Berry
|faint|p1b: Kingambit
|move|p1a: Farigiraf|Thunderbolt|p2b: Blastoise
|-activate|p2b: Blastoise|move: Protect
|
|-weather|SunnyDay|[upkeep]
|upkeep
|
|t:|1783640192
|switch|p1b: Sylveon|Sylveon, L50, M|100/100
|turn|4
|
|t:|1783640235
|switch|p2b: Farigiraf|Farigiraf, L50, F|100/100
|move|p2a: Drampa|Tri Attack|p1b: Sylveon
|-damage|p1b: Sylveon|59/100
|-status|p1b: Sylveon|frz
|move|p1a: Farigiraf|Thunderbolt|p2b: Farigiraf
|-damage|p2b: Farigiraf|78/100
|cant|p1b: Sylveon|frz
|
|-weather|SunnyDay|[upkeep]
|-heal|p2b: Farigiraf|85/100|[from] item: Leftovers
|upkeep
|turn|5
|
|t:|1783640273
|move|p2b: Farigiraf|Helping Hand|p2a: Drampa
|-singleturn|p2a: Drampa|Helping Hand|[of] p2b: Farigiraf
|cant|p1b: Sylveon|frz
|move|p2a: Drampa|Heat Wave|p1b: Sylveon|[spread] p1a,p1b
|-damage|p1a: Farigiraf|32/100
|-damage|p1b: Sylveon|25/100 frz
|-curestatus|p1b: Sylveon|frz|[msg]
|move|p1a: Farigiraf|Psychic Fangs|p2a: Drampa
|-damage|p2a: Drampa|67/100
|
|-weather|none
|-heal|p2b: Farigiraf|91/100|[from] item: Leftovers
|-fieldend|move: Trick Room
|upkeep
|turn|6
|
|t:|1783640307
|move|p2b: Farigiraf|Helping Hand|p2a: Drampa
|-singleturn|p2a: Drampa|Helping Hand|[of] p2b: Farigiraf
|move|p1b: Sylveon|Hyper Voice|p2a: Drampa|[spread] p2a,p2b
|-supereffective|p2a: Drampa|1
|-damage|p2a: Drampa|0 fnt
|-damage|p2b: Farigiraf|47/100
|faint|p2a: Drampa
|move|p1a: Farigiraf|Thunderbolt|p2b: Farigiraf
|-damage|p2b: Farigiraf|27/100
|
|-heal|p2b: Farigiraf|33/100|[from] item: Leftovers
|upkeep
|
|t:|1783640320
|switch|p2a: Sinistcha|Sinistcha, L50|100/100
|-heal|p2b: Farigiraf|58/100|[from] ability: Hospitality|[of] p2a: Sinistcha
|turn|7
|
|t:|1783640346
|move|p1b: Sylveon|Hyper Voice|p2b: Farigiraf|[spread] p2a,p2b
|-damage|p2a: Sinistcha|48/100
|-damage|p2b: Farigiraf|16/100
|-enditem|p2a: Sinistcha|Sitrus Berry|[eat]
|-heal|p2a: Sinistcha|73/100|[from] item: Sitrus Berry
|move|p2a: Sinistcha|Matcha Gotcha|p1b: Sylveon|[spread] p1a,p1b
|-damage|p1a: Farigiraf|5/100
|-heal|p2a: Sinistcha|93/100|[from] drain|[of] p1a: Farigiraf
|-damage|p1b: Sylveon|3/100
|-heal|p2a: Sinistcha|100/100|[from] drain|[of] p1b: Sylveon
|move|p2b: Farigiraf|Twin Beam|p1b: Sylveon
|-damage|p1b: Sylveon|0 fnt
|faint|p1b: Sylveon
|-hitcount|p1: Sylveon|1
|move|p1a: Farigiraf|Thunderbolt|p2b: Farigiraf
|-damage|p2b: Farigiraf|0 fnt
|faint|p2b: Farigiraf
|
|upkeep
|
|t:|1783640368
|switch|p1b: Charizard|Charizard-Mega-Y, L50, F|91/100
|switch|p2b: Blastoise|Blastoise-Mega, L50, M|45/100
|-weather|SunnyDay|[from] ability: Drought|[of] p1b: Charizard
|turn|8
|
|t:|1783640387
|move|p2b: Blastoise|Fake Out||[still]
|cant|p1a: Farigiraf|ability: Armor Tail|Fake Out|[of] p2b: Blastoise
|move|p1b: Charizard|Weather Ball|p2a: Sinistcha
|-supereffective|p2a: Sinistcha|1
|-damage|p2a: Sinistcha|0 fnt
|faint|p2a: Sinistcha
|move|p1a: Farigiraf|Thunderbolt|p2b: Blastoise
|-supereffective|p2b: Blastoise|1
|-damage|p2b: Blastoise|6/100
|
|-weather|SunnyDay|[upkeep]
|upkeep
|turn|9
|-message|ruti3131 forfeited.
|
|win|Kaherr12
|l|☆ruti3131
|player|p2|
