|j|☆NathanaelW19
|j|☆MrGhost1724
|html|NathanaelW19MrGhost1724    
|uhtml|bestof|Game 2 of a best-of-3
|t:|1782549258
|gametype|doubles
|player|p1|NathanaelW19|dragontamer|1053
|player|p2|MrGhost1724|hilbert|1142
|gen|9
|tier|[Gen 9 Champions] VGC 2026 Reg M-B (Bo3)
|rated|
|rule|Species Clause: Limit one of each Pokémon
|rule|Item Clause: Limit 1 of each item
|clearpoke
|poke|p1|Eelektross, L50, F|
|poke|p1|Whimsicott, L50, F|
|poke|p1|Garchomp, L50, M|
|poke|p1|Basculegion, L50, M|
|poke|p1|Charizard, L50, M|
|poke|p1|Overqwil, L50, M|
|poke|p2|Garchomp, L50, M|
|poke|p2|Rotom-Wash, L50|
|poke|p2|Venusaur, L50, M|
|poke|p2|Delphox, L50, M|
|poke|p2|Sableye, L50, F|
|poke|p2|Kangaskhan, L50, F|
|teampreview|4
|showteam|p1|Eelektross||Eelektrossite|Levitate|Thunderbolt,DragonPulse,Flamethrower,Protect|Modest||F|||50|]Whimsicott||FocusSash|Prankster|Tailwind,Moonblast,Encore,Protect|Timid||F|||50|]Garchomp||LifeOrb|RoughSkin|Earthquake,DragonClaw,RockSlide,Protect|Jolly||M|||50|]Basculegion||ChoiceScarf|Adaptability|LastRespects,AquaJet,WaveCrash,FlipTurn|Jolly||M|||50|]Charizard||CharizarditeY|Blaze|Protect,HeatWave,WeatherBall,SolarBeam|Timid||M|||50|]Overqwil||SitrusBerry|Intimidate|GunkShot,ThroatChop,AcidSpray,Protect|Adamant||M|||50|
|showteam|p2|Garchomp||LifeOrb|RoughSkin|Protect,Earthquake,DragonClaw,RockSlide|Jolly||M|||50|]Rotom-Wash||Leftovers|Levitate|Protect,HydroPump,VoltSwitch,WillOWisp|Calm|||||50|]Venusaur||Venusaurite|Chlorophyll|Protect,GigaDrain,SludgeBomb,EarthPower|Modest||M|||50|]Delphox||Delphoxite|Blaze|Protect,HeatWave,Psychic,NastyPlot|Timid||M|||50|]Sableye||BrightPowder|Prankster|FoulPlay,Quash,Encore,SunnyDay|Careful||F|||50|]Kangaskhan||SilkScarf|Scrappy|FakeOut,LastResort|Adamant||F|||50|
|inactive|Battle timer is ON: inactive players will automatically lose when time's up. (requested by MrGhost1724)
|inactive|NathanaelW19 also wants the timer to be on.
|
|t:|1782549277
|teamsize|p1|4
|teamsize|p2|4
|start
|switch|p1a: Whimsicott|Whimsicott, L50, F|100/100
|switch|p1b: Overqwil|Overqwil, L50, M|100/100
|switch|p2a: Garchomp|Garchomp, L50, M|100/100
|switch|p2b: Kangaskhan|Kangaskhan, L50, F|100/100
|-ability|p1b: Overqwil|Intimidate|boost
|-unboost|p2a: Garchomp|atk|1
|-fail|p2b: Kangaskhan|unboost|Attack|[from] ability: Scrappy|[of] p2b: Kangaskhan
|turn|1
|inactive|NathanaelW19 has 30 seconds left.
|inactive|MrGhost1724 has 30 seconds left.
|inactive|MrGhost1724 has 20 seconds left.
|
|t:|1782549315
|switch|p2a: Sableye|Sableye, L50, F|100/100
|move|p2b: Kangaskhan|Fake Out|p1a: Whimsicott
|-damage|p1a: Whimsicott|68/100
|cant|p1a: Whimsicott|flinch
|move|p1b: Overqwil|Gunk Shot|p2b: Kangaskhan|[miss]
|-miss|p1b: Overqwil|p2b: Kangaskhan
|
|upkeep
|turn|2
|inactive|MrGhost1724 has 30 seconds left.
|
|t:|1782549348
|switch|p2b: Delphox|Delphox, L50, M|100/100
|move|p1a: Whimsicott|Moonblast|p2a: Sableye|[miss]
|-miss|p1a: Whimsicott|p2a: Sableye
|move|p1b: Overqwil|Gunk Shot|p2b: Delphox
|-damage|p2b: Delphox|6/100
|-status|p2b: Delphox|psn
|move|p2a: Sableye|Foul Play|p1b: Overqwil
|-resisted|p1b: Overqwil|1
|-damage|p1b: Overqwil|68/100
|
|-damage|p2b: Delphox|0 fnt|[from] psn
|faint|p2b: Delphox
|upkeep
|
|t:|1782549357
|switch|p2b: Garchomp|Garchomp, L50, M|100/100
|turn|3
|
|t:|1782549368
|move|p1a: Whimsicott|Tailwind|p1a: Whimsicott
|-sidestart|p1: NathanaelW19|move: Tailwind
|move|p2a: Sableye|Encore|p1a: Whimsicott
|-start|p1a: Whimsicott|Encore
|move|p1b: Overqwil|Throat Chop|p2a: Sableye
|-damage|p2a: Sableye|48/100
|-start|p2a: Sableye|Throat Chop|[silent]
|move|p2b: Garchomp|Rock Slide|p1b: Overqwil|[spread] p1a,p1b
|-damage|p1a: Whimsicott|27/100
|-damage|p1b: Overqwil|40/100
|-enditem|p1b: Overqwil|Sitrus Berry|[eat]
|-heal|p1b: Overqwil|65/100|[from] item: Sitrus Berry
|-damage|p2b: Garchomp|90/100|[from] item: Life Orb
|
|upkeep
|turn|4
|
|t:|1782549383
|move|p1a: Whimsicott|Tailwind||[still]
|-fail|p1a: Whimsicott
|move|p1b: Overqwil|Throat Chop|p2a: Sableye
|-damage|p2a: Sableye|0 fnt
|faint|p2a: Sableye
|move|p2b: Garchomp|Dragon Claw|p1a: Whimsicott
|-immune|p1a: Whimsicott
|
|upkeep
|
|t:|1782549386
|switch|p2a: Kangaskhan|Kangaskhan, L50, F|100/100
|turn|5
|
|t:|1782549394
|move|p2a: Kangaskhan|Fake Out|p1b: Overqwil
|-crit|p1b: Overqwil
|-damage|p1b: Overqwil|22/100
|move|p1a: Whimsicott|Tailwind||[still]
|-fail|p1a: Whimsicott
|cant|p1b: Overqwil|flinch
|move|p2b: Garchomp|Dragon Claw|p1b: Overqwil
|-damage|p1b: Overqwil|0 fnt
|faint|p1b: Overqwil
|-damage|p2b: Garchomp|80/100|[from] item: Life Orb
|
|upkeep
|
|t:|1782549404
|switch|p1b: Charizard|Charizard, L50, M|100/100
|turn|6
|
|t:|1782549415
|detailschange|p1b: Charizard|Charizard-Mega-Y, L50, M
|-mega|p1b: Charizard|Charizard|Charizardite Y
|-weather|SunnyDay|[from] ability: Drought|[of] p1b: Charizard
|move|p1a: Whimsicott|Tailwind||[still]
|-fail|p1a: Whimsicott
|move|p1b: Charizard|Weather Ball|p2a: Kangaskhan
|-damage|p2a: Kangaskhan|6/100
|move|p2b: Garchomp|Rock Slide|p1b: Charizard|[spread] p1a,p1b
|-supereffective|p1b: Charizard|2
|-damage|p1a: Whimsicott|0 fnt
|-damage|p1b: Charizard|0 fnt
|faint|p1a: Whimsicott
|faint|p1b: Charizard
|-damage|p2b: Garchomp|71/100|[from] item: Life Orb
|move|p2a: Kangaskhan|Last Resort|p1: Whimsicott|[notarget]
|-fail|p2a: Kangaskhan
|
|-weather|SunnyDay|[upkeep]
|-sideend|p1: NathanaelW19|move: Tailwind
|upkeep
|
|t:|1782549417
|switch|p1b: Garchomp|Garchomp, L50, M|100/100
|turn|7
|
|t:|1782549429
|move|p1b: Garchomp|Dragon Claw|p2b: Garchomp
|-supereffective|p2b: Garchomp|1
|-damage|p2b: Garchomp|0 fnt
|-damage|p1b: Garchomp|87/100|[from] ability: Rough Skin|[of] p2b: Garchomp
|faint|p2b: Garchomp
|-damage|p1b: Garchomp|77/100|[from] item: Life Orb
|move|p2a: Kangaskhan|Last Resort|p1b: Garchomp
|-damage|p1b: Garchomp|0 fnt
|-damage|p2a: Kangaskhan|0 fnt|[from] ability: Rough Skin|[of] p1b: Garchomp
|faint|p1b: Garchomp
|faint|p2a: Kangaskhan
|
|win|MrGhost1724
