|j|☆Polpo Algarve
|j|☆palle synchro
|html|Polpo Algarvepalle synchro    
|uhtml|bestof|Game 1 of a best-of-3
|t:|1756997064
|gametype|doubles
|player|p1|Polpo Algarve|265|1325
|player|p2|palle synchro|volkner|1385
|gen|9
|tier|[Gen 9] VGC 2025 Reg H (Bo3)
|rated|
|rule|Species Clause: Limit one of each Pokémon
|rule|Item Clause: Limit 1 of each item
|clearpoke
|poke|p1|Garchomp, L50, M|
|poke|p1|Gholdengo, L50|
|poke|p1|Corviknight, L50, M|
|poke|p1|Tyranitar, L50, M|
|poke|p1|Incineroar, L50, M|
|poke|p1|Sneasler, L50, M|
|poke|p2|Whimsicott, L50, F|
|poke|p2|Arcanine-Hisui, L50, M|
|poke|p2|Indeedee, L50, M|
|poke|p2|Sneasler, L50, F|
|poke|p2|Ursaluna-Bloodmoon, L50, M|
|poke|p2|Archaludon, L50, F|
|teampreview|4
|showteam|p1|Garchomp||ClearAmulet|RoughSkin|Earthquake,DragonClaw,StompingTantrum,Protect|||M|||50|,,,,,Steel]Gholdengo||LifeOrb|GoodasGold|MakeItRain,ShadowBall,NastyPlot,Protect||||||50|,,,,,Water]Corviknight||CovertCloak|MirrorArmor|BraveBird,Taunt,Roost,Tailwind|||M|||50|,,,,,Dragon]Tyranitar||AssaultVest|SandStream|KnockOff,RockSlide,TeraBlast,LowKick|||M|||50|,,,,,Flying]Incineroar||SitrusBerry|Intimidate|FlareBlitz,WillOWisp,PartingShot,FakeOut|||M|||50|,,,,,Grass]Sneasler||WhiteHerb|Unburden|DireClaw,CloseCombat,Coaching,Protect|||M|||50|,,,,,Ghost
|showteam|p2|Whimsicott||CovertCloak|Prankster|Moonblast,Taunt,Tailwind,FakeTears|||F|||50|,,,,,Water]Arcanine-Hisui||ClearAmulet|Intimidate|RockSlide,FlareBlitz,ExtremeSpeed,Protect|||M|||50|,,,,,Ghost]Indeedee||FocusSash|PsychicSurge|ExpandingForce,TeraBlast,Imprison,TrickRoom|||M|||50|,,,,,Psychic]Sneasler||PsychicSeed|Unburden|CloseCombat,DireClaw,ThroatChop,Protect|||F|||50|,,,,,Dark]Ursaluna-Bloodmoon||LifeOrb|MindsEye|HyperVoice,BloodMoon,EarthPower,Protect|||M|||50|,,,,,Normal]Archaludon||PowerHerb|Stalwart|ElectroShot,DragonPulse,Thunderbolt,Protect|||F|||50|,,,,,Electric
|c|☆palle synchro|no
|c|☆palle synchro|non è giusto
|c|☆Polpo Algarve|ahahhaa
|c|☆Polpo Algarve|vieni su discord?
|c|☆palle synchro|ho provato aarca hisui per 2 partite 2 sand di fila dio stracane
|c|☆palle synchro|arrivo
|
|t:|1756997250
|teamsize|p1|4
|teamsize|p2|4
|start
|switch|p1a: Tyranitar|Tyranitar, L50, M|100/100
|switch|p1b: Corviknight|Corviknight, L50, M|100/100
|switch|p2a: Whimsicott|Whimsicott, L50, F|100/100
|switch|p2b: Ursaluna|Ursaluna-Bloodmoon, L50, M|100/100
|-weather|Sandstorm|[from] ability: Sand Stream|[of] p1a: Tyranitar
|turn|1
|
|t:|1756997290
|-terastallize|p2a: Whimsicott|Water
|-terastallize|p1a: Tyranitar|Flying
|move|p2a: Whimsicott|Taunt|p1b: Corviknight
|-start|p1b: Corviknight|move: Taunt
|move|p2b: Ursaluna|Blood Moon|p1a: Tyranitar
|-damage|p1a: Tyranitar|39/100
|-damage|p2b: Ursaluna|91/100|[from] item: Life Orb
|move|p1a: Tyranitar|Low Kick|p2b: Ursaluna
|-supereffective|p2b: Ursaluna
|-damage|p2b: Ursaluna|26/100
|cant|p1b: Corviknight|move: Taunt|Tailwind
|
|-weather|Sandstorm|[upkeep]
|-damage|p2a: Whimsicott|95/100|[from] Sandstorm
|-damage|p1a: Tyranitar|33/100|[from] Sandstorm
|upkeep
|turn|2
|
|t:|1756997313
|switch|p1a: Garchomp|Garchomp, L50, M|100/100
|move|p2a: Whimsicott|Fake Tears|p1a: Garchomp
|-fail|p1a: Garchomp|unboost|[from] item: Clear Amulet|[of] p1a: Garchomp
|move|p2b: Ursaluna|Hyper Voice|p1b: Corviknight|[spread] p1a,p1b
|-resisted|p1b: Corviknight
|-damage|p1a: Garchomp|46/100
|-damage|p1b: Corviknight|81/100
|-damage|p2b: Ursaluna|17/100|[from] item: Life Orb
|move|p1b: Corviknight|Brave Bird|p2b: Ursaluna
|-damage|p2b: Ursaluna|0 fnt
|faint|p2b: Ursaluna
|-damage|p1b: Corviknight|76/100|[from] Recoil
|
|-weather|Sandstorm|[upkeep]
|-damage|p2a: Whimsicott|89/100|[from] Sandstorm
|upkeep
|
|t:|1756997321
|switch|p2b: Archaludon|Archaludon, L50, F|100/100
|turn|3
|
|t:|1756997335
|move|p1a: Garchomp|Protect|p1a: Garchomp
|-singleturn|p1a: Garchomp|Protect
|move|p2a: Whimsicott|Moonblast|p1a: Garchomp
|-activate|p1a: Garchomp|move: Protect
|move|p2b: Archaludon|Electro Shot||[still]
|-prepare|p2b: Archaludon|Electro Shot
|-boost|p2b: Archaludon|spa|1
|-enditem|p2b: Archaludon|Power Herb
|-anim|p2b: Archaludon|Electro Shot|p1b: Corviknight
|-supereffective|p1b: Corviknight
|-damage|p1b: Corviknight|0 fnt
|faint|p1b: Corviknight
|
|-weather|Sandstorm|[upkeep]
|-damage|p2a: Whimsicott|84/100|[from] Sandstorm
|upkeep
|
|t:|1756997346
|switch|p1b: Sneasler|Sneasler, L50, M|100/100
|turn|4
|
|t:|1756997366
|switch|p1a: Tyranitar|Tyranitar, L50, M, tera:Flying|33/100
|move|p2a: Whimsicott|Tailwind|p2a: Whimsicott
|-sidestart|p2: palle synchro|move: Tailwind
|move|p2b: Archaludon|Dragon Pulse|p1b: Sneasler
|-damage|p1b: Sneasler|6/100
|move|p1b: Sneasler|Close Combat|p2b: Archaludon
|-supereffective|p2b: Archaludon
|-damage|p2b: Archaludon|0 fnt
|-unboost|p1b: Sneasler|def|1
|-unboost|p1b: Sneasler|spd|1
|faint|p2b: Archaludon
|-enditem|p1b: Sneasler|White Herb
|-clearnegativeboost|p1b: Sneasler|[silent]
|
|-weather|Sandstorm|[upkeep]
|-damage|p2a: Whimsicott|78/100|[from] Sandstorm
|-damage|p1b: Sneasler|0 fnt|[from] Sandstorm
|-damage|p1a: Tyranitar|27/100|[from] Sandstorm
|faint|p1b: Sneasler
|upkeep
|
|t:|1756997384
|switch|p1b: Garchomp|Garchomp, L50, M|46/100
|switch|p2b: Sneasler|Sneasler, L50, F|100/100
|turn|5
|
|t:|1756997411
|move|p1b: Garchomp|Protect|p1b: Garchomp
|-singleturn|p1b: Garchomp|Protect
|move|p2a: Whimsicott|Moonblast|p1b: Garchomp
|-activate|p1b: Garchomp|move: Protect
|move|p2b: Sneasler|Dire Claw|p1a: Tyranitar
|-damage|p1a: Tyranitar|0 fnt
|faint|p1a: Tyranitar
|
|-weather|none
|upkeep
|turn|6
|
|t:|1756997421
|move|p2a: Whimsicott|Moonblast|p1b: Garchomp
|-supereffective|p1b: Garchomp
|-damage|p1b: Garchomp|0 fnt
|faint|p1b: Garchomp
|
|win|palle synchro
