|j|☆PumitaNike
|j|☆Bolsa_25
|html|PumitaNikeBolsa_25    
|uhtml|bestof|Game 1 of a best-of-3
|t:|1757088111
|gametype|doubles
|player|p1|PumitaNike|1|1056
|player|p2|Bolsa_25|psychicf|1000
|gen|9
|tier|[Gen 9] VGC 2025 Reg H (Bo3)
|rated|
|rule|Species Clause: Limit one of each Pokémon
|rule|Item Clause: Limit 1 of each item
|clearpoke
|poke|p1|Arcanine-Hisui, L50, M|
|poke|p1|Corviknight, L50, F|
|poke|p1|Electabuzz, L50, M|
|poke|p1|Gastrodon-East, L50, M|
|poke|p1|Rillaboom, L50, F|
|poke|p1|Sneasler, L50, F|
|poke|p2|Gholdengo, L50|
|poke|p2|Magmar, L50, M|
|poke|p2|Dragonite, L50, M|
|poke|p2|Rillaboom, L50, M|
|poke|p2|Annihilape, L50, M|
|poke|p2|Sylveon, L50, F|
|teampreview|4
|showteam|p1|Arcanine-Hisui||ClearAmulet|Intimidate|FlareBlitz,RockSlide,ExtremeSpeed,Protect|||M|||50|,,,,,Ghost]Corviknight||GrassySeed|MirrorArmor|BraveBird,PowerTrip,BulkUp,Roost|||F|||50|,,,,,Dragon]Electabuzz||Eviolite|VitalSpirit|Thunderbolt,Taunt,FollowMe,Protect|||M|||50|,,,,,Ghost]Gastrodon-East||Leftovers|StormDrain|EarthPower,IceBeam,Yawn,Protect|||M|||50|,,,,,Fire]Rillaboom||AssaultVest|GrassySurge|GrassyGlide,WoodHammer,FakeOut,HighHorsepower|||F|||50|,,,,,Fire]Sneasler||FocusSash|Unburden|ThroatChop,FakeOut,CloseCombat,DireClaw|||F|||50|,,,,,Dark
|showteam|p2|Gholdengo||LifeOrb|GoodasGold|Protect,NastyPlot,MakeItRain,ShadowBall||||||50|,,,,,Water]Magmar||Eviolite|VitalSpirit|Taunt,WillOWisp,FollowMe,HeatWave|||M|||50|,,,,,Ghost]Dragonite||LoadedDice|Multiscale|Protect,Haze,Tailwind,ScaleShot|||M|||50|,,,,,Fairy]Rillaboom||AssaultVest|GrassySurge|FakeOut,GrassyGlide,WoodHammer,HighHorsepower|||M|||50|,,,,,Fire]Annihilape||SafetyGoggles|Defiant|Protect,BulkUp,RageFist,DrainPunch|||M|||50|,,,,,Steel]Sylveon||ThroatSpray|Pixilate|TeraBlast,HyperBeam,Protect,BabyDollEyes|||F|||50|,,,,,Water
|inactive|Battle timer is ON: inactive players will automatically lose when time's up. (requested by Bolsa_25)
|inactive|PumitaNike has 60 seconds left.
|inactive|Bolsa_25 has 60 seconds left.
|
|t:|1757088153
|teamsize|p1|4
|teamsize|p2|4
|start
|switch|p1a: Corviknight|Corviknight, L50, F|100/100
|switch|p1b: Sneasler|Sneasler, L50, F|100/100
|switch|p2a: Magmar|Magmar, L50, M|100/100
|switch|p2b: Dragonite|Dragonite, L50, M|100/100
|turn|1
|
|t:|1757088168
|move|p1b: Sneasler|Fake Out|p2a: Magmar
|-damage|p2a: Magmar|88/100
|move|p2b: Dragonite|Scale Shot|p1b: Sneasler
|-damage|p1b: Sneasler|79/100
|-damage|p1b: Sneasler|55/100
|-damage|p1b: Sneasler|32/100
|-damage|p1b: Sneasler|11/100
|-damage|p1b: Sneasler|0 fnt
|faint|p1b: Sneasler
|-hitcount|p1: Sneasler|5
|-unboost|p2b: Dragonite|def|1
|-boost|p2b: Dragonite|spe|1
|cant|p2a: Magmar|flinch
|move|p1a: Corviknight|Bulk Up|p1a: Corviknight
|-boost|p1a: Corviknight|atk|1
|-boost|p1a: Corviknight|def|1
|
|upkeep
|
|t:|1757088187
|switch|p1b: Arcanine|Arcanine-Hisui, L50, M|100/100
|-ability|p1b: Arcanine|Intimidate|boost
|-unboost|p2a: Magmar|atk|1
|-unboost|p2b: Dragonite|atk|1
|turn|2
|
|t:|1757088202
|move|p2b: Dragonite|Tailwind|p2b: Dragonite
|-sidestart|p2: Bolsa_25|move: Tailwind
|move|p2a: Magmar|Will-O-Wisp|p1a: Corviknight|[miss]
|-miss|p2a: Magmar|p1a: Corviknight
|move|p1b: Arcanine|Rock Slide|p2b: Dragonite|[spread] p2a,p2b
|-supereffective|p2a: Magmar
|-supereffective|p2b: Dragonite
|-damage|p2a: Magmar|41/100
|-damage|p2b: Dragonite|53/100
|move|p1a: Corviknight|Power Trip|p2a: Magmar
|-damage|p2a: Magmar|21/100
|
|upkeep
|turn|3
|
|t:|1757088223
|move|p2b: Dragonite|Scale Shot|p1b: Arcanine
|-damage|p1b: Arcanine|91/100
|-damage|p1b: Arcanine|81/100
|-damage|p1b: Arcanine|71/100
|-damage|p1b: Arcanine|62/100
|-hitcount|p1b: Arcanine|4
|-unboost|p2b: Dragonite|def|1
|-boost|p2b: Dragonite|spe|1
|move|p2a: Magmar|Will-O-Wisp|p1a: Corviknight
|-status|p1a: Corviknight|brn
|move|p1b: Arcanine|Rock Slide|p2b: Dragonite|[spread] p2a,p2b
|-supereffective|p2a: Magmar
|-supereffective|p2b: Dragonite
|-damage|p2a: Magmar|0 fnt
|-damage|p2b: Dragonite|0 fnt
|faint|p2a: Magmar
|faint|p2b: Dragonite
|move|p1a: Corviknight|Bulk Up|p1a: Corviknight
|-boost|p1a: Corviknight|atk|1
|-boost|p1a: Corviknight|def|1
|
|-damage|p1a: Corviknight|95/100 brn|[from] brn
|upkeep
|
|t:|1757088234
|switch|p2b: Gholdengo|Gholdengo, L50|100/100
|switch|p2a: Annihilape|Annihilape, L50, M|100/100
|turn|4
|inactive|PumitaNike has 30 seconds left.
|
|t:|1757088266
|switch|p1b: Rillaboom|Rillaboom, L50, F|100/100
|-fieldstart|move: Grassy Terrain|[from] ability: Grassy Surge|[of] p1b: Rillaboom
|-enditem|p1a: Corviknight|Grassy Seed
|-boost|p1a: Corviknight|def|1|[from] item: Grassy Seed
|-terastallize|p2b: Gholdengo|Water
|move|p2b: Gholdengo|Shadow Ball|p1b: Rillaboom
|-damage|p1b: Rillaboom|57/100
|-damage|p2b: Gholdengo|91/100|[from] item: Life Orb
|move|p2a: Annihilape|Bulk Up|p2a: Annihilape
|-boost|p2a: Annihilape|atk|1
|-boost|p2a: Annihilape|def|1
|move|p1a: Corviknight|Bulk Up|p1a: Corviknight
|-boost|p1a: Corviknight|atk|1
|-boost|p1a: Corviknight|def|1
|
|-heal|p2b: Gholdengo|97/100|[from] Grassy Terrain
|-heal|p1b: Rillaboom|63/100|[from] Grassy Terrain
|-damage|p1a: Corviknight|89/100 brn|[from] brn
|upkeep
|turn|5
|inactive|PumitaNike has 30 seconds left.
|inactive|PumitaNike has 20 seconds left.
|
|t:|1757088302
|move|p2b: Gholdengo|Protect|p2b: Gholdengo
|-singleturn|p2b: Gholdengo|Protect
|move|p1b: Rillaboom|Fake Out|p2b: Gholdengo
|-activate|p2b: Gholdengo|move: Protect
|move|p2a: Annihilape|Bulk Up|p2a: Annihilape
|-boost|p2a: Annihilape|atk|1
|-boost|p2a: Annihilape|def|1
|move|p1a: Corviknight|Brave Bird|p2a: Annihilape
|-supereffective|p2a: Annihilape
|-damage|p2a: Annihilape|43/100
|-damage|p1a: Corviknight|71/100 brn|[from] Recoil
|
|-heal|p2b: Gholdengo|100/100|[from] Grassy Terrain
|-heal|p2a: Annihilape|49/100|[from] Grassy Terrain
|-heal|p1b: Rillaboom|69/100|[from] Grassy Terrain
|-damage|p1a: Corviknight|65/100 brn|[from] brn
|-sideend|p2: Bolsa_25|move: Tailwind
|upkeep
|turn|6
|inactive|PumitaNike has 30 seconds left.
|inactive|PumitaNike has 20 seconds left.
|
|t:|1757088340
|move|p2b: Gholdengo|Shadow Ball|p1a: Corviknight
|-damage|p1a: Corviknight|14/100 brn
|-damage|p2b: Gholdengo|91/100|[from] item: Life Orb
|move|p2a: Annihilape|Rage Fist|p1a: Corviknight
|-damage|p1a: Corviknight|0 fnt
|faint|p1a: Corviknight
|move|p1b: Rillaboom|Wood Hammer|p2b: Gholdengo
|-supereffective|p2b: Gholdengo
|-damage|p2b: Gholdengo|0 fnt
|faint|p2b: Gholdengo
|-damage|p1b: Rillaboom|44/100|[from] Recoil
|
|-heal|p2a: Annihilape|55/100|[from] Grassy Terrain
|-heal|p1b: Rillaboom|50/100|[from] Grassy Terrain
|upkeep
|
|t:|1757088357
|switch|p1a: Arcanine|Arcanine-Hisui, L50, M|62/100
|-ability|p1a: Arcanine|Intimidate|boost
|-unboost|p2a: Annihilape|atk|1
|-ability|p2a: Annihilape|Defiant|boost
|-boost|p2a: Annihilape|atk|2
|turn|7
|
|t:|1757088370
|-terastallize|p1a: Arcanine|Ghost
|move|p1a: Arcanine|Flare Blitz|p2a: Annihilape
|-damage|p2a: Annihilape|27/100
|-status|p2a: Annihilape|brn
|-damage|p1a: Arcanine|52/100|[from] Recoil
|move|p2a: Annihilape|Drain Punch|p1a: Arcanine
|-immune|p1a: Arcanine
|move|p1b: Rillaboom|Wood Hammer|p2a: Annihilape
|-damage|p2a: Annihilape|0 fnt
|faint|p2a: Annihilape
|-damage|p1b: Rillaboom|42/100|[from] Recoil
|
|win|PumitaNike
||Bolsa_25 is ready for game 2.
|inactive|PumitaNike has 30 seconds to confirm battle start!
||PumitaNike is ready for game 2.
|uhtml|next|Next: Game 2 of 3
|l|☆PumitaNike
|player|p1|
