|j|☆Promesus
|j|☆Atlanta Rat
|html|PromesusAtlanta Rat    
|uhtml|bestof|Game 1 of a best-of-3
|t:|1785042117
|gametype|doubles
|player|p1|Promesus|hilbert-wonderlauncher|1134
|player|p2|Atlanta Rat|rood|1187
|gen|9
|tier|[Gen 9 Champions] VGC 2026 Reg M-B (Bo3)
|rated|
|rule|Species Clause: Limit one of each Pokémon
|rule|Item Clause: Limit 1 of each item
|clearpoke
|poke|p1|Staraptor, L50, M|
|poke|p1|Farigiraf, L50, F|
|poke|p1|Kingambit, L50, F|
|poke|p1|Vanilluxe, L50, M|
|poke|p1|Blastoise, L50, F|
|poke|p1|Camerupt, L50, M, shiny|
|poke|p2|Raichu, L50, F|
|poke|p2|Sinistcha, L50|
|poke|p2|Incineroar, L50, M|
|poke|p2|Sylveon, L50, M|
|poke|p2|Metagross, L50|
|poke|p2|Hydreigon, L50, F|
|teampreview|4
|showteam|p1|Staraptor||ChoiceScarf|Intimidate|FinalGambit,BraveBird,CloseCombat,Uturn|Jolly||M|||50|]Farigiraf||SitrusBerry|ArmorTail|HyperVoice,HelpingHand,TrickRoom,PsychicFangs|Relaxed||F|||50|]Kingambit||LifeOrb|Defiant|KowtowCleave,IronHead,Protect,SuckerPunch|Brave||F|||50|]Vanilluxe||NeverMeltIce|SnowWarning|Blizzard,FreezeDry,Protect,IceShard|Quiet||M|||50|]Blastoise||Blastoisinite|Torrent|DarkPulse,AuraSphere,FakeOut,WaterSpout|Modest||F|||50|]Camerupt||Cameruptite|SolidRock|HeatWave,EarthPower,Protect,AncientPower|Quiet||M|||50|
|showteam|p2|Raichu||RaichuniteY|LightningRod|ZapCannon,FocusBlast,FakeOut,Protect|Timid||F|||50|]Sinistcha||SitrusBerry|Hospitality|MatchaGotcha,RagePowder,TrickRoom,Protect|Bold|||||50|]Incineroar||ShucaBerry|Intimidate|FlareBlitz,DarkestLariat,PartingShot,FakeOut|Careful||M|||50|]Sylveon||FairyFeather|Pixilate|HyperVoice,QuickAttack,CalmMind,Protect|Modest||M|||50|]Metagross||Metagrossite|ClearBody|HardPress,BodyPress,PsychicFangs,Protect|Adamant|||||50|]Hydreigon||ChoiceScarf|Levitate|DracoMeteor,DarkPulse,EarthPower,Snarl|Modest||F|||50|
|inactive|Battle timer is ON: inactive players will automatically lose when time's up. (requested by Promesus)
|inactive|Atlanta Rat has 60 seconds left.
|
|t:|1785042163
|teamsize|p1|4
|teamsize|p2|4
|start
|switch|p1a: Staraptor|Staraptor, L50, M|100/100
|switch|p1b: Farigiraf|Farigiraf, L50, F|100/100
|switch|p2a: Raichu|Raichu, L50, F|100/100
|switch|p2b: Hydreigon|Hydreigon, L50, F|100/100
|-ability|p1a: Staraptor|Intimidate|boost
|-unboost|p2a: Raichu|atk|1
|-unboost|p2b: Hydreigon|atk|1
|turn|1
|
|t:|1785042182
|switch|p2b: Sinistcha|Sinistcha, L50|100/100
|move|p2a: Raichu|Protect|p2a: Raichu
|-singleturn|p2a: Raichu|Protect
|move|p1a: Staraptor|Final Gambit|p2b: Sinistcha
|-immune|p2b: Sinistcha
|move|p1b: Farigiraf|Trick Room|p1b: Farigiraf
|-fieldstart|move: Trick Room|[of] p1b: Farigiraf
|
|upkeep
|turn|2
|
|t:|1785042204
|switch|p1b: Camerupt|Camerupt, L50, M, shiny|100/100
|detailschange|p2a: Raichu|Raichu-Mega-Y, L50, F
|-mega|p2a: Raichu|Raichu|Raichunite Y
|move|p2b: Sinistcha|Rage Powder|p2b: Sinistcha
|-singleturn|p2b: Sinistcha|move: Rage Powder
|move|p2a: Raichu|Zap Cannon|p1a: Staraptor
|-supereffective|p1a: Staraptor|1
|-damage|p1a: Staraptor|0 fnt
|faint|p1a: Staraptor
|
|upkeep
|
|t:|1785042211
|switch|p1a: Vanilluxe|Vanilluxe, L50, M|100/100
|-weather|Snowscape|[from] ability: Snow Warning|[of] p1a: Vanilluxe
|turn|3
|
|t:|1785042228
|switch|p2b: Incineroar|Incineroar, L50, M|100/100
|-ability|p2b: Incineroar|Intimidate|boost
|-unboost|p1a: Vanilluxe|atk|1
|-unboost|p1b: Camerupt|atk|1
|detailschange|p1b: Camerupt|Camerupt-Mega, L50, M, shiny
|-mega|p1b: Camerupt|Camerupt|Cameruptite
|move|p2a: Raichu|Protect|p2a: Raichu
|-singleturn|p2a: Raichu|Protect
|move|p1b: Camerupt|Heat Wave|p2a: Raichu|[spread] p2b
|-activate|p2a: Raichu|move: Protect
|-resisted|p2b: Incineroar|1
|-damage|p2b: Incineroar|76/100
|move|p1a: Vanilluxe|Blizzard|p2b: Incineroar|[spread] p2b
|-activate|p2a: Raichu|move: Protect
|-resisted|p2b: Incineroar|1
|-damage|p2b: Incineroar|58/100
|
|-weather|Snowscape|[upkeep]
|upkeep
|turn|4
|
|t:|1785042243
|switch|p1a: Farigiraf|Farigiraf, L50, F|100/100
|switch|p2a: Hydreigon|Hydreigon, L50, F|100/100
|move|p2b: Incineroar|Fake Out||[still]
|cant|p1a: Farigiraf|ability: Armor Tail|Fake Out|[of] p2b: Incineroar
|move|p1b: Camerupt|Earth Power|p2b: Incineroar
|-supereffective|p2b: Incineroar|1
|-enditem|p2b: Incineroar|Shuca Berry|[eat]
|-enditem|p2b: Incineroar|Shuca Berry|[weaken]
|-damage|p2b: Incineroar|1/100
|
|-weather|Snowscape|[upkeep]
|upkeep
|turn|5
|inactive|Atlanta Rat has 30 seconds left.
|inactive|Promesus has 30 seconds left.
|inactive|Atlanta Rat has 20 seconds left.
|
|t:|1785042281
|move|p1b: Camerupt|Ancient Power|p2a: Hydreigon
|-damage|p2a: Hydreigon|64/100
|move|p1a: Farigiraf|Hyper Voice|p2b: Incineroar|[spread] p2a,p2b
|-damage|p2a: Hydreigon|36/100
|-damage|p2b: Incineroar|0 fnt
|faint|p2b: Incineroar
|move|p2a: Hydreigon|Snarl|p1b: Camerupt|[spread] p1b
|-miss|p2a: Hydreigon|p1a: Farigiraf
|-crit|p1b: Camerupt
|-damage|p1b: Camerupt|67/100
|-unboost|p1b: Camerupt|spa|1
|
|-weather|Snowscape|[upkeep]
|-fieldend|move: Trick Room
|upkeep
|
|t:|1785042292
|switch|p2b: Raichu|Raichu-Mega-Y, L50, F|100/100
|turn|6
|
|t:|1785042301
|move|p1b: Camerupt|Protect|p1b: Camerupt
|-singleturn|p1b: Camerupt|Protect
|move|p2a: Hydreigon|Snarl|p1b: Camerupt|[spread] p1a
|-activate|p1b: Camerupt|move: Protect
|-supereffective|p1a: Farigiraf|1
|-damage|p1a: Farigiraf|59/100
|-unboost|p1a: Farigiraf|spa|1
|move|p2b: Raichu|Zap Cannon|p1a: Farigiraf
|-damage|p1a: Farigiraf|5/100
|-status|p1a: Farigiraf|par
|-enditem|p1a: Farigiraf|Sitrus Berry|[eat]
|-heal|p1a: Farigiraf|30/100 par|[from] item: Sitrus Berry
|move|p1a: Farigiraf|Trick Room|p1a: Farigiraf
|-fieldstart|move: Trick Room|[of] p1a: Farigiraf
|
|-weather|Snowscape|[upkeep]
|upkeep
|turn|7
|
|t:|1785042321
|switch|p2b: Sinistcha|Sinistcha, L50|100/100
|-heal|p2a: Hydreigon|60/100|[from] ability: Hospitality|[of] p2b: Sinistcha
|move|p1a: Farigiraf|Hyper Voice|p2a: Hydreigon|[spread] p2a
|-immune|p2b: Sinistcha
|-damage|p2a: Hydreigon|42/100
|move|p1b: Camerupt|Ancient Power|p2a: Hydreigon
|-damage|p2a: Hydreigon|15/100
|move|p2a: Hydreigon|Snarl|p1a: Farigiraf|[spread] p1a,p1b
|-supereffective|p1a: Farigiraf|1
|-crit|p1b: Camerupt
|-damage|p1a: Farigiraf|0 fnt
|-damage|p1b: Camerupt|33/100
|-unboost|p1b: Camerupt|spa|1
|faint|p1a: Farigiraf
|
|-weather|none
|upkeep
|
|t:|1785042329
|switch|p1a: Vanilluxe|Vanilluxe, L50, M|100/100
|-weather|Snowscape|[from] ability: Snow Warning|[of] p1a: Vanilluxe
|turn|8
|
|t:|1785042345
|move|p2b: Sinistcha|Protect|p2b: Sinistcha
|-singleturn|p2b: Sinistcha|Protect
|move|p1b: Camerupt|Heat Wave|p2b: Sinistcha|[spread] p2a
|-activate|p2b: Sinistcha|move: Protect
|-resisted|p2a: Hydreigon|1
|-damage|p2a: Hydreigon|0 fnt
|faint|p2a: Hydreigon
|move|p1a: Vanilluxe|Blizzard|p2b: Sinistcha
|-activate|p2b: Sinistcha|move: Protect
|
|-weather|Snowscape|[upkeep]
|upkeep
|
|t:|1785042354
|switch|p2a: Raichu|Raichu-Mega-Y, L50, F|100/100
|turn|9
|
|t:|1785042368
|move|p1a: Vanilluxe|Protect|p1a: Vanilluxe
|-singleturn|p1a: Vanilluxe|Protect
|move|p2a: Raichu|Fake Out|p1b: Camerupt
|-damage|p1b: Camerupt|24/100
|cant|p1b: Camerupt|flinch
|move|p2b: Sinistcha|Trick Room|p2b: Sinistcha
|-fieldend|move: Trick Room
|
|-weather|Snowscape|[upkeep]
|upkeep
|turn|10
|inactive|Atlanta Rat has 30 seconds left.
|
|t:|1785042398
|move|p2a: Raichu|Zap Cannon|p1a: Vanilluxe
|-damage|p1a: Vanilluxe|32/100
|-status|p1a: Vanilluxe|par
|move|p2b: Sinistcha|Matcha Gotcha|p1a: Vanilluxe|[spread] p1a
|-miss|p2b: Sinistcha|p1b: Camerupt
|-damage|p1a: Vanilluxe|5/100 par
|move|p1a: Vanilluxe|Blizzard|p2b: Sinistcha|[spread] p2a,p2b
|-supereffective|p2b: Sinistcha|1
|-damage|p2a: Raichu|38/100
|-damage|p2b: Sinistcha|2/100
|-enditem|p2b: Sinistcha|Sitrus Berry|[eat]
|-heal|p2b: Sinistcha|26/100|[from] item: Sitrus Berry
|move|p1b: Camerupt|Earth Power|p2a: Raichu
|-supereffective|p2a: Raichu|1
|-damage|p2a: Raichu|0 fnt
|faint|p2a: Raichu
|
|-weather|Snowscape|[upkeep]
|upkeep
|turn|11
|
|t:|1785042418
|move|p1a: Vanilluxe|Ice Shard|p2b: Sinistcha
|-supereffective|p2b: Sinistcha|1
|-damage|p2b: Sinistcha|2/100
|move|p2b: Sinistcha|Matcha Gotcha|p1a: Vanilluxe|[spread] p1a,p1b
|-damage|p1a: Vanilluxe|0 fnt
|-heal|p2b: Sinistcha|5/100|[from] drain|[of] p1a: Vanilluxe
|-damage|p1b: Camerupt|0 fnt
|-heal|p2b: Sinistcha|17/100|[from] drain|[of] p1b: Camerupt
|faint|p1a: Vanilluxe
|faint|p1b: Camerupt
|
|win|Atlanta Rat
