|j|☆R1xohbilbao
|j|‽coglio6789
|html|R1xohbilbaocoglio6789    
|uhtml|bestof|Game 1 of a best-of-3
|t:|1785861715
|gametype|doubles
|player|p1|R1xohbilbao|ltsurge|1118
|player|p2|coglio6789|102|1165
|gen|9
|tier|[Gen 9 Champions] VGC 2026 Reg M-B (Bo3)
|rated|
|rule|Species Clause: Limit one of each Pokémon
|rule|Item Clause: Limit 1 of each item
|clearpoke
|poke|p1|Aerodactyl, L50, F|
|poke|p1|Farigiraf, L50, M|
|poke|p1|Mawile, L50, M|
|poke|p1|Hydreigon, L50, M|
|poke|p1|Ninetales-Alola, L50, F|
|poke|p1|Basculegion, L50, M|
|poke|p2|Farigiraf, L50, F|
|poke|p2|Kangaskhan, L50, F|
|poke|p2|Torkoal, L50, F|
|poke|p2|Mawile, L50, F|
|poke|p2|Charizard, L50, M|
|poke|p2|Vileplume, L50, M|
|teampreview|4
|showteam|p1|Aerodactyl||Aerodactylite|Pressure|RockSlide,IceFang,WideGuard,Tailwind|Jolly||F|||50|]Farigiraf||SitrusBerry|ArmorTail|HelpingHand,TrickRoom,Psychic,GrassKnot|Quiet||M|||50|]Mawile||Mawilite|HyperCutter|RockSlide,SuckerPunch,PlayRough,Protect|Adamant||M|||50|]Hydreigon||ChoiceScarf|Levitate|Snarl,DarkPulse,EarthPower,DracoMeteor|Modest||M|||50|]Ninetales-Alola||FocusSash|SnowWarning|Encore,FreezeDry,Blizzard,Protect|Timid||F|||50|]Basculegion||LifeOrb|Adaptability|AquaJet,LastRespects,WaveCrash,Protect|Jolly||M|||50|
|showteam|p2|Farigiraf||SitrusBerry|ArmorTail|TrickRoom,HelpingHand,Psychic,Thunderbolt|Quiet||F|||50|]Kangaskhan||LifeOrb|Scrappy|FakeOut,DoubleEdge,IcePunch,HammerArm|Brave||F|||50|]Torkoal||Charcoal|Drought|Eruption,WeatherBall,EarthPower,Protect|Quiet||F|||50|]Mawile||Mawilite|Intimidate|SwordsDance,PlayRough,SuckerPunch,RockSlide|Brave||F|||50|]Charizard||CharizarditeY|Blaze|HeatWave,WeatherBall,SolarBeam,Protect|Modest||M|||50|]Vileplume||FocusSash|Chlorophyll|EnergyBall,SludgeBomb,SleepPowder,AfterYou|Timid||M|||50|
|inactive|Battle timer is ON: inactive players will automatically lose when time's up. (requested by R1xohbilbao)
|
|t:|1785861743
|teamsize|p1|4
|teamsize|p2|4
|start
|switch|p1a: Hydreigon|Hydreigon, L50, M|100/100
|switch|p1b: Aerodactyl|Aerodactyl, L50, F|100/100
|switch|p2a: Charizard|Charizard, L50, M|100/100
|switch|p2b: Vileplume|Vileplume, L50, M|100/100
|-ability|p1b: Aerodactyl|Pressure
|turn|1
|
|t:|1785861761
|detailschange|p2a: Charizard|Charizard-Mega-Y, L50, M
|-mega|p2a: Charizard|Charizard|Charizardite Y
|-weather|SunnyDay|[from] ability: Drought|[of] p2a: Charizard
|move|p2a: Charizard|Protect|p2a: Charizard
|-singleturn|p2a: Charizard|Protect
|move|p1a: Hydreigon|Snarl|p2a: Charizard|[spread] p2b
|-activate|p2a: Charizard|move: Protect
|-damage|p2b: Vileplume|69/100
|-unboost|p2b: Vileplume|spa|1
|move|p2b: Vileplume|Sleep Powder|p1b: Aerodactyl
|-status|p1b: Aerodactyl|slp|[from] move: Sleep Powder
|cant|p1b: Aerodactyl|slp
|
|-weather|SunnyDay|[upkeep]
|upkeep
|turn|2
|inactive|coglio6789 has 30 seconds left.
|
|t:|1785861788
|switch|p2a: Mawile|Mawile, L50, F|100/100
|-ability|p2a: Mawile|Intimidate|boost
|-unboost|p1a: Hydreigon|atk|1
|-unboost|p1b: Aerodactyl|atk|1
|move|p1a: Hydreigon|Snarl|p2b: Vileplume|[spread] p2b
|-miss|p1a: Hydreigon|p2a: Mawile
|-damage|p2b: Vileplume|42/100
|-unboost|p2b: Vileplume|spa|1
|move|p2b: Vileplume|Energy Ball|p1b: Aerodactyl
|-damage|p1b: Aerodactyl|71/100 slp
|-unboost|p1b: Aerodactyl|spd|1
|cant|p1b: Aerodactyl|slp
|
|-weather|SunnyDay|[upkeep]
|upkeep
|turn|3
|
|t:|1785861811
|switch|p1a: Farigiraf|Farigiraf, L50, M|100/100
|move|p2b: Vileplume|Sleep Powder|p1a: Farigiraf|[miss]
|-miss|p2b: Vileplume|p1a: Farigiraf
|-curestatus|p1b: Aerodactyl|slp|[msg]
|move|p1b: Aerodactyl|Tailwind|p1b: Aerodactyl
|-sidestart|p1: R1xohbilbao|move: Tailwind
|move|p2a: Mawile|Swords Dance|p2a: Mawile
|-boost|p2a: Mawile|atk|2
|
|-weather|SunnyDay|[upkeep]
|upkeep
|turn|4
|inactive|R1xohbilbao has 30 seconds left.
|inactive|coglio6789 has 30 seconds left.
|
|t:|1785861843
|move|p1b: Aerodactyl|Rock Slide|p2a: Mawile|[spread] p2a
|-miss|p1b: Aerodactyl|p2b: Vileplume
|-resisted|p2a: Mawile|1
|-damage|p2a: Mawile|89/100
|move|p2b: Vileplume|Sleep Powder|p1a: Farigiraf
|-status|p1a: Farigiraf|slp|[from] move: Sleep Powder
|cant|p1a: Farigiraf|slp
|cant|p2a: Mawile|flinch
|
|-weather|SunnyDay|[upkeep]
|upkeep
|turn|5
|
|t:|1785861864
|move|p1b: Aerodactyl|Rock Slide|p2a: Mawile|[spread] p2a,p2b
|-resisted|p2a: Mawile|1
|-crit|p2b: Vileplume
|-damage|p2a: Mawile|80/100
|-damage|p2b: Vileplume|0 fnt
|faint|p2b: Vileplume
|cant|p1a: Farigiraf|slp
|move|p2a: Mawile|Play Rough|p1b: Aerodactyl
|-damage|p1b: Aerodactyl|0 fnt
|faint|p1b: Aerodactyl
|
|-weather|none
|upkeep
|
|t:|1785861879
|switch|p1b: Mawile|Mawile, L50, M|100/100
|switch|p2b: Charizard|Charizard-Mega-Y, L50, M|100/100
|-weather|SunnyDay|[from] ability: Drought|[of] p2b: Charizard
|turn|6
|inactive|coglio6789 has 30 seconds left.
|
|t:|1785861916
|detailschange|p1b: Mawile|Mawile-Mega, L50, M
|-mega|p1b: Mawile|Mawile|Mawilite
|move|p2b: Charizard|Protect|p2b: Charizard
|-singleturn|p2b: Charizard|Protect
|move|p1b: Mawile|Rock Slide|p2a: Mawile|[spread] p2a
|-activate|p2b: Charizard|move: Protect
|-resisted|p2a: Mawile|1
|-damage|p2a: Mawile|60/100
|-curestatus|p1a: Farigiraf|slp|[msg]
|move|p1a: Farigiraf|Psychic|p2b: Charizard
|-activate|p2b: Charizard|move: Protect
|move|p2a: Mawile|Swords Dance|p2a: Mawile
|-boost|p2a: Mawile|atk|2
|
|-weather|SunnyDay|[upkeep]
|-sideend|p1: R1xohbilbao|move: Tailwind
|upkeep
|turn|7
|
|t:|1785861939
|move|p1b: Mawile|Protect|p1b: Mawile
|-singleturn|p1b: Mawile|Protect
|move|p2b: Charizard|Weather Ball|p1b: Mawile
|-activate|p1b: Mawile|move: Protect
|move|p1a: Farigiraf|Psychic|p2a: Mawile
|-resisted|p2a: Mawile|1
|-damage|p2a: Mawile|20/100y
|move|p2a: Mawile|Play Rough|p1a: Farigiraf|[miss]
|-miss|p2a: Mawile|p1a: Farigiraf
|
|-weather|SunnyDay|[upkeep]
|upkeep
|turn|8
|
|t:|1785861951
|switch|p1b: Hydreigon|Hydreigon, L50, M|100/100
|move|p2b: Charizard|Weather Ball|p1b: Hydreigon
|-resisted|p1b: Hydreigon|1
|-crit|p1b: Hydreigon
|-damage|p1b: Hydreigon|14/100
|move|p1a: Farigiraf|Psychic|p2a: Mawile
|-resisted|p2a: Mawile|1
|-damage|p2a: Mawile|0 fnt
|faint|p2a: Mawile
|
|-weather|SunnyDay|[upkeep]
|upkeep
|
|t:|1785861958
|switch|p2a: Torkoal|Torkoal, L50, F|100/100
|turn|9
|
|t:|1785861979
|move|p1b: Hydreigon|Snarl|p2b: Charizard|[spread] p2a,p2b
|-damage|p2a: Torkoal|67/100
|-damage|p2b: Charizard|79/100
|-unboost|p2a: Torkoal|spa|1
|-unboost|p2b: Charizard|spa|1
|move|p2b: Charizard|Heat Wave|p1a: Farigiraf|[spread] p1a,p1b
|-resisted|p1b: Hydreigon|1
|-damage|p1a: Farigiraf|49/100
|-damage|p1b: Hydreigon|0 fnt
|-enditem|p1a: Farigiraf|Sitrus Berry|[eat]
|-heal|p1a: Farigiraf|74/100|[from] item: Sitrus Berry
|faint|p1b: Hydreigon
|move|p1a: Farigiraf|Psychic|p2b: Charizard
|-damage|p2b: Charizard|36/100
|move|p2a: Torkoal|Weather Ball|p1a: Farigiraf
|-damage|p1a: Farigiraf|25/100
|
|-weather|SunnyDay|[upkeep]
|upkeep
|
|t:|1785861990
|switch|p1b: Mawile|Mawile-Mega, L50, M|100/100
|turn|10
|
|t:|1785861997
|move|p1b: Mawile|Protect|p1b: Mawile
|-singleturn|p1b: Mawile|Protect
|move|p2b: Charizard|Heat Wave|p1a: Farigiraf|[spread] 
|-activate|p1b: Mawile|move: Protect
|-miss|p2b: Charizard|p1a: Farigiraf
|move|p1a: Farigiraf|Psychic|p2a: Torkoal
|-damage|p2a: Torkoal|3/100
|move|p2a: Torkoal|Weather Ball|p1b: Mawile
|-activate|p1b: Mawile|move: Protect
|
|-weather|none
|upkeep
|turn|11
|
|t:|1785862013
|move|p2b: Charizard|Heat Wave|p1b: Mawile|[spread] p1a,p1b
|-supereffective|p1b: Mawile|1
|-damage|p1a: Farigiraf|0 fnt
|-damage|p1b: Mawile|26/100
|faint|p1a: Farigiraf
|move|p1b: Mawile|Rock Slide|p2a: Torkoal|[spread] p2a,p2b
|-supereffective|p2a: Torkoal|1
|-supereffective|p2b: Charizard|2
|-damage|p2a: Torkoal|0 fnt
|-damage|p2b: Charizard|0 fnt
|faint|p2a: Torkoal
|faint|p2b: Charizard
|
|win|R1xohbilbao
||R1xohbilbao is ready for game 2.
