|j|☆tailmyroom
|j|☆Calamella
|html|tailmyroomCalamella    
|uhtml|bestof|Game 2 of a best-of-3
|t:|1756218821
|gametype|doubles
|player|p1|tailmyroom|scientist-gen4dp|1157
|player|p2|Calamella|170|1152
|gen|9
|tier|[Gen 9] VGC 2025 Reg H (Bo3)
|rated|
|rule|Species Clause: Limit one of each Pokémon
|rule|Item Clause: Limit 1 of each item
|clearpoke
|poke|p1|Gholdengo, L50|
|poke|p1|Sneasler, L50, M|
|poke|p1|Rillaboom, L50, M|
|poke|p1|Dragonite, L50, F|
|poke|p1|Ninetales-Alola, L50, M|
|poke|p1|Arcanine-Hisui, L50, M|
|poke|p2|Garchomp, L50, M|
|poke|p2|Jumpluff, L50, F|
|poke|p2|Torkoal, L50, F|
|poke|p2|Dragonite, L50, F|
|poke|p2|Kingambit, L50, F|
|poke|p2|Typhlosion-Hisui, L50, M|
|teampreview|4
|showteam|p1|Gholdengo||GrassySeed|GoodasGold|NastyPlot,MakeItRain,ShadowBall,Protect||||||50|,,,,,Water]Sneasler||WhiteHerb|Unburden|CloseCombat,DireClaw,Coaching,Protect|||M|||50|,,,,,Ghost]Rillaboom||AssaultVest|GrassySurge|FakeOut,GrassyGlide,DrumBeating,HighHorsepower|||M|||50|,,,,,Fire]Dragonite||LoadedDice|Multiscale|ScaleShot,StompingTantrum,Tailwind,Protect|||F|||50|,,,,,Ground]Ninetales-Alola||FocusSash|SnowWarning|Blizzard,IcyWind,Encore,AuroraVeil|||M|||50|,,,,,Ghost]Arcanine-Hisui||ClearAmulet|Intimidate|RockSlide,FlareBlitz,ExtremeSpeed,Protect|||M|||50|,,,,,Water
|showteam|p2|Garchomp||LifeOrb|RoughSkin|DragonClaw,StompingTantrum,Earthquake,Protect|||M|||50|,,,,,Fire]Jumpluff||CovertCloak|Chlorophyll|LeafStorm,SleepPowder,Encore,Tailwind|||F|||50|,,,,,Poison]Torkoal||EjectPack|Drought|Overheat,BurningJealousy,HelpingHand,Protect|||F|||50|,,,,,Flying]Dragonite||LoadedDice|Multiscale|Haze,ScaleShot,IceSpinner,Protect|||F|||50|,,,,,Fairy]Kingambit||SafetyGoggles|Defiant|Protect,KowtowCleave,SuckerPunch,SwordsDance|||F|||50|,,,,,Dark]Typhlosion-Hisui||ChoiceSpecs|Blaze|Eruption,ShadowBall,HeatWave,Overheat|||M|||50|,,,,,Fire
|inactive|Battle timer is ON: inactive players will automatically lose when time's up. (requested by Calamella)
|inactive|tailmyroom has 60 seconds left.
|
|t:|1756218914
|teamsize|p1|4
|teamsize|p2|4
|start
|switch|p1a: Dragonite|Dragonite, L50, F|100/100
|switch|p1b: Rillaboom|Rillaboom, L50, M|100/100
|switch|p2a: Jumpluff|Jumpluff, L50, F|100/100
|switch|p2b: Torkoal|Torkoal, L50, F|100/100
|-fieldstart|move: Grassy Terrain|[from] ability: Grassy Surge|[of] p1b: Rillaboom
|-weather|SunnyDay|[from] ability: Drought|[of] p2b: Torkoal
|turn|1
|
|t:|1756218934
|move|p1b: Rillaboom|Fake Out|p2b: Torkoal
|-damage|p2b: Torkoal|90/100
|move|p2a: Jumpluff|Sleep Powder|p1a: Dragonite|[miss]
|-miss|p2a: Jumpluff|p1a: Dragonite
|move|p1a: Dragonite|Tailwind|p1a: Dragonite
|-sidestart|p1: tailmyroom|move: Tailwind
|cant|p2b: Torkoal|flinch
|
|-weather|SunnyDay|[upkeep]
|-heal|p2b: Torkoal|97/100|[from] Grassy Terrain
|upkeep
|turn|2
|
|t:|1756218956
|switch|p1b: Ninetales|Ninetales-Alola, L50, M|100/100
|-weather|Snowscape|[from] ability: Snow Warning|[of] p1b: Ninetales
|move|p1a: Dragonite|Scale Shot|p2a: Jumpluff|[miss]
|-miss|p1a: Dragonite|p2a: Jumpluff
|move|p2a: Jumpluff|Sleep Powder|p1a: Dragonite
|-status|p1a: Dragonite|slp|[from] move: Sleep Powder
|move|p2b: Torkoal|Overheat|p1b: Ninetales
|-supereffective|p1b: Ninetales
|-enditem|p1b: Ninetales|Focus Sash
|-damage|p1b: Ninetales|1/100
|-unboost|p2b: Torkoal|spa|2
|-enditem|p2b: Torkoal|Eject Pack
|
|t:|1756218981
|switch|p2b: Garchomp|Garchomp, L50, M|100/100
|
|-weather|Snowscape|[upkeep]
|-heal|p1b: Ninetales|7/100|[from] Grassy Terrain
|upkeep
|turn|3
|inactive|tailmyroom has 30 seconds left.
|inactive|tailmyroom has 20 seconds left.
|inactive|tailmyroom has 15 seconds left.
|
|t:|1756219022
|switch|p1b: Arcanine|Arcanine-Hisui, L50, M|100/100
|-ability|p1b: Arcanine|Intimidate|boost
|-unboost|p2a: Jumpluff|atk|1
|-unboost|p2b: Garchomp|atk|1
|switch|p2b: Torkoal|Torkoal, L50, F|97/100
|-weather|SunnyDay|[from] ability: Drought|[of] p2b: Torkoal
|move|p2a: Jumpluff|Leaf Storm|p1b: Arcanine
|-damage|p1b: Arcanine|65/100
|-unboost|p2a: Jumpluff|spa|2
|cant|p1a: Dragonite|slp
|
|-weather|SunnyDay|[upkeep]
|-heal|p1b: Arcanine|71/100|[from] Grassy Terrain
|-heal|p2b: Torkoal|100/100|[from] Grassy Terrain
|upkeep
|turn|4
|inactive|tailmyroom has 30 seconds left.
|inactive|Calamella has 30 seconds left.
|
|t:|1756219056
|switch|p2b: Garchomp|Garchomp, L50, M|100/100
|move|p2a: Jumpluff|Tailwind|p2a: Jumpluff
|-sidestart|p2: Calamella|move: Tailwind
|move|p1b: Arcanine|Rock Slide|p2b: Garchomp|[spread] p2a
|-miss|p1b: Arcanine|p2b: Garchomp
|-supereffective|p2a: Jumpluff
|-damage|p2a: Jumpluff|28/100
|-curestatus|p1a: Dragonite|slp|[msg]
|move|p1a: Dragonite|Scale Shot|p2a: Jumpluff
|-damage|p2a: Jumpluff|11/100
|-damage|p2a: Jumpluff|0 fnt
|faint|p2a: Jumpluff
|-hitcount|p2: Jumpluff|2
|-unboost|p1a: Dragonite|def|1
|-boost|p1a: Dragonite|spe|1
|
|-weather|SunnyDay|[upkeep]
|-heal|p1b: Arcanine|77/100|[from] Grassy Terrain
|-sideend|p1: tailmyroom|move: Tailwind
|upkeep
|
|t:|1756219071
|switch|p2a: Typhlosion|Typhlosion-Hisui, L50, M|100/100
|turn|5
|inactive|tailmyroom has 30 seconds left.
|
|t:|1756219105
|switch|p1b: Ninetales|Ninetales-Alola, L50, M|7/100
|-weather|Snowscape|[from] ability: Snow Warning|[of] p1b: Ninetales
|-terastallize|p2a: Typhlosion|Fire
|move|p1a: Dragonite|Protect|p1a: Dragonite
|-singleturn|p1a: Dragonite|Protect
|move|p2b: Garchomp|Dragon Claw|p1a: Dragonite
|-activate|p1a: Dragonite|move: Protect
|move|p2a: Typhlosion|Eruption|p1b: Ninetales|[spread] p1b
|-activate|p1a: Dragonite|move: Protect
|-supereffective|p1b: Ninetales
|-damage|p1b: Ninetales|0 fnt
|faint|p1b: Ninetales
|
|-weather|Snowscape|[upkeep]
|-fieldend|move: Grassy Terrain
|upkeep
|
|t:|1756219122
|switch|p1b: Rillaboom|Rillaboom, L50, M|100/100
|-fieldstart|move: Grassy Terrain|[from] ability: Grassy Surge|[of] p1b: Rillaboom
|turn|6
|
|t:|1756219136
|-terastallize|p1a: Dragonite|Ground
|move|p1b: Rillaboom|Fake Out|p2a: Typhlosion
|-damage|p2a: Typhlosion|81/100
|move|p2b: Garchomp|Dragon Claw|p1a: Dragonite
|-damage|p1a: Dragonite|57/100
|-damage|p2b: Garchomp|91/100|[from] item: Life Orb
|cant|p2a: Typhlosion|flinch
|move|p1a: Dragonite|Tailwind|p1a: Dragonite
|-sidestart|p1: tailmyroom|move: Tailwind
|
|-weather|Snowscape|[upkeep]
|-heal|p1a: Dragonite|63/100|[from] Grassy Terrain
|-heal|p2b: Garchomp|97/100|[from] Grassy Terrain
|-heal|p2a: Typhlosion|87/100|[from] Grassy Terrain
|upkeep
|turn|7
|
|t:|1756219156
|switch|p1b: Arcanine|Arcanine-Hisui, L50, M|77/100
|-ability|p1b: Arcanine|Intimidate|boost
|-unboost|p2a: Typhlosion|atk|1
|-unboost|p2b: Garchomp|atk|1
|move|p1a: Dragonite|Protect|p1a: Dragonite
|-singleturn|p1a: Dragonite|Protect
|move|p2b: Garchomp|Dragon Claw|p1a: Dragonite
|-activate|p1a: Dragonite|move: Protect
|move|p2a: Typhlosion|Eruption|p1b: Arcanine|[spread] p1b
|-activate|p1a: Dragonite|move: Protect
|-resisted|p1b: Arcanine
|-crit|p1b: Arcanine
|-damage|p1b: Arcanine|33/100
|
|-weather|Snowscape|[upkeep]
|-heal|p1a: Dragonite|69/100|[from] Grassy Terrain
|-heal|p2b: Garchomp|100/100|[from] Grassy Terrain
|-heal|p2a: Typhlosion|93/100|[from] Grassy Terrain
|-heal|p1b: Arcanine|39/100|[from] Grassy Terrain
|-sideend|p2: Calamella|move: Tailwind
|upkeep
|turn|8
|inactive|Calamella has 30 seconds left.
|
|t:|1756219185
|switch|p2a: Torkoal|Torkoal, L50, F|100/100
|-weather|SunnyDay|[from] ability: Drought|[of] p2a: Torkoal
|move|p1a: Dragonite|Scale Shot|p2b: Garchomp
|-supereffective|p2b: Garchomp
|-damage|p2b: Garchomp|68/100
|-supereffective|p2b: Garchomp
|-damage|p2b: Garchomp|39/100
|-supereffective|p2b: Garchomp
|-damage|p2b: Garchomp|8/100
|-supereffective|p2b: Garchomp
|-damage|p2b: Garchomp|0 fnt
|faint|p2b: Garchomp
|-hitcount|p2: Garchomp|4
|-unboost|p1a: Dragonite|def|1
|-boost|p1a: Dragonite|spe|1
|move|p1b: Arcanine|Rock Slide|p2a: Torkoal
|-supereffective|p2a: Torkoal
|-damage|p2a: Torkoal|46/100
|
|-weather|SunnyDay|[upkeep]
|-heal|p1a: Dragonite|75/100|[from] Grassy Terrain
|-heal|p1b: Arcanine|44/100|[from] Grassy Terrain
|-heal|p2a: Torkoal|52/100|[from] Grassy Terrain
|upkeep
|
|t:|1756219200
|switch|p2b: Typhlosion|Typhlosion-Hisui, L50, M, tera:Fire|93/100
|turn|9
|
|t:|1756219220
|move|p2a: Torkoal|Helping Hand|p2b: Typhlosion
|-singleturn|p2b: Typhlosion|Helping Hand|[of] p2a: Torkoal
|move|p1a: Dragonite|Stomping Tantrum|p2b: Typhlosion
|-supereffective|p2b: Typhlosion
|-damage|p2b: Typhlosion|0 fnt
|faint|p2b: Typhlosion
|move|p1b: Arcanine|Rock Slide|p2a: Torkoal
|-supereffective|p2a: Torkoal
|-damage|p2a: Torkoal|0 fnt
|faint|p2a: Torkoal
|
|win|tailmyroom
||Calamella is ready for game 3.
||tailmyroom is ready for game 3.
|uhtml|next|Next: Game 3 of 3
