|j|☆lolgz
|j|☆the bags12
|html|lolgzthe bags12    
|uhtml|bestof|Game 1 of a best-of-3
|t:|1784870018
|gametype|doubles
|player|p1|lolgz|dawn|1308
|player|p2|the bags12|falkner|1253
|gen|9
|tier|[Gen 9 Champions] VGC 2026 Reg M-B (Bo3)
|rated|
|rule|Species Clause: Limit one of each Pokémon
|rule|Item Clause: Limit 1 of each item
|clearpoke
|poke|p1|Blastoise, L50, F|
|poke|p1|Vivillon, L50, F|
|poke|p1|Farigiraf, L50, F|
|poke|p1|Gallade, L50, M|
|poke|p1|Kingambit, L50, M|
|poke|p1|Camerupt, L50, F|
|poke|p2|Staraptor, L50, M, shiny|
|poke|p2|Garchomp, L50, M, shiny|
|poke|p2|Basculegion, L50, M, shiny|
|poke|p2|Scizor, L50, M, shiny|
|poke|p2|Grimmsnarl, L50, M, shiny|
|poke|p2|Incineroar, L50, M, shiny|
|teampreview|4
|showteam|p1|Blastoise||Blastoisinite|Torrent|WaterSpout,DarkPulse,FakeOut,ShellSmash|Modest||F|||50|]Vivillon||ChoiceScarf|CompoundEyes|SleepPowder,RagePowder,Tailwind,Hurricane|Timid||F|||50|]Farigiraf||SitrusBerry|ArmorTail|TrickRoom,Psychic,HelpingHand,Protect|Relaxed||F|||50|]Gallade||IronBall|Sharpness|SacredSword,PsychoCut,LeafBlade,TrickRoom|Brave||M|||50|]Kingambit||LifeOrb|Defiant|SuckerPunch,KowtowCleave,IronHead,Protect|Brave||M|||50|]Camerupt||Cameruptite|MagmaArmor|HeatWave,EarthPower,AncientPower,Protect|Quiet||F|||50|
|showteam|p2|Staraptor||Staraptite|Intimidate|CloseCombat,DualWingbeat,Roost,Protect|Adamant||M|||50|]Garchomp||LifeOrb|RoughSkin|DragonClaw,Earthquake,IronHead,RockSlide|Adamant||M|||50|]Basculegion||ChoiceScarf|Adaptability|LastRespects,WaveCrash,AquaJet,FlipTurn|Jolly||M|||50|]Scizor||MetalCoat|Technician|Uturn,BulletPunch,KnockOff,CloseCombat|Brave||M|||50|]Grimmsnarl||LightClay|Prankster|PartingShot,ScaryFace,Reflect,LightScreen|Calm||M|||50|]Incineroar||Leftovers|Intimidate|FlareBlitz,PartingShot,FakeOut,DarkestLariat|Adamant||M|||50|
|inactive|Battle timer is ON: inactive players will automatically lose when time's up. (requested by the bags12)
|inactive|lolgz also wants the timer to be on.
|
|t:|1784870040
|teamsize|p1|4
|teamsize|p2|4
|start
|switch|p1a: Farigiraf|Farigiraf, L50, F|100/100
|switch|p1b: Kingambit|Kingambit, L50, M|100/100
|switch|p2a: Mighty Eagle|Staraptor, L50, M, shiny|100/100
|switch|p2b: fih|Basculegion, L50, M, shiny|100/100
|-ability|p2a: Mighty Eagle|Intimidate|boost
|-unboost|p1a: Farigiraf|atk|1
|-unboost|p1b: Kingambit|atk|1
|-ability|p1b: Kingambit|Defiant|boost
|-boost|p1b: Kingambit|atk|2
|turn|1
|
|t:|1784870050
|switch|p2b: Haaland|Grimmsnarl, L50, M, shiny|100/100
|detailschange|p2a: Mighty Eagle|Staraptor-Mega, L50, M, shiny
|-mega|p2a: Mighty Eagle|Staraptor|Staraptite
|move|p1b: Kingambit|Protect|p1b: Kingambit
|-singleturn|p1b: Kingambit|Protect
|move|p2a: Mighty Eagle|Close Combat|p1a: Farigiraf
|-damage|p1a: Farigiraf|48/100
|-boost|p2a: Mighty Eagle|def|1
|-boost|p2a: Mighty Eagle|spd|1
|-enditem|p1a: Farigiraf|Sitrus Berry|[eat]
|-heal|p1a: Farigiraf|73/100|[from] item: Sitrus Berry
|move|p1a: Farigiraf|Trick Room|p1a: Farigiraf
|-fieldstart|move: Trick Room|[of] p1a: Farigiraf
|
|upkeep
|turn|2
|
|t:|1784870060
|move|p2b: Haaland|Light Screen|p2b: Haaland
|-sidestart|p2: the bags12|move: Light Screen
|move|p1b: Kingambit|Iron Head|p2a: Mighty Eagle
|-damage|p2a: Mighty Eagle|38/100
|-damage|p1b: Kingambit|90/100|[from] item: Life Orb
|move|p1a: Farigiraf|Psychic|p2a: Mighty Eagle
|-supereffective|p2a: Mighty Eagle|1
|-damage|p2a: Mighty Eagle|6/100
|move|p2a: Mighty Eagle|Close Combat|p1b: Kingambit
|-supereffective|p1b: Kingambit|2
|-damage|p1b: Kingambit|0 fnt
|-boost|p2a: Mighty Eagle|def|1
|-boost|p2a: Mighty Eagle|spd|1
|faint|p1b: Kingambit
|
|upkeep
|
|t:|1784870068
|switch|p1b: Camerupt|Camerupt, L50, F|100/100
|turn|3
|
|t:|1784870083
|switch|p2b: Incin|Incineroar, L50, M, shiny|100/100
|-ability|p2b: Incin|Intimidate|boost
|-unboost|p1a: Farigiraf|atk|1
|-unboost|p1b: Camerupt|atk|1
|detailschange|p1b: Camerupt|Camerupt-Mega, L50, F
|-mega|p1b: Camerupt|Camerupt|Cameruptite
|move|p1a: Farigiraf|Helping Hand|p1b: Camerupt
|-singleturn|p1b: Camerupt|Helping Hand|[of] p1a: Farigiraf
|move|p2a: Mighty Eagle|Protect|p2a: Mighty Eagle
|-singleturn|p2a: Mighty Eagle|Protect
|move|p1b: Camerupt|Heat Wave|p2b: Incin|[spread] p2b
|-activate|p2a: Mighty Eagle|move: Protect
|-resisted|p2b: Incin|1
|-damage|p2b: Incin|74/100
|
|-heal|p2b: Incin|80/100|[from] item: Leftovers
|upkeep
|turn|4
|
|t:|1784870103
|move|p2a: Mighty Eagle|Protect||[still]
|-fail|p2a: Mighty Eagle
|move|p1b: Camerupt|Earth Power|p2b: Incin
|-supereffective|p2b: Incin|1
|-damage|p2b: Incin|0 fnt
|faint|p2b: Incin
|move|p1a: Farigiraf|Psychic|p2a: Mighty Eagle
|-supereffective|p2a: Mighty Eagle|1
|-damage|p2a: Mighty Eagle|0 fnt
|faint|p2a: Mighty Eagle
|
|upkeep
|
|t:|1784870106
|switch|p2b: fih|Basculegion, L50, M, shiny|100/100
|switch|p2a: Haaland|Grimmsnarl, L50, M, shiny|100/100
|turn|5
|
|t:|1784870117
|move|p2a: Haaland|Reflect|p2a: Haaland
|-sidestart|p2: the bags12|Reflect
|move|p1b: Camerupt|Earth Power|p2b: fih
|-damage|p2b: fih|49/100
|move|p1a: Farigiraf|Psychic|p2b: fih
|-damage|p2b: fih|24/100
|-unboost|p2b: fih|spd|1
|move|p2b: fih|Wave Crash|p1a: Farigiraf
|-damage|p1a: Farigiraf|12/100
|-damage|p2b: fih|1/100|[from] Recoil
|
|-fieldend|move: Trick Room
|upkeep
|turn|6
|-message|the bags12 forfeited.
|
|win|lolgz
