|j|☆sogreenitslime
|j|☆danilr5tdwl
|html|sogreenitslimedanilr5tdwl    
|uhtml|bestof|Game 1 of a best-of-3
|t:|1782579595
|gametype|doubles
|player|p1|sogreenitslime|pokemaniac|1090
|player|p2|danilr5tdwl|roxie|1140
|gen|9
|tier|[Gen 9 Champions] VGC 2026 Reg M-B (Bo3)
|rated|
|rule|Species Clause: Limit one of each Pokémon
|rule|Item Clause: Limit 1 of each item
|clearpoke
|poke|p1|Aerodactyl, L50, F|
|poke|p1|Rotom-Wash, L50|
|poke|p1|Sceptile, L50, M|
|poke|p1|Kingambit, L50, F|
|poke|p1|Sneasler, L50, F|
|poke|p1|Incineroar, L50, M|
|poke|p2|Pelipper, L50, F|
|poke|p2|Basculegion, L50, M|
|poke|p2|Swampert, L50, F|
|poke|p2|Archaludon, L50, F|
|poke|p2|Sinistcha-Masterpiece, L50|
|poke|p2|Sableye, L50, F|
|teampreview|4
|showteam|p1|Aerodactyl||Aerodactylite|Unnerve|Tailwind,RockSlide,DualWingbeat,Protect|Jolly||F|||50|]Rotom-Wash||ChoiceScarf|Levitate|VoltSwitch,Discharge,Electroweb,HydroPump|Timid|||||50|]Sceptile||Sceptilite|Overgrow|EnergyBall,EarthPower,DragonPulse,Protect|Timid||M|||50|]Kingambit||ChopleBerry|Defiant|KowtowCleave,SuckerPunch,IronHead,Protect|Adamant||F|||50|]Sneasler||WhiteHerb|Unburden|DireClaw,CloseCombat,FakeOut,Protect|Jolly||F|||50|]Incineroar||SitrusBerry|Intimidate|WillOWisp,FlareBlitz,PartingShot,FakeOut|Careful||M|||50|
|showteam|p2|Pelipper||DampRock|Drizzle|Tailwind,Hurricane,Protect,Uturn|Bold||F|||50|]Basculegion||ChoiceScarf|SwiftSwim|LastRespects,FlipTurn,WaveCrash,IceFang|Adamant||M|||50|]Swampert||Swampertite|Torrent|Protect,IcePunch,WaveCrash,StompingTantrum|Adamant||F|||50|]Archaludon||Leftovers|Stamina|FlashCannon,ElectroShot,Protect,AuraSphere|Quiet||F|||50|]Sinistcha-Masterpiece||KasibBerry|Hospitality|TrickRoom,MatchaGotcha,RagePowder,StrengthSap|Relaxed|||||50|]Sableye||RoseliBerry|Prankster|RainDance,FakeOut,Disable,Encore|Careful||F|||50|
|
|t:|1782579628
|teamsize|p1|4
|teamsize|p2|4
|start
|switch|p1a: Aerodactyl|Aerodactyl, L50, F|100/100
|switch|p1b: Sneasler|Sneasler, L50, F|100/100
|switch|p2a: Pelipper|Pelipper, L50, F|100/100
|switch|p2b: Basculegion|Basculegion, L50, M|100/100
|-ability|p1a: Aerodactyl|Unnerve
|-weather|RainDance|[from] ability: Drizzle|[of] p2a: Pelipper
|turn|1
|inactive|Battle timer is ON: inactive players will automatically lose when time's up. (requested by danilr5tdwl)
|inactive|sogreenitslime has 60 seconds left.
|
|t:|1782579670
|move|p1b: Sneasler|Fake Out|p2a: Pelipper
|-damage|p2a: Pelipper|88/100
|move|p2b: Basculegion|Wave Crash|p1a: Aerodactyl
|-supereffective|p1a: Aerodactyl|1
|-damage|p1a: Aerodactyl|0 fnt
|faint|p1a: Aerodactyl
|-damage|p2b: Basculegion|73/100|[from] Recoil
|cant|p2a: Pelipper|flinch
|
|-weather|RainDance|[upkeep]
|upkeep
|
|t:|1782579680
|switch|p1a: Rotom|Rotom-Wash, L50|100/100
|turn|2
|
|t:|1782579696
|switch|p2b: Sableye|Sableye, L50, F|100/100
|switch|p2a: Swampert|Swampert, L50, F|100/100
|move|p1a: Rotom|Volt Switch|p2b: Sableye
|-damage|p2b: Sableye|64/100
|
|t:|1782579705
|switch|p1a: Sceptile|Sceptile, L50, M|100/100|[from] Volt Switch
|move|p1b: Sneasler|Dire Claw|p2a: Swampert
|-resisted|p2a: Swampert|1
|-damage|p2a: Swampert|78/100
|-status|p2a: Swampert|slp
|
|-weather|RainDance|[upkeep]
|upkeep
|turn|3
|inactive|sogreenitslime has 30 seconds left.
|
|t:|1782579738
|switch|p2a: Basculegion|Basculegion, L50, M|73/100
|detailschange|p1a: Sceptile|Sceptile-Mega, L50, M
|-mega|p1a: Sceptile|Sceptile|Sceptilite
|move|p2b: Sableye|Fake Out|p1a: Sceptile
|-damage|p1a: Sceptile|87/100
|cant|p1a: Sceptile|flinch
|move|p1b: Sneasler|Dire Claw|p2b: Sableye
|-resisted|p2b: Sableye|1
|-damage|p2b: Sableye|35/100
|
|-weather|RainDance|[upkeep]
|upkeep
|turn|4
|
|t:|1782579757
|switch|p1a: Rotom|Rotom-Wash, L50|100/100
|move|p1b: Sneasler|Protect|p1b: Sneasler
|-singleturn|p1b: Sneasler|Protect
|move|p2b: Sableye|Disable|p1b: Sneasler
|-activate|p1b: Sneasler|move: Protect
|move|p2a: Basculegion|Ice Fang|p1a: Rotom
|-resisted|p1a: Rotom|1
|-damage|p1a: Rotom|85/100
|
|-weather|RainDance|[upkeep]
|upkeep
|turn|5
|
|t:|1782579779
|switch|p2a: Swampert|Swampert, L50, F|78/100 slp
|switch|p1b: Sceptile|Sceptile-Mega, L50, M|87/100
|move|p2b: Sableye|Encore||[still]
|-fail|p2b: Sableye
|move|p1a: Rotom|Discharge|p2b: Sableye|[spread] p2b
|-ability|p1b: Sceptile|Lightning Rod|boost
|-boost|p1b: Sceptile|spa|1
|-immune|p2a: Swampert
|-damage|p2b: Sableye|6/100
|
|-weather|RainDance|[upkeep]
|upkeep
|turn|6
|
|t:|1782579795
|detailschange|p2a: Swampert|Swampert-Mega, L50, F
|-mega|p2a: Swampert|Swampert|Swampertite
|move|p2b: Sableye|Disable|p1a: Rotom
|-start|p1a: Rotom|Disable|Discharge
|cant|p1a: Rotom|Disable|Discharge
|move|p1b: Sceptile|Energy Ball|p2a: Swampert
|-supereffective|p2a: Swampert|2
|-damage|p2a: Swampert|0 fnt
|faint|p2a: Swampert
|
|-weather|RainDance|[upkeep]
|upkeep
|
|t:|1782579800
|switch|p2a: Basculegion|Basculegion, L50, M|73/100
|turn|7
|
|t:|1782579818
|switch|p1a: Sneasler|Sneasler, L50, F|100/100
|switch|p2b: Pelipper|Pelipper, L50, F|88/100
|move|p1b: Sceptile|Protect|p1b: Sceptile
|-singleturn|p1b: Sceptile|Protect
|move|p2a: Basculegion|Ice Fang|p1b: Sceptile
|-activate|p1b: Sceptile|move: Protect
|
|-weather|RainDance|[upkeep]
|upkeep
|turn|8
|
|t:|1782579840
|switch|p1b: Rotom|Rotom-Wash, L50|85/100
|move|p2a: Basculegion|Ice Fang|p1b: Rotom
|-resisted|p1b: Rotom|1
|-damage|p1b: Rotom|69/100
|move|p1a: Sneasler|Dire Claw|p2a: Basculegion
|-resisted|p2a: Basculegion|1
|-damage|p2a: Basculegion|48/100
|-status|p2a: Basculegion|psn
|move|p2b: Pelipper|Hurricane|p1a: Sneasler
|-supereffective|p1a: Sneasler|1
|-damage|p1a: Sneasler|3/100
|
|-weather|none
|-damage|p2a: Basculegion|36/100 psn|[from] psn
|upkeep
|turn|9
|inactive|danilr5tdwl has 30 seconds left.
|
|t:|1782579874
|switch|p1a: Sceptile|Sceptile-Mega, L50, M|87/100
|move|p1b: Rotom|Discharge|p2a: Basculegion|[spread] p2a,p2b
|-ability|p1a: Sceptile|Lightning Rod|boost
|-boost|p1a: Sceptile|spa|1
|-supereffective|p2a: Basculegion|1
|-supereffective|p2b: Pelipper|2
|-damage|p2a: Basculegion|0 fnt
|-damage|p2b: Pelipper|0 fnt
|faint|p2a: Basculegion
|faint|p2b: Pelipper
|
|upkeep
|
|t:|1782579879
|switch|p2b: Sableye|Sableye, L50, F|6/100
|turn|10
|-message|danilr5tdwl forfeited.
|
|win|sogreenitslime
|l|☆danilr5tdwl
|player|p2|
||danilr5tdwl is ready for game 2.
||sogreenitslime is ready for game 2.
|uhtml|next|Next: Game 2 of 3
