|j|☆dialghite
|j|☆R1xohbilbao
|html|dialghiteR1xohbilbao    
|uhtml|bestof|Game 3 of a best-of-3
|t:|1755961329
|gametype|doubles
|player|p1|dialghite|volkner|1430
|player|p2|R1xohbilbao|ltsurge|1368
|gen|9
|tier|[Gen 9] VGC 2025 Reg H (Bo3)
|rated|
|rule|Species Clause: Limit one of each Pokémon
|rule|Item Clause: Limit 1 of each item
|clearpoke
|poke|p1|Whimsicott, L50, M|
|poke|p1|Garchomp, L50, F|
|poke|p1|Indeedee, L50, M|
|poke|p1|Sneasler, L50, M|
|poke|p1|Ursaluna-Bloodmoon, L50, M|
|poke|p1|Archaludon, L50, M|
|poke|p2|Talonflame, L50, F|
|poke|p2|Ursaluna-Bloodmoon, L50, M|
|poke|p2|Ninetales-Alola, L50, F|
|poke|p2|Sneasler, L50, F|
|poke|p2|Electabuzz, L50, M|
|poke|p2|Hydreigon, L50, F|
|teampreview|4
|showteam|p1|Whimsicott||CovertCloak|Prankster|Moonblast,Taunt,Tailwind,FakeTears|||M|||50|,,,,,Water]Garchomp||LoadedDice|RoughSkin|ScaleShot,StompingTantrum,SwordsDance,Protect|||F|||50|,,,,,Steel]Indeedee||FocusSash|PsychicSurge|ExpandingForce,TeraBlast,Imprison,TrickRoom|||M|||50|,,,,,Psychic]Sneasler||PsychicSeed|Unburden|CloseCombat,DireClaw,ThroatChop,Protect|||M|||50|,,,,,Dark]Ursaluna-Bloodmoon||LifeOrb|MindsEye|HyperVoice,BloodMoon,EarthPower,Protect|||M|||50|,,,,,Normal]Archaludon||PowerHerb|Stalwart|ElectroShot,DragonPulse,Thunderbolt,Protect|||M|||50|,,,,,Electric
|showteam|p2|Talonflame||CovertCloak|GaleWings|BraveBird,Tailwind,WillOWisp,Taunt|||F|||50|,,,,,Ghost]Ursaluna-Bloodmoon||LifeOrb|MindsEye|EarthPower,BloodMoon,HyperVoice,Protect|||M|||50|,,,,,Ghost]Ninetales-Alola||SafetyGoggles|SnowWarning|Blizzard,FreezeDry,Encore,Protect|||F|||50|,,,,,Fire]Sneasler||FocusSash|Unburden|FakeOut,CloseCombat,DireClaw,Protect|||F|||50|,,,,,Stellar]Electabuzz||Eviolite|VitalSpirit|Protect,FollowMe,ThunderWave,VoltSwitch|||M|||50|,,,,,Ghost]Hydreigon||AssaultVest|Levitate|Snarl,DracoMeteor,EarthPower,DarkPulse|||F|||50|,,,,,Ghost
|inactive|Battle timer is ON: inactive players will automatically lose when time's up. (requested by dialghite)
|inactive|R1xohbilbao has 60 seconds left.
|
|t:|1755961365
|teamsize|p1|4
|teamsize|p2|4
|start
|switch|p1a: Whimsicott|Whimsicott, L50, M|100/100
|switch|p1b: Ursaluna|Ursaluna-Bloodmoon, L50, M|100/100
|switch|p2a: Talonflame|Talonflame, L50, F|100/100
|switch|p2b: Ninetales|Ninetales-Alola, L50, F|100/100
|-weather|Snowscape|[from] ability: Snow Warning|[of] p2b: Ninetales
|turn|1
|
|t:|1755961374
|-terastallize|p1a: Whimsicott|Water
|move|p1b: Ursaluna|Protect|p1b: Ursaluna
|-singleturn|p1b: Ursaluna|Protect
|move|p2a: Talonflame|Tailwind|p2a: Talonflame
|-sidestart|p2: R1xohbilbao|move: Tailwind
|move|p1a: Whimsicott|Taunt|p2a: Talonflame
|-start|p2a: Talonflame|move: Taunt
|move|p2b: Ninetales|Blizzard|p1a: Whimsicott|[spread] p1a
|-activate|p1b: Ursaluna|move: Protect
|-resisted|p1a: Whimsicott
|-crit|p1a: Whimsicott
|-damage|p1a: Whimsicott|74/100
|
|-weather|Snowscape|[upkeep]
|upkeep
|turn|2
|inactive|R1xohbilbao has 30 seconds left.
|
|t:|1755961404
|switch|p2a: Hydreigon|Hydreigon, L50, F|100/100
|move|p1a: Whimsicott|Fake Tears|p2b: Ninetales
|-unboost|p2b: Ninetales|spd|2
|move|p2b: Ninetales|Encore|p1b: Ursaluna
|-start|p1b: Ursaluna|Encore
|move|p1b: Ursaluna|Protect||[still]
|-fail|p1b: Ursaluna
|
|-weather|Snowscape|[upkeep]
|upkeep
|turn|3
|
|t:|1755961421
|switch|p2a: Talonflame|Talonflame, L50, F|100/100
|switch|p1b: Sneasler|Sneasler, L50, M|100/100
|move|p1a: Whimsicott|Tailwind|p1a: Whimsicott
|-sidestart|p1: dialghite|move: Tailwind
|move|p2b: Ninetales|Freeze-Dry|p1a: Whimsicott
|-supereffective|p1a: Whimsicott
|-damage|p1a: Whimsicott|4/100
|
|-weather|Snowscape|[upkeep]
|upkeep
|turn|4
|
|t:|1755961440
|switch|p1a: Indeedee|Indeedee, L50, M|100/100
|-fieldstart|move: Psychic Terrain|[from] ability: Psychic Surge|[of] p1a: Indeedee
|-enditem|p1b: Sneasler|Psychic Seed
|-boost|p1b: Sneasler|spd|1|[from] item: Psychic Seed
|move|p2a: Talonflame|Brave Bird|p1b: Sneasler
|-activate|p1b: Sneasler|move: Psychic Terrain
|move|p1b: Sneasler|Dire Claw|p2a: Talonflame
|-damage|p2a: Talonflame|32/100
|move|p2b: Ninetales|Blizzard|p1b: Sneasler|[spread] p1a,p1b
|-damage|p1a: Indeedee|60/100
|-damage|p1b: Sneasler|75/100
|-status|p1a: Indeedee|frz
|
|-weather|Snowscape|[upkeep]
|-sideend|p2: R1xohbilbao|move: Tailwind
|upkeep
|turn|5
|
|t:|1755961455
|move|p1b: Sneasler|Dire Claw|p2a: Talonflame
|-damage|p2a: Talonflame|0 fnt
|faint|p2a: Talonflame
|cant|p1a: Indeedee|frz
|move|p2b: Ninetales|Blizzard|p1a: Indeedee|[spread] p1a,p1b
|-damage|p1a: Indeedee|22/100 frz
|-damage|p1b: Sneasler|48/100
|
|-weather|none
|upkeep
|
|t:|1755961461
|switch|p2a: Hydreigon|Hydreigon, L50, F|100/100
|turn|6
|
|t:|1755961470
|move|p1b: Sneasler|Protect|p1b: Sneasler
|-singleturn|p1b: Sneasler|Protect
|cant|p1a: Indeedee|frz
|move|p2b: Ninetales|Freeze-Dry|p1b: Sneasler
|-activate|p1b: Sneasler|move: Protect
|move|p2a: Hydreigon|Snarl|p1a: Indeedee|[spread] p1a
|-activate|p1b: Sneasler|move: Protect
|-supereffective|p1a: Indeedee
|-damage|p1a: Indeedee|0 fnt
|faint|p1a: Indeedee
|
|-sideend|p1: dialghite|move: Tailwind
|upkeep
|
|t:|1755961481
|switch|p1a: Whimsicott|Whimsicott, L50, M, tera:Water|4/100
|turn|7
|
|t:|1755961494
|-terastallize|p2b: Ninetales|Fire
|move|p1a: Whimsicott|Tailwind|p1a: Whimsicott
|-sidestart|p1: dialghite|move: Tailwind
|move|p1b: Sneasler|Dire Claw|p2a: Hydreigon
|-damage|p2a: Hydreigon|55/100
|move|p2b: Ninetales|Blizzard|p1b: Sneasler|[spread] p1a,p1b
|-resisted|p1a: Whimsicott
|-damage|p1a: Whimsicott|0 fnt
|-damage|p1b: Sneasler|21/100
|faint|p1a: Whimsicott
|move|p2a: Hydreigon|Snarl|p1b: Sneasler
|-resisted|p1b: Sneasler
|-damage|p1b: Sneasler|8/100
|-unboost|p1b: Sneasler|spa|1
|
|upkeep
|
|t:|1755961501
|switch|p1a: Ursaluna|Ursaluna-Bloodmoon, L50, M|100/100
|turn|8
|
|t:|1755961518
|move|p2b: Ninetales|Protect|p2b: Ninetales
|-singleturn|p2b: Ninetales|Protect
|move|p1b: Sneasler|Close Combat|p2a: Hydreigon
|-supereffective|p2a: Hydreigon
|-damage|p2a: Hydreigon|0 fnt
|-unboost|p1b: Sneasler|def|1
|-unboost|p1b: Sneasler|spd|1
|faint|p2a: Hydreigon
|move|p1a: Ursaluna|Blood Moon|p2b: Ninetales
|-activate|p2b: Ninetales|move: Protect
|
|-fieldend|move: Psychic Terrain
|upkeep
|
|t:|1755961527
|switch|p2a: Sneasler|Sneasler, L50, F|100/100
|turn|9
|
|t:|1755961541
|move|p1a: Ursaluna|Protect|p1a: Ursaluna
|-singleturn|p1a: Ursaluna|Protect
|move|p2a: Sneasler|Fake Out|p1a: Ursaluna
|-activate|p1a: Ursaluna|move: Protect
|move|p1b: Sneasler|Dire Claw|p2b: Ninetales
|-damage|p2b: Ninetales|36/100
|move|p2b: Ninetales|Freeze-Dry|p1b: Sneasler
|-damage|p1b: Sneasler|0 fnt
|faint|p1b: Sneasler
|
|upkeep
|turn|10
|
|t:|1755961551
|move|p2a: Sneasler|Protect|p2a: Sneasler
|-singleturn|p2a: Sneasler|Protect
|move|p2b: Ninetales|Protect|p2b: Ninetales
|-singleturn|p2b: Ninetales|Protect
|move|p1a: Ursaluna|Hyper Voice|p2a: Sneasler|[spread] 
|-activate|p2a: Sneasler|move: Protect
|-activate|p2b: Ninetales|move: Protect
|
|-sideend|p1: dialghite|move: Tailwind
|upkeep
|turn|11
|
|t:|1755961555
|move|p2a: Sneasler|Close Combat|p1a: Ursaluna
|-supereffective|p1a: Ursaluna
|-damage|p1a: Ursaluna|12/100
|-unboost|p2a: Sneasler|def|1
|-unboost|p2a: Sneasler|spd|1
|move|p2b: Ninetales|Freeze-Dry|p1a: Ursaluna
|-supereffective|p1a: Ursaluna
|-damage|p1a: Ursaluna|0 fnt
|faint|p1a: Ursaluna
|
|win|R1xohbilbao
|raw|dialghite's rating: 1430 → 1406(-24 for losing)
|raw|R1xohbilbao's rating: 1368 → 1392(+24 for winning)
