|j|☆FreezyPop439
|j|☆Eneix1234
|html|FreezyPop439Eneix1234    
|uhtml|bestof|Game 2 of a best-of-3
|t:|1782230004
|gametype|doubles
|player|p1|FreezyPop439|collector|1198
|player|p2|Eneix1234|265|1085
|gen|9
|tier|[Gen 9 Champions] VGC 2026 Reg M-B (Bo3)
|rated|
|rule|Species Clause: Limit one of each Pokémon
|rule|Item Clause: Limit 1 of each item
|clearpoke
|poke|p1|Garchomp, L50, F|
|poke|p1|Staraptor, L50, F|
|poke|p1|Grimmsnarl, L50, M|
|poke|p1|Gholdengo, L50|
|poke|p1|Maushold-Four, L50|
|poke|p1|Volcarona, L50, F|
|poke|p2|Raichu, L50, M|
|poke|p2|Gyarados, L50, F|
|poke|p2|Sinistcha-Masterpiece, L50|
|poke|p2|Arcanine-Hisui, L50, F|
|poke|p2|Clefable, L50, M|
|poke|p2|Zoroark-Hisui, L50, M|
|teampreview|4
|showteam|p1|Garchomp||LifeOrb|RoughSkin|Earthquake,DragonClaw,RockSlide,Protect|Jolly||F|||50|]Staraptor||Staraptite|Intimidate|BraveBird,CloseCombat,Roost,Protect|Jolly||F|||50|]Grimmsnarl||LightClay|Prankster|SpiritBreak,LightScreen,Reflect,PartingShot|Careful||M|||50|]Gholdengo||MetalCoat|GoodasGold|MakeItRain,ShadowBall,NastyPlot,Protect|Modest|||||50|]Maushold-Four||FocusSash|FriendGuard|FollowMe,Charm,SuperFang,Protect|Jolly|||||50|]Volcarona||ChartiBerry|FlameBody|HeatWave,StruggleBug,RagePowder,Tailwind|Timid||F|||50|
|showteam|p2|Raichu||FocusSash|LightningRod|FakeOut,KnockOff,Nuzzle,Protect|Jolly||M|||50|]Gyarados||Gyaradosite|Intimidate|DragonDance,Protect,Waterfall,Crunch|Adamant||F|||50|]Sinistcha-Masterpiece||SitrusBerry|Hospitality|Protect,RagePowder,ShadowBall,MatchaGotcha|Modest|||||50|]Arcanine-Hisui||ChoiceScarf|RockHead|HeadSmash,FlareBlitz,WildCharge,WillOWisp|Adamant||F|||50|]Clefable||Leftovers|Unaware|Moonblast,FollowMe,LifeDew,Protect|Bold||M|||50|]Zoroark-Hisui||WideLens|Illusion|HyperVoice,ShadowBall,WillOWisp,Protect|Timid||M|||50|
|
|t:|1782230028
|teamsize|p1|4
|teamsize|p2|4
|start
|switch|p1a: Staraptor|Staraptor, L50, F|100/100
|switch|p1b: Volcarona|Volcarona, L50, F|100/100
|switch|p2a: Gyarados|Gyarados, L50, F|100/100
|switch|p2b: Sinistcha|Sinistcha-Masterpiece, L50|100/100
|-ability|p1a: Staraptor|Intimidate|boost
|-unboost|p2a: Gyarados|atk|1
|-unboost|p2b: Sinistcha|atk|1
|-ability|p2a: Gyarados|Intimidate|boost
|-unboost|p1a: Staraptor|atk|1
|-unboost|p1b: Volcarona|atk|1
|turn|1
|
|t:|1782230056
|switch|p2a: Clefable|Clefable, L50, M|100/100
|switch|p2b: Arcanine|Arcanine-Hisui, L50, F|100/100
|detailschange|p1a: Staraptor|Staraptor-Mega, L50, F
|-mega|p1a: Staraptor|Staraptor|Staraptite
|move|p1a: Staraptor|Brave Bird|p2b: Arcanine
|-resisted|p2b: Arcanine|1
|-damage|p2b: Arcanine|80/100
|-damage|p1a: Staraptor|94/100|[from] Recoil
|move|p1b: Volcarona|Tailwind|p1b: Volcarona
|-sidestart|p1: FreezyPop439|move: Tailwind
|
|upkeep
|turn|2
|
|t:|1782230089
|move|p1b: Volcarona|Rage Powder|p1b: Volcarona
|-singleturn|p1b: Volcarona|move: Rage Powder
|move|p2a: Clefable|Follow Me|p2a: Clefable
|-singleturn|p2a: Clefable|move: Follow Me
|move|p1a: Staraptor|Brave Bird|p2a: Clefable
|-damage|p2a: Clefable|57/100
|-damage|p1a: Staraptor|79/100|[from] Recoil
|move|p2b: Arcanine|Head Smash|p1b: Volcarona
|-supereffective|p1b: Volcarona|2
|-enditem|p1b: Volcarona|Charti Berry|[eat]
|-enditem|p1b: Volcarona|Charti Berry|[weaken]
|-damage|p1b: Volcarona|0 fnt
|faint|p1b: Volcarona
|
|-heal|p2a: Clefable|63/100|[from] item: Leftovers
|upkeep
|
|t:|1782230107
|switch|p1b: Gholdengo|Gholdengo, L50|100/100
|turn|3
|
|t:|1782230120
|switch|p2b: Sinistcha|Sinistcha-Masterpiece, L50|100/100
|-heal|p2a: Clefable|88/100|[from] ability: Hospitality|[of] p2b: Sinistcha
|move|p1a: Staraptor|Protect|p1a: Staraptor
|-singleturn|p1a: Staraptor|Protect
|move|p2a: Clefable|Protect|p2a: Clefable
|-singleturn|p2a: Clefable|Protect
|move|p1b: Gholdengo|Nasty Plot|p1b: Gholdengo
|-boost|p1b: Gholdengo|spa|2
|
|-heal|p2a: Clefable|94/100|[from] item: Leftovers
|upkeep
|turn|4
|
|t:|1782230143
|move|p2a: Clefable|Follow Me|p2a: Clefable
|-singleturn|p2a: Clefable|move: Follow Me
|move|p1a: Staraptor|Brave Bird|p2a: Clefable
|-damage|p2a: Clefable|48/100
|-damage|p1a: Staraptor|62/100|[from] Recoil
|move|p1b: Gholdengo|Make It Rain|p2a: Clefable|[spread] p2a,p2b
|-supereffective|p2a: Clefable|1
|-damage|p2a: Clefable|0 fnt
|-damage|p2b: Sinistcha|0 fnt
|-unboost|p1b: Gholdengo|spa|2
|faint|p2a: Clefable
|faint|p2b: Sinistcha
|
|-sideend|p1: FreezyPop439|move: Tailwind
|upkeep
|
|t:|1782230156
|switch|p2b: Gyarados|Gyarados, L50, F|100/100
|switch|p2a: Arcanine|Arcanine-Hisui, L50, F|80/100
|-ability|p2b: Gyarados|Intimidate|boost
|-boost|p1a: Staraptor|atk|1
|-unboost|p1b: Gholdengo|atk|1
|turn|5
|
|t:|1782230196
|detailschange|p2b: Gyarados|Gyarados-Mega, L50, F
|-mega|p2b: Gyarados|Gyarados|Gyaradosite
|-ability|p2b: Gyarados|Mold Breaker
|move|p1a: Staraptor|Protect|p1a: Staraptor
|-singleturn|p1a: Staraptor|Protect
|move|p2a: Arcanine|Head Smash|p1a: Staraptor
|-activate|p1a: Staraptor|move: Protect
|move|p2b: Gyarados|Crunch|p1b: Gholdengo
|-supereffective|p1b: Gholdengo|1
|-damage|p1b: Gholdengo|0 fnt
|faint|p1b: Gholdengo
|
|upkeep
|
|t:|1782230206
|switch|p1b: Maushold|Maushold-Four, L50|100/100
|turn|6
|
|t:|1782230219
|move|p1b: Maushold|Follow Me|p1b: Maushold
|-singleturn|p1b: Maushold|move: Follow Me
|move|p2a: Arcanine|Head Smash|p1b: Maushold
|-enditem|p1b: Maushold|Focus Sash
|-damage|p1b: Maushold|1/100
|move|p1a: Staraptor|Close Combat|p2a: Arcanine
|-supereffective|p2a: Arcanine|1
|-damage|p2a: Arcanine|0 fnt
|-boost|p1a: Staraptor|def|1
|-boost|p1a: Staraptor|spd|1
|faint|p2a: Arcanine
|move|p2b: Gyarados|Waterfall|p1b: Maushold
|-damage|p1b: Maushold|0 fnt
|faint|p1b: Maushold
|
|upkeep
|turn|7
|
|t:|1782230235
|move|p1a: Staraptor|Close Combat|p2b: Gyarados
|-supereffective|p2b: Gyarados|1
|-damage|p2b: Gyarados|0 fnt
|-boost|p1a: Staraptor|def|1
|-boost|p1a: Staraptor|spd|1
|faint|p2b: Gyarados
|
|win|FreezyPop439
|raw|FreezyPop439's rating: 1198 → 1215(+17 for winning)
|raw|Eneix1234's rating: 1085 → 1069(-16 for losing)
