|j|☆powerthepower
|j|☆dust_less
|html|powerthepowerdust_less    
|uhtml|bestof|Game 1 of a best-of-3
|t:|1782310802
|gametype|doubles
|player|p1|powerthepower|2|
|player|p2|dust_less|elio|
|gen|9
|tier|[Gen 9 Champions] VGC 2026 Reg M-B (Bo3)
|rule|Species Clause: Limit one of each Pokémon
|rule|Item Clause: Limit 1 of each item
|clearpoke
|poke|p1|Drampa, L50, F|
|poke|p1|Grimmsnarl, L50, M|
|poke|p1|Aegislash, L50, F, shiny|
|poke|p1|Kingambit, L50, M|
|poke|p1|Rotom-Wash, L50|
|poke|p1|Aerodactyl, L50, F|
|poke|p2|Meganium, L50, F|
|poke|p2|Pelipper, L50, M|
|poke|p2|Archaludon, L50, M|
|poke|p2|Grimmsnarl, L50, M|
|poke|p2|Basculegion, L50, M|
|poke|p2|Swampert, L50, F|
|teampreview|4
|showteam|p1|Drampa||Drampanite|CloudNine|HyperVoice,CalmMind,DragonPulse,Protect|Modest||F|||50|]Grimmsnarl||LightClay|Prankster|Swagger,LightScreen,Reflect,PartingShot|Careful||M|||50|]Aegislash||Leftovers|StanceChange|ShadowBall,FlashCannon,WideGuard,KingsShield|Modest||F|||50|]Kingambit||BlackGlasses|Defiant|KowtowCleave,SuckerPunch,SwordsDance,Protect|Adamant||M|||50|]Rotom-Wash||ChoiceScarf|Levitate|WillOWisp,HydroPump,Thunderbolt,Electroweb|Timid|||||50|]Aerodactyl||Aerodactylite|Unnerve|RockSlide,Tailwind,DualWingbeat,Protect|Jolly||F|||50|
|showteam|p2|Meganium||Meganiumite|Overgrow|SolarBeam,DazzlingGleam,EarthPower,WeatherBall|Modest||F|||50|]Pelipper||SitrusBerry|Drizzle|Uturn,IcyWind,Hurricane,WeatherBall|Modest||M|||50|]Archaludon||Leftovers|Stamina|DracoMeteor,ElectroShot,FlashCannon,Protect|Modest||M|||50|]Grimmsnarl||LightClay|Prankster|Reflect,LightScreen,PartingShot,SpiritBreak|Careful||M|||50|]Basculegion||ChoiceScarf|Adaptability|FlipTurn,LastRespects,WaveCrash,PsychicFangs|Jolly||M|||50|]Swampert||Swampertite|Damp|FlipTurn,Earthquake,WaveCrash,IcePunch|Adamant||F|||50|
|inactive|Battle timer is ON: inactive players will automatically lose when time's up. (requested by dust_less)
|inactive|powerthepower has 60 seconds left.
|inactive|dust_less has 60 seconds left.
|
|t:|1782310840
|teamsize|p1|4
|teamsize|p2|4
|start
|switch|p1a: Drampa|Drampa, L50, F|100/100
|switch|p1b: Grimmsnarl|Grimmsnarl, L50, M|100/100
|switch|p2a: Meganium|Meganium, L50, F|100/100
|switch|p2b: Grimmsnarl|Grimmsnarl, L50, M|100/100
|-ability|p1a: Drampa|Cloud Nine
|turn|1
|
|t:|1782310852
|detailschange|p2a: Meganium|Meganium-Mega, L50, F
|-mega|p2a: Meganium|Meganium|Meganiumite
|move|p1a: Drampa|Protect|p1a: Drampa
|-singleturn|p1a: Drampa|Protect
|move|p2b: Grimmsnarl|Light Screen|p2b: Grimmsnarl
|-sidestart|p2: dust_less|move: Light Screen
|move|p1b: Grimmsnarl|Light Screen|p1b: Grimmsnarl
|-sidestart|p1: powerthepower|move: Light Screen
|move|p2a: Meganium|Dazzling Gleam|p1a: Drampa|[spread] p1b
|-activate|p1a: Drampa|move: Protect
|-supereffective|p1b: Grimmsnarl|1
|-damage|p1b: Grimmsnarl|60/100
|
|upkeep
|turn|2
|
|t:|1782310867
|detailschange|p1a: Drampa|Drampa-Mega, L50, F
|-mega|p1a: Drampa|Drampa|Drampanite
|move|p1b: Grimmsnarl|Parting Shot|p2a: Meganium
|-unboost|p2a: Meganium|atk|1
|-unboost|p2a: Meganium|spa|1
|
|t:|1782310877
|switch|p1b: Rotom|Rotom-Wash, L50|100/100|[from] Parting Shot
|move|p2a: Meganium|Dazzling Gleam|p1b: Rotom|[spread] p1a,p1b
|-supereffective|p1a: Drampa|1
|-damage|p1a: Drampa|73/100
|-damage|p1b: Rotom|76/100
|move|p2b: Grimmsnarl|Spirit Break|p1a: Drampa
|-supereffective|p1a: Drampa|1
|-damage|p1a: Drampa|11/100
|-unboost|p1a: Drampa|spa|1
|-ability|p1a: Drampa|Berserk|boost
|-boost|p1a: Drampa|spa|1
|move|p1a: Drampa|Calm Mind|p1a: Drampa
|-boost|p1a: Drampa|spa|1
|-boost|p1a: Drampa|spd|1
|
|upkeep
|turn|3
|
|t:|1782310893
|move|p1a: Drampa|Protect|p1a: Drampa
|-singleturn|p1a: Drampa|Protect
|move|p1b: Rotom|Electroweb|p2b: Grimmsnarl|[spread] p2b
|-miss|p1b: Rotom|p2a: Meganium
|-damage|p2b: Grimmsnarl|90/100
|-unboost|p2b: Grimmsnarl|spe|1
|move|p2a: Meganium|Solar Beam||[still]
|-prepare|p2a: Meganium|Solar Beam
|-activate|p2a: Meganium|ability: Mega Sol
|-anim|p2a: Meganium|Solar Beam|p1b: Rotom
|-supereffective|p1b: Rotom|1
|-damage|p1b: Rotom|0 fnt
|faint|p1b: Rotom
|move|p2b: Grimmsnarl|Spirit Break|p1a: Drampa
|-activate|p1a: Drampa|move: Protect
|
|upkeep
|
|t:|1782310906
|switch|p1b: Aerodactyl|Aerodactyl, L50, F|100/100
|-ability|p1b: Aerodactyl|Unnerve
|turn|4
|
|t:|1782310912
|move|p2b: Grimmsnarl|Reflect|p2b: Grimmsnarl
|-sidestart|p2: dust_less|Reflect
|move|p1b: Aerodactyl|Tailwind|p1b: Aerodactyl
|-sidestart|p1: powerthepower|move: Tailwind
|move|p1a: Drampa|Hyper Voice|p2b: Grimmsnarl|[spread] p2a,p2b
|-damage|p2a: Meganium|58/100
|-damage|p2b: Grimmsnarl|58/100
|move|p2a: Meganium|Dazzling Gleam|p1a: Drampa|[spread] p1a,p1b
|-supereffective|p1a: Drampa|1
|-damage|p1a: Drampa|0 fnt
|-damage|p1b: Aerodactyl|75/100
|faint|p1a: Drampa
|
|upkeep
|
|t:|1782310922
|switch|p1a: Grimmsnarl|Grimmsnarl, L50, M|60/100
|turn|5
|
|t:|1782310931
|move|p1a: Grimmsnarl|Parting Shot|p2b: Grimmsnarl
|-hint|Since gen 7, Dark is immune to Prankster moves.
|-immune|p2b: Grimmsnarl
|move|p1b: Aerodactyl|Dual Wingbeat|p2a: Meganium
|-supereffective|p2a: Meganium|1
|-damage|p2a: Meganium|34/100
|-supereffective|p2a: Meganium|1
|-damage|p2a: Meganium|14/100
|-hitcount|p2a: Meganium|2
|move|p2a: Meganium|Dazzling Gleam|p1a: Grimmsnarl|[spread] p1a,p1b
|-supereffective|p1a: Grimmsnarl|1
|-damage|p1a: Grimmsnarl|36/100
|-damage|p1b: Aerodactyl|52/100
|move|p2b: Grimmsnarl|Spirit Break|p1a: Grimmsnarl
|-supereffective|p1a: Grimmsnarl|1
|-damage|p1a: Grimmsnarl|0 fnt
|faint|p1a: Grimmsnarl
|
|upkeep
|turn|6
|inactive|dust_less has 30 seconds left.
|
|t:|1782310959
|move|p2b: Grimmsnarl|Parting Shot|p1b: Aerodactyl
|-unboost|p1b: Aerodactyl|atk|1
|-unboost|p1b: Aerodactyl|spa|1
|
|t:|1782310963
|switch|p2b: Pelipper|Pelipper, L50, M|100/100|[from] Parting Shot
|-weather|RainDance|[from] ability: Drizzle|[of] p2b: Pelipper
|move|p1b: Aerodactyl|Dual Wingbeat|p2a: Meganium
|-supereffective|p2a: Meganium|1
|-damage|p2a: Meganium|2/100
|-supereffective|p2a: Meganium|1
|-damage|p2a: Meganium|0 fnt
|faint|p2a: Meganium
|-hitcount|p2: Meganium|2
|
|-weather|RainDance|[upkeep]
|upkeep
|
|t:|1782310965
|switch|p2a: Swampert|Swampert, L50, F|100/100
|turn|7
|
|t:|1782310971
|move|p1b: Aerodactyl|Rock Slide|p2a: Swampert|[spread] p2a,p2b
|-resisted|p2a: Swampert|1
|-supereffective|p2b: Pelipper|1
|-damage|p2a: Swampert|93/100
|-damage|p2b: Pelipper|73/100
|move|p2a: Swampert|Wave Crash|p1b: Aerodactyl
|-supereffective|p1b: Aerodactyl|1
|-damage|p1b: Aerodactyl|0 fnt
|faint|p1b: Aerodactyl
|-damage|p2a: Swampert|77/100|[from] Recoil
|
|win|dust_less
