|j|☆valeriarichards
|j|☆sum1dum
|html|valeriarichardssum1dum    
|uhtml|bestof|Game 1 of a best-of-3
|t:|1783111723
|gametype|doubles
|player|p1|valeriarichards|kimonogirl|1097
|player|p2|sum1dum|rosa|1175
|gen|9
|tier|[Gen 9 Champions] VGC 2026 Reg M-B (Bo3)
|rated|
|rule|Species Clause: Limit one of each Pokémon
|rule|Item Clause: Limit 1 of each item
|clearpoke
|poke|p1|Delphox, L50, M, shiny|
|poke|p1|Sneasler, L50, F|
|poke|p1|Whimsicott, L50, F|
|poke|p1|Aerodactyl, L50, M|
|poke|p1|Garchomp, L50, F|
|poke|p1|Rotom-Wash, L50|
|poke|p2|Gliscor, L50, F|
|poke|p2|Primarina, L50, F|
|poke|p2|Metagross, L50|
|poke|p2|Ninetales-Alola, L50, M|
|poke|p2|Incineroar, L50, F|
|poke|p2|Sinistcha, L50|
|teampreview|4
|showteam|p1|Delphox||Delphoxite|Blaze|NastyPlot,Psychic,HeatWave,Protect|Timid||M|||50|]Sneasler||FocusSash|Unburden|DireClaw,FakeOut,Protect,CloseCombat|Adamant||F|||50|]Whimsicott||Leftovers|Prankster|Encore,Protect,Tailwind,EnergyBall|Bold||F|||50|]Aerodactyl||Aerodactylite|Unnerve|RockSlide,DualWingbeat,Tailwind,Protect|Jolly||M|||50|]Garchomp||WhiteHerb|RoughSkin|Earthquake,ScaleShot,RockSlide,Protect|Jolly||F|||50|]Rotom-Wash||SitrusBerry|Levitate|HydroPump,HelpingHand,WillOWisp,Thunderbolt|Timid|||||50|
|showteam|p2|Gliscor||LifeOrb|HyperCutter|DualWingbeat,HighHorsepower,Protect,RockSlide|Jolly||F|||50|]Primarina||Leftovers|LiquidVoice|CalmMind,HyperVoice,Moonblast,Protect|Modest||F|||50|]Metagross||Metagrossite|ClearBody|BulletPunch,IronHead,Protect,PsychicFangs|Jolly|||||50|]Ninetales-Alola||LightClay|SnowWarning|AuroraVeil,FreezeDry,Moonblast,Protect|Timid||M|||50|]Incineroar||ChopleBerry|Intimidate|FakeOut,FlareBlitz,DarkestLariat,PartingShot|Impish||F|||50|]Sinistcha||SitrusBerry|Hospitality|MatchaGotcha,Protect,LifeDew,RagePowder|Bold|||||50|
|inactive|Battle timer is ON: inactive players will automatically lose when time's up. (requested by sum1dum)
|inactive|sum1dum has 60 seconds left.
|inactive|sum1dum has 30 seconds left.
|inactive|sum1dum has 20 seconds left.
|inactive|sum1dum has 15 seconds left.
|
|t:|1783111801
|teamsize|p1|4
|teamsize|p2|4
|start
|switch|p1a: Whimsicott|Whimsicott, L50, F|100/100
|switch|p1b: Delphox|Delphox, L50, M, shiny|100/100
|switch|p2a: Justice|Incineroar, L50, F|100/100
|switch|p2b: Integrity|Ninetales-Alola, L50, M|100/100
|-weather|Snowscape|[from] ability: Snow Warning|[of] p2b: Integrity
|-ability|p2a: Justice|Intimidate|boost
|-unboost|p1a: Whimsicott|atk|1
|-unboost|p1b: Delphox|atk|1
|turn|1
|
|t:|1783111825
|switch|p1b: Rotom|Rotom-Wash, L50|100/100
|move|p2a: Justice|Fake Out|p1b: Rotom
|-damage|p1b: Rotom|86/100
|move|p1a: Whimsicott|Tailwind|p1a: Whimsicott
|-sidestart|p1: valeriarichards|move: Tailwind
|move|p2b: Integrity|Aurora Veil|p2b: Integrity
|-sidestart|p2: sum1dum|move: Aurora Veil
|
|-weather|Snowscape|[upkeep]
|upkeep
|turn|2
|inactive|valeriarichards has 30 seconds left.
|inactive|sum1dum has 30 seconds left.
|
|t:|1783111857
|switch|p2b: Patience|Primarina, L50, F|100/100
|move|p1a: Whimsicott|Encore||[still]
|-fail|p1a: Whimsicott
|move|p1b: Rotom|Hydro Pump|p2a: Justice
|-supereffective|p2a: Justice|1
|-damage|p2a: Justice|42/100
|move|p2a: Justice|Flare Blitz|p1a: Whimsicott
|-supereffective|p1a: Whimsicott|1
|-damage|p1a: Whimsicott|10/100
|-status|p1a: Whimsicott|brn
|-damage|p2a: Justice|17/100|[from] Recoil
|
|-weather|Snowscape|[upkeep]
|-heal|p1a: Whimsicott|16/100 brn|[from] item: Leftovers
|-damage|p1a: Whimsicott|10/100 brn|[from] brn
|upkeep
|turn|3
|
|t:|1783111878
|switch|p2a: Integrity|Ninetales-Alola, L50, M|100/100
|move|p1b: Rotom|Hydro Pump|p2a: Integrity
|-damage|p2a: Integrity|61/100
|move|p1a: Whimsicott|Energy Ball|p2b: Patience
|-supereffective|p2b: Patience|1
|-damage|p2b: Patience|69/100
|move|p2b: Patience|Moonblast|p1a: Whimsicott
|-damage|p1a: Whimsicott|0 fnt
|faint|p1a: Whimsicott
|
|-weather|Snowscape|[upkeep]
|-heal|p2b: Patience|75/100|[from] item: Leftovers
|upkeep
|
|t:|1783111884
|switch|p1a: Delphox|Delphox, L50, M, shiny|100/100
|turn|4
|
|t:|1783111896
|switch|p2a: Kindness|Sinistcha, L50|100/100
|-heal|p2b: Patience|100/100|[from] ability: Hospitality|[of] p2a: Kindness
|detailschange|p1a: Delphox|Delphox-Mega, L50, M, shiny
|-mega|p1a: Delphox|Delphox|Delphoxite
|move|p1a: Delphox|Psychic|p2b: Patience
|-damage|p2b: Patience|68/100
|move|p1b: Rotom|Thunderbolt|p2b: Patience
|-supereffective|p2b: Patience|1
|-damage|p2b: Patience|19/100
|move|p2b: Patience|Calm Mind|p2b: Patience
|-boost|p2b: Patience|spa|1
|-boost|p2b: Patience|spd|1
|
|-weather|Snowscape|[upkeep]
|-heal|p2b: Patience|25/100|[from] item: Leftovers
|-sideend|p1: valeriarichards|move: Tailwind
|upkeep
|turn|5
|
|t:|1783111915
|switch|p2a: Justice|Incineroar, L50, F|17/100
|-ability|p2a: Justice|Intimidate|boost
|-unboost|p1a: Delphox|atk|1
|-unboost|p1b: Rotom|atk|1
|move|p1a: Delphox|Protect|p1a: Delphox
|-singleturn|p1a: Delphox|Protect
|move|p2b: Patience|Protect|p2b: Patience
|-singleturn|p2b: Patience|Protect
|move|p1b: Rotom|Thunderbolt|p2b: Patience
|-activate|p2b: Patience|move: Protect
|
|-weather|none
|-heal|p2b: Patience|31/100|[from] item: Leftovers
|upkeep
|turn|6
|
|t:|1783111930
|switch|p1a: Garchomp|Garchomp, L50, F|100/100
|move|p2a: Justice|Fake Out|p1b: Rotom
|-crit|p1b: Rotom
|-damage|p1b: Rotom|64/100
|cant|p1b: Rotom|flinch
|move|p2b: Patience|Hyper Voice|p1b: Rotom|[spread] p1a,p1b
|-resisted|p1b: Rotom|1
|-damage|p1a: Garchomp|46/100
|-damage|p1b: Rotom|29/100
|-enditem|p1b: Rotom|Sitrus Berry|[eat]
|-heal|p1b: Rotom|54/100|[from] item: Sitrus Berry
|
|-heal|p2b: Patience|36/100|[from] item: Leftovers
|upkeep
|turn|7
|
|t:|1783111946
|switch|p2a: Kindness|Sinistcha, L50|100/100
|-heal|p2b: Patience|61/100|[from] ability: Hospitality|[of] p2a: Kindness
|move|p1a: Garchomp|Scale Shot|p2a: Kindness|[miss]
|-miss|p1a: Garchomp|p2a: Kindness
|move|p1b: Rotom|Thunderbolt|p2b: Patience
|-supereffective|p2b: Patience|1
|-damage|p2b: Patience|31/100
|move|p2b: Patience|Moonblast|p1b: Rotom
|-damage|p1b: Rotom|0 fnt
|faint|p1b: Rotom
|
|-heal|p2b: Patience|36/100|[from] item: Leftovers
|upkeep
|
|t:|1783111949
|switch|p1b: Delphox|Delphox-Mega, L50, M, shiny|100/100
|turn|8
|-message|valeriarichards forfeited.
|
|win|sum1dum
