|j|☆Barri Deagol
|j|☆Vegs Bunny
|html|Barri DeagolVegs Bunny    
|uhtml|bestof|Game 2 of a best-of-3
|t:|1756541458
|gametype|doubles
|player|p1|Barri Deagol|collector|1159
|player|p2|Vegs Bunny|169|1202
|gen|9
|tier|[Gen 9] VGC 2025 Reg H (Bo3)
|rated|
|rule|Species Clause: Limit one of each Pokémon
|rule|Item Clause: Limit 1 of each item
|clearpoke
|poke|p1|Archaludon, L50, M|
|poke|p1|Dragonite, L50, M|
|poke|p1|Pelipper, L50, M|
|poke|p1|Ursaluna, L50, F|
|poke|p1|Sinistcha, L50|
|poke|p1|Gholdengo, L50|
|poke|p2|Sneasler, L50, M|
|poke|p2|Amoonguss, L50, M|
|poke|p2|Gholdengo, L50|
|poke|p2|Incineroar, L50, M|
|poke|p2|Dragonite, L50, F|
|poke|p2|Ursaluna-Bloodmoon, L50, M|
|teampreview|4
|showteam|p1|Archaludon||AssaultVest|Stamina|FlashCannon,BodyPress,ElectroShot,Snarl|||M|||50|,,,,,Fighting]Dragonite||LoadedDice|Multiscale|ScaleShot,Tailwind,Haze,Protect|||M|||50|,,,,,Fairy]Pelipper||FocusSash|Drizzle|MuddyWater,Hurricane,Tailwind,Protect|||M|||50|,,,,,Ghost]Ursaluna||FlameOrb|Guts|Facade,HeadlongRush,Earthquake,Protect|||F|||50|,,,,,Ghost]Sinistcha||SitrusBerry|Hospitality|MatchaGotcha,LifeDew,RagePowder,TrickRoom||||||50|,,,,,Dark]Gholdengo||ChoiceScarf|GoodasGold|MakeItRain,ShadowBall,Trick,Protect||||||50|,,,,,Flying
|showteam|p2|Sneasler||FocusSash|Unburden|DireClaw,CloseCombat,Protect,ThroatChop|||M|||50|,,,,,Stellar]Amoonguss||SitrusBerry|Regenerator|RagePowder,Spore,PollenPuff,Protect|||M|||50|,,,,,Water]Gholdengo||LifeOrb|GoodasGold|MakeItRain,ShadowBall,Protect,NastyPlot||||||50|,,,,,Water]Incineroar||SafetyGoggles|Intimidate|FlareBlitz,PartingShot,FakeOut,KnockOff|||M|||50|,,,,,Ghost]Dragonite||LoadedDice|Multiscale|ScaleShot,Tailwind,Protect,Haze|||F|||50|,,,,,Fairy]Ursaluna-Bloodmoon||AssaultVest|MindsEye|BloodMoon,VacuumWave,HyperVoice,EarthPower|||M|||50|,,,,,Water
|inactive|Battle timer is ON: inactive players will automatically lose when time's up. (requested by Barri Deagol)
|
|t:|1756541481
|teamsize|p1|4
|teamsize|p2|4
|start
|switch|p1a: Dragonite|Dragonite, L50, M|100/100
|switch|p1b: Gholdengo|Gholdengo, L50|100/100
|switch|p2a: Gholdengo|Gholdengo, L50|100/100
|switch|p2b: Dragonite|Dragonite, L50, F|100/100
|turn|1
|inactive|Barri Deagol has 30 seconds left.
|inactive|Vegs Bunny has 30 seconds left.
|inactive|Barri Deagol has 20 seconds left.
|inactive|Vegs Bunny has 20 seconds left.
|inactive|Barri Deagol has 15 seconds left.
|inactive|Vegs Bunny has 15 seconds left.
|inactive|Barri Deagol has 10 seconds left.
|inactive|Vegs Bunny has 10 seconds left.
|inactive|Barri Deagol has 5 seconds left.
|
|t:|1756541532
|move|p1b: Gholdengo|Shadow Ball|p2a: Gholdengo
|-supereffective|p2a: Gholdengo
|-damage|p2a: Gholdengo|0 fnt
|faint|p2a: Gholdengo
|move|p2b: Dragonite|Scale Shot|p1a: Dragonite
|-supereffective|p1a: Dragonite
|-damage|p1a: Dragonite|84/100
|-supereffective|p1a: Dragonite
|-damage|p1a: Dragonite|47/100
|-supereffective|p1a: Dragonite
|-damage|p1a: Dragonite|14/100
|-supereffective|p1a: Dragonite
|-damage|p1a: Dragonite|0 fnt
|faint|p1a: Dragonite
|-hitcount|p1: Dragonite|4
|-unboost|p2b: Dragonite|def|1
|-boost|p2b: Dragonite|spe|1
|
|upkeep
|
|t:|1756541554
|switch|p2a: Ursaluna|Ursaluna-Bloodmoon, L50, M|100/100
|switch|p1a: Ursaluna|Ursaluna, L50, F|100/100
|turn|2
|inactive|Vegs Bunny has 30 seconds left.
|
|t:|1756541580
|-terastallize|p1b: Gholdengo|Flying
|move|p1a: Ursaluna|Protect|p1a: Ursaluna
|-singleturn|p1a: Ursaluna|Protect
|move|p1b: Gholdengo|Shadow Ball|p2b: Dragonite
|-damage|p2b: Dragonite|75/100
|move|p2b: Dragonite|Scale Shot|p1a: Ursaluna
|-activate|p1a: Ursaluna|move: Protect
|move|p2a: Ursaluna|Earth Power|p1b: Gholdengo
|-immune|p1b: Gholdengo
|
|-status|p1a: Ursaluna|brn|[from] item: Flame Orb
|upkeep
|turn|3
|inactive|Barri Deagol has 30 seconds left.
|inactive|Vegs Bunny has 30 seconds left.
|
|t:|1756541614
|move|p1b: Gholdengo|Shadow Ball|p2b: Dragonite
|-damage|p2b: Dragonite|21/100
|-unboost|p2b: Dragonite|spd|1
|move|p2b: Dragonite|Tailwind|p2b: Dragonite
|-sidestart|p2: Vegs Bunny|move: Tailwind
|move|p2a: Ursaluna|Blood Moon|p1a: Ursaluna
|-damage|p1a: Ursaluna|24/100 brn
|move|p1a: Ursaluna|Facade|p2a: Ursaluna
|-damage|p2a: Ursaluna|11/100
|
|-damage|p1a: Ursaluna|18/100 brn|[from] brn
|upkeep
|turn|4
|inactive|Barri Deagol has 30 seconds left.
|inactive|Vegs Bunny has 30 seconds left.
|inactive|Barri Deagol has 20 seconds left.
|inactive|Barri Deagol has 15 seconds left.
|
|t:|1756541654
|switch|p1a: Sinistcha|Sinistcha, L50|100/100
|move|p2b: Dragonite|Scale Shot|p1b: Gholdengo|[miss]
|-miss|p2b: Dragonite|p1b: Gholdengo
|move|p1b: Gholdengo|Shadow Ball|p2b: Dragonite
|-damage|p2b: Dragonite|0 fnt
|faint|p2b: Dragonite
|move|p2a: Ursaluna|Hyper Voice|p1b: Gholdengo|[spread] p1a,p1b
|-damage|p1a: Sinistcha|70/100
|-damage|p1b: Gholdengo|61/100
|
|upkeep
|
|t:|1756541668
|switch|p2b: Amoonguss|Amoonguss, L50, M|100/100
|turn|5
|
|t:|1756541682
|move|p1b: Gholdengo|Shadow Ball|p2b: Amoonguss
|-damage|p2b: Amoonguss|57/100
|-unboost|p2b: Amoonguss|spd|1
|move|p2a: Ursaluna|Hyper Voice|p1b: Gholdengo|[spread] p1a,p1b
|-damage|p1a: Sinistcha|41/100
|-damage|p1b: Gholdengo|18/100
|-enditem|p1a: Sinistcha|Sitrus Berry|[eat]
|-heal|p1a: Sinistcha|66/100|[from] item: Sitrus Berry
|move|p2b: Amoonguss|Pollen Puff|p2a: Ursaluna
|-heal|p2a: Ursaluna|60/100
|move|p1a: Sinistcha|Matcha Gotcha|p2b: Amoonguss|[spread] p2a,p2b
|-supereffective|p2a: Ursaluna
|-resisted|p2b: Amoonguss
|-damage|p2a: Ursaluna|30/100
|-heal|p1a: Sinistcha|83/100|[from] drain|[of] p2a: Ursaluna
|-damage|p2b: Amoonguss|49/100
|-heal|p1a: Sinistcha|88/100|[from] drain|[of] p2b: Amoonguss
|-status|p2a: Ursaluna|brn
|-enditem|p2b: Amoonguss|Sitrus Berry|[eat]
|-heal|p2b: Amoonguss|74/100|[from] item: Sitrus Berry
|
|-damage|p2a: Ursaluna|25/100 brn|[from] brn
|upkeep
|turn|6
|inactive|Barri Deagol has 30 seconds left.
|inactive|Vegs Bunny has 30 seconds left.
|inactive|Barri Deagol has 20 seconds left.
|
|t:|1756541720
|-terastallize|p2a: Ursaluna|Water
|move|p1b: Gholdengo|Shadow Ball|p2b: Amoonguss
|-damage|p2b: Amoonguss|16/100
|move|p2a: Ursaluna|Hyper Voice|p1b: Gholdengo|[spread] p1a,p1b
|-damage|p1a: Sinistcha|57/100
|-damage|p1b: Gholdengo|0 fnt
|faint|p1b: Gholdengo
|move|p2b: Amoonguss|Pollen Puff|p2a: Ursaluna
|-heal|p2a: Ursaluna|74/100 brn
|move|p1a: Sinistcha|Matcha Gotcha|p2a: Ursaluna|[spread] p2a,p2b
|-supereffective|p2a: Ursaluna
|-resisted|p2b: Amoonguss
|-damage|p2a: Ursaluna|43/100 brn
|-heal|p1a: Sinistcha|76/100|[from] drain|[of] p2a: Ursaluna
|-damage|p2b: Amoonguss|8/100
|-heal|p1a: Sinistcha|81/100|[from] drain|[of] p2b: Amoonguss
|
|-damage|p2a: Ursaluna|37/100 brn|[from] brn
|-sideend|p2: Vegs Bunny|move: Tailwind
|upkeep
|
|t:|1756541742
|switch|p1b: Ursaluna|Ursaluna, L50, F|18/100 brn
|turn|7
|
|t:|1756541752
|move|p2a: Ursaluna|Vacuum Wave|p1b: Ursaluna
|-supereffective|p1b: Ursaluna
|-damage|p1b: Ursaluna|0 fnt
|faint|p1b: Ursaluna
|move|p1a: Sinistcha|Matcha Gotcha|p2b: Amoonguss|[spread] p2b
|-miss|p1a: Sinistcha|p2a: Ursaluna
|-resisted|p2b: Amoonguss
|-damage|p2b: Amoonguss|0 fnt
|-heal|p1a: Sinistcha|86/100|[from] drain|[of] p2b: Amoonguss
|faint|p2b: Amoonguss
|
|-damage|p2a: Ursaluna|31/100 brn|[from] brn
|upkeep
|turn|8
|
|t:|1756541766
|move|p1a: Sinistcha|Matcha Gotcha|p2a: Ursaluna
|-supereffective|p2a: Ursaluna
|-damage|p2a: Ursaluna|0 fnt
|-heal|p1a: Sinistcha|100/100|[from] drain|[of] p2a: Ursaluna
|faint|p2a: Ursaluna
|
|win|Barri Deagol
