|j|☆viatles
|j|☆archyx05
|html|viatlesarchyx05    
|uhtml|bestof|Game 2 of a best-of-3
|t:|1785273109
|gametype|doubles
|player|p1|viatles|hiker|1154
|player|p2|archyx05|101|1081
|gen|9
|tier|[Gen 9 Champions] VGC 2026 Reg M-B (Bo3)
|rated|
|rule|Species Clause: Limit one of each Pokémon
|rule|Item Clause: Limit 1 of each item
|clearpoke
|poke|p1|Eelektross, L50, M|
|poke|p1|Raichu, L50, M|
|poke|p1|Tyranitar, L50, F|
|poke|p1|Gliscor, L50, F|
|poke|p1|Garchomp, L50, M|
|poke|p1|Sinistcha, L50|
|poke|p2|Sinistcha, L50|
|poke|p2|Garchomp, L50, F|
|poke|p2|Sneasler, L50, M, shiny|
|poke|p2|Floette-Eternal, L50, F|
|poke|p2|Incineroar, L50, F|
|poke|p2|Kingambit, L50, M, shiny|
|teampreview|4
|showteam|p1|Eelektross||Eelektrossite|Levitate|Discharge,Flamethrower,GigaDrain,Protect|Modest||M|||50|]Raichu||FocusSash|LightningRod|FakeOut,Thunderbolt,Endeavor,Protect|Hasty||M|||50|]Tyranitar||Tyranitarite|SandStream|KnockOff,RockSlide,LowKick,Protect|Adamant||F|||50|]Gliscor||BrightPowder|SandVeil|RockSlide,DualWingbeat,Tailwind,Earthquake|Adamant||F|||50|]Garchomp||ChoiceScarf|RoughSkin|DragonClaw,StompingTantrum,RockSlide,Earthquake|Adamant||M|||50|]Sinistcha||SitrusBerry|Hospitality|MatchaGotcha,RagePowder,Imprison,TrickRoom|Bold|||||50|
|showteam|p2|Sinistcha||KasibBerry|Hospitality|MatchaGotcha,RagePowder,TrickRoom,Protect|Bold|||||50|]Garchomp||Garchompite|SandVeil|Protect,RockSlide,Earthquake,StompingTantrum|Adamant||F|||50|]Sneasler||FocusSash|Unburden|CloseCombat,DireClaw,FakeOut,Coaching|Jolly||M|||50|]Floette-Eternal||Floettite|FlowerVeil|Protect,CalmMind,Moonblast,DazzlingGleam|Modest||F|||50|]Incineroar||SitrusBerry|Intimidate|FakeOut,FlareBlitz,DarkestLariat,PartingShot|Impish||F|||50|]Kingambit||ChopleBerry|Defiant|KowtowCleave,SuckerPunch,IronHead,Protect|Adamant||M|||50|
|inactive|Battle timer is ON: inactive players will automatically lose when time's up. (requested by archyx05)
|
|t:|1785273122
|teamsize|p1|4
|teamsize|p2|4
|start
|switch|p1a: Eelektross|Eelektross, L50, M|100/100
|switch|p1b: Raichu|Raichu, L50, M|100/100
|switch|p2a: Incineroar|Incineroar, L50, F|100/100
|switch|p2b: Floette|Floette-Eternal, L50, F|100/100
|-ability|p2a: Incineroar|Intimidate|boost
|-unboost|p1a: Eelektross|atk|1
|-unboost|p1b: Raichu|atk|1
|turn|1
|
|t:|1785273134
|detailschange|p2b: Floette|Floette-Mega, L50, F
|-mega|p2b: Floette|Floette|Floettite
|-ability|p2b: Floette|Fairy Aura
|detailschange|p1a: Eelektross|Eelektross-Mega, L50, M
|-mega|p1a: Eelektross|Eelektross|Eelektrossite
|move|p1b: Raichu|Fake Out|p2a: Incineroar
|-damage|p2a: Incineroar|95/100
|cant|p2a: Incineroar|flinch
|move|p2b: Floette|Calm Mind|p2b: Floette
|-boost|p2b: Floette|spa|1
|-boost|p2b: Floette|spd|1
|move|p1a: Eelektross|Discharge|p2b: Floette|[spread] p2a,p2b
|-ability|p1b: Raichu|Lightning Rod|boost
|-boost|p1b: Raichu|spa|1
|-damage|p2a: Incineroar|62/100
|-damage|p2b: Floette|81/100
|-status|p2a: Incineroar|par
|
|upkeep
|turn|2
|c|☆archyx05|OYE
|
|t:|1785273152
|move|p1b: Raichu|Thunderbolt|p2b: Floette
|-damage|p2b: Floette|50/100g
|move|p2b: Floette|Dazzling Gleam|p1a: Eelektross|[spread] p1a,p1b
|-damage|p1a: Eelektross|29/100
|-damage|p1b: Raichu|2/100
|move|p1a: Eelektross|Discharge|p2b: Floette|[spread] p2a,p2b
|-ability|p1b: Raichu|Lightning Rod|boost
|-boost|p1b: Raichu|spa|1
|-damage|p2a: Incineroar|30/100 par
|-damage|p2b: Floette|31/100
|-status|p2b: Floette|par
|-enditem|p2a: Incineroar|Sitrus Berry|[eat]
|-heal|p2a: Incineroar|55/100 par|[from] item: Sitrus Berry
|move|p2a: Incineroar|Darkest Lariat|p1b: Raichu
|-damage|p1b: Raichu|0 fnt
|faint|p1b: Raichu
|
|upkeep
|c|☆archyx05|oyeeeeee
|
|t:|1785273169
|switch|p1b: Gliscor|Gliscor, L50, F|100/100
|turn|3
|
|t:|1785273174
|switch|p2a: Sinistcha|Sinistcha, L50|100/100
|-heal|p2b: Floette|55/100 par|[from] ability: Hospitality|[of] p2a: Sinistcha
|move|p1a: Eelektross|Discharge|p2b: Floette|[spread] p2a,p2b
|-immune|p1b: Gliscor
|-resisted|p2a: Sinistcha|1
|-damage|p2a: Sinistcha|84/100
|-damage|p2b: Floette|36/100 par
|move|p1b: Gliscor|Rock Slide|p2a: Sinistcha|[spread] p2a,p2b
|-damage|p2a: Sinistcha|72/100
|-damage|p2b: Floette|20/100y par
|move|p2b: Floette|Dazzling Gleam|p1a: Eelektross|[spread] p1a,p1b
|-damage|p1a: Eelektross|0 fnt
|-damage|p1b: Gliscor|34/100
|faint|p1a: Eelektross
|
|upkeep
|
|t:|1785273189
|switch|p1a: Tyranitar|Tyranitar, L50, F|100/100
|-weather|Sandstorm|[from] ability: Sand Stream|[of] p1a: Tyranitar
|turn|4
|
|t:|1785273195
|switch|p2a: Incineroar|Incineroar, L50, F|55/100 par
|-ability|p2a: Incineroar|Intimidate|boost
|-unboost|p1a: Tyranitar|atk|1
|-unboost|p1b: Gliscor|atk|1
|move|p2b: Floette|Protect|p2b: Floette
|-singleturn|p2b: Floette|Protect
|move|p1b: Gliscor|Rock Slide|p2b: Floette|[spread] 
|-activate|p2b: Floette|move: Protect
|-miss|p1b: Gliscor|p2a: Incineroar
|move|p1a: Tyranitar|Knock Off|p2a: Incineroar
|-resisted|p2a: Incineroar|1
|-damage|p2a: Incineroar|46/100 par
|
|-weather|Sandstorm|[upkeep]
|-damage|p2b: Floette|15/100 par|[from] Sandstorm
|-damage|p2a: Incineroar|40/100 par|[from] Sandstorm
|upkeep
|turn|5
|
|t:|1785273211
|switch|p2a: Sinistcha|Sinistcha, L50|72/100
|-heal|p2b: Floette|39/100 par|[from] ability: Hospitality|[of] p2a: Sinistcha
|move|p1b: Gliscor|Rock Slide|p2b: Floette|[spread] p2a,p2b
|-damage|p2a: Sinistcha|64/100
|-damage|p2b: Floette|29/100 par
|move|p1a: Tyranitar|Rock Slide|p2a: Sinistcha|[spread] p2a
|-miss|p1a: Tyranitar|p2b: Floette
|-damage|p2a: Sinistcha|47/100
|move|p2b: Floette|Dazzling Gleam|p1a: Tyranitar|[spread] p1a,p1b
|-supereffective|p1a: Tyranitar|1
|-damage|p1a: Tyranitar|12/100
|-damage|p1b: Gliscor|0 fnt
|faint|p1b: Gliscor
|
|-weather|Sandstorm|[upkeep]
|-damage|p2a: Sinistcha|41/100|[from] Sandstorm
|-damage|p2b: Floette|23/100 par|[from] Sandstorm
|upkeep
|turn|6
|
|t:|1785273229
|move|p1a: Tyranitar|Rock Slide|p2a: Sinistcha|[spread] p2a,p2b
|-damage|p2a: Sinistcha|25/100
|-damage|p2b: Floette|3/100 par
|move|p2a: Sinistcha|Matcha Gotcha|p1a: Tyranitar
|-supereffective|p1a: Tyranitar|1
|-crit|p1a: Tyranitar
|-damage|p1a: Tyranitar|0 fnt
|-heal|p2a: Sinistcha|32/100|[from] drain|[of] p1a: Tyranitar
|faint|p1a: Tyranitar
|
|win|archyx05
||archyx05 is ready for game 3.
||viatles is ready for game 3.
|uhtml|next|Next: Game 3 of 3
