|j|☆samueldiaz_9
|j|☆psychic system
|html|samueldiaz_9psychic system    
|uhtml|bestof|Game 1 of a best-of-3
|t:|1756846828
|gametype|doubles
|player|p1|samueldiaz_9|169|1083
|player|p2|psychic system|lucas|1187
|gen|9
|tier|[Gen 9] VGC 2025 Reg H (Bo3)
|rated|
|rule|Species Clause: Limit one of each Pokémon
|rule|Item Clause: Limit 1 of each item
|clearpoke
|poke|p1|Tyranitar, L50, M|
|poke|p1|Excadrill, L50, F|
|poke|p1|Corviknight, L50, M|
|poke|p1|Primarina, L50, M|
|poke|p1|Sinistcha, L50|
|poke|p1|Volcarona, L50, M|
|poke|p2|Milotic, L50, M|
|poke|p2|Florges, L50, F|
|poke|p2|Amoonguss, L50, F|
|poke|p2|Kingambit, L50, F|
|poke|p2|Typhlosion-Hisui, L50, F|
|poke|p2|Kilowattrel, L50, M|
|teampreview|4
|showteam|p1|Tyranitar||AssaultVest|SandStream|RockSlide,KnockOff,LowKick,TeraBlast|||M|||50|,,,,,Flying]Excadrill||FocusSash|SandRush|IronHead,Earthquake,StompingTantrum,Protect|||F|||50|,,,,,Stellar]Corviknight||SafetyGoggles|MirrorArmor|BraveBird,BodyPress,Tailwind,BulkUp|||M|||50|,,,,,Dragon]Primarina||SitrusBerry|LiquidVoice|HyperVoice,Moonblast,Haze,Protect|||M|||50|,,,,,Poison]Sinistcha||RockyHelmet|Hospitality|MatchaGotcha,LifeDew,RagePowder,TrickRoom||||||50|,,,,,Water]Volcarona||Leftovers|FlameBody|FieryDance,GigaDrain,QuiverDance,Protect|||M|||50|,,,,,Grass
|showteam|p2|Milotic||AssaultVest|Competitive|Scald,MuddyWater,IcyWind,MirrorCoat|||M|||50|,,,,,Grass]Florges||Leftovers|FlowerVeil|CalmMind,Moonblast,SkillSwap,Protect|||F|||50|,,,,,Poison]Amoonguss||SitrusBerry|Regenerator|ClearSmog,Spore,PollenPuff,RagePowder|||F|||50|,,,,,Water]Kingambit||BlackGlasses|Defiant|Protect,KowtowCleave,SuckerPunch,SwordsDance|||F|||50|,,,,,Dark]Typhlosion-Hisui||ChoiceScarf|Blaze|Eruption,HeatWave,ShadowBall,FocusBlast|||F|||50|,,,,,Fire]Kilowattrel||FocusSash|WindPower|Thunderbolt,AirSlash,Tailwind,Protect|||M|||50|,,,,,Ghost
|inactive|Battle timer is ON: inactive players will automatically lose when time's up. (requested by psychic system)
|inactive|samueldiaz_9 has 60 seconds left.
|inactive|psychic system has 60 seconds left.
|inactive|psychic system has 30 seconds left.
|inactive|psychic system has 20 seconds left.
|inactive|psychic system has 15 seconds left.
|inactive|psychic system has 10 seconds left.
|inactive|psychic system has 5 seconds left.
|
|t:|1756846917
|teamsize|p1|4
|teamsize|p2|4
|start
|switch|p1a: Primarina|Primarina, L50, M|100/100
|switch|p1b: Corviknight|Corviknight, L50, M|100/100
|switch|p2a: Milotic|Milotic, L50, M|100/100
|switch|p2b: Amoonguss|Amoonguss, L50, F|100/100
|turn|1
|inactive|samueldiaz_9 has 30 seconds left.
|inactive|psychic system has 30 seconds left.
|inactive|psychic system has 20 seconds left.
|
|t:|1756846957
|move|p2a: Milotic|Muddy Water|p1a: Primarina|[spread] p1b
|-miss|p2a: Milotic|p1a: Primarina
|-damage|p1b: Corviknight|78/100
|move|p1b: Corviknight|Brave Bird|p2b: Amoonguss
|-supereffective|p2b: Amoonguss
|-crit|p2b: Amoonguss
|-damage|p2b: Amoonguss|9/100
|-enditem|p2b: Amoonguss|Sitrus Berry|[eat]
|-heal|p2b: Amoonguss|34/100|[from] item: Sitrus Berry
|-damage|p1b: Corviknight|48/100|[from] Recoil
|move|p1a: Primarina|Moonblast|p2b: Amoonguss
|-resisted|p2b: Amoonguss
|-damage|p2b: Amoonguss|9/100
|-unboost|p2b: Amoonguss|spa|1
|move|p2b: Amoonguss|Spore|p1a: Primarina
|-status|p1a: Primarina|slp|[from] move: Spore
|
|upkeep
|turn|2
|inactive|samueldiaz_9 has 30 seconds left.
|
|t:|1756846985
|switch|p2b: Kilowattrel|Kilowattrel, L50, M|100/100
|cant|p1a: Primarina|slp
|move|p2a: Milotic|Scald|p1b: Corviknight
|-damage|p1b: Corviknight|23/100
|move|p1b: Corviknight|Brave Bird|p2b: Kilowattrel
|-resisted|p2b: Kilowattrel
|-damage|p2b: Kilowattrel|61/100
|-damage|p1b: Corviknight|13/100|[from] Recoil
|
|upkeep
|turn|3
|
|t:|1756847009
|move|p2b: Kilowattrel|Tailwind|p2b: Kilowattrel
|-sidestart|p2: psychic system|move: Tailwind
|-start|p2b: Kilowattrel|Charge|Tailwind|[from] ability: Wind Power
|move|p2a: Milotic|Muddy Water|p1a: Primarina|[spread] p1a,p1b
|-resisted|p1a: Primarina
|-damage|p1a: Primarina|89/100 slp
|-damage|p1b: Corviknight|0 fnt
|faint|p1b: Corviknight
|cant|p1a: Primarina|slp
|
|upkeep
|
|t:|1756847019
|switch|p1b: Tyranitar|Tyranitar, L50, M|100/100
|-weather|Sandstorm|[from] ability: Sand Stream|[of] p1b: Tyranitar
|turn|4
|
|t:|1756847031
|switch|p2b: Kingambit|Kingambit, L50, F|100/100
|-curestatus|p1a: Primarina|slp|[msg]
|move|p1a: Primarina|Protect|p1a: Primarina
|-singleturn|p1a: Primarina|Protect
|move|p2a: Milotic|Muddy Water|p1b: Tyranitar|[spread] p1b
|-activate|p1a: Primarina|move: Protect
|-supereffective|p1b: Tyranitar
|-damage|p1b: Tyranitar|78/100
|-unboost|p1b: Tyranitar|accuracy|1
|move|p1b: Tyranitar|Knock Off|p2b: Kingambit|[miss]
|-miss|p1b: Tyranitar|p2b: Kingambit
|
|-weather|Sandstorm|[upkeep]
|-damage|p2a: Milotic|95/100|[from] Sandstorm
|-damage|p1a: Primarina|83/100|[from] Sandstorm
|upkeep
|turn|5
|
|t:|1756847056
|switch|p2b: Amoonguss|Amoonguss, L50, F|42/100
|move|p2a: Milotic|Muddy Water|p1b: Tyranitar|[spread] p1a,p1b
|-resisted|p1a: Primarina
|-supereffective|p1b: Tyranitar
|-damage|p1a: Primarina|71/100
|-damage|p1b: Tyranitar|57/100
|move|p1b: Tyranitar|Low Kick|p2b: Amoonguss
|-resisted|p2b: Amoonguss
|-damage|p2b: Amoonguss|36/100
|move|p1a: Primarina|Haze|p1a: Primarina
|-clearallboost
|
|-weather|Sandstorm|[upkeep]
|-damage|p2a: Milotic|89/100|[from] Sandstorm
|-damage|p1a: Primarina|65/100|[from] Sandstorm
|-damage|p2b: Amoonguss|31/100|[from] Sandstorm
|upkeep
|turn|6
|inactive|samueldiaz_9 has 30 seconds left.
|inactive|psychic system has 30 seconds left.
|inactive|psychic system has 20 seconds left.
|
|t:|1756847094
|move|p2a: Milotic|Muddy Water|p1a: Primarina|[spread] p1b
|-miss|p2a: Milotic|p1a: Primarina
|-supereffective|p1b: Tyranitar
|-damage|p1b: Tyranitar|37/100
|-unboost|p1b: Tyranitar|accuracy|1
|move|p1b: Tyranitar|Rock Slide|p2b: Amoonguss|[spread] p2a,p2b
|-damage|p2a: Milotic|54/100
|-damage|p2b: Amoonguss|6/100
|move|p1a: Primarina|Moonblast|p2a: Milotic
|-damage|p2a: Milotic|28/100
|move|p2b: Amoonguss|Spore|p1a: Primarina
|-status|p1a: Primarina|slp|[from] move: Spore
|
|-weather|Sandstorm|[upkeep]
|-damage|p2a: Milotic|22/100|[from] Sandstorm
|-damage|p1a: Primarina|59/100 slp|[from] Sandstorm
|-damage|p2b: Amoonguss|0 fnt|[from] Sandstorm
|faint|p2b: Amoonguss
|-sideend|p2: psychic system|move: Tailwind
|upkeep
|inactive|psychic system has 30 seconds left.
|inactive|psychic system has 20 seconds left.
|inactive|psychic system has 15 seconds left.
|inactive|psychic system has 10 seconds left.
|
|t:|1756847143
|switch|p2b: Kilowattrel|Kilowattrel, L50, M|61/100
|turn|7
|
|t:|1756847161
|switch|p1b: Excadrill|Excadrill, L50, F|100/100
|move|p2b: Kilowattrel|Thunderbolt|p1a: Primarina
|-supereffective|p1a: Primarina
|-damage|p1a: Primarina|0 fnt
|faint|p1a: Primarina
|move|p2a: Milotic|Muddy Water|p1b: Excadrill|[miss]
|-miss|p2a: Milotic|p1b: Excadrill
|
|-weather|Sandstorm|[upkeep]
|-damage|p2b: Kilowattrel|55/100|[from] Sandstorm
|-damage|p2a: Milotic|16/100|[from] Sandstorm
|upkeep
|
|t:|1756847171
|switch|p1a: Tyranitar|Tyranitar, L50, M|37/100
|turn|8
|inactive|samueldiaz_9 has 30 seconds left.
|inactive|samueldiaz_9 has 20 seconds left.
|inactive|samueldiaz_9 has 15 seconds left.
|
|t:|1756847213
|move|p1b: Excadrill|Stomping Tantrum|p2a: Milotic
|-damage|p2a: Milotic|0 fnt
|faint|p2a: Milotic
|move|p2b: Kilowattrel|Tailwind|p2b: Kilowattrel
|-sidestart|p2: psychic system|move: Tailwind
|-start|p2b: Kilowattrel|Charge|Tailwind|[from] ability: Wind Power
|move|p1a: Tyranitar|Rock Slide|p2b: Kilowattrel
|-supereffective|p2b: Kilowattrel
|-damage|p2b: Kilowattrel|0 fnt
|faint|p2b: Kilowattrel
|
|-weather|none
|upkeep
|
|t:|1756847224
|switch|p2a: Kingambit|Kingambit, L50, F|100/100
|turn|9
|
|t:|1756847245
|-terastallize|p1b: Excadrill|Stellar
|-terastallize|p2a: Kingambit|Dark
|move|p2a: Kingambit|Kowtow Cleave|p1a: Tyranitar
|-resisted|p1a: Tyranitar
|-damage|p1a: Tyranitar|5/100
|move|p1b: Excadrill|Stomping Tantrum|p2a: Kingambit
|-damage|p2a: Kingambit|56/100
|move|p1a: Tyranitar|Low Kick|p2a: Kingambit
|-supereffective|p2a: Kingambit
|-damage|p2a: Kingambit|0 fnt
|faint|p2a: Kingambit
|
|win|samueldiaz_9
||psychic system is ready for game 2.
|inactive|samueldiaz_9 has 30 seconds to confirm battle start!
||samueldiaz_9 is ready for game 2.
|uhtml|next|Next: Game 2 of 3
