|j|☆impurities2
|j|☆TheMochiMan
|html|impurities2TheMochiMan    
|uhtml|bestof|Game 3 of a best-of-3
|t:|1756847052
|gametype|doubles
|player|p1|impurities2|miku-ghost|1264
|player|p2|TheMochiMan|265|1289
|gen|9
|tier|[Gen 9] VGC 2025 Reg H (Bo3)
|rated|
|rule|Species Clause: Limit one of each Pokémon
|rule|Item Clause: Limit 1 of each item
|clearpoke
|poke|p1|Archaludon, L50, M|
|poke|p1|Rillaboom, L50, M|
|poke|p1|Basculegion, L50, M|
|poke|p1|Kingambit, L50, F|
|poke|p1|Pelipper, L50, M|
|poke|p1|Electabuzz, L50, F|
|poke|p2|Ursaluna, L50, M|
|poke|p2|Jumpluff, L50, M|
|poke|p2|Charizard, L50, F|
|poke|p2|Torkoal, L50, M|
|poke|p2|Incineroar, L50, F|
|poke|p2|Porygon2, L50|
|teampreview|4
|showteam|p1|Archaludon||AssaultVest|Stamina|ElectroShot,DracoMeteor,FlashCannon,BodyPress|||M|||50|,,,,,Fairy]Rillaboom||LoadedDice|GrassySurge|BulletSeed,GrassyGlide,FakeOut,HighHorsepower|||M|||50|,,,,,Fire]Basculegion||ChoiceBand|SwiftSwim|WaveCrash,LastRespects,FlipTurn,AquaJet|||M|||50|,,,,,Grass]Kingambit||BlackGlasses|Defiant|KowtowCleave,SuckerPunch,SwordsDance,Protect|||F|||50|,,,,,Dark]Pelipper||FocusSash|Drizzle|WeatherBall,Hurricane,Tailwind,Protect|||M|||50|,,,,,Ghost]Electabuzz||Eviolite|VitalSpirit|Electroweb,Taunt,FollowMe,Protect|||F|||50|,,,,,Ghost
|showteam|p2|Ursaluna||FlameOrb|Guts|HeadlongRush,Facade,Earthquake,Protect|||M|||50|,,,,,Ghost]Jumpluff||CovertCloak|Chlorophyll|SleepPowder,SunnyDay,Tailwind,RagePowder|||M|||50|,,,,,Water]Charizard||ChoiceSpecs|SolarPower|AirSlash,HeatWave,Overheat,WeatherBall|||F|||50|,,,,,Ghost]Torkoal||EjectPack|Drought|HelpingHand,Eruption,Overheat,Protect|||M|||50|,,,,,Fire]Incineroar||SitrusBerry|Intimidate|FlareBlitz,KnockOff,PartingShot,FakeOut|||F|||50|,,,,,Ghost]Porygon2||Eviolite|Download|TeraBlast,IceBeam,Recover,TrickRoom||||||50|,,,,,Fighting
|inactive|Battle timer is ON: inactive players will automatically lose when time's up. (requested by impurities2)
|
|t:|1756847066
|teamsize|p1|4
|teamsize|p2|4
|start
|switch|p1a: Kingambit|Kingambit, L50, F|100/100
|switch|p1b: Electabuzz|Electabuzz, L50, F|100/100
|switch|p2a: Gainesville|Charizard, L50, F|100/100
|switch|p2b: Brown bear|Ursaluna, L50, M|100/100
|turn|1
|
|t:|1756847076
|switch|p2a: Dandelion|Jumpluff, L50, M|100/100
|move|p1a: Kingambit|Protect|p1a: Kingambit
|-singleturn|p1a: Kingambit|Protect
|move|p1b: Electabuzz|Electroweb|p2a: Dandelion|[spread] p2a
|-immune|p2b: Brown bear
|-damage|p2a: Dandelion|85/100
|move|p2b: Brown bear|Earthquake|p1b: Electabuzz|[spread] p1b
|-activate|p1a: Kingambit|move: Protect
|-immune|p2a: Dandelion
|-supereffective|p1b: Electabuzz
|-damage|p1b: Electabuzz|27/100
|
|-status|p2b: Brown bear|brn|[from] item: Flame Orb
|upkeep
|turn|2
|
|t:|1756847089
|switch|p1a: Pelipper|Pelipper, L50, M|100/100
|-weather|RainDance|[from] ability: Drizzle|[of] p1a: Pelipper
|move|p2a: Dandelion|Tailwind|p2a: Dandelion
|-sidestart|p2: TheMochiMan|move: Tailwind
|move|p2b: Brown bear|Earthquake|p1b: Electabuzz|[spread] p1b
|-immune|p2a: Dandelion
|-immune|p1a: Pelipper
|-supereffective|p1b: Electabuzz
|-damage|p1b: Electabuzz|0 fnt
|faint|p1b: Electabuzz
|
|-weather|RainDance|[upkeep]
|-damage|p2b: Brown bear|95/100 brn|[from] brn
|upkeep
|
|t:|1756847095
|switch|p1b: Basculegion|Basculegion, L50, M|100/100
|turn|3
|
|t:|1756847108
|switch|p2b: Slow and steady|Torkoal, L50, M|100/100
|-weather|SunnyDay|[from] ability: Drought|[of] p2b: Slow and steady
|-terastallize|p2a: Dandelion|Water
|-terastallize|p1b: Basculegion|Grass
|move|p2a: Dandelion|Sleep Powder|p1b: Basculegion
|-immune|p1b: Basculegion
|move|p1b: Basculegion|Wave Crash|p2b: Slow and steady
|-supereffective|p2b: Slow and steady
|-damage|p2b: Slow and steady|33/100
|-damage|p1b: Basculegion|80/100|[from] Recoil
|move|p1a: Pelipper|Weather Ball|p2a: Dandelion
|-resisted|p2a: Dandelion
|-damage|p2a: Dandelion|63/100
|
|-weather|SunnyDay|[upkeep]
|upkeep
|turn|4
|
|t:|1756847129
|switch|p1a: Kingambit|Kingambit, L50, F|100/100
|move|p2a: Dandelion|Sleep Powder|p1a: Kingambit
|-status|p1a: Kingambit|slp|[from] move: Sleep Powder
|move|p1b: Basculegion|Wave Crash|p2b: Slow and steady
|-supereffective|p2b: Slow and steady
|-damage|p2b: Slow and steady|0 fnt
|faint|p2b: Slow and steady
|-damage|p1b: Basculegion|70/100|[from] Recoil
|
|-weather|SunnyDay|[upkeep]
|upkeep
|
|t:|1756847148
|switch|p2b: Gainesville|Charizard, L50, F|100/100
|turn|5
|
|t:|1756847154
|switch|p1b: Pelipper|Pelipper, L50, M|100/100
|-weather|RainDance|[from] ability: Drizzle|[of] p1b: Pelipper
|move|p2a: Dandelion|Sunny Day|p2a: Dandelion
|-weather|SunnyDay
|move|p2b: Gainesville|Heat Wave|p1a: Kingambit|[spread] p1a,p1b
|-supereffective|p1a: Kingambit
|-resisted|p1b: Pelipper
|-damage|p1a: Kingambit|0 fnt
|-damage|p1b: Pelipper|10/100
|faint|p1a: Kingambit
|
|-weather|SunnyDay|[upkeep]
|-damage|p2b: Gainesville|88/100|[from] ability: Solar Power|[of] p2b: Gainesville
|-sideend|p2: TheMochiMan|move: Tailwind
|upkeep
|
|t:|1756847161
|switch|p1a: Basculegion|Basculegion, L50, M, tera:Grass|70/100
|turn|6
|-message|impurities2 forfeited.
|raw|impurities2's rating: 1264 → 1241(-23 for losing)
|raw|TheMochiMan's rating: 1289 → 1312(+23 for winning)
|
|win|TheMochiMan
