|j|☆ReggioVGC
|j|☆AnTree4
|html|ReggioVGCAnTree4    
|uhtml|bestof|Game 2 of a best-of-3
|t:|1756754940
|gametype|doubles
|player|p1|ReggioVGC|lucas|1108
|player|p2|AnTree4|brock|1164
|gen|9
|tier|[Gen 9] VGC 2025 Reg H (Bo3)
|rated|
|rule|Species Clause: Limit one of each Pokémon
|rule|Item Clause: Limit 1 of each item
|clearpoke
|poke|p1|Ursaluna, L50, M|
|poke|p1|Kilowattrel, L50, F|
|poke|p1|Gholdengo, L50|
|poke|p1|Incineroar, L50, M|
|poke|p1|Amoonguss, L50, F|
|poke|p1|Porygon2, L50|
|poke|p2|Tyranitar, L50, F|
|poke|p2|Sinistcha-Masterpiece, L50|
|poke|p2|Tinkaton, L50, F|
|poke|p2|Volcarona, L50, M|
|poke|p2|Gholdengo, L50|
|poke|p2|Ursaluna-Bloodmoon, L50, M|
|teampreview|4
|showteam|p1|Ursaluna||FlameOrb|Guts|Facade,HeadlongRush,Earthquake,Protect|||M|||50|,,,,,Fairy]Kilowattrel||FocusSash|Competitive|Thunderbolt,AirSlash,Tailwind,Protect|||F|||50|,,,,,Ghost]Gholdengo||LifeOrb|GoodasGold|MakeItRain,ShadowBall,NastyPlot,Protect||||||50|,,,,,Flying]Incineroar||AssaultVest|Intimidate|KnockOff,FlareBlitz,Uturn,FakeOut|||M|||50|,,,,,Grass]Amoonguss||SitrusBerry|Regenerator|Spore,RagePowder,SludgeBomb,Protect|||F|||50|,,,,,Water]Porygon2||Eviolite|Download|TeraBlast,IceBeam,Recover,TrickRoom||||||50|,,,,,Fighting
|showteam|p2|Tyranitar||LumBerry|SandStream|KnockOff,RockSlide,DragonDance,Protect|||F|||50|,,,,,Dragon]Sinistcha-Masterpiece||SitrusBerry|Hospitality|MatchaGotcha,RagePowder,LifeDew,TrickRoom||||||50|,,,,,Fire]Tinkaton||AssaultVest|MoldBreaker|FakeOut,GigatonHammer,PlayRough,Feint|||F|||50|,,,,,Water]Volcarona||Leftovers|FlameBody|TeraBlast,HeatWave,QuiverDance,Protect|||M|||50|,,,,,Fairy]Gholdengo||ChoiceScarf|GoodasGold|MakeItRain,ShadowBall,Trick,Protect||||||50|,,,,,Steel]Ursaluna-Bloodmoon||LifeOrb|MindsEye|BloodMoon,HyperVoice,EarthPower,Protect|||M|||50|,,,,,Normal
|inactive|Battle timer is ON: inactive players will automatically lose when time's up. (requested by ReggioVGC)
|
|t:|1756754989
|teamsize|p1|4
|teamsize|p2|4
|start
|switch|p1a: Big Bird|Kilowattrel, L50, F|100/100
|switch|p1b: Pumpy the Grumpy|Incineroar, L50, M, shiny|100/100
|switch|p2a: Tyranitar|Tyranitar, L50, F|100/100
|switch|p2b: Tinkaton|Tinkaton, L50, F|100/100
|-ability|p2b: Tinkaton|Mold Breaker
|-ability|p1b: Pumpy the Grumpy|Intimidate|boost
|-unboost|p2a: Tyranitar|atk|1
|-unboost|p2b: Tinkaton|atk|1
|-weather|Sandstorm|[from] ability: Sand Stream|[of] p2a: Tyranitar
|turn|1
|inactive|ReggioVGC has 30 seconds left.
|
|t:|1756755022
|switch|p1b: Dinko|Ursaluna, L50, M|100/100
|-terastallize|p1a: Big Bird|Ghost
|move|p2b: Tinkaton|Fake Out|p1b: Dinko
|-damage|p1b: Dinko|96/100
|move|p1a: Big Bird|Tailwind|p1a: Big Bird
|-sidestart|p1: ReggioVGC|move: Tailwind
|move|p2a: Tyranitar|Dragon Dance|p2a: Tyranitar
|-boost|p2a: Tyranitar|atk|1
|-boost|p2a: Tyranitar|spe|1
|
|-weather|Sandstorm|[upkeep]
|-damage|p1a: Big Bird|94/100|[from] Sandstorm
|-status|p1b: Dinko|brn|[from] item: Flame Orb
|upkeep
|turn|2
|inactive|ReggioVGC has 30 seconds left.
|inactive|AnTree4 has 30 seconds left.
|
|t:|1756755052
|switch|p1a: Pumpy the Grumpy|Incineroar, L50, M, shiny|100/100
|-ability|p1a: Pumpy the Grumpy|Intimidate|boost
|-unboost|p2a: Tyranitar|atk|1
|-unboost|p2b: Tinkaton|atk|1
|switch|p2b: Sinistcha|Sinistcha-Masterpiece, L50|100/100
|move|p2a: Tyranitar|Protect|p2a: Tyranitar
|-singleturn|p2a: Tyranitar|Protect
|move|p1b: Dinko|Headlong Rush|p2a: Tyranitar
|-activate|p2a: Tyranitar|move: Protect
|
|-weather|Sandstorm|[upkeep]
|-damage|p1a: Pumpy the Grumpy|94/100|[from] Sandstorm
|-damage|p2b: Sinistcha|94/100|[from] Sandstorm
|-damage|p1b: Dinko|90/100 brn|[from] brn
|upkeep
|turn|3
|inactive|ReggioVGC has 30 seconds left.
|inactive|AnTree4 has 30 seconds left.
|inactive|ReggioVGC has 20 seconds left.
|inactive|AnTree4 has 20 seconds left.
|inactive|ReggioVGC has 15 seconds left.
|inactive|AnTree4 has 15 seconds left.
|inactive|ReggioVGC has 10 seconds left.
|inactive|AnTree4 has 10 seconds left.
|
|t:|1756755098
|switch|p2b: Tinkaton|Tinkaton, L50, F|100/100
|-ability|p2b: Tinkaton|Mold Breaker
|-terastallize|p2a: Tyranitar|Dragon
|move|p1a: Pumpy the Grumpy|Knock Off|p2b: Tinkaton
|-resisted|p2b: Tinkaton
|-damage|p2b: Tinkaton|71/100
|-enditem|p2b: Tinkaton|Assault Vest|[from] move: Knock Off|[of] p1a: Pumpy the Grumpy
|move|p1b: Dinko|Headlong Rush|p2b: Tinkaton
|-supereffective|p2b: Tinkaton
|-damage|p2b: Tinkaton|0 fnt
|-unboost|p1b: Dinko|def|1
|-unboost|p1b: Dinko|spd|1
|faint|p2b: Tinkaton
|move|p2a: Tyranitar|Dragon Dance|p2a: Tyranitar
|-boost|p2a: Tyranitar|atk|1
|-boost|p2a: Tyranitar|spe|1
|
|-weather|Sandstorm|[upkeep]
|-damage|p1a: Pumpy the Grumpy|88/100|[from] Sandstorm
|-damage|p2a: Tyranitar|95/100|[from] Sandstorm
|-damage|p1b: Dinko|84/100 brn|[from] brn
|upkeep
|inactive|AnTree4 has 30 seconds left.
|inactive|AnTree4 has 20 seconds left.
|inactive|AnTree4 has 15 seconds left.
|
|t:|1756755141
|switch|p2b: Gholdengo|Gholdengo, L50|100/100
|turn|4
|inactive|ReggioVGC has 30 seconds left.
|inactive|ReggioVGC has 20 seconds left.
|inactive|ReggioVGC has 15 seconds left.
|
|t:|1756755186
|move|p1a: Pumpy the Grumpy|U-turn|p2a: Tyranitar
|-damage|p2a: Tyranitar|75/100
|
|t:|1756755190
|switch|p1a: Big Bird|Kilowattrel, L50, F, tera:Ghost|94/100|[from] U-turn
|move|p2b: Gholdengo|Make It Rain|p1b: Dinko|[spread] p1a,p1b
|-damage|p1a: Big Bird|3/100
|-damage|p1b: Dinko|5/100 brn
|-unboost|p2b: Gholdengo|spa|1
|move|p1b: Dinko|Headlong Rush|p2b: Gholdengo
|-supereffective|p2b: Gholdengo
|-damage|p2b: Gholdengo|0 fnt
|-unboost|p1b: Dinko|def|1
|-unboost|p1b: Dinko|spd|1
|faint|p2b: Gholdengo
|move|p2a: Tyranitar|Rock Slide|p1a: Big Bird|[spread] p1a,p1b
|-resisted|p1b: Dinko
|-damage|p1a: Big Bird|0 fnt
|-damage|p1b: Dinko|0 fnt
|faint|p1a: Big Bird
|faint|p1b: Dinko
|
|-weather|Sandstorm|[upkeep]
|-damage|p2a: Tyranitar|69/100|[from] Sandstorm
|-sideend|p1: ReggioVGC|move: Tailwind
|upkeep
|
|t:|1756755209
|switch|p1a: Pumpy the Grumpy|Incineroar, L50, M, shiny|88/100
|switch|p2b: Sinistcha|Sinistcha-Masterpiece, L50|94/100
|switch|p1b: Mr Worldwide|Gholdengo, L50|100/100
|-ability|p1a: Pumpy the Grumpy|Intimidate|boost
|-unboost|p2a: Tyranitar|atk|1
|-unboost|p2b: Sinistcha|atk|1
|-heal|p2a: Tyranitar|94/100|[from] ability: Hospitality|[of] p2b: Sinistcha
|turn|5
|inactive|AnTree4 has 30 seconds left.
|inactive|AnTree4 has 20 seconds left.
|inactive|AnTree4 has 15 seconds left.
|inactive|AnTree4 has 10 seconds left.
|
|t:|1756755255
|move|p1a: Pumpy the Grumpy|Fake Out|p2a: Tyranitar
|-damage|p2a: Tyranitar|82/100
|move|p2b: Sinistcha|Rage Powder|p2b: Sinistcha
|-singleturn|p2b: Sinistcha|move: Rage Powder
|cant|p2a: Tyranitar|flinch
|move|p1b: Mr Worldwide|Shadow Ball|p2b: Sinistcha
|-supereffective|p2b: Sinistcha
|-damage|p2b: Sinistcha|7/100
|-enditem|p2b: Sinistcha|Sitrus Berry|[eat]
|-heal|p2b: Sinistcha|31/100|[from] item: Sitrus Berry
|-damage|p1b: Mr Worldwide|91/100|[from] item: Life Orb
|
|-weather|none
|upkeep
|turn|6
|inactive|ReggioVGC has 30 seconds left.
|inactive|ReggioVGC has 20 seconds left.
|inactive|ReggioVGC has 15 seconds left.
|inactive|ReggioVGC has 10 seconds left.
|
|t:|1756755301
|move|p2a: Tyranitar|Rock Slide|p1b: Mr Worldwide|[spread] p1a,p1b
|-supereffective|p1a: Pumpy the Grumpy
|-resisted|p1b: Mr Worldwide
|-damage|p1a: Pumpy the Grumpy|44/100
|-damage|p1b: Mr Worldwide|80/100
|cant|p1b: Mr Worldwide|flinch
|cant|p1a: Pumpy the Grumpy|flinch
|move|p2b: Sinistcha|Life Dew|p2b: Sinistcha|[spread] p2a,p2b
|-heal|p2a: Tyranitar|100/100
|-heal|p2b: Sinistcha|57/100
|
|upkeep
|turn|7
|inactive|ReggioVGC has 30 seconds left.
|inactive|ReggioVGC has 20 seconds left.
|inactive|ReggioVGC has 15 seconds left.
|
|t:|1756755343
|move|p1b: Mr Worldwide|Protect|p1b: Mr Worldwide
|-singleturn|p1b: Mr Worldwide|Protect
|move|p2a: Tyranitar|Rock Slide|p1a: Pumpy the Grumpy|[spread] 
|-activate|p1b: Mr Worldwide|move: Protect
|-miss|p2a: Tyranitar|p1a: Pumpy the Grumpy
|move|p1a: Pumpy the Grumpy|Knock Off|p2b: Sinistcha
|-supereffective|p2b: Sinistcha
|-damage|p2b: Sinistcha|3/100
|move|p2b: Sinistcha|Life Dew||[still]|[spread] p2a,p2b
|-fail|p2a: Tyranitar|heal
|-heal|p2b: Sinistcha|28/100
|
|upkeep
|turn|8
|inactive|ReggioVGC has 30 seconds left.
|inactive|ReggioVGC has 20 seconds left.
|
|t:|1756755381
|move|p2a: Tyranitar|Rock Slide|p1b: Mr Worldwide|[spread] p1a,p1b
|-supereffective|p1a: Pumpy the Grumpy
|-resisted|p1b: Mr Worldwide
|-crit|p1b: Mr Worldwide
|-damage|p1a: Pumpy the Grumpy|3/100
|-damage|p1b: Mr Worldwide|54/100
|move|p1b: Mr Worldwide|Make It Rain|p2a: Tyranitar|[spread] p2a,p2b
|-damage|p2a: Tyranitar|48/100
|-damage|p2b: Sinistcha|0 fnt
|-unboost|p1b: Mr Worldwide|spa|1
|faint|p2b: Sinistcha
|-damage|p1b: Mr Worldwide|44/100|[from] item: Life Orb
|move|p1a: Pumpy the Grumpy|Flare Blitz|p2a: Tyranitar
|-resisted|p2a: Tyranitar
|-damage|p2a: Tyranitar|23/100
|-damage|p1a: Pumpy the Grumpy|0 fnt|[from] Recoil
|faint|p1a: Pumpy the Grumpy
|
|upkeep
|turn|9
|
|t:|1756755399
|move|p2a: Tyranitar|Knock Off|p1b: Mr Worldwide
|-supereffective|p1b: Mr Worldwide
|-damage|p1b: Mr Worldwide|0 fnt
|-enditem|p1b: Mr Worldwide|Life Orb|[from] move: Knock Off|[of] p2a: Tyranitar
|faint|p1b: Mr Worldwide
|
|win|AnTree4
||AnTree4 is ready for game 3.
