|j|☆The PWC Luigi
|j|☆bpecina03
|html|The PWC Luigibpecina03    
|uhtml|bestof|Game 1 of a best-of-3
|t:|1756915303
|gametype|doubles
|player|p1|The PWC Luigi|cheren-gen5bw2|1030
|player|p2|bpecina03|266|1006
|gen|9
|tier|[Gen 9] VGC 2025 Reg H (Bo3)
|rated|
|rule|Species Clause: Limit one of each Pokémon
|rule|Item Clause: Limit 1 of each item
|clearpoke
|poke|p1|Tyranitar, L50, M|
|poke|p1|Excadrill, L50, F|
|poke|p1|Sinistcha-Masterpiece, L50|
|poke|p1|Salamence, L50, F|
|poke|p1|Blaziken, L50, M|
|poke|p1|Bruxish, L50, M|
|poke|p2|Tyranitar, L50, M|
|poke|p2|Annihilape, L50, F|
|poke|p2|Talonflame, L50, F|
|poke|p2|Primarina, L50, F|
|poke|p2|Incineroar, L50, F|
|poke|p2|Garchomp, L50, F|
|teampreview|4
|showteam|p1|Tyranitar||ClearAmulet|SandStream|RockSlide,KnockOff,DragonDance,Protect|||M|||50|,,,,,Grass]Excadrill||AssaultVest|SandRush|Earthquake,IronHead,HighHorsepower,RockSlide|||F|||50|,,,,,Ghost]Sinistcha-Masterpiece||SitrusBerry|Hospitality|ShadowBall,MatchaGotcha,RagePowder,Protect||||||50|,,,,,Dark]Salamence||LifeOrb|Intimidate|DracoMeteor,AirSlash,Protect,Tailwind|||F|||50|,,,,,Ghost]Blaziken||CovertCloak|SpeedBoost|AuraSphere,HeatWave,Coaching,WillOWisp|||M|||50|,,,,,Dragon]Bruxish||ChoiceScarf|Dazzling|PsychicFangs,WaveCrash,FlipTurn,SuperFang|||M|||50|,,,,,Water
|showteam|p2|Tyranitar||AssaultVest|SandStream|RockSlide,TeraBlast,KnockOff,LowKick|||M|||50|,,,,,Flying]Annihilape||SitrusBerry|VitalSpirit|RageFist,Protect,BulkUp,DrainPunch|||F|||50|,,,,,Grass]Talonflame||CovertCloak|FlameBody|Tailwind,BraveBird,WillOWisp,Protect|||F|||50|,,,,,Grass]Primarina||ThroatSpray|LiquidVoice|HyperVoice,Haze,Moonblast,Protect|||F|||50|,,,,,Steel]Incineroar||SafetyGoggles|Intimidate|FakeOut,KnockOff,FlareBlitz,PartingShot|||F|||50|,,,,,Ghost]Garchomp||LifeOrb|SandVeil|StompingTantrum,Earthquake,Protect,DragonClaw|||F|||50|,,,,,Ground
|
|t:|1756915342
|teamsize|p1|4
|teamsize|p2|4
|start
|switch|p1a: Bruxish|Bruxish, L50, M|100/100
|switch|p1b: Salamence|Salamence, L50, F|100/100
|switch|p2a: Tyranitar|Tyranitar, L50, M|100/100
|switch|p2b: Garchomp|Garchomp, L50, F|100/100
|-ability|p1b: Salamence|Intimidate|boost
|-unboost|p2a: Tyranitar|atk|1
|-unboost|p2b: Garchomp|atk|1
|-weather|Sandstorm|[from] ability: Sand Stream|[of] p2a: Tyranitar
|turn|1
|
|t:|1756915374
|switch|p1b: Excadrill|Excadrill, L50, F|100/100
|-terastallize|p2a: Tyranitar|Flying
|move|p1a: Bruxish|Flip Turn|p2a: Tyranitar
|-damage|p2a: Tyranitar|75/100
|
|t:|1756915383
|switch|p1a: Salamence|Salamence, L50, F|100/100|[from] Flip Turn
|-ability|p1a: Salamence|Intimidate|boost
|-unboost|p2a: Tyranitar|atk|1
|-unboost|p2b: Garchomp|atk|1
|move|p2b: Garchomp|Dragon Claw|p1b: Excadrill
|-resisted|p1b: Excadrill
|-damage|p1b: Excadrill|79/100
|-damage|p2b: Garchomp|91/100|[from] item: Life Orb
|move|p2a: Tyranitar|Tera Blast|p1a: Salamence|[anim] Tera Blast Flying
|-damage|p1a: Salamence|72/100
|
|-weather|Sandstorm|[upkeep]
|-damage|p1a: Salamence|67/100|[from] Sandstorm
|-damage|p2a: Tyranitar|70/100|[from] Sandstorm
|upkeep
|turn|2
|
|t:|1756915427
|move|p1b: Excadrill|Rock Slide|p2b: Garchomp|[spread] p2a
|-miss|p1b: Excadrill|p2b: Garchomp
|-supereffective|p2a: Tyranitar
|-damage|p2a: Tyranitar|36/100
|move|p2b: Garchomp|Earthquake|p1a: Salamence|[spread] p1b
|-immune|p2a: Tyranitar
|-immune|p1a: Salamence
|-supereffective|p1b: Excadrill
|-damage|p1b: Excadrill|11/100
|-damage|p2b: Garchomp|81/100|[from] item: Life Orb
|move|p1a: Salamence|Air Slash|p2a: Tyranitar
|-damage|p2a: Tyranitar|11/100
|-damage|p1a: Salamence|57/100|[from] item: Life Orb
|cant|p2a: Tyranitar|flinch
|
|-weather|Sandstorm|[upkeep]
|-damage|p1a: Salamence|51/100|[from] Sandstorm
|-damage|p2a: Tyranitar|5/100|[from] Sandstorm
|upkeep
|turn|3
|
|t:|1756915460
|switch|p1a: Tyranitar|Tyranitar, L50, M|100/100
|switch|p2a: Primarina|Primarina, L50, F|100/100
|move|p1b: Excadrill|High Horsepower|p2b: Garchomp|[miss]
|-miss|p1b: Excadrill|p2b: Garchomp
|move|p2b: Garchomp|Dragon Claw|p1a: Tyranitar
|-damage|p1a: Tyranitar|75/100
|-damage|p2b: Garchomp|71/100|[from] item: Life Orb
|
|-weather|Sandstorm|[upkeep]
|-damage|p2a: Primarina|95/100|[from] Sandstorm
|upkeep
|turn|4
|
|t:|1756915480
|-terastallize|p1a: Tyranitar|Grass
|move|p1b: Excadrill|High Horsepower|p2b: Garchomp
|-damage|p2b: Garchomp|10/100
|move|p2b: Garchomp|Dragon Claw|p1a: Tyranitar
|-damage|p1a: Tyranitar|49/100
|-damage|p2b: Garchomp|0 fnt|[from] item: Life Orb
|faint|p2b: Garchomp
|move|p2a: Primarina|Hyper Voice|p1a: Tyranitar|[spread] p1a,p1b
|-resisted|p1a: Tyranitar
|-supereffective|p1b: Excadrill
|-damage|p1a: Tyranitar|30/100
|-damage|p1b: Excadrill|0 fnt
|faint|p1b: Excadrill
|-enditem|p2a: Primarina|Throat Spray
|-boost|p2a: Primarina|spa|1|[from] item: Throat Spray
|move|p1a: Tyranitar|Dragon Dance|p1a: Tyranitar
|-boost|p1a: Tyranitar|atk|1
|-boost|p1a: Tyranitar|spe|1
|
|-weather|Sandstorm|[upkeep]
|-damage|p1a: Tyranitar|24/100|[from] Sandstorm
|-damage|p2a: Primarina|89/100|[from] Sandstorm
|upkeep
|
|t:|1756915511
|switch|p2b: Annihilape|Annihilape, L50, F|100/100
|switch|p1b: Bruxish|Bruxish, L50, M|100/100
|turn|5
|
|t:|1756915534
|move|p1a: Tyranitar|Protect|p1a: Tyranitar
|-singleturn|p1a: Tyranitar|Protect
|move|p1b: Bruxish|Psychic Fangs|p2b: Annihilape
|-supereffective|p2b: Annihilape
|-damage|p2b: Annihilape|14/100
|-enditem|p2b: Annihilape|Sitrus Berry|[eat]
|-heal|p2b: Annihilape|39/100|[from] item: Sitrus Berry
|move|p2a: Primarina|Moonblast|p1a: Tyranitar
|-activate|p1a: Tyranitar|move: Protect
|move|p2b: Annihilape|Rage Fist|p1b: Bruxish
|-supereffective|p1b: Bruxish
|-damage|p1b: Bruxish|0 fnt
|faint|p1b: Bruxish
|
|-weather|none
|upkeep
|
|t:|1756915547
|switch|p1b: Salamence|Salamence, L50, F|51/100
|-ability|p1b: Salamence|Intimidate|boost
|-unboost|p2a: Primarina|atk|1
|-unboost|p2b: Annihilape|atk|1
|turn|6
|
|t:|1756915563
|move|p1a: Tyranitar|Rock Slide|p2a: Primarina|[spread] p2a,p2b
|-resisted|p2b: Annihilape
|-damage|p2a: Primarina|10/100
|-damage|p2b: Annihilape|15/100
|move|p1b: Salamence|Air Slash|p2a: Primarina
|-damage|p2a: Primarina|0 fnt
|faint|p2a: Primarina
|-damage|p1b: Salamence|41/100|[from] item: Life Orb
|move|p2b: Annihilape|Rage Fist|p1a: Tyranitar
|-damage|p1a: Tyranitar|0 fnt
|faint|p1a: Tyranitar
|
|upkeep
|
|t:|1756915578
|switch|p2a: Tyranitar|Tyranitar, L50, M, tera:Flying|5/100
|-weather|Sandstorm|[from] ability: Sand Stream|[of] p2a: Tyranitar
|turn|7
|
|t:|1756915592
|move|p1b: Salamence|Protect|p1b: Salamence
|-singleturn|p1b: Salamence|Protect
|move|p2b: Annihilape|Drain Punch|p1b: Salamence
|-activate|p1b: Salamence|move: Protect
|move|p2a: Tyranitar|Tera Blast|p1b: Salamence|[anim] Tera Blast Flying
|-activate|p1b: Salamence|move: Protect
|
|-weather|Sandstorm|[upkeep]
|-damage|p1b: Salamence|35/100|[from] Sandstorm
|-damage|p2b: Annihilape|9/100|[from] Sandstorm
|-damage|p2a: Tyranitar|0 fnt|[from] Sandstorm
|faint|p2a: Tyranitar
|upkeep
|turn|8
|
|t:|1756915607
|move|p1b: Salamence|Air Slash|p2b: Annihilape
|-supereffective|p2b: Annihilape
|-damage|p2b: Annihilape|0 fnt
|faint|p2b: Annihilape
|-damage|p1b: Salamence|25/100|[from] item: Life Orb
|
|win|The PWC Luigi
||The PWC Luigi is ready for game 2.
||bpecina03 is ready for game 2.
|uhtml|next|Next: Game 2 of 3
|l|☆bpecina03
|player|p2|
