|j|☆daviduv
|j|☆Panexeri
|html|daviduvPanexeri    
|uhtml|bestof|Game 2 of a best-of-3
|t:|1756989154
|gametype|doubles
|player|p1|daviduv|blackbelt|1104
|player|p2|Panexeri|guitarist|1098
|gen|9
|tier|[Gen 9] VGC 2025 Reg H (Bo3)
|rated|
|rule|Species Clause: Limit one of each Pokémon
|rule|Item Clause: Limit 1 of each item
|clearpoke
|poke|p1|Meowscarada, L50, F|
|poke|p1|Pawmot, L50, M|
|poke|p1|Gholdengo, L50|
|poke|p1|Incineroar, L50, F|
|poke|p1|Dondozo, L50, F|
|poke|p1|Tatsugiri, L50, M|
|poke|p2|Incineroar, L50, M|
|poke|p2|Amoonguss, L50, F|
|poke|p2|Sneasler, L50, M|
|poke|p2|Gholdengo, L50|
|poke|p2|Porygon2, L50|
|poke|p2|Ursaluna, L50, F|
|teampreview|4
|showteam|p1|Meowscarada||ChoiceBand|Overgrow|FlowerTrick,KnockOff,SuckerPunch,Uturn|||F|||50|,,,,,Ghost]Pawmot||FocusSash|NaturalCure|Protect,DoubleShock,CloseCombat,FakeOut|||M|||50|,,,,,Electric]Gholdengo||LifeOrb|GoodasGold|Protect,MakeItRain,ShadowBall,NastyPlot||||||50|,,,,,Water]Incineroar||AssaultVest|Intimidate|FakeOut,KnockOff,Uturn,FlareBlitz|||F|||50|,,,,,Grass]Dondozo||ChestoBerry|Unaware|WaveCrash,OrderUp,Earthquake,Rest|||F|||50|,,,,,Dragon]Tatsugiri||ChoiceScarf|Commander|DracoMeteor,MuddyWater,IcyWind,Soak|||M|||50|,,,,,Dragon
|showteam|p2|Incineroar||SafetyGoggles|Intimidate|FlareBlitz,KnockOff,PartingShot,FakeOut|||M|||50|,,,,,Ghost]Amoonguss||RockyHelmet|Regenerator|Protect,PollenPuff,RagePowder,Spore|||F|||50|,,,,,Water]Sneasler||FocusSash|Unburden|DireClaw,CloseCombat,ThroatChop,Protect|||M|||50|,,,,,Dark]Gholdengo||LifeOrb|GoodasGold|Protect,NastyPlot,MakeItRain,ShadowBall||||||50|,,,,,Dragon]Porygon2||Eviolite|Download|TeraBlast,IceBeam,Recover,TrickRoom||||||50|,,,,,Fighting]Ursaluna||FlameOrb|Guts|Protect,Facade,HeadlongRush,Substitute|||F|||50|,,,,,Ghost
|
|t:|1756989178
|teamsize|p1|4
|teamsize|p2|4
|start
|switch|p1a: Pawmot|Pawmot, L50, M|100/100
|switch|p1b: Dondozo|Dondozo, L50, F|100/100
|switch|p2a: Incineroar|Incineroar, L50, M, shiny|100/100
|switch|p2b: Porygon2|Porygon2, L50|100/100
|-ability|p2a: Incineroar|Intimidate|boost
|-unboost|p1a: Pawmot|atk|1
|-unboost|p1b: Dondozo|atk|1
|-ability|p2b: Porygon2|Download|boost
|-boost|p2b: Porygon2|spa|1
|turn|1
|
|t:|1756989204
|move|p1a: Pawmot|Fake Out|p2b: Porygon2
|-damage|p2b: Porygon2|95/100
|move|p2a: Incineroar|Fake Out|p1b: Dondozo
|-damage|p1b: Dondozo|94/100
|cant|p1b: Dondozo|flinch
|cant|p2b: Porygon2|flinch
|
|upkeep
|turn|2
|
|t:|1756989249
|switch|p2b: Amoonguss|Amoonguss, L50, F, shiny|100/100
|-terastallize|p1a: Pawmot|Electric
|-terastallize|p2a: Incineroar|Ghost
|move|p1a: Pawmot|Double Shock|p2a: Incineroar
|-damage|p2a: Incineroar|57/100
|-start|p1a: Pawmot|typechange|Electric|[from] move: Double Shock
|move|p2a: Incineroar|Knock Off|p1b: Dondozo
|-damage|p1b: Dondozo|70/100
|-enditem|p1b: Dondozo|Chesto Berry|[from] move: Knock Off|[of] p2a: Incineroar
|move|p1b: Dondozo|Wave Crash|p2b: Amoonguss
|-resisted|p2b: Amoonguss
|-damage|p2b: Amoonguss|86/100
|-damage|p1b: Dondozo|54/100|[from] item: Rocky Helmet|[of] p2b: Amoonguss
|-damage|p1b: Dondozo|50/100|[from] Recoil
|
|upkeep
|turn|3
|
|t:|1756989283
|switch|p1a: Tatsugiri|Tatsugiri, L50, M|100/100
|-activate|p1a: Tatsugiri|ability: Commander|[of] p1b: Dondozo
|-boost|p1b: Dondozo|atk|2
|-boost|p1b: Dondozo|spa|2
|-boost|p1b: Dondozo|spe|2
|-boost|p1b: Dondozo|def|2
|-boost|p1b: Dondozo|spd|2
|move|p1b: Dondozo|Earthquake|p2b: Amoonguss|[spread] p2a,p2b
|-miss|p1b: Dondozo|p1a: Tatsugiri
|-damage|p2a: Incineroar|26/100
|-damage|p2b: Amoonguss|62/100
|move|p2a: Incineroar|Parting Shot|p1b: Dondozo
|-unboost|p1b: Dondozo|atk|1
|-unboost|p1b: Dondozo|spa|1
|
|t:|1756989296
|switch|p2a: Ursaluna|Ursaluna, L50, F, shiny|100/100|[from] Parting Shot
|move|p2b: Amoonguss|Spore|p1b: Dondozo
|-status|p1b: Dondozo|slp|[from] move: Spore
|
|-status|p2a: Ursaluna|brn|[from] item: Flame Orb
|upkeep
|turn|4
|
|t:|1756989310
|switch|p2b: Porygon2|Porygon2, L50|95/100
|-ability|p2b: Porygon2|Download|boost
|-boost|p2b: Porygon2|spa|1
|cant|p1b: Dondozo|slp
|move|p2a: Ursaluna|Substitute|p2a: Ursaluna
|-start|p2a: Ursaluna|Substitute
|-damage|p2a: Ursaluna|76/100 brn
|
|-damage|p2a: Ursaluna|70/100 brn|[from] brn
|upkeep
|turn|5
|
|t:|1756989321
|-curestatus|p1b: Dondozo|slp|[msg]
|move|p1b: Dondozo|Earthquake|p2b: Porygon2|[spread] p2a,p2b
|-miss|p1b: Dondozo|p1a: Tatsugiri
|-activate|p2a: Ursaluna|move: Substitute|[damage]
|-damage|p2b: Porygon2|82/100
|move|p2a: Ursaluna|Facade|p1b: Dondozo
|-damage|p1b: Dondozo|13/100
|move|p2b: Porygon2|Trick Room|p2b: Porygon2
|-fieldstart|move: Trick Room|[of] p2b: Porygon2
|
|-damage|p2a: Ursaluna|64/100 brn|[from] brn
|upkeep
|turn|6
|
|t:|1756989343
|move|p2a: Ursaluna|Facade|p1b: Dondozo
|-damage|p1b: Dondozo|0 fnt
|faint|p1b: Dondozo
|move|p2b: Porygon2|Tera Blast|p1a: Tatsugiri
|-damage|p1a: Tatsugiri|45/100
|
|-damage|p2a: Ursaluna|58/100 brn|[from] brn
|upkeep
|
|t:|1756989352
|switch|p1b: Pawmot|Pawmot, L50, M, tera:Electric|100/100
|turn|7
|
|t:|1756989365
|switch|p2b: Amoonguss|Amoonguss, L50, F, shiny|95/100
|move|p1b: Pawmot|Fake Out|p2a: Ursaluna
|-end|p2a: Ursaluna|Substitute
|move|p2a: Ursaluna|Facade|p1a: Tatsugiri
|-damage|p1a: Tatsugiri|0 fnt
|faint|p1a: Tatsugiri
|
|-damage|p2a: Ursaluna|53/100 brn|[from] brn
|upkeep
|
|t:|1756989374
|switch|p1a: Meowscarada|Meowscarada, L50, F|100/100
|turn|8
|
|t:|1756989386
|switch|p2a: Incineroar|Incineroar, L50, M, shiny, tera:Ghost|26/100
|-ability|p2a: Incineroar|Intimidate|boost
|-unboost|p1a: Meowscarada|atk|1
|-unboost|p1b: Pawmot|atk|1
|move|p1b: Pawmot|Protect|p1b: Pawmot
|-singleturn|p1b: Pawmot|Protect
|move|p1a: Meowscarada|Sucker Punch||[still]
|-fail|p1a: Meowscarada
|move|p2b: Amoonguss|Pollen Puff|p1a: Meowscarada
|-supereffective|p1a: Meowscarada
|-damage|p1a: Meowscarada|0 fnt
|faint|p1a: Meowscarada
|
|upkeep
|turn|9
|-message|daviduv forfeited.
|
|win|Panexeri
|raw|daviduv's rating: 1104 → 1079(-25 for losing)
|raw|Panexeri's rating: 1098 → 1124(+26 for winning)
|l|☆daviduv
|player|p1|
