|j|☆kirkin07
|j|☆vilan333
|html|kirkin07vilan333    
|uhtml|bestof|Game 2 of a best-of-3
|t:|1782366336
|gametype|doubles
|player|p1|kirkin07|169|1185
|player|p2|vilan333|marshal|1138
|gen|9
|tier|[Gen 9 Champions] VGC 2026 Reg M-B (Bo3)
|rated|
|rule|Species Clause: Limit one of each Pokémon
|rule|Item Clause: Limit 1 of each item
|clearpoke
|poke|p1|Blaziken, L50, F|
|poke|p1|Basculegion, L50, M|
|poke|p1|Hydreigon, L50, M|
|poke|p1|Farigiraf, L50, F|
|poke|p1|Metagross, L50|
|poke|p1|Whimsicott, L50, M|
|poke|p2|Farigiraf, L50, M|
|poke|p2|Torkoal, L50, M|
|poke|p2|Pyroar, L50, F|
|poke|p2|Basculegion, L50, M|
|poke|p2|Floette-Eternal, L50, F|
|poke|p2|Whimsicott, L50, M|
|teampreview|4
|showteam|p1|Blaziken||Blazikenite|SpeedBoost|FlareBlitz,CloseCombat,Detect,RockSlide|Adamant||F|||50|]Basculegion||LifeOrb|Adaptability|AquaJet,LastRespects,WaveCrash,Protect|Adamant||M|||50|]Hydreigon||ChoiceScarf|Levitate|EarthPower,DracoMeteor,DarkPulse,Snarl|Modest||M|||50|]Farigiraf||SitrusBerry|ArmorTail|Thunderbolt,Psychic,TrickRoom,Roar|Bold||F|||50|]Metagross||Metagrossite|ClearBody|IcePunch,PsychicFangs,Protect,IronHead|Jolly|||||50|]Whimsicott||FocusSash|Prankster|EnergyBall,Moonblast,Tailwind,Protect|Timid||M|||50|
|showteam|p2|Farigiraf||ColburBerry|ArmorTail|Psychic,TrickRoom,Thunderbolt,HelpingHand|Quiet||M|||50|]Torkoal||Charcoal|Drought|Eruption,HeatWave,EarthPower,Protect|Quiet||M|||50|]Pyroar||Pyroarite|Unnerve|HeatWave,Overheat,Protect,SolarBeam|Timid||F|||50|]Basculegion||LifeOrb|Adaptability|AquaJet,Liquidation,Protect,LastRespects|Adamant||M|||50|]Floette-Eternal||Floettite|FlowerVeil|DazzlingGleam,Moonblast,Protect,LightofRuin|Modest||F|||50|]Whimsicott||FocusSash|Prankster|Tailwind,SunnyDay,Moonblast,Encore|Serious||M|||50|
|
|t:|1782366359
|teamsize|p1|4
|teamsize|p2|4
|start
|switch|p1a: Blaziken|Blaziken, L50, F|100/100
|switch|p1b: Metagross|Metagross, L50|100/100
|switch|p2a: Whimsicott|Whimsicott, L50, M|100/100
|switch|p2b: Floette|Floette-Eternal, L50, F|100/100
|turn|1
|inactive|Battle timer is ON: inactive players will automatically lose when time's up. (requested by kirkin07)
|
|t:|1782366389
|detailschange|p1b: Metagross|Metagross-Mega, L50
|-mega|p1b: Metagross|Metagross|Metagrossite
|detailschange|p2b: Floette|Floette-Mega, L50, F
|-mega|p2b: Floette|Floette|Floettite
|-ability|p2b: Floette|Fairy Aura
|move|p1a: Blaziken|Detect|p1a: Blaziken
|-singleturn|p1a: Blaziken|Protect
|move|p1b: Metagross|Iron Head|p2a: Whimsicott
|-supereffective|p2a: Whimsicott|1
|-enditem|p2a: Whimsicott|Focus Sash
|-damage|p2a: Whimsicott|1/100
|move|p2a: Whimsicott|Moonblast|p1a: Blaziken
|-activate|p1a: Blaziken|move: Protect
|move|p2b: Floette|Light of Ruin|p1b: Metagross|[miss]
|-miss|p2b: Floette|p1b: Metagross
|
|-ability|p1a: Blaziken|Speed Boost|boost
|-boost|p1a: Blaziken|spe|1
|upkeep
|turn|2
|inactive|kirkin07 has 30 seconds left.
|inactive|vilan333 has 30 seconds left.
|
|t:|1782366424
|switch|p1a: Farigiraf|Farigiraf, L50, F|100/100
|move|p2a: Whimsicott|Tailwind|p2a: Whimsicott
|-sidestart|p2: vilan333|move: Tailwind
|move|p2b: Floette|Dazzling Gleam|p1b: Metagross|[spread] p1a,p1b
|-resisted|p1b: Metagross|1
|-damage|p1a: Farigiraf|56/100
|-damage|p1b: Metagross|75/100
|move|p1b: Metagross|Iron Head|p2b: Floette
|-supereffective|p2b: Floette|1
|-damage|p2b: Floette|0 fnt
|faint|p2b: Floette
|
|upkeep
|
|t:|1782366440
|switch|p2b: Red Fish|Basculegion, L50, M|100/100
|turn|3
|
|t:|1782366461
|move|p1b: Metagross|Protect|p1b: Metagross
|-singleturn|p1b: Metagross|Protect
|move|p2a: Whimsicott|Moonblast|p1a: Farigiraf
|-damage|p1a: Farigiraf|25/100
|-enditem|p1a: Farigiraf|Sitrus Berry|[eat]
|-heal|p1a: Farigiraf|50/100g|[from] item: Sitrus Berry
|move|p2b: Red Fish|Last Respects|p1b: Metagross
|-activate|p1b: Metagross|move: Protect
|move|p1a: Farigiraf|Psychic|p2a: Whimsicott
|-damage|p2a: Whimsicott|0 fnt
|faint|p2a: Whimsicott
|
|upkeep
|
|t:|1782366476
|switch|p2a: Calenté IV|Torkoal, L50, M|100/100
|-weather|SunnyDay|[from] ability: Drought|[of] p2a: Calenté IV
|turn|4
|
|t:|1782366484
|switch|p1b: Blaziken|Blaziken, L50, F|100/100
|move|p2b: Red Fish|Last Respects|p1b: Blaziken
|-damage|p1b: Blaziken|0 fnt
|faint|p1b: Blaziken
|-damage|p2b: Red Fish|90/100|[from] item: Life Orb
|move|p1a: Farigiraf|Thunderbolt|p2b: Red Fish
|-supereffective|p2b: Red Fish|1
|-damage|p2b: Red Fish|39/100
|move|p2a: Calenté IV|Eruption|p1a: Farigiraf
|-damage|p1a: Farigiraf|0 fnt
|faint|p1a: Farigiraf
|
|-weather|SunnyDay|[upkeep]
|upkeep
|
|t:|1782366502
|switch|p1b: Hydreigon|Hydreigon, L50, M|100/100
|switch|p1a: Metagross|Metagross-Mega, L50|75/100
|turn|5
|
|t:|1782366514
|move|p1a: Metagross|Protect|p1a: Metagross
|-singleturn|p1a: Metagross|Protect
|move|p2b: Red Fish|Last Respects|p1b: Hydreigon
|-resisted|p1b: Hydreigon|1
|-damage|p1b: Hydreigon|29/100
|-damage|p2b: Red Fish|29/100|[from] item: Life Orb
|move|p1b: Hydreigon|Snarl|p2a: Calenté IV|[spread] p2a,p2b
|-supereffective|p2b: Red Fish|1
|-damage|p2a: Calenté IV|67/100
|-damage|p2b: Red Fish|0 fnt
|-unboost|p2a: Calenté IV|spa|1
|faint|p2b: Red Fish
|move|p2a: Calenté IV|Heat Wave|p1a: Metagross|[spread] p1b
|-activate|p1a: Metagross|move: Protect
|-resisted|p1b: Hydreigon|1
|-damage|p1b: Hydreigon|6/100
|
|-weather|SunnyDay|[upkeep]
|-sideend|p2: vilan333|move: Tailwind
|upkeep
|turn|6
|-message|vilan333 forfeited.
|
|win|kirkin07
|l|☆vilan333
|player|p2|
||kirkin07 is ready for game 3.
|j|☆vilan333
|player|p2|vilan333|marshal|
