|j|☆WinterLily413
|j|☆spellbreakvgc
|html|WinterLily413spellbreakvgc    
|uhtml|bestof|Game 1 of a best-of-3
|t:|1756814159
|gametype|doubles
|player|p1|WinterLily413|170|1158
|player|p2|spellbreakvgc|lance|1163
|gen|9
|tier|[Gen 9] VGC 2025 Reg H (Bo3)
|rated|
|rule|Species Clause: Limit one of each Pokémon
|rule|Item Clause: Limit 1 of each item
|clearpoke
|poke|p1|Torkoal, L50, F|
|poke|p1|Comfey, L50, F|
|poke|p1|Rillaboom, L50, F|
|poke|p1|Electabuzz, L50, M|
|poke|p1|Kingambit, L50, F|
|poke|p1|Archaludon, L50, M|
|poke|p2|Garchomp, L50, M|
|poke|p2|Weezing-Galar, L50, M|
|poke|p2|Archaludon, L50, F|
|poke|p2|Gholdengo, L50|
|poke|p2|Talonflame, L50, M|
|poke|p2|Annihilape, L50, F|
|teampreview|4
|showteam|p1|Torkoal||ChoiceSpecs|Drought|Eruption,WeatherBall,HeatWave,EarthPower|||F|||50|,,,,,Fire]Comfey||Leftovers|Triage|FloralHealing,TrickRoom,DrainingKiss,Protect|||F|||50|,,,,,Steel]Rillaboom||AssaultVest|GrassySurge|WoodHammer,GrassyGlide,FakeOut,Uturn|||F|||50|,,,,,Fire]Electabuzz||Eviolite|VitalSpirit|FollowMe,Taunt,VoltSwitch,Protect|||M|||50|,,,,,Ghost]Kingambit||BlackGlasses|Defiant|KowtowCleave,SuckerPunch,Protect,IronHead|||F|||50|,,,,,Dark]Archaludon||PowerHerb|Sturdy|AuraSphere,ElectroShot,FlashCannon,Protect|||M|||50|,,,,,Fairy
|showteam|p2|Garchomp||LifeOrb|RoughSkin|DragonClaw,Earthquake,StompingTantrum,Protect|||M|||50|,,,,,Ground]Weezing-Galar||FocusSash|NeutralizingGas|Protect,SludgeBomb,Taunt,StrangeSteam|||M|||50|,,,,,Flying]Archaludon||PowerHerb|Sturdy|ElectroShot,Thunderbolt,DracoMeteor,Protect|||F|||50|,,,,,Electric]Gholdengo||ChoiceSpecs|GoodasGold|ShadowBall,DazzlingGleam,PowerGem,MakeItRain||||||50|,,,,,Fairy]Talonflame||CovertCloak|GaleWings|Tailwind,DualWingbeat,WillOWisp,FlareBlitz|||M|||50|,,,,,Stellar]Annihilape||AssaultVest|Defiant|CloseCombat,RageFist,FinalGambit,IcePunch|||F|||50|,,,,,Grass
|inactive|Battle timer is ON: inactive players will automatically lose when time's up. (requested by spellbreakvgc)
|inactive|spellbreakvgc has 60 seconds left.
|inactive|spellbreakvgc has 30 seconds left.
|
|t:|1756814296
|teamsize|p1|4
|teamsize|p2|4
|start
|switch|p1a: Rillaboom|Rillaboom, L50, F|100/100
|switch|p1b: Comfey|Comfey, L50, F|100/100
|switch|p2a: Weezing|Weezing-Galar, L50, M|100/100
|switch|p2b: Garchomp|Garchomp, L50, M|100/100
|-ability|p2a: Weezing|Neutralizing Gas
|turn|1
|inactive|WinterLily413 has 30 seconds left.
|inactive|spellbreakvgc has 30 seconds left.
|
|t:|1756814326
|-terastallize|p2a: Weezing|Flying
|move|p1a: Rillaboom|Fake Out|p2a: Weezing
|-damage|p2a: Weezing|85/100
|move|p2b: Garchomp|Earthquake|p1a: Rillaboom|[spread] p1a,p1b
|-immune|p2a: Weezing
|-resisted|p1a: Rillaboom
|-crit|p1b: Comfey
|-damage|p1a: Rillaboom|77/100
|-damage|p1b: Comfey|31/100
|-damage|p2b: Garchomp|91/100|[from] item: Life Orb
|cant|p2a: Weezing|flinch
|move|p1b: Comfey|Trick Room|p1b: Comfey
|-fieldstart|move: Trick Room|[of] p1b: Comfey
|
|-heal|p1b: Comfey|37/100|[from] item: Leftovers
|upkeep
|turn|2
|inactive|WinterLily413 has 30 seconds left.
|inactive|WinterLily413 has 20 seconds left.
|inactive|WinterLily413 has 15 seconds left.
|
|t:|1756814369
|move|p2b: Garchomp|Protect|p2b: Garchomp
|-singleturn|p2b: Garchomp|Protect
|move|p2a: Weezing|Sludge Bomb|p1b: Comfey
|-supereffective|p1b: Comfey
|-crit|p1b: Comfey
|-damage|p1b: Comfey|0 fnt
|faint|p1b: Comfey
|move|p1a: Rillaboom|U-turn|p2b: Garchomp
|-activate|p2b: Garchomp|move: Protect
|
|upkeep
|
|t:|1756814382
|switch|p1b: Archaludon|Archaludon, L50, M|100/100
|turn|3
|
|t:|1756814401
|move|p2a: Weezing|Protect|p2a: Weezing
|-singleturn|p2a: Weezing|Protect
|move|p1a: Rillaboom|U-turn|p2b: Garchomp
|-damage|p2b: Garchomp|65/100
|
|t:|1756814406
|switch|p1a: Torkoal|Torkoal, L50, F|100/100|[from] U-turn
|move|p1b: Archaludon|Electro Shot||[still]
|-prepare|p1b: Archaludon|Electro Shot
|-boost|p1b: Archaludon|spa|1
|-enditem|p1b: Archaludon|Power Herb
|-anim|p1b: Archaludon|Electro Shot|p2a: Weezing
|-activate|p2a: Weezing|move: Protect
|move|p2b: Garchomp|Earthquake|p1b: Archaludon|[spread] p1a,p1b
|-activate|p2a: Weezing|move: Protect
|-supereffective|p1a: Torkoal
|-supereffective|p1b: Archaludon
|-damage|p1a: Torkoal|24/100
|-damage|p1b: Archaludon|11/100
|-damage|p2b: Garchomp|55/100|[from] item: Life Orb
|
|upkeep
|turn|4
|inactive|WinterLily413 has 30 seconds left.
|inactive|spellbreakvgc has 30 seconds left.
|
|t:|1756814437
|move|p2b: Garchomp|Protect|p2b: Garchomp
|-singleturn|p2b: Garchomp|Protect
|move|p1a: Torkoal|Heat Wave|p2a: Weezing|[spread] p2a
|-activate|p2b: Garchomp|move: Protect
|-damage|p2a: Weezing|8/100
|move|p2a: Weezing|Strange Steam|p1b: Archaludon
|-damage|p1b: Archaludon|0 fnt
|faint|p1b: Archaludon
|
|upkeep
|
|t:|1756814447
|switch|p1b: Rillaboom|Rillaboom, L50, F|77/100
|turn|5
|
|t:|1756814470
|move|p2a: Weezing|Protect|p2a: Weezing
|-singleturn|p2a: Weezing|Protect
|move|p2b: Garchomp|Protect|p2b: Garchomp
|-singleturn|p2b: Garchomp|Protect
|move|p1b: Rillaboom|Fake Out|p2b: Garchomp
|-activate|p2b: Garchomp|move: Protect
|move|p1a: Torkoal|Heat Wave|p2b: Garchomp|[spread] 
|-activate|p2a: Weezing|move: Protect
|-activate|p2b: Garchomp|move: Protect
|
|-fieldend|move: Trick Room
|upkeep
|turn|6
|
|t:|1756814492
|move|p2b: Garchomp|Earthquake|p1a: Torkoal|[spread] p1a,p1b
|-immune|p2a: Weezing
|-supereffective|p1a: Torkoal
|-resisted|p1b: Rillaboom
|-damage|p1a: Torkoal|0 fnt
|-damage|p1b: Rillaboom|51/100
|faint|p1a: Torkoal
|-damage|p2b: Garchomp|46/100|[from] item: Life Orb
|move|p1b: Rillaboom|Grassy Glide|p2a: Weezing
|-resisted|p2a: Weezing
|-damage|p2a: Weezing|0 fnt
|faint|p2a: Weezing
|-end|p2a: Weezing|ability: Neutralizing Gas
|-fieldstart|move: Grassy Terrain|[from] ability: Grassy Surge|[of] p1b: Rillaboom
|
|-heal|p2b: Garchomp|52/100|[from] Grassy Terrain
|-heal|p1b: Rillaboom|57/100|[from] Grassy Terrain
|upkeep
|
|t:|1756814507
|switch|p2a: Annihilape|Annihilape, L50, F|100/100
|turn|7
|
|t:|1756814517
|move|p2b: Garchomp|Protect|p2b: Garchomp
|-singleturn|p2b: Garchomp|Protect
|move|p2a: Annihilape|Ice Punch|p1b: Rillaboom
|-supereffective|p1b: Rillaboom
|-damage|p1b: Rillaboom|16/100
|move|p1b: Rillaboom|Wood Hammer|p2b: Garchomp
|-activate|p2b: Garchomp|move: Protect
|
|-heal|p2b: Garchomp|58/100|[from] Grassy Terrain
|-heal|p1b: Rillaboom|22/100|[from] Grassy Terrain
|upkeep
|turn|8
|
|t:|1756814531
|switch|p2b: Gholdengo|Gholdengo, L50|100/100
|move|p2a: Annihilape|Ice Punch|p1b: Rillaboom
|-supereffective|p1b: Rillaboom
|-crit|p1b: Rillaboom
|-damage|p1b: Rillaboom|0 fnt
|faint|p1b: Rillaboom
|
|win|spellbreakvgc
||spellbreakvgc is ready for game 2.
||WinterLily413 is ready for game 2.
|uhtml|next|Next: Game 2 of 3
