|j|☆van-sommelier
|j|☆Beanybag
|html|van-sommelierBeanybag    
|uhtml|bestof|Game 3 of a best-of-3
|t:|1784379736
|gametype|doubles
|player|p1|van-sommelier|265|1159
|player|p2|Beanybag|169|1230
|gen|9
|tier|[Gen 9 Champions] VGC 2026 Reg M-B (Bo3)
|rated|
|rule|Species Clause: Limit one of each Pokémon
|rule|Item Clause: Limit 1 of each item
|clearpoke
|poke|p1|Primarina, L50, M, shiny|
|poke|p1|Sylveon, L50, M, shiny|
|poke|p1|Gardevoir, L50, M, shiny|
|poke|p1|Pidgeot, L50, F, shiny|
|poke|p1|Drampa, L50, M, shiny|
|poke|p1|Farigiraf, L50, M, shiny|
|poke|p2|Incineroar, L50, M, shiny|
|poke|p2|Scovillain, L50, M|
|poke|p2|Sinistcha, L50|
|poke|p2|Bellibolt, L50, M|
|poke|p2|Gengar, L50, F, shiny|
|poke|p2|Araquanid, L50, M, shiny|
|teampreview|4
|showteam|p1|Primarina||ChoiceScarf|LiquidVoice|Round,HyperVoice,Moonblast,EnergyBall|Timid||M|||50|]Sylveon||FairyFeather|Pixilate|HyperVoice,QuickAttack,Round,Protect|Sassy||M|||50|]Gardevoir||Gardevoirite|Synchronize|Round,HyperVoice,HyperBeam,Protect|Timid||M|||50|]Pidgeot||Pidgeotite|KeenEye|Round,Hurricane,Tailwind,Protect|Timid||F|||50|]Drampa||Drampanite|Berserk|Round,HyperVoice,DracoMeteor,Protect|Quiet||M|||50|]Farigiraf||ColburBerry|ArmorTail|Psychic,Thunderbolt,TrickRoom,Protect|Modest||M|||50|
|showteam|p2|Incineroar||SitrusBerry|Intimidate|FakeOut,PartingShot,ThroatChop,Protect|Relaxed||M|||50|]Scovillain||Scovillainite|Moody|GigaDrain,LeechSeed,RagePowder,Protect|Calm||M|||50|]Sinistcha||FocusSash|Hospitality|MatchaGotcha,ShadowBall,Protect,TrickRoom|Quiet|||||50|]Bellibolt||ShucaBerry|Electromorphosis|Soak,VoltSwitch,ParabolicCharge,Protect|Relaxed||M|||50|]Gengar||Gengarite|CursedBody|GigaDrain,Substitute,PerishSong,Protect|Timid||F|||50|]Araquanid||Leftovers|WaterBubble|Soak,Stockpile,Infestation,Protect|Relaxed||M|||50|
|inactive|Battle timer is ON: inactive players will automatically lose when time's up. (requested by van-sommelier)
|
|t:|1784379768
|teamsize|p1|4
|teamsize|p2|4
|start
|switch|p1a: Pidgeot|Pidgeot, L50, F, shiny|100/100
|switch|p1b: Farigiraf|Farigiraf, L50, M, shiny|100/100
|switch|p2a: SQRTTTT|Bellibolt, L50, M|100/100
|switch|p2b: NONO SQUARE|Scovillain, L50, M|100/100
|turn|1
|inactive|van-sommelier has 30 seconds left.
|
|t:|1784379794
|detailschange|p1a: Pidgeot|Pidgeot-Mega, L50, F, shiny
|-mega|p1a: Pidgeot|Pidgeot|Pidgeotite
|move|p2b: NONO SQUARE|Protect|p2b: NONO SQUARE
|-singleturn|p2b: NONO SQUARE|Protect
|move|p1a: Pidgeot|Hurricane|p2a: SQRTTTT
|-resisted|p2a: SQRTTTT|1
|-damage|p2a: SQRTTTT|77/100
|-start|p2a: SQRTTTT|confusion
|-start|p2a: SQRTTTT|Charge|Hurricane|[from] ability: Electromorphosis
|move|p1b: Farigiraf|Psychic|p2a: SQRTTTT
|-damage|p2a: SQRTTTT|41/100
|-start|p2a: SQRTTTT|Charge|Psychic|[from] ability: Electromorphosis
|-activate|p2a: SQRTTTT|confusion
|-damage|p2a: SQRTTTT|35/100|[from] confusion
|
|-ability|p2b: NONO SQUARE|Moody|boost
|-boost|p2b: NONO SQUARE|spd|2
|-unboost|p2b: NONO SQUARE|def|1
|upkeep
|turn|2
|inactive|Beanybag has 30 seconds left.
|inactive|Beanybag has 20 seconds left.
|inactive|Beanybag has 15 seconds left.
|inactive|Beanybag has 10 seconds left.
|inactive|Beanybag has 5 seconds left.
|
|t:|1784379848
|detailschange|p2b: NONO SQUARE|Scovillain-Mega, L50, M
|-mega|p2b: NONO SQUARE|Scovillain|Scovillainite
|move|p1a: Pidgeot|Hurricane|p2b: NONO SQUARE
|-supereffective|p2b: NONO SQUARE|1
|-damage|p2b: NONO SQUARE|53/100
|-status|p1a: Pidgeot|brn|[from] ability: Spicy Spray|[of] p2b: NONO SQUARE
|move|p2b: NONO SQUARE|Leech Seed|p1b: Farigiraf
|-start|p1b: Farigiraf|move: Leech Seed
|move|p1b: Farigiraf|Psychic|p2a: SQRTTTT
|-damage|p2a: SQRTTTT|0 fnt
|faint|p2a: SQRTTTT
|
|-damage|p1b: Farigiraf|87/100|[from] Leech Seed|[of] p2b: NONO SQUARE
|-heal|p2b: NONO SQUARE|69/100|[silent]
|-damage|p1a: Pidgeot|94/100 brn|[from] brn
|upkeep
|
|t:|1784379864
|switch|p2a: SUPA SOOKA|Araquanid, L50, M, shiny|100/100
|turn|3
|
|t:|1784379878
|switch|p1b: Sylveon|Sylveon, L50, M, shiny|100/100
|move|p2a: SUPA SOOKA|Protect|p2a: SUPA SOOKA
|-singleturn|p2a: SUPA SOOKA|Protect
|move|p1a: Pidgeot|Tailwind|p1a: Pidgeot
|-sidestart|p1: van-sommelier|move: Tailwind
|move|p2b: NONO SQUARE|Leech Seed|p1a: Pidgeot
|-start|p1a: Pidgeot|move: Leech Seed
|
|-damage|p1a: Pidgeot|82/100 brn|[from] Leech Seed|[of] p2b: NONO SQUARE
|-heal|p2b: NONO SQUARE|80/100|[silent]
|-damage|p1a: Pidgeot|76/100 brn|[from] brn
|upkeep
|turn|4
|
|t:|1784379891
|move|p1a: Pidgeot|Hurricane|p2a: SUPA SOOKA
|-supereffective|p2a: SUPA SOOKA|1
|-damage|p2a: SUPA SOOKA|10/100
|move|p1b: Sylveon|Hyper Voice|p2a: SUPA SOOKA|[spread] p2a,p2b
|-resisted|p2b: NONO SQUARE|1
|-damage|p2a: SUPA SOOKA|0 fnt
|-damage|p2b: NONO SQUARE|73/100
|-status|p1b: Sylveon|brn|[from] ability: Spicy Spray|[of] p2b: NONO SQUARE
|faint|p2a: SUPA SOOKA
|move|p2b: NONO SQUARE|Leech Seed|p1b: Sylveon
|-start|p1b: Sylveon|move: Leech Seed
|
|-damage|p1a: Pidgeot|64/100 brn|[from] Leech Seed|[of] p2b: NONO SQUARE
|-heal|p2b: NONO SQUARE|84/100|[silent]
|-damage|p1b: Sylveon|87/100 brn|[from] Leech Seed|[of] p2b: NONO SQUARE
|-heal|p2b: NONO SQUARE|99/100|[silent]
|-damage|p1a: Pidgeot|58/100 brn|[from] brn
|-damage|p1b: Sylveon|81/100 brn|[from] brn
|upkeep
|
|t:|1784379894
|switch|p2a: GREEN LAVA|Sinistcha, L50|100/100
|-heal|p2b: NONO SQUARE|100/100|[from] ability: Hospitality|[of] p2a: GREEN LAVA
|turn|5
|inactive|Beanybag has 30 seconds left.
|inactive|Beanybag has 20 seconds left.
|
|t:|1784379933
|move|p1a: Pidgeot|Hurricane|p2a: GREEN LAVA
|-supereffective|p2a: GREEN LAVA|1
|-enditem|p2a: GREEN LAVA|Focus Sash
|-damage|p2a: GREEN LAVA|1/100
|-start|p2a: GREEN LAVA|confusion
|move|p1b: Sylveon|Hyper Voice|p2b: NONO SQUARE|[spread] p2a,p2b
|-resisted|p2b: NONO SQUARE|1
|-damage|p2a: GREEN LAVA|0 fnt
|-damage|p2b: NONO SQUARE|91/100
|faint|p2a: GREEN LAVA
|move|p2b: NONO SQUARE|Giga Drain|p1b: Sylveon
|-damage|p1b: Sylveon|63/100 brn
|-heal|p2b: NONO SQUARE|100/100|[from] drain|[of] p1b: Sylveon
|
|-damage|p1a: Pidgeot|46/100 brn|[from] Leech Seed|[of] p2b: NONO SQUARE
|-damage|p1b: Sylveon|51/100 brn|[from] Leech Seed|[of] p2b: NONO SQUARE
|-damage|p1a: Pidgeot|41/100 brn|[from] brn
|-damage|p1b: Sylveon|45/100 brn|[from] brn
|upkeep
|turn|6
|
|t:|1784379943
|move|p2b: NONO SQUARE|Protect|p2b: NONO SQUARE
|-singleturn|p2b: NONO SQUARE|Protect
|move|p1a: Pidgeot|Hurricane|p2b: NONO SQUARE
|-activate|p2b: NONO SQUARE|move: Protect
|move|p1b: Sylveon|Hyper Voice|p2b: NONO SQUARE
|-activate|p2b: NONO SQUARE|move: Protect
|
|-damage|p1a: Pidgeot|29/100 brn|[from] Leech Seed|[of] p2b: NONO SQUARE
|-damage|p1b: Sylveon|33/100 brn|[from] Leech Seed|[of] p2b: NONO SQUARE
|-damage|p1a: Pidgeot|23/100 brn|[from] brn
|-damage|p1b: Sylveon|27/100 brn|[from] brn
|-sideend|p1: van-sommelier|move: Tailwind
|upkeep
|turn|7
|
|t:|1784379950
|move|p2b: NONO SQUARE|Protect|p2b: NONO SQUARE
|-singleturn|p2b: NONO SQUARE|Protect
|move|p1a: Pidgeot|Hurricane|p2b: NONO SQUARE
|-activate|p2b: NONO SQUARE|move: Protect
|move|p1b: Sylveon|Hyper Voice|p2b: NONO SQUARE
|-activate|p2b: NONO SQUARE|move: Protect
|
|-damage|p1a: Pidgeot|11/100 brn|[from] Leech Seed|[of] p2b: NONO SQUARE
|-damage|p1b: Sylveon|14/100 brn|[from] Leech Seed|[of] p2b: NONO SQUARE
|-damage|p1a: Pidgeot|5/100 brn|[from] brn
|-damage|p1b: Sylveon|8/100 brn|[from] brn
|upkeep
|turn|8
|
|t:|1784379959
|move|p1a: Pidgeot|Hurricane|p2b: NONO SQUARE
|-supereffective|p2b: NONO SQUARE|1
|-damage|p2b: NONO SQUARE|47/100
|move|p2b: NONO SQUARE|Giga Drain|p1b: Sylveon
|-damage|p1b: Sylveon|0 fnt
|-heal|p2b: NONO SQUARE|52/100|[from] drain|[of] p1b: Sylveon
|faint|p1b: Sylveon
|
|-damage|p1a: Pidgeot|0 fnt|[from] Leech Seed|[of] p2b: NONO SQUARE
|-heal|p2b: NONO SQUARE|57/100|[silent]
|faint|p1a: Pidgeot
|upkeep
|
|t:|1784379963
|switch|p1a: Farigiraf|Farigiraf, L50, M, shiny|87/100
|switch|p1b: Drampa|Drampa, L50, M, shiny|100/100
|turn|9
|
|t:|1784379976
|move|p1b: Drampa|Protect|p1b: Drampa
|-singleturn|p1b: Drampa|Protect
|move|p2b: NONO SQUARE|Leech Seed|p1a: Farigiraf
|-start|p1a: Farigiraf|move: Leech Seed
|move|p1a: Farigiraf|Trick Room|p1a: Farigiraf
|-fieldstart|move: Trick Room|[of] p1a: Farigiraf
|
|-damage|p1a: Farigiraf|75/100|[from] Leech Seed|[of] p2b: NONO SQUARE
|-heal|p2b: NONO SQUARE|74/100|[silent]
|upkeep
|turn|10
|
|t:|1784379986
|move|p1b: Drampa|Hyper Voice|p2b: NONO SQUARE
|-damage|p2b: NONO SQUARE|51/100
|-status|p1b: Drampa|brn|[from] ability: Spicy Spray|[of] p2b: NONO SQUARE
|move|p1a: Farigiraf|Psychic|p2b: NONO SQUARE
|-damage|p2b: NONO SQUARE|30/100
|-status|p1a: Farigiraf|brn|[from] ability: Spicy Spray|[of] p2b: NONO SQUARE
|move|p2b: NONO SQUARE|Leech Seed|p1b: Drampa
|-start|p1b: Drampa|move: Leech Seed
|
|-damage|p1b: Drampa|87/100 brn|[from] Leech Seed|[of] p2b: NONO SQUARE
|-heal|p2b: NONO SQUARE|43/100|[silent]
|-damage|p1a: Farigiraf|62/100 brn|[from] Leech Seed|[of] p2b: NONO SQUARE
|-heal|p2b: NONO SQUARE|60/100|[silent]
|-damage|p1b: Drampa|81/100 brn|[from] brn
|-damage|p1a: Farigiraf|56/100 brn|[from] brn
|upkeep
|turn|11
|
|t:|1784380005
|move|p2b: NONO SQUARE|Protect|p2b: NONO SQUARE
|-singleturn|p2b: NONO SQUARE|Protect
|move|p1b: Drampa|Draco Meteor|p2b: NONO SQUARE
|-activate|p2b: NONO SQUARE|move: Protect
|move|p1a: Farigiraf|Psychic|p2b: NONO SQUARE
|-activate|p2b: NONO SQUARE|move: Protect
|
|-damage|p1b: Drampa|69/100 brn|[from] Leech Seed|[of] p2b: NONO SQUARE
|-heal|p2b: NONO SQUARE|73/100|[silent]
|-damage|p1a: Farigiraf|44/100 brn|[from] Leech Seed|[of] p2b: NONO SQUARE
|-heal|p2b: NONO SQUARE|90/100|[silent]
|-damage|p1b: Drampa|63/100 brn|[from] brn
|-damage|p1a: Farigiraf|38/100 brn|[from] brn
|upkeep
|turn|12
|
|t:|1784380010
|move|p1b: Drampa|Draco Meteor|p2b: NONO SQUARE
|-damage|p2b: NONO SQUARE|57/100
|-unboost|p1b: Drampa|spa|2
|move|p1a: Farigiraf|Psychic|p2b: NONO SQUARE
|-damage|p2b: NONO SQUARE|38/100
|move|p2b: NONO SQUARE|Giga Drain|p1a: Farigiraf
|-damage|p1a: Farigiraf|1/100 brn
|-heal|p2b: NONO SQUARE|63/100|[from] drain|[of] p1a: Farigiraf
|
|-damage|p1b: Drampa|50/100g brn|[from] Leech Seed|[of] p2b: NONO SQUARE
|-heal|p2b: NONO SQUARE|77/100|[silent]
|-damage|p1a: Farigiraf|0 fnt|[from] Leech Seed|[of] p2b: NONO SQUARE
|-heal|p2b: NONO SQUARE|78/100|[silent]
|faint|p1a: Farigiraf
|-damage|p1b: Drampa|44/100 brn|[from] brn
|upkeep
|turn|13
|
|t:|1784380032
|move|p2b: NONO SQUARE|Protect|p2b: NONO SQUARE
|-singleturn|p2b: NONO SQUARE|Protect
|move|p1b: Drampa|Draco Meteor|p2b: NONO SQUARE
|-activate|p2b: NONO SQUARE|move: Protect
|
|-damage|p1b: Drampa|32/100 brn|[from] Leech Seed|[of] p2b: NONO SQUARE
|-heal|p2b: NONO SQUARE|91/100|[silent]
|-damage|p1b: Drampa|26/100 brn|[from] brn
|-fieldend|move: Trick Room
|upkeep
|turn|14
|
|t:|1784380038
|move|p2b: NONO SQUARE|Giga Drain|p1b: Drampa
|-resisted|p1b: Drampa|1
|-damage|p1b: Drampa|7/100 brn
|-heal|p2b: NONO SQUARE|100/100|[from] drain|[of] p1b: Drampa
|move|p1b: Drampa|Round|p1: Farigiraf|[notarget]
|-fail|p1b: Drampa
|
|-damage|p1b: Drampa|0 fnt|[from] Leech Seed|[of] p2b: NONO SQUARE
|faint|p1b: Drampa
|
|win|Beanybag
|raw|van-sommelier's rating: 1159 → 1139(-20 for losing)
|raw|Beanybag's rating: 1230 → 1250(+20 for winning)
|l|☆van-sommelier
|player|p1|
