|j|☆freudianbreath
|j|☆GitGud243
|html|freudianbreathGitGud243    
|uhtml|bestof|Game 3 of a best-of-3
|t:|1784492219
|gametype|doubles
|player|p1|freudianbreath|265|1127
|player|p2|GitGud243|bruno|1040
|gen|9
|tier|[Gen 9 Champions] VGC 2026 Reg M-B (Bo3)
|rated|
|rule|Species Clause: Limit one of each Pokémon
|rule|Item Clause: Limit 1 of each item
|clearpoke
|poke|p1|Pyroar, L50, F|
|poke|p1|Vileplume, L50, M|
|poke|p1|Torkoal, L50, M|
|poke|p1|Incineroar, L50, F|
|poke|p1|Floette-Eternal, L50, F|
|poke|p1|Farigiraf, L50, F|
|poke|p2|Chesnaught, L50, F|
|poke|p2|Rotom-Wash, L50|
|poke|p2|Incineroar, L50, F|
|poke|p2|Excadrill, L50, M|
|poke|p2|Farigiraf, L50, F|
|poke|p2|Tyranitar, L50, M|
|teampreview|4
|showteam|p1|Pyroar||Pyroarite|Unnerve|Protect,Overheat,HeatWave,SolarBeam|Timid||F|||50|]Vileplume||FocusSash|Chlorophyll|SleepPowder,AfterYou,SludgeBomb,SolarBeam|Timid||M|||50|]Torkoal||Charcoal|Drought|Protect,HelpingHand,Eruption,WeatherBall|Quiet||M|||50|]Incineroar||WhiteHerb|Intimidate|FakeOut,FlareBlitz,DarkestLariat,CloseCombat|Brave||F|||50|]Floette-Eternal||Floettite|FlowerVeil|Protect,CalmMind,Moonblast,DrainingKiss|Modest||F|||50|]Farigiraf||SitrusBerry|ArmorTail|HelpingHand,TrickRoom,Psychic,Thunderbolt|Relaxed||F|||50|
|showteam|p2|Chesnaught||Chesnaughtite|Bulletproof|BodyPress,WoodHammer,SpikyShield,IronDefense|Relaxed||F|||50|]Rotom-Wash||ChoiceScarf|Levitate|HydroPump,Trick,Thunderbolt,VoltSwitch|Modest|||||50|]Incineroar||SitrusBerry|Intimidate|DarkestLariat,FlareBlitz,PartingShot,FakeOut|Adamant||F|||50|]Excadrill||FocusSash|SandRush|Protect,SwordsDance,HighHorsepower,IronHead|Adamant||M|||50|]Farigiraf||LumBerry|ArmorTail|Psychic,Protect,HelpingHand,TrickRoom|Calm||F|||50|]Tyranitar||ChopleBerry|SandStream|RockSlide,Protect,LowKick,KnockOff|Adamant||M|||50|
|inactive|Battle timer is ON: inactive players will automatically lose when time's up. (requested by freudianbreath)
|inactive|freudianbreath has 60 seconds left.
|inactive|GitGud243 has 60 seconds left.
|inactive|freudianbreath has 30 seconds left.
|
|t:|1784492288
|teamsize|p1|4
|teamsize|p2|4
|start
|switch|p1a: Farigiraf|Farigiraf, L50, F|100/100
|switch|p1b: Incineroar|Incineroar, L50, F|100/100
|switch|p2a: Chesnaught|Chesnaught, L50, F|100/100
|switch|p2b: Excadrill|Excadrill, L50, M|100/100
|-ability|p1b: Incineroar|Intimidate|boost
|-unboost|p2a: Chesnaught|atk|1
|-unboost|p2b: Excadrill|atk|1
|turn|1
|inactive|freudianbreath has 30 seconds left.
|inactive|GitGud243 has 30 seconds left.
|inactive|freudianbreath has 20 seconds left.
|inactive|GitGud243 has 20 seconds left.
|inactive|freudianbreath has 15 seconds left.
|inactive|GitGud243 has 15 seconds left.
|inactive|freudianbreath has 10 seconds left.
|
|t:|1784492334
|switch|p2a: Tyranitar|Tyranitar, L50, M|100/100
|-weather|Sandstorm|[from] ability: Sand Stream|[of] p2a: Tyranitar
|move|p2b: Excadrill|High Horsepower|p1b: Incineroar
|-supereffective|p1b: Incineroar|1
|-damage|p1b: Incineroar|24/100
|move|p1b: Incineroar|Flare Blitz|p2b: Excadrill
|-supereffective|p2b: Excadrill|1
|-enditem|p2b: Excadrill|Focus Sash
|-damage|p2b: Excadrill|1/100
|-damage|p1b: Incineroar|0 fnt|[from] Recoil
|faint|p1b: Incineroar
|move|p1a: Farigiraf|Trick Room|p1a: Farigiraf
|-fieldstart|move: Trick Room|[of] p1a: Farigiraf
|
|-weather|Sandstorm|[upkeep]
|-damage|p1a: Farigiraf|93/100|[from] Sandstorm
|upkeep
|inactive|freudianbreath has 30 seconds left.
|inactive|freudianbreath has 20 seconds left.
|
|t:|1784492372
|switch|p1b: Torkoal|Torkoal, L50, M|100/100
|-weather|SunnyDay|[from] ability: Drought|[of] p1b: Torkoal
|turn|2
|inactive|freudianbreath has 30 seconds left.
|inactive|GitGud243 has 30 seconds left.
|inactive|freudianbreath has 20 seconds left.
|inactive|freudianbreath has 15 seconds left.
|
|t:|1784492415
|switch|p2a: Rotom|Rotom-Wash, L50|100/100
|move|p1a: Farigiraf|Helping Hand|p1b: Torkoal
|-singleturn|p1b: Torkoal|Helping Hand|[of] p1a: Farigiraf
|move|p1b: Torkoal|Eruption|p2b: Excadrill|[spread] p2a,p2b
|-resisted|p2a: Rotom|1
|-crit|p2a: Rotom
|-supereffective|p2b: Excadrill|1
|-damage|p2a: Rotom|0 fnt
|-damage|p2b: Excadrill|0 fnt
|faint|p2a: Rotom
|faint|p2b: Excadrill
|
|-weather|SunnyDay|[upkeep]
|upkeep
|
|t:|1784492431
|switch|p2a: Tyranitar|Tyranitar, L50, M|100/100
|switch|p2b: Chesnaught|Chesnaught, L50, F|100/100
|-weather|Sandstorm|[from] ability: Sand Stream|[of] p2a: Tyranitar
|turn|3
|inactive|freudianbreath has 30 seconds left.
|inactive|freudianbreath has 20 seconds left.
|inactive|freudianbreath has 15 seconds left.
|inactive|freudianbreath has 10 seconds left.
|inactive|freudianbreath has 5 seconds left.
|
|t:|1784492484
|detailschange|p2b: Chesnaught|Chesnaught-Mega, L50, F
|-mega|p2b: Chesnaught|Chesnaught|Chesnaughtite
|move|p2b: Chesnaught|Spiky Shield|p2b: Chesnaught
|-singleturn|p2b: Chesnaught|move: Protect
|move|p1b: Torkoal|Weather Ball|p2a: Tyranitar
|-damage|p2a: Tyranitar|85/100
|move|p1a: Farigiraf|Psychic|p2b: Chesnaught
|-activate|p2b: Chesnaught|move: Protect
|move|p2a: Tyranitar|Rock Slide|p1a: Farigiraf|[spread] p1a,p1b
|-supereffective|p1b: Torkoal|1
|-damage|p1a: Farigiraf|69/100
|-damage|p1b: Torkoal|55/100
|
|-weather|Sandstorm|[upkeep]
|-damage|p1b: Torkoal|49/100|[from] Sandstorm
|-damage|p2b: Chesnaught|93/100|[from] Sandstorm
|-damage|p1a: Farigiraf|63/100|[from] Sandstorm
|upkeep
|turn|4
|inactive|freudianbreath has 30 seconds left.
|inactive|GitGud243 has 30 seconds left.
|
|t:|1784492517
|move|p1b: Torkoal|Helping Hand|p1a: Farigiraf
|-singleturn|p1a: Farigiraf|Helping Hand|[of] p1b: Torkoal
|move|p2b: Chesnaught|Iron Defense|p2b: Chesnaught
|-boost|p2b: Chesnaught|def|2
|move|p1a: Farigiraf|Psychic|p2b: Chesnaught
|-supereffective|p2b: Chesnaught|1
|-damage|p2b: Chesnaught|9/100
|move|p2a: Tyranitar|Rock Slide|p1b: Torkoal|[spread] p1a,p1b
|-supereffective|p1b: Torkoal|1
|-damage|p1a: Farigiraf|43/100
|-damage|p1b: Torkoal|9/100
|-enditem|p1a: Farigiraf|Sitrus Berry|[eat]
|-heal|p1a: Farigiraf|68/100|[from] item: Sitrus Berry
|
|-weather|Sandstorm|[upkeep]
|-damage|p1b: Torkoal|2/100|[from] Sandstorm
|-damage|p2b: Chesnaught|3/100|[from] Sandstorm
|-damage|p1a: Farigiraf|62/100|[from] Sandstorm
|upkeep
|turn|5
|inactive|freudianbreath has 30 seconds left.
|inactive|freudianbreath has 20 seconds left.
|inactive|freudianbreath has 15 seconds left.
|inactive|freudianbreath has 10 seconds left.
|inactive|freudianbreath has 5 seconds left.
|
|t:|1784492570
|move|p1b: Torkoal|Weather Ball|p2a: Tyranitar
|-damage|p2a: Tyranitar|71/100
|move|p2b: Chesnaught|Body Press|p1a: Farigiraf
|-damage|p1a: Farigiraf|0 fnt
|faint|p1a: Farigiraf
|move|p2a: Tyranitar|Rock Slide|p1b: Torkoal
|-supereffective|p1b: Torkoal|1
|-crit|p1b: Torkoal
|-damage|p1b: Torkoal|0 fnt
|faint|p1b: Torkoal
|
|-weather|Sandstorm|[upkeep]
|-damage|p2b: Chesnaught|0 fnt|[from] Sandstorm
|faint|p2b: Chesnaught
|-fieldend|move: Trick Room
|upkeep
|
|t:|1784492579
|switch|p1b: Floette|Floette-Eternal, L50, F|100/100
|turn|6
|inactive|freudianbreath has 30 seconds left.
|inactive|freudianbreath has 20 seconds left.
|
|t:|1784492614
|detailschange|p1b: Floette|Floette-Mega, L50, F
|-mega|p1b: Floette|Floette|Floettite
|-ability|p1b: Floette|Fairy Aura
|move|p1b: Floette|Moonblast|p2a: Tyranitar
|-supereffective|p2a: Tyranitar|1
|-damage|p2a: Tyranitar|0 fnt
|faint|p2a: Tyranitar
|
|win|freudianbreath
|raw|freudianbreath's rating: 1127 → 1146(+19 for winning)
|raw|GitGud243's rating: 1040 → 1028(-12 for losing)
