|j|☆Grogguu
|j|☆threeloaf
|html|Grogguuthreeloaf    
|uhtml|bestof|Game 2 of a best-of-3
|t:|1756522379
|gametype|doubles
|player|p1|Grogguu|zinzolin|1170
|player|p2|threeloaf|266|1000
|gen|9
|tier|[Gen 9] VGC 2025 Reg H (Bo3)
|rated|
|rule|Species Clause: Limit one of each Pokémon
|rule|Item Clause: Limit 1 of each item
|clearpoke
|poke|p1|Volcarona, L50, F|
|poke|p1|Tyranitar, L50, F|
|poke|p1|Rillaboom, L50, M|
|poke|p1|Primarina, L50, F|
|poke|p1|Sneasler, L50, F|
|poke|p1|Dragonite, L50, M|
|poke|p2|Clefairy, L50, F|
|poke|p2|Archaludon, L50, M|
|poke|p2|Pelipper, L50, M|
|poke|p2|Rillaboom, L50, F|
|poke|p2|Maushold, L50|
|poke|p2|Basculegion, L50, M|
|teampreview|4
|showteam|p1|Volcarona||GrassySeed|FlameBody|QuiverDance,HeatWave,GigaDrain,Protect|||F|||50|,,,,,Fairy]Tyranitar||FocusSash|SandStream|RockSlide,KnockOff,TeraBlast,Protect|||F|||50|,,,,,Flying]Rillaboom||AssaultVest|GrassySurge|KnockOff,Uturn,GrassyGlide,FakeOut|||M|||50|,,,,,Grass]Primarina||SitrusBerry|LiquidVoice|HyperVoice,Moonblast,Haze,Protect|||F|||50|,,,,,Poison]Sneasler||WhiteHerb|Unburden|DireClaw,FakeOut,Protect,CloseCombat|||F|||50|,,,,,Dark]Dragonite||ClearAmulet|Multiscale|Tailwind,ScaleShot,StompingTantrum,Protect|||M|||50|,,,,,Fairy
|showteam|p2|Clefairy||Eviolite|FriendGuard|FollowMe,Protect,AfterYou,HelpingHand|||F|||50|,,,,,Grass]Archaludon||AssaultVest|Stamina|FlashCannon,DragonPulse,ElectroShot,BodyPress|||M|||50|,,,,,Bug]Pelipper||FocusSash|Drizzle|Tailwind,WideGuard,WeatherBall,Hurricane|||M|||50|,,,,,Ghost]Rillaboom||LoadedDice|GrassySurge|FakeOut,Protect,BulletSeed,GrassyGlide|||F|||50|,,,,,Grass]Maushold||WideLens|Technician|FollowMe,Protect,PopulationBomb,Feint||||||50|,,,,,Ghost]Basculegion||ChoiceBand|SwiftSwim|LastRespects,AquaJet,WaveCrash,FlipTurn|||M|||50|,,,,,Grass
|inactive|Battle timer is ON: inactive players will automatically lose when time's up. (requested by threeloaf)
|inactive|Grogguu has 60 seconds left.
|inactive|threeloaf has 60 seconds left.
|
|t:|1756522429
|teamsize|p1|4
|teamsize|p2|4
|start
|switch|p1a: Sneasler|Sneasler, L50, F|100/100
|switch|p1b: Tyranitar|Tyranitar, L50, F|100/100
|switch|p2a: Maushold|Maushold, L50|100/100
|switch|p2b: Archaludon|Archaludon, L50, M|100/100
|-weather|Sandstorm|[from] ability: Sand Stream|[of] p1b: Tyranitar
|turn|1
|inactive|threeloaf has 30 seconds left.
|inactive|Grogguu has 30 seconds left.
|
|t:|1756522462
|-terastallize|p2b: Archaludon|Bug
|move|p2a: Maushold|Protect|p2a: Maushold
|-singleturn|p2a: Maushold|Protect
|move|p1a: Sneasler|Protect|p1a: Sneasler
|-singleturn|p1a: Sneasler|Protect
|move|p1b: Tyranitar|Knock Off|p2a: Maushold
|-activate|p2a: Maushold|move: Protect
|move|p2b: Archaludon|Body Press|p1b: Tyranitar
|-supereffective|p1b: Tyranitar
|-damage|p1b: Tyranitar|7/100
|
|-weather|Sandstorm|[upkeep]
|-damage|p2a: Maushold|94/100|[from] Sandstorm
|-damage|p1a: Sneasler|95/100|[from] Sandstorm
|-damage|p2b: Archaludon|94/100|[from] Sandstorm
|upkeep
|turn|2
|
|t:|1756522482
|switch|p1b: Volcarona|Volcarona, L50, F|100/100
|move|p2a: Maushold|Population Bomb|p2b: Archaludon
|-damage|p2b: Archaludon|86/100
|-ability|p2b: Archaludon|Stamina|boost
|-boost|p2b: Archaludon|def|1
|-damage|p2b: Archaludon|80/100
|-ability|p2b: Archaludon|Stamina|boost
|-boost|p2b: Archaludon|def|1
|-damage|p2b: Archaludon|76/100
|-ability|p2b: Archaludon|Stamina|boost
|-boost|p2b: Archaludon|def|1
|-damage|p2b: Archaludon|72/100
|-ability|p2b: Archaludon|Stamina|boost
|-boost|p2b: Archaludon|def|1
|-damage|p2b: Archaludon|69/100
|-ability|p2b: Archaludon|Stamina|boost
|-boost|p2b: Archaludon|def|1
|-damage|p2b: Archaludon|65/100
|-ability|p2b: Archaludon|Stamina|boost
|-boost|p2b: Archaludon|def|1
|-damage|p2b: Archaludon|63/100
|-damage|p2b: Archaludon|61/100
|-damage|p2b: Archaludon|59/100
|-damage|p2b: Archaludon|57/100
|-hitcount|p2b: Archaludon|10
|move|p1a: Sneasler|Close Combat|p2a: Maushold
|-supereffective|p2a: Maushold
|-damage|p2a: Maushold|0 fnt
|-unboost|p1a: Sneasler|def|1
|-unboost|p1a: Sneasler|spd|1
|faint|p2a: Maushold
|-enditem|p1a: Sneasler|White Herb
|-clearnegativeboost|p1a: Sneasler|[silent]
|move|p2b: Archaludon|Body Press|p1b: Volcarona
|-resisted|p1b: Volcarona
|-damage|p1b: Volcarona|44/100
|-status|p2b: Archaludon|brn|[from] ability: Flame Body|[of] p1b: Volcarona
|
|-weather|Sandstorm|[upkeep]
|-damage|p1a: Sneasler|89/100|[from] Sandstorm
|-damage|p1b: Volcarona|38/100|[from] Sandstorm
|-damage|p2b: Archaludon|51/100 brn|[from] Sandstorm
|-damage|p2b: Archaludon|45/100 brn|[from] brn
|upkeep
|
|t:|1756522496
|switch|p2a: Pelipper|Pelipper, L50, M|100/100
|-weather|RainDance|[from] ability: Drizzle|[of] p2a: Pelipper
|turn|3
|
|t:|1756522518
|switch|p2a: Basculegion|Basculegion, L50, M|100/100
|move|p1a: Sneasler|Protect|p1a: Sneasler
|-singleturn|p1a: Sneasler|Protect
|move|p1b: Volcarona|Protect|p1b: Volcarona
|-singleturn|p1b: Volcarona|Protect
|move|p2b: Archaludon|Body Press|p1a: Sneasler
|-activate|p1a: Sneasler|move: Protect
|
|-weather|RainDance|[upkeep]
|-damage|p2b: Archaludon|39/100 brn|[from] brn
|upkeep
|turn|4
|
|t:|1756522535
|switch|p1b: Tyranitar|Tyranitar, L50, F|7/100
|-weather|Sandstorm|[from] ability: Sand Stream|[of] p1b: Tyranitar
|-terastallize|p1a: Sneasler|Dark
|move|p1a: Sneasler|Dire Claw|p2a: Basculegion
|-resisted|p2a: Basculegion
|-damage|p2a: Basculegion|72/100
|-status|p2a: Basculegion|slp
|cant|p2a: Basculegion|slp
|move|p2b: Archaludon|Body Press|p1a: Sneasler
|-supereffective|p1a: Sneasler
|-damage|p1a: Sneasler|0 fnt
|faint|p1a: Sneasler
|
|-weather|Sandstorm|[upkeep]
|-damage|p2a: Basculegion|66/100 slp|[from] Sandstorm
|-damage|p2b: Archaludon|33/100 brn|[from] Sandstorm
|-damage|p2b: Archaludon|27/100 brn|[from] brn
|upkeep
|inactive|Grogguu has 30 seconds left.
|inactive|Grogguu has 20 seconds left.
|inactive|Grogguu has 15 seconds left.
|inactive|Grogguu has 10 seconds left.
|inactive|Grogguu has 5 seconds left.
|
|t:|1756522590
|switch|p1a: Rillaboom|Rillaboom, L50, M|100/100
|-fieldstart|move: Grassy Terrain|[from] ability: Grassy Surge|[of] p1a: Rillaboom
|turn|5
|
|t:|1756522607
|switch|p2a: Pelipper|Pelipper, L50, M|100/100
|-weather|RainDance|[from] ability: Drizzle|[of] p2a: Pelipper
|move|p1b: Tyranitar|Protect|p1b: Tyranitar
|-singleturn|p1b: Tyranitar|Protect
|move|p1a: Rillaboom|Grassy Glide|p2a: Pelipper
|-damage|p2a: Pelipper|48/100
|move|p2b: Archaludon|Body Press|p1a: Rillaboom
|-damage|p1a: Rillaboom|54/100
|
|-weather|RainDance|[upkeep]
|-heal|p1a: Rillaboom|60/100|[from] Grassy Terrain
|-heal|p1b: Tyranitar|12/100|[from] Grassy Terrain
|-heal|p2b: Archaludon|33/100 brn|[from] Grassy Terrain
|-damage|p2b: Archaludon|27/100 brn|[from] brn
|upkeep
|turn|6
|inactive|threeloaf has 30 seconds left.
|
|t:|1756522634
|switch|p1b: Volcarona|Volcarona, L50, F|38/100
|-enditem|p1b: Volcarona|Grassy Seed
|-boost|p1b: Volcarona|def|1|[from] item: Grassy Seed
|move|p1a: Rillaboom|Grassy Glide|p2a: Pelipper
|-damage|p2a: Pelipper|0 fnt
|faint|p2a: Pelipper
|move|p2b: Archaludon|Electro Shot||[still]
|-prepare|p2b: Archaludon|Electro Shot
|-boost|p2b: Archaludon|spa|1
|-anim|p2b: Archaludon|Electro Shot|p1b: Volcarona
|-crit|p1b: Volcarona
|-damage|p1b: Volcarona|0 fnt
|faint|p1b: Volcarona
|
|-weather|RainDance|[upkeep]
|-heal|p1a: Rillaboom|66/100|[from] Grassy Terrain
|-heal|p2b: Archaludon|33/100 brn|[from] Grassy Terrain
|-damage|p2b: Archaludon|27/100 brn|[from] brn
|upkeep
|
|t:|1756522652
|switch|p1b: Tyranitar|Tyranitar, L50, F|12/100
|switch|p2a: Basculegion|Basculegion, L50, M|66/100 slp
|-weather|Sandstorm|[from] ability: Sand Stream|[of] p1b: Tyranitar
|turn|7
|
|t:|1756522671
|move|p1b: Tyranitar|Protect|p1b: Tyranitar
|-singleturn|p1b: Tyranitar|Protect
|move|p1a: Rillaboom|Grassy Glide|p2a: Basculegion
|-supereffective|p2a: Basculegion
|-damage|p2a: Basculegion|0 fnt
|faint|p2a: Basculegion
|move|p2b: Archaludon|Body Press|p1a: Rillaboom
|-damage|p1a: Rillaboom|23/100
|
|-weather|Sandstorm|[upkeep]
|-damage|p1a: Rillaboom|17/100|[from] Sandstorm
|-damage|p2b: Archaludon|21/100 brn|[from] Sandstorm
|-heal|p1a: Rillaboom|23/100|[from] Grassy Terrain
|-heal|p1b: Tyranitar|18/100|[from] Grassy Terrain
|-heal|p2b: Archaludon|27/100 brn|[from] Grassy Terrain
|-damage|p2b: Archaludon|21/100 brn|[from] brn
|upkeep
|turn|8
|
|t:|1756522682
|move|p1a: Rillaboom|Grassy Glide|p2b: Archaludon
|-resisted|p2b: Archaludon
|-damage|p2b: Archaludon|17/100 brn
|move|p1b: Tyranitar|Rock Slide|p2b: Archaludon
|-supereffective|p2b: Archaludon
|-damage|p2b: Archaludon|0 fnt
|faint|p2b: Archaludon
|
|win|Grogguu
