|j|вҳҶar1stoteles vgc
|j|вҳҶPoppoVGC
|html|ar1stoteles vgcPoppoVGC    
|uhtml|bestof|Game 2 of a best-of-3
|t:|1757005299
|gametype|doubles
|player|p1|ar1stoteles vgc|alder|1214
|player|p2|PoppoVGC|169|1268
|gen|9
|tier|[Gen 9] VGC 2025 Reg H (Bo3)
|rated|
|rule|Species Clause: Limit one of each PokГ©mon
|rule|Item Clause: Limit 1 of each item
|clearpoke
|poke|p1|Indeedee-F, L50, F|
|poke|p1|Hatterene, L50, F|
|poke|p1|Gallade, L50, M|
|poke|p1|Ursaluna, L50, M|
|poke|p1|Lilligant-Hisui, L50, F|
|poke|p1|Torkoal, L50, M|
|poke|p2|Talonflame, L50, F|
|poke|p2|Gholdengo, L50|
|poke|p2|Annihilape, L50, M|
|poke|p2|Ninetales-Alola, L50, F|
|poke|p2|Rillaboom, L50, M|
|poke|p2|Ursaluna-Bloodmoon, L50, M|
|teampreview|4
|showteam|p1|Indeedee-F||PsychicSeed|PsychicSurge|TrickRoom,FollowMe,HelpingHand,DazzlingGleam|||F|||50|,,,,,Fire]Hatterene||LifeOrb|MagicBounce|ExpandingForce,TrickRoom,DazzlingGleam,Protect|||F|||50|,,,,,Psychic]Gallade||ClearAmulet|Sharpness|PsychoCut,TrickRoom,SacredSword,WideGuard|||M|||50|,,,,,Grass]Ursaluna||FlameOrb|Guts|HeadlongRush,Facade,SwordsDance,Protect|||M|||50|,,,,,Ghost]Lilligant-Hisui||FocusSash|Chlorophyll|SolarBlade,SleepPowder,CloseCombat,AfterYou|||F|||50|,,,,,Ghost]Torkoal||ChoiceSpecs|Drought|Eruption,HeatWave,WeatherBall,EarthPower|||M|||50|,,,,,Fire
|showteam|p2|Talonflame||CovertCloak|GaleWings|BraveBird,FlareBlitz,Taunt,Tailwind|||F|||50|,,,,,Stellar]Gholdengo||LifeOrb|GoodasGold|Protect,MakeItRain,ShadowBall,NastyPlot||||||50|,,,,,Dragon]Annihilape||SitrusBerry|Defiant|Protect,RageFist,DrainPunch,BulkUp|||M|||50|,,,,,Water]Ninetales-Alola||LoadedDice|SnowWarning|Protect,IcicleSpear,MistyTerrain,AuroraVeil|||F|||50|,,,,,Ghost]Rillaboom||AssaultVest|GrassySurge|FakeOut,WoodHammer,GrassyGlide,Uturn|||M|||50|,,,,,Fire]Ursaluna-Bloodmoon||SilkScarf|MindsEye|BloodMoon,HyperVoice,EarthPower,Protect|||M|||50|,,,,,Normal
|inactive|Battle timer is ON: inactive players will automatically lose when time's up. (requested by ar1stoteles vgc)
|
|t:|1757005309
|teamsize|p1|4
|teamsize|p2|4
|start
|switch|p1a: зҙ«з«ҪеҘҪеҸҜж„ӣ|Lilligant-Hisui, L50, F, shiny|100/100
|switch|p1b: зҙ«з«Ҫи¶…еҸҜж„ӣ|Indeedee-F, L50, F, shiny|100/100
|switch|p2a: Ninetales|Ninetales-Alola, L50, F|100/100
|switch|p2b: Gholdengo|Gholdengo, L50|100/100
|-weather|Snowscape|[from] ability: Snow Warning|[of] p2a: Ninetales
|-fieldstart|move: Psychic Terrain|[from] ability: Psychic Surge|[of] p1b: зҙ«з«Ҫи¶…еҸҜж„ӣ
|-enditem|p1b: зҙ«з«Ҫи¶…еҸҜж„ӣ|Psychic Seed
|-boost|p1b: зҙ«з«Ҫи¶…еҸҜж„ӣ|spd|1|[from] item: Psychic Seed
|turn|1
|inactive|ar1stoteles vgc has 30 seconds left.
|inactive|PoppoVGC has 30 seconds left.
|inactive|PoppoVGC has 20 seconds left.
|
|t:|1757005344
|switch|p2a: Rillaboom|Rillaboom, L50, M|100/100
|-fieldstart|move: Grassy Terrain|[from] ability: Grassy Surge|[of] p2a: Rillaboom
|move|p1a: зҙ«з«ҪеҘҪеҸҜж„ӣ|Sleep Powder|p2a: Rillaboom
|-immune|p2a: Rillaboom
|move|p2b: Gholdengo|Nasty Plot|p2b: Gholdengo
|-boost|p2b: Gholdengo|spa|2
|move|p1b: зҙ«з«Ҫи¶…еҸҜж„ӣ|Trick Room|p1b: зҙ«з«Ҫи¶…еҸҜж„ӣ
|-fieldstart|move: Trick Room|[of] p1b: зҙ«з«Ҫи¶…еҸҜж„ӣ
|
|-weather|Snowscape|[upkeep]
|upkeep
|turn|2
|
|t:|1757005361
|switch|p1a: дёҖжӢіжңҲжңҲзҶҠ|Ursaluna, L50, M, shiny|100/100
|move|p1b: зҙ«з«Ҫи¶…еҸҜж„ӣ|Follow Me|p1b: зҙ«з«Ҫи¶…еҸҜж„ӣ
|-singleturn|p1b: зҙ«з«Ҫи¶…еҸҜж„ӣ|move: Follow Me
|move|p2a: Rillaboom|U-turn|p1b: зҙ«з«Ҫи¶…еҸҜж„ӣ
|-supereffective|p1b: зҙ«з«Ҫи¶…еҸҜж„ӣ
|-damage|p1b: зҙ«з«Ҫи¶…еҸҜж„ӣ|55/100
|inactive|PoppoVGC has 30 seconds left.
|
|t:|1757005387
|switch|p2a: Ursaluna|Ursaluna-Bloodmoon, L50, M|100/100|[from] U-turn
|move|p2b: Gholdengo|Make It Rain|p1b: зҙ«з«Ҫи¶…еҸҜж„ӣ|[spread] p1a,p1b
|-damage|p1a: дёҖжӢіжңҲжңҲзҶҠ|0 fnt
|-damage|p1b: зҙ«з«Ҫи¶…еҸҜж„ӣ|0 fnt
|-unboost|p2b: Gholdengo|spa|1
|faint|p1a: дёҖжӢіжңҲжңҲзҶҠ
|faint|p1b: зҙ«з«Ҫи¶…еҸҜж„ӣ
|-damage|p2b: Gholdengo|91/100|[from] item: Life Orb
|
|-weather|Snowscape|[upkeep]
|-heal|p2b: Gholdengo|97/100|[from] Grassy Terrain
|upkeep
|
|t:|1757005398
|switch|p1a: еӨӘжЁӮе·ҙжҲҲж–Ҝ|Torkoal, L50, M, shiny|100/100
|switch|p1b: зҙ«з«ҪеҘҪеҸҜж„ӣ|Lilligant-Hisui, L50, F, shiny|100/100
|-weather|SunnyDay|[from] ability: Drought|[of] p1a: еӨӘжЁӮе·ҙжҲҲж–Ҝ
|turn|3
|inactive|PoppoVGC has 30 seconds left.
|
|t:|1757005432
|switch|p2a: Ninetales|Ninetales-Alola, L50, F|100/100
|-weather|Snowscape|[from] ability: Snow Warning|[of] p2a: Ninetales
|-terastallize|p1a: еӨӘжЁӮе·ҙжҲҲж–Ҝ|Fire
|-terastallize|p2b: Gholdengo|Dragon
|move|p1a: еӨӘжЁӮе·ҙжҲҲж–Ҝ|Eruption|p2a: Ninetales|[spread] p2a,p2b
|-supereffective|p2a: Ninetales
|-resisted|p2b: Gholdengo
|-damage|p2a: Ninetales|0 fnt
|-damage|p2b: Gholdengo|53/100
|faint|p2a: Ninetales
|move|p2b: Gholdengo|Make It Rain|p1a: еӨӘжЁӮе·ҙжҲҲж–Ҝ|[spread] p1a,p1b
|-resisted|p1a: еӨӘжЁӮе·ҙжҲҲж–Ҝ
|-damage|p1a: еӨӘжЁӮе·ҙжҲҲж–Ҝ|51/100
|-enditem|p1b: зҙ«з«ҪеҘҪеҸҜж„ӣ|Focus Sash
|-damage|p1b: зҙ«з«ҪеҘҪеҸҜж„ӣ|1/100
|-unboost|p2b: Gholdengo|spa|1
|-damage|p2b: Gholdengo|43/100|[from] item: Life Orb
|move|p1b: зҙ«з«ҪеҘҪеҸҜж„ӣ|Sleep Powder|p2b: Gholdengo
|-immune|p2b: Gholdengo|[from] ability: Good as Gold
|
|-weather|Snowscape|[upkeep]
|-heal|p1a: еӨӘжЁӮе·ҙжҲҲж–Ҝ|57/100|[from] Grassy Terrain
|-heal|p2b: Gholdengo|49/100|[from] Grassy Terrain
|-heal|p1b: зҙ«з«ҪеҘҪеҸҜж„ӣ|7/100|[from] Grassy Terrain
|upkeep
|
|t:|1757005451
|switch|p2a: Rillaboom|Rillaboom, L50, M|100/100
|turn|4
|
|t:|1757005461
|move|p2a: Rillaboom|Fake Out|p1a: еӨӘжЁӮе·ҙжҲҲж–Ҝ
|-damage|p1a: еӨӘжЁӮе·ҙжҲҲж–Ҝ|45/100
|cant|p1a: еӨӘжЁӮе·ҙжҲҲж–Ҝ|flinch
|move|p2b: Gholdengo|Make It Rain|p1a: еӨӘжЁӮе·ҙжҲҲж–Ҝ|[spread] p1a,p1b
|-resisted|p1a: еӨӘжЁӮе·ҙжҲҲж–Ҝ
|-damage|p1a: еӨӘжЁӮе·ҙжҲҲж–Ҝ|9/100
|-damage|p1b: зҙ«з«ҪеҘҪеҸҜж„ӣ|0 fnt
|-unboost|p2b: Gholdengo|spa|1
|faint|p1b: зҙ«з«ҪеҘҪеҸҜж„ӣ
|-damage|p2b: Gholdengo|39/100|[from] item: Life Orb
|
|-weather|Snowscape|[upkeep]
|-heal|p1a: еӨӘжЁӮе·ҙжҲҲж–Ҝ|15/100|[from] Grassy Terrain
|-heal|p2b: Gholdengo|45/100|[from] Grassy Terrain
|upkeep
|turn|5
|c|вҳҶPoppoVGC|gg
|
|t:|1757005476
|move|p2a: Rillaboom|Grassy Glide|p1a: еӨӘжЁӮе·ҙжҲҲж–Ҝ
|-resisted|p1a: еӨӘжЁӮе·ҙжҲҲж–Ҝ
|-damage|p1a: еӨӘжЁӮе·ҙжҲҲж–Ҝ|2/100
|move|p1a: еӨӘжЁӮе·ҙжҲҲж–Ҝ|Eruption|p2b: Gholdengo|[spread] p2a,p2b
|-supereffective|p2a: Rillaboom
|-resisted|p2b: Gholdengo
|-damage|p2a: Rillaboom|99/100
|-damage|p2b: Gholdengo|45/100
|move|p2b: Gholdengo|Shadow Ball|p1a: еӨӘжЁӮе·ҙжҲҲж–Ҝ
|-damage|p1a: еӨӘжЁӮе·ҙжҲҲж–Ҝ|0 fnt
|faint|p1a: еӨӘжЁӮе·ҙжҲҲж–Ҝ
|-damage|p2b: Gholdengo|35/100|[from] item: Life Orb
|
|win|PoppoVGC
|raw|ar1stoteles vgc's rating: 1214 → 1193(-21 for losing)
|raw|PoppoVGC's rating: 1268 → 1289(+21 for winning)
