|j|‽daniiivgc
|j|☆Olciax34
|html|daniiivgcOlciax34    
|uhtml|bestof|Game 3 of a best-of-3
|t:|1784238216
|gametype|doubles
|player|p1|daniiivgc|giovanni|1294
|player|p2|Olciax34|101|1191
|gen|9
|tier|[Gen 9 Champions] VGC 2026 Reg M-B (Bo3)
|rated|
|rule|Species Clause: Limit one of each Pokémon
|rule|Item Clause: Limit 1 of each item
|clearpoke
|poke|p1|Charizard, L50, M|
|poke|p1|Venusaur, L50, M|
|poke|p1|Garchomp, L50, M|
|poke|p1|Incineroar, L50, M|
|poke|p1|Toxapex, L50, M|
|poke|p1|Annihilape, L50, M|
|poke|p2|Garchomp, L50, M|
|poke|p2|Whimsicott, L50, M|
|poke|p2|Aegislash, L50, F|
|poke|p2|Incineroar, L50, F|
|poke|p2|Charizard, L50, F|
|poke|p2|Floette-Eternal, L50, F|
|teampreview|4
|showteam|p1|Charizard||CharizarditeY|Blaze|HeatWave,WeatherBall,HelpingHand,Protect|Modest||M|||50|]Venusaur||LifeOrb|Chlorophyll|SolarBeam,SludgeBomb,EarthPower,Protect|Modest||M|||50|]Garchomp||ChoiceScarf|RoughSkin|DragonClaw,Earthquake,RockSlide,StompingTantrum|Adamant||M|||50|]Incineroar||SitrusBerry|Intimidate|FlareBlitz,ThroatChop,PartingShot,FakeOut|Impish||M|||50|]Toxapex||Leftovers|Regenerator|Toxic,Infestation,WideGuard,BanefulBunker|Bold||M|||50|]Annihilape||FocusSash|Defiant|PhantomForce,CloseCombat,RockTomb,Protect|Jolly||M|||50|
|showteam|p2|Garchomp||LifeOrb|RoughSkin|RockSlide,Earthquake,DragonClaw,Protect|Jolly||M|||50|]Whimsicott||FocusSash|Prankster|Moonblast,Tailwind,Encore,Protect|Timid||M|||50|]Aegislash||SpellTag|StanceChange|Poltergeist,IronHead,WideGuard,KingsShield|Adamant||F|||50|]Incineroar||SitrusBerry|Intimidate|FakeOut,ThroatChop,FlareBlitz,PartingShot|Careful||F|||50|]Charizard||CharizarditeY|SolarPower|HeatWave,WeatherBall,SolarBeam,Protect|Modest||F|||50|]Floette-Eternal||Floettite|FlowerVeil|Moonblast,LightofRuin,DazzlingGleam,Protect|Modest||F|||50|
|inactive|Battle timer is ON: inactive players will automatically lose when time's up. (requested by daniiivgc)
|
|t:|1784238244
|teamsize|p1|4
|teamsize|p2|4
|start
|switch|p1a: Incineroar|Incineroar, L50, M|100/100
|switch|p1b: Toxapex|Toxapex, L50, M|100/100
|switch|p2a: Incineroar|Incineroar, L50, F|100/100
|switch|p2b: Charizard|Charizard, L50, F|100/100
|-ability|p1a: Incineroar|Intimidate|boost
|-unboost|p2a: Incineroar|atk|1
|-unboost|p2b: Charizard|atk|1
|-ability|p2a: Incineroar|Intimidate|boost
|-unboost|p1a: Incineroar|atk|1
|-unboost|p1b: Toxapex|atk|1
|turn|1
|
|t:|1784238267
|move|p2b: Charizard|Protect|p2b: Charizard
|-singleturn|p2b: Charizard|Protect
|move|p1a: Incineroar|Fake Out|p2a: Incineroar
|-damage|p2a: Incineroar|93/100
|cant|p2a: Incineroar|flinch
|move|p1b: Toxapex|Toxic|p2a: Incineroar
|-status|p2a: Incineroar|tox
|
|-damage|p2a: Incineroar|87/100 tox|[from] psn
|upkeep
|turn|2
|
|t:|1784238288
|detailschange|p2b: Charizard|Charizard-Mega-Y, L50, F
|-mega|p2b: Charizard|Charizard|Charizardite Y
|-weather|SunnyDay|[from] ability: Drought|[of] p2b: Charizard
|move|p2b: Charizard|Solar Beam||[still]
|-prepare|p2b: Charizard|Solar Beam
|-anim|p2b: Charizard|Solar Beam|p1b: Toxapex
|-damage|p1b: Toxapex|64/100
|move|p1a: Incineroar|Parting Shot|p2b: Charizard
|-unboost|p2b: Charizard|atk|1
|-unboost|p2b: Charizard|spa|1
|
|t:|1784238297
|switch|p1a: Charizard|Charizard, L50, M|100/100|[from] Parting Shot
|move|p2a: Incineroar|Parting Shot|p1a: Charizard
|-unboost|p1a: Charizard|atk|1
|-unboost|p1a: Charizard|spa|1
|inactive|Olciax34 has 30 seconds left.
|inactive|Olciax34 has 20 seconds left.
|
|t:|1784238336
|switch|p2a: Garchomp|Garchomp, L50, M|100/100|[from] Parting Shot
|move|p1b: Toxapex|Infestation|p2b: Charizard
|-resisted|p2b: Charizard|2
|-damage|p2b: Charizard|99/100
|-activate|p2b: Charizard|move: Infestation|[of] p1b: Toxapex
|
|-weather|SunnyDay|[upkeep]
|-heal|p1b: Toxapex|70/100|[from] item: Leftovers
|-damage|p2b: Charizard|87/100|[from] move: Infestation|[partiallytrapped]
|upkeep
|turn|3
|
|t:|1784238352
|switch|p1a: Incineroar|Incineroar, L50, M|100/100
|-ability|p1a: Incineroar|Intimidate|boost
|-unboost|p2a: Garchomp|atk|1
|-unboost|p2b: Charizard|atk|1
|move|p1b: Toxapex|Baneful Bunker|p1b: Toxapex
|-singleturn|p1b: Toxapex|move: Protect
|move|p2a: Garchomp|Earthquake|p1a: Incineroar|[spread] p1a
|-activate|p1b: Toxapex|move: Protect
|-immune|p2b: Charizard
|-supereffective|p1a: Incineroar|1
|-damage|p1a: Incineroar|53/100
|-damage|p2a: Garchomp|90/100|[from] item: Life Orb
|move|p2b: Charizard|Weather Ball|p1a: Incineroar
|-resisted|p1a: Incineroar|1
|-damage|p1a: Incineroar|23/100
|-enditem|p1a: Incineroar|Sitrus Berry|[eat]
|-heal|p1a: Incineroar|48/100|[from] item: Sitrus Berry
|
|-weather|SunnyDay|[upkeep]
|-heal|p1b: Toxapex|75/100|[from] item: Leftovers
|-damage|p2b: Charizard|74/100|[from] move: Infestation|[partiallytrapped]
|upkeep
|turn|4
|inactive|Olciax34 has 30 seconds left.
|
|t:|1784238378
|switch|p2a: Incineroar|Incineroar, L50, F|87/100 tox
|-ability|p2a: Incineroar|Intimidate|boost
|-unboost|p1a: Incineroar|atk|1
|-unboost|p1b: Toxapex|atk|1
|move|p2b: Charizard|Protect|p2b: Charizard
|-singleturn|p2b: Charizard|Protect
|move|p1a: Incineroar|Fake Out|p2b: Charizard
|-activate|p2b: Charizard|move: Protect
|move|p1b: Toxapex|Toxic|p2a: Incineroar
|-fail|p2a: Incineroar|tox
|
|-weather|SunnyDay|[upkeep]
|-heal|p1b: Toxapex|81/100|[from] item: Leftovers
|-damage|p2a: Incineroar|81/100 tox|[from] psn
|-damage|p2b: Charizard|62/100|[from] move: Infestation|[partiallytrapped]
|upkeep
|turn|5
|
|t:|1784238395
|move|p2a: Incineroar|Fake Out|p1b: Toxapex
|-damage|p1b: Toxapex|73/100
|move|p2b: Charizard|Weather Ball|p1a: Incineroar
|-resisted|p1a: Incineroar|1
|-damage|p1a: Incineroar|21/100
|move|p1a: Incineroar|Parting Shot|p2b: Charizard
|-unboost|p2b: Charizard|atk|1
|-unboost|p2b: Charizard|spa|1
|
|t:|1784238403
|switch|p1a: Charizard|Charizard, L50, M|100/100|[from] Parting Shot
|cant|p1b: Toxapex|flinch
|
|-weather|SunnyDay|[upkeep]
|-heal|p1b: Toxapex|78/100|[from] item: Leftovers
|-damage|p2a: Incineroar|69/100 tox|[from] psn
|-damage|p2b: Charizard|50/100y|[from] move: Infestation|[partiallytrapped]
|upkeep
|turn|6
|inactive|Olciax34 has 30 seconds left.
|inactive|Olciax34 has 20 seconds left.
|inactive|Olciax34 has 15 seconds left.
|
|t:|1784238444
|move|p2b: Charizard|Protect|p2b: Charizard
|-singleturn|p2b: Charizard|Protect
|move|p1a: Charizard|Protect|p1a: Charizard
|-singleturn|p1a: Charizard|Protect
|move|p2a: Incineroar|Parting Shot|p1b: Toxapex
|-unboost|p1b: Toxapex|atk|1
|-unboost|p1b: Toxapex|spa|1
|inactive|Olciax34 has 30 seconds left.
|
|t:|1784238476
|switch|p2a: Garchomp|Garchomp, L50, M|90/100|[from] Parting Shot
|move|p1b: Toxapex|Infestation|p2a: Garchomp
|-damage|p2a: Garchomp|87/100
|-activate|p2a: Garchomp|move: Infestation|[of] p1b: Toxapex
|-damage|p1b: Toxapex|66/100|[from] ability: Rough Skin|[of] p2a: Garchomp
|
|-weather|none
|-heal|p1b: Toxapex|72/100|[from] item: Leftovers
|-damage|p2a: Garchomp|75/100|[from] move: Infestation|[partiallytrapped]
|-damage|p2b: Charizard|37/100|[from] move: Infestation|[partiallytrapped]
|upkeep
|turn|7
|
|t:|1784238497
|switch|p1a: Incineroar|Incineroar, L50, M|21/100
|-ability|p1a: Incineroar|Intimidate|boost
|-unboost|p2a: Garchomp|atk|1
|-unboost|p2b: Charizard|atk|1
|move|p1b: Toxapex|Baneful Bunker|p1b: Toxapex
|-singleturn|p1b: Toxapex|move: Protect
|move|p2a: Garchomp|Dragon Claw|p1a: Incineroar
|-damage|p1a: Incineroar|0 fnt
|faint|p1a: Incineroar
|-damage|p2a: Garchomp|65/100|[from] item: Life Orb
|move|p2b: Charizard|Weather Ball|p1b: Toxapex
|-activate|p1b: Toxapex|move: Protect
|
|-heal|p1b: Toxapex|78/100|[from] item: Leftovers
|-damage|p2a: Garchomp|52/100|[from] move: Infestation|[partiallytrapped]
|-end|p2b: Charizard|Infestation|[partiallytrapped]
|upkeep
|
|t:|1784238509
|switch|p1a: Charizard|Charizard, L50, M|100/100
|turn|8
|
|t:|1784238533
|switch|p2b: Incineroar|Incineroar, L50, F|69/100 tox
|-ability|p2b: Incineroar|Intimidate|boost
|-unboost|p1a: Charizard|atk|1
|-unboost|p1b: Toxapex|atk|1
|detailschange|p1a: Charizard|Charizard-Mega-Y, L50, M
|-mega|p1a: Charizard|Charizard|Charizardite Y
|-weather|SunnyDay|[from] ability: Drought|[of] p1a: Charizard
|move|p2a: Garchomp|Rock Slide|p1a: Charizard|[spread] p1a,p1b
|-supereffective|p1a: Charizard|2
|-damage|p1a: Charizard|33/100
|-damage|p1b: Toxapex|66/100
|-damage|p2a: Garchomp|43/100|[from] item: Life Orb
|cant|p1a: Charizard|flinch
|move|p1b: Toxapex|Infestation|p2b: Incineroar
|-damage|p2b: Incineroar|67/100 tox
|-activate|p2b: Incineroar|move: Infestation|[of] p1b: Toxapex
|
|-weather|SunnyDay|[upkeep]
|-heal|p1b: Toxapex|72/100|[from] item: Leftovers
|-damage|p2b: Incineroar|61/100 tox|[from] psn
|-damage|p2a: Garchomp|30/100|[from] move: Infestation|[partiallytrapped]
|-damage|p2b: Incineroar|49/100 tox|[from] move: Infestation|[partiallytrapped]
|upkeep
|-enditem|p2b: Incineroar|Sitrus Berry|[eat]
|-heal|p2b: Incineroar|73/100 tox|[from] item: Sitrus Berry
|turn|9
|inactive|daniiivgc has 30 seconds left.
|inactive|Olciax34 has 30 seconds left.
|
|t:|1784238565
|move|p1a: Charizard|Protect|p1a: Charizard
|-singleturn|p1a: Charizard|Protect
|move|p2b: Incineroar|Fake Out|p1b: Toxapex
|-damage|p1b: Toxapex|65/100
|move|p2a: Garchomp|Dragon Claw|p1a: Charizard
|-activate|p1a: Charizard|move: Protect
|cant|p1b: Toxapex|flinch
|
|-weather|SunnyDay|[upkeep]
|-heal|p1b: Toxapex|71/100|[from] item: Leftovers
|-damage|p2b: Incineroar|61/100 tox|[from] psn
|-damage|p2a: Garchomp|18/100|[from] move: Infestation|[partiallytrapped]
|-damage|p2b: Incineroar|49/100 tox|[from] move: Infestation|[partiallytrapped]
|upkeep
|turn|10
|
|t:|1784238589
|move|p2a: Garchomp|Dragon Claw|p1a: Charizard
|-damage|p1a: Charizard|1/100
|-damage|p2a: Garchomp|8/100|[from] item: Life Orb
|move|p1a: Charizard|Heat Wave|p2b: Incineroar|[spread] p2a,p2b
|-resisted|p2a: Garchomp|1
|-resisted|p2b: Incineroar|1
|-damage|p2a: Garchomp|0 fnt
|-damage|p2b: Incineroar|26/100 tox
|faint|p2a: Garchomp
|move|p2b: Incineroar|Flare Blitz|p1a: Charizard
|-resisted|p1a: Charizard|1
|-damage|p1a: Charizard|0 fnt
|faint|p1a: Charizard
|-damage|p2b: Incineroar|26/100 tox|[from] Recoil
|move|p1b: Toxapex|Infestation|p2b: Incineroar
|-damage|p2b: Incineroar|24/100 tox
|
|-weather|SunnyDay|[upkeep]
|-heal|p1b: Toxapex|77/100|[from] item: Leftovers
|-damage|p2b: Incineroar|6/100 tox|[from] psn
|-damage|p2b: Incineroar|0 fnt|[from] move: Infestation|[partiallytrapped]
|faint|p2b: Incineroar
|upkeep
|
|t:|1784238608
|switch|p2a: Aegislash|Aegislash, L50, F|100/100
|switch|p1a: Venusaur|Venusaur, L50, M|100/100
|switch|p2b: Charizard|Charizard-Mega-Y, L50, F|37/100
|turn|11
|
|t:|1784238626
|move|p1a: Venusaur|Sludge Bomb|p2b: Charizard
|-damage|p2b: Charizard|0 fnt
|faint|p2b: Charizard
|-damage|p1a: Venusaur|90/100|[from] item: Life Orb
|-formechange|p2a: Aegislash|Aegislash-Blade|
|move|p2a: Aegislash|Poltergeist|p1a: Venusaur
|-activate|p1a: Venusaur|move: Poltergeist|Life Orb
|-damage|p1a: Venusaur|0 fnt
|faint|p1a: Venusaur
|move|p1b: Toxapex|Infestation|p2a: Aegislash
|-resisted|p2a: Aegislash|2
|-damage|p2a: Aegislash|99/100
|-activate|p2a: Aegislash|move: Infestation|[of] p1b: Toxapex
|
|-weather|SunnyDay|[upkeep]
|-heal|p1b: Toxapex|82/100|[from] item: Leftovers
|-damage|p2a: Aegislash|87/100|[from] move: Infestation|[partiallytrapped]
|upkeep
|turn|12
|
|t:|1784238643
|move|p1b: Toxapex|Baneful Bunker|p1b: Toxapex
|-singleturn|p1b: Toxapex|move: Protect
|move|p2a: Aegislash|Poltergeist|p1b: Toxapex
|-activate|p1b: Toxapex|move: Protect
|
|-weather|none
|-heal|p1b: Toxapex|88/100|[from] item: Leftovers
|-damage|p2a: Aegislash|75/100|[from] move: Infestation|[partiallytrapped]
|upkeep
|turn|13
|
|t:|1784238652
|move|p2a: Aegislash|Poltergeist|p1b: Toxapex
|-activate|p1b: Toxapex|move: Poltergeist|Leftovers
|-damage|p1b: Toxapex|33/100
|move|p1b: Toxapex|Infestation|p2a: Aegislash
|-resisted|p2a: Aegislash|2
|-damage|p2a: Aegislash|74/100
|
|-heal|p1b: Toxapex|38/100|[from] item: Leftovers
|-damage|p2a: Aegislash|62/100|[from] move: Infestation|[partiallytrapped]
|upkeep
|turn|14
|
|t:|1784238662
|move|p1b: Toxapex|Baneful Bunker|p1b: Toxapex
|-singleturn|p1b: Toxapex|move: Protect
|move|p2a: Aegislash|Poltergeist|p1b: Toxapex
|-activate|p1b: Toxapex|move: Protect
|
|-heal|p1b: Toxapex|44/100|[from] item: Leftovers
|-damage|p2a: Aegislash|50/100g|[from] move: Infestation|[partiallytrapped]
|upkeep
|turn|15
|
|t:|1784238671
|move|p2a: Aegislash|Poltergeist|p1b: Toxapex
|-activate|p1b: Toxapex|move: Poltergeist|Leftovers
|-damage|p1b: Toxapex|0 fnt
|faint|p1b: Toxapex
|
|win|Olciax34
|raw|daniiivgc's rating: 1294 → 1262(-32 for losing)
|raw|Olciax34's rating: 1191 → 1223(+32 for winning)
