|j|☆scaccabarozzivgc
|j|☆dr_sugus_vgc
|html|scaccabarozzivgcdr_sugus_vgc    
|uhtml|bestof|Game 1 of a best-of-3
|t:|1756547244
|gametype|doubles
|player|p1|scaccabarozzivgc|harlequin|1125
|player|p2|dr_sugus_vgc|169|1114
|gen|9
|tier|[Gen 9] VGC 2025 Reg H (Bo3)
|rated|
|rule|Species Clause: Limit one of each Pokémon
|rule|Item Clause: Limit 1 of each item
|clearpoke
|poke|p1|Whimsicott, L50, M|
|poke|p1|Gholdengo, L50|
|poke|p1|Incineroar, L50, F|
|poke|p1|Dragonite, L50, M|
|poke|p1|Sneasler, L50, F|
|poke|p1|Garchomp, L50, M|
|poke|p2|Tyranitar, L50, F|
|poke|p2|Corviknight, L50, F|
|poke|p2|Weezing-Galar, L50, F|
|poke|p2|Garchomp, L50, M|
|poke|p2|Incineroar, L50, F|
|poke|p2|Sinistcha, L50|
|teampreview|4
|showteam|p1|Whimsicott||FocusSash|Prankster|Moonblast,Tailwind,Encore,Protect|||M|||50|,,,,,Ghost]Gholdengo||ChoiceSpecs|GoodasGold|MakeItRain,ShadowBall,Trick,Protect||||||50|,,,,,Steel]Incineroar||AssaultVest|Intimidate|FlareBlitz,KnockOff,Uturn,FakeOut|||F|||50|,,,,,Grass]Dragonite||ChoiceBand|InnerFocus|Outrage,ExtremeSpeed,IceSpinner,StompingTantrum|||M|||50|,,,,,Normal]Sneasler||WhiteHerb|Unburden|DireClaw,CloseCombat,FakeOut,Protect|||F|||50|,,,,,Stellar]Garchomp||LifeOrb|RoughSkin|Earthquake,StompingTantrum,DragonClaw,Protect|||M|||50|,,,,,Ground
|showteam|p2|Tyranitar||AssaultVest|SandStream|RockSlide,LowKick,TeraBlast,KnockOff|||F|||50|,,,,,Flying]Corviknight||Leftovers|MirrorArmor|BraveBird,BulkUp,Roost,Tailwind|||F|||50|,,,,,Dragon]Weezing-Galar||SitrusBerry|MistySurge|DazzlingGleam,Taunt,Haze,Protect|||F|||50|,,,,,Steel]Garchomp||ClearAmulet|RoughSkin|PoisonJab,StompingTantrum,SwordsDance,Protect|||M|||50|,,,,,Ground]Incineroar||SafetyGoggles|Intimidate|FakeOut,KnockOff,FlareBlitz,PartingShot|||F|||50|,,,,,Ghost]Sinistcha||RockyHelmet|Hospitality|MatchaGotcha,RagePowder,TrickRoom,Protect||||||50|,,,,,Rock
|inactive|Battle timer is ON: inactive players will automatically lose when time's up. (requested by scaccabarozzivgc)
|inactive|scaccabarozzivgc has 60 seconds left.
|inactive|dr_sugus_vgc has 60 seconds left.
|
|t:|1756547294
|teamsize|p1|4
|teamsize|p2|4
|start
|switch|p1a: Whimsicott|Whimsicott, L50, M|100/100
|switch|p1b: Sneasler|Sneasler, L50, F|100/100
|switch|p2a: Tyranitar|Tyranitar, L50, F|100/100
|switch|p2b: Incineroar|Incineroar, L50, F|100/100
|-ability|p2b: Incineroar|Intimidate|boost
|-unboost|p1a: Whimsicott|atk|1
|-unboost|p1b: Sneasler|atk|1
|-weather|Sandstorm|[from] ability: Sand Stream|[of] p2a: Tyranitar
|-enditem|p1b: Sneasler|White Herb
|-clearnegativeboost|p1b: Sneasler|[silent]
|turn|1
|
|t:|1756547319
|switch|p2b: Corviknight|Corviknight, L50, F|100/100
|-terastallize|p2a: Tyranitar|Flying
|move|p1b: Sneasler|Protect|p1b: Sneasler
|-singleturn|p1b: Sneasler|Protect
|move|p1a: Whimsicott|Moonblast|p2a: Tyranitar
|-damage|p2a: Tyranitar|81/100
|move|p2a: Tyranitar|Tera Blast|p1b: Sneasler|[anim] Tera Blast Flying
|-activate|p1b: Sneasler|move: Protect
|
|-weather|Sandstorm|[upkeep]
|-damage|p1b: Sneasler|94/100|[from] Sandstorm
|-damage|p1a: Whimsicott|95/100|[from] Sandstorm
|-damage|p2a: Tyranitar|75/100|[from] Sandstorm
|upkeep
|turn|2
|
|t:|1756547335
|switch|p1b: Gholdengo|Gholdengo, L50|100/100
|move|p1a: Whimsicott|Tailwind|p1a: Whimsicott
|-sidestart|p1: scaccabarozzivgc|move: Tailwind
|move|p2b: Corviknight|Brave Bird|p1a: Whimsicott
|-supereffective|p1a: Whimsicott
|-damage|p1a: Whimsicott|0 fnt
|faint|p1a: Whimsicott
|-damage|p2b: Corviknight|80/100|[from] Recoil
|move|p2a: Tyranitar|Tera Blast|p1b: Gholdengo|[anim] Tera Blast Flying
|-resisted|p1b: Gholdengo
|-damage|p1b: Gholdengo|78/100
|
|-weather|Sandstorm|[upkeep]
|-damage|p2a: Tyranitar|70/100|[from] Sandstorm
|-heal|p2b: Corviknight|86/100|[from] item: Leftovers
|upkeep
|
|t:|1756547352
|switch|p1a: Garchomp|Garchomp, L50, M|100/100
|turn|3
|
|t:|1756547377
|switch|p2a: Incineroar|Incineroar, L50, F|100/100
|-ability|p2a: Incineroar|Intimidate|boost
|-unboost|p1a: Garchomp|atk|1
|-unboost|p1b: Gholdengo|atk|1
|-terastallize|p1b: Gholdengo|Steel
|move|p1a: Garchomp|Dragon Claw|p2a: Incineroar
|-damage|p2a: Incineroar|64/100
|-damage|p1a: Garchomp|91/100|[from] item: Life Orb
|move|p1b: Gholdengo|Make It Rain|p2a: Incineroar|[spread] p2a,p2b
|-resisted|p2a: Incineroar
|-resisted|p2b: Corviknight
|-damage|p2a: Incineroar|28/100
|-damage|p2b: Corviknight|51/100
|-unboost|p1b: Gholdengo|spa|1
|move|p2b: Corviknight|Bulk Up|p2b: Corviknight
|-boost|p2b: Corviknight|atk|1
|-boost|p2b: Corviknight|def|1
|
|-weather|Sandstorm|[upkeep]
|-heal|p2b: Corviknight|57/100|[from] item: Leftovers
|upkeep
|turn|4
|inactive|scaccabarozzivgc has 30 seconds left.
|inactive|dr_sugus_vgc has 30 seconds left.
|
|t:|1756547407
|move|p2a: Incineroar|Fake Out|p1b: Gholdengo
|-resisted|p1b: Gholdengo
|-damage|p1b: Gholdengo|73/100
|move|p1a: Garchomp|Stomping Tantrum|p2a: Incineroar
|-supereffective|p2a: Incineroar
|-damage|p2a: Incineroar|0 fnt
|faint|p2a: Incineroar
|-damage|p1a: Garchomp|81/100|[from] item: Life Orb
|cant|p1b: Gholdengo|flinch
|move|p2b: Corviknight|Roost|p2b: Corviknight
|-heal|p2b: Corviknight|100/100
|-singleturn|p2b: Corviknight|move: Roost
|
|-weather|Sandstorm|[upkeep]
|upkeep
|
|t:|1756547421
|switch|p2a: Sinistcha|Sinistcha, L50|100/100
|turn|5
|
|t:|1756547431
|move|p1a: Garchomp|Dragon Claw|p2a: Sinistcha
|-damage|p2a: Sinistcha|66/100
|-damage|p1a: Garchomp|65/100|[from] item: Rocky Helmet|[of] p2a: Sinistcha
|-damage|p1a: Garchomp|55/100|[from] item: Life Orb
|move|p1b: Gholdengo|Make It Rain|p2b: Corviknight|[spread] p2a,p2b
|-resisted|p2b: Corviknight
|-damage|p2a: Sinistcha|8/100
|-damage|p2b: Corviknight|75/100
|-unboost|p1b: Gholdengo|spa|1
|move|p2b: Corviknight|Bulk Up|p2b: Corviknight
|-boost|p2b: Corviknight|atk|1
|-boost|p2b: Corviknight|def|1
|move|p2a: Sinistcha|Trick Room|p2a: Sinistcha
|-fieldstart|move: Trick Room|[of] p2a: Sinistcha
|
|-weather|none
|-heal|p2b: Corviknight|81/100|[from] item: Leftovers
|-sideend|p1: scaccabarozzivgc|move: Tailwind
|upkeep
|turn|6
|-message|scaccabarozzivgc forfeited.
|
|win|dr_sugus_vgc
||scaccabarozzivgc is ready for game 2.
||dr_sugus_vgc is ready for game 2.
|uhtml|next|Next: Game 2 of 3
|l|☆scaccabarozzivgc
|player|p1|
