|j|☆Capfoo
|j|☆PamamoDaisukiKo
|html|CapfooPamamoDaisukiKo    
|uhtml|bestof|Game 1 of a best-of-3
|t:|1756979135
|gametype|doubles
|player|p1|Capfoo|brawly|1118
|player|p2|PamamoDaisukiKo|dawn|1196
|gen|9
|tier|[Gen 9] VGC 2025 Reg H (Bo3)
|rated|
|rule|Species Clause: Limit one of each Pokémon
|rule|Item Clause: Limit 1 of each item
|clearpoke
|poke|p1|Whimsicott, L50, M|
|poke|p1|Annihilape, L50, M|
|poke|p1|Archaludon, L50, M|
|poke|p1|Meowscarada, L50, F|
|poke|p1|Pelipper, L50, M|
|poke|p1|Indeedee-F, L50, F|
|poke|p2|Dondozo, L50, F|
|poke|p2|Tatsugiri, L50, F|
|poke|p2|Pawmot, L50, M|
|poke|p2|Annihilape, L50, M|
|poke|p2|Maushold, L50|
|poke|p2|Talonflame, L50, M|
|teampreview|4
|showteam|p1|Whimsicott||CovertCloak|Prankster|Tailwind,DazzlingGleam,Taunt,BeatUp|||M|||50|,,,,,Water]Annihilape||Leftovers|Defiant|DrainPunch,RageFist,BulkUp,Protect|||M|||50|,,,,,Fire]Archaludon||AssaultVest|Stamina|BodyPress,FlashCannon,DragonPulse,ElectroShot|||M|||50|,,,,,Ghost]Meowscarada||ChoiceBand|Protean|FlowerTrick,KnockOff,TripleAxel,Uturn|||F|||50|,,,,,Grass]Pelipper||FocusSash|Drizzle|Hurricane,WeatherBall,WideGuard,Protect|||M|||50|,,,,,Grass]Indeedee-F||SafetyGoggles|PsychicSurge|FollowMe,Psychic,Imprison,TrickRoom|||F|||50|,,,,,Fairy
|showteam|p2|Dondozo||Leftovers|Unaware|OrderUp,WaveCrash,Earthquake,Protect|||F|||50|,,,,,Grass]Tatsugiri||ChoiceScarf|Commander|MuddyWater,IcyWind,DracoMeteor,DragonPulse|||F|||50|,,,,,Ghost]Pawmot||FocusSash|VoltAbsorb|DoubleShock,CloseCombat,RevivalBlessing,Protect|||M|||50|,,,,,Electric]Annihilape||SitrusBerry|Defiant|DrainPunch,RageFist,BulkUp,Protect|||M|||50|,,,,,Water]Maushold||SafetyGoggles|FriendGuard|BeatUp,Taunt,FollowMe,Protect||||||50|,,,,,Fairy]Talonflame||CovertCloak|GaleWings|DualWingbeat,FlareBlitz,Tailwind,WillOWisp|||M|||50|,,,,,Flying
|inactive|Battle timer is ON: inactive players will automatically lose when time's up. (requested by Capfoo)
|inactive|PamamoDaisukiKo has 60 seconds left.
|
|t:|1756979226
|teamsize|p1|4
|teamsize|p2|4
|start
|switch|p1a: Archaludon|Archaludon, L50, M|100/100
|switch|p1b: Pelipper|Pelipper, L50, M|100/100
|switch|p2a: Dondozo|Dondozo, L50, F|100/100
|switch|p2b: Talonflame|Talonflame, L50, M|100/100
|-weather|RainDance|[from] ability: Drizzle|[of] p1b: Pelipper
|turn|1
|inactive|PamamoDaisukiKo has 30 seconds left.
|inactive|PamamoDaisukiKo has 20 seconds left.
|inactive|PamamoDaisukiKo has 15 seconds left.
|inactive|Capfoo has 30 seconds left.
|inactive|PamamoDaisukiKo has 10 seconds left.
|
|t:|1756979276
|move|p2a: Dondozo|Protect|p2a: Dondozo
|-singleturn|p2a: Dondozo|Protect
|move|p2b: Talonflame|Dual Wingbeat|p1b: Pelipper
|-damage|p1b: Pelipper|82/100
|-damage|p1b: Pelipper|64/100
|-hitcount|p1b: Pelipper|2
|move|p1a: Archaludon|Electro Shot||[still]
|-prepare|p1a: Archaludon|Electro Shot
|-boost|p1a: Archaludon|spa|1
|-anim|p1a: Archaludon|Electro Shot|p2b: Talonflame
|-supereffective|p2b: Talonflame
|-damage|p2b: Talonflame|0 fnt
|faint|p2b: Talonflame
|move|p1b: Pelipper|Hurricane|p2a: Dondozo
|-activate|p2a: Dondozo|move: Protect
|
|-weather|RainDance|[upkeep]
|upkeep
|
|t:|1756979288
|switch|p2b: Tatsugiri|Tatsugiri, L50, F|100/100
|-activate|p2b: Tatsugiri|ability: Commander|[of] p2a: Dondozo
|-boost|p2a: Dondozo|atk|2
|-boost|p2a: Dondozo|spa|2
|-boost|p2a: Dondozo|spe|2
|-boost|p2a: Dondozo|def|2
|-boost|p2a: Dondozo|spd|2
|turn|2
|inactive|PamamoDaisukiKo has 30 seconds left.
|inactive|PamamoDaisukiKo has 20 seconds left.
|inactive|PamamoDaisukiKo has 15 seconds left.
|inactive|PamamoDaisukiKo has 10 seconds left.
|
|t:|1756979337
|-terastallize|p2a: Dondozo|Grass
|move|p2a: Dondozo|Wave Crash|p1b: Pelipper
|-resisted|p1b: Pelipper
|-damage|p1b: Pelipper|0 fnt
|faint|p1b: Pelipper
|-damage|p2a: Dondozo|88/100|[from] Recoil
|move|p1a: Archaludon|Electro Shot||[still]
|-prepare|p1a: Archaludon|Electro Shot
|-boost|p1a: Archaludon|spa|1
|-anim|p1a: Archaludon|Electro Shot|p2a: Dondozo
|-resisted|p2a: Dondozo
|-damage|p2a: Dondozo|76/100
|
|-weather|RainDance|[upkeep]
|-heal|p2a: Dondozo|82/100|[from] item: Leftovers
|upkeep
|
|t:|1756979343
|switch|p1b: Whimsicott|Whimsicott, L50, M|100/100
|turn|3
|
|t:|1756979363
|move|p1b: Whimsicott|Tailwind|p1b: Whimsicott
|-sidestart|p1: Capfoo|move: Tailwind
|move|p1a: Archaludon|Dragon Pulse|p2a: Dondozo
|-damage|p2a: Dondozo|58/100
|move|p2a: Dondozo|Earthquake|p1a: Archaludon|[spread] p1a,p1b
|-miss|p2a: Dondozo|p2b: Tatsugiri
|-supereffective|p1a: Archaludon
|-resisted|p1b: Whimsicott
|-damage|p1a: Archaludon|28/100
|-damage|p1b: Whimsicott|69/100
|-ability|p1a: Archaludon|Stamina|boost
|-boost|p1a: Archaludon|def|1
|
|-weather|RainDance|[upkeep]
|-heal|p2a: Dondozo|64/100|[from] item: Leftovers
|upkeep
|turn|4
|
|t:|1756979376
|move|p2a: Dondozo|Protect|p2a: Dondozo
|-singleturn|p2a: Dondozo|Protect
|move|p1b: Whimsicott|Dazzling Gleam|p2a: Dondozo|[spread] 
|-miss|p1b: Whimsicott|p2b: Tatsugiri
|-activate|p2a: Dondozo|move: Protect
|move|p1a: Archaludon|Dragon Pulse|p2a: Dondozo
|-activate|p2a: Dondozo|move: Protect
|
|-weather|RainDance|[upkeep]
|-heal|p2a: Dondozo|70/100|[from] item: Leftovers
|upkeep
|turn|5
|
|t:|1756979383
|move|p1b: Whimsicott|Dazzling Gleam|p2a: Dondozo|[spread] p2a
|-miss|p1b: Whimsicott|p2b: Tatsugiri
|-damage|p2a: Dondozo|59/100
|move|p1a: Archaludon|Dragon Pulse|p2a: Dondozo
|-damage|p2a: Dondozo|35/100
|move|p2a: Dondozo|Earthquake|p1a: Archaludon|[spread] p1a,p1b
|-miss|p2a: Dondozo|p2b: Tatsugiri
|-supereffective|p1a: Archaludon
|-resisted|p1b: Whimsicott
|-damage|p1a: Archaludon|0 fnt
|-damage|p1b: Whimsicott|39/100
|faint|p1a: Archaludon
|
|-weather|none
|-heal|p2a: Dondozo|41/100|[from] item: Leftovers
|upkeep
|
|t:|1756979388
|switch|p1a: Meowscarada|Meowscarada, L50, F|100/100
|turn|6
|
|t:|1756979406
|move|p2a: Dondozo|Protect|p2a: Dondozo
|-singleturn|p2a: Dondozo|Protect
|move|p1a: Meowscarada|Triple Axel|p2a: Dondozo
|-start|p1a: Meowscarada|typechange|Ice|[from] ability: Protean
|-activate|p2a: Dondozo|move: Protect
|move|p1b: Whimsicott|Dazzling Gleam|p2b: Tatsugiri|[spread] 
|-miss|p1b: Whimsicott|p2b: Tatsugiri
|-activate|p2a: Dondozo|move: Protect
|
|-heal|p2a: Dondozo|47/100|[from] item: Leftovers
|-sideend|p1: Capfoo|move: Tailwind
|upkeep
|turn|7
|inactive|PamamoDaisukiKo has 30 seconds left.
|
|t:|1756979438
|move|p1b: Whimsicott|Tailwind|p1b: Whimsicott
|-sidestart|p1: Capfoo|move: Tailwind
|move|p1a: Meowscarada|Triple Axel|p2a: Dondozo
|-supereffective|p2a: Dondozo
|-damage|p2a: Dondozo|37/100
|-supereffective|p2a: Dondozo
|-damage|p2a: Dondozo|16/100
|-supereffective|p2a: Dondozo
|-damage|p2a: Dondozo|0 fnt
|faint|p2a: Dondozo
|-hitcount|p2: Dondozo|3
|
|upkeep
|
|t:|1756979441
|switch|p2a: Pawmot|Pawmot, L50, M|100/100
|turn|8
|
|t:|1756979466
|move|p2a: Pawmot|Protect|p2a: Pawmot
|-singleturn|p2a: Pawmot|Protect
|move|p1a: Meowscarada|Triple Axel|p2a: Pawmot
|-activate|p2a: Pawmot|move: Protect
|move|p1b: Whimsicott|Dazzling Gleam|p2a: Pawmot|[spread] p2b
|-activate|p2a: Pawmot|move: Protect
|-supereffective|p2b: Tatsugiri
|-damage|p2b: Tatsugiri|42/100
|move|p2b: Tatsugiri|Icy Wind|p1a: Meowscarada|[spread] p1a,p1b
|-resisted|p1a: Meowscarada
|-supereffective|p1b: Whimsicott
|-damage|p1a: Meowscarada|91/100
|-damage|p1b: Whimsicott|0 fnt
|-unboost|p1a: Meowscarada|spe|1
|faint|p1b: Whimsicott
|
|upkeep
|turn|9
|
|t:|1756979483
|move|p1a: Meowscarada|Triple Axel|p2a: Pawmot
|-damage|p2a: Pawmot|77/100
|-damage|p2a: Pawmot|33/100
|-damage|p2a: Pawmot|0 fnt
|faint|p2a: Pawmot
|-hitcount|p2: Pawmot|3
|move|p2b: Tatsugiri|Icy Wind|p1a: Meowscarada
|-resisted|p1a: Meowscarada
|-damage|p1a: Meowscarada|76/100
|-unboost|p1a: Meowscarada|spe|1
|
|upkeep
|turn|10
|
|t:|1756979490
|move|p2b: Tatsugiri|Icy Wind|p1a: Meowscarada
|-resisted|p1a: Meowscarada
|-damage|p1a: Meowscarada|61/100
|-unboost|p1a: Meowscarada|spe|1
|move|p1a: Meowscarada|Triple Axel|p2b: Tatsugiri
|-damage|p2b: Tatsugiri|16/100
|-damage|p2b: Tatsugiri|0 fnt
|faint|p2b: Tatsugiri
|-hitcount|p2: Tatsugiri|2
|
|win|Capfoo
