|j|☆merr123
|j|☆mroreo328
|html|merr123mroreo328    
|uhtml|bestof|Game 1 of a best-of-3
|t:|1782429803
|gametype|doubles
|player|p1|merr123|2|1282
|player|p2|mroreo328|youngster-gen4dp|1188
|gen|9
|tier|[Gen 9 Champions] VGC 2026 Reg M-B (Bo3)
|rated|
|rule|Species Clause: Limit one of each Pokémon
|rule|Item Clause: Limit 1 of each item
|clearpoke
|poke|p1|Sneasler, L50, M|
|poke|p1|Staraptor, L50, F|
|poke|p1|Manectric, L50, M|
|poke|p1|Sinistcha, L50|
|poke|p1|Kingambit, L50, M|
|poke|p1|Mamoswine, L50, M|
|poke|p2|Hatterene, L50, F|
|poke|p2|Farigiraf, L50, M, shiny|
|poke|p2|Vivillon-Pokeball, L50, M, shiny|
|poke|p2|Lopunny, L50, M|
|poke|p2|Kangaskhan, L50, F|
|poke|p2|Camerupt, L50, F|
|teampreview|4
|showteam|p1|Sneasler||FocusSash|PoisonTouch|FakeOut,CloseCombat,DireClaw,Coaching|Jolly||M|||50|]Staraptor||Staraptite|Intimidate|CloseCombat,BraveBird,Tailwind,Protect|Adamant||F|||50|]Manectric||Manectite|LightningRod|Thunderbolt,Snarl,VoltSwitch,Protect|Timid||M|||50|]Sinistcha||SitrusBerry|Hospitality|MatchaGotcha,RagePowder,TrickRoom,Protect|Calm|||||50|]Kingambit||BlackGlasses|Defiant|SwordsDance,KowtowCleave,SuckerPunch,Protect|Adamant||M|||50|]Mamoswine||ChoiceScarf|Oblivious|IcicleCrash,Earthquake,IceShard,HighHorsepower|Jolly||M|||50|
|showteam|p2|Hatterene||FocusSash|MagicBounce|DazzlingGleam,Psychic,ShadowBall,TrickRoom|Quiet||F|||50|]Farigiraf||ColburBerry|ArmorTail|Psychic,LowKick,SunnyDay,TrickRoom|Relaxed||M|||50|]Vivillon-Pokeball||ChoiceScarf|CompoundEyes|Hurricane,StruggleBug,PollenPuff,SleepPowder|Timid||M|||50|]Lopunny||Lopunnite|Limber|CloseCombat,Facade,Encore,FakeOut|Jolly||M|||50|]Kangaskhan||SilkScarf|Scrappy|LastResort,FakeOut|Brave||F|||50|]Camerupt||Cameruptite|SolidRock|Eruption,EarthPower,AncientPower,Protect|Quiet||F|||50|
|inactive|Battle timer is ON: inactive players will automatically lose when time's up. (requested by mroreo328)
|inactive|merr123 also wants the timer to be on.
|inactive|merr123 has 60 seconds left.
|inactive|merr123 has 30 seconds left.
|inactive|merr123 has 20 seconds left.
|inactive|merr123 has 15 seconds left.
|inactive|merr123 has 10 seconds left.
|inactive|merr123 has 5 seconds left.
|
|t:|1782429890
|teamsize|p1|4
|teamsize|p2|4
|start
|switch|p1a: Sinistcha|Sinistcha, L50|100/100
|switch|p1b: Staraptor|Staraptor, L50, F|100/100
|switch|p2a: Lopunny|Lopunny, L50, M|100/100
|switch|p2b: Vivillon|Vivillon-Pokeball, L50, M, shiny|100/100
|-ability|p1b: Staraptor|Intimidate|boost
|-unboost|p2a: Lopunny|atk|1
|-unboost|p2b: Vivillon|atk|1
|turn|1
|inactive|merr123 has 30 seconds left.
|inactive|merr123 has 20 seconds left.
|
|t:|1782429926
|detailschange|p2a: Lopunny|Lopunny-Mega, L50, M
|-mega|p2a: Lopunny|Lopunny|Lopunnite
|detailschange|p1b: Staraptor|Staraptor-Mega, L50, F
|-mega|p1b: Staraptor|Staraptor|Staraptite
|move|p2a: Lopunny|Fake Out|p1a: Sinistcha
|-damage|p1a: Sinistcha|86/100
|cant|p1a: Sinistcha|flinch
|move|p2b: Vivillon|Sleep Powder|p1b: Staraptor
|-status|p1b: Staraptor|slp|[from] move: Sleep Powder
|cant|p1b: Staraptor|slp
|
|upkeep
|turn|2
|inactive|merr123 has 30 seconds left.
|
|t:|1782429955
|switch|p2b: Kangaskhan|Kangaskhan, L50, F|100/100
|move|p1a: Sinistcha|Protect|p1a: Sinistcha
|-singleturn|p1a: Sinistcha|Protect
|move|p2a: Lopunny|Facade|p1a: Sinistcha
|-activate|p1a: Sinistcha|move: Protect
|cant|p1b: Staraptor|slp
|
|upkeep
|turn|3
|inactive|merr123 has 30 seconds left.
|
|t:|1782429984
|move|p2b: Kangaskhan|Fake Out|p1b: Staraptor
|-damage|p1b: Staraptor|79/100 slp
|move|p2a: Lopunny|Encore|p1a: Sinistcha
|-start|p1a: Sinistcha|Encore
|move|p1a: Sinistcha|Protect||[still]
|-fail|p1a: Sinistcha
|-curestatus|p1b: Staraptor|slp|[msg]
|cant|p1b: Staraptor|flinch
|
|upkeep
|turn|4
|inactive|merr123 has 30 seconds left.
|inactive|merr123 has 20 seconds left.
|
|t:|1782430020
|switch|p2a: Vivillon|Vivillon-Pokeball, L50, M, shiny|100/100
|switch|p1a: Manectric|Manectric, L50, M|100/100
|move|p1b: Staraptor|Close Combat|p2b: Kangaskhan
|-supereffective|p2b: Kangaskhan|1
|-damage|p2b: Kangaskhan|0 fnt
|-boost|p1b: Staraptor|def|1
|-boost|p1b: Staraptor|spd|1
|faint|p2b: Kangaskhan
|
|upkeep
|
|t:|1782430032
|switch|p2b: Lopunny|Lopunny-Mega, L50, M|100/100
|turn|5
|
|t:|1782430048
|switch|p1a: Sinistcha|Sinistcha, L50|86/100
|-heal|p1b: Staraptor|100/100|[from] ability: Hospitality|[of] p1a: Sinistcha
|move|p1b: Staraptor|Protect|p1b: Staraptor
|-singleturn|p1b: Staraptor|Protect
|move|p2b: Lopunny|Fake Out|p1b: Staraptor
|-activate|p1b: Staraptor|move: Protect
|move|p2a: Vivillon|Sleep Powder|p1a: Sinistcha
|-immune|p1a: Sinistcha
|
|upkeep
|turn|6
|inactive|merr123 has 30 seconds left.
|
|t:|1782430082
|move|p1a: Sinistcha|Rage Powder|p1a: Sinistcha
|-singleturn|p1a: Sinistcha|move: Rage Powder
|move|p2a: Vivillon|Sleep Powder|p1a: Sinistcha
|-immune|p1a: Sinistcha
|move|p2b: Lopunny|Facade|p1a: Sinistcha
|-damage|p1a: Sinistcha|52/100
|move|p1b: Staraptor|Tailwind|p1b: Staraptor
|-sidestart|p1: merr123|move: Tailwind
|
|upkeep
|turn|7
|
|t:|1782430094
|switch|p2b: Farigiraf|Farigiraf, L50, M, shiny|100/100
|move|p1b: Staraptor|Brave Bird|p2a: Vivillon
|-supereffective|p2a: Vivillon|1
|-damage|p2a: Vivillon|0 fnt
|faint|p2a: Vivillon
|-damage|p1b: Staraptor|72/100|[from] Recoil
|move|p1a: Sinistcha|Matcha Gotcha|p2b: Farigiraf
|-damage|p2b: Farigiraf|65/100
|-heal|p1a: Sinistcha|74/100|[from] drain|[of] p2b: Farigiraf
|-status|p2b: Farigiraf|brn
|
|-damage|p2b: Farigiraf|59/100 brn|[from] brn
|upkeep
|
|t:|1782430099
|switch|p2a: Lopunny|Lopunny-Mega, L50, M|100/100
|turn|8
|
|t:|1782430115
|move|p1a: Sinistcha|Protect|p1a: Sinistcha
|-singleturn|p1a: Sinistcha|Protect
|move|p2a: Lopunny|Fake Out|p1a: Sinistcha
|-activate|p1a: Sinistcha|move: Protect
|move|p1b: Staraptor|Close Combat|p2b: Farigiraf
|-damage|p2b: Farigiraf|7/100 brn
|-boost|p1b: Staraptor|def|1
|-boost|p1b: Staraptor|spd|1
|move|p2b: Farigiraf|Trick Room|p2b: Farigiraf
|-fieldstart|move: Trick Room|[of] p2b: Farigiraf
|
|-damage|p2b: Farigiraf|1/100 brn|[from] brn
|upkeep
|turn|9
|
|t:|1782430130
|move|p1b: Staraptor|Protect|p1b: Staraptor
|-singleturn|p1b: Staraptor|Protect
|move|p2b: Farigiraf|Psychic|p1b: Staraptor
|-activate|p1b: Staraptor|move: Protect
|move|p1a: Sinistcha|Matcha Gotcha|p2b: Farigiraf|[spread] p2a,p2b
|-damage|p2a: Lopunny|67/100
|-heal|p1a: Sinistcha|87/100|[from] drain|[of] p2a: Lopunny
|-damage|p2b: Farigiraf|0 fnt
|-heal|p1a: Sinistcha|88/100|[from] drain|[of] p2b: Farigiraf
|faint|p2b: Farigiraf
|move|p2a: Lopunny|Encore|p1a: Sinistcha
|-start|p1a: Sinistcha|Encore
|
|-sideend|p1: merr123|move: Tailwind
|upkeep
|turn|10
|
|t:|1782430143
|move|p1a: Sinistcha|Matcha Gotcha|p2a: Lopunny
|-damage|p2a: Lopunny|22/100
|-heal|p1a: Sinistcha|100/100|[from] drain|[of] p2a: Lopunny
|move|p1b: Staraptor|Close Combat|p2a: Lopunny
|-supereffective|p2a: Lopunny|1
|-damage|p2a: Lopunny|0 fnt
|-boost|p1b: Staraptor|def|1
|-boost|p1b: Staraptor|spd|1
|faint|p2a: Lopunny
|
|win|merr123
|l|☆mroreo328
|player|p2|
||mroreo328 is ready for game 2.
||merr123 is ready for game 2.
|uhtml|next|Next: Game 2 of 3
