|j|☆MugiwaraLux
|j|☆a year without
|html|MugiwaraLuxa year without    
|uhtml|bestof|Game 2 of a best-of-3
|t:|1785828822
|gametype|doubles
|player|p1|MugiwaraLux|cynthia-masters4|1358
|player|p2|a year without|hiker-gen4|1199
|gen|9
|tier|[Gen 9 Champions] VGC 2026 Reg M-B (Bo3)
|rated|
|rule|Species Clause: Limit one of each Pokémon
|rule|Item Clause: Limit 1 of each item
|clearpoke
|poke|p1|Garchomp, L50, F|
|poke|p1|Venusaur, L50, M|
|poke|p1|Incineroar, L50, M|
|poke|p1|Charizard, L50, M|
|poke|p1|Toxapex, L50, M|
|poke|p1|Annihilape, L50, M|
|poke|p2|Whimsicott, L50, F, shiny|
|poke|p2|Basculegion, L50, M, shiny|
|poke|p2|Kingambit, L50, F|
|poke|p2|Floette-Eternal, L50, F|
|poke|p2|Garchomp, L50, F, shiny|
|poke|p2|Charizard, L50, F, shiny|
|teampreview|4
|showteam|p1|Garchomp||ChoiceScarf|RoughSkin|Earthquake,RockSlide,DragonClaw,StompingTantrum|Adamant||F|||50|]Venusaur||LifeOrb|Chlorophyll|SludgeBomb,LeafStorm,EarthPower,Protect|Modest||M|||50|]Incineroar||SitrusBerry|Intimidate|FakeOut,FlareBlitz,ThroatChop,PartingShot|Impish||M|||50|]Charizard||CharizarditeY|Blaze|HeatWave,WeatherBall,Protect,HelpingHand|Modest||M|||50|]Toxapex||Leftovers|Regenerator|Infestation,Toxic,WideGuard,BanefulBunker|Impish||M|||50|]Annihilape||FocusSash|Defiant|CloseCombat,PhantomForce,RockTomb,Protect|Jolly||M|||50|
|showteam|p2|Whimsicott||FocusSash|Prankster|Protect,Moonblast,Tailwind,Encore|Timid||F|||50|]Basculegion||MysticWater|Adaptability|WaveCrash,Protect,LastRespects,AquaJet|Adamant||M|||50|]Kingambit||ChopleBerry|Defiant|KowtowCleave,LowKick,SuckerPunch,IronHead|Adamant||F|||50|]Floette-Eternal||Floettite|FlowerVeil|DazzlingGleam,Moonblast,LightofRuin,Protect|Timid||F|||50|]Garchomp||LifeOrb|RoughSkin|RockSlide,StompingTantrum,DragonClaw,Protect|Jolly||F|||50|]Charizard||CharizarditeY|Blaze|HeatWave,SolarBeam,WeatherBall,Protect|Modest||F|||50|
|inactive|Battle timer is ON: inactive players will automatically lose when time's up. (requested by MugiwaraLux)
|
|t:|1785828853
|teamsize|p1|4
|teamsize|p2|4
|start
|switch|p1a: Annihilape|Annihilape, L50, M|100/100
|switch|p1b: Incineroar|Incineroar, L50, M|100/100
|switch|p2a: Charizard|Charizard, L50, F, shiny|100/100
|switch|p2b: Garchomp|Garchomp, L50, F, shiny|100/100
|-ability|p1b: Incineroar|Intimidate|boost
|-unboost|p2a: Charizard|atk|1
|-unboost|p2b: Garchomp|atk|1
|turn|1
|
|t:|1785828867
|move|p2a: Charizard|Protect|p2a: Charizard
|-singleturn|p2a: Charizard|Protect
|move|p2b: Garchomp|Stomping Tantrum|p1a: Annihilape
|-damage|p1a: Annihilape|59/100
|-damage|p2b: Garchomp|90/100|[from] item: Life Orb
|move|p1a: Annihilape|Rock Tomb|p2b: Garchomp
|-resisted|p2b: Garchomp|1
|-damage|p2b: Garchomp|80/100
|-unboost|p2b: Garchomp|spe|1
|move|p1b: Incineroar|Parting Shot|p2a: Charizard
|-activate|p2a: Charizard|move: Protect
|
|upkeep
|turn|2
|inactive|MugiwaraLux has 30 seconds left.
|
|t:|1785828900
|switch|p2a: Kingambit|Kingambit, L50, F|100/100
|move|p1a: Annihilape|Protect|p1a: Annihilape
|-singleturn|p1a: Annihilape|Protect
|move|p2b: Garchomp|Stomping Tantrum|p1b: Incineroar
|-supereffective|p1b: Incineroar|1
|-damage|p1b: Incineroar|48/100
|-enditem|p1b: Incineroar|Sitrus Berry|[eat]
|-heal|p1b: Incineroar|73/100|[from] item: Sitrus Berry
|-damage|p2b: Garchomp|71/100|[from] item: Life Orb
|move|p1b: Incineroar|Parting Shot|p2b: Garchomp
|-unboost|p2b: Garchomp|atk|1
|-unboost|p2b: Garchomp|spa|1
|
|t:|1785828912
|switch|p1b: Charizard|Charizard, L50, M|100/100|[from] Parting Shot
|
|upkeep
|turn|3
|
|t:|1785828920
|detailschange|p1b: Charizard|Charizard-Mega-Y, L50, M
|-mega|p1b: Charizard|Charizard|Charizardite Y
|-weather|SunnyDay|[from] ability: Drought|[of] p1b: Charizard
|move|p2a: Kingambit|Sucker Punch|p1a: Annihilape
|-damage|p1a: Annihilape|12/100
|move|p1a: Annihilape|Close Combat|p2b: Garchomp
|-damage|p2b: Garchomp|12/100
|-unboost|p1a: Annihilape|def|1
|-unboost|p1a: Annihilape|spd|1
|-damage|p1a: Annihilape|0 fnt|[from] ability: Rough Skin|[of] p2b: Garchomp
|faint|p1a: Annihilape
|move|p1b: Charizard|Heat Wave|p2b: Garchomp|[spread] p2a,p2b
|-supereffective|p2a: Kingambit|1
|-resisted|p2b: Garchomp|1
|-damage|p2a: Kingambit|4/100
|-damage|p2b: Garchomp|0 fnt
|faint|p2b: Garchomp
|
|-weather|SunnyDay|[upkeep]
|upkeep
|
|t:|1785828935
|switch|p2b: Charizard|Charizard, L50, F, shiny|100/100
|switch|p1a: Venusaur|Venusaur, L50, M|100/100
|turn|4
|
|t:|1785828943
|detailschange|p2b: Charizard|Charizard-Mega-Y, L50, F, shiny
|-mega|p2b: Charizard|Charizard|Charizardite Y
|move|p1a: Venusaur|Protect|p1a: Venusaur
|-singleturn|p1a: Venusaur|Protect
|move|p2a: Kingambit|Sucker Punch|p1b: Charizard
|-damage|p1b: Charizard|59/100
|move|p1b: Charizard|Heat Wave|p2a: Kingambit|[spread] p2a,p2b
|-supereffective|p2a: Kingambit|1
|-resisted|p2b: Charizard|1
|-damage|p2a: Kingambit|0 fnt
|-damage|p2b: Charizard|72/100
|faint|p2a: Kingambit
|move|p2b: Charizard|Heat Wave|p1b: Charizard|[spread] p1b
|-activate|p1a: Venusaur|move: Protect
|-resisted|p1b: Charizard|1
|-crit|p1b: Charizard
|-damage|p1b: Charizard|19/100
|
|-weather|SunnyDay|[upkeep]
|upkeep
|
|t:|1785828956
|switch|p2a: Basculegion|Basculegion, L50, M, shiny|100/100
|turn|5
|
|t:|1785828962
|move|p1b: Charizard|Helping Hand|p1a: Venusaur
|-singleturn|p1a: Venusaur|Helping Hand|[of] p1b: Charizard
|move|p2a: Basculegion|Protect|p2a: Basculegion
|-singleturn|p2a: Basculegion|Protect
|move|p1a: Venusaur|Sludge Bomb|p2b: Charizard
|-damage|p2b: Charizard|3/100
|-status|p2b: Charizard|psn
|-damage|p1a: Venusaur|90/100|[from] item: Life Orb
|move|p2b: Charizard|Heat Wave|p1a: Venusaur|[spread] p1a,p1b
|-supereffective|p1a: Venusaur|1
|-resisted|p1b: Charizard|1
|-damage|p1a: Venusaur|0 fnt
|-damage|p1b: Charizard|0 fnt
|faint|p1a: Venusaur
|faint|p1b: Charizard
|
|-weather|SunnyDay|[upkeep]
|-damage|p2b: Charizard|0 fnt|[from] psn
|faint|p2b: Charizard
|upkeep
|
|t:|1785828969
|switch|p1b: Incineroar|Incineroar, L50, M|73/100
|-ability|p1b: Incineroar|Intimidate|boost
|-unboost|p2a: Basculegion|atk|1
|turn|6
|
|t:|1785828979
|move|p2a: Basculegion|Protect|p2a: Basculegion
|-singleturn|p2a: Basculegion|Protect
|move|p1b: Incineroar|Throat Chop|p2a: Basculegion
|-activate|p2a: Basculegion|move: Protect
|
|-weather|SunnyDay|[upkeep]
|upkeep
|turn|7
|
|t:|1785828985
|move|p2a: Basculegion|Protect||[still]
|-fail|p2a: Basculegion
|move|p1b: Incineroar|Throat Chop|p2a: Basculegion
|-supereffective|p2a: Basculegion|1
|-damage|p2a: Basculegion|26/100
|-start|p2a: Basculegion|Throat Chop|[silent]
|
|-weather|none
|upkeep
|turn|8
|
|t:|1785828993
|move|p2a: Basculegion|Wave Crash|p1b: Incineroar
|-supereffective|p1b: Incineroar|1
|-damage|p1b: Incineroar|0 fnt
|faint|p1b: Incineroar
|-damage|p2a: Basculegion|2/100|[from] Recoil
|
|win|a year without
||MugiwaraLux is ready for game 3.
||a year without is ready for game 3.
|uhtml|next|Next: Game 3 of 3
|l|☆a year without
|player|p2|
