|j|☆Noot Sorcerer
|j|☆NemoAK
|html|Noot SorcererNemoAK    
|uhtml|bestof|Game 3 of a best-of-3
|t:|1785294004
|gametype|doubles
|player|p1|Noot Sorcerer|blaine|1102
|player|p2|NemoAK|2|1118
|gen|9
|tier|[Gen 9 Champions] VGC 2026 Reg M-B (Bo3)
|rated|
|rule|Species Clause: Limit one of each Pokémon
|rule|Item Clause: Limit 1 of each item
|clearpoke
|poke|p1|Tyranitar, L50, M|
|poke|p1|Garchomp, L50, F|
|poke|p1|Talonflame, L50, M|
|poke|p1|Annihilape, L50, M|
|poke|p1|Aegislash, L50, F|
|poke|p1|Meganium, L50, M|
|poke|p2|Staraptor, L50, M|
|poke|p2|Grimmsnarl, L50, M|
|poke|p2|Basculegion, L50, M|
|poke|p2|Farigiraf, L50, M|
|poke|p2|Garchomp, L50, M|
|poke|p2|Camerupt, L50, M|
|teampreview|4
|showteam|p1|Tyranitar||Tyranitarite|SandStream|RockSlide,KnockOff,BodyPress,Protect|Impish||M|||50|]Garchomp||LifeOrb|RoughSkin|DragonClaw,Earthquake,RockSlide,Protect|Jolly||F|||50|]Talonflame||FocusSash|GaleWings|DualWingbeat,WillOWisp,Taunt,Tailwind|Jolly||M|||50|]Annihilape||CobaBerry|Defiant|RageFist,DrainPunch,SeedBomb,Protect|Jolly||M|||50|]Aegislash||OccaBerry|StanceChange|SacredSword,IronHead,KingsShield,WideGuard|Adamant||F|||50|]Meganium||Meganiumite|Overgrow|SolarBeam,DazzlingGleam,WeatherBall,Protect|Jolly||M|||50|
|showteam|p2|Staraptor||Staraptite|Intimidate|CloseCombat,BraveBird,Tailwind,Protect|Jolly||M|||50|]Grimmsnarl||LightClay|Prankster|PartingShot,LightScreen,Reflect,SpiritBreak|Brave||M|||50|]Basculegion||ChoiceScarf|Adaptability|LastRespects,WaveCrash,AquaJet,FlipTurn|Adamant||M|||50|]Farigiraf||SitrusBerry|ArmorTail|Psychic,HyperVoice,TrickRoom,HelpingHand|Quiet||M|||50|]Garchomp||LifeOrb|RoughSkin|Earthquake,RockSlide,ScaleShot,Protect|Jolly||M|||50|]Camerupt||Cameruptite|MagmaArmor|HeatWave,EarthPower,AncientPower,Protect|Quiet||M|||50|
|inactive|Battle timer is ON: inactive players will automatically lose when time's up. (requested by NemoAK)
|
|t:|1785294043
|teamsize|p1|4
|teamsize|p2|4
|start
|switch|p1a: Talonflame|Talonflame, L50, M|100/100
|switch|p1b: Rock|Tyranitar, L50, M|100/100
|switch|p2a: The Biggest Bird|Staraptor, L50, M|100/100
|switch|p2b: Toothless|Garchomp, L50, M|100/100
|-ability|p2a: The Biggest Bird|Intimidate|boost
|-unboost|p1a: Talonflame|atk|1
|-unboost|p1b: Rock|atk|1
|-weather|Sandstorm|[from] ability: Sand Stream|[of] p1b: Rock
|turn|1
|
|t:|1785294054
|switch|p1b: im so mad|Annihilape, L50, M|100/100
|detailschange|p2a: The Biggest Bird|Staraptor-Mega, L50, M
|-mega|p2a: The Biggest Bird|Staraptor|Staraptite
|move|p1a: Talonflame|Will-O-Wisp|p2a: The Biggest Bird
|-status|p2a: The Biggest Bird|brn
|move|p2a: The Biggest Bird|Tailwind|p2a: The Biggest Bird
|-sidestart|p2: NemoAK|move: Tailwind
|move|p2b: Toothless|Rock Slide|p1b: im so mad|[spread] p1a,p1b
|-supereffective|p1a: Talonflame|2
|-resisted|p1b: im so mad|1
|-enditem|p1a: Talonflame|Focus Sash
|-damage|p1a: Talonflame|1/100
|-damage|p1b: im so mad|84/100
|-damage|p2b: Toothless|90/100|[from] item: Life Orb
|
|-weather|Sandstorm|[upkeep]
|-damage|p2a: The Biggest Bird|93/100 brn|[from] Sandstorm
|-damage|p1a: Talonflame|0 fnt|[from] Sandstorm
|-damage|p1b: im so mad|78/100|[from] Sandstorm
|faint|p1a: Talonflame
|-damage|p2a: The Biggest Bird|87/100 brn|[from] brn
|upkeep
|
|t:|1785294066
|switch|p1a: Megaganium|Meganium, L50, M|100/100
|turn|2
|
|t:|1785294073
|detailschange|p1a: Megaganium|Meganium-Mega, L50, M
|-mega|p1a: Megaganium|Meganium|Meganiumite
|move|p2b: Toothless|Protect|p2b: Toothless
|-singleturn|p2b: Toothless|Protect
|move|p2a: The Biggest Bird|Brave Bird|p1a: Megaganium
|-supereffective|p1a: Megaganium|1
|-damage|p1a: Megaganium|42/100
|-damage|p2a: The Biggest Bird|68/100 brn|[from] Recoil
|move|p1b: im so mad|Rage Fist|p2a: The Biggest Bird
|-damage|p2a: The Biggest Bird|13/100 brn
|move|p1a: Megaganium|Dazzling Gleam|p2b: Toothless|[spread] p2a
|-activate|p2b: Toothless|move: Protect
|-supereffective|p2a: The Biggest Bird|1
|-damage|p2a: The Biggest Bird|0 fnt
|faint|p2a: The Biggest Bird
|
|-weather|Sandstorm|[upkeep]
|-damage|p1b: im so mad|72/100|[from] Sandstorm
|-damage|p1a: Megaganium|36/100|[from] Sandstorm
|upkeep
|
|t:|1785294097
|switch|p2a: Gringotts|Grimmsnarl, L50, M|100/100
|turn|3
|
|t:|1785294117
|move|p2b: Toothless|Rock Slide|p1b: im so mad|[spread] p1a
|-miss|p2b: Toothless|p1b: im so mad
|-damage|p1a: Megaganium|10/100
|-damage|p2b: Toothless|80/100|[from] item: Life Orb
|move|p1b: im so mad|Rage Fist|p2a: Gringotts
|-resisted|p2a: Gringotts|1
|-damage|p2a: Gringotts|75/100
|move|p1a: Megaganium|Dazzling Gleam|p2b: Toothless|[spread] p2a,p2b
|-supereffective|p2a: Gringotts|1
|-supereffective|p2b: Toothless|1
|-damage|p2a: Gringotts|17/100
|-damage|p2b: Toothless|11/100
|move|p2a: Gringotts|Spirit Break|p1a: Megaganium
|-damage|p1a: Megaganium|0 fnt
|faint|p1a: Megaganium
|
|-weather|Sandstorm|[upkeep]
|-damage|p1b: im so mad|66/100|[from] Sandstorm
|-damage|p2a: Gringotts|11/100|[from] Sandstorm
|upkeep
|
|t:|1785294131
|switch|p1a: Rock|Tyranitar, L50, M|100/100
|turn|4
|
|t:|1785294146
|move|p2b: Toothless|Protect|p2b: Toothless
|-singleturn|p2b: Toothless|Protect
|move|p1a: Rock|Protect|p1a: Rock
|-singleturn|p1a: Rock|Protect
|move|p1b: im so mad|Drain Punch|p2a: Gringotts
|-damage|p2a: Gringotts|0 fnt
|-heal|p1b: im so mad|72/100|[from] drain|[of] p2a: Gringotts
|faint|p2a: Gringotts
|
|-weather|Sandstorm|[upkeep]
|-damage|p1b: im so mad|66/100|[from] Sandstorm
|-sideend|p2: NemoAK|move: Tailwind
|upkeep
|
|t:|1785294148
|switch|p2a: Gary’s Raticate|Basculegion, L50, M|100/100
|turn|5
|
|t:|1785294162
|move|p2a: Gary’s Raticate|Wave Crash|p1a: Rock
|-supereffective|p1a: Rock|1
|-damage|p1a: Rock|5/100
|-damage|p2a: Gary’s Raticate|66/100|[from] Recoil
|move|p2b: Toothless|Scale Shot|p1b: im so mad
|-damage|p1b: im so mad|45/100
|-damage|p1b: im so mad|24/100
|-damage|p1b: im so mad|5/100
|-hitcount|p1b: im so mad|3
|-unboost|p2b: Toothless|def|1
|-boost|p2b: Toothless|spe|1
|-damage|p2b: Toothless|1/100|[from] item: Life Orb
|move|p1b: im so mad|Rage Fist|p2a: Gary’s Raticate
|-supereffective|p2a: Gary’s Raticate|1
|-damage|p2a: Gary’s Raticate|0 fnt
|faint|p2a: Gary’s Raticate
|move|p1a: Rock|Knock Off|p2b: Toothless
|-damage|p2b: Toothless|0 fnt
|-damage|p1a: Rock|0 fnt|[from] ability: Rough Skin|[of] p2b: Toothless
|-enditem|p2b: Toothless|Life Orb|[from] move: Knock Off|[of] p1a: Rock
|faint|p2b: Toothless
|faint|p1a: Rock
|
|win|Noot Sorcerer
|raw|Noot Sorcerer's rating: 1102 → 1128(+26 for winning)
|raw|NemoAK's rating: 1118 → 1092(-26 for losing)
|l|☆NemoAK
|player|p2|
