|j|☆terratron
|j|☆CrazyComet37
|html|terratronCrazyComet37    
|uhtml|bestof|Game 2 of a best-of-3
|t:|1783483180
|gametype|doubles
|player|p1|terratron|bruno|1199
|player|p2|CrazyComet37|flint|1293
|gen|9
|tier|[Gen 9 Champions] VGC 2026 Reg M-B (Bo3)
|rated|
|rule|Species Clause: Limit one of each Pokémon
|rule|Item Clause: Limit 1 of each item
|clearpoke
|poke|p1|Palafin, L50, F|
|poke|p1|Raichu, L50, M|
|poke|p1|Typhlosion, L50, M|
|poke|p1|Ninetales-Alola, L50, F|
|poke|p1|Jolteon, L50, F|
|poke|p1|Talonflame, L50, F|
|poke|p2|Whimsicott, L50, M|
|poke|p2|Garchomp, L50, F|
|poke|p2|Charizard, L50, F|
|poke|p2|Floette-Eternal, L50, F|
|poke|p2|Kingambit, L50, M|
|poke|p2|Basculegion, L50, M|
|teampreview|4
|showteam|p1|Palafin||MysticWater|ZerotoHero|JetPunch,WaveCrash,FlipTurn,Protect|Adamant||F|||50|]Raichu||RaichuniteX|LightningRod|FakeOut,Protect,RisingVoltage,VoltTackle|Naive||M|||50|]Typhlosion||Charcoal|FlashFire|Eruption,Protect,FireBlast,ScorchingSands|Modest||M|||50|]Ninetales-Alola||FocusSash|SnowWarning|Blizzard,Protect,FreezeDry,Roar|Timid||F|||50|]Jolteon||LifeOrb|VoltAbsorb|RisingVoltage,Protect,WeatherBall,VoltSwitch|Timid||F|||50|]Talonflame|||GaleWings|Tailwind,Acrobatics,SunnyDay,QuickGuard|Jolly||F|||50|
|showteam|p2|Whimsicott||FocusSash|Prankster|Protect,Tailwind,Moonblast,Encore|Timid||M|||50|]Garchomp||LifeOrb|RoughSkin|Protect,Earthquake,DragonClaw,RockSlide|Jolly||F|||50|]Charizard||CharizarditeY|Blaze|Protect,HeatWave,WeatherBall,SolarBeam|Modest||F|||50|]Floette-Eternal||Floettite|FlowerVeil|Protect,LightofRuin,DazzlingGleam,Moonblast|Modest||F|||50|]Kingambit||ChopleBerry|Defiant|IronHead,SuckerPunch,KowtowCleave,LowKick|Adamant||M|||50|]Basculegion||MysticWater|Adaptability|Protect,AquaJet,LastRespects,WaveCrash|Adamant||M|||50|
|inactive|Battle timer is ON: inactive players will automatically lose when time's up. (requested by terratron)
|
|t:|1783483210
|teamsize|p1|4
|teamsize|p2|4
|start
|switch|p1a: Raichu|Raichu, L50, M|100/100
|switch|p1b: Palafin|Palafin, L50, F|100/100
|switch|p2a: Whimsicott|Whimsicott, L50, M|100/100
|switch|p2b: Garchomp|Garchomp, L50, F|100/100
|turn|1
|
|t:|1783483234
|detailschange|p1a: Raichu|Raichu-Mega-X, L50, M
|-mega|p1a: Raichu|Raichu|Raichunite X
|-fieldstart|move: Electric Terrain|[from] ability: Electric Surge|[of] p1a: Raichu
|move|p1a: Raichu|Fake Out|p2a: Whimsicott
|-damage|p2a: Whimsicott|82/100
|cant|p2a: Whimsicott|flinch
|move|p2b: Garchomp|Rock Slide|p1a: Raichu|[spread] p1a,p1b
|-damage|p1a: Raichu|65/100
|-damage|p1b: Palafin|75/100
|-damage|p2b: Garchomp|90/100|[from] item: Life Orb
|move|p1b: Palafin|Flip Turn|p2b: Garchomp
|-damage|p2b: Garchomp|63/100
|-damage|p1b: Palafin|63/100|[from] ability: Rough Skin|[of] p2b: Garchomp
|
|t:|1783483242
|detailschange|p1b: Palafin|Palafin-Hero, L50, F
|switch|p1b: Talonflame|Talonflame, L50, F|100/100|[from] Flip Turn
|
|upkeep
|turn|2
|
|t:|1783483260
|move|p2a: Whimsicott|Protect|p2a: Whimsicott
|-singleturn|p2a: Whimsicott|Protect
|move|p1a: Raichu|Protect|p1a: Raichu
|-singleturn|p1a: Raichu|Protect
|move|p1b: Talonflame|Tailwind|p1b: Talonflame
|-sidestart|p1: terratron|move: Tailwind
|move|p2b: Garchomp|Rock Slide|p1a: Raichu|[spread] p1b
|-activate|p1a: Raichu|move: Protect
|-supereffective|p1b: Talonflame|2
|-damage|p1b: Talonflame|0 fnt
|faint|p1b: Talonflame
|-damage|p2b: Garchomp|54/100|[from] item: Life Orb
|
|upkeep
|
|t:|1783483264
|switch|p1b: Ninetales|Ninetales-Alola, L50, F|100/100
|-weather|Snowscape|[from] ability: Snow Warning|[of] p1b: Ninetales
|turn|3
|inactive|CrazyComet37 has 30 seconds left.
|
|t:|1783483296
|switch|p1a: Palafin|Palafin-Hero, L50, F|63/100
|-activate|p1a: Palafin|ability: Zero to Hero
|switch|p2a: Kingambit|Kingambit, L50, M|100/100
|move|p1b: Ninetales|Blizzard|p2a: Kingambit|[spread] p2a,p2b
|-resisted|p2a: Kingambit|1
|-crit|p2a: Kingambit
|-supereffective|p2b: Garchomp|2
|-damage|p2a: Kingambit|75/100
|-damage|p2b: Garchomp|0 fnt
|faint|p2b: Garchomp
|
|-weather|Snowscape|[upkeep]
|upkeep
|
|t:|1783483317
|switch|p2b: Whimsicott|Whimsicott, L50, M|82/100
|turn|4
|
|t:|1783483325
|move|p2b: Whimsicott|Tailwind|p2b: Whimsicott
|-sidestart|p2: CrazyComet37|move: Tailwind
|move|p2a: Kingambit|Sucker Punch|p1b: Ninetales
|-resisted|p1b: Ninetales|1
|-damage|p1b: Ninetales|80/100
|move|p1b: Ninetales|Blizzard|p2b: Whimsicott|[spread] p2a,p2b
|-resisted|p2a: Kingambit|1
|-supereffective|p2b: Whimsicott|1
|-damage|p2a: Kingambit|58/100
|-damage|p2b: Whimsicott|0 fnt
|faint|p2b: Whimsicott
|move|p1a: Palafin|Wave Crash|p2a: Kingambit
|-damage|p2a: Kingambit|0 fnt
|faint|p2a: Kingambit
|-damage|p1a: Palafin|42/100|[from] Recoil
|
|-weather|Snowscape|[upkeep]
|upkeep
|
|t:|1783483331
|switch|p2a: Floette|Floette-Eternal, L50, F|100/100
|turn|5
|
|t:|1783483335
|detailschange|p2a: Floette|Floette-Mega, L50, F
|-mega|p2a: Floette|Floette|Floettite
|-ability|p2a: Floette|Fairy Aura
|move|p1b: Ninetales|Blizzard|p2a: Floette
|-damage|p2a: Floette|62/100
|move|p2a: Floette|Dazzling Gleam|p1b: Ninetales|[spread] p1a,p1b
|-damage|p1a: Palafin|0 fnt
|-damage|p1b: Ninetales|20/100y
|faint|p1a: Palafin
|
|-weather|Snowscape|[upkeep]
|-sideend|p1: terratron|move: Tailwind
|-fieldend|move: Electric Terrain
|upkeep
|
|t:|1783483341
|switch|p1a: Raichu|Raichu-Mega-X, L50, M|65/100
|-fieldstart|move: Electric Terrain|[from] ability: Electric Surge|[of] p1a: Raichu
|turn|6
|
|t:|1783483348
|move|p2a: Floette|Protect|p2a: Floette
|-singleturn|p2a: Floette|Protect
|move|p1a: Raichu|Fake Out|p2a: Floette
|-activate|p2a: Floette|move: Protect
|move|p1b: Ninetales|Blizzard|p2a: Floette
|-activate|p2a: Floette|move: Protect
|
|-weather|Snowscape|[upkeep]
|upkeep
|turn|7
|
|t:|1783483350
|move|p1a: Raichu|Protect|p1a: Raichu
|-singleturn|p1a: Raichu|Protect
|move|p1b: Ninetales|Protect|p1b: Ninetales
|-singleturn|p1b: Ninetales|Protect
|move|p2a: Floette|Dazzling Gleam|p1a: Raichu|[spread] 
|-activate|p1a: Raichu|move: Protect
|-activate|p1b: Ninetales|move: Protect
|
|-weather|none
|-sideend|p2: CrazyComet37|move: Tailwind
|upkeep
|turn|8
|c|☆CrazyComet37|gg
|
|t:|1783483356
|move|p1a: Raichu|Volt Tackle|p2a: Floette
|-damage|p2a: Floette|0 fnt
|faint|p2a: Floette
|-damage|p1a: Raichu|42/100|[from] Recoil
|
|win|terratron
|raw|terratron's rating: 1192 → 1224(+32 for winning)
|raw|CrazyComet37's rating: 1293 → 1261(-32 for losing)
|c|☆terratron|Gg
