|j|☆sturmkitten69
|j|☆arman136821
|html|sturmkitten69arman136821    
|uhtml|bestof|Game 2 of a best-of-3
|t:|1782274154
|gametype|doubles
|player|p1|sturmkitten69|fisherman-gen4|1118
|player|p2|arman136821|steven|1101
|gen|9
|tier|[Gen 9 Champions] VGC 2026 Reg M-B (Bo3)
|rated|
|rule|Species Clause: Limit one of each Pokémon
|rule|Item Clause: Limit 1 of each item
|clearpoke
|poke|p1|Charizard, L50, F|
|poke|p1|Weavile, L50, F|
|poke|p1|Whimsicott, L50, F|
|poke|p1|Rotom-Wash, L50|
|poke|p1|Venusaur, L50, F|
|poke|p1|Kingambit, L50, F|
|poke|p2|Swampert, L50, F|
|poke|p2|Pelipper, L50, F|
|poke|p2|Sableye, L50, M|
|poke|p2|Archaludon, L50, F|
|poke|p2|Sinistcha, L50|
|poke|p2|Froslass, L50, F|
|teampreview|4
|showteam|p1|Charizard||CharizarditeY|Blaze|HeatWave,SolarBeam,WeatherBall,Protect|Modest||F|||50|]Weavile||FocusSash|Pressure|FakeOut,IcicleCrash,Protect,KnockOff|Adamant||F|||50|]Whimsicott||FairyFeather|Prankster|Moonblast,Tailwind,Encore,Protect|Timid||F|||50|]Rotom-Wash||ChoiceScarf|Levitate|Thunderbolt,HydroPump,WillOWisp,VoltSwitch|Timid|||||50|]Venusaur||LifeOrb|Chlorophyll|SludgeBomb,Protect,SleepPowder,GigaDrain|Modest||F|||50|]Kingambit||BlackGlasses|Defiant|KowtowCleave,SuckerPunch,Protect,IronHead|Adamant||F|||50|
|showteam|p2|Swampert||Swampertite|Torrent|Liquidation,Earthquake,IcePunch,RockSlide|Adamant||F|||50|]Pelipper||SitrusBerry|Drizzle|Tailwind,Hurricane,WeatherBall,WideGuard|Modest||F|||50|]Sableye||LightClay|Prankster|RainDance,Reflect,LightScreen,FoulPlay|Careful||M|||50|]Archaludon||Leftovers|Stamina|ElectroShot,AuraSphere,DracoMeteor,FlashCannon|Modest||F|||50|]Sinistcha||KasibBerry|Hospitality|MatchaGotcha,Scald,ShadowBall,Protect|Modest|||||50|]Froslass||Froslassite|SnowCloak|Blizzard,Psychic,ShadowBall,AuroraVeil|Modest||F|||50|
|inactive|Battle timer is ON: inactive players will automatically lose when time's up. (requested by arman136821)
|inactive|sturmkitten69 has 60 seconds left.
|
|t:|1782274188
|teamsize|p1|4
|teamsize|p2|4
|start
|switch|p1a: Charizard|Charizard, L50, F|100/100
|switch|p1b: Whimsicott|Whimsicott, L50, F|100/100
|switch|p2a: Archaludon|Archaludon, L50, F|100/100
|switch|p2b: Pelipper|Pelipper, L50, F|100/100
|-weather|RainDance|[from] ability: Drizzle|[of] p2b: Pelipper
|turn|1
|inactive|sturmkitten69 has 30 seconds left.
|
|t:|1782274215
|detailschange|p1a: Charizard|Charizard-Mega-Y, L50, F
|-mega|p1a: Charizard|Charizard|Charizardite Y
|-weather|SunnyDay|[from] ability: Drought|[of] p1a: Charizard
|move|p2b: Pelipper|Wide Guard|p2b: Pelipper
|-singleturn|p2b: Pelipper|Wide Guard
|move|p1b: Whimsicott|Moonblast|p2b: Pelipper
|-damage|p2b: Pelipper|36/100
|-enditem|p2b: Pelipper|Sitrus Berry|[eat]
|-heal|p2b: Pelipper|61/100|[from] item: Sitrus Berry
|move|p1a: Charizard|Weather Ball|p2a: Archaludon
|-damage|p2a: Archaludon|0 fnt
|faint|p2a: Archaludon
|
|-weather|SunnyDay|[upkeep]
|upkeep
|
|t:|1782274232
|switch|p2a: Sableye|Sableye, L50, M|100/100
|turn|2
|
|t:|1782274248
|move|p2a: Sableye|Rain Dance|p2a: Sableye
|-weather|RainDance
|move|p1b: Whimsicott|Moonblast|p2a: Sableye
|-supereffective|p2a: Sableye|1
|-damage|p2a: Sableye|0 fnt
|faint|p2a: Sableye
|move|p1a: Charizard|Weather Ball|p2b: Pelipper
|-resisted|p2b: Pelipper|1
|-damage|p2b: Pelipper|20/100y
|move|p2b: Pelipper|Hurricane|p1b: Whimsicott
|-supereffective|p1b: Whimsicott|1
|-damage|p1b: Whimsicott|0 fnt
|faint|p1b: Whimsicott
|
|-weather|RainDance|[upkeep]
|upkeep
|
|t:|1782274263
|switch|p1b: Venusaur|Venusaur, L50, F|100/100
|switch|p2a: Swampert|Swampert, L50, F|100/100
|turn|3
|
|t:|1782274274
|switch|p1a: Kingambit|Kingambit, L50, F|100/100
|detailschange|p2a: Swampert|Swampert-Mega, L50, F
|-mega|p2a: Swampert|Swampert|Swampertite
|move|p1b: Venusaur|Protect|p1b: Venusaur
|-singleturn|p1b: Venusaur|Protect
|move|p2a: Swampert|Ice Punch|p1b: Venusaur
|-activate|p1b: Venusaur|move: Protect
|move|p2b: Pelipper|Hurricane|p1a: Kingambit
|-resisted|p1a: Kingambit|1
|-damage|p1a: Kingambit|74/100
|
|-weather|RainDance|[upkeep]
|upkeep
|turn|4
|
|t:|1782274295
|switch|p1b: Charizard|Charizard-Mega-Y, L50, F|100/100
|-weather|SunnyDay|[from] ability: Drought|[of] p1b: Charizard
|move|p1a: Kingambit|Sucker Punch|p2b: Pelipper
|-damage|p2b: Pelipper|0 fnt
|faint|p2b: Pelipper
|move|p2a: Swampert|Rock Slide|p1b: Charizard|[spread] p1a,p1b
|-resisted|p1a: Kingambit|1
|-supereffective|p1b: Charizard|2
|-damage|p1a: Kingambit|65/100
|-damage|p1b: Charizard|0 fnt
|faint|p1b: Charizard
|
|-weather|SunnyDay|[upkeep]
|upkeep
|
|t:|1782274306
|switch|p1b: Venusaur|Venusaur, L50, F|100/100
|turn|5
|
|t:|1782274317
|move|p1a: Kingambit|Sucker Punch|p2a: Swampert
|-damage|p2a: Swampert|53/100
|move|p1b: Venusaur|Sleep Powder|p2a: Swampert|[miss]
|-miss|p1b: Venusaur|p2a: Swampert
|move|p2a: Swampert|Ice Punch|p1b: Venusaur
|-supereffective|p1b: Venusaur|1
|-damage|p1b: Venusaur|27/100
|
|-weather|SunnyDay|[upkeep]
|upkeep
|turn|6
|
|t:|1782274331
|move|p1b: Venusaur|Giga Drain|p2a: Swampert
|-supereffective|p2a: Swampert|2
|-damage|p2a: Swampert|0 fnt
|-heal|p1b: Venusaur|54/100|[from] drain|[of] p2a: Swampert
|faint|p2a: Swampert
|-damage|p1b: Venusaur|44/100|[from] item: Life Orb
|
|win|sturmkitten69
|raw|sturmkitten69's rating: 1118 → 1142(+24 for winning)
|raw|arman136821's rating: 1101 → 1077(-24 for losing)
