|j|☆tiagoballed
|j|☆jonen
|html|tiagoballedjonen    
|uhtml|bestof|Game 3 of a best-of-3
|t:|1756920769
|gametype|doubles
|player|p1|tiagoballed|pokemaniac|
|player|p2|jonen|ruinmaniac-gen3|
|gen|9
|tier|[Gen 9] VGC 2025 Reg H (Bo3)
|rule|Species Clause: Limit one of each Pokémon
|rule|Item Clause: Limit 1 of each item
|clearpoke
|poke|p1|Indeedee, L50, M|
|poke|p1|Archaludon, L50, M|
|poke|p1|Ursaluna, L50, M|
|poke|p1|Sinistcha, L50|
|poke|p1|Incineroar, L50, F|
|poke|p1|Politoed, L50, M|
|poke|p2|Garchomp, L50, M|
|poke|p2|Weezing-Galar, L50, M|
|poke|p2|Archaludon, L50, F|
|poke|p2|Gholdengo, L50|
|poke|p2|Talonflame, L50, F|
|poke|p2|Annihilape, L50, M|
|teampreview|4
|showteam|p1|Indeedee||ChoiceScarf|PsychicSurge|ExpandingForce,DazzlingGleam,Trick,AfterYou|||M|||50|,,,,,Fairy]Archaludon||AssaultVest|Stamina|TeraBlast,ElectroShot,DracoMeteor,BodyPress|||M|||50|,,,,,Flying]Ursaluna||FlameOrb|Guts|Earthquake,Facade,HeadlongRush,Protect|||M|||50|,,,,,Ghost]Sinistcha||SitrusBerry|Hospitality|MatchaGotcha,Scald,TrickRoom,RagePowder||||||50|,,,,,Water]Incineroar||RockyHelmet|Intimidate|FakeOut,KnockOff,Taunt,PartingShot|||F|||50|,,,,,Bug]Politoed||MysticWater|Drizzle|MuddyWater,WeatherBall,Hypnosis,Protect|||M|||50|,,,,,Grass
|showteam|p2|Garchomp||LifeOrb|RoughSkin|DragonClaw,Earthquake,StompingTantrum,Protect|||M|||50|,,,,,Ground]Weezing-Galar||FocusSash|NeutralizingGas|Protect,SludgeBomb,Taunt,StrangeSteam|||M|||50|,,,,,Flying]Archaludon||PowerHerb|Sturdy|ElectroShot,Thunderbolt,DracoMeteor,Protect|||F|||50|,,,,,Electric]Gholdengo||ChoiceSpecs|GoodasGold|ShadowBall,DazzlingGleam,PowerGem,MakeItRain||||||50|,,,,,Fairy]Talonflame||CovertCloak|GaleWings|Tailwind,DualWingbeat,UpperHand,FlareBlitz|||F|||50|,,,,,Fairy]Annihilape||AssaultVest|Defiant|CloseCombat,RageFist,FinalGambit,IcePunch|||M|||50|,,,,,Grass
|j| roman_legend
|l| roman_legend
|
|t:|1756920800
|teamsize|p1|4
|teamsize|p2|4
|start
|switch|p1a: Ursaluna|Ursaluna, L50, M|100/100
|switch|p1b: Indeedee|Indeedee, L50, M|100/100
|switch|p2a: Talonflame|Talonflame, L50, F|100/100
|switch|p2b: Annihilape|Annihilape, L50, M|100/100
|-fieldstart|move: Psychic Terrain|[from] ability: Psychic Surge|[of] p1b: Indeedee
|turn|1
|
|t:|1756920826
|switch|p1b: Sinistcha|Sinistcha, L50|100/100
|-terastallize|p2b: Annihilape|Grass
|move|p2a: Talonflame|Tailwind|p2a: Talonflame
|-sidestart|p2: jonen|move: Tailwind
|move|p2b: Annihilape|Close Combat|p1b: Sinistcha
|-immune|p1b: Sinistcha
|move|p1a: Ursaluna|Headlong Rush|p2b: Annihilape
|-resisted|p2b: Annihilape
|-damage|p2b: Annihilape|59/100
|-unboost|p1a: Ursaluna|def|1
|-unboost|p1a: Ursaluna|spd|1
|
|-status|p1a: Ursaluna|brn|[from] item: Flame Orb
|upkeep
|turn|2
|
|t:|1756920897
|-terastallize|p1b: Sinistcha|Water
|move|p2a: Talonflame|Dual Wingbeat|p1b: Sinistcha
|-activate|p1b: Sinistcha|move: Psychic Terrain
|move|p2b: Annihilape|Close Combat|p1b: Sinistcha
|-damage|p1b: Sinistcha|52/100
|-unboost|p2b: Annihilape|def|1
|-unboost|p2b: Annihilape|spd|1
|move|p1b: Sinistcha|Scald|p2b: Annihilape
|-resisted|p2b: Annihilape
|-crit|p2b: Annihilape
|-damage|p2b: Annihilape|36/100
|move|p1a: Ursaluna|Facade|p2a: Talonflame
|-damage|p2a: Talonflame|0 fnt
|faint|p2a: Talonflame
|
|-damage|p1a: Ursaluna|95/100 brn|[from] brn
|upkeep
|
|t:|1756920906
|switch|p2a: Garchomp|Garchomp, L50, M|100/100
|turn|3
|
|t:|1756920954
|move|p1a: Ursaluna|Protect|p1a: Ursaluna
|-singleturn|p1a: Ursaluna|Protect
|move|p2a: Garchomp|Dragon Claw|p1b: Sinistcha
|-damage|p1b: Sinistcha|7/100
|-enditem|p1b: Sinistcha|Sitrus Berry|[eat]
|-heal|p1b: Sinistcha|32/100|[from] item: Sitrus Berry
|-damage|p2a: Garchomp|91/100|[from] item: Life Orb
|move|p2b: Annihilape|Close Combat|p1a: Ursaluna
|-activate|p1a: Ursaluna|move: Protect
|move|p1b: Sinistcha|Scald|p2a: Garchomp
|-damage|p2a: Garchomp|51/100
|
|-damage|p1a: Ursaluna|89/100 brn|[from] brn
|upkeep
|turn|4
|
|t:|1756921004
|move|p1b: Sinistcha|Rage Powder|p1b: Sinistcha
|-singleturn|p1b: Sinistcha|move: Rage Powder
|move|p2a: Garchomp|Dragon Claw|p1b: Sinistcha
|-damage|p1b: Sinistcha|0 fnt
|faint|p1b: Sinistcha
|-damage|p2a: Garchomp|41/100|[from] item: Life Orb
|move|p2b: Annihilape|Close Combat|p1a: Ursaluna
|-supereffective|p1a: Ursaluna
|-damage|p1a: Ursaluna|0 fnt
|-unboost|p2b: Annihilape|def|1
|-unboost|p2b: Annihilape|spd|1
|faint|p1a: Ursaluna
|
|-sideend|p2: jonen|move: Tailwind
|upkeep
|
|t:|1756921016
|switch|p1b: Politoed|Politoed, L50, M|100/100
|switch|p1a: Indeedee|Indeedee, L50, M|100/100
|-weather|RainDance|[from] ability: Drizzle|[of] p1b: Politoed
|turn|5
|
|t:|1756921058
|switch|p2b: Weezing|Weezing-Galar, L50, M|100/100
|-ability|p2b: Weezing|Neutralizing Gas
|move|p2a: Garchomp|Protect|p2a: Garchomp
|-singleturn|p2a: Garchomp|Protect
|move|p1a: Indeedee|Expanding Force|p2a: Garchomp|[spread] p2b
|-activate|p2a: Garchomp|move: Protect
|-supereffective|p2b: Weezing
|-enditem|p2b: Weezing|Focus Sash
|-damage|p2b: Weezing|1/100
|move|p1b: Politoed|Muddy Water|p2b: Weezing|[spread] p2b
|-activate|p2a: Garchomp|move: Protect
|-damage|p2b: Weezing|0 fnt
|faint|p2b: Weezing
|-end|p2b: Weezing|ability: Neutralizing Gas
|
|-weather|RainDance|[upkeep]
|-fieldend|move: Psychic Terrain
|upkeep
|
|t:|1756921069
|switch|p2b: Annihilape|Annihilape, L50, M, tera:Grass|36/100
|turn|6
|
|t:|1756921100
|move|p1a: Indeedee|Expanding Force|p2b: Annihilape
|-damage|p2b: Annihilape|8/100
|move|p2a: Garchomp|Dragon Claw|p1a: Indeedee
|-damage|p1a: Indeedee|0 fnt
|faint|p1a: Indeedee
|-damage|p2a: Garchomp|32/100|[from] item: Life Orb
|move|p2b: Annihilape|Close Combat|p1b: Politoed
|-damage|p1b: Politoed|44/100
|-unboost|p2b: Annihilape|def|1
|-unboost|p2b: Annihilape|spd|1
|move|p1b: Politoed|Muddy Water|p2b: Annihilape|[spread] p2a,p2b
|-resisted|p2b: Annihilape
|-damage|p2a: Garchomp|0 fnt
|-damage|p2b: Annihilape|0 fnt
|faint|p2a: Garchomp
|faint|p2b: Annihilape
|
|win|tiagoballed
