|j|☆DrDooginbun
|j|☆Misaple
|html|DrDooginbunMisaple    
|uhtml|bestof|Game 2 of a best-of-3
|t:|1785475507
|gametype|doubles
|player|p1|DrDooginbun|102|
|player|p2|Misaple|pilot|
|gen|9
|tier|[Gen 9 Champions] VGC 2026 Reg M-B (Bo3)
|rule|Species Clause: Limit one of each Pokémon
|rule|Item Clause: Limit 1 of each item
|clearpoke
|poke|p1|Pelipper, L50, M|
|poke|p1|Archaludon, L50, M|
|poke|p1|Basculegion, L50, M|
|poke|p1|Dragonite, L50, M, shiny|
|poke|p1|Toxapex, L50, M, shiny|
|poke|p1|Charizard, L50, M, shiny|
|poke|p2|Camerupt, L50, F|
|poke|p2|Mawile, L50, F|
|poke|p2|Farigiraf, L50, F|
|poke|p2|Mimikyu, L50, M|
|poke|p2|Araquanid, L50, M|
|poke|p2|Vileplume, L50, F|
|teampreview|4
|showteam|p1|Pelipper||DampRock|Drizzle|Tailwind,Uturn,Protect,Hurricane|Calm||M|||50|]Archaludon||Leftovers|Stamina|ElectroShot,DracoMeteor,AuraSphere,Protect|Modest||M|||50|]Basculegion||LifeOrb|SwiftSwim|WaveCrash,FlipTurn,LastRespects,PsychicFangs|Careful||M|||50|]Dragonite||Dragoninite|Multiscale|Hurricane,Thunder,DracoMeteor,Protect|Bold||M|||50|]Toxapex||SitrusBerry|Merciless|BanefulBunker,ToxicSpikes,SludgeWave,Recover|Calm||M|||50|]Charizard||ChoiceScarf|Blaze|WillOWisp,Protect,WeatherBall,Hurricane|Modest||M|||50|
|showteam|p2|Camerupt||Cameruptite|SolidRock|HeatWave,EarthPower,AncientPower,Protect|Quiet||F|||50|]Mawile||Mawilite|Intimidate|PlayRough,IronHead,Protect,SuckerPunch|Brave||F|||50|]Farigiraf||MentalHerb|ArmorTail|TrickRoom,HelpingHand,PsychicNoise,Protect|Sassy||F|||50|]Mimikyu||SpellTag|Disguise|TrickRoom,PlayRough,ShadowSneak,Taunt|Brave||M|||50|]Araquanid||SitrusBerry|WaterAbsorb|Entrainment,Liquidation,WideGuard,Protect|Brave||M|||50|]Vileplume||FocusSash|EffectSpore|SleepPowder,SludgeBomb,GigaDrain,Protect|Quiet||F|||50|
|
|t:|1785475522
|teamsize|p1|4
|teamsize|p2|4
|start
|switch|p1a: Pelipper|Pelipper, L50, M|100/100
|switch|p1b: Archaludon|Archaludon, L50, M|100/100
|switch|p2a: Mimikyu|Mimikyu, L50, M|100/100
|switch|p2b: Vileplume|Vileplume, L50, F|100/100
|-weather|RainDance|[from] ability: Drizzle|[of] p1a: Pelipper
|turn|1
|
|t:|1785475594
|move|p1b: Archaludon|Protect|p1b: Archaludon
|-singleturn|p1b: Archaludon|Protect
|move|p2b: Vileplume|Protect|p2b: Vileplume
|-singleturn|p2b: Vileplume|Protect
|move|p1a: Pelipper|Hurricane|p2a: Mimikyu
|-activate|p2a: Mimikyu|ability: Disguise
|-damage|p2a: Mimikyu|100/100
|-start|p2a: Mimikyu|confusion
|detailschange|p2a: Mimikyu|Mimikyu-Busted, L50, M
|-damage|p2a: Mimikyu|87/100|[from] pokemon: Mimikyu-Busted
|-activate|p2a: Mimikyu|confusion
|-damage|p2a: Mimikyu|72/100|[from] confusion
|
|-weather|RainDance|[upkeep]
|upkeep
|turn|2
|
|t:|1785475615
|move|p1b: Archaludon|Electro Shot||[still]
|-prepare|p1b: Archaludon|Electro Shot
|-boost|p1b: Archaludon|spa|1
|-anim|p1b: Archaludon|Electro Shot|p2a: Mimikyu
|-damage|p2a: Mimikyu|1/100
|-activate|p2a: Mimikyu|confusion
|-damage|p2a: Mimikyu|0 fnt|[from] confusion
|faint|p2a: Mimikyu
|move|p1a: Pelipper|Hurricane|p2b: Vileplume
|-supereffective|p2b: Vileplume|1
|-damage|p2b: Vileplume|19/100
|move|p2b: Vileplume|Sleep Powder|p1b: Archaludon
|-status|p1b: Archaludon|slp|[from] move: Sleep Powder
|
|-weather|RainDance|[upkeep]
|upkeep
|
|t:|1785475628
|switch|p2a: Araquanid|Araquanid, L50, M|100/100
|turn|3
|
|t:|1785475658
|move|p1a: Pelipper|Protect|p1a: Pelipper
|-singleturn|p1a: Pelipper|Protect
|cant|p1b: Archaludon|slp
|move|p2b: Vileplume|Giga Drain|p1a: Pelipper
|-activate|p1a: Pelipper|move: Protect
|move|p2a: Araquanid|Liquidation|p1a: Pelipper
|-activate|p1a: Pelipper|move: Protect
|
|-weather|RainDance|[upkeep]
|upkeep
|turn|4
|
|t:|1785475678
|switch|p1b: Dragonite|Dragonite, L50, M, shiny|100/100
|move|p1a: Pelipper|Hurricane|p2b: Vileplume
|-supereffective|p2b: Vileplume|1
|-damage|p2b: Vileplume|0 fnt
|faint|p2b: Vileplume
|move|p2a: Araquanid|Liquidation|p1a: Pelipper
|-resisted|p1a: Pelipper|1
|-damage|p1a: Pelipper|71/100
|
|-weather|RainDance|[upkeep]
|upkeep
|
|t:|1785475688
|switch|p2b: Camerupt|Camerupt, L50, F|100/100
|turn|5
|
|t:|1785475722
|detailschange|p1b: Dragonite|Dragonite-Mega, L50, M, shiny
|-mega|p1b: Dragonite|Dragonite|Dragoninite
|detailschange|p2b: Camerupt|Camerupt-Mega, L50, F
|-mega|p2b: Camerupt|Camerupt|Cameruptite
|move|p2b: Camerupt|Protect|p2b: Camerupt
|-singleturn|p2b: Camerupt|Protect
|move|p2a: Araquanid|Wide Guard|p2a: Araquanid
|-singleturn|p2a: Araquanid|Wide Guard
|move|p1b: Dragonite|Hurricane|p2b: Camerupt
|-activate|p2b: Camerupt|move: Protect
|move|p1a: Pelipper|Hurricane|p2a: Araquanid
|-supereffective|p2a: Araquanid|1
|-damage|p2a: Araquanid|41/100
|-enditem|p2a: Araquanid|Sitrus Berry|[eat]
|-heal|p2a: Araquanid|66/100|[from] item: Sitrus Berry
|
|-weather|RainDance|[upkeep]
|upkeep
|turn|6
|
|t:|1785475752
|move|p1a: Pelipper|Protect|p1a: Pelipper
|-singleturn|p1a: Pelipper|Protect
|move|p1b: Dragonite|Hurricane|p2a: Araquanid
|-supereffective|p2a: Araquanid|1
|-damage|p2a: Araquanid|0 fnt
|faint|p2a: Araquanid
|move|p2b: Camerupt|Ancient Power|p1a: Pelipper
|-activate|p1a: Pelipper|move: Protect
|
|-weather|RainDance|[upkeep]
|upkeep
|turn|7
|
|t:|1785475764
|move|p1b: Dragonite|Draco Meteor|p2b: Camerupt
|-damage|p2b: Camerupt|35/100
|-unboost|p1b: Dragonite|spa|2
|move|p1a: Pelipper|Hurricane|p2b: Camerupt
|-damage|p2b: Camerupt|0 fnt
|faint|p2b: Camerupt
|
|win|DrDooginbun
