|j|☆MetaknightXIII
|j|☆Cristante terabug
|html|MetaknightXIIICristante terabug    
|uhtml|bestof|Game 2 of a best-of-3
|t:|1756243336
|gametype|doubles
|player|p1|MetaknightXIII|veteran|1103
|player|p2|Cristante terabug|kieran-champion|1176
|gen|9
|tier|[Gen 9] VGC 2025 Reg H (Bo3)
|rated|
|rule|Species Clause: Limit one of each Pokémon
|rule|Item Clause: Limit 1 of each item
|clearpoke
|poke|p1|Kingdra, L50, M|
|poke|p1|Politoed, L50, F|
|poke|p1|Gothitelle, L50, F|
|poke|p1|Incineroar, L50, M|
|poke|p1|Amoonguss, L50, F|
|poke|p1|Archaludon, L50, M|
|poke|p2|Sneasler, L50, M|
|poke|p2|Gholdengo, L50|
|poke|p2|Rillaboom, L50, M|
|poke|p2|Kommo-o, L50, F|
|poke|p2|Ninetales-Alola, L50, M|
|poke|p2|Basculegion, L50, M|
|teampreview|4
|showteam|p1|Kingdra||LifeOrb|SwiftSwim|WeatherBall,MuddyWater,DracoMeteor,Protect|||M|||50|,,,,,Stellar]Politoed||Leftovers|Drizzle|WeatherBall,PerishSong,Encore,Protect|||F|||50|,,,,,Grass]Gothitelle||SitrusBerry|ShadowTag|FakeOut,Psychic,TrickRoom,Protect|||F|||50|,,,,,Dark]Incineroar||SafetyGoggles|Intimidate|FakeOut,KnockOff,PartingShot,Protect|||M|||50|,,,,,Ghost]Amoonguss||EjectButton|Regenerator|Spore,RagePowder,PollenPuff,Protect|||F|||50|,,,,,Fairy]Archaludon||PowerHerb|Sturdy|ElectroShot,FlashCannon,DragonPulse,Protect|||M|||50|,,,,,Electric
|showteam|p2|Sneasler||GrassySeed|Unburden|CloseCombat,DireClaw,Coaching,Protect|||M|||50|,,,,,Stellar]Gholdengo||LifeOrb|GoodasGold|MakeItRain,NastyPlot,Protect,ShadowBall||||||50|,,,,,Water]Rillaboom||AssaultVest|GrassySurge|FakeOut,GrassyGlide,DrumBeating,HighHorsepower|||M|||50|,,,,,Fire]Kommo-o||Leftovers|Overcoat|BodyPress,IronDefense,Flamethrower,Protect|||F|||50|,,,,,Fire]Ninetales-Alola||FocusSash|SnowWarning|Blizzard,AuroraVeil,Encore,Protect|||M|||50|,,,,,Water]Basculegion||ChoiceScarf|Adaptability|WaveCrash,LastRespects,FlipTurn,TeraBlast|||M|||50|,,,,,Fighting
|inactive|Battle timer is ON: inactive players will automatically lose when time's up. (requested by Cristante terabug)
|inactive|MetaknightXIII has 60 seconds left.
|inactive|Cristante terabug has 60 seconds left.
|inactive|MetaknightXIII has 30 seconds left.
|
|t:|1756243411
|teamsize|p1|4
|teamsize|p2|4
|start
|switch|p1a: Incineroar|Incineroar, L50, M|100/100
|switch|p1b: Politoed|Politoed, L50, F|100/100
|switch|p2a: Basculegion|Basculegion, L50, M|100/100
|switch|p2b: Gholdengo|Gholdengo, L50|100/100
|-weather|RainDance|[from] ability: Drizzle|[of] p1b: Politoed
|-ability|p1a: Incineroar|Intimidate|boost
|-unboost|p2a: Basculegion|atk|1
|-unboost|p2b: Gholdengo|atk|1
|turn|1
|inactive|MetaknightXIII has 30 seconds left.
|inactive|Cristante terabug has 30 seconds left.
|
|t:|1756243443
|-terastallize|p1a: Incineroar|Ghost
|move|p2a: Basculegion|Flip Turn|p1a: Incineroar
|-damage|p1a: Incineroar|59/100
|
|t:|1756243449
|switch|p2a: Sneasler|Sneasler, L50, M|100/100|[from] Flip Turn
|move|p2b: Gholdengo|Shadow Ball|p1a: Incineroar
|-supereffective|p1a: Incineroar
|-damage|p1a: Incineroar|0 fnt
|faint|p1a: Incineroar
|-damage|p2b: Gholdengo|91/100|[from] item: Life Orb
|move|p1b: Politoed|Weather Ball|p2b: Gholdengo
|-damage|p2b: Gholdengo|36/100
|
|-weather|RainDance|[upkeep]
|upkeep
|
|t:|1756243458
|switch|p1a: Archaludon|Archaludon, L50, M|100/100
|turn|2
|
|t:|1756243475
|-terastallize|p2a: Sneasler|Stellar
|move|p2a: Sneasler|Close Combat|p1a: Archaludon
|-supereffective|p1a: Archaludon
|-ability|p1a: Archaludon|Sturdy
|-damage|p1a: Archaludon|1/100
|-unboost|p2a: Sneasler|def|1
|-unboost|p2a: Sneasler|spd|1
|move|p1a: Archaludon|Electro Shot||[still]
|-prepare|p1a: Archaludon|Electro Shot
|-boost|p1a: Archaludon|spa|1
|-anim|p1a: Archaludon|Electro Shot|p2b: Gholdengo
|-damage|p2b: Gholdengo|0 fnt
|faint|p2b: Gholdengo
|move|p1b: Politoed|Weather Ball|p2a: Sneasler
|-damage|p2a: Sneasler|8/100
|
|-weather|RainDance|[upkeep]
|upkeep
|
|t:|1756243489
|switch|p2b: Rillaboom|Rillaboom, L50, M|100/100
|-fieldstart|move: Grassy Terrain|[from] ability: Grassy Surge|[of] p2b: Rillaboom
|-enditem|p2a: Sneasler|Grassy Seed
|-boost|p2a: Sneasler|def|1|[from] item: Grassy Seed
|turn|3
|
|t:|1756243500
|switch|p1a: Gothitelle|Gothitelle, L50, F|100/100
|move|p1b: Politoed|Protect|p1b: Politoed
|-singleturn|p1b: Politoed|Protect
|move|p2a: Sneasler|Close Combat|p1b: Politoed
|-activate|p1b: Politoed|move: Protect
|move|p2b: Rillaboom|Drum Beating|p1b: Politoed
|-activate|p1b: Politoed|move: Protect
|
|-weather|RainDance|[upkeep]
|-heal|p2a: Sneasler|14/100|[from] Grassy Terrain
|upkeep
|turn|4
|
|t:|1756243528
|move|p2a: Sneasler|Protect|p2a: Sneasler
|-singleturn|p2a: Sneasler|Protect
|move|p1a: Gothitelle|Fake Out|p2b: Rillaboom
|-damage|p2b: Rillaboom|94/100
|cant|p2b: Rillaboom|flinch
|move|p1b: Politoed|Weather Ball|p2a: Sneasler
|-activate|p2a: Sneasler|move: Protect
|
|-weather|RainDance|[upkeep]
|-heal|p2a: Sneasler|19/100|[from] Grassy Terrain
|-heal|p2b: Rillaboom|99/100|[from] Grassy Terrain
|upkeep
|turn|5
|
|t:|1756243545
|move|p1b: Politoed|Protect|p1b: Politoed
|-singleturn|p1b: Politoed|Protect
|move|p2a: Sneasler|Dire Claw|p1a: Gothitelle
|-damage|p1a: Gothitelle|43/100
|-status|p1a: Gothitelle|par
|-enditem|p1a: Gothitelle|Sitrus Berry|[eat]
|-heal|p1a: Gothitelle|68/100 par|[from] item: Sitrus Berry
|move|p2b: Rillaboom|Drum Beating|p1b: Politoed
|-activate|p1b: Politoed|move: Protect
|move|p1a: Gothitelle|Trick Room|p1a: Gothitelle
|-fieldstart|move: Trick Room|[of] p1a: Gothitelle
|
|-weather|none
|-heal|p1a: Gothitelle|74/100 par|[from] Grassy Terrain
|-heal|p2b: Rillaboom|100/100|[from] Grassy Terrain
|-heal|p2a: Sneasler|25/100|[from] Grassy Terrain
|upkeep
|turn|6
|inactive|MetaknightXIII has 30 seconds left.
|inactive|MetaknightXIII has 20 seconds left.
|inactive|MetaknightXIII has 15 seconds left.
|inactive|MetaknightXIII has 10 seconds left.
|
|t:|1756243593
|move|p1b: Politoed|Protect||[still]
|-fail|p1b: Politoed
|move|p1a: Gothitelle|Psychic|p2a: Sneasler
|-supereffective|p2a: Sneasler
|-damage|p2a: Sneasler|0 fnt
|faint|p2a: Sneasler
|move|p2b: Rillaboom|Drum Beating|p1b: Politoed
|-supereffective|p1b: Politoed
|-damage|p1b: Politoed|0 fnt
|faint|p1b: Politoed
|
|-heal|p1a: Gothitelle|80/100 par|[from] Grassy Terrain
|upkeep
|
|t:|1756243608
|switch|p1b: Archaludon|Archaludon, L50, M|1/100
|switch|p2a: Basculegion|Basculegion, L50, M|100/100
|turn|7
|-message|MetaknightXIII forfeited.
|
|win|Cristante terabug
|l|☆MetaknightXIII
|player|p1|
||MetaknightXIII is ready for game 3.
