|j|☆AuroraTime64
|j|☆chrisrpm
|html|AuroraTime64chrisrpm    
|uhtml|bestof|Game 1 of a best-of-3
|t:|1784935185
|gametype|doubles
|player|p1|AuroraTime64|dawn-gen4pt|
|player|p2|chrisrpm|n|
|gen|9
|tier|[Gen 9 Champions] VGC 2026 Reg M-B (Bo3)
|rule|Species Clause: Limit one of each Pokémon
|rule|Item Clause: Limit 1 of each item
|clearpoke
|poke|p1|Sylveon, L50, F|
|poke|p1|Roserade, L50, M|
|poke|p1|Meowstic, L50, M|
|poke|p1|Starmie, L50|
|poke|p1|Ariados, L50, M|
|poke|p1|Blaziken, L50, F|
|poke|p2|Pelipper, L50, M|
|poke|p2|Swampert, L50, M|
|poke|p2|Raichu-Alola, L50, F|
|poke|p2|Zoroark-Hisui, L50, M, shiny|
|poke|p2|Lopunny, L50, F|
|poke|p2|Noivern, L50, M|
|teampreview|4
|showteam|p1|Sylveon||FairyFeather|Pixilate|HyperVoice,Moonblast,QuickAttack,Detect|Modest||F|||50|]Roserade||ChoiceScarf|PoisonPoint|LeafStorm,EnergyBall,SludgeBomb,SleepPowder|Bold||M|||50|]Meowstic||LightClay|Prankster|SunnyDay,FakeOut,Reflect,LightScreen|Bold||M|||50|]Starmie||MiracleSeed|NaturalCure|FlashCannon,GrassKnot,Thunder,Protect|Modest|||||50|]Ariados||SitrusBerry|Insomnia|KnockOff,FirstImpression,RagePowder,StringShot|Impish||M|||50|]Blaziken||Blazikenite|SpeedBoost|BlazeKick,BrickBreak,RockSlide,Detect|Adamant||F|||50|
|showteam|p2|Pelipper||DampRock|Drizzle|Hurricane,Uturn,Tailwind,WideGuard|Modest||M|||50|]Swampert||Swampertite|Torrent|WaveCrash,IcePunch,Earthquake,Protect|Adamant||M|||50|]Raichu-Alola||LifeOrb|SurgeSurfer|Discharge,FakeOut,Encore,Protect|Modest||F|||50|]Zoroark-Hisui||FocusSash|Illusion|IcyWind,BitterMalice,HyperVoice,Protect|Timid||M|||50|]Lopunny||Leftovers|CuteCharm|TripleAxel,CloseCombat,SwordsDance,Protect|Adamant||F|||50|]Noivern||ChoiceScarf|Telepathy|DracoMeteor,AirSlash,Uturn,Tailwind|Timid||M|||50|
|c|☆chrisrpm|gl hf
|
|t:|1784935316
|teamsize|p1|4
|teamsize|p2|4
|start
|switch|p1a: Blueberry|Meowstic, L50, M|100/100
|switch|p1b: RWBY|Roserade, L50, M|100/100
|switch|p2a: Noivern|Noivern, L50, M|100/100
|switch|p2b: Raichu|Raichu-Alola, L50, F|100/100
|turn|1
|
|t:|1784935344
|switch|p1b: Tempest|Sylveon, L50, F|100/100
|move|p2b: Raichu|Fake Out|p1b: Tempest
|-crit|p1b: Tempest
|-damage|p1b: Tempest|83/100
|-damage|p2b: Raichu|90/100|[from] item: Life Orb
|move|p1a: Blueberry|Fake Out|p2a: Noivern
|-crit|p2a: Noivern
|-damage|p2a: Noivern|90/100
|cant|p2a: Noivern|flinch
|
|upkeep
|turn|2
|
|t:|1784935366
|move|p1a: Blueberry|Light Screen|p1a: Blueberry
|-sidestart|p1: AuroraTime64|move: Light Screen
|move|p2a: Noivern|U-turn|p1b: Tempest
|-resisted|p1b: Tempest|1
|-damage|p1b: Tempest|77/100
|
|t:|1784935371
|switch|p2a: Pelipper|Pelipper, L50, M|100/100|[from] U-turn
|-weather|RainDance|[from] ability: Drizzle|[of] p2a: Pelipper
|move|p2b: Raichu|Encore|p1a: Blueberry
|-start|p1a: Blueberry|Encore
|move|p1b: Tempest|Hyper Voice|p2b: Raichu|[spread] p2a,p2b
|-damage|p2a: Pelipper|46/100
|-damage|p2b: Raichu|22/100
|
|-weather|RainDance|[upkeep]
|upkeep
|turn|3
|
|t:|1784935397
|switch|p2a: Swampert|Swampert, L50, M|100/100
|move|p1a: Blueberry|Light Screen||[still]
|-fail|p1a: Blueberry
|move|p2b: Raichu|Discharge|p1a: Blueberry|[spread] p1a,p1b
|-immune|p2a: Swampert
|-damage|p1a: Blueberry|76/100
|-damage|p1b: Tempest|59/100
|-damage|p2b: Raichu|13/100|[from] item: Life Orb
|move|p1b: Tempest|Hyper Voice|p2a: Swampert|[spread] p2a,p2b
|-damage|p2a: Swampert|45/100
|-damage|p2b: Raichu|0 fnt
|faint|p2b: Raichu
|
|-weather|RainDance|[upkeep]
|upkeep
|
|t:|1784935415
|switch|p2b: Noivern|Noivern, L50, M|90/100
|turn|4
|
|t:|1784935426
|switch|p1a: Starman|Starmie, L50|100/100
|detailschange|p2a: Swampert|Swampert-Mega, L50, M
|-mega|p2a: Swampert|Swampert|Swampertite
|move|p2b: Noivern|Air Slash|p1b: Tempest
|-damage|p1b: Tempest|44/100
|move|p2a: Swampert|Earthquake|p1b: Tempest|[spread] p1a,p1b
|-activate|p2b: Noivern|ability: Telepathy
|-damage|p1a: Starman|31/100
|-damage|p1b: Tempest|0 fnt
|faint|p1b: Tempest
|
|-weather|RainDance|[upkeep]
|upkeep
|
|t:|1784935447
|switch|p1b: Blueberry|Meowstic, L50, M|76/100
|turn|5
|
|t:|1784935471
|move|p2a: Swampert|Protect|p2a: Swampert
|-singleturn|p2a: Swampert|Protect
|move|p1b: Blueberry|Fake Out|p2a: Swampert
|-activate|p2a: Swampert|move: Protect
|move|p2b: Noivern|Air Slash|p1a: Starman
|-damage|p1a: Starman|1/100
|move|p1a: Starman|Grass Knot|p2a: Swampert
|-activate|p2a: Swampert|move: Protect
|
|-weather|RainDance|[upkeep]
|upkeep
|turn|6
|
|t:|1784935491
|move|p1a: Starman|Protect|p1a: Starman
|-singleturn|p1a: Starman|Protect
|move|p1b: Blueberry|Reflect|p1b: Blueberry
|-sidestart|p1: AuroraTime64|Reflect
|move|p2b: Noivern|Air Slash|p1b: Blueberry
|-damage|p1b: Blueberry|54/100
|move|p2a: Swampert|Earthquake|p1a: Starman|[spread] p1b
|-activate|p1a: Starman|move: Protect
|-activate|p2b: Noivern|ability: Telepathy
|-damage|p1b: Blueberry|21/100
|
|-weather|RainDance|[upkeep]
|upkeep
|turn|7
|
|t:|1784935513
|move|p1b: Blueberry|Sunny Day|p1b: Blueberry
|-weather|SunnyDay
|move|p2b: Noivern|Air Slash|p1b: Blueberry
|-damage|p1b: Blueberry|1/100
|move|p1a: Starman|Grass Knot|p2a: Swampert
|-supereffective|p2a: Swampert|2
|-crit|p2a: Swampert
|-damage|p2a: Swampert|0 fnt
|faint|p2a: Swampert
|
|-weather|SunnyDay|[upkeep]
|upkeep
|
|t:|1784935522
|switch|p2a: Pelipper|Pelipper, L50, M|46/100
|-weather|RainDance|[from] ability: Drizzle|[of] p2a: Pelipper
|turn|8
|
|t:|1784935543
|move|p1b: Blueberry|Light Screen||[still]
|-fail|p1b: Blueberry
|move|p2b: Noivern|Air Slash|p1b: Blueberry
|-damage|p1b: Blueberry|0 fnt
|faint|p1b: Blueberry
|move|p1a: Starman|Thunder|p2a: Pelipper
|-supereffective|p2a: Pelipper|2
|-damage|p2a: Pelipper|0 fnt
|faint|p2a: Pelipper
|
|-weather|RainDance|[upkeep]
|upkeep
|
|t:|1784935557
|switch|p1b: RWBY|Roserade, L50, M|100/100
|turn|9
|
|t:|1784935578
|move|p2b: Noivern|Air Slash|p1b: RWBY
|-supereffective|p1b: RWBY|1
|-damage|p1b: RWBY|64/100
|move|p1a: Starman|Thunder|p2b: Noivern
|-damage|p2b: Noivern|47/100
|cant|p1b: RWBY|flinch
|
|-weather|RainDance|[upkeep]
|-sideend|p1: AuroraTime64|move: Light Screen
|upkeep
|turn|10
|
|t:|1784935600
|move|p2b: Noivern|Air Slash|p1a: Starman
|-damage|p1a: Starman|0 fnt
|faint|p1a: Starman
|move|p1b: RWBY|Sludge Bomb|p2b: Noivern
|-damage|p2b: Noivern|0 fnt
|faint|p2b: Noivern
|
|win|AuroraTime64
||chrisrpm is ready for game 2.
|inactive|AuroraTime64 has 30 seconds to confirm battle start!
|inactive|AuroraTime64 has 20 seconds to confirm battle start!
||AuroraTime64 is ready for game 2.
|uhtml|next|Next: Game 2 of 3
