|j|☆Escanor_CS
|j|☆CheesyTime
|html|Escanor_CSCheesyTime    
|uhtml|bestof|Game 2 of a best-of-3
|t:|1782472147
|gametype|doubles
|player|p1|Escanor_CS|1|1322
|player|p2|CheesyTime|colress|1222
|gen|9
|tier|[Gen 9 Champions] VGC 2026 Reg M-B (Bo3)
|rated|
|rule|Species Clause: Limit one of each Pokémon
|rule|Item Clause: Limit 1 of each item
|clearpoke
|poke|p1|Kingambit, L50, F|
|poke|p1|Garchomp, L50, F|
|poke|p1|Basculegion, L50, M|
|poke|p1|Charizard, L50, F|
|poke|p1|Farigiraf, L50, F|
|poke|p1|Mawile, L50, F|
|poke|p2|Grimmsnarl, L50, M, shiny|
|poke|p2|Swampert, L50, M|
|poke|p2|Pelipper, L50, M|
|poke|p2|Archaludon, L50, M|
|poke|p2|Sinistcha, L50|
|poke|p2|Metagross, L50|
|teampreview|4
|showteam|p1|Kingambit||FocusSash|Defiant|KowtowCleave,SuckerPunch,Protect,IronHead|Adamant||F|||50|]Garchomp||LifeOrb|RoughSkin|RockSlide,Earthquake,DragonClaw,Protect|Jolly||F|||50|]Basculegion||ChoiceScarf|Adaptability|WaveCrash,LastRespects,AquaJet,FlipTurn|Jolly||M|||50|]Charizard||CharizarditeY|SolarPower|HeatWave,WeatherBall,Protect,SolarBeam|Modest||F|||50|]Farigiraf||SitrusBerry|ArmorTail|Thunderbolt,Psychic,TrickRoom,HelpingHand|Bold||F|||50|]Mawile||Mawilite|Intimidate|PlayRough,SuckerPunch,IronHead,Protect|Brave||F|||50|
|showteam|p2|Grimmsnarl||LightClay|Prankster|FoulPlay,PartingShot,Reflect,LightScreen|Calm||M|||50|]Swampert||Swampertite|Damp|WaveCrash,Earthquake,IcePunch,Protect|Adamant||M|||50|]Pelipper||SitrusBerry|Drizzle|Hurricane,WeatherBall,Tailwind,WideGuard|Modest||M|||50|]Archaludon||Leftovers|Stamina|ElectroShot,DragonPulse,FlashCannon,Protect|Modest||M|||50|]Sinistcha||CobaBerry|Hospitality|MatchaGotcha,RagePowder,TrickRoom,Protect|Relaxed|||||50|]Metagross||Metagrossite|ClearBody|IronHead,PsychicFangs,BodyPress,Protect|Jolly|||||50|
|j| icarus543
|inactive|Battle timer is ON: inactive players will automatically lose when time's up. (requested by Escanor_CS)
|inactive|CheesyTime has 60 seconds left.
|
|t:|1782472191
|teamsize|p1|4
|teamsize|p2|4
|start
|switch|p1a: Charizard|Charizard, L50, F|100/100
|switch|p1b: Farigiraf|Farigiraf, L50, F|100/100
|switch|p2a: Grimmsnarl|Grimmsnarl, L50, M, shiny|100/100
|switch|p2b: Swampert|Swampert, L50, M|100/100
|turn|1
|inactive|Escanor_CS has 30 seconds left.
|
|t:|1782472217
|detailschange|p1a: Charizard|Charizard-Mega-Y, L50, F
|-mega|p1a: Charizard|Charizard|Charizardite Y
|-weather|SunnyDay|[from] ability: Drought|[of] p1a: Charizard
|move|p1b: Farigiraf|Helping Hand|p1a: Charizard
|-singleturn|p1a: Charizard|Helping Hand|[of] p1b: Farigiraf
|move|p2b: Swampert|Protect|p2b: Swampert
|-singleturn|p2b: Swampert|Protect
|move|p2a: Grimmsnarl|Light Screen|p2a: Grimmsnarl
|-sidestart|p2: CheesyTime|move: Light Screen
|move|p1a: Charizard|Weather Ball|p2a: Grimmsnarl
|-damage|p2a: Grimmsnarl|19/100
|
|-weather|SunnyDay|[upkeep]
|upkeep
|turn|2
|
|t:|1782472237
|switch|p1a: Garchomp|Garchomp, L50, F|100/100
|switch|p2a: Pelipper|Pelipper, L50, M|100/100
|-weather|RainDance|[from] ability: Drizzle|[of] p2a: Pelipper
|detailschange|p2b: Swampert|Swampert-Mega, L50, M
|-mega|p2b: Swampert|Swampert|Swampertite
|move|p2b: Swampert|Wave Crash|p1a: Garchomp
|-damage|p1a: Garchomp|0 fnt
|-damage|p2b: Swampert|87/100|[from] ability: Rough Skin|[of] p1a: Garchomp
|faint|p1a: Garchomp
|-damage|p2b: Swampert|55/100|[from] Recoil
|move|p1b: Farigiraf|Thunderbolt|p2a: Pelipper
|-supereffective|p2a: Pelipper|2
|-damage|p2a: Pelipper|21/100
|-enditem|p2a: Pelipper|Sitrus Berry|[eat]
|-heal|p2a: Pelipper|46/100|[from] item: Sitrus Berry
|
|-weather|RainDance|[upkeep]
|upkeep
|
|t:|1782472255
|switch|p1a: Charizard|Charizard-Mega-Y, L50, F|100/100
|-weather|SunnyDay|[from] ability: Drought|[of] p1a: Charizard
|turn|3
|
|t:|1782472267
|switch|p1a: Basculegion|Basculegion, L50, M|100/100
|switch|p2a: Archaludon|Archaludon, L50, M|100/100
|move|p2b: Swampert|Protect|p2b: Swampert
|-singleturn|p2b: Swampert|Protect
|move|p1b: Farigiraf|Thunderbolt|p2a: Archaludon
|-resisted|p2a: Archaludon|1
|-damage|p2a: Archaludon|92/100
|-ability|p2a: Archaludon|Stamina|boost
|-boost|p2a: Archaludon|def|1
|
|-weather|SunnyDay|[upkeep]
|-heal|p2a: Archaludon|98/100|[from] item: Leftovers
|upkeep
|turn|4
|
|t:|1782472290
|switch|p2b: Grimmsnarl|Grimmsnarl, L50, M, shiny|19/100
|move|p1b: Farigiraf|Helping Hand|p1a: Basculegion
|-singleturn|p1a: Basculegion|Helping Hand|[of] p1b: Farigiraf
|move|p1a: Basculegion|Last Respects|p2b: Grimmsnarl
|-resisted|p2b: Grimmsnarl|1
|-damage|p2b: Grimmsnarl|0 fnt
|faint|p2b: Grimmsnarl
|move|p2a: Archaludon|Dragon Pulse|p1a: Basculegion
|-damage|p1a: Basculegion|56/100
|
|-weather|SunnyDay|[upkeep]
|-heal|p2a: Archaludon|100/100|[from] item: Leftovers
|upkeep
|
|t:|1782472305
|switch|p2b: Swampert|Swampert-Mega, L50, M|55/100
|turn|5
|inactive|Escanor_CS has 30 seconds left.
|
|t:|1782472331
|move|p2b: Swampert|Protect|p2b: Swampert
|-singleturn|p2b: Swampert|Protect
|move|p1a: Basculegion|Last Respects|p2b: Swampert
|-activate|p2b: Swampert|move: Protect
|move|p2a: Archaludon|Dragon Pulse|p1a: Basculegion
|-damage|p1a: Basculegion|15/100
|move|p1b: Farigiraf|Trick Room|p1b: Farigiraf
|-fieldstart|move: Trick Room|[of] p1b: Farigiraf
|
|-weather|SunnyDay|[upkeep]
|upkeep
|turn|6
|inactive|CheesyTime has 30 seconds left.
|
|t:|1782472358
|move|p2a: Archaludon|Protect|p2a: Archaludon
|-singleturn|p2a: Archaludon|Protect
|move|p1b: Farigiraf|Psychic|p2b: Swampert
|-damage|p2b: Swampert|35/100
|move|p2b: Swampert|Earthquake|p1a: Basculegion|[spread] p1a,p1b
|-activate|p2a: Archaludon|move: Protect
|-damage|p1a: Basculegion|0 fnt
|-damage|p1b: Farigiraf|59/100
|faint|p1a: Basculegion
|
|-weather|SunnyDay|[upkeep]
|upkeep
|
|t:|1782472363
|switch|p1a: Charizard|Charizard-Mega-Y, L50, F|100/100
|turn|7
|
|t:|1782472372
|switch|p2b: Pelipper|Pelipper, L50, M|46/100
|-weather|RainDance|[from] ability: Drizzle|[of] p2b: Pelipper
|move|p1b: Farigiraf|Psychic|p2b: Pelipper
|-damage|p2b: Pelipper|17/100
|move|p2a: Archaludon|Electro Shot||[still]
|-prepare|p2a: Archaludon|Electro Shot
|-boost|p2a: Archaludon|spa|1
|-anim|p2a: Archaludon|Electro Shot|p1a: Charizard
|-supereffective|p1a: Charizard|1
|-damage|p1a: Charizard|0 fnt
|faint|p1a: Charizard
|
|-weather|RainDance|[upkeep]
|upkeep
|turn|8
|-message|Escanor_CS forfeited.
|
|win|CheesyTime
|raw|Escanor_CS's rating: 1322 → 1296(-26 for losing)
|raw|CheesyTime's rating: 1222 → 1254(+32 for winning)
