|j|☆Metagrossissimo
|j|☆thisisaladderteam
|html|Metagrossissimothisisaladderteam    
|uhtml|bestof|Game 2 of a best-of-3
|t:|1782455458
|gametype|doubles
|player|p1|Metagrossissimo|roughneck-gen4|1196
|player|p2|thisisaladderteam|guzma|1154
|gen|9
|tier|[Gen 9 Champions] VGC 2026 Reg M-B (Bo3)
|rated|
|rule|Species Clause: Limit one of each Pokémon
|rule|Item Clause: Limit 1 of each item
|clearpoke
|poke|p1|Pyroar, L50, M|
|poke|p1|Whimsicott, L50, F|
|poke|p1|Ninetales, L50, F|
|poke|p1|Farigiraf, L50, M|
|poke|p1|Basculegion, L50, M|
|poke|p1|Floette-Eternal, L50, F|
|poke|p2|Sceptile, L50, F, shiny|
|poke|p2|Rotom-Heat, L50, shiny|
|poke|p2|Toxapex, L50, F, shiny|
|poke|p2|Incineroar, L50, M, shiny|
|poke|p2|Garchomp, L50, M|
|poke|p2|Gholdengo, L50|
|teampreview|4
|showteam|p1|Pyroar||Pyroarite|Unnerve|HeatWave,Overheat,SolarBeam,Protect|Timid||M|||50|]Whimsicott||FocusSash|Prankster|Moonblast,Tailwind,SunnyDay,Protect|Timid||F|||50|]Ninetales||ChoiceScarf|Drought|Overheat,HeatWave,SolarBeam,FakeTears|Modest||F|||50|]Farigiraf||SitrusBerry|ArmorTail|Thunderbolt,TwinBeam,TrickRoom,HelpingHand|Bold||M|||50|]Basculegion||LifeOrb|Adaptability|WaveCrash,LastRespects,AquaJet,Protect|Adamant||M|||50|]Floette-Eternal||Floettite|FlowerVeil|Moonblast,DazzlingGleam,LightofRuin,Protect|Timid||F|||50|
|showteam|p2|Sceptile||Sceptilite|Overgrow|Detect,EnergyBall,DragonPulse,EarthPower|Timid||F|||50|]Rotom-Heat||ChoiceScarf|Levitate|Discharge,Electroweb,Overheat,WillOWisp|Timid|||||50|]Toxapex||Leftovers|Regenerator|BanefulBunker,Infestation,Toxic,WideGuard|Bold||F|||50|]Incineroar||SitrusBerry|Intimidate|FakeOut,PartingShot,ThroatChop,FlareBlitz|Careful||M|||50|]Garchomp||LifeOrb|RoughSkin|Protect,RockSlide,Earthquake,DragonClaw|Jolly||M|||50|]Gholdengo||KasibBerry|GoodasGold|Protect,NastyPlot,ShadowBall,MakeItRain|Modest|||||50|
|inactive|Battle timer is ON: inactive players will automatically lose when time's up. (requested by thisisaladderteam)
|
|t:|1782455468
|teamsize|p1|4
|teamsize|p2|4
|start
|switch|p1a: Whimsicott|Whimsicott, L50, F|100/100
|switch|p1b: Pyroar|Pyroar, L50, M|100/100
|switch|p2a: Rotom|Rotom-Heat, L50, shiny|100/100
|switch|p2b: Toxapex|Toxapex, L50, F, shiny|100/100
|-ability|p1b: Pyroar|Unnerve
|turn|1
|
|t:|1782455478
|switch|p1a: Ninetales|Ninetales, L50, F|100/100
|-weather|SunnyDay|[from] ability: Drought|[of] p1a: Ninetales
|detailschange|p1b: Pyroar|Pyroar-Mega, L50, M
|-mega|p1b: Pyroar|Pyroar|Pyroarite
|move|p2a: Rotom|Electroweb|p1a: Ninetales|[spread] p1a,p1b
|-damage|p1a: Ninetales|77/100
|-damage|p1b: Pyroar|77/100
|-unboost|p1a: Ninetales|spe|1
|-unboost|p1b: Pyroar|spe|1
|move|p1b: Pyroar|Heat Wave|p2a: Rotom|[spread] p2b
|-miss|p1b: Pyroar|p2a: Rotom
|-resisted|p2b: Toxapex|1
|-damage|p2b: Toxapex|68/100
|move|p2b: Toxapex|Toxic|p1b: Pyroar
|-status|p1b: Pyroar|tox
|
|-weather|SunnyDay|[upkeep]
|-heal|p2b: Toxapex|74/100|[from] item: Leftovers
|-damage|p1b: Pyroar|71/100 tox|[from] psn
|upkeep
|turn|2
|inactive|thisisaladderteam has 30 seconds left.
|
|t:|1782455505
|move|p2a: Rotom|Electroweb|p1b: Pyroar|[spread] p1a,p1b
|-damage|p1a: Ninetales|56/100
|-damage|p1b: Pyroar|47/100 tox
|-unboost|p1a: Ninetales|spe|1
|-unboost|p1b: Pyroar|spe|1
|move|p1a: Ninetales|Overheat|p2a: Rotom
|-resisted|p2a: Rotom|1
|-damage|p2a: Rotom|49/100
|-unboost|p1a: Ninetales|spa|2
|move|p1b: Pyroar|Overheat|p2a: Rotom
|-resisted|p2a: Rotom|1
|-damage|p2a: Rotom|0 fnt
|-unboost|p1b: Pyroar|spa|2
|faint|p2a: Rotom
|move|p2b: Toxapex|Infestation|p1b: Pyroar
|-resisted|p1b: Pyroar|1
|-damage|p1b: Pyroar|45/100 tox
|-activate|p1b: Pyroar|move: Infestation|[of] p2b: Toxapex
|
|-weather|SunnyDay|[upkeep]
|-heal|p2b: Toxapex|80/100|[from] item: Leftovers
|-damage|p1b: Pyroar|33/100 tox|[from] psn
|-damage|p1b: Pyroar|20/100y tox|[from] move: Infestation|[partiallytrapped]
|upkeep
|
|t:|1782455522
|switch|p2a: Garchomp|Garchomp, L50, M|100/100
|turn|3
|
|t:|1782455531
|switch|p1a: Whimsicott|Whimsicott, L50, F|100/100
|move|p1b: Pyroar|Protect|p1b: Pyroar
|-singleturn|p1b: Pyroar|Protect
|move|p2a: Garchomp|Rock Slide|p1b: Pyroar|[spread] p1a
|-activate|p1b: Pyroar|move: Protect
|-damage|p1a: Whimsicott|62/100
|-damage|p2a: Garchomp|90/100|[from] item: Life Orb
|move|p2b: Toxapex|Infestation|p1a: Whimsicott
|-damage|p1a: Whimsicott|56/100
|-activate|p1a: Whimsicott|move: Infestation|[of] p2b: Toxapex
|
|-weather|SunnyDay|[upkeep]
|-heal|p2b: Toxapex|85/100|[from] item: Leftovers
|-damage|p1b: Pyroar|2/100 tox|[from] psn
|-damage|p1a: Whimsicott|44/100|[from] move: Infestation|[partiallytrapped]
|-damage|p1b: Pyroar|0 fnt|[from] move: Infestation|[partiallytrapped]
|faint|p1b: Pyroar
|upkeep
|
|t:|1782455543
|switch|p1b: Basculegion|Basculegion, L50, M|100/100
|turn|4
|
|t:|1782455557
|move|p1a: Whimsicott|Tailwind|p1a: Whimsicott
|-sidestart|p1: Metagrossissimo|move: Tailwind
|move|p1b: Basculegion|Last Respects|p2a: Garchomp
|-damage|p2a: Garchomp|0 fnt
|faint|p2a: Garchomp
|-damage|p1b: Basculegion|90/100|[from] item: Life Orb
|move|p2b: Toxapex|Toxic|p1b: Basculegion
|-status|p1b: Basculegion|tox
|
|-weather|SunnyDay|[upkeep]
|-heal|p2b: Toxapex|91/100|[from] item: Leftovers
|-damage|p1b: Basculegion|84/100 tox|[from] psn
|-damage|p1a: Whimsicott|32/100|[from] move: Infestation|[partiallytrapped]
|upkeep
|
|t:|1782455567
|switch|p2a: Gholdengo|Gholdengo, L50|100/100
|turn|5
|
|t:|1782455575
|move|p2a: Gholdengo|Protect|p2a: Gholdengo
|-singleturn|p2a: Gholdengo|Protect
|move|p1a: Whimsicott|Moonblast|p2b: Toxapex
|-resisted|p2b: Toxapex|1
|-damage|p2b: Toxapex|78/100
|move|p1b: Basculegion|Last Respects|p2a: Gholdengo
|-activate|p2a: Gholdengo|move: Protect
|move|p2b: Toxapex|Infestation|p1b: Basculegion
|-resisted|p1b: Basculegion|1
|-damage|p1b: Basculegion|82/100 tox
|-activate|p1b: Basculegion|move: Infestation|[of] p2b: Toxapex
|
|-weather|none
|-heal|p2b: Toxapex|84/100|[from] item: Leftovers
|-damage|p1b: Basculegion|70/100 tox|[from] psn
|-damage|p1a: Whimsicott|19/100|[from] move: Infestation|[partiallytrapped]
|-damage|p1b: Basculegion|58/100 tox|[from] move: Infestation|[partiallytrapped]
|upkeep
|turn|6
|
|t:|1782455591
|move|p1a: Whimsicott|Moonblast|p2b: Toxapex
|-resisted|p2b: Toxapex|1
|-damage|p2b: Toxapex|71/100
|move|p1b: Basculegion|Last Respects|p2a: Gholdengo
|-supereffective|p2a: Gholdengo|1
|-enditem|p2a: Gholdengo|Kasib Berry|[eat]
|-enditem|p2a: Gholdengo|Kasib Berry|[weaken]
|-damage|p2a: Gholdengo|0 fnt
|faint|p2a: Gholdengo
|-damage|p1b: Basculegion|49/100 tox|[from] item: Life Orb
|move|p2b: Toxapex|Infestation|p1b: Basculegion
|-resisted|p1b: Basculegion|1
|-damage|p1b: Basculegion|47/100 tox
|
|-heal|p2b: Toxapex|77/100|[from] item: Leftovers
|-damage|p1b: Basculegion|29/100 tox|[from] psn
|-damage|p1a: Whimsicott|7/100|[from] move: Infestation|[partiallytrapped]
|-damage|p1b: Basculegion|17/100 tox|[from] move: Infestation|[partiallytrapped]
|upkeep
|turn|7
|
|t:|1782455607
|move|p2b: Toxapex|Baneful Bunker|p2b: Toxapex
|-singleturn|p2b: Toxapex|move: Protect
|move|p1a: Whimsicott|Moonblast|p2b: Toxapex
|-activate|p2b: Toxapex|move: Protect
|move|p1b: Basculegion|Last Respects|p2b: Toxapex
|-activate|p2b: Toxapex|move: Protect
|
|-heal|p2b: Toxapex|82/100|[from] item: Leftovers
|-damage|p1b: Basculegion|0 fnt|[from] psn
|faint|p1b: Basculegion
|-end|p1a: Whimsicott|Infestation|[partiallytrapped]
|-sideend|p1: Metagrossissimo|move: Tailwind
|upkeep
|
|t:|1782455610
|switch|p1b: Ninetales|Ninetales, L50, F|56/100
|-weather|SunnyDay|[from] ability: Drought|[of] p1b: Ninetales
|turn|8
|
|t:|1782455628
|move|p1b: Ninetales|Solar Beam||[still]
|-prepare|p1b: Ninetales|Solar Beam
|-anim|p1b: Ninetales|Solar Beam|p2b: Toxapex
|-damage|p2b: Toxapex|54/100
|move|p1a: Whimsicott|Moonblast|p2b: Toxapex
|-resisted|p2b: Toxapex|1
|-damage|p2b: Toxapex|40/100
|move|p2b: Toxapex|Infestation|p1a: Whimsicott
|-damage|p1a: Whimsicott|2/100
|-activate|p1a: Whimsicott|move: Infestation|[of] p2b: Toxapex
|
|-weather|SunnyDay|[upkeep]
|-heal|p2b: Toxapex|46/100|[from] item: Leftovers
|-damage|p1a: Whimsicott|0 fnt|[from] move: Infestation|[partiallytrapped]
|faint|p1a: Whimsicott
|upkeep
|turn|9
|
|t:|1782455639
|move|p2b: Toxapex|Baneful Bunker|p2b: Toxapex
|-singleturn|p2b: Toxapex|move: Protect
|move|p1b: Ninetales|Solar Beam||[still]
|-prepare|p1b: Ninetales|Solar Beam
|-anim|p1b: Ninetales|Solar Beam|p2b: Toxapex
|-activate|p2b: Toxapex|move: Protect
|
|-weather|SunnyDay|[upkeep]
|-heal|p2b: Toxapex|52/100|[from] item: Leftovers
|upkeep
|turn|10
|
|t:|1782455646
|move|p1b: Ninetales|Solar Beam||[still]
|-prepare|p1b: Ninetales|Solar Beam
|-anim|p1b: Ninetales|Solar Beam|p2b: Toxapex
|-damage|p2b: Toxapex|27/100
|move|p2b: Toxapex|Toxic|p1b: Ninetales
|-status|p1b: Ninetales|tox
|
|-weather|SunnyDay|[upkeep]
|-heal|p2b: Toxapex|33/100|[from] item: Leftovers
|-damage|p1b: Ninetales|50/100g tox|[from] psn
|upkeep
|turn|11
|
|t:|1782455653
|move|p2b: Toxapex|Baneful Bunker|p2b: Toxapex
|-singleturn|p2b: Toxapex|move: Protect
|move|p1b: Ninetales|Solar Beam||[still]
|-prepare|p1b: Ninetales|Solar Beam
|-anim|p1b: Ninetales|Solar Beam|p2b: Toxapex
|-activate|p2b: Toxapex|move: Protect
|
|-weather|SunnyDay|[upkeep]
|-heal|p2b: Toxapex|38/100|[from] item: Leftovers
|-damage|p1b: Ninetales|38/100 tox|[from] psn
|upkeep
|turn|12
|
|t:|1782455662
|move|p1b: Ninetales|Solar Beam||[still]
|-prepare|p1b: Ninetales|Solar Beam
|-anim|p1b: Ninetales|Solar Beam|p2b: Toxapex
|-damage|p2b: Toxapex|10/100
|move|p2b: Toxapex|Infestation|p1b: Ninetales
|-resisted|p1b: Ninetales|1
|-damage|p1b: Ninetales|37/100 tox
|-activate|p1b: Ninetales|move: Infestation|[of] p2b: Toxapex
|
|-weather|none
|-heal|p2b: Toxapex|16/100|[from] item: Leftovers
|-damage|p1b: Ninetales|19/100 tox|[from] psn
|-damage|p1b: Ninetales|7/100 tox|[from] move: Infestation|[partiallytrapped]
|upkeep
|turn|13
|
|t:|1782455669
|move|p1b: Ninetales|Solar Beam||[still]
|-prepare|p1b: Ninetales|Solar Beam
|move|p2b: Toxapex|Infestation|p1b: Ninetales
|-resisted|p1b: Ninetales|1
|-damage|p1b: Ninetales|5/100 tox
|
|-heal|p2b: Toxapex|22/100|[from] item: Leftovers
|-damage|p1b: Ninetales|0 fnt|[from] psn
|faint|p1b: Ninetales
|
|win|thisisaladderteam
|raw|Metagrossissimo's rating: 1196 → 1168(-28 for losing)
|raw|thisisaladderteam's rating: 1154 → 1182(+28 for winning)
