|j|☆VGC_Vapor
|j|☆BoltBeam is shit
|html|VGC_VaporBoltBeam is shit    
|uhtml|bestof|Game 2 of a best-of-3
|t:|1784341434
|gametype|doubles
|player|p1|VGC_Vapor|blue|
|player|p2|BoltBeam is shit|misty|
|gen|9
|tier|[Gen 9 Champions] VGC 2026 Reg M-B (Bo3)
|rule|Species Clause: Limit one of each Pokémon
|rule|Item Clause: Limit 1 of each item
|clearpoke
|poke|p1|Staraptor, L50, F|
|poke|p1|Houndstone, L50, M|
|poke|p1|Tyranitar, L50, M|
|poke|p1|Excadrill, L50, F|
|poke|p1|Venusaur, L50, M|
|poke|p1|Rotom-Wash, L50|
|poke|p2|Lucario, L50, M|
|poke|p2|Whimsicott, L50, M|
|poke|p2|Garchomp, L50, M|
|poke|p2|Ninetales-Alola, L50, M, shiny|
|poke|p2|Aegislash, L50, F|
|poke|p2|Farigiraf, L50, F|
|teampreview|4
|showteam|p1|Staraptor||Staraptite|Intimidate|BraveBird,CloseCombat,Tailwind,Protect|Jolly||F|||50|]Houndstone||SitrusBerry|SandRush|LastRespects,WillOWisp,AllySwitch,Protect|Adamant||M|||50|]Tyranitar||ChoiceScarf|SandStream|RockSlide,KnockOff,IcePunch,LowKick|Jolly||M|||50|]Excadrill||FocusSash|SandRush|Earthquake,IronHead,RockSlide,Protect|Adamant||F|||50|]Venusaur||Venusaurite|Chlorophyll|SludgeBomb,GigaDrain,SleepPowder,Protect|Modest||M|||50|]Rotom-Wash||Magnet|Levitate|HydroPump,Thunderbolt,VoltSwitch,Protect|Modest|||||50|
|showteam|p2|Lucario||Lucarionite|InnerFocus|CloseCombat,MeteorMash,StoneEdge,Protect|Jolly||M|||50|]Whimsicott||FocusSash|Prankster|Moonblast,Encore,Protect,Tailwind|Modest||M|||50|]Garchomp||LifeOrb|RoughSkin|StompingTantrum,DragonClaw,RockSlide,Protect|Jolly||M|||50|]Ninetales-Alola||LightClay|SnowWarning|Blizzard,Moonblast,AuroraVeil,Protect|Timid||M|||50|]Aegislash||SpellTag|StanceChange|Poltergeist,WideGuard,IronHead,KingsShield|Adamant||F|||50|]Farigiraf||ColburBerry|ArmorTail|Protect,TwinBeam,Thunderbolt,TrickRoom|Modest||F|||50|
|inactive|Battle timer is ON: inactive players will automatically lose when time's up. (requested by BoltBeam is shit)
|inactive|VGC_Vapor also wants the timer to be on.
|inactive|VGC_Vapor has 60 seconds left.
|
|t:|1784341467
|teamsize|p1|4
|teamsize|p2|4
|start
|switch|p1a: Staraptor|Staraptor, L50, F|100/100
|switch|p1b: Excadrill|Excadrill, L50, F|100/100
|switch|p2a: Whimsicott|Whimsicott, L50, M|100/100
|switch|p2b: Garchomp|Garchomp, L50, M|100/100
|-ability|p1a: Staraptor|Intimidate|boost
|-unboost|p2a: Whimsicott|atk|1
|-unboost|p2b: Garchomp|atk|1
|turn|1
|
|t:|1784341487
|move|p2b: Garchomp|Protect|p2b: Garchomp
|-singleturn|p2b: Garchomp|Protect
|move|p2a: Whimsicott|Moonblast|p1b: Excadrill
|-resisted|p1b: Excadrill|1
|-damage|p1b: Excadrill|74/100
|move|p1a: Staraptor|Tailwind|p1a: Staraptor
|-sidestart|p1: VGC_Vapor|move: Tailwind
|move|p1b: Excadrill|Earthquake|p2b: Garchomp|[spread] p2a
|-activate|p2b: Garchomp|move: Protect
|-immune|p1a: Staraptor
|-resisted|p2a: Whimsicott|1
|-damage|p2a: Whimsicott|65/100
|
|upkeep
|turn|2
|
|t:|1784341514
|detailschange|p1a: Staraptor|Staraptor-Mega, L50, F
|-mega|p1a: Staraptor|Staraptor|Staraptite
|move|p2a: Whimsicott|Tailwind|p2a: Whimsicott
|-sidestart|p2: BoltBeam is shit|move: Tailwind
|move|p1a: Staraptor|Close Combat|p2b: Garchomp
|-damage|p2b: Garchomp|48/100
|-boost|p1a: Staraptor|def|1
|-boost|p1a: Staraptor|spd|1
|-damage|p1a: Staraptor|87/100|[from] ability: Rough Skin|[of] p2b: Garchomp
|move|p2b: Garchomp|Stomping Tantrum|p1b: Excadrill
|-supereffective|p1b: Excadrill|1
|-damage|p1b: Excadrill|0 fnt
|faint|p1b: Excadrill
|-damage|p2b: Garchomp|38/100|[from] item: Life Orb
|
|upkeep
|
|t:|1784341530
|switch|p1b: Tyranitar|Tyranitar, L50, M|100/100
|-weather|Sandstorm|[from] ability: Sand Stream|[of] p1b: Tyranitar
|turn|3
|
|t:|1784341546
|move|p1b: Tyranitar|Ice Punch|p2a: Whimsicott
|-supereffective|p2a: Whimsicott|1
|-damage|p2a: Whimsicott|0 fnt
|faint|p2a: Whimsicott
|move|p1a: Staraptor|Close Combat|p2b: Garchomp
|-damage|p2b: Garchomp|0 fnt
|-boost|p1a: Staraptor|def|1
|-boost|p1a: Staraptor|spd|1
|-damage|p1a: Staraptor|75/100|[from] ability: Rough Skin|[of] p2b: Garchomp
|faint|p2b: Garchomp
|
|-weather|Sandstorm|[upkeep]
|-damage|p1a: Staraptor|69/100|[from] Sandstorm
|upkeep
|
|t:|1784341549
|switch|p2b: Brrr its cold|Ninetales-Alola, L50, M, shiny|100/100
|switch|p2a: Lucario|Lucario, L50, M|100/100
|-weather|Snowscape|[from] ability: Snow Warning|[of] p2b: Brrr its cold
|turn|4
|
|t:|1784341574
|switch|p1b: Houndstone|Houndstone, L50, M|100/100
|detailschange|p2a: Lucario|Lucario-Mega, L50, M
|-mega|p2a: Lucario|Lucario|Lucarionite
|move|p1a: Staraptor|Close Combat|p2a: Lucario
|-supereffective|p2a: Lucario|1
|-damage|p2a: Lucario|0 fnt
|-boost|p1a: Staraptor|def|1
|-boost|p1a: Staraptor|spd|1
|faint|p2a: Lucario
|move|p2b: Brrr its cold|Blizzard|p1b: Houndstone|[spread] p1a,p1b
|-supereffective|p1a: Staraptor|1
|-damage|p1a: Staraptor|43/100
|-damage|p1b: Houndstone|65/100
|
|-weather|Snowscape|[upkeep]
|-sideend|p1: VGC_Vapor|move: Tailwind
|upkeep
|turn|5
|c|☆BoltBeam is shit|I gotta update my lucario spread
|c|☆BoltBeam is shit|yeesh
|
|t:|1784341598
|switch|p1a: Tyranitar|Tyranitar, L50, M|100/100
|-weather|Sandstorm|[from] ability: Sand Stream|[of] p1a: Tyranitar
|move|p2b: Brrr its cold|Blizzard|p1b: Houndstone|[spread] p1b
|-miss|p2b: Brrr its cold|p1a: Tyranitar
|-damage|p1b: Houndstone|33/100
|-enditem|p1b: Houndstone|Sitrus Berry|[eat]
|-heal|p1b: Houndstone|58/100|[from] item: Sitrus Berry
|move|p1b: Houndstone|Last Respects|p2b: Brrr its cold
|-damage|p2b: Brrr its cold|31/100
|
|-weather|Sandstorm|[upkeep]
|-damage|p2b: Brrr its cold|25/100|[from] Sandstorm
|-sideend|p2: BoltBeam is shit|move: Tailwind
|upkeep
|turn|6
|
|t:|1784341616
|move|p1b: Houndstone|Last Respects|p2b: Brrr its cold
|-damage|p2b: Brrr its cold|0 fnt
|faint|p2b: Brrr its cold
|
|win|VGC_Vapor
