|j|☆jayoticnl
|j|☆Ossi1590
|html|jayoticnlOssi1590    
|uhtml|bestof|Game 3 of a best-of-3
|t:|1783437034
|gametype|doubles
|player|p1|jayoticnl|jacinthe|1224
|player|p2|Ossi1590|colress|1358
|gen|9
|tier|[Gen 9 Champions] VGC 2026 Reg M-B (Bo3)
|rated|
|rule|Species Clause: Limit one of each Pokémon
|rule|Item Clause: Limit 1 of each item
|clearpoke
|poke|p1|Tyranitar, L50, F|
|poke|p1|Excadrill, L50, M|
|poke|p1|Primarina, L50, M|
|poke|p1|Rotom-Heat, L50|
|poke|p1|Corviknight, L50, F|
|poke|p1|Sinistcha, L50|
|poke|p2|Raichu, L50, F|
|poke|p2|Mawile, L50, F|
|poke|p2|Sinistcha, L50|
|poke|p2|Ceruledge, L50, M|
|poke|p2|Milotic, L50, M|
|poke|p2|Incineroar, L50, F|
|teampreview|4
|showteam|p1|Tyranitar||Tyranitarite|SandStream|RockSlide,KnockOff,LowKick,Protect|Adamant||F|||50|]Excadrill||FocusSash|SandRush|Earthquake,IronHead,RockSlide,Protect|Adamant||M|||50|]Primarina||LifeOrb|LiquidVoice|Moonblast,HyperVoice,CalmMind,Protect|Modest||M|||50|]Rotom-Heat||ChoiceScarf|Levitate|Overheat,Thunderbolt,VoltSwitch,Electroweb|Timid|||||50|]Corviknight||Leftovers|MirrorArmor|BraveBird,IronHead,Tailwind,BulkUp|Careful||F|||50|]Sinistcha||SitrusBerry|Hospitality|MatchaGotcha,RagePowder,Protect,TrickRoom|Bold|||||50|
|showteam|p2|Raichu||RaichuniteY|LightningRod|ZapCannon,FocusBlast,FakeOut,Protect|Timid||F|||50|]Mawile||Mawilite|HyperCutter|PlayRough,SuckerPunch,SwordsDance,Protect|Adamant||F|||50|]Sinistcha||KasibBerry|Hospitality|MatchaGotcha,LifeDew,RagePowder,Protect|Relaxed|||||50|]Ceruledge||ColburBerry|FlashFire|BitterBlade,ShadowSneak,BulkUp,Protect|Adamant||M|||50|]Milotic||Leftovers|Competitive|MuddyWater,Coil,Hypnosis,Protect|Calm||M|||50|]Incineroar||SitrusBerry|Intimidate|FlareBlitz,ThroatChop,FakeOut,PartingShot|Impish||F|||50|
|
|t:|1783437071
|teamsize|p1|4
|teamsize|p2|4
|start
|switch|p1a: Primarina|Primarina, L50, M|100/100
|switch|p1b: Rotom|Rotom-Heat, L50|100/100
|switch|p2a: Milotic|Milotic, L50, M|100/100
|switch|p2b: Incineroar|Incineroar, L50, F|100/100
|-ability|p2b: Incineroar|Intimidate|boost
|-unboost|p1a: Primarina|atk|1
|-unboost|p1b: Rotom|atk|1
|turn|1
|
|t:|1783437089
|switch|p2b: Raichu|Raichu, L50, F|100/100
|move|p1b: Rotom|Thunderbolt|p2b: Raichu
|-activate|p2b: Raichu|ability: Lightning Rod
|-ability|p2b: Raichu|Lightning Rod|boost
|-boost|p2b: Raichu|spa|1
|move|p2a: Milotic|Coil|p2a: Milotic
|-boost|p2a: Milotic|atk|1
|-boost|p2a: Milotic|def|1
|-boost|p2a: Milotic|accuracy|1
|move|p1a: Primarina|Hyper Voice|p2a: Milotic|[spread] p2a,p2b
|-resisted|p2a: Milotic|1
|-damage|p2a: Milotic|87/100
|-damage|p2b: Raichu|45/100
|-damage|p1a: Primarina|90/100|[from] item: Life Orb
|
|-heal|p2a: Milotic|93/100|[from] item: Leftovers
|upkeep
|turn|2
|
|t:|1783437106
|move|p2b: Raichu|Fake Out|p1a: Primarina
|-damage|p1a: Primarina|82/100
|move|p1b: Rotom|Thunderbolt|p2b: Raichu
|-activate|p2b: Raichu|ability: Lightning Rod
|-ability|p2b: Raichu|Lightning Rod|boost
|-boost|p2b: Raichu|spa|1
|move|p2a: Milotic|Muddy Water|p1b: Rotom|[spread] p1a,p1b
|-resisted|p1a: Primarina|1
|-supereffective|p1b: Rotom|1
|-damage|p1a: Primarina|72/100
|-damage|p1b: Rotom|39/100
|-unboost|p1b: Rotom|accuracy|1
|cant|p1a: Primarina|flinch
|
|-heal|p2a: Milotic|99/100|[from] item: Leftovers
|upkeep
|turn|3
|
|t:|1783437127
|switch|p1a: Excadrill|Excadrill, L50, M|100/100
|move|p1b: Rotom|Thunderbolt|p2b: Raichu
|-activate|p2b: Raichu|ability: Lightning Rod
|-ability|p2b: Raichu|Lightning Rod|boost
|-boost|p2b: Raichu|spa|1
|move|p2b: Raichu|Focus Blast|p1b: Rotom
|-damage|p1b: Rotom|0 fnt
|faint|p1b: Rotom
|move|p2a: Milotic|Hypnosis|p1a: Excadrill
|-status|p1a: Excadrill|slp|[from] move: Hypnosis
|
|-heal|p2a: Milotic|100/100|[from] item: Leftovers
|upkeep
|
|t:|1783437135
|switch|p1b: Tyranitar|Tyranitar, L50, F|100/100
|-weather|Sandstorm|[from] ability: Sand Stream|[of] p1b: Tyranitar
|turn|4
|
|t:|1783437146
|switch|p2b: Incineroar|Incineroar, L50, F|100/100
|-ability|p2b: Incineroar|Intimidate|boost
|-unboost|p1a: Excadrill|atk|1
|-unboost|p1b: Tyranitar|atk|1
|detailschange|p1b: Tyranitar|Tyranitar-Mega, L50, F
|-mega|p1b: Tyranitar|Tyranitar|Tyranitarite
|cant|p1a: Excadrill|slp
|move|p2a: Milotic|Coil|p2a: Milotic
|-boost|p2a: Milotic|atk|1
|-boost|p2a: Milotic|def|1
|-boost|p2a: Milotic|accuracy|1
|move|p1b: Tyranitar|Knock Off|p2a: Milotic
|-damage|p2a: Milotic|80/100
|-enditem|p2a: Milotic|Leftovers|[from] move: Knock Off|[of] p1b: Tyranitar
|
|-weather|Sandstorm|[upkeep]
|-damage|p2a: Milotic|74/100|[from] Sandstorm
|-damage|p2b: Incineroar|94/100|[from] Sandstorm
|upkeep
|turn|5
|
|t:|1783437166
|switch|p1a: Primarina|Primarina, L50, M|72/100
|move|p1b: Tyranitar|Protect|p1b: Tyranitar
|-singleturn|p1b: Tyranitar|Protect
|move|p2b: Incineroar|Fake Out|p1a: Primarina
|-damage|p1a: Primarina|61/100
|move|p2a: Milotic|Hypnosis|p1b: Tyranitar
|-activate|p1b: Tyranitar|move: Protect
|
|-weather|Sandstorm|[upkeep]
|-damage|p2a: Milotic|68/100|[from] Sandstorm
|-damage|p1a: Primarina|55/100|[from] Sandstorm
|-damage|p2b: Incineroar|88/100|[from] Sandstorm
|upkeep
|turn|6
|
|t:|1783437176
|switch|p2b: Sinistcha|Sinistcha, L50|100/100
|-heal|p2a: Milotic|93/100|[from] ability: Hospitality|[of] p2b: Sinistcha
|move|p1b: Tyranitar|Rock Slide|p2b: Sinistcha|[spread] p2a,p2b
|-damage|p2a: Milotic|82/100
|-damage|p2b: Sinistcha|79/100
|move|p2a: Milotic|Hypnosis|p1a: Primarina
|-status|p1a: Primarina|slp|[from] move: Hypnosis
|cant|p1a: Primarina|slp
|
|-weather|Sandstorm|[upkeep]
|-damage|p2a: Milotic|76/100|[from] Sandstorm
|-damage|p1a: Primarina|49/100 slp|[from] Sandstorm
|-damage|p2b: Sinistcha|73/100|[from] Sandstorm
|upkeep
|turn|7
|
|t:|1783437182
|switch|p2b: Incineroar|Incineroar, L50, F|88/100
|-ability|p2b: Incineroar|Intimidate|boost
|-unboost|p1a: Primarina|atk|1
|-unboost|p1b: Tyranitar|atk|1
|move|p1b: Tyranitar|Knock Off|p2b: Incineroar
|-resisted|p2b: Incineroar|1
|-damage|p2b: Incineroar|77/100
|-enditem|p2b: Incineroar|Sitrus Berry|[from] move: Knock Off|[of] p1b: Tyranitar
|move|p2a: Milotic|Hypnosis|p1b: Tyranitar
|-status|p1b: Tyranitar|slp|[from] move: Hypnosis
|cant|p1a: Primarina|slp
|
|-weather|Sandstorm|[upkeep]
|-damage|p2a: Milotic|70/100|[from] Sandstorm
|-damage|p1a: Primarina|43/100 slp|[from] Sandstorm
|-damage|p2b: Incineroar|71/100|[from] Sandstorm
|upkeep
|turn|8
|-message|jayoticnl forfeited.
|raw|jayoticnl's rating: 1224 → 1208(-16 for losing)
|raw|Ossi1590's rating: 1358 → 1371(+13 for winning)
|
|win|Ossi1590
|l|☆jayoticnl
|player|p1|
