|j|☆SHyperdestroyerVGC
|j|☆momowa
|html|SHyperdestroyerVGCmomowa    
|uhtml|bestof|Game 2 of a best-of-3
|t:|1785073837
|gametype|doubles
|player|p1|SHyperdestroyerVGC|lady|1175
|player|p2|momowa|twins-gen4|1059
|gen|9
|tier|[Gen 9 Champions] VGC 2026 Reg M-B (Bo3)
|rated|
|rule|Species Clause: Limit one of each Pokémon
|rule|Item Clause: Limit 1 of each item
|clearpoke
|poke|p1|Froslass, L50, F|
|poke|p1|Kingambit, L50, M|
|poke|p1|Sneasler, L50, F|
|poke|p1|Talonflame, L50, F|
|poke|p1|Garchomp, L50, M|
|poke|p1|Sinistcha, L50|
|poke|p2|Vanilluxe, L50, F, shiny|
|poke|p2|Raichu, L50, F, shiny|
|poke|p2|Grimmsnarl, L50, M, shiny|
|poke|p2|Hydreigon, L50, F, shiny|
|poke|p2|Palafin, L50, M, shiny|
|poke|p2|Aggron, L50, M, shiny|
|teampreview|4
|showteam|p1|Froslass||Froslassite|SnowCloak|Blizzard,AuroraVeil,ShadowBall,Protect|Timid||F|||50|]Kingambit||BlackGlasses|Defiant|KowtowCleave,SuckerPunch,LowKick,Protect|Adamant||M|||50|]Sneasler||WhiteHerb|Unburden|FakeOut,CloseCombat,DireClaw,Protect|Adamant||F|||50|]Talonflame||FocusSash|GaleWings|DualWingbeat,FlareBlitz,Tailwind,Protect|Jolly||F|||50|]Garchomp||LifeOrb|RoughSkin|DragonClaw,Earthquake,RockSlide,Protect|Jolly||M|||50|]Sinistcha||CobaBerry|Hospitality|MatchaGotcha,TrickRoom,RagePowder,Protect|Calm|||||50|
|showteam|p2|Vanilluxe||ChoiceScarf|SnowWarning|Blizzard,AuroraVeil,FreezeDry,FrostBreath|Timid||F|||50|]Raichu||RaichuniteY|LightningRod|FocusBlast,ZapCannon,ThunderWave,Protect|Timid||F|||50|]Grimmsnarl||LightClay|Prankster|LightScreen,Reflect,SpiritBreak,PartingShot|Careful||M|||50|]Hydreigon||FocusSash|Levitate|DarkPulse,DracoMeteor,EarthPower,HeatWave|Timid||F|||50|]Palafin||LifeOrb|ZerotoHero|CloseCombat,WaveCrash,IcePunch,FlipTurn|Jolly||M|||50|]Aggron||Aggronite|RockHead|BodyPress,HeavySlam,IronDefense,Protect|Careful||M|||50|
|inactive|Battle timer is ON: inactive players will automatically lose when time's up. (requested by momowa)
|
|t:|1785073865
|teamsize|p1|4
|teamsize|p2|4
|start
|switch|p1a: Sneasler|Sneasler, L50, F|100/100
|switch|p1b: Froslass|Froslass, L50, F|100/100
|switch|p2a: Vanilluxe|Vanilluxe, L50, F, shiny|100/100
|switch|p2b: Palafin|Palafin, L50, M, shiny|100/100
|-weather|Snowscape|[from] ability: Snow Warning|[of] p2a: Vanilluxe
|turn|1
|
|t:|1785073880
|detailschange|p1b: Froslass|Froslass-Mega, L50, F
|-mega|p1b: Froslass|Froslass|Froslassite
|move|p2a: Vanilluxe|Aurora Veil|p2a: Vanilluxe
|-sidestart|p2: momowa|move: Aurora Veil
|move|p1b: Froslass|Aurora Veil|p1b: Froslass
|-sidestart|p1: SHyperdestroyerVGC|move: Aurora Veil
|move|p2b: Palafin|Flip Turn|p1a: Sneasler
|-damage|p1a: Sneasler|69/100
|-damage|p2b: Palafin|90/100|[from] item: Life Orb
|
|t:|1785073889
|detailschange|p2b: Palafin|Palafin-Hero, L50, M, shiny
|switch|p2b: Hydreigon|Hydreigon, L50, F, shiny|100/100|[from] Flip Turn
|move|p1a: Sneasler|Close Combat|p2a: Vanilluxe
|-supereffective|p2a: Vanilluxe|1
|-damage|p2a: Vanilluxe|20/100y
|-unboost|p1a: Sneasler|def|1
|-unboost|p1a: Sneasler|spd|1
|-enditem|p1a: Sneasler|White Herb
|-clearnegativeboost|p1a: Sneasler|[silent]
|
|-weather|Snowscape|[upkeep]
|upkeep
|turn|2
|
|t:|1785073907
|switch|p2a: Palafin|Palafin-Hero, L50, M, shiny|90/100
|-activate|p2a: Palafin|ability: Zero to Hero
|move|p1b: Froslass|Protect|p1b: Froslass
|-singleturn|p1b: Froslass|Protect
|move|p1a: Sneasler|Close Combat|p2b: Hydreigon
|-supereffective|p2b: Hydreigon|1
|-enditem|p2b: Hydreigon|Focus Sash
|-damage|p2b: Hydreigon|1/100
|-unboost|p1a: Sneasler|def|1
|-unboost|p1a: Sneasler|spd|1
|move|p2b: Hydreigon|Dark Pulse|p1b: Froslass
|-activate|p1b: Froslass|move: Protect
|
|-weather|Snowscape|[upkeep]
|upkeep
|turn|3
|inactive|SHyperdestroyerVGC has 30 seconds left.
|
|t:|1785073937
|switch|p1b: Sinistcha|Sinistcha, L50|100/100
|-heal|p1a: Sneasler|94/100|[from] ability: Hospitality|[of] p1b: Sinistcha
|move|p1a: Sneasler|Dire Claw|p2b: Hydreigon
|-damage|p2b: Hydreigon|0 fnt
|faint|p2b: Hydreigon
|move|p2a: Palafin|Wave Crash|p1b: Sinistcha
|-resisted|p1b: Sinistcha|1
|-damage|p1b: Sinistcha|70/100
|-damage|p2a: Palafin|80/100|[from] Recoil
|-damage|p2a: Palafin|71/100|[from] item: Life Orb
|
|-weather|Snowscape|[upkeep]
|upkeep
|
|t:|1785073949
|switch|p2b: Vanilluxe|Vanilluxe, L50, F, shiny|20/100y
|turn|4
|
|t:|1785073962
|move|p1a: Sneasler|Close Combat|p2b: Vanilluxe
|-supereffective|p2b: Vanilluxe|1
|-damage|p2b: Vanilluxe|0 fnt
|-unboost|p1a: Sneasler|def|1
|-unboost|p1a: Sneasler|spd|1
|faint|p2b: Vanilluxe
|move|p2a: Palafin|Ice Punch|p1b: Sinistcha
|-supereffective|p1b: Sinistcha|1
|-damage|p1b: Sinistcha|26/100
|-damage|p2a: Palafin|61/100|[from] item: Life Orb
|move|p1b: Sinistcha|Matcha Gotcha|p2a: Palafin
|-supereffective|p2a: Palafin|1
|-damage|p2a: Palafin|11/100
|-heal|p1b: Sinistcha|51/100|[from] drain|[of] p2a: Palafin
|
|-weather|Snowscape|[upkeep]
|upkeep
|
|t:|1785073967
|switch|p2b: Aggron|Aggron, L50, M, shiny|100/100
|turn|5
|
|t:|1785073991
|switch|p1b: Froslass|Froslass-Mega, L50, F|100/100
|detailschange|p2b: Aggron|Aggron-Mega, L50, M, shiny
|-mega|p2b: Aggron|Aggron|Aggronite
|move|p1a: Sneasler|Dire Claw|p2a: Palafin
|-damage|p2a: Palafin|0 fnt
|faint|p2a: Palafin
|move|p2b: Aggron|Iron Defense|p2b: Aggron
|-boost|p2b: Aggron|def|2
|
|-weather|none
|-sideend|p1: SHyperdestroyerVGC|move: Aurora Veil
|-sideend|p2: momowa|move: Aurora Veil
|upkeep
|turn|6
|
|t:|1785074009
|switch|p1a: Sinistcha|Sinistcha, L50|51/100
|move|p1b: Froslass|Shadow Ball|p2b: Aggron
|-damage|p2b: Aggron|62/100
|move|p2b: Aggron|Heavy Slam|p1b: Froslass
|-supereffective|p1b: Froslass|1
|-damage|p1b: Froslass|0 fnt
|faint|p1b: Froslass
|
|upkeep
|
|t:|1785074020
|switch|p1b: Sneasler|Sneasler, L50, F|94/100
|turn|7
|
|t:|1785074024
|move|p2b: Aggron|Protect|p2b: Aggron
|-singleturn|p2b: Aggron|Protect
|move|p1a: Sinistcha|Rage Powder|p1a: Sinistcha
|-singleturn|p1a: Sinistcha|move: Rage Powder
|move|p1b: Sneasler|Close Combat|p2b: Aggron
|-activate|p2b: Aggron|move: Protect
|
|upkeep
|turn|8
|
|t:|1785074033
|move|p1a: Sinistcha|Rage Powder|p1a: Sinistcha
|-singleturn|p1a: Sinistcha|move: Rage Powder
|move|p1b: Sneasler|Close Combat|p2b: Aggron
|-supereffective|p2b: Aggron|1
|-damage|p2b: Aggron|37/100
|-unboost|p1b: Sneasler|def|1
|-unboost|p1b: Sneasler|spd|1
|move|p2b: Aggron|Iron Defense|p2b: Aggron
|-boost|p2b: Aggron|def|2
|
|upkeep
|turn|9
|
|t:|1785074047
|move|p1a: Sinistcha|Rage Powder|p1a: Sinistcha
|-singleturn|p1a: Sinistcha|move: Rage Powder
|move|p1b: Sneasler|Close Combat|p2b: Aggron
|-supereffective|p2b: Aggron|1
|-damage|p2b: Aggron|21/100
|-unboost|p1b: Sneasler|def|1
|-unboost|p1b: Sneasler|spd|1
|move|p2b: Aggron|Heavy Slam|p1a: Sinistcha
|-damage|p1a: Sinistcha|0 fnt
|faint|p1a: Sinistcha
|
|upkeep
|
|t:|1785074056
|switch|p1a: Garchomp|Garchomp, L50, M|100/100
|turn|10
|
|t:|1785074062
|move|p1b: Sneasler|Close Combat|p2b: Aggron
|-supereffective|p2b: Aggron|1
|-damage|p2b: Aggron|3/100
|-unboost|p1b: Sneasler|def|1
|-unboost|p1b: Sneasler|spd|1
|move|p1a: Garchomp|Dragon Claw|p2b: Aggron
|-resisted|p2b: Aggron|1
|-damage|p2b: Aggron|0 fnt
|faint|p2b: Aggron
|-damage|p1a: Garchomp|90/100|[from] item: Life Orb
|
|win|SHyperdestroyerVGC
|raw|SHyperdestroyerVGC's rating: 1175 → 1192(+17 for winning)
|raw|momowa's rating: 1059 → 1046(-13 for losing)
|l|☆momowa
|player|p2|
|j|☆momowa
|player|p2|momowa|twins-gen4|
