|j|☆Crash0utVGC
|j|☆Mazora
|html|Crash0utVGCMazora    
|uhtml|bestof|Game 3 of a best-of-3
|t:|1782294332
|gametype|doubles
|player|p1|Crash0utVGC|colress|1207
|player|p2|Mazora|102|1087
|gen|9
|tier|[Gen 9 Champions] VGC 2026 Reg M-B (Bo3)
|rated|
|rule|Species Clause: Limit one of each Pokémon
|rule|Item Clause: Limit 1 of each item
|clearpoke
|poke|p1|Pyroar, L50, F|
|poke|p1|Ninetales, L50, F, shiny|
|poke|p1|Whimsicott, L50, F|
|poke|p1|Floette-Eternal, L50, F|
|poke|p1|Basculegion, L50, M|
|poke|p1|Farigiraf, L50, F|
|poke|p2|Floette-Eternal, L50, F|
|poke|p2|Sceptile, L50, F, shiny|
|poke|p2|Rotom-Heat, L50, shiny|
|poke|p2|Garchomp, L50, M, shiny|
|poke|p2|Basculegion, L50, M, shiny|
|poke|p2|Aerodactyl, L50, M|
|teampreview|4
|showteam|p1|Pyroar||Pyroarite|Unnerve|HeatWave,Overheat,SolarBeam,Protect|Timid||F|||50|]Ninetales||ChoiceScarf|Drought|HeatWave,Overheat,SolarBeam,FakeTears|Modest||F|||50|]Whimsicott||FocusSash|Prankster|Moonblast,Tailwind,SunnyDay,Protect|Timid||F|||50|]Floette-Eternal||Floettite|FlowerVeil|Moonblast,LightofRuin,DazzlingGleam,Protect|Modest||F|||50|]Basculegion||LifeOrb|Adaptability|WaveCrash,LastRespects,AquaJet,Protect|Adamant||M|||50|]Farigiraf||SitrusBerry|ArmorTail|Psychic,Thunderbolt,TrickRoom,HelpingHand|Bold||F|||50|
|showteam|p2|Floette-Eternal||Floettite|FlowerVeil|Moonblast,DazzlingGleam,LightofRuin,Protect|Timid||F|||50|]Sceptile||Sceptilite|Overgrow|GrassKnot,DragonPulse,EarthPower,Detect|Timid||F|||50|]Rotom-Heat||ChoiceScarf|Levitate|Thunderbolt,Overheat,VoltSwitch,Discharge|Timid|||||50|]Garchomp||LifeOrb|SandVeil|DragonClaw,RockSlide,Protect,Earthquake|Jolly||M|||50|]Basculegion||SitrusBerry|Adaptability|WaveCrash,LastRespects,AquaJet,Protect|Adamant||M|||50|]Aerodactyl||FocusSash|Unnerve|RockSlide,DualWingbeat,Tailwind,WideGuard|Jolly||M|||50|
|inactive|Battle timer is ON: inactive players will automatically lose when time's up. (requested by Crash0utVGC)
|
|t:|1782294368
|teamsize|p1|4
|teamsize|p2|4
|start
|switch|p1a: Winnie|Whimsicott, L50, F|100/100
|switch|p1b: FairAndBalanced|Basculegion, L50, M|100/100
|switch|p2a: Aerodactyl|Aerodactyl, L50, M|100/100
|switch|p2b: Rotom|Rotom-Heat, L50, shiny|100/100
|-ability|p2a: Aerodactyl|Unnerve
|turn|1
|inactive|Mazora has 30 seconds left.
|
|t:|1782294394
|move|p1a: Winnie|Tailwind|p1a: Winnie
|-sidestart|p1: Crash0utVGC|move: Tailwind
|move|p1b: FairAndBalanced|Wave Crash|p2b: Rotom
|-supereffective|p2b: Rotom|1
|-damage|p2b: Rotom|0 fnt
|faint|p2b: Rotom
|-damage|p1b: FairAndBalanced|78/100|[from] Recoil
|-damage|p1b: FairAndBalanced|69/100|[from] item: Life Orb
|move|p2a: Aerodactyl|Dual Wingbeat|p1a: Winnie|[miss]
|-miss|p2a: Aerodactyl|p1a: Winnie
|
|upkeep
|
|t:|1782294413
|switch|p2b: Garchomp|Garchomp, L50, M, shiny|100/100
|turn|2
|
|t:|1782294422
|move|p2b: Garchomp|Protect|p2b: Garchomp
|-singleturn|p2b: Garchomp|Protect
|move|p1a: Winnie|Moonblast|p2a: Aerodactyl
|-damage|p2a: Aerodactyl|45/100
|move|p1b: FairAndBalanced|Wave Crash|p2b: Garchomp
|-activate|p2b: Garchomp|move: Protect
|move|p2a: Aerodactyl|Tailwind|p2a: Aerodactyl
|-sidestart|p2: Mazora|move: Tailwind
|
|upkeep
|turn|3
|
|t:|1782294441
|move|p1b: FairAndBalanced|Aqua Jet|p2a: Aerodactyl
|-supereffective|p2a: Aerodactyl|1
|-damage|p2a: Aerodactyl|0 fnt
|faint|p2a: Aerodactyl
|-damage|p1b: FairAndBalanced|59/100|[from] item: Life Orb
|move|p1a: Winnie|Moonblast|p2b: Garchomp
|-supereffective|p2b: Garchomp|1
|-damage|p2b: Garchomp|18/100
|move|p2b: Garchomp|Rock Slide|p1a: Winnie|[spread] p1a,p1b
|-damage|p1a: Winnie|59/100
|-damage|p1b: FairAndBalanced|33/100
|-damage|p2b: Garchomp|9/100|[from] item: Life Orb
|
|upkeep
|inactive|Mazora has 30 seconds left.
|
|t:|1782294470
|switch|p2a: Basculegion|Basculegion, L50, M, shiny|100/100
|turn|4
|
|t:|1782294495
|move|p1a: Winnie|Moonblast|p2b: Garchomp
|-supereffective|p2b: Garchomp|1
|-damage|p2b: Garchomp|0 fnt
|faint|p2b: Garchomp
|move|p1b: FairAndBalanced|Last Respects|p2a: Basculegion
|-supereffective|p2a: Basculegion|1
|-damage|p2a: Basculegion|21/100
|-enditem|p2a: Basculegion|Sitrus Berry|[eat]
|-heal|p2a: Basculegion|45/100|[from] item: Sitrus Berry
|-damage|p1b: FairAndBalanced|23/100|[from] item: Life Orb
|move|p2a: Basculegion|Last Respects|p1b: FairAndBalanced
|-supereffective|p1b: FairAndBalanced|1
|-damage|p1b: FairAndBalanced|0 fnt
|faint|p1b: FairAndBalanced
|
|-sideend|p1: Crash0utVGC|move: Tailwind
|upkeep
|
|t:|1782294502
|switch|p1b: Maleficant|Floette-Eternal, L50, F|100/100
|turn|5
|
|t:|1782294525
|detailschange|p1b: Maleficant|Floette-Mega, L50, F
|-mega|p1b: Maleficant|Floette|Floettite
|-ability|p1b: Maleficant|Fairy Aura
|move|p1a: Winnie|Tailwind|p1a: Winnie
|-sidestart|p1: Crash0utVGC|move: Tailwind
|move|p1b: Maleficant|Moonblast|p2a: Basculegion
|-damage|p2a: Basculegion|0 fnt
|faint|p2a: Basculegion
|
|win|Crash0utVGC
|raw|Crash0utVGC's rating: 1207 → 1224(+17 for winning)
|raw|Mazora's rating: 1087 → 1072(-15 for losing)
