|j|☆Odyssey022
|j|☆Koraidonkoalition
|html|Odyssey022Koraidonkoalition    
|uhtml|bestof|Game 1 of a best-of-3
|t:|1785420177
|gametype|doubles
|player|p1|Odyssey022|alder|1143
|player|p2|Koraidonkoalition|colress|1059
|gen|9
|tier|[Gen 9 Champions] VGC 2026 Reg M-B (Bo3)
|rated|
|rule|Species Clause: Limit one of each Pokémon
|rule|Item Clause: Limit 1 of each item
|clearpoke
|poke|p1|Meganium, L50, F|
|poke|p1|Glimmora, L50, F|
|poke|p1|Kommo-o, L50, M|
|poke|p1|Basculegion, L50, M|
|poke|p1|Kingambit, L50, F|
|poke|p1|Farigiraf, L50, F|
|poke|p2|Delphox, L50, M|
|poke|p2|Garchomp, L50, F|
|poke|p2|Sneasler, L50, M|
|poke|p2|Staraptor, L50, F|
|poke|p2|Kingambit, L50, M|
|poke|p2|Whimsicott, L50, F|
|teampreview|4
|showteam|p1|Meganium||Meganiumite|Overgrow|SolarBeam,WeatherBall,DazzlingGleam,Protect|Modest||F|||50|]Glimmora||Glimmoranite|ToxicDebris|EarthPower,PowerGem,SludgeBomb,SpikyShield|Modest||F|||50|]Kommo-o||LifeOrb|Overcoat|AuraSphere,VacuumWave,ClangingScales,Protect|Modest||M|||50|]Basculegion||ChoiceScarf|SwiftSwim|WaveCrash,FlipTurn,AquaJet,LastRespects|Jolly||M|||50|]Kingambit||BlackGlasses|Defiant|IronHead,KowtowCleave,SuckerPunch,SwordsDance|Adamant||F|||50|]Farigiraf||ColburBerry|ArmorTail|PsychicFangs,HelpingHand,TrickRoom,Roar|Calm||F|||50|
|showteam|p2|Delphox||Delphoxite|Blaze|HeatWave,Psychic,Substitute,Protect|Modest||M|||50|]Garchomp||LifeOrb|RoughSkin|Earthquake,DragonClaw,RockSlide,Protect|Jolly||F|||50|]Sneasler||FocusSash|Unburden|CloseCombat,DireClaw,RockTomb,FakeOut|Naive||M|||50|]Staraptor||Staraptite|Intimidate|CloseCombat,DualWingbeat,Roost,Protect|Jolly||F|||50|]Kingambit||ChopleBerry|Defiant|KowtowCleave,SuckerPunch,IronHead,LowKick|Adamant||M|||50|]Whimsicott||OccaBerry|Prankster|Moonblast,Charm,Tailwind,LightScreen|Timid||F|||50|
|inactive|Battle timer is ON: inactive players will automatically lose when time's up. (requested by Odyssey022)
|
|t:|1785420206
|teamsize|p1|4
|teamsize|p2|4
|start
|switch|p1a: Basculegion|Basculegion, L50, M|100/100
|switch|p1b: Farigiraf|Farigiraf, L50, F|100/100
|switch|p2a: Delphox|Delphox, L50, M|100/100
|switch|p2b: Kingambit|Kingambit, L50, M|100/100
|turn|1
|
|t:|1785420225
|move|p2a: Delphox|Protect|p2a: Delphox
|-singleturn|p2a: Delphox|Protect
|move|p1a: Basculegion|Flip Turn|p2a: Delphox
|-activate|p2a: Delphox|move: Protect
|move|p2b: Kingambit|Kowtow Cleave|p1a: Basculegion
|-supereffective|p1a: Basculegion|1
|-damage|p1a: Basculegion|0 fnt
|faint|p1a: Basculegion
|move|p1b: Farigiraf|Trick Room|p1b: Farigiraf
|-fieldstart|move: Trick Room|[of] p1b: Farigiraf
|
|upkeep
|
|t:|1785420236
|switch|p1a: Glimmora|Glimmora, L50, F|100/100
|turn|2
|
|t:|1785420249
|detailschange|p1a: Glimmora|Glimmora-Mega, L50, F
|-mega|p1a: Glimmora|Glimmora|Glimmoranite
|detailschange|p2a: Delphox|Delphox-Mega, L50, M
|-mega|p2a: Delphox|Delphox|Delphoxite
|move|p2b: Kingambit|Iron Head|p1a: Glimmora
|-supereffective|p1a: Glimmora|1
|-damage|p1a: Glimmora|10/100
|cant|p1a: Glimmora|flinch
|move|p2a: Delphox|Substitute|p2a: Delphox
|-start|p2a: Delphox|Substitute
|-damage|p2a: Delphox|75/100
|move|p1b: Farigiraf|Roar|p2b: Kingambit
|drag|p2b: Sneasler|Sneasler, L50, M|100/100
|
|upkeep
|turn|3
|
|t:|1785420265
|switch|p2b: Kingambit|Kingambit, L50, M|100/100
|move|p1a: Glimmora|Spiky Shield|p1a: Glimmora
|-singleturn|p1a: Glimmora|move: Protect
|move|p2a: Delphox|Protect|p2a: Delphox
|-singleturn|p2a: Delphox|Protect
|move|p1b: Farigiraf|Psychic Fangs|p2b: Kingambit
|-immune|p2b: Kingambit
|
|upkeep
|turn|4
|
|t:|1785420276
|move|p2b: Kingambit|Kowtow Cleave|p1a: Glimmora
|-damage|p1a: Glimmora|0 fnt
|faint|p1a: Glimmora
|move|p1b: Farigiraf|Psychic Fangs|p2a: Delphox
|-resisted|p2a: Delphox|1
|-activate|p2a: Delphox|move: Substitute|[damage]
|move|p2a: Delphox|Heat Wave|p1b: Farigiraf
|-damage|p1b: Farigiraf|53/100
|
|upkeep
|
|t:|1785420279
|switch|p1a: Kommo-o|Kommo-o, L50, M|100/100
|turn|5
|
|t:|1785420294
|move|p2b: Kingambit|Kowtow Cleave|p1b: Farigiraf
|-supereffective|p1b: Farigiraf|1
|-enditem|p1b: Farigiraf|Colbur Berry|[eat]
|-enditem|p1b: Farigiraf|Colbur Berry|[weaken]
|-damage|p1b: Farigiraf|13/100
|move|p1a: Kommo-o|Aura Sphere|p2b: Kingambit
|-supereffective|p2b: Kingambit|2
|-enditem|p2b: Kingambit|Chople Berry|[eat]
|-enditem|p2b: Kingambit|Chople Berry|[weaken]
|-damage|p2b: Kingambit|1/100
|-damage|p1a: Kommo-o|90/100|[from] item: Life Orb
|move|p2a: Delphox|Psychic|p1a: Kommo-o
|-supereffective|p1a: Kommo-o|1
|-damage|p1a: Kommo-o|0 fnt
|faint|p1a: Kommo-o
|move|p1b: Farigiraf|Roar|p2a: Delphox
|drag|p2a: Garchomp|Garchomp, L50, F|100/100
|
|-fieldend|move: Trick Room
|upkeep
|turn|6
|
|t:|1785420311
|move|p2a: Garchomp|Dragon Claw|p1b: Farigiraf
|-damage|p1b: Farigiraf|0 fnt
|faint|p1b: Farigiraf
|-damage|p2a: Garchomp|90/100|[from] item: Life Orb
|
|win|Koraidonkoalition
