|j|ŌśåSecureabag
|j|Ōśåtotsbite4
|html|Secureabagtotsbite4    
|uhtml|bestof|Game 2 of a best-of-3
|t:|1757004709
|gametype|doubles
|player|p1|Secureabag|101|
|player|p2|totsbite4|jogger|
|gen|9
|tier|[Gen 9] VGC 2025 Reg H (Bo3)
|rule|Species Clause: Limit one of each Pok├®mon
|rule|Item Clause: Limit 1 of each item
|clearpoke
|poke|p1|Politoed, L50, F|
|poke|p1|Gothitelle, L50, M|
|poke|p1|Incineroar, L50, F|
|poke|p1|Amoonguss, L50, M|
|poke|p1|Kingdra, L50, F|
|poke|p1|Archaludon, L50, M|
|poke|p2|Kommo-o, L50, F|
|poke|p2|Electabuzz, L50, F|
|poke|p2|Primarina, L50, M|
|poke|p2|Talonflame, L50, F|
|poke|p2|Rillaboom, L50, M|
|poke|p2|Sneasler, L50, M|
|teampreview|4
|showteam|p1|Politoed||Leftovers|Drizzle|Protect,WeatherBall,PerishSong,Encore|||F|||50|,,,,,Grass]Gothitelle||SitrusBerry|ShadowTag|Protect,Psychic,FakeOut,TrickRoom|||M|||50|,,,,,Dark]Incineroar||SafetyGoggles|Intimidate|Protect,KnockOff,FakeOut,PartingShot|||F|||50|,,,,,Ghost]Amoonguss||EjectButton|Regenerator|Protect,RagePowder,PollenPuff,Spore|||M|||50|,,,,,Fairy]Kingdra||LifeOrb|SwiftSwim|Protect,WeatherBall,DracoMeteor,MuddyWater|||F|||50|,,,,,Stellar]Archaludon||PowerHerb|Sturdy|Protect,ElectroShot,DragonPulse,FlashCannon|||M|||50|,,,,,Electric
|showteam|p2|Kommo-o||ThroatSpray|Soundproof|ClangingScales,Flamethrower,ClangorousSoul,Protect|||F|||50|,,,,,Fire]Electabuzz||Eviolite|VitalSpirit|FollowMe,Electroweb,Taunt,Protect|||F|||50|,,,,,Dragon]Primarina||LifeOrb|LiquidVoice|HyperVoice,Moonblast,Haze,Protect|||M|||50|,,,,,Poison]Talonflame||SharpBeak|GaleWings|BraveBird,WillOWisp,Tailwind,Protect|||F|||50|,,,,,Ghost]Rillaboom||AssaultVest|GrassySurge|GrassyGlide,WoodHammer,FakeOut,Uturn|||M|||50|,,,,,Fire]Sneasler||FocusSash|Unburden|DireClaw,CloseCombat,ThroatChop,Protect|||M|||50|,,,,,Dark
|j| ljwarrior
|j| unovarydrake
|j| IndianCrackCoffee
|j| LikeAHydreigon
|
|t:|1757004727
|teamsize|p1|4
|teamsize|p2|4
|start
|switch|p1a: Politoed|Politoed, L50, F|100/100
|switch|p1b: Kingdra|Kingdra, L50, F|100/100
|switch|p2a: Rillaboom|Rillaboom, L50, M|100/100
|switch|p2b: Kommo-o|Kommo-o, L50, F|100/100
|-fieldstart|move: Grassy Terrain|[from] ability: Grassy Surge|[of] p2a: Rillaboom
|-weather|RainDance|[from] ability: Drizzle|[of] p1a: Politoed
|turn|1
|inactive|Battle timer is ON: inactive players will automatically lose when time's up. (requested by Secureabag)
|
|t:|1757004747
|move|p1b: Kingdra|Protect|p1b: Kingdra
|-singleturn|p1b: Kingdra|Protect
|move|p2b: Kommo-o|Clangorous Soul|p2b: Kommo-o
|-boost|p2b: Kommo-o|atk|1
|-boost|p2b: Kommo-o|def|1
|-boost|p2b: Kommo-o|spa|1
|-boost|p2b: Kommo-o|spd|1
|-boost|p2b: Kommo-o|spe|1
|-damage|p2b: Kommo-o|68/100
|-enditem|p2b: Kommo-o|Throat Spray
|-boost|p2b: Kommo-o|spa|1|[from] item: Throat Spray
|move|p2a: Rillaboom|Wood Hammer|p1a: Politoed
|-supereffective|p1a: Politoed
|-damage|p1a: Politoed|0 fnt
|faint|p1a: Politoed
|-damage|p2a: Rillaboom|67/100|[from] Recoil
|
|-weather|RainDance|[upkeep]
|-heal|p2b: Kommo-o|74/100|[from] Grassy Terrain
|-heal|p2a: Rillaboom|73/100|[from] Grassy Terrain
|upkeep
|
|t:|1757004760
|switch|p1a: Archaludon|Archaludon, L50, M|100/100
|turn|2
|j| Kohbalt
|
|t:|1757004778
|move|p2b: Kommo-o|Protect|p2b: Kommo-o
|-singleturn|p2b: Kommo-o|Protect
|move|p1b: Kingdra|Draco Meteor|p2b: Kommo-o
|-activate|p2b: Kommo-o|move: Protect
|move|p1a: Archaludon|Electro Shot||[still]
|-prepare|p1a: Archaludon|Electro Shot
|-boost|p1a: Archaludon|spa|1
|-anim|p1a: Archaludon|Electro Shot|p2a: Rillaboom
|-resisted|p2a: Rillaboom
|-damage|p2a: Rillaboom|48/100
|move|p2a: Rillaboom|U-turn|p1b: Kingdra
|-damage|p1b: Kingdra|71/100
|j| laufey#1fan
|
|t:|1757004795
|switch|p2a: Sneasler|Sneasler, L50, M|100/100|[from] U-turn
|
|-weather|RainDance|[upkeep]
|-heal|p1b: Kingdra|77/100|[from] Grassy Terrain
|-heal|p2b: Kommo-o|80/100|[from] Grassy Terrain
|upkeep
|turn|3
|
|t:|1757004811
|-terastallize|p2b: Kommo-o|Fire
|move|p1b: Kingdra|Draco Meteor|p2b: Kommo-o
|-damage|p2b: Kommo-o|27/100
|-unboost|p1b: Kingdra|spa|2
|-damage|p1b: Kingdra|67/100|[from] item: Life Orb
|move|p2b: Kommo-o|Clanging Scales|p1a: Archaludon|[spread] p1a,p1b
|-supereffective|p1b: Kingdra
|-damage|p1a: Archaludon|3/100
|-damage|p1b: Kingdra|0 fnt
|faint|p1b: Kingdra
|-unboost|p2b: Kommo-o|def|1
|move|p2a: Sneasler|Close Combat|p1a: Archaludon
|-supereffective|p1a: Archaludon
|-damage|p1a: Archaludon|0 fnt
|-unboost|p2a: Sneasler|def|1
|-unboost|p2a: Sneasler|spd|1
|faint|p1a: Archaludon
|
|-weather|RainDance|[upkeep]
|-heal|p2b: Kommo-o|33/100|[from] Grassy Terrain
|upkeep
|
|t:|1757004816
|switch|p1b: Gothitelle|Gothitelle, L50, M|100/100
|turn|4
|c|ŌśåSecureabag|Gg
|c|ŌśåSecureabag|not my best set ­¤śé
|
|t:|1757004836
|move|p1b: Gothitelle|Fake Out|p2b: Kommo-o
|-damage|p2b: Kommo-o|28/100
|cant|p2b: Kommo-o|flinch
|move|p2a: Sneasler|Throat Chop|p1b: Gothitelle
|-supereffective|p1b: Gothitelle
|-damage|p1b: Gothitelle|43/100
|-start|p1b: Gothitelle|Throat Chop|[silent]
|-enditem|p1b: Gothitelle|Sitrus Berry|[eat]
|-heal|p1b: Gothitelle|68/100|[from] item: Sitrus Berry
|
|-weather|RainDance|[upkeep]
|-heal|p2b: Kommo-o|34/100|[from] Grassy Terrain
|-heal|p1b: Gothitelle|74/100|[from] Grassy Terrain
|upkeep
|turn|5
|l| LikeAHydreigon
|c|Ōśåtotsbite4|Ggs
|c|Ōśåtotsbite4|All good
|c|Ōśåtotsbite4|I took a risk fame 2
|c|Ōśåtotsbite4|Game
|l| IndianCrackCoffee
|c|Ōśåtotsbite4|Turn 1
|
|t:|1757004858
|move|p2b: Kommo-o|Clanging Scales|p1b: Gothitelle
|-damage|p1b: Gothitelle|11/100
|-unboost|p2b: Kommo-o|def|1
|move|p2a: Sneasler|Throat Chop|p1b: Gothitelle
|-supereffective|p1b: Gothitelle
|-damage|p1b: Gothitelle|0 fnt
|faint|p1b: Gothitelle
|
|win|totsbite4
|c|ŌśåSecureabag|I mean this team is a lil difficult to piloy
|c|Ōśåtotsbite4|That too
|l|ŌśåSecureabag
|player|p1|
|j|ŌśåSecureabag
|player|p1|Secureabag|101|
|l|Ōśåtotsbite4
|player|p2|
|l|ŌśåSecureabag
|player|p1|
|l| laufey#1fan
|j| LikeAHydreigon
|j|Ōśåtotsbite4
|player|p2|totsbite4|jogger|
|l| LikeAHydreigon
|l|Ōśåtotsbite4
|player|p2|
|l| unovarydrake
|l| Kohbalt
|j|Ōśåtotsbite4
|player|p2|totsbite4|jogger|
|l|Ōśåtotsbite4
|player|p2|
