|j|☆SenorSotomonte
|j|☆TheCrazyMonkey14
|html|SenorSotomonteTheCrazyMonkey14    
|uhtml|bestof|Game 2 of a best-of-3
|t:|1756410045
|gametype|doubles
|player|p1|SenorSotomonte|steven|1043
|player|p2|TheCrazyMonkey14|benga|1031
|gen|9
|tier|[Gen 9] VGC 2025 Reg H (Bo3)
|rated|
|rule|Species Clause: Limit one of each Pokémon
|rule|Item Clause: Limit 1 of each item
|clearpoke
|poke|p1|Talonflame, L50, F|
|poke|p1|Gholdengo, L50|
|poke|p1|Sneasler, L50, M|
|poke|p1|Incineroar, L50, M|
|poke|p1|Amoonguss, L50, F|
|poke|p1|Ursaluna-Bloodmoon, L50, M|
|poke|p2|Gholdengo, L50|
|poke|p2|Amoonguss, L50, F|
|poke|p2|Basculegion, L50, M|
|poke|p2|Pelipper, L50, M|
|poke|p2|Incineroar, L50, M|
|poke|p2|Archaludon, L50, F|
|teampreview|4
|showteam|p1|Talonflame||CovertCloak|GaleWings|FlareBlitz,DualWingbeat,WillOWisp,Tailwind|||F|||50|,,,,,Fairy]Gholdengo||LifeOrb|GoodasGold|Protect,MakeItRain,ShadowBall,NastyPlot||||||50|,,,,,Water]Sneasler||FocusSash|Unburden|Protect,DireClaw,CloseCombat,ThroatChop|||M|||50|,,,,,Stellar]Incineroar||SafetyGoggles|Intimidate|KnockOff,PartingShot,FlareBlitz,FakeOut|||M|||50|,,,,,Ghost]Amoonguss||SitrusBerry|Regenerator|RagePowder,Spore,PollenPuff,Protect|||F|||50|,,,,,Psychic]Ursaluna-Bloodmoon||AssaultVest|MindsEye|BloodMoon,EarthPower,VacuumWave,HyperVoice|||M|||50|,,,,,Water
|showteam|p2|Gholdengo||LifeOrb|GoodasGold|MakeItRain,ShadowBall,NastyPlot,Protect||||||50|,,,,,Water]Amoonguss||SitrusBerry|Regenerator|Spore,RagePowder,PollenPuff,Protect|||F|||50|,,,,,Psychic]Basculegion||ChoiceBand|SwiftSwim|WaveCrash,FlipTurn,LastRespects,AquaJet|||M|||50|,,,,,Water]Pelipper||FocusSash|Drizzle|WeatherBall,Hurricane,Tailwind,Protect|||M|||50|,,,,,Ground]Incineroar||SafetyGoggles|Intimidate|FlareBlitz,KnockOff,PartingShot,FakeOut|||M|||50|,,,,,Ghost]Archaludon||AssaultVest|Stamina|ElectroShot,FlashCannon,DracoMeteor,BodyPress|||F|||50|,,,,,Bug
|inactive|Battle timer is ON: inactive players will automatically lose when time's up. (requested by TheCrazyMonkey14)
|
|t:|1756410144
|teamsize|p1|4
|teamsize|p2|4
|start
|switch|p1a: Amoonguss|Amoonguss, L50, F|100/100
|switch|p1b: Ursaluna|Ursaluna-Bloodmoon, L50, M|100/100
|switch|p2a: Incineroar|Incineroar, L50, M|100/100
|switch|p2b: Archaludon|Archaludon, L50, F|100/100
|-ability|p2a: Incineroar|Intimidate|boost
|-unboost|p1a: Amoonguss|atk|1
|-unboost|p1b: Ursaluna|atk|1
|turn|1
|inactive|SenorSotomonte has 30 seconds left.
|inactive|TheCrazyMonkey14 has 30 seconds left.
|inactive|SenorSotomonte has 20 seconds left.
|inactive|TheCrazyMonkey14 has 20 seconds left.
|inactive|TheCrazyMonkey14 has 15 seconds left.
|inactive|TheCrazyMonkey14 has 10 seconds left.
|inactive|TheCrazyMonkey14 has 5 seconds left.
|
|t:|1756410198
|move|p2a: Incineroar|Fake Out|p1b: Ursaluna
|-damage|p1b: Ursaluna|92/100
|move|p2b: Archaludon|Draco Meteor|p1b: Ursaluna
|-damage|p1b: Ursaluna|54/100
|-unboost|p2b: Archaludon|spa|2
|cant|p1b: Ursaluna|flinch
|move|p1a: Amoonguss|Spore|p2b: Archaludon
|-status|p2b: Archaludon|slp|[from] move: Spore
|
|upkeep
|turn|2
|inactive|TheCrazyMonkey14 has 30 seconds left.
|inactive|SenorSotomonte has 30 seconds left.
|inactive|SenorSotomonte has 20 seconds left.
|inactive|SenorSotomonte has 15 seconds left.
|
|t:|1756410243
|switch|p2b: Pelipper|Pelipper, L50, M|100/100
|-weather|RainDance|[from] ability: Drizzle|[of] p2b: Pelipper
|move|p2a: Incineroar|Parting Shot|p1b: Ursaluna
|-unboost|p1b: Ursaluna|atk|1
|-unboost|p1b: Ursaluna|spa|1
|
|t:|1756410254
|switch|p2a: Basculegion|Basculegion, L50, M|100/100|[from] Parting Shot
|move|p1b: Ursaluna|Earth Power|p2a: Basculegion
|-damage|p2a: Basculegion|62/100
|move|p1a: Amoonguss|Pollen Puff|p1b: Ursaluna
|-heal|p1b: Ursaluna|100/100
|
|-weather|RainDance|[upkeep]
|upkeep
|turn|3
|inactive|SenorSotomonte has 30 seconds left.
|inactive|TheCrazyMonkey14 has 30 seconds left.
|
|t:|1756410286
|-terastallize|p2a: Basculegion|Water
|move|p1a: Amoonguss|Rage Powder|p1a: Amoonguss
|-singleturn|p1a: Amoonguss|move: Rage Powder
|move|p2a: Basculegion|Flip Turn|p1a: Amoonguss
|-resisted|p1a: Amoonguss
|-damage|p1a: Amoonguss|62/100
|
|t:|1756410294
|switch|p2a: Archaludon|Archaludon, L50, F|100/100 slp|[from] Flip Turn
|move|p2b: Pelipper|Hurricane|p1a: Amoonguss
|-supereffective|p1a: Amoonguss
|-damage|p1a: Amoonguss|0 fnt
|faint|p1a: Amoonguss
|move|p1b: Ursaluna|Blood Moon|p2a: Archaludon
|-resisted|p2a: Archaludon
|-damage|p2a: Archaludon|82/100 slp
|-ability|p2a: Archaludon|Stamina|boost
|-boost|p2a: Archaludon|def|1
|
|-weather|RainDance|[upkeep]
|upkeep
|
|t:|1756410313
|switch|p1a: Gholdengo|Gholdengo, L50|100/100
|turn|4
|
|t:|1756410324
|move|p1a: Gholdengo|Nasty Plot|p1a: Gholdengo
|-boost|p1a: Gholdengo|spa|2
|cant|p2a: Archaludon|slp
|move|p2b: Pelipper|Tailwind|p2b: Pelipper
|-sidestart|p2: TheCrazyMonkey14|move: Tailwind
|move|p1b: Ursaluna|Earth Power|p2a: Archaludon
|-supereffective|p2a: Archaludon
|-damage|p2a: Archaludon|37/100 slp
|-ability|p2a: Archaludon|Stamina|boost
|-boost|p2a: Archaludon|def|1
|
|-weather|RainDance|[upkeep]
|upkeep
|turn|5
|inactive|SenorSotomonte has 30 seconds left.
|inactive|SenorSotomonte has 20 seconds left.
|
|t:|1756410362
|cant|p2a: Archaludon|slp
|move|p2b: Pelipper|Hurricane|p1a: Gholdengo
|-resisted|p1a: Gholdengo
|-damage|p1a: Gholdengo|72/100
|-start|p1a: Gholdengo|confusion
|-activate|p1a: Gholdengo|confusion
|-damage|p1a: Gholdengo|66/100|[from] confusion
|move|p1b: Ursaluna|Earth Power|p2a: Archaludon
|-supereffective|p2a: Archaludon
|-damage|p2a: Archaludon|0 fnt
|faint|p2a: Archaludon
|
|-weather|RainDance|[upkeep]
|upkeep
|
|t:|1756410376
|switch|p2a: Basculegion|Basculegion, L50, M, tera:Water|62/100
|turn|6
|
|t:|1756410396
|switch|p1b: Sneasler|Sneasler, L50, M|100/100
|-activate|p1a: Gholdengo|confusion
|-damage|p1a: Gholdengo|60/100|[from] confusion
|move|p2a: Basculegion|Wave Crash|p1b: Sneasler
|-enditem|p1b: Sneasler|Focus Sash
|-damage|p1b: Sneasler|1/100
|-damage|p2a: Basculegion|36/100|[from] Recoil
|move|p2b: Pelipper|Weather Ball|p1a: Gholdengo
|-damage|p1a: Gholdengo|0 fnt
|faint|p1a: Gholdengo
|
|-weather|none
|upkeep
|
|t:|1756410407
|switch|p1a: Ursaluna|Ursaluna-Bloodmoon, L50, M|100/100
|turn|7
|
|t:|1756410423
|-terastallize|p1a: Ursaluna|Water
|move|p1b: Sneasler|Protect|p1b: Sneasler
|-singleturn|p1b: Sneasler|Protect
|move|p2a: Basculegion|Wave Crash|p1a: Ursaluna
|-resisted|p1a: Ursaluna
|-damage|p1a: Ursaluna|55/100
|-damage|p2a: Basculegion|20/100|[from] Recoil
|move|p2b: Pelipper|Weather Ball|p1b: Sneasler
|-activate|p1b: Sneasler|move: Protect
|move|p1a: Ursaluna|Hyper Voice|p2a: Basculegion|[spread] p2a,p2b
|-damage|p2a: Basculegion|0 fnt
|-damage|p2b: Pelipper|32/100
|faint|p2a: Basculegion
|
|-sideend|p2: TheCrazyMonkey14|move: Tailwind
|upkeep
|
|t:|1756410438
|switch|p2a: Incineroar|Incineroar, L50, M|100/100
|-ability|p2a: Incineroar|Intimidate|boost
|-unboost|p1a: Ursaluna|atk|1
|-unboost|p1b: Sneasler|atk|1
|turn|8
|inactive|TheCrazyMonkey14 has 30 seconds left.
|
|t:|1756410468
|move|p2a: Incineroar|Fake Out|p1b: Sneasler
|-damage|p1b: Sneasler|0 fnt
|faint|p1b: Sneasler
|move|p2b: Pelipper|Hurricane|p1a: Ursaluna|[miss]
|-miss|p2b: Pelipper|p1a: Ursaluna
|move|p1a: Ursaluna|Hyper Voice|p2a: Incineroar|[spread] p2a,p2b
|-damage|p2a: Incineroar|68/100
|-damage|p2b: Pelipper|0 fnt
|faint|p2b: Pelipper
|
|upkeep
|turn|9
|
|t:|1756410479
|move|p2a: Incineroar|Knock Off|p1a: Ursaluna
|-crit|p1a: Ursaluna
|-damage|p1a: Ursaluna|5/100
|-enditem|p1a: Ursaluna|Assault Vest|[from] move: Knock Off|[of] p2a: Incineroar
|move|p1a: Ursaluna|Earth Power|p2a: Incineroar
|-supereffective|p2a: Incineroar
|-damage|p2a: Incineroar|0 fnt
|faint|p2a: Incineroar
|
|win|SenorSotomonte
||SenorSotomonte is ready for game 3.
||TheCrazyMonkey14 is ready for game 3.
|uhtml|next|Next: Game 3 of 3
|l|☆SenorSotomonte
|player|p1|
