|j|☆chlokalok
|j|☆MrGardnHose
|html|chlokalokMrGardnHose    
|uhtml|bestof|Game 1 of a best-of-3
|t:|1782586887
|gametype|doubles
|player|p1|chlokalok|169|
|player|p2|MrGardnHose|jasmine-masters2|
|gen|9
|tier|[Gen 9 Champions] VGC 2026 Reg M-B (Bo3)
|rule|Species Clause: Limit one of each Pokémon
|rule|Item Clause: Limit 1 of each item
|clearpoke
|poke|p1|Farigiraf, L50, M, shiny|
|poke|p1|Mawile, L50, M, shiny|
|poke|p1|Torkoal, L50, F|
|poke|p1|Aerodactyl, L50, F|
|poke|p1|Vileplume, L50, F, shiny|
|poke|p1|Staraptor, L50, M, shiny|
|poke|p2|Whimsicott, L50, F, shiny|
|poke|p2|Swampert, L50, M, shiny|
|poke|p2|Pelipper, L50, F, shiny|
|poke|p2|Archaludon, L50, M, shiny|
|poke|p2|Basculegion, L50, M|
|poke|p2|Floette-Eternal, L50, F|
|teampreview|4
|showteam|p1|Farigiraf||SitrusBerry|ArmorTail|Thunderbolt,Psychic,TrickRoom,Protect|Modest||M|||50|]Mawile||Mawilite|HyperCutter|PlayRough,Protect,RockSlide,SuckerPunch|Adamant||M|||50|]Torkoal||LifeOrb|Drought|Protect,Eruption,WeatherBall,AncientPower|Quiet||F|||50|]Aerodactyl||Aerodactylite|Unnerve|Tailwind,RockSlide,DualWingbeat,IceFang|Jolly||F|||50|]Vileplume||FocusSash|Chlorophyll|SleepPowder,LeafStorm,AfterYou,SludgeBomb|Timid||F|||50|]Staraptor||ChoiceScarf|Intimidate|FinalGambit,BraveBird,CloseCombat,Tailwind|Jolly||M|||50|
|showteam|p2|Whimsicott||CobaBerry|Prankster|Moonblast,Tailwind,Encore,Protect|Bold||F|||50|]Swampert||Swampertite|Damp|WaveCrash,Earthquake,IcePunch,Protect|Adamant||M|||50|]Pelipper||LifeOrb|Drizzle|WeatherBall,Hurricane,Tailwind,Protect|Modest||F|||50|]Archaludon||Leftovers|Stamina|DracoMeteor,FlashCannon,ElectroShot,Protect|Modest||M|||50|]Basculegion||FocusSash|Adaptability|Liquidation,LastRespects,AquaJet,Protect|Adamant||M|||50|]Floette-Eternal||Floettite|FlowerVeil|Moonblast,DazzlingGleam,LightofRuin,Protect|Modest||F|||50|
|c|☆MrGardnHose|GLHF
|c|☆chlokalok|you okay with spectators?
|c|☆MrGardnHose|I am 0-1 down cause of the swaparound
|c|☆MrGardnHose|Yee
|j| FBISurveillanceMan
|inactive|Battle timer is ON: inactive players will automatically lose when time's up. (requested by chlokalok)
|c|☆chlokalok|Glhf
|j| Awammy
|j| Combustandy
|j| DmanVGC
|inactive|chlokalok has 60 seconds left.
|inactive|MrGardnHose has 60 seconds left.
|l| Combustandy
|inactive|chlokalok has 30 seconds left.
|inactive|MrGardnHose has 30 seconds left.
|inactive|chlokalok has 20 seconds left.
|inactive|MrGardnHose has 20 seconds left.
|inactive|MrGardnHose has 15 seconds left.
|
|t:|1782587006
|teamsize|p1|4
|teamsize|p2|4
|start
|switch|p1a: Farigiraf|Farigiraf, L50, M, shiny|100/100
|switch|p1b: Staraptor|Staraptor, L50, M, shiny|100/100
|switch|p2a: Archaludon|Archaludon, L50, M, shiny|100/100
|switch|p2b: Pelipper|Pelipper, L50, F, shiny|100/100
|-ability|p1b: Staraptor|Intimidate|boost
|-unboost|p2a: Archaludon|atk|1
|-unboost|p2b: Pelipper|atk|1
|-weather|RainDance|[from] ability: Drizzle|[of] p2b: Pelipper
|turn|1
|inactive|chlokalok has 30 seconds left.
|
|t:|1782587032
|switch|p2b: Basculegion|Basculegion, L50, M|100/100
|move|p2a: Archaludon|Protect|p2a: Archaludon
|-singleturn|p2a: Archaludon|Protect
|move|p1b: Staraptor|Final Gambit|p2b: Basculegion
|-immune|p2b: Basculegion
|move|p1a: Farigiraf|Trick Room|p1a: Farigiraf
|-fieldstart|move: Trick Room|[of] p1a: Farigiraf
|
|-weather|RainDance|[upkeep]
|upkeep
|turn|2
|j| Combustandy
|inactive|MrGardnHose has 30 seconds left.
|
|t:|1782587077
|move|p1a: Farigiraf|Thunderbolt|p2b: Basculegion
|-supereffective|p2b: Basculegion|1
|-damage|p2b: Basculegion|42/100
|move|p2a: Archaludon|Draco Meteor|p1a: Farigiraf
|-damage|p1a: Farigiraf|50/100g
|-unboost|p2a: Archaludon|spa|2
|move|p2b: Basculegion|Liquidation|p1b: Staraptor
|-damage|p1b: Staraptor|0 fnt
|faint|p1b: Staraptor
|
|-weather|RainDance|[upkeep]
|upkeep
|
|t:|1782587086
|switch|p1b: Mawile|Mawile, L50, M, shiny|100/100
|turn|3
|l| Combustandy
|
|t:|1782587097
|detailschange|p1b: Mawile|Mawile-Mega, L50, M, shiny
|-mega|p1b: Mawile|Mawile|Mawilite
|move|p2b: Basculegion|Protect|p2b: Basculegion
|-singleturn|p2b: Basculegion|Protect
|move|p1b: Mawile|Play Rough|p2a: Archaludon
|-damage|p2a: Archaludon|39/100
|-ability|p2a: Archaludon|Stamina|boost
|-boost|p2a: Archaludon|def|1
|move|p1a: Farigiraf|Thunderbolt|p2b: Basculegion
|-activate|p2b: Basculegion|move: Protect
|move|p2a: Archaludon|Electro Shot||[still]
|-prepare|p2a: Archaludon|Electro Shot
|-boost|p2a: Archaludon|spa|1
|-anim|p2a: Archaludon|Electro Shot|p1a: Farigiraf
|-damage|p1a: Farigiraf|29/100
|-enditem|p1a: Farigiraf|Sitrus Berry|[eat]
|-heal|p1a: Farigiraf|53/100|[from] item: Sitrus Berry
|
|-weather|RainDance|[upkeep]
|-heal|p2a: Archaludon|45/100|[from] item: Leftovers
|upkeep
|turn|4
|
|t:|1782587119
|move|p1a: Farigiraf|Protect|p1a: Farigiraf
|-singleturn|p1a: Farigiraf|Protect
|move|p2a: Archaludon|Protect|p2a: Archaludon
|-singleturn|p2a: Archaludon|Protect
|move|p1b: Mawile|Play Rough|p2b: Basculegion
|-damage|p2b: Basculegion|0 fnt
|faint|p2b: Basculegion
|
|-weather|RainDance|[upkeep]
|-heal|p2a: Archaludon|51/100|[from] item: Leftovers
|upkeep
|
|t:|1782587126
|switch|p2b: Pelipper|Pelipper, L50, F, shiny|100/100
|turn|5
|
|t:|1782587140
|move|p2b: Pelipper|Protect|p2b: Pelipper
|-singleturn|p2b: Pelipper|Protect
|move|p1b: Mawile|Play Rough|p2a: Archaludon
|-damage|p2a: Archaludon|5/100
|-ability|p2a: Archaludon|Stamina|boost
|-boost|p2a: Archaludon|def|1
|move|p1a: Farigiraf|Psychic|p2a: Archaludon
|-resisted|p2a: Archaludon|1
|-damage|p2a: Archaludon|0 fnt
|faint|p2a: Archaludon
|
|-weather|none
|-fieldend|move: Trick Room
|upkeep
|
|t:|1782587147
|switch|p2a: Floette|Floette-Eternal, L50, F|100/100
|turn|6
|inactive|MrGardnHose has 30 seconds left.
|inactive|MrGardnHose has 20 seconds left.
|inactive|MrGardnHose has 15 seconds left.
|
|t:|1782587188
|detailschange|p2a: Floette|Floette-Mega, L50, F
|-mega|p2a: Floette|Floette|Floettite
|-ability|p2a: Floette|Fairy Aura
|move|p2a: Floette|Light of Ruin|p1b: Mawile
|-resisted|p1b: Mawile|1
|-damage|p1b: Mawile|28/100
|-damage|p2a: Floette|64/100|[from] Recoil
|move|p2b: Pelipper|Hurricane|p1a: Farigiraf|[miss]
|-miss|p2b: Pelipper|p1a: Farigiraf
|move|p1b: Mawile|Play Rough|p2a: Floette|[miss]
|-miss|p1b: Mawile|p2a: Floette
|move|p1a: Farigiraf|Trick Room|p1a: Farigiraf
|-fieldstart|move: Trick Room|[of] p1a: Farigiraf
|
|upkeep
|turn|7
|
|t:|1782587201
|move|p2a: Floette|Protect|p2a: Floette
|-singleturn|p2a: Floette|Protect
|move|p1b: Mawile|Play Rough|p2a: Floette
|-activate|p2a: Floette|move: Protect
|move|p1a: Farigiraf|Thunderbolt|p2b: Pelipper
|-supereffective|p2b: Pelipper|2
|-damage|p2b: Pelipper|0 fnt
|faint|p2b: Pelipper
|
|upkeep
|turn|8
|
|t:|1782587211
|move|p1b: Mawile|Play Rough|p2a: Floette
|-damage|p2a: Floette|0 fnt
|faint|p2a: Floette
|
|win|chlokalok
|l|☆MrGardnHose
|player|p2|
|j|☆MrGardnHose
|player|p2|MrGardnHose|jasmine-masters2|
|c|☆MrGardnHose|Ggs
|c|☆chlokalok|thats it right?
|c|☆MrGardnHose|2-0 victory
|c|☆chlokalok|gg
|c| DmanVGC|yep ggs both
|l| Awammy
|l|☆MrGardnHose
|player|p2|
