|j|☆Sylviana GL
|j|☆Tracansao
|html|Sylviana GLTracansao    
|uhtml|bestof|Game 2 of a best-of-3
|t:|1782758959
|gametype|doubles
|player|p1|Sylviana GL|caitlin|1040
|player|p2|Tracansao|flannery|1000
|gen|9
|tier|[Gen 9 Champions] VGC 2026 Reg M-B (Bo3)
|rated|
|rule|Species Clause: Limit one of each Pokémon
|rule|Item Clause: Limit 1 of each item
|clearpoke
|poke|p1|Metagross, L50, shiny|
|poke|p1|Incineroar, L50, F, shiny|
|poke|p1|Hydreigon, L50, F, shiny|
|poke|p1|Sneasler, L50, F|
|poke|p1|Pelipper, L50, M|
|poke|p1|Grimmsnarl, L50, M|
|poke|p2|Pelipper, L50, M, shiny|
|poke|p2|Sinistcha, L50|
|poke|p2|Archaludon, L50, M, shiny|
|poke|p2|Sableye, L50, M, shiny|
|poke|p2|Raichu, L50, F|
|poke|p2|Palafin, L50, F|
|teampreview|4
|showteam|p1|Metagross||Metagrossite|ClearBody|PsychicFangs,IronHead,StompingTantrum,Protect|Jolly|||||50|]Incineroar||PasshoBerry|Intimidate|FakeOut,PartingShot,FlareBlitz,ThroatChop|Impish||F|||50|]Hydreigon||ChoiceScarf|Levitate|DracoMeteor,DarkPulse,Snarl,EarthPower|Modest||F|||50|]Sneasler||FocusSash|Unburden|CloseCombat,DireClaw,FakeOut,Coaching|Jolly||F|||50|]Pelipper||SitrusBerry|Drizzle|WeatherBall,Hurricane,Tailwind,Protect|Bold||M|||50|]Grimmsnarl||LightClay|Prankster|SpiritBreak,Reflect,LightScreen,PartingShot|Sassy||M|||50|
|showteam|p2|Pelipper||FocusSash|Drizzle|WeatherBall,Hurricane,Tailwind,WideGuard|Modest||M|||50|]Sinistcha||KasibBerry|Hospitality|MatchaGotcha,RagePowder,LifeDew,TrickRoom|Bold|||||50|]Archaludon||Leftovers|Stamina|ElectroShot,FlashCannon,DragonPulse,Protect|Modest||M|||50|]Sableye||RoseliBerry|Prankster|Encore,Reflect,LightScreen,RainDance|Sassy||M|||50|]Raichu||RaichuniteY|LightningRod|FakeOut,Protect,ZapCannon,FocusBlast|Hasty||F|||50|]Palafin||MysticWater|ZerotoHero|WaveCrash,JetPunch,CloseCombat,Protect|Jolly||F|||50|
|inactive|Battle timer is ON: inactive players will automatically lose when time's up. (requested by Tracansao)
|
|t:|1782758978
|teamsize|p1|4
|teamsize|p2|4
|start
|switch|p1a: Grimmsnarl|Grimmsnarl, L50, M|100/100
|switch|p1b: Incineroar|Incineroar, L50, F, shiny|100/100
|switch|p2a: Palafin|Palafin, L50, F|100/100
|switch|p2b: Sableye|Sableye, L50, M, shiny|100/100
|-ability|p1b: Incineroar|Intimidate|boost
|-unboost|p2a: Palafin|atk|1
|-unboost|p2b: Sableye|atk|1
|turn|1
|inactive|Sylviana GL has 30 seconds left.
|
|t:|1782759005
|detailschange|p2a: Palafin|Palafin-Hero, L50, F
|switch|p2a: Archaludon|Archaludon, L50, M, shiny|100/100
|move|p1b: Incineroar|Fake Out|p2a: Archaludon
|-resisted|p2a: Archaludon|1
|-damage|p2a: Archaludon|95/100
|-ability|p2a: Archaludon|Stamina|boost
|-boost|p2a: Archaludon|def|1
|move|p2b: Sableye|Reflect|p2b: Sableye
|-sidestart|p2: Tracansao|Reflect
|move|p1a: Grimmsnarl|Spirit Break|p2a: Archaludon
|-damage|p2a: Archaludon|85/100
|-unboost|p2a: Archaludon|spa|1
|-ability|p2a: Archaludon|Stamina|boost
|-boost|p2a: Archaludon|def|1
|
|-heal|p2a: Archaludon|91/100|[from] item: Leftovers
|upkeep
|turn|2
|
|t:|1782759021
|move|p1a: Grimmsnarl|Light Screen|p1a: Grimmsnarl
|-sidestart|p1: Sylviana GL|move: Light Screen
|move|p2b: Sableye|Rain Dance|p2b: Sableye
|-weather|RainDance
|move|p2a: Archaludon|Electro Shot||[still]
|-prepare|p2a: Archaludon|Electro Shot
|-boost|p2a: Archaludon|spa|1
|-anim|p2a: Archaludon|Electro Shot|p1a: Grimmsnarl
|-crit|p1a: Grimmsnarl
|-damage|p1a: Grimmsnarl|48/100
|move|p1b: Incineroar|Parting Shot|p2a: Archaludon
|-unboost|p2a: Archaludon|atk|1
|-unboost|p2a: Archaludon|spa|1
|
|t:|1782759033
|switch|p1b: Hydreigon|Hydreigon, L50, F, shiny|100/100|[from] Parting Shot
|
|-weather|RainDance|[upkeep]
|-heal|p2a: Archaludon|97/100|[from] item: Leftovers
|upkeep
|turn|3
|
|t:|1782759042
|move|p1a: Grimmsnarl|Parting Shot|p2a: Archaludon
|-unboost|p2a: Archaludon|atk|1
|-unboost|p2a: Archaludon|spa|1
|
|t:|1782759046
|switch|p1a: Incineroar|Incineroar, L50, F, shiny|100/100|[from] Parting Shot
|-ability|p1a: Incineroar|Intimidate|boost
|-unboost|p2a: Archaludon|atk|1
|-unboost|p2b: Sableye|atk|1
|move|p2b: Sableye|Light Screen|p2b: Sableye
|-sidestart|p2: Tracansao|move: Light Screen
|move|p1b: Hydreigon|Earth Power|p2a: Archaludon
|-supereffective|p2a: Archaludon|1
|-damage|p2a: Archaludon|51/100
|-ability|p2a: Archaludon|Stamina|boost
|-boost|p2a: Archaludon|def|1
|move|p2a: Archaludon|Electro Shot||[still]
|-prepare|p2a: Archaludon|Electro Shot
|-boost|p2a: Archaludon|spa|1
|-anim|p2a: Archaludon|Electro Shot|p1a: Incineroar
|-crit|p1a: Incineroar
|-damage|p1a: Incineroar|50/100g
|
|-weather|RainDance|[upkeep]
|-heal|p2a: Archaludon|57/100|[from] item: Leftovers
|upkeep
|turn|4
|
|t:|1782759069
|switch|p1a: Grimmsnarl|Grimmsnarl, L50, M|48/100
|switch|p2b: Raichu|Raichu, L50, F|100/100
|move|p1b: Hydreigon|Earth Power|p2a: Archaludon
|-supereffective|p2a: Archaludon|1
|-damage|p2a: Archaludon|13/100
|-unboost|p2a: Archaludon|spd|1
|-ability|p2a: Archaludon|Stamina|boost
|-boost|p2a: Archaludon|def|1
|move|p2a: Archaludon|Electro Shot||[still]
|-activate|p2b: Raichu|ability: Lightning Rod
|-prepare|p2a: Archaludon|Electro Shot
|-boost|p2a: Archaludon|spa|1
|-anim|p2a: Archaludon|Electro Shot|p2b: Raichu
|-ability|p2b: Raichu|Lightning Rod|boost
|-boost|p2b: Raichu|spa|1
|
|-weather|RainDance|[upkeep]
|-heal|p2a: Archaludon|19/100|[from] item: Leftovers
|upkeep
|turn|5
|inactive|Sylviana GL has 30 seconds left.
|inactive|Sylviana GL has 20 seconds left.
|
|t:|1782759108
|detailschange|p2b: Raichu|Raichu-Mega-Y, L50, F
|-mega|p2b: Raichu|Raichu|Raichunite Y
|move|p2a: Archaludon|Protect|p2a: Archaludon
|-singleturn|p2a: Archaludon|Protect
|move|p1a: Grimmsnarl|Parting Shot|p2a: Archaludon
|-activate|p2a: Archaludon|move: Protect
|move|p1b: Hydreigon|Earth Power|p2b: Raichu
|-supereffective|p2b: Raichu|1
|-damage|p2b: Raichu|25/100
|move|p2b: Raichu|Zap Cannon|p1b: Hydreigon
|-resisted|p1b: Hydreigon|1
|-damage|p1b: Hydreigon|58/100
|-status|p1b: Hydreigon|par
|
|-weather|RainDance|[upkeep]
|-heal|p2a: Archaludon|26/100|[from] item: Leftovers
|-sideend|p2: Tracansao|Reflect
|upkeep
|turn|6
|
|t:|1782759128
|switch|p1b: Incineroar|Incineroar, L50, F, shiny|50/100g
|-ability|p1b: Incineroar|Intimidate|boost
|-unboost|p2a: Archaludon|atk|1
|-unboost|p2b: Raichu|atk|1
|move|p1a: Grimmsnarl|Parting Shot|p2b: Raichu
|-unboost|p2b: Raichu|atk|1
|-unboost|p2b: Raichu|spa|1
|
|t:|1782759136
|switch|p1a: Hydreigon|Hydreigon, L50, F, shiny|58/100 par|[from] Parting Shot
|move|p2b: Raichu|Focus Blast|p1b: Incineroar
|-supereffective|p1b: Incineroar|1
|-damage|p1b: Incineroar|0 fnt
|faint|p1b: Incineroar
|move|p2a: Archaludon|Dragon Pulse|p1a: Hydreigon
|-supereffective|p1a: Hydreigon|1
|-damage|p1a: Hydreigon|0 fnt
|faint|p1a: Hydreigon
|
|-weather|none
|-heal|p2a: Archaludon|32/100|[from] item: Leftovers
|upkeep
|c|☆Sylviana GL|damn got the read right
|
|t:|1782759149
|switch|p1a: Grimmsnarl|Grimmsnarl, L50, M|48/100
|switch|p1b: Sneasler|Sneasler, L50, F|100/100
|turn|7
|
|t:|1782759163
|switch|p2b: Palafin|Palafin-Hero, L50, F|100/100
|-activate|p2b: Palafin|ability: Zero to Hero
|switch|p2a: Sableye|Sableye, L50, M, shiny|100/100
|move|p1b: Sneasler|Close Combat|p2a: Sableye
|-immune|p2a: Sableye
|move|p1a: Grimmsnarl|Spirit Break|p2b: Palafin
|-damage|p2b: Palafin|67/100
|-unboost|p2b: Palafin|spa|1
|
|-sideend|p2: Tracansao|move: Light Screen
|upkeep
|turn|8
|inactive|Tracansao has 30 seconds left.
|inactive|Sylviana GL has 30 seconds left.
|
|t:|1782759199
|move|p2a: Sableye|Reflect|p2a: Sableye
|-sidestart|p2: Tracansao|Reflect
|move|p1b: Sneasler|Dire Claw|p2b: Palafin
|-damage|p2b: Palafin|37/100
|move|p2b: Palafin|Wave Crash|p1a: Grimmsnarl
|-damage|p1a: Grimmsnarl|0 fnt
|faint|p1a: Grimmsnarl
|-damage|p2b: Palafin|19/100|[from] Recoil
|
|upkeep
|turn|9
|
|t:|1782759209
|switch|p2b: Archaludon|Archaludon, L50, M, shiny|32/100
|move|p2a: Sableye|Encore|p1b: Sneasler
|-start|p1b: Sneasler|Encore
|move|p1b: Sneasler|Dire Claw|p2b: Archaludon
|-immune|p2b: Archaludon
|
|-heal|p2b: Archaludon|38/100|[from] item: Leftovers
|-sideend|p1: Sylviana GL|move: Light Screen
|upkeep
|turn|10
|-message|Sylviana GL forfeited.
|
|win|Tracansao
|l|☆Sylviana GL
|player|p1|
||Tracansao is ready for game 3.
||Sylviana GL is ready for game 3.
|uhtml|next|Next: Game 3 of 3
|l|☆Tracansao
|player|p2|
|j|☆Sylviana GL
|player|p1|Sylviana GL|caitlin|
