|j|☆zpoogi
|j|☆sebtct
|html|zpoogisebtct    
|uhtml|bestof|Game 2 of a best-of-3
|t:|1757745079
|gametype|doubles
|player|p1|zpoogi|az|1071
|player|p2|sebtct|1|1063
|gen|9
|tier|[Gen 9] VGC 2025 Reg H (Bo3)
|rated|
|rule|Species Clause: Limit one of each Pokémon
|rule|Item Clause: Limit 1 of each item
|clearpoke
|poke|p1|Chesnaught, L50, M|
|poke|p1|Indeedee, L50, M|
|poke|p1|Sneasler, L50, F|
|poke|p1|Sinistcha-Masterpiece, L50|
|poke|p1|Pelipper, L50, M|
|poke|p1|Basculegion, L50, M|
|poke|p2|Indeedee, L50, M|
|poke|p2|Hawlucha, L50, M|
|poke|p2|Annihilape, L50, F|
|poke|p2|Amoonguss, L50, F|
|poke|p2|Ninetales-Alola, L50, F|
|poke|p2|Hydreigon, L50, M|
|teampreview|4
|showteam|p1|Chesnaught||PsychicSeed|Bulletproof|BulkUp,KnockOff,BodyPress,SpikyShield|||M|||50|,,,,,Fire]Indeedee||ChoiceScarf|PsychicSurge|ExpandingForce,TeraBlast,Trick,Protect|||M|||50|,,,,,Psychic]Sneasler||WhiteHerb|Unburden|CloseCombat,DireClaw,Protect,Coaching|||F|||50|,,,,,Stellar]Sinistcha-Masterpiece||SitrusBerry|Hospitality|MatchaGotcha,RagePowder,TrickRoom,LifeDew||||||50|,,,,,Water]Pelipper||FocusSash|Drizzle|WeatherBall,Hurricane,Tailwind,Protect|||M|||50|,,,,,Stellar]Basculegion||ChoiceBand|SwiftSwim|WaveCrash,LastRespects,FlipTurn,AquaJet|||M|||50|,,,,,Water
|showteam|p2|Indeedee||FocusSash|PsychicSurge|ExpandingForce,TrickRoom,Imprison,TeraBlast|||M|||50|,,,,,Ground]Hawlucha||PsychicSeed|Unburden|CloseCombat,Acrobatics,RockTomb,Protect|||M|||50|,,,,,Flying]Annihilape||ChoiceScarf|Defiant|FinalGambit,CloseCombat,RageFist,Uturn|||F|||50|,,,,,Ghost]Amoonguss||SitrusBerry|Regenerator|PollenPuff,Spore,RagePowder,ClearSmog|||F|||50|,,,,,Water]Ninetales-Alola||NeverMeltIce|SnowWarning|Blizzard,FreezeDry,Encore,Protect|||F|||50|,,,,,Ice]Hydreigon||AssaultVest|Levitate|DarkPulse,DracoMeteor,EarthPower,FlashCannon|||M|||50|,,,,,Ghost
|inactive|Battle timer is ON: inactive players will automatically lose when time's up. (requested by zpoogi)
|
|t:|1757745106
|teamsize|p1|4
|teamsize|p2|4
|start
|switch|p1a: Chesnaught|Chesnaught, L50, M|100/100
|switch|p1b: Indeedee|Indeedee, L50, M|100/100
|switch|p2a: Hawlucha|Hawlucha, L50, M|100/100
|switch|p2b: Hydreigon|Hydreigon, L50, M|100/100
|-fieldstart|move: Psychic Terrain|[from] ability: Psychic Surge|[of] p1b: Indeedee
|-enditem|p2a: Hawlucha|Psychic Seed
|-boost|p2a: Hawlucha|spd|1|[from] item: Psychic Seed
|-enditem|p1a: Chesnaught|Psychic Seed
|-boost|p1a: Chesnaught|spd|1|[from] item: Psychic Seed
|turn|1
|
|t:|1757745124
|switch|p1b: Sneasler|Sneasler, L50, F|100/100
|-terastallize|p1a: Chesnaught|Fire
|move|p2a: Hawlucha|Protect|p2a: Hawlucha
|-singleturn|p2a: Hawlucha|Protect
|move|p2b: Hydreigon|Dark Pulse|p1b: Sneasler
|-resisted|p1b: Sneasler
|-damage|p1b: Sneasler|71/100
|move|p1a: Chesnaught|Bulk Up|p1a: Chesnaught
|-boost|p1a: Chesnaught|atk|1
|-boost|p1a: Chesnaught|def|1
|
|upkeep
|turn|2
|
|t:|1757745142
|move|p2a: Hawlucha|Acrobatics|p1b: Sneasler
|-supereffective|p1b: Sneasler
|-damage|p1b: Sneasler|0 fnt
|faint|p1b: Sneasler
|move|p2b: Hydreigon|Earth Power|p1a: Chesnaught
|-supereffective|p1a: Chesnaught
|-damage|p1a: Chesnaught|58/100
|move|p1a: Chesnaught|Knock Off|p2b: Hydreigon
|-resisted|p2b: Hydreigon
|-damage|p2b: Hydreigon|78/100
|-enditem|p2b: Hydreigon|Assault Vest|[from] move: Knock Off|[of] p1a: Chesnaught
|
|upkeep
|
|t:|1757745154
|switch|p1b: Sinistcha|Sinistcha-Masterpiece, L50|100/100
|-heal|p1a: Chesnaught|83/100|[from] ability: Hospitality|[of] p1b: Sinistcha
|turn|3
|
|t:|1757745171
|switch|p1b: Indeedee|Indeedee, L50, M|100/100
|-terastallize|p2b: Hydreigon|Ghost
|move|p2a: Hawlucha|Acrobatics|p1b: Indeedee
|-damage|p1b: Indeedee|4/100
|move|p2b: Hydreigon|Earth Power|p1a: Chesnaught
|-supereffective|p1a: Chesnaught
|-damage|p1a: Chesnaught|38/100
|move|p1a: Chesnaught|Bulk Up|p1a: Chesnaught
|-boost|p1a: Chesnaught|atk|1
|-boost|p1a: Chesnaught|def|1
|
|upkeep
|turn|4
|
|t:|1757745186
|switch|p1b: Sinistcha|Sinistcha-Masterpiece, L50|100/100
|-heal|p1a: Chesnaught|62/100|[from] ability: Hospitality|[of] p1b: Sinistcha
|move|p2a: Hawlucha|Acrobatics|p1b: Sinistcha
|-supereffective|p1b: Sinistcha
|-damage|p1b: Sinistcha|28/100
|-enditem|p1b: Sinistcha|Sitrus Berry|[eat]
|-heal|p1b: Sinistcha|53/100|[from] item: Sitrus Berry
|move|p2b: Hydreigon|Earth Power|p1a: Chesnaught
|-supereffective|p1a: Chesnaught
|-damage|p1a: Chesnaught|18/100
|move|p1a: Chesnaught|Knock Off|p2b: Hydreigon
|-supereffective|p2b: Hydreigon
|-damage|p2b: Hydreigon|4/100
|
|upkeep
|turn|5
|inactive|zpoogi has 30 seconds left.
|
|t:|1757745221
|move|p2a: Hawlucha|Acrobatics|p1b: Sinistcha
|-supereffective|p1b: Sinistcha
|-damage|p1b: Sinistcha|0 fnt
|faint|p1b: Sinistcha
|move|p2b: Hydreigon|Earth Power|p1a: Chesnaught
|-supereffective|p1a: Chesnaught
|-damage|p1a: Chesnaught|0 fnt
|faint|p1a: Chesnaught
|
|-fieldend|move: Psychic Terrain
|upkeep
|-message|zpoogi forfeited.
|
|win|sebtct
|raw|zpoogi's rating: 1071 → 1050(-21 for losing)
|raw|sebtct's rating: 1063 → 1094(+31 for winning)
|l|☆zpoogi
|player|p1|
|l|☆sebtct
|player|p2|
