|j|☆LeonardPlayz
|j|☆chocokoala vgc
|html|LeonardPlayzchocokoala vgc    
|uhtml|bestof|Game 3 of a best-of-3
|t:|1784111793
|gametype|doubles
|player|p1|LeonardPlayz|hilbert-wonderlauncher|1149
|player|p2|chocokoala vgc|benga|1268
|gen|9
|tier|[Gen 9 Champions] VGC 2026 Reg M-B (Bo3)
|rated|
|rule|Species Clause: Limit one of each Pokémon
|rule|Item Clause: Limit 1 of each item
|clearpoke
|poke|p1|Barbaracle, L50, F|
|poke|p1|Gardevoir, L50, F|
|poke|p1|Volcarona, L50, F|
|poke|p1|Gengar, L50, F|
|poke|p1|Mr. Rime, L50, F|
|poke|p1|Krookodile, L50, F|
|poke|p2|Slowbro, L50, F|
|poke|p2|Appletun, L50, M|
|poke|p2|Incineroar, L50, F|
|poke|p2|Glimmora, L50, M|
|poke|p2|Ninetales-Alola, L50, M|
|poke|p2|Conkeldurr, L50, F|
|teampreview|4
|showteam|p1|Barbaracle||Barbaracite|ToughClaws|RockSlide,BrickBreak,ShellSmash,Protect|Adamant||F|||50|]Gardevoir||Gardevoirite|Telepathy|HyperVoice,Psyshock,Thunderbolt,Protect|Timid||F|||50|]Volcarona||ChartiBerry|FlameBody|Tailwind,Flamethrower,WillOWisp,RagePowder|Timid||F|||50|]Gengar||FocusSash|CursedBody|ShadowBall,SludgeBomb,Taunt,Protect|Timid||F|||50|]Mr. Rime||NeverMeltIce|ScreenCleaner|FakeOut,FreezeDry,Encore,Protect|Timid||F|||50|]Krookodile||ChopleBerry|Intimidate|StoneEdge,HighHorsepower,KnockOff,Protect|Adamant||F|||50|
|showteam|p2|Slowbro||Slowbronite|Regenerator|Psychic,Scald,Protect,TrickRoom|Modest||F|||50|]Appletun||Leftovers|ThickFat|AppleAcid,DragonPulse,Protect,LeechSeed|Sassy||M|||50|]Incineroar||SitrusBerry|Intimidate|FakeOut,PartingShot,FlareBlitz,DarkestLariat|Careful||F|||50|]Glimmora||Glimmoranite|ToxicDebris|PowerGem,SludgeBomb,SpikyShield,EarthPower|Timid||M|||50|]Ninetales-Alola||LightClay|SnowWarning|Blizzard,Moonblast,Protect,AuroraVeil|Timid||M|||50|]Conkeldurr||LifeOrb|IronFist|MachPunch,DrainPunch,Protect,KnockOff|Brave||F|||50|
|inactive|Battle timer is ON: inactive players will automatically lose when time's up. (requested by LeonardPlayz)
|inactive|chocokoala vgc also wants the timer to be on.
|
|t:|1784111813
|teamsize|p1|4
|teamsize|p2|4
|start
|switch|p1a: Mr. Rime|Mr. Rime, L50, F|100/100
|switch|p1b: Barbaracle|Barbaracle, L50, F|100/100
|switch|p2a: Glimmora|Glimmora, L50, M|100/100
|switch|p2b: Incineroar|Incineroar, L50, F|100/100
|-ability|p2b: Incineroar|Intimidate|boost
|-unboost|p1a: Mr. Rime|atk|1
|-unboost|p1b: Barbaracle|atk|1
|turn|1
|
|t:|1784111831
|detailschange|p2a: Glimmora|Glimmora-Mega, L50, M
|-mega|p2a: Glimmora|Glimmora|Glimmoranite
|move|p1a: Mr. Rime|Fake Out|p2b: Incineroar
|-damage|p2b: Incineroar|96/100
|cant|p2b: Incineroar|flinch
|move|p2a: Glimmora|Power Gem|p1a: Mr. Rime
|-supereffective|p1a: Mr. Rime|1
|-damage|p1a: Mr. Rime|0 fnt
|faint|p1a: Mr. Rime
|move|p1b: Barbaracle|Shell Smash|p1b: Barbaracle
|-unboost|p1b: Barbaracle|def|1
|-unboost|p1b: Barbaracle|spd|1
|-boost|p1b: Barbaracle|atk|2
|-boost|p1b: Barbaracle|spa|2
|-boost|p1b: Barbaracle|spe|2
|
|upkeep
|
|t:|1784111855
|switch|p1a: Krookodile|Krookodile, L50, F|100/100
|-ability|p1a: Krookodile|Intimidate|boost
|-unboost|p2a: Glimmora|atk|1
|-unboost|p2b: Incineroar|atk|1
|turn|2
|
|t:|1784111867
|switch|p2b: Ninetales|Ninetales-Alola, L50, M|100/100
|-weather|Snowscape|[from] ability: Snow Warning|[of] p2b: Ninetales
|move|p2a: Glimmora|Spiky Shield|p2a: Glimmora
|-singleturn|p2a: Glimmora|move: Protect
|move|p1b: Barbaracle|Brick Break|p2b: Ninetales
|-damage|p2b: Ninetales|55/100
|move|p1a: Krookodile|High Horsepower|p2a: Glimmora
|-activate|p2a: Glimmora|move: Protect
|-damage|p1a: Krookodile|87/100|[from] Spiky Shield|[of] p2a: Glimmora
|
|-weather|Snowscape|[upkeep]
|upkeep
|turn|3
|
|t:|1784111882
|switch|p2a: Incineroar|Incineroar, L50, F|96/100
|-ability|p2a: Incineroar|Intimidate|boost
|-unboost|p1a: Krookodile|atk|1
|-unboost|p1b: Barbaracle|atk|1
|move|p1b: Barbaracle|Rock Slide|p2a: Incineroar|[spread] p2a,p2b
|-supereffective|p2a: Incineroar|1
|-supereffective|p2b: Ninetales|1
|-damage|p2a: Incineroar|53/100
|-damage|p2b: Ninetales|1/100
|cant|p2b: Ninetales|flinch
|move|p1a: Krookodile|High Horsepower|p2a: Incineroar
|-supereffective|p2a: Incineroar|1
|-damage|p2a: Incineroar|0 fnt
|faint|p2a: Incineroar
|
|-weather|Snowscape|[upkeep]
|upkeep
|
|t:|1784111896
|switch|p2a: Conkeldurr|Conkeldurr, L50, F|100/100
|turn|4
|inactive|LeonardPlayz has 30 seconds left.
|
|t:|1784111923
|move|p2a: Conkeldurr|Mach Punch|p1a: Krookodile
|-supereffective|p1a: Krookodile|1
|-enditem|p1a: Krookodile|Chople Berry|[eat]
|-enditem|p1a: Krookodile|Chople Berry|[weaken]
|-damage|p1a: Krookodile|47/100
|-damage|p2a: Conkeldurr|90/100|[from] item: Life Orb
|move|p1b: Barbaracle|Brick Break|p2b: Ninetales
|-damage|p2b: Ninetales|0 fnt
|faint|p2b: Ninetales
|move|p1a: Krookodile|Knock Off|p2a: Conkeldurr
|-resisted|p2a: Conkeldurr|1
|-damage|p2a: Conkeldurr|74/100
|-enditem|p2a: Conkeldurr|Life Orb|[from] move: Knock Off|[of] p1a: Krookodile
|
|-weather|Snowscape|[upkeep]
|upkeep
|
|t:|1784111932
|switch|p2b: Glimmora|Glimmora-Mega, L50, M|100/100
|turn|5
|
|t:|1784111948
|move|p2b: Glimmora|Spiky Shield|p2b: Glimmora
|-singleturn|p2b: Glimmora|move: Protect
|move|p2a: Conkeldurr|Mach Punch|p1b: Barbaracle
|-supereffective|p1b: Barbaracle|1
|-damage|p1b: Barbaracle|22/100
|move|p1b: Barbaracle|Brick Break|p2a: Conkeldurr
|-damage|p2a: Conkeldurr|48/100
|move|p1a: Krookodile|High Horsepower|p2b: Glimmora
|-activate|p2b: Glimmora|move: Protect
|-damage|p1a: Krookodile|35/100|[from] Spiky Shield|[of] p2b: Glimmora
|
|-weather|Snowscape|[upkeep]
|upkeep
|turn|6
|inactive|LeonardPlayz has 30 seconds left.
|inactive|chocokoala vgc has 30 seconds left.
|
|t:|1784111978
|move|p1a: Krookodile|Protect|p1a: Krookodile
|-singleturn|p1a: Krookodile|Protect
|move|p2a: Conkeldurr|Mach Punch|p1a: Krookodile
|-activate|p1a: Krookodile|move: Protect
|move|p1b: Barbaracle|Brick Break|p2a: Conkeldurr
|-damage|p2a: Conkeldurr|21/100
|move|p2b: Glimmora|Earth Power|p1b: Barbaracle
|-supereffective|p1b: Barbaracle|1
|-damage|p1b: Barbaracle|0 fnt
|faint|p1b: Barbaracle
|
|-weather|none
|upkeep
|
|t:|1784111986
|switch|p1b: Gardevoir|Gardevoir, L50, F|100/100
|turn|7
|
|t:|1784112007
|detailschange|p1b: Gardevoir|Gardevoir-Mega, L50, F
|-mega|p1b: Gardevoir|Gardevoir|Gardevoirite
|move|p1a: Krookodile|Protect|p1a: Krookodile
|-singleturn|p1a: Krookodile|Protect
|move|p2a: Conkeldurr|Mach Punch|p1a: Krookodile
|-activate|p1a: Krookodile|move: Protect
|move|p2b: Glimmora|Sludge Bomb|p1b: Gardevoir
|-supereffective|p1b: Gardevoir|1
|-damage|p1b: Gardevoir|0 fnt
|faint|p1b: Gardevoir
|
|upkeep
|turn|8
|-message|LeonardPlayz forfeited.
|raw|LeonardPlayz's rating: 1149 → 1132(-17 for losing)
|raw|chocokoala vgc's rating: 1268 → 1285(+17 for winning)
|
|win|chocokoala vgc
