|j|☆rasaighul
|j|☆Luizinho8
|html|rasaighulLuizinho8    
|uhtml|bestof|Game 3 of a best-of-3
|t:|1756419889
|gametype|doubles
|player|p1|rasaighul|palmer|1058
|player|p2|Luizinho8|266|1040
|gen|9
|tier|[Gen 9] VGC 2025 Reg H (Bo3)
|rated|
|rule|Species Clause: Limit one of each Pokémon
|rule|Item Clause: Limit 1 of each item
|clearpoke
|poke|p1|Porygon2, L50|
|poke|p1|Incineroar, L50, F|
|poke|p1|Ursaluna, L50, F|
|poke|p1|Charizard, L50, F|
|poke|p1|Jumpluff, L50, F|
|poke|p1|Torkoal, L50, M|
|poke|p2|Charizard, L50, M|
|poke|p2|Torkoal, L50, F|
|poke|p2|Porygon2, L50|
|poke|p2|Incineroar, L50, F|
|poke|p2|Jumpluff, L50, F|
|poke|p2|Ursaluna, L50, M|
|teampreview|4
|showteam|p1|Porygon2||Eviolite|Download|TeraBlast,IceBeam,Recover,TrickRoom||||||50|,,,,,Fighting]Incineroar||SafetyGoggles|Intimidate|FakeOut,FlareBlitz,KnockOff,PartingShot|||F|||50|,,,,,Ghost]Ursaluna||FlameOrb|Guts|Earthquake,Facade,HeadlongRush,Protect|||F|||50|,,,,,Ghost]Charizard||ChoiceSpecs|SolarPower|HeatWave,Overheat,AirSlash,WeatherBall|||F|||50|,,,,,Ghost]Jumpluff||CovertCloak|Chlorophyll|Tailwind,SunnyDay,RagePowder,SleepPowder|||F|||50|,,,,,Water]Torkoal||EjectPack|Drought|Overheat,Eruption,HelpingHand,Protect|||M|||50|,,,,,Fire
|showteam|p2|Charizard||ChoiceSpecs|SolarPower|HeatWave,Overheat,WeatherBall,AirSlash|||M|||50|,,,,,Ghost]Torkoal||EjectPack|Drought|Eruption,Overheat,HelpingHand,Protect|||F|||50|,,,,,Fire]Porygon2||Eviolite|Download|IceBeam,TeraBlast,TrickRoom,Recover||||||50|,,,,,Fighting]Incineroar||SitrusBerry|Intimidate|FlareBlitz,KnockOff,FakeOut,PartingShot|||F|||50|,,,,,Ghost]Jumpluff||CovertCloak|Chlorophyll|SleepPowder,SunnyDay,RagePowder,Tailwind|||F|||50|,,,,,Water]Ursaluna||FlameOrb|Guts|HeadlongRush,Facade,Earthquake,Protect|||M|||50|,,,,,Ghost
|inactive|Battle timer is ON: inactive players will automatically lose when time's up. (requested by rasaighul)
|inactive|Luizinho8 has 60 seconds left.
|
|t:|1756419942
|teamsize|p1|4
|teamsize|p2|4
|start
|switch|p1a: Jumpluff|Jumpluff, L50, F, shiny|100/100
|switch|p1b: Charizard|Charizard, L50, F|100/100
|switch|p2a: Incineroar|Incineroar, L50, F|100/100
|switch|p2b: Jumpluff|Jumpluff, L50, F|100/100
|-ability|p2a: Incineroar|Intimidate|boost
|-unboost|p1a: Jumpluff|atk|1
|-unboost|p1b: Charizard|atk|1
|turn|1
|
|t:|1756419963
|move|p2a: Incineroar|Fake Out|p1b: Charizard
|-damage|p1b: Charizard|85/100
|move|p2b: Jumpluff|Sleep Powder|p1b: Charizard|[miss]
|-miss|p2b: Jumpluff|p1b: Charizard
|move|p1a: Jumpluff|Tailwind|p1a: Jumpluff
|-sidestart|p1: rasaighul|move: Tailwind
|cant|p1b: Charizard|flinch
|
|upkeep
|turn|2
|inactive|rasaighul has 30 seconds left.
|
|t:|1756419988
|switch|p2b: Charizard|Charizard, L50, M|100/100
|move|p1a: Jumpluff|Sleep Powder|p2a: Incineroar
|-status|p2a: Incineroar|slp|[from] move: Sleep Powder
|move|p1b: Charizard|Air Slash|p2b: Charizard
|-damage|p2b: Charizard|30/100
|cant|p2a: Incineroar|slp
|
|upkeep
|turn|3
|inactive|Luizinho8 has 30 seconds left.
|
|t:|1756420015
|switch|p1a: Ursaluna|Ursaluna, L50, F|100/100
|switch|p2b: Ursaluna|Ursaluna, L50, M|100/100
|move|p1b: Charizard|Air Slash|p2b: Ursaluna
|-damage|p2b: Ursaluna|49/100
|cant|p2a: Incineroar|slp
|
|-status|p1a: Ursaluna|brn|[from] item: Flame Orb
|-status|p2b: Ursaluna|brn|[from] item: Flame Orb
|upkeep
|turn|4
|
|t:|1756420034
|move|p2b: Ursaluna|Protect|p2b: Ursaluna
|-singleturn|p2b: Ursaluna|Protect
|move|p1b: Charizard|Air Slash|p2a: Incineroar
|-damage|p2a: Incineroar|50/100 slp
|-enditem|p2a: Incineroar|Sitrus Berry|[eat]
|-heal|p2a: Incineroar|74/100 slp|[from] item: Sitrus Berry
|move|p1a: Ursaluna|Earthquake|p2b: Ursaluna|[spread] p2a
|-activate|p2b: Ursaluna|move: Protect
|-immune|p1b: Charizard
|-supereffective|p2a: Incineroar
|-damage|p2a: Incineroar|0 fnt
|faint|p2a: Incineroar
|
|-damage|p1a: Ursaluna|95/100 brn|[from] brn
|-damage|p2b: Ursaluna|44/100 brn|[from] brn
|-sideend|p1: rasaighul|move: Tailwind
|upkeep
|
|t:|1756420051
|switch|p2a: Jumpluff|Jumpluff, L50, F|100/100
|turn|5
|
|t:|1756420073
|-terastallize|p2b: Ursaluna|Ghost
|move|p2a: Jumpluff|Tailwind|p2a: Jumpluff
|-sidestart|p2: Luizinho8|move: Tailwind
|move|p2b: Ursaluna|Facade|p1a: Ursaluna
|-damage|p1a: Ursaluna|0 fnt
|faint|p1a: Ursaluna
|move|p1b: Charizard|Air Slash|p2b: Ursaluna
|-damage|p2b: Ursaluna|0 fnt
|faint|p2b: Ursaluna
|
|upkeep
|
|t:|1756420084
|switch|p2b: Charizard|Charizard, L50, M|30/100
|switch|p1a: Jumpluff|Jumpluff, L50, F, shiny|100/100
|turn|6
|
|t:|1756420102
|switch|p1b: Incineroar|Incineroar, L50, F|100/100
|-ability|p1b: Incineroar|Intimidate|boost
|-unboost|p2a: Jumpluff|atk|1
|-unboost|p2b: Charizard|atk|1
|-terastallize|p1a: Jumpluff|Water
|move|p2a: Jumpluff|Sleep Powder|p1b: Incineroar
|-activate|p1b: Incineroar|item: Safety Goggles|Sleep Powder
|move|p2b: Charizard|Heat Wave|p1a: Jumpluff|[spread] p1b
|-miss|p2b: Charizard|p1a: Jumpluff
|-resisted|p1b: Incineroar
|-damage|p1b: Incineroar|77/100
|move|p1a: Jumpluff|Sleep Powder|p2b: Charizard
|-status|p2b: Charizard|slp|[from] move: Sleep Powder
|
|upkeep
|turn|7
|inactive|Luizinho8 has 30 seconds left.
|
|t:|1756420127
|move|p2a: Jumpluff|Sleep Powder|p1a: Jumpluff
|-status|p1a: Jumpluff|slp|[from] move: Sleep Powder
|cant|p2b: Charizard|slp
|cant|p1a: Jumpluff|slp
|move|p1b: Incineroar|Knock Off|p2b: Charizard
|-damage|p2b: Charizard|0 fnt
|-enditem|p2b: Charizard|Choice Specs|[from] move: Knock Off|[of] p1b: Incineroar
|faint|p2b: Charizard
|
|upkeep
|turn|8
|
|t:|1756420141
|move|p2a: Jumpluff|Rage Powder|p2a: Jumpluff
|-singleturn|p2a: Jumpluff|move: Rage Powder
|cant|p1a: Jumpluff|slp
|move|p1b: Incineroar|Flare Blitz|p2a: Jumpluff
|-supereffective|p2a: Jumpluff
|-damage|p2a: Jumpluff|0 fnt
|faint|p2a: Jumpluff
|-damage|p1b: Incineroar|50/100|[from] Recoil
|
|win|rasaighul
|raw|rasaighul's rating: 1058 → 1088(+30 for winning)
|raw|Luizinho8's rating: 1040 → 1025(-15 for losing)
