|j|☆r4ka
|j|‽Hgfvhjjyh
|html|r4kaHgfvhjjyh    
|uhtml|bestof|Game 2 of a best-of-3
|t:|1756670493
|gametype|doubles
|player|p1|r4ka|1|1083
|player|p2|Hgfvhjjyh|2|1000
|gen|9
|tier|[Gen 9] VGC 2025 Reg H (Bo3)
|rated|
|rule|Species Clause: Limit one of each Pokémon
|rule|Item Clause: Limit 1 of each item
|clearpoke
|poke|p1|Rillaboom, L50, F|
|poke|p1|Dragonite, L50, M|
|poke|p1|Sneasler, L50, F|
|poke|p1|Kingambit, L50, M|
|poke|p1|Electabuzz, L50, M|
|poke|p1|Volcarona, L50, F|
|poke|p2|Slaking, L50, F|
|poke|p2|Weezing, L50, F|
|poke|p2|Incineroar, L50, M|
|poke|p2|Sinistcha-Masterpiece, L50|
|poke|p2|Palafin, L50, F|
|poke|p2|Dragonite, L50, F|
|teampreview|4
|showteam|p1|Rillaboom||AssaultVest|GrassySurge|FakeOut,HighHorsepower,WoodHammer,GrassyGlide|||F|||50|,,,,,Fire]Dragonite||LoadedDice|Multiscale|ExtremeSpeed,ScaleShot,Protect,Haze|||M|||50|,,,,,Steel]Sneasler||FocusSash|PoisonTouch|DireClaw,CloseCombat,FakeOut,Coaching|||F|||50|,,,,,Stellar]Kingambit||BlackGlasses|Defiant|KowtowCleave,SuckerPunch,SwordsDance,Protect|||M|||50|,,,,,Dark]Electabuzz||Eviolite|VitalSpirit|Thunderbolt,Taunt,Protect,FollowMe|||M|||50|,,,,,Ghost]Volcarona||Leftovers|FlameBody|HeatWave,TeraBlast,QuiverDance,Protect|||F|||50|,,,,,Fairy
|showteam|p2|Slaking||LifeOrb|Truant|Protect,DoubleEdge,HighHorsepower,SuckerPunch|||F|||50|,,,,,Stellar]Weezing||SitrusBerry|NeutralizingGas|Protect,SludgeBomb,WillOWisp,Taunt|||F|||50|,,,,,Ghost]Incineroar||AbilityShield|Intimidate|PartingShot,FakeOut,KnockOff,FlareBlitz|||M|||50|,,,,,Ghost]Sinistcha-Masterpiece||RockyHelmet|Hospitality|RagePowder,MatchaGotcha,TrickRoom,LifeDew||||||50|,,,,,Water]Palafin||AssaultVest|ZerotoHero|JetPunch,WaveCrash,Outrage,CloseCombat|||F|||50|,,,,,Dragon]Dragonite||LoadedDice|Multiscale|ScaleShot,Tailwind,Protect,ExtremeSpeed|||F|||50|,,,,,Steel
|
|t:|1756670502
|teamsize|p1|4
|teamsize|p2|4
|start
|switch|p1a: Kingambit|Kingambit, L50, M, shiny|100/100
|switch|p1b: Electabuzz|Electabuzz, L50, M|100/100
|switch|p2a: Weezing|Weezing, L50, F|100/100
|switch|p2b: Slaking|Slaking, L50, F|100/100
|-ability|p2a: Weezing|Neutralizing Gas
|turn|1
|
|t:|1756670517
|-terastallize|p2b: Slaking|Stellar
|-terastallize|p1b: Electabuzz|Ghost
|move|p1b: Electabuzz|Follow Me|p1b: Electabuzz
|-singleturn|p1b: Electabuzz|move: Follow Me
|move|p2b: Slaking|High Horsepower|p1b: Electabuzz
|-damage|p1b: Electabuzz|52/100
|-damage|p2b: Slaking|91/100|[from] item: Life Orb
|move|p2a: Weezing|Will-O-Wisp|p1b: Electabuzz
|-status|p1b: Electabuzz|brn
|move|p1a: Kingambit|Swords Dance|p1a: Kingambit
|-boost|p1a: Kingambit|atk|2
|
|-damage|p1b: Electabuzz|46/100 brn|[from] brn
|upkeep
|turn|2
|
|t:|1756670536
|switch|p2b: Incineroar|Incineroar, L50, M|100/100
|-ability|p2b: Incineroar|Intimidate|boost
|-unboost|p1a: Kingambit|atk|1
|-unboost|p1b: Electabuzz|atk|1
|move|p1b: Electabuzz|Follow Me|p1b: Electabuzz
|-singleturn|p1b: Electabuzz|move: Follow Me
|move|p1a: Kingambit|Sucker Punch||[still]
|-fail|p1a: Kingambit
|move|p2a: Weezing|Taunt|p1b: Electabuzz
|-start|p1b: Electabuzz|move: Taunt
|
|-damage|p1b: Electabuzz|40/100 brn|[from] brn
|upkeep
|turn|3
|
|t:|1756670550
|switch|p1b: Rillaboom|Rillaboom, L50, F|100/100
|move|p1a: Kingambit|Protect|p1a: Kingambit
|-singleturn|p1a: Kingambit|Protect
|move|p2b: Incineroar|Parting Shot|p1b: Rillaboom
|-unboost|p1b: Rillaboom|atk|1
|-unboost|p1b: Rillaboom|spa|1
|
|t:|1756670558
|switch|p2b: Sinistcha|Sinistcha-Masterpiece, L50|100/100|[from] Parting Shot
|move|p2a: Weezing|Will-O-Wisp|p1a: Kingambit
|-activate|p1a: Kingambit|move: Protect
|
|upkeep
|turn|4
|
|t:|1756670567
|switch|p2b: Incineroar|Incineroar, L50, M|100/100
|-ability|p2b: Incineroar|Intimidate|boost
|-unboost|p1a: Kingambit|atk|1
|-unboost|p1b: Rillaboom|atk|1
|move|p1b: Rillaboom|Fake Out|p2a: Weezing
|-damage|p2a: Weezing|94/100
|cant|p2a: Weezing|flinch
|move|p1a: Kingambit|Swords Dance|p1a: Kingambit
|-boost|p1a: Kingambit|atk|2
|
|upkeep
|turn|5
|
|t:|1756670590
|switch|p1b: Electabuzz|Electabuzz, L50, M, tera:Ghost|40/100 brn
|move|p1a: Kingambit|Protect|p1a: Kingambit
|-singleturn|p1a: Kingambit|Protect
|move|p2b: Incineroar|Knock Off|p1b: Electabuzz
|-supereffective|p1b: Electabuzz
|-damage|p1b: Electabuzz|0 fnt
|-enditem|p1b: Electabuzz|Eviolite|[from] move: Knock Off|[of] p2b: Incineroar
|faint|p1b: Electabuzz
|move|p2a: Weezing|Will-O-Wisp|p1a: Kingambit
|-activate|p1a: Kingambit|move: Protect
|
|upkeep
|
|t:|1756670601
|switch|p1b: Rillaboom|Rillaboom, L50, F|100/100
|turn|6
|
|t:|1756670628
|move|p1a: Kingambit|Sucker Punch|p2b: Incineroar
|-resisted|p2b: Incineroar
|-damage|p2b: Incineroar|57/100
|move|p1b: Rillaboom|High Horsepower|p2b: Incineroar
|-supereffective|p2b: Incineroar
|-damage|p2b: Incineroar|2/100
|move|p2b: Incineroar|Flare Blitz|p1a: Kingambit
|-supereffective|p1a: Kingambit
|-damage|p1a: Kingambit|30/100
|-damage|p2b: Incineroar|0 fnt|[from] Recoil
|faint|p2b: Incineroar
|move|p2a: Weezing|Will-O-Wisp|p1a: Kingambit
|-status|p1a: Kingambit|brn
|
|-damage|p1a: Kingambit|24/100 brn|[from] brn
|upkeep
|
|t:|1756670644
|switch|p2b: Slaking|Slaking, L50, F, tera:Stellar|91/100
|turn|7
|
|t:|1756670657
|move|p2b: Slaking|Protect|p2b: Slaking
|-singleturn|p2b: Slaking|Protect
|move|p1a: Kingambit|Sucker Punch||[still]
|-fail|p1a: Kingambit
|move|p1b: Rillaboom|Wood Hammer|p2b: Slaking
|-activate|p2b: Slaking|move: Protect
|move|p2a: Weezing|Will-O-Wisp|p1b: Rillaboom
|-status|p1b: Rillaboom|brn
|
|-damage|p1b: Rillaboom|95/100 brn|[from] brn
|-damage|p1a: Kingambit|18/100 brn|[from] brn
|upkeep
|turn|8
|
|t:|1756670673
|move|p2b: Slaking|Sucker Punch|p1a: Kingambit
|-resisted|p1a: Kingambit
|-damage|p1a: Kingambit|2/100 brn
|-damage|p2b: Slaking|81/100|[from] item: Life Orb
|move|p1a: Kingambit|Sucker Punch||[still]
|-fail|p1a: Kingambit
|move|p1b: Rillaboom|Wood Hammer|p2b: Slaking
|-damage|p2b: Slaking|60/100
|-damage|p1b: Rillaboom|87/100 brn|[from] Recoil
|move|p2a: Weezing|Sludge Bomb|p1b: Rillaboom
|-supereffective|p1b: Rillaboom
|-damage|p1b: Rillaboom|45/100 brn
|
|-damage|p1b: Rillaboom|39/100 brn|[from] brn
|-damage|p1a: Kingambit|0 fnt|[from] brn
|faint|p1a: Kingambit
|upkeep
|
|t:|1756670688
|switch|p1a: Dragonite|Dragonite, L50, M, shiny|100/100
|turn|9
|
|t:|1756670696
|move|p2b: Slaking|Double-Edge|p1a: Dragonite
|-damage|p1a: Dragonite|0 fnt
|faint|p1a: Dragonite
|-damage|p2b: Slaking|36/100|[from] Recoil
|-damage|p2b: Slaking|26/100|[from] item: Life Orb
|move|p1b: Rillaboom|High Horsepower|p2a: Weezing
|-supereffective|p2a: Weezing
|-damage|p2a: Weezing|68/100
|move|p2a: Weezing|Sludge Bomb|p1b: Rillaboom
|-supereffective|p1b: Rillaboom
|-damage|p1b: Rillaboom|0 fnt
|faint|p1b: Rillaboom
|
|win|Hgfvhjjyh
||r4ka is ready for game 3.
|l|‽Hgfvhjjyh
|player|p2|
|inactive|Hgfvhjjyh has 30 seconds to confirm battle start!
||Hgfvhjjyh is ready for game 3.
|uhtml|next|Next: Game 3 of 3
