|j|☆Casper427
|j|☆WASHINGTONGARGACHA
|html|Casper427WASHINGTONGARGACHA    
|uhtml|bestof|Game 1 of a best-of-3
|t:|1756636620
|gametype|doubles
|player|p1|Casper427|riley|1131
|player|p2|WASHINGTONGARGACHA|266|1129
|gen|9
|tier|[Gen 9] VGC 2025 Reg H (Bo3)
|rated|
|rule|Species Clause: Limit one of each Pokémon
|rule|Item Clause: Limit 1 of each item
|clearpoke
|poke|p1|Politoed, L50, M|
|poke|p1|Kingdra, L50, M|
|poke|p1|Archaludon, L50, M|
|poke|p1|Incineroar, L50, M|
|poke|p1|Talonflame, L50, M|
|poke|p1|Amoonguss, L50, M|
|poke|p2|Gholdengo, L50|
|poke|p2|Ursaluna, L50, M|
|poke|p2|Archaludon, L50, M|
|poke|p2|Murkrow, L50, F|
|poke|p2|Farigiraf, L50, F|
|poke|p2|Basculegion, L50, M|
|teampreview|4
|showteam|p1|Politoed||SitrusBerry|Drizzle|Protect,WeatherBall,Haze,Encore|||M|||50|,,,,,Grass]Kingdra||LifeOrb|SwiftSwim|Protect,DracoMeteor,WeatherBall,MuddyWater|||M|||50|,,,,,Stellar]Archaludon||AssaultVest|Stamina|ElectroShot,FlashCannon,DracoMeteor,BodyPress|||M|||50|,,,,,Bug]Incineroar||SafetyGoggles|Intimidate|FakeOut,KnockOff,PartingShot,Taunt|||M|||50|,,,,,Ghost]Talonflame||CovertCloak|GaleWings|HeatWave,Hurricane,Tailwind,RainDance|||M|||50|,,,,,Dragon]Amoonguss||RockyHelmet|Regenerator|Spore,RagePowder,PollenPuff,Protect|||M|||50|,,,,,Fairy
|showteam|p2|Gholdengo||LifeOrb|GoodasGold|ShadowBall,MakeItRain,NastyPlot,Protect||||||50|,,,,,Water]Ursaluna||FlameOrb|Guts|Facade,Earthquake,Protect,HeadlongRush|||M|||50|,,,,,Ghost]Archaludon||PowerHerb|Stamina|ElectroShot,FlashCannon,DracoMeteor,Protect|||M|||50|,,,,,Grass]Murkrow||Eviolite|Prankster|Tailwind,RainDance,FoulPlay,Haze|||F|||50|,,,,,Dark]Farigiraf||ThroatSpray|ArmorTail|HyperVoice,TrickRoom,Psychic,Protect|||F|||50|,,,,,Fairy]Basculegion||MysticWater|SwiftSwim|AquaJet,FlipTurn,WaveCrash,LastRespects|||M|||50|,,,,,Water
|
|t:|1756636673
|teamsize|p1|4
|teamsize|p2|4
|start
|switch|p1a: Politoed|Politoed, L50, M|100/100
|switch|p1b: Kingdra|Kingdra, L50, M|100/100
|switch|p2a: Basculegion|Basculegion, L50, M|100/100
|switch|p2b: Gholdengo|Gholdengo, L50|100/100
|-weather|RainDance|[from] ability: Drizzle|[of] p1a: Politoed
|turn|1
|
|t:|1756636710
|-terastallize|p2b: Gholdengo|Water
|move|p1b: Kingdra|Weather Ball|p2b: Gholdengo
|-resisted|p2b: Gholdengo
|-damage|p2b: Gholdengo|42/100
|-damage|p1b: Kingdra|91/100|[from] item: Life Orb
|move|p2a: Basculegion|Flip Turn|p1a: Politoed
|-resisted|p1a: Politoed
|-damage|p1a: Politoed|69/100
|
|t:|1756636720
|switch|p2a: Ursaluna|Ursaluna, L50, M|100/100|[from] Flip Turn
|move|p2b: Gholdengo|Make It Rain|p1b: Kingdra|[spread] p1a,p1b
|-resisted|p1a: Politoed
|-resisted|p1b: Kingdra
|-damage|p1a: Politoed|47/100
|-damage|p1b: Kingdra|50/100
|-unboost|p2b: Gholdengo|spa|1
|-enditem|p1a: Politoed|Sitrus Berry|[eat]
|-heal|p1a: Politoed|72/100|[from] item: Sitrus Berry
|-damage|p2b: Gholdengo|33/100|[from] item: Life Orb
|move|p1a: Politoed|Weather Ball|p2a: Ursaluna
|-supereffective|p2a: Ursaluna
|-damage|p2a: Ursaluna|8/100
|
|-weather|RainDance|[upkeep]
|-status|p2a: Ursaluna|brn|[from] item: Flame Orb
|upkeep
|turn|2
|
|t:|1756636740
|switch|p2b: Murkrow|Murkrow, L50, F|100/100
|move|p2a: Ursaluna|Protect|p2a: Ursaluna
|-singleturn|p2a: Ursaluna|Protect
|move|p1b: Kingdra|Weather Ball|p2a: Ursaluna
|-activate|p2a: Ursaluna|move: Protect
|move|p1a: Politoed|Weather Ball|p2b: Murkrow
|-damage|p2b: Murkrow|62/100
|
|-weather|RainDance|[upkeep]
|-damage|p2a: Ursaluna|1/100 brn|[from] brn
|upkeep
|turn|3
|
|t:|1756636754
|switch|p2a: Basculegion|Basculegion, L50, M|100/100
|move|p1b: Kingdra|Protect|p1b: Kingdra
|-singleturn|p1b: Kingdra|Protect
|move|p1a: Politoed|Protect|p1a: Politoed
|-singleturn|p1a: Politoed|Protect
|move|p2b: Murkrow|Tailwind|p2b: Murkrow
|-sidestart|p2: WASHINGTONGARGACHA|move: Tailwind
|
|-weather|RainDance|[upkeep]
|upkeep
|turn|4
|
|t:|1756636774
|move|p2a: Basculegion|Wave Crash|p1b: Kingdra
|-resisted|p1b: Kingdra
|-damage|p1b: Kingdra|14/100
|-damage|p2a: Basculegion|92/100|[from] Recoil
|move|p1b: Kingdra|Draco Meteor|p2a: Basculegion
|-damage|p2a: Basculegion|0 fnt
|-unboost|p1b: Kingdra|spa|2
|faint|p2a: Basculegion
|-damage|p1b: Kingdra|4/100|[from] item: Life Orb
|move|p2b: Murkrow|Foul Play|p1b: Kingdra
|-damage|p1b: Kingdra|0 fnt
|faint|p1b: Kingdra
|move|p1a: Politoed|Weather Ball|p2b: Murkrow
|-damage|p2b: Murkrow|20/100
|
|-weather|RainDance|[upkeep]
|upkeep
|
|t:|1756636791
|switch|p1b: Incineroar|Incineroar, L50, M, shiny|100/100
|switch|p2a: Gholdengo|Gholdengo, L50, tera:Water|33/100
|-ability|p1b: Incineroar|Intimidate|boost
|-unboost|p2a: Gholdengo|atk|1
|-unboost|p2b: Murkrow|atk|1
|turn|5
|
|t:|1756636812
|move|p2a: Gholdengo|Protect|p2a: Gholdengo
|-singleturn|p2a: Gholdengo|Protect
|move|p2b: Murkrow|Foul Play|p1b: Incineroar
|-resisted|p1b: Incineroar
|-damage|p1b: Incineroar|82/100
|move|p1b: Incineroar|Knock Off|p2a: Gholdengo
|-activate|p2a: Gholdengo|move: Protect
|move|p1a: Politoed|Weather Ball|p2b: Murkrow
|-damage|p2b: Murkrow|0 fnt
|faint|p2b: Murkrow
|
|-weather|none
|upkeep
|
|t:|1756636823
|switch|p2b: Ursaluna|Ursaluna, L50, M|1/100 brn
|turn|6
|
|t:|1756636838
|switch|p1b: Amoonguss|Amoonguss, L50, M|100/100
|move|p2a: Gholdengo|Nasty Plot|p2a: Gholdengo
|-boost|p2a: Gholdengo|spa|2
|move|p2b: Ursaluna|Headlong Rush|p1b: Amoonguss
|-damage|p1b: Amoonguss|6/100
|-unboost|p2b: Ursaluna|def|1
|-unboost|p2b: Ursaluna|spd|1
|-damage|p2b: Ursaluna|0 fnt|[from] item: Rocky Helmet|[of] p1b: Amoonguss
|faint|p2b: Ursaluna
|move|p1a: Politoed|Encore|p2a: Gholdengo
|-immune|p2a: Gholdengo|[from] ability: Good as Gold
|
|-sideend|p2: WASHINGTONGARGACHA|move: Tailwind
|upkeep
|turn|7
|
|t:|1756636852
|move|p2a: Gholdengo|Make It Rain|p1b: Amoonguss|[spread] p1a,p1b
|-resisted|p1a: Politoed
|-damage|p1a: Politoed|27/100
|-damage|p1b: Amoonguss|0 fnt
|-unboost|p2a: Gholdengo|spa|1
|faint|p1b: Amoonguss
|-damage|p2a: Gholdengo|23/100|[from] item: Life Orb
|move|p1a: Politoed|Haze|p1a: Politoed
|-clearallboost
|
|upkeep
|
|t:|1756636856
|switch|p1b: Incineroar|Incineroar, L50, M, shiny|82/100
|-ability|p1b: Incineroar|Intimidate|boost
|-unboost|p2a: Gholdengo|atk|1
|turn|8
|
|t:|1756636868
|move|p2a: Gholdengo|Protect|p2a: Gholdengo
|-singleturn|p2a: Gholdengo|Protect
|move|p1b: Incineroar|Knock Off|p2a: Gholdengo
|-activate|p2a: Gholdengo|move: Protect
|move|p1a: Politoed|Weather Ball|p2a: Gholdengo
|-activate|p2a: Gholdengo|move: Protect
|
|upkeep
|turn|9
|
|t:|1756636882
|move|p2a: Gholdengo|Shadow Ball|p1a: Politoed
|-damage|p1a: Politoed|0 fnt
|faint|p1a: Politoed
|-damage|p2a: Gholdengo|13/100|[from] item: Life Orb
|move|p1b: Incineroar|Knock Off|p2a: Gholdengo
|-crit|p2a: Gholdengo
|-damage|p2a: Gholdengo|0 fnt
|-enditem|p2a: Gholdengo|Life Orb|[from] move: Knock Off|[of] p1b: Incineroar
|faint|p2a: Gholdengo
|
|win|Casper427
