|j|☆X2Muz
|j|☆aura_or_something
|html|X2Muzaura_or_something    
|uhtml|bestof|Game 2 of a best-of-3
|t:|1757788221
|gametype|doubles
|player|p1|X2Muz|birdkeeper-gen4dp|
|player|p2|aura_or_something|101|
|gen|9
|tier|[Gen 9] VGC 2025 Reg H (Bo3)
|rule|Species Clause: Limit one of each Pokémon
|rule|Item Clause: Limit 1 of each item
|clearpoke
|poke|p1|Gholdengo, L50|
|poke|p1|Sneasler, L50, M|
|poke|p1|Rillaboom, L50, M|
|poke|p1|Dragonite, L50, F|
|poke|p1|Ninetales-Alola, L50, F|
|poke|p1|Arcanine-Hisui, L50, F|
|poke|p2|Typhlosion-Hisui, L50, F|
|poke|p2|Grimmsnarl, L50, M|
|poke|p2|Whimsicott, L50, M|
|poke|p2|Kingambit, L50, M|
|poke|p2|Clefable, L50, M|
|poke|p2|Ursaluna, L50, F|
|teampreview|4
|showteam|p1|Gholdengo||GrassySeed|GoodasGold|NastyPlot,MakeItRain,ShadowBall,Protect||||||50|,,,,,Water]Sneasler||WhiteHerb|Unburden|CloseCombat,DireClaw,Coaching,Protect|||M|||50|,,,,,Ghost]Rillaboom||AssaultVest|GrassySurge|FakeOut,GrassyGlide,DrumBeating,HighHorsepower|||M|||50|,,,,,Fire]Dragonite||LoadedDice|Multiscale|ScaleShot,StompingTantrum,Tailwind,Protect|||F|||50|,,,,,Ground]Ninetales-Alola||FocusSash|SnowWarning|Blizzard,IcyWind,Encore,AuroraVeil|||F|||50|,,,,,Ghost]Arcanine-Hisui||ClearAmulet|Intimidate|RockSlide,FlareBlitz,ExtremeSpeed,Protect|||F|||50|,,,,,Water
|showteam|p2|Typhlosion-Hisui||ChoiceSpecs|Blaze|Eruption,Flamethrower,ShadowBall,SolarBeam|||F|||50|,,,,,Fire]Grimmsnarl||SitrusBerry|Prankster|Reflect,LightScreen,ThunderWave,DrainingKiss|||M|||50|,,,,,Water]Whimsicott||CovertCloak|Prankster|Encore,SunnyDay,Tailwind,EnergyBall|||M|||50|,,,,,Fire]Kingambit||AssaultVest|Defiant|SuckerPunch,KowtowCleave,IronHead,BrickBreak|||M|||50|,,,,,Ghost]Clefable||RockyHelmet|Unaware|FollowMe,HelpingHand,Moonblast,IcyWind|||M|||50|,,,,,Water]Ursaluna||FlameOrb|Guts|Protect,HeadlongRush,CloseCombat,Facade|||F|||50|,,,,,Ghost
|c|☆aura_or_something|so if i lose this set which i will we go to another bo3?
|c|☆aura_or_something|bcuz im also reg h
|
|t:|1757788262
|teamsize|p1|4
|teamsize|p2|4
|start
|switch|p1a: Dragonite|Dragonite, L50, F|100/100
|switch|p1b: Sneasler|Sneasler, L50, M|100/100
|switch|p2a: Whimsicott|Whimsicott, L50, M|100/100
|switch|p2b: Grimmsnarl|Grimmsnarl, L50, M|100/100
|turn|1
|
|t:|1757788281
|switch|p1a: Gholdengo|Gholdengo, L50|100/100
|move|p2a: Whimsicott|Tailwind|p2a: Whimsicott
|-sidestart|p2: aura_or_something|move: Tailwind
|move|p2b: Grimmsnarl|Thunder Wave|p1b: Sneasler
|-status|p1b: Sneasler|par
|move|p1b: Sneasler|Dire Claw|p2b: Grimmsnarl
|-supereffective|p2b: Grimmsnarl
|-damage|p2b: Grimmsnarl|4/100
|-status|p2b: Grimmsnarl|slp
|-enditem|p2b: Grimmsnarl|Sitrus Berry|[eat]
|-heal|p2b: Grimmsnarl|29/100 slp|[from] item: Sitrus Berry
|
|upkeep
|turn|2
|c|☆aura_or_something|i told you
|c|☆X2Muz|bro idk how
|
|t:|1757788340
|move|p2a: Whimsicott|Sunny Day|p2a: Whimsicott
|-weather|SunnyDay
|cant|p2b: Grimmsnarl|slp
|move|p1a: Gholdengo|Nasty Plot|p1a: Gholdengo
|-boost|p1a: Gholdengo|spa|2
|move|p1b: Sneasler|Dire Claw|p2a: Whimsicott
|-supereffective|p2a: Whimsicott
|-damage|p2a: Whimsicott|0 fnt
|faint|p2a: Whimsicott
|
|-weather|SunnyDay|[upkeep]
|upkeep
|
|t:|1757788351
|switch|p2a: Typhlosion|Typhlosion-Hisui, L50, F|100/100
|turn|3
|
|t:|1757788403
|-terastallize|p2a: Typhlosion|Fire
|move|p1a: Gholdengo|Protect|p1a: Gholdengo
|-singleturn|p1a: Gholdengo|Protect
|cant|p1b: Sneasler|par
|-curestatus|p2b: Grimmsnarl|slp|[msg]
|move|p2b: Grimmsnarl|Reflect|p2b: Grimmsnarl
|-sidestart|p2: aura_or_something|Reflect
|move|p2a: Typhlosion|Eruption|p1a: Gholdengo|[spread] p1b
|-activate|p1a: Gholdengo|move: Protect
|-damage|p1b: Sneasler|0 fnt
|faint|p1b: Sneasler
|
|-weather|SunnyDay|[upkeep]
|upkeep
|
|t:|1757788414
|switch|p1b: Rillaboom|Rillaboom, L50, M|100/100
|-fieldstart|move: Grassy Terrain|[from] ability: Grassy Surge|[of] p1b: Rillaboom
|-enditem|p1a: Gholdengo|Grassy Seed
|-boost|p1a: Gholdengo|def|1|[from] item: Grassy Seed
|turn|4
|
|t:|1757788433
|move|p1b: Rillaboom|Fake Out|p2a: Typhlosion
|-damage|p2a: Typhlosion|88/100
|move|p2b: Grimmsnarl|Thunder Wave|p1b: Rillaboom|[miss]
|-miss|p2b: Grimmsnarl|p1b: Rillaboom
|cant|p2a: Typhlosion|flinch
|move|p1a: Gholdengo|Shadow Ball|p2a: Typhlosion
|-damage|p2a: Typhlosion|0 fnt
|faint|p2a: Typhlosion
|
|-weather|SunnyDay|[upkeep]
|-heal|p2b: Grimmsnarl|35/100|[from] Grassy Terrain
|-sideend|p2: aura_or_something|move: Tailwind
|upkeep
|
|t:|1757788445
|switch|p2a: Ursaluna|Ursaluna, L50, F|100/100
|turn|5
|
|t:|1757788479
|move|p1a: Gholdengo|Protect|p1a: Gholdengo
|-singleturn|p1a: Gholdengo|Protect
|move|p2a: Ursaluna|Protect|p2a: Ursaluna
|-singleturn|p2a: Ursaluna|Protect
|move|p1b: Rillaboom|Grassy Glide|p2a: Ursaluna
|-activate|p2a: Ursaluna|move: Protect
|move|p2b: Grimmsnarl|Light Screen|p2b: Grimmsnarl
|-sidestart|p2: aura_or_something|move: Light Screen
|
|-weather|SunnyDay|[upkeep]
|-heal|p2b: Grimmsnarl|41/100|[from] Grassy Terrain
|-status|p2a: Ursaluna|brn|[from] item: Flame Orb
|upkeep
|turn|6
|
|t:|1757788511
|-terastallize|p1a: Gholdengo|Water
|move|p1b: Rillaboom|Grassy Glide|p2a: Ursaluna
|-supereffective|p2a: Ursaluna
|-damage|p2a: Ursaluna|70/100 brn
|move|p1a: Gholdengo|Make It Rain|p2b: Grimmsnarl|[spread] p2a,p2b
|-supereffective|p2b: Grimmsnarl
|-damage|p2a: Ursaluna|20/100 brn
|-damage|p2b: Grimmsnarl|0 fnt
|-unboost|p1a: Gholdengo|spa|1
|faint|p2b: Grimmsnarl
|move|p2a: Ursaluna|Headlong Rush|p1a: Gholdengo
|-damage|p1a: Gholdengo|25/100
|-unboost|p2a: Ursaluna|def|1
|-unboost|p2a: Ursaluna|spd|1
|
|-weather|none
|-heal|p1a: Gholdengo|31/100|[from] Grassy Terrain
|-heal|p2a: Ursaluna|26/100 brn|[from] Grassy Terrain
|-damage|p2a: Ursaluna|20/100 brn|[from] brn
|upkeep
|turn|7
|c|☆X2Muz|ggwp
|c|☆aura_or_something|ggs
|-message|aura_or_something forfeited.
|
|win|X2Muz
|l|☆aura_or_something
|player|p2|
|c|☆X2Muz|im asking
