|j|☆Pingasman67
|j|☆Treit_3
|html|Pingasman67Treit_3    
|uhtml|bestof|Game 2 of a best-of-3
|t:|1783484334
|gametype|doubles
|player|p1|Pingasman67|1|1188
|player|p2|Treit_3|marshal|1212
|gen|9
|tier|[Gen 9 Champions] VGC 2026 Reg M-B (Bo3)
|rated|
|rule|Species Clause: Limit one of each Pokémon
|rule|Item Clause: Limit 1 of each item
|clearpoke
|poke|p1|Ninetales, L50, M|
|poke|p1|Pyroar, L50, M|
|poke|p1|Whimsicott, L50, M|
|poke|p1|Sylveon, L50, F|
|poke|p1|Metagross, L50|
|poke|p1|Garchomp, L50, F|
|poke|p2|Scrafty, L50, F|
|poke|p2|Blaziken, L50, F|
|poke|p2|Torterra, L50, M|
|poke|p2|Milotic, L50, F|
|poke|p2|Gholdengo, L50|
|poke|p2|Farigiraf, L50, F|
|teampreview|4
|showteam|p1|Ninetales||ChoiceScarf|Drought|WeatherBall,HeatWave,SolarBeam,FakeTears|Modest||M|||50|]Pyroar||Pyroarite|Unnerve|HeatWave,SolarBeam,Overheat,Protect|Timid||M|||50|]Whimsicott||FocusSash|Prankster|Moonblast,SunnyDay,Tailwind,Protect|Timid||M|||50|]Sylveon||FairyFeather|Pixilate|HyperBeam,HyperVoice,QuickAttack,Detect|Modest||F|||50|]Metagross||Metagrossite|ClearBody|IronHead,RockSlide,BodyPress,Protect|Jolly|||||50|]Garchomp||LifeOrb|RoughSkin|StompingTantrum,RockSlide,DragonClaw,Protect|Jolly||F|||50|
|showteam|p2|Scrafty||Scraftinite|Intimidate|FakeOut,Coaching,DrainPunch,ThroatChop|Adamant||F|||50|]Blaziken||Blazikenite|SpeedBoost|Detect,RockSlide,FlareBlitz,CloseCombat|Adamant||F|||50|]Torterra||Leftovers|ShellArmor|Protect,WideGuard,HeadlongRush,WoodHammer|Brave||M|||50|]Milotic||MysticWater|Competitive|Protect,Scald,MuddyWater,IceBeam|Modest||F|||50|]Gholdengo||LifeOrb|GoodasGold|Protect,NastyPlot,MakeItRain,ShadowBall|Modest|||||50|]Farigiraf||SitrusBerry|ArmorTail|Protect,TrickRoom,Thunderbolt,HyperVoice|Bold||F|||50|
|inactive|Battle timer is ON: inactive players will automatically lose when time's up. (requested by Treit_3)
|
|t:|1783484354
|teamsize|p1|4
|teamsize|p2|4
|start
|switch|p1a: Sylveon|Sylveon, L50, F|100/100
|switch|p1b: Garchomp|Garchomp, L50, F|100/100
|switch|p2a: Scrafty|Scrafty, L50, F|100/100
|switch|p2b: Blaziken|Blaziken, L50, F|100/100
|-ability|p2a: Scrafty|Intimidate|boost
|-unboost|p1a: Sylveon|atk|1
|-unboost|p1b: Garchomp|atk|1
|turn|1
|inactive|Treit_3 has 30 seconds left.
|
|t:|1783484385
|switch|p2b: Torterra|Torterra, L50, M|100/100
|detailschange|p2a: Scrafty|Scrafty-Mega, L50, F
|-mega|p2a: Scrafty|Scrafty|Scraftinite
|-ability|p2a: Scrafty|Intimidate|boost
|-unboost|p1a: Sylveon|atk|1
|-unboost|p1b: Garchomp|atk|1
|move|p2a: Scrafty|Fake Out|p1a: Sylveon
|-damage|p1a: Sylveon|77/100
|move|p1b: Garchomp|Stomping Tantrum|p2b: Torterra
|-resisted|p2b: Torterra|1
|-damage|p2b: Torterra|88/100
|-damage|p1b: Garchomp|90/100|[from] item: Life Orb
|cant|p1a: Sylveon|flinch
|
|-heal|p2b: Torterra|94/100|[from] item: Leftovers
|upkeep
|turn|2
|inactive|Pingasman67 has 30 seconds left.
|
|t:|1783484417
|move|p2b: Torterra|Wide Guard|p2b: Torterra
|-singleturn|p2b: Torterra|Wide Guard
|move|p1b: Garchomp|Rock Slide|p2a: Scrafty|[spread] 
|-activate|p2a: Scrafty|move: Wide Guard
|-activate|p2b: Torterra|move: Wide Guard
|move|p1a: Sylveon|Hyper Voice|p2a: Scrafty|[spread] 
|-activate|p2a: Scrafty|move: Wide Guard
|-activate|p2b: Torterra|move: Wide Guard
|move|p2a: Scrafty|Throat Chop|p1a: Sylveon
|-resisted|p1a: Sylveon|1
|-damage|p1a: Sylveon|44/100
|-start|p1a: Sylveon|Throat Chop|[silent]
|
|-heal|p2b: Torterra|100/100|[from] item: Leftovers
|upkeep
|turn|3
|
|t:|1783484437
|switch|p2a: Farigiraf|Farigiraf, L50, F|100/100
|move|p1b: Garchomp|Dragon Claw|p2b: Torterra
|-damage|p2b: Torterra|76/100
|-damage|p1b: Garchomp|80/100|[from] item: Life Orb
|move|p1a: Sylveon|Hyper Beam|p2a: Farigiraf
|-damage|p2a: Farigiraf|0 fnt
|-mustrecharge|p1a: Sylveon
|faint|p2a: Farigiraf
|move|p2b: Torterra|Wood Hammer|p1a: Sylveon
|-crit|p1a: Sylveon
|-damage|p1a: Sylveon|0 fnt
|faint|p1a: Sylveon
|-damage|p2b: Torterra|63/100|[from] Recoil
|
|-heal|p2b: Torterra|69/100|[from] item: Leftovers
|upkeep
|
|t:|1783484456
|switch|p1a: Ninetales|Ninetales, L50, M|100/100
|switch|p2a: Scrafty|Scrafty-Mega, L50, F|100/100
|-weather|SunnyDay|[from] ability: Drought|[of] p1a: Ninetales
|-ability|p2a: Scrafty|Intimidate|boost
|-unboost|p1a: Ninetales|atk|1
|-unboost|p1b: Garchomp|atk|1
|turn|4
|inactive|Pingasman67 has 30 seconds left.
|
|t:|1783484490
|switch|p1b: Metagross|Metagross, L50|100/100
|move|p2a: Scrafty|Fake Out|p1a: Ninetales
|-damage|p1a: Ninetales|75/100
|cant|p1a: Ninetales|flinch
|move|p2b: Torterra|Headlong Rush|p1a: Ninetales
|-supereffective|p1a: Ninetales|1
|-damage|p1a: Ninetales|0 fnt
|-unboost|p2b: Torterra|def|1
|-unboost|p2b: Torterra|spd|1
|faint|p1a: Ninetales
|
|-weather|SunnyDay|[upkeep]
|-heal|p2b: Torterra|75/100|[from] item: Leftovers
|upkeep
|
|t:|1783484498
|switch|p1a: Garchomp|Garchomp, L50, F|80/100
|turn|5
|
|t:|1783484514
|switch|p2b: Blaziken|Blaziken, L50, F|100/100
|detailschange|p1b: Metagross|Metagross-Mega, L50
|-mega|p1b: Metagross|Metagross|Metagrossite
|move|p1b: Metagross|Iron Head|p2a: Scrafty
|-damage|p2a: Scrafty|49/100
|move|p1a: Garchomp|Dragon Claw|p2b: Blaziken
|-damage|p2b: Blaziken|21/100
|-damage|p1a: Garchomp|70/100|[from] item: Life Orb
|move|p2a: Scrafty|Coaching|p2b: Blaziken
|-boost|p2b: Blaziken|atk|1
|-boost|p2b: Blaziken|def|1
|
|-weather|SunnyDay|[upkeep]
|upkeep
|turn|6
|
|t:|1783484536
|switch|p2a: Torterra|Torterra, L50, M|75/100
|move|p2b: Blaziken|Detect|p2b: Blaziken
|-singleturn|p2b: Blaziken|Protect
|move|p1b: Metagross|Rock Slide|p2a: Torterra|[spread] p2a
|-activate|p2b: Blaziken|move: Protect
|-resisted|p2a: Torterra|1
|-damage|p2a: Torterra|66/100
|move|p1a: Garchomp|Rock Slide|p2a: Torterra|[spread] p2a
|-activate|p2b: Blaziken|move: Protect
|-resisted|p2a: Torterra|1
|-damage|p2a: Torterra|55/100
|-damage|p1a: Garchomp|61/100|[from] item: Life Orb
|
|-weather|SunnyDay|[upkeep]
|-heal|p2a: Torterra|61/100|[from] item: Leftovers
|-ability|p2b: Blaziken|Speed Boost|boost
|-boost|p2b: Blaziken|spe|1
|upkeep
|turn|7
|inactive|Pingasman67 has 30 seconds left.
|inactive|Treit_3 has 30 seconds left.
|
|t:|1783484567
|switch|p2a: Scrafty|Scrafty-Mega, L50, F|49/100
|-ability|p2a: Scrafty|Intimidate|boost
|-unboost|p1a: Garchomp|atk|1
|-unboost|p1b: Metagross|atk|1
|move|p1b: Metagross|Protect|p1b: Metagross
|-singleturn|p1b: Metagross|Protect
|move|p2b: Blaziken|Close Combat|p1a: Garchomp
|-damage|p1a: Garchomp|0 fnt
|-unboost|p2b: Blaziken|def|1
|-unboost|p2b: Blaziken|spd|1
|-damage|p2b: Blaziken|9/100|[from] ability: Rough Skin|[of] p1a: Garchomp
|faint|p1a: Garchomp
|
|-weather|SunnyDay|[upkeep]
|-ability|p2b: Blaziken|Speed Boost|boost
|-boost|p2b: Blaziken|spe|1
|upkeep
|turn|8
|-message|Pingasman67 forfeited.
|raw|Pingasman67's rating: 1188 → 1165(-23 for losing)
|raw|Treit_3's rating: 1212 → 1235(+23 for winning)
|
|win|Treit_3
|c|☆Treit_3|gg
