|j|☆WashYoButt
|j|☆RagingJudge
|html|WashYoButtRagingJudge    
|uhtml|bestof|Game 1 of a best-of-3
|t:|1757653305
|gametype|doubles
|player|p1|WashYoButt|ariana|1144
|player|p2|RagingJudge|silver|1085
|gen|9
|tier|[Gen 9] VGC 2025 Reg H (Bo3)
|rated|
|rule|Species Clause: Limit one of each Pokémon
|rule|Item Clause: Limit 1 of each item
|clearpoke
|poke|p1|Gholdengo, L50|
|poke|p1|Basculegion, L50, M|
|poke|p1|Amoonguss, L50, M|
|poke|p1|Kommo-o, L50, F|
|poke|p1|Ninetales-Alola, L50, M|
|poke|p1|Incineroar, L50, F|
|poke|p2|Sneasler, L50, F|
|poke|p2|Dragapult, L50, F|
|poke|p2|Primarina, L50, M|
|poke|p2|Kingambit, L50, M|
|poke|p2|Magmar, L50, M|
|poke|p2|Rillaboom, L50, F|
|teampreview|4
|showteam|p1|Gholdengo||LifeOrb|GoodasGold|Protect,NastyPlot,ShadowBall,MakeItRain||||||50|,,,,,Water]Basculegion||ChoiceScarf|Adaptability|WaveCrash,LastRespects,AquaJet,FlipTurn|||M|||50|,,,,,Grass]Amoonguss||RockyHelmet|Regenerator|Spore,PollenPuff,RagePowder,ClearSmog|||M|||50|,,,,,Water]Kommo-o||Leftovers|Bulletproof|IronDefense,BodyPress,Flamethrower,Protect|||F|||50|,,,,,Fire]Ninetales-Alola||FocusSash|SnowWarning|Protect,Moonblast,Blizzard,Encore|||M|||50|,,,,,Ghost]Incineroar||SafetyGoggles|Intimidate|KnockOff,FlareBlitz,FakeOut,PartingShot|||F|||50|,,,,,Ghost
|showteam|p2|Sneasler||FocusSash|PoisonTouch|CloseCombat,DireClaw,FakeOut,Protect|||F|||50|,,,,,Stellar]Dragapult||ChoiceBand|ClearBody|DragonDarts,TeraBlast,PhantomForce,Uturn|||F|||50|,,,,,Ghost]Primarina||SitrusBerry|LiquidVoice|HyperVoice,Moonblast,Haze,Protect|||M|||50|,,,,,Poison]Kingambit||BlackGlasses|Defiant|KowtowCleave,SuckerPunch,SwordsDance,Protect|||M|||50|,,,,,Ghost]Magmar||Eviolite|VitalSpirit|Overheat,WillOWisp,FollowMe,Protect|||M|||50|,,,,,Ghost]Rillaboom||AssaultVest|GrassySurge|WoodHammer,GrassyGlide,HighHorsepower,FakeOut|||F|||50|,,,,,Fire
|
|t:|1757653336
|teamsize|p1|4
|teamsize|p2|4
|start
|switch|p1a: Ninetales|Ninetales-Alola, L50, M|100/100
|switch|p1b: Basculegion|Basculegion, L50, M|100/100
|switch|p2a: Sneasler|Sneasler, L50, F|100/100
|switch|p2b: Dragapult|Dragapult, L50, F|100/100
|-weather|Snowscape|[from] ability: Snow Warning|[of] p1a: Ninetales
|turn|1
|
|t:|1757653360
|move|p1b: Basculegion|Flip Turn|p2a: Sneasler
|-damage|p2a: Sneasler|26/100
|
|t:|1757653368
|switch|p1b: Amoonguss|Amoonguss, L50, M|100/100|[from] Flip Turn
|move|p2b: Dragapult|Phantom Force||[still]
|-prepare|p2b: Dragapult|Phantom Force
|move|p2a: Sneasler|Dire Claw|p1a: Ninetales
|-supereffective|p1a: Ninetales
|-damage|p1a: Ninetales|23/100
|move|p1a: Ninetales|Blizzard|p2a: Sneasler|[spread] p2a
|-miss|p1a: Ninetales|p2b: Dragapult
|-damage|p2a: Sneasler|0 fnt
|faint|p2a: Sneasler
|
|-weather|Snowscape|[upkeep]
|upkeep
|
|t:|1757653378
|switch|p2a: Kingambit|Kingambit, L50, M|100/100
|turn|2
|
|t:|1757653384
|move|p1b: Amoonguss|Rage Powder|p1b: Amoonguss
|-singleturn|p1b: Amoonguss|move: Rage Powder
|move|p2b: Dragapult|Phantom Force|p1b: Amoonguss|[from] lockedmove
|-damage|p1b: Amoonguss|43/100
|-damage|p2b: Dragapult|84/100|[from] item: Rocky Helmet|[of] p1b: Amoonguss
|move|p1a: Ninetales|Blizzard|p2b: Dragapult|[spread] p2a,p2b
|-resisted|p2a: Kingambit
|-supereffective|p2b: Dragapult
|-damage|p2a: Kingambit|85/100
|-damage|p2b: Dragapult|0 fnt
|faint|p2b: Dragapult
|move|p2a: Kingambit|Swords Dance|p2a: Kingambit
|-boost|p2a: Kingambit|atk|2
|
|-weather|Snowscape|[upkeep]
|upkeep
|
|t:|1757653392
|switch|p2b: Magmar|Magmar, L50, M|100/100
|turn|3
|
|t:|1757653398
|move|p2b: Magmar|Follow Me|p2b: Magmar
|-singleturn|p2b: Magmar|move: Follow Me
|move|p1b: Amoonguss|Rage Powder|p1b: Amoonguss
|-singleturn|p1b: Amoonguss|move: Rage Powder
|move|p1a: Ninetales|Blizzard|p2a: Kingambit|[spread] p2a,p2b
|-resisted|p2a: Kingambit
|-resisted|p2b: Magmar
|-damage|p2a: Kingambit|72/100
|-damage|p2b: Magmar|89/100
|move|p2a: Kingambit|Kowtow Cleave|p1b: Amoonguss
|-damage|p1b: Amoonguss|0 fnt
|-damage|p2a: Kingambit|56/100|[from] item: Rocky Helmet|[of] p1b: Amoonguss
|faint|p1b: Amoonguss
|
|-weather|Snowscape|[upkeep]
|upkeep
|
|t:|1757653411
|switch|p1b: Gholdengo|Gholdengo, L50|100/100
|turn|4
|
|t:|1757653427
|-terastallize|p1b: Gholdengo|Water
|move|p1a: Ninetales|Blizzard|p2b: Magmar|[spread] p2a,p2b
|-resisted|p2a: Kingambit
|-resisted|p2b: Magmar
|-damage|p2a: Kingambit|42/100
|-damage|p2b: Magmar|77/100
|move|p1b: Gholdengo|Shadow Ball|p2a: Kingambit
|-resisted|p2a: Kingambit
|-damage|p2a: Kingambit|17/100
|-damage|p1b: Gholdengo|91/100|[from] item: Life Orb
|move|p2b: Magmar|Overheat|p1b: Gholdengo
|-resisted|p1b: Gholdengo
|-damage|p1b: Gholdengo|60/100
|-unboost|p2b: Magmar|spa|2
|move|p2a: Kingambit|Swords Dance|p2a: Kingambit
|-boost|p2a: Kingambit|atk|2
|
|-weather|Snowscape|[upkeep]
|upkeep
|turn|5
|
|t:|1757653446
|move|p2b: Magmar|Follow Me|p2b: Magmar
|-singleturn|p2b: Magmar|move: Follow Me
|move|p2a: Kingambit|Sucker Punch|p1b: Gholdengo
|-damage|p1b: Gholdengo|0 fnt
|faint|p1b: Gholdengo
|move|p1a: Ninetales|Blizzard|p2b: Magmar|[spread] p2a,p2b
|-resisted|p2a: Kingambit
|-resisted|p2b: Magmar
|-damage|p2a: Kingambit|3/100
|-damage|p2b: Magmar|64/100
|-status|p2b: Magmar|frz
|
|-weather|none
|upkeep
|
|t:|1757653456
|switch|p1b: Basculegion|Basculegion, L50, M|100/100
|turn|6
|
|t:|1757653466
|move|p2a: Kingambit|Protect|p2a: Kingambit
|-singleturn|p2a: Kingambit|Protect
|move|p1b: Basculegion|Aqua Jet|p2a: Kingambit
|-activate|p2a: Kingambit|move: Protect
|move|p1a: Ninetales|Moonblast|p2b: Magmar
|-resisted|p2b: Magmar
|-damage|p2b: Magmar|50/100 frz
|cant|p2b: Magmar|frz
|
|upkeep
|turn|7
|
|t:|1757653476
|cant|p2b: Magmar|frz
|move|p1b: Basculegion|Aqua Jet|p2a: Kingambit
|-damage|p2a: Kingambit|0 fnt
|faint|p2a: Kingambit
|move|p1a: Ninetales|Moonblast|p2b: Magmar
|-resisted|p2b: Magmar
|-damage|p2b: Magmar|37/100 frz
|-unboost|p2b: Magmar|spa|1
|
|upkeep
|turn|8
|-message|RagingJudge forfeited.
|
|win|WashYoButt
|l|☆RagingJudge
|player|p2|
||RagingJudge is ready for game 2.
||WashYoButt is ready for game 2.
|uhtml|next|Next: Game 2 of 3
|l|☆WashYoButt
|player|p1|
