|j|☆HolgerD
|j|☆lazarett
|html|HolgerDlazarett    
|uhtml|bestof|Game 2 of a best-of-3
|t:|1757629854
|gametype|doubles
|player|p1|HolgerD|170|1400
|player|p2|lazarett|riley|1347
|gen|9
|tier|[Gen 9] VGC 2025 Reg H (Bo3)
|rated|
|rule|Species Clause: Limit one of each Pokémon
|rule|Item Clause: Limit 1 of each item
|clearpoke
|poke|p1|Maushold, L50|
|poke|p1|Pelipper, L50, M|
|poke|p1|Archaludon, L50, M|
|poke|p1|Ursaluna, L50, M|
|poke|p1|Sinistcha, L50|
|poke|p1|Basculegion, L50, M|
|poke|p2|Mienshao, L50, M|
|poke|p2|Dragonite, L50, F|
|poke|p2|Gholdengo, L50|
|poke|p2|Porygon2, L50|
|poke|p2|Ursaluna, L50, M|
|poke|p2|Incineroar, L50, F|
|teampreview|4
|showteam|p1|Maushold||WideLens|Technician|PopulationBomb,FollowMe,Taunt,Protect||||||50|,,,,,Ghost]Pelipper||FocusSash|Drizzle|Hurricane,MuddyWater,Tailwind,Protect|||M|||50|,,,,,Ghost]Archaludon||AssaultVest|Stamina|DracoMeteor,ElectroShot,BodyPress,FlashCannon|||M|||50|,,,,,Bug]Ursaluna||FlameOrb|Guts|Facade,HeadlongRush,Earthquake,Protect|||M|||50|,,,,,Ghost]Sinistcha||SitrusBerry|Hospitality|MatchaGotcha,LifeDew,RagePowder,TrickRoom||||||50|,,,,,Fairy]Basculegion||LifeOrb|SwiftSwim|AquaJet,Protect,LastRespects,WaveCrash|||M|||50|,,,,,Water
|showteam|p2|Mienshao||FocusSash|InnerFocus|CloseCombat,IceSpinner,KnockOff,WideGuard|||M|||50|,,,,,Fairy]Dragonite||LoadedDice|Multiscale|ScaleShot,Haze,Tailwind,Protect|||F|||50|,,,,,Fairy]Gholdengo||LifeOrb|GoodasGold|MakeItRain,ShadowBall,NastyPlot,Protect||||||50|,,,,,Water]Porygon2||Eviolite|Download|IceBeam,TeraBlast,Recover,TrickRoom||||||50|,,,,,Fighting]Ursaluna||FlameOrb|Guts|Facade,Earthquake,HeadlongRush,Protect|||M|||50|,,,,,Ghost]Incineroar||SafetyGoggles|Intimidate|FakeOut,KnockOff,FlareBlitz,PartingShot|||F|||50|,,,,,Ghost
|inactive|Battle timer is ON: inactive players will automatically lose when time's up. (requested by HolgerD)
|
|t:|1757629883
|teamsize|p1|4
|teamsize|p2|4
|start
|switch|p1a: Maushold|Maushold, L50|100/100
|switch|p1b: Basculegion|Basculegion, L50, M|100/100
|switch|p2a: Incineroar|Incineroar, L50, F|100/100
|switch|p2b: Dragonite|Dragonite, L50, F|100/100
|-ability|p2a: Incineroar|Intimidate|boost
|-unboost|p1a: Maushold|atk|1
|-unboost|p1b: Basculegion|atk|1
|turn|1
|
|t:|1757629900
|switch|p2a: Gholdengo|Gholdengo, L50|100/100
|move|p1a: Maushold|Protect|p1a: Maushold
|-singleturn|p1a: Maushold|Protect
|move|p1b: Basculegion|Protect|p1b: Basculegion
|-singleturn|p1b: Basculegion|Protect
|move|p2b: Dragonite|Scale Shot|p1a: Maushold
|-activate|p1a: Maushold|move: Protect
|
|upkeep
|turn|2
|inactive|HolgerD has 30 seconds left.
|
|t:|1757629929
|switch|p2a: Incineroar|Incineroar, L50, F|100/100
|-ability|p2a: Incineroar|Intimidate|boost
|-unboost|p1a: Maushold|atk|1
|-unboost|p1b: Basculegion|atk|1
|move|p1a: Maushold|Protect||[still]
|-fail|p1a: Maushold
|move|p2b: Dragonite|Scale Shot|p1a: Maushold
|-damage|p1a: Maushold|78/100
|-damage|p1a: Maushold|56/100
|-damage|p1a: Maushold|33/100
|-damage|p1a: Maushold|7/100
|-hitcount|p1a: Maushold|4
|-unboost|p2b: Dragonite|def|1
|-boost|p2b: Dragonite|spe|1
|move|p1b: Basculegion|Last Respects|p2b: Dragonite
|-damage|p2b: Dragonite|87/100
|-damage|p1b: Basculegion|91/100|[from] item: Life Orb
|
|upkeep
|turn|3
|inactive|lazarett has 30 seconds left.
|
|t:|1757629956
|switch|p1a: Pelipper|Pelipper, L50, M|100/100
|-weather|RainDance|[from] ability: Drizzle|[of] p1a: Pelipper
|move|p1b: Basculegion|Wave Crash|p2a: Incineroar
|-supereffective|p2a: Incineroar
|-damage|p2a: Incineroar|4/100
|-damage|p1b: Basculegion|60/100|[from] Recoil
|-damage|p1b: Basculegion|51/100|[from] item: Life Orb
|move|p2b: Dragonite|Tailwind|p2b: Dragonite
|-sidestart|p2: lazarett|move: Tailwind
|move|p2a: Incineroar|Knock Off|p1b: Basculegion
|-supereffective|p1b: Basculegion
|-damage|p1b: Basculegion|0 fnt
|-enditem|p1b: Basculegion|Life Orb|[from] move: Knock Off|[of] p2a: Incineroar
|faint|p1b: Basculegion
|
|-weather|RainDance|[upkeep]
|upkeep
|
|t:|1757629966
|switch|p1b: Ursaluna|Ursaluna, L50, M|100/100
|turn|4
|
|t:|1757629982
|move|p1a: Pelipper|Protect|p1a: Pelipper
|-singleturn|p1a: Pelipper|Protect
|move|p1b: Ursaluna|Protect|p1b: Ursaluna
|-singleturn|p1b: Ursaluna|Protect
|move|p2b: Dragonite|Scale Shot|p1a: Pelipper
|-activate|p1a: Pelipper|move: Protect
|move|p2a: Incineroar|Knock Off|p1b: Ursaluna
|-activate|p1b: Ursaluna|move: Protect
|
|-weather|RainDance|[upkeep]
|-status|p1b: Ursaluna|brn|[from] item: Flame Orb
|upkeep
|turn|5
|inactive|HolgerD has 30 seconds left.
|
|t:|1757630009
|move|p2b: Dragonite|Scale Shot|p1a: Pelipper
|-damage|p1a: Pelipper|81/100
|-damage|p1a: Pelipper|61/100
|-damage|p1a: Pelipper|42/100
|-damage|p1a: Pelipper|23/100
|-hitcount|p1a: Pelipper|4
|-unboost|p2b: Dragonite|def|1
|-boost|p2b: Dragonite|spe|1
|move|p2a: Incineroar|Parting Shot|p1b: Ursaluna
|-unboost|p1b: Ursaluna|atk|1
|-unboost|p1b: Ursaluna|spa|1
|
|t:|1757630022
|switch|p2a: Gholdengo|Gholdengo, L50|100/100|[from] Parting Shot
|move|p1a: Pelipper|Muddy Water|p2a: Gholdengo|[spread] p2a,p2b
|-resisted|p2b: Dragonite
|-damage|p2a: Gholdengo|53/100
|-damage|p2b: Dragonite|66/100
|move|p1b: Ursaluna|Facade|p2b: Dragonite
|-damage|p2b: Dragonite|0 fnt
|faint|p2b: Dragonite
|
|-weather|RainDance|[upkeep]
|-damage|p1b: Ursaluna|95/100 brn|[from] brn
|upkeep
|
|t:|1757630034
|switch|p2b: Incineroar|Incineroar, L50, F|4/100
|-ability|p2b: Incineroar|Intimidate|boost
|-unboost|p1a: Pelipper|atk|1
|-unboost|p1b: Ursaluna|atk|1
|turn|6
|inactive|HolgerD has 30 seconds left.
|
|t:|1757630067
|switch|p2b: Ursaluna|Ursaluna, L50, M|100/100
|-terastallize|p1a: Pelipper|Ghost
|move|p2a: Gholdengo|Make It Rain|p1b: Ursaluna|[spread] p1a,p1b
|-damage|p1a: Pelipper|0 fnt
|-damage|p1b: Ursaluna|44/100 brn
|-unboost|p2a: Gholdengo|spa|1
|faint|p1a: Pelipper
|-damage|p2a: Gholdengo|43/100|[from] item: Life Orb
|move|p1b: Ursaluna|Earthquake|p2a: Gholdengo|[spread] p2a,p2b
|-supereffective|p2a: Gholdengo
|-damage|p2a: Gholdengo|0 fnt
|-damage|p2b: Ursaluna|78/100
|faint|p2a: Gholdengo
|
|-weather|RainDance|[upkeep]
|-damage|p1b: Ursaluna|38/100 brn|[from] brn
|-sideend|p2: lazarett|move: Tailwind
|-status|p2b: Ursaluna|brn|[from] item: Flame Orb
|upkeep
|
|t:|1757630082
|switch|p2a: Incineroar|Incineroar, L50, F|4/100
|switch|p1a: Maushold|Maushold, L50|7/100
|-ability|p2a: Incineroar|Intimidate|boost
|-unboost|p1a: Maushold|atk|1
|-unboost|p1b: Ursaluna|atk|1
|turn|7
|inactive|lazarett has 30 seconds left.
|
|t:|1757630110
|-terastallize|p2b: Ursaluna|Ghost
|move|p1a: Maushold|Protect|p1a: Maushold
|-singleturn|p1a: Maushold|Protect
|move|p1b: Ursaluna|Protect|p1b: Ursaluna
|-singleturn|p1b: Ursaluna|Protect
|move|p2a: Incineroar|Fake Out|p1b: Ursaluna
|-activate|p1b: Ursaluna|move: Protect
|move|p2b: Ursaluna|Facade|p1b: Ursaluna
|-activate|p1b: Ursaluna|move: Protect
|
|-weather|none
|-damage|p2b: Ursaluna|72/100 brn|[from] brn
|-damage|p1b: Ursaluna|32/100 brn|[from] brn
|upkeep
|turn|8
|inactive|HolgerD has 30 seconds left.
|
|t:|1757630144
|move|p1a: Maushold|Population Bomb|p2a: Incineroar
|-damage|p2a: Incineroar|0 fnt
|faint|p2a: Incineroar
|-hitcount|p2: Incineroar|1
|move|p2b: Ursaluna|Facade|p1b: Ursaluna
|-damage|p1b: Ursaluna|0 fnt
|faint|p1b: Ursaluna
|
|-damage|p2b: Ursaluna|66/100 brn|[from] brn
|upkeep
|turn|9
|-message|HolgerD forfeited.
|
|win|lazarett
|l|☆HolgerD
|player|p1|
||lazarett is ready for game 3.
||HolgerD is ready for game 3.
|uhtml|next|Next: Game 3 of 3
