|j|☆Wanouvgc
|j|☆3000coconut
|html|Wanouvgc3000coconut    
|uhtml|bestof|Game 1 of a best-of-3
|t:|1757105843
|gametype|doubles
|player|p1|Wanouvgc|riley|1000
|player|p2|3000coconut|2|1013
|gen|9
|tier|[Gen 9] VGC 2025 Reg H (Bo3)
|rated|
|rule|Species Clause: Limit one of each Pokémon
|rule|Item Clause: Limit 1 of each item
|clearpoke
|poke|p1|Incineroar, L50, M|
|poke|p1|Gholdengo, L50|
|poke|p1|Amoonguss, L50, M|
|poke|p1|Hydreigon, L50, F|
|poke|p1|Porygon2, L50|
|poke|p1|Ursaluna, L50, M|
|poke|p2|Indeedee-F, L50, F|
|poke|p2|Armarouge, L50, F|
|poke|p2|Ursaluna-Bloodmoon, L50, M|
|poke|p2|Incineroar, L50, F|
|poke|p2|Amoonguss, L50, F|
|poke|p2|Dondozo, L50, M|
|teampreview|4
|showteam|p1|Incineroar||SitrusBerry|Intimidate|KnockOff,FakeOut,FlareBlitz,PartingShot|||M|||50|,,,,,Ghost]Gholdengo||MetalCoat|GoodasGold|Protect,NastyPlot,MakeItRain,ShadowBall||||||50|,,,,,Water]Amoonguss||RockyHelmet|Regenerator|Spore,RagePowder,PollenPuff,Protect|||M|||50|,,,,,Fairy]Hydreigon||SafetyGoggles|Levitate|DracoMeteor,Snarl,Tailwind,Protect|||F|||50|,,,,,Ghost]Porygon2||Eviolite|Download|Recover,IceBeam,TeraBlast,TrickRoom||||||50|,,,,,Fighting]Ursaluna||FlameOrb|Guts|Earthquake,Facade,HeadlongRush,Protect|||M|||50|,,,,,Ghost
|showteam|p2|Indeedee-F||RockyHelmet|PsychicSurge|FollowMe,Protect,Psychic,TrickRoom|||F|||50|,,,,,Fighting]Armarouge||FocusSash|FlashFire|ArmorCannon,ExpandingForce,TrickRoom,Protect|||F|||50|,,,,,Psychic]Ursaluna-Bloodmoon||AssaultVest|MindsEye|BloodMoon,HyperVoice,EarthPower,TeraBlast|||M|||50|,,,,,Grass]Incineroar||SafetyGoggles|Intimidate|Protect,PartingShot,FakeOut,KnockOff|||F|||50|,,,,,Ghost]Amoonguss||CovertCloak|Regenerator|RagePowder,Protect,Spore,PollenPuff|||F|||50|,,,,,Water]Dondozo||ChoiceBand|Unaware|WaveCrash,Earthquake,Outrage,Liquidation|||M|||50|,,,,,Ground
|
|t:|1757105871
|teamsize|p1|4
|teamsize|p2|4
|start
|switch|p1a: Porygon2|Porygon2, L50|100/100
|switch|p1b: Hydreigon|Hydreigon, L50, F|100/100
|switch|p2a: Indeedee|Indeedee-F, L50, F|100/100
|switch|p2b: Armarouge|Armarouge, L50, F|100/100
|-ability|p1a: Porygon2|Download|boost
|-boost|p1a: Porygon2|atk|1
|-fieldstart|move: Psychic Terrain|[from] ability: Psychic Surge|[of] p2a: Indeedee
|turn|1
|
|t:|1757105888
|move|p2b: Armarouge|Protect|p2b: Armarouge
|-singleturn|p2b: Armarouge|Protect
|move|p1b: Hydreigon|Tailwind|p1b: Hydreigon
|-sidestart|p1: Wanouvgc|move: Tailwind
|move|p1a: Porygon2|Trick Room|p1a: Porygon2
|-fieldstart|move: Trick Room|[of] p1a: Porygon2
|move|p2a: Indeedee|Trick Room|p2a: Indeedee
|-fieldend|move: Trick Room
|
|upkeep
|turn|2
|j| 4sonic5
|
|t:|1757105908
|switch|p2b: Incineroar|Incineroar, L50, F|100/100
|-ability|p2b: Incineroar|Intimidate|boost
|-unboost|p1a: Porygon2|atk|1
|-unboost|p1b: Hydreigon|atk|1
|-terastallize|p1a: Porygon2|Fighting
|move|p2a: Indeedee|Protect|p2a: Indeedee
|-singleturn|p2a: Indeedee|Protect
|move|p1b: Hydreigon|Snarl|p2a: Indeedee|[spread] p2b
|-activate|p2a: Indeedee|move: Protect
|-resisted|p2b: Incineroar
|-damage|p2b: Incineroar|92/100
|-unboost|p2b: Incineroar|spa|1
|move|p1a: Porygon2|Tera Blast|p2b: Incineroar|[anim] Tera Blast Fighting
|-supereffective|p2b: Incineroar
|-damage|p2b: Incineroar|25/100
|
|upkeep
|turn|3
|
|t:|1757105937
|switch|p1b: Incineroar|Incineroar, L50, M|100/100
|-ability|p1b: Incineroar|Intimidate|boost
|-unboost|p2a: Indeedee|atk|1
|-unboost|p2b: Incineroar|atk|1
|switch|p2b: Armarouge|Armarouge, L50, F|100/100
|move|p1a: Porygon2|Trick Room|p1a: Porygon2
|-fieldstart|move: Trick Room|[of] p1a: Porygon2
|move|p2a: Indeedee|Trick Room|p2a: Indeedee
|-fieldend|move: Trick Room
|
|upkeep
|turn|4
|
|t:|1757105972
|move|p1b: Incineroar|Knock Off|p2b: Armarouge
|-supereffective|p2b: Armarouge
|-damage|p2b: Armarouge|19/100
|-enditem|p2b: Armarouge|Focus Sash|[from] move: Knock Off|[of] p1b: Incineroar
|move|p1a: Porygon2|Ice Beam|p2b: Armarouge
|-resisted|p2b: Armarouge
|-damage|p2b: Armarouge|0 fnt
|faint|p2b: Armarouge
|move|p2a: Indeedee|Trick Room|p2a: Indeedee
|-fieldstart|move: Trick Room|[of] p2a: Indeedee
|
|-sideend|p1: Wanouvgc|move: Tailwind
|upkeep
|
|t:|1757105979
|switch|p2b: Amoonguss|Amoonguss, L50, F|100/100
|turn|5
|
|t:|1757105994
|move|p2a: Indeedee|Follow Me|p2a: Indeedee
|-singleturn|p2a: Indeedee|move: Follow Me
|move|p2b: Amoonguss|Spore|p1b: Incineroar
|-status|p1b: Incineroar|slp|[from] move: Spore
|cant|p1b: Incineroar|slp
|move|p1a: Porygon2|Trick Room|p1a: Porygon2
|-fieldend|move: Trick Room
|
|-fieldend|move: Psychic Terrain
|upkeep
|turn|6
|
|t:|1757106019
|switch|p1b: Hydreigon|Hydreigon, L50, F|100/100
|-terastallize|p2b: Amoonguss|Water
|move|p1a: Porygon2|Ice Beam|p2b: Amoonguss
|-resisted|p2b: Amoonguss
|-damage|p2b: Amoonguss|92/100
|move|p2a: Indeedee|Psychic|p1a: Porygon2
|-supereffective|p1a: Porygon2
|-damage|p1a: Porygon2|60/100
|move|p2b: Amoonguss|Spore|p1a: Porygon2
|-status|p1a: Porygon2|slp|[from] move: Spore
|
|upkeep
|turn|7
|
|t:|1757106038
|move|p2b: Amoonguss|Protect|p2b: Amoonguss
|-singleturn|p2b: Amoonguss|Protect
|move|p1b: Hydreigon|Draco Meteor|p2b: Amoonguss
|-activate|p2b: Amoonguss|move: Protect
|cant|p1a: Porygon2|slp
|move|p2a: Indeedee|Trick Room|p2a: Indeedee
|-fieldstart|move: Trick Room|[of] p2a: Indeedee
|
|upkeep
|turn|8
|
|t:|1757106056
|move|p2b: Amoonguss|Spore|p1b: Hydreigon
|-activate|p1b: Hydreigon|item: Safety Goggles|Spore
|move|p2a: Indeedee|Psychic|p1a: Porygon2
|-supereffective|p1a: Porygon2
|-damage|p1a: Porygon2|21/100 slp
|-curestatus|p1a: Porygon2|slp|[msg]
|move|p1a: Porygon2|Recover|p1a: Porygon2
|-heal|p1a: Porygon2|71/100
|move|p1b: Hydreigon|Snarl|p2a: Indeedee|[spread] p2a,p2b
|-supereffective|p2a: Indeedee
|-crit|p2a: Indeedee
|-damage|p2a: Indeedee|59/100
|-damage|p2b: Amoonguss|78/100
|-unboost|p2a: Indeedee|spa|1
|
|upkeep
|turn|9
|
|t:|1757106079
|move|p2b: Amoonguss|Spore|p1a: Porygon2
|-status|p1a: Porygon2|slp|[from] move: Spore
|move|p2a: Indeedee|Psychic|p1a: Porygon2
|-supereffective|p1a: Porygon2
|-damage|p1a: Porygon2|48/100 slp
|cant|p1a: Porygon2|slp
|move|p1b: Hydreigon|Draco Meteor|p2a: Indeedee
|-damage|p2a: Indeedee|12/100
|-unboost|p1b: Hydreigon|spa|2
|
|upkeep
|turn|10
|
|t:|1757106094
|switch|p1b: Incineroar|Incineroar, L50, M|100/100 slp
|-ability|p1b: Incineroar|Intimidate|boost
|-unboost|p2a: Indeedee|atk|1
|-unboost|p2b: Amoonguss|atk|1
|move|p2b: Amoonguss|Pollen Puff|p2a: Indeedee
|-heal|p2a: Indeedee|62/100
|move|p2a: Indeedee|Psychic|p1a: Porygon2
|-supereffective|p1a: Porygon2
|-damage|p1a: Porygon2|23/100 slp
|cant|p1a: Porygon2|slp
|
|upkeep
|turn|11
|
|t:|1757106126
|switch|p2a: Incineroar|Incineroar, L50, F|25/100
|-ability|p2a: Incineroar|Intimidate|boost
|-unboost|p1a: Porygon2|atk|1
|-unboost|p1b: Incineroar|atk|1
|switch|p1a: Hydreigon|Hydreigon, L50, F|100/100
|move|p2b: Amoonguss|Pollen Puff|p2a: Incineroar
|-heal|p2a: Incineroar|75/100
|cant|p1b: Incineroar|slp
|
|-fieldend|move: Trick Room
|upkeep
|turn|12
|
|t:|1757106152
|switch|p1b: Amoonguss|Amoonguss, L50, M|100/100
|switch|p2b: Indeedee|Indeedee-F, L50, F|62/100
|-fieldstart|move: Psychic Terrain|[from] ability: Psychic Surge|[of] p2b: Indeedee
|move|p2a: Incineroar|Fake Out|p1a: Hydreigon
|-hint|Psychic Terrain doesn't affect Pokémon immune to Ground.
|-damage|p1a: Hydreigon|83/100
|cant|p1a: Hydreigon|flinch
|
|upkeep
|turn|13
|
|t:|1757106182
|move|p1b: Amoonguss|Rage Powder|p1b: Amoonguss
|-singleturn|p1b: Amoonguss|move: Rage Powder
|move|p1a: Hydreigon|Draco Meteor|p2b: Indeedee
|-crit|p2b: Indeedee
|-damage|p2b: Indeedee|0 fnt
|-unboost|p1a: Hydreigon|spa|2
|faint|p2b: Indeedee
|move|p2a: Incineroar|Parting Shot|p1a: Hydreigon
|-unboost|p1a: Hydreigon|atk|1
|-unboost|p1a: Hydreigon|spa|1
|
|t:|1757106189
|switch|p2a: Amoonguss|Amoonguss, L50, F, tera:Water|100/100|[from] Parting Shot
|
|upkeep
|
|t:|1757106196
|switch|p2b: Incineroar|Incineroar, L50, F|75/100
|-ability|p2b: Incineroar|Intimidate|boost
|-unboost|p1a: Hydreigon|atk|1
|-unboost|p1b: Amoonguss|atk|1
|turn|14
|
|t:|1757106209
|switch|p1a: Porygon2|Porygon2, L50, tera:Fighting|23/100 slp
|-ability|p1a: Porygon2|Download|boost
|-boost|p1a: Porygon2|atk|1
|switch|p1b: Incineroar|Incineroar, L50, M|100/100 slp
|-ability|p1b: Incineroar|Intimidate|boost
|-unboost|p2a: Amoonguss|atk|1
|-unboost|p2b: Incineroar|atk|1
|move|p2b: Incineroar|Fake Out|p1a: Porygon2
|-activate|p1a: Porygon2|move: Psychic Terrain
|move|p2a: Amoonguss|Spore|p1a: Porygon2
|-fail|p1a: Porygon2|slp
|
|upkeep
|turn|15
|
|t:|1757106227
|-curestatus|p1b: Incineroar|slp|[msg]
|move|p1b: Incineroar|Fake Out|p2b: Incineroar
|-activate|p2b: Incineroar|move: Psychic Terrain
|move|p2a: Amoonguss|Rage Powder|p2a: Amoonguss
|-singleturn|p2a: Amoonguss|move: Rage Powder
|cant|p1a: Porygon2|slp
|move|p2b: Incineroar|Knock Off|p1a: Porygon2
|-resisted|p1a: Porygon2
|-damage|p1a: Porygon2|12/100 slp
|-enditem|p1a: Porygon2|Eviolite|[from] move: Knock Off|[of] p2b: Incineroar
|
|upkeep
|turn|16
|
|t:|1757106245
|move|p2b: Incineroar|Protect|p2b: Incineroar
|-singleturn|p2b: Incineroar|Protect
|move|p1b: Incineroar|Knock Off|p2b: Incineroar
|-activate|p2b: Incineroar|move: Protect
|-curestatus|p1a: Porygon2|slp|[msg]
|move|p1a: Porygon2|Recover|p1a: Porygon2
|-heal|p1a: Porygon2|62/100
|move|p2a: Amoonguss|Pollen Puff|p1a: Porygon2
|-resisted|p1a: Porygon2
|-damage|p1a: Porygon2|54/100
|
|-fieldend|move: Psychic Terrain
|upkeep
|turn|17
|
|t:|1757106280
|move|p1b: Incineroar|Parting Shot|p2b: Incineroar
|-unboost|p2b: Incineroar|atk|1
|-unboost|p2b: Incineroar|spa|1
|
|t:|1757106291
|switch|p1b: Hydreigon|Hydreigon, L50, F|83/100|[from] Parting Shot
|move|p1a: Porygon2|Tera Blast|p2b: Incineroar|[anim] Tera Blast Fighting
|-supereffective|p2b: Incineroar
|-damage|p2b: Incineroar|15/100
|move|p2b: Incineroar|Parting Shot|p1b: Hydreigon
|-unboost|p1b: Hydreigon|atk|1
|-unboost|p1b: Hydreigon|spa|1
|move|p2a: Amoonguss|Spore|p1a: Porygon2
|-status|p1a: Porygon2|slp|[from] move: Spore
|
|upkeep
|turn|18
|
|t:|1757106312
|switch|p1a: Amoonguss|Amoonguss, L50, M|100/100
|move|p1b: Hydreigon|Draco Meteor|p2b: Incineroar
|-damage|p2b: Incineroar|0 fnt
|-unboost|p1b: Hydreigon|spa|2
|faint|p2b: Incineroar
|move|p2a: Amoonguss|Pollen Puff|p2: Incineroar|[notarget]
|-fail|p2a: Amoonguss
|
|upkeep
|turn|19
|-message|3000coconut forfeited.
|
|win|Wanouvgc
|l|☆3000coconut
|player|p2|
||3000coconut is ready for game 2.
|raw|Wanouvgc's rating: 1000 → 1000(+0 for losing)
|raw|3000coconut's rating: 1013 → 1050(+37 for winning)
|l|☆Wanouvgc
|player|p1|
|j|☆Wanouvgc
|player|p1|Wanouvgc|riley|
|l| 4sonic5
