|j|☆jc1701
|j|☆steelag0
|html|jc1701steelag0    
|uhtml|bestof|Game 2 of a best-of-3
|t:|1782473451
|gametype|doubles
|player|p1|jc1701|266|1046
|player|p2|steelag0|265|1087
|gen|9
|tier|[Gen 9 Champions] VGC 2026 Reg M-B (Bo3)
|rated|
|rule|Species Clause: Limit one of each Pokémon
|rule|Item Clause: Limit 1 of each item
|clearpoke
|poke|p1|Swampert, L50, F|
|poke|p1|Pelipper, L50, M|
|poke|p1|Archaludon, L50, M|
|poke|p1|Grimmsnarl, L50, M|
|poke|p1|Venusaur, L50, M|
|poke|p1|Basculegion, L50, M|
|poke|p2|Blaziken, L50, M|
|poke|p2|Hydreigon, L50, F|
|poke|p2|Basculegion, L50, M|
|poke|p2|Whimsicott, L50, M|
|poke|p2|Farigiraf, L50, M|
|poke|p2|Metagross, L50|
|teampreview|4
|showteam|p1|Swampert||Swampertite|Torrent|WaveCrash,Earthquake,IcePunch,Protect|Adamant||F|||50|]Pelipper||LifeOrb|Drizzle|WeatherBall,Tailwind,Protect,Hurricane|Modest||M|||50|]Archaludon||Leftovers|Stamina|DragonPulse,FlashCannon,ElectroShot,Protect|Modest||M|||50|]Grimmsnarl||LightClay|Prankster|LightScreen,Reflect,PartingShot,SpiritBreak|Careful||M|||50|]Venusaur||Venusaurite|Chlorophyll|EnergyBall,SludgeBomb,Protect,LeechSeed|Modest||M|||50|]Basculegion||ChoiceScarf|Adaptability|WaveCrash,AquaJet,LastRespects,FlipTurn|Jolly||M|||50|
|showteam|p2|Blaziken||Blazikenite|SpeedBoost|FlareBlitz,CloseCombat,RockSlide,Detect|Adamant||M|||50|]Hydreigon||ChoiceScarf|Levitate|DracoMeteor,DarkPulse,EarthPower,Snarl|Modest||F|||50|]Basculegion||LifeOrb|Adaptability|WaveCrash,LastRespects,AquaJet,Protect|Adamant||M|||50|]Whimsicott||FocusSash|Prankster|Moonblast,Encore,Tailwind,Protect|Timid||M|||50|]Farigiraf||SitrusBerry|ArmorTail|Psychic,Thunderbolt,Roar,TrickRoom|Bold||M|||50|]Metagross||Metagrossite|ClearBody|PsychicFangs,IronHead,StompingTantrum,Protect|Jolly|||||50|
|inactive|Battle timer is ON: inactive players will automatically lose when time's up. (requested by jc1701)
|
|t:|1782473459
|teamsize|p1|4
|teamsize|p2|4
|start
|switch|p1a: Paco|Grimmsnarl, L50, M|100/100
|switch|p1b: Jose Luis|Pelipper, L50, M|100/100
|switch|p2a: Whimsicott|Whimsicott, L50, M|100/100
|switch|p2b: Metagross|Metagross, L50|100/100
|-weather|RainDance|[from] ability: Drizzle|[of] p1b: Jose Luis
|turn|1
|inactive|jc1701 has 30 seconds left.
|inactive|jc1701 has 20 seconds left.
|inactive|steelag0 has 30 seconds left.
|inactive|jc1701 has 15 seconds left.
|inactive|jc1701 has 10 seconds left.
|inactive|jc1701 has 5 seconds left.
|inactive|steelag0 has 20 seconds left.
|
|t:|1782473512
|move|p2b: Metagross|Protect|p2b: Metagross
|-singleturn|p2b: Metagross|Protect
|move|p1a: Paco|Parting Shot|p2b: Metagross
|-activate|p2b: Metagross|move: Protect
|move|p2a: Whimsicott|Moonblast|p1a: Paco
|-supereffective|p1a: Paco|1
|-damage|p1a: Paco|39/100
|move|p1b: Jose Luis|Tailwind|p1b: Jose Luis
|-sidestart|p1: jc1701|move: Tailwind
|
|-weather|RainDance|[upkeep]
|upkeep
|turn|2
|inactive|steelag0 has 30 seconds left.
|inactive|steelag0 has 20 seconds left.
|
|t:|1782473549
|move|p2a: Whimsicott|Encore|p1b: Jose Luis
|-start|p1b: Jose Luis|Encore
|move|p1a: Paco|Parting Shot|p2b: Metagross
|-fail|p2b: Metagross|unboost|[from] ability: Clear Body|[of] p2b: Metagross
|move|p1b: Jose Luis|Tailwind||[still]
|-fail|p1b: Jose Luis
|move|p2b: Metagross|Psychic Fangs|p1b: Jose Luis
|-damage|p1b: Jose Luis|46/100
|
|-weather|RainDance|[upkeep]
|upkeep
|turn|3
|
|t:|1782473572
|switch|p1b: torres kio|Archaludon, L50, M|100/100
|switch|p1a: CBUM|Swampert, L50, F|100/100
|move|p2a: Whimsicott|Moonblast|p1a: CBUM
|-damage|p1a: CBUM|61/100
|-unboost|p1a: CBUM|spa|1
|move|p2b: Metagross|Psychic Fangs|p1b: torres kio
|-resisted|p1b: torres kio|1
|-damage|p1b: torres kio|84/100
|-ability|p1b: torres kio|Stamina|boost
|-boost|p1b: torres kio|def|1
|
|-weather|RainDance|[upkeep]
|-heal|p1b: torres kio|90/100|[from] item: Leftovers
|upkeep
|turn|4
|inactive|jc1701 has 30 seconds left.
|inactive|jc1701 has 20 seconds left.
|inactive|jc1701 has 15 seconds left.
|
|t:|1782473616
|switch|p1b: Jose Luis|Pelipper, L50, M|46/100
|detailschange|p1a: CBUM|Swampert-Mega, L50, F
|-mega|p1a: CBUM|Swampert|Swampertite
|detailschange|p2b: Metagross|Metagross-Mega, L50
|-mega|p2b: Metagross|Metagross|Metagrossite
|move|p2a: Whimsicott|Protect|p2a: Whimsicott
|-singleturn|p2a: Whimsicott|Protect
|move|p2b: Metagross|Protect|p2b: Metagross
|-singleturn|p2b: Metagross|Protect
|move|p1a: CBUM|Earthquake|p2b: Metagross|[spread] 
|-activate|p2a: Whimsicott|move: Protect
|-activate|p2b: Metagross|move: Protect
|-immune|p1b: Jose Luis
|
|-weather|RainDance|[upkeep]
|-sideend|p1: jc1701|move: Tailwind
|upkeep
|turn|5
|inactive|jc1701 has 30 seconds left.
|inactive|steelag0 has 30 seconds left.
|
|t:|1782473649
|move|p2a: Whimsicott|Tailwind|p2a: Whimsicott
|-sidestart|p2: steelag0|move: Tailwind
|move|p2b: Metagross|Psychic Fangs|p1a: CBUM
|-damage|p1a: CBUM|10/100
|move|p1a: CBUM|Earthquake|p2b: Metagross|[spread] p2a,p2b
|-immune|p1b: Jose Luis
|-resisted|p2a: Whimsicott|1
|-supereffective|p2b: Metagross|1
|-damage|p2a: Whimsicott|66/100
|-damage|p2b: Metagross|33/100
|move|p1b: Jose Luis|Hurricane|p2a: Whimsicott
|-supereffective|p2a: Whimsicott|1
|-damage|p2a: Whimsicott|0 fnt
|faint|p2a: Whimsicott
|-damage|p1b: Jose Luis|36/100|[from] item: Life Orb
|
|-weather|none
|upkeep
|
|t:|1782473664
|switch|p2a: Hydreigon|Hydreigon, L50, F|100/100
|turn|6
|
|t:|1782473684
|switch|p1a: Paco|Grimmsnarl, L50, M|39/100
|move|p2a: Hydreigon|Earth Power|p1a: Paco
|-damage|p1a: Paco|8/100
|move|p2b: Metagross|Psychic Fangs|p1b: Jose Luis
|-damage|p1b: Jose Luis|0 fnt
|faint|p1b: Jose Luis
|
|upkeep
|
|t:|1782473708
|switch|p1b: torres kio|Archaludon, L50, M|90/100
|turn|7
|
|t:|1782473726
|move|p1a: Paco|Parting Shot|p2b: Metagross
|-unboost|p2b: Metagross|atk|1
|-unboost|p2b: Metagross|spa|1
|
|t:|1782473750
|switch|p1a: CBUM|Swampert-Mega, L50, F|10/100|[from] Parting Shot
|move|p2a: Hydreigon|Earth Power|p1b: torres kio
|-supereffective|p1b: torres kio|1
|-damage|p1b: torres kio|24/100
|-ability|p1b: torres kio|Stamina|boost
|-boost|p1b: torres kio|def|1
|move|p2b: Metagross|Iron Head|p1a: CBUM
|-resisted|p1a: CBUM|1
|-damage|p1a: CBUM|0 fnt
|faint|p1a: CBUM
|move|p1b: torres kio|Dragon Pulse|p2a: Hydreigon
|-supereffective|p2a: Hydreigon|1
|-damage|p2a: Hydreigon|8/100
|
|-heal|p1b: torres kio|30/100|[from] item: Leftovers
|upkeep
|
|t:|1782473752
|switch|p1a: Paco|Grimmsnarl, L50, M|8/100
|turn|8
|-message|jc1701 forfeited.
|
|win|steelag0
|raw|jc1701's rating: 1046 → 1031(-15 for losing)
|raw|steelag0's rating: 1087 → 1111(+24 for winning)
|l|☆jc1701
|player|p1|
