|j|☆JuanGuerrero09
|j|☆benxcs
|html|JuanGuerrero09benxcs    
|uhtml|bestof|Game 2 of a best-of-3
|t:|1757654017
|gametype|doubles
|player|p1|JuanGuerrero09|1|1145
|player|p2|benxcs|169|1000
|gen|9
|tier|[Gen 9] VGC 2025 Reg H (Bo3)
|rated|
|rule|Species Clause: Limit one of each Pokémon
|rule|Item Clause: Limit 1 of each item
|clearpoke
|poke|p1|Talonflame, L50, M|
|poke|p1|Garchomp, L50, M|
|poke|p1|Tyranitar, L50, M|
|poke|p1|Milotic, L50, F|
|poke|p1|Amoonguss, L50, F|
|poke|p1|Gholdengo, L50|
|poke|p2|Gholdengo, L50|
|poke|p2|Incineroar, L50, F|
|poke|p2|Flamigo, L50, F|
|poke|p2|Ursaluna, L50, F|
|poke|p2|Porygon2, L50|
|poke|p2|Amoonguss, L50, F|
|teampreview|4
|showteam|p1|Talonflame||CovertCloak|GaleWings|DualWingbeat,Tailwind,WillOWisp,Taunt|||M|||50|,,,,,Ghost]Garchomp||LifeOrb|RoughSkin|Protect,StompingTantrum,Earthquake,DragonClaw|||M|||50|,,,,,Steel]Tyranitar||AssaultVest|SandStream|RockSlide,KnockOff,LowKick,TeraBlast|||M|||50|,,,,,Flying]Milotic||SafetyGoggles|Competitive|Scald,IcyWind,Haze,Protect|||F|||50|,,,,,Dragon]Amoonguss||SitrusBerry|Regenerator|Protect,RagePowder,Spore,PollenPuff|||F|||50|,,,,,Water]Gholdengo||IronPlate|GoodasGold|MakeItRain,ShadowBall,NastyPlot,Protect||||||50|,,,,,Flying
|showteam|p2|Gholdengo||LifeOrb|GoodasGold|MakeItRain,ShadowBall,NastyPlot,Protect||||||50|,,,,,Dragon]Incineroar||SafetyGoggles|Intimidate|KnockOff,FlareBlitz,PartingShot,FakeOut|||F|||50|,,,,,Grass]Flamigo||FocusSash|Scrappy|CloseCombat,BraveBird,WideGuard,Protect|||F|||50|,,,,,Ghost]Ursaluna||FlameOrb|Guts|Facade,HeadlongRush,Earthquake,Protect|||F|||50|,,,,,Normal]Porygon2||Eviolite|Download|TeraBlast,IceBeam,TrickRoom,Recover||||||50|,,,,,Fighting]Amoonguss||MentalHerb|Regenerator|Spore,RagePowder,PollenPuff,SludgeBomb|||F|||50|,,,,,Water
|
|t:|1757654061
|teamsize|p1|4
|teamsize|p2|4
|start
|switch|p1a: Talonflame|Talonflame, L50, M|100/100
|switch|p1b: Milotic|Milotic, L50, F|100/100
|switch|p2a: Incineroar|Incineroar, L50, F|100/100
|switch|p2b: Gholdengo|Gholdengo, L50|100/100
|-ability|p2a: Incineroar|Intimidate|boost
|-unboost|p1a: Talonflame|atk|1
|-unboost|p1b: Milotic|atk|1
|-ability|p1b: Milotic|Competitive|boost
|-boost|p1b: Milotic|spa|2
|turn|1
|
|t:|1757654085
|move|p1b: Milotic|Protect|p1b: Milotic
|-singleturn|p1b: Milotic|Protect
|move|p2a: Incineroar|Fake Out|p1b: Milotic
|-activate|p1b: Milotic|move: Protect
|move|p1a: Talonflame|Tailwind|p1a: Talonflame
|-sidestart|p1: JuanGuerrero09|move: Tailwind
|move|p2b: Gholdengo|Nasty Plot|p2b: Gholdengo
|-boost|p2b: Gholdengo|spa|2
|
|upkeep
|turn|2
|
|t:|1757654127
|switch|p2a: Amoonguss|Amoonguss, L50, F|100/100
|move|p2b: Gholdengo|Protect|p2b: Gholdengo
|-singleturn|p2b: Gholdengo|Protect
|move|p1a: Talonflame|Taunt|p2b: Gholdengo
|-activate|p2b: Gholdengo|move: Protect
|move|p1b: Milotic|Scald|p2a: Amoonguss
|-resisted|p2a: Amoonguss
|-damage|p2a: Amoonguss|74/100
|-status|p2a: Amoonguss|brn
|
|-damage|p2a: Amoonguss|68/100 brn|[from] brn
|upkeep
|turn|3
|inactive|Battle timer is ON: inactive players will automatically lose when time's up. (requested by JuanGuerrero09)
|inactive|benxcs has 60 seconds left.
|
|t:|1757654204
|move|p1a: Talonflame|Dual Wingbeat|p2a: Amoonguss
|-supereffective|p2a: Amoonguss
|-damage|p2a: Amoonguss|51/100 brn
|-supereffective|p2a: Amoonguss
|-damage|p2a: Amoonguss|34/100 brn
|-hitcount|p2a: Amoonguss|2
|move|p1b: Milotic|Haze|p1b: Milotic
|-clearallboost
|move|p2b: Gholdengo|Make It Rain|p1b: Milotic|[spread] p1a,p1b
|-resisted|p1a: Talonflame
|-resisted|p1b: Milotic
|-damage|p1a: Talonflame|58/100
|-damage|p1b: Milotic|78/100
|-unboost|p2b: Gholdengo|spa|1
|-damage|p2b: Gholdengo|91/100|[from] item: Life Orb
|move|p2a: Amoonguss|Spore|p1b: Milotic
|-activate|p1b: Milotic|item: Safety Goggles|Spore
|
|-damage|p2a: Amoonguss|28/100 brn|[from] brn
|upkeep
|turn|4
|inactive|JuanGuerrero09 has 30 seconds left.
|inactive|benxcs has 30 seconds left.
|
|t:|1757654235
|move|p2a: Amoonguss|Rage Powder|p2a: Amoonguss
|-singleturn|p2a: Amoonguss|move: Rage Powder
|move|p1a: Talonflame|Taunt|p2a: Amoonguss
|-start|p2a: Amoonguss|move: Taunt
|-enditem|p2a: Amoonguss|Mental Herb
|-end|p2a: Amoonguss|move: Taunt
|move|p1b: Milotic|Icy Wind|p2b: Gholdengo|[spread] p2a,p2b
|-supereffective|p2a: Amoonguss
|-resisted|p2b: Gholdengo
|-damage|p2a: Amoonguss|7/100 brn
|-damage|p2b: Gholdengo|84/100
|-unboost|p2a: Amoonguss|spe|1
|-unboost|p2b: Gholdengo|spe|1
|move|p2b: Gholdengo|Shadow Ball|p1a: Talonflame
|-damage|p1a: Talonflame|0 fnt
|faint|p1a: Talonflame
|-damage|p2b: Gholdengo|74/100|[from] item: Life Orb
|
|-damage|p2a: Amoonguss|1/100 brn|[from] brn
|-sideend|p1: JuanGuerrero09|move: Tailwind
|upkeep
|
|t:|1757654244
|switch|p1a: Garchomp|Garchomp, L50, M|100/100
|turn|5
|
|t:|1757654260
|move|p1b: Milotic|Protect|p1b: Milotic
|-singleturn|p1b: Milotic|Protect
|move|p2a: Amoonguss|Rage Powder|p2a: Amoonguss
|-singleturn|p2a: Amoonguss|move: Rage Powder
|move|p1a: Garchomp|Earthquake|p2b: Gholdengo|[spread] p2a,p2b
|-activate|p1b: Milotic|move: Protect
|-supereffective|p2b: Gholdengo
|-damage|p2a: Amoonguss|0 fnt
|-damage|p2b: Gholdengo|0 fnt
|faint|p2a: Amoonguss
|faint|p2b: Gholdengo
|-damage|p1a: Garchomp|91/100|[from] item: Life Orb
|
|upkeep
|
|t:|1757654272
|switch|p2b: Flamigo|Flamigo, L50, F|100/100
|switch|p2a: Incineroar|Incineroar, L50, F|100/100
|-ability|p2a: Incineroar|Intimidate|boost
|-unboost|p1a: Garchomp|atk|1
|-unboost|p1b: Milotic|atk|1
|-ability|p1b: Milotic|Competitive|boost
|-boost|p1b: Milotic|spa|2
|turn|6
|
|t:|1757654292
|switch|p1a: Amoonguss|Amoonguss, L50, F|100/100
|move|p2a: Incineroar|Fake Out|p1b: Milotic
|-damage|p1b: Milotic|68/100
|move|p2b: Flamigo|Close Combat|p1a: Amoonguss
|-resisted|p1a: Amoonguss
|-damage|p1a: Amoonguss|77/100
|-unboost|p2b: Flamigo|def|1
|-unboost|p2b: Flamigo|spd|1
|cant|p1b: Milotic|flinch
|
|upkeep
|turn|7
|inactive|benxcs has 30 seconds left.
|inactive|benxcs has 20 seconds left.
|
|t:|1757654331
|-terastallize|p1a: Amoonguss|Water
|move|p2b: Flamigo|Brave Bird|p1b: Milotic
|-damage|p1b: Milotic|19/100
|-damage|p2b: Flamigo|81/100|[from] Recoil
|move|p1b: Milotic|Scald|p2a: Incineroar
|-supereffective|p2a: Incineroar
|-damage|p2a: Incineroar|0 fnt
|faint|p2a: Incineroar
|move|p1a: Amoonguss|Pollen Puff|p1b: Milotic
|-heal|p1b: Milotic|69/100
|
|upkeep
|turn|8
|
|t:|1757654352
|move|p2b: Flamigo|Brave Bird|p1a: Amoonguss
|-damage|p1a: Amoonguss|29/100
|-enditem|p1a: Amoonguss|Sitrus Berry|[eat]
|-heal|p1a: Amoonguss|54/100|[from] item: Sitrus Berry
|-damage|p2b: Flamigo|59/100|[from] Recoil
|move|p1b: Milotic|Scald|p2b: Flamigo
|-damage|p2b: Flamigo|0 fnt
|faint|p2b: Flamigo
|
|win|JuanGuerrero09
|raw|JuanGuerrero09's rating: 1145 → 1160(+15 for winning)
|raw|benxcs's rating: 1000 → 1000(+0 for losing)
|l|☆benxcs
|player|p2|
|l|☆JuanGuerrero09
|player|p1|
|j|☆JuanGuerrero09
|player|p1|JuanGuerrero09|1|
