|j|☆Cheezewomanz
|j|☆lurkiyo
|html|Cheezewomanzlurkiyo    
|uhtml|bestof|Game 2 of a best-of-3
|t:|1784402581
|gametype|doubles
|player|p1|Cheezewomanz|169|
|player|p2|lurkiyo|2|
|gen|9
|tier|[Gen 9 Champions] VGC 2026 Reg M-B (Bo3)
|rule|Species Clause: Limit one of each Pokémon
|rule|Item Clause: Limit 1 of each item
|clearpoke
|poke|p1|Sableye, L50, M|
|poke|p1|Milotic, L50, M|
|poke|p1|Kingambit, L50, M|
|poke|p1|Hydreigon, L50, F|
|poke|p1|Tinkaton, L50, F|
|poke|p1|Bellibolt, L50, M|
|poke|p2|Pelipper, L50, F|
|poke|p2|Zoroark-Hisui, L50, F|
|poke|p2|Eelektross, L50, F|
|poke|p2|Toxapex, L50, M|
|poke|p2|Corviknight, L50, F|
|poke|p2|Archaludon, L50, M|
|teampreview|4
|showteam|p1|Sableye||Sablenite|KeenEye|WillOWisp,Recover,KnockOff,Taunt|Impish||M|||50|]Milotic||Leftovers|MarvelScale|Scald,Recover,IceBeam,Haze|Bold||M|||50|]Kingambit||BlackGlasses|SupremeOverlord|SuckerPunch,IronHead,Protect,KowtowCleave|Adamant||M|||50|]Hydreigon||ChoiceScarf|Levitate|DarkPulse,DracoMeteor,Flamethrower,Protect|Timid||F|||50|]Tinkaton||ShucaBerry|MoldBreaker|FakeOut,GigatonHammer,KnockOff,Protect|Careful||F|||50|]Bellibolt||SitrusBerry|Electromorphosis|Thunder,VoltSwitch,SlackOff,Protect|Bold||M|||50|
|showteam|p2|Pelipper||DampRock|Drizzle|Tailwind,Hurricane,WeatherBall,WideGuard|Modest||F|||50|]Zoroark-Hisui||ChoiceScarf|Illusion|BitterMalice,Protect,Taunt,Trick|Timid||F|||50|]Eelektross||Eelektrossite|Levitate|Protect,Thunder,VoltSwitch,StompingTantrum|Timid||F|||50|]Toxapex||Leftovers|Regenerator|BanefulBunker,Recover,ChillingWater,Haze|Bold||M|||50|]Corviknight||OccaBerry|MirrorArmor|Tailwind,Uturn,IronDefense,BodyPress|Calm||F|||50|]Archaludon||ChopleBerry|Stamina|DragonPulse,ElectroShot,FlashCannon,Protect|Timid||M|||50|
|
|t:|1784402608
|teamsize|p1|4
|teamsize|p2|4
|start
|switch|p1a: Sableye|Sableye, L50, M|100/100
|switch|p1b: Bellibolt|Bellibolt, L50, M|100/100
|switch|p2a: Pelipper|Pelipper, L50, F|100/100
|switch|p2b: Archaludon|Archaludon, L50, M|100/100
|-weather|RainDance|[from] ability: Drizzle|[of] p2a: Pelipper
|turn|1
|
|t:|1784402640
|detailschange|p1a: Sableye|Sableye-Mega, L50, M
|-mega|p1a: Sableye|Sableye|Sablenite
|move|p2b: Archaludon|Electro Shot||[still]
|-prepare|p2b: Archaludon|Electro Shot
|-boost|p2b: Archaludon|spa|1
|-anim|p2b: Archaludon|Electro Shot|p1a: Sableye
|-damage|p1a: Sableye|28/100
|move|p2a: Pelipper|Tailwind|p2a: Pelipper
|-sidestart|p2: lurkiyo|move: Tailwind
|move|p1b: Bellibolt|Thunder|p2b: Archaludon
|-resisted|p2b: Archaludon|1
|-damage|p2b: Archaludon|68/100
|-ability|p2b: Archaludon|Stamina|boost
|-boost|p2b: Archaludon|def|1
|move|p1a: Sableye|Will-O-Wisp|p2b: Archaludon
|-status|p2b: Archaludon|brn
|
|-weather|RainDance|[upkeep]
|-damage|p2b: Archaludon|62/100 brn|[from] brn
|upkeep
|turn|2
|
|t:|1784402707
|switch|p1b: Hydreigon|Hydreigon, L50, F|100/100
|switch|p1a: Kingambit|Kingambit, L50, M|100/100
|move|p2b: Archaludon|Electro Shot||[still]
|-prepare|p2b: Archaludon|Electro Shot
|-boost|p2b: Archaludon|spa|1
|-anim|p2b: Archaludon|Electro Shot|p1a: Kingambit
|-damage|p1a: Kingambit|18/100
|move|p2a: Pelipper|Weather Ball|p1b: Hydreigon
|-resisted|p1b: Hydreigon|1
|-damage|p1b: Hydreigon|62/100
|
|-weather|RainDance|[upkeep]
|-damage|p2b: Archaludon|56/100 brn|[from] brn
|upkeep
|turn|3
|
|t:|1784402727
|move|p2b: Archaludon|Protect|p2b: Archaludon
|-singleturn|p2b: Archaludon|Protect
|move|p1a: Kingambit|Sucker Punch||[still]
|-fail|p1a: Kingambit
|move|p1b: Hydreigon|Draco Meteor|p2b: Archaludon
|-activate|p2b: Archaludon|move: Protect
|move|p2a: Pelipper|Weather Ball|p1a: Kingambit
|-damage|p1a: Kingambit|0 fnt
|faint|p1a: Kingambit
|-end|p1a: Kingambit|fallenundefined|[silent]
|
|-weather|RainDance|[upkeep]
|-damage|p2b: Archaludon|50/100g brn|[from] brn
|upkeep
|
|t:|1784402744
|switch|p1a: Bellibolt|Bellibolt, L50, M|100/100
|turn|4
|
|t:|1784402765
|move|p2a: Pelipper|Wide Guard|p2a: Pelipper
|-singleturn|p2a: Pelipper|Wide Guard
|move|p2b: Archaludon|Dragon Pulse|p1b: Hydreigon
|-supereffective|p1b: Hydreigon|1
|-damage|p1b: Hydreigon|0 fnt
|faint|p1b: Hydreigon
|move|p1a: Bellibolt|Thunder|p2b: Archaludon
|-resisted|p2b: Archaludon|1
|-damage|p2b: Archaludon|19/100 brn
|-ability|p2b: Archaludon|Stamina|boost
|-boost|p2b: Archaludon|def|1
|
|-weather|RainDance|[upkeep]
|-damage|p2b: Archaludon|13/100 brn|[from] brn
|-sideend|p2: lurkiyo|move: Tailwind
|upkeep
|
|t:|1784402780
|switch|p1b: Sableye|Sableye-Mega, L50, M|28/100
|turn|5
|
|t:|1784402797
|move|p2b: Archaludon|Protect|p2b: Archaludon
|-singleturn|p2b: Archaludon|Protect
|move|p2a: Pelipper|Tailwind|p2a: Pelipper
|-sidestart|p2: lurkiyo|move: Tailwind
|move|p1a: Bellibolt|Thunder|p2b: Archaludon
|-activate|p2b: Archaludon|move: Protect
|move|p1b: Sableye|Knock Off|p2a: Pelipper
|-damage|p2a: Pelipper|65/100
|-enditem|p2a: Pelipper|Damp Rock|[from] move: Knock Off|[of] p1b: Sableye
|
|-weather|RainDance|[upkeep]
|-damage|p2b: Archaludon|7/100 brn|[from] brn
|upkeep
|turn|6
|
|t:|1784402824
|move|p2b: Archaludon|Electro Shot||[still]
|-prepare|p2b: Archaludon|Electro Shot
|-boost|p2b: Archaludon|spa|1
|-anim|p2b: Archaludon|Electro Shot|p1b: Sableye
|-damage|p1b: Sableye|0 fnt
|faint|p1b: Sableye
|move|p2a: Pelipper|Weather Ball|p1a: Bellibolt
|-damage|p1a: Bellibolt|37/100
|-start|p1a: Bellibolt|Charge|Weather Ball|[from] ability: Electromorphosis
|-enditem|p1a: Bellibolt|Sitrus Berry|[eat]
|-heal|p1a: Bellibolt|61/100|[from] item: Sitrus Berry
|move|p1a: Bellibolt|Thunder|p2b: Archaludon
|-resisted|p2b: Archaludon|1
|-damage|p2b: Archaludon|0 fnt
|faint|p2b: Archaludon
|-end|p1a: Bellibolt|Charge|[silent]
|
|-weather|RainDance|[upkeep]
|upkeep
|
|t:|1784402840
|switch|p2b: Eelektross|Eelektross, L50, F|100/100
|turn|7
|
|t:|1784402849
|detailschange|p2b: Eelektross|Eelektross-Mega, L50, F
|-mega|p2b: Eelektross|Eelektross|Eelektrossite
|move|p2b: Eelektross|Stomping Tantrum|p1a: Bellibolt
|-supereffective|p1a: Bellibolt|1
|-damage|p1a: Bellibolt|35/100
|-start|p1a: Bellibolt|Charge|Stomping Tantrum|[from] ability: Electromorphosis
|move|p2a: Pelipper|Weather Ball|p1a: Bellibolt
|-damage|p1a: Bellibolt|0 fnt
|faint|p1a: Bellibolt
|
|win|lurkiyo
|inactive|Cheezewomanz has 30 seconds to confirm battle start!
|inactive|lurkiyo has 30 seconds to confirm battle start!
||lurkiyo is ready for game 3.
|inactive|Cheezewomanz has 20 seconds to confirm battle start!
|inactive|Cheezewomanz has 10 seconds to confirm battle start!
|l|☆Cheezewomanz
|player|p1|
|uhtml|next|Next: Game 3 of 3
|j| MZMG
|l| MZMG
