|j|☆Bolsa_25
|j|☆SloKoi
|html|Bolsa_25SloKoi    
|uhtml|bestof|Game 1 of a best-of-3
|t:|1757103979
|gametype|doubles
|player|p1|Bolsa_25|265|1103
|player|p2|SloKoi|red-gen7|1047
|gen|9
|tier|[Gen 9] VGC 2025 Reg H (Bo3)
|rated|
|rule|Species Clause: Limit one of each Pokémon
|rule|Item Clause: Limit 1 of each item
|clearpoke
|poke|p1|Gholdengo, L50|
|poke|p1|Magmar, L50, M|
|poke|p1|Dragonite, L50, M|
|poke|p1|Rillaboom, L50, M|
|poke|p1|Annihilape, L50, M|
|poke|p1|Sylveon, L50, M|
|poke|p2|Baxcalibur, L50, F|
|poke|p2|Rillaboom, L50, F|
|poke|p2|Ninetales-Alola, L50, M|
|poke|p2|Primarina, L50, M|
|poke|p2|Incineroar, L50, M|
|poke|p2|Sneasler, L50, F|
|teampreview|4
|showteam|p1|Gholdengo||LifeOrb|GoodasGold|Protect,NastyPlot,MakeItRain,ShadowBall||||||50|,,,,,Water]Magmar||Eviolite|VitalSpirit|Taunt,WillOWisp,FollowMe,BurningJealousy|||M|||50|,,,,,Ghost]Dragonite||LoadedDice|Multiscale|Protect,Haze,Tailwind,ScaleShot|||M|||50|,,,,,Fairy]Rillaboom||AssaultVest|GrassySurge|FakeOut,GrassyGlide,WoodHammer,HighHorsepower|||M|||50|,,,,,Fire]Annihilape||SafetyGoggles|Defiant|Protect,BulkUp,RageFist,DrainPunch|||M|||50|,,,,,Steel]Sylveon||ThroatSpray|Pixilate|TeraBlast,HyperVoice,Protect,BabyDollEyes|||M|||50|,,,,,Water
|showteam|p2|Baxcalibur||Leftovers|ThermalExchange|Protect,DragonDance,IcicleCrash,GlaiveRush|||F|||50|,,,,,Water]Rillaboom||AssaultVest|GrassySurge|FakeOut,WoodHammer,GrassyGlide,Uturn|||F|||50|,,,,,Fire]Ninetales-Alola||LightClay|SnowWarning|IcyWind,Howl,AuroraVeil,FreezeDry|||M|||50|,,,,,Ghost]Primarina||ThroatSpray|LiquidVoice|HyperVoice,Moonblast,Blizzard,Protect|||M|||50|,,,,,Dragon]Incineroar||SafetyGoggles|Intimidate|FakeOut,KnockOff,FlareBlitz,PartingShot|||M|||50|,,,,,Ghost]Sneasler||FocusSash|Unburden|FakeOut,CloseCombat,DireClaw,Uturn|||F|||50|,,,,,Dark
|inactive|Battle timer is ON: inactive players will automatically lose when time's up. (requested by Bolsa_25)
|inactive|Bolsa_25 has 60 seconds left.
|
|t:|1757104025
|teamsize|p1|4
|teamsize|p2|4
|start
|switch|p1a: Dragonite|Dragonite, L50, M|100/100
|switch|p1b: Annihilape|Annihilape, L50, M|100/100
|switch|p2a: Ninetales|Ninetales-Alola, L50, M|100/100
|switch|p2b: Rillaboom|Rillaboom, L50, F|100/100
|-weather|Snowscape|[from] ability: Snow Warning|[of] p2a: Ninetales
|-fieldstart|move: Grassy Terrain|[from] ability: Grassy Surge|[of] p2b: Rillaboom
|turn|1
|
|t:|1757104050
|switch|p1a: Gholdengo|Gholdengo, L50|100/100
|move|p2b: Rillaboom|Fake Out|p1a: Gholdengo
|-immune|p1a: Gholdengo
|move|p2a: Ninetales|Aurora Veil|p2a: Ninetales
|-sidestart|p2: SloKoi|move: Aurora Veil
|move|p1b: Annihilape|Bulk Up|p1b: Annihilape
|-boost|p1b: Annihilape|atk|1
|-boost|p1b: Annihilape|def|1
|
|-weather|Snowscape|[upkeep]
|upkeep
|turn|2
|inactive|SloKoi has 30 seconds left.
|
|t:|1757104077
|-terastallize|p1b: Annihilape|Steel
|move|p2a: Ninetales|Freeze-Dry|p1b: Annihilape
|-resisted|p1b: Annihilape
|-damage|p1b: Annihilape|91/100
|move|p1a: Gholdengo|Nasty Plot|p1a: Gholdengo
|-boost|p1a: Gholdengo|spa|2
|move|p1b: Annihilape|Rage Fist|p2b: Rillaboom
|-damage|p2b: Rillaboom|56/100
|move|p2b: Rillaboom|U-turn|p1a: Gholdengo
|-resisted|p1a: Gholdengo
|-damage|p1a: Gholdengo|95/100
|
|t:|1757104092
|switch|p2b: Sneasler|Sneasler, L50, F|100/100|[from] U-turn
|
|-weather|Snowscape|[upkeep]
|-heal|p1a: Gholdengo|100/100|[from] Grassy Terrain
|-heal|p1b: Annihilape|97/100|[from] Grassy Terrain
|upkeep
|turn|3
|
|t:|1757104106
|move|p2b: Sneasler|Close Combat|p1b: Annihilape
|-supereffective|p1b: Annihilape
|-damage|p1b: Annihilape|18/100
|-unboost|p2b: Sneasler|def|1
|-unboost|p2b: Sneasler|spd|1
|move|p2a: Ninetales|Icy Wind|p1b: Annihilape|[spread] p1a,p1b
|-resisted|p1a: Gholdengo
|-resisted|p1b: Annihilape
|-damage|p1a: Gholdengo|94/100
|-damage|p1b: Annihilape|12/100
|-unboost|p1a: Gholdengo|spe|1
|-unboost|p1b: Annihilape|spe|1
|-ability|p1b: Annihilape|Defiant|boost
|-boost|p1b: Annihilape|atk|2
|move|p1a: Gholdengo|Make It Rain|p2b: Sneasler|[spread] p2a,p2b
|-supereffective|p2a: Ninetales
|-damage|p2a: Ninetales|0 fnt
|-enditem|p2b: Sneasler|Focus Sash
|-damage|p2b: Sneasler|1/100
|-unboost|p1a: Gholdengo|spa|1
|faint|p2a: Ninetales
|-damage|p1a: Gholdengo|85/100|[from] item: Life Orb
|move|p1b: Annihilape|Rage Fist|p2b: Sneasler
|-damage|p2b: Sneasler|0 fnt
|faint|p2b: Sneasler
|
|-weather|Snowscape|[upkeep]
|-heal|p1a: Gholdengo|90/100|[from] Grassy Terrain
|-heal|p1b: Annihilape|18/100|[from] Grassy Terrain
|upkeep
|inactive|SloKoi has 30 seconds left.
|
|t:|1757104132
|switch|p2b: Rillaboom|Rillaboom, L50, F|56/100
|switch|p2a: Baxcalibur|Baxcalibur, L50, F|100/100
|turn|4
|
|t:|1757104143
|-terastallize|p2a: Baxcalibur|Water
|move|p2b: Rillaboom|Fake Out|p1b: Annihilape
|-resisted|p1b: Annihilape
|-damage|p1b: Annihilape|14/100
|move|p2a: Baxcalibur|Dragon Dance|p2a: Baxcalibur
|-boost|p2a: Baxcalibur|atk|1
|-boost|p2a: Baxcalibur|spe|1
|move|p1a: Gholdengo|Shadow Ball|p2b: Rillaboom
|-damage|p2b: Rillaboom|22/100
|-damage|p1a: Gholdengo|81/100|[from] item: Life Orb
|cant|p1b: Annihilape|flinch
|
|-weather|Snowscape|[upkeep]
|-heal|p2b: Rillaboom|29/100|[from] Grassy Terrain
|-heal|p1a: Gholdengo|87/100|[from] Grassy Terrain
|-heal|p1b: Annihilape|20/100|[from] Grassy Terrain
|upkeep
|turn|5
|
|t:|1757104166
|move|p1a: Gholdengo|Protect|p1a: Gholdengo
|-singleturn|p1a: Gholdengo|Protect
|move|p2b: Rillaboom|Grassy Glide|p1b: Annihilape
|-resisted|p1b: Annihilape
|-damage|p1b: Annihilape|8/100
|move|p2a: Baxcalibur|Icicle Crash|p1b: Annihilape
|-resisted|p1b: Annihilape
|-damage|p1b: Annihilape|0 fnt
|faint|p1b: Annihilape
|
|-weather|none
|-heal|p2b: Rillaboom|35/100|[from] Grassy Terrain
|-heal|p1a: Gholdengo|93/100|[from] Grassy Terrain
|-fieldend|move: Grassy Terrain
|upkeep
|
|t:|1757104173
|switch|p1b: Magmar|Magmar, L50, M|100/100
|turn|6
|
|t:|1757104194
|move|p1b: Magmar|Follow Me|p1b: Magmar
|-singleturn|p1b: Magmar|move: Follow Me
|move|p2a: Baxcalibur|Dragon Dance|p2a: Baxcalibur
|-boost|p2a: Baxcalibur|atk|1
|-boost|p2a: Baxcalibur|spe|1
|move|p2b: Rillaboom|Wood Hammer|p1b: Magmar
|-resisted|p1b: Magmar
|-damage|p1b: Magmar|75/100
|-damage|p2b: Rillaboom|27/100|[from] Recoil
|move|p1a: Gholdengo|Shadow Ball|p2b: Rillaboom
|-damage|p2b: Rillaboom|0 fnt
|faint|p2b: Rillaboom
|-damage|p1a: Gholdengo|83/100|[from] item: Life Orb
|
|upkeep
|turn|7
|
|t:|1757104207
|move|p1b: Magmar|Follow Me|p1b: Magmar
|-singleturn|p1b: Magmar|move: Follow Me
|move|p2a: Baxcalibur|Glaive Rush|p1b: Magmar
|-damage|p1b: Magmar|0 fnt
|-singlemove|p2a: Baxcalibur|Glaive Rush|[silent]
|faint|p1b: Magmar
|move|p1a: Gholdengo|Nasty Plot|p1a: Gholdengo
|-boost|p1a: Gholdengo|spa|2
|
|upkeep
|
|t:|1757104214
|switch|p1b: Dragonite|Dragonite, L50, M|100/100
|turn|8
|
|t:|1757104220
|move|p1b: Dragonite|Protect|p1b: Dragonite
|-singleturn|p1b: Dragonite|Protect
|move|p1a: Gholdengo|Protect|p1a: Gholdengo
|-singleturn|p1a: Gholdengo|Protect
|move|p2a: Baxcalibur|Icicle Crash|p1b: Dragonite
|-activate|p1b: Dragonite|move: Protect
|
|-sideend|p2: SloKoi|move: Aurora Veil
|upkeep
|turn|9
|
|t:|1757104227
|move|p2a: Baxcalibur|Icicle Crash|p1b: Dragonite
|-supereffective|p1b: Dragonite
|-damage|p1b: Dragonite|0 fnt
|faint|p1b: Dragonite
|move|p1a: Gholdengo|Shadow Ball|p2a: Baxcalibur
|-damage|p2a: Baxcalibur|0 fnt
|faint|p2a: Baxcalibur
|-damage|p1a: Gholdengo|74/100|[from] item: Life Orb
|
|win|Bolsa_25
||Bolsa_25 is ready for game 2.
||SloKoi is ready for game 2.
|uhtml|next|Next: Game 2 of 3
|l|☆SloKoi
|player|p2|
