|j|☆Quyt_DZ
|j|☆LazyTurtle69
|html|Quyt_DZLazyTurtle69    
|uhtml|bestof|Game 1 of a best-of-3
|t:|1783478462
|gametype|doubles
|player|p1|Quyt_DZ|iris-gen5bw2|1143
|player|p2|LazyTurtle69|buck|1056
|gen|9
|tier|[Gen 9 Champions] VGC 2026 Reg M-B (Bo3)
|rated|
|rule|Species Clause: Limit one of each Pokémon
|rule|Item Clause: Limit 1 of each item
|clearpoke
|poke|p1|Charizard, L50, M, shiny|
|poke|p1|Kingambit, L50, F, shiny|
|poke|p1|Aerodactyl, L50, M|
|poke|p1|Farigiraf, L50, F, shiny|
|poke|p1|Sylveon, L50, M|
|poke|p1|Garchomp, L50, F, shiny|
|poke|p2|Skeledirge, L50, M|
|poke|p2|Oranguru, L50, M|
|poke|p2|Hatterene, L50, F|
|poke|p2|Scrafty, L50, M|
|poke|p2|Farigiraf, L50, M|
|poke|p2|Snorlax, L50, M|
|teampreview|4
|showteam|p1|Charizard||CharizarditeY|Blaze|WeatherBall,HeatWave,SolarBeam,Protect|Modest||M|||50|]Kingambit||FocusSash|Defiant|IronHead,SuckerPunch,KowtowCleave,LowKick|Adamant||F|||50|]Aerodactyl||Aerodactylite|Unnerve|RockSlide,IceFang,Tailwind,DualWingbeat|Jolly||M|||50|]Farigiraf||SitrusBerry|ArmorTail|TrickRoom,TwinBeam,Thunderbolt,Protect|Bold||F|||50|]Sylveon||FairyFeather|Pixilate|QuickAttack,HyperVoice,HyperBeam,Protect|Modest||M|||50|]Garchomp||LifeOrb|RoughSkin|Earthquake,StompingTantrum,DragonClaw,Protect|Jolly||F|||50|
|showteam|p2|Skeledirge||Leftovers|Unaware|TorchSong,ShadowBall,Protect,SlackOff|Relaxed||M|||50|]Oranguru||MentalHerb|InnerFocus|TrickRoom,Instruct,Psychic,Protect|Sassy||M|||50|]Hatterene||LifeOrb|MagicBounce|DazzlingGleam,MysticalFire,Protect,Psychic|Modest||F|||50|]Scrafty||Scraftinite|Intimidate|DrainPunch,FakeOut,KnockOff,PoisonJab|Brave||M|||50|]Farigiraf||FocusSash|ArmorTail|TrickRoom,LightScreen,Reflect,HyperVoice|Sassy||M|||50|]Snorlax||SilkScarf|ThickFat|BodySlam,Curse,RockSlide,Protect|Careful||M|||50|
|inactive|Battle timer is ON: inactive players will automatically lose when time's up. (requested by LazyTurtle69)
|inactive|Quyt_DZ has 60 seconds left.
|inactive|LazyTurtle69 has 60 seconds left.
|
|t:|1783478511
|teamsize|p1|4
|teamsize|p2|4
|start
|switch|p1a: Kingambit|Kingambit, L50, F, shiny|100/100
|switch|p1b: Sylveon|Sylveon, L50, M|100/100
|switch|p2a: Skeledirge|Skeledirge, L50, M|100/100
|switch|p2b: Oranguru|Oranguru, L50, M|100/100
|turn|1
|inactive|Quyt_DZ has 30 seconds left.
|
|t:|1783478542
|move|p1a: Kingambit|Kowtow Cleave|p2b: Oranguru
|-supereffective|p2b: Oranguru|1
|-crit|p2b: Oranguru
|-damage|p2b: Oranguru|0 fnt
|faint|p2b: Oranguru
|move|p1b: Sylveon|Hyper Voice|p2a: Skeledirge
|-resisted|p2a: Skeledirge|1
|-damage|p2a: Skeledirge|66/100
|move|p2a: Skeledirge|Torch Song|p1a: Kingambit
|-supereffective|p1a: Kingambit|1
|-damage|p1a: Kingambit|22/100
|-boost|p2a: Skeledirge|spa|1
|
|-heal|p2a: Skeledirge|72/100|[from] item: Leftovers
|upkeep
|
|t:|1783478558
|switch|p2b: Hatterene|Hatterene, L50, F|100/100
|turn|2
|
|t:|1783478569
|move|p2a: Skeledirge|Protect|p2a: Skeledirge
|-singleturn|p2a: Skeledirge|Protect
|move|p1a: Kingambit|Kowtow Cleave|p2a: Skeledirge
|-activate|p2a: Skeledirge|move: Protect
|move|p1b: Sylveon|Hyper Voice|p2b: Hatterene|[spread] p2b
|-activate|p2a: Skeledirge|move: Protect
|-damage|p2b: Hatterene|56/100
|move|p2b: Hatterene|Mystical Fire|p1a: Kingambit
|-supereffective|p1a: Kingambit|1
|-damage|p1a: Kingambit|0 fnt
|faint|p1a: Kingambit
|-damage|p2b: Hatterene|46/100|[from] item: Life Orb
|
|-heal|p2a: Skeledirge|79/100|[from] item: Leftovers
|upkeep
|
|t:|1783478573
|switch|p1a: Garchomp|Garchomp, L50, F, shiny|100/100
|turn|3
|
|t:|1783478597
|switch|p1b: Charizard|Charizard, L50, M, shiny|100/100
|move|p1a: Garchomp|Earthquake|p2a: Skeledirge|[spread] p2a,p2b
|-immune|p1b: Charizard
|-supereffective|p2a: Skeledirge|1
|-damage|p2a: Skeledirge|16/100
|-damage|p2b: Hatterene|0 fnt
|faint|p2b: Hatterene
|-damage|p1a: Garchomp|90/100|[from] item: Life Orb
|move|p2a: Skeledirge|Torch Song|p1a: Garchomp
|-resisted|p1a: Garchomp|1
|-damage|p1a: Garchomp|65/100
|-boost|p2a: Skeledirge|spa|1
|
|-heal|p2a: Skeledirge|22/100|[from] item: Leftovers
|upkeep
|
|t:|1783478614
|switch|p2b: Scrafty|Scrafty, L50, M|100/100
|-ability|p2b: Scrafty|Intimidate|boost
|-unboost|p1a: Garchomp|atk|1
|-unboost|p1b: Charizard|atk|1
|turn|4
|
|t:|1783478636
|detailschange|p1b: Charizard|Charizard-Mega-Y, L50, M, shiny
|-mega|p1b: Charizard|Charizard|Charizardite Y
|-weather|SunnyDay|[from] ability: Drought|[of] p1b: Charizard
|detailschange|p2b: Scrafty|Scrafty-Mega, L50, M
|-mega|p2b: Scrafty|Scrafty|Scraftinite
|-ability|p2b: Scrafty|Intimidate|boost
|-unboost|p1a: Garchomp|atk|1
|-unboost|p1b: Charizard|atk|1
|move|p2b: Scrafty|Fake Out|p1b: Charizard
|-damage|p1b: Charizard|85/100
|move|p1a: Garchomp|Earthquake|p2b: Scrafty|[spread] p2a,p2b
|-immune|p1b: Charizard
|-supereffective|p2a: Skeledirge|1
|-damage|p2a: Skeledirge|0 fnt
|-damage|p2b: Scrafty|81/100
|faint|p2a: Skeledirge
|-damage|p1a: Garchomp|56/100|[from] item: Life Orb
|cant|p1b: Charizard|flinch
|
|-weather|SunnyDay|[upkeep]
|upkeep
|turn|5
|-message|LazyTurtle69 forfeited.
|raw|Quyt_DZ's rating: 1143 → 1162(+19 for winning)
|raw|LazyTurtle69's rating: 1056 → 1042(-14 for losing)
|
|win|Quyt_DZ
|l|☆LazyTurtle69
|player|p2|
