|j|☆JvmRdDCmp
|j|☆king_gmbh
|html|JvmRdDCmpking_gmbh    
|uhtml|bestof|Game 1 of a best-of-3
|t:|1757776061
|gametype|doubles
|player|p1|JvmRdDCmp|2|1064
|player|p2|king_gmbh|101|1053
|gen|9
|tier|[Gen 9] VGC 2025 Reg H (Bo3)
|rated|
|rule|Species Clause: Limit one of each Pokémon
|rule|Item Clause: Limit 1 of each item
|clearpoke
|poke|p1|Sinistcha, L50|
|poke|p1|Primarina, L50, M|
|poke|p1|Gholdengo, L50|
|poke|p1|Kommo-o, L50, M|
|poke|p1|Pincurchin, L50, M|
|poke|p1|Arcanine-Hisui, L50, M|
|poke|p2|Weezing-Galar, L50, F|
|poke|p2|Toedscruel, L50, M|
|poke|p2|Pawmot, L50, F|
|poke|p2|Corviknight, L50, F|
|poke|p2|Garchomp, L50, M|
|poke|p2|Typhlosion-Hisui, L50, M|
|teampreview|4
|showteam|p1|Sinistcha||SitrusBerry|Hospitality|ShadowBall,StrengthSap,Protect,MatchaGotcha||||||50|,,,,,Steel]Primarina||ThroatSpray|LiquidVoice|HyperVoice,Moonblast,PerishSong,Protect|||M|||50|,,,,,Ghost]Gholdengo||ChoiceSpecs|GoodasGold|MakeItRain,ShadowBall,Trick,Protect||||||50|,,,,,Steel]Kommo-o||CovertCloak|Soundproof|ClangingScales,ClangorousSoul,AuraSphere,Protect|||M|||50|,,,,,Poison]Pincurchin||SafetyGoggles|LightningRod|Thunderbolt,Scald,Protect,RainDance|||M|||50|,,,,,Water]Arcanine-Hisui||ClearAmulet|RockHead|FlareBlitz,HeadSmash,Protect,ExtremeSpeed|||M|||50|,,,,,Bug
|showteam|p2|Weezing-Galar||ChoiceSpecs|NeutralizingGas|SludgeBomb,DazzlingGleam,Flamethrower,StrangeSteam|||F|||50|,,,,,Fire]Toedscruel||CovertCloak|MyceliumMight|Spore,RagePowder,EarthPower,AcidSpray|||M|||50|,,,,,Water]Pawmot||FocusSash|NaturalCure|CloseCombat,DoubleShock,Protect,FakeOut|||F|||50|,,,,,Electric]Corviknight||SitrusBerry|MirrorArmor|Roost,Tailwind,BraveBird,Protect|||F|||50|,,,,,Dragon]Garchomp||LifeOrb|RoughSkin|Earthquake,StompingTantrum,DragonClaw,Protect|||M|||50|,,,,,Ground]Typhlosion-Hisui||ChoiceScarf|Blaze|Eruption,HeatWave,ShadowBall,SleepTalk|||M|||50|,,,,,Fire
|inactive|Battle timer is ON: inactive players will automatically lose when time's up. (requested by king_gmbh)
|inactive|JvmRdDCmp has 60 seconds left.
|inactive|king_gmbh has 60 seconds left.
|inactive|king_gmbh has 30 seconds left.
|
|t:|1757776122
|teamsize|p1|4
|teamsize|p2|4
|start
|switch|p1a: Kommo-o|Kommo-o, L50, M|100/100
|switch|p1b: Primarina|Primarina, L50, M|100/100
|switch|p2a: Weezing|Weezing-Galar, L50, F|100/100
|switch|p2b: Typhlosion|Typhlosion-Hisui, L50, M|100/100
|-ability|p2a: Weezing|Neutralizing Gas
|turn|1
|inactive|JvmRdDCmp has 30 seconds left.
|inactive|king_gmbh has 30 seconds left.
|inactive|JvmRdDCmp has 20 seconds left.
|inactive|JvmRdDCmp has 15 seconds left.
|inactive|JvmRdDCmp has 10 seconds left.
|
|t:|1757776169
|switch|p1b: Arcanine|Arcanine-Hisui, L50, M|100/100
|move|p2b: Typhlosion|Eruption|p1b: Arcanine|[spread] p1a,p1b
|-resisted|p1a: Kommo-o
|-resisted|p1b: Arcanine
|-damage|p1a: Kommo-o|65/100
|-damage|p1b: Arcanine|81/100
|move|p1a: Kommo-o|Clanging Scales|p2a: Weezing|[spread] p2b
|-immune|p2a: Weezing
|-damage|p2b: Typhlosion|48/100
|-unboost|p1a: Kommo-o|def|1
|move|p2a: Weezing|Sludge Bomb|p1b: Arcanine
|-resisted|p1b: Arcanine
|-damage|p1b: Arcanine|46/100
|
|upkeep
|turn|2
|inactive|JvmRdDCmp has 30 seconds left.
|inactive|king_gmbh has 30 seconds left.
|inactive|JvmRdDCmp has 20 seconds left.
|inactive|JvmRdDCmp has 15 seconds left.
|inactive|JvmRdDCmp has 10 seconds left.
|
|t:|1757776217
|switch|p2b: Garchomp|Garchomp, L50, M|100/100
|move|p1b: Arcanine|Protect|p1b: Arcanine
|-singleturn|p1b: Arcanine|Protect
|move|p1a: Kommo-o|Clanging Scales|p2a: Weezing|[spread] p2b
|-immune|p2a: Weezing
|-supereffective|p2b: Garchomp
|-damage|p2b: Garchomp|9/100
|-unboost|p1a: Kommo-o|def|1
|move|p2a: Weezing|Sludge Bomb|p1a: Kommo-o
|-damage|p1a: Kommo-o|0 fnt
|faint|p1a: Kommo-o
|
|upkeep
|
|t:|1757776230
|switch|p1a: Sinistcha|Sinistcha, L50|100/100
|turn|3
|
|t:|1757776247
|move|p1b: Arcanine|Extreme Speed|p2b: Garchomp
|-damage|p2b: Garchomp|0 fnt
|faint|p2b: Garchomp
|move|p2a: Weezing|Sludge Bomb|p1a: Sinistcha
|-crit|p1a: Sinistcha
|-damage|p1a: Sinistcha|0 fnt
|faint|p1a: Sinistcha
|
|upkeep
|
|t:|1757776259
|switch|p2b: Corviknight|Corviknight, L50, F, shiny|100/100
|switch|p1a: Primarina|Primarina, L50, M|100/100
|turn|4
|
|t:|1757776281
|-terastallize|p1a: Primarina|Ghost
|move|p2b: Corviknight|Protect|p2b: Corviknight
|-singleturn|p2b: Corviknight|Protect
|move|p1b: Arcanine|Flare Blitz|p2b: Corviknight
|-activate|p2b: Corviknight|move: Protect
|move|p2a: Weezing|Sludge Bomb|p1a: Primarina
|-resisted|p1a: Primarina
|-damage|p1a: Primarina|73/100
|move|p1a: Primarina|Moonblast|p2a: Weezing
|-resisted|p2a: Weezing
|-damage|p2a: Weezing|64/100
|-unboost|p2a: Weezing|spa|1
|
|upkeep
|turn|5
|inactive|king_gmbh has 30 seconds left.
|inactive|JvmRdDCmp has 30 seconds left.
|
|t:|1757776312
|-end|p2a: Weezing|ability: Neutralizing Gas
|switch|p2a: Typhlosion|Typhlosion-Hisui, L50, M|48/100
|-terastallize|p2b: Corviknight|Dragon
|move|p1b: Arcanine|Flare Blitz|p2b: Corviknight
|-resisted|p2b: Corviknight
|-damage|p2b: Corviknight|73/100
|move|p2b: Corviknight|Brave Bird|p1a: Primarina
|-damage|p1a: Primarina|27/100
|-damage|p2b: Corviknight|61/100|[from] Recoil
|move|p1a: Primarina|Moonblast|p2b: Corviknight
|-supereffective|p2b: Corviknight
|-crit|p2b: Corviknight
|-damage|p2b: Corviknight|0 fnt
|faint|p2b: Corviknight
|
|upkeep
|
|t:|1757776326
|switch|p2b: Weezing|Weezing-Galar, L50, F|64/100
|-ability|p2b: Weezing|Neutralizing Gas
|turn|6
|inactive|JvmRdDCmp has 30 seconds left.
|
|t:|1757776352
|move|p2a: Typhlosion|Heat Wave|p1b: Arcanine|[spread] p1a,p1b
|-resisted|p1b: Arcanine
|-damage|p1a: Primarina|0 fnt
|-damage|p1b: Arcanine|34/100
|faint|p1a: Primarina
|move|p1b: Arcanine|Flare Blitz|p2b: Weezing
|-damage|p2b: Weezing|0 fnt
|faint|p2b: Weezing
|-end|p2b: Weezing|ability: Neutralizing Gas
|
|upkeep
|turn|7
|
|t:|1757776370
|move|p2a: Typhlosion|Heat Wave|p1b: Arcanine
|-resisted|p1b: Arcanine
|-damage|p1b: Arcanine|19/100
|move|p1b: Arcanine|Head Smash|p2a: Typhlosion
|-supereffective|p2a: Typhlosion
|-damage|p2a: Typhlosion|0 fnt
|faint|p2a: Typhlosion
|
|win|JvmRdDCmp
||JvmRdDCmp is ready for game 2.
||king_gmbh is ready for game 2.
|uhtml|next|Next: Game 2 of 3
