|j|☆Chelicerate1
|j|☆LyricSum
|html|Chelicerate1LyricSum    
|uhtml|bestof|Game 2 of a best-of-3
|t:|1784554645
|gametype|doubles
|player|p1|Chelicerate1|ethan|1345
|player|p2|LyricSum|veteran|1254
|gen|9
|tier|[Gen 9 Champions] VGC 2026 Reg M-B (Bo3)
|rated|
|rule|Species Clause: Limit one of each Pokémon
|rule|Item Clause: Limit 1 of each item
|clearpoke
|poke|p1|Sneasler, L50, M|
|poke|p1|Blastoise, L50, M|
|poke|p1|Incineroar, L50, M|
|poke|p1|Kingambit, L50, M|
|poke|p1|Delphox, L50, F|
|poke|p1|Sinistcha, L50|
|poke|p2|Froslass, L50, F, shiny|
|poke|p2|Sneasler, L50, M, shiny|
|poke|p2|Lycanroc-Dusk, L50, M, shiny|
|poke|p2|Whimsicott, L50, F, shiny|
|poke|p2|Maushold-Four, L50, shiny|
|poke|p2|Rotom-Wash, L50, shiny|
|teampreview|4
|showteam|p1|Sneasler||FocusSash|PoisonTouch|FakeOut,CloseCombat,DireClaw,QuickGuard|Jolly||M|||50|]Blastoise||Blastoisinite|Torrent|WaterSpout,DarkPulse,ShellSmash,Protect|Modest||M|||50|]Incineroar||SitrusBerry|Intimidate|FakeOut,FlareBlitz,PartingShot,HelpingHand|Careful||M|||50|]Kingambit||LifeOrb|Defiant|KowtowCleave,SuckerPunch,SwordsDance,Protect|Adamant||M|||50|]Delphox||Delphoxite|Blaze|HeatWave,NastyPlot,Psyshock,Protect|Timid||F|||50|]Sinistcha||ColburBerry|Hospitality|MatchaGotcha,RagePowder,TrickRoom,Protect|Bold|||||50|
|showteam|p2|Froslass||Froslassite|CursedBody|NastyPlot,Blizzard,ShadowBall,Protect|Timid||F|||50|]Sneasler||WhiteHerb|Unburden|FakeOut,CloseCombat,DireClaw,ThroatChop|Adamant||M|||50|]Lycanroc-Dusk||FocusSash|ToughClaws|Accelerock,RockSlide,CloseCombat,Protect|Jolly||M|||50|]Whimsicott||FairyFeather|Prankster|Tailwind,Moonblast,Encore,Protect|Timid||F|||50|]Maushold-Four||SitrusBerry|FriendGuard|SuperFang,FollowMe,Taunt,Protect|Timid|||||50|]Rotom-Wash||ChoiceScarf|Levitate|VoltSwitch,HydroPump,Thunderbolt,Trick|Timid|||||50|
|inactive|Battle timer is ON: inactive players will automatically lose when time's up. (requested by LyricSum)
|inactive|Chelicerate1 also wants the timer to be on.
|inactive|LyricSum has 60 seconds left.
|
|t:|1784554704
|teamsize|p1|4
|teamsize|p2|4
|start
|switch|p1a: Delphox|Delphox, L50, F|100/100
|switch|p1b: Incineroar|Incineroar, L50, M|100/100
|switch|p2a: Haribo|Sneasler, L50, M, shiny|100/100
|switch|p2b: Not Washed|Rotom-Wash, L50, shiny|100/100
|-ability|p1b: Incineroar|Intimidate|boost
|-unboost|p2a: Haribo|atk|1
|-unboost|p2b: Not Washed|atk|1
|-enditem|p2a: Haribo|White Herb
|-clearnegativeboost|p2a: Haribo|[silent]
|turn|1
|
|t:|1784554720
|detailschange|p1a: Delphox|Delphox-Mega, L50, F
|-mega|p1a: Delphox|Delphox|Delphoxite
|move|p2a: Haribo|Fake Out|p1a: Delphox
|-damage|p1a: Delphox|81/100
|move|p1b: Incineroar|Fake Out|p2b: Not Washed
|-damage|p2b: Not Washed|86/100
|cant|p2b: Not Washed|flinch
|cant|p1a: Delphox|flinch
|
|upkeep
|turn|2
|
|t:|1784554741
|switch|p2b: Stuffed|Whimsicott, L50, F, shiny|100/100
|switch|p1b: Sinistcha|Sinistcha, L50|100/100
|-heal|p1a: Delphox|100/100|[from] ability: Hospitality|[of] p1b: Sinistcha
|move|p1a: Delphox|Protect|p1a: Delphox
|-singleturn|p1a: Delphox|Protect
|move|p2a: Haribo|Throat Chop|p1b: Sinistcha
|-supereffective|p1b: Sinistcha|1
|-crit|p1b: Sinistcha
|-enditem|p1b: Sinistcha|Colbur Berry|[eat]
|-enditem|p1b: Sinistcha|Colbur Berry|[weaken]
|-damage|p1b: Sinistcha|61/100
|-start|p1b: Sinistcha|Throat Chop|[silent]
|
|upkeep
|turn|3
|
|t:|1784554756
|switch|p1a: Incineroar|Incineroar, L50, M|100/100
|-ability|p1a: Incineroar|Intimidate|boost
|-unboost|p2a: Haribo|atk|1
|-unboost|p2b: Stuffed|atk|1
|switch|p1b: Sneasler|Sneasler, L50, M|100/100
|move|p2b: Stuffed|Encore|p1a: Incineroar
|-hint|Since gen 7, Dark is immune to Prankster moves.
|-immune|p1a: Incineroar
|move|p2a: Haribo|Throat Chop|p1b: Sneasler
|-resisted|p1b: Sneasler|1
|-damage|p1b: Sneasler|81/100
|-start|p1b: Sneasler|Throat Chop|[silent]
|
|upkeep
|turn|4
|
|t:|1784554772
|switch|p2a: Not Washed|Rotom-Wash, L50, shiny|86/100
|switch|p2b: Bluey|Lycanroc-Dusk, L50, M, shiny|100/100
|move|p1a: Incineroar|Fake Out|p2a: Not Washed
|-damage|p2a: Not Washed|72/100
|move|p1b: Sneasler|Dire Claw|p2b: Bluey
|-resisted|p2b: Bluey|1
|-damage|p2b: Bluey|66/100
|-status|p2b: Bluey|slp
|
|-end|p1b: Sneasler|Throat Chop|[silent]
|upkeep
|turn|5
|inactive|Chelicerate1 has 30 seconds left.
|
|t:|1784554805
|switch|p2b: Haribo|Sneasler, L50, M, shiny|100/100
|switch|p1a: Sinistcha|Sinistcha, L50|61/100
|-heal|p1b: Sneasler|100/100|[from] ability: Hospitality|[of] p1a: Sinistcha
|move|p2a: Not Washed|Thunderbolt|p1b: Sneasler
|-damage|p1b: Sneasler|38/100
|move|p1b: Sneasler|Dire Claw|p2a: Not Washed
|-damage|p2a: Not Washed|12/100
|
|upkeep
|turn|6
|inactive|Chelicerate1 has 30 seconds left.
|inactive|LyricSum has 30 seconds left.
|
|t:|1784554836
|switch|p2a: Bluey|Lycanroc-Dusk, L50, M, shiny|66/100 slp
|switch|p1b: Incineroar|Incineroar, L50, M|100/100
|-ability|p1b: Incineroar|Intimidate|boost
|-unboost|p2a: Bluey|atk|1
|-unboost|p2b: Haribo|atk|1
|move|p2b: Haribo|Throat Chop|p1a: Sinistcha
|-supereffective|p1a: Sinistcha|1
|-damage|p1a: Sinistcha|29/100
|-start|p1a: Sinistcha|Throat Chop|[silent]
|move|p1a: Sinistcha|Matcha Gotcha|p2a: Bluey|[spread] p2a,p2b
|-supereffective|p2a: Bluey|1
|-resisted|p2b: Haribo|1
|-damage|p2a: Bluey|0 fnt
|-heal|p1a: Sinistcha|57/100|[from] drain|[of] p2a: Bluey
|-damage|p2b: Haribo|84/100
|-heal|p1a: Sinistcha|64/100|[from] drain|[of] p2b: Haribo
|faint|p2a: Bluey
|
|upkeep
|
|t:|1784554844
|switch|p2a: Stuffed|Whimsicott, L50, F, shiny|100/100
|turn|7
|
|t:|1784554860
|switch|p1a: Delphox|Delphox-Mega, L50, F|100/100
|move|p2a: Stuffed|Moonblast|p1a: Delphox
|-resisted|p1a: Delphox|1
|-damage|p1a: Delphox|81/100
|move|p2b: Haribo|Close Combat|p1b: Incineroar
|-supereffective|p1b: Incineroar|1
|-damage|p1b: Incineroar|15/100
|-unboost|p2b: Haribo|def|1
|-unboost|p2b: Haribo|spd|1
|-enditem|p1b: Incineroar|Sitrus Berry|[eat]
|-heal|p1b: Incineroar|40/100|[from] item: Sitrus Berry
|move|p1b: Incineroar|Flare Blitz|p2a: Stuffed
|-supereffective|p2a: Stuffed|1
|-damage|p2a: Stuffed|0 fnt
|faint|p2a: Stuffed
|-damage|p1b: Incineroar|17/100|[from] Recoil
|
|upkeep
|
|t:|1784554865
|switch|p2a: Not Washed|Rotom-Wash, L50, shiny|12/100
|turn|8
|
|t:|1784554879
|switch|p1b: Sinistcha|Sinistcha, L50|64/100
|-heal|p1a: Delphox|100/100|[from] ability: Hospitality|[of] p1b: Sinistcha
|move|p2a: Not Washed|Hydro Pump|p1b: Sinistcha
|-resisted|p1b: Sinistcha|1
|-damage|p1b: Sinistcha|39/100
|move|p1a: Delphox|Heat Wave|p2a: Not Washed|[spread] p2a
|-miss|p1a: Delphox|p2b: Haribo
|-resisted|p2a: Not Washed|1
|-damage|p2a: Not Washed|0 fnt
|faint|p2a: Not Washed
|move|p2b: Haribo|Throat Chop|p1b: Sinistcha
|-supereffective|p1b: Sinistcha|1
|-damage|p1b: Sinistcha|4/100
|-start|p1b: Sinistcha|Throat Chop|[silent]
|
|upkeep
|turn|9
|-message|LyricSum forfeited.
|
|win|Chelicerate1
|l|☆LyricSum
|player|p2|
||LyricSum is ready for game 3.
