|j|☆MetalBlackKnight
|j|☆maada15
|html|MetalBlackKnightmaada15    
|uhtml|bestof|Game 1 of a best-of-3
|t:|1785359177
|gametype|doubles
|player|p1|MetalBlackKnight|cynthia|
|player|p2|maada15|266|
|gen|9
|tier|[Gen 9 Champions] VGC 2026 Reg M-B (Bo3)
|rule|Species Clause: Limit one of each Pokémon
|rule|Item Clause: Limit 1 of each item
|clearpoke
|poke|p1|Charizard, L50, M|
|poke|p1|Whimsicott, L50, F|
|poke|p1|Garchomp, L50, M|
|poke|p1|Basculegion, L50, M|
|poke|p1|Incineroar, L50, M|
|poke|p1|Mamoswine, L50, F|
|poke|p2|Delphox, L50, M|
|poke|p2|Blastoise, L50, F|
|poke|p2|Sinistcha, L50|
|poke|p2|Sneasler, L50, M|
|poke|p2|Incineroar, L50, F|
|poke|p2|Kingambit, L50, M|
|teampreview|4
|showteam|p1|Charizard||CharizarditeY|Blaze|WeatherBall,HeatWave,SolarBeam,Protect|Modest||M|||50|]Whimsicott||CobaBerry|Prankster|Tailwind,Encore,Moonblast,Protect|Timid||F|||50|]Garchomp||LifeOrb|RoughSkin|Earthquake,DragonClaw,RockTomb,Protect|Jolly||M|||50|]Basculegion||ChoiceScarf|Adaptability|WaveCrash,LastRespects,FlipTurn,AquaJet|Jolly||M|||50|]Incineroar||SitrusBerry|Intimidate|FakeOut,FlareBlitz,DarkestLariat,PartingShot|Impish||M|||50|]Mamoswine||FocusSash|Oblivious|Earthquake,IcicleCrash,IceShard,Protect|Jolly||F|||50|
|showteam|p2|Delphox||Delphoxite|Blaze|Psychic,HeatWave,NastyPlot,Protect|Timid||M|||50|]Blastoise||Blastoisinite|RainDish|WaterSpout,DarkPulse,ShellSmash,Protect|Modest||F|||50|]Sinistcha||KasibBerry|Hospitality|MatchaGotcha,RagePowder,TrickRoom,Protect|Bold|||||50|]Sneasler||FocusSash|PoisonTouch|DireClaw,CloseCombat,FakeOut,QuickGuard|Jolly||M|||50|]Incineroar||SitrusBerry|Intimidate|FlareBlitz,HelpingHand,PartingShot,FakeOut|Impish||F|||50|]Kingambit||BlackGlasses|Defiant|KowtowCleave,SuckerPunch,SwordsDance,Protect|Adamant||M|||50|
|inactive|Battle timer is ON: inactive players will automatically lose when time's up. (requested by maada15)
|inactiveoff|Battle timer is now OFF.
|
|t:|1785359309
|teamsize|p1|4
|teamsize|p2|4
|start
|switch|p1a: Incineroar|Incineroar, L50, M|100/100
|switch|p1b: Charizard|Charizard, L50, M|100/100
|switch|p2a: Delphox|Delphox, L50, M|100/100
|switch|p2b: Incineroar|Incineroar, L50, F|100/100
|-ability|p1a: Incineroar|Intimidate|boost
|-unboost|p2a: Delphox|atk|1
|-unboost|p2b: Incineroar|atk|1
|-ability|p2b: Incineroar|Intimidate|boost
|-unboost|p1a: Incineroar|atk|1
|-unboost|p1b: Charizard|atk|1
|turn|1
|
|t:|1785359393
|switch|p1b: Garchomp|Garchomp, L50, M|100/100
|detailschange|p2a: Delphox|Delphox-Mega, L50, M
|-mega|p2a: Delphox|Delphox|Delphoxite
|move|p2b: Incineroar|Fake Out|p1a: Incineroar
|-damage|p1a: Incineroar|93/100
|move|p2a: Delphox|Nasty Plot|p2a: Delphox
|-boost|p2a: Delphox|spa|2
|cant|p1a: Incineroar|flinch
|
|upkeep
|turn|2
|
|t:|1785359421
|move|p2a: Delphox|Protect|p2a: Delphox
|-singleturn|p2a: Delphox|Protect
|move|p1b: Garchomp|Protect|p1b: Garchomp
|-singleturn|p1b: Garchomp|Protect
|move|p1a: Incineroar|Darkest Lariat|p2a: Delphox
|-activate|p2a: Delphox|move: Protect
|move|p2b: Incineroar|Parting Shot|p1b: Garchomp
|-activate|p1b: Garchomp|move: Protect
|
|upkeep
|turn|3
|
|t:|1785359499
|move|p2b: Incineroar|Helping Hand|p2a: Delphox
|-singleturn|p2a: Delphox|Helping Hand|[of] p2b: Incineroar
|move|p1b: Garchomp|Rock Tomb|p2a: Delphox
|-supereffective|p2a: Delphox|1
|-damage|p2a: Delphox|10/100
|-unboost|p2a: Delphox|spe|1
|-damage|p1b: Garchomp|90/100|[from] item: Life Orb
|move|p2a: Delphox|Psychic|p1b: Garchomp
|-damage|p1b: Garchomp|0 fnt
|faint|p1b: Garchomp
|move|p1a: Incineroar|Darkest Lariat|p2a: Delphox
|-supereffective|p2a: Delphox|1
|-damage|p2a: Delphox|0 fnt
|faint|p2a: Delphox
|
|upkeep
|l|☆maada15
|player|p2|
|j|☆maada15
|player|p2|maada15|266|
|inactive|Battle timer is ON: inactive players will automatically lose when time's up. (requested by maada15)
|
|t:|1785359612
|switch|p2a: Sneasler|Sneasler, L50, M|100/100
|switch|p1b: Charizard|Charizard, L50, M|100/100
|turn|4
|inactiveoff|Battle timer is now OFF.
|
|t:|1785359699
|switch|p1a: Basculegion|Basculegion, L50, M|100/100
|detailschange|p1b: Charizard|Charizard-Mega-Y, L50, M
|-mega|p1b: Charizard|Charizard|Charizardite Y
|-weather|SunnyDay|[from] ability: Drought|[of] p1b: Charizard
|move|p2a: Sneasler|Close Combat|p1a: Basculegion
|-immune|p1a: Basculegion
|move|p1b: Charizard|Weather Ball|p2a: Sneasler
|-enditem|p2a: Sneasler|Focus Sash
|-damage|p2a: Sneasler|1/100
|move|p2b: Incineroar|Parting Shot|p1b: Charizard
|-unboost|p1b: Charizard|atk|1
|-unboost|p1b: Charizard|spa|1
|
|t:|1785359716
|switch|p2b: Blastoise|Blastoise, L50, F|100/100|[from] Parting Shot
|
|-weather|SunnyDay|[upkeep]
|upkeep
|turn|5
|
|t:|1785359729
|switch|p2a: Incineroar|Incineroar, L50, F|100/100
|-ability|p2a: Incineroar|Intimidate|boost
|-unboost|p1a: Basculegion|atk|1
|-unboost|p1b: Charizard|atk|1
|move|p2b: Blastoise|Protect|p2b: Blastoise
|-singleturn|p2b: Blastoise|Protect
|move|p1a: Basculegion|Aqua Jet|p2a: Incineroar
|-supereffective|p2a: Incineroar|1
|-damage|p2a: Incineroar|85/100
|move|p1b: Charizard|Solar Beam||[still]
|-prepare|p1b: Charizard|Solar Beam
|-anim|p1b: Charizard|Solar Beam|p2b: Blastoise
|-activate|p2b: Blastoise|move: Protect
|
|-weather|SunnyDay|[upkeep]
|upkeep
|turn|6
|
|t:|1785359748
|switch|p1a: Incineroar|Incineroar, L50, M|93/100
|-ability|p1a: Incineroar|Intimidate|boost
|-unboost|p2a: Incineroar|atk|1
|-unboost|p2b: Blastoise|atk|1
|move|p2a: Incineroar|Fake Out|p1b: Charizard
|-damage|p1b: Charizard|91/100
|cant|p1b: Charizard|flinch
|move|p2b: Blastoise|Shell Smash|p2b: Blastoise
|-unboost|p2b: Blastoise|def|1
|-unboost|p2b: Blastoise|spd|1
|-boost|p2b: Blastoise|atk|2
|-boost|p2b: Blastoise|spa|2
|-boost|p2b: Blastoise|spe|2
|
|-weather|SunnyDay|[upkeep]
|upkeep
|turn|7
|
|t:|1785359784
|move|p2a: Incineroar|Helping Hand|p2b: Blastoise
|-singleturn|p2b: Blastoise|Helping Hand|[of] p2a: Incineroar
|move|p1a: Incineroar|Fake Out|p2b: Blastoise
|-crit|p2b: Blastoise
|-damage|p2b: Blastoise|67/100
|cant|p2b: Blastoise|flinch
|move|p1b: Charizard|Solar Beam||[still]
|-prepare|p1b: Charizard|Solar Beam
|-anim|p1b: Charizard|Solar Beam|p2b: Blastoise
|-supereffective|p2b: Blastoise|1
|-damage|p2b: Blastoise|0 fnt
|faint|p2b: Blastoise
|
|-weather|SunnyDay|[upkeep]
|upkeep
|
|t:|1785359802
|switch|p2b: Sneasler|Sneasler, L50, M|1/100
|turn|8
|
|t:|1785359846
|move|p2b: Sneasler|Fake Out|p1b: Charizard
|-damage|p1b: Charizard|77/100
|-status|p1b: Charizard|psn|[from] ability: Poison Touch|[of] p2b: Sneasler
|cant|p1b: Charizard|flinch
|move|p1a: Incineroar|Flare Blitz|p2b: Sneasler
|-damage|p2b: Sneasler|0 fnt
|faint|p2b: Sneasler
|-damage|p1a: Incineroar|92/100|[from] Recoil
|move|p2a: Incineroar|Flare Blitz|p1b: Charizard
|-resisted|p1b: Charizard|1
|-damage|p1b: Charizard|49/100 psn
|-damage|p2a: Incineroar|75/100|[from] Recoil
|
|-weather|none
|-damage|p1b: Charizard|37/100 psn|[from] psn
|upkeep
|turn|9
|
|t:|1785359867
|move|p1b: Charizard|Heat Wave|p2a: Incineroar
|-resisted|p2a: Incineroar|1
|-damage|p2a: Incineroar|55/100
|move|p1a: Incineroar|Parting Shot|p2a: Incineroar
|-unboost|p2a: Incineroar|atk|1
|-unboost|p2a: Incineroar|spa|1
|
|t:|1785359872
|switch|p1a: Basculegion|Basculegion, L50, M|100/100|[from] Parting Shot
|move|p2a: Incineroar|Flare Blitz|p1b: Charizard
|-resisted|p1b: Charizard|1
|-damage|p1b: Charizard|23/100 psn
|-damage|p2a: Incineroar|50/100g|[from] Recoil
|
|-damage|p1b: Charizard|11/100 psn|[from] psn
|upkeep
|turn|10
|
|t:|1785359877
|move|p1a: Basculegion|Wave Crash|p2a: Incineroar
|-supereffective|p2a: Incineroar|1
|-damage|p2a: Incineroar|0 fnt
|faint|p2a: Incineroar
|-damage|p1a: Basculegion|85/100|[from] Recoil
|
|win|MetalBlackKnight
