|j|☆geardox
|j|☆randomguy1114s
|html|geardoxrandomguy1114s    
|uhtml|bestof|Game 2 of a best-of-3
|t:|1756856566
|gametype|doubles
|player|p1|geardox|cyclist|1137
|player|p2|randomguy1114s|lillie-masters|1229
|gen|9
|tier|[Gen 9] VGC 2025 Reg H (Bo3)
|rated|
|rule|Species Clause: Limit one of each Pokémon
|rule|Item Clause: Limit 1 of each item
|clearpoke
|poke|p1|Sneasler, L50, M|
|poke|p1|Garchomp, L50, M|
|poke|p1|Corviknight, L50, M|
|poke|p1|Archaludon, L50, M|
|poke|p1|Amoonguss, L50, F|
|poke|p1|Incineroar, L50, M|
|poke|p2|Garchomp, L50, M|
|poke|p2|Kingambit, L50, M|
|poke|p2|Sneasler, L50, F|
|poke|p2|Talonflame, L50, F|
|poke|p2|Primarina, L50, F|
|poke|p2|Sinistcha, L50|
|teampreview|4
|showteam|p1|Sneasler||FocusSash|Unburden|DireClaw,CloseCombat,ThroatChop,Coaching|||M|||50|,,,,,Ghost]Garchomp||LifeOrb|RoughSkin|Protect,Earthquake,DragonClaw,StompingTantrum|||M|||50|,,,,,Ground]Corviknight||SitrusBerry|MirrorArmor|BraveBird,Tailwind,Roost,IronHead|||M|||50|,,,,,Fire]Archaludon||PowerHerb|Stamina|Protect,DracoMeteor,FlashCannon,ElectroShot|||M|||50|,,,,,Dragon]Amoonguss||RockyHelmet|Regenerator|ClearSmog,RagePowder,Spore,PollenPuff|||F|||50|,,,,,Water]Incineroar||AssaultVest|Intimidate|KnockOff,FlareBlitz,FakeOut,Uturn|||M|||50|,,,,,Ghost
|showteam|p2|Garchomp||LifeOrb|RoughSkin|Earthquake,DragonClaw,StompingTantrum,Protect|||M|||50|,,,,,Steel]Kingambit||SafetyGoggles|Defiant|SuckerPunch,SwordsDance,KowtowCleave,Protect|||M|||50|,,,,,Dark]Sneasler||FocusSash|Unburden|CloseCombat,DireClaw,FakeOut,Protect|||F|||50|,,,,,Stellar]Talonflame||ClearAmulet|GaleWings|DualWingbeat,Tailwind,Uturn,Protect|||F|||50|,,,,,Ghost]Primarina||ThroatSpray|LiquidVoice|Haze,HyperVoice,Moonblast,Protect|||F|||50|,,,,,Poison]Sinistcha||MentalHerb|Hospitality|RagePowder,TrickRoom,MatchaGotcha,Protect||||||50|,,,,,Water
|inactive|Battle timer is ON: inactive players will automatically lose when time's up. (requested by geardox)
|
|t:|1756856608
|teamsize|p1|4
|teamsize|p2|4
|start
|switch|p1a: Eggman|Corviknight, L50, M, shiny|100/100
|switch|p1b: Riku|Sneasler, L50, M|100/100
|switch|p2a: Sneasler|Sneasler, L50, F, shiny|100/100
|switch|p2b: Talonflame|Talonflame, L50, F, shiny|100/100
|turn|1
|inactive|randomguy1114s has 30 seconds left.
|
|t:|1756856637
|switch|p1b: Incineroar|Incineroar, L50, M|100/100
|-ability|p1b: Incineroar|Intimidate|boost
|-unboost|p2a: Sneasler|atk|1
|-fail|p2b: Talonflame|unboost|[from] item: Clear Amulet|[of] p2b: Talonflame
|-terastallize|p2b: Talonflame|Ghost
|move|p2a: Sneasler|Fake Out|p1a: Eggman
|-resisted|p1a: Eggman
|-damage|p1a: Eggman|97/100
|move|p2b: Talonflame|Dual Wingbeat|p1b: Incineroar
|-damage|p1b: Incineroar|85/100
|-damage|p1b: Incineroar|68/100
|-hitcount|p1b: Incineroar|2
|cant|p1a: Eggman|flinch
|
|upkeep
|turn|2
|inactive|geardox has 30 seconds left.
|
|t:|1756856667
|move|p2a: Sneasler|Protect|p2a: Sneasler
|-singleturn|p2a: Sneasler|Protect
|move|p2b: Talonflame|U-turn|p1b: Incineroar
|-damage|p1b: Incineroar|49/100
|
|t:|1756856676
|switch|p2b: Kingambit|Kingambit, L50, M, shiny|100/100|[from] U-turn
|move|p1b: Incineroar|Knock Off|p2b: Kingambit
|-resisted|p2b: Kingambit
|-damage|p2b: Kingambit|85/100
|-enditem|p2b: Kingambit|Safety Goggles|[from] move: Knock Off|[of] p1b: Incineroar
|move|p1a: Eggman|Brave Bird|p2a: Sneasler
|-activate|p2a: Sneasler|move: Protect
|
|upkeep
|turn|3
|
|t:|1756856700
|move|p2a: Sneasler|Close Combat|p1b: Incineroar
|-supereffective|p1b: Incineroar
|-damage|p1b: Incineroar|0 fnt
|-unboost|p2a: Sneasler|def|1
|-unboost|p2a: Sneasler|spd|1
|faint|p1b: Incineroar
|move|p1a: Eggman|Tailwind|p1a: Eggman
|-sidestart|p1: geardox|move: Tailwind
|move|p2b: Kingambit|Swords Dance|p2b: Kingambit
|-boost|p2b: Kingambit|atk|2
|
|upkeep
|
|t:|1756856709
|switch|p1b: Stinky Pete|Garchomp, L50, M|100/100
|turn|4
|
|t:|1756856723
|-terastallize|p1b: Stinky Pete|Ground
|move|p2b: Kingambit|Protect|p2b: Kingambit
|-singleturn|p2b: Kingambit|Protect
|move|p1b: Stinky Pete|Earthquake|p2a: Sneasler|[spread] p2a
|-activate|p2b: Kingambit|move: Protect
|-immune|p1a: Eggman
|-supereffective|p2a: Sneasler
|-enditem|p2a: Sneasler|Focus Sash
|-damage|p2a: Sneasler|1/100
|-damage|p1b: Stinky Pete|91/100|[from] item: Life Orb
|move|p2a: Sneasler|Close Combat|p1b: Stinky Pete
|-damage|p1b: Stinky Pete|50/100
|-unboost|p2a: Sneasler|def|1
|-unboost|p2a: Sneasler|spd|1
|-damage|p2a: Sneasler|0 fnt|[from] ability: Rough Skin|[of] p1b: Stinky Pete
|faint|p2a: Sneasler
|move|p1a: Eggman|Brave Bird|p2b: Kingambit
|-activate|p2b: Kingambit|move: Protect
|
|upkeep
|
|t:|1756856743
|switch|p2a: Primarina|Primarina, L50, F, shiny|100/100
|turn|5
|
|t:|1756856750
|move|p1b: Stinky Pete|Protect|p1b: Stinky Pete
|-singleturn|p1b: Stinky Pete|Protect
|move|p2b: Kingambit|Sucker Punch|p1a: Eggman
|-damage|p1a: Eggman|30/100
|-enditem|p1a: Eggman|Sitrus Berry|[eat]
|-heal|p1a: Eggman|55/100|[from] item: Sitrus Berry
|move|p1a: Eggman|Brave Bird|p2b: Kingambit
|-resisted|p2b: Kingambit
|-damage|p2b: Kingambit|72/100
|-damage|p1a: Eggman|50/100|[from] Recoil
|move|p2a: Primarina|Hyper Voice|p1b: Stinky Pete|[spread] p1a
|-activate|p1b: Stinky Pete|move: Protect
|-damage|p1a: Eggman|22/100
|-enditem|p2a: Primarina|Throat Spray
|-boost|p2a: Primarina|spa|1|[from] item: Throat Spray
|
|upkeep
|turn|6
|inactive|geardox has 30 seconds left.
|inactive|geardox has 20 seconds left.
|
|t:|1756856789
|move|p2b: Kingambit|Sucker Punch|p1b: Stinky Pete
|-damage|p1b: Stinky Pete|0 fnt
|-damage|p2b: Kingambit|59/100|[from] ability: Rough Skin|[of] p1b: Stinky Pete
|faint|p1b: Stinky Pete
|move|p1a: Eggman|Roost|p1a: Eggman
|-heal|p1a: Eggman|72/100
|-singleturn|p1a: Eggman|move: Roost
|move|p2a: Primarina|Hyper Voice|p1a: Eggman
|-damage|p1a: Eggman|19/100
|
|-sideend|p1: geardox|move: Tailwind
|upkeep
|
|t:|1756856799
|switch|p1b: Riku|Sneasler, L50, M|100/100
|turn|7
|
|t:|1756856814
|move|p2a: Primarina|Protect|p2a: Primarina
|-singleturn|p2a: Primarina|Protect
|move|p2b: Kingambit|Protect|p2b: Kingambit
|-singleturn|p2b: Kingambit|Protect
|move|p1b: Riku|Dire Claw|p2a: Primarina
|-activate|p2a: Primarina|move: Protect
|move|p1a: Eggman|Brave Bird|p2b: Kingambit
|-activate|p2b: Kingambit|move: Protect
|
|upkeep
|turn|8
|
|t:|1756856833
|move|p2b: Kingambit|Sucker Punch|p1a: Eggman
|-damage|p1a: Eggman|0 fnt
|faint|p1a: Eggman
|move|p1b: Riku|Close Combat|p2b: Kingambit
|-supereffective|p2b: Kingambit
|-damage|p2b: Kingambit|0 fnt
|-unboost|p1b: Riku|def|1
|-unboost|p1b: Riku|spd|1
|faint|p2b: Kingambit
|move|p2a: Primarina|Hyper Voice|p1b: Riku
|-enditem|p1b: Riku|Focus Sash
|-damage|p1b: Riku|1/100
|
|upkeep
|
|t:|1756856840
|switch|p2b: Talonflame|Talonflame, L50, F, shiny, tera:Ghost|100/100
|turn|9
|
|t:|1756856846
|move|p2b: Talonflame|Dual Wingbeat|p1b: Riku
|-supereffective|p1b: Riku
|-damage|p1b: Riku|0 fnt
|faint|p1b: Riku
|-hitcount|p1: Riku|1
|
|win|randomguy1114s
||randomguy1114s is ready for game 3.
||geardox is ready for game 3.
|uhtml|next|Next: Game 3 of 3
