|j|☆ledinoleo
|j|☆pix3000
|html|ledinoleopix3000    
|uhtml|bestof|Game 2 of a best-of-3
|t:|1756769510
|gametype|doubles
|player|p1|ledinoleo|boarder-gen2|
|player|p2|pix3000|265|
|gen|9
|tier|[Gen 9] VGC 2025 Reg H (Bo3)
|rule|Species Clause: Limit one of each Pokémon
|rule|Item Clause: Limit 1 of each item
|clearpoke
|poke|p1|Dragonite, L50, F|
|poke|p1|Sinistcha, L50|
|poke|p1|Ursaluna, L50, F|
|poke|p1|Gholdengo, L50|
|poke|p1|Incineroar, L50, F|
|poke|p1|Ninetales-Alola, L50, F|
|poke|p2|Ursaluna-Bloodmoon, L50, M|
|poke|p2|Kingambit, L50, F|
|poke|p2|Electabuzz, L50, F|
|poke|p2|Dragonite, L50, M|
|poke|p2|Sneasler, L50, M|
|poke|p2|Ninetales-Alola, L50, M|
|teampreview|4
|showteam|p1|Dragonite||LoadedDice|Multiscale|ScaleShot,Haze,Tailwind,Protect|||F|||50|,,,,,Fairy]Sinistcha||SitrusBerry|Hospitality|MatchaGotcha,LifeDew,RagePowder,TrickRoom||||||50|,,,,,Water]Ursaluna||FlameOrb|Guts|HeadlongRush,Earthquake,Facade,Protect|||F|||50|,,,,,Ghost]Gholdengo||LifeOrb|GoodasGold|MakeItRain,ShadowBall,NastyPlot,Protect||||||50|,,,,,Water]Incineroar||AssaultVest|Intimidate|FlareBlitz,KnockOff,FakeOut,Uturn|||F|||50|,,,,,Grass]Ninetales-Alola||FocusSash|SnowWarning|IcyWind,FreezeDry,Encore,AuroraVeil|||F|||50|,,,,,Ghost
|showteam|p2|Ursaluna-Bloodmoon||LifeOrb|MindsEye|BloodMoon,HyperVoice,EarthPower,Protect|||M|||50|,,,,,Normal]Kingambit||AssaultVest|Defiant|KowtowCleave,SuckerPunch,LowKick,IronHead|||F|||50|,,,,,Dark]Electabuzz||Eviolite|VitalSpirit|Electroweb,Taunt,FollowMe,Protect|||F|||50|,,,,,Electric]Dragonite||LoadedDice|InnerFocus|ScaleShot,Haze,Tailwind,Protect|||M|||50|,,,,,Fire]Sneasler||WhiteHerb|Unburden|CloseCombat,DireClaw,Coaching,FakeOut|||M|||50|,,,,,Ghost]Ninetales-Alola||SafetyGoggles|SnowWarning|Blizzard,Moonblast,FreezeDry,Protect|||M|||50|,,,,,Water
|
|t:|1756769657
|teamsize|p1|4
|teamsize|p2|4
|start
|switch|p1a: Dragonite|Dragonite, L50, F|100/100
|switch|p1b: Incineroar|Incineroar, L50, F|100/100
|switch|p2a: Kingambit|Kingambit, L50, F|100/100
|switch|p2b: Dragonite|Dragonite, L50, M|100/100
|-ability|p1b: Incineroar|Intimidate|boost
|-unboost|p2a: Kingambit|atk|1
|-ability|p2a: Kingambit|Defiant|boost
|-boost|p2a: Kingambit|atk|2
|-fail|p2b: Dragonite|unboost|Attack|[from] ability: Inner Focus|[of] p2b: Dragonite
|turn|1
|
|t:|1756769793
|-terastallize|p1a: Dragonite|Fairy
|-terastallize|p2a: Kingambit|Dark
|move|p2b: Dragonite|Tailwind|p2b: Dragonite
|-sidestart|p2: pix3000|move: Tailwind
|move|p2a: Kingambit|Low Kick|p1b: Incineroar
|-supereffective|p1b: Incineroar
|-damage|p1b: Incineroar|20/100
|move|p1a: Dragonite|Scale Shot|p2a: Kingambit
|-damage|p2a: Kingambit|89/100
|-damage|p2a: Kingambit|78/100
|-damage|p2a: Kingambit|67/100
|-damage|p2a: Kingambit|56/100
|-damage|p2a: Kingambit|44/100
|-hitcount|p2a: Kingambit|5
|-unboost|p1a: Dragonite|def|1
|-boost|p1a: Dragonite|spe|1
|move|p1b: Incineroar|U-turn|p2a: Kingambit
|-supereffective|p2a: Kingambit
|-damage|p2a: Kingambit|12/100
|
|t:|1756769811
|switch|p1b: Ursaluna|Ursaluna, L50, F, shiny|100/100|[from] U-turn
|
|-status|p1b: Ursaluna|brn|[from] item: Flame Orb
|upkeep
|turn|2
|
|t:|1756769890
|move|p2a: Kingambit|Sucker Punch|p1b: Ursaluna
|-damage|p1b: Ursaluna|33/100 brn
|move|p2b: Dragonite|Scale Shot|p1b: Ursaluna
|-damage|p1b: Ursaluna|24/100 brn
|-damage|p1b: Ursaluna|13/100 brn
|-damage|p1b: Ursaluna|2/100 brn
|-damage|p1b: Ursaluna|0 fnt
|faint|p1b: Ursaluna
|-hitcount|p1: Ursaluna|4
|-unboost|p2b: Dragonite|def|1
|-boost|p2b: Dragonite|spe|1
|move|p1a: Dragonite|Tailwind|p1a: Dragonite
|-sidestart|p1: ledinoleo|move: Tailwind
|
|upkeep
|
|t:|1756769911
|switch|p1b: Sinistcha|Sinistcha, L50|100/100
|turn|3
|
|t:|1756769980
|switch|p2b: Electabuzz|Electabuzz, L50, F|100/100
|switch|p1b: Incineroar|Incineroar, L50, F|20/100
|-ability|p1b: Incineroar|Intimidate|boost
|-unboost|p2a: Kingambit|atk|1
|-ability|p2a: Kingambit|Defiant|boost
|-boost|p2a: Kingambit|atk|2
|-unboost|p2b: Electabuzz|atk|1
|move|p2a: Kingambit|Sucker Punch|p1a: Dragonite
|-resisted|p1a: Dragonite
|-damage|p1a: Dragonite|58/100
|move|p1a: Dragonite|Scale Shot|p2a: Kingambit|[miss]
|-miss|p1a: Dragonite|p2a: Kingambit
|
|upkeep
|turn|4
|
|t:|1756770085
|move|p1b: Incineroar|Fake Out|p2a: Kingambit
|-damage|p2a: Kingambit|1/100
|move|p2b: Electabuzz|Follow Me|p2b: Electabuzz
|-singleturn|p2b: Electabuzz|move: Follow Me
|move|p1a: Dragonite|Scale Shot|p2b: Electabuzz
|-damage|p2b: Electabuzz|85/100
|-damage|p2b: Electabuzz|69/100
|-crit|p2b: Electabuzz
|-damage|p2b: Electabuzz|44/100
|-damage|p2b: Electabuzz|27/100
|-damage|p2b: Electabuzz|10/100
|-hitcount|p2b: Electabuzz|5
|-unboost|p1a: Dragonite|def|1
|-boost|p1a: Dragonite|spe|1
|cant|p2a: Kingambit|flinch
|
|-sideend|p2: pix3000|move: Tailwind
|upkeep
|turn|5
|
|t:|1756770133
|switch|p1b: Sinistcha|Sinistcha, L50|100/100
|-heal|p1a: Dragonite|83/100|[from] ability: Hospitality|[of] p1b: Sinistcha
|move|p2b: Electabuzz|Protect|p2b: Electabuzz
|-singleturn|p2b: Electabuzz|Protect
|move|p2a: Kingambit|Sucker Punch||[still]
|-fail|p2a: Kingambit
|move|p1a: Dragonite|Haze|p1a: Dragonite
|-clearallboost
|
|-sideend|p1: ledinoleo|move: Tailwind
|upkeep
|turn|6
|
|t:|1756770166
|move|p2b: Electabuzz|Electroweb|p1b: Sinistcha|[spread] p1a,p1b
|-resisted|p1b: Sinistcha
|-damage|p1a: Dragonite|66/100
|-damage|p1b: Sinistcha|94/100
|-unboost|p1a: Dragonite|spe|1
|-unboost|p1b: Sinistcha|spe|1
|move|p1a: Dragonite|Tailwind|p1a: Dragonite
|-sidestart|p1: ledinoleo|move: Tailwind
|move|p1b: Sinistcha|Matcha Gotcha|p2a: Kingambit|[spread] p2a,p2b
|-damage|p2a: Kingambit|0 fnt
|-heal|p1b: Sinistcha|94/100|[from] drain|[of] p2a: Kingambit
|-damage|p2b: Electabuzz|0 fnt
|-heal|p1b: Sinistcha|99/100|[from] drain|[of] p2b: Electabuzz
|faint|p2a: Kingambit
|faint|p2b: Electabuzz
|
|upkeep
|
|t:|1756770188
|switch|p2b: Dragonite|Dragonite, L50, M|100/100
|switch|p2a: Ursaluna|Ursaluna-Bloodmoon, L50, M|100/100
|turn|7
|
|t:|1756770265
|move|p1a: Dragonite|Scale Shot|p2a: Ursaluna
|-damage|p2a: Ursaluna|88/100
|-damage|p2a: Ursaluna|75/100
|-damage|p2a: Ursaluna|63/100
|-damage|p2a: Ursaluna|51/100
|-hitcount|p2a: Ursaluna|4
|-unboost|p1a: Dragonite|def|1
|-boost|p1a: Dragonite|spe|1
|move|p2b: Dragonite|Scale Shot|p1b: Sinistcha
|-damage|p1b: Sinistcha|89/100
|-damage|p1b: Sinistcha|79/100
|-damage|p1b: Sinistcha|68/100
|-damage|p1b: Sinistcha|57/100
|-hitcount|p1b: Sinistcha|4
|-unboost|p2b: Dragonite|def|1
|-boost|p2b: Dragonite|spe|1
|move|p2a: Ursaluna|Hyper Voice|p1b: Sinistcha|[spread] p1a,p1b
|-damage|p1a: Dragonite|14/100
|-damage|p1b: Sinistcha|9/100
|-enditem|p1b: Sinistcha|Sitrus Berry|[eat]
|-heal|p1b: Sinistcha|34/100|[from] item: Sitrus Berry
|-damage|p2a: Ursaluna|41/100|[from] item: Life Orb
|move|p1b: Sinistcha|Life Dew|p1b: Sinistcha|[spread] p1a,p1b
|-heal|p1a: Dragonite|39/100
|-heal|p1b: Sinistcha|59/100
|
|upkeep
|turn|8
|
|t:|1756770351
|switch|p1b: Incineroar|Incineroar, L50, F|20/100
|-ability|p1b: Incineroar|Intimidate|boost
|-unboost|p2a: Ursaluna|atk|1
|-fail|p2b: Dragonite|unboost|Attack|[from] ability: Inner Focus|[of] p2b: Dragonite
|move|p1a: Dragonite|Protect|p1a: Dragonite
|-singleturn|p1a: Dragonite|Protect
|move|p2a: Ursaluna|Protect|p2a: Ursaluna
|-singleturn|p2a: Ursaluna|Protect
|move|p2b: Dragonite|Tailwind|p2b: Dragonite
|-sidestart|p2: pix3000|move: Tailwind
|
|upkeep
|turn|9
|
|t:|1756770401
|move|p2a: Ursaluna|Protect||[still]
|-fail|p2a: Ursaluna
|move|p1b: Incineroar|Fake Out|p2a: Ursaluna
|-damage|p2a: Ursaluna|31/100
|move|p2b: Dragonite|Scale Shot|p1b: Incineroar
|-damage|p1b: Incineroar|8/100
|-damage|p1b: Incineroar|0 fnt
|faint|p1b: Incineroar
|-hitcount|p1: Incineroar|2
|-unboost|p2b: Dragonite|def|1
|-boost|p2b: Dragonite|spe|1
|move|p1a: Dragonite|Scale Shot|p2a: Ursaluna
|-damage|p2a: Ursaluna|19/100
|-damage|p2a: Ursaluna|7/100
|-damage|p2a: Ursaluna|0 fnt
|faint|p2a: Ursaluna
|-hitcount|p2: Ursaluna|3
|-unboost|p1a: Dragonite|def|1
|-boost|p1a: Dragonite|spe|1
|
|-sideend|p1: ledinoleo|move: Tailwind
|upkeep
|
|t:|1756770439
|switch|p1b: Sinistcha|Sinistcha, L50|59/100
|-heal|p1a: Dragonite|64/100|[from] ability: Hospitality|[of] p1b: Sinistcha
|turn|10
|
|t:|1756770469
|move|p2b: Dragonite|Haze|p2b: Dragonite
|-clearallboost
|move|p1a: Dragonite|Scale Shot|p2b: Dragonite
|-supereffective|p2b: Dragonite
|-damage|p2b: Dragonite|73/100
|-supereffective|p2b: Dragonite
|-damage|p2b: Dragonite|43/100
|-supereffective|p2b: Dragonite
|-damage|p2b: Dragonite|15/100
|-supereffective|p2b: Dragonite
|-damage|p2b: Dragonite|0 fnt
|faint|p2b: Dragonite
|-hitcount|p2: Dragonite|4
|
|win|ledinoleo
||pix3000 is ready for game 3.
||ledinoleo is ready for game 3.
|uhtml|next|Next: Game 3 of 3
|l|☆ledinoleo
|player|p1|
