|j|☆TKOWL
|j|☆grindrextremist
|html|TKOWLgrindrextremist    
|uhtml|bestof|Game 3 of a best-of-3
|t:|1757903400
|gametype|doubles
|player|p1|TKOWL|hiker-gen2|1204
|player|p2|grindrextremist|101|1175
|gen|9
|tier|[Gen 9] VGC 2025 Reg H (Bo3)
|rated|
|rule|Species Clause: Limit one of each Pokémon
|rule|Item Clause: Limit 1 of each item
|clearpoke
|poke|p1|Dragonite, L50, F|
|poke|p1|Kingambit, L50, F|
|poke|p1|Sneasler, L50, M|
|poke|p1|Rillaboom, L50, F|
|poke|p1|Volcarona, L50, F|
|poke|p1|Electabuzz, L50, F|
|poke|p2|Ninetales-Alola, L50, F|
|poke|p2|Basculegion, L50, M|
|poke|p2|Magmar, L50, M|
|poke|p2|Sneasler, L50, M|
|poke|p2|Rillaboom, L50, M|
|poke|p2|Kingambit, L50, M|
|teampreview|4
|showteam|p1|Dragonite||LoadedDice|Multiscale|ScaleShot,ExtremeSpeed,Tailwind,Protect|||F|||50|,,,,,Fairy]Kingambit||BlackGlasses|Defiant|KowtowCleave,SuckerPunch,SwordsDance,Protect|||F|||50|,,,,,Dark]Sneasler||FocusSash|PoisonTouch|DireClaw,CloseCombat,Coaching,Protect|||M|||50|,,,,,Stellar]Rillaboom||AssaultVest|GrassySurge|FakeOut,WoodHammer,GrassyGlide,HighHorsepower|||F|||50|,,,,,Fire]Volcarona||Leftovers|FlameBody|HeatWave,TeraBlast,QuiverDance,Protect|||F|||50|,,,,,Fairy]Electabuzz||Eviolite|VitalSpirit|Electroweb,FollowMe,Taunt,Protect|||F|||50|,,,,,Ghost
|showteam|p2|Ninetales-Alola||LifeOrb|SnowWarning|Blizzard,FreezeDry,IcyWind,Protect|||F|||50|,,,,,Ghost]Basculegion||ChoiceScarf|Adaptability|WaveCrash,LastRespects,FlipTurn,TeraBlast|||M|||50|,,,,,Fighting]Magmar||Eviolite|VitalSpirit|Taunt,HeatWave,FollowMe,Protect|||M|||50|,,,,,Water]Sneasler||FocusSash|PoisonTouch|CloseCombat,DireClaw,FakeOut,Protect|||M|||50|,,,,,Stellar]Rillaboom||AssaultVest|GrassySurge|WoodHammer,GrassyGlide,Uturn,FakeOut|||M|||50|,,,,,Water]Kingambit||BlackGlasses|Defiant|KowtowCleave,SuckerPunch,SwordsDance,Protect|||M|||50|,,,,,Fire
|
|t:|1757903438
|teamsize|p1|4
|teamsize|p2|4
|start
|switch|p1a: Volcarona|Volcarona, L50, F|100/100
|switch|p1b: Electabuzz|Electabuzz, L50, F|100/100
|switch|p2a: Kingambit|Kingambit, L50, M|100/100
|switch|p2b: Magmar|Magmar, L50, M|100/100
|turn|1
|
|t:|1757903462
|-terastallize|p2a: Kingambit|Fire
|move|p2b: Magmar|Follow Me|p2b: Magmar
|-singleturn|p2b: Magmar|move: Follow Me
|move|p1a: Volcarona|Quiver Dance|p1a: Volcarona
|-boost|p1a: Volcarona|spa|1
|-boost|p1a: Volcarona|spd|1
|-boost|p1a: Volcarona|spe|1
|move|p1b: Electabuzz|Taunt|p2b: Magmar
|-start|p2b: Magmar|move: Taunt
|move|p2a: Kingambit|Swords Dance|p2a: Kingambit
|-boost|p2a: Kingambit|atk|2
|
|upkeep
|turn|2
|
|t:|1757903478
|move|p1b: Electabuzz|Follow Me|p1b: Electabuzz
|-singleturn|p1b: Electabuzz|move: Follow Me
|move|p1a: Volcarona|Quiver Dance|p1a: Volcarona
|-boost|p1a: Volcarona|spa|1
|-boost|p1a: Volcarona|spd|1
|-boost|p1a: Volcarona|spe|1
|move|p2b: Magmar|Heat Wave|p1b: Electabuzz|[spread] p1a,p1b
|-damage|p1a: Volcarona|89/100
|-damage|p1b: Electabuzz|81/100
|move|p2a: Kingambit|Kowtow Cleave|p1b: Electabuzz
|-damage|p1b: Electabuzz|0 fnt
|faint|p1b: Electabuzz
|
|-heal|p1a: Volcarona|95/100|[from] item: Leftovers
|upkeep
|
|t:|1757903493
|switch|p1b: Dragonite|Dragonite, L50, F|100/100
|turn|3
|
|t:|1757903534
|-terastallize|p1a: Volcarona|Fairy
|move|p2a: Kingambit|Protect|p2a: Kingambit
|-singleturn|p2a: Kingambit|Protect
|move|p1a: Volcarona|Heat Wave|p2a: Kingambit|[spread] p2b
|-activate|p2a: Kingambit|move: Protect
|-resisted|p2b: Magmar
|-damage|p2b: Magmar|75/100
|move|p1b: Dragonite|Scale Shot|p2a: Kingambit
|-activate|p2a: Kingambit|move: Protect
|move|p2b: Magmar|Heat Wave|p1a: Volcarona|[spread] p1a
|-miss|p2b: Magmar|p1b: Dragonite
|-damage|p1a: Volcarona|85/100
|
|-heal|p1a: Volcarona|92/100|[from] item: Leftovers
|upkeep
|turn|4
|
|t:|1757903557
|move|p2a: Kingambit|Sucker Punch|p1b: Dragonite
|-damage|p1b: Dragonite|41/100
|move|p1a: Volcarona|Heat Wave|p2b: Magmar|[spread] p2a
|-miss|p1a: Volcarona|p2b: Magmar
|-resisted|p2a: Kingambit
|-damage|p2a: Kingambit|60/100
|move|p1b: Dragonite|Scale Shot|p2a: Kingambit
|-damage|p2a: Kingambit|48/100
|-damage|p2a: Kingambit|36/100
|-damage|p2a: Kingambit|25/100
|-damage|p2a: Kingambit|13/100
|-damage|p2a: Kingambit|0 fnt
|faint|p2a: Kingambit
|-hitcount|p2: Kingambit|5
|-unboost|p1b: Dragonite|def|1
|-boost|p1b: Dragonite|spe|1
|move|p2b: Magmar|Heat Wave|p1a: Volcarona|[spread] p1a,p1b
|-resisted|p1b: Dragonite
|-damage|p1a: Volcarona|80/100
|-damage|p1b: Dragonite|29/100
|
|-heal|p1a: Volcarona|86/100|[from] item: Leftovers
|-end|p2b: Magmar|move: Taunt
|upkeep
|
|t:|1757903568
|switch|p2a: Sneasler|Sneasler, L50, M|100/100
|turn|5
|
|t:|1757903585
|move|p1b: Dragonite|Extreme Speed|p2a: Sneasler
|-damage|p2a: Sneasler|50/100
|move|p2b: Magmar|Follow Me|p2b: Magmar
|-singleturn|p2b: Magmar|move: Follow Me
|move|p1a: Volcarona|Heat Wave|p2a: Sneasler|[spread] p2a,p2b
|-resisted|p2b: Magmar
|-damage|p2a: Sneasler|0 fnt
|-damage|p2b: Magmar|47/100
|faint|p2a: Sneasler
|
|-heal|p1a: Volcarona|93/100|[from] item: Leftovers
|upkeep
|
|t:|1757903592
|switch|p2a: Basculegion|Basculegion, L50, M|100/100
|turn|6
|
|t:|1757903603
|move|p2b: Magmar|Follow Me|p2b: Magmar
|-singleturn|p2b: Magmar|move: Follow Me
|move|p1a: Volcarona|Heat Wave|p2b: Magmar|[spread] p2a,p2b
|-resisted|p2a: Basculegion
|-resisted|p2b: Magmar
|-damage|p2a: Basculegion|59/100
|-damage|p2b: Magmar|18/100
|move|p1b: Dragonite|Scale Shot|p2b: Magmar
|-damage|p2b: Magmar|5/100
|-crit|p2b: Magmar
|-damage|p2b: Magmar|0 fnt
|faint|p2b: Magmar
|-hitcount|p2: Magmar|2
|-unboost|p1b: Dragonite|def|1
|-boost|p1b: Dragonite|spe|1
|move|p2a: Basculegion|Wave Crash|p1a: Volcarona
|-damage|p1a: Volcarona|1/100
|-damage|p2a: Basculegion|29/100|[from] Recoil
|
|-heal|p1a: Volcarona|7/100|[from] item: Leftovers
|upkeep
|turn|7
|inactive|Battle timer is ON: inactive players will automatically lose when time's up. (requested by TKOWL)
|-message|grindrextremist forfeited.
|
|win|TKOWL
|raw|TKOWL's rating: 1204 → 1227(+23 for winning)
|raw|grindrextremist's rating: 1175 → 1152(-23 for losing)
|l|☆grindrextremist
|player|p2|
|l|☆TKOWL
|player|p1|
|j|☆grindrextremist
|player|p2|grindrextremist|101|
