|j|☆lbifrostl
|j|☆Sapitoch 4
|html|lbifrostlSapitoch 4    
|uhtml|bestof|Game 1 of a best-of-3
|t:|1782323809
|gametype|doubles
|player|p1|lbifrostl|veteran|1100
|player|p2|Sapitoch 4|101|1164
|gen|9
|tier|[Gen 9 Champions] VGC 2026 Reg M-B (Bo3)
|rated|
|rule|Species Clause: Limit one of each Pokémon
|rule|Item Clause: Limit 1 of each item
|clearpoke
|poke|p1|Swampert, L50, F|
|poke|p1|Grimmsnarl, L50, M|
|poke|p1|Pelipper, L50, F|
|poke|p1|Archaludon, L50, M|
|poke|p1|Sinistcha, L50|
|poke|p1|Floette-Eternal, L50, F|
|poke|p2|Gengar, L50, M|
|poke|p2|Whimsicott, L50, F|
|poke|p2|Incineroar, L50, M|
|poke|p2|Dragonite, L50, F|
|poke|p2|Politoed, L50, F|
|poke|p2|Sneasler, L50, M|
|teampreview|4
|showteam|p1|Swampert||Swampertite|Torrent|HighHorsepower,WaveCrash,Protect,IcePunch|Jolly||F|||50|]Grimmsnarl||LightClay|Prankster|SpiritBreak,Reflect,LightScreen,PartingShot|Impish||M|||50|]Pelipper||DampRock|Drizzle|Tailwind,Hurricane,Protect,WeatherBall|Calm||F|||50|]Archaludon||Leftovers|Stamina|ElectroShot,DracoMeteor,Protect,FlashCannon|Bold||M|||50|]Sinistcha||SitrusBerry|Hospitality|RagePowder,MatchaGotcha,Protect,TrickRoom|Calm|||||50|]Floette-Eternal||Floettite|FlowerVeil|Moonblast,DazzlingGleam,Protect,CalmMind|Timid||F|||50|
|showteam|p2|Gengar||Gengarite|CursedBody|ShadowBall,SludgeBomb,Disable,Protect|Timid||M|||50|]Whimsicott||FocusSash|Prankster|Moonblast,EnergyBall,Tailwind,Encore|Bold||F|||50|]Incineroar||PasshoBerry|Intimidate|FakeOut,FlareBlitz,DarkestLariat,PartingShot|Jolly||M|||50|]Dragonite||DragonFang|Multiscale|DragonClaw,LowKick,Protect,ExtremeSpeed|Adamant||F|||50|]Politoed||MysticWater|Drizzle|WeatherBall,MuddyWater,Protect,Encore|Modest||F|||50|]Sneasler||WhiteHerb|Unburden|CloseCombat,FakeOut,Protect,DireClaw|Jolly||M|||50|
|
|t:|1782323858
|teamsize|p1|4
|teamsize|p2|4
|start
|switch|p1a: Pelipper|Pelipper, L50, F|100/100
|switch|p1b: Grimmsnarl|Grimmsnarl, L50, M|100/100
|switch|p2a: Whimsicott|Whimsicott, L50, F|100/100
|switch|p2b: Gengar|Gengar, L50, M|100/100
|-weather|RainDance|[from] ability: Drizzle|[of] p1a: Pelipper
|turn|1
|
|t:|1782323874
|detailschange|p2b: Gengar|Gengar-Mega, L50, M
|-mega|p2b: Gengar|Gengar|Gengarite
|move|p1b: Grimmsnarl|Light Screen|p1b: Grimmsnarl
|-sidestart|p1: lbifrostl|move: Light Screen
|move|p2b: Gengar|Sludge Bomb|p1a: Pelipper
|-damage|p1a: Pelipper|64/100
|move|p2a: Whimsicott|Moonblast|p1a: Pelipper
|-damage|p1a: Pelipper|46/100
|move|p1a: Pelipper|Hurricane|p2a: Whimsicott
|-supereffective|p2a: Whimsicott|1
|-damage|p2a: Whimsicott|5/100
|
|-weather|RainDance|[upkeep]
|upkeep
|turn|2
|
|t:|1782323910
|move|p1a: Pelipper|Protect|p1a: Pelipper
|-singleturn|p1a: Pelipper|Protect
|move|p2a: Whimsicott|Tailwind|p2a: Whimsicott
|-sidestart|p2: Sapitoch 4|move: Tailwind
|move|p1b: Grimmsnarl|Reflect|p1b: Grimmsnarl
|-sidestart|p1: lbifrostl|Reflect
|move|p2b: Gengar|Disable|p1a: Pelipper
|-activate|p1a: Pelipper|move: Protect
|
|-weather|RainDance|[upkeep]
|upkeep
|turn|3
|
|t:|1782323936
|move|p2a: Whimsicott|Encore|p1a: Pelipper
|-start|p1a: Pelipper|Encore
|move|p1a: Pelipper|Protect||[still]
|-fail|p1a: Pelipper
|move|p2b: Gengar|Disable|p1a: Pelipper
|-start|p1a: Pelipper|Disable|Protect
|move|p1b: Grimmsnarl|Spirit Break|p2a: Whimsicott
|-damage|p2a: Whimsicott|0 fnt
|faint|p2a: Whimsicott
|
|-weather|RainDance|[upkeep]
|upkeep
|
|t:|1782323943
|switch|p2a: Sneasler|Sneasler, L50, M|100/100
|turn|4
|
|t:|1782323955
|move|p1b: Grimmsnarl|Parting Shot|p2b: Gengar
|-unboost|p2b: Gengar|atk|1
|-unboost|p2b: Gengar|spa|1
|
|t:|1782323964
|switch|p1b: Swampert|Swampert, L50, F|100/100|[from] Parting Shot
|move|p2a: Sneasler|Dire Claw|p1b: Swampert
|-resisted|p1b: Swampert|1
|-damage|p1b: Swampert|83/100
|move|p2b: Gengar|Sludge Bomb|p1b: Swampert
|-resisted|p1b: Swampert|1
|-damage|p1b: Swampert|71/100
|-activate|p1a: Pelipper|move: Struggle
|move|p1a: Pelipper|Struggle|p2a: Sneasler
|-damage|p2a: Sneasler|89/100
|-damage|p1a: Pelipper|20/100y|[from] recoil
|
|-weather|RainDance|[upkeep]
|upkeep
|turn|5
|
|t:|1782323990
|detailschange|p1b: Swampert|Swampert-Mega, L50, F
|-mega|p1b: Swampert|Swampert|Swampertite
|move|p2a: Sneasler|Protect|p2a: Sneasler
|-singleturn|p2a: Sneasler|Protect
|move|p2b: Gengar|Protect|p2b: Gengar
|-singleturn|p2b: Gengar|Protect
|move|p1b: Swampert|High Horsepower|p2a: Sneasler
|-activate|p2a: Sneasler|move: Protect
|-activate|p1a: Pelipper|move: Struggle
|move|p1a: Pelipper|Struggle|p2b: Gengar
|-activate|p2b: Gengar|move: Protect
|
|-weather|RainDance|[upkeep]
|-end|p1a: Pelipper|Encore
|-sideend|p2: Sapitoch 4|move: Tailwind
|upkeep
|turn|6
|
|t:|1782324033
|switch|p2a: Incineroar|Incineroar, L50, M|100/100
|-ability|p2a: Incineroar|Intimidate|boost
|-unboost|p1a: Pelipper|atk|1
|-unboost|p1b: Swampert|atk|1
|move|p1b: Swampert|High Horsepower|p2a: Incineroar
|-supereffective|p2a: Incineroar|1
|-crit|p2a: Incineroar
|-damage|p2a: Incineroar|0 fnt
|faint|p2a: Incineroar
|move|p2b: Gengar|Sludge Bomb|p1a: Pelipper
|-damage|p1a: Pelipper|0 fnt
|faint|p1a: Pelipper
|
|-weather|RainDance|[upkeep]
|upkeep
|
|t:|1782324049
|switch|p2a: Sneasler|Sneasler, L50, M|89/100
|switch|p1a: Sinistcha|Sinistcha, L50|100/100
|-heal|p1b: Swampert|96/100|[from] ability: Hospitality|[of] p1a: Sinistcha
|turn|7
|-message|Sapitoch 4 forfeited.
|
|win|lbifrostl
