|j|â˜†MuppetsChristmas
|j|â˜†Lewis94
|html|MuppetsChristmasLewis94    
|uhtml|bestof|Game 2 of a best-of-3
|t:|1756224151
|gametype|doubles
|player|p1|MuppetsChristmas|pokemonbreederf-gen4|1132
|player|p2|Lewis94|ethan-gen2|1188
|gen|9
|tier|[Gen 9] VGC 2025 Reg H (Bo3)
|rated|
|rule|Species Clause: Limit one of each PokÃ©mon
|rule|Item Clause: Limit 1 of each item
|clearpoke
|poke|p1|Gholdengo, L50|
|poke|p1|Rillaboom, L50, M|
|poke|p1|Arcanine-Hisui, L50, F|
|poke|p1|Sneasler, L50, M|
|poke|p1|Dragonite, L50, F|
|poke|p1|Ninetales-Alola, L50, M|
|poke|p2|Garchomp, L50, F|
|poke|p2|Whimsicott, L50, F|
|poke|p2|Dragonite, L50, F|
|poke|p2|Typhlosion-Hisui, L50, M|
|poke|p2|Torkoal, L50, F|
|poke|p2|Kingambit, L50, F|
|teampreview|4
|showteam|p1|Gholdengo||GrassySeed|GoodasGold|MakeItRain,NastyPlot,ShadowBall,Protect||||||50|,,,,,Water]Rillaboom||AssaultVest|GrassySurge|FakeOut,GrassyGlide,WoodHammer,Uturn|||M|||50|,,,,,Fire]Arcanine-Hisui||ClearAmulet|Intimidate|RockSlide,FlareBlitz,ExtremeSpeed,Protect|||F|||50|,,,,,Water]Sneasler||FocusSash|Unburden|CloseCombat,DireClaw,Coaching,Protect|||M|||50|,,,,,Stellar]Dragonite||LoadedDice|Multiscale|ScaleShot,StompingTantrum,Protect,Tailwind|||F|||50|,,,,,Ground]Ninetales-Alola||CovertCloak|SnowWarning|Blizzard,IcyWind,AuroraVeil,Encore|||M|||50|,,,,,Ice
|showteam|p2|Garchomp||LifeOrb|RoughSkin|DragonClaw,StompingTantrum,Earthquake,Protect|||F|||50|,,,,,Ground]Whimsicott||CovertCloak|Prankster|Tailwind,SunnyDay,Moonblast,Encore|||F|||50|,,,,,Dark]Dragonite||LoadedDice|Multiscale|ExtremeSpeed,ScaleShot,IceSpinner,Protect|||F|||50|,,,,,Normal]Typhlosion-Hisui||ChoiceSpecs|Blaze|Eruption,ShadowBall,HeatWave,Protect|||M|||50|,,,,,Fire]Torkoal||EjectPack|Drought|Overheat,Eruption,HelpingHand,Protect|||F|||50|,,,,,Flying]Kingambit||AssaultVest|Defiant|IronHead,Assurance,SuckerPunch,LowKick|||F|||50|,,,,,Flying
|inactive|Battle timer is ON: inactive players will automatically lose when time's up. (requested by Lewis94)
|l|â˜†MuppetsChristmas
|inactive|MuppetsChristmas disconnected and has a minute to reconnect!
|player|p1|
|
|t:|1756224171
|teamsize|p1|4
|teamsize|p2|4
|start
|switch|p1a: Rocky Road|Sneasler, L50, M|100/100
|switch|p1b: BrewingStorm|Dragonite, L50, F|100/100
|switch|p2a: Whimsicott|Whimsicott, L50, F|100/100
|switch|p2b: Garchomp|Garchomp, L50, F|100/100
|turn|1
|j|â˜†MuppetsChristmas
|inactive|MuppetsChristmas reconnected and has 50 seconds left.
|player|p1|MuppetsChristmas|pokemonbreederf-gen4|
|inactive|Lewis94 has 30 seconds left.
|
|t:|1756224200
|move|p1a: Rocky Road|Dire Claw|p2a: Whimsicott
|-supereffective|p2a: Whimsicott
|-damage|p2a: Whimsicott|0 fnt
|faint|p2a: Whimsicott
|move|p2b: Garchomp|Stomping Tantrum|p1a: Rocky Road
|-supereffective|p1a: Rocky Road
|-enditem|p1a: Rocky Road|Focus Sash
|-damage|p1a: Rocky Road|1/100
|-damage|p2b: Garchomp|91/100|[from] item: Life Orb
|move|p1b: BrewingStorm|Tailwind|p1b: BrewingStorm
|-sidestart|p1: MuppetsChristmas|move: Tailwind
|
|upkeep
|
|t:|1756224215
|switch|p2a: Dragonite|Dragonite, L50, F|100/100
|turn|2
|inactive|Lewis94 has 30 seconds left.
|
|t:|1756224244
|switch|p1a: Linger|Ninetales-Alola, L50, M|100/100
|-weather|Snowscape|[from] ability: Snow Warning|[of] p1a: Linger
|-terastallize|p2a: Dragonite|Normal
|move|p1b: BrewingStorm|Scale Shot|p2b: Garchomp
|-supereffective|p2b: Garchomp
|-damage|p2b: Garchomp|61/100
|-supereffective|p2b: Garchomp
|-damage|p2b: Garchomp|27/100
|-supereffective|p2b: Garchomp
|-damage|p2b: Garchomp|0 fnt
|faint|p2b: Garchomp
|-hitcount|p2: Garchomp|3
|-unboost|p1b: BrewingStorm|def|1
|-boost|p1b: BrewingStorm|spe|1
|move|p2a: Dragonite|Scale Shot|p1b: BrewingStorm
|-supereffective|p1b: BrewingStorm
|-damage|p1b: BrewingStorm|75/100
|-supereffective|p1b: BrewingStorm
|-damage|p1b: BrewingStorm|31/100
|-supereffective|p1b: BrewingStorm
|-damage|p1b: BrewingStorm|0 fnt
|faint|p1b: BrewingStorm
|-hitcount|p1: BrewingStorm|3
|-unboost|p2a: Dragonite|def|1
|-boost|p2a: Dragonite|spe|1
|
|-weather|Snowscape|[upkeep]
|upkeep
|
|t:|1756224267
|switch|p2b: Typhlosion|Typhlosion-Hisui, L50, M|100/100
|switch|p1b: Dearg Doom|Arcanine-Hisui, L50, F|100/100
|-ability|p1b: Dearg Doom|Intimidate|boost
|-unboost|p2a: Dragonite|atk|1
|-unboost|p2b: Typhlosion|atk|1
|turn|3
|
|t:|1756224288
|move|p1a: Linger|Blizzard|p2b: Typhlosion|[spread] p2a,p2b
|-resisted|p2b: Typhlosion
|-damage|p2a: Dragonite|83/100
|-damage|p2b: Typhlosion|81/100
|move|p1b: Dearg Doom|Rock Slide|p2b: Typhlosion|[spread] p2b
|-miss|p1b: Dearg Doom|p2a: Dragonite
|-supereffective|p2b: Typhlosion
|-damage|p2b: Typhlosion|3/100
|move|p2a: Dragonite|Scale Shot|p1b: Dearg Doom
|-damage|p1b: Dearg Doom|88/100
|-damage|p1b: Dearg Doom|76/100
|-damage|p1b: Dearg Doom|64/100
|-damage|p1b: Dearg Doom|51/100
|-hitcount|p1b: Dearg Doom|4
|-unboost|p2a: Dragonite|def|1
|-boost|p2a: Dragonite|spe|1
|move|p2b: Typhlosion|Heat Wave|p1a: Linger|[spread] p1a,p1b
|-supereffective|p1a: Linger
|-crit|p1a: Linger
|-resisted|p1b: Dearg Doom
|-damage|p1a: Linger|0 fnt
|-damage|p1b: Dearg Doom|27/100
|faint|p1a: Linger
|
|-weather|Snowscape|[upkeep]
|upkeep
|
|t:|1756224292
|switch|p1a: Rocky Road|Sneasler, L50, M|1/100
|turn|4
|inactive|Lewis94 has 30 seconds left.
|inactive|Lewis94 has 20 seconds left.
|
|t:|1756224331
|move|p2a: Dragonite|Extreme Speed|p1a: Rocky Road
|-damage|p1a: Rocky Road|0 fnt
|faint|p1a: Rocky Road
|move|p1b: Dearg Doom|Rock Slide|p2a: Dragonite|[spread] p2a,p2b
|-supereffective|p2b: Typhlosion
|-damage|p2a: Dragonite|23/100
|-damage|p2b: Typhlosion|0 fnt
|faint|p2b: Typhlosion
|
|-weather|Snowscape|[upkeep]
|-sideend|p1: MuppetsChristmas|move: Tailwind
|upkeep
|turn|5
|
|t:|1756224343
|move|p1b: Dearg Doom|Extreme Speed|p2a: Dragonite
|-damage|p2a: Dragonite|0 fnt
|faint|p2a: Dragonite
|
|win|MuppetsChristmas
|raw|MuppetsChristmas's rating: 1132 → 1161(+29 for winning)
|raw|Lewis94's rating: 1188 → 1159(-29 for losing)
|c|â˜†MuppetsChristmas|Gg
|c|â˜†Lewis94|ggs
|l|â˜†MuppetsChristmas
|player|p1|
