|j|☆Nonna_Cesarina
|j|☆Daniw9
|html|Nonna_CesarinaDaniw9    
|uhtml|bestof|Game 1 of a best-of-3
|t:|1756459231
|gametype|doubles
|player|p1|Nonna_Cesarina|swimmer|1274
|player|p2|Daniw9|101|1170
|gen|9
|tier|[Gen 9] VGC 2025 Reg H (Bo3)
|rated|
|rule|Species Clause: Limit one of each Pokémon
|rule|Item Clause: Limit 1 of each item
|clearpoke
|poke|p1|Indeedee-F, L50, F|
|poke|p1|Hatterene, L50, F|
|poke|p1|Gallade, L50, M|
|poke|p1|Ursaluna, L50, M|
|poke|p1|Torkoal, L50, M|
|poke|p1|Charizard, L50, F|
|poke|p2|Garchomp, L50, M|
|poke|p2|Tyranitar, L50, F|
|poke|p2|Delphox, L50, M|
|poke|p2|Indeedee-F, L50, F|
|poke|p2|Gallade, L50, M|
|poke|p2|Whimsicott, L50, F|
|teampreview|4
|showteam|p1|Indeedee-F||PsychicSeed|PsychicSurge|TrickRoom,FollowMe,HelpingHand,Psychic|||F|||50|,,,,,Grass]Hatterene||LifeOrb|MagicBounce|ExpandingForce,TrickRoom,DazzlingGleam,Protect|||F|||50|,,,,,Fire]Gallade||ClearAmulet|Sharpness|PsychoCut,TrickRoom,SacredSword,WideGuard|||M|||50|,,,,,Grass]Ursaluna||FlameOrb|Guts|HeadlongRush,Facade,Earthquake,Protect|||M|||50|,,,,,Ghost]Torkoal||Charcoal|Drought|Eruption,HeatWave,WeatherBall,HelpingHand|||M|||50|,,,,,Fire]Charizard||ChoiceScarf|SolarPower|HeatWave,Overheat,AirSlash,DragonPulse|||F|||50|,,,,,Fire
|showteam|p2|Garchomp||LifeOrb|SandVeil|Earthquake,StompingTantrum,Protect,DragonClaw|||M|||50|,,,,,Steel]Tyranitar||AssaultVest|SandStream|RockSlide,TeraBlast,KnockOff,LowKick|||F|||50|,,,,,Flying]Delphox||PsychicSeed|Magician|ExpandingForce,HeatWave,TeraBlast,Protect|||M|||50|,,,,,Fairy]Indeedee-F||SafetyGoggles|PsychicSurge|DazzlingGleam,TrickRoom,FollowMe,HelpingHand|||F|||50|,,,,,Water]Gallade||ClearAmulet|Sharpness|SacredSword,PsychoCut,TrickRoom,Protect|||M|||50|,,,,,Grass]Whimsicott||CovertCloak|Prankster|Moonblast,Tailwind,Encore,Protect|||F|||50|,,,,,Ghost
|inactive|Battle timer is ON: inactive players will automatically lose when time's up. (requested by Nonna_Cesarina)
|
|t:|1756459266
|teamsize|p1|4
|teamsize|p2|4
|start
|switch|p1a: Charizard|Charizard, L50, F|100/100
|switch|p1b: Gallade|Gallade, L50, M|100/100
|switch|p2a: Delphox|Delphox, L50, M|100/100
|switch|p2b: Indeedee|Indeedee-F, L50, F|100/100
|-fieldstart|move: Psychic Terrain|[from] ability: Psychic Surge|[of] p2b: Indeedee
|-enditem|p2a: Delphox|Psychic Seed
|-boost|p2a: Delphox|spd|1|[from] item: Psychic Seed
|turn|1
|inactive|Nonna_Cesarina has 30 seconds left.
|inactive|Daniw9 has 30 seconds left.
|inactive|Nonna_Cesarina has 20 seconds left.
|
|t:|1756459302
|-terastallize|p2a: Delphox|Fairy
|move|p2b: Indeedee|Helping Hand|p2a: Delphox
|-singleturn|p2a: Delphox|Helping Hand|[of] p2b: Indeedee
|move|p1b: Gallade|Wide Guard|p1b: Gallade
|-singleturn|p1b: Gallade|Wide Guard
|move|p1a: Charizard|Heat Wave|p2a: Delphox|[spread] p2a,p2b
|-damage|p2a: Delphox|74/100
|-damage|p2b: Indeedee|66/100
|move|p2a: Delphox|Tera Blast|p1b: Gallade|[anim] Tera Blast Fairy
|-supereffective|p1b: Gallade
|-damage|p1b: Gallade|0 fnt
|faint|p1b: Gallade
|-item|p2a: Delphox|Clear Amulet|[from] ability: Magician|[of] p1: Gallade
|
|upkeep
|
|t:|1756459321
|switch|p1b: Torkoal|Torkoal, L50, M|100/100
|-weather|SunnyDay|[from] ability: Drought|[of] p1b: Torkoal
|turn|2
|
|t:|1756459328
|switch|p2b: Tyranitar|Tyranitar, L50, F|100/100
|-weather|Sandstorm|[from] ability: Sand Stream|[of] p2b: Tyranitar
|-terastallize|p1a: Charizard|Fire
|move|p1b: Torkoal|Helping Hand|p1a: Charizard
|-singleturn|p1a: Charizard|Helping Hand|[of] p1b: Torkoal
|move|p1a: Charizard|Heat Wave|p2b: Tyranitar|[spread] p2a,p2b
|-resisted|p2b: Tyranitar
|-damage|p2a: Delphox|22/100
|-damage|p2b: Tyranitar|86/100
|move|p2a: Delphox|Expanding Force|p1b: Torkoal|[spread] p1a,p1b
|-damage|p1a: Charizard|20/100
|-damage|p1b: Torkoal|24/100
|
|-weather|Sandstorm|[upkeep]
|-damage|p1a: Charizard|14/100|[from] Sandstorm
|-damage|p2a: Delphox|16/100|[from] Sandstorm
|-damage|p1b: Torkoal|18/100|[from] Sandstorm
|upkeep
|turn|3
|
|t:|1756459344
|switch|p2a: Garchomp|Garchomp, L50, M|100/100
|switch|p1b: Indeedee|Indeedee-F, L50, F|100/100
|-enditem|p1b: Indeedee|Psychic Seed
|-boost|p1b: Indeedee|spd|1|[from] item: Psychic Seed
|move|p1a: Charizard|Heat Wave|p2b: Tyranitar|[spread] p2a,p2b
|-resisted|p2a: Garchomp
|-resisted|p2b: Tyranitar
|-damage|p2a: Garchomp|75/100
|-damage|p2b: Tyranitar|76/100
|-status|p2a: Garchomp|brn
|move|p2b: Tyranitar|Rock Slide|p1a: Charizard|[spread] p1a,p1b
|-supereffective|p1a: Charizard
|-damage|p1a: Charizard|0 fnt
|-damage|p1b: Indeedee|70/100
|faint|p1a: Charizard
|
|-weather|Sandstorm|[upkeep]
|-damage|p1b: Indeedee|64/100|[from] Sandstorm
|-damage|p2a: Garchomp|69/100 brn|[from] brn
|upkeep
|
|t:|1756459349
|switch|p1a: Torkoal|Torkoal, L50, M|18/100
|-weather|SunnyDay|[from] ability: Drought|[of] p1a: Torkoal
|turn|4
|
|t:|1756459369
|move|p2a: Garchomp|Stomping Tantrum|p1b: Indeedee
|-damage|p1b: Indeedee|36/100
|-damage|p2a: Garchomp|59/100 brn|[from] item: Life Orb
|move|p2b: Tyranitar|Knock Off|p1b: Indeedee
|-supereffective|p1b: Indeedee
|-damage|p1b: Indeedee|0 fnt
|faint|p1b: Indeedee
|move|p1a: Torkoal|Heat Wave|p2a: Garchomp|[spread] p2a,p2b
|-resisted|p2a: Garchomp
|-resisted|p2b: Tyranitar
|-damage|p2a: Garchomp|30/100 brn
|-damage|p2b: Tyranitar|60/100
|
|-weather|SunnyDay|[upkeep]
|-damage|p2a: Garchomp|24/100 brn|[from] brn
|upkeep
|turn|5
|
|t:|1756459382
|move|p2a: Garchomp|Stomping Tantrum|p1a: Torkoal
|-supereffective|p1a: Torkoal
|-damage|p1a: Torkoal|0 fnt
|faint|p1a: Torkoal
|-damage|p2a: Garchomp|14/100 brn|[from] item: Life Orb
|
|win|Daniw9
||Daniw9 is ready for game 2.
||Nonna_Cesarina is ready for game 2.
|uhtml|next|Next: Game 2 of 3
|l|☆Nonna_Cesarina
|player|p1|
