|j|☆KodeBeast0526
|j|☆sarcozo
|html|KodeBeast0526sarcozo    
|uhtml|bestof|Game 1 of a best-of-3
|t:|1783530736
|gametype|doubles
|player|p1|KodeBeast0526|hiker|1178
|player|p2|sarcozo|265|1118
|gen|9
|tier|[Gen 9 Champions] VGC 2026 Reg M-B (Bo3)
|rated|
|rule|Species Clause: Limit one of each Pokémon
|rule|Item Clause: Limit 1 of each item
|clearpoke
|poke|p1|Garchomp, L50, M, shiny|
|poke|p1|Staraptor, L50, F, shiny|
|poke|p1|Whimsicott, L50, M, shiny|
|poke|p1|Incineroar, L50, M, shiny|
|poke|p1|Gholdengo, L50|
|poke|p1|Zoroark-Hisui, L50, F|
|poke|p2|Floette-Eternal, L50, F|
|poke|p2|Incineroar, L50, M|
|poke|p2|Kingambit, L50, F|
|poke|p2|Sneasler, L50, F|
|poke|p2|Sinistcha, L50|
|poke|p2|Delphox, L50, F|
|teampreview|4
|showteam|p1|Garchomp||LifeOrb|RoughSkin|Earthquake,Protect,RockSlide,DragonClaw|Adamant||M|||50|]Staraptor||Staraptite|Intimidate|BraveBird,CloseCombat,Roost,Protect|Jolly||F|||50|]Whimsicott||FocusSash|Prankster|Moonblast,Tailwind,Tickle,FakeTears|Timid||M|||50|]Incineroar||SitrusBerry|Intimidate|FakeOut,PartingShot,FlareBlitz,DarkestLariat|Impish||M|||50|]Gholdengo||WiseGlasses|GoodasGold|Protect,ShadowBall,MakeItRain,NastyPlot|Modest|||||50|]Zoroark-Hisui||ChoiceScarf|Illusion|IcyWind,HyperVoice,BitterMalice,Psychic|Timid||F|||50|
|showteam|p2|Floette-Eternal||Floettite|FlowerVeil|Moonblast,DazzlingGleam,CalmMind,Protect|Timid||F|||50|]Incineroar||SitrusBerry|Intimidate|FakeOut,FlareBlitz,HelpingHand,PartingShot|Careful||M|||50|]Kingambit||BlackGlasses|Defiant|SwordsDance,KowtowCleave,SuckerPunch,Protect|Adamant||F|||50|]Sneasler||FocusSash|PoisonTouch|FakeOut,DireClaw,CloseCombat,QuickGuard|Jolly||F|||50|]Sinistcha||OccaBerry|Hospitality|TrickRoom,MatchaGotcha,RagePowder,Protect|Relaxed|||||50|]Delphox||Delphoxite|Blaze|NastyPlot,HeatWave,Psychic,Protect|Timid||F|||50|
|inactive|Battle timer is ON: inactive players will automatically lose when time's up. (requested by KodeBeast0526)
|
|t:|1783530774
|teamsize|p1|4
|teamsize|p2|4
|start
|switch|p1a: Gholdengo|Gholdengo, L50|100/100
|switch|p1b: Whimsicott|Whimsicott, L50, M, shiny|100/100
|switch|p2a: Incineroar|Incineroar, L50, M|100/100
|switch|p2b: Floette|Floette-Eternal, L50, F|100/100
|-ability|p2a: Incineroar|Intimidate|boost
|-unboost|p1a: Gholdengo|atk|1
|-unboost|p1b: Whimsicott|atk|1
|turn|1
|inactive|sarcozo has 30 seconds left.
|
|t:|1783530805
|switch|p2b: Kingambit|Kingambit, L50, F|100/100
|move|p1b: Whimsicott|Hyper Voice|p2a: Incineroar|[spread] p2a,p2b
|-resisted|p2b: Kingambit|1
|-damage|p2a: Incineroar|75/100
|-damage|p2b: Kingambit|83/100
|move|p1a: Gholdengo|Make It Rain|p2a: Incineroar|[spread] p2a,p2b
|-resisted|p2a: Incineroar|1
|-resisted|p2b: Kingambit|1
|-damage|p2a: Incineroar|57/100
|-damage|p2b: Kingambit|56/100
|-unboost|p1a: Gholdengo|spa|2
|move|p2a: Incineroar|Flare Blitz|p1a: Gholdengo
|-supereffective|p1a: Gholdengo|1
|-damage|p1a: Gholdengo|17/100
|-damage|p2a: Incineroar|32/100|[from] Recoil
|-enditem|p2a: Incineroar|Sitrus Berry|[eat]
|-heal|p2a: Incineroar|57/100|[from] item: Sitrus Berry
|
|upkeep
|turn|2
|inactive|sarcozo has 30 seconds left.
|
|t:|1783530834
|switch|p1a: Whimsicott|Whimsicott, L50, M, shiny|100/100
|move|p1b: Whimsicott|Hyper Voice|p2b: Kingambit|[spread] p2a,p2b
|-resisted|p2b: Kingambit|1
|-damage|p2a: Incineroar|32/100
|-damage|p2b: Kingambit|40/100
|move|p2a: Incineroar|Parting Shot|p1b: Whimsicott
|-unboost|p1b: Whimsicott|atk|1
|-unboost|p1b: Whimsicott|spa|1
|
|t:|1783530843
|switch|p2a: Sinistcha|Sinistcha, L50|100/100|[from] Parting Shot
|-heal|p2b: Kingambit|64/100|[from] ability: Hospitality|[of] p2a: Sinistcha
|move|p2b: Kingambit|Swords Dance|p2b: Kingambit
|-boost|p2b: Kingambit|atk|2
|
|upkeep
|turn|3
|
|t:|1783530865
|move|p1a: Whimsicott|Tailwind|p1a: Whimsicott
|-sidestart|p1: KodeBeast0526|move: Tailwind
|move|p1b: Whimsicott|Hyper Voice|p2a: Sinistcha|[spread] p2b
|-immune|p2a: Sinistcha
|-resisted|p2b: Kingambit|1
|-damage|p2b: Kingambit|54/100
|move|p2b: Kingambit|Kowtow Cleave|p1b: Whimsicott
|-supereffective|p1b: Whimsicott|1
|-damage|p1b: Whimsicott|0 fnt
|replace|p1b: Zoroark|Zoroark-Hisui, L50, F
|-end|p1b: Zoroark|Illusion
|faint|p1b: Zoroark
|move|p2a: Sinistcha|Trick Room|p2a: Sinistcha
|-fieldstart|move: Trick Room|[of] p2a: Sinistcha
|
|upkeep
|
|t:|1783530873
|switch|p1b: Staraptor|Staraptor, L50, F, shiny|100/100
|-ability|p1b: Staraptor|Intimidate|boost
|-unboost|p2a: Sinistcha|atk|1
|-unboost|p2b: Kingambit|atk|1
|-ability|p2b: Kingambit|Defiant|boost
|-boost|p2b: Kingambit|atk|2
|turn|4
|
|t:|1783530893
|switch|p2a: Incineroar|Incineroar, L50, M|32/100
|-ability|p2a: Incineroar|Intimidate|boost
|-unboost|p1a: Whimsicott|atk|1
|-unboost|p1b: Staraptor|atk|1
|detailschange|p1b: Staraptor|Staraptor-Mega, L50, F, shiny
|-mega|p1b: Staraptor|Staraptor|Staraptite
|move|p1a: Whimsicott|Tickle|p1b: Staraptor
|-boost|p1b: Staraptor|atk|1
|-boost|p1b: Staraptor|def|1
|move|p2b: Kingambit|Kowtow Cleave|p1b: Staraptor
|-resisted|p1b: Staraptor|1
|-damage|p1b: Staraptor|42/100
|move|p1b: Staraptor|Close Combat|p2b: Kingambit
|-supereffective|p2b: Kingambit|2
|-damage|p2b: Kingambit|0 fnt
|-boost|p1b: Staraptor|def|1
|-boost|p1b: Staraptor|spd|1
|faint|p2b: Kingambit
|
|upkeep
|
|t:|1783530905
|switch|p2b: Sinistcha|Sinistcha, L50|100/100
|-heal|p2a: Incineroar|56/100|[from] ability: Hospitality|[of] p2b: Sinistcha
|turn|5
|inactive|sarcozo has 30 seconds left.
|inactive|sarcozo has 20 seconds left.
|
|t:|1783530942
|move|p1a: Whimsicott|Tickle|p1b: Staraptor
|-boost|p1b: Staraptor|atk|1
|-boost|p1b: Staraptor|def|1
|move|p2a: Incineroar|Flare Blitz|p1a: Whimsicott
|-supereffective|p1a: Whimsicott|1
|-enditem|p1a: Whimsicott|Focus Sash
|-damage|p1a: Whimsicott|1/100
|-damage|p2a: Incineroar|34/100|[from] Recoil
|move|p2b: Sinistcha|Matcha Gotcha|p1a: Whimsicott|[spread] p1a,p1b
|-resisted|p1a: Whimsicott|1
|-resisted|p1b: Staraptor|1
|-damage|p1a: Whimsicott|0 fnt
|-damage|p1b: Staraptor|33/100
|faint|p1a: Whimsicott
|move|p1b: Staraptor|Roost|p1b: Staraptor
|-heal|p1b: Staraptor|83/100
|-singleturn|p1b: Staraptor|move: Roost
|
|upkeep
|
|t:|1783530949
|switch|p1a: Gholdengo|Gholdengo, L50|17/100
|turn|6
|
|t:|1783530961
|move|p1a: Gholdengo|Protect|p1a: Gholdengo
|-singleturn|p1a: Gholdengo|Protect
|move|p2b: Sinistcha|Rage Powder|p2b: Sinistcha
|-singleturn|p2b: Sinistcha|move: Rage Powder
|move|p2a: Incineroar|Flare Blitz|p1a: Gholdengo
|-activate|p1a: Gholdengo|move: Protect
|move|p1b: Staraptor|Close Combat|p2b: Sinistcha
|-immune|p2b: Sinistcha
|
|-sideend|p1: KodeBeast0526|move: Tailwind
|upkeep
|turn|7
|
|t:|1783530977
|move|p2b: Sinistcha|Protect|p2b: Sinistcha
|-singleturn|p2b: Sinistcha|Protect
|move|p1a: Gholdengo|Protect||[still]
|-fail|p1a: Gholdengo
|move|p2a: Incineroar|Flare Blitz|p1a: Gholdengo
|-supereffective|p1a: Gholdengo|1
|-damage|p1a: Gholdengo|0 fnt
|faint|p1a: Gholdengo
|-damage|p2a: Incineroar|29/100|[from] Recoil
|move|p1b: Staraptor|Brave Bird|p2b: Sinistcha
|-activate|p2b: Sinistcha|move: Protect
|
|-fieldend|move: Trick Room
|upkeep
|turn|8
|inactive|sarcozo has 30 seconds left.
|
|t:|1783531008
|move|p1b: Staraptor|Brave Bird|p2b: Sinistcha
|-supereffective|p2b: Sinistcha|1
|-damage|p2b: Sinistcha|0 fnt
|faint|p2b: Sinistcha
|-damage|p1b: Staraptor|47/100|[from] Recoil
|move|p2a: Incineroar|Flare Blitz|p1b: Staraptor
|-damage|p1b: Staraptor|27/100
|-damage|p2a: Incineroar|23/100|[from] Recoil
|
|upkeep
|
|t:|1783531018
|switch|p2b: Floette|Floette-Eternal, L50, F|100/100
|turn|9
|
|t:|1783531027
|detailschange|p2b: Floette|Floette-Mega, L50, F
|-mega|p2b: Floette|Floette|Floettite
|-ability|p2b: Floette|Fairy Aura
|move|p1b: Staraptor|Brave Bird|p2b: Floette
|-damage|p2b: Floette|0 fnt
|faint|p2b: Floette
|-damage|p1b: Staraptor|0 fnt|[from] Recoil
|faint|p1b: Staraptor
|
|win|sarcozo
