|j|☆tauruster
|j|☆thebeast4895
|html|taurusterthebeast4895    
|uhtml|bestof|Game 1 of a best-of-3
|t:|1784663047
|gametype|doubles
|player|p1|tauruster|battlegirl-gen4|1105
|player|p2|thebeast4895|102|1183
|gen|9
|tier|[Gen 9 Champions] VGC 2026 Reg M-B (Bo3)
|rated|
|rule|Species Clause: Limit one of each Pokémon
|rule|Item Clause: Limit 1 of each item
|clearpoke
|poke|p1|Farigiraf, L50, F|
|poke|p1|Incineroar, L50, M|
|poke|p1|Whimsicott, L50, M|
|poke|p1|Charizard, L50, M|
|poke|p1|Kommo-o, L50, F|
|poke|p1|Mawile, L50, M|
|poke|p2|Whimsicott, L50, F|
|poke|p2|Houndoom, L50, M|
|poke|p2|Farigiraf, L50, M|
|poke|p2|Floette-Eternal, L50, F|
|poke|p2|Annihilape, L50, F, shiny|
|poke|p2|Sinistcha, L50, shiny|
|teampreview|4
|showteam|p1|Farigiraf||SitrusBerry|ArmorTail|Psychic,Thunderbolt,TrickRoom,HelpingHand|Calm||F|||50|]Incineroar||Charcoal|Intimidate|FakeOut,FlareBlitz,ThroatChop,PartingShot|Adamant||M|||50|]Whimsicott||FocusSash|Prankster|Moonblast,Tailwind,Encore,Protect|Timid||M|||50|]Charizard||CharizarditeY|Blaze|HeatWave,WeatherBall,Protect,SolarBeam|Modest||M|||50|]Kommo-o||LifeOrb|Soundproof|ClangingScales,AuraSphere,DracoMeteor,Protect|Modest||F|||50|]Mawile||Mawilite|Intimidate|PlayRough,IronHead,SuckerPunch,Protect|Adamant||M|||50|
|showteam|p2|Whimsicott||FocusSash|Prankster|FakeTears,Moonblast,Tailwind,SunnyDay|Timid||F|||50|]Houndoom||Houndoominite|FlashFire|Protect,NastyPlot,DarkPulse,HeatWave|Timid||M|||50|]Farigiraf||ColburBerry|ArmorTail|Protect,Psychic,Imprison,TrickRoom|Bold||M|||50|]Floette-Eternal||Floettite|FlowerVeil|Protect,DazzlingGleam,LightofRuin,Moonblast|Modest||F|||50|]Annihilape||SitrusBerry|Defiant|Protect,RageFist,DrainPunch,BulkUp|Adamant||F|||50|]Sinistcha||KasibBerry|Hospitality|Protect,MatchaGotcha,RagePowder,TrickRoom|Modest|||||50|
|inactive|Battle timer is ON: inactive players will automatically lose when time's up. (requested by tauruster)
|
|t:|1784663082
|teamsize|p1|4
|teamsize|p2|4
|start
|switch|p1a: Farigiraf|Farigiraf, L50, F|100/100
|switch|p1b: Incineroar|Incineroar, L50, M|100/100
|switch|p2a: Annihilape|Annihilape, L50, F, shiny|100/100
|switch|p2b: Farigiraf|Farigiraf, L50, M|100/100
|-ability|p1b: Incineroar|Intimidate|boost
|-unboost|p2a: Annihilape|atk|1
|-ability|p2a: Annihilape|Defiant|boost
|-boost|p2a: Annihilape|atk|2
|-unboost|p2b: Farigiraf|atk|1
|turn|1
|
|t:|1784663100
|move|p2a: Annihilape|Drain Punch|p1b: Incineroar
|-supereffective|p1b: Incineroar|1
|-damage|p1b: Incineroar|0 fnt
|faint|p1b: Incineroar
|move|p1a: Farigiraf|Psychic|p2a: Annihilape
|-supereffective|p2a: Annihilape|1
|-crit|p2a: Annihilape
|-damage|p2a: Annihilape|5/100
|-enditem|p2a: Annihilape|Sitrus Berry|[eat]
|-heal|p2a: Annihilape|29/100|[from] item: Sitrus Berry
|move|p2b: Farigiraf|Imprison|p2b: Farigiraf
|-start|p2b: Farigiraf|move: Imprison
|
|upkeep
|
|t:|1784663113
|switch|p1b: Kommo-o|Kommo-o, L50, F|100/100
|turn|2
|c|☆thebeast4895|oy just crit the shit outta it ey
|inactive|thebeast4895 has 30 seconds left.
|inactive|thebeast4895 has 20 seconds left.
|
|t:|1784663149
|move|p1a: Farigiraf|Helping Hand|p1b: Kommo-o
|-singleturn|p1b: Kommo-o|Helping Hand|[of] p1a: Farigiraf
|move|p1b: Kommo-o|Clanging Scales|p2a: Annihilape|[spread] p2a,p2b
|-damage|p2a: Annihilape|0 fnt
|-damage|p2b: Farigiraf|29/100
|faint|p2a: Annihilape
|-unboost|p1b: Kommo-o|def|1
|-damage|p1b: Kommo-o|90/100|[from] item: Life Orb
|move|p2b: Farigiraf|Psychic|p1b: Kommo-o
|-supereffective|p1b: Kommo-o|1
|-damage|p1b: Kommo-o|27/100
|
|upkeep
|
|t:|1784663156
|switch|p2a: Floette|Floette-Eternal, L50, F|100/100
|turn|3
|
|t:|1784663177
|switch|p1b: Mawile|Mawile, L50, M|100/100
|-ability|p1b: Mawile|Intimidate|boost
|-unboost|p2a: Floette|atk|1
|-unboost|p2b: Farigiraf|atk|1
|detailschange|p2a: Floette|Floette-Mega, L50, F
|-mega|p2a: Floette|Floette|Floettite
|-ability|p2a: Floette|Fairy Aura
|move|p2a: Floette|Dazzling Gleam|p1a: Farigiraf|[spread] p1a,p1b
|-resisted|p1b: Mawile|1
|-damage|p1a: Farigiraf|59/100
|-damage|p1b: Mawile|45/100
|move|p2b: Farigiraf|Psychic|p1a: Farigiraf
|-resisted|p1a: Farigiraf|1
|-damage|p1a: Farigiraf|45/100
|-enditem|p1a: Farigiraf|Sitrus Berry|[eat]
|-heal|p1a: Farigiraf|70/100|[from] item: Sitrus Berry
|move|p1a: Farigiraf|Thunderbolt|p2b: Farigiraf
|-damage|p2b: Farigiraf|6/100
|-status|p2b: Farigiraf|par
|
|upkeep
|turn|4
|inactive|tauruster has 30 seconds left.
|inactive|tauruster has 20 seconds left.
|inactive|tauruster has 15 seconds left.
|
|t:|1784663220
|detailschange|p1b: Mawile|Mawile-Mega, L50, M
|-mega|p1b: Mawile|Mawile|Mawilite
|move|p2b: Farigiraf|Protect|p2b: Farigiraf
|-singleturn|p2b: Farigiraf|Protect
|move|p2a: Floette|Moonblast|p1b: Mawile
|-resisted|p1b: Mawile|1
|-damage|p1b: Mawile|0 fnt
|faint|p1b: Mawile
|move|p1a: Farigiraf|Thunderbolt|p2b: Farigiraf
|-activate|p2b: Farigiraf|move: Protect
|
|upkeep
|
|t:|1784663227
|switch|p1b: Kommo-o|Kommo-o, L50, F|27/100
|turn|5
|-message|tauruster forfeited.
|
|win|thebeast4895
|l|☆tauruster
|player|p1|
||tauruster is ready for game 2.
||thebeast4895 is ready for game 2.
|uhtml|next|Next: Game 2 of 3
