|j|â˜†Andrewx98
|j|â˜†colemarcusvgc
|html|Andrewx98colemarcusvgc    
|uhtml|bestof|Game 1 of a best-of-3
|t:|1757126835
|gametype|doubles
|player|p1|Andrewx98|youngster-gen4dp|1087
|player|p2|colemarcusvgc|n|1100
|gen|9
|tier|[Gen 9] VGC 2025 Reg H (Bo3)
|rated|
|rule|Species Clause: Limit one of each PokÃ©mon
|rule|Item Clause: Limit 1 of each item
|clearpoke
|poke|p1|Slowking, L50, M|
|poke|p1|Toxicroak, L50, F|
|poke|p1|Kingdra, L50, F|
|poke|p1|Malamar, L50, F|
|poke|p1|Pelipper, L50, M|
|poke|p1|Amoonguss, L50, M|
|poke|p2|Indeedee-F, L50, F|
|poke|p2|Hatterene, L50, F|
|poke|p2|Gallade, L50, M|
|poke|p2|Ursaluna, L50, M|
|poke|p2|Lilligant-Hisui, L50, F|
|poke|p2|Torkoal, L50, M|
|teampreview|4
|showteam|p1|Slowking||SitrusBerry|Oblivious|TrickRoom,Surf,Protect,Psychic|||M|||50|,,,,,Grass]Toxicroak||ClearAmulet|DrySkin|SuckerPunch,FakeOut,PoisonJab,CloseCombat|||F|||50|,,,,,Dark]Kingdra||ChoiceBand|SwiftSwim|FlipTurn,WaveCrash,Outrage,IronHead|||F|||50|,,,,,Water]Malamar||MentalHerb|Contrary|Taunt,TrickRoom,KnockOff,PsychoCut|||F|||50|,,,,,Dark]Pelipper||SafetyGoggles|Drizzle|Hurricane,WideGuard,Uturn,WeatherBall|||M|||50|,,,,,Water]Amoonguss||RockyHelmet|Regenerator|RagePowder,PollenPuff,ClearSmog,Spore|||M|||50|,,,,,Fire
|showteam|p2|Indeedee-F||PsychicSeed|PsychicSurge|TrickRoom,FollowMe,HelpingHand,DazzlingGleam|||F|||50|,,,,,Fire]Hatterene||LifeOrb|MagicBounce|ExpandingForce,TrickRoom,DazzlingGleam,Protect|||F|||50|,,,,,Psychic]Gallade||ClearAmulet|Sharpness|SacredSword,PsychoCut,TrickRoom,WideGuard|||M|||50|,,,,,Grass]Ursaluna||FlameOrb|Guts|HeadlongRush,Facade,SwordsDance,Protect|||M|||50|,,,,,Ghost]Lilligant-Hisui||FocusSash|Chlorophyll|SolarBlade,SleepPowder,CloseCombat,AfterYou|||F|||50|,,,,,Ghost]Torkoal||ChoiceSpecs|Drought|Eruption,HeatWave,WeatherBall,EarthPower|||M|||50|,,,,,Fire
|inactive|Battle timer is ON: inactive players will automatically lose when time's up. (requested by colemarcusvgc)
|inactive|colemarcusvgc has 60 seconds left.
|
|t:|1757126898
|teamsize|p1|4
|teamsize|p2|4
|start
|switch|p1a: Malamar|Malamar, L50, F|100/100
|switch|p1b: Toxicroak|Toxicroak, L50, F|100/100
|switch|p2a: Indeedee|Indeedee-F, L50, F|100/100
|switch|p2b: Ursaluna|Ursaluna, L50, M|100/100
|-fieldstart|move: Psychic Terrain|[from] ability: Psychic Surge|[of] p2a: Indeedee
|-enditem|p2a: Indeedee|Psychic Seed
|-boost|p2a: Indeedee|spd|1|[from] item: Psychic Seed
|turn|1
|c|â˜†colemarcusvgc|my friend malamar
|inactive|Andrewx98 has 30 seconds left.
|inactive|colemarcusvgc has 30 seconds left.
|
|t:|1757126928
|move|p1b: Toxicroak|Close Combat|p2b: Ursaluna
|-supereffective|p2b: Ursaluna
|-damage|p2b: Ursaluna|12/100
|-unboost|p1b: Toxicroak|def|1
|-unboost|p1b: Toxicroak|spd|1
|move|p1a: Malamar|Knock Off|p2a: Indeedee
|-supereffective|p2a: Indeedee
|-damage|p2a: Indeedee|42/100
|move|p2b: Ursaluna|Swords Dance|p2b: Ursaluna
|-boost|p2b: Ursaluna|atk|2
|move|p2a: Indeedee|Trick Room|p2a: Indeedee
|-fieldstart|move: Trick Room|[of] p2a: Indeedee
|
|-status|p2b: Ursaluna|brn|[from] item: Flame Orb
|upkeep
|turn|2
|
|t:|1757126950
|switch|p2a: Hatterene|Hatterene, L50, F, shiny|100/100
|move|p1b: Toxicroak|Sucker Punch|p2b: Ursaluna
|-activate|p2b: Ursaluna|move: Psychic Terrain
|move|p2b: Ursaluna|Facade|p1a: Malamar
|-damage|p1a: Malamar|0 fnt
|faint|p1a: Malamar
|
|-damage|p2b: Ursaluna|6/100 brn|[from] brn
|upkeep
|
|t:|1757126961
|switch|p1a: Slowking|Slowking, L50, M|100/100
|turn|3
|
|t:|1757126985
|-terastallize|p1b: Toxicroak|Dark
|move|p2a: Hatterene|Expanding Force|p1a: Slowking|[spread] p1a
|-immune|p1b: Toxicroak
|-resisted|p1a: Slowking
|-damage|p1a: Slowking|62/100
|-damage|p2a: Hatterene|91/100|[from] item: Life Orb
|move|p2b: Ursaluna|Facade|p1b: Toxicroak
|-damage|p1b: Toxicroak|0 fnt
|faint|p1b: Toxicroak
|move|p1a: Slowking|Surf|p2b: Ursaluna|[spread] p2a,p2b
|-supereffective|p2b: Ursaluna
|-damage|p2a: Hatterene|53/100
|-damage|p2b: Ursaluna|0 fnt
|faint|p2b: Ursaluna
|
|upkeep
|
|t:|1757127000
|switch|p2b: Gallade|Gallade, L50, M|100/100
|switch|p1b: Pepe|Pelipper, L50, M, shiny|100/100
|-weather|RainDance|[from] ability: Drizzle|[of] p1b: Pepe
|turn|4
|
|t:|1757127017
|switch|p2a: Indeedee|Indeedee-F, L50, F|42/100
|move|p1b: Pepe|Wide Guard|p1b: Pepe
|-singleturn|p1b: Pepe|Wide Guard
|move|p1a: Slowking|Surf|p2a: Indeedee|[spread] p2a,p2b
|-activate|p1b: Pepe|move: Wide Guard
|-damage|p2a: Indeedee|0 fnt
|-damage|p2b: Gallade|56/100
|faint|p2a: Indeedee
|move|p2b: Gallade|Psycho Cut|p1b: Pepe
|-damage|p1b: Pepe|23/100
|
|-weather|RainDance|[upkeep]
|upkeep
|
|t:|1757127028
|switch|p2a: Hatterene|Hatterene, L50, F, shiny|53/100
|turn|5
|
|t:|1757127047
|-terastallize|p2b: Gallade|Grass
|move|p2a: Hatterene|Protect|p2a: Hatterene
|-singleturn|p2a: Hatterene|Protect
|move|p1b: Pepe|Wide Guard|p1b: Pepe
|-singleturn|p1b: Pepe|Wide Guard
|move|p1a: Slowking|Surf|p2b: Gallade|[spread] p2b
|-activate|p1b: Pepe|move: Wide Guard
|-activate|p2a: Hatterene|move: Protect
|-resisted|p2b: Gallade
|-damage|p2b: Gallade|33/100
|move|p2b: Gallade|Psycho Cut|p1b: Pepe
|-crit|p1b: Pepe
|-damage|p1b: Pepe|0 fnt
|faint|p1b: Pepe
|
|-weather|RainDance|[upkeep]
|-fieldend|move: Trick Room
|-fieldend|move: Psychic Terrain
|upkeep
|turn|6
|
|t:|1757127067
|move|p2b: Gallade|Wide Guard|p2b: Gallade
|-singleturn|p2b: Gallade|Wide Guard
|move|p1a: Slowking|Surf|p2b: Gallade|[spread] 
|-activate|p2a: Hatterene|move: Wide Guard
|-activate|p2b: Gallade|move: Wide Guard
|move|p2a: Hatterene|Trick Room|p2a: Hatterene
|-fieldstart|move: Trick Room|[of] p2a: Hatterene
|
|-weather|RainDance|[upkeep]
|upkeep
|turn|7
|inactive|colemarcusvgc has 30 seconds left.
|
|t:|1757127095
|move|p2a: Hatterene|Dazzling Gleam|p1a: Slowking
|-damage|p1a: Slowking|14/100
|-enditem|p1a: Slowking|Sitrus Berry|[eat]
|-heal|p1a: Slowking|39/100|[from] item: Sitrus Berry
|-damage|p2a: Hatterene|44/100|[from] item: Life Orb
|move|p1a: Slowking|Psychic|p2b: Gallade
|-damage|p2b: Gallade|0 fnt
|faint|p2b: Gallade
|
|-weather|RainDance|[upkeep]
|upkeep
|turn|8
|
|t:|1757127118
|move|p1a: Slowking|Protect|p1a: Slowking
|-singleturn|p1a: Slowking|Protect
|move|p2a: Hatterene|Dazzling Gleam|p1a: Slowking
|-activate|p1a: Slowking|move: Protect
|
|-weather|none
|upkeep
|turn|9
|
|t:|1757127127
|move|p2a: Hatterene|Dazzling Gleam|p1a: Slowking
|-damage|p1a: Slowking|0 fnt
|faint|p1a: Slowking
|-damage|p2a: Hatterene|34/100|[from] item: Life Orb
|
|win|colemarcusvgc
