|j|☆fumomarlboro
|j|☆ParadoxPerry
|html|fumomarlboroParadoxPerry    
|uhtml|bestof|Game 2 of a best-of-3
|t:|1756520489
|gametype|doubles
|player|p1|fumomarlboro|169|1268
|player|p2|ParadoxPerry|guitarist|1161
|gen|9
|tier|[Gen 9] VGC 2025 Reg H (Bo3)
|rated|
|rule|Species Clause: Limit one of each Pokémon
|rule|Item Clause: Limit 1 of each item
|clearpoke
|poke|p1|Archaludon, L50, F|
|poke|p1|Dragonite, L50, F|
|poke|p1|Pelipper, L50, F|
|poke|p1|Ursaluna, L50, M|
|poke|p1|Sinistcha, L50|
|poke|p1|Gholdengo, L50|
|poke|p2|Gallade, L50, M|
|poke|p2|Exeggutor, L50, F|
|poke|p2|Zoroark-Hisui, L50, F|
|poke|p2|Ursaluna, L50, F|
|poke|p2|Torkoal, L50, M|
|poke|p2|Indeedee-F, L50, F|
|teampreview|4
|showteam|p1|Archaludon||AssaultVest|Stamina|FlashCannon,BodyPress,ElectroShot,Snarl|||F|||50|,,,,,Fighting]Dragonite||LoadedDice|Multiscale|ScaleShot,Tailwind,Haze,Protect|||F|||50|,,,,,Fairy]Pelipper||FocusSash|Drizzle|MuddyWater,Hurricane,Tailwind,Protect|||F|||50|,,,,,Ghost]Ursaluna||FlameOrb|Guts|Facade,HeadlongRush,Earthquake,Protect|||M|||50|,,,,,Ghost]Sinistcha||SitrusBerry|Hospitality|MatchaGotcha,LifeDew,RagePowder,TrickRoom||||||50|,,,,,Dark]Gholdengo||ChoiceScarf|GoodasGold|MakeItRain,ShadowBall,Trick,Protect||||||50|,,,,,Flying
|showteam|p2|Gallade||ClearAmulet|Sharpness|PsychoCut,TrickRoom,WideGuard,SacredSword|||M|||50|,,,,,Fire]Exeggutor||FocusSash|Chlorophyll|TrickRoom,ExpandingForce,EnergyBall,SleepPowder|||F|||50|,,,,,Psychic]Zoroark-Hisui||ChoiceSpecs|Illusion|HyperVoice,Flamethrower,ShadowBall,HyperBeam|||F|||50|,,,,,Normal]Ursaluna||FlameOrb|Guts|Facade,Protect,Earthquake,HeadlongRush|||F|||50|,,,,,Ghost]Torkoal||Charcoal|Drought|Eruption,ClearSmog,Protect,WeatherBall|||M|||50|,,,,,Fire]Indeedee-F||PsychicSeed|PsychicSurge|TrickRoom,Psychic,FollowMe,HelpingHand|||F|||50|,,,,,Grass
|inactive|Battle timer is ON: inactive players will automatically lose when time's up. (requested by ParadoxPerry)
|inactive|fumomarlboro also wants the timer to be on.
|
|t:|1756520512
|teamsize|p1|4
|teamsize|p2|4
|start
|switch|p1a: Dragonite|Dragonite, L50, F|100/100
|switch|p1b: Gholdengo|Gholdengo, L50|100/100
|switch|p2a: Croissant|Indeedee-F, L50, F|100/100
|switch|p2b: Edge|Gallade, L50, M|100/100
|-fieldstart|move: Psychic Terrain|[from] ability: Psychic Surge|[of] p2a: Croissant
|-enditem|p2a: Croissant|Psychic Seed
|-boost|p2a: Croissant|spd|1|[from] item: Psychic Seed
|turn|1
|inactive|fumomarlboro has 30 seconds left.
|inactive|fumomarlboro has 20 seconds left.
|inactive|fumomarlboro has 15 seconds left.
|inactive|fumomarlboro has 10 seconds left.
|
|t:|1756520558
|move|p2a: Croissant|Follow Me|p2a: Croissant
|-singleturn|p2a: Croissant|move: Follow Me
|move|p1b: Gholdengo|Trick|p2a: Croissant
|-activate|p1b: Gholdengo|move: Trick|[of] p2a: Croissant
|-item|p2a: Croissant|Choice Scarf|[from] move: Trick
|-enditem|p1b: Gholdengo|Choice Scarf|[silent]|[from] move: Trick
|move|p1a: Dragonite|Scale Shot|p2a: Croissant
|-damage|p2a: Croissant|87/100
|-damage|p2a: Croissant|73/100
|-damage|p2a: Croissant|59/100
|-damage|p2a: Croissant|46/100
|-damage|p2a: Croissant|30/100
|-hitcount|p2a: Croissant|5
|-unboost|p1a: Dragonite|def|1
|-boost|p1a: Dragonite|spe|1
|move|p2b: Edge|Trick Room|p2b: Edge
|-fieldstart|move: Trick Room|[of] p2b: Edge
|
|upkeep
|turn|2
|inactive|ParadoxPerry has 30 seconds left.
|
|t:|1756520585
|move|p2a: Croissant|Follow Me|p2a: Croissant
|-singleturn|p2a: Croissant|move: Follow Me
|move|p2b: Edge|Psycho Cut|p1a: Dragonite
|-damage|p1a: Dragonite|43/100
|move|p1b: Gholdengo|Make It Rain|p2b: Edge|[spread] p2a,p2b
|-damage|p2a: Croissant|0 fnt
|-damage|p2b: Edge|53/100
|-unboost|p1b: Gholdengo|spa|1
|faint|p2a: Croissant
|move|p1a: Dragonite|Scale Shot|p2b: Edge
|-damage|p2b: Edge|32/100
|-damage|p2b: Edge|11/100
|-damage|p2b: Edge|0 fnt
|faint|p2b: Edge
|-hitcount|p2: Edge|3
|-unboost|p1a: Dragonite|def|1
|-boost|p1a: Dragonite|spe|1
|
|upkeep
|
|t:|1756520593
|switch|p2a: BOP|Ursaluna, L50, F|100/100
|switch|p2b: Steady|Torkoal, L50, M|100/100
|-weather|SunnyDay|[from] ability: Drought|[of] p2b: Steady
|turn|3
|
|t:|1756520607
|switch|p1b: Pelipper|Pelipper, L50, F|100/100
|-weather|RainDance|[from] ability: Drizzle|[of] p1b: Pelipper
|-terastallize|p2b: Steady|Fire
|move|p1a: Dragonite|Protect|p1a: Dragonite
|-singleturn|p1a: Dragonite|Protect
|move|p2b: Steady|Eruption|p1a: Dragonite|[spread] p1b
|-activate|p1a: Dragonite|move: Protect
|-resisted|p1b: Pelipper
|-damage|p1b: Pelipper|67/100
|move|p2a: BOP|Facade|p1b: Pelipper
|-damage|p1b: Pelipper|12/100
|
|-weather|RainDance|[upkeep]
|-status|p2a: BOP|brn|[from] item: Flame Orb
|upkeep
|turn|4
|inactive|fumomarlboro has 30 seconds left.
|
|t:|1756520634
|switch|p1a: Gholdengo|Gholdengo, L50|100/100
|move|p1b: Pelipper|Protect|p1b: Pelipper
|-singleturn|p1b: Pelipper|Protect
|move|p2b: Steady|Eruption|p1a: Gholdengo|[spread] p1a
|-activate|p1b: Pelipper|move: Protect
|-supereffective|p1a: Gholdengo
|-damage|p1a: Gholdengo|17/100
|move|p2a: BOP|Facade|p1a: Gholdengo
|-immune|p1a: Gholdengo
|
|-weather|RainDance|[upkeep]
|-damage|p2a: BOP|94/100 brn|[from] brn
|upkeep
|turn|5
|
|t:|1756520649
|switch|p1b: Ursaluna|Ursaluna, L50, M|100/100
|move|p1a: Gholdengo|Protect|p1a: Gholdengo
|-singleturn|p1a: Gholdengo|Protect
|move|p2b: Steady|Eruption|p1a: Gholdengo|[spread] p1b
|-activate|p1a: Gholdengo|move: Protect
|-damage|p1b: Ursaluna|63/100
|move|p2a: BOP|Facade|p1b: Ursaluna
|-damage|p1b: Ursaluna|0 fnt
|faint|p1b: Ursaluna
|
|-weather|RainDance|[upkeep]
|-damage|p2a: BOP|88/100 brn|[from] brn
|-fieldend|move: Trick Room
|-fieldend|move: Psychic Terrain
|upkeep
|-message|ParadoxPerry forfeited.
|
|win|fumomarlboro
|raw|fumomarlboro's rating: 1268 → 1286(+18 for winning)
|raw|ParadoxPerry's rating: 1161 → 1143(-18 for losing)
|l|☆ParadoxPerry
|player|p2|
