|j|☆ELIAS TRESCIENTOS
|j|☆Luca Santoriello
|html|ELIAS TRESCIENTOSLuca Santoriello    
|uhtml|bestof|Game 1 of a best-of-3
|t:|1782202347
|gametype|doubles
|player|p1|ELIAS TRESCIENTOS|102|1245
|player|p2|Luca Santoriello|juan|1264
|gen|9
|tier|[Gen 9 Champions] VGC 2026 Reg M-B (Bo3)
|rated|
|rule|Species Clause: Limit one of each Pokémon
|rule|Item Clause: Limit 1 of each item
|clearpoke
|poke|p1|Mawile, L50, F|
|poke|p1|Farigiraf, L50, M|
|poke|p1|Ceruledge, L50, F|
|poke|p1|Aerodactyl, L50, F|
|poke|p1|Chesnaught, L50, M|
|poke|p1|Hydreigon, L50, M|
|poke|p2|Charizard, L50, F|
|poke|p2|Garchomp, L50, F|
|poke|p2|Whimsicott, L50, F|
|poke|p2|Basculegion, L50, M|
|poke|p2|Kingambit, L50, M|
|poke|p2|Floette-Eternal, L50, F|
|teampreview|4
|showteam|p1|Mawile||Mawilite|HyperCutter|PlayRough,BrickBreak,SuckerPunch,Protect|Adamant||F|||50|]Farigiraf||SitrusBerry|ArmorTail|TwinBeam,Thunderbolt,Roar,TrickRoom|Bold||M|||50|]Ceruledge||ColburBerry|FlashFire|Poltergeist,BitterBlade,ShadowSneak,Protect|Jolly||F|||50|]Aerodactyl||Aerodactylite|RockHead|Tailwind,IceFang,RockSlide,DualWingbeat|Jolly||F|||50|]Chesnaught||Leftovers|Bulletproof|SpikyShield,BodyPress,LeechSeed,WoodHammer|Bold||M|||50|]Hydreigon||ChoiceScarf|Levitate|EarthPower,Snarl,DarkPulse,DracoMeteor|Modest||M|||50|
|showteam|p2|Charizard||CharizarditeY|Blaze|HeatWave,WeatherBall,SolarBeam,Protect|Modest||F|||50|]Garchomp||SitrusBerry|RoughSkin|DragonClaw,Earthquake,RockSlide,Protect|Jolly||F|||50|]Whimsicott||FocusSash|Prankster|Moonblast,Encore,Tailwind,Protect|Timid||F|||50|]Basculegion||MysticWater|Adaptability|WaveCrash,LastRespects,AquaJet,Protect|Adamant||M|||50|]Kingambit||BlackGlasses|Defiant|KowtowCleave,IronHead,SuckerPunch,Protect|Adamant||M|||50|]Floette-Eternal||Floettite|FlowerVeil|DazzlingGleam,Moonblast,LightofRuin,Protect|Timid||F|||50|
|
|t:|1782202369
|teamsize|p1|4
|teamsize|p2|4
|start
|switch|p1a: Mawile|Mawile, L50, F|100/100
|switch|p1b: Ceruledge|Ceruledge, L50, F|100/100
|switch|p2a: Kingambit|Kingambit, L50, M|100/100
|switch|p2b: Floette|Floette-Eternal, L50, F|100/100
|turn|1
|inactive|Battle timer is ON: inactive players will automatically lose when time's up. (requested by ELIAS TRESCIENTOS)
|
|t:|1782202397
|detailschange|p1a: Mawile|Mawile-Mega, L50, F
|-mega|p1a: Mawile|Mawile|Mawilite
|move|p2b: Floette|Protect|p2b: Floette
|-singleturn|p2b: Floette|Protect
|move|p1b: Ceruledge|Protect|p1b: Ceruledge
|-singleturn|p1b: Ceruledge|Protect
|move|p2a: Kingambit|Protect|p2a: Kingambit
|-singleturn|p2a: Kingambit|Protect
|move|p1a: Mawile|Brick Break|p2a: Kingambit
|-activate|p2a: Kingambit|move: Protect
|
|upkeep
|turn|2
|
|t:|1782202417
|switch|p2b: Basculegion|Basculegion, L50, M|100/100
|move|p2a: Kingambit|Sucker Punch|p1b: Ceruledge
|-supereffective|p1b: Ceruledge|1
|-crit|p1b: Ceruledge
|-enditem|p1b: Ceruledge|Colbur Berry|[eat]
|-enditem|p1b: Ceruledge|Colbur Berry|[weaken]
|-damage|p1b: Ceruledge|19/100
|move|p1b: Ceruledge|Poltergeist|p2b: Basculegion|[miss]
|-miss|p1b: Ceruledge|p2b: Basculegion
|move|p1a: Mawile|Brick Break|p2a: Kingambit
|-supereffective|p2a: Kingambit|2
|-damage|p2a: Kingambit|0 fnt
|faint|p2a: Kingambit
|
|upkeep
|
|t:|1782202430
|switch|p2a: Whimsicott|Whimsicott, L50, F|100/100
|turn|3
|
|t:|1782202439
|move|p1a: Mawile|Sucker Punch|p2b: Basculegion
|-supereffective|p2b: Basculegion|1
|-damage|p2b: Basculegion|18/100
|move|p2a: Whimsicott|Moonblast|p1b: Ceruledge
|-resisted|p1b: Ceruledge|1
|-damage|p1b: Ceruledge|1/100
|move|p1b: Ceruledge|Bitter Blade|p2a: Whimsicott
|-supereffective|p2a: Whimsicott|1
|-enditem|p2a: Whimsicott|Focus Sash
|-damage|p2a: Whimsicott|1/100
|-heal|p1b: Ceruledge|43/100|[from] drain|[of] p2a: Whimsicott
|move|p2b: Basculegion|Last Respects|p1a: Mawile
|-damage|p1a: Mawile|38/100
|
|upkeep
|turn|4
|
|t:|1782202455
|move|p2a: Whimsicott|Encore|p1a: Mawile
|-start|p1a: Mawile|Encore
|move|p1b: Ceruledge|Shadow Sneak|p2a: Whimsicott
|-damage|p2a: Whimsicott|0 fnt
|faint|p2a: Whimsicott
|move|p2b: Basculegion|Aqua Jet|p1b: Ceruledge
|-supereffective|p1b: Ceruledge|1
|-damage|p1b: Ceruledge|0 fnt
|faint|p1b: Ceruledge
|move|p1a: Mawile|Sucker Punch||[still]
|-fail|p1a: Mawile
|
|upkeep
|
|t:|1782202471
|switch|p2a: Floette|Floette-Eternal, L50, F|100/100
|switch|p1b: Farigiraf|Farigiraf, L50, M|100/100
|turn|5
|
|t:|1782202489
|switch|p1a: Chesnaught|Chesnaught, L50, M|100/100
|detailschange|p2a: Floette|Floette-Mega, L50, F
|-mega|p2a: Floette|Floette|Floettite
|-ability|p2a: Floette|Fairy Aura
|move|p2b: Basculegion|Protect|p2b: Basculegion
|-singleturn|p2b: Basculegion|Protect
|move|p2a: Floette|Light of Ruin|p1b: Farigiraf
|-damage|p1b: Farigiraf|2/100
|-enditem|p1b: Farigiraf|Sitrus Berry|[eat]
|-heal|p1b: Farigiraf|27/100|[from] item: Sitrus Berry
|-damage|p2a: Floette|29/100|[from] Recoil
|move|p1b: Farigiraf|Trick Room|p1b: Farigiraf
|-fieldstart|move: Trick Room|[of] p1b: Farigiraf
|
|upkeep
|turn|6
|-message|Luca Santoriello forfeited.
|
|win|ELIAS TRESCIENTOS
||Luca Santoriello is ready for game 2.
||ELIAS TRESCIENTOS is ready for game 2.
|uhtml|next|Next: Game 2 of 3
|l|☆ELIAS TRESCIENTOS
|player|p1|
