|j|☆new mental
|j|☆The Yegorushhka
|html|new mentalThe Yegorushhka    
|uhtml|bestof|Game 2 of a best-of-3
|t:|1783260476
|gametype|doubles
|player|p1|new mental|volkner|1194
|player|p2|The Yegorushhka|may-masters2|1148
|gen|9
|tier|[Gen 9 Champions] VGC 2026 Reg M-B (Bo3)
|rated|
|rule|Species Clause: Limit one of each Pokémon
|rule|Item Clause: Limit 1 of each item
|clearpoke
|poke|p1|Aerodactyl, L50, F|
|poke|p1|Garchomp, L50, M|
|poke|p1|Kingambit, L50, M|
|poke|p1|Charizard, L50, F|
|poke|p1|Sylveon, L50, F|
|poke|p1|Farigiraf, L50, F|
|poke|p2|Floette-Eternal, L50, F|
|poke|p2|Chandelure, L50, F|
|poke|p2|Hydreigon, L50, M|
|poke|p2|Incineroar, L50, F|
|poke|p2|Whimsicott, L50, F|
|poke|p2|Maushold, L50|
|teampreview|4
|showteam|p1|Aerodactyl||Aerodactylite|Unnerve|IceFang,RockSlide,Tailwind,DualWingbeat|Jolly||F|||50|]Garchomp||LifeOrb|RoughSkin|DragonClaw,StompingTantrum,Earthquake,Protect|Jolly||M|||50|]Kingambit||FocusSash|Defiant|SuckerPunch,KowtowCleave,IronHead,LowKick|Adamant||M|||50|]Charizard||CharizarditeY|SolarPower|Protect,HeatWave,SolarBeam,WeatherBall|Timid||F|||50|]Sylveon||FairyFeather|Pixilate|Protect,HyperVoice,HyperBeam,QuickAttack|Modest||F|||50|]Farigiraf||SitrusBerry|ArmorTail|TrickRoom,Thunderbolt,Psychic,Roar|Bold||F|||50|
|showteam|p2|Floette-Eternal||Floettite|FlowerVeil|DrainingKiss,DazzlingGleam,CalmMind,Protect|Modest||F|||50|]Chandelure||Chandelurite|FlashFire|HeatWave,ShadowBall,TrickRoom,Protect|Modest||F|||50|]Hydreigon||ChoiceScarf|Levitate|DracoMeteor,DarkPulse,Snarl,EarthPower|Modest||M|||50|]Incineroar||PasshoBerry|Intimidate|FakeOut,PartingShot,FlareBlitz,HelpingHand|Impish||F|||50|]Whimsicott||FocusSash|Prankster|Moonblast,Tailwind,Encore,Protect|Timid||F|||50|]Maushold||ChopleBerry|FriendGuard|SuperFang,AfterYou,FollowMe,Protect|Timid|||||50|
|inactive|Battle timer is ON: inactive players will automatically lose when time's up. (requested by The Yegorushhka)
|inactive|new mental has 60 seconds left.
|inactive|The Yegorushhka has 60 seconds left.
|
|t:|1783260509
|teamsize|p1|4
|teamsize|p2|4
|start
|switch|p1a: Sylveon|Sylveon, L50, F|100/100
|switch|p1b: Farigiraf|Farigiraf, L50, F|100/100
|switch|p2a: kuy-kurarin|Floette-Eternal, L50, F|100/100
|switch|p2b: Hydreigon|Hydreigon, L50, M|100/100
|turn|1
|
|t:|1783260531
|detailschange|p2a: kuy-kurarin|Floette-Mega, L50, F
|-mega|p2a: kuy-kurarin|Floette|Floettite
|-ability|p2a: kuy-kurarin|Fairy Aura
|move|p2b: Hydreigon|Snarl|p1b: Farigiraf|[spread] p1a,p1b
|-resisted|p1a: Sylveon|1
|-supereffective|p1b: Farigiraf|1
|-damage|p1a: Sylveon|90/100
|-damage|p1b: Farigiraf|59/100
|-unboost|p1a: Sylveon|spa|1
|-unboost|p1b: Farigiraf|spa|1
|move|p2a: kuy-kurarin|Calm Mind|p2a: kuy-kurarin
|-boost|p2a: kuy-kurarin|spa|1
|-boost|p2a: kuy-kurarin|spd|1
|move|p1a: Sylveon|Hyper Voice|p2b: Hydreigon|[spread] p2a,p2b
|-supereffective|p2b: Hydreigon|2
|-damage|p2a: kuy-kurarin|79/100
|-damage|p2b: Hydreigon|0 fnt
|faint|p2b: Hydreigon
|move|p1b: Farigiraf|Trick Room|p1b: Farigiraf
|-fieldstart|move: Trick Room|[of] p1b: Farigiraf
|
|upkeep
|
|t:|1783260533
|switch|p2b: Maushold|Maushold, L50|100/100
|turn|2
|
|t:|1783260544
|move|p2b: Maushold|Follow Me|p2b: Maushold
|-singleturn|p2b: Maushold|move: Follow Me
|move|p1b: Farigiraf|Psychic|p2b: Maushold
|-damage|p2b: Maushold|72/100
|move|p1a: Sylveon|Hyper Voice|p2b: Maushold|[spread] p2a,p2b
|-damage|p2a: kuy-kurarin|63/100
|-damage|p2b: Maushold|18/100
|move|p2a: kuy-kurarin|Draining Kiss|p1a: Sylveon
|-damage|p1a: Sylveon|36/100
|-heal|p2a: kuy-kurarin|100/100|[from] drain|[of] p1a: Sylveon
|
|upkeep
|turn|3
|
|t:|1783260553
|move|p2b: Maushold|Protect|p2b: Maushold
|-singleturn|p2b: Maushold|Protect
|move|p1b: Farigiraf|Psychic|p2b: Maushold
|-activate|p2b: Maushold|move: Protect
|move|p1a: Sylveon|Hyper Voice|p2b: Maushold|[spread] p2a
|-activate|p2b: Maushold|move: Protect
|-damage|p2a: kuy-kurarin|82/100
|move|p2a: kuy-kurarin|Dazzling Gleam|p1a: Sylveon|[spread] p1a,p1b
|-damage|p1a: Sylveon|0 fnt
|-damage|p1b: Farigiraf|0 fnt
|faint|p1a: Sylveon
|faint|p1b: Farigiraf
|
|upkeep
|
|t:|1783260559
|switch|p1b: Kingambit|Kingambit, L50, M|100/100
|switch|p1a: Charizard|Charizard, L50, F|100/100
|turn|4
|
|t:|1783260570
|detailschange|p1a: Charizard|Charizard-Mega-Y, L50, F
|-mega|p1a: Charizard|Charizard|Charizardite Y
|-weather|SunnyDay|[from] ability: Drought|[of] p1a: Charizard
|move|p2b: Maushold|Follow Me|p2b: Maushold
|-singleturn|p2b: Maushold|move: Follow Me
|move|p1b: Kingambit|Iron Head|p2b: Maushold
|-damage|p2b: Maushold|0 fnt
|faint|p2b: Maushold
|move|p2a: kuy-kurarin|Dazzling Gleam|p1a: Charizard|[spread] p1a,p1b
|-resisted|p1a: Charizard|1
|-damage|p1a: Charizard|65/100
|-damage|p1b: Kingambit|9/100
|move|p1a: Charizard|Heat Wave|p2a: kuy-kurarin
|-damage|p2a: kuy-kurarin|44/100
|
|-weather|SunnyDay|[upkeep]
|upkeep
|
|t:|1783260571
|switch|p2b: Incineroar|Incineroar, L50, F|100/100
|-ability|p2b: Incineroar|Intimidate|boost
|-unboost|p1a: Charizard|atk|1
|-unboost|p1b: Kingambit|atk|1
|-ability|p1b: Kingambit|Defiant|boost
|-boost|p1b: Kingambit|atk|2
|turn|5
|
|t:|1783260595
|move|p2b: Incineroar|Fake Out|p1b: Kingambit
|-resisted|p1b: Kingambit|1
|-damage|p1b: Kingambit|5/100
|cant|p1b: Kingambit|flinch
|move|p2a: kuy-kurarin|Dazzling Gleam|p1a: Charizard|[spread] p1a,p1b
|-resisted|p1a: Charizard|1
|-damage|p1a: Charizard|30/100
|-damage|p1b: Kingambit|0 fnt
|faint|p1b: Kingambit
|move|p1a: Charizard|Weather Ball|p2a: kuy-kurarin
|-damage|p2a: kuy-kurarin|0 fnt
|faint|p2a: kuy-kurarin
|
|-weather|SunnyDay|[upkeep]
|-fieldend|move: Trick Room
|upkeep
|turn|6
|
|t:|1783260609
|move|p1a: Charizard|Weather Ball|p2b: Incineroar
|-resisted|p2b: Incineroar|1
|-damage|p2b: Incineroar|69/100
|move|p2b: Incineroar|Flare Blitz|p1a: Charizard
|-resisted|p1a: Charizard|1
|-damage|p1a: Charizard|0 fnt
|faint|p1a: Charizard
|-damage|p2b: Incineroar|60/100|[from] Recoil
|
|win|The Yegorushhka
|raw|new mental's rating: 1194 → 1166(-28 for losing)
|raw|The Yegorushhka's rating: 1148 → 1176(+28 for winning)
|l|☆The Yegorushhka
|player|p2|
|l|☆new mental
|player|p1|
|j|☆new mental
|player|p1|new mental|volkner|
