|j|☆martharia
|j|☆homerj71
|html|marthariahomerj71    
|uhtml|bestof|Game 1 of a best-of-3
|t:|1783093765
|gametype|doubles
|player|p1|martharia|102|1172
|player|p2|homerj71|266|1184
|gen|9
|tier|[Gen 9 Champions] VGC 2026 Reg M-B (Bo3)
|rated|
|rule|Species Clause: Limit one of each Pokémon
|rule|Item Clause: Limit 1 of each item
|clearpoke
|poke|p1|Delphox, L50, F, shiny|
|poke|p1|Meowscarada, L50, F|
|poke|p1|Quaquaval, L50, F|
|poke|p1|Talonflame, L50, F|
|poke|p1|Zoroark-Hisui, L50, F, shiny|
|poke|p1|Mawile, L50, F|
|poke|p2|Charizard, L50, M, shiny|
|poke|p2|Garchomp, L50, M|
|poke|p2|Whimsicott, L50, F, shiny|
|poke|p2|Basculegion, L50, M|
|poke|p2|Kingambit, L50, F, shiny|
|poke|p2|Floette-Eternal, L50, F|
|teampreview|4
|showteam|p1|Delphox||Delphoxite|Blaze|HeatWave,Psychic,NastyPlot,Protect|Timid||F|||50|]Meowscarada||LifeOrb|Protean|FlowerTrick,ThroatChop,ThunderPunch,Protect|Jolly||F|||50|]Quaquaval||ExpertBelt|Moxie|AquaStep,CloseCombat,IceSpinner,Protect|Jolly||F|||50|]Talonflame||ChartiBerry|GaleWings|BraveBird,FeatherDance,Tailwind,QuickGuard|Jolly||F|||50|]Zoroark-Hisui||FocusSash|Illusion|BitterMalice,IcyWind,Roar,Protect|Timid||F|||50|]Mawile||Mawilite|HyperCutter|IronHead,PlayRough,SuckerPunch,Protect|Adamant||F|||50|
|showteam|p2|Charizard||CharizarditeY|Blaze|HeatWave,SolarBeam,WeatherBall,Protect|Modest||M|||50|]Garchomp||SitrusBerry|RoughSkin|DragonClaw,Earthquake,RockSlide,PoisonJab|Jolly||M|||50|]Whimsicott||FocusSash|Prankster|Moonblast,Tailwind,Encore,Protect|Timid||F|||50|]Basculegion||LifeOrb|Adaptability|WaveCrash,AquaJet,Protect,LastRespects|Adamant||M|||50|]Kingambit||BlackGlasses|Defiant|KowtowCleave,SuckerPunch,IronHead,Protect|Adamant||F|||50|]Floette-Eternal||Floettite|FlowerVeil|Moonblast,DazzlingGleam,LightofRuin,Protect|Timid||F|||50|
|inactive|Battle timer is ON: inactive players will automatically lose when time's up. (requested by homerj71)
|inactive|martharia has 60 seconds left.
|inactive|homerj71 has 60 seconds left.
|
|t:|1783093815
|teamsize|p1|4
|teamsize|p2|4
|start
|switch|p1a: Mawile|Mawile, L50, F|100/100
|switch|p1b: Talonflame|Talonflame, L50, F|100/100
|switch|p2a: Garchomp|Garchomp, L50, M|100/100
|switch|p2b: Whimsicott|Whimsicott, L50, F, shiny|100/100
|turn|1
|inactive|homerj71 has 30 seconds left.
|
|t:|1783093844
|detailschange|p1a: Mawile|Mawile-Mega, L50, F
|-mega|p1a: Mawile|Mawile|Mawilite
|move|p1b: Talonflame|Feather Dance|p2a: Garchomp
|-unboost|p2a: Garchomp|atk|2
|move|p2b: Whimsicott|Tailwind|p2b: Whimsicott
|-sidestart|p2: homerj71|move: Tailwind
|move|p2a: Garchomp|Rock Slide|p1b: Talonflame|[spread] p1a,p1b
|-resisted|p1a: Mawile|1
|-supereffective|p1b: Talonflame|2
|-enditem|p1b: Talonflame|Charti Berry|[eat]
|-enditem|p1b: Talonflame|Charti Berry|[weaken]
|-damage|p1a: Mawile|95/100
|-damage|p1b: Talonflame|72/100
|move|p1a: Mawile|Play Rough|p2a: Garchomp
|-supereffective|p2a: Garchomp|1
|-damage|p2a: Garchomp|0 fnt
|-damage|p1a: Mawile|83/100|[from] ability: Rough Skin|[of] p2a: Garchomp
|faint|p2a: Garchomp
|
|upkeep
|
|t:|1783093854
|switch|p2a: Charizard|Charizard, L50, M, shiny|100/100
|turn|2
|inactive|martharia has 30 seconds left.
|
|t:|1783093883
|switch|p1b: Quaquaval|Quaquaval, L50, F|100/100
|detailschange|p2a: Charizard|Charizard-Mega-Y, L50, M, shiny
|-mega|p2a: Charizard|Charizard|Charizardite Y
|-weather|SunnyDay|[from] ability: Drought|[of] p2a: Charizard
|move|p1a: Mawile|Sucker Punch|p2a: Charizard
|-damage|p2a: Charizard|57/100
|move|p2b: Whimsicott|Moonblast|p1b: Quaquaval
|-supereffective|p1b: Quaquaval|1
|-damage|p1b: Quaquaval|0 fnt
|faint|p1b: Quaquaval
|move|p2a: Charizard|Heat Wave|p1a: Mawile
|-supereffective|p1a: Mawile|1
|-damage|p1a: Mawile|0 fnt
|faint|p1a: Mawile
|
|-weather|SunnyDay|[upkeep]
|upkeep
|
|t:|1783093894
|switch|p1b: Meowscarada|Meowscarada, L50, F|100/100
|switch|p1a: Talonflame|Talonflame, L50, F|72/100
|turn|3
|
|t:|1783093903
|move|p2a: Charizard|Protect|p2a: Charizard
|-singleturn|p2a: Charizard|Protect
|move|p1b: Meowscarada|Protect|p1b: Meowscarada
|-start|p1b: Meowscarada|typechange|Normal|[from] ability: Protean
|-singleturn|p1b: Meowscarada|Protect
|move|p2b: Whimsicott|Moonblast|p1b: Meowscarada
|-activate|p1b: Meowscarada|move: Protect
|move|p1a: Talonflame|Tailwind|p1a: Talonflame
|-sidestart|p1: martharia|move: Tailwind
|
|-weather|SunnyDay|[upkeep]
|upkeep
|turn|4
|
|t:|1783093915
|switch|p2a: Basculegion|Basculegion, L50, M|100/100
|move|p1a: Talonflame|Quick Guard|p1a: Talonflame
|-singleturn|p1a: Talonflame|Quick Guard
|move|p2b: Whimsicott|Encore|p1b: Meowscarada
|-activate|p1b: Meowscarada|move: Quick Guard
|move|p1b: Meowscarada|Thunder Punch|p2a: Basculegion
|-supereffective|p2a: Basculegion|1
|-damage|p2a: Basculegion|38/100
|-damage|p1b: Meowscarada|90/100|[from] item: Life Orb
|
|-weather|SunnyDay|[upkeep]
|-sideend|p2: homerj71|move: Tailwind
|upkeep
|turn|5
|
|t:|1783093935
|move|p2a: Basculegion|Protect|p2a: Basculegion
|-singleturn|p2a: Basculegion|Protect
|move|p1a: Talonflame|Quick Guard|p1a: Talonflame
|-singleturn|p1a: Talonflame|Quick Guard
|move|p2b: Whimsicott|Tailwind|p2b: Whimsicott
|-sidestart|p2: homerj71|move: Tailwind
|move|p1b: Meowscarada|Thunder Punch|p2a: Basculegion
|-activate|p2a: Basculegion|move: Protect
|
|-weather|SunnyDay|[upkeep]
|upkeep
|turn|6
|inactive|martharia has 30 seconds left.
|
|t:|1783093964
|move|p1b: Meowscarada|Thunder Punch|p2b: Whimsicott
|-resisted|p2b: Whimsicott|1
|-damage|p2b: Whimsicott|78/100
|-damage|p1b: Meowscarada|80/100|[from] item: Life Orb
|move|p1a: Talonflame|Brave Bird|p2b: Whimsicott
|-supereffective|p2b: Whimsicott|1
|-crit|p2b: Whimsicott
|-damage|p2b: Whimsicott|0 fnt
|faint|p2b: Whimsicott
|-damage|p1a: Talonflame|50/100g|[from] Recoil
|move|p2a: Basculegion|Wave Crash|p1b: Meowscarada
|-damage|p1b: Meowscarada|1/100
|-damage|p2a: Basculegion|17/100|[from] Recoil
|-damage|p2a: Basculegion|8/100|[from] item: Life Orb
|
|-weather|none
|-sideend|p1: martharia|move: Tailwind
|upkeep
|
|t:|1783093976
|switch|p2b: Charizard|Charizard-Mega-Y, L50, M, shiny|57/100
|-weather|SunnyDay|[from] ability: Drought|[of] p2b: Charizard
|turn|7
|
|t:|1783093983
|move|p1b: Meowscarada|Protect|p1b: Meowscarada
|-singleturn|p1b: Meowscarada|Protect
|move|p1a: Talonflame|Quick Guard|p1a: Talonflame
|-singleturn|p1a: Talonflame|Quick Guard
|move|p2a: Basculegion|Aqua Jet|p1b: Meowscarada
|-activate|p1b: Meowscarada|move: Quick Guard
|move|p2b: Charizard|Heat Wave|p1a: Talonflame|[spread] p1a
|-activate|p1b: Meowscarada|move: Protect
|-resisted|p1a: Talonflame|1
|-damage|p1a: Talonflame|3/100
|
|-weather|SunnyDay|[upkeep]
|upkeep
|turn|8
|
|t:|1783093994
|move|p2b: Charizard|Protect|p2b: Charizard
|-singleturn|p2b: Charizard|Protect
|move|p1a: Talonflame|Quick Guard|p1a: Talonflame
|-singleturn|p1a: Talonflame|Quick Guard
|move|p2a: Basculegion|Wave Crash|p1b: Meowscarada
|-damage|p1b: Meowscarada|0 fnt
|faint|p1b: Meowscarada
|-damage|p2a: Basculegion|7/100|[from] Recoil
|-damage|p2a: Basculegion|0 fnt|[from] item: Life Orb
|faint|p2a: Basculegion
|
|-weather|SunnyDay|[upkeep]
|-sideend|p2: homerj71|move: Tailwind
|upkeep
|turn|9
|
|t:|1783094000
|move|p1a: Talonflame|Brave Bird|p2b: Charizard
|-damage|p2b: Charizard|9/100
|-damage|p1a: Talonflame|0 fnt|[from] Recoil
|faint|p1a: Talonflame
|
|win|homerj71
