|j|☆Jay_th3_one
|j|☆stormyrat
|html|Jay_th3_onestormyrat    
|uhtml|bestof|Game 1 of a best-of-3
|t:|1782191826
|gametype|doubles
|player|p1|Jay_th3_one|boarder|1101
|player|p2|stormyrat|265|1181
|gen|9
|tier|[Gen 9 Champions] VGC 2026 Reg M-B (Bo3)
|rated|
|rule|Species Clause: Limit one of each Pokémon
|rule|Item Clause: Limit 1 of each item
|clearpoke
|poke|p1|Mawile, L50, F|
|poke|p1|Pelipper, L50, M|
|poke|p1|Farigiraf, L50, F|
|poke|p1|Sharpedo, L50, M|
|poke|p1|Raichu, L50, F|
|poke|p1|Sinistcha-Masterpiece, L50|
|poke|p2|Floette-Eternal, L50, F|
|poke|p2|Gholdengo, L50|
|poke|p2|Aerodactyl, L50, F|
|poke|p2|Incineroar, L50, F|
|poke|p2|Basculegion, L50, M|
|poke|p2|Rotom-Mow, L50|
|teampreview|4
|showteam|p1|Mawile||Mawilite|HyperCutter|PlayRough,IronHead,ThunderPunch,Protect|Adamant||F|||50|]Pelipper||WideLens|Drizzle|Hurricane,MuddyWater,WideGuard,Protect|Modest||M|||50|]Farigiraf||MentalHerb|ArmorTail|TrickRoom,TwinBeam,Imprison,Protect|Serious||F|||50|]Sharpedo||Sharpedonite|SpeedBoost|Crunch,Liquidation,IceFang,Protect|Adamant||M|||50|]Raichu||FocusSash|LightningRod|FakeOut,Thunderbolt,Endeavor,QuickAttack|Modest||F|||50|]Sinistcha-Masterpiece||Leftovers|Hospitality|StrengthSap,MatchaGotcha,TrickRoom,Protect|Bold|||||50|
|showteam|p2|Floette-Eternal||Floettite|FlowerVeil|Moonblast,LightofRuin,DazzlingGleam,Protect|Modest||F|||50|]Gholdengo||LifeOrb|GoodasGold|NastyPlot,ShadowBall,MakeItRain,Protect|Modest|||||50|]Aerodactyl||FocusSash|Unnerve|DualWingbeat,RockSlide,Tailwind,WideGuard|Jolly||F|||50|]Incineroar||SitrusBerry|Intimidate|FakeOut,PartingShot,DarkestLariat,FlareBlitz|Impish||F|||50|]Basculegion||MysticWater|Adaptability|Protect,WaveCrash,LastRespects,AquaJet|Jolly||M|||50|]Rotom-Mow||WideLens|Levitate|LeafStorm,Electroweb,VoltSwitch,Protect|Timid|||||50|
|inactive|Battle timer is ON: inactive players will automatically lose when time's up. (requested by stormyrat)
|inactive|Jay_th3_one has 60 seconds left.
|inactive|stormyrat has 60 seconds left.
|inactive|stormyrat has 30 seconds left.
|
|t:|1782191894
|teamsize|p1|4
|teamsize|p2|4
|start
|switch|p1a: Mawile|Mawile, L50, F|100/100
|switch|p1b: Farigiraf|Farigiraf, L50, F|100/100
|switch|p2a: Rotom|Rotom-Mow, L50|100/100
|switch|p2b: Incineroar|Incineroar, L50, F|100/100
|-ability|p2b: Incineroar|Intimidate|boost
|-fail|p1a: Mawile|unboost|Attack|[from] ability: Hyper Cutter|[of] p1a: Mawile
|-unboost|p1b: Farigiraf|atk|1
|turn|1
|inactive|Jay_th3_one has 30 seconds left.
|
|t:|1782191924
|move|p1a: Mawile|Protect|p1a: Mawile
|-singleturn|p1a: Mawile|Protect
|move|p2a: Rotom|Leaf Storm|p1b: Farigiraf
|-damage|p1b: Farigiraf|52/100
|-unboost|p2a: Rotom|spa|2
|move|p2b: Incineroar|Darkest Lariat|p1b: Farigiraf
|-supereffective|p1b: Farigiraf|1
|-damage|p1b: Farigiraf|0 fnt
|faint|p1b: Farigiraf
|
|upkeep
|
|t:|1782191944
|switch|p1b: Pelipper|Pelipper, L50, M|100/100
|-weather|RainDance|[from] ability: Drizzle|[of] p1b: Pelipper
|turn|2
|
|t:|1782191951
|switch|p1a: Raichu|Raichu, L50, F|100/100
|move|p2a: Rotom|Electroweb|p1b: Pelipper|[spread] p1b
|-ability|p1a: Raichu|Lightning Rod|boost
|-boost|p1a: Raichu|spa|1
|-supereffective|p1b: Pelipper|2
|-damage|p1b: Pelipper|61/100
|-unboost|p1b: Pelipper|spe|1
|move|p2b: Incineroar|Parting Shot|p1a: Raichu
|-unboost|p1a: Raichu|atk|1
|-unboost|p1a: Raichu|spa|1
|
|t:|1782191962
|switch|p2b: Basculegion|Basculegion, L50, M|100/100|[from] Parting Shot
|move|p1b: Pelipper|Muddy Water|p2a: Rotom|[spread] p2a,p2b
|-resisted|p2a: Rotom|1
|-resisted|p2b: Basculegion|1
|-damage|p2a: Rotom|74/100
|-damage|p2b: Basculegion|72/100
|
|-weather|RainDance|[upkeep]
|upkeep
|turn|3
|
|t:|1782191976
|move|p1b: Pelipper|Wide Guard|p1b: Pelipper
|-singleturn|p1b: Pelipper|Wide Guard
|move|p1a: Raichu|Thunderbolt|p2b: Basculegion
|-supereffective|p2b: Basculegion|1
|-damage|p2b: Basculegion|0 fnt
|faint|p2b: Basculegion
|move|p2a: Rotom|Leaf Storm|p1a: Raichu
|-damage|p1a: Raichu|63/100
|-unboost|p2a: Rotom|spa|2
|
|-weather|RainDance|[upkeep]
|upkeep
|
|t:|1782191984
|switch|p2b: Incineroar|Incineroar, L50, F|100/100
|-ability|p2b: Incineroar|Intimidate|boost
|-unboost|p1a: Raichu|atk|1
|-unboost|p1b: Pelipper|atk|1
|turn|4
|inactive|stormyrat has 30 seconds left.
|inactive|stormyrat has 20 seconds left.
|
|t:|1782192022
|switch|p1a: Mawile|Mawile, L50, F|100/100
|switch|p2a: Floette|Floette-Eternal, L50, F|100/100
|move|p2b: Incineroar|Fake Out|p1b: Pelipper
|-damage|p1b: Pelipper|49/100
|cant|p1b: Pelipper|flinch
|
|-weather|RainDance|[upkeep]
|upkeep
|turn|5
|inactive|Jay_th3_one has 30 seconds left.
|inactive|stormyrat has 30 seconds left.
|inactive|Jay_th3_one has 20 seconds left.
|inactive|Jay_th3_one has 15 seconds left.
|inactive|Jay_th3_one has 10 seconds left.
|inactive|Jay_th3_one has 5 seconds left.
|inactive|stormyrat has 20 seconds left.
|
|t:|1782192076
|detailschange|p2a: Floette|Floette-Mega, L50, F
|-mega|p2a: Floette|Floette|Floettite
|-ability|p2a: Floette|Fairy Aura
|detailschange|p1a: Mawile|Mawile-Mega, L50, F
|-mega|p1a: Mawile|Mawile|Mawilite
|move|p2a: Floette|Light of Ruin|p1a: Mawile
|-resisted|p1a: Mawile|1
|-damage|p1a: Mawile|25/100
|-damage|p2a: Floette|73/100|[from] Recoil
|move|p2b: Incineroar|Parting Shot|p1b: Pelipper
|-unboost|p1b: Pelipper|atk|1
|-unboost|p1b: Pelipper|spa|1
|
|t:|1782192083
|switch|p2b: Rotom|Rotom-Mow, L50|74/100|[from] Parting Shot
|move|p1a: Mawile|Iron Head|p2a: Floette
|-supereffective|p2a: Floette|1
|-damage|p2a: Floette|0 fnt
|faint|p2a: Floette
|move|p1b: Pelipper|Muddy Water|p2b: Rotom
|-resisted|p2b: Rotom|1
|-damage|p2b: Rotom|53/100
|
|-weather|RainDance|[upkeep]
|upkeep
|
|t:|1782192085
|switch|p2a: Incineroar|Incineroar, L50, F|100/100
|-ability|p2a: Incineroar|Intimidate|boost
|-unboost|p1a: Mawile|atk|1
|-unboost|p1b: Pelipper|atk|1
|turn|6
|
|t:|1782192101
|switch|p1a: Raichu|Raichu, L50, F|63/100
|move|p2b: Rotom|Electroweb|p1b: Pelipper|[spread] p1b
|-ability|p1a: Raichu|Lightning Rod|boost
|-boost|p1a: Raichu|spa|1
|-supereffective|p1b: Pelipper|2
|-damage|p1b: Pelipper|0 fnt
|faint|p1b: Pelipper
|move|p2a: Incineroar|Darkest Lariat|p1a: Raichu
|-damage|p1a: Raichu|0 fnt
|faint|p1a: Raichu
|
|-weather|none
|upkeep
|
|t:|1782192107
|switch|p1b: Mawile|Mawile-Mega, L50, F|25/100
|turn|7
|
|t:|1782192115
|move|p2b: Rotom|Leaf Storm|p1b: Mawile
|-resisted|p1b: Mawile|1
|-damage|p1b: Mawile|0 fnt
|-unboost|p2b: Rotom|spa|2
|faint|p1b: Mawile
|
|win|stormyrat
||Jay_th3_one is ready for game 2.
