|j|☆failandimprove5
|j|☆helio list
|html|failandimprove5helio list    
|uhtml|bestof|Game 1 of a best-of-3
|t:|1784666169
|gametype|doubles
|player|p1|failandimprove5|265|1385
|player|p2|helio list|1|1442
|gen|9
|tier|[Gen 9 Champions] VGC 2026 Reg M-B (Bo3)
|rated|
|rule|Species Clause: Limit one of each Pokémon
|rule|Item Clause: Limit 1 of each item
|clearpoke
|poke|p1|Kingambit, L50, M|
|poke|p1|Sneasler, L50, F|
|poke|p1|Froslass, L50, F|
|poke|p1|Lycanroc-Dusk, L50, M|
|poke|p1|Basculegion, L50, M|
|poke|p1|Scovillain, L50, M|
|poke|p2|Garchomp, L50, F|
|poke|p2|Talonflame, L50, M|
|poke|p2|Floette-Eternal, L50, F|
|poke|p2|Basculegion, L50, M|
|poke|p2|Vivillon-Pokeball, L50, M|
|poke|p2|Kingambit, L50, F|
|teampreview|4
|showteam|p1|Kingambit||LifeOrb|Defiant|KowtowCleave,SuckerPunch,SwordsDance,Protect|Adamant||M|||50|]Sneasler||WhiteHerb|Unburden|FakeOut,CloseCombat,GunkShot,Protect|Adamant||F|||50|]Froslass||Froslassite|SnowCloak|Blizzard,AuroraVeil,ShadowBall,Protect|Timid||F|||50|]Lycanroc-Dusk||FocusSash|ToughClaws|CloseCombat,RockSlide,Accelerock,Protect|Adamant||M|||50|]Basculegion||SitrusBerry|Adaptability|LastRespects,AquaJet,WaveCrash,Protect|Adamant||M|||50|]Scovillain||Scovillainite|Moody|Overheat,GigaDrain,RagePowder,Protect|Bold||M|||50|
|showteam|p2|Garchomp||LifeOrb|RoughSkin|Earthquake,RockSlide,DragonClaw,Protect|Jolly||F|||50|]Talonflame||SharpBeak|GaleWings|DualWingbeat,FlareBlitz,Tailwind,Protect|Jolly||M|||50|]Floette-Eternal||Floettite|FlowerVeil|CalmMind,Protect,LightofRuin,DazzlingGleam|Modest||F|||50|]Basculegion||FocusSash|Adaptability|Liquidation,LastRespects,AquaJet,Protect|Adamant||M|||50|]Vivillon-Pokeball||ChoiceScarf|CompoundEyes|SleepPowder,Tailwind,RagePowder,Hurricane|Timid||M|||50|]Kingambit||OccaBerry|Defiant|SuckerPunch,KowtowCleave,IronHead,Protect|Adamant||F|||50|
|inactive|Battle timer is ON: inactive players will automatically lose when time's up. (requested by helio list)
|inactive|failandimprove5 has 60 seconds left.
|
|t:|1784666215
|teamsize|p1|4
|teamsize|p2|4
|start
|switch|p1a: Lycanroc|Lycanroc-Dusk, L50, M|100/100
|switch|p1b: Froslass|Froslass, L50, F|100/100
|switch|p2a: Talonflame|Talonflame, L50, M|100/100
|switch|p2b: Garchomp|Garchomp, L50, F|100/100
|turn|1
|
|t:|1784666231
|detailschange|p1b: Froslass|Froslass-Mega, L50, F
|-mega|p1b: Froslass|Froslass|Froslassite
|-weather|Snowscape|[from] ability: Snow Warning|[of] p1b: Froslass
|move|p1a: Lycanroc|Protect|p1a: Lycanroc
|-singleturn|p1a: Lycanroc|Protect
|move|p2a: Talonflame|Tailwind|p2a: Talonflame
|-sidestart|p2: helio list|move: Tailwind
|move|p2b: Garchomp|Earthquake|p1a: Lycanroc|[spread] p1b
|-activate|p1a: Lycanroc|move: Protect
|-immune|p2a: Talonflame
|-damage|p1b: Froslass|55/100
|-damage|p2b: Garchomp|90/100|[from] item: Life Orb
|move|p1b: Froslass|Aurora Veil|p1b: Froslass
|-sidestart|p1: failandimprove5|move: Aurora Veil
|
|-weather|Snowscape|[upkeep]
|upkeep
|turn|2
|
|t:|1784666246
|move|p2a: Talonflame|Dual Wingbeat|p1b: Froslass
|-damage|p1b: Froslass|45/100
|-damage|p1b: Froslass|34/100
|-hitcount|p1b: Froslass|2
|move|p1a: Lycanroc|Accelerock|p2a: Talonflame
|-supereffective|p2a: Talonflame|2
|-damage|p2a: Talonflame|0 fnt
|faint|p2a: Talonflame
|move|p2b: Garchomp|Rock Slide|p1a: Lycanroc|[spread] p1a,p1b
|-supereffective|p1b: Froslass|1
|-damage|p1a: Lycanroc|72/100
|-damage|p1b: Froslass|2/100
|-damage|p2b: Garchomp|80/100|[from] item: Life Orb
|move|p1b: Froslass|Blizzard|p2b: Garchomp
|-supereffective|p2b: Garchomp|2
|-damage|p2b: Garchomp|0 fnt
|faint|p2b: Garchomp
|
|-weather|Snowscape|[upkeep]
|upkeep
|
|t:|1784666256
|switch|p2a: Floette|Floette-Eternal, L50, F|100/100
|switch|p2b: Basculegion|Basculegion, L50, M|100/100
|turn|3
|
|t:|1784666268
|detailschange|p2a: Floette|Floette-Mega, L50, F
|-mega|p2a: Floette|Floette|Floettite
|-ability|p2a: Floette|Fairy Aura
|move|p2b: Basculegion|Aqua Jet|p1b: Froslass
|-damage|p1b: Froslass|0 fnt
|faint|p1b: Froslass
|move|p1a: Lycanroc|Accelerock|p2b: Basculegion
|-damage|p2b: Basculegion|63/100
|move|p2a: Floette|Calm Mind|p2a: Floette
|-boost|p2a: Floette|spa|1
|-boost|p2a: Floette|spd|1
|
|-weather|Snowscape|[upkeep]
|upkeep
|
|t:|1784666279
|switch|p1b: Kingambit|Kingambit, L50, M|100/100
|turn|4
|
|t:|1784666287
|move|p1a: Lycanroc|Protect|p1a: Lycanroc
|-singleturn|p1a: Lycanroc|Protect
|move|p2b: Basculegion|Aqua Jet|p1b: Kingambit
|-damage|p1b: Kingambit|86/100
|move|p2a: Floette|Dazzling Gleam|p1a: Lycanroc|[spread] p1b
|-activate|p1a: Lycanroc|move: Protect
|-damage|p1b: Kingambit|38/100
|move|p1b: Kingambit|Swords Dance|p1b: Kingambit
|-boost|p1b: Kingambit|atk|2
|
|-weather|Snowscape|[upkeep]
|-sideend|p2: helio list|move: Tailwind
|upkeep
|turn|5
|inactive|failandimprove5 has 30 seconds left.
|
|t:|1784666315
|move|p2b: Basculegion|Aqua Jet|p1a: Lycanroc
|-supereffective|p1a: Lycanroc|1
|-damage|p1a: Lycanroc|16/100
|move|p1b: Kingambit|Sucker Punch|p2a: Floette
|-resisted|p2a: Floette|1
|-damage|p2a: Floette|31/100
|-damage|p1b: Kingambit|28/100|[from] item: Life Orb
|move|p1a: Lycanroc|Rock Slide|p2b: Basculegion|[spread] p2a,p2b
|-damage|p2a: Floette|0 fnt
|-damage|p2b: Basculegion|23/100
|faint|p2a: Floette
|
|-weather|none
|-sideend|p1: failandimprove5|move: Aurora Veil
|upkeep
|turn|6
|-message|helio list forfeited.
|
|win|failandimprove5
