|j|☆Sticky55
|j|☆echofire
|html|Sticky55echofire    
|uhtml|bestof|Game 2 of a best-of-3
|t:|1782502984
|gametype|doubles
|player|p1|Sticky55|169|1265
|player|p2|echofire|emma-lza|1349
|gen|9
|tier|[Gen 9 Champions] VGC 2026 Reg M-B (Bo3)
|rated|
|rule|Species Clause: Limit one of each Pokémon
|rule|Item Clause: Limit 1 of each item
|clearpoke
|poke|p1|Blaziken, L50, F|
|poke|p1|Sneasler, L50, F|
|poke|p1|Aerodactyl, L50, F|
|poke|p1|Sinistcha, L50|
|poke|p1|Kingambit, L50, F|
|poke|p1|Floette-Eternal, L50, F|
|poke|p2|Swampert, L50, M, shiny|
|poke|p2|Archaludon, L50, M, shiny|
|poke|p2|Pelipper, L50, M, shiny|
|poke|p2|Metagross, L50, shiny|
|poke|p2|Sinistcha-Masterpiece, L50, shiny|
|poke|p2|Grimmsnarl, L50, M, shiny|
|teampreview|4
|showteam|p1|Blaziken||LifeOrb|SpeedBoost|FlareBlitz,CloseCombat,Protect,RockSlide|Adamant||F|||50|]Sneasler||WhiteHerb|Unburden|DireClaw,CloseCombat,Protect,FakeOut|Adamant||F|||50|]Aerodactyl||Aerodactylite|Unnerve|IceFang,Tailwind,DualWingbeat,RockSlide|Jolly||F|||50|]Sinistcha||SitrusBerry|Hospitality|MatchaGotcha,Protect,TrickRoom,RagePowder|Bold|||||50|]Kingambit||BlackGlasses|Defiant|Protect,SuckerPunch,KowtowCleave,SwordsDance|Adamant||F|||50|]Floette-Eternal||Floettite|FlowerVeil|DazzlingGleam,Moonblast,Protect,CalmMind|Modest||F|||50|
|showteam|p2|Swampert||Swampertite|Damp|WaveCrash,Earthquake,IcePunch,Protect|Adamant||M|||50|]Archaludon||Leftovers|Stamina|ElectroShot,DragonPulse,FlashCannon,Protect|Calm||M|||50|]Pelipper||DampRock|Drizzle|Hurricane,Tailwind,WeatherBall,Protect|Calm||M|||50|]Metagross||Metagrossite|ClearBody|MeteorMash,BulletPunch,PsychicFangs,Protect|Adamant|||||50|]Sinistcha-Masterpiece||SitrusBerry|Hospitality|MatchaGotcha,LifeDew,RagePowder,Protect|Bold|||||50|]Grimmsnarl||LightClay|Prankster|SpiritBreak,PartingShot,Reflect,LightScreen|Careful||M|||50|
|inactive|Battle timer is ON: inactive players will automatically lose when time's up. (requested by Sticky55)
|
|t:|1782503005
|teamsize|p1|4
|teamsize|p2|4
|start
|switch|p1a: Sneasler|Sneasler, L50, F|100/100
|switch|p1b: Floette|Floette-Eternal, L50, F|100/100
|switch|p2a: Terabyte|Metagross, L50, shiny|100/100
|switch|p2b: Grinch|Grimmsnarl, L50, M, shiny|100/100
|turn|1
|inactive|Sticky55 has 30 seconds left.
|inactive|echofire has 30 seconds left.
|
|t:|1782503034
|switch|p1b: Sinistcha|Sinistcha, L50|100/100
|detailschange|p2a: Terabyte|Metagross-Mega, L50, shiny
|-mega|p2a: Terabyte|Metagross|Metagrossite
|move|p1a: Sneasler|Close Combat|p2a: Terabyte
|-damage|p2a: Terabyte|43/100
|-unboost|p1a: Sneasler|def|1
|-unboost|p1a: Sneasler|spd|1
|-enditem|p1a: Sneasler|White Herb
|-clearnegativeboost|p1a: Sneasler|[silent]
|move|p2a: Terabyte|Psychic Fangs|p1a: Sneasler
|-supereffective|p1a: Sneasler|2
|-damage|p1a: Sneasler|0 fnt
|faint|p1a: Sneasler
|move|p2b: Grinch|Spirit Break|p1b: Sinistcha
|-damage|p1b: Sinistcha|76/100
|-unboost|p1b: Sinistcha|spa|1
|
|upkeep
|
|t:|1782503050
|switch|p1a: Kingambit|Kingambit, L50, F|100/100
|turn|2
|inactive|echofire has 30 seconds left.
|
|t:|1782503076
|move|p2a: Terabyte|Meteor Mash|p1a: Kingambit
|-resisted|p1a: Kingambit|1
|-damage|p1a: Kingambit|72/100
|-boost|p2a: Terabyte|atk|1
|move|p1b: Sinistcha|Matcha Gotcha|p2a: Terabyte|[spread] p2a,p2b
|-resisted|p2a: Terabyte|1
|-damage|p2a: Terabyte|35/100
|-heal|p1b: Sinistcha|80/100|[from] drain|[of] p2a: Terabyte
|-damage|p2b: Grinch|84/100
|-heal|p1b: Sinistcha|89/100|[from] drain|[of] p2b: Grinch
|move|p2b: Grinch|Spirit Break|p1b: Sinistcha
|-damage|p1b: Sinistcha|65/100
|-unboost|p1b: Sinistcha|spa|1
|move|p1a: Kingambit|Swords Dance|p1a: Kingambit
|-boost|p1a: Kingambit|atk|2
|
|upkeep
|turn|3
|inactive|Sticky55 has 30 seconds left.
|inactive|Sticky55 has 20 seconds left.
|
|t:|1782503115
|move|p2a: Terabyte|Bullet Punch|p1b: Sinistcha
|-damage|p1b: Sinistcha|24/100
|-enditem|p1b: Sinistcha|Sitrus Berry|[eat]
|-heal|p1b: Sinistcha|48/100|[from] item: Sitrus Berry
|move|p2b: Grinch|Reflect|p2b: Grinch
|-sidestart|p2: echofire|Reflect
|move|p1a: Kingambit|Sucker Punch||[still]
|-fail|p1a: Kingambit
|move|p1b: Sinistcha|Trick Room|p1b: Sinistcha
|-fieldstart|move: Trick Room|[of] p1b: Sinistcha
|
|upkeep
|turn|4
|
|t:|1782503137
|switch|p2b: Golden Gate|Archaludon, L50, M, shiny|100/100
|switch|p2a: Jonathan Pepper|Pelipper, L50, M, shiny|100/100
|-weather|RainDance|[from] ability: Drizzle|[of] p2a: Jonathan Pepper
|move|p1b: Sinistcha|Protect|p1b: Sinistcha
|-singleturn|p1b: Sinistcha|Protect
|move|p1a: Kingambit|Kowtow Cleave|p2a: Jonathan Pepper
|-damage|p2a: Jonathan Pepper|26/100
|
|-weather|RainDance|[upkeep]
|upkeep
|turn|5
|inactive|Sticky55 has 30 seconds left.
|inactive|Sticky55 has 20 seconds left.
|inactive|Sticky55 has 15 seconds left.
|inactive|Sticky55 has 10 seconds left.
|
|t:|1782503186
|move|p1b: Sinistcha|Rage Powder|p1b: Sinistcha
|-singleturn|p1b: Sinistcha|move: Rage Powder
|move|p1a: Kingambit|Kowtow Cleave|p2a: Jonathan Pepper
|-damage|p2a: Jonathan Pepper|0 fnt
|faint|p2a: Jonathan Pepper
|move|p2b: Golden Gate|Electro Shot||[still]
|-prepare|p2b: Golden Gate|Electro Shot
|-boost|p2b: Golden Gate|spa|1
|-anim|p2b: Golden Gate|Electro Shot|p1b: Sinistcha
|-resisted|p1b: Sinistcha|1
|-damage|p1b: Sinistcha|21/100
|
|-weather|RainDance|[upkeep]
|upkeep
|
|t:|1782503197
|switch|p2a: Grinch|Grimmsnarl, L50, M, shiny|84/100
|turn|6
|inactive|Sticky55 has 30 seconds left.
|inactive|Sticky55 has 20 seconds left.
|inactive|Sticky55 has 15 seconds left.
|inactive|Sticky55 has 10 seconds left.
|inactive|Sticky55 has 5 seconds left.
|
|t:|1782503250
|move|p1b: Sinistcha|Protect|p1b: Sinistcha
|-singleturn|p1b: Sinistcha|Protect
|move|p1a: Kingambit|Kowtow Cleave|p2b: Golden Gate
|-damage|p2b: Golden Gate|46/100
|-ability|p2b: Golden Gate|Stamina|boost
|-boost|p2b: Golden Gate|def|1
|move|p2a: Grinch|Spirit Break|p1b: Sinistcha
|-activate|p1b: Sinistcha|move: Protect
|move|p2b: Golden Gate|Electro Shot||[still]
|-prepare|p2b: Golden Gate|Electro Shot
|-boost|p2b: Golden Gate|spa|1
|-anim|p2b: Golden Gate|Electro Shot|p1a: Kingambit
|-damage|p1a: Kingambit|0 fnt
|faint|p1a: Kingambit
|
|-weather|RainDance|[upkeep]
|-heal|p2b: Golden Gate|52/100|[from] item: Leftovers
|upkeep
|
|t:|1782503266
|switch|p1a: Floette|Floette-Eternal, L50, F|100/100
|turn|7
|inactive|echofire has 30 seconds left.
|inactive|Sticky55 has 30 seconds left.
|inactive|Sticky55 has 20 seconds left.
|inactive|Sticky55 has 15 seconds left.
|
|t:|1782503311
|detailschange|p1a: Floette|Floette-Mega, L50, F
|-mega|p1a: Floette|Floette|Floettite
|-ability|p1a: Floette|Fairy Aura
|move|p2a: Grinch|Light Screen|p2a: Grinch
|-sidestart|p2: echofire|move: Light Screen
|move|p1b: Sinistcha|Matcha Gotcha|p2b: Golden Gate|[spread] p2a,p2b
|-resisted|p2b: Golden Gate|2
|-damage|p2a: Grinch|76/100
|-heal|p1b: Sinistcha|26/100|[from] drain|[of] p2a: Grinch
|-damage|p2b: Golden Gate|50/100g
|-heal|p1b: Sinistcha|27/100|[from] drain|[of] p2b: Golden Gate
|-status|p2a: Grinch|brn
|-ability|p2b: Golden Gate|Stamina|boost
|-boost|p2b: Golden Gate|def|1
|move|p2b: Golden Gate|Flash Cannon|p1a: Floette
|-supereffective|p1a: Floette|1
|-damage|p1a: Floette|1/100
|move|p1a: Floette|Moonblast|p2b: Golden Gate
|-damage|p2b: Golden Gate|4/100
|-unboost|p2b: Golden Gate|spa|1
|-ability|p2b: Golden Gate|Stamina|boost
|-boost|p2b: Golden Gate|def|1
|
|-weather|RainDance|[upkeep]
|-heal|p2b: Golden Gate|10/100|[from] item: Leftovers
|-damage|p2a: Grinch|70/100 brn|[from] brn
|-fieldend|move: Trick Room
|upkeep
|turn|8
|inactive|Sticky55 has 30 seconds left.
|inactive|echofire has 30 seconds left.
|inactive|Sticky55 has 20 seconds left.
|inactive|echofire has 20 seconds left.
|
|t:|1782503348
|move|p1b: Sinistcha|Rage Powder|p1b: Sinistcha
|-singleturn|p1b: Sinistcha|move: Rage Powder
|move|p1a: Floette|Dazzling Gleam|p2a: Grinch|[spread] p2a,p2b
|-supereffective|p2a: Grinch|1
|-damage|p2a: Grinch|0 fnt
|-damage|p2b: Golden Gate|0 fnt
|faint|p2a: Grinch
|faint|p2b: Golden Gate
|
|-weather|RainDance|[upkeep]
|upkeep
|c|☆echofire|that rlly sucks
|
|t:|1782503358
|switch|p2b: Terabyte|Metagross-Mega, L50, shiny|35/100
|turn|9
|c|☆Sticky55|wtf it did so MUCH
|c|☆echofire|the flash cannon?
|inactive|Sticky55 has 30 seconds left.
|c|☆Sticky55|no my dazzling
|c|☆echofire|oh
|inactive|echofire has 30 seconds left.
|inactive|Sticky55 has 20 seconds left.
|c|☆echofire|yea Colette go brr
|inactive|echofire has 20 seconds left.
|c|☆echofire|floette
|c|☆Sticky55|fr
|
|t:|1782503402
|move|p1b: Sinistcha|Rage Powder|p1b: Sinistcha
|-singleturn|p1b: Sinistcha|move: Rage Powder
|move|p2b: Terabyte|Meteor Mash|p1b: Sinistcha
|-damage|p1b: Sinistcha|0 fnt
|faint|p1b: Sinistcha
|move|p1a: Floette|Moonblast|p2b: Terabyte
|-resisted|p2b: Terabyte|1
|-damage|p2b: Terabyte|5/100
|
|-weather|RainDance|[upkeep]
|upkeep
|turn|10
|c|☆echofire|METAGROSS MY KING
|
|t:|1782503411
|move|p2b: Terabyte|Bullet Punch|p1a: Floette
|-supereffective|p1a: Floette|1
|-damage|p1a: Floette|0 fnt
|faint|p1a: Floette
|
|win|echofire
|c|☆Sticky55|welp
||echofire is ready for game 3.
||Sticky55 is ready for game 3.
|uhtml|next|Next: Game 3 of 3
|l|☆echofire
|player|p2|
