|j|â˜†ScaryQwQ
|j|â˜†AnonTokyoOfficial
|html|ScaryQwQAnonTokyoOfficial    
|uhtml|bestof|Game 1 of a best-of-3
|t:|1785065416
|gametype|doubles
|player|p1|ScaryQwQ|101|
|player|p2|AnonTokyoOfficial|guitarist|
|gen|9
|tier|[Gen 9 Champions] VGC 2026 Reg M-B (Bo3)
|rule|Species Clause: Limit one of each PokÃ©mon
|rule|Item Clause: Limit 1 of each item
|clearpoke
|poke|p1|Whimsicott, L50, F|
|poke|p1|Ceruledge, L50, F|
|poke|p1|Garchomp, L50, M|
|poke|p1|Gholdengo, L50|
|poke|p1|Kingambit, L50, M|
|poke|p1|Staraptor, L50, M|
|poke|p2|Basculegion, L50, M|
|poke|p2|Metagross, L50|
|poke|p2|Hydreigon, L50, F|
|poke|p2|Sneasler, L50, M|
|poke|p2|Whimsicott, L50, M|
|poke|p2|Charizard, L50, M|
|teampreview|4
|showteam|p1|Whimsicott||FocusSash|Prankster|Moonblast,Tailwind,Charm,Protect|Timid||F|||50|]Ceruledge||ColburBerry|FlashFire|BitterBlade,ShadowSneak,BulkUp,Protect|Adamant||F|||50|]Garchomp||LifeOrb|RoughSkin|Earthquake,RockSlide,DragonClaw,Protect|Jolly||M|||50|]Gholdengo||SpellTag|GoodasGold|MakeItRain,ShadowBall,NastyPlot,Protect|Modest|||||50|]Kingambit||OccaBerry|Defiant|KowtowCleave,SuckerPunch,LowKick,IronHead|Adamant||M|||50|]Staraptor||Staraptite|Intimidate|CloseCombat,Roost,BraveBird,Protect|Jolly||M|||50|
|showteam|p2|Basculegion||MysticWater|Adaptability|LastRespects,WaveCrash,AquaJet,Protect|Adamant||M|||50|]Metagross||Metagrossite|ClearBody|StoneEdge,PsychicFangs,IronHead,Protect|Jolly|||||50|]Hydreigon||LifeOrb|Levitate|DarkPulse,DracoMeteor,EarthPower,Protect|Modest||F|||50|]Sneasler||WhiteHerb|Unburden|FakeOut,CloseCombat,DireClaw,Protect|Adamant||M|||50|]Whimsicott||FocusSash|Prankster|Encore,Moonblast,Tailwind,Protect|Timid||M|||50|]Charizard||CharizarditeY|Blaze|HeatWave,WeatherBall,SolarBeam,Protect|Modest||M|||50|
|c|â˜†AnonTokyoOfficial|glhf
|c|â˜†ScaryQwQ|glhf
|j|+Von Mjrn
|j| Knowtreasure
|
|t:|1785065570
|teamsize|p1|4
|teamsize|p2|4
|start
|switch|p1a: Whimsicott|Whimsicott, L50, F|100/100
|switch|p1b: Garchomp|Garchomp, L50, M|100/100
|switch|p2a: Charizard|Charizard, L50, M|100/100
|switch|p2b: Whimsicott|Whimsicott, L50, M|100/100
|turn|1
|l|+Von Mjrn
|
|t:|1785065640
|detailschange|p2a: Charizard|Charizard-Mega-Y, L50, M
|-mega|p2a: Charizard|Charizard|Charizardite Y
|-weather|SunnyDay|[from] ability: Drought|[of] p2a: Charizard
|move|p1a: Whimsicott|Tailwind|p1a: Whimsicott
|-sidestart|p1: ScaryQwQ|move: Tailwind
|move|p1b: Garchomp|Rock Slide|p2a: Charizard|[spread] p2a,p2b
|-supereffective|p2a: Charizard|2
|-damage|p2a: Charizard|6/100
|-damage|p2b: Whimsicott|64/100
|-damage|p1b: Garchomp|90/100|[from] item: Life Orb
|cant|p2b: Whimsicott|flinch
|move|p2a: Charizard|Heat Wave|p1b: Garchomp|[spread] p1a,p1b
|-supereffective|p1a: Whimsicott|1
|-resisted|p1b: Garchomp|1
|-enditem|p1a: Whimsicott|Focus Sash
|-damage|p1a: Whimsicott|1/100
|-damage|p1b: Garchomp|57/100
|
|-weather|SunnyDay|[upkeep]
|upkeep
|turn|2
|
|t:|1785065692
|move|p2a: Charizard|Protect|p2a: Charizard
|-singleturn|p2a: Charizard|Protect
|move|p1a: Whimsicott|Moonblast|p2b: Whimsicott
|-damage|p2b: Whimsicott|4/100
|move|p1b: Garchomp|Rock Slide|p2a: Charizard|[spread] p2b
|-activate|p2a: Charizard|move: Protect
|-damage|p2b: Whimsicott|0 fnt
|faint|p2b: Whimsicott
|-damage|p1b: Garchomp|48/100|[from] item: Life Orb
|
|-weather|SunnyDay|[upkeep]
|upkeep
|
|t:|1785065727
|switch|p2b: Sneasler|Sneasler, L50, M|100/100
|turn|3
|
|t:|1785065756
|move|p1a: Whimsicott|Protect|p1a: Whimsicott
|-singleturn|p1a: Whimsicott|Protect
|move|p1b: Garchomp|Protect|p1b: Garchomp
|-singleturn|p1b: Garchomp|Protect
|move|p2b: Sneasler|Fake Out|p1b: Garchomp
|-activate|p1b: Garchomp|move: Protect
|move|p2a: Charizard|Weather Ball|p1b: Garchomp
|-activate|p1b: Garchomp|move: Protect
|
|-weather|SunnyDay|[upkeep]
|upkeep
|turn|4
|j| huity
|
|t:|1785065785
|switch|p2b: Basculegion|Basculegion, L50, M|100/100
|move|p1a: Whimsicott|Moonblast|p2a: Charizard
|-resisted|p2a: Charizard|1
|-damage|p2a: Charizard|0 fnt
|faint|p2a: Charizard
|move|p1b: Garchomp|Earthquake|p2b: Basculegion|[spread] p1a,p2b
|-resisted|p1a: Whimsicott|1
|-damage|p1a: Whimsicott|0 fnt
|-damage|p2b: Basculegion|42/100
|faint|p1a: Whimsicott
|-damage|p1b: Garchomp|38/100|[from] item: Life Orb
|
|-weather|SunnyDay|[upkeep]
|-sideend|p1: ScaryQwQ|move: Tailwind
|upkeep
|
|t:|1785065829
|switch|p1a: Staraptor|Staraptor, L50, M|100/100
|switch|p2a: Sneasler|Sneasler, L50, M|100/100
|-ability|p1a: Staraptor|Intimidate|boost
|-unboost|p2a: Sneasler|atk|1
|-unboost|p2b: Basculegion|atk|1
|-enditem|p2a: Sneasler|White Herb
|-clearnegativeboost|p2a: Sneasler|[silent]
|turn|5
|
|t:|1785065850
|detailschange|p1a: Staraptor|Staraptor-Mega, L50, M
|-mega|p1a: Staraptor|Staraptor|Staraptite
|move|p2a: Sneasler|Protect|p2a: Sneasler
|-singleturn|p2a: Sneasler|Protect
|move|p2b: Basculegion|Protect|p2b: Basculegion
|-singleturn|p2b: Basculegion|Protect
|move|p1a: Staraptor|Brave Bird|p2a: Sneasler
|-activate|p2a: Sneasler|move: Protect
|move|p1b: Garchomp|Earthquake|p2a: Sneasler|[spread] 
|-activate|p2a: Sneasler|move: Protect
|-activate|p2b: Basculegion|move: Protect
|-immune|p1a: Staraptor
|
|-weather|none
|upkeep
|turn|6
|
|t:|1785065887
|move|p2a: Sneasler|Dire Claw|p1a: Staraptor
|-damage|p1a: Staraptor|45/100
|-status|p1a: Staraptor|slp
|cant|p1a: Staraptor|slp
|move|p1b: Garchomp|Earthquake|p2b: Basculegion|[spread] p2a,p2b
|-immune|p1a: Staraptor
|-supereffective|p2a: Sneasler|1
|-crit|p2b: Basculegion
|-damage|p2a: Sneasler|0 fnt
|-damage|p2b: Basculegion|0 fnt
|faint|p2a: Sneasler
|faint|p2b: Basculegion
|-damage|p1b: Garchomp|28/100|[from] item: Life Orb
|
|win|ScaryQwQ
||AnonTokyoOfficial is ready for game 2.
|inactive|ScaryQwQ has 30 seconds to confirm battle start!
||ScaryQwQ is ready for game 2.
|uhtml|next|Next: Game 2 of 3
|l| huity
|j| XYStarshine
|l|â˜†AnonTokyoOfficial
|player|p2|
