|j|☆Drunk express
|j|☆Cozmoonshowdown
|html|Drunk expressCozmoonshowdown    
|uhtml|bestof|Game 2 of a best-of-3
|t:|1783514958
|gametype|doubles
|player|p1|Drunk express|102|1166
|player|p2|Cozmoonshowdown|kieran-champion|1083
|gen|9
|tier|[Gen 9 Champions] VGC 2026 Reg M-B (Bo3)
|rated|
|rule|Species Clause: Limit one of each Pokémon
|rule|Item Clause: Limit 1 of each item
|clearpoke
|poke|p1|Tyranitar, L50, F|
|poke|p1|Pelipper, L50, M, shiny|
|poke|p1|Raichu, L50, M|
|poke|p1|Archaludon, L50, F|
|poke|p1|Ninetales-Alola, L50, F|
|poke|p1|Zoroark-Hisui, L50, F|
|poke|p2|Metagross, L50, shiny|
|poke|p2|Swampert, L50, F, shiny|
|poke|p2|Archaludon, L50, F|
|poke|p2|Pelipper, L50, F|
|poke|p2|Grimmsnarl, L50, M|
|poke|p2|Sinistcha, L50|
|teampreview|4
|showteam|p1|Tyranitar||Tyranitarite|Unnerve|DragonDance,RockSlide,Protect,KnockOff|Adamant||F|||50|]Pelipper||FocusSash|Drizzle|Tailwind,Hurricane,WeatherBall,IcyWind|Modest||M|||50|]Raichu||RaichuniteY|LightningRod|FakeOut,FocusBlast,ZapCannon,Protect|Timid||M|||50|]Archaludon||ShucaBerry|Stalwart|ElectroShot,DracoMeteor,Protect,FlashCannon|Modest||F|||50|]Ninetales-Alola||LightClay|SnowWarning|AuroraVeil,Protect,Moonblast,IcyWind|Timid||F|||50|]Zoroark-Hisui||SilkScarf|Illusion|Roar,ShadowBall,HyperBeam,HyperVoice|Timid||F|||50|
|showteam|p2|Metagross||Metagrossite|ClearBody|IronHead,BodyPress,PsychicFangs,Protect|Jolly|||||50|]Swampert||Swampertite|Torrent|WaveCrash,IcePunch,Earthquake,Protect|Adamant||F|||50|]Archaludon||Leftovers|Stamina|ElectroShot,Protect,DracoMeteor,FlashCannon|Modest||F|||50|]Pelipper||SitrusBerry|Drizzle|Hurricane,WeatherBall,Tailwind,WideGuard|Modest||F|||50|]Grimmsnarl||LightClay|Prankster|LightScreen,Reflect,FoulPlay,PartingShot|Careful||M|||50|]Sinistcha||KasibBerry|Hospitality|TrickRoom,MatchaGotcha,RagePowder,LifeDew|Bold|||||50|
|inactive|Battle timer is ON: inactive players will automatically lose when time's up. (requested by Cozmoonshowdown)
|inactive|Drunk express has 60 seconds left.
|inactive|Drunk express has 30 seconds left.
|inactive|Drunk express has 20 seconds left.
|
|t:|1783515033
|teamsize|p1|4
|teamsize|p2|4
|start
|switch|p1a: Pelipper|Pelipper, L50, M, shiny|100/100
|switch|p1b: Raichu|Raichu, L50, M|100/100
|switch|p2a: I CAN DO ANYTHING!|Grimmsnarl, L50, M|100/100
|switch|p2b: Noelle in the lake|Swampert, L50, F, shiny|100/100
|-weather|RainDance|[from] ability: Drizzle|[of] p1a: Pelipper
|turn|1
|
|t:|1783515045
|detailschange|p2b: Noelle in the lake|Swampert-Mega, L50, F, shiny
|-mega|p2b: Noelle in the lake|Swampert|Swampertite
|move|p2b: Noelle in the lake|Protect|p2b: Noelle in the lake
|-singleturn|p2b: Noelle in the lake|Protect
|move|p1b: Raichu|Fake Out|p2b: Noelle in the lake
|-activate|p2b: Noelle in the lake|move: Protect
|move|p2a: I CAN DO ANYTHING!|Light Screen|p2a: I CAN DO ANYTHING!
|-sidestart|p2: Cozmoonshowdown|move: Light Screen
|move|p1a: Pelipper|Tailwind|p1a: Pelipper
|-sidestart|p1: Drunk express|move: Tailwind
|
|-weather|RainDance|[upkeep]
|upkeep
|turn|2
|inactive|Cozmoonshowdown has 30 seconds left.
|
|t:|1783515072
|switch|p1b: Archaludon|Archaludon, L50, F|100/100
|move|p2a: I CAN DO ANYTHING!|Reflect|p2a: I CAN DO ANYTHING!
|-sidestart|p2: Cozmoonshowdown|Reflect
|move|p2b: Noelle in the lake|Earthquake|p1a: Pelipper|[spread] p2a,p1b
|-immune|p1a: Pelipper
|-supereffective|p1b: Archaludon|1
|-enditem|p1b: Archaludon|Shuca Berry|[eat]
|-enditem|p1b: Archaludon|Shuca Berry|[weaken]
|-damage|p2a: I CAN DO ANYTHING!|67/100
|-damage|p1b: Archaludon|59/100
|move|p1a: Pelipper|Weather Ball|p2b: Noelle in the lake
|-damage|p2b: Noelle in the lake|61/100
|
|-weather|RainDance|[upkeep]
|upkeep
|turn|3
|inactive|Drunk express has 30 seconds left.
|
|t:|1783515103
|move|p2b: Noelle in the lake|Protect|p2b: Noelle in the lake
|-singleturn|p2b: Noelle in the lake|Protect
|move|p2a: I CAN DO ANYTHING!|Parting Shot|p1b: Archaludon
|-unboost|p1b: Archaludon|atk|1
|-unboost|p1b: Archaludon|spa|1
|
|t:|1783515108
|switch|p2a: Cyber City Bridge|Archaludon, L50, F|100/100|[from] Parting Shot
|move|p1b: Archaludon|Draco Meteor|p2b: Noelle in the lake
|-activate|p2b: Noelle in the lake|move: Protect
|move|p1a: Pelipper|Weather Ball|p2b: Noelle in the lake
|-activate|p2b: Noelle in the lake|move: Protect
|
|-weather|RainDance|[upkeep]
|upkeep
|turn|4
|
|t:|1783515128
|switch|p1b: Raichu|Raichu, L50, M|100/100
|move|p2a: Cyber City Bridge|Protect|p2a: Cyber City Bridge
|-singleturn|p2a: Cyber City Bridge|Protect
|move|p2b: Noelle in the lake|Earthquake|p1b: Raichu|[spread] p1b
|-activate|p2a: Cyber City Bridge|move: Protect
|-immune|p1a: Pelipper
|-supereffective|p1b: Raichu|1
|-damage|p1b: Raichu|0 fnt
|faint|p1b: Raichu
|move|p1a: Pelipper|Weather Ball|p2b: Noelle in the lake
|-damage|p2b: Noelle in the lake|22/100
|
|-weather|RainDance|[upkeep]
|-sideend|p1: Drunk express|move: Tailwind
|upkeep
|
|t:|1783515147
|switch|p1b: Ninetales|Ninetales-Alola, L50, F|100/100
|-weather|Snowscape|[from] ability: Snow Warning|[of] p1b: Ninetales
|turn|5
|
|t:|1783515155
|switch|p1b: Archaludon|Archaludon, L50, F|59/100
|switch|p2b: Mine? Mine? Mine?|Pelipper, L50, F|100/100
|-weather|RainDance|[from] ability: Drizzle|[of] p2b: Mine? Mine? Mine?
|move|p2a: Cyber City Bridge|Flash Cannon|p1b: Archaludon
|-resisted|p1b: Archaludon|1
|-damage|p1b: Archaludon|32/100
|move|p1a: Pelipper|Weather Ball|p2b: Mine? Mine? Mine?
|-resisted|p2b: Mine? Mine? Mine?|1
|-damage|p2b: Mine? Mine? Mine?|74/100
|
|-weather|RainDance|[upkeep]
|upkeep
|turn|6
|inactive|Drunk express has 30 seconds left.
|inactive|Drunk express has 20 seconds left.
|inactive|Drunk express has 15 seconds left.
|inactive|Drunk express has 10 seconds left.
|
|t:|1783515204
|switch|p2b: Noelle in the lake|Swampert-Mega, L50, F, shiny|22/100
|move|p1b: Archaludon|Electro Shot||[still]
|-prepare|p1b: Archaludon|Electro Shot
|-boost|p1b: Archaludon|spa|1
|-anim|p1b: Archaludon|Electro Shot|p2a: Cyber City Bridge
|-resisted|p2a: Cyber City Bridge|1
|-damage|p2a: Cyber City Bridge|77/100
|-ability|p2a: Cyber City Bridge|Stamina|boost
|-boost|p2a: Cyber City Bridge|def|1
|move|p2a: Cyber City Bridge|Electro Shot||[still]
|-prepare|p2a: Cyber City Bridge|Electro Shot
|-boost|p2a: Cyber City Bridge|spa|1
|-anim|p2a: Cyber City Bridge|Electro Shot|p1b: Archaludon
|-resisted|p1b: Archaludon|1
|-damage|p1b: Archaludon|0 fnt
|faint|p1b: Archaludon
|move|p1a: Pelipper|Hurricane|p2b: Noelle in the lake
|-damage|p2b: Noelle in the lake|0 fnt
|faint|p2b: Noelle in the lake
|
|-weather|RainDance|[upkeep]
|-heal|p2a: Cyber City Bridge|83/100|[from] item: Leftovers
|upkeep
|
|t:|1783515221
|switch|p1b: Ninetales|Ninetales-Alola, L50, F|100/100
|switch|p2b: I CAN DO ANYTHING!|Grimmsnarl, L50, M|67/100
|-weather|Snowscape|[from] ability: Snow Warning|[of] p1b: Ninetales
|turn|7
|
|t:|1783515231
|move|p1b: Ninetales|Moonblast|p2a: Cyber City Bridge
|-damage|p2a: Cyber City Bridge|61/100
|-ability|p2a: Cyber City Bridge|Stamina|boost
|-boost|p2a: Cyber City Bridge|def|1
|move|p2a: Cyber City Bridge|Flash Cannon|p1b: Ninetales
|-supereffective|p1b: Ninetales|2
|-damage|p1b: Ninetales|0 fnt
|faint|p1b: Ninetales
|move|p1a: Pelipper|Weather Ball|p2a: Cyber City Bridge
|-damage|p2a: Cyber City Bridge|41/100
|-ability|p2a: Cyber City Bridge|Stamina|boost
|-boost|p2a: Cyber City Bridge|def|1
|move|p2b: I CAN DO ANYTHING!|Foul Play|p1a: Pelipper
|-damage|p1a: Pelipper|80/100
|
|-weather|Snowscape|[upkeep]
|-heal|p2a: Cyber City Bridge|47/100|[from] item: Leftovers
|upkeep
|turn|8
|
|t:|1783515240
|move|p2b: I CAN DO ANYTHING!|Parting Shot|p1a: Pelipper
|-unboost|p1a: Pelipper|atk|1
|-unboost|p1a: Pelipper|spa|1
|
|t:|1783515242
|switch|p2b: Mine? Mine? Mine?|Pelipper, L50, F|74/100|[from] Parting Shot
|-weather|RainDance|[from] ability: Drizzle|[of] p2b: Mine? Mine? Mine?
|move|p2a: Cyber City Bridge|Electro Shot||[still]
|-prepare|p2a: Cyber City Bridge|Electro Shot
|-boost|p2a: Cyber City Bridge|spa|1
|-anim|p2a: Cyber City Bridge|Electro Shot|p1a: Pelipper
|-supereffective|p1a: Pelipper|2
|-damage|p1a: Pelipper|0 fnt
|faint|p1a: Pelipper
|
|win|Cozmoonshowdown
|raw|Drunk express's rating: 1166 → 1135(-31 for losing)
|raw|Cozmoonshowdown's rating: 1083 → 1117(+34 for winning)
|l|☆Drunk express
|player|p1|
