|j|☆Astonished25
|j|☆Miggle SoCal
|html|Astonished25Miggle SoCal    
|uhtml|bestof|Game 2 of a best-of-3
|t:|1757825813
|gametype|doubles
|player|p1|Astonished25|2|1256
|player|p2|Miggle SoCal|lucas|1173
|gen|9
|tier|[Gen 9] VGC 2025 Reg H (Bo3)
|rated|
|rule|Species Clause: Limit one of each Pokémon
|rule|Item Clause: Limit 1 of each item
|clearpoke
|poke|p1|Gholdengo, L50|
|poke|p1|Magmar, L50, M|
|poke|p1|Dragonite, L50, M|
|poke|p1|Rillaboom, L50, F|
|poke|p1|Annihilape, L50, M|
|poke|p1|Sneasler, L50, F|
|poke|p2|Ninetales-Alola, L50, M|
|poke|p2|Kommo-o, L50, F|
|poke|p2|Arcanine-Hisui, L50, M|
|poke|p2|Basculegion, L50, M|
|poke|p2|Kingambit, L50, M|
|poke|p2|Rillaboom, L50, M|
|teampreview|4
|showteam|p1|Gholdengo||LifeOrb|GoodasGold|Protect,NastyPlot,MakeItRain,ShadowBall||||||50|,,,,,Water]Magmar||Eviolite|VitalSpirit|Taunt,WillOWisp,FollowMe,BurningJealousy|||M|||50|,,,,,Ghost]Dragonite||LoadedDice|Multiscale|Protect,Haze,Tailwind,ScaleShot|||M|||50|,,,,,Fairy]Rillaboom||AssaultVest|GrassySurge|FakeOut,GrassyGlide,WoodHammer,HighHorsepower|||F|||50|,,,,,Fire]Annihilape||SafetyGoggles|Defiant|Protect,DrainPunch,RageFist,BulkUp|||M|||50|,,,,,Steel]Sneasler||GrassySeed|Unburden|CloseCombat,Coaching,DireClaw,Protect|||F|||50|,,,,,Stellar
|showteam|p2|Ninetales-Alola||FocusSash|SnowWarning|Blizzard,Encore,IcyWind,AuroraVeil|||M|||50|,,,,,Ghost]Kommo-o||ThroatSpray|Overcoat|ClangingScales,Flamethrower,ClangorousSoul,Protect|||F|||50|,,,,,Fire]Arcanine-Hisui||ChoiceBand|Intimidate|FlareBlitz,RockSlide,ExtremeSpeed,HeadSmash|||M|||50|,,,,,Ghost]Basculegion||ChoiceScarf|Adaptability|WaveCrash,LastRespects,FlipTurn,AquaJet|||M|||50|,,,,,Water]Kingambit||AssaultVest|Defiant|SuckerPunch,KowtowCleave,LowKick,IronHead|||M|||50|,,,,,Water]Rillaboom||MiracleSeed|GrassySurge|GrassyGlide,WoodHammer,FakeOut,Taunt|||M|||50|,,,,,Grass
|inactive|Battle timer is ON: inactive players will automatically lose when time's up. (requested by Astonished25)
|
|t:|1757825830
|teamsize|p1|4
|teamsize|p2|4
|start
|switch|p1a: Annihilape|Annihilape, L50, M|100/100
|switch|p1b: Dragonite|Dragonite, L50, M|100/100
|switch|p2a: Basculegion|Basculegion, L50, M|100/100
|switch|p2b: Ninetales|Ninetales-Alola, L50, M|100/100
|-weather|Snowscape|[from] ability: Snow Warning|[of] p2b: Ninetales
|turn|1
|
|t:|1757825845
|switch|p2a: Kommo-o|Kommo-o, L50, F|100/100
|-terastallize|p1b: Dragonite|Fairy
|move|p2b: Ninetales|Aurora Veil|p2b: Ninetales
|-sidestart|p2: Miggle SoCal|move: Aurora Veil
|move|p1a: Annihilape|Bulk Up|p1a: Annihilape
|-boost|p1a: Annihilape|atk|1
|-boost|p1a: Annihilape|def|1
|move|p1b: Dragonite|Tailwind|p1b: Dragonite
|-sidestart|p1: Astonished25|move: Tailwind
|
|-weather|Snowscape|[upkeep]
|upkeep
|turn|2
|
|t:|1757825866
|-terastallize|p2a: Kommo-o|Fire
|move|p1a: Annihilape|Protect|p1a: Annihilape
|-singleturn|p1a: Annihilape|Protect
|move|p1b: Dragonite|Scale Shot|p2a: Kommo-o|[miss]
|-miss|p1b: Dragonite|p2a: Kommo-o
|move|p2b: Ninetales|Encore|p1a: Annihilape
|-activate|p1a: Annihilape|move: Protect
|move|p2a: Kommo-o|Clangorous Soul|p2a: Kommo-o
|-boost|p2a: Kommo-o|atk|1
|-boost|p2a: Kommo-o|def|1
|-boost|p2a: Kommo-o|spa|1
|-boost|p2a: Kommo-o|spd|1
|-boost|p2a: Kommo-o|spe|1
|-damage|p2a: Kommo-o|68/100
|-enditem|p2a: Kommo-o|Throat Spray
|-boost|p2a: Kommo-o|spa|1|[from] item: Throat Spray
|
|-weather|Snowscape|[upkeep]
|upkeep
|turn|3
|
|t:|1757825881
|move|p1a: Annihilape|Rage Fist|p2a: Kommo-o
|-damage|p2a: Kommo-o|53/100
|move|p1b: Dragonite|Haze|p1b: Dragonite
|-clearallboost
|move|p2b: Ninetales|Blizzard|p1a: Annihilape|[spread] p1a,p1b
|-damage|p1a: Annihilape|66/100
|-damage|p1b: Dragonite|85/100
|move|p2a: Kommo-o|Flamethrower|p1a: Annihilape
|-damage|p1a: Annihilape|25/100
|
|-weather|Snowscape|[upkeep]
|upkeep
|turn|4
|
|t:|1757825904
|move|p1a: Annihilape|Rage Fist|p2a: Kommo-o
|-damage|p2a: Kommo-o|9/100
|move|p1b: Dragonite|Scale Shot|p2a: Kommo-o
|-damage|p2a: Kommo-o|0 fnt
|faint|p2a: Kommo-o
|-hitcount|p2: Kommo-o|1
|-unboost|p1b: Dragonite|def|1
|-boost|p1b: Dragonite|spe|1
|move|p2b: Ninetales|Blizzard|p1b: Dragonite|[spread] p1a,p1b
|-damage|p1a: Annihilape|0 fnt
|-damage|p1b: Dragonite|53/100
|-status|p1b: Dragonite|frz
|faint|p1a: Annihilape
|
|-weather|Snowscape|[upkeep]
|-sideend|p1: Astonished25|move: Tailwind
|upkeep
|
|t:|1757825918
|switch|p1a: Rillaboom|Rillaboom, L50, F|100/100
|switch|p2a: Basculegion|Basculegion, L50, M|100/100
|-fieldstart|move: Grassy Terrain|[from] ability: Grassy Surge|[of] p1a: Rillaboom
|turn|5
|
|t:|1757825925
|switch|p2b: Kingambit|Kingambit, L50, M|100/100
|cant|p1b: Dragonite|frz
|move|p2a: Basculegion|Flip Turn|p1b: Dragonite
|-damage|p1b: Dragonite|0 fnt
|faint|p1b: Dragonite
|
|t:|1757825931
|switch|p2a: Ninetales|Ninetales-Alola, L50, M|100/100|[from] Flip Turn
|move|p1a: Rillaboom|Wood Hammer|p2a: Ninetales
|-damage|p2a: Ninetales|40/100
|-damage|p1a: Rillaboom|85/100|[from] Recoil
|
|-weather|none
|-heal|p2a: Ninetales|46/100|[from] Grassy Terrain
|-heal|p1a: Rillaboom|92/100|[from] Grassy Terrain
|-sideend|p2: Miggle SoCal|move: Aurora Veil
|upkeep
|
|t:|1757825934
|switch|p1b: Sneasler|Sneasler, L50, F|100/100
|-enditem|p1b: Sneasler|Grassy Seed
|-boost|p1b: Sneasler|def|1|[from] item: Grassy Seed
|turn|6
|
|t:|1757825946
|move|p2b: Kingambit|Sucker Punch|p1b: Sneasler
|-resisted|p1b: Sneasler
|-damage|p1b: Sneasler|79/100
|move|p1b: Sneasler|Close Combat|p2b: Kingambit
|-supereffective|p2b: Kingambit
|-damage|p2b: Kingambit|0 fnt
|-unboost|p1b: Sneasler|def|1
|-unboost|p1b: Sneasler|spd|1
|faint|p2b: Kingambit
|move|p2a: Ninetales|Blizzard|p1a: Rillaboom|[spread] p1a
|-miss|p2a: Ninetales|p1b: Sneasler
|-supereffective|p1a: Rillaboom
|-damage|p1a: Rillaboom|44/100
|move|p1a: Rillaboom|Wood Hammer|p2a: Ninetales
|-damage|p2a: Ninetales|0 fnt
|faint|p2a: Ninetales
|-damage|p1a: Rillaboom|32/100|[from] Recoil
|
|-heal|p1b: Sneasler|85/100|[from] Grassy Terrain
|-heal|p1a: Rillaboom|39/100|[from] Grassy Terrain
|upkeep
|c|☆Astonished25|gg
|
|t:|1757825965
|switch|p2b: Basculegion|Basculegion, L50, M|100/100
|turn|7
|
|t:|1757825970
|move|p1a: Rillaboom|Grassy Glide|p2b: Basculegion
|-supereffective|p2b: Basculegion
|-damage|p2b: Basculegion|2/100
|move|p1b: Sneasler|Dire Claw|p2b: Basculegion
|-resisted|p2b: Basculegion
|-damage|p2b: Basculegion|0 fnt
|faint|p2b: Basculegion
|
|win|Astonished25
|raw|Astonished25's rating: 1256 → 1275(+19 for winning)
|raw|Miggle SoCal's rating: 1173 → 1154(-19 for losing)
|c|☆Miggle SoCal|gg wp
|l|☆Miggle SoCal
|player|p2|
|l|☆Astonished25
|player|p1|
