|j|☆sogreenitslime
|j|☆sum1dum
|html|sogreenitslimesum1dum    
|uhtml|bestof|Game 2 of a best-of-3
|t:|1783131923
|gametype|doubles
|player|p1|sogreenitslime|pokemaniac|1144
|player|p2|sum1dum|rosa|1234
|gen|9
|tier|[Gen 9 Champions] VGC 2026 Reg M-B (Bo3)
|rated|
|rule|Species Clause: Limit one of each Pokémon
|rule|Item Clause: Limit 1 of each item
|clearpoke
|poke|p1|Aerodactyl, L50, M|
|poke|p1|Rotom-Wash, L50|
|poke|p1|Sceptile, L50, F|
|poke|p1|Kingambit, L50, M|
|poke|p1|Ninetales-Alola, L50, M|
|poke|p1|Incineroar, L50, M|
|poke|p2|Gliscor, L50, M|
|poke|p2|Primarina, L50, M|
|poke|p2|Metagross, L50|
|poke|p2|Ninetales-Alola, L50, F|
|poke|p2|Incineroar, L50, F|
|poke|p2|Sinistcha, L50|
|teampreview|4
|showteam|p1|Aerodactyl||Aerodactylite|Unnerve|Tailwind,RockSlide,DualWingbeat,Protect|Jolly||M|||50|]Rotom-Wash||ChoiceScarf|Levitate|VoltSwitch,Discharge,Electroweb,HydroPump|Timid|||||50|]Sceptile||Sceptilite|Overgrow|EnergyBall,EarthPower,DragonPulse,Protect|Timid||F|||50|]Kingambit||ChopleBerry|Defiant|KowtowCleave,SuckerPunch,IronHead,Protect|Adamant||M|||50|]Ninetales-Alola||NeverMeltIce|SnowWarning|Blizzard,AuroraVeil,Protect,Moonblast|Bold||M|||50|]Incineroar||SitrusBerry|Intimidate|WillOWisp,FlareBlitz,PartingShot,FakeOut|Careful||M|||50|
|showteam|p2|Gliscor||LifeOrb|HyperCutter|DualWingbeat,HighHorsepower,Protect,RockSlide|Jolly||M|||50|]Primarina||Leftovers|LiquidVoice|CalmMind,HyperVoice,Moonblast,Protect|Modest||M|||50|]Metagross||Metagrossite|ClearBody|BulletPunch,IronHead,Protect,PsychicFangs|Jolly|||||50|]Ninetales-Alola||LightClay|SnowWarning|AuroraVeil,FreezeDry,Moonblast,Protect|Timid||F|||50|]Incineroar||ChopleBerry|Intimidate|FakeOut,FlareBlitz,DarkestLariat,PartingShot|Impish||F|||50|]Sinistcha||SitrusBerry|Hospitality|MatchaGotcha,Protect,LifeDew,RagePowder|Bold|||||50|
|inactive|Battle timer is ON: inactive players will automatically lose when time's up. (requested by sum1dum)
|
|t:|1783131950
|teamsize|p1|4
|teamsize|p2|4
|start
|switch|p1a: Aerodactyl|Aerodactyl, L50, M|100/100
|switch|p1b: Incineroar|Incineroar, L50, M|100/100
|switch|p2a: Bravery|Gliscor, L50, M|100/100
|switch|p2b: Patience|Primarina, L50, M|100/100
|-ability|p1a: Aerodactyl|Unnerve
|-ability|p1b: Incineroar|Intimidate|boost
|-fail|p2a: Bravery|unboost|Attack|[from] ability: Hyper Cutter|[of] p2a: Bravery
|-unboost|p2b: Patience|atk|1
|turn|1
|
|t:|1783131966
|detailschange|p1a: Aerodactyl|Aerodactyl-Mega, L50, M
|-mega|p1a: Aerodactyl|Aerodactyl|Aerodactylite
|move|p1b: Incineroar|Fake Out|p2b: Patience
|-damage|p2b: Patience|88/100
|move|p1a: Aerodactyl|Rock Slide|p2a: Bravery|[spread] p2a,p2b
|-damage|p2a: Bravery|67/100
|-damage|p2b: Patience|56/100
|cant|p2a: Bravery|flinch
|cant|p2b: Patience|flinch
|
|-heal|p2b: Patience|62/100|[from] item: Leftovers
|upkeep
|turn|2
|
|t:|1783131985
|move|p1a: Aerodactyl|Rock Slide|p2a: Bravery|[spread] p2a
|-miss|p1a: Aerodactyl|p2b: Patience
|-damage|p2a: Bravery|39/100
|move|p2a: Bravery|Rock Slide|p1b: Incineroar|[spread] p1a,p1b
|-supereffective|p1a: Aerodactyl|1
|-supereffective|p1b: Incineroar|1
|-damage|p1a: Aerodactyl|47/100
|-damage|p1b: Incineroar|62/100
|-damage|p2a: Bravery|29/100|[from] item: Life Orb
|move|p2b: Patience|Hyper Voice|p1a: Aerodactyl|[spread] p1a,p1b
|-supereffective|p1a: Aerodactyl|1
|-supereffective|p1b: Incineroar|1
|-damage|p1a: Aerodactyl|0 fnt
|-damage|p1b: Incineroar|18/100
|-enditem|p1b: Incineroar|Sitrus Berry|[eat]
|-heal|p1b: Incineroar|43/100|[from] item: Sitrus Berry
|faint|p1a: Aerodactyl
|cant|p1b: Incineroar|flinch
|
|-heal|p2b: Patience|67/100|[from] item: Leftovers
|upkeep
|
|t:|1783132002
|switch|p1a: Rotom|Rotom-Wash, L50|100/100
|turn|3
|inactive|sogreenitslime has 30 seconds left.
|
|t:|1783132029
|switch|p2a: Justice|Incineroar, L50, F|100/100
|-ability|p2a: Justice|Intimidate|boost
|-unboost|p1a: Rotom|atk|1
|-unboost|p1b: Incineroar|atk|1
|move|p2b: Patience|Protect|p2b: Patience
|-singleturn|p2b: Patience|Protect
|move|p1a: Rotom|Volt Switch|p2b: Patience
|-activate|p2b: Patience|move: Protect
|move|p1b: Incineroar|Will-O-Wisp|p2a: Justice
|-immune|p2a: Justice
|
|-heal|p2b: Patience|73/100|[from] item: Leftovers
|upkeep
|turn|4
|
|t:|1783132044
|switch|p1a: Kingambit|Kingambit, L50, M|100/100
|move|p2a: Justice|Fake Out|p1a: Kingambit
|-resisted|p1a: Kingambit|1
|-damage|p1a: Kingambit|96/100
|move|p1b: Incineroar|Parting Shot|p2b: Patience
|-unboost|p2b: Patience|atk|1
|-unboost|p2b: Patience|spa|1
|
|t:|1783132051
|switch|p1b: Rotom|Rotom-Wash, L50|100/100|[from] Parting Shot
|move|p2b: Patience|Calm Mind|p2b: Patience
|-boost|p2b: Patience|spa|1
|-boost|p2b: Patience|spd|1
|
|-heal|p2b: Patience|79/100|[from] item: Leftovers
|upkeep
|turn|5
|
|t:|1783132061
|move|p1b: Rotom|Hydro Pump|p2a: Justice|[miss]
|-miss|p1b: Rotom|p2a: Justice
|move|p2a: Justice|Flare Blitz|p1a: Kingambit
|-supereffective|p1a: Kingambit|1
|-damage|p1a: Kingambit|30/100
|-damage|p2a: Justice|81/100|[from] Recoil
|move|p2b: Patience|Moonblast|p1a: Kingambit
|-damage|p1a: Kingambit|0 fnt
|faint|p1a: Kingambit
|
|-heal|p2b: Patience|85/100|[from] item: Leftovers
|upkeep
|
|t:|1783132073
|switch|p1a: Incineroar|Incineroar, L50, M|43/100
|-ability|p1a: Incineroar|Intimidate|boost
|-unboost|p2a: Justice|atk|1
|-unboost|p2b: Patience|atk|1
|turn|6
|
|t:|1783132087
|move|p1a: Incineroar|Fake Out|p2a: Justice
|-damage|p2a: Justice|71/100
|move|p1b: Rotom|Hydro Pump|p2a: Justice|[miss]
|-miss|p1b: Rotom|p2a: Justice
|cant|p2a: Justice|flinch
|move|p2b: Patience|Hyper Voice|p1a: Incineroar|[spread] p1a,p1b
|-supereffective|p1a: Incineroar|1
|-resisted|p1b: Rotom|1
|-damage|p1a: Incineroar|0 fnt
|-damage|p1b: Rotom|78/100
|faint|p1a: Incineroar
|
|-heal|p2b: Patience|91/100|[from] item: Leftovers
|upkeep
|turn|7
|-message|sogreenitslime forfeited.
|
|win|sum1dum
|raw|sogreenitslime's rating: 1144 → 1125(-19 for losing)
|raw|sum1dum's rating: 1234 → 1253(+19 for winning)
|c|☆sum1dum|ggs
