|j|☆NyulaDraws
|j|☆Passevgc
|html|NyulaDrawsPassevgc    
|uhtml|bestof|Game 1 of a best-of-3
|t:|1783439269
|gametype|doubles
|player|p1|NyulaDraws|backpacker|1129
|player|p2|Passevgc|1|1148
|gen|9
|tier|[Gen 9 Champions] VGC 2026 Reg M-B (Bo3)
|rated|
|rule|Species Clause: Limit one of each Pokémon
|rule|Item Clause: Limit 1 of each item
|clearpoke
|poke|p1|Blastoise, L50, M|
|poke|p1|Delphox, L50, M, shiny|
|poke|p1|Incineroar, L50, M|
|poke|p1|Sneasler, L50, M|
|poke|p1|Sinistcha, L50|
|poke|p1|Maushold-Four, L50|
|poke|p2|Hydreigon, L50, M|
|poke|p2|Incineroar, L50, F|
|poke|p2|Charizard, L50, M|
|poke|p2|Metagross, L50|
|poke|p2|Aerodactyl, L50, M|
|poke|p2|Sinistcha, L50|
|teampreview|4
|showteam|p1|Blastoise||Blastoisinite|RainDish|WaterSpout,DarkPulse,ShellSmash,Protect|Modest||M|||50|]Delphox||Delphoxite|Blaze|HeatWave,Psyshock,NastyPlot,Protect|Timid||M|||50|]Incineroar||SitrusBerry|Intimidate|FakeOut,FlareBlitz,ThroatChop,PartingShot|Impish||M|||50|]Sneasler||FocusSash|PoisonTouch|FakeOut,CloseCombat,DireClaw,QuickGuard|Jolly||M|||50|]Sinistcha||KasibBerry|Hospitality|MatchaGotcha,LifeDew,RagePowder,Protect|Bold|||||50|]Maushold-Four||ChopleBerry|FriendGuard|SuperFang,Feint,FollowMe,SunnyDay|Impish|||||50|
|showteam|p2|Hydreigon||ChoiceScarf|Levitate|DracoMeteor,DarkPulse,FlashCannon,Snarl|Modest||M|||50|]Incineroar||ChopleBerry|Intimidate|FlareBlitz,DarkestLariat,PartingShot,FakeOut|Careful||F|||50|]Charizard||CharizarditeY|Blaze|HeatWave,AncientPower,WeatherBall,Protect|Modest||M|||50|]Metagross||Metagrossite|ClearBody|PsychicFangs,IronHead,BodyPress,Protect|Adamant|||||50|]Aerodactyl||FocusSash|Unnerve|RockSlide,WideGuard,Tailwind,Protect|Jolly||M|||50|]Sinistcha||SitrusBerry|Hospitality|Protect,LifeDew,RagePowder,MatchaGotcha|Calm|||||50|
|inactive|Battle timer is ON: inactive players will automatically lose when time's up. (requested by Passevgc)
|inactive|NyulaDraws has 60 seconds left.
|inactive|Passevgc has 60 seconds left.
|
|t:|1783439325
|teamsize|p1|4
|teamsize|p2|4
|start
|switch|p1a: Maushold|Maushold-Four, L50|100/100
|switch|p1b: Blastoise|Blastoise, L50, M|100/100
|switch|p2a: Metagross|Metagross, L50|100/100
|switch|p2b: Aerodactyl|Aerodactyl, L50, M|100/100
|-ability|p2b: Aerodactyl|Unnerve
|turn|1
|inactive|NyulaDraws has 30 seconds left.
|inactive|Passevgc has 30 seconds left.
|inactive|Passevgc has 20 seconds left.
|inactive|Passevgc has 15 seconds left.
|
|t:|1783439366
|detailschange|p1b: Blastoise|Blastoise-Mega, L50, M
|-mega|p1b: Blastoise|Blastoise|Blastoisinite
|detailschange|p2a: Metagross|Metagross-Mega, L50
|-mega|p2a: Metagross|Metagross|Metagrossite
|move|p2b: Aerodactyl|Wide Guard|p2b: Aerodactyl
|-singleturn|p2b: Aerodactyl|Wide Guard
|move|p1a: Maushold|Feint|p2b: Aerodactyl
|-activate|p2b: Aerodactyl|move: Feint
|-resisted|p2b: Aerodactyl|1
|-damage|p2b: Aerodactyl|92/100
|move|p2a: Metagross|Body Press|p1a: Maushold
|-supereffective|p1a: Maushold|1
|-damage|p1a: Maushold|35/100
|move|p1b: Blastoise|Water Spout|p2a: Metagross|[spread] p2a,p2b
|-supereffective|p2b: Aerodactyl|1
|-damage|p2a: Metagross|47/100
|-damage|p2b: Aerodactyl|0 fnt
|faint|p2b: Aerodactyl
|
|upkeep
|
|t:|1783439385
|switch|p2b: Sinistcha|Sinistcha, L50|100/100
|-heal|p2a: Metagross|72/100|[from] ability: Hospitality|[of] p2b: Sinistcha
|turn|2
|
|t:|1783439405
|move|p2a: Metagross|Body Press|p1a: Maushold
|-supereffective|p1a: Maushold|1
|-enditem|p1a: Maushold|Chople Berry|[eat]
|-enditem|p1a: Maushold|Chople Berry|[weaken]
|-damage|p1a: Maushold|3/100
|move|p1a: Maushold|Super Fang|p2a: Metagross
|-damage|p2a: Metagross|36/100
|move|p1b: Blastoise|Dark Pulse|p2b: Sinistcha
|-supereffective|p2b: Sinistcha|1
|-damage|p2b: Sinistcha|25/100
|-enditem|p2b: Sinistcha|Sitrus Berry|[eat]
|-heal|p2b: Sinistcha|50/100g|[from] item: Sitrus Berry
|move|p2b: Sinistcha|Matcha Gotcha|p1b: Blastoise|[spread] p1a,p1b
|-supereffective|p1b: Blastoise|1
|-damage|p1a: Maushold|0 fnt
|-heal|p2b: Sinistcha|52/100|[from] drain|[of] p1a: Maushold
|-damage|p1b: Blastoise|59/100
|-heal|p2b: Sinistcha|70/100|[from] drain|[of] p1b: Blastoise
|faint|p1a: Maushold
|
|upkeep
|
|t:|1783439424
|switch|p1a: Incineroar|Incineroar, L50, M|100/100
|-ability|p1a: Incineroar|Intimidate|boost
|-unboost|p2a: Metagross|atk|1
|-unboost|p2b: Sinistcha|atk|1
|turn|3
|
|t:|1783439433
|switch|p2b: Hydreigon|Hydreigon, L50, M|100/100
|move|p2a: Metagross|Protect|p2a: Metagross
|-singleturn|p2a: Metagross|Protect
|move|p1b: Blastoise|Dark Pulse|p2b: Hydreigon
|-resisted|p2b: Hydreigon|1
|-damage|p2b: Hydreigon|74/100
|move|p1a: Incineroar|Throat Chop|p2b: Hydreigon
|-resisted|p2b: Hydreigon|1
|-damage|p2b: Hydreigon|55/100
|-start|p2b: Hydreigon|Throat Chop|[silent]
|
|upkeep
|turn|4
|inactive|Passevgc has 30 seconds left.
|
|t:|1783439458
|switch|p2a: Sinistcha|Sinistcha, L50|70/100
|-heal|p2b: Hydreigon|80/100|[from] ability: Hospitality|[of] p2a: Sinistcha
|move|p1b: Blastoise|Protect|p1b: Blastoise
|-singleturn|p1b: Blastoise|Protect
|move|p2b: Hydreigon|Draco Meteor|p1b: Blastoise
|-activate|p1b: Blastoise|move: Protect
|move|p1a: Incineroar|Parting Shot|p2b: Hydreigon
|-unboost|p2b: Hydreigon|atk|1
|-unboost|p2b: Hydreigon|spa|1
|
|t:|1783439469
|switch|p1a: Sneasler|Sneasler, L50, M|100/100|[from] Parting Shot
|
|-end|p2b: Hydreigon|Throat Chop|[silent]
|upkeep
|turn|5
|
|t:|1783439484
|move|p2b: Hydreigon|Draco Meteor|p1a: Sneasler
|-damage|p1a: Sneasler|28/100
|-unboost|p2b: Hydreigon|spa|2
|move|p1a: Sneasler|Close Combat|p2b: Hydreigon
|-supereffective|p2b: Hydreigon|1
|-damage|p2b: Hydreigon|0 fnt
|-unboost|p1a: Sneasler|def|1
|-unboost|p1a: Sneasler|spd|1
|faint|p2b: Hydreigon
|move|p1b: Blastoise|Dark Pulse|p2a: Sinistcha
|-supereffective|p2a: Sinistcha|1
|-damage|p2a: Sinistcha|0 fnt
|faint|p2a: Sinistcha
|
|upkeep
|
|t:|1783439496
|switch|p2b: Metagross|Metagross-Mega, L50|36/100
|turn|6
|-message|Passevgc forfeited.
|
|win|NyulaDraws
||NyulaDraws is ready for game 2.
||Passevgc is ready for game 2.
|uhtml|next|Next: Game 2 of 3
