|j|☆aldishh
|j|☆TobiYume
|html|aldishhTobiYume    
|uhtml|bestof|Game 2 of a best-of-3
|t:|1757181664
|gametype|doubles
|player|p1|aldishh|266|1204
|player|p2|TobiYume|roxie|1169
|gen|9
|tier|[Gen 9] VGC 2025 Reg H (Bo3)
|rated|
|rule|Species Clause: Limit one of each Pokémon
|rule|Item Clause: Limit 1 of each item
|clearpoke
|poke|p1|Volcarona, L50, M|
|poke|p1|Rillaboom, L50, F|
|poke|p1|Gholdengo, L50|
|poke|p1|Dragonite, L50, F|
|poke|p1|Incineroar, L50, M|
|poke|p1|Kingambit, L50, M|
|poke|p2|Garchomp, L50, M|
|poke|p2|Talonflame, L50, F|
|poke|p2|Sylveon, L50, F|
|poke|p2|Tyranitar, L50, M|
|poke|p2|Decidueye-Hisui, L50, F|
|poke|p2|Gholdengo, L50|
|teampreview|4
|showteam|p1|Volcarona||Leftovers|FlameBody|QuiverDance,FieryDance,RagePowder,Protect|||M|||50|,,,,,Fairy]Rillaboom||AssaultVest|GrassySurge|GrassyGlide,WoodHammer,FakeOut,Uturn|||F|||50|,,,,,Fire]Gholdengo||SitrusBerry|GoodasGold|NastyPlot,Protect,MakeItRain,ShadowBall||||||50|,,,,,Water]Dragonite||LoadedDice|Multiscale|ScaleShot,Protect,Haze,Tailwind|||F|||50|,,,,,Steel]Incineroar||SafetyGoggles|Intimidate|PartingShot,FakeOut,KnockOff,Taunt|||M|||50|,,,,,Ghost]Kingambit||BlackGlasses|Defiant|KowtowCleave,SuckerPunch,SwordsDance,Protect|||M|||50|,,,,,Water
|showteam|p2|Garchomp||LifeOrb|RoughSkin|DragonClaw,StompingTantrum,Earthquake,Protect|||M|||50|,,,,,Steel]Talonflame||CovertCloak|GaleWings|Tailwind,WillOWisp,BraveBird,Taunt|||F|||50|,,,,,Grass]Sylveon||ThroatSpray|Pixilate|HyperVoice,HyperBeam,TeraBlast,Protect|||F|||50|,,,,,Water]Tyranitar||AssaultVest|SandStream|RockSlide,KnockOff,TeraBlast,LowKick|||M|||50|,,,,,Flying]Decidueye-Hisui||RazorClaw|Scrappy|TripleArrows,LeafBlade,SuckerPunch,Protect|||F|||50|,,,,,Fire]Gholdengo||Leftovers|GoodasGold|MakeItRain,ShadowBall,NastyPlot,Protect||||||50|,,,,,Dragon
|
|t:|1757181681
|teamsize|p1|4
|teamsize|p2|4
|start
|switch|p1a: Volcarona|Volcarona, L50, M|100/100
|switch|p1b: Dragonite|Dragonite, L50, F|100/100
|switch|p2a: Elie|Talonflame, L50, F|100/100
|switch|p2b: Tio|Sylveon, L50, F|100/100
|turn|1
|inactive|Battle timer is ON: inactive players will automatically lose when time's up. (requested by aldishh)
|
|t:|1757181693
|-terastallize|p1b: Dragonite|Steel
|move|p2a: Elie|Tailwind|p2a: Elie
|-sidestart|p2: TobiYume|move: Tailwind
|move|p2b: Tio|Hyper Voice|p1a: Volcarona|[spread] p1a,p1b
|-resisted|p1a: Volcarona
|-resisted|p1b: Dragonite
|-crit|p1b: Dragonite
|-damage|p1a: Volcarona|82/100
|-damage|p1b: Dragonite|85/100
|-enditem|p2b: Tio|Throat Spray
|-boost|p2b: Tio|spa|1|[from] item: Throat Spray
|move|p1b: Dragonite|Scale Shot|p2a: Elie
|-damage|p2a: Elie|85/100
|-damage|p2a: Elie|68/100
|-damage|p2a: Elie|52/100
|-damage|p2a: Elie|35/100
|-damage|p2a: Elie|18/100
|-hitcount|p2a: Elie|5
|-unboost|p1b: Dragonite|def|1
|-boost|p1b: Dragonite|spe|1
|move|p1a: Volcarona|Quiver Dance|p1a: Volcarona
|-boost|p1a: Volcarona|spa|1
|-boost|p1a: Volcarona|spd|1
|-boost|p1a: Volcarona|spe|1
|
|-heal|p1a: Volcarona|87/100|[from] item: Leftovers
|upkeep
|turn|2
|inactive|aldishh has 30 seconds left.
|inactive|TobiYume has 30 seconds left.
|
|t:|1757181731
|move|p1a: Volcarona|Protect|p1a: Volcarona
|-singleturn|p1a: Volcarona|Protect
|move|p2a: Elie|Will-O-Wisp|p1b: Dragonite
|-status|p1b: Dragonite|brn
|move|p1b: Dragonite|Scale Shot|p2a: Elie
|-damage|p2a: Elie|10/100
|-crit|p2a: Elie
|-damage|p2a: Elie|0 fnt
|faint|p2a: Elie
|-hitcount|p2: Elie|2
|-unboost|p1b: Dragonite|def|1
|-boost|p1b: Dragonite|spe|1
|move|p2b: Tio|Hyper Voice|p1a: Volcarona|[spread] p1b
|-activate|p1a: Volcarona|move: Protect
|-resisted|p1b: Dragonite
|-damage|p1b: Dragonite|52/100 brn
|
|-heal|p1a: Volcarona|93/100|[from] item: Leftovers
|-damage|p1b: Dragonite|46/100 brn|[from] brn
|upkeep
|
|t:|1757181740
|switch|p2a: Noel|Decidueye-Hisui, L50, F|100/100
|turn|3
|
|t:|1757181765
|-terastallize|p2a: Noel|Fire
|move|p1b: Dragonite|Tailwind|p1b: Dragonite
|-sidestart|p1: aldishh|move: Tailwind
|move|p1a: Volcarona|Fiery Dance|p2b: Tio
|-damage|p2b: Tio|59/100
|move|p2a: Noel|Triple Arrows|p1b: Dragonite
|-supereffective|p1b: Dragonite
|-damage|p1b: Dragonite|0 fnt
|faint|p1b: Dragonite
|move|p2b: Tio|Hyper Voice|p1a: Volcarona
|-resisted|p1a: Volcarona
|-damage|p1a: Volcarona|69/100
|
|-heal|p1a: Volcarona|75/100|[from] item: Leftovers
|upkeep
|
|t:|1757181778
|switch|p1b: Incineroar|Incineroar, L50, M, shiny|100/100
|-ability|p1b: Incineroar|Intimidate|boost
|-fail|p2a: Noel|unboost|Attack|[from] ability: Scrappy|[of] p2a: Noel
|-unboost|p2b: Tio|atk|1
|turn|4
|
|t:|1757181787
|move|p1b: Incineroar|Fake Out|p2a: Noel
|-crit|p2a: Noel
|-damage|p2a: Noel|82/100
|move|p1a: Volcarona|Quiver Dance|p1a: Volcarona
|-boost|p1a: Volcarona|spa|1
|-boost|p1a: Volcarona|spd|1
|-boost|p1a: Volcarona|spe|1
|cant|p2a: Noel|flinch
|move|p2b: Tio|Hyper Beam|p1a: Volcarona
|-resisted|p1a: Volcarona
|-damage|p1a: Volcarona|45/100
|-mustrecharge|p2b: Tio
|
|-heal|p1a: Volcarona|51/100|[from] item: Leftovers
|-sideend|p2: TobiYume|move: Tailwind
|upkeep
|turn|5
|
|t:|1757181808
|move|p1a: Volcarona|Fiery Dance|p2a: Noel
|-resisted|p2a: Noel
|-damage|p2a: Noel|42/100
|-boost|p1a: Volcarona|spa|1
|move|p1b: Incineroar|Parting Shot|p2b: Tio
|-unboost|p2b: Tio|atk|1
|-unboost|p2b: Tio|spa|1
|
|t:|1757181814
|switch|p1b: Gholdengo|Gholdengo, L50|100/100|[from] Parting Shot
|move|p2a: Noel|Triple Arrows|p1b: Gholdengo
|-supereffective|p1b: Gholdengo
|-damage|p1b: Gholdengo|29/100
|-enditem|p1b: Gholdengo|Sitrus Berry|[eat]
|-heal|p1b: Gholdengo|54/100|[from] item: Sitrus Berry
|cant|p2b: Tio|recharge
|
|-heal|p1a: Volcarona|57/100|[from] item: Leftovers
|upkeep
|turn|6
|inactive|TobiYume has 30 seconds left.
|
|t:|1757181841
|move|p2a: Noel|Sucker Punch|p1b: Gholdengo
|-supereffective|p1b: Gholdengo
|-damage|p1b: Gholdengo|15/100
|move|p1a: Volcarona|Fiery Dance|p2a: Noel
|-resisted|p2a: Noel
|-damage|p2a: Noel|0 fnt
|faint|p2a: Noel
|move|p1b: Gholdengo|Make It Rain|p2b: Tio
|-supereffective|p2b: Tio
|-damage|p2b: Tio|0 fnt
|-unboost|p1b: Gholdengo|spa|1
|faint|p2b: Tio
|
|-heal|p1a: Volcarona|63/100|[from] item: Leftovers
|-sideend|p1: aldishh|move: Tailwind
|upkeep
|
|t:|1757181847
|switch|p2b: Randy|Tyranitar, L50, M|100/100
|-weather|Sandstorm|[from] ability: Sand Stream|[of] p2b: Randy
|turn|7
|
|t:|1757181861
|switch|p1b: Incineroar|Incineroar, L50, M, shiny|100/100
|-ability|p1b: Incineroar|Intimidate|boost
|-unboost|p2b: Randy|atk|1
|move|p1a: Volcarona|Protect|p1a: Volcarona
|-singleturn|p1a: Volcarona|Protect
|move|p2b: Randy|Rock Slide|p1b: Incineroar|[spread] p1b
|-activate|p1a: Volcarona|move: Protect
|-supereffective|p1b: Incineroar
|-damage|p1b: Incineroar|62/100
|
|-weather|Sandstorm|[upkeep]
|-damage|p1a: Volcarona|57/100|[from] Sandstorm
|-heal|p1a: Volcarona|63/100|[from] item: Leftovers
|upkeep
|turn|8
|
|t:|1757181883
|move|p1b: Incineroar|Fake Out|p2b: Randy
|-resisted|p2b: Randy
|-damage|p2b: Randy|96/100
|move|p1a: Volcarona|Fiery Dance|p2b: Randy
|-resisted|p2b: Randy
|-damage|p2b: Randy|78/100
|-boost|p1a: Volcarona|spa|1
|cant|p2b: Randy|flinch
|
|-weather|Sandstorm|[upkeep]
|-damage|p1a: Volcarona|57/100|[from] Sandstorm
|-heal|p1a: Volcarona|63/100|[from] item: Leftovers
|upkeep
|turn|9
|
|t:|1757181898
|move|p1a: Volcarona|Fiery Dance|p2b: Randy
|-resisted|p2b: Randy
|-damage|p2b: Randy|57/100
|move|p2b: Randy|Rock Slide|p1b: Incineroar|[spread] p1b
|-miss|p2b: Randy|p1a: Volcarona
|-supereffective|p1b: Incineroar
|-damage|p1b: Incineroar|26/100
|move|p1b: Incineroar|Knock Off|p2b: Randy
|-resisted|p2b: Randy
|-damage|p2b: Randy|42/100
|-enditem|p2b: Randy|Assault Vest|[from] move: Knock Off|[of] p1b: Incineroar
|
|-weather|Sandstorm|[upkeep]
|-damage|p1a: Volcarona|57/100|[from] Sandstorm
|-heal|p1a: Volcarona|63/100|[from] item: Leftovers
|upkeep
|turn|10
|
|t:|1757181916
|move|p1a: Volcarona|Fiery Dance|p2b: Randy
|-resisted|p2b: Randy
|-damage|p2b: Randy|8/100
|move|p2b: Randy|Rock Slide|p1b: Incineroar|[spread] p1a,p1b
|-supereffective|p1a: Volcarona
|-supereffective|p1b: Incineroar
|-damage|p1a: Volcarona|0 fnt
|-damage|p1b: Incineroar|0 fnt
|faint|p1a: Volcarona
|faint|p1b: Incineroar
|
|-weather|Sandstorm|[upkeep]
|upkeep
|
|t:|1757181927
|switch|p1b: Gholdengo|Gholdengo, L50|15/100
|turn|11
|
|t:|1757181938
|move|p1b: Gholdengo|Make It Rain|p2b: Randy
|-supereffective|p2b: Randy
|-damage|p2b: Randy|0 fnt
|-unboost|p1b: Gholdengo|spa|1
|faint|p2b: Randy
|
|win|aldishh
||aldishh is ready for game 3.
|inactive|TobiYume has 30 seconds to confirm battle start!
||TobiYume is ready for game 3.
|uhtml|next|Next: Game 3 of 3
|j| roman_legend
|l| roman_legend
|l|☆aldishh
|player|p1|
