|j|☆Littlenap
|j|☆Alecat
|html|LittlenapAlecat    
|uhtml|bestof|Game 1 of a best-of-3
|t:|1757063894
|gametype|doubles
|player|p1|Littlenap|dawn|1077
|player|p2|Alecat|scientistf|1032
|gen|9
|tier|[Gen 9] VGC 2025 Reg H (Bo3)
|rated|
|rule|Species Clause: Limit one of each Pokémon
|rule|Item Clause: Limit 1 of each item
|clearpoke
|poke|p1|Dragonite, L50, F|
|poke|p1|Sneasler, L50, M|
|poke|p1|Rillaboom, L50, M|
|poke|p1|Volcarona, L50, F|
|poke|p1|Basculegion, L50, M|
|poke|p1|Maushold, L50|
|poke|p2|Pawmot, L50, F|
|poke|p2|Gyarados, L50, F|
|poke|p2|Volcarona, L50, M|
|poke|p2|Murkrow, L50, F|
|poke|p2|Incineroar, L50, F|
|poke|p2|Archaludon, L50, M|
|teampreview|4
|showteam|p1|Dragonite||LoadedDice|Multiscale|ExtremeSpeed,Protect,ScaleShot,Haze|||F|||50|,,,,,Steel]Sneasler||GrassySeed|Unburden|DireClaw,CloseCombat,Protect,ThroatChop|||M|||50|,,,,,Dark]Rillaboom||AssaultVest|GrassySurge|GrassyGlide,WoodHammer,HighHorsepower,FakeOut|||M|||50|,,,,,Fire]Volcarona||Leftovers|FlameBody|QuiverDance,TeraBlast,HeatWave,Protect|||F|||50|,,,,,Fairy]Basculegion||ChoiceScarf|Adaptability|WaveCrash,LastRespects,AquaJet,FlipTurn|||M|||50|,,,,,Water]Maushold||RockyHelmet|FriendGuard|Taunt,FollowMe,SuperFang,Protect||||||50|,,,,,Poison
|showteam|p2|Pawmot||FocusSash|VoltAbsorb|DoubleShock,Coaching,CloseCombat,Protect|||F|||50|,,,,,Electric]Gyarados||ClearAmulet|Moxie|Waterfall,DragonDance,Earthquake,Protect|||F|||50|,,,,,Ground]Volcarona||SitrusBerry|FlameBody|Overheat,StruggleBug,RagePowder,Tailwind|||M|||50|,,,,,Grass]Murkrow||Eviolite|Prankster|FoulPlay,RainDance,Tailwind,SunnyDay|||F|||50|,,,,,Dark]Incineroar||SafetyGoggles|Intimidate|FlareBlitz,FakeOut,Bulldoze,Taunt|||F|||50|,,,,,Ghost]Archaludon||PowerHerb|Stalwart|DragonTail,FlashCannon,ElectroShot,Protect|||M|||50|,,,,,Grass
|inactive|Battle timer is ON: inactive players will automatically lose when time's up. (requested by Littlenap)
|inactive|Alecat also wants the timer to be on.
|inactive|Littlenap has 60 seconds left.
|inactive|Littlenap has 30 seconds left.
|inactive|Littlenap has 20 seconds left.
|
|t:|1757063967
|teamsize|p1|4
|teamsize|p2|4
|start
|switch|p1a: Volcarona|Volcarona, L50, F|100/100
|switch|p1b: Maushold|Maushold, L50|100/100
|switch|p2a: Volcarona|Volcarona, L50, M|100/100
|switch|p2b: Gyarados|Gyarados, L50, F|100/100
|turn|1
|
|t:|1757063991
|move|p1b: Maushold|Taunt|p2a: Volcarona
|-start|p2a: Volcarona|move: Taunt
|move|p2a: Volcarona|Struggle Bug|p1a: Volcarona|[spread] p1a,p1b
|-resisted|p1a: Volcarona
|-damage|p1a: Volcarona|95/100
|-damage|p1b: Maushold|79/100
|-unboost|p1a: Volcarona|spa|1
|-unboost|p1b: Maushold|spa|1
|move|p2b: Gyarados|Dragon Dance|p2b: Gyarados
|-boost|p2b: Gyarados|atk|1
|-boost|p2b: Gyarados|spe|1
|move|p1a: Volcarona|Quiver Dance|p1a: Volcarona
|-boost|p1a: Volcarona|spa|1
|-boost|p1a: Volcarona|spd|1
|-boost|p1a: Volcarona|spe|1
|
|-heal|p1a: Volcarona|100/100|[from] item: Leftovers
|upkeep
|turn|2
|inactive|Littlenap has 30 seconds left.
|inactive|Alecat has 30 seconds left.
|
|t:|1757064018
|move|p1a: Volcarona|Protect|p1a: Volcarona
|-singleturn|p1a: Volcarona|Protect
|move|p2b: Gyarados|Earthquake|p1b: Maushold|[spread] p2a,p1b
|-activate|p1a: Volcarona|move: Protect
|-damage|p2a: Volcarona|54/100
|-damage|p1b: Maushold|30/100
|move|p1b: Maushold|Super Fang|p2b: Gyarados
|-damage|p2b: Gyarados|50/100
|move|p2a: Volcarona|Overheat|p1a: Volcarona
|-activate|p1a: Volcarona|move: Protect
|
|upkeep
|turn|3
|inactive|Littlenap has 30 seconds left.
|
|t:|1757064045
|switch|p1b: Dragonite|Dragonite, L50, F|100/100
|-terastallize|p1a: Volcarona|Fairy
|move|p2b: Gyarados|Protect|p2b: Gyarados
|-singleturn|p2b: Gyarados|Protect
|move|p1a: Volcarona|Tera Blast|p2b: Gyarados|[anim] Tera Blast Fairy
|-activate|p2b: Gyarados|move: Protect
|move|p2a: Volcarona|Struggle Bug|p1b: Dragonite|[spread] p1a,p1b
|-resisted|p1a: Volcarona
|-resisted|p1b: Dragonite
|-damage|p1a: Volcarona|96/100
|-damage|p1b: Dragonite|96/100
|-unboost|p1a: Volcarona|spa|1
|-unboost|p1b: Dragonite|spa|1
|
|-heal|p1a: Volcarona|100/100|[from] item: Leftovers
|-end|p2a: Volcarona|move: Taunt
|upkeep
|turn|4
|inactive|Alecat has 30 seconds left.
|
|t:|1757064077
|switch|p1a: Rillaboom|Rillaboom, L50, M|100/100
|-fieldstart|move: Grassy Terrain|[from] ability: Grassy Surge|[of] p1a: Rillaboom
|move|p2a: Volcarona|Rage Powder|p2a: Volcarona
|-singleturn|p2a: Volcarona|move: Rage Powder
|move|p2b: Gyarados|Dragon Dance|p2b: Gyarados
|-boost|p2b: Gyarados|atk|1
|-boost|p2b: Gyarados|spe|1
|move|p1b: Dragonite|Haze|p1b: Dragonite
|-clearallboost
|
|-heal|p2a: Volcarona|60/100|[from] Grassy Terrain
|upkeep
|turn|5
|inactive|Littlenap has 30 seconds left.
|
|t:|1757064105
|switch|p2b: Incineroar|Incineroar, L50, F|100/100
|-ability|p2b: Incineroar|Intimidate|boost
|-unboost|p1a: Rillaboom|atk|1
|-unboost|p1b: Dragonite|atk|1
|switch|p1a: Maushold|Maushold, L50|30/100
|move|p2a: Volcarona|Overheat|p1a: Maushold
|-damage|p1a: Maushold|0 fnt
|-unboost|p2a: Volcarona|spa|2
|faint|p1a: Maushold
|move|p1b: Dragonite|Scale Shot|p2a: Volcarona
|-damage|p2a: Volcarona|48/100
|-enditem|p2a: Volcarona|Sitrus Berry|[eat]
|-heal|p2a: Volcarona|73/100|[from] item: Sitrus Berry
|-damage|p2a: Volcarona|62/100
|-damage|p2a: Volcarona|49/100
|-damage|p2a: Volcarona|35/100
|-damage|p2a: Volcarona|22/100
|-hitcount|p2a: Volcarona|5
|-unboost|p1b: Dragonite|def|1
|-boost|p1b: Dragonite|spe|1
|
|-heal|p2a: Volcarona|28/100|[from] Grassy Terrain
|upkeep
|
|t:|1757064126
|switch|p1a: Rillaboom|Rillaboom, L50, M|100/100
|turn|6
|
|t:|1757064138
|move|p1a: Rillaboom|Fake Out|p2b: Incineroar
|-damage|p2b: Incineroar|87/100
|move|p1b: Dragonite|Scale Shot|p2a: Volcarona
|-damage|p2a: Volcarona|17/100
|-damage|p2a: Volcarona|5/100
|-damage|p2a: Volcarona|0 fnt
|faint|p2a: Volcarona
|-hitcount|p2: Volcarona|3
|-unboost|p1b: Dragonite|def|1
|-boost|p1b: Dragonite|spe|1
|cant|p2b: Incineroar|flinch
|
|-heal|p2b: Incineroar|93/100|[from] Grassy Terrain
|upkeep
|inactive|Alecat has 30 seconds left.
|inactive|Alecat has 20 seconds left.
|
|t:|1757064176
|switch|p2a: Murkrow|Murkrow, L50, F|100/100
|turn|7
|inactive|Littlenap has 30 seconds left.
|
|t:|1757064207
|switch|p1a: Volcarona|Volcarona, L50, F, tera:Fairy|100/100
|move|p1b: Dragonite|Scale Shot|p2b: Incineroar
|-damage|p2b: Incineroar|84/100
|-damage|p2b: Incineroar|74/100
|-damage|p2b: Incineroar|63/100
|-damage|p2b: Incineroar|53/100
|-hitcount|p2b: Incineroar|4
|-unboost|p1b: Dragonite|def|1
|-boost|p1b: Dragonite|spe|1
|move|p2b: Incineroar|Flare Blitz|p1a: Volcarona
|-damage|p1a: Volcarona|34/100
|-damage|p2b: Incineroar|32/100|[from] Recoil
|move|p2a: Murkrow|Foul Play|p1b: Dragonite
|-damage|p1b: Dragonite|0 fnt
|faint|p1b: Dragonite
|
|-heal|p1a: Volcarona|40/100|[from] Grassy Terrain
|-heal|p1a: Volcarona|46/100|[from] item: Leftovers
|-heal|p2b: Incineroar|38/100|[from] Grassy Terrain
|upkeep
|
|t:|1757064225
|switch|p1b: Rillaboom|Rillaboom, L50, M|100/100
|turn|8
|
|t:|1757064239
|move|p1b: Rillaboom|Fake Out|p2b: Incineroar
|-damage|p2b: Incineroar|24/100
|move|p2a: Murkrow|Tailwind|p2a: Murkrow
|-sidestart|p2: Alecat|move: Tailwind
|cant|p2b: Incineroar|flinch
|move|p1a: Volcarona|Quiver Dance|p1a: Volcarona
|-boost|p1a: Volcarona|spa|1
|-boost|p1a: Volcarona|spd|1
|-boost|p1a: Volcarona|spe|1
|
|-heal|p2b: Incineroar|30/100|[from] Grassy Terrain
|-heal|p1a: Volcarona|51/100|[from] Grassy Terrain
|-heal|p1a: Volcarona|57/100|[from] item: Leftovers
|-fieldend|move: Grassy Terrain
|upkeep
|turn|9
|
|t:|1757064263
|move|p2a: Murkrow|Sunny Day|p2a: Murkrow
|-weather|SunnyDay
|move|p2b: Incineroar|Flare Blitz|p1b: Rillaboom
|-supereffective|p1b: Rillaboom
|-damage|p1b: Rillaboom|0 fnt
|faint|p1b: Rillaboom
|-damage|p2b: Incineroar|0 fnt|[from] Recoil
|faint|p2b: Incineroar
|move|p1a: Volcarona|Quiver Dance|p1a: Volcarona
|-boost|p1a: Volcarona|spa|1
|-boost|p1a: Volcarona|spd|1
|-boost|p1a: Volcarona|spe|1
|
|-weather|SunnyDay|[upkeep]
|-heal|p1a: Volcarona|63/100|[from] item: Leftovers
|upkeep
|
|t:|1757064274
|switch|p2b: Gyarados|Gyarados, L50, F|50/100
|turn|10
|
|t:|1757064294
|move|p2a: Murkrow|Rain Dance|p2a: Murkrow
|-weather|RainDance
|move|p2b: Gyarados|Waterfall|p1a: Volcarona
|-damage|p1a: Volcarona|0 fnt
|faint|p1a: Volcarona
|
|win|Alecat
||Alecat is ready for game 2.
||Littlenap is ready for game 2.
|uhtml|next|Next: Game 2 of 3
|l|☆Littlenap
|player|p1|
