|j|☆dambro222
|j|☆PkSbm
|html|dambro222PkSbm    
|uhtml|bestof|Game 2 of a best-of-3
|t:|1756325725
|gametype|doubles
|player|p1|dambro222|101|1134
|player|p2|PkSbm|101|1184
|gen|9
|tier|[Gen 9] VGC 2025 Reg H (Bo3)
|rated|
|rule|Species Clause: Limit one of each Pokémon
|rule|Item Clause: Limit 1 of each item
|clearpoke
|poke|p1|Dragonite, L50, M|
|poke|p1|Volcarona, L50, F|
|poke|p1|Sneasler, L50, M|
|poke|p1|Rillaboom, L50, M|
|poke|p1|Electabuzz, L50, M|
|poke|p1|Kingambit, L50, M|
|poke|p2|Gholdengo, L50|
|poke|p2|Dragonite, L50, M|
|poke|p2|Porygon2, L50|
|poke|p2|Ursaluna-Bloodmoon, L50, M|
|poke|p2|Primarina, L50, M|
|poke|p2|Incineroar, L50, F|
|teampreview|4
|showteam|p1|Dragonite||LoadedDice|Multiscale|ScaleShot,ExtremeSpeed,Haze,Protect|||M|||50|,,,,,Fairy]Volcarona||CovertCloak|FlameBody|HeatWave,TeraBlast,QuiverDance,Protect|||F|||50|,,,,,Fairy]Sneasler||FocusSash|Unburden|CloseCombat,DireClaw,RockSlide,Protect|||M|||50|,,,,,Stellar]Rillaboom||AssaultVest|GrassySurge|WoodHammer,GrassyGlide,HighHorsepower,FakeOut|||M|||50|,,,,,Water]Electabuzz||Eviolite|VitalSpirit|Electroweb,FollowMe,Taunt,Protect|||M|||50|,,,,,Ghost]Kingambit||BlackGlasses|Defiant|KowtowCleave,SuckerPunch,SwordsDance,Protect|||M|||50|,,,,,Dark
|showteam|p2|Gholdengo||LifeOrb|GoodasGold|ShadowBall,MakeItRain,Reflect,LightScreen||||||50|,,,,,Steel]Dragonite||LoadedDice|Multiscale|Tailwind,ScaleShot,ExtremeSpeed,Haze|||M|||50|,,,,,Fairy]Porygon2||Eviolite|Download|Recover,IceBeam,TrickRoom,TeraBlast||||||50|,,,,,Fighting]Ursaluna-Bloodmoon||AssaultVest|MindsEye|VacuumWave,EarthPower,HyperVoice,BloodMoon|||M|||50|,,,,,Ghost]Primarina||SitrusBerry|LiquidVoice|HyperVoice,Haze,Moonblast,Protect|||M|||50|,,,,,Steel]Incineroar||SafetyGoggles|Intimidate|FakeOut,KnockOff,PartingShot,FlareBlitz|||F|||50|,,,,,Ghost
|inactive|Battle timer is ON: inactive players will automatically lose when time's up. (requested by dambro222)
|inactive|dambro222 has 60 seconds left.
|
|t:|1756325771
|teamsize|p1|4
|teamsize|p2|4
|start
|switch|p1a: Electabuzz|Electabuzz, L50, M|100/100
|switch|p1b: Dragonite|Dragonite, L50, M|100/100
|switch|p2a: Dragonite|Dragonite, L50, M|100/100
|switch|p2b: Ursaluna|Ursaluna-Bloodmoon, L50, M|100/100
|turn|1
|inactive|PkSbm has 30 seconds left.
|
|t:|1756325798
|move|p1a: Electabuzz|Electroweb|p2a: Dragonite|[spread] p2a
|-immune|p2b: Ursaluna
|-damage|p2a: Dragonite|93/100
|-unboost|p2a: Dragonite|spe|1
|move|p1b: Dragonite|Scale Shot|p2a: Dragonite
|-supereffective|p2a: Dragonite
|-damage|p2a: Dragonite|58/100
|-supereffective|p2a: Dragonite
|-damage|p2a: Dragonite|22/100
|-supereffective|p2a: Dragonite
|-damage|p2a: Dragonite|0 fnt
|faint|p2a: Dragonite
|-hitcount|p2: Dragonite|3
|-unboost|p1b: Dragonite|def|1
|-boost|p1b: Dragonite|spe|1
|move|p2b: Ursaluna|Earth Power|p1a: Electabuzz
|-supereffective|p1a: Electabuzz
|-damage|p1a: Electabuzz|23/100
|
|upkeep
|
|t:|1756325819
|switch|p2a: Porygon2|Porygon2, L50|100/100
|-ability|p2a: Porygon2|Download|boost
|-boost|p2a: Porygon2|atk|1
|turn|2
|inactive|dambro222 has 30 seconds left.
|
|t:|1756325853
|-terastallize|p1b: Dragonite|Fairy
|move|p1b: Dragonite|Scale Shot|p2a: Porygon2
|-damage|p2a: Porygon2|90/100
|-damage|p2a: Porygon2|80/100
|-damage|p2a: Porygon2|70/100
|-damage|p2a: Porygon2|59/100
|-damage|p2a: Porygon2|48/100
|-hitcount|p2a: Porygon2|5
|-unboost|p1b: Dragonite|def|1
|-boost|p1b: Dragonite|spe|1
|move|p1a: Electabuzz|Taunt|p2a: Porygon2
|-start|p2a: Porygon2|move: Taunt
|move|p2a: Porygon2|Ice Beam|p1b: Dragonite
|-damage|p1b: Dragonite|86/100
|move|p2b: Ursaluna|Hyper Voice|p1b: Dragonite|[spread] p1a,p1b
|-damage|p1a: Electabuzz|0 fnt
|-damage|p1b: Dragonite|43/100
|faint|p1a: Electabuzz
|
|upkeep
|
|t:|1756325872
|switch|p1a: Rillaboom|Rillaboom, L50, M|100/100
|-fieldstart|move: Grassy Terrain|[from] ability: Grassy Surge|[of] p1a: Rillaboom
|turn|3
|inactive|dambro222 has 30 seconds left.
|
|t:|1756325903
|-terastallize|p2b: Ursaluna|Ghost
|move|p1b: Dragonite|Scale Shot|p2b: Ursaluna
|-damage|p2b: Ursaluna|90/100
|-damage|p2b: Ursaluna|79/100
|-damage|p2b: Ursaluna|69/100
|-damage|p2b: Ursaluna|57/100
|-damage|p2b: Ursaluna|47/100
|-hitcount|p2b: Ursaluna|5
|-unboost|p1b: Dragonite|def|1
|-boost|p1b: Dragonite|spe|1
|move|p1a: Rillaboom|Wood Hammer|p2a: Porygon2
|-crit|p2a: Porygon2
|-damage|p2a: Porygon2|0 fnt
|faint|p2a: Porygon2
|-damage|p1a: Rillaboom|85/100|[from] Recoil
|move|p2b: Ursaluna|Hyper Voice|p1b: Dragonite|[spread] p1a,p1b
|-damage|p1a: Rillaboom|56/100
|-damage|p1b: Dragonite|3/100
|
|-heal|p1b: Dragonite|9/100|[from] Grassy Terrain
|-heal|p1a: Rillaboom|62/100|[from] Grassy Terrain
|-heal|p2b: Ursaluna|54/100|[from] Grassy Terrain
|upkeep
|
|t:|1756325922
|switch|p2a: Primarina|Primarina, L50, M|100/100
|turn|4
|
|t:|1756325943
|move|p2a: Primarina|Protect|p2a: Primarina
|-singleturn|p2a: Primarina|Protect
|move|p2b: Ursaluna|Vacuum Wave|p1b: Dragonite
|-resisted|p1b: Dragonite
|-damage|p1b: Dragonite|0 fnt
|faint|p1b: Dragonite
|move|p1a: Rillaboom|Wood Hammer|p2b: Ursaluna
|-damage|p2b: Ursaluna|0 fnt
|faint|p2b: Ursaluna
|-damage|p1a: Rillaboom|43/100|[from] Recoil
|
|-heal|p1a: Rillaboom|49/100|[from] Grassy Terrain
|upkeep
|
|t:|1756325952
|switch|p1b: Sneasler|Sneasler, L50, M|100/100
|turn|5
|
|t:|1756325975
|move|p1a: Rillaboom|Grassy Glide|p2a: Primarina
|-supereffective|p2a: Primarina
|-damage|p2a: Primarina|4/100
|-enditem|p2a: Primarina|Sitrus Berry|[eat]
|-heal|p2a: Primarina|29/100|[from] item: Sitrus Berry
|move|p1b: Sneasler|Dire Claw|p2a: Primarina
|-supereffective|p2a: Primarina
|-damage|p2a: Primarina|0 fnt
|faint|p2a: Primarina
|
|win|dambro222
||PkSbm is ready for game 3.
||dambro222 is ready for game 3.
|uhtml|next|Next: Game 3 of 3
|l|☆PkSbm
|player|p2|
