|j|☆exessvgc
|j|☆Turin0-3Spritz
|html|exessvgcTurin0-3Spritz    
|uhtml|bestof|Game 1 of a best-of-3
|t:|1783349071
|gametype|doubles
|player|p1|exessvgc|170|1331
|player|p2|Turin0-3Spritz|1|1314
|gen|9
|tier|[Gen 9 Champions] VGC 2026 Reg M-B (Bo3)
|rated|
|rule|Species Clause: Limit one of each Pokémon
|rule|Item Clause: Limit 1 of each item
|clearpoke
|poke|p1|Charizard, L50, M|
|poke|p1|Sneasler, L50, F|
|poke|p1|Farigiraf, L50, M|
|poke|p1|Aerodactyl, L50, M|
|poke|p1|Sylveon, L50, F|
|poke|p1|Venusaur, L50, F|
|poke|p2|Pelipper, L50, F|
|poke|p2|Archaludon, L50, M|
|poke|p2|Grimmsnarl, L50, M|
|poke|p2|Basculegion, L50, M|
|poke|p2|Venusaur, L50, M|
|poke|p2|Aegislash, L50, F|
|teampreview|4
|showteam|p1|Charizard||CharizarditeX|Blaze|DragonDance,DragonClaw,FlareBlitz,Protect|Jolly||M|||50|]Sneasler||WhiteHerb|Unburden|FakeOut,Protect,CloseCombat,DireClaw|Jolly||F|||50|]Farigiraf||SitrusBerry|ArmorTail|TrickRoom,PsychicNoise,HelpingHand,Thunderbolt|Bold||M|||50|]Aerodactyl||FocusSash|Unnerve|RockSlide,Tailwind,SunnyDay,Taunt|Jolly||M|||50|]Sylveon||FairyFeather|Pixilate|HyperVoice,HyperBeam,Protect,ShadowBall|Modest||F|||50|]Venusaur||WideLens|Chlorophyll|GigaDrain,EarthPower,SleepPowder,Protect|Modest||F|||50|
|showteam|p2|Pelipper||SitrusBerry|Drizzle|WeatherBall,Hurricane,Tailwind,WideGuard|Modest||F|||50|]Archaludon||Leftovers|Stamina|ElectroShot,DragonPulse,FlashCannon,Protect|Calm||M|||50|]Grimmsnarl||LightClay|Prankster|FoulPlay,LightScreen,Reflect,PartingShot|Calm||M|||50|]Basculegion||ChoiceScarf|Adaptability|WaveCrash,FlipTurn,LastRespects,AquaJet|Jolly||M|||50|]Venusaur||Venusaurite|Chlorophyll|GigaDrain,SludgeBomb,EarthPower,Protect|Modest||M|||50|]Aegislash||FocusSash|StanceChange|IronHead,ShadowSneak,CloseCombat,KingsShield|Adamant||F|||50|
|
|t:|1783349166
|teamsize|p1|4
|teamsize|p2|4
|start
|switch|p1a: DINOSAUVO|Aerodactyl, L50, M|100/100
|switch|p1b: Marianela|Sylveon, L50, F|100/100
|switch|p2a: Venusaur|Venusaur, L50, M|100/100
|switch|p2b: Basculegion|Basculegion, L50, M|100/100
|-ability|p1a: DINOSAUVO|Unnerve
|turn|1
|
|t:|1783349207
|detailschange|p2a: Venusaur|Venusaur-Mega, L50, M
|-mega|p2a: Venusaur|Venusaur|Venusaurite
|move|p1b: Marianela|Protect|p1b: Marianela
|-singleturn|p1b: Marianela|Protect
|move|p2b: Basculegion|Flip Turn|p1b: Marianela
|-activate|p1b: Marianela|move: Protect
|move|p1a: DINOSAUVO|Tailwind|p1a: DINOSAUVO
|-sidestart|p1: exessvgc|move: Tailwind
|move|p2a: Venusaur|Sludge Bomb|p1b: Marianela
|-activate|p1b: Marianela|move: Protect
|
|upkeep
|turn|2
|
|t:|1783349248
|switch|p1b: LA GIRAFFA|Farigiraf, L50, M|100/100
|move|p2a: Venusaur|Protect|p2a: Venusaur
|-singleturn|p2a: Venusaur|Protect
|move|p1a: DINOSAUVO|Rock Slide|p2b: Basculegion|[spread] p2b
|-activate|p2a: Venusaur|move: Protect
|-damage|p2b: Basculegion|73/100
|cant|p2b: Basculegion|flinch
|
|upkeep
|turn|3
|
|t:|1783349296
|move|p1a: DINOSAUVO|Sunny Day|p1a: DINOSAUVO
|-weather|SunnyDay
|move|p2b: Basculegion|Flip Turn|p1b: LA GIRAFFA
|-damage|p1b: LA GIRAFFA|86/100
|
|t:|1783349305
|switch|p2b: Pelipper|Pelipper, L50, F|100/100|[from] Flip Turn
|-weather|RainDance|[from] ability: Drizzle|[of] p2b: Pelipper
|move|p1b: LA GIRAFFA|Psychic Noise|p2a: Venusaur
|-supereffective|p2a: Venusaur|1
|-damage|p2a: Venusaur|53/100
|-start|p2a: Venusaur|move: Heal Block
|move|p2a: Venusaur|Sludge Bomb|p1b: LA GIRAFFA
|-crit|p1b: LA GIRAFFA
|-damage|p1b: LA GIRAFFA|22/100
|-status|p1b: LA GIRAFFA|psn
|-enditem|p1b: LA GIRAFFA|Sitrus Berry|[eat]
|-heal|p1b: LA GIRAFFA|47/100 psn|[from] item: Sitrus Berry
|
|-weather|RainDance|[upkeep]
|-damage|p1b: LA GIRAFFA|35/100 psn|[from] psn
|upkeep
|turn|4
|l|☆exessvgc
|player|p1|
|j|☆exessvgc
|player|p1|exessvgc|170|
|
|t:|1783349409
|move|p1a: DINOSAUVO|Taunt|p2b: Pelipper
|-start|p2b: Pelipper|move: Taunt
|move|p1b: LA GIRAFFA|Thunderbolt|p2b: Pelipper
|-supereffective|p2b: Pelipper|2
|-damage|p2b: Pelipper|0 fnt
|faint|p2b: Pelipper
|move|p2a: Venusaur|Sludge Bomb|p1b: LA GIRAFFA
|-damage|p1b: LA GIRAFFA|0 fnt
|faint|p1b: LA GIRAFFA
|
|-weather|RainDance|[upkeep]
|-end|p2a: Venusaur|move: Heal Block
|-sideend|p1: exessvgc|move: Tailwind
|upkeep
|
|t:|1783349423
|switch|p2b: Basculegion|Basculegion, L50, M|73/100
|switch|p1b: EXESS|Charizard, L50, M|100/100
|turn|5
|
|t:|1783349443
|detailschange|p1b: EXESS|Charizard-Mega-X, L50, M
|-mega|p1b: EXESS|Charizard|Charizardite X
|move|p1b: EXESS|Protect|p1b: EXESS
|-singleturn|p1b: EXESS|Protect
|move|p2b: Basculegion|Flip Turn|p1a: DINOSAUVO
|-supereffective|p1a: DINOSAUVO|1
|-enditem|p1a: DINOSAUVO|Focus Sash
|-damage|p1a: DINOSAUVO|1/100
|
|t:|1783349455
|switch|p2b: Aegislash|Aegislash, L50, F|100/100|[from] Flip Turn
|move|p1a: DINOSAUVO|Sunny Day|p1a: DINOSAUVO
|-weather|SunnyDay
|move|p2a: Venusaur|Giga Drain|p1a: DINOSAUVO
|-crit|p1a: DINOSAUVO
|-damage|p1a: DINOSAUVO|0 fnt
|-heal|p2a: Venusaur|54/100|[from] drain|[of] p1a: DINOSAUVO
|faint|p1a: DINOSAUVO
|
|-weather|SunnyDay|[upkeep]
|upkeep
|
|t:|1783349461
|switch|p1a: Marianela|Sylveon, L50, F|100/100
|turn|6
|
|t:|1783349480
|move|p1a: Marianela|Protect|p1a: Marianela
|-singleturn|p1a: Marianela|Protect
|move|p1b: EXESS|Flare Blitz|p2a: Venusaur
|-supereffective|p2a: Venusaur|1
|-damage|p2a: Venusaur|0 fnt
|faint|p2a: Venusaur
|-damage|p1b: EXESS|79/100|[from] Recoil
|-formechange|p2b: Aegislash|Aegislash-Blade|
|move|p2b: Aegislash|Iron Head|p1a: Marianela
|-activate|p1a: Marianela|move: Protect
|
|-weather|SunnyDay|[upkeep]
|upkeep
|
|t:|1783349488
|switch|p2a: Basculegion|Basculegion, L50, M|73/100
|turn|7
|
|t:|1783349501
|move|p1b: EXESS|Protect|p1b: EXESS
|-singleturn|p1b: EXESS|Protect
|move|p2b: Aegislash|Shadow Sneak|p1b: EXESS
|-activate|p1b: EXESS|move: Protect
|move|p2a: Basculegion|Last Respects|p1b: EXESS
|-activate|p1b: EXESS|move: Protect
|move|p1a: Marianela|Hyper Beam|p2a: Basculegion
|-damage|p2a: Basculegion|0 fnt
|-mustrecharge|p1a: Marianela
|faint|p2a: Basculegion
|
|-weather|SunnyDay|[upkeep]
|upkeep
|turn|8
|
|t:|1783349515
|move|p1b: EXESS|Flare Blitz|p2b: Aegislash
|-supereffective|p2b: Aegislash|1
|-enditem|p2b: Aegislash|Focus Sash
|-damage|p2b: Aegislash|1/100
|-damage|p1b: EXESS|50/100g|[from] Recoil
|move|p2b: Aegislash|Close Combat|p1b: EXESS
|-damage|p1b: EXESS|0 fnt
|-unboost|p2b: Aegislash|def|1
|-unboost|p2b: Aegislash|spd|1
|faint|p1b: EXESS
|cant|p1a: Marianela|recharge
|
|-weather|SunnyDay|[upkeep]
|upkeep
|turn|9
|
|t:|1783349526
|move|p2b: Aegislash|Iron Head|p1a: Marianela
|-supereffective|p1a: Marianela|1
|-damage|p1a: Marianela|0 fnt
|faint|p1a: Marianela
|
|win|Turin0-3Spritz
||exessvgc is ready for game 2.
|inactive|Turin0-3Spritz has 30 seconds to confirm battle start!
|inactive|Turin0-3Spritz has 20 seconds to confirm battle start!
|inactive|Turin0-3Spritz has 10 seconds to confirm battle start!
||Turin0-3Spritz is ready for game 2.
|uhtml|next|Next: Game 2 of 3
