|j|☆Kefka2.02
|j|☆PixelJaguar
|html|Kefka2.02PixelJaguar    
|uhtml|bestof|Game 2 of a best-of-3
|t:|1785769477
|gametype|doubles
|player|p1|Kefka2.02|steven|1000
|player|p2|PixelJaguar|brycen|1070
|gen|9
|tier|[Gen 9 Champions] VGC 2026 Reg M-B (Bo3)
|rated|
|rule|Species Clause: Limit one of each Pokémon
|rule|Item Clause: Limit 1 of each item
|clearpoke
|poke|p1|Reuniclus, L50, M|
|poke|p1|Musharna, L50, M|
|poke|p1|Slowbro, L50, M|
|poke|p1|Torkoal, L50, F|
|poke|p1|Scovillain, L50, F|
|poke|p1|Scrafty, L50, M|
|poke|p2|Staraptor, L50, M|
|poke|p2|Metagross, L50|
|poke|p2|Farigiraf, L50, F|
|poke|p2|Whimsicott, L50, F|
|poke|p2|Garchomp, L50, M|
|poke|p2|Ceruledge, L50, M|
|teampreview|4
|showteam|p1|Reuniclus||LifeOrb|MagicGuard|Psychic,FlashCannon,CalmMind,Protect|Modest||M|||50|]Musharna||Leftovers|Forewarn|Psychic,TrickRoom,HelpingHand,Protect|Quiet||M|||50|]Slowbro||Slowbronite|Regenerator|BodyPress,IronDefense,Scald,Protect|Modest||M|||50|]Torkoal||Charcoal|Drought|WeatherBall,Eruption,ClearSmog,Protect|Modest||F|||50|]Scovillain||Scovillainite|Chlorophyll|RagePowder,SolarBeam,SpicyExtract,Flamethrower|Modest||F|||50|]Scrafty||Scraftinite|Intimidate|CloseCombat,KnockOff,FakeOut,Protect|Brave||M|||50|
|showteam|p2|Staraptor||Staraptite|Intimidate|CloseCombat,BraveBird,Protect,Roost|Jolly||M|||50|]Metagross||Metagrossite|ClearBody|Protect,IronHead,PsychicFangs,StompingTantrum|Adamant|||||50|]Farigiraf||SitrusBerry|ArmorTail|HelpingHand,Psychic,Thunderbolt,TrickRoom|Calm||F|||50|]Whimsicott||FocusSash|Prankster|Moonblast,Tailwind,Charm,Encore|Timid||F|||50|]Garchomp||LifeOrb|RoughSkin|Protect,StompingTantrum,RockSlide,DragonClaw|Jolly||M|||50|]Ceruledge||ColburBerry|FlashFire|Protect,ShadowSneak,BulkUp,BitterBlade|Adamant||M|||50|
|
|t:|1785769519
|teamsize|p1|4
|teamsize|p2|4
|start
|switch|p1a: Musharna|Musharna, L50, M|100/100
|switch|p1b: Reuniclus|Reuniclus, L50, M|100/100
|switch|p2a: Ceruledge|Ceruledge, L50, M|100/100
|switch|p2b: Garchomp|Garchomp, L50, M|100/100
|-activate|p1a: Musharna|ability: Forewarn|Bitter Blade|[of] p2a: Ceruledge
|turn|1
|
|t:|1785769546
|move|p1b: Reuniclus|Protect|p1b: Reuniclus
|-singleturn|p1b: Reuniclus|Protect
|move|p2b: Garchomp|Rock Slide|p1a: Musharna|[spread] p1a
|-activate|p1b: Reuniclus|move: Protect
|-damage|p1a: Musharna|78/100
|-damage|p2b: Garchomp|90/100|[from] item: Life Orb
|move|p2a: Ceruledge|Bitter Blade|p1b: Reuniclus
|-activate|p1b: Reuniclus|move: Protect
|move|p1a: Musharna|Trick Room|p1a: Musharna
|-fieldstart|move: Trick Room|[of] p1a: Musharna
|
|-heal|p1a: Musharna|83/100|[from] item: Leftovers
|upkeep
|turn|2
|
|t:|1785769565
|move|p1a: Musharna|Helping Hand|p1b: Reuniclus
|-singleturn|p1b: Reuniclus|Helping Hand|[of] p1a: Musharna
|move|p2a: Ceruledge|Protect|p2a: Ceruledge
|-singleturn|p2a: Ceruledge|Protect
|move|p2b: Garchomp|Protect|p2b: Garchomp
|-singleturn|p2b: Garchomp|Protect
|move|p1b: Reuniclus|Psychic|p2b: Garchomp
|-activate|p2b: Garchomp|move: Protect
|
|-heal|p1a: Musharna|89/100|[from] item: Leftovers
|upkeep
|turn|3
|
|t:|1785769608
|move|p2a: Ceruledge|Shadow Sneak|p1b: Reuniclus
|-supereffective|p1b: Reuniclus|1
|-damage|p1b: Reuniclus|55/100
|move|p1a: Musharna|Psychic|p2b: Garchomp
|-damage|p2b: Garchomp|38/100
|move|p1b: Reuniclus|Psychic|p2b: Garchomp
|-damage|p2b: Garchomp|0 fnt
|faint|p2b: Garchomp
|
|-heal|p1a: Musharna|95/100|[from] item: Leftovers
|upkeep
|
|t:|1785769618
|switch|p2b: Metagross|Metagross, L50|100/100
|turn|4
|
|t:|1785769628
|detailschange|p2b: Metagross|Metagross-Mega, L50
|-mega|p2b: Metagross|Metagross|Metagrossite
|move|p2a: Ceruledge|Shadow Sneak|p1b: Reuniclus
|-supereffective|p1b: Reuniclus|1
|-damage|p1b: Reuniclus|16/100
|move|p1a: Musharna|Psychic|p2a: Ceruledge
|-damage|p2a: Ceruledge|58/100
|move|p1b: Reuniclus|Psychic|p2a: Ceruledge
|-damage|p2a: Ceruledge|0 fnt
|faint|p2a: Ceruledge
|move|p2b: Metagross|Iron Head|p1a: Musharna
|-damage|p1a: Musharna|41/100
|
|-heal|p1a: Musharna|47/100|[from] item: Leftovers
|upkeep
|
|t:|1785769640
|switch|p2a: Whimsicott|Whimsicott, L50, F|100/100
|turn|5
|
|t:|1785769649
|move|p1b: Reuniclus|Calm Mind|p1b: Reuniclus
|-boost|p1b: Reuniclus|spa|1
|-boost|p1b: Reuniclus|spd|1
|move|p2b: Metagross|Iron Head|p1a: Musharna
|-damage|p1a: Musharna|0 fnt
|faint|p1a: Musharna
|move|p2a: Whimsicott|Moonblast|p1b: Reuniclus
|-damage|p1b: Reuniclus|0 fnt
|faint|p1b: Reuniclus
|
|-fieldend|move: Trick Room
|upkeep
|
|t:|1785769661
|switch|p1b: Torkoal|Torkoal, L50, F|100/100
|switch|p1a: Scovillain|Scovillain, L50, F|100/100
|-weather|SunnyDay|[from] ability: Drought|[of] p1b: Torkoal
|turn|6
|
|t:|1785769690
|detailschange|p1a: Scovillain|Scovillain-Mega, L50, F
|-mega|p1a: Scovillain|Scovillain|Scovillainite
|move|p1a: Scovillain|Rage Powder|p1a: Scovillain
|-singleturn|p1a: Scovillain|move: Rage Powder
|move|p2a: Whimsicott|Tailwind|p2a: Whimsicott
|-sidestart|p2: PixelJaguar|move: Tailwind
|move|p2b: Metagross|Stomping Tantrum|p1a: Scovillain
|-damage|p1a: Scovillain|52/100
|-status|p2b: Metagross|brn|[from] ability: Spicy Spray|[of] p1a: Scovillain
|move|p1b: Torkoal|Eruption|p2a: Whimsicott|[spread] p2a,p2b
|-supereffective|p2a: Whimsicott|1
|-supereffective|p2b: Metagross|1
|-enditem|p2a: Whimsicott|Focus Sash
|-damage|p2a: Whimsicott|1/100
|-damage|p2b: Metagross|0 fnt
|faint|p2b: Metagross
|
|-weather|SunnyDay|[upkeep]
|upkeep
|turn|7
|
|t:|1785769713
|move|p2a: Whimsicott|Moonblast|p1a: Scovillain
|-resisted|p1a: Scovillain|1
|-damage|p1a: Scovillain|31/100
|-status|p2a: Whimsicott|brn|[from] ability: Spicy Spray|[of] p1a: Scovillain
|move|p1a: Scovillain|Solar Beam||[still]
|-prepare|p1a: Scovillain|Solar Beam
|-anim|p1a: Scovillain|Solar Beam|p2a: Whimsicott
|-resisted|p2a: Whimsicott|1
|-damage|p2a: Whimsicott|0 fnt
|faint|p2a: Whimsicott
|
|win|Kefka2.02
|raw|Kefka2.02's rating: 1000 → 1048(+48 for winning)
|raw|PixelJaguar's rating: 1070 → 1045(-25 for losing)
