|j|☆merrypasta
|j|☆AMediocreRobot
|html|merrypastaAMediocreRobot    
|uhtml|bestof|Game 1 of a best-of-3
|t:|1784977722
|gametype|doubles
|player|p1|merrypasta|anabel-gen7|
|player|p2|AMediocreRobot|medium|
|gen|9
|tier|[Gen 9 Champions] VGC 2026 Reg M-B (Bo3)
|rule|Species Clause: Limit one of each Pokémon
|rule|Item Clause: Limit 1 of each item
|clearpoke
|poke|p1|Gardevoir, L50, F, shiny|
|poke|p1|Aegislash, L50, F|
|poke|p1|Tsareena, L50, F|
|poke|p1|Scrafty, L50, M|
|poke|p1|Rotom-Wash, L50|
|poke|p1|Talonflame, L50, F|
|poke|p2|Corviknight, L50, F|
|poke|p2|Scizor, L50, F|
|poke|p2|Rotom-Wash, L50|
|poke|p2|Pyroar, L50, F|
|poke|p2|Aegislash, L50, M|
|poke|p2|Tsareena, L50, F|
|teampreview|4
|showteam|p1|Gardevoir||Gardevoirite|Trace|HyperVoice,Psyshock,Protect,TrickRoom|Modest||F|||50|]Aegislash||LifeOrb|StanceChange|Poltergeist,CloseCombat,KingsShield,ShadowSneak|Adamant||F|||50|]Tsareena||ExpertBelt|QueenlyMajesty|PowerWhip,TripleAxel,Protect,LowKick|Adamant||F|||50|]Scrafty||Scraftinite|Intimidate|CloseCombat,KnockOff,FakeOut,Encore|Adamant||M|||50|]Rotom-Wash||SitrusBerry|Levitate|Thunderbolt,HydroPump,Protect,WillOWisp|Modest|||||50|]Talonflame||SharpBeak|GaleWings|BraveBird,FlareBlitz,Protect,Tailwind|Jolly||F|||50|
|showteam|p2|Corviknight||ExpertBelt|MirrorArmor|BraveBird,BodyPress,Tailwind,BulkUp|Impish||F|||50|]Scizor||LifeOrb|Technician|Assurance,BulletPunch,Uturn,Protect|Adamant||F|||50|]Rotom-Wash||ChoiceScarf|Levitate|HydroPump,Electroweb,VoltSwitch,Thunderbolt|Modest|||||50|]Pyroar||Pyroarite|Unnerve|HeatWave,Overheat,HyperVoice,Protect|Timid||F|||50|]Aegislash||SitrusBerry|StanceChange|Poltergeist,CloseCombat,KingsShield,SwordsDance|Adamant||M|||50|]Tsareena||WideLens|QueenlyMajesty|PowerWhip,TripleAxel,HighJumpKick,Protect|Adamant||F|||50|
|c|☆AMediocreRobot|Hf
|
|t:|1784977779
|teamsize|p1|4
|teamsize|p2|4
|start
|switch|p1a: Talonflame|Talonflame, L50, F|100/100
|switch|p1b: Tsareena|Tsareena, L50, F|100/100
|switch|p2a: Pyroar|Pyroar, L50, F|100/100
|switch|p2b: Rotom|Rotom-Wash, L50|100/100
|-ability|p2a: Pyroar|Unnerve
|turn|1
|
|t:|1784977820
|switch|p2a: Aegislash|Aegislash, L50, M|100/100
|move|p1a: Talonflame|Tailwind|p1a: Talonflame
|-sidestart|p1: merrypasta|move: Tailwind
|move|p1b: Tsareena|Power Whip|p2b: Rotom
|-supereffective|p2b: Rotom|1
|-damage|p2b: Rotom|0 fnt
|faint|p2b: Rotom
|
|upkeep
|
|t:|1784977830
|switch|p2b: Scizor|Scizor, L50, F|100/100
|turn|2
|
|t:|1784977842
|switch|p1b: Scrafty|Scrafty, L50, M|100/100
|-ability|p1b: Scrafty|Intimidate|boost
|-unboost|p2a: Aegislash|atk|1
|-unboost|p2b: Scizor|atk|1
|move|p2b: Scizor|Protect|p2b: Scizor
|-singleturn|p2b: Scizor|Protect
|move|p1a: Talonflame|Flare Blitz|p2b: Scizor
|-activate|p2b: Scizor|move: Protect
|-formechange|p2a: Aegislash|Aegislash-Blade|
|move|p2a: Aegislash|Poltergeist|p1a: Talonflame
|-activate|p1a: Talonflame|move: Poltergeist|Sharp Beak
|-damage|p1a: Talonflame|43/100
|
|upkeep
|turn|3
|
|t:|1784977859
|switch|p2b: Pyroar|Pyroar, L50, F|100/100
|-ability|p2b: Pyroar|Unnerve
|detailschange|p1b: Scrafty|Scrafty-Mega, L50, M
|-mega|p1b: Scrafty|Scrafty|Scraftinite
|-ability|p1b: Scrafty|Intimidate|boost
|-unboost|p2a: Aegislash|atk|1
|-unboost|p2b: Pyroar|atk|1
|-formechange|p2a: Aegislash|Aegislash|
|move|p2a: Aegislash|King's Shield|p2a: Aegislash
|-singleturn|p2a: Aegislash|Protect
|move|p1a: Talonflame|Flare Blitz|p2b: Pyroar
|-resisted|p2b: Pyroar|1
|-damage|p2b: Pyroar|70/100
|-damage|p1a: Talonflame|32/100|[from] Recoil
|move|p1b: Scrafty|Knock Off|p2a: Aegislash
|-activate|p2a: Aegislash|move: Protect
|-unboost|p1b: Scrafty|atk|1
|
|upkeep
|turn|4
|
|t:|1784977870
|switch|p2a: Scizor|Scizor, L50, F|100/100
|move|p1a: Talonflame|Protect|p1a: Talonflame
|-singleturn|p1a: Talonflame|Protect
|move|p1b: Scrafty|Encore||[still]
|-fail|p1b: Scrafty
|move|p2b: Pyroar|Heat Wave|p1b: Scrafty|[spread] 
|-activate|p1a: Talonflame|move: Protect
|-miss|p2b: Pyroar|p1b: Scrafty
|
|-sideend|p1: merrypasta|move: Tailwind
|upkeep
|turn|5
|
|t:|1784977888
|switch|p1b: Tsareena|Tsareena, L50, F|100/100
|detailschange|p2b: Pyroar|Pyroar-Mega, L50, F
|-mega|p2b: Pyroar|Pyroar|Pyroarite
|move|p2a: Scizor|Bullet Punch||[still]
|cant|p1b: Tsareena|ability: Queenly Majesty|Bullet Punch|[of] p2a: Scizor
|move|p1a: Talonflame|Tailwind|p1a: Talonflame
|-sidestart|p1: merrypasta|move: Tailwind
|move|p2b: Pyroar|Overheat|p1b: Tsareena
|-supereffective|p1b: Tsareena|1
|-damage|p1b: Tsareena|0 fnt
|-unboost|p2b: Pyroar|spa|2
|faint|p1b: Tsareena
|
|upkeep
|
|t:|1784977899
|switch|p1b: Scrafty|Scrafty-Mega, L50, M|100/100
|-ability|p1b: Scrafty|Intimidate|boost
|-unboost|p2a: Scizor|atk|1
|-unboost|p2b: Pyroar|atk|1
|turn|6
|
|t:|1784977905
|switch|p2b: Aegislash|Aegislash, L50, M|100/100
|move|p1a: Talonflame|Flare Blitz|p2a: Scizor
|-supereffective|p2a: Scizor|2
|-damage|p2a: Scizor|0 fnt
|faint|p2a: Scizor
|-damage|p1a: Talonflame|0 fnt|[from] Recoil
|faint|p1a: Talonflame
|move|p1b: Scrafty|Knock Off|p2b: Aegislash
|-supereffective|p2b: Aegislash|1
|-damage|p2b: Aegislash|12/100
|-enditem|p2b: Aegislash|Sitrus Berry|[from] move: Knock Off|[of] p1b: Scrafty
|
|upkeep
|
|t:|1784977912
|switch|p1a: Rotom|Rotom-Wash, L50|100/100
|switch|p2a: Pyroar|Pyroar-Mega, L50, F|70/100
|turn|7
|
|t:|1784977924
|move|p2b: Aegislash|King's Shield|p2b: Aegislash
|-singleturn|p2b: Aegislash|Protect
|move|p1a: Rotom|Hydro Pump|p2a: Pyroar|[miss]
|-miss|p1a: Rotom|p2a: Pyroar
|move|p2a: Pyroar|Overheat|p1b: Scrafty
|-damage|p1b: Scrafty|22/100
|-unboost|p2a: Pyroar|spa|2
|move|p1b: Scrafty|Knock Off|p2b: Aegislash
|-activate|p2b: Aegislash|move: Protect
|-unboost|p1b: Scrafty|atk|1
|
|upkeep
|turn|8
|
|t:|1784977939
|move|p2a: Pyroar|Protect|p2a: Pyroar
|-singleturn|p2a: Pyroar|Protect
|move|p2b: Aegislash|King's Shield|p2b: Aegislash
|-singleturn|p2b: Aegislash|Protect
|move|p1a: Rotom|Hydro Pump|p2a: Pyroar
|-activate|p2a: Pyroar|move: Protect
|move|p1b: Scrafty|Knock Off|p2b: Aegislash
|-activate|p2b: Aegislash|move: Protect
|-unboost|p1b: Scrafty|atk|1
|
|-sideend|p1: merrypasta|move: Tailwind
|upkeep
|turn|9
|
|t:|1784977950
|move|p2a: Pyroar|Hyper Voice|p1b: Scrafty|[spread] p1a,p1b
|-damage|p1a: Rotom|80/100
|-damage|p1b: Scrafty|8/100
|move|p1a: Rotom|Thunderbolt|p2b: Aegislash
|-damage|p2b: Aegislash|0 fnt
|faint|p2b: Aegislash
|move|p1b: Scrafty|Close Combat|p2a: Pyroar
|-supereffective|p2a: Pyroar|1
|-damage|p2a: Pyroar|0 fnt
|-unboost|p1b: Scrafty|def|1
|-unboost|p1b: Scrafty|spd|1
|faint|p2a: Pyroar
|
|win|merrypasta
||AMediocreRobot is ready for game 2.
