|j|☆DoctrPlague
|j|☆BacoOverlord
|html|DoctrPlagueBacoOverlord    
|uhtml|bestof|Game 2 of a best-of-3
|t:|1786138242
|gametype|doubles
|player|p1|DoctrPlague|plasmagrunt|
|player|p2|BacoOverlord|169|
|gen|9
|tier|[Gen 9 Champions] VGC 2026 Reg M-B (Bo3)
|rule|Species Clause: Limit one of each Pokémon
|rule|Item Clause: Limit 1 of each item
|clearpoke
|poke|p1|Swampert, L50, F|
|poke|p1|Basculegion-F, L50, F|
|poke|p1|Sinistcha, L50|
|poke|p1|Mr. Rime, L50, F|
|poke|p1|Hawlucha, L50, M|
|poke|p1|Politoed, L50, M|
|poke|p2|Slowking-Galar, L50, M|
|poke|p2|Hydreigon, L50, F|
|poke|p2|Rotom-Heat, L50|
|poke|p2|Gardevoir, L50, F|
|poke|p2|Meowstic, L50, M|
|poke|p2|Aegislash, L50, M|
|teampreview|4
|showteam|p1|Swampert||Leftovers|Torrent|WideGuard,HighHorsepower,KnockOff,Protect|Careful||F|||50|]Basculegion-F||LifeOrb|SwiftSwim|WaveCrash,ShadowBall,Protect,IceBeam|Mild||F|||50|]Sinistcha||ColburBerry|Hospitality|Imprison,TrickRoom,MatchaGotcha,Protect|Relaxed|||||50|]Mr. Rime||FocusSash|ScreenCleaner|FakeOut,SheerCold,RolePlay,Protect|Calm||F|||50|]Hawlucha||Hawluchanite|Limber|Lunge,RockSlide,Protect,Entrainment|Jolly||M|||50|]Politoed||SitrusBerry|Drizzle|WeatherBall,Whirlpool,Protect,IcyWind|Calm||M|||50|
|showteam|p2|Slowking-Galar||MentalHerb|Regenerator|ChillyReception,TrickRoom,EerieSpell,Yawn|Bold||M|||50|]Hydreigon||FocusSash|Levitate|DarkPulse,Tailwind,Uturn,Protect|Modest||F|||50|]Rotom-Heat||ChoiceScarf|Levitate|Trick,VoltSwitch,Thunder,WillOWisp|Modest|||||50|]Gardevoir||Gardevoirite|Trace|CalmMind,Protect,PsychicNoise,EnergyBall|Calm||F|||50|]Meowstic||LightClay|Prankster|Reflect,LightScreen,FakeOut,Psyshock|Calm||M|||50|]Aegislash||LifeOrb|StanceChange|KingsShield,SacredSword,Poltergeist,ShadowSneak|Adamant||M|||50|
|
|t:|1786138299
|teamsize|p1|4
|teamsize|p2|4
|start
|switch|p1a: Bap|Mr. Rime, L50, F|100/100
|switch|p1b: Bep|Hawlucha, L50, M|100/100
|switch|p2a: Witch Doctor|Slowking-Galar, L50, M|100/100
|switch|p2b: Caliburn|Aegislash, L50, M|100/100
|turn|1
|
|t:|1786138330
|detailschange|p1b: Bep|Hawlucha-Mega, L50, M
|-mega|p1b: Bep|Hawlucha|Hawluchanite
|move|p1b: Bep|Protect|p1b: Bep
|-singleturn|p1b: Bep|Protect
|move|p1a: Bap|Role Play|p1b: Bep
|-ability|p1a: Bap|No Guard|Screen Cleaner|[from] move: Role Play|[of] p1b: Bep
|-formechange|p2b: Caliburn|Aegislash-Blade|
|move|p2b: Caliburn|Poltergeist|p1a: Bap
|-activate|p1a: Bap|move: Poltergeist|Focus Sash
|-supereffective|p1a: Bap|1
|-enditem|p1a: Bap|Focus Sash
|-damage|p1a: Bap|1/100
|-damage|p2b: Caliburn|90/100|[from] item: Life Orb
|move|p2a: Witch Doctor|Eerie Spell|p1b: Bep
|-activate|p1b: Bep|move: Protect
|
|upkeep
|turn|2
|
|t:|1786138403
|move|p1a: Bap|Protect|p1a: Bap
|-singleturn|p1a: Bap|Protect
|move|p2b: Caliburn|Shadow Sneak|p1a: Bap
|-activate|p1a: Bap|move: Protect
|move|p1b: Bep|Rock Slide|p2a: Witch Doctor|[spread] p2a,p2b
|-resisted|p2b: Caliburn|1
|-damage|p2a: Witch Doctor|83/100
|-damage|p2b: Caliburn|73/100
|move|p2a: Witch Doctor|Yawn|p1b: Bep
|-start|p1b: Bep|move: Yawn|[of] p2a: Witch Doctor
|
|upkeep
|turn|3
|
|t:|1786138457
|move|p1a: Bap|Protect|p1a: Bap
|-singleturn|p1a: Bap|Protect
|move|p2b: Caliburn|Shadow Sneak|p1a: Bap
|-activate|p1a: Bap|move: Protect
|move|p1b: Bep|Lunge|p2a: Witch Doctor
|-damage|p2a: Witch Doctor|59/100
|-unboost|p2a: Witch Doctor|atk|1
|move|p2a: Witch Doctor|Trick Room|p2a: Witch Doctor
|-fieldstart|move: Trick Room|[of] p2a: Witch Doctor
|
|-end|p1b: Bep|move: Yawn|[silent]
|-status|p1b: Bep|slp
|upkeep
|turn|4
|
|t:|1786138497
|switch|p1b: Bop|Swampert, L50, F|100/100
|move|p2b: Caliburn|Shadow Sneak|p1a: Bap
|-supereffective|p1a: Bap|1
|-damage|p1a: Bap|0 fnt
|faint|p1a: Bap
|-damage|p2b: Caliburn|64/100|[from] item: Life Orb
|move|p2a: Witch Doctor|Eerie Spell|p1b: Bop
|-damage|p1b: Bop|78/100
|
|-heal|p1b: Bop|84/100|[from] item: Leftovers
|upkeep
|
|t:|1786138520
|switch|p1a: Bup|Politoed, L50, M|100/100
|-weather|RainDance|[from] ability: Drizzle|[of] p1a: Bup
|turn|5
|
|t:|1786138546
|move|p2a: Witch Doctor|Yawn|p1b: Bop
|-start|p1b: Bop|move: Yawn|[of] p2a: Witch Doctor
|move|p1b: Bop|High Horsepower|p2b: Caliburn
|-supereffective|p2b: Caliburn|1
|-damage|p2b: Caliburn|0 fnt
|faint|p2b: Caliburn
|move|p1a: Bup|Whirlpool|p2a: Witch Doctor|[miss]
|-miss|p1a: Bup|p2a: Witch Doctor
|
|-weather|RainDance|[upkeep]
|-heal|p1b: Bop|89/100|[from] item: Leftovers
|upkeep
|
|t:|1786138556
|switch|p2b: Kiki|Gardevoir, L50, F|100/100
|-ability|p2b: Kiki|Torrent|Trace|[from] ability: Trace|[of] p1b: Bop
|turn|6
|
|t:|1786138578
|detailschange|p2b: Kiki|Gardevoir-Mega, L50, F
|-mega|p2b: Kiki|Gardevoir|Gardevoirite
|move|p2a: Witch Doctor|Yawn|p1a: Bup
|-start|p1a: Bup|move: Yawn|[of] p2a: Witch Doctor
|move|p1b: Bop|High Horsepower|p2a: Witch Doctor
|-supereffective|p2a: Witch Doctor|1
|-damage|p2a: Witch Doctor|0 fnt
|faint|p2a: Witch Doctor
|move|p1a: Bup|Whirlpool|p2b: Kiki|[miss]
|-miss|p1a: Bup|p2b: Kiki
|move|p2b: Kiki|Energy Ball|p1b: Bop
|-supereffective|p1b: Bop|2
|-damage|p1b: Bop|0 fnt
|faint|p1b: Bop
|
|-weather|RainDance|[upkeep]
|upkeep
|
|t:|1786138592
|switch|p2a: Hydrussy|Hydreigon, L50, F|100/100
|switch|p1b: Bep|Hawlucha-Mega, L50, M|100/100 slp
|turn|7
|
|t:|1786138608
|move|p1a: Bup|Protect|p1a: Bup
|-singleturn|p1a: Bup|Protect
|cant|p1b: Bep|slp
|move|p2a: Hydrussy|Dark Pulse|p1a: Bup
|-activate|p1a: Bup|move: Protect
|move|p2b: Kiki|Psychic Noise|p1b: Bep
|-supereffective|p1b: Bep|1
|-damage|p1b: Bep|0 fnt
|faint|p1b: Bep
|
|-weather|RainDance|[upkeep]
|-end|p1a: Bup|move: Yawn|[silent]
|-status|p1a: Bup|slp
|-fieldend|move: Trick Room
|upkeep
|turn|8
|
|t:|1786138626
|move|p2b: Kiki|Energy Ball|p1a: Bup
|-supereffective|p1a: Bup|1
|-damage|p1a: Bup|44/100 slp
|-enditem|p1a: Bup|Sitrus Berry|[eat]
|-heal|p1a: Bup|69/100 slp|[from] item: Sitrus Berry
|move|p2a: Hydrussy|Dark Pulse|p1a: Bup
|-damage|p1a: Bup|38/100 slp
|cant|p1a: Bup|slp
|
|-weather|RainDance|[upkeep]
|upkeep
|turn|9
|
|t:|1786138640
|move|p2b: Kiki|Energy Ball|p1a: Bup
|-supereffective|p1a: Bup|1
|-damage|p1a: Bup|0 fnt
|faint|p1a: Bup
|
|win|BacoOverlord
