|j|☆kodehue
|j|☆lettitripppp
|html|kodehuelettitripppp    
|uhtml|bestof|Game 1 of a best-of-3
|t:|1785275760
|gametype|doubles
|player|p1|kodehue|101|1053
|player|p2|lettitripppp|lucas|1194
|gen|9
|tier|[Gen 9 Champions] VGC 2026 Reg M-B (Bo3)
|rated|
|rule|Species Clause: Limit one of each Pokémon
|rule|Item Clause: Limit 1 of each item
|clearpoke
|poke|p1|Feraligatr, L50, F|
|poke|p1|Vivillon, L50, M|
|poke|p1|Lopunny, L50, F|
|poke|p1|Aerodactyl, L50, M|
|poke|p1|Infernape, L50, F|
|poke|p1|Eelektross, L50, M|
|poke|p2|Staraptor, L50, F|
|poke|p2|Tyranitar, L50, F|
|poke|p2|Excadrill, L50, F|
|poke|p2|Gholdengo, L50|
|poke|p2|Milotic, L50, F|
|poke|p2|Sinistcha, L50|
|teampreview|4
|showteam|p1|Feraligatr||MuscleBand|SheerForce|Liquidation,IcePunch,Superpower,Crunch|Adamant||F|||50|]Vivillon||FocusSash|ShieldDust|SleepPowder,Hurricane,Whirlwind,Protect|Timid||M|||50|]Lopunny||Lopunnite|CuteCharm|FakeOut,ThunderPunch,HelpingHand,HighJumpKick|Jolly||F|||50|]Aerodactyl||Aerodactylite|Unnerve|Tailwind,Taunt,Earthquake,RockSlide|Jolly||M|||50|]Infernape||LifeOrb|IronFist|FakeOut,DrainPunch,ThunderPunch,FirePunch|Adamant||F|||50|]Eelektross||ExpertBelt|Levitate|SupercellSlam,KnockOff,PsychicFangs,FlashCannon|Serious||M|||50|
|showteam|p2|Staraptor||Staraptite|Intimidate|CloseCombat,BraveBird,Tailwind,Protect|Jolly||F|||50|]Tyranitar||Tyranitarite|SandStream|RockSlide,KnockOff,LowKick,Protect|Jolly||F|||50|]Excadrill||FocusSash|SandRush|HighHorsepower,RockSlide,IronHead,Protect|Adamant||F|||50|]Gholdengo||LifeOrb|GoodasGold|MakeItRain,ShadowBall,NastyPlot,Protect|Timid|||||50|]Milotic||Leftovers|Competitive|IcyWind,Scald,Haze,Protect|Calm||F|||50|]Sinistcha||ColburBerry|Hospitality|MatchaGotcha,RagePowder,TrickRoom,Protect|Bold|||||50|
|inactive|Battle timer is ON: inactive players will automatically lose when time's up. (requested by lettitripppp)
|inactive|kodehue also wants the timer to be on.
|inactive|kodehue has 60 seconds left.
|inactive|lettitripppp has 60 seconds left.
|inactive|lettitripppp has 30 seconds left.
|inactive|lettitripppp has 20 seconds left.
|inactive|lettitripppp has 15 seconds left.
|inactive|lettitripppp has 10 seconds left.
|
|t:|1785275844
|teamsize|p1|4
|teamsize|p2|4
|start
|switch|p1a: Vivillon|Vivillon, L50, M|100/100
|switch|p1b: Lopunny|Lopunny, L50, F|100/100
|switch|p2a: NUMBER 1|Staraptor, L50, F|100/100
|switch|p2b: NIGHT NIGHT|Milotic, L50, F|100/100
|-ability|p2a: NUMBER 1|Intimidate|boost
|-unboost|p1a: Vivillon|atk|1
|-unboost|p1b: Lopunny|atk|1
|turn|1
|inactive|kodehue has 30 seconds left.
|inactive|kodehue has 20 seconds left.
|
|t:|1785275883
|detailschange|p1b: Lopunny|Lopunny-Mega, L50, F
|-mega|p1b: Lopunny|Lopunny|Lopunnite
|move|p2a: NUMBER 1|Protect|p2a: NUMBER 1
|-singleturn|p2a: NUMBER 1|Protect
|move|p2b: NIGHT NIGHT|Protect|p2b: NIGHT NIGHT
|-singleturn|p2b: NIGHT NIGHT|Protect
|move|p1b: Lopunny|Fake Out|p2a: NUMBER 1
|-activate|p2a: NUMBER 1|move: Protect
|move|p1a: Vivillon|Sleep Powder|p2b: NIGHT NIGHT
|-activate|p2b: NIGHT NIGHT|move: Protect
|
|upkeep
|turn|2
|inactive|kodehue has 30 seconds left.
|inactive|kodehue has 20 seconds left.
|inactive|kodehue has 15 seconds left.
|
|t:|1785275923
|detailschange|p2a: NUMBER 1|Staraptor-Mega, L50, F
|-mega|p2a: NUMBER 1|Staraptor|Staraptite
|move|p1b: Lopunny|Thunder Punch|p2a: NUMBER 1
|-supereffective|p2a: NUMBER 1|1
|-damage|p2a: NUMBER 1|65/100
|-status|p2a: NUMBER 1|par
|move|p1a: Vivillon|Sleep Powder|p2b: NIGHT NIGHT
|-status|p2b: NIGHT NIGHT|slp|[from] move: Sleep Powder
|cant|p2b: NIGHT NIGHT|slp
|move|p2a: NUMBER 1|Close Combat|p1b: Lopunny
|-supereffective|p1b: Lopunny|1
|-damage|p1b: Lopunny|0 fnt
|-boost|p2a: NUMBER 1|def|1
|-boost|p2a: NUMBER 1|spd|1
|faint|p1b: Lopunny
|
|upkeep
|
|t:|1785275943
|switch|p1b: Eelektross|Eelektross, L50, M|100/100
|turn|3
|inactive|kodehue has 30 seconds left.
|
|t:|1785275977
|switch|p2b: TRANITAR|Tyranitar, L50, F|100/100
|-weather|Sandstorm|[from] ability: Sand Stream|[of] p2b: TRANITAR
|switch|p2a: RUSH-DRILL|Excadrill, L50, F|100/100
|move|p1a: Vivillon|Sleep Powder|p2a: RUSH-DRILL
|-status|p2a: RUSH-DRILL|slp|[from] move: Sleep Powder
|move|p1b: Eelektross|Supercell Slam|p2b: TRANITAR
|-damage|p2b: TRANITAR|57/100
|
|-weather|Sandstorm|[upkeep]
|-damage|p1a: Vivillon|94/100|[from] Sandstorm
|-damage|p1b: Eelektross|93/100|[from] Sandstorm
|upkeep
|turn|4
|
|t:|1785275999
|cant|p2a: RUSH-DRILL|slp
|move|p1a: Vivillon|Sleep Powder|p2b: TRANITAR
|-status|p2b: TRANITAR|slp|[from] move: Sleep Powder
|cant|p2b: TRANITAR|slp
|move|p1b: Eelektross|Flash Cannon|p2b: TRANITAR
|-supereffective|p2b: TRANITAR|1
|-damage|p2b: TRANITAR|19/100 slp
|
|-weather|Sandstorm|[upkeep]
|-damage|p1a: Vivillon|88/100|[from] Sandstorm
|-damage|p1b: Eelektross|87/100|[from] Sandstorm
|upkeep
|turn|5
|inactive|kodehue has 30 seconds left.
|
|t:|1785276031
|cant|p2a: RUSH-DRILL|slp
|move|p1a: Vivillon|Hurricane|p2b: TRANITAR
|-resisted|p2b: TRANITAR|1
|-damage|p2b: TRANITAR|4/100 slp
|cant|p2b: TRANITAR|slp
|move|p1b: Eelektross|Knock Off|p2a: RUSH-DRILL
|-damage|p2a: RUSH-DRILL|51/100 slp
|-enditem|p2a: RUSH-DRILL|Focus Sash|[from] move: Knock Off|[of] p1b: Eelektross
|
|-weather|Sandstorm|[upkeep]
|-damage|p1a: Vivillon|82/100|[from] Sandstorm
|-damage|p1b: Eelektross|81/100|[from] Sandstorm
|upkeep
|turn|6
|inactive|kodehue has 30 seconds left.
|inactive|kodehue has 20 seconds left.
|inactive|kodehue has 15 seconds left.
|inactive|kodehue has 10 seconds left.
|
|t:|1785276078
|move|p1a: Vivillon|Protect|p1a: Vivillon
|-singleturn|p1a: Vivillon|Protect
|-curestatus|p2a: RUSH-DRILL|slp|[msg]
|move|p2a: RUSH-DRILL|Rock Slide|p1b: Eelektross|[spread] p1b
|-activate|p1a: Vivillon|move: Protect
|-damage|p1b: Eelektross|51/100
|-curestatus|p2b: TRANITAR|slp|[msg]
|move|p2b: TRANITAR|Knock Off|p1b: Eelektross
|-damage|p1b: Eelektross|0 fnt
|-enditem|p1b: Eelektross|Expert Belt|[from] move: Knock Off|[of] p2b: TRANITAR
|faint|p1b: Eelektross
|
|-weather|Sandstorm|[upkeep]
|-damage|p1a: Vivillon|77/100|[from] Sandstorm
|upkeep
|
|t:|1785276096
|switch|p1b: Infernape|Infernape, L50, F|100/100
|turn|7
|
|t:|1785276106
|switch|p2b: NIGHT NIGHT|Milotic, L50, F|100/100 slp
|move|p2a: RUSH-DRILL|Protect|p2a: RUSH-DRILL
|-singleturn|p2a: RUSH-DRILL|Protect
|move|p1b: Infernape|Fire Punch|p2a: RUSH-DRILL
|-activate|p2a: RUSH-DRILL|move: Protect
|move|p1a: Vivillon|Sleep Powder|p2b: NIGHT NIGHT
|-fail|p2b: NIGHT NIGHT|slp
|
|-weather|none
|upkeep
|turn|8
|inactive|kodehue has 30 seconds left.
|inactive|kodehue has 20 seconds left.
|
|t:|1785276145
|switch|p2b: TRANITAR|Tyranitar, L50, F|4/100
|-weather|Sandstorm|[from] ability: Sand Stream|[of] p2b: TRANITAR
|move|p1a: Vivillon|Protect|p1a: Vivillon
|-singleturn|p1a: Vivillon|Protect
|move|p2a: RUSH-DRILL|High Horsepower|p1b: Infernape
|-supereffective|p1b: Infernape|1
|-damage|p1b: Infernape|0 fnt
|faint|p1b: Infernape
|
|-weather|Sandstorm|[upkeep]
|-damage|p1a: Vivillon|71/100|[from] Sandstorm
|upkeep
|turn|9
|
|t:|1785276165
|move|p2a: RUSH-DRILL|Rock Slide|p1a: Vivillon
|-supereffective|p1a: Vivillon|2
|-damage|p1a: Vivillon|0 fnt
|faint|p1a: Vivillon
|
|win|lettitripppp
