|j|☆ronzthebonz
|j|☆palle synchro
|html|ronzthebonzpalle synchro    
|uhtml|bestof|Game 3 of a best-of-3
|t:|1784968867
|gametype|doubles
|player|p1|ronzthebonz|2|1308
|player|p2|palle synchro|volkner|1428
|gen|9
|tier|[Gen 9 Champions] VGC 2026 Reg M-B (Bo3)
|rated|
|rule|Species Clause: Limit one of each Pokémon
|rule|Item Clause: Limit 1 of each item
|clearpoke
|poke|p1|Snorlax, L50, F|
|poke|p1|Incineroar, L50, F|
|poke|p1|Gengar, L50, F|
|poke|p1|Sableye, L50, F|
|poke|p1|Kingambit, L50, M|
|poke|p1|Palafin, L50, F|
|poke|p2|Pelipper, L50, M|
|poke|p2|Archaludon, L50, F|
|poke|p2|Venusaur, L50, F|
|poke|p2|Maushold, L50|
|poke|p2|Gholdengo, L50|
|poke|p2|Basculegion, L50, M|
|teampreview|4
|showteam|p1|Snorlax||Leftovers|ThickFat|Yawn,Protect,Fissure,DoubleEdge|Sassy||F|||50|]Incineroar||PasshoBerry|Intimidate|FlareBlitz,Protect,FakeOut,PartingShot|Sassy||F|||50|]Gengar||Gengarite|CursedBody|ShadowBall,Disable,PerishSong,Protect|Timid||F|||50|]Sableye||SitrusBerry|Prankster|WillOWisp,Encore,FakeOut,LightScreen|Bold||F|||50|]Kingambit||ChopleBerry|Defiant|LowKick,KowtowCleave,IronHead,SuckerPunch|Brave||M|||50|]Palafin||MysticWater|ZerotoHero|JetPunch,WaveCrash,DrainPunch,Protect|Adamant||F|||50|
|showteam|p2|Pelipper||SitrusBerry|Drizzle|WeatherBall,Hurricane,Tailwind,Protect|Modest||M|||50|]Archaludon||Leftovers|Stamina|ElectroShot,DragonPulse,FlashCannon,Protect|Modest||F|||50|]Venusaur||Venusaurite|Chlorophyll|GigaDrain,EarthPower,SludgeBomb,Protect|Modest||F|||50|]Maushold||FocusSash|FriendGuard|SuperFang,RainDance,FollowMe,Protect|Timid|||||50|]Gholdengo||LifeOrb|GoodasGold|MakeItRain,ShadowBall,NastyPlot,Protect|Timid|||||50|]Basculegion||ChoiceScarf|Adaptability|WaveCrash,LastRespects,FlipTurn,AquaJet|Jolly||M|||50|
|inactive|Battle timer is ON: inactive players will automatically lose when time's up. (requested by ronzthebonz)
|inactive|ronzthebonz has 60 seconds left.
|inactive|ronzthebonz has 30 seconds left.
|
|t:|1784968936
|teamsize|p1|4
|teamsize|p2|4
|start
|switch|p1a: Incineroar|Incineroar, L50, F|100/100
|switch|p1b: Kingambit|Kingambit, L50, M|100/100
|switch|p2a: Gholdengo|Gholdengo, L50|100/100
|switch|p2b: Maushold|Maushold, L50|100/100
|-ability|p1a: Incineroar|Intimidate|boost
|-unboost|p2a: Gholdengo|atk|1
|-unboost|p2b: Maushold|atk|1
|turn|1
|
|t:|1784968952
|switch|p2a: Archaludon|Archaludon, L50, F|100/100
|move|p2b: Maushold|Protect|p2b: Maushold
|-singleturn|p2b: Maushold|Protect
|move|p1a: Incineroar|Fake Out|p2b: Maushold
|-activate|p2b: Maushold|move: Protect
|move|p1b: Kingambit|Kowtow Cleave|p2a: Archaludon
|-damage|p2a: Archaludon|73/100
|-ability|p2a: Archaludon|Stamina|boost
|-boost|p2a: Archaludon|def|1
|
|-heal|p2a: Archaludon|79/100|[from] item: Leftovers
|upkeep
|turn|2
|
|t:|1784968963
|move|p2b: Maushold|Rain Dance|p2b: Maushold
|-weather|RainDance
|move|p2a: Archaludon|Electro Shot||[still]
|-prepare|p2a: Archaludon|Electro Shot
|-boost|p2a: Archaludon|spa|1
|-anim|p2a: Archaludon|Electro Shot|p1b: Kingambit
|-damage|p1b: Kingambit|43/100
|move|p1a: Incineroar|Parting Shot|p2a: Archaludon
|-unboost|p2a: Archaludon|atk|1
|-unboost|p2a: Archaludon|spa|1
|
|t:|1784968973
|switch|p1a: Gengar|Gengar, L50, F|100/100|[from] Parting Shot
|move|p1b: Kingambit|Kowtow Cleave|p2b: Maushold
|-damage|p2b: Maushold|34/100
|
|-weather|RainDance|[upkeep]
|-heal|p2a: Archaludon|85/100|[from] item: Leftovers
|upkeep
|turn|3
|inactive|ronzthebonz has 30 seconds left.
|inactive|ronzthebonz has 20 seconds left.
|inactive|ronzthebonz has 15 seconds left.
|inactive|ronzthebonz has 10 seconds left.
|
|t:|1784969019
|switch|p2b: Gholdengo|Gholdengo, L50|100/100
|switch|p1b: Snorlax|Snorlax, L50, F|100/100
|detailschange|p1a: Gengar|Gengar-Mega, L50, F
|-mega|p1a: Gengar|Gengar|Gengarite
|move|p1a: Gengar|Perish Song|p1a: Gengar
|-start|p1a: Gengar|perish3|[silent]
|-start|p1b: Snorlax|perish3|[silent]
|-start|p2a: Archaludon|perish3|[silent]
|-immune|p2b: Gholdengo|[from] ability: Good as Gold
|-fieldactivate|move: Perish Song
|move|p2a: Archaludon|Electro Shot||[still]
|-prepare|p2a: Archaludon|Electro Shot
|-boost|p2a: Archaludon|spa|1
|-anim|p2a: Archaludon|Electro Shot|p1b: Snorlax
|-damage|p1b: Snorlax|63/100
|
|-weather|RainDance|[upkeep]
|-heal|p2a: Archaludon|91/100|[from] item: Leftovers
|-heal|p1b: Snorlax|69/100|[from] item: Leftovers
|-start|p1a: Gengar|perish3
|-start|p2a: Archaludon|perish3
|-start|p1b: Snorlax|perish3
|upkeep
|turn|4
|inactive|ronzthebonz has 30 seconds left.
|inactive|palle synchro has 30 seconds left.
|inactive|ronzthebonz has 20 seconds left.
|
|t:|1784969054
|move|p1a: Gengar|Shadow Ball|p2b: Gholdengo
|-supereffective|p2b: Gholdengo|1
|-damage|p2b: Gholdengo|0 fnt
|faint|p2b: Gholdengo
|move|p2a: Archaludon|Electro Shot||[still]
|-prepare|p2a: Archaludon|Electro Shot
|-boost|p2a: Archaludon|spa|1
|-anim|p2a: Archaludon|Electro Shot|p1b: Snorlax
|-damage|p1b: Snorlax|21/100
|move|p1b: Snorlax|Yawn|p2a: Archaludon
|-start|p2a: Archaludon|move: Yawn|[of] p1b: Snorlax
|
|-weather|RainDance|[upkeep]
|-heal|p2a: Archaludon|97/100|[from] item: Leftovers
|-heal|p1b: Snorlax|27/100|[from] item: Leftovers
|-start|p1a: Gengar|perish2
|-start|p2a: Archaludon|perish2
|-start|p1b: Snorlax|perish2
|upkeep
|
|t:|1784969070
|switch|p2b: Pelipper|Pelipper, L50, M|100/100
|turn|5
|
|t:|1784969082
|move|p1a: Gengar|Protect|p1a: Gengar
|-singleturn|p1a: Gengar|Protect
|move|p1b: Snorlax|Protect|p1b: Snorlax
|-singleturn|p1b: Snorlax|Protect
|move|p2a: Archaludon|Electro Shot||[still]
|-prepare|p2a: Archaludon|Electro Shot
|-boost|p2a: Archaludon|spa|1
|-anim|p2a: Archaludon|Electro Shot|p1b: Snorlax
|-activate|p1b: Snorlax|move: Protect
|move|p2b: Pelipper|Tailwind|p2b: Pelipper
|-sidestart|p2: palle synchro|move: Tailwind
|
|-weather|RainDance|[upkeep]
|-heal|p2a: Archaludon|100/100|[from] item: Leftovers
|-heal|p1b: Snorlax|33/100|[from] item: Leftovers
|-end|p2a: Archaludon|move: Yawn|[silent]
|-status|p2a: Archaludon|slp
|-start|p2a: Archaludon|perish1
|-start|p1a: Gengar|perish1
|-start|p1b: Snorlax|perish1
|upkeep
|turn|6
|
|t:|1784969105
|switch|p1a: Incineroar|Incineroar, L50, F|100/100
|-ability|p1a: Incineroar|Intimidate|boost
|-unboost|p2a: Archaludon|atk|1
|-unboost|p2b: Pelipper|atk|1
|switch|p1b: Kingambit|Kingambit, L50, M|43/100
|cant|p2a: Archaludon|slp
|move|p2b: Pelipper|Weather Ball|p1a: Incineroar
|-supereffective|p1a: Incineroar|1
|-enditem|p1a: Incineroar|Passho Berry|[eat]
|-enditem|p1a: Incineroar|Passho Berry|[weaken]
|-damage|p1a: Incineroar|57/100
|
|-weather|none
|-start|p2a: Archaludon|perish0
|faint|p2a: Archaludon
|upkeep
|
|t:|1784969110
|switch|p2a: Maushold|Maushold, L50|34/100
|turn|7
|
|t:|1784969128
|move|p2a: Maushold|Protect|p2a: Maushold
|-singleturn|p2a: Maushold|Protect
|move|p2b: Pelipper|Protect|p2b: Pelipper
|-singleturn|p2b: Pelipper|Protect
|move|p1a: Incineroar|Fake Out|p2b: Pelipper
|-activate|p2b: Pelipper|move: Protect
|move|p1b: Kingambit|Kowtow Cleave|p2a: Maushold
|-activate|p2a: Maushold|move: Protect
|
|upkeep
|turn|8
|
|t:|1784969133
|move|p2a: Maushold|Rain Dance|p2a: Maushold
|-weather|RainDance
|move|p2b: Pelipper|Weather Ball|p1b: Kingambit
|-damage|p1b: Kingambit|0 fnt
|faint|p1b: Kingambit
|move|p1a: Incineroar|Flare Blitz|p2a: Maushold
|-damage|p2a: Maushold|3/100
|-damage|p1a: Incineroar|48/100|[from] Recoil
|
|-weather|RainDance|[upkeep]
|-sideend|p2: palle synchro|move: Tailwind
|upkeep
|
|t:|1784969142
|switch|p1b: Gengar|Gengar-Mega, L50, F|100/100
|turn|9
|
|t:|1784969159
|move|p2a: Maushold|Protect|p2a: Maushold
|-singleturn|p2a: Maushold|Protect
|move|p1a: Incineroar|Protect|p1a: Incineroar
|-singleturn|p1a: Incineroar|Protect
|move|p1b: Gengar|Perish Song|p1b: Gengar
|-start|p1a: Incineroar|perish3|[silent]
|-start|p1b: Gengar|perish3|[silent]
|-start|p2a: Maushold|perish3|[silent]
|-start|p2b: Pelipper|perish3|[silent]
|-fieldactivate|move: Perish Song
|move|p2b: Pelipper|Weather Ball|p1a: Incineroar
|-activate|p1a: Incineroar|move: Protect
|
|-weather|RainDance|[upkeep]
|-start|p2a: Maushold|perish3
|-start|p1b: Gengar|perish3
|-start|p2b: Pelipper|perish3
|-start|p1a: Incineroar|perish3
|upkeep
|turn|10
|-message|palle synchro forfeited.
|
|win|ronzthebonz
|raw|ronzthebonz's rating: 1308 → 1335(+27 for winning)
|raw|palle synchro's rating: 1428 → 1401(-27 for losing)
