|j|☆jwithers93
|j|☆shepe33
|html|jwithers93shepe33    
|uhtml|bestof|Game 1 of a best-of-3
|t:|1783473442
|gametype|doubles
|player|p1|jwithers93|marshal|1080
|player|p2|shepe33|265|1045
|gen|9
|tier|[Gen 9 Champions] VGC 2026 Reg M-B (Bo3)
|rated|
|rule|Species Clause: Limit one of each Pokémon
|rule|Item Clause: Limit 1 of each item
|clearpoke
|poke|p1|Scovillain, L50, M|
|poke|p1|Rotom-Wash, L50|
|poke|p1|Whimsicott, L50, F|
|poke|p1|Floette-Eternal, L50, F|
|poke|p1|Garchomp, L50, M|
|poke|p1|Kingambit, L50, M|
|poke|p2|Araquanid, L50, M|
|poke|p2|Scizor, L50, F|
|poke|p2|Clefable, L50, M|
|poke|p2|Farigiraf, L50, M|
|poke|p2|Salazzle, L50, F|
|poke|p2|Scrafty, L50, M|
|teampreview|4
|showteam|p1|Scovillain||Scovillainite|Chlorophyll|Overheat,LeafStorm,RagePowder,LeechSeed|Bold||M|||50|]Rotom-Wash||ChoiceScarf|Levitate|Electroweb,VoltSwitch,HydroPump,HelpingHand|Timid|||||50|]Whimsicott||FocusSash|Prankster|Tailwind,Encore,Protect,Moonblast|Timid||F|||50|]Floette-Eternal||Floettite|FlowerVeil|DazzlingGleam,Moonblast,LightofRuin,Protect|Timid||F|||50|]Garchomp||LifeOrb|RoughSkin|Earthquake,RockSlide,DragonClaw,Protect|Jolly||M|||50|]Kingambit||ChopleBerry|Defiant|SuckerPunch,KowtowCleave,IronHead,Protect|Adamant||M|||50|
|showteam|p2|Araquanid||Leftovers|WaterAbsorb|BodySlam,Reflect,Waterfall,Protect|Sassy||M|||50|]Scizor||Scizorite|Technician|BugBite,BulletPunch,Protect,Superpower|Lonely||F|||50|]Clefable||KebiaBerry|MagicGuard|FollowMe,Protect,Moonblast,LightScreen|Relaxed||M|||50|]Farigiraf||ColburBerry|ArmorTail|HyperVoice,Protect,TrickRoom,ShadowBall|Modest||M|||50|]Salazzle||FocusSash|Corrosion|SludgeBomb,Protect,DragonPulse,Flamethrower|Timid||F|||50|]Scrafty||BlackBelt|Intimidate|FakeOut,IcePunch,DrainPunch,Protect|Impish||M|||50|
|
|t:|1783473479
|teamsize|p1|4
|teamsize|p2|4
|start
|switch|p1a: Garchomp|Garchomp, L50, M|100/100
|switch|p1b: Rotom|Rotom-Wash, L50|100/100
|switch|p2a: Farigiraf|Farigiraf, L50, M|100/100
|switch|p2b: Salazzle|Salazzle, L50, F|100/100
|turn|1
|inactive|Battle timer is ON: inactive players will automatically lose when time's up. (requested by jwithers93)
|
|t:|1783473505
|move|p1b: Rotom|Volt Switch|p2a: Farigiraf
|-damage|p2a: Farigiraf|72/100
|
|t:|1783473511
|switch|p1b: Scovillain|Scovillain, L50, M|100/100|[from] Volt Switch
|move|p2b: Salazzle|Dragon Pulse|p1a: Garchomp
|-supereffective|p1a: Garchomp|1
|-damage|p1a: Garchomp|39/100
|move|p1a: Garchomp|Earthquake|p2b: Salazzle|[spread] p1b,p2a,p2b
|-supereffective|p2b: Salazzle|2
|-damage|p1b: Scovillain|43/100
|-damage|p2a: Farigiraf|19/100
|-enditem|p2b: Salazzle|Focus Sash
|-damage|p2b: Salazzle|1/100
|-damage|p1a: Garchomp|29/100|[from] item: Life Orb
|move|p2a: Farigiraf|Hyper Voice|p1a: Garchomp|[spread] p1a,p1b
|-crit|p1b: Scovillain
|-damage|p1a: Garchomp|0 fnt
|-damage|p1b: Scovillain|0 fnt
|faint|p1a: Garchomp
|faint|p1b: Scovillain
|
|upkeep
|
|t:|1783473532
|switch|p1a: Rotom|Rotom-Wash, L50|100/100
|switch|p1b: Kingambit|Kingambit, L50, M|100/100
|turn|2
|inactive|shepe33 has 30 seconds left.
|
|t:|1783473557
|move|p2a: Farigiraf|Protect|p2a: Farigiraf
|-singleturn|p2a: Farigiraf|Protect
|move|p1a: Rotom|Electroweb|p2b: Salazzle|[spread] p2b
|-activate|p2a: Farigiraf|move: Protect
|-damage|p2b: Salazzle|0 fnt
|faint|p2b: Salazzle
|move|p1b: Kingambit|Kowtow Cleave|p2a: Farigiraf
|-activate|p2a: Farigiraf|move: Protect
|
|upkeep
|
|t:|1783473569
|switch|p2b: Scizor|Scizor, L50, F|100/100
|turn|3
|
|t:|1783473581
|detailschange|p2b: Scizor|Scizor-Mega, L50, F
|-mega|p2b: Scizor|Scizor|Scizorite
|move|p1a: Rotom|Electroweb|p2b: Scizor|[spread] p2a,p2b
|-damage|p2a: Farigiraf|2/100
|-damage|p2b: Scizor|76/100
|-unboost|p2a: Farigiraf|spe|1
|-unboost|p2b: Scizor|spe|1
|move|p2b: Scizor|Superpower|p1b: Kingambit
|-supereffective|p1b: Kingambit|2
|-enditem|p1b: Kingambit|Chople Berry|[eat]
|-enditem|p1b: Kingambit|Chople Berry|[weaken]
|-damage|p1b: Kingambit|25/100
|-unboost|p2b: Scizor|atk|1
|-unboost|p2b: Scizor|def|1
|move|p1b: Kingambit|Kowtow Cleave|p2b: Scizor
|-damage|p2b: Scizor|0 fnt
|faint|p2b: Scizor
|move|p2a: Farigiraf|Hyper Voice|p1a: Rotom|[spread] p1a,p1b
|-resisted|p1b: Kingambit|1
|-damage|p1a: Rotom|63/100
|-damage|p1b: Kingambit|11/100
|
|upkeep
|c|☆jwithers93|hoe ass bitch
|
|t:|1783473598
|switch|p2b: Scrafty|Scrafty, L50, M|100/100
|-ability|p2b: Scrafty|Intimidate|boost
|-unboost|p1a: Rotom|atk|1
|-unboost|p1b: Kingambit|atk|1
|-ability|p1b: Kingambit|Defiant|boost
|-boost|p1b: Kingambit|atk|2
|turn|4
|n|!jwithers93|jwithers93
|
|t:|1783473617
|move|p2b: Scrafty|Fake Out|p1b: Kingambit
|-resisted|p1b: Kingambit|1
|-damage|p1b: Kingambit|7/100
|move|p1a: Rotom|Electroweb|p2b: Scrafty|[spread] p2a,p2b
|-damage|p2a: Farigiraf|0 fnt
|-damage|p2b: Scrafty|83/100
|-unboost|p2b: Scrafty|spe|1
|faint|p2a: Farigiraf
|cant|p1b: Kingambit|flinch
|
|upkeep
|turn|5
|-message|jwithers93 forfeited.
|raw|jwithers93's rating: 1080 → 1056(-24 for losing)
|raw|shepe33's rating: 1045 → 1082(+37 for winning)
|
|win|shepe33
