|j|☆snailboss
|j|☆luckyross
|html|snailbossluckyross    
|uhtml|bestof|Game 2 of a best-of-3
|t:|1756768452
|gametype|doubles
|player|p1|snailboss|hilda-wonderlauncher|1146
|player|p2|luckyross|170|1193
|gen|9
|tier|[Gen 9] VGC 2025 Reg H (Bo3)
|rated|
|rule|Species Clause: Limit one of each Pokémon
|rule|Item Clause: Limit 1 of each item
|clearpoke
|poke|p1|Zoroark-Hisui, L50, F|
|poke|p1|Tyranitar, L50, M|
|poke|p1|Excadrill, L50, F|
|poke|p1|Indeedee-F, L50, F|
|poke|p1|Gallade, L50, M|
|poke|p1|Noivern, L50, F|
|poke|p2|Tyranitar, L50, F|
|poke|p2|Excadrill, L50, F|
|poke|p2|Indeedee, L50, M|
|poke|p2|Sneasler, L50, F|
|poke|p2|Corviknight, L50, M|
|poke|p2|Dragapult, L50, F|
|teampreview|4
|showteam|p1|Zoroark-Hisui||ChoiceSpecs|Illusion|HyperVoice,Flamethrower,ShadowBall,HyperBeam|||F|||50|,,,,,Normal]Tyranitar||AssaultVest|SandStream|RockSlide,KnockOff,LowKick,TeraBlast|||M|||50|,,,,,Flying]Excadrill||FocusSash|SandRush|IronHead,Protect,SwordsDance,Earthquake|||F|||50|,,,,,Ground]Indeedee-F||SafetyGoggles|PsychicSurge|TrickRoom,FollowMe,Psychic,HelpingHand|||F|||50|,,,,,Water]Gallade||ClearAmulet|Sharpness|PsychoCut,TrickRoom,WideGuard,SacredSword|||M|||50|,,,,,Grass]Noivern||CovertCloak|Telepathy|SuperFang,Tailwind,Taunt,DracoMeteor|||F|||50|,,,,,Fairy
|showteam|p2|Tyranitar||AssaultVest|SandStream|KnockOff,RockSlide,TeraBlast,LowKick|||F|||50|,,,,,Flying]Excadrill||FocusSash|SandRush|Earthquake,IronHead,HighHorsepower,Protect|||F|||50|,,,,,Stellar]Indeedee||ChoiceScarf|PsychicSurge|ExpandingForce,TeraBlast,Trick,Protect|||M|||50|,,,,,Psychic]Sneasler||WhiteHerb|Unburden|DireClaw,CloseCombat,Coaching,FakeOut|||F|||50|,,,,,Flying]Corviknight||PsychicSeed|MirrorArmor|BraveBird,PowerTrip,BulkUp,Roost|||M|||50|,,,,,Water]Dragapult||LifeOrb|ClearBody|Protect,DragonDarts,HelpingHand,PhantomForce|||F|||50|,,,,,Dragon
|
|t:|1756768490
|teamsize|p1|4
|teamsize|p2|4
|start
|switch|p1a: Alice|Tyranitar, L50, M|100/100
|switch|p1b: Noivern|Noivern, L50, F|100/100
|switch|p2a: Corviknight|Corviknight, L50, M|100/100
|switch|p2b: Go to sleep|Sneasler, L50, F|100/100
|-weather|Sandstorm|[from] ability: Sand Stream|[of] p1a: Alice
|turn|1
|inactive|Battle timer is ON: inactive players will automatically lose when time's up. (requested by luckyross)
|
|t:|1756768516
|-terastallize|p1a: Alice|Flying
|move|p2b: Go to sleep|Fake Out|p1a: Alice
|-damage|p1a: Alice|87/100
|move|p1b: Noivern|Taunt|p2a: Corviknight
|-start|p2a: Corviknight|move: Taunt
|cant|p1a: Alice|flinch
|cant|p2a: Corviknight|move: Taunt|Bulk Up
|
|-weather|Sandstorm|[upkeep]
|-damage|p1b: Noivern|95/100|[from] Sandstorm
|-damage|p2b: Go to sleep|95/100|[from] Sandstorm
|-damage|p1a: Alice|82/100|[from] Sandstorm
|upkeep
|turn|2
|
|t:|1756768537
|move|p1b: Noivern|Tailwind|p1b: Noivern
|-sidestart|p1: snailboss|move: Tailwind
|move|p1a: Alice|Tera Blast|p2b: Go to sleep|[anim] Tera Blast Flying
|-supereffective|p2b: Go to sleep
|-damage|p2b: Go to sleep|0 fnt
|faint|p2b: Go to sleep
|move|p2a: Corviknight|Brave Bird|p1a: Alice
|-damage|p1a: Alice|40/100
|-damage|p2a: Corviknight|89/100|[from] Recoil
|
|-weather|Sandstorm|[upkeep]
|-damage|p1b: Noivern|89/100|[from] Sandstorm
|-damage|p1a: Alice|35/100|[from] Sandstorm
|upkeep
|
|t:|1756768545
|switch|p2b: Excadrill|Excadrill, L50, F|100/100
|turn|3
|
|t:|1756768558
|move|p1b: Noivern|Super Fang|p2a: Corviknight|[miss]
|-miss|p1b: Noivern|p2a: Corviknight
|move|p2b: Excadrill|Iron Head|p1a: Alice
|-damage|p1a: Alice|0 fnt
|faint|p1a: Alice
|move|p2a: Corviknight|Brave Bird|p1b: Noivern
|-damage|p1b: Noivern|38/100
|-damage|p2a: Corviknight|73/100|[from] Recoil
|
|-weather|Sandstorm|[upkeep]
|-damage|p1b: Noivern|32/100|[from] Sandstorm
|-end|p2a: Corviknight|move: Taunt
|upkeep
|
|t:|1756768573
|switch|p1a: Dr. Drills|Excadrill, L50, F|100/100
|turn|4
|inactive|snailboss has 30 seconds left.
|
|t:|1756768602
|move|p2b: Excadrill|Protect|p2b: Excadrill
|-singleturn|p2b: Excadrill|Protect
|move|p1a: Dr. Drills|Swords Dance|p1a: Dr. Drills
|-boost|p1a: Dr. Drills|atk|2
|move|p1b: Noivern|Super Fang|p2a: Corviknight
|-damage|p2a: Corviknight|37/100
|move|p2a: Corviknight|Brave Bird|p1b: Noivern
|-damage|p1b: Noivern|0 fnt
|faint|p1b: Noivern
|-damage|p2a: Corviknight|28/100|[from] Recoil
|
|-weather|Sandstorm|[upkeep]
|upkeep
|
|t:|1756768611
|switch|p1b: Butter|Indeedee-F, L50, F|100/100
|-fieldstart|move: Psychic Terrain|[from] ability: Psychic Surge|[of] p1b: Butter
|-enditem|p2a: Corviknight|Psychic Seed
|-boost|p2a: Corviknight|spd|1|[from] item: Psychic Seed
|turn|5
|
|t:|1756768630
|switch|p2b: Tyranitar|Tyranitar, L50, F|100/100
|move|p1a: Dr. Drills|Protect|p1a: Dr. Drills
|-singleturn|p1a: Dr. Drills|Protect
|move|p1b: Butter|Psychic|p2b: Tyranitar
|-immune|p2b: Tyranitar
|move|p2a: Corviknight|Roost|p2a: Corviknight
|-heal|p2a: Corviknight|78/100
|-singleturn|p2a: Corviknight|move: Roost
|
|-weather|none
|-sideend|p1: snailboss|move: Tailwind
|upkeep
|turn|6
|inactive|luckyross has 30 seconds left.
|
|t:|1756768656
|-terastallize|p2b: Tyranitar|Flying
|move|p1b: Butter|Follow Me|p1b: Butter
|-singleturn|p1b: Butter|move: Follow Me
|move|p1a: Dr. Drills|Swords Dance|p1a: Dr. Drills
|-boost|p1a: Dr. Drills|atk|2
|move|p2a: Corviknight|Bulk Up|p2a: Corviknight
|-boost|p2a: Corviknight|atk|1
|-boost|p2a: Corviknight|def|1
|move|p2b: Tyranitar|Knock Off|p1b: Butter
|-supereffective|p1b: Butter
|-damage|p1b: Butter|0 fnt
|-enditem|p1b: Butter|Safety Goggles|[from] move: Knock Off|[of] p2b: Tyranitar
|faint|p1b: Butter
|
|upkeep
|turn|7
|
|t:|1756768678
|move|p1a: Dr. Drills|Iron Head|p2b: Tyranitar
|-damage|p2b: Tyranitar|0 fnt
|faint|p2b: Tyranitar
|move|p2a: Corviknight|Bulk Up|p2a: Corviknight
|-boost|p2a: Corviknight|atk|1
|-boost|p2a: Corviknight|def|1
|
|upkeep
|
|t:|1756768686
|switch|p2b: Excadrill|Excadrill, L50, F|100/100
|turn|8
|
|t:|1756768699
|move|p2b: Excadrill|Protect|p2b: Excadrill
|-singleturn|p2b: Excadrill|Protect
|move|p1a: Dr. Drills|Earthquake|p2a: Corviknight|[spread] 
|-activate|p2b: Excadrill|move: Protect
|-immune|p2a: Corviknight
|move|p2a: Corviknight|Brave Bird|p1a: Dr. Drills
|-resisted|p1a: Dr. Drills
|-damage|p1a: Dr. Drills|39/100
|-damage|p2a: Corviknight|60/100|[from] Recoil
|
|upkeep
|turn|9
|
|t:|1756768711
|move|p2b: Excadrill|Earthquake|p1a: Dr. Drills|[spread] p1a
|-immune|p2a: Corviknight
|-supereffective|p1a: Dr. Drills
|-damage|p1a: Dr. Drills|0 fnt
|faint|p1a: Dr. Drills
|
|win|luckyross
