|j|☆PTP_VGC
|j|☆Mamoswinefanboi
|html|PTP_VGCMamoswinefanboi    
|uhtml|bestof|Game 1 of a best-of-3
|t:|1757708191
|gametype|doubles
|player|p1|PTP_VGC|102|1442
|player|p2|Mamoswinefanboi|101|1512
|gen|9
|tier|[Gen 9] VGC 2025 Reg H (Bo3)
|rated|
|rule|Species Clause: Limit one of each Pokémon
|rule|Item Clause: Limit 1 of each item
|clearpoke
|poke|p1|Arcanine-Hisui, L50, F|
|poke|p1|Weezing, L50, M|
|poke|p1|Porygon2, L50|
|poke|p1|Weavile, L50, M|
|poke|p1|Pawmot, L50, M|
|poke|p1|Toedscruel, L50, F|
|poke|p2|Dragonite, L50, F|
|poke|p2|Gholdengo, L50|
|poke|p2|Rillaboom, L50, F|
|poke|p2|Ursaluna-Bloodmoon, L50, M|
|poke|p2|Sneasler, L50, F|
|poke|p2|Ninetales-Alola, L50, M|
|teampreview|4
|showteam|p1|Arcanine-Hisui||AbilityShield|Intimidate|FlareBlitz,RockSlide,ExtremeSpeed,Protect|||F|||50|,,,,,Ghost]Weezing||SitrusBerry|NeutralizingGas|SludgeBomb,WillOWisp,Taunt,Protect|||M|||50|,,,,,Grass]Porygon2||Eviolite|Download|TeraBlast,IceBeam,Recover,TrickRoom||||||50|,,,,,Water]Weavile||WideLens|Pressure|KnockOff,TripleAxel,FakeOut,Protect|||M|||50|,,,,,Stellar]Pawmot||FocusSash|NaturalCure|DoubleShock,CloseCombat,RevivalBlessing,Protect|||M|||50|,,,,,Stellar]Toedscruel||LifeOrb|MyceliumMight|EarthPower,EnergyBall,Spore,RagePowder|||F|||50|,,,,,Water
|showteam|p2|Dragonite||LoadedDice|Multiscale|ExtremeSpeed,Haze,Protect,ScaleShot|||F|||50|,,,,,Fairy]Gholdengo||LifeOrb|GoodasGold|MakeItRain,ShadowBall,NastyPlot,Protect||||||50|,,,,,Water]Rillaboom||MiracleSeed|GrassySurge|WoodHammer,GrassyGlide,FakeOut,HighHorsepower|||F|||50|,,,,,Fire]Ursaluna-Bloodmoon||AssaultVest|MindsEye|BloodMoon,EarthPower,HyperVoice,VacuumWave|||M|||50|,,,,,Bug]Sneasler||WhiteHerb|Unburden|CloseCombat,DireClaw,ThroatChop,Protect|||F|||50|,,,,,Dark]Ninetales-Alola||FocusSash|SnowWarning|Blizzard,IcyWind,Encore,AuroraVeil|||M|||50|,,,,,Ghost
|inactive|Battle timer is ON: inactive players will automatically lose when time's up. (requested by PTP_VGC)
|inactive|PTP_VGC has 60 seconds left.
|inactive|Mamoswinefanboi has 60 seconds left.
|
|t:|1757708247
|teamsize|p1|4
|teamsize|p2|4
|start
|switch|p1a: Speedwalker|Weavile, L50, M|100/100
|switch|p1b: Vulfmon|Arcanine-Hisui, L50, F|100/100
|switch|p2a: Sneasler|Sneasler, L50, F|100/100
|switch|p2b: Ninetales|Ninetales-Alola, L50, M|100/100
|-ability|p1a: Speedwalker|Pressure
|-weather|Snowscape|[from] ability: Snow Warning|[of] p2b: Ninetales
|-ability|p1b: Vulfmon|Intimidate|boost
|-unboost|p2a: Sneasler|atk|1
|-unboost|p2b: Ninetales|atk|1
|-enditem|p2a: Sneasler|White Herb
|-clearnegativeboost|p2a: Sneasler|[silent]
|turn|1
|
|t:|1757708264
|move|p1a: Speedwalker|Protect|p1a: Speedwalker
|-singleturn|p1a: Speedwalker|Protect
|move|p1b: Vulfmon|Protect|p1b: Vulfmon
|-singleturn|p1b: Vulfmon|Protect
|move|p2a: Sneasler|Close Combat|p1a: Speedwalker
|-activate|p1a: Speedwalker|move: Protect
|move|p2b: Ninetales|Aurora Veil|p2b: Ninetales
|-sidestart|p2: Mamoswinefanboi|move: Aurora Veil
|
|-weather|Snowscape|[upkeep]
|upkeep
|turn|2
|
|t:|1757708279
|switch|p1b: Adr. & Adr.|Weezing, L50, M|100/100
|-ability|p1b: Adr. & Adr.|Neutralizing Gas
|move|p1a: Speedwalker|Triple Axel|p2a: Sneasler
|-damage|p2a: Sneasler|90/100
|-damage|p2a: Sneasler|67/100
|-damage|p2a: Sneasler|35/100
|-hitcount|p2a: Sneasler|3
|move|p2b: Ninetales|Encore||[still]
|-fail|p2b: Ninetales
|move|p2a: Sneasler|Close Combat|p1a: Speedwalker
|-supereffective|p1a: Speedwalker
|-damage|p1a: Speedwalker|0 fnt
|-unboost|p2a: Sneasler|def|1
|-unboost|p2a: Sneasler|spd|1
|faint|p1a: Speedwalker
|
|-weather|Snowscape|[upkeep]
|upkeep
|
|t:|1757708287
|switch|p1a: Vulfmon|Arcanine-Hisui, L50, F|100/100
|-ability|p1a: Vulfmon|Intimidate|boost
|-unboost|p2a: Sneasler|atk|1
|-unboost|p2b: Ninetales|atk|1
|turn|3
|
|t:|1757708294
|move|p2a: Sneasler|Protect|p2a: Sneasler
|-singleturn|p2a: Sneasler|Protect
|move|p1a: Vulfmon|Extreme Speed|p2a: Sneasler
|-activate|p2a: Sneasler|move: Protect
|move|p2b: Ninetales|Blizzard|p1a: Vulfmon|[spread] p1a,p1b
|-resisted|p1a: Vulfmon
|-damage|p1a: Vulfmon|84/100
|-damage|p1b: Adr. & Adr.|67/100
|move|p1b: Adr. & Adr.|Sludge Bomb|p2b: Ninetales
|-supereffective|p2b: Ninetales
|-damage|p2b: Ninetales|54/100
|
|-weather|Snowscape|[upkeep]
|upkeep
|turn|4
|
|t:|1757708308
|move|p1a: Vulfmon|Extreme Speed|p2a: Sneasler
|-damage|p2a: Sneasler|0 fnt
|faint|p2a: Sneasler
|move|p2b: Ninetales|Blizzard|p1b: Adr. & Adr.|[spread] p1a,p1b
|-resisted|p1a: Vulfmon
|-damage|p1a: Vulfmon|66/100
|-damage|p1b: Adr. & Adr.|32/100
|-enditem|p1b: Adr. & Adr.|Sitrus Berry|[eat]
|-heal|p1b: Adr. & Adr.|57/100|[from] item: Sitrus Berry
|move|p1b: Adr. & Adr.|Sludge Bomb|p2b: Ninetales
|-supereffective|p2b: Ninetales
|-crit|p2b: Ninetales
|-damage|p2b: Ninetales|0 fnt
|faint|p2b: Ninetales
|
|-weather|Snowscape|[upkeep]
|upkeep
|
|t:|1757708311
|switch|p2b: Gholdengo|Gholdengo, L50|100/100
|switch|p2a: Rillaboom|Rillaboom, L50, F|100/100
|turn|5
|inactive|PTP_VGC has 30 seconds left.
|inactive|Mamoswinefanboi has 30 seconds left.
|
|t:|1757708353
|move|p1a: Vulfmon|Protect|p1a: Vulfmon
|-singleturn|p1a: Vulfmon|Protect
|move|p2b: Gholdengo|Nasty Plot|p2b: Gholdengo
|-boost|p2b: Gholdengo|spa|2
|move|p2a: Rillaboom|Wood Hammer|p1a: Vulfmon
|-activate|p1a: Vulfmon|move: Protect
|move|p1b: Adr. & Adr.|Taunt|p2b: Gholdengo
|-start|p2b: Gholdengo|move: Taunt
|
|-weather|none
|-sideend|p2: Mamoswinefanboi|move: Aurora Veil
|upkeep
|turn|6
|inactive|PTP_VGC has 30 seconds left.
|
|t:|1757708381
|-terastallize|p2b: Gholdengo|Water
|move|p1b: Adr. & Adr.|Protect|p1b: Adr. & Adr.
|-singleturn|p1b: Adr. & Adr.|Protect
|move|p1a: Vulfmon|Flare Blitz|p2a: Rillaboom
|-supereffective|p2a: Rillaboom
|-damage|p2a: Rillaboom|10/100
|-damage|p1a: Vulfmon|35/100|[from] Recoil
|move|p2b: Gholdengo|Make It Rain|p1b: Adr. & Adr.|[spread] p1a
|-activate|p1b: Adr. & Adr.|move: Protect
|-damage|p1a: Vulfmon|0 fnt
|-unboost|p2b: Gholdengo|spa|1
|faint|p1a: Vulfmon
|-damage|p2b: Gholdengo|91/100|[from] item: Life Orb
|move|p2a: Rillaboom|Wood Hammer|p1b: Adr. & Adr.
|-activate|p1b: Adr. & Adr.|move: Protect
|
|upkeep
|
|t:|1757708388
|switch|p1a: Funky Duck|Porygon2, L50|100/100
|turn|7
|
|t:|1757708399
|move|p2b: Gholdengo|Make It Rain|p1b: Adr. & Adr.|[spread] p1a,p1b
|-damage|p1a: Funky Duck|46/100
|-damage|p1b: Adr. & Adr.|0 fnt
|-unboost|p2b: Gholdengo|spa|1
|faint|p1b: Adr. & Adr.
|-end|p1b: Adr. & Adr.|ability: Neutralizing Gas
|-fieldstart|move: Grassy Terrain|[from] ability: Grassy Surge|[of] p2a: Rillaboom
|-ability|p1a: Funky Duck|Download|boost
|-boost|p1a: Funky Duck|atk|1
|-damage|p2b: Gholdengo|82/100|[from] item: Life Orb
|move|p2a: Rillaboom|Wood Hammer|p1a: Funky Duck
|-damage|p1a: Funky Duck|0 fnt
|faint|p1a: Funky Duck
|-damage|p2a: Rillaboom|0 fnt|[from] Recoil
|faint|p2a: Rillaboom
|
|win|Mamoswinefanboi
|l|☆PTP_VGC
|player|p1|
||PTP_VGC is ready for game 2.
||Mamoswinefanboi is ready for game 2.
|uhtml|next|Next: Game 2 of 3
