|j|☆raucho
|j|☆sam smithy
|html|rauchosam smithy    
|uhtml|bestof|Game 3 of a best-of-3
|t:|1757735661
|gametype|doubles
|player|p1|raucho|n|1224
|player|p2|sam smithy|silver|1266
|gen|9
|tier|[Gen 9] VGC 2025 Reg H (Bo3)
|rated|
|rule|Species Clause: Limit one of each Pokémon
|rule|Item Clause: Limit 1 of each item
|clearpoke
|poke|p1|Gholdengo, L50|
|poke|p1|Whimsicott, L50, M|
|poke|p1|Indeedee, L50, M|
|poke|p1|Sneasler, L50, M|
|poke|p1|Electabuzz, L50, F|
|poke|p1|Ursaluna-Bloodmoon, L50, M|
|poke|p2|Charizard, L50, M|
|poke|p2|Murkrow, L50, M|
|poke|p2|Torkoal, L50, M|
|poke|p2|Rillaboom, L50, M|
|poke|p2|Sneasler, L50, M|
|poke|p2|Ursaluna-Bloodmoon, L50, M|
|teampreview|4
|showteam|p1|Gholdengo||IronPlate|GoodasGold|MakeItRain,ShadowBall,NastyPlot,Protect||||||50|,,,,,Dragon]Whimsicott||CovertCloak|Prankster|Moonblast,Tailwind,LightScreen,Encore|||M|||50|,,,,,Rock]Indeedee||FocusSash|PsychicSurge|ExpandingForce,Imprison,TrickRoom,Protect|||M|||50|,,,,,Psychic]Sneasler||PsychicSeed|Unburden|ThroatChop,CloseCombat,DireClaw,Protect|||M|||50|,,,,,Dark]Electabuzz||Eviolite|VitalSpirit|Electroweb,Taunt,FollowMe,Protect|||F|||50|,,,,,Dragon]Ursaluna-Bloodmoon||LifeOrb|MindsEye|HyperVoice,BloodMoon,EarthPower,Protect|||M|||50|,,,,,Normal
|showteam|p2|Charizard||ChoiceSpecs|SolarPower|HeatWave,DragonPulse,ScorchingSands,Overheat|||M|||50|,,,,,Fire]Murkrow||Eviolite|Prankster|FoulPlay,SunnyDay,Haze,Tailwind|||M|||50|,,,,,Ghost]Torkoal||EjectPack|Drought|Eruption,Overheat,HelpingHand,Protect|||M|||50|,,,,,Fire]Rillaboom||MiracleSeed|GrassySurge|WoodHammer,GrassyGlide,FakeOut,HighHorsepower|||M|||50|,,,,,Grass]Sneasler||GrassySeed|Unburden|Acrobatics,DireClaw,CloseCombat,Protect|||M|||50|,,,,,Flying]Ursaluna-Bloodmoon||LifeOrb|MindsEye|BloodMoon,Protect,HyperVoice,EarthPower|||M|||50|,,,,,Normal
|inactive|Battle timer is ON: inactive players will automatically lose when time's up. (requested by raucho)
|
|t:|1757735678
|teamsize|p1|4
|teamsize|p2|4
|start
|switch|p1a: Electabuzz|Electabuzz, L50, F, shiny|100/100
|switch|p1b: Sneasler|Sneasler, L50, M, shiny|100/100
|switch|p2a: Jerry Rivera|Rillaboom, L50, M, shiny|100/100
|switch|p2b: John Cena|Sneasler, L50, M, shiny|100/100
|-fieldstart|move: Grassy Terrain|[from] ability: Grassy Surge|[of] p2a: Jerry Rivera
|-enditem|p2b: John Cena|Grassy Seed
|-boost|p2b: John Cena|def|1|[from] item: Grassy Seed
|turn|1
|
|t:|1757735697
|move|p1b: Sneasler|Protect|p1b: Sneasler
|-singleturn|p1b: Sneasler|Protect
|move|p2b: John Cena|Dire Claw|p1a: Electabuzz
|-damage|p1a: Electabuzz|59/100
|-status|p1a: Electabuzz|psn
|move|p1a: Electabuzz|Electroweb|p2b: John Cena|[spread] p2b
|-miss|p1a: Electabuzz|p2a: Jerry Rivera
|-crit|p2b: John Cena
|-damage|p2b: John Cena|71/100
|-unboost|p2b: John Cena|spe|1
|move|p2a: Jerry Rivera|High Horsepower|p1a: Electabuzz
|-supereffective|p1a: Electabuzz
|-damage|p1a: Electabuzz|0 fnt
|faint|p1a: Electabuzz
|
|-heal|p2b: John Cena|77/100|[from] Grassy Terrain
|upkeep
|
|t:|1757735712
|switch|p1a: Indeedee|Indeedee, L50, M, shiny|100/100
|-fieldstart|move: Psychic Terrain|[from] ability: Psychic Surge|[of] p1a: Indeedee
|-enditem|p1b: Sneasler|Psychic Seed
|-boost|p1b: Sneasler|spd|1|[from] item: Psychic Seed
|turn|2
|
|t:|1757735723
|switch|p2a: AC/DC|Murkrow, L50, M|100/100
|-terastallize|p2b: John Cena|Flying
|move|p1b: Sneasler|Dire Claw|p2a: AC/DC
|-damage|p2a: AC/DC|48/100
|-status|p2a: AC/DC|slp
|move|p2b: John Cena|Acrobatics|p1b: Sneasler
|-supereffective|p1b: Sneasler
|-damage|p1b: Sneasler|0 fnt
|faint|p1b: Sneasler
|move|p1a: Indeedee|Expanding Force|p2b: John Cena|[spread] p2b
|-immune|p2a: AC/DC
|-damage|p2b: John Cena|8/100
|
|upkeep
|
|t:|1757735732
|switch|p1b: Ursaluna|Ursaluna-Bloodmoon, L50, M|100/100
|turn|3
|
|t:|1757735749
|move|p1b: Ursaluna|Protect|p1b: Ursaluna
|-singleturn|p1b: Ursaluna|Protect
|cant|p2a: AC/DC|slp
|move|p2b: John Cena|Acrobatics|p1a: Indeedee
|-enditem|p1a: Indeedee|Focus Sash
|-damage|p1a: Indeedee|1/100
|move|p1a: Indeedee|Trick Room|p1a: Indeedee
|-fieldstart|move: Trick Room|[of] p1a: Indeedee
|
|upkeep
|turn|4
|inactive|sam smithy has 30 seconds left.
|
|t:|1757735774
|-terastallize|p1b: Ursaluna|Normal
|move|p2b: John Cena|Protect|p2b: John Cena
|-singleturn|p2b: John Cena|Protect
|move|p1b: Ursaluna|Hyper Voice|p2b: John Cena|[spread] p2a
|-activate|p2b: John Cena|move: Protect
|-damage|p2a: AC/DC|0 fnt
|faint|p2a: AC/DC
|-damage|p1b: Ursaluna|91/100|[from] item: Life Orb
|move|p1a: Indeedee|Expanding Force|p2b: John Cena
|-activate|p2b: John Cena|move: Protect
|
|upkeep
|
|t:|1757735790
|switch|p2a: Jerry Rivera|Rillaboom, L50, M, shiny|100/100
|-fieldstart|move: Grassy Terrain|[from] ability: Grassy Surge|[of] p2a: Jerry Rivera
|turn|5
|
|t:|1757735795
|move|p1b: Ursaluna|Protect|p1b: Ursaluna
|-singleturn|p1b: Ursaluna|Protect
|move|p1a: Indeedee|Protect|p1a: Indeedee
|-singleturn|p1a: Indeedee|Protect
|move|p2a: Jerry Rivera|Fake Out|p1b: Ursaluna
|-activate|p1b: Ursaluna|move: Protect
|move|p2b: John Cena|Acrobatics|p1a: Indeedee
|-activate|p1a: Indeedee|move: Protect
|
|-heal|p1b: Ursaluna|97/100|[from] Grassy Terrain
|-heal|p1a: Indeedee|7/100|[from] Grassy Terrain
|upkeep
|turn|6
|
|t:|1757735808
|move|p2a: Jerry Rivera|Grassy Glide|p1a: Indeedee
|-damage|p1a: Indeedee|0 fnt
|faint|p1a: Indeedee
|move|p1b: Ursaluna|Blood Moon|p2a: Jerry Rivera
|-damage|p2a: Jerry Rivera|0 fnt
|faint|p2a: Jerry Rivera
|-damage|p1b: Ursaluna|87/100|[from] item: Life Orb
|move|p2b: John Cena|Close Combat|p1b: Ursaluna
|-supereffective|p1b: Ursaluna
|-damage|p1b: Ursaluna|0 fnt
|-unboost|p2b: John Cena|def|1
|-unboost|p2b: John Cena|spd|1
|faint|p1b: Ursaluna
|
|win|sam smithy
|raw|raucho's rating: 1224 → 1202(-22 for losing)
|raw|sam smithy's rating: 1266 → 1288(+22 for winning)
|l|☆sam smithy
|player|p2|
