|j|☆tyninja-1
|j|☆abscondia_licorice
|html|tyninja-1abscondia_licorice    
|uhtml|bestof|Game 3 of a best-of-3
|t:|1784414823
|gametype|doubles
|player|p1|tyninja-1|ingo|1256
|player|p2|abscondia_licorice|fisherman|1186
|gen|9
|tier|[Gen 9 Champions] VGC 2026 Reg M-B (Bo3)
|rated|
|rule|Species Clause: Limit one of each Pokémon
|rule|Item Clause: Limit 1 of each item
|clearpoke
|poke|p1|Goodra-Hisui, L50, F, shiny|
|poke|p1|Incineroar, L50, M|
|poke|p1|Raichu, L50, M|
|poke|p1|Tsareena, L50, F|
|poke|p1|Basculegion, L50, M|
|poke|p1|Ninetales-Alola, L50, F|
|poke|p2|Garchomp, L50, M|
|poke|p2|Venusaur, L50, F|
|poke|p2|Incineroar, L50, F|
|poke|p2|Charizard, L50, F|
|poke|p2|Toxapex, L50, F|
|poke|p2|Annihilape, L50, M|
|teampreview|4
|showteam|p1|Goodra-Hisui||ShucaBerry|SapSipper|DracoMeteor,HeavySlam,DragonTail,Protect|Sassy||F|||50|]Incineroar||SitrusBerry|Intimidate|FakeOut,FlareBlitz,PartingShot,DarkestLariat|Impish||M|||50|]Raichu||RaichuniteY|LightningRod|ZapCannon,Protect,FakeOut,FocusBlast|Timid||M|||50|]Tsareena||OccaBerry|QueenlyMajesty|PetalBlizzard,TripleAxel,LowKick,Protect|Adamant||F|||50|]Basculegion||ChoiceScarf|Adaptability|AquaJet,WaveCrash,LastRespects,FlipTurn|Jolly||M|||50|]Ninetales-Alola||FocusSash|SnowWarning|Blizzard,Moonblast,FreezeDry,Protect|Timid||F|||50|
|showteam|p2|Garchomp||ChoiceScarf|RoughSkin|DragonClaw,Earthquake,StompingTantrum,RockSlide|Adamant||M|||50|]Venusaur||LifeOrb|Chlorophyll|SolarBeam,SludgeBomb,EarthPower,Protect|Modest||F|||50|]Incineroar||SitrusBerry|Intimidate|FlareBlitz,ThroatChop,FakeOut,PartingShot|Impish||F|||50|]Charizard||CharizarditeY|Blaze|HeatWave,WeatherBall,HelpingHand,Protect|Modest||F|||50|]Toxapex||Leftovers|Regenerator|Infestation,Toxic,WideGuard,BanefulBunker|Bold||F|||50|]Annihilape||FocusSash|Defiant|CloseCombat,PhantomForce,RockTomb,Protect|Jolly||M|||50|
|inactive|Battle timer is ON: inactive players will automatically lose when time's up. (requested by abscondia_licorice)
|
|t:|1784414849
|teamsize|p1|4
|teamsize|p2|4
|start
|switch|p1a: Basculegion|Basculegion, L50, M|100/100
|switch|p1b: Raichu|Raichu, L50, M|100/100
|switch|p2a: Incineroar|Incineroar, L50, F|100/100
|switch|p2b: Annihilape|Annihilape, L50, M|100/100
|-ability|p2a: Incineroar|Intimidate|boost
|-unboost|p1a: Basculegion|atk|1
|-unboost|p1b: Raichu|atk|1
|turn|1
|inactive|tyninja-1 has 30 seconds left.
|
|t:|1784414876
|move|p1b: Raichu|Protect|p1b: Raichu
|-singleturn|p1b: Raichu|Protect
|move|p1a: Basculegion|Flip Turn|p2a: Incineroar
|-supereffective|p2a: Incineroar|1
|-damage|p2a: Incineroar|62/100
|
|t:|1784414883
|switch|p1a: Ninetales|Ninetales-Alola, L50, F|100/100|[from] Flip Turn
|-weather|Snowscape|[from] ability: Snow Warning|[of] p1a: Ninetales
|move|p2b: Annihilape|Phantom Force||[still]
|-prepare|p2b: Annihilape|Phantom Force
|move|p2a: Incineroar|Parting Shot|p1a: Ninetales
|-unboost|p1a: Ninetales|atk|1
|-unboost|p1a: Ninetales|spa|1
|
|t:|1784414891
|switch|p2a: Charizard|Charizard, L50, F|100/100|[from] Parting Shot
|
|-weather|Snowscape|[upkeep]
|upkeep
|turn|2
|
|t:|1784414905
|detailschange|p1b: Raichu|Raichu-Mega-Y, L50, M
|-mega|p1b: Raichu|Raichu|Raichunite Y
|detailschange|p2a: Charizard|Charizard-Mega-Y, L50, F
|-mega|p2a: Charizard|Charizard|Charizardite Y
|-weather|SunnyDay|[from] ability: Drought|[of] p2a: Charizard
|move|p1a: Ninetales|Protect|p1a: Ninetales
|-singleturn|p1a: Ninetales|Protect
|move|p1b: Raichu|Zap Cannon|p2a: Charizard
|-supereffective|p2a: Charizard|1
|-damage|p2a: Charizard|0 fnt
|faint|p2a: Charizard
|move|p2b: Annihilape|Phantom Force|p1b: Raichu|[from] lockedmove
|-damage|p1b: Raichu|10/100
|
|-weather|SunnyDay|[upkeep]
|upkeep
|
|t:|1784414918
|switch|p2a: Incineroar|Incineroar, L50, F|62/100
|-ability|p2a: Incineroar|Intimidate|boost
|-unboost|p1a: Ninetales|atk|1
|-unboost|p1b: Raichu|atk|1
|turn|3
|
|t:|1784414938
|move|p1b: Raichu|Protect|p1b: Raichu
|-singleturn|p1b: Raichu|Protect
|move|p1a: Ninetales|Moonblast|p2b: Annihilape
|-supereffective|p2b: Annihilape|1
|-damage|p2b: Annihilape|51/100
|move|p2b: Annihilape|Rock Tomb|p1a: Ninetales
|-supereffective|p1a: Ninetales|1
|-damage|p1a: Ninetales|42/100
|-unboost|p1a: Ninetales|spe|1
|move|p2a: Incineroar|Throat Chop|p1a: Ninetales
|-resisted|p1a: Ninetales|1
|-damage|p1a: Ninetales|16/100
|-start|p1a: Ninetales|Throat Chop|[silent]
|
|-weather|SunnyDay|[upkeep]
|upkeep
|turn|4
|inactive|abscondia_licorice has 30 seconds left.
|
|t:|1784414967
|switch|p1a: Incineroar|Incineroar, L50, M|100/100
|-ability|p1a: Incineroar|Intimidate|boost
|-unboost|p2a: Incineroar|atk|1
|-unboost|p2b: Annihilape|atk|1
|-ability|p2b: Annihilape|Defiant|boost
|-boost|p2b: Annihilape|atk|2
|switch|p2a: Venusaur|Venusaur, L50, F|100/100
|move|p2b: Annihilape|Protect|p2b: Annihilape
|-singleturn|p2b: Annihilape|Protect
|move|p1b: Raichu|Zap Cannon|p2b: Annihilape
|-activate|p2b: Annihilape|move: Protect
|
|-weather|SunnyDay|[upkeep]
|upkeep
|turn|5
|inactive|tyninja-1 has 30 seconds left.
|
|t:|1784414996
|switch|p1a: Ninetales|Ninetales-Alola, L50, F|16/100
|-weather|Snowscape|[from] ability: Snow Warning|[of] p1a: Ninetales
|move|p1b: Raichu|Zap Cannon|p2b: Annihilape
|-damage|p2b: Annihilape|0 fnt
|faint|p2b: Annihilape
|move|p2a: Venusaur|Sludge Bomb|p1b: Raichu
|-damage|p1b: Raichu|0 fnt
|faint|p1b: Raichu
|-damage|p2a: Venusaur|90/100|[from] item: Life Orb
|
|-weather|Snowscape|[upkeep]
|upkeep
|
|t:|1784415013
|switch|p1b: Incineroar|Incineroar, L50, M|100/100
|switch|p2b: Incineroar|Incineroar, L50, F|62/100
|-ability|p2b: Incineroar|Intimidate|boost
|-unboost|p1a: Ninetales|atk|1
|-unboost|p1b: Incineroar|atk|1
|-ability|p1b: Incineroar|Intimidate|boost
|-unboost|p2a: Venusaur|atk|1
|-unboost|p2b: Incineroar|atk|1
|turn|6
|inactive|abscondia_licorice has 30 seconds left.
|
|t:|1784415047
|move|p1a: Ninetales|Protect|p1a: Ninetales
|-singleturn|p1a: Ninetales|Protect
|move|p2a: Venusaur|Protect|p2a: Venusaur
|-singleturn|p2a: Venusaur|Protect
|move|p1b: Incineroar|Fake Out|p2a: Venusaur
|-activate|p2a: Venusaur|move: Protect
|move|p2b: Incineroar|Flare Blitz|p1a: Ninetales
|-activate|p1a: Ninetales|move: Protect
|
|-weather|Snowscape|[upkeep]
|upkeep
|turn|7
|
|t:|1784415072
|move|p2a: Venusaur|Protect|p2a: Venusaur
|-singleturn|p2a: Venusaur|Protect
|move|p1a: Ninetales|Blizzard|p2a: Venusaur|[spread] p2b
|-activate|p2a: Venusaur|move: Protect
|-resisted|p2b: Incineroar|1
|-damage|p2b: Incineroar|47/100
|-enditem|p2b: Incineroar|Sitrus Berry|[eat]
|-heal|p2b: Incineroar|72/100|[from] item: Sitrus Berry
|move|p2b: Incineroar|Flare Blitz|p1a: Ninetales
|-supereffective|p1a: Ninetales|1
|-damage|p1a: Ninetales|0 fnt
|faint|p1a: Ninetales
|-damage|p2b: Incineroar|68/100|[from] Recoil
|move|p1b: Incineroar|Parting Shot|p2b: Incineroar
|-unboost|p2b: Incineroar|atk|1
|-unboost|p2b: Incineroar|spa|1
|
|t:|1784415082
|switch|p1b: Basculegion|Basculegion, L50, M|100/100|[from] Parting Shot
|
|-weather|Snowscape|[upkeep]
|upkeep
|
|t:|1784415083
|switch|p1a: Incineroar|Incineroar, L50, M|100/100
|-ability|p1a: Incineroar|Intimidate|boost
|-unboost|p2a: Venusaur|atk|1
|-unboost|p2b: Incineroar|atk|1
|turn|8
|
|t:|1784415111
|move|p1a: Incineroar|Fake Out|p2a: Venusaur
|-damage|p2a: Venusaur|79/100
|move|p1b: Basculegion|Wave Crash|p2b: Incineroar
|-supereffective|p2b: Incineroar|1
|-damage|p2b: Incineroar|0 fnt
|faint|p2b: Incineroar
|-damage|p1b: Basculegion|76/100|[from] Recoil
|cant|p2a: Venusaur|flinch
|
|-weather|Snowscape|[upkeep]
|upkeep
|turn|9
|
|t:|1784415128
|move|p1b: Basculegion|Wave Crash|p2a: Venusaur
|-resisted|p2a: Venusaur|1
|-damage|p2a: Venusaur|36/100
|-damage|p1b: Basculegion|65/100|[from] Recoil
|move|p2a: Venusaur|Earth Power|p1b: Basculegion
|-damage|p1b: Basculegion|21/100
|-damage|p2a: Venusaur|27/100|[from] item: Life Orb
|move|p1a: Incineroar|Flare Blitz|p2a: Venusaur
|-supereffective|p2a: Venusaur|1
|-damage|p2a: Venusaur|0 fnt
|faint|p2a: Venusaur
|-damage|p1a: Incineroar|93/100|[from] Recoil
|
|win|tyninja-1
|raw|tyninja-1's rating: 1256 → 1276(+20 for winning)
|raw|abscondia_licorice's rating: 1186 → 1166(-20 for losing)
