|j|☆Loooking
|j|☆raksbachtesting1
|html|Loookingraksbachtesting1    
|uhtml|bestof|Game 1 of a best-of-3
|t:|1785329601
|gametype|doubles
|player|p1|Loooking|byron|1124
|player|p2|raksbachtesting1|doubleteam|1162
|gen|9
|tier|[Gen 9 Champions] VGC 2026 Reg M-B (Bo3)
|rated|
|rule|Species Clause: Limit one of each Pokémon
|rule|Item Clause: Limit 1 of each item
|clearpoke
|poke|p1|Golurk, L50, shiny|
|poke|p1|Farigiraf, L50, M|
|poke|p1|Torkoal, L50, F, shiny|
|poke|p1|Sinistcha-Masterpiece, L50|
|poke|p1|Sylveon, L50, M|
|poke|p1|Garchomp, L50, M|
|poke|p2|Charizard, L50, F|
|poke|p2|Garchomp, L50, M|
|poke|p2|Incineroar, L50, M|
|poke|p2|Venusaur, L50, F|
|poke|p2|Toxapex, L50, M|
|poke|p2|Sylveon, L50, M|
|teampreview|4
|showteam|p1|Golurk||Golurkite|IronFist|HeadlongRush,Poltergeist,Protect,Earthquake|Brave|||||50|]Farigiraf||SitrusBerry|ArmorTail|TrickRoom,Thunderbolt,Roar,HelpingHand|Sassy||M|||50|]Torkoal||Charcoal|Drought|Eruption,WillOWisp,EarthPower,Flamethrower|Quiet||F|||50|]Sinistcha-Masterpiece||Leftovers|Hospitality|MatchaGotcha,LifeDew,TrickRoom,RagePowder|Relaxed|||||50|]Sylveon||ExpertBelt|Pixilate|HyperVoice,Protect,QuickAttack,Yawn|Sassy||M|||50|]Garchomp||Garchompite|RoughSkin|RockSlide,Crunch,DragonClaw,Earthquake|Adamant||M|||50|
|showteam|p2|Charizard||CharizarditeY|SolarPower|WeatherBall,HeatWave,AncientPower,Protect|Modest||F|||50|]Garchomp||ChoiceScarf|RoughSkin|RockSlide,DragonClaw,Earthquake,StompingTantrum|Adamant||M|||50|]Incineroar||SitrusBerry|Intimidate|FlareBlitz,FakeOut,DarkestLariat,PartingShot|Impish||M|||50|]Venusaur||LifeOrb|Chlorophyll|SludgeBomb,LeafStorm,EarthPower,Protect|Modest||F|||50|]Toxapex||Leftovers|Regenerator|Infestation,Toxic,WideGuard,BanefulBunker|Bold||M|||50|]Sylveon||FairyFeather|Pixilate|HyperVoice,QuickAttack,Yawn,Detect|Modest||M|||50|
|inactive|Battle timer is ON: inactive players will automatically lose when time's up. (requested by raksbachtesting1)
|inactive|raksbachtesting1 has 60 seconds left.
|
|t:|1785329640
|teamsize|p1|4
|teamsize|p2|4
|start
|switch|p1a: Farigiraf|Farigiraf, L50, M|100/100
|switch|p1b: Golurk|Golurk, L50, shiny|100/100
|switch|p2a: Charizard|Charizard, L50, F|100/100
|switch|p2b: Venusaur|Venusaur, L50, F|100/100
|turn|1
|
|t:|1785329658
|detailschange|p2a: Charizard|Charizard-Mega-Y, L50, F
|-mega|p2a: Charizard|Charizard|Charizardite Y
|-weather|SunnyDay|[from] ability: Drought|[of] p2a: Charizard
|detailschange|p1b: Golurk|Golurk-Mega, L50, shiny
|-mega|p1b: Golurk|Golurk|Golurkite
|move|p1b: Golurk|Protect|p1b: Golurk
|-singleturn|p1b: Golurk|Protect
|move|p2b: Venusaur|Leaf Storm|p1a: Farigiraf|[miss]
|-miss|p2b: Venusaur|p1a: Farigiraf
|move|p2a: Charizard|Weather Ball|p1a: Farigiraf
|-damage|p1a: Farigiraf|42/100
|-enditem|p1a: Farigiraf|Sitrus Berry|[eat]
|-heal|p1a: Farigiraf|67/100|[from] item: Sitrus Berry
|move|p1a: Farigiraf|Trick Room|p1a: Farigiraf
|-fieldstart|move: Trick Room|[of] p1a: Farigiraf
|
|-weather|SunnyDay|[upkeep]
|upkeep
|turn|2
|
|t:|1785329680
|switch|p2a: Incineroar|Incineroar, L50, M|100/100
|-ability|p2a: Incineroar|Intimidate|boost
|-unboost|p1a: Farigiraf|atk|1
|-unboost|p1b: Golurk|atk|1
|move|p1a: Farigiraf|Helping Hand|p1b: Golurk
|-singleturn|p1b: Golurk|Helping Hand|[of] p1a: Farigiraf
|move|p1b: Golurk|Poltergeist|p2b: Venusaur
|-activate|p2b: Venusaur|move: Poltergeist|Life Orb
|-damage|p2b: Venusaur|11/100
|move|p2b: Venusaur|Leaf Storm|p1b: Golurk
|-supereffective|p1b: Golurk|1
|-damage|p1b: Golurk|0 fnt
|-unboost|p2b: Venusaur|spa|2
|faint|p1b: Golurk
|-damage|p2b: Venusaur|1/100|[from] item: Life Orb
|
|-weather|SunnyDay|[upkeep]
|upkeep
|
|t:|1785329686
|switch|p1b: Garchomp|Garchomp, L50, M|100/100
|turn|3
|
|t:|1785329703
|switch|p2b: Charizard|Charizard-Mega-Y, L50, F|100/100
|move|p1a: Farigiraf|Helping Hand|p1b: Garchomp
|-singleturn|p1b: Garchomp|Helping Hand|[of] p1a: Farigiraf
|move|p2a: Incineroar|Parting Shot|p1b: Garchomp
|-unboost|p1b: Garchomp|atk|1
|-unboost|p1b: Garchomp|spa|1
|
|t:|1785329710
|switch|p2a: Toxapex|Toxapex, L50, M|100/100|[from] Parting Shot
|move|p1b: Garchomp|Rock Slide|p2b: Charizard|[spread] p2a,p2b
|-crit|p2a: Toxapex
|-supereffective|p2b: Charizard|2
|-damage|p2a: Toxapex|68/100
|-damage|p2b: Charizard|22/100
|
|-weather|SunnyDay|[upkeep]
|-heal|p2a: Toxapex|74/100|[from] item: Leftovers
|upkeep
|turn|4
|inactive|Loooking has 30 seconds left.
|
|t:|1785329739
|switch|p2b: Incineroar|Incineroar, L50, M|100/100
|-ability|p2b: Incineroar|Intimidate|boost
|-unboost|p1a: Farigiraf|atk|1
|-unboost|p1b: Garchomp|atk|1
|move|p1a: Farigiraf|Helping Hand|p1b: Garchomp
|-singleturn|p1b: Garchomp|Helping Hand|[of] p1a: Farigiraf
|move|p2a: Toxapex|Infestation|p1b: Garchomp
|-damage|p1b: Garchomp|96/100
|-activate|p1b: Garchomp|move: Infestation|[of] p2a: Toxapex
|-damage|p2a: Toxapex|62/100|[from] ability: Rough Skin|[of] p1b: Garchomp
|move|p1b: Garchomp|Rock Slide|p2b: Incineroar|[spread] p2a,p2b
|-supereffective|p2b: Incineroar|1
|-damage|p2a: Toxapex|50/100g
|-damage|p2b: Incineroar|76/100
|
|-weather|SunnyDay|[upkeep]
|-heal|p2a: Toxapex|56/100|[from] item: Leftovers
|-damage|p1b: Garchomp|84/100|[from] move: Infestation|[partiallytrapped]
|upkeep
|turn|5
|inactive|raksbachtesting1 has 30 seconds left.
|
|t:|1785329767
|move|p1a: Farigiraf|Helping Hand|p1b: Garchomp
|-singleturn|p1b: Garchomp|Helping Hand|[of] p1a: Farigiraf
|move|p2a: Toxapex|Toxic|p1b: Garchomp
|-status|p1b: Garchomp|tox
|move|p2b: Incineroar|Parting Shot|p1b: Garchomp
|-unboost|p1b: Garchomp|atk|1
|-unboost|p1b: Garchomp|spa|1
|
|t:|1785329775
|switch|p2b: Venusaur|Venusaur, L50, F|1/100|[from] Parting Shot
|move|p1b: Garchomp|Earthquake|p2b: Venusaur|[spread] p1a,p2a,p2b
|-supereffective|p2a: Toxapex|1
|-damage|p1a: Farigiraf|37/100
|-damage|p2a: Toxapex|22/100
|-damage|p2b: Venusaur|0 fnt
|faint|p2b: Venusaur
|
|-weather|none
|-heal|p2a: Toxapex|28/100|[from] item: Leftovers
|-damage|p1b: Garchomp|78/100 tox|[from] psn
|-damage|p1b: Garchomp|66/100 tox|[from] move: Infestation|[partiallytrapped]
|-fieldend|move: Trick Room
|upkeep
|
|t:|1785329788
|switch|p2b: Charizard|Charizard-Mega-Y, L50, F|22/100
|-weather|SunnyDay|[from] ability: Drought|[of] p2b: Charizard
|turn|6
|inactive|Loooking has 30 seconds left.
|inactive|Loooking has 20 seconds left.
|inactive|Loooking has 15 seconds left.
|inactive|Loooking has 10 seconds left.
|inactive|Loooking has 5 seconds left.
|
|t:|1785329843
|move|p2a: Toxapex|Wide Guard|p2a: Toxapex
|-singleturn|p2a: Toxapex|Wide Guard
|move|p1b: Garchomp|Rock Slide|p2b: Charizard|[spread] 
|-activate|p2a: Toxapex|move: Wide Guard
|-activate|p2b: Charizard|move: Wide Guard
|move|p2b: Charizard|Weather Ball|p1a: Farigiraf
|-damage|p1a: Farigiraf|0 fnt
|faint|p1a: Farigiraf
|
|-weather|SunnyDay|[upkeep]
|-heal|p2a: Toxapex|33/100|[from] item: Leftovers
|-damage|p1b: Garchomp|54/100 tox|[from] psn
|-damage|p1b: Garchomp|42/100 tox|[from] move: Infestation|[partiallytrapped]
|upkeep
|inactive|Loooking has 30 seconds left.
|inactive|Loooking has 20 seconds left.
|inactive|Loooking has 15 seconds left.
|inactive|Loooking has 10 seconds left.
|inactive|Loooking has 5 seconds left.
|
|t:|1785329898
|switch|p1a: Torkoal|Torkoal, L50, F, shiny|100/100
|turn|7
|
|t:|1785329906
|move|p2b: Charizard|Protect|p2b: Charizard
|-singleturn|p2b: Charizard|Protect
|move|p2a: Toxapex|Baneful Bunker|p2a: Toxapex
|-singleturn|p2a: Toxapex|move: Protect
|move|p1b: Garchomp|Rock Slide|p2b: Charizard|[spread] 
|-activate|p2a: Toxapex|move: Protect
|-activate|p2b: Charizard|move: Protect
|move|p1a: Torkoal|Eruption|p2b: Charizard|[spread] 
|-activate|p2a: Toxapex|move: Protect
|-activate|p2b: Charizard|move: Protect
|
|-weather|SunnyDay|[upkeep]
|-heal|p2a: Toxapex|39/100|[from] item: Leftovers
|-damage|p1b: Garchomp|24/100 tox|[from] psn
|-damage|p1b: Garchomp|12/100 tox|[from] move: Infestation|[partiallytrapped]
|upkeep
|turn|8
|
|t:|1785329928
|move|p2a: Toxapex|Wide Guard|p2a: Toxapex
|-singleturn|p2a: Toxapex|Wide Guard
|move|p1b: Garchomp|Dragon Claw|p2a: Toxapex
|-damage|p2a: Toxapex|28/100
|move|p2b: Charizard|Ancient Power|p1a: Torkoal
|-supereffective|p1a: Torkoal|1
|-damage|p1a: Torkoal|41/100
|move|p1a: Torkoal|Eruption|p2a: Toxapex|[spread] 
|-activate|p2a: Toxapex|move: Wide Guard
|-activate|p2b: Charizard|move: Wide Guard
|
|-weather|SunnyDay|[upkeep]
|-heal|p2a: Toxapex|33/100|[from] item: Leftovers
|-damage|p1b: Garchomp|0 fnt|[from] psn
|faint|p1b: Garchomp
|upkeep
|turn|9
|
|t:|1785329946
|move|p2b: Charizard|Ancient Power|p1a: Torkoal
|-supereffective|p1a: Torkoal|1
|-damage|p1a: Torkoal|0 fnt
|faint|p1a: Torkoal
|
|win|raksbachtesting1
