|j|‽Juaner95
|j|☆TeyVgc
|html|Juaner95TeyVgc    
|uhtml|bestof|Game 2 of a best-of-3
|t:|1784179290
|gametype|doubles
|player|p1|Juaner95|ash-hoenn|1103
|player|p2|TeyVgc|rood|1226
|gen|9
|tier|[Gen 9 Champions] VGC 2026 Reg M-B (Bo3)
|rated|
|rule|Species Clause: Limit one of each Pokémon
|rule|Item Clause: Limit 1 of each item
|clearpoke
|poke|p1|Scovillain, L50, M|
|poke|p1|Basculegion, L50, M, shiny|
|poke|p1|Sylveon, L50, F, shiny|
|poke|p1|Garchomp, L50, M|
|poke|p1|Aerodactyl, L50, M|
|poke|p1|Kingambit, L50, M|
|poke|p2|Raichu, L50, F|
|poke|p2|Sinistcha, L50|
|poke|p2|Ceruledge, L50, M|
|poke|p2|Milotic, L50, M|
|poke|p2|Incineroar, L50, F|
|poke|p2|Floette-Eternal, L50, F|
|teampreview|4
|showteam|p1|Scovillain||Scovillainite|Moody|Overheat,LeechSeed,RagePowder,Protect|Calm||M|||50|]Basculegion||ChoiceScarf|Adaptability|WaveCrash,LastRespects,FlipTurn,AquaJet|Jolly||M|||50|]Sylveon||FairyFeather|Pixilate|HyperVoice,HyperBeam,QuickAttack,Detect|Modest||F|||50|]Garchomp||SitrusBerry|RoughSkin|Earthquake,DragonClaw,PoisonJab,Protect|Adamant||M|||50|]Aerodactyl||Aerodactylite|Unnerve|RockSlide,DualWingbeat,Tailwind,Protect|Jolly||M|||50|]Kingambit||FocusSash|Defiant|KowtowCleave,IronHead,LowKick,SuckerPunch|Adamant||M|||50|
|showteam|p2|Raichu||RaichuniteY|LightningRod|ZapCannon,FocusBlast,FakeOut,Protect|Timid||F|||50|]Sinistcha||KasibBerry|Hospitality|MatchaGotcha,Protect,RagePowder,TrickRoom|Relaxed|||||50|]Ceruledge||ColburBerry|FlashFire|BitterBlade,ShadowSneak,BulkUp,Protect|Adamant||M|||50|]Milotic||Leftovers|Competitive|MuddyWater,Coil,Hypnosis,Recover|Calm||M|||50|]Incineroar||SitrusBerry|Intimidate|FlareBlitz,ThroatChop,FakeOut,PartingShot|Impish||F|||50|]Floette-Eternal||Floettite|FlowerVeil|CalmMind,Protect,Moonblast,DazzlingGleam|Modest||F|||50|
|inactive|Battle timer is ON: inactive players will automatically lose when time's up. (requested by Juaner95)
|inactive|Juaner95 has 60 seconds left.
|inactive|TeyVgc has 60 seconds left.
|inactive|Juaner95 has 30 seconds left.
|inactive|TeyVgc has 30 seconds left.
|inactive|Juaner95 has 20 seconds left.
|inactive|TeyVgc has 20 seconds left.
|inactive|Juaner95 has 15 seconds left.
|inactive|TeyVgc has 15 seconds left.
|inactive|Juaner95 has 10 seconds left.
|inactive|TeyVgc has 10 seconds left.
|inactive|Juaner95 has 5 seconds left.
|inactive|TeyVgc has 5 seconds left.
|
|t:|1784179537
|teamsize|p1|4
|teamsize|p2|4
|start
|switch|p1a: Scovillain|Scovillain, L50, M|100/100
|switch|p1b: Basculegion|Basculegion, L50, M, shiny|100/100
|switch|p2a: Raichu|Raichu, L50, F|100/100
|switch|p2b: Sinistcha|Sinistcha, L50|100/100
|turn|1
|inactiveoff|Battle timer is now OFF.
|inactive|Battle timer is ON: inactive players will automatically lose when time's up. (requested by Juaner95)
|inactive|TeyVgc has 30 seconds left.
|inactive|TeyVgc has 20 seconds left.
|inactive|TeyVgc has 15 seconds left.
|inactive|TeyVgc has 10 seconds left.
|inactive|TeyVgc has 5 seconds left.
|
|t:|1784179637
|move|p1a: Scovillain|Protect|p1a: Scovillain
|-singleturn|p1a: Scovillain|Protect
|move|p1b: Basculegion|Flip Turn|p2a: Raichu
|-damage|p2a: Raichu|40/100
|
|t:|1784179655
|switch|p1b: Garchomp|Garchomp, L50, M|100/100|[from] Flip Turn
|move|p2a: Raichu|Zap Cannon|p1b: Garchomp
|-immune|p1b: Garchomp
|move|p2b: Sinistcha|Matcha Gotcha|p1a: Scovillain|[spread] p1b
|-activate|p1a: Scovillain|move: Protect
|-damage|p1b: Garchomp|77/100
|-status|p1b: Garchomp|brn
|
|-damage|p1b: Garchomp|71/100 brn|[from] brn
|-ability|p1a: Scovillain|Moody|boost
|-boost|p1a: Scovillain|def|2
|-unboost|p1a: Scovillain|spa|1
|upkeep
|turn|2
|inactive|TeyVgc has 30 seconds left.
|inactive|TeyVgc has 20 seconds left.
|inactive|TeyVgc has 15 seconds left.
|inactive|TeyVgc has 10 seconds left.
|inactive|TeyVgc has 5 seconds left.
|
|t:|1784179710
|detailschange|p1a: Scovillain|Scovillain-Mega, L50, M
|-mega|p1a: Scovillain|Scovillain|Scovillainite
|move|p1a: Scovillain|Rage Powder|p1a: Scovillain
|-singleturn|p1a: Scovillain|move: Rage Powder
|move|p2a: Raichu|Zap Cannon|p1a: Scovillain
|-resisted|p1a: Scovillain|1
|-damage|p1a: Scovillain|82/100
|-status|p1a: Scovillain|par
|-status|p2a: Raichu|brn|[from] ability: Spicy Spray|[of] p1a: Scovillain
|move|p1b: Garchomp|Dragon Claw|p2b: Sinistcha
|-damage|p2b: Sinistcha|80/100
|move|p2b: Sinistcha|Matcha Gotcha|p1a: Scovillain|[spread] p1a,p1b
|-resisted|p1a: Scovillain|2
|-damage|p1a: Scovillain|77/100 par
|-heal|p2b: Sinistcha|83/100|[from] drain|[of] p1a: Scovillain
|-damage|p1b: Garchomp|50/100y brn
|-heal|p2b: Sinistcha|96/100|[from] drain|[of] p1b: Garchomp
|-status|p2b: Sinistcha|brn|[from] ability: Spicy Spray|[of] p1a: Scovillain
|-enditem|p1b: Garchomp|Sitrus Berry|[eat]
|-heal|p1b: Garchomp|74/100 brn|[from] item: Sitrus Berry
|
|-damage|p2a: Raichu|34/100 brn|[from] brn
|-damage|p1b: Garchomp|68/100 brn|[from] brn
|-damage|p2b: Sinistcha|89/100 brn|[from] brn
|upkeep
|turn|3
|inactive|Juaner95 has 30 seconds left.
|inactive|TeyVgc has 30 seconds left.
|inactive|TeyVgc has 20 seconds left.
|inactive|TeyVgc has 15 seconds left.
|inactive|TeyVgc has 10 seconds left.
|inactive|TeyVgc has 5 seconds left.
|
|t:|1784179765
|move|p1b: Garchomp|Protect|p1b: Garchomp
|-singleturn|p1b: Garchomp|Protect
|move|p2a: Raichu|Zap Cannon|p1a: Scovillain
|-resisted|p1a: Scovillain|1
|-damage|p1a: Scovillain|58/100 par
|move|p2b: Sinistcha|Matcha Gotcha|p1b: Garchomp|[spread] p1a
|-activate|p1b: Garchomp|move: Protect
|-resisted|p1a: Scovillain|2
|-damage|p1a: Scovillain|53/100 par
|-heal|p2b: Sinistcha|92/100 brn|[from] drain|[of] p1a: Scovillain
|move|p1a: Scovillain|Overheat|p2b: Sinistcha
|-supereffective|p2b: Sinistcha|1
|-damage|p2b: Sinistcha|14/100 brn
|-unboost|p1a: Scovillain|spa|2
|
|-damage|p2a: Raichu|28/100 brn|[from] brn
|-damage|p1b: Garchomp|62/100 brn|[from] brn
|-damage|p2b: Sinistcha|7/100 brn|[from] brn
|upkeep
|turn|4
|inactive|TeyVgc has 30 seconds left.
|inactive|TeyVgc has 20 seconds left.
|inactive|TeyVgc has 15 seconds left.
|inactive|TeyVgc has 10 seconds left.
|inactive|TeyVgc has 5 seconds left.
|
|t:|1784179820
|cant|p1a: Scovillain|par
|move|p2a: Raichu|Zap Cannon|p1a: Scovillain|[miss]
|-miss|p2a: Raichu|p1a: Scovillain
|move|p1b: Garchomp|Earthquake|p2b: Sinistcha|[spread] p1a,p2a,p2b
|-supereffective|p2a: Raichu|1
|-resisted|p2b: Sinistcha|1
|-damage|p1a: Scovillain|43/100 par
|-damage|p2a: Raichu|0 fnt
|-damage|p2b: Sinistcha|1/100 brn
|faint|p2a: Raichu
|move|p2b: Sinistcha|Matcha Gotcha|p1b: Garchomp|[spread] p1a,p1b
|-resisted|p1a: Scovillain|2
|-damage|p1a: Scovillain|37/100 par
|-heal|p2b: Sinistcha|3/100 brn|[from] drain|[of] p1a: Scovillain
|-damage|p1b: Garchomp|38/100 brn
|-heal|p2b: Sinistcha|17/100 brn|[from] drain|[of] p1b: Garchomp
|
|-damage|p1b: Garchomp|32/100 brn|[from] brn
|-damage|p2b: Sinistcha|11/100 brn|[from] brn
|upkeep
|inactive|TeyVgc has 30 seconds left.
|inactive|TeyVgc has 20 seconds left.
|inactive|TeyVgc has 15 seconds left.
|inactive|TeyVgc has 10 seconds left.
|inactive|TeyVgc has 5 seconds left.
|
|t:|1784179875
|switch|p2a: Ceruledge|Ceruledge, L50, M|100/100
|turn|5
|inactive|TeyVgc has 30 seconds left.
|inactive|TeyVgc has 20 seconds left.
|inactive|TeyVgc has 15 seconds left.
|inactive|TeyVgc has 10 seconds left.
|inactive|TeyVgc has 5 seconds left.
|
|t:|1784179930
|move|p1a: Scovillain|Rage Powder|p1a: Scovillain
|-singleturn|p1a: Scovillain|move: Rage Powder
|move|p1b: Garchomp|Dragon Claw|p2a: Ceruledge
|-damage|p2a: Ceruledge|78/100
|move|p2a: Ceruledge|Bitter Blade|p1a: Scovillain
|-damage|p1a: Scovillain|11/100 par
|-heal|p2a: Ceruledge|91/100|[from] drain|[of] p1a: Scovillain
|-immune|p2a: Ceruledge
|move|p2b: Sinistcha|Matcha Gotcha|p1a: Scovillain|[spread] p1a,p1b
|-resisted|p1a: Scovillain|2
|-damage|p1a: Scovillain|5/100 par
|-heal|p2b: Sinistcha|14/100 brn|[from] drain|[of] p1a: Scovillain
|-damage|p1b: Garchomp|10/100 brn
|-heal|p2b: Sinistcha|27/100 brn|[from] drain|[of] p1b: Garchomp
|
|-damage|p1b: Garchomp|4/100 brn|[from] brn
|-damage|p2b: Sinistcha|21/100 brn|[from] brn
|upkeep
|turn|6
|inactive|TeyVgc has 30 seconds left.
|inactive|Juaner95 has 30 seconds left.
|inactive|TeyVgc has 20 seconds left.
|inactive|TeyVgc has 15 seconds left.
|inactive|TeyVgc has 10 seconds left.
|inactive|TeyVgc has 5 seconds left.
|
|t:|1784179985
|move|p1a: Scovillain|Rage Powder|p1a: Scovillain
|-singleturn|p1a: Scovillain|move: Rage Powder
|move|p1b: Garchomp|Dragon Claw|p2a: Ceruledge
|-damage|p2a: Ceruledge|69/100
|move|p2a: Ceruledge|Bitter Blade|p1a: Scovillain
|-damage|p1a: Scovillain|0 fnt
|-heal|p2a: Ceruledge|71/100|[from] drain|[of] p1a: Scovillain
|-immune|p2a: Ceruledge
|faint|p1a: Scovillain
|move|p2b: Sinistcha|Matcha Gotcha|p1b: Garchomp
|-damage|p1b: Garchomp|0 fnt
|-heal|p2b: Sinistcha|24/100 brn|[from] drain|[of] p1b: Garchomp
|faint|p1b: Garchomp
|
|-damage|p2b: Sinistcha|17/100 brn|[from] brn
|upkeep
|
|t:|1784179999
|switch|p1b: Sylveon|Sylveon, L50, F, shiny|100/100
|switch|p1a: Basculegion|Basculegion, L50, M, shiny|100/100
|turn|7
|inactive|TeyVgc has 15 seconds left this turn.
|inactive|TeyVgc has 10 seconds left.
|inactive|TeyVgc has 5 seconds left.
|-message|TeyVgc lost due to inactivity.
|
|win|Juaner95
