|j|☆waveniki
|j|☆Filippo1226
|html|wavenikiFilippo1226    
|uhtml|bestof|Game 1 of a best-of-3
|t:|1756743804
|gametype|doubles
|player|p1|waveniki|clerk|1262
|player|p2|Filippo1226|dragontamer|1285
|gen|9
|tier|[Gen 9] VGC 2025 Reg H (Bo3)
|rated|
|rule|Species Clause: Limit one of each Pokémon
|rule|Item Clause: Limit 1 of each item
|clearpoke
|poke|p1|Incineroar, L50, M|
|poke|p1|Amoonguss, L50, F|
|poke|p1|Ursaluna-Bloodmoon, L50, M|
|poke|p1|Dragonite, L50, M|
|poke|p1|Sneasler, L50, F|
|poke|p1|Gholdengo, L50|
|poke|p2|Talonflame, L50, F|
|poke|p2|Kommo-o, L50, F|
|poke|p2|Mamoswine, L50, F|
|poke|p2|Gholdengo, L50|
|poke|p2|Persian-Alola, L50, M|
|poke|p2|Gallade, L50, M|
|teampreview|4
|showteam|p1|Incineroar||SafetyGoggles|Intimidate|FlareBlitz,KnockOff,FakeOut,PartingShot|||M|||50|,,,,,Ghost]Amoonguss||SitrusBerry|Regenerator|PollenPuff,Spore,RagePowder,Protect|||F|||50|,,,,,Psychic]Ursaluna-Bloodmoon||AssaultVest|MindsEye|HyperVoice,BloodMoon,EarthPower,VacuumWave|||M|||50|,,,,,Water]Dragonite||LoadedDice|Multiscale|ScaleShot,Tailwind,Haze,Protect|||M|||50|,,,,,Fairy]Sneasler||FocusSash|Unburden|CloseCombat,DireClaw,ThroatChop,Protect|||F|||50|,,,,,Stellar]Gholdengo||LifeOrb|GoodasGold|MakeItRain,ShadowBall,NastyPlot,Protect||||||50|,,,,,Water
|showteam|p2|Talonflame||CovertCloak|GaleWings|BraveBird,FlareBlitz,Tailwind,QuickGuard|||F|||50|,,,,,Stellar]Kommo-o||ChoiceSpecs|Bulletproof|ClangingScales,Flamethrower,AuraSphere,DracoMeteor|||F|||50|,,,,,Dragon]Mamoswine||LoadedDice|Oblivious|IcicleSpear,Earthquake,HighHorsepower,Protect|||F|||50|,,,,,Ground]Gholdengo||LifeOrb|GoodasGold|MakeItRain,ShadowBall,NastyPlot,Protect||||||50|,,,,,Water]Persian-Alola||AssaultVest|FurCoat|FoulPlay,FakeOut,IcyWind,Uturn|||M|||50|,,,,,Bug]Gallade||SitrusBerry|Sharpness|SacredSword,Imprison,TrickRoom,PsychoCut|||M|||50|,,,,,Dark
|inactive|Battle timer is ON: inactive players will automatically lose when time's up. (requested by waveniki)
|inactive|waveniki has 60 seconds left.
|
|t:|1756743860
|teamsize|p1|4
|teamsize|p2|4
|start
|switch|p1a: Dragonite|Dragonite, L50, M|100/100
|switch|p1b: Incineroar|Incineroar, L50, M|100/100
|switch|p2a: Talonflame|Talonflame, L50, F|100/100
|switch|p2b: Mamoswine|Mamoswine, L50, F|100/100
|-ability|p1b: Incineroar|Intimidate|boost
|-unboost|p2a: Talonflame|atk|1
|-fail|p2b: Mamoswine|unboost|Attack|[from] ability: Oblivious|[of] p2b: Mamoswine
|turn|1
|
|t:|1756743882
|-terastallize|p1a: Dragonite|Fairy
|move|p2a: Talonflame|Quick Guard|p2a: Talonflame
|-singleturn|p2a: Talonflame|Quick Guard
|move|p2b: Mamoswine|Icicle Spear|p1a: Dragonite
|-damage|p1a: Dragonite|93/100
|-damage|p1a: Dragonite|77/100
|-damage|p1a: Dragonite|60/100
|-damage|p1a: Dragonite|44/100
|-damage|p1a: Dragonite|27/100
|-hitcount|p1a: Dragonite|5
|move|p1a: Dragonite|Scale Shot|p2a: Talonflame|[miss]
|-miss|p1a: Dragonite|p2a: Talonflame
|move|p1b: Incineroar|Flare Blitz|p2b: Mamoswine
|-supereffective|p2b: Mamoswine
|-damage|p2b: Mamoswine|0 fnt
|faint|p2b: Mamoswine
|-damage|p1b: Incineroar|70/100|[from] Recoil
|
|upkeep
|
|t:|1756743899
|switch|p2b: Gholdengo|Gholdengo, L50|100/100
|turn|2
|inactive|waveniki has 30 seconds left.
|inactive|Filippo1226 has 30 seconds left.
|
|t:|1756743927
|-terastallize|p2b: Gholdengo|Water
|move|p2a: Talonflame|Brave Bird|p1b: Incineroar
|-damage|p1b: Incineroar|39/100
|-damage|p2a: Talonflame|88/100|[from] Recoil
|move|p2b: Gholdengo|Make It Rain|p1a: Dragonite|[spread] p1a,p1b
|-supereffective|p1a: Dragonite
|-resisted|p1b: Incineroar
|-damage|p1a: Dragonite|0 fnt
|-damage|p1b: Incineroar|10/100
|-unboost|p2b: Gholdengo|spa|1
|faint|p1a: Dragonite
|-damage|p2b: Gholdengo|91/100|[from] item: Life Orb
|move|p1b: Incineroar|Knock Off|p2b: Gholdengo
|-damage|p2b: Gholdengo|42/100
|-enditem|p2b: Gholdengo|Life Orb|[from] move: Knock Off|[of] p1b: Incineroar
|
|upkeep
|
|t:|1756743935
|switch|p1a: Sneasler|Sneasler, L50, F|100/100
|turn|3
|
|t:|1756743951
|switch|p1b: Ursaluna|Ursaluna-Bloodmoon, L50, M|100/100
|move|p2a: Talonflame|Tailwind|p2a: Talonflame
|-sidestart|p2: Filippo1226|move: Tailwind
|move|p2b: Gholdengo|Make It Rain|p1b: Ursaluna|[spread] p1a,p1b
|-damage|p1a: Sneasler|54/100
|-damage|p1b: Ursaluna|78/100
|-unboost|p2b: Gholdengo|spa|1
|move|p1a: Sneasler|Dire Claw|p2a: Talonflame
|-damage|p2a: Talonflame|23/100
|
|upkeep
|turn|4
|
|t:|1756743966
|move|p1a: Sneasler|Protect|p1a: Sneasler
|-singleturn|p1a: Sneasler|Protect
|move|p2a: Talonflame|Brave Bird|p1a: Sneasler
|-activate|p1a: Sneasler|move: Protect
|move|p2b: Gholdengo|Make It Rain|p1a: Sneasler|[spread] p1b
|-activate|p1a: Sneasler|move: Protect
|-damage|p1b: Ursaluna|65/100
|-unboost|p2b: Gholdengo|spa|1
|move|p1b: Ursaluna|Hyper Voice|p2b: Gholdengo|[spread] p2a,p2b
|-damage|p2a: Talonflame|0 fnt
|-damage|p2b: Gholdengo|0 fnt
|faint|p2a: Talonflame
|faint|p2b: Gholdengo
|
|upkeep
|
|t:|1756743969
|switch|p2a: Persian|Persian-Alola, L50, M|100/100
|turn|5
|
|t:|1756743976
|move|p2a: Persian|Foul Play|p1b: Ursaluna
|-damage|p1b: Ursaluna|47/100
|move|p1a: Sneasler|Close Combat|p2a: Persian
|-supereffective|p2a: Persian
|-damage|p2a: Persian|2/100
|-unboost|p1a: Sneasler|def|1
|-unboost|p1a: Sneasler|spd|1
|move|p1b: Ursaluna|Earth Power|p2a: Persian
|-damage|p2a: Persian|0 fnt
|faint|p2a: Persian
|
|win|waveniki
||Filippo1226 is ready for game 2.
||waveniki is ready for game 2.
|uhtml|next|Next: Game 2 of 3
|l|☆Filippo1226
|player|p2|
