|j|☆atahualpamaia
|j|☆Sherogenzzz
|html|atahualpamaiaSherogenzzz    
|uhtml|bestof|Game 2 of a best-of-3
|t:|1757029962
|gametype|doubles
|player|p1|atahualpamaia|lucas|1059
|player|p2|Sherogenzzz|266|1043
|gen|9
|tier|[Gen 9] VGC 2025 Reg H (Bo3)
|rated|
|rule|Species Clause: Limit one of each Pokémon
|rule|Item Clause: Limit 1 of each item
|clearpoke
|poke|p1|Dragonite, L50, M|
|poke|p1|Ursaluna-Bloodmoon, L50, M|
|poke|p1|Sneasler, L50, M|
|poke|p1|Braviary, L50, M|
|poke|p1|Whimsicott, L50, F|
|poke|p1|Farigiraf, L50, F|
|poke|p2|Gothitelle, L50, F|
|poke|p2|Amoonguss, L50, M|
|poke|p2|Gallade, L50, M|
|poke|p2|Incineroar, L50, F|
|poke|p2|Baxcalibur, L50, M|
|poke|p2|Ninetales-Alola, L50, M|
|teampreview|4
|showteam|p1|Dragonite||LoadedDice|Multiscale|ScaleShot,IcePunch,StompingTantrum,Protect|||M|||50|,,,,,Steel]Ursaluna-Bloodmoon||SitrusBerry|MindsEye|BloodMoon,EarthPower,HyperVoice,Protect|||M|||50|,,,,,Ghost]Sneasler||WhiteHerb|Unburden|CloseCombat,DireClaw,ThroatChop,Protect|||M|||50|,,,,,Ghost]Braviary||LifeOrb|Defiant|BraveBird,CloseCombat,HelpingHand,Protect|||M|||50|,,,,,Flying]Whimsicott||FocusSash|Prankster|Moonblast,Taunt,Tailwind,Protect|||F|||50|,,,,,Ghost]Farigiraf||ThroatSpray|ArmorTail|HyperVoice,HelpingHand,TrickRoom,Protect|||F|||50|,,,,,Water
|showteam|p2|Gothitelle||Leftovers|ShadowTag|FakeOut,Protect,TrickRoom,Psychic|||F|||50|,,,,,Dark]Amoonguss||SitrusBerry|Regenerator|Protect,PollenPuff,RagePowder,Spore|||M|||50|,,,,,Dark]Gallade||LifeOrb|Sharpness|Protect,SacredSword,SwordsDance,PsychoCut|||M|||50|,,,,,Steel]Incineroar||SafetyGoggles|Intimidate|FakeOut,PartingShot,FlareBlitz,KnockOff|||F|||50|,,,,,Water]Baxcalibur||ClearAmulet|IceBody|Protect,GlaiveRush,IceShard,SwordsDance|||M|||50|,,,,,Steel]Ninetales-Alola||FocusSash|SnowWarning|Protect,AuroraVeil,FoulPlay,Disable|||M|||50|,,,,,Steel
|inactive|Battle timer is ON: inactive players will automatically lose when time's up. (requested by atahualpamaia)
|inactive|Sherogenzzz has 60 seconds left.
|
|t:|1757030017
|teamsize|p1|4
|teamsize|p2|4
|start
|switch|p1a: Sneasler|Sneasler, L50, M|100/100
|switch|p1b: Farigiraf|Farigiraf, L50, F|100/100
|switch|p2a: Amoonguss|Amoonguss, L50, M|100/100
|switch|p2b: Ninetales|Ninetales-Alola, L50, M|100/100
|-weather|Snowscape|[from] ability: Snow Warning|[of] p2b: Ninetales
|turn|1
|inactive|atahualpamaia has 30 seconds left.
|inactive|Sherogenzzz has 30 seconds left.
|
|t:|1757030048
|move|p2a: Amoonguss|Rage Powder|p2a: Amoonguss
|-singleturn|p2a: Amoonguss|move: Rage Powder
|move|p1a: Sneasler|Dire Claw|p2a: Amoonguss
|-damage|p2a: Amoonguss|68/100
|move|p2b: Ninetales|Aurora Veil|p2b: Ninetales
|-sidestart|p2: Sherogenzzz|move: Aurora Veil
|move|p1b: Farigiraf|Hyper Voice|p2b: Ninetales|[spread] p2a,p2b
|-damage|p2a: Amoonguss|51/100
|-damage|p2b: Ninetales|84/100
|-enditem|p1b: Farigiraf|Throat Spray
|-boost|p1b: Farigiraf|spa|1|[from] item: Throat Spray
|
|-weather|Snowscape|[upkeep]
|upkeep
|turn|2
|inactive|Sherogenzzz has 30 seconds left.
|
|t:|1757030076
|move|p1a: Sneasler|Protect|p1a: Sneasler
|-singleturn|p1a: Sneasler|Protect
|move|p2b: Ninetales|Protect|p2b: Ninetales
|-singleturn|p2b: Ninetales|Protect
|move|p1b: Farigiraf|Hyper Voice|p2b: Ninetales|[spread] p2a
|-activate|p2b: Ninetales|move: Protect
|-damage|p2a: Amoonguss|29/100
|-enditem|p2a: Amoonguss|Sitrus Berry|[eat]
|-heal|p2a: Amoonguss|54/100|[from] item: Sitrus Berry
|move|p2a: Amoonguss|Spore|p1a: Sneasler
|-activate|p1a: Sneasler|move: Protect
|
|-weather|Snowscape|[upkeep]
|upkeep
|turn|3
|inactive|Sherogenzzz has 30 seconds left.
|
|t:|1757030103
|switch|p2b: Gothitelle|Gothitelle, L50, F|100/100
|move|p2a: Amoonguss|Rage Powder|p2a: Amoonguss
|-singleturn|p2a: Amoonguss|move: Rage Powder
|move|p1a: Sneasler|Dire Claw|p2a: Amoonguss
|-damage|p2a: Amoonguss|32/100
|-status|p2a: Amoonguss|slp
|move|p1b: Farigiraf|Hyper Voice|p2b: Gothitelle|[spread] p2a,p2b
|-damage|p2a: Amoonguss|6/100 slp
|-damage|p2b: Gothitelle|77/100
|
|-weather|Snowscape|[upkeep]
|-heal|p2b: Gothitelle|83/100|[from] item: Leftovers
|upkeep
|turn|4
|inactive|Sherogenzzz has 30 seconds left.
|inactive|Sherogenzzz has 20 seconds left.
|
|t:|1757030138
|switch|p2a: Gallade|Gallade, L50, M|100/100
|-terastallize|p1a: Sneasler|Ghost
|-terastallize|p2b: Gothitelle|Dark
|move|p1a: Sneasler|Throat Chop|p2b: Gothitelle
|-resisted|p2b: Gothitelle
|-damage|p2b: Gothitelle|76/100
|-start|p2b: Gothitelle|Throat Chop|[silent]
|move|p1b: Farigiraf|Hyper Voice|p2b: Gothitelle|[spread] p2a,p2b
|-damage|p2a: Gallade|74/100
|-damage|p2b: Gothitelle|52/100
|move|p2b: Gothitelle|Trick Room|p2b: Gothitelle
|-fieldstart|move: Trick Room|[of] p2b: Gothitelle
|
|-weather|Snowscape|[upkeep]
|-heal|p2b: Gothitelle|58/100|[from] item: Leftovers
|upkeep
|turn|5
|inactive|Sherogenzzz has 30 seconds left.
|
|t:|1757030165
|move|p2b: Gothitelle|Protect|p2b: Gothitelle
|-singleturn|p2b: Gothitelle|Protect
|move|p1a: Sneasler|Protect|p1a: Sneasler
|-singleturn|p1a: Sneasler|Protect
|move|p2a: Gallade|Sacred Sword|p1b: Farigiraf
|-damage|p1b: Farigiraf|19/100
|-damage|p2a: Gallade|64/100|[from] item: Life Orb
|move|p1b: Farigiraf|Trick Room|p1b: Farigiraf
|-fieldend|move: Trick Room
|
|-weather|none
|-heal|p2b: Gothitelle|64/100|[from] item: Leftovers
|-end|p2b: Gothitelle|Throat Chop|[silent]
|-sideend|p2: Sherogenzzz|move: Aurora Veil
|upkeep
|turn|6
|inactive|Sherogenzzz has 30 seconds left.
|inactive|Sherogenzzz has 20 seconds left.
|
|t:|1757030200
|move|p1b: Farigiraf|Helping Hand|p1a: Sneasler
|-singleturn|p1a: Sneasler|Helping Hand|[of] p1b: Farigiraf
|move|p2b: Gothitelle|Protect||[still]
|-fail|p2b: Gothitelle
|move|p1a: Sneasler|Close Combat|p2b: Gothitelle
|-supereffective|p2b: Gothitelle
|-damage|p2b: Gothitelle|0 fnt
|-unboost|p1a: Sneasler|def|1
|-unboost|p1a: Sneasler|spd|1
|faint|p2b: Gothitelle
|-enditem|p1a: Sneasler|White Herb
|-clearnegativeboost|p1a: Sneasler|[silent]
|move|p2a: Gallade|Psycho Cut|p1a: Sneasler
|-crit|p1a: Sneasler
|-damage|p1a: Sneasler|0 fnt
|faint|p1a: Sneasler
|-damage|p2a: Gallade|55/100|[from] item: Life Orb
|
|upkeep
|inactive|atahualpamaia has 30 seconds left.
|
|t:|1757030235
|switch|p1a: Braviary|Braviary, L50, M|100/100
|switch|p2b: Ninetales|Ninetales-Alola, L50, M|84/100
|-weather|Snowscape|[from] ability: Snow Warning|[of] p2b: Ninetales
|turn|7
|
|t:|1757030249
|move|p1a: Braviary|Protect|p1a: Braviary
|-singleturn|p1a: Braviary|Protect
|move|p1b: Farigiraf|Protect|p1b: Farigiraf
|-singleturn|p1b: Farigiraf|Protect
|move|p2a: Gallade|Protect|p2a: Gallade
|-singleturn|p2a: Gallade|Protect
|move|p2b: Ninetales|Aurora Veil|p2b: Ninetales
|-sidestart|p2: Sherogenzzz|move: Aurora Veil
|
|-weather|Snowscape|[upkeep]
|upkeep
|turn|8
|
|t:|1757030271
|move|p1b: Farigiraf|Helping Hand|p1a: Braviary
|-singleturn|p1a: Braviary|Helping Hand|[of] p1b: Farigiraf
|move|p2b: Ninetales|Foul Play|p1a: Braviary
|-damage|p1a: Braviary|70/100
|move|p1a: Braviary|Brave Bird|p2a: Gallade
|-supereffective|p2a: Gallade
|-damage|p2a: Gallade|0 fnt
|faint|p2a: Gallade
|-damage|p1a: Braviary|56/100|[from] Recoil
|-damage|p1a: Braviary|46/100|[from] item: Life Orb
|
|-weather|Snowscape|[upkeep]
|upkeep
|
|t:|1757030282
|switch|p2a: Amoonguss|Amoonguss, L50, M|39/100 slp
|turn|9
|
|t:|1757030296
|cant|p2a: Amoonguss|slp
|move|p2b: Ninetales|Foul Play|p1a: Braviary
|-damage|p1a: Braviary|11/100
|move|p1a: Braviary|Brave Bird|p2a: Amoonguss
|-supereffective|p2a: Amoonguss
|-crit|p2a: Amoonguss
|-damage|p2a: Amoonguss|0 fnt
|faint|p2a: Amoonguss
|-damage|p1a: Braviary|0 fnt|[from] Recoil
|faint|p1a: Braviary
|move|p1b: Farigiraf|Hyper Voice|p2b: Ninetales
|-damage|p2b: Ninetales|52/100
|
|-weather|Snowscape|[upkeep]
|upkeep
|
|t:|1757030309
|switch|p1a: Dragonite|Dragonite, L50, M|100/100
|turn|10
|
|t:|1757030319
|move|p2b: Ninetales|Protect|p2b: Ninetales
|-singleturn|p2b: Ninetales|Protect
|move|p1a: Dragonite|Protect|p1a: Dragonite
|-singleturn|p1a: Dragonite|Protect
|move|p1b: Farigiraf|Trick Room|p1b: Farigiraf
|-fieldstart|move: Trick Room|[of] p1b: Farigiraf
|
|-weather|Snowscape|[upkeep]
|upkeep
|turn|11
|
|t:|1757030331
|move|p1b: Farigiraf|Hyper Voice|p2b: Ninetales
|-damage|p2b: Ninetales|19/100
|move|p1a: Dragonite|Stomping Tantrum|p2b: Ninetales
|-damage|p2b: Ninetales|4/100
|move|p2b: Ninetales|Foul Play|p1b: Farigiraf
|-supereffective|p1b: Farigiraf
|-damage|p1b: Farigiraf|0 fnt
|faint|p1b: Farigiraf
|
|-weather|none
|-sideend|p2: Sherogenzzz|move: Aurora Veil
|upkeep
|turn|12
|
|t:|1757030343
|move|p2b: Ninetales|Protect|p2b: Ninetales
|-singleturn|p2b: Ninetales|Protect
|move|p1a: Dragonite|Stomping Tantrum|p2b: Ninetales
|-activate|p2b: Ninetales|move: Protect
|
|upkeep
|turn|13
|
|t:|1757030353
|move|p2b: Ninetales|Protect||[still]
|-fail|p2b: Ninetales
|move|p1a: Dragonite|Stomping Tantrum|p2b: Ninetales
|-damage|p2b: Ninetales|0 fnt
|faint|p2b: Ninetales
|
|win|atahualpamaia
