|j|☆SC7PLAYZZ
|j|☆Riri 82
|html|SC7PLAYZZRiri 82    
|uhtml|bestof|Game 2 of a best-of-3
|t:|1784309792
|gametype|doubles
|player|p1|SC7PLAYZZ|169|
|player|p2|Riri 82|psychic|
|gen|9
|tier|[Gen 9 Champions] VGC 2026 Reg M-B (Bo3)
|rule|Species Clause: Limit one of each Pokémon
|rule|Item Clause: Limit 1 of each item
|clearpoke
|poke|p1|Greninja, L50, F, shiny|
|poke|p1|Ninetales-Alola, L50, F, shiny|
|poke|p1|Milotic, L50, F, shiny|
|poke|p1|Kingambit, L50, F, shiny|
|poke|p1|Aerodactyl, L50, F, shiny|
|poke|p1|Vanilluxe, L50, F, shiny|
|poke|p2|Reuniclus, L50, F|
|poke|p2|Bellibolt, L50, M|
|poke|p2|Mamoswine, L50, M|
|poke|p2|Krookodile, L50, M|
|poke|p2|Abomasnow, L50, M|
|poke|p2|Delphox, L50, F|
|teampreview|4
|showteam|p1|Greninja||Greninjite|Protean|Blizzard,DarkPulse,Surf,Protect|Timid||F|||50|]Ninetales-Alola||FocusSash|SnowWarning|Roar,Blizzard,AuroraVeil,Protect|Timid||F|||50|]Milotic||Leftovers|Competitive|Protect,Scald,IcyWind,Recover|Calm||F|||50|]Kingambit||BlackGlasses|Defiant|KowtowCleave,SuckerPunch,SwordsDance,LowKick|Serious||F|||50|]Aerodactyl||PasshoBerry|RockHead|Tailwind,DualWingbeat,Protect,RockSlide|Serious||F|||50|]Vanilluxe||ChoiceScarf|IceBody|AuroraVeil,FreezeDry,Blizzard,IcyWind|Timid||F|||50|
|showteam|p2|Reuniclus||LifeOrb|MagicGuard|TrickRoom,Recover,Psychic,FocusBlast|Quiet||F|||50|]Bellibolt||Leftovers|Electromorphosis|ParabolicCharge,Protect,SlackOff,Thunderbolt|Sassy||M|||50|]Mamoswine||NeverMeltIce|SnowCloak|StealthRock,IceShard,IcicleCrash,Earthquake|Brave||M|||50|]Krookodile||ChoiceScarf|Moxie|KnockOff,RockSlide,Crunch,Earthquake|Adamant||M|||50|]Abomasnow||Abomasite|SnowWarning|AuroraVeil,LeechSeed,EnergyBall,Blizzard|Quiet||M|||50|]Delphox||Delphoxite|Blaze|Protect,HeatWave,TrickRoom,FocusBlast|Sassy||F|||50|
|inactive|Battle timer is ON: inactive players will automatically lose when time's up. (requested by Riri 82)
|inactive|SC7PLAYZZ has 60 seconds left.
|
|t:|1784309832
|teamsize|p1|4
|teamsize|p2|4
|start
|switch|p1a: Greninja|Greninja, L50, F, shiny|100/100
|switch|p1b: Kingambit|Kingambit, L50, F, shiny|100/100
|switch|p2a: Delphox|Delphox, L50, F|100/100
|switch|p2b: Le Evil|Krookodile, L50, M|100/100
|turn|1
|j| Yishop
|inactive|SC7PLAYZZ has 30 seconds left.
|inactive|Riri 82 has 30 seconds left.
|inactive|Riri 82 has 20 seconds left.
|inactive|Riri 82 has 15 seconds left.
|inactive|Riri 82 has 10 seconds left.
|inactive|Riri 82 has 5 seconds left.
|
|t:|1784309884
|detailschange|p1a: Greninja|Greninja-Mega, L50, F, shiny
|-mega|p1a: Greninja|Greninja|Greninjite
|detailschange|p2a: Delphox|Delphox-Mega, L50, F
|-mega|p2a: Delphox|Delphox|Delphoxite
|move|p2a: Delphox|Protect|p2a: Delphox
|-singleturn|p2a: Delphox|Protect
|move|p1b: Kingambit|Sucker Punch||[still]
|-fail|p1b: Kingambit
|move|p2b: Le Evil|Earthquake|p1b: Kingambit|[spread] p1a,p1b
|-activate|p2a: Delphox|move: Protect
|-supereffective|p1b: Kingambit|1
|-damage|p1a: Greninja|43/100
|-damage|p1b: Kingambit|35/100
|move|p1a: Greninja|Surf|p2a: Delphox|[spread] p1b,p2b
|-start|p1a: Greninja|typechange|Water|[from] ability: Protean
|-activate|p2a: Delphox|move: Protect
|-supereffective|p2b: Le Evil|1
|-damage|p1b: Kingambit|1/100
|-damage|p2b: Le Evil|1/100
|
|upkeep
|turn|2
|inactiveoff|Battle timer is now OFF.
|
|t:|1784309904
|move|p1b: Kingambit|Sucker Punch|p2b: Le Evil
|-resisted|p2b: Le Evil|1
|-damage|p2b: Le Evil|0 fnt
|faint|p2b: Le Evil
|move|p1a: Greninja|Dark Pulse|p2a: Delphox
|-supereffective|p2a: Delphox|1
|-damage|p2a: Delphox|65/100
|move|p2a: Delphox|Heat Wave|p1b: Kingambit|[spread] p1a,p1b
|-resisted|p1a: Greninja|1
|-supereffective|p1b: Kingambit|1
|-damage|p1a: Greninja|19/100
|-damage|p1b: Kingambit|0 fnt
|-status|p1a: Greninja|brn
|faint|p1b: Kingambit
|
|-damage|p1a: Greninja|13/100 brn|[from] brn
|upkeep
|
|t:|1784309922
|switch|p2b: Boi|Mamoswine, L50, M|100/100
|switch|p1b: Milotic|Milotic, L50, F, shiny|100/100
|turn|3
|
|t:|1784309933
|move|p2b: Boi|Ice Shard|p1a: Greninja
|-resisted|p1a: Greninja|1
|-damage|p1a: Greninja|0 fnt
|faint|p1a: Greninja
|move|p1b: Milotic|Scald|p2b: Boi
|-supereffective|p2b: Boi|1
|-damage|p2b: Boi|44/100
|move|p2a: Delphox|Trick Room|p2a: Delphox
|-fieldstart|move: Trick Room|[of] p2a: Delphox
|
|upkeep
|
|t:|1784309941
|switch|p1a: Aerodactyl|Aerodactyl, L50, F, shiny|100/100
|turn|4
|
|t:|1784309961
|move|p1a: Aerodactyl|Protect|p1a: Aerodactyl
|-singleturn|p1a: Aerodactyl|Protect
|move|p2b: Boi|Icicle Crash|p1a: Aerodactyl
|-activate|p1a: Aerodactyl|move: Protect
|move|p1b: Milotic|Scald|p2b: Boi
|-supereffective|p2b: Boi|1
|-damage|p2b: Boi|0 fnt
|faint|p2b: Boi
|move|p2a: Delphox|Heat Wave|p1a: Aerodactyl|[spread] p1b
|-activate|p1a: Aerodactyl|move: Protect
|-resisted|p1b: Milotic|1
|-damage|p1b: Milotic|89/100
|
|-heal|p1b: Milotic|95/100|[from] item: Leftovers
|upkeep
|
|t:|1784309968
|switch|p2b: James|Bellibolt, L50, M|100/100
|turn|5
|
|t:|1784309987
|move|p2b: James|Thunderbolt|p1a: Aerodactyl
|-supereffective|p1a: Aerodactyl|1
|-damage|p1a: Aerodactyl|13/100
|move|p1b: Milotic|Scald|p2a: Delphox
|-supereffective|p2a: Delphox|1
|-damage|p2a: Delphox|32/100
|move|p2a: Delphox|Heat Wave|p1a: Aerodactyl|[spread] p1a,p1b
|-resisted|p1a: Aerodactyl|1
|-resisted|p1b: Milotic|1
|-damage|p1a: Aerodactyl|0 fnt
|-damage|p1b: Milotic|83/100
|faint|p1a: Aerodactyl
|
|-heal|p1b: Milotic|89/100|[from] item: Leftovers
|upkeep
|turn|6
|
|t:|1784310008
|move|p2b: James|Thunderbolt|p1b: Milotic
|-supereffective|p1b: Milotic|1
|-damage|p1b: Milotic|52/100
|move|p1b: Milotic|Scald|p2a: Delphox
|-supereffective|p2a: Delphox|1
|-damage|p2a: Delphox|0 fnt
|faint|p2a: Delphox
|
|-heal|p1b: Milotic|58/100|[from] item: Leftovers
|upkeep
|turn|7
|
|t:|1784310018
|move|p2b: James|Thunderbolt|p1b: Milotic
|-supereffective|p1b: Milotic|1
|-damage|p1b: Milotic|15/100
|-status|p1b: Milotic|par
|move|p1b: Milotic|Scald|p2b: James
|-damage|p2b: James|78/100
|-start|p2b: James|Charge|Scald|[from] ability: Electromorphosis
|
|-heal|p1b: Milotic|21/100 par|[from] item: Leftovers
|-heal|p2b: James|84/100|[from] item: Leftovers
|-fieldend|move: Trick Room
|upkeep
|turn|8
|
|t:|1784310025
|move|p2b: James|Thunderbolt|p1b: Milotic
|-supereffective|p1b: Milotic|1
|-damage|p1b: Milotic|0 fnt
|faint|p1b: Milotic
|-end|p2b: James|Charge|[silent]
|
|win|Riri 82
