|j|☆CharlesDriven
|j|☆Voltage Gaming101
|html|CharlesDrivenVoltage Gaming101    
|uhtml|bestof|Game 1 of a best-of-3
|t:|1756606947
|gametype|doubles
|player|p1|CharlesDriven|palmer|1069
|player|p2|Voltage Gaming101|red|1000
|gen|9
|tier|[Gen 9] VGC 2025 Reg H (Bo3)
|rated|
|rule|Species Clause: Limit one of each Pokémon
|rule|Item Clause: Limit 1 of each item
|clearpoke
|poke|p1|Charizard, L50, M|
|poke|p1|Torkoal, L50, F|
|poke|p1|Porygon2, L50|
|poke|p1|Incineroar, L50, F|
|poke|p1|Jumpluff, L50, M|
|poke|p1|Ursaluna, L50, F|
|poke|p2|Mienshao, L50, M|
|poke|p2|Slowking-Galar, L50, F|
|poke|p2|Baxcalibur, L50, M|
|poke|p2|Rillaboom, L50, F|
|poke|p2|Cinderace, L50, M|
|poke|p2|Primarina, L50, F|
|teampreview|4
|showteam|p1|Charizard||ChoiceSpecs|SolarPower|HeatWave,Overheat,WeatherBall,AirSlash|||M|||50|,,,,,Ghost]Torkoal||EjectPack|Drought|Eruption,Overheat,HelpingHand,Protect|||F|||50|,,,,,Fire]Porygon2||Eviolite|Download|TeraBlast,IceBeam,Recover,TrickRoom||||||50|,,,,,Fighting]Incineroar||SitrusBerry|Intimidate|FlareBlitz,KnockOff,FakeOut,PartingShot|||F|||50|,,,,,Ghost]Jumpluff||CovertCloak|Chlorophyll|SleepPowder,SunnyDay,RagePowder,Tailwind|||M|||50|,,,,,Water]Ursaluna||FlameOrb|Guts|HeadlongRush,Facade,Earthquake,Protect|||F|||50|,,,,,Ghost
|showteam|p2|Mienshao||LifeOrb|Regenerator|CloseCombat,KnockOff,PoisonJab,Uturn|||M|||50|,,,,,Steel]Slowking-Galar||BlackSludge|Regenerator|ChillyReception,ThunderWave,SludgeBomb,FutureSight|||F|||50|,,,,,Flying]Baxcalibur||LoadedDice|ThermalExchange|Protect,DragonDance,IcicleSpear,ScaleShot|||M|||50|,,,,,Fairy]Rillaboom||AssaultVest|GrassySurge|GrassyGlide,KnockOff,Uturn,FakeOut|||F|||50|,,,,,Ground]Cinderace||CovertCloak|Libero|FlareBlitz,HighJumpKick,Taunt,Coaching|||M|||50|,,,,,Fighting]Primarina||SitrusBerry|LiquidVoice|HyperVoice,Moonblast,Psychic,CalmMind|||F|||50|,,,,,Grass
|
|t:|1756606964
|teamsize|p1|4
|teamsize|p2|4
|start
|switch|p1a: Charizard|Charizard, L50, M|100/100
|switch|p1b: Porygon2|Porygon2, L50|100/100
|switch|p2a: Rillaboom|Rillaboom, L50, F, shiny|100/100
|switch|p2b: Mienshao|Mienshao, L50, M, shiny|100/100
|-fieldstart|move: Grassy Terrain|[from] ability: Grassy Surge|[of] p2a: Rillaboom
|-ability|p1b: Porygon2|Download|boost
|-boost|p1b: Porygon2|spa|1
|turn|1
|
|t:|1756606982
|switch|p1b: Torkoal|Torkoal, L50, F|100/100
|-weather|SunnyDay|[from] ability: Drought|[of] p1b: Torkoal
|-terastallize|p1a: Charizard|Ghost
|move|p2a: Rillaboom|Fake Out|p1b: Torkoal
|-damage|p1b: Torkoal|89/100
|move|p2b: Mienshao|Knock Off|p1b: Torkoal
|-damage|p1b: Torkoal|57/100
|-enditem|p1b: Torkoal|Eject Pack|[from] move: Knock Off|[of] p2b: Mienshao
|-damage|p2b: Mienshao|90/100|[from] item: Life Orb
|move|p1a: Charizard|Heat Wave|p2a: Rillaboom|[spread] p2a
|-miss|p1a: Charizard|p2b: Mienshao
|-supereffective|p2a: Rillaboom
|-damage|p2a: Rillaboom|0 fnt
|faint|p2a: Rillaboom
|
|-weather|SunnyDay|[upkeep]
|-damage|p1a: Charizard|88/100|[from] ability: Solar Power|[of] p1a: Charizard
|-heal|p2b: Mienshao|96/100|[from] Grassy Terrain
|-heal|p1a: Charizard|94/100|[from] Grassy Terrain
|-heal|p1b: Torkoal|63/100|[from] Grassy Terrain
|upkeep
|
|t:|1756606987
|switch|p2a: Primarina|Primarina, L50, F, shiny|100/100
|turn|2
|
|t:|1756607001
|move|p1b: Torkoal|Helping Hand|p1a: Charizard
|-singleturn|p1a: Charizard|Helping Hand|[of] p1b: Torkoal
|move|p2b: Mienshao|Knock Off|p1a: Charizard
|-supereffective|p1a: Charizard
|-damage|p1a: Charizard|0 fnt
|-enditem|p1a: Charizard|Choice Specs|[from] move: Knock Off|[of] p2b: Mienshao
|faint|p1a: Charizard
|-damage|p2b: Mienshao|86/100|[from] item: Life Orb
|move|p2a: Primarina|Calm Mind|p2a: Primarina
|-boost|p2a: Primarina|spa|1
|-boost|p2a: Primarina|spd|1
|
|-weather|SunnyDay|[upkeep]
|-heal|p2b: Mienshao|92/100|[from] Grassy Terrain
|-heal|p1b: Torkoal|69/100|[from] Grassy Terrain
|upkeep
|
|t:|1756607011
|switch|p1a: Porygon2|Porygon2, L50|100/100
|-ability|p1a: Porygon2|Download|boost
|-boost|p1a: Porygon2|atk|1
|turn|3
|
|t:|1756607033
|move|p1b: Torkoal|Protect|p1b: Torkoal
|-singleturn|p1b: Torkoal|Protect
|move|p2b: Mienshao|Knock Off|p1a: Porygon2
|-damage|p1a: Porygon2|69/100
|-enditem|p1a: Porygon2|Eviolite|[from] move: Knock Off|[of] p2b: Mienshao
|-damage|p2b: Mienshao|82/100|[from] item: Life Orb
|move|p2a: Primarina|Hyper Voice|p1b: Torkoal|[spread] p1a
|-activate|p1b: Torkoal|move: Protect
|-damage|p1a: Porygon2|50/100
|move|p1a: Porygon2|Trick Room|p1a: Porygon2
|-fieldstart|move: Trick Room|[of] p1a: Porygon2
|
|-weather|SunnyDay|[upkeep]
|-heal|p1b: Torkoal|76/100|[from] Grassy Terrain
|-heal|p1a: Porygon2|57/100|[from] Grassy Terrain
|-heal|p2b: Mienshao|88/100|[from] Grassy Terrain
|upkeep
|turn|4
|
|t:|1756607047
|move|p1b: Torkoal|Overheat|p2b: Mienshao
|-damage|p2b: Mienshao|0 fnt
|-unboost|p1b: Torkoal|spa|2
|faint|p2b: Mienshao
|move|p2a: Primarina|Hyper Voice|p1a: Porygon2|[spread] p1a,p1b
|-supereffective|p1b: Torkoal
|-damage|p1a: Porygon2|37/100
|-damage|p1b: Torkoal|20/100
|move|p1a: Porygon2|Tera Blast|p2a: Primarina
|-damage|p2a: Primarina|86/100
|
|-weather|SunnyDay|[upkeep]
|-heal|p1b: Torkoal|26/100|[from] Grassy Terrain
|-heal|p2a: Primarina|91/100|[from] Grassy Terrain
|-heal|p1a: Porygon2|44/100|[from] Grassy Terrain
|upkeep
|
|t:|1756607050
|switch|p2b: Cinderace|Cinderace, L50, M, shiny|100/100
|turn|5
|
|t:|1756607068
|move|p1b: Torkoal|Overheat|p2b: Cinderace
|-resisted|p2b: Cinderace
|-damage|p2b: Cinderace|69/100
|-unboost|p1b: Torkoal|spa|2
|move|p2a: Primarina|Hyper Voice|p1b: Torkoal|[spread] p1a,p1b
|-supereffective|p1b: Torkoal
|-damage|p1a: Porygon2|23/100
|-damage|p1b: Torkoal|0 fnt
|faint|p1b: Torkoal
|move|p1a: Porygon2|Tera Blast|p2b: Cinderace
|-damage|p2b: Cinderace|14/100
|move|p2b: Cinderace|Coaching|p2a: Primarina
|-start|p2b: Cinderace|typechange|Fighting|[from] ability: Libero
|-boost|p2a: Primarina|atk|1
|-boost|p2a: Primarina|def|1
|
|-weather|none
|-heal|p2a: Primarina|97/100|[from] Grassy Terrain
|-heal|p1a: Porygon2|30/100|[from] Grassy Terrain
|-heal|p2b: Cinderace|20/100|[from] Grassy Terrain
|-fieldend|move: Grassy Terrain
|upkeep
|
|t:|1756607071
|switch|p1b: Ursaluna|Ursaluna, L50, F|100/100
|turn|6
|
|t:|1756607106
|move|p1b: Ursaluna|Protect|p1b: Ursaluna
|-singleturn|p1b: Ursaluna|Protect
|move|p2a: Primarina|Hyper Voice|p1a: Porygon2|[spread] p1a
|-activate|p1b: Ursaluna|move: Protect
|-damage|p1a: Porygon2|0 fnt
|faint|p1a: Porygon2
|move|p2b: Cinderace|High Jump Kick|p1b: Ursaluna
|-activate|p1b: Ursaluna|move: Protect
|-damage|p2b: Cinderace|0 fnt|[from] highjumpkick
|faint|p2b: Cinderace
|
|-status|p1b: Ursaluna|brn|[from] item: Flame Orb
|upkeep
|turn|7
|
|t:|1756607114
|move|p2a: Primarina|Hyper Voice|p1b: Ursaluna
|-supereffective|p1b: Ursaluna
|-damage|p1b: Ursaluna|0 fnt
|faint|p1b: Ursaluna
|
|win|Voltage Gaming101
||CharlesDriven is ready for game 2.
||Voltage Gaming101 is ready for game 2.
|uhtml|next|Next: Game 2 of 3
