|j|☆tyninja-1
|j|☆Marauder1
|html|tyninja-1Marauder1    
|uhtml|bestof|Game 1 of a best-of-3
|t:|1784501395
|gametype|doubles
|player|p1|tyninja-1|ingo|1228
|player|p2|Marauder1|101|1127
|gen|9
|tier|[Gen 9 Champions] VGC 2026 Reg M-B (Bo3)
|rated|
|rule|Species Clause: Limit one of each Pokémon
|rule|Item Clause: Limit 1 of each item
|clearpoke
|poke|p1|Goodra-Hisui, L50, F, shiny|
|poke|p1|Incineroar, L50, M|
|poke|p1|Raichu, L50, M|
|poke|p1|Tsareena, L50, F|
|poke|p1|Basculegion, L50, M|
|poke|p1|Ninetales-Alola, L50, F|
|poke|p2|Aerodactyl, L50, F|
|poke|p2|Gholdengo, L50|
|poke|p2|Tsareena, L50, F|
|poke|p2|Lopunny, L50, M|
|poke|p2|Basculegion, L50, M|
|poke|p2|Hydreigon, L50, F|
|teampreview|4
|showteam|p1|Goodra-Hisui||ShucaBerry|SapSipper|DracoMeteor,HeavySlam,DragonTail,Protect|Sassy||F|||50|]Incineroar||SitrusBerry|Intimidate|FakeOut,FlareBlitz,PartingShot,DarkestLariat|Impish||M|||50|]Raichu||RaichuniteY|LightningRod|ZapCannon,Protect,FakeOut,FocusBlast|Timid||M|||50|]Tsareena||OccaBerry|QueenlyMajesty|TropKick,TripleAxel,LowKick,Protect|Adamant||F|||50|]Basculegion||ChoiceScarf|Adaptability|AquaJet,WaveCrash,LastRespects,FlipTurn|Jolly||M|||50|]Ninetales-Alola||FocusSash|SnowWarning|Blizzard,Moonblast,FreezeDry,Protect|Timid||F|||50|
|showteam|p2|Aerodactyl||FocusSash|Unnerve|RockSlide,DualWingbeat,Tailwind,Protect|Jolly||F|||50|]Gholdengo||LifeOrb|GoodasGold|MakeItRain,ShadowBall,PowerGem,Protect|Modest|||||50|]Tsareena||CobaBerry|QueenlyMajesty|TropKick,LowKick,Taunt,HelpingHand|Adamant||F|||50|]Lopunny||Lopunnite|Limber|FakeOut,CloseCombat,TripleAxel,Protect|Jolly||M|||50|]Basculegion||MysticWater|Adaptability|WaveCrash,LastRespects,AquaJet,Protect|Adamant||M|||50|]Hydreigon||ChoiceScarf|Levitate|DarkPulse,DracoMeteor,Flamethrower,EarthPower|Modest||F|||50|
|inactive|Battle timer is ON: inactive players will automatically lose when time's up. (requested by tyninja-1)
|inactive|Marauder1 has 60 seconds left.
|
|t:|1784501459
|teamsize|p1|4
|teamsize|p2|4
|start
|switch|p1a: Tsareena|Tsareena, L50, F|100/100
|switch|p1b: Basculegion|Basculegion, L50, M|100/100
|switch|p2a: Aerodactyl|Aerodactyl, L50, F|100/100
|switch|p2b: Lopunny|Lopunny, L50, M|100/100
|-ability|p2a: Aerodactyl|Unnerve
|turn|1
|inactive|tyninja-1 has 30 seconds left.
|
|t:|1784501487
|detailschange|p2b: Lopunny|Lopunny-Mega, L50, M
|-mega|p2b: Lopunny|Lopunny|Lopunnite
|move|p2b: Lopunny|Protect|p2b: Lopunny
|-singleturn|p2b: Lopunny|Protect
|move|p1b: Basculegion|Flip Turn|p2a: Aerodactyl
|-supereffective|p2a: Aerodactyl|1
|-enditem|p2a: Aerodactyl|Focus Sash
|-damage|p2a: Aerodactyl|1/100
|
|t:|1784501495
|switch|p1b: Incineroar|Incineroar, L50, M|100/100|[from] Flip Turn
|-ability|p1b: Incineroar|Intimidate|boost
|-unboost|p2a: Aerodactyl|atk|1
|-fail|p2b: Lopunny|unboost|Attack|[from] ability: Scrappy|[of] p2b: Lopunny
|move|p2a: Aerodactyl|Tailwind|p2a: Aerodactyl
|-sidestart|p2: Marauder1|move: Tailwind
|move|p1a: Tsareena|Low Kick|p2b: Lopunny
|-activate|p2b: Lopunny|move: Protect
|
|upkeep
|turn|2
|inactive|Marauder1 has 30 seconds left.
|
|t:|1784501521
|switch|p2b: Gholdengo|Gholdengo, L50|100/100
|move|p1b: Incineroar|Fake Out|p2b: Gholdengo
|-immune|p2b: Gholdengo
|move|p2a: Aerodactyl|Rock Slide|p1b: Incineroar|[spread] p1a
|-miss|p2a: Aerodactyl|p1b: Incineroar
|-damage|p1a: Tsareena|82/100
|move|p1a: Tsareena|Trop Kick|p2a: Aerodactyl
|-damage|p2a: Aerodactyl|0 fnt
|faint|p2a: Aerodactyl
|
|upkeep
|
|t:|1784501533
|switch|p2a: Lopunny|Lopunny-Mega, L50, M|100/100
|turn|3
|
|t:|1784501542
|move|p2a: Lopunny|Close Combat|p1b: Incineroar
|-supereffective|p1b: Incineroar|1
|-damage|p1b: Incineroar|1/100
|-unboost|p2a: Lopunny|def|1
|-unboost|p2a: Lopunny|spd|1
|-enditem|p1b: Incineroar|Sitrus Berry|[eat]
|-heal|p1b: Incineroar|25/100|[from] item: Sitrus Berry
|move|p2b: Gholdengo|Make It Rain|p1b: Incineroar|[spread] p1a,p1b
|-resisted|p1b: Incineroar|1
|-damage|p1a: Tsareena|12/100
|-damage|p1b: Incineroar|0 fnt
|-unboost|p2b: Gholdengo|spa|2
|faint|p1b: Incineroar
|-damage|p2b: Gholdengo|90/100|[from] item: Life Orb
|move|p1a: Tsareena|Low Kick|p2a: Lopunny
|-supereffective|p2a: Lopunny|1
|-damage|p2a: Lopunny|18/100
|
|upkeep
|inactive|tyninja-1 has 30 seconds left.
|
|t:|1784501574
|switch|p1b: Basculegion|Basculegion, L50, M|100/100
|turn|4
|
|t:|1784501593
|switch|p2a: Basculegion|Basculegion, L50, M|100/100
|move|p1a: Tsareena|Protect|p1a: Tsareena
|-singleturn|p1a: Tsareena|Protect
|move|p1b: Basculegion|Aqua Jet|p2a: Basculegion
|-resisted|p2a: Basculegion|1
|-damage|p2a: Basculegion|85/100
|move|p2b: Gholdengo|Make It Rain|p1b: Basculegion|[spread] p1b
|-activate|p1a: Tsareena|move: Protect
|-resisted|p1b: Basculegion|1
|-damage|p1b: Basculegion|80/100
|-unboost|p2b: Gholdengo|spa|2
|-damage|p2b: Gholdengo|80/100|[from] item: Life Orb
|
|-sideend|p2: Marauder1|move: Tailwind
|upkeep
|turn|5
|
|t:|1784501608
|switch|p1b: Ninetales|Ninetales-Alola, L50, F|100/100
|-weather|Snowscape|[from] ability: Snow Warning|[of] p1b: Ninetales
|move|p2a: Basculegion|Protect|p2a: Basculegion
|-singleturn|p2a: Basculegion|Protect
|move|p2b: Gholdengo|Shadow Ball|p1b: Ninetales
|-damage|p1b: Ninetales|76/100
|-damage|p2b: Gholdengo|70/100|[from] item: Life Orb
|move|p1a: Tsareena|Trop Kick|p2a: Basculegion
|-activate|p2a: Basculegion|move: Protect
|
|-weather|Snowscape|[upkeep]
|upkeep
|turn|6
|inactive|tyninja-1 has 30 seconds left.
|inactive|Marauder1 has 30 seconds left.
|
|t:|1784501637
|move|p1b: Ninetales|Freeze-Dry|p2a: Basculegion
|-supereffective|p2a: Basculegion|1
|-damage|p2a: Basculegion|27/100
|move|p2b: Gholdengo|Make It Rain|p1b: Ninetales|[spread] p1a,p1b
|-supereffective|p1b: Ninetales|2
|-damage|p1a: Tsareena|0 fnt
|-damage|p1b: Ninetales|0 fnt
|-unboost|p2b: Gholdengo|spa|2
|faint|p1a: Tsareena
|faint|p1b: Ninetales
|-damage|p2b: Gholdengo|60/100|[from] item: Life Orb
|move|p2a: Basculegion|Last Respects|p1: Tsareena|[notarget]
|-fail|p2a: Basculegion
|
|-weather|Snowscape|[upkeep]
|upkeep
|
|t:|1784501644
|switch|p1b: Basculegion|Basculegion, L50, M|80/100
|turn|7
|
|t:|1784501651
|switch|p2b: Lopunny|Lopunny-Mega, L50, M|18/100
|move|p1b: Basculegion|Wave Crash|p2a: Basculegion
|-resisted|p2a: Basculegion|1
|-damage|p2a: Basculegion|0 fnt
|faint|p2a: Basculegion
|-damage|p1b: Basculegion|70/100|[from] Recoil
|
|-weather|Snowscape|[upkeep]
|upkeep
|
|t:|1784501656
|switch|p2a: Gholdengo|Gholdengo, L50|60/100
|turn|8
|
|t:|1784501660
|move|p2b: Lopunny|Fake Out|p1b: Basculegion
|-damage|p1b: Basculegion|42/100
|cant|p1b: Basculegion|flinch
|move|p2a: Gholdengo|Shadow Ball|p1b: Basculegion
|-supereffective|p1b: Basculegion|1
|-damage|p1b: Basculegion|0 fnt
|faint|p1b: Basculegion
|-damage|p2a: Gholdengo|51/100|[from] item: Life Orb
|
|win|Marauder1
|l|☆tyninja-1
|player|p1|
||Marauder1 is ready for game 2.
|inactive|tyninja-1 has 30 seconds to confirm battle start!
|inactive|tyninja-1 has 20 seconds to confirm battle start!
|inactive|tyninja-1 has 10 seconds to confirm battle start!
|uhtml|next|Next: Game 2 of 3
