|j|☆Tonypajamas17
|j|☆viatles
|html|Tonypajamas17viatles    
|uhtml|bestof|Game 1 of a best-of-3
|t:|1757016202
|gametype|doubles
|player|p1|Tonypajamas17|169|1186
|player|p2|viatles|hiker|1107
|gen|9
|tier|[Gen 9] VGC 2025 Reg H (Bo3)
|rated|
|rule|Species Clause: Limit one of each Pokémon
|rule|Item Clause: Limit 1 of each item
|clearpoke
|poke|p1|Tyranitar, L50, F|
|poke|p1|Excadrill, L50, M|
|poke|p1|Indeedee, L50, M|
|poke|p1|Sneasler, L50, F|
|poke|p1|Volcarona, L50, F|
|poke|p1|Kilowattrel, L50, F|
|poke|p2|Serperior, L50, M|
|poke|p2|Grimmsnarl, L50, M|
|poke|p2|Empoleon, L50, M|
|poke|p2|Garchomp, L50, M|
|poke|p2|Araquanid, L50, F|
|poke|p2|Garganacl, L50, M|
|teampreview|4
|showteam|p1|Tyranitar||AssaultVest|SandStream|RockSlide,TeraBlast,LowKick,KnockOff|||F|||50|,,,,,Flying]Excadrill||FocusSash|SandRush|Earthquake,IronHead,Protect,HighHorsepower|||M|||50|,,,,,Water]Indeedee||ChoiceScarf|PsychicSurge|ExpandingForce,TeraBlast,Trick,ShadowBall|||M|||50|,,,,,Fighting]Sneasler||PsychicSeed|Unburden|CloseCombat,Protect,Taunt,DireClaw|||F|||50|,,,,,Dark]Volcarona||CovertCloak|FlameBody|QuiverDance,HeatWave,TeraBlast,Protect|||F|||50|,,,,,Fairy]Kilowattrel||SafetyGoggles|Competitive|Tailwind,Protect,Thunderbolt,AirSlash|||F|||50|,,,,,Ghost
|showteam|p2|Serperior||CovertCloak|Contrary|Protect,LeafStorm,TeraBlast,GrassPledge|||M|||50|,,,,,Stellar]Grimmsnarl||LightClay|Prankster|LightScreen,Reflect,SpiritBreak,ThunderWave|||M|||50|,,,,,Ghost]Empoleon||ChopleBerry|Competitive|WaterPledge,FlashCannon,Haze,Protect|||M|||50|,,,,,Grass]Garchomp||LoadedDice|RoughSkin|ScaleShot,Earthquake,IronHead,Protect|||M|||50|,,,,,Steel]Araquanid||SafetyGoggles|WaterBubble|WideGuard,Protect,Liquidation,Infestation|||F|||50|,,,,,Grass]Garganacl||Leftovers|PurifyingSalt|SaltCure,Recover,Protect,ThunderPunch|||M|||50|,,,,,Water
|c|☆viatles|gl hf
|inactive|Battle timer is ON: inactive players will automatically lose when time's up. (requested by viatles)
|inactive|Tonypajamas17 has 60 seconds left.
|
|t:|1757016255
|teamsize|p1|4
|teamsize|p2|4
|start
|switch|p1a: Kilowattrel|Kilowattrel, L50, F|100/100
|switch|p1b: Sneasler|Sneasler, L50, F, shiny|100/100
|switch|p2a: Serperior|Serperior, L50, M|100/100
|switch|p2b: Empoleon|Empoleon, L50, M|100/100
|turn|1
|
|t:|1757016272
|move|p1a: Kilowattrel|Air Slash|p2a: Serperior
|-supereffective|p2a: Serperior
|-damage|p2a: Serperior|21/100
|move|p1b: Sneasler|Close Combat|p2b: Empoleon
|-supereffective|p2b: Empoleon
|-enditem|p2b: Empoleon|Chople Berry|[eat]
|-enditem|p2b: Empoleon|Chople Berry|[weaken]
|-damage|p2b: Empoleon|48/100
|-unboost|p1b: Sneasler|def|1
|-unboost|p1b: Sneasler|spd|1
|move|p2a: Serperior|Grass Pledge|p1b: Sneasler
|-waiting|p2a: Serperior|p2b: Empoleon
|move|p2b: Empoleon|Water Pledge|p1b: Sneasler|[from] move: Grass Pledge
|-combine
|-resisted|p1b: Sneasler
|-damage|p1b: Sneasler|35/100
|-sidestart|p1: Tonypajamas17|Grass Pledge
|
|upkeep
|turn|2
|inactive|Tonypajamas17 has 30 seconds left.
|inactive|viatles has 30 seconds left.
|
|t:|1757016299
|move|p1b: Sneasler|Protect|p1b: Sneasler
|-singleturn|p1b: Sneasler|Protect
|move|p2a: Serperior|Leaf Storm|p1a: Kilowattrel
|-resisted|p1a: Kilowattrel
|-damage|p1a: Kilowattrel|53/100
|-boost|p2a: Serperior|spa|2
|move|p2b: Empoleon|Water Pledge|p1b: Sneasler
|-activate|p1b: Sneasler|move: Protect
|move|p1a: Kilowattrel|Tailwind|p1a: Kilowattrel
|-sidestart|p1: Tonypajamas17|move: Tailwind
|
|upkeep
|turn|3
|
|t:|1757016323
|move|p2a: Serperior|Leaf Storm|p1a: Kilowattrel
|-resisted|p1a: Kilowattrel
|-damage|p1a: Kilowattrel|0 fnt
|-boost|p2a: Serperior|spa|2
|faint|p1a: Kilowattrel
|move|p1b: Sneasler|Dire Claw|p2a: Serperior
|-supereffective|p2a: Serperior
|-damage|p2a: Serperior|0 fnt
|faint|p2a: Serperior
|move|p2b: Empoleon|Water Pledge|p1b: Sneasler
|-damage|p1b: Sneasler|0 fnt
|faint|p1b: Sneasler
|
|upkeep
|
|t:|1757016336
|switch|p1a: Indeedee|Indeedee, L50, M|100/100
|switch|p1b: Excadrill|Excadrill, L50, M|100/100
|switch|p2a: Garganacl|Garganacl, L50, M|100/100
|-fieldstart|move: Psychic Terrain|[from] ability: Psychic Surge|[of] p1a: Indeedee
|turn|4
|
|t:|1757016358
|-terastallize|p1a: Indeedee|Fighting
|move|p2a: Garganacl|Protect|p2a: Garganacl
|-singleturn|p2a: Garganacl|Protect
|move|p1a: Indeedee|Tera Blast|p2a: Garganacl|[anim] Tera Blast Fighting
|-activate|p2a: Garganacl|move: Protect
|move|p2b: Empoleon|Water Pledge|p1a: Indeedee
|-damage|p1a: Indeedee|55/100
|move|p1b: Excadrill|High Horsepower|p2b: Empoleon
|-supereffective|p2b: Empoleon
|-damage|p2b: Empoleon|0 fnt
|faint|p2b: Empoleon
|
|-sideend|p1: Tonypajamas17|Grass Pledge
|upkeep
|
|t:|1757016371
|switch|p2b: Garchomp|Garchomp, L50, M|100/100
|turn|5
|
|t:|1757016386
|-terastallize|p2a: Garganacl|Water
|move|p1a: Indeedee|Tera Blast|p2b: Garchomp|[anim] Tera Blast Fighting
|-damage|p2b: Garchomp|56/100
|move|p1b: Excadrill|High Horsepower|p2b: Garchomp
|-damage|p2b: Garchomp|0 fnt
|-damage|p1b: Excadrill|88/100|[from] ability: Rough Skin|[of] p2b: Garchomp
|faint|p2b: Garchomp
|move|p2a: Garganacl|Salt Cure|p1b: Excadrill
|-resisted|p1b: Excadrill
|-damage|p1b: Excadrill|83/100
|-start|p1b: Excadrill|Salt Cure
|
|-damage|p1b: Excadrill|58/100|[from] Salt Cure
|-sideend|p1: Tonypajamas17|move: Tailwind
|upkeep
|turn|6
|inactive|viatles has 30 seconds left.
|
|t:|1757016413
|move|p1a: Indeedee|Tera Blast|p2a: Garganacl|[anim] Tera Blast Fighting
|-damage|p2a: Garganacl|76/100
|move|p1b: Excadrill|High Horsepower|p2a: Garganacl
|-damage|p2a: Garganacl|39/100
|move|p2a: Garganacl|Salt Cure|p1a: Indeedee
|-resisted|p1a: Indeedee
|-damage|p1a: Indeedee|40/100
|-start|p1a: Indeedee|Salt Cure
|
|-heal|p2a: Garganacl|45/100|[from] item: Leftovers
|-damage|p1a: Indeedee|28/100|[from] Salt Cure
|-damage|p1b: Excadrill|33/100|[from] Salt Cure
|upkeep
|turn|7
|
|t:|1757016430
|move|p2a: Garganacl|Protect|p2a: Garganacl
|-singleturn|p2a: Garganacl|Protect
|move|p1a: Indeedee|Tera Blast|p2a: Garganacl|[anim] Tera Blast Fighting
|-activate|p2a: Garganacl|move: Protect
|move|p1b: Excadrill|High Horsepower|p2a: Garganacl
|-activate|p2a: Garganacl|move: Protect
|
|-heal|p2a: Garganacl|51/100|[from] item: Leftovers
|-damage|p1a: Indeedee|16/100|[from] Salt Cure
|-damage|p1b: Excadrill|8/100|[from] Salt Cure
|upkeep
|turn|8
|
|t:|1757016441
|move|p2a: Garganacl|Protect||[still]
|-fail|p2a: Garganacl
|move|p1a: Indeedee|Tera Blast|p2a: Garganacl|[anim] Tera Blast Fighting
|-damage|p2a: Garganacl|23/100
|move|p1b: Excadrill|Earthquake|p2a: Garganacl|[spread] p1a,p2a
|-damage|p1a: Indeedee|0 fnt
|-damage|p2a: Garganacl|0 fnt
|faint|p1a: Indeedee
|faint|p2a: Garganacl
|
|win|Tonypajamas17
