|j|☆hinoky
|html|hinokySaiGonPhanTom    
|uhtml|bestof|Game 2 of a best-of-3
|t:|1785765419
|gametype|doubles
|player|p1|hinoky|wattson|1130
|player|p2|SaiGonPhanTom|cynthia|1017
|gen|9
|tier|[Gen 9 Champions] VGC 2026 Reg M-B (Bo3)
|rated|
|rule|Species Clause: Limit one of each Pokémon
|rule|Item Clause: Limit 1 of each item
|clearpoke
|poke|p1|Whimsicott, L50, F|
|poke|p1|Basculegion, L50, M|
|poke|p1|Charizard, L50, F|
|poke|p1|Garchomp, L50, M|
|poke|p1|Kingambit, L50, F|
|poke|p1|Floette-Eternal, L50, F|
|poke|p2|Maushold, L50|
|poke|p2|Floette-Eternal, L50, F|
|poke|p2|Farigiraf, L50, F|
|poke|p2|Incineroar, L50, M|
|poke|p2|Whimsicott, L50, F|
|poke|p2|Glimmora, L50, F|
|teampreview|4
|showteam|p1|Whimsicott||FocusSash|Prankster|Moonblast,Tailwind,Encore,Protect|Timid||F|||50|]Basculegion||MysticWater|Adaptability|Protect,WaveCrash,LastRespects,AquaJet|Adamant||M|||50|]Charizard||CharizarditeY|Blaze|HeatWave,SolarBeam,WeatherBall,Protect|Modest||F|||50|]Garchomp||LifeOrb|RoughSkin|Earthquake,RockSlide,DragonClaw,Protect|Jolly||M|||50|]Kingambit||BlackGlasses|Defiant|SuckerPunch,KowtowCleave,IronHead,Protect|Adamant||F|||50|]Floette-Eternal||Floettite|FlowerVeil|Protect,DazzlingGleam,Moonblast,LightofRuin|Modest||F|||50|
|showteam|p2|Maushold||WideLens|FriendGuard|SuperFang,PopulationBomb,HelpingHand,Protect|Adamant|||||50|]Floette-Eternal||Floettite|FlowerVeil|DrainingKiss,DazzlingGleam,Moonblast,Protect|Modest||F|||50|]Farigiraf||SitrusBerry|ArmorTail|TwinBeam,Thunderbolt,TrickRoom,HelpingHand|Bold||F|||50|]Incineroar||ChopleBerry|Intimidate|FlareBlitz,PartingShot,ThroatChop,FakeOut|Careful||M|||50|]Whimsicott||FocusSash|Prankster|Moonblast,Tailwind,Encore,Protect|Timid||F|||50|]Glimmora||Glimmoranite|ToxicDebris|PowerGem,EarthPower,SludgeBomb,SpikyShield|Modest||F|||50|
|j|☆SaiGonPhanTom
|player|p2|SaiGonPhanTom|cynthia|
|inactive|Battle timer is ON: inactive players will automatically lose when time's up. (requested by SaiGonPhanTom)
|
|t:|1785765476
|teamsize|p1|4
|teamsize|p2|4
|start
|switch|p1a: Garchomp|Garchomp, L50, M|100/100
|switch|p1b: Kingambit|Kingambit, L50, F|100/100
|switch|p2a: Whimsicott|Whimsicott, L50, F|100/100
|switch|p2b: Glimmora|Glimmora, L50, F|100/100
|turn|1
|
|t:|1785765501
|detailschange|p2b: Glimmora|Glimmora-Mega, L50, F
|-mega|p2b: Glimmora|Glimmora|Glimmoranite
|move|p1a: Garchomp|Protect|p1a: Garchomp
|-singleturn|p1a: Garchomp|Protect
|move|p2b: Glimmora|Spiky Shield|p2b: Glimmora
|-singleturn|p2b: Glimmora|move: Protect
|move|p2a: Whimsicott|Tailwind|p2a: Whimsicott
|-sidestart|p2: SaiGonPhanTom|move: Tailwind
|move|p1b: Kingambit|Iron Head|p2a: Whimsicott
|-supereffective|p2a: Whimsicott|1
|-enditem|p2a: Whimsicott|Focus Sash
|-damage|p2a: Whimsicott|1/100
|
|upkeep
|turn|2
|inactive|hinoky has 30 seconds left.
|inactive|hinoky has 20 seconds left.
|inactive|hinoky has 15 seconds left.
|
|t:|1785765542
|switch|p1a: Charizard|Charizard, L50, F|100/100
|move|p2a: Whimsicott|Encore||[still]
|-fail|p2a: Whimsicott
|move|p1b: Kingambit|Sucker Punch||[still]
|-fail|p1b: Kingambit
|move|p2b: Glimmora|Earth Power|p1b: Kingambit
|-supereffective|p1b: Kingambit|1
|-damage|p1b: Kingambit|31/100
|
|upkeep
|turn|3
|inactive|hinoky has 30 seconds left.
|inactive|SaiGonPhanTom has 30 seconds left.
|inactive|hinoky has 20 seconds left.
|
|t:|1785765578
|switch|p2a: Incineroar|Incineroar, L50, M|100/100
|-ability|p2a: Incineroar|Intimidate|boost
|-unboost|p1a: Charizard|atk|1
|-unboost|p1b: Kingambit|atk|1
|-ability|p1b: Kingambit|Defiant|boost
|-boost|p1b: Kingambit|atk|2
|switch|p1a: Garchomp|Garchomp, L50, M|100/100
|move|p1b: Kingambit|Sucker Punch|p2b: Glimmora
|-damage|p2b: Glimmora|25/100
|move|p2b: Glimmora|Power Gem|p1a: Garchomp
|-resisted|p1a: Garchomp|1
|-crit|p1a: Garchomp
|-damage|p1a: Garchomp|47/100
|
|upkeep
|turn|4
|inactive|hinoky has 30 seconds left.
|
|t:|1785765606
|switch|p2b: Whimsicott|Whimsicott, L50, F|1/100
|move|p1a: Garchomp|Protect|p1a: Garchomp
|-singleturn|p1a: Garchomp|Protect
|move|p1b: Kingambit|Protect|p1b: Kingambit
|-singleturn|p1b: Kingambit|Protect
|move|p2a: Incineroar|Fake Out|p1a: Garchomp
|-activate|p1a: Garchomp|move: Protect
|
|-sideend|p2: SaiGonPhanTom|move: Tailwind
|upkeep
|turn|5
|inactive|hinoky has 30 seconds left.
|
|t:|1785765635
|move|p2b: Whimsicott|Encore|p1a: Garchomp
|-start|p1a: Garchomp|Encore
|move|p1a: Garchomp|Protect|p1a: Garchomp
|-singleturn|p1a: Garchomp|Protect
|move|p1b: Kingambit|Sucker Punch||[still]
|-fail|p1b: Kingambit
|move|p2a: Incineroar|Flare Blitz|p1b: Kingambit
|-supereffective|p1b: Kingambit|1
|-damage|p1b: Kingambit|0 fnt
|faint|p1b: Kingambit
|-damage|p2a: Incineroar|90/100|[from] Recoil
|
|upkeep
|
|t:|1785765646
|switch|p1b: Basculegion|Basculegion, L50, M|100/100
|turn|6
|
|t:|1785765666
|switch|p1a: Charizard|Charizard, L50, F|100/100
|move|p2b: Whimsicott|Protect|p2b: Whimsicott
|-singleturn|p2b: Whimsicott|Protect
|move|p1b: Basculegion|Wave Crash|p2a: Incineroar
|-supereffective|p2a: Incineroar|1
|-damage|p2a: Incineroar|0 fnt
|faint|p2a: Incineroar
|-damage|p1b: Basculegion|69/100|[from] Recoil
|
|upkeep
|
|t:|1785765675
|switch|p2a: Glimmora|Glimmora-Mega, L50, F|25/100
|turn|7
|
|t:|1785765685
|move|p2a: Glimmora|Spiky Shield|p2a: Glimmora
|-singleturn|p2a: Glimmora|move: Protect
|move|p2b: Whimsicott|Tailwind|p2b: Whimsicott
|-sidestart|p2: SaiGonPhanTom|move: Tailwind
|move|p1b: Basculegion|Aqua Jet|p2a: Glimmora
|-activate|p2a: Glimmora|move: Protect
|-damage|p1b: Basculegion|57/100|[from] Spiky Shield|[of] p2a: Glimmora
|move|p1a: Charizard|Heat Wave|p2b: Whimsicott|[spread] p2b
|-activate|p2a: Glimmora|move: Protect
|-supereffective|p2b: Whimsicott|1
|-damage|p2b: Whimsicott|0 fnt
|faint|p2b: Whimsicott
|
|upkeep
|
|t:|1785765695
|switch|p2b: Maushold|Maushold, L50|100/100
|turn|8
|inactive|hinoky has 30 seconds left.
|inactive|SaiGonPhanTom has 30 seconds left.
|inactive|SaiGonPhanTom has 20 seconds left.
|inactive|SaiGonPhanTom has 15 seconds left.
|inactive|hinoky has 20 seconds left.
|inactive|SaiGonPhanTom has 10 seconds left.
|
|t:|1785765744
|move|p1a: Charizard|Protect|p1a: Charizard
|-singleturn|p1a: Charizard|Protect
|move|p1b: Basculegion|Aqua Jet|p2a: Glimmora
|-supereffective|p2a: Glimmora|1
|-damage|p2a: Glimmora|0 fnt
|faint|p2a: Glimmora
|move|p2b: Maushold|Population Bomb|p1a: Charizard
|-activate|p1a: Charizard|move: Protect
|
|upkeep
|turn|9
|-message|SaiGonPhanTom forfeited.
|
|win|hinoky
|raw|hinoky's rating: 1130 → 1147(+17 for winning)
|raw|SaiGonPhanTom's rating: 1017 → 1008(-9 for losing)
|l|☆SaiGonPhanTom
|player|p2|
