|j|☆Rosarino
|j|☆mister.ludicolo
|html|Rosarinomister.ludicolo    
|uhtml|bestof|Game 1 of a best-of-3
|t:|1757928219
|gametype|doubles
|player|p1|Rosarino|drayden|1078
|player|p2|mister.ludicolo|waiter-gen4dp|1033
|gen|9
|tier|[Gen 9] VGC 2025 Reg H (Bo3)
|rated|
|rule|Species Clause: Limit one of each Pokémon
|rule|Item Clause: Limit 1 of each item
|clearpoke
|poke|p1|Tauros-Paldea-Aqua, L50, M|
|poke|p1|Gholdengo, L50|
|poke|p1|Indeedee-F, L50, F|
|poke|p1|Amoonguss, L50, F|
|poke|p1|Dragonite, L50, M|
|poke|p1|Pelipper, L50, M|
|poke|p2|Ludicolo, L50, M|
|poke|p2|Archaludon, L50, M|
|poke|p2|Politoed, L50, F|
|poke|p2|Incineroar, L50, M|
|poke|p2|Whimsicott, L50, F|
|poke|p2|Annihilape, L50, M|
|teampreview|4
|showteam|p1|Tauros-Paldea-Aqua||ClearAmulet|Intimidate|WaveCrash,Protect,AquaJet,CloseCombat|||M|||50|,,,,,Water]Gholdengo||WhiteHerb|GoodasGold|MakeItRain,Protect,NastyPlot,ShadowBall||||||50|,,,,,Water]Indeedee-F||SitrusBerry|PsychicSurge|TrickRoom,Psychic,Protect,FollowMe|||F|||50|,,,,,Fairy]Amoonguss||RockyHelmet|Regenerator|Spore,RagePowder,Protect,EnergyBall|||F|||50|,,,,,Fire]Dragonite||LoadedDice|InnerFocus|ExtremeSpeed,Protect,Haze,ScaleShot|||M|||50|,,,,,Normal]Pelipper||CovertCloak|Drizzle|Tailwind,Protect,WeatherBall,Hurricane|||M|||50|,,,,,Dragon
|showteam|p2|Ludicolo||LoadedDice|SwiftSwim|FakeOut,IceSpinner,BulletSeed,WeatherBall|||M|||50|,,,,,Poison]Archaludon||AssaultVest|Stamina|ElectroShot,BodyPress,DracoMeteor,FlashCannon|||M|||50|,,,,,Grass]Politoed||ChoiceSpecs|Drizzle|IceBeam,EarthPower,WeatherBall,Surf|||F|||50|,,,,,Grass]Incineroar||SitrusBerry|Intimidate|FakeOut,Uturn,KnockOff,HelpingHand|||M|||50|,,,,,Ghost]Whimsicott||CovertCloak|Prankster|Tailwind,LightScreen,BeatUp,Moonblast|||F|||50|,,,,,Steel]Annihilape||SafetyGoggles|Defiant|Protect,BulkUp,DrainPunch,RageFist|||M|||50|,,,,,Fairy
|inactive|Battle timer is ON: inactive players will automatically lose when time's up. (requested by mister.ludicolo)
|inactive|Rosarino has 60 seconds left.
|inactive|mister.ludicolo has 60 seconds left.
|inactive|Rosarino has 30 seconds left.
|inactive|Rosarino has 20 seconds left.
|inactive|Rosarino has 15 seconds left.
|inactive|Rosarino has 10 seconds left.
|inactive|Rosarino has 5 seconds left.
|
|t:|1757928309
|teamsize|p1|4
|teamsize|p2|4
|start
|switch|p1a: Tauros|Tauros-Paldea-Aqua, L50, M|100/100
|switch|p1b: Gholdengo|Gholdengo, L50|100/100
|switch|p2a: Ludicolo|Ludicolo, L50, M, shiny|100/100
|switch|p2b: Politoed|Politoed, L50, F, shiny|100/100
|-ability|p1a: Tauros|Intimidate|boost
|-unboost|p2a: Ludicolo|atk|1
|-unboost|p2b: Politoed|atk|1
|-weather|RainDance|[from] ability: Drizzle|[of] p2b: Politoed
|turn|1
|
|t:|1757928327
|move|p2a: Ludicolo|Fake Out|p1a: Tauros
|-damage|p1a: Tauros|95/100
|cant|p1a: Tauros|flinch
|move|p1b: Gholdengo|Nasty Plot|p1b: Gholdengo
|-boost|p1b: Gholdengo|spa|2
|move|p2b: Politoed|Earth Power|p1b: Gholdengo
|-supereffective|p1b: Gholdengo
|-damage|p1b: Gholdengo|0 fnt
|faint|p1b: Gholdengo
|
|-weather|RainDance|[upkeep]
|upkeep
|
|t:|1757928343
|switch|p1b: Amoonguss|Amoonguss, L50, F|100/100
|turn|2
|
|t:|1757928351
|switch|p2b: Archaludon|Archaludon, L50, M, shiny|100/100
|move|p2a: Ludicolo|Bullet Seed|p2b: Archaludon
|-resisted|p2b: Archaludon
|-damage|p2b: Archaludon|99/100
|-ability|p2b: Archaludon|Stamina|boost
|-boost|p2b: Archaludon|def|1
|-resisted|p2b: Archaludon
|-damage|p2b: Archaludon|99/100
|-ability|p2b: Archaludon|Stamina|boost
|-boost|p2b: Archaludon|def|1
|-resisted|p2b: Archaludon
|-damage|p2b: Archaludon|99/100
|-ability|p2b: Archaludon|Stamina|boost
|-boost|p2b: Archaludon|def|1
|-resisted|p2b: Archaludon
|-damage|p2b: Archaludon|98/100
|-ability|p2b: Archaludon|Stamina|boost
|-boost|p2b: Archaludon|def|1
|-hitcount|p2b: Archaludon|4
|move|p1a: Tauros|Wave Crash|p2b: Archaludon
|-resisted|p2b: Archaludon
|-damage|p2b: Archaludon|86/100
|-ability|p2b: Archaludon|Stamina|boost
|-boost|p2b: Archaludon|def|1
|-damage|p1a: Tauros|90/100|[from] Recoil
|move|p1b: Amoonguss|Energy Ball|p2b: Archaludon
|-resisted|p2b: Archaludon
|-damage|p2b: Archaludon|81/100
|-ability|p2b: Archaludon|Stamina|boost
|-boost|p2b: Archaludon|def|1
|
|-weather|RainDance|[upkeep]
|upkeep
|turn|3
|inactive|mister.ludicolo has 30 seconds left.
|inactive|mister.ludicolo has 20 seconds left.
|
|t:|1757928388
|-terastallize|p2b: Archaludon|Grass
|move|p2a: Ludicolo|Bullet Seed|p1a: Tauros
|-supereffective|p1a: Tauros
|-damage|p1a: Tauros|80/100
|-supereffective|p1a: Tauros
|-damage|p1a: Tauros|71/100
|-supereffective|p1a: Tauros
|-damage|p1a: Tauros|62/100
|-supereffective|p1a: Tauros
|-crit|p1a: Tauros
|-damage|p1a: Tauros|38/100
|-supereffective|p1a: Tauros
|-damage|p1a: Tauros|28/100
|-hitcount|p1a: Tauros|5
|move|p1a: Tauros|Close Combat|p2a: Ludicolo
|-damage|p2a: Ludicolo|10/100
|-unboost|p1a: Tauros|def|1
|-unboost|p1a: Tauros|spd|1
|move|p2b: Archaludon|Body Press|p1b: Amoonguss
|-resisted|p1b: Amoonguss
|-damage|p1b: Amoonguss|60/100
|-damage|p2b: Archaludon|65/100|[from] item: Rocky Helmet|[of] p1b: Amoonguss
|move|p1b: Amoonguss|Spore|p2b: Archaludon
|-immune|p2b: Archaludon
|
|-weather|RainDance|[upkeep]
|upkeep
|turn|4
|inactive|Rosarino has 30 seconds left.
|inactive|mister.ludicolo has 30 seconds left.
|
|t:|1757928420
|switch|p2a: Politoed|Politoed, L50, F, shiny|100/100
|switch|p1a: Indeedee|Indeedee-F, L50, F|100/100
|-fieldstart|move: Psychic Terrain|[from] ability: Psychic Surge|[of] p1a: Indeedee
|move|p2b: Archaludon|Electro Shot||[still]
|-prepare|p2b: Archaludon|Electro Shot
|-boost|p2b: Archaludon|spa|1
|-anim|p2b: Archaludon|Electro Shot|p1a: Indeedee
|-damage|p1a: Indeedee|51/100
|move|p1b: Amoonguss|Energy Ball|p2a: Politoed
|-supereffective|p2a: Politoed
|-damage|p2a: Politoed|49/100
|
|-weather|RainDance|[upkeep]
|upkeep
|turn|5
|
|t:|1757928439
|move|p2b: Archaludon|Electro Shot||[still]
|-prepare|p2b: Archaludon|Electro Shot
|-boost|p2b: Archaludon|spa|1
|-anim|p2b: Archaludon|Electro Shot|p1a: Indeedee
|-damage|p1a: Indeedee|0 fnt
|faint|p1a: Indeedee
|move|p2a: Politoed|Ice Beam|p1b: Amoonguss
|-supereffective|p1b: Amoonguss
|-damage|p1b: Amoonguss|0 fnt
|faint|p1b: Amoonguss
|
|-weather|none
|upkeep
|-message|Rosarino forfeited.
|
|win|mister.ludicolo
||mister.ludicolo is ready for game 2.
||Rosarino is ready for game 2.
|uhtml|next|Next: Game 2 of 3
|l|☆mister.ludicolo
|player|p2|
