|j|☆JayTodd13
|j|☆borgan117
|html|JayTodd13borgan117    
|uhtml|bestof|Game 1 of a best-of-3
|t:|1757854595
|gametype|doubles
|player|p1|JayTodd13|ltsurge|1136
|player|p2|borgan117|plasmagrunt-gen5bw|1040
|gen|9
|tier|[Gen 9] VGC 2025 Reg H (Bo3)
|rated|
|rule|Species Clause: Limit one of each Pokémon
|rule|Item Clause: Limit 1 of each item
|clearpoke
|poke|p1|Indeedee-F, L50, F|
|poke|p1|Pelipper, L50, F|
|poke|p1|Archaludon, L50, M|
|poke|p1|Primarina, L50, F|
|poke|p1|Sneasler, L50, M|
|poke|p1|Braviary-Hisui, L50, M|
|poke|p2|Torkoal, L50, M|
|poke|p2|Ursaluna, L50, F|
|poke|p2|Amoonguss, L50, M|
|poke|p2|Bruxish, L50, F|
|poke|p2|Incineroar, L50, M|
|poke|p2|Archaludon, L50, F|
|teampreview|4
|showteam|p1|Indeedee-F||SafetyGoggles|PsychicSurge|Imprison,FollowMe,Psychic,TrickRoom|||F|||50|,,,,,Fairy]Pelipper||FocusSash|Drizzle|Tailwind,Hurricane,WeatherBall,Protect|||F|||50|,,,,,Ghost]Archaludon||AssaultVest|Stamina|BodyPress,ElectroShot,DracoMeteor,FlashCannon|||M|||50|,,,,,Grass]Primarina||SitrusBerry|LiquidVoice|HyperVoice,Moonblast,Haze,Protect|||F|||50|,,,,,Water]Sneasler||PsychicSeed|Unburden|CloseCombat,DireClaw,ThroatChop,Protect|||M|||50|,,,,,Stellar]Braviary-Hisui||TwistedSpoon|TintedLens|ExpandingForce,DazzlingGleam,Psyshock,Tailwind|||M|||50|,,,,,Psychic
|showteam|p2|Torkoal||WeaknessPolicy|Drought|Eruption,EarthPower,HeatWave,Protect|||M|||50|,,,,,Fire]Ursaluna||FlameOrb|Guts|Facade,HeadlongRush,Earthquake,Protect|||F|||50|,,,,,Grass]Amoonguss||SitrusBerry|EffectSpore|Spore,SludgeBomb,RagePowder,ClearSmog|||M|||50|,,,,,Dark]Bruxish||FocusSash|Dazzling|PsychicFangs,AquaJet,TrickRoom,Protect|||F|||50|,,,,,Grass]Incineroar||SafetyGoggles|Intimidate|FlareBlitz,HelpingHand,FakeOut,PartingShot|||M|||50|,,,,,Ghost]Archaludon||AssaultVest|Stamina|FlashCannon,DracoMeteor,ElectroShot,Snarl|||F|||50|,,,,,Fairy
|
|t:|1757854618
|teamsize|p1|4
|teamsize|p2|4
|start
|switch|p1a: Indeedee|Indeedee-F, L50, F|100/100
|switch|p1b: Braviary|Braviary-Hisui, L50, M|100/100
|switch|p2a: Pisty|Bruxish, L50, F|100/100
|switch|p2b: Hatred & Contempt|Incineroar, L50, M|100/100
|-fieldstart|move: Psychic Terrain|[from] ability: Psychic Surge|[of] p1a: Indeedee
|-ability|p2b: Hatred & Contempt|Intimidate|boost
|-unboost|p1a: Indeedee|atk|1
|-unboost|p1b: Braviary|atk|1
|turn|1
|
|t:|1757854637
|-terastallize|p1b: Braviary|Psychic
|move|p1a: Indeedee|Follow Me|p1a: Indeedee
|-singleturn|p1a: Indeedee|move: Follow Me
|move|p1b: Braviary|Expanding Force|p2b: Hatred & Contempt|[spread] p2a
|-immune|p2b: Hatred & Contempt
|-resisted|p2a: Pisty
|-damage|p2a: Pisty|2/100
|move|p2b: Hatred & Contempt|Parting Shot|p1a: Indeedee
|-unboost|p1a: Indeedee|atk|1
|-unboost|p1a: Indeedee|spa|1
|
|t:|1757854647
|switch|p2b: Elpy|Torkoal, L50, M|100/100|[from] Parting Shot
|-weather|SunnyDay|[from] ability: Drought|[of] p2b: Elpy
|move|p2a: Pisty|Trick Room|p2a: Pisty
|-fieldstart|move: Trick Room|[of] p2a: Pisty
|
|-weather|SunnyDay|[upkeep]
|upkeep
|turn|2
|
|t:|1757854665
|switch|p1a: Pelipper|Pelipper, L50, F|100/100
|-weather|RainDance|[from] ability: Drizzle|[of] p1a: Pelipper
|-terastallize|p2b: Elpy|Fire
|move|p2a: Pisty|Aqua Jet|p2b: Elpy
|-supereffective|p2b: Elpy
|-damage|p2b: Elpy|60/100
|-enditem|p2b: Elpy|Weakness Policy
|-boost|p2b: Elpy|atk|2|[from] item: Weakness Policy
|-boost|p2b: Elpy|spa|2|[from] item: Weakness Policy
|move|p2b: Elpy|Eruption|p1b: Braviary|[spread] p1a,p1b
|-resisted|p1a: Pelipper
|-damage|p1a: Pelipper|66/100
|-damage|p1b: Braviary|59/100
|move|p1b: Braviary|Expanding Force|p2a: Pisty|[spread] p2a,p2b
|-resisted|p2a: Pisty
|-damage|p2a: Pisty|0 fnt
|-damage|p2b: Elpy|0 fnt
|faint|p2a: Pisty
|faint|p2b: Elpy
|
|-weather|RainDance|[upkeep]
|upkeep
|
|t:|1757854684
|switch|p2b: Archaludon|Archaludon, L50, F|100/100
|switch|p2a: Hatred & Contempt|Incineroar, L50, M|100/100
|-ability|p2a: Hatred & Contempt|Intimidate|boost
|-unboost|p1a: Pelipper|atk|1
|-unboost|p1b: Braviary|atk|1
|turn|3
|
|t:|1757854713
|move|p2a: Hatred & Contempt|Parting Shot|p1b: Braviary
|-unboost|p1b: Braviary|atk|1
|-unboost|p1b: Braviary|spa|1
|move|p2b: Archaludon|Electro Shot||[still]
|-prepare|p2b: Archaludon|Electro Shot
|-boost|p2b: Archaludon|spa|1
|-anim|p2b: Archaludon|Electro Shot|p1a: Pelipper
|-supereffective|p1a: Pelipper
|-crit|p1a: Pelipper
|-damage|p1a: Pelipper|0 fnt
|faint|p1a: Pelipper
|move|p1b: Braviary|Expanding Force|p2b: Archaludon|[spread] p2b
|-immune|p2a: Hatred & Contempt
|-resisted|p2b: Archaludon
|-damage|p2b: Archaludon|62/100
|-ability|p2b: Archaludon|Stamina|boost
|-boost|p2b: Archaludon|def|1
|
|-weather|RainDance|[upkeep]
|upkeep
|
|t:|1757854721
|switch|p1a: Indeedee|Indeedee-F, L50, F|100/100
|turn|4
|
|t:|1757854736
|move|p2a: Hatred & Contempt|Helping Hand|p2b: Archaludon
|-singleturn|p2b: Archaludon|Helping Hand|[of] p2a: Hatred & Contempt
|move|p2b: Archaludon|Snarl|p1a: Indeedee|[spread] p1a,p1b
|-supereffective|p1a: Indeedee
|-supereffective|p1b: Braviary
|-damage|p1a: Indeedee|46/100
|-damage|p1b: Braviary|0 fnt
|-unboost|p1a: Indeedee|spa|1
|faint|p1b: Braviary
|move|p1a: Indeedee|Trick Room|p1a: Indeedee
|-fieldend|move: Trick Room
|
|-weather|RainDance|[upkeep]
|upkeep
|
|t:|1757854739
|switch|p1b: Sneasler|Sneasler, L50, M|100/100
|-enditem|p1b: Sneasler|Psychic Seed
|-boost|p1b: Sneasler|spd|1|[from] item: Psychic Seed
|turn|5
|
|t:|1757854760
|move|p1b: Sneasler|Close Combat|p2b: Archaludon
|-supereffective|p2b: Archaludon
|-damage|p2b: Archaludon|0 fnt
|-unboost|p1b: Sneasler|def|1
|-unboost|p1b: Sneasler|spd|1
|faint|p2b: Archaludon
|move|p1a: Indeedee|Psychic|p2a: Hatred & Contempt
|-immune|p2a: Hatred & Contempt
|move|p2a: Hatred & Contempt|Flare Blitz|p1b: Sneasler
|-damage|p1b: Sneasler|24/100
|-damage|p2a: Hatred & Contempt|81/100|[from] Recoil
|
|-weather|RainDance|[upkeep]
|-fieldend|move: Psychic Terrain
|upkeep
|turn|6
|
|t:|1757854776
|move|p1a: Indeedee|Follow Me|p1a: Indeedee
|-singleturn|p1a: Indeedee|move: Follow Me
|move|p1b: Sneasler|Close Combat|p2a: Hatred & Contempt
|-supereffective|p2a: Hatred & Contempt
|-damage|p2a: Hatred & Contempt|0 fnt
|-unboost|p1b: Sneasler|def|1
|-unboost|p1b: Sneasler|spd|1
|faint|p2a: Hatred & Contempt
|
|win|JayTodd13
||JayTodd13 is ready for game 2.
|inactive|borgan117 has 30 seconds to confirm battle start!
|inactive|borgan117 has 20 seconds to confirm battle start!
|inactive|borgan117 has 10 seconds to confirm battle start!
|l|☆borgan117
|player|p2|
||borgan117 is ready for game 2.
|uhtml|next|Next: Game 2 of 3
