|j|‽monster231
|j|☆fly butterfly fly
|html|monster231fly butterfly fly    
|uhtml|bestof|Game 1 of a best-of-3
|t:|1782358461
|gametype|doubles
|player|p1|monster231|psychic-gen4|1127
|player|p2|fly butterfly fly|101|1090
|gen|9
|tier|[Gen 9 Champions] VGC 2026 Reg M-B (Bo3)
|rated|
|rule|Species Clause: Limit one of each Pokémon
|rule|Item Clause: Limit 1 of each item
|clearpoke
|poke|p1|Garchomp, L50, M|
|poke|p1|Mawile, L50, F|
|poke|p1|Sneasler, L50, F|
|poke|p1|Tyranitar, L50, M|
|poke|p1|Sinistcha, L50|
|poke|p1|Whimsicott, L50, F|
|poke|p2|Kangaskhan, L50, F|
|poke|p2|Farigiraf, L50, M|
|poke|p2|Torkoal, L50, M|
|poke|p2|Vileplume, L50, M|
|poke|p2|Kommo-o, L50, F|
|poke|p2|Pyroar, L50, F|
|teampreview|4
|showteam|p1|Garchomp||Garchompite|RoughSkin|RockSlide,Earthquake,IronHead,Protect|Adamant||M|||50|]Mawile||Mawilite|Intimidate|SuckerPunch,IronHead,PlayRough,Protect|Brave||F|||50|]Sneasler||FocusSash|Unburden|FakeOut,DireClaw,CloseCombat,Uturn|Adamant||F|||50|]Tyranitar||Metronome|SandStream|RockSlide,ThunderPunch,KnockOff,Protect|Sassy||M|||50|]Sinistcha||Leftovers|Hospitality|ShadowBall,MatchaGotcha,StrengthSap,Substitute|Quiet|||||50|]Whimsicott||MentalHerb|Prankster|TrickRoom,EnergyBall,Tailwind,Protect|Timid||F|||50|
|showteam|p2|Kangaskhan||SilkScarf|Scrappy|FakeOut,LastResort|Adamant||F|||50|]Farigiraf||ColburBerry|ArmorTail|Psychic,Thunderbolt,Protect,TrickRoom|Bold||M|||50|]Torkoal||Charcoal|Drought|Eruption,WeatherBall,HelpingHand,Protect|Quiet||M|||50|]Vileplume||FocusSash|Chlorophyll|SleepPowder,EnergyBall,SludgeBomb,AfterYou|Timid||M|||50|]Kommo-o||HabanBerry|Overcoat|ClangingScales,AuraSphere,ClangorousSoul,Protect|Modest||F|||50|]Pyroar||Pyroarite|Unnerve|HeatWave,Overheat,ScorchingSands,Protect|Timid||F|||50|
|
|t:|1782358500
|teamsize|p1|4
|teamsize|p2|4
|start
|switch|p1a: Garchomp|Garchomp, L50, M|100/100
|switch|p1b: Whimsicott|Whimsicott, L50, F|100/100
|switch|p2a: Kangaskhan|Kangaskhan, L50, F|100/100
|switch|p2b: Farigiraf|Farigiraf, L50, M|100/100
|turn|1
|
|t:|1782358530
|detailschange|p1a: Garchomp|Garchomp-Mega, L50, M
|-mega|p1a: Garchomp|Garchomp|Garchompite
|move|p1b: Whimsicott|Protect|p1b: Whimsicott
|-singleturn|p1b: Whimsicott|Protect
|move|p2a: Kangaskhan|Fake Out|p1b: Whimsicott
|-activate|p1b: Whimsicott|move: Protect
|move|p1a: Garchomp|Rock Slide|p2b: Farigiraf|[spread] p2b
|-miss|p1a: Garchomp|p2a: Kangaskhan
|-damage|p2b: Farigiraf|83/100
|move|p2b: Farigiraf|Trick Room|p2b: Farigiraf
|-fieldstart|move: Trick Room|[of] p2b: Farigiraf
|
|upkeep
|turn|2
|
|t:|1782358558
|switch|p1b: Tyranitar|Tyranitar, L50, M|100/100
|-weather|Sandstorm|[from] ability: Sand Stream|[of] p1b: Tyranitar
|move|p1a: Garchomp|Protect|p1a: Garchomp
|-singleturn|p1a: Garchomp|Protect
|move|p2b: Farigiraf|Psychic|p1a: Garchomp
|-activate|p1a: Garchomp|move: Protect
|move|p2a: Kangaskhan|Last Resort|p1b: Tyranitar
|-resisted|p1b: Tyranitar|1
|-damage|p1b: Tyranitar|70/100
|
|-weather|Sandstorm|[upkeep]
|-damage|p2b: Farigiraf|77/100|[from] Sandstorm
|-damage|p2a: Kangaskhan|93/100|[from] Sandstorm
|upkeep
|turn|3
|
|t:|1782358579
|move|p1b: Tyranitar|Protect|p1b: Tyranitar
|-singleturn|p1b: Tyranitar|Protect
|move|p2b: Farigiraf|Psychic|p1a: Garchomp
|-damage|p1a: Garchomp|73/100
|move|p1a: Garchomp|Earthquake|p2b: Farigiraf|[spread] p2a,p2b
|-activate|p1b: Tyranitar|move: Protect
|-crit|p2a: Kangaskhan
|-damage|p2a: Kangaskhan|4/100
|-damage|p2b: Farigiraf|29/100
|move|p2a: Kangaskhan|Last Resort|p1a: Garchomp
|-damage|p1a: Garchomp|25/100
|
|-weather|Sandstorm|[upkeep]
|-damage|p2b: Farigiraf|23/100|[from] Sandstorm
|-damage|p2a: Kangaskhan|0 fnt|[from] Sandstorm
|faint|p2a: Kangaskhan
|upkeep
|
|t:|1782358592
|switch|p2a: Torkoal|Torkoal, L50, M|100/100
|-weather|SunnyDay|[from] ability: Drought|[of] p2a: Torkoal
|turn|4
|
|t:|1782358600
|switch|p2a: Kommo-o|Kommo-o, L50, F|100/100
|move|p1b: Tyranitar|Rock Slide|p2a: Kommo-o|[spread] p2a,p2b
|-resisted|p2a: Kommo-o|1
|-crit|p2b: Farigiraf
|-damage|p2a: Kommo-o|89/100
|-damage|p2b: Farigiraf|0 fnt
|faint|p2b: Farigiraf
|move|p1a: Garchomp|Rock Slide|p2a: Kommo-o
|-resisted|p2a: Kommo-o|1
|-damage|p2a: Kommo-o|78/100
|
|-weather|SunnyDay|[upkeep]
|upkeep
|
|t:|1782358611
|switch|p2b: Torkoal|Torkoal, L50, M|100/100
|turn|5
|
|t:|1782358636
|move|p1b: Tyranitar|Protect|p1b: Tyranitar
|-singleturn|p1b: Tyranitar|Protect
|move|p2b: Torkoal|Eruption|p1a: Garchomp|[spread] p1a
|-activate|p1b: Tyranitar|move: Protect
|-resisted|p1a: Garchomp|1
|-damage|p1a: Garchomp|0 fnt
|faint|p1a: Garchomp
|move|p2a: Kommo-o|Aura Sphere|p1b: Tyranitar
|-activate|p1b: Tyranitar|move: Protect
|
|-weather|SunnyDay|[upkeep]
|-fieldend|move: Trick Room
|upkeep
|
|t:|1782358650
|switch|p1a: Sneasler|Sneasler, L50, F|100/100
|turn|6
|
|t:|1782358682
|switch|p1b: Whimsicott|Whimsicott, L50, F|100/100
|move|p2a: Kommo-o|Protect|p2a: Kommo-o
|-singleturn|p2a: Kommo-o|Protect
|move|p2b: Torkoal|Protect|p2b: Torkoal
|-singleturn|p2b: Torkoal|Protect
|move|p1a: Sneasler|Close Combat|p2b: Torkoal
|-activate|p2b: Torkoal|move: Protect
|
|-weather|SunnyDay|[upkeep]
|upkeep
|turn|7
|
|t:|1782358721
|move|p1b: Whimsicott|Tailwind|p1b: Whimsicott
|-sidestart|p1: monster231|move: Tailwind
|move|p1a: Sneasler|Close Combat|p2b: Torkoal
|-damage|p2b: Torkoal|49/100
|-unboost|p1a: Sneasler|def|1
|-unboost|p1a: Sneasler|spd|1
|move|p2a: Kommo-o|Clangorous Soul|p2a: Kommo-o
|-boost|p2a: Kommo-o|atk|1
|-boost|p2a: Kommo-o|def|1
|-boost|p2a: Kommo-o|spa|1
|-boost|p2a: Kommo-o|spd|1
|-boost|p2a: Kommo-o|spe|1
|-damage|p2a: Kommo-o|45/100
|move|p2b: Torkoal|Weather Ball|p1b: Whimsicott
|-supereffective|p1b: Whimsicott|1
|-damage|p1b: Whimsicott|0 fnt
|faint|p1b: Whimsicott
|
|-weather|SunnyDay|[upkeep]
|upkeep
|
|t:|1782358736
|switch|p1b: Tyranitar|Tyranitar, L50, M|70/100
|-weather|Sandstorm|[from] ability: Sand Stream|[of] p1b: Tyranitar
|turn|8
|
|t:|1782358759
|move|p2a: Kommo-o|Protect|p2a: Kommo-o
|-singleturn|p2a: Kommo-o|Protect
|move|p1a: Sneasler|Dire Claw|p2a: Kommo-o
|-activate|p2a: Kommo-o|move: Protect
|move|p1b: Tyranitar|Rock Slide|p2b: Torkoal|[spread] p2b
|-activate|p2a: Kommo-o|move: Protect
|-supereffective|p2b: Torkoal|1
|-damage|p2b: Torkoal|7/100
|cant|p2b: Torkoal|flinch
|
|-weather|Sandstorm|[upkeep]
|-damage|p1a: Sneasler|94/100|[from] Sandstorm
|-damage|p2b: Torkoal|1/100|[from] Sandstorm
|upkeep
|turn|9
|
|t:|1782358794
|move|p1a: Sneasler|Close Combat|p2a: Kommo-o
|-damage|p2a: Kommo-o|10/100
|-unboost|p1a: Sneasler|def|1
|-unboost|p1a: Sneasler|spd|1
|move|p2a: Kommo-o|Aura Sphere|p1b: Tyranitar
|-supereffective|p1b: Tyranitar|2
|-damage|p1b: Tyranitar|0 fnt
|faint|p1b: Tyranitar
|move|p2b: Torkoal|Weather Ball|p1a: Sneasler
|-resisted|p1a: Sneasler|1
|-damage|p1a: Sneasler|61/100
|
|-weather|Sandstorm|[upkeep]
|-damage|p1a: Sneasler|55/100|[from] Sandstorm
|-damage|p2b: Torkoal|0 fnt|[from] Sandstorm
|faint|p2b: Torkoal
|upkeep
|turn|10
|
|t:|1782358814
|move|p2a: Kommo-o|Protect|p2a: Kommo-o
|-singleturn|p2a: Kommo-o|Protect
|move|p1a: Sneasler|Close Combat|p2a: Kommo-o
|-activate|p2a: Kommo-o|move: Protect
|
|-weather|Sandstorm|[upkeep]
|-damage|p1a: Sneasler|50/100y|[from] Sandstorm
|-sideend|p1: monster231|move: Tailwind
|upkeep
|turn|11
|
|t:|1782358830
|move|p2a: Kommo-o|Clanging Scales|p1a: Sneasler
|-damage|p1a: Sneasler|0 fnt
|faint|p1a: Sneasler
|
|win|fly butterfly fly
||monster231 is ready for game 2.
