|j|☆bigdhrubo
|j|☆DGAvalon
|html|bigdhruboDGAvalon    
|uhtml|bestof|Game 3 of a best-of-3
|t:|1783838421
|gametype|doubles
|player|p1|bigdhrubo|169|
|player|p2|DGAvalon|rocketgruntf|
|gen|9
|tier|[Gen 9 Champions] VGC 2026 Reg M-B (Bo3)
|rule|Species Clause: Limit one of each Pokémon
|rule|Item Clause: Limit 1 of each item
|clearpoke
|poke|p1|Tyranitar, L50, F|
|poke|p1|Scovillain, L50, F|
|poke|p1|Garchomp, L50, F|
|poke|p1|Gardevoir, L50, M|
|poke|p1|Ampharos, L50, M|
|poke|p1|Chandelure, L50, F|
|poke|p2|Alakazam, L50, F|
|poke|p2|Wyrdeer, L50, F|
|poke|p2|Abomasnow, L50, M|
|poke|p2|Conkeldurr, L50, M|
|poke|p2|Maushold-Four, L50|
|poke|p2|Liepard, L50, M|
|teampreview|4
|showteam|p1|Tyranitar||Tyranitarite|SandStream|DragonDance,Crunch,RockSlide,Protect|Jolly||F|||50|]Scovillain||KebiaBerry|Moody|RagePowder,Protect,HelpingHand,Crunch|Adamant||F|||50|]Garchomp||YacheBerry|RoughSkin|DragonClaw,StompingTantrum,Protect,Crunch|Jolly||F|||50|]Gardevoir||FocusSash|Trace|MysticalFire,Protect,DestinyBond,DazzlingGleam|Modest||M|||50|]Ampharos||Ampharosite|Static|Protect,Discharge,DragonPulse,VoltSwitch|Quiet||M|||50|]Chandelure||KasibBerry|FlashFire|TrickRoom,HeatWave,ShadowBall,Protect|Quiet||F|||50|
|showteam|p2|Alakazam||FocusSash|InnerFocus|SpeedSwap,TrickRoom,Taunt,Psychic|Timid||F|||50|]Wyrdeer||MentalHerb|Intimidate|TrickRoom,Psychic,ShadowBall,Protect|Sassy||F|||50|]Abomasnow||Abomasite|SnowWarning|Protect,Blizzard,GigaDrain,AuroraVeil|Quiet||M|||50|]Conkeldurr||Leftovers|IronFist|DrainPunch,IcePunch,ThunderPunch,Protect|Brave||M|||50|]Maushold-Four||SitrusBerry|FriendGuard|FollowMe,Taunt,Protect,Crunch|Jolly|||||50|]Liepard||ChopleBerry|Prankster|FoulPlay,FakeOut,Yawn,Uturn|Calm||M|||50|
|
|t:|1783838475
|teamsize|p1|4
|teamsize|p2|4
|start
|switch|p1a: Tyranitar|Tyranitar, L50, F|100/100
|switch|p1b: Scovillain|Scovillain, L50, F|100/100
|switch|p2a: Alakazam|Alakazam, L50, F|100/100
|switch|p2b: Conkeldurr|Conkeldurr, L50, M|100/100
|-weather|Sandstorm|[from] ability: Sand Stream|[of] p1a: Tyranitar
|turn|1
|
|t:|1783838499
|switch|p1a: Chandelure|Chandelure, L50, F|100/100
|move|p1b: Scovillain|Crunch|p2a: Alakazam
|-supereffective|p2a: Alakazam|1
|-damage|p2a: Alakazam|21/100
|move|p2b: Conkeldurr|Drain Punch|p1a: Chandelure
|-immune|p1a: Chandelure
|move|p2a: Alakazam|Trick Room|p2a: Alakazam
|-fieldstart|move: Trick Room|[of] p2a: Alakazam
|
|-weather|Sandstorm|[upkeep]
|-damage|p2b: Conkeldurr|93/100|[from] Sandstorm
|-damage|p1a: Chandelure|94/100|[from] Sandstorm
|-damage|p1b: Scovillain|93/100|[from] Sandstorm
|-damage|p2a: Alakazam|15/100|[from] Sandstorm
|-heal|p2b: Conkeldurr|100/100|[from] item: Leftovers
|-ability|p1b: Scovillain|Moody|boost
|-boost|p1b: Scovillain|spa|2
|-unboost|p1b: Scovillain|def|1
|upkeep
|turn|2
|
|t:|1783838574
|switch|p2a: Maushold|Maushold-Four, L50|100/100
|move|p1b: Scovillain|Helping Hand|p1a: Chandelure
|-singleturn|p1a: Chandelure|Helping Hand|[of] p1b: Scovillain
|move|p2b: Conkeldurr|Drain Punch|p1b: Scovillain
|-crit|p1b: Scovillain
|-damage|p1b: Scovillain|0 fnt
|faint|p1b: Scovillain
|move|p1a: Chandelure|Heat Wave|p2a: Maushold|[spread] p2a,p2b
|-damage|p2a: Maushold|22/100
|-damage|p2b: Conkeldurr|44/100
|-enditem|p2a: Maushold|Sitrus Berry|[eat]
|-heal|p2a: Maushold|46/100|[from] item: Sitrus Berry
|
|-weather|Sandstorm|[upkeep]
|-damage|p2b: Conkeldurr|38/100|[from] Sandstorm
|-damage|p1a: Chandelure|88/100|[from] Sandstorm
|-damage|p2a: Maushold|40/100|[from] Sandstorm
|-heal|p2b: Conkeldurr|44/100|[from] item: Leftovers
|upkeep
|
|t:|1783838591
|switch|p1b: Gardevoir|Gardevoir, L50, M|100/100
|-ability|p1b: Gardevoir|Friend Guard|Trace|[from] ability: Trace|[of] p2a: Maushold
|turn|3
|
|t:|1783838614
|move|p1b: Gardevoir|Protect|p1b: Gardevoir
|-singleturn|p1b: Gardevoir|Protect
|move|p2b: Conkeldurr|Thunder Punch|p1a: Chandelure
|-damage|p1a: Chandelure|55/100
|move|p1a: Chandelure|Heat Wave|p2b: Conkeldurr|[spread] p2a,p2b
|-damage|p2a: Maushold|0 fnt
|-damage|p2b: Conkeldurr|9/100
|faint|p2a: Maushold
|
|-weather|Sandstorm|[upkeep]
|-damage|p2b: Conkeldurr|3/100|[from] Sandstorm
|-damage|p1a: Chandelure|49/100|[from] Sandstorm
|-damage|p1b: Gardevoir|94/100|[from] Sandstorm
|-heal|p2b: Conkeldurr|9/100|[from] item: Leftovers
|upkeep
|
|t:|1783838634
|switch|p2a: Abomasnow|Abomasnow, L50, M|100/100
|-weather|Snowscape|[from] ability: Snow Warning|[of] p2a: Abomasnow
|turn|4
|
|t:|1783838680
|detailschange|p2a: Abomasnow|Abomasnow-Mega, L50, M
|-mega|p2a: Abomasnow|Abomasnow|Abomasite
|move|p2a: Abomasnow|Blizzard|p1b: Gardevoir|[spread] p1a,p1b
|-resisted|p1a: Chandelure|1
|-damage|p1a: Chandelure|28/100
|-damage|p1b: Gardevoir|49/100
|move|p2b: Conkeldurr|Thunder Punch|p1b: Gardevoir
|-damage|p1b: Gardevoir|1/100
|move|p1a: Chandelure|Heat Wave|p2b: Conkeldurr|[spread] p2a,p2b
|-supereffective|p2a: Abomasnow|2
|-damage|p2a: Abomasnow|0 fnt
|-damage|p2b: Conkeldurr|0 fnt
|faint|p2a: Abomasnow
|faint|p2b: Conkeldurr
|move|p1b: Gardevoir|Mystical Fire|p2: Abomasnow|[notarget]
|-fail|p1b: Gardevoir
|
|-weather|Snowscape|[upkeep]
|upkeep
|c|☆DGAvalon|GG G3
|
|t:|1783838695
|switch|p2b: Alakazam|Alakazam, L50, F|15/100
|turn|5
|
|t:|1783838702
|move|p1a: Chandelure|Shadow Ball|p2b: Alakazam
|-supereffective|p2b: Alakazam|1
|-damage|p2b: Alakazam|0 fnt
|faint|p2b: Alakazam
|
|win|bigdhrubo
|c|☆bigdhrubo|gg
|c|☆DGAvalon|Well played!
|c|☆bigdhrubo|close game
|c|☆DGAvalon|Yeah, it felt it.
|c|☆DGAvalon|I'll sort replays.
|c|☆DGAvalon|Oh never mind, I see you're on it.
