|j|☆Bread2468
|j|☆gaming from toilet
|html|Bread2468gaming from toilet    
|uhtml|bestof|Game 3 of a best-of-3
|t:|1757651742
|gametype|doubles
|player|p1|Bread2468|170|1233
|player|p2|gaming from toilet|265|1188
|gen|9
|tier|[Gen 9] VGC 2025 Reg H (Bo3)
|rated|
|rule|Species Clause: Limit one of each Pokémon
|rule|Item Clause: Limit 1 of each item
|clearpoke
|poke|p1|Charizard, L50, M|
|poke|p1|Torkoal, L50, F|
|poke|p1|Porygon2, L50|
|poke|p1|Incineroar, L50, F|
|poke|p1|Jumpluff, L50, F|
|poke|p1|Ursaluna, L50, F|
|poke|p2|Dragonite, L50, F|
|poke|p2|Ursaluna-Bloodmoon, L50, M|
|poke|p2|Gholdengo, L50|
|poke|p2|Maushold-Four, L50|
|poke|p2|Annihilape, L50, M|
|poke|p2|Rillaboom, L50, F|
|teampreview|4
|showteam|p1|Charizard||ChoiceSpecs|SolarPower|HeatWave,Overheat,WeatherBall,AirSlash|||M|||50|,,,,,Ghost]Torkoal||EjectPack|Drought|Eruption,Overheat,HelpingHand,Protect|||F|||50|,,,,,Fire]Porygon2||Eviolite|Download|TeraBlast,IceBeam,Recover,TrickRoom||||||50|,,,,,Fighting]Incineroar||SitrusBerry|Intimidate|FlareBlitz,KnockOff,FakeOut,PartingShot|||F|||50|,,,,,Ghost]Jumpluff||CovertCloak|Chlorophyll|SleepPowder,SunnyDay,RagePowder,Tailwind|||F|||50|,,,,,Water]Ursaluna||FlameOrb|Guts|HeadlongRush,Facade,Earthquake,Protect|||F|||50|,,,,,Ghost
|showteam|p2|Dragonite||LoadedDice|Multiscale|ScaleShot,Tailwind,Haze,Protect|||F|||50|,,,,,Fairy]Ursaluna-Bloodmoon||AssaultVest|MindsEye|BloodMoon,EarthPower,HyperVoice,VacuumWave|||M|||50|,,,,,Water]Gholdengo||LifeOrb|GoodasGold|MakeItRain,ShadowBall,NastyPlot,Protect||||||50|,,,,,Dragon]Maushold-Four||FocusSash|FriendGuard|Taunt,FollowMe,BeatUp,Protect||||||50|,,,,,Ghost]Annihilape||SitrusBerry|Defiant|RageFist,DrainPunch,BulkUp,Protect|||M|||50|,,,,,Fire]Rillaboom||MiracleSeed|GrassySurge|WoodHammer,GrassyGlide,HighHorsepower,FakeOut|||F|||50|,,,,,Fire
|inactive|Battle timer is ON: inactive players will automatically lose when time's up. (requested by Bread2468)
|inactive|gaming from toilet also wants the timer to be on.
|inactive|Bread2468 has 60 seconds left.
|
|t:|1757651776
|teamsize|p1|4
|teamsize|p2|4
|start
|switch|p1a: Jumpluff|Jumpluff, L50, F|100/100
|switch|p1b: Charizard|Charizard, L50, M|100/100
|switch|p2a: Maushold|Maushold-Four, L50|100/100
|switch|p2b: Annihilape|Annihilape, L50, M|100/100
|turn|1
|
|t:|1757651796
|move|p2b: Annihilape|Protect|p2b: Annihilape
|-singleturn|p2b: Annihilape|Protect
|move|p2a: Maushold|Taunt|p1a: Jumpluff
|-start|p1a: Jumpluff|move: Taunt
|cant|p1a: Jumpluff|move: Taunt|Sleep Powder
|move|p1b: Charizard|Heat Wave|p2a: Maushold|[spread] p2a
|-activate|p2b: Annihilape|move: Protect
|-damage|p2a: Maushold|28/100
|
|upkeep
|turn|2
|
|t:|1757651813
|switch|p1a: Porygon2|Porygon2, L50|100/100
|-ability|p1a: Porygon2|Download|boost
|-boost|p1a: Porygon2|spa|1
|-terastallize|p2b: Annihilape|Fire
|move|p2a: Maushold|Beat Up|p2b: Annihilape
|-damage|p2b: Annihilape|99/100
|-damage|p2b: Annihilape|97/100
|-damage|p2b: Annihilape|94/100
|-damage|p2b: Annihilape|93/100
|-hitcount|p2b: Annihilape|4
|move|p1b: Charizard|Heat Wave|p2b: Annihilape|[spread] p2a,p2b
|-resisted|p2b: Annihilape
|-damage|p2a: Maushold|0 fnt
|-damage|p2b: Annihilape|75/100
|faint|p2a: Maushold
|move|p2b: Annihilape|Rage Fist|p1b: Charizard
|-damage|p1b: Charizard|0 fnt
|faint|p1b: Charizard
|
|upkeep
|
|t:|1757651834
|switch|p2a: Gholdengo|Gholdengo, L50|100/100
|switch|p1b: Jumpluff|Jumpluff, L50, F|100/100
|turn|3
|
|t:|1757651853
|switch|p2b: Rillaboom|Rillaboom, L50, F|100/100
|-fieldstart|move: Grassy Terrain|[from] ability: Grassy Surge|[of] p2b: Rillaboom
|move|p1b: Jumpluff|Sleep Powder|p2b: Rillaboom
|-immune|p2b: Rillaboom
|move|p2a: Gholdengo|Nasty Plot|p2a: Gholdengo
|-boost|p2a: Gholdengo|spa|2
|move|p1a: Porygon2|Trick Room|p1a: Porygon2
|-fieldstart|move: Trick Room|[of] p1a: Porygon2
|
|upkeep
|turn|4
|inactive|gaming from toilet has 30 seconds left.
|
|t:|1757651880
|move|p2b: Rillaboom|Fake Out|p1a: Porygon2
|-crit|p1a: Porygon2
|-damage|p1a: Porygon2|89/100
|move|p1b: Jumpluff|Rage Powder|p1b: Jumpluff
|-singleturn|p1b: Jumpluff|move: Rage Powder
|cant|p1a: Porygon2|flinch
|move|p2a: Gholdengo|Nasty Plot|p2a: Gholdengo
|-boost|p2a: Gholdengo|spa|2
|
|-heal|p1a: Porygon2|95/100|[from] Grassy Terrain
|upkeep
|turn|5
|
|t:|1757651900
|switch|p2b: Annihilape|Annihilape, L50, M, tera:Fire|75/100
|move|p1b: Jumpluff|Rage Powder|p1b: Jumpluff
|-singleturn|p1b: Jumpluff|move: Rage Powder
|move|p1a: Porygon2|Ice Beam|p2b: Annihilape
|-resisted|p2b: Annihilape
|-damage|p2b: Annihilape|56/100
|move|p2a: Gholdengo|Make It Rain|p1a: Porygon2|[spread] p1a,p1b
|-damage|p1a: Porygon2|0 fnt
|-damage|p1b: Jumpluff|0 fnt
|-unboost|p2a: Gholdengo|spa|1
|faint|p1a: Porygon2
|faint|p1b: Jumpluff
|-damage|p2a: Gholdengo|91/100|[from] item: Life Orb
|
|-heal|p2a: Gholdengo|97/100|[from] Grassy Terrain
|-heal|p2b: Annihilape|63/100|[from] Grassy Terrain
|upkeep
|
|t:|1757651909
|switch|p1b: Ursaluna|Ursaluna, L50, F|100/100
|turn|6
|inactive|gaming from toilet has 30 seconds left.
|
|t:|1757651934
|move|p2a: Gholdengo|Protect|p2a: Gholdengo
|-singleturn|p2a: Gholdengo|Protect
|move|p1b: Ursaluna|Headlong Rush|p2a: Gholdengo
|-activate|p2a: Gholdengo|move: Protect
|move|p2b: Annihilape|Drain Punch|p1b: Ursaluna
|-supereffective|p1b: Ursaluna
|-damage|p1b: Ursaluna|52/100
|-heal|p2b: Annihilape|88/100|[from] drain|[of] p1b: Ursaluna
|
|-heal|p1b: Ursaluna|58/100|[from] Grassy Terrain
|-heal|p2a: Gholdengo|100/100|[from] Grassy Terrain
|-heal|p2b: Annihilape|95/100|[from] Grassy Terrain
|-status|p1b: Ursaluna|brn|[from] item: Flame Orb
|upkeep
|turn|7
|inactive|gaming from toilet has 30 seconds left.
|inactive|gaming from toilet has 20 seconds left.
|
|t:|1757651973
|switch|p2a: Rillaboom|Rillaboom, L50, F|100/100
|move|p1b: Ursaluna|Headlong Rush|p2a: Rillaboom
|-resisted|p2a: Rillaboom
|-damage|p2a: Rillaboom|45/100
|-unboost|p1b: Ursaluna|def|1
|-unboost|p1b: Ursaluna|spd|1
|move|p2b: Annihilape|Bulk Up|p2b: Annihilape
|-boost|p2b: Annihilape|atk|1
|-boost|p2b: Annihilape|def|1
|
|-heal|p1b: Ursaluna|64/100 brn|[from] Grassy Terrain
|-heal|p2a: Rillaboom|51/100|[from] Grassy Terrain
|-heal|p2b: Annihilape|100/100|[from] Grassy Terrain
|-damage|p1b: Ursaluna|58/100 brn|[from] brn
|-fieldend|move: Trick Room
|-fieldend|move: Grassy Terrain
|upkeep
|turn|8
|-message|Bread2468 forfeited.
|
|win|gaming from toilet
|raw|Bread2468's rating: 1233 → 1205(-28 for losing)
|raw|gaming from toilet's rating: 1188 → 1216(+28 for winning)
|l|☆gaming from toilet
|player|p2|
|l|☆Bread2468
|player|p1|
