|j|☆jomivgc
|j|☆nootbaar
|html|jomivgcnootbaar    
|uhtml|bestof|Game 1 of a best-of-3
|t:|1783737329
|gametype|doubles
|player|p1|jomivgc|falkner-gen2|1128
|player|p2|nootbaar|1|1148
|gen|9
|tier|[Gen 9 Champions] VGC 2026 Reg M-B (Bo3)
|rated|
|rule|Species Clause: Limit one of each Pokémon
|rule|Item Clause: Limit 1 of each item
|clearpoke
|poke|p1|Grimmsnarl, L50, M|
|poke|p1|Basculegion, L50, M|
|poke|p1|Meganium, L50, F|
|poke|p1|Pelipper, L50, M|
|poke|p1|Archaludon, L50, F|
|poke|p1|Swampert, L50, F|
|poke|p2|Tyranitar, L50, M|
|poke|p2|Whimsicott, L50, M|
|poke|p2|Incineroar, L50, M|
|poke|p2|Rotom-Wash, L50|
|poke|p2|Garchomp, L50, F|
|poke|p2|Metagross, L50|
|teampreview|4
|showteam|p1|Grimmsnarl||LightClay|Prankster|SpiritBreak,Reflect,LightScreen,PartingShot|Careful||M|||50|]Basculegion||ChoiceScarf|Adaptability|WaveCrash,LastRespects,AquaJet,FlipTurn|Jolly||M|||50|]Meganium||Meganiumite|Overgrow|SolarBeam,EarthPower,DazzlingGleam,Protect|Modest||F|||50|]Pelipper||FocusSash|Drizzle|Hurricane,WeatherBall,Tailwind,RainDance|Modest||M|||50|]Archaludon||Leftovers|Stamina|FlashCannon,DragonPulse,ElectroShot,Protect|Modest||F|||50|]Swampert||Swampertite|Damp|WaveCrash,Earthquake,IcePunch,Protect|Adamant||F|||50|
|showteam|p2|Tyranitar||Tyranitarite|SandStream|Protect,DragonDance,RockSlide,KnockOff|Jolly||M|||50|]Whimsicott||FairyFeather|Prankster|Protect,Tailwind,Encore,Moonblast|Modest||M|||50|]Incineroar||Charcoal|Intimidate|Protect,FakeOut,PartingShot,FlareBlitz|Adamant||M|||50|]Rotom-Wash||ChoiceScarf|Levitate|WillOWisp,Electroweb,Thunderbolt,HydroPump|Modest|||||50|]Garchomp||LifeOrb|RoughSkin|Protect,StompingTantrum,DragonClaw,Earthquake|Jolly||F|||50|]Metagross||Metagrossite|ClearBody|Protect,Trailblaze,IronHead,PsychicFangs|Jolly|||||50|
|inactive|Battle timer is ON: inactive players will automatically lose when time's up. (requested by nootbaar)
|inactive|jomivgc also wants the timer to be on.
|inactive|jomivgc has 60 seconds left.
|inactive|nootbaar has 60 seconds left.
|inactive|nootbaar has 30 seconds left.
|inactive|nootbaar has 20 seconds left.
|inactive|nootbaar has 15 seconds left.
|inactive|nootbaar has 10 seconds left.
|inactive|nootbaar has 5 seconds left.
|
|t:|1783737416
|teamsize|p1|4
|teamsize|p2|4
|start
|switch|p1a: Grimmsnarl|Grimmsnarl, L50, M|100/100
|switch|p1b: Meganium|Meganium, L50, F|100/100
|switch|p2a: Tyranitar|Tyranitar, L50, M|100/100
|switch|p2b: Incineroar|Incineroar, L50, M|100/100
|-weather|Sandstorm|[from] ability: Sand Stream|[of] p2a: Tyranitar
|-ability|p2b: Incineroar|Intimidate|boost
|-unboost|p1a: Grimmsnarl|atk|1
|-unboost|p1b: Meganium|atk|1
|turn|1
|
|t:|1783737438
|detailschange|p1b: Meganium|Meganium-Mega, L50, F
|-mega|p1b: Meganium|Meganium|Meganiumite
|move|p1b: Meganium|Protect|p1b: Meganium
|-singleturn|p1b: Meganium|Protect
|move|p2b: Incineroar|Fake Out|p1b: Meganium
|-activate|p1b: Meganium|move: Protect
|move|p1a: Grimmsnarl|Reflect|p1a: Grimmsnarl
|-sidestart|p1: jomivgc|Reflect
|move|p2a: Tyranitar|Dragon Dance|p2a: Tyranitar
|-boost|p2a: Tyranitar|atk|1
|-boost|p2a: Tyranitar|spe|1
|
|-weather|Sandstorm|[upkeep]
|-damage|p1b: Meganium|94/100|[from] Sandstorm
|-damage|p2b: Incineroar|93/100|[from] Sandstorm
|-damage|p1a: Grimmsnarl|94/100|[from] Sandstorm
|upkeep
|turn|2
|inactive|nootbaar has 30 seconds left.
|inactive|nootbaar has 20 seconds left.
|
|t:|1783737477
|move|p2a: Tyranitar|Protect|p2a: Tyranitar
|-singleturn|p2a: Tyranitar|Protect
|move|p1a: Grimmsnarl|Parting Shot|p2a: Tyranitar
|-activate|p2a: Tyranitar|move: Protect
|move|p1b: Meganium|Solar Beam||[still]
|-prepare|p1b: Meganium|Solar Beam
|-activate|p1b: Meganium|ability: Mega Sol
|-anim|p1b: Meganium|Solar Beam|p2a: Tyranitar
|-activate|p2a: Tyranitar|move: Protect
|move|p2b: Incineroar|Flare Blitz|p1b: Meganium
|-supereffective|p1b: Meganium|1
|-damage|p1b: Meganium|12/100
|-damage|p2b: Incineroar|67/100|[from] Recoil
|
|-weather|Sandstorm|[upkeep]
|-damage|p1b: Meganium|6/100|[from] Sandstorm
|-damage|p1a: Grimmsnarl|88/100|[from] Sandstorm
|-damage|p2b: Incineroar|61/100|[from] Sandstorm
|upkeep
|turn|3
|inactive|jomivgc has 30 seconds left.
|inactive|nootbaar has 30 seconds left.
|inactive|jomivgc has 20 seconds left.
|
|t:|1783737515
|move|p1a: Grimmsnarl|Parting Shot|p2a: Tyranitar
|-hint|Since gen 7, Dark is immune to Prankster moves.
|-immune|p2a: Tyranitar
|move|p2a: Tyranitar|Knock Off|p1b: Meganium
|-resisted|p1b: Meganium|1
|-damage|p1b: Meganium|0 fnt
|faint|p1b: Meganium
|move|p2b: Incineroar|Parting Shot|p1a: Grimmsnarl
|-unboost|p1a: Grimmsnarl|atk|1
|-unboost|p1a: Grimmsnarl|spa|1
|
|t:|1783737526
|switch|p2b: Rotom|Rotom-Wash, L50|100/100|[from] Parting Shot
|
|-weather|Sandstorm|[upkeep]
|-damage|p2b: Rotom|94/100|[from] Sandstorm
|-damage|p1a: Grimmsnarl|82/100|[from] Sandstorm
|upkeep
|
|t:|1783737531
|switch|p1b: Archaludon|Archaludon, L50, F|100/100
|turn|4
|
|t:|1783737551
|detailschange|p2a: Tyranitar|Tyranitar-Mega, L50, M
|-mega|p2a: Tyranitar|Tyranitar|Tyranitarite
|move|p1a: Grimmsnarl|Light Screen|p1a: Grimmsnarl
|-sidestart|p1: jomivgc|move: Light Screen
|move|p2a: Tyranitar|Knock Off|p1b: Archaludon
|-damage|p1b: Archaludon|62/100
|-ability|p1b: Archaludon|Stamina|boost
|-boost|p1b: Archaludon|def|1
|-enditem|p1b: Archaludon|Leftovers|[from] move: Knock Off|[of] p2a: Tyranitar
|move|p2b: Rotom|Will-O-Wisp|p1b: Archaludon|[miss]
|-miss|p2b: Rotom|p1b: Archaludon
|move|p1b: Archaludon|Flash Cannon|p2a: Tyranitar
|-supereffective|p2a: Tyranitar|1
|-damage|p2a: Tyranitar|64/100
|
|-weather|Sandstorm|[upkeep]
|-damage|p2b: Rotom|88/100|[from] Sandstorm
|-damage|p1a: Grimmsnarl|76/100|[from] Sandstorm
|upkeep
|turn|5
|inactive|jomivgc has 30 seconds left.
|
|t:|1783737580
|switch|p2a: Incineroar|Incineroar, L50, M|61/100
|-ability|p2a: Incineroar|Intimidate|boost
|-unboost|p1a: Grimmsnarl|atk|1
|-unboost|p1b: Archaludon|atk|1
|move|p1a: Grimmsnarl|Parting Shot|p2b: Rotom
|-unboost|p2b: Rotom|atk|1
|-unboost|p2b: Rotom|spa|1
|
|t:|1783737586
|switch|p1a: Pelipper|Pelipper, L50, M|100/100|[from] Parting Shot
|-weather|RainDance|[from] ability: Drizzle|[of] p1a: Pelipper
|move|p2b: Rotom|Will-O-Wisp|p1b: Archaludon
|-status|p1b: Archaludon|brn
|move|p1b: Archaludon|Electro Shot||[still]
|-prepare|p1b: Archaludon|Electro Shot
|-boost|p1b: Archaludon|spa|1
|-anim|p1b: Archaludon|Electro Shot|p2a: Incineroar
|-damage|p2a: Incineroar|12/100
|
|-weather|RainDance|[upkeep]
|-damage|p1b: Archaludon|56/100 brn|[from] brn
|upkeep
|turn|6
|inactive|jomivgc has 30 seconds left.
|inactive|nootbaar has 30 seconds left.
|inactive|jomivgc has 20 seconds left.
|inactive|jomivgc has 15 seconds left.
|inactive|nootbaar has 20 seconds left.
|inactive|jomivgc has 10 seconds left.
|inactive|nootbaar has 15 seconds left.
|
|t:|1783737633
|switch|p2b: Garchomp|Garchomp, L50, F|100/100
|move|p1b: Archaludon|Protect|p1b: Archaludon
|-singleturn|p1b: Archaludon|Protect
|move|p2a: Incineroar|Fake Out|p1a: Pelipper
|-damage|p1a: Pelipper|88/100
|cant|p1a: Pelipper|flinch
|
|-weather|RainDance|[upkeep]
|-damage|p1b: Archaludon|50/100g brn|[from] brn
|upkeep
|turn|7
|inactive|jomivgc has 30 seconds left.
|inactive|nootbaar has 30 seconds left.
|inactive|jomivgc has 20 seconds left.
|
|t:|1783737670
|switch|p1b: Grimmsnarl|Grimmsnarl, L50, M|76/100
|switch|p2a: Tyranitar|Tyranitar-Mega, L50, M|64/100
|-weather|Sandstorm|[from] ability: Sand Stream|[of] p2a: Tyranitar
|move|p2b: Garchomp|Stomping Tantrum|p1b: Grimmsnarl
|-crit|p1b: Grimmsnarl
|-damage|p1b: Grimmsnarl|0 fnt
|faint|p1b: Grimmsnarl
|-damage|p2b: Garchomp|90/100|[from] item: Life Orb
|move|p1a: Pelipper|Hurricane|p2b: Garchomp|[miss]
|-miss|p1a: Pelipper|p2b: Garchomp
|
|-weather|Sandstorm|[upkeep]
|-damage|p1a: Pelipper|82/100|[from] Sandstorm
|upkeep
|-message|jomivgc forfeited.
|
|win|nootbaar
|l|☆jomivgc
|player|p1|
||jomivgc is ready for game 2.
|inactive|nootbaar has 30 seconds to confirm battle start!
|inactive|nootbaar has 20 seconds to confirm battle start!
|inactive|nootbaar has 10 seconds to confirm battle start!
||nootbaar is ready for game 2.
|uhtml|next|Next: Game 2 of 3
|j|☆jomivgc
|player|p1|jomivgc|falkner-gen2|
