|j|☆Kahizar
|j|☆Blu123456789
|html|KahizarBlu123456789    
|uhtml|bestof|Game 2 of a best-of-3
|t:|1757703666
|gametype|doubles
|player|p1|Kahizar|169|1098
|player|p2|Blu123456789|unknown|1044
|gen|9
|tier|[Gen 9] VGC 2025 Reg H (Bo3)
|rated|
|rule|Species Clause: Limit one of each Pokémon
|rule|Item Clause: Limit 1 of each item
|clearpoke
|poke|p1|Ninetales-Alola, L50, M|
|poke|p1|Incineroar, L50, M|
|poke|p1|Murkrow, L50, F|
|poke|p1|Sneasler, L50, M|
|poke|p1|Rillaboom, L50, F|
|poke|p1|Gholdengo, L50|
|poke|p2|Indeedee-F, L50, F|
|poke|p2|Armarouge, L50, M|
|poke|p2|Amoonguss, L50, M|
|poke|p2|Ursaluna, L50, M|
|poke|p2|Hatterene, L50, F|
|poke|p2|Gholdengo, L50|
|teampreview|4
|showteam|p1|Ninetales-Alola||FocusSash|SnowWarning|AuroraVeil,Blizzard,Moonblast,Protect|||M|||50|,,,,,Water]Incineroar||SafetyGoggles|Intimidate|FlareBlitz,FakeOut,KnockOff,PartingShot|||M|||50|,,,,,Ghost]Murkrow||Eviolite|Prankster|Taunt,Tailwind,Haze,FoulPlay|||F|||50|,,,,,Ghost]Sneasler||ChoiceBand|PoisonTouch|CloseCombat,RockSlide,DireClaw,ThroatChop|||M|||50|,,,,,Dark]Rillaboom||AssaultVest|GrassySurge|WoodHammer,GrassyGlide,FakeOut,Uturn|||F|||50|,,,,,Fire]Gholdengo||LifeOrb|GoodasGold|MakeItRain,TeraBlast,NastyPlot,Protect||||||50|,,,,,Ground
|showteam|p2|Indeedee-F||MentalHerb|PsychicSurge|FollowMe,Protect,TrickRoom,HelpingHand|||F|||50|,,,,,Fairy]Armarouge||PowerHerb|FlashFire|MeteorBeam,ArmorCannon,ExpandingForce,Protect|||M|||50|,,,,,Psychic]Amoonguss||RockyHelmet|Regenerator|SludgeBomb,Spore,PollenPuff,RagePowder|||M|||50|,,,,,Water]Ursaluna||FlameOrb|Guts|Facade,HeadlongRush,Protect,Earthquake|||M|||50|,,,,,Ghost]Hatterene||SitrusBerry|MagicBounce|DazzlingGleam,ExpandingForce,TrickRoom,Protect|||F|||50|,,,,,Steel]Gholdengo||LifeOrb|GoodasGold|MakeItRain,ShadowBall,Protect,NastyPlot||||||50|,,,,,Steel
|
|t:|1757703682
|teamsize|p1|4
|teamsize|p2|4
|start
|switch|p1a: Incineroar|Incineroar, L50, M|100/100
|switch|p1b: Murkrow|Murkrow, L50, F|100/100
|switch|p2a: Armarouge|Armarouge, L50, M, shiny|100/100
|switch|p2b: Indeedee|Indeedee-F, L50, F, shiny|100/100
|-fieldstart|move: Psychic Terrain|[from] ability: Psychic Surge|[of] p2b: Indeedee
|-ability|p1a: Incineroar|Intimidate|boost
|-unboost|p2a: Armarouge|atk|1
|-unboost|p2b: Indeedee|atk|1
|turn|1
|
|t:|1757703705
|switch|p2b: Gholdengo|Gholdengo, L50, shiny|100/100
|switch|p1a: Rillaboom|Rillaboom, L50, F|100/100
|-fieldstart|move: Grassy Terrain|[from] ability: Grassy Surge|[of] p1a: Rillaboom
|move|p1b: Murkrow|Taunt|p2b: Gholdengo
|-immune|p2b: Gholdengo|[from] ability: Good as Gold
|move|p2a: Armarouge|Meteor Beam||[still]
|-prepare|p2a: Armarouge|Meteor Beam
|-boost|p2a: Armarouge|spa|1
|-enditem|p2a: Armarouge|Power Herb
|-anim|p2a: Armarouge|Meteor Beam|p1b: Murkrow
|-supereffective|p1b: Murkrow
|-damage|p1b: Murkrow|0 fnt
|faint|p1b: Murkrow
|
|upkeep
|
|t:|1757703721
|switch|p1b: Gholdengo|Gholdengo, L50|100/100
|turn|2
|
|t:|1757703730
|-terastallize|p1b: Gholdengo|Ground
|move|p2a: Armarouge|Protect|p2a: Armarouge
|-singleturn|p2a: Armarouge|Protect
|move|p1a: Rillaboom|Fake Out|p2a: Armarouge
|-activate|p2a: Armarouge|move: Protect
|move|p2b: Gholdengo|Shadow Ball|p1b: Gholdengo
|-damage|p1b: Gholdengo|39/100
|-damage|p2b: Gholdengo|91/100|[from] item: Life Orb
|move|p1b: Gholdengo|Tera Blast|p2b: Gholdengo|[anim] Tera Blast Ground
|-supereffective|p2b: Gholdengo
|-damage|p2b: Gholdengo|0 fnt
|faint|p2b: Gholdengo
|-damage|p1b: Gholdengo|30/100|[from] item: Life Orb
|
|-heal|p1b: Gholdengo|36/100|[from] Grassy Terrain
|upkeep
|
|t:|1757703751
|switch|p2b: Indeedee|Indeedee-F, L50, F, shiny|100/100
|-fieldstart|move: Psychic Terrain|[from] ability: Psychic Surge|[of] p2b: Indeedee
|turn|3
|
|t:|1757703762
|switch|p2a: Ursaluna|Ursaluna, L50, M, shiny|100/100
|move|p1b: Gholdengo|Make It Rain|p2a: Ursaluna|[spread] p2a,p2b
|-damage|p2a: Ursaluna|48/100
|-damage|p2b: Indeedee|45/100
|-unboost|p1b: Gholdengo|spa|1
|-damage|p1b: Gholdengo|26/100|[from] item: Life Orb
|move|p1a: Rillaboom|Wood Hammer|p2b: Indeedee
|-damage|p2b: Indeedee|0 fnt
|faint|p2b: Indeedee
|-damage|p1a: Rillaboom|88/100|[from] Recoil
|
|-status|p2a: Ursaluna|brn|[from] item: Flame Orb
|upkeep
|
|t:|1757703778
|switch|p2b: Armarouge|Armarouge, L50, M, shiny|100/100
|turn|4
|
|t:|1757703800
|-terastallize|p2b: Armarouge|Psychic
|move|p2a: Ursaluna|Protect|p2a: Ursaluna
|-singleturn|p2a: Ursaluna|Protect
|move|p1b: Gholdengo|Tera Blast|p2b: Armarouge|[anim] Tera Blast Ground
|-damage|p2b: Armarouge|61/100
|-damage|p1b: Gholdengo|17/100|[from] item: Life Orb
|move|p1a: Rillaboom|Wood Hammer|p2a: Ursaluna
|-activate|p2a: Ursaluna|move: Protect
|move|p2b: Armarouge|Expanding Force|p1a: Rillaboom|[spread] p1a,p1b
|-damage|p1a: Rillaboom|41/100
|-damage|p1b: Gholdengo|0 fnt
|faint|p1b: Gholdengo
|
|-damage|p2a: Ursaluna|42/100 brn|[from] brn
|upkeep
|
|t:|1757703814
|switch|p1b: Incineroar|Incineroar, L50, M|100/100
|-ability|p1b: Incineroar|Intimidate|boost
|-unboost|p2a: Ursaluna|atk|1
|-unboost|p2b: Armarouge|atk|1
|turn|5
|
|t:|1757703836
|move|p2b: Armarouge|Protect|p2b: Armarouge
|-singleturn|p2b: Armarouge|Protect
|move|p1a: Rillaboom|Wood Hammer|p2a: Ursaluna
|-supereffective|p2a: Ursaluna
|-damage|p2a: Ursaluna|0 fnt
|faint|p2a: Ursaluna
|-damage|p1a: Rillaboom|25/100|[from] Recoil
|move|p1b: Incineroar|Knock Off|p2b: Armarouge
|-activate|p2b: Armarouge|move: Protect
|
|upkeep
|turn|6
|
|t:|1757703855
|move|p1a: Rillaboom|Wood Hammer|p2b: Armarouge
|-damage|p2b: Armarouge|14/100
|-damage|p1a: Rillaboom|11/100|[from] Recoil
|move|p1b: Incineroar|Knock Off|p2b: Armarouge
|-supereffective|p2b: Armarouge
|-damage|p2b: Armarouge|0 fnt
|faint|p2b: Armarouge
|
|win|Kahizar
||Blu123456789 is ready for game 3.
||Kahizar is ready for game 3.
|uhtml|next|Next: Game 3 of 3
