|j|☆riley7654
|j|☆SceptileFan7a0
|html|riley7654SceptileFan7a0    
|uhtml|bestof|Game 2 of a best-of-3
|t:|1756674876
|gametype|doubles
|player|p1|riley7654|102|1055
|player|p2|SceptileFan7a0|steven|1032
|gen|9
|tier|[Gen 9] VGC 2025 Reg H (Bo3)
|rated|
|rule|Species Clause: Limit one of each Pokémon
|rule|Item Clause: Limit 1 of each item
|clearpoke
|poke|p1|Sneasler, L50, M|
|poke|p1|Rillaboom, L50, F|
|poke|p1|Basculegion, L50, M|
|poke|p1|Incineroar, L50, F|
|poke|p1|Gallade, L50, M|
|poke|p1|Indeedee-F, L50, F|
|poke|p2|Charizard, L50, M|
|poke|p2|Torkoal, L50, F|
|poke|p2|Porygon2, L50|
|poke|p2|Incineroar, L50, M|
|poke|p2|Jumpluff, L50, M|
|poke|p2|Ursaluna, L50, M|
|teampreview|4
|showteam|p1|Sneasler||GrassySeed|Unburden|DireClaw,CloseCombat,ThroatChop,Protect|||M|||50|,,,,,Stellar]Rillaboom||AssaultVest|GrassySurge|FakeOut,GrassyGlide,WoodHammer,Uturn|||F|||50|,,,,,Fire]Basculegion||ChoiceScarf|Adaptability|LastRespects,WaveCrash,FlipTurn,PsychicFangs|||M|||50|,,,,,Water]Incineroar||SitrusBerry|Intimidate|FakeOut,KnockOff,PartingShot,FlareBlitz|||F|||50|,,,,,Ghost]Gallade||LifeOrb|Sharpness|PsychoCut,SacredSword,LeafBlade,Protect|||M|||50|,,,,,Stellar]Indeedee-F||SafetyGoggles|PsychicSurge|FollowMe,TrickRoom,HealPulse,Psychic|||F|||50|,,,,,Dark
|showteam|p2|Charizard||ChoiceSpecs|SolarPower|HeatWave,Overheat,WeatherBall,AirSlash|||M|||50|,,,,,Ghost]Torkoal||EjectPack|Drought|Eruption,Overheat,HelpingHand,Protect|||F|||50|,,,,,Fire]Porygon2||Eviolite|Download|IceBeam,TeraBlast,TrickRoom,Recover||||||50|,,,,,Fighting]Incineroar||SitrusBerry|Intimidate|FlareBlitz,KnockOff,FakeOut,PartingShot|||M|||50|,,,,,Ghost]Jumpluff||CovertCloak|Chlorophyll|SleepPowder,SunnyDay,RagePowder,Tailwind|||M|||50|,,,,,Water]Ursaluna||FlameOrb|Guts|HeadlongRush,Facade,Earthquake,Protect|||M|||50|,,,,,Ghost
|inactive|Battle timer is ON: inactive players will automatically lose when time's up. (requested by riley7654)
|
|t:|1756674905
|teamsize|p1|4
|teamsize|p2|4
|start
|switch|p1a: Indeedee|Indeedee-F, L50, F|100/100
|switch|p1b: Gallade|Gallade, L50, M|100/100
|switch|p2a: Porygon2|Porygon2, L50|100/100
|switch|p2b: Incineroar|Incineroar, L50, M|100/100
|-ability|p2b: Incineroar|Intimidate|boost
|-unboost|p1a: Indeedee|atk|1
|-unboost|p1b: Gallade|atk|1
|-fieldstart|move: Psychic Terrain|[from] ability: Psychic Surge|[of] p1a: Indeedee
|-ability|p2a: Porygon2|Download|boost
|-boost|p2a: Porygon2|atk|1
|turn|1
|inactive|riley7654 has 30 seconds left.
|inactive|SceptileFan7a0 has 30 seconds left.
|inactive|riley7654 has 20 seconds left.
|inactive|riley7654 has 15 seconds left.
|inactive|riley7654 has 10 seconds left.
|inactive|riley7654 has 5 seconds left.
|
|t:|1756674960
|move|p2b: Incineroar|Fake Out|p1b: Gallade
|-activate|p1b: Gallade|move: Psychic Terrain
|move|p1a: Indeedee|Follow Me|p1a: Indeedee
|-singleturn|p1a: Indeedee|move: Follow Me
|move|p2a: Porygon2|Tera Blast|p1a: Indeedee
|-damage|p1a: Indeedee|73/100
|move|p1b: Gallade|Psycho Cut|p2b: Incineroar
|-immune|p2b: Incineroar
|
|upkeep
|turn|2
|inactive|SceptileFan7a0 has 30 seconds left.
|
|t:|1756674989
|switch|p1b: Basculegion|Basculegion, L50, M|100/100
|move|p2b: Incineroar|Knock Off|p1a: Indeedee
|-supereffective|p1a: Indeedee
|-damage|p1a: Indeedee|0 fnt
|-enditem|p1a: Indeedee|Safety Goggles|[from] move: Knock Off|[of] p2b: Incineroar
|faint|p1a: Indeedee
|move|p2a: Porygon2|Trick Room|p2a: Porygon2
|-fieldstart|move: Trick Room|[of] p2a: Porygon2
|
|upkeep
|
|t:|1756674992
|switch|p1a: Gallade|Gallade, L50, M|100/100
|turn|3
|inactive|SceptileFan7a0 has 30 seconds left.
|
|t:|1756675023
|switch|p2a: Torkoal|Torkoal, L50, F|100/100
|-weather|SunnyDay|[from] ability: Drought|[of] p2a: Torkoal
|switch|p1b: Incineroar|Incineroar, L50, F|100/100
|-ability|p1b: Incineroar|Intimidate|boost
|-unboost|p2a: Torkoal|atk|1
|-unboost|p2b: Incineroar|atk|1
|-enditem|p2a: Torkoal|Eject Pack
|
|t:|1756675034
|switch|p2a: Ursaluna|Ursaluna, L50, M|100/100
|move|p1a: Gallade|Sacred Sword|p2a: Ursaluna
|-supereffective|p2a: Ursaluna
|-damage|p2a: Ursaluna|0 fnt
|faint|p2a: Ursaluna
|-damage|p1a: Gallade|91/100|[from] item: Life Orb
|move|p2b: Incineroar|Parting Shot|p1a: Gallade
|-unboost|p1a: Gallade|atk|1
|-unboost|p1a: Gallade|spa|1
|
|t:|1756675046
|switch|p2b: Porygon2|Porygon2, L50|100/100|[from] Parting Shot
|-ability|p2b: Porygon2|Download|boost
|-boost|p2b: Porygon2|atk|1
|
|-weather|SunnyDay|[upkeep]
|upkeep
|
|t:|1756675054
|switch|p2a: Torkoal|Torkoal, L50, F|100/100
|turn|4
|
|t:|1756675070
|move|p1a: Gallade|Protect|p1a: Gallade
|-singleturn|p1a: Gallade|Protect
|move|p2a: Torkoal|Eruption|p1a: Gallade|[spread] p1b
|-activate|p1a: Gallade|move: Protect
|-resisted|p1b: Incineroar
|-damage|p1b: Incineroar|70/100
|move|p2b: Porygon2|Tera Blast|p1b: Incineroar
|-damage|p1b: Incineroar|36/100
|-enditem|p1b: Incineroar|Sitrus Berry|[eat]
|-heal|p1b: Incineroar|61/100|[from] item: Sitrus Berry
|move|p1b: Incineroar|Parting Shot|p2a: Torkoal
|-unboost|p2a: Torkoal|atk|1
|-unboost|p2a: Torkoal|spa|1
|
|t:|1756675075
|switch|p1b: Basculegion|Basculegion, L50, M|100/100|[from] Parting Shot
|
|-weather|SunnyDay|[upkeep]
|upkeep
|turn|5
|inactive|SceptileFan7a0 has 30 seconds left.
|inactive|SceptileFan7a0 has 20 seconds left.
|inactive|SceptileFan7a0 has 15 seconds left.
|inactive|SceptileFan7a0 has 10 seconds left.
|inactive|SceptileFan7a0 has 5 seconds left.
|
|t:|1756675127
|switch|p1a: Incineroar|Incineroar, L50, F|61/100
|-ability|p1a: Incineroar|Intimidate|boost
|-unboost|p2a: Torkoal|atk|1
|-unboost|p2b: Porygon2|atk|1
|move|p2a: Torkoal|Eruption|p1b: Basculegion|[spread] p1a,p1b
|-resisted|p1a: Incineroar
|-resisted|p1b: Basculegion
|-damage|p1a: Incineroar|41/100
|-damage|p1b: Basculegion|73/100
|move|p2b: Porygon2|Tera Blast|p1a: Incineroar
|-damage|p1a: Incineroar|9/100
|move|p1b: Basculegion|Flip Turn|p2a: Torkoal
|-supereffective|p2a: Torkoal
|-damage|p2a: Torkoal|71/100
|
|t:|1756675133
|switch|p1b: Gallade|Gallade, L50, M|91/100|[from] Flip Turn
|
|-weather|SunnyDay|[upkeep]
|-fieldend|move: Psychic Terrain
|upkeep
|turn|6
|
|t:|1756675150
|switch|p2a: Incineroar|Incineroar, L50, M|100/100
|-ability|p2a: Incineroar|Intimidate|boost
|-unboost|p1a: Incineroar|atk|1
|-unboost|p1b: Gallade|atk|1
|move|p1a: Incineroar|Fake Out|p2a: Incineroar
|-damage|p2a: Incineroar|94/100
|move|p1b: Gallade|Sacred Sword|p2b: Porygon2
|-supereffective|p2b: Porygon2
|-damage|p2b: Porygon2|19/100
|-damage|p1b: Gallade|81/100|[from] item: Life Orb
|move|p2b: Porygon2|Tera Blast|p1a: Incineroar
|-damage|p1a: Incineroar|0 fnt
|faint|p1a: Incineroar
|
|-weather|SunnyDay|[upkeep]
|-fieldend|move: Trick Room
|upkeep
|
|t:|1756675153
|switch|p1a: Basculegion|Basculegion, L50, M|73/100
|turn|7
|inactive|SceptileFan7a0 has 30 seconds left.
|inactive|SceptileFan7a0 has 20 seconds left.
|inactive|SceptileFan7a0 has 15 seconds left.
|
|t:|1756675197
|move|p1a: Basculegion|Wave Crash|p2b: Porygon2
|-damage|p2b: Porygon2|0 fnt
|faint|p2b: Porygon2
|-damage|p1a: Basculegion|67/100|[from] Recoil
|move|p2a: Incineroar|Parting Shot|p1a: Basculegion
|-unboost|p1a: Basculegion|atk|1
|-unboost|p1a: Basculegion|spa|1
|
|t:|1756675204
|switch|p2a: Torkoal|Torkoal, L50, F|71/100|[from] Parting Shot
|move|p1b: Gallade|Sacred Sword|p2a: Torkoal
|-damage|p2a: Torkoal|22/100
|-damage|p1b: Gallade|72/100|[from] item: Life Orb
|
|-weather|none
|upkeep
|
|t:|1756675212
|switch|p2b: Incineroar|Incineroar, L50, M|94/100
|-ability|p2b: Incineroar|Intimidate|boost
|-unboost|p1a: Basculegion|atk|1
|-unboost|p1b: Gallade|atk|1
|turn|8
|
|t:|1756675222
|-terastallize|p2b: Incineroar|Ghost
|move|p2a: Torkoal|Helping Hand|p2b: Incineroar
|-singleturn|p2b: Incineroar|Helping Hand|[of] p2a: Torkoal
|move|p1a: Basculegion|Wave Crash|p2a: Torkoal
|-supereffective|p2a: Torkoal
|-damage|p2a: Torkoal|0 fnt
|faint|p2a: Torkoal
|-damage|p1a: Basculegion|60/100|[from] Recoil
|move|p2b: Incineroar|Knock Off|p1a: Basculegion
|-supereffective|p1a: Basculegion
|-damage|p1a: Basculegion|0 fnt
|-enditem|p1a: Basculegion|Choice Scarf|[from] move: Knock Off|[of] p2b: Incineroar
|faint|p1a: Basculegion
|move|p1b: Gallade|Sacred Sword|p2b: Incineroar
|-immune|p2b: Incineroar
|
|upkeep
|turn|9
|
|t:|1756675241
|-terastallize|p1b: Gallade|Stellar
|move|p2b: Incineroar|Knock Off|p1b: Gallade
|-damage|p1b: Gallade|12/100
|-enditem|p1b: Gallade|Life Orb|[from] move: Knock Off|[of] p2b: Incineroar
|move|p1b: Gallade|Psycho Cut|p2b: Incineroar
|-damage|p2b: Incineroar|52/100
|
|upkeep
|turn|10
|
|t:|1756675255
|move|p1b: Gallade|Protect|p1b: Gallade
|-singleturn|p1b: Gallade|Protect
|move|p2b: Incineroar|Knock Off|p1b: Gallade
|-activate|p1b: Gallade|move: Protect
|
|upkeep
|turn|11
|-message|riley7654 forfeited.
|
|win|SceptileFan7a0
|raw|riley7654's rating: 1055 → 1036(-19 for losing)
|raw|SceptileFan7a0's rating: 1032 → 1070(+38 for winning)
|l|☆riley7654
|player|p1|
