|j|‽WestyLiam
|j|☆dcerza127
|html|WestyLiamdcerza127    
|uhtml|bestof|Game 2 of a best-of-3
|t:|1754339732
|gametype|doubles
|player|p1|WestyLiam|170|1254
|player|p2|dcerza127|101|1264
|gen|9
|tier|[Gen 9] VGC 2025 Reg H (Bo3)
|rated|
|rule|Species Clause: Limit one of each Pokémon
|rule|Item Clause: Limit 1 of each item
|clearpoke
|poke|p1|Gholdengo, L50|
|poke|p1|Sneasler, L50, M|
|poke|p1|Rillaboom, L50, F|
|poke|p1|Dragonite, L50, F|
|poke|p1|Ninetales-Alola, L50, M|
|poke|p1|Arcanine-Hisui, L50, M|
|poke|p2|Meowscarada, L50, F|
|poke|p2|Primarina, L50, M|
|poke|p2|Sneasler, L50, M|
|poke|p2|Indeedee, L50, M|
|poke|p2|Decidueye-Hisui, L50, M|
|poke|p2|Arcanine-Hisui, L50, M|
|teampreview|4
|showteam|p1|Gholdengo||GrassySeed|GoodasGold|Protect,MakeItRain,ShadowBall,NastyPlot||||||50|,,,,,Water]Sneasler||WhiteHerb|Unburden|Protect,CloseCombat,DireClaw,Coaching|||M|||50|,,,,,Ghost]Rillaboom||AssaultVest|GrassySurge|FakeOut,DrumBeating,GrassyGlide,HighHorsepower|||F|||50|,,,,,Fire]Dragonite||LoadedDice|Multiscale|Protect,ScaleShot,StompingTantrum,Tailwind|||F|||50|,,,,,Ground]Ninetales-Alola||FocusSash|SnowWarning|Blizzard,IcyWind,Encore,AuroraVeil|||M|||50|,,,,,Ghost]Arcanine-Hisui||ClearAmulet|Intimidate|Protect,FlareBlitz,ExtremeSpeed,RockSlide|||M|||50|,,,,,Water
|showteam|p2|Meowscarada||FocusSash|Overgrow|GrassPledge,FlowerTrick,KnockOff,Protect|||F|||50|,,,,,Ghost]Primarina||CovertCloak|LiquidVoice|WaterPledge,HyperVoice,Moonblast,Protect|||M|||50|,,,,,Poison]Sneasler||PsychicSeed|Unburden|DireClaw,CloseCombat,ThroatChop,Protect|||M|||50|,,,,,Dark]Indeedee||SafetyGoggles|PsychicSurge|ExpandingForce,TrickRoom,Imprison,Protect|||M|||50|,,,,,Fairy]Decidueye-Hisui||RazorClaw|Scrappy|TripleArrows,LeafBlade,Tailwind,Protect|||M|||50|,,,,,Fire]Arcanine-Hisui||ClearAmulet|Intimidate|RockSlide,FlareBlitz,ExtremeSpeed,Protect|||M|||50|,,,,,Normal
|inactive|Battle timer is ON: inactive players will automatically lose when time's up. (requested by dcerza127)
|
|t:|1754339757
|teamsize|p1|4
|teamsize|p2|4
|start
|switch|p1a: Gholdengo|Gholdengo, L50|100/100
|switch|p1b: Rillaboom|Rillaboom, L50, F|100/100
|switch|p2a: Meowscarada|Meowscarada, L50, F|100/100
|switch|p2b: Primarina|Primarina, L50, M|100/100
|-fieldstart|move: Grassy Terrain|[from] ability: Grassy Surge|[of] p1b: Rillaboom
|-enditem|p1a: Gholdengo|Grassy Seed
|-boost|p1a: Gholdengo|def|1|[from] item: Grassy Seed
|turn|1
|
|t:|1754339772
|-terastallize|p2a: Meowscarada|Ghost
|-terastallize|p1a: Gholdengo|Water
|move|p2a: Meowscarada|Grass Pledge|p1b: Rillaboom
|-waiting|p2a: Meowscarada|p2b: Primarina
|move|p2b: Primarina|Water Pledge|p1b: Rillaboom|[from] move: Grass Pledge
|-combine
|-resisted|p1b: Rillaboom
|-damage|p1b: Rillaboom|57/100
|-sidestart|p1: WestyLiam|Grass Pledge
|move|p1b: Rillaboom|Drum Beating|p2b: Primarina
|-supereffective|p2b: Primarina
|-damage|p2b: Primarina|0 fnt
|faint|p2b: Primarina
|move|p1a: Gholdengo|Make It Rain|p2a: Meowscarada
|-damage|p2a: Meowscarada|4/100
|-unboost|p1a: Gholdengo|spa|1
|
|-heal|p2a: Meowscarada|10/100|[from] Grassy Terrain
|-heal|p1b: Rillaboom|62/100|[from] Grassy Terrain
|upkeep
|
|t:|1754339789
|switch|p2b: Indeedee|Indeedee, L50, M|100/100
|-fieldstart|move: Psychic Terrain|[from] ability: Psychic Surge|[of] p2b: Indeedee
|turn|2
|
|t:|1754339796
|switch|p1b: Dragonite|Dragonite, L50, F|100/100
|move|p1a: Gholdengo|Protect|p1a: Gholdengo
|-singleturn|p1a: Gholdengo|Protect
|move|p2a: Meowscarada|Knock Off|p1b: Dragonite
|-damage|p1b: Dragonite|77/100
|-enditem|p1b: Dragonite|Loaded Dice|[from] move: Knock Off|[of] p2a: Meowscarada
|move|p2b: Indeedee|Expanding Force|p1a: Gholdengo|[spread] p1b
|-activate|p1a: Gholdengo|move: Protect
|-damage|p1b: Dragonite|24/100
|
|upkeep
|turn|3
|inactive|WestyLiam has 30 seconds left.
|
|t:|1754339821
|switch|p2b: Sneasler|Sneasler, L50, M|100/100
|-enditem|p2b: Sneasler|Psychic Seed
|-boost|p2b: Sneasler|spd|1|[from] item: Psychic Seed
|switch|p1a: Rillaboom|Rillaboom, L50, F|62/100
|-fieldstart|move: Grassy Terrain|[from] ability: Grassy Surge|[of] p1a: Rillaboom
|move|p2a: Meowscarada|Knock Off|p1a: Rillaboom
|-damage|p1a: Rillaboom|13/100
|-enditem|p1a: Rillaboom|Assault Vest|[from] move: Knock Off|[of] p2a: Meowscarada
|move|p1b: Dragonite|Scale Shot|p2a: Meowscarada
|-damage|p2a: Meowscarada|0 fnt
|faint|p2a: Meowscarada
|-hitcount|p2: Meowscarada|1
|-unboost|p1b: Dragonite|def|1
|-boost|p1b: Dragonite|spe|1
|
|-heal|p1a: Rillaboom|18/100|[from] Grassy Terrain
|upkeep
|
|t:|1754339838
|switch|p2a: Indeedee|Indeedee, L50, M|100/100
|-fieldstart|move: Psychic Terrain|[from] ability: Psychic Surge|[of] p2a: Indeedee
|turn|4
|
|t:|1754339860
|switch|p1a: Gholdengo|Gholdengo, L50, tera:Water|100/100
|move|p2b: Sneasler|Dire Claw|p1a: Gholdengo
|-damage|p1a: Gholdengo|59/100
|-status|p1a: Gholdengo|par
|move|p2a: Indeedee|Expanding Force|p1b: Dragonite|[spread] p1a,p1b
|-damage|p1a: Gholdengo|9/100 par
|-damage|p1b: Dragonite|0 fnt
|faint|p1b: Dragonite
|
|-sideend|p1: WestyLiam|Grass Pledge
|upkeep
|
|t:|1754339863
|switch|p1b: Sneasler|Sneasler, L50, M|100/100
|turn|5
|
|t:|1754339883
|move|p1b: Sneasler|Protect|p1b: Sneasler
|-singleturn|p1b: Sneasler|Protect
|move|p2b: Sneasler|Dire Claw|p1b: Sneasler
|-activate|p1b: Sneasler|move: Protect
|move|p2a: Indeedee|Expanding Force|p1a: Gholdengo|[spread] p1a
|-activate|p1b: Sneasler|move: Protect
|-damage|p1a: Gholdengo|0 fnt
|faint|p1a: Gholdengo
|
|upkeep
|
|t:|1754339885
|switch|p1a: Rillaboom|Rillaboom, L50, F|18/100
|-fieldstart|move: Grassy Terrain|[from] ability: Grassy Surge|[of] p1a: Rillaboom
|turn|6
|
|t:|1754339901
|move|p2b: Sneasler|Protect|p2b: Sneasler
|-singleturn|p2b: Sneasler|Protect
|move|p2a: Indeedee|Protect|p2a: Indeedee
|-singleturn|p2a: Indeedee|Protect
|move|p1a: Rillaboom|Fake Out|p2a: Indeedee
|-activate|p2a: Indeedee|move: Protect
|move|p1b: Sneasler|Dire Claw|p2a: Indeedee
|-activate|p2a: Indeedee|move: Protect
|
|-heal|p1a: Rillaboom|24/100|[from] Grassy Terrain
|upkeep
|turn|7
|inactive|dcerza127 has 30 seconds left.
|
|t:|1754339931
|move|p1a: Rillaboom|Grassy Glide|p2a: Indeedee
|-damage|p2a: Indeedee|47/100
|move|p2b: Sneasler|Dire Claw|p1a: Rillaboom
|-supereffective|p1a: Rillaboom
|-damage|p1a: Rillaboom|0 fnt
|faint|p1a: Rillaboom
|move|p1b: Sneasler|Dire Claw|p2a: Indeedee
|-damage|p2a: Indeedee|0 fnt
|faint|p2a: Indeedee
|
|upkeep
|turn|8
|
|t:|1754339949
|move|p2b: Sneasler|Dire Claw|p1b: Sneasler
|-resisted|p1b: Sneasler
|-damage|p1b: Sneasler|70/100
|-status|p1b: Sneasler|slp
|cant|p1b: Sneasler|slp
|
|-heal|p1b: Sneasler|76/100 slp|[from] Grassy Terrain
|upkeep
|turn|9
|
|t:|1754339959
|move|p2b: Sneasler|Dire Claw|p1b: Sneasler
|-resisted|p1b: Sneasler
|-damage|p1b: Sneasler|47/100 slp
|-curestatus|p1b: Sneasler|slp|[msg]
|move|p1b: Sneasler|Dire Claw|p2b: Sneasler
|-resisted|p2b: Sneasler
|-damage|p2b: Sneasler|69/100
|-status|p2b: Sneasler|par
|
|-heal|p2b: Sneasler|74/100 par|[from] Grassy Terrain
|-heal|p1b: Sneasler|54/100|[from] Grassy Terrain
|upkeep
|turn|10
|
|t:|1754339970
|move|p1b: Sneasler|Protect|p1b: Sneasler
|-singleturn|p1b: Sneasler|Protect
|cant|p2b: Sneasler|par
|
|-heal|p2b: Sneasler|80/100 par|[from] Grassy Terrain
|-heal|p1b: Sneasler|60/100|[from] Grassy Terrain
|-fieldend|move: Grassy Terrain
|upkeep
|turn|11
|
|t:|1754339977
|move|p2b: Sneasler|Dire Claw|p1b: Sneasler
|-resisted|p1b: Sneasler
|-damage|p1b: Sneasler|29/100
|move|p1b: Sneasler|Dire Claw|p2b: Sneasler
|-resisted|p2b: Sneasler
|-damage|p2b: Sneasler|45/100 par
|
|upkeep
|turn|12
|
|t:|1754339985
|cant|p2b: Sneasler|par
|move|p1b: Sneasler|Close Combat|p2b: Sneasler
|-resisted|p2b: Sneasler
|-damage|p2b: Sneasler|0 fnt
|-unboost|p1b: Sneasler|def|1
|-unboost|p1b: Sneasler|spd|1
|faint|p2b: Sneasler
|-enditem|p1b: Sneasler|White Herb
|-clearnegativeboost|p1b: Sneasler|[silent]
|
|win|WestyLiam
|raw|WestyLiam's rating: 1254 → 1280(+26 for winning)
|raw|dcerza127's rating: 1264 → 1238(-26 for losing)
|l|‽WestyLiam
|player|p1|
|l|☆dcerza127
|player|p2|
|j|‽WestyLiam
|player|p1|WestyLiam|170|
|n|‽WestyLiam|westyliam
