|j|☆raksbach
|j|☆EBnilla
|html|raksbachEBnilla    
|uhtml|bestof|Game 2 of a best-of-3
|t:|1783689273
|gametype|doubles
|player|p1|raksbach|169|1151
|player|p2|EBnilla|backpacker|1218
|gen|9
|tier|[Gen 9 Champions] VGC 2026 Reg M-B (Bo3)
|rated|
|rule|Species Clause: Limit one of each Pokémon
|rule|Item Clause: Limit 1 of each item
|clearpoke
|poke|p1|Incineroar, L50, M|
|poke|p1|Maushold, L50|
|poke|p1|Sinistcha, L50|
|poke|p1|Sneasler, L50, M|
|poke|p1|Blastoise, L50, F|
|poke|p1|Delphox, L50, F|
|poke|p2|Grimmsnarl, L50, M|
|poke|p2|Annihilape, L50, M|
|poke|p2|Raichu, L50, M|
|poke|p2|Sinistcha, L50|
|poke|p2|Drampa, L50, F|
|poke|p2|Incineroar, L50, F|
|teampreview|4
|showteam|p1|Incineroar||SitrusBerry|Intimidate|FakeOut,FlareBlitz,DarkestLariat,PartingShot|Impish||M|||50|]Maushold||ChopleBerry|FriendGuard|SuperFang,FollowMe,Protect,Feint|Impish|||||50|]Sinistcha||OccaBerry|Hospitality|MatchaGotcha,LifeDew,RagePowder,Protect|Bold|||||50|]Sneasler||FocusSash|PoisonTouch|FakeOut,CloseCombat,DireClaw,QuickGuard|Jolly||M|||50|]Blastoise||Blastoisinite|Torrent|WaterSpout,DarkPulse,ShellSmash,Protect|Modest||F|||50|]Delphox||Delphoxite|Blaze|HeatWave,Psychic,NastyPlot,Protect|Timid||F|||50|
|showteam|p2|Grimmsnarl||LightClay|Prankster|SpiritBreak,Reflect,LightScreen,PartingShot|Relaxed||M|||50|]Annihilape||Leftovers|Defiant|RageFist,DrainPunch,BulkUp,Protect|Careful||M|||50|]Raichu||RaichuniteY|Static|ZapCannon,FocusBlast,FakeOut,Protect|Timid||M|||50|]Sinistcha||SitrusBerry|Hospitality|MatchaGotcha,RagePowder,LifeDew,Protect|Calm|||||50|]Drampa||Drampanite|CloudNine|HyperVoice,DragonPulse,Snarl,Protect|Quiet||F|||50|]Incineroar||BlackGlasses|Intimidate|FlareBlitz,DarkestLariat,FakeOut,PartingShot|Adamant||F|||50|
|inactive|Battle timer is ON: inactive players will automatically lose when time's up. (requested by raksbach)
|inactive|EBnilla has 60 seconds left.
|
|t:|1783689313
|teamsize|p1|4
|teamsize|p2|4
|start
|switch|p1a: Sneasler|Sneasler, L50, M|100/100
|switch|p1b: Incineroar|Incineroar, L50, M|100/100
|switch|p2a: Grimmsnarl|Grimmsnarl, L50, M|100/100
|switch|p2b: Incineroar|Incineroar, L50, F|100/100
|-ability|p2b: Incineroar|Intimidate|boost
|-unboost|p1a: Sneasler|atk|1
|-unboost|p1b: Incineroar|atk|1
|-ability|p1b: Incineroar|Intimidate|boost
|-unboost|p2a: Grimmsnarl|atk|1
|-unboost|p2b: Incineroar|atk|1
|turn|1
|
|t:|1783689337
|move|p1b: Incineroar|Fake Out|p2b: Incineroar
|-damage|p2b: Incineroar|91/100
|cant|p2b: Incineroar|flinch
|move|p2a: Grimmsnarl|Reflect|p2a: Grimmsnarl
|-sidestart|p2: EBnilla|Reflect
|move|p1a: Sneasler|Dire Claw|p2a: Grimmsnarl
|-supereffective|p2a: Grimmsnarl|1
|-crit|p2a: Grimmsnarl
|-damage|p2a: Grimmsnarl|0 fnt
|faint|p2a: Grimmsnarl
|
|upkeep
|
|t:|1783689342
|switch|p2a: Raichu|Raichu, L50, M|100/100
|turn|2
|
|t:|1783689361
|switch|p1a: Sinistcha|Sinistcha, L50|100/100
|detailschange|p2a: Raichu|Raichu-Mega-Y, L50, M
|-mega|p2a: Raichu|Raichu|Raichunite Y
|move|p2a: Raichu|Zap Cannon|p1a: Sinistcha
|-resisted|p1a: Sinistcha|1
|-damage|p1a: Sinistcha|67/100
|-status|p1a: Sinistcha|par
|move|p1b: Incineroar|Parting Shot|p2b: Incineroar
|-unboost|p2b: Incineroar|atk|1
|-unboost|p2b: Incineroar|spa|1
|
|t:|1783689375
|switch|p1b: Delphox|Delphox, L50, F|100/100|[from] Parting Shot
|move|p2b: Incineroar|Darkest Lariat|p1a: Sinistcha
|-supereffective|p1a: Sinistcha|1
|-damage|p1a: Sinistcha|16/100 par
|
|upkeep
|turn|3
|
|t:|1783689387
|switch|p2b: Annihilape|Annihilape, L50, M|100/100
|detailschange|p1b: Delphox|Delphox-Mega, L50, F
|-mega|p1b: Delphox|Delphox|Delphoxite
|move|p1a: Sinistcha|Rage Powder|p1a: Sinistcha
|-singleturn|p1a: Sinistcha|move: Rage Powder
|move|p2a: Raichu|Zap Cannon|p1a: Sinistcha
|-resisted|p1a: Sinistcha|1
|-damage|p1a: Sinistcha|0 fnt
|faint|p1a: Sinistcha
|move|p1b: Delphox|Nasty Plot|p1b: Delphox
|-boost|p1b: Delphox|spa|2
|
|upkeep
|
|t:|1783689402
|switch|p1a: Sneasler|Sneasler, L50, M|100/100
|turn|4
|
|t:|1783689407
|switch|p2b: Incineroar|Incineroar, L50, F|91/100
|-ability|p2b: Incineroar|Intimidate|boost
|-unboost|p1a: Sneasler|atk|1
|-unboost|p1b: Delphox|atk|1
|move|p2a: Raichu|Protect|p2a: Raichu
|-singleturn|p2a: Raichu|Protect
|move|p1a: Sneasler|Fake Out|p2a: Raichu
|-activate|p2a: Raichu|move: Protect
|move|p1b: Delphox|Psychic|p2b: Incineroar
|-immune|p2b: Incineroar
|
|upkeep
|turn|5
|
|t:|1783689430
|switch|p1a: Incineroar|Incineroar, L50, M|100/100
|-ability|p1a: Incineroar|Intimidate|boost
|-unboost|p2a: Raichu|atk|1
|-unboost|p2b: Incineroar|atk|1
|move|p2b: Incineroar|Fake Out|p1a: Incineroar
|-damage|p1a: Incineroar|92/100
|move|p2a: Raichu|Zap Cannon|p1b: Delphox
|-damage|p1b: Delphox|32/100
|-status|p1b: Delphox|par
|move|p1b: Delphox|Heat Wave|p2a: Raichu|[spread] p2a,p2b
|-resisted|p2b: Incineroar|1
|-damage|p2a: Raichu|0 fnt
|-damage|p2b: Incineroar|57/100
|faint|p2a: Raichu
|
|upkeep
|
|t:|1783689433
|switch|p2a: Annihilape|Annihilape, L50, M|100/100
|turn|6
|
|t:|1783689453
|move|p2a: Annihilape|Rage Fist|p1b: Delphox
|-supereffective|p1b: Delphox|1
|-damage|p1b: Delphox|0 fnt
|faint|p1b: Delphox
|move|p2b: Incineroar|Darkest Lariat|p1a: Incineroar
|-resisted|p1a: Incineroar|1
|-damage|p1a: Incineroar|79/100
|move|p1a: Incineroar|Parting Shot|p2b: Incineroar
|-unboost|p2b: Incineroar|atk|1
|-unboost|p2b: Incineroar|spa|1
|
|t:|1783689463
|switch|p1a: Sneasler|Sneasler, L50, M|100/100|[from] Parting Shot
|
|upkeep
|
|t:|1783689467
|switch|p1b: Incineroar|Incineroar, L50, M|79/100
|-ability|p1b: Incineroar|Intimidate|boost
|-unboost|p2a: Annihilape|atk|1
|-ability|p2a: Annihilape|Defiant|boost
|-boost|p2a: Annihilape|atk|2
|-unboost|p2b: Incineroar|atk|1
|turn|7
|
|t:|1783689485
|move|p1a: Sneasler|Close Combat|p2b: Incineroar
|-supereffective|p2b: Incineroar|1
|-damage|p2b: Incineroar|0 fnt
|-unboost|p1a: Sneasler|def|1
|-unboost|p1a: Sneasler|spd|1
|faint|p2b: Incineroar
|move|p2a: Annihilape|Drain Punch|p1a: Sneasler
|-resisted|p1a: Sneasler|1
|-damage|p1a: Sneasler|38/100
|move|p1b: Incineroar|Flare Blitz|p2a: Annihilape
|-damage|p2a: Annihilape|71/100
|-damage|p1b: Incineroar|69/100|[from] Recoil
|
|-heal|p2a: Annihilape|77/100|[from] item: Leftovers
|upkeep
|turn|8
|inactive|EBnilla has 30 seconds left.
|
|t:|1783689519
|move|p1a: Sneasler|Dire Claw|p2a: Annihilape
|-resisted|p2a: Annihilape|1
|-damage|p2a: Annihilape|63/100
|-status|p2a: Annihilape|psn
|move|p2a: Annihilape|Drain Punch|p1a: Sneasler
|-resisted|p1a: Sneasler|1
|-damage|p1a: Sneasler|0 fnt
|-heal|p2a: Annihilape|76/100 psn|[from] drain|[of] p1a: Sneasler
|faint|p1a: Sneasler
|move|p1b: Incineroar|Flare Blitz|p2a: Annihilape
|-damage|p2a: Annihilape|46/100 psn
|-damage|p1b: Incineroar|58/100|[from] Recoil
|
|-heal|p2a: Annihilape|52/100 psn|[from] item: Leftovers
|-damage|p2a: Annihilape|39/100 psn|[from] psn
|-sideend|p2: EBnilla|Reflect
|upkeep
|turn|9
|
|t:|1783689538
|move|p2a: Annihilape|Drain Punch|p1b: Incineroar
|-supereffective|p1b: Incineroar|1
|-damage|p1b: Incineroar|0 fnt
|-heal|p2a: Annihilape|66/100 psn|[from] drain|[of] p1b: Incineroar
|faint|p1b: Incineroar
|
|win|EBnilla
