|j|☆tamagotchai-00
|j|☆axcoquette
|html|tamagotchai-00axcoquette    
|uhtml|bestof|Game 2 of a best-of-3
|t:|1783885992
|gametype|doubles
|player|p1|tamagotchai-00|169|1024
|player|p2|axcoquette|maid|1121
|gen|9
|tier|[Gen 9 Champions] VGC 2026 Reg M-B (Bo3)
|rated|
|rule|Species Clause: Limit one of each Pokémon
|rule|Item Clause: Limit 1 of each item
|clearpoke
|poke|p1|Floette-Eternal, L50, F|
|poke|p1|Charizard, L50, M|
|poke|p1|Whimsicott, L50, M|
|poke|p1|Garchomp, L50, F|
|poke|p1|Basculegion, L50, M|
|poke|p1|Kingambit, L50, M|
|poke|p2|Delphox, L50, F|
|poke|p2|Sneasler, L50, M|
|poke|p2|Sinistcha, L50|
|poke|p2|Incineroar, L50, M|
|poke|p2|Kingambit, L50, F|
|poke|p2|Floette-Eternal, L50, F|
|teampreview|4
|showteam|p1|Floette-Eternal||Floettite|FlowerVeil|Moonblast,DazzlingGleam,LightofRuin,Protect|Modest||F|||50|]Charizard||CharizarditeY|SolarPower|HeatWave,SolarBeam,WeatherBall,Protect|Modest||M|||50|]Whimsicott||FocusSash|Prankster|Moonblast,Tailwind,Encore,Protect|Timid||M|||50|]Garchomp||RoseliBerry|RoughSkin|StompingTantrum,DragonClaw,PoisonJab,RockSlide|Adamant||F|||50|]Basculegion||LifeOrb|Adaptability|WaveCrash,LastRespects,AquaJet,Protect|Adamant||M|||50|]Kingambit||OccaBerry|Defiant|KowtowCleave,LowKick,SuckerPunch,IronHead|Adamant||M|||50|
|showteam|p2|Delphox||Delphoxite|Blaze|NastyPlot,HeatWave,Psychic|Timid||F|||50|]Sneasler||FocusSash|PoisonTouch|FakeOut,PoisonJab,CloseCombat,Protect|Jolly||M|||50|]Sinistcha||KasibBerry|Hospitality|Protect,RagePowder,MatchaGotcha,LifeDew|Bold|||||50|]Incineroar||SitrusBerry|Intimidate|FakeOut,FlareBlitz,HelpingHand,PartingShot|Careful||M|||50|]Kingambit||BlackGlasses|Defiant|KowtowCleave,SwordsDance,SuckerPunch,Protect|Adamant||F|||50|]Floette-Eternal||Floettite|FlowerVeil|Moonblast,DazzlingGleam,CalmMind,Protect|Modest||F|||50|
|inactive|Battle timer is ON: inactive players will automatically lose when time's up. (requested by tamagotchai-00)
|inactive|axcoquette also wants the timer to be on.
|
|t:|1783886015
|teamsize|p1|4
|teamsize|p2|4
|start
|switch|p1a: Floette|Floette-Eternal, L50, F|100/100
|switch|p1b: Charizard|Charizard, L50, M|100/100
|switch|p2a: Floette|Floette-Eternal, L50, F|100/100
|switch|p2b: Incineroar|Incineroar, L50, M|100/100
|-ability|p2b: Incineroar|Intimidate|boost
|-unboost|p1a: Floette|atk|1
|-unboost|p1b: Charizard|atk|1
|turn|1
|
|t:|1783886025
|detailschange|p1b: Charizard|Charizard-Mega-Y, L50, M
|-mega|p1b: Charizard|Charizard|Charizardite Y
|-weather|SunnyDay|[from] ability: Drought|[of] p1b: Charizard
|detailschange|p2a: Floette|Floette-Mega, L50, F
|-mega|p2a: Floette|Floette|Floettite
|-ability|p2a: Floette|Fairy Aura
|move|p2b: Incineroar|Fake Out|p1b: Charizard
|-damage|p1b: Charizard|88/100
|move|p2a: Floette|Calm Mind|p2a: Floette
|-boost|p2a: Floette|spa|1
|-boost|p2a: Floette|spd|1
|cant|p1b: Charizard|flinch
|move|p1a: Floette|Moonblast|p2a: Floette
|-damage|p2a: Floette|58/100
|
|-weather|SunnyDay|[upkeep]
|upkeep
|turn|2
|inactive|axcoquette has 30 seconds left.
|
|t:|1783886055
|move|p2b: Incineroar|Helping Hand|p2a: Floette
|-singleturn|p2a: Floette|Helping Hand|[of] p2b: Incineroar
|move|p2a: Floette|Moonblast|p1a: Floette
|-damage|p1a: Floette|0 fnt
|faint|p1a: Floette
|move|p1b: Charizard|Heat Wave|p2b: Incineroar|[spread] p2a
|-miss|p1b: Charizard|p2b: Incineroar
|-damage|p2a: Floette|25/100
|
|-weather|SunnyDay|[upkeep]
|upkeep
|
|t:|1783886055
|switch|p1a: Whimsicott|Whimsicott, L50, M|100/100
|turn|3
|
|t:|1783886078
|move|p2a: Floette|Protect|p2a: Floette
|-singleturn|p2a: Floette|Protect
|move|p1a: Whimsicott|Moonblast|p2a: Floette
|-activate|p2a: Floette|move: Protect
|move|p1b: Charizard|Heat Wave|p2a: Floette|[spread] p2b
|-activate|p2a: Floette|move: Protect
|-resisted|p2b: Incineroar|1
|-damage|p2b: Incineroar|77/100
|move|p2b: Incineroar|Parting Shot|p1b: Charizard
|-unboost|p1b: Charizard|atk|1
|-unboost|p1b: Charizard|spa|1
|
|t:|1783886093
|switch|p2b: Sinistcha|Sinistcha, L50|100/100|[from] Parting Shot
|-heal|p2a: Floette|50/100g|[from] ability: Hospitality|[of] p2b: Sinistcha
|
|-weather|SunnyDay|[upkeep]
|upkeep
|turn|4
|
|t:|1783886109
|switch|p2b: Incineroar|Incineroar, L50, M|77/100
|-ability|p2b: Incineroar|Intimidate|boost
|-unboost|p1a: Whimsicott|atk|1
|-unboost|p1b: Charizard|atk|1
|move|p1a: Whimsicott|Moonblast|p2a: Floette
|-damage|p2a: Floette|24/100
|move|p2a: Floette|Moonblast|p1b: Charizard
|-resisted|p1b: Charizard|1
|-damage|p1b: Charizard|36/100
|move|p1b: Charizard|Heat Wave|p2a: Floette|[spread] p2a,p2b
|-resisted|p2b: Incineroar|1
|-damage|p2a: Floette|0 fnt
|-damage|p2b: Incineroar|62/100
|faint|p2a: Floette
|
|-weather|SunnyDay|[upkeep]
|upkeep
|
|t:|1783886123
|switch|p2a: Kingambit|Kingambit, L50, F|100/100
|turn|5
|
|t:|1783886128
|move|p2b: Incineroar|Fake Out|p1b: Charizard
|-damage|p1b: Charizard|24/100
|move|p1a: Whimsicott|Moonblast|p2a: Kingambit
|-damage|p2a: Kingambit|63/100
|cant|p1b: Charizard|flinch
|move|p2a: Kingambit|Swords Dance|p2a: Kingambit
|-boost|p2a: Kingambit|atk|2
|
|-weather|none
|upkeep
|turn|6
|
|t:|1783886146
|move|p2a: Kingambit|Sucker Punch|p1b: Charizard
|-damage|p1b: Charizard|0 fnt
|faint|p1b: Charizard
|move|p1a: Whimsicott|Moonblast|p2a: Kingambit
|-damage|p2a: Kingambit|27/100
|move|p2b: Incineroar|Parting Shot|p1a: Whimsicott
|-unboost|p1a: Whimsicott|atk|1
|-unboost|p1a: Whimsicott|spa|1
|
|t:|1783886153
|switch|p2b: Sinistcha|Sinistcha, L50|100/100|[from] Parting Shot
|-heal|p2a: Kingambit|51/100|[from] ability: Hospitality|[of] p2b: Sinistcha
|
|upkeep
|
|t:|1783886154
|switch|p1b: Garchomp|Garchomp, L50, F|100/100
|turn|7
|
|t:|1783886160
|switch|p2b: Incineroar|Incineroar, L50, M|62/100
|-ability|p2b: Incineroar|Intimidate|boost
|-unboost|p1a: Whimsicott|atk|1
|-unboost|p1b: Garchomp|atk|1
|move|p2a: Kingambit|Protect|p2a: Kingambit
|-singleturn|p2a: Kingambit|Protect
|move|p1a: Whimsicott|Moonblast|p2a: Kingambit
|-activate|p2a: Kingambit|move: Protect
|move|p1b: Garchomp|Stomping Tantrum|p2a: Kingambit
|-activate|p2a: Kingambit|move: Protect
|
|upkeep
|turn|8
|inactive|axcoquette has 30 seconds left.
|
|t:|1783886193
|move|p2b: Incineroar|Fake Out|p1b: Garchomp
|-damage|p1b: Garchomp|89/100
|-damage|p2b: Incineroar|49/100|[from] ability: Rough Skin|[of] p1b: Garchomp
|-enditem|p2b: Incineroar|Sitrus Berry|[eat]
|-heal|p2b: Incineroar|74/100|[from] item: Sitrus Berry
|move|p1a: Whimsicott|Moonblast|p2a: Kingambit
|-damage|p2a: Kingambit|29/100
|cant|p1b: Garchomp|flinch
|move|p2a: Kingambit|Swords Dance|p2a: Kingambit
|-boost|p2a: Kingambit|atk|2
|
|upkeep
|turn|9
|
|t:|1783886207
|switch|p2b: Sinistcha|Sinistcha, L50|100/100
|-heal|p2a: Kingambit|54/100|[from] ability: Hospitality|[of] p2b: Sinistcha
|move|p2a: Kingambit|Protect|p2a: Kingambit
|-singleturn|p2a: Kingambit|Protect
|move|p1a: Whimsicott|Moonblast|p2a: Kingambit
|-activate|p2a: Kingambit|move: Protect
|move|p1b: Garchomp|Stomping Tantrum|p2a: Kingambit
|-activate|p2a: Kingambit|move: Protect
|
|upkeep
|turn|10
|
|t:|1783886221
|move|p2b: Sinistcha|Rage Powder|p2b: Sinistcha
|-singleturn|p2b: Sinistcha|move: Rage Powder
|move|p2a: Kingambit|Sucker Punch|p1b: Garchomp
|-damage|p1b: Garchomp|0 fnt
|-damage|p2a: Kingambit|42/100|[from] ability: Rough Skin|[of] p1b: Garchomp
|faint|p1b: Garchomp
|move|p1a: Whimsicott|Moonblast|p2a: Kingambit
|-damage|p2a: Kingambit|17/100
|
|upkeep
|turn|11
|
|t:|1783886230
|switch|p2b: Incineroar|Incineroar, L50, M|74/100
|-ability|p2b: Incineroar|Intimidate|boost
|-unboost|p1a: Whimsicott|atk|1
|move|p2a: Kingambit|Protect|p2a: Kingambit
|-singleturn|p2a: Kingambit|Protect
|move|p1a: Whimsicott|Tailwind|p1a: Whimsicott
|-sidestart|p1: tamagotchai-00|move: Tailwind
|
|upkeep
|turn|12
|
|t:|1783886239
|move|p2b: Incineroar|Fake Out|p1a: Whimsicott
|-damage|p1a: Whimsicott|82/100
|cant|p1a: Whimsicott|flinch
|move|p2a: Kingambit|Kowtow Cleave|p1a: Whimsicott
|-resisted|p1a: Whimsicott|1
|-damage|p1a: Whimsicott|0 fnt
|faint|p1a: Whimsicott
|
|win|axcoquette
|raw|tamagotchai-00's rating: 1024 → 1014(-10 for losing)
|raw|axcoquette's rating: 1121 → 1139(+18 for winning)
