|j|☆Capravolante97
|j|☆PikaTROD
|html|Capravolante97PikaTROD    
|uhtml|bestof|Game 2 of a best-of-3
|t:|1756838008
|gametype|doubles
|player|p1|Capravolante97|fantina|1389
|player|p2|PikaTROD|1|1511
|gen|9
|tier|[Gen 9] VGC 2025 Reg H (Bo3)
|rated|
|rule|Species Clause: Limit one of each Pokémon
|rule|Item Clause: Limit 1 of each item
|clearpoke
|poke|p1|Whimsicott, L50, F|
|poke|p1|Corviknight, L50, M|
|poke|p1|Indeedee, L50, M|
|poke|p1|Sneasler, L50, M|
|poke|p1|Ursaluna-Bloodmoon, L50, M|
|poke|p1|Archaludon, L50, M|
|poke|p2|Kingambit, L50, F|
|poke|p2|Primarina, L50, F|
|poke|p2|Sneasler, L50, F|
|poke|p2|Magmar, L50, F|
|poke|p2|Rillaboom, L50, M|
|poke|p2|Dragapult, L50, M|
|teampreview|4
|showteam|p1|Whimsicott||CovertCloak|Prankster|Moonblast,Taunt,Tailwind,FakeTears|||F|||50|,,,,,Water]Corviknight||Leftovers|MirrorArmor|BraveBird,BulkUp,Tailwind,Roost|||M|||50|,,,,,Dragon]Indeedee||FocusSash|PsychicSurge|ExpandingForce,TeraBlast,Imprison,TrickRoom|||M|||50|,,,,,Psychic]Sneasler||PsychicSeed|Unburden|CloseCombat,DireClaw,ThroatChop,Protect|||M|||50|,,,,,Dark]Ursaluna-Bloodmoon||LifeOrb|MindsEye|HyperVoice,BloodMoon,EarthPower,Protect|||M|||50|,,,,,Normal]Archaludon||PowerHerb|Stalwart|ElectroShot,DragonPulse,Thunderbolt,Protect|||M|||50|,,,,,Electric
|showteam|p2|Kingambit||BlackGlasses|Defiant|KowtowCleave,SuckerPunch,SwordsDance,Protect|||F|||50|,,,,,Dark]Primarina||SitrusBerry|LiquidVoice|HyperVoice,Moonblast,Haze,Protect|||F|||50|,,,,,Water]Sneasler||FocusSash|Unburden|CloseCombat,DireClaw,FakeOut,Protect|||F|||50|,,,,,Stellar]Magmar||Eviolite|VitalSpirit|Overheat,WillOWisp,FollowMe,Protect|||F|||50|,,,,,Ghost]Rillaboom||AssaultVest|GrassySurge|WoodHammer,GrassyGlide,HighHorsepower,FakeOut|||M|||50|,,,,,Fire]Dragapult||ChoiceBand|ClearBody|DragonDarts,PhantomForce,Outrage,Uturn|||M|||50|,,,,,Dragon
|inactive|Battle timer is ON: inactive players will automatically lose when time's up. (requested by Capravolante97)
|inactive|Capravolante97 has 60 seconds left.
|
|t:|1756838056
|teamsize|p1|4
|teamsize|p2|4
|start
|switch|p1a: Indeedee|Indeedee, L50, M|100/100
|switch|p1b: Sneasler|Sneasler, L50, M|100/100
|switch|p2a: Sneasler|Sneasler, L50, F|100/100
|switch|p2b: Magmar|Magmar, L50, F|100/100
|-fieldstart|move: Psychic Terrain|[from] ability: Psychic Surge|[of] p1a: Indeedee
|-enditem|p1b: Sneasler|Psychic Seed
|-boost|p1b: Sneasler|spd|1|[from] item: Psychic Seed
|turn|1
|j| teamthief420
|
|t:|1756838079
|switch|p2a: Rillaboom|Rillaboom, L50, M|100/100
|-fieldstart|move: Grassy Terrain|[from] ability: Grassy Surge|[of] p2a: Rillaboom
|move|p1b: Sneasler|Dire Claw|p2b: Magmar
|-damage|p2b: Magmar|62/100
|move|p1a: Indeedee|Expanding Force|p2a: Rillaboom
|-damage|p2a: Rillaboom|71/100
|move|p2b: Magmar|Will-O-Wisp|p1b: Sneasler
|-status|p1b: Sneasler|brn
|
|-heal|p2b: Magmar|68/100|[from] Grassy Terrain
|-heal|p2a: Rillaboom|77/100|[from] Grassy Terrain
|-damage|p1b: Sneasler|95/100 brn|[from] brn
|upkeep
|turn|2
|inactive|PikaTROD has 30 seconds left.
|
|t:|1756838111
|switch|p1a: Corviknight|Corviknight, L50, M|100/100
|-terastallize|p2a: Rillaboom|Fire
|move|p2b: Magmar|Protect|p2b: Magmar
|-singleturn|p2b: Magmar|Protect
|move|p1b: Sneasler|Dire Claw|p2a: Rillaboom
|-damage|p2a: Rillaboom|56/100
|-status|p2a: Rillaboom|slp
|cant|p2a: Rillaboom|slp
|
|-heal|p1b: Sneasler|100/100 brn|[from] Grassy Terrain
|-heal|p2b: Magmar|74/100|[from] Grassy Terrain
|-heal|p2a: Rillaboom|62/100 slp|[from] Grassy Terrain
|-damage|p1b: Sneasler|95/100 brn|[from] brn
|upkeep
|turn|3
|
|t:|1756838132
|switch|p1a: Indeedee|Indeedee, L50, M|100/100
|-fieldstart|move: Psychic Terrain|[from] ability: Psychic Surge|[of] p1a: Indeedee
|move|p1b: Sneasler|Dire Claw|p2b: Magmar
|-damage|p2b: Magmar|55/100
|move|p2b: Magmar|Overheat|p1a: Indeedee
|-damage|p1a: Indeedee|37/100
|-unboost|p2b: Magmar|spa|2
|-curestatus|p2a: Rillaboom|slp|[msg]
|move|p2a: Rillaboom|High Horsepower|p1b: Sneasler
|-supereffective|p1b: Sneasler
|-damage|p1b: Sneasler|0 fnt
|faint|p1b: Sneasler
|
|upkeep
|
|t:|1756838145
|switch|p1b: Corviknight|Corviknight, L50, M|100/100
|turn|4
|inactive|PikaTROD has 30 seconds left.
|
|t:|1756838175
|move|p2b: Magmar|Protect|p2b: Magmar
|-singleturn|p2b: Magmar|Protect
|move|p1a: Indeedee|Expanding Force|p2b: Magmar|[spread] p2a
|-activate|p2b: Magmar|move: Protect
|-damage|p2a: Rillaboom|22/100
|move|p2a: Rillaboom|Wood Hammer|p1a: Indeedee
|-damage|p1a: Indeedee|0 fnt
|faint|p1a: Indeedee
|-damage|p2a: Rillaboom|14/100|[from] Recoil
|move|p1b: Corviknight|Tailwind|p1b: Corviknight
|-sidestart|p1: Capravolante97|move: Tailwind
|
|upkeep
|
|t:|1756838182
|switch|p1a: Ursaluna|Ursaluna-Bloodmoon, L50, M|100/100
|turn|5
|inactive|PikaTROD has 30 seconds left.
|inactive|PikaTROD has 20 seconds left.
|
|t:|1756838220
|-terastallize|p1a: Ursaluna|Normal
|move|p1a: Ursaluna|Hyper Voice|p2a: Rillaboom|[spread] p2a,p2b
|-damage|p2a: Rillaboom|0 fnt
|-damage|p2b: Magmar|4/100
|faint|p2a: Rillaboom
|-damage|p1a: Ursaluna|91/100|[from] item: Life Orb
|move|p1b: Corviknight|Bulk Up|p1b: Corviknight
|-boost|p1b: Corviknight|atk|1
|-boost|p1b: Corviknight|def|1
|move|p2b: Magmar|Overheat|p1b: Corviknight
|-supereffective|p1b: Corviknight
|-damage|p1b: Corviknight|60/100
|-unboost|p2b: Magmar|spa|2
|
|-heal|p1b: Corviknight|65/100|[from] item: Leftovers
|upkeep
|
|t:|1756838229
|switch|p2a: Sneasler|Sneasler, L50, F|100/100
|turn|6
|inactive|PikaTROD has 30 seconds left.
|
|t:|1756838262
|move|p2b: Magmar|Protect|p2b: Magmar
|-singleturn|p2b: Magmar|Protect
|move|p1a: Ursaluna|Hyper Voice|p2a: Sneasler|[spread] p2a
|-activate|p2b: Magmar|move: Protect
|-damage|p2a: Sneasler|19/100
|-damage|p1a: Ursaluna|81/100|[from] item: Life Orb
|move|p1b: Corviknight|Brave Bird|p2a: Sneasler
|-supereffective|p2a: Sneasler
|-damage|p2a: Sneasler|0 fnt
|faint|p2a: Sneasler
|-damage|p1b: Corviknight|61/100|[from] Recoil
|
|-heal|p1b: Corviknight|67/100|[from] item: Leftovers
|upkeep
|
|t:|1756838270
|switch|p2a: Primarina|Primarina, L50, F|100/100
|turn|7
|
|t:|1756838281
|move|p1a: Ursaluna|Hyper Voice|p2b: Magmar|[spread] p2a,p2b
|-damage|p2a: Primarina|44/100
|-damage|p2b: Magmar|0 fnt
|-enditem|p2a: Primarina|Sitrus Berry|[eat]
|-heal|p2a: Primarina|69/100|[from] item: Sitrus Berry
|faint|p2b: Magmar
|-damage|p1a: Ursaluna|72/100|[from] item: Life Orb
|move|p1b: Corviknight|Brave Bird|p2a: Primarina
|-damage|p2a: Primarina|15/100
|-damage|p1b: Corviknight|51/100|[from] Recoil
|move|p2a: Primarina|Hyper Voice|p1a: Ursaluna|[spread] p1a,p1b
|-damage|p1a: Ursaluna|27/100
|-damage|p1b: Corviknight|24/100
|
|-heal|p1b: Corviknight|30/100|[from] item: Leftovers
|-sideend|p1: Capravolante97|move: Tailwind
|-fieldend|move: Psychic Terrain
|upkeep
|turn|8
|
|t:|1756838295
|move|p1a: Ursaluna|Blood Moon|p2a: Primarina
|-damage|p2a: Primarina|0 fnt
|faint|p2a: Primarina
|-damage|p1a: Ursaluna|18/100|[from] item: Life Orb
|
|win|Capravolante97
||PikaTROD is ready for game 3.
||Capravolante97 is ready for game 3.
|uhtml|next|Next: Game 3 of 3
|l| teamthief420
|l|☆Capravolante97
|player|p1|
