|j|☆tipoveneno
|j|☆barney7
|html|tipovenenobarney7    
|uhtml|bestof|Game 2 of a best-of-3
|t:|1756186601
|gametype|doubles
|player|p1|tipoveneno|2|1051
|player|p2|barney7|ltsurge|1063
|gen|9
|tier|[Gen 9] VGC 2025 Reg H (Bo3)
|rated|
|rule|Species Clause: Limit one of each Pokémon
|rule|Item Clause: Limit 1 of each item
|clearpoke
|poke|p1|Volcarona, L50, M|
|poke|p1|Electabuzz, L50, F|
|poke|p1|Kingambit, L50, F|
|poke|p1|Sneasler, L50, M|
|poke|p1|Dragonite, L50, F|
|poke|p1|Rillaboom, L50, F|
|poke|p2|Pelipper, L50, M|
|poke|p2|Archaludon, L50, M|
|poke|p2|Ursaluna, L50, M|
|poke|p2|Dusclops, L50, M|
|poke|p2|Basculegion, L50, M|
|poke|p2|Grimmsnarl, L50, M|
|teampreview|4
|showteam|p1|Volcarona||Leftovers|FlameBody|HeatWave,TeraBlast,QuiverDance,Protect|||M|||50|,,,,,Fairy]Electabuzz||Eviolite|VitalSpirit|Electroweb,FollowMe,Protect,Taunt|||F|||50|,,,,,Water]Kingambit||BlackGlasses|Defiant|KowtowCleave,SuckerPunch,SwordsDance,Protect|||F|||50|,,,,,Dark]Sneasler||FocusSash|Unburden|DireClaw,CloseCombat,Protect,Coaching|||M|||50|,,,,,Ghost]Dragonite||LoadedDice|Multiscale|ScaleShot,Tailwind,Protect,Haze|||F|||50|,,,,,Fairy]Rillaboom||AssaultVest|GrassySurge|GrassyGlide,WoodHammer,FakeOut,Uturn|||F|||50|,,,,,Fire
|showteam|p2|Pelipper||FocusSash|Drizzle|Protect,Hurricane,WeatherBall,Tailwind|||M|||50|,,,,,Ghost]Archaludon||AssaultVest|Stamina|ElectroShot,BodyPress,DracoMeteor,Snarl|||M|||50|,,,,,Grass]Ursaluna||FlameOrb|Guts|HeadlongRush,Protect,Earthquake,Facade|||M|||50|,,,,,Ghost]Dusclops||Eviolite|Frisk|Haze,WillOWisp,TrickRoom,PainSplit|||M|||50|,,,,,Grass]Basculegion||ChoiceBand|SwiftSwim|AquaJet,WaveCrash,FlipTurn,LastRespects|||M|||50|,,,,,Grass]Grimmsnarl||CovertCloak|Prankster|Taunt,PartingShot,ThunderWave,SpiritBreak|||M|||50|,,,,,Fire
|inactive|Battle timer is ON: inactive players will automatically lose when time's up. (requested by barney7)
|
|t:|1756186626
|teamsize|p1|4
|teamsize|p2|4
|start
|switch|p1a: Volcarona|Volcarona, L50, M|100/100
|switch|p1b: Electabuzz|Electabuzz, L50, F|100/100
|switch|p2a: Grimmsnarl|Grimmsnarl, L50, M|100/100
|switch|p2b: Dusclops|Dusclops, L50, M|100/100
|-item|p1a: Volcarona|Leftovers|[from] ability: Frisk|[of] p2b: Dusclops
|-item|p1b: Electabuzz|Eviolite|[from] ability: Frisk|[of] p2b: Dusclops
|turn|1
|
|t:|1756186645
|move|p1b: Electabuzz|Follow Me|p1b: Electabuzz
|-singleturn|p1b: Electabuzz|move: Follow Me
|move|p2a: Grimmsnarl|Taunt|p1b: Electabuzz
|-start|p1b: Electabuzz|move: Taunt
|move|p1a: Volcarona|Heat Wave|p2a: Grimmsnarl|[spread] p2a
|-miss|p1a: Volcarona|p2b: Dusclops
|-damage|p2a: Grimmsnarl|72/100
|move|p2b: Dusclops|Trick Room|p2b: Dusclops
|-fieldstart|move: Trick Room|[of] p2b: Dusclops
|
|upkeep
|turn|2
|inactive|tipoveneno has 30 seconds left.
|inactive|barney7 has 30 seconds left.
|
|t:|1756186679
|switch|p2a: Ursaluna|Ursaluna, L50, M|100/100
|switch|p1b: Kingambit|Kingambit, L50, F|100/100
|move|p2b: Dusclops|Will-O-Wisp|p1b: Kingambit
|-status|p1b: Kingambit|brn
|move|p1a: Volcarona|Heat Wave|p2a: Ursaluna|[spread] p2a
|-miss|p1a: Volcarona|p2b: Dusclops
|-damage|p2a: Ursaluna|71/100
|
|-damage|p1b: Kingambit|95/100 brn|[from] brn
|-status|p2a: Ursaluna|brn|[from] item: Flame Orb
|upkeep
|turn|3
|inactive|tipoveneno has 30 seconds left.
|inactive|tipoveneno has 20 seconds left.
|inactive|tipoveneno has 15 seconds left.
|inactive|tipoveneno has 10 seconds left.
|
|t:|1756186726
|move|p1a: Volcarona|Protect|p1a: Volcarona
|-singleturn|p1a: Volcarona|Protect
|move|p1b: Kingambit|Sucker Punch||[still]
|-fail|p1b: Kingambit
|move|p2b: Dusclops|Will-O-Wisp|p1a: Volcarona
|-activate|p1a: Volcarona|move: Protect
|move|p2a: Ursaluna|Earthquake|p1b: Kingambit|[spread] p2b,p1b
|-activate|p1a: Volcarona|move: Protect
|-supereffective|p1b: Kingambit
|-damage|p2b: Dusclops|64/100
|-damage|p1b: Kingambit|0 fnt
|faint|p1b: Kingambit
|
|-damage|p2a: Ursaluna|65/100 brn|[from] brn
|upkeep
|
|t:|1756186741
|switch|p1b: Electabuzz|Electabuzz, L50, F|100/100
|turn|4
|inactive|barney7 has 30 seconds left.
|
|t:|1756186770
|switch|p2b: Grimmsnarl|Grimmsnarl, L50, M|72/100
|-terastallize|p1a: Volcarona|Fairy
|move|p1b: Electabuzz|Follow Me|p1b: Electabuzz
|-singleturn|p1b: Electabuzz|move: Follow Me
|move|p2a: Ursaluna|Facade|p1b: Electabuzz
|-damage|p1b: Electabuzz|0 fnt
|faint|p1b: Electabuzz
|move|p1a: Volcarona|Quiver Dance|p1a: Volcarona
|-boost|p1a: Volcarona|spa|1
|-boost|p1a: Volcarona|spd|1
|-boost|p1a: Volcarona|spe|1
|
|-damage|p2a: Ursaluna|59/100 brn|[from] brn
|upkeep
|
|t:|1756186783
|switch|p1b: Sneasler|Sneasler, L50, M|100/100
|turn|5
|inactive|barney7 has 30 seconds left.
|inactive|barney7 has 20 seconds left.
|inactive|barney7 has 15 seconds left.
|
|t:|1756186827
|switch|p2a: Dusclops|Dusclops, L50, M|64/100
|-item|p1a: Volcarona|Leftovers|[from] ability: Frisk|[of] p2a: Dusclops
|-item|p1b: Sneasler|Focus Sash|[from] ability: Frisk|[of] p2a: Dusclops
|move|p1b: Sneasler|Protect|p1b: Sneasler
|-singleturn|p1b: Sneasler|Protect
|move|p1a: Volcarona|Protect|p1a: Volcarona
|-singleturn|p1a: Volcarona|Protect
|move|p2b: Grimmsnarl|Parting Shot|p1b: Sneasler
|-activate|p1b: Sneasler|move: Protect
|
|-fieldend|move: Trick Room
|upkeep
|turn|6
|
|t:|1756186851
|move|p2b: Grimmsnarl|Parting Shot|p1b: Sneasler
|-unboost|p1b: Sneasler|atk|1
|-unboost|p1b: Sneasler|spa|1
|
|t:|1756186855
|switch|p2b: Archaludon|Archaludon, L50, M|100/100|[from] Parting Shot
|move|p1a: Volcarona|Heat Wave|p2b: Archaludon|[spread] p2a,p2b
|-damage|p2a: Dusclops|32/100
|-damage|p2b: Archaludon|60/100
|-ability|p2b: Archaludon|Stamina|boost
|-boost|p2b: Archaludon|def|1
|move|p1b: Sneasler|Dire Claw|p2b: Archaludon
|-immune|p2b: Archaludon
|move|p2a: Dusclops|Trick Room|p2a: Dusclops
|-fieldstart|move: Trick Room|[of] p2a: Dusclops
|
|upkeep
|turn|7
|inactive|tipoveneno has 30 seconds left.
|inactive|barney7 has 30 seconds left.
|
|t:|1756186888
|move|p1b: Sneasler|Protect|p1b: Sneasler
|-singleturn|p1b: Sneasler|Protect
|move|p2a: Dusclops|Pain Split|p1a: Volcarona
|-sethp|p1a: Volcarona|62/100|[from] move: Pain Split|[silent]
|-sethp|p2a: Dusclops|81/100|[from] move: Pain Split
|move|p2b: Archaludon|Snarl|p1b: Sneasler|[spread] p1a
|-activate|p1b: Sneasler|move: Protect
|-resisted|p1a: Volcarona
|-damage|p1a: Volcarona|59/100
|-unboost|p1a: Volcarona|spa|1
|move|p1a: Volcarona|Heat Wave|p2a: Dusclops|[spread] p2a,p2b
|-damage|p2a: Dusclops|58/100
|-damage|p2b: Archaludon|35/100
|-ability|p2b: Archaludon|Stamina|boost
|-boost|p2b: Archaludon|def|1
|
|-heal|p1a: Volcarona|65/100|[from] item: Leftovers
|upkeep
|turn|8
|inactive|tipoveneno has 30 seconds left.
|
|t:|1756186915
|move|p1a: Volcarona|Protect|p1a: Volcarona
|-singleturn|p1a: Volcarona|Protect
|move|p2a: Dusclops|Will-O-Wisp|p1b: Sneasler
|-status|p1b: Sneasler|brn
|move|p2b: Archaludon|Body Press|p1a: Volcarona
|-activate|p1a: Volcarona|move: Protect
|move|p1b: Sneasler|Close Combat|p2b: Archaludon
|-supereffective|p2b: Archaludon
|-damage|p2b: Archaludon|21/100
|-unboost|p1b: Sneasler|def|1
|-unboost|p1b: Sneasler|spd|1
|-ability|p2b: Archaludon|Stamina|boost
|-boost|p2b: Archaludon|def|1
|
|-heal|p1a: Volcarona|71/100|[from] item: Leftovers
|-damage|p1b: Sneasler|95/100 brn|[from] brn
|upkeep
|turn|9
|l|☆barney7
|inactive|barney7 disconnected and has a minute to reconnect!
|player|p2|
|j|☆barney7
|inactive|barney7 reconnected and has 40 seconds left.
|player|p2|barney7|ltsurge|
|inactive|barney7 has 30 seconds left.
|inactive|barney7 has 20 seconds left.
|inactive|barney7 has 15 seconds left.
|inactive|barney7 has 10 seconds left.
|
|t:|1756186962
|move|p1b: Sneasler|Protect|p1b: Sneasler
|-singleturn|p1b: Sneasler|Protect
|move|p2a: Dusclops|Pain Split|p1b: Sneasler
|-activate|p1b: Sneasler|move: Protect
|move|p2b: Archaludon|Snarl|p1a: Volcarona|[spread] p1a
|-activate|p1b: Sneasler|move: Protect
|-resisted|p1a: Volcarona
|-damage|p1a: Volcarona|68/100
|-unboost|p1a: Volcarona|spa|1
|move|p1a: Volcarona|Quiver Dance|p1a: Volcarona
|-boost|p1a: Volcarona|spa|1
|-boost|p1a: Volcarona|spd|1
|-boost|p1a: Volcarona|spe|1
|
|-heal|p1a: Volcarona|74/100|[from] item: Leftovers
|-damage|p1b: Sneasler|89/100 brn|[from] brn
|upkeep
|turn|10
|inactive|tipoveneno has 30 seconds left.
|inactive|barney7 has 30 seconds left.
|inactive|tipoveneno has 20 seconds left.
|inactive|tipoveneno has 15 seconds left.
|
|t:|1756187004
|move|p1a: Volcarona|Protect|p1a: Volcarona
|-singleturn|p1a: Volcarona|Protect
|move|p2a: Dusclops|Pain Split|p1a: Volcarona
|-activate|p1a: Volcarona|move: Protect
|move|p2b: Archaludon|Draco Meteor|p1b: Sneasler|[miss]
|-miss|p2b: Archaludon|p1b: Sneasler
|move|p1b: Sneasler|Dire Claw|p2a: Dusclops
|-resisted|p2a: Dusclops
|-damage|p2a: Dusclops|55/100
|
|-heal|p1a: Volcarona|80/100|[from] item: Leftovers
|-damage|p1b: Sneasler|83/100 brn|[from] brn
|-fieldend|move: Trick Room
|upkeep
|turn|11
|inactive|barney7 has 30 seconds left.
|
|t:|1756187035
|move|p1a: Volcarona|Heat Wave|p2a: Dusclops|[spread] p2a,p2b
|-damage|p2a: Dusclops|32/100
|-damage|p2b: Archaludon|0 fnt
|faint|p2b: Archaludon
|move|p1b: Sneasler|Dire Claw|p2a: Dusclops
|-resisted|p2a: Dusclops
|-damage|p2a: Dusclops|30/100
|-status|p2a: Dusclops|slp
|cant|p2a: Dusclops|slp
|
|-heal|p1a: Volcarona|86/100|[from] item: Leftovers
|-damage|p1b: Sneasler|78/100 brn|[from] brn
|upkeep
|inactive|barney7 has 30 seconds left.
|
|t:|1756187065
|switch|p2b: Grimmsnarl|Grimmsnarl, L50, M|72/100
|turn|12
|
|t:|1756187080
|move|p2b: Grimmsnarl|Thunder Wave|p1a: Volcarona
|-status|p1a: Volcarona|par
|move|p1b: Sneasler|Dire Claw|p2b: Grimmsnarl
|-supereffective|p2b: Grimmsnarl
|-crit|p2b: Grimmsnarl
|-damage|p2b: Grimmsnarl|0 fnt
|faint|p2b: Grimmsnarl
|move|p1a: Volcarona|Heat Wave|p2a: Dusclops
|-damage|p2a: Dusclops|3/100 slp
|cant|p2a: Dusclops|slp
|
|-heal|p1a: Volcarona|93/100 par|[from] item: Leftovers
|-damage|p1b: Sneasler|72/100 brn|[from] brn
|upkeep
|-message|barney7 forfeited.
|
|win|tipoveneno
|l|☆barney7
|player|p2|
||tipoveneno is ready for game 3.
|inactive|barney7 has 30 seconds to confirm battle start!
|inactive|barney7 has 20 seconds to confirm battle start!
|inactive|barney7 has 10 seconds to confirm battle start!
|uhtml|next|Next: Game 3 of 3
