|j|‽CaratroncoSun
|j|☆Passevgc
|html|CaratroncoSunPassevgc    
|uhtml|bestof|Game 2 of a best-of-3
|t:|1784109027
|gametype|doubles
|player|p1|CaratroncoSun|juan|1333
|player|p2|Passevgc|brycenman|1208
|gen|9
|tier|[Gen 9 Champions] VGC 2026 Reg M-B (Bo3)
|rated|
|rule|Species Clause: Limit one of each Pokémon
|rule|Item Clause: Limit 1 of each item
|clearpoke
|poke|p1|Charizard, L50, F, shiny|
|poke|p1|Venusaur, L50, F, shiny|
|poke|p1|Whimsicott, L50, M, shiny|
|poke|p1|Basculegion, L50, M|
|poke|p1|Garchomp, L50, M, shiny|
|poke|p1|Tyranitar, L50, M|
|poke|p2|Charizard, L50, M|
|poke|p2|Venusaur, L50, F|
|poke|p2|Grimmsnarl, L50, M|
|poke|p2|Archaludon, L50, M|
|poke|p2|Pelipper, L50, F|
|poke|p2|Basculegion, L50, M|
|teampreview|4
|showteam|p1|Charizard||CharizarditeY|Blaze|Protect,SolarBeam,HeatWave,AirSlash|Modest||F|||50|]Venusaur||WideLens|Chlorophyll|Protect,GigaDrain,EarthPower,SleepPowder|Modest||F|||50|]Whimsicott||FocusSash|Prankster|Protect,Moonblast,Tailwind,Encore|Timid||M|||50|]Basculegion||MysticWater|Adaptability|Protect,AquaJet,WaveCrash,LastRespects|Adamant||M|||50|]Garchomp||RoseliBerry|RoughSkin|Protect,PoisonJab,StompingTantrum,StoneEdge|Jolly||M|||50|]Tyranitar||Tyranitarite|SandStream|Protect,RockSlide,KnockOff,LowKick|Adamant||M|||50|
|showteam|p2|Charizard||CharizarditeY|Blaze|HeatWave,WeatherBall,Hurricane,Protect|Modest||M|||50|]Venusaur||FocusSash|Chlorophyll|Protect,SludgeBomb,EarthPower,SleepPowder|Modest||F|||50|]Grimmsnarl||LightClay|Prankster|SpiritBreak,PartingShot,Reflect,LightScreen|Careful||M|||50|]Archaludon||Leftovers|Stamina|ElectroShot,DragonPulse,FlashCannon,Protect|Calm||M|||50|]Pelipper||SitrusBerry|Drizzle|WeatherBall,Hurricane,Tailwind,WideGuard|Modest||F|||50|]Basculegion||ChoiceScarf|Adaptability|WaveCrash,FlipTurn,AquaJet,LastRespects|Jolly||M|||50|
|
|t:|1784109086
|teamsize|p1|4
|teamsize|p2|4
|start
|switch|p1a: Whimsicott|Whimsicott, L50, M, shiny|100/100
|switch|p1b: Venusaur|Venusaur, L50, F, shiny|100/100
|switch|p2a: Charizard|Charizard, L50, M|100/100
|switch|p2b: Grimmsnarl|Grimmsnarl, L50, M|100/100
|turn|1
|inactive|Battle timer is ON: inactive players will automatically lose when time's up. (requested by Passevgc)
|inactive|CaratroncoSun has 60 seconds left.
|
|t:|1784109120
|detailschange|p2a: Charizard|Charizard-Mega-Y, L50, M
|-mega|p2a: Charizard|Charizard|Charizardite Y
|-weather|SunnyDay|[from] ability: Drought|[of] p2a: Charizard
|move|p1a: Whimsicott|Tailwind|p1a: Whimsicott
|-sidestart|p1: CaratroncoSun|move: Tailwind
|move|p2b: Grimmsnarl|Light Screen|p2b: Grimmsnarl
|-sidestart|p2: Passevgc|move: Light Screen
|move|p1b: Venusaur|Sleep Powder|p2a: Charizard|[miss]
|-miss|p1b: Venusaur|p2a: Charizard
|move|p2a: Charizard|Heat Wave|p1a: Whimsicott|[spread] p1a,p1b
|-supereffective|p1a: Whimsicott|1
|-supereffective|p1b: Venusaur|1
|-enditem|p1a: Whimsicott|Focus Sash
|-damage|p1a: Whimsicott|1/100
|-damage|p1b: Venusaur|0 fnt
|faint|p1b: Venusaur
|
|-weather|SunnyDay|[upkeep]
|upkeep
|
|t:|1784109136
|switch|p1b: Tyranitar|Tyranitar, L50, M|100/100
|-weather|Sandstorm|[from] ability: Sand Stream|[of] p1b: Tyranitar
|turn|2
|
|t:|1784109148
|move|p2a: Charizard|Protect|p2a: Charizard
|-singleturn|p2a: Charizard|Protect
|move|p2b: Grimmsnarl|Reflect|p2b: Grimmsnarl
|-sidestart|p2: Passevgc|Reflect
|move|p1a: Whimsicott|Moonblast|p2b: Grimmsnarl
|-supereffective|p2b: Grimmsnarl|1
|-damage|p2b: Grimmsnarl|61/100
|move|p1b: Tyranitar|Rock Slide|p2a: Charizard|[spread] p2b
|-activate|p2a: Charizard|move: Protect
|-damage|p2b: Grimmsnarl|39/100
|
|-weather|Sandstorm|[upkeep]
|-damage|p1a: Whimsicott|0 fnt|[from] Sandstorm
|-damage|p2a: Charizard|93/100|[from] Sandstorm
|-damage|p2b: Grimmsnarl|33/100|[from] Sandstorm
|faint|p1a: Whimsicott
|upkeep
|
|t:|1784109162
|switch|p1a: Charizard|Charizard, L50, F, shiny|100/100
|turn|3
|inactive|Passevgc has 30 seconds left.
|
|t:|1784109187
|switch|p2a: Archaludon|Archaludon, L50, M|100/100
|move|p2b: Grimmsnarl|Parting Shot|p1a: Charizard
|-unboost|p1a: Charizard|atk|1
|-unboost|p1a: Charizard|spa|1
|
|t:|1784109202
|switch|p2b: Charizard|Charizard-Mega-Y, L50, M|93/100|[from] Parting Shot
|-weather|SunnyDay|[from] ability: Drought|[of] p2b: Charizard
|move|p1a: Charizard|Heat Wave|p2b: Charizard|[spread] p2b
|-miss|p1a: Charizard|p2a: Archaludon
|-resisted|p2b: Charizard|1
|-damage|p2b: Charizard|84/100
|move|p1b: Tyranitar|Rock Slide|p2b: Charizard|[spread] p2a,p2b
|-resisted|p2a: Archaludon|1
|-supereffective|p2b: Charizard|2
|-damage|p2a: Archaludon|92/100
|-damage|p2b: Charizard|0 fnt
|-ability|p2a: Archaludon|Stamina|boost
|-boost|p2a: Archaludon|def|1
|faint|p2b: Charizard
|
|-weather|SunnyDay|[upkeep]
|-heal|p2a: Archaludon|98/100|[from] item: Leftovers
|upkeep
|
|t:|1784109213
|switch|p2b: Grimmsnarl|Grimmsnarl, L50, M|33/100
|turn|4
|
|t:|1784109228
|move|p2b: Grimmsnarl|Parting Shot|p1a: Charizard
|-unboost|p1a: Charizard|atk|1
|-unboost|p1a: Charizard|spa|1
|
|t:|1784109231
|switch|p2b: Pelipper|Pelipper, L50, F|100/100|[from] Parting Shot
|-weather|RainDance|[from] ability: Drizzle|[of] p2b: Pelipper
|move|p1a: Charizard|Heat Wave|p2b: Pelipper|[spread] p2a,p2b
|-resisted|p2b: Pelipper|1
|-damage|p2a: Archaludon|94/100
|-damage|p2b: Pelipper|96/100
|-ability|p2a: Archaludon|Stamina|boost
|-boost|p2a: Archaludon|def|1
|move|p1b: Tyranitar|Rock Slide|p2b: Pelipper|[spread] p2a,p2b
|-resisted|p2a: Archaludon|1
|-supereffective|p2b: Pelipper|1
|-damage|p2a: Archaludon|90/100
|-damage|p2b: Pelipper|55/100
|-ability|p2a: Archaludon|Stamina|boost
|-boost|p2a: Archaludon|def|1
|move|p2a: Archaludon|Electro Shot||[still]
|-prepare|p2a: Archaludon|Electro Shot
|-boost|p2a: Archaludon|spa|1
|-anim|p2a: Archaludon|Electro Shot|p1a: Charizard
|-supereffective|p1a: Charizard|1
|-damage|p1a: Charizard|0 fnt
|faint|p1a: Charizard
|
|-weather|RainDance|[upkeep]
|-heal|p2a: Archaludon|96/100|[from] item: Leftovers
|-sideend|p1: CaratroncoSun|move: Tailwind
|upkeep
|turn|5
|inactive|Passevgc has 30 seconds left.
|
|t:|1784109265
|detailschange|p1b: Tyranitar|Tyranitar-Mega, L50, M
|-mega|p1b: Tyranitar|Tyranitar|Tyranitarite
|-weather|Sandstorm|[from] ability: Sand Stream|[of] p1b: Tyranitar
|move|p2a: Archaludon|Flash Cannon|p1b: Tyranitar
|-supereffective|p1b: Tyranitar|1
|-damage|p1b: Tyranitar|44/100
|move|p2b: Pelipper|Tailwind|p2b: Pelipper
|-sidestart|p2: Passevgc|move: Tailwind
|move|p1b: Tyranitar|Rock Slide|p2a: Archaludon|[spread] p2a,p2b
|-resisted|p2a: Archaludon|1
|-crit|p2a: Archaludon
|-supereffective|p2b: Pelipper|1
|-damage|p2a: Archaludon|76/100
|-damage|p2b: Pelipper|4/100
|-ability|p2a: Archaludon|Stamina|boost
|-boost|p2a: Archaludon|def|1
|-enditem|p2b: Pelipper|Sitrus Berry|[eat]
|-heal|p2b: Pelipper|29/100|[from] item: Sitrus Berry
|
|-weather|Sandstorm|[upkeep]
|-damage|p2b: Pelipper|23/100|[from] Sandstorm
|-heal|p2a: Archaludon|82/100|[from] item: Leftovers
|upkeep
|turn|6
|inactive|CaratroncoSun has 30 seconds left.
|
|t:|1784109292
|move|p2b: Pelipper|Wide Guard|p2b: Pelipper
|-singleturn|p2b: Pelipper|Wide Guard
|move|p2a: Archaludon|Flash Cannon|p1b: Tyranitar
|-supereffective|p1b: Tyranitar|1
|-damage|p1b: Tyranitar|0 fnt
|faint|p1b: Tyranitar
|
|win|Passevgc
|raw|CaratroncoSun's rating: 1333 → 1306(-27 for losing)
|raw|Passevgc's rating: 1208 → 1242(+34 for winning)
