|j|☆alkittxn
|j|☆lebronsusedtoilet
|html|alkittxnlebronsusedtoilet    
|uhtml|bestof|Game 1 of a best-of-3
|t:|1782683290
|gametype|doubles
|player|p1|alkittxn|aaron|1058
|player|p2|lebronsusedtoilet|266|1090
|gen|9
|tier|[Gen 9 Champions] VGC 2026 Reg M-B (Bo3)
|rated|
|rule|Species Clause: Limit one of each Pokémon
|rule|Item Clause: Limit 1 of each item
|clearpoke
|poke|p1|Gallade, L50, M|
|poke|p1|Camerupt, L50, M|
|poke|p1|Farigiraf, L50, F|
|poke|p1|Kingambit, L50, F|
|poke|p1|Gyarados, L50, F|
|poke|p1|Sylveon, L50, M|
|poke|p2|Tyranitar, L50, F|
|poke|p2|Arcanine-Hisui, L50, M|
|poke|p2|Aerodactyl, L50, M|
|poke|p2|Sandaconda, L50, F|
|poke|p2|Garchomp, L50, F, shiny|
|poke|p2|Sinistcha, L50|
|teampreview|4
|showteam|p1|Gallade||FocusSash|Sharpness|SacredSword,PsychoCut,LeafBlade,WideGuard|Adamant||M|||50|]Camerupt||Cameruptite|SolidRock|HeatWave,AncientPower,EarthPower,Protect|Quiet||M|||50|]Farigiraf||ColburBerry|ArmorTail|TwinBeam,TrickRoom,Protect,Thunderbolt|Bold||F|||50|]Kingambit||BlackGlasses|Defiant|SuckerPunch,IronHead,KowtowCleave,LowKick|Brave||F|||50|]Gyarados||Gyaradosite|Intimidate|Waterfall,IceFang,Protect,Crunch|Adamant||F|||50|]Sylveon||FairyFeather|Pixilate|HyperVoice,Protect,QuickAttack,HyperBeam|Quiet||M|||50|
|showteam|p2|Tyranitar||Tyranitarite|SandStream|RockSlide,Protect,KnockOff,LowKick|Serious||F|||50|]Arcanine-Hisui||FocusSash|Intimidate|FlareBlitz,WillOWisp,Protect,ExtremeSpeed|Adamant||M|||50|]Aerodactyl||Aerodactylite|RockHead|RockSlide,DualWingbeat,Tailwind,DragonDance|Jolly||M|||50|]Sandaconda||BrightPowder|SandVeil|BodyPress,Minimize,IronDefense,ZenHeadbutt|Impish||F|||50|]Garchomp||LifeOrb|SandVeil|Earthquake,RockSlide,ScaleShot,SwordsDance|Jolly||F|||50|]Sinistcha||SitrusBerry|Hospitality|LifeDew,RagePowder,MatchaGotcha,TrickRoom|Modest|||||50|
|inactive|Battle timer is ON: inactive players will automatically lose when time's up. (requested by lebronsusedtoilet)
|
|t:|1782683321
|teamsize|p1|4
|teamsize|p2|4
|start
|switch|p1a: Farigiraf|Farigiraf, L50, F|100/100
|switch|p1b: Gyarados|Gyarados, L50, F|100/100
|switch|p2a: Tyranitar|Tyranitar, L50, F|100/100
|switch|p2b: Aerodactyl|Aerodactyl, L50, M|100/100
|-ability|p1b: Gyarados|Intimidate|boost
|-unboost|p2a: Tyranitar|atk|1
|-unboost|p2b: Aerodactyl|atk|1
|-weather|Sandstorm|[from] ability: Sand Stream|[of] p2a: Tyranitar
|turn|1
|
|t:|1782683342
|move|p1b: Gyarados|Protect|p1b: Gyarados
|-singleturn|p1b: Gyarados|Protect
|move|p2a: Tyranitar|Protect|p2a: Tyranitar
|-singleturn|p2a: Tyranitar|Protect
|move|p2b: Aerodactyl|Tailwind|p2b: Aerodactyl
|-sidestart|p2: lebronsusedtoilet|move: Tailwind
|move|p1a: Farigiraf|Trick Room|p1a: Farigiraf
|-fieldstart|move: Trick Room|[of] p1a: Farigiraf
|
|-weather|Sandstorm|[upkeep]
|-damage|p1a: Farigiraf|93/100|[from] Sandstorm
|-damage|p1b: Gyarados|94/100|[from] Sandstorm
|upkeep
|turn|2
|inactive|alkittxn has 30 seconds left.
|inactive|alkittxn has 20 seconds left.
|
|t:|1782683382
|detailschange|p1b: Gyarados|Gyarados-Mega, L50, F
|-mega|p1b: Gyarados|Gyarados|Gyaradosite
|-ability|p1b: Gyarados|Mold Breaker
|move|p1a: Farigiraf|Protect|p1a: Farigiraf
|-singleturn|p1a: Farigiraf|Protect
|move|p1b: Gyarados|Waterfall|p2a: Tyranitar
|-supereffective|p2a: Tyranitar|1
|-damage|p2a: Tyranitar|28/100
|move|p2a: Tyranitar|Rock Slide|p1a: Farigiraf|[spread] p1b
|-activate|p1a: Farigiraf|move: Protect
|-damage|p1b: Gyarados|76/100
|move|p2b: Aerodactyl|Rock Slide|p1a: Farigiraf|[spread] p1b
|-activate|p1a: Farigiraf|move: Protect
|-damage|p1b: Gyarados|60/100
|
|-weather|Sandstorm|[upkeep]
|-damage|p1a: Farigiraf|87/100|[from] Sandstorm
|-damage|p1b: Gyarados|54/100|[from] Sandstorm
|upkeep
|turn|3
|inactive|lebronsusedtoilet has 30 seconds left.
|
|t:|1782683413
|move|p2a: Tyranitar|Protect|p2a: Tyranitar
|-singleturn|p2a: Tyranitar|Protect
|move|p1a: Farigiraf|Thunderbolt|p2b: Aerodactyl
|-supereffective|p2b: Aerodactyl|1
|-damage|p2b: Aerodactyl|56/100
|move|p1b: Gyarados|Waterfall|p2b: Aerodactyl
|-supereffective|p2b: Aerodactyl|1
|-damage|p2b: Aerodactyl|0 fnt
|faint|p2b: Aerodactyl
|
|-weather|Sandstorm|[upkeep]
|-damage|p1a: Farigiraf|81/100|[from] Sandstorm
|-damage|p1b: Gyarados|49/100|[from] Sandstorm
|upkeep
|
|t:|1782683422
|switch|p2b: Sinistcha|Sinistcha, L50|100/100
|-heal|p2a: Tyranitar|53/100|[from] ability: Hospitality|[of] p2b: Sinistcha
|turn|4
|
|t:|1782683442
|switch|p1a: Camerupt|Camerupt, L50, M|100/100
|move|p1b: Gyarados|Crunch|p2b: Sinistcha
|-supereffective|p2b: Sinistcha|1
|-crit|p2b: Sinistcha
|-damage|p2b: Sinistcha|0 fnt
|faint|p2b: Sinistcha
|move|p2a: Tyranitar|Knock Off|p1a: Camerupt
|-damage|p1a: Camerupt|69/100
|
|-weather|Sandstorm|[upkeep]
|-damage|p1b: Gyarados|43/100|[from] Sandstorm
|-sideend|p2: lebronsusedtoilet|move: Tailwind
|upkeep
|
|t:|1782683455
|switch|p2b: Garchomp|Garchomp, L50, F, shiny|100/100
|turn|5
|
|t:|1782683470
|switch|p1b: Farigiraf|Farigiraf, L50, F|81/100
|move|p2a: Tyranitar|Protect|p2a: Tyranitar
|-singleturn|p2a: Tyranitar|Protect
|move|p1a: Camerupt|Earth Power|p2b: Garchomp
|-damage|p2b: Garchomp|47/100
|move|p2b: Garchomp|Earthquake|p1b: Farigiraf|[spread] p1a,p1b
|-activate|p2a: Tyranitar|move: Protect
|-supereffective|p1a: Camerupt|1
|-damage|p1a: Camerupt|0 fnt
|-damage|p1b: Farigiraf|44/100
|faint|p1a: Camerupt
|-damage|p2b: Garchomp|37/100|[from] item: Life Orb
|
|-weather|none
|-fieldend|move: Trick Room
|upkeep
|
|t:|1782683486
|switch|p1a: Gyarados|Gyarados-Mega, L50, F|43/100
|-ability|p1a: Gyarados|Mold Breaker
|turn|6
|inactive|alkittxn has 30 seconds left.
|
|t:|1782683517
|switch|p1a: Gallade|Gallade, L50, M|100/100
|detailschange|p2a: Tyranitar|Tyranitar-Mega, L50, F
|-mega|p2a: Tyranitar|Tyranitar|Tyranitarite
|-weather|Sandstorm|[from] ability: Sand Stream|[of] p2a: Tyranitar
|move|p1b: Farigiraf|Protect|p1b: Farigiraf
|-singleturn|p1b: Farigiraf|Protect
|move|p2b: Garchomp|Rock Slide|p1b: Farigiraf|[spread] p1a
|-activate|p1b: Farigiraf|move: Protect
|-resisted|p1a: Gallade|1
|-damage|p1a: Gallade|78/100
|-damage|p2b: Garchomp|27/100|[from] item: Life Orb
|move|p2a: Tyranitar|Rock Slide|p1b: Farigiraf|[spread] p1a
|-activate|p1b: Farigiraf|move: Protect
|-resisted|p1a: Gallade|1
|-damage|p1a: Gallade|58/100
|
|-weather|Sandstorm|[upkeep]
|-damage|p1a: Gallade|52/100|[from] Sandstorm
|-damage|p1b: Farigiraf|38/100|[from] Sandstorm
|upkeep
|turn|7
|inactive|lebronsusedtoilet has 30 seconds left.
|
|t:|1782683543
|move|p1a: Gallade|Wide Guard|p1a: Gallade
|-singleturn|p1a: Gallade|Wide Guard
|move|p2b: Garchomp|Scale Shot|p1a: Gallade
|-damage|p1a: Gallade|20/100r
|-damage|p1a: Gallade|0 fnt
|faint|p1a: Gallade
|-hitcount|p1: Gallade|2
|-unboost|p2b: Garchomp|def|1
|-boost|p2b: Garchomp|spe|1
|-damage|p2b: Garchomp|18/100|[from] item: Life Orb
|move|p2a: Tyranitar|Knock Off|p1b: Farigiraf
|-supereffective|p1b: Farigiraf|1
|-enditem|p1b: Farigiraf|Colbur Berry|[eat]
|-enditem|p1b: Farigiraf|Colbur Berry|[weaken]
|-damage|p1b: Farigiraf|7/100
|move|p1b: Farigiraf|Trick Room|p1b: Farigiraf
|-fieldstart|move: Trick Room|[of] p1b: Farigiraf
|
|-weather|Sandstorm|[upkeep]
|-damage|p1b: Farigiraf|1/100|[from] Sandstorm
|upkeep
|
|t:|1782683562
|switch|p1a: Gyarados|Gyarados-Mega, L50, F|43/100
|-ability|p1a: Gyarados|Mold Breaker
|turn|8
|
|t:|1782683576
|move|p1b: Farigiraf|Twin Beam|p2b: Garchomp|[miss]
|-miss|p1b: Farigiraf|p2b: Garchomp
|move|p2a: Tyranitar|Rock Slide|p1a: Gyarados|[spread] p1a,p1b
|-damage|p1a: Gyarados|25/100
|-damage|p1b: Farigiraf|0 fnt
|faint|p1b: Farigiraf
|move|p1a: Gyarados|Waterfall|p2a: Tyranitar
|-supereffective|p2a: Tyranitar|1
|-damage|p2a: Tyranitar|0 fnt
|faint|p2a: Tyranitar
|move|p2b: Garchomp|Rock Slide|p1a: Gyarados
|-damage|p1a: Gyarados|0 fnt
|faint|p1a: Gyarados
|-damage|p2b: Garchomp|8/100|[from] item: Life Orb
|
|win|lebronsusedtoilet
|inactive|alkittxn has 30 seconds to confirm battle start!
|inactive|lebronsusedtoilet has 30 seconds to confirm battle start!
||alkittxn is ready for game 2.
|inactive|lebronsusedtoilet has 20 seconds to confirm battle start!
||lebronsusedtoilet is ready for game 2.
|uhtml|next|Next: Game 2 of 3
