|j|☆cheesebiscuit12
|j|☆bingbingbangus
|html|cheesebiscuit12bingbingbangus    
|uhtml|bestof|Game 1 of a best-of-3
|t:|1785156813
|gametype|doubles
|player|p1|cheesebiscuit12|169|
|player|p2|bingbingbangus|265|
|gen|9
|tier|[Gen 9 Champions] VGC 2026 Reg M-B (Bo3)
|rule|Species Clause: Limit one of each Pokémon
|rule|Item Clause: Limit 1 of each item
|clearpoke
|poke|p1|Gardevoir, L50, M|
|poke|p1|Metagross, L50|
|poke|p1|Whimsicott, L50, M|
|poke|p1|Garganacl, L50, F|
|poke|p1|Sableye, L50, M|
|poke|p1|Flapple, L50, F|
|poke|p2|Gengar, L50, F|
|poke|p2|Primarina, L50, M|
|poke|p2|Annihilape, L50, M|
|poke|p2|Clefable, L50, F|
|poke|p2|Rotom-Wash, L50|
|poke|p2|Scizor, L50, F|
|teampreview|4
|showteam|p1|Gardevoir||Gardevoirite|Telepathy|HyperVoice,Protect,Psyshock,TrickRoom|Timid||M|||50|]Metagross||ExpertBelt|ClearBody|IronHead,IcePunch,Earthquake,PsychicFangs|Adamant|||||50|]Whimsicott||FocusSash|Prankster|TrickRoom,Protect,BeatUp,Moonblast|Relaxed||M|||50|]Garganacl||Leftovers|PurifyingSalt|StealthRock,SaltCure,Recover,Protect|Impish||F|||50|]Sableye||Sablenite|Prankster|Gravity,WillOWisp,SuckerPunch,LightScreen|Careful||M|||50|]Flapple||MiracleSeed|Hustle|GravApple,DragonRush,Uturn,Protect|Jolly||F|||50|
|showteam|p2|Gengar||Gengarite|CursedBody|ShadowBall,SludgeBomb,Protect,PerishSong|Timid||F|||50|]Primarina||Leftovers|Torrent|HyperVoice,Moonblast,Protect,Haze|Calm||M|||50|]Annihilape||SitrusBerry|InnerFocus|RageFist,DrainPunch,BulkUp,Protect|Adamant||M|||50|]Clefable||FocusSash|Unaware|FollowMe,HelpingHand,Moonblast,Protect|Calm||F|||50|]Rotom-Wash||ExpertBelt|Levitate|HydroPump,VoltSwitch,WillOWisp,Protect|Calm|||||50|]Scizor||MuscleBand|Swarm|BulletPunch,Uturn,DualWingbeat,CloseCombat|Adamant||F|||50|
|
|t:|1785156906
|teamsize|p1|4
|teamsize|p2|4
|start
|switch|p1a: Whimsicott|Whimsicott, L50, M|100/100
|switch|p1b: Sableye|Sableye, L50, M|100/100
|switch|p2a: Gengar|Gengar, L50, F|100/100
|switch|p2b: Clefable|Clefable, L50, F|100/100
|turn|1
|
|t:|1785156939
|detailschange|p2a: Gengar|Gengar-Mega, L50, F
|-mega|p2a: Gengar|Gengar|Gengarite
|move|p1a: Whimsicott|Protect|p1a: Whimsicott
|-singleturn|p1a: Whimsicott|Protect
|move|p2b: Clefable|Follow Me|p2b: Clefable
|-singleturn|p2b: Clefable|move: Follow Me
|move|p1b: Sableye|Light Screen|p1b: Sableye
|-sidestart|p1: cheesebiscuit12|move: Light Screen
|move|p2a: Gengar|Perish Song|p2a: Gengar
|-start|p1a: Whimsicott|perish3|[silent]
|-start|p1b: Sableye|perish3|[silent]
|-start|p2a: Gengar|perish3|[silent]
|-start|p2b: Clefable|perish3|[silent]
|-fieldactivate|move: Perish Song
|
|-start|p2a: Gengar|perish3
|-start|p1a: Whimsicott|perish3
|-start|p2b: Clefable|perish3
|-start|p1b: Sableye|perish3
|upkeep
|turn|2
|
|t:|1785157018
|move|p2a: Gengar|Protect|p2a: Gengar
|-singleturn|p2a: Gengar|Protect
|move|p1b: Sableye|Gravity|p1b: Sableye
|-fieldstart|move: Gravity
|move|p2b: Clefable|Moonblast|p1a: Whimsicott
|-damage|p1a: Whimsicott|71/100
|move|p1a: Whimsicott|Trick Room|p1a: Whimsicott
|-fieldstart|move: Trick Room|[of] p1a: Whimsicott
|
|-start|p1b: Sableye|perish2
|-start|p2b: Clefable|perish2
|-start|p1a: Whimsicott|perish2
|-start|p2a: Gengar|perish2
|upkeep
|turn|3
|
|t:|1785157050
|switch|p1b: Flapple|Flapple, L50, F|100/100
|switch|p2a: Primarina|Primarina, L50, M|100/100
|move|p2b: Clefable|Protect|p2b: Clefable
|-singleturn|p2b: Clefable|Protect
|move|p1a: Whimsicott|Beat Up|p2a: Primarina
|-resisted|p2a: Primarina|1
|-damage|p2a: Primarina|98/100
|-resisted|p2a: Primarina|1
|-damage|p2a: Primarina|97/100
|-resisted|p2a: Primarina|1
|-damage|p2a: Primarina|95/100
|-resisted|p2a: Primarina|1
|-damage|p2a: Primarina|94/100
|-hitcount|p2a: Primarina|4
|
|-heal|p2a: Primarina|100/100|[from] item: Leftovers
|-start|p2b: Clefable|perish1
|-start|p1a: Whimsicott|perish1
|upkeep
|turn|4
|
|t:|1785157187
|switch|p2b: Gengar|Gengar-Mega, L50, F|100/100
|switch|p1a: Metagross|Metagross, L50|100/100
|move|p2a: Primarina|Moonblast|p1b: Flapple
|-supereffective|p1b: Flapple|1
|-damage|p1b: Flapple|31/100
|move|p1b: Flapple|Grav Apple|p2a: Primarina
|-supereffective|p2a: Primarina|1
|-damage|p2a: Primarina|0 fnt
|faint|p2a: Primarina
|
|upkeep
|
|t:|1785157207
|switch|p2a: Clefable|Clefable, L50, F|100/100
|turn|5
|
|t:|1785157225
|move|p2a: Clefable|Follow Me|p2a: Clefable
|-singleturn|p2a: Clefable|move: Follow Me
|move|p1a: Metagross|Iron Head|p2a: Clefable
|-supereffective|p2a: Clefable|1
|-enditem|p2a: Clefable|Focus Sash
|-damage|p2a: Clefable|1/100
|move|p1b: Flapple|Grav Apple|p2a: Clefable
|-damage|p2a: Clefable|0 fnt
|faint|p2a: Clefable
|move|p2b: Gengar|Sludge Bomb|p1b: Flapple
|-supereffective|p1b: Flapple|1
|-damage|p1b: Flapple|0 fnt
|faint|p1b: Flapple
|
|-sideend|p1: cheesebiscuit12|move: Light Screen
|upkeep
|
|t:|1785157253
|switch|p2a: Annihilape|Annihilape, L50, M|100/100
|switch|p1b: Sableye|Sableye, L50, M|100/100
|turn|6
|
|t:|1785157279
|move|p1b: Sableye|Sucker Punch|p2b: Gengar
|-supereffective|p2b: Gengar|1
|-damage|p2b: Gengar|37/100
|move|p1a: Metagross|Earthquake|p2a: Annihilape|[spread] p1b,p2a,p2b
|-supereffective|p2b: Gengar|1
|-damage|p1b: Sableye|59/100
|-damage|p2a: Annihilape|70/100
|-damage|p2b: Gengar|0 fnt
|faint|p2b: Gengar
|move|p2a: Annihilape|Rage Fist|p1a: Metagross
|-supereffective|p1a: Metagross|1
|-damage|p1a: Metagross|22/100
|
|-fieldend|move: Trick Room
|-fieldend|move: Gravity
|upkeep
|turn|7
|
|t:|1785157310
|detailschange|p1b: Sableye|Sableye-Mega, L50, M
|-mega|p1b: Sableye|Sableye|Sablenite
|move|p1b: Sableye|Sucker Punch|p2a: Annihilape
|-damage|p2a: Annihilape|51/100
|move|p2a: Annihilape|Drain Punch|p1a: Metagross
|-damage|p1a: Metagross|0 fnt
|-heal|p2a: Annihilape|61/100|[from] drain|[of] p1a: Metagross
|faint|p1a: Metagross
|
|upkeep
|
|t:|1785157320
|switch|p1a: Whimsicott|Whimsicott, L50, M|71/100
|turn|8
|
|t:|1785157334
|move|p1a: Whimsicott|Moonblast|p2a: Annihilape
|-supereffective|p2a: Annihilape|1
|-damage|p2a: Annihilape|14/100
|-enditem|p2a: Annihilape|Sitrus Berry|[eat]
|-heal|p2a: Annihilape|39/100|[from] item: Sitrus Berry
|move|p2a: Annihilape|Rage Fist|p1b: Sableye
|-damage|p1b: Sableye|0 fnt
|faint|p1b: Sableye
|
|upkeep
|turn|9
|
|t:|1785157358
|move|p2a: Annihilape|Protect|p2a: Annihilape
|-singleturn|p2a: Annihilape|Protect
|move|p1a: Whimsicott|Moonblast|p2a: Annihilape
|-activate|p2a: Annihilape|move: Protect
|
|upkeep
|turn|10
|
|t:|1785157369
|move|p1a: Whimsicott|Moonblast|p2a: Annihilape
|-supereffective|p2a: Annihilape|1
|-damage|p2a: Annihilape|0 fnt
|faint|p2a: Annihilape
|
|win|cheesebiscuit12
