|j|â˜†Ayyofred
|j|â˜†TheDomainOfCheese
|html|AyyofredTheDomainOfCheese    
|uhtml|bestof|Game 2 of a best-of-3
|t:|1757645194
|gametype|doubles
|player|p1|Ayyofred|juggler|1112
|player|p2|TheDomainOfCheese|cynthia-gen4|1002
|gen|9
|tier|[Gen 9] VGC 2025 Reg H (Bo3)
|rated|
|rule|Species Clause: Limit one of each PokÃ©mon
|rule|Item Clause: Limit 1 of each item
|clearpoke
|poke|p1|Sneasler, L50, M|
|poke|p1|Rillaboom, L50, F|
|poke|p1|Dragapult, L50, M|
|poke|p1|Volcarona, L50, M|
|poke|p1|Whimsicott, L50, M|
|poke|p1|Primarina, L50, F|
|poke|p2|Incineroar, L50, M|
|poke|p2|Ursaluna, L50, M|
|poke|p2|Amoonguss, L50, M|
|poke|p2|Dragonite, L50, F|
|poke|p2|Rillaboom, L50, M|
|poke|p2|Medicham, L50, M|
|teampreview|4
|showteam|p1|Sneasler||FocusSash|PoisonTouch|FakeOut,CloseCombat,DireClaw,ThroatChop|||M|||50|,,,,,Grass]Rillaboom||RockyHelmet|GrassySurge|Protect,FakeOut,WoodHammer,HighHorsepower|||F|||50|,,,,,Fire]Dragapult||LifeOrb|ClearBody|Protect,DragonDarts,PhantomForce,SuckerPunch|||M|||50|,,,,,Fairy]Volcarona||Leftovers|FlameBody|Protect,QuiverDance,HeatWave,BugBuzz|||M|||50|,,,,,Steel]Whimsicott||CovertCloak|Prankster|Tailwind,SunnyDay,Encore,Endeavor|||M|||50|,,,,,Dark]Primarina||SitrusBerry|LiquidVoice|Protect,Moonblast,IceBeam,HyperVoice|||F|||50|,,,,,Poison
|showteam|p2|Incineroar||SafetyGoggles|Intimidate|FakeOut,KnockOff,PartingShot,FlareBlitz|||M|||50|,,,,,Grass]Ursaluna||FlameOrb|Guts|Facade,HeadlongRush,Earthquake,Protect|||M|||50|,,,,,Ghost]Amoonguss||SitrusBerry|Regenerator|Spore,RagePowder,PollenPuff,Protect|||M|||50|,,,,,Water]Dragonite||LoadedDice|Multiscale|Tailwind,ScaleShot,ExtremeSpeed,Protect|||F|||50|,,,,,Fairy]Rillaboom||AssaultVest|GrassySurge|FakeOut,GrassyGlide,WoodHammer,HighHorsepower|||M|||50|,,,,,Bug]Medicham||FocusSash|PurePower|FakeOut,TrickRoom,CloseCombat,PsychoCut|||M|||50|,,,,,Normal
|inactive|Battle timer is ON: inactive players will automatically lose when time's up. (requested by TheDomainOfCheese)
|inactive|Ayyofred has 60 seconds left.
|inactive|TheDomainOfCheese has 60 seconds left.
|
|t:|1757645262
|teamsize|p1|4
|teamsize|p2|4
|start
|switch|p1a: Primarina|Primarina, L50, F|100/100
|switch|p1b: Sneasler|Sneasler, L50, M|100/100
|switch|p2a: Amoonguss|Amoonguss, L50, M|100/100
|switch|p2b: Medicham|Medicham, L50, M|100/100
|turn|1
|
|t:|1757645274
|move|p1b: Sneasler|Fake Out|p2a: Amoonguss
|-damage|p2a: Amoonguss|90/100
|move|p2b: Medicham|Fake Out|p1b: Sneasler
|-damage|p1b: Sneasler|69/100
|move|p1a: Primarina|Moonblast|p2b: Medicham
|-supereffective|p2b: Medicham
|-enditem|p2b: Medicham|Focus Sash
|-damage|p2b: Medicham|1/100
|-unboost|p2b: Medicham|spa|1
|cant|p2a: Amoonguss|flinch
|
|upkeep
|turn|2
|
|t:|1757645293
|move|p2a: Amoonguss|Rage Powder|p2a: Amoonguss
|-singleturn|p2a: Amoonguss|move: Rage Powder
|move|p1b: Sneasler|Dire Claw|p2a: Amoonguss
|-damage|p2a: Amoonguss|54/100
|move|p2b: Medicham|Psycho Cut|p1b: Sneasler
|-supereffective|p1b: Sneasler
|-damage|p1b: Sneasler|0 fnt
|faint|p1b: Sneasler
|move|p1a: Primarina|Ice Beam|p2a: Amoonguss
|-supereffective|p2a: Amoonguss
|-damage|p2a: Amoonguss|0 fnt
|faint|p2a: Amoonguss
|
|upkeep
|
|t:|1757645313
|switch|p1b: Whimsicott|Whimsicott, L50, M|100/100
|switch|p2a: Incineroar|Incineroar, L50, M|100/100
|-ability|p2a: Incineroar|Intimidate|boost
|-unboost|p1a: Primarina|atk|1
|-unboost|p1b: Whimsicott|atk|1
|turn|3
|
|t:|1757645338
|move|p2a: Incineroar|Fake Out|p1a: Primarina
|-damage|p1a: Primarina|87/100
|move|p1b: Whimsicott|Encore|p2b: Medicham
|-start|p2b: Medicham|Encore
|cant|p1a: Primarina|flinch
|move|p2b: Medicham|Psycho Cut|p1a: Primarina
|-damage|p1a: Primarina|35/100
|-enditem|p1a: Primarina|Sitrus Berry|[eat]
|-heal|p1a: Primarina|59/100|[from] item: Sitrus Berry
|
|upkeep
|turn|4
|
|t:|1757645350
|switch|p2a: Ursaluna|Ursaluna, L50, M, shiny|100/100
|move|p1b: Whimsicott|Tailwind|p1b: Whimsicott
|-sidestart|p1: Ayyofred|move: Tailwind
|move|p1a: Primarina|Hyper Voice|p2b: Medicham|[spread] p2a,p2b
|-supereffective|p2a: Ursaluna
|-damage|p2a: Ursaluna|24/100
|-damage|p2b: Medicham|0 fnt
|faint|p2b: Medicham
|
|-status|p2a: Ursaluna|brn|[from] item: Flame Orb
|upkeep
|
|t:|1757645357
|switch|p2b: Incineroar|Incineroar, L50, M|100/100
|-ability|p2b: Incineroar|Intimidate|boost
|-unboost|p1a: Primarina|atk|1
|-unboost|p1b: Whimsicott|atk|1
|turn|5
|
|t:|1757645379
|switch|p1b: Dragapult|Dragapult, L50, M|100/100
|move|p1a: Primarina|Protect|p1a: Primarina
|-singleturn|p1a: Primarina|Protect
|move|p2a: Ursaluna|Protect|p2a: Ursaluna
|-singleturn|p2a: Ursaluna|Protect
|move|p2b: Incineroar|Flare Blitz|p1b: Dragapult
|-resisted|p1b: Dragapult
|-damage|p1b: Dragapult|66/100
|-damage|p2b: Incineroar|91/100|[from] Recoil
|
|-damage|p2a: Ursaluna|18/100 brn|[from] brn
|upkeep
|turn|6
|inactive|TheDomainOfCheese has 30 seconds left.
|
|t:|1757645410
|-terastallize|p2b: Incineroar|Grass
|move|p1b: Dragapult|Dragon Darts|p2b: Incineroar
|-damage|p2b: Incineroar|56/100
|-anim|p1b: Dragapult|Dragon Darts|p2a: Ursaluna
|-damage|p2a: Ursaluna|0 fnt
|faint|p2a: Ursaluna
|-damage|p1b: Dragapult|56/100|[from] item: Life Orb
|move|p1a: Primarina|Hyper Voice|p2b: Incineroar
|-resisted|p2b: Incineroar
|-damage|p2b: Incineroar|40/100
|move|p2b: Incineroar|Knock Off|p1b: Dragapult
|-supereffective|p1b: Dragapult
|-damage|p1b: Dragapult|0 fnt
|-enditem|p1b: Dragapult|Life Orb|[from] move: Knock Off|[of] p2b: Incineroar
|faint|p1b: Dragapult
|
|upkeep
|
|t:|1757645425
|switch|p1b: Whimsicott|Whimsicott, L50, M|100/100
|turn|7
|inactive|Ayyofred has 30 seconds left.
|
|t:|1757645455
|move|p1b: Whimsicott|Endeavor|p2b: Incineroar
|-immune|p2b: Incineroar
|move|p1a: Primarina|Ice Beam|p2b: Incineroar
|-supereffective|p2b: Incineroar
|-damage|p2b: Incineroar|0 fnt
|faint|p2b: Incineroar
|
|win|Ayyofred
|l|â˜†Ayyofred
|player|p1|
||Ayyofred is ready for game 3.
|inactive|TheDomainOfCheese has 30 seconds to confirm battle start!
|inactive|TheDomainOfCheese has 20 seconds to confirm battle start!
|inactive|TheDomainOfCheese has 10 seconds to confirm battle start!
|uhtml|next|Next: Game 3 of 3
