|j|☆dimitry_vgc
|j|☆neuesspielzeug
|html|dimitry_vgcneuesspielzeug    
|uhtml|bestof|Game 1 of a best-of-3
|t:|1784520055
|gametype|doubles
|player|p1|dimitry_vgc|pokemonbreederf-gen4|1138
|player|p2|neuesspielzeug|2|1203
|gen|9
|tier|[Gen 9 Champions] VGC 2026 Reg M-B (Bo3)
|rated|
|rule|Species Clause: Limit one of each Pokémon
|rule|Item Clause: Limit 1 of each item
|clearpoke
|poke|p1|Charizard, L50, M, shiny|
|poke|p1|Kingambit, L50, F|
|poke|p1|Basculegion, L50, M, shiny|
|poke|p1|Sylveon, L50, M|
|poke|p1|Venusaur, L50, F|
|poke|p1|Garchomp, L50, M|
|poke|p2|Scrafty, L50, M|
|poke|p2|Toxapex, L50, F|
|poke|p2|Metagross, L50|
|poke|p2|Chandelure, L50, M|
|poke|p2|Hydreigon, L50, F|
|poke|p2|Sneasler, L50, F|
|teampreview|4
|showteam|p1|Charizard||CharizarditeY|Blaze|HeatWave,WeatherBall,HelpingHand,Protect|Modest||M|||50|]Kingambit||FocusSash|Defiant|KowtowCleave,IronHead,SuckerPunch,Protect|Adamant||F|||50|]Basculegion||MysticWater|Adaptability|WaveCrash,LastRespects,AquaJet,Protect|Adamant||M|||50|]Sylveon||FairyFeather|Pixilate|HyperVoice,HyperBeam,QuickAttack,Detect|Bold||M|||50|]Venusaur||LifeOrb|Chlorophyll|SludgeBomb,EarthPower,SolarBeam,Protect|Modest||F|||50|]Garchomp||ChoiceScarf|RoughSkin|RockSlide,DragonClaw,Earthquake,RockTomb|Adamant||M|||50|
|showteam|p2|Scrafty||Scraftinite|Intimidate|FakeOut,DrainPunch,KnockOff,PoisonJab|Careful||M|||50|]Toxapex||Leftovers|Regenerator|Infestation,Toxic,BanefulBunker,WideGuard|Bold||F|||50|]Metagross||Metagrossite|ClearBody|PsychicFangs,StompingTantrum,IcePunch,Protect|Jolly|||||50|]Chandelure||FocusSash|FlashFire|EnergyBall,HeatWave,ShadowBall,Protect|Timid||M|||50|]Hydreigon||ChoiceScarf|Levitate|DracoMeteor,Snarl,DarkPulse,EarthPower|Modest||F|||50|]Sneasler||LifeOrb|PoisonTouch|FakeOut,CloseCombat,DireClaw,Protect|Jolly||F|||50|
|
|t:|1784520120
|teamsize|p1|4
|teamsize|p2|4
|start
|switch|p1a: Charizard|Charizard, L50, M, shiny|100/100
|switch|p1b: Venusaur|Venusaur, L50, F|100/100
|switch|p2a: Chandelure|Chandelure, L50, M|100/100
|switch|p2b: Sneasler|Sneasler, L50, F|100/100
|turn|1
|inactive|Battle timer is ON: inactive players will automatically lose when time's up. (requested by dimitry_vgc)
|
|t:|1784520149
|move|p1a: Charizard|Protect|p1a: Charizard
|-singleturn|p1a: Charizard|Protect
|move|p1b: Venusaur|Protect|p1b: Venusaur
|-singleturn|p1b: Venusaur|Protect
|move|p2b: Sneasler|Fake Out|p1a: Charizard
|-activate|p1a: Charizard|move: Protect
|move|p2a: Chandelure|Heat Wave|p1b: Venusaur|[spread] 
|-activate|p1a: Charizard|move: Protect
|-activate|p1b: Venusaur|move: Protect
|
|upkeep
|turn|2
|
|t:|1784520171
|detailschange|p1a: Charizard|Charizard-Mega-Y, L50, M, shiny
|-mega|p1a: Charizard|Charizard|Charizardite Y
|-weather|SunnyDay|[from] ability: Drought|[of] p1a: Charizard
|move|p1a: Charizard|Helping Hand|p1b: Venusaur
|-singleturn|p1b: Venusaur|Helping Hand|[of] p1a: Charizard
|move|p2b: Sneasler|Protect|p2b: Sneasler
|-singleturn|p2b: Sneasler|Protect
|move|p1b: Venusaur|Earth Power|p2b: Sneasler
|-activate|p2b: Sneasler|move: Protect
|move|p2a: Chandelure|Heat Wave|p1b: Venusaur|[spread] p1a,p1b
|-resisted|p1a: Charizard|1
|-crit|p1a: Charizard
|-supereffective|p1b: Venusaur|1
|-damage|p1a: Charizard|60/100
|-damage|p1b: Venusaur|0 fnt
|faint|p1b: Venusaur
|
|-weather|SunnyDay|[upkeep]
|upkeep
|
|t:|1784520188
|switch|p1b: Garchomp|Garchomp, L50, M|100/100
|turn|3
|inactive|neuesspielzeug has 30 seconds left.
|
|t:|1784520220
|switch|p2b: Hydreigon|Hydreigon, L50, F|100/100
|move|p2a: Chandelure|Protect|p2a: Chandelure
|-singleturn|p2a: Chandelure|Protect
|move|p1b: Garchomp|Rock Slide|p2b: Hydreigon|[spread] p2b
|-activate|p2a: Chandelure|move: Protect
|-damage|p2b: Hydreigon|76/100
|move|p1a: Charizard|Weather Ball|p2b: Hydreigon
|-resisted|p2b: Hydreigon|1
|-damage|p2b: Hydreigon|23/100
|
|-weather|SunnyDay|[upkeep]
|upkeep
|turn|4
|inactive|dimitry_vgc has 30 seconds left.
|
|t:|1784520248
|move|p1a: Charizard|Helping Hand|p1b: Garchomp
|-singleturn|p1b: Garchomp|Helping Hand|[of] p1a: Charizard
|move|p1b: Garchomp|Rock Slide|p2b: Hydreigon|[spread] p2a,p2b
|-supereffective|p2a: Chandelure|1
|-damage|p2a: Chandelure|18/100
|-damage|p2b: Hydreigon|0 fnt
|faint|p2b: Hydreigon
|move|p2a: Chandelure|Heat Wave|p1a: Charizard|[spread] p1a,p1b
|-resisted|p1a: Charizard|1
|-resisted|p1b: Garchomp|1
|-damage|p1a: Charizard|35/100
|-damage|p1b: Garchomp|68/100
|
|-weather|SunnyDay|[upkeep]
|upkeep
|
|t:|1784520259
|switch|p2b: Toxapex|Toxapex, L50, F|100/100
|turn|5
|
|t:|1784520271
|move|p2b: Toxapex|Wide Guard|p2b: Toxapex
|-singleturn|p2b: Toxapex|Wide Guard
|move|p1b: Garchomp|Rock Slide|p2a: Chandelure|[spread] 
|-activate|p2a: Chandelure|move: Wide Guard
|-activate|p2b: Toxapex|move: Wide Guard
|move|p2a: Chandelure|Heat Wave|p1a: Charizard|[spread] p1a
|-miss|p2a: Chandelure|p1b: Garchomp
|-resisted|p1a: Charizard|1
|-damage|p1a: Charizard|8/100
|move|p1a: Charizard|Weather Ball|p2b: Toxapex
|-resisted|p2b: Toxapex|1
|-damage|p2b: Toxapex|66/100
|
|-weather|SunnyDay|[upkeep]
|-heal|p2b: Toxapex|71/100|[from] item: Leftovers
|upkeep
|turn|6
|
|t:|1784520292
|move|p2a: Chandelure|Protect|p2a: Chandelure
|-singleturn|p2a: Chandelure|Protect
|move|p1b: Garchomp|Rock Slide|p2b: Toxapex|[spread] p2b
|-activate|p2a: Chandelure|move: Protect
|-damage|p2b: Toxapex|58/100
|move|p1a: Charizard|Weather Ball|p2b: Toxapex
|-resisted|p2b: Toxapex|1
|-crit|p2b: Toxapex
|-damage|p2b: Toxapex|7/100
|move|p2b: Toxapex|Toxic|p1b: Garchomp
|-status|p1b: Garchomp|tox
|
|-weather|none
|-heal|p2b: Toxapex|12/100|[from] item: Leftovers
|-damage|p1b: Garchomp|61/100 tox|[from] psn
|upkeep
|turn|7
|
|t:|1784520305
|move|p2b: Toxapex|Wide Guard|p2b: Toxapex
|-singleturn|p2b: Toxapex|Wide Guard
|move|p1b: Garchomp|Rock Slide|p2a: Chandelure|[spread] 
|-activate|p2a: Chandelure|move: Wide Guard
|-activate|p2b: Toxapex|move: Wide Guard
|move|p2a: Chandelure|Heat Wave|p1a: Charizard|[spread] p1a,p1b
|-resisted|p1a: Charizard|1
|-resisted|p1b: Garchomp|1
|-damage|p1a: Charizard|0 fnt
|-damage|p1b: Garchomp|42/100 tox
|faint|p1a: Charizard
|
|-heal|p2b: Toxapex|18/100|[from] item: Leftovers
|-damage|p1b: Garchomp|29/100 tox|[from] psn
|upkeep
|
|t:|1784520314
|switch|p1a: Basculegion|Basculegion, L50, M, shiny|100/100
|turn|8
|inactive|neuesspielzeug has 30 seconds left.
|inactive|neuesspielzeug has 20 seconds left.
|inactive|neuesspielzeug has 15 seconds left.
|inactive|neuesspielzeug has 10 seconds left.
|inactive|neuesspielzeug has 5 seconds left.
|
|t:|1784520365
|switch|p2a: Sneasler|Sneasler, L50, F|100/100
|move|p1a: Basculegion|Aqua Jet|p2a: Sneasler
|-damage|p2a: Sneasler|43/100
|move|p1b: Garchomp|Rock Slide|p2a: Sneasler|[spread] p2a
|-miss|p1b: Garchomp|p2b: Toxapex
|-resisted|p2a: Sneasler|1
|-damage|p2a: Sneasler|26/100
|move|p2b: Toxapex|Toxic|p1a: Basculegion
|-status|p1a: Basculegion|tox
|
|-heal|p2b: Toxapex|24/100|[from] item: Leftovers
|-damage|p1b: Garchomp|11/100 tox|[from] psn
|-damage|p1a: Basculegion|94/100 tox|[from] psn
|upkeep
|turn|9
|
|t:|1784520383
|move|p2a: Sneasler|Protect|p2a: Sneasler
|-singleturn|p2a: Sneasler|Protect
|move|p2b: Toxapex|Baneful Bunker|p2b: Toxapex
|-singleturn|p2b: Toxapex|move: Protect
|move|p1a: Basculegion|Aqua Jet|p2b: Toxapex
|-activate|p2b: Toxapex|move: Protect
|move|p1b: Garchomp|Rock Slide|p2b: Toxapex|[spread] 
|-activate|p2a: Sneasler|move: Protect
|-activate|p2b: Toxapex|move: Protect
|
|-heal|p2b: Toxapex|29/100|[from] item: Leftovers
|-damage|p1b: Garchomp|0 fnt|[from] psn
|faint|p1b: Garchomp
|-damage|p1a: Basculegion|82/100 tox|[from] psn
|upkeep
|turn|10
|
|t:|1784520403
|move|p1a: Basculegion|Aqua Jet|p2a: Sneasler
|-damage|p2a: Sneasler|0 fnt
|faint|p2a: Sneasler
|move|p2b: Toxapex|Infestation|p1a: Basculegion
|-resisted|p1a: Basculegion|1
|-damage|p1a: Basculegion|81/100 tox
|-activate|p1a: Basculegion|move: Infestation|[of] p2b: Toxapex
|
|-heal|p2b: Toxapex|35/100|[from] item: Leftovers
|-damage|p1a: Basculegion|63/100 tox|[from] psn
|-damage|p1a: Basculegion|51/100 tox|[from] move: Infestation|[partiallytrapped]
|upkeep
|
|t:|1784520412
|switch|p2a: Chandelure|Chandelure, L50, M|18/100
|turn|11
|
|t:|1784520416
|move|p2a: Chandelure|Protect|p2a: Chandelure
|-singleturn|p2a: Chandelure|Protect
|move|p2b: Toxapex|Baneful Bunker|p2b: Toxapex
|-singleturn|p2b: Toxapex|move: Protect
|move|p1a: Basculegion|Aqua Jet|p2a: Chandelure
|-activate|p2a: Chandelure|move: Protect
|
|-heal|p2b: Toxapex|41/100|[from] item: Leftovers
|-damage|p1a: Basculegion|28/100 tox|[from] psn
|-damage|p1a: Basculegion|16/100 tox|[from] move: Infestation|[partiallytrapped]
|upkeep
|turn|12
|
|t:|1784520429
|move|p1a: Basculegion|Aqua Jet|p2a: Chandelure
|-supereffective|p2a: Chandelure|1
|-damage|p2a: Chandelure|0 fnt
|faint|p2a: Chandelure
|move|p2b: Toxapex|Infestation|p1a: Basculegion
|-resisted|p1a: Basculegion|1
|-damage|p1a: Basculegion|14/100 tox
|
|-heal|p2b: Toxapex|47/100|[from] item: Leftovers
|-damage|p1a: Basculegion|0 fnt|[from] psn
|faint|p1a: Basculegion
|
|win|neuesspielzeug
