|j|☆PalitinhoPJL
|j|☆snailboss
|html|PalitinhoPJLsnailboss    
|uhtml|bestof|Game 2 of a best-of-3
|t:|1757718198
|gametype|doubles
|player|p1|PalitinhoPJL|silver|1075
|player|p2|snailboss|hilda-wonderlauncher|1166
|gen|9
|tier|[Gen 9] VGC 2025 Reg H (Bo3)
|rated|
|rule|Species Clause: Limit one of each Pokémon
|rule|Item Clause: Limit 1 of each item
|clearpoke
|poke|p1|Delphox, L50, M|
|poke|p1|Murkrow, L50, M|
|poke|p1|Indeedee, L50, M|
|poke|p1|Sneasler, L50, M|
|poke|p1|Ninetales-Alola, L50, F|
|poke|p1|Dragapult, L50, F|
|poke|p2|Kingambit, L50, M|
|poke|p2|Rillaboom, L50, F|
|poke|p2|Volcarona, L50, F|
|poke|p2|Tauros-Paldea-Aqua, L50, M|
|poke|p2|Electabuzz, L50, F|
|poke|p2|Ninetales-Alola, L50, M|
|teampreview|4
|showteam|p1|Delphox||LifeOrb|Blaze|ExpandingForce,HeatWave,Flamethrower,Protect|||M|||50|,,,,,Fire]Murkrow||Eviolite|Prankster|Tailwind,FoulPlay,Haze,SunnyDay|||M|||50|,,,,,Ghost]Indeedee||FocusSash|PsychicSurge|ExpandingForce,TeraBlast,Imprison,TrickRoom|||M|||50|,,,,,Fighting]Sneasler||PsychicSeed|Unburden|DireClaw,CloseCombat,ThroatChop,Protect|||M|||50|,,,,,Dark]Ninetales-Alola||CovertCloak|SnowWarning|Blizzard,AuroraVeil,Encore,IcyWind|||F|||50|,,,,,Water]Dragapult||ChoiceBand|ClearBody|DragonDarts,PhantomForce,TeraBlast,Uturn|||F|||50|,,,,,Ghost
|showteam|p2|Kingambit||BlackGlasses|Defiant|SuckerPunch,KowtowCleave,SwordsDance,Protect|||M|||50|,,,,,Fire]Rillaboom||AssaultVest|GrassySurge|FakeOut,GrassyGlide,WoodHammer,HighHorsepower|||F|||50|,,,,,Fire]Volcarona||CovertCloak|FlameBody|QuiverDance,HeatWave,GigaDrain,Protect|||F|||50|,,,,,Grass]Tauros-Paldea-Aqua||GrassySeed|Intimidate|WaveCrash,BodyPress,Protect,AquaJet|||M|||50|,,,,,Fire]Electabuzz||Eviolite|VitalSpirit|Taunt,Thunderbolt,Protect,FollowMe|||F|||50|,,,,,Ghost]Ninetales-Alola||FocusSash|SnowWarning|Protect,Encore,FreezeDry,Disable|||M|||50|,,,,,Ghost
|
|t:|1757718247
|teamsize|p1|4
|teamsize|p2|4
|start
|switch|p1a: Magrão|Sneasler, L50, M|100/100
|switch|p1b: Drip|Murkrow, L50, M|100/100
|switch|p2a: Kingambit|Kingambit, L50, M|100/100
|switch|p2b: Ninetales|Ninetales-Alola, L50, M|100/100
|-weather|Snowscape|[from] ability: Snow Warning|[of] p2b: Ninetales
|turn|1
|
|t:|1757718291
|-terastallize|p2a: Kingambit|Fire
|move|p2b: Ninetales|Encore||[still]
|-fail|p2b: Ninetales
|move|p1a: Magrão|Dire Claw|p2b: Ninetales
|-supereffective|p2b: Ninetales
|-crit|p2b: Ninetales
|-enditem|p2b: Ninetales|Focus Sash
|-damage|p2b: Ninetales|1/100
|move|p1b: Drip|Foul Play|p2b: Ninetales
|-resisted|p2b: Ninetales
|-damage|p2b: Ninetales|0 fnt
|faint|p2b: Ninetales
|move|p2a: Kingambit|Swords Dance|p2a: Kingambit
|-boost|p2a: Kingambit|atk|2
|
|-weather|Snowscape|[upkeep]
|upkeep
|
|t:|1757718312
|switch|p2b: Rillaboom|Rillaboom, L50, F|100/100
|-fieldstart|move: Grassy Terrain|[from] ability: Grassy Surge|[of] p2b: Rillaboom
|turn|2
|
|t:|1757718332
|move|p1b: Drip|Haze|p1b: Drip
|-clearallboost
|move|p1a: Magrão|Dire Claw|p2b: Rillaboom
|-supereffective|p2b: Rillaboom
|-damage|p2b: Rillaboom|8/100
|move|p2b: Rillaboom|High Horsepower|p1a: Magrão|[miss]
|-miss|p2b: Rillaboom|p1a: Magrão
|move|p2a: Kingambit|Swords Dance|p2a: Kingambit
|-boost|p2a: Kingambit|atk|2
|
|-weather|Snowscape|[upkeep]
|-heal|p2b: Rillaboom|14/100|[from] Grassy Terrain
|upkeep
|turn|3
|
|t:|1757718349
|switch|p2b: Volcarona|Volcarona, L50, F|100/100
|move|p1b: Drip|Haze|p1b: Drip
|-clearallboost
|move|p1a: Magrão|Dire Claw|p2a: Kingambit
|-damage|p2a: Kingambit|65/100
|-status|p2a: Kingambit|psn
|move|p2a: Kingambit|Kowtow Cleave|p1a: Magrão
|-resisted|p1a: Magrão
|-damage|p1a: Magrão|50/100
|
|-weather|Snowscape|[upkeep]
|-heal|p1a: Magrão|56/100|[from] Grassy Terrain
|-heal|p2a: Kingambit|71/100 psn|[from] Grassy Terrain
|-damage|p2a: Kingambit|59/100 psn|[from] psn
|upkeep
|turn|4
|
|t:|1757718369
|move|p1b: Drip|Tailwind|p1b: Drip
|-sidestart|p1: PalitinhoPJL|move: Tailwind
|move|p1a: Magrão|Dire Claw|p2b: Volcarona
|-damage|p2b: Volcarona|50/100
|-status|p1a: Magrão|brn|[from] ability: Flame Body|[of] p2b: Volcarona
|move|p2b: Volcarona|Quiver Dance|p2b: Volcarona
|-boost|p2b: Volcarona|spa|1
|-boost|p2b: Volcarona|spd|1
|-boost|p2b: Volcarona|spe|1
|move|p2a: Kingambit|Kowtow Cleave|p1a: Magrão
|-resisted|p1a: Magrão
|-damage|p1a: Magrão|6/100 brn
|
|-weather|Snowscape|[upkeep]
|-heal|p1a: Magrão|12/100 brn|[from] Grassy Terrain
|-heal|p2b: Volcarona|56/100|[from] Grassy Terrain
|-heal|p2a: Kingambit|65/100 psn|[from] Grassy Terrain
|-damage|p2a: Kingambit|52/100 psn|[from] psn
|-damage|p1a: Magrão|6/100 brn|[from] brn
|upkeep
|turn|5
|
|t:|1757718390
|move|p1b: Drip|Haze|p1b: Drip
|-clearallboost
|move|p2a: Kingambit|Sucker Punch|p1a: Magrão
|-resisted|p1a: Magrão
|-damage|p1a: Magrão|0 fnt
|faint|p1a: Magrão
|move|p2b: Volcarona|Quiver Dance|p2b: Volcarona
|-boost|p2b: Volcarona|spa|1
|-boost|p2b: Volcarona|spd|1
|-boost|p2b: Volcarona|spe|1
|
|-weather|none
|-heal|p2b: Volcarona|62/100|[from] Grassy Terrain
|-heal|p2a: Kingambit|58/100 psn|[from] Grassy Terrain
|-damage|p2a: Kingambit|46/100 psn|[from] psn
|upkeep
|
|t:|1757718401
|switch|p1a: FireFox|Delphox, L50, M|100/100
|turn|6
|
|t:|1757718422
|-terastallize|p1a: FireFox|Fire
|move|p2b: Volcarona|Protect|p2b: Volcarona
|-singleturn|p2b: Volcarona|Protect
|move|p2a: Kingambit|Protect|p2a: Kingambit
|-singleturn|p2a: Kingambit|Protect
|move|p1b: Drip|Haze|p1b: Drip
|-clearallboost
|move|p1a: FireFox|Heat Wave|p2a: Kingambit|[spread] 
|-activate|p2a: Kingambit|move: Protect
|-activate|p2b: Volcarona|move: Protect
|
|-heal|p2b: Volcarona|69/100|[from] Grassy Terrain
|-heal|p2a: Kingambit|52/100 psn|[from] Grassy Terrain
|-damage|p2a: Kingambit|39/100 psn|[from] psn
|-fieldend|move: Grassy Terrain
|upkeep
|turn|7
|
|t:|1757718438
|move|p2a: Kingambit|Sucker Punch|p1a: FireFox
|-damage|p1a: FireFox|18/100
|move|p1a: FireFox|Heat Wave|p2b: Volcarona|[spread] p2a
|-miss|p1a: FireFox|p2b: Volcarona
|-resisted|p2a: Kingambit
|-damage|p2a: Kingambit|0 fnt
|faint|p2a: Kingambit
|-damage|p1a: FireFox|8/100|[from] item: Life Orb
|move|p1b: Drip|Foul Play|p2b: Volcarona
|-damage|p2b: Volcarona|50/100
|move|p2b: Volcarona|Quiver Dance|p2b: Volcarona
|-boost|p2b: Volcarona|spa|1
|-boost|p2b: Volcarona|spd|1
|-boost|p2b: Volcarona|spe|1
|
|-sideend|p1: PalitinhoPJL|move: Tailwind
|upkeep
|
|t:|1757718450
|switch|p2a: Rillaboom|Rillaboom, L50, F|14/100
|-fieldstart|move: Grassy Terrain|[from] ability: Grassy Surge|[of] p2a: Rillaboom
|turn|8
|
|t:|1757718455
|move|p1a: FireFox|Protect|p1a: FireFox
|-singleturn|p1a: FireFox|Protect
|move|p2a: Rillaboom|Fake Out|p1b: Drip
|-damage|p1b: Drip|87/100
|cant|p1b: Drip|flinch
|move|p2b: Volcarona|Heat Wave|p1b: Drip|[spread] p1b
|-activate|p1a: FireFox|move: Protect
|-damage|p1b: Drip|37/100
|-status|p1b: Drip|brn
|
|-heal|p2b: Volcarona|56/100|[from] Grassy Terrain
|-heal|p1a: FireFox|14/100|[from] Grassy Terrain
|-heal|p2a: Rillaboom|20/100|[from] Grassy Terrain
|-damage|p1b: Drip|31/100 brn|[from] brn
|upkeep
|turn|9
|
|t:|1757718474
|move|p2a: Rillaboom|Grassy Glide|p1a: FireFox
|-resisted|p1a: FireFox
|-damage|p1a: FireFox|0 fnt
|faint|p1a: FireFox
|move|p1b: Drip|Haze|p1b: Drip
|-clearallboost
|move|p2b: Volcarona|Heat Wave|p1b: Drip
|-damage|p1b: Drip|0 fnt
|faint|p1b: Drip
|
|-heal|p2b: Volcarona|62/100|[from] Grassy Terrain
|-heal|p2a: Rillaboom|26/100|[from] Grassy Terrain
|upkeep
|
|t:|1757718483
|switch|p1b: Dagão|Dragapult, L50, F, shiny|100/100
|turn|10
|
|t:|1757718498
|move|p2a: Rillaboom|Grassy Glide|p1b: Dagão
|-resisted|p1b: Dagão
|-damage|p1b: Dagão|75/100
|move|p1b: Dagão|Dragon Darts|p2b: Volcarona
|-damage|p2b: Volcarona|25/100
|-anim|p1b: Dagão|Dragon Darts|p2a: Rillaboom
|-crit|p2a: Rillaboom
|-damage|p2a: Rillaboom|0 fnt
|faint|p2a: Rillaboom
|move|p2b: Volcarona|Giga Drain|p1b: Dagão
|-resisted|p1b: Dagão
|-damage|p1b: Dagão|54/100
|-heal|p2b: Volcarona|34/100|[from] drain|[of] p1b: Dagão
|
|-heal|p1b: Dagão|60/100|[from] Grassy Terrain
|-heal|p2b: Volcarona|41/100|[from] Grassy Terrain
|upkeep
|turn|11
|
|t:|1757718512
|move|p1b: Dagão|Dragon Darts|p2b: Volcarona
|-damage|p2b: Volcarona|2/100
|-anim|p1b: Dagão|Dragon Darts|p2b: Volcarona
|-damage|p2b: Volcarona|0 fnt
|faint|p2b: Volcarona
|
|win|PalitinhoPJL
