|j|☆Navaha
|j|☆bighamsterbaseball
|html|Navahabighamsterbaseball    
|uhtml|bestof|Game 2 of a best-of-3
|t:|1784999876
|gametype|doubles
|player|p1|Navaha|iris-gen5bw2|1080
|player|p2|bighamsterbaseball|pokemaniac|1204
|gen|9
|tier|[Gen 9 Champions] VGC 2026 Reg M-B (Bo3)
|rated|
|rule|Species Clause: Limit one of each Pokémon
|rule|Item Clause: Limit 1 of each item
|clearpoke
|poke|p1|Gardevoir, L50, F|
|poke|p1|Kingambit, L50, F|
|poke|p1|Garchomp, L50, F|
|poke|p1|Maushold, L50|
|poke|p1|Whimsicott, L50, M|
|poke|p1|Basculegion, L50, M|
|poke|p2|Pyroar, L50, M|
|poke|p2|Scrafty, L50, F|
|poke|p2|Torkoal, L50, M|
|poke|p2|Farigiraf, L50, F|
|poke|p2|Sneasler, L50, M|
|poke|p2|Mamoswine, L50, M|
|teampreview|4
|showteam|p1|Gardevoir||Gardevoirite|Telepathy|HyperVoice,Psychic,VacuumWave,Protect|Modest||F|||50|]Kingambit||ChopleBerry|Defiant|KowtowCleave,SuckerPunch,IronHead,Protect|Adamant||F|||50|]Garchomp||LifeOrb|RoughSkin|Earthquake,RockSlide,DragonClaw,Protect|Adamant||F|||50|]Maushold||SitrusBerry|FriendGuard|SuperFang,FollowMe,HelpingHand,Protect|Timid|||||50|]Whimsicott||FocusSash|Prankster|Tailwind,Encore,Moonblast,Protect|Timid||M|||50|]Basculegion||MysticWater|Adaptability|WaveCrash,AquaJet,LastRespects,Protect|Adamant||M|||50|
|showteam|p2|Pyroar||Pyroarite|Unnerve|HeatWave,Overheat,SolarBeam,Protect|Timid||M|||50|]Scrafty||Scraftinite|Intimidate|FakeOut,DrainPunch,KnockOff,IcePunch|Adamant||F|||50|]Torkoal||Leftovers|Drought|HeatWave,Yawn,HelpingHand,Protect|Relaxed||M|||50|]Farigiraf||SitrusBerry|ArmorTail|Psychic,HyperVoice,TrickRoom,NastyPlot|Sassy||F|||50|]Sneasler||LifeOrb|PoisonTouch|CloseCombat,PoisonJab,RockSlide,Protect|Adamant||M|||50|]Mamoswine||FocusSash|Oblivious|IceShard,HighHorsepower,FreezeDry,Protect|Rash||M|||50|
|
|t:|1784999917
|teamsize|p1|4
|teamsize|p2|4
|start
|switch|p1a: Kingambit|Kingambit, L50, F|100/100
|switch|p1b: Gardevoir|Gardevoir, L50, F|100/100
|switch|p2a: Pyroar|Pyroar, L50, M|100/100
|switch|p2b: Scrafty|Scrafty, L50, F|100/100
|-ability|p2a: Pyroar|Unnerve
|-ability|p2b: Scrafty|Intimidate|boost
|-unboost|p1a: Kingambit|atk|1
|-ability|p1a: Kingambit|Defiant|boost
|-boost|p1a: Kingambit|atk|2
|-unboost|p1b: Gardevoir|atk|1
|turn|1
|
|t:|1784999966
|detailschange|p2a: Pyroar|Pyroar-Mega, L50, M
|-mega|p2a: Pyroar|Pyroar|Pyroarite
|detailschange|p1b: Gardevoir|Gardevoir-Mega, L50, F
|-mega|p1b: Gardevoir|Gardevoir|Gardevoirite
|move|p1a: Kingambit|Protect|p1a: Kingambit
|-singleturn|p1a: Kingambit|Protect
|move|p2b: Scrafty|Fake Out|p1b: Gardevoir
|-damage|p1b: Gardevoir|85/100
|move|p2a: Pyroar|Heat Wave|p1a: Kingambit|[spread] p1b
|-activate|p1a: Kingambit|move: Protect
|-damage|p1b: Gardevoir|39/100
|cant|p1b: Gardevoir|flinch
|
|upkeep
|turn|2
|
|t:|1785000039
|switch|p1a: Garchomp|Garchomp, L50, F|100/100
|move|p2a: Pyroar|Protect|p2a: Pyroar
|-singleturn|p2a: Pyroar|Protect
|move|p1b: Gardevoir|Protect|p1b: Gardevoir
|-singleturn|p1b: Gardevoir|Protect
|move|p2b: Scrafty|Drain Punch|p1a: Garchomp
|-damage|p1a: Garchomp|65/100
|-damage|p2b: Scrafty|87/100|[from] ability: Rough Skin|[of] p1a: Garchomp
|
|upkeep
|turn|3
|
|t:|1785000068
|switch|p1b: Whimsicott|Whimsicott, L50, M|100/100
|switch|p2b: Torkoal|Torkoal, L50, M|100/100
|-weather|SunnyDay|[from] ability: Drought|[of] p2b: Torkoal
|move|p2a: Pyroar|Overheat|p1a: Garchomp
|-resisted|p1a: Garchomp|1
|-damage|p1a: Garchomp|0 fnt
|-unboost|p2a: Pyroar|spa|2
|faint|p1a: Garchomp
|
|-weather|SunnyDay|[upkeep]
|upkeep
|
|t:|1785000084
|switch|p1a: Gardevoir|Gardevoir-Mega, L50, F|39/100
|turn|4
|
|t:|1785000107
|move|p1b: Whimsicott|Tailwind|p1b: Whimsicott
|-sidestart|p1: Navaha|move: Tailwind
|move|p1a: Gardevoir|Psychic|p2a: Pyroar
|-damage|p2a: Pyroar|39/100
|move|p2a: Pyroar|Heat Wave|p1b: Whimsicott|[spread] p1a,p1b
|-supereffective|p1b: Whimsicott|1
|-damage|p1a: Gardevoir|8/100
|-enditem|p1b: Whimsicott|Focus Sash
|-damage|p1b: Whimsicott|1/100
|-status|p1a: Gardevoir|brn
|move|p2b: Torkoal|Heat Wave|p1b: Whimsicott|[spread] p1a,p1b
|-supereffective|p1b: Whimsicott|1
|-damage|p1a: Gardevoir|0 fnt
|-damage|p1b: Whimsicott|0 fnt
|faint|p1a: Gardevoir
|faint|p1b: Whimsicott
|
|-weather|SunnyDay|[upkeep]
|upkeep
|
|t:|1785000125
|switch|p1b: Kingambit|Kingambit, L50, F|100/100
|turn|5
|
|t:|1785000148
|move|p1b: Kingambit|Sucker Punch|p2a: Pyroar
|-damage|p2a: Pyroar|0 fnt
|faint|p2a: Pyroar
|move|p2b: Torkoal|Yawn|p1b: Kingambit
|-start|p1b: Kingambit|move: Yawn|[of] p2b: Torkoal
|
|-weather|SunnyDay|[upkeep]
|upkeep
|
|t:|1785000153
|switch|p2a: Mamoswine|Mamoswine, L50, M|100/100
|turn|6
|
|t:|1785000167
|move|p2b: Torkoal|Helping Hand|p2a: Mamoswine
|-singleturn|p2a: Mamoswine|Helping Hand|[of] p2b: Torkoal
|move|p1b: Kingambit|Kowtow Cleave|p2b: Torkoal
|-damage|p2b: Torkoal|74/100
|move|p2a: Mamoswine|High Horsepower|p1b: Kingambit
|-supereffective|p1b: Kingambit|1
|-damage|p1b: Kingambit|1/100
|
|-weather|SunnyDay|[upkeep]
|-heal|p2b: Torkoal|80/100|[from] item: Leftovers
|-end|p1b: Kingambit|move: Yawn|[silent]
|-status|p1b: Kingambit|slp
|upkeep
|turn|7
|
|t:|1785000182
|move|p2b: Torkoal|Helping Hand|p2a: Mamoswine
|-singleturn|p2a: Mamoswine|Helping Hand|[of] p2b: Torkoal
|cant|p1b: Kingambit|slp
|move|p2a: Mamoswine|Ice Shard|p1b: Kingambit
|-resisted|p1b: Kingambit|1
|-damage|p1b: Kingambit|0 fnt
|faint|p1b: Kingambit
|
|win|bighamsterbaseball
|raw|Navaha's rating: 1080 → 1066(-14 for losing)
|raw|bighamsterbaseball's rating: 1204 → 1220(+16 for winning)
|c|☆Navaha|Gg
|c|☆Navaha|How tf do you forfeit ? I'm new here :')
|l|☆Navaha
|player|p1|
|l|☆bighamsterbaseball
|player|p2|
|j|☆bighamsterbaseball
|player|p2|bighamsterbaseball|pokemaniac|
