|j|☆Drayagedrag0
|j|☆paologamer7
|html|Drayagedrag0paologamer7    
|uhtml|bestof|Game 1 of a best-of-3
|t:|1756840364
|gametype|doubles
|player|p1|Drayagedrag0|101|1042
|player|p2|paologamer7|266|1044
|gen|9
|tier|[Gen 9] VGC 2025 Reg H (Bo3)
|rated|
|rule|Species Clause: Limit one of each Pokémon
|rule|Item Clause: Limit 1 of each item
|clearpoke
|poke|p1|Garchomp, L50, F|
|poke|p1|Ninetales-Alola, L50, F|
|poke|p1|Arcanine-Hisui, L50, M|
|poke|p1|Amoonguss, L50, F|
|poke|p1|Hydreigon, L50, M|
|poke|p1|Gholdengo, L50|
|poke|p2|Garchomp, L50, M|
|poke|p2|Hydreigon, L50, M|
|poke|p2|Talonflame, L50, F|
|poke|p2|Clefable, L50, F|
|poke|p2|Tauros-Paldea-Aqua, L50, M|
|poke|p2|Haunter, L50, F|
|teampreview|4
|showteam|p1|Garchomp||LifeOrb|RoughSkin|StompingTantrum,Earthquake,DragonClaw,Protect|||F|||50|,,,,,Fire]Ninetales-Alola||FocusSash|SnowWarning|Blizzard,IcyWind,Encore,AuroraVeil|||F|||50|,,,,,Ghost]Arcanine-Hisui||ClearAmulet|Intimidate|FlareBlitz,RockSlide,ExtremeSpeed,Protect|||M|||50|,,,,,Water]Amoonguss||SitrusBerry|Regenerator|Spore,RagePowder,SludgeBomb,Protect|||F|||50|,,,,,Psychic]Hydreigon||CovertCloak|Levitate|DarkPulse,DracoMeteor,Tailwind,Protect|||M|||50|,,,,,Fire]Gholdengo||Leftovers|GoodasGold|MakeItRain,ShadowBall,NastyPlot,Protect||||||50|,,,,,Dragon
|showteam|p2|Garchomp||LifeOrb|RoughSkin|StompingTantrum,DragonClaw,Earthquake,Protect|||M|||50|,,,,,Ground]Hydreigon||ChoiceSpecs|Levitate|DracoMeteor,DarkPulse,HeatWave,Snarl|||M|||50|,,,,,Fire]Talonflame||SharpBeak|GaleWings|DualWingbeat,WillOWisp,Tailwind,Protect|||F|||50|,,,,,Ghost]Clefable||SafetyGoggles|Unaware|Moonblast,Flamethrower,FollowMe,HelpingHand|||F|||50|,,,,,Fire]Tauros-Paldea-Aqua||MirrorHerb|Intimidate|CloseCombat,AquaJet,WaveCrash,Protect|||M|||50|,,,,,Water]Haunter||FocusSash|Levitate|SludgeBomb,ShadowBall,Haze,Protect|||F|||50|,,,,,Stellar
|inactive|Battle timer is ON: inactive players will automatically lose when time's up. (requested by paologamer7)
|inactive|paologamer7 has 60 seconds left.
|
|t:|1756840456
|teamsize|p1|4
|teamsize|p2|4
|start
|switch|p1a: Ninetales|Ninetales-Alola, L50, F, shiny|100/100
|switch|p1b: Hydreigon|Hydreigon, L50, M, shiny|100/100
|switch|p2a: Haunter|Haunter, L50, F|100/100
|switch|p2b: Tauros|Tauros-Paldea-Aqua, L50, M|100/100
|-weather|Snowscape|[from] ability: Snow Warning|[of] p1a: Ninetales
|-ability|p2b: Tauros|Intimidate|boost
|-unboost|p1a: Ninetales|atk|1
|-unboost|p1b: Hydreigon|atk|1
|turn|1
|inactive|Drayagedrag0 has 30 seconds left.
|inactive|paologamer7 has 30 seconds left.
|
|t:|1756840485
|move|p2b: Tauros|Protect|p2b: Tauros
|-singleturn|p2b: Tauros|Protect
|move|p1a: Ninetales|Icy Wind|p2a: Haunter|[spread] p2a
|-activate|p2b: Tauros|move: Protect
|-damage|p2a: Haunter|60/100
|-unboost|p2a: Haunter|spe|1
|move|p1b: Hydreigon|Draco Meteor|p2b: Tauros
|-activate|p2b: Tauros|move: Protect
|move|p2a: Haunter|Sludge Bomb|p1a: Ninetales
|-supereffective|p1a: Ninetales
|-enditem|p1a: Ninetales|Focus Sash
|-damage|p1a: Ninetales|1/100
|
|-weather|Snowscape|[upkeep]
|upkeep
|turn|2
|inactive|paologamer7 has 30 seconds left.
|inactive|paologamer7 has 20 seconds left.
|
|t:|1756840522
|move|p2b: Tauros|Aqua Jet|p1a: Ninetales
|-damage|p1a: Ninetales|0 fnt
|faint|p1a: Ninetales
|move|p1b: Hydreigon|Dark Pulse|p2a: Haunter
|-supereffective|p2a: Haunter
|-damage|p2a: Haunter|0 fnt
|faint|p2a: Haunter
|
|-weather|Snowscape|[upkeep]
|upkeep
|
|t:|1756840534
|switch|p1a: Garchomp|Garchomp, L50, F, shiny|100/100
|switch|p2a: Garchomp|Garchomp, L50, M|100/100
|turn|3
|inactive|Drayagedrag0 has 30 seconds left.
|inactive|paologamer7 has 30 seconds left.
|inactive|Drayagedrag0 has 20 seconds left.
|inactive|paologamer7 has 20 seconds left.
|
|t:|1756840572
|move|p1b: Hydreigon|Protect|p1b: Hydreigon
|-singleturn|p1b: Hydreigon|Protect
|move|p2b: Tauros|Aqua Jet|p1a: Garchomp
|-damage|p1a: Garchomp|80/100
|-damage|p2b: Tauros|89/100|[from] ability: Rough Skin|[of] p1a: Garchomp
|move|p2a: Garchomp|Dragon Claw|p1b: Hydreigon
|-activate|p1b: Hydreigon|move: Protect
|move|p1a: Garchomp|Dragon Claw|p2a: Garchomp
|-supereffective|p2a: Garchomp
|-damage|p2a: Garchomp|0 fnt
|-damage|p1a: Garchomp|68/100|[from] ability: Rough Skin|[of] p2a: Garchomp
|faint|p2a: Garchomp
|-damage|p1a: Garchomp|58/100|[from] item: Life Orb
|
|-weather|Snowscape|[upkeep]
|upkeep
|
|t:|1756840584
|switch|p2a: Talonflame|Talonflame, L50, F|100/100
|turn|4
|inactive|Drayagedrag0 has 30 seconds left.
|inactive|Drayagedrag0 has 20 seconds left.
|
|t:|1756840620
|-terastallize|p1b: Hydreigon|Fire
|move|p2a: Talonflame|Will-O-Wisp|p1a: Garchomp
|-status|p1a: Garchomp|brn
|move|p1a: Garchomp|Dragon Claw|p2a: Talonflame
|-damage|p2a: Talonflame|63/100
|-damage|p1a: Garchomp|48/100 brn|[from] item: Life Orb
|move|p2b: Tauros|Close Combat|p1b: Hydreigon
|-damage|p1b: Hydreigon|29/100
|-unboost|p2b: Tauros|def|1
|-unboost|p2b: Tauros|spd|1
|move|p1b: Hydreigon|Draco Meteor|p2b: Tauros
|-damage|p2b: Tauros|0 fnt
|-unboost|p1b: Hydreigon|spa|2
|faint|p2b: Tauros
|
|-weather|Snowscape|[upkeep]
|-damage|p1a: Garchomp|42/100 brn|[from] brn
|upkeep
|turn|5
|
|t:|1756840642
|switch|p1b: Arcanine|Arcanine-Hisui, L50, M, shiny|100/100
|-ability|p1b: Arcanine|Intimidate|boost
|-unboost|p2a: Talonflame|atk|1
|move|p2a: Talonflame|Dual Wingbeat|p1b: Arcanine
|-resisted|p1b: Arcanine
|-damage|p1b: Arcanine|92/100
|-resisted|p1b: Arcanine
|-damage|p1b: Arcanine|83/100
|-hitcount|p1b: Arcanine|2
|move|p1a: Garchomp|Dragon Claw|p2a: Talonflame
|-damage|p2a: Talonflame|21/100
|-damage|p1a: Garchomp|33/100 brn|[from] item: Life Orb
|
|-weather|none
|-damage|p1a: Garchomp|27/100 brn|[from] brn
|upkeep
|turn|6
|
|t:|1756840655
|move|p2a: Talonflame|Dual Wingbeat|p1a: Garchomp
|-damage|p1a: Garchomp|14/100 brn
|-damage|p2a: Talonflame|9/100|[from] ability: Rough Skin|[of] p1a: Garchomp
|-damage|p1a: Garchomp|0 fnt
|-damage|p2a: Talonflame|0 fnt|[from] ability: Rough Skin|[of] p1a: Garchomp
|faint|p1a: Garchomp
|faint|p2a: Talonflame
|
|win|Drayagedrag0
|-hitcount|p1: Garchomp|2
||paologamer7 is ready for game 2.
|inactive|Drayagedrag0 has 30 seconds to confirm battle start!
