|j|☆ajiooajioo
|j|☆ToastTopping
|html|ajiooajiooToastTopping    
|uhtml|bestof|Game 3 of a best-of-3
|t:|1784472904
|gametype|doubles
|player|p1|ajiooajioo|102|1037
|player|p2|ToastTopping|101|1098
|gen|9
|tier|[Gen 9 Champions] VGC 2026 Reg M-B (Bo3)
|rated|
|rule|Species Clause: Limit one of each Pokémon
|rule|Item Clause: Limit 1 of each item
|clearpoke
|poke|p1|Gholdengo, L50|
|poke|p1|Incineroar, L50, M|
|poke|p1|Sinistcha, L50|
|poke|p1|Milotic, L50, M|
|poke|p1|Gardevoir, L50, M|
|poke|p1|Sneasler, L50, F|
|poke|p2|Delphox, L50, F|
|poke|p2|Sinistcha, L50|
|poke|p2|Aerodactyl, L50, M|
|poke|p2|Kingambit, L50, F|
|poke|p2|Sneasler, L50, M|
|poke|p2|Raichu, L50, M|
|teampreview|4
|showteam|p1|Gholdengo||LifeOrb|GoodasGold|MakeItRain,ShadowBall,NastyPlot,Protect|Timid|||||50|]Incineroar||SitrusBerry|Intimidate|FakeOut,PartingShot,FlareBlitz,WillOWisp|Careful||M|||50|]Sinistcha||OccaBerry|Hospitality|MatchaGotcha,RagePowder,Protect,TrickRoom|Relaxed|||||50|]Milotic||Leftovers|Competitive|Scald,Hypnosis,Coil,Protect|Bold||M|||50|]Gardevoir||Gardevoirite|Trace|CalmMind,HyperVoice,Psychic,Protect|Bold||M|||50|]Sneasler||FocusSash|PoisonTouch|DireClaw,CloseCombat,QuickGuard,FakeOut|Jolly||F|||50|
|showteam|p2|Delphox||Delphoxite|Blaze|HeatWave,Psychic,NastyPlot,Protect|Timid||F|||50|]Sinistcha||SitrusBerry|Hospitality|MatchaGotcha,LifeDew,TrickRoom,RagePowder|Calm|||||50|]Aerodactyl||FocusSash|Unnerve|RockSlide,DualWingbeat,Tailwind,WideGuard|Jolly||M|||50|]Kingambit||ChopleBerry|Defiant|KowtowCleave,SuckerPunch,IronHead,Protect|Adamant||F|||50|]Sneasler||WhiteHerb|Unburden|CloseCombat,DireClaw,FakeOut,Protect|Adamant||M|||50|]Raichu||RaichuniteY|LightningRod|ZapCannon,FocusBlast,FakeOut,Protect|Hasty||M|||50|
|inactive|Battle timer is ON: inactive players will automatically lose when time's up. (requested by ToastTopping)
|inactive|ajiooajioo has 60 seconds left.
|inactive|ajiooajioo has 30 seconds left.
|inactive|ajiooajioo has 20 seconds left.
|inactive|ajiooajioo has 15 seconds left.
|
|t:|1784472985
|teamsize|p1|4
|teamsize|p2|4
|start
|switch|p1a: Incineroar|Incineroar, L50, M|100/100
|switch|p1b: Milotic|Milotic, L50, M|100/100
|switch|p2a: Raichu|Raichu, L50, M|100/100
|switch|p2b: Kingambit|Kingambit, L50, F|100/100
|-ability|p1a: Incineroar|Intimidate|boost
|-unboost|p2a: Raichu|atk|1
|-unboost|p2b: Kingambit|atk|1
|-ability|p2b: Kingambit|Defiant|boost
|-boost|p2b: Kingambit|atk|2
|turn|1
|
|t:|1784472997
|move|p2a: Raichu|Protect|p2a: Raichu
|-singleturn|p2a: Raichu|Protect
|move|p1b: Milotic|Protect|p1b: Milotic
|-singleturn|p1b: Milotic|Protect
|move|p1a: Incineroar|Will-O-Wisp|p2b: Kingambit
|-status|p2b: Kingambit|brn
|move|p2b: Kingambit|Kowtow Cleave|p1b: Milotic
|-activate|p1b: Milotic|move: Protect
|
|-damage|p2b: Kingambit|94/100 brn|[from] brn
|upkeep
|turn|2
|inactive|ajiooajioo has 30 seconds left.
|
|t:|1784473026
|switch|p1b: Sinistcha|Sinistcha, L50|100/100
|detailschange|p2a: Raichu|Raichu-Mega-Y, L50, M
|-mega|p2a: Raichu|Raichu|Raichunite Y
|move|p2a: Raichu|Zap Cannon|p1b: Sinistcha
|-resisted|p1b: Sinistcha|1
|-damage|p1b: Sinistcha|63/100
|-status|p1b: Sinistcha|par
|move|p1a: Incineroar|Parting Shot|p2a: Raichu
|-unboost|p2a: Raichu|atk|1
|-unboost|p2a: Raichu|spa|1
|
|t:|1784473038
|switch|p1a: Sneasler|Sneasler, L50, F|100/100|[from] Parting Shot
|move|p2b: Kingambit|Kowtow Cleave|p1a: Sneasler
|-resisted|p1a: Sneasler|1
|-damage|p1a: Sneasler|69/100
|
|-damage|p2b: Kingambit|88/100 brn|[from] brn
|upkeep
|turn|3
|inactive|ajiooajioo has 30 seconds left.
|inactive|ajiooajioo has 20 seconds left.
|inactive|ajiooajioo has 15 seconds left.
|
|t:|1784473080
|switch|p2a: Sinistcha|Sinistcha, L50|100/100
|-heal|p2b: Kingambit|100/100 brn|[from] ability: Hospitality|[of] p2a: Sinistcha
|move|p1b: Sinistcha|Protect|p1b: Sinistcha
|-singleturn|p1b: Sinistcha|Protect
|move|p1a: Sneasler|Dire Claw|p2a: Sinistcha
|-damage|p2a: Sinistcha|62/100
|-status|p2a: Sinistcha|psn|[from] ability: Poison Touch|[of] p1a: Sneasler
|move|p2b: Kingambit|Kowtow Cleave|p1b: Sinistcha
|-activate|p1b: Sinistcha|move: Protect
|
|-damage|p2a: Sinistcha|50/100g psn|[from] psn
|-damage|p2b: Kingambit|94/100 brn|[from] brn
|upkeep
|turn|4
|inactive|ajiooajioo has 30 seconds left.
|
|t:|1784473112
|switch|p1b: Milotic|Milotic, L50, M|100/100
|move|p2b: Kingambit|Protect|p2b: Kingambit
|-singleturn|p2b: Kingambit|Protect
|move|p1a: Sneasler|Dire Claw|p2a: Sinistcha
|-damage|p2a: Sinistcha|13/100 psn
|-enditem|p2a: Sinistcha|Sitrus Berry|[eat]
|-heal|p2a: Sinistcha|38/100 psn|[from] item: Sitrus Berry
|move|p2a: Sinistcha|Trick Room|p2a: Sinistcha
|-fieldstart|move: Trick Room|[of] p2a: Sinistcha
|
|-damage|p2a: Sinistcha|25/100 psn|[from] psn
|-damage|p2b: Kingambit|88/100 brn|[from] brn
|upkeep
|turn|5
|inactive|ToastTopping has 30 seconds left.
|
|t:|1784473142
|switch|p1b: Sinistcha|Sinistcha, L50|63/100 par
|-heal|p1a: Sneasler|94/100|[from] ability: Hospitality|[of] p1b: Sinistcha
|move|p2b: Kingambit|Iron Head|p1a: Sneasler
|-damage|p1a: Sneasler|38/100
|move|p2a: Sinistcha|Life Dew|p2a: Sinistcha|[spread] p2a,p2b
|-heal|p2a: Sinistcha|51/100 psn
|-heal|p2b: Kingambit|100/100 brn
|move|p1a: Sneasler|Close Combat|p2b: Kingambit
|-supereffective|p2b: Kingambit|2
|-enditem|p2b: Kingambit|Chople Berry|[eat]
|-enditem|p2b: Kingambit|Chople Berry|[weaken]
|-damage|p2b: Kingambit|6/100 brn
|-unboost|p1a: Sneasler|def|1
|-unboost|p1a: Sneasler|spd|1
|
|-damage|p2a: Sinistcha|38/100 psn|[from] psn
|-damage|p2b: Kingambit|1/100 brn|[from] brn
|upkeep
|turn|6
|inactive|ajiooajioo has 30 seconds left.
|inactive|ToastTopping has 30 seconds left.
|
|t:|1784473170
|move|p2a: Sinistcha|Rage Powder|p2a: Sinistcha
|-singleturn|p2a: Sinistcha|move: Rage Powder
|move|p2b: Kingambit|Kowtow Cleave|p1b: Sinistcha
|-supereffective|p1b: Sinistcha|1
|-damage|p1b: Sinistcha|4/100 par
|move|p1a: Sneasler|Dire Claw|p2a: Sinistcha
|-damage|p2a: Sinistcha|0 fnt
|faint|p2a: Sinistcha
|move|p1b: Sinistcha|Trick Room|p1b: Sinistcha
|-fieldend|move: Trick Room
|
|-damage|p2b: Kingambit|0 fnt|[from] brn
|faint|p2b: Kingambit
|upkeep
|
|t:|1784473179
|switch|p2a: Raichu|Raichu-Mega-Y, L50, M|100/100
|switch|p2b: Sneasler|Sneasler, L50, M|100/100
|turn|7
|
|t:|1784473198
|switch|p1a: Incineroar|Incineroar, L50, M|100/100
|-ability|p1a: Incineroar|Intimidate|boost
|-unboost|p2a: Raichu|atk|1
|-unboost|p2b: Sneasler|atk|1
|-enditem|p2b: Sneasler|White Herb
|-clearnegativeboost|p2b: Sneasler|[silent]
|move|p1b: Sinistcha|Rage Powder|p1b: Sinistcha
|-singleturn|p1b: Sinistcha|move: Rage Powder
|move|p2b: Sneasler|Dire Claw|p1b: Sinistcha
|-damage|p1b: Sinistcha|0 fnt
|faint|p1b: Sinistcha
|move|p2a: Raichu|Zap Cannon|p1a: Incineroar
|-damage|p1a: Incineroar|53/100
|-status|p1a: Incineroar|par
|
|upkeep
|
|t:|1784473214
|switch|p1b: Sneasler|Sneasler, L50, F|38/100
|turn|8
|inactive|ajiooajioo has 30 seconds left.
|inactive|ajiooajioo has 20 seconds left.
|inactive|ajiooajioo has 15 seconds left.
|
|t:|1784473259
|move|p2b: Sneasler|Protect|p2b: Sneasler
|-singleturn|p2b: Sneasler|Protect
|move|p2a: Raichu|Protect|p2a: Raichu
|-singleturn|p2a: Raichu|Protect
|move|p1a: Incineroar|Fake Out|p2a: Raichu
|-activate|p2a: Raichu|move: Protect
|move|p1b: Sneasler|Close Combat|p2a: Raichu
|-activate|p2a: Raichu|move: Protect
|
|upkeep
|turn|9
|inactive|ajiooajioo has 30 seconds left.
|inactive|ajiooajioo has 20 seconds left.
|inactive|ajiooajioo has 15 seconds left.
|
|t:|1784473300
|switch|p1a: Milotic|Milotic, L50, M|100/100
|move|p2b: Sneasler|Close Combat|p1a: Milotic
|-damage|p1a: Milotic|49/100
|-unboost|p2b: Sneasler|def|1
|-unboost|p2b: Sneasler|spd|1
|move|p2a: Raichu|Zap Cannon|p1b: Sneasler
|-crit|p1b: Sneasler
|-damage|p1b: Sneasler|0 fnt
|faint|p1b: Sneasler
|
|-heal|p1a: Milotic|54/100|[from] item: Leftovers
|upkeep
|
|t:|1784473314
|switch|p1b: Incineroar|Incineroar, L50, M|53/100 par
|-ability|p1b: Incineroar|Intimidate|boost
|-unboost|p2a: Raichu|atk|1
|-unboost|p2b: Sneasler|atk|1
|turn|10
|
|t:|1784473335
|move|p2b: Sneasler|Protect|p2b: Sneasler
|-singleturn|p2b: Sneasler|Protect
|move|p2a: Raichu|Protect|p2a: Raichu
|-singleturn|p2a: Raichu|Protect
|move|p1a: Milotic|Protect|p1a: Milotic
|-singleturn|p1a: Milotic|Protect
|move|p1b: Incineroar|Flare Blitz|p2a: Raichu
|-activate|p2a: Raichu|move: Protect
|
|-heal|p1a: Milotic|60/100|[from] item: Leftovers
|upkeep
|turn|11
|
|t:|1784473353
|move|p1a: Milotic|Protect||[still]
|-fail|p1a: Milotic
|move|p2b: Sneasler|Close Combat|p1b: Incineroar
|-supereffective|p1b: Incineroar|1
|-damage|p1b: Incineroar|0 fnt
|-unboost|p2b: Sneasler|def|1
|-unboost|p2b: Sneasler|spd|1
|faint|p1b: Incineroar
|move|p2a: Raichu|Zap Cannon|p1a: Milotic
|-supereffective|p1a: Milotic|1
|-damage|p1a: Milotic|0 fnt
|faint|p1a: Milotic
|
|win|ToastTopping
|raw|ajiooajioo's rating: 1037 → 1024(-13 for losing)
|raw|ToastTopping's rating: 1098 → 1119(+21 for winning)
|l|☆ajiooajioo
|player|p1|
