|j|☆Joeltheboss12
|j|☆dcheng24
|html|Joeltheboss12dcheng24    
|uhtml|bestof|Game 3 of a best-of-3
|t:|1757915169
|gametype|doubles
|player|p1|Joeltheboss12|170|1074
|player|p2|dcheng24|2|1053
|gen|9
|tier|[Gen 9] VGC 2025 Reg H (Bo3)
|rated|
|rule|Species Clause: Limit one of each Pokémon
|rule|Item Clause: Limit 1 of each item
|clearpoke
|poke|p1|Tyranitar, L50, M|
|poke|p1|Gengar, L50, M|
|poke|p1|Excadrill, L50, F|
|poke|p1|Rillaboom, L50, F|
|poke|p1|Volcarona, L50, M|
|poke|p1|Clefable, L50, F|
|poke|p2|Amoonguss, L50, F|
|poke|p2|Archaludon, L50, F|
|poke|p2|Maushold-Four, L50|
|poke|p2|Primarina, L50, F|
|poke|p2|Incineroar, L50, F|
|poke|p2|Ursaluna-Bloodmoon, L50, M|
|teampreview|4
|showteam|p1|Tyranitar||AssaultVest|SandStream|RockSlide,LowKick,KnockOff,TeraBlast|||M|||50|,,,,,Flying]Gengar||FocusSash|CursedBody|ShadowBall,SludgeBomb,Protect,Haze|||M|||50|,,,,,Stellar]Excadrill||ClearAmulet|SandForce|IronHead,HighHorsepower,Earthquake,Protect|||F|||50|,,,,,Fire]Rillaboom||MiracleSeed|GrassySurge|FakeOut,Uturn,WoodHammer,GrassyGlide|||F|||50|,,,,,Fire]Volcarona||Leftovers|FlameBody|GigaDrain,FieryDance,Protect,QuiverDance|||M|||50|,,,,,Grass]Clefable||MentalHerb|Unaware|FollowMe,HelpingHand,Protect,Moonblast|||F|||50|,,,,,Grass
|showteam|p2|Amoonguss||QuickClaw|Regenerator|ClearSmog,Spore,PollenPuff,RagePowder|||F|||50|,,,,,Ghost]Archaludon||AssaultVest|Stamina|Thunderbolt,Snarl,BodyPress,DragonPulse|||F|||50|,,,,,Dragon]Maushold-Four||CovertCloak|FriendGuard|FollowMe,PopulationBomb,Taunt,Encore||||||50|,,,,,Ghost]Primarina||Leftovers|Torrent|HelpingHand,Charm,LightScreen,Surf|||F|||50|,,,,,Water]Incineroar||RockyHelmet|Intimidate|KnockOff,Taunt,FakeOut,PartingShot|||F|||50|,,,,,Grass]Ursaluna-Bloodmoon||LifeOrb|MindsEye|BloodMoon,EarthPower,Protect,HyperVoice|||M|||50|,,,,,Ground
|
|t:|1757915185
|teamsize|p1|4
|teamsize|p2|4
|start
|switch|p1a: Clefable|Clefable, L50, F|100/100
|switch|p1b: Volcarona|Volcarona, L50, M|100/100
|switch|p2a: Amoonguss|Amoonguss, L50, F|100/100
|switch|p2b: Maushold|Maushold-Four, L50|100/100
|turn|1
|
|t:|1757915213
|-terastallize|p2a: Amoonguss|Ghost
|move|p1a: Clefable|Follow Me|p1a: Clefable
|-singleturn|p1a: Clefable|move: Follow Me
|move|p1b: Volcarona|Quiver Dance|p1b: Volcarona
|-boost|p1b: Volcarona|spa|1
|-boost|p1b: Volcarona|spd|1
|-boost|p1b: Volcarona|spe|1
|move|p2b: Maushold|Taunt|p1a: Clefable
|-start|p1a: Clefable|move: Taunt
|-enditem|p1a: Clefable|Mental Herb
|-end|p1a: Clefable|move: Taunt
|move|p2a: Amoonguss|Spore|p1a: Clefable
|-status|p1a: Clefable|slp|[from] move: Spore
|
|upkeep
|turn|2
|
|t:|1757915252
|-terastallize|p1b: Volcarona|Grass
|cant|p1a: Clefable|slp
|move|p1b: Volcarona|Fiery Dance|p2b: Maushold
|-damage|p2b: Maushold|16/100
|move|p2b: Maushold|Taunt|p1b: Volcarona
|-start|p1b: Volcarona|move: Taunt
|move|p2a: Amoonguss|Clear Smog|p1b: Volcarona
|-supereffective|p1b: Volcarona
|-damage|p1b: Volcarona|82/100
|-clearboost|p1b: Volcarona
|
|-heal|p1b: Volcarona|87/100|[from] item: Leftovers
|upkeep
|turn|3
|
|t:|1757915284
|move|p2a: Amoonguss|Rage Powder|p2a: Amoonguss
|-singleturn|p2a: Amoonguss|move: Rage Powder
|cant|p1a: Clefable|slp
|move|p1b: Volcarona|Fiery Dance|p2b: Maushold
|-damage|p2b: Maushold|0 fnt
|faint|p2b: Maushold
|
|-heal|p1b: Volcarona|93/100|[from] item: Leftovers
|upkeep
|
|t:|1757915304
|switch|p2b: Archaludon|Archaludon, L50, F|100/100
|turn|4
|-activate|p2a: Amoonguss|item: Quick Claw
|
|t:|1757915319
|cant|p1a: Clefable|slp
|move|p2a: Amoonguss|Clear Smog|p1b: Volcarona
|-supereffective|p1b: Volcarona
|-damage|p1b: Volcarona|67/100
|-clearboost|p1b: Volcarona
|move|p1b: Volcarona|Fiery Dance|p2b: Archaludon
|-damage|p2b: Archaludon|71/100
|-ability|p2b: Archaludon|Stamina|boost
|-boost|p2b: Archaludon|def|1
|move|p2b: Archaludon|Dragon Pulse|p1b: Volcarona
|-damage|p1b: Volcarona|32/100
|
|-heal|p1b: Volcarona|38/100|[from] item: Leftovers
|upkeep
|turn|5
|
|t:|1757915365
|-curestatus|p1a: Clefable|slp|[msg]
|move|p1a: Clefable|Follow Me|p1a: Clefable
|-singleturn|p1a: Clefable|move: Follow Me
|move|p1b: Volcarona|Giga Drain|p2b: Archaludon
|-resisted|p2b: Archaludon
|-damage|p2b: Archaludon|64/100
|-heal|p1b: Volcarona|42/100|[from] drain|[of] p2b: Archaludon
|-ability|p2b: Archaludon|Stamina|boost
|-boost|p2b: Archaludon|def|1
|move|p2b: Archaludon|Snarl|p1a: Clefable|[spread] p1a,p1b
|-resisted|p1a: Clefable
|-damage|p1a: Clefable|96/100
|-damage|p1b: Volcarona|29/100
|-unboost|p1a: Clefable|spa|1
|-unboost|p1b: Volcarona|spa|1
|move|p2a: Amoonguss|Spore|p1a: Clefable
|-status|p1a: Clefable|slp|[from] move: Spore
|
|-heal|p1b: Volcarona|35/100|[from] item: Leftovers
|-end|p1b: Volcarona|move: Taunt
|upkeep
|turn|6
|
|t:|1757915392
|switch|p1b: Rillaboom|Rillaboom, L50, F|100/100
|-fieldstart|move: Grassy Terrain|[from] ability: Grassy Surge|[of] p1b: Rillaboom
|cant|p1a: Clefable|slp
|move|p2b: Archaludon|Dragon Pulse|p1b: Rillaboom
|-damage|p1b: Rillaboom|58/100
|move|p2a: Amoonguss|Pollen Puff|p2b: Archaludon
|-heal|p2b: Archaludon|100/100
|
|-heal|p1b: Rillaboom|64/100|[from] Grassy Terrain
|-heal|p1a: Clefable|100/100 slp|[from] Grassy Terrain
|upkeep
|turn|7
|
|t:|1757915437
|cant|p1a: Clefable|slp
|move|p1b: Rillaboom|U-turn|p2a: Amoonguss
|-resisted|p2a: Amoonguss
|-damage|p2a: Amoonguss|87/100
|
|t:|1757915443
|switch|p1b: Gengar|Gengar, L50, M|100/100|[from] U-turn
|move|p2b: Archaludon|Dragon Pulse|p1b: Gengar
|-damage|p1b: Gengar|29/100
|-start|p2b: Archaludon|Disable|Dragon Pulse|[from] ability: Cursed Body|[of] p1b: Gengar
|move|p2a: Amoonguss|Pollen Puff|p1b: Gengar
|-resisted|p1b: Gengar
|-damage|p1b: Gengar|22/100
|
|-heal|p1b: Gengar|28/100|[from] Grassy Terrain
|-heal|p2a: Amoonguss|93/100|[from] Grassy Terrain
|upkeep
|turn|8
|
|t:|1757915469
|switch|p2a: Ursaluna|Ursaluna-Bloodmoon, L50, M|100/100
|-curestatus|p1a: Clefable|slp|[msg]
|move|p1a: Clefable|Helping Hand|p1b: Gengar
|-singleturn|p1b: Gengar|Helping Hand|[of] p1a: Clefable
|move|p1b: Gengar|Shadow Ball|p2a: Ursaluna
|-immune|p2a: Ursaluna
|move|p2b: Archaludon|Snarl|p1a: Clefable|[spread] p1a,p1b
|-resisted|p1a: Clefable
|-supereffective|p1b: Gengar
|-damage|p1a: Clefable|95/100
|-damage|p1b: Gengar|0 fnt
|-unboost|p1a: Clefable|spa|1
|faint|p1b: Gengar
|
|-heal|p1a: Clefable|100/100|[from] Grassy Terrain
|upkeep
|
|t:|1757915480
|switch|p1b: Volcarona|Volcarona, L50, M, tera:Grass|35/100
|turn|9
|
|t:|1757915497
|move|p1a: Clefable|Follow Me|p1a: Clefable
|-singleturn|p1a: Clefable|move: Follow Me
|move|p1b: Volcarona|Quiver Dance|p1b: Volcarona
|-boost|p1b: Volcarona|spa|1
|-boost|p1b: Volcarona|spd|1
|-boost|p1b: Volcarona|spe|1
|move|p2b: Archaludon|Snarl|p1b: Volcarona|[spread] p1a,p1b
|-resisted|p1a: Clefable
|-damage|p1a: Clefable|96/100
|-damage|p1b: Volcarona|28/100
|-unboost|p1a: Clefable|spa|1
|-unboost|p1b: Volcarona|spa|1
|move|p2a: Ursaluna|Blood Moon|p1a: Clefable
|-damage|p1a: Clefable|10/100
|-damage|p2a: Ursaluna|91/100|[from] item: Life Orb
|
|-heal|p1b: Volcarona|34/100|[from] Grassy Terrain
|-heal|p1b: Volcarona|40/100|[from] item: Leftovers
|-heal|p1a: Clefable|16/100|[from] Grassy Terrain
|-heal|p2a: Ursaluna|97/100|[from] Grassy Terrain
|upkeep
|turn|10
|
|t:|1757915523
|move|p1a: Clefable|Helping Hand|p1b: Volcarona
|-singleturn|p1b: Volcarona|Helping Hand|[of] p1a: Clefable
|move|p2a: Ursaluna|Protect|p2a: Ursaluna
|-singleturn|p2a: Ursaluna|Protect
|move|p1b: Volcarona|Giga Drain|p2a: Ursaluna
|-activate|p2a: Ursaluna|move: Protect
|move|p2b: Archaludon|Thunderbolt|p1a: Clefable
|-damage|p1a: Clefable|0 fnt
|faint|p1a: Clefable
|
|-heal|p1b: Volcarona|45/100|[from] Grassy Terrain
|-heal|p1b: Volcarona|51/100|[from] item: Leftovers
|-heal|p2a: Ursaluna|100/100|[from] Grassy Terrain
|-end|p2b: Archaludon|Disable
|-fieldend|move: Grassy Terrain
|upkeep
|
|t:|1757915532
|switch|p1a: Rillaboom|Rillaboom, L50, F|64/100
|-fieldstart|move: Grassy Terrain|[from] ability: Grassy Surge|[of] p1a: Rillaboom
|turn|11
|
|t:|1757915555
|switch|p2a: Amoonguss|Amoonguss, L50, F, tera:Ghost|100/100
|move|p1a: Rillaboom|Fake Out|p2b: Archaludon
|-resisted|p2b: Archaludon
|-damage|p2b: Archaludon|98/100
|-ability|p2b: Archaludon|Stamina|boost
|-boost|p2b: Archaludon|def|1
|move|p1b: Volcarona|Giga Drain|p2a: Amoonguss
|-damage|p2a: Amoonguss|53/100
|-heal|p1b: Volcarona|78/100|[from] drain|[of] p2a: Amoonguss
|cant|p2b: Archaludon|flinch
|
|-heal|p1b: Volcarona|84/100|[from] Grassy Terrain
|-heal|p1b: Volcarona|90/100|[from] item: Leftovers
|-heal|p1a: Rillaboom|70/100|[from] Grassy Terrain
|-heal|p2b: Archaludon|100/100|[from] Grassy Terrain
|-heal|p2a: Amoonguss|59/100|[from] Grassy Terrain
|upkeep
|turn|12
|-activate|p2a: Amoonguss|item: Quick Claw
|
|t:|1757915583
|move|p1b: Volcarona|Protect|p1b: Volcarona
|-singleturn|p1b: Volcarona|Protect
|move|p2a: Amoonguss|Clear Smog|p1b: Volcarona
|-activate|p1b: Volcarona|move: Protect
|move|p1a: Rillaboom|Wood Hammer|p2a: Amoonguss
|-damage|p2a: Amoonguss|0 fnt
|faint|p2a: Amoonguss
|-damage|p1a: Rillaboom|51/100|[from] Recoil
|move|p2b: Archaludon|Snarl|p1a: Rillaboom|[spread] p1a
|-activate|p1b: Volcarona|move: Protect
|-damage|p1a: Rillaboom|38/100
|-unboost|p1a: Rillaboom|spa|1
|
|-heal|p1b: Volcarona|96/100|[from] Grassy Terrain
|-heal|p1b: Volcarona|100/100|[from] item: Leftovers
|-heal|p1a: Rillaboom|44/100|[from] Grassy Terrain
|upkeep
|
|t:|1757915601
|switch|p2a: Ursaluna|Ursaluna-Bloodmoon, L50, M|100/100
|turn|13
|
|t:|1757915626
|move|p2a: Ursaluna|Protect|p2a: Ursaluna
|-singleturn|p2a: Ursaluna|Protect
|move|p1a: Rillaboom|Grassy Glide|p2a: Ursaluna
|-activate|p2a: Ursaluna|move: Protect
|move|p1b: Volcarona|Giga Drain|p2a: Ursaluna
|-activate|p2a: Ursaluna|move: Protect
|move|p2b: Archaludon|Snarl|p1b: Volcarona|[spread] p1a,p1b
|-damage|p1a: Rillaboom|30/100
|-damage|p1b: Volcarona|92/100
|-unboost|p1a: Rillaboom|spa|1
|-unboost|p1b: Volcarona|spa|1
|
|-heal|p1b: Volcarona|98/100|[from] Grassy Terrain
|-heal|p1b: Volcarona|100/100|[from] item: Leftovers
|-heal|p1a: Rillaboom|37/100|[from] Grassy Terrain
|upkeep
|turn|14
|
|t:|1757915657
|move|p1b: Volcarona|Quiver Dance|p1b: Volcarona
|-boost|p1b: Volcarona|spa|1
|-boost|p1b: Volcarona|spd|1
|-boost|p1b: Volcarona|spe|1
|move|p1a: Rillaboom|Wood Hammer|p2a: Ursaluna
|-supereffective|p2a: Ursaluna
|-damage|p2a: Ursaluna|0 fnt
|faint|p2a: Ursaluna
|-damage|p1a: Rillaboom|5/100|[from] Recoil
|move|p2b: Archaludon|Dragon Pulse|p1a: Rillaboom
|-damage|p1a: Rillaboom|0 fnt
|faint|p1a: Rillaboom
|
|upkeep
|turn|15
|
|t:|1757915678
|move|p1b: Volcarona|Fiery Dance|p2b: Archaludon
|-damage|p2b: Archaludon|74/100
|-boost|p1b: Volcarona|spa|1
|-ability|p2b: Archaludon|Stamina|boost
|-boost|p2b: Archaludon|def|1
|move|p2b: Archaludon|Snarl|p1b: Volcarona
|-damage|p1b: Volcarona|92/100
|-unboost|p1b: Volcarona|spa|1
|
|-heal|p1b: Volcarona|98/100|[from] Grassy Terrain
|-heal|p1b: Volcarona|100/100|[from] item: Leftovers
|-heal|p2b: Archaludon|80/100|[from] Grassy Terrain
|-fieldend|move: Grassy Terrain
|upkeep
|turn|16
|
|t:|1757915697
|move|p1b: Volcarona|Fiery Dance|p2b: Archaludon
|-damage|p2b: Archaludon|51/100
|-boost|p1b: Volcarona|spa|1
|-ability|p2b: Archaludon|Stamina|boost
|-boost|p2b: Archaludon|def|1
|move|p2b: Archaludon|Dragon Pulse|p1b: Volcarona
|-damage|p1b: Volcarona|82/100
|
|-heal|p1b: Volcarona|88/100|[from] item: Leftovers
|upkeep
|turn|17
|
|t:|1757915713
|move|p1b: Volcarona|Fiery Dance|p2b: Archaludon
|-damage|p2b: Archaludon|8/100
|-ability|p2b: Archaludon|Stamina|boost
|-boost|p2b: Archaludon|def|1
|move|p2b: Archaludon|Thunderbolt|p1b: Volcarona
|-resisted|p1b: Volcarona
|-damage|p1b: Volcarona|82/100
|
|-heal|p1b: Volcarona|87/100|[from] item: Leftovers
|upkeep
|turn|18
|
|t:|1757915728
|move|p1b: Volcarona|Fiery Dance|p2b: Archaludon
|-damage|p2b: Archaludon|0 fnt
|faint|p2b: Archaludon
|
|win|Joeltheboss12
|raw|Joeltheboss12's rating: 1074 → 1101(+27 for winning)
|raw|dcheng24's rating: 1053 → 1036(-17 for losing)
|c|☆Joeltheboss12|gg s fun
|c|☆Joeltheboss12|so
|l|☆Joeltheboss12
|player|p1|
|j|☆Joeltheboss12
|player|p1|Joeltheboss12|170|
|l|☆Joeltheboss12
|player|p1|
