|j|☆Kmoom10
|j|☆000ogle
|html|Kmoom10000ogle    
|uhtml|bestof|Game 2 of a best-of-3
|t:|1785641538
|gametype|doubles
|player|p1|Kmoom10|266|
|player|p2|000ogle|265|
|gen|9
|tier|[Gen 9 Champions] VGC 2026 Reg M-B (Bo3)
|rule|Species Clause: Limit one of each Pokémon
|rule|Item Clause: Limit 1 of each item
|clearpoke
|poke|p1|Kangaskhan, L50, F, shiny|
|poke|p1|Politoed, L50, M, shiny|
|poke|p1|Sableye, L50, F|
|poke|p1|Archaludon, L50, M|
|poke|p1|Cofagrigus, L50, F, shiny|
|poke|p1|Ariados, L50, F, shiny|
|poke|p2|Tyranitar, L50, F|
|poke|p2|Sneasler, L50, F|
|poke|p2|Aerodactyl, L50, F, shiny|
|poke|p2|Excadrill, L50, F|
|poke|p2|Heliolisk, L50, M|
|poke|p2|Audino, L50, F|
|teampreview|4
|showteam|p1|Kangaskhan||Kangaskhanite|EarlyBird|DrainPunch,DoubleEdge,SuckerPunch,Protect|Adamant||F|||50|]Politoed||SitrusBerry|Drizzle|WeatherBall,Protect,EarthPower,HelpingHand|Modest||M|||50|]Sableye||LightClay|Prankster|LightScreen,Reflect,RainDance,FakeOut|Impish||F|||50|]Archaludon||Leftovers|Stamina|ElectroShot,DracoMeteor,AuraSphere,Protect|Bold||M|||50|]Cofagrigus||KasibBerry|Mummy|TrickRoom,ShadowBall,WillOWisp,Protect|Calm||F|||50|]Ariados||SoftSand|Sniper|Protect,StickyWeb,ToxicThread,StompingTantrum|Adamant||F|||50|
|showteam|p2|Tyranitar||Tyranitarite|SandStream|KnockOff,RockSlide,HighHorsepower,Protect|Adamant||F|||50|]Sneasler||WhiteHerb|Pressure|CloseCombat,FakeOut,DireClaw,Protect|Jolly||F|||50|]Aerodactyl||PasshoBerry|Unnerve|WideGuard,RockSlide,DualWingbeat,Protect|Jolly||F|||50|]Excadrill||FocusSash|SandRush|Earthquake,IronHead,RockSlide,Protect|Adamant||F|||50|]Heliolisk||ChoiceScarf|DrySkin|VoltSwitch,Thunderbolt,HyperVoice,Protect|Timid||M|||50|]Audino||SitrusBerry|Regenerator|LifeDew,TrickRoom,AllySwitch,SimpleBeam|Sassy||F|||50|
|c|☆000ogle|tunnel vision final boss
|
|t:|1785641610
|teamsize|p1|4
|teamsize|p2|4
|start
|switch|p1a: Archaludon|Archaludon, L50, M|100/100
|switch|p1b: Sableye|Sableye, L50, F|100/100
|switch|p2a: Lance Stephenson|Aerodactyl, L50, F, shiny|100/100
|switch|p2b: Julliam|Audino, L50, F|100/100
|-ability|p2a: Lance Stephenson|Unnerve
|turn|1
|
|t:|1785641645
|move|p2a: Lance Stephenson|Wide Guard|p2a: Lance Stephenson
|-singleturn|p2a: Lance Stephenson|Wide Guard
|move|p1b: Sableye|Fake Out|p2a: Lance Stephenson
|-resisted|p2a: Lance Stephenson|1
|-damage|p2a: Lance Stephenson|93/100
|move|p1a: Archaludon|Aura Sphere|p2b: Julliam
|-supereffective|p2b: Julliam|1
|-damage|p2b: Julliam|55/100
|move|p2b: Julliam|Simple Beam|p1a: Archaludon
|-ability|p1a: Archaludon|Simple|Stamina|[from] move: Simple Beam
|
|upkeep
|turn|2
|
|t:|1785641683
|move|p1b: Sableye|Rain Dance|p1b: Sableye
|-weather|RainDance
|move|p2a: Lance Stephenson|Rock Slide|p1b: Sableye|[spread] p1a,p1b
|-resisted|p1a: Archaludon|1
|-damage|p1a: Archaludon|93/100
|-damage|p1b: Sableye|73/100
|move|p1a: Archaludon|Electro Shot||[still]
|-prepare|p1a: Archaludon|Electro Shot
|-boost|p1a: Archaludon|spa|2
|-anim|p1a: Archaludon|Electro Shot|p2a: Lance Stephenson
|-supereffective|p2a: Lance Stephenson|1
|-damage|p2a: Lance Stephenson|0 fnt
|faint|p2a: Lance Stephenson
|move|p2b: Julliam|Simple Beam|p1b: Sableye
|-ability|p1b: Sableye|Simple|Prankster|[from] move: Simple Beam
|
|-weather|RainDance|[upkeep]
|-heal|p1a: Archaludon|100/100|[from] item: Leftovers
|upkeep
|
|t:|1785641699
|switch|p2a: plz save my team|Tyranitar, L50, F|100/100
|-weather|Sandstorm|[from] ability: Sand Stream|[of] p2a: plz save my team
|turn|3
|
|t:|1785641711
|-heal|p2b: Julliam|88/100|[from] ability: Regenerator|[silent]
|switch|p2b: Black + Decker|Excadrill, L50, F|100/100
|move|p1a: Archaludon|Aura Sphere|p2a: plz save my team
|-supereffective|p2a: plz save my team|2
|-damage|p2a: plz save my team|0 fnt
|faint|p2a: plz save my team
|move|p1b: Sableye|Rain Dance|p1b: Sableye
|-weather|RainDance
|
|-weather|RainDance|[upkeep]
|upkeep
|
|t:|1785641725
|switch|p2a: Julliam|Audino, L50, F|88/100
|turn|4
|
|t:|1785641737
|move|p2a: Julliam|Ally Switch|p2a: Julliam
|swap|p2a: Julliam|1|[from] move: Ally Switch
|move|p2a: Black + Decker|Earthquake|p1a: Archaludon|[spread] p2b,p1a,p1b
|-supereffective|p1a: Archaludon|1
|-damage|p2b: Julliam|44/100
|-damage|p1a: Archaludon|60/100
|-damage|p1b: Sableye|31/100
|-enditem|p2b: Julliam|Sitrus Berry|[eat]
|-heal|p2b: Julliam|69/100|[from] item: Sitrus Berry
|move|p1a: Archaludon|Aura Sphere|p2b: Julliam
|-supereffective|p2b: Julliam|1
|-damage|p2b: Julliam|0 fnt
|faint|p2b: Julliam
|move|p1b: Sableye|Reflect|p1b: Sableye
|-sidestart|p1: Kmoom10|Reflect
|
|-weather|RainDance|[upkeep]
|-heal|p1a: Archaludon|66/100|[from] item: Leftovers
|upkeep
|turn|5
|
|t:|1785641756
|switch|p1b: Politoed|Politoed, L50, M, shiny|100/100
|move|p2a: Black + Decker|Protect|p2a: Black + Decker
|-singleturn|p2a: Black + Decker|Protect
|move|p1a: Archaludon|Aura Sphere|p2a: Black + Decker
|-activate|p2a: Black + Decker|move: Protect
|
|-weather|RainDance|[upkeep]
|-heal|p1a: Archaludon|72/100|[from] item: Leftovers
|upkeep
|turn|6
|
|t:|1785641773
|move|p2a: Black + Decker|Earthquake|p1b: Politoed|[spread] p1a,p1b
|-supereffective|p1a: Archaludon|1
|-damage|p1a: Archaludon|41/100
|-damage|p1b: Politoed|77/100
|move|p1a: Archaludon|Aura Sphere|p2a: Black + Decker
|-supereffective|p2a: Black + Decker|1
|-enditem|p2a: Black + Decker|Focus Sash
|-damage|p2a: Black + Decker|1/100
|move|p1b: Politoed|Weather Ball|p2a: Black + Decker
|-supereffective|p2a: Black + Decker|1
|-damage|p2a: Black + Decker|0 fnt
|faint|p2a: Black + Decker
|
|win|Kmoom10
