|j|☆AncientFuture
|j|☆zion craig fan
|html|AncientFuturezion craig fan    
|uhtml|bestof|Game 1 of a best-of-3
|t:|1783192007
|gametype|doubles
|player|p1|AncientFuture|benga|
|player|p2|zion craig fan|yellow|
|gen|9
|tier|[Gen 9 Champions] VGC 2026 Reg M-B (Bo3)
|rule|Species Clause: Limit one of each Pokémon
|rule|Item Clause: Limit 1 of each item
|clearpoke
|poke|p1|Blastoise, L50, F|
|poke|p1|Sinistcha, L50|
|poke|p1|Kingambit, L50, M|
|poke|p1|Sneasler, L50, M|
|poke|p1|Incineroar, L50, M|
|poke|p1|Floette-Eternal, L50, F|
|poke|p2|Pyroar, L50, F, shiny|
|poke|p2|Scrafty, L50, F, shiny|
|poke|p2|Torkoal, L50, M, shiny|
|poke|p2|Farigiraf, L50, M, shiny|
|poke|p2|Sylveon, L50, F, shiny|
|poke|p2|Vileplume, L50, M, shiny|
|teampreview|4
|showteam|p1|Blastoise||Blastoisinite|Torrent|WaterSpout,Protect,DarkPulse,ShellSmash|Modest||F|||50|]Sinistcha||KasibBerry|Hospitality|MatchaGotcha,RagePowder,Protect,TrickRoom|Bold|||||50|]Kingambit||BlackGlasses|Defiant|SuckerPunch,KowtowCleave,Protect,IronHead|Adamant||M|||50|]Sneasler||WhiteHerb|Unburden|CloseCombat,FakeOut,DireClaw,Protect|Jolly||M|||50|]Incineroar||SitrusBerry|Intimidate|FakeOut,PartingShot,FlareBlitz,ThroatChop|Relaxed||M|||50|]Floette-Eternal||Floettite|FlowerVeil|Protect,DazzlingGleam,Moonblast,CalmMind|Timid||F|||50|
|showteam|p2|Pyroar||Pyroarite|Unnerve|HeatWave,Overheat,ScorchingSands,Protect|Timid||F|||50|]Scrafty||Scraftinite|Intimidate|FakeOut,CloseCombat,KnockOff,PoisonJab|Brave||F|||50|]Torkoal||Charcoal|Drought|HeatWave,Eruption,HelpingHand,Protect|Quiet||M|||50|]Farigiraf||ColburBerry|ArmorTail|HyperVoice,Psychic,TrickRoom,HelpingHand|Bold||M|||50|]Sylveon||FairyFeather|Pixilate|HyperVoice,HyperBeam,QuickAttack,Protect|Quiet||F|||50|]Vileplume||FocusSash|Chlorophyll|EnergyBall,SludgeBomb,SleepPowder,AfterYou|Timid||M|||50|
|inactive|Battle timer is ON: inactive players will automatically lose when time's up. (requested by zion craig fan)
|c|☆zion craig fan|hf
|c|☆AncientFuture|glhf
|inactive|AncientFuture has 60 seconds left.
|inactive|zion craig fan has 60 seconds left.
|
|t:|1783192059
|teamsize|p1|4
|teamsize|p2|4
|start
|switch|p1a: Blastoise|Blastoise, L50, F|100/100
|switch|p1b: Sneasler|Sneasler, L50, M|100/100
|switch|p2a: zionoiz|Farigiraf, L50, M, shiny|100/100
|switch|p2b: AY WAT KINDA WATER|Scrafty, L50, F, shiny|100/100
|-ability|p2b: AY WAT KINDA WATER|Intimidate|boost
|-unboost|p1a: Blastoise|atk|1
|-unboost|p1b: Sneasler|atk|1
|-enditem|p1b: Sneasler|White Herb
|-clearnegativeboost|p1b: Sneasler|[silent]
|turn|1
|j| highflyingbird
|
|t:|1783192084
|switch|p1b: Kingambit|Kingambit, L50, M|100/100
|detailschange|p1a: Blastoise|Blastoise-Mega, L50, F
|-mega|p1a: Blastoise|Blastoise|Blastoisinite
|detailschange|p2b: AY WAT KINDA WATER|Scrafty-Mega, L50, F, shiny
|-mega|p2b: AY WAT KINDA WATER|Scrafty|Scraftinite
|-ability|p2b: AY WAT KINDA WATER|Intimidate|boost
|-unboost|p1a: Blastoise|atk|1
|-unboost|p1b: Kingambit|atk|1
|-ability|p1b: Kingambit|Defiant|boost
|-boost|p1b: Kingambit|atk|2
|move|p2b: AY WAT KINDA WATER|Fake Out|p1a: Blastoise
|-damage|p1a: Blastoise|85/100
|cant|p1a: Blastoise|flinch
|move|p2a: zionoiz|Trick Room|p2a: zionoiz
|-fieldstart|move: Trick Room|[of] p2a: zionoiz
|
|upkeep
|turn|2
|l| highflyingbird
|inactive|AncientFuture has 30 seconds left.
|
|t:|1783192117
|move|p1b: Kingambit|Protect|p1b: Kingambit
|-singleturn|p1b: Kingambit|Protect
|move|p2b: AY WAT KINDA WATER|Close Combat|p1b: Kingambit
|-activate|p1b: Kingambit|move: Protect
|move|p2a: zionoiz|Psychic|p1b: Kingambit
|-activate|p1b: Kingambit|move: Protect
|move|p1a: Blastoise|Water Spout|p2a: zionoiz|[spread] p2a,p2b
|-damage|p2a: zionoiz|49/100
|-damage|p2b: AY WAT KINDA WATER|52/100
|
|upkeep
|turn|3
|
|t:|1783192138
|switch|p1b: Sinistcha|Sinistcha, L50|100/100
|-heal|p1a: Blastoise|100/100|[from] ability: Hospitality|[of] p1b: Sinistcha
|move|p2b: AY WAT KINDA WATER|Close Combat|p1b: Sinistcha
|-immune|p1b: Sinistcha
|move|p2a: zionoiz|Psychic|p1a: Blastoise
|-damage|p1a: Blastoise|62/100
|move|p1a: Blastoise|Dark Pulse|p2a: zionoiz
|-supereffective|p2a: zionoiz|1
|-enditem|p2a: zionoiz|Colbur Berry|[eat]
|-enditem|p2a: zionoiz|Colbur Berry|[weaken]
|-damage|p2a: zionoiz|6/100
|
|upkeep
|turn|4
|inactive|AncientFuture has 30 seconds left.
|
|t:|1783192165
|move|p1b: Sinistcha|Protect|p1b: Sinistcha
|-singleturn|p1b: Sinistcha|Protect
|move|p2b: AY WAT KINDA WATER|Knock Off|p1b: Sinistcha
|-activate|p1b: Sinistcha|move: Protect
|move|p2a: zionoiz|Hyper Voice|p1b: Sinistcha|[spread] p1a
|-activate|p1b: Sinistcha|move: Protect
|-damage|p1a: Blastoise|37/100
|move|p1a: Blastoise|Dark Pulse|p2a: zionoiz
|-supereffective|p2a: zionoiz|1
|-damage|p2a: zionoiz|0 fnt
|faint|p2a: zionoiz
|
|upkeep
|
|t:|1783192170
|switch|p2a: Shimmer|Torkoal, L50, M, shiny|100/100
|-weather|SunnyDay|[from] ability: Drought|[of] p2a: Shimmer
|turn|5
|
|t:|1783192179
|switch|p2b: Bruh|Vileplume, L50, M, shiny|100/100
|move|p1a: Blastoise|Protect|p1a: Blastoise
|-singleturn|p1a: Blastoise|Protect
|move|p2a: Shimmer|Eruption|p1b: Sinistcha|[spread] p1b
|-activate|p1a: Blastoise|move: Protect
|-supereffective|p1b: Sinistcha|1
|-damage|p1b: Sinistcha|0 fnt
|faint|p1b: Sinistcha
|
|-weather|SunnyDay|[upkeep]
|-fieldend|move: Trick Room
|upkeep
|
|t:|1783192187
|switch|p1b: Sneasler|Sneasler, L50, M|100/100
|turn|6
|
|t:|1783192196
|move|p1b: Sneasler|Fake Out|p2b: Bruh
|-damage|p2b: Bruh|81/100
|cant|p2b: Bruh|flinch
|move|p1a: Blastoise|Dark Pulse|p2a: Shimmer
|-damage|p2a: Shimmer|32/100
|move|p2a: Shimmer|Heat Wave|p1a: Blastoise|[spread] p1a,p1b
|-resisted|p1a: Blastoise|1
|-damage|p1a: Blastoise|10/100
|-damage|p1b: Sneasler|17/100
|
|-weather|SunnyDay|[upkeep]
|upkeep
|turn|7
|
|t:|1783192210
|move|p2b: Bruh|After You|p2a: Shimmer
|-activate|p2a: Shimmer|move: After You
|move|p2a: Shimmer|Eruption|p1a: Blastoise|[spread] p1a,p1b
|-resisted|p1a: Blastoise|1
|-damage|p1a: Blastoise|0 fnt
|-damage|p1b: Sneasler|0 fnt
|faint|p1a: Blastoise
|faint|p1b: Sneasler
|
|-weather|SunnyDay|[upkeep]
|upkeep
|
|t:|1783192215
|switch|p1a: Kingambit|Kingambit, L50, M|100/100
|turn|8
|
|t:|1783192220
|move|p2b: Bruh|Sleep Powder|p1a: Kingambit
|-status|p1a: Kingambit|slp|[from] move: Sleep Powder
|cant|p1a: Kingambit|slp
|move|p2a: Shimmer|Heat Wave|p1a: Kingambit
|-supereffective|p1a: Kingambit|1
|-crit|p1a: Kingambit
|-damage|p1a: Kingambit|0 fnt
|faint|p1a: Kingambit
|
|win|zion craig fan
||zion craig fan is ready for game 2.
||AncientFuture is ready for game 2.
|uhtml|next|Next: Game 2 of 3
|l|☆zion craig fan
|player|p2|
|j| lemonancy
|j| shrimplyasapphic
|j|☆zion craig fan
|player|p2|zion craig fan|yellow|
|l| lemonancy
|l| shrimplyasapphic
|l|☆AncientFuture
|player|p1|
|j|☆AncientFuture
|player|p1|AncientFuture|benga|
