|j|☆mysteryperson101
|j|☆WASHINGTONGARGACHA
|html|mysteryperson101WASHINGTONGARGACHA    
|uhtml|bestof|Game 2 of a best-of-3
|t:|1757810419
|gametype|doubles
|player|p1|mysteryperson101|lucas|1064
|player|p2|WASHINGTONGARGACHA|101|1096
|gen|9
|tier|[Gen 9] VGC 2025 Reg H (Bo3)
|rated|
|rule|Species Clause: Limit one of each Pokémon
|rule|Item Clause: Limit 1 of each item
|clearpoke
|poke|p1|Sneasler, L50, M|
|poke|p1|Kingambit, L50, M|
|poke|p1|Rillaboom, L50, M|
|poke|p1|Pelipper, L50, M|
|poke|p1|Archaludon, L50, F|
|poke|p1|Ursaluna-Bloodmoon, L50, M|
|poke|p2|Typhlosion-Hisui, L50, M|
|poke|p2|Whimsicott, L50, M|
|poke|p2|Dragapult, L50, M|
|poke|p2|Torkoal, L50, F|
|poke|p2|Lilligant-Hisui, L50, F|
|poke|p2|Electabuzz, L50, F|
|teampreview|4
|showteam|p1|Sneasler||GrassySeed|Unburden|CloseCombat,NightSlash,DireClaw,Protect|||M|||50|,,,,,Dark]Kingambit||BlackGlasses|Defiant|KowtowCleave,IronHead,SuckerPunch,Protect|||M|||50|,,,,,Ghost]Rillaboom||AssaultVest|GrassySurge|FakeOut,WoodHammer,GrassyGlide,Uturn|||M|||50|,,,,,Water]Pelipper||ChoiceScarf|Drizzle|Tailwind,WeatherBall,Hurricane,IcyWind|||M|||50|,,,,,Water]Archaludon||SafetyGoggles|Stalwart|ElectroShot,DracoMeteor,Protect,FlashCannon|||F|||50|,,,,,Water]Ursaluna-Bloodmoon||LifeOrb|MindsEye|Protect,BloodMoon,HyperVoice,EarthPower|||M|||50|,,,,,Grass
|showteam|p2|Typhlosion-Hisui||ChoiceSpecs|Blaze|HeatWave,Eruption,ShadowBall,FocusPunch|||M|||50|,,,,,Fire]Whimsicott||CovertCloak|Prankster|Tailwind,Moonblast,SunnyDay,Encore|||M|||50|,,,,,Water]Dragapult||ChoiceBand|ClearBody|Uturn,DragonTail,DragonDarts,PhantomForce|||M|||50|,,,,,Dragon]Torkoal||LifeOrb|Drought|HeatWave,Eruption,Protect,WeatherBall|||F|||50|,,,,,Fire]Lilligant-Hisui||FocusSash|Chlorophyll|CloseCombat,SleepPowder,AfterYou,LeafBlade|||F|||50|,,,,,Ghost]Electabuzz||Eviolite|VitalSpirit|FollowMe,Taunt,Electroweb,Protect|||F|||50|,,,,,Grass
|inactive|Battle timer is ON: inactive players will automatically lose when time's up. (requested by mysteryperson101)
|
|t:|1757810477
|teamsize|p1|4
|teamsize|p2|4
|start
|switch|p1a: Rillaboom|Rillaboom, L50, M|100/100
|switch|p1b: Ursaluna|Ursaluna-Bloodmoon, L50, M|100/100
|switch|p2a: Dragapult|Dragapult, L50, M|100/100
|switch|p2b: Electabuzz|Electabuzz, L50, F|100/100
|-fieldstart|move: Grassy Terrain|[from] ability: Grassy Surge|[of] p1a: Rillaboom
|turn|1
|
|t:|1757810496
|move|p1a: Rillaboom|Fake Out|p2b: Electabuzz
|-damage|p2b: Electabuzz|88/100
|cant|p2b: Electabuzz|flinch
|move|p1b: Ursaluna|Earth Power|p2b: Electabuzz
|-supereffective|p2b: Electabuzz
|-damage|p2b: Electabuzz|0 fnt
|faint|p2b: Electabuzz
|-damage|p1b: Ursaluna|90/100|[from] item: Life Orb
|move|p2a: Dragapult|Dragon Tail|p1b: Ursaluna
|-damage|p1b: Ursaluna|57/100
|drag|p1b: Pelipper|Pelipper, L50, M|100/100
|-weather|RainDance|[from] ability: Drizzle|[of] p1b: Pelipper
|
|-weather|RainDance|[upkeep]
|upkeep
|
|t:|1757810517
|switch|p2b: Lilligant|Lilligant-Hisui, L50, F|100/100
|turn|2
|
|t:|1757810531
|switch|p2a: Torkoal|Torkoal, L50, F|100/100
|-weather|SunnyDay|[from] ability: Drought|[of] p2a: Torkoal
|move|p2b: Lilligant|Sleep Powder|p1b: Pelipper|[miss]
|-miss|p2b: Lilligant|p1b: Pelipper
|move|p1b: Pelipper|Icy Wind|p2a: Torkoal|[spread] p2a,p2b
|-resisted|p2a: Torkoal
|-supereffective|p2b: Lilligant
|-damage|p2a: Torkoal|94/100
|-damage|p2b: Lilligant|72/100
|-unboost|p2a: Torkoal|spe|1
|-unboost|p2b: Lilligant|spe|1
|move|p1a: Rillaboom|U-turn|p2b: Lilligant
|-damage|p2b: Lilligant|40/100
|
|t:|1757810544
|switch|p1a: Ursaluna|Ursaluna-Bloodmoon, L50, M|57/100|[from] U-turn
|
|-weather|SunnyDay|[upkeep]
|-heal|p2b: Lilligant|47/100|[from] Grassy Terrain
|-heal|p1a: Ursaluna|63/100|[from] Grassy Terrain
|-heal|p2a: Torkoal|100/100|[from] Grassy Terrain
|upkeep
|turn|3
|
|t:|1757810560
|-terastallize|p1a: Ursaluna|Grass
|-terastallize|p2a: Torkoal|Fire
|move|p2b: Lilligant|After You|p2a: Torkoal
|-activate|p2a: Torkoal|move: After You
|move|p2a: Torkoal|Eruption|p1b: Pelipper|[spread] p1a,p1b
|-supereffective|p1a: Ursaluna
|-resisted|p1b: Pelipper
|-damage|p1a: Ursaluna|0 fnt
|-damage|p1b: Pelipper|17/100
|faint|p1a: Ursaluna
|-damage|p2a: Torkoal|91/100|[from] item: Life Orb
|move|p1b: Pelipper|Icy Wind|p2b: Lilligant|[spread] p2a,p2b
|-resisted|p2a: Torkoal
|-supereffective|p2b: Lilligant
|-damage|p2a: Torkoal|84/100
|-damage|p2b: Lilligant|22/100
|-unboost|p2a: Torkoal|spe|1
|-unboost|p2b: Lilligant|spe|1
|
|-weather|SunnyDay|[upkeep]
|-heal|p2b: Lilligant|28/100|[from] Grassy Terrain
|-heal|p2a: Torkoal|90/100|[from] Grassy Terrain
|upkeep
|
|t:|1757810580
|switch|p1a: Archaludon|Archaludon, L50, F|100/100
|turn|4
|
|t:|1757810595
|switch|p1b: Rillaboom|Rillaboom, L50, M|100/100
|move|p1a: Archaludon|Protect|p1a: Archaludon
|-singleturn|p1a: Archaludon|Protect
|move|p2b: Lilligant|After You|p2a: Torkoal
|-activate|p2a: Torkoal|move: After You
|move|p2a: Torkoal|Eruption|p1a: Archaludon|[spread] p1b
|-activate|p1a: Archaludon|move: Protect
|-supereffective|p1b: Rillaboom
|-damage|p1b: Rillaboom|0 fnt
|faint|p1b: Rillaboom
|-damage|p2a: Torkoal|81/100|[from] item: Life Orb
|
|-weather|SunnyDay|[upkeep]
|-heal|p2b: Lilligant|34/100|[from] Grassy Terrain
|-heal|p2a: Torkoal|87/100|[from] Grassy Terrain
|upkeep
|
|t:|1757810608
|switch|p1b: Pelipper|Pelipper, L50, M|17/100
|-weather|RainDance|[from] ability: Drizzle|[of] p1b: Pelipper
|turn|5
|
|t:|1757810623
|move|p2a: Torkoal|Protect|p2a: Torkoal
|-singleturn|p2a: Torkoal|Protect
|move|p1b: Pelipper|Hurricane|p2b: Lilligant
|-supereffective|p2b: Lilligant
|-damage|p2b: Lilligant|0 fnt
|faint|p2b: Lilligant
|move|p1a: Archaludon|Draco Meteor|p2a: Torkoal
|-activate|p2a: Torkoal|move: Protect
|
|-weather|RainDance|[upkeep]
|-heal|p2a: Torkoal|93/100|[from] Grassy Terrain
|-fieldend|move: Grassy Terrain
|upkeep
|
|t:|1757810633
|switch|p2b: Dragapult|Dragapult, L50, M|100/100
|turn|6
|
|t:|1757810646
|move|p2b: Dragapult|Dragon Darts|p1b: Pelipper
|-damage|p1b: Pelipper|0 fnt
|-anim|p2b: Dragapult|Dragon Darts|p1a: Archaludon
|-damage|p1a: Archaludon|70/100
|faint|p1b: Pelipper
|move|p1a: Archaludon|Draco Meteor|p2b: Dragapult
|-supereffective|p2b: Dragapult
|-damage|p2b: Dragapult|0 fnt
|-unboost|p1a: Archaludon|spa|2
|faint|p2b: Dragapult
|move|p2a: Torkoal|Weather Ball|p1a: Archaludon
|-resisted|p1a: Archaludon
|-damage|p1a: Archaludon|39/100
|-damage|p2a: Torkoal|84/100|[from] item: Life Orb
|
|-weather|RainDance|[upkeep]
|upkeep
|turn|7
|
|t:|1757810666
|move|p1a: Archaludon|Electro Shot||[still]
|-prepare|p1a: Archaludon|Electro Shot
|-boost|p1a: Archaludon|spa|1
|-anim|p1a: Archaludon|Electro Shot|p2a: Torkoal
|-damage|p2a: Torkoal|50/100
|move|p2a: Torkoal|Weather Ball|p1a: Archaludon
|-resisted|p1a: Archaludon
|-damage|p1a: Archaludon|5/100
|-damage|p2a: Torkoal|40/100|[from] item: Life Orb
|
|-weather|RainDance|[upkeep]
|upkeep
|turn|8
|
|t:|1757810677
|move|p1a: Archaludon|Electro Shot||[still]
|-prepare|p1a: Archaludon|Electro Shot
|-boost|p1a: Archaludon|spa|1
|-anim|p1a: Archaludon|Electro Shot|p2a: Torkoal
|-damage|p2a: Torkoal|0 fnt
|faint|p2a: Torkoal
|
|win|mysteryperson101
