|j|☆NerdConsultant
|j|☆sandy ghost 5
|html|NerdConsultantsandy ghost 5    
|uhtml|bestof|Game 1 of a best-of-3
|t:|1756902895
|gametype|doubles
|player|p1|NerdConsultant|roxie|1230
|player|p2|sandy ghost 5|baker|1212
|gen|9
|tier|[Gen 9] VGC 2025 Reg H (Bo3)
|rated|
|rule|Species Clause: Limit one of each Pokémon
|rule|Item Clause: Limit 1 of each item
|clearpoke
|poke|p1|Kingambit, L50, M|
|poke|p1|Rillaboom, L50, M|
|poke|p1|Archaludon, L50, F|
|poke|p1|Basculegion, L50, M|
|poke|p1|Electabuzz, L50, M|
|poke|p1|Pelipper, L50, M|
|poke|p2|Tyranitar, L50, M|
|poke|p2|Excadrill, L50, F|
|poke|p2|Sinistcha-Masterpiece, L50|
|poke|p2|Salamence, L50, F|
|poke|p2|Blaziken, L50, M|
|poke|p2|Bruxish, L50, F|
|teampreview|4
|showteam|p1|Kingambit||BlackGlasses|Defiant|KowtowCleave,SwordsDance,SuckerPunch,Protect|||M|||50|,,,,,Dark]Rillaboom||LoadedDice|GrassySurge|HighHorsepower,GrassyGlide,BulletSeed,FakeOut|||M|||50|,,,,,Fire]Archaludon||AssaultVest|Stamina|ElectroShot,BodyPress,DracoMeteor,FlashCannon|||F|||50|,,,,,Bug]Basculegion||ChoiceBand|SwiftSwim|WaveCrash,AquaJet,LastRespects,FlipTurn|||M|||50|,,,,,Grass]Electabuzz||Eviolite|VitalSpirit|Electroweb,Taunt,FollowMe,Protect|||M|||50|,,,,,Ghost]Pelipper||FocusSash|Drizzle|Tailwind,WeatherBall,Hurricane,Protect|||M|||50|,,,,,Ghost
|showteam|p2|Tyranitar||ClearAmulet|SandStream|RockSlide,KnockOff,DragonDance,Protect|||M|||50|,,,,,Grass]Excadrill||AssaultVest|SandRush|Earthquake,IronHead,HighHorsepower,RockSlide|||F|||50|,,,,,Ghost]Sinistcha-Masterpiece||SitrusBerry|Hospitality|ShadowBall,MatchaGotcha,RagePowder,Protect||||||50|,,,,,Dark]Salamence||LifeOrb|Intimidate|DracoMeteor,AirSlash,Protect,Tailwind|||F|||50|,,,,,Ghost]Blaziken||CovertCloak|SpeedBoost|AuraSphere,HeatWave,Coaching,WillOWisp|||M|||50|,,,,,Dragon]Bruxish||ChoiceScarf|Dazzling|PsychicFangs,FlipTurn,WaveCrash,SuperFang|||F|||50|,,,,,Water
|inactive|Battle timer is ON: inactive players will automatically lose when time's up. (requested by NerdConsultant)
|
|t:|1756902956
|teamsize|p1|4
|teamsize|p2|4
|start
|switch|p1a: Rillaboom|Rillaboom, L50, M|100/100
|switch|p1b: Basculegion|Basculegion, L50, M|100/100
|switch|p2a: Blaziken|Blaziken, L50, M|100/100
|switch|p2b: Excadrill|Excadrill, L50, F|100/100
|-fieldstart|move: Grassy Terrain|[from] ability: Grassy Surge|[of] p1a: Rillaboom
|turn|1
|j| The PWC Luigi
|
|t:|1756902979
|switch|p2b: Salamence|Salamence, L50, F|100/100
|-ability|p2b: Salamence|Intimidate|boost
|-unboost|p1a: Rillaboom|atk|1
|-unboost|p1b: Basculegion|atk|1
|switch|p1a: Pelipper|Pelipper, L50, M|100/100
|-weather|RainDance|[from] ability: Drizzle|[of] p1a: Pelipper
|-terastallize|p2a: Blaziken|Dragon
|move|p1b: Basculegion|Wave Crash|p2b: Salamence
|-resisted|p2b: Salamence
|-damage|p2b: Salamence|46/100
|-damage|p1b: Basculegion|85/100|[from] Recoil
|move|p2a: Blaziken|Will-O-Wisp|p1b: Basculegion
|-status|p1b: Basculegion|brn
|
|-weather|RainDance|[upkeep]
|-heal|p1b: Basculegion|91/100 brn|[from] Grassy Terrain
|-damage|p1b: Basculegion|85/100 brn|[from] brn
|-ability|p2a: Blaziken|Speed Boost|boost
|-boost|p2a: Blaziken|spe|1
|upkeep
|turn|2
|inactive|NerdConsultant has 30 seconds left.
|inactive|sandy ghost 5 has 30 seconds left.
|
|t:|1756903011
|move|p1b: Basculegion|Wave Crash|p2b: Salamence
|-resisted|p2b: Salamence
|-damage|p2b: Salamence|15/100
|-damage|p1b: Basculegion|76/100 brn|[from] Recoil
|move|p2a: Blaziken|Heat Wave|p1a: Pelipper|[spread] p1a,p1b
|-resisted|p1a: Pelipper
|-resisted|p1b: Basculegion
|-damage|p1a: Pelipper|87/100
|-damage|p1b: Basculegion|67/100 brn
|-status|p1a: Pelipper|brn
|move|p2b: Salamence|Draco Meteor|p1a: Pelipper
|-damage|p1a: Pelipper|0 fnt
|-unboost|p2b: Salamence|spa|2
|faint|p1a: Pelipper
|-damage|p2b: Salamence|5/100|[from] item: Life Orb
|
|-weather|RainDance|[upkeep]
|-heal|p1b: Basculegion|73/100 brn|[from] Grassy Terrain
|-damage|p1b: Basculegion|67/100 brn|[from] brn
|-ability|p2a: Blaziken|Speed Boost|boost
|-boost|p2a: Blaziken|spe|1
|upkeep
|inactive|NerdConsultant has 30 seconds left.
|
|t:|1756903036
|switch|p1a: Rillaboom|Rillaboom, L50, M|100/100
|turn|3
|
|t:|1756903056
|switch|p1b: Archaludon|Archaludon, L50, F|100/100
|move|p2b: Salamence|Protect|p2b: Salamence
|-singleturn|p2b: Salamence|Protect
|move|p2a: Blaziken|Will-O-Wisp|p1a: Rillaboom
|-status|p1a: Rillaboom|brn
|move|p1a: Rillaboom|Bullet Seed|p1b: Archaludon
|-resisted|p1b: Archaludon
|-damage|p1b: Archaludon|99/100
|-ability|p1b: Archaludon|Stamina|boost
|-boost|p1b: Archaludon|def|1
|-resisted|p1b: Archaludon
|-damage|p1b: Archaludon|99/100
|-ability|p1b: Archaludon|Stamina|boost
|-boost|p1b: Archaludon|def|1
|-resisted|p1b: Archaludon
|-damage|p1b: Archaludon|98/100
|-ability|p1b: Archaludon|Stamina|boost
|-boost|p1b: Archaludon|def|1
|-resisted|p1b: Archaludon
|-damage|p1b: Archaludon|98/100
|-ability|p1b: Archaludon|Stamina|boost
|-boost|p1b: Archaludon|def|1
|-resisted|p1b: Archaludon
|-damage|p1b: Archaludon|97/100
|-ability|p1b: Archaludon|Stamina|boost
|-boost|p1b: Archaludon|def|1
|-hitcount|p1b: Archaludon|5
|
|-weather|RainDance|[upkeep]
|-heal|p1b: Archaludon|100/100|[from] Grassy Terrain
|-damage|p1a: Rillaboom|95/100 brn|[from] brn
|-ability|p2a: Blaziken|Speed Boost|boost
|-boost|p2a: Blaziken|spe|1
|upkeep
|turn|4
|inactive|NerdConsultant has 30 seconds left.
|
|t:|1756903085
|switch|p2b: Excadrill|Excadrill, L50, F|100/100
|move|p1a: Rillaboom|Grassy Glide|p2b: Excadrill
|-damage|p2b: Excadrill|76/100
|move|p2a: Blaziken|Will-O-Wisp|p1b: Archaludon
|-status|p1b: Archaludon|brn
|move|p1b: Archaludon|Draco Meteor|p2a: Blaziken
|-supereffective|p2a: Blaziken
|-damage|p2a: Blaziken|0 fnt
|-unboost|p1b: Archaludon|spa|2
|faint|p2a: Blaziken
|
|-weather|RainDance|[upkeep]
|-heal|p2b: Excadrill|82/100|[from] Grassy Terrain
|-heal|p1a: Rillaboom|100/100 brn|[from] Grassy Terrain
|-damage|p1a: Rillaboom|95/100 brn|[from] brn
|-damage|p1b: Archaludon|94/100 brn|[from] brn
|upkeep
|
|t:|1756903096
|switch|p2a: Tyranitar|Tyranitar, L50, M|100/100
|-weather|Sandstorm|[from] ability: Sand Stream|[of] p2a: Tyranitar
|turn|5
|
|t:|1756903120
|move|p2a: Tyranitar|Protect|p2a: Tyranitar
|-singleturn|p2a: Tyranitar|Protect
|move|p2b: Excadrill|Iron Head|p1a: Rillaboom
|-damage|p1a: Rillaboom|51/100 brn
|move|p1a: Rillaboom|Bullet Seed|p2b: Excadrill
|-damage|p2b: Excadrill|70/100
|-damage|p2b: Excadrill|58/100
|-damage|p2b: Excadrill|47/100
|-damage|p2b: Excadrill|34/100
|-damage|p2b: Excadrill|23/100
|-hitcount|p2b: Excadrill|5
|move|p1b: Archaludon|Body Press|p2a: Tyranitar
|-activate|p2a: Tyranitar|move: Protect
|
|-weather|Sandstorm|[upkeep]
|-damage|p1a: Rillaboom|45/100 brn|[from] Sandstorm
|-heal|p2b: Excadrill|29/100|[from] Grassy Terrain
|-heal|p1a: Rillaboom|51/100 brn|[from] Grassy Terrain
|-heal|p1b: Archaludon|100/100 brn|[from] Grassy Terrain
|-damage|p1a: Rillaboom|45/100 brn|[from] brn
|-damage|p1b: Archaludon|94/100 brn|[from] brn
|-fieldend|move: Grassy Terrain
|upkeep
|turn|6
|
|t:|1756903140
|switch|p1a: Basculegion|Basculegion, L50, M|67/100 brn
|move|p2b: Excadrill|Iron Head|p1a: Basculegion
|-resisted|p1a: Basculegion
|-damage|p1a: Basculegion|38/100 brn
|move|p1b: Archaludon|Body Press|p2a: Tyranitar
|-supereffective|p2a: Tyranitar
|-damage|p2a: Tyranitar|0 fnt
|faint|p2a: Tyranitar
|
|-weather|Sandstorm|[upkeep]
|-damage|p1a: Basculegion|32/100 brn|[from] Sandstorm
|-damage|p1a: Basculegion|26/100 brn|[from] brn
|-damage|p1b: Archaludon|88/100 brn|[from] brn
|upkeep
|
|t:|1756903144
|switch|p2a: Salamence|Salamence, L50, F|5/100
|-ability|p2a: Salamence|Intimidate|boost
|-unboost|p1a: Basculegion|atk|1
|-unboost|p1b: Archaludon|atk|1
|turn|7
|
|t:|1756903163
|move|p1a: Basculegion|Aqua Jet|p2b: Excadrill
|-supereffective|p2b: Excadrill
|-damage|p2b: Excadrill|0 fnt
|faint|p2b: Excadrill
|move|p2a: Salamence|Draco Meteor|p1b: Archaludon
|-damage|p1b: Archaludon|27/100 brn
|-unboost|p2a: Salamence|spa|2
|-ability|p1b: Archaludon|Stamina|boost
|-boost|p1b: Archaludon|def|1
|-damage|p2a: Salamence|0 fnt|[from] item: Life Orb
|faint|p2a: Salamence
|
|win|NerdConsultant
||sandy ghost 5 is ready for game 2.
|inactive|NerdConsultant has 30 seconds to confirm battle start!
||NerdConsultant is ready for game 2.
|uhtml|next|Next: Game 2 of 3
|l|☆NerdConsultant
|player|p1|
