|j|☆SomeKidJon
|j|☆Andrea Pirlo 2
|html|SomeKidJonAndrea Pirlo 2    
|uhtml|bestof|Game 2 of a best-of-3
|t:|1782490340
|gametype|doubles
|player|p1|SomeKidJon|scientistf|1340
|player|p2|Andrea Pirlo 2|volkner|1433
|gen|9
|tier|[Gen 9 Champions] VGC 2026 Reg M-B (Bo3)
|rated|
|rule|Species Clause: Limit one of each Pokémon
|rule|Item Clause: Limit 1 of each item
|clearpoke
|poke|p1|Camerupt, L50, M|
|poke|p1|Farigiraf, L50, F, shiny|
|poke|p1|Incineroar, L50, F|
|poke|p1|Primarina, L50, M|
|poke|p1|Ninetales-Alola, L50, M|
|poke|p1|Pidgeot, L50, F|
|poke|p2|Swampert, L50, F|
|poke|p2|Pelipper, L50, F|
|poke|p2|Archaludon, L50, M|
|poke|p2|Sneasler, L50, M|
|poke|p2|Gholdengo, L50|
|poke|p2|Sableye, L50, F|
|teampreview|4
|showteam|p1|Camerupt||Cameruptite|SolidRock|Protect,AncientPower,EarthPower,HeatWave|Quiet||M|||50|]Farigiraf||SitrusBerry|ArmorTail|NastyPlot,TrickRoom,DazzlingGleam,Protect|Calm||F|||50|]Incineroar||PasshoBerry|Intimidate|PartingShot,FakeOut,FlareBlitz,ThroatChop|Careful||F|||50|]Primarina||Leftovers|LiquidVoice|HyperVoice,Protect,Moonblast,CalmMind|Modest||M|||50|]Ninetales-Alola||LightClay|SnowWarning|FreezeDry,Blizzard,Protect,AuroraVeil|Timid||M|||50|]Pidgeot||Pidgeotite|BigPecks|Protect,HeatWave,Hurricane,Tailwind|Timid||F|||50|
|showteam|p2|Swampert||Swampertite|Torrent|HighHorsepower,WaveCrash,IcePunch,Protect|Adamant||F|||50|]Pelipper||LifeOrb|Drizzle|WeatherBall,Hurricane,Tailwind,Protect|Modest||F|||50|]Archaludon||Leftovers|Stamina|ElectroShot,DragonPulse,FlashCannon,Protect|Modest||M|||50|]Sneasler||FocusSash|Unburden|CloseCombat,DireClaw,FakeOut,Protect|Jolly||M|||50|]Gholdengo||MetalCoat|GoodasGold|MakeItRain,ShadowBall,NastyPlot,Protect|Timid|||||50|]Sableye||RoseliBerry|Prankster|Encore,WillOWisp,LightScreen,RainDance|Calm||F|||50|
|inactive|Battle timer is ON: inactive players will automatically lose when time's up. (requested by Andrea Pirlo 2)
|inactive|Andrea Pirlo 2 has 60 seconds left.
|inactive|Andrea Pirlo 2 has 30 seconds left.
|
|t:|1782490404
|teamsize|p1|4
|teamsize|p2|4
|start
|switch|p1a: Incineroar|Incineroar, L50, F|100/100
|switch|p1b: Pidgeot|Pidgeot, L50, F|100/100
|switch|p2a: Swampert|Swampert, L50, F|100/100
|switch|p2b: Pelipper|Pelipper, L50, F|100/100
|-weather|RainDance|[from] ability: Drizzle|[of] p2b: Pelipper
|-ability|p1a: Incineroar|Intimidate|boost
|-unboost|p2a: Swampert|atk|1
|-unboost|p2b: Pelipper|atk|1
|turn|1
|
|t:|1782490428
|switch|p2b: Archaludon|Archaludon, L50, M|100/100
|switch|p1a: Ninetales|Ninetales-Alola, L50, M|100/100
|-weather|Snowscape|[from] ability: Snow Warning|[of] p1a: Ninetales
|detailschange|p1b: Pidgeot|Pidgeot-Mega, L50, F
|-mega|p1b: Pidgeot|Pidgeot|Pidgeotite
|detailschange|p2a: Swampert|Swampert-Mega, L50, F
|-mega|p2a: Swampert|Swampert|Swampertite
|move|p1b: Pidgeot|Hurricane|p2b: Archaludon
|-resisted|p2b: Archaludon|1
|-damage|p2b: Archaludon|71/100
|-start|p2b: Archaludon|confusion
|-ability|p2b: Archaludon|Stamina|boost
|-boost|p2b: Archaludon|def|1
|move|p2a: Swampert|High Horsepower|p1a: Ninetales
|-damage|p1a: Ninetales|66/100
|
|-weather|Snowscape|[upkeep]
|-heal|p2b: Archaludon|77/100|[from] item: Leftovers
|upkeep
|turn|2
|
|t:|1782490444
|switch|p2a: Pelipper|Pelipper, L50, F|100/100
|-weather|RainDance|[from] ability: Drizzle|[of] p2a: Pelipper
|move|p1b: Pidgeot|Tailwind|p1b: Pidgeot
|-sidestart|p1: SomeKidJon|move: Tailwind
|move|p1a: Ninetales|Freeze-Dry|p2a: Pelipper
|-supereffective|p2a: Pelipper|2
|-damage|p2a: Pelipper|0 fnt
|faint|p2a: Pelipper
|-activate|p2b: Archaludon|confusion
|-damage|p2b: Archaludon|73/100|[from] confusion
|
|-weather|RainDance|[upkeep]
|-heal|p2b: Archaludon|79/100|[from] item: Leftovers
|upkeep
|
|t:|1782490457
|switch|p2a: Gholdengo|Gholdengo, L50|100/100
|turn|3
|
|t:|1782490462
|switch|p1a: Incineroar|Incineroar, L50, F|100/100
|-ability|p1a: Incineroar|Intimidate|boost
|-unboost|p2a: Gholdengo|atk|1
|-unboost|p2b: Archaludon|atk|1
|move|p1b: Pidgeot|Protect|p1b: Pidgeot
|-singleturn|p1b: Pidgeot|Protect
|move|p2a: Gholdengo|Nasty Plot|p2a: Gholdengo
|-boost|p2a: Gholdengo|spa|2
|-activate|p2b: Archaludon|confusion
|-damage|p2b: Archaludon|76/100|[from] confusion
|
|-weather|RainDance|[upkeep]
|-heal|p2b: Archaludon|82/100|[from] item: Leftovers
|upkeep
|turn|4
|
|t:|1782490482
|switch|p1a: Ninetales|Ninetales-Alola, L50, M|66/100
|-weather|Snowscape|[from] ability: Snow Warning|[of] p1a: Ninetales
|move|p1b: Pidgeot|Heat Wave|p2a: Gholdengo|[spread] p2a,p2b
|-supereffective|p2a: Gholdengo|1
|-damage|p2a: Gholdengo|39/100
|-damage|p2b: Archaludon|55/100
|-ability|p2b: Archaludon|Stamina|boost
|-boost|p2b: Archaludon|def|1
|move|p2a: Gholdengo|Make It Rain|p1b: Pidgeot|[spread] p1a,p1b
|-supereffective|p1a: Ninetales|2
|-damage|p1a: Ninetales|0 fnt
|-damage|p1b: Pidgeot|0 fnt
|-unboost|p2a: Gholdengo|spa|2
|faint|p1a: Ninetales
|faint|p1b: Pidgeot
|-end|p2b: Archaludon|confusion
|move|p2b: Archaludon|Electro Shot||[still]
|-prepare|p2b: Archaludon|Electro Shot
|-boost|p2b: Archaludon|spa|1
|
|-weather|Snowscape|[upkeep]
|-heal|p2b: Archaludon|62/100|[from] item: Leftovers
|upkeep
|
|t:|1782490488
|switch|p1b: Incineroar|Incineroar, L50, F|100/100
|switch|p1a: Primarina|Primarina, L50, M|100/100
|-ability|p1b: Incineroar|Intimidate|boost
|-unboost|p2a: Gholdengo|atk|1
|-unboost|p2b: Archaludon|atk|1
|turn|5
|
|t:|1782490511
|move|p1b: Incineroar|Throat Chop|p2a: Gholdengo
|-supereffective|p2a: Gholdengo|1
|-damage|p2a: Gholdengo|0 fnt
|faint|p2a: Gholdengo
|move|p1a: Primarina|Calm Mind|p1a: Primarina
|-boost|p1a: Primarina|spa|1
|-boost|p1a: Primarina|spd|1
|move|p2b: Archaludon|Electro Shot|p1a: Primarina|[from] lockedmove
|-supereffective|p1a: Primarina|1
|-damage|p1a: Primarina|25/100
|
|-weather|Snowscape|[upkeep]
|-heal|p1a: Primarina|31/100|[from] item: Leftovers
|-heal|p2b: Archaludon|68/100|[from] item: Leftovers
|-sideend|p1: SomeKidJon|move: Tailwind
|upkeep
|
|t:|1782490519
|switch|p2a: Swampert|Swampert-Mega, L50, F|100/100
|turn|6
|
|t:|1782490527
|move|p1a: Primarina|Protect|p1a: Primarina
|-singleturn|p1a: Primarina|Protect
|move|p2b: Archaludon|Flash Cannon|p1a: Primarina
|-activate|p1a: Primarina|move: Protect
|move|p2a: Swampert|High Horsepower|p1b: Incineroar
|-supereffective|p1b: Incineroar|1
|-damage|p1b: Incineroar|0 fnt
|faint|p1b: Incineroar
|
|-weather|Snowscape|[upkeep]
|-heal|p2b: Archaludon|74/100|[from] item: Leftovers
|-heal|p1a: Primarina|36/100|[from] item: Leftovers
|upkeep
|turn|7
|
|t:|1782490539
|move|p2b: Archaludon|Flash Cannon|p1a: Primarina
|-damage|p1a: Primarina|7/100
|move|p2a: Swampert|Wave Crash|p1a: Primarina
|-resisted|p1a: Primarina|1
|-damage|p1a: Primarina|0 fnt
|faint|p1a: Primarina
|-damage|p2a: Swampert|97/100|[from] Recoil
|
|win|Andrea Pirlo 2
|raw|SomeKidJon's rating: 1340 → 1325(-15 for losing)
|raw|Andrea Pirlo 2's rating: 1433 → 1448(+15 for winning)
