|j|☆Samki9
|j|☆kokomiiiii
|html|Samki9kokomiiiii    
|uhtml|bestof|Game 2 of a best-of-3
|t:|1757905829
|gametype|doubles
|player|p1|Samki9|hugh|1127
|player|p2|kokomiiiii|lillie-masters|1220
|gen|9
|tier|[Gen 9] VGC 2025 Reg H (Bo3)
|rated|
|rule|Species Clause: Limit one of each Pokémon
|rule|Item Clause: Limit 1 of each item
|clearpoke
|poke|p1|Tyranitar, L50, M|
|poke|p1|Garchomp, L50, M|
|poke|p1|Gholdengo, L50|
|poke|p1|Sneasler, L50, M|
|poke|p1|Corviknight, L50, M|
|poke|p1|Rillaboom, L50, M|
|poke|p2|Gholdengo, L50|
|poke|p2|Ursaluna, L50, F|
|poke|p2|Dragonite, L50, M|
|poke|p2|Porygon2, L50|
|poke|p2|Incineroar, L50, M|
|poke|p2|Amoonguss, L50, M|
|teampreview|4
|showteam|p1|Tyranitar||FocusSash|SandStream|RockSlide,KnockOff,DragonDance,Protect|||M|||50|,,,,,Ghost]Garchomp||ClearAmulet|SandVeil|DragonClaw,StompingTantrum,Earthquake,Protect|||M|||50|,,,,,Fire]Gholdengo||LifeOrb|GoodasGold|MakeItRain,ShadowBall,NastyPlot,Protect||||||50|,,,,,Water]Sneasler||GrassySeed|Unburden|CloseCombat,DireClaw,Coaching,Protect|||M|||50|,,,,,Stellar]Corviknight||CovertCloak|MirrorArmor|BraveBird,Taunt,Roost,Tailwind|||M|||50|,,,,,Dragon]Rillaboom||AssaultVest|GrassySurge|FakeOut,WoodHammer,GrassyGlide,Uturn|||M|||50|,,,,,Water
|showteam|p2|Gholdengo||LifeOrb|GoodasGold|MakeItRain,ShadowBall,NastyPlot,Protect||||||50|,,,,,Water]Ursaluna||FlameOrb|Guts|HeadlongRush,Facade,Earthquake,Protect|||F|||50|,,,,,Ghost]Dragonite||LoadedDice|Multiscale|ScaleShot,Haze,Tailwind,Protect|||M|||50|,,,,,Fairy]Porygon2||Eviolite|Download|IceBeam,TeraBlast,TrickRoom,Recover||||||50|,,,,,Fighting]Incineroar||SafetyGoggles|Intimidate|FakeOut,KnockOff,FlareBlitz,PartingShot|||M|||50|,,,,,Ghost]Amoonguss||SitrusBerry|Regenerator|RagePowder,PollenPuff,Spore,Protect|||M|||50|,,,,,Water
|
|t:|1757905883
|teamsize|p1|4
|teamsize|p2|4
|start
|switch|p1a: Corviknight|Corviknight, L50, M|100/100
|switch|p1b: Garchomp|Garchomp, L50, M|100/100
|switch|p2a: Annoyingon2|Porygon2, L50, shiny|100/100
|switch|p2b: Midcineroar|Incineroar, L50, M, shiny|100/100
|-ability|p2b: Midcineroar|Intimidate|boost
|-ability|p1a: Corviknight|Mirror Armor
|-unboost|p2b: Midcineroar|atk|1
|-fail|p1b: Garchomp|unboost|[from] item: Clear Amulet|[of] p1b: Garchomp
|-ability|p2a: Annoyingon2|Download|boost
|-boost|p2a: Annoyingon2|spa|1
|turn|1
|
|t:|1757905907
|-terastallize|p2b: Midcineroar|Ghost
|move|p1b: Garchomp|Earthquake|p2a: Annoyingon2|[spread] p2a,p2b
|-immune|p1a: Corviknight
|-crit|p2a: Annoyingon2
|-damage|p2a: Annoyingon2|61/100
|-damage|p2b: Midcineroar|58/100
|move|p1a: Corviknight|Taunt|p2a: Annoyingon2
|-start|p2a: Annoyingon2|move: Taunt
|move|p2b: Midcineroar|Flare Blitz|p1a: Corviknight
|-supereffective|p1a: Corviknight
|-damage|p1a: Corviknight|48/100
|-damage|p2b: Midcineroar|41/100|[from] Recoil
|move|p2a: Annoyingon2|Ice Beam|p1b: Garchomp
|-supereffective|p1b: Garchomp
|-damage|p1b: Garchomp|0 fnt
|faint|p1b: Garchomp
|
|upkeep
|
|t:|1757905922
|switch|p1b: Tyranitar|Tyranitar, L50, M|100/100
|-weather|Sandstorm|[from] ability: Sand Stream|[of] p1b: Tyranitar
|turn|2
|
|t:|1757905933
|switch|p2b: bam|Ursaluna, L50, F, shiny|100/100
|switch|p2a: SHROOMSSSS|Amoonguss, L50, M, shiny|100/100
|move|p1a: Corviknight|Brave Bird|p2a: SHROOMSSSS
|-supereffective|p2a: SHROOMSSSS
|-damage|p2a: SHROOMSSSS|28/100
|-enditem|p2a: SHROOMSSSS|Sitrus Berry|[eat]
|-heal|p2a: SHROOMSSSS|53/100|[from] item: Sitrus Berry
|-damage|p1a: Corviknight|22/100|[from] Recoil
|move|p1b: Tyranitar|Knock Off|p2b: bam
|-damage|p2b: bam|60/100
|-enditem|p2b: bam|Flame Orb|[from] move: Knock Off|[of] p1b: Tyranitar
|
|-weather|Sandstorm|[upkeep]
|-damage|p2a: SHROOMSSSS|47/100|[from] Sandstorm
|upkeep
|turn|3
|
|t:|1757905960
|move|p2b: bam|Protect|p2b: bam
|-singleturn|p2b: bam|Protect
|move|p1a: Corviknight|Brave Bird|p2a: SHROOMSSSS
|-supereffective|p2a: SHROOMSSSS
|-damage|p2a: SHROOMSSSS|0 fnt
|faint|p2a: SHROOMSSSS
|-damage|p1a: Corviknight|5/100|[from] Recoil
|move|p1b: Tyranitar|Dragon Dance|p1b: Tyranitar
|-boost|p1b: Tyranitar|atk|1
|-boost|p1b: Tyranitar|spe|1
|
|-weather|Sandstorm|[upkeep]
|upkeep
|
|t:|1757905969
|switch|p2a: Midcineroar|Incineroar, L50, M, shiny, tera:Ghost|41/100
|-ability|p2a: Midcineroar|Intimidate|boost
|-ability|p1a: Corviknight|Mirror Armor
|-unboost|p2a: Midcineroar|atk|1
|-unboost|p1b: Tyranitar|atk|1
|turn|4
|inactive|Battle timer is ON: inactive players will automatically lose when time's up. (requested by Samki9)
|
|t:|1757905999
|move|p1b: Tyranitar|Protect|p1b: Tyranitar
|-singleturn|p1b: Tyranitar|Protect
|move|p2a: Midcineroar|Fake Out|p1b: Tyranitar
|-activate|p1b: Tyranitar|move: Protect
|move|p1a: Corviknight|Roost|p1a: Corviknight
|-heal|p1a: Corviknight|55/100
|-singleturn|p1a: Corviknight|move: Roost
|move|p2b: bam|Headlong Rush|p1b: Tyranitar
|-activate|p1b: Tyranitar|move: Protect
|
|-weather|Sandstorm|[upkeep]
|upkeep
|turn|5
|
|t:|1757906016
|move|p1b: Tyranitar|Knock Off|p2a: Midcineroar
|-supereffective|p2a: Midcineroar
|-damage|p2a: Midcineroar|0 fnt
|-enditem|p2a: Midcineroar|Safety Goggles|[from] move: Knock Off|[of] p1b: Tyranitar
|faint|p2a: Midcineroar
|move|p1a: Corviknight|Brave Bird|p2b: bam
|-damage|p2b: bam|26/100
|-damage|p1a: Corviknight|43/100|[from] Recoil
|move|p2b: bam|Headlong Rush|p1b: Tyranitar
|-supereffective|p1b: Tyranitar
|-enditem|p1b: Tyranitar|Focus Sash
|-damage|p1b: Tyranitar|1/100
|-unboost|p2b: bam|def|1
|-unboost|p2b: bam|spd|1
|
|-weather|Sandstorm|[upkeep]
|upkeep
|
|t:|1757906021
|switch|p2a: Annoyingon2|Porygon2, L50, shiny|61/100
|-ability|p2a: Annoyingon2|Download|boost
|-boost|p2a: Annoyingon2|spa|1
|turn|6
|
|t:|1757906038
|move|p1b: Tyranitar|Rock Slide|p2b: bam|[spread] p2a,p2b
|-resisted|p2b: bam
|-damage|p2a: Annoyingon2|38/100
|-damage|p2b: bam|6/100
|move|p1a: Corviknight|Brave Bird|p2a: Annoyingon2
|-damage|p2a: Annoyingon2|14/100
|-damage|p1a: Corviknight|36/100|[from] Recoil
|move|p2b: bam|Facade|p1b: Tyranitar
|-resisted|p1b: Tyranitar
|-damage|p1b: Tyranitar|0 fnt
|faint|p1b: Tyranitar
|move|p2a: Annoyingon2|Trick Room|p2a: Annoyingon2
|-fieldstart|move: Trick Room|[of] p2a: Annoyingon2
|
|-weather|none
|upkeep
|
|t:|1757906051
|switch|p1b: Rillaboom|Rillaboom, L50, M|100/100
|-fieldstart|move: Grassy Terrain|[from] ability: Grassy Surge|[of] p1b: Rillaboom
|turn|7
|
|t:|1757906065
|-terastallize|p1b: Rillaboom|Water
|move|p2b: bam|Protect|p2b: bam
|-singleturn|p2b: bam|Protect
|move|p1b: Rillaboom|Grassy Glide|p2b: bam
|-activate|p2b: bam|move: Protect
|move|p2a: Annoyingon2|Recover|p2a: Annoyingon2
|-heal|p2a: Annoyingon2|64/100
|move|p1a: Corviknight|Brave Bird|p2a: Annoyingon2
|-damage|p2a: Annoyingon2|39/100
|-damage|p1a: Corviknight|29/100|[from] Recoil
|
|-heal|p2a: Annoyingon2|45/100|[from] Grassy Terrain
|-heal|p2b: bam|12/100|[from] Grassy Terrain
|upkeep
|turn|8
|
|t:|1757906087
|move|p1b: Rillaboom|Grassy Glide|p2b: bam
|-supereffective|p2b: bam
|-damage|p2b: bam|0 fnt
|faint|p2b: bam
|move|p2a: Annoyingon2|Ice Beam|p1a: Corviknight
|-damage|p1a: Corviknight|0 fnt
|faint|p1a: Corviknight
|
|-heal|p2a: Annoyingon2|50/100|[from] Grassy Terrain
|upkeep
|turn|9
|
|t:|1757906097
|move|p2a: Annoyingon2|Recover|p2a: Annoyingon2
|-heal|p2a: Annoyingon2|100/100
|move|p1b: Rillaboom|Wood Hammer|p2a: Annoyingon2
|-damage|p2a: Annoyingon2|42/100
|-damage|p1b: Rillaboom|84/100|[from] Recoil
|
|-heal|p2a: Annoyingon2|48/100|[from] Grassy Terrain
|-heal|p1b: Rillaboom|90/100|[from] Grassy Terrain
|upkeep
|turn|10
|
|t:|1757906106
|move|p2a: Annoyingon2|Recover|p2a: Annoyingon2
|-heal|p2a: Annoyingon2|98/100
|move|p1b: Rillaboom|Wood Hammer|p2a: Annoyingon2
|-damage|p2a: Annoyingon2|47/100
|-damage|p1b: Rillaboom|76/100|[from] Recoil
|
|-heal|p2a: Annoyingon2|53/100|[from] Grassy Terrain
|-heal|p1b: Rillaboom|82/100|[from] Grassy Terrain
|-fieldend|move: Trick Room
|upkeep
|turn|11
|
|t:|1757906112
|move|p1b: Rillaboom|Wood Hammer|p2a: Annoyingon2
|-damage|p2a: Annoyingon2|0 fnt
|faint|p2a: Annoyingon2
|-damage|p1b: Rillaboom|67/100|[from] Recoil
|
|win|Samki9
