|j|☆uPinhuu
|j|☆mavrickbfr
|html|uPinhuumavrickbfr    
|uhtml|bestof|Game 2 of a best-of-3
|t:|1784767273
|gametype|doubles
|player|p1|uPinhuu|169|
|player|p2|mavrickbfr|gentleman-gen4|
|gen|9
|tier|[Gen 9 Champions] VGC 2026 Reg M-B (Bo3)
|rule|Species Clause: Limit one of each Pokémon
|rule|Item Clause: Limit 1 of each item
|clearpoke
|poke|p1|Garchomp, L50, F|
|poke|p1|Venusaur, L50, M|
|poke|p1|Incineroar, L50, F|
|poke|p1|Charizard, L50, F|
|poke|p1|Toxapex, L50, M|
|poke|p1|Annihilape, L50, M|
|poke|p2|Gholdengo, L50|
|poke|p2|Milotic, L50, F, shiny|
|poke|p2|Staraptor, L50, M, shiny|
|poke|p2|Tyranitar, L50, M, shiny|
|poke|p2|Sinistcha, L50|
|poke|p2|Excadrill, L50, M|
|teampreview|4
|showteam|p1|Garchomp||ChoiceScarf|RoughSkin|Earthquake,DragonClaw,StompingTantrum,RockSlide|Adamant||F|||50|]Venusaur||LifeOrb|Chlorophyll|SolarBeam,SludgeBomb,EarthPower,Protect|Modest||M|||50|]Incineroar||SitrusBerry|Intimidate|FlareBlitz,ThroatChop,FakeOut,PartingShot|Impish||F|||50|]Charizard||CharizarditeY|Blaze|HeatWave,WeatherBall,HelpingHand,Protect|Modest||F|||50|]Toxapex||Leftovers|Regenerator|Infestation,Toxic,WideGuard,BanefulBunker|Bold||M|||50|]Annihilape||FocusSash|Defiant|CloseCombat,PhantomForce,RockTomb,Protect|Jolly||M|||50|
|showteam|p2|Gholdengo||LifeOrb|GoodasGold|MakeItRain,Protect,ShadowBall,NastyPlot|Timid|||||50|]Milotic||ChoiceScarf|Competitive|MuddyWater,IcyWind,IceBeam,DrainingKiss|Modest||F|||50|]Staraptor||Staraptite|Intimidate|DualWingbeat,CloseCombat,Uturn,Roost|Jolly||M|||50|]Tyranitar||Tyranitarite|SandStream|RockSlide,Earthquake,IronHead,KnockOff|Careful||M|||50|]Sinistcha||SitrusBerry|Hospitality|MatchaGotcha,RagePowder,Protect,LifeDew|Bold|||||50|]Excadrill||FocusSash|SandRush|Earthquake,RockSlide,StompingTantrum,SwordsDance|Adamant||M|||50|
|
|t:|1784767352
|teamsize|p1|4
|teamsize|p2|4
|start
|switch|p1a: Annihilape|Annihilape, L50, M|100/100
|switch|p1b: Toxapex|Toxapex, L50, M|100/100
|switch|p2a: Excadrill|Excadrill, L50, M|100/100
|switch|p2b: Sinistcha|Sinistcha, L50|100/100
|turn|1
|
|t:|1784767384
|switch|p2b: Tyranitar|Tyranitar, L50, M, shiny|100/100
|-weather|Sandstorm|[from] ability: Sand Stream|[of] p2b: Tyranitar
|move|p2a: Excadrill|Stomping Tantrum|p1b: Toxapex
|-supereffective|p1b: Toxapex|1
|-damage|p1b: Toxapex|41/100
|move|p1a: Annihilape|Phantom Force||[still]
|-prepare|p1a: Annihilape|Phantom Force
|move|p1b: Toxapex|Infestation|p2a: Excadrill
|-resisted|p2a: Excadrill|1
|-damage|p2a: Excadrill|98/100
|-activate|p2a: Excadrill|move: Infestation|[of] p1b: Toxapex
|
|-weather|Sandstorm|[upkeep]
|-damage|p1a: Annihilape|94/100|[from] Sandstorm
|-damage|p1b: Toxapex|35/100|[from] Sandstorm
|-heal|p1b: Toxapex|41/100|[from] item: Leftovers
|-damage|p2a: Excadrill|86/100|[from] move: Infestation|[partiallytrapped]
|upkeep
|turn|2
|
|t:|1784767413
|move|p1b: Toxapex|Baneful Bunker|p1b: Toxapex
|-singleturn|p1b: Toxapex|move: Protect
|move|p2a: Excadrill|Swords Dance|p2a: Excadrill
|-boost|p2a: Excadrill|atk|2
|move|p1a: Annihilape|Phantom Force|p2b: Tyranitar|[from] lockedmove
|-resisted|p2b: Tyranitar|1
|-damage|p2b: Tyranitar|82/100
|move|p2b: Tyranitar|Knock Off|p1a: Annihilape
|-damage|p1a: Annihilape|31/100
|-enditem|p1a: Annihilape|Focus Sash|[from] move: Knock Off|[of] p2b: Tyranitar
|
|-weather|Sandstorm|[upkeep]
|-damage|p1a: Annihilape|25/100|[from] Sandstorm
|-damage|p1b: Toxapex|35/100|[from] Sandstorm
|-heal|p1b: Toxapex|41/100|[from] item: Leftovers
|-damage|p2a: Excadrill|73/100|[from] move: Infestation|[partiallytrapped]
|upkeep
|turn|3
|
|t:|1784767438
|switch|p2b: Sinistcha|Sinistcha, L50|100/100
|-heal|p2a: Excadrill|98/100|[from] ability: Hospitality|[of] p2b: Sinistcha
|-heal|p1b: Toxapex|74/100|[from] ability: Regenerator|[silent]
|switch|p1b: Charizard|Charizard, L50, F|100/100
|move|p2a: Excadrill|Rock Slide|p1b: Charizard|[spread] p1a,p1b
|-resisted|p1a: Annihilape|1
|-supereffective|p1b: Charizard|2
|-damage|p1a: Annihilape|3/100
|-damage|p1b: Charizard|0 fnt
|faint|p1b: Charizard
|move|p1a: Annihilape|Close Combat|p2b: Sinistcha
|-immune|p2b: Sinistcha
|
|-weather|Sandstorm|[upkeep]
|-damage|p1a: Annihilape|0 fnt|[from] Sandstorm
|-damage|p2b: Sinistcha|93/100|[from] Sandstorm
|faint|p1a: Annihilape
|-end|p2a: Excadrill|Infestation|[partiallytrapped]|[silent]
|upkeep
|
|t:|1784767466
|switch|p1a: Toxapex|Toxapex, L50, M|74/100
|switch|p1b: Venusaur|Venusaur, L50, M|100/100
|turn|4
|
|t:|1784767492
|move|p1a: Toxapex|Wide Guard|p1a: Toxapex
|-singleturn|p1a: Toxapex|Wide Guard
|move|p2b: Sinistcha|Rage Powder|p2b: Sinistcha
|-singleturn|p2b: Sinistcha|move: Rage Powder
|move|p2a: Excadrill|Earthquake|p1a: Toxapex|[spread] p2b
|-activate|p1a: Toxapex|move: Wide Guard
|-activate|p1b: Venusaur|move: Wide Guard
|-resisted|p2b: Sinistcha|1
|-damage|p2b: Sinistcha|57/100
|move|p1b: Venusaur|Earth Power|p2a: Excadrill
|-supereffective|p2a: Excadrill|1
|-damage|p2a: Excadrill|5/100
|-damage|p1b: Venusaur|90/100|[from] item: Life Orb
|
|-weather|Sandstorm|[upkeep]
|-damage|p1b: Venusaur|84/100|[from] Sandstorm
|-damage|p2b: Sinistcha|51/100|[from] Sandstorm
|-damage|p1a: Toxapex|68/100|[from] Sandstorm
|-heal|p1a: Toxapex|74/100|[from] item: Leftovers
|upkeep
|turn|5
|
|t:|1784767584
|move|p2a: Excadrill|Stomping Tantrum|p1b: Venusaur
|-damage|p1b: Venusaur|0 fnt
|faint|p1b: Venusaur
|move|p2b: Sinistcha|Life Dew|p2b: Sinistcha|[spread] p2a,p2b
|-heal|p2a: Excadrill|30/100
|-heal|p2b: Sinistcha|76/100
|move|p1a: Toxapex|Infestation|p2a: Excadrill
|-resisted|p2a: Excadrill|1
|-damage|p2a: Excadrill|28/100
|-activate|p2a: Excadrill|move: Infestation|[of] p1a: Toxapex
|
|-weather|none
|-heal|p1a: Toxapex|80/100|[from] item: Leftovers
|-damage|p2a: Excadrill|16/100|[from] move: Infestation|[partiallytrapped]
|upkeep
|turn|6
|
|t:|1784767622
|switch|p2b: Tyranitar|Tyranitar, L50, M, shiny|82/100
|-weather|Sandstorm|[from] ability: Sand Stream|[of] p2b: Tyranitar
|move|p2a: Excadrill|Stomping Tantrum|p1a: Toxapex
|-supereffective|p1a: Toxapex|1
|-damage|p1a: Toxapex|0 fnt
|faint|p1a: Toxapex
|
|win|mavrickbfr
