|j|☆trompanueva
|j|☆Marvcolor
|html|trompanuevaMarvcolor    
|uhtml|bestof|Game 1 of a best-of-3
|t:|1784219398
|gametype|doubles
|player|p1|trompanueva|tate|1328
|player|p2|Marvcolor|giovanni|1333
|gen|9
|tier|[Gen 9 Champions] VGC 2026 Reg M-B (Bo3)
|rated|
|rule|Species Clause: Limit one of each Pokémon
|rule|Item Clause: Limit 1 of each item
|clearpoke
|poke|p1|Grimmsnarl, L50, M|
|poke|p1|Pelipper, L50, F|
|poke|p1|Archaludon, L50, M|
|poke|p1|Basculegion, L50, M|
|poke|p1|Venusaur, L50, F|
|poke|p1|Charizard, L50, M|
|poke|p2|Gengar, L50, M, shiny|
|poke|p2|Politoed, L50, F, shiny|
|poke|p2|Archaludon, L50, M, shiny|
|poke|p2|Swampert, L50, F, shiny|
|poke|p2|Incineroar, L50, F, shiny|
|poke|p2|Vivillon, L50, M, shiny|
|teampreview|4
|showteam|p1|Grimmsnarl||LightClay|Prankster|SpiritBreak,Reflect,LightScreen,PartingShot|Sassy||M|||50|]Pelipper||SitrusBerry|Drizzle|Hurricane,WeatherBall,Tailwind,WideGuard|Modest||F|||50|]Archaludon||Leftovers|Stamina|Protect,ElectroShot,DragonPulse,FlashCannon|Calm||M|||50|]Basculegion||ChoiceScarf|Adaptability|FlipTurn,WaveCrash,AquaJet,LastRespects|Jolly||M|||50|]Venusaur||FocusSash|Chlorophyll|Protect,SleepPowder,SludgeBomb,EarthPower|Modest||F|||50|]Charizard||CharizarditeY|Blaze|HeatWave,SolarBeam,WeatherBall,Protect|Modest||M|||50|
|showteam|p2|Gengar||Gengarite|CursedBody|ShadowBall,SludgeBomb,PerishSong,Protect|Modest||M|||50|]Politoed||SitrusBerry|Drizzle|WeatherBall,PerishSong,Encore,Protect|Calm||F|||50|]Archaludon||Leftovers|Stamina|ElectroShot,DragonPulse,FlashCannon,Protect|Bold||M|||50|]Swampert||Swampertite|Damp|WaveCrash,Earthquake,IcePunch,Protect|Adamant||F|||50|]Incineroar||PasshoBerry|Intimidate|ThroatChop,PartingShot,Protect,FakeOut|Sassy||F|||50|]Vivillon||FocusSash|CompoundEyes|Hurricane,SleepPowder,RagePowder,Protect|Timid||M|||50|
|inactive|Battle timer is ON: inactive players will automatically lose when time's up. (requested by Marvcolor)
|inactive|trompanueva has 60 seconds left.
|inactive|Marvcolor has 60 seconds left.
|
|t:|1784219433
|teamsize|p1|4
|teamsize|p2|4
|start
|switch|p1a: Venusaur|Venusaur, L50, F|100/100
|switch|p1b: Charizard|Charizard, L50, M|100/100
|switch|p2a: Mishra|Gengar, L50, M, shiny|100/100
|switch|p2b: Time Walk|Vivillon, L50, M, shiny|100/100
|turn|1
|
|t:|1784219449
|detailschange|p2a: Mishra|Gengar-Mega, L50, M, shiny
|-mega|p2a: Mishra|Gengar|Gengarite
|move|p2a: Mishra|Protect|p2a: Mishra
|-singleturn|p2a: Mishra|Protect
|move|p2b: Time Walk|Protect|p2b: Time Walk
|-singleturn|p2b: Time Walk|Protect
|move|p1b: Charizard|Protect|p1b: Charizard
|-singleturn|p1b: Charizard|Protect
|move|p1a: Venusaur|Sleep Powder|p2b: Time Walk
|-activate|p2b: Time Walk|move: Protect
|
|upkeep
|turn|2
|inactive|Marvcolor has 30 seconds left.
|
|t:|1784219475
|detailschange|p1b: Charizard|Charizard-Mega-Y, L50, M
|-mega|p1b: Charizard|Charizard|Charizardite Y
|-weather|SunnyDay|[from] ability: Drought|[of] p1b: Charizard
|move|p1a: Venusaur|Sleep Powder|p2b: Time Walk
|-status|p2b: Time Walk|slp|[from] move: Sleep Powder
|move|p2a: Mishra|Sludge Bomb|p1b: Charizard
|-damage|p1b: Charizard|52/100
|cant|p2b: Time Walk|slp
|move|p1b: Charizard|Heat Wave|p2b: Time Walk|[spread] p2a
|-miss|p1b: Charizard|p2b: Time Walk
|-damage|p2a: Mishra|44/100
|
|-weather|SunnyDay|[upkeep]
|upkeep
|turn|3
|inactive|trompanueva has 30 seconds left.
|
|t:|1784219508
|switch|p2b: Connect|Politoed, L50, F, shiny|100/100
|-weather|RainDance|[from] ability: Drizzle|[of] p2b: Connect
|move|p2a: Mishra|Protect|p2a: Mishra
|-singleturn|p2a: Mishra|Protect
|move|p1b: Charizard|Weather Ball|p2b: Connect
|-resisted|p2b: Connect|1
|-damage|p2b: Connect|80/100
|move|p1a: Venusaur|Earth Power|p2a: Mishra
|-activate|p2a: Mishra|move: Protect
|
|-weather|RainDance|[upkeep]
|upkeep
|turn|4
|inactive|Marvcolor has 30 seconds left.
|
|t:|1784219537
|switch|p2a: Time Walk|Vivillon, L50, M, shiny|100/100 slp
|move|p1b: Charizard|Protect|p1b: Charizard
|-singleturn|p1b: Charizard|Protect
|move|p1a: Venusaur|Earth Power|p2a: Time Walk
|-immune|p2a: Time Walk
|move|p2b: Connect|Weather Ball|p1a: Venusaur
|-resisted|p1a: Venusaur|1
|-damage|p1a: Venusaur|76/100
|
|-weather|RainDance|[upkeep]
|upkeep
|turn|5
|
|t:|1784219551
|switch|p1b: Archaludon|Archaludon, L50, M|100/100
|switch|p1a: Basculegion|Basculegion, L50, M|100/100
|switch|p2b: Mishra|Gengar-Mega, L50, M, shiny|44/100
|-curestatus|p2a: Time Walk|slp|[msg]
|move|p2a: Time Walk|Hurricane|p1a: Basculegion
|-damage|p1a: Basculegion|46/100
|
|-weather|RainDance|[upkeep]
|upkeep
|turn|6
|
|t:|1784219569
|move|p2b: Mishra|Protect|p2b: Mishra
|-singleturn|p2b: Mishra|Protect
|move|p1a: Basculegion|Wave Crash|p2b: Mishra
|-activate|p2b: Mishra|move: Protect
|move|p2a: Time Walk|Sleep Powder|p1b: Archaludon
|-status|p1b: Archaludon|slp|[from] move: Sleep Powder
|cant|p1b: Archaludon|slp
|
|-weather|RainDance|[upkeep]
|upkeep
|turn|7
|
|t:|1784219582
|switch|p2b: Centralian|Archaludon, L50, M, shiny|100/100
|move|p1a: Basculegion|Wave Crash|p2a: Time Walk
|-enditem|p2a: Time Walk|Focus Sash
|-damage|p2a: Time Walk|1/100
|-damage|p1a: Basculegion|20/100r|[from] Recoil
|move|p2a: Time Walk|Hurricane|p1a: Basculegion
|-damage|p1a: Basculegion|0 fnt
|faint|p1a: Basculegion
|cant|p1b: Archaludon|slp
|
|-weather|none
|upkeep
|
|t:|1784219588
|switch|p1a: Venusaur|Venusaur, L50, F|76/100
|turn|8
|
|t:|1784219607
|move|p2a: Time Walk|Protect|p2a: Time Walk
|-singleturn|p2a: Time Walk|Protect
|move|p1a: Venusaur|Protect|p1a: Venusaur
|-singleturn|p1a: Venusaur|Protect
|-curestatus|p1b: Archaludon|slp|[msg]
|move|p1b: Archaludon|Dragon Pulse|p2a: Time Walk
|-activate|p2a: Time Walk|move: Protect
|move|p2b: Centralian|Dragon Pulse|p1b: Archaludon
|-damage|p1b: Archaludon|67/100
|-ability|p1b: Archaludon|Stamina|boost
|-boost|p1b: Archaludon|def|1
|
|-heal|p1b: Archaludon|73/100|[from] item: Leftovers
|upkeep
|turn|9
|
|t:|1784219624
|switch|p1b: Charizard|Charizard-Mega-Y, L50, M|52/100
|-weather|SunnyDay|[from] ability: Drought|[of] p1b: Charizard
|move|p1a: Venusaur|Sludge Bomb|p2a: Time Walk
|-damage|p2a: Time Walk|0 fnt
|faint|p2a: Time Walk
|move|p2b: Centralian|Dragon Pulse|p1a: Venusaur
|-damage|p1a: Venusaur|35/100
|
|-weather|SunnyDay|[upkeep]
|upkeep
|
|t:|1784219634
|switch|p2a: Connect|Politoed, L50, F, shiny|80/100
|-weather|RainDance|[from] ability: Drizzle|[of] p2a: Connect
|turn|10
|
|t:|1784219643
|switch|p1b: Archaludon|Archaludon, L50, M|73/100
|move|p1a: Venusaur|Sleep Powder|p2b: Centralian
|-status|p2b: Centralian|slp|[from] move: Sleep Powder
|cant|p2b: Centralian|slp
|move|p2a: Connect|Weather Ball|p1b: Archaludon
|-resisted|p1b: Archaludon|1
|-damage|p1b: Archaludon|51/100
|-ability|p1b: Archaludon|Stamina|boost
|-boost|p1b: Archaludon|def|1
|
|-weather|RainDance|[upkeep]
|-heal|p1b: Archaludon|57/100|[from] item: Leftovers
|upkeep
|turn|11
|
|t:|1784219657
|move|p2a: Connect|Protect|p2a: Connect
|-singleturn|p2a: Connect|Protect
|move|p1a: Venusaur|Earth Power|p2b: Centralian
|-supereffective|p2b: Centralian|1
|-damage|p2b: Centralian|45/100 slp
|-ability|p2b: Centralian|Stamina|boost
|-boost|p2b: Centralian|def|1
|move|p1b: Archaludon|Electro Shot||[still]
|-prepare|p1b: Archaludon|Electro Shot
|-boost|p1b: Archaludon|spa|1
|-anim|p1b: Archaludon|Electro Shot|p2a: Connect
|-activate|p2a: Connect|move: Protect
|cant|p2b: Centralian|slp
|
|-weather|RainDance|[upkeep]
|-heal|p1b: Archaludon|64/100|[from] item: Leftovers
|-heal|p2b: Centralian|52/100 slp|[from] item: Leftovers
|upkeep
|turn|12
|
|t:|1784219676
|move|p2a: Connect|Protect||[still]
|-fail|p2a: Connect
|move|p1a: Venusaur|Earth Power|p2b: Centralian
|-supereffective|p2b: Centralian|1
|-crit|p2b: Centralian
|-damage|p2b: Centralian|0 fnt
|faint|p2b: Centralian
|move|p1b: Archaludon|Electro Shot||[still]
|-prepare|p1b: Archaludon|Electro Shot
|-boost|p1b: Archaludon|spa|1
|-anim|p1b: Archaludon|Electro Shot|p2a: Connect
|-supereffective|p2a: Connect|1
|-damage|p2a: Connect|0 fnt
|faint|p2a: Connect
|
|-weather|RainDance|[upkeep]
|-heal|p1b: Archaludon|70/100|[from] item: Leftovers
|upkeep
|
|t:|1784219682
|switch|p2b: Mishra|Gengar-Mega, L50, M, shiny|44/100
|turn|13
|-message|Marvcolor forfeited.
|
|win|trompanueva
|l|☆Marvcolor
|player|p2|
||Marvcolor is ready for game 2.
||trompanueva is ready for game 2.
|uhtml|next|Next: Game 2 of 3
