|j|☆triskili
|j|☆SILVESTRON
|html|triskiliSILVESTRON    
|uhtml|bestof|Game 3 of a best-of-3
|t:|1785686031
|gametype|doubles
|player|p1|triskili|flannery|
|player|p2|SILVESTRON|266|
|gen|9
|tier|[Gen 9 Champions] VGC 2026 Reg M-B (Bo3)
|rule|Species Clause: Limit one of each Pokémon
|rule|Item Clause: Limit 1 of each item
|clearpoke
|poke|p1|Charizard, L50, M|
|poke|p1|Venusaur, L50, M|
|poke|p1|Mamoswine, L50, F|
|poke|p1|Garchomp, L50, M|
|poke|p1|Incineroar, L50, M|
|poke|p1|Toxapex, L50, M|
|poke|p2|Sinistcha, L50|
|poke|p2|Dragapult, L50, F, shiny|
|poke|p2|Camerupt, L50, F|
|poke|p2|Aggron, L50, M, shiny|
|poke|p2|Incineroar, L50, M|
|poke|p2|Azumarill, L50, M, shiny|
|teampreview|4
|showteam|p1|Charizard||CharizarditeY|Blaze|HeatWave,WeatherBall,HelpingHand,Protect|Modest||M|||50|]Venusaur||LifeOrb|Chlorophyll|LeafStorm,SludgeBomb,EarthPower,Protect|Modest||M|||50|]Mamoswine||FocusSash|Oblivious|HighHorsepower,RockTomb,IceShard,Protect|Jolly||F|||50|]Garchomp||ChoiceScarf|RoughSkin|DragonClaw,Earthquake,RockSlide,StompingTantrum|Adamant||M|||50|]Incineroar||SitrusBerry|Intimidate|FlareBlitz,ThroatChop,PartingShot,FakeOut|Impish||M|||50|]Toxapex||Leftovers|Regenerator|Toxic,Infestation,WideGuard,BanefulBunker|Bold||M|||50|
|showteam|p2|Sinistcha||SitrusBerry|Hospitality|RagePowder,MatchaGotcha,ShadowBall,TrickRoom|Relaxed|||||50|]Dragapult||MentalHerb|Infiltrator|WillOWisp,DragonDarts,Hex,LightScreen|Hasty||F|||50|]Camerupt||Cameruptite|SolidRock|Eruption,FireBlast,EarthPower,Protect|Quiet||F|||50|]Aggron||Aggronite|Sturdy|Curse,BodyPress,HeavySlam,Protect|Careful||M|||50|]Incineroar||PasshoBerry|Intimidate|FakeOut,PartingShot,FlareBlitz,ThroatChop|Adamant||M|||50|]Azumarill||LifeOrb|HugePower|Liquidation,AquaJet,PlayRough,IceSpinner|Adamant||M|||50|
|c|☆SILVESTRON|GLHF
|c|☆triskili|GLHF
|
|t:|1785686072
|teamsize|p1|4
|teamsize|p2|4
|start
|switch|p1a: Incineroar|Incineroar, L50, M|100/100
|switch|p1b: Garchomp|Garchomp, L50, M|100/100
|switch|p2a: This is my OC!|Incineroar, L50, M|100/100
|switch|p2b: Performative Ghost|Sinistcha, L50|100/100
|-ability|p1a: Incineroar|Intimidate|boost
|-unboost|p2a: This is my OC!|atk|1
|-unboost|p2b: Performative Ghost|atk|1
|-ability|p2a: This is my OC!|Intimidate|boost
|-unboost|p1a: Incineroar|atk|1
|-unboost|p1b: Garchomp|atk|1
|turn|1
|
|t:|1785686100
|move|p1a: Incineroar|Fake Out|p2a: This is my OC!
|-damage|p2a: This is my OC!|93/100
|cant|p2a: This is my OC!|flinch
|move|p1b: Garchomp|Rock Slide|p2a: This is my OC!|[spread] p2a,p2b
|-supereffective|p2a: This is my OC!|1
|-damage|p2a: This is my OC!|64/100
|-damage|p2b: Performative Ghost|87/100
|move|p2b: Performative Ghost|Trick Room|p2b: Performative Ghost
|-fieldstart|move: Trick Room|[of] p2b: Performative Ghost
|
|upkeep
|turn|2
|
|t:|1785686118
|switch|p2b: bababooey|Camerupt, L50, F|100/100
|move|p2a: This is my OC!|Parting Shot|p1a: Incineroar
|-unboost|p1a: Incineroar|atk|1
|-unboost|p1a: Incineroar|spa|1
|
|t:|1785686123
|switch|p2a: how did i get here|Azumarill, L50, M, shiny|100/100|[from] Parting Shot
|move|p1a: Incineroar|Flare Blitz|p2b: bababooey
|-resisted|p2b: bababooey|1
|-damage|p2b: bababooey|85/100
|-damage|p1a: Incineroar|95/100|[from] Recoil
|move|p1b: Garchomp|Rock Slide|p2b: bababooey|[spread] p2a,p2b
|-damage|p2a: how did i get here|83/100
|-damage|p2b: bababooey|67/100
|
|upkeep
|turn|3
|
|t:|1785686151
|switch|p1a: Toxapex|Toxapex, L50, M|100/100
|detailschange|p2b: bababooey|Camerupt-Mega, L50, F
|-mega|p2b: bababooey|Camerupt|Cameruptite
|move|p2b: bababooey|Earth Power|p1b: Garchomp
|-damage|p1b: Garchomp|27/100
|move|p2a: how did i get here|Liquidation|p1a: Toxapex
|-resisted|p1a: Toxapex|1
|-damage|p1a: Toxapex|75/100
|-unboost|p1a: Toxapex|def|1
|-damage|p2a: how did i get here|74/100|[from] item: Life Orb
|move|p1b: Garchomp|Rock Slide|p2a: how did i get here|[spread] p2a,p2b
|-damage|p2a: how did i get here|59/100
|-damage|p2b: bababooey|53/100
|
|-heal|p1a: Toxapex|80/100|[from] item: Leftovers
|upkeep
|turn|4
|
|t:|1785686175
|switch|p1b: Incineroar|Incineroar, L50, M|95/100
|-ability|p1b: Incineroar|Intimidate|boost
|-unboost|p2a: how did i get here|atk|1
|-unboost|p2b: bababooey|atk|1
|move|p1a: Toxapex|Baneful Bunker|p1a: Toxapex
|-singleturn|p1a: Toxapex|move: Protect
|move|p2b: bababooey|Earth Power|p1a: Toxapex
|-activate|p1a: Toxapex|move: Protect
|move|p2a: how did i get here|Liquidation|p1b: Incineroar
|-supereffective|p1b: Incineroar|1
|-damage|p1b: Incineroar|14/100
|-enditem|p1b: Incineroar|Sitrus Berry|[eat]
|-heal|p1b: Incineroar|39/100|[from] item: Sitrus Berry
|-damage|p2a: how did i get here|50/100y|[from] item: Life Orb
|
|-heal|p1a: Toxapex|86/100|[from] item: Leftovers
|upkeep
|turn|5
|
|t:|1785686215
|switch|p2a: Performative Ghost|Sinistcha, L50|87/100
|-heal|p2b: bababooey|77/100|[from] ability: Hospitality|[of] p2a: Performative Ghost
|move|p2b: bababooey|Protect|p2b: bababooey
|-singleturn|p2b: bababooey|Protect
|move|p1b: Incineroar|Fake Out|p2a: Performative Ghost
|-immune|p2a: Performative Ghost
|move|p1a: Toxapex|Toxic|p2a: Performative Ghost
|-status|p2a: Performative Ghost|tox
|
|-heal|p1a: Toxapex|92/100|[from] item: Leftovers
|-damage|p2a: Performative Ghost|80/100 tox|[from] psn
|-fieldend|move: Trick Room
|upkeep
|turn|6
|
|t:|1785686240
|move|p1a: Toxapex|Baneful Bunker|p1a: Toxapex
|-singleturn|p1a: Toxapex|move: Protect
|move|p1b: Incineroar|Parting Shot|p2b: bababooey
|-unboost|p2b: bababooey|atk|1
|-unboost|p2b: bababooey|spa|1
|
|t:|1785686246
|switch|p1b: Garchomp|Garchomp, L50, M|27/100|[from] Parting Shot
|move|p2b: bababooey|Earth Power|p1a: Toxapex
|-activate|p1a: Toxapex|move: Protect
|move|p2a: Performative Ghost|Trick Room|p2a: Performative Ghost
|-fieldstart|move: Trick Room|[of] p2a: Performative Ghost
|
|-heal|p1a: Toxapex|98/100|[from] item: Leftovers
|-damage|p2a: Performative Ghost|68/100 tox|[from] psn
|upkeep
|turn|7
|
|t:|1785686295
|move|p2b: bababooey|Earth Power|p1a: Toxapex
|-supereffective|p1a: Toxapex|1
|-crit|p1a: Toxapex
|-damage|p1a: Toxapex|0 fnt
|faint|p1a: Toxapex
|move|p2a: Performative Ghost|Matcha Gotcha|p1b: Garchomp
|-damage|p1b: Garchomp|0 fnt
|-heal|p2a: Performative Ghost|82/100 tox|[from] drain|[of] p1b: Garchomp
|faint|p1b: Garchomp
|
|-damage|p2a: Performative Ghost|64/100 tox|[from] psn
|upkeep
|c|☆SILVESTRON|mb
|
|t:|1785686304
|switch|p1a: Charizard|Charizard, L50, M|100/100
|switch|p1b: Incineroar|Incineroar, L50, M|39/100
|-ability|p1b: Incineroar|Intimidate|boost
|-unboost|p2a: Performative Ghost|atk|1
|-unboost|p2b: bababooey|atk|1
|turn|8
|
|t:|1785686330
|switch|p2a: This is my OC!|Incineroar, L50, M|64/100
|-ability|p2a: This is my OC!|Intimidate|boost
|-unboost|p1a: Charizard|atk|1
|-unboost|p1b: Incineroar|atk|1
|detailschange|p1a: Charizard|Charizard-Mega-Y, L50, M
|-mega|p1a: Charizard|Charizard|Charizardite Y
|-weather|SunnyDay|[from] ability: Drought|[of] p1a: Charizard
|move|p2b: bababooey|Protect|p2b: bababooey
|-singleturn|p2b: bababooey|Protect
|move|p1b: Incineroar|Fake Out|p2b: bababooey
|-activate|p2b: bababooey|move: Protect
|move|p1a: Charizard|Weather Ball|p2a: This is my OC!
|-resisted|p2a: This is my OC!|1
|-damage|p2a: This is my OC!|25/100
|
|-weather|SunnyDay|[upkeep]
|upkeep
|turn|9
|
|t:|1785686350
|move|p1a: Charizard|Protect|p1a: Charizard
|-singleturn|p1a: Charizard|Protect
|move|p2b: bababooey|Earth Power|p1b: Incineroar
|-supereffective|p1b: Incineroar|1
|-damage|p1b: Incineroar|0 fnt
|faint|p1b: Incineroar
|move|p2a: This is my OC!|Parting Shot|p1a: Charizard
|-activate|p1a: Charizard|move: Protect
|
|-weather|SunnyDay|[upkeep]
|upkeep
|turn|10
|c|☆triskili|dang, not bad for my first game tho o3o
|
|t:|1785686376
|switch|p2b: how did i get here|Azumarill, L50, M, shiny|50/100y
|move|p2a: This is my OC!|Parting Shot|p1a: Charizard
|-unboost|p1a: Charizard|atk|1
|-unboost|p1a: Charizard|spa|1
|
|t:|1785686382
|switch|p2a: Performative Ghost|Sinistcha, L50|64/100 tox|[from] Parting Shot
|-heal|p2b: how did i get here|74/100|[from] ability: Hospitality|[of] p2a: Performative Ghost
|move|p1a: Charizard|Weather Ball|p2a: Performative Ghost
|-supereffective|p2a: Performative Ghost|1
|-damage|p2a: Performative Ghost|0 fnt
|faint|p2a: Performative Ghost
|
|-weather|SunnyDay|[upkeep]
|-fieldend|move: Trick Room
|upkeep
|
|t:|1785686389
|switch|p2a: This is my OC!|Incineroar, L50, M|25/100
|-ability|p2a: This is my OC!|Intimidate|boost
|-unboost|p1a: Charizard|atk|1
|turn|11
|c|☆triskili|geegee
|-message|triskili forfeited.
|
|win|SILVESTRON
|c|☆SILVESTRON|GGWP
