|j|☆GustaEiras
|j|☆airslashesfolante
|html|GustaEirasairslashesfolante    
|uhtml|bestof|Game 2 of a best-of-3
|t:|1786070274
|gametype|doubles
|player|p1|GustaEiras|pokemonranger-gen4|
|player|p2|airslashesfolante|roxie-masters|
|gen|9
|tier|[Gen 9 Champions] VGC 2026 Reg M-B (Bo3)
|rule|Species Clause: Limit one of each Pokémon
|rule|Item Clause: Limit 1 of each item
|clearpoke
|poke|p1|Dragonite, L50, M|
|poke|p1|Toxicroak, L50, F|
|poke|p1|Vivillon, L50, F|
|poke|p1|Blastoise, L50, F|
|poke|p1|Heliolisk, L50, M|
|poke|p1|Sableye, L50, M|
|poke|p2|Chimecho, L50, M|
|poke|p2|Altaria, L50, F|
|poke|p2|Sableye, L50, M|
|poke|p2|Heliolisk, L50, F|
|poke|p2|Quaquaval, L50, M|
|poke|p2|Mr. Rime, L50, M|
|teampreview|4
|showteam|p1|Dragonite||LumBerry|Multiscale|DragonClaw,FirePunch,ExtremeSpeed,Protect|Adamant||M|||50|]Toxicroak||FocusSash|PoisonTouch|CloseCombat,PoisonJab,FakeOut,Coaching|Jolly||F|||50|]Vivillon||ChoiceScarf|CompoundEyes|Hurricane,Tailwind,RagePowder,SleepPowder|Timid||F|||50|]Blastoise||Blastoisinite|Torrent|WaterSpout,AuraSphere,ShellSmash,Protect|Modest||F|||50|]Heliolisk||LifeOrb|SolarPower|Thunderbolt,WeatherBall,Electroweb,Protect|Timid||M|||50|]Sableye||LightClay|Prankster|Encore,Disable,LightScreen,Reflect|Bold||M|||50|
|showteam|p2|Chimecho||Chimechite|Levitate|CalmMind,Recover,Psyshock,FlashCannon|Bold||M|||50|]Altaria||SitrusBerry|CloudNine|WillOWisp,Tailwind,Acrobatics,Protect|Impish||F|||50|]Sableye||LightClay|Prankster|SkillSwap,Reflect,LightScreen,FoulPlay|Bold||M|||50|]Heliolisk||ChoiceScarf|DrySkin|HyperVoice,VoltSwitch,Electroweb,Thunderbolt|Timid||F|||50|]Quaquaval||LifeOrb|Moxie|AquaStep,CloseCombat,TripleAxel,Protect|Jolly||M|||50|]Mr. Rime||NeverMeltIce|ScreenCleaner|FakeOut,FreezeDry,Taunt,Protect|Modest||M|||50|
|
|t:|1786070328
|teamsize|p1|4
|teamsize|p2|4
|start
|switch|p1a: Vivillon|Vivillon, L50, F|100/100
|switch|p1b: Dragonite|Dragonite, L50, M|100/100
|switch|p2a: Heliolisk|Heliolisk, L50, F|100/100
|switch|p2b: Altaria|Altaria, L50, F|100/100
|-ability|p2b: Altaria|Cloud Nine
|turn|1
|
|t:|1786070348
|switch|p1a: Heliolisk|Heliolisk, L50, M|100/100
|move|p2a: Heliolisk|Volt Switch|p1a: Heliolisk
|-resisted|p1a: Heliolisk|1
|-damage|p1a: Heliolisk|76/100
|
|t:|1786070352
|switch|p2a: Mr. Rime|Mr. Rime, L50, M|100/100|[from] Volt Switch
|move|p1b: Dragonite|Dragon Claw|p2a: Mr. Rime
|-damage|p2a: Mr. Rime|52/100
|move|p2b: Altaria|Tailwind|p2b: Altaria
|-sidestart|p2: airslashesfolante|move: Tailwind
|
|upkeep
|turn|2
|
|t:|1786070389
|move|p1a: Heliolisk|Protect|p1a: Heliolisk
|-singleturn|p1a: Heliolisk|Protect
|move|p1b: Dragonite|Protect|p1b: Dragonite
|-singleturn|p1b: Dragonite|Protect
|move|p2a: Mr. Rime|Freeze-Dry|p1a: Heliolisk
|-activate|p1a: Heliolisk|move: Protect
|move|p2b: Altaria|Acrobatics|p1a: Heliolisk
|-activate|p1a: Heliolisk|move: Protect
|
|upkeep
|turn|3
|
|t:|1786070418
|switch|p2b: Heliolisk|Heliolisk, L50, F|100/100
|move|p2a: Mr. Rime|Freeze-Dry|p1b: Dragonite
|-supereffective|p1b: Dragonite|2
|-damage|p1b: Dragonite|35/100
|move|p1a: Heliolisk|Thunderbolt|p2a: Mr. Rime
|-damage|p2a: Mr. Rime|0 fnt
|faint|p2a: Mr. Rime
|-damage|p1a: Heliolisk|67/100|[from] item: Life Orb
|move|p1b: Dragonite|Dragon Claw|p2b: Heliolisk
|-damage|p2b: Heliolisk|0 fnt
|faint|p2b: Heliolisk
|
|upkeep
|
|t:|1786070428
|switch|p2b: Altaria|Altaria, L50, F|100/100
|switch|p2a: Quaquaval|Quaquaval, L50, M|100/100
|-ability|p2b: Altaria|Cloud Nine
|turn|4
|
|t:|1786070443
|move|p1a: Heliolisk|Protect|p1a: Heliolisk
|-singleturn|p1a: Heliolisk|Protect
|move|p1b: Dragonite|Protect|p1b: Dragonite
|-singleturn|p1b: Dragonite|Protect
|move|p2a: Quaquaval|Close Combat|p1a: Heliolisk
|-activate|p1a: Heliolisk|move: Protect
|move|p2b: Altaria|Acrobatics|p1b: Dragonite
|-activate|p1b: Dragonite|move: Protect
|
|-sideend|p2: airslashesfolante|move: Tailwind
|upkeep
|turn|5
|
|t:|1786070464
|move|p1a: Heliolisk|Thunderbolt|p2a: Quaquaval
|-supereffective|p2a: Quaquaval|1
|-damage|p2a: Quaquaval|0 fnt
|faint|p2a: Quaquaval
|-damage|p1a: Heliolisk|58/100|[from] item: Life Orb
|move|p1b: Dragonite|Dragon Claw|p2b: Altaria
|-supereffective|p2b: Altaria|1
|-damage|p2b: Altaria|10/100
|-enditem|p2b: Altaria|Sitrus Berry|[eat]
|-heal|p2b: Altaria|35/100|[from] item: Sitrus Berry
|move|p2b: Altaria|Tailwind|p2b: Altaria
|-sidestart|p2: airslashesfolante|move: Tailwind
|
|upkeep
|turn|6
|
|t:|1786070477
|move|p1b: Dragonite|Extreme Speed|p2b: Altaria
|-damage|p2b: Altaria|5/100
|move|p2b: Altaria|Acrobatics|p1b: Dragonite
|-damage|p1b: Dragonite|6/100
|move|p1a: Heliolisk|Thunderbolt|p2b: Altaria
|-damage|p2b: Altaria|0 fnt
|faint|p2b: Altaria
|-damage|p1a: Heliolisk|48/100|[from] item: Life Orb
|
|win|GustaEiras
|c|☆GustaEiras|ggs
