|j|☆tessa scarlet
|j|☆Actoradoboy fan
|html|tessa scarletActoradoboy fan    
|uhtml|bestof|Game 3 of a best-of-3
|t:|1757171471
|gametype|doubles
|player|p1|tessa scarlet|170|1562
|player|p2|Actoradoboy fan|wattson|1476
|gen|9
|tier|[Gen 9] VGC 2025 Reg H (Bo3)
|rated|
|rule|Species Clause: Limit one of each Pokémon
|rule|Item Clause: Limit 1 of each item
|clearpoke
|poke|p1|Gholdengo, L50|
|poke|p1|Annihilape, L50, M|
|poke|p1|Volcarona, L50, F|
|poke|p1|Dragonite, L50, M|
|poke|p1|Ninetales-Alola, L50, M|
|poke|p1|Ursaluna-Bloodmoon, L50, M|
|poke|p2|Ursaluna, L50, M|
|poke|p2|Gholdengo, L50|
|poke|p2|Porygon2, L50|
|poke|p2|Amoonguss, L50, M|
|poke|p2|Incineroar, L50, M|
|poke|p2|Hydreigon, L50, M|
|teampreview|4
|showteam|p1|Gholdengo||LifeOrb|GoodasGold|NastyPlot,MakeItRain,ShadowBall,Protect||||||50|,,,,,Water]Annihilape||LumBerry|Defiant|DrainPunch,RageFist,BulkUp,Protect|||M|||50|,,,,,Fire]Volcarona||SitrusBerry|FlameBody|StruggleBug,Overheat,RagePowder,Tailwind|||F|||50|,,,,,Steel]Dragonite||LoadedDice|Multiscale|ScaleShot,Haze,Tailwind,Protect|||M|||50|,,,,,Steel]Ninetales-Alola||FocusSash|SnowWarning|Blizzard,IcyWind,IcicleSpear,AuroraVeil|||M|||50|,,,,,Ghost]Ursaluna-Bloodmoon||AssaultVest|MindsEye|BloodMoon,HyperVoice,EarthPower,VacuumWave|||M|||50|,,,,,Water
|showteam|p2|Ursaluna||FlameOrb|Guts|Facade,Earthquake,HeadlongRush,Protect|||M|||50|,,,,,Ghost]Gholdengo||MetalCoat|GoodasGold|MakeItRain,ShadowBall,NastyPlot,Protect||||||50|,,,,,Water]Porygon2||Eviolite|Download|TeraBlast,IceBeam,TrickRoom,Recover||||||50|,,,,,Fighting]Amoonguss||CovertCloak|Regenerator|Spore,RagePowder,PollenPuff,Protect|||M|||50|,,,,,Psychic]Incineroar||SitrusBerry|Intimidate|FakeOut,FlareBlitz,KnockOff,PartingShot|||M|||50|,,,,,Grass]Hydreigon||SafetyGoggles|Levitate|DracoMeteor,Snarl,Tailwind,Protect|||M|||50|,,,,,Ghost
|inactive|Battle timer is ON: inactive players will automatically lose when time's up. (requested by Actoradoboy fan)
|
|t:|1757171487
|teamsize|p1|4
|teamsize|p2|4
|start
|switch|p1a: Ninetales|Ninetales-Alola, L50, M|100/100
|switch|p1b: Annihilape|Annihilape, L50, M, shiny|100/100
|switch|p2a: Porygon2|Porygon2, L50, shiny|100/100
|switch|p2b: Amoonguss|Amoonguss, L50, M, shiny|100/100
|-weather|Snowscape|[from] ability: Snow Warning|[of] p1a: Ninetales
|-ability|p2a: Porygon2|Download|boost
|-boost|p2a: Porygon2|atk|1
|turn|1
|
|t:|1757171500
|move|p1a: Ninetales|Aurora Veil|p1a: Ninetales
|-sidestart|p1: tessa scarlet|move: Aurora Veil
|move|p1b: Annihilape|Bulk Up|p1b: Annihilape
|-boost|p1b: Annihilape|atk|1
|-boost|p1b: Annihilape|def|1
|move|p2b: Amoonguss|Spore|p1b: Annihilape
|-status|p1b: Annihilape|slp|[from] move: Spore
|-enditem|p1b: Annihilape|Lum Berry|[eat]
|-curestatus|p1b: Annihilape|slp|[msg]
|move|p2a: Porygon2|Trick Room|p2a: Porygon2
|-fieldstart|move: Trick Room|[of] p2a: Porygon2
|
|-weather|Snowscape|[upkeep]
|upkeep
|turn|2
|
|t:|1757171521
|switch|p2a: Ursaluna|Ursaluna, L50, M, shiny|100/100
|move|p2b: Amoonguss|Spore|p1b: Annihilape
|-status|p1b: Annihilape|slp|[from] move: Spore
|cant|p1b: Annihilape|slp
|move|p1a: Ninetales|Blizzard|p2a: Ursaluna|[spread] p2a,p2b
|-supereffective|p2a: Ursaluna
|-supereffective|p2b: Amoonguss
|-damage|p2a: Ursaluna|30/100
|-damage|p2b: Amoonguss|51/100
|
|-weather|Snowscape|[upkeep]
|-status|p2a: Ursaluna|brn|[from] item: Flame Orb
|upkeep
|turn|3
|l|☆Actoradoboy fan
|inactive|Actoradoboy fan disconnected and has a minute to reconnect!
|player|p2|
|j|☆Actoradoboy fan
|inactive|Actoradoboy fan reconnected and has 45 seconds left.
|player|p2|Actoradoboy fan|wattson|
|inactive|tessa scarlet has 30 seconds left.
|
|t:|1757171548
|switch|p1a: Gholdengo|Gholdengo, L50|100/100
|move|p2b: Amoonguss|Spore|p1a: Gholdengo
|-immune|p1a: Gholdengo|[from] ability: Good as Gold
|move|p2a: Ursaluna|Headlong Rush|p1b: Annihilape
|-damage|p1b: Annihilape|51/100 slp
|-unboost|p2a: Ursaluna|def|1
|-unboost|p2a: Ursaluna|spd|1
|cant|p1b: Annihilape|slp
|
|-weather|Snowscape|[upkeep]
|-damage|p2a: Ursaluna|24/100 brn|[from] brn
|upkeep
|turn|4
|
|t:|1757171568
|-terastallize|p1a: Gholdengo|Water
|-curestatus|p1b: Annihilape|slp|[msg]
|move|p1b: Annihilape|Protect|p1b: Annihilape
|-singleturn|p1b: Annihilape|Protect
|move|p2b: Amoonguss|Pollen Puff|p1b: Annihilape
|-activate|p1b: Annihilape|move: Protect
|move|p2a: Ursaluna|Headlong Rush|p1b: Annihilape
|-activate|p1b: Annihilape|move: Protect
|move|p1a: Gholdengo|Make It Rain|p2a: Ursaluna|[spread] p2a,p2b
|-crit|p2b: Amoonguss
|-damage|p2a: Ursaluna|0 fnt
|-damage|p2b: Amoonguss|0 fnt
|-unboost|p1a: Gholdengo|spa|1
|faint|p2a: Ursaluna
|faint|p2b: Amoonguss
|-damage|p1a: Gholdengo|91/100|[from] item: Life Orb
|
|-weather|Snowscape|[upkeep]
|upkeep
|
|t:|1757171571
|switch|p2b: Gholdengo|Gholdengo, L50, shiny|100/100
|switch|p2a: Porygon2|Porygon2, L50, shiny|100/100
|-ability|p2a: Porygon2|Download|boost
|-boost|p2a: Porygon2|spa|1
|turn|5
|
|t:|1757171595
|move|p2a: Porygon2|Ice Beam|p1b: Annihilape
|-crit|p1b: Annihilape
|-damage|p1b: Annihilape|0 fnt
|faint|p1b: Annihilape
|move|p2b: Gholdengo|Shadow Ball|p1a: Gholdengo
|-damage|p1a: Gholdengo|57/100
|move|p1a: Gholdengo|Nasty Plot|p1a: Gholdengo
|-boost|p1a: Gholdengo|spa|2
|
|-weather|none
|-sideend|p1: tessa scarlet|move: Aurora Veil
|-fieldend|move: Trick Room
|upkeep
|inactive|tessa scarlet has 30 seconds left.
|
|t:|1757171622
|switch|p1b: Ursaluna|Ursaluna-Bloodmoon, L50, M|100/100
|turn|6
|
|t:|1757171632
|-terastallize|p2b: Gholdengo|Water
|move|p1a: Gholdengo|Make It Rain|p2a: Porygon2|[spread] p2a,p2b
|-resisted|p2b: Gholdengo
|-damage|p2a: Porygon2|51/100
|-damage|p2b: Gholdengo|55/100
|-unboost|p1a: Gholdengo|spa|1
|-damage|p1a: Gholdengo|47/100|[from] item: Life Orb
|move|p2b: Gholdengo|Shadow Ball|p1a: Gholdengo
|-damage|p1a: Gholdengo|0 fnt
|faint|p1a: Gholdengo
|move|p1b: Ursaluna|Blood Moon|p2a: Porygon2
|-damage|p2a: Porygon2|7/100
|move|p2a: Porygon2|Ice Beam|p1b: Ursaluna
|-supereffective|p1b: Ursaluna
|-damage|p1b: Ursaluna|33/100
|
|upkeep
|
|t:|1757171635
|switch|p1a: Ninetales|Ninetales-Alola, L50, M|100/100
|-weather|Snowscape|[from] ability: Snow Warning|[of] p1a: Ninetales
|turn|7
|inactive|tessa scarlet has 30 seconds left.
|
|t:|1757171663
|move|p1a: Ninetales|Aurora Veil|p1a: Ninetales
|-sidestart|p1: tessa scarlet|move: Aurora Veil
|move|p2b: Gholdengo|Make It Rain|p1b: Ursaluna|[spread] p1a,p1b
|-supereffective|p1a: Ninetales
|-enditem|p1a: Ninetales|Focus Sash
|-damage|p1a: Ninetales|1/100
|-damage|p1b: Ursaluna|0 fnt
|-unboost|p2b: Gholdengo|spa|1
|faint|p1b: Ursaluna
|move|p2a: Porygon2|Recover|p2a: Porygon2
|-heal|p2a: Porygon2|57/100
|
|-weather|Snowscape|[upkeep]
|upkeep
|turn|8
|
|t:|1757171673
|move|p1a: Ninetales|Blizzard|p2a: Porygon2|[spread] p2a,p2b
|-resisted|p2b: Gholdengo
|-damage|p2a: Porygon2|36/100
|-damage|p2b: Gholdengo|40/100
|-status|p2a: Porygon2|frz
|move|p2b: Gholdengo|Make It Rain|p1a: Ninetales
|-supereffective|p1a: Ninetales
|-damage|p1a: Ninetales|0 fnt
|-unboost|p2b: Gholdengo|spa|1
|faint|p1a: Ninetales
|
|win|Actoradoboy fan
|raw|tessa scarlet's rating: 1562 → 1537(-25 for losing)
|raw|Actoradoboy fan's rating: 1476 → 1501(+25 for winning)
