|j|☆ChocoHammy
|j|☆InfiniKnight
|html|ChocoHammyInfiniKnight    
|uhtml|bestof|Game 2 of a best-of-3
|t:|1784233834
|gametype|doubles
|player|p1|ChocoHammy|101|
|player|p2|InfiniKnight|gambler|
|gen|9
|tier|[Gen 9 Champions] VGC 2026 Reg M-B (Bo3)
|rule|Species Clause: Limit one of each Pokémon
|rule|Item Clause: Limit 1 of each item
|clearpoke
|poke|p1|Aurorus, L50, M|
|poke|p1|Ceruledge, L50, M|
|poke|p1|Clefable, L50, F|
|poke|p1|Tauros-Paldea-Blaze, L50, M|
|poke|p1|Garchomp, L50, M|
|poke|p1|Golurk, L50|
|poke|p2|Staraptor, L50, F, shiny|
|poke|p2|Kommo-o, L50, M, shiny|
|poke|p2|Oranguru, L50, F, shiny|
|poke|p2|Floette-Eternal, L50, F|
|poke|p2|Garganacl, L50, M, shiny|
|poke|p2|Annihilape, L50, F, shiny|
|teampreview|4
|showteam|p1|Aurorus||ChopleBerry|SnowWarning|Blizzard,AncientPower,EarthPower,Protect|Modest||M|||50|]Ceruledge||ColburBerry|FlashFire|BitterBlade,ShadowSneak,BulkUp,Protect|Adamant||M|||50|]Clefable||Clefablite|Unaware|Moonblast,Encore,FollowMe,Protect|Bold||F|||50|]Tauros-Paldea-Blaze||FocusSash|Intimidate|CloseCombat,FlareBlitz,WillOWisp,Protect|Adamant||M|||50|]Garchomp||ChoiceScarf|RoughSkin|Earthquake,DragonClaw,RockSlide,StompingTantrum|Jolly||M|||50|]Golurk||Golurkite|IronFist|HeadlongRush,Poltergeist,IcePunch,Protect|Adamant|||||50|
|showteam|p2|Staraptor||ChoiceScarf|Intimidate|Tailwind,DualWingbeat,FinalGambit,Uturn|Jolly||F|||50|]Kommo-o||DragonFang|Soundproof|AuraSphere,ClangingScales,ClangorousSoul,Protect|Bold||M|||50|]Oranguru||MentalHerb|InnerFocus|Instruct,Psychic,TrickRoom,Protect|Sassy||F|||50|]Floette-Eternal||Floettite|FlowerVeil|Protect,DazzlingGleam,Moonblast,LightofRuin|Timid||F|||50|]Garganacl||Leftovers|PurifyingSalt|SaltCure,Recover,Protect,HeavySlam|Impish||M|||50|]Annihilape||SitrusBerry|Defiant|RageFist,Protect,DrainPunch,BulkUp|Adamant||F|||50|
|j| budster16
|
|t:|1784233927
|teamsize|p1|4
|teamsize|p2|4
|start
|switch|p1a: Aurorus|Aurorus, L50, M|100/100
|switch|p1b: Clefable|Clefable, L50, F|100/100
|switch|p2a: Garganacl|Garganacl, L50, M, shiny|100/100
|switch|p2b: Oranguru u glad?|Oranguru, L50, F, shiny|100/100
|-weather|Snowscape|[from] ability: Snow Warning|[of] p1a: Aurorus
|turn|1
|
|t:|1784233954
|move|p1b: Clefable|Follow Me|p1b: Clefable
|-singleturn|p1b: Clefable|move: Follow Me
|move|p1a: Aurorus|Blizzard|p2a: Garganacl|[spread] p2a,p2b
|-damage|p2a: Garganacl|68/100
|-damage|p2b: Oranguru u glad?|79/100
|-status|p2b: Oranguru u glad?|frz
|move|p2a: Garganacl|Heavy Slam|p1b: Clefable
|-supereffective|p1b: Clefable|1
|-damage|p1b: Clefable|52/100
|cant|p2b: Oranguru u glad?|frz
|
|-weather|Snowscape|[upkeep]
|-heal|p2a: Garganacl|73/100|[from] item: Leftovers
|upkeep
|turn|2
|
|t:|1784233982
|move|p1b: Clefable|Protect|p1b: Clefable
|-singleturn|p1b: Clefable|Protect
|move|p1a: Aurorus|Earth Power|p2a: Garganacl
|-supereffective|p2a: Garganacl|1
|-damage|p2a: Garganacl|24/100
|move|p2a: Garganacl|Heavy Slam|p1a: Aurorus
|-supereffective|p1a: Aurorus|2
|-damage|p1a: Aurorus|75/100
|cant|p2b: Oranguru u glad?|frz
|
|-weather|Snowscape|[upkeep]
|-heal|p2a: Garganacl|30/100|[from] item: Leftovers
|upkeep
|turn|3
|c|☆InfiniKnight|the freezw!!!
|c| budster16|the freeze went hard ;(
|c| budster16|Devon got Devon'd
|
|t:|1784234015
|detailschange|p1b: Clefable|Clefable-Mega, L50, F
|-mega|p1b: Clefable|Clefable|Clefablite
|move|p1b: Clefable|Follow Me|p1b: Clefable
|-singleturn|p1b: Clefable|move: Follow Me
|move|p1a: Aurorus|Blizzard|p2a: Garganacl|[spread] p2a,p2b
|-damage|p2a: Garganacl|0 fnt
|-damage|p2b: Oranguru u glad?|57/100 frz
|faint|p2a: Garganacl
|-curestatus|p2b: Oranguru u glad?|frz|[msg]
|move|p2b: Oranguru u glad?|Trick Room|p2b: Oranguru u glad?
|-fieldstart|move: Trick Room|[of] p2b: Oranguru u glad?
|
|-weather|Snowscape|[upkeep]
|upkeep
|c|☆InfiniKnight|bound to happen eventually
|
|t:|1784234034
|switch|p2a: Annihilape|Annihilape, L50, F, shiny|100/100
|turn|4
|
|t:|1784234061
|move|p2b: Oranguru u glad?|Psychic|p1b: Clefable
|-crit|p1b: Clefable
|-damage|p1b: Clefable|16/100
|move|p1a: Aurorus|Blizzard|p2a: Annihilape|[spread] p2a,p2b
|-damage|p2a: Annihilape|67/100
|-damage|p2b: Oranguru u glad?|38/100
|move|p1b: Clefable|Moonblast|p2a: Annihilape
|-supereffective|p2a: Annihilape|1
|-damage|p2a: Annihilape|0 fnt
|faint|p2a: Annihilape
|
|-weather|Snowscape|[upkeep]
|upkeep
|c| budster16|Monkey in the room! Monkey in the room!
|
|t:|1784234076
|switch|p2a: Floette|Floette-Eternal, L50, F|100/100
|turn|5
|c| budster16|The monkey is dead
|
|t:|1784234098
|move|p2b: Oranguru u glad?|Psychic|p1b: Clefable
|-damage|p1b: Clefable|0 fnt
|faint|p1b: Clefable
|move|p1a: Aurorus|Blizzard|p2a: Floette|[spread] p2a,p2b
|-damage|p2a: Floette|67/100
|-damage|p2b: Oranguru u glad?|16/100
|move|p2a: Floette|Moonblast|p1a: Aurorus
|-damage|p1a: Aurorus|37/100
|
|-weather|none
|upkeep
|
|t:|1784234111
|switch|p1b: Ceruledge|Ceruledge, L50, M|100/100
|turn|6
|
|t:|1784234129
|detailschange|p2a: Floette|Floette-Mega, L50, F
|-mega|p2a: Floette|Floette|Floettite
|-ability|p2a: Floette|Fairy Aura
|move|p2a: Floette|Protect|p2a: Floette
|-singleturn|p2a: Floette|Protect
|move|p2b: Oranguru u glad?|Psychic|p1b: Ceruledge
|-damage|p1b: Ceruledge|70/100
|move|p1a: Aurorus|Blizzard|p2b: Oranguru u glad?|[spread] p2b
|-activate|p2a: Floette|move: Protect
|-damage|p2b: Oranguru u glad?|0 fnt
|faint|p2b: Oranguru u glad?
|move|p1b: Ceruledge|Bitter Blade|p2a: Floette
|-activate|p2a: Floette|move: Protect
|
|upkeep
|turn|7
|
|t:|1784234151
|move|p1a: Aurorus|Ancient Power|p2a: Floette
|-damage|p2a: Floette|45/100
|move|p1b: Ceruledge|Bitter Blade|p2a: Floette
|-damage|p2a: Floette|0 fnt
|-heal|p1b: Ceruledge|89/100|[from] drain|[of] p2a: Floette
|faint|p2a: Floette
|
|win|ChocoHammy
|c| budster16|GGs
