|j|☆nikolasnaiz
|j|☆sbhaga34
|html|nikolasnaizsbhaga34    
|uhtml|bestof|Game 2 of a best-of-3
|t:|1756744590
|gametype|doubles
|player|p1|nikolasnaiz|larry|1222
|player|p2|sbhaga34|hugh|1261
|gen|9
|tier|[Gen 9] VGC 2025 Reg H (Bo3)
|rated|
|rule|Species Clause: Limit one of each Pokémon
|rule|Item Clause: Limit 1 of each item
|clearpoke
|poke|p1|Dragonite, L50, M|
|poke|p1|Ursaluna-Bloodmoon, L50, M|
|poke|p1|Annihilape, L50, M|
|poke|p1|Volcarona, L50, M|
|poke|p1|Rillaboom, L50, M|
|poke|p1|Incineroar, L50, M|
|poke|p2|Indeedee-F, L50, F|
|poke|p2|Murkrow, L50, F|
|poke|p2|Tyranitar, L50, M|
|poke|p2|Excadrill, L50, M|
|poke|p2|Gardevoir, L50, M|
|poke|p2|Typhlosion-Hisui, L50, M|
|teampreview|4
|showteam|p1|Dragonite||LoadedDice|Multiscale|Protect,ScaleShot,Tailwind,Haze|||M|||50|,,,,,Steel]Ursaluna-Bloodmoon||FocusSash|MindsEye|Protect,BloodMoon,EarthPower,HyperVoice|||M|||50|,,,,,Normal]Annihilape||LumBerry|Defiant|Protect,RageFist,CloseCombat,Taunt|||M|||50|,,,,,Fire]Volcarona||CovertCloak|FlameBody|Protect,QuiverDance,HeatWave,TeraBlast|||M|||50|,,,,,Fairy]Rillaboom||AssaultVest|GrassySurge|FakeOut,WoodHammer,GrassyGlide,HighHorsepower|||M|||50|,,,,,Fire]Incineroar||SafetyGoggles|Intimidate|FakeOut,PartingShot,FlareBlitz,KnockOff|||M|||50|,,,,,Ghost
|showteam|p2|Indeedee-F||SafetyGoggles|PsychicSurge|FollowMe,TrickRoom,Imprison,Psychic|||F|||50|,,,,,Fairy]Murkrow||Eviolite|Prankster|Tailwind,Haze,SunnyDay,FoulPlay|||F|||50|,,,,,Ghost]Tyranitar||WeaknessPolicy|SandStream|RockSlide,KnockOff,LowKick,Protect|||M|||50|,,,,,Flying]Excadrill||FocusSash|SandRush|Earthquake,IronHead,SwordsDance,Protect|||M|||50|,,,,,Ground]Gardevoir||ChoiceScarf|Telepathy|ExpandingForce,DazzlingGleam,Moonblast,IcyWind|||M|||50|,,,,,Psychic]Typhlosion-Hisui||Charcoal|Blaze|Eruption,HeatWave,Overheat,Protect|||M|||50|,,,,,Fire
|inactive|Battle timer is ON: inactive players will automatically lose when time's up. (requested by nikolasnaiz)
|inactive|sbhaga34 has 60 seconds left.
|
|t:|1756744645
|teamsize|p1|4
|teamsize|p2|4
|start
|switch|p1a: Dragonite|Dragonite, L50, M, shiny|100/100
|switch|p1b: Incineroar|Incineroar, L50, M, shiny|100/100
|switch|p2a: Murkrow|Murkrow, L50, F|100/100
|switch|p2b: Tyranitar|Tyranitar, L50, M|100/100
|-ability|p1b: Incineroar|Intimidate|boost
|-unboost|p2a: Murkrow|atk|1
|-unboost|p2b: Tyranitar|atk|1
|-weather|Sandstorm|[from] ability: Sand Stream|[of] p2b: Tyranitar
|turn|1
|inactive|nikolasnaiz has 30 seconds left.
|
|t:|1756744677
|move|p1b: Incineroar|Fake Out|p2b: Tyranitar
|-resisted|p2b: Tyranitar
|-damage|p2b: Tyranitar|96/100
|move|p2a: Murkrow|Tailwind|p2a: Murkrow
|-sidestart|p2: sbhaga34|move: Tailwind
|cant|p2b: Tyranitar|flinch
|move|p1a: Dragonite|Scale Shot|p2b: Tyranitar
|-damage|p2b: Tyranitar|83/100
|-crit|p2b: Tyranitar
|-damage|p2b: Tyranitar|62/100
|-damage|p2b: Tyranitar|50/100
|-damage|p2b: Tyranitar|38/100
|-damage|p2b: Tyranitar|27/100
|-hitcount|p2b: Tyranitar|5
|-unboost|p1a: Dragonite|def|1
|-boost|p1a: Dragonite|spe|1
|
|-weather|Sandstorm|[upkeep]
|-damage|p2a: Murkrow|95/100|[from] Sandstorm
|-damage|p1a: Dragonite|95/100|[from] Sandstorm
|upkeep
|turn|2
|
|t:|1756744697
|move|p2a: Murkrow|Foul Play|p1a: Dragonite
|-damage|p1a: Dragonite|11/100
|move|p1a: Dragonite|Scale Shot|p2b: Tyranitar
|-damage|p2b: Tyranitar|14/100
|-damage|p2b: Tyranitar|0 fnt
|faint|p2b: Tyranitar
|-hitcount|p2: Tyranitar|2
|-unboost|p1a: Dragonite|def|1
|-boost|p1a: Dragonite|spe|1
|move|p1b: Incineroar|Knock Off|p2a: Murkrow
|-resisted|p2a: Murkrow
|-damage|p2a: Murkrow|72/100
|-enditem|p2a: Murkrow|Eviolite|[from] move: Knock Off|[of] p1b: Incineroar
|
|-weather|Sandstorm|[upkeep]
|-damage|p1a: Dragonite|5/100|[from] Sandstorm
|-damage|p2a: Murkrow|66/100|[from] Sandstorm
|upkeep
|
|t:|1756744713
|switch|p2b: Gardevoir|Gardevoir, L50, M, shiny|100/100
|turn|3
|
|t:|1756744731
|move|p2b: Gardevoir|Dazzling Gleam|p1a: Dragonite|[spread] p1a,p1b
|-supereffective|p1a: Dragonite
|-damage|p1a: Dragonite|0 fnt
|-damage|p1b: Incineroar|73/100
|faint|p1a: Dragonite
|move|p2a: Murkrow|Foul Play|p1b: Incineroar
|-resisted|p1b: Incineroar
|-damage|p1b: Incineroar|57/100
|move|p1b: Incineroar|Flare Blitz|p2b: Gardevoir
|-damage|p2b: Gardevoir|29/100
|-damage|p1b: Incineroar|38/100|[from] Recoil
|
|-weather|Sandstorm|[upkeep]
|-damage|p2b: Gardevoir|24/100|[from] Sandstorm
|-damage|p2a: Murkrow|60/100|[from] Sandstorm
|upkeep
|
|t:|1756744736
|switch|p1a: Rillaboom|Rillaboom, L50, M|100/100
|-fieldstart|move: Grassy Terrain|[from] ability: Grassy Surge|[of] p1a: Rillaboom
|turn|4
|
|t:|1756744751
|switch|p2b: Indeedee|Indeedee-F, L50, F|100/100
|-fieldstart|move: Psychic Terrain|[from] ability: Psychic Surge|[of] p2b: Indeedee
|move|p2a: Murkrow|Foul Play|p1a: Rillaboom
|-damage|p1a: Rillaboom|53/100
|move|p1a: Rillaboom|Grassy Glide|p2b: Indeedee
|-damage|p2b: Indeedee|70/100
|move|p1b: Incineroar|Flare Blitz|p2a: Murkrow
|-damage|p2a: Murkrow|0 fnt
|faint|p2a: Murkrow
|-damage|p1b: Incineroar|22/100|[from] Recoil
|
|-weather|Sandstorm|[upkeep]
|-damage|p1a: Rillaboom|47/100|[from] Sandstorm
|-sideend|p2: sbhaga34|move: Tailwind
|upkeep
|
|t:|1756744767
|switch|p2a: Gardevoir|Gardevoir, L50, M, shiny|24/100
|turn|5
|
|t:|1756744774
|switch|p1a: Ursaluna|Ursaluna-Bloodmoon, L50, M|100/100
|move|p2a: Gardevoir|Dazzling Gleam|p1b: Incineroar|[spread] p1a,p1b
|-damage|p1a: Ursaluna|60/100
|-damage|p1b: Incineroar|0 fnt
|faint|p1b: Incineroar
|move|p2b: Indeedee|Psychic|p1a: Ursaluna
|-damage|p1a: Ursaluna|3/100
|
|-weather|none
|upkeep
|
|t:|1756744777
|switch|p1b: Rillaboom|Rillaboom, L50, M|47/100
|-fieldstart|move: Grassy Terrain|[from] ability: Grassy Surge|[of] p1b: Rillaboom
|turn|6
|
|t:|1756744801
|move|p1b: Rillaboom|Fake Out|p2a: Gardevoir
|-damage|p2a: Gardevoir|3/100
|move|p2b: Indeedee|Follow Me|p2b: Indeedee
|-singleturn|p2b: Indeedee|move: Follow Me
|cant|p2a: Gardevoir|flinch
|move|p1a: Ursaluna|Hyper Voice|p2b: Indeedee|[spread] p2a,p2b
|-damage|p2a: Gardevoir|0 fnt
|-damage|p2b: Indeedee|36/100
|faint|p2a: Gardevoir
|
|-heal|p2b: Indeedee|42/100|[from] Grassy Terrain
|-heal|p1b: Rillaboom|53/100|[from] Grassy Terrain
|-heal|p1a: Ursaluna|9/100|[from] Grassy Terrain
|upkeep
|turn|7
|-message|sbhaga34 forfeited.
|
|win|nikolasnaiz
|raw|nikolasnaiz's rating: 1222 → 1250(+28 for winning)
|raw|sbhaga34's rating: 1261 → 1233(-28 for losing)
|l|☆sbhaga34
|player|p2|
