|j|☆IronStandsEternal
|j|☆BenjiRNG
|html|IronStandsEternalBenjiRNG    
|uhtml|bestof|Game 1 of a best-of-3
|t:|1757111362
|gametype|doubles
|player|p1|IronStandsEternal|flint|1248
|player|p2|BenjiRNG|clown|1339
|gen|9
|tier|[Gen 9] VGC 2025 Reg H (Bo3)
|rated|
|rule|Species Clause: Limit one of each Pokémon
|rule|Item Clause: Limit 1 of each item
|clearpoke
|poke|p1|Rillaboom, L50, M|
|poke|p1|Dragonite, L50, M|
|poke|p1|Sneasler, L50, M|
|poke|p1|Ninetales-Alola, L50, F|
|poke|p1|Kingambit, L50, M|
|poke|p1|Volcarona, L50, M|
|poke|p2|Gholdengo, L50|
|poke|p2|Murkrow, L50, M|
|poke|p2|Archaludon, L50, F|
|poke|p2|Pelipper, L50, F|
|poke|p2|Sneasler, L50, F|
|poke|p2|Amoonguss, L50, M|
|teampreview|4
|showteam|p1|Rillaboom||AssaultVest|GrassySurge|WoodHammer,GrassyGlide,HighHorsepower,FakeOut|||M|||50|,,,,,Fire]Dragonite||LoadedDice|Multiscale|Protect,ScaleShot,LowKick,Haze|||M|||50|,,,,,Fairy]Sneasler||WhiteHerb|Unburden|Protect,DireClaw,CloseCombat,Coaching|||M|||50|,,,,,Ghost]Ninetales-Alola||ChoiceSpecs|SnowWarning|Blizzard,IcyWind,Moonblast,FreezeDry|||F|||50|,,,,,Ghost]Kingambit||SafetyGoggles|Defiant|Protect,KowtowCleave,SuckerPunch,SwordsDance|||M|||50|,,,,,Dark]Volcarona||CovertCloak|FlameBody|StruggleBug,RagePowder,Overheat,WillOWisp|||M|||50|,,,,,Fairy
|showteam|p2|Gholdengo||ChoiceSpecs|GoodasGold|MakeItRain,ShadowBall,Thunderbolt,Trick||||||50|,,,,,Steel]Murkrow||Eviolite|Prankster|FoulPlay,Tailwind,Haze,RainDance|||M|||50|,,,,,Ghost]Archaludon||AssaultVest|Stamina|ElectroShot,DracoMeteor,BodyPress,FlashCannon|||F|||50|,,,,,Fairy]Pelipper||FocusSash|Drizzle|Hurricane,WeatherBall,WideGuard,Protect|||F|||50|,,,,,Grass]Sneasler||WhiteHerb|Unburden|FakeOut,CloseCombat,DireClaw,Protect|||F|||50|,,,,,Flying]Amoonguss||SitrusBerry|Regenerator|RagePowder,Spore,PollenPuff,Protect|||M|||50|,,,,,Water
|inactive|Battle timer is ON: inactive players will automatically lose when time's up. (requested by IronStandsEternal)
|
|t:|1757111417
|teamsize|p1|4
|teamsize|p2|4
|start
|switch|p1a: Dragonite|Dragonite, L50, M|100/100
|switch|p1b: Sneasler|Sneasler, L50, M|100/100
|switch|p2a: Gholdengo|Gholdengo, L50|100/100
|switch|p2b: Pelipper|Pelipper, L50, F|100/100
|-weather|RainDance|[from] ability: Drizzle|[of] p2b: Pelipper
|turn|1
|inactive|IronStandsEternal has 30 seconds left.
|inactive|BenjiRNG has 30 seconds left.
|inactive|IronStandsEternal has 20 seconds left.
|
|t:|1757111459
|-terastallize|p2a: Gholdengo|Steel
|move|p1b: Sneasler|Coaching|p1a: Dragonite
|-boost|p1a: Dragonite|atk|1
|-boost|p1a: Dragonite|def|1
|move|p2a: Gholdengo|Make It Rain|p1a: Dragonite|[spread] p1a,p1b
|-damage|p1a: Dragonite|47/100
|-damage|p1b: Sneasler|0 fnt
|-unboost|p2a: Gholdengo|spa|1
|faint|p1b: Sneasler
|move|p1a: Dragonite|Scale Shot|p2a: Gholdengo
|-resisted|p2a: Gholdengo
|-damage|p2a: Gholdengo|88/100
|-resisted|p2a: Gholdengo
|-damage|p2a: Gholdengo|74/100
|-resisted|p2a: Gholdengo
|-damage|p2a: Gholdengo|61/100
|-resisted|p2a: Gholdengo
|-damage|p2a: Gholdengo|48/100
|-resisted|p2a: Gholdengo
|-damage|p2a: Gholdengo|34/100
|-hitcount|p2a: Gholdengo|5
|-unboost|p1a: Dragonite|def|1
|-boost|p1a: Dragonite|spe|1
|move|p2b: Pelipper|Hurricane|p1a: Dragonite
|-damage|p1a: Dragonite|0 fnt
|faint|p1a: Dragonite
|
|-weather|RainDance|[upkeep]
|upkeep
|
|t:|1757111465
|switch|p1b: Kingambit|Kingambit, L50, M|100/100
|switch|p1a: Ninetales|Ninetales-Alola, L50, F|100/100
|-weather|Snowscape|[from] ability: Snow Warning|[of] p1a: Ninetales
|turn|2
|inactive|IronStandsEternal has 30 seconds left.
|inactive|BenjiRNG has 30 seconds left.
|inactive|IronStandsEternal has 20 seconds left.
|inactive|IronStandsEternal has 15 seconds left.
|inactive|IronStandsEternal has 10 seconds left.
|
|t:|1757111512
|switch|p2a: Archaludon|Archaludon, L50, F|100/100
|switch|p2b: Sneasler|Sneasler, L50, F|100/100
|move|p1b: Kingambit|Sucker Punch||[still]
|-fail|p1b: Kingambit
|move|p1a: Ninetales|Freeze-Dry|p2b: Sneasler
|-damage|p2b: Sneasler|46/100
|
|-weather|Snowscape|[upkeep]
|upkeep
|turn|3
|inactive|IronStandsEternal has 30 seconds left.
|inactive|BenjiRNG has 30 seconds left.
|
|t:|1757111546
|-terastallize|p1a: Ninetales|Ghost
|move|p1b: Kingambit|Protect|p1b: Kingambit
|-singleturn|p1b: Kingambit|Protect
|move|p2b: Sneasler|Close Combat|p1b: Kingambit
|-activate|p1b: Kingambit|move: Protect
|move|p1a: Ninetales|Freeze-Dry|p2b: Sneasler
|-damage|p2b: Sneasler|0 fnt
|faint|p2b: Sneasler
|move|p2a: Archaludon|Flash Cannon|p1a: Ninetales
|-damage|p1a: Ninetales|51/100
|
|-weather|Snowscape|[upkeep]
|upkeep
|
|t:|1757111561
|switch|p2b: Pelipper|Pelipper, L50, F|100/100
|-weather|RainDance|[from] ability: Drizzle|[of] p2b: Pelipper
|turn|4
|inactive|IronStandsEternal has 30 seconds left.
|inactive|IronStandsEternal has 20 seconds left.
|inactive|IronStandsEternal has 15 seconds left.
|inactive|IronStandsEternal has 10 seconds left.
|inactive|IronStandsEternal has 5 seconds left.
|
|t:|1757111611
|move|p2b: Pelipper|Protect|p2b: Pelipper
|-singleturn|p2b: Pelipper|Protect
|move|p1b: Kingambit|Sucker Punch|p2a: Archaludon
|-damage|p2a: Archaludon|74/100
|-ability|p2a: Archaludon|Stamina|boost
|-boost|p2a: Archaludon|def|1
|move|p1a: Ninetales|Freeze-Dry|p2a: Archaludon
|-damage|p2a: Archaludon|41/100
|-ability|p2a: Archaludon|Stamina|boost
|-boost|p2a: Archaludon|def|1
|move|p2a: Archaludon|Electro Shot||[still]
|-prepare|p2a: Archaludon|Electro Shot
|-boost|p2a: Archaludon|spa|1
|-anim|p2a: Archaludon|Electro Shot|p1a: Ninetales
|-damage|p1a: Ninetales|0 fnt
|faint|p1a: Ninetales
|
|-weather|RainDance|[upkeep]
|upkeep
|turn|5
|
|t:|1757111635
|move|p1b: Kingambit|Sucker Punch|p2a: Archaludon
|-damage|p2a: Archaludon|25/100
|-ability|p2a: Archaludon|Stamina|boost
|-boost|p2a: Archaludon|def|1
|move|p2b: Pelipper|Weather Ball|p1b: Kingambit
|-damage|p1b: Kingambit|38/100
|move|p2a: Archaludon|Body Press|p1b: Kingambit
|-supereffective|p1b: Kingambit
|-damage|p1b: Kingambit|0 fnt
|faint|p1b: Kingambit
|
|win|BenjiRNG
||BenjiRNG is ready for game 2.
|inactive|IronStandsEternal has 30 seconds to confirm battle start!
|inactive|IronStandsEternal has 20 seconds to confirm battle start!
||IronStandsEternal is ready for game 2.
|uhtml|next|Next: Game 2 of 3
