|j|☆Sacksys
|j|☆TehCruzeFan123
|html|SacksysTehCruzeFan123    
|uhtml|bestof|Game 2 of a best-of-3
|t:|1784952754
|gametype|doubles
|player|p1|Sacksys|2|1097
|player|p2|TehCruzeFan123|guzma|1107
|gen|9
|tier|[Gen 9 Champions] VGC 2026 Reg M-B (Bo3)
|rated|
|rule|Species Clause: Limit one of each Pokémon
|rule|Item Clause: Limit 1 of each item
|clearpoke
|poke|p1|Garchomp, L50, M|
|poke|p1|Venusaur, L50, M|
|poke|p1|Talonflame, L50, M|
|poke|p1|Froslass, L50, F|
|poke|p1|Sylveon, L50, M|
|poke|p1|Basculegion, L50, M|
|poke|p2|Aerodactyl, L50, F|
|poke|p2|Hippowdon, L50, F|
|poke|p2|Gholdengo, L50|
|poke|p2|Sneasler, L50, F|
|poke|p2|Basculegion, L50, M|
|poke|p2|Floette-Eternal, L50, F|
|teampreview|4
|showteam|p1|Garchomp||HabanBerry|RoughSkin|Earthquake,DragonClaw,RockSlide,Protect|Jolly||M|||50|]Venusaur||Venusaurite|Chlorophyll|EarthPower,GigaDrain,SludgeBomb,Protect|Modest||M|||50|]Talonflame||FocusSash|GaleWings|AirSlash,HeatWave,Protect,Tailwind|Timid||M|||50|]Froslass||Froslassite|CursedBody|Blizzard,ShadowBall,WillOWisp,Protect|Modest||F|||50|]Sylveon||FairyFeather|Pixilate|HyperVoice,HyperBeam,Detect,CalmMind|Modest||M|||50|]Basculegion||LifeOrb|Adaptability|AquaJet,LastRespects,WaveCrash,Protect|Jolly||M|||50|
|showteam|p2|Aerodactyl||Aerodactylite|RockHead|DualWingbeat,RockSlide,IceFang,Tailwind|Jolly||F|||50|]Hippowdon||Leftovers|SandStream|Protect,Yawn,HighHorsepower,StoneEdge|Adamant||F|||50|]Gholdengo||FocusSash|GoodasGold|Protect,MakeItRain,ShadowBall,NastyPlot|Modest|||||50|]Sneasler||WhiteHerb|Unburden|Protect,FakeOut,CloseCombat,DireClaw|Jolly||F|||50|]Basculegion||KasibBerry|Adaptability|Protect,WaveCrash,LastRespects,AquaJet|Adamant||M|||50|]Floette-Eternal||Floettite|FlowerVeil|Protect,Moonblast,DazzlingGleam,LightofRuin|Timid||F|||50|
|inactive|Battle timer is ON: inactive players will automatically lose when time's up. (requested by TehCruzeFan123)
|inactive|Sacksys has 60 seconds left.
|inactive|Sacksys has 30 seconds left.
|
|t:|1784952824
|teamsize|p1|4
|teamsize|p2|4
|start
|switch|p1a: Basculegion|Basculegion, L50, M|100/100
|switch|p1b: Froslass|Froslass, L50, F|100/100
|switch|p2a: Sneasler|Sneasler, L50, F|100/100
|switch|p2b: Aerodactyl|Aerodactyl, L50, F|100/100
|turn|1
|inactive|Sacksys has 30 seconds left.
|
|t:|1784952850
|detailschange|p2b: Aerodactyl|Aerodactyl-Mega, L50, F
|-mega|p2b: Aerodactyl|Aerodactyl|Aerodactylite
|detailschange|p1b: Froslass|Froslass-Mega, L50, F
|-mega|p1b: Froslass|Froslass|Froslassite
|-weather|Snowscape|[from] ability: Snow Warning|[of] p1b: Froslass
|move|p1a: Basculegion|Aqua Jet|p2b: Aerodactyl
|-supereffective|p2b: Aerodactyl|1
|-damage|p2b: Aerodactyl|20/100y
|-damage|p1a: Basculegion|90/100|[from] item: Life Orb
|move|p2b: Aerodactyl|Rock Slide|p1b: Froslass|[spread] p1a,p1b
|-supereffective|p1b: Froslass|1
|-damage|p1a: Basculegion|50/100g
|-damage|p1b: Froslass|42/100
|move|p2a: Sneasler|Dire Claw|p1b: Froslass
|-resisted|p1b: Froslass|1
|-damage|p1b: Froslass|27/100
|-status|p1b: Froslass|psn
|cant|p1b: Froslass|flinch
|
|-weather|Snowscape|[upkeep]
|-damage|p1b: Froslass|15/100 psn|[from] psn
|upkeep
|turn|2
|inactive|Sacksys has 30 seconds left.
|inactive|TehCruzeFan123 has 30 seconds left.
|
|t:|1784952883
|switch|p2b: Gholdengo|Gholdengo, L50|100/100
|move|p2a: Sneasler|Protect|p2a: Sneasler
|-singleturn|p2a: Sneasler|Protect
|move|p1a: Basculegion|Aqua Jet|p2b: Gholdengo
|-damage|p2b: Gholdengo|62/100
|-damage|p1a: Basculegion|40/100|[from] item: Life Orb
|move|p1b: Froslass|Will-O-Wisp|p2a: Sneasler
|-activate|p2a: Sneasler|move: Protect
|
|-weather|Snowscape|[upkeep]
|-damage|p1b: Froslass|2/100 psn|[from] psn
|upkeep
|turn|3
|inactive|Sacksys has 30 seconds left.
|inactive|TehCruzeFan123 has 30 seconds left.
|
|t:|1784952915
|move|p2a: Sneasler|Dire Claw|p1b: Froslass
|-resisted|p1b: Froslass|1
|-damage|p1b: Froslass|0 fnt
|faint|p1b: Froslass
|move|p1a: Basculegion|Last Respects|p2b: Gholdengo
|-supereffective|p2b: Gholdengo|1
|-damage|p2b: Gholdengo|0 fnt
|faint|p2b: Gholdengo
|-damage|p1a: Basculegion|30/100|[from] item: Life Orb
|
|-weather|Snowscape|[upkeep]
|upkeep
|
|t:|1784952929
|switch|p1b: Talonflame|Talonflame, L50, M|100/100
|switch|p2b: Basculegion|Basculegion, L50, M|100/100
|turn|4
|
|t:|1784952944
|move|p1b: Talonflame|Tailwind|p1b: Talonflame
|-sidestart|p1: Sacksys|move: Tailwind
|move|p1a: Basculegion|Last Respects|p2b: Basculegion
|-supereffective|p2b: Basculegion|1
|-enditem|p2b: Basculegion|Kasib Berry|[eat]
|-enditem|p2b: Basculegion|Kasib Berry|[weaken]
|-damage|p2b: Basculegion|20/100r
|-damage|p1a: Basculegion|21/100|[from] item: Life Orb
|move|p2a: Sneasler|Dire Claw|p1b: Talonflame
|-damage|p1b: Talonflame|45/100
|move|p2b: Basculegion|Last Respects|p1a: Basculegion
|-supereffective|p1a: Basculegion|1
|-damage|p1a: Basculegion|0 fnt
|faint|p1a: Basculegion
|
|-weather|Snowscape|[upkeep]
|upkeep
|
|t:|1784952957
|switch|p1a: Garchomp|Garchomp, L50, M|100/100
|turn|5
|
|t:|1784952976
|move|p1b: Talonflame|Protect|p1b: Talonflame
|-singleturn|p1b: Talonflame|Protect
|move|p2a: Sneasler|Protect|p2a: Sneasler
|-singleturn|p2a: Sneasler|Protect
|move|p2b: Basculegion|Protect|p2b: Basculegion
|-singleturn|p2b: Basculegion|Protect
|move|p1a: Garchomp|Earthquake|p2b: Basculegion|[spread] 
|-activate|p1b: Talonflame|move: Protect
|-activate|p2a: Sneasler|move: Protect
|-activate|p2b: Basculegion|move: Protect
|
|-weather|none
|upkeep
|turn|6
|
|t:|1784952990
|move|p1b: Talonflame|Protect||[still]
|-fail|p1b: Talonflame
|move|p2b: Basculegion|Aqua Jet|p1b: Talonflame
|-supereffective|p1b: Talonflame|1
|-damage|p1b: Talonflame|0 fnt
|faint|p1b: Talonflame
|move|p1a: Garchomp|Earthquake|p2b: Basculegion|[spread] p2a,p2b
|-supereffective|p2a: Sneasler|1
|-damage|p2a: Sneasler|1/100
|-damage|p2b: Basculegion|0 fnt
|faint|p2b: Basculegion
|move|p2a: Sneasler|Close Combat|p1a: Garchomp
|-damage|p1a: Garchomp|47/100
|-unboost|p2a: Sneasler|def|1
|-unboost|p2a: Sneasler|spd|1
|-damage|p2a: Sneasler|0 fnt|[from] ability: Rough Skin|[of] p1a: Garchomp
|faint|p2a: Sneasler
|
|upkeep
|
|t:|1784953004
|switch|p2b: Aerodactyl|Aerodactyl-Mega, L50, F|20/100y
|turn|7
|
|t:|1784953014
|move|p1a: Garchomp|Dragon Claw|p2b: Aerodactyl
|-damage|p2b: Aerodactyl|0 fnt
|faint|p2b: Aerodactyl
|
|win|Sacksys
