|j|☆T1guel
|j|☆emmanuel unchained
|html|T1guelemmanuel unchained    
|uhtml|bestof|Game 1 of a best-of-3
|t:|1757669509
|gametype|doubles
|player|p1|T1guel|hilbert|1095
|player|p2|emmanuel unchained|266|1123
|gen|9
|tier|[Gen 9] VGC 2025 Reg H (Bo3)
|rated|
|rule|Species Clause: Limit one of each Pokémon
|rule|Item Clause: Limit 1 of each item
|clearpoke
|poke|p1|Kilowattrel, L50, M|
|poke|p1|Hydreigon, L50, F|
|poke|p1|Palafin, L50, F|
|poke|p1|Amoonguss, L50, F|
|poke|p1|Incineroar, L50, F|
|poke|p1|Chandelure, L50, M|
|poke|p2|Hydrapple, L50, M|
|poke|p2|Slowking, L50, M|
|poke|p2|Rillaboom, L50, M|
|poke|p2|Incineroar, L50, F|
|poke|p2|Tyranitar, L50, F|
|poke|p2|Clodsire, L50, F|
|teampreview|4
|showteam|p1|Kilowattrel||ChoiceSpecs|Competitive|Thunderbolt,AirSlash,VoltSwitch,Electroweb|||M|||50|,,,,,Electric]Hydreigon||ScopeLens|Levitate|DragonPulse,EarthPower,Protect,FocusEnergy|||F|||50|,,,,,Ground]Palafin||MysticWater|ZerotoHero|JetPunch,CloseCombat,Protect,FlipTurn|||F|||50|,,,,,Water]Amoonguss||SitrusBerry|Regenerator|RagePowder,Spore,Protect,SludgeBomb|||F|||50|,,,,,Electric]Incineroar||SafetyGoggles|Intimidate|FakeOut,FlareBlitz,PartingShot,KnockOff|||F|||50|,,,,,Ghost]Chandelure||MentalHerb|FlameBody|Flamethrower,ShadowBall,TrickRoom,WillOWisp|||M|||50|,,,,,Grass
|showteam|p2|Hydrapple||CovertCloak|Regenerator|GigaDrain,FickleBeam,Protect,NastyPlot|||M|||50|,,,,,Steel]Slowking||SitrusBerry|Regenerator|ChillyReception,TrickRoom,ExpandingForce,Protect|||M|||50|,,,,,Water]Rillaboom||AssaultVest|GrassySurge|FakeOut,GrassyGlide,Uturn,WoodHammer|||M|||50|,,,,,Grass]Incineroar||SafetyGoggles|Intimidate|FakeOut,KnockOff,FlareBlitz,PartingShot|||F|||50|,,,,,Fire]Tyranitar||ChopleBerry|SandStream|Taunt,KnockOff,RockSlide,Protect|||F|||50|,,,,,Grass]Clodsire||Leftovers|WaterAbsorb|Haze,Yawn,Protect,AcidSpray|||F|||50|,,,,,Poison
|c|☆T1guel|glhf
|c|☆emmanuel unchained|ty
|inactive|Battle timer is ON: inactive players will automatically lose when time's up. (requested by emmanuel unchained)
|
|t:|1757669634
|teamsize|p1|4
|teamsize|p2|4
|start
|switch|p1a: Hydreigon|Hydreigon, L50, F|100/100
|switch|p1b: Amoonguss|Amoonguss, L50, F|100/100
|switch|p2a: Tyranitar|Tyranitar, L50, F|100/100
|switch|p2b: Incineroar|Incineroar, L50, F|100/100
|-weather|Sandstorm|[from] ability: Sand Stream|[of] p2a: Tyranitar
|-ability|p2b: Incineroar|Intimidate|boost
|-unboost|p1a: Hydreigon|atk|1
|-unboost|p1b: Amoonguss|atk|1
|turn|1
|
|t:|1757669652
|move|p1a: Hydreigon|Protect|p1a: Hydreigon
|-singleturn|p1a: Hydreigon|Protect
|move|p1b: Amoonguss|Protect|p1b: Amoonguss
|-singleturn|p1b: Amoonguss|Protect
|move|p2b: Incineroar|Fake Out|p1a: Hydreigon
|-activate|p1a: Hydreigon|move: Protect
|move|p2a: Tyranitar|Taunt|p1b: Amoonguss
|-activate|p1b: Amoonguss|move: Protect
|
|-weather|Sandstorm|[upkeep]
|-damage|p1a: Hydreigon|95/100|[from] Sandstorm
|-damage|p1b: Amoonguss|95/100|[from] Sandstorm
|upkeep
|turn|2
|inactive|T1guel has 30 seconds left.
|
|t:|1757669681
|switch|p1a: Incineroar|Incineroar, L50, F|100/100
|-ability|p1a: Incineroar|Intimidate|boost
|-unboost|p2a: Tyranitar|atk|1
|-unboost|p2b: Incineroar|atk|1
|move|p2a: Tyranitar|Taunt|p1b: Amoonguss
|-start|p1b: Amoonguss|move: Taunt
|move|p2b: Incineroar|Knock Off|p1a: Incineroar
|-resisted|p1a: Incineroar
|-damage|p1a: Incineroar|83/100
|-enditem|p1a: Incineroar|Safety Goggles|[from] move: Knock Off|[of] p2b: Incineroar
|move|p1b: Amoonguss|Sludge Bomb|p2b: Incineroar
|-damage|p2b: Incineroar|73/100
|
|-weather|Sandstorm|[upkeep]
|-damage|p1a: Incineroar|77/100|[from] Sandstorm
|-damage|p1b: Amoonguss|89/100|[from] Sandstorm
|upkeep
|turn|3
|inactive|T1guel has 30 seconds left.
|inactive|T1guel has 20 seconds left.
|inactive|T1guel has 15 seconds left.
|inactive|T1guel has 10 seconds left.
|
|t:|1757669727
|switch|p1b: Hydreigon|Hydreigon, L50, F|95/100
|move|p2a: Tyranitar|Rock Slide|p1a: Incineroar|[spread] p1a,p1b
|-supereffective|p1a: Incineroar
|-damage|p1a: Incineroar|44/100
|-damage|p1b: Hydreigon|77/100
|move|p1a: Incineroar|Parting Shot|p2a: Tyranitar
|-unboost|p2a: Tyranitar|atk|1
|-unboost|p2a: Tyranitar|spa|1
|
|t:|1757669736
|switch|p1a: Amoonguss|Amoonguss, L50, F|100/100|[from] Parting Shot
|move|p2b: Incineroar|Parting Shot|p1a: Amoonguss
|-unboost|p1a: Amoonguss|atk|1
|-unboost|p1a: Amoonguss|spa|1
|
|t:|1757669747
|switch|p2b: Rillaboom|Rillaboom, L50, M|100/100|[from] Parting Shot
|-fieldstart|move: Grassy Terrain|[from] ability: Grassy Surge|[of] p2b: Rillaboom
|
|-weather|Sandstorm|[upkeep]
|-damage|p1b: Hydreigon|71/100|[from] Sandstorm
|-damage|p2b: Rillaboom|95/100|[from] Sandstorm
|-damage|p1a: Amoonguss|95/100|[from] Sandstorm
|-heal|p2b: Rillaboom|100/100|[from] Grassy Terrain
|-heal|p1a: Amoonguss|100/100|[from] Grassy Terrain
|upkeep
|turn|4
|
|t:|1757669754
|switch|p1b: Incineroar|Incineroar, L50, F|44/100
|-ability|p1b: Incineroar|Intimidate|boost
|-unboost|p2a: Tyranitar|atk|1
|-unboost|p2b: Rillaboom|atk|1
|move|p1a: Amoonguss|Protect|p1a: Amoonguss
|-singleturn|p1a: Amoonguss|Protect
|move|p2b: Rillaboom|Fake Out|p1b: Incineroar
|-damage|p1b: Incineroar|35/100
|move|p2a: Tyranitar|Taunt|p1a: Amoonguss
|-activate|p1a: Amoonguss|move: Protect
|
|-weather|Sandstorm|[upkeep]
|-damage|p2b: Rillaboom|95/100|[from] Sandstorm
|-damage|p1b: Incineroar|29/100|[from] Sandstorm
|-damage|p1a: Amoonguss|95/100|[from] Sandstorm
|-heal|p2b: Rillaboom|100/100|[from] Grassy Terrain
|-heal|p1b: Incineroar|35/100|[from] Grassy Terrain
|-heal|p1a: Amoonguss|100/100|[from] Grassy Terrain
|upkeep
|turn|5
|
|t:|1757669770
|switch|p2b: Incineroar|Incineroar, L50, F|73/100
|-ability|p2b: Incineroar|Intimidate|boost
|-unboost|p1a: Amoonguss|atk|1
|-unboost|p1b: Incineroar|atk|1
|move|p1b: Incineroar|Fake Out|p2a: Tyranitar
|-resisted|p2a: Tyranitar
|-damage|p2a: Tyranitar|97/100
|cant|p2a: Tyranitar|flinch
|move|p1a: Amoonguss|Spore|p2a: Tyranitar
|-status|p2a: Tyranitar|slp|[from] move: Spore
|
|-weather|none
|-heal|p2a: Tyranitar|100/100 slp|[from] Grassy Terrain
|-heal|p1b: Incineroar|41/100|[from] Grassy Terrain
|-heal|p2b: Incineroar|79/100|[from] Grassy Terrain
|upkeep
|turn|6
|inactive|T1guel has 30 seconds left.
|
|t:|1757669806
|switch|p1a: Hydreigon|Hydreigon, L50, F|71/100
|move|p2b: Incineroar|Fake Out|p1b: Incineroar
|-damage|p1b: Incineroar|27/100
|cant|p2a: Tyranitar|slp
|cant|p1b: Incineroar|flinch
|
|-heal|p1b: Incineroar|33/100|[from] Grassy Terrain
|-heal|p2b: Incineroar|85/100|[from] Grassy Terrain
|upkeep
|turn|7
|inactive|emmanuel unchained has 30 seconds left.
|inactive|emmanuel unchained has 20 seconds left.
|inactive|emmanuel unchained has 15 seconds left.
|inactive|emmanuel unchained has 10 seconds left.
|
|t:|1757669855
|-terastallize|p1a: Hydreigon|Ground
|move|p1a: Hydreigon|Earth Power|p2a: Tyranitar
|-supereffective|p2a: Tyranitar
|-damage|p2a: Tyranitar|15/100 slp
|cant|p2a: Tyranitar|slp
|move|p1b: Incineroar|Knock Off|p2b: Incineroar
|-resisted|p2b: Incineroar
|-damage|p2b: Incineroar|68/100
|-enditem|p2b: Incineroar|Safety Goggles|[from] move: Knock Off|[of] p1b: Incineroar
|move|p2b: Incineroar|Parting Shot|p1a: Hydreigon
|-unboost|p1a: Hydreigon|atk|1
|-unboost|p1a: Hydreigon|spa|1
|
|t:|1757669873
|switch|p2b: Rillaboom|Rillaboom, L50, M|100/100|[from] Parting Shot
|
|-heal|p2a: Tyranitar|21/100 slp|[from] Grassy Terrain
|-heal|p1b: Incineroar|39/100|[from] Grassy Terrain
|-fieldend|move: Grassy Terrain
|upkeep
|turn|8
|
|t:|1757669891
|switch|p1a: Amoonguss|Amoonguss, L50, F|100/100
|switch|p2a: Incineroar|Incineroar, L50, F|68/100
|-ability|p2a: Incineroar|Intimidate|boost
|-unboost|p1a: Amoonguss|atk|1
|-unboost|p1b: Incineroar|atk|1
|move|p2b: Rillaboom|Fake Out|p1b: Incineroar
|-damage|p1b: Incineroar|26/100
|cant|p1b: Incineroar|flinch
|
|upkeep
|turn|9
|
|t:|1757669907
|switch|p2b: Tyranitar|Tyranitar, L50, F|21/100 slp
|-weather|Sandstorm|[from] ability: Sand Stream|[of] p2b: Tyranitar
|switch|p1b: Hydreigon|Hydreigon, L50, F, tera:Ground|71/100
|move|p2a: Incineroar|Fake Out|p1a: Amoonguss
|-damage|p1a: Amoonguss|88/100
|cant|p1a: Amoonguss|flinch
|
|-weather|Sandstorm|[upkeep]
|-damage|p2a: Incineroar|62/100|[from] Sandstorm
|-damage|p1a: Amoonguss|82/100|[from] Sandstorm
|upkeep
|turn|10
|
|t:|1757669930
|move|p1b: Hydreigon|Dragon Pulse|p2b: Tyranitar
|-damage|p2b: Tyranitar|0 fnt
|faint|p2b: Tyranitar
|move|p2a: Incineroar|Flare Blitz|p1a: Amoonguss
|-supereffective|p1a: Amoonguss
|-damage|p1a: Amoonguss|0 fnt
|faint|p1a: Amoonguss
|-damage|p2a: Incineroar|32/100|[from] Recoil
|
|-weather|Sandstorm|[upkeep]
|-damage|p2a: Incineroar|26/100|[from] Sandstorm
|upkeep
|
|t:|1757669945
|switch|p2b: Rillaboom|Rillaboom, L50, M|100/100
|switch|p1a: Kilowattrel|Kilowattrel, L50, M|100/100
|-fieldstart|move: Grassy Terrain|[from] ability: Grassy Surge|[of] p2b: Rillaboom
|turn|11
|
|t:|1757669966
|switch|p1a: Incineroar|Incineroar, L50, F|26/100
|-ability|p1a: Incineroar|Intimidate|boost
|-unboost|p2a: Incineroar|atk|1
|-unboost|p2b: Rillaboom|atk|1
|switch|p2a: Hydrapple|Hydrapple, L50, M|100/100
|move|p1b: Hydreigon|Protect|p1b: Hydreigon
|-singleturn|p1b: Hydreigon|Protect
|move|p2b: Rillaboom|Fake Out|p1b: Hydreigon
|-activate|p1b: Hydreigon|move: Protect
|
|-weather|Sandstorm|[upkeep]
|-damage|p2b: Rillaboom|95/100|[from] Sandstorm
|-damage|p1a: Incineroar|20/100|[from] Sandstorm
|-damage|p2a: Hydrapple|94/100|[from] Sandstorm
|-heal|p2b: Rillaboom|100/100|[from] Grassy Terrain
|-heal|p1a: Incineroar|26/100|[from] Grassy Terrain
|-heal|p2a: Hydrapple|100/100|[from] Grassy Terrain
|upkeep
|turn|12
|
|t:|1757669980
|move|p2a: Hydrapple|Protect|p2a: Hydrapple
|-singleturn|p2a: Hydrapple|Protect
|move|p2b: Rillaboom|Grassy Glide|p1b: Hydreigon
|-supereffective|p1b: Hydreigon
|-damage|p1b: Hydreigon|14/100
|move|p1b: Hydreigon|Dragon Pulse|p2a: Hydrapple
|-activate|p2a: Hydrapple|move: Protect
|move|p1a: Incineroar|Flare Blitz|p2b: Rillaboom
|-supereffective|p2b: Rillaboom
|-damage|p2b: Rillaboom|0 fnt
|faint|p2b: Rillaboom
|-damage|p1a: Incineroar|0 fnt|[from] Recoil
|faint|p1a: Incineroar
|
|-weather|Sandstorm|[upkeep]
|-damage|p2a: Hydrapple|94/100|[from] Sandstorm
|-heal|p2a: Hydrapple|100/100|[from] Grassy Terrain
|upkeep
|
|t:|1757669989
|switch|p2b: Incineroar|Incineroar, L50, F|26/100
|switch|p1a: Kilowattrel|Kilowattrel, L50, M|100/100
|-ability|p2b: Incineroar|Intimidate|boost
|-unboost|p1a: Kilowattrel|atk|1
|-ability|p1a: Kilowattrel|Competitive|boost
|-boost|p1a: Kilowattrel|spa|2
|-unboost|p1b: Hydreigon|atk|1
|turn|13
|
|t:|1757670005
|-terastallize|p2a: Hydrapple|Steel
|move|p2b: Incineroar|Fake Out|p1b: Hydreigon
|-damage|p1b: Hydreigon|0 fnt
|faint|p1b: Hydreigon
|move|p1a: Kilowattrel|Air Slash|p2a: Hydrapple
|-resisted|p2a: Hydrapple
|-damage|p2a: Hydrapple|51/100
|move|p2a: Hydrapple|Fickle Beam|p1a: Kilowattrel
|-damage|p1a: Kilowattrel|27/100
|
|-weather|none
|-heal|p2a: Hydrapple|57/100|[from] Grassy Terrain
|-heal|p2b: Incineroar|32/100|[from] Grassy Terrain
|upkeep
|turn|14
|
|t:|1757670018
|move|p1a: Kilowattrel|Air Slash|p2b: Incineroar
|-damage|p2b: Incineroar|0 fnt
|faint|p2b: Incineroar
|move|p2a: Hydrapple|Fickle Beam|p1a: Kilowattrel
|-damage|p1a: Kilowattrel|0 fnt
|faint|p1a: Kilowattrel
|
|win|emmanuel unchained
||T1guel is ready for game 2.
||emmanuel unchained is ready for game 2.
|uhtml|next|Next: Game 2 of 3
