|j|☆flubberbut
|j|☆Grogguu
|html|flubberbutGrogguu    
|uhtml|bestof|Game 1 of a best-of-3
|t:|1756425673
|gametype|doubles
|player|p1|flubberbut|benga|1144
|player|p2|Grogguu|zinzolin|1067
|gen|9
|tier|[Gen 9] VGC 2025 Reg H (Bo3)
|rated|
|rule|Species Clause: Limit one of each Pokémon
|rule|Item Clause: Limit 1 of each item
|clearpoke
|poke|p1|Gholdengo, L50|
|poke|p1|Dragonite, L50, M|
|poke|p1|Talonflame, L50, M|
|poke|p1|Ursaluna-Bloodmoon, L50, M|
|poke|p1|Dondozo, L50, F|
|poke|p1|Tatsugiri, L50, F|
|poke|p2|Sneasler, L50, F|
|poke|p2|Dragapult, L50, M|
|poke|p2|Primarina, L50, M|
|poke|p2|Rillaboom, L50, M|
|poke|p2|Kingambit, L50, M|
|poke|p2|Magmar, L50, F|
|teampreview|4
|showteam|p1|Gholdengo||ChoiceSpecs|GoodasGold|MakeItRain,PowerGem,ShadowBall,Trick||||||50|,,,,,Steel]Dragonite||ChoiceBand|InnerFocus|ExtremeSpeed,Outrage,LowKick,Earthquake|||M|||50|,,,,,Normal]Talonflame||ClearAmulet|GaleWings|Tailwind,FlareBlitz,BraveBird,WillOWisp|||M|||50|,,,,,Ghost]Ursaluna-Bloodmoon||LifeOrb|MindsEye|HyperVoice,EarthPower,BloodMoon,Protect|||M|||50|,,,,,Normal]Dondozo||SafetyGoggles|Unaware|Protect,WaveCrash,OrderUp,Earthquake|||F|||50|,,,,,Ghost]Tatsugiri||FocusSash|Commander|DracoMeteor,MuddyWater,Protect,MirrorCoat|||F|||50|,,,,,Fairy
|showteam|p2|Sneasler||WhiteHerb|Unburden|CloseCombat,DireClaw,FakeOut,Protect|||F|||50|,,,,,Stellar]Dragapult||ChoiceBand|ClearBody|DragonDarts,TeraBlast,PhantomForce,Uturn|||M|||50|,,,,,Ghost]Primarina||SitrusBerry|LiquidVoice|HyperVoice,Moonblast,Haze,Protect|||M|||50|,,,,,Water]Rillaboom||AssaultVest|GrassySurge|WoodHammer,GrassyGlide,KnockOff,FakeOut|||M|||50|,,,,,Fire]Kingambit||BlackGlasses|Defiant|KowtowCleave,SuckerPunch,SwordsDance,Protect|||M|||50|,,,,,Ghost]Magmar||Eviolite|VitalSpirit|Overheat,WillOWisp,FollowMe,Protect|||F|||50|,,,,,Ghost
|inactive|Battle timer is ON: inactive players will automatically lose when time's up. (requested by flubberbut)
|
|t:|1756425732
|teamsize|p1|4
|teamsize|p2|4
|start
|switch|p1a: Talonflame|Talonflame, L50, M|100/100
|switch|p1b: Ursaluna|Ursaluna-Bloodmoon, L50, M|100/100
|switch|p2a: Dragapult|Dragapult, L50, M|100/100
|switch|p2b: Kingambit|Kingambit, L50, M|100/100
|turn|1
|inactive|Grogguu has 30 seconds left.
|
|t:|1756425762
|move|p1a: Talonflame|Tailwind|p1a: Talonflame
|-sidestart|p1: flubberbut|move: Tailwind
|move|p2a: Dragapult|Dragon Darts|p1a: Talonflame
|-damage|p1a: Talonflame|47/100
|-anim|p2a: Dragapult|Dragon Darts|p1b: Ursaluna
|-damage|p1b: Ursaluna|69/100
|move|p1b: Ursaluna|Blood Moon|p2b: Kingambit
|-resisted|p2b: Kingambit
|-damage|p2b: Kingambit|55/100
|-damage|p1b: Ursaluna|59/100|[from] item: Life Orb
|move|p2b: Kingambit|Swords Dance|p2b: Kingambit
|-boost|p2b: Kingambit|atk|2
|
|upkeep
|turn|2
|
|t:|1756425785
|move|p2b: Kingambit|Sucker Punch|p1b: Ursaluna
|-crit|p1b: Ursaluna
|-damage|p1b: Ursaluna|0 fnt
|faint|p1b: Ursaluna
|move|p1a: Talonflame|Brave Bird|p2a: Dragapult
|-damage|p2a: Dragapult|40/100
|-damage|p1a: Talonflame|25/100|[from] Recoil
|move|p2a: Dragapult|Dragon Darts|p1a: Talonflame
|-damage|p1a: Talonflame|0 fnt
|faint|p1a: Talonflame
|
|upkeep
|
|t:|1756425789
|switch|p1a: Gholdengo|Gholdengo, L50|100/100
|switch|p1b: Dragonite|Dragonite, L50, M|100/100
|turn|3
|inactive|flubberbut has 30 seconds left.
|inactive|Grogguu has 30 seconds left.
|
|t:|1756425822
|switch|p2a: Rillaboom|Rillaboom, L50, M|100/100
|-fieldstart|move: Grassy Terrain|[from] ability: Grassy Surge|[of] p2a: Rillaboom
|-terastallize|p1b: Dragonite|Normal
|move|p2b: Kingambit|Protect|p2b: Kingambit
|-singleturn|p2b: Kingambit|Protect
|move|p1b: Dragonite|Extreme Speed|p2b: Kingambit
|-activate|p2b: Kingambit|move: Protect
|move|p1a: Gholdengo|Trick|p2b: Kingambit
|-activate|p2b: Kingambit|move: Protect
|
|-heal|p2b: Kingambit|61/100|[from] Grassy Terrain
|upkeep
|turn|4
|inactive|Grogguu has 30 seconds left.
|
|t:|1756425856
|-terastallize|p2b: Kingambit|Ghost
|move|p1b: Dragonite|Extreme Speed|p2a: Rillaboom
|-damage|p2a: Rillaboom|41/100
|move|p1a: Gholdengo|Trick|p2a: Rillaboom
|-activate|p1a: Gholdengo|move: Trick|[of] p2a: Rillaboom
|-item|p2a: Rillaboom|Choice Specs|[from] move: Trick
|-item|p1a: Gholdengo|Assault Vest|[from] move: Trick
|move|p2a: Rillaboom|Knock Off|p1a: Gholdengo
|-supereffective|p1a: Gholdengo
|-damage|p1a: Gholdengo|27/100
|-enditem|p1a: Gholdengo|Assault Vest|[from] move: Knock Off|[of] p2a: Rillaboom
|move|p2b: Kingambit|Kowtow Cleave|p1b: Dragonite
|-damage|p1b: Dragonite|0 fnt
|faint|p1b: Dragonite
|
|-heal|p1a: Gholdengo|33/100|[from] Grassy Terrain
|-heal|p2a: Rillaboom|47/100|[from] Grassy Terrain
|-heal|p2b: Kingambit|67/100|[from] Grassy Terrain
|-sideend|p1: flubberbut|move: Tailwind
|upkeep
|turn|5
|-message|flubberbut forfeited.
|
|win|Grogguu
||flubberbut is ready for game 2.
||Grogguu is ready for game 2.
|uhtml|next|Next: Game 2 of 3
