|j|☆comanderchacha
|j|☆c00ldyl
|html|comanderchachac00ldyl    
|uhtml|bestof|Game 1 of a best-of-3
|t:|1784160406
|gametype|doubles
|player|p1|comanderchacha|1|
|player|p2|c00ldyl|gentleman-gen4dp|
|gen|9
|tier|[Gen 9 Champions] VGC 2026 Reg M-B (Bo3)
|rule|Species Clause: Limit one of each Pokémon
|rule|Item Clause: Limit 1 of each item
|clearpoke
|poke|p1|Charizard, L50, F|
|poke|p1|Floette-Eternal, L50, F|
|poke|p1|Corviknight, L50, M|
|poke|p1|Palafin, L50, M|
|poke|p1|Venusaur, L50, F|
|poke|p1|Espathra, L50, M|
|poke|p2|Lucario, L50, F|
|poke|p2|Gardevoir, L50, F|
|poke|p2|Wyrdeer, L50, F|
|poke|p2|Vileplume, L50, M|
|poke|p2|Torkoal, L50, F|
|poke|p2|Scrafty, L50, M|
|teampreview|4
|showteam|p1|Charizard||CharizarditeY|Blaze|HeatWave,SolarBeam,BrickBreak,Protect|Hasty||F|||50|]Floette-Eternal||Floettite|FlowerVeil|CalmMind,LightofRuin,DazzlingGleam,DrainingKiss|Timid||F|||50|]Corviknight||Leftovers|MirrorArmor|Roost,BodyPress,IronDefense,Tailwind|Bold||M|||50|]Palafin||ChoiceScarf|ZerotoHero|AquaJet,CloseCombat,FlipTurn,WaveCrash|Jolly||M|||50|]Venusaur||FocusSash|Chlorophyll|GigaDrain,SleepPowder,SludgeBomb,Protect|Modest||F|||50|]Espathra||MentalHerb|SpeedBoost|BatonPass,CalmMind,StoredPower,Protect|Modest||M|||50|
|showteam|p2|Lucario||Lucarionite|InnerFocus|CloseCombat,StoneEdge,MeteorMash,Detect|Adamant||F|||50|]Gardevoir||Gardevoirite|Telepathy|HyperVoice,Psychic,TrickRoom,Protect|Modest||F|||50|]Wyrdeer||SitrusBerry|SapSipper|SkillSwap,PsyshieldBash,Gravity,TrickRoom|Brave||F|||50|]Vileplume||LifeOrb|Chlorophyll|SleepPowder,AfterYou,LeafStorm,SludgeBomb|Modest||M|||50|]Torkoal||Charcoal|Drought|Eruption,Overheat,Protect,HelpingHand|Modest||F|||50|]Scrafty||Scraftinite|Intimidate|FakeOut,DrainPunch,KnockOff,RockSlide|Adamant||M|||50|
|
|t:|1784160485
|teamsize|p1|4
|teamsize|p2|4
|start
|switch|p1a: Charizard|Charizard, L50, F|100/100
|switch|p1b: Floette|Floette-Eternal, L50, F|100/100
|switch|p2a: Wyrdeer|Wyrdeer, L50, F|100/100
|switch|p2b: Lucario|Lucario, L50, F|100/100
|turn|1
|
|t:|1784160530
|detailschange|p1a: Charizard|Charizard-Mega-Y, L50, F
|-mega|p1a: Charizard|Charizard|Charizardite Y
|-weather|SunnyDay|[from] ability: Drought|[of] p1a: Charizard
|detailschange|p2b: Lucario|Lucario-Mega, L50, F
|-mega|p2b: Lucario|Lucario|Lucarionite
|move|p2b: Lucario|Detect|p2b: Lucario
|-singleturn|p2b: Lucario|Protect
|move|p1a: Charizard|Heat Wave|p2a: Wyrdeer|[spread] p2a
|-activate|p2b: Lucario|move: Protect
|-damage|p2a: Wyrdeer|50/100y
|-enditem|p2a: Wyrdeer|Sitrus Berry|[eat]
|-heal|p2a: Wyrdeer|74/100|[from] item: Sitrus Berry
|move|p1b: Floette|Light of Ruin|p2a: Wyrdeer
|-damage|p2a: Wyrdeer|14/100
|-damage|p1b: Floette|57/100|[from] Recoil
|move|p2a: Wyrdeer|Gravity|p2a: Wyrdeer
|-fieldstart|move: Gravity
|
|-weather|SunnyDay|[upkeep]
|upkeep
|turn|2
|
|t:|1784160578
|move|p1a: Charizard|Heat Wave|p2a: Wyrdeer|[spread] p2a,p2b
|-supereffective|p2b: Lucario|1
|-damage|p2a: Wyrdeer|0 fnt
|-damage|p2b: Lucario|0 fnt
|faint|p2a: Wyrdeer
|faint|p2b: Lucario
|move|p1b: Floette|Dazzling Gleam|p2: Wyrdeer|[notarget]
|-fail|p1b: Floette
|
|-weather|SunnyDay|[upkeep]
|upkeep
|
|t:|1784160587
|switch|p2b: Nacho|Torkoal, L50, F|100/100
|switch|p2a: Scrafty|Scrafty, L50, M|100/100
|-ability|p2a: Scrafty|Intimidate|boost
|-unboost|p1a: Charizard|atk|1
|-unboost|p1b: Floette|atk|1
|turn|3
|
|t:|1784160606
|move|p2a: Scrafty|Fake Out|p1a: Charizard
|-damage|p1a: Charizard|83/100
|cant|p1a: Charizard|flinch
|move|p1b: Floette|Dazzling Gleam|p2b: Nacho|[spread] p2a,p2b
|-supereffective|p2a: Scrafty|2
|-resisted|p2b: Nacho|1
|-damage|p2a: Scrafty|2/100
|-damage|p2b: Nacho|81/100
|move|p2b: Nacho|Eruption|p1a: Charizard|[spread] p1a,p1b
|-resisted|p1a: Charizard|1
|-damage|p1a: Charizard|47/100
|-damage|p1b: Floette|0 fnt
|faint|p1b: Floette
|
|-weather|SunnyDay|[upkeep]
|upkeep
|
|t:|1784160622
|switch|p1b: Venusaur|Venusaur, L50, F|100/100
|turn|4
|
|t:|1784160640
|move|p1b: Venusaur|Giga Drain|p2b: Nacho
|-resisted|p2b: Nacho|1
|-damage|p2b: Nacho|58/100
|move|p1a: Charizard|Heat Wave|p2a: Scrafty|[spread] p2a,p2b
|-resisted|p2b: Nacho|1
|-damage|p2a: Scrafty|0 fnt
|-damage|p2b: Nacho|19/100
|faint|p2a: Scrafty
|move|p2b: Nacho|Eruption|p1a: Charizard|[spread] p1a,p1b
|-resisted|p1a: Charizard|1
|-supereffective|p1b: Venusaur|1
|-damage|p1a: Charizard|39/100
|-damage|p1b: Venusaur|60/100
|
|-weather|SunnyDay|[upkeep]
|upkeep
|turn|5
|
|t:|1784160654
|move|p1b: Venusaur|Giga Drain|p2b: Nacho
|-resisted|p2b: Nacho|1
|-damage|p2b: Nacho|0 fnt
|-heal|p1b: Venusaur|71/100|[from] drain|[of] p2b: Nacho
|faint|p2b: Nacho
|
|win|comanderchacha
||comanderchacha is ready for game 2.
|l|☆c00ldyl
|player|p2|
|inactive|c00ldyl has 30 seconds to confirm battle start!
||c00ldyl is ready for game 2.
|uhtml|next|Next: Game 2 of 3
|j| ApeofJustice
|l| ApeofJustice
|j|☆c00ldyl
|player|p2|c00ldyl|gentleman-gen4dp|
|n|☆comanderchacha|comanderchacha
|n|☆c00ldyl|c00ldyl
