|j|☆pashmak
|j|☆ossigt
|html|pashmakossigt    
|uhtml|bestof|Game 1 of a best-of-3
|t:|1757685709
|gametype|doubles
|player|p1|pashmak|waiter|1392
|player|p2|ossigt|hilbert-wonderlauncher|1302
|gen|9
|tier|[Gen 9] VGC 2025 Reg H (Bo3)
|rated|
|rule|Species Clause: Limit one of each Pokémon
|rule|Item Clause: Limit 1 of each item
|clearpoke
|poke|p1|Electabuzz, L50, M|
|poke|p1|Kingambit, L50, F|
|poke|p1|Volcarona, L50, F|
|poke|p1|Dragonite, L50, M|
|poke|p1|Sneasler, L50, F|
|poke|p1|Rillaboom, L50, M|
|poke|p2|Kingambit, L50, F|
|poke|p2|Rillaboom, L50, F|
|poke|p2|Electabuzz, L50, M|
|poke|p2|Dragapult, L50, M|
|poke|p2|Volcarona, L50, M|
|poke|p2|Tauros-Paldea-Aqua, L50, M|
|teampreview|4
|showteam|p1|Electabuzz||Eviolite|VitalSpirit|FollowMe,Thunderbolt,Taunt,Protect|||M|||50|,,,,,Ghost]Kingambit||BlackGlasses|Defiant|KowtowCleave,SuckerPunch,SwordsDance,Protect|||F|||50|,,,,,Ghost]Volcarona||Leftovers|FlameBody|HeatWave,TeraBlast,QuiverDance,Protect|||F|||50|,,,,,Fairy]Dragonite||LoadedDice|Multiscale|ScaleShot,ExtremeSpeed,Haze,Protect|||M|||50|,,,,,Normal]Sneasler||FocusSash|Unburden|DireClaw,CloseCombat,Coaching,FakeOut|||F|||50|,,,,,Stellar]Rillaboom||AssaultVest|GrassySurge|FakeOut,WoodHammer,GrassyGlide,HighHorsepower|||M|||50|,,,,,Fire
|showteam|p2|Kingambit||BlackGlasses|Defiant|Protect,KowtowCleave,SuckerPunch,SwordsDance|||F|||50|,,,,,Dark]Rillaboom||AssaultVest|GrassySurge|WoodHammer,GrassyGlide,Uturn,FakeOut|||F|||50|,,,,,Fire]Electabuzz||Eviolite|VitalSpirit|Protect,Thunderbolt,HelpingHand,FollowMe|||M|||50|,,,,,Ghost]Dragapult||ChoiceBand|ClearBody|DragonDarts,PhantomForce,Outrage,Uturn|||M|||50|,,,,,Ghost]Volcarona||CovertCloak|FlameBody|Protect,HeatWave,GigaDrain,QuiverDance|||M|||50|,,,,,Dragon]Tauros-Paldea-Aqua||MirrorHerb|Intimidate|Protect,WaveCrash,CloseCombat,AquaJet|||M|||50|,,,,,Water
|
|t:|1757685761
|teamsize|p1|4
|teamsize|p2|4
|start
|switch|p1a: Dragonite|Dragonite, L50, M|100/100
|switch|p1b: Sneasler|Sneasler, L50, F|100/100
|switch|p2a: Dragapult|Dragapult, L50, M, shiny|100/100
|switch|p2b: Rillaboom|Rillaboom, L50, F, shiny|100/100
|-fieldstart|move: Grassy Terrain|[from] ability: Grassy Surge|[of] p2b: Rillaboom
|turn|1
|
|t:|1757685779
|-terastallize|p1a: Dragonite|Normal
|move|p1b: Sneasler|Fake Out|p2b: Rillaboom
|-damage|p2b: Rillaboom|87/100
|cant|p2b: Rillaboom|flinch
|move|p2a: Dragapult|Dragon Darts|p1a: Dragonite
|-damage|p1a: Dragonite|80/100
|-anim|p2a: Dragapult|Dragon Darts|p1b: Sneasler
|-damage|p1b: Sneasler|38/100
|move|p1a: Dragonite|Scale Shot|p2a: Dragapult
|-supereffective|p2a: Dragapult
|-damage|p2a: Dragapult|57/100
|-supereffective|p2a: Dragapult
|-damage|p2a: Dragapult|13/100
|-supereffective|p2a: Dragapult
|-damage|p2a: Dragapult|0 fnt
|faint|p2a: Dragapult
|-hitcount|p2: Dragapult|3
|-unboost|p1a: Dragonite|def|1
|-boost|p1a: Dragonite|spe|1
|
|-heal|p1a: Dragonite|86/100|[from] Grassy Terrain
|-heal|p1b: Sneasler|44/100|[from] Grassy Terrain
|-heal|p2b: Rillaboom|93/100|[from] Grassy Terrain
|upkeep
|
|t:|1757685794
|switch|p2a: Tauros|Tauros-Paldea-Aqua, L50, M|100/100
|-ability|p2a: Tauros|Intimidate|boost
|-unboost|p1a: Dragonite|atk|1
|-unboost|p1b: Sneasler|atk|1
|turn|2
|
|t:|1757685820
|switch|p2a: Electabuzz|Electabuzz, L50, M, shiny|100/100
|-terastallize|p2b: Rillaboom|Fire
|move|p1a: Dragonite|Haze|p1a: Dragonite
|-clearallboost
|move|p1b: Sneasler|Dire Claw|p2b: Rillaboom
|-damage|p2b: Rillaboom|55/100
|-status|p2b: Rillaboom|par
|move|p2b: Rillaboom|U-turn|p1a: Dragonite
|-damage|p1a: Dragonite|59/100
|
|t:|1757685831
|switch|p2b: Tauros|Tauros-Paldea-Aqua, L50, M|100/100|[from] U-turn
|-ability|p2b: Tauros|Intimidate|boost
|-unboost|p1a: Dragonite|atk|1
|-unboost|p1b: Sneasler|atk|1
|
|-heal|p1b: Sneasler|50/100|[from] Grassy Terrain
|-heal|p1a: Dragonite|65/100|[from] Grassy Terrain
|upkeep
|turn|3
|
|t:|1757685856
|move|p1a: Dragonite|Protect|p1a: Dragonite
|-singleturn|p1a: Dragonite|Protect
|move|p2a: Electabuzz|Follow Me|p2a: Electabuzz
|-singleturn|p2a: Electabuzz|move: Follow Me
|move|p1b: Sneasler|Coaching|p1a: Dragonite
|-boost|p1a: Dragonite|atk|1
|-boost|p1a: Dragonite|def|1
|-enditem|p2b: Tauros|Mirror Herb
|-boost|p2b: Tauros|atk|1|[from] item: Mirror Herb
|-boost|p2b: Tauros|def|1|[from] item: Mirror Herb
|move|p2b: Tauros|Wave Crash|p1b: Sneasler
|-damage|p1b: Sneasler|0 fnt
|faint|p1b: Sneasler
|-damage|p2b: Tauros|85/100|[from] Recoil
|
|-heal|p2b: Tauros|91/100|[from] Grassy Terrain
|-heal|p1a: Dragonite|71/100|[from] Grassy Terrain
|upkeep
|
|t:|1757685874
|switch|p1b: Volcarona|Volcarona, L50, F|100/100
|turn|4
|
|t:|1757685884
|move|p2a: Electabuzz|Follow Me|p2a: Electabuzz
|-singleturn|p2a: Electabuzz|move: Follow Me
|move|p2b: Tauros|Close Combat|p1a: Dragonite
|-supereffective|p1a: Dragonite
|-damage|p1a: Dragonite|0 fnt
|-unboost|p2b: Tauros|def|1
|-unboost|p2b: Tauros|spd|1
|faint|p1a: Dragonite
|move|p1b: Volcarona|Quiver Dance|p1b: Volcarona
|-boost|p1b: Volcarona|spa|1
|-boost|p1b: Volcarona|spd|1
|-boost|p1b: Volcarona|spe|1
|
|-heal|p2b: Tauros|97/100|[from] Grassy Terrain
|upkeep
|
|t:|1757685889
|switch|p1a: Kingambit|Kingambit, L50, F|100/100
|turn|5
|
|t:|1757685914
|move|p1b: Volcarona|Protect|p1b: Volcarona
|-singleturn|p1b: Volcarona|Protect
|move|p2a: Electabuzz|Follow Me|p2a: Electabuzz
|-singleturn|p2a: Electabuzz|move: Follow Me
|move|p2b: Tauros|Aqua Jet|p1b: Volcarona
|-activate|p1b: Volcarona|move: Protect
|move|p1a: Kingambit|Kowtow Cleave|p2a: Electabuzz
|-damage|p2a: Electabuzz|53/100
|
|-heal|p2b: Tauros|100/100|[from] Grassy Terrain
|-heal|p2a: Electabuzz|59/100|[from] Grassy Terrain
|-fieldend|move: Grassy Terrain
|upkeep
|turn|6
|
|t:|1757685932
|move|p2a: Electabuzz|Follow Me|p2a: Electabuzz
|-singleturn|p2a: Electabuzz|move: Follow Me
|move|p2b: Tauros|Aqua Jet|p1b: Volcarona
|-supereffective|p1b: Volcarona
|-damage|p1b: Volcarona|35/100
|move|p1b: Volcarona|Heat Wave|p2a: Electabuzz|[spread] p2b
|-miss|p1b: Volcarona|p2a: Electabuzz
|-resisted|p2b: Tauros
|-damage|p2b: Tauros|44/100
|move|p1a: Kingambit|Kowtow Cleave|p2a: Electabuzz
|-damage|p2a: Electabuzz|18/100
|
|-heal|p1b: Volcarona|41/100|[from] item: Leftovers
|upkeep
|turn|7
|
|t:|1757685975
|move|p1b: Volcarona|Protect|p1b: Volcarona
|-singleturn|p1b: Volcarona|Protect
|move|p2b: Tauros|Protect|p2b: Tauros
|-singleturn|p2b: Tauros|Protect
|move|p2a: Electabuzz|Protect|p2a: Electabuzz
|-singleturn|p2a: Electabuzz|Protect
|move|p1a: Kingambit|Kowtow Cleave|p2a: Electabuzz
|-activate|p2a: Electabuzz|move: Protect
|
|-heal|p1b: Volcarona|47/100|[from] item: Leftovers
|upkeep
|turn|8
|
|t:|1757685985
|move|p2a: Electabuzz|Follow Me|p2a: Electabuzz
|-singleturn|p2a: Electabuzz|move: Follow Me
|move|p2b: Tauros|Aqua Jet|p1b: Volcarona
|-supereffective|p1b: Volcarona
|-damage|p1b: Volcarona|0 fnt
|faint|p1b: Volcarona
|move|p1a: Kingambit|Kowtow Cleave|p2a: Electabuzz
|-damage|p2a: Electabuzz|0 fnt
|faint|p2a: Electabuzz
|
|upkeep
|
|t:|1757685994
|switch|p2a: Rillaboom|Rillaboom, L50, F, shiny, tera:Fire|55/100 par
|-fieldstart|move: Grassy Terrain|[from] ability: Grassy Surge|[of] p2a: Rillaboom
|turn|9
|
|t:|1757686002
|move|p1a: Kingambit|Protect|p1a: Kingambit
|-singleturn|p1a: Kingambit|Protect
|cant|p2a: Rillaboom|par
|move|p2b: Tauros|Close Combat|p1a: Kingambit
|-activate|p1a: Kingambit|move: Protect
|
|-heal|p2b: Tauros|50/100|[from] Grassy Terrain
|-heal|p2a: Rillaboom|60/100 par|[from] Grassy Terrain
|upkeep
|turn|10
|
|t:|1757686010
|move|p1a: Kingambit|Sucker Punch|p2b: Tauros
|-resisted|p2b: Tauros
|-damage|p2b: Tauros|23/100
|move|p2b: Tauros|Close Combat|p1a: Kingambit
|-supereffective|p1a: Kingambit
|-damage|p1a: Kingambit|0 fnt
|-unboost|p2b: Tauros|def|1
|-unboost|p2b: Tauros|spd|1
|faint|p1a: Kingambit
|
|win|ossigt
||pashmak is ready for game 2.
|l|☆pashmak
|player|p1|
||ossigt is ready for game 2.
|uhtml|next|Next: Game 2 of 3
