|j|☆138mysx
|j|☆pipou666999
|html|138mysxpipou666999    
|uhtml|bestof|Game 1 of a best-of-3
|t:|1783412649
|gametype|doubles
|player|p1|138mysx|266|1063
|player|p2|pipou666999|koga|1040
|gen|9
|tier|[Gen 9 Champions] VGC 2026 Reg M-B (Bo3)
|rated|
|rule|Species Clause: Limit one of each Pokémon
|rule|Item Clause: Limit 1 of each item
|clearpoke
|poke|p1|Charizard, L50, M, shiny|
|poke|p1|Aerodactyl, L50, M, shiny|
|poke|p1|Garchomp, L50, F, shiny|
|poke|p1|Sylveon, L50, F, shiny|
|poke|p1|Kingambit, L50, M|
|poke|p1|Incineroar, L50, M, shiny|
|poke|p2|Incineroar, L50, F, shiny|
|poke|p2|Bellibolt, L50, F, shiny|
|poke|p2|Sinistcha, L50, shiny|
|poke|p2|Snorlax, L50, F, shiny|
|poke|p2|Farigiraf, L50, F|
|poke|p2|Blastoise, L50, F|
|teampreview|4
|showteam|p1|Charizard||CharizarditeY|Blaze|SolarBeam,WeatherBall,HeatWave,Protect|Modest||M|||50|]Aerodactyl||Aerodactylite|Unnerve|RockSlide,Tailwind,WideGuard,Protect|Jolly||M|||50|]Garchomp||RoseliBerry|RoughSkin|DragonClaw,Earthquake,RockTomb,Protect|Jolly||F|||50|]Sylveon||FairyFeather|Pixilate|HyperBeam,HyperVoice,QuickAttack,Detect|Modest||F|||50|]Kingambit||BlackGlasses|Defiant|KowtowCleave,SuckerPunch,IronHead,Protect|Adamant||M|||50|]Incineroar||SitrusBerry|Intimidate|FakeOut,FlareBlitz,ThroatChop,PartingShot|Impish||M|||50|
|showteam|p2|Incineroar||ShucaBerry|Intimidate|FlareBlitz,FakeOut,PartingShot,DrainPunch|Impish||F|||50|]Bellibolt||Leftovers|Electromorphosis|Electroweb,WeatherBall,SlackOff,EerieImpulse|Bold||F|||50|]Sinistcha||KasibBerry|Hospitality|MatchaGotcha,Protect,LifeDew,RagePowder|Bold|||||50|]Snorlax||ChopleBerry|ThickFat|IcyWind,Stockpile,Protect,BodyPress|Bold||F|||50|]Farigiraf||SitrusBerry|ArmorTail|TwinBeam,TrickRoom,Protect,Thunderbolt|Calm||F|||50|]Blastoise||Blastoisinite|Torrent|WaterSpout,DarkPulse,ShellSmash,Protect|Modest||F|||50|
|inactive|Battle timer is ON: inactive players will automatically lose when time's up. (requested by pipou666999)
|
|t:|1783412709
|teamsize|p1|4
|teamsize|p2|4
|start
|switch|p1a: Sylveon|Sylveon, L50, F, shiny|100/100
|switch|p1b: Charizard|Charizard, L50, M, shiny|100/100
|switch|p2a: Incineroar|Incineroar, L50, F, shiny|100/100
|switch|p2b: Snorlax|Snorlax, L50, F, shiny|100/100
|-ability|p2a: Incineroar|Intimidate|boost
|-unboost|p1a: Sylveon|atk|1
|-unboost|p1b: Charizard|atk|1
|turn|1
|inactive|138mysx has 30 seconds left.
|
|t:|1783412738
|switch|p1a: Kingambit|Kingambit, L50, M|100/100
|detailschange|p1b: Charizard|Charizard-Mega-Y, L50, M, shiny
|-mega|p1b: Charizard|Charizard|Charizardite Y
|-weather|SunnyDay|[from] ability: Drought|[of] p1b: Charizard
|move|p2a: Incineroar|Fake Out|p1b: Charizard
|-damage|p1b: Charizard|89/100
|cant|p1b: Charizard|flinch
|move|p2b: Snorlax|Stockpile|p2b: Snorlax
|-start|p2b: Snorlax|stockpile1
|-boost|p2b: Snorlax|def|1
|-boost|p2b: Snorlax|spd|1
|
|-weather|SunnyDay|[upkeep]
|upkeep
|turn|2
|inactive|138mysx has 30 seconds left.
|inactive|pipou666999 has 30 seconds left.
|
|t:|1783412766
|move|p1a: Kingambit|Protect|p1a: Kingambit
|-singleturn|p1a: Kingambit|Protect
|move|p1b: Charizard|Heat Wave|p2b: Snorlax|[spread] p2b
|-miss|p1b: Charizard|p2a: Incineroar
|-damage|p2b: Snorlax|88/100
|move|p2a: Incineroar|Parting Shot|p1b: Charizard
|-unboost|p1b: Charizard|atk|1
|-unboost|p1b: Charizard|spa|1
|
|t:|1783412774
|switch|p2a: Blastoise|Blastoise, L50, F|100/100|[from] Parting Shot
|move|p2b: Snorlax|Body Press|p1a: Kingambit
|-activate|p1a: Kingambit|move: Protect
|
|-weather|SunnyDay|[upkeep]
|upkeep
|turn|3
|
|t:|1783412786
|switch|p1a: Garchomp|Garchomp, L50, F, shiny|100/100
|detailschange|p2a: Blastoise|Blastoise-Mega, L50, F
|-mega|p2a: Blastoise|Blastoise|Blastoisinite
|move|p2a: Blastoise|Protect|p2a: Blastoise
|-singleturn|p2a: Blastoise|Protect
|move|p1b: Charizard|Solar Beam||[still]
|-prepare|p1b: Charizard|Solar Beam
|-anim|p1b: Charizard|Solar Beam|p2a: Blastoise
|-activate|p2a: Blastoise|move: Protect
|move|p2b: Snorlax|Body Press|p1a: Garchomp
|-damage|p1a: Garchomp|69/100
|-damage|p2b: Snorlax|75/100|[from] ability: Rough Skin|[of] p1a: Garchomp
|
|-weather|SunnyDay|[upkeep]
|upkeep
|turn|4
|
|t:|1783412806
|switch|p2a: Incineroar|Incineroar, L50, F, shiny|100/100
|-ability|p2a: Incineroar|Intimidate|boost
|-unboost|p1a: Garchomp|atk|1
|-unboost|p1b: Charizard|atk|1
|move|p1a: Garchomp|Earthquake|p2b: Snorlax|[spread] p2a,p2b
|-immune|p1b: Charizard
|-supereffective|p2a: Incineroar|1
|-enditem|p2a: Incineroar|Shuca Berry|[eat]
|-enditem|p2a: Incineroar|Shuca Berry|[weaken]
|-damage|p2a: Incineroar|80/100
|-damage|p2b: Snorlax|63/100
|move|p1b: Charizard|Solar Beam||[still]
|-prepare|p1b: Charizard|Solar Beam
|-anim|p1b: Charizard|Solar Beam|p2a: Incineroar
|-resisted|p2a: Incineroar|1
|-damage|p2a: Incineroar|66/100
|move|p2b: Snorlax|Icy Wind|p1b: Charizard|[spread] p1a,p1b
|-supereffective|p1a: Garchomp|2
|-damage|p1a: Garchomp|36/100
|-damage|p1b: Charizard|82/100
|-unboost|p1a: Garchomp|spe|1
|-unboost|p1b: Charizard|spe|1
|
|-weather|SunnyDay|[upkeep]
|upkeep
|turn|5
|
|t:|1783412828
|switch|p1b: Kingambit|Kingambit, L50, M|100/100
|move|p1a: Garchomp|Protect|p1a: Garchomp
|-singleturn|p1a: Garchomp|Protect
|move|p2a: Incineroar|Flare Blitz|p1b: Kingambit
|-supereffective|p1b: Kingambit|1
|-damage|p1b: Kingambit|0 fnt
|faint|p1b: Kingambit
|-damage|p2a: Incineroar|32/100|[from] Recoil
|move|p2b: Snorlax|Icy Wind|p1a: Garchomp
|-activate|p1a: Garchomp|move: Protect
|
|-weather|none
|upkeep
|
|t:|1783412842
|switch|p1b: Sylveon|Sylveon, L50, F, shiny|100/100
|turn|6
|
|t:|1783412862
|switch|p1a: Charizard|Charizard-Mega-Y, L50, M, shiny|82/100
|-weather|SunnyDay|[from] ability: Drought|[of] p1a: Charizard
|switch|p2a: Sinistcha|Sinistcha, L50, shiny|100/100
|-heal|p2b: Snorlax|88/100|[from] ability: Hospitality|[of] p2a: Sinistcha
|move|p1b: Sylveon|Hyper Voice|p2a: Sinistcha|[spread] p2a,p2b
|-damage|p2a: Sinistcha|51/100
|-damage|p2b: Snorlax|68/100
|move|p2b: Snorlax|Stockpile|p2b: Snorlax
|-start|p2b: Snorlax|stockpile2
|-boost|p2b: Snorlax|def|1
|-boost|p2b: Snorlax|spd|1
|
|-weather|SunnyDay|[upkeep]
|upkeep
|turn|7
|
|t:|1783412881
|move|p2a: Sinistcha|Protect|p2a: Sinistcha
|-singleturn|p2a: Sinistcha|Protect
|move|p1a: Charizard|Heat Wave|p2b: Snorlax|[spread] p2b
|-activate|p2a: Sinistcha|move: Protect
|-damage|p2b: Snorlax|58/100
|move|p1b: Sylveon|Hyper Voice|p2a: Sinistcha|[spread] p2b
|-activate|p2a: Sinistcha|move: Protect
|-damage|p2b: Snorlax|42/100
|move|p2b: Snorlax|Icy Wind|p1b: Sylveon|[spread] p1a,p1b
|-damage|p1a: Charizard|76/100
|-damage|p1b: Sylveon|94/100
|-unboost|p1a: Charizard|spe|1
|-unboost|p1b: Sylveon|spe|1
|
|-weather|SunnyDay|[upkeep]
|upkeep
|turn|8
|inactive|138mysx has 30 seconds left.
|inactive|pipou666999 has 30 seconds left.
|inactive|pipou666999 has 20 seconds left.
|inactive|pipou666999 has 15 seconds left.
|inactive|pipou666999 has 10 seconds left.
|
|t:|1783412931
|move|p1a: Charizard|Heat Wave|p2a: Sinistcha|[spread] p2b
|-miss|p1a: Charizard|p2a: Sinistcha
|-damage|p2b: Snorlax|33/100
|move|p2a: Sinistcha|Life Dew|p2a: Sinistcha|[spread] p2a,p2b
|-heal|p2a: Sinistcha|76/100
|-heal|p2b: Snorlax|58/100
|move|p1b: Sylveon|Hyper Voice|p2b: Snorlax|[spread] p2a,p2b
|-damage|p2a: Sinistcha|33/100
|-damage|p2b: Snorlax|43/100
|move|p2b: Snorlax|Icy Wind|p1a: Charizard|[spread] p1a,p1b
|-damage|p1a: Charizard|70/100
|-damage|p1b: Sylveon|88/100
|-unboost|p1a: Charizard|spe|1
|-unboost|p1b: Sylveon|spe|1
|
|-weather|SunnyDay|[upkeep]
|upkeep
|turn|9
|inactive|138mysx has 30 seconds left.
|
|t:|1783412956
|move|p2a: Sinistcha|Life Dew|p2a: Sinistcha|[spread] p2a,p2b
|-heal|p2a: Sinistcha|58/100
|-heal|p2b: Snorlax|68/100
|move|p1a: Charizard|Heat Wave|p2a: Sinistcha|[spread] p2a,p2b
|-supereffective|p2a: Sinistcha|1
|-damage|p2a: Sinistcha|0 fnt
|-damage|p2b: Snorlax|57/100
|-status|p2b: Snorlax|brn
|faint|p2a: Sinistcha
|move|p1b: Sylveon|Hyper Voice|p2b: Snorlax
|-damage|p2b: Snorlax|36/100 brn
|move|p2b: Snorlax|Icy Wind|p1b: Sylveon|[spread] p1a,p1b
|-damage|p1a: Charizard|64/100
|-damage|p1b: Sylveon|83/100
|-unboost|p1a: Charizard|spe|1
|-unboost|p1b: Sylveon|spe|1
|
|-weather|SunnyDay|[upkeep]
|-damage|p2b: Snorlax|30/100 brn|[from] brn
|upkeep
|
|t:|1783412971
|switch|p2a: Blastoise|Blastoise-Mega, L50, F|100/100
|turn|10
|
|t:|1783412983
|switch|p1a: Garchomp|Garchomp, L50, F, shiny|36/100
|move|p2a: Blastoise|Protect|p2a: Blastoise
|-singleturn|p2a: Blastoise|Protect
|move|p2b: Snorlax|Body Press|p1a: Garchomp
|-damage|p1a: Garchomp|17/100
|-damage|p2b: Snorlax|18/100 brn|[from] ability: Rough Skin|[of] p1a: Garchomp
|move|p1b: Sylveon|Hyper Voice|p2b: Snorlax|[spread] p2b
|-activate|p2a: Blastoise|move: Protect
|-damage|p2b: Snorlax|3/100 brn
|
|-weather|none
|-damage|p2b: Snorlax|0 fnt|[from] brn
|faint|p2b: Snorlax
|upkeep
|
|t:|1783412994
|switch|p2b: Incineroar|Incineroar, L50, F, shiny|32/100
|-ability|p2b: Incineroar|Intimidate|boost
|-unboost|p1a: Garchomp|atk|1
|-unboost|p1b: Sylveon|atk|1
|turn|11
|inactive|138mysx has 30 seconds left.
|
|t:|1783413021
|move|p2b: Incineroar|Fake Out|p1b: Sylveon
|-damage|p1b: Sylveon|69/100
|move|p1a: Garchomp|Rock Tomb|p2a: Blastoise|[miss]
|-miss|p1a: Garchomp|p2a: Blastoise
|move|p2a: Blastoise|Shell Smash|p2a: Blastoise
|-unboost|p2a: Blastoise|def|1
|-unboost|p2a: Blastoise|spd|1
|-boost|p2a: Blastoise|atk|2
|-boost|p2a: Blastoise|spa|2
|-boost|p2a: Blastoise|spe|2
|cant|p1b: Sylveon|flinch
|
|upkeep
|turn|12
|
|t:|1783413039
|move|p1b: Sylveon|Detect|p1b: Sylveon
|-singleturn|p1b: Sylveon|Protect
|move|p2a: Blastoise|Water Spout|p1b: Sylveon|[spread] p1a
|-activate|p1b: Sylveon|move: Protect
|-damage|p1a: Garchomp|0 fnt
|faint|p1a: Garchomp
|move|p2b: Incineroar|Flare Blitz|p1b: Sylveon
|-activate|p1b: Sylveon|move: Protect
|
|upkeep
|
|t:|1783413049
|switch|p1a: Charizard|Charizard-Mega-Y, L50, M, shiny|64/100
|-weather|SunnyDay|[from] ability: Drought|[of] p1a: Charizard
|turn|13
|inactive|138mysx has 30 seconds left.
|inactive|138mysx has 20 seconds left.
|inactive|138mysx has 15 seconds left.
|inactive|138mysx has 10 seconds left.
|
|t:|1783413095
|move|p1b: Sylveon|Detect||[still]
|-fail|p1b: Sylveon
|move|p2a: Blastoise|Water Spout|p1a: Charizard|[spread] p1a,p1b
|-supereffective|p1a: Charizard|1
|-damage|p1a: Charizard|0 fnt
|-damage|p1b: Sylveon|13/100
|faint|p1a: Charizard
|move|p2b: Incineroar|Flare Blitz|p1b: Sylveon
|-damage|p1b: Sylveon|0 fnt
|faint|p1b: Sylveon
|-damage|p2b: Incineroar|28/100|[from] Recoil
|
|win|pipou666999
||138mysx is ready for game 2.
|inactive|pipou666999 has 30 seconds to confirm battle start!
||pipou666999 is ready for game 2.
|uhtml|next|Next: Game 2 of 3
|l|☆pipou666999
|player|p2|
