|j|☆damage77
|j|☆AlitaVGC
|html|damage77AlitaVGC    
|uhtml|bestof|Game 2 of a best-of-3
|t:|1756353514
|gametype|doubles
|player|p1|damage77|flint|1386
|player|p2|AlitaVGC|aromalady|1152
|gen|9
|tier|[Gen 9] VGC 2025 Reg H (Bo3)
|rated|
|rule|Species Clause: Limit one of each Pokémon
|rule|Item Clause: Limit 1 of each item
|clearpoke
|poke|p1|Ninetales-Alola, L50, F|
|poke|p1|Gholdengo, L50|
|poke|p1|Dragonite, L50, F|
|poke|p1|Annihilape, L50, M|
|poke|p1|Ursaluna-Bloodmoon, L50, M|
|poke|p1|Incineroar, L50, M|
|poke|p2|Sneasler, L50, M|
|poke|p2|Dragapult, L50, M|
|poke|p2|Primarina, L50, M|
|poke|p2|Rillaboom, L50, M|
|poke|p2|Kingambit, L50, F|
|poke|p2|Magmar, L50, M|
|teampreview|4
|showteam|p1|Ninetales-Alola||LightClay|SnowWarning|IcicleSpear,Blizzard,AuroraVeil,IcyWind|||F|||50|,,,,,Ghost]Gholdengo||ChoiceScarf|GoodasGold|MakeItRain,ShadowBall,Trick,NastyPlot||||||50|,,,,,Steel]Dragonite||LoadedDice|Multiscale|ScaleShot,ExtremeSpeed,Protect,Haze|||F|||50|,,,,,Normal]Annihilape||SafetyGoggles|Defiant|DrainPunch,RageFist,BulkUp,Protect|||M|||50|,,,,,Fire]Ursaluna-Bloodmoon||AssaultVest|MindsEye|BloodMoon,HyperVoice,EarthPower,VacuumWave|||M|||50|,,,,,Water]Incineroar||SitrusBerry|Intimidate|FakeOut,FlareBlitz,KnockOff,PartingShot|||M|||50|,,,,,Ghost
|showteam|p2|Sneasler||FocusSash|PoisonTouch|CloseCombat,DireClaw,FakeOut,Protect|||M|||50|,,,,,Stellar]Dragapult||ChoiceBand|ClearBody|DragonDarts,TeraBlast,PhantomForce,Uturn|||M|||50|,,,,,Ghost]Primarina||SitrusBerry|LiquidVoice|HyperVoice,Moonblast,Haze,Protect|||M|||50|,,,,,Water]Rillaboom||AssaultVest|GrassySurge|WoodHammer,GrassyGlide,HighHorsepower,FakeOut|||M|||50|,,,,,Fire]Kingambit||BlackGlasses|Defiant|KowtowCleave,SuckerPunch,SwordsDance,Protect|||F|||50|,,,,,Ghost]Magmar||Eviolite|VitalSpirit|Overheat,WillOWisp,FollowMe,Protect|||M|||50|,,,,,Ghost
|inactive|Battle timer is ON: inactive players will automatically lose when time's up. (requested by damage77)
|
|t:|1756353545
|teamsize|p1|4
|teamsize|p2|4
|start
|switch|p1a: Gholdengo|Gholdengo, L50|100/100
|switch|p1b: Dragonite|Dragonite, L50, F|100/100
|switch|p2a: Dragapult|Dragapult, L50, M|100/100
|switch|p2b: Rillaboom|Rillaboom, L50, M|100/100
|-fieldstart|move: Grassy Terrain|[from] ability: Grassy Surge|[of] p2b: Rillaboom
|turn|1
|inactive|AlitaVGC has 30 seconds left.
|
|t:|1756353578
|switch|p2a: Kingambit|Kingambit, L50, F|100/100
|move|p2b: Rillaboom|Fake Out|p1b: Dragonite
|-damage|p1b: Dragonite|93/100
|move|p1a: Gholdengo|Shadow Ball|p2a: Kingambit
|-resisted|p2a: Kingambit
|-damage|p2a: Kingambit|81/100
|cant|p1b: Dragonite|flinch
|
|-heal|p2a: Kingambit|87/100|[from] Grassy Terrain
|upkeep
|turn|2
|
|t:|1756353602
|-terastallize|p1a: Gholdengo|Steel
|move|p1a: Gholdengo|Shadow Ball|p2b: Rillaboom
|-damage|p2b: Rillaboom|65/100
|move|p1b: Dragonite|Scale Shot|p2b: Rillaboom
|-damage|p2b: Rillaboom|51/100
|-damage|p2b: Rillaboom|37/100
|-damage|p2b: Rillaboom|23/100
|-damage|p2b: Rillaboom|8/100
|-damage|p2b: Rillaboom|0 fnt
|faint|p2b: Rillaboom
|-hitcount|p2: Rillaboom|5
|-unboost|p1b: Dragonite|def|1
|-boost|p1b: Dragonite|spe|1
|move|p2a: Kingambit|Kowtow Cleave|p1a: Gholdengo
|-damage|p1a: Gholdengo|39/100
|
|-heal|p1a: Gholdengo|45/100|[from] Grassy Terrain
|-heal|p2a: Kingambit|93/100|[from] Grassy Terrain
|upkeep
|
|t:|1756353622
|switch|p2b: Primarina|Primarina, L50, M|100/100
|turn|3
|
|t:|1756353641
|move|p1b: Dragonite|Protect|p1b: Dragonite
|-singleturn|p1b: Dragonite|Protect
|move|p1a: Gholdengo|Shadow Ball|p2b: Primarina
|-damage|p2b: Primarina|58/100
|move|p2b: Primarina|Moonblast|p1b: Dragonite
|-activate|p1b: Dragonite|move: Protect
|move|p2a: Kingambit|Kowtow Cleave|p1a: Gholdengo
|-damage|p1a: Gholdengo|0 fnt
|faint|p1a: Gholdengo
|
|-heal|p2b: Primarina|64/100|[from] Grassy Terrain
|-heal|p2a: Kingambit|99/100|[from] Grassy Terrain
|upkeep
|
|t:|1756353654
|switch|p1a: Ursaluna|Ursaluna-Bloodmoon, L50, M|100/100
|turn|4
|
|t:|1756353672
|switch|p1b: Incineroar|Incineroar, L50, M|100/100
|-ability|p1b: Incineroar|Intimidate|boost
|-unboost|p2a: Kingambit|atk|1
|-ability|p2a: Kingambit|Defiant|boost
|-boost|p2a: Kingambit|atk|2
|-unboost|p2b: Primarina|atk|1
|-terastallize|p2a: Kingambit|Ghost
|move|p2b: Primarina|Hyper Voice|p1b: Incineroar|[spread] p1a,p1b
|-supereffective|p1a: Ursaluna
|-supereffective|p1b: Incineroar
|-damage|p1a: Ursaluna|60/100
|-damage|p1b: Incineroar|54/100
|move|p1a: Ursaluna|Blood Moon|p2b: Primarina
|-damage|p2b: Primarina|0 fnt
|faint|p2b: Primarina
|move|p2a: Kingambit|Swords Dance|p2a: Kingambit
|-boost|p2a: Kingambit|atk|2
|
|-heal|p1b: Incineroar|60/100|[from] Grassy Terrain
|-heal|p1a: Ursaluna|66/100|[from] Grassy Terrain
|-heal|p2a: Kingambit|100/100|[from] Grassy Terrain
|upkeep
|
|t:|1756353691
|switch|p2b: Dragapult|Dragapult, L50, M|100/100
|turn|5
|
|t:|1756353709
|move|p2a: Kingambit|Sucker Punch|p1a: Ursaluna
|-damage|p1a: Ursaluna|0 fnt
|faint|p1a: Ursaluna
|move|p2b: Dragapult|Dragon Darts|p1b: Incineroar
|-damage|p1b: Incineroar|30/100
|-enditem|p1b: Incineroar|Sitrus Berry|[eat]
|-heal|p1b: Incineroar|55/100|[from] item: Sitrus Berry
|-anim|p2b: Dragapult|Dragon Darts|p1b: Incineroar
|-damage|p1b: Incineroar|27/100
|move|p1b: Incineroar|Knock Off|p2a: Kingambit
|-supereffective|p2a: Kingambit
|-damage|p2a: Kingambit|43/100
|-enditem|p2a: Kingambit|Black Glasses|[from] move: Knock Off|[of] p1b: Incineroar
|
|-heal|p1b: Incineroar|33/100|[from] Grassy Terrain
|-heal|p2a: Kingambit|49/100|[from] Grassy Terrain
|-fieldend|move: Grassy Terrain
|upkeep
|
|t:|1756353720
|switch|p1a: Dragonite|Dragonite, L50, F|93/100
|turn|6
|
|t:|1756353732
|move|p2a: Kingambit|Sucker Punch|p1a: Dragonite
|-damage|p1a: Dragonite|0 fnt
|faint|p1a: Dragonite
|move|p2b: Dragapult|Dragon Darts|p1b: Incineroar
|-damage|p1b: Incineroar|2/100
|-anim|p2b: Dragapult|Dragon Darts|p1b: Incineroar
|-damage|p1b: Incineroar|0 fnt
|faint|p1b: Incineroar
|
|win|AlitaVGC
||damage77 is ready for game 3.
||AlitaVGC is ready for game 3.
|uhtml|next|Next: Game 3 of 3
|l|☆AlitaVGC
|player|p2|
