|j|☆salvulcano24
|j|‽foursevensixone
|html|salvulcano24foursevensixone    
|uhtml|bestof|Game 3 of a best-of-3
|t:|1784582276
|gametype|doubles
|player|p1|salvulcano24|pokemonbreederf|1102
|player|p2|foursevensixone|2|1100
|gen|9
|tier|[Gen 9 Champions] VGC 2026 Reg M-B (Bo3)
|rated|
|rule|Species Clause: Limit one of each Pokémon
|rule|Item Clause: Limit 1 of each item
|clearpoke
|poke|p1|Farigiraf, L50, F|
|poke|p1|Gardevoir, L50, F|
|poke|p1|Venusaur, L50, F|
|poke|p1|Aerodactyl, L50, M|
|poke|p1|Garchomp, L50, M|
|poke|p1|Rampardos, L50, F, shiny|
|poke|p2|Pyroar, L50, M|
|poke|p2|Whimsicott, L50, F|
|poke|p2|Vileplume, L50, F|
|poke|p2|Charizard, L50, M|
|poke|p2|Kleavor, L50, F|
|poke|p2|Garchomp, L50, M|
|teampreview|4
|showteam|p1|Farigiraf||SitrusBerry|ArmorTail|Psychic,TrickRoom,Thunderbolt,HelpingHand|Bold||F|||50|]Gardevoir||Gardevoirite|Synchronize|Protect,AuraSphere,HyperVoice,TrickRoom|Modest||F|||50|]Venusaur||Venusaurite|Overgrow|Protect,GigaDrain,SludgeBomb,EarthPower|Modest||F|||50|]Aerodactyl||FocusSash|Unnerve|RockSlide,DualWingbeat,Tailwind,WideGuard|Jolly||M|||50|]Garchomp||RoseliBerry|RoughSkin|StompingTantrum,DragonClaw,SwordsDance,Protect|Jolly||M|||50|]Rampardos||LifeOrb|SheerForce|RockSlide,FirePunch,ThunderPunch,Protect|Adamant||F|||50|
|showteam|p2|Pyroar||Pyroarite|Unnerve|HeatWave,Protect,HyperVoice,Flamethrower|Timid||M|||50|]Whimsicott||FocusSash|Prankster|Tailwind,Taunt,Moonblast,SunnyDay|Bold||F|||50|]Vileplume||SitrusBerry|Chlorophyll|SolarBeam,SleepPowder,WeatherBall,SludgeBomb|Timid||F|||50|]Charizard||CharizarditeY|SolarPower|HeatWave,SolarBeam,AirSlash,Hurricane|Modest||M|||50|]Kleavor||ExpertBelt|Sharpness|RockSlide,StoneAxe,Uturn,XScissor|Adamant||F|||50|]Garchomp||MentalHerb|RoughSkin|DragonClaw,StompingTantrum,Protect,DragonTail|Serious||M|||50|
|
|t:|1784582314
|teamsize|p1|4
|teamsize|p2|4
|start
|switch|p1a: Gardevoir|Gardevoir, L50, F|100/100
|switch|p1b: Aerodactyl|Aerodactyl, L50, M|100/100
|switch|p2a: Whimsicott|Whimsicott, L50, F|100/100
|switch|p2b: Vileplume|Vileplume, L50, F|100/100
|-ability|p1b: Aerodactyl|Unnerve
|turn|1
|
|t:|1784582349
|detailschange|p1a: Gardevoir|Gardevoir-Mega, L50, F
|-mega|p1a: Gardevoir|Gardevoir|Gardevoirite
|move|p1a: Gardevoir|Protect|p1a: Gardevoir
|-singleturn|p1a: Gardevoir|Protect
|move|p2a: Whimsicott|Sunny Day|p2a: Whimsicott
|-weather|SunnyDay
|move|p2b: Vileplume|Sleep Powder|p1b: Aerodactyl
|-status|p1b: Aerodactyl|slp|[from] move: Sleep Powder
|cant|p1b: Aerodactyl|slp
|
|-weather|SunnyDay|[upkeep]
|upkeep
|turn|2
|
|t:|1784582391
|switch|p1a: Farigiraf|Farigiraf, L50, F|100/100
|move|p2b: Vileplume|Sludge Bomb|p1a: Farigiraf
|-damage|p1a: Farigiraf|57/100
|-status|p1a: Farigiraf|psn
|cant|p1b: Aerodactyl|slp
|move|p2a: Whimsicott|Moonblast|p1b: Aerodactyl
|-damage|p1b: Aerodactyl|64/100 slp
|
|-weather|SunnyDay|[upkeep]
|-damage|p1a: Farigiraf|45/100 psn|[from] psn
|upkeep
|-enditem|p1a: Farigiraf|Sitrus Berry|[eat]
|-heal|p1a: Farigiraf|70/100 psn|[from] item: Sitrus Berry
|turn|3
|
|t:|1784582423
|move|p2b: Vileplume|Solar Beam||[still]
|-prepare|p2b: Vileplume|Solar Beam
|-anim|p2b: Vileplume|Solar Beam|p1a: Farigiraf
|-damage|p1a: Farigiraf|20/100y psn
|-curestatus|p1b: Aerodactyl|slp|[msg]
|move|p1b: Aerodactyl|Dual Wingbeat|p2b: Vileplume
|-supereffective|p2b: Vileplume|1
|-damage|p2b: Vileplume|48/100
|-supereffective|p2b: Vileplume|1
|-damage|p2b: Vileplume|0 fnt
|faint|p2b: Vileplume
|-hitcount|p2: Vileplume|2
|move|p2a: Whimsicott|Moonblast|p1b: Aerodactyl
|-damage|p1b: Aerodactyl|26/100
|move|p1a: Farigiraf|Trick Room|p1a: Farigiraf
|-fieldstart|move: Trick Room|[of] p1a: Farigiraf
|
|-weather|SunnyDay|[upkeep]
|-damage|p1a: Farigiraf|8/100 psn|[from] psn
|upkeep
|
|t:|1784582442
|switch|p2b: Pyroar|Pyroar, L50, M|100/100
|-ability|p2b: Pyroar|Unnerve
|turn|4
|
|t:|1784582455
|detailschange|p2b: Pyroar|Pyroar-Mega, L50, M
|-mega|p2b: Pyroar|Pyroar|Pyroarite
|move|p1a: Farigiraf|Psychic|p2a: Whimsicott
|-damage|p2a: Whimsicott|53/100
|move|p2a: Whimsicott|Moonblast|p1b: Aerodactyl
|-damage|p1b: Aerodactyl|0 fnt
|faint|p1b: Aerodactyl
|move|p2b: Pyroar|Hyper Voice|p1a: Farigiraf
|-damage|p1a: Farigiraf|0 fnt
|faint|p1a: Farigiraf
|
|-weather|SunnyDay|[upkeep]
|upkeep
|
|t:|1784582467
|switch|p1a: Rampardos|Rampardos, L50, F, shiny|100/100
|switch|p1b: Gardevoir|Gardevoir-Mega, L50, F|100/100
|turn|5
|
|t:|1784582479
|move|p1a: Rampardos|Rock Slide|p2b: Pyroar|[spread] p2a,p2b
|-supereffective|p2b: Pyroar|1
|-damage|p2a: Whimsicott|1/100
|-damage|p2b: Pyroar|0 fnt
|faint|p2b: Pyroar
|move|p1b: Gardevoir|Aura Sphere|p2a: Whimsicott
|-resisted|p2a: Whimsicott|1
|-crit|p2a: Whimsicott
|-damage|p2a: Whimsicott|0 fnt
|faint|p2a: Whimsicott
|
|-weather|none
|upkeep
|
|t:|1784582488
|switch|p2b: Kleavor|Kleavor, L50, F|100/100
|turn|6
|
|t:|1784582492
|move|p1a: Rampardos|Rock Slide|p2b: Kleavor
|-supereffective|p2b: Kleavor|1
|-damage|p2b: Kleavor|0 fnt
|faint|p2b: Kleavor
|
|win|salvulcano24
|raw|salvulcano24's rating: 1102 → 1127(+25 for winning)
|raw|foursevensixone's rating: 1100 → 1075(-25 for losing)
|c|☆salvulcano24|ggwp
|l|‽foursevensixone
|player|p2|
