|j|☆d1mo22
|j|☆lald3n
|html|d1mo22lald3n    
|uhtml|bestof|Game 1 of a best-of-3
|t:|1784654488
|gametype|doubles
|player|p1|d1mo22|skier|1262
|player|p2|lald3n|iono-masters|1176
|gen|9
|tier|[Gen 9 Champions] VGC 2026 Reg M-B (Bo3)
|rated|
|rule|Species Clause: Limit one of each Pokémon
|rule|Item Clause: Limit 1 of each item
|clearpoke
|poke|p1|Raichu, L50, F|
|poke|p1|Gyarados, L50, F, shiny|
|poke|p1|Mamoswine, L50, F|
|poke|p1|Ceruledge, L50, F|
|poke|p1|Sinistcha, L50|
|poke|p1|Kingambit, L50, M, shiny|
|poke|p2|Ceruledge, L50, F|
|poke|p2|Incineroar, L50, M|
|poke|p2|Froslass, L50, F|
|poke|p2|Overqwil, L50, M|
|poke|p2|Charizard, L50, F|
|poke|p2|Lucario, L50, F|
|teampreview|4
|showteam|p1|Raichu||RaichuniteY|LightningRod|FakeOut,Encore,ZapCannon,FocusBlast|Timid||F|||50|]Gyarados||Gyaradosite|Intimidate|LashOut,Waterfall,DragonDance,Protect|Adamant||F|||50|]Mamoswine||LifeOrb|Oblivious|Protect,IcicleCrash,IceShard,HighHorsepower|Jolly||F|||50|]Ceruledge||ColburBerry|FlashFire|BitterBlade,ShadowSneak,BulkUp,Protect|Adamant||F|||50|]Sinistcha||SitrusBerry|Hospitality|Protect,RagePowder,MatchaGotcha,LifeDew|Bold|||||50|]Kingambit||FocusSash|Defiant|Protect,SuckerPunch,KowtowCleave,IronHead|Adamant||M|||50|
|showteam|p2|Ceruledge||BigRoot|FlashFire|PsychUp,BulkUp,BitterBlade,ShadowSneak|Jolly||F|||50|]Incineroar||SitrusBerry|Intimidate|FakeOut,PartingShot,WillOWisp,FlareBlitz|Careful||M|||50|]Froslass||Froslassite|CursedBody|AuroraVeil,Blizzard,PsychUp,Protect|Timid||F|||50|]Overqwil||Leftovers|Intimidate|Minimize,Substitute,BarbBarrage,Spite|Jolly||M|||50|]Charizard||CharizarditeY|Blaze|HeatWave,WeatherBall,SolarBeam,Protect|Timid||F|||50|]Lucario||Lucarionite|Justified|CloseCombat,BulletPunch,Detect,RockSlide|Jolly||F|||50|
|inactive|Battle timer is ON: inactive players will automatically lose when time's up. (requested by d1mo22)
|inactive|d1mo22 has 60 seconds left.
|
|t:|1784654542
|teamsize|p1|4
|teamsize|p2|4
|start
|switch|p1a: Raichu|Raichu, L50, F|100/100
|switch|p1b: Gyarados|Gyarados, L50, F, shiny|100/100
|switch|p2a: Froslass|Froslass, L50, F|100/100
|switch|p2b: Overqwil|Overqwil, L50, M|100/100
|-ability|p2b: Overqwil|Intimidate|boost
|-unboost|p1a: Raichu|atk|1
|-unboost|p1b: Gyarados|atk|1
|-ability|p1b: Gyarados|Intimidate|boost
|-unboost|p2a: Froslass|atk|1
|-unboost|p2b: Overqwil|atk|1
|turn|1
|inactive|d1mo22 has 30 seconds left.
|inactive|d1mo22 has 20 seconds left.
|
|t:|1784654579
|switch|p2b: Incineroar|Incineroar, L50, M|100/100
|-ability|p2b: Incineroar|Intimidate|boost
|-unboost|p1a: Raichu|atk|1
|-unboost|p1b: Gyarados|atk|1
|detailschange|p2a: Froslass|Froslass-Mega, L50, F
|-mega|p2a: Froslass|Froslass|Froslassite
|-weather|Snowscape|[from] ability: Snow Warning|[of] p2a: Froslass
|move|p1a: Raichu|Fake Out|p2b: Incineroar
|-damage|p2b: Incineroar|95/100
|move|p2a: Froslass|Aurora Veil|p2a: Froslass
|-sidestart|p2: lald3n|move: Aurora Veil
|move|p1b: Gyarados|Dragon Dance|p1b: Gyarados
|-boost|p1b: Gyarados|atk|1
|-boost|p1b: Gyarados|spe|1
|
|-weather|Snowscape|[upkeep]
|upkeep
|turn|2
|inactive|d1mo22 has 30 seconds left.
|inactive|d1mo22 has 20 seconds left.
|
|t:|1784654618
|detailschange|p1a: Raichu|Raichu-Mega-Y, L50, F
|-mega|p1a: Raichu|Raichu|Raichunite Y
|move|p1a: Raichu|Zap Cannon|p2a: Froslass
|-damage|p2a: Froslass|61/100
|-status|p2a: Froslass|par
|move|p1b: Gyarados|Waterfall|p2b: Incineroar
|-supereffective|p2b: Incineroar|1
|-damage|p2b: Incineroar|59/100
|move|p2a: Froslass|Blizzard|p1b: Gyarados|[spread] p1a,p1b
|-damage|p1a: Raichu|54/100
|-damage|p1b: Gyarados|68/100
|move|p2b: Incineroar|Will-O-Wisp|p1b: Gyarados
|-status|p1b: Gyarados|brn
|
|-weather|Snowscape|[upkeep]
|-damage|p1b: Gyarados|62/100 brn|[from] brn
|upkeep
|turn|3
|inactive|d1mo22 has 30 seconds left.
|inactive|lald3n has 30 seconds left.
|
|t:|1784654647
|switch|p1b: Sinistcha|Sinistcha, L50|100/100
|-heal|p1a: Raichu|79/100|[from] ability: Hospitality|[of] p1b: Sinistcha
|move|p1a: Raichu|Focus Blast|p2b: Incineroar
|-supereffective|p2b: Incineroar|1
|-damage|p2b: Incineroar|21/100
|-enditem|p2b: Incineroar|Sitrus Berry|[eat]
|-heal|p2b: Incineroar|46/100|[from] item: Sitrus Berry
|move|p2a: Froslass|Blizzard|p1a: Raichu|[spread] p1a,p1b
|-supereffective|p1b: Sinistcha|1
|-crit|p1b: Sinistcha
|-damage|p1a: Raichu|25/100
|-damage|p1b: Sinistcha|0 fnt
|faint|p1b: Sinistcha
|move|p2b: Incineroar|Flare Blitz|p1a: Raichu
|-damage|p1a: Raichu|0 fnt
|faint|p1a: Raichu
|-damage|p2b: Incineroar|39/100|[from] Recoil
|
|-weather|Snowscape|[upkeep]
|upkeep
|
|t:|1784654662
|switch|p1a: Kingambit|Kingambit, L50, M, shiny|100/100
|switch|p1b: Gyarados|Gyarados, L50, F, shiny|62/100 brn
|-ability|p1b: Gyarados|Intimidate|boost
|-unboost|p2a: Froslass|atk|1
|-unboost|p2b: Incineroar|atk|1
|turn|4
|
|t:|1784654673
|switch|p2a: Lucario|Lucario, L50, F|100/100
|move|p1a: Kingambit|Protect|p1a: Kingambit
|-singleturn|p1a: Kingambit|Protect
|move|p1b: Gyarados|Waterfall|p2b: Incineroar
|-supereffective|p2b: Incineroar|1
|-damage|p2b: Incineroar|12/100
|move|p2b: Incineroar|Will-O-Wisp|p1a: Kingambit
|-activate|p1a: Kingambit|move: Protect
|
|-weather|Snowscape|[upkeep]
|-damage|p1b: Gyarados|56/100 brn|[from] brn
|upkeep
|turn|5
|
|t:|1784654685
|move|p1a: Kingambit|Sucker Punch||[still]
|-fail|p1a: Kingambit
|move|p2a: Lucario|Rock Slide|p1b: Gyarados|[spread] p1a,p1b
|-resisted|p1a: Kingambit|1
|-supereffective|p1b: Gyarados|1
|-damage|p1a: Kingambit|93/100
|-damage|p1b: Gyarados|19/100 brn
|move|p1b: Gyarados|Waterfall|p2a: Lucario
|-damage|p2a: Lucario|77/100
|move|p2b: Incineroar|Will-O-Wisp|p1a: Kingambit
|-status|p1a: Kingambit|brn
|
|-weather|none
|-damage|p1b: Gyarados|13/100 brn|[from] brn
|-damage|p1a: Kingambit|86/100 brn|[from] brn
|-sideend|p2: lald3n|move: Aurora Veil
|upkeep
|turn|6
|
|t:|1784654698
|move|p1a: Kingambit|Sucker Punch|p2b: Incineroar
|-resisted|p2b: Incineroar|1
|-damage|p2b: Incineroar|2/100
|move|p2a: Lucario|Close Combat|p1a: Kingambit
|-supereffective|p1a: Kingambit|2
|-damage|p1a: Kingambit|0 fnt
|-unboost|p2a: Lucario|def|1
|-unboost|p2a: Lucario|spd|1
|faint|p1a: Kingambit
|move|p1b: Gyarados|Waterfall|p2b: Incineroar
|-supereffective|p2b: Incineroar|1
|-damage|p2b: Incineroar|0 fnt
|faint|p2b: Incineroar
|
|-damage|p1b: Gyarados|7/100 brn|[from] brn
|upkeep
|
|t:|1784654705
|switch|p2b: Overqwil|Overqwil, L50, M|100/100
|-ability|p2b: Overqwil|Intimidate|boost
|-unboost|p1b: Gyarados|atk|1
|turn|7
|
|t:|1784654708
|move|p2a: Lucario|Bullet Punch|p1b: Gyarados
|-resisted|p1b: Gyarados|1
|-damage|p1b: Gyarados|0 fnt
|faint|p1b: Gyarados
|
|win|lald3n
||lald3n is ready for game 2.
