|j|☆swarley3000
|j|☆olciax34
|html|swarley3000olciax34    
|uhtml|bestof|Game 2 of a best-of-3
|t:|1785866863
|gametype|doubles
|player|p1|swarley3000|arven-s|1440
|player|p2|olciax34|266|1352
|gen|9
|tier|[Gen 9 Champions] VGC 2026 Reg M-B (Bo3)
|rated|
|rule|Species Clause: Limit one of each Pokémon
|rule|Item Clause: Limit 1 of each item
|clearpoke
|poke|p1|Whimsicott, L50, F|
|poke|p1|Basculegion, L50, M|
|poke|p1|Kingambit, L50, M|
|poke|p1|Floette-Eternal, L50, F|
|poke|p1|Charizard, L50, M|
|poke|p1|Garchomp, L50, M|
|poke|p2|Incineroar, L50, M|
|poke|p2|Floette-Eternal, L50, F|
|poke|p2|Sinistcha, L50|
|poke|p2|Basculegion, L50, M|
|poke|p2|Glimmora, L50, F|
|poke|p2|Staraptor, L50, F|
|teampreview|4
|showteam|p1|Whimsicott||FocusSash|Prankster|Protect,Moonblast,Encore,Tailwind|Timid||F|||50|]Basculegion||LifeOrb|Adaptability|Protect,WaveCrash,LastRespects,AquaJet|Adamant||M|||50|]Kingambit||BlackGlasses|Defiant|Protect,SuckerPunch,LowKick,KowtowCleave|Adamant||M|||50|]Floette-Eternal||Floettite|FlowerVeil|Protect,Moonblast,DazzlingGleam,LightofRuin|Modest||F|||50|]Charizard||CharizarditeY|Blaze|Protect,HeatWave,WeatherBall,SolarBeam|Modest||M|||50|]Garchomp||SitrusBerry|RoughSkin|PoisonJab,DragonClaw,RockSlide,Earthquake|Adamant||M|||50|
|showteam|p2|Incineroar||SitrusBerry|Intimidate|FakeOut,ThroatChop,FlareBlitz,PartingShot|Careful||M|||50|]Floette-Eternal||Floettite|FlowerVeil|DazzlingGleam,DrainingKiss,CalmMind,Protect|Modest||F|||50|]Sinistcha||ColburBerry|Hospitality|MatchaGotcha,LifeDew,RagePowder,Protect|Calm|||||50|]Basculegion||ChoiceScarf|Adaptability|WaveCrash,FlipTurn,AquaJet,LastRespects|Jolly||M|||50|]Glimmora||FocusSash|ToxicDebris|SludgeBomb,PowerGem,EarthPower,SpikyShield|Modest||F|||50|]Staraptor||Staraptite|Intimidate|DualWingbeat,CloseCombat,Tailwind,Protect|Jolly||F|||50|
|inactive|Battle timer is ON: inactive players will automatically lose when time's up. (requested by swarley3000)
|inactive|swarley3000 has 60 seconds left.
|inactive|swarley3000 has 30 seconds left.
|inactive|swarley3000 has 20 seconds left.
|
|t:|1785866935
|teamsize|p1|4
|teamsize|p2|4
|start
|switch|p1a: Floette|Floette-Eternal, L50, F|100/100
|switch|p1b: Basculegion|Basculegion, L50, M|100/100
|switch|p2a: Floette|Floette-Eternal, L50, F|100/100
|switch|p2b: Glimmora|Glimmora, L50, F|100/100
|turn|1
|
|t:|1785866955
|switch|p2b: Incineroar|Incineroar, L50, M|100/100
|-ability|p2b: Incineroar|Intimidate|boost
|-unboost|p1a: Floette|atk|1
|-unboost|p1b: Basculegion|atk|1
|detailschange|p1a: Floette|Floette-Mega, L50, F
|-mega|p1a: Floette|Floette|Floettite
|-ability|p1a: Floette|Fairy Aura
|detailschange|p2a: Floette|Floette-Mega, L50, F
|-mega|p2a: Floette|Floette|Floettite
|-ability|p2a: Floette|Fairy Aura
|move|p1b: Basculegion|Aqua Jet|p2b: Incineroar
|-supereffective|p2b: Incineroar|1
|-damage|p2b: Incineroar|61/100
|-damage|p1b: Basculegion|90/100|[from] item: Life Orb
|move|p1a: Floette|Dazzling Gleam|p2a: Floette|[spread] p2a,p2b
|-damage|p2a: Floette|62/100
|-damage|p2b: Incineroar|22/100
|-enditem|p2b: Incineroar|Sitrus Berry|[eat]
|-heal|p2b: Incineroar|47/100|[from] item: Sitrus Berry
|move|p2a: Floette|Draining Kiss|p1b: Basculegion
|-damage|p1b: Basculegion|43/100
|-heal|p2a: Floette|100/100|[from] drain|[of] p1b: Basculegion
|
|upkeep
|turn|2
|
|t:|1785866976
|switch|p1b: Whimsicott|Whimsicott, L50, F|100/100
|move|p1a: Floette|Protect|p1a: Floette
|-singleturn|p1a: Floette|Protect
|move|p2b: Incineroar|Fake Out|p1a: Floette
|-activate|p1a: Floette|move: Protect
|move|p2a: Floette|Calm Mind|p2a: Floette
|-boost|p2a: Floette|spa|1
|-boost|p2a: Floette|spd|1
|
|upkeep
|turn|3
|
|t:|1785866990
|switch|p2a: Sinistcha|Sinistcha, L50|100/100
|-heal|p2b: Incineroar|72/100|[from] ability: Hospitality|[of] p2a: Sinistcha
|move|p1b: Whimsicott|Tailwind|p1b: Whimsicott
|-sidestart|p1: swarley3000|move: Tailwind
|move|p1a: Floette|Moonblast|p2b: Incineroar
|-crit|p2b: Incineroar
|-damage|p2b: Incineroar|0 fnt
|faint|p2b: Incineroar
|
|upkeep
|c|☆olciax34|WOW
|
|t:|1785867008
|switch|p2b: Floette|Floette-Mega, L50, F|100/100
|-ability|p2b: Floette|Fairy Aura
|turn|4
|
|t:|1785867018
|move|p1b: Whimsicott|Moonblast|p2b: Floette
|-damage|p2b: Floette|62/100
|move|p1a: Floette|Dazzling Gleam|p2a: Sinistcha|[spread] p2a,p2b
|-damage|p2a: Sinistcha|57/100
|-damage|p2b: Floette|20/100y
|move|p2b: Floette|Draining Kiss|p1a: Floette
|-damage|p1a: Floette|68/100
|-heal|p2b: Floette|42/100|[from] drain|[of] p1a: Floette
|move|p2a: Sinistcha|Life Dew|p2a: Sinistcha|[spread] p2a,p2b
|-heal|p2a: Sinistcha|82/100
|-heal|p2b: Floette|67/100
|
|upkeep
|turn|5
|
|t:|1785867036
|switch|p2b: Glimmora|Glimmora, L50, F|100/100
|move|p1b: Whimsicott|Encore|p2a: Sinistcha
|-start|p2a: Sinistcha|Encore
|move|p1a: Floette|Moonblast|p2b: Glimmora
|-resisted|p2b: Glimmora|1
|-damage|p2b: Glimmora|45/100
|move|p2a: Sinistcha|Life Dew|p2a: Sinistcha|[spread] p2a,p2b
|-heal|p2a: Sinistcha|100/100
|-heal|p2b: Glimmora|70/100
|
|upkeep
|turn|6
|
|t:|1785867058
|switch|p1a: Garchomp|Garchomp, L50, M|100/100
|switch|p2a: Floette|Floette-Mega, L50, F|67/100
|-ability|p2a: Floette|Fairy Aura
|move|p1b: Whimsicott|Protect|p1b: Whimsicott
|-singleturn|p1b: Whimsicott|Protect
|move|p2b: Glimmora|Spiky Shield||[still]
|-fail|p2b: Glimmora
|
|-sideend|p1: swarley3000|move: Tailwind
|upkeep
|turn|7
|
|t:|1785867069
|switch|p2b: Sinistcha|Sinistcha, L50|100/100
|-heal|p2a: Floette|92/100|[from] ability: Hospitality|[of] p2b: Sinistcha
|move|p1b: Whimsicott|Tailwind|p1b: Whimsicott
|-sidestart|p1: swarley3000|move: Tailwind
|move|p1a: Garchomp|Poison Jab|p2a: Floette
|-supereffective|p2a: Floette|1
|-crit|p2a: Floette
|-damage|p2a: Floette|9/100
|move|p2a: Floette|Draining Kiss|p1a: Garchomp
|-supereffective|p1a: Garchomp|1
|-damage|p1a: Garchomp|27/100
|-heal|p2a: Floette|78/100|[from] drain|[of] p1a: Garchomp
|-damage|p2a: Floette|66/100|[from] ability: Rough Skin|[of] p1a: Garchomp
|-enditem|p1a: Garchomp|Sitrus Berry|[eat]
|-heal|p1a: Garchomp|51/100|[from] item: Sitrus Berry
|
|upkeep
|turn|8
|inactive|olciax34 has 30 seconds left.
|
|t:|1785867095
|move|p2b: Sinistcha|Rage Powder|p2b: Sinistcha
|-singleturn|p2b: Sinistcha|move: Rage Powder
|move|p1b: Whimsicott|Moonblast|p2a: Floette
|-damage|p2a: Floette|32/100
|move|p1a: Garchomp|Earthquake|p2b: Sinistcha|[spread] p1b,p2a,p2b
|-resisted|p1b: Whimsicott|1
|-crit|p1b: Whimsicott
|-resisted|p2b: Sinistcha|1
|-damage|p1b: Whimsicott|52/100
|-damage|p2a: Floette|0 fnt
|-damage|p2b: Sinistcha|81/100
|faint|p2a: Floette
|
|upkeep
|
|t:|1785867104
|switch|p2a: Glimmora|Glimmora, L50, F|70/100
|turn|9
|-message|olciax34 forfeited.
|
|win|swarley3000
|raw|swarley3000's rating: 1440 → 1455(+15 for winning)
|raw|olciax34's rating: 1352 → 1337(-15 for losing)
