|j|☆Slim Reaper 69
|j|☆teyvgc
|html|Slim Reaper 69teyvgc    
|uhtml|bestof|Game 1 of a best-of-3
|t:|1782365731
|gametype|doubles
|player|p1|Slim Reaper 69|hiker-gen4|1099
|player|p2|teyvgc|rood|1156
|gen|9
|tier|[Gen 9 Champions] VGC 2026 Reg M-B (Bo3)
|rated|
|rule|Species Clause: Limit one of each Pokémon
|rule|Item Clause: Limit 1 of each item
|clearpoke
|poke|p1|Dragonite, L50, F|
|poke|p1|Whimsicott, L50, M|
|poke|p1|Rotom-Wash, L50|
|poke|p1|Gholdengo, L50|
|poke|p1|Arcanine-Hisui, L50, F|
|poke|p1|Kingambit, L50, M|
|poke|p2|Blaziken, L50, M|
|poke|p2|Kingambit, L50, M|
|poke|p2|Metagross, L50|
|poke|p2|Whimsicott, L50, F|
|poke|p2|Basculegion, L50, M|
|poke|p2|Hydreigon, L50, F|
|teampreview|4
|showteam|p1|Dragonite||Dragoninite|InnerFocus|Thunderbolt,DracoMeteor,AirSlash,Protect|Modest||F|||50|]Whimsicott||FocusSash|Prankster|Tailwind,Moonblast,Protect,FakeTears|Timid||M|||50|]Rotom-Wash||SitrusBerry|Levitate|Electroweb,WillOWisp,HydroPump,VoltSwitch|Bold|||||50|]Gholdengo||LifeOrb|GoodasGold|ShadowBall,MakeItRain,Psyshock,Protect|Modest|||||50|]Arcanine-Hisui||ChoiceScarf|Intimidate|FlareBlitz,RockSlide,HeadSmash,CloseCombat|Adamant||F|||50|]Kingambit||BlackGlasses|Defiant|SuckerPunch,KowtowCleave,IronHead,Protect|Adamant||M|||50|
|showteam|p2|Blaziken||Blazikenite|SpeedBoost|CloseCombat,FlareBlitz,Protect,SwordsDance|Adamant||M|||50|]Kingambit||LifeOrb|Defiant|KowtowCleave,IronHead,SuckerPunch,Protect|Adamant||M|||50|]Metagross||Metagrossite|ClearBody|IronHead,PsychicFangs,BulletPunch,Protect|Jolly|||||50|]Whimsicott||FocusSash|Prankster|Tailwind,Moonblast,Encore,HelpingHand|Timid||F|||50|]Basculegion||MysticWater|Adaptability|WaveCrash,LastRespects,AquaJet,Protect|Adamant||M|||50|]Hydreigon||ChoiceScarf|Levitate|DarkPulse,DracoMeteor,EarthPower,FocusBlast|Modest||F|||50|
|inactive|Battle timer is ON: inactive players will automatically lose when time's up. (requested by Slim Reaper 69)
|inactive|teyvgc has 60 seconds left.
|
|t:|1782365778
|teamsize|p1|4
|teamsize|p2|4
|start
|switch|p1a: Rotom|Rotom-Wash, L50|100/100
|switch|p1b: Arcanine|Arcanine-Hisui, L50, F|100/100
|switch|p2a: Blaziken|Blaziken, L50, M|100/100
|switch|p2b: Hydreigon|Hydreigon, L50, F|100/100
|-ability|p1b: Arcanine|Intimidate|boost
|-unboost|p2a: Blaziken|atk|1
|-unboost|p2b: Hydreigon|atk|1
|turn|1
|inactive|Slim Reaper 69 has 30 seconds left.
|inactive|Slim Reaper 69 has 20 seconds left.
|inactive|Slim Reaper 69 has 15 seconds left.
|inactive|Slim Reaper 69 has 10 seconds left.
|inactive|Slim Reaper 69 has 5 seconds left.
|
|t:|1782365830
|switch|p1b: Dragonite|Dragonite, L50, F|100/100
|switch|p2a: Kingambit|Kingambit, L50, M|100/100
|move|p2b: Hydreigon|Earth Power|p1b: Dragonite
|-immune|p1b: Dragonite
|move|p1a: Rotom|Hydro Pump|p2a: Kingambit
|-damage|p2a: Kingambit|58/100
|
|upkeep
|turn|2
|
|t:|1782365852
|switch|p2b: Basculegion|Basculegion, L50, M|100/100
|detailschange|p1b: Dragonite|Dragonite-Mega, L50, F
|-mega|p1b: Dragonite|Dragonite|Dragoninite
|move|p1b: Dragonite|Air Slash|p2b: Basculegion
|-crit|p2b: Basculegion
|-damage|p2b: Basculegion|19/100
|move|p1a: Rotom|Will-O-Wisp|p2a: Kingambit
|-status|p2a: Kingambit|brn
|move|p2a: Kingambit|Kowtow Cleave|p1b: Dragonite
|-damage|p1b: Dragonite|86/100
|-damage|p2a: Kingambit|48/100 brn|[from] item: Life Orb
|
|-damage|p2a: Kingambit|42/100 brn|[from] brn
|upkeep
|turn|3
|
|t:|1782365875
|move|p2b: Basculegion|Wave Crash|p1b: Dragonite
|-resisted|p1b: Dragonite|1
|-damage|p1b: Dragonite|48/100
|-damage|p2b: Basculegion|6/100|[from] Recoil
|move|p1b: Dragonite|Thunderbolt|p2a: Kingambit
|-damage|p2a: Kingambit|5/100 brn
|move|p1a: Rotom|Electroweb|p2a: Kingambit|[spread] p2a,p2b
|-supereffective|p2b: Basculegion|1
|-damage|p2a: Kingambit|0 fnt
|-damage|p2b: Basculegion|0 fnt
|faint|p2a: Kingambit
|faint|p2b: Basculegion
|
|upkeep
|
|t:|1782365884
|switch|p2b: Blaziken|Blaziken, L50, M|100/100
|switch|p2a: Hydreigon|Hydreigon, L50, F|100/100
|turn|4
|
|t:|1782365897
|detailschange|p2b: Blaziken|Blaziken-Mega, L50, M
|-mega|p2b: Blaziken|Blaziken|Blazikenite
|move|p2a: Hydreigon|Draco Meteor|p1a: Rotom
|-damage|p1a: Rotom|23/100
|-unboost|p2a: Hydreigon|spa|2
|-enditem|p1a: Rotom|Sitrus Berry|[eat]
|-heal|p1a: Rotom|48/100|[from] item: Sitrus Berry
|move|p2b: Blaziken|Swords Dance|p2b: Blaziken
|-boost|p2b: Blaziken|atk|2
|move|p1b: Dragonite|Draco Meteor|p2a: Hydreigon
|-supereffective|p2a: Hydreigon|1
|-damage|p2a: Hydreigon|0 fnt
|-unboost|p1b: Dragonite|spa|2
|faint|p2a: Hydreigon
|move|p1a: Rotom|Hydro Pump|p2b: Blaziken
|-supereffective|p2b: Blaziken|1
|-damage|p2b: Blaziken|1/100
|
|-ability|p2b: Blaziken|Speed Boost|boost
|-boost|p2b: Blaziken|spe|1
|upkeep
|turn|5
|-message|teyvgc forfeited.
|
|win|Slim Reaper 69
