|j|☆raksbach
|j|☆Piyonita
|html|raksbachPiyonita    
|uhtml|bestof|Game 1 of a best-of-3
|t:|1782470509
|gametype|doubles
|player|p1|raksbach|170|1085
|player|p2|Piyonita|maid|1000
|gen|9
|tier|[Gen 9 Champions] VGC 2026 Reg M-B (Bo3)
|rated|
|rule|Species Clause: Limit one of each Pokémon
|rule|Item Clause: Limit 1 of each item
|clearpoke
|poke|p1|Swampert, L50, F|
|poke|p1|Pelipper, L50, M|
|poke|p1|Archaludon, L50, M|
|poke|p1|Venusaur, L50, F|
|poke|p1|Gholdengo, L50|
|poke|p1|Grimmsnarl, L50, M|
|poke|p2|Politoed, L50, M|
|poke|p2|Sinistcha, L50|
|poke|p2|Archaludon, L50, M|
|poke|p2|Basculegion, L50, M|
|poke|p2|Gengar, L50, M|
|poke|p2|Incineroar, L50, M|
|teampreview|4
|showteam|p1|Swampert||Swampertite|Damp|WaveCrash,Earthquake,IcePunch,Protect|Adamant||F|||50|]Pelipper||SitrusBerry|Drizzle|Hurricane,WeatherBall,WideGuard,Tailwind|Bold||M|||50|]Archaludon||Leftovers|Stamina|DragonPulse,FlashCannon,ElectroShot,Protect|Modest||M|||50|]Venusaur||Venusaurite|Chlorophyll|SludgeBomb,GigaDrain,EarthPower,Protect|Modest||F|||50|]Gholdengo||LifeOrb|GoodasGold|MakeItRain,ShadowBall,NastyPlot,Protect|Timid|||||50|]Grimmsnarl||LightClay|Prankster|FoulPlay,Reflect,LightScreen,PartingShot|Careful||M|||50|
|showteam|p2|Politoed||SitrusBerry|Drizzle|PerishSong,WeatherBall,Protect,Encore|Calm||M|||50|]Sinistcha||FocusSash|Hospitality|RagePowder,MatchaGotcha,Protect,Scald|Timid|||||50|]Archaludon||Leftovers|Stamina|ElectroShot,DragonPulse,Protect,FlashCannon|Calm||M|||50|]Basculegion||MysticWater|SwiftSwim|FlipTurn,LastRespects,WaveCrash,Protect|Adamant||M|||50|]Gengar||Gengarite|CursedBody|Protect,SludgeBomb,Taunt,Thunder|Modest||M|||50|]Incineroar||ChopleBerry|Intimidate|FakeOut,PartingShot,Protect,ThroatChop|Sassy||M|||50|
|inactive|Battle timer is ON: inactive players will automatically lose when time's up. (requested by raksbach)
|inactive|Piyonita also wants the timer to be on.
|inactive|Piyonita has 60 seconds left.
|inactive|raksbach has 60 seconds left.
|inactive|Piyonita has 30 seconds left.
|inactive|Piyonita has 20 seconds left.
|inactive|Piyonita has 15 seconds left.
|
|t:|1782470585
|teamsize|p1|4
|teamsize|p2|4
|start
|switch|p1a: Gholdengo|Gholdengo, L50|100/100
|switch|p1b: Grimmsnarl|Grimmsnarl, L50, M|100/100
|switch|p2a: Politoed|Politoed, L50, M|100/100
|switch|p2b: Incineroar|Incineroar, L50, M|100/100
|-weather|RainDance|[from] ability: Drizzle|[of] p2a: Politoed
|-ability|p2b: Incineroar|Intimidate|boost
|-unboost|p1a: Gholdengo|atk|1
|-unboost|p1b: Grimmsnarl|atk|1
|turn|1
|inactive|raksbach has 30 seconds left.
|inactive|Piyonita has 30 seconds left.
|inactive|raksbach has 20 seconds left.
|
|t:|1782470625
|move|p1b: Grimmsnarl|Light Screen|p1b: Grimmsnarl
|-sidestart|p1: raksbach|move: Light Screen
|move|p1a: Gholdengo|Nasty Plot|p1a: Gholdengo
|-boost|p1a: Gholdengo|spa|2
|move|p2a: Politoed|Weather Ball|p1a: Gholdengo
|-damage|p1a: Gholdengo|60/100
|move|p2b: Incineroar|Throat Chop|p1a: Gholdengo
|-supereffective|p1a: Gholdengo|1
|-damage|p1a: Gholdengo|0 fnt
|faint|p1a: Gholdengo
|
|-weather|RainDance|[upkeep]
|upkeep
|
|t:|1782470635
|switch|p1a: Venusaur|Venusaur, L50, F|100/100
|turn|2
|inactive|Piyonita has 30 seconds left.
|
|t:|1782470668
|detailschange|p1a: Venusaur|Venusaur-Mega, L50, F
|-mega|p1a: Venusaur|Venusaur|Venusaurite
|move|p2a: Politoed|Protect|p2a: Politoed
|-singleturn|p2a: Politoed|Protect
|move|p1b: Grimmsnarl|Reflect|p1b: Grimmsnarl
|-sidestart|p1: raksbach|Reflect
|move|p1a: Venusaur|Earth Power|p2b: Incineroar
|-supereffective|p2b: Incineroar|1
|-damage|p2b: Incineroar|59/100
|move|p2b: Incineroar|Parting Shot|p1a: Venusaur
|-unboost|p1a: Venusaur|atk|1
|-unboost|p1a: Venusaur|spa|1
|
|t:|1782470685
|switch|p2b: Gengar|Gengar, L50, M|100/100|[from] Parting Shot
|
|-weather|RainDance|[upkeep]
|upkeep
|turn|3
|
|t:|1782470710
|detailschange|p2b: Gengar|Gengar-Mega, L50, M
|-mega|p2b: Gengar|Gengar|Gengarite
|move|p2b: Gengar|Protect|p2b: Gengar
|-singleturn|p2b: Gengar|Protect
|move|p1a: Venusaur|Earth Power|p2b: Gengar
|-activate|p2b: Gengar|move: Protect
|move|p2a: Politoed|Perish Song|p2a: Politoed
|-start|p1a: Venusaur|perish3|[silent]
|-start|p1b: Grimmsnarl|perish3|[silent]
|-start|p2a: Politoed|perish3|[silent]
|-start|p2b: Gengar|perish3|[silent]
|-fieldactivate|move: Perish Song
|move|p1b: Grimmsnarl|Foul Play|p2b: Gengar
|-activate|p2b: Gengar|move: Protect
|
|-weather|RainDance|[upkeep]
|-start|p2b: Gengar|perish3
|-start|p1a: Venusaur|perish3
|-start|p2a: Politoed|perish3
|-start|p1b: Grimmsnarl|perish3
|upkeep
|turn|4
|inactive|Piyonita has 30 seconds left.
|inactive|Piyonita has 20 seconds left.
|inactive|Piyonita has 15 seconds left.
|inactive|Piyonita has 10 seconds left.
|inactive|Piyonita has 5 seconds left.
|
|t:|1782470763
|switch|p2a: Incineroar|Incineroar, L50, M|59/100
|-ability|p2a: Incineroar|Intimidate|boost
|-unboost|p1a: Venusaur|atk|1
|-unboost|p1b: Grimmsnarl|atk|1
|move|p2b: Gengar|Taunt|p1b: Grimmsnarl
|-start|p1b: Grimmsnarl|move: Taunt
|move|p1a: Venusaur|Earth Power|p2b: Gengar
|-supereffective|p2b: Gengar|1
|-damage|p2b: Gengar|54/100
|move|p1b: Grimmsnarl|Foul Play|p2b: Gengar
|-supereffective|p2b: Gengar|1
|-damage|p2b: Gengar|0 fnt
|faint|p2b: Gengar
|
|-weather|RainDance|[upkeep]
|-start|p1a: Venusaur|perish2
|-start|p1b: Grimmsnarl|perish2
|upkeep
|
|t:|1782470775
|switch|p2b: Politoed|Politoed, L50, M|100/100
|turn|5
|
|t:|1782470791
|switch|p1a: Pelipper|Pelipper, L50, M|100/100
|move|p2a: Incineroar|Fake Out|p1a: Pelipper
|-damage|p1a: Pelipper|93/100
|move|p2b: Politoed|Perish Song|p2b: Politoed
|-start|p1a: Pelipper|perish3|[silent]
|-start|p2a: Incineroar|perish3|[silent]
|-start|p2b: Politoed|perish3|[silent]
|-fieldactivate|move: Perish Song
|move|p1b: Grimmsnarl|Foul Play|p2b: Politoed
|-damage|p2b: Politoed|74/100
|
|-weather|none
|-start|p2b: Politoed|perish3
|-start|p1a: Pelipper|perish3
|-start|p1b: Grimmsnarl|perish1
|-start|p2a: Incineroar|perish3
|upkeep
|turn|6
|inactive|Piyonita has 30 seconds left.
|
|t:|1782470817
|switch|p1b: Venusaur|Venusaur-Mega, L50, F|100/100
|move|p2b: Politoed|Perish Song|p2b: Politoed
|-start|p1b: Venusaur|perish3|[silent]
|-fieldactivate|move: Perish Song
|move|p1a: Pelipper|Tailwind|p1a: Pelipper
|-sidestart|p1: raksbach|move: Tailwind
|move|p2a: Incineroar|Parting Shot|p1b: Venusaur
|-unboost|p1b: Venusaur|atk|1
|-unboost|p1b: Venusaur|spa|1
|
|t:|1782470826
|switch|p2a: Archaludon|Archaludon, L50, M|100/100|[from] Parting Shot
|
|-start|p1b: Venusaur|perish3
|-start|p1a: Pelipper|perish2
|-start|p2b: Politoed|perish2
|upkeep
|turn|7
|inactive|Piyonita has 30 seconds left.
|inactive|Piyonita has 20 seconds left.
|
|t:|1782470865
|switch|p1a: Grimmsnarl|Grimmsnarl, L50, M|100/100
|move|p2b: Politoed|Protect|p2b: Politoed
|-singleturn|p2b: Politoed|Protect
|move|p1b: Venusaur|Giga Drain|p2b: Politoed
|-activate|p2b: Politoed|move: Protect
|move|p2a: Archaludon|Dragon Pulse|p1a: Grimmsnarl
|-immune|p1a: Grimmsnarl
|
|-start|p1b: Venusaur|perish2
|-start|p2b: Politoed|perish1
|upkeep
|turn|8
|
|t:|1782470885
|switch|p1b: Pelipper|Pelipper, L50, M|93/100
|-weather|RainDance|[from] ability: Drizzle|[of] p1b: Pelipper
|switch|p2b: Incineroar|Incineroar, L50, M|59/100
|-ability|p2b: Incineroar|Intimidate|boost
|-unboost|p1a: Grimmsnarl|atk|1
|-unboost|p1b: Pelipper|atk|1
|move|p1a: Grimmsnarl|Parting Shot|p2a: Archaludon
|-unboost|p2a: Archaludon|atk|1
|-unboost|p2a: Archaludon|spa|1
|
|t:|1782470895
|switch|p1a: Venusaur|Venusaur-Mega, L50, F|100/100|[from] Parting Shot
|move|p2a: Archaludon|Electro Shot||[still]
|-prepare|p2a: Archaludon|Electro Shot
|-boost|p2a: Archaludon|spa|1
|-anim|p2a: Archaludon|Electro Shot|p1b: Pelipper
|-supereffective|p1b: Pelipper|2
|-crit|p1b: Pelipper
|-damage|p1b: Pelipper|0 fnt
|faint|p1b: Pelipper
|
|-weather|RainDance|[upkeep]
|-sideend|p1: raksbach|move: Light Screen
|upkeep
|
|t:|1782470901
|switch|p1b: Grimmsnarl|Grimmsnarl, L50, M|100/100
|turn|9
|inactive|Piyonita has 30 seconds left.
|
|t:|1782470927
|move|p2b: Incineroar|Fake Out|p1a: Venusaur
|-damage|p1a: Venusaur|94/100
|move|p1b: Grimmsnarl|Light Screen|p1b: Grimmsnarl
|-sidestart|p1: raksbach|move: Light Screen
|cant|p1a: Venusaur|flinch
|move|p2a: Archaludon|Electro Shot||[still]
|-prepare|p2a: Archaludon|Electro Shot
|-boost|p2a: Archaludon|spa|1
|-anim|p2a: Archaludon|Electro Shot|p1b: Grimmsnarl
|-damage|p1b: Grimmsnarl|63/100
|
|-weather|RainDance|[upkeep]
|-sideend|p1: raksbach|Reflect
|-sideend|p1: raksbach|move: Tailwind
|upkeep
|turn|10
|
|t:|1782470947
|move|p2a: Archaludon|Protect|p2a: Archaludon
|-singleturn|p2a: Archaludon|Protect
|move|p1b: Grimmsnarl|Parting Shot|p2a: Archaludon
|-activate|p2a: Archaludon|move: Protect
|move|p1a: Venusaur|Earth Power|p2a: Archaludon
|-activate|p2a: Archaludon|move: Protect
|move|p2b: Incineroar|Parting Shot|p1a: Venusaur
|-unboost|p1a: Venusaur|atk|1
|-unboost|p1a: Venusaur|spa|1
|-message|raksbach forfeited.
|
|win|Piyonita
