|j|☆RosieAndJim
|j|☆AviDotWav
|html|RosieAndJimAviDotWav    
|uhtml|bestof|Game 3 of a best-of-3
|t:|1756218291
|gametype|doubles
|player|p1|RosieAndJim|1|1149
|player|p2|AviDotWav|lady-gen4|1097
|gen|9
|tier|[Gen 9] VGC 2025 Reg H (Bo3)
|rated|
|rule|Species Clause: Limit one of each Pokémon
|rule|Item Clause: Limit 1 of each item
|clearpoke
|poke|p1|Inteleon, L50, F|
|poke|p1|Archaludon, L50, M|
|poke|p1|Garchomp, L50, F|
|poke|p1|Incineroar, L50, M|
|poke|p1|Pelipper, L50, F|
|poke|p1|Talonflame, L50, F|
|poke|p2|Weezing-Galar, L50, M|
|poke|p2|Whimsicott, L50, F|
|poke|p2|Incineroar, L50, M|
|poke|p2|Annihilape, L50, M|
|poke|p2|Palafin, L50, M|
|poke|p2|Dragonite, L50, F|
|teampreview|4
|showteam|p1|Inteleon||ChoiceSpecs|Sniper|SnipeShot,Scald,ShadowBall,FlipTurn|||F|||50|,,,,,Water]Archaludon||AssaultVest|Stamina|ElectroShot,DragonPulse,BodyPress,Snarl|||M|||50|,,,,,Grass]Garchomp||LifeOrb|RoughSkin|Earthquake,DragonClaw,StompingTantrum,Protect|||F|||50|,,,,,Ground]Incineroar||SafetyGoggles|Intimidate|FlareBlitz,KnockOff,PartingShot,FakeOut|||M|||50|,,,,,Ghost]Pelipper||FocusSash|Drizzle|WeatherBall,Hurricane,Tailwind,Protect|||F|||50|,,,,,Stellar]Talonflame||CovertCloak|GaleWings|BraveBird,Tailwind,Taunt,RainDance|||F|||50|,,,,,Flying
|showteam|p2|Weezing-Galar||ChoiceSpecs|MistySurge|SludgeBomb,StrangeSteam,DazzlingGleam,Flamethrower|||M|||50|,,,,,Fire]Whimsicott||FocusSash|Prankster|Tailwind,Moonblast,Encore,HelpingHand|||F|||50|,,,,,Water]Incineroar||AssaultVest|Intimidate|FlareBlitz,KnockOff,FakeOut,Uturn|||M|||50|,,,,,Grass]Annihilape||Leftovers|Defiant|DrainPunch,RageFist,BulkUp,Protect|||M|||50|,,,,,Water]Palafin||ChoiceBand|ZerotoHero|JetPunch,WaveCrash,FlipTurn,CloseCombat|||M|||50|,,,,,Water]Dragonite||LoadedDice|InnerFocus|StompingTantrum,ScaleShot,Tailwind,Haze|||F|||50|,,,,,Fairy
|inactive|Battle timer is ON: inactive players will automatically lose when time's up. (requested by AviDotWav)
|
|t:|1756218315
|teamsize|p1|4
|teamsize|p2|4
|start
|switch|p1a: Talonflame|Talonflame, L50, F|100/100
|switch|p1b: Inteleon|Inteleon, L50, F|100/100
|switch|p2a: Weezing|Weezing-Galar, L50, M|100/100
|switch|p2b: Incineroar|Incineroar, L50, M|100/100
|-ability|p2b: Incineroar|Intimidate|boost
|-unboost|p1a: Talonflame|atk|1
|-unboost|p1b: Inteleon|atk|1
|-fieldstart|move: Misty Terrain|[from] ability: Misty Surge|[of] p2a: Weezing
|turn|1
|inactive|RosieAndJim has 30 seconds left.
|
|t:|1756218346
|switch|p1b: Archaludon|Archaludon, L50, M|100/100
|move|p2b: Incineroar|Fake Out|p1b: Archaludon
|-resisted|p1b: Archaludon
|-damage|p1b: Archaludon|95/100
|-ability|p1b: Archaludon|Stamina|boost
|-boost|p1b: Archaludon|def|1
|move|p1a: Talonflame|Rain Dance|p1a: Talonflame
|-weather|RainDance
|move|p2a: Weezing|Strange Steam|p1b: Archaludon
|-damage|p1b: Archaludon|55/100
|-ability|p1b: Archaludon|Stamina|boost
|-boost|p1b: Archaludon|def|1
|
|-weather|RainDance|[upkeep]
|upkeep
|turn|2
|inactive|RosieAndJim has 30 seconds left.
|inactive|AviDotWav has 30 seconds left.
|
|t:|1756218380
|switch|p2a: Whimsicott|Whimsicott, L50, F|100/100
|-terastallize|p2b: Incineroar|Grass
|move|p1a: Talonflame|Tailwind|p1a: Talonflame
|-sidestart|p1: RosieAndJim|move: Tailwind
|move|p1b: Archaludon|Snarl|p2a: Whimsicott|[spread] p2a,p2b
|-resisted|p2a: Whimsicott
|-damage|p2a: Whimsicott|90/100
|-damage|p2b: Incineroar|93/100
|-unboost|p2a: Whimsicott|spa|1
|-unboost|p2b: Incineroar|spa|1
|move|p2b: Incineroar|Knock Off|p1a: Talonflame
|-damage|p1a: Talonflame|31/100
|-enditem|p1a: Talonflame|Covert Cloak|[from] move: Knock Off|[of] p2b: Incineroar
|
|-weather|RainDance|[upkeep]
|upkeep
|turn|3
|inactive|RosieAndJim has 30 seconds left.
|inactive|RosieAndJim has 20 seconds left.
|
|t:|1756218416
|move|p2a: Whimsicott|Tailwind|p2a: Whimsicott
|-sidestart|p2: AviDotWav|move: Tailwind
|move|p1a: Talonflame|Brave Bird|p2a: Whimsicott
|-supereffective|p2a: Whimsicott
|-damage|p2a: Whimsicott|0 fnt
|faint|p2a: Whimsicott
|-damage|p1a: Talonflame|5/100|[from] Recoil
|move|p1b: Archaludon|Electro Shot||[still]
|-prepare|p1b: Archaludon|Electro Shot
|-boost|p1b: Archaludon|spa|1
|-anim|p1b: Archaludon|Electro Shot|p2b: Incineroar
|-resisted|p2b: Incineroar
|-damage|p2b: Incineroar|73/100
|move|p2b: Incineroar|Knock Off|p1a: Talonflame
|-damage|p1a: Talonflame|0 fnt
|faint|p1a: Talonflame
|
|-weather|RainDance|[upkeep]
|upkeep
|
|t:|1756218437
|switch|p1a: Pelipper|Pelipper, L50, F|100/100
|switch|p2a: Weezing|Weezing-Galar, L50, M|100/100
|turn|4
|inactive|AviDotWav has 30 seconds left.
|
|t:|1756218464
|switch|p2b: Palafin|Palafin, L50, M|100/100
|move|p1b: Archaludon|Snarl|p2a: Weezing|[spread] p2a,p2b
|-resisted|p2a: Weezing
|-damage|p2a: Weezing|89/100
|-damage|p2b: Palafin|72/100
|-unboost|p2a: Weezing|spa|1
|-unboost|p2b: Palafin|spa|1
|move|p1a: Pelipper|Hurricane|p2b: Palafin
|-damage|p2b: Palafin|0 fnt
|faint|p2b: Palafin
|move|p2a: Weezing|Dazzling Gleam|p1a: Pelipper|[spread] p1a,p1b
|-damage|p1a: Pelipper|61/100
|-damage|p1b: Archaludon|36/100
|-ability|p1b: Archaludon|Stamina|boost
|-boost|p1b: Archaludon|def|1
|
|-weather|RainDance|[upkeep]
|upkeep
|
|t:|1756218466
|switch|p2b: Incineroar|Incineroar, L50, M, tera:Grass|73/100
|-ability|p2b: Incineroar|Intimidate|boost
|-unboost|p1a: Pelipper|atk|1
|-unboost|p1b: Archaludon|atk|1
|turn|5
|inactive|RosieAndJim has 30 seconds left.
|inactive|RosieAndJim has 20 seconds left.
|inactive|RosieAndJim has 15 seconds left.
|
|t:|1756218507
|switch|p1a: Inteleon|Inteleon, L50, F|100/100
|move|p2b: Incineroar|Fake Out|p1b: Archaludon
|-resisted|p1b: Archaludon
|-damage|p1b: Archaludon|34/100
|-ability|p1b: Archaludon|Stamina|boost
|-boost|p1b: Archaludon|def|1
|cant|p1b: Archaludon|flinch
|move|p2a: Weezing|Dazzling Gleam|p1b: Archaludon|[spread] p1a,p1b
|-damage|p1a: Inteleon|57/100
|-damage|p1b: Archaludon|15/100
|-ability|p1b: Archaludon|Stamina|boost
|-boost|p1b: Archaludon|def|1
|
|-weather|none
|-sideend|p1: RosieAndJim|move: Tailwind
|-fieldend|Misty Terrain
|upkeep
|turn|6
|inactive|RosieAndJim has 30 seconds left.
|inactive|AviDotWav has 30 seconds left.
|
|t:|1756218537
|switch|p1a: Pelipper|Pelipper, L50, F|61/100
|-weather|RainDance|[from] ability: Drizzle|[of] p1a: Pelipper
|move|p2b: Incineroar|Knock Off|p1a: Pelipper
|-damage|p1a: Pelipper|0 fnt
|-enditem|p1a: Pelipper|Focus Sash|[from] move: Knock Off|[of] p2b: Incineroar
|faint|p1a: Pelipper
|move|p2a: Weezing|Dazzling Gleam|p1b: Archaludon
|-damage|p1b: Archaludon|0 fnt
|faint|p1b: Archaludon
|
|-weather|RainDance|[upkeep]
|-sideend|p2: AviDotWav|move: Tailwind
|upkeep
|
|t:|1756218550
|switch|p1a: Inteleon|Inteleon, L50, F|57/100
|turn|7
|c|☆RosieAndJim|GGs fellow UK player
|c|☆RosieAndJim|i have been cooked
|
|t:|1756218565
|-terastallize|p1a: Inteleon|Water
|move|p1a: Inteleon|Snipe Shot|p2a: Weezing
|-damage|p2a: Weezing|0 fnt
|faint|p2a: Weezing
|move|p2b: Incineroar|Knock Off|p1a: Inteleon
|-damage|p1a: Inteleon|0 fnt
|-enditem|p1a: Inteleon|Choice Specs|[from] move: Knock Off|[of] p2b: Incineroar
|faint|p1a: Inteleon
|
|win|AviDotWav
|raw|RosieAndJim's rating: 1149 → 1120(-29 for losing)
|raw|AviDotWav's rating: 1097 → 1126(+29 for winning)
