|j|☆Uncreative7452
|j|☆dangro92
|html|Uncreative7452dangro92    
|uhtml|bestof|Game 1 of a best-of-3
|t:|1756178042
|gametype|doubles
|player|p1|Uncreative7452|tuber|1000
|player|p2|dangro92|blue|1153
|gen|9
|tier|[Gen 9] VGC 2025 Reg H (Bo3)
|rated|
|rule|Species Clause: Limit one of each Pokémon
|rule|Item Clause: Limit 1 of each item
|clearpoke
|poke|p1|Porygon2, L50|
|poke|p1|Reuniclus, L50, F|
|poke|p1|Alcremie, L50, F|
|poke|p1|Chesnaught, L50, M|
|poke|p1|Pincurchin, L50, M|
|poke|p1|Kingambit, L50, F|
|poke|p2|Incineroar, L50, F|
|poke|p2|Gholdengo, L50|
|poke|p2|Tyranitar, L50, F|
|poke|p2|Gastrodon-East, L50, F|
|poke|p2|Porygon2, L50|
|poke|p2|Rillaboom, L50, M|
|teampreview|4
|showteam|p1|Porygon2||Eviolite|Download|IceBeam,TeraBlast,TrickRoom,Recover||||||50|,,,,,Fighting]Reuniclus||CovertCloak|Overcoat|ExpandingForce,ShadowBall,TrickRoom,Protect|||F|||50|,,,,,Dark]Alcremie||RoomService|AromaVeil|AlluringVoice,Decorate,Protect,HelpingHand|||F|||50|,,,,,Steel]Chesnaught||ElectricSeed|Bulletproof|LeechSeed,WideGuard,BodyPress,SpikyShield|||M|||50|,,,,,Steel]Pincurchin||FocusSash|ElectricSurge|SupercellSlam,ZingZap,Liquidation,Protect|||M|||50|,,,,,Electric]Kingambit||SafetyGoggles|Defiant|SwordsDance,SuckerPunch,Protect,KowtowCleave|||F|||50|,,,,,Dark
|showteam|p2|Incineroar||SafetyGoggles|Intimidate|FlareBlitz,KnockOff,FakeOut,PartingShot|||F|||50|,,,,,Bug]Gholdengo||Leftovers|GoodasGold|MakeItRain,ShadowBall,NastyPlot,Protect||||||50|,,,,,Dragon]Tyranitar||ClearAmulet|SandStream|RockSlide,KnockOff,TeraBlast,Protect|||F|||50|,,,,,Flying]Gastrodon-East||SitrusBerry|StormDrain|MuddyWater,EarthPower,Yawn,Protect|||F|||50|,,,,,Grass]Porygon2||Eviolite|Download|TeraBlast,IceBeam,TrickRoom,Recover||||||50|,,,,,Fighting]Rillaboom||AssaultVest|GrassySurge|WoodHammer,GrassyGlide,HighHorsepower,FakeOut|||M|||50|,,,,,Fire
|
|t:|1756178087
|teamsize|p1|4
|teamsize|p2|4
|start
|switch|p1a: Chesnaught|Chesnaught, L50, M|100/100
|switch|p1b: Pincurchin|Pincurchin, L50, M|100/100
|switch|p2a: Tyranitar|Tyranitar, L50, F, shiny|100/100
|switch|p2b: Porygon2|Porygon2, L50, shiny|100/100
|-weather|Sandstorm|[from] ability: Sand Stream|[of] p2a: Tyranitar
|-ability|p2b: Porygon2|Download|boost
|-boost|p2b: Porygon2|spa|1
|-fieldstart|move: Electric Terrain|[from] ability: Electric Surge|[of] p1b: Pincurchin
|-enditem|p1a: Chesnaught|Electric Seed
|-boost|p1a: Chesnaught|def|1|[from] item: Electric Seed
|turn|1
|inactive|Battle timer is ON: inactive players will automatically lose when time's up. (requested by dangro92)
|
|t:|1756178114
|switch|p2a: Incineroar|Incineroar, L50, F, shiny|100/100
|-ability|p2a: Incineroar|Intimidate|boost
|-unboost|p1a: Chesnaught|atk|1
|-unboost|p1b: Pincurchin|atk|1
|-terastallize|p1a: Chesnaught|Steel
|move|p1a: Chesnaught|Body Press|p2b: Porygon2
|-supereffective|p2b: Porygon2
|-crit|p2b: Porygon2
|-damage|p2b: Porygon2|0 fnt
|faint|p2b: Porygon2
|move|p1b: Pincurchin|Supercell Slam|p2a: Incineroar
|-crit|p2a: Incineroar
|-damage|p2a: Incineroar|35/100
|
|-weather|Sandstorm|[upkeep]
|-damage|p1b: Pincurchin|95/100|[from] Sandstorm
|upkeep
|
|t:|1756178135
|switch|p2b: Tyranitar|Tyranitar, L50, F, shiny|100/100
|turn|2
|
|t:|1756178155
|move|p1b: Pincurchin|Protect|p1b: Pincurchin
|-singleturn|p1b: Pincurchin|Protect
|move|p2a: Incineroar|Fake Out|p1a: Chesnaught
|-resisted|p1a: Chesnaught
|-damage|p1a: Chesnaught|98/100
|cant|p1a: Chesnaught|flinch
|move|p2b: Tyranitar|Knock Off|p1b: Pincurchin
|-activate|p1b: Pincurchin|move: Protect
|
|-weather|Sandstorm|[upkeep]
|-damage|p1b: Pincurchin|89/100|[from] Sandstorm
|upkeep
|turn|3
|inactive|dangro92 has 30 seconds left.
|
|t:|1756178186
|-terastallize|p2b: Tyranitar|Flying
|move|p1a: Chesnaught|Body Press|p2b: Tyranitar
|-resisted|p2b: Tyranitar
|-damage|p2b: Tyranitar|73/100
|move|p2b: Tyranitar|Knock Off|p1b: Pincurchin
|-damage|p1b: Pincurchin|27/100
|-enditem|p1b: Pincurchin|Focus Sash|[from] move: Knock Off|[of] p2b: Tyranitar
|move|p2a: Incineroar|Flare Blitz|p1a: Chesnaught
|-supereffective|p1a: Chesnaught
|-damage|p1a: Chesnaught|59/100
|-damage|p2a: Incineroar|23/100|[from] Recoil
|move|p1b: Pincurchin|Supercell Slam|p2b: Tyranitar
|-supereffective|p2b: Tyranitar
|-damage|p2b: Tyranitar|6/100
|
|-weather|Sandstorm|[upkeep]
|-damage|p2b: Tyranitar|0 fnt|[from] Sandstorm
|-damage|p1b: Pincurchin|21/100|[from] Sandstorm
|faint|p2b: Tyranitar
|upkeep
|
|t:|1756178206
|switch|p2b: Gholdengo|Gholdengo, L50|100/100
|turn|4
|
|t:|1756178214
|move|p2b: Gholdengo|Shadow Ball|p1a: Chesnaught
|-immune|p1a: Chesnaught|[from] ability: Bulletproof
|move|p1a: Chesnaught|Body Press|p2a: Incineroar
|-supereffective|p2a: Incineroar
|-damage|p2a: Incineroar|0 fnt
|faint|p2a: Incineroar
|move|p1b: Pincurchin|Supercell Slam|p2b: Gholdengo
|-damage|p2b: Gholdengo|53/100
|
|-weather|Sandstorm|[upkeep]
|-damage|p1b: Pincurchin|15/100|[from] Sandstorm
|-heal|p2b: Gholdengo|59/100|[from] item: Leftovers
|upkeep
|turn|5
|-message|dangro92 forfeited.
|
|win|Uncreative7452
|l|☆dangro92
|player|p2|
||dangro92 is ready for game 2.
||Uncreative7452 is ready for game 2.
|uhtml|next|Next: Game 2 of 3
