|j|☆Astano
|j|☆Canadianboard26
|html|AstanoCanadianboard26    
|uhtml|bestof|Game 2 of a best-of-3
|t:|1783065465
|gametype|doubles
|player|p1|Astano|265|1142
|player|p2|Canadianboard26|265|1094
|gen|9
|tier|[Gen 9 Champions] VGC 2026 Reg M-B (Bo3)
|rated|
|rule|Species Clause: Limit one of each Pokémon
|rule|Item Clause: Limit 1 of each item
|clearpoke
|poke|p1|Swampert, L50, F|
|poke|p1|Sableye, L50, M|
|poke|p1|Archaludon, L50, M|
|poke|p1|Pelipper, L50, M|
|poke|p1|Sylveon, L50, F|
|poke|p1|Venusaur, L50, F|
|poke|p2|Pyroar, L50, M|
|poke|p2|Whimsicott, L50, F|
|poke|p2|Farigiraf, L50, F|
|poke|p2|Basculegion, L50, M|
|poke|p2|Ninetales, L50, M|
|poke|p2|Garchomp, L50, F|
|teampreview|4
|showteam|p1|Swampert||Swampertite|Torrent|Protect,WaveCrash,Earthquake,HighHorsepower|Adamant||F|||50|]Sableye||LightClay|Prankster|Encore,Reflect,LightScreen,RainDance|Bold||M|||50|]Archaludon||Leftovers|Stamina|Protect,DragonPulse,FlashCannon,ElectroShot|Modest||M|||50|]Pelipper||SitrusBerry|Drizzle|Protect,WeatherBall,Hurricane,Tailwind|Bold||M|||50|]Sylveon||FairyFeather|Pixilate|Detect,HyperVoice,Moonblast,QuickAttack|Modest||F|||50|]Venusaur||Venusaurite|Overgrow|Protect,GigaDrain,SludgeBomb,EarthPower|Modest||F|||50|
|showteam|p2|Pyroar||Pyroarite|Unnerve|Overheat,HeatWave,SolarBeam,Protect|Timid||M|||50|]Whimsicott||FocusSash|Prankster|Moonblast,Tailwind,SunnyDay,Protect|Modest||F|||50|]Farigiraf||SitrusBerry|ArmorTail|TrickRoom,Thunderbolt,TwinBeam,HelpingHand|Bold||F|||50|]Basculegion||MysticWater|Adaptability|WaveCrash,AquaJet,LastRespects,Protect|Adamant||M|||50|]Ninetales||ChoiceScarf|Drought|FakeTears|Modest||M|||50|]Garchomp||LifeOrb|RoughSkin|RockSlide,ScaleShot,StompingTantrum,Protect|Adamant||F|||50|
|inactive|Battle timer is ON: inactive players will automatically lose when time's up. (requested by Canadianboard26)
|
|t:|1783065490
|teamsize|p1|4
|teamsize|p2|4
|start
|switch|p1a: Sableye|Sableye, L50, M|100/100
|switch|p1b: Swampert|Swampert, L50, F|100/100
|switch|p2a: Whimsicott|Whimsicott, L50, F|100/100
|switch|p2b: Pyroar|Pyroar, L50, M|100/100
|-ability|p2b: Pyroar|Unnerve
|turn|1
|inactive|Astano has 30 seconds left.
|inactive|Astano has 20 seconds left.
|
|t:|1783065527
|detailschange|p2b: Pyroar|Pyroar-Mega, L50, M
|-mega|p2b: Pyroar|Pyroar|Pyroarite
|detailschange|p1b: Swampert|Swampert-Mega, L50, F
|-mega|p1b: Swampert|Swampert|Swampertite
|move|p2b: Pyroar|Protect|p2b: Pyroar
|-singleturn|p2b: Pyroar|Protect
|move|p1a: Sableye|Rain Dance|p1a: Sableye
|-weather|RainDance
|move|p1b: Swampert|Earthquake|p2a: Whimsicott|[spread] p1a,p2a
|-activate|p2b: Pyroar|move: Protect
|-resisted|p2a: Whimsicott|1
|-damage|p1a: Sableye|45/100
|-damage|p2a: Whimsicott|65/100
|move|p2a: Whimsicott|Moonblast|p1a: Sableye
|-supereffective|p1a: Sableye|1
|-damage|p1a: Sableye|0 fnt
|faint|p1a: Sableye
|
|-weather|RainDance|[upkeep]
|upkeep
|
|t:|1783065536
|switch|p1a: Pelipper|Pelipper, L50, M|100/100
|turn|2
|
|t:|1783065550
|switch|p1a: Archaludon|Archaludon, L50, M|100/100
|move|p1b: Swampert|Protect|p1b: Swampert
|-singleturn|p1b: Swampert|Protect
|move|p2a: Whimsicott|Sunny Day|p2a: Whimsicott
|-weather|SunnyDay
|move|p2b: Pyroar|Solar Beam||[still]
|-prepare|p2b: Pyroar|Solar Beam
|-anim|p2b: Pyroar|Solar Beam|p1b: Swampert
|-activate|p1b: Swampert|move: Protect
|
|-weather|SunnyDay|[upkeep]
|upkeep
|turn|3
|
|t:|1783065565
|switch|p1b: Pelipper|Pelipper, L50, M|100/100
|-weather|RainDance|[from] ability: Drizzle|[of] p1b: Pelipper
|move|p2a: Whimsicott|Sunny Day|p2a: Whimsicott
|-weather|SunnyDay
|move|p2b: Pyroar|Solar Beam||[still]
|-prepare|p2b: Pyroar|Solar Beam
|-anim|p2b: Pyroar|Solar Beam|p1b: Pelipper
|-damage|p1b: Pelipper|53/100
|move|p1a: Archaludon|Electro Shot||[still]
|-prepare|p1a: Archaludon|Electro Shot
|-boost|p1a: Archaludon|spa|1
|
|-weather|SunnyDay|[upkeep]
|upkeep
|turn|4
|
|t:|1783065584
|move|p2a: Whimsicott|Protect|p2a: Whimsicott
|-singleturn|p2a: Whimsicott|Protect
|move|p2b: Pyroar|Protect|p2b: Pyroar
|-singleturn|p2b: Pyroar|Protect
|move|p1a: Archaludon|Electro Shot|p2b: Pyroar|[from] lockedmove
|-activate|p2b: Pyroar|move: Protect
|move|p1b: Pelipper|Tailwind|p1b: Pelipper
|-sidestart|p1: Astano|move: Tailwind
|
|-weather|SunnyDay|[upkeep]
|upkeep
|turn|5
|
|t:|1783065598
|switch|p1b: Swampert|Swampert-Mega, L50, F|100/100
|move|p1a: Archaludon|Protect|p1a: Archaludon
|-singleturn|p1a: Archaludon|Protect
|move|p2a: Whimsicott|Tailwind|p2a: Whimsicott
|-sidestart|p2: Canadianboard26|move: Tailwind
|move|p2b: Pyroar|Heat Wave|p1b: Swampert|[spread] p1b
|-activate|p1a: Archaludon|move: Protect
|-resisted|p1b: Swampert|1
|-damage|p1b: Swampert|62/100
|
|-weather|SunnyDay|[upkeep]
|upkeep
|turn|6
|
|t:|1783065619
|move|p1b: Swampert|Protect|p1b: Swampert
|-singleturn|p1b: Swampert|Protect
|move|p2a: Whimsicott|Sunny Day||[still]
|-fail|p2a: Whimsicott
|move|p2b: Pyroar|Overheat|p1a: Archaludon
|-damage|p1a: Archaludon|0 fnt
|-unboost|p2b: Pyroar|spa|2
|faint|p1a: Archaludon
|
|-weather|SunnyDay|[upkeep]
|upkeep
|
|t:|1783065624
|switch|p1a: Pelipper|Pelipper, L50, M|53/100
|-weather|RainDance|[from] ability: Drizzle|[of] p1a: Pelipper
|turn|7
|
|t:|1783065633
|move|p2a: Whimsicott|Sunny Day|p2a: Whimsicott
|-weather|SunnyDay
|move|p2b: Pyroar|Solar Beam||[still]
|-prepare|p2b: Pyroar|Solar Beam
|-anim|p2b: Pyroar|Solar Beam|p1b: Swampert
|-supereffective|p1b: Swampert|2
|-damage|p1b: Swampert|0 fnt
|faint|p1b: Swampert
|move|p1a: Pelipper|Hurricane|p2a: Whimsicott|[miss]
|-miss|p1a: Pelipper|p2a: Whimsicott
|
|-weather|SunnyDay|[upkeep]
|-sideend|p1: Astano|move: Tailwind
|upkeep
|turn|8
|c|☆Astano|ggwp
|-message|Astano forfeited.
|
|win|Canadianboard26
|raw|Astano's rating: 1142 → 1114(-28 for losing)
|raw|Canadianboard26's rating: 1094 → 1123(+29 for winning)
