|j|☆naibot2814
|j|☆strafenight
|html|naibot2814strafenight    
|uhtml|bestof|Game 1 of a best-of-3
|t:|1756919435
|gametype|doubles
|player|p1|naibot2814|ghetsis|1167
|player|p2|strafenight|emmet|1098
|gen|9
|tier|[Gen 9] VGC 2025 Reg H (Bo3)
|rated|
|rule|Species Clause: Limit one of each Pokémon
|rule|Item Clause: Limit 1 of each item
|clearpoke
|poke|p1|Gholdengo, L50|
|poke|p1|Porygon2, L50|
|poke|p1|Ursaluna, L50, M|
|poke|p1|Annihilape, L50, M|
|poke|p1|Amoonguss, L50, M|
|poke|p1|Incineroar, L50, M|
|poke|p2|Annihilape, L50, M|
|poke|p2|Ninetales-Alola, L50, F|
|poke|p2|Talonflame, L50, F|
|poke|p2|Garchomp, L50, M|
|poke|p2|Vivillon-Ocean, L50, F|
|poke|p2|Gholdengo, L50|
|teampreview|4
|showteam|p1|Gholdengo||LifeOrb|GoodasGold|MakeItRain,NastyPlot,Protect,ShadowBall||||||50|,,,,,Fairy]Porygon2||Eviolite|Download|TeraBlast,Recover,TrickRoom,IceBeam||||||50|,,,,,Fighting]Ursaluna||FlameOrb|Guts|Earthquake,Protect,Facade,HeadlongRush|||M|||50|,,,,,Ghost]Annihilape||SitrusBerry|Defiant|RageFist,Coaching,FinalGambit,DrainPunch|||M|||50|,,,,,Water]Amoonguss||CovertCloak|Regenerator|PollenPuff,RagePowder,Spore,ClearSmog|||M|||50|,,,,,Fairy]Incineroar||SafetyGoggles|Intimidate|FlareBlitz,FakeOut,PartingShot,KnockOff|||M|||50|,,,,,Ghost
|showteam|p2|Annihilape||SafetyGoggles|Defiant|RageFist,DrainPunch,BulkUp,Protect|||M|||50|,,,,,Water]Ninetales-Alola||CovertCloak|SnowWarning|Blizzard,FreezeDry,AuroraVeil,Protect|||F|||50|,,,,,Ice]Talonflame||SharpBeak|GaleWings|DualWingbeat,Tailwind,WillOWisp,Protect|||F|||50|,,,,,Ghost]Garchomp||LifeOrb|RoughSkin|Earthquake,StompingTantrum,DragonClaw,Protect|||M|||50|,,,,,Steel]Vivillon-Ocean||FocusSash|CompoundEyes|SleepPowder,Hurricane,RagePowder,Protect|||F|||50|,,,,,Ghost]Gholdengo||IronPlate|GoodasGold|MakeItRain,ShadowBall,NastyPlot,Protect||||||50|,,,,,Steel
|
|t:|1756919469
|teamsize|p1|4
|teamsize|p2|4
|start
|switch|p1a: Gholdengo|Gholdengo, L50, shiny|100/100
|switch|p1b: Porygon2|Porygon2, L50|100/100
|switch|p2a: Annihilape|Annihilape, L50, M, shiny|100/100
|switch|p2b: Talonflame|Talonflame, L50, F|100/100
|-ability|p1b: Porygon2|Download|boost
|-boost|p1b: Porygon2|atk|1
|turn|1
|
|t:|1756919490
|switch|p1a: Ursaluna|Ursaluna, L50, M, shiny|100/100
|move|p2b: Talonflame|Will-O-Wisp|p1b: Porygon2
|-status|p1b: Porygon2|brn
|move|p2a: Annihilape|Bulk Up|p2a: Annihilape
|-boost|p2a: Annihilape|atk|1
|-boost|p2a: Annihilape|def|1
|move|p1b: Porygon2|Trick Room|p1b: Porygon2
|-fieldstart|move: Trick Room|[of] p1b: Porygon2
|
|-damage|p1b: Porygon2|95/100 brn|[from] brn
|-status|p1a: Ursaluna|brn|[from] item: Flame Orb
|upkeep
|turn|2
|
|t:|1756919527
|move|p1a: Ursaluna|Protect|p1a: Ursaluna
|-singleturn|p1a: Ursaluna|Protect
|move|p2a: Annihilape|Protect|p2a: Annihilape
|-singleturn|p2a: Annihilape|Protect
|move|p2b: Talonflame|Protect|p2b: Talonflame
|-singleturn|p2b: Talonflame|Protect
|move|p1b: Porygon2|Tera Blast|p2b: Talonflame
|-activate|p2b: Talonflame|move: Protect
|
|-damage|p1a: Ursaluna|95/100 brn|[from] brn
|-damage|p1b: Porygon2|89/100 brn|[from] brn
|upkeep
|turn|3
|
|t:|1756919551
|switch|p2b: Vivillon|Vivillon-Ocean, L50, F|100/100
|-terastallize|p2a: Annihilape|Water
|move|p1a: Ursaluna|Headlong Rush|p2a: Annihilape
|-damage|p2a: Annihilape|32/100
|-unboost|p1a: Ursaluna|def|1
|-unboost|p1a: Ursaluna|spd|1
|move|p1b: Porygon2|Ice Beam|p2a: Annihilape
|-resisted|p2a: Annihilape
|-damage|p2a: Annihilape|21/100
|-status|p2a: Annihilape|frz
|cant|p2a: Annihilape|frz
|
|-damage|p1a: Ursaluna|89/100 brn|[from] brn
|-damage|p1b: Porygon2|83/100 brn|[from] brn
|upkeep
|turn|4
|
|t:|1756919568
|move|p2b: Vivillon|Rage Powder|p2b: Vivillon
|-singleturn|p2b: Vivillon|move: Rage Powder
|move|p1a: Ursaluna|Facade|p2b: Vivillon
|-enditem|p2b: Vivillon|Focus Sash
|-damage|p2b: Vivillon|1/100
|move|p1b: Porygon2|Tera Blast|p2b: Vivillon
|-damage|p2b: Vivillon|0 fnt
|faint|p2b: Vivillon
|cant|p2a: Annihilape|frz
|
|-damage|p1a: Ursaluna|83/100 brn|[from] brn
|-damage|p1b: Porygon2|77/100 brn|[from] brn
|upkeep
|c|☆strafenight|lol
|c|☆naibot2814|XDDD
|
|t:|1756919592
|switch|p2b: Gholdengo|Gholdengo, L50|100/100
|turn|5
|
|t:|1756919605
|move|p2b: Gholdengo|Protect|p2b: Gholdengo
|-singleturn|p2b: Gholdengo|Protect
|move|p1a: Ursaluna|Headlong Rush|p2b: Gholdengo
|-activate|p2b: Gholdengo|move: Protect
|move|p1b: Porygon2|Tera Blast|p2a: Annihilape
|-damage|p2a: Annihilape|0 fnt
|faint|p2a: Annihilape
|
|-damage|p1a: Ursaluna|77/100 brn|[from] brn
|-damage|p1b: Porygon2|71/100 brn|[from] brn
|-fieldend|move: Trick Room
|upkeep
|
|t:|1756919614
|switch|p2a: Talonflame|Talonflame, L50, F|100/100
|turn|6
|
|t:|1756919633
|switch|p1a: Gholdengo|Gholdengo, L50, shiny|100/100
|move|p2a: Talonflame|Tailwind|p2a: Talonflame
|-sidestart|p2: strafenight|move: Tailwind
|move|p2b: Gholdengo|Make It Rain|p1b: Porygon2|[spread] p1a,p1b
|-resisted|p1a: Gholdengo
|-damage|p1a: Gholdengo|73/100
|-damage|p1b: Porygon2|39/100 brn
|-unboost|p2b: Gholdengo|spa|1
|move|p1b: Porygon2|Trick Room|p1b: Porygon2
|-fieldstart|move: Trick Room|[of] p1b: Porygon2
|
|-damage|p1b: Porygon2|33/100 brn|[from] brn
|upkeep
|turn|7
|
|t:|1756919653
|move|p2a: Talonflame|Dual Wingbeat|p1a: Gholdengo
|-resisted|p1a: Gholdengo
|-damage|p1a: Gholdengo|65/100
|-resisted|p1a: Gholdengo
|-damage|p1a: Gholdengo|56/100
|-hitcount|p1a: Gholdengo|2
|move|p1b: Porygon2|Recover|p1b: Porygon2
|-heal|p1b: Porygon2|83/100 brn
|move|p1a: Gholdengo|Shadow Ball|p2b: Gholdengo
|-supereffective|p2b: Gholdengo
|-damage|p2b: Gholdengo|0 fnt
|faint|p2b: Gholdengo
|-damage|p1a: Gholdengo|46/100|[from] item: Life Orb
|
|-damage|p1b: Porygon2|77/100 brn|[from] brn
|upkeep
|turn|8
|-message|strafenight forfeited.
|
|win|naibot2814
|l|☆strafenight
|player|p2|
||strafenight is ready for game 2.
||naibot2814 is ready for game 2.
|uhtml|next|Next: Game 2 of 3
