|j|☆Bobbo1
|j|☆CrystalGem02
|html|Bobbo1CrystalGem02    
|uhtml|bestof|Game 2 of a best-of-3
|t:|1756746043
|gametype|doubles
|player|p1|Bobbo1|ghetsis|1228
|player|p2|CrystalGem02|valerie|1323
|gen|9
|tier|[Gen 9] VGC 2025 Reg H (Bo3)
|rated|
|rule|Species Clause: Limit one of each Pokémon
|rule|Item Clause: Limit 1 of each item
|clearpoke
|poke|p1|Palafin, L50, M|
|poke|p1|Incineroar, L50, M|
|poke|p1|Rillaboom, L50, M|
|poke|p1|Volcarona, L50, F|
|poke|p1|Ninetales-Alola, L50, M|
|poke|p1|Gholdengo, L50|
|poke|p2|Toedscruel, L50, M|
|poke|p2|Weezing-Galar, L50, M|
|poke|p2|Corviknight, L50, M|
|poke|p2|Pawmot, L50, F|
|poke|p2|Garchomp, L50, M|
|poke|p2|Typhlosion-Hisui, L50, F|
|teampreview|4
|showteam|p1|Palafin||MysticWater|ZerotoHero|IcePunch,JetPunch,WaveCrash,Protect|||M|||50|,,,,,Water]Incineroar||SafetyGoggles|Intimidate|FakeOut,KnockOff,FlareBlitz,PartingShot|||M|||50|,,,,,Ghost]Rillaboom||AssaultVest|GrassySurge|FakeOut,GrassyGlide,WoodHammer,Uturn|||M|||50|,,,,,Fire]Volcarona||GrassySeed|FlameBody|QuiverDance,FieryDance,GigaDrain,Protect|||F|||50|,,,,,Grass]Ninetales-Alola||LightClay|SnowWarning|AuroraVeil,Blizzard,Moonblast,Protect|||M|||50|,,,,,Fire]Gholdengo||LifeOrb|GoodasGold|NastyPlot,MakeItRain,ShadowBall,Protect||||||50|,,,,,Water
|showteam|p2|Toedscruel||CovertCloak|MyceliumMight|EarthPower,AcidSpray,Spore,RagePowder|||M|||50|,,,,,Water]Weezing-Galar||ChoiceSpecs|NeutralizingGas|SludgeBomb,StrangeSteam,DazzlingGleam,Flamethrower|||M|||50|,,,,,Fire]Corviknight||SitrusBerry|MirrorArmor|BraveBird,Tailwind,Roost,Protect|||M|||50|,,,,,Dragon]Pawmot||FocusSash|NaturalCure|CloseCombat,DoubleShock,FakeOut,Protect|||F|||50|,,,,,Electric]Garchomp||LifeOrb|RoughSkin|DragonClaw,StompingTantrum,Earthquake,Protect|||M|||50|,,,,,Ground]Typhlosion-Hisui||ChoiceScarf|Blaze|Eruption,HeatWave,ShadowBall,SleepTalk|||F|||50|,,,,,Fire
|inactive|Battle timer is ON: inactive players will automatically lose when time's up. (requested by Bobbo1)
|
|t:|1756746087
|teamsize|p1|4
|teamsize|p2|4
|start
|switch|p1a: Palafin|Palafin, L50, M|100/100
|switch|p1b: Volcarona|Volcarona, L50, F|100/100
|switch|p2a: Pawmot|Pawmot, L50, F|100/100
|switch|p2b: Weezing|Weezing-Galar, L50, M|100/100
|-ability|p2b: Weezing|Neutralizing Gas
|turn|1
|inactive|Bobbo1 has 30 seconds left.
|inactive|CrystalGem02 has 30 seconds left.
|inactive|Bobbo1 has 20 seconds left.
|
|t:|1756746125
|detailschange|p1a: Palafin|Palafin-Hero, L50, M
|switch|p1a: Rillaboom|Rillaboom, L50, M|100/100
|-terastallize|p2a: Pawmot|Electric
|move|p1b: Volcarona|Protect|p1b: Volcarona
|-singleturn|p1b: Volcarona|Protect
|move|p2a: Pawmot|Double Shock|p1b: Volcarona
|-activate|p1b: Volcarona|move: Protect
|move|p2b: Weezing|Sludge Bomb|p1a: Rillaboom
|-supereffective|p1a: Rillaboom
|-damage|p1a: Rillaboom|28/100
|-status|p1a: Rillaboom|psn
|
|-damage|p1a: Rillaboom|16/100 psn|[from] psn
|upkeep
|turn|2
|
|t:|1756746147
|switch|p2a: Typhlosion|Typhlosion-Hisui, L50, F|100/100
|move|p1a: Rillaboom|Fake Out|p2a: Typhlosion
|-immune|p2a: Typhlosion
|move|p1b: Volcarona|Quiver Dance|p1b: Volcarona
|-boost|p1b: Volcarona|spa|1
|-boost|p1b: Volcarona|spd|1
|-boost|p1b: Volcarona|spe|1
|move|p2b: Weezing|Sludge Bomb|p1b: Volcarona
|-damage|p1b: Volcarona|69/100
|
|-damage|p1a: Rillaboom|4/100 psn|[from] psn
|upkeep
|turn|3
|inactive|CrystalGem02 has 30 seconds left.
|inactive|Bobbo1 has 30 seconds left.
|
|t:|1756746184
|switch|p1a: Incineroar|Incineroar, L50, M|100/100
|move|p2a: Typhlosion|Heat Wave|p1a: Incineroar|[spread] p1a,p1b
|-resisted|p1a: Incineroar
|-crit|p1b: Volcarona
|-damage|p1a: Incineroar|86/100
|-damage|p1b: Volcarona|15/100
|move|p1b: Volcarona|Fiery Dance|p2a: Typhlosion
|-resisted|p2a: Typhlosion
|-damage|p2a: Typhlosion|58/100
|-boost|p1b: Volcarona|spa|1
|move|p2b: Weezing|Sludge Bomb|p1b: Volcarona
|-damage|p1b: Volcarona|0 fnt
|faint|p1b: Volcarona
|
|upkeep
|
|t:|1756746199
|switch|p1b: Palafin|Palafin-Hero, L50, M|100/100
|-activate|p1b: Palafin|ability: Zero to Hero
|turn|4
|
|t:|1756746207
|-terastallize|p1b: Palafin|Water
|move|p1a: Incineroar|Fake Out|p2b: Weezing
|-damage|p2b: Weezing|88/100
|move|p1b: Palafin|Jet Punch|p2a: Typhlosion
|-supereffective|p2a: Typhlosion
|-damage|p2a: Typhlosion|0 fnt
|faint|p2a: Typhlosion
|cant|p2b: Weezing|flinch
|
|upkeep
|
|t:|1756746214
|switch|p2a: Pawmot|Pawmot, L50, F, tera:Electric|100/100
|turn|5
|
|t:|1756746221
|move|p1b: Palafin|Jet Punch|p2a: Pawmot
|-enditem|p2a: Pawmot|Focus Sash
|-damage|p2a: Pawmot|1/100
|move|p2a: Pawmot|Close Combat|p1a: Incineroar
|-supereffective|p1a: Incineroar
|-damage|p1a: Incineroar|0 fnt
|-unboost|p2a: Pawmot|def|1
|-unboost|p2a: Pawmot|spd|1
|faint|p1a: Incineroar
|move|p2b: Weezing|Sludge Bomb|p1b: Palafin
|-crit|p1b: Palafin
|-damage|p1b: Palafin|11/100
|
|upkeep
|
|t:|1756746233
|switch|p1a: Rillaboom|Rillaboom, L50, M|4/100 psn
|turn|6
|
|t:|1756746240
|move|p2a: Pawmot|Protect|p2a: Pawmot
|-singleturn|p2a: Pawmot|Protect
|move|p1a: Rillaboom|Fake Out|p2b: Weezing
|-damage|p2b: Weezing|76/100
|move|p1b: Palafin|Jet Punch|p2b: Weezing
|-damage|p2b: Weezing|17/100
|cant|p2b: Weezing|flinch
|
|-damage|p1a: Rillaboom|0 fnt|[from] psn
|faint|p1a: Rillaboom
|upkeep
|turn|7
|inactive|Bobbo1 has 30 seconds left.
|inactive|CrystalGem02 has 30 seconds left.
|inactive|CrystalGem02 has 20 seconds left.
|
|t:|1756746279
|move|p1b: Palafin|Protect|p1b: Palafin
|-singleturn|p1b: Palafin|Protect
|move|p2a: Pawmot|Double Shock|p1b: Palafin
|-activate|p1b: Palafin|move: Protect
|move|p2b: Weezing|Sludge Bomb|p1b: Palafin
|-activate|p1b: Palafin|move: Protect
|
|upkeep
|turn|8
|
|t:|1756746287
|move|p1b: Palafin|Jet Punch|p2a: Pawmot
|-damage|p2a: Pawmot|0 fnt
|faint|p2a: Pawmot
|move|p2b: Weezing|Sludge Bomb|p1b: Palafin
|-damage|p1b: Palafin|0 fnt
|faint|p1b: Palafin
|
|win|CrystalGem02
