|j|☆ToastedArt
|j|☆Muffinking25
|html|ToastedArtMuffinking25    
|uhtml|bestof|Game 2 of a best-of-3
|t:|1785611110
|gametype|doubles
|player|p1|ToastedArt|iris|1012
|player|p2|Muffinking25|1|1080
|gen|9
|tier|[Gen 9 Champions] VGC 2026 Reg M-B (Bo3)
|rated|
|rule|Species Clause: Limit one of each Pokémon
|rule|Item Clause: Limit 1 of each item
|clearpoke
|poke|p1|Sneasler, L50, F|
|poke|p1|Incineroar, L50, F|
|poke|p1|Sinistcha, L50|
|poke|p1|Floette-Eternal, L50, F|
|poke|p1|Blastoise, L50, F|
|poke|p1|Kingambit, L50, F|
|poke|p2|Decidueye-Hisui, L50, F|
|poke|p2|Camerupt, L50, M|
|poke|p2|Farigiraf, L50, F|
|poke|p2|Mawile, L50, F|
|poke|p2|Vanilluxe, L50, F|
|poke|p2|Incineroar, L50, M|
|teampreview|4
|showteam|p1|Sneasler||FocusSash|PoisonTouch|CloseCombat,PoisonJab,FakeOut,QuickGuard|Jolly||F|||50|]Incineroar||SitrusBerry|Intimidate|FlareBlitz,DarkestLariat,PartingShot,FakeOut|Impish||F|||50|]Sinistcha||KasibBerry|Hospitality|MatchaGotcha,RagePowder,TrickRoom,Protect|Relaxed|||||50|]Floette-Eternal||Floettite|FlowerVeil|DazzlingGleam,DrainingKiss,CalmMind,Protect|Modest||F|||50|]Blastoise||Blastoisinite|Torrent|WaterSpout,DarkPulse,ShellSmash,Protect|Modest||F|||50|]Kingambit||BlackGlasses|Defiant|KowtowCleave,SuckerPunch,SwordsDance,Protect|Adamant||F|||50|
|showteam|p2|Decidueye-Hisui||ScopeLens|Scrappy|Protect,LeafBlade,Uturn,TripleArrows|Adamant||F|||50|]Camerupt||Cameruptite|SolidRock|Protect,EarthPower,HeatWave,AncientPower|Quiet||M|||50|]Farigiraf||SitrusBerry|ArmorTail|PsychicFangs,HyperVoice,HelpingHand,TrickRoom|Relaxed||F|||50|]Mawile||Mawilite|HyperCutter|Protect,IronHead,PlayRough,SuckerPunch|Brave||F|||50|]Vanilluxe||NeverMeltIce|SnowWarning|Protect,Blizzard,FreezeDry,IceShard|Quiet||F|||50|]Incineroar||WhiteHerb|Intimidate|FlareBlitz,CloseCombat,DarkestLariat,FakeOut|Brave||M|||50|
|inactive|Battle timer is ON: inactive players will automatically lose when time's up. (requested by ToastedArt)
|
|t:|1785611122
|teamsize|p1|4
|teamsize|p2|4
|start
|switch|p1a: Sneasler|Sneasler, L50, F|100/100
|switch|p1b: Blastoise|Blastoise, L50, F|100/100
|switch|p2a: Farigiraf|Farigiraf, L50, F|100/100
|switch|p2b: Incineroar|Incineroar, L50, M|100/100
|-ability|p2b: Incineroar|Intimidate|boost
|-unboost|p1a: Sneasler|atk|1
|-unboost|p1b: Blastoise|atk|1
|turn|1
|
|t:|1785611142
|detailschange|p1b: Blastoise|Blastoise-Mega, L50, F
|-mega|p1b: Blastoise|Blastoise|Blastoisinite
|move|p1a: Sneasler|Quick Guard|p1a: Sneasler
|-singleturn|p1a: Sneasler|Quick Guard
|move|p2b: Incineroar|Fake Out|p1b: Blastoise
|-activate|p1b: Blastoise|move: Quick Guard
|move|p1b: Blastoise|Shell Smash|p1b: Blastoise
|-unboost|p1b: Blastoise|def|1
|-unboost|p1b: Blastoise|spd|1
|-boost|p1b: Blastoise|atk|2
|-boost|p1b: Blastoise|spa|2
|-boost|p1b: Blastoise|spe|2
|move|p2a: Farigiraf|Trick Room|p2a: Farigiraf
|-fieldstart|move: Trick Room|[of] p2a: Farigiraf
|
|upkeep
|turn|2
|inactive|Muffinking25 has 30 seconds left.
|inactive|Muffinking25 has 20 seconds left.
|
|t:|1785611181
|switch|p1a: Sinistcha|Sinistcha, L50|100/100
|move|p1b: Blastoise|Protect|p1b: Blastoise
|-singleturn|p1b: Blastoise|Protect
|move|p2b: Incineroar|Darkest Lariat|p1b: Blastoise
|-activate|p1b: Blastoise|move: Protect
|move|p2a: Farigiraf|Hyper Voice|p1b: Blastoise|[spread] 
|-activate|p1b: Blastoise|move: Protect
|-immune|p1a: Sinistcha
|
|upkeep
|turn|3
|inactive|Muffinking25 has 30 seconds left.
|
|t:|1785611210
|move|p2a: Farigiraf|Helping Hand|p2b: Incineroar
|-singleturn|p2b: Incineroar|Helping Hand|[of] p2a: Farigiraf
|move|p1a: Sinistcha|Rage Powder|p1a: Sinistcha
|-singleturn|p1a: Sinistcha|move: Rage Powder
|move|p2b: Incineroar|Darkest Lariat|p1a: Sinistcha
|-supereffective|p1a: Sinistcha|1
|-damage|p1a: Sinistcha|11/100
|move|p1b: Blastoise|Water Spout|p2b: Incineroar|[spread] p2a,p2b
|-supereffective|p2b: Incineroar|1
|-damage|p2a: Farigiraf|0 fnt
|-damage|p2b: Incineroar|0 fnt
|faint|p2a: Farigiraf
|faint|p2b: Incineroar
|
|upkeep
|
|t:|1785611221
|switch|p2b: Vanilluxe|Vanilluxe, L50, F|100/100
|switch|p2a: Camerupt|Camerupt, L50, M|100/100
|-weather|Snowscape|[from] ability: Snow Warning|[of] p2b: Vanilluxe
|turn|4
|
|t:|1785611233
|detailschange|p2a: Camerupt|Camerupt-Mega, L50, M
|-mega|p2a: Camerupt|Camerupt|Cameruptite
|move|p1a: Sinistcha|Rage Powder|p1a: Sinistcha
|-singleturn|p1a: Sinistcha|move: Rage Powder
|move|p2a: Camerupt|Heat Wave|p1a: Sinistcha|[spread] p1a
|-miss|p2a: Camerupt|p1b: Blastoise
|-supereffective|p1a: Sinistcha|1
|-damage|p1a: Sinistcha|0 fnt
|faint|p1a: Sinistcha
|move|p2b: Vanilluxe|Freeze-Dry|p1b: Blastoise
|-supereffective|p1b: Blastoise|1
|-damage|p1b: Blastoise|0 fnt
|faint|p1b: Blastoise
|
|-weather|Snowscape|[upkeep]
|upkeep
|
|t:|1785611243
|switch|p1a: Sneasler|Sneasler, L50, F|100/100
|switch|p1b: Incineroar|Incineroar, L50, F|100/100
|-ability|p1b: Incineroar|Intimidate|boost
|-unboost|p2a: Camerupt|atk|1
|-unboost|p2b: Vanilluxe|atk|1
|turn|5
|
|t:|1785611254
|move|p2a: Camerupt|Protect|p2a: Camerupt
|-singleturn|p2a: Camerupt|Protect
|move|p2b: Vanilluxe|Protect|p2b: Vanilluxe
|-singleturn|p2b: Vanilluxe|Protect
|move|p1b: Incineroar|Fake Out|p2b: Vanilluxe
|-activate|p2b: Vanilluxe|move: Protect
|move|p1a: Sneasler|Fake Out|p2a: Camerupt
|-activate|p2a: Camerupt|move: Protect
|
|-weather|Snowscape|[upkeep]
|-fieldend|move: Trick Room
|upkeep
|turn|6
|inactive|Muffinking25 has 30 seconds left.
|
|t:|1785611287
|move|p1a: Sneasler|Close Combat|p2b: Vanilluxe
|-supereffective|p2b: Vanilluxe|1
|-crit|p2b: Vanilluxe
|-damage|p2b: Vanilluxe|0 fnt
|-unboost|p1a: Sneasler|def|1
|-unboost|p1a: Sneasler|spd|1
|faint|p2b: Vanilluxe
|move|p1b: Incineroar|Darkest Lariat|p2a: Camerupt
|-damage|p2a: Camerupt|62/100
|move|p2a: Camerupt|Earth Power|p1b: Incineroar
|-supereffective|p1b: Incineroar|1
|-damage|p1b: Incineroar|0 fnt
|faint|p1b: Incineroar
|
|-weather|Snowscape|[upkeep]
|upkeep
|turn|7
|
|t:|1785611304
|move|p1a: Sneasler|Close Combat|p2a: Camerupt
|-damage|p2a: Camerupt|0 fnt
|-unboost|p1a: Sneasler|def|1
|-unboost|p1a: Sneasler|spd|1
|faint|p2a: Camerupt
|
|win|ToastedArt
|raw|ToastedArt's rating: 1012 → 1058(+46 for winning)
|raw|Muffinking25's rating: 1080 → 1054(-26 for losing)
