|j|☆karissel
|j|☆AS917855
|html|karisselAS917855    
|uhtml|bestof|Game 2 of a best-of-3
|t:|1785731906
|gametype|doubles
|player|p1|karissel|burgh-masters|1273
|player|p2|AS917855|cynthia-gen4|1062
|gen|9
|tier|[Gen 9 Champions] VGC 2026 Reg M-B (Bo3)
|rated|
|rule|Species Clause: Limit one of each Pokémon
|rule|Item Clause: Limit 1 of each item
|clearpoke
|poke|p1|Arcanine-Hisui, L50, M|
|poke|p1|Staraptor, L50, F|
|poke|p1|Farigiraf, L50, M|
|poke|p1|Sylveon, L50, M|
|poke|p1|Kingambit, L50, F|
|poke|p1|Raichu, L50, M|
|poke|p2|Gholdengo, L50|
|poke|p2|Charizard, L50, M|
|poke|p2|Garchomp, L50, F|
|poke|p2|Sneasler, L50, M|
|poke|p2|Basculegion, L50, M|
|poke|p2|Glimmora, L50, F|
|teampreview|4
|showteam|p1|Arcanine-Hisui||FocusSash|RockHead|Protect,ExtremeSpeed,HeadSmash,FlareBlitz|Jolly||M|||50|]Staraptor||Staraptite|Intimidate|Tailwind,DualWingbeat,CloseCombat,Protect|Jolly||F|||50|]Farigiraf||SitrusBerry|ArmorTail|Protect,Psychic,TrickRoom,HelpingHand|Calm||M|||50|]Sylveon||FairyFeather|Pixilate|Protect,HyperVoice,HyperBeam,QuickAttack|Modest||M|||50|]Kingambit||LifeOrb|Defiant|SwordsDance,KowtowCleave,SuckerPunch,Protect|Adamant||F|||50|]Raichu||RaichuniteY|LightningRod|Protect,ZapCannon,FakeOut,FocusBlast|Hasty||M|||50|
|showteam|p2|Gholdengo||Leftovers|GoodasGold|MakeItRain,NastyPlot,FocusBlast,DazzlingGleam|Modest|||||50|]Charizard||CharizarditeY|SolarPower|AirSlash,HeatWave,Roost,DragonPulse|Modest||M|||50|]Garchomp||LifeOrb|RoughSkin|Earthquake,Liquidation,DragonClaw,SwordsDance|Jolly||F|||50|]Sneasler||FocusSash|Unburden|CloseCombat,FakeOut,DireClaw,ThroatChop|Jolly||M|||50|]Basculegion||ChoiceScarf|Adaptability|LastRespects,Liquidation,WaveCrash,Outrage|Adamant||M|||50|]Glimmora||SitrusBerry|ToxicDebris|DazzlingGleam,EarthPower,EnergyBall,LightScreen|Modest||F|||50|
|inactive|Battle timer is ON: inactive players will automatically lose when time's up. (requested by karissel)
|j| LOCALSIRMUM
|inactive|AS917855 has 60 seconds left.
|
|t:|1785731940
|teamsize|p1|4
|teamsize|p2|4
|start
|switch|p1a: Staraptor|Staraptor, L50, F|100/100
|switch|p1b: Arcanine|Arcanine-Hisui, L50, M|100/100
|switch|p2a: Sneasler|Sneasler, L50, M|100/100
|switch|p2b: Basculegion|Basculegion, L50, M|100/100
|-ability|p1a: Staraptor|Intimidate|boost
|-unboost|p2a: Sneasler|atk|1
|-unboost|p2b: Basculegion|atk|1
|turn|1
|inactive|karissel has 30 seconds left.
|
|t:|1785731969
|detailschange|p1a: Staraptor|Staraptor-Mega, L50, F
|-mega|p1a: Staraptor|Staraptor|Staraptite
|move|p1b: Arcanine|Protect|p1b: Arcanine
|-singleturn|p1b: Arcanine|Protect
|move|p2a: Sneasler|Fake Out|p1a: Staraptor
|-damage|p1a: Staraptor|91/100
|cant|p1a: Staraptor|flinch
|move|p2b: Basculegion|Wave Crash|p1b: Arcanine
|-activate|p1b: Arcanine|move: Protect
|
|upkeep
|turn|2
|inactive|AS917855 has 30 seconds left.
|
|t:|1785731995
|switch|p1b: Farigiraf|Farigiraf, L50, M|100/100
|move|p2a: Sneasler|Close Combat|p1a: Staraptor
|-resisted|p1a: Staraptor|1
|-crit|p1a: Staraptor
|-damage|p1a: Staraptor|45/100
|-unboost|p2a: Sneasler|def|1
|-unboost|p2a: Sneasler|spd|1
|move|p1a: Staraptor|Tailwind|p1a: Staraptor
|-sidestart|p1: karissel|move: Tailwind
|move|p2b: Basculegion|Wave Crash|p1b: Farigiraf
|-damage|p1b: Farigiraf|53/100
|-damage|p2b: Basculegion|84/100|[from] Recoil
|
|upkeep
|turn|3
|
|t:|1785732014
|move|p1a: Staraptor|Dual Wingbeat|p2a: Sneasler
|-supereffective|p2a: Sneasler|1
|-crit|p2a: Sneasler
|-enditem|p2a: Sneasler|Focus Sash
|-damage|p2a: Sneasler|1/100
|-supereffective|p2a: Sneasler|1
|-damage|p2a: Sneasler|0 fnt
|faint|p2a: Sneasler
|-hitcount|p2: Sneasler|2
|move|p1b: Farigiraf|Psychic|p2b: Basculegion
|-damage|p2b: Basculegion|53/100
|move|p2b: Basculegion|Wave Crash|p1b: Farigiraf
|-damage|p1b: Farigiraf|0 fnt
|faint|p1b: Farigiraf
|-damage|p2b: Basculegion|36/100|[from] Recoil
|
|upkeep
|
|t:|1785732034
|switch|p2a: Charizard|Charizard, L50, M|100/100
|switch|p1b: Arcanine|Arcanine-Hisui, L50, M|100/100
|turn|4
|
|t:|1785732045
|switch|p2a: Gholdengo|Gholdengo, L50|100/100
|move|p1a: Staraptor|Dual Wingbeat|p2b: Basculegion
|-damage|p2b: Basculegion|14/100
|-damage|p2b: Basculegion|0 fnt
|faint|p2b: Basculegion
|-hitcount|p2: Basculegion|2
|move|p1b: Arcanine|Head Smash|p2a: Gholdengo
|-resisted|p2a: Gholdengo|1
|-damage|p2a: Gholdengo|58/100
|
|-heal|p2a: Gholdengo|64/100|[from] item: Leftovers
|upkeep
|
|t:|1785732059
|switch|p2b: Charizard|Charizard, L50, M|100/100
|turn|5
|
|t:|1785732079
|detailschange|p2b: Charizard|Charizard-Mega-Y, L50, M
|-mega|p2b: Charizard|Charizard|Charizardite Y
|-weather|SunnyDay|[from] ability: Drought|[of] p2b: Charizard
|move|p1a: Staraptor|Close Combat|p2b: Charizard
|-resisted|p2b: Charizard|1
|-damage|p2b: Charizard|58/100
|-boost|p1a: Staraptor|def|1
|-boost|p1a: Staraptor|spd|1
|move|p1b: Arcanine|Flare Blitz|p2a: Gholdengo
|-supereffective|p2a: Gholdengo|1
|-damage|p2a: Gholdengo|0 fnt
|faint|p2a: Gholdengo
|move|p2b: Charizard|Heat Wave|p1b: Arcanine|[spread] p1a,p1b
|-resisted|p1b: Arcanine|2
|-damage|p1a: Staraptor|0 fnt
|-damage|p1b: Arcanine|77/100
|faint|p1a: Staraptor
|
|-weather|SunnyDay|[upkeep]
|-sideend|p1: karissel|move: Tailwind
|upkeep
|
|t:|1785732093
|switch|p1a: Sylveon|Sylveon, L50, M|100/100
|turn|6
|
|t:|1785732107
|move|p1b: Arcanine|Head Smash|p2b: Charizard
|-supereffective|p2b: Charizard|2
|-damage|p2b: Charizard|0 fnt
|faint|p2b: Charizard
|
|win|karissel
|raw|karissel's rating: 1273 → 1284(+11 for winning)
|raw|AS917855's rating: 1062 → 1053(-9 for losing)
