|j|☆salmoncashew
|j|☆adamanitum200
|html|salmoncashewadamanitum200    
|uhtml|bestof|Game 2 of a best-of-3
|t:|1783720889
|gametype|doubles
|player|p1|salmoncashew|caitlin|1215
|player|p2|adamanitum200|266|1296
|gen|9
|tier|[Gen 9 Champions] VGC 2026 Reg M-B (Bo3)
|rated|
|rule|Species Clause: Limit one of each Pokémon
|rule|Item Clause: Limit 1 of each item
|clearpoke
|poke|p1|Whimsicott, L50, F|
|poke|p1|Sneasler, L50, M|
|poke|p1|Basculegion, L50, M|
|poke|p1|Incineroar, L50, M, shiny|
|poke|p1|Pyroar, L50, F, shiny|
|poke|p1|Garchomp, L50, M|
|poke|p2|Torkoal, L50, M|
|poke|p2|Whimsicott, L50, M|
|poke|p2|Farigiraf, L50, F|
|poke|p2|Kingambit, L50, M|
|poke|p2|Basculegion, L50, M|
|poke|p2|Delphox, L50, F|
|teampreview|4
|showteam|p1|Whimsicott||FocusSash|Prankster|Encore,Tailwind,SunnyDay,Moonblast|Timid||F|||50|]Sneasler||WhiteHerb|Unburden|Protect,CloseCombat,ThroatChop,GunkShot|Adamant||M|||50|]Basculegion||ChoiceScarf|Adaptability|LastRespects,FlipTurn,WaveCrash,AquaJet|Jolly||M|||50|]Incineroar||SitrusBerry|Intimidate|FakeOut,PartingShot,ThroatChop,FlareBlitz|Adamant||M|||50|]Pyroar||Pyroarite|Unnerve|Protect,HeatWave,Overheat,SolarBeam|Timid||F|||50|]Garchomp||LifeOrb|RoughSkin|Earthquake,DragonClaw,StompingTantrum,Protect|Adamant||M|||50|
|showteam|p2|Torkoal||Charcoal|Drought|HelpingHand,HeatWave,Protect,SolarBeam|Modest||M|||50|]Whimsicott||FocusSash|Prankster|EnergyBall,Encore,Tailwind,Moonblast|Timid||M|||50|]Farigiraf||SitrusBerry|ArmorTail|HelpingHand,HyperVoice,Psychic,TrickRoom|Relaxed||F|||50|]Kingambit||ChopleBerry|Defiant|SuckerPunch,Protect,IronHead,KowtowCleave|Adamant||M|||50|]Basculegion||LifeOrb|Adaptability|AquaJet,WaveCrash,LastRespects,Protect|Adamant||M|||50|]Delphox||Delphoxite|Blaze|HeatWave,Psyshock,FocusBlast,Protect|Timid||F|||50|
|inactive|Battle timer is ON: inactive players will automatically lose when time's up. (requested by salmoncashew)
|
|t:|1783720919
|teamsize|p1|4
|teamsize|p2|4
|start
|switch|p1a: Incineroar|Incineroar, L50, M, shiny|100/100
|switch|p1b: Whimsicott|Whimsicott, L50, F|100/100
|switch|p2a: Whimsicott|Whimsicott, L50, M|100/100
|switch|p2b: Basculegion|Basculegion, L50, M|100/100
|-ability|p1a: Incineroar|Intimidate|boost
|-unboost|p2a: Whimsicott|atk|1
|-unboost|p2b: Basculegion|atk|1
|turn|1
|
|t:|1783720935
|switch|p1a: Basculegion|Basculegion, L50, M|100/100
|move|p2a: Whimsicott|Tailwind|p2a: Whimsicott
|-sidestart|p2: adamanitum200|move: Tailwind
|move|p2b: Basculegion|Wave Crash|p1a: Basculegion
|-resisted|p1a: Basculegion|1
|-damage|p1a: Basculegion|54/100
|-damage|p2b: Basculegion|84/100|[from] Recoil
|-damage|p2b: Basculegion|75/100|[from] item: Life Orb
|move|p1b: Whimsicott|Moonblast|p2b: Basculegion
|-damage|p2b: Basculegion|44/100
|-unboost|p2b: Basculegion|spa|1
|
|upkeep
|turn|2
|inactive|adamanitum200 has 30 seconds left.
|
|t:|1783720961
|switch|p1a: Pyroar|Pyroar, L50, F, shiny|100/100
|-ability|p1a: Pyroar|Unnerve
|switch|p1b: Incineroar|Incineroar, L50, M, shiny|100/100
|-ability|p1b: Incineroar|Intimidate|boost
|-unboost|p2a: Whimsicott|atk|1
|-unboost|p2b: Basculegion|atk|1
|move|p2a: Whimsicott|Energy Ball|p1a: Pyroar
|-resisted|p1a: Pyroar|1
|-damage|p1a: Pyroar|74/100
|move|p2b: Basculegion|Wave Crash|p1b: Incineroar
|-supereffective|p1b: Incineroar|1
|-damage|p1b: Incineroar|0 fnt
|faint|p1b: Incineroar
|-damage|p2b: Basculegion|12/100|[from] Recoil
|-damage|p2b: Basculegion|3/100|[from] item: Life Orb
|
|upkeep
|
|t:|1783720968
|switch|p1b: Basculegion|Basculegion, L50, M|54/100
|turn|3
|
|t:|1783720986
|detailschange|p1a: Pyroar|Pyroar-Mega, L50, F, shiny
|-mega|p1a: Pyroar|Pyroar|Pyroarite
|move|p2b: Basculegion|Protect|p2b: Basculegion
|-singleturn|p2b: Basculegion|Protect
|move|p1b: Basculegion|Aqua Jet|p2b: Basculegion
|-activate|p2b: Basculegion|move: Protect
|move|p2a: Whimsicott|Energy Ball|p1b: Basculegion
|-supereffective|p1b: Basculegion|1
|-damage|p1b: Basculegion|0 fnt
|faint|p1b: Basculegion
|move|p1a: Pyroar|Heat Wave|p2a: Whimsicott|[spread] p2a
|-activate|p2b: Basculegion|move: Protect
|-supereffective|p2a: Whimsicott|1
|-enditem|p2a: Whimsicott|Focus Sash
|-damage|p2a: Whimsicott|1/100
|
|upkeep
|
|t:|1783720991
|switch|p1b: Whimsicott|Whimsicott, L50, F|100/100
|turn|4
|inactive|adamanitum200 has 30 seconds left.
|
|t:|1783721018
|switch|p2a: Delphox|Delphox, L50, F|100/100
|move|p2b: Basculegion|Aqua Jet|p1a: Pyroar
|-supereffective|p1a: Pyroar|1
|-damage|p1a: Pyroar|30/100
|-damage|p2b: Basculegion|0 fnt|[from] item: Life Orb
|faint|p2b: Basculegion
|move|p1b: Whimsicott|Tailwind|p1b: Whimsicott
|-sidestart|p1: salmoncashew|move: Tailwind
|move|p1a: Pyroar|Heat Wave|p2a: Delphox
|-resisted|p2a: Delphox|1
|-damage|p2a: Delphox|53/100
|
|-sideend|p2: adamanitum200|move: Tailwind
|upkeep
|
|t:|1783721031
|switch|p2b: Whimsicott|Whimsicott, L50, M|1/100
|turn|5
|
|t:|1783721042
|detailschange|p2a: Delphox|Delphox-Mega, L50, F
|-mega|p2a: Delphox|Delphox|Delphoxite
|move|p1b: Whimsicott|Sunny Day|p1b: Whimsicott
|-weather|SunnyDay
|move|p2b: Whimsicott|Tailwind|p2b: Whimsicott
|-sidestart|p2: adamanitum200|move: Tailwind
|move|p2a: Delphox|Heat Wave|p1b: Whimsicott|[spread] p1a,p1b
|-resisted|p1a: Pyroar|1
|-supereffective|p1b: Whimsicott|1
|-crit|p1b: Whimsicott
|-damage|p1a: Pyroar|0 fnt
|-enditem|p1b: Whimsicott|Focus Sash
|-damage|p1b: Whimsicott|1/100
|faint|p1a: Pyroar
|
|-weather|SunnyDay|[upkeep]
|upkeep
|turn|6
|
|t:|1783721056
|move|p2a: Delphox|Psyshock|p1b: Whimsicott
|-damage|p1b: Whimsicott|0 fnt
|faint|p1b: Whimsicott
|
|win|adamanitum200
|raw|salmoncashew's rating: 1215 → 1196(-19 for losing)
|raw|adamanitum200's rating: 1296 → 1315(+19 for winning)
