|j|☆PokeMooney
|j|☆Chandeliere
|html|PokeMooneyChandeliere    
|uhtml|bestof|Game 1 of a best-of-3
|t:|1756688412
|gametype|doubles
|player|p1|PokeMooney|giovanni|1112
|player|p2|Chandeliere|ethan|1213
|gen|9
|tier|[Gen 9] VGC 2025 Reg H (Bo3)
|rated|
|rule|Species Clause: Limit one of each Pokémon
|rule|Item Clause: Limit 1 of each item
|clearpoke
|poke|p1|Archaludon, L50, M|
|poke|p1|Pelipper, L50, F|
|poke|p1|Basculegion, L50, M|
|poke|p1|Amoonguss, L50, M|
|poke|p1|Gholdengo, L50|
|poke|p1|Incineroar, L50, M|
|poke|p2|Ninetales-Alola, L50, F|
|poke|p2|Gholdengo, L50|
|poke|p2|Garchomp, L50, F|
|poke|p2|Incineroar, L50, M|
|poke|p2|Sneasler, L50, F|
|poke|p2|Corviknight, L50, F|
|teampreview|4
|showteam|p1|Archaludon||AssaultVest|Stamina|ElectroShot,FlashCannon,DragonPulse,BodyPress|||M|||50|,,,,,Bug]Pelipper||FocusSash|Drizzle|WeatherBall,Hurricane,Tailwind,Protect|||F|||50|,,,,,Ground]Basculegion||ChoiceBand|SwiftSwim|WaveCrash,LastRespects,AquaJet,FlipTurn|||M|||50|,,,,,Water]Amoonguss||SitrusBerry|Regenerator|Spore,RagePowder,PollenPuff,Protect|||M|||50|,,,,,Fairy]Gholdengo||LifeOrb|GoodasGold|MakeItRain,ShadowBall,NastyPlot,Protect||||||50|,,,,,Water]Incineroar||SafetyGoggles|Intimidate|KnockOff,Taunt,FakeOut,PartingShot|||M|||50|,,,,,Ghost
|showteam|p2|Ninetales-Alola||LightClay|SnowWarning|AuroraVeil,Blizzard,FreezeDry,Protect|||F|||50|,,,,,Ghost]Gholdengo||LifeOrb|GoodasGold|MakeItRain,ShadowBall,NastyPlot,Protect||||||50|,,,,,Water]Garchomp||ClearAmulet|RoughSkin|Earthquake,StompingTantrum,DragonClaw,Protect|||F|||50|,,,,,Ground]Incineroar||SafetyGoggles|Intimidate|FakeOut,KnockOff,FlareBlitz,PartingShot|||M|||50|,,,,,Ghost]Sneasler||WhiteHerb|Unburden|Coaching,CloseCombat,DireClaw,Protect|||F|||50|,,,,,Ghost]Corviknight||SitrusBerry|MirrorArmor|BodyPress,BraveBird,Tailwind,Protect|||F|||50|,,,,,Fire
|
|t:|1756688448
|teamsize|p1|4
|teamsize|p2|4
|start
|switch|p1a: Archaludon|Archaludon, L50, M|100/100
|switch|p1b: Basculegion|Basculegion, L50, M|100/100
|switch|p2a: Sneasler|Sneasler, L50, F|100/100
|switch|p2b: Garchomp|Garchomp, L50, F|100/100
|turn|1
|
|t:|1756688470
|-terastallize|p1a: Archaludon|Bug
|move|p2a: Sneasler|Protect|p2a: Sneasler
|-singleturn|p2a: Sneasler|Protect
|move|p2b: Garchomp|Protect|p2b: Garchomp
|-singleturn|p2b: Garchomp|Protect
|move|p1b: Basculegion|Flip Turn|p2b: Garchomp
|-activate|p2b: Garchomp|move: Protect
|move|p1a: Archaludon|Electro Shot||[still]
|-prepare|p1a: Archaludon|Electro Shot
|-boost|p1a: Archaludon|spa|1
|
|upkeep
|turn|2
|
|t:|1756688490
|move|p2a: Sneasler|Dire Claw|p1b: Basculegion
|-resisted|p1b: Basculegion
|-damage|p1b: Basculegion|74/100
|-status|p1b: Basculegion|slp
|move|p2b: Garchomp|Dragon Claw|p1b: Basculegion
|-damage|p1b: Basculegion|20/100 slp
|cant|p1b: Basculegion|slp
|move|p1a: Archaludon|Electro Shot|p2a: Sneasler|[from] lockedmove
|-damage|p2a: Sneasler|24/100
|
|upkeep
|turn|3
|
|t:|1756688511
|switch|p1b: Pelipper|Pelipper, L50, F|100/100
|-weather|RainDance|[from] ability: Drizzle|[of] p1b: Pelipper
|move|p2a: Sneasler|Coaching|p2b: Garchomp
|-boost|p2b: Garchomp|atk|1
|-boost|p2b: Garchomp|def|1
|move|p2b: Garchomp|Dragon Claw|p1b: Pelipper
|-damage|p1b: Pelipper|21/100
|move|p1a: Archaludon|Dragon Pulse|p2b: Garchomp
|-supereffective|p2b: Garchomp
|-damage|p2b: Garchomp|0 fnt
|faint|p2b: Garchomp
|
|-weather|RainDance|[upkeep]
|upkeep
|
|t:|1756688530
|switch|p2b: Ninetales|Ninetales-Alola, L50, F|100/100
|-weather|Snowscape|[from] ability: Snow Warning|[of] p2b: Ninetales
|turn|4
|
|t:|1756688540
|switch|p1b: Incineroar|Incineroar, L50, M|100/100
|-ability|p1b: Incineroar|Intimidate|boost
|-unboost|p2a: Sneasler|atk|1
|-unboost|p2b: Ninetales|atk|1
|-enditem|p2a: Sneasler|White Herb
|-clearnegativeboost|p2a: Sneasler|[silent]
|move|p2a: Sneasler|Dire Claw|p1b: Incineroar
|-damage|p1b: Incineroar|60/100
|move|p2b: Ninetales|Aurora Veil|p2b: Ninetales
|-sidestart|p2: Chandeliere|move: Aurora Veil
|move|p1a: Archaludon|Flash Cannon|p2b: Ninetales
|-supereffective|p2b: Ninetales
|-damage|p2b: Ninetales|0 fnt
|faint|p2b: Ninetales
|
|-weather|Snowscape|[upkeep]
|upkeep
|
|t:|1756688552
|switch|p2b: Gholdengo|Gholdengo, L50|100/100
|turn|5
|
|t:|1756688565
|switch|p1b: Pelipper|Pelipper, L50, F|21/100
|-weather|RainDance|[from] ability: Drizzle|[of] p1b: Pelipper
|move|p2a: Sneasler|Protect|p2a: Sneasler
|-singleturn|p2a: Sneasler|Protect
|move|p2b: Gholdengo|Nasty Plot|p2b: Gholdengo
|-boost|p2b: Gholdengo|spa|2
|move|p1a: Archaludon|Electro Shot||[still]
|-prepare|p1a: Archaludon|Electro Shot
|-boost|p1a: Archaludon|spa|1
|-anim|p1a: Archaludon|Electro Shot|p2b: Gholdengo
|-damage|p2b: Gholdengo|42/100
|
|-weather|RainDance|[upkeep]
|upkeep
|turn|6
|
|t:|1756688589
|switch|p1b: Incineroar|Incineroar, L50, M|60/100
|-ability|p1b: Incineroar|Intimidate|boost
|-unboost|p2a: Sneasler|atk|1
|-unboost|p2b: Gholdengo|atk|1
|move|p2a: Sneasler|Dire Claw|p1b: Incineroar
|-damage|p1b: Incineroar|34/100
|-status|p1b: Incineroar|psn
|move|p2b: Gholdengo|Make It Rain|p1b: Incineroar|[spread] p1a,p1b
|-resisted|p1b: Incineroar
|-damage|p1a: Archaludon|6/100
|-damage|p1b: Incineroar|0 fnt
|-unboost|p2b: Gholdengo|spa|1
|-ability|p1a: Archaludon|Stamina|boost
|-boost|p1a: Archaludon|def|1
|faint|p1b: Incineroar
|-damage|p2b: Gholdengo|32/100|[from] item: Life Orb
|move|p1a: Archaludon|Electro Shot||[still]
|-prepare|p1a: Archaludon|Electro Shot
|-boost|p1a: Archaludon|spa|1
|-anim|p1a: Archaludon|Electro Shot|p2b: Gholdengo
|-damage|p2b: Gholdengo|0 fnt
|faint|p2b: Gholdengo
|
|-weather|RainDance|[upkeep]
|upkeep
|-message|Chandeliere forfeited.
|
|win|PokeMooney
||Chandeliere is ready for game 2.
||PokeMooney is ready for game 2.
|uhtml|next|Next: Game 2 of 3
|l|☆PokeMooney
|player|p1|
