|j|☆azuredreamer vg
|j|☆Theverynotsusman
|html|azuredreamer vgTheverynotsusman    
|uhtml|bestof|Game 1 of a best-of-3
|t:|1756256877
|gametype|doubles
|player|p1|azuredreamer vg|1|1137
|player|p2|Theverynotsusman|1|1113
|gen|9
|tier|[Gen 9] VGC 2025 Reg H (Bo3)
|rated|
|rule|Species Clause: Limit one of each Pokémon
|rule|Item Clause: Limit 1 of each item
|clearpoke
|poke|p1|Annihilape, L50, F|
|poke|p1|Archaludon, L50, F|
|poke|p1|Ursaluna-Bloodmoon, L50, M|
|poke|p1|Whimsicott, L50, M|
|poke|p1|Basculegion, L50, M|
|poke|p1|Pelipper, L50, M|
|poke|p2|Dondozo, L50, F|
|poke|p2|Tatsugiri-Droopy, L50, F|
|poke|p2|Volcarona, L50, F|
|poke|p2|Sneasler, L50, M|
|poke|p2|Dragapult, L50, M|
|poke|p2|Murkrow, L50, F|
|teampreview|4
|showteam|p1|Annihilape||ChoiceScarf|Defiant|FinalGambit,RageFist,Uturn,CloseCombat|||F|||50|,,,,,Grass]Archaludon||AssaultVest|Stamina|BodyPress,FlashCannon,ElectroShot,DracoMeteor|||F|||50|,,,,,Water]Ursaluna-Bloodmoon||LifeOrb|MindsEye|EarthPower,BloodMoon,HyperVoice,Protect|||M|||50|,,,,,Normal]Whimsicott||FocusSash|Prankster|Moonblast,BeatUp,Tailwind,Taunt|||M|||50|,,,,,Ghost]Basculegion||ChoiceBand|SwiftSwim|WaveCrash,FlipTurn,LastRespects,AquaJet|||M|||50|,,,,,Water]Pelipper||CovertCloak|Drizzle|WeatherBall,Hurricane,Tailwind,Protect|||M|||50|,,,,,Ground
|showteam|p2|Dondozo||Leftovers|Oblivious|BodyPress,OrderUp,Protect,WaveCrash|||F|||50|,,,,,Grass]Tatsugiri-Droopy||FocusSash|Commander|DracoMeteor,MuddyWater,Protect,IcyWind|||F|||50|,,,,,Stellar]Volcarona||RockyHelmet|FlameBody|QuiverDance,HeatWave,GigaDrain,Protect|||F|||50|,,,,,Grass]Sneasler||ClearAmulet|PoisonTouch|CloseCombat,DireClaw,FakeOut,Protect|||M|||50|,,,,,Stellar]Dragapult||ChoiceBand|ClearBody|PhantomForce,Outrage,DragonDarts,Uturn|||M|||50|,,,,,Dragon]Murkrow||Eviolite|Prankster|Tailwind,Protect,BraveBird,Haze|||F|||50|,,,,,Ghost
|inactive|Battle timer is ON: inactive players will automatically lose when time's up. (requested by azuredreamer vg)
|inactive|azuredreamer vg has 60 seconds left.
|inactive|Theverynotsusman has 60 seconds left.
|
|t:|1756256923
|teamsize|p1|4
|teamsize|p2|4
|start
|switch|p1a: Basculegion|Basculegion, L50, M|100/100
|switch|p1b: Whimsicott|Whimsicott, L50, M|100/100
|switch|p2a: Murkrow|Murkrow, L50, F|100/100
|switch|p2b: Dragapult|Dragapult, L50, M|100/100
|turn|1
|inactive|azuredreamer vg has 30 seconds left.
|inactive|azuredreamer vg has 20 seconds left.
|
|t:|1756256962
|move|p1b: Whimsicott|Tailwind|p1b: Whimsicott
|-sidestart|p1: azuredreamer vg|move: Tailwind
|move|p2a: Murkrow|Tailwind|p2a: Murkrow
|-sidestart|p2: Theverynotsusman|move: Tailwind
|move|p2b: Dragapult|Dragon Darts|p1a: Basculegion
|-damage|p1a: Basculegion|49/100
|-anim|p2b: Dragapult|Dragon Darts|p1a: Basculegion
|-crit|p1a: Basculegion
|-damage|p1a: Basculegion|0 fnt
|faint|p1a: Basculegion
|
|upkeep
|
|t:|1756256972
|switch|p1a: Archaludon|Archaludon, L50, F, shiny|100/100
|turn|2
|
|t:|1756256990
|move|p2b: Dragapult|Dragon Darts|p1a: Archaludon
|-damage|p1a: Archaludon|72/100
|-ability|p1a: Archaludon|Stamina|boost
|-boost|p1a: Archaludon|def|1
|-anim|p2b: Dragapult|Dragon Darts|p1a: Archaludon
|-damage|p1a: Archaludon|53/100
|-ability|p1a: Archaludon|Stamina|boost
|-boost|p1a: Archaludon|def|1
|move|p1b: Whimsicott|Beat Up|p1a: Archaludon
|-damage|p1a: Archaludon|52/100
|-ability|p1a: Archaludon|Stamina|boost
|-boost|p1a: Archaludon|def|1
|-damage|p1a: Archaludon|51/100
|-ability|p1a: Archaludon|Stamina|boost
|-boost|p1a: Archaludon|def|1
|-damage|p1a: Archaludon|50/100
|-ability|p1a: Archaludon|Stamina|boost
|-boost|p1a: Archaludon|def|1
|-hitcount|p1a: Archaludon|3
|move|p2a: Murkrow|Brave Bird|p1b: Whimsicott
|-supereffective|p1b: Whimsicott
|-enditem|p1b: Whimsicott|Focus Sash
|-damage|p1b: Whimsicott|1/100
|-damage|p2a: Murkrow|67/100|[from] Recoil
|move|p1a: Archaludon|Draco Meteor|p2b: Dragapult
|-supereffective|p2b: Dragapult
|-damage|p2b: Dragapult|0 fnt
|-unboost|p1a: Archaludon|spa|2
|faint|p2b: Dragapult
|
|upkeep
|
|t:|1756257013
|switch|p2b: Tatsugiri|Tatsugiri-Droopy, L50, F|100/100
|turn|3
|
|t:|1756257031
|-terastallize|p2b: Tatsugiri|Stellar
|-terastallize|p1a: Archaludon|Water
|move|p1b: Whimsicott|Moonblast|p2b: Tatsugiri
|-supereffective|p2b: Tatsugiri
|-damage|p2b: Tatsugiri|11/100
|-unboost|p2b: Tatsugiri|spa|1
|move|p2b: Tatsugiri|Draco Meteor|p1a: Archaludon|[miss]
|-miss|p2b: Tatsugiri|p1a: Archaludon
|move|p2a: Murkrow|Brave Bird|p1b: Whimsicott
|-supereffective|p1b: Whimsicott
|-damage|p1b: Whimsicott|0 fnt
|faint|p1b: Whimsicott
|-damage|p2a: Murkrow|66/100|[from] Recoil
|move|p1a: Archaludon|Body Press|p2a: Murkrow
|-damage|p2a: Murkrow|0 fnt
|faint|p2a: Murkrow
|
|upkeep
|
|t:|1756257051
|switch|p1b: Annihilape|Annihilape, L50, F|100/100
|switch|p2a: Dondozo|Dondozo, L50, F|100/100
|-activate|p2b: Tatsugiri|ability: Commander|[of] p2a: Dondozo
|-boost|p2a: Dondozo|atk|2
|-boost|p2a: Dondozo|spa|2
|-boost|p2a: Dondozo|spe|2
|-boost|p2a: Dondozo|def|2
|-boost|p2a: Dondozo|spd|2
|turn|4
|
|t:|1756257062
|move|p1b: Annihilape|Final Gambit|p2a: Dondozo
|-damage|p2a: Dondozo|9/100
|faint|p1b: Annihilape
|move|p2a: Dondozo|Wave Crash|p1a: Archaludon
|-resisted|p1a: Archaludon
|-damage|p1a: Archaludon|40/100
|-ability|p1a: Archaludon|Stamina|boost
|-boost|p1a: Archaludon|def|1
|-damage|p2a: Dondozo|6/100|[from] Recoil
|move|p1a: Archaludon|Body Press|p2a: Dondozo
|-damage|p2a: Dondozo|0 fnt
|faint|p2a: Dondozo
|
|-sideend|p2: Theverynotsusman|move: Tailwind
|-sideend|p1: azuredreamer vg|move: Tailwind
|upkeep
|turn|5
|
|t:|1756257073
|move|p2b: Tatsugiri|Draco Meteor|p1a: Archaludon|[miss]
|-miss|p2b: Tatsugiri|p1a: Archaludon
|move|p1a: Archaludon|Body Press|p2b: Tatsugiri
|-damage|p2b: Tatsugiri|0 fnt
|faint|p2b: Tatsugiri
|
|win|azuredreamer vg
