|j|â˜†Jakobtc
|j|â˜†Destinyherostratos
|html|JakobtcDestinyherostratos    
|uhtml|bestof|Game 1 of a best-of-3
|t:|1756692506
|gametype|doubles
|player|p1|Jakobtc|riley|1150
|player|p2|Destinyherostratos|265|1208
|gen|9
|tier|[Gen 9] VGC 2025 Reg H (Bo3)
|rated|
|rule|Species Clause: Limit one of each PokÃ©mon
|rule|Item Clause: Limit 1 of each item
|clearpoke
|poke|p1|Gholdengo, L50|
|poke|p1|Incineroar, L50, F|
|poke|p1|Ursaluna, L50, M|
|poke|p1|Porygon2, L50|
|poke|p1|Kilowattrel, L50, F|
|poke|p1|Sneasler, L50, F|
|poke|p2|Gothitelle, L50, M|
|poke|p2|Gholdengo, L50|
|poke|p2|Politoed, L50, F|
|poke|p2|Kingdra, L50, M|
|poke|p2|Incineroar, L50, M|
|poke|p2|Rillaboom, L50, M|
|teampreview|4
|showteam|p1|Gholdengo||LifeOrb|GoodasGold|MakeItRain,ShadowBall,NastyPlot,Protect||||||50|,,,,,Dragon]Incineroar||SafetyGoggles|Intimidate|FakeOut,FlareBlitz,KnockOff,PartingShot|||F|||50|,,,,,Bug]Ursaluna||FlameOrb|Guts|Facade,HeadlongRush,Earthquake,Protect|||M|||50|,,,,,Ghost]Porygon2||Eviolite|Download|TeraBlast,IceBeam,Recover,TrickRoom||||||50|,,,,,Flying]Kilowattrel||FocusSash|Competitive|AirSlash,Thunderbolt,Tailwind,Protect|||F|||50|,,,,,Ghost]Sneasler||WhiteHerb|Unburden|DireClaw,CloseCombat,Taunt,Protect|||F|||50|,,,,,Stellar
|showteam|p2|Gothitelle||SitrusBerry|ShadowTag|Protect,Psychic,FakeOut,TrickRoom|||M|||50|,,,,,Dark]Gholdengo||MetalCoat|GoodasGold|MakeItRain,ShadowBall,NastyPlot,Protect||||||50|,,,,,Steel]Politoed||Leftovers|Drizzle|Protect,PerishSong,Encore,WeatherBall|||F|||50|,,,,,Grass]Kingdra||LifeOrb|SwiftSwim|Protect,WeatherBall,DracoMeteor,MuddyWater|||M|||50|,,,,,Water]Incineroar||SafetyGoggles|Intimidate|Protect,KnockOff,PartingShot,FakeOut|||M|||50|,,,,,Bug]Rillaboom||MeadowPlate|GrassySurge|Protect,WoodHammer,GrassyGlide,FakeOut|||M|||50|,,,,,Grass
|c|â˜†Jakobtc|glhf
|c|â˜†Destinyherostratos|same2u
|
|t:|1756692546
|teamsize|p1|4
|teamsize|p2|4
|start
|switch|p1a: Gholdengo|Gholdengo, L50|100/100
|switch|p1b: Incineroar|Incineroar, L50, F|100/100
|switch|p2a: Incineroar|Incineroar, L50, M|100/100
|switch|p2b: Gholdengo|Gholdengo, L50|100/100
|-ability|p1b: Incineroar|Intimidate|boost
|-unboost|p2a: Incineroar|atk|1
|-unboost|p2b: Gholdengo|atk|1
|-ability|p2a: Incineroar|Intimidate|boost
|-unboost|p1a: Gholdengo|atk|1
|-unboost|p1b: Incineroar|atk|1
|turn|1
|c|â˜†Jakobtc|great minds think alike lol
|
|t:|1756692585
|switch|p2a: Politoed|Politoed, L50, F|100/100
|-weather|RainDance|[from] ability: Drizzle|[of] p2a: Politoed
|move|p1b: Incineroar|Fake Out|p2a: Politoed
|-damage|p2a: Politoed|90/100
|move|p2b: Gholdengo|Nasty Plot|p2b: Gholdengo
|-boost|p2b: Gholdengo|spa|2
|move|p1a: Gholdengo|Shadow Ball|p2b: Gholdengo
|-supereffective|p2b: Gholdengo
|-damage|p2b: Gholdengo|0 fnt
|faint|p2b: Gholdengo
|-damage|p1a: Gholdengo|91/100|[from] item: Life Orb
|
|-weather|RainDance|[upkeep]
|-heal|p2a: Politoed|96/100|[from] item: Leftovers
|upkeep
|c|â˜†Destinyherostratos|very volatile
|
|t:|1756692604
|switch|p2b: Incineroar|Incineroar, L50, M|100/100
|-ability|p2b: Incineroar|Intimidate|boost
|-unboost|p1a: Gholdengo|atk|1
|-unboost|p1b: Incineroar|atk|1
|turn|2
|
|t:|1756692616
|-terastallize|p1a: Gholdengo|Dragon
|move|p1a: Gholdengo|Nasty Plot|p1a: Gholdengo
|-boost|p1a: Gholdengo|spa|2
|move|p2a: Politoed|Weather Ball|p1b: Incineroar
|-supereffective|p1b: Incineroar
|-damage|p1b: Incineroar|19/100
|move|p1b: Incineroar|Parting Shot|p2a: Politoed
|-unboost|p2a: Politoed|atk|1
|-unboost|p2a: Politoed|spa|1
|
|t:|1756692625
|switch|p1b: Kilowattrel|Kilowattrel, L50, F|100/100|[from] Parting Shot
|move|p2b: Incineroar|Knock Off|p1b: Kilowattrel
|-damage|p1b: Kilowattrel|28/100
|-enditem|p1b: Kilowattrel|Focus Sash|[from] move: Knock Off|[of] p2b: Incineroar
|
|-weather|RainDance|[upkeep]
|-heal|p2a: Politoed|100/100|[from] item: Leftovers
|upkeep
|turn|3
|
|t:|1756692647
|move|p1b: Kilowattrel|Thunderbolt|p2a: Politoed
|-supereffective|p2a: Politoed
|-damage|p2a: Politoed|30/100
|move|p1a: Gholdengo|Make It Rain|p2a: Politoed|[spread] p2a,p2b
|-resisted|p2a: Politoed
|-resisted|p2b: Incineroar
|-damage|p2a: Politoed|0 fnt
|-damage|p2b: Incineroar|56/100
|-unboost|p1a: Gholdengo|spa|1
|faint|p2a: Politoed
|-damage|p1a: Gholdengo|82/100|[from] item: Life Orb
|move|p2b: Incineroar|Knock Off|p1a: Gholdengo
|-damage|p1a: Gholdengo|43/100
|-enditem|p1a: Gholdengo|Life Orb|[from] move: Knock Off|[of] p2b: Incineroar
|
|-weather|RainDance|[upkeep]
|upkeep
|
|t:|1756692661
|switch|p2a: Rillaboom|Rillaboom, L50, M|100/100
|-fieldstart|move: Grassy Terrain|[from] ability: Grassy Surge|[of] p2a: Rillaboom
|turn|4
|inactive|Battle timer is ON: inactive players will automatically lose when time's up. (requested by Jakobtc)
|
|t:|1756692672
|switch|p1b: Incineroar|Incineroar, L50, F|19/100
|-ability|p1b: Incineroar|Intimidate|boost
|-unboost|p2a: Rillaboom|atk|1
|-unboost|p2b: Incineroar|atk|1
|-terastallize|p2a: Rillaboom|Grass
|move|p1a: Gholdengo|Protect|p1a: Gholdengo
|-singleturn|p1a: Gholdengo|Protect
|move|p2a: Rillaboom|Grassy Glide|p1b: Incineroar
|-resisted|p1b: Incineroar
|-damage|p1b: Incineroar|0 fnt
|faint|p1b: Incineroar
|move|p2b: Incineroar|Knock Off|p1a: Gholdengo
|-activate|p1a: Gholdengo|move: Protect
|
|-weather|RainDance|[upkeep]
|-heal|p1a: Gholdengo|49/100|[from] Grassy Terrain
|-heal|p2b: Incineroar|62/100|[from] Grassy Terrain
|upkeep
|
|t:|1756692689
|switch|p1b: Sneasler|Sneasler, L50, F|100/100
|turn|5
|
|t:|1756692697
|move|p1b: Sneasler|Dire Claw|p2a: Rillaboom
|-supereffective|p2a: Rillaboom
|-damage|p2a: Rillaboom|31/100
|move|p1a: Gholdengo|Shadow Ball|p2a: Rillaboom
|-damage|p2a: Rillaboom|0 fnt
|faint|p2a: Rillaboom
|move|p2b: Incineroar|Knock Off|p1a: Gholdengo
|-damage|p1a: Gholdengo|30/100
|
|-weather|none
|-heal|p1a: Gholdengo|36/100|[from] Grassy Terrain
|-heal|p2b: Incineroar|68/100|[from] Grassy Terrain
|upkeep
|turn|6
|-message|Destinyherostratos forfeited.
|
|win|Jakobtc
