|j|☆jobbonezz
|j|☆Lord Of Bulky
|html|jobbonezzLord Of Bulky    
|uhtml|bestof|Game 1 of a best-of-3
|t:|1782679890
|gametype|doubles
|player|p1|jobbonezz|102|1133
|player|p2|Lord Of Bulky|alder|1110
|gen|9
|tier|[Gen 9 Champions] VGC 2026 Reg M-B (Bo3)
|rated|
|rule|Species Clause: Limit one of each Pokémon
|rule|Item Clause: Limit 1 of each item
|clearpoke
|poke|p1|Raichu, L50, F|
|poke|p1|Grimmsnarl, L50, M|
|poke|p1|Charizard, L50, M|
|poke|p1|Azumarill, L50, M|
|poke|p1|Basculegion, L50, M|
|poke|p1|Hydreigon, L50, M|
|poke|p2|Metagross, L50, shiny|
|poke|p2|Grimmsnarl, L50, M, shiny|
|poke|p2|Sinistcha, L50, shiny|
|poke|p2|Archaludon, L50, F, shiny|
|poke|p2|Swampert, L50, M, shiny|
|poke|p2|Pelipper, L50, F|
|teampreview|4
|showteam|p1|Raichu||RaichuniteY|LightningRod|FakeOut,Substitute,FocusBlast,ZapCannon|Modest||F|||50|]Grimmsnarl||LightClay|Prankster|Reflect,LightScreen,ScaryFace,SpiritBreak|Careful||M|||50|]Charizard||CharizarditeY|Blaze|HeatWave,SolarBeam,Protect,WeatherBall|Modest||M|||50|]Azumarill||SitrusBerry|HugePower|AquaJet,PlayRough,Protect,BellyDrum|Adamant||M|||50|]Basculegion||ChoiceScarf|Adaptability|Protect,LastRespects,AquaJet,WaveCrash|Adamant||M|||50|]Hydreigon||FocusSash|Levitate|Protect,Snarl,DarkPulse,DracoMeteor|Modest||M|||50|
|showteam|p2|Metagross||Metagrossite|ClearBody|IronHead,PsychicFangs,Protect,BodyPress|Jolly|||||50|]Grimmsnarl||LightClay|Prankster|PartingShot,FoulPlay,Reflect,LightScreen|Careful||M|||50|]Sinistcha||CobaBerry|Hospitality|MatchaGotcha,Protect,RagePowder,TrickRoom|Bold|||||50|]Archaludon||Leftovers|Stamina|Protect,FlashCannon,DragonPulse,ElectroShot|Modest||F|||50|]Swampert||Swampertite|Damp|WaveCrash,HighHorsepower,Protect,IcePunch|Adamant||M|||50|]Pelipper||SitrusBerry|Drizzle|WeatherBall,Hurricane,WideGuard,Tailwind|Calm||F|||50|
|inactive|Battle timer is ON: inactive players will automatically lose when time's up. (requested by Lord Of Bulky)
|
|t:|1782679941
|teamsize|p1|4
|teamsize|p2|4
|start
|switch|p1a: Grimmsnarl|Grimmsnarl, L50, M|100/100
|switch|p1b: Azumarill|Azumarill, L50, M|100/100
|switch|p2a: Grimmsnarl|Grimmsnarl, L50, M, shiny|100/100
|switch|p2b: Archaludon|Archaludon, L50, F, shiny|100/100
|turn|1
|
|t:|1782679962
|move|p2a: Grimmsnarl|Reflect|p2a: Grimmsnarl
|-sidestart|p2: Lord Of Bulky|Reflect
|move|p1a: Grimmsnarl|Light Screen|p1a: Grimmsnarl
|-sidestart|p1: jobbonezz|move: Light Screen
|move|p2b: Archaludon|Electro Shot||[still]
|-prepare|p2b: Archaludon|Electro Shot
|-boost|p2b: Archaludon|spa|1
|move|p1b: Azumarill|Play Rough|p2b: Archaludon
|-crit|p2b: Archaludon
|-damage|p2b: Archaludon|41/100
|-ability|p2b: Archaludon|Stamina|boost
|-boost|p2b: Archaludon|def|1
|
|-heal|p2b: Archaludon|47/100|[from] item: Leftovers
|upkeep
|turn|2
|
|t:|1782679981
|move|p1b: Azumarill|Protect|p1b: Azumarill
|-singleturn|p1b: Azumarill|Protect
|move|p2a: Grimmsnarl|Parting Shot|p1b: Azumarill
|-activate|p1b: Azumarill|move: Protect
|move|p2b: Archaludon|Electro Shot|p1b: Azumarill|[from] lockedmove
|-activate|p1b: Azumarill|move: Protect
|move|p1a: Grimmsnarl|Spirit Break|p2a: Grimmsnarl
|-supereffective|p2a: Grimmsnarl|1
|-damage|p2a: Grimmsnarl|56/100
|-unboost|p2a: Grimmsnarl|spa|1
|
|-heal|p2b: Archaludon|54/100|[from] item: Leftovers
|upkeep
|turn|3
|inactive|jobbonezz has 30 seconds left.
|inactive|jobbonezz has 20 seconds left.
|inactive|jobbonezz has 15 seconds left.
|
|t:|1782680026
|move|p2a: Grimmsnarl|Parting Shot|p1b: Azumarill
|-unboost|p1b: Azumarill|atk|1
|-unboost|p1b: Azumarill|spa|1
|
|t:|1782680029
|switch|p2a: Pelipper|Pelipper, L50, F|100/100|[from] Parting Shot
|-weather|RainDance|[from] ability: Drizzle|[of] p2a: Pelipper
|move|p2b: Archaludon|Electro Shot||[still]
|-prepare|p2b: Archaludon|Electro Shot
|-boost|p2b: Archaludon|spa|1
|-anim|p2b: Archaludon|Electro Shot|p1b: Azumarill
|-supereffective|p1b: Azumarill|1
|-damage|p1b: Azumarill|0 fnt
|faint|p1b: Azumarill
|move|p1a: Grimmsnarl|Spirit Break|p2a: Pelipper
|-damage|p2a: Pelipper|75/100
|-unboost|p2a: Pelipper|spa|1
|
|-weather|RainDance|[upkeep]
|-heal|p2b: Archaludon|60/100|[from] item: Leftovers
|upkeep
|
|t:|1782680040
|switch|p1b: Charizard|Charizard, L50, M|100/100
|turn|4
|
|t:|1782680064
|switch|p2a: Grimmsnarl|Grimmsnarl, L50, M, shiny|56/100
|detailschange|p1b: Charizard|Charizard-Mega-Y, L50, M
|-mega|p1b: Charizard|Charizard|Charizardite Y
|-weather|SunnyDay|[from] ability: Drought|[of] p1b: Charizard
|move|p2b: Archaludon|Protect|p2b: Archaludon
|-singleturn|p2b: Archaludon|Protect
|move|p1b: Charizard|Weather Ball|p2b: Archaludon
|-activate|p2b: Archaludon|move: Protect
|move|p1a: Grimmsnarl|Spirit Break|p2a: Grimmsnarl
|-supereffective|p2a: Grimmsnarl|1
|-damage|p2a: Grimmsnarl|15/100
|-unboost|p2a: Grimmsnarl|spa|1
|
|-weather|SunnyDay|[upkeep]
|-heal|p2b: Archaludon|66/100|[from] item: Leftovers
|upkeep
|turn|5
|inactive|jobbonezz has 30 seconds left.
|inactive|jobbonezz has 20 seconds left.
|inactive|jobbonezz has 15 seconds left.
|inactive|jobbonezz has 10 seconds left.
|
|t:|1782680113
|switch|p2a: Pelipper|Pelipper, L50, F|75/100
|-weather|RainDance|[from] ability: Drizzle|[of] p2a: Pelipper
|move|p1b: Charizard|Protect|p1b: Charizard
|-singleturn|p1b: Charizard|Protect
|move|p2b: Archaludon|Flash Cannon|p1a: Grimmsnarl
|-supereffective|p1a: Grimmsnarl|1
|-damage|p1a: Grimmsnarl|28/100
|move|p1a: Grimmsnarl|Spirit Break|p2a: Pelipper
|-damage|p2a: Pelipper|54/100
|-unboost|p2a: Pelipper|spa|1
|
|-weather|RainDance|[upkeep]
|-heal|p2b: Archaludon|72/100|[from] item: Leftovers
|upkeep
|turn|6
|inactive|jobbonezz has 30 seconds left.
|inactive|jobbonezz has 20 seconds left.
|inactive|jobbonezz has 15 seconds left.
|
|t:|1782680154
|move|p1b: Charizard|Weather Ball|p2a: Pelipper
|-resisted|p2a: Pelipper|1
|-damage|p2a: Pelipper|15/100
|-enditem|p2a: Pelipper|Sitrus Berry|[eat]
|-heal|p2a: Pelipper|40/100|[from] item: Sitrus Berry
|move|p2b: Archaludon|Flash Cannon|p1a: Grimmsnarl
|-supereffective|p1a: Grimmsnarl|1
|-damage|p1a: Grimmsnarl|0 fnt
|faint|p1a: Grimmsnarl
|move|p2a: Pelipper|Tailwind|p2a: Pelipper
|-sidestart|p2: Lord Of Bulky|move: Tailwind
|
|-weather|RainDance|[upkeep]
|-heal|p2b: Archaludon|79/100|[from] item: Leftovers
|upkeep
|
|t:|1782680161
|switch|p1a: Basculegion|Basculegion, L50, M|100/100
|turn|7
|
|t:|1782680173
|switch|p2a: Grimmsnarl|Grimmsnarl, L50, M, shiny|15/100
|move|p2b: Archaludon|Electro Shot||[still]
|-prepare|p2b: Archaludon|Electro Shot
|-boost|p2b: Archaludon|spa|1
|-anim|p2b: Archaludon|Electro Shot|p1a: Basculegion
|-supereffective|p1a: Basculegion|1
|-damage|p1a: Basculegion|0 fnt
|faint|p1a: Basculegion
|move|p1b: Charizard|Weather Ball|p2a: Grimmsnarl
|-damage|p2a: Grimmsnarl|0 fnt
|faint|p2a: Grimmsnarl
|
|-weather|RainDance|[upkeep]
|-heal|p2b: Archaludon|85/100|[from] item: Leftovers
|upkeep
|-message|jobbonezz forfeited.
|
|win|Lord Of Bulky
||jobbonezz is ready for game 2.
