|j|☆eriksp
|j|☆f89 DonOMarVGC
|html|erikspf89 DonOMarVGC    
|uhtml|bestof|Game 3 of a best-of-3
|t:|1783817187
|gametype|doubles
|player|p1|eriksp|cynthia-masters4|1154
|player|p2|f89 DonOMarVGC|lucas|1243
|gen|9
|tier|[Gen 9 Champions] VGC 2026 Reg M-B (Bo3)
|rated|
|rule|Species Clause: Limit one of each Pokémon
|rule|Item Clause: Limit 1 of each item
|clearpoke
|poke|p1|Floette-Eternal, L50, F|
|poke|p1|Charizard, L50, M|
|poke|p1|Whimsicott, L50, M|
|poke|p1|Garchomp, L50, M|
|poke|p1|Basculegion, L50, M|
|poke|p1|Kingambit, L50, F|
|poke|p2|Grimmsnarl, L50, M|
|poke|p2|Tsareena, L50, F|
|poke|p2|Glimmora, L50, F|
|poke|p2|Umbreon, L50, M|
|poke|p2|Charizard, L50, F|
|poke|p2|Metagross, L50|
|teampreview|4
|showteam|p1|Floette-Eternal||Floettite|FlowerVeil|Moonblast,DazzlingGleam,LightofRuin,Protect|Modest||F|||50|]Charizard||CharizarditeY|Blaze|HeatWave,WeatherBall,SolarBeam,Protect|Timid||M|||50|]Whimsicott||FocusSash|Prankster|Moonblast,Tailwind,Encore,Protect|Timid||M|||50|]Garchomp||LifeOrb|RoughSkin|DragonClaw,Earthquake,Protect,RockSlide|Jolly||M|||50|]Basculegion||MysticWater|Adaptability|WaveCrash,LastRespects,AquaJet,Protect|Adamant||M|||50|]Kingambit||ChopleBerry|Defiant|KowtowCleave,IronHead,SuckerPunch,LowKick|Adamant||F|||50|
|showteam|p2|Grimmsnarl||LightClay|Prankster|Reflect,LightScreen,SpiritBreak,PartingShot|Impish||M|||50|]Tsareena||SitrusBerry|QueenlyMajesty|TropKick,TripleAxel,HighJumpKick,KnockOff|Adamant||F|||50|]Glimmora||FocusSash|ToxicDebris|SpikyShield,EarthPower,PowerGem,SludgeBomb|Modest||F|||50|]Umbreon||Leftovers|InnerFocus|FoulPlay,Snarl,Yawn,Moonlight|Impish||M|||50|]Charizard||CharizarditeY|SolarPower|Protect,HeatWave,WeatherBall,SolarBeam|Modest||F|||50|]Metagross||Metagrossite|ClearBody|Protect,PsychicFangs,MeteorMash,BulletPunch|Adamant|||||50|
|
|t:|1783817216
|teamsize|p1|4
|teamsize|p2|4
|start
|switch|p1a: Charizard|Charizard, L50, M|100/100
|switch|p1b: Garchomp|Garchomp, L50, M|100/100
|switch|p2a: Grimmsnarl|Grimmsnarl, L50, M|100/100
|switch|p2b: Glimmora|Glimmora, L50, F|100/100
|turn|1
|
|t:|1783817240
|detailschange|p1a: Charizard|Charizard-Mega-Y, L50, M
|-mega|p1a: Charizard|Charizard|Charizardite Y
|-weather|SunnyDay|[from] ability: Drought|[of] p1a: Charizard
|move|p2b: Glimmora|Spiky Shield|p2b: Glimmora
|-singleturn|p2b: Glimmora|move: Protect
|move|p2a: Grimmsnarl|Light Screen|p2a: Grimmsnarl
|-sidestart|p2: f89 DonOMarVGC|move: Light Screen
|move|p1b: Garchomp|Earthquake|p2b: Glimmora|[spread] p2a
|-activate|p2b: Glimmora|move: Protect
|-immune|p1a: Charizard
|-damage|p2a: Grimmsnarl|54/100
|-damage|p1b: Garchomp|90/100|[from] item: Life Orb
|move|p1a: Charizard|Heat Wave|p2b: Glimmora|[spread] p2a
|-activate|p2b: Glimmora|move: Protect
|-crit|p2a: Grimmsnarl
|-damage|p2a: Grimmsnarl|0 fnt
|faint|p2a: Grimmsnarl
|
|-weather|SunnyDay|[upkeep]
|upkeep
|
|t:|1783817267
|switch|p2a: Umbreon|Umbreon, L50, M|100/100
|turn|2
|
|t:|1783817281
|switch|p2b: Charizard|Charizard, L50, F|100/100
|move|p1b: Garchomp|Earthquake|p2a: Umbreon|[spread] p2a
|-immune|p1a: Charizard
|-immune|p2b: Charizard
|-crit|p2a: Umbreon
|-damage|p2a: Umbreon|51/100
|-damage|p1b: Garchomp|80/100|[from] item: Life Orb
|move|p1a: Charizard|Heat Wave|p2a: Umbreon|[spread] p2a,p2b
|-resisted|p2b: Charizard|1
|-damage|p2a: Umbreon|25/100
|-damage|p2b: Charizard|76/100
|move|p2a: Umbreon|Yawn|p1b: Garchomp
|-start|p1b: Garchomp|move: Yawn|[of] p2a: Umbreon
|
|-weather|SunnyDay|[upkeep]
|-damage|p2b: Charizard|64/100|[from] ability: Solar Power|[of] p2b: Charizard
|-heal|p2a: Umbreon|31/100|[from] item: Leftovers
|upkeep
|turn|3
|
|t:|1783817302
|switch|p1b: Whimsicott|Whimsicott, L50, M|100/100
|detailschange|p2b: Charizard|Charizard-Mega-Y, L50, F
|-mega|p2b: Charizard|Charizard|Charizardite Y
|move|p1a: Charizard|Protect|p1a: Charizard
|-singleturn|p1a: Charizard|Protect
|move|p2b: Charizard|Heat Wave|p1a: Charizard|[spread] p1b
|-activate|p1a: Charizard|move: Protect
|-supereffective|p1b: Whimsicott|1
|-enditem|p1b: Whimsicott|Focus Sash
|-damage|p1b: Whimsicott|1/100
|move|p2a: Umbreon|Moonlight|p2a: Umbreon
|-heal|p2a: Umbreon|98/100
|
|-weather|SunnyDay|[upkeep]
|-heal|p2a: Umbreon|100/100|[from] item: Leftovers
|upkeep
|turn|4
|
|t:|1783817337
|move|p1b: Whimsicott|Moonblast|p2a: Umbreon
|-supereffective|p2a: Umbreon|1
|-damage|p2a: Umbreon|69/100
|move|p1a: Charizard|Weather Ball|p2a: Umbreon
|-damage|p2a: Umbreon|33/100
|move|p2b: Charizard|Heat Wave|p1a: Charizard|[spread] p1a
|-miss|p2b: Charizard|p1b: Whimsicott
|-resisted|p1a: Charizard|1
|-crit|p1a: Charizard
|-damage|p1a: Charizard|46/100
|move|p2a: Umbreon|Yawn|p1a: Charizard
|-start|p1a: Charizard|move: Yawn|[of] p2a: Umbreon
|
|-weather|SunnyDay|[upkeep]
|-heal|p2a: Umbreon|39/100|[from] item: Leftovers
|upkeep
|turn|5
|
|t:|1783817364
|move|p1b: Whimsicott|Moonblast|p2a: Umbreon
|-supereffective|p2a: Umbreon|1
|-damage|p2a: Umbreon|7/100
|move|p1a: Charizard|Weather Ball|p2a: Umbreon
|-crit|p2a: Umbreon
|-damage|p2a: Umbreon|0 fnt
|faint|p2a: Umbreon
|move|p2b: Charizard|Heat Wave|p1a: Charizard|[spread] p1a
|-miss|p2b: Charizard|p1b: Whimsicott
|-resisted|p1a: Charizard|1
|-damage|p1a: Charizard|11/100
|
|-weather|none
|-end|p1a: Charizard|move: Yawn|[silent]
|-status|p1a: Charizard|slp
|upkeep
|
|t:|1783817375
|switch|p2a: Glimmora|Glimmora, L50, F|100/100
|turn|6
|
|t:|1783817381
|move|p1b: Whimsicott|Protect|p1b: Whimsicott
|-singleturn|p1b: Whimsicott|Protect
|move|p2a: Glimmora|Spiky Shield|p2a: Glimmora
|-singleturn|p2a: Glimmora|move: Protect
|cant|p1a: Charizard|slp
|move|p2b: Charizard|Heat Wave|p1a: Charizard|[spread] p1a
|-activate|p1b: Whimsicott|move: Protect
|-resisted|p1a: Charizard|1
|-damage|p1a: Charizard|0 fnt
|faint|p1a: Charizard
|
|upkeep
|
|t:|1783817391
|switch|p1a: Basculegion|Basculegion, L50, M|100/100
|turn|7
|
|t:|1783817406
|move|p1b: Whimsicott|Encore|p2a: Glimmora
|-start|p2a: Glimmora|Encore
|move|p2a: Glimmora|Spiky Shield||[still]
|-fail|p2a: Glimmora
|move|p1a: Basculegion|Wave Crash|p2b: Charizard
|-supereffective|p2b: Charizard|1
|-damage|p2b: Charizard|0 fnt
|faint|p2b: Charizard
|-damage|p1a: Basculegion|80/100|[from] Recoil
|
|upkeep
|turn|8
|
|t:|1783817421
|move|p1a: Basculegion|Protect|p1a: Basculegion
|-singleturn|p1a: Basculegion|Protect
|move|p2a: Glimmora|Spiky Shield|p2a: Glimmora
|-singleturn|p2a: Glimmora|move: Protect
|move|p1b: Whimsicott|Moonblast|p2a: Glimmora
|-activate|p2a: Glimmora|move: Protect
|
|-sideend|p2: f89 DonOMarVGC|move: Light Screen
|upkeep
|turn|9
|
|t:|1783817435
|move|p2a: Glimmora|Spiky Shield|p2a: Glimmora
|-singleturn|p2a: Glimmora|move: Protect
|move|p1b: Whimsicott|Moonblast|p2a: Glimmora
|-activate|p2a: Glimmora|move: Protect
|move|p1a: Basculegion|Wave Crash|p2a: Glimmora
|-activate|p2a: Glimmora|move: Protect
|-damage|p1a: Basculegion|67/100|[from] Spiky Shield|[of] p2a: Glimmora
|
|-end|p2a: Glimmora|Encore
|upkeep
|turn|10
|
|t:|1783817447
|move|p1b: Whimsicott|Tailwind|p1b: Whimsicott
|-sidestart|p1: eriksp|move: Tailwind
|move|p1a: Basculegion|Wave Crash|p2a: Glimmora
|-supereffective|p2a: Glimmora|1
|-enditem|p2a: Glimmora|Focus Sash
|-damage|p2a: Glimmora|1/100
|-activate|p2a: Glimmora|ability: Toxic Debris
|-sidestart|p1: eriksp|move: Toxic Spikes
|-damage|p1a: Basculegion|35/100|[from] Recoil
|move|p2a: Glimmora|Power Gem|p1a: Basculegion
|-damage|p1a: Basculegion|0 fnt
|faint|p1a: Basculegion
|
|upkeep
|
|t:|1783817451
|switch|p1a: Garchomp|Garchomp, L50, M|80/100
|-status|p1a: Garchomp|psn
|turn|11
|
|t:|1783817458
|move|p2a: Glimmora|Spiky Shield|p2a: Glimmora
|-singleturn|p2a: Glimmora|move: Protect
|move|p1b: Whimsicott|Moonblast|p2a: Glimmora
|-activate|p2a: Glimmora|move: Protect
|move|p1a: Garchomp|Dragon Claw|p2a: Glimmora
|-activate|p2a: Glimmora|move: Protect
|-damage|p1a: Garchomp|68/100 psn|[from] Spiky Shield|[of] p2a: Glimmora
|
|-damage|p1a: Garchomp|56/100 psn|[from] psn
|upkeep
|turn|12
|
|t:|1783817464
|move|p2a: Glimmora|Spiky Shield||[still]
|-fail|p2a: Glimmora
|move|p1b: Whimsicott|Moonblast|p2a: Glimmora
|-resisted|p2a: Glimmora|1
|-damage|p2a: Glimmora|0 fnt
|faint|p2a: Glimmora
|
|win|eriksp
|raw|eriksp's rating: 1154 → 1185(+31 for winning)
|raw|f89 DonOMarVGC's rating: 1243 → 1212(-31 for losing)
