|j|☆DondozoPlease
|j|☆Fr3gsy
|html|DondozoPleaseFr3gsy    
|uhtml|bestof|Game 3 of a best-of-3
|t:|1757690742
|gametype|doubles
|player|p1|DondozoPlease|101|1141
|player|p2|Fr3gsy|cynthia|1152
|gen|9
|tier|[Gen 9] VGC 2025 Reg H (Bo3)
|rated|
|rule|Species Clause: Limit one of each Pokémon
|rule|Item Clause: Limit 1 of each item
|clearpoke
|poke|p1|Jumpluff, L50, M|
|poke|p1|Torkoal, L50, F|
|poke|p1|Typhlosion-Hisui, L50, M|
|poke|p1|Garchomp, L50, M|
|poke|p1|Dragonite, L50, F|
|poke|p1|Kingambit, L50, F|
|poke|p2|Annihilape, L50, F|
|poke|p2|Maushold, L50|
|poke|p2|Kommo-o, L50, M|
|poke|p2|Murkrow, L50, M|
|poke|p2|Rillaboom, L50, F|
|poke|p2|Incineroar, L50, M|
|teampreview|4
|showteam|p1|Jumpluff||CovertCloak|Chlorophyll|LeafStorm,SleepPowder,Encore,Tailwind|||M|||50|,,,,,Poison]Torkoal||EjectPack|Drought|Overheat,BurningJealousy,HelpingHand,Protect|||F|||50|,,,,,Flying]Typhlosion-Hisui||ChoiceSpecs|Blaze|Eruption,ShadowBall,HeatWave,Flamethrower|||M|||50|,,,,,Fire]Garchomp||LifeOrb|RoughSkin|DragonClaw,StompingTantrum,Earthquake,Protect|||M|||50|,,,,,Steel]Dragonite||LoadedDice|Multiscale|ExtremeSpeed,ScaleShot,IceSpinner,Protect|||F|||50|,,,,,Fairy]Kingambit||AssaultVest|Defiant|IronHead,SuckerPunch,KowtowCleave,LowKick|||F|||50|,,,,,Flying
|showteam|p2|Annihilape||Leftovers|Defiant|RageFist,DrainPunch,BulkUp,Protect|||F|||50|,,,,,Fire]Maushold||SafetyGoggles|FriendGuard|FollowMe,BeatUp,HelpingHand,Protect||||||50|,,,,,Ghost]Kommo-o||ThroatSpray|Overcoat|ClangorousSoul,ClangingScales,Protect,FlashCannon|||M|||50|,,,,,Steel]Murkrow||Eviolite|Prankster|BraveBird,Tailwind,Taunt,Quash|||M|||50|,,,,,Ghost]Rillaboom||AssaultVest|GrassySurge|FakeOut,HighHorsepower,GrassyGlide,Uturn|||F|||50|,,,,,Fire]Incineroar||SitrusBerry|Intimidate|FakeOut,FlareBlitz,KnockOff,PartingShot|||M|||50|,,,,,Ghost
|inactive|Battle timer is ON: inactive players will automatically lose when time's up. (requested by DondozoPlease)
|
|t:|1757690779
|teamsize|p1|4
|teamsize|p2|4
|start
|switch|p1a: Jumpluff|Jumpluff, L50, M|100/100
|switch|p1b: Dragonite|Dragonite, L50, F|100/100
|switch|p2a: Maushold|Maushold, L50, shiny|100/100
|switch|p2b: Kommo-o|Kommo-o, L50, M, shiny|100/100
|turn|1
|inactive|Fr3gsy has 30 seconds left.
|
|t:|1757690805
|-terastallize|p2b: Kommo-o|Steel
|move|p2a: Maushold|Protect|p2a: Maushold
|-singleturn|p2a: Maushold|Protect
|move|p1a: Jumpluff|Tailwind|p1a: Jumpluff
|-sidestart|p1: DondozoPlease|move: Tailwind
|move|p1b: Dragonite|Scale Shot|p2a: Maushold
|-activate|p2a: Maushold|move: Protect
|move|p2b: Kommo-o|Clangorous Soul|p2b: Kommo-o
|-boost|p2b: Kommo-o|atk|1
|-boost|p2b: Kommo-o|def|1
|-boost|p2b: Kommo-o|spa|1
|-boost|p2b: Kommo-o|spd|1
|-boost|p2b: Kommo-o|spe|1
|-damage|p2b: Kommo-o|68/100
|-enditem|p2b: Kommo-o|Throat Spray
|-boost|p2b: Kommo-o|spa|1|[from] item: Throat Spray
|
|upkeep
|turn|2
|inactive|DondozoPlease has 30 seconds left.
|inactive|Fr3gsy has 30 seconds left.
|inactive|Fr3gsy has 20 seconds left.
|
|t:|1757690845
|move|p2a: Maushold|Helping Hand|p2b: Kommo-o
|-singleturn|p2b: Kommo-o|Helping Hand|[of] p2a: Maushold
|move|p1a: Jumpluff|Encore|p2b: Kommo-o
|-start|p2b: Kommo-o|Encore
|move|p1b: Dragonite|Scale Shot|p2a: Maushold
|-damage|p2a: Maushold|85/100
|-damage|p2a: Maushold|71/100
|-damage|p2a: Maushold|55/100
|-damage|p2a: Maushold|41/100
|-damage|p2a: Maushold|27/100
|-hitcount|p2a: Maushold|5
|-unboost|p1b: Dragonite|def|1
|-boost|p1b: Dragonite|spe|1
|move|p2b: Kommo-o|Clangorous Soul|p2b: Kommo-o
|-boost|p2b: Kommo-o|atk|1
|-boost|p2b: Kommo-o|def|1
|-boost|p2b: Kommo-o|spa|1
|-boost|p2b: Kommo-o|spd|1
|-boost|p2b: Kommo-o|spe|1
|-damage|p2b: Kommo-o|35/100
|
|upkeep
|turn|3
|inactive|DondozoPlease has 30 seconds left.
|inactive|Fr3gsy has 30 seconds left.
|inactive|DondozoPlease has 20 seconds left.
|inactive|DondozoPlease has 15 seconds left.
|inactive|DondozoPlease has 10 seconds left.
|
|t:|1757690894
|switch|p1b: Typhlosion|Typhlosion-Hisui, L50, M, shiny|100/100
|switch|p2b: Incineroar|Incineroar, L50, M, shiny|100/100
|-ability|p2b: Incineroar|Intimidate|boost
|-unboost|p1a: Jumpluff|atk|1
|-unboost|p1b: Typhlosion|atk|1
|move|p2a: Maushold|Protect|p2a: Maushold
|-singleturn|p2a: Maushold|Protect
|move|p1a: Jumpluff|Encore|p2a: Maushold
|-activate|p2a: Maushold|move: Protect
|
|upkeep
|turn|4
|inactive|DondozoPlease has 30 seconds left.
|
|t:|1757690922
|switch|p1a: Dragonite|Dragonite, L50, F|100/100
|switch|p2a: Murkrow|Murkrow, L50, M, shiny|100/100
|move|p1b: Typhlosion|Heat Wave|p2a: Murkrow|[spread] p2a,p2b
|-resisted|p2b: Incineroar
|-damage|p2a: Murkrow|45/100
|-damage|p2b: Incineroar|81/100
|move|p2b: Incineroar|Knock Off|p1b: Typhlosion
|-supereffective|p1b: Typhlosion
|-damage|p1b: Typhlosion|0 fnt
|-enditem|p1b: Typhlosion|Choice Specs|[from] move: Knock Off|[of] p2b: Incineroar
|faint|p1b: Typhlosion
|
|-sideend|p1: DondozoPlease|move: Tailwind
|upkeep
|
|t:|1757690935
|switch|p1b: Jumpluff|Jumpluff, L50, M|100/100
|turn|5
|
|t:|1757690957
|move|p2a: Murkrow|Tailwind|p2a: Murkrow
|-sidestart|p2: Fr3gsy|move: Tailwind
|move|p1b: Jumpluff|Tailwind|p1b: Jumpluff
|-sidestart|p1: DondozoPlease|move: Tailwind
|move|p1a: Dragonite|Scale Shot|p2a: Murkrow
|-damage|p2a: Murkrow|30/100
|-damage|p2a: Murkrow|13/100
|-damage|p2a: Murkrow|0 fnt
|faint|p2a: Murkrow
|-hitcount|p2: Murkrow|3
|-unboost|p1a: Dragonite|def|1
|-boost|p1a: Dragonite|spe|1
|move|p2b: Incineroar|Flare Blitz|p1b: Jumpluff
|-supereffective|p1b: Jumpluff
|-damage|p1b: Jumpluff|0 fnt
|faint|p1b: Jumpluff
|-damage|p2b: Incineroar|51/100|[from] Recoil
|
|upkeep
|
|t:|1757690980
|switch|p1b: Torkoal|Torkoal, L50, F, shiny|100/100
|switch|p2a: Maushold|Maushold, L50, shiny|27/100
|-weather|SunnyDay|[from] ability: Drought|[of] p1b: Torkoal
|turn|6
|inactive|Fr3gsy has 30 seconds left.
|
|t:|1757691007
|move|p1b: Torkoal|Protect|p1b: Torkoal
|-singleturn|p1b: Torkoal|Protect
|move|p1a: Dragonite|Extreme Speed|p2a: Maushold
|-damage|p2a: Maushold|0 fnt
|faint|p2a: Maushold
|move|p2b: Incineroar|Knock Off|p1a: Dragonite
|-damage|p1a: Dragonite|73/100
|-enditem|p1a: Dragonite|Loaded Dice|[from] move: Knock Off|[of] p2b: Incineroar
|
|-weather|SunnyDay|[upkeep]
|upkeep
|
|t:|1757691017
|switch|p2a: Kommo-o|Kommo-o, L50, M, shiny, tera:Steel|35/100
|turn|7
|
|t:|1757691031
|move|p1b: Torkoal|Helping Hand|p1a: Dragonite
|-singleturn|p1a: Dragonite|Helping Hand|[of] p1b: Torkoal
|move|p2a: Kommo-o|Protect|p2a: Kommo-o
|-singleturn|p2a: Kommo-o|Protect
|move|p1a: Dragonite|Scale Shot|p2a: Kommo-o
|-activate|p2a: Kommo-o|move: Protect
|move|p2b: Incineroar|Flare Blitz|p1a: Dragonite
|-resisted|p1a: Dragonite
|-damage|p1a: Dragonite|16/100
|-damage|p2b: Incineroar|35/100|[from] Recoil
|-enditem|p2b: Incineroar|Sitrus Berry|[eat]
|-heal|p2b: Incineroar|59/100|[from] item: Sitrus Berry
|
|-weather|SunnyDay|[upkeep]
|upkeep
|turn|8
|inactive|Fr3gsy has 30 seconds left.
|
|t:|1757691059
|move|p1a: Dragonite|Scale Shot|p2b: Incineroar
|-damage|p2b: Incineroar|46/100
|-damage|p2b: Incineroar|33/100
|-damage|p2b: Incineroar|19/100
|-hitcount|p2b: Incineroar|3
|-unboost|p1a: Dragonite|def|1
|-boost|p1a: Dragonite|spe|1
|move|p2a: Kommo-o|Clanging Scales|p1b: Torkoal|[spread] p1a,p1b
|-supereffective|p1a: Dragonite
|-damage|p1a: Dragonite|0 fnt
|-damage|p1b: Torkoal|63/100
|faint|p1a: Dragonite
|-unboost|p2a: Kommo-o|def|1
|move|p2b: Incineroar|Flare Blitz|p1b: Torkoal
|-resisted|p1b: Torkoal
|-damage|p1b: Torkoal|35/100
|-damage|p2b: Incineroar|11/100|[from] Recoil
|move|p1b: Torkoal|Burning Jealousy|p2a: Kommo-o|[spread] p2a,p2b
|-supereffective|p2a: Kommo-o
|-resisted|p2b: Incineroar
|-damage|p2a: Kommo-o|0 fnt
|-damage|p2b: Incineroar|0 fnt
|faint|p2a: Kommo-o
|faint|p2b: Incineroar
|
|win|DondozoPlease
|raw|DondozoPlease's rating: 1141 → 1167(+26 for winning)
|raw|Fr3gsy's rating: 1152 → 1126(-26 for losing)
