|j|☆takeshivgc-test
|j|☆artzx
|html|takeshivgc-testartzx    
|uhtml|bestof|Game 1 of a best-of-3
|t:|1757736024
|gametype|doubles
|player|p1|takeshivgc-test|sabrina|1175
|player|p2|artzx|170|1073
|gen|9
|tier|[Gen 9] VGC 2025 Reg H (Bo3)
|rated|
|rule|Species Clause: Limit one of each Pokémon
|rule|Item Clause: Limit 1 of each item
|clearpoke
|poke|p1|Indeedee-F, L50, F|
|poke|p1|Torkoal, L50, F|
|poke|p1|Gallade, L50, M|
|poke|p1|Ursaluna, L50, M|
|poke|p1|Hatterene, L50, F|
|poke|p1|Lilligant-Hisui, L50, F|
|poke|p2|Dondozo, L50, F|
|poke|p2|Tatsugiri, L50, M|
|poke|p2|Indeedee, L50, M|
|poke|p2|Sneasler, L50, F|
|poke|p2|Typhlosion-Hisui, L50, M|
|poke|p2|Dragonite, L50, F|
|teampreview|4
|showteam|p1|Indeedee-F||PsychicSeed|PsychicSurge|DazzlingGleam,HelpingHand,TrickRoom,FollowMe|||F|||50|,,,,,Fairy]Torkoal||Charcoal|Drought|Eruption,Protect,WeatherBall,ClearSmog|||F|||50|,,,,,Fire]Gallade||ClearAmulet|Sharpness|PsychoCut,SacredSword,TrickRoom,WideGuard|||M|||50|,,,,,Fire]Ursaluna||FlameOrb|Guts|Facade,HeadlongRush,Earthquake,Protect|||M|||50|,,,,,Ghost]Hatterene||LifeOrb|MagicBounce|ExpandingForce,DazzlingGleam,TrickRoom,Protect|||F|||50|,,,,,Fire]Lilligant-Hisui||FocusSash|Chlorophyll|AfterYou,SleepPowder,SolarBlade,CloseCombat|||F|||50|,,,,,Ghost
|showteam|p2|Dondozo||Leftovers|Unaware|WaveCrash,OrderUp,Earthquake,Protect|||F|||50|,,,,,Steel]Tatsugiri||ChoiceSpecs|Commander|MuddyWater,DracoMeteor,DragonPulse,HydroPump|||M|||50|,,,,,Fairy]Indeedee||FocusSash|PsychicSurge|ExpandingForce,HelpingHand,Imprison,TrickRoom|||M|||50|,,,,,Grass]Sneasler||PsychicSeed|Unburden|DireClaw,CloseCombat,ThroatChop,Protect|||F|||50|,,,,,Dark]Typhlosion-Hisui||ChoiceScarf|Blaze|Eruption,HeatWave,ShadowBall,Overheat|||M|||50|,,,,,Fire]Dragonite||LoadedDice|Multiscale|ScaleShot,IronHead,Haze,Protect|||F|||50|,,,,,Steel
|inactive|Battle timer is ON: inactive players will automatically lose when time's up. (requested by artzx)
|inactive|takeshivgc-test has 60 seconds left.
|inactive|artzx has 60 seconds left.
|
|t:|1757736084
|teamsize|p1|4
|teamsize|p2|4
|start
|switch|p1a: Torkoal|Torkoal, L50, F|100/100
|switch|p1b: Lilligant|Lilligant-Hisui, L50, F|100/100
|switch|p2a: Indeedee|Indeedee, L50, M|100/100
|switch|p2b: Typhlosion|Typhlosion-Hisui, L50, M|100/100
|-fieldstart|move: Psychic Terrain|[from] ability: Psychic Surge|[of] p2a: Indeedee
|-weather|SunnyDay|[from] ability: Drought|[of] p1a: Torkoal
|turn|1
|inactive|artzx has 30 seconds left.
|inactive|artzx has 20 seconds left.
|inactive|artzx has 15 seconds left.
|inactive|artzx has 10 seconds left.
|
|t:|1757736133
|move|p1a: Torkoal|Protect|p1a: Torkoal
|-singleturn|p1a: Torkoal|Protect
|move|p1b: Lilligant|Sleep Powder|p2b: Typhlosion
|-status|p2b: Typhlosion|slp|[from] move: Sleep Powder
|cant|p2b: Typhlosion|slp
|move|p2a: Indeedee|Expanding Force|p1b: Lilligant|[spread] p1b
|-activate|p1a: Torkoal|move: Protect
|-supereffective|p1b: Lilligant
|-enditem|p1b: Lilligant|Focus Sash
|-damage|p1b: Lilligant|1/100
|
|-weather|SunnyDay|[upkeep]
|upkeep
|turn|2
|inactive|takeshivgc-test has 30 seconds left.
|inactive|artzx has 30 seconds left.
|
|t:|1757736162
|-terastallize|p1a: Torkoal|Fire
|move|p1b: Lilligant|Sleep Powder|p2a: Indeedee
|-status|p2a: Indeedee|slp|[from] move: Sleep Powder
|cant|p2b: Typhlosion|slp
|cant|p2a: Indeedee|slp
|move|p1a: Torkoal|Eruption|p2b: Typhlosion|[spread] p2a,p2b
|-resisted|p2b: Typhlosion
|-enditem|p2a: Indeedee|Focus Sash
|-damage|p2a: Indeedee|1/100 slp
|-damage|p2b: Typhlosion|22/100 slp
|
|-weather|SunnyDay|[upkeep]
|upkeep
|turn|3
|c|☆artzx|hate this fucking game
|c|☆artzx|god damn
|inactive|artzx has 30 seconds left.
|c|☆takeshivgc-test|tbh
|
|t:|1757736191
|move|p1b: Lilligant|After You|p1a: Torkoal
|-activate|p1a: Torkoal|move: After You
|move|p1a: Torkoal|Eruption|p2a: Indeedee|[spread] p2a,p2b
|-resisted|p2b: Typhlosion
|-damage|p2a: Indeedee|0 fnt
|-damage|p2b: Typhlosion|0 fnt
|faint|p2a: Indeedee
|faint|p2b: Typhlosion
|
|-weather|SunnyDay|[upkeep]
|upkeep
|
|t:|1757736195
|switch|p2a: Dondozo|Dondozo, L50, F|100/100
|switch|p2b: Tatsugiri|Tatsugiri, L50, M|100/100
|-activate|p2b: Tatsugiri|ability: Commander|[of] p2a: Dondozo
|-boost|p2a: Dondozo|atk|2
|-boost|p2a: Dondozo|spa|2
|-boost|p2a: Dondozo|spe|2
|-boost|p2a: Dondozo|def|2
|-boost|p2a: Dondozo|spd|2
|turn|4
|c|☆takeshivgc-test|first time hitting two sleeps like that in a fat min
|c|☆artzx|lol
|c|☆artzx|damn
|c|☆artzx|if u missed one i would be in a good/ok spot
|inactive|artzx has 30 seconds left.
|c|☆artzx|please miss now
|c|☆artzx|please
|
|t:|1757736229
|move|p1b: Lilligant|After You|p1a: Torkoal
|-activate|p1a: Torkoal|move: After You
|move|p1a: Torkoal|Clear Smog|p2a: Dondozo
|-damage|p2a: Dondozo|92/100
|-clearboost|p2a: Dondozo
|move|p2a: Dondozo|Earthquake|p1b: Lilligant|[spread] p1a,p1b
|-miss|p2a: Dondozo|p2b: Tatsugiri
|-supereffective|p1a: Torkoal
|-resisted|p1b: Lilligant
|-damage|p1a: Torkoal|63/100
|-damage|p1b: Lilligant|0 fnt
|faint|p1b: Lilligant
|
|-weather|SunnyDay|[upkeep]
|-heal|p2a: Dondozo|98/100|[from] item: Leftovers
|upkeep
|c|☆artzx|fair
|
|t:|1757736246
|switch|p1b: Gallade|Gallade, L50, M, shiny|100/100
|turn|5
|c|☆artzx|fair? no i take back
|c|☆artzx|thats all but fair
|c|☆artzx|:(
|inactive|artzx has 30 seconds left.
|c|☆takeshivgc-test|loll those stat boosts be rough
|
|t:|1757736279
|move|p2a: Dondozo|Protect|p2a: Dondozo
|-singleturn|p2a: Dondozo|Protect
|move|p1b: Gallade|Psycho Cut|p2a: Dondozo
|-activate|p2a: Dondozo|move: Protect
|move|p1a: Torkoal|Weather Ball|p2a: Dondozo
|-activate|p2a: Dondozo|move: Protect
|
|-weather|none
|-heal|p2a: Dondozo|100/100|[from] item: Leftovers
|-fieldend|move: Psychic Terrain
|upkeep
|turn|6
|
|t:|1757736298
|switch|p1a: Hatterene|Hatterene, L50, F, shiny|100/100
|move|p2a: Dondozo|Order Up|p1b: Gallade
|-damage|p1b: Gallade|65/100
|-boost|p2a: Dondozo|atk|1
|move|p1b: Gallade|Trick Room|p1b: Gallade
|-fieldstart|move: Trick Room|[of] p1b: Gallade
|
|upkeep
|turn|7
|inactive|artzx has 30 seconds left.
|
|t:|1757736324
|move|p2a: Dondozo|Protect|p2a: Dondozo
|-singleturn|p2a: Dondozo|Protect
|move|p1a: Hatterene|Expanding Force|p2a: Dondozo
|-activate|p2a: Dondozo|move: Protect
|move|p1b: Gallade|Sacred Sword|p2a: Dondozo
|-activate|p2a: Dondozo|move: Protect
|
|upkeep
|turn|8
|
|t:|1757736334
|move|p1a: Hatterene|Expanding Force|p2a: Dondozo
|-damage|p2a: Dondozo|38/100
|-damage|p1a: Hatterene|91/100|[from] item: Life Orb
|move|p2a: Dondozo|Earthquake|p1a: Hatterene|[spread] p1a,p1b
|-miss|p2a: Dondozo|p2b: Tatsugiri
|-damage|p1a: Hatterene|55/100
|-damage|p1b: Gallade|16/100
|move|p1b: Gallade|Sacred Sword|p2a: Dondozo
|-damage|p2a: Dondozo|0 fnt
|faint|p2a: Dondozo
|
|upkeep
|turn|9
|c|☆artzx|SUSHI
|c|☆artzx|U CAN DO IT
|
|t:|1757736351
|move|p1b: Gallade|Wide Guard|p1b: Gallade
|-singleturn|p1b: Gallade|Wide Guard
|move|p1a: Hatterene|Expanding Force|p2b: Tatsugiri
|-damage|p2b: Tatsugiri|22/100
|-damage|p1a: Hatterene|45/100|[from] item: Life Orb
|move|p2b: Tatsugiri|Muddy Water|p1a: Hatterene|[spread] 
|-activate|p1a: Hatterene|move: Wide Guard
|-activate|p1b: Gallade|move: Wide Guard
|
|upkeep
|turn|10
|c|☆artzx|sorry u cant
|c|☆takeshivgc-test|lolll
|c|☆takeshivgc-test|youre commentary is hilarious
|
|t:|1757736373
|move|p1b: Gallade|Wide Guard|p1b: Gallade
|-singleturn|p1b: Gallade|Wide Guard
|move|p1a: Hatterene|Dazzling Gleam|p2b: Tatsugiri
|-supereffective|p2b: Tatsugiri
|-damage|p2b: Tatsugiri|0 fnt
|faint|p2b: Tatsugiri
|-damage|p1a: Hatterene|36/100|[from] item: Life Orb
|
|win|takeshivgc-test
|c|☆artzx|lol
||takeshivgc-test is ready for game 2.
||artzx is ready for game 2.
|uhtml|next|Next: Game 2 of 3
|l|☆takeshivgc-test
|player|p1|
