|j|☆pepelniciq2
|j|☆burgos aldea
|html|pepelniciq2burgos aldea    
|uhtml|bestof|Game 1 of a best-of-3
|t:|1782476211
|gametype|doubles
|player|p1|pepelniciq2|miku-ghost|1105
|player|p2|burgos aldea|sisandbro|1182
|gen|9
|tier|[Gen 9 Champions] VGC 2026 Reg M-B (Bo3)
|rated|
|rule|Species Clause: Limit one of each Pokémon
|rule|Item Clause: Limit 1 of each item
|clearpoke
|poke|p1|Swampert, L50, M|
|poke|p1|Floette-Eternal, L50, F|
|poke|p1|Archaludon, L50, M|
|poke|p1|Pelipper, L50, M|
|poke|p1|Sableye, L50, M|
|poke|p1|Sinistcha, L50|
|poke|p2|Pyroar, L50, F|
|poke|p2|Ninetales, L50, F|
|poke|p2|Whimsicott, L50, M|
|poke|p2|Farigiraf, L50, F|
|poke|p2|Sylveon, L50, M|
|poke|p2|Basculegion, L50, M|
|teampreview|4
|showteam|p1|Swampert||Swampertite|Torrent|WaveCrash,Earthquake,IcePunch,Protect|Adamant||M|||50|]Floette-Eternal||Floettite|FlowerVeil|Moonblast,DazzlingGleam,LightofRuin,Protect|Timid||F|||50|]Archaludon||Leftovers|Stamina|ElectroShot,DragonPulse,FlashCannon,Protect|Modest||M|||50|]Pelipper||FocusSash|Drizzle|Hurricane,WeatherBall,Tailwind,Protect|Modest||M|||50|]Sableye||LightClay|Prankster|Disable,RainDance,LightScreen,Reflect|Impish||M|||50|]Sinistcha||SitrusBerry|Hospitality|MatchaGotcha,RagePowder,TrickRoom,LifeDew|Calm|||||50|
|showteam|p2|Pyroar||Pyroarite|Rivalry|HeatWave,Overheat,SolarBeam,Protect|Timid||F|||50|]Ninetales||ChoiceScarf|Drought|FakeTears,Memento,SolarBeam,HeatWave|Timid||F|||50|]Whimsicott||FocusSash|Prankster|Tailwind,Moonblast,SunnyDay,Protect|Timid||M|||50|]Farigiraf||SitrusBerry|ArmorTail|Roar,HelpingHand,TrickRoom,TwinBeam|Relaxed||F|||50|]Sylveon||FairyFeather|Pixilate|HyperVoice,HyperBeam,QuickAttack,Protect|Modest||M|||50|]Basculegion||LifeOrb|Adaptability|WaveCrash,LastRespects,FlipTurn,AquaJet|Adamant||M|||50|
|inactive|Battle timer is ON: inactive players will automatically lose when time's up. (requested by pepelniciq2)
|
|t:|1782476281
|teamsize|p1|4
|teamsize|p2|4
|start
|switch|p1a: Sableye|Sableye, L50, M|100/100
|switch|p1b: Swampert|Swampert, L50, M|100/100
|switch|p2a: Whimsicott|Whimsicott, L50, M|100/100
|switch|p2b: Basculegion|Basculegion, L50, M|100/100
|turn|1
|
|t:|1782476295
|detailschange|p1b: Swampert|Swampert-Mega, L50, M
|-mega|p1b: Swampert|Swampert|Swampertite
|move|p2a: Whimsicott|Tailwind|p2a: Whimsicott
|-sidestart|p2: burgos aldea|move: Tailwind
|move|p1a: Sableye|Rain Dance|p1a: Sableye
|-weather|RainDance
|move|p1b: Swampert|Earthquake|p2b: Basculegion|[spread] p1a,p2a,p2b
|-resisted|p2a: Whimsicott|1
|-damage|p1a: Sableye|40/100
|-damage|p2a: Whimsicott|66/100
|-damage|p2b: Basculegion|56/100
|move|p2b: Basculegion|Wave Crash|p1b: Swampert
|-damage|p1b: Swampert|0 fnt
|faint|p1b: Swampert
|-damage|p2b: Basculegion|27/100|[from] Recoil
|-damage|p2b: Basculegion|17/100|[from] item: Life Orb
|
|-weather|RainDance|[upkeep]
|upkeep
|
|t:|1782476299
|switch|p1b: Archaludon|Archaludon, L50, M|100/100
|turn|2
|inactive|burgos aldea has 30 seconds left.
|
|t:|1782476330
|switch|p1a: Pelipper|Pelipper, L50, M|100/100
|move|p2b: Basculegion|Aqua Jet|p1a: Pelipper
|-resisted|p1a: Pelipper|1
|-damage|p1a: Pelipper|67/100
|-damage|p2b: Basculegion|7/100|[from] item: Life Orb
|move|p2a: Whimsicott|Moonblast|p1a: Pelipper
|-damage|p1a: Pelipper|5/100
|move|p1b: Archaludon|Flash Cannon|p2a: Whimsicott
|-supereffective|p2a: Whimsicott|1
|-damage|p2a: Whimsicott|0 fnt
|faint|p2a: Whimsicott
|
|-weather|RainDance|[upkeep]
|upkeep
|
|t:|1782476344
|switch|p2a: Nala|Ninetales, L50, F|100/100
|-weather|SunnyDay|[from] ability: Drought|[of] p2a: Nala
|turn|3
|
|t:|1782476357
|switch|p2b: Simba|Pyroar, L50, F|100/100
|switch|p1a: Sableye|Sableye, L50, M|40/100
|move|p1b: Archaludon|Protect|p1b: Archaludon
|-singleturn|p1b: Archaludon|Protect
|move|p2a: Nala|Heat Wave|p1b: Archaludon|[spread] p1a
|-activate|p1b: Archaludon|move: Protect
|-damage|p1a: Sableye|0 fnt
|faint|p1a: Sableye
|
|-weather|SunnyDay|[upkeep]
|upkeep
|
|t:|1782476366
|switch|p1a: Pelipper|Pelipper, L50, M|5/100
|-weather|RainDance|[from] ability: Drizzle|[of] p1a: Pelipper
|turn|4
|
|t:|1782476375
|switch|p2a: Basculegion|Basculegion, L50, M|7/100
|detailschange|p2b: Simba|Pyroar-Mega, L50, F
|-mega|p2b: Simba|Pyroar|Pyroarite
|move|p2b: Simba|Protect|p2b: Simba
|-singleturn|p2b: Simba|Protect
|move|p1a: Pelipper|Weather Ball|p2b: Simba
|-activate|p2b: Simba|move: Protect
|move|p1b: Archaludon|Electro Shot||[still]
|-prepare|p1b: Archaludon|Electro Shot
|-boost|p1b: Archaludon|spa|1
|-anim|p1b: Archaludon|Electro Shot|p2a: Basculegion
|-supereffective|p2a: Basculegion|1
|-damage|p2a: Basculegion|0 fnt
|faint|p2a: Basculegion
|
|-weather|RainDance|[upkeep]
|-sideend|p2: burgos aldea|move: Tailwind
|upkeep
|
|t:|1782476388
|switch|p2a: Nala|Ninetales, L50, F|100/100
|-weather|SunnyDay|[from] ability: Drought|[of] p2a: Nala
|turn|5
|
|t:|1782476404
|move|p2a: Nala|Heat Wave|p1b: Archaludon|[spread] p1a,p1b
|-resisted|p1a: Pelipper|1
|-damage|p1a: Pelipper|0 fnt
|-damage|p1b: Archaludon|49/100
|-ability|p1b: Archaludon|Stamina|boost
|-boost|p1b: Archaludon|def|1
|faint|p1a: Pelipper
|move|p2b: Simba|Overheat|p1b: Archaludon
|-crit|p1b: Archaludon
|-damage|p1b: Archaludon|0 fnt
|-unboost|p2b: Simba|spa|2
|faint|p1b: Archaludon
|
|win|burgos aldea
||pepelniciq2 is ready for game 2.
|inactive|burgos aldea has 30 seconds to confirm battle start!
||burgos aldea is ready for game 2.
|uhtml|next|Next: Game 2 of 3
