|j|☆dambro222
|j|☆Brutalandathebozz
|html|dambro222Brutalandathebozz    
|uhtml|bestof|Game 2 of a best-of-3
|t:|1756993670
|gametype|doubles
|player|p1|dambro222|ethan|1150
|player|p2|Brutalandathebozz|170|1231
|gen|9
|tier|[Gen 9] VGC 2025 Reg H (Bo3)
|rated|
|rule|Species Clause: Limit one of each Pokémon
|rule|Item Clause: Limit 1 of each item
|clearpoke
|poke|p1|Dragonite, L50, M|
|poke|p1|Volcarona, L50, F|
|poke|p1|Sneasler, L50, M|
|poke|p1|Rillaboom, L50, M|
|poke|p1|Electabuzz, L50, M|
|poke|p1|Kingambit, L50, M|
|poke|p2|Sneasler, L50, F|
|poke|p2|Electabuzz, L50, M|
|poke|p2|Rillaboom, L50, M|
|poke|p2|Primarina, L50, F|
|poke|p2|Kingambit, L50, M|
|poke|p2|Volcarona, L50, M|
|teampreview|4
|showteam|p1|Dragonite||LoadedDice|Multiscale|ScaleShot,ExtremeSpeed,Haze,Protect|||M|||50|,,,,,Fairy]Volcarona||CovertCloak|FlameBody|HeatWave,TeraBlast,QuiverDance,Protect|||F|||50|,,,,,Fairy]Sneasler||FocusSash|Unburden|CloseCombat,DireClaw,RockSlide,Protect|||M|||50|,,,,,Stellar]Rillaboom||AssaultVest|GrassySurge|WoodHammer,GrassyGlide,HighHorsepower,FakeOut|||M|||50|,,,,,Water]Electabuzz||Eviolite|VitalSpirit|Electroweb,FollowMe,Taunt,Protect|||M|||50|,,,,,Ghost]Kingambit||BlackGlasses|Defiant|KowtowCleave,SuckerPunch,SwordsDance,Protect|||M|||50|,,,,,Dark
|showteam|p2|Sneasler||FocusSash|PoisonTouch|FakeOut,CloseCombat,DireClaw,Protect|||F|||50|,,,,,Ghost]Electabuzz||Eviolite|VitalSpirit|Protect,HelpingHand,FollowMe,Electroweb|||M|||50|,,,,,Ghost]Rillaboom||AssaultVest|GrassySurge|WoodHammer,GrassyGlide,FakeOut,HighHorsepower|||M|||50|,,,,,Fire]Primarina||SitrusBerry|LiquidVoice|HyperVoice,Moonblast,Protect,Haze|||F|||50|,,,,,Poison]Kingambit||BlackGlasses|Defiant|KowtowCleave,SuckerPunch,Protect,SwordsDance|||M|||50|,,,,,Dark]Volcarona||CovertCloak|FlameBody|HeatWave,TeraBlast,QuiverDance,Protect|||M|||50|,,,,,Fairy
|inactive|Battle timer is ON: inactive players will automatically lose when time's up. (requested by dambro222)
|inactive|dambro222 has 60 seconds left.
|inactive|Brutalandathebozz has 60 seconds left.
|
|t:|1756993723
|teamsize|p1|4
|teamsize|p2|4
|start
|switch|p1a: Electabuzz|Electabuzz, L50, M|100/100
|switch|p1b: Volcarona|Volcarona, L50, F|100/100
|switch|p2a: Volcarona|Volcarona, L50, M, shiny|100/100
|switch|p2b: Electabuzz|Electabuzz, L50, M|100/100
|turn|1
|
|t:|1756993737
|move|p2b: Electabuzz|Follow Me|p2b: Electabuzz
|-singleturn|p2b: Electabuzz|move: Follow Me
|move|p1b: Volcarona|Quiver Dance|p1b: Volcarona
|-boost|p1b: Volcarona|spa|1
|-boost|p1b: Volcarona|spd|1
|-boost|p1b: Volcarona|spe|1
|move|p2a: Volcarona|Quiver Dance|p2a: Volcarona
|-boost|p2a: Volcarona|spa|1
|-boost|p2a: Volcarona|spd|1
|-boost|p2a: Volcarona|spe|1
|move|p1a: Electabuzz|Taunt|p2b: Electabuzz
|-start|p2b: Electabuzz|move: Taunt
|
|upkeep
|turn|2
|
|t:|1756993750
|move|p1b: Volcarona|Quiver Dance|p1b: Volcarona
|-boost|p1b: Volcarona|spa|1
|-boost|p1b: Volcarona|spd|1
|-boost|p1b: Volcarona|spe|1
|move|p2a: Volcarona|Quiver Dance|p2a: Volcarona
|-boost|p2a: Volcarona|spa|1
|-boost|p2a: Volcarona|spd|1
|-boost|p2a: Volcarona|spe|1
|move|p2b: Electabuzz|Electroweb|p1a: Electabuzz|[spread] p1a,p1b
|-resisted|p1a: Electabuzz
|-damage|p1a: Electabuzz|95/100
|-damage|p1b: Volcarona|93/100
|-unboost|p1a: Electabuzz|spe|1
|move|p1a: Electabuzz|Taunt|p2a: Volcarona
|-start|p2a: Volcarona|move: Taunt
|
|upkeep
|turn|3
|
|t:|1756993774
|move|p1b: Volcarona|Quiver Dance|p1b: Volcarona
|-boost|p1b: Volcarona|spa|1
|-boost|p1b: Volcarona|spd|1
|-boost|p1b: Volcarona|spe|1
|move|p2a: Volcarona|Heat Wave|p1b: Volcarona|[spread] p1a,p1b
|-damage|p1a: Electabuzz|37/100
|-damage|p1b: Volcarona|64/100
|-status|p1a: Electabuzz|brn
|move|p2b: Electabuzz|Electroweb|p1b: Volcarona|[spread] p1a,p1b
|-resisted|p1a: Electabuzz
|-damage|p1a: Electabuzz|32/100 brn
|-damage|p1b: Volcarona|59/100
|-unboost|p1a: Electabuzz|spe|1
|move|p1a: Electabuzz|Electroweb|p2b: Electabuzz|[spread] p2a,p2b
|-resisted|p2b: Electabuzz
|-damage|p2a: Volcarona|94/100
|-damage|p2b: Electabuzz|95/100
|-unboost|p2b: Electabuzz|spe|1
|
|-damage|p1a: Electabuzz|26/100 brn|[from] brn
|upkeep
|turn|4
|
|t:|1756993795
|move|p1a: Electabuzz|Protect|p1a: Electabuzz
|-singleturn|p1a: Electabuzz|Protect
|move|p1b: Volcarona|Heat Wave|p2b: Electabuzz|[spread] p2b
|-miss|p1b: Volcarona|p2a: Volcarona
|-damage|p2b: Electabuzz|27/100
|move|p2a: Volcarona|Heat Wave|p1a: Electabuzz|[spread] p1b
|-activate|p1a: Electabuzz|move: Protect
|-damage|p1b: Volcarona|31/100
|move|p2b: Electabuzz|Electroweb|p1a: Electabuzz|[spread] p1b
|-activate|p1a: Electabuzz|move: Protect
|-damage|p1b: Volcarona|26/100
|
|-damage|p1a: Electabuzz|20/100 brn|[from] brn
|-end|p2b: Electabuzz|move: Taunt
|upkeep
|turn|5
|
|t:|1756993816
|move|p2b: Electabuzz|Protect|p2b: Electabuzz
|-singleturn|p2b: Electabuzz|Protect
|move|p1b: Volcarona|Heat Wave|p2b: Electabuzz|[spread] p2a
|-activate|p2b: Electabuzz|move: Protect
|-damage|p2a: Volcarona|54/100
|move|p2a: Volcarona|Heat Wave|p1b: Volcarona|[spread] p1a,p1b
|-damage|p1a: Electabuzz|0 fnt
|-damage|p1b: Volcarona|0 fnt
|faint|p1a: Electabuzz
|faint|p1b: Volcarona
|
|-end|p2a: Volcarona|move: Taunt
|upkeep
|
|t:|1756993825
|switch|p1b: Sneasler|Sneasler, L50, M|100/100
|switch|p1a: Rillaboom|Rillaboom, L50, M|100/100
|-fieldstart|move: Grassy Terrain|[from] ability: Grassy Surge|[of] p1a: Rillaboom
|turn|6
|inactive|Brutalandathebozz has 30 seconds left.
|inactive|Brutalandathebozz has 20 seconds left.
|inactive|Brutalandathebozz has 15 seconds left.
|inactive|Brutalandathebozz has 10 seconds left.
|
|t:|1756993870
|-terastallize|p1a: Rillaboom|Water
|move|p2a: Volcarona|Protect|p2a: Volcarona
|-singleturn|p2a: Volcarona|Protect
|move|p1b: Sneasler|Rock Slide|p2b: Electabuzz|[spread] p2b
|-activate|p2a: Volcarona|move: Protect
|-damage|p2b: Electabuzz|11/100
|move|p1a: Rillaboom|High Horsepower|p2a: Volcarona
|-activate|p2a: Volcarona|move: Protect
|move|p2b: Electabuzz|Electroweb|p1a: Rillaboom|[spread] p1a,p1b
|-supereffective|p1a: Rillaboom
|-damage|p1a: Rillaboom|79/100
|-damage|p1b: Sneasler|81/100
|-unboost|p1a: Rillaboom|spe|1
|-unboost|p1b: Sneasler|spe|1
|
|-heal|p2a: Volcarona|60/100|[from] Grassy Terrain
|-heal|p1b: Sneasler|87/100|[from] Grassy Terrain
|-heal|p2b: Electabuzz|17/100|[from] Grassy Terrain
|-heal|p1a: Rillaboom|85/100|[from] Grassy Terrain
|upkeep
|turn|7
|
|t:|1756993890
|-terastallize|p2a: Volcarona|Fairy
|move|p2b: Electabuzz|Helping Hand|p2a: Volcarona
|-singleturn|p2a: Volcarona|Helping Hand|[of] p2b: Electabuzz
|move|p1b: Sneasler|Protect|p1b: Sneasler
|-singleturn|p1b: Sneasler|Protect
|move|p2a: Volcarona|Heat Wave|p1b: Sneasler|[spread] p1a
|-activate|p1b: Sneasler|move: Protect
|-resisted|p1a: Rillaboom
|-damage|p1a: Rillaboom|43/100
|move|p1a: Rillaboom|High Horsepower|p2a: Volcarona
|-damage|p2a: Volcarona|17/100
|-status|p1a: Rillaboom|brn|[from] ability: Flame Body|[of] p2a: Volcarona
|
|-heal|p2a: Volcarona|23/100|[from] Grassy Terrain
|-heal|p1b: Sneasler|94/100|[from] Grassy Terrain
|-heal|p2b: Electabuzz|23/100|[from] Grassy Terrain
|-heal|p1a: Rillaboom|49/100 brn|[from] Grassy Terrain
|-damage|p1a: Rillaboom|43/100 brn|[from] brn
|upkeep
|turn|8
|
|t:|1756993913
|move|p1b: Sneasler|Protect|p1b: Sneasler
|-singleturn|p1b: Sneasler|Protect
|move|p2b: Electabuzz|Follow Me|p2b: Electabuzz
|-singleturn|p2b: Electabuzz|move: Follow Me
|move|p1a: Rillaboom|Grassy Glide|p2b: Electabuzz
|-damage|p2b: Electabuzz|5/100
|move|p2a: Volcarona|Tera Blast|p1b: Sneasler|[anim] Tera Blast Fairy
|-activate|p1b: Sneasler|move: Protect
|
|-heal|p2a: Volcarona|29/100|[from] Grassy Terrain
|-heal|p1b: Sneasler|99/100|[from] Grassy Terrain
|-heal|p2b: Electabuzz|11/100|[from] Grassy Terrain
|-heal|p1a: Rillaboom|49/100 brn|[from] Grassy Terrain
|-damage|p1a: Rillaboom|43/100 brn|[from] brn
|upkeep
|turn|9
|inactive|dambro222 has 30 seconds left.
|
|t:|1756993948
|move|p2b: Electabuzz|Follow Me|p2b: Electabuzz
|-singleturn|p2b: Electabuzz|move: Follow Me
|move|p1a: Rillaboom|Grassy Glide|p2b: Electabuzz
|-damage|p2b: Electabuzz|0 fnt
|faint|p2b: Electabuzz
|move|p2a: Volcarona|Tera Blast|p1b: Sneasler|[anim] Tera Blast Fairy
|-damage|p1b: Sneasler|0 fnt
|faint|p1b: Sneasler
|
|-heal|p2a: Volcarona|35/100|[from] Grassy Terrain
|-heal|p1a: Rillaboom|49/100 brn|[from] Grassy Terrain
|-damage|p1a: Rillaboom|43/100 brn|[from] brn
|upkeep
|c|☆dambro222|gg
|
|t:|1756993969
|switch|p2b: Sneasler|Sneasler, L50, F|100/100
|turn|10
|-message|dambro222 forfeited.
|
|win|Brutalandathebozz
|raw|dambro222's rating: 1150 → 1131(-19 for losing)
|raw|Brutalandathebozz's rating: 1231 → 1250(+19 for winning)
|l|☆dambro222
|player|p1|
|j|☆dambro222
|player|p1|dambro222|ethan|
