|j|☆Danidelaserna20
|j|☆eviovulpix
|html|Danidelaserna20eviovulpix    
|uhtml|bestof|Game 1 of a best-of-3
|t:|1783941218
|gametype|doubles
|player|p1|Danidelaserna20|ethan|1347
|player|p2|eviovulpix|170|1215
|gen|9
|tier|[Gen 9 Champions] VGC 2026 Reg M-B (Bo3)
|rated|
|rule|Species Clause: Limit one of each Pokémon
|rule|Item Clause: Limit 1 of each item
|clearpoke
|poke|p1|Kingambit, L50, M, shiny|
|poke|p1|Aerodactyl, L50, F|
|poke|p1|Farigiraf, L50, F|
|poke|p1|Sylveon, L50, F|
|poke|p1|Garchomp, L50, F|
|poke|p1|Charizard, L50, F|
|poke|p2|Raichu, L50, F|
|poke|p2|Mawile, L50, M|
|poke|p2|Sinistcha, L50|
|poke|p2|Ceruledge, L50, F|
|poke|p2|Milotic, L50, M|
|poke|p2|Incineroar, L50, F|
|teampreview|4
|showteam|p1|Kingambit||FocusSash|Defiant|KowtowCleave,LowKick,SuckerPunch,IronHead|Adamant||M|||50|]Aerodactyl||Aerodactylite|Unnerve|DualWingbeat,IceFang,Tailwind,RockSlide|Jolly||F|||50|]Farigiraf||SitrusBerry|ArmorTail|Thunderbolt,PsychicFangs,TrickRoom,SunnyDay|Relaxed||F|||50|]Sylveon||FairyFeather|Pixilate|HyperVoice,Protect,QuickAttack,HyperBeam|Modest||F|||50|]Garchomp||LifeOrb|RoughSkin|Earthquake,StompingTantrum,Protect,DragonClaw|Jolly||F|||50|]Charizard||CharizarditeY|Blaze|HeatWave,Protect,WeatherBall,SolarBeam|Modest||F|||50|
|showteam|p2|Raichu||RaichuniteY|LightningRod|ZapCannon,FocusBlast,FakeOut,Protect|Timid||F|||50|]Mawile||Mawilite|HyperCutter|PlayRough,SuckerPunch,SwordsDance,Protect|Adamant||M|||50|]Sinistcha||KasibBerry|Hospitality|MatchaGotcha,LifeDew,RagePowder,TrickRoom|Bold|||||50|]Ceruledge||ColburBerry|FlashFire|BitterBlade,ShadowSneak,BulkUp,Protect|Adamant||F|||50|]Milotic||Leftovers|Competitive|MuddyWater,Coil,Hypnosis,Protect|Calm||M|||50|]Incineroar||SitrusBerry|Intimidate|FlareBlitz,ThroatChop,FakeOut,PartingShot|Impish||F|||50|
|inactive|Battle timer is ON: inactive players will automatically lose when time's up. (requested by Danidelaserna20)
|
|t:|1783941248
|teamsize|p1|4
|teamsize|p2|4
|start
|switch|p1a: Garchomp|Garchomp, L50, F|100/100
|switch|p1b: Kingambit|Kingambit, L50, M, shiny|100/100
|switch|p2a: Raichu|Raichu, L50, F|100/100
|switch|p2b: Milotic|Milotic, L50, M|100/100
|turn|1
|inactive|eviovulpix has 30 seconds left.
|
|t:|1783941276
|switch|p1b: Farigiraf|Farigiraf, L50, F|100/100
|detailschange|p2a: Raichu|Raichu-Mega-Y, L50, F
|-mega|p2a: Raichu|Raichu|Raichunite Y
|move|p2a: Raichu|Focus Blast|p1b: Farigiraf
|-damage|p1b: Farigiraf|63/100
|move|p1a: Garchomp|Stomping Tantrum|p2b: Milotic
|-damage|p2b: Milotic|55/100
|-damage|p1a: Garchomp|90/100|[from] item: Life Orb
|move|p2b: Milotic|Coil|p2b: Milotic
|-boost|p2b: Milotic|atk|1
|-boost|p2b: Milotic|def|1
|-boost|p2b: Milotic|accuracy|1
|
|-heal|p2b: Milotic|61/100|[from] item: Leftovers
|upkeep
|turn|2
|
|t:|1783941295
|switch|p2a: Incineroar|Incineroar, L50, F|100/100
|-ability|p2a: Incineroar|Intimidate|boost
|-unboost|p1a: Garchomp|atk|1
|-unboost|p1b: Farigiraf|atk|1
|switch|p1b: Aerodactyl|Aerodactyl, L50, F|100/100
|-ability|p1b: Aerodactyl|Unnerve
|move|p1a: Garchomp|Earthquake|p2a: Incineroar|[spread] p2a,p2b
|-immune|p1b: Aerodactyl
|-supereffective|p2a: Incineroar|1
|-damage|p2a: Incineroar|50/100y
|-damage|p2b: Milotic|43/100
|-damage|p1a: Garchomp|80/100|[from] item: Life Orb
|move|p2b: Milotic|Hypnosis|p1b: Aerodactyl
|-status|p1b: Aerodactyl|slp|[from] move: Hypnosis
|
|-heal|p2b: Milotic|49/100|[from] item: Leftovers
|upkeep
|turn|3
|
|t:|1783941319
|detailschange|p1b: Aerodactyl|Aerodactyl-Mega, L50, F
|-mega|p1b: Aerodactyl|Aerodactyl|Aerodactylite
|-enditem|p2a: Incineroar|Sitrus Berry|[eat]
|-heal|p2a: Incineroar|74/100|[from] item: Sitrus Berry
|cant|p1b: Aerodactyl|slp
|move|p1a: Garchomp|Earthquake|p2a: Incineroar|[spread] p2a,p2b
|-immune|p1b: Aerodactyl
|-supereffective|p2a: Incineroar|1
|-damage|p2a: Incineroar|23/100
|-damage|p2b: Milotic|31/100
|-damage|p1a: Garchomp|71/100|[from] item: Life Orb
|move|p2b: Milotic|Hypnosis|p1a: Garchomp
|-status|p1a: Garchomp|slp|[from] move: Hypnosis
|move|p2a: Incineroar|Parting Shot|p1b: Aerodactyl
|-unboost|p1b: Aerodactyl|atk|1
|-unboost|p1b: Aerodactyl|spa|1
|
|t:|1783941336
|switch|p2a: Ceruledge|Ceruledge, L50, F|100/100|[from] Parting Shot
|
|-heal|p2b: Milotic|37/100|[from] item: Leftovers
|upkeep
|turn|4
|
|t:|1783941345
|cant|p1b: Aerodactyl|slp
|cant|p1a: Garchomp|slp
|move|p2a: Ceruledge|Bulk Up|p2a: Ceruledge
|-boost|p2a: Ceruledge|atk|1
|-boost|p2a: Ceruledge|def|1
|move|p2b: Milotic|Muddy Water|p1b: Aerodactyl|[spread] p1a,p1b
|-supereffective|p1b: Aerodactyl|1
|-damage|p1a: Garchomp|44/100 slp
|-damage|p1b: Aerodactyl|51/100 slp
|
|-heal|p2b: Milotic|43/100|[from] item: Leftovers
|upkeep
|turn|5
|
|t:|1783941365
|move|p2a: Ceruledge|Protect|p2a: Ceruledge
|-singleturn|p2a: Ceruledge|Protect
|-curestatus|p1b: Aerodactyl|slp|[msg]
|move|p1b: Aerodactyl|Rock Slide|p2a: Ceruledge|[spread] 
|-activate|p2a: Ceruledge|move: Protect
|-miss|p1b: Aerodactyl|p2b: Milotic
|-curestatus|p1a: Garchomp|slp|[msg]
|move|p1a: Garchomp|Earthquake|p2a: Ceruledge|[spread] p2b
|-activate|p2a: Ceruledge|move: Protect
|-immune|p1b: Aerodactyl
|-damage|p2b: Milotic|25/100
|-damage|p1a: Garchomp|34/100|[from] item: Life Orb
|move|p2b: Milotic|Muddy Water|p1b: Aerodactyl|[spread] p1a,p1b
|-supereffective|p1b: Aerodactyl|1
|-damage|p1a: Garchomp|7/100
|-damage|p1b: Aerodactyl|1/100
|-unboost|p1a: Garchomp|accuracy|1
|
|-heal|p2b: Milotic|31/100|[from] item: Leftovers
|upkeep
|turn|6
|inactive|eviovulpix has 30 seconds left.
|
|t:|1783941397
|switch|p1a: Farigiraf|Farigiraf, L50, F|63/100
|move|p2b: Milotic|Protect|p2b: Milotic
|-singleturn|p2b: Milotic|Protect
|move|p1b: Aerodactyl|Rock Slide|p2a: Ceruledge|[spread] p2a
|-activate|p2b: Milotic|move: Protect
|-supereffective|p2a: Ceruledge|1
|-damage|p2a: Ceruledge|72/100
|move|p2a: Ceruledge|Bitter Blade|p1b: Aerodactyl
|-resisted|p1b: Aerodactyl|1
|-damage|p1b: Aerodactyl|0 fnt
|-heal|p2a: Ceruledge|72/100|[from] drain|[of] p1b: Aerodactyl
|faint|p1b: Aerodactyl
|
|-heal|p2b: Milotic|37/100|[from] item: Leftovers
|upkeep
|
|t:|1783941408
|switch|p1b: Garchomp|Garchomp, L50, F|7/100
|turn|7
|
|t:|1783941417
|switch|p2a: Incineroar|Incineroar, L50, F|23/100
|-ability|p2a: Incineroar|Intimidate|boost
|-unboost|p1a: Farigiraf|atk|1
|-unboost|p1b: Garchomp|atk|1
|move|p1b: Garchomp|Stomping Tantrum|p2a: Incineroar
|-supereffective|p2a: Incineroar|1
|-damage|p2a: Incineroar|0 fnt
|faint|p2a: Incineroar
|-damage|p1b: Garchomp|0 fnt|[from] item: Life Orb
|faint|p1b: Garchomp
|move|p2b: Milotic|Coil|p2b: Milotic
|-boost|p2b: Milotic|atk|1
|-boost|p2b: Milotic|def|1
|-boost|p2b: Milotic|accuracy|1
|move|p1a: Farigiraf|Thunderbolt|p2b: Milotic
|-supereffective|p2b: Milotic|1
|-damage|p2b: Milotic|9/100
|
|-heal|p2b: Milotic|15/100|[from] item: Leftovers
|upkeep
|
|t:|1783941433
|switch|p1b: Kingambit|Kingambit, L50, M, shiny|100/100
|switch|p2a: Ceruledge|Ceruledge, L50, F|72/100
|turn|8
|
|t:|1783941446
|move|p2a: Ceruledge|Bulk Up|p2a: Ceruledge
|-boost|p2a: Ceruledge|atk|1
|-boost|p2a: Ceruledge|def|1
|move|p2b: Milotic|Hypnosis|p1a: Farigiraf
|-status|p1a: Farigiraf|slp|[from] move: Hypnosis
|move|p1b: Kingambit|Kowtow Cleave|p2a: Ceruledge
|-supereffective|p2a: Ceruledge|1
|-enditem|p2a: Ceruledge|Colbur Berry|[eat]
|-enditem|p2a: Ceruledge|Colbur Berry|[weaken]
|-damage|p2a: Ceruledge|36/100
|cant|p1a: Farigiraf|slp
|
|-heal|p2b: Milotic|21/100|[from] item: Leftovers
|upkeep
|turn|9
|
|t:|1783941464
|move|p1b: Kingambit|Sucker Punch||[still]
|-fail|p1b: Kingambit
|move|p2a: Ceruledge|Bulk Up|p2a: Ceruledge
|-boost|p2a: Ceruledge|atk|1
|-boost|p2a: Ceruledge|def|1
|move|p2b: Milotic|Hypnosis|p1b: Kingambit
|-status|p1b: Kingambit|slp|[from] move: Hypnosis
|cant|p1a: Farigiraf|slp
|
|-heal|p2b: Milotic|27/100|[from] item: Leftovers
|upkeep
|turn|10
|
|t:|1783941479
|cant|p1b: Kingambit|slp
|move|p2a: Ceruledge|Bitter Blade|p1a: Farigiraf
|-damage|p1a: Farigiraf|0 fnt
|-heal|p2a: Ceruledge|75/100|[from] drain|[of] p1a: Farigiraf
|faint|p1a: Farigiraf
|move|p2b: Milotic|Muddy Water|p1b: Kingambit
|-damage|p1b: Kingambit|65/100 slp
|-unboost|p1b: Kingambit|accuracy|1
|-ability|p1b: Kingambit|Defiant|boost
|-boost|p1b: Kingambit|atk|2
|
|-heal|p2b: Milotic|33/100|[from] item: Leftovers
|upkeep
|turn|11
|
|t:|1783941499
|move|p2a: Ceruledge|Protect|p2a: Ceruledge
|-singleturn|p2a: Ceruledge|Protect
|move|p2b: Milotic|Hypnosis|p1b: Kingambit
|-fail|p1b: Kingambit|slp
|cant|p1b: Kingambit|slp
|
|-heal|p2b: Milotic|39/100|[from] item: Leftovers
|upkeep
|turn|12
|
|t:|1783941508
|move|p2a: Ceruledge|Bulk Up|p2a: Ceruledge
|-boost|p2a: Ceruledge|atk|1
|-boost|p2a: Ceruledge|def|1
|move|p2b: Milotic|Hypnosis|p1b: Kingambit
|-fail|p1b: Kingambit|slp
|-curestatus|p1b: Kingambit|slp|[msg]
|move|p1b: Kingambit|Kowtow Cleave|p2b: Milotic
|-damage|p2b: Milotic|0 fnt
|faint|p2b: Milotic
|
|upkeep
|
|t:|1783941514
|switch|p2b: Raichu|Raichu-Mega-Y, L50, F|100/100
|turn|13
|
|t:|1783941518
|move|p2b: Raichu|Fake Out|p1b: Kingambit
|-resisted|p1b: Kingambit|1
|-damage|p1b: Kingambit|61/100
|cant|p1b: Kingambit|flinch
|move|p2a: Ceruledge|Bitter Blade|p1b: Kingambit
|-supereffective|p1b: Kingambit|1
|-damage|p1b: Kingambit|0 fnt
|-heal|p2a: Ceruledge|100/100|[from] drain|[of] p1b: Kingambit
|faint|p1b: Kingambit
|
|win|eviovulpix
|l|☆Danidelaserna20
|player|p1|
||Danidelaserna20 is ready for game 2.
||eviovulpix is ready for game 2.
|uhtml|next|Next: Game 2 of 3
