|j|☆retking
|j|☆mudkipc4
|html|retkingmudkipc4    
|uhtml|bestof|Game 3 of a best-of-3
|t:|1782578922
|gametype|doubles
|player|p1|retking|n|
|player|p2|mudkipc4|pokemaniac|
|gen|9
|tier|[Gen 9 Champions] VGC 2026 Reg M-B (Bo3)
|rule|Species Clause: Limit one of each Pokémon
|rule|Item Clause: Limit 1 of each item
|clearpoke
|poke|p1|Whimsicott, L50, F|
|poke|p1|Floette-Eternal, L50, F|
|poke|p1|Charizard, L50, M|
|poke|p1|Garchomp, L50, M|
|poke|p1|Basculegion, L50, M|
|poke|p1|Kingambit, L50, F|
|poke|p2|Mawile, L50, F|
|poke|p2|Farigiraf, L50, M|
|poke|p2|Tyranitar, L50, F|
|poke|p2|Gengar, L50, F|
|poke|p2|Grimmsnarl, L50, M|
|poke|p2|Hydreigon, L50, F|
|teampreview|4
|showteam|p1|Whimsicott||FocusSash|Prankster|Moonblast,Tailwind,Encore,Protect|Timid||F|||50|]Floette-Eternal||Floettite|FlowerVeil|DazzlingGleam,Moonblast,LightofRuin,Protect|Timid||F|||50|]Charizard||CharizarditeY|Blaze|HeatWave,WeatherBall,SolarBeam,Protect|Modest||M|||50|]Garchomp||LifeOrb|RoughSkin|Earthquake,DragonClaw,RockSlide,Protect|Jolly||M|||50|]Basculegion||MysticWater|Adaptability|WaveCrash,LastRespects,AquaJet,Protect|Adamant||M|||50|]Kingambit||BlackGlasses|Defiant|KowtowCleave,SuckerPunch,IronHead,Protect|Adamant||F|||50|
|showteam|p2|Mawile||Mawilite|Intimidate|PlayRough,IronHead,SuckerPunch,Protect|Brave||F|||50|]Farigiraf||SitrusBerry|ArmorTail|TrickRoom,Psychic,Protect,Imprison|Bold||M|||50|]Tyranitar||FocusSash|SandStream|RockSlide,BrickBreak,KnockOff,Protect|Adamant||F|||50|]Gengar||Gengarite|CursedBody|SludgeBomb,ShadowBall,Protect,WillOWisp|Timid||F|||50|]Grimmsnarl||LightClay|Prankster|FakeOut,PartingShot,Reflect,SpiritBreak|Impish||M|||50|]Hydreigon||ChoiceScarf|Levitate|DarkPulse,DracoMeteor,EarthPower,Snarl|Modest||F|||50|
|inactive|Battle timer is ON: inactive players will automatically lose when time's up. (requested by retking)
|
|t:|1782578944
|teamsize|p1|4
|teamsize|p2|4
|start
|switch|p1a: Floette|Floette-Eternal, L50, F|100/100
|switch|p1b: Kingambit|Kingambit, L50, F|100/100
|switch|p2a: Charybdis|Gengar, L50, F|100/100
|switch|p2b: Gorgon|Grimmsnarl, L50, M|100/100
|turn|1
|
|t:|1782578960
|switch|p1a: Garchomp|Garchomp, L50, M|100/100
|detailschange|p2a: Charybdis|Gengar-Mega, L50, F
|-mega|p2a: Charybdis|Gengar|Gengarite
|move|p2b: Gorgon|Fake Out|p1b: Kingambit
|-resisted|p1b: Kingambit|1
|-damage|p1b: Kingambit|96/100
|move|p2a: Charybdis|Sludge Bomb|p1a: Garchomp
|-resisted|p1a: Garchomp|1
|-damage|p1a: Garchomp|72/100
|cant|p1b: Kingambit|flinch
|
|upkeep
|turn|2
|inactive|retking has 30 seconds left.
|
|t:|1782578986
|move|p2b: Gorgon|Reflect|p2b: Gorgon
|-sidestart|p2: mudkipc4|Reflect
|move|p2a: Charybdis|Will-O-Wisp|p1a: Garchomp
|-status|p1a: Garchomp|brn
|move|p1a: Garchomp|Dragon Claw|p2a: Charybdis
|-damage|p2a: Charybdis|82/100
|-damage|p1a: Garchomp|62/100 brn|[from] item: Life Orb
|move|p1b: Kingambit|Iron Head|p2b: Gorgon
|-supereffective|p2b: Gorgon|1
|-damage|p2b: Gorgon|46/100
|
|-damage|p1a: Garchomp|56/100 brn|[from] brn
|upkeep
|turn|3
|
|t:|1782579004
|move|p2a: Charybdis|Protect|p2a: Charybdis
|-singleturn|p2a: Charybdis|Protect
|move|p1b: Kingambit|Protect|p1b: Kingambit
|-singleturn|p1b: Kingambit|Protect
|move|p2b: Gorgon|Parting Shot|p1a: Garchomp
|-unboost|p1a: Garchomp|atk|1
|-unboost|p1a: Garchomp|spa|1
|
|t:|1782579009
|switch|p2b: Chimera|Farigiraf, L50, M|100/100|[from] Parting Shot
|move|p1a: Garchomp|Earthquake|p2a: Charybdis|[spread] p2b
|-activate|p1b: Kingambit|move: Protect
|-activate|p2a: Charybdis|move: Protect
|-damage|p2b: Chimera|92/100
|-damage|p1a: Garchomp|46/100 brn|[from] item: Life Orb
|
|-damage|p1a: Garchomp|40/100 brn|[from] brn
|upkeep
|turn|4
|
|t:|1782579028
|move|p2a: Charybdis|Will-O-Wisp|p1b: Kingambit
|-status|p1b: Kingambit|brn
|move|p1a: Garchomp|Rock Slide|p2b: Chimera|[spread] 
|-miss|p1a: Garchomp|p2a: Charybdis
|-miss|p1a: Garchomp|p2b: Chimera
|move|p2b: Chimera|Psychic|p1a: Garchomp
|-damage|p1a: Garchomp|3/100 brn
|move|p1b: Kingambit|Kowtow Cleave|p2a: Charybdis
|-supereffective|p2a: Charybdis|1
|-crit|p2a: Charybdis
|-damage|p2a: Charybdis|0 fnt
|faint|p2a: Charybdis
|
|-damage|p1a: Garchomp|0 fnt|[from] brn
|faint|p1a: Garchomp
|-damage|p1b: Kingambit|90/100 brn|[from] brn
|upkeep
|
|t:|1782579044
|switch|p2a: Typhon|Tyranitar, L50, F|100/100
|switch|p1a: Floette|Floette-Eternal, L50, F|100/100
|-weather|Sandstorm|[from] ability: Sand Stream|[of] p2a: Typhon
|turn|5
|
|t:|1782579055
|detailschange|p1a: Floette|Floette-Mega, L50, F
|-mega|p1a: Floette|Floette|Floettite
|-ability|p1a: Floette|Fairy Aura
|move|p1b: Kingambit|Sucker Punch||[still]
|cant|p2b: Chimera|ability: Armor Tail|Sucker Punch|[of] p1b: Kingambit
|move|p1a: Floette|Moonblast|p2a: Typhon
|-supereffective|p2a: Typhon|1
|-damage|p2a: Typhon|13/100
|move|p2a: Typhon|Brick Break|p1b: Kingambit
|-supereffective|p1b: Kingambit|2
|-damage|p1b: Kingambit|7/100 brn
|move|p2b: Chimera|Trick Room|p2b: Chimera
|-fieldstart|move: Trick Room|[of] p2b: Chimera
|
|-weather|Sandstorm|[upkeep]
|-damage|p2b: Chimera|86/100|[from] Sandstorm
|-damage|p1a: Floette|94/100|[from] Sandstorm
|-damage|p1b: Kingambit|1/100 brn|[from] brn
|upkeep
|turn|6
|
|t:|1782579073
|move|p2a: Typhon|Protect|p2a: Typhon
|-singleturn|p2a: Typhon|Protect
|move|p1b: Kingambit|Kowtow Cleave|p2b: Chimera
|-supereffective|p2b: Chimera|1
|-damage|p2b: Chimera|54/100
|move|p2b: Chimera|Psychic|p1a: Floette
|-damage|p1a: Floette|62/100
|move|p1a: Floette|Dazzling Gleam|p2a: Typhon|[spread] p2b
|-activate|p2a: Typhon|move: Protect
|-damage|p2b: Chimera|12/100
|-enditem|p2b: Chimera|Sitrus Berry|[eat]
|-heal|p2b: Chimera|37/100|[from] item: Sitrus Berry
|
|-weather|Sandstorm|[upkeep]
|-damage|p2b: Chimera|30/100|[from] Sandstorm
|-damage|p1a: Floette|56/100|[from] Sandstorm
|-damage|p1b: Kingambit|0 fnt|[from] brn
|faint|p1b: Kingambit
|upkeep
|
|t:|1782579084
|switch|p1b: Whimsicott|Whimsicott, L50, F|100/100
|turn|7
|inactive|retking has 30 seconds left.
|inactive|retking has 20 seconds left.
|inactive|retking has 15 seconds left.
|
|t:|1782579127
|move|p1a: Floette|Protect|p1a: Floette
|-singleturn|p1a: Floette|Protect
|move|p2b: Chimera|Psychic|p1b: Whimsicott
|-damage|p1b: Whimsicott|37/100
|move|p2a: Typhon|Rock Slide|p1b: Whimsicott|[spread] p1b
|-activate|p1a: Floette|move: Protect
|-damage|p1b: Whimsicott|0 fnt
|faint|p1b: Whimsicott
|
|-weather|Sandstorm|[upkeep]
|-damage|p2b: Chimera|24/100|[from] Sandstorm
|-damage|p1a: Floette|50/100y|[from] Sandstorm
|upkeep
|turn|8
|
|t:|1782579140
|move|p2b: Chimera|Psychic|p1a: Floette
|-damage|p1a: Floette|20/100r
|move|p2a: Typhon|Rock Slide|p1a: Floette
|-damage|p1a: Floette|0 fnt
|faint|p1a: Floette
|
|win|mudkipc4
|c|☆mudkipc4|gg
|c|☆mudkipc4|I'll send the replays in the replay chat
|l|☆retking
|player|p1|
