|j|‽Jelloxc
|j|☆natsukivgc
|html|Jelloxcnatsukivgc    
|uhtml|bestof|Game 2 of a best-of-3
|t:|1785464848
|gametype|doubles
|player|p1|Jelloxc|169|1091
|player|p2|natsukivgc|1|1029
|gen|9
|tier|[Gen 9 Champions] VGC 2026 Reg M-B (Bo3)
|rated|
|rule|Species Clause: Limit one of each Pokémon
|rule|Item Clause: Limit 1 of each item
|clearpoke
|poke|p1|Froslass, L50, F|
|poke|p1|Abomasnow, L50, M|
|poke|p1|Avalugg-Hisui, L50, M|
|poke|p1|Ninetales-Alola, L50, M|
|poke|p1|Zoroark-Hisui, L50, F|
|poke|p1|Beartic, L50, F|
|poke|p2|Charizard, L50, M|
|poke|p2|Sneasler, L50, F|
|poke|p2|Kingambit, L50, M|
|poke|p2|Dragonite, L50, M|
|poke|p2|Floette-Eternal, L50, F|
|poke|p2|Whimsicott, L50, M|
|teampreview|4
|showteam|p1|Froslass||Froslassite|SnowCloak|Protect,Blizzard,ShadowBall,Taunt|Timid||F|||50|]Abomasnow||Abomasite|SnowWarning|Blizzard,EarthPower,LeechSeed,Protect|Sassy||M|||50|]Avalugg-Hisui||ExpertBelt|Sturdy|HeavySlam,RockSlide,BodyPress,Protect|Impish||M|||50|]Ninetales-Alola||FocusSash|SnowWarning|AuroraVeil,Protect,Moonblast,Blizzard|Timid||M|||50|]Zoroark-Hisui||ChoiceScarf|Illusion|BitterMalice,DarkPulse,Psychic,SludgeBomb|Modest||F|||50|]Beartic||HardStone|SlushRush|RockSlide,AquaJet,IcicleCrash,BrickBreak|Adamant||F|||50|
|showteam|p2|Charizard||CharizarditeY|Blaze|HeatWave,SolarBeam,WeatherBall,Protect|Modest||M|||50|]Sneasler||WhiteHerb|Unburden|CloseCombat,DireClaw,FakeOut,Coaching|Jolly||F|||50|]Kingambit||BlackGlasses|Defiant|KowtowCleave,SuckerPunch,SwordsDance,Protect|Adamant||M|||50|]Dragonite||LifeOrb|InnerFocus|DragonClaw,LowKick,ExtremeSpeed,Protect|Adamant||M|||50|]Floette-Eternal||Floettite|FlowerVeil|Moonblast,DazzlingGleam,LightofRuin,Protect|Modest||F|||50|]Whimsicott||FocusSash|Prankster|Moonblast,Tailwind,Encore,Protect|Timid||M|||50|
|
|t:|1785464876
|teamsize|p1|4
|teamsize|p2|4
|start
|switch|p1a: Beartic|Beartic, L50, F|100/100
|switch|p1b: Froslass|Froslass, L50, F|100/100
|switch|p2a: Whimsicott|Whimsicott, L50, M|100/100
|switch|p2b: Charizard|Charizard, L50, M|100/100
|turn|1
|
|t:|1785464914
|move|p1b: Froslass|Protect|p1b: Froslass
|-singleturn|p1b: Froslass|Protect
|move|p2a: Whimsicott|Tailwind|p2a: Whimsicott
|-sidestart|p2: natsukivgc|move: Tailwind
|move|p2b: Charizard|Heat Wave|p1b: Froslass|[spread] 
|-activate|p1b: Froslass|move: Protect
|-miss|p2b: Charizard|p1a: Beartic
|move|p1a: Beartic|Bitter Malice|p2b: Charizard
|-crit|p2b: Charizard
|-damage|p2b: Charizard|29/100
|-unboost|p2b: Charizard|atk|1
|
|upkeep
|turn|2
|
|t:|1785464948
|switch|p1b: Abomasnow|Abomasnow, L50, M|100/100
|-weather|Snowscape|[from] ability: Snow Warning|[of] p1b: Abomasnow
|detailschange|p2b: Charizard|Charizard-Mega-Y, L50, M
|-mega|p2b: Charizard|Charizard|Charizardite Y
|-weather|SunnyDay|[from] ability: Drought|[of] p2b: Charizard
|move|p2a: Whimsicott|Encore||[still]
|-fail|p2a: Whimsicott
|move|p2b: Charizard|Heat Wave|p1a: Beartic|[spread] p1b
|-miss|p2b: Charizard|p1a: Beartic
|-supereffective|p1b: Abomasnow|2
|-damage|p1b: Abomasnow|0 fnt
|faint|p1b: Abomasnow
|move|p1a: Beartic|Bitter Malice|p2b: Charizard
|-damage|p2b: Charizard|0 fnt
|faint|p2b: Charizard
|
|-weather|SunnyDay|[upkeep]
|upkeep
|
|t:|1785464967
|switch|p2b: Sneasler|Sneasler, L50, F|100/100
|switch|p1b: Froslass|Froslass, L50, F|100/100
|turn|3
|
|t:|1785464984
|detailschange|p1b: Froslass|Froslass-Mega, L50, F
|-mega|p1b: Froslass|Froslass|Froslassite
|-weather|Snowscape|[from] ability: Snow Warning|[of] p1b: Froslass
|move|p2b: Sneasler|Close Combat|p1a: Beartic
|-immune|p1a: Beartic
|move|p2a: Whimsicott|Moonblast|p1b: Froslass
|-damage|p1b: Froslass|60/100
|move|p1a: Beartic|Bitter Malice|p2b: Sneasler
|-damage|p2b: Sneasler|44/100
|-unboost|p2b: Sneasler|atk|1
|-enditem|p2b: Sneasler|White Herb
|-clearnegativeboost|p2b: Sneasler|[silent]
|move|p1b: Froslass|Blizzard|p2a: Whimsicott|[spread] p2a,p2b
|-supereffective|p2a: Whimsicott|1
|-crit|p2b: Sneasler
|-enditem|p2a: Whimsicott|Focus Sash
|-damage|p2a: Whimsicott|1/100
|-damage|p2b: Sneasler|0 fnt
|faint|p2b: Sneasler
|
|-weather|Snowscape|[upkeep]
|upkeep
|
|t:|1785465004
|switch|p2b: Kingambit|Kingambit, L50, M|100/100
|turn|4
|
|t:|1785465014
|move|p2a: Whimsicott|Protect|p2a: Whimsicott
|-singleturn|p2a: Whimsicott|Protect
|move|p1a: Beartic|Bitter Malice|p2a: Whimsicott
|-activate|p2a: Whimsicott|move: Protect
|move|p1b: Froslass|Taunt|p2b: Kingambit
|-start|p2b: Kingambit|move: Taunt
|cant|p2b: Kingambit|move: Taunt|Swords Dance
|
|-weather|Snowscape|[upkeep]
|-sideend|p2: natsukivgc|move: Tailwind
|upkeep
|turn|5
|
|t:|1785465036
|move|p2a: Whimsicott|Tailwind|p2a: Whimsicott
|-sidestart|p2: natsukivgc|move: Tailwind
|move|p1a: Beartic|Bitter Malice|p2a: Whimsicott
|-damage|p2a: Whimsicott|0 fnt
|faint|p2a: Whimsicott
|move|p1b: Froslass|Blizzard|p2b: Kingambit
|-resisted|p2b: Kingambit|1
|-damage|p2b: Kingambit|77/100
|move|p2b: Kingambit|Kowtow Cleave|p1b: Froslass
|-supereffective|p1b: Froslass|1
|-damage|p1b: Froslass|0 fnt
|faint|p1b: Froslass
|
|-weather|Snowscape|[upkeep]
|upkeep
|
|t:|1785465046
|switch|p1b: Beartic|Beartic, L50, F|100/100
|turn|6
|
|t:|1785465069
|move|p1a: Beartic|Bitter Malice|p2b: Kingambit
|-resisted|p2b: Kingambit|1
|-damage|p2b: Kingambit|60/100
|-unboost|p2b: Kingambit|atk|1
|-ability|p2b: Kingambit|Defiant|boost
|-boost|p2b: Kingambit|atk|2
|move|p1b: Beartic|Brick Break|p2b: Kingambit
|-supereffective|p2b: Kingambit|2
|-damage|p2b: Kingambit|0 fnt
|faint|p2b: Kingambit
|
|win|Jelloxc
