|j|☆Diego Han
|j|☆Giraffes in Gdansk
|html|Diego HanGiraffes in Gdansk    
|uhtml|bestof|Game 3 of a best-of-3
|t:|1755806038
|gametype|doubles
|player|p1|Diego Han|li|1283
|player|p2|Giraffes in Gdansk|acetrainer-gen4dp|1330
|gen|9
|tier|[Gen 9] VGC 2025 Reg H (Bo3)
|rated|
|rule|Species Clause: Limit one of each Pokémon
|rule|Item Clause: Limit 1 of each item
|clearpoke
|poke|p1|Rillaboom, L50, F|
|poke|p1|Electabuzz, L50, F|
|poke|p1|Kingambit, L50, F|
|poke|p1|Archaludon, L50, M|
|poke|p1|Basculegion, L50, M|
|poke|p1|Pelipper, L50, M|
|poke|p2|Dragonite, L50, M|
|poke|p2|Amoonguss, L50, F|
|poke|p2|Incineroar, L50, M|
|poke|p2|Ursaluna, L50, F|
|poke|p2|Sneasler, L50, M|
|poke|p2|Farigiraf, L50, M|
|teampreview|4
|showteam|p1|Rillaboom||LoadedDice|GrassySurge|HighHorsepower,BulletSeed,GrassyGlide,FakeOut|||F|||50|,,,,,Fire]Electabuzz||Eviolite|VitalSpirit|Electroweb,Taunt,Protect,FollowMe|||F|||50|,,,,,Ghost]Kingambit||BlackGlasses|Defiant|Protect,KowtowCleave,SwordsDance,SuckerPunch|||F|||50|,,,,,Dark]Archaludon||AssaultVest|Stamina|ElectroShot,DragonPulse,FlashCannon,BodyPress|||M|||50|,,,,,Grass]Basculegion||ChoiceBand|SwiftSwim|Protect,WaveCrash,AquaJet,LastRespects|||M|||50|,,,,,Water]Pelipper||FocusSash|Drizzle|Hurricane,WeatherBall,Tailwind,Protect|||M|||50|,,,,,Ghost
|showteam|p2|Dragonite||LoadedDice|Multiscale|ScaleShot,Tailwind,Haze,Protect|||M|||50|,,,,,Fairy]Amoonguss||SitrusBerry|Regenerator|Spore,RagePowder,PollenPuff,Protect|||F|||50|,,,,,Psychic]Incineroar||SafetyGoggles|Intimidate|FlareBlitz,KnockOff,FakeOut,PartingShot|||M|||50|,,,,,Ghost]Ursaluna||FlameOrb|Guts|Earthquake,HeadlongRush,Facade,Protect|||F|||50|,,,,,Normal]Sneasler||FocusSash|Unburden|CloseCombat,DireClaw,Coaching,Protect|||M|||50|,,,,,Stellar]Farigiraf||ThroatSpray|ArmorTail|HyperVoice,TwinBeam,TrickRoom,Protect|||M|||50|,,,,,Fire
|
|t:|1755806066
|teamsize|p1|4
|teamsize|p2|4
|start
|switch|p1a: Basculegion|Basculegion, L50, M|100/100
|switch|p1b: Pelipper|Pelipper, L50, M|100/100
|switch|p2a: Jbungo|Dragonite, L50, M, shiny|100/100
|switch|p2b: Shblingus|Sneasler, L50, M, shiny|100/100
|-weather|RainDance|[from] ability: Drizzle|[of] p1b: Pelipper
|turn|1
|
|t:|1755806078
|move|p1a: Basculegion|Wave Crash|p2a: Jbungo
|-resisted|p2a: Jbungo
|-damage|p2a: Jbungo|59/100
|-damage|p1a: Basculegion|89/100|[from] Recoil
|move|p2b: Shblingus|Coaching|p2a: Jbungo
|-boost|p2a: Jbungo|atk|1
|-boost|p2a: Jbungo|def|1
|move|p2a: Jbungo|Scale Shot|p1a: Basculegion
|-damage|p1a: Basculegion|64/100
|-damage|p1a: Basculegion|39/100
|-damage|p1a: Basculegion|13/100
|-damage|p1a: Basculegion|0 fnt
|faint|p1a: Basculegion
|-hitcount|p1: Basculegion|4
|-unboost|p2a: Jbungo|def|1
|-boost|p2a: Jbungo|spe|1
|move|p1b: Pelipper|Tailwind|p1b: Pelipper
|-sidestart|p1: Diego Han|move: Tailwind
|
|-weather|RainDance|[upkeep]
|upkeep
|
|t:|1755806091
|switch|p1a: Archaludon|Archaludon, L50, M|100/100
|turn|2
|
|t:|1755806102
|switch|p2a: No Idea|Ursaluna, L50, F, shiny|100/100
|-terastallize|p1a: Archaludon|Grass
|-terastallize|p2b: Shblingus|Stellar
|move|p1a: Archaludon|Electro Shot||[still]
|-prepare|p1a: Archaludon|Electro Shot
|-boost|p1a: Archaludon|spa|1
|-anim|p1a: Archaludon|Electro Shot|p2a: No Idea
|-immune|p2a: No Idea
|move|p1b: Pelipper|Hurricane|p2b: Shblingus
|-supereffective|p2b: Shblingus
|-enditem|p2b: Shblingus|Focus Sash
|-damage|p2b: Shblingus|1/100
|move|p2b: Shblingus|Close Combat|p1a: Archaludon
|-damage|p1a: Archaludon|35/100
|-unboost|p2b: Shblingus|def|1
|-unboost|p2b: Shblingus|spd|1
|-ability|p1a: Archaludon|Stamina|boost
|-boost|p1a: Archaludon|def|1
|
|-weather|RainDance|[upkeep]
|-status|p2a: No Idea|brn|[from] item: Flame Orb
|upkeep
|turn|3
|
|t:|1755806117
|switch|p2a: Jbungo|Dragonite, L50, M, shiny|59/100
|move|p2b: Shblingus|Dire Claw|p1a: Archaludon
|-supereffective|p1a: Archaludon
|-damage|p1a: Archaludon|0 fnt
|faint|p1a: Archaludon
|move|p1b: Pelipper|Weather Ball|p2b: Shblingus
|-damage|p2b: Shblingus|0 fnt
|faint|p2b: Shblingus
|
|-weather|RainDance|[upkeep]
|upkeep
|
|t:|1755806134
|switch|p2b: No Idea|Ursaluna, L50, F, shiny|100/100 brn
|switch|p1a: Kingambit|Kingambit, L50, F|100/100
|turn|4
|
|t:|1755806140
|move|p2a: Jbungo|Protect|p2a: Jbungo
|-singleturn|p2a: Jbungo|Protect
|move|p2b: No Idea|Protect|p2b: No Idea
|-singleturn|p2b: No Idea|Protect
|move|p1b: Pelipper|Weather Ball|p2b: No Idea
|-activate|p2b: No Idea|move: Protect
|move|p1a: Kingambit|Swords Dance|p1a: Kingambit
|-boost|p1a: Kingambit|atk|2
|
|-weather|RainDance|[upkeep]
|-damage|p2b: No Idea|95/100 brn|[from] brn
|-sideend|p1: Diego Han|move: Tailwind
|upkeep
|turn|5
|
|t:|1755806160
|switch|p2b: Farigiraf|Farigiraf, L50, M, shiny|100/100
|move|p1a: Kingambit|Protect|p1a: Kingambit
|-singleturn|p1a: Kingambit|Protect
|move|p2a: Jbungo|Tailwind|p2a: Jbungo
|-sidestart|p2: Giraffes in Gdansk|move: Tailwind
|move|p1b: Pelipper|Tailwind|p1b: Pelipper
|-sidestart|p1: Diego Han|move: Tailwind
|
|-weather|none
|upkeep
|turn|6
|
|t:|1755806182
|move|p2a: Jbungo|Scale Shot|p1b: Pelipper
|-damage|p1b: Pelipper|84/100
|-damage|p1b: Pelipper|68/100
|-damage|p1b: Pelipper|53/100
|-damage|p1b: Pelipper|36/100
|-damage|p1b: Pelipper|20/100
|-hitcount|p1b: Pelipper|5
|-unboost|p2a: Jbungo|def|1
|-boost|p2a: Jbungo|spe|1
|move|p1b: Pelipper|Hurricane|p2b: Farigiraf
|-damage|p2b: Farigiraf|62/100
|-start|p2b: Farigiraf|confusion
|move|p1a: Kingambit|Kowtow Cleave|p2a: Jbungo
|-damage|p2a: Jbungo|0 fnt
|faint|p2a: Jbungo
|-activate|p2b: Farigiraf|confusion
|move|p2b: Farigiraf|Hyper Voice|p1a: Kingambit|[spread] p1a,p1b
|-resisted|p1a: Kingambit
|-damage|p1a: Kingambit|87/100
|-damage|p1b: Pelipper|0 fnt
|faint|p1b: Pelipper
|-enditem|p2b: Farigiraf|Throat Spray
|-boost|p2b: Farigiraf|spa|1|[from] item: Throat Spray
|
|upkeep
|
|t:|1755806193
|switch|p2a: No Idea|Ursaluna, L50, F, shiny|95/100 brn
|turn|7
|
|t:|1755806207
|move|p1a: Kingambit|Protect|p1a: Kingambit
|-singleturn|p1a: Kingambit|Protect
|move|p2a: No Idea|Headlong Rush|p1a: Kingambit
|-activate|p1a: Kingambit|move: Protect
|-activate|p2b: Farigiraf|confusion
|move|p2b: Farigiraf|Hyper Voice|p1a: Kingambit
|-activate|p1a: Kingambit|move: Protect
|
|-damage|p2a: No Idea|89/100 brn|[from] brn
|upkeep
|turn|8
|
|t:|1755806219
|move|p2a: No Idea|Headlong Rush|p1a: Kingambit
|-supereffective|p1a: Kingambit
|-damage|p1a: Kingambit|0 fnt
|-unboost|p2a: No Idea|def|1
|-unboost|p2a: No Idea|spd|1
|faint|p1a: Kingambit
|
|win|Giraffes in Gdansk
|raw|Diego Han's rating: 1283 → 1261(-22 for losing)
|raw|Giraffes in Gdansk's rating: 1330 → 1347(+17 for winning)
|c|☆Giraffes in Gdansk|Ggwp
