|j|☆Pietplezier7
|j|☆spearow's nest
|html|Pietplezier7spearow's nest    
|uhtml|bestof|Game 1 of a best-of-3
|t:|1756755079
|gametype|doubles
|player|p1|Pietplezier7|grimsley-gen7|1366
|player|p2|spearow's nest|lance|1264
|gen|9
|tier|[Gen 9] VGC 2025 Reg H (Bo3)
|rated|
|rule|Species Clause: Limit one of each Pokémon
|rule|Item Clause: Limit 1 of each item
|clearpoke
|poke|p1|Charizard, L50, M|
|poke|p1|Torkoal, L50, F|
|poke|p1|Porygon2, L50|
|poke|p1|Incineroar, L50, F|
|poke|p1|Jumpluff, L50, M|
|poke|p1|Ursaluna, L50, F|
|poke|p2|Rillaboom, L50, M|
|poke|p2|Dragonite, L50, M|
|poke|p2|Sneasler, L50, M|
|poke|p2|Ninetales-Alola, L50, F|
|poke|p2|Kingambit, L50, M|
|poke|p2|Magmar, L50, M|
|teampreview|4
|showteam|p1|Charizard||ChoiceSpecs|SolarPower|HeatWave,Overheat,WeatherBall,AirSlash|||M|||50|,,,,,Ghost]Torkoal||EjectPack|Drought|Eruption,Overheat,HelpingHand,Protect|||F|||50|,,,,,Fire]Porygon2||Eviolite|Download|IceBeam,TeraBlast,TrickRoom,Recover||||||50|,,,,,Fighting]Incineroar||SitrusBerry|Intimidate|FlareBlitz,KnockOff,FakeOut,PartingShot|||F|||50|,,,,,Ghost]Jumpluff||CovertCloak|Chlorophyll|SleepPowder,SunnyDay,RagePowder,Tailwind|||M|||50|,,,,,Water]Ursaluna||FlameOrb|Guts|HeadlongRush,Facade,Earthquake,Protect|||F|||50|,,,,,Ghost
|showteam|p2|Rillaboom||AssaultVest|GrassySurge|WoodHammer,GrassyGlide,HighHorsepower,FakeOut|||M|||50|,,,,,Fire]Dragonite||LoadedDice|Multiscale|Protect,ScaleShot,LowKick,Haze|||M|||50|,,,,,Fairy]Sneasler||WhiteHerb|Unburden|Protect,DireClaw,CloseCombat,Coaching|||M|||50|,,,,,Ghost]Ninetales-Alola||ChoiceSpecs|SnowWarning|Blizzard,IcyWind,Moonblast,FreezeDry|||F|||50|,,,,,Ghost]Kingambit||SafetyGoggles|Defiant|Protect,KowtowCleave,SuckerPunch,SwordsDance|||M|||50|,,,,,Dark]Magmar||Eviolite|VitalSpirit|Protect,FollowMe,Overheat,WillOWisp|||M|||50|,,,,,Ghost
|inactive|Battle timer is ON: inactive players will automatically lose when time's up. (requested by Pietplezier7)
|j| Paranoix
|inactive|Pietplezier7 has 60 seconds left.
|inactive|spearow's nest has 60 seconds left.
|inactive|Pietplezier7 has 30 seconds left.
|
|t:|1756755141
|teamsize|p1|4
|teamsize|p2|4
|start
|switch|p1a: Jumpluff|Jumpluff, L50, M|100/100
|switch|p1b: Ursaluna|Ursaluna, L50, F|100/100
|switch|p2a: Ninetales|Ninetales-Alola, L50, F|100/100
|switch|p2b: Sneasler|Sneasler, L50, M|100/100
|-weather|Snowscape|[from] ability: Snow Warning|[of] p2a: Ninetales
|turn|1
|inactive|Pietplezier7 has 30 seconds left.
|inactive|spearow's nest has 30 seconds left.
|inactive|Pietplezier7 has 20 seconds left.
|
|t:|1756755176
|switch|p1b: Torkoal|Torkoal, L50, F|100/100
|-weather|SunnyDay|[from] ability: Drought|[of] p1b: Torkoal
|move|p1a: Jumpluff|Tailwind|p1a: Jumpluff
|-sidestart|p1: Pietplezier7|move: Tailwind
|move|p2b: Sneasler|Coaching|p2a: Ninetales
|-boost|p2a: Ninetales|atk|1
|-boost|p2a: Ninetales|def|1
|move|p2a: Ninetales|Freeze-Dry|p1a: Jumpluff
|-supereffective|p1a: Jumpluff
|-damage|p1a: Jumpluff|0 fnt
|faint|p1a: Jumpluff
|
|-weather|SunnyDay|[upkeep]
|upkeep
|
|t:|1756755187
|switch|p1a: Charizard|Charizard, L50, M|100/100
|turn|2
|
|t:|1756755210
|move|p1a: Charizard|Heat Wave|p2a: Ninetales|[spread] p2a,p2b
|-supereffective|p2a: Ninetales
|-damage|p2a: Ninetales|0 fnt
|-damage|p2b: Sneasler|0 fnt
|faint|p2a: Ninetales
|faint|p2b: Sneasler
|move|p1b: Torkoal|Overheat|p2: Ninetales|[notarget]
|-fail|p1b: Torkoal
|
|-weather|SunnyDay|[upkeep]
|-damage|p1a: Charizard|88/100|[from] ability: Solar Power|[of] p1a: Charizard
|upkeep
|
|t:|1756755213
|switch|p2b: Kingambit|Kingambit, L50, M|100/100
|switch|p2a: Dragonite|Dragonite, L50, M|100/100
|turn|3
|j| teamthief420
|
|t:|1756755229
|-terastallize|p2b: Kingambit|Dark
|move|p2b: Kingambit|Sucker Punch|p1a: Charizard
|-damage|p1a: Charizard|11/100
|move|p1a: Charizard|Heat Wave|p2a: Dragonite|[spread] p2a,p2b
|-resisted|p2a: Dragonite
|-damage|p2a: Dragonite|70/100
|-damage|p2b: Kingambit|0 fnt
|faint|p2b: Kingambit
|move|p2a: Dragonite|Scale Shot|p1a: Charizard
|-damage|p1a: Charizard|0 fnt
|faint|p1a: Charizard
|-hitcount|p1: Charizard|1
|-unboost|p2a: Dragonite|def|1
|-boost|p2a: Dragonite|spe|1
|move|p1b: Torkoal|Overheat|p2a: Dragonite
|-resisted|p2a: Dragonite
|-damage|p2a: Dragonite|26/100
|-unboost|p1b: Torkoal|spa|2
|-enditem|p1b: Torkoal|Eject Pack
|
|t:|1756755238
|switch|p1b: Ursaluna|Ursaluna, L50, F|100/100
|
|-weather|SunnyDay|[upkeep]
|-status|p1b: Ursaluna|brn|[from] item: Flame Orb
|upkeep
|
|t:|1756755241
|switch|p1a: Torkoal|Torkoal, L50, F|100/100
|turn|4
|
|t:|1756755247
|-terastallize|p1a: Torkoal|Fire
|move|p2a: Dragonite|Protect|p2a: Dragonite
|-singleturn|p2a: Dragonite|Protect
|move|p1b: Ursaluna|Facade|p2a: Dragonite
|-activate|p2a: Dragonite|move: Protect
|move|p1a: Torkoal|Eruption|p2a: Dragonite
|-activate|p2a: Dragonite|move: Protect
|
|-weather|SunnyDay|[upkeep]
|-damage|p1b: Ursaluna|95/100 brn|[from] brn
|-sideend|p1: Pietplezier7|move: Tailwind
|upkeep
|turn|5
|
|t:|1756755261
|move|p2a: Dragonite|Low Kick|p1b: Ursaluna
|-supereffective|p1b: Ursaluna
|-damage|p1b: Ursaluna|25/100 brn
|move|p1b: Ursaluna|Facade|p2a: Dragonite
|-damage|p2a: Dragonite|0 fnt
|faint|p2a: Dragonite
|
|win|Pietplezier7
