|j|ÔÿåKatKraydel
|j|Ôÿåmagicalarcher57
|html|KatKraydelmagicalarcher57    
|uhtml|bestof|Game 1 of a best-of-3
|t:|1785171013
|gametype|doubles
|player|p1|KatKraydel|lebanne|
|player|p2|magicalarcher57|diantha|
|gen|9
|tier|[Gen 9 Champions] VGC 2026 Reg M-B (Bo3)
|rule|Species Clause: Limit one of each Pok├®mon
|rule|Item Clause: Limit 1 of each item
|clearpoke
|poke|p1|Torkoal, L50, F, shiny|
|poke|p1|Farigiraf, L50, M, shiny|
|poke|p1|Sylveon, L50, F, shiny|
|poke|p1|Kingambit, L50, M|
|poke|p1|Kangaskhan, L50, F|
|poke|p1|Basculegion, L50, M|
|poke|p2|Excadrill, L50, M|
|poke|p2|Kingambit, L50, M|
|poke|p2|Whimsicott, L50, M|
|poke|p2|Ninetales-Alola, L50, M|
|poke|p2|Basculegion, L50, M|
|poke|p2|Raichu, L50, F|
|teampreview|4
|showteam|p1|Torkoal||Charcoal|Drought|Eruption,HeatWave,WeatherBall,Protect|Quiet||F|||50|]Farigiraf||SitrusBerry|ArmorTail|HyperVoice,Psychic,TrickRoom,Protect|Relaxed||M|||50|]Sylveon||LifeOrb|Pixilate|HyperVoice,HyperBeam,QuickAttack,Protect|Quiet||F|||50|]Kingambit||OccaBerry|Defiant|KowtowCleave,SuckerPunch,LowKick,IronHead|Brave||M|||50|]Kangaskhan||Kangaskhanite|Scrappy|FakeOut,DoubleEdge,LowKick,SuckerPunch|Adamant||F|||50|]Basculegion||ChoiceScarf|Adaptability|WaveCrash,LastRespects,AquaJet,FlipTurn|Jolly||M|||50|
|showteam|p2|Excadrill||Excadrite|SandForce|IronHead,HighHorsepower,RockSlide,Protect|Jolly||M|||50|]Kingambit||OccaBerry|Defiant|KowtowCleave,SuckerPunch,IronHead,LowKick|Adamant||M|||50|]Whimsicott||FocusSash|Prankster|Moonblast,Tailwind,Encore,Protect|Timid||M|||50|]Ninetales-Alola||LifeOrb|SnowWarning|Blizzard,FreezeDry,Disable,Protect|Timid||M|||50|]Basculegion||MysticWater|Adaptability|WaveCrash,AquaJet,LastRespects,Protect|Adamant||M|||50|]Raichu||RaichuniteY|LightningRod|ZapCannon,FocusBlast,FakeOut,Protect|Timid||F|||50|
|inactive|Battle timer is ON: inactive players will automatically lose when time's up. (requested by magicalarcher57)
|c|Ôÿåmagicalarcher57|Glhf
|inactiveoff|Battle timer is now OFF.
|
|t:|1785171065
|teamsize|p1|4
|teamsize|p2|4
|start
|switch|p1a: Lipslap|Kangaskhan, L50, F|100/100
|switch|p1b: Jumpsuit|Farigiraf, L50, M, shiny|100/100
|switch|p2a: Kingambit|Kingambit, L50, M|100/100
|switch|p2b: Raichu|Raichu, L50, F|100/100
|turn|1
|
|t:|1785171077
|detailschange|p2b: Raichu|Raichu-Mega-Y, L50, F
|-mega|p2b: Raichu|Raichu|Raichunite Y
|detailschange|p1a: Lipslap|Kangaskhan-Mega, L50, F
|-mega|p1a: Lipslap|Kangaskhan|Kangaskhanite
|move|p1a: Lipslap|Fake Out|p2b: Raichu
|-damage|p2b: Raichu|61/100
|-damage|p2b: Raichu|52/100
|-hitcount|p2b: Raichu|2
|cant|p2b: Raichu|flinch
|move|p2a: Kingambit|Low Kick|p1a: Lipslap
|-supereffective|p1a: Lipslap|1
|-crit|p1a: Lipslap
|-damage|p1a: Lipslap|0 fnt
|faint|p1a: Lipslap
|move|p1b: Jumpsuit|Trick Room|p1b: Jumpsuit
|-fieldstart|move: Trick Room|[of] p1b: Jumpsuit
|
|upkeep
|
|t:|1785171090
|switch|p1a: Boom Clap|Torkoal, L50, F, shiny|100/100
|-weather|SunnyDay|[from] ability: Drought|[of] p1a: Boom Clap
|turn|2
|c|ÔÿåKatKraydel|bruh
|
|t:|1785171103
|switch|p1b: Porcelain|Kingambit, L50, M|100/100
|move|p2b: Raichu|Protect|p2b: Raichu
|-singleturn|p2b: Raichu|Protect
|move|p1a: Boom Clap|Eruption|p2b: Raichu|[spread] p2a
|-activate|p2b: Raichu|move: Protect
|-supereffective|p2a: Kingambit|1
|-enditem|p2a: Kingambit|Occa Berry|[eat]
|-enditem|p2a: Kingambit|Occa Berry|[weaken]
|-damage|p2a: Kingambit|4/100
|move|p2a: Kingambit|Kowtow Cleave|p1b: Porcelain
|-resisted|p1b: Porcelain|1
|-damage|p1b: Porcelain|82/100
|
|-weather|SunnyDay|[upkeep]
|upkeep
|turn|3
|c|ÔÿåKatKraydel|that mattered btw
|c|Ôÿåmagicalarcher57|It
|
|t:|1785171118
|switch|p2b: Basculegion|Basculegion, L50, M|100/100
|move|p1b: Porcelain|Sucker Punch|p2a: Kingambit
|-resisted|p2a: Kingambit|1
|-damage|p2a: Kingambit|0 fnt
|faint|p2a: Kingambit
|move|p1a: Boom Clap|Eruption|p2b: Basculegion
|-resisted|p2b: Basculegion|1
|-damage|p2b: Basculegion|39/100
|
|-weather|SunnyDay|[upkeep]
|upkeep
|c|Ôÿåmagicalarcher57|Is worse for me
|c|Ôÿåmagicalarcher57|Than beneficial...
|c|Ôÿåmagicalarcher57|­ƒÿ¡
|
|t:|1785171131
|switch|p2a: Raichu|Raichu-Mega-Y, L50, F|52/100
|turn|4
|c|ÔÿåKatKraydel|well
|
|t:|1785171135
|switch|p1b: Jumpsuit|Farigiraf, L50, M, shiny|100/100
|move|p2b: Basculegion|Protect|p2b: Basculegion
|-singleturn|p2b: Basculegion|Protect
|move|p2a: Raichu|Protect|p2a: Raichu
|-singleturn|p2a: Raichu|Protect
|move|p1a: Boom Clap|Eruption|p2a: Raichu|[spread] 
|-activate|p2a: Raichu|move: Protect
|-activate|p2b: Basculegion|move: Protect
|
|-weather|SunnyDay|[upkeep]
|upkeep
|turn|5
|
|t:|1785171147
|move|p2b: Basculegion|Protect|p2b: Basculegion
|-singleturn|p2b: Basculegion|Protect
|move|p2a: Raichu|Protect|p2a: Raichu
|-singleturn|p2a: Raichu|Protect
|move|p1a: Boom Clap|Eruption|p2a: Raichu|[spread] 
|-activate|p2a: Raichu|move: Protect
|-activate|p2b: Basculegion|move: Protect
|move|p1b: Jumpsuit|Psychic|p2b: Basculegion
|-activate|p2b: Basculegion|move: Protect
|
|-weather|SunnyDay|[upkeep]
|-fieldend|move: Trick Room
|upkeep
|turn|6
|c|Ôÿåmagicalarcher57|Omg
|
|t:|1785171158
|move|p1a: Boom Clap|Protect|p1a: Boom Clap
|-singleturn|p1a: Boom Clap|Protect
|move|p2a: Raichu|Zap Cannon|p1b: Jumpsuit
|-damage|p1b: Jumpsuit|42/100
|-status|p1b: Jumpsuit|par
|-enditem|p1b: Jumpsuit|Sitrus Berry|[eat]
|-heal|p1b: Jumpsuit|67/100 par|[from] item: Sitrus Berry
|move|p2b: Basculegion|Wave Crash|p1b: Jumpsuit
|-damage|p1b: Jumpsuit|28/100 par
|-damage|p2b: Basculegion|24/100|[from] Recoil
|move|p1b: Jumpsuit|Trick Room|p1b: Jumpsuit
|-fieldstart|move: Trick Room|[of] p1b: Jumpsuit
|
|-weather|none
|upkeep
|turn|7
|c|ÔÿåKatKraydel|this guy
|c|ÔÿåKatKraydel|waiter waiter,my steak is too juicy
|
|t:|1785171181
|move|p2b: Basculegion|Aqua Jet||[still]
|cant|p1b: Jumpsuit|ability: Armor Tail|Aqua Jet|[of] p2b: Basculegion
|move|p1a: Boom Clap|Eruption|p2b: Basculegion|[spread] p2a,p2b
|-resisted|p2b: Basculegion|1
|-damage|p2a: Raichu|0 fnt
|-damage|p2b: Basculegion|0 fnt
|faint|p2a: Raichu
|faint|p2b: Basculegion
|move|p1b: Jumpsuit|Psychic|p2: Raichu|[notarget]
|-fail|p1b: Jumpsuit
|
|upkeep
|-message|magicalarcher57 forfeited.
|
|win|KatKraydel
||KatKraydel is ready for game 2.
||magicalarcher57 is ready for game 2.
|uhtml|next|Next: Game 2 of 3
