|j|☆devinlewisd
|j|☆NyulaDraws
|html|devinlewisdNyulaDraws    
|uhtml|bestof|Game 1 of a best-of-3
|t:|1783349455
|gametype|doubles
|player|p1|devinlewisd|hiker-gen4|1111
|player|p2|NyulaDraws|brawly|1017
|gen|9
|tier|[Gen 9 Champions] VGC 2026 Reg M-B (Bo3)
|rated|
|rule|Species Clause: Limit one of each Pokémon
|rule|Item Clause: Limit 1 of each item
|clearpoke
|poke|p1|Ninetales-Alola, L50, M|
|poke|p1|Volcarona, L50, F|
|poke|p1|Farigiraf, L50, M|
|poke|p1|Alakazam, L50, M|
|poke|p1|Basculegion, L50, M|
|poke|p1|Decidueye-Hisui, L50, F|
|poke|p2|Grimmsnarl, L50, M|
|poke|p2|Swampert, L50, F|
|poke|p2|Pelipper, L50, F|
|poke|p2|Archaludon, L50, F, shiny|
|poke|p2|Mawile, L50, F|
|poke|p2|Farigiraf, L50, M, shiny|
|teampreview|4
|showteam|p1|Ninetales-Alola||LightClay|SnowWarning|Blizzard,FreezeDry,AuroraVeil,Protect|Timid||M|||50|]Volcarona||Leftovers|FlameBody|RagePowder,QuiverDance,Protect,HeatWave|Modest||F|||50|]Farigiraf||MentalHerb|ArmorTail|TrickRoom,Imprison,HelpingHand,DazzlingGleam|Sassy||M|||50|]Alakazam||Alakazite|MagicGuard|DazzlingGleam,Psychic,ShadowBall,Protect|Timid||M|||50|]Basculegion||ChoiceScarf|Adaptability|Liquidation,FlipTurn,LastRespects,HeadSmash|Jolly||M|||50|]Decidueye-Hisui||ExpertBelt|Scrappy|TripleArrows,BraveBird,Protect,LeafBlade|Adamant||F|||50|
|showteam|p2|Grimmsnarl||LightClay|Prankster|FoulPlay,PartingShot,LightScreen,Reflect|Calm||M|||50|]Swampert||Swampertite|Damp|Protect,IcePunch,WaveCrash,Earthquake|Adamant||F|||50|]Pelipper||SitrusBerry|Drizzle|WideGuard,Tailwind,WeatherBall,Hurricane|Modest||F|||50|]Archaludon||Leftovers|Stamina|Protect,ElectroShot,FlashCannon,DragonPulse|Modest||F|||50|]Mawile||Mawilite|HyperCutter|PlayRough,BrickBreak,SuckerPunch,Protect|Adamant||F|||50|]Farigiraf||ColburBerry|ArmorTail|Psychic,Thunderbolt,TrickRoom,Protect|Quiet||M|||50|
|inactive|Battle timer is ON: inactive players will automatically lose when time's up. (requested by devinlewisd)
|
|t:|1783349482
|teamsize|p1|4
|teamsize|p2|4
|start
|switch|p1a: Ninetales|Ninetales-Alola, L50, M|100/100
|switch|p1b: Volcarona|Volcarona, L50, F|100/100
|switch|p2a: Mawile|Mawile, L50, F|100/100
|switch|p2b: Farigiraf|Farigiraf, L50, M, shiny|100/100
|-weather|Snowscape|[from] ability: Snow Warning|[of] p1a: Ninetales
|turn|1
|inactive|devinlewisd has 30 seconds left.
|
|t:|1783349522
|move|p2a: Mawile|Protect|p2a: Mawile
|-singleturn|p2a: Mawile|Protect
|move|p1a: Ninetales|Aurora Veil|p1a: Ninetales
|-sidestart|p1: devinlewisd|move: Aurora Veil
|move|p1b: Volcarona|Heat Wave|p2a: Mawile|[spread] p2b
|-activate|p2a: Mawile|move: Protect
|-damage|p2b: Farigiraf|62/100
|-status|p2b: Farigiraf|brn
|move|p2b: Farigiraf|Trick Room|p2b: Farigiraf
|-fieldstart|move: Trick Room|[of] p2b: Farigiraf
|
|-weather|Snowscape|[upkeep]
|-damage|p2b: Farigiraf|56/100 brn|[from] brn
|upkeep
|turn|2
|inactive|NyulaDraws has 30 seconds left.
|
|t:|1783349549
|detailschange|p2a: Mawile|Mawile-Mega, L50, F
|-mega|p2a: Mawile|Mawile|Mawilite
|move|p1b: Volcarona|Rage Powder|p1b: Volcarona
|-singleturn|p1b: Volcarona|move: Rage Powder
|move|p2a: Mawile|Brick Break|p1b: Volcarona
|-sideend|p1: devinlewisd|move: Aurora Veil
|-resisted|p1b: Volcarona|1
|-damage|p1b: Volcarona|60/100
|move|p2b: Farigiraf|Psychic|p1b: Volcarona
|-damage|p1b: Volcarona|19/100
|move|p1a: Ninetales|Freeze-Dry|p2b: Farigiraf
|-damage|p2b: Farigiraf|29/100 brn
|
|-weather|Snowscape|[upkeep]
|-heal|p1b: Volcarona|25/100|[from] item: Leftovers
|-damage|p2b: Farigiraf|23/100 brn|[from] brn
|upkeep
|turn|3
|inactive|devinlewisd has 30 seconds left.
|
|t:|1783349583
|move|p2a: Mawile|Protect|p2a: Mawile
|-singleturn|p2a: Mawile|Protect
|move|p1b: Volcarona|Protect|p1b: Volcarona
|-singleturn|p1b: Volcarona|Protect
|move|p2b: Farigiraf|Psychic|p1b: Volcarona
|-activate|p1b: Volcarona|move: Protect
|move|p1a: Ninetales|Freeze-Dry|p2b: Farigiraf
|-damage|p2b: Farigiraf|0 fnt
|faint|p2b: Farigiraf
|
|-weather|Snowscape|[upkeep]
|-heal|p1b: Volcarona|31/100|[from] item: Leftovers
|upkeep
|
|t:|1783349602
|switch|p2b: Archaludon|Archaludon, L50, F, shiny|100/100
|turn|4
|inactive|devinlewisd has 30 seconds left.
|inactive|devinlewisd has 20 seconds left.
|
|t:|1783349638
|move|p1b: Volcarona|Rage Powder|p1b: Volcarona
|-singleturn|p1b: Volcarona|move: Rage Powder
|move|p2a: Mawile|Sucker Punch||[still]
|-fail|p2a: Mawile
|move|p2b: Archaludon|Flash Cannon|p1b: Volcarona
|-resisted|p1b: Volcarona|1
|-damage|p1b: Volcarona|12/100
|move|p1a: Ninetales|Freeze-Dry|p2b: Archaludon
|-damage|p2b: Archaludon|72/100
|-ability|p2b: Archaludon|Stamina|boost
|-boost|p2b: Archaludon|def|1
|
|-weather|Snowscape|[upkeep]
|-heal|p2b: Archaludon|78/100|[from] item: Leftovers
|-heal|p1b: Volcarona|18/100|[from] item: Leftovers
|upkeep
|turn|5
|inactive|devinlewisd has 30 seconds left.
|
|t:|1783349668
|move|p1b: Volcarona|Rage Powder|p1b: Volcarona
|-singleturn|p1b: Volcarona|move: Rage Powder
|move|p2a: Mawile|Sucker Punch||[still]
|-fail|p2a: Mawile
|move|p2b: Archaludon|Flash Cannon|p1b: Volcarona
|-resisted|p1b: Volcarona|1
|-damage|p1b: Volcarona|0 fnt
|faint|p1b: Volcarona
|move|p1a: Ninetales|Aurora Veil|p1a: Ninetales
|-sidestart|p1: devinlewisd|move: Aurora Veil
|
|-weather|none
|-heal|p2b: Archaludon|84/100|[from] item: Leftovers
|-fieldend|move: Trick Room
|upkeep
|
|t:|1783349687
|switch|p1b: Alakazam|Alakazam, L50, M|100/100
|turn|6
|
|t:|1783349711
|switch|p1a: Decidueye|Decidueye-Hisui, L50, F|100/100
|move|p1b: Alakazam|Protect|p1b: Alakazam
|-singleturn|p1b: Alakazam|Protect
|move|p2b: Archaludon|Flash Cannon|p1a: Decidueye
|-damage|p1a: Decidueye|74/100
|move|p2a: Mawile|Brick Break|p1a: Decidueye
|-sideend|p1: devinlewisd|move: Aurora Veil
|-damage|p1a: Decidueye|21/100
|
|-heal|p2b: Archaludon|90/100|[from] item: Leftovers
|upkeep
|turn|7
|inactive|devinlewisd has 30 seconds left.
|inactive|NyulaDraws has 30 seconds left.
|
|t:|1783349744
|detailschange|p1b: Alakazam|Alakazam-Mega, L50, M
|-mega|p1b: Alakazam|Alakazam|Alakazite
|-ability|p1b: Alakazam|Stamina|Trace|[from] ability: Trace|[of] p2b: Archaludon
|move|p2a: Mawile|Sucker Punch|p1b: Alakazam
|-supereffective|p1b: Alakazam|1
|-damage|p1b: Alakazam|0 fnt
|faint|p1b: Alakazam
|move|p2b: Archaludon|Flash Cannon|p1a: Decidueye
|-damage|p1a: Decidueye|0 fnt
|faint|p1a: Decidueye
|
|-heal|p2b: Archaludon|96/100|[from] item: Leftovers
|upkeep
|-message|devinlewisd forfeited.
|
|win|NyulaDraws
|l|☆devinlewisd
|player|p1|
||devinlewisd is ready for game 2.
