|j|☆tobrin
|j|☆Figure Eight 00
|html|tobrinFigure Eight 00    
|uhtml|bestof|Game 1 of a best-of-3
|t:|1783543340
|gametype|doubles
|player|p1|tobrin|lance|1105
|player|p2|Figure Eight 00|elesa|1000
|gen|9
|tier|[Gen 9 Champions] VGC 2026 Reg M-B (Bo3)
|rated|
|rule|Species Clause: Limit one of each Pokémon
|rule|Item Clause: Limit 1 of each item
|clearpoke
|poke|p1|Floette-Eternal, L50, F|
|poke|p1|Whimsicott, L50, F|
|poke|p1|Basculegion, L50, M|
|poke|p1|Kingambit, L50, F|
|poke|p1|Garchomp, L50, M|
|poke|p1|Charizard, L50, M|
|poke|p2|Staraptor, L50, M|
|poke|p2|Whimsicott, L50, M, shiny|
|poke|p2|Salazzle, L50, F|
|poke|p2|Sceptile, L50, F|
|poke|p2|Aegislash, L50, F, shiny|
|poke|p2|Delphox, L50, F|
|teampreview|4
|showteam|p1|Floette-Eternal||Floettite|FlowerVeil|Moonblast,DazzlingGleam,LightofRuin,Protect|Modest||F|||50|]Whimsicott||FocusSash|Prankster|Moonblast,Tailwind,Encore,Protect|Timid||F|||50|]Basculegion||LifeOrb|Adaptability|WaveCrash,AquaJet,LastRespects,Protect|Adamant||M|||50|]Kingambit||OccaBerry|Defiant|KowtowCleave,SuckerPunch,LowKick,IronHead|Adamant||F|||50|]Garchomp||ExpertBelt|RoughSkin|DragonClaw,RockSlide,Earthquake,Protect|Jolly||M|||50|]Charizard||CharizarditeY|SolarPower|HeatWave,WeatherBall,SolarBeam,Protect|Modest||M|||50|
|showteam|p2|Staraptor||Staraptite|Intimidate|Protect,BraveBird,CloseCombat,Facade|Adamant||M|||50|]Whimsicott||FocusSash|Prankster|Encore,Charm,Tailwind,Moonblast|Bold||M|||50|]Salazzle||BlackGlasses|Corrosion|Toxic,FoulPlay,Flamethrower,SludgeBomb|Calm||F|||50|]Sceptile||SitrusBerry|Unburden|Protect,ShedTail,GigaDrain,EarthPower|Calm||F|||50|]Aegislash||Leftovers|StanceChange|KingsShield,ShadowClaw,NightSlash,IronHead|Brave||F|||50|]Delphox||Delphoxite|Blaze|Protect,Psychic,ShadowBall,Overheat|Modest||F|||50|
|
|t:|1783543391
|teamsize|p1|4
|teamsize|p2|4
|start
|switch|p1a: Whimsicott|Whimsicott, L50, F|100/100
|switch|p1b: Floette|Floette-Eternal, L50, F|100/100
|switch|p2a: Whimsicott|Whimsicott, L50, M, shiny|100/100
|switch|p2b: Sceptile|Sceptile, L50, F|100/100
|turn|1
|
|t:|1783543460
|detailschange|p1b: Floette|Floette-Mega, L50, F
|-mega|p1b: Floette|Floette|Floettite
|-ability|p1b: Floette|Fairy Aura
|move|p1a: Whimsicott|Tailwind|p1a: Whimsicott
|-sidestart|p1: tobrin|move: Tailwind
|move|p2a: Whimsicott|Tailwind|p2a: Whimsicott
|-sidestart|p2: Figure Eight 00|move: Tailwind
|move|p1b: Floette|Moonblast|p2b: Sceptile
|-damage|p2b: Sceptile|13/100
|-enditem|p2b: Sceptile|Sitrus Berry|[eat]
|-heal|p2b: Sceptile|38/100|[from] item: Sitrus Berry
|move|p2b: Sceptile|Shed Tail|p2b: Sceptile
|-fail|p2b: Sceptile|move: Shed Tail|[weak]
|
|upkeep
|turn|2
|
|t:|1783543485
|switch|p2a: Salazzle|Salazzle, L50, F|100/100
|move|p1a: Whimsicott|Encore||[still]
|-fail|p1a: Whimsicott
|move|p2b: Sceptile|Giga Drain|p1b: Floette
|-damage|p1b: Floette|73/100
|-heal|p2b: Sceptile|52/100|[from] drain|[of] p1b: Floette
|move|p1b: Floette|Dazzling Gleam|p2a: Salazzle|[spread] p2a,p2b
|-resisted|p2a: Salazzle|2
|-damage|p2a: Salazzle|83/100
|-damage|p2b: Sceptile|0 fnt
|faint|p2b: Sceptile
|
|upkeep
|
|t:|1783543501
|switch|p2b: Whimsicott|Whimsicott, L50, M, shiny|100/100
|turn|3
|
|t:|1783543529
|switch|p1b: Garchomp|Garchomp, L50, M|100/100
|move|p1a: Whimsicott|Moonblast|p2b: Whimsicott
|-damage|p2b: Whimsicott|58/100
|move|p2b: Whimsicott|Moonblast|p1a: Whimsicott
|-damage|p1a: Whimsicott|57/100
|move|p2a: Salazzle|Toxic|p1b: Garchomp
|-status|p1b: Garchomp|tox
|
|-damage|p1b: Garchomp|94/100 tox|[from] psn
|upkeep
|turn|4
|
|t:|1783543549
|switch|p2a: Staraptor|Staraptor, L50, M|100/100
|-ability|p2a: Staraptor|Intimidate|boost
|-unboost|p1a: Whimsicott|atk|1
|-unboost|p1b: Garchomp|atk|1
|move|p1a: Whimsicott|Protect|p1a: Whimsicott
|-singleturn|p1a: Whimsicott|Protect
|move|p2b: Whimsicott|Encore|p1a: Whimsicott
|-activate|p1a: Whimsicott|move: Protect
|move|p1b: Garchomp|Earthquake|p2b: Whimsicott|[spread] p2b
|-activate|p1a: Whimsicott|move: Protect
|-immune|p2a: Staraptor
|-resisted|p2b: Whimsicott|1
|-damage|p2b: Whimsicott|43/100
|
|-damage|p1b: Garchomp|82/100 tox|[from] psn
|-sideend|p1: tobrin|move: Tailwind
|-sideend|p2: Figure Eight 00|move: Tailwind
|upkeep
|turn|5
|
|t:|1783543571
|detailschange|p2a: Staraptor|Staraptor-Mega, L50, M
|-mega|p2a: Staraptor|Staraptor|Staraptite
|move|p1a: Whimsicott|Tailwind|p1a: Whimsicott
|-sidestart|p1: tobrin|move: Tailwind
|move|p1b: Garchomp|Rock Slide|p2a: Staraptor|[spread] p2a,p2b
|-damage|p2a: Staraptor|84/100
|-damage|p2b: Whimsicott|29/100
|move|p2a: Staraptor|Brave Bird|p1a: Whimsicott
|-supereffective|p1a: Whimsicott|1
|-damage|p1a: Whimsicott|0 fnt
|faint|p1a: Whimsicott
|-damage|p2a: Staraptor|69/100|[from] Recoil
|move|p2b: Whimsicott|Moonblast|p1b: Garchomp
|-supereffective|p1b: Garchomp|1
|-damage|p1b: Garchomp|23/100 tox
|
|-damage|p1b: Garchomp|5/100 tox|[from] psn
|upkeep
|
|t:|1783543587
|switch|p1a: Floette|Floette-Mega, L50, F|73/100
|-ability|p1a: Floette|Fairy Aura
|turn|6
|
|t:|1783543611
|move|p2a: Staraptor|Protect|p2a: Staraptor
|-singleturn|p2a: Staraptor|Protect
|move|p2b: Whimsicott|Tailwind|p2b: Whimsicott
|-sidestart|p2: Figure Eight 00|move: Tailwind
|move|p1b: Garchomp|Rock Slide|p2a: Staraptor|[spread] p2b
|-activate|p2a: Staraptor|move: Protect
|-damage|p2b: Whimsicott|14/100
|move|p1a: Floette|Dazzling Gleam|p2a: Staraptor|[spread] p2b
|-activate|p2a: Staraptor|move: Protect
|-damage|p2b: Whimsicott|0 fnt
|faint|p2b: Whimsicott
|
|-damage|p1b: Garchomp|0 fnt|[from] psn
|faint|p1b: Garchomp
|upkeep
|
|t:|1783543628
|switch|p1b: Basculegion|Basculegion, L50, M|100/100
|switch|p2b: Salazzle|Salazzle, L50, F|83/100
|turn|7
|
|t:|1783543639
|move|p1a: Floette|Light of Ruin|p2a: Staraptor
|-supereffective|p2a: Staraptor|1
|-damage|p2a: Staraptor|0 fnt
|faint|p2a: Staraptor
|-damage|p1a: Floette|35/100|[from] Recoil
|move|p2b: Salazzle|Foul Play|p1a: Floette
|-resisted|p1a: Floette|1
|-damage|p1a: Floette|22/100
|move|p1b: Basculegion|Wave Crash|p2b: Salazzle
|-supereffective|p2b: Salazzle|1
|-damage|p2b: Salazzle|0 fnt
|faint|p2b: Salazzle
|-damage|p1b: Basculegion|80/100|[from] Recoil
|-damage|p1b: Basculegion|70/100|[from] item: Life Orb
|
|win|tobrin
