|j|☆ghold medal
|j|☆eeveeyon
|html|ghold medaleeveeyon    
|uhtml|bestof|Game 1 of a best-of-3
|t:|1756360282
|gametype|doubles
|player|p1|ghold medal|psychic-gen4|1041
|player|p2|eeveeyon|unknown|1000
|gen|9
|tier|[Gen 9] VGC 2025 Reg H (Bo3)
|rated|
|rule|Species Clause: Limit one of each Pokémon
|rule|Item Clause: Limit 1 of each item
|clearpoke
|poke|p1|Gholdengo, L50|
|poke|p1|Rillaboom, L50, M|
|poke|p1|Incineroar, L50, M|
|poke|p1|Electabuzz, L50, M|
|poke|p1|Annihilape, L50, M|
|poke|p1|Dragonite, L50, M|
|poke|p2|Decidueye-Hisui, L50, F|
|poke|p2|Alcremie-Rainbow-Swirl, L50, F|
|poke|p2|Arboliva, L50, M|
|poke|p2|Indeedee-F, L50, F|
|poke|p2|Torkoal, L50, M|
|poke|p2|Clodsire, L50, M|
|teampreview|4
|showteam|p1|Gholdengo||Leftovers|GoodasGold|MakeItRain,ShadowBall,NastyPlot,Protect||||||50|,,,,,Water]Rillaboom||AssaultVest|GrassySurge|WoodHammer,HighHorsepower,GrassyGlide,FakeOut|||M|||50|,,,,,Fire]Incineroar||SafetyGoggles|Intimidate|FlareBlitz,KnockOff,PartingShot,FakeOut|||M|||50|,,,,,Ghost]Electabuzz||Eviolite|VitalSpirit|Electroweb,Taunt,FollowMe,Protect|||M|||50|,,,,,Ghost]Annihilape||FocusSash|Defiant|CloseCombat,RageFist,Coaching,FinalGambit|||M|||50|,,,,,Stellar]Dragonite||LoadedDice|Multiscale|ScaleShot,Haze,ExtremeSpeed,Protect|||M|||50|,,,,,Fairy
|showteam|p2|Decidueye-Hisui||WeaknessPolicy|Scrappy|TripleArrows,SwordsDance,Substitute,BraveBird|||F|||50|,,,,,Grass]Alcremie-Rainbow-Swirl||SitrusBerry|AromaVeil|Decorate,DisarmingVoice,StoredPower,AcidArmor|||F|||50|,,,,,Fairy]Arboliva||GrassySeed|SeedSower|SeedBomb,WeatherBall,GigaDrain,DazzlingGleam|||M|||50|,,,,,Grass]Indeedee-F||Leftovers|PsychicSurge|TrickRoom,FollowMe,FakeOut,Psyshock|||F|||50|,,,,,Psychic]Torkoal||ChoiceSpecs|Drought|Eruption,Earthquake,GyroBall,RapidSpin|||M|||50|,,,,,Fire]Clodsire||LifeOrb|WaterAbsorb|Toxic,Spikes,SludgeBomb,Earthquake|||M|||50|,,,,,Poison
|inactive|Battle timer is ON: inactive players will automatically lose when time's up. (requested by ghold medal)
|inactive|ghold medal has 60 seconds left.
|inactive|eeveeyon has 60 seconds left.
|inactive|ghold medal has 30 seconds left.
|
|t:|1756360356
|teamsize|p1|4
|teamsize|p2|4
|start
|switch|p1a: Gholdengo|Gholdengo, L50|100/100
|switch|p1b: Electabuzz|Electabuzz, L50, M, shiny|100/100
|switch|p2a: Indeedee|Indeedee-F, L50, F|100/100
|switch|p2b: Torkoal|Torkoal, L50, M|100/100
|-fieldstart|move: Psychic Terrain|[from] ability: Psychic Surge|[of] p2a: Indeedee
|-weather|SunnyDay|[from] ability: Drought|[of] p2b: Torkoal
|turn|1
|
|t:|1756360378
|move|p1a: Gholdengo|Protect|p1a: Gholdengo
|-singleturn|p1a: Gholdengo|Protect
|move|p2a: Indeedee|Follow Me|p2a: Indeedee
|-singleturn|p2a: Indeedee|move: Follow Me
|move|p1b: Electabuzz|Taunt|p2a: Indeedee
|-start|p2a: Indeedee|move: Taunt
|move|p2b: Torkoal|Earthquake|p1b: Electabuzz|[spread] p2a,p1b
|-activate|p1a: Gholdengo|move: Protect
|-supereffective|p1b: Electabuzz
|-damage|p2a: Indeedee|68/100
|-damage|p1b: Electabuzz|58/100
|
|-weather|SunnyDay|[upkeep]
|-heal|p2a: Indeedee|75/100|[from] item: Leftovers
|upkeep
|turn|2
|
|t:|1756360398
|-terastallize|p1a: Gholdengo|Water
|move|p1b: Electabuzz|Electroweb|p2a: Indeedee|[spread] p2a
|-miss|p1b: Electabuzz|p2b: Torkoal
|-damage|p2a: Indeedee|64/100
|-unboost|p2a: Indeedee|spe|1
|move|p1a: Gholdengo|Nasty Plot|p1a: Gholdengo
|-boost|p1a: Gholdengo|spa|2
|move|p2a: Indeedee|Psyshock|p1b: Electabuzz
|-damage|p1b: Electabuzz|20/100
|move|p2b: Torkoal|Earthquake|p1a: Gholdengo|[spread] p2a,p1a,p1b
|-supereffective|p1b: Electabuzz
|-damage|p2a: Indeedee|35/100
|-damage|p1a: Gholdengo|81/100
|-damage|p1b: Electabuzz|0 fnt
|faint|p1b: Electabuzz
|
|-weather|SunnyDay|[upkeep]
|-heal|p1a: Gholdengo|88/100|[from] item: Leftovers
|-heal|p2a: Indeedee|41/100|[from] item: Leftovers
|upkeep
|inactive|ghold medal has 30 seconds left.
|
|t:|1756360428
|switch|p1b: Incineroar|Incineroar, L50, M, shiny|100/100
|-ability|p1b: Incineroar|Intimidate|boost
|-unboost|p2a: Indeedee|atk|1
|-unboost|p2b: Torkoal|atk|1
|turn|3
|
|t:|1756360441
|move|p1a: Gholdengo|Shadow Ball|p2b: Torkoal
|-damage|p2b: Torkoal|0 fnt
|faint|p2b: Torkoal
|move|p1b: Incineroar|Knock Off|p2a: Indeedee
|-supereffective|p2a: Indeedee
|-damage|p2a: Indeedee|0 fnt
|-enditem|p2a: Indeedee|Leftovers|[from] move: Knock Off|[of] p1b: Incineroar
|faint|p2a: Indeedee
|
|-weather|SunnyDay|[upkeep]
|-heal|p1a: Gholdengo|94/100|[from] item: Leftovers
|upkeep
|
|t:|1756360447
|switch|p2a: Decidueye|Decidueye-Hisui, L50, F|100/100
|switch|p2b: Arboliva|Arboliva, L50, M|100/100
|turn|4
|inactive|ghold medal has 30 seconds left.
|inactive|eeveeyon has 30 seconds left.
|
|t:|1756360477
|move|p1a: Gholdengo|Make It Rain|p2a: Decidueye|[spread] p2a,p2b
|-damage|p2a: Decidueye|16/100
|-damage|p2b: Arboliva|19/100
|-unboost|p1a: Gholdengo|spa|1
|-fieldstart|move: Grassy Terrain|[from] ability: Seed Sower|[of] p2b: Arboliva
|-enditem|p2b: Arboliva|Grassy Seed
|-boost|p2b: Arboliva|def|1|[from] item: Grassy Seed
|move|p1b: Incineroar|Flare Blitz|p2a: Decidueye
|-supereffective|p2a: Decidueye
|-damage|p2a: Decidueye|0 fnt
|faint|p2a: Decidueye
|-damage|p1b: Incineroar|95/100|[from] Recoil
|move|p2b: Arboliva|Dazzling Gleam|p1b: Incineroar|[spread] p1a,p1b
|-damage|p1a: Gholdengo|73/100
|-damage|p1b: Incineroar|74/100
|
|-weather|SunnyDay|[upkeep]
|-heal|p1a: Gholdengo|79/100|[from] Grassy Terrain
|-heal|p1a: Gholdengo|85/100|[from] item: Leftovers
|-heal|p1b: Incineroar|80/100|[from] Grassy Terrain
|-heal|p2b: Arboliva|25/100|[from] Grassy Terrain
|upkeep
|turn|5
|
|t:|1756360492
|move|p1a: Gholdengo|Make It Rain|p2b: Arboliva
|-damage|p2b: Arboliva|0 fnt
|-unboost|p1a: Gholdengo|spa|1
|faint|p2b: Arboliva
|
|win|ghold medal
