|j|☆Maxblueface
|j|☆tuckered out1
|html|Maxbluefacetuckered out1    
|uhtml|bestof|Game 2 of a best-of-3
|t:|1756447728
|gametype|doubles
|player|p1|Maxblueface|170|1001
|player|p2|tuckered out1|gentleman-gen4|1054
|gen|9
|tier|[Gen 9] VGC 2025 Reg H (Bo3)
|rated|
|rule|Species Clause: Limit one of each Pokémon
|rule|Item Clause: Limit 1 of each item
|clearpoke
|poke|p1|Annihilape, L50, M|
|poke|p1|Whimsicott, L50, F|
|poke|p1|Garchomp, L50, F|
|poke|p1|Clefable, L50, M|
|poke|p1|Hydreigon, L50, M|
|poke|p1|Gholdengo, L50|
|poke|p2|Ninetales-Alola, L50, M|
|poke|p2|Sandslash-Alola, L50, F|
|poke|p2|Bronzong, L50|
|poke|p2|Blastoise, L50, M|
|poke|p2|Camerupt, L50, F|
|poke|p2|Amoonguss, L50, M|
|teampreview|4
|showteam|p1|Annihilape||SafetyGoggles|Defiant|Protect,BulkUp,DrainPunch,RageFist|||M|||50|,,,,,Water]Whimsicott||FocusSash|Prankster|SunnyDay,Encore,Tailwind,Moonblast|||F|||50|,,,,,Ghost]Garchomp||LifeOrb|RoughSkin|Protect,RockSlide,DragonClaw,Earthquake|||F|||50|,,,,,Steel]Clefable||SitrusBerry|Unaware|Protect,FollowMe,MistyTerrain,Moonblast|||M|||50|,,,,,Water]Hydreigon||ChoiceSpecs|Levitate|HeatWave,Uturn,DarkPulse,DracoMeteor|||M|||50|,,,,,Fire]Gholdengo||MetalCoat|GoodasGold|Protect,NastyPlot,ShadowBall,MakeItRain||||||50|,,,,,Steel
|showteam|p2|Ninetales-Alola||FocusSash|SnowWarning|AuroraVeil,Protect,Blizzard,DazzlingGleam|||M|||50|,,,,,Fairy]Sandslash-Alola||ClearAmulet|SlushRush|IronHead,Earthquake,TripleAxel,KnockOff|||F|||50|,,,,,Steel]Bronzong||OccaBerry|Levitate|GyroBall,Protect,Bulldoze,TrickRoom||||||50|,,,,,Grass]Blastoise||WhiteHerb|Torrent|ShellSmash,WaterSpout,Protect,HydroPump|||M|||50|,,,,,Water]Camerupt||WeaknessPolicy|SolidRock|Eruption,Protect,EarthPower,HeatWave|||F|||50|,,,,,Fairy]Amoonguss||CovertCloak|Regenerator|Spore,PollenPuff,Protect,RagePowder|||M|||50|,,,,,Water
|inactive|Battle timer is ON: inactive players will automatically lose when time's up. (requested by tuckered out1)
|
|t:|1756447740
|teamsize|p1|4
|teamsize|p2|4
|start
|switch|p1a: Clefable|Clefable, L50, M|100/100
|switch|p1b: Hydreigon|Hydreigon, L50, M|100/100
|switch|p2a: Ninetales|Ninetales-Alola, L50, M|100/100
|switch|p2b: Sandslash|Sandslash-Alola, L50, F|100/100
|-weather|Snowscape|[from] ability: Snow Warning|[of] p2a: Ninetales
|turn|1
|
|t:|1756447756
|-terastallize|p1b: Hydreigon|Fire
|move|p1a: Clefable|Follow Me|p1a: Clefable
|-singleturn|p1a: Clefable|move: Follow Me
|move|p2b: Sandslash|Triple Axel|p1a: Clefable
|-damage|p1a: Clefable|93/100
|-damage|p1a: Clefable|77/100
|-damage|p1a: Clefable|56/100
|-hitcount|p1a: Clefable|3
|move|p2a: Ninetales|Blizzard|p1b: Hydreigon|[spread] p1a,p1b
|-resisted|p1b: Hydreigon
|-damage|p1a: Clefable|25/100
|-damage|p1b: Hydreigon|83/100
|-enditem|p1a: Clefable|Sitrus Berry|[eat]
|-heal|p1a: Clefable|50/100|[from] item: Sitrus Berry
|move|p1b: Hydreigon|Heat Wave|p2b: Sandslash|[spread] p2a,p2b
|-supereffective|p2a: Ninetales
|-supereffective|p2b: Sandslash
|-crit|p2b: Sandslash
|-enditem|p2a: Ninetales|Focus Sash
|-damage|p2a: Ninetales|1/100
|-damage|p2b: Sandslash|0 fnt
|faint|p2b: Sandslash
|
|-weather|Snowscape|[upkeep]
|upkeep
|
|t:|1756447773
|switch|p2b: Amoonguss|Amoonguss, L50, M|100/100
|turn|2
|
|t:|1756447787
|move|p2b: Amoonguss|Protect|p2b: Amoonguss
|-singleturn|p2b: Amoonguss|Protect
|move|p1a: Clefable|Follow Me|p1a: Clefable
|-singleturn|p1a: Clefable|move: Follow Me
|move|p2a: Ninetales|Aurora Veil|p2a: Ninetales
|-sidestart|p2: tuckered out1|move: Aurora Veil
|move|p1b: Hydreigon|Heat Wave|p2b: Amoonguss|[spread] p2a
|-activate|p2b: Amoonguss|move: Protect
|-supereffective|p2a: Ninetales
|-damage|p2a: Ninetales|0 fnt
|faint|p2a: Ninetales
|
|-weather|Snowscape|[upkeep]
|upkeep
|
|t:|1756447797
|switch|p2a: Blastoise|Blastoise, L50, M|100/100
|turn|3
|
|t:|1756447820
|switch|p1b: Whimsicott|Whimsicott, L50, F|100/100
|switch|p1a: Annihilape|Annihilape, L50, M|100/100
|-terastallize|p2b: Amoonguss|Water
|move|p2a: Blastoise|Shell Smash|p2a: Blastoise
|-unboost|p2a: Blastoise|def|1
|-unboost|p2a: Blastoise|spd|1
|-boost|p2a: Blastoise|atk|2
|-boost|p2a: Blastoise|spa|2
|-boost|p2a: Blastoise|spe|2
|-enditem|p2a: Blastoise|White Herb
|-clearnegativeboost|p2a: Blastoise|[silent]
|move|p2b: Amoonguss|Spore|p1b: Whimsicott
|-immune|p1b: Whimsicott
|
|-weather|Snowscape|[upkeep]
|upkeep
|turn|4
|inactive|Maxblueface has 30 seconds left.
|inactive|tuckered out1 has 30 seconds left.
|inactive|Maxblueface has 20 seconds left.
|inactive|Maxblueface has 15 seconds left.
|inactive|Maxblueface has 10 seconds left.
|
|t:|1756447867
|move|p1b: Whimsicott|Encore|p2a: Blastoise
|-start|p2a: Blastoise|Encore
|move|p2a: Blastoise|Shell Smash|p2a: Blastoise
|-unboost|p2a: Blastoise|def|1
|-unboost|p2a: Blastoise|spd|1
|-boost|p2a: Blastoise|atk|2
|-boost|p2a: Blastoise|spa|2
|-boost|p2a: Blastoise|spe|2
|move|p1a: Annihilape|Drain Punch|p2a: Blastoise
|-crit|p2a: Blastoise
|-damage|p2a: Blastoise|40/100
|move|p2b: Amoonguss|Pollen Puff|p2a: Blastoise
|-heal|p2a: Blastoise|89/100
|
|-weather|Snowscape|[upkeep]
|upkeep
|turn|5
|inactive|Maxblueface has 30 seconds left.
|
|t:|1756447894
|move|p1b: Whimsicott|Sunny Day|p1b: Whimsicott
|-weather|SunnyDay
|move|p2a: Blastoise|Shell Smash|p2a: Blastoise
|-unboost|p2a: Blastoise|def|1
|-unboost|p2a: Blastoise|spd|1
|-boost|p2a: Blastoise|atk|2
|-boost|p2a: Blastoise|spa|2
|-boost|p2a: Blastoise|spe|2
|move|p1a: Annihilape|Drain Punch|p2a: Blastoise
|-damage|p2a: Blastoise|47/100
|move|p2b: Amoonguss|Pollen Puff|p2a: Blastoise
|-heal|p2a: Blastoise|97/100
|
|-weather|SunnyDay|[upkeep]
|upkeep
|turn|6
|j| Hackervgc
|
|t:|1756447917
|move|p2a: Blastoise|Shell Smash|p2a: Blastoise
|-unboost|p2a: Blastoise|def|1
|-unboost|p2a: Blastoise|spd|1
|-boost|p2a: Blastoise|atk|0
|-boost|p2a: Blastoise|spa|0
|-boost|p2a: Blastoise|spe|0
|move|p1b: Whimsicott|Moonblast|p2b: Amoonguss
|-damage|p2b: Amoonguss|82/100
|move|p1a: Annihilape|Bulk Up|p1a: Annihilape
|-boost|p1a: Annihilape|atk|1
|-boost|p1a: Annihilape|def|1
|move|p2b: Amoonguss|Pollen Puff|p2a: Blastoise
|-heal|p2a: Blastoise|100/100
|
|-weather|SunnyDay|[upkeep]
|-end|p2a: Blastoise|Encore
|-sideend|p2: tuckered out1|move: Aurora Veil
|upkeep
|turn|7
|inactive|tuckered out1 has 30 seconds left.
|
|t:|1756447947
|move|p2a: Blastoise|Protect|p2a: Blastoise
|-singleturn|p2a: Blastoise|Protect
|move|p1b: Whimsicott|Encore|p2a: Blastoise
|-activate|p2a: Blastoise|move: Protect
|move|p1a: Annihilape|Bulk Up|p1a: Annihilape
|-boost|p1a: Annihilape|atk|1
|-boost|p1a: Annihilape|def|1
|move|p2b: Amoonguss|Pollen Puff|p1b: Whimsicott
|-damage|p1b: Whimsicott|66/100
|
|-weather|SunnyDay|[upkeep]
|upkeep
|turn|8
|
|t:|1756447963
|move|p1b: Whimsicott|Encore|p2a: Blastoise
|-start|p2a: Blastoise|Encore
|move|p2a: Blastoise|Protect||[still]
|-fail|p2a: Blastoise
|move|p1a: Annihilape|Bulk Up|p1a: Annihilape
|-boost|p1a: Annihilape|atk|1
|-boost|p1a: Annihilape|def|1
|move|p2b: Amoonguss|Pollen Puff|p1b: Whimsicott
|-damage|p1b: Whimsicott|27/100
|
|-weather|SunnyDay|[upkeep]
|upkeep
|turn|9
|inactive|Maxblueface has 30 seconds left.
|
|t:|1756447994
|move|p2a: Blastoise|Protect|p2a: Blastoise
|-singleturn|p2a: Blastoise|Protect
|move|p1b: Whimsicott|Moonblast|p2a: Blastoise
|-activate|p2a: Blastoise|move: Protect
|move|p1a: Annihilape|Drain Punch|p2a: Blastoise
|-activate|p2a: Blastoise|move: Protect
|move|p2b: Amoonguss|Pollen Puff|p1b: Whimsicott
|-damage|p1b: Whimsicott|0 fnt
|faint|p1b: Whimsicott
|
|-weather|none
|upkeep
|
|t:|1756447997
|switch|p1b: Hydreigon|Hydreigon, L50, M, tera:Fire|83/100
|turn|10
|
|t:|1756448012
|move|p2a: Blastoise|Protect|p2a: Blastoise
|-singleturn|p2a: Blastoise|Protect
|move|p2b: Amoonguss|Rage Powder|p2b: Amoonguss
|-singleturn|p2b: Amoonguss|move: Rage Powder
|move|p1a: Annihilape|Drain Punch|p2a: Blastoise
|-activate|p2a: Blastoise|move: Protect
|move|p1b: Hydreigon|Draco Meteor|p2b: Amoonguss|[miss]
|-miss|p1b: Hydreigon|p2b: Amoonguss
|
|-end|p2a: Blastoise|Encore
|upkeep
|turn|11
|l| Hackervgc
|
|t:|1756448029
|move|p2a: Blastoise|Water Spout|p1a: Annihilape|[spread] p1a,p1b
|-supereffective|p1b: Hydreigon
|-damage|p1a: Annihilape|0 fnt
|-damage|p1b: Hydreigon|0 fnt
|faint|p1a: Annihilape
|faint|p1b: Hydreigon
|move|p2b: Amoonguss|Pollen Puff|p1: Annihilape|[notarget]
|-fail|p2b: Amoonguss
|
|upkeep
|
|t:|1756448048
|switch|p1b: Clefable|Clefable, L50, M|50/100
|turn|12
|
|t:|1756448055
|move|p2a: Blastoise|Water Spout|p1b: Clefable
|-damage|p1b: Clefable|0 fnt
|faint|p1b: Clefable
|
|win|tuckered out1
