|j|☆antar86
|html|exessvgcantar86    
|uhtml|bestof|Game 3 of a best-of-3
|t:|1782311360
|gametype|doubles
|player|p1|exessvgc|lucas|1119
|player|p2|antar86|170|1111
|gen|9
|tier|[Gen 9 Champions] VGC 2026 Reg M-B (Bo3)
|rated|
|rule|Species Clause: Limit one of each Pokémon
|rule|Item Clause: Limit 1 of each item
|clearpoke
|poke|p1|Blaziken, L50, M|
|poke|p1|Hydreigon, L50, M|
|poke|p1|Basculegion, L50, M|
|poke|p1|Whimsicott, L50, F|
|poke|p1|Farigiraf, L50, F|
|poke|p1|Metagross, L50|
|poke|p2|Archaludon, L50, F|
|poke|p2|Basculegion, L50, M|
|poke|p2|Pelipper, L50, F|
|poke|p2|Scizor, L50, M|
|poke|p2|Dragonite, L50, M|
|poke|p2|Incineroar, L50, F|
|teampreview|4
|showteam|p1|Blaziken||Blazikenite|SpeedBoost|Detect,RockSlide,CloseCombat,FlareBlitz|Jolly||M|||50|]Hydreigon||ChoiceScarf|Levitate|DracoMeteor,Snarl,EarthPower,DarkPulse|Timid||M|||50|]Basculegion||LifeOrb|Adaptability|Protect,WaveCrash,LastRespects,AquaJet|Adamant||M|||50|]Whimsicott||FocusSash|Prankster|Protect,Moonblast,EnergyBall,Tailwind|Timid||F|||50|]Farigiraf||SitrusBerry|ArmorTail|Psychic,Thunderbolt,Roar,TrickRoom|Quiet||F|||50|]Metagross||Metagrossite|ClearBody|Protect,PsychicFangs,IronHead,StompingTantrum|Brave|||||50|
|showteam|p2|Archaludon||ChopleBerry|Stamina|ElectroShot,Protect,DragonPulse,AuraSphere|Timid||F|||50|]Basculegion||ChoiceScarf|Adaptability|WaveCrash,FlipTurn,LastRespects,AquaJet|Jolly||M|||50|]Pelipper||FocusSash|Drizzle|Hurricane,Protect,Tailwind,WeatherBall|Modest||F|||50|]Scizor||Scizorite|Technician|BulletPunch,SwordsDance,Protect,CloseCombat|Adamant||M|||50|]Dragonite||Dragoninite|Multiscale|DragonPulse,Flamethrower,Tailwind,Protect|Modest||M|||50|]Incineroar||SitrusBerry|Intimidate|PartingShot,FakeOut,FlareBlitz,ThroatChop|Adamant||F|||50|
|inactive|Battle timer is ON: inactive players will automatically lose when time's up. (requested by antar86)
|inactive|exessvgc disconnected and has a minute to reconnect!
|inactive|exessvgc has 30 seconds to reconnect!
|inactive|exessvgc has 20 seconds to reconnect!
|inactive|exessvgc has 15 seconds to reconnect!
|inactive|exessvgc has 10 seconds to reconnect!
|j|☆exessvgc
|inactive|exessvgc reconnected and has 40 seconds left.
|player|p1|exessvgc|lucas|
|inactive|exessvgc has 30 seconds left.
|
|t:|1782311499
|teamsize|p1|4
|teamsize|p2|4
|start
|switch|p1a: Hydreigon|Hydreigon, L50, M|100/100
|switch|p1b: Whimsicott|Whimsicott, L50, F|100/100
|switch|p2a: Incineroar|Incineroar, L50, F|100/100
|switch|p2b: Basculegion|Basculegion, L50, M|100/100
|-ability|p2a: Incineroar|Intimidate|boost
|-unboost|p1a: Hydreigon|atk|1
|-unboost|p1b: Whimsicott|atk|1
|turn|1
|
|t:|1782311523
|move|p2a: Incineroar|Fake Out|p1a: Hydreigon
|-damage|p1a: Hydreigon|83/100
|move|p1b: Whimsicott|Tailwind|p1b: Whimsicott
|-sidestart|p1: exessvgc|move: Tailwind
|cant|p1a: Hydreigon|flinch
|move|p2b: Basculegion|Flip Turn|p1b: Whimsicott
|-resisted|p1b: Whimsicott|1
|-damage|p1b: Whimsicott|73/100
|
|t:|1782311536
|switch|p2b: Archaludon|Archaludon, L50, F|100/100|[from] Flip Turn
|
|upkeep
|turn|2
|
|t:|1782311557
|move|p1a: Hydreigon|Earth Power|p2a: Incineroar
|-supereffective|p2a: Incineroar|1
|-damage|p2a: Incineroar|42/100
|-enditem|p2a: Incineroar|Sitrus Berry|[eat]
|-heal|p2a: Incineroar|67/100|[from] item: Sitrus Berry
|move|p1b: Whimsicott|Moonblast|p2a: Incineroar
|-damage|p2a: Incineroar|34/100
|move|p2b: Archaludon|Dragon Pulse|p1a: Hydreigon
|-supereffective|p1a: Hydreigon|1
|-damage|p1a: Hydreigon|0 fnt
|faint|p1a: Hydreigon
|move|p2a: Incineroar|Flare Blitz|p1b: Whimsicott
|-supereffective|p1b: Whimsicott|1
|-damage|p1b: Whimsicott|0 fnt
|faint|p1b: Whimsicott
|-damage|p2a: Incineroar|17/100|[from] Recoil
|
|upkeep
|
|t:|1782311565
|switch|p1b: Basculegion|Basculegion, L50, M|100/100
|switch|p1a: Metagross|Metagross, L50|100/100
|turn|3
|inactive|exessvgc has 30 seconds left.
|inactive|exessvgc has 20 seconds left.
|
|t:|1782311603
|move|p1b: Basculegion|Protect|p1b: Basculegion
|-singleturn|p1b: Basculegion|Protect
|move|p1a: Metagross|Protect|p1a: Metagross
|-singleturn|p1a: Metagross|Protect
|move|p2b: Archaludon|Electro Shot||[still]
|-prepare|p2b: Archaludon|Electro Shot
|-boost|p2b: Archaludon|spa|1
|move|p2a: Incineroar|Parting Shot|p1a: Metagross
|-activate|p1a: Metagross|move: Protect
|
|upkeep
|turn|4
|
|t:|1782311624
|move|p1b: Basculegion|Last Respects|p2b: Archaludon
|-damage|p2b: Archaludon|0 fnt
|faint|p2b: Archaludon
|-damage|p1b: Basculegion|90/100|[from] item: Life Orb
|move|p1a: Metagross|Stomping Tantrum|p2a: Incineroar
|-supereffective|p2a: Incineroar|1
|-crit|p2a: Incineroar
|-damage|p2a: Incineroar|0 fnt
|faint|p2a: Incineroar
|
|-sideend|p1: exessvgc|move: Tailwind
|upkeep
|
|t:|1782311638
|switch|p2b: Basculegion|Basculegion, L50, M|100/100
|switch|p2a: Pelipper|Pelipper, L50, F|100/100
|-weather|RainDance|[from] ability: Drizzle|[of] p2a: Pelipper
|turn|5
|inactive|exessvgc has 30 seconds left.
|
|t:|1782311670
|detailschange|p1a: Metagross|Metagross-Mega, L50
|-mega|p1a: Metagross|Metagross|Metagrossite
|move|p1b: Basculegion|Protect|p1b: Basculegion
|-singleturn|p1b: Basculegion|Protect
|move|p2b: Basculegion|Last Respects|p1b: Basculegion
|-activate|p1b: Basculegion|move: Protect
|move|p1a: Metagross|Psychic Fangs|p2b: Basculegion
|-damage|p2b: Basculegion|11/100
|move|p2a: Pelipper|Tailwind|p2a: Pelipper
|-sidestart|p2: antar86|move: Tailwind
|
|-weather|RainDance|[upkeep]
|upkeep
|turn|6
|inactive|antar86 has 30 seconds left.
|
|t:|1782311699
|move|p1b: Basculegion|Aqua Jet|p2b: Basculegion
|-resisted|p2b: Basculegion|1
|-damage|p2b: Basculegion|0 fnt
|faint|p2b: Basculegion
|-damage|p1b: Basculegion|80/100|[from] item: Life Orb
|move|p2a: Pelipper|Hurricane|p1b: Basculegion
|-damage|p1b: Basculegion|29/100
|-start|p1b: Basculegion|confusion
|move|p1a: Metagross|Psychic Fangs|p2a: Pelipper
|-damage|p2a: Pelipper|16/100
|
|-weather|RainDance|[upkeep]
|upkeep
|turn|7
|
|t:|1782311714
|move|p2a: Pelipper|Hurricane|p1b: Basculegion
|-damage|p1b: Basculegion|0 fnt
|faint|p1b: Basculegion
|move|p1a: Metagross|Psychic Fangs|p2a: Pelipper
|-damage|p2a: Pelipper|0 fnt
|faint|p2a: Pelipper
|
|win|exessvgc
|raw|exessvgc's rating: 1119 → 1143(+24 for winning)
|raw|antar86's rating: 1111 → 1087(-24 for losing)
