|j|☆viva las vgc
|j|☆Aotius
|html|viva las vgcAotius    
|uhtml|bestof|Game 1 of a best-of-3
|t:|1757724532
|gametype|doubles
|player|p1|viva las vgc|170|1215
|player|p2|Aotius|170|1132
|gen|9
|tier|[Gen 9] VGC 2025 Reg H (Bo3)
|rated|
|rule|Species Clause: Limit one of each Pokémon
|rule|Item Clause: Limit 1 of each item
|clearpoke
|poke|p1|Klefki, L50, M|
|poke|p1|Annihilape, L50, F|
|poke|p1|Politoed, L50, M|
|poke|p1|Archaludon, L50, F|
|poke|p1|Sinistcha, L50|
|poke|p1|Overqwil, L50, M|
|poke|p2|Gholdengo, L50|
|poke|p2|Sneasler, L50, M|
|poke|p2|Rillaboom, L50, F|
|poke|p2|Dragonite, L50, M|
|poke|p2|Ninetales-Alola, L50, M|
|poke|p2|Arcanine-Hisui, L50, M|
|teampreview|4
|showteam|p1|Klefki||LightClay|Prankster|DazzlingGleam,LightScreen,Reflect,MistyTerrain|||M|||50|,,,,,Ghost]Annihilape||MistySeed|Defiant|DrainPunch,RageFist,BulkUp,Protect|||F|||50|,,,,,Water]Politoed||ChoiceSpecs|Drizzle|MuddyWater,WeatherBall,EarthPower,IceBeam|||M|||50|,,,,,Grass]Archaludon||AssaultVest|Stamina|ElectroShot,DragonPulse,FlashCannon,BodyPress|||F|||50|,,,,,Bug]Sinistcha||SitrusBerry|Hospitality|MatchaGotcha,LifeDew,RagePowder,TrickRoom||||||50|,,,,,Dark]Overqwil||CovertCloak|SwiftSwim|AcidSpray,ThroatChop,GunkShot,IcyWind|||M|||50|,,,,,Flying
|showteam|p2|Gholdengo||GrassySeed|GoodasGold|NastyPlot,MakeItRain,ShadowBall,Protect||||||50|,,,,,Water]Sneasler||WhiteHerb|Unburden|CloseCombat,DireClaw,Coaching,Protect|||M|||50|,,,,,Ghost]Rillaboom||AssaultVest|GrassySurge|FakeOut,GrassyGlide,DrumBeating,HighHorsepower|||F|||50|,,,,,Fire]Dragonite||LoadedDice|Multiscale|ScaleShot,StompingTantrum,Tailwind,Protect|||M|||50|,,,,,Ground]Ninetales-Alola||FocusSash|SnowWarning|Blizzard,IcyWind,Encore,AuroraVeil|||M|||50|,,,,,Ghost]Arcanine-Hisui||ClearAmulet|Intimidate|RockSlide,FlareBlitz,ExtremeSpeed,Protect|||M|||50|,,,,,Water
|inactive|Battle timer is ON: inactive players will automatically lose when time's up. (requested by Aotius)
|inactive|viva las vgc has 60 seconds left.
|inactive|Aotius has 60 seconds left.
|
|t:|1757724592
|teamsize|p1|4
|teamsize|p2|4
|start
|switch|p1a: Politoed|Politoed, L50, M, shiny|100/100
|switch|p1b: Luna|Overqwil, L50, M, shiny|100/100
|switch|p2a: Sneasler|Sneasler, L50, M|100/100
|switch|p2b: Dragonite|Dragonite, L50, M|100/100
|-weather|RainDance|[from] ability: Drizzle|[of] p1a: Politoed
|turn|1
|inactive|viva las vgc has 30 seconds left.
|
|t:|1757724620
|switch|p2b: Ninetales|Ninetales-Alola, L50, M|100/100
|-weather|Snowscape|[from] ability: Snow Warning|[of] p2b: Ninetales
|move|p2a: Sneasler|Dire Claw|p1a: Politoed
|-damage|p1a: Politoed|52/100
|move|p1b: Luna|Icy Wind|p2a: Sneasler|[spread] p2a,p2b
|-resisted|p2b: Ninetales
|-damage|p2a: Sneasler|93/100
|-damage|p2b: Ninetales|97/100
|-unboost|p2a: Sneasler|spe|1
|-unboost|p2b: Ninetales|spe|1
|-enditem|p2a: Sneasler|White Herb
|-clearnegativeboost|p2a: Sneasler|[silent]
|move|p1a: Politoed|Ice Beam|p2b: Ninetales
|-resisted|p2b: Ninetales
|-damage|p2b: Ninetales|72/100
|
|-weather|Snowscape|[upkeep]
|upkeep
|turn|2
|
|t:|1757724644
|switch|p1a: Archaludon|Archaludon, L50, F|100/100
|move|p2a: Sneasler|Close Combat|p1a: Archaludon
|-supereffective|p1a: Archaludon
|-damage|p1a: Archaludon|14/100
|-unboost|p2a: Sneasler|def|1
|-unboost|p2a: Sneasler|spd|1
|-ability|p1a: Archaludon|Stamina|boost
|-boost|p1a: Archaludon|def|1
|move|p1b: Luna|Gunk Shot|p2b: Ninetales
|-supereffective|p2b: Ninetales
|-damage|p2b: Ninetales|0 fnt
|faint|p2b: Ninetales
|
|-weather|Snowscape|[upkeep]
|upkeep
|
|t:|1757724656
|switch|p2b: Dragonite|Dragonite, L50, M|100/100
|turn|3
|
|t:|1757724666
|move|p2a: Sneasler|Close Combat|p1b: Luna
|-damage|p1b: Luna|39/100
|-unboost|p2a: Sneasler|def|1
|-unboost|p2a: Sneasler|spd|1
|move|p1b: Luna|Gunk Shot|p2a: Sneasler
|-resisted|p2a: Sneasler
|-damage|p2a: Sneasler|20/100
|move|p1a: Archaludon|Dragon Pulse|p2b: Dragonite
|-supereffective|p2b: Dragonite
|-damage|p2b: Dragonite|62/100
|move|p2b: Dragonite|Scale Shot|p1a: Archaludon
|-damage|p1a: Archaludon|8/100
|-ability|p1a: Archaludon|Stamina|boost
|-boost|p1a: Archaludon|def|1
|-damage|p1a: Archaludon|3/100
|-ability|p1a: Archaludon|Stamina|boost
|-boost|p1a: Archaludon|def|1
|-damage|p1a: Archaludon|0 fnt
|faint|p1a: Archaludon
|-hitcount|p1: Archaludon|3
|-unboost|p2b: Dragonite|def|1
|-boost|p2b: Dragonite|spe|1
|
|-weather|Snowscape|[upkeep]
|upkeep
|
|t:|1757724684
|switch|p1a: Sinistcha|Sinistcha, L50|100/100
|-heal|p1b: Luna|64/100|[from] ability: Hospitality|[of] p1a: Sinistcha
|turn|4
|
|t:|1757724708
|move|p1a: Sinistcha|Rage Powder|p1a: Sinistcha
|-singleturn|p1a: Sinistcha|move: Rage Powder
|move|p2a: Sneasler|Coaching|p2b: Dragonite
|-boost|p2b: Dragonite|atk|1
|-boost|p2b: Dragonite|def|1
|move|p2b: Dragonite|Scale Shot|p1a: Sinistcha
|-damage|p1a: Sinistcha|83/100
|-damage|p1a: Sinistcha|64/100
|-damage|p1a: Sinistcha|47/100
|-enditem|p1a: Sinistcha|Sitrus Berry|[eat]
|-heal|p1a: Sinistcha|72/100|[from] item: Sitrus Berry
|-damage|p1a: Sinistcha|55/100
|-hitcount|p1a: Sinistcha|4
|-unboost|p2b: Dragonite|def|1
|-boost|p2b: Dragonite|spe|1
|move|p1b: Luna|Throat Chop|p2a: Sneasler
|-resisted|p2a: Sneasler
|-damage|p2a: Sneasler|0 fnt
|faint|p2a: Sneasler
|
|-weather|Snowscape|[upkeep]
|upkeep
|
|t:|1757724724
|switch|p2a: Rillaboom|Rillaboom, L50, F|100/100
|-fieldstart|move: Grassy Terrain|[from] ability: Grassy Surge|[of] p2a: Rillaboom
|turn|5
|inactive|viva las vgc has 30 seconds left.
|inactive|Aotius has 30 seconds left.
|
|t:|1757724750
|-terastallize|p2a: Rillaboom|Fire
|move|p1a: Sinistcha|Rage Powder|p1a: Sinistcha
|-singleturn|p1a: Sinistcha|move: Rage Powder
|move|p2b: Dragonite|Scale Shot|p1a: Sinistcha|[miss]
|-miss|p2b: Dragonite|p1a: Sinistcha
|move|p2a: Rillaboom|High Horsepower|p1a: Sinistcha
|-resisted|p1a: Sinistcha
|-damage|p1a: Sinistcha|44/100
|move|p1b: Luna|Gunk Shot|p2a: Rillaboom
|-damage|p2a: Rillaboom|39/100
|
|-weather|none
|-heal|p2a: Rillaboom|44/100|[from] Grassy Terrain
|-heal|p1b: Luna|70/100|[from] Grassy Terrain
|-heal|p1a: Sinistcha|50/100|[from] Grassy Terrain
|upkeep
|turn|6
|inactive|viva las vgc has 30 seconds left.
|
|t:|1757724777
|-terastallize|p1b: Luna|Flying
|move|p1a: Sinistcha|Rage Powder|p1a: Sinistcha
|-singleturn|p1a: Sinistcha|move: Rage Powder
|move|p2b: Dragonite|Scale Shot|p1a: Sinistcha
|-damage|p1a: Sinistcha|31/100
|-damage|p1a: Sinistcha|16/100
|-damage|p1a: Sinistcha|0 fnt
|faint|p1a: Sinistcha
|-hitcount|p1: Sinistcha|3
|-unboost|p2b: Dragonite|def|1
|-boost|p2b: Dragonite|spe|1
|move|p2a: Rillaboom|High Horsepower|p1b: Luna
|-immune|p1b: Luna
|move|p1b: Luna|Throat Chop|p2b: Dragonite
|-damage|p2b: Dragonite|0 fnt
|faint|p2b: Dragonite
|
|-heal|p2a: Rillaboom|50/100|[from] Grassy Terrain
|upkeep
|
|t:|1757724782
|switch|p1a: Politoed|Politoed, L50, M, shiny|52/100
|-weather|RainDance|[from] ability: Drizzle|[of] p1a: Politoed
|turn|7
|
|t:|1757724787
|move|p2a: Rillaboom|Grassy Glide|p1a: Politoed
|-supereffective|p1a: Politoed
|-damage|p1a: Politoed|0 fnt
|faint|p1a: Politoed
|move|p1b: Luna|Throat Chop|p2a: Rillaboom
|-damage|p2a: Rillaboom|14/100
|-start|p2a: Rillaboom|Throat Chop|[silent]
|
|-weather|RainDance|[upkeep]
|-heal|p2a: Rillaboom|20/100|[from] Grassy Terrain
|upkeep
|turn|8
|
|t:|1757724795
|move|p1b: Luna|Throat Chop|p2a: Rillaboom
|-damage|p2a: Rillaboom|0 fnt
|faint|p2a: Rillaboom
|
|win|viva las vgc
||viva las vgc is ready for game 2.
||Aotius is ready for game 2.
|uhtml|next|Next: Game 2 of 3
