|j|☆30YrOldOPMEnjoyer
|j|☆jaymoo
|html|30YrOldOPMEnjoyerjaymoo    
|uhtml|bestof|Game 1 of a best-of-3
|t:|1783906094
|gametype|doubles
|player|p1|30YrOldOPMEnjoyer|101|
|player|p2|jaymoo|schoolkid-gen4|
|gen|9
|tier|[Gen 9 Champions] VGC 2026 Reg M-B (Bo3)
|rule|Species Clause: Limit one of each Pokémon
|rule|Item Clause: Limit 1 of each item
|clearpoke
|poke|p1|Tyranitar, L50, F|
|poke|p1|Excadrill, L50, F|
|poke|p1|Garchomp, L50, M|
|poke|p1|Sableye, L50, M|
|poke|p1|Glimmora, L50, F|
|poke|p1|Hydreigon, L50, F|
|poke|p2|Froslass, L50, F|
|poke|p2|Scrafty, L50, F|
|poke|p2|Azumarill, L50, F|
|poke|p2|Scovillain, L50, F|
|poke|p2|Rotom-Wash, L50|
|poke|p2|Sneasler, L50, F|
|teampreview|4
|showteam|p1|Tyranitar||Tyranitarite|SandStream|KnockOff,LowKick,Protect,RockTomb|Adamant||F|||50|]Excadrill||FocusSash|MoldBreaker|Earthquake,IronHead,RockSlide,Protect|Adamant||F|||50|]Garchomp||LifeOrb|SandVeil|DragonClaw,Earthquake,Protect,RockSlide|Jolly||M|||50|]Sableye||Leftovers|Prankster|Safeguard,FoulPlay,LightScreen,WillOWisp|Calm||M|||50|]Glimmora||Glimmoranite|ToxicDebris|PowerGem,SludgeBomb,SpikyShield,EarthPower|Timid||F|||50|]Hydreigon||ChoiceScarf|Levitate|DarkPulse,DracoMeteor,HeatWave,Snarl|Timid||F|||50|
|showteam|p2|Froslass||Froslassite|SnowCloak|Blizzard,ShadowBall,IceShard,Protect|Naive||F|||50|]Scrafty||SitrusBerry|Intimidate|FakeOut,DrainPunch,IcePunch,KnockOff|Adamant||F|||50|]Azumarill||LifeOrb|HugePower|Liquidation,PlayRough,IceSpinner,AquaJet|Adamant||F|||50|]Scovillain||Scovillainite|Insomnia|Flamethrower,GigaDrain,Protect,RagePowder|Bold||F|||50|]Rotom-Wash||ChoiceScarf|Levitate|HydroPump,Thunderbolt,Trick,WillOWisp|Modest|||||50|]Sneasler||ShucaBerry|Pressure|FakeOut,CloseCombat,DireClaw,Protect|Adamant||F|||50|
|
|t:|1783906184
|teamsize|p1|4
|teamsize|p2|4
|start
|switch|p1a: Sableye|Sableye, L50, M|100/100
|switch|p1b: Glimmora|Glimmora, L50, F|100/100
|switch|p2a: Sneasler|Sneasler, L50, F|100/100
|switch|p2b: Rotom|Rotom-Wash, L50|100/100
|-ability|p2a: Sneasler|Pressure
|turn|1
|inactive|Battle timer is ON: inactive players will automatically lose when time's up. (requested by 30YrOldOPMEnjoyer)
|
|t:|1783906203
|detailschange|p1b: Glimmora|Glimmora-Mega, L50, F
|-mega|p1b: Glimmora|Glimmora|Glimmoranite
|move|p1b: Glimmora|Spiky Shield|p1b: Glimmora
|-singleturn|p1b: Glimmora|move: Protect
|move|p2a: Sneasler|Fake Out|p1b: Glimmora
|-activate|p1b: Glimmora|move: Protect
|-damage|p2a: Sneasler|87/100|[from] Spiky Shield|[of] p1b: Glimmora
|move|p1a: Sableye|Safeguard|p1a: Sableye
|-sidestart|p1: 30YrOldOPMEnjoyer|Safeguard
|move|p2b: Rotom|Trick|p1a: Sableye
|-activate|p2b: Rotom|move: Trick|[of] p1a: Sableye
|-item|p1a: Sableye|Choice Scarf|[from] move: Trick
|-item|p2b: Rotom|Leftovers|[from] move: Trick
|
|upkeep
|turn|2
|
|t:|1783906220
|move|p1a: Sableye|Will-O-Wisp|p2a: Sneasler
|-status|p2a: Sneasler|brn
|move|p1b: Glimmora|Sludge Bomb|p2b: Rotom
|-damage|p2b: Rotom|19/100
|move|p2a: Sneasler|Close Combat|p1b: Glimmora
|-damage|p1b: Glimmora|67/100
|-unboost|p2a: Sneasler|def|1
|-unboost|p2a: Sneasler|spd|1
|move|p2b: Rotom|Hydro Pump|p1b: Glimmora
|-supereffective|p1b: Glimmora|1
|-damage|p1b: Glimmora|0 fnt
|faint|p1b: Glimmora
|
|-heal|p2b: Rotom|25/100|[from] item: Leftovers
|-damage|p2a: Sneasler|81/100 brn|[from] brn
|upkeep
|
|t:|1783906242
|switch|p1b: Hydreigon|Hydreigon, L50, F|100/100
|turn|3
|inactive|30YrOldOPMEnjoyer has 30 seconds left.
|inactive|jaymoo has 30 seconds left.
|
|t:|1783906271
|move|p1a: Sableye|Will-O-Wisp|p2b: Rotom|[miss]
|-miss|p1a: Sableye|p2b: Rotom
|move|p1b: Hydreigon|Dark Pulse|p2b: Rotom
|-damage|p2b: Rotom|0 fnt
|faint|p2b: Rotom
|move|p2a: Sneasler|Close Combat|p1b: Hydreigon
|-supereffective|p1b: Hydreigon|1
|-damage|p1b: Hydreigon|21/100
|-unboost|p2a: Sneasler|def|1
|-unboost|p2a: Sneasler|spd|1
|
|-damage|p2a: Sneasler|75/100 brn|[from] brn
|upkeep
|
|t:|1783906283
|switch|p2b: Scrafty|Scrafty, L50, F|100/100
|-ability|p2b: Scrafty|Intimidate|boost
|-unboost|p1a: Sableye|atk|1
|-unboost|p1b: Hydreigon|atk|1
|turn|4
|inactive|jaymoo has 30 seconds left.
|
|t:|1783906310
|switch|p2b: Froslass|Froslass, L50, F|100/100
|move|p1a: Sableye|Will-O-Wisp|p2b: Froslass
|-status|p2b: Froslass|brn
|move|p1b: Hydreigon|Dark Pulse|p2a: Sneasler
|-resisted|p2a: Sneasler|1
|-damage|p2a: Sneasler|26/100 brn
|cant|p2a: Sneasler|flinch
|
|-damage|p2b: Froslass|93/100 brn|[from] brn
|-damage|p2a: Sneasler|20/100y brn|[from] brn
|upkeep
|turn|5
|inactive|jaymoo has 30 seconds left.
|inactive|jaymoo has 20 seconds left.
|inactive|jaymoo has 15 seconds left.
|inactive|jaymoo has 10 seconds left.
|
|t:|1783906357
|switch|p1a: Excadrill|Excadrill, L50, F|100/100
|-ability|p1a: Excadrill|Mold Breaker
|detailschange|p2b: Froslass|Froslass-Mega, L50, F
|-mega|p2b: Froslass|Froslass|Froslassite
|-weather|Snowscape|[from] ability: Snow Warning|[of] p2b: Froslass
|move|p1b: Hydreigon|Dark Pulse|p2a: Sneasler
|-resisted|p2a: Sneasler|1
|-damage|p2a: Sneasler|0 fnt
|faint|p2a: Sneasler
|move|p2b: Froslass|Blizzard|p1b: Hydreigon|[spread] p1a,p1b
|-supereffective|p1b: Hydreigon|1
|-damage|p1a: Excadrill|40/100
|-damage|p1b: Hydreigon|0 fnt
|faint|p1b: Hydreigon
|
|-weather|Snowscape|[upkeep]
|-damage|p2b: Froslass|87/100 brn|[from] brn
|-sideend|p1: 30YrOldOPMEnjoyer|Safeguard
|upkeep
|
|t:|1783906373
|switch|p1b: Sableye|Sableye, L50, M|100/100
|switch|p2a: Scrafty|Scrafty, L50, F|100/100
|-ability|p2a: Scrafty|Intimidate|boost
|-unboost|p1a: Excadrill|atk|1
|-unboost|p1b: Sableye|atk|1
|turn|6
|inactive|30YrOldOPMEnjoyer has 30 seconds left.
|
|t:|1783906402
|move|p1a: Excadrill|Protect|p1a: Excadrill
|-singleturn|p1a: Excadrill|Protect
|move|p2a: Scrafty|Fake Out|p1a: Excadrill
|-activate|p1a: Excadrill|move: Protect
|move|p2b: Froslass|Blizzard|p1a: Excadrill|[spread] p1b
|-activate|p1a: Excadrill|move: Protect
|-damage|p1b: Sableye|56/100
|move|p1b: Sableye|Foul Play|p2b: Froslass
|-supereffective|p2b: Froslass|1
|-damage|p2b: Froslass|25/100 brn
|
|-weather|Snowscape|[upkeep]
|-damage|p2b: Froslass|19/100 brn|[from] brn
|upkeep
|turn|7
|
|t:|1783906427
|move|p2b: Froslass|Protect|p2b: Froslass
|-singleturn|p2b: Froslass|Protect
|move|p1a: Excadrill|Rock Slide|p2a: Scrafty|[spread] 
|-activate|p2b: Froslass|move: Protect
|-miss|p1a: Excadrill|p2a: Scrafty
|move|p1b: Sableye|Foul Play|p2b: Froslass
|-activate|p2b: Froslass|move: Protect
|move|p2a: Scrafty|Drain Punch|p1a: Excadrill
|-supereffective|p1a: Excadrill|1
|-crit|p1a: Excadrill
|-damage|p1a: Excadrill|0 fnt
|faint|p1a: Excadrill
|
|-weather|Snowscape|[upkeep]
|-damage|p2b: Froslass|13/100 brn|[from] brn
|upkeep
|turn|8
|
|t:|1783906442
|move|p2b: Froslass|Blizzard|p1b: Sableye
|-damage|p1b: Sableye|0 fnt
|faint|p1b: Sableye
|
|win|jaymoo
||30YrOldOPMEnjoyer is ready for game 2.
||jaymoo is ready for game 2.
|uhtml|next|Next: Game 2 of 3
|l|☆30YrOldOPMEnjoyer
|player|p1|
