|j|☆tedidn
|j|☆IshzarkVGC
|html|tedidnIshzarkVGC    
|uhtml|bestof|Game 1 of a best-of-3
|t:|1756691114
|gametype|doubles
|player|p1|tedidn|marshal|1301
|player|p2|IshzarkVGC|n|1258
|gen|9
|tier|[Gen 9] VGC 2025 Reg H (Bo3)
|rated|
|rule|Species Clause: Limit one of each Pokémon
|rule|Item Clause: Limit 1 of each item
|clearpoke
|poke|p1|Dragonite, L50, M|
|poke|p1|Rillaboom, L50, M|
|poke|p1|Sneasler, L50, F|
|poke|p1|Volcarona, L50, M|
|poke|p1|Electabuzz, L50, M|
|poke|p1|Kingambit, L50, M|
|poke|p2|Talonflame, L50, F|
|poke|p2|Garchomp, L50, M|
|poke|p2|Primarina, L50, F|
|poke|p2|Electabuzz, L50, F|
|poke|p2|Gholdengo, L50|
|poke|p2|Tyranitar, L50, F|
|teampreview|4
|showteam|p1|Dragonite||LoadedDice|Multiscale|ScaleShot,ExtremeSpeed,Haze,Protect|||M|||50|,,,,,Normal]Rillaboom||AssaultVest|GrassySurge|WoodHammer,GrassyGlide,FakeOut,Uturn|||M|||50|,,,,,Fire]Sneasler||FocusSash|Unburden|CloseCombat,Coaching,DireClaw,FakeOut|||F|||50|,,,,,Stellar]Volcarona||GrassySeed|FlameBody|Flamethrower,QuiverDance,GigaDrain,Protect|||M|||50|,,,,,Grass]Electabuzz||Eviolite|VitalSpirit|Thunderbolt,Taunt,FollowMe,Protect|||M|||50|,,,,,Ghost]Kingambit||SafetyGoggles|Defiant|KowtowCleave,SuckerPunch,SwordsDance,Protect|||M|||50|,,,,,Dark
|showteam|p2|Talonflame||CovertCloak|GaleWings|BraveBird,FlareBlitz,WillOWisp,Tailwind|||F|||50|,,,,,Grass]Garchomp||ClearAmulet|RoughSkin|Earthquake,DragonClaw,StompingTantrum,Protect|||M|||50|,,,,,Steel]Primarina||ThroatSpray|LiquidVoice|HyperVoice,Moonblast,Haze,Protect|||F|||50|,,,,,Grass]Electabuzz||Eviolite|VitalSpirit|Electroweb,FollowMe,Taunt,Protect|||F|||50|,,,,,Fairy]Gholdengo||MetalCoat|GoodasGold|MakeItRain,ShadowBall,NastyPlot,Protect||||||50|,,,,,Water]Tyranitar||AssaultVest|SandStream|RockSlide,KnockOff,TeraBlast,LowKick|||F|||50|,,,,,Flying
|inactive|Battle timer is ON: inactive players will automatically lose when time's up. (requested by IshzarkVGC)
|inactive|tedidn also wants the timer to be on.
|inactive|tedidn has 60 seconds left.
|inactive|IshzarkVGC has 60 seconds left.
|inactive|IshzarkVGC has 30 seconds left.
|
|t:|1756691178
|teamsize|p1|4
|teamsize|p2|4
|start
|switch|p1a: Douglass|Dragonite, L50, M|100/100
|switch|p1b: Michael|Electabuzz, L50, M|100/100
|switch|p2a: Talonflame|Talonflame, L50, F|100/100
|switch|p2b: Tyranitar|Tyranitar, L50, F|100/100
|-weather|Sandstorm|[from] ability: Sand Stream|[of] p2b: Tyranitar
|turn|1
|inactive|tedidn has 30 seconds left.
|inactive|tedidn has 20 seconds left.
|inactive|tedidn has 15 seconds left.
|
|t:|1756691223
|move|p1b: Michael|Follow Me|p1b: Michael
|-singleturn|p1b: Michael|move: Follow Me
|move|p2a: Talonflame|Will-O-Wisp|p1b: Michael|[miss]
|-miss|p2a: Talonflame|p1b: Michael
|move|p1a: Douglass|Scale Shot|p2a: Talonflame
|-damage|p2a: Talonflame|80/100
|-damage|p2a: Talonflame|60/100
|-damage|p2a: Talonflame|40/100
|-damage|p2a: Talonflame|19/100
|-hitcount|p2a: Talonflame|4
|-unboost|p1a: Douglass|def|1
|-boost|p1a: Douglass|spe|1
|move|p2b: Tyranitar|Rock Slide|p1b: Michael|[spread] p1a,p1b
|-supereffective|p1a: Douglass
|-damage|p1a: Douglass|54/100
|-damage|p1b: Michael|79/100
|
|-weather|Sandstorm|[upkeep]
|-damage|p1a: Douglass|48/100|[from] Sandstorm
|-damage|p2a: Talonflame|13/100|[from] Sandstorm
|-damage|p1b: Michael|74/100|[from] Sandstorm
|upkeep
|turn|2
|
|t:|1756691242
|switch|p1b: Harambe|Rillaboom, L50, M|100/100
|-fieldstart|move: Grassy Terrain|[from] ability: Grassy Surge|[of] p1b: Harambe
|move|p1a: Douglass|Extreme Speed|p2a: Talonflame
|-damage|p2a: Talonflame|0 fnt
|faint|p2a: Talonflame
|move|p2b: Tyranitar|Rock Slide|p1a: Douglass|[spread] p1a,p1b
|-supereffective|p1a: Douglass
|-damage|p1a: Douglass|0 fnt
|-damage|p1b: Harambe|72/100
|faint|p1a: Douglass
|
|-weather|Sandstorm|[upkeep]
|-damage|p1b: Harambe|65/100|[from] Sandstorm
|-heal|p1b: Harambe|72/100|[from] Grassy Terrain
|upkeep
|
|t:|1756691255
|switch|p2a: Garchomp|Garchomp, L50, M|100/100
|switch|p1a: Tokugawa|Kingambit, L50, M|100/100
|turn|3
|inactive|IshzarkVGC has 30 seconds left.
|inactive|IshzarkVGC has 20 seconds left.
|inactive|IshzarkVGC has 15 seconds left.
|inactive|IshzarkVGC has 10 seconds left.
|
|t:|1756691303
|-terastallize|p2b: Tyranitar|Flying
|-terastallize|p1a: Tokugawa|Dark
|move|p1b: Harambe|Fake Out|p2b: Tyranitar
|-damage|p2b: Tyranitar|88/100
|move|p2a: Garchomp|Stomping Tantrum|p1a: Tokugawa
|-damage|p1a: Tokugawa|66/100
|cant|p2b: Tyranitar|flinch
|move|p1a: Tokugawa|Swords Dance|p1a: Tokugawa
|-boost|p1a: Tokugawa|atk|2
|
|-weather|Sandstorm|[upkeep]
|-damage|p1b: Harambe|65/100|[from] Sandstorm
|-damage|p2b: Tyranitar|83/100|[from] Sandstorm
|-heal|p1b: Harambe|72/100|[from] Grassy Terrain
|-heal|p1a: Tokugawa|73/100|[from] Grassy Terrain
|upkeep
|turn|4
|inactive|IshzarkVGC has 30 seconds left.
|
|t:|1756691329
|move|p1a: Tokugawa|Sucker Punch|p2b: Tyranitar
|-crit|p2b: Tyranitar
|-damage|p2b: Tyranitar|0 fnt
|faint|p2b: Tyranitar
|move|p2a: Garchomp|Dragon Claw|p1a: Tokugawa
|-damage|p1a: Tokugawa|41/100
|move|p1b: Harambe|Wood Hammer|p2a: Garchomp
|-damage|p2a: Garchomp|10/100
|-damage|p1b: Harambe|59/100|[from] ability: Rough Skin|[of] p2a: Garchomp
|-damage|p1b: Harambe|27/100|[from] Recoil
|
|-weather|Sandstorm|[upkeep]
|-damage|p1b: Harambe|21/100|[from] Sandstorm
|-heal|p2a: Garchomp|16/100|[from] Grassy Terrain
|-heal|p1b: Harambe|27/100|[from] Grassy Terrain
|-heal|p1a: Tokugawa|47/100|[from] Grassy Terrain
|upkeep
|
|t:|1756691332
|switch|p2b: Primarina|Primarina, L50, F|100/100
|turn|5
|
|t:|1756691351
|move|p2a: Garchomp|Protect|p2a: Garchomp
|-singleturn|p2a: Garchomp|Protect
|move|p1a: Tokugawa|Sucker Punch||[still]
|-fail|p1a: Tokugawa
|move|p1b: Harambe|Wood Hammer|p2b: Primarina
|-supereffective|p2b: Primarina
|-damage|p2b: Primarina|0 fnt
|faint|p2b: Primarina
|-damage|p1b: Harambe|0 fnt|[from] Recoil
|faint|p1b: Harambe
|
|-weather|none
|-heal|p2a: Garchomp|22/100|[from] Grassy Terrain
|-heal|p1a: Tokugawa|53/100|[from] Grassy Terrain
|upkeep
|-message|IshzarkVGC forfeited.
|
|win|tedidn
|l|☆IshzarkVGC
|player|p2|
