|j|☆Adongeezy22
|j|☆raineyluvsu
|html|Adongeezy22raineyluvsu    
|uhtml|bestof|Game 2 of a best-of-3
|t:|1782593832
|gametype|doubles
|player|p1|Adongeezy22|2|1000
|player|p2|raineyluvsu|1|1000
|gen|9
|tier|[Gen 9 Champions] VGC 2026 Reg M-B (Bo3)
|rated|
|rule|Species Clause: Limit one of each Pokémon
|rule|Item Clause: Limit 1 of each item
|clearpoke
|poke|p1|Dragalge, L50, M, shiny|
|poke|p1|Sinistcha, L50, shiny|
|poke|p1|Grimmsnarl, L50, M, shiny|
|poke|p1|Gholdengo, L50, shiny|
|poke|p1|Staraptor, L50, F, shiny|
|poke|p1|Incineroar, L50, F, shiny|
|poke|p2|Metagross, L50|
|poke|p2|Basculegion, L50, M|
|poke|p2|Blaziken, L50, F|
|poke|p2|Politoed, L50, F|
|poke|p2|Tsareena, L50, F|
|poke|p2|Kingambit, L50, F|
|teampreview|4
|showteam|p1|Dragalge||Dragalgite|Adaptability|SludgeBomb,DracoMeteor,ShadowBall,Protect|Modest||M|||50|]Sinistcha||SitrusBerry|Hospitality|RagePowder,MatchaGotcha,TrickRoom,LifeDew|Calm|||||50|]Grimmsnarl||LightClay|Prankster|LightScreen,PartingShot,Reflect,SpiritBreak|Calm||M|||50|]Gholdengo||LifeOrb|GoodasGold|MakeItRain,ShadowBall,Protect,NastyPlot|Modest|||||50|]Staraptor||Staraptite|Intimidate|CloseCombat,Protect,Tailwind,BraveBird|Jolly||F|||50|]Incineroar||Charcoal|Intimidate|FakeOut,DarkestLariat,FlareBlitz,PartingShot|Careful||F|||50|
|showteam|p2|Metagross||Metagrossite|ClearBody|IronHead,PsychicFangs,StompingTantrum,Protect|Jolly|||||50|]Basculegion||LifeOrb|Adaptability|WaveCrash,LastRespects,AquaJet,Protect|Jolly||M|||50|]Blaziken||FocusSash|SpeedBoost|Overheat,AuraSphere,Coaching,Detect|Modest||F|||50|]Politoed||SitrusBerry|Drizzle|WeatherBall,IceBeam,PerishSong,Protect|Bold||F|||50|]Tsareena||ChoiceScarf|QueenlyMajesty|TropKick,TripleAxel,LowKick,Uturn|Jolly||F|||50|]Kingambit||BlackGlasses|Defiant|KowtowCleave,SuckerPunch,SwordsDance,Protect|Brave||F|||50|
|inactive|Battle timer is ON: inactive players will automatically lose when time's up. (requested by raineyluvsu)
|
|t:|1782593864
|teamsize|p1|4
|teamsize|p2|4
|start
|switch|p1a: Staraptor|Staraptor, L50, F, shiny|100/100
|switch|p1b: Gholdengo|Gholdengo, L50, shiny|100/100
|switch|p2a: Metagross|Metagross, L50|100/100
|switch|p2b: Kingambit|Kingambit, L50, F|100/100
|-ability|p1a: Staraptor|Intimidate|boost
|-fail|p2a: Metagross|unboost|[from] ability: Clear Body|[of] p2a: Metagross
|-unboost|p2b: Kingambit|atk|1
|-ability|p2b: Kingambit|Defiant|boost
|-boost|p2b: Kingambit|atk|2
|turn|1
|
|t:|1782593888
|detailschange|p2a: Metagross|Metagross-Mega, L50
|-mega|p2a: Metagross|Metagross|Metagrossite
|move|p2b: Kingambit|Sucker Punch||[still]
|-fail|p2b: Kingambit
|move|p2a: Metagross|Stomping Tantrum|p1b: Gholdengo
|-supereffective|p1b: Gholdengo|1
|-damage|p1b: Gholdengo|21/100
|move|p1a: Staraptor|Tailwind|p1a: Staraptor
|-sidestart|p1: Adongeezy22|move: Tailwind
|move|p1b: Gholdengo|Nasty Plot|p1b: Gholdengo
|-boost|p1b: Gholdengo|spa|2
|
|upkeep
|turn|2
|
|t:|1782593906
|move|p1b: Gholdengo|Protect|p1b: Gholdengo
|-singleturn|p1b: Gholdengo|Protect
|move|p2a: Metagross|Protect|p2a: Metagross
|-singleturn|p2a: Metagross|Protect
|move|p2b: Kingambit|Sucker Punch||[still]
|-fail|p2b: Kingambit
|move|p1a: Staraptor|Close Combat|p2b: Kingambit
|-supereffective|p2b: Kingambit|2
|-damage|p2b: Kingambit|5/100
|-unboost|p1a: Staraptor|def|1
|-unboost|p1a: Staraptor|spd|1
|
|upkeep
|turn|3
|inactive|raineyluvsu has 30 seconds left.
|
|t:|1782593933
|switch|p1b: Sinistcha|Sinistcha, L50, shiny|100/100
|switch|p2a: Politoed|Politoed, L50, F|100/100
|-weather|RainDance|[from] ability: Drizzle|[of] p2a: Politoed
|move|p2b: Kingambit|Sucker Punch||[still]
|-fail|p2b: Kingambit
|move|p1a: Staraptor|Close Combat|p2b: Kingambit
|-supereffective|p2b: Kingambit|2
|-damage|p2b: Kingambit|0 fnt
|-unboost|p1a: Staraptor|def|1
|-unboost|p1a: Staraptor|spd|1
|faint|p2b: Kingambit
|
|-weather|RainDance|[upkeep]
|upkeep
|
|t:|1782593947
|switch|p2b: Tsareena|Tsareena, L50, F|100/100
|turn|4
|
|t:|1782593969
|switch|p1a: Incineroar|Incineroar, L50, F, shiny|100/100
|-ability|p1a: Incineroar|Intimidate|boost
|-unboost|p2a: Politoed|atk|1
|-unboost|p2b: Tsareena|atk|1
|move|p2b: Tsareena|Triple Axel|p1a: Incineroar
|-resisted|p1a: Incineroar|1
|-crit|p1a: Incineroar
|-damage|p1a: Incineroar|95/100
|-resisted|p1a: Incineroar|1
|-damage|p1a: Incineroar|91/100
|-resisted|p1a: Incineroar|1
|-damage|p1a: Incineroar|85/100
|-hitcount|p1a: Incineroar|3
|move|p1b: Sinistcha|Matcha Gotcha|p2b: Tsareena|[spread] p2a,p2b
|-supereffective|p2a: Politoed|1
|-crit|p2a: Politoed
|-resisted|p2b: Tsareena|1
|-damage|p2a: Politoed|32/100
|-damage|p2b: Tsareena|83/100
|-enditem|p2a: Politoed|Sitrus Berry|[eat]
|-heal|p2a: Politoed|57/100|[from] item: Sitrus Berry
|move|p2a: Politoed|Ice Beam|p1b: Sinistcha
|-supereffective|p1b: Sinistcha|1
|-damage|p1b: Sinistcha|62/100
|
|-weather|RainDance|[upkeep]
|-sideend|p1: Adongeezy22|move: Tailwind
|upkeep
|turn|5
|
|t:|1782593984
|move|p2b: Tsareena|Triple Axel|p1b: Sinistcha
|-supereffective|p1b: Sinistcha|1
|-crit|p1b: Sinistcha
|-damage|p1b: Sinistcha|43/100
|-enditem|p1b: Sinistcha|Sitrus Berry|[eat]
|-heal|p1b: Sinistcha|68/100|[from] item: Sitrus Berry
|-supereffective|p1b: Sinistcha|1
|-damage|p1b: Sinistcha|51/100
|-supereffective|p1b: Sinistcha|1
|-crit|p1b: Sinistcha
|-damage|p1b: Sinistcha|0 fnt
|faint|p1b: Sinistcha
|-hitcount|p1: Sinistcha|3
|move|p2a: Politoed|Weather Ball|p1a: Incineroar
|-supereffective|p1a: Incineroar|1
|-damage|p1a: Incineroar|20/100y
|move|p1a: Incineroar|Flare Blitz|p2b: Tsareena
|-supereffective|p2b: Tsareena|1
|-damage|p2b: Tsareena|18/100
|-damage|p1a: Incineroar|4/100|[from] Recoil
|
|-weather|RainDance|[upkeep]
|upkeep
|
|t:|1782593989
|switch|p1b: Staraptor|Staraptor, L50, F, shiny|100/100
|-ability|p1b: Staraptor|Intimidate|boost
|-unboost|p2a: Politoed|atk|1
|-unboost|p2b: Tsareena|atk|1
|turn|6
|
|t:|1782594008
|detailschange|p1b: Staraptor|Staraptor-Mega, L50, F, shiny
|-mega|p1b: Staraptor|Staraptor|Staraptite
|move|p2b: Tsareena|Triple Axel|p1b: Staraptor
|-supereffective|p1b: Staraptor|1
|-damage|p1b: Staraptor|92/100
|-supereffective|p1b: Staraptor|1
|-crit|p1b: Staraptor
|-damage|p1b: Staraptor|54/100
|-supereffective|p1b: Staraptor|1
|-damage|p1b: Staraptor|36/100
|-hitcount|p1b: Staraptor|3
|move|p1b: Staraptor|Tailwind|p1b: Staraptor
|-sidestart|p1: Adongeezy22|move: Tailwind
|move|p1a: Incineroar|Flare Blitz|p2b: Tsareena
|-supereffective|p2b: Tsareena|1
|-damage|p2b: Tsareena|0 fnt
|faint|p2b: Tsareena
|-damage|p1a: Incineroar|0 fnt|[from] Recoil
|faint|p1a: Incineroar
|move|p2a: Politoed|Weather Ball|p1b: Staraptor
|-damage|p1b: Staraptor|0 fnt
|faint|p1b: Staraptor
|
|-weather|RainDance|[upkeep]
|upkeep
|
|t:|1782594026
|switch|p1b: Gholdengo|Gholdengo, L50, shiny|21/100
|switch|p2b: Metagross|Metagross-Mega, L50|100/100
|turn|7
|
|t:|1782594034
|move|p2b: Metagross|Protect|p2b: Metagross
|-singleturn|p2b: Metagross|Protect
|move|p1b: Gholdengo|Shadow Ball|p2b: Metagross
|-activate|p2b: Metagross|move: Protect
|move|p2a: Politoed|Perish Song|p2a: Politoed
|-immune|p1b: Gholdengo|[from] ability: Good as Gold
|-start|p2a: Politoed|perish3|[silent]
|-start|p2b: Metagross|perish3|[silent]
|-fieldactivate|move: Perish Song
|
|-weather|none
|-start|p2b: Metagross|perish3
|-start|p2a: Politoed|perish3
|upkeep
|turn|8
|
|t:|1782594049
|move|p1b: Gholdengo|Shadow Ball|p2b: Metagross
|-supereffective|p2b: Metagross|1
|-damage|p2b: Metagross|0 fnt
|faint|p2b: Metagross
|-damage|p1b: Gholdengo|12/100|[from] item: Life Orb
|move|p2a: Politoed|Ice Beam|p1b: Gholdengo
|-resisted|p1b: Gholdengo|1
|-damage|p1b: Gholdengo|1/100
|
|-start|p2a: Politoed|perish2
|upkeep
|turn|9
|
|t:|1782594061
|move|p1b: Gholdengo|Protect|p1b: Gholdengo
|-singleturn|p1b: Gholdengo|Protect
|move|p2a: Politoed|Ice Beam|p1b: Gholdengo
|-activate|p1b: Gholdengo|move: Protect
|
|-start|p2a: Politoed|perish1
|-sideend|p1: Adongeezy22|move: Tailwind
|upkeep
|turn|10
|
|t:|1782594066
|move|p1b: Gholdengo|Protect||[still]
|-fail|p1b: Gholdengo
|move|p2a: Politoed|Ice Beam|p1b: Gholdengo
|-resisted|p1b: Gholdengo|1
|-damage|p1b: Gholdengo|0 fnt
|faint|p1b: Gholdengo
|
|win|raineyluvsu
|raw|Adongeezy22's rating: 1000 → 1000(+0 for losing)
|raw|raineyluvsu's rating: 1000 → 1040(+40 for winning)
|l|☆Adongeezy22
|player|p1|
