|j|☆Urkfkffk
|j|☆NETDlDO
|html|UrkfkffkNETDlDO    
|uhtml|bestof|Game 2 of a best-of-3
|t:|1786039104
|gametype|doubles
|player|p1|Urkfkffk|bellelba|1042
|player|p2|NETDlDO|bruno|1065
|gen|9
|tier|[Gen 9 Champions] VGC 2026 Reg M-B (Bo3)
|rated|
|rule|Species Clause: Limit one of each Pokémon
|rule|Item Clause: Limit 1 of each item
|clearpoke
|poke|p1|Metagross, L50|
|poke|p1|Farigiraf, L50, M|
|poke|p1|Whimsicott, L50, F|
|poke|p1|Garchomp, L50, F|
|poke|p1|Floette-Eternal, L50, F|
|poke|p1|Ceruledge, L50, M|
|poke|p2|Pelipper, L50, M|
|poke|p2|Archaludon, L50, M|
|poke|p2|Raichu, L50, F|
|poke|p2|Sylveon, L50, M|
|poke|p2|Aerodactyl, L50, M|
|poke|p2|Maushold, L50|
|teampreview|4
|showteam|p1|Metagross||Metagrossite|ClearBody|MeteorMash,BodyPress,PsychicFangs,Protect|Jolly|||||50|]Farigiraf||Leftovers|ArmorTail|Imprison,TrickRoom,Earthquake,HelpingHand|Relaxed||M|||50|]Whimsicott||FocusSash|Prankster|Tailwind,Charm,Moonblast,Protect|Modest||F|||50|]Garchomp||LifeOrb|RoughSkin|Earthquake,DragonClaw,Crunch,Protect|Jolly||F|||50|]Floette-Eternal||Floettite|FlowerVeil|DazzlingGleam,Moonblast,CalmMind,Protect|Timid||F|||50|]Ceruledge||ChoiceScarf|FlashFire|BitterBlade,Poltergeist,CloseCombat,IronHead|Jolly||M|||50|
|showteam|p2|Pelipper||DampRock|Drizzle|Hurricane,WeatherBall,RainDance,Tailwind|Timid||M|||50|]Archaludon||Leftovers|Stamina|ElectroShot,DragonPulse,Protect,FlashCannon|Modest||M|||50|]Raichu||RaichuniteY|Static|FocusBlast,FakeOut,ZapCannon,Protect|Timid||F|||50|]Sylveon||FairyFeather|Pixilate|HyperVoice,HyperBeam,Protect,QuickAttack|Modest||M|||50|]Aerodactyl||FocusSash|Unnerve|Tailwind,RockSlide,DualWingbeat,Protect|Jolly||M|||50|]Maushold||WideLens|FriendGuard|PopulationBomb,Taunt,FollowMe,SuperFang|Jolly|||||50|
|inactive|Battle timer is ON: inactive players will automatically lose when time's up. (requested by Urkfkffk)
|inactive|NETDlDO has 60 seconds left.
|
|t:|1786039155
|teamsize|p1|4
|teamsize|p2|4
|start
|switch|p1a: Garchomp|Garchomp, L50, F|100/100
|switch|p1b: Whimsicott|Whimsicott, L50, F|100/100
|switch|p2a: Maushold|Maushold, L50|100/100
|switch|p2b: Sylveon|Sylveon, L50, M|100/100
|turn|1
|inactive|NETDlDO has 30 seconds left.
|
|t:|1786039186
|move|p1a: Garchomp|Protect|p1a: Garchomp
|-singleturn|p1a: Garchomp|Protect
|move|p1b: Whimsicott|Tailwind|p1b: Whimsicott
|-sidestart|p1: Urkfkffk|move: Tailwind
|move|p2a: Maushold|Population Bomb|p1b: Whimsicott
|-damage|p1b: Whimsicott|91/100
|-damage|p1b: Whimsicott|81/100
|-damage|p1b: Whimsicott|72/100
|-damage|p1b: Whimsicott|62/100
|-damage|p1b: Whimsicott|53/100
|-damage|p1b: Whimsicott|43/100
|-damage|p1b: Whimsicott|34/100
|-damage|p1b: Whimsicott|25/100
|-damage|p1b: Whimsicott|16/100
|-damage|p1b: Whimsicott|6/100
|-hitcount|p1b: Whimsicott|10
|move|p2b: Sylveon|Hyper Voice|p1a: Garchomp|[spread] p1b
|-activate|p1a: Garchomp|move: Protect
|-damage|p1b: Whimsicott|0 fnt
|faint|p1b: Whimsicott
|
|upkeep
|
|t:|1786039209
|switch|p1b: Metagross|Metagross, L50|100/100
|turn|2
|inactive|NETDlDO has 30 seconds left.
|inactive|NETDlDO has 20 seconds left.
|
|t:|1786039247
|switch|p1a: Ceruledge|Ceruledge, L50, M|100/100
|switch|p2b: Aerodactyl|Aerodactyl, L50, M|100/100
|-ability|p2b: Aerodactyl|Unnerve
|detailschange|p1b: Metagross|Metagross-Mega, L50
|-mega|p1b: Metagross|Metagross|Metagrossite
|move|p2a: Maushold|Follow Me|p2a: Maushold
|-singleturn|p2a: Maushold|move: Follow Me
|move|p1b: Metagross|Body Press|p2a: Maushold
|-supereffective|p2a: Maushold|1
|-damage|p2a: Maushold|16/100
|
|upkeep
|turn|3
|inactive|NETDlDO has 30 seconds left.
|
|t:|1786039275
|move|p2b: Aerodactyl|Protect|p2b: Aerodactyl
|-singleturn|p2b: Aerodactyl|Protect
|move|p1a: Ceruledge|Iron Head|p2b: Aerodactyl
|-activate|p2b: Aerodactyl|move: Protect
|move|p1b: Metagross|Meteor Mash|p2b: Aerodactyl
|-activate|p2b: Aerodactyl|move: Protect
|move|p2a: Maushold|Super Fang|p1b: Metagross
|-damage|p1b: Metagross|50/100g
|
|upkeep
|turn|4
|inactive|NETDlDO has 30 seconds left.
|
|t:|1786039301
|move|p1a: Ceruledge|Iron Head|p2b: Aerodactyl
|-supereffective|p2b: Aerodactyl|1
|-damage|p2b: Aerodactyl|31/100
|move|p1b: Metagross|Meteor Mash|p2b: Aerodactyl
|-supereffective|p2b: Aerodactyl|1
|-damage|p2b: Aerodactyl|0 fnt
|faint|p2b: Aerodactyl
|move|p2a: Maushold|Population Bomb|p1b: Metagross
|-resisted|p1b: Metagross|1
|-damage|p1b: Metagross|47/100
|-resisted|p1b: Metagross|1
|-damage|p1b: Metagross|44/100
|-resisted|p1b: Metagross|1
|-damage|p1b: Metagross|42/100
|-resisted|p1b: Metagross|1
|-damage|p1b: Metagross|39/100
|-resisted|p1b: Metagross|1
|-damage|p1b: Metagross|36/100
|-resisted|p1b: Metagross|1
|-crit|p1b: Metagross
|-damage|p1b: Metagross|33/100
|-resisted|p1b: Metagross|1
|-damage|p1b: Metagross|30/100
|-resisted|p1b: Metagross|1
|-damage|p1b: Metagross|28/100
|-resisted|p1b: Metagross|1
|-crit|p1b: Metagross
|-damage|p1b: Metagross|24/100
|-resisted|p1b: Metagross|1
|-damage|p1b: Metagross|21/100
|-hitcount|p1b: Metagross|10
|
|-sideend|p1: Urkfkffk|move: Tailwind
|upkeep
|inactive|NETDlDO has 30 seconds left.
|inactive|NETDlDO has 20 seconds left.
|
|t:|1786039337
|switch|p2b: Raichu|Raichu, L50, F|100/100
|turn|5
|
|t:|1786039353
|switch|p1a: Garchomp|Garchomp, L50, F|100/100
|switch|p2a: Sylveon|Sylveon, L50, M|100/100
|move|p2b: Raichu|Fake Out|p1b: Metagross
|-resisted|p1b: Metagross|1
|-damage|p1b: Metagross|18/100
|cant|p1b: Metagross|flinch
|
|upkeep
|turn|6
|inactive|NETDlDO has 30 seconds left.
|inactive|NETDlDO has 20 seconds left.
|
|t:|1786039391
|detailschange|p2b: Raichu|Raichu-Mega-Y, L50, F
|-mega|p2b: Raichu|Raichu|Raichunite Y
|move|p1a: Garchomp|Protect|p1a: Garchomp
|-singleturn|p1a: Garchomp|Protect
|move|p2b: Raichu|Zap Cannon|p1b: Metagross
|-damage|p1b: Metagross|0 fnt
|faint|p1b: Metagross
|move|p2a: Sylveon|Hyper Voice|p1a: Garchomp
|-activate|p1a: Garchomp|move: Protect
|
|upkeep
|
|t:|1786039402
|switch|p1b: Ceruledge|Ceruledge, L50, M|100/100
|turn|7
|inactive|NETDlDO has 30 seconds left.
|
|t:|1786039435
|move|p1b: Ceruledge|Iron Head|p2a: Sylveon
|-supereffective|p2a: Sylveon|1
|-damage|p2a: Sylveon|25/100
|move|p2b: Raichu|Zap Cannon|p1b: Ceruledge
|-damage|p1b: Ceruledge|18/100
|-status|p1b: Ceruledge|par
|move|p1a: Garchomp|Earthquake|p2b: Raichu|[spread] p1b,p2a,p2b
|-supereffective|p1b: Ceruledge|1
|-supereffective|p2b: Raichu|1
|-damage|p1b: Ceruledge|0 fnt
|-damage|p2a: Sylveon|0 fnt
|-damage|p2b: Raichu|0 fnt
|faint|p1b: Ceruledge
|faint|p2a: Sylveon
|faint|p2b: Raichu
|-damage|p1a: Garchomp|90/100|[from] item: Life Orb
|
|upkeep
|c|☆NETDlDO|good play
|
|t:|1786039456
|switch|p2a: Maushold|Maushold, L50|16/100
|turn|8
|
|t:|1786039464
|move|p2a: Maushold|Super Fang|p1a: Garchomp
|-damage|p1a: Garchomp|45/100
|-damage|p2a: Maushold|3/100|[from] ability: Rough Skin|[of] p1a: Garchomp
|move|p1a: Garchomp|Earthquake|p2a: Maushold
|-damage|p2a: Maushold|0 fnt
|faint|p2a: Maushold
|-damage|p1a: Garchomp|35/100|[from] item: Life Orb
|
|win|Urkfkffk
|raw|Urkfkffk's rating: 1042 → 1078(+36 for winning)
|raw|NETDlDO's rating: 1065 → 1044(-21 for losing)
|c|☆NETDlDO|gg
