|j|☆exposniffer
|j|☆TeyOnTheRox
|html|exposnifferTeyOnTheRox    
|uhtml|bestof|Game 2 of a best-of-3
|t:|1757743021
|gametype|doubles
|player|p1|exposniffer|blue|
|player|p2|TeyOnTheRox|benga|
|gen|9
|tier|[Gen 9] VGC 2025 Reg H (Bo3)
|rule|Species Clause: Limit one of each Pokémon
|rule|Item Clause: Limit 1 of each item
|clearpoke
|poke|p1|Gholdengo, L50|
|poke|p1|Dragonite, L50, M|
|poke|p1|Ursaluna-Bloodmoon, L50, M|
|poke|p1|Ninetales-Alola, L50, M|
|poke|p1|Annihilape, L50, M|
|poke|p1|Incineroar, L50, M|
|poke|p2|Tyranitar, L50, M|
|poke|p2|Excadrill, L50, M|
|poke|p2|Sneasler, L50, F|
|poke|p2|Indeedee, L50, M|
|poke|p2|Corviknight, L50, F|
|poke|p2|Annihilape, L50, M|
|teampreview|4
|showteam|p1|Gholdengo||MetalCoat|GoodasGold|MakeItRain,ShadowBall,NastyPlot,Protect||||||50|,,,,,Water]Dragonite||LoadedDice|Multiscale|ScaleShot,ExtremeSpeed,Haze,Protect|||M|||50|,,,,,Steel]Ursaluna-Bloodmoon||AssaultVest|MindsEye|BloodMoon,HyperVoice,EarthPower,VacuumWave|||M|||50|,,,,,Water]Ninetales-Alola||FocusSash|SnowWarning|Blizzard,IcyWind,AuroraVeil,IcicleSpear|||M|||50|,,,,,Ghost]Annihilape||SafetyGoggles|Defiant|CloseCombat,RageFist,Coaching,Taunt|||M|||50|,,,,,Fire]Incineroar||RockyHelmet|Intimidate|KnockOff,FlareBlitz,PartingShot,FakeOut|||M|||50|,,,,,Ghost
|showteam|p2|Tyranitar||AssaultVest|SandStream|RockSlide,KnockOff,TeraBlast,LowKick|||M|||50|,,,,,Flying]Excadrill||FocusSash|SandRush|IronHead,HighHorsepower,Earthquake,Protect|||M|||50|,,,,,Stellar]Sneasler||PsychicSeed|Unburden|DireClaw,CloseCombat,ThroatChop,Protect|||F|||50|,,,,,Dark]Indeedee||ChoiceScarf|PsychicSurge|ExpandingForce,TeraBlast,Protect,Trick|||M|||50|,,,,,Psychic]Corviknight||Leftovers|MirrorArmor|BraveBird,BulkUp,Roost,Tailwind|||F|||50|,,,,,Dragon]Annihilape||SafetyGoggles|Defiant|CloseCombat,FinalGambit,RageFist,Taunt|||M|||50|,,,,,Water
|
|t:|1757743203
|teamsize|p1|4
|teamsize|p2|4
|start
|switch|p1a: Oso|Gholdengo, L50|100/100
|switch|p1b: Leon|Annihilape, L50, M|100/100
|switch|p2a: Cachiiga|Annihilape, L50, M|100/100
|switch|p2b: Cars II|Corviknight, L50, F|100/100
|turn|1
|
|t:|1757743301
|move|p1b: Leon|Close Combat|p2b: Cars II
|-damage|p2b: Cars II|55/100
|-unboost|p1b: Leon|def|1
|-unboost|p1b: Leon|spd|1
|move|p2a: Cachiiga|Rage Fist|p1a: Oso
|-supereffective|p1a: Oso
|-damage|p1a: Oso|57/100
|move|p1a: Oso|Shadow Ball|p2b: Cars II
|-damage|p2b: Cars II|13/100
|move|p2b: Cars II|Bulk Up|p2b: Cars II
|-boost|p2b: Cars II|atk|1
|-boost|p2b: Cars II|def|1
|
|-heal|p2b: Cars II|19/100|[from] item: Leftovers
|upkeep
|turn|2
|
|t:|1757743392
|move|p1b: Leon|Rage Fist|p2a: Cachiiga
|-supereffective|p2a: Cachiiga
|-damage|p2a: Cachiiga|49/100
|move|p2a: Cachiiga|Rage Fist|p1b: Leon
|-supereffective|p1b: Leon
|-damage|p1b: Leon|0 fnt
|faint|p1b: Leon
|move|p1a: Oso|Make It Rain|p2a: Cachiiga|[spread] p2a,p2b
|-resisted|p2b: Cars II
|-damage|p2a: Cachiiga|0 fnt
|-damage|p2b: Cars II|0 fnt
|-unboost|p1a: Oso|spa|1
|faint|p2a: Cachiiga
|faint|p2b: Cars II
|
|upkeep
|
|t:|1757743410
|switch|p2a: Toe Master|Excadrill, L50, M|100/100
|switch|p1b: Franklin|Dragonite, L50, M, shiny|100/100
|switch|p2b: Doc Hudson|Tyranitar, L50, M, shiny|100/100
|-weather|Sandstorm|[from] ability: Sand Stream|[of] p2b: Doc Hudson
|turn|3
|
|t:|1757743449
|switch|p1a: Louie|Ninetales-Alola, L50, M|100/100
|-weather|Snowscape|[from] ability: Snow Warning|[of] p1a: Louie
|-terastallize|p2b: Doc Hudson|Flying
|move|p2a: Toe Master|Iron Head|p1b: Franklin
|-damage|p1b: Franklin|76/100
|move|p1b: Franklin|Scale Shot|p2a: Toe Master
|-resisted|p2a: Toe Master
|-damage|p2a: Toe Master|89/100
|-resisted|p2a: Toe Master
|-damage|p2a: Toe Master|80/100
|-resisted|p2a: Toe Master
|-damage|p2a: Toe Master|68/100
|-resisted|p2a: Toe Master
|-damage|p2a: Toe Master|58/100
|-resisted|p2a: Toe Master
|-damage|p2a: Toe Master|47/100
|-hitcount|p2a: Toe Master|5
|-unboost|p1b: Franklin|def|1
|-boost|p1b: Franklin|spe|1
|move|p2b: Doc Hudson|Rock Slide|p1a: Louie|[spread] p1a,p1b
|-supereffective|p1a: Louie
|-supereffective|p1b: Franklin
|-damage|p1a: Louie|36/100
|-damage|p1b: Franklin|0 fnt
|faint|p1b: Franklin
|
|-weather|Snowscape|[upkeep]
|upkeep
|
|t:|1757743464
|switch|p1b: Oso|Gholdengo, L50|57/100
|turn|4
|
|t:|1757743485
|move|p1a: Louie|Icy Wind|p2a: Toe Master|[spread] p2a,p2b
|-supereffective|p2b: Doc Hudson
|-damage|p2a: Toe Master|27/100
|-damage|p2b: Doc Hudson|81/100
|-unboost|p2a: Toe Master|spe|1
|-unboost|p2b: Doc Hudson|spe|1
|move|p1b: Oso|Make It Rain|p2a: Toe Master|[spread] p2a,p2b
|-resisted|p2a: Toe Master
|-crit|p2b: Doc Hudson
|-damage|p2a: Toe Master|0 fnt
|-damage|p2b: Doc Hudson|25/100
|-unboost|p1b: Oso|spa|1
|faint|p2a: Toe Master
|move|p2b: Doc Hudson|Rock Slide|p1a: Louie|[spread] p1b
|-miss|p2b: Doc Hudson|p1a: Louie
|-resisted|p1b: Oso
|-damage|p1b: Oso|41/100
|
|-weather|Snowscape|[upkeep]
|upkeep
|turn|5
|c|☆TeyOnTheRox|oh you done did it now buddy
|
|t:|1757743513
|move|p1a: Louie|Blizzard|p2b: Doc Hudson
|-supereffective|p2b: Doc Hudson
|-damage|p2b: Doc Hudson|0 fnt
|faint|p2b: Doc Hudson
|
|win|exposniffer
