|j|☆colemarcusvgc
|j|☆rickyicebeam
|html|colemarcusvgcrickyicebeam    
|uhtml|bestof|Game 2 of a best-of-3
|t:|1756526564
|gametype|doubles
|player|p1|colemarcusvgc|n|1012
|player|p2|rickyicebeam|steven|1089
|gen|9
|tier|[Gen 9] VGC 2025 Reg H (Bo3)
|rated|
|rule|Species Clause: Limit one of each Pokémon
|rule|Item Clause: Limit 1 of each item
|clearpoke
|poke|p1|Indeedee-F, L50, F|
|poke|p1|Hatterene, L50, F|
|poke|p1|Ursaluna, L50, F|
|poke|p1|Amoonguss, L50, F|
|poke|p1|Porygon2, L50|
|poke|p1|Tyranitar, L50, M|
|poke|p2|Ursaluna-Bloodmoon, L50, M|
|poke|p2|Indeedee, L50, M|
|poke|p2|Sneasler, L50, F|
|poke|p2|Talonflame, L50, M|
|poke|p2|Amoonguss, L50, F|
|poke|p2|Flamigo, L50, M|
|teampreview|4
|showteam|p1|Indeedee-F||RockyHelmet|PsychicSurge|FollowMe,HelpingHand,TrickRoom,DazzlingGleam|||F|||50|,,,,,Steel]Hatterene||LifeOrb|MagicBounce|TrickRoom,ExpandingForce,MysticalFire,DazzlingGleam|||F|||50|,,,,,Ghost]Ursaluna||FlameOrb|Guts|Facade,HeadlongRush,Earthquake,Protect|||F|||50|,,,,,Ghost]Amoonguss||SitrusBerry|Regenerator|Spore,RagePowder,PollenPuff,SludgeBomb|||F|||50|,,,,,Water]Porygon2||Eviolite|Download|IceBeam,TeraBlast,Recover,TrickRoom||||||50|,,,,,Grass]Tyranitar||SafetyGoggles|SandStream|RockSlide,Crunch,LowKick,IcePunch|||M|||50|,,,,,Fairy
|showteam|p2|Ursaluna-Bloodmoon||LifeOrb|MindsEye|HyperVoice,BloodMoon,EarthPower,Protect|||M|||50|,,,,,Normal]Indeedee||FocusSash|PsychicSurge|ExpandingForce,HelpingHand,Protect,TrickRoom|||M|||50|,,,,,Psychic]Sneasler||PsychicSeed|Unburden|DireClaw,CloseCombat,ThroatChop,Protect|||F|||50|,,,,,Dark]Talonflame||CovertCloak|FlameBody|Tailwind,BraveBird,WillOWisp,Taunt|||M|||50|,,,,,Steel]Amoonguss||RockyHelmet|Regenerator|Spore,RagePowder,PollenPuff,Protect|||F|||50|,,,,,Water]Flamigo||EjectPack|Scrappy|BraveBird,CloseCombat,Detect,WideGuard|||M|||50|,,,,,Ghost
|inactive|Battle timer is ON: inactive players will automatically lose when time's up. (requested by colemarcusvgc)
|inactive|rickyicebeam has 60 seconds left.
|
|t:|1756526612
|teamsize|p1|4
|teamsize|p2|4
|start
|switch|p1a: Indeedee|Indeedee-F, L50, F|100/100
|switch|p1b: Porygon2|Porygon2, L50|100/100
|switch|p2a: Ursaluna|Ursaluna-Bloodmoon, L50, M|100/100
|switch|p2b: Flamigo|Flamigo, L50, M|100/100
|-fieldstart|move: Psychic Terrain|[from] ability: Psychic Surge|[of] p1a: Indeedee
|-ability|p1b: Porygon2|Download|boost
|-boost|p1b: Porygon2|spa|1
|turn|1
|inactive|colemarcusvgc has 30 seconds left.
|inactive|rickyicebeam has 30 seconds left.
|inactive|colemarcusvgc has 20 seconds left.
|inactive|rickyicebeam has 20 seconds left.
|
|t:|1756526650
|-terastallize|p2a: Ursaluna|Normal
|move|p1a: Indeedee|Follow Me|p1a: Indeedee
|-singleturn|p1a: Indeedee|move: Follow Me
|move|p2b: Flamigo|Close Combat|p1a: Indeedee
|-damage|p1a: Indeedee|24/100
|-unboost|p2b: Flamigo|def|1
|-unboost|p2b: Flamigo|spd|1
|-damage|p2b: Flamigo|84/100|[from] item: Rocky Helmet|[of] p1a: Indeedee
|-enditem|p2b: Flamigo|Eject Pack
|
|t:|1756526665
|switch|p2b: Indeedee|Indeedee, L50, M|100/100
|move|p2a: Ursaluna|Blood Moon|p1a: Indeedee
|-damage|p1a: Indeedee|0 fnt
|faint|p1a: Indeedee
|-damage|p2a: Ursaluna|91/100|[from] item: Life Orb
|move|p1b: Porygon2|Trick Room|p1b: Porygon2
|-fieldstart|move: Trick Room|[of] p1b: Porygon2
|
|upkeep
|inactive|colemarcusvgc has 30 seconds left.
|
|t:|1756526696
|switch|p1a: Tyranitar|Tyranitar, L50, M|100/100
|-weather|Sandstorm|[from] ability: Sand Stream|[of] p1a: Tyranitar
|turn|2
|
|t:|1756526713
|-terastallize|p1a: Tyranitar|Fairy
|move|p1b: Porygon2|Ice Beam|p2a: Ursaluna
|-damage|p2a: Ursaluna|46/100
|move|p1a: Tyranitar|Low Kick|p2a: Ursaluna
|-supereffective|p2a: Ursaluna
|-damage|p2a: Ursaluna|0 fnt
|faint|p2a: Ursaluna
|move|p2b: Indeedee|Trick Room|p2b: Indeedee
|-fieldend|move: Trick Room
|
|-weather|Sandstorm|[upkeep]
|-damage|p2b: Indeedee|95/100|[from] Sandstorm
|-damage|p1b: Porygon2|95/100|[from] Sandstorm
|upkeep
|
|t:|1756526725
|switch|p2a: Sneasler|Sneasler, L50, F|100/100
|-enditem|p2a: Sneasler|Psychic Seed
|-boost|p2a: Sneasler|spd|1|[from] item: Psychic Seed
|turn|3
|inactive|colemarcusvgc has 30 seconds left.
|inactive|colemarcusvgc has 20 seconds left.
|inactive|colemarcusvgc has 15 seconds left.
|
|t:|1756526768
|switch|p1a: Amoonguss|Amoonguss, L50, F|100/100
|move|p2a: Sneasler|Dire Claw|p1a: Amoonguss
|-damage|p1a: Amoonguss|58/100
|move|p2b: Indeedee|Expanding Force|p1b: Porygon2|[spread] p1a,p1b
|-supereffective|p1a: Amoonguss
|-damage|p1a: Amoonguss|0 fnt
|-damage|p1b: Porygon2|63/100
|faint|p1a: Amoonguss
|move|p1b: Porygon2|Trick Room|p1b: Porygon2
|-fieldstart|move: Trick Room|[of] p1b: Porygon2
|
|-weather|Sandstorm|[upkeep]
|-damage|p1b: Porygon2|58/100|[from] Sandstorm
|-damage|p2b: Indeedee|89/100|[from] Sandstorm
|-damage|p2a: Sneasler|95/100|[from] Sandstorm
|upkeep
|
|t:|1756526780
|switch|p1a: Tyranitar|Tyranitar, L50, M, tera:Fairy|100/100
|turn|4
|
|t:|1756526792
|move|p1b: Porygon2|Recover|p1b: Porygon2
|-heal|p1b: Porygon2|100/100
|move|p1a: Tyranitar|Crunch|p2b: Indeedee
|-supereffective|p2b: Indeedee
|-damage|p2b: Indeedee|0 fnt
|faint|p2b: Indeedee
|move|p2a: Sneasler|Dire Claw|p1a: Tyranitar
|-supereffective|p1a: Tyranitar
|-crit|p1a: Tyranitar
|-damage|p1a: Tyranitar|0 fnt
|faint|p1a: Tyranitar
|
|-weather|Sandstorm|[upkeep]
|-damage|p1b: Porygon2|95/100|[from] Sandstorm
|-damage|p2a: Sneasler|89/100|[from] Sandstorm
|upkeep
|
|t:|1756526801
|switch|p2b: Flamigo|Flamigo, L50, M|84/100
|turn|5
|
|t:|1756526814
|move|p2b: Flamigo|Detect|p2b: Flamigo
|-singleturn|p2b: Flamigo|Protect
|move|p2a: Sneasler|Protect|p2a: Sneasler
|-singleturn|p2a: Sneasler|Protect
|move|p1b: Porygon2|Ice Beam|p2b: Flamigo
|-activate|p2b: Flamigo|move: Protect
|
|-weather|Sandstorm|[upkeep]
|-damage|p1b: Porygon2|89/100|[from] Sandstorm
|-damage|p2b: Flamigo|78/100|[from] Sandstorm
|-damage|p2a: Sneasler|83/100|[from] Sandstorm
|-fieldend|move: Psychic Terrain
|upkeep
|turn|6
|
|t:|1756526830
|move|p1b: Porygon2|Ice Beam|p2a: Sneasler
|-damage|p2a: Sneasler|46/100
|move|p2b: Flamigo|Close Combat|p1b: Porygon2
|-supereffective|p1b: Porygon2
|-damage|p1b: Porygon2|13/100
|-unboost|p2b: Flamigo|def|1
|-unboost|p2b: Flamigo|spd|1
|move|p2a: Sneasler|Dire Claw|p1b: Porygon2
|-damage|p1b: Porygon2|0 fnt
|faint|p1b: Porygon2
|
|win|rickyicebeam
||colemarcusvgc is ready for game 3.
|inactive|rickyicebeam has 30 seconds to confirm battle start!
||rickyicebeam is ready for game 3.
|uhtml|next|Next: Game 3 of 3
