|j|☆jomivgc
|j|☆ultraclaw1
|html|jomivgcultraclaw1    
|uhtml|bestof|Game 2 of a best-of-3
|t:|1784208868
|gametype|doubles
|player|p1|jomivgc|falkner-gen2|1262
|player|p2|ultraclaw1|brycenman|1384
|gen|9
|tier|[Gen 9 Champions] VGC 2026 Reg M-B (Bo3)
|rated|
|rule|Species Clause: Limit one of each Pokémon
|rule|Item Clause: Limit 1 of each item
|clearpoke
|poke|p1|Charizard, L50, M|
|poke|p1|Pelipper, L50, M|
|poke|p1|Archaludon, L50, F|
|poke|p1|Grimmsnarl, L50, M|
|poke|p1|Basculegion, L50, M|
|poke|p1|Venusaur, L50, F|
|poke|p2|Maushold, L50|
|poke|p2|Kingambit, L50, M|
|poke|p2|Garchomp, L50, F|
|poke|p2|Basculegion, L50, M|
|poke|p2|Talonflame, L50, M|
|poke|p2|Floette-Eternal, L50, F|
|teampreview|4
|showteam|p1|Charizard||CharizarditeY|Blaze|Protect,HeatWave,SolarBeam,WeatherBall|Modest||M|||50|]Pelipper||SitrusBerry|Drizzle|Hurricane,WeatherBall,Tailwind,WideGuard|Modest||M|||50|]Archaludon||Leftovers|Stamina|ElectroShot,FlashCannon,Protect,DragonPulse|Calm||F|||50|]Grimmsnarl||LightClay|Prankster|LightScreen,PartingShot,Reflect,SpiritBreak|Careful||M|||50|]Basculegion||ChoiceScarf|Adaptability|LastRespects,AquaJet,WaveCrash,FlipTurn|Adamant||M|||50|]Venusaur||FocusSash|Chlorophyll|SludgeBomb,Protect,EarthPower,SleepPowder|Modest||F|||50|
|showteam|p2|Maushold||FocusSash|FriendGuard|SuperFang,Taunt,FollowMe,Protect|Timid|||||50|]Kingambit||ChopleBerry|Defiant|KowtowCleave,SuckerPunch,LowKick,IronHead|Adamant||M|||50|]Garchomp||LifeOrb|RoughSkin|RockSlide,Earthquake,DragonClaw,Protect|Jolly||F|||50|]Basculegion||MysticWater|Adaptability|WaveCrash,LastRespects,AquaJet,Protect|Adamant||M|||50|]Talonflame||SharpBeak|GaleWings|QuickGuard,DualWingbeat,Tailwind,Protect|Jolly||M|||50|]Floette-Eternal||Floettite|FlowerVeil|LightofRuin,Protect,Moonblast,DazzlingGleam|Modest||F|||50|
|inactive|Battle timer is ON: inactive players will automatically lose when time's up. (requested by ultraclaw1)
|inactive|jomivgc also wants the timer to be on.
|
|t:|1784208881
|teamsize|p1|4
|teamsize|p2|4
|start
|switch|p1a: Grimmsnarl|Grimmsnarl, L50, M|100/100
|switch|p1b: Archaludon|Archaludon, L50, F|100/100
|switch|p2a: Floette|Floette-Eternal, L50, F|100/100
|switch|p2b: Talonflame|Talonflame, L50, M|100/100
|turn|1
|inactive|ultraclaw1 has 30 seconds left.
|
|t:|1784208914
|detailschange|p2a: Floette|Floette-Mega, L50, F
|-mega|p2a: Floette|Floette|Floettite
|-ability|p2a: Floette|Fairy Aura
|move|p2b: Talonflame|Dual Wingbeat|p1a: Grimmsnarl|[miss]
|-miss|p2b: Talonflame|p1a: Grimmsnarl
|move|p1a: Grimmsnarl|Light Screen|p1a: Grimmsnarl
|-sidestart|p1: jomivgc|move: Light Screen
|move|p2a: Floette|Moonblast|p1a: Grimmsnarl
|-supereffective|p1a: Grimmsnarl|1
|-damage|p1a: Grimmsnarl|1/100
|move|p1b: Archaludon|Flash Cannon|p2a: Floette
|-supereffective|p2a: Floette|1
|-damage|p2a: Floette|36/100
|-unboost|p2a: Floette|spd|1
|
|upkeep
|turn|2
|inactive|jomivgc has 30 seconds left.
|
|t:|1784208946
|move|p1b: Archaludon|Protect|p1b: Archaludon
|-singleturn|p1b: Archaludon|Protect
|move|p2b: Talonflame|Dual Wingbeat|p1a: Grimmsnarl
|-damage|p1a: Grimmsnarl|0 fnt
|faint|p1a: Grimmsnarl
|-hitcount|p1: Grimmsnarl|1
|move|p2a: Floette|Light of Ruin|p1b: Archaludon
|-activate|p1b: Archaludon|move: Protect
|
|upkeep
|
|t:|1784208963
|switch|p1a: Basculegion|Basculegion, L50, M|100/100
|turn|3
|
|t:|1784208976
|move|p2b: Talonflame|Tailwind|p2b: Talonflame
|-sidestart|p2: ultraclaw1|move: Tailwind
|move|p1a: Basculegion|Aqua Jet|p2b: Talonflame
|-supereffective|p2b: Talonflame|1
|-damage|p2b: Talonflame|14/100
|move|p2a: Floette|Light of Ruin|p1b: Archaludon
|-damage|p1b: Archaludon|31/100
|-ability|p1b: Archaludon|Stamina|boost
|-boost|p1b: Archaludon|def|1
|-damage|p2a: Floette|0 fnt|[from] Recoil
|faint|p2a: Floette
|move|p1b: Archaludon|Flash Cannon|p2b: Talonflame
|-resisted|p2b: Talonflame|1
|-damage|p2b: Talonflame|0 fnt
|faint|p2b: Talonflame
|
|-heal|p1b: Archaludon|38/100|[from] item: Leftovers
|upkeep
|
|t:|1784208983
|switch|p2b: Garchomp|Garchomp, L50, F|100/100
|switch|p2a: Basculegion|Basculegion, L50, M|100/100
|turn|4
|
|t:|1784209005
|switch|p1a: Pelipper|Pelipper, L50, M|100/100
|-weather|RainDance|[from] ability: Drizzle|[of] p1a: Pelipper
|move|p1b: Archaludon|Protect|p1b: Archaludon
|-singleturn|p1b: Archaludon|Protect
|move|p2b: Garchomp|Dragon Claw|p1b: Archaludon
|-activate|p1b: Archaludon|move: Protect
|move|p2a: Basculegion|Last Respects|p1a: Pelipper
|-crit|p1a: Pelipper
|-damage|p1a: Pelipper|0 fnt
|faint|p1a: Pelipper
|
|-weather|RainDance|[upkeep]
|-heal|p1b: Archaludon|44/100|[from] item: Leftovers
|upkeep
|
|t:|1784209015
|switch|p1a: Basculegion|Basculegion, L50, M|100/100
|turn|5
|
|t:|1784209029
|move|p1a: Basculegion|Aqua Jet|p2a: Basculegion
|-resisted|p2a: Basculegion|1
|-damage|p2a: Basculegion|74/100
|move|p2b: Garchomp|Earthquake|p1b: Archaludon|[spread] p2a,p1a,p1b
|-supereffective|p1b: Archaludon|1
|-damage|p2a: Basculegion|22/100
|-damage|p1a: Basculegion|34/100
|-damage|p1b: Archaludon|0 fnt
|faint|p1b: Archaludon
|-damage|p2b: Garchomp|90/100|[from] item: Life Orb
|move|p2a: Basculegion|Last Respects|p1a: Basculegion
|-supereffective|p1a: Basculegion|1
|-damage|p1a: Basculegion|0 fnt
|faint|p1a: Basculegion
|
|win|ultraclaw1
|raw|jomivgc's rating: 1262 → 1245(-17 for losing)
|raw|ultraclaw1's rating: 1384 → 1397(+13 for winning)
