|j|☆Gundnub
|j|☆prove it to ya
|html|Gundnubprove it to ya    
|uhtml|bestof|Game 2 of a best-of-3
|t:|1786060875
|gametype|doubles
|player|p1|Gundnub|169|
|player|p2|prove it to ya|pokemonranger-gen4|
|gen|9
|tier|[Gen 9 Champions] VGC 2026 Reg M-B (Bo3)
|rule|Species Clause: Limit one of each Pokémon
|rule|Item Clause: Limit 1 of each item
|clearpoke
|poke|p1|Staraptor, L50, M|
|poke|p1|Garchomp, L50, M|
|poke|p1|Whimsicott, L50, M|
|poke|p1|Delphox, L50, M|
|poke|p1|Glimmora, L50, M|
|poke|p1|Kingambit, L50, M|
|poke|p2|Kingambit, L50, M|
|poke|p2|Gardevoir, L50, F|
|poke|p2|Talonflame, L50, M|
|poke|p2|Maushold, L50|
|poke|p2|Basculegion, L50, M|
|poke|p2|Garchomp, L50, M|
|teampreview|4
|showteam|p1|Staraptor||Staraptite|Intimidate|Protect,Roost,CloseCombat,BraveBird|Jolly||M|||50|]Garchomp||LifeOrb|RoughSkin|Protect,RockSlide,Earthquake,DragonClaw|Jolly||M|||50|]Whimsicott||OccaBerry|Prankster|Moonblast,Tailwind,Charm,LightScreen|Timid||M|||50|]Delphox||Delphoxite|Magician|Protect,Psychic,HeatWave,Substitute|Timid||M|||50|]Glimmora||FocusSash|ToxicDebris|SpikyShield,SludgeBomb,EarthPower,PowerGem|Timid||M|||50|]Kingambit||ChopleBerry|Defiant|SuckerPunch,LowKick,IronHead,KowtowCleave|Adamant||M|||50|
|showteam|p2|Kingambit||FocusSash|Defiant|KowtowCleave,IronHead,SuckerPunch,LowKick|Adamant||M|||50|]Gardevoir||Gardevoirite|Telepathy|HyperVoice,Psyshock,TrickRoom,Protect|Modest||F|||50|]Talonflame||LifeOrb|GaleWings|DualWingbeat,FlareBlitz,Tailwind,Protect|Jolly||M|||50|]Maushold||ChopleBerry|FriendGuard|Feint,SuperFang,FollowMe,Protect|Impish|||||50|]Basculegion||MysticWater|Adaptability|WaveCrash,LastRespects,AquaJet,Protect|Adamant||M|||50|]Garchomp||SitrusBerry|RoughSkin|Earthquake,StompingTantrum,RockTomb,Protect|Adamant||M|||50|
|
|t:|1786060918
|teamsize|p1|4
|teamsize|p2|4
|start
|switch|p1a: Glimmora|Glimmora, L50, M|100/100
|switch|p1b: Kingambit|Kingambit, L50, M|100/100
|switch|p2a: Garchomp|Garchomp, L50, M|100/100
|switch|p2b: Gardevoir|Gardevoir, L50, F|100/100
|turn|1
|
|t:|1786061112
|move|p2b: Gardevoir|Protect|p2b: Gardevoir
|-singleturn|p2b: Gardevoir|Protect
|move|p1a: Glimmora|Sludge Bomb|p2b: Gardevoir
|-activate|p2b: Gardevoir|move: Protect
|move|p2a: Garchomp|Earthquake|p1b: Kingambit|[spread] p1a,p1b
|-activate|p2b: Gardevoir|move: Protect
|-supereffective|p1a: Glimmora|2
|-supereffective|p1b: Kingambit|1
|-enditem|p1a: Glimmora|Focus Sash
|-damage|p1a: Glimmora|1/100
|-damage|p1b: Kingambit|41/100
|-activate|p1a: Glimmora|ability: Toxic Debris
|-sidestart|p2: prove it to ya|move: Toxic Spikes
|move|p1b: Kingambit|Kowtow Cleave|p2a: Garchomp
|-damage|p2a: Garchomp|57/100
|-damage|p1b: Kingambit|29/100|[from] ability: Rough Skin|[of] p2a: Garchomp
|
|upkeep
|turn|2
|
|t:|1786061223
|switch|p1b: Staraptor|Staraptor, L50, M|100/100
|-ability|p1b: Staraptor|Intimidate|boost
|-unboost|p2a: Garchomp|atk|1
|-unboost|p2b: Gardevoir|atk|1
|detailschange|p2b: Gardevoir|Gardevoir-Mega, L50, F
|-mega|p2b: Gardevoir|Gardevoir|Gardevoirite
|move|p1a: Glimmora|Sludge Bomb|p2b: Gardevoir
|-supereffective|p2b: Gardevoir|1
|-damage|p2b: Gardevoir|21/100
|move|p2a: Garchomp|Stomping Tantrum|p1b: Staraptor
|-immune|p1b: Staraptor
|move|p2b: Gardevoir|Trick Room|p2b: Gardevoir
|-fieldstart|move: Trick Room|[of] p2b: Gardevoir
|
|upkeep
|turn|3
|
|t:|1786061331
|switch|p2a: Kingambit|Kingambit, L50, M|100/100
|move|p1a: Glimmora|Spiky Shield|p1a: Glimmora
|-singleturn|p1a: Glimmora|move: Protect
|move|p2b: Gardevoir|Hyper Voice|p1b: Staraptor|[spread] p1b
|-activate|p1a: Glimmora|move: Protect
|-damage|p1b: Staraptor|27/100
|move|p1b: Staraptor|Brave Bird|p2b: Gardevoir
|-damage|p2b: Gardevoir|0 fnt
|faint|p2b: Gardevoir
|-damage|p1b: Staraptor|20/100y|[from] Recoil
|
|upkeep
|
|t:|1786061393
|switch|p2b: Basculegion|Basculegion, L50, M|100/100
|-status|p2b: Basculegion|psn
|turn|4
|
|t:|1786061434
|move|p1b: Staraptor|Protect|p1b: Staraptor
|-singleturn|p1b: Staraptor|Protect
|move|p2a: Kingambit|Low Kick|p1a: Glimmora
|-damage|p1a: Glimmora|0 fnt
|-activate|p1a: Glimmora|ability: Toxic Debris
|-sidestart|p2: prove it to ya|move: Toxic Spikes
|faint|p1a: Glimmora
|move|p2b: Basculegion|Wave Crash|p1b: Staraptor
|-activate|p1b: Staraptor|move: Protect
|
|-damage|p2b: Basculegion|87/100 psn|[from] psn
|upkeep
|
|t:|1786061446
|switch|p1a: Kingambit|Kingambit, L50, M|29/100
|turn|5
|
|t:|1786061490
|switch|p1b: Garchomp|Garchomp, L50, M|100/100
|move|p1a: Kingambit|Low Kick|p2a: Kingambit
|-supereffective|p2a: Kingambit|2
|-enditem|p2a: Kingambit|Focus Sash
|-damage|p2a: Kingambit|1/100
|move|p2a: Kingambit|Low Kick|p1a: Kingambit
|-supereffective|p1a: Kingambit|2
|-enditem|p1a: Kingambit|Chople Berry|[eat]
|-enditem|p1a: Kingambit|Chople Berry|[weaken]
|-damage|p1a: Kingambit|0 fnt
|faint|p1a: Kingambit
|move|p2b: Basculegion|Wave Crash|p1b: Garchomp
|-damage|p1b: Garchomp|1/100
|-damage|p2b: Basculegion|75/100 psn|[from] ability: Rough Skin|[of] p1b: Garchomp
|-damage|p2b: Basculegion|46/100 psn|[from] Recoil
|
|-damage|p2b: Basculegion|33/100 psn|[from] psn
|upkeep
|
|t:|1786061495
|switch|p1a: Staraptor|Staraptor, L50, M|20/100y
|-ability|p1a: Staraptor|Intimidate|boost
|-unboost|p2a: Kingambit|atk|1
|-ability|p2a: Kingambit|Defiant|boost
|-boost|p2a: Kingambit|atk|2
|-unboost|p2b: Basculegion|atk|1
|turn|6
|
|t:|1786061504
|move|p1a: Staraptor|Protect|p1a: Staraptor
|-singleturn|p1a: Staraptor|Protect
|move|p1b: Garchomp|Protect|p1b: Garchomp
|-singleturn|p1b: Garchomp|Protect
|move|p2a: Kingambit|Sucker Punch||[still]
|-fail|p2a: Kingambit
|move|p2b: Basculegion|Aqua Jet|p1b: Garchomp
|-activate|p1b: Garchomp|move: Protect
|
|-damage|p2b: Basculegion|21/100 psn|[from] psn
|-fieldend|move: Trick Room
|upkeep
|turn|7
|
|t:|1786061587
|detailschange|p1a: Staraptor|Staraptor-Mega, L50, M
|-mega|p1a: Staraptor|Staraptor|Staraptite
|move|p2b: Basculegion|Aqua Jet|p1b: Garchomp
|-damage|p1b: Garchomp|0 fnt
|-damage|p2b: Basculegion|9/100 psn|[from] ability: Rough Skin|[of] p1b: Garchomp
|faint|p1b: Garchomp
|move|p2a: Kingambit|Sucker Punch||[still]
|-fail|p2a: Kingambit
|move|p1a: Staraptor|Roost|p1a: Staraptor
|-heal|p1a: Staraptor|70/100
|-singleturn|p1a: Staraptor|move: Roost
|
|-damage|p2b: Basculegion|0 fnt|[from] psn
|faint|p2b: Basculegion
|upkeep
|
|t:|1786061604
|switch|p2b: Garchomp|Garchomp, L50, M|57/100
|-status|p2b: Garchomp|tox
|turn|8
|
|t:|1786061652
|move|p2a: Kingambit|Sucker Punch|p1a: Staraptor
|-resisted|p1a: Staraptor|1
|-damage|p1a: Staraptor|40/100
|move|p1a: Staraptor|Close Combat|p2a: Kingambit
|-supereffective|p2a: Kingambit|2
|-damage|p2a: Kingambit|0 fnt
|-boost|p1a: Staraptor|def|1
|-boost|p1a: Staraptor|spd|1
|faint|p2a: Kingambit
|move|p2b: Garchomp|Rock Tomb|p1a: Staraptor
|-damage|p1a: Staraptor|26/100
|-boost|p1a: Staraptor|spe|1
|
|-damage|p2b: Garchomp|51/100 tox|[from] psn
|upkeep
|turn|9
|
|t:|1786061669
|move|p1a: Staraptor|Protect|p1a: Staraptor
|-singleturn|p1a: Staraptor|Protect
|move|p2b: Garchomp|Rock Tomb|p1a: Staraptor
|-activate|p1a: Staraptor|move: Protect
|
|-damage|p2b: Garchomp|40/100 tox|[from] psn
|upkeep
|-enditem|p2b: Garchomp|Sitrus Berry|[eat]
|-heal|p2b: Garchomp|64/100 tox|[from] item: Sitrus Berry
|turn|10
|
|t:|1786061688
|move|p1a: Staraptor|Close Combat|p2b: Garchomp
|-damage|p2b: Garchomp|12/100 tox
|-boost|p1a: Staraptor|def|1
|-boost|p1a: Staraptor|spd|1
|-damage|p1a: Staraptor|14/100|[from] ability: Rough Skin|[of] p2b: Garchomp
|move|p2b: Garchomp|Rock Tomb|p1a: Staraptor
|-damage|p1a: Staraptor|3/100
|-boost|p1a: Staraptor|spe|1
|
|-damage|p2b: Garchomp|0 fnt|[from] psn
|faint|p2b: Garchomp
|
|win|Gundnub
