|j|☆felasmiguel
|j|☆Kevin-V8
|html|felasmiguelKevin-V8    
|uhtml|bestof|Game 1 of a best-of-3
|t:|1756261700
|gametype|doubles
|player|p1|felasmiguel|chuck|1054
|player|p2|Kevin-V8|ethan|1153
|gen|9
|tier|[Gen 9] VGC 2025 Reg H (Bo3)
|rated|
|rule|Species Clause: Limit one of each Pokémon
|rule|Item Clause: Limit 1 of each item
|clearpoke
|poke|p1|Metagross, L50|
|poke|p1|Mienshao, L50, M|
|poke|p1|Comfey, L50, M|
|poke|p1|Frosmoth, L50, M|
|poke|p1|Glimmora, L50, F|
|poke|p1|Ninetales-Alola, L50, F|
|poke|p2|Dragonite, L50, F|
|poke|p2|Ursaluna-Bloodmoon, L50, M|
|poke|p2|Archaludon, L50, F|
|poke|p2|Whimsicott, L50, F|
|poke|p2|Gholdengo, L50|
|poke|p2|Incineroar, L50, M|
|teampreview|4
|showteam|p1|Metagross||AssaultVest|ClearBody|HardPress,PsychicFangs,BulletPunch,StompingTantrum||||||50|,,,,,Dragon]Mienshao||FocusSash|InnerFocus|CloseCombat,FakeOut,Taunt,Coaching|||M|||50|,,,,,Fighting]Comfey||RockyHelmet|Triage|FloralHealing,DrainingKiss,Synthesis,HelpingHand|||M|||50|,,,,,Steel]Frosmoth||SafetyGoggles|IceScales|QuiverDance,IceBeam,TeraBlast,Protect|||M|||50|,,,,,Electric]Glimmora||PowerHerb|Corrosion|MeteorBeam,Toxic,SpikyShield,EarthPower|||F|||50|,,,,,Grass]Ninetales-Alola||LightClay|SnowWarning|AuroraVeil,FreezeDry,IcyWind,Protect|||F|||50|,,,,,Ghost
|showteam|p2|Dragonite||LoadedDice|Multiscale|ScaleShot,ExtremeSpeed,IceSpinner,Protect|||F|||50|,,,,,Fairy]Ursaluna-Bloodmoon||AssaultVest|MindsEye|BloodMoon,HyperVoice,EarthPower,VacuumWave|||M|||50|,,,,,Water]Archaludon||PowerHerb|Sturdy|ElectroShot,FlashCannon,DracoMeteor,Protect|||F|||50|,,,,,Stellar]Whimsicott||CovertCloak|Prankster|FakeTears,Tailwind,Encore,Moonblast|||F|||50|,,,,,Poison]Gholdengo||ChoiceSpecs|GoodasGold|MakeItRain,ShadowBall,PowerGem,SteelBeam||||||50|,,,,,Steel]Incineroar||MirrorHerb|Intimidate|FakeOut,PartingShot,KnockOff,FlareBlitz|||M|||50|,,,,,Ghost
|inactive|Battle timer is ON: inactive players will automatically lose when time's up. (requested by Kevin-V8)
|inactive|felasmiguel has 60 seconds left.
|inactive|Kevin-V8 has 60 seconds left.
|inactive|Kevin-V8 has 30 seconds left.
|
|t:|1756261769
|teamsize|p1|4
|teamsize|p2|4
|start
|switch|p1a: Metagross|Metagross, L50|100/100
|switch|p1b: Mienshao|Mienshao, L50, M|100/100
|switch|p2a: Whimsicott|Whimsicott, L50, F|100/100
|switch|p2b: Gholdengo|Gholdengo, L50|100/100
|turn|1
|inactive|felasmiguel has 30 seconds left.
|
|t:|1756261795
|move|p2a: Whimsicott|Fake Tears|p1a: Metagross
|-fail|p1a: Metagross|unboost|[from] ability: Clear Body|[of] p1a: Metagross
|move|p1b: Mienshao|Coaching|p1a: Metagross
|-boost|p1a: Metagross|atk|1
|-boost|p1a: Metagross|def|1
|move|p2b: Gholdengo|Shadow Ball|p1a: Metagross
|-supereffective|p1a: Metagross
|-damage|p1a: Metagross|11/100
|move|p1a: Metagross|Stomping Tantrum|p2b: Gholdengo
|-supereffective|p2b: Gholdengo
|-damage|p2b: Gholdengo|0 fnt
|faint|p2b: Gholdengo
|
|upkeep
|
|t:|1756261808
|switch|p2b: Ursaluna|Ursaluna-Bloodmoon, L50, M|100/100
|turn|2
|
|t:|1756261815
|switch|p1a: Comfey|Comfey, L50, M|100/100
|move|p2a: Whimsicott|Encore|p1b: Mienshao
|-start|p1b: Mienshao|Encore
|move|p2b: Ursaluna|Vacuum Wave|p1a: Comfey
|-resisted|p1a: Comfey
|-damage|p1a: Comfey|93/100
|move|p1b: Mienshao|Coaching|p1a: Comfey
|-boost|p1a: Comfey|atk|1
|-boost|p1a: Comfey|def|1
|
|upkeep
|turn|3
|
|t:|1756261835
|switch|p1b: Metagross|Metagross, L50|11/100
|move|p1a: Comfey|Floral Healing|p1b: Metagross
|-heal|p1b: Metagross|61/100
|move|p2a: Whimsicott|Moonblast|p1b: Metagross
|-resisted|p1b: Metagross
|-damage|p1b: Metagross|51/100
|move|p2b: Ursaluna|Hyper Voice|p1a: Comfey|[spread] p1a,p1b
|-crit|p1a: Comfey
|-resisted|p1b: Metagross
|-damage|p1a: Comfey|37/100
|-damage|p1b: Metagross|40/100
|
|upkeep
|turn|4
|
|t:|1756261858
|-terastallize|p1b: Metagross|Dragon
|move|p1a: Comfey|Floral Healing|p1b: Metagross
|-heal|p1b: Metagross|90/100
|move|p2a: Whimsicott|Fake Tears|p1b: Metagross
|-fail|p1b: Metagross|unboost|[from] ability: Clear Body|[of] p1b: Metagross
|move|p2b: Ursaluna|Vacuum Wave|p1b: Metagross
|-damage|p1b: Metagross|80/100
|move|p1b: Metagross|Hard Press|p2a: Whimsicott
|-supereffective|p2a: Whimsicott
|-damage|p2a: Whimsicott|0 fnt
|faint|p2a: Whimsicott
|
|upkeep
|
|t:|1756261870
|switch|p2a: Archaludon|Archaludon, L50, F|100/100
|turn|5
|
|t:|1756261880
|-terastallize|p2a: Archaludon|Stellar
|move|p1a: Comfey|Helping Hand|p1b: Metagross
|-singleturn|p1b: Metagross|Helping Hand|[of] p1a: Comfey
|move|p2a: Archaludon|Draco Meteor|p1b: Metagross
|-supereffective|p1b: Metagross
|-damage|p1b: Metagross|0 fnt
|-unboost|p2a: Archaludon|spa|2
|faint|p1b: Metagross
|move|p2b: Ursaluna|Hyper Voice|p1a: Comfey
|-damage|p1a: Comfey|0 fnt
|faint|p1a: Comfey
|
|upkeep
|
|t:|1756261888
|switch|p1a: Glimmora|Glimmora, L50, F|100/100
|switch|p1b: Mienshao|Mienshao, L50, M|100/100
|turn|6
|inactive|felasmiguel has 30 seconds left.
|
|t:|1756261914
|move|p2a: Archaludon|Protect|p2a: Archaludon
|-singleturn|p2a: Archaludon|Protect
|move|p1b: Mienshao|Close Combat|p2b: Ursaluna
|-supereffective|p2b: Ursaluna
|-damage|p2b: Ursaluna|18/100
|-unboost|p1b: Mienshao|def|1
|-unboost|p1b: Mienshao|spd|1
|move|p1a: Glimmora|Toxic|p2a: Archaludon
|-activate|p2a: Archaludon|move: Protect
|move|p2b: Ursaluna|Earth Power|p1a: Glimmora
|-supereffective|p1a: Glimmora
|-damage|p1a: Glimmora|0 fnt
|faint|p1a: Glimmora
|
|upkeep
|turn|7
|-message|felasmiguel forfeited.
|
|win|Kevin-V8
|l|☆felasmiguel
|player|p1|
|j|☆felasmiguel
|player|p1|felasmiguel|chuck|
||Kevin-V8 is ready for game 2.
||felasmiguel is ready for game 2.
|uhtml|next|Next: Game 2 of 3
