|j|☆Hawkc10ie
|j|☆Dark_zekken
|html|Hawkc10ieDark_zekken    
|uhtml|bestof|Game 3 of a best-of-3
|t:|1785517281
|gametype|doubles
|player|p1|Hawkc10ie|1|1282
|player|p2|Dark_zekken|dawn|1167
|gen|9
|tier|[Gen 9 Champions] VGC 2026 Reg M-B (Bo3)
|rated|
|rule|Species Clause: Limit one of each Pokémon
|rule|Item Clause: Limit 1 of each item
|clearpoke
|poke|p1|Charizard, L50, M|
|poke|p1|Tyranitar, L50, F|
|poke|p1|Toxapex, L50, F|
|poke|p1|Whimsicott, L50, F|
|poke|p1|Garchomp, L50, F|
|poke|p1|Archaludon, L50, F|
|poke|p2|Floette-Eternal, L50, F|
|poke|p2|Ceruledge, L50, F|
|poke|p2|Whimsicott, L50, F|
|poke|p2|Samurott-Hisui, L50, M|
|poke|p2|Sneasler, L50, M|
|poke|p2|Charizard, L50, F|
|teampreview|4
|showteam|p1|Charizard||CharizarditeY|Blaze|Protect,HeatWave,WeatherBall,SolarBeam|Modest||M|||50|]Tyranitar||ChopleBerry|SandStream|RockSlide,LowKick,KnockOff,IcePunch|Adamant||F|||50|]Toxapex||Leftovers|Regenerator|BanefulBunker,Toxic,Infestation,WideGuard|Impish||F|||50|]Whimsicott||FocusSash|Prankster|SunnyDay,Tailwind,Moonblast,Encore|Timid||F|||50|]Garchomp||LifeOrb|RoughSkin|Protect,Earthquake,DragonClaw,RockSlide|Jolly||F|||50|]Archaludon||ChoiceScarf|Stalwart|FlashCannon,DracoMeteor,SteelBeam,Thunderbolt|Timid||F|||50|
|showteam|p2|Floette-Eternal||Floettite|FlowerVeil|Protect,Moonblast,DrainingKiss,LightofRuin|Timid||F|||50|]Ceruledge||LifeOrb|FlashFire|Poltergeist,BitterBlade,ShadowSneak,Protect|Adamant||F|||50|]Whimsicott||FocusSash|Prankster|Moonblast,Tailwind,SunnyDay,Protect|Bold||F|||50|]Samurott-Hisui||BlackGlasses|Sharpness|SacredSword,CeaselessEdge,SuckerPunch,Detect|Adamant||M|||50|]Sneasler||WhiteHerb|Unburden|CloseCombat,DireClaw,FakeOut,Protect|Jolly||M|||50|]Charizard||CharizarditeY|SolarPower|WeatherBall,SolarBeam,HeatWave,Protect|Timid||F|||50|
|inactive|Battle timer is ON: inactive players will automatically lose when time's up. (requested by Dark_zekken)
|
|t:|1785517301
|teamsize|p1|4
|teamsize|p2|4
|start
|switch|p1a: Charizard|Charizard, L50, M|100/100
|switch|p1b: Toxapex|Toxapex, L50, F|100/100
|switch|p2a: Whimsicott|Whimsicott, L50, F|100/100
|switch|p2b: Sneasler|Sneasler, L50, M|100/100
|turn|1
|
|t:|1785517309
|detailschange|p1a: Charizard|Charizard-Mega-Y, L50, M
|-mega|p1a: Charizard|Charizard|Charizardite Y
|-weather|SunnyDay|[from] ability: Drought|[of] p1a: Charizard
|move|p2b: Sneasler|Fake Out|p1a: Charizard
|-damage|p1a: Charizard|83/100
|move|p2a: Whimsicott|Tailwind|p2a: Whimsicott
|-sidestart|p2: Dark_zekken|move: Tailwind
|cant|p1a: Charizard|flinch
|move|p1b: Toxapex|Infestation|p2b: Sneasler
|-resisted|p2b: Sneasler|2
|-damage|p2b: Sneasler|99/100
|-activate|p2b: Sneasler|move: Infestation|[of] p1b: Toxapex
|
|-weather|SunnyDay|[upkeep]
|-damage|p2b: Sneasler|87/100|[from] move: Infestation|[partiallytrapped]
|upkeep
|turn|2
|
|t:|1785517322
|move|p2b: Sneasler|Dire Claw|p1a: Charizard
|-crit|p1a: Charizard
|-damage|p1a: Charizard|7/100
|move|p2a: Whimsicott|Moonblast|p1a: Charizard
|-resisted|p1a: Charizard|1
|-damage|p1a: Charizard|0 fnt
|faint|p1a: Charizard
|move|p1b: Toxapex|Toxic|p2a: Whimsicott
|-status|p2a: Whimsicott|tox
|
|-weather|SunnyDay|[upkeep]
|-damage|p2a: Whimsicott|94/100 tox|[from] psn
|-damage|p2b: Sneasler|75/100|[from] move: Infestation|[partiallytrapped]
|upkeep
|
|t:|1785517331
|switch|p1a: Whimsicott|Whimsicott, L50, F|100/100
|turn|3
|
|t:|1785517337
|move|p1a: Whimsicott|Tailwind|p1a: Whimsicott
|-sidestart|p1: Hawkc10ie|move: Tailwind
|move|p2b: Sneasler|Dire Claw|p1a: Whimsicott
|-supereffective|p1a: Whimsicott|2
|-enditem|p1a: Whimsicott|Focus Sash
|-damage|p1a: Whimsicott|1/100
|-status|p1a: Whimsicott|par
|move|p2a: Whimsicott|Moonblast|p1a: Whimsicott
|-damage|p1a: Whimsicott|0 fnt
|faint|p1a: Whimsicott
|move|p1b: Toxapex|Infestation|p2a: Whimsicott
|-damage|p2a: Whimsicott|89/100 tox
|-activate|p2a: Whimsicott|move: Infestation|[of] p1b: Toxapex
|
|-weather|SunnyDay|[upkeep]
|-damage|p2a: Whimsicott|77/100 tox|[from] psn
|-damage|p2b: Sneasler|63/100|[from] move: Infestation|[partiallytrapped]
|-damage|p2a: Whimsicott|65/100 tox|[from] move: Infestation|[partiallytrapped]
|upkeep
|
|t:|1785517341
|switch|p1a: Garchomp|Garchomp, L50, F|100/100
|turn|4
|
|t:|1785517346
|move|p1b: Toxapex|Wide Guard|p1b: Toxapex
|-singleturn|p1b: Toxapex|Wide Guard
|move|p2b: Sneasler|Close Combat|p1a: Garchomp
|-damage|p1a: Garchomp|37/100
|-unboost|p2b: Sneasler|def|1
|-unboost|p2b: Sneasler|spd|1
|-damage|p2b: Sneasler|50/100g|[from] ability: Rough Skin|[of] p1a: Garchomp
|-enditem|p2b: Sneasler|White Herb
|-clearnegativeboost|p2b: Sneasler|[silent]
|move|p1a: Garchomp|Earthquake|p2b: Sneasler|[spread] p2a,p2b
|-activate|p1b: Toxapex|move: Wide Guard
|-resisted|p2a: Whimsicott|1
|-supereffective|p2b: Sneasler|1
|-damage|p2a: Whimsicott|46/100 tox
|-damage|p2b: Sneasler|0 fnt
|faint|p2b: Sneasler
|-damage|p1a: Garchomp|28/100|[from] item: Life Orb
|move|p2a: Whimsicott|Moonblast|p1a: Garchomp
|-supereffective|p1a: Garchomp|1
|-damage|p1a: Garchomp|0 fnt
|faint|p1a: Garchomp
|
|-weather|SunnyDay|[upkeep]
|-damage|p2a: Whimsicott|28/100 tox|[from] psn
|-damage|p2a: Whimsicott|16/100 tox|[from] move: Infestation|[partiallytrapped]
|-sideend|p2: Dark_zekken|move: Tailwind
|upkeep
|
|t:|1785517357
|switch|p2b: Samurott|Samurott-Hisui, L50, M|100/100
|turn|5
|
|t:|1785517365
|move|p2a: Whimsicott|Tailwind|p2a: Whimsicott
|-sidestart|p2: Dark_zekken|move: Tailwind
|move|p2b: Samurott|Ceaseless Edge|p1b: Toxapex
|-damage|p1b: Toxapex|63/100
|-sidestart|p1: Hawkc10ie|Spikes
|move|p1b: Toxapex|Toxic|p2b: Samurott
|-status|p2b: Samurott|tox
|
|-weather|none
|-heal|p1b: Toxapex|69/100|[from] item: Leftovers
|-damage|p2a: Whimsicott|0 fnt|[from] psn
|faint|p2a: Whimsicott
|-damage|p2b: Samurott|94/100 tox|[from] psn
|upkeep
|
|t:|1785517372
|switch|p2a: Floette|Floette-Eternal, L50, F|100/100
|turn|6
|
|t:|1785517377
|detailschange|p2a: Floette|Floette-Mega, L50, F
|-mega|p2a: Floette|Floette|Floettite
|-ability|p2a: Floette|Fairy Aura
|move|p2a: Floette|Light of Ruin|p1b: Toxapex
|-resisted|p1b: Toxapex|1
|-damage|p1b: Toxapex|26/100
|-damage|p2a: Floette|77/100|[from] Recoil
|move|p2b: Samurott|Ceaseless Edge|p1b: Toxapex
|-damage|p1b: Toxapex|0 fnt
|-sidestart|p1: Hawkc10ie|Spikes
|faint|p1b: Toxapex
|
|win|Dark_zekken
|raw|Hawkc10ie's rating: 1282 → 1249(-33 for losing)
|raw|Dark_zekken's rating: 1167 → 1200(+33 for winning)
|c|☆Dark_zekken|ggs
|l|☆Hawkc10ie
|player|p1|
