|j|☆mimmomaca98
|j|☆Auragap
|html|mimmomaca98Auragap    
|uhtml|bestof|Game 2 of a best-of-3
|t:|1757813277
|gametype|doubles
|player|p1|mimmomaca98|wattson|1026
|player|p2|Auragap|byron|1058
|gen|9
|tier|[Gen 9] VGC 2025 Reg H (Bo3)
|rated|
|rule|Species Clause: Limit one of each Pokémon
|rule|Item Clause: Limit 1 of each item
|clearpoke
|poke|p1|Indeedee, L50, M|
|poke|p1|Sneasler, L50, M|
|poke|p1|Corviknight, L50, F|
|poke|p1|Tinkaton, L50, F|
|poke|p1|Ursaluna-Bloodmoon, L50, M|
|poke|p1|Garchomp, L50, F|
|poke|p2|Tauros-Paldea-Aqua, L50, M|
|poke|p2|Amoonguss, L50, M|
|poke|p2|Pelipper, L50, M|
|poke|p2|Archaludon, L50, M|
|poke|p2|Annihilape, L50, M|
|poke|p2|Maushold-Four, L50|
|teampreview|4
|showteam|p1|Indeedee||ChoiceSpecs|PsychicSurge|DazzlingGleam,ExpandingForce,ShadowBall,EnergyBall|||M|||50|,,,,,Psychic]Sneasler||PsychicSeed|Unburden|Acrobatics,CloseCombat,DireClaw,Protect|||M|||50|,,,,,Fighting]Corviknight||Leftovers|MirrorArmor|Tailwind,IronDefense,BodyPress,BraveBird|||F|||50|,,,,,Flying]Tinkaton||AssaultVest|OwnTempo|FakeOut,GigatonHammer,IceHammer,KnockOff|||F|||50|,,,,,Fairy]Ursaluna-Bloodmoon||LifeOrb|MindsEye|BloodMoon,CalmMind,HyperVoice,VacuumWave|||M|||50|,,,,,Normal]Garchomp||ChoiceScarf|RoughSkin|Earthquake,StompingTantrum,DragonClaw,RockSlide|||F|||50|,,,,,Dragon
|showteam|p2|Tauros-Paldea-Aqua||MirrorHerb|Intimidate|WaveCrash,AquaJet,Protect,CloseCombat|||M|||50|,,,,,Stellar]Amoonguss||SitrusBerry|Regenerator|SludgeBomb,Spore,RagePowder,Protect|||M|||50|,,,,,Water]Pelipper||FocusSash|Drizzle|Hurricane,Tailwind,WideGuard,HelpingHand|||M|||50|,,,,,Ghost]Archaludon||SafetyGoggles|Stamina|ElectroShot,DracoMeteor,Protect,Snarl|||M|||50|,,,,,Electric]Annihilape||ChoiceScarf|Defiant|RageFist,FinalGambit,Coaching,RockSlide|||M|||50|,,,,,Fire]Maushold-Four||WideLens|FriendGuard|PopulationBomb,FollowMe,Protect,BeatUp||||||50|,,,,,Grass
|inactive|Battle timer is ON: inactive players will automatically lose when time's up. (requested by mimmomaca98)
|
|t:|1757813302
|teamsize|p1|4
|teamsize|p2|4
|start
|switch|p1a: Corviknight|Corviknight, L50, F|100/100
|switch|p1b: Garchomp|Garchomp, L50, F|100/100
|switch|p2a: Archaludon|Archaludon, L50, M|100/100
|switch|p2b: Pelipper|Pelipper, L50, M|100/100
|-weather|RainDance|[from] ability: Drizzle|[of] p2b: Pelipper
|turn|1
|
|t:|1757813331
|move|p2b: Pelipper|Wide Guard|p2b: Pelipper
|-singleturn|p2b: Pelipper|Wide Guard
|move|p1b: Garchomp|Stomping Tantrum|p2a: Archaludon
|-supereffective|p2a: Archaludon
|-damage|p2a: Archaludon|27/100
|-ability|p2a: Archaludon|Stamina|boost
|-boost|p2a: Archaludon|def|1
|move|p2a: Archaludon|Draco Meteor|p1b: Garchomp|[miss]
|-miss|p2a: Archaludon|p1b: Garchomp
|move|p1a: Corviknight|Tailwind|p1a: Corviknight
|-sidestart|p1: mimmomaca98|move: Tailwind
|
|-weather|RainDance|[upkeep]
|upkeep
|turn|2
|
|t:|1757813346
|move|p2a: Archaludon|Protect|p2a: Archaludon
|-singleturn|p2a: Archaludon|Protect
|move|p1b: Garchomp|Stomping Tantrum|p2a: Archaludon
|-activate|p2a: Archaludon|move: Protect
|move|p1a: Corviknight|Iron Defense|p1a: Corviknight
|-boost|p1a: Corviknight|def|2
|move|p2b: Pelipper|Tailwind|p2b: Pelipper
|-sidestart|p2: Auragap|move: Tailwind
|
|-weather|RainDance|[upkeep]
|upkeep
|turn|3
|
|t:|1757813370
|switch|p1b: Indeedee|Indeedee, L50, M|100/100
|-fieldstart|move: Psychic Terrain|[from] ability: Psychic Surge|[of] p1b: Indeedee
|move|p2a: Archaludon|Electro Shot||[still]
|-prepare|p2a: Archaludon|Electro Shot
|-boost|p2a: Archaludon|spa|1
|-anim|p2a: Archaludon|Electro Shot|p1a: Corviknight
|-supereffective|p1a: Corviknight
|-damage|p1a: Corviknight|0 fnt
|faint|p1a: Corviknight
|move|p2b: Pelipper|Hurricane|p1b: Indeedee
|-damage|p1b: Indeedee|33/100
|
|-weather|RainDance|[upkeep]
|upkeep
|
|t:|1757813379
|switch|p1a: Sneasler|Sneasler, L50, M|100/100
|-enditem|p1a: Sneasler|Psychic Seed
|-boost|p1a: Sneasler|spd|1|[from] item: Psychic Seed
|turn|4
|inactive|mimmomaca98 has 30 seconds left.
|inactive|Auragap has 30 seconds left.
|
|t:|1757813416
|-terastallize|p1b: Indeedee|Psychic
|-terastallize|p2b: Pelipper|Ghost
|move|p2b: Pelipper|Wide Guard|p2b: Pelipper
|-singleturn|p2b: Pelipper|Wide Guard
|move|p1a: Sneasler|Dire Claw|p2b: Pelipper
|-resisted|p2b: Pelipper
|-damage|p2b: Pelipper|72/100
|-status|p2b: Pelipper|psn
|move|p1b: Indeedee|Expanding Force|p2b: Pelipper|[spread] 
|-activate|p2a: Archaludon|move: Wide Guard
|-activate|p2b: Pelipper|move: Wide Guard
|move|p2a: Archaludon|Electro Shot||[still]
|-prepare|p2a: Archaludon|Electro Shot
|-boost|p2a: Archaludon|spa|1
|-anim|p2a: Archaludon|Electro Shot|p1a: Sneasler
|-damage|p1a: Sneasler|15/100
|
|-weather|RainDance|[upkeep]
|-damage|p2b: Pelipper|59/100 psn|[from] psn
|-sideend|p1: mimmomaca98|move: Tailwind
|upkeep
|turn|5
|inactive|mimmomaca98 has 30 seconds left.
|inactive|Auragap has 30 seconds left.
|
|t:|1757813448
|move|p1a: Sneasler|Close Combat|p2a: Archaludon
|-supereffective|p2a: Archaludon
|-damage|p2a: Archaludon|0 fnt
|-unboost|p1a: Sneasler|def|1
|-unboost|p1a: Sneasler|spd|1
|faint|p2a: Archaludon
|move|p2b: Pelipper|Hurricane|p1a: Sneasler
|-supereffective|p1a: Sneasler
|-damage|p1a: Sneasler|0 fnt
|faint|p1a: Sneasler
|move|p1b: Indeedee|Expanding Force|p2b: Pelipper
|-damage|p2b: Pelipper|0 fnt
|faint|p2b: Pelipper
|
|-weather|none
|-sideend|p2: Auragap|move: Tailwind
|upkeep
|
|t:|1757813461
|switch|p1a: Garchomp|Garchomp, L50, F|100/100
|switch|p2a: Annihilape|Annihilape, L50, M|100/100
|switch|p2b: Maushold|Maushold-Four, L50|100/100
|turn|6
|
|t:|1757813481
|move|p1a: Garchomp|Earthquake|p2a: Annihilape|[spread] p1b,p2a,p2b
|-damage|p1b: Indeedee|0 fnt
|-damage|p2a: Annihilape|67/100
|-damage|p2b: Maushold|30/100
|faint|p1b: Indeedee
|move|p2a: Annihilape|Final Gambit|p1a: Garchomp
|-damage|p1a: Garchomp|24/100
|faint|p2a: Annihilape
|move|p2b: Maushold|Population Bomb|p1a: Garchomp
|-damage|p1a: Garchomp|17/100
|-damage|p2b: Maushold|18/100|[from] ability: Rough Skin|[of] p1a: Garchomp
|-damage|p1a: Garchomp|9/100
|-damage|p2b: Maushold|6/100|[from] ability: Rough Skin|[of] p1a: Garchomp
|-damage|p1a: Garchomp|0 fnt
|-damage|p2b: Maushold|0 fnt|[from] ability: Rough Skin|[of] p1a: Garchomp
|faint|p1a: Garchomp
|faint|p2b: Maushold
|
|win|Auragap
|-hitcount|p1: Garchomp|3
|raw|mimmomaca98's rating: 1026 → 1013(-13 for losing)
|raw|Auragap's rating: 1058 → 1086(+28 for winning)
|l|☆mimmomaca98
|player|p1|
