|j|☆jxnh
|j|☆Chandeliere
|html|jxnhChandeliere    
|uhtml|bestof|Game 3 of a best-of-3
|t:|1756512384
|gametype|doubles
|player|p1|jxnh|102|1142
|player|p2|Chandeliere|ethan|1224
|gen|9
|tier|[Gen 9] VGC 2025 Reg H (Bo3)
|rated|
|rule|Species Clause: Limit one of each Pokémon
|rule|Item Clause: Limit 1 of each item
|clearpoke
|poke|p1|Corviknight, L50, M|
|poke|p1|Sneasler, L50, F|
|poke|p1|Garchomp, L50, M|
|poke|p1|Incineroar, L50, M|
|poke|p1|Araquanid, L50, M|
|poke|p1|Ursaluna-Bloodmoon, L50, M|
|poke|p2|Incineroar, L50, M|
|poke|p2|Dragonite, L50, M|
|poke|p2|Porygon2, L50|
|poke|p2|Ursaluna-Bloodmoon, L50, M|
|poke|p2|Ninetales-Alola, L50, F|
|poke|p2|Annihilape, L50, M|
|teampreview|4
|showteam|p1|Corviknight||Leftovers|MirrorArmor|DualWingbeat,BodyPress,IronDefense,Protect|||M|||50|,,,,,Fire]Sneasler||FocusSash|Unburden|DireClaw,CloseCombat,Coaching,Protect|||F|||50|,,,,,Ghost]Garchomp||LoadedDice|RoughSkin|StompingTantrum,Earthquake,ScaleShot,Protect|||M|||50|,,,,,Fairy]Incineroar||SitrusBerry|Intimidate|FakeOut,KnockOff,PartingShot,FlareBlitz|||M|||50|,,,,,Ghost]Araquanid||RoomService|WaterBubble|Liquidation,LeechLife,WideGuard,Protect|||M|||50|,,,,,Grass]Ursaluna-Bloodmoon||AssaultVest|MindsEye|HyperVoice,EarthPower,BloodMoon,Snarl|||M|||50|,,,,,Grass
|showteam|p2|Incineroar||ChopleBerry|Intimidate|FlareBlitz,KnockOff,FakeOut,PartingShot|||M|||50|,,,,,Grass]Dragonite||LoadedDice|Multiscale|ScaleShot,Tailwind,Haze,Protect|||M|||50|,,,,,Steel]Porygon2||Eviolite|Download|TeraBlast,IceBeam,Recover,TrickRoom||||||50|,,,,,Fighting]Ursaluna-Bloodmoon||AssaultVest|MindsEye|HyperVoice,BloodMoon,VacuumWave,EarthPower|||M|||50|,,,,,Water]Ninetales-Alola||LightClay|SnowWarning|IcicleSpear,Encore,IcyWind,AuroraVeil|||F|||50|,,,,,Ghost]Annihilape||SafetyGoggles|Defiant|DrainPunch,RageFist,BulkUp,Protect|||M|||50|,,,,,Fire
|inactive|Battle timer is ON: inactive players will automatically lose when time's up. (requested by jxnh)
|
|t:|1756512428
|teamsize|p1|4
|teamsize|p2|4
|start
|switch|p1a: Ursaluna|Ursaluna-Bloodmoon, L50, M|100/100
|switch|p1b: Garchomp|Garchomp, L50, M|100/100
|switch|p2a: Ninetales|Ninetales-Alola, L50, F|100/100
|switch|p2b: Annihilape|Annihilape, L50, M|100/100
|-weather|Snowscape|[from] ability: Snow Warning|[of] p2a: Ninetales
|turn|1
|inactive|Chandeliere has 30 seconds left.
|
|t:|1756512459
|move|p2a: Ninetales|Icy Wind|p1b: Garchomp|[spread] p1a,p1b
|-supereffective|p1a: Ursaluna
|-supereffective|p1b: Garchomp
|-crit|p1b: Garchomp
|-damage|p1a: Ursaluna|80/100
|-damage|p1b: Garchomp|16/100
|-unboost|p1a: Ursaluna|spe|1
|-unboost|p1b: Garchomp|spe|1
|move|p2b: Annihilape|Bulk Up|p2b: Annihilape
|-boost|p2b: Annihilape|atk|1
|-boost|p2b: Annihilape|def|1
|move|p1b: Garchomp|Scale Shot|p2b: Annihilape
|-damage|p2b: Annihilape|90/100
|-damage|p2b: Annihilape|80/100
|-damage|p2b: Annihilape|70/100
|-damage|p2b: Annihilape|62/100
|-damage|p2b: Annihilape|52/100
|-hitcount|p2b: Annihilape|5
|-unboost|p1b: Garchomp|def|1
|-boost|p1b: Garchomp|spe|1
|move|p1a: Ursaluna|Blood Moon|p2b: Annihilape
|-damage|p2b: Annihilape|0 fnt
|faint|p2b: Annihilape
|
|-weather|Snowscape|[upkeep]
|upkeep
|inactive|Chandeliere has 30 seconds left.
|
|t:|1756512485
|switch|p2b: Ursaluna|Ursaluna-Bloodmoon, L50, M|100/100
|turn|2
|
|t:|1756512494
|move|p1b: Garchomp|Protect|p1b: Garchomp
|-singleturn|p1b: Garchomp|Protect
|move|p2a: Ninetales|Icy Wind|p1b: Garchomp|[spread] p1a
|-activate|p1b: Garchomp|move: Protect
|-supereffective|p1a: Ursaluna
|-damage|p1a: Ursaluna|60/100
|-unboost|p1a: Ursaluna|spe|1
|move|p2b: Ursaluna|Blood Moon|p1a: Ursaluna
|-damage|p1a: Ursaluna|6/100
|move|p1a: Ursaluna|Snarl|p2a: Ninetales|[spread] p2a,p2b
|-resisted|p2a: Ninetales
|-damage|p2a: Ninetales|92/100
|-damage|p2b: Ursaluna|88/100
|-unboost|p2a: Ninetales|spa|1
|-unboost|p2b: Ursaluna|spa|1
|
|-weather|Snowscape|[upkeep]
|upkeep
|turn|3
|
|t:|1756512518
|switch|p1b: Incineroar|Incineroar, L50, M|100/100
|-ability|p1b: Incineroar|Intimidate|boost
|-unboost|p2a: Ninetales|atk|1
|-unboost|p2b: Ursaluna|atk|1
|switch|p2b: Dragonite|Dragonite, L50, M|100/100
|move|p2a: Ninetales|Icy Wind|p1a: Ursaluna|[spread] p1a,p1b
|-supereffective|p1a: Ursaluna
|-resisted|p1b: Incineroar
|-damage|p1a: Ursaluna|0 fnt
|-damage|p1b: Incineroar|97/100
|-unboost|p1b: Incineroar|spe|1
|faint|p1a: Ursaluna
|
|-weather|Snowscape|[upkeep]
|upkeep
|
|t:|1756512532
|switch|p1a: Sneasler|Sneasler, L50, F|100/100
|turn|4
|
|t:|1756512550
|-terastallize|p2a: Ninetales|Ghost
|move|p2b: Dragonite|Protect|p2b: Dragonite
|-singleturn|p2b: Dragonite|Protect
|move|p1b: Incineroar|Fake Out|p2b: Dragonite
|-activate|p2b: Dragonite|move: Protect
|move|p1a: Sneasler|Dire Claw|p2a: Ninetales
|-resisted|p2a: Ninetales
|-damage|p2a: Ninetales|69/100
|-status|p2a: Ninetales|par
|move|p2a: Ninetales|Icy Wind|p1a: Sneasler|[spread] p1a,p1b
|-resisted|p1b: Incineroar
|-damage|p1a: Sneasler|90/100
|-damage|p1b: Incineroar|94/100
|-unboost|p1a: Sneasler|spe|1
|-unboost|p1b: Incineroar|spe|1
|
|-weather|Snowscape|[upkeep]
|upkeep
|turn|5
|
|t:|1756512573
|move|p1a: Sneasler|Protect|p1a: Sneasler
|-singleturn|p1a: Sneasler|Protect
|move|p2b: Dragonite|Scale Shot|p1a: Sneasler
|-activate|p1a: Sneasler|move: Protect
|move|p2a: Ninetales|Aurora Veil|p2a: Ninetales
|-sidestart|p2: Chandeliere|move: Aurora Veil
|move|p1b: Incineroar|Parting Shot|p2b: Dragonite
|-unboost|p2b: Dragonite|atk|1
|-unboost|p2b: Dragonite|spa|1
|
|t:|1756512582
|switch|p1b: Garchomp|Garchomp, L50, M|16/100|[from] Parting Shot
|
|-weather|none
|upkeep
|turn|6
|inactive|Chandeliere has 30 seconds left.
|
|t:|1756512617
|switch|p1a: Incineroar|Incineroar, L50, M|94/100
|-ability|p1a: Incineroar|Intimidate|boost
|-unboost|p2a: Ninetales|atk|1
|-unboost|p2b: Dragonite|atk|1
|move|p1b: Garchomp|Protect|p1b: Garchomp
|-singleturn|p1b: Garchomp|Protect
|move|p2b: Dragonite|Scale Shot|p1a: Incineroar
|-damage|p1a: Incineroar|88/100
|-damage|p1a: Incineroar|81/100
|-damage|p1a: Incineroar|75/100
|-damage|p1a: Incineroar|67/100
|-hitcount|p1a: Incineroar|4
|-unboost|p2b: Dragonite|def|1
|-boost|p2b: Dragonite|spe|1
|move|p2a: Ninetales|Icy Wind|p1a: Incineroar|[spread] p1a
|-activate|p1b: Garchomp|move: Protect
|-resisted|p1a: Incineroar
|-damage|p1a: Incineroar|64/100
|-unboost|p1a: Incineroar|spe|1
|
|upkeep
|turn|7
|inactive|jxnh has 30 seconds left.
|inactive|Chandeliere has 30 seconds left.
|inactive|jxnh has 20 seconds left.
|inactive|jxnh has 15 seconds left.
|inactive|Chandeliere has 20 seconds left.
|inactive|jxnh has 10 seconds left.
|inactive|Chandeliere has 15 seconds left.
|inactive|Chandeliere has 10 seconds left.
|inactive|Chandeliere has 5 seconds left.
|
|t:|1756512672
|-terastallize|p1b: Garchomp|Fairy
|move|p2b: Dragonite|Haze|p2b: Dragonite
|-clearallboost
|move|p1b: Garchomp|Scale Shot|p2b: Dragonite
|-supereffective|p2b: Dragonite
|-damage|p2b: Dragonite|90/100
|-supereffective|p2b: Dragonite
|-damage|p2b: Dragonite|70/100
|-supereffective|p2b: Dragonite
|-damage|p2b: Dragonite|51/100
|-supereffective|p2b: Dragonite
|-damage|p2b: Dragonite|29/100
|-hitcount|p2b: Dragonite|4
|-unboost|p1b: Garchomp|def|1
|-boost|p1b: Garchomp|spe|1
|move|p1a: Incineroar|Knock Off|p2a: Ninetales
|-supereffective|p2a: Ninetales
|-damage|p2a: Ninetales|4/100 par
|-enditem|p2a: Ninetales|Light Clay|[from] move: Knock Off|[of] p1a: Incineroar
|cant|p2a: Ninetales|par
|
|upkeep
|turn|8
|inactive|Chandeliere has 30 seconds left.
|inactive|Chandeliere has 20 seconds left.
|inactive|Chandeliere has 15 seconds left.
|
|t:|1756512714
|move|p1b: Garchomp|Scale Shot|p2b: Dragonite
|-supereffective|p2b: Dragonite
|-damage|p2b: Dragonite|8/100
|-supereffective|p2b: Dragonite
|-damage|p2b: Dragonite|0 fnt
|faint|p2b: Dragonite
|-hitcount|p2: Dragonite|2
|-unboost|p1b: Garchomp|def|1
|-boost|p1b: Garchomp|spe|1
|move|p1a: Incineroar|Knock Off|p2a: Ninetales
|-supereffective|p2a: Ninetales
|-damage|p2a: Ninetales|0 fnt
|faint|p2a: Ninetales
|
|upkeep
|
|t:|1756512727
|switch|p2a: Ursaluna|Ursaluna-Bloodmoon, L50, M|88/100
|turn|9
|
|t:|1756512741
|move|p1b: Garchomp|Scale Shot|p2a: Ursaluna|[miss]
|-miss|p1b: Garchomp|p2a: Ursaluna
|move|p2a: Ursaluna|Hyper Voice|p1b: Garchomp|[spread] p1a,p1b
|-damage|p1a: Incineroar|37/100
|-damage|p1b: Garchomp|0 fnt
|-enditem|p1a: Incineroar|Sitrus Berry|[eat]
|-heal|p1a: Incineroar|62/100|[from] item: Sitrus Berry
|faint|p1b: Garchomp
|move|p1a: Incineroar|Parting Shot|p2a: Ursaluna
|-unboost|p2a: Ursaluna|atk|1
|-unboost|p2a: Ursaluna|spa|1
|
|t:|1756512750
|switch|p1a: Sneasler|Sneasler, L50, F|90/100|[from] Parting Shot
|
|upkeep
|
|t:|1756512754
|switch|p1b: Incineroar|Incineroar, L50, M|62/100
|-ability|p1b: Incineroar|Intimidate|boost
|-unboost|p2a: Ursaluna|atk|1
|turn|10
|
|t:|1756512765
|move|p1b: Incineroar|Fake Out|p2a: Ursaluna
|-damage|p2a: Ursaluna|82/100
|move|p1a: Sneasler|Close Combat|p2a: Ursaluna
|-supereffective|p2a: Ursaluna
|-damage|p2a: Ursaluna|26/100
|-unboost|p1a: Sneasler|def|1
|-unboost|p1a: Sneasler|spd|1
|cant|p2a: Ursaluna|flinch
|
|upkeep
|turn|11
|inactive|Chandeliere has 30 seconds left.
|inactive|Chandeliere has 20 seconds left.
|
|t:|1756512803
|move|p1a: Sneasler|Close Combat|p2a: Ursaluna
|-supereffective|p2a: Ursaluna
|-damage|p2a: Ursaluna|0 fnt
|-unboost|p1a: Sneasler|def|1
|-unboost|p1a: Sneasler|spd|1
|faint|p2a: Ursaluna
|
|win|jxnh
|raw|jxnh's rating: 1142 → 1173(+31 for winning)
|raw|Chandeliere's rating: 1224 → 1193(-31 for losing)
