|j|☆bartcr0987
|j|☆regalac3
|html|bartcr0987regalac3    
|uhtml|bestof|Game 1 of a best-of-3
|t:|1783051060
|gametype|doubles
|player|p1|bartcr0987|1|1187
|player|p2|regalac3|n|1128
|gen|9
|tier|[Gen 9 Champions] VGC 2026 Reg M-B (Bo3)
|rated|
|rule|Species Clause: Limit one of each Pokémon
|rule|Item Clause: Limit 1 of each item
|clearpoke
|poke|p1|Charizard, L50, M, shiny|
|poke|p1|Sneasler, L50, M, shiny|
|poke|p1|Floette-Eternal, L50, F|
|poke|p1|Kingambit, L50, F, shiny|
|poke|p1|Basculegion, L50, M|
|poke|p1|Farigiraf, L50, M|
|poke|p2|Aerodactyl, L50, M|
|poke|p2|Pyroar, L50, F|
|poke|p2|Farigiraf, L50, F|
|poke|p2|Mamoswine, L50, M|
|poke|p2|Venusaur, L50, F|
|poke|p2|Torkoal, L50, F|
|teampreview|4
|showteam|p1|Charizard||CharizarditeY|SolarPower|HeatWave,SolarBeam,WeatherBall,Protect|Timid||M|||50|]Sneasler||FocusSash|PoisonTouch|PoisonJab,CloseCombat,Protect,FakeOut|Jolly||M|||50|]Floette-Eternal||Floettite|FlowerVeil|Moonblast,DazzlingGleam,LightofRuin,Protect|Modest||F|||50|]Kingambit||BlackGlasses|Defiant|KowtowCleave,SuckerPunch,SwordsDance,Protect|Adamant||F|||50|]Basculegion||ChoiceScarf|Adaptability|LastRespects,WaveCrash,AquaJet,FlipTurn|Jolly||M|||50|]Farigiraf||SitrusBerry|ArmorTail|TrickRoom,FoulPlay,Psychic,RainDance|Bold||M|||50|
|showteam|p2|Aerodactyl||Aerodactylite|Unnerve|RockSlide,DualWingbeat,IceFang,Tailwind|Jolly||M|||50|]Pyroar||Pyroarite|Unnerve|HeatWave,SolarBeam,Overheat,Protect|Timid||F|||50|]Farigiraf||SitrusBerry|ArmorTail|Psychic,Thunderbolt,HelpingHand,TrickRoom|Modest||F|||50|]Mamoswine||LifeOrb|Oblivious|IcicleCrash,HighHorsepower,IceShard,Protect|Adamant||M|||50|]Venusaur||FocusSash|Chlorophyll|LeafStorm,SludgeBomb,SleepPowder,Protect|Modest||F|||50|]Torkoal||Charcoal|Drought|Eruption,WeatherBall,HelpingHand,Protect|Quiet||F|||50|
|
|t:|1783051105
|teamsize|p1|4
|teamsize|p2|4
|start
|switch|p1a: Oscar|Basculegion, L50, M|100/100
|switch|p1b: Sneasler|Sneasler, L50, M, shiny|100/100
|switch|p2a: Venusaur|Venusaur, L50, F|100/100
|switch|p2b: Farigiraf|Farigiraf, L50, F|100/100
|turn|1
|
|t:|1783051138
|switch|p2b: Torkoal|Torkoal, L50, F|100/100
|-weather|SunnyDay|[from] ability: Drought|[of] p2b: Torkoal
|move|p2a: Venusaur|Leaf Storm|p1a: Oscar
|-supereffective|p1a: Oscar|1
|-damage|p1a: Oscar|0 fnt
|-unboost|p2a: Venusaur|spa|2
|faint|p1a: Oscar
|move|p1b: Sneasler|Close Combat|p2b: Torkoal
|-damage|p2b: Torkoal|48/100
|-unboost|p1b: Sneasler|def|1
|-unboost|p1b: Sneasler|spd|1
|
|-weather|SunnyDay|[upkeep]
|upkeep
|
|t:|1783051146
|switch|p1a: Charizard|Charizard, L50, M, shiny|100/100
|turn|2
|inactive|Battle timer is ON: inactive players will automatically lose when time's up. (requested by bartcr0987)
|
|t:|1783051166
|switch|p1b: Farigiraf|Farigiraf, L50, M|100/100
|switch|p2b: Farigiraf|Farigiraf, L50, F|100/100
|detailschange|p1a: Charizard|Charizard-Mega-Y, L50, M, shiny
|-mega|p1a: Charizard|Charizard|Charizardite Y
|move|p1a: Charizard|Protect|p1a: Charizard
|-singleturn|p1a: Charizard|Protect
|move|p2a: Venusaur|Sleep Powder|p1a: Charizard
|-activate|p1a: Charizard|move: Protect
|
|-weather|SunnyDay|[upkeep]
|upkeep
|turn|3
|
|t:|1783051183
|switch|p1a: Sneasler|Sneasler, L50, M, shiny|100/100
|move|p2a: Venusaur|Sleep Powder|p1a: Sneasler
|-status|p1a: Sneasler|slp|[from] move: Sleep Powder
|move|p2b: Farigiraf|Thunderbolt|p1a: Sneasler
|-damage|p1a: Sneasler|63/100 slp
|move|p1b: Farigiraf|Rain Dance|p1b: Farigiraf
|-weather|RainDance
|
|-weather|RainDance|[upkeep]
|upkeep
|turn|4
|
|t:|1783051203
|switch|p2a: Pyroar|Pyroar, L50, F|100/100
|-ability|p2a: Pyroar|Unnerve
|cant|p1a: Sneasler|slp
|move|p2b: Farigiraf|Psychic|p1a: Sneasler
|-supereffective|p1a: Sneasler|2
|-damage|p1a: Sneasler|0 fnt
|faint|p1a: Sneasler
|move|p1b: Farigiraf|Psychic|p2a: Pyroar
|-damage|p2a: Pyroar|51/100
|
|-weather|RainDance|[upkeep]
|upkeep
|
|t:|1783051214
|switch|p1a: Charizard|Charizard-Mega-Y, L50, M, shiny|100/100
|-weather|SunnyDay|[from] ability: Drought|[of] p1a: Charizard
|turn|5
|
|t:|1783051224
|move|p2a: Pyroar|Protect|p2a: Pyroar
|-singleturn|p2a: Pyroar|Protect
|move|p1a: Charizard|Heat Wave|p2a: Pyroar|[spread] p2b
|-activate|p2a: Pyroar|move: Protect
|-damage|p2b: Farigiraf|38/100
|-enditem|p2b: Farigiraf|Sitrus Berry|[eat]
|-heal|p2b: Farigiraf|63/100|[from] item: Sitrus Berry
|move|p2b: Farigiraf|Thunderbolt|p1a: Charizard
|-supereffective|p1a: Charizard|1
|-damage|p1a: Charizard|48/100
|-status|p1a: Charizard|par
|move|p1b: Farigiraf|Foul Play|p2b: Farigiraf
|-supereffective|p2b: Farigiraf|1
|-damage|p2b: Farigiraf|26/100
|
|-weather|SunnyDay|[upkeep]
|upkeep
|turn|6
|
|t:|1783051248
|detailschange|p2a: Pyroar|Pyroar-Mega, L50, F
|-mega|p2a: Pyroar|Pyroar|Pyroarite
|move|p2a: Pyroar|Heat Wave|p1a: Charizard|[spread] p1a,p1b
|-resisted|p1a: Charizard|1
|-damage|p1a: Charizard|3/100 par
|-damage|p1b: Farigiraf|18/100
|-enditem|p1b: Farigiraf|Sitrus Berry|[eat]
|-heal|p1b: Farigiraf|43/100|[from] item: Sitrus Berry
|move|p1a: Charizard|Heat Wave|p2b: Farigiraf|[spread] p2a,p2b
|-resisted|p2a: Pyroar|1
|-damage|p2a: Pyroar|9/100
|-damage|p2b: Farigiraf|0 fnt
|faint|p2b: Farigiraf
|move|p1b: Farigiraf|Psychic|p2a: Pyroar
|-damage|p2a: Pyroar|0 fnt
|faint|p2a: Pyroar
|
|-weather|SunnyDay|[upkeep]
|upkeep
|
|t:|1783051258
|switch|p2a: Torkoal|Torkoal, L50, F|48/100
|switch|p2b: Venusaur|Venusaur, L50, F|100/100
|turn|7
|
|t:|1783051278
|move|p1a: Charizard|Protect|p1a: Charizard
|-singleturn|p1a: Charizard|Protect
|move|p2b: Venusaur|Sludge Bomb|p1a: Charizard
|-activate|p1a: Charizard|move: Protect
|move|p1b: Farigiraf|Psychic|p2b: Venusaur
|-supereffective|p2b: Venusaur|1
|-damage|p2b: Venusaur|23/100
|move|p2a: Torkoal|Weather Ball|p1b: Farigiraf
|-damage|p1b: Farigiraf|0 fnt
|faint|p1b: Farigiraf
|
|-weather|SunnyDay|[upkeep]
|upkeep
|turn|8
|-message|bartcr0987 forfeited.
|
|win|regalac3
||bartcr0987 is ready for game 2.
