|j|☆Manimo_1126
|j|☆Onion2731
|html|Manimo_1126Onion2731    
|uhtml|bestof|Game 1 of a best-of-3
|t:|1786112859
|gametype|doubles
|player|p1|Manimo_1126|carmine|
|player|p2|Onion2731|blue|
|gen|9
|tier|[Gen 9 Champions] VGC 2026 Reg M-B (Bo3)
|rule|Species Clause: Limit one of each Pokémon
|rule|Item Clause: Limit 1 of each item
|clearpoke
|poke|p1|Blastoise, L50, F|
|poke|p1|Sinistcha-Masterpiece, L50|
|poke|p1|Incineroar, L50, M, shiny|
|poke|p1|Sneasler, L50, M|
|poke|p1|Delphox, L50, F, shiny|
|poke|p1|Kingambit, L50, M|
|poke|p2|Staraptor, L50, F|
|poke|p2|Arcanine-Hisui, L50, F|
|poke|p2|Raichu, L50, M|
|poke|p2|Farigiraf, L50, M|
|poke|p2|Sylveon, L50, M|
|poke|p2|Kingambit, L50, F|
|teampreview|4
|showteam|p1|Blastoise||Blastoisinite|RainDish|WaterSpout,DarkPulse,ShellSmash,Protect|Modest||F|||50|]Sinistcha-Masterpiece||KasibBerry|Hospitality|MatchaGotcha,RagePowder,TrickRoom,Protect|Bold|||||50|]Incineroar||SitrusBerry|Intimidate|FakeOut,FlareBlitz,DarkestLariat,PartingShot|Impish||M|||50|]Sneasler||FocusSash|PoisonTouch|FakeOut,CloseCombat,PoisonJab,QuickGuard|Jolly||M|||50|]Delphox||Delphoxite|Magician|HeatWave,Psyshock,NastyPlot,Protect|Timid||F|||50|]Kingambit||BlackGlasses|Defiant|KowtowCleave,SuckerPunch,SwordsDance,Protect|Adamant||M|||50|
|showteam|p2|Staraptor||Staraptite|Intimidate|CloseCombat,DualWingbeat,Tailwind,Protect|Jolly||F|||50|]Arcanine-Hisui||FocusSash|RockHead|FlareBlitz,HeadSmash,ExtremeSpeed,Protect|Jolly||F|||50|]Raichu||RaichuniteY|LightningRod|ZapCannon,Encore,FakeOut,Protect|Timid||M|||50|]Farigiraf||SitrusBerry|ArmorTail|Psychic,HelpingHand,TrickRoom,Protect|Calm||M|||50|]Sylveon||FairyFeather|Pixilate|HyperVoice,HyperBeam,QuickAttack,Detect|Modest||M|||50|]Kingambit||LifeOrb|Defiant|KowtowCleave,SuckerPunch,SwordsDance,Protect|Adamant||F|||50|
|j| sky yeh
|j| BenBen84
|l| sky yeh
|j| sky yeh
|l| BenBen84
|j| BenBen84
|j| charnizardnomiss
|l| BenBen84
|j| Edward0516
|j| BenBen84
|l| BenBen84
|j| BenBen84
|j| ttsui234
|l| BenBen84
|j| BenBen84
|l| BenBen84
|
|t:|1786113182
|teamsize|p1|4
|teamsize|p2|4
|start
|switch|p1a: Blastoise|Blastoise, L50, F|100/100
|switch|p1b: Sneasler|Sneasler, L50, M|100/100
|switch|p2a: Arcanine|Arcanine-Hisui, L50, F|100/100
|switch|p2b: Staraptor|Staraptor, L50, F|100/100
|-ability|p2b: Staraptor|Intimidate|boost
|-unboost|p1a: Blastoise|atk|1
|-unboost|p1b: Sneasler|atk|1
|turn|1
|j| BenBen84
|j| TaiwanNephrologist
|
|t:|1786113247
|switch|p2b: Farigiraf|Farigiraf, L50, M|100/100
|detailschange|p1a: Blastoise|Blastoise-Mega, L50, F
|-mega|p1a: Blastoise|Blastoise|Blastoisinite
|move|p1b: Sneasler|Fake Out||[still]
|cant|p2b: Farigiraf|ability: Armor Tail|Fake Out|[of] p1b: Sneasler
|move|p2a: Arcanine|Head Smash|p1a: Blastoise
|-damage|p1a: Blastoise|26/100
|move|p1a: Blastoise|Water Spout|p2b: Farigiraf|[spread] p2a,p2b
|-supereffective|p2a: Arcanine|2
|-damage|p2a: Arcanine|9/100
|-damage|p2b: Farigiraf|84/100
|
|upkeep
|turn|2
|
|t:|1786113356
|move|p1a: Blastoise|Protect|p1a: Blastoise
|-singleturn|p1a: Blastoise|Protect
|move|p2b: Farigiraf|Protect|p2b: Farigiraf
|-singleturn|p2b: Farigiraf|Protect
|move|p1b: Sneasler|Poison Jab|p2a: Arcanine
|-resisted|p2a: Arcanine|1
|-damage|p2a: Arcanine|0 fnt
|faint|p2a: Arcanine
|
|upkeep
|
|t:|1786113378
|switch|p2a: Staraptor|Staraptor, L50, F|100/100
|-ability|p2a: Staraptor|Intimidate|boost
|-unboost|p1a: Blastoise|atk|1
|-unboost|p1b: Sneasler|atk|1
|turn|3
|
|t:|1786113419
|switch|p1a: Sinistcha|Sinistcha-Masterpiece, L50|100/100
|detailschange|p2a: Staraptor|Staraptor-Mega, L50, F
|-mega|p2a: Staraptor|Staraptor|Staraptite
|move|p1b: Sneasler|Poison Jab|p2a: Staraptor
|-damage|p2a: Staraptor|80/100
|move|p2a: Staraptor|Dual Wingbeat|p1a: Sinistcha
|-supereffective|p1a: Sinistcha|1
|-damage|p1a: Sinistcha|68/100
|-supereffective|p1a: Sinistcha|1
|-damage|p1a: Sinistcha|33/100
|-hitcount|p1a: Sinistcha|2
|move|p2b: Farigiraf|Psychic|p1b: Sneasler
|-supereffective|p1b: Sneasler|2
|-enditem|p1b: Sneasler|Focus Sash
|-damage|p1b: Sneasler|1/100
|
|upkeep
|turn|4
|l| BenBen84
|j| BenBen84
|
|t:|1786113488
|move|p1b: Sneasler|Poison Jab|p2a: Staraptor
|-damage|p2a: Staraptor|60/100
|-status|p2a: Staraptor|psn
|move|p2a: Staraptor|Dual Wingbeat|p1a: Sinistcha
|-supereffective|p1a: Sinistcha|1
|-damage|p1a: Sinistcha|0 fnt
|faint|p1a: Sinistcha
|-hitcount|p1: Sinistcha|1
|move|p2b: Farigiraf|Psychic|p1b: Sneasler
|-supereffective|p1b: Sneasler|2
|-damage|p1b: Sneasler|0 fnt
|faint|p1b: Sneasler
|
|-damage|p2a: Staraptor|48/100 psn|[from] psn
|upkeep
|
|t:|1786113495
|switch|p1b: Incineroar|Incineroar, L50, M, shiny|100/100
|switch|p1a: Blastoise|Blastoise-Mega, L50, F|26/100
|-ability|p1b: Incineroar|Intimidate|boost
|-boost|p2a: Staraptor|atk|1
|-unboost|p2b: Farigiraf|atk|1
|turn|5
|l| sky yeh
|l| BenBen84
|j| BenBen84
|
|t:|1786113587
|move|p2b: Farigiraf|Protect|p2b: Farigiraf
|-singleturn|p2b: Farigiraf|Protect
|move|p2a: Staraptor|Close Combat|p1b: Incineroar
|-supereffective|p1b: Incineroar|1
|-damage|p1b: Incineroar|0 fnt
|-boost|p2a: Staraptor|def|1
|-boost|p2a: Staraptor|spd|1
|faint|p1b: Incineroar
|move|p1a: Blastoise|Dark Pulse|p2b: Farigiraf
|-activate|p2b: Farigiraf|move: Protect
|
|-damage|p2a: Staraptor|36/100 psn|[from] psn
|upkeep
|turn|6
|-message|Manimo_1126 forfeited.
|
|win|Onion2731
|l|☆Manimo_1126
|player|p1|
||Manimo_1126 is ready for game 2.
||Onion2731 is ready for game 2.
|uhtml|next|Next: Game 2 of 3
|j| sky yeh
|l| BenBen84
|l| charnizardnomiss
|j| BenBen84
|l| Edward0516
|j| Iroha Sakayori
|j| charnizardnomiss
|j| Roselia Sayo
|l| BenBen84
|l| sky yeh
|j| BenBen84
|j| sky yeh
|l| charnizardnomiss
|l| BenBen84
|l| sky yeh
|j| BenBen84
|l| BenBen84
|j| BenBen84
|l| ttsui234
|l| BenBen84
