|j|☆RosieAndJim
|j|☆AviDotWav
|html|RosieAndJimAviDotWav    
|uhtml|bestof|Game 2 of a best-of-3
|t:|1756217865
|gametype|doubles
|player|p1|RosieAndJim|1|1149
|player|p2|AviDotWav|lady-gen4|1097
|gen|9
|tier|[Gen 9] VGC 2025 Reg H (Bo3)
|rated|
|rule|Species Clause: Limit one of each Pokémon
|rule|Item Clause: Limit 1 of each item
|clearpoke
|poke|p1|Inteleon, L50, F|
|poke|p1|Archaludon, L50, M|
|poke|p1|Garchomp, L50, F|
|poke|p1|Incineroar, L50, M|
|poke|p1|Pelipper, L50, F|
|poke|p1|Talonflame, L50, F|
|poke|p2|Weezing-Galar, L50, M|
|poke|p2|Whimsicott, L50, F|
|poke|p2|Incineroar, L50, M|
|poke|p2|Annihilape, L50, M|
|poke|p2|Palafin, L50, M|
|poke|p2|Dragonite, L50, F|
|teampreview|4
|showteam|p1|Inteleon||ChoiceSpecs|Sniper|SnipeShot,Scald,ShadowBall,FlipTurn|||F|||50|,,,,,Water]Archaludon||AssaultVest|Stamina|ElectroShot,DragonPulse,BodyPress,Snarl|||M|||50|,,,,,Grass]Garchomp||LifeOrb|RoughSkin|Earthquake,DragonClaw,StompingTantrum,Protect|||F|||50|,,,,,Ground]Incineroar||SafetyGoggles|Intimidate|FlareBlitz,KnockOff,PartingShot,FakeOut|||M|||50|,,,,,Ghost]Pelipper||FocusSash|Drizzle|WeatherBall,Hurricane,Tailwind,Protect|||F|||50|,,,,,Stellar]Talonflame||CovertCloak|GaleWings|BraveBird,Tailwind,Taunt,RainDance|||F|||50|,,,,,Flying
|showteam|p2|Weezing-Galar||ChoiceSpecs|MistySurge|SludgeBomb,StrangeSteam,DazzlingGleam,Flamethrower|||M|||50|,,,,,Fire]Whimsicott||FocusSash|Prankster|Tailwind,Moonblast,Encore,HelpingHand|||F|||50|,,,,,Water]Incineroar||AssaultVest|Intimidate|FlareBlitz,KnockOff,FakeOut,Uturn|||M|||50|,,,,,Grass]Annihilape||Leftovers|Defiant|DrainPunch,RageFist,BulkUp,Protect|||M|||50|,,,,,Water]Palafin||ChoiceBand|ZerotoHero|JetPunch,WaveCrash,FlipTurn,CloseCombat|||M|||50|,,,,,Water]Dragonite||LoadedDice|InnerFocus|StompingTantrum,ScaleShot,Tailwind,Haze|||F|||50|,,,,,Fairy
|inactive|Battle timer is ON: inactive players will automatically lose when time's up. (requested by AviDotWav)
|inactive|RosieAndJim has 60 seconds left.
|
|t:|1756217918
|teamsize|p1|4
|teamsize|p2|4
|start
|switch|p1a: Talonflame|Talonflame, L50, F|100/100
|switch|p1b: Garchomp|Garchomp, L50, F|100/100
|switch|p2a: Palafin|Palafin, L50, M|100/100
|switch|p2b: Whimsicott|Whimsicott, L50, F|100/100
|turn|1
|inactive|RosieAndJim has 30 seconds left.
|inactive|RosieAndJim has 20 seconds left.
|inactive|RosieAndJim has 15 seconds left.
|inactive|RosieAndJim has 10 seconds left.
|
|t:|1756217966
|switch|p1a: Archaludon|Archaludon, L50, M|100/100
|move|p1b: Garchomp|Protect|p1b: Garchomp
|-singleturn|p1b: Garchomp|Protect
|move|p2b: Whimsicott|Moonblast|p1b: Garchomp
|-activate|p1b: Garchomp|move: Protect
|move|p2a: Palafin|Flip Turn|p1a: Archaludon
|-resisted|p1a: Archaludon
|-damage|p1a: Archaludon|90/100
|-ability|p1a: Archaludon|Stamina|boost
|-boost|p1a: Archaludon|def|1
|
|t:|1756217978
|detailschange|p2a: Palafin|Palafin-Hero, L50, M
|switch|p2a: Incineroar|Incineroar, L50, M|100/100|[from] Flip Turn
|-ability|p2a: Incineroar|Intimidate|boost
|-unboost|p1a: Archaludon|atk|1
|-unboost|p1b: Garchomp|atk|1
|
|upkeep
|turn|2
|inactive|RosieAndJim has 30 seconds left.
|
|t:|1756218003
|switch|p1b: Inteleon|Inteleon, L50, F|100/100
|move|p2b: Whimsicott|Tailwind|p2b: Whimsicott
|-sidestart|p2: AviDotWav|move: Tailwind
|move|p2a: Incineroar|Flare Blitz|p1a: Archaludon
|-damage|p1a: Archaludon|65/100
|-ability|p1a: Archaludon|Stamina|boost
|-boost|p1a: Archaludon|def|1
|-damage|p2a: Incineroar|93/100|[from] Recoil
|move|p1a: Archaludon|Body Press|p2a: Incineroar
|-supereffective|p2a: Incineroar
|-damage|p2a: Incineroar|6/100
|
|upkeep
|turn|3
|inactive|RosieAndJim has 30 seconds left.
|inactive|RosieAndJim has 20 seconds left.
|
|t:|1756218039
|move|p2b: Whimsicott|Moonblast|p1b: Inteleon
|-damage|p1b: Inteleon|38/100
|move|p2a: Incineroar|U-turn|p1b: Inteleon
|-damage|p1b: Inteleon|0 fnt
|faint|p1b: Inteleon
|
|t:|1756218045
|switch|p2a: Annihilape|Annihilape, L50, M|100/100|[from] U-turn
|move|p1a: Archaludon|Electro Shot||[still]
|-prepare|p1a: Archaludon|Electro Shot
|-boost|p1a: Archaludon|spa|1
|
|upkeep
|
|t:|1756218055
|switch|p1b: Talonflame|Talonflame, L50, F|100/100
|turn|4
|
|t:|1756218072
|switch|p2b: Incineroar|Incineroar, L50, M|6/100
|-ability|p2b: Incineroar|Intimidate|boost
|-unboost|p1a: Archaludon|atk|1
|-unboost|p1b: Talonflame|atk|1
|move|p1b: Talonflame|Tailwind|p1b: Talonflame
|-sidestart|p1: RosieAndJim|move: Tailwind
|move|p2a: Annihilape|Bulk Up|p2a: Annihilape
|-boost|p2a: Annihilape|atk|1
|-boost|p2a: Annihilape|def|1
|move|p1a: Archaludon|Electro Shot|p2a: Annihilape|[from] lockedmove
|-damage|p2a: Annihilape|48/100
|
|-heal|p2a: Annihilape|54/100|[from] item: Leftovers
|upkeep
|turn|5
|inactive|RosieAndJim has 30 seconds left.
|inactive|AviDotWav has 30 seconds left.
|inactive|RosieAndJim has 20 seconds left.
|inactive|RosieAndJim has 15 seconds left.
|inactive|RosieAndJim has 10 seconds left.
|inactive|RosieAndJim has 5 seconds left.
|
|t:|1756218127
|move|p2a: Annihilape|Protect|p2a: Annihilape
|-singleturn|p2a: Annihilape|Protect
|move|p1b: Talonflame|Brave Bird|p2a: Annihilape
|-activate|p2a: Annihilape|move: Protect
|move|p1a: Archaludon|Dragon Pulse|p2a: Annihilape
|-activate|p2a: Annihilape|move: Protect
|move|p2b: Incineroar|U-turn|p1b: Talonflame
|-resisted|p1b: Talonflame
|-damage|p1b: Talonflame|92/100
|
|t:|1756218135
|switch|p2b: Whimsicott|Whimsicott, L50, F|100/100|[from] U-turn
|
|-heal|p2a: Annihilape|60/100|[from] item: Leftovers
|-sideend|p2: AviDotWav|move: Tailwind
|upkeep
|turn|6
|
|t:|1756218152
|-terastallize|p2a: Annihilape|Water
|move|p2b: Whimsicott|Tailwind|p2b: Whimsicott
|-sidestart|p2: AviDotWav|move: Tailwind
|move|p1b: Talonflame|Brave Bird|p1a: Archaludon
|-resisted|p1a: Archaludon
|-damage|p1a: Archaludon|59/100
|-ability|p1a: Archaludon|Stamina|boost
|-boost|p1a: Archaludon|def|1
|-damage|p1b: Talonflame|90/100|[from] Recoil
|move|p2a: Annihilape|Rage Fist|p1b: Talonflame
|-damage|p1b: Talonflame|0 fnt
|faint|p1b: Talonflame
|move|p1a: Archaludon|Dragon Pulse|p2a: Annihilape
|-damage|p2a: Annihilape|13/100
|
|-heal|p2a: Annihilape|20/100|[from] item: Leftovers
|upkeep
|
|t:|1756218168
|switch|p1b: Garchomp|Garchomp, L50, F|100/100
|turn|7
|inactive|RosieAndJim has 30 seconds left.
|inactive|RosieAndJim has 20 seconds left.
|
|t:|1756218207
|-terastallize|p1b: Garchomp|Ground
|move|p2a: Annihilape|Protect|p2a: Annihilape
|-singleturn|p2a: Annihilape|Protect
|move|p2b: Whimsicott|Moonblast|p1b: Garchomp
|-damage|p1b: Garchomp|60/100
|move|p1b: Garchomp|Stomping Tantrum|p2b: Whimsicott
|-resisted|p2b: Whimsicott
|-damage|p2b: Whimsicott|49/100
|-damage|p1b: Garchomp|50/100|[from] item: Life Orb
|move|p1a: Archaludon|Dragon Pulse|p2a: Annihilape
|-activate|p2a: Annihilape|move: Protect
|
|-heal|p2a: Annihilape|26/100|[from] item: Leftovers
|-sideend|p1: RosieAndJim|move: Tailwind
|upkeep
|turn|8
|inactive|RosieAndJim has 30 seconds left.
|inactive|AviDotWav has 30 seconds left.
|
|t:|1756218242
|switch|p2b: Incineroar|Incineroar, L50, M|6/100
|-ability|p2b: Incineroar|Intimidate|boost
|-unboost|p1a: Archaludon|atk|1
|-unboost|p1b: Garchomp|atk|1
|move|p2a: Annihilape|Drain Punch|p1a: Archaludon
|-supereffective|p1a: Archaludon
|-damage|p1a: Archaludon|35/100
|-heal|p2a: Annihilape|38/100|[from] drain|[of] p1a: Archaludon
|-ability|p1a: Archaludon|Stamina|boost
|-boost|p1a: Archaludon|def|1
|move|p1b: Garchomp|Stomping Tantrum|p2b: Incineroar
|-supereffective|p2b: Incineroar
|-damage|p2b: Incineroar|0 fnt
|faint|p2b: Incineroar
|-damage|p1b: Garchomp|40/100|[from] item: Life Orb
|move|p1a: Archaludon|Dragon Pulse|p2a: Annihilape
|-damage|p2a: Annihilape|0 fnt
|faint|p2a: Annihilape
|
|upkeep
|
|t:|1756218249
|switch|p2a: Palafin|Palafin-Hero, L50, M|100/100
|switch|p2b: Whimsicott|Whimsicott, L50, F|49/100
|-activate|p2a: Palafin|ability: Zero to Hero
|turn|9
|
|t:|1756218273
|move|p2b: Whimsicott|Moonblast|p1b: Garchomp
|-crit|p1b: Garchomp
|-damage|p1b: Garchomp|0 fnt
|faint|p1b: Garchomp
|move|p2a: Palafin|Close Combat|p1a: Archaludon
|-supereffective|p1a: Archaludon
|-damage|p1a: Archaludon|1/100
|-unboost|p2a: Palafin|def|1
|-unboost|p2a: Palafin|spd|1
|-ability|p1a: Archaludon|Stamina|boost
|-boost|p1a: Archaludon|def|1
|move|p1a: Archaludon|Electro Shot||[still]
|-prepare|p1a: Archaludon|Electro Shot
|-boost|p1a: Archaludon|spa|1
|
|-sideend|p2: AviDotWav|move: Tailwind
|upkeep
|turn|10
|
|t:|1756218286
|move|p2b: Whimsicott|Moonblast|p1a: Archaludon
|-damage|p1a: Archaludon|0 fnt
|faint|p1a: Archaludon
|
|win|AviDotWav
