|j|☆efwefwefwefweifier
|j|☆moth.o
|html|efwefwefwefweifiermoth.o    
|uhtml|bestof|Game 1 of a best-of-3
|t:|1757150126
|gametype|doubles
|player|p1|efwefwefwefweifier|juan|1187
|player|p2|moth.o|roxie|1307
|gen|9
|tier|[Gen 9] VGC 2025 Reg H (Bo3)
|rated|
|rule|Species Clause: Limit one of each Pokémon
|rule|Item Clause: Limit 1 of each item
|clearpoke
|poke|p1|Maushold-Four, L50|
|poke|p1|Rillaboom, L50, M|
|poke|p1|Ursaluna-Bloodmoon, L50, M|
|poke|p1|Annihilape, L50, F|
|poke|p1|Ninetales-Alola, L50, F|
|poke|p1|Talonflame, L50, M|
|poke|p2|Arcanine-Hisui, L50, M|
|poke|p2|Indeedee-F, L50, F|
|poke|p2|Gallade, L50, M|
|poke|p2|Gholdengo, L50|
|poke|p2|Whimsicott, L50, F|
|poke|p2|Hydreigon, L50, M|
|teampreview|4
|showteam|p1|Maushold-Four||SafetyGoggles|FriendGuard|FollowMe,BeatUp,SuperFang,Protect||||||50|,,,,,Ghost]Rillaboom||AssaultVest|GrassySurge|WoodHammer,GrassyGlide,Uturn,FakeOut|||M|||50|,,,,,Fire]Ursaluna-Bloodmoon||LifeOrb|MindsEye|BloodMoon,HyperVoice,EarthPower,Protect|||M|||50|,,,,,Normal]Annihilape||Leftovers|Defiant|DrainPunch,RageFist,BulkUp,Protect|||F|||50|,,,,,Fire]Ninetales-Alola||LightClay|SnowWarning|Blizzard,Encore,Moonblast,AuroraVeil|||F|||50|,,,,,Water]Talonflame||CovertCloak|GaleWings|BraveBird,Tailwind,WillOWisp,Taunt|||M|||50|,,,,,Dark
|showteam|p2|Arcanine-Hisui||SafetyGoggles|Intimidate|RockSlide,FlareBlitz,ExtremeSpeed,Protect|||M|||50|,,,,,Fairy]Indeedee-F||SitrusBerry|PsychicSurge|TrickRoom,FollowMe,Psychic,HelpingHand|||F|||50|,,,,,Fairy]Gallade||LifeOrb|Sharpness|Protect,WideGuard,SacredSword,PsychoCut|||M|||50|,,,,,Grass]Gholdengo||ChoiceSpecs|GoodasGold|Trick,ShadowBall,MakeItRain,PowerGem||||||50|,,,,,Water]Whimsicott||CovertCloak|Prankster|SunnyDay,Moonblast,Encore,Tailwind|||F|||50|,,,,,Dark]Hydreigon||AssaultVest|Levitate|Uturn,Snarl,DarkPulse,DracoMeteor|||M|||50|,,,,,Ghost
|inactive|Battle timer is ON: inactive players will automatically lose when time's up. (requested by efwefwefwefweifier)
|inactive|efwefwefwefweifier has 60 seconds left.
|inactive|moth.o has 60 seconds left.
|inactive|efwefwefwefweifier has 30 seconds left.
|inactive|efwefwefwefweifier has 20 seconds left.
|inactive|efwefwefwefweifier has 15 seconds left.
|
|t:|1757150202
|teamsize|p1|4
|teamsize|p2|4
|start
|switch|p1a: Annihilape|Annihilape, L50, F, shiny|100/100
|switch|p1b: Maushold|Maushold-Four, L50, shiny|100/100
|switch|p2a: Tesorero|Gholdengo, L50|100/100
|switch|p2b: Triquiñuela|Whimsicott, L50, F, shiny|100/100
|turn|1
|inactive|efwefwefwefweifier has 30 seconds left.
|
|t:|1757150236
|move|p1b: Maushold|Follow Me|p1b: Maushold
|-singleturn|p1b: Maushold|move: Follow Me
|move|p2b: Triquiñuela|Tailwind|p2b: Triquiñuela
|-sidestart|p2: moth.o|move: Tailwind
|move|p2a: Tesorero|Make It Rain|p1b: Maushold|[spread] p1a,p1b
|-crit|p1b: Maushold
|-damage|p1a: Annihilape|48/100
|-damage|p1b: Maushold|0 fnt
|-unboost|p2a: Tesorero|spa|1
|faint|p1b: Maushold
|move|p1a: Annihilape|Bulk Up|p1a: Annihilape
|-boost|p1a: Annihilape|atk|1
|-boost|p1a: Annihilape|def|1
|
|-heal|p1a: Annihilape|55/100|[from] item: Leftovers
|upkeep
|
|t:|1757150253
|switch|p1b: Talonflame|Talonflame, L50, M|100/100
|turn|2
|inactive|moth.o has 30 seconds left.
|
|t:|1757150289
|-terastallize|p2b: Triquiñuela|Dark
|move|p1a: Annihilape|Protect|p1a: Annihilape
|-singleturn|p1a: Annihilape|Protect
|move|p2b: Triquiñuela|Encore|p1a: Annihilape
|-activate|p1a: Annihilape|move: Protect
|move|p1b: Talonflame|Brave Bird|p2b: Triquiñuela
|-damage|p2b: Triquiñuela|44/100
|-damage|p1b: Talonflame|82/100|[from] Recoil
|move|p2a: Tesorero|Make It Rain|p1a: Annihilape|[spread] p1b
|-activate|p1a: Annihilape|move: Protect
|-resisted|p1b: Talonflame
|-damage|p1b: Talonflame|39/100
|-unboost|p2a: Tesorero|spa|1
|
|-heal|p1a: Annihilape|61/100|[from] item: Leftovers
|upkeep
|turn|3
|inactive|efwefwefwefweifier has 30 seconds left.
|
|t:|1757150315
|-terastallize|p1a: Annihilape|Fire
|move|p2b: Triquiñuela|Moonblast|p1b: Talonflame
|-resisted|p1b: Talonflame
|-damage|p1b: Talonflame|17/100
|move|p2a: Tesorero|Make It Rain|p1b: Talonflame|[spread] p1a,p1b
|-resisted|p1a: Annihilape
|-resisted|p1b: Talonflame
|-damage|p1a: Annihilape|45/100
|-damage|p1b: Talonflame|0 fnt
|-unboost|p2a: Tesorero|spa|1
|faint|p1b: Talonflame
|move|p1a: Annihilape|Drain Punch|p2b: Triquiñuela
|-supereffective|p2b: Triquiñuela
|-damage|p2b: Triquiñuela|0 fnt
|-heal|p1a: Annihilape|63/100|[from] drain|[of] p2b: Triquiñuela
|faint|p2b: Triquiñuela
|
|-heal|p1a: Annihilape|69/100|[from] item: Leftovers
|upkeep
|
|t:|1757150338
|switch|p1b: Ursaluna|Ursaluna-Bloodmoon, L50, M|100/100
|switch|p2b: Galantería|Gallade, L50, M, shiny|100/100
|turn|4
|
|t:|1757150355
|switch|p2a: Odisea|Hydreigon, L50, M, shiny|100/100
|move|p1a: Annihilape|Protect|p1a: Annihilape
|-singleturn|p1a: Annihilape|Protect
|move|p1b: Ursaluna|Protect|p1b: Ursaluna
|-singleturn|p1b: Ursaluna|Protect
|move|p2b: Galantería|Sacred Sword|p1a: Annihilape
|-activate|p1a: Annihilape|move: Protect
|
|-heal|p1a: Annihilape|75/100|[from] item: Leftovers
|-sideend|p2: moth.o|move: Tailwind
|upkeep
|turn|5
|
|t:|1757150378
|move|p2a: Odisea|Dark Pulse|p1a: Annihilape
|-damage|p1a: Annihilape|43/100
|move|p1a: Annihilape|Rage Fist|p2b: Galantería
|-supereffective|p2b: Galantería
|-damage|p2b: Galantería|0 fnt
|faint|p2b: Galantería
|move|p1b: Ursaluna|Blood Moon|p2a: Odisea
|-damage|p2a: Odisea|28/100
|-damage|p1b: Ursaluna|91/100|[from] item: Life Orb
|
|-heal|p1a: Annihilape|49/100|[from] item: Leftovers
|upkeep
|
|t:|1757150393
|switch|p2b: Tesorero|Gholdengo, L50|100/100
|turn|6
|
|t:|1757150414
|move|p1a: Annihilape|Protect|p1a: Annihilape
|-singleturn|p1a: Annihilape|Protect
|move|p1b: Ursaluna|Protect|p1b: Ursaluna
|-singleturn|p1b: Ursaluna|Protect
|move|p2a: Odisea|Dark Pulse|p1b: Ursaluna
|-activate|p1b: Ursaluna|move: Protect
|move|p2b: Tesorero|Make It Rain|p1b: Ursaluna|[spread] 
|-activate|p1a: Annihilape|move: Protect
|-activate|p1b: Ursaluna|move: Protect
|
|-heal|p1a: Annihilape|55/100|[from] item: Leftovers
|upkeep
|turn|7
|
|t:|1757150432
|move|p2a: Odisea|Draco Meteor|p1a: Annihilape
|-damage|p1a: Annihilape|4/100
|-unboost|p2a: Odisea|spa|2
|move|p1a: Annihilape|Drain Punch|p2a: Odisea
|-supereffective|p2a: Odisea
|-damage|p2a: Odisea|0 fnt
|-heal|p1a: Annihilape|18/100|[from] drain|[of] p2a: Odisea
|faint|p2a: Odisea
|move|p2b: Tesorero|Make It Rain|p1b: Ursaluna|[spread] p1a,p1b
|-resisted|p1a: Annihilape
|-damage|p1a: Annihilape|0 fnt
|-damage|p1b: Ursaluna|0 fnt
|-unboost|p2b: Tesorero|spa|1
|faint|p1a: Annihilape
|faint|p1b: Ursaluna
|
|win|moth.o
|inactive|efwefwefwefweifier has 30 seconds to confirm battle start!
|inactive|moth.o has 30 seconds to confirm battle start!
||efwefwefwefweifier is ready for game 2.
||moth.o is ready for game 2.
|uhtml|next|Next: Game 2 of 3
|l|☆efwefwefwefweifier
|player|p1|
