|j|☆Gundnub
|j|☆prove it to ya
|html|Gundnubprove it to ya    
|uhtml|bestof|Game 1 of a best-of-3
|t:|1786060112
|gametype|doubles
|player|p1|Gundnub|169|
|player|p2|prove it to ya|pokemonranger-gen4|
|gen|9
|tier|[Gen 9 Champions] VGC 2026 Reg M-B (Bo3)
|rule|Species Clause: Limit one of each Pokémon
|rule|Item Clause: Limit 1 of each item
|clearpoke
|poke|p1|Staraptor, L50, M|
|poke|p1|Garchomp, L50, M|
|poke|p1|Whimsicott, L50, M|
|poke|p1|Delphox, L50, M|
|poke|p1|Glimmora, L50, M|
|poke|p1|Kingambit, L50, M|
|poke|p2|Kingambit, L50, F|
|poke|p2|Gardevoir, L50, M|
|poke|p2|Talonflame, L50, M|
|poke|p2|Maushold, L50|
|poke|p2|Basculegion, L50, M|
|poke|p2|Garchomp, L50, F|
|teampreview|4
|showteam|p1|Staraptor||Staraptite|Intimidate|Protect,Roost,CloseCombat,BraveBird|Jolly||M|||50|]Garchomp||LifeOrb|RoughSkin|Protect,RockSlide,Earthquake,DragonClaw|Jolly||M|||50|]Whimsicott||OccaBerry|Prankster|Moonblast,Tailwind,Charm,LightScreen|Timid||M|||50|]Delphox||Delphoxite|Magician|Protect,Psychic,HeatWave,Substitute|Timid||M|||50|]Glimmora||FocusSash|ToxicDebris|SpikyShield,SludgeBomb,EarthPower,PowerGem|Timid||M|||50|]Kingambit||ChopleBerry|Defiant|SuckerPunch,LowKick,IronHead,KowtowCleave|Adamant||M|||50|
|showteam|p2|Kingambit||FocusSash|Defiant|KowtowCleave,IronHead,SuckerPunch,LowKick|Adamant||F|||50|]Gardevoir||Gardevoirite|Telepathy|HyperVoice,Psyshock,TrickRoom,Protect|Modest||M|||50|]Talonflame||LifeOrb|GaleWings|DualWingbeat,FlareBlitz,Tailwind,Protect|Jolly||M|||50|]Maushold||ChopleBerry|FriendGuard|Feint,SuperFang,FollowMe,Protect|Impish|||||50|]Basculegion||MysticWater|Adaptability|WaveCrash,LastRespects,AquaJet,Protect|Adamant||M|||50|]Garchomp||SitrusBerry|RoughSkin|Earthquake,StompingTantrum,RockTomb,Protect|Adamant||F|||50|
|
|t:|1786060548
|teamsize|p1|4
|teamsize|p2|4
|start
|switch|p1a: Glimmora|Glimmora, L50, M|100/100
|switch|p1b: Kingambit|Kingambit, L50, M|100/100
|switch|p2a: Kingambit|Kingambit, L50, F|100/100
|switch|p2b: Gardevoir|Gardevoir, L50, M|100/100
|turn|1
|
|t:|1786060596
|detailschange|p2b: Gardevoir|Gardevoir-Mega, L50, M
|-mega|p2b: Gardevoir|Gardevoir|Gardevoirite
|move|p1a: Glimmora|Sludge Bomb|p2b: Gardevoir
|-supereffective|p2b: Gardevoir|1
|-damage|p2b: Gardevoir|21/100
|move|p2b: Gardevoir|Hyper Voice|p1b: Kingambit|[spread] p1a,p1b
|-resisted|p1a: Glimmora|1
|-damage|p1a: Glimmora|67/100
|-damage|p1b: Kingambit|57/100
|move|p2a: Kingambit|Low Kick|p1b: Kingambit
|-supereffective|p1b: Kingambit|2
|-enditem|p1b: Kingambit|Chople Berry|[eat]
|-enditem|p1b: Kingambit|Chople Berry|[weaken]
|-damage|p1b: Kingambit|0 fnt
|faint|p1b: Kingambit
|
|upkeep
|
|t:|1786060609
|switch|p1b: Garchomp|Garchomp, L50, M|100/100
|turn|2
|
|t:|1786060679
|move|p2a: Kingambit|Sucker Punch|p1b: Garchomp
|-damage|p1b: Garchomp|57/100
|-damage|p2a: Kingambit|87/100|[from] ability: Rough Skin|[of] p1b: Garchomp
|move|p1b: Garchomp|Earthquake|p2b: Gardevoir|[spread] p1a,p2a,p2b
|-supereffective|p1a: Glimmora|2
|-supereffective|p2a: Kingambit|1
|-damage|p1a: Glimmora|0 fnt
|-damage|p2a: Kingambit|0 fnt
|-damage|p2b: Gardevoir|0 fnt
|-activate|p1a: Glimmora|ability: Toxic Debris
|-sidestart|p2: prove it to ya|move: Toxic Spikes
|faint|p1a: Glimmora
|faint|p2a: Kingambit
|faint|p2b: Gardevoir
|-damage|p1b: Garchomp|47/100|[from] item: Life Orb
|
|upkeep
|
|t:|1786060694
|switch|p1a: Staraptor|Staraptor, L50, M|100/100
|switch|p2b: Basculegion|Basculegion, L50, M|100/100
|switch|p2a: Garchomp|Garchomp, L50, F|100/100
|-ability|p1a: Staraptor|Intimidate|boost
|-unboost|p2a: Garchomp|atk|1
|-unboost|p2b: Basculegion|atk|1
|-status|p2a: Garchomp|psn
|-status|p2b: Basculegion|psn
|turn|3
|
|t:|1786060742
|detailschange|p1a: Staraptor|Staraptor-Mega, L50, M
|-mega|p1a: Staraptor|Staraptor|Staraptite
|move|p2b: Basculegion|Protect|p2b: Basculegion
|-singleturn|p2b: Basculegion|Protect
|move|p1a: Staraptor|Brave Bird|p2b: Basculegion
|-activate|p2b: Basculegion|move: Protect
|move|p1b: Garchomp|Earthquake|p2a: Garchomp|[spread] p2a
|-activate|p2b: Basculegion|move: Protect
|-immune|p1a: Staraptor
|-damage|p2a: Garchomp|54/100 psn
|-damage|p1b: Garchomp|37/100|[from] item: Life Orb
|move|p2a: Garchomp|Rock Tomb|p1b: Garchomp
|-resisted|p1b: Garchomp|1
|-damage|p1b: Garchomp|31/100
|-unboost|p1b: Garchomp|spe|1
|
|-damage|p2a: Garchomp|42/100 psn|[from] psn
|-damage|p2b: Basculegion|87/100 psn|[from] psn
|upkeep
|-enditem|p2a: Garchomp|Sitrus Berry|[eat]
|-heal|p2a: Garchomp|66/100 psn|[from] item: Sitrus Berry
|turn|4
|
|t:|1786060835
|move|p1a: Staraptor|Brave Bird|p2b: Basculegion
|-damage|p2b: Basculegion|25/100 psn
|-damage|p1a: Staraptor|77/100|[from] Recoil
|move|p2a: Garchomp|Stomping Tantrum|p1b: Garchomp
|-damage|p1b: Garchomp|4/100
|-damage|p2a: Garchomp|54/100 psn|[from] ability: Rough Skin|[of] p1b: Garchomp
|move|p2b: Basculegion|Last Respects|p1a: Staraptor
|-damage|p1a: Staraptor|13/100
|move|p1b: Garchomp|Dragon Claw|p2b: Basculegion
|-crit|p2b: Basculegion
|-damage|p2b: Basculegion|0 fnt
|faint|p2b: Basculegion
|-damage|p1b: Garchomp|0 fnt|[from] item: Life Orb
|faint|p1b: Garchomp
|
|-damage|p2a: Garchomp|42/100 psn|[from] psn
|upkeep
|turn|5
|
|t:|1786060863
|move|p1a: Staraptor|Close Combat|p2a: Garchomp
|-damage|p2a: Garchomp|0 fnt
|-boost|p1a: Staraptor|def|1
|-boost|p1a: Staraptor|spd|1
|-damage|p1a: Staraptor|1/100|[from] ability: Rough Skin|[of] p2a: Garchomp
|faint|p2a: Garchomp
|
|win|Gundnub
