|j|☆ReChriz
|j|☆overquilled)
|html|ReChrizoverquilled)    
|uhtml|bestof|Game 3 of a best-of-3
|t:|1783620119
|gametype|doubles
|player|p1|ReChriz|tate|1045
|player|p2|overquilled)|102|1000
|gen|9
|tier|[Gen 9 Champions] VGC 2026 Reg M-B (Bo3)
|rated|
|rule|Species Clause: Limit one of each Pokémon
|rule|Item Clause: Limit 1 of each item
|clearpoke
|poke|p1|Sinistcha, L50|
|poke|p1|Torkoal, L50, F|
|poke|p1|Kingambit, L50, M|
|poke|p1|Farigiraf, L50, F|
|poke|p1|Aggron, L50, M|
|poke|p1|Archaludon, L50, M|
|poke|p2|Appletun, L50, M, shiny|
|poke|p2|Froslass, L50, F|
|poke|p2|Mawile, L50, F, shiny|
|poke|p2|Milotic, L50, M|
|poke|p2|Mr. Rime, L50, M|
|poke|p2|Incineroar, L50, M, shiny|
|teampreview|4
|showteam|p1|Sinistcha||Leftovers|Hospitality|Protect,RagePowder,MatchaGotcha,LifeDew|Calm|||||50|]Torkoal||Charcoal|WhiteSmoke|AncientPower,Eruption,Protect,WillOWisp|Sassy||F|||50|]Kingambit||BlackGlasses|Defiant|Protect,SwordsDance,SuckerPunch,KowtowCleave|Brave||M|||50|]Farigiraf||FocusSash|ArmorTail|Protect,TwinBeam,TrickRoom,LightScreen|Serious||F|||50|]Aggron||Aggronite|HeavyMetal|HeavySlam,BodyPress,IronDefense,Protect|Relaxed||M|||50|]Archaludon||DragonFang|Stalwart|DragonPulse,ElectroShot,Protect,FlashCannon|Quiet||M|||50|
|showteam|p2|Appletun||SitrusBerry|ThickFat|LeechSeed,Recycle,Protect,AppleAcid|Sassy||M|||50|]Froslass||Froslassite|CursedBody|AuroraVeil,NastyPlot,Blizzard,ShadowBall|Timid||F|||50|]Mawile||Mawilite|Intimidate|PlayRough,SuckerPunch,IronHead,Protect|Adamant||F|||50|]Milotic||WacanBerry|Competitive|Coil,DrainingKiss,Scald,Recover|Bold||M|||50|]Mr. Rime||ColburBerry|IceBody|FakeOut,TrickRoom,Blizzard,Thunderbolt|Modest||M|||50|]Incineroar||WhiteHerb|Intimidate|CloseCombat,FakeOut,DarkestLariat,PartingShot|Adamant||M|||50|
|
|t:|1783620138
|teamsize|p1|4
|teamsize|p2|4
|start
|switch|p1a: Farigiraf|Farigiraf, L50, F|100/100
|switch|p1b: Aggron|Aggron, L50, M|100/100
|switch|p2a: Appletun|Appletun, L50, M, shiny|100/100
|switch|p2b: Mawile|Mawile, L50, F, shiny|100/100
|-ability|p2b: Mawile|Intimidate|boost
|-unboost|p1a: Farigiraf|atk|1
|-unboost|p1b: Aggron|atk|1
|turn|1
|inactive|Battle timer is ON: inactive players will automatically lose when time's up. (requested by overquilled))
|
|t:|1783620164
|detailschange|p2b: Mawile|Mawile-Mega, L50, F, shiny
|-mega|p2b: Mawile|Mawile|Mawilite
|detailschange|p1b: Aggron|Aggron-Mega, L50, M
|-mega|p1b: Aggron|Aggron|Aggronite
|move|p2b: Mawile|Play Rough|p1a: Farigiraf
|-damage|p1a: Farigiraf|11/100
|move|p1b: Aggron|Body Press|p2b: Mawile
|-damage|p2b: Mawile|50/100g
|move|p2a: Appletun|Apple Acid|p1a: Farigiraf
|-damage|p1a: Farigiraf|0 fnt
|faint|p1a: Farigiraf
|
|upkeep
|
|t:|1783620176
|switch|p1a: Archaludon|Archaludon, L50, M|100/100
|turn|2
|
|t:|1783620186
|move|p2b: Mawile|Protect|p2b: Mawile
|-singleturn|p2b: Mawile|Protect
|move|p1a: Archaludon|Dragon Pulse|p2a: Appletun
|-supereffective|p2a: Appletun|1
|-damage|p2a: Appletun|12/100
|-enditem|p2a: Appletun|Sitrus Berry|[eat]
|-heal|p2a: Appletun|37/100|[from] item: Sitrus Berry
|move|p1b: Aggron|Iron Defense|p1b: Aggron
|-boost|p1b: Aggron|def|2
|move|p2a: Appletun|Leech Seed|p1b: Aggron
|-start|p1b: Aggron|move: Leech Seed
|
|-damage|p1b: Aggron|87/100|[from] Leech Seed|[of] p2a: Appletun
|-heal|p2a: Appletun|48/100|[silent]
|upkeep
|turn|3
|
|t:|1783620204
|switch|p2b: Milotic|Milotic, L50, M|100/100
|move|p2a: Appletun|Protect|p2a: Appletun
|-singleturn|p2a: Appletun|Protect
|move|p1a: Archaludon|Electro Shot||[still]
|-prepare|p1a: Archaludon|Electro Shot
|-boost|p1a: Archaludon|spa|1
|move|p1b: Aggron|Body Press|p2b: Milotic
|-damage|p2b: Milotic|35/100
|
|-damage|p1b: Aggron|75/100|[from] Leech Seed|[of] p2a: Appletun
|-heal|p2a: Appletun|59/100|[silent]
|upkeep
|turn|4
|
|t:|1783620226
|switch|p2a: Mawile|Mawile-Mega, L50, F, shiny|50/100g
|move|p2b: Milotic|Scald|p1b: Aggron
|-damage|p1b: Aggron|37/100
|move|p1a: Archaludon|Electro Shot|p2b: Milotic|[from] lockedmove
|-supereffective|p2b: Milotic|1
|-enditem|p2b: Milotic|Wacan Berry|[eat]
|-enditem|p2b: Milotic|Wacan Berry|[weaken]
|-damage|p2b: Milotic|0 fnt
|faint|p2b: Milotic
|move|p1b: Aggron|Body Press|p2a: Mawile
|-damage|p2a: Mawile|0 fnt
|faint|p2a: Mawile
|
|upkeep
|
|t:|1783620240
|switch|p2b: Incineroar|Incineroar, L50, M, shiny|100/100
|switch|p2a: Appletun|Appletun, L50, M, shiny|59/100
|-ability|p2b: Incineroar|Intimidate|boost
|-unboost|p1a: Archaludon|atk|1
|-unboost|p1b: Aggron|atk|1
|turn|5
|-message|overquilled) forfeited.
|
|win|ReChriz
|raw|ReChriz's rating: 1045 → 1074(+29 for winning)
|raw|overquilled)'s rating: 1000 → 1000(+0 for losing)
|l|☆overquilled)
|player|p2|
