|j|☆Garden Monke
|j|☆mylittlecuties<3
|html|Garden Monkemylittlecuties<3    
|uhtml|bestof|Game 2 of a best-of-3
|t:|1785168844
|gametype|doubles
|player|p1|Garden Monke|giacomo|1284
|player|p2|mylittlecuties<3|dawn-gen4pt|1180
|gen|9
|tier|[Gen 9 Champions] VGC 2026 Reg M-B (Bo3)
|rated|
|rule|Species Clause: Limit one of each Pokémon
|rule|Item Clause: Limit 1 of each item
|clearpoke
|poke|p1|Kingambit, L50, M|
|poke|p1|Whimsicott, L50, M|
|poke|p1|Basculegion, L50, M|
|poke|p1|Garchomp, L50, F|
|poke|p1|Charizard, L50, M|
|poke|p1|Floette-Eternal, L50, F|
|poke|p2|Malamar, L50, M|
|poke|p2|Mawile, L50, M|
|poke|p2|Incineroar, L50, F|
|poke|p2|Whimsicott, L50, F|
|poke|p2|Maushold-Four, L50|
|poke|p2|Sinistcha, L50|
|teampreview|4
|showteam|p1|Kingambit||ChopleBerry|Defiant|KowtowCleave,LowKick,SuckerPunch,Protect|Adamant||M|||50|]Whimsicott||FocusSash|Prankster|Moonblast,Tailwind,Encore,Protect|Timid||M|||50|]Basculegion||MysticWater|Adaptability|WaveCrash,LastRespects,AquaJet,Protect|Adamant||M|||50|]Garchomp||LifeOrb|RoughSkin|DragonClaw,RockSlide,Earthquake,Protect|Jolly||F|||50|]Charizard||CharizarditeY|Blaze|WeatherBall,HeatWave,SolarBeam,Protect|Modest||M|||50|]Floette-Eternal||Floettite|FlowerVeil|Moonblast,DazzlingGleam,LightofRuin,Protect|Timid||F|||50|
|showteam|p2|Malamar||Malamarite|Contrary|Superpower,KnockOff,Protect,TrickRoom|Adamant||M|||50|]Mawile||Mawilite|HyperCutter|PlayRough,RockSlide,SuckerPunch,Protect|Brave||M|||50|]Incineroar||LifeOrb|Intimidate|FlareBlitz,DarkestLariat,PartingShot,FakeOut|Brave||F|||50|]Whimsicott||FocusSash|Prankster|Moonblast,Tailwind,Charm,FakeTears|Modest||F|||50|]Maushold-Four||WideLens|Technician|PopulationBomb,Feint,FollowMe,Protect|Jolly|||||50|]Sinistcha||ColburBerry|Hospitality|MatchaGotcha,LifeDew,RagePowder,Protect|Calm|||||50|
|inactive|Battle timer is ON: inactive players will automatically lose when time's up. (requested by Garden Monke)
|
|t:|1785168872
|teamsize|p1|4
|teamsize|p2|4
|start
|switch|p1a: Charizard|Charizard, L50, M|100/100
|switch|p1b: Kingambit|Kingambit, L50, M|100/100
|switch|p2a: Incineroar|Incineroar, L50, F|100/100
|switch|p2b: Malamar|Malamar, L50, M|100/100
|-ability|p2a: Incineroar|Intimidate|boost
|-unboost|p1a: Charizard|atk|1
|-unboost|p1b: Kingambit|atk|1
|-ability|p1b: Kingambit|Defiant|boost
|-boost|p1b: Kingambit|atk|2
|turn|1
|inactive|mylittlecuties<3 has 30 seconds left.
|
|t:|1785168901
|detailschange|p1a: Charizard|Charizard-Mega-Y, L50, M
|-mega|p1a: Charizard|Charizard|Charizardite Y
|-weather|SunnyDay|[from] ability: Drought|[of] p1a: Charizard
|move|p2a: Incineroar|Fake Out|p1a: Charizard
|-damage|p1a: Charizard|79/100
|-damage|p2a: Incineroar|90/100|[from] item: Life Orb
|cant|p1a: Charizard|flinch
|move|p1b: Kingambit|Kowtow Cleave|p2b: Malamar
|-damage|p2b: Malamar|24/100
|move|p2b: Malamar|Trick Room|p2b: Malamar
|-fieldstart|move: Trick Room|[of] p2b: Malamar
|
|-weather|SunnyDay|[upkeep]
|upkeep
|turn|2
|
|t:|1785168924
|switch|p1a: Garchomp|Garchomp, L50, F|100/100
|move|p2b: Malamar|Protect|p2b: Malamar
|-singleturn|p2b: Malamar|Protect
|move|p1b: Kingambit|Sucker Punch||[still]
|-fail|p1b: Kingambit
|move|p2a: Incineroar|Flare Blitz|p1b: Kingambit
|-supereffective|p1b: Kingambit|1
|-damage|p1b: Kingambit|0 fnt
|faint|p1b: Kingambit
|-damage|p2a: Incineroar|56/100|[from] Recoil
|-damage|p2a: Incineroar|46/100|[from] item: Life Orb
|
|-weather|SunnyDay|[upkeep]
|upkeep
|
|t:|1785168931
|switch|p1b: Charizard|Charizard-Mega-Y, L50, M|79/100
|turn|3
|
|t:|1785168943
|move|p1b: Charizard|Protect|p1b: Charizard
|-singleturn|p1b: Charizard|Protect
|move|p2a: Incineroar|Parting Shot|p1b: Charizard
|-activate|p1b: Charizard|move: Protect
|move|p2b: Malamar|Knock Off|p1a: Garchomp
|-damage|p1a: Garchomp|55/100
|-damage|p2b: Malamar|12/100|[from] ability: Rough Skin|[of] p1a: Garchomp
|-enditem|p1a: Garchomp|Life Orb|[from] move: Knock Off|[of] p2b: Malamar
|move|p1a: Garchomp|Earthquake|p2b: Malamar|[spread] p2a,p2b
|-activate|p1b: Charizard|move: Protect
|-supereffective|p2a: Incineroar|1
|-damage|p2a: Incineroar|0 fnt
|-damage|p2b: Malamar|0 fnt
|faint|p2a: Incineroar
|faint|p2b: Malamar
|
|-weather|SunnyDay|[upkeep]
|upkeep
|
|t:|1785168955
|switch|p2a: Mawile|Mawile, L50, M|100/100
|switch|p2b: Whimsicott|Whimsicott, L50, F|100/100
|turn|4
|
|t:|1785168964
|switch|p1b: Basculegion|Basculegion, L50, M|100/100
|detailschange|p2a: Mawile|Mawile-Mega, L50, M
|-mega|p2a: Mawile|Mawile|Mawilite
|move|p2a: Mawile|Rock Slide|p1a: Garchomp|[spread] p1a,p1b
|-resisted|p1a: Garchomp|1
|-damage|p1a: Garchomp|37/100
|-damage|p1b: Basculegion|57/100
|move|p2b: Whimsicott|Moonblast|p1a: Garchomp
|-supereffective|p1a: Garchomp|1
|-damage|p1a: Garchomp|0 fnt
|faint|p1a: Garchomp
|
|-weather|SunnyDay|[upkeep]
|upkeep
|l|☆Garden Monke
|inactive|Garden Monke disconnected and has a minute to reconnect!
|player|p1|
|j|☆Garden Monke
|inactive|Garden Monke reconnected and has 35 seconds left.
|player|p1|Garden Monke|giacomo|
|
|t:|1785168987
|switch|p1a: Charizard|Charizard-Mega-Y, L50, M|79/100
|turn|5
|inactive|mylittlecuties<3 has 30 seconds left.
|
|t:|1785169017
|move|p1a: Charizard|Protect|p1a: Charizard
|-singleturn|p1a: Charizard|Protect
|move|p2a: Mawile|Play Rough|p1b: Basculegion|[miss]
|-miss|p2a: Mawile|p1b: Basculegion
|move|p1b: Basculegion|Last Respects|p2a: Mawile
|-damage|p2a: Mawile|10/100
|move|p2b: Whimsicott|Moonblast|p1a: Charizard
|-activate|p1a: Charizard|move: Protect
|
|-weather|none
|-fieldend|move: Trick Room
|upkeep
|turn|6
|
|t:|1785169030
|move|p2b: Whimsicott|Tailwind|p2b: Whimsicott
|-sidestart|p2: mylittlecuties<3|move: Tailwind
|move|p1b: Basculegion|Aqua Jet|p2a: Mawile
|-damage|p2a: Mawile|0 fnt
|faint|p2a: Mawile
|move|p1a: Charizard|Heat Wave|p2b: Whimsicott|[miss]
|-miss|p1a: Charizard|p2b: Whimsicott
|
|upkeep
|turn|7
|
|t:|1785169042
|move|p2b: Whimsicott|Moonblast|p1b: Basculegion
|-damage|p1b: Basculegion|13/100
|move|p1a: Charizard|Heat Wave|p2b: Whimsicott
|-supereffective|p2b: Whimsicott|1
|-enditem|p2b: Whimsicott|Focus Sash
|-damage|p2b: Whimsicott|1/100
|move|p1b: Basculegion|Last Respects|p2b: Whimsicott
|-damage|p2b: Whimsicott|0 fnt
|faint|p2b: Whimsicott
|
|win|Garden Monke
|raw|Garden Monke's rating: 1284 → 1302(+18 for winning)
|raw|mylittlecuties<3's rating: 1180 → 1162(-18 for losing)
|l|☆mylittlecuties<3
|player|p2|
