|j|☆Omaruco
|j|☆big blakc men
|html|Omarucobig blakc men    
|uhtml|bestof|Game 2 of a best-of-3
|t:|1785937850
|gametype|doubles
|player|p1|Omaruco|arven-s|1126
|player|p2|big blakc men|hiker-gen4|1126
|gen|9
|tier|[Gen 9 Champions] VGC 2026 Reg M-B (Bo3)
|rated|
|rule|Species Clause: Limit one of each Pokémon
|rule|Item Clause: Limit 1 of each item
|clearpoke
|poke|p1|Charizard, L50, M|
|poke|p1|Garchomp, L50, F|
|poke|p1|Incineroar, L50, M|
|poke|p1|Venusaur, L50, M|
|poke|p1|Raichu, L50, M|
|poke|p1|Sylveon, L50, F|
|poke|p2|Hawlucha, L50, M|
|poke|p2|Snorlax, L50, F|
|poke|p2|Sinistcha-Masterpiece, L50|
|poke|p2|Incineroar, L50, M|
|poke|p2|Mawile, L50, M|
|poke|p2|Farigiraf, L50, F|
|teampreview|4
|showteam|p1|Charizard||CharizarditeY|Blaze|WeatherBall,HeatWave,HelpingHand,Protect|Modest||M|||50|]Garchomp||ChoiceScarf|RoughSkin|RockSlide,DragonClaw,Earthquake,StompingTantrum|Adamant||F|||50|]Incineroar||SitrusBerry|Intimidate|FlareBlitz,FakeOut,DarkestLariat,PartingShot|Impish||M|||50|]Venusaur||LifeOrb|Chlorophyll|SludgeBomb,LeafStorm,EarthPower,Protect|Modest||M|||50|]Raichu||RaichuniteY|LightningRod|Protect,ZapCannon,FakeOut,FocusBlast|Timid||M|||50|]Sylveon||FairyFeather|Pixilate|HyperVoice,QuickAttack,HyperBeam,Detect|Modest||F|||50|
|showteam|p2|Hawlucha||Hawluchanite|Limber|Entrainment,Uturn,CloseCombat,ZenHeadbutt|Jolly||M|||50|]Snorlax||ChopleBerry|ThickFat|BodySlam,Fissure,SmackDown,Protect|Impish||F|||50|]Sinistcha-Masterpiece||ColburBerry|Hospitality|TrickRoom,LifeDew,MatchaGotcha,Protect|Relaxed|||||50|]Incineroar||SitrusBerry|Intimidate|FakeOut,PartingShot,FlareBlitz,Protect|Careful||M|||50|]Mawile||Mawilite|HyperCutter|PlayRough,IronHead,Facade,Protect|Adamant||M|||50|]Farigiraf||LifeOrb|ArmorTail|TrickRoom,HyperVoice,Psychic,Protect|Serious||F|||50|
|inactive|Battle timer is ON: inactive players will automatically lose when time's up. (requested by Omaruco)
|inactive|Omaruco has 60 seconds left.
|inactive|big blakc men has 60 seconds left.
|
|t:|1785937898
|teamsize|p1|4
|teamsize|p2|4
|start
|switch|p1a: Raichu|Raichu, L50, M|100/100
|switch|p1b: Sylveon|Sylveon, L50, F|100/100
|switch|p2a: Farigiraf|Farigiraf, L50, F|100/100
|switch|p2b: Mawile|Mawile, L50, M|100/100
|turn|1
|
|t:|1785937907
|detailschange|p1a: Raichu|Raichu-Mega-Y, L50, M
|-mega|p1a: Raichu|Raichu|Raichunite Y
|detailschange|p2b: Mawile|Mawile-Mega, L50, M
|-mega|p2b: Mawile|Mawile|Mawilite
|move|p1a: Raichu|Zap Cannon|p2a: Farigiraf
|-damage|p2a: Farigiraf|34/100
|-status|p2a: Farigiraf|par
|move|p1b: Sylveon|Hyper Voice|p2b: Mawile|[spread] p2a,p2b
|-resisted|p2b: Mawile|1
|-damage|p2a: Farigiraf|0 fnt
|-damage|p2b: Mawile|71/100
|faint|p2a: Farigiraf
|move|p2b: Mawile|Iron Head|p1b: Sylveon
|-supereffective|p1b: Sylveon|1
|-damage|p1b: Sylveon|0 fnt
|faint|p1b: Sylveon
|
|upkeep
|
|t:|1785937917
|switch|p1b: Incineroar|Incineroar, L50, M|100/100
|switch|p2a: Sinistcha|Sinistcha-Masterpiece, L50|100/100
|-ability|p1b: Incineroar|Intimidate|boost
|-unboost|p2a: Sinistcha|atk|1
|-unboost|p2b: Mawile|atk|1
|-heal|p2b: Mawile|96/100|[from] ability: Hospitality|[of] p2a: Sinistcha
|turn|2
|
|t:|1785937932
|move|p2b: Mawile|Protect|p2b: Mawile
|-singleturn|p2b: Mawile|Protect
|move|p1a: Raichu|Zap Cannon|p2b: Mawile
|-activate|p2b: Mawile|move: Protect
|move|p1b: Incineroar|Flare Blitz|p2b: Mawile
|-activate|p2b: Mawile|move: Protect
|move|p2a: Sinistcha|Trick Room|p2a: Sinistcha
|-fieldstart|move: Trick Room|[of] p2a: Sinistcha
|
|upkeep
|turn|3
|
|t:|1785937945
|move|p1a: Raichu|Protect|p1a: Raichu
|-singleturn|p1a: Raichu|Protect
|move|p2b: Mawile|Play Rough|p1a: Raichu
|-activate|p1a: Raichu|move: Protect
|move|p1b: Incineroar|Parting Shot|p2b: Mawile
|-unboost|p2b: Mawile|atk|1
|-unboost|p2b: Mawile|spa|1
|
|t:|1785937951
|switch|p1b: Venusaur|Venusaur, L50, M|100/100|[from] Parting Shot
|move|p2a: Sinistcha|Matcha Gotcha|p1b: Venusaur|[spread] p1b
|-activate|p1a: Raichu|move: Protect
|-resisted|p1b: Venusaur|2
|-damage|p1b: Venusaur|92/100
|
|upkeep
|turn|4
|
|t:|1785937961
|switch|p1a: Incineroar|Incineroar, L50, M|100/100
|-ability|p1a: Incineroar|Intimidate|boost
|-unboost|p2a: Sinistcha|atk|1
|-unboost|p2b: Mawile|atk|1
|move|p2b: Mawile|Play Rough|p1a: Incineroar
|-damage|p1a: Incineroar|72/100
|move|p2a: Sinistcha|Matcha Gotcha|p1a: Incineroar|[spread] p1a,p1b
|-resisted|p1a: Incineroar|1
|-resisted|p1b: Venusaur|2
|-damage|p1a: Incineroar|61/100
|-damage|p1b: Venusaur|86/100
|move|p1b: Venusaur|Earth Power|p2b: Mawile
|-supereffective|p2b: Mawile|1
|-damage|p2b: Mawile|5/100
|-damage|p1b: Venusaur|77/100|[from] item: Life Orb
|
|upkeep
|turn|5
|
|t:|1785937978
|switch|p2b: Incineroar|Incineroar, L50, M|100/100
|-ability|p2b: Incineroar|Intimidate|boost
|-unboost|p1a: Incineroar|atk|1
|-unboost|p1b: Venusaur|atk|1
|move|p2a: Sinistcha|Protect|p2a: Sinistcha
|-singleturn|p2a: Sinistcha|Protect
|move|p1a: Incineroar|Flare Blitz|p2b: Incineroar
|-resisted|p2b: Incineroar|1
|-damage|p2b: Incineroar|85/100
|-damage|p1a: Incineroar|56/100|[from] Recoil
|move|p1b: Venusaur|Sludge Bomb|p2a: Sinistcha
|-activate|p2a: Sinistcha|move: Protect
|
|upkeep
|turn|6
|
|t:|1785937993
|switch|p1b: Raichu|Raichu-Mega-Y, L50, M|100/100
|move|p2a: Sinistcha|Protect|p2a: Sinistcha
|-singleturn|p2a: Sinistcha|Protect
|move|p1a: Incineroar|Parting Shot|p2a: Sinistcha
|-activate|p2a: Sinistcha|move: Protect
|move|p2b: Incineroar|Flare Blitz|p1b: Raichu
|-damage|p1b: Raichu|27/100
|-status|p1b: Raichu|brn
|-damage|p2b: Incineroar|65/100|[from] Recoil
|
|-damage|p1b: Raichu|21/100 brn|[from] brn
|-fieldend|move: Trick Room
|upkeep
|turn|7
|inactive|big blakc men has 30 seconds left.
|inactive|big blakc men has 20 seconds left.
|
|t:|1785938031
|switch|p1a: Venusaur|Venusaur, L50, M|77/100
|move|p1b: Raichu|Focus Blast|p2b: Incineroar
|-supereffective|p2b: Incineroar|1
|-damage|p2b: Incineroar|8/100
|-enditem|p2b: Incineroar|Sitrus Berry|[eat]
|-heal|p2b: Incineroar|33/100|[from] item: Sitrus Berry
|move|p2b: Incineroar|Flare Blitz|p1b: Raichu
|-damage|p1b: Raichu|0 fnt
|faint|p1b: Raichu
|-damage|p2b: Incineroar|27/100|[from] Recoil
|move|p2a: Sinistcha|Trick Room|p2a: Sinistcha
|-fieldstart|move: Trick Room|[of] p2a: Sinistcha
|
|upkeep
|
|t:|1785938039
|switch|p1b: Incineroar|Incineroar, L50, M|56/100
|-ability|p1b: Incineroar|Intimidate|boost
|-unboost|p2a: Sinistcha|atk|1
|-unboost|p2b: Incineroar|atk|1
|turn|8
|
|t:|1785938058
|switch|p2b: Mawile|Mawile-Mega, L50, M|5/100
|move|p1b: Incineroar|Flare Blitz|p2b: Mawile
|-supereffective|p2b: Mawile|1
|-damage|p2b: Mawile|0 fnt
|faint|p2b: Mawile
|-damage|p1b: Incineroar|55/100|[from] Recoil
|move|p2a: Sinistcha|Life Dew||[still]
|-fail|p2a: Sinistcha|heal
|move|p1a: Venusaur|Sludge Bomb|p2a: Sinistcha
|-damage|p2a: Sinistcha|36/100
|-damage|p1a: Venusaur|67/100|[from] item: Life Orb
|
|upkeep
|
|t:|1785938064
|switch|p2b: Incineroar|Incineroar, L50, M|27/100
|-ability|p2b: Incineroar|Intimidate|boost
|-unboost|p1a: Venusaur|atk|1
|-unboost|p1b: Incineroar|atk|1
|turn|9
|
|t:|1785938077
|move|p1a: Venusaur|Protect|p1a: Venusaur
|-singleturn|p1a: Venusaur|Protect
|move|p2b: Incineroar|Fake Out|p1a: Venusaur
|-activate|p1a: Venusaur|move: Protect
|move|p1b: Incineroar|Flare Blitz|p2b: Incineroar
|-resisted|p2b: Incineroar|1
|-damage|p2b: Incineroar|12/100
|-damage|p1b: Incineroar|50/100g|[from] Recoil
|move|p2a: Sinistcha|Life Dew|p2a: Sinistcha|[spread] p2a,p2b
|-heal|p2a: Sinistcha|61/100
|-heal|p2b: Incineroar|38/100
|
|upkeep
|turn|10
|
|t:|1785938092
|move|p2b: Incineroar|Flare Blitz|p1a: Venusaur
|-supereffective|p1a: Venusaur|1
|-damage|p1a: Venusaur|0 fnt
|faint|p1a: Venusaur
|-damage|p2b: Incineroar|20/100y|[from] Recoil
|move|p1b: Incineroar|Flare Blitz|p2b: Incineroar
|-resisted|p2b: Incineroar|1
|-damage|p2b: Incineroar|5/100
|-damage|p1b: Incineroar|45/100|[from] Recoil
|-enditem|p1b: Incineroar|Sitrus Berry|[eat]
|-heal|p1b: Incineroar|70/100|[from] item: Sitrus Berry
|move|p2a: Sinistcha|Matcha Gotcha|p1b: Incineroar
|-resisted|p1b: Incineroar|1
|-damage|p1b: Incineroar|57/100
|-heal|p2a: Sinistcha|69/100|[from] drain|[of] p1b: Incineroar
|
|upkeep
|turn|11
|
|t:|1785938116
|move|p2b: Incineroar|Protect|p2b: Incineroar
|-singleturn|p2b: Incineroar|Protect
|move|p1b: Incineroar|Flare Blitz|p2a: Sinistcha
|-supereffective|p2a: Sinistcha|1
|-damage|p2a: Sinistcha|21/100
|-damage|p1b: Incineroar|43/100|[from] Recoil
|move|p2a: Sinistcha|Life Dew|p2a: Sinistcha|[spread] p2a,p2b
|-heal|p2a: Sinistcha|47/100
|-heal|p2b: Incineroar|31/100
|
|-fieldend|move: Trick Room
|upkeep
|turn|12
|-message|Omaruco forfeited.
|
|win|big blakc men
