|j|☆PerryAgent
|j|☆B South
|html|PerryAgentB South    
|uhtml|bestof|Game 2 of a best-of-3
|t:|1757715908
|gametype|doubles
|player|p1|PerryAgent|169|1120
|player|p2|B South|101|1160
|gen|9
|tier|[Gen 9] VGC 2025 Reg H (Bo3)
|rated|
|rule|Species Clause: Limit one of each Pokémon
|rule|Item Clause: Limit 1 of each item
|clearpoke
|poke|p1|Typhlosion-Hisui, L50, F|
|poke|p1|Whimsicott, L50, M|
|poke|p1|Ursaluna-Bloodmoon, L50, M|
|poke|p1|Primarina, L50, F|
|poke|p1|Meowscarada, L50, M|
|poke|p1|Farigiraf, L50, F|
|poke|p2|Pelipper, L50, M|
|poke|p2|Archaludon, L50, M|
|poke|p2|Basculegion, L50, M|
|poke|p2|Barraskewda, L50, F|
|poke|p2|Maushold, L50|
|poke|p2|Annihilape, L50, M|
|teampreview|4
|showteam|p1|Typhlosion-Hisui||Charcoal|Blaze|Eruption,HeatWave,ShadowBall,Protect|||F|||50|,,,,,Fire]Whimsicott||CovertCloak|Prankster|Tailwind,Moonblast,SunnyDay,Encore|||M|||50|,,,,,Dark]Ursaluna-Bloodmoon||LifeOrb|MindsEye|HyperVoice,BloodMoon,EarthPower,Protect|||M|||50|,,,,,Normal]Primarina||ThroatSpray|LiquidVoice|Moonblast,HyperVoice,Haze,Protect|||F|||50|,,,,,Grass]Meowscarada||FocusSash|Protean|FlowerTrick,KnockOff,Uturn,Protect|||M|||50|,,,,,Grass]Farigiraf||SafetyGoggles|ArmorTail|PsychicNoise,HyperVoice,HelpingHand,TrickRoom|||F|||50|,,,,,Fire
|showteam|p2|Pelipper||ChoiceScarf|Drizzle|Tailwind,WeatherBall,Hurricane,WideGuard|||M|||50|,,,,,Stellar]Archaludon||AssaultVest|Stamina|ElectroShot,BodyPress,DracoMeteor,FlashCannon|||M|||50|,,,,,Bug]Basculegion||MysticWater|SwiftSwim|AquaJet,FlipTurn,WaveCrash,LastRespects|||M|||50|,,,,,Water]Barraskewda||ChoiceBand|PropellerTail|FlipTurn,Liquidation,CloseCombat,AquaJet|||F|||50|,,,,,Fighting]Maushold||SafetyGoggles|FriendGuard|BeatUp,FollowMe,Taunt,Protect||||||50|,,,,,Ghost]Annihilape||Leftovers|Defiant|BulkUp,RageFist,DrainPunch,Protect|||M|||50|,,,,,Grass
|inactive|Battle timer is ON: inactive players will automatically lose when time's up. (requested by PerryAgent)
|
|t:|1757715933
|teamsize|p1|4
|teamsize|p2|4
|start
|switch|p1a: Whimsicott|Whimsicott, L50, M|100/100
|switch|p1b: Typhlosion|Typhlosion-Hisui, L50, F|100/100
|switch|p2a: Basculegion|Basculegion, L50, M|100/100
|switch|p2b: Maushold|Maushold, L50|100/100
|turn|1
|inactive|B South has 30 seconds left.
|
|t:|1757715966
|-terastallize|p2a: Basculegion|Water
|move|p1b: Typhlosion|Protect|p1b: Typhlosion
|-singleturn|p1b: Typhlosion|Protect
|move|p1a: Whimsicott|Sunny Day|p1a: Whimsicott
|-weather|SunnyDay
|move|p2a: Basculegion|Aqua Jet|p1b: Typhlosion
|-activate|p1b: Typhlosion|move: Protect
|move|p2b: Maushold|Taunt|p1a: Whimsicott
|-start|p1a: Whimsicott|move: Taunt
|
|-weather|SunnyDay|[upkeep]
|upkeep
|turn|2
|
|t:|1757715989
|switch|p1a: Farigiraf|Farigiraf, L50, F|100/100
|switch|p2b: Peeko|Pelipper, L50, M, shiny|100/100
|-weather|RainDance|[from] ability: Drizzle|[of] p2b: Peeko
|move|p2a: Basculegion|Flip Turn|p1b: Typhlosion
|-supereffective|p1b: Typhlosion
|-damage|p1b: Typhlosion|0 fnt
|faint|p1b: Typhlosion
|
|t:|1757716001
|switch|p2a: Maushold|Maushold, L50|100/100|[from] Flip Turn
|
|-weather|RainDance|[upkeep]
|upkeep
|inactive|PerryAgent has 30 seconds left.
|inactive|PerryAgent has 20 seconds left.
|
|t:|1757716040
|switch|p1b: Primarina|Primarina, L50, F|100/100
|turn|3
|inactive|B South has 30 seconds left.
|inactive|B South has 20 seconds left.
|inactive|B South has 15 seconds left.
|inactive|B South has 10 seconds left.
|
|t:|1757716086
|move|p2b: Peeko|Wide Guard|p2b: Peeko
|-singleturn|p2b: Peeko|Wide Guard
|move|p2a: Maushold|Taunt|p1a: Farigiraf
|-start|p1a: Farigiraf|move: Taunt
|move|p1b: Primarina|Hyper Voice|p2b: Peeko|[spread] 
|-activate|p2a: Maushold|move: Wide Guard
|-activate|p2b: Peeko|move: Wide Guard
|cant|p1a: Farigiraf|move: Taunt|Trick Room
|
|-weather|RainDance|[upkeep]
|upkeep
|turn|4
|
|t:|1757716100
|switch|p2b: Archaludon|Archaludon, L50, M|100/100
|switch|p1a: Whimsicott|Whimsicott, L50, M|100/100
|move|p1b: Primarina|Protect|p1b: Primarina
|-singleturn|p1b: Primarina|Protect
|move|p2a: Maushold|Beat Up|p2b: Archaludon
|-damage|p2b: Archaludon|99/100
|-ability|p2b: Archaludon|Stamina|boost
|-boost|p2b: Archaludon|def|1
|-damage|p2b: Archaludon|98/100
|-ability|p2b: Archaludon|Stamina|boost
|-boost|p2b: Archaludon|def|1
|-damage|p2b: Archaludon|97/100
|-ability|p2b: Archaludon|Stamina|boost
|-boost|p2b: Archaludon|def|1
|-damage|p2b: Archaludon|97/100
|-ability|p2b: Archaludon|Stamina|boost
|-boost|p2b: Archaludon|def|1
|-hitcount|p2b: Archaludon|4
|
|-weather|RainDance|[upkeep]
|upkeep
|turn|5
|inactive|B South has 30 seconds left.
|
|t:|1757716127
|move|p1a: Whimsicott|Tailwind|p1a: Whimsicott
|-sidestart|p1: PerryAgent|move: Tailwind
|move|p1b: Primarina|Hyper Voice|p2a: Maushold|[spread] p2a,p2b
|-resisted|p2b: Archaludon
|-damage|p2a: Maushold|40/100
|-damage|p2b: Archaludon|86/100
|-ability|p2b: Archaludon|Stamina|boost
|-boost|p2b: Archaludon|def|1
|-enditem|p1b: Primarina|Throat Spray
|-boost|p1b: Primarina|spa|1|[from] item: Throat Spray
|move|p2a: Maushold|Taunt|p1a: Whimsicott
|-start|p1a: Whimsicott|move: Taunt
|move|p2b: Archaludon|Flash Cannon|p1a: Whimsicott
|-supereffective|p1a: Whimsicott
|-damage|p1a: Whimsicott|14/100
|
|-weather|RainDance|[upkeep]
|upkeep
|turn|6
|inactive|PerryAgent has 30 seconds left.
|
|t:|1757716159
|move|p2a: Maushold|Follow Me|p2a: Maushold
|-singleturn|p2a: Maushold|move: Follow Me
|move|p1a: Whimsicott|Moonblast|p2a: Maushold
|-damage|p2a: Maushold|5/100
|-unboost|p2a: Maushold|spa|1
|move|p1b: Primarina|Moonblast|p2a: Maushold
|-damage|p2a: Maushold|0 fnt
|faint|p2a: Maushold
|move|p2b: Archaludon|Electro Shot||[still]
|-prepare|p2b: Archaludon|Electro Shot
|-boost|p2b: Archaludon|spa|1
|-anim|p2b: Archaludon|Electro Shot|p1b: Primarina
|-supereffective|p1b: Primarina
|-damage|p1b: Primarina|5/100
|
|-weather|none
|upkeep
|
|t:|1757716176
|switch|p2a: Peeko|Pelipper, L50, M, shiny|100/100
|-weather|RainDance|[from] ability: Drizzle|[of] p2a: Peeko
|turn|7
|
|t:|1757716193
|move|p1a: Whimsicott|Moonblast|p2a: Peeko
|-damage|p2a: Peeko|51/100
|-unboost|p2a: Peeko|spa|1
|move|p2a: Peeko|Weather Ball|p1b: Primarina
|-resisted|p1b: Primarina
|-damage|p1b: Primarina|0 fnt
|faint|p1b: Primarina
|move|p2b: Archaludon|Electro Shot||[still]
|-prepare|p2b: Archaludon|Electro Shot
|-boost|p2b: Archaludon|spa|1
|-anim|p2b: Archaludon|Electro Shot|p1a: Whimsicott
|-resisted|p1a: Whimsicott
|-damage|p1a: Whimsicott|0 fnt
|faint|p1a: Whimsicott
|
|-weather|RainDance|[upkeep]
|upkeep
|
|t:|1757716196
|switch|p1b: Farigiraf|Farigiraf, L50, F|100/100
|turn|8
|
|t:|1757716218
|move|p2a: Peeko|Weather Ball|p1b: Farigiraf
|-damage|p1b: Farigiraf|59/100
|move|p2b: Archaludon|Body Press|p1b: Farigiraf
|-damage|p1b: Farigiraf|0 fnt
|faint|p1b: Farigiraf
|
|win|B South
|raw|PerryAgent's rating: 1120 → 1098(-22 for losing)
|raw|B South's rating: 1160 → 1182(+22 for winning)
|c|☆B South|Gg
|l|☆PerryAgent
|player|p1|
|l|☆B South
|player|p2|
