|j|☆Raucho
|j|☆Camilo997
|html|RauchoCamilo997    
|uhtml|bestof|Game 3 of a best-of-3
|t:|1756485586
|gametype|doubles
|player|p1|Raucho|n|1158
|player|p2|Camilo997|102|1091
|gen|9
|tier|[Gen 9] VGC 2025 Reg H (Bo3)
|rated|
|rule|Species Clause: Limit one of each Pokémon
|rule|Item Clause: Limit 1 of each item
|clearpoke
|poke|p1|Gholdengo, L50|
|poke|p1|Dragonite, L50, F|
|poke|p1|Indeedee, L50, M|
|poke|p1|Sneasler, L50, M|
|poke|p1|Electabuzz, L50, M|
|poke|p1|Ursaluna-Bloodmoon, L50, M|
|poke|p2|Hydrapple, L50, M|
|poke|p2|Hippowdon, L50, M|
|poke|p2|Houndstone, L50, M|
|poke|p2|Sneasler, L50, M|
|poke|p2|Indeedee, L50, M|
|poke|p2|Electabuzz, L50, F|
|teampreview|4
|showteam|p1|Gholdengo||IronPlate|GoodasGold|MakeItRain,ShadowBall,NastyPlot,Protect||||||50|,,,,,Dragon]Dragonite||LoadedDice|Multiscale|ScaleShot,StompingTantrum,Haze,Tailwind|||F|||50|,,,,,Fairy]Indeedee||FocusSash|PsychicSurge|ExpandingForce,Imprison,TrickRoom,Protect|||M|||50|,,,,,Psychic]Sneasler||PsychicSeed|Unburden|ThroatChop,CloseCombat,DireClaw,Protect|||M|||50|,,,,,Dark]Electabuzz||Eviolite|VitalSpirit|Electroweb,Taunt,FollowMe,Protect|||M|||50|,,,,,Dragon]Ursaluna-Bloodmoon||LifeOrb|MindsEye|HyperVoice,BloodMoon,EarthPower,Protect|||M|||50|,,,,,Normal
|showteam|p2|Hydrapple||AssaultVest|SupersweetSyrup|GigaDrain,FickleBeam,PollenPuff,EarthPower|||M|||50|,,,,,Fire]Hippowdon||SitrusBerry|SandStream|Stockpile,FireFang,HighHorsepower,SlackOff|||M|||50|,,,,,Steel]Houndstone||ChoiceBand|SandRush|LastRespects,Poltergeist,StompingTantrum,PlayRough|||M|||50|,,,,,Fairy]Sneasler||PsychicSeed|Unburden|ThroatChop,DireClaw,CloseCombat,Coaching|||M|||50|,,,,,Dark]Indeedee||FocusSash|PsychicSurge|ExpandingForce,TeraBlast,DazzlingGleam,TrickRoom|||M|||50|,,,,,Fighting]Electabuzz||Eviolite|VitalSpirit|FollowMe,Electroweb,Taunt,KnockOff|||F|||50|,,,,,Ghost
|inactive|Battle timer is ON: inactive players will automatically lose when time's up. (requested by Raucho)
|inactive|Camilo997 has 60 seconds left.
|
|t:|1756485619
|teamsize|p1|4
|teamsize|p2|4
|start
|switch|p1a: Dragonite|Dragonite, L50, F, shiny|100/100
|switch|p1b: Indeedee|Indeedee, L50, M, shiny|100/100
|switch|p2a: Electabuzz|Electabuzz, L50, F|100/100
|switch|p2b: Sneasler|Sneasler, L50, M|100/100
|-fieldstart|move: Psychic Terrain|[from] ability: Psychic Surge|[of] p1b: Indeedee
|-enditem|p2b: Sneasler|Psychic Seed
|-boost|p2b: Sneasler|spd|1|[from] item: Psychic Seed
|turn|1
|
|t:|1756485637
|move|p2b: Sneasler|Dire Claw|p1b: Indeedee
|-damage|p1b: Indeedee|20/100
|move|p1b: Indeedee|Expanding Force|p2b: Sneasler|[spread] p2a,p2b
|-supereffective|p2b: Sneasler
|-damage|p2a: Electabuzz|58/100
|-damage|p2b: Sneasler|0 fnt
|faint|p2b: Sneasler
|move|p2a: Electabuzz|Electroweb|p1b: Indeedee|[spread] p1a,p1b
|-damage|p1a: Dragonite|93/100
|-damage|p1b: Indeedee|0 fnt
|-unboost|p1a: Dragonite|spe|1
|faint|p1b: Indeedee
|move|p1a: Dragonite|Tailwind|p1a: Dragonite
|-sidestart|p1: Raucho|move: Tailwind
|
|upkeep
|
|t:|1756485654
|switch|p2b: Hippowdon|Hippowdon, L50, M|100/100
|switch|p1b: Ursaluna|Ursaluna-Bloodmoon, L50, M|100/100
|-weather|Sandstorm|[from] ability: Sand Stream|[of] p2b: Hippowdon
|turn|2
|inactive|Camilo997 has 30 seconds left.
|
|t:|1756485681
|move|p1b: Ursaluna|Blood Moon|p2b: Hippowdon
|-damage|p2b: Hippowdon|10/100
|-enditem|p2b: Hippowdon|Sitrus Berry|[eat]
|-heal|p2b: Hippowdon|35/100|[from] item: Sitrus Berry
|-damage|p1b: Ursaluna|91/100|[from] item: Life Orb
|move|p1a: Dragonite|Stomping Tantrum|p2a: Electabuzz
|-supereffective|p2a: Electabuzz
|-damage|p2a: Electabuzz|11/100
|move|p2a: Electabuzz|Knock Off|p1a: Dragonite
|-damage|p1a: Dragonite|74/100
|-enditem|p1a: Dragonite|Loaded Dice|[from] move: Knock Off|[of] p2a: Electabuzz
|move|p2b: Hippowdon|Stockpile|p2b: Hippowdon
|-start|p2b: Hippowdon|stockpile1
|-boost|p2b: Hippowdon|def|1
|-boost|p2b: Hippowdon|spd|1
|
|-weather|Sandstorm|[upkeep]
|-damage|p1a: Dragonite|68/100|[from] Sandstorm
|-damage|p2a: Electabuzz|5/100|[from] Sandstorm
|upkeep
|turn|3
|
|t:|1756485697
|-terastallize|p1b: Ursaluna|Normal
|move|p2a: Electabuzz|Follow Me|p2a: Electabuzz
|-singleturn|p2a: Electabuzz|move: Follow Me
|move|p1b: Ursaluna|Hyper Voice|p2b: Hippowdon|[spread] p2a,p2b
|-damage|p2a: Electabuzz|0 fnt
|-damage|p2b: Hippowdon|1/100
|faint|p2a: Electabuzz
|-damage|p1b: Ursaluna|81/100|[from] item: Life Orb
|move|p1a: Dragonite|Haze|p1a: Dragonite
|-clearallboost
|move|p2b: Hippowdon|Slack Off|p2b: Hippowdon
|-heal|p2b: Hippowdon|51/100
|
|-weather|Sandstorm|[upkeep]
|-damage|p1a: Dragonite|62/100|[from] Sandstorm
|-damage|p1b: Ursaluna|76/100|[from] Sandstorm
|upkeep
|
|t:|1756485703
|switch|p2a: Houndstone|Houndstone, L50, M|100/100
|turn|4
|
|t:|1756485726
|move|p1a: Dragonite|Scale Shot|p2b: Hippowdon|[miss]
|-miss|p1a: Dragonite|p2b: Hippowdon
|move|p2a: Houndstone|Play Rough|p1a: Dragonite|[miss]
|-miss|p2a: Houndstone|p1a: Dragonite
|move|p1b: Ursaluna|Hyper Voice|p2a: Houndstone|[spread] p2a,p2b
|-damage|p2a: Houndstone|19/100
|-damage|p2b: Hippowdon|0 fnt
|faint|p2b: Hippowdon
|-damage|p1b: Ursaluna|66/100|[from] item: Life Orb
|
|-weather|Sandstorm|[upkeep]
|-damage|p1a: Dragonite|56/100|[from] Sandstorm
|-damage|p1b: Ursaluna|60/100|[from] Sandstorm
|-sideend|p1: Raucho|move: Tailwind
|upkeep
|turn|5
|
|t:|1756485742
|-terastallize|p2a: Houndstone|Fairy
|move|p2a: Houndstone|Play Rough|p1b: Ursaluna
|-damage|p1b: Ursaluna|12/100
|move|p1a: Dragonite|Scale Shot|p2a: Houndstone
|-immune|p2a: Houndstone
|move|p1b: Ursaluna|Hyper Voice|p2a: Houndstone
|-damage|p2a: Houndstone|0 fnt
|faint|p2a: Houndstone
|-damage|p1b: Ursaluna|3/100|[from] item: Life Orb
|
|win|Raucho
|raw|Raucho's rating: 1158 → 1178(+20 for winning)
|raw|Camilo997's rating: 1091 → 1072(-19 for losing)
