|j|☆NEOLODO
|j|☆Jboys1970
|html|NEOLODOJboys1970    
|uhtml|bestof|Game 3 of a best-of-3
|t:|1756654577
|gametype|doubles
|player|p1|NEOLODO|170|1196
|player|p2|Jboys1970|2|1209
|gen|9
|tier|[Gen 9] VGC 2025 Reg H (Bo3)
|rated|
|rule|Species Clause: Limit one of each Pokémon
|rule|Item Clause: Limit 1 of each item
|clearpoke
|poke|p1|Lilligant-Hisui, L50, F|
|poke|p1|Hatterene, L50, F|
|poke|p1|Ursaluna, L50, M|
|poke|p1|Indeedee-F, L50, F|
|poke|p1|Torkoal, L50, F|
|poke|p1|Gallade, L50, M|
|poke|p2|Kingambit, L50, F|
|poke|p2|Talonflame, L50, M|
|poke|p2|Ninetales-Alola, L50, F|
|poke|p2|Baxcalibur, L50, F|
|poke|p2|Amoonguss, L50, M|
|poke|p2|Clawitzer, L50, F|
|teampreview|4
|showteam|p1|Lilligant-Hisui||FocusSash|Chlorophyll|SolarBlade,AfterYou,CloseCombat,SleepPowder|||F|||50|,,,,,Ghost]Hatterene||CovertCloak|MagicBounce|DazzlingGleam,ExpandingForce,TrickRoom,MysticalFire|||F|||50|,,,,,Fire]Ursaluna||FlameOrb|Guts|Facade,HeadlongRush,Earthquake,Protect|||M|||50|,,,,,Ghost]Indeedee-F||PsychicSeed|PsychicSurge|Psychic,TrickRoom,HelpingHand,FollowMe|||F|||50|,,,,,Dragon]Torkoal||FlamePlate|Drought|Eruption,WeatherBall,HeatWave,Protect|||F|||50|,,,,,Fire]Gallade||ClearAmulet|Sharpness|PsychoCut,SacredSword,TrickRoom,WideGuard|||M|||50|,,,,,Grass
|showteam|p2|Kingambit||BlackGlasses|Defiant|SuckerPunch,SwordsDance,KowtowCleave,Protect|||F|||50|,,,,,Dark]Talonflame||LifeOrb|FlameBody|Tailwind,FlareBlitz,WillOWisp,Protect|||M|||50|,,,,,Fire]Ninetales-Alola||IcyRock|SnowWarning|Blizzard,AuroraVeil,Protect,FreezeDry|||F|||50|,,,,,Water]Baxcalibur||LoadedDice|ThermalExchange|Protect,IceShard,IcicleSpear,ScaleShot|||F|||50|,,,,,Poison]Amoonguss||SitrusBerry|Regenerator|Spore,Protect,RagePowder,SludgeBomb|||M|||50|,,,,,Fairy]Clawitzer||ChoiceSpecs|MegaLauncher|AuraSphere,WaterPulse,DragonPulse,FlashCannon|||F|||50|,,,,,Grass
|inactive|Battle timer is ON: inactive players will automatically lose when time's up. (requested by NEOLODO)
|
|t:|1756654625
|teamsize|p1|4
|teamsize|p2|4
|start
|switch|p1a: Indeedee|Indeedee-F, L50, F|100/100
|switch|p1b: Hatterene|Hatterene, L50, F|100/100
|switch|p2a: Kingambit|Kingambit, L50, F|100/100
|switch|p2b: Amoonguss|Amoonguss, L50, M|100/100
|-fieldstart|move: Psychic Terrain|[from] ability: Psychic Surge|[of] p1a: Indeedee
|-enditem|p1a: Indeedee|Psychic Seed
|-boost|p1a: Indeedee|spd|1|[from] item: Psychic Seed
|turn|1
|inactive|NEOLODO has 30 seconds left.
|inactive|NEOLODO has 20 seconds left.
|
|t:|1756654661
|switch|p1a: Lilligant|Lilligant-Hisui, L50, F|100/100
|-terastallize|p1b: Hatterene|Fire
|move|p2a: Kingambit|Swords Dance|p2a: Kingambit
|-boost|p2a: Kingambit|atk|2
|move|p2b: Amoonguss|Spore|p1a: Lilligant
|-immune|p1a: Lilligant
|move|p1b: Hatterene|Mystical Fire|p2a: Kingambit
|-supereffective|p2a: Kingambit
|-damage|p2a: Kingambit|14/100
|-unboost|p2a: Kingambit|spa|1
|-ability|p2a: Kingambit|Defiant|boost
|-boost|p2a: Kingambit|atk|2
|
|upkeep
|turn|2
|inactive|NEOLODO has 30 seconds left.
|inactive|Jboys1970 has 30 seconds left.
|inactive|Jboys1970 has 20 seconds left.
|inactive|Jboys1970 has 15 seconds left.
|inactive|Jboys1970 has 10 seconds left.
|
|t:|1756654709
|switch|p1b: Torkoal|Torkoal, L50, F|100/100
|-weather|SunnyDay|[from] ability: Drought|[of] p1b: Torkoal
|-terastallize|p2b: Amoonguss|Fairy
|move|p2a: Kingambit|Protect|p2a: Kingambit
|-singleturn|p2a: Kingambit|Protect
|move|p1a: Lilligant|Close Combat|p2a: Kingambit
|-activate|p2a: Kingambit|move: Protect
|move|p2b: Amoonguss|Sludge Bomb|p1a: Lilligant
|-supereffective|p1a: Lilligant
|-damage|p1a: Lilligant|14/100
|
|-weather|SunnyDay|[upkeep]
|upkeep
|turn|3
|inactive|NEOLODO has 30 seconds left.
|inactive|Jboys1970 has 30 seconds left.
|
|t:|1756654741
|switch|p1b: Hatterene|Hatterene, L50, F, tera:Fire|100/100
|move|p1a: Lilligant|Close Combat|p2a: Kingambit
|-supereffective|p2a: Kingambit
|-damage|p2a: Kingambit|0 fnt
|-unboost|p1a: Lilligant|def|1
|-unboost|p1a: Lilligant|spd|1
|faint|p2a: Kingambit
|move|p2b: Amoonguss|Spore|p1b: Hatterene
|move|p1b: Hatterene|Spore|p2b: Amoonguss|[from] ability: Magic Bounce
|-status|p2b: Amoonguss|slp|[from] move: Spore
|
|-weather|SunnyDay|[upkeep]
|upkeep
|inactive|Jboys1970 has 30 seconds left.
|
|t:|1756654769
|switch|p2a: Ninetales|Ninetales-Alola, L50, F|100/100
|-weather|Snowscape|[from] ability: Snow Warning|[of] p2a: Ninetales
|turn|4
|
|t:|1756654781
|switch|p1b: Torkoal|Torkoal, L50, F|100/100
|-weather|SunnyDay|[from] ability: Drought|[of] p1b: Torkoal
|move|p1a: Lilligant|Close Combat|p2a: Ninetales
|-damage|p2a: Ninetales|15/100
|-unboost|p1a: Lilligant|def|1
|-unboost|p1a: Lilligant|spd|1
|move|p2a: Ninetales|Blizzard|p1a: Lilligant|[spread] p1a,p1b
|-supereffective|p1a: Lilligant
|-resisted|p1b: Torkoal
|-damage|p1a: Lilligant|0 fnt
|-damage|p1b: Torkoal|81/100
|faint|p1a: Lilligant
|cant|p2b: Amoonguss|slp
|
|-weather|SunnyDay|[upkeep]
|upkeep
|
|t:|1756654797
|switch|p1a: Hatterene|Hatterene, L50, F, tera:Fire|100/100
|turn|5
|
|t:|1756654808
|switch|p2a: Clawitzer|Clawitzer, L50, F|100/100
|cant|p2b: Amoonguss|slp
|move|p1a: Hatterene|Expanding Force|p2b: Amoonguss|[spread] p2a,p2b
|-damage|p2a: Clawitzer|20/100
|-damage|p2b: Amoonguss|45/100 slp
|-enditem|p2b: Amoonguss|Sitrus Berry|[eat]
|-heal|p2b: Amoonguss|70/100 slp|[from] item: Sitrus Berry
|move|p1b: Torkoal|Eruption|p2b: Amoonguss|[spread] p2a,p2b
|-resisted|p2a: Clawitzer
|-damage|p2a: Clawitzer|0 fnt
|-damage|p2b: Amoonguss|17/100 slp
|faint|p2a: Clawitzer
|
|-weather|SunnyDay|[upkeep]
|-fieldend|move: Psychic Terrain
|upkeep
|
|t:|1756654814
|switch|p2a: Ninetales|Ninetales-Alola, L50, F|15/100
|-weather|Snowscape|[from] ability: Snow Warning|[of] p2a: Ninetales
|turn|6
|inactive|NEOLODO has 30 seconds left.
|
|t:|1756654843
|move|p1b: Torkoal|Protect|p1b: Torkoal
|-singleturn|p1b: Torkoal|Protect
|move|p2a: Ninetales|Blizzard|p1a: Hatterene|[spread] p1a
|-activate|p1b: Torkoal|move: Protect
|-resisted|p1a: Hatterene
|-damage|p1a: Hatterene|84/100
|-curestatus|p2b: Amoonguss|slp|[msg]
|move|p2b: Amoonguss|Sludge Bomb|p1a: Hatterene
|-damage|p1a: Hatterene|52/100
|move|p1a: Hatterene|Dazzling Gleam|p2a: Ninetales|[spread] p2a,p2b
|-damage|p2a: Ninetales|0 fnt
|-damage|p2b: Amoonguss|0 fnt
|faint|p2a: Ninetales
|faint|p2b: Amoonguss
|
|win|NEOLODO
|raw|NEOLODO's rating: 1196 → 1222(+26 for winning)
|raw|Jboys1970's rating: 1209 → 1183(-26 for losing)
