|j|☆spain core
|j|☆1OO% Jesus
|html|spain core1OO% Jesus    
|uhtml|bestof|Game 2 of a best-of-3
|t:|1783445410
|gametype|doubles
|player|p1|spain core|benga|
|player|p2|1OO% Jesus|lillie-z|
|gen|9
|tier|[Gen 9 Champions] VGC 2026 Reg M-B (Bo3)
|rule|Species Clause: Limit one of each Pokémon
|rule|Item Clause: Limit 1 of each item
|clearpoke
|poke|p1|Charizard, L50, M|
|poke|p1|Garchomp, L50, F|
|poke|p1|Kingambit, L50, F|
|poke|p1|Farigiraf, L50, F|
|poke|p1|Aerodactyl, L50, F|
|poke|p1|Sylveon, L50, M|
|poke|p2|Grimmsnarl, L50, M|
|poke|p2|Raichu, L50, M|
|poke|p2|Pelipper, L50, F|
|poke|p2|Archaludon, L50, M|
|poke|p2|Venusaur, L50, M|
|poke|p2|Basculegion, L50, M|
|teampreview|4
|showteam|p1|Charizard||CharizarditeY|Blaze|HeatWave,WeatherBall,SolarBeam,Protect|Modest||M|||50|]Garchomp||LifeOrb|RoughSkin|Earthquake,Protect,RockSlide,DragonClaw|Jolly||F|||50|]Kingambit||FocusSash|Defiant|LowKick,IronHead,KowtowCleave,SuckerPunch|Adamant||F|||50|]Farigiraf||SitrusBerry|ArmorTail|TwinBeam,Thunderbolt,TrickRoom,GrassKnot|Bold||F|||50|]Aerodactyl||Aerodactylite|Unnerve|DualWingbeat,Tailwind,IceFang,RockSlide|Jolly||F|||50|]Sylveon||FairyFeather|Pixilate|HyperBeam,HyperVoice,Protect,QuickAttack|Modest||M|||50|
|showteam|p2|Grimmsnarl||LightClay|Prankster|SpiritBreak,Reflect,LightScreen,PartingShot|Careful||M|||50|]Raichu||RaichuniteX|Static|FakeOut,VoltTackle,VoltSwitch,Encore|Jolly||M|||50|]Pelipper||SitrusBerry|Drizzle|WeatherBall,Hurricane,WideGuard,Tailwind|Modest||F|||50|]Archaludon||Leftovers|Stamina|ElectroShot,DragonPulse,FlashCannon,Protect|Modest||M|||50|]Venusaur||Venusaurite|Chlorophyll|GigaDrain,SludgeBomb,EarthPower,Protect|Modest||M|||50|]Basculegion||ChoiceScarf|SwiftSwim|FlipTurn,WaveCrash,LastRespects,AquaJet|Jolly||M|||50|
|inactive|Battle timer is ON: inactive players will automatically lose when time's up. (requested by spain core)
|c|☆spain core|el adamant es un 60 de matarme
|c|☆spain core|en rain
|
|t:|1783445449
|teamsize|p1|4
|teamsize|p2|4
|start
|switch|p1a: Farigiraf|Farigiraf, L50, F|100/100
|switch|p1b: Sylveon|Sylveon, L50, M|100/100
|switch|p2a: Venusaur|Venusaur, L50, M|100/100
|switch|p2b: Grimmsnarl|Grimmsnarl, L50, M|100/100
|turn|1
|c|☆spain core|pero mejor no me la jeugo
|inactive|1OO% Jesus has 30 seconds left.
|inactive|1OO% Jesus has 20 seconds left.
|inactive|1OO% Jesus has 15 seconds left.
|
|t:|1783445494
|detailschange|p2a: Venusaur|Venusaur-Mega, L50, M
|-mega|p2a: Venusaur|Venusaur|Venusaurite
|move|p1b: Sylveon|Protect|p1b: Sylveon
|-singleturn|p1b: Sylveon|Protect
|move|p2b: Grimmsnarl|Light Screen|p2b: Grimmsnarl
|-sidestart|p2: 1OO% Jesus|move: Light Screen
|move|p2a: Venusaur|Sludge Bomb|p1b: Sylveon
|-activate|p1b: Sylveon|move: Protect
|move|p1a: Farigiraf|Trick Room|p1a: Farigiraf
|-fieldstart|move: Trick Room|[of] p1a: Farigiraf
|
|upkeep
|turn|2
|
|t:|1783445514
|switch|p1b: Kingambit|Kingambit, L50, F|100/100
|move|p2b: Grimmsnarl|Spirit Break|p1a: Farigiraf
|-damage|p1a: Farigiraf|75/100
|-unboost|p1a: Farigiraf|spa|1
|move|p1a: Farigiraf|Twin Beam|p2a: Venusaur
|-supereffective|p2a: Venusaur|1
|-damage|p2a: Venusaur|89/100
|-supereffective|p2a: Venusaur|1
|-damage|p2a: Venusaur|78/100
|-hitcount|p2a: Venusaur|2
|move|p2a: Venusaur|Sludge Bomb|p1b: Kingambit
|-immune|p1b: Kingambit
|
|upkeep
|turn|3
|inactive|spain core has 30 seconds left.
|
|t:|1783445546
|move|p2b: Grimmsnarl|Reflect|p2b: Grimmsnarl
|-sidestart|p2: 1OO% Jesus|Reflect
|move|p1a: Farigiraf|Twin Beam|p2a: Venusaur
|-supereffective|p2a: Venusaur|1
|-damage|p2a: Venusaur|67/100
|-supereffective|p2a: Venusaur|1
|-damage|p2a: Venusaur|56/100
|-hitcount|p2a: Venusaur|2
|move|p2a: Venusaur|Earth Power|p1b: Kingambit
|-supereffective|p1b: Kingambit|1
|-damage|p1b: Kingambit|24/100
|move|p1b: Kingambit|Kowtow Cleave|p2a: Venusaur
|-damage|p2a: Venusaur|29/100
|
|upkeep
|turn|4
|inactive|1OO% Jesus has 30 seconds left.
|inactive|spain core has 30 seconds left.
|inactive|spain core has 20 seconds left.
|
|t:|1783445587
|switch|p1a: Sylveon|Sylveon, L50, M|100/100
|switch|p1b: Charizard|Charizard, L50, M|100/100
|move|p2a: Venusaur|Protect|p2a: Venusaur
|-singleturn|p2a: Venusaur|Protect
|move|p2b: Grimmsnarl|Spirit Break|p1b: Charizard
|-resisted|p1b: Charizard|1
|-damage|p1b: Charizard|86/100
|-unboost|p1b: Charizard|spa|1
|
|upkeep
|turn|5
|inactive|spain core has 30 seconds left.
|inactive|1OO% Jesus has 30 seconds left.
|inactive|spain core has 20 seconds left.
|inactive|1OO% Jesus has 20 seconds left.
|inactive|spain core has 15 seconds left.
|inactive|1OO% Jesus has 15 seconds left.
|
|t:|1783445631
|switch|p2a: Pelipper|Pelipper, L50, F|100/100
|-weather|RainDance|[from] ability: Drizzle|[of] p2a: Pelipper
|switch|p1b: Farigiraf|Farigiraf, L50, F|75/100
|move|p2b: Grimmsnarl|Spirit Break|p1b: Farigiraf
|-damage|p1b: Farigiraf|53/100
|-unboost|p1b: Farigiraf|spa|1
|move|p1a: Sylveon|Hyper Voice|p2a: Pelipper|[spread] p2a,p2b
|-supereffective|p2b: Grimmsnarl|1
|-damage|p2a: Pelipper|67/100
|-damage|p2b: Grimmsnarl|42/100
|
|-weather|RainDance|[upkeep]
|-fieldend|move: Trick Room
|upkeep
|turn|6
|inactive|spain core has 30 seconds left.
|inactive|1OO% Jesus has 30 seconds left.
|inactive|1OO% Jesus has 20 seconds left.
|inactive|1OO% Jesus has 15 seconds left.
|
|t:|1783445672
|switch|p2a: Archaludon|Archaludon, L50, M|100/100
|move|p1a: Sylveon|Hyper Voice|p2b: Grimmsnarl|[spread] p2a,p2b
|-supereffective|p2b: Grimmsnarl|1
|-damage|p2a: Archaludon|66/100
|-damage|p2b: Grimmsnarl|0 fnt
|-ability|p2a: Archaludon|Stamina|boost
|-boost|p2a: Archaludon|def|1
|faint|p2b: Grimmsnarl
|move|p1b: Farigiraf|Thunderbolt|p2a: Archaludon
|-resisted|p2a: Archaludon|1
|-damage|p2a: Archaludon|61/100
|-ability|p2a: Archaludon|Stamina|boost
|-boost|p2a: Archaludon|def|1
|
|-weather|RainDance|[upkeep]
|-heal|p2a: Archaludon|67/100|[from] item: Leftovers
|upkeep
|
|t:|1783445685
|switch|p2b: Venusaur|Venusaur-Mega, L50, M|29/100
|turn|7
|
|t:|1783445694
|move|p1a: Sylveon|Protect|p1a: Sylveon
|-singleturn|p1a: Sylveon|Protect
|move|p2a: Archaludon|Electro Shot||[still]
|-prepare|p2a: Archaludon|Electro Shot
|-boost|p2a: Archaludon|spa|1
|-anim|p2a: Archaludon|Electro Shot|p1b: Farigiraf
|-damage|p1b: Farigiraf|0 fnt
|faint|p1b: Farigiraf
|move|p2b: Venusaur|Sludge Bomb|p1a: Sylveon
|-activate|p1a: Sylveon|move: Protect
|
|-weather|RainDance|[upkeep]
|-heal|p2a: Archaludon|73/100|[from] item: Leftovers
|upkeep
|
|t:|1783445702
|switch|p1b: Charizard|Charizard, L50, M|86/100
|turn|8
|
|t:|1783445717
|move|p1b: Charizard|Protect|p1b: Charizard
|-singleturn|p1b: Charizard|Protect
|move|p2a: Archaludon|Protect|p2a: Archaludon
|-singleturn|p2a: Archaludon|Protect
|move|p2b: Venusaur|Sludge Bomb|p1a: Sylveon
|-supereffective|p1a: Sylveon|1
|-damage|p1a: Sylveon|25/100
|-status|p1a: Sylveon|psn
|move|p1a: Sylveon|Hyper Beam|p2a: Archaludon
|-activate|p2a: Archaludon|move: Protect
|
|-weather|RainDance|[upkeep]
|-heal|p2a: Archaludon|80/100|[from] item: Leftovers
|-damage|p1a: Sylveon|12/100 psn|[from] psn
|-sideend|p2: 1OO% Jesus|move: Light Screen
|upkeep
|turn|9
|inactive|1OO% Jesus has 30 seconds left.
|inactive|1OO% Jesus has 20 seconds left.
|inactive|1OO% Jesus has 15 seconds left.
|inactive|1OO% Jesus has 10 seconds left.
|
|t:|1783445765
|detailschange|p1b: Charizard|Charizard-Mega-Y, L50, M
|-mega|p1b: Charizard|Charizard|Charizardite Y
|-weather|SunnyDay|[from] ability: Drought|[of] p1b: Charizard
|move|p1b: Charizard|Weather Ball|p2b: Venusaur
|-supereffective|p2b: Venusaur|1
|-damage|p2b: Venusaur|0 fnt
|faint|p2b: Venusaur
|move|p2a: Archaludon|Electro Shot||[still]
|-prepare|p2a: Archaludon|Electro Shot
|-boost|p2a: Archaludon|spa|1
|move|p1a: Sylveon|Hyper Beam|p2a: Archaludon
|-damage|p2a: Archaludon|0 fnt
|-mustrecharge|p1a: Sylveon
|faint|p2a: Archaludon
|
|-weather|SunnyDay|[upkeep]
|-damage|p1a: Sylveon|1/100 psn|[from] psn
|upkeep
|
|t:|1783445768
|switch|p2b: Pelipper|Pelipper, L50, F|67/100
|-weather|RainDance|[from] ability: Drizzle|[of] p2b: Pelipper
|turn|10
|inactive|1OO% Jesus has 30 seconds left.
|
|t:|1783445804
|switch|p1b: Kingambit|Kingambit, L50, F|24/100
|move|p2b: Pelipper|Tailwind|p2b: Pelipper
|-sidestart|p2: 1OO% Jesus|move: Tailwind
|cant|p1a: Sylveon|recharge
|
|-weather|RainDance|[upkeep]
|-damage|p1a: Sylveon|0 fnt|[from] psn
|faint|p1a: Sylveon
|-sideend|p2: 1OO% Jesus|Reflect
|upkeep
|
|t:|1783445813
|switch|p1a: Charizard|Charizard-Mega-Y, L50, M|86/100
|-weather|SunnyDay|[from] ability: Drought|[of] p1a: Charizard
|turn|11
|c|☆1OO% Jesus|gg
|-message|1OO% Jesus forfeited.
|
|win|spain core
