|j|☆Arhanjunior
|j|☆mynameisrec
|html|Arhanjuniormynameisrec    
|uhtml|bestof|Game 3 of a best-of-3
|t:|1782621215
|gametype|doubles
|player|p1|Arhanjunior|2|1074
|player|p2|mynameisrec|red|1008
|gen|9
|tier|[Gen 9 Champions] VGC 2026 Reg M-B (Bo3)
|rated|
|rule|Species Clause: Limit one of each Pokémon
|rule|Item Clause: Limit 1 of each item
|clearpoke
|poke|p1|Swampert, L50, F|
|poke|p1|Pelipper, L50, F|
|poke|p1|Archaludon, L50, M|
|poke|p1|Sinistcha, L50|
|poke|p1|Maushold-Four, L50|
|poke|p1|Gholdengo, L50|
|poke|p2|Eelektross, L50, M|
|poke|p2|Swampert, L50, F|
|poke|p2|Meowscarada, L50, F|
|poke|p2|Pelipper, L50, M|
|poke|p2|Whimsicott, L50, F|
|poke|p2|Mamoswine, L50, M|
|teampreview|4
|showteam|p1|Swampert||Swampertite|Damp|HighHorsepower,WaveCrash,IcePunch,Protect|Adamant||F|||50|]Pelipper||SitrusBerry|Drizzle|Hurricane,WeatherBall,Tailwind,WideGuard|Modest||F|||50|]Archaludon||Leftovers|Stamina|DragonPulse,ElectroShot,AuraSphere,FlashCannon|Modest||M|||50|]Sinistcha||KasibBerry|Hospitality|MatchaGotcha,TrickRoom,RagePowder,LifeDew|Bold|||||50|]Maushold-Four||FocusSash|FriendGuard|SuperFang,FollowMe,RainDance,Protect|Timid|||||50|]Gholdengo||LifeOrb|GoodasGold|MakeItRain,ShadowBall,NastyPlot,Protect|Modest|||||50|
|showteam|p2|Eelektross||Eelektrossite|Levitate|Discharge,Thunder,Protect,Flamethrower|Timid||M|||50|]Swampert||Swampertite|Torrent|Protect,WaveCrash,Earthquake,FlipTurn|Adamant||F|||50|]Meowscarada||ChoiceScarf|Protean|Uturn,FlowerTrick,KnockOff,TripleAxel|Adamant||F|||50|]Pelipper||FocusSash|Drizzle|Tailwind,WeatherBall,Protect,HydroPump|Serious||M|||50|]Whimsicott||BrightPowder|Prankster|Tailwind,Moonblast,Encore,Protect|Bold||F|||50|]Mamoswine||LifeOrb|Oblivious|IceShard,IcicleCrash,Protect,Earthquake|Serious||M|||50|
|inactive|Battle timer is ON: inactive players will automatically lose when time's up. (requested by Arhanjunior)
|
|t:|1782621236
|teamsize|p1|4
|teamsize|p2|4
|start
|switch|p1a: Swampert|Swampert, L50, F|100/100
|switch|p1b: Pelipper|Pelipper, L50, F|100/100
|switch|p2a: Whimsicott|Whimsicott, L50, F|100/100
|switch|p2b: Swampert|Swampert, L50, F|100/100
|-weather|RainDance|[from] ability: Drizzle|[of] p1b: Pelipper
|turn|1
|
|t:|1782621246
|detailschange|p1a: Swampert|Swampert-Mega, L50, F
|-mega|p1a: Swampert|Swampert|Swampertite
|detailschange|p2b: Swampert|Swampert-Mega, L50, F
|-mega|p2b: Swampert|Swampert|Swampertite
|move|p2a: Whimsicott|Tailwind|p2a: Whimsicott
|-sidestart|p2: mynameisrec|move: Tailwind
|move|p2b: Swampert|Wave Crash|p1a: Swampert
|-damage|p1a: Swampert|0 fnt
|faint|p1a: Swampert
|-damage|p2b: Swampert|66/100|[from] Recoil
|move|p1b: Pelipper|Weather Ball|p2b: Swampert
|-damage|p2b: Swampert|3/100
|
|-weather|RainDance|[upkeep]
|upkeep
|
|t:|1782621262
|switch|p1a: Sinistcha|Sinistcha, L50|100/100
|turn|2
|inactive|mynameisrec has 30 seconds left.
|
|t:|1782621289
|move|p2b: Swampert|Wave Crash|p1a: Sinistcha
|-resisted|p1a: Sinistcha|1
|-damage|p1a: Sinistcha|57/100
|-damage|p2b: Swampert|0 fnt|[from] Recoil
|faint|p2b: Swampert
|move|p2a: Whimsicott|Moonblast|p1a: Sinistcha
|-damage|p1a: Sinistcha|28/100
|-unboost|p1a: Sinistcha|spa|1
|move|p1a: Sinistcha|Matcha Gotcha|p2a: Whimsicott
|-resisted|p2a: Whimsicott|1
|-damage|p2a: Whimsicott|85/100
|-heal|p1a: Sinistcha|35/100|[from] drain|[of] p2a: Whimsicott
|move|p1b: Pelipper|Hurricane|p2a: Whimsicott
|-supereffective|p2a: Whimsicott|1
|-damage|p2a: Whimsicott|0 fnt
|faint|p2a: Whimsicott
|
|-weather|RainDance|[upkeep]
|upkeep
|
|t:|1782621306
|switch|p2a: Mamoswine|Mamoswine, L50, M|100/100
|switch|p2b: Eelektross|Eelektross, L50, M|100/100
|turn|3
|
|t:|1782621316
|move|p2a: Mamoswine|Ice Shard|p1a: Sinistcha
|-supereffective|p1a: Sinistcha|1
|-damage|p1a: Sinistcha|0 fnt
|faint|p1a: Sinistcha
|-damage|p2a: Mamoswine|90/100|[from] item: Life Orb
|move|p2b: Eelektross|Discharge|p1b: Pelipper|[spread] p1b
|-immune|p2a: Mamoswine
|-supereffective|p1b: Pelipper|2
|-damage|p1b: Pelipper|0 fnt
|faint|p1b: Pelipper
|
|-weather|RainDance|[upkeep]
|upkeep
|
|t:|1782621325
|switch|p1b: Archaludon|Archaludon, L50, M|100/100
|turn|4
|
|t:|1782621332
|move|p2a: Mamoswine|Earthquake|p1b: Archaludon|[spread] p1b
|-immune|p2b: Eelektross|[from] ability: Levitate
|-supereffective|p1b: Archaludon|1
|-damage|p1b: Archaludon|32/100
|-ability|p1b: Archaludon|Stamina|boost
|-boost|p1b: Archaludon|def|1
|-damage|p2a: Mamoswine|80/100|[from] item: Life Orb
|move|p2b: Eelektross|Thunder|p1b: Archaludon
|-resisted|p1b: Archaludon|1
|-damage|p1b: Archaludon|2/100
|-ability|p1b: Archaludon|Stamina|boost
|-boost|p1b: Archaludon|def|1
|move|p1b: Archaludon|Aura Sphere|p2a: Mamoswine
|-supereffective|p2a: Mamoswine|1
|-damage|p2a: Mamoswine|0 fnt
|faint|p2a: Mamoswine
|
|-weather|RainDance|[upkeep]
|-heal|p1b: Archaludon|8/100|[from] item: Leftovers
|-sideend|p2: mynameisrec|move: Tailwind
|upkeep
|turn|5
|inactive|mynameisrec has 30 seconds left.
|
|t:|1782621359
|move|p2b: Eelektross|Thunder|p1b: Archaludon
|-resisted|p1b: Archaludon|1
|-damage|p1b: Archaludon|0 fnt
|faint|p1b: Archaludon
|
|win|mynameisrec
|raw|Arhanjunior's rating: 1074 → 1049(-25 for losing)
|raw|mynameisrec's rating: 1008 → 1054(+46 for winning)
|l|☆mynameisrec
|player|p2|
