|j|☆ancient95
|j|☆Xo oskzjfk
|html|ancient95Xo oskzjfk    
|uhtml|bestof|Game 1 of a best-of-3
|t:|1782975650
|gametype|doubles
|player|p1|ancient95|benga|1048
|player|p2|Xo oskzjfk|170|1000
|gen|9
|tier|[Gen 9 Champions] VGC 2026 Reg M-B (Bo3)
|rated|
|rule|Species Clause: Limit one of each Pokémon
|rule|Item Clause: Limit 1 of each item
|clearpoke
|poke|p1|Mr. Rime, L50, F|
|poke|p1|Charizard, L50, F|
|poke|p1|Kingambit, L50, M|
|poke|p1|Basculegion, L50, M|
|poke|p1|Floette-Eternal, L50, F|
|poke|p1|Garchomp, L50, F|
|poke|p2|Milotic, L50, F, shiny|
|poke|p2|Sableye, L50, M, shiny|
|poke|p2|Glimmora, L50, F, shiny|
|poke|p2|Kingambit, L50, F, shiny|
|poke|p2|Altaria, L50, M|
|poke|p2|Staraptor, L50, M, shiny|
|teampreview|4
|showteam|p1|Mr. Rime||FocusSash|ScreenCleaner|FreezeDry,Psychic,Protect,AllySwitch|Modest||F|||50|]Charizard||CharizarditeY|Blaze|WeatherBall,HeatWave,Protect,SolarBeam|Modest||F|||50|]Kingambit||ChopleBerry|Defiant|KowtowCleave,SuckerPunch,LowKick,IronHead|Adamant||M|||50|]Basculegion||ChoiceScarf|Adaptability|WaveCrash,FlipTurn,LastRespects,AquaJet|Jolly||M|||50|]Floette-Eternal||Floettite|FlowerVeil|Moonblast,DazzlingGleam,CalmMind,Protect|Modest||F|||50|]Garchomp||LifeOrb|RoughSkin|Earthquake,StompingTantrum,RockSlide,Protect|Adamant||F|||50|
|showteam|p2|Milotic||Leftovers|MarvelScale|Whirlpool,Coil,Recover,Protect|Calm||F|||50|]Sableye||RoseliBerry|Prankster|FoulPlay,WillOWisp,LightScreen,Reflect|Calm||M|||50|]Glimmora||ShucaBerry|Corrosion|MortalSpin,PowerGem,SludgeBomb,SpikyShield|Timid||F|||50|]Kingambit||BlackGlasses|Defiant|KowtowCleave,SuckerPunch,SwordsDance,Protect|Adamant||F|||50|]Altaria||Altarianite|CloudNine|HyperVoice,Roost,PerishSong,Protect|Calm||M|||50|]Staraptor||Staraptite|Intimidate|CloseCombat,BraveBird,FinalGambit,Protect|Jolly||M|||50|
|inactive|Battle timer is ON: inactive players will automatically lose when time's up. (requested by ancient95)
|inactive|ancient95 has 60 seconds left.
|inactive|ancient95 has 30 seconds left.
|inactive|ancient95 has 20 seconds left.
|
|t:|1782975725
|teamsize|p1|4
|teamsize|p2|4
|start
|switch|p1a: Floette|Floette-Eternal, L50, F|100/100
|switch|p1b: Basculegion|Basculegion, L50, M|100/100
|switch|p2a: Milotic|Milotic, L50, F, shiny|100/100
|switch|p2b: Sableye|Sableye, L50, M, shiny|100/100
|turn|1
|inactive|Xo oskzjfk has 30 seconds left.
|inactive|Xo oskzjfk has 20 seconds left.
|inactive|Xo oskzjfk has 15 seconds left.
|inactive|Xo oskzjfk has 10 seconds left.
|
|t:|1782975775
|detailschange|p1a: Floette|Floette-Mega, L50, F
|-mega|p1a: Floette|Floette|Floettite
|-ability|p1a: Floette|Fairy Aura
|move|p2a: Milotic|Protect|p2a: Milotic
|-singleturn|p2a: Milotic|Protect
|move|p2b: Sableye|Light Screen|p2b: Sableye
|-sidestart|p2: Xo oskzjfk|move: Light Screen
|move|p1b: Basculegion|Flip Turn|p2b: Sableye
|-damage|p2b: Sableye|51/100
|
|t:|1782975792
|switch|p1b: Mr. Rime|Mr. Rime, L50, F|100/100|[from] Flip Turn
|-activate|p1b: Mr. Rime|ability: Screen Cleaner
|-sideend|p2: Xo oskzjfk|move: Light Screen
|move|p1a: Floette|Calm Mind|p1a: Floette
|-boost|p1a: Floette|spa|1
|-boost|p1a: Floette|spd|1
|
|upkeep
|turn|2
|inactive|Xo oskzjfk has 30 seconds left.
|inactive|Xo oskzjfk has 20 seconds left.
|inactive|Xo oskzjfk has 15 seconds left.
|
|t:|1782975835
|move|p2b: Sableye|Light Screen|p2b: Sableye
|-sidestart|p2: Xo oskzjfk|move: Light Screen
|move|p1a: Floette|Dazzling Gleam|p2a: Milotic|[spread] p2a,p2b
|-supereffective|p2b: Sableye|1
|-enditem|p2b: Sableye|Roseli Berry|[eat]
|-enditem|p2b: Sableye|Roseli Berry|[weaken]
|-damage|p2a: Milotic|72/100
|-damage|p2b: Sableye|0 fnt
|faint|p2b: Sableye
|move|p1b: Mr. Rime|Freeze-Dry|p2a: Milotic
|-supereffective|p2a: Milotic|1
|-damage|p2a: Milotic|44/100
|move|p2a: Milotic|Whirlpool|p1a: Floette
|-damage|p1a: Floette|92/100
|-activate|p1a: Floette|move: Whirlpool|[of] p2a: Milotic
|
|-heal|p2a: Milotic|50/100y|[from] item: Leftovers
|-damage|p1a: Floette|79/100|[from] move: Whirlpool|[partiallytrapped]
|upkeep
|inactive|Xo oskzjfk has 30 seconds left.
|
|t:|1782975868
|switch|p2b: Kingambit|Kingambit, L50, F, shiny|100/100
|turn|3
|
|t:|1782975889
|switch|p1b: Garchomp|Garchomp, L50, F|100/100
|move|p1a: Floette|Moonblast|p2b: Kingambit
|-damage|p2b: Kingambit|19/100
|move|p2a: Milotic|Recover|p2a: Milotic
|-heal|p2a: Milotic|100/100
|move|p2b: Kingambit|Swords Dance|p2b: Kingambit
|-boost|p2b: Kingambit|atk|2
|
|-damage|p1a: Floette|67/100|[from] move: Whirlpool|[partiallytrapped]
|upkeep
|turn|4
|inactive|Xo oskzjfk has 30 seconds left.
|inactive|Xo oskzjfk has 20 seconds left.
|
|t:|1782975924
|switch|p1b: Mr. Rime|Mr. Rime, L50, F|100/100
|-activate|p1b: Mr. Rime|ability: Screen Cleaner
|-sideend|p2: Xo oskzjfk|move: Light Screen
|move|p2a: Milotic|Protect|p2a: Milotic
|-singleturn|p2a: Milotic|Protect
|move|p2b: Kingambit|Sucker Punch|p1a: Floette
|-resisted|p1a: Floette|1
|-damage|p1a: Floette|11/100
|move|p1a: Floette|Dazzling Gleam|p2b: Kingambit|[spread] p2b
|-activate|p2a: Milotic|move: Protect
|-damage|p2b: Kingambit|0 fnt
|faint|p2b: Kingambit
|
|-damage|p1a: Floette|0 fnt|[from] move: Whirlpool|[partiallytrapped]
|faint|p1a: Floette
|upkeep
|
|t:|1782975942
|switch|p1a: Garchomp|Garchomp, L50, F|100/100
|switch|p2b: Altaria|Altaria, L50, M|100/100
|-ability|p2b: Altaria|Cloud Nine
|turn|5
|
|t:|1782975960
|detailschange|p2b: Altaria|Altaria-Mega, L50, M
|-mega|p2b: Altaria|Altaria|Altarianite
|move|p1a: Garchomp|Rock Slide|p2b: Altaria|[spread] p2a,p2b
|-damage|p2a: Milotic|72/100
|-damage|p2b: Altaria|78/100
|-damage|p1a: Garchomp|90/100|[from] item: Life Orb
|move|p1b: Mr. Rime|Freeze-Dry|p2b: Altaria
|-supereffective|p2b: Altaria|1
|-damage|p2b: Altaria|27/100
|move|p2a: Milotic|Whirlpool|p1b: Mr. Rime
|-damage|p1b: Mr. Rime|84/100
|-activate|p1b: Mr. Rime|move: Whirlpool|[of] p2a: Milotic
|cant|p2b: Altaria|flinch
|
|-heal|p2a: Milotic|78/100|[from] item: Leftovers
|-damage|p1b: Mr. Rime|72/100|[from] move: Whirlpool|[partiallytrapped]
|upkeep
|turn|6
|inactive|ancient95 has 30 seconds left.
|inactive|Xo oskzjfk has 30 seconds left.
|
|t:|1782975990
|move|p2b: Altaria|Protect|p2b: Altaria
|-singleturn|p2b: Altaria|Protect
|move|p1a: Garchomp|Stomping Tantrum|p2b: Altaria
|-activate|p2b: Altaria|move: Protect
|move|p1b: Mr. Rime|Freeze-Dry|p2a: Milotic
|-supereffective|p2a: Milotic|1
|-damage|p2a: Milotic|37/100
|move|p2a: Milotic|Coil|p2a: Milotic
|-boost|p2a: Milotic|atk|1
|-boost|p2a: Milotic|def|1
|-boost|p2a: Milotic|accuracy|1
|
|-heal|p2a: Milotic|43/100|[from] item: Leftovers
|-damage|p1b: Mr. Rime|60/100|[from] move: Whirlpool|[partiallytrapped]
|upkeep
|turn|7
|
|t:|1782976009
|move|p1a: Garchomp|Stomping Tantrum|p2a: Milotic
|-damage|p2a: Milotic|10/100
|-damage|p1a: Garchomp|80/100|[from] item: Life Orb
|move|p1b: Mr. Rime|Freeze-Dry|p2a: Milotic
|-supereffective|p2a: Milotic|1
|-crit|p2a: Milotic
|-damage|p2a: Milotic|0 fnt
|faint|p2a: Milotic
|move|p2b: Altaria|Roost|p2b: Altaria
|-heal|p2b: Altaria|77/100
|-singleturn|p2b: Altaria|move: Roost
|
|-end|p1b: Mr. Rime|Whirlpool|[partiallytrapped]|[silent]
|upkeep
|turn|8
|
|t:|1782976021
|move|p1a: Garchomp|Stomping Tantrum|p2b: Altaria
|-damage|p2b: Altaria|31/100
|-damage|p1a: Garchomp|70/100|[from] item: Life Orb
|move|p1b: Mr. Rime|Freeze-Dry|p2b: Altaria
|-supereffective|p2b: Altaria|1
|-damage|p2b: Altaria|0 fnt
|faint|p2b: Altaria
|
|win|ancient95
