|j|‽Hgdsdfhkjj
|j|☆artyowls
|html|Hgdsdfhkjjartyowls    
|uhtml|bestof|Game 1 of a best-of-3
|t:|1756291706
|gametype|doubles
|player|p1|Hgdsdfhkjj|266|1104
|player|p2|artyowls|plasmagrunt|1159
|gen|9
|tier|[Gen 9] VGC 2025 Reg H (Bo3)
|rated|
|rule|Species Clause: Limit one of each Pokémon
|rule|Item Clause: Limit 1 of each item
|clearpoke
|poke|p1|Sneasler, L50, M|
|poke|p1|Rillaboom, L50, M|
|poke|p1|Kingambit, L50, F|
|poke|p1|Dragapult, L50, M|
|poke|p1|Ninetales-Alola, L50, M|
|poke|p1|Magmar, L50, F|
|poke|p2|Archaludon, L50, F|
|poke|p2|Electabuzz, L50, M|
|poke|p2|Rillaboom, L50, F|
|poke|p2|Kingambit, L50, M|
|poke|p2|Pelipper, L50, M|
|poke|p2|Dragapult, L50, F|
|teampreview|4
|showteam|p1|Sneasler||FocusSash|PoisonTouch|FakeOut,DireClaw,CloseCombat,Protect|||M|||50|,,,,,Stellar]Rillaboom||AssaultVest|GrassySurge|FakeOut,GrassyGlide,WoodHammer,HighHorsepower|||M|||50|,,,,,Fire]Kingambit||DreadPlate|Defiant|KowtowCleave,SuckerPunch,SwordsDance,Protect|||F|||50|,,,,,Dark]Dragapult||ChoiceBand|ClearBody|DragonDarts,TeraBlast,PhantomForce,Uturn|||M|||50|,,,,,Ghost]Ninetales-Alola||NeverMeltIce|SnowWarning|AuroraVeil,Blizzard,FreezeDry,Protect|||M|||50|,,,,,Steel]Magmar||Eviolite|VitalSpirit|FollowMe,Overheat,WillOWisp,Protect|||F|||50|,,,,,Ghost
|showteam|p2|Archaludon||AssaultVest|Stamina|BodyPress,ElectroShot,DracoMeteor,FlashCannon|||F|||50|,,,,,Flying]Electabuzz||Eviolite|VitalSpirit|FollowMe,Protect,Taunt,Thunderbolt|||M|||50|,,,,,Fairy]Rillaboom||LoadedDice|GrassySurge|FakeOut,GrassyGlide,BulletSeed,HighHorsepower|||F|||50|,,,,,Water]Kingambit||SafetyGoggles|Defiant|SuckerPunch,SwordsDance,KowtowCleave,Protect|||M|||50|,,,,,Dark]Pelipper||FocusSash|Drizzle|Hurricane,WeatherBall,Protect,Tailwind|||M|||50|,,,,,Stellar]Dragapult||ChoiceBand|ClearBody|DragonDarts,PhantomForce,Outrage,Uturn|||F|||50|,,,,,Dragon
|inactive|Battle timer is ON: inactive players will automatically lose when time's up. (requested by Hgdsdfhkjj)
|inactive|Hgdsdfhkjj has 60 seconds left.
|
|t:|1756291772
|teamsize|p1|4
|teamsize|p2|4
|start
|switch|p1a: Ninetales|Ninetales-Alola, L50, M|100/100
|switch|p1b: Magmar|Magmar, L50, F|100/100
|switch|p2a: Dragapult|Dragapult, L50, F|100/100
|switch|p2b: Kingambit|Kingambit, L50, M|100/100
|-weather|Snowscape|[from] ability: Snow Warning|[of] p1a: Ninetales
|turn|1
|inactive|artyowls has 30 seconds left.
|inactive|artyowls has 20 seconds left.
|
|t:|1756291809
|switch|p2a: Pelipper|Pelipper, L50, M|100/100
|-weather|RainDance|[from] ability: Drizzle|[of] p2a: Pelipper
|move|p1a: Ninetales|Aurora Veil||[still]
|-fail|p1a: Ninetales
|move|p1b: Magmar|Will-O-Wisp|p2b: Kingambit
|-status|p2b: Kingambit|brn
|move|p2b: Kingambit|Swords Dance|p2b: Kingambit
|-boost|p2b: Kingambit|atk|2
|
|-weather|RainDance|[upkeep]
|-damage|p2b: Kingambit|95/100 brn|[from] brn
|upkeep
|turn|2
|inactive|Hgdsdfhkjj has 30 seconds left.
|
|t:|1756291839
|switch|p1a: Kingambit|Kingambit, L50, F|100/100
|move|p1b: Magmar|Protect|p1b: Magmar
|-singleturn|p1b: Magmar|Protect
|move|p2a: Pelipper|Weather Ball|p1b: Magmar
|-activate|p1b: Magmar|move: Protect
|move|p2b: Kingambit|Kowtow Cleave|p1b: Magmar
|-activate|p1b: Magmar|move: Protect
|
|-weather|RainDance|[upkeep]
|-damage|p2b: Kingambit|89/100 brn|[from] brn
|upkeep
|turn|3
|
|t:|1756291863
|switch|p1a: Ninetales|Ninetales-Alola, L50, M|100/100
|-weather|Snowscape|[from] ability: Snow Warning|[of] p1a: Ninetales
|move|p1b: Magmar|Overheat|p2b: Kingambit|[miss]
|-miss|p1b: Magmar|p2b: Kingambit
|move|p2a: Pelipper|Tailwind|p2a: Pelipper
|-sidestart|p2: artyowls|move: Tailwind
|move|p2b: Kingambit|Kowtow Cleave|p1a: Ninetales
|-resisted|p1a: Ninetales
|-damage|p1a: Ninetales|74/100
|
|-weather|Snowscape|[upkeep]
|-damage|p2b: Kingambit|83/100 brn|[from] brn
|upkeep
|turn|4
|
|t:|1756291887
|switch|p2a: Archaludon|Archaludon, L50, F|100/100
|move|p1a: Ninetales|Aurora Veil|p1a: Ninetales
|-sidestart|p1: Hgdsdfhkjj|move: Aurora Veil
|move|p2b: Kingambit|Swords Dance|p2b: Kingambit
|-boost|p2b: Kingambit|atk|2
|move|p1b: Magmar|Will-O-Wisp|p2a: Archaludon
|-status|p2a: Archaludon|brn
|
|-weather|Snowscape|[upkeep]
|-damage|p2a: Archaludon|94/100 brn|[from] brn
|-damage|p2b: Kingambit|77/100 brn|[from] brn
|upkeep
|turn|5
|inactive|artyowls has 30 seconds left.
|
|t:|1756291913
|switch|p2b: Pelipper|Pelipper, L50, M|100/100
|-weather|RainDance|[from] ability: Drizzle|[of] p2b: Pelipper
|move|p1a: Ninetales|Protect|p1a: Ninetales
|-singleturn|p1a: Ninetales|Protect
|move|p1b: Magmar|Protect|p1b: Magmar
|-singleturn|p1b: Magmar|Protect
|move|p2a: Archaludon|Flash Cannon|p1a: Ninetales
|-activate|p1a: Ninetales|move: Protect
|
|-weather|RainDance|[upkeep]
|-damage|p2a: Archaludon|88/100 brn|[from] brn
|upkeep
|turn|6
|inactive|Hgdsdfhkjj has 30 seconds left.
|inactive|artyowls has 30 seconds left.
|inactive|artyowls has 20 seconds left.
|
|t:|1756291949
|switch|p1b: Dragapult|Dragapult, L50, M|100/100
|move|p2b: Pelipper|Weather Ball|p1b: Dragapult
|-resisted|p1b: Dragapult
|-damage|p1b: Dragapult|69/100
|move|p2a: Archaludon|Electro Shot||[still]
|-prepare|p2a: Archaludon|Electro Shot
|-boost|p2a: Archaludon|spa|1
|-anim|p2a: Archaludon|Electro Shot|p1b: Dragapult
|-resisted|p1b: Dragapult
|-damage|p1b: Dragapult|39/100
|move|p1a: Ninetales|Freeze-Dry|p2b: Pelipper
|-supereffective|p2b: Pelipper
|-enditem|p2b: Pelipper|Focus Sash
|-damage|p2b: Pelipper|1/100
|
|-weather|RainDance|[upkeep]
|-damage|p2a: Archaludon|82/100 brn|[from] brn
|-sideend|p2: artyowls|move: Tailwind
|upkeep
|turn|7
|inactive|Hgdsdfhkjj has 30 seconds left.
|inactive|artyowls has 30 seconds left.
|inactive|Hgdsdfhkjj has 20 seconds left.
|inactive|Hgdsdfhkjj has 15 seconds left.
|inactive|artyowls has 20 seconds left.
|
|t:|1756291997
|switch|p1a: Magmar|Magmar, L50, F|100/100
|move|p1b: Dragapult|Dragon Darts|p2a: Archaludon
|-damage|p2a: Archaludon|56/100 brn
|-ability|p2a: Archaludon|Stamina|boost
|-boost|p2a: Archaludon|def|1
|-anim|p1b: Dragapult|Dragon Darts|p2b: Pelipper
|-damage|p2b: Pelipper|0 fnt
|faint|p2b: Pelipper
|move|p2a: Archaludon|Flash Cannon|p1a: Magmar
|-resisted|p1a: Magmar
|-damage|p1a: Magmar|86/100
|
|-weather|RainDance|[upkeep]
|-damage|p2a: Archaludon|50/100 brn|[from] brn
|upkeep
|
|t:|1756292015
|switch|p2b: Kingambit|Kingambit, L50, M|77/100 brn
|turn|8
|
|t:|1756292039
|switch|p1b: Ninetales|Ninetales-Alola, L50, M|74/100
|-weather|Snowscape|[from] ability: Snow Warning|[of] p1b: Ninetales
|move|p1a: Magmar|Overheat|p2b: Kingambit
|-supereffective|p2b: Kingambit
|-damage|p2b: Kingambit|0 fnt
|-unboost|p1a: Magmar|spa|2
|faint|p2b: Kingambit
|move|p2a: Archaludon|Flash Cannon|p1b: Ninetales
|-supereffective|p1b: Ninetales
|-damage|p1b: Ninetales|0 fnt
|faint|p1b: Ninetales
|
|-weather|Snowscape|[upkeep]
|-damage|p2a: Archaludon|44/100 brn|[from] brn
|-sideend|p1: Hgdsdfhkjj|move: Aurora Veil
|upkeep
|
|t:|1756292054
|switch|p1b: Dragapult|Dragapult, L50, M|39/100
|switch|p2b: Dragapult|Dragapult, L50, F|100/100
|turn|9
|inactive|artyowls has 30 seconds left.
|
|t:|1756292088
|-terastallize|p2b: Dragapult|Dragon
|move|p1a: Magmar|Follow Me|p1a: Magmar
|-singleturn|p1a: Magmar|move: Follow Me
|move|p1b: Dragapult|Dragon Darts|p2a: Archaludon
|-damage|p2a: Archaludon|25/100 brn
|-ability|p2a: Archaludon|Stamina|boost
|-boost|p2a: Archaludon|def|1
|-anim|p1b: Dragapult|Dragon Darts|p2b: Dragapult
|-supereffective|p2b: Dragapult
|-damage|p2b: Dragapult|0 fnt
|faint|p2b: Dragapult
|move|p2a: Archaludon|Electro Shot||[still]
|-prepare|p2a: Archaludon|Electro Shot
|-boost|p2a: Archaludon|spa|1
|
|-weather|Snowscape|[upkeep]
|-damage|p2a: Archaludon|19/100 brn|[from] brn
|upkeep
|turn|10
|inactive|artyowls has 30 seconds left.
|
|t:|1756292116
|move|p1b: Dragapult|Dragon Darts|p2a: Archaludon
|-damage|p2a: Archaludon|6/100 brn
|-ability|p2a: Archaludon|Stamina|boost
|-boost|p2a: Archaludon|def|1
|-anim|p1b: Dragapult|Dragon Darts|p2a: Archaludon
|-damage|p2a: Archaludon|0 fnt
|faint|p2a: Archaludon
|
|win|Hgdsdfhkjj
||artyowls is ready for game 2.
|inactive|Hgdsdfhkjj has 30 seconds to confirm battle start!
||Hgdsdfhkjj is ready for game 2.
|uhtml|next|Next: Game 2 of 3
|l|‽Hgdsdfhkjj
|player|p1|
