|j|☆ToastedArt
|j|☆zinny21
|html|ToastedArtzinny21    
|uhtml|bestof|Game 2 of a best-of-3
|t:|1785971147
|gametype|doubles
|player|p1|ToastedArt|iris|1125
|player|p2|zinny21|workerice|1046
|gen|9
|tier|[Gen 9 Champions] VGC 2026 Reg M-B (Bo3)
|rated|
|rule|Species Clause: Limit one of each Pokémon
|rule|Item Clause: Limit 1 of each item
|clearpoke
|poke|p1|Staraptor, L50, F|
|poke|p1|Whimsicott, L50, F|
|poke|p1|Gholdengo, L50|
|poke|p1|Sinistcha, L50|
|poke|p1|Arcanine-Hisui, L50, M|
|poke|p1|Zoroark-Hisui, L50, M|
|poke|p2|Whimsicott, L50, F, shiny|
|poke|p2|Sceptile, L50, F, shiny|
|poke|p2|Heliolisk, L50, F|
|poke|p2|Garchomp, L50, M|
|poke|p2|Charizard, L50, M|
|poke|p2|Incineroar, L50, M|
|teampreview|4
|showteam|p1|Staraptor||Staraptite|Intimidate|CloseCombat,BraveBird,Roost,Protect|Jolly||F|||50|]Whimsicott||OccaBerry|Prankster|Encore,Tailwind,Charm,Moonblast|Timid||F|||50|]Gholdengo||LifeOrb|GoodasGold|MakeItRain,ShadowBall,NastyPlot,Protect|Modest|||||50|]Sinistcha||ColburBerry|Hospitality|MatchaGotcha,RagePowder,TrickRoom,Protect|Relaxed|||||50|]Arcanine-Hisui||FocusSash|RockHead|FlareBlitz,HeadSmash,ExtremeSpeed,Protect|Jolly||M|||50|]Zoroark-Hisui||SpellTag|Illusion|ShadowBall,IcyWind,WillOWisp,FakeTears|Timid||M|||50|
|showteam|p2|Whimsicott||HeatRock|Prankster|Tailwind,Moonblast,Protect,SunnyDay|Relaxed||F|||50|]Sceptile||Sceptilite|Overgrow|SolarBeam,DragonPulse,FocusBlast,Detect|Timid||F|||50|]Heliolisk||ChoiceScarf|SolarPower|Discharge,HyperBeam,VoltSwitch,Electrify|Modest||F|||50|]Garchomp||RoseliBerry|RoughSkin|Earthquake,DragonClaw,RockSlide,Protect|Jolly||M|||50|]Charizard||CharizarditeY|SolarPower|HeatWave,WeatherBall,Protect,AirSlash|Timid||M|||50|]Incineroar||SitrusBerry|Intimidate|FlareBlitz,DarkestLariat,FakeOut,PartingShot|Careful||M|||50|
|inactive|Battle timer is ON: inactive players will automatically lose when time's up. (requested by ToastedArt)
|
|t:|1785971177
|teamsize|p1|4
|teamsize|p2|4
|start
|switch|p1a: Staraptor|Staraptor, L50, F|100/100
|switch|p1b: Arcanine|Arcanine-Hisui, L50, M|100/100
|switch|p2a: Heliolisk|Heliolisk, L50, F|100/100
|switch|p2b: Sceptile|Sceptile, L50, F, shiny|100/100
|-ability|p1a: Staraptor|Intimidate|boost
|-unboost|p2a: Heliolisk|atk|1
|-unboost|p2b: Sceptile|atk|1
|turn|1
|
|t:|1785971200
|detailschange|p2b: Sceptile|Sceptile-Mega, L50, F, shiny
|-mega|p2b: Sceptile|Sceptile|Sceptilite
|detailschange|p1a: Staraptor|Staraptor-Mega, L50, F
|-mega|p1a: Staraptor|Staraptor|Staraptite
|move|p1a: Staraptor|Protect|p1a: Staraptor
|-singleturn|p1a: Staraptor|Protect
|move|p2a: Heliolisk|Discharge|p1a: Staraptor|[spread] p1b
|-activate|p1a: Staraptor|move: Protect
|-ability|p2b: Sceptile|Lightning Rod|boost
|-boost|p2b: Sceptile|spa|1
|-damage|p1b: Arcanine|38/100
|-status|p1b: Arcanine|par
|replace|p1b: Zoroark|Zoroark-Hisui, L50, M
|-end|p1b: Zoroark|Illusion
|move|p2b: Sceptile|Dragon Pulse|p1b: Zoroark
|-damage|p1b: Zoroark|0 fnt
|faint|p1b: Zoroark
|
|upkeep
|
|t:|1785971216
|switch|p1b: Whimsicott|Whimsicott, L50, F|100/100
|turn|2
|inactive|zinny21 has 30 seconds left.
|
|t:|1785971241
|move|p2b: Sceptile|Detect|p2b: Sceptile
|-singleturn|p2b: Sceptile|Protect
|move|p1b: Whimsicott|Tailwind|p1b: Whimsicott
|-sidestart|p1: ToastedArt|move: Tailwind
|move|p1a: Staraptor|Close Combat|p2a: Heliolisk
|-supereffective|p2a: Heliolisk|1
|-damage|p2a: Heliolisk|0 fnt
|-boost|p1a: Staraptor|def|1
|-boost|p1a: Staraptor|spd|1
|faint|p2a: Heliolisk
|
|upkeep
|
|t:|1785971256
|switch|p2a: Charizard|Charizard, L50, M|100/100
|turn|3
|
|t:|1785971271
|switch|p2b: Whimsicott|Whimsicott, L50, F, shiny|100/100
|move|p1b: Whimsicott|Encore||[still]
|-fail|p1b: Whimsicott
|move|p1a: Staraptor|Close Combat|p2a: Charizard
|-resisted|p2a: Charizard|1
|-damage|p2a: Charizard|55/100
|-boost|p1a: Staraptor|def|1
|-boost|p1a: Staraptor|spd|1
|move|p2a: Charizard|Air Slash|p1a: Staraptor
|-supereffective|p1a: Staraptor|1
|-damage|p1a: Staraptor|64/100
|
|upkeep
|turn|4
|inactive|zinny21 has 30 seconds left.
|
|t:|1785971298
|move|p1b: Whimsicott|Moonblast|p2a: Charizard
|-resisted|p2a: Charizard|1
|-damage|p2a: Charizard|37/100
|move|p1a: Staraptor|Close Combat|p2a: Charizard
|-resisted|p2a: Charizard|1
|-damage|p2a: Charizard|0 fnt
|-boost|p1a: Staraptor|def|1
|-boost|p1a: Staraptor|spd|1
|faint|p2a: Charizard
|move|p2b: Whimsicott|Moonblast|p1a: Staraptor
|-supereffective|p1a: Staraptor|1
|-crit|p1a: Staraptor
|-damage|p1a: Staraptor|0 fnt
|faint|p1a: Staraptor
|
|upkeep
|
|t:|1785971310
|switch|p1a: Arcanine|Arcanine-Hisui, L50, M|100/100
|switch|p2a: Sceptile|Sceptile-Mega, L50, F, shiny|100/100
|turn|5
|
|t:|1785971327
|move|p2b: Whimsicott|Tailwind|p2b: Whimsicott
|-sidestart|p2: zinny21|move: Tailwind
|move|p2a: Sceptile|Focus Blast|p1a: Arcanine
|-supereffective|p1a: Arcanine|1
|-enditem|p1a: Arcanine|Focus Sash
|-damage|p1a: Arcanine|1/100
|-unboost|p1a: Arcanine|spd|1
|move|p1b: Whimsicott|Moonblast|p2a: Sceptile
|-supereffective|p2a: Sceptile|1
|-damage|p2a: Sceptile|28/100
|move|p1a: Arcanine|Flare Blitz|p2b: Whimsicott
|-supereffective|p2b: Whimsicott|1
|-damage|p2b: Whimsicott|0 fnt
|faint|p2b: Whimsicott
|
|-sideend|p1: ToastedArt|move: Tailwind
|upkeep
|turn|6
|inactive|zinny21 has 30 seconds left.
|
|t:|1785971354
|move|p2a: Sceptile|Dragon Pulse|p1a: Arcanine
|-damage|p1a: Arcanine|0 fnt
|faint|p1a: Arcanine
|move|p1b: Whimsicott|Moonblast|p2a: Sceptile
|-supereffective|p2a: Sceptile|1
|-damage|p2a: Sceptile|0 fnt
|faint|p2a: Sceptile
|
|win|ToastedArt
|raw|ToastedArt's rating: 1125 → 1144(+19 for winning)
|raw|zinny21's rating: 1046 → 1033(-13 for losing)
