|j|☆tempestuwumeow
|j|☆falba
|html|tempestuwumeowfalba    
|uhtml|bestof|Game 2 of a best-of-3
|t:|1786161941
|gametype|doubles
|player|p1|tempestuwumeow|170|
|player|p2|falba|101|
|gen|9
|tier|[Gen 9 Champions] VGC 2026 Reg M-B (Bo3)
|rule|Species Clause: Limit one of each Pokémon
|rule|Item Clause: Limit 1 of each item
|clearpoke
|poke|p1|Delphox, L50, M|
|poke|p1|Toxicroak, L50, M|
|poke|p1|Whimsicott, L50, M|
|poke|p1|Garchomp, L50, M|
|poke|p1|Basculegion, L50, M|
|poke|p1|Vileplume, L50, M|
|poke|p2|Sableye, L50, F|
|poke|p2|Kingambit, L50, M|
|poke|p2|Wyrdeer, L50, M|
|poke|p2|Sylveon, L50, M|
|poke|p2|Staraptor, L50, M|
|poke|p2|Raichu, L50, M|
|teampreview|4
|showteam|p1|Delphox||Delphoxite|Blaze|Protect,HeatWave,NastyPlot,Psychic|Timid||M|||50|]Toxicroak||Leftovers|Anticipation|Taunt,FakeOut,CloseCombat,Protect|Serious||M|||50|]Whimsicott||FocusSash|Prankster|Encore,Tailwind,Protect,Moonblast|Modest||M|||50|]Garchomp||LifeOrb|RoughSkin|Earthquake,DragonClaw,StompingTantrum,Protect|Adamant||M|||50|]Basculegion||MysticWater|Adaptability|Protect,AquaJet,LastRespects,WaveCrash|Jolly||M|||50|]Vileplume||WideLens|Chlorophyll|SleepPowder,SunnyDay,Protect,SludgeBomb|Timid||M|||50|
|showteam|p2|Sableye||LightClay|Prankster|WillOWisp,Reflect,LightScreen,RainDance|Careful||F|||50|]Kingambit||ChopleBerry|Defiant|SuckerPunch,KowtowCleave,IronHead,Protect|Adamant||M|||50|]Wyrdeer||SitrusBerry|Intimidate|SkillSwap,TrickRoom,PsyshieldBash,Protect|Careful||M|||50|]Sylveon||FairyFeather|Pixilate|HyperBeam,HyperVoice,Protect,QuickAttack|Modest||M|||50|]Staraptor||Staraptite|Intimidate|CloseCombat,BraveBird,Protect,Roost|Adamant||M|||50|]Raichu||RaichuniteY|Static|FocusBlast,ZapCannon,FakeOut,Protect|Timid||M|||50|
|inactive|Battle timer is ON: inactive players will automatically lose when time's up. (requested by falba)
|j| PuffTheCutie
|j| tobyga
|j| BambooCyclone
|inactive|tempestuwumeow has 60 seconds left.
|inactive|falba has 60 seconds left.
|j| glaurrosa
|j| Potatomonstr
|
|t:|1786161990
|teamsize|p1|4
|teamsize|p2|4
|start
|switch|p1a: Delphox|Delphox, L50, M|100/100
|switch|p1b: Toxicroak|Toxicroak, L50, M|100/100
|switch|p2a: Wyrdeer|Wyrdeer, L50, M|100/100
|switch|p2b: Staraptor|Staraptor, L50, M|100/100
|-ability|p2b: Staraptor|Intimidate|boost
|-unboost|p1a: Delphox|atk|1
|-unboost|p1b: Toxicroak|atk|1
|-ability|p1b: Toxicroak|Anticipation
|-ability|p2a: Wyrdeer|Intimidate|boost
|-unboost|p1a: Delphox|atk|1
|-unboost|p1b: Toxicroak|atk|1
|turn|1
|c| Potatomonstr|whats up glaurrosa
|inactive|tempestuwumeow has 30 seconds left.
|inactive|falba has 30 seconds left.
|c| PuffTheCutie|hi ****
|inactive|tempestuwumeow has 20 seconds left.
|inactive|falba has 20 seconds left.
|inactive|tempestuwumeow has 15 seconds left.
|
|t:|1786162033
|detailschange|p1a: Delphox|Delphox-Mega, L50, M
|-mega|p1a: Delphox|Delphox|Delphoxite
|detailschange|p2b: Staraptor|Staraptor-Mega, L50, M
|-mega|p2b: Staraptor|Staraptor|Staraptite
|move|p1b: Toxicroak|Fake Out|p2a: Wyrdeer
|-damage|p2a: Wyrdeer|94/100
|move|p1a: Delphox|Psychic|p2b: Staraptor
|-supereffective|p2b: Staraptor|1
|-damage|p2b: Staraptor|0 fnt
|faint|p2b: Staraptor
|cant|p2a: Wyrdeer|flinch
|
|upkeep
|
|t:|1786162050
|switch|p2b: Kingambit|Kingambit, L50, M|100/100
|turn|2
|j| Peppersalt1
|
|t:|1786162064
|switch|p1a: Vileplume|Vileplume, L50, M|100/100
|move|p2b: Kingambit|Protect|p2b: Kingambit
|-singleturn|p2b: Kingambit|Protect
|move|p1b: Toxicroak|Taunt|p2a: Wyrdeer
|-start|p2a: Wyrdeer|move: Taunt
|move|p2a: Wyrdeer|Psyshield Bash|p1b: Toxicroak
|-supereffective|p1b: Toxicroak|2
|-crit|p1b: Toxicroak
|-damage|p1b: Toxicroak|0 fnt
|-boost|p2a: Wyrdeer|def|1
|faint|p1b: Toxicroak
|
|upkeep
|
|t:|1786162077
|switch|p1b: Delphox|Delphox-Mega, L50, M|100/100
|turn|3
|
|t:|1786162102
|move|p1b: Delphox|Protect|p1b: Delphox
|-singleturn|p1b: Delphox|Protect
|move|p2b: Kingambit|Sucker Punch||[still]
|-fail|p2b: Kingambit
|move|p1a: Vileplume|Sleep Powder|p2b: Kingambit
|-status|p2b: Kingambit|slp|[from] move: Sleep Powder
|move|p2a: Wyrdeer|Psyshield Bash|p1a: Vileplume
|-supereffective|p1a: Vileplume|1
|-damage|p1a: Vileplume|11/100
|-boost|p2a: Wyrdeer|def|1
|
|upkeep
|turn|4
|
|t:|1786162120
|cant|p2b: Kingambit|slp
|move|p1b: Delphox|Heat Wave|p2b: Kingambit|[spread] p2a,p2b
|-supereffective|p2b: Kingambit|1
|-damage|p2a: Wyrdeer|57/100
|-damage|p2b: Kingambit|9/100 slp
|move|p1a: Vileplume|Sunny Day|p1a: Vileplume
|-weather|SunnyDay
|move|p2a: Wyrdeer|Psyshield Bash|p1a: Vileplume
|-supereffective|p1a: Vileplume|1
|-damage|p1a: Vileplume|0 fnt
|-boost|p2a: Wyrdeer|def|1
|faint|p1a: Vileplume
|
|-weather|SunnyDay|[upkeep]
|-end|p2a: Wyrdeer|move: Taunt
|upkeep
|
|t:|1786162127
|switch|p1a: Garchomp|Garchomp, L50, M|100/100
|turn|5
|
|t:|1786162150
|-curestatus|p2b: Kingambit|slp|[msg]
|move|p2b: Kingambit|Sucker Punch|p1b: Delphox
|-supereffective|p1b: Delphox|1
|-damage|p1b: Delphox|0 fnt
|faint|p1b: Delphox
|move|p1a: Garchomp|Earthquake|p2b: Kingambit|[spread] p2a,p2b
|-supereffective|p2b: Kingambit|1
|-damage|p2a: Wyrdeer|32/100
|-damage|p2b: Kingambit|0 fnt
|-enditem|p2a: Wyrdeer|Sitrus Berry|[eat]
|-heal|p2a: Wyrdeer|57/100|[from] item: Sitrus Berry
|faint|p2b: Kingambit
|-damage|p1a: Garchomp|90/100|[from] item: Life Orb
|move|p2a: Wyrdeer|Psyshield Bash|p1a: Garchomp
|-damage|p1a: Garchomp|59/100
|-boost|p2a: Wyrdeer|def|1
|-damage|p2a: Wyrdeer|45/100|[from] ability: Rough Skin|[of] p1a: Garchomp
|
|-weather|SunnyDay|[upkeep]
|upkeep
|
|t:|1786162167
|switch|p2b: Sableye|Sableye, L50, F|100/100
|turn|6
|
|t:|1786162182
|move|p2b: Sableye|Will-O-Wisp|p1a: Garchomp
|-status|p1a: Garchomp|brn
|move|p1a: Garchomp|Earthquake|p2a: Wyrdeer|[spread] p2a,p2b
|-damage|p2a: Wyrdeer|37/100
|-damage|p2b: Sableye|63/100
|-damage|p1a: Garchomp|49/100 brn|[from] item: Life Orb
|move|p2a: Wyrdeer|Psyshield Bash|p1a: Garchomp
|-damage|p1a: Garchomp|15/100 brn
|-boost|p2a: Wyrdeer|def|1
|-damage|p2a: Wyrdeer|25/100|[from] ability: Rough Skin|[of] p1a: Garchomp
|
|-weather|SunnyDay|[upkeep]
|-damage|p1a: Garchomp|9/100 brn|[from] brn
|upkeep
|turn|7
|
|t:|1786162197
|move|p2a: Wyrdeer|Protect|p2a: Wyrdeer
|-singleturn|p2a: Wyrdeer|Protect
|move|p2b: Sableye|Reflect|p2b: Sableye
|-sidestart|p2: falba|Reflect
|move|p1a: Garchomp|Earthquake|p2b: Sableye|[spread] p2b
|-activate|p2a: Wyrdeer|move: Protect
|-damage|p2b: Sableye|40/100
|-damage|p1a: Garchomp|0 fnt|[from] item: Life Orb
|faint|p1a: Garchomp
|
|win|falba
|c|☆tempestuwumeow|ggs
|c|☆falba|gg
|l|☆tempestuwumeow
|player|p1|
|l| Potatomonstr
