|j|☆gaelstromm
|j|☆CritHappens5
|html|gaelstrommCritHappens5    
|uhtml|bestof|Game 2 of a best-of-3
|t:|1757251741
|gametype|doubles
|player|p1|gaelstromm|169|1115
|player|p2|CritHappens5|170|1208
|gen|9
|tier|[Gen 9] VGC 2025 Reg H (Bo3)
|rated|
|rule|Species Clause: Limit one of each Pokémon
|rule|Item Clause: Limit 1 of each item
|clearpoke
|poke|p1|Gholdengo, L50|
|poke|p1|Incineroar, L50, F|
|poke|p1|Amoonguss, L50, M|
|poke|p1|Archaludon, L50, M|
|poke|p1|Pelipper, L50, F|
|poke|p1|Basculegion, L50, M|
|poke|p2|Sneasler, L50, F|
|poke|p2|Indeedee, L50, M|
|poke|p2|Volcarona, L50, M|
|poke|p2|Ursaluna-Bloodmoon, L50, M|
|poke|p2|Annihilape, L50, M|
|poke|p2|Tyranitar, L50, M|
|teampreview|4
|showteam|p1|Gholdengo||LifeOrb|GoodasGold|MakeItRain,ShadowBall,NastyPlot,Protect||||||50|,,,,,Water]Incineroar||RockyHelmet|Intimidate|Taunt,KnockOff,PartingShot,FakeOut|||F|||50|,,,,,Ghost]Amoonguss||SitrusBerry|Regenerator|PollenPuff,Spore,RagePowder,Protect|||M|||50|,,,,,Water]Archaludon||AssaultVest|Stamina|DragonPulse,FlashCannon,ElectroShot,BodyPress|||M|||50|,,,,,Bug]Pelipper||FocusSash|Drizzle|WeatherBall,Hurricane,Tailwind,Protect|||F|||50|,,,,,Ground]Basculegion||ChoiceBand|SwiftSwim|WaveCrash,LastRespects,FlipTurn,AquaJet|||M|||50|,,,,,Water
|showteam|p2|Sneasler||PsychicSeed|Unburden|CloseCombat,DireClaw,ThroatChop,Protect|||F|||50|,,,,,Dark]Indeedee||ChoiceScarf|PsychicSurge|ExpandingForce,TeraBlast,Trick,Protect|||M|||50|,,,,,Psychic]Volcarona||SitrusBerry|FlameBody|Overheat,StruggleBug,RagePowder,Tailwind|||M|||50|,,,,,Dragon]Ursaluna-Bloodmoon||LifeOrb|MindsEye|BloodMoon,HyperVoice,EarthPower,Protect|||M|||50|,,,,,Normal]Annihilape||SafetyGoggles|Defiant|CloseCombat,RageFist,Taunt,FinalGambit|||M|||50|,,,,,Fairy]Tyranitar||AssaultVest|SandStream|RockSlide,KnockOff,TeraBlast,LowKick|||M|||50|,,,,,Flying
|inactive|Battle timer is ON: inactive players will automatically lose when time's up. (requested by gaelstromm)
|inactive|gaelstromm has 60 seconds left.
|
|t:|1757251795
|teamsize|p1|4
|teamsize|p2|4
|start
|switch|p1a: Pelipper|Pelipper, L50, F|100/100
|switch|p1b: Basculegion|Basculegion, L50, M|100/100
|switch|p2a: Annihilape|Annihilape, L50, M|100/100
|switch|p2b: Indeedee|Indeedee, L50, M|100/100
|-fieldstart|move: Psychic Terrain|[from] ability: Psychic Surge|[of] p2b: Indeedee
|-weather|RainDance|[from] ability: Drizzle|[of] p1a: Pelipper
|turn|1
|inactive|gaelstromm has 30 seconds left.
|inactive|CritHappens5 has 30 seconds left.
|inactive|gaelstromm has 20 seconds left.
|inactive|CritHappens5 has 20 seconds left.
|inactive|gaelstromm has 15 seconds left.
|
|t:|1757251836
|switch|p2a: Tyranitar|Tyranitar, L50, M|100/100
|-weather|Sandstorm|[from] ability: Sand Stream|[of] p2a: Tyranitar
|move|p2b: Indeedee|Expanding Force|p1a: Pelipper|[spread] p1a,p1b
|-damage|p1a: Pelipper|4/100
|-damage|p1b: Basculegion|36/100
|move|p1b: Basculegion|Flip Turn|p2a: Tyranitar
|-supereffective|p2a: Tyranitar
|-damage|p2a: Tyranitar|18/100
|
|t:|1757251847
|switch|p1b: Archaludon|Archaludon, L50, M|100/100|[from] Flip Turn
|move|p1a: Pelipper|Hurricane|p2a: Tyranitar
|-resisted|p2a: Tyranitar
|-damage|p2a: Tyranitar|9/100
|-start|p2a: Tyranitar|confusion
|
|-weather|Sandstorm|[upkeep]
|-damage|p2b: Indeedee|95/100|[from] Sandstorm
|-damage|p1a: Pelipper|0 fnt|[from] Sandstorm
|faint|p1a: Pelipper
|upkeep
|
|t:|1757251859
|switch|p1a: Amoonguss|Amoonguss, L50, M|100/100
|turn|2
|inactive|gaelstromm has 30 seconds left.
|
|t:|1757251884
|-terastallize|p1a: Amoonguss|Water
|move|p2b: Indeedee|Expanding Force|p1b: Archaludon|[spread] p1a,p1b
|-resisted|p1b: Archaludon
|-damage|p1a: Amoonguss|54/100
|-damage|p1b: Archaludon|80/100
|-ability|p1b: Archaludon|Stamina|boost
|-boost|p1b: Archaludon|def|1
|move|p1b: Archaludon|Dragon Pulse|p2a: Tyranitar
|-damage|p2a: Tyranitar|0 fnt
|faint|p2a: Tyranitar
|move|p1a: Amoonguss|Spore|p2b: Indeedee
|-status|p2b: Indeedee|slp|[from] move: Spore
|
|-weather|Sandstorm|[upkeep]
|-damage|p2b: Indeedee|89/100 slp|[from] Sandstorm
|-damage|p1a: Amoonguss|48/100|[from] Sandstorm
|-enditem|p1a: Amoonguss|Sitrus Berry|[eat]
|-heal|p1a: Amoonguss|73/100|[from] item: Sitrus Berry
|upkeep
|inactive|CritHappens5 has 30 seconds left.
|
|t:|1757251910
|switch|p2a: Annihilape|Annihilape, L50, M|100/100
|turn|3
|inactive|gaelstromm has 30 seconds left.
|
|t:|1757251937
|switch|p1b: Basculegion|Basculegion, L50, M|36/100
|cant|p2b: Indeedee|slp
|move|p2a: Annihilape|Taunt|p1a: Amoonguss
|-start|p1a: Amoonguss|move: Taunt
|move|p1a: Amoonguss|Pollen Puff|p2b: Indeedee
|-supereffective|p2b: Indeedee
|-damage|p2b: Indeedee|36/100 slp
|
|-weather|Sandstorm|[upkeep]
|-damage|p2b: Indeedee|30/100 slp|[from] Sandstorm
|-damage|p1b: Basculegion|30/100|[from] Sandstorm
|-damage|p1a: Amoonguss|67/100|[from] Sandstorm
|upkeep
|turn|4
|inactive|gaelstromm has 30 seconds left.
|
|t:|1757251971
|switch|p1b: Archaludon|Archaludon, L50, M|80/100
|cant|p2b: Indeedee|slp
|move|p2a: Annihilape|Rage Fist|p1b: Archaludon
|-damage|p1b: Archaludon|66/100
|-ability|p1b: Archaludon|Stamina|boost
|-boost|p1b: Archaludon|def|1
|move|p1a: Amoonguss|Pollen Puff|p1b: Archaludon
|-heal|p1b: Archaludon|100/100
|
|-weather|Sandstorm|[upkeep]
|-damage|p2b: Indeedee|24/100 slp|[from] Sandstorm
|-damage|p1a: Amoonguss|61/100|[from] Sandstorm
|upkeep
|turn|5
|
|t:|1757251993
|cant|p2b: Indeedee|slp
|move|p2a: Annihilape|Final Gambit|p1b: Archaludon
|-damage|p1b: Archaludon|0 fnt
|faint|p2a: Annihilape
|faint|p1b: Archaludon
|move|p1a: Amoonguss|Pollen Puff|p2b: Indeedee
|-supereffective|p2b: Indeedee
|-damage|p2b: Indeedee|0 fnt
|faint|p2b: Indeedee
|
|-weather|none
|-end|p1a: Amoonguss|move: Taunt
|-fieldend|move: Psychic Terrain
|upkeep
|
|t:|1757252002
|switch|p2b: Sneasler|Sneasler, L50, F|100/100
|switch|p1b: Basculegion|Basculegion, L50, M|30/100
|turn|6
|
|t:|1757252027
|-terastallize|p2b: Sneasler|Dark
|move|p1a: Amoonguss|Rage Powder|p1a: Amoonguss
|-singleturn|p1a: Amoonguss|move: Rage Powder
|move|p2b: Sneasler|Throat Chop|p1a: Amoonguss
|-damage|p1a: Amoonguss|19/100
|-start|p1a: Amoonguss|Throat Chop|[silent]
|move|p1b: Basculegion|Wave Crash|p2b: Sneasler
|-damage|p2b: Sneasler|0 fnt
|faint|p2b: Sneasler
|-damage|p1b: Basculegion|4/100|[from] Recoil
|
|win|gaelstromm
||CritHappens5 is ready for game 3.
||gaelstromm is ready for game 3.
|uhtml|next|Next: Game 3 of 3
