|j|☆Lorido
|j|☆FrostyDogMobile
|html|LoridoFrostyDogMobile    
|uhtml|bestof|Game 3 of a best-of-3
|t:|1785341591
|gametype|doubles
|player|p1|Lorido|170|1263
|player|p2|FrostyDogMobile|1|1158
|gen|9
|tier|[Gen 9 Champions] VGC 2026 Reg M-B (Bo3)
|rated|
|rule|Species Clause: Limit one of each Pokémon
|rule|Item Clause: Limit 1 of each item
|clearpoke
|poke|p1|Delphox, L50, M|
|poke|p1|Incineroar, L50, F|
|poke|p1|Floette-Eternal, L50, F|
|poke|p1|Kingambit, L50, F|
|poke|p1|Sinistcha, L50|
|poke|p1|Sneasler, L50, M|
|poke|p2|Garchomp, L50, F|
|poke|p2|Tyranitar, L50, F|
|poke|p2|Gholdengo, L50|
|poke|p2|Annihilape, L50, F|
|poke|p2|Incineroar, L50, M|
|poke|p2|Sinistcha, L50|
|teampreview|4
|showteam|p1|Delphox||Delphoxite|Blaze|HeatWave,Psychic,NastyPlot,Protect|Timid||M|||50|]Incineroar||SitrusBerry|Intimidate|FlareBlitz,DarkestLariat,FakeOut,PartingShot|Careful||F|||50|]Floette-Eternal||Floettite|FlowerVeil|DazzlingGleam,DrainingKiss,CalmMind,Protect|Bold||F|||50|]Kingambit||BlackGlasses|Defiant|KowtowCleave,SuckerPunch,SwordsDance,Protect|Adamant||F|||50|]Sinistcha||OccaBerry|Hospitality|MatchaGotcha,RagePowder,TrickRoom,Protect|Bold|||||50|]Sneasler||FocusSash|PoisonTouch|CloseCombat,PoisonJab,FakeOut,QuickGuard|Jolly||M|||50|
|showteam|p2|Garchomp||Garchompite|RoughSkin|EarthPower,DragonPulse,Protect,PowerGem|Modest||F|||50|]Tyranitar||Tyranitarite|SandStream|KnockOff,RockSlide,DragonDance,Protect|Jolly||F|||50|]Gholdengo||LifeOrb|GoodasGold|MakeItRain,ShadowBall,NastyPlot,Protect|Modest|||||50|]Annihilape||Leftovers|Defiant|RageFist,DrainPunch,BulkUp,Protect|Adamant||F|||50|]Incineroar||SitrusBerry|Intimidate|FlareBlitz,DarkestLariat,FakeOut,PartingShot|Careful||M|||50|]Sinistcha||KasibBerry|Hospitality|MatchaGotcha,Protect,RagePowder,TrickRoom|Bold|||||50|
|inactive|Battle timer is ON: inactive players will automatically lose when time's up. (requested by FrostyDogMobile)
|
|t:|1785341629
|teamsize|p1|4
|teamsize|p2|4
|start
|switch|p1a: Delphox|Delphox, L50, M|100/100
|switch|p1b: Incineroar|Incineroar, L50, F|100/100
|switch|p2a: Sinistcha|Sinistcha, L50|100/100
|switch|p2b: Gholdengo|Gholdengo, L50|100/100
|-ability|p1b: Incineroar|Intimidate|boost
|-unboost|p2a: Sinistcha|atk|1
|-unboost|p2b: Gholdengo|atk|1
|turn|1
|inactive|FrostyDogMobile has 30 seconds left.
|
|t:|1785341662
|switch|p2a: Tyranitar|Tyranitar, L50, F|100/100
|-weather|Sandstorm|[from] ability: Sand Stream|[of] p2a: Tyranitar
|detailschange|p1a: Delphox|Delphox-Mega, L50, M
|-mega|p1a: Delphox|Delphox|Delphoxite
|move|p1a: Delphox|Nasty Plot|p1a: Delphox
|-boost|p1a: Delphox|spa|2
|move|p2b: Gholdengo|Shadow Ball|p1a: Delphox
|-supereffective|p1a: Delphox|1
|-damage|p1a: Delphox|11/100
|-damage|p2b: Gholdengo|90/100|[from] item: Life Orb
|move|p1b: Incineroar|Flare Blitz|p2b: Gholdengo
|-supereffective|p2b: Gholdengo|1
|-damage|p2b: Gholdengo|1/100
|-damage|p1b: Incineroar|75/100|[from] Recoil
|
|-weather|Sandstorm|[upkeep]
|-damage|p1a: Delphox|5/100|[from] Sandstorm
|-damage|p1b: Incineroar|69/100|[from] Sandstorm
|upkeep
|turn|2
|inactive|Lorido has 30 seconds left.
|inactive|FrostyDogMobile has 30 seconds left.
|inactive|Lorido has 20 seconds left.
|inactive|FrostyDogMobile has 20 seconds left.
|inactive|Lorido has 15 seconds left.
|inactive|FrostyDogMobile has 15 seconds left.
|inactive|Lorido has 10 seconds left.
|inactive|FrostyDogMobile has 10 seconds left.
|inactive|Lorido has 5 seconds left.
|
|t:|1785341716
|move|p1a: Delphox|Heat Wave|p2a: Tyranitar|[spread] p2a,p2b
|-resisted|p2a: Tyranitar|1
|-supereffective|p2b: Gholdengo|1
|-damage|p2a: Tyranitar|74/100
|-damage|p2b: Gholdengo|0 fnt
|-status|p2a: Tyranitar|brn
|faint|p2b: Gholdengo
|move|p2a: Tyranitar|Dragon Dance|p2a: Tyranitar
|-boost|p2a: Tyranitar|atk|1
|-boost|p2a: Tyranitar|spe|1
|move|p1b: Incineroar|Parting Shot|p2a: Tyranitar
|-unboost|p2a: Tyranitar|atk|1
|-unboost|p2a: Tyranitar|spa|1
|
|t:|1785341727
|switch|p1b: Sinistcha|Sinistcha, L50|100/100|[from] Parting Shot
|-heal|p1a: Delphox|30/100|[from] ability: Hospitality|[of] p1b: Sinistcha
|
|-weather|Sandstorm|[upkeep]
|-damage|p1a: Delphox|24/100|[from] Sandstorm
|-damage|p1b: Sinistcha|93/100|[from] Sandstorm
|-damage|p2a: Tyranitar|68/100 brn|[from] brn
|upkeep
|
|t:|1785341734
|switch|p2b: Garchomp|Garchomp, L50, F|100/100
|turn|3
|
|t:|1785341743
|detailschange|p2b: Garchomp|Garchomp-Mega, L50, F
|-mega|p2b: Garchomp|Garchomp|Garchompite
|move|p1a: Delphox|Protect|p1a: Delphox
|-singleturn|p1a: Delphox|Protect
|move|p2a: Tyranitar|Knock Off|p1b: Sinistcha
|-supereffective|p1b: Sinistcha|1
|-damage|p1b: Sinistcha|53/100
|-enditem|p1b: Sinistcha|Occa Berry|[from] move: Knock Off|[of] p2a: Tyranitar
|move|p2b: Garchomp|Dragon Pulse|p1b: Sinistcha
|-damage|p1b: Sinistcha|12/100
|move|p1b: Sinistcha|Trick Room|p1b: Sinistcha
|-fieldstart|move: Trick Room|[of] p1b: Sinistcha
|
|-weather|Sandstorm|[upkeep]
|-damage|p1b: Sinistcha|6/100|[from] Sandstorm
|-damage|p1a: Delphox|17/100|[from] Sandstorm
|-damage|p2a: Tyranitar|62/100 brn|[from] brn
|upkeep
|turn|4
|inactive|FrostyDogMobile has 30 seconds left.
|
|t:|1785341775
|switch|p2b: Sinistcha|Sinistcha, L50|100/100
|-heal|p2a: Tyranitar|87/100 brn|[from] ability: Hospitality|[of] p2b: Sinistcha
|switch|p1a: Kingambit|Kingambit, L50, F|100/100
|move|p1b: Sinistcha|Matcha Gotcha|p2b: Sinistcha|[spread] p2a,p2b
|-supereffective|p2a: Tyranitar|1
|-resisted|p2b: Sinistcha|1
|-damage|p2a: Tyranitar|56/100 brn
|-heal|p1b: Sinistcha|21/100|[from] drain|[of] p2a: Tyranitar
|-damage|p2b: Sinistcha|88/100
|-heal|p1b: Sinistcha|27/100|[from] drain|[of] p2b: Sinistcha
|move|p2a: Tyranitar|Rock Slide|p1b: Sinistcha|[spread] p1a,p1b
|-resisted|p1a: Kingambit|1
|-damage|p1a: Kingambit|94/100
|-damage|p1b: Sinistcha|16/100
|
|-weather|Sandstorm|[upkeep]
|-damage|p2b: Sinistcha|82/100|[from] Sandstorm
|-damage|p1b: Sinistcha|10/100|[from] Sandstorm
|-damage|p2a: Tyranitar|50/100g brn|[from] brn
|upkeep
|turn|5
|inactive|Lorido has 30 seconds left.
|
|t:|1785341804
|switch|p2a: Garchomp|Garchomp-Mega, L50, F|100/100
|move|p2b: Sinistcha|Protect|p2b: Sinistcha
|-singleturn|p2b: Sinistcha|Protect
|move|p1a: Kingambit|Swords Dance|p1a: Kingambit
|-boost|p1a: Kingambit|atk|2
|move|p1b: Sinistcha|Matcha Gotcha|p2b: Sinistcha|[spread] p2a
|-activate|p2b: Sinistcha|move: Protect
|-damage|p2a: Garchomp|75/100
|-heal|p1b: Sinistcha|24/100|[from] drain|[of] p2a: Garchomp
|
|-weather|none
|upkeep
|turn|6
|inactive|FrostyDogMobile has 30 seconds left.
|
|t:|1785341832
|move|p2b: Sinistcha|Rage Powder|p2b: Sinistcha
|-singleturn|p2b: Sinistcha|move: Rage Powder
|move|p1b: Sinistcha|Rage Powder|p1b: Sinistcha
|-singleturn|p1b: Sinistcha|move: Rage Powder
|move|p1a: Kingambit|Kowtow Cleave|p2b: Sinistcha
|-supereffective|p2b: Sinistcha|1
|-damage|p2b: Sinistcha|0 fnt
|faint|p2b: Sinistcha
|move|p2a: Garchomp|Earth Power|p1b: Sinistcha
|-resisted|p1b: Sinistcha|1
|-damage|p1b: Sinistcha|0 fnt
|faint|p1b: Sinistcha
|
|upkeep
|
|t:|1785341850
|switch|p1b: Incineroar|Incineroar, L50, F|69/100
|switch|p2b: Tyranitar|Tyranitar, L50, F|50/100g brn
|-ability|p1b: Incineroar|Intimidate|boost
|-unboost|p2a: Garchomp|atk|1
|-unboost|p2b: Tyranitar|atk|1
|-weather|Sandstorm|[from] ability: Sand Stream|[of] p2b: Tyranitar
|turn|7
|
|t:|1785341862
|move|p1b: Incineroar|Fake Out|p2b: Tyranitar
|-resisted|p2b: Tyranitar|1
|-damage|p2b: Tyranitar|45/100 brn
|move|p1a: Kingambit|Kowtow Cleave|p2a: Garchomp
|-damage|p2a: Garchomp|1/100
|cant|p2b: Tyranitar|flinch
|move|p2a: Garchomp|Earth Power|p1a: Kingambit
|-supereffective|p1a: Kingambit|1
|-damage|p1a: Kingambit|7/100
|
|-weather|Sandstorm|[upkeep]
|-damage|p1b: Incineroar|63/100|[from] Sandstorm
|-damage|p2b: Tyranitar|38/100 brn|[from] brn
|-fieldend|move: Trick Room
|upkeep
|turn|8
|inactive|Lorido has 30 seconds left.
|
|t:|1785341895
|move|p1a: Kingambit|Sucker Punch|p2b: Tyranitar
|-resisted|p2b: Tyranitar|1
|-damage|p2b: Tyranitar|0 fnt
|faint|p2b: Tyranitar
|move|p2a: Garchomp|Earth Power|p1b: Incineroar
|-supereffective|p1b: Incineroar|1
|-damage|p1b: Incineroar|0 fnt
|faint|p1b: Incineroar
|
|-weather|Sandstorm|[upkeep]
|upkeep
|
|t:|1785341900
|switch|p1b: Delphox|Delphox-Mega, L50, M|17/100
|turn|9
|
|t:|1785341906
|move|p1a: Kingambit|Sucker Punch|p2a: Garchomp
|-damage|p2a: Garchomp|0 fnt
|faint|p2a: Garchomp
|
|win|Lorido
|raw|Lorido's rating: 1263 → 1281(+18 for winning)
|raw|FrostyDogMobile's rating: 1158 → 1140(-18 for losing)
|l|☆FrostyDogMobile
|player|p2|
