|j|☆RouletteRegional
|j|☆Lord_of_Ewoks
|html|RouletteRegionalLord_of_Ewoks    
|uhtml|bestof|Game 1 of a best-of-3
|t:|1785684108
|gametype|doubles
|player|p1|RouletteRegional|lance|1404
|player|p2|Lord_of_Ewoks|lass-gen4|1301
|gen|9
|tier|[Gen 9 Champions] VGC 2026 Reg M-B (Bo3)
|rated|
|rule|Species Clause: Limit one of each Pokémon
|rule|Item Clause: Limit 1 of each item
|clearpoke
|poke|p1|Charizard, L50, F|
|poke|p1|Floette-Eternal, L50, F|
|poke|p1|Dragonite, L50, M|
|poke|p1|Sneasler, L50, M|
|poke|p1|Kingambit, L50, F|
|poke|p1|Whimsicott, L50, M|
|poke|p2|Cofagrigus, L50, M|
|poke|p2|Farigiraf, L50, F|
|poke|p2|Primarina, L50, M|
|poke|p2|Scovillain, L50, M|
|poke|p2|Whimsicott, L50, M|
|poke|p2|Scizor, L50, F|
|teampreview|4
|showteam|p1|Charizard||CharizarditeY|Blaze|HeatWave,SolarBeam,WeatherBall,Protect|Modest||F|||50|]Floette-Eternal||Floettite|FlowerVeil|Moonblast,DazzlingGleam,LightofRuin,Protect|Modest||F|||50|]Dragonite||LifeOrb|InnerFocus|DragonClaw,ExtremeSpeed,LowKick,Protect|Adamant||M|||50|]Sneasler||WhiteHerb|Unburden|CloseCombat,DireClaw,FakeOut,Coaching|Jolly||M|||50|]Kingambit||BlackGlasses|Defiant|KowtowCleave,SuckerPunch,SwordsDance,Protect|Adamant||F|||50|]Whimsicott||FocusSash|Prankster|Moonblast,Tailwind,Encore,Protect|Timid||M|||50|
|showteam|p2|Cofagrigus||Leftovers|Mummy|Hex,WillOWisp,TrickRoom,Protect|Bold||M|||50|]Farigiraf||SitrusBerry|ArmorTail|TwinBeam,Thunderbolt,TrickRoom,HelpingHand|Quiet||F|||50|]Primarina||MysticWater|LiquidVoice|HyperVoice,Moonblast,CalmMind,Protect|Modest||M|||50|]Scovillain||Scovillainite|Moody|Flamethrower,LeechSeed,RagePowder,Protect|Calm||M|||50|]Whimsicott||FocusSash|Prankster|Moonblast,Tailwind,Encore,Protect|Modest||M|||50|]Scizor||Scizorite|Technician|BulletPunch,BugBite,SwordsDance,Protect|Adamant||F|||50|
|inactive|Battle timer is ON: inactive players will automatically lose when time's up. (requested by Lord_of_Ewoks)
|inactive|RouletteRegional has 60 seconds left.
|inactive|Lord_of_Ewoks has 60 seconds left.
|inactive|RouletteRegional has 30 seconds left.
|inactive|Lord_of_Ewoks has 30 seconds left.
|inactive|RouletteRegional has 20 seconds left.
|
|t:|1785684190
|teamsize|p1|4
|teamsize|p2|4
|start
|switch|p1a: Charizard|Charizard, L50, F|100/100
|switch|p1b: Kingambit|Kingambit, L50, F|100/100
|switch|p2a: Cofagrigus|Cofagrigus, L50, M|100/100
|switch|p2b: Scovillain|Scovillain, L50, M|100/100
|turn|1
|
|t:|1785684208
|detailschange|p1a: Charizard|Charizard-Mega-Y, L50, F
|-mega|p1a: Charizard|Charizard|Charizardite Y
|-weather|SunnyDay|[from] ability: Drought|[of] p1a: Charizard
|detailschange|p2b: Scovillain|Scovillain-Mega, L50, M
|-mega|p2b: Scovillain|Scovillain|Scovillainite
|move|p2b: Scovillain|Rage Powder|p2b: Scovillain
|-singleturn|p2b: Scovillain|move: Rage Powder
|move|p1a: Charizard|Weather Ball|p2b: Scovillain
|-damage|p2b: Scovillain|15/100
|-immune|p1a: Charizard
|move|p1b: Kingambit|Swords Dance|p1b: Kingambit
|-boost|p1b: Kingambit|atk|2
|move|p2a: Cofagrigus|Trick Room|p2a: Cofagrigus
|-fieldstart|move: Trick Room|[of] p2a: Cofagrigus
|
|-weather|SunnyDay|[upkeep]
|upkeep
|turn|2
|
|t:|1785684230
|move|p1b: Kingambit|Protect|p1b: Kingambit
|-singleturn|p1b: Kingambit|Protect
|move|p2a: Cofagrigus|Will-O-Wisp|p1b: Kingambit
|-activate|p1b: Kingambit|move: Protect
|move|p2b: Scovillain|Leech Seed|p1a: Charizard
|-start|p1a: Charizard|move: Leech Seed
|move|p1a: Charizard|Heat Wave|p2a: Cofagrigus|[spread] p2a
|-miss|p1a: Charizard|p2b: Scovillain
|-damage|p2a: Cofagrigus|36/100
|-status|p2a: Cofagrigus|brn
|
|-weather|SunnyDay|[upkeep]
|-heal|p2a: Cofagrigus|42/100 brn|[from] item: Leftovers
|-damage|p1a: Charizard|87/100|[from] Leech Seed|[of] p2b: Scovillain
|-heal|p2b: Scovillain|28/100|[silent]
|-damage|p2a: Cofagrigus|36/100 brn|[from] brn
|upkeep
|turn|3
|
|t:|1785684253
|move|p2a: Cofagrigus|Will-O-Wisp|p1b: Kingambit
|-status|p1b: Kingambit|brn
|move|p1b: Kingambit|Kowtow Cleave|p2b: Scovillain
|-damage|p2b: Scovillain|0 fnt
|faint|p2b: Scovillain
|move|p1a: Charizard|Weather Ball|p2a: Cofagrigus
|-damage|p2a: Cofagrigus|0 fnt
|faint|p2a: Cofagrigus
|
|-weather|SunnyDay|[upkeep]
|-damage|p1b: Kingambit|94/100 brn|[from] brn
|upkeep
|
|t:|1785684262
|switch|p2a: Primarina|Primarina, L50, M|100/100
|switch|p2b: Farigiraf|Farigiraf, L50, F|100/100
|turn|4
|
|t:|1785684277
|switch|p1a: Dragonite|Dragonite, L50, M|100/100
|move|p2b: Farigiraf|Helping Hand|p2a: Primarina
|-singleturn|p2a: Primarina|Helping Hand|[of] p2b: Farigiraf
|move|p1b: Kingambit|Kowtow Cleave|p2b: Farigiraf
|-supereffective|p2b: Farigiraf|1
|-damage|p2b: Farigiraf|0 fnt
|faint|p2b: Farigiraf
|move|p2a: Primarina|Hyper Voice|p1b: Kingambit|[spread] p1a,p1b
|-resisted|p1a: Dragonite|1
|-damage|p1a: Dragonite|84/100
|-damage|p1b: Kingambit|61/100 brn
|
|-weather|SunnyDay|[upkeep]
|-damage|p1b: Kingambit|55/100 brn|[from] brn
|upkeep
|turn|5
|
|t:|1785684294
|move|p2a: Primarina|Protect|p2a: Primarina
|-singleturn|p2a: Primarina|Protect
|move|p1a: Dragonite|Extreme Speed|p2a: Primarina
|-activate|p2a: Primarina|move: Protect
|move|p1b: Kingambit|Kowtow Cleave|p2a: Primarina
|-activate|p2a: Primarina|move: Protect
|
|-weather|none
|-damage|p1b: Kingambit|49/100 brn|[from] brn
|-fieldend|move: Trick Room
|upkeep
|turn|6
|
|t:|1785684299
|move|p1a: Dragonite|Extreme Speed|p2a: Primarina
|-damage|p2a: Primarina|46/100
|-damage|p1a: Dragonite|74/100|[from] item: Life Orb
|move|p2a: Primarina|Hyper Voice|p1a: Dragonite|[spread] p1a,p1b
|-resisted|p1a: Dragonite|1
|-damage|p1a: Dragonite|53/100
|-damage|p1b: Kingambit|1/100 brn
|move|p1b: Kingambit|Kowtow Cleave|p2a: Primarina
|-resisted|p2a: Primarina|1
|-damage|p2a: Primarina|11/100
|
|-damage|p1b: Kingambit|0 fnt|[from] brn
|faint|p1b: Kingambit
|upkeep
|
|t:|1785684303
|switch|p1b: Charizard|Charizard-Mega-Y, L50, F|87/100
|-weather|SunnyDay|[from] ability: Drought|[of] p1b: Charizard
|turn|7
|-message|Lord_of_Ewoks forfeited.
|
|win|RouletteRegional
