|j|☆lolgz
|j|☆Lekor
|html|lolgzLekor    
|uhtml|bestof|Game 3 of a best-of-3
|t:|1783318608
|gametype|doubles
|player|p1|lolgz|dawn|1065
|player|p2|Lekor|169|1074
|gen|9
|tier|[Gen 9 Champions] VGC 2026 Reg M-B (Bo3)
|rated|
|rule|Species Clause: Limit one of each Pokémon
|rule|Item Clause: Limit 1 of each item
|clearpoke
|poke|p1|Blaziken, L50, F|
|poke|p1|Vivillon, L50, F|
|poke|p1|Incineroar, L50, M|
|poke|p1|Sinistcha, L50|
|poke|p1|Kingambit, L50, F|
|poke|p1|Floette-Eternal, L50, F|
|poke|p2|Lucario, L50, M|
|poke|p2|Basculegion, L50, M, shiny|
|poke|p2|Talonflame, L50, M, shiny|
|poke|p2|Aerodactyl, L50, F, shiny|
|poke|p2|Serperior, L50, F, shiny|
|poke|p2|Raichu, L50, F|
|teampreview|4
|showteam|p1|Blaziken||Blazikenite|SpeedBoost|CloseCombat,TemperFlare,Protect,SwordsDance|Jolly||F|||50|]Vivillon||ChoiceScarf|CompoundEyes|SleepPowder,Hurricane,RagePowder,Tailwind|Timid||F|||50|]Incineroar||PasshoBerry|Intimidate|PartingShot,FakeOut,ThroatChop,FlareBlitz|Careful||M|||50|]Sinistcha||KasibBerry|Hospitality|MatchaGotcha,RagePowder,LifeDew,Protect|Serious|||||50|]Kingambit||FocusSash|Defiant|SuckerPunch,KowtowCleave,Protect,IronHead|Adamant||F|||50|]Floette-Eternal||Floettite|FlowerVeil|DrainingKiss,DazzlingGleam,CalmMind,Protect|Timid||F|||50|
|showteam|p2|Lucario||Lucarionite|Steadfast|CloseCombat,MeteorMash,BulletPunch,Protect|Jolly||M|||50|]Basculegion||ChoiceScarf|Adaptability|LastRespects,WaveCrash,FlipTurn,PsychicFangs|Adamant||M|||50|]Talonflame||QuickClaw|GaleWings|FlareBlitz,BraveBird,Tailwind,Protect|Jolly||M|||50|]Aerodactyl||WideLens|Unnerve|IronHead,RockSlide,WideGuard,DualWingbeat|Adamant||F|||50|]Serperior||SitrusBerry|Contrary|LeafStorm,Reflect,Protect,LightScreen|Timid||F|||50|]Raichu||FocusSash|LightningRod|WildCharge,FakeOut,PlayRough,Protect|Jolly||F|||50|
|inactive|Battle timer is ON: inactive players will automatically lose when time's up. (requested by lolgz)
|inactive|lolgz has 60 seconds left.
|inactive|Lekor has 60 seconds left.
|
|t:|1783318646
|teamsize|p1|4
|teamsize|p2|4
|start
|switch|p1a: Incineroar|Incineroar, L50, M|100/100
|switch|p1b: Blaziken|Blaziken, L50, F|100/100
|switch|p2a: Talonflame|Talonflame, L50, M, shiny|100/100
|switch|p2b: Basculegion|Basculegion, L50, M, shiny|100/100
|-ability|p1a: Incineroar|Intimidate|boost
|-unboost|p2a: Talonflame|atk|1
|-unboost|p2b: Basculegion|atk|1
|turn|1
|inactive|Lekor has 30 seconds left.
|
|t:|1783318674
|switch|p1b: Kingambit|Kingambit, L50, F|100/100
|move|p2a: Talonflame|Tailwind|p2a: Talonflame
|-sidestart|p2: Lekor|move: Tailwind
|move|p2b: Basculegion|Wave Crash|p1a: Incineroar
|-supereffective|p1a: Incineroar|1
|-enditem|p1a: Incineroar|Passho Berry|[eat]
|-enditem|p1a: Incineroar|Passho Berry|[weaken]
|-damage|p1a: Incineroar|45/100
|-damage|p2b: Basculegion|83/100|[from] Recoil
|move|p1a: Incineroar|Throat Chop|p2b: Basculegion
|-supereffective|p2b: Basculegion|1
|-damage|p2b: Basculegion|15/100
|-start|p2b: Basculegion|Throat Chop|[silent]
|
|upkeep
|turn|2
|inactive|lolgz has 30 seconds left.
|
|t:|1783318703
|move|p1b: Kingambit|Protect|p1b: Kingambit
|-singleturn|p1b: Kingambit|Protect
|move|p2a: Talonflame|Flare Blitz|p1b: Kingambit
|-activate|p1b: Kingambit|move: Protect
|move|p2b: Basculegion|Wave Crash|p1a: Incineroar
|-supereffective|p1a: Incineroar|1
|-damage|p1a: Incineroar|0 fnt
|faint|p1a: Incineroar
|-damage|p2b: Basculegion|1/100|[from] Recoil
|
|-end|p2b: Basculegion|Throat Chop|[silent]
|upkeep
|
|t:|1783318706
|switch|p1a: Vivillon|Vivillon, L50, F|100/100
|turn|3
|inactive|Lekor has 30 seconds left.
|
|t:|1783318732
|move|p2a: Talonflame|Protect|p2a: Talonflame
|-singleturn|p2a: Talonflame|Protect
|move|p1a: Vivillon|Rage Powder|p1a: Vivillon
|-singleturn|p1a: Vivillon|move: Rage Powder
|move|p2b: Basculegion|Wave Crash|p1a: Vivillon
|-damage|p1a: Vivillon|17/100
|-damage|p2b: Basculegion|0 fnt|[from] Recoil
|faint|p2b: Basculegion
|move|p1b: Kingambit|Kowtow Cleave|p2a: Talonflame
|-activate|p2a: Talonflame|move: Protect
|
|upkeep
|
|t:|1783318748
|switch|p2b: Raichu|Raichu, L50, F|100/100
|turn|4
|inactive|Lekor has 30 seconds left.
|
|t:|1783318779
|switch|p1a: Blaziken|Blaziken, L50, F|100/100
|move|p2a: Talonflame|Protect|p2a: Talonflame
|-singleturn|p2a: Talonflame|Protect
|move|p1b: Kingambit|Protect|p1b: Kingambit
|-singleturn|p1b: Kingambit|Protect
|move|p2b: Raichu|Fake Out|p1a: Blaziken
|-damage|p1a: Blaziken|85/100
|
|-sideend|p2: Lekor|move: Tailwind
|upkeep
|turn|5
|inactive|Lekor has 30 seconds left.
|
|t:|1783318804
|detailschange|p1a: Blaziken|Blaziken-Mega, L50, F
|-mega|p1a: Blaziken|Blaziken|Blazikenite
|move|p2b: Raichu|Protect|p2b: Raichu
|-singleturn|p2b: Raichu|Protect
|move|p2a: Talonflame|Brave Bird|p1a: Blaziken
|-supereffective|p1a: Blaziken|1
|-damage|p1a: Blaziken|13/100
|-damage|p2a: Talonflame|71/100|[from] Recoil
|move|p1a: Blaziken|Temper Flare|p2a: Talonflame
|-resisted|p2a: Talonflame|1
|-crit|p2a: Talonflame
|-damage|p2a: Talonflame|23/100
|move|p1b: Kingambit|Kowtow Cleave|p2a: Talonflame
|-damage|p2a: Talonflame|0 fnt
|faint|p2a: Talonflame
|
|-ability|p1a: Blaziken|Speed Boost|boost
|-boost|p1a: Blaziken|spe|1
|upkeep
|
|t:|1783318821
|switch|p2a: Lucario|Lucario, L50, M|100/100
|turn|6
|inactive|lolgz has 30 seconds left.
|
|t:|1783318854
|switch|p1b: Vivillon|Vivillon, L50, F|17/100
|detailschange|p2a: Lucario|Lucario-Mega, L50, M
|-mega|p2a: Lucario|Lucario|Lucarionite
|move|p1a: Blaziken|Protect|p1a: Blaziken
|-singleturn|p1a: Blaziken|Protect
|move|p2a: Lucario|Close Combat|p1b: Vivillon
|-resisted|p1b: Vivillon|2
|-damage|p1b: Vivillon|0 fnt
|-unboost|p2a: Lucario|def|1
|-unboost|p2a: Lucario|spd|1
|faint|p1b: Vivillon
|move|p2b: Raichu|Wild Charge|p1a: Blaziken
|-activate|p1a: Blaziken|move: Protect
|
|-ability|p1a: Blaziken|Speed Boost|boost
|-boost|p1a: Blaziken|spe|1
|upkeep
|
|t:|1783318857
|switch|p1b: Kingambit|Kingambit, L50, F|100/100
|turn|7
|inactive|Lekor has 30 seconds left.
|
|t:|1783318888
|move|p2a: Lucario|Bullet Punch|p1a: Blaziken
|-resisted|p1a: Blaziken|1
|-damage|p1a: Blaziken|0 fnt
|faint|p1a: Blaziken
|move|p1b: Kingambit|Sucker Punch||[still]
|-fail|p1b: Kingambit
|move|p2b: Raichu|Wild Charge|p1b: Kingambit
|-damage|p1b: Kingambit|65/100
|-damage|p2b: Raichu|89/100|[from] Recoil
|
|upkeep
|turn|8
|-message|lolgz forfeited.
|
|win|Lekor
|raw|lolgz's rating: 1065 → 1046(-19 for losing)
|raw|Lekor's rating: 1074 → 1102(+28 for winning)
