|j|☆waveniki
|j|☆huyfgj
|html|wavenikihuyfgj    
|uhtml|bestof|Game 3 of a best-of-3
|t:|1756618519
|gametype|doubles
|player|p1|waveniki|clerk|1186
|player|p2|huyfgj|101|1312
|gen|9
|tier|[Gen 9] VGC 2025 Reg H (Bo3)
|rated|
|rule|Species Clause: Limit one of each Pokémon
|rule|Item Clause: Limit 1 of each item
|clearpoke
|poke|p1|Incineroar, L50, F|
|poke|p1|Amoonguss, L50, M|
|poke|p1|Ursaluna-Bloodmoon, L50, M|
|poke|p1|Dragonite, L50, M|
|poke|p1|Sneasler, L50, F|
|poke|p1|Gholdengo, L50|
|poke|p2|Dondozo, L50, M|
|poke|p2|Tatsugiri, L50, M|
|poke|p2|Annihilape, L50, F|
|poke|p2|Gholdengo, L50|
|poke|p2|Maushold, L50|
|poke|p2|Murkrow, L50, F|
|teampreview|4
|showteam|p1|Incineroar||SafetyGoggles|Intimidate|FlareBlitz,KnockOff,FakeOut,PartingShot|||F|||50|,,,,,Ghost]Amoonguss||SitrusBerry|Regenerator|PollenPuff,Spore,RagePowder,Protect|||M|||50|,,,,,Psychic]Ursaluna-Bloodmoon||AssaultVest|MindsEye|HyperVoice,BloodMoon,EarthPower,VacuumWave|||M|||50|,,,,,Water]Dragonite||LoadedDice|Multiscale|ScaleShot,Tailwind,Haze,Protect|||M|||50|,,,,,Fairy]Sneasler||FocusSash|Unburden|CloseCombat,DireClaw,ThroatChop,Protect|||F|||50|,,,,,Stellar]Gholdengo||LifeOrb|GoodasGold|MakeItRain,ShadowBall,NastyPlot,Protect||||||50|,,,,,Water
|showteam|p2|Dondozo||ClearAmulet|Unaware|WaveCrash,OrderUp,Protect,TeraBlast|||M|||50|,,,,,Fire]Tatsugiri||FocusSash|Commander|DracoMeteor,MuddyWater,IcyWind,Protect|||M|||50|,,,,,Water]Annihilape||SafetyGoggles|Defiant|BulkUp,DrainPunch,Protect,RageFist|||F|||50|,,,,,Fire]Gholdengo||ChoiceSpecs|GoodasGold|MakeItRain,ShadowBall,DazzlingGleam,PowerGem||||||50|,,,,,Steel]Maushold||WideLens|Technician|PopulationBomb,Protect,Taunt,FollowMe||||||50|,,,,,Grass]Murkrow||CovertCloak|Prankster|Tailwind,Haze,BraveBird,Taunt|||F|||50|,,,,,Grass
|inactive|Battle timer is ON: inactive players will automatically lose when time's up. (requested by waveniki)
|inactive|waveniki has 60 seconds left.
|inactive|huyfgj has 60 seconds left.
|
|t:|1756618552
|teamsize|p1|4
|teamsize|p2|4
|start
|switch|p1a: Gholdengo|Gholdengo, L50|100/100
|switch|p1b: Dragonite|Dragonite, L50, M|100/100
|switch|p2a: Maushold|Maushold, L50, shiny|100/100
|switch|p2b: Annihilape|Annihilape, L50, F|100/100
|turn|1
|inactive|waveniki has 30 seconds left.
|
|t:|1756618586
|move|p2a: Maushold|Population Bomb|p1b: Dragonite
|-damage|p1b: Dragonite|96/100
|-damage|p1b: Dragonite|85/100
|-damage|p1b: Dragonite|74/100
|-damage|p1b: Dragonite|63/100
|-damage|p1b: Dragonite|54/100
|-damage|p1b: Dragonite|44/100
|-damage|p1b: Dragonite|35/100
|-damage|p1b: Dragonite|24/100
|-damage|p1b: Dragonite|13/100
|-damage|p1b: Dragonite|3/100
|-hitcount|p1b: Dragonite|10
|move|p1a: Gholdengo|Nasty Plot|p1a: Gholdengo
|-boost|p1a: Gholdengo|spa|2
|move|p1b: Dragonite|Tailwind|p1b: Dragonite
|-sidestart|p1: waveniki|move: Tailwind
|move|p2b: Annihilape|Bulk Up|p2b: Annihilape
|-boost|p2b: Annihilape|atk|1
|-boost|p2b: Annihilape|def|1
|
|upkeep
|turn|2
|inactive|huyfgj has 30 seconds left.
|
|t:|1756618612
|-terastallize|p1a: Gholdengo|Water
|move|p2a: Maushold|Protect|p2a: Maushold
|-singleturn|p2a: Maushold|Protect
|move|p2b: Annihilape|Protect|p2b: Annihilape
|-singleturn|p2b: Annihilape|Protect
|move|p1a: Gholdengo|Make It Rain|p2b: Annihilape|[spread] 
|-activate|p2a: Maushold|move: Protect
|-activate|p2b: Annihilape|move: Protect
|move|p1b: Dragonite|Scale Shot|p2b: Annihilape
|-activate|p2b: Annihilape|move: Protect
|
|upkeep
|turn|3
|inactive|huyfgj has 30 seconds left.
|inactive|waveniki has 30 seconds left.
|inactive|waveniki has 20 seconds left.
|inactive|waveniki has 15 seconds left.
|inactive|waveniki has 10 seconds left.
|
|t:|1756618665
|-terastallize|p2b: Annihilape|Fire
|move|p1a: Gholdengo|Protect|p1a: Gholdengo
|-singleturn|p1a: Gholdengo|Protect
|move|p2a: Maushold|Follow Me|p2a: Maushold
|-singleturn|p2a: Maushold|move: Follow Me
|move|p1b: Dragonite|Scale Shot|p2a: Maushold
|-damage|p2a: Maushold|81/100
|-damage|p2a: Maushold|61/100
|-damage|p2a: Maushold|42/100
|-damage|p2a: Maushold|22/100
|-damage|p2a: Maushold|2/100
|-hitcount|p2a: Maushold|5
|-unboost|p1b: Dragonite|def|1
|-boost|p1b: Dragonite|spe|1
|move|p2b: Annihilape|Rage Fist|p1b: Dragonite
|-damage|p1b: Dragonite|0 fnt
|faint|p1b: Dragonite
|
|upkeep
|
|t:|1756618687
|switch|p1b: Amoonguss|Amoonguss, L50, M|100/100
|turn|4
|inactive|waveniki has 30 seconds left.
|inactive|waveniki has 20 seconds left.
|
|t:|1756618723
|move|p2b: Annihilape|Protect|p2b: Annihilape
|-singleturn|p2b: Annihilape|Protect
|move|p1a: Gholdengo|Make It Rain|p2b: Annihilape|[spread] p2a
|-activate|p2b: Annihilape|move: Protect
|-damage|p2a: Maushold|0 fnt
|-unboost|p1a: Gholdengo|spa|1
|faint|p2a: Maushold
|-damage|p1a: Gholdengo|91/100|[from] item: Life Orb
|move|p1b: Amoonguss|Pollen Puff|p1a: Gholdengo
|-heal|p1a: Gholdengo|100/100
|
|-sideend|p1: waveniki|move: Tailwind
|upkeep
|
|t:|1756618742
|switch|p2a: Murkrow|Murkrow, L50, F|100/100
|turn|5
|inactive|waveniki has 30 seconds left.
|inactive|waveniki has 20 seconds left.
|
|t:|1756618781
|switch|p1b: Sneasler|Sneasler, L50, F|100/100
|move|p2a: Murkrow|Taunt|p1b: Sneasler
|-start|p1b: Sneasler|move: Taunt
|move|p1a: Gholdengo|Make It Rain|p2b: Annihilape|[spread] p2a,p2b
|-resisted|p2b: Annihilape
|-damage|p2a: Murkrow|0 fnt
|-damage|p2b: Annihilape|61/100
|-unboost|p1a: Gholdengo|spa|1
|faint|p2a: Murkrow
|-damage|p1a: Gholdengo|91/100|[from] item: Life Orb
|move|p2b: Annihilape|Rage Fist|p1a: Gholdengo
|-damage|p1a: Gholdengo|6/100
|
|upkeep
|
|t:|1756618797
|switch|p2a: Gholdengo|Gholdengo, L50, shiny|100/100
|turn|6
|
|t:|1756618821
|move|p2b: Annihilape|Protect|p2b: Annihilape
|-singleturn|p2b: Annihilape|Protect
|move|p1b: Sneasler|Dire Claw|p2b: Annihilape
|-activate|p2b: Annihilape|move: Protect
|move|p1a: Gholdengo|Shadow Ball|p2a: Gholdengo
|-supereffective|p2a: Gholdengo
|-damage|p2a: Gholdengo|0 fnt
|faint|p2a: Gholdengo
|-damage|p1a: Gholdengo|0 fnt|[from] item: Life Orb
|faint|p1a: Gholdengo
|
|upkeep
|
|t:|1756618824
|switch|p1a: Amoonguss|Amoonguss, L50, M|100/100
|turn|7
|
|t:|1756618847
|move|p1b: Sneasler|Close Combat|p2b: Annihilape
|-damage|p2b: Annihilape|17/100
|-unboost|p1b: Sneasler|def|1
|-unboost|p1b: Sneasler|spd|1
|move|p2b: Annihilape|Rage Fist|p1a: Amoonguss
|-damage|p1a: Amoonguss|6/100
|-enditem|p1a: Amoonguss|Sitrus Berry|[eat]
|-heal|p1a: Amoonguss|31/100|[from] item: Sitrus Berry
|move|p1a: Amoonguss|Pollen Puff|p2b: Annihilape
|-resisted|p2b: Annihilape
|-damage|p2b: Annihilape|8/100
|
|-end|p1b: Sneasler|move: Taunt
|upkeep
|turn|8
|
|t:|1756618866
|move|p1b: Sneasler|Close Combat|p2b: Annihilape
|-damage|p2b: Annihilape|0 fnt
|-unboost|p1b: Sneasler|def|1
|-unboost|p1b: Sneasler|spd|1
|faint|p2b: Annihilape
|
|win|waveniki
|raw|waveniki's rating: 1186 → 1220(+34 for winning)
|raw|huyfgj's rating: 1312 → 1285(-27 for losing)
|l|☆huyfgj
|player|p2|
