|j|☆Patata Navidenya
|j|☆dr_sugus_vgc
|html|Patata Navidenyadr_sugus_vgc    
|uhtml|bestof|Game 3 of a best-of-3
|t:|1756246640
|gametype|doubles
|player|p1|Patata Navidenya|cilan|1175
|player|p2|dr_sugus_vgc|ruinmaniac|1251
|gen|9
|tier|[Gen 9] VGC 2025 Reg H (Bo3)
|rated|
|rule|Species Clause: Limit one of each Pokémon
|rule|Item Clause: Limit 1 of each item
|clearpoke
|poke|p1|Archaludon, L50, F|
|poke|p1|Gholdengo, L50|
|poke|p1|Pelipper, L50, M|
|poke|p1|Ursaluna, L50, F|
|poke|p1|Sinistcha, L50|
|poke|p1|Dragonite, L50, M|
|poke|p2|Torkoal, L50, F|
|poke|p2|Farigiraf, L50, M|
|poke|p2|Rillaboom, L50, F|
|poke|p2|Kingambit, L50, M|
|poke|p2|Electabuzz, L50, F|
|poke|p2|Sneasler, L50, M|
|teampreview|4
|showteam|p1|Archaludon||AssaultVest|Stamina|FlashCannon,ElectroShot,BodyPress,Snarl|||F|||50|,,,,,Fighting]Gholdengo||ChoiceScarf|GoodasGold|MakeItRain,ShadowBall,ThunderWave,Trick||||||50|,,,,,Flying]Pelipper||SafetyGoggles|Drizzle|WeatherBall,Hurricane,Tailwind,Protect|||M|||50|,,,,,Steel]Ursaluna||FlameOrb|Guts|Facade,HeadlongRush,Earthquake,Protect|||F|||50|,,,,,Ghost]Sinistcha||SitrusBerry|Hospitality|MatchaGotcha,LifeDew,RagePowder,TrickRoom||||||50|,,,,,Fire]Dragonite||LoadedDice|Multiscale|ScaleShot,Tailwind,Haze,Protect|||M|||50|,,,,,Fairy
|showteam|p2|Torkoal||ChoiceSpecs|Drought|Eruption,ClearSmog,ScorchingSands,HeatWave|||F|||50|,,,,,Fire]Farigiraf||SitrusBerry|ArmorTail|DazzlingGleam,TwinBeam,TrickRoom,HelpingHand|||M|||50|,,,,,Fairy]Rillaboom||MiracleSeed|GrassySurge|FakeOut,GrassyGlide,WoodHammer,Uturn|||F|||50|,,,,,Grass]Kingambit||BlackGlasses|Defiant|KowtowCleave,SuckerPunch,SwordsDance,Protect|||M|||50|,,,,,Dark]Electabuzz||Eviolite|VitalSpirit|Electroweb,FollowMe,HelpingHand,Protect|||F|||50|,,,,,Grass]Sneasler||FocusSash|PoisonTouch|FakeOut,DireClaw,CloseCombat,LashOut|||M|||50|,,,,,Dark
|inactive|Battle timer is ON: inactive players will automatically lose when time's up. (requested by Patata Navidenya)
|inactive|dr_sugus_vgc also wants the timer to be on.
|
|t:|1756246662
|teamsize|p1|4
|teamsize|p2|4
|start
|switch|p1a: Gholdengo|Gholdengo, L50|100/100
|switch|p1b: Dragonite|Dragonite, L50, M|100/100
|switch|p2a: Farigiraf|Farigiraf, L50, M|100/100
|switch|p2b: Electabuzz|Electabuzz, L50, F|100/100
|turn|1
|inactive|dr_sugus_vgc has 30 seconds left.
|inactive|Patata Navidenya has 30 seconds left.
|
|t:|1756246694
|switch|p2b: Kingambit|Kingambit, L50, M|100/100
|move|p1a: Gholdengo|Trick|p2a: Farigiraf
|-activate|p1a: Gholdengo|move: Trick|[of] p2a: Farigiraf
|-item|p2a: Farigiraf|Choice Scarf|[from] move: Trick
|-item|p1a: Gholdengo|Sitrus Berry|[from] move: Trick
|move|p1b: Dragonite|Scale Shot|p2b: Kingambit
|-resisted|p2b: Kingambit
|-damage|p2b: Kingambit|95/100
|-resisted|p2b: Kingambit
|-damage|p2b: Kingambit|89/100
|-resisted|p2b: Kingambit
|-damage|p2b: Kingambit|84/100
|-resisted|p2b: Kingambit
|-damage|p2b: Kingambit|79/100
|-resisted|p2b: Kingambit
|-damage|p2b: Kingambit|74/100
|-hitcount|p2b: Kingambit|5
|-unboost|p1b: Dragonite|def|1
|-boost|p1b: Dragonite|spe|1
|move|p2a: Farigiraf|Trick Room|p2a: Farigiraf
|-fieldstart|move: Trick Room|[of] p2a: Farigiraf
|
|upkeep
|turn|2
|inactive|Patata Navidenya has 30 seconds left.
|inactive|dr_sugus_vgc has 30 seconds left.
|
|t:|1756246726
|switch|p2a: Electabuzz|Electabuzz, L50, F|100/100
|switch|p1a: Archaludon|Archaludon, L50, F|100/100
|move|p2b: Kingambit|Swords Dance|p2b: Kingambit
|-boost|p2b: Kingambit|atk|2
|move|p1b: Dragonite|Scale Shot|p2a: Electabuzz
|-damage|p2a: Electabuzz|90/100
|-crit|p2a: Electabuzz
|-damage|p2a: Electabuzz|72/100
|-damage|p2a: Electabuzz|62/100
|-damage|p2a: Electabuzz|50/100
|-damage|p2a: Electabuzz|39/100
|-hitcount|p2a: Electabuzz|5
|-unboost|p1b: Dragonite|def|1
|-boost|p1b: Dragonite|spe|1
|
|upkeep
|turn|3
|inactive|Patata Navidenya has 30 seconds left.
|inactive|dr_sugus_vgc has 30 seconds left.
|inactive|Patata Navidenya has 20 seconds left.
|inactive|Patata Navidenya has 15 seconds left.
|inactive|Patata Navidenya has 10 seconds left.
|
|t:|1756246772
|-terastallize|p2b: Kingambit|Dark
|-terastallize|p1b: Dragonite|Fairy
|move|p2a: Electabuzz|Follow Me|p2a: Electabuzz
|-singleturn|p2a: Electabuzz|move: Follow Me
|move|p2b: Kingambit|Kowtow Cleave|p1a: Archaludon
|-damage|p1a: Archaludon|0 fnt
|faint|p1a: Archaludon
|move|p1b: Dragonite|Haze|p1b: Dragonite
|-clearallboost
|
|upkeep
|
|t:|1756246782
|switch|p1a: Ursaluna|Ursaluna, L50, F|100/100
|turn|4
|inactive|dr_sugus_vgc has 30 seconds left.
|
|t:|1756246816
|move|p2b: Kingambit|Protect|p2b: Kingambit
|-singleturn|p2b: Kingambit|Protect
|move|p1b: Dragonite|Protect|p1b: Dragonite
|-singleturn|p1b: Dragonite|Protect
|move|p1a: Ursaluna|Earthquake|p2b: Kingambit|[spread] p2a
|-activate|p1b: Dragonite|move: Protect
|-activate|p2b: Kingambit|move: Protect
|-supereffective|p2a: Electabuzz
|-damage|p2a: Electabuzz|0 fnt
|faint|p2a: Electabuzz
|
|-status|p1a: Ursaluna|brn|[from] item: Flame Orb
|upkeep
|
|t:|1756246828
|switch|p2a: Torkoal|Torkoal, L50, F|100/100
|-weather|SunnyDay|[from] ability: Drought|[of] p2a: Torkoal
|turn|5
|
|t:|1756246840
|switch|p1b: Gholdengo|Gholdengo, L50|100/100
|move|p1a: Ursaluna|Protect|p1a: Ursaluna
|-singleturn|p1a: Ursaluna|Protect
|move|p2a: Torkoal|Eruption|p1b: Gholdengo|[spread] p1b
|-activate|p1a: Ursaluna|move: Protect
|-supereffective|p1b: Gholdengo
|-damage|p1b: Gholdengo|0 fnt
|faint|p1b: Gholdengo
|move|p2b: Kingambit|Swords Dance|p2b: Kingambit
|-boost|p2b: Kingambit|atk|2
|
|-weather|SunnyDay|[upkeep]
|-damage|p1a: Ursaluna|95/100 brn|[from] brn
|-fieldend|move: Trick Room
|upkeep
|
|t:|1756246843
|switch|p1b: Dragonite|Dragonite, L50, M, tera:Fairy|100/100
|turn|6
|
|t:|1756246867
|move|p2b: Kingambit|Sucker Punch|p1a: Ursaluna
|-damage|p1a: Ursaluna|0 fnt
|faint|p1a: Ursaluna
|move|p1b: Dragonite|Scale Shot|p2b: Kingambit
|-damage|p2b: Kingambit|63/100
|-damage|p2b: Kingambit|52/100
|-damage|p2b: Kingambit|42/100
|-damage|p2b: Kingambit|31/100
|-hitcount|p2b: Kingambit|4
|-unboost|p1b: Dragonite|def|1
|-boost|p1b: Dragonite|spe|1
|move|p2a: Torkoal|Eruption|p1b: Dragonite
|-damage|p1b: Dragonite|27/100
|
|-weather|SunnyDay|[upkeep]
|upkeep
|turn|7
|-message|Patata Navidenya forfeited.
|raw|Patata Navidenya's rating: 1175 → 1155(-20 for losing)
|raw|dr_sugus_vgc's rating: 1251 → 1271(+20 for winning)
|
|win|dr_sugus_vgc
|l|☆Patata Navidenya
|player|p1|
