|j|☆heycoachitsnate
|j|☆vin_bird2003
|html|heycoachitsnatevin_bird2003    
|uhtml|bestof|Game 1 of a best-of-3
|t:|1785980436
|gametype|doubles
|player|p1|heycoachitsnate|n|1164
|player|p2|vin_bird2003|skyla|1232
|gen|9
|tier|[Gen 9 Champions] VGC 2026 Reg M-B (Bo3)
|rated|
|rule|Species Clause: Limit one of each Pokémon
|rule|Item Clause: Limit 1 of each item
|clearpoke
|poke|p1|Venusaur, L50, M|
|poke|p1|Charizard, L50, M|
|poke|p1|Garchomp, L50, M|
|poke|p1|Annihilape, L50, F|
|poke|p1|Incineroar, L50, M|
|poke|p1|Toxapex, L50, M|
|poke|p2|Espathra, L50, F|
|poke|p2|Raichu, L50, F|
|poke|p2|Whimsicott, L50, F|
|poke|p2|Kingambit, L50, F|
|poke|p2|Vanilluxe, L50, F|
|poke|p2|Archaludon, L50, M|
|teampreview|4
|showteam|p1|Venusaur||LifeOrb|Chlorophyll|SolarBeam,SludgeBomb,EarthPower,Protect|Modest||M|||50|]Charizard||CharizarditeY|Blaze|HeatWave,WeatherBall,HelpingHand,Protect|Modest||M|||50|]Garchomp||ChoiceScarf|RoughSkin|DragonClaw,Earthquake,RockSlide,StompingTantrum|Adamant||M|||50|]Annihilape||FocusSash|Defiant|PhantomForce,CloseCombat,RockTomb,Protect|Jolly||F|||50|]Incineroar||SitrusBerry|Intimidate|FakeOut,ThroatChop,FlareBlitz,PartingShot|Impish||M|||50|]Toxapex||Leftovers|Regenerator|Infestation,Toxic,BanefulBunker,WideGuard|Impish||M|||50|
|showteam|p2|Espathra||SitrusBerry|SpeedBoost|Protect,Reflect,LuminaCrash,Roost|Bold||F|||50|]Raichu||RaichuniteY|LightningRod|Protect,ZapCannon,FocusBlast,FakeOut|Timid||F|||50|]Whimsicott||FocusSash|Prankster|Protect,Tailwind,Moonblast,Tickle|Timid||F|||50|]Kingambit||LifeOrb|Defiant|Protect,KowtowCleave,SuckerPunch,IronHead|Adamant||F|||50|]Vanilluxe||NeverMeltIce|SnowWarning|Protect,IceShard,FreezeDry,Blizzard|Quiet||F|||50|]Archaludon||ChoiceScarf|Sturdy|DracoMeteor,FlashCannon,Snarl,AuraSphere|Modest||M|||50|
|inactive|Battle timer is ON: inactive players will automatically lose when time's up. (requested by vin_bird2003)
|inactive|heycoachitsnate has 60 seconds left.
|inactive|vin_bird2003 has 60 seconds left.
|
|t:|1785980478
|teamsize|p1|4
|teamsize|p2|4
|start
|switch|p1a: Charizard|Charizard, L50, M|100/100
|switch|p1b: Toxapex|Toxapex, L50, M|100/100
|switch|p2a: Whimsicott|Whimsicott, L50, F|100/100
|switch|p2b: Kingambit|Kingambit, L50, F|100/100
|turn|1
|
|t:|1785980507
|detailschange|p1a: Charizard|Charizard-Mega-Y, L50, M
|-mega|p1a: Charizard|Charizard|Charizardite Y
|-weather|SunnyDay|[from] ability: Drought|[of] p1a: Charizard
|move|p2a: Whimsicott|Tailwind|p2a: Whimsicott
|-sidestart|p2: vin_bird2003|move: Tailwind
|move|p2b: Kingambit|Kowtow Cleave|p1a: Charizard
|-damage|p1a: Charizard|37/100
|-damage|p2b: Kingambit|90/100|[from] item: Life Orb
|move|p1a: Charizard|Heat Wave|p2b: Kingambit|[spread] p2a,p2b
|-supereffective|p2a: Whimsicott|1
|-supereffective|p2b: Kingambit|1
|-enditem|p2a: Whimsicott|Focus Sash
|-damage|p2a: Whimsicott|1/100
|-damage|p2b: Kingambit|0 fnt
|faint|p2b: Kingambit
|move|p1b: Toxapex|Infestation|p2a: Whimsicott
|-damage|p2a: Whimsicott|0 fnt
|faint|p2a: Whimsicott
|
|-weather|SunnyDay|[upkeep]
|upkeep
|
|t:|1785980517
|switch|p2a: Raichu|Raichu, L50, F|100/100
|switch|p2b: Vanilluxe|Vanilluxe, L50, F|100/100
|-weather|Snowscape|[from] ability: Snow Warning|[of] p2b: Vanilluxe
|turn|2
|inactive|vin_bird2003 has 30 seconds left.
|
|t:|1785980548
|switch|p1a: Incineroar|Incineroar, L50, M|100/100
|-ability|p1a: Incineroar|Intimidate|boost
|-unboost|p2a: Raichu|atk|1
|-unboost|p2b: Vanilluxe|atk|1
|detailschange|p2a: Raichu|Raichu-Mega-Y, L50, F
|-mega|p2a: Raichu|Raichu|Raichunite Y
|move|p1b: Toxapex|Baneful Bunker|p1b: Toxapex
|-singleturn|p1b: Toxapex|move: Protect
|move|p2a: Raichu|Zap Cannon|p1b: Toxapex
|-activate|p1b: Toxapex|move: Protect
|move|p2b: Vanilluxe|Freeze-Dry|p1a: Incineroar
|-resisted|p1a: Incineroar|1
|-damage|p1a: Incineroar|82/100
|
|-weather|Snowscape|[upkeep]
|upkeep
|turn|3
|
|t:|1785980563
|switch|p1b: Garchomp|Garchomp, L50, M|100/100
|move|p1a: Incineroar|Fake Out|p2b: Vanilluxe
|-damage|p2b: Vanilluxe|91/100
|move|p2a: Raichu|Zap Cannon|p1b: Garchomp
|-immune|p1b: Garchomp
|cant|p2b: Vanilluxe|flinch
|
|-weather|Snowscape|[upkeep]
|upkeep
|turn|4
|inactive|vin_bird2003 has 30 seconds left.
|inactive|vin_bird2003 has 20 seconds left.
|
|t:|1785980602
|switch|p1b: Toxapex|Toxapex, L50, M|100/100
|move|p2a: Raichu|Focus Blast|p1a: Incineroar
|-supereffective|p1a: Incineroar|1
|-damage|p1a: Incineroar|4/100
|-enditem|p1a: Incineroar|Sitrus Berry|[eat]
|-heal|p1a: Incineroar|29/100|[from] item: Sitrus Berry
|move|p2b: Vanilluxe|Blizzard|p1b: Toxapex|[spread] p1a,p1b
|-resisted|p1a: Incineroar|1
|-resisted|p1b: Toxapex|1
|-damage|p1a: Incineroar|7/100
|-damage|p1b: Toxapex|80/100
|move|p1a: Incineroar|Parting Shot|p2b: Vanilluxe
|-unboost|p2b: Vanilluxe|atk|1
|-unboost|p2b: Vanilluxe|spa|1
|
|t:|1785980616
|switch|p1a: Garchomp|Garchomp, L50, M|100/100|[from] Parting Shot
|
|-weather|Snowscape|[upkeep]
|-heal|p1b: Toxapex|86/100|[from] item: Leftovers
|-sideend|p2: vin_bird2003|move: Tailwind
|upkeep
|turn|5
|
|t:|1785980633
|-heal|p1b: Toxapex|100/100|[from] ability: Regenerator|[silent]
|switch|p1b: Charizard|Charizard-Mega-Y, L50, M|37/100
|-weather|SunnyDay|[from] ability: Drought|[of] p1b: Charizard
|move|p2a: Raichu|Protect|p2a: Raichu
|-singleturn|p2a: Raichu|Protect
|move|p1a: Garchomp|Earthquake|p2a: Raichu|[spread] p2b
|-activate|p2a: Raichu|move: Protect
|-immune|p1b: Charizard
|-damage|p2b: Vanilluxe|45/100
|move|p2b: Vanilluxe|Freeze-Dry|p1a: Garchomp
|-supereffective|p1a: Garchomp|2
|-damage|p1a: Garchomp|0 fnt
|faint|p1a: Garchomp
|
|-weather|SunnyDay|[upkeep]
|upkeep
|
|t:|1785980653
|switch|p1a: Incineroar|Incineroar, L50, M|7/100
|-ability|p1a: Incineroar|Intimidate|boost
|-unboost|p2a: Raichu|atk|1
|-unboost|p2b: Vanilluxe|atk|1
|turn|6
|inactive|vin_bird2003 has 30 seconds left.
|inactive|vin_bird2003 has 20 seconds left.
|
|t:|1785980688
|move|p2a: Raichu|Protect||[still]
|-fail|p2a: Raichu
|move|p2b: Vanilluxe|Protect|p2b: Vanilluxe
|-singleturn|p2b: Vanilluxe|Protect
|move|p1a: Incineroar|Fake Out|p2a: Raichu
|-damage|p2a: Raichu|85/100
|move|p1b: Charizard|Heat Wave|p2a: Raichu|[spread] p2a
|-activate|p2b: Vanilluxe|move: Protect
|-damage|p2a: Raichu|6/100
|
|-weather|SunnyDay|[upkeep]
|upkeep
|turn|7
|
|t:|1785980711
|move|p2a: Raichu|Zap Cannon|p1b: Charizard
|-supereffective|p1b: Charizard|1
|-damage|p1b: Charizard|0 fnt
|faint|p1b: Charizard
|move|p2b: Vanilluxe|Freeze-Dry|p1a: Incineroar
|-resisted|p1a: Incineroar|1
|-damage|p1a: Incineroar|0 fnt
|faint|p1a: Incineroar
|
|-weather|SunnyDay|[upkeep]
|upkeep
|
|t:|1785980717
|switch|p1b: Toxapex|Toxapex, L50, M|100/100
|turn|8
|
|t:|1785980731
|move|p2a: Raichu|Zap Cannon|p1b: Toxapex
|-supereffective|p1b: Toxapex|1
|-damage|p1b: Toxapex|3/100
|-status|p1b: Toxapex|par
|move|p2b: Vanilluxe|Freeze-Dry|p1b: Toxapex
|-supereffective|p1b: Toxapex|1
|-damage|p1b: Toxapex|0 fnt
|faint|p1b: Toxapex
|
|win|vin_bird2003
