|j|☆Chochito Pelao
|j|☆Kaazuma
|html|Chochito PelaoKaazuma    
|uhtml|bestof|Game 2 of a best-of-3
|t:|1785056568
|gametype|doubles
|player|p1|Chochito Pelao|striker|1219
|player|p2|Kaazuma|red|1326
|gen|9
|tier|[Gen 9 Champions] VGC 2026 Reg M-B (Bo3)
|rated|
|rule|Species Clause: Limit one of each Pokémon
|rule|Item Clause: Limit 1 of each item
|clearpoke
|poke|p1|Incineroar, L50, M|
|poke|p1|Sinistcha-Masterpiece, L50, shiny|
|poke|p1|Floette-Eternal, L50, F|
|poke|p1|Kingambit, L50, F|
|poke|p1|Sneasler, L50, F|
|poke|p1|Delphox, L50, M, shiny|
|poke|p2|Floette-Eternal, L50, F|
|poke|p2|Whimsicott, L50, M|
|poke|p2|Glimmora, L50, M|
|poke|p2|Charizard, L50, M|
|poke|p2|Kingambit, L50, M|
|poke|p2|Garchomp, L50, F|
|teampreview|4
|showteam|p1|Incineroar||SitrusBerry|Intimidate|FakeOut,PartingShot,ThroatChop,FlareBlitz|Careful||M|||50|]Sinistcha-Masterpiece||ColburBerry|Hospitality|MatchaGotcha,LifeDew,RagePowder,TrickRoom|Bold|||||50|]Floette-Eternal||Floettite|FlowerVeil|Moonblast,DazzlingGleam,CalmMind,Protect|Modest||F|||50|]Kingambit||BlackGlasses|Defiant|KowtowCleave,SuckerPunch,SwordsDance,Protect|Adamant||F|||50|]Sneasler||FocusSash|PoisonTouch|FakeOut,CloseCombat,DireClaw,QuickGuard|Jolly||F|||50|]Delphox||Delphoxite|Blaze|HeatWave,Psyshock,NastyPlot,Protect|Timid||M|||50|
|showteam|p2|Floette-Eternal||Floettite|FlowerVeil|DazzlingGleam,Moonblast,LightofRuin,Protect|Modest||F|||50|]Whimsicott||FairyFeather|Prankster|Moonblast,Tailwind,Encore,Protect|Timid||M|||50|]Glimmora||FocusSash|ToxicDebris|SludgeBomb,PowerGem,EarthPower,SpikyShield|Lonely||M|||50|]Charizard||CharizarditeY|Blaze|HeatWave,WeatherBall,SolarBeam,Protect|Modest||M|||50|]Kingambit||BlackGlasses|Defiant|KowtowCleave,SuckerPunch,LowKick,Protect|Adamant||M|||50|]Garchomp||LifeOrb|RoughSkin|DragonClaw,Earthquake,RockSlide,Protect|Jolly||F|||50|
|inactive|Battle timer is ON: inactive players will automatically lose when time's up. (requested by Kaazuma)
|
|t:|1785056596
|teamsize|p1|4
|teamsize|p2|4
|start
|switch|p1a: Sneasler|Sneasler, L50, F|100/100
|switch|p1b: Delphox|Delphox, L50, M, shiny|100/100
|switch|p2a: Kingambit|Kingambit, L50, M|100/100
|switch|p2b: Glimmora|Glimmora, L50, M|100/100
|turn|1
|inactive|Chochito Pelao has 30 seconds left.
|inactive|Chochito Pelao has 20 seconds left.
|inactive|Chochito Pelao has 15 seconds left.
|inactive|Chochito Pelao has 10 seconds left.
|inactive|Chochito Pelao has 5 seconds left.
|
|t:|1785056647
|detailschange|p1b: Delphox|Delphox-Mega, L50, M, shiny
|-mega|p1b: Delphox|Delphox|Delphoxite
|move|p2a: Kingambit|Protect|p2a: Kingambit
|-singleturn|p2a: Kingambit|Protect
|move|p1b: Delphox|Nasty Plot|p1b: Delphox
|-boost|p1b: Delphox|spa|2
|move|p1a: Sneasler|Close Combat|p2a: Kingambit
|-activate|p2a: Kingambit|move: Protect
|move|p2b: Glimmora|Power Gem|p1b: Delphox
|-supereffective|p1b: Delphox|1
|-damage|p1b: Delphox|29/100
|
|upkeep
|turn|2
|
|t:|1785056662
|switch|p2a: Garchomp|Garchomp, L50, F|100/100
|move|p1b: Delphox|Protect|p1b: Delphox
|-singleturn|p1b: Delphox|Protect
|move|p1a: Sneasler|Close Combat|p2a: Garchomp
|-damage|p2a: Garchomp|38/100
|-unboost|p1a: Sneasler|def|1
|-unboost|p1a: Sneasler|spd|1
|-damage|p1a: Sneasler|87/100|[from] ability: Rough Skin|[of] p2a: Garchomp
|move|p2b: Glimmora|Earth Power|p1a: Sneasler
|-supereffective|p1a: Sneasler|1
|-damage|p1a: Sneasler|0 fnt
|faint|p1a: Sneasler
|
|upkeep
|
|t:|1785056667
|switch|p1a: Sinistcha|Sinistcha-Masterpiece, L50, shiny|100/100
|-heal|p1b: Delphox|54/100|[from] ability: Hospitality|[of] p1a: Sinistcha
|turn|3
|
|t:|1785056675
|move|p1a: Sinistcha|Rage Powder|p1a: Sinistcha
|-singleturn|p1a: Sinistcha|move: Rage Powder
|move|p1b: Delphox|Heat Wave|p2b: Glimmora|[spread] p2a,p2b
|-resisted|p2a: Garchomp|1
|-resisted|p2b: Glimmora|1
|-damage|p2a: Garchomp|0 fnt
|-damage|p2b: Glimmora|44/100
|faint|p2a: Garchomp
|move|p2b: Glimmora|Sludge Bomb|p1a: Sinistcha
|-damage|p1a: Sinistcha|59/100
|
|upkeep
|
|t:|1785056683
|switch|p2a: Floette|Floette-Eternal, L50, F|100/100
|turn|4
|
|t:|1785056694
|switch|p1a: Incineroar|Incineroar, L50, M|100/100
|-ability|p1a: Incineroar|Intimidate|boost
|-unboost|p2a: Floette|atk|1
|-unboost|p2b: Glimmora|atk|1
|detailschange|p2a: Floette|Floette-Mega, L50, F
|-mega|p2a: Floette|Floette|Floettite
|-ability|p2a: Floette|Fairy Aura
|move|p2b: Glimmora|Spiky Shield|p2b: Glimmora
|-singleturn|p2b: Glimmora|move: Protect
|move|p1b: Delphox|Heat Wave|p2b: Glimmora|[spread] p2a
|-activate|p2b: Glimmora|move: Protect
|-damage|p2a: Floette|35/100
|move|p2a: Floette|Dazzling Gleam|p1a: Incineroar|[spread] p1a,p1b
|-resisted|p1b: Delphox|1
|-damage|p1a: Incineroar|55/100
|-damage|p1b: Delphox|32/100
|
|upkeep
|turn|5
|c|☆Kaazuma|cringe full support team
|
|t:|1785056711
|switch|p1a: Sinistcha|Sinistcha-Masterpiece, L50, shiny|59/100
|-heal|p1b: Delphox|57/100|[from] ability: Hospitality|[of] p1a: Sinistcha
|move|p1b: Delphox|Heat Wave|p2a: Floette|[spread] p2b
|-miss|p1b: Delphox|p2a: Floette
|-resisted|p2b: Glimmora|1
|-damage|p2b: Glimmora|0 fnt
|faint|p2b: Glimmora
|move|p2a: Floette|Dazzling Gleam|p1a: Sinistcha|[spread] p1a,p1b
|-resisted|p1b: Delphox|1
|-damage|p1a: Sinistcha|9/100
|-damage|p1b: Delphox|35/100
|
|upkeep
|
|t:|1785056715
|switch|p2b: Kingambit|Kingambit, L50, M|100/100
|turn|6
|
|t:|1785056723
|move|p2b: Kingambit|Protect|p2b: Kingambit
|-singleturn|p2b: Kingambit|Protect
|move|p1a: Sinistcha|Rage Powder|p1a: Sinistcha
|-singleturn|p1a: Sinistcha|move: Rage Powder
|move|p1b: Delphox|Heat Wave|p2b: Kingambit|[spread] p2a
|-activate|p2b: Kingambit|move: Protect
|-damage|p2a: Floette|0 fnt
|faint|p2a: Floette
|
|upkeep
|turn|7
|-message|Kaazuma forfeited.
|
|win|Chochito Pelao
