|j|☆Prepucio Santos
|j|☆Kiryu86
|html|Prepucio SantosKiryu86    
|uhtml|bestof|Game 3 of a best-of-3
|t:|1784318056
|gametype|doubles
|player|p1|Prepucio Santos|striker|1285
|player|p2|Kiryu86|169|1206
|gen|9
|tier|[Gen 9 Champions] VGC 2026 Reg M-B (Bo3)
|rated|
|rule|Species Clause: Limit one of each Pokémon
|rule|Item Clause: Limit 1 of each item
|clearpoke
|poke|p1|Swampert, L50, M|
|poke|p1|Floette-Eternal, L50, F|
|poke|p1|Pelipper, L50, F|
|poke|p1|Grimmsnarl, L50, M|
|poke|p1|Sinistcha, L50|
|poke|p1|Archaludon, L50, F|
|poke|p2|Dragonite, L50, M, shiny|
|poke|p2|Talonflame, L50, F|
|poke|p2|Scizor, L50, F|
|poke|p2|Tauros-Paldea-Aqua, L50, M|
|poke|p2|Kingambit, L50, F|
|poke|p2|Hatterene, L50, F|
|teampreview|4
|showteam|p1|Swampert||Swampertite|Torrent|WaveCrash,Earthquake,IcePunch,Protect|Adamant||M|||50|]Floette-Eternal||Floettite|FlowerVeil|Moonblast,DazzlingGleam,CalmMind,Protect|Modest||F|||50|]Pelipper||SitrusBerry|Drizzle|Hurricane,WeatherBall,Tailwind,WideGuard|Modest||F|||50|]Grimmsnarl||LightClay|Prankster|Reflect,LightScreen,PartingShot,FoulPlay|Careful||M|||50|]Sinistcha||CobaBerry|Hospitality|MatchaGotcha,LifeDew,TrickRoom,RagePowder|Relaxed|||||50|]Archaludon||Leftovers|Stamina|ElectroShot,DragonPulse,FlashCannon,Protect|Modest||F|||50|
|showteam|p2|Dragonite||Dragoninite|Multiscale|Hurricane,DracoMeteor,Protect,Thunderbolt|Timid||M|||50|]Talonflame||FocusSash|GaleWings|FlareBlitz,BraveBird,Tailwind,Protect|Jolly||F|||50|]Scizor||Scizorite|Technician|BugBite,BulletPunch,Protect,CloseCombat|Adamant||F|||50|]Tauros-Paldea-Aqua||ChoiceScarf|Intimidate|CloseCombat,RagingBull,HighHorsepower,RockSlide|Adamant||M|||50|]Kingambit||BlackGlasses|Defiant|KowtowCleave,IronHead,SuckerPunch,Protect|Adamant||F|||50|]Hatterene||LifeOrb|MagicBounce|Psychic,MysticalFire,DazzlingGleam,TrickRoom|Quiet||F|||50|
|inactive|Battle timer is ON: inactive players will automatically lose when time's up. (requested by Kiryu86)
|
|t:|1784318070
|teamsize|p1|4
|teamsize|p2|4
|start
|switch|p1a: Grimmsnarl|Grimmsnarl, L50, M|100/100
|switch|p1b: Archaludon|Archaludon, L50, F|100/100
|switch|p2a: Hatterene|Hatterene, L50, F|100/100
|switch|p2b: Tauros|Tauros-Paldea-Aqua, L50, M|100/100
|-ability|p2b: Tauros|Intimidate|boost
|-unboost|p1a: Grimmsnarl|atk|1
|-unboost|p1b: Archaludon|atk|1
|turn|1
|
|t:|1784318092
|move|p1b: Archaludon|Protect|p1b: Archaludon
|-singleturn|p1b: Archaludon|Protect
|move|p1a: Grimmsnarl|Parting Shot|p2a: Hatterene
|move|p2a: Hatterene|Parting Shot|p1a: Grimmsnarl|[from] ability: Magic Bounce
|-unboost|p1a: Grimmsnarl|atk|1
|-unboost|p1a: Grimmsnarl|spa|1
|
|t:|1784318103
|switch|p2a: Scizor|Scizor, L50, F|100/100|[from] Parting Shot
|move|p2b: Tauros|Raging Bull|p1a: Grimmsnarl
|-crit|p1a: Grimmsnarl
|-damage|p1a: Grimmsnarl|33/100
|
|upkeep
|turn|2
|inactive|Prepucio Santos has 30 seconds left.
|inactive|Prepucio Santos has 20 seconds left.
|inactive|Kiryu86 has 30 seconds left.
|inactive|Prepucio Santos has 15 seconds left.
|inactive|Kiryu86 has 20 seconds left.
|inactive|Kiryu86 has 15 seconds left.
|inactive|Kiryu86 has 10 seconds left.
|
|t:|1784318158
|switch|p2b: Hatterene|Hatterene, L50, F|100/100
|detailschange|p2a: Scizor|Scizor-Mega, L50, F
|-mega|p2a: Scizor|Scizor|Scizorite
|move|p2a: Scizor|Bullet Punch|p1a: Grimmsnarl
|-supereffective|p1a: Grimmsnarl|1
|-damage|p1a: Grimmsnarl|0 fnt
|faint|p1a: Grimmsnarl
|move|p1b: Archaludon|Electro Shot||[still]
|-prepare|p1b: Archaludon|Electro Shot
|-boost|p1b: Archaludon|spa|1
|
|upkeep
|
|t:|1784318174
|switch|p1a: Pelipper|Pelipper, L50, F|100/100
|-weather|RainDance|[from] ability: Drizzle|[of] p1a: Pelipper
|turn|3
|
|t:|1784318199
|move|p2a: Scizor|Protect|p2a: Scizor
|-singleturn|p2a: Scizor|Protect
|move|p1b: Archaludon|Electro Shot|p2a: Scizor|[from] lockedmove
|-activate|p2a: Scizor|move: Protect
|move|p1a: Pelipper|Weather Ball|p2b: Hatterene
|-damage|p2b: Hatterene|39/100
|move|p2b: Hatterene|Trick Room|p2b: Hatterene
|-fieldstart|move: Trick Room|[of] p2b: Hatterene
|
|-weather|RainDance|[upkeep]
|upkeep
|turn|4
|
|t:|1784318213
|move|p1a: Pelipper|Wide Guard|p1a: Pelipper
|-singleturn|p1a: Pelipper|Wide Guard
|move|p2b: Hatterene|Mystical Fire|p1b: Archaludon
|-damage|p1b: Archaludon|81/100
|-unboost|p1b: Archaludon|spa|1
|-ability|p1b: Archaludon|Stamina|boost
|-boost|p1b: Archaludon|def|1
|-damage|p2b: Hatterene|29/100|[from] item: Life Orb
|move|p2a: Scizor|Close Combat|p1b: Archaludon
|-supereffective|p1b: Archaludon|1
|-damage|p1b: Archaludon|32/100
|-unboost|p2a: Scizor|def|1
|-unboost|p2a: Scizor|spd|1
|-ability|p1b: Archaludon|Stamina|boost
|-boost|p1b: Archaludon|def|1
|move|p1b: Archaludon|Electro Shot||[still]
|-prepare|p1b: Archaludon|Electro Shot
|-boost|p1b: Archaludon|spa|1
|-anim|p1b: Archaludon|Electro Shot|p2a: Scizor
|-damage|p2a: Scizor|11/100
|
|-weather|RainDance|[upkeep]
|-heal|p1b: Archaludon|39/100|[from] item: Leftovers
|upkeep
|turn|5
|
|t:|1784318236
|move|p1b: Archaludon|Protect|p1b: Archaludon
|-singleturn|p1b: Archaludon|Protect
|move|p2b: Hatterene|Psychic|p1a: Pelipper
|-damage|p1a: Pelipper|10/100
|-unboost|p1a: Pelipper|spd|1
|-enditem|p1a: Pelipper|Sitrus Berry|[eat]
|-heal|p1a: Pelipper|34/100|[from] item: Sitrus Berry
|-damage|p2b: Hatterene|20/100y|[from] item: Life Orb
|move|p2a: Scizor|Close Combat|p1b: Archaludon
|-activate|p1b: Archaludon|move: Protect
|move|p1a: Pelipper|Weather Ball|p2a: Scizor
|-damage|p2a: Scizor|0 fnt
|faint|p2a: Scizor
|
|-weather|RainDance|[upkeep]
|-heal|p1b: Archaludon|45/100|[from] item: Leftovers
|upkeep
|
|t:|1784318242
|switch|p2a: Kingambit|Kingambit, L50, F|100/100
|turn|6
|
|t:|1784318262
|move|p1a: Pelipper|Wide Guard|p1a: Pelipper
|-singleturn|p1a: Pelipper|Wide Guard
|move|p2b: Hatterene|Psychic|p1b: Archaludon
|-resisted|p1b: Archaludon|1
|-damage|p1b: Archaludon|12/100
|-ability|p1b: Archaludon|Stamina|boost
|-boost|p1b: Archaludon|def|1
|-damage|p2b: Hatterene|10/100|[from] item: Life Orb
|move|p2a: Kingambit|Kowtow Cleave|p1b: Archaludon
|-damage|p1b: Archaludon|0 fnt
|faint|p1b: Archaludon
|
|-weather|RainDance|[upkeep]
|upkeep
|
|t:|1784318272
|switch|p1b: Swampert|Swampert, L50, M|100/100
|turn|7
|
|t:|1784318282
|detailschange|p1b: Swampert|Swampert-Mega, L50, M
|-mega|p1b: Swampert|Swampert|Swampertite
|move|p2b: Hatterene|Dazzling Gleam|p1b: Swampert|[spread] p1a,p1b
|-damage|p1a: Pelipper|0 fnt
|-damage|p1b: Swampert|60/100
|faint|p1a: Pelipper
|-damage|p2b: Hatterene|1/100|[from] item: Life Orb
|move|p2a: Kingambit|Kowtow Cleave|p1b: Swampert
|-damage|p1b: Swampert|3/100
|move|p1b: Swampert|Earthquake|p2b: Hatterene|[spread] p2a,p2b
|-supereffective|p2a: Kingambit|1
|-damage|p2a: Kingambit|32/100
|-damage|p2b: Hatterene|0 fnt
|faint|p2b: Hatterene
|
|-weather|none
|-fieldend|move: Trick Room
|upkeep
|c|☆Kiryu86|gg
|-message|Prepucio Santos forfeited.
|
|win|Kiryu86
