|j|☆sbhaga34
|j|☆pantsuit
|html|sbhaga34pantsuit    
|uhtml|bestof|Game 1 of a best-of-3
|t:|1757912070
|gametype|doubles
|player|p1|sbhaga34|hugh|1441
|player|p2|pantsuit|1|1414
|gen|9
|tier|[Gen 9] VGC 2025 Reg H (Bo3)
|rated|
|rule|Species Clause: Limit one of each Pokémon
|rule|Item Clause: Limit 1 of each item
|clearpoke
|poke|p1|Indeedee-F, L50, F|
|poke|p1|Talonflame, L50, F|
|poke|p1|Tyranitar, L50, M|
|poke|p1|Excadrill, L50, F|
|poke|p1|Gardevoir, L50, M|
|poke|p1|Ursaluna-Bloodmoon, L50, M|
|poke|p2|Espathra, L50, M|
|poke|p2|Indeedee-F, L50, F|
|poke|p2|Sneasler, L50, F|
|poke|p2|Hydreigon, L50, F|
|poke|p2|Arcanine-Hisui, L50, M|
|poke|p2|Kingambit, L50, F|
|teampreview|4
|showteam|p1|Indeedee-F||SafetyGoggles|PsychicSurge|FollowMe,TrickRoom,HelpingHand,Psychic|||F|||50|,,,,,Fairy]Talonflame||CovertCloak|GaleWings|Tailwind,Taunt,FlareBlitz,WillOWisp|||F|||50|,,,,,Grass]Tyranitar||WeaknessPolicy|SandStream|RockSlide,KnockOff,LowKick,Protect|||M|||50|,,,,,Flying]Excadrill||FocusSash|SandRush|Earthquake,IronHead,SwordsDance,Protect|||F|||50|,,,,,Ground]Gardevoir||ChoiceScarf|Telepathy|ExpandingForce,Moonblast,IcyWind,PsychicTerrain|||M|||50|,,,,,Psychic]Ursaluna-Bloodmoon||SilkScarf|MindsEye|BloodMoon,HyperVoice,EarthPower,Protect|||M|||50|,,,,,Normal
|showteam|p2|Espathra||LifeOrb|SpeedBoost|ExpandingForce,LuminaCrash,DazzlingGleam,Protect|||M|||50|,,,,,Psychic]Indeedee-F||RockyHelmet|PsychicSurge|Psychic,FollowMe,HelpingHand,Protect|||F|||50|,,,,,Dragon]Sneasler||PsychicSeed|Unburden|DireClaw,CloseCombat,ThroatChop,Protect|||F|||50|,,,,,Dark]Hydreigon||SafetyGoggles|Levitate|DracoMeteor,Snarl,Taunt,Protect|||F|||50|,,,,,Ghost]Arcanine-Hisui||MirrorHerb|Intimidate|FlareBlitz,RockSlide,CloseCombat,Protect|||M|||50|,,,,,Water]Kingambit||AssaultVest|Defiant|KowtowCleave,SuckerPunch,LowKick,TeraBlast|||F|||50|,,,,,Flying
|inactive|Battle timer is ON: inactive players will automatically lose when time's up. (requested by sbhaga34)
|
|t:|1757912141
|teamsize|p1|4
|teamsize|p2|4
|start
|switch|p1a: Talonflame|Talonflame, L50, F|100/100
|switch|p1b: Ursaluna|Ursaluna-Bloodmoon, L50, M|100/100
|switch|p2a: Arcanine|Arcanine-Hisui, L50, M|100/100
|switch|p2b: Sneasler|Sneasler, L50, F|100/100
|-ability|p2a: Arcanine|Intimidate|boost
|-unboost|p1a: Talonflame|atk|1
|-unboost|p1b: Ursaluna|atk|1
|turn|1
|
|t:|1757912160
|switch|p2a: Indeedee|Indeedee-F, L50, F|100/100
|-fieldstart|move: Psychic Terrain|[from] ability: Psychic Surge|[of] p2a: Indeedee
|-enditem|p2b: Sneasler|Psychic Seed
|-boost|p2b: Sneasler|spd|1|[from] item: Psychic Seed
|move|p1b: Ursaluna|Protect|p1b: Ursaluna
|-singleturn|p1b: Ursaluna|Protect
|move|p1a: Talonflame|Tailwind|p1a: Talonflame
|-sidestart|p1: sbhaga34|move: Tailwind
|move|p2b: Sneasler|Close Combat|p1b: Ursaluna
|-activate|p1b: Ursaluna|move: Protect
|
|upkeep
|turn|2
|
|t:|1757912176
|switch|p1b: Tyranitar|Tyranitar, L50, M|100/100
|-weather|Sandstorm|[from] ability: Sand Stream|[of] p1b: Tyranitar
|move|p2a: Indeedee|Follow Me|p2a: Indeedee
|-singleturn|p2a: Indeedee|move: Follow Me
|move|p1a: Talonflame|Will-O-Wisp|p2a: Indeedee
|-status|p2a: Indeedee|brn
|move|p2b: Sneasler|Close Combat|p1b: Tyranitar
|-supereffective|p1b: Tyranitar
|-damage|p1b: Tyranitar|0 fnt
|-unboost|p2b: Sneasler|def|1
|-unboost|p2b: Sneasler|spd|1
|faint|p1b: Tyranitar
|
|-weather|Sandstorm|[upkeep]
|-damage|p1a: Talonflame|95/100|[from] Sandstorm
|-damage|p2b: Sneasler|95/100|[from] Sandstorm
|-damage|p2a: Indeedee|94/100 brn|[from] Sandstorm
|-damage|p2a: Indeedee|88/100 brn|[from] brn
|upkeep
|
|t:|1757912193
|switch|p1b: Excadrill|Excadrill, L50, F, shiny|100/100
|turn|3
|inactive|pantsuit has 30 seconds left.
|inactive|pantsuit has 20 seconds left.
|inactive|pantsuit has 15 seconds left.
|
|t:|1757912235
|-terastallize|p1b: Excadrill|Ground
|move|p2b: Sneasler|Protect|p2b: Sneasler
|-singleturn|p2b: Sneasler|Protect
|move|p1b: Excadrill|Earthquake|p2b: Sneasler|[spread] p2a
|-activate|p2b: Sneasler|move: Protect
|-immune|p1a: Talonflame
|-damage|p2a: Indeedee|35/100 brn
|move|p1a: Talonflame|Flare Blitz|p2a: Indeedee
|-damage|p2a: Indeedee|4/100 brn
|-damage|p1a: Talonflame|78/100|[from] item: Rocky Helmet|[of] p2a: Indeedee
|-damage|p1a: Talonflame|67/100|[from] Recoil
|move|p2a: Indeedee|Psychic|p1b: Excadrill
|-damage|p1b: Excadrill|50/100
|
|-weather|Sandstorm|[upkeep]
|-damage|p1a: Talonflame|61/100|[from] Sandstorm
|-damage|p2b: Sneasler|89/100|[from] Sandstorm
|-damage|p2a: Indeedee|0 fnt|[from] Sandstorm
|faint|p2a: Indeedee
|upkeep
|
|t:|1757912256
|switch|p2a: Espathra|Espathra, L50, M|100/100
|turn|4
|
|t:|1757912272
|switch|p2b: Arcanine|Arcanine-Hisui, L50, M|100/100
|-ability|p2b: Arcanine|Intimidate|boost
|-unboost|p1a: Talonflame|atk|1
|-unboost|p1b: Excadrill|atk|1
|move|p2a: Espathra|Protect|p2a: Espathra
|-singleturn|p2a: Espathra|Protect
|move|p1b: Excadrill|Earthquake|p2b: Arcanine|[spread] p2b
|-activate|p2a: Espathra|move: Protect
|-immune|p1a: Talonflame
|-supereffective|p2b: Arcanine
|-damage|p2b: Arcanine|0 fnt
|faint|p2b: Arcanine
|move|p1a: Talonflame|Flare Blitz|p2a: Espathra
|-activate|p2a: Espathra|move: Protect
|
|-weather|Sandstorm|[upkeep]
|-damage|p1a: Talonflame|55/100|[from] Sandstorm
|-damage|p2a: Espathra|95/100|[from] Sandstorm
|-sideend|p1: sbhaga34|move: Tailwind
|-ability|p2a: Espathra|Speed Boost|boost
|-boost|p2a: Espathra|spe|1
|upkeep
|
|t:|1757912289
|switch|p2b: Sneasler|Sneasler, L50, F|89/100
|turn|5
|
|t:|1757912302
|-terastallize|p2a: Espathra|Psychic
|move|p2b: Sneasler|Protect|p2b: Sneasler
|-singleturn|p2b: Sneasler|Protect
|move|p1b: Excadrill|Earthquake|p2b: Sneasler|[spread] p2a
|-activate|p2b: Sneasler|move: Protect
|-immune|p1a: Talonflame
|-damage|p2a: Espathra|40/100
|move|p2a: Espathra|Expanding Force|p1b: Excadrill|[spread] p1a,p1b
|-damage|p1a: Talonflame|0 fnt
|-damage|p1b: Excadrill|0 fnt
|faint|p1a: Talonflame
|faint|p1b: Excadrill
|-damage|p2a: Espathra|30/100|[from] item: Life Orb
|
|-weather|Sandstorm|[upkeep]
|-damage|p2a: Espathra|24/100|[from] Sandstorm
|-damage|p2b: Sneasler|83/100|[from] Sandstorm
|-fieldend|move: Psychic Terrain
|-ability|p2a: Espathra|Speed Boost|boost
|-boost|p2a: Espathra|spe|1
|upkeep
|-message|sbhaga34 forfeited.
|
|win|pantsuit
|l|☆sbhaga34
|player|p1|
||sbhaga34 is ready for game 2.
||pantsuit is ready for game 2.
|uhtml|next|Next: Game 2 of 3
