|j|☆arcacagne
|j|☆A_TerroneVGC
|html|arcacagneA_TerroneVGC    
|uhtml|bestof|Game 1 of a best-of-3
|t:|1782299517
|gametype|doubles
|player|p1|arcacagne|artist|1133
|player|p2|A_TerroneVGC|101|1205
|gen|9
|tier|[Gen 9 Champions] VGC 2026 Reg M-B (Bo3)
|rated|
|rule|Species Clause: Limit one of each Pokémon
|rule|Item Clause: Limit 1 of each item
|clearpoke
|poke|p1|Swampert, L50, M|
|poke|p1|Pelipper, L50, M|
|poke|p1|Archaludon, L50, F|
|poke|p1|Sinistcha, L50|
|poke|p1|Maushold-Four, L50|
|poke|p1|Gholdengo, L50|
|poke|p2|Swampert, L50, M|
|poke|p2|Gholdengo, L50|
|poke|p2|Archaludon, L50, M|
|poke|p2|Pelipper, L50, M|
|poke|p2|Sinistcha, L50|
|poke|p2|Maushold, L50|
|teampreview|4
|showteam|p1|Swampert||Swampertite|Torrent|HighHorsepower,Protect,IcePunch,WaveCrash|Adamant||M|||50|]Pelipper||SitrusBerry|Drizzle|WeatherBall,Hurricane,WideGuard,Tailwind|Modest||M|||50|]Archaludon||Leftovers|Stamina|FlashCannon,DragonPulse,ElectroShot,Protect|Calm||F|||50|]Sinistcha||KasibBerry|Hospitality|RagePowder,MatchaGotcha,TrickRoom,Protect|Bold|||||50|]Maushold-Four||FocusSash|FriendGuard|FollowMe,SuperFang,RainDance,Protect|Timid|||||50|]Gholdengo||LifeOrb|GoodasGold|MakeItRain,ShadowBall,NastyPlot,Protect|Modest|||||50|
|showteam|p2|Swampert||Swampertite|Torrent|WaveCrash,HighHorsepower,IcePunch,Protect|Adamant||M|||50|]Gholdengo||LifeOrb|GoodasGold|MakeItRain,ShadowBall,NastyPlot,Protect|Timid|||||50|]Archaludon||Leftovers|Stamina|FlashCannon,DragonPulse,ElectroShot,Protect|Modest||M|||50|]Pelipper||SitrusBerry|Drizzle|WeatherBall,Hurricane,Tailwind,WideGuard|Modest||M|||50|]Sinistcha||KasibBerry|Hospitality|MatchaGotcha,RagePowder,TrickRoom,Protect|Bold|||||50|]Maushold||FocusSash|FriendGuard|SuperFang,FollowMe,RainDance,Protect|Timid|||||50|
|c|☆A_TerroneVGC|Impariamo il mirror dai
|c|☆arcacagne|lol
|c|☆arcacagne|glhf
|
|t:|1782299582
|teamsize|p1|4
|teamsize|p2|4
|start
|switch|p1a: Archaludon|Archaludon, L50, F|100/100
|switch|p1b: Maushold|Maushold-Four, L50|100/100
|switch|p2a: Maushold|Maushold, L50|100/100
|switch|p2b: Archaludon|Archaludon, L50, M|100/100
|turn|1
|c|☆A_TerroneVGC|U2
|
|t:|1782299610
|move|p2a: Maushold|Protect|p2a: Maushold
|-singleturn|p2a: Maushold|Protect
|move|p1b: Maushold|Super Fang|p2a: Maushold
|-activate|p2a: Maushold|move: Protect
|move|p2b: Archaludon|Dragon Pulse|p1b: Maushold
|-damage|p1b: Maushold|53/100
|move|p1a: Archaludon|Dragon Pulse|p2a: Maushold
|-activate|p2a: Maushold|move: Protect
|
|upkeep
|turn|2
|
|t:|1782299628
|move|p1b: Maushold|Protect|p1b: Maushold
|-singleturn|p1b: Maushold|Protect
|move|p2a: Maushold|Rain Dance|p2a: Maushold
|-weather|RainDance
|move|p1a: Archaludon|Dragon Pulse|p2a: Maushold
|-damage|p2a: Maushold|58/100
|move|p2b: Archaludon|Electro Shot||[still]
|-prepare|p2b: Archaludon|Electro Shot
|-boost|p2b: Archaludon|spa|1
|-anim|p2b: Archaludon|Electro Shot|p1b: Maushold
|-activate|p1b: Maushold|move: Protect
|
|-weather|RainDance|[upkeep]
|upkeep
|turn|3
|
|t:|1782299644
|move|p2a: Maushold|Follow Me|p2a: Maushold
|-singleturn|p2a: Maushold|move: Follow Me
|move|p1b: Maushold|Super Fang|p2a: Maushold
|-damage|p2a: Maushold|29/100
|move|p2b: Archaludon|Electro Shot||[still]
|-prepare|p2b: Archaludon|Electro Shot
|-boost|p2b: Archaludon|spa|1
|-anim|p2b: Archaludon|Electro Shot|p1b: Maushold
|-damage|p1b: Maushold|0 fnt
|faint|p1b: Maushold
|move|p1a: Archaludon|Electro Shot||[still]
|-prepare|p1a: Archaludon|Electro Shot
|-boost|p1a: Archaludon|spa|1
|-anim|p1a: Archaludon|Electro Shot|p2a: Maushold
|-damage|p2a: Maushold|0 fnt
|faint|p2a: Maushold
|
|-weather|RainDance|[upkeep]
|upkeep
|
|t:|1782299655
|switch|p1b: Swampert|Swampert, L50, M|100/100
|switch|p2a: Swampert|Swampert, L50, M|100/100
|turn|4
|
|t:|1782299683
|detailschange|p2a: Swampert|Swampert-Mega, L50, M
|-mega|p2a: Swampert|Swampert|Swampertite
|detailschange|p1b: Swampert|Swampert-Mega, L50, M
|-mega|p1b: Swampert|Swampert|Swampertite
|move|p2b: Archaludon|Protect|p2b: Archaludon
|-singleturn|p2b: Archaludon|Protect
|move|p1b: Swampert|Wave Crash|p2a: Swampert
|-damage|p2a: Swampert|0 fnt
|faint|p2a: Swampert
|-damage|p1b: Swampert|67/100|[from] Recoil
|move|p1a: Archaludon|Dragon Pulse|p2b: Archaludon
|-activate|p2b: Archaludon|move: Protect
|
|-weather|RainDance|[upkeep]
|upkeep
|
|t:|1782299711
|switch|p2a: Sinistcha|Sinistcha, L50|100/100
|turn|5
|
|t:|1782299734
|switch|p1b: Pelipper|Pelipper, L50, M|100/100
|move|p2b: Archaludon|Dragon Pulse|p1a: Archaludon
|-damage|p1a: Archaludon|37/100
|-ability|p1a: Archaludon|Stamina|boost
|-boost|p1a: Archaludon|def|1
|move|p1a: Archaludon|Electro Shot||[still]
|-prepare|p1a: Archaludon|Electro Shot
|-boost|p1a: Archaludon|spa|1
|-anim|p1a: Archaludon|Electro Shot|p2a: Sinistcha
|-resisted|p2a: Sinistcha|1
|-damage|p2a: Sinistcha|64/100
|move|p2a: Sinistcha|Matcha Gotcha|p1a: Archaludon|[spread] p1a,p1b
|-resisted|p1a: Archaludon|2
|-damage|p1a: Archaludon|31/100
|-heal|p2a: Sinistcha|67/100|[from] drain|[of] p1a: Archaludon
|-damage|p1b: Pelipper|72/100
|-heal|p2a: Sinistcha|80/100|[from] drain|[of] p1b: Pelipper
|-ability|p1a: Archaludon|Stamina|boost
|-boost|p1a: Archaludon|def|1
|
|-weather|RainDance|[upkeep]
|-heal|p1a: Archaludon|37/100|[from] item: Leftovers
|upkeep
|turn|6
|
|t:|1782299759
|move|p1a: Archaludon|Dragon Pulse|p2a: Sinistcha
|-damage|p2a: Sinistcha|7/100
|move|p2b: Archaludon|Electro Shot||[still]
|-prepare|p2b: Archaludon|Electro Shot
|-boost|p2b: Archaludon|spa|1
|-anim|p2b: Archaludon|Electro Shot|p1b: Pelipper
|-supereffective|p1b: Pelipper|2
|-damage|p1b: Pelipper|0 fnt
|faint|p1b: Pelipper
|move|p2a: Sinistcha|Trick Room|p2a: Sinistcha
|-fieldstart|move: Trick Room|[of] p2a: Sinistcha
|
|-weather|none
|-heal|p1a: Archaludon|43/100|[from] item: Leftovers
|upkeep
|
|t:|1782299767
|switch|p1b: Swampert|Swampert-Mega, L50, M|67/100
|turn|7
|
|t:|1782299775
|move|p2a: Sinistcha|Protect|p2a: Sinistcha
|-singleturn|p2a: Sinistcha|Protect
|move|p1b: Swampert|Protect|p1b: Swampert
|-singleturn|p1b: Swampert|Protect
|move|p2b: Archaludon|Dragon Pulse|p1a: Archaludon
|-damage|p1a: Archaludon|0 fnt
|faint|p1a: Archaludon
|
|upkeep
|turn|8
|-message|arcacagne forfeited.
|
|win|A_TerroneVGC
||arcacagne is ready for game 2.
||A_TerroneVGC is ready for game 2.
|uhtml|next|Next: Game 2 of 3
|l|☆A_TerroneVGC
|player|p2|
