|j|☆OdeioPeugeot
|j|☆Prepucio Santos
|html|OdeioPeugeotPrepucio Santos    
|uhtml|bestof|Game 2 of a best-of-3
|t:|1783437117
|gametype|doubles
|player|p1|OdeioPeugeot|swimmer-gen4dp|1255
|player|p2|Prepucio Santos|striker|1309
|gen|9
|tier|[Gen 9 Champions] VGC 2026 Reg M-B (Bo3)
|rated|
|rule|Species Clause: Limit one of each Pokémon
|rule|Item Clause: Limit 1 of each item
|clearpoke
|poke|p1|Scovillain, L50, M|
|poke|p1|Basculegion, L50, M|
|poke|p1|Pelipper, L50, M|
|poke|p1|Archaludon, L50, M|
|poke|p1|Floette-Eternal, L50, F|
|poke|p1|Grimmsnarl, L50, M|
|poke|p2|Incineroar, L50, M|
|poke|p2|Sinistcha-Masterpiece, L50, shiny|
|poke|p2|Floette-Eternal, L50, F|
|poke|p2|Kingambit, L50, F|
|poke|p2|Sneasler, L50, M|
|poke|p2|Delphox, L50, M, shiny|
|teampreview|4
|showteam|p1|Scovillain||Scovillainite|Moody|Overheat,LeechSeed,RagePowder,Protect|Calm||M|||50|]Basculegion||LifeOrb|SwiftSwim|WaveCrash,AquaJet,LastRespects,Protect|Adamant||M|||50|]Pelipper||SitrusBerry|Drizzle|Hurricane,Tailwind,WeatherBall,Protect|Modest||M|||50|]Archaludon||Leftovers|Stamina|ElectroShot,FlashCannon,DragonPulse,Protect|Modest||M|||50|]Floette-Eternal||Floettite|FlowerVeil|Moonblast,DazzlingGleam,LightofRuin,Protect|Modest||F|||50|]Grimmsnarl||LightClay|Prankster|FoulPlay,PartingShot,Reflect,LightScreen|Calm||M|||50|
|showteam|p2|Incineroar||SitrusBerry|Intimidate|FakeOut,PartingShot,ThroatChop,FlareBlitz|Careful||M|||50|]Sinistcha-Masterpiece||KasibBerry|Hospitality|MatchaGotcha,LifeDew,RagePowder,TrickRoom|Bold|||||50|]Floette-Eternal||Floettite|FlowerVeil|Moonblast,DazzlingGleam,CalmMind,Protect|Modest||F|||50|]Kingambit||BlackGlasses|Defiant|KowtowCleave,SuckerPunch,SwordsDance,Protect|Adamant||F|||50|]Sneasler||FocusSash|PoisonTouch|FakeOut,CloseCombat,DireClaw,QuickGuard|Jolly||M|||50|]Delphox||Delphoxite|Blaze|HeatWave,Psyshock,NastyPlot,Protect|Timid||M|||50|
|inactive|Battle timer is ON: inactive players will automatically lose when time's up. (requested by OdeioPeugeot)
|inactive|Prepucio Santos has 60 seconds left.
|
|t:|1783437160
|teamsize|p1|4
|teamsize|p2|4
|start
|switch|p1a: Pelipper|Pelipper, L50, M|100/100
|switch|p1b: Basculegion|Basculegion, L50, M|100/100
|switch|p2a: Incineroar|Incineroar, L50, M|100/100
|switch|p2b: Delphox|Delphox, L50, M, shiny|100/100
|-weather|RainDance|[from] ability: Drizzle|[of] p1a: Pelipper
|-ability|p2a: Incineroar|Intimidate|boost
|-unboost|p1a: Pelipper|atk|1
|-unboost|p1b: Basculegion|atk|1
|turn|1
|
|t:|1783437180
|switch|p1a: Scovillain|Scovillain, L50, M|100/100
|switch|p2a: Sinistcha|Sinistcha-Masterpiece, L50, shiny|100/100
|move|p2b: Delphox|Protect|p2b: Delphox
|-singleturn|p2b: Delphox|Protect
|move|p1b: Basculegion|Wave Crash|p2a: Sinistcha
|-resisted|p2a: Sinistcha|1
|-damage|p2a: Sinistcha|70/100
|-damage|p1b: Basculegion|91/100|[from] Recoil
|-damage|p1b: Basculegion|82/100|[from] item: Life Orb
|
|-weather|RainDance|[upkeep]
|-ability|p1a: Scovillain|Moody|boost
|-boost|p1a: Scovillain|def|2
|-unboost|p1a: Scovillain|atk|1
|upkeep
|turn|2
|inactive|OdeioPeugeot has 30 seconds left.
|
|t:|1783437206
|switch|p2b: Incineroar|Incineroar, L50, M|100/100
|-ability|p2b: Incineroar|Intimidate|boost
|-unboost|p1a: Scovillain|atk|1
|-unboost|p1b: Basculegion|atk|1
|move|p1b: Basculegion|Wave Crash|p2b: Incineroar
|-supereffective|p2b: Incineroar|1
|-damage|p2b: Incineroar|0 fnt
|faint|p2b: Incineroar
|-damage|p1b: Basculegion|49/100|[from] Recoil
|-damage|p1b: Basculegion|40/100|[from] item: Life Orb
|move|p1a: Scovillain|Leech Seed|p2a: Sinistcha
|-immune|p2a: Sinistcha
|move|p2a: Sinistcha|Matcha Gotcha|p1b: Basculegion|[spread] p1a,p1b
|-resisted|p1a: Scovillain|2
|-supereffective|p1b: Basculegion|1
|-damage|p1a: Scovillain|93/100
|-heal|p2a: Sinistcha|73/100|[from] drain|[of] p1a: Scovillain
|-damage|p1b: Basculegion|0 fnt
|-heal|p2a: Sinistcha|97/100|[from] drain|[of] p1b: Basculegion
|faint|p1b: Basculegion
|
|-weather|RainDance|[upkeep]
|-ability|p1a: Scovillain|Moody|boost
|-boost|p1a: Scovillain|def|2
|-unboost|p1a: Scovillain|spa|1
|upkeep
|
|t:|1783437219
|switch|p1b: Pelipper|Pelipper, L50, M|100/100
|switch|p2b: Kingambit|Kingambit, L50, F|100/100
|turn|3
|
|t:|1783437228
|move|p1b: Pelipper|Hurricane|p2a: Sinistcha
|-supereffective|p2a: Sinistcha|1
|-damage|p2a: Sinistcha|0 fnt
|faint|p2a: Sinistcha
|move|p1a: Scovillain|Leech Seed|p2b: Kingambit
|-start|p2b: Kingambit|move: Leech Seed
|move|p2b: Kingambit|Swords Dance|p2b: Kingambit
|-boost|p2b: Kingambit|atk|2
|
|-weather|RainDance|[upkeep]
|-damage|p2b: Kingambit|87/100|[from] Leech Seed|[of] p1a: Scovillain
|-heal|p1a: Scovillain|100/100|[silent]
|-ability|p1a: Scovillain|Moody|boost
|-boost|p1a: Scovillain|spe|2
|-unboost|p1a: Scovillain|spd|1
|upkeep
|
|t:|1783437231
|switch|p2a: Delphox|Delphox, L50, M, shiny|100/100
|turn|4
|
|t:|1783437250
|detailschange|p2a: Delphox|Delphox-Mega, L50, M, shiny
|-mega|p2a: Delphox|Delphox|Delphoxite
|move|p1a: Scovillain|Protect|p1a: Scovillain
|-singleturn|p1a: Scovillain|Protect
|move|p2a: Delphox|Protect|p2a: Delphox
|-singleturn|p2a: Delphox|Protect
|move|p1b: Pelipper|Tailwind|p1b: Pelipper
|-sidestart|p1: OdeioPeugeot|move: Tailwind
|move|p2b: Kingambit|Kowtow Cleave|p1b: Pelipper
|-damage|p1b: Pelipper|0 fnt
|faint|p1b: Pelipper
|
|-weather|RainDance|[upkeep]
|-damage|p2b: Kingambit|75/100|[from] Leech Seed|[of] p1a: Scovillain
|-ability|p1a: Scovillain|Moody|boost
|-boost|p1a: Scovillain|spe|2
|-unboost|p1a: Scovillain|spd|1
|upkeep
|
|t:|1783437261
|switch|p1b: Archaludon|Archaludon, L50, M|100/100
|turn|5
|inactive|OdeioPeugeot has 30 seconds left.
|inactive|OdeioPeugeot has 20 seconds left.
|
|t:|1783437297
|detailschange|p1a: Scovillain|Scovillain-Mega, L50, M
|-mega|p1a: Scovillain|Scovillain|Scovillainite
|move|p1a: Scovillain|Rage Powder|p1a: Scovillain
|-singleturn|p1a: Scovillain|move: Rage Powder
|move|p1b: Archaludon|Electro Shot||[still]
|-prepare|p1b: Archaludon|Electro Shot
|-boost|p1b: Archaludon|spa|1
|-anim|p1b: Archaludon|Electro Shot|p2b: Kingambit
|-damage|p2b: Kingambit|16/100
|move|p2a: Delphox|Nasty Plot|p2a: Delphox
|-boost|p2a: Delphox|spa|2
|move|p2b: Kingambit|Kowtow Cleave|p1a: Scovillain
|-damage|p1a: Scovillain|61/100
|-status|p2b: Kingambit|brn|[from] ability: Spicy Spray|[of] p1a: Scovillain
|
|-weather|none
|-damage|p2b: Kingambit|4/100 brn|[from] Leech Seed|[of] p1a: Scovillain
|-heal|p1a: Scovillain|75/100|[silent]
|-damage|p2b: Kingambit|0 fnt|[from] brn
|faint|p2b: Kingambit
|upkeep
|turn|6
|
|t:|1783437322
|move|p2a: Delphox|Protect|p2a: Delphox
|-singleturn|p2a: Delphox|Protect
|move|p1a: Scovillain|Leech Seed|p2a: Delphox
|-activate|p2a: Delphox|move: Protect
|move|p1b: Archaludon|Dragon Pulse|p2a: Delphox
|-activate|p2a: Delphox|move: Protect
|
|upkeep
|turn|7
|
|t:|1783437331
|move|p1a: Scovillain|Overheat|p2a: Delphox
|-resisted|p2a: Delphox|1
|-damage|p2a: Delphox|81/100
|-unboost|p1a: Scovillain|spa|2
|move|p1b: Archaludon|Dragon Pulse|p2a: Delphox
|-damage|p2a: Delphox|26/100
|move|p2a: Delphox|Heat Wave|p1b: Archaludon|[spread] p1a,p1b
|-damage|p1a: Scovillain|0 fnt
|-damage|p1b: Archaludon|3/100
|-immune|p2a: Delphox
|-ability|p1b: Archaludon|Stamina|boost
|-boost|p1b: Archaludon|def|1
|faint|p1a: Scovillain
|
|-heal|p1b: Archaludon|10/100|[from] item: Leftovers
|-sideend|p1: OdeioPeugeot|move: Tailwind
|upkeep
|turn|8
|
|t:|1783437342
|move|p2a: Delphox|Psyshock|p1b: Archaludon
|-resisted|p1b: Archaludon|1
|-damage|p1b: Archaludon|0 fnt
|faint|p1b: Archaludon
|
|win|Prepucio Santos
