|j|☆sam0el
|j|☆Zane1571
|html|sam0elZane1571    
|uhtml|bestof|Game 1 of a best-of-3
|t:|1757845660
|gametype|doubles
|player|p1|sam0el|veteran|1099
|player|p2|Zane1571|red|1153
|gen|9
|tier|[Gen 9] VGC 2025 Reg H (Bo3)
|rated|
|rule|Species Clause: Limit one of each Pokémon
|rule|Item Clause: Limit 1 of each item
|clearpoke
|poke|p1|Indeedee-F, L50, F|
|poke|p1|Gallade, L50, M|
|poke|p1|Ludicolo, L50, F|
|poke|p1|Pelipper, L50, M|
|poke|p1|Basculegion, L50, M|
|poke|p1|Torkoal, L50, M|
|poke|p2|Pelipper, L50, F|
|poke|p2|Archaludon, L50, F|
|poke|p2|Sneasler, L50, M|
|poke|p2|Basculegion, L50, M|
|poke|p2|Kingambit, L50, F|
|poke|p2|Amoonguss, L50, F|
|teampreview|4
|showteam|p1|Indeedee-F||PsychicSeed|PsychicSurge|FollowMe,HelpingHand,TrickRoom,HealPulse|||F|||50|,,,,,Water]Gallade||ClearAmulet|Sharpness|SacredSword,PsychoCut,WideGuard,TrickRoom|||M|||50|,,,,,Grass]Ludicolo||LifeOrb|SwiftSwim|GigaDrain,IceBeam,Surf,FakeOut|||F|||50|,,,,,Water]Pelipper||SitrusBerry|Drizzle|WeatherBall,Hurricane,Tailwind,Protect|||M|||50|,,,,,Grass]Basculegion||ChoiceScarf|Adaptability|AquaJet,FlipTurn,WaveCrash,LastRespects|||M|||50|,,,,,Water]Torkoal||ChoiceSpecs|Drought|Eruption,HeatWave,WeatherBall,EarthPower|||M|||50|,,,,,Fire
|showteam|p2|Pelipper||CovertCloak|Drizzle|Tailwind,WeatherBall,Hurricane,WideGuard|||F|||50|,,,,,Ground]Archaludon||AssaultVest|Stalwart|ElectroShot,Snarl,FlashCannon,DragonPulse|||F|||50|,,,,,Electric]Sneasler||FocusSash|Unburden|CloseCombat,DireClaw,ThroatChop,FakeOut|||M|||50|,,,,,Dark]Basculegion||ChoiceBand|SwiftSwim|WaveCrash,LastRespects,AquaJet,FlipTurn|||M|||50|,,,,,Ghost]Kingambit||BlackGlasses|Defiant|Protect,KowtowCleave,SuckerPunch,LowKick|||F|||50|,,,,,Dark]Amoonguss||RockyHelmet|Regenerator|Spore,RagePowder,SludgeBomb,Protect|||F|||50|,,,,,Dark
|inactive|Battle timer is ON: inactive players will automatically lose when time's up. (requested by Zane1571)
|inactive|sam0el has 60 seconds left.
|inactive|Zane1571 has 60 seconds left.
|
|t:|1757845705
|teamsize|p1|4
|teamsize|p2|4
|start
|switch|p1a: Indeedee|Indeedee-F, L50, F|100/100
|switch|p1b: Gallade|Gallade, L50, M|100/100
|switch|p2a: Amoonguss|Amoonguss, L50, F|100/100
|switch|p2b: Kingambit|Kingambit, L50, F|100/100
|-fieldstart|move: Psychic Terrain|[from] ability: Psychic Surge|[of] p1a: Indeedee
|-enditem|p1a: Indeedee|Psychic Seed
|-boost|p1a: Indeedee|spd|1|[from] item: Psychic Seed
|turn|1
|inactive|sam0el has 30 seconds left.
|inactive|sam0el has 20 seconds left.
|inactive|sam0el has 15 seconds left.
|
|t:|1757845745
|move|p2b: Kingambit|Protect|p2b: Kingambit
|-singleturn|p2b: Kingambit|Protect
|move|p2a: Amoonguss|Protect|p2a: Amoonguss
|-singleturn|p2a: Amoonguss|Protect
|move|p1b: Gallade|Psycho Cut|p2a: Amoonguss
|-activate|p2a: Amoonguss|move: Protect
|move|p1a: Indeedee|Trick Room|p1a: Indeedee
|-fieldstart|move: Trick Room|[of] p1a: Indeedee
|
|upkeep
|turn|2
|inactive|sam0el has 30 seconds left.
|
|t:|1757845778
|switch|p1a: Torkoal|Torkoal, L50, M|100/100
|-weather|SunnyDay|[from] ability: Drought|[of] p1a: Torkoal
|-terastallize|p1b: Gallade|Grass
|move|p2a: Amoonguss|Spore|p1b: Gallade
|-immune|p1b: Gallade
|move|p2b: Kingambit|Kowtow Cleave|p1a: Torkoal
|-damage|p1a: Torkoal|54/100
|move|p1b: Gallade|Sacred Sword|p2b: Kingambit
|-supereffective|p2b: Kingambit
|-damage|p2b: Kingambit|0 fnt
|faint|p2b: Kingambit
|
|-weather|SunnyDay|[upkeep]
|upkeep
|
|t:|1757845793
|switch|p2b: Sneasler|Sneasler, L50, M, shiny|100/100
|turn|3
|
|t:|1757845817
|-terastallize|p2a: Amoonguss|Dark
|move|p1a: Torkoal|Heat Wave|p2b: Sneasler|[spread] p2a,p2b
|-damage|p2a: Amoonguss|40/100
|-damage|p2b: Sneasler|10/100
|move|p2a: Amoonguss|Spore|p1a: Torkoal
|-status|p1a: Torkoal|slp|[from] move: Spore
|move|p1b: Gallade|Psycho Cut|p2a: Amoonguss
|-immune|p2a: Amoonguss
|move|p2b: Sneasler|Dire Claw|p1b: Gallade
|-supereffective|p1b: Gallade
|-damage|p1b: Gallade|0 fnt
|faint|p1b: Gallade
|
|-weather|SunnyDay|[upkeep]
|upkeep
|
|t:|1757845834
|switch|p1b: Indeedee|Indeedee-F, L50, F|100/100
|turn|4
|
|t:|1757845842
|cant|p1a: Torkoal|slp
|move|p2a: Amoonguss|Spore|p1b: Indeedee
|-status|p1b: Indeedee|slp|[from] move: Spore
|cant|p1b: Indeedee|slp
|move|p2b: Sneasler|Close Combat|p1a: Torkoal
|-damage|p1a: Torkoal|7/100 slp
|-unboost|p2b: Sneasler|def|1
|-unboost|p2b: Sneasler|spd|1
|
|-weather|SunnyDay|[upkeep]
|upkeep
|turn|5
|
|t:|1757845860
|move|p2a: Amoonguss|Protect|p2a: Amoonguss
|-singleturn|p2a: Amoonguss|Protect
|-curestatus|p1a: Torkoal|slp|[msg]
|move|p1a: Torkoal|Heat Wave|p2a: Amoonguss|[spread] p2b
|-activate|p2a: Amoonguss|move: Protect
|-damage|p2b: Sneasler|0 fnt
|faint|p2b: Sneasler
|-curestatus|p1b: Indeedee|slp|[msg]
|move|p1b: Indeedee|Heal Pulse|p1a: Torkoal
|-heal|p1a: Torkoal|57/100
|
|-weather|SunnyDay|[upkeep]
|-fieldend|move: Trick Room
|-fieldend|move: Psychic Terrain
|upkeep
|
|t:|1757845869
|switch|p2b: Basculegion|Basculegion, L50, M, shiny|100/100
|turn|6
|
|t:|1757845883
|move|p1b: Indeedee|Follow Me|p1b: Indeedee
|-singleturn|p1b: Indeedee|move: Follow Me
|move|p2b: Basculegion|Wave Crash|p1b: Indeedee
|-damage|p1b: Indeedee|60/100
|-damage|p2b: Basculegion|88/100|[from] Recoil
|move|p2a: Amoonguss|Spore|p1b: Indeedee
|-status|p1b: Indeedee|slp|[from] move: Spore
|move|p1a: Torkoal|Heat Wave|p2a: Amoonguss|[spread] p2a,p2b
|-resisted|p2b: Basculegion
|-damage|p2a: Amoonguss|0 fnt
|-damage|p2b: Basculegion|49/100
|faint|p2a: Amoonguss
|
|-weather|none
|upkeep
|turn|7
|
|t:|1757845904
|move|p2b: Basculegion|Wave Crash|p1a: Torkoal
|-supereffective|p1a: Torkoal
|-damage|p1a: Torkoal|0 fnt
|faint|p1a: Torkoal
|-damage|p2b: Basculegion|32/100|[from] Recoil
|cant|p1b: Indeedee|slp
|
|upkeep
|
|t:|1757845912
|switch|p1a: Basculegion|Basculegion, L50, M|100/100
|turn|8
|
|t:|1757845922
|cant|p1b: Indeedee|slp
|move|p1a: Basculegion|Last Respects|p2b: Basculegion
|-supereffective|p2b: Basculegion
|-damage|p2b: Basculegion|0 fnt
|faint|p2b: Basculegion
|
|win|sam0el
|l|☆Zane1571
|player|p2|
||Zane1571 is ready for game 2.
|inactive|sam0el has 30 seconds to confirm battle start!
||sam0el is ready for game 2.
|uhtml|next|Next: Game 2 of 3
